4074 6304
160 380 243 434 Nl
1243 369 1600 427 EXPOSITIO
1637 368 1704 423 IN

1805 365 2067 424 SALMUM
2105 364 2290 420 XXlll.
3263 363 3360 419 142

219 495 464 550 Psalmus
492 503 676 548 autem
705 492 791 546 hic
818 490 1202 546 consecutione
1233 487 1468 558 quadam
1501 487 1760 541 vicesimo
1789 483 2028 538 secundo
2057 483 2292 552 prmponi
2326 480 2554 535 debebat
2581 498 2591 531 :
2630 486 2712 533 est
2738 479 2879 532 enim
2912 479 2979 534 ad
3011 495 3196 536 eorum
3223 498 3360 538 ctut-

157 589 466 645 solationcm
505 586 700 649 lactus,
736 585 828 654 qui
865 585 919 638 in
953 583 1265 638 servitutem
1304 581 1653 652 Babyloniam
1697 579 2138 643 adducebantur;
2171 577 2258 630 ille
2301 585 2478 631 autem
2512 574 2578 628 ad
2607 587 2701 628 eos
2729 573 2904 629 dictus
2937 585 3021 630 est
3057 580 3149 646 qui
3188 579 3256 634 ab
3294 596 3358 634 ea

156 683 564 739 reducebantur.
606 679 805 734 Verum
833 676 1322 750 (quemadmodum
1364 677 1518 730 initio
1542 675 1815 740 diximus)
1847 687 1956 727 non
2007 670 2297 727 ordinatim
2347 670 2505 740 positi
2538 669 2728 739 psalmi
2761 678 2908 739 sunt,
2942 673 3032 728 sed
3065 684 3124 728 ut
3159 675 3358 731 inventi

155 785 289 831 sunt.
319 774 460 829 Cum
495 775 694 828 videret
728 787 857 844 ergo
890 773 1077 827 beatus
1101 769 1268 825 David
1294 771 1528 840 graviter
1559 769 1784 825 amictus
1813 783 1908 824 eos
1930 768 2024 839 qui
2054 767 2248 838 captivi
2277 766 2630 829 ducebantur,
2652 775 2930 836 propterea
2954 769 3098 839 quod
3125 771 3357 840 patrium

156 868 322 922 solum
351 877 404 920 et
437 865 711 936 proprium
742 863 999 934 templum
1028 862 1427 931 relinquebant,
1458 861 1670 930 longius
1699 870 1945 931 repetens
1981 860 2126 929 ipsos
2156 857 2468 914 consolatur
2507 857 2692 914 dicens
2718 876 2731 912 :
2765 856 2843 913 Ne
2880 874 3020 930 aegre
3055 858 3238 916 feratis
3260 861 3361 915 Ba-

155 962 342 1032 bylona
373 981 388 1016 :
418 977 542 1016 nam
567 962 612 1017 si
642 963 867 1016 honeste
897 968 947 1014 et
970 973 1093 1014 cum
1119 959 1315 1012 virtute
1345 957 1606 1023 vixeritis,
1632 966 1688 1012 et
1710 955 1952 1012 studiose
1976 955 2147 1010 bonos
2168 969 2348 1010 mores
2366 953 2490 1009 vita:
2511 952 2887 1024 quaesiveritis,
2907 954 2980 1009 ibi
3004 955 3165 1013 etiam
3193 955 3358 1012 Deum

156 1046 460 1120 invenietis,
500 1053 936 1125 quandoquidem
971 1051 1154 1105 omnia
1178 1066 1274 1106 sua
1306 1059 1452 1115 sunt,
1482 1059 1538 1106 et
1565 1051 1618 1105 in
1652 1065 1814 1105 manu
1841 1050 1959 1120 ejus
1991 1057 2117 1104 sunt
2142 1062 2331 1104 omnes
2365 1047 2501 1102 ﬁnes
2527 1057 2700 1101 terrae.

219 1148 333 1202 τοῦ
376 1150 594 1217 Κυρίου
633 1150 670 1215 ἡ
714 1146 789 1216 τῆ
827 1147 921 1199 καὶ
952 1144 1017 1199 τὸ
1048 1143 1330 1214 πλήρωμα
1368 1144 1575 1214 αὐτῆς.
1603 1145 1710 1216 Τὴν

1885 1142 2094 1196 Domini
2123 1151 2199 1196 est
2231 1151 2370 1195 terra
2389 1150 2437 1195 et
2465 1141 2731 1210 plenitudo
2763 1141 2895 1212 ejus.
2924 1141 3081 1198 Hisce
3109 1144 3361 1214 pradicat

154 1235 430 1306 βασιλείαν
461 1237 528 1308 ἣν
576 1237 888 1291 ἐϐασίλευσε
931 1235 1040 1289 τῶν
1089 1233 1256 1288 ἐθνῶν
1302 1235 1642 1306 ἐπιδημήσας
1682 1238 1710 1289 ὁ

1812 1250 2038 1306 regnum
2065 1231 2324 1303 unigeniti
2356 1231 2448 1286 Dei
2477 1230 2637 1288 Verbi
2671 1232 2724 1287 in
2749 1249 2939 1290 omnes
2959 1243 3163 1304 gentes.

157 1329 450 1400 μονογενὴς
490 1328 581 1382 τοῦ
610 1327 746 1382 Θεοῦ
776 1329 947 1398 Λέγος
969 1367 984 1392 ,
1029 1327 1114 1380 διὰ
1155 1325 1262 1378 τῶν
1291 1327 1568 1397 παρόντων
1610 1343 1710 1398 κη-

157 1437 350 1487 pus-tet.

216 1513 416 1578 Αὐτὸς
446 1513 543 1566 ἐπὶ
581 1511 906 1568 θαλασσῶν
938 1515 1328 1584 ἑθεμελίωσεν
1364 1512 1572 1580 αὑτήν.
1595 1512 1712 1566 ’Ὶνα

156 1605 222 1673 μή
249 1620 339 1667 τις
373 1604 482 1656 τῶν
512 1604 720 1676 ἐχθρῶν
744 1604 870 1677 δόξῃ
906 1600 1044 1658 εἶναι
1079 1606 1176 1676 μὲν
1206 1606 1302 1678 τὴν
1336 1607 1437 1678 γῆν
1476 1604 1569 1658 τοῦ
1605 1605 1710 1658 Σα-

152 1695 304 1759 τανᾶ,
329 1694 449 1747 νυνὶ
483 1694 540 1748 δὲ
569 1696 737 1766 αὐτῆς
777 1695 1092 1766 βασιλεῦσαι
1121 1699 1210 1752 τὸν
1241 1699 1484 1770 Χριστὸν.
1523 1695 1710 1749 τούτου

152 1784 308 1854 χάριν
341 1785 435 1838 τὸν
461 1787 691 1858 Χριστὸν
717 1786 887 1855 αὐτῆς
915 1786 1142 1858 ποιητὴν
1176 1787 1570 1851 ἀποδείκνυσιν,
1598 1785 1711 1855 ἅμα

150 1874 201 1928 δὲ
225 1879 321 1930 καὶ
344 1878 447 1948 τὴν
488 1877 712 1950 δύναμιν
741 1878 902 1930 αὐτοῦ
931 1877 1120 1950 δηλοῖ,
1153 1879 1292 1932 ὥστε
1330 1879 1580 1932 τοσοῦτον
1619 1877 1713 1949 μὲ-

152 1968 306 2034 γεθος
359 1970 462 2039 τῆς
510 1971 610 2042 γῆς
652 1972 744 2024 ἐπὶ
794 1970 996 2024 ὑδάτων
1042 1971 1414 2045 στηριχθῆναι.
1463 1972 1569 2025 Καὶ
1614 1971 1712 2023 ἐπὶ

1877 1500 1931 1554 2.
1971 1499 2090 1569 Ipse
2115 1516 2266 1569 super
2293 1503 2461 1555 maria
2491 1503 2727 1571 [tendarit
2754 1518 2890 1559 eum.
2929 1500 3007 1558 Ne
3032 1505 3156 1574 quis
3180 1519 3246 1561 ex
3268 1507 3360 1560 ad-

1811 1594 2060 1648 versariis
2087 1603 2300 1663 putaret
2327 1602 2521 1648 terram
2560 1592 2772 1650 Satanae
2801 1609 2938 1661 esse,
2959 1595 3070 1665 jam
3105 1610 3232 1651 vero
3257 1596 3355 1667 ipsi

1810 1686 2078 1742 dominari
2098 1687 2397 1752 Christum,
2426 1686 2586 1756 hujus
2615 1688 2784 1752 gratia
2813 1686 3088 1742 Christum
3111 1687 3228 1756 ejus
3243 1689 3359 1758 opi-

1811 1778 1964 1834 licem
1989 1779 2248 1842 declarat,
2279 1787 2333 1832 et
2357 1794 2462 1832 una
2485 1787 2808 1848 potestatem
2832 1779 2950 1848 ejus
2974 1779 3228 1846 ostendit,
3253 1765 3359 1849 qu'a

1812 1880 2015 1927 tantam
2050 1883 2204 1926 terra:
2225 1871 2418 1926 molem
2452 1886 2613 1940 super
2638 1885 2806 1941 aquas
2838 1869 3098 1924 fundavit.
3118 1869 3185 1923 Et
3209 1859 3361 1939 stter

1809 1964 2032 2032 ﬂumina
2056 1965 2370 2031 prwpararit
2391 1979 2528 2016 eum.
2551 1963 2606 2016 ld
2621 1969 2726 2027 est,
2751 1961 3114 2018 concinnavit.

151 2057 429 2126 ποταμῶν
476 2060 800 2129 ἡτοίμασεν
864 2059 1072 2128 αὑτήν.
1133 2062 1274 2115 Ἀντὶ
1346 2061 1440 2115 τοῦ
1466 2101 1481 2126 ,
1541 2060 1713 2114 διεκὸ-

153 2160 254 2218 σμη
263 2165 376 2204 cev.

217 2195 377 2311 [:l‘dte
403 2241 510 2312 γὰρ
536 2242 694 2313 ἕδραν
723 2244 756 2314 ἠ
799 2243 1090 2314 Ἐκκλησία
1130 2245 1416 2315 λαμϐάνει,
1437 2245 1562 2298 ὅταν
1596 2262 1710 2315 τρι-

1880 2238 2058 2312 [Tunc
2081 2240 2223 2296 enim
2276 2257 2484 2298 .cc.csta
2509 2242 2829 2298 soliditatem
2856 2241 3075 2312 accipit,
3102 2255 3225 2296 cum
3255 2241 3358 2296 llu-

151 2333 358 2402 κυμιῶν
394 2333 808 2406 προσϐαλουσῶν
827 2375 842 2398 ,
873 2335 1120 2398 ἄπιστος
1151 2335 1400 2408 διαμείνῃ
1447 2335 1586 2389 κατὰ
1616 2337 1710 2407 τὴν

1810 2330 1988 2386 ctibus
2025 2346 2089 2387 ac
2117 2333 2526 2402 tempestatibus
2577 2333 2817 2403 impetita
2855 2332 3150 2388 immobilis
3174 2333 3228 2386 in
3255 2332 3360 2388 ﬁde

149 2423 327 2476 πίστιν
347 2465 366 2491 ,
390 2426 502 2479 Kal
530 2425 627 2479 ἐπὶ
665 2426 942 2497 ποταμῶν
964 2443 976 2456 ⁸
1008 2426 1146 2480 ὥστε
1175 2429 1269 2481 καὶ
1307 2426 1581 2496 ποταμοὺς
1613 2427 1710 2490 τὰς

1810 2435 2147 2494 perseverat:
2185 2423 2251 2478 Et
2280 2441 2431 2494 super
2449 2425 2708 2494 ﬂumina;
2740 2425 2812 2480 ita
2842 2432 2903 2479 ut
2928 2425 3045 2480 sine
3072 2425 3228 2480 obice
3255 2424 3360 2480 llu—

149 2513 413 2580 διεξὸδους
436 2517 725 2582 ἀκωλύτως
755 2520 1039 2584 ποιεῖσθαι,
1063 2518 1162 2590 ὅρη
1189 2536 1248 2572 τε
1283 2519 1376 2572 καὶ
1401 2518 1536 2590 ἄλση
1567 2519 1710 2589 ζωῆς

1812 2515 1957 2570 mina
1978 2515 2154 2572 exitus
2183 2518 2476 2586 reperiant,
2501 2528 2715 2573 montes
2747 2526 2801 2572 et
2825 2517 2973 2572 silva:
3014 2517 3084 2572 ab
3115 2517 3363 2572 animan-

149 2605 558 2677 ἀπονέμεαθαι,
595 2607 776 2679 χώρας
820 2610 914 2662 καὶ
962 2609 1214 2673 πεδιάδας
1264 2610 1343 2673 εἰς
1390 2610 1564 2673 οἰκίας
1614 2612 1706 2663 καὶ

1812 2607 1957 2664 tibus
1985 2608 2314 2675 incolantur,
2348 2613 2459 2681 agri
2485 2621 2539 2666 et
2564 2610 2810 2681 planities
2846 2611 2899 2664 in
2932 2611 3124 2665 domos
3145 2619 3197 2664 et
3216 2611 3362 2680 agri-

151 2697 422 2765 γεωργίας
449 2695 752 2768 ἀνθρώποις
783 2698 1136 2771 ἀφωρίσθαι]

1810 2699 2080 2754 culturam
2113 2702 2426 2756 hominibus
2458 2700 2831 2773 seponantur.]

220 2786 319 2849 Τις
362 2784 727 2850 ἀναϐήσεται
780 2789 868 2852 εις
909 2787 973 2839 τὸ
1018 2787 1155 2854 ὅρος
1193 2787 1300 2842 τοῦ
1346 2789 1564 2856 Κυρίου
1599 2788 1709 2858 (8);

150 2874 300 2928 Μετὰ
330 2874 394 2927 τὺ
419 2875 669 2929 ἐκθέσθαι
697 2877 796 2947 τὴν
821 2878 1022 2939 πίστιν,
1053 2878 1145 2932 καὶ
1168 2878 1342 2950 ἔργων
1370 2879 1712 2945 διδασκαλίας

151 2963 444 3034 ιξηγεῖται,
470 2965 557 3019 ἵνα
586 2966 652 3019 δι’
682 2967 1005 3041 ἀμφοτέρων
1030 2969 1131 3039 τῆς
1159 2969 1326 3033 ὅντως
1354 2970 1711 3041 κληρονομίας

149 3053 494 3125 ἐπιτύχωμεν
524 3056 573 3108 oi
603 3055 908 3120 ἀκούοντες.

233 3142 438 3209 Ἅθῶος
463 3145 634 3214 χερσὶ
656 3145 754 3200 καὶ
777 3146 1033 3216 καθαρὸς
1056 3146 1131 3216 τῇ
1162 3147 1393 3217 καρδίᾳ.
1423 3150 1556 3222 Περὶ
1589 3150 1712 3204 τού-

150 3248 240 3285 του
271 3233 486 3302 εἴρηται
523 3236 581 3287 ὲν
618 3234 697 3304 τῷ
734 3238 1302 3310 τεσσαρεσκαιδεκάτῳ
1344 3239 1558 3311 ψαλμῷ.
1609 3244 1712 3307 Ὃς

150 3326 259 3378 οὐκ
289 3324 508 3379 ἐλαϐεν
539 3325 637 3379 ἐπὶ
674 3327 902 3395 ματαίῳ
940 3325 1055 3395 τὴν
1101 3328 1312 3399 ψυχὴν
1339 3330 1546 3386 αὑτοῦ.
1589 3332 1710 3384 Μαι

149 3415 368 3470 ταίωσιν
394 3416 493 3488 τὴν
522 3417 964 3491 ὑψηλοιρροσύνην
1005 3420 1158 3492 φησί.
1191 3421 1302 3476 Καὶ
1335 3425 1446 3476 οὐκ
1473 3422 1711 3493 ὤμοσεν

149 3505 246 3562 ἀπὶ
273 3507 433 3573 δόλῳ
453 3508 534 3574 τῷ
557 3511 822 3577 πλησίον
857 3512 1064 3566 αὑτοῦ.

221 3592 410 3662 οὗτος
442 3597 701 3666 λήψεται
742 3601 1042 3669 εὐλογίαν.
1073 3602 1178 3656 Τὸν
1216 3602 1453 3657 τοιοῦτον
1488 3605 1712 3676 γενόμε-

150 3703 238 3740 νον
276 3687 451 3741 ἀθῶον
503 3689 660 3760 χερσὶ
702 3691 794 3744 καὶ
827 3689 1064 3763 καθαρὸν
1105 3695 1173 3762 τῇ
1217 3694 1448 3765 καρδίᾳ,
1491 3696 1586 3747 καὶ
1617 3697 1709 3750 ἐπὶ

148 3777 284 3850 δόλῳ
309 3779 384 3852 μὴ
413 3779 687 3852 ὠμοκύτα,
713 3782 1051 3853 ὑπισχνεῖται
1079 3783 1177 3847 τὰς
1203 3785 1352 3856 παρὰ
1383 3785 1516 3838 Θεοῦ
1547 3785 1710 3857 ληψό-

153 3887 312 3942 μενον
330 3872 561 3944 δωρεὰς,
588 3873 709 3944 ἦτοι
731 3873 979 3942 εὐλογίαν
1003 3875 1099 3928 καὶ
1126 3874 1290 3940 ἕλεος.

221 4045 378 4114 Αὕτη
420 4046 460 4114 ἡ
516 4047 690 4116 γενεὰ
728 4047 1057 4116 ζητούντων
1112 4050 1220 4105 τὸν
1255 4055 1490 4121 Κύριον.
1537 4056 1599 4108 'H
1644 4056 1712 4111 τὰ

151 4137 520 4210 προειρημένα
547 4137 829 4210 φυλάξασα
842 4140 1014 4209 γενεά
1037 4158 1218 4215 φησιν.

227 4228 425 4298 Ἄρατε
447 4230 676 4296 πύλας,
699 4232 754 4283 ol
774 4229 1081 4300 αρχοντες,
1110 4231 1293 4303 ὑμῶν.
1315 4234 1376 4288 οι
1405 4233 1712 4290 διακονοῦν-

152 4333 241 4381 τες
264 4318 340 4388 τῷ
377 4319 592 4392 Σωτῆρι
618 4320 710 4374 ἐπὶ
743 4321 844 4391 γῆς
885 4321 1104 4390 ἄγγελοι
1133 4363 1149 4386 ,
1192 4325 1709 4398 ἀναλαμϐανομὲνου

153 4404 345 4471 αὑτοῦ,
389 4409 512 4471 ταῖς
551 4409 826 4480 οὐρανίαις
875 4410 1134 4484 δυνάμεσι
1178 4413 1428 4485 δηλοῦσιν
1472 4417 1711 4486 ἀνοίγειν

151 4495 248 4559 τὰς
272 4497 463 4563 πύλας.

223 4585 454 4659 [Κύριος
486 4594 763 4662 κραταιὸς
798 4595 896 4650 καὶ
925 4594 1203 4663 δυνατός.
1229 4595 1537 4664 Ξενίζονται
1566 4600 1624 4654 δὲ
1655 4603 1710 4656 at

152 4676 400 4750 δυνάμεις
417 4723 433 4750 ,
481 4684 684 4756 ὁρῶσαι
727 4687 864 4758 μετὰ
893 4687 1092 4760 σαρκὸς
1121 4688 1283 4743 αὑτὸν
1311 4689 1711 4763 ἑμψνχωμένης

151 4765 323 4841 ψυχῆς
341 4775 554 4843 νοερᾶς.
578 4775 661 4830 διὸ
687 4777 780 4831 καὶ
811 4778 1218 4851 πυνθάνονται.]

228 4963 317 5028 τίς
349 4963 520 5018 ἐστιν
547 4959 723 5030 οὗτος
746 4966 780 5019 ό
814 4964 1113 5033 ,βασιλεὺς
1151 4965 1262 5035 τῆς
1285 4965 1506 5033 δόξηςὶ
1544 4965 1712 5037 Ἐρω-

155 5051 313 5106 τῶσιν
335 5055 390 5108 αἱ
416 5054 528 5108 ἂνω
560 5052 838 5124 δυνάμεις,
864 5054 926 5108 τὸ
946 5052 1250 5126 παράδοξον
1273 5055 1372 5124 τῆς
1399 5052 1709 5123 οἰκονομίας

1879 2792 1933 2848 ’5.
1978 2792 2106 2859 Quis
2155 2795 2396 2848 ascendet
2427 2795 2480 2848 in
2531 2804 2755 2848 montem
2785 2793 3040 2849 Domini?
3069 2793 3360 2866 Postquam

1811 2877 1966 2933 ﬁdem
1994 2880 2262 2950 exposuit,
2295 2879 2404 2949 jam
2429 2894 2652 2950 operum
2685 2880 2988 2935 doctrinam
3026 2891 3263 2947 enarrat,
3305 2893 3363 2937 ut

1809 2979 2075 3040 quotquot
2131 2972 2462 3026 audierimus
2516 2979 2570 3026 et
2621 2971 3208 3042 ohtemperaverimus,
3265 2989 3361 3043 per

1810 3069 2117 3131 utramque,
2149 3076 2331 3115 veram
2357 3061 2722 3117 hereditatem
2752 3063 3154 3146 nanci:camur.

1878 3152 1931 3208 4.
1964 3150 2220 3206 Innocens
2252 3153 2491 3207 manibus
2537 3162 2584 3207 et
2616 3155 2810 3207 mundo
2847 3154 3020 3208 corde.
3065 3153 3174 3210 Hac
3212 3155 3278 3211 de
3305 3171 3364 3211 re

1810 3243 2012 3298 dictum
2037 3243 2137 3299 fuit
2164 3244 2216 3299 in
2239 3245 2451 3301 decimo
2481 3255 2676 3318 quarto
2704 3246 2932 3316 psalmo.
2971 3244 3073 3312 Qui
3100 3263 3199 3302 non
3225 3265 3366 3305 acce-

1808 3327 1886 3396 pit
1915 3329 1974 3382 in
2002 3346 2134 3382 vano
2165 3331 2397 3384 animam
2434 3350 2605 3390 suam.
2633 3333 2960 3401 Vanitatem,
2991 3335 3044 3389 id
3070 3347 3151 3392 est
3171 3353 3362 3409 super-

1811 3419 1976 3476 biam.
2013 3420 2123 3476 Nec
2139 3423 2343 3494 juravit
2380 3425 2434 3479 in
2461 3425 2582 3480 dolo
2605 3429 2846 3496 proximo
2875 3445 2992 3486 suo.

1872 3596 1934 3651 -5,
1958 3595 2056 3650 Hic
2081 3597 2296 3667 accipiet
2327 3597 2731 3654 benedictionem
2758 3617 2790 3655 a
2809 3600 3050 3670 Domino,
3078 3611 3181 3660 etc.
3205 3605 3366 3675 Ejus-

1811 3686 1956 3741 modi
1984 3686 2254 3744 hominem
2290 3690 2383 3759 qui
2409 3689 2573 3745 l'uerit
2612 3691 2873 3749 innocens
2905 3695 3178 3763 manibus,
3203 3697 3366 3752 cordo

1812 3777 2067 3845 mundus,
2097 3793 2196 3834 nec
2237 3793 2360 3834 cum
2409 3778 2834 3850 dolojuraverit,
2875 3783 3158 3853 pollicetur
3191 3800 3220 3840 a
3253 3785 3365 3841 Deo

1739 3852 1782 3910 C
1812 3864 1973 3922 donis
2013 3867 2489 3933 remunerandum,
2518 3869 2723 3926 scilicet
2769 3852 3143 3928 benedictione
3171 3885 3225 3928 et
3264 3877 3366 3928 uti.

1813 3955 2129 4011 sericordia.

1887 4045 1948 4099 6.-
1971 4045 2097 4100 licet:
2124 4057 2202 4101 est
2230 4050 2492 4119 generatio
2517 4052 2862 4121 querentium
2900 4053 3203 4112 Dominum.
3234 4056 3364 4126 Qum

1812 4135 2018 4191 scilicet
2043 4138 2206 4206 prius-
2219 4150 2517 4196 memorata
2536 4143 2789 4198 observat

1883 4225 1934 4282 7.
1963 4227 2200 4284 Attollite
2231 4221 2431 4300 portui,
2467 4235 2746 4305 principes,
2778 4247 2992 4293 uestras.
3017 4239 3206 4311 Angeli
3241 4240 3360 4296 Sal-

1810 4321 2016 4377 vatoris
2054 4321 2110 4376 in
2149 4331 2288 4378 terra
2315 4324 2640 4392 administri,
2671 4328 2791 4399 ipso
2813 4330 3166 4395 ascendente,
3202 4333 3362 4389 caele-

1811 4409 1984 4466 stibus
2006 4410 2296 4468 virtutibus
2325 4413 2725 4472 denuntiant—ut
2742 4427 2929 4488 portas
2955 4423 3224 4492 aperiant.

1884 4585 2161 4658 [Dominus
2219 4588 2373 4658 fortis
2432 4600 2484 4646 et
2525 4601 2725 4661 potens.
2779 4591 3012 4664 Stupore
3057 4595 3364 4653 adiciuntur

1805 4691 2126 4752 potestates,
2148 4699 2270 4740 cum
2301 4686 2483 4742 vident
2526 4688 2679 4743 illum
2723 4689 2776 4744 in
2806 4705 2976 4746 carne
3017 4705 3141 4746 cum
3181 4693 3363 4748 anima

1811 4772 2142 4846 intelligendi
2183 4777 2232 4832 vi
2278 4779 2535 4848 praedita;
2581 4795 2703 4850 qua:
2739 4796 2904 4837 causa
2951 4792 3128 4838 estut
3177 4784 3364 4839 scisci-

1811 4867 2035 4940 tentur.]

1883 4959 1934 5013 8.
1967 4958 2097 5024 Quis
2130 4971 2206 5015 est
2247 4964 2342 5016 iste
2371 4979 2460 5017 rex
2482 4963 2708 5034 gloria?
2741 4962 3076 5035 lnterrogant
3118 4979 3363 5036 superna:

1811 5051 2056 5117 virtutes,
2088 5054 2505 5111 admirabilitate
2534 5056 2855 5111 oeconomia:
2892 5057 3221 5126 stupefactae.
3252 5056 3362 5111 Do-

159 5142 589 5215 ὶκπληττόμεναι.
620 5145 830 5212 Κύριος
855 5143 973 5199 τῶν
1003 5144 1310 5214 δυνάμεων
1337 5143 1516 5209 αὐτός
1536 5142 1708 5196 ἐστιν

1811 5145 1982 5198 minus
2009 5147 2259 5200 virtutum
2294 5147 2402 5217 ipse
2422 5157 2498 5200 est
2528 5163 2618 5203 rex
2635 5148 2834 5218 gloria.
2857 5145 2960 5214 Qui
2989 5162 3114 5204 cum
3145 5147 3362 5204 Christo

158 5237 194 5287 ό
224 5235 510 5303 βασιλεὺς
545 5232 652 5304 τῆς
697 5233 899 5303 δόξης.
939 5232 1372 5305 Μυσταγωγοῦσι
1423 5232 1548 5297 τοὺς
1589 5231 1701 5285 ἄνω

1807 5237 2184 5299 ascenderunt,
2218 5253 2312 5295 eos
2356 5239 2450 5309 qui
2497 5239 2551 5293 in
2593 5238 2732 5294 coelo
2777 5249 2934 5294 erant
2971 5238 3191 5310 angelos
3228 5239 3359 5294 edn-

155 5325 208 5376 oi
233 5326 326 5378 σὺν
355 5327 497 5398 αὐτῷ
530 5325 843 5390 ἀνελθόντες
871 5325 1090 5396 ἄγγελοι
1129 5327 1191 5380 τὸ
1221 5326 1532 5398 μυστήριον,
1563 5323 1646 5377 ὃτι
1671 5324 1700 5375 ὁ

1805 5337 1929 5384 cent
1965 5331 2300 5401 mysterium,
2317 5329 2462 5401 quod
2489 5331 2690 5387 scilicet
2719 5330 2812 5401 qui
2835 5329 3148 5402 spiritualcs
3175 5329 3357 5388 hostes

157 5419 525 5490 καταπατήσας
553 5419 680 5483 τοὺς
715 5417 941 5490 ἐχθροὺς
985 5419 1110 5480 τοὺς
1156 5417 1377 5488 νοητοὺς
1413 5415 1698 5486 δηλονότι,

1805 5421 2141 5476 oonculcavit
2167 5423 2281 5492 ipse
2305 5422 2376 5478 sit
2407 5438 2497 5480 rex
2532 5423 2733 5496 gloria.

158 5503 312 5570 ιθτδς
331 5508 466 5562 ἔστιν
493 5511 523 5563 ὸ
551 5508 661 5564 τῶν
682 5508 967 5563 δυνάμεων
992 5507 1208 5580 Κύριος.

229 5753 295 5826 (ε)
329 5755 572 5812 Ambros.
629 5759 820 5817 addit:
876 5759 1102 5832 Εἴρηται
1157 5760 1282 5833 περὶ
1331 5758 1532 5813 τούτων
1573 5760 1629 5814 tv
1687 5775 1710 5812 τ

1805 5757 1853 5812 ιδ’
1885 5756 2102 5828 ψαλμῷ.
