4074 6304
739 366 838 424 H3

1049 484 1099 536 1.
1141 477 1474 536 PSALMUS
1503 476 1689 530 David.
1727 472 1938 526 XXIV.

1315 574 1709 642 Argumentum.

736 676 789 728 in
827 669 1074 744 praesenti
1126 667 1330 738 psalmo
1384 661 1672 732 cujuslibet
1721 674 1906 713 eorum
1965 656 2057 726 qui
2111 655 2282 708 vocati

803 773 930 821 sunt
973 775 1201 832 persona
1241 756 1549 812 inducitur:
1584 765 1769 806 eorum
1815 749 2020 804 scilicet
2056 747 2148 816 qui
2179 762 2282 800 una

805 855 962 911 electi
1014 861 1139 908 sunt
1177 857 1236 905 ut
1279 848 1346 904 ad
1379 845 1710 916 spiritualem
1752 841 1916 894 vitam
1963 838 2280 908 dirigantur.

810 949 934 1003 Haec
976 960 1138 1016 porro
1179 944 1341 997 verba
1381 949 1614 1007 tempore
1647 931 1892 1003 martyrii
1930 929 2154 984 recitatu
2185 943 2284 998 op-

805 1051 1034 1114 portuna
1056 1044 1204 1092 sunt.

805 1113 884 1190 Ᾰά
914 1146 981 1200 te,
1013 1131 1252 1192 Domine,
1283 1126 1443 1181 levavi
1477 1124 1707 1177 animam
1732 1135 1917 1173 meam.
1951 1117 2060 1172 Ceu
2082 1115 2193 1186 jam
2219 1113 2287 1168 ab

739 1225 1040 1283 idololatria
1068 1219 1243 1276 aversi
1287 1217 1602 1285 loquuntur.

807 1322 860 1375 5.
894 1318 1072 1386 Neque
1096 1313 1350 1366 irrideant
1379 1323 1457 1361 me
1485 1304 1685 1359 inimici
1717 1302 1834 1354 mei.
1868 1298 2187 1370 Spirituales
2211 1296 2287 1348 vi-

737 1413 949 1469 delicet.

807 1501 1004 1570 Adjicit
1029 1493 1214 1550 Daniel
1229 1490 1496 1546 Barbarus
1512 1503 1527 1540 :
1546 1481 1872 1540 Exsecrandi
1890 1489 1943 1534 et
1966 1477 2161 1548 impuri
2189 1476 2290 1530 dae-

739 1608 949 1655 mones,
975 1586 1223 1644 diabolus
1250 1597 1371 1638 cum
1395 1578 1573 1648 impiis
1594 1574 1922 1630 hominibus.
1956 1569 2081 1624 Haec.
2110 1577 2287 1622 autem

738 1687 869 1742 dicit
898 1697 1020 1738 cum
1045 1679 1186 1732 forte
1222 1672 1512 1745 praevideat
1538 1667 1740 1723 Christi
1766 1662 2152 1718 humanitatem
2185 1659 2288 1729 (in-

738 1774 1151 1844 carnationem),
1176 1777 1462 1842 postquam
1482 1763 1826 1819 inimicorum
1863 1757 2004 1811 risus
2032 1754 2280 1811 cessavit.

812 1872 1038 1948 {lniquis
1066 1866 1221 1938 quasi
1251 1865 1469 1929 iniquus
1499 1857 1672 1912 lactus
1695 1867 1835 1910 sum.
1857 1849 1980 1904 Haec
2005 1849 2148 1903 enim
2183 1844 2284 1898 ini-

740 1970 918 2041 quitas
947 1978 1051 2019 non
1079 1959 1278 2013 frustra
1306 1949 1454 2021 luit.]

813 2058 1017 2113 Etenim
1053 2048 1278 2105 universi
1311 2045 1398 2114 qui
1435 2042 1687 2096 sustinent
1727 2049 1796 2104 te,
1837 2052 1937 2088 non
1974 2029 2292 2101 confunden-

744 2166 847 2209 tur.
888 2143 1145 2213 Exemplo
1177 2154 1364 2194 eorum
1414 2135 1505 2203 qui
1535 2133 1640 2201 iam
1681 2139 1804 2183 ante
1847 2127 1900 2181 in
1948 2125 2056 2178 Deo
2103 2121 2292 2176 conﬁsi

742 2246 980 2299 illustres
1022 2233 1149 2290 [acti
1197 2237 1351 2290 sunt,
1383 2224 1508 2294 quia
1556 2220 1807 2274 liduciam
1857 2217 2034 2279 habet,
2067 2213 2296 2268 alIirmat

741 2339 983 2393 futurum
1032 2341 1184 2388 esse,
1222 2329 1281 2374 ut
1319 2316 1463 2387 quod
1505 2315 1557 2366 in
1605 2312 1744 2366 votis
1788 2317 1872 2364 est
1908 2313 2291 2373 consequatur.

744 2425 1145 2496 Confundantur
1175 2415 1354 2479 iniqua
1383 2415 1588 2476 agentes
1625 2415 1960 2471 supervacue.
1991 2394 2116 2450 Haec
2135 2395 2201 2448 de
2230 2392 2298 2447 iis

741 2491 1003 2588 loquitur,
1031 2507 1122 2579 qui
1147 2505 1323 2560 adhuc
1351 2499 1619 2553 idolorum
1649 2493 1795 2548 cultu
1825 2491 2156 2544 detinentur.

815 2578 1248 2681 iConfundantur
1289 2593 1470 2660 iniqua
1519 2594 1748 2656 agentes,
1799 2583 1867 2636 ah
1909 2581 1976 2634 iis
2016 2578 2110 2648 qui
2145 2590 2295 2645 spem

744 2666 898 2757 suam
931 2699 984 2749 in
1011 2695 1118 2746 Deo
1138 2688 1624 2760 posuerunt,atque
1644 2675 1773 2730 clari
1801 2672 1971 2727 eﬁecti
2005 2677 2151 2732 sunt,
2170 2666 2297 2736 quia

747 2790 1088 2849 conﬁdebant
1138 2796 1196 2837 se
1240 2790 1401 2847 posse
1441 2780 1626 2827 votum
1673 2763 1955 2833 consequi.
1983 2760 2086 2827 Qui
2132 2764 2299 2828 agunt

746 2887 950 2955 inique,
985 2886 1297 2946 supervacue
1331 2865 1470 2921 ﬁrmi
1500 2860 1799 2916 consistere
1843 2854 2050 2907 volunt.
2079 2849 2202 2903 Hice
2234 2848 2300 2903 de

745 2981 813 3034 iis
845 2940 1135 3033 Idicuntur,
1162 2963 1256 3033 qui
1303 2958 1480 3013 adhuc
1530 2953 1583 3005 in
1638 2948 1903 3003 idolorum
1936 2942 2080 2997 cultu
2130 2940 2298 3010 persi-

746 3063 941 3134 stunt.]

1568 359 1621 412 S.
1666 354 2032 410 ATIIANASII
2071 353 2218 409 OPP.
2262 351 2443 406 PARS
2483 351 2567 406 ιιι.
2609 380 2676 391 —-
2716 347 3118 402 EXEGETICA.

3825 342 3913 397 ιιι

2768 467 3067 518 ΨΑΛΜΟΣ
3100 462 3178 527 τῷ
3213 462 3405 514 Δαυίδ.
3450 464 3570 514 KA'.

3004 556 3324 618 Ὑπόθεσις.

2397 654 2482 704 Ἐν
2524 651 2600 721 τῷ
2648 648 2988 721 προκειμένῳ
3015 643 3213 714 ψαλμῷ
3252 643 3312 696 τὸ
3341 643 3565 696 ἑκάστου
3595 639 3706 693 τῶν
3749 641 3918 711 κεκλη-

2458 743 2629 813 μένων
2656 740 2962 810 εἰσφέρεται
2989 736 3274 805 πρόσωπον
3296 748 3309 762 ο
3336 735 3500 802 ἡγουν
3523 731 3700 784 αὐτῶν
3731 731 3832 783 τῶν
3855 732 3918 800 (9)

2454 834 2873 904 συνειλεγμένων
2901 832 2980 893 είς
3009 829 3106 898 τὴν
3137 825 3505 896 πνευματικὴν
3543 821 3920 877 άπευθύνεσθαι

2454 926 2618 997 ζωήν.
2667 927 2753 977 Ἐν
2808 922 2983 994 καιρῷ
3024 922 3079 974 δὲ
3127 917 3420 988 μαρτυρίου
3466 915 3682 967 λεκτέον
3726 912 3922 972 τούτους

2453 1020 2576 1082 τοὺς
2604 1017 2811 1085 λόγους.

2453 1108 2609 1177 Πρὸς
2635 1107 2728 1170 σὲ,
2755 1107 2951 1172 Κύριε,
2984 1100 3098 1173 ἦρα
3136 1103 3250 1170 τὴν
3275 1099 3484 1171 ψυχήν
3520 1114 3658 1166 μου.
3699 1095 3783 1157 Ὡς
3810 1094 3925 1146 ἁπο-

2387 1200 2713 1274 στραφέντες
2739 1198 2841 1267 ἤδη
2870 1196 2969 1265 τῆς
2991 1193 3426 1265 εἰδωλολατρείας
3457 1190 3639 1259 φασίν.

2454 1290 2618 1359 Μηδὲ
2644 1284 3223 1358 καταγελασάτωσάν
3248 1301 3367 1353 μου
3391 1285 3443 1336 οί
3473 1279 3693 1350 ἐχθροί.
3731 1278 3792 1329 υἱ
3822 1294 3927 1345 νοη-

2387 1384 2466 1436 col.
2497 1381 2756 1453 δηλονότι.

2469 1472 2689 1546 Ἐχθρὸς
2732 1472 2788 1526 δὲ
2829 1474 2858 1525 ὁ
2904 1470 3146 1532 διάϐολος
3190 1465 3325 1536 μετὰ
3359 1461 3646 1532 δαιμονίων
3696 1459 3789 1512 καὶ
3837 1457 3930 1509 τῶν

2389 1563 2723 1617 ἀσεϐούντων
2766 1560 3086 1633 ἀνθρώπων.
3136 1557 3293 1620 Ἴσως
3343 1554 3397 1606 δὲ
3452 1553 3544 1603 καὶ
3593 1550 3799 1619 προορᾷ
3850 1542 3927 1598 τοῦ

2390 1655 2638 1726 Σωτῆρος
2656 1653 2752 1724 τὴν
2777 1651 3202 1722 ὲνανθρώπησιν,
3239 1645 3357 1718 μεθ’
3389 1644 3454 1714 ἣν
3484 1642 3576 1695 καὶ
3602 1640 3711 1692 τῶν
3740 1638 3931 1710 ἐχθρῶν

2390 1741 2658 1796 πέπαυται
2697 1741 2849 1809 λόγος
2879 1735 3113 1811 [γέλωςῙ.

2315 1810 2360 1871 B
2457 1831 2780 1905 [Ἐγενήθην
2819 1810 2930 1892 τοῖς
2963 1828 3180 1897 ἀνόμοις
3228 1827 3302 1888 ὼς
3329 1825 3545 1891 ἄνομος·
3590 1821 3735 1889 Αὕτη
3774 1819 3929 1890 γάρή

2389 1925 2581 1995 ἀνομία
2605 1925 2665 1977 οὐ
2691 1923 2940 1992 διακενῆς
2973 1916 3234 1989 ὲγένετο.]

2458 2018 2566 2072 Καὶ
2598 2019 2703 2087 γὰρ
2732 2017 2950 2081 πάντες
2991 2017 3043 2067 οι
3071 2007 3473 2080 ὑπομένοντές
3505 2021 3577 2059 σε
3602 2007 3672 2059 οὺ
3699 2003 3783 2073 μὴ
3806 2021 3933 2055 κατ-

2388 2107 2816 2178 αισχυνθῶσιν.
2877 2105 3008 2158 Ἀπὸ
3047 2104 3153 2156 τῶν
3190 2101 3287 2171 ἤδη
3334 2097 3665 2152 πεποιθότων
3713 2097 3803 2148 ἐπὶ
3831 2093 3935 2163 Θεῷ

2393 2203 2484 2255 καὶ
2538 2201 2841 2270 γενομένων
2889 2195 3185 2266 λαμπρῶν,
3234 2192 3322 2245 διὰ
3379 2192 3440 2243 τὸ
3485 2190 3580 2260 τὴν
3631 2187 3936 2257 πεποίθησιν

2392 2293 2532 2361 ἔχειν
2553 2293 2648 2362 τῆς
2669 2291 2830 2360 εὐχῆς
2854 2283 3252 2350 ὲπιτεύξασθαι,
3270 2279 3672 2349 διισχυρίζεται.
3690 2280 3937 2344 Maxer-

2394 2383 2668 2447 Οήτωσαν
2717 2381 2770 2432 οἱ
2817 2377 3178 2446 ἀνομοῦντες
3216 2369 3514 2437 διακενῆς.
3578 2367 3762 2420 Ταῦτα
3825 2366 3939 2434 περὶ

2393 2476 2498 2527 τῶν
2527 2474 2624 2544 ἤδη
2651 2469 3026 2540 κατεχομένων
3053 2469 3109 2520 ὲν
3143 2460 3548 2530 εἰδωλολατρείᾳ
3582 2457 3765 2527 φησίν.

2465 2564 2995 2636 [Αίσχυνθὴτωο-αν
3036 2561 3090 2611 οι
3128 2554 3520 2624 ἁνομοῦντες,
3557 2549 3665 2602 ἀπὸ
3707 2547 3815 2600 τῶν
3851 2547 3940 2617 ῆδη

2396 2634 2727 2708 πεποιθότων
2757 2650 2849 2704 ἐπὶ
2869 2647 2987 2718 Θεῷ
3013 2647 3105 2700 καὶ
3131 2644 3434 2714 γενομένων
3465 2636 3753 2708 λαμπρῶν,
3785 2634 3866 2686 διὰ
3892 2636 3943 2684 τὸ

2396 2747 2492 2817 τὴν
2517 2743 2834 2815 πεποίθησιν
2863 2741 3003 2812 ἔχειν
3029 2738 3126 2808 τῆς
3152 2735 3314 2804 εὐχῆς
3338 2727 3738 2793 ἐπιτεύξασθαι.
3787 2726 3942 2792 ’ἰσχυ-

2403 2839 2633 2909 ρίζονται
2677 2836 2725 2888 oi
2773 2832 3096 2904 ἀνομοῦντες
3127 2823 3424 2892 διακενῆς.
3461 2819 3643 2874 Ταῦτα
3682 2816 3814 2887 περὶ
3849 2813 3945 2865 τῶν

2399 2930 2476 2983 ἔτι
2510 2927 2886 2999 κατεχομένων
2916 2927 2970 2977 ὲν
3001 2914 3455 2988 εἰδωλολατρεία.]

817 3110 1032 3216 Initia:
1060 3161 1198 3215 tuae,
1231 3142 1466 3203 Domine,
1493 3136 1791 3189 demonstra
1817 3127 1963 3182 mihi.
1983 3122 2301 3190 Evangelica

2480 3134 2588 3196 Τὰς
2621 3129 2798 3193 ὁδούς
2823 3141 2960 3192 σου,
2995 3126 3188 3192 Κύριε,
3218 3118 3506 3189 γνάψιονόν
3532 3130 3653 3182 μοι.
3689 3110 3771 3164 Τὰ
3796 3110 3947 3175 εὐαγ-

747 3257 1000 3325 dogmata
1039 3247 1135 3300 ait.

822 3313 873 3402 Ξ.
895 3344 1074 3411 Dirige
1098 3353 1176 3390 me
1207 3334 1259 3387 in
1288 3329 1501 3385 veritate
1533 3333 1644 3376 tua.
1677 3318 1801 3373 Haec
1834 3315 1930 3382 ait,
1962 3321 2021 3368 ut
2041 3313 2131 3382 qui
2166 3327 2303 3366 non-

748 3445 874 3500 dum
904 3437 968 3493 2d
999 3406 1274 3489 veritatem
1304 3417 1610 3477 accesserit.
1643 3413 1710 3467 Et
1745 3412 1870 3465 doce
1899 3424 1997 3472 me,
2027 3406 2152 3475 quia
2177 3413 2232 3456 tu
2251 3419 2303 3456 ee

751 3536 890 3591 Deus
945 3528 1175 3585 salvator
1223 3533 1386 3573 meus.
1433 3512 1567 3567 Cum
1610 3504 1867 3576 propheta
1911 3500 1986 3552 ita
2017 3506 2133 3551 oret
2167 3510 2230 3548 ac
2260 3493 2307 3547 si

751 3626 993 3684 nondum
1034 3610 1346 3686 cognoverit
1385 3605 1500 3659 vias
1541 3596 1776 3663 Domini,
1808 3606 1984 3658 neque
2031 3585 2310 3643 edidicerit

755 3714 1001 3772 incedere
1040 3675 1344 3762 invsemilis
1377 3695 1526 3765 ejus;
1569 3689 1799 3744 necdum
1847 3683 2086 3737 directus
2127 3677 2198 3732 sit
2241 3675 2307 3730 ad

753 3805 1031 3862 veritatem
1086 3795 1215 3858 Dei,
1264 3805 1363 3846 nec
1403 3787 1628 3841 edoctus
1675 3779 1740 3834 de
1781 3777 1891 3832 Deo
1926 3785 1986 3829 ut
2015 3773 2306 3835 salvatore,

754 3900 878 3971 quis
910 3911 1016 3950 non
1047 3882 1420 3946 rel'ormidabit
1441 3876 1570 3933 illud
1594 3893 1606 3928 :
1631 3870 1844 3927 Vwillis
1866 3867 1956 3938 qui
1980 3864 2078 3920 sibi
2101 3863 2310 3931 sapien-

757 3967 830 4045 t-es
861 3999 907 4042 et
931 3983 1135 4054 judicio
1161 3995 1254 4032 suo
1281 3973 1420 4027 docti
1449 3978 1568 4024 sunt
1596 3967 1674 4018 “l

831 4169 881 4219 7.
912 4163 1116 4218 Delicta
1141 4153 1430 4228 juventutis
1470 4162 1596 4202 metu
1633 4151 1683 4198 et
1716 4137 2046 4211 ignorantiae
2078 4147 2216 4185 mea:
2250 4144 2311 4182 ne

758 4257 1073 4316 memineris.
1103 4252 1443 4306 Juventutem
1476 4237 1756 4296 stultitiam
1787 4233 1880 4286 ait.
1910 4229 2103 4299 Aperta
2131 4230 2310 4277 autem

759 4353 983 4409 stultitia
1021 4355 1136 4402 erat
1176 4336 1490 4398 idololatriae
1526 4343 1710 4387 eorum
1735 4336 1964 4394 tempus.
1993 4319 2111 4372 Alio
2154 4313 2314 4368 modo

760 4461 855 4517 per
885 4442 1078 4498 delicta
1106 4430 1404 4508 iuventutis
1445 4441 1507 4480 ea
1539 4437 1658 4492 qum
1684 4421 1739 4472 in
1772 4415 2005 4485 Egypto
2028 4415 2310 4480 perpetra-

2404 3223 2592 3294 γελικὰ
2620 3222 2712 3289 δόγ
2721 3220 2863 3290 ματά
2895 3233 3079 3288 φησιν.

2483 3315 2805 3385 Ὀδήγησόν
2823 3329 2898 3381 με
2922 3310 3018 3362 ἐπὶ
3054 3307 3168 3374 τὴν
3194 3301 3498 3370 ἀλήθειαν.
3537 3300 3624 3360 Ὠς
3659 3296 3795 3368 μηδὲ
3823 3293 3950 3364 φθά-

2405 3425 2499 3471 σας
2520 3408 2610 3459 ὲπὶ
2633 3405 2726 3474 τὴν
2747 3402 2998 3472 ἀλήθειαν
3028 3397 3194 3451 ταῦτά
3227 3411 3409 3464 φησιν.
3451 3389 3561 3443 Καὶ
3597 3386 3844 3450 δίδαξὸν
3863 3399 3950 3452 με.

2405 3501 2492 3553 ὅτι
2514 3499 2592 3551 σὺ
2615 3493 2671 3549 εἷ
2697 3499 2727 3548 ὀ
2765 3492 2908 3556 Θεὸς
2940 3493 2971 3543 ὀ
3006 3486 3205 3554 Σωτήρ
3227 3502 3366 3554 μου.
3393 3481 3497 3534 Τοῦ
3528 3479 3828 3549 προφήτου,
3860 3491 3950 3544 μη-

2404 3591 2548 3643 δέπω
2575 3587 2869 3656 ἐγνωκότος
2894 3582 2990 3643 τὰς
3023 3579 3174 3640 ὁδοὺς
3202 3575 3429 3646 Κυρίου,
3462 3571 3592 3644 μηδὲ
3622 3567 3955 3638 διδαχθέντος

2409 3655 2730 3749 πορεύεσθαι
2761 3672 2978 3744 τρίϐους
3012 3667 3175 3722 αὐτοῦ
3198 3707 3212 3730 ,
3245 3665 3338 3719 καὶ
3383 3665 3456 3726 ὼς
3508 3659 3732 3732 μηδέπω
3771 3655 3956 3725 ὁδηγη-

2409 3747 2588 3831 θέντος
2621 3768 2709 3821 ἐπὶ
2743 3765 2837 3835 τὴν
2867 3760 3117 3830 ἀλήθειαν
3148 3756 3237 3809 τοῦ
3269 3754 3423 3816 Θεοῦ,
3463 3751 3593 3822 μηδὲ
3624 3747 3956 3818 διδαχθέντος

2411 3862 2537 3931 περὶ
2565 3857 2696 3910 Θεοῦ
2728 3856 2801 3917 ὡς
2841 3852 3090 3920 Σωτῆρος
3110 3889 3124 3910 ,
3169 3847 3339 3908 οὕτως
3380 3841 3671 3913 εὐχομένου
3694 3879 3708 3902 ,
3758 3837 3839 3900 τίς
3869 3836 3959 3888 οῦκ

2411 3947 2832 4018 εὐλαϐηθήσεται
2873 3943 2932 3994 τὸ
2955 3981 2969 4004 ,
3007 3940 3151 3992 Οὐαὶ
3189 3941 3241 3991 ol
3275 3934 3451 4004 σοφοὶ
3480 3935 3548 3986 ὲν
3573 3928 3837 3996 ἑαυτοῖς,
3871 3923 3958 3979 καὶ

2410 4040 2661 4094 ἐνώπιον
2691 4034 2886 4090 αὐτῶν
2908 4029 3330 4099 ἐπιστήμονες

2493 4131 2782 4201 Ἀμαρτίιις
2832 4123 3106 4192 νεότητός
3139 4139 3256 4190 μου
3301 4119 3398 4171 καὶ
3446 4116 3690 4184 ἀγνοίας
3726 4130 3846 4182 μου
3883 4109 3959 4179 μὴ

2409 4199 2705 4296 μνησθῇς.
2735 4219 2978 4286 Νεότητα
3011 4216 3106 4284 τὴν
3132 4213 3438 4282 ἀφροσύνην
3468 4207 3646 4277 φησίν.
3669 4199 3960 4274 Ἀφροσὺνη

2412 4289 2467 4365 δὲ
2509 4289 2680 4379 σαφὴς
2724 4310 2750 4360 ὁ
2794 4306 2889 4376 τῆς
2920 4301 3357 4372 εἰδωλολατρείας
3400 4296 3577 4351 αὐτῶν
3615 4293 3826 4364 καιρός.
3865 4289 3963 4342 Καὶ

2415 4403 2586 4465 ἄλλως
2612 4399 2880 4470 ἁμαρτίας
2912 4394 3004 4449 τοῦ
3034 4393 3162 4447 λαοῦ
3191 4393 3288 4454 τὰς
3325 4394 3381 4444 ἐν
3409 4389 3695 4457 Αἰγύπτῳ·
3730 4385 3826 4436 καὶ
3866 4382 3963 4450 γὰρ

799 4475 842 4500 ει
885 4475 1078 4498 υσιιι...
1136 4475 1403 4489 ...ν...,...-
1449 4475 1506 4480 -_
1844 4475 1928 4485 η,
2029 4475 2044 4480 _
2130 4475 2141 4477 _

761 4475 888 4591 :unt
917 4475 1203 4601 intelligit:
1248 4539 1371 4578 nam
1398 4528 1452 4576 et
1482 4517 1590 4572 illic
1635 4513 1900 4568 idolorum
1936 4503 2103 4559 cultui
2143 4513 2308 4552 vaca-

2417 4491 2894 4561 είδωλολὰτρευσαν
2935 4489 3068 4539 ἐκεῖ.
3101 4484 3191 4553 Μὴ
3220 4479 3312 4534 οὖν
3341 4478 3560 4533 ἐκείνων
3593 4476 3699 4528 τῶν
3724 4475 3965 4544 ἁμαρτη-

2473 4589 2483 4601 1
2663 4584 2686 4594 ο
2777 4600 2781 4601 ,
2813 4599 2848 4601 ,μ
2869 4579 2955 4601 -ns
2976 4597 2992 4601 -
3048 4577 3173 4601 ιλιι
3203 4575 3300 4601 .2-
3334 4568 3744 4601 ....‘i-..nm.u-lnp
3807 4565 3877 4601 Ro’
3907 4559 3964 4601 ζμ

760 4636 908 4683 runt.
937 4625 1014 4679 Ne
1041 4591 1220 4691 itaque
1250 4616 1564 4670 delictorum
1597 4607 1810 4660 illorum
1839 4601 1950 4670 jam
1979 4591 2313 4651 memineris,

762 4722 861 4781 sed
891 4712 1242 4773 humanitatis
1269 4721 1320 4763 et
1346 4697 1728 4758 misericordia:
1760 4709 1868 4765 qua
1897 4700 2024 4746 tunc
2051 4686 2137 4741 vel
2165 4686 2317 4755 igno-

761 4824 945 4875 rantes
977 4811 1298 4880 prosecutus
1331 4814 1409 4852 es.
1457 4794 1675 4858 Propter
1699 4787 1979 4840 bonitatem
2014 4789 2181 4841 tuam,
2211 4772 2317 4825 Do-

764 4909 919 4962 mine.
950 4863 1070 4954 Ιίοη
1095 4894 1238 4951 enim
1267 4904 1397 4944 mea:
1423 4879 1720 4953 dignitatis,
1757 4873 1850 4930 sed
1882 4881 1985 4926 tua:
2018 4863 2318 4934 benignita—

766 5000 838 5053 tis
865 4994 1035 5066 gratia
1059 4989 1112 5043 id
1144 4981 1399 5049 consequi
1430 4990 1579 5045 rogo.

835 5049 895 5141 εἶ
919 5082 1144 5149 Propter
1171 5077 1267 5128 hoc
1306 5071 1466 5139 legem
1497 5065 1642 5119 dabit
1682 5053 2100 5129 delinquentibus
2128 5065 2185 5102 ιη
2209 5049 2311 5100 ria.

767 5141 1096 5232 llluminabit
1120 5174 1450 5237 peccatores,
1484 5153 1740 5211 indicabit
1770 5145 2114 5219 peccantibus
2148 5141 2311 5194 viam.

838 5265 924 5320 10.
959 5232 1221 5316 Universae
1249 5254 1347 5308 vim
1378 5247 1590 5303 Domini
1634 5237 1994 5296 misericordia
2023 5244 2070 5287 et
2097 5232 2312 5291 veritas,

767 5365 873 5412 etc.
902 5354 1039 5408 Nam
1079 5347 1172 5419 qui
1218 5343 1417 5399 divinis
1448 5335 1792 5396 sermonibus
1820 5329 2034 5386 assidue
2067 5323 2315 5380 nutriun-

769 5459 878 5510 tur,
909 5416 1158 5498 accura—te
1185 5437 1434 5493 ediscunt
1456 5445 1644 5487 omnes
1657 5422 1955 5481 Salvatoris
1977 5417 2179 5475 Christi
2206 5416 2319 5469 dis—

767 5536 1114 5610 pensationes
1183 5524 1552 5586 misericordia
1597 5530 1649 5575 et
1690 5517 1916 5572 veritate
1959 5527 2080 5566 esse
2119 5507 2321 5579 permi-

2419 4589 2600 4656 μάτων
2629 4559 2722 4637 νῦν
2754 4579 3014 4652 μνησθῇς,
3043 4577 3175 4631 ἀλλὰ
3203 4575 3300 4643 τῆς
3333 4568 3772 4641 φιλανθρωπίας,
3807 4565 3877 4617 δι’
3907 4559 3964 4633 ἧς

2418 4680 2515 4733 καὶ
2549 4680 2670 4731 τότε
2698 4672 3021 4742 ἀγνοοῦντας
3050 4662 3534 4738 ὲφιλανθρωπεύσα
3597 4659 3686 4715 καὶ
3717 4656 3962 4727 ὴλέησας.

2421 4774 2664 4824 Ἕνεκεν
2695 4766 2803 4833 τῆς
2828 4759 3230 4833 χρηστότητός
3263 4772 3399 4817 σου,
3432 4753 3623 4820 Κύριε.
3656 4748 3731 4802 Οὐ
3758 4747 3870 4818 γὰρ
3892 4745 3968 4798 διὰ

2419 4865 2516 4932 τὴν
2569 4859 2705 4931 ἐμὴν
2753 4855 2942 4920 ἀξίαν,
2996 4851 3130 4905 ἀλλά
3175 4849 3263 4902 διὰ
3289 4847 3386 4916 τὴν
3425 4845 3521 4913 σὴν
3569 4837 3968 4911 φιλανθρωπίαν

2420 4953 2607 5006 τούτου
2636 4951 2812 5018 τυχεῖν
2851 4944 3095 4999 ἱκετεύω.

2489 5042 2589 5097 Διά
2617 5014 2792 5094 τοῦτο
2834 5033 3216 5105 νομοθετήσει
3247 5030 3694 5098 ἀμαρτανοντας
3737 5020 3809 5073 ἐν
3842 5014 3967 5080 ὀδῷ.

2419 5136 2644 5189 Φωτίσει
2677 5125 3029 5202 ἁμαρτωλούς
3049 5143 3061 5154 ·
3099 5122 3364 5185 ὑποδείξει
3392 5116 3795 5189 ἁμαρτάνουσιν
3843 5107 3968 5162 ὁδόν.

2490 5226 2685 5282 Πᾶσαι
2718 5199 2945 5277 ἀιίάδοι
2988 5219 3203 5288 Κυρίου
3255 5216 3425 5278 ἕλεος
3472 5209 3571 5264 καί
3614 5205 3888 5274 ἀλήθεια.
3916 5199 3970 5250 Oi

2420 5319 2528 5390 γὰρ
2558 5316 2816 5387 διηνεκῶς
2861 5315 2972 5375 τοῖς
3020 5310 3180 5372 θείοις
3222 5303 3599 5376 ὲντρεφόμενοι
3629 5298 3808 5365 λόγοις
3851 5305 3974 5362 μαν-

2426 5412 2674 5466 θάνουσιν
2705 5405 2948 5478 ἀκριϐῶς
2985 5403 3049 5456 δι’
3081 5400 3328 5464 ἐκείνων,
3355 5397 3430 5457 ὡς
3466 5396 3635 5448 πᾶσαι
3666 5387 3760 5441 τοῦ
3803 5382 3976 5448 Σωτῆ-

2429 5521 2518 5574 ρος
2546 5471 2792 5572 Χριστσῦ
2813 5496 2946 5551 Θεοῦ
2976 5494 3129 5566 ήμῶν
3155 5489 3450 5560 οἰκονομίαι
3478 5485 3611 5554 ἐλέῳ
3638 5481 3731 5534 καὶ
3761 5471 3975 5546 ἀληθείᾳ

840 5646 1207 5729 (9)-Am‘bros‘.
1255 5637 1706 5725 ad-lit‘am‘iyewg.
1758 5628 1877 5683 Mox
1910 5635 2033 5697 post
2062 5623 2204 5693 ζωήν
2251 5616 2331 5688 ad}

2404 5621 2430 5673 il
2457 5661 2471 5685 ,
2516 5619 2577 5670 ὲκ
2624 5613 2911 5686 προσώπου
2945 5608 3001 5661 δὲ
3048 5599 3202 5668 οὗτος
3241 5602 3332 5657 τοῦ
3382 5598 3507 5653 λαοῦ
3559 5595 3758 5656 παντδς
3799 5587 3976 5657 διημι-

769 5703 858 5779 νου
888 5703 982 5787 τῆς
1007 5712 1375 5785 αἰχμαλωσίας
1407 5703 1796 5772 ἀπαλλαγῆναι.

854 5814 897 5845 ³⁸
929 5811 1030 5864 lsa.
1067 5826 1120 5875 v,
1147 5807 1238 5863 2|.
