4102 6304
143 354 221 410 Ilii

1208 346 1569 402 EXPOSITIO
1604 346 1669 402 IN
1707 345 2033 402 PSALMUM
2077 343 2237 398 XXV.

3233 338 3330 392 I46

144 464 547 535 συγκέκρανται·
610 465 718 523 τοῖς
777 461 884 531 γὰρ
947 459 1402 530 μεταμελομένοις
1461 463 1543 530 ἐφ’
1604 463 1684 528 οἱς

1814 471 1914 515 las.
1944 457 2077 512 Nam
2113 459 2180 512 iis
2223 470 2363 524 quos
2390 455 2708 508 delictorum
2753 450 2991 522 paenitet,
3021 449 3334 504 misericor-

141 552 539 625 ἐπλημμέλησαν
567 550 658 603 τὸν
688 549 833 602 ἔλεον
861 549 953 602 καὶ
978 548 1076 619 τὴν
1100 547 1426 620 συγγνώμην
1455 551 1636 623 ὀρέγει
1659 573 1666 582 ·

140 647 240 709 τοὺς
264 646 320 698 δὲ
354 644 656 715 ἀηττήτους
684 642 784 712 τῆς
817 640 1013 711 ἀρετῆς
1053 639 1288 711 ἀθλητὰς
1315 643 1674 714 ἀνακηρύττει

139 742 216 793 καὶ
250 739 504 806 στεφανοῖ
545 737 642 790 σὺν
685 733 912 805 ἀληθείᾳ
938 733 1036 803 τὴν
1064 731 1242 802 ψῆφον
1269 733 1516 804 ἐκφέρων
1539 750 1552 764 ·
1587 737 1676 790 καὶ

140 830 299 901 μέντοι
332 827 430 884 καὶ
458 829 574 891 τοῖς
601 825 910 898 παρανομίᾳ
935 823 1252 894 συνεζηκόσι
1271 864 1284 887 ,
1315 824 1410 876 καὶ
1438 842 1676 896 μεταμε-

137 923 236 993 λείᾳ
267 921 342 992 μὴ
372 918 736 992 χρησαμένοις
769 916 907 970 κατά
934 917 1061 978 τοὺς
1100 915 1199 985 τῆς
1227 913 1484 986 ἀληθείας
1520 918 1676 988 ὄρους

138 1012 370 1082 ἐπιφέρει
399 1009 499 1074 τὰς
525 1009 814 1081 τιμωρίας.

197 1121 323 1193 [Καὶ
362 1120 429 1175 τὸ
467 1119 703 1188 σπέρμα
733 1119 918 1174 αὐτοῦ
962 1120 1401 1189 κληρονομήσει
1441 1118 1575 1190 γῆν.
1616 1119 1679 1171 Ai

139 1210 382 1280 πράξεις,
427 1207 626 1280 φησὶν,
669 1210 724 1262 αί
767 1208 1053 1278 γενόμεναι
1106 1205 1354 1280 πρόξενοι
1401 1206 1548 1278 αὐτῷ
1588 1207 1678 1259 τοῦ

139 1301 524 1373 κληρονομῆσαι
551 1299 647 1371 τὴν
667 1300 858 1370 νοητὴν
877 1300 979 1369 γῆν
998 1317 1012 1332 ·
1029 1301 1347 1370 γενήσονταί
1376 1317 1437 1368 γε
1467 1299 1683 1369 σπέρμα

138 1390 228 1442 τῶν
259 1389 482 1458 ἀγαθῶν
510 1389 741 1462 ἀνδρῶν,
789 1389 854 1441 δι’
888 1382 962 1442 ὧν
1005 1390 1128 1453 τοὺς
1161 1389 1300 1442 κατά
1332 1390 1460 1442 Θεὸν
1491 1406 1686 1457 γεννω-

141 1479 318 1550 μένους
349 1479 534 1550 φησίν.

207 1593 562 1662 Ἐπιϐλεψον
599 1592 692 1646 ἐπ’
732 1591 852 1661 ἐμέ.
895 1593 985 1645 Δεῖ
1016 1593 1124 1665 γὰρ
1161 1595 1235 1666 μὴ
1283 1594 1506 1658 ὑπτίους
1551 1589 1688 1646 εἶναι

141 1685 222 1736 καὶ
282 1684 745 1748 ἁναπεπτωκότας
771 1723 786 1749 ,
855 1683 1186 1756 θαρροῦντας
1257 1685 1336 1756 τῷ
1396 1685 1535 1738 ἐλέει
1595 1685 1689 1738 τοῦ

140 1776 259 1830 Θεοῦ
280 1817 294 1841 ,
333 1776 469 1830 ἀλλὰ
513 1777 608 1831 καὶ
648 1778 794 1849 ἡμᾶς
821 1777 1094 1849 εἰσφέρειν
1128 1777 1218 1831 τὸν
1261 1777 1348 1831 διὰ
1377 1778 1484 1833 τῶν
1517 1778 1692 1850 ἔργων

143 1867 306 1922 πόνον.
327 1868 346 1941 ]

1780 555 1923 609 diam
1943 549 2098 604 offert
2117 556 2171 602 et
2194 547 2404 600 veniam
2435 563 2446 599 ε
2479 544 2709 598 invictos
2729 553 2910 596 autem
2933 541 3149 595 virtutis
3171 538 3338 594 athle-

1780 653 1884 706 tas,
1914 641 2149 695 victores
2182 636 2484 699 denuntiat,
2517 645 2569 690 et
2613 642 2840 690 coronat
2880 648 3005 688 cum
3032 632 3258 686 veritate
3284 642 3338 685 et

1782 733 2031 804 :equitate
2073 729 2338 784 calculum
2367 726 2547 782 ferens
2574 745 2587 780 :
2615 740 2707 781 eos
2735 740 2863 780 vero
2901 725 2994 796 qui
3029 724 3084 778 in
3116 736 3339 794 peccato

1805 827 1947 880 'itam
1991 831 2239 894 egerunt,
2273 835 2445 890 neque
2484 818 2792 890 poenitentia
2842 817 3057 888 purgati
3089 823 3236 880 sunt,
3272 829 3339 868 ex

1784 917 1894 974 veri
1923 925 1976 972 et
2007 916 2148 986 aequi
2180 913 2495 985 praescripto
2527 911 2808 982 suppliciis
2844 909 3024 964 allicit.

1856 1136 1968 1208 [15.
1991 1134 2056 1188 Et
2079 1152 2247 1189 semen
2278 1135 2390 1204 ejus
2416 1134 2740 1189 htereditabit
2765 1143 2980 1187 terram.
3003 1131 3132 1200 Ejus
3160 1143 3346 1200 Qpcra,

1791 1229 1986 1298 inquit,
2032 1229 2084 1282 in
2115 1243 2279 1282 causa
2315 1235 2463 1293 sunt,
2495 1235 2554 1280 ut
2579 1226 2691 1297 ipse
2722 1226 3112 1296 intelligibilem
3147 1233 3346 1278 terram

1791 1319 2102 1374 liazreditate
2150 1319 2381 1390 accipiat
2413 1337 2425 1372 :
2473 1326 2634 1372 erunt
2680 1327 2859 1372 autem
2882 1358 2899 1384 ,
2935 1317 3134 1387 inquit,
3164 1330 3348 1371 semen

1792 1411 1932 1483 frugi
1960 1412 2223 1474 virorum,
2264 1410 2463 1480 quibus
2507 1409 2753 1480 intelligit
2796 1423 2890 1464 eos
2929 1407 3022 1479 qui
3051 1407 3350 1464 secundum

1795 1504 1961 1559 Deum
1993 1502 2104 1557 nati
2134 1513 2282 1559 sunt.

1866 1616 2078 1686 Respice
2117 1617 2172 1670 in
2203 1632 2301 1670 me.
2335 1614 2556 1685 Oportet
2588 1616 2730 1669 enim
2774 1631 2895 1679 nos,
2930 1614 3266 1668 confidentes
3301 1611 3356 1666 in

1795 1709 2169 1764 misericordia
2199 1706 2315 1768 Dei.
2350 1724 2454 1761 non
2480 1707 2707 1777 supinos
2743 1722 2862 1761 esse
2887 1717 2941 1760 et
2966 1706 3231 1776 abiectos,
3263 1705 3357 1760 sed

1795 1805 1960 1860 etiam
2003 1803 2264 1869 laborem,
2292 1805 2388 1874 qui
2415 1805 2469 1857 in
2500 1803 2722 1873 agendis
2755 1802 3015 1871 occurrit,
3051 1799 3361 1879 exhibere.)

203 2006 283 2060 I5.
317 2007 506 2060 Daniel
540 2007 808 2061 Barbarus
839 2023 856 2060 :
884 2006 1074 2060 Anima
1101 2006 1215 2076 ejus
1249 2009 1302 2061 in
1330 2008 1476 2061 bonis
1511 2005 1892 2062 demorabitur.
1928 2003 2182 2058 Actiones
2208 2003 2312 2057 illa!
2343 2019 2463 2068 quae
2483 2004 2548 2058 ad
2581 2005 2996 2062 intellectualem
3025 2014 3222 2058 terram
3251 2007 3360 2056 ha:-

143 2094 466 2150 reditandam
493 2095 896 2151 conciliatrices
929 2095 1083 2151 facta:
1114 2096 1334 2163 fuerint,
1372 2099 1580 2153 semina
1611 2110 1767 2155 terra:
1795 2101 1925 2154 lient
1957 2099 2224 2154 bonorum
2256 2098 2384 2152 viris
2418 2101 2523 2155 illis
2561 2101 2653 2170 qui
2684 2101 2978 2155 secundum
3005 2097 3172 2153 Deum
3203 2110 3361 2150 reno-

142 2184 414 2240 vabuntur.
472 2186 668 2258 Ilujus,
700 2188 894 2259 inquit,
939 2205 1124 2244 semen
1161 2192 1500 2247 btereditabit
1533 2202 1767 2260 terram;
1805 2209 1926 2247 nam
1973 2195 2266 2264 perveniet,
2317 2195 2411 2259 ait,
2447 2195 2748 2249 benedictio
2797 2211 2968 2265 usque
3007 2193 3070 2248 ad
3112 2200 3364 2265 posteros

141 2294 281 2334 SUOS.

205 2394 550 2462 Κραταίωμα
606 2395 817 2462 Κύριος
876 2393 992 2448 τῶν
1047 2397 1431 2466 φοϐουμένων
1480 2400 1665 2452 αὐτόν
1684 2416 1697 2428 ο

1875 2401 1963 2456 14.
1989 2400 2410 2457 Firmamentum
2436 2412 2511 2456 est
2543 2400 2793 2455 Dominus
2825 2401 3125 2454 (iurantibus
3167 2416 3283 2454 eum
3313 2409 3363 2452 ct

142 2485 230 2534 καί
274 2481 522 2549 διαθήκη
566 2483 753 2537 αὑτοῦ
791 2483 1050 2551 δηλώσει
1088 2487 1327 2553 αὐτούς.
1367 2487 1431 2539 Ἦ
1475 2489 1700 2557 εὐαγγεσ

142 2575 276 2644 iam}.
321 2574 387 2627 Τί
434 2573 491 2628 δὲ
535 2572 798 2646 δηλώσεις
841 2574 873 2646 ἢ
912 2575 1011 2648 τὴν
1058 2577 1329 2648 σωτηρίας
1373 2577 1511 2630 ὀδόν.
1548 2580 1702 2631 Πᾶσα

144 2665 275 2736 γὰρ,
301 2666 432 2736 φησι
450 2705 465 2730 ,
502 2665 792 2736 νομοθεσία
833 2664 927 2719 τοῦ
956 2664 1092 2719 Θεοῦ
1121 2669 1256 2736 πρὸς
1283 2665 1439 2718 τοῦτο
1480 2665 1665 2736 βλέπει
1689 2706 1702 2730 ,

145 2753 276 2824 πρὸς
297 2754 358 2807 τὸ
385 2756 442 2807 ἐν
471 2755 771 2808 ἀπολαύσει
801 2756 926 2818 τοὺς
955 2755 1191 2824 ἀγαθοὺς
1215 2760 1388 2810 ποιεῖν
1417 2749 1490 2810 ὧν
1519 2757 1704 2829 προεί-

145 2846 317 2899 lavso.
345 2847 512 2898 Τοῦτο
537 2847 646 2918 γὰρ
673 2845 822 2915 λέγει
840 2860 854 2875 ⁸
881 2845 1143 2914 Δηλώσει
1183 2847 1405 2912 αὐτοῖς,
1439 2849 1558 2902 ἀντί
1590 2847 1705 2916 τοῦ,

142 2940 198 2989 ἐν
222 2937 512 2992 ἀπωλαύσει
536 2939 732 3004 αὐτοὺς
755 2940 1084 3012 καταστήσει
1105 2933 1181 2993 ὧν
1210 2941 1545 3012 προείλαντο.

212 3031 280 3081 Al
334 3032 570 3098 θλίψεις
617 3031 723 3100 τῆς
764 3031 1011 3100 καρδίας
1045 3049 1164 3102 μου
1215 3033 1703 3100 ἐπληθύνθησαν.

141 3120 386 3187 Πολλοῖς,
417 3122 584 3193 φησιν
604 3164 616 3188 ,
647 3122 914 3192 ἀλγεινοῖς
941 3122 1275 3191 πανταχόθεν
1318 3125 1708 3194 περιστοιχίξο-

143 3232 266 3282 μαι.
297 3216 509 3288 Ταύτην
545 3235 648 3288 μου
675 3217 851 3270 τοίνυν
881 3215 980 3286 τὴν
1007 3216 1333 3269 ταπείνωσιν
1365 3216 1454 3269 καὶ
1484 3215 1581 3286 τὴν
1616 3232 1708 3269 τα-

138 3305 446 3379 λαιπωρίαν
472 3311 591 3369 ταῖς
621 3309 776 3378 ἐμαῖς
808 3304 1296 3371 ἀντιταλαντεύσας
1325 3307 1708 3379 παρανομίαις,

136 3397 229 3461 εἰς
258 3399 357 3471 τὴν
388 3401 612 3469 ἄφεσιν,
664 3401 758 3453 καὶ
802 3400 900 3471 τὴν
945 3400 1269 3473 συγγνώμην
1312 3402 1574 3472 πάρασχε.
1617 3403 1710 3456 Ἐκ

135 3487 262 3540 τῶν
311 3488 587 3558 ἀναγκῶν
630 3505 748 3557 μου
802 3487 1054 3558 ἑξάγτιγέ
1089 3505 1202 3559 με’
1244 3489 1308 3541 ἐκ
1337 3488 1444 3543 τῶν
1479 3489 1714 3560 συνεχῶν

137 3596 267 3647 μου.

209 3670 334 3725 Ἰὃε
366 3671 479 3738 τὴν
513 3672 873 3726 ταπείνωσιν
917 3689 1036 3742 μου
1065 3671 1164 3725 καὶ
1208 3670 1314 3724 τὸν
1348 3673 1537 3726 κόπον
1571 3689 1710 3741 μου.

1807 2501 2175 2548 testamentum
2222 2496 2386 2564 ipsius
2438 2494 2794 2563 manifestabit
2847 2494 2974 2547 illis.
3014 2491 3362 2563 Evangeliuni

1805 2584 2030 2652 scilicet,
2072 2595 2167 2640 aut
2203 2587 2393 2642 salutis
2422 2587 2592 2641 viam.
2625 2586 2756 2641 Tota
2796 2586 2993 2655 quippe
3037 2584 3120 2638 lex
3161 2583 3366 2638 Christi

1807 2674 1910 2732 hoc
1942 2686 2149 2747 spectat
2183 2688 2238 2731 ut
2269 2678 2469 2748 probos
2503 2680 2703 2747 Optatis
2734 2686 2787 2732 et
2808 2678 3029 2732 delectis
3061 2676 3163 2730 frui
3193 2685 3364 2731 curet.

1807 2765 1865 2821 Id
1905 2783 2136 2838 namque
2185 2770 2283 2837 ait,
2309 2769 2666 2837 manifestabit
2718 2769 2850 2832 illis,
2887 2768 2940 2822 id
2968 2778 3072 2831 est,
3097 2767 3366 2836 exoptatis

1811 2858 1916 2915 frui
1945 2861 2177 2916 curabit.

1886 2951 1968 3004 I7.
2014 2949 2398 3005 Tribulationes
2446 2952 2617 3005 cordis
2669 2950 2768 3002 mei
2815 2946 3181 3016 multiplicata:
3223 2955 3364 2998 sunt.

1811 3038 2029 3106 Multis,
2076 3041 2286 3111 inquit,
2335 3041 2634 3111 angoribus
2686 3039 2927 3108 undique
2968 3038 3370 3091 circumventus

1814 3148 1956 3187 sum.
1987 3131 2136 3189 IIanc
2163 3134 2346 3204 itaque
2367 3148 2542 3188 meam
2571 3131 2953 3194 humilitatem,
2984 3129 3080 3183 bas
3101 3141 3374 3181 erumnas

1813 3225 2126 3294 appendcns
2156 3240 2278 3280 cum
2311 3226 2549 3295 peccatis
2579 3223 2733 3288 meis,
2759 3225 2825 3277 da
2865 3220 3244 3276 remissionem
3281 3233 3371 3273 ιο-

1815 3317 2069 3387 niamque
2125 3317 2323 3386 praebe.
2367 3316 2443 3370 De
2482 3316 2876 3369 necessitatibus
2925 3315 3051 3370 meis
3102 3330 3224 3368 erue
3262 3329 3376 3380 me,

1815 3411 2033 3467 assidue
2061 3412 2263 3466 scilicet
2289 3409 2672 3480 prementibus.

1889 3678 1976 3734 I8.
2029 3675 2154 3731 Vide
2195 3674 2546 3730 humilitatem
2593 3689 2758 3727 meam
2805 3683 2853 3727 et
2910 3671 3143 3727 laborem
3181 3687 3371 3726 meum.

129 3764 228 3814 Δεῖ
257 3762 375 3835 γὰρ
406 3763 480 3835 μὴ
517 3765 741 3827 ὑπτίους
772 3760 906 3816 εἶναι
941 3763 1034 3816 καὶ
1073 3763 1548 3830 ἀναπεπτωκότας,
1581 3763 1709 3834 θαρι

1819 3769 2042 3839 Oportct
2088 3767 2232 3823 enim
2273 3780 2381 3821 non
2419 3765 2644 3834 supinos
2684 3772 2737 3818 et
2767 3764 2952 3816 animo
2995 3764 3195 3817 fractos
3231 3778 3374 3826 esse,

128 3853 379 3924 ῥοῦν-τας
409 3855 486 3924 τῷ
514 3855 654 3907 ἐλέει
685 3853 777 3907 τοῦ
806 3853 938 3908 Θεοῦ
960 3871 974 3884 ·
1011 3853 1145 3908 ἀλλά
1174 3855 1282 3930 γὰρ
1323 3855 1593 3926 είσφέρειν
1627 3855 1715 3906 τὸν

125 3946 218 3998 διὰ
244 3947 368 3999 τῶν
393 3947 570 4017 ἔργων
598 3948 779 4002 πόνον.

205 4036 341 4091 Ἴδε
366 4039 511 4104 τοὺς
537 4039 791 4108 ἐχθρούς
807 4057 946 4110 μου,
981 4039 1069 4092 ὅτι
1089 4038 1574 4106 ἐπληθύνθησαν.
1611 4035 1721 4090 Καὶ

122 4129 242 4183 ἀπὸ
279 4131 393 4201 τῆς
435 4131 652 4193 ἀδικίας
691 4129 798 4183 τῶν
834 4129 1044 4202 ἐχθρῶν
1095 4131 1174 4194 είς
1220 4129 1365 4182 ἔλεον
1413 4128 1720 4183 ἐκκαλεῖται

121 4220 218 4274 τὸν
249 4221 426 4274 Θεόν.

195 4317 462 4366 iis“:ch
511 4313 608 4366 καὶ
651 4312 842 4378 εὑθεῖς
869 4310 1208 4366 iionde
1243 4328 1365 4380 μοι.
1419 4311 1528 4364 Καὶ
1565 4309 1721 4363 τοῦτο

116 4404 260 4458 Esau
317 4404 572 4476 ἀρετῆς,
615 4403 674 4455 τὸ
712 4406 888 4472 μισεῖν
933 4403 1033 4473 μὲν
1061 4401 1171 4455 τῶν
1218 4400 1431 4470 φαύλων
1465 4400 1562 4465 τὰς
1594 4418 1721 4454 συν⁸

109 4497 329 4560 casia;
360 4536 382 4559 ς
411 4495 543 4557 τοὺς
581 4493 639 4548 δὲ
667 4493 764 4565 τὴν
795 4494 1017 4565 ἰσότητα
1043 4493 1314 4564 τιμῶντας
1355 4494 1448 4545 καὶ
1473 4492 1724 4563 εύθύτητι

111 4588 472 4662 χρωμένους
509 4584 759 4656 συνήθεις
785 4584 929 4656 ἔχειν
956 4584 1048 4638 καὶ
1072 4583 1257 4654 φίλους
1277 4601 1291 4615 ⁸
1322 4583 1478 4637 τοῦτο
1503 4583 1609 4654 γὰρ
1635 4583 1728 4637 καὶ

107 4696 138 4731 ο
189 4680 521 4754 προφήτης
573 4676 676 4748 ἔφη
725 4675 1113 4746 πεποιηκέναι,
1155 4675 1249 4730 ἅτε
1294 4675 1357 4747 δὴ
1408 4675 1728 4747 θεραπεύειν

108 4773 286 4829 τοῦτο
317 4772 436 4826 τὸν
460 4769 739 4839 Δεσπότην
769 4767 1083 4840 ἡγούμενος.

293 4885 432 4947 Εἷς
457 4881 524 4934 τὸ
554 4879 727 4945 τέλος
761 4881 1065 4935 ΨΑΛΜΟΣ
1092 4876 1172 4943 τῷ
1199 4877 1392 4932 Δαυΐδ.
1421 4876 1551 4932 κε’.

797 4971 1114 5035 Ὺπόθεσις.

105 5089 236 5145 τῶν
265 5085 749 5142 πεπιστευκότων
777 5085 856 5147 είς
886 5083 1114 5154 Χριστὸν
1137 5082 1445 5153 εἰσφέρεται
1473 5082 1532 5136 τὸ
1564 5083 1731 5155 πρόσ-

173 5200 358 5238 ωπον
399 5176 764 5249 ἀρνουμένων
791 5175 885 5229 καὶ
908 5172 1380 5247 διισχυριζομένων
1408 5175 1498 5226 ἐπὶ
1534 5177 1598 5244 τῇ
1633 5191 1731 5226 κα..

173 5274 492 5331 ταστάσει
534 5269 634 5340 τῆς
677 5268 958 5330 κοινωνίας
1000 5267 1110 5320 τῶν
1158 5266 1422 5320 Ἰουδαίων
1456 5265 1563 5320 τῶν
1610 5282 1732 5317 συν-

173 5353 574 5439 εληλυθότων
593 5355 738 5411 κατά
758 5356 852 5409 τοῦ
874 5356 1077 5427 Κυρίου
1104 5356 1197 5408 καὶ
1221 5354 1358 5407 κατά
1387 5353 1478 5406 τοῦ
1497 5351 1728 5424 Χριστοῦ

170 5457 405 5519 αὐτοῦ.

172 5577 448 5654 Κρῖνόν
475 5586 552 5639 με
569 5608 584 5632 ,
608 5568 787 5636 Κύριε
812 5604 824 5628 ,
867 5563 954 5616 ὅτι
979 5563 1107 5633 ἐγὼ·
1128 5564 1195 5615 ἐν
1227 5562 1441 5628 (inania
1461 5579 1578 5631 μου
1599 5560 1738 5614 ἐπο-

1818 3859 2046 3914 lidentes
2098 3855 2486 3912 misericordiae
2533 3853 2651 3919 Dei,
2680 3853 2774 3909 sed
2817 3852 3010 3908 aliene
3042 3867 3264 3923 operum
3300 3853 3379 3907 la-

1819 3952 2225 4111 bo'lgljiiiespice
2267 4038 2505 4092 inimicos
2551 4052 2712 4102 meos,
2743 4037 2993 4106 quoniam
3044 4033 3382 4103 multiplicati

1821 4143 1964 4188 sunt.
2004 4132 2081 4187 Ex
2119 4131 2466 4186 inimicorum
2512 4127 2801 4197 iniquitate
2830 4134 3044 4195 sumpta
3073 4127 3380 4190 occasione,

1823 4226 1992 4282 Deum
2025 4232 2184 4280 vocat
2210 4223 2279 4277 ad
2309 4220 2760 4277 misericordiam.

1891 4320 1982 4374 21.
2037 4316 2344 4372 Innocentes
2385 4324 2435 4370 et
2462 4316 2587 4370 recti
2627 4315 2960 4370 adhwserunt
2994 4313 3142 4368 mihi.
3184 4311 3250 4367 Et
3279 4316 3386 4368 hoc
3485 4299 3487 4302 i

1825 4414 2105 4483 pr0prium
2138 4409 2355 4465 virtutis
2395 4418 2498 4478 est,
2546 4409 2918 4479 improborum
2947 4421 3275 4478 congressus
3303 4405 3387 4460 fu-

1828 4519 1970 4574 gere,
2005 4503 2145 4573 aequi
2176 4513 2356 4557 autem
2392 4509 2448 4556 et
2474 4501 2607 4556 recti
2641 4501 2880 4557 cultores
2909 4500 2964 4556 in
3009 4501 3200 4556 amicis
3224 4509 3278 4554 et
3307 4499 3387 4554 fa-

1830 4596 2133 4651 miliaribus
2190 4595 2407 4649 habere.
2437 4591 2552 4649 Hoc
2588 4594 2754 4650 etiam
2795 4593 3063 4664 Propheta
3102 4609 3168 4648 se
3197 4591 3391 4649 fecisse

1833 4690 1909 4745 ait
1936 4707 1951 4746 :
1983 4696 2137 4744 ratus
2161 4687 2420 4742 nimirum
2451 4687 2504 4741 id
2537 4701 2660 4741 esse
2685 4684 2974 4739 Dominum
3007 4684 3206 4738 colere.

2044 4802 2096 4856 1.
2131 4799 2196 4854 In
2229 4801 2383 4869 ﬁnem
2414 4797 2648 4853 PSALM
2661 4797 2748 4853 US
2783 4797 2969 4852 David.
3000 4795 3104 4850 XX
3120 4795 3180 4851 Υ.

2419 4896 2818 4965 Argumentum.

1836 5011 2115 5068 Inducitur
2145 5027 2374 5081 persona
2399 5025 2589 5066 eorum
2633 5011 2726 5080 qui
2757 5010 3108 5065 crediderunt
3151 5009 3205 5064 in
3236 5008 3396 5064 Chri-

1906 5115 2071 5170 stum,
2093 5103 2414 5174 negantibus
2430 5104 2631 5158 interea
2659 5113 2711 5158 et
2725 5102 3225 5158 contradicentibus
3245 5116 3396 5157 com-

1907 5197 2182 5252 munionis
2223 5195 2595 5250 constitutioni
2636 5191 2861 5260 Iudaeis,
2895 5193 2989 5264 qui
3033 5202 3400 5248 convenerant

1910 5291 2168 5345 adversus
2200 5287 2484 5342 Dominum
2515 5295 2568 5342 et
2599 5287 2859 5341 adversus
2883 5283 3160 5339 Christum
3189 5284 3325 5356 ejus.

1906 5552 2103 5606 Judica
2150 5567 2248 5615 me,
2295 5548 2546 5610 Dsmine,
2593 5548 2841 5618 quoniam
2875 5561 2966 5617 ego
3008 5546 3063 5599 in
3105 5540 3403 5597 innocentia

98 5637 380 5744 [£133,113
437 5637 714 5718 ’Ᾰκακίαν
738 5657 895 5710 καλεῖ
920 5656 978 5709 τὸ
1004 5657 1077 5727 μὴ
1110 5656 1393 5726 μετασχεῖν
1421 5655 1518 5720 τῆς
1550 5651 1709 5721 φαυλέ

1842 5663 1958 5699 mea
1990 5646 2255 5713 ingressus
2294 5657 2432 5695 sum.
2465 5638 2834 5694 Innocentiam
2867 5637 2999 5693 dicit
3021 5651 3130 5691 non
3160 5644 3408 5690 cbmmu-

1885 5737 1896 5744 .
2304 5733 2330 5744 Α
2356 5733 2387 5744 ιι
2487 5741 2497 5744 _
2694 5731 2704 5742 ι
2772 5728 2791 5744 1
2853 5730 2865 5744 ι
3058 5743 3062 5744 ,
3131 5720 3190 5744 l3:
3217 5723 3266 5744 ἐμ
3307 5720 3377 5744 ΙΙ-

103 5786 275 5841 τητος
327 5781 370 5818 κ

375 5759 456 5817 αἱ
491 5754 589 5825 τῆς
619 5748 883 5811 ἀπονοίας
929 5746 1032 5801 τῶν
1081 5745 1362 5799 Ἰουδαίων.
1402 5745 1511 5800 Καὶ
1540 5743 1638 5797 ἐπὶ
1669 5759 1709 5796 τε

1846 5737 2028 5794 nicare
2055 5751 2177 5793 cum
2204 5733 2423 5805 perﬁdia
2450 5741 2504 5788 ct
2527 5731 2741 5788 vesania
2763 5728 3095 5786 Judmorum.
3123 5720 3190 5778 Ei
3214 5723 3269 5778 in
3297 5720 3408 5776 Do-
