4074 6304
781 327 878 381 M7
1621 334 1677 387 S.
1719 333 2086 391 ATHANASH
2124 336 2274 393 OPP.
2317 338 2498 392 PARS
2538 335 2622 393 Ill.
2664 364 2732 376 --
2771 336 3179 393 EXEGETICA.
3883 338 3974 392 ηε

777 447 916 498 mino
943 462 1153 513 sperans
1177 463 1281 500 non
1306 447 1627 517 inﬁrmabor.
1658 451 1791 504 Cum
1827 454 1877 506 in
1915 462 1964 506 te
1991 468 2138 522 Spem
2164 455 2278 508 salu

2426 456 2616 521 Κυρίῳ
2649 454 2898 513 ellle
2937 456 3007 506 οὐ
3035 455 3120 522 μὴ
3149 453 3482 520 ἀσθενήσω.
3519 451 3770 514 Βεῦαίαν,
3801 454 3971 520 φησιν,

775 534 842 587 tis
868 549 1144 603 reponam,
1176 537 1403 591 llrmiter
1433 547 1487 592 et
1521 538 1774 594 immotus
1813 545 2126 596 consistam.

837 712 891 767 Si.
927 712 1098 766 Proba
1126 730 1221 777 me,
1254 715 1489 779 Domine,
1518 727 1565 770 et
1590 727 1728 770 tenta
1756 734 1852 771 me.
1879 719 1937 772 Si
1968 722 2316 791 pervestiges,

767 803 960 873 inquit,
995 803 1257 872 profunda
1311 808 1503 861 anima).
1549 824 1700 872 meae,
1747 811 1800 862 in
1849 819 1898 864 te
1941 811 2057 864 solo
2100 827 2313 866 omnem

767 896 966 950 mentis
1008 897 1424 953 sollicitudinem
1467 916 1552 955 me
1620 917 1878 970 reponere
1927 903 2309 972 deprehendes.

775 986 925 1052 Quod
951 1002 1072 1042 cum
1098 1004 1273 1059 agam,
1293 1000 1546 1061 acceptus
1565 1008 1659 1048 ero
1683 994 1796 1058 tibi,
1825 1004 1928 1049 tuae
1945 997 2148 1051 scilicet
2173 999 2315 1052 veri-

765 1080 890 1134 tatis
915 1095 1123 1138 amans.

2427 545 2530 609 ἓξω
2577 544 2674 614 τὴν
2707 545 2893 596 στάσιν
2960 546 3038 604 είς
3076 545 3132 595 σὲ
3165 544 3262 606 τὰς
3306 543 3524 604 ἐλπίδας
3571 542 3671 609 τῆς
3710 542 3973 611 σωτηρίας

2427 635 2895 706 ἀπογραψάμενος.

2493 729 2829 795 Δοκίμασόιο
2847 745 2942 795 με,
2972 729 3174 794 Κύριε,
3202 726 3300 779 καί
3336 726 3624 793 πείραις-όν
3647 740 3744 792 με.
3791 723 3855 777 El
3898 722 3975 787 ὲξο

2425 819 2620 891 ετάσῃς
2660 819 2754 888 τῆς
2781 817 2954 888 ψυχῆς
2988 836 3090 889 μου
3130 818 3196 870 τὰ
3222 817 3360 886 βάθη
3384 855 3399 879 ,
3446 815 3640 886 φησιν,
3673 815 3766 866 ἐπὶ
3801 813 3879 882 τῷ
3905 815 3972 881 at"?

2427 910 2570 980 μόνῳ
2598 910 2847 980 εὑρήσεις
2877 909 3012 961 ὲλέει
3046 910 3222 962 πάντα
3251 924 3349 978 μου
3385 907 3481 974 τῆς
3509 905 3745 966 διανοίας
3775 906 3863 956 τὸν
3886 905 3971 956 πό-

2421 1017 2508 1052 νον
2555 1001 2901 1069 ἐπανέχοντα.
2933 998 3100 1051 Τοῦτο
3143 999 3198 1049 δὲ
3243 996 3408 1050 ποιῶν
3455 997 3745 1065 εὐάρεστος
3789 993 3970 1064 ἔσομαι

2423 1089 2574 1161 παρά
2600 1091 2681 1142 σοὶ
2714 1090 2808 1160 τὴν
2839 1091 2936 1158 σὴν
2963 1090 3253 1160 ἀγαπήσας
3286 1086 3558 1158 ἀλήθειαν.

832 1213 1020 1270 Daniel
1053 1217 1363 1272 Barbarus:
1397 1218 1498 1274 Ure
1529 1237 1671 1274 renes
1701 1238 1860 1275 meos.
1891 1221 2057 1288 Quasi
2083 1223 2246 1290 dicat,
2283 1226 2549 1280 succende
2582 1235 2635 1280 et
2658 1229 2907 1280 examina
2945 1224 3163 1279 intimas
3193 1224 3359 1276 animi
3393 1223 3496 1276 mei
3528 1222 3905 1291 cogitationes,
3925 1231 3971 1277 ct

762 1321 1098 1380 perscrutare
1128 1329 1194 1367 an
1231 1315 1302 1368 ita
1334 1331 1417 1370 me
1448 1317 1621 1371 habeo
1656 1326 1715 1370 ut
1743 1317 1883 1372 dico.
1919 1317 2087 1373 Porro
2113 1321 2215 1374 alia
2250 1328 2336 1375 est
2387 1320 2473 1375 hic
2511 1321 2795 1376 succensio
2826 1318 3063 1382 Domini,
3097 1333 3258 1388 quam
3301 1315 3566 1385 PrOpheta
3615 1325 3785 1385 optat,
3813 1315 3883 1369 ab
3911 1330 3966 1369 ea

759 1419 881 1473 qua:
911 1405 970 1460 lit
994 1406 1306 1462 ardentibus
1339 1409 1558 1480 maligni
1590 1411 1817 1480 sagittis.
1852 1409 1988 1465 Nam
2017 1411 2279 1469 Dominus
2310 1413 2579 1468 deteriora
2618 1411 2911 1477 consumit,
2946 1420 2998 1464 et
3027 1425 3184 1464 renes
3224 1418 3279 1463 et
3306 1408 3467 1462 corda
3499 1414 3797 1476 expurgat;
3825 1406 3970 1459 mali-

757 1512 896 1567 gnus
924 1507 1102 1553 autem
1132 1499 1383 1556 libidines
1428 1510 1482 1556 et
1515 1501 1735 1558 allectus
1770 1504 2001 1564 excitat:
2038 1517 2320 1578 propterea
2353 1507 2492 1577 ignis
2524 1511 2616 1577 qui
2649 1506 2701 1559 in
2738 1505 2870 1559 rubo
2910 1514 3024 1558 erat
3056 1518 3162 1557 non
3195 1501 3416 1567 exarsit,
3450 1500 3544 1570 qui
3597 1513 3726 1553 vero
3754 1499 3806 1551 in
3836 1498 3967 1567 judi-

755 1589 909 1643 cibus
935 1589 1077 1658 est,"
1108 1605 1171 1644 ex
1203 1591 1431 1645 rhamno
1454 1593 1769 1648 comburere
1795 1592 2017 1648 dicitur.

825 1704 877 1758 4.
904 1702 1025 1757 Νοη
1045 1704 1155 1758 sedi
1176 1720 1292 1757 cum
1318 1705 1534 1758 caitsilio
1551 1707 1818 1761 vanitatis.
1841 1707 2304 1778 lniquissimornm

2481 1707 2599 1758 Οὐκ
2629 1705 2876 1758 ἐκάθισα
2900 1701 3049 1771 μετὰ
3078 1702 3395 1770 συνεδρίου
3435 1702 3846 1770 ματαιότητος.
3869 1703 3964 1753 Σα-

749 1796 952 1867 judaici
984 1797 1161 1867 populi
1203 1797 1509 1867 principum
1543 1799 1835 1854 consilium
1877 1801 2018 1870 apud
2061 1815 2185 1855 eum
2216 1799 2306 1869 qui

753 1887 914 1941 corda
955 1887 1105 1941 novit
1134 1894 1187 1941 et
1223 1895 1495 1941 scrutatur
1525 1897 1707 1958 aperte
1741 1897 1898 1960 negat
1930 1898 1983 1944 et
2012 1887 2233 1958 respuit.

823 2061 870 2116 6.
907 2062 1114 2118 Lavabo
1161 2065 1294 2118 inter
1333 2066 1626 2119 innocentes
1667 2081 1851 2118 manus
1897 2082 2054 2119 meas.
2105 2063 2302 2127 Purus,

753 2154 949 2223 inquit,
981 2170 1078 2208 ero
1111 2171 1140 2208 a
1174 2154 1492 2210 fmilissimis
1532 2171 1719 2210 eorum
1751 2158 1937 2226 gestis.
1977 2156 2041 2209 Et
2077 2158 2302 2210 circum-

750 2243 884 2296 dabo
907 2244 1074 2296 altare
1101 2255 1267 2308 tuum,
1303 2243 1541 2298 Domine.
1575 2246 1771 2316 Aperte
1807 2246 2039 2300 in-hisce
2067 2245 2304 2300 rationa-

749 2335 910 2388 bilem
941 2334 1192 2402 praadicat
1216 2335 1443 2389 cultum.

819 2425 871 2479 8.
901 2424 1141 2493 Domine,
1168 2427 1331 2479 dilexi
1359 2427 1592 2480 decorem
1613 2427 1796 2480 donius
1827 2437 1948 2481 tuaz.
1985 2427 2197 2499 [Cupio,
2221 2428 2302 2481 in-

748 2519 885 2588 quit,
917 2519 1154 2571 divinam
1182 2518 1405 2572 domum
1440 2518 1622 2571 videre
1657 2526 1829 2584 tuam,
1862 2534 1982 2587 qua:
2008 2519 2176 2588 gratia
2210 2527 2299 2571 tua

747 2608 1024 2680 refulget.]
1057 2608 1227 2663 Decor
1262 2609 1456 2663 domus
1479 2619 1606 2664 sunt
1629 2611 1720 2679 qui
1749 2619 1937 2664 ornate
1969 2619 2022 2664 et
2046 2609 2300 2680 religiose

747 2701 800 2753 in
827 2699 1066 2754 Ecclesia
1092 2700 1312 2771 degunt.

819 2791 870 2846 9.
909 2791 989 2846 Ne
1014 2793 1200 2860 perdas
1243 2808 1356 2845 cum
1387 2793 1558 2862 impiis
1584 2796 1814 2845 animam
1855 2807 2039 2844 meam.
2068 2791 2238 2862 Rogat
2268 2805 2296 2844 a

745 2883 1010 2954 supplicio
1036 2884 1198 2938 eximi
1216 2882 1419 2938 ludatis
1444 2894 1653 2953 parato.

816 3061 903 3116 10.
936 3061 1001 3116 In
1028 3080 1247 3133 quorum
1287 3064 1524 3120 manibus
1567 3067 1862 3136 iniquitates
1898 3077 2041 3130 sunt,
2081 3069 2294 3120 dextera
2321 3080 2365 3137 (ζ

743 3169 922 3206 eorum
957 3153 1152 3222 repleta
1178 3163 1253 3208 est
1277 3157 1592 3210 muneribus.
1621 3157 1728 3210 Aut
1747 3158 1872 3226 quia
1903 3156 2062 3211 donis
2084 3156 2174 3226 jus
2196 3158 2295 3227 ipsi

745 3253 1126 3311 perverterent,
1157 3259 1249 3301 aut
1294 3249 1420 3318 quia
1459 3249 1618 3304 donis
1654 3250 1980 3318 proditorem
2021 3251 2295 3320 corrupis-

744 3344 865 3389 sent
890 3353 904 3401 ;
933 3347 1026 3389 aut
1055 3339 1176 3406 quia
1209 3340 1406 3407 injuste
1446 3350 1717 3409 raperent,
1759 3342 1879 3396 ideo
1908 3342 2180 3396 dexteram
2205 3357 2296 3397 eo-

742 3440 862 3477 rum
899 3426 1174 3494 replebant
1204 3431 1541 3484 muneribus.

778 3517 828 3570 l.
859 3516 1189 3574 PSALMUS
1223 3519 1389 3574 David
1409 3524 1714 3592 priusquam
1741 3525 2002 3577 linirelur.
2035 3523 2136 3577 XX
2156 3522 2244 3576 VI.

1331 3618 1369 3667 Α
1384 3626 1728 3686 rgumentum.

743 3697 1159 3757 lnstructionem
1225 3703 1485 3760 adversus
1543 3707 1730 3761 hostes
1785 3707 2160 3776 complectitur
2207 3705 2295 3760 hic

811 3787 1078 3854 Psalmus,
1109 3807 1228 3861 quae
1279 3809 1346 3847 ex
1397 3794 1553 3850 bonis
1598 3795 1700 3850 sibi
1728 3811 1758 3850 a
1789 3795 1897 3851 Deo
1921 3795 2129 3850 collatis
2167 3804 2291 3849 nota

816 3890 954 3946 erat,
985 3892 1145 3951 atque
1194 3900 1318 3938 cum
1371 3887 1710 3942 confessione
1755 3897 1908 3957 rogat
1945 3887 2196 3942 secundis
2237 3901 2293 3941 se

814 3973 971 4028 donis
1018 3976 1222 4045 augeri.
1257 3975 1387 4030 Illud
1417 3987 1593 4031 autem
1623 3997 1635 4030 :
1666 3979 1959 4049 Antequam
1992 3989 2288 4049 angeretur,

810 4065 1099 4134 signiﬁcat,
1141 4067 1318 4136 ipsum
1358 4069 1544 4124 divino
1591 4069 1794 4140 Spiritu
1841 4072 2167 4141 prospicere,
2192 4087 2292 4125 un-

810 4155 1040 4224 gendum
1066 4172 1124 4211 se
1150 4157 1263 4213 fore
1287 4159 1338 4213 in
1368 4177 1567 4230 regem,
1598 4162 2088 4232 tentationibusque
2118 4161 2291 4231 impe-

810 4247 1054 4301 tendum.
1081 4248 1418 4306 Fortitudine
1447 4253 1657 4308 lumbos
1686 4254 2006 4322 praecinctus
2053 4253 2118 4306 ad
2149 4253 2290 4322 peri-

810 4337 931 4391 cula
955 4339 1320 4408 pr0pulsanda
1343 4341 1633 4397 admodum
1667 4345 2041 4413 prmmunitur.

2411 1795 2526 1865 φῶς
2554 1796 2644 1849 ἐπὶ
2676 1794 2766 1848 τοῦ
2798 1795 2994 1858 εἰδότος
3023 1794 3120 1858 τὰς
3146 1793 3371 1865 καρδίας
3409 1793 3620 1856 ὲτάξειν
3641 1792 3703 1846 τὸ
3731 1793 3838 1845 τῶν
3872 1811 3964 1844 πα-

2411 1888 2801 1958 ρανομωτάτων
2841 1887 3115 1957 ἀρχόντων
3149 1883 3240 1936 τοῦ
3279 1883 3543 1937 Ἰουδαίων
3582 1884 3767 1947 ἔθνους
3797 1886 3964 1955 ἀρνεῖ-

2407 1994 2495 2030 ται
2533 1978 2821 2048 συνέδριον.

2476 2069 2735 2136 Νίψομαι
2779 2067 2848 2118 ἐν
2892 2065 3101 2131 ἀθώοις
3139 2065 3243 2131 τὰς
3289 2066 3486 2135 χεῷάς
3524 2083 3663 2134 μου.
3720 2065 3962 2135 Καθαρίις

2404 2159 2630 2229 ἔσομαι,
2665 2159 2824 2230 φησὶ,
2865 2157 2970 2210 τῶν
3001 2158 3294 2226 μιαιφόνων
3338 2157 3514 2211 αὐτῶν
3550 2155 3820 2225 πράξεων.
3859 2157 3961 2211 Καὶ

2405 2250 2693 2304 κυκλὼσω
2725 2249 2790 2302 τὸ
2823 2249 3250 2317 θυσιαστήριον
3277 2262 3414 2311 σου,
3451 2249 3643 2313 Κύριε.
3677 2246 3868 2314 Σαφῶς
3907 2251 3959 2301 ἑν

2403 2341 2609 2404 τούτοις
2637 2342 2733 2410 τὴν
2767 2340 2988 2408 λογικὴν
3021 2339 3381 2409 ἀνακηρύττει
3405 2338 3680 2409 λατρείαν.

2473 2432 2665 2500 Κύριε,
2692 2430 2975 2499 ἠγάπησα
3001 2429 3358 2498 εὐπρέπειαν
3383 2431 3551 2483 οἴκου
3578 2446 3716 2485 σου.
3764 2431 3953 2503 [Ποθῶ,

2403 2521 2566 2591 φησι,
2610 2521 2697 2573 τὸν
2743 2521 2882 2573 θεῖον
2927 2517 3070 2574 οἷκον
3105 2521 3264 2583 ἰδεῖν,
3297 2520 3386 2572 τὸν
3432 2521 3529 2588 τὴν
3573 2521 3672 2590 σὴν
3711 2521 3953 2575 ἀποστίλ-

2401 2613 2562 2664 ϐοντα
2590 2611 2794 2683 χάριν.]
2825 2612 3139 2682 Εὑπρέπεια
3185 2610 3276 2662 τοῦ
3316 2609 3541 2662 οἴκουτοὶ
3576 2610 3952 2681 διαπρέποντες

2401 2705 2456 2755 ἐν
2482 2707 2546 2774 τῇ
2591 2703 2880 2772 Ἐκκλησία
2911 2702 2998 2756 διὰ
3026 2700 3349 2764 θεοσεϐείας.

2472 2793 2566 2862 Μὴ
2596 2792 3024 2859 συναπολέσῃς
3039 2793 3188 2860 μετὰ
3211 2788 3442 2845 ἀσεϐῶν
3466 2789 3578 2857 τὴν
3598 2792 3807 2859 ψυχήν
3817 2810 3946 2860 μου.

2403 2885 2548 2948 Ἐξω
2582 2884 2680 2955 τῆς
2703 2885 2973 2947 κολάσεως
3005 2882 3254 2952 γενέσθαι
3282 2882 3502 2952 εὖχεται
3539 2883 3636 2951 τῆς
3668 2884 3949 2953 ἀποκειμέ-

2400 2993 2494 3045 νης
2521 2979 2630 3038 τοῖς
2663 2976 2951 3037 Ἰουδαίοις.

2468 3062 2575 3119 Ὦν
2598 3065 2665 3118 ἐν
2693 3067 2904 3134 χερσὶν
2935 3068 2992 3117 al
3014 3065 3269 3132 ἀνομίαι,
3305 3067 3341 3132 ἡ
3368 3066 3530 3130 δεξιὰ
3553 3063 3750 3118 αὐτῶν
3769 3064 3947 3131 ἐπλή-

2399 3163 2513 3225 σθη
2541 3157 2756 3226 δώρων.
2793 3159 2861 3209 Ἢ
2887 3157 2960 3220 ὡς
2987 3157 3079 3209 καὶ
3099 3155 3274 3209 αὐτῶν
3300 3155 3486 3227 δώροις
3516 3157 3946 3226 παρακρινόντων

2397 3252 2454 3303 τὸ
2477 3249 2749 3319 δίκαιον,ῆ
2774 3248 2862 3301 διὰ
2885 3248 2944 3300 τὸ
2971 3247 3160 3318 δώροις
3177 3248 3266 3300 τὸν
3285 3247 3545 3318 προδότην
3559 3247 3943 3317 ἐξωνήσασθαι·

2397 3344 2428 3414 ἦ
2471 3341 2654 3411 ἐπειδὴ
2696 3340 3000 3411 ἡρπάζοντο
3039 3339 3266 3409 ἀνομίαν
3290 3356 3302 3368 ·
3351 3340 3437 3393 διὰ
3469 3339 3623 3392 τοῦτο
3651 3339 3744 3409 τὴν
3779 3337 3944 3403 δεξιὰ-ι

2398 3434 2572 3486 αὐτῶν
2602 3432 2867 3502 ἐπλήρουν
2893 3431 3099 3503 δώρων.

2437 3525 2742 3579 ΨΑΛΜΟΣ
2790 3522 2890 3576 τοῦ
2922 3523 3100 3575 Actum
3127 3522 3238 3589 πρὸ
3275 3522 3376 3576 τοῦ
3404 3521 3741 3590 χρισθῆναι.
3776 3525 3908 3589 ΚΤ.

3011 3613 3329 3677 Ὑπόθεσις.

2397 3704 2642 3776 Περιέχει
2677 3705 2704 3755 ὁ
2745 3703 2955 3774 ψαλμδς
2996 3705 3292 3772 κατήχησιν
3333 3707 3448 3758 κατ’
3479 3703 3706 3774 ἐχθρῶν,
3750 3703 3836 3771 ἀφ’
3873 3693 3940 3754 ὧν

2465 3797 2563 3866 ἤδη
2591 3793 2807 3858 ἐδέξατο
2837 3795 2984 3865 παρὰ
3016 3793 3148 3845 Θεοῦ
3175 3795 3598 3866 γινωσκομένην,
3627 3795 3719 3848 καὶ
3744 3795 3940 3863 αίτησιν

2465 3885 2729 3956 δευτέρων
2777 3885 2992 3953 ἀγαθῶν
3047 3887 3163 3954 μετ’
3227 3885 3679 3957 ἐξομολογήσεως.
3727 3885 3799 3938 Τὸ
3851 3884 3936 3943 δὲ.

2463 3979 2574 4049 πρὸ
2631 3979 2734 4032 τοῦ
2789 3976 3141 4047 χρισθῆναι,
3198 3981 3370 4030 ἐκεῖνο
3406 3980 3678 4049 σημαίνει,
3724 3979 3822 4037 ὅτι,
3871 3977 3937 4044 τῷ

2463 4070 2735 4140 Πνεύματι
2773 4068 2849 4138 τῷ
2875 4067 3003 4139 θείῳ
3047 4069 3442 4141 προεωρακὼς,
3485 4069 3558 4132 ὡς
3601 4069 3934 4139 χρισθήσεται

2467 4162 2562 4230 μὲν
2607 4162 2686 4224 είς
2732 4159 2986 4229 βασιλέα,
3021 4161 3305 4232 περιπέσει
3336 4160 3391 4213 δὲ
3437 4163 3546 4224 τοῖς
3594 4163 3932 4231 πειρασμοῖς,

2463 4249 2677 4320 ἀνδρεία
2715 4249 3152 4319 περιζωσάμενος
3189 4249 3283 4319 τὴν
3326 4251 3506 4320 ὀσφὺν
3537 4246 3595 4302 εὖ
3634 4249 3778 4318 μάλα
3819 4248 3933 4314 περὶ

2461 4339 2586 4402 τοὺς
2613 4337 2884 4400 κινδύνους
2917 4337 3259 4391 ἀντισοῦσθαι
3283 4337 3706 4392 διαϐεϐαιοῦται.

807 4487 1004 4556 Adjicit
1033 4487 1223 4542 Daniel
1252 4489 1518 4544 Barbarus
1551 4509 1567 4544 :
1603 4491 1906 4547 Vicesimus
1935 4500 2140 4554 sextus,
2165 4490 2448 4560 septimus,
2483 4497 2709 4543 octavus
2742 4496 2794 4542 et
2823 4502 3000 4541 nonus
3039 4487 3228 4557 psalmi
3265 4487 3404 4542 idem
3437 4488 3633 4543 nabcnt
3665 4504 3932 4558 argumen-

733 4588 870 4631 tum.
899 4578 1174 4649 Siquidem
1219 4582 1461 4651 subjecto
1487 4584 1541 4637 in
1575 4584 1828 4639 Assvrios
1860 4587 2047 4640 eodem
2089 4601 2151 4638 ex
2197 4597 2429 4653 persona
2465 4582 2604 4637 beati
2634 4580 2876 4635 Ezechias
2907 4581 3181 4643 dicuntur,
3215 4579 3535 4649 praedicente
3585 4579 3773 4644 David,
3798 4591 3843 4634 et
3873 4583 3929 4635 ad

733 4679 838 4728 hoc
871 4686 1249 4745 argumentum
1275 4686 1562 4733 revocante
1594 4678 1862 4750 Propheta
1911 4681 2055 4734 illius
2089 4694 2396 4749 personam,
2429 4677 2500 4730 ita
2532 4683 2592 4731 ut
2623 4675 2809 4730 eadem
2849 4675 3011 4728 verba
3055 4674 3308 4743 praedicet
3344 4681 3398 4726 et
3425 4672 3650 4727 allectus
3681 4673 3927 4728 ostendat.

731 4769 997 4823 Cancrum
1029 4767 1384 4824 imitationem
1414 4780 1466 4824 et
1498 4769 1852 4826 diﬂ'erentiam
1880 4771 2166 4841 quamdam
2195 4771 2393 4823 habent
2417 4768 2470 4822 hi
2501 4767 2694 4837 psalmi
2721 4789 2735 4819 :
2764 4781 2888 4820 nam
2925 4766 3212 4819 vicesimus
3241 4774 3446 4830 sextus,
3476 4771 3530 4817 et
3556 4764 3835 4818 vicesimus
3856 4779 3928 4816 se-

733 4859 951 4926 ptimus,
979 4859 1218 4915 victoria
1264 4863 1505 4917 carmina
1549 4874 1676 4918 sunt
1719 4873 1926 4919 tantum
1969 4880 2067 4934 pro
2095 4863 2282 4918 deletis
2307 4859 2581 4931 Assyriis:
2619 4867 2674 4913 at
2701 4857 2987 4912 vicesimus
3012 4865 3236 4911 octavus
3272 4864 3327 4909 et
3364 4854 3654 4911 vicesimus
3683 4868 3847 4908 nonus
3871 4855 3927 4904 de

732 4954 1102 5010 incolumitate
1133 4964 1188 5010 et
1216 4958 1449 5013 sanitate
1474 4957 1717 5015 Ezechiae
1743 4963 1988 5016 restituta
2019 4960 2344 5015 mentionem
2378 4955 2599 5010 faciunt.

801 5044 1057 5100 Dominus
1103 5047 1420 5102 illuminatio
1469 5067 1583 5104 mea
1618 5061 1667 5105 et
1695 5053 1837 5107 salus
1882 5071 2014 5117 mea,
2040 5071 2186 5124 quem
2218 5055 2286 5105 li-

2461 5047 2671 5114 Κύριος
2699 5044 2998 5114 φωτισμός
3019 5060 3137 5112 μου
3166 5042 3262 5094 καὶ
3286 5041 3484 5108 Σωτήρ
3501 5058 3642 5109 μου,
3672 5041 3797 5094 τίνα
3829 5057 3921 5106 5:0-

730 5133 912 5187 mebo?
937 5136 1288 5192 Adversarias
1318 5148 1611 5208 potestates
1641 5143 1890 5213 despicit,
1921 5145 2046 5214 quia
2091 5146 2144 5198 in
2179 5143 2284 5199 Do-

730 5225 860 5278 mini
886 5225 1279 5283 illuminatione
1298 5232 1540 5286 conlidit.
1563 5234 1604 5286 A
1621 5243 1691 5298 le,
1715 5236 1907 5305 inquit.
1929 5238 2283 5295 illuminalns.

729 5330 918 5369 omnes
951 5332 1054 5370 una
1079 5320 1263 5374 hostes
1290 5333 1576 5378 contemno

2391 5136 2754 5204 ὄηθήσομαι;
2782 5132 3186 5203 Κατευμεγεθεῖ
3211 5131 3320 5184 τῶν
3362 5131 3748 5200 ἀντικειμένων
3784 5129 3922 5182 δυνά·

2394 5247 2537 5299 μεων
2579 5228 2656 5298 τῷ
2695 5227 2832 5297 ιιῖωτλ⁸
2879 5225 2974 5278 τοῦ
3018 5224 3220 5296 Κυρίου
3279 5223 3580 5294 θαρρήσας.
3635 5224 3765 5276 Ὑπὸ
3806 5222 3917 5276 σος.

2390 5323 2521 5391 φησὶ
2541 5364 2553 5385 ,
2591 5321 2955 5390 φωτιζόμενος
2999 5317 3212 5370 πάντων
3248 5315 3382 5385 ὁμοῦ
3424 5314 3530 5368 τῶν
3569 5314 3918 5386 πολεμοῦντι-η

2390 5429 2727 5484 καταφρονω.

801 5472 988 5526 Daniel
1030 5474 1336 5534 mrban“:
1367 5480 1620 5537 θοηιίηυε
1668 5499 1925 5551 Ρνοιετιον
1965 5491 2078 5546 vim
2130 5512 2269 5549 metr.
2304 5496 2437 5563 Quis
2484 5472 2617 5558 adeo
2666 5502 2984 5558 insidiarum
3033 5511 3221 5569 potens
3279 5499 3401 5561 crit,
3463 5508 3521 5552 ut
3576 5508 3759 5568 potens
3793 5495 3918 5549 Deus

729 5578 810 5620 est
841 5568 904 5622 ad
945 5571 1199 5625 auxilium
1233 5572 1548 5633 ferendum?

818 5704 859 5730 “⁷
893 5703 1067 5759 ίιιιιὶρ.
1105 5726 1174 5768 ιτ,
1211 5711 1289 5763 l3.
