4074 6304
134 353 225 409 ΗΘ
1178 359 1531 415 ΕΧΡΟΞΙΤΙΟ
1573 360 1636 415 lN
1677 360 1743 414 PS

1734 360 2002 415 SALMUM
2039 359 2247 414 χχιιι.
3242 365 3343 420 ιε.)

207 473 297 521 Ἧι·
329 469 406 534 τῷ
435 471 686 539 ἐγγίζειν
717 471 807 523 ἐπ’
847 471 950 540 ἐμὲ
989 474 1339 540 κακοῦντας.
1383 476 1688 546 Προσῆλθον
1721 483 1762 536 Α

1728 483 1762 536 Α
1853 476 1908 529 2.
1941 475 2078 528 Dum
2122 476 2432 544 appmpiant
2476 493 2629 544 super
2677 492 2753 529 me
2793 487 3045 531 nocentes.
3083 477 3337 534 Accesse-

128 565 242 632 μὲν,
272 565 425 631 φησι,
471 562 780 632 διαφθεῖραι
809 563 1048 628 θέλοντες
1089 565 1381 620 πεπόνθασι
1417 569 1472 621 δὲ
1505 570 1532 621 ὃ
1557 569 1688 640 δρᾶ·

1791 577 1936 632 runt,
1963 567 2154 636 inquit,
2182 568 2364 620 animo
2397 569 2500 620 mei
2543 569 2832 637 perdendi,
2867 570 3010 639 quod
3054 570 3341 641 sperabant

125 667 212 704 σαι
239 652 496 721 ἤλπισαν.

1787 657 2037 712 illaturos
2066 674 2123 711 se
2151 657 2300 720 mali,
2331 657 2528 710 accidit
2556 658 2705 726 ipsis.

196 741 311 797 Τοῦ
331 743 629 796 κατοικεῖν
650 760 726 812 με
759 745 829 797 ἐν
853 745 992 812 οικῳ
1013 748 1252 814 Κυρίου.
1271 749 1380 801 Καὶ
1407 747 1514 818 γὰρ
1539 750 1687 814 αγιο-

1858 749 1912 802 ι.
1954 747 2020 802 Ut
2053 748 2332 801 inltabitem
2369 749 2422 800 in
2456 748 2609 801 domo
2646 747 2871 802 Domini.
2909 747 3118 803 Etenim
3151 758 3336 804 sancta

121 831 332 902 πρεπὴς
364 835 398 902 ἡ
437 833 654 902 αἴτησις
685 834 903 902 γέγονε,
931 836 1024 888 καὶ
1055 835 1173 906 Θεῷ
1215 837 1393 891 δοῦναι
1421 839 1562 903 ἀξία.
1604 837 1686 902 Τῷ

1783 850 1836 895 et
1868 855 2018 910 aequa
2056 840 2361 908 postulatio,
2402 854 2564 907 quam
2619 843 2914 893 concedere
2963 839 3070 895 Deo
3117 841 3334 911 dignum

117 919 354 986 θεωρεῖν
392 936 470 988 με
523 920 638 986 τὴν
681 923 1046 990 τερπνότητα
1079 927 1317 993 Κυρίου.
1363 927 1450 980 Ἐν
1479 927 1680 998 ταύτῃ,

1812 940 1883 986 st.
1917 930 1983 985 Ut
2019 931 2221 984 videam
2267 930 2579 998 voluptatem
2621 929 2852 984 Domini.
2885 931 2945 985 In
2998 932 3117 995 hac,
3141 933 3335 1000 inquit,
3408 973 3421 976 η

118 1013 300 1080 φησὶν,
320 1011 551 1083 εὔχομαι
577 1013 862 1078 διαπαντὸς
885 1015 1077 1080 οἰκεῖν,
1105 1017 1161 1068 ὲν
1259 1019 1353 1070 καὶ
1382 1017 1481 1086 τῆς
1510 1033 1682 1088 σωτη-

1782 1036 1970 1091 precor
1997 1021 2126 1075 mihi
2158 1035 2372 1090 semper
2397 1019 2643 1075 habitare
2675 1022 2854 1089 liceat,
2887 1023 2942 1076 in
2968 1038 3073 1092 qua
3097 1039 3218 1079 sum
3243 1040 3333 1080 sa-

123 1103 235 1172 ρξας
272 1104 555 1172 ἐπέτυχον.

1782 1110 1944 1166 lutem
1978 1120 2322 1166 consecutus.

197 1194 294 1246 Ἐν
315 1195 501 1263 πέτρᾳ
521 1194 767 1263 ὕψωσέν
777 1212 872 1264 με.
889 1196 1081 1265 Σαφῶς
1096 1198 1123 1249 ὁ
1142 1197 1345 1260 Παῦλος
1363 1198 1459 1268 τὴν
1476 1199 1680 1270 πέτραν

1868 1202 1921 1256 6.
1969 1200 2033 1254 In
2076 1211 2222 1270 petra
2255 1203 2506 1258 exultavit
2535 1220 2631 1257 me.
2662 1203 2859 1273 Aperte
2884 1202 3086 1260 Paulus
3128 1213 3333 1276 petram

117 1279 250 1336 εἶναι
284 1285 376 1336 τὸν
403 1285 636 1354 Χριστὸν
659 1284 1066 1356 διισχυρίζεται.
1098 1289 1258 1356 ’ᾼσω
1279 1289 1374 1340 καὶ
1405 1287 1579 1356 ψαλῶ
1601 1289 1679 1353 τῷ

1778 1308 1898 1346 esse
1912 1292 2188 1346 Christum
2208 1292 2435 1348 allirmat
2461 1296 2523 1347 ⁸⁸.
2543 1295 2778 1348 Cantabo
2809 1305 2856 1348 et
2877 1295 3135 1364 psalmum
3159 1297 3333 1350 dicam

116 1372 324 1440 Κυρίῳ.
360 1372 554 1441 Σαφῶς
579 1374 678 1444 τὴν
707 1372 822 1438 τοῦ,
844 1374 1050 1443 Ἄγιος,
1075 1375 1244 1444 ἅγιος,
1278 1377 1448 1445 ἅγιος,
1476 1380 1678 1450 ἀνακη-

1779 1385 2021 1438 Domino.
2051 1384 2330 1441 Manifesta
2355 1388 2559 1440 cultum
2590 1402 2685 1456 per
2720 1389 2833 1442 haec
2861 1388 3046 1453 verba,
3079 1386 3332 1450 Sanctus.

119 1461 294 1533 ρύττει
319 1462 597 1533 λατρείαν.

1778 1483 2014 1534 sanctus.
2046 1484 2265 1530 sanctus
2290 1475 2355 1542 δ’,
2389 1475 2657 1531 redditum
2687 1477 2960 1547 praedicat.

178 1553 589 1619 Εὶσάκουσον,
621 1558 816 1625 Κύριε,
851 1555 958 1624 τῆς
980 1556 1183 1625 φωνῆς
1209 1576 1348 1626 μου.
1383 1560 1522 1611 Ἀντὶ
1560 1560 1672 1623 τοῦ,

1853 1565 1903 1620 7.
1953 1565 2186 1633 Exaudi,
2219 1566 2458 1631 Domine,
2489 1584 2661 1621 vocem
2713 1585 2900 1622 meam.
2939 1567 3105 1635 Quasi
3148 1570 3329 1625 dicat:

116 1643 432 1714 Εὑχαριστῶ
457 1662 536 1699 σοι
555 1647 694 1717 ὑπὲρ
716 1645 822 1700 τῶν
856 1647 1320 1719 παρεληλυθότων,
1349 1650 1673 1723 δεηθήσομαι

1775 1664 1979 1727 gratias
2023 1658 2120 1713 tibi
2144 1659 2212 1714 de
2251 1660 2539 1730 praeteritis
2567 1675 2689 1731 ago,
2721 1661 2967 1731 supplico
2988 1676 3086 1731 pro
3110 1660 3330 1718 futuris.

113 1735 162 1788 δὲ
189 1737 328 1807 ὑπὲρ
357 1737 466 1789 τῶν
495 1735 636 1808 ἑξῆς.

175 1829 600 1896 Νομοθέτησόν
634 1845 744 1899 με,
785 1831 990 1899 Κύριε,
1029 1830 1097 1883 ἐν
1132 1830 1204 1900 τῇ
1237 1830 1355 1896 ὀδῷ
1385 1847 1520 1885 σου.
1569 1833 1670 1884 Τὸν
1703 1818 1744 1874 Β

1721 1820 1744 1874 3
1857 1837 1941 1892 ll.
1972 1836 2158 1908 Legem
2185 1853 2314 1908 pone
2352 1838 2501 1900 mihi,
2537 1837 2774 1901 Domine,
2810 1837 2865 1890 in
2906 1855 2987 1891 ma
3018 1846 3128 1891 tua.
3152 1835 3330 1892 Evan-

113 1917 462 1986 εὐαγγελικδν
492 1921 653 1990 νόμον
677 1920 892 1990 εὔχεται
923 1922 1272 1993 γυμνωθῆναι
1307 1922 1484 1994 αὐτῷ’
1511 1924 1670 1987 αὐτὸς

1776 1927 1998 1998 gelicam
2033 1929 2202 1999 legem
2236 1928 2339 1984 sibi
2367 1937 2552 1983 notam
2591 1928 2703 1983 ﬁeri
2732 1928 3003 1998 postulat;
3034 1928 3152 1999 ipsa
3184 1929 3327 1984 enim

113 2008 163 2060 δὲ
192 2009 297 2077 γὰρ
327 2005 399 2079 ἦν
426 2009 520 2062 καὶ
544 2012 576 2082 ἡ
607 2010 788 2064 εὐθεῖα
817 2011 950 2075 ὁδός.

553 2012 576 2082 [λ
607 2010 788 2064 εὐθεῖα
817 2011 950 2075 ὁδός.
1775 2029 1920 2076 recta
1947 2021 2031 2075 via
2062 2029 2162 2076 est.

174 2101 282 2155 Καὶ
315 2102 618 2170 ἐψεύσατο
652 2103 690 2171 ἠ
733 2103 933 2158 ἀδικία
958 2103 1164 2174 ἑαυτῇ.
1196 2105 1479 2160 Τουτέστιν
1509 2106 1669 2178 ἡσθέ-

1853 2110 1938 2164 12.
1974 2110 2044 2164 Et
2069 2113 2285 2165 mentita
2308 2120 2384 2164 est
2407 2112 2657 2182 iniquitas
2683 2112 2803 2164 sibi.
2837 2110 2892 2166 Id
2921 2121 3024 2177 est,
3056 2110 3224 2167 fracta
3247 2122 3328 2166 est

113 2210 262 2262 νησεν
293 2196 325 2264 ἡ
361 2194 483 2248 καθ’
516 2193 674 2266 ἡμῶν
703 2195 903 2251 ἀδικία.

1771 2201 2028 2271 iniquitas
2059 2218 2164 2271 qua
2204 2203 2610 2271 impetebamur.

168 2285 438 2338 Πιστεύω
466 2285 570 2348 τοῦ
603 2284 750 2338 ἰδεῖν
785 2286 857 2339 τὰ
879 2285 1068 2355 ἀγαθὰ
1100 2286 1316 2355 Κυρίου
1345 2288 1413 2340 ἐν
1434 2286 1509 2357 γῇ
1535 2287 1667 2348 ζών-

1851 2291 1935 2344 l'5.
1963 2290 2130 2346 Credo
2173 2292 2340 2346 videre
2369 2293 2502 2346 bona
2543 2293 2750 2348 Domini
2779 2295 2834 2348 in
2866 2304 3003 2350 terra
3025 2294 3323 2349 viventium.

109 2391 234 2429 των.
262 2375 376 2445 Τὴν
399 2377 508 2430 ἄνω
544 2377 889 2448 Ἰερουσαλήμ
925 2395 1104 2448 φησιν.

1084 2397 1104 2431 ι.
1773 2381 2070 2452 Supernatn
2095 2381 2392 2437 Jerusalem
2421 2383 2693 2453 intelligit.

492 2469 794 2522 ΨΑΛΜΟΣ
823 2468 901 2533 τῷ
930 2469 1127 2524 Δαυΐδ.
1152 2473 1280 2523 KZ'.

2118 2473 2455 2529 PSALMUS
2487 2475 2670 2529 David.
2700 2475 2946 2532 XXVII.

731 2559 1051 2624 Ὺπόθεσις.

2356 2567 2749 2635 Argumentum.

114 2653 250 2721 ᾋδει
280 2652 372 2706 τὸν
408 2653 646 2724 παρόντα
672 2651 882 2722 ψαλμὸν
906 2652 971 2704 ὲκ
996 2652 1284 2724 προσώπου
1318 2652 1422 2706 τῶν
1450 2670 1665 2705 πιστευ-

1769 2649 2092 2705 l’raesentem
2127 2653 2564 2721 canitpsalmum
2613 2669 2678 2708 ex
2724 2670 2952 2723 persona
2991 2654 3320 2711 credentium

172 2745 382 2796 σάντων
409 2746 489 2806 εἰς
522 2744 784 2814 Χριστὸν,
821 2743 909 2797 διὰ
951 2745 1184 2814 δεήσεως
1229 2743 1307 2805 εἰς
1350 2745 1664 2815 ἐπικουρίαν

1834 2742 1887 2795 in
1935 2741 2231 2803 Christum,
2259 2752 2312 2796 et
2345 2742 2568 2812 supplex
2610 2743 2699 2798 Dei
2747 2744 3002 2814 implorat
3027 2748 3320 2814 auxilium;

169 2835 350 2888 καλῶν
383 2836 476 2887 τὸν
513 2836 644 2888 Θεόν
667 2855 679 2867 ·
713 2836 830 2906 ἅμα
860 2837 915 2888 δὲ
950 2836 1043 2888 καὶ
1083 2835 1178 2906 τῆς
1228 2835 1490 2888 Ἰουδαίων
1531 2839 1664 2890 ἀπον-

1838 2845 1998 2902 atque
2026 2850 2132 2888 una
2164 2832 2470 2888 Judaeorum
2495 2835 2725 2890 vesaniae
2740 2838 3161 2914 exsecrationem
3190 2855 3320 2893 con-

171 2929 314 2991 νοίας
359 2929 660 2999 καταρασιν
701 2929 811 2999 ἔχει
857 2928 952 2982 καὶ
995 2926 1156 2997 εὐχὴν
1199 2927 1290 2980 τοῦ
1335 2927 1661 2998 χωρισθῆναι

1842 2929 1995 2990 tinet,
2023 2936 2184 2996 atque
2207 2942 2237 2980 a
2262 2927 2500 2996 pessima
2533 2927 2748 2983 illorum
2779 2937 2923 2982 sorte
2960 2930 3198 2998 separari
3220 2945 3317 2998 po~

168 3022 263 3092 τῆς
287 3021 531 3093 χείρονος
555 3022 777 3076 ἐκείνων
809 3022 1041 3092 μερίδος.

409 3039 531 3085 ovo;
555 3022 777 3076 ἐκείνων
809 3022 1041 3092 μερίδος.
1836 3019 2018 3073 stulat.

171 3113 326 3179 Πρός
359 3112 468 3178 σὲ,
499 3114 691 3179 Κύριε,
735 3111 1157 3181 κεκράξομαι...
1187 3113 1284 3166 καὶ
1308 3112 1665 3180 ίμοιωθήσο-
1697 3172 1728 3181 __

1712 3172 1728 3181 _
1834 3111 1886 3163 1.
1923 3109 2003 3164 Ad
2045 3119 2112 3174 te,
2147 3107 2383 3174 Domine,
2407 3109 2733 3167 clamabo....
2758 3123 2805 3164 et
2853 3112 3186 3166 assimilabor
3231 3113 3321 3165 de-

111 3172 353 3268 uat'toiq
386 3172 851 3257 καταϐαίνουσιν
870 3172 956 3269 εὶς-
981 3172 1230 3258 ῖλὰιικον.
1269 3172 1426 3266 Ἔθος
1453 3207 1518 3274 τῇ
1541 3172 1661 3274 θείᾳ
1689 3172 1720 3227 C

1707 3172 1729 3227 3
1763 3202 2121 3256 scendentibus
2152 3202 2205 3254 in
2231 3201 2424 3256 lacum.
2455 3201 2569 3258 Mos
2593 3202 2787 3258 divina:
2822 3201 3113 3272 Set-ipturte
3137 3203 3316 3257 lacum

113 3296 143 3346 Γ
151 3299 289 3366 ραφῇ
320 3296 521 3348 λάκκον
551 3294 834 3366 ὀνομάζειν
866 3295 954 3348 τὸν
985 3294 1134 3366 ᾅδην.

742 3296 834 3358 ζειν
866 3295 954 3348 τὸν
985 3294 1134 3366 ᾅδην.
1760 3291 2028 3360 appellare
2059 3290 2351 3345 infernum.

169 3387 262 3455 Μὴ
290 3389 680 3456 συνελκύσῃς
694 3405 770 3457 με
788 3387 936 3456 μετὰ
963 3386 1339 3457 ἁμαρτωλῶν.
1382 3388 1659 3460 Ἀμαρτω-

1841 3385 1894 3437 3.
1923 3382 2004 3437 Ne
2039 3383 2196 3437 simul
2229 3383 2406 3437 trahas
2453 3401 2531 3437 nte
2560 3401 2677 3437 cum
2705 3387 3084 3454 peccatoribus.
3118 3387 3314 3442 Pecca-

109 3481 221 3540 λοὺς
247 3480 306 3530 τὸ
331 3479 440 3531 τῶν
475 3479 741 3532 Ἰουδαίων
771 3480 919 3541 ἔθνος
965 3481 1115 3550 φησὶ,
1161 3480 1300 3532 κατὰ
1329 3481 1387 3533 τὸ
1427 3479 1653 3551 εἰρημέ-

1759 3482 1906 3528 tores
1940 3471 2245 3529 Iudaeorum
2280 3483 2491 3544 gentem
2530 3475 2678 3536 dicit,
2727 3475 2881 3544 juxta
2918 3477 3049 3530 illud
3071 3492 3102 3531 a
3130 3478 3315 3531 Salva-

109 3587 186 3622 νον
214 3572 395 3633 αὐτοῖς
419 3571 522 3622 ὑπὸ
555 3569 649 3623 τοῦ
676 3570 922 3642 Σωτῆρος
943 3587 955 3599 ·
998 3570 1138 3623 Ἐὰν
1159 3571 1244 3638 μὴ
1275 3573 1654 3638 πιστεύσητε,

1759 3575 1874 3619 tore
1895 3565 2095 3620 dictum
2127 3585 2139 3619 :
2175 3564 2296 3618 Nisi
2324 3568 2653 3622 credideritis
2682 3570 2806 3638 quia
2833 3584 2925 3637 ego
2950 3584 3086 3632 sum,
3122 3569 3176 3621 in
3199 3585 3308 3636 pec-

108 3660 186 3712 ὅτι
203 3660 313 3730 ἐγώ
335 3663 470 3730 ειμι,
489 3661 556 3713 ἐν
584 3659 712 3726 ταῖς
737 3660 1043 3728 ἁμαρτίαις
1062 3659 1225 3728 ὑμῶν
1243 3660 1651 3714 ἀποθανεῖσθε.

1756 3657 1888 3710 catis
1914 3659 2094 3710 vestris
2126 3659 2419 3711 moriemini
2443 3658 2510 3723 ”,
2537 3660 2639 3727 ipsi
2674 3660 2874 3714 interea
2900 3668 3184 3730 operantes
3213 3659 3283 3712 ini

108 3753 259 3806 Αὐτοὶ
288 3753 345 3806 δὲ
375 3754 468 3805 καὶ
492 3752 844 3823 ἐργαζόμενοι
868 3751 963 3823 τὴν
995 3752 1244 3822 ἀνομίαν,
1271 3753 1350 3805 ὅτι
1372 3751 1462 3804 τὸν
1483 3751 1655 3805 ἀθῶον

1755 3747 2040 3817 quitatem,
2077 3765 2198 3804 cum
2235 3749 2576 3803 innocentem
2614 3757 2667 3804 et
2693 3751 2898 3819 justum
2924 3761 3110 3805 contra
3149 3767 3308 3820 quam

109 3848 189 3899 καὶ
216 3845 416 3899 δίκαιον
446 3846 774 3900 ἀπέκτειναν
793 3884 808 3909 ,
846 3845 904 3897 ὃν
936 3845 1036 3897 οὐκ
1067 3846 1383 3898 ἀποκτεῖναι
1424 3846 1453 3897 ὁ
1494 3843 1655 3914 νόμος

1755 3837 1839 3891 lex
1866 3846 2069 3892 vetaret
2091 3839 2416 3893 occiderent.
2443 3839 2848 3906 Quiloquuntur
2859 3855 3036 3908 pacem
3059 3856 3177 3894 cum
3198 3857 3312 3909 pro-

109 3935 395 3989 ὲκέλευσεν.
416 3935 532 3988 Τῶν
573 3936 911 3988 λαλούντων
933 3935 1176 4002 εἰρήνην
1193 3933 1341 4003 μετὰ
1365 3933 1484 3988 τῶν
1502 3938 1656 4001 πλη-

1753 3931 1898 3983 ximo
1942 3945 2054 3983 suo.
2094 3929 2205 3984 Hoc
2248 3931 2324 3983 ait
2359 3930 2487 3999 quia
2531 3929 2866 3985 Salvatorem
2903 3932 3222 4002 magistrum
3257 3943 3311 3987 et.

106 4026 233 4079 σίον
270 4025 486 4080 αὐτῶν.
519 4026 687 4080 Τοῦτό
715 4044 898 4098 φησιν,
934 4030 1036 4094 ὅτι,
1067 4026 1378 4080 διδάσκαλον
1404 4027 1495 4077 καὶ
1519 4028 1653 4094 ἀγα-

1419 4027 1495 4077 cal
1519 4028 1653 4094 ἀγα-
1755 4021 1953 4075 bonum
1979 4021 2328 4091 appellantes,
2353 4021 2491 4077 mala
2525 4022 2882 4078 moliebantur
2909 4023 3028 4093 ipsi.

109 4119 186 4172 θὸν
222 4118 618 4184 ἀποκαλοῦντες
664 4121 756 4173 τὸν
797 4119 1056 4193 Σωτῆρα,
1101 4119 1246 4172 κακὰ
1300 4117 1653 4187 διελογίζοντο

109 4213 211 4264 κατ’
236 4213 422 4268 αὐτοῦ.

171 4303 278 4358 Ὀτι
309 4307 382 4359 οὐ
404 4303 682 4373 συνῆκαν
700 4307 786 4371 εις
817 4305 890 4358 τὰ
921 4304 1062 4374 ἔργα
1091 4306 1327 4372 Κυρίου.
1372 4304 1514 4357 ’Δντὶ
1534 4303 1647 4367 τοῦ,

1822 4300 1873 4355 5.
1903 4299 2161 4367 Quoniam
2188 4318 2289 4356 non
2319 4303 2678 4359 intellexerunt
2712 4322 2866 4374 opera
2893 4306 3304 4374 Domini.Quasi

110 4394 207 4447 Οὒκ
229 4395 518 4466 ⁴ἠθέλησαν,
554 4396 706 4466 φησι,
740 4395 836 4466 τὴν
867 4395 1073 4450 οἰκείαν
1105 4395 1505 4467 παραδέξασθαι
1544 4413 1648 4448 σω-

1586 4415 1648 4448 ω-
1748 4390 1951 4446 diceret
1975 4411 1987 4446 :
2015 4391 2316 4449 Noluerunt
2345 4397 2617 4466 propriam
2641 4398 2922 4452 admittere
2947 4398 3195 4453 salutem.

107 4487 299 4542 ποίαν.

154 4504 161 4520 ε
202 4503 299 4542 ιαν.

154 4503 261 4633 ,ἵζοι
284 4581 582 4634 ἀνέϐαλον
609 4581 647 4648 ἡ
670 4579 825 4647 σάρξ
843 4599 983 4650 μου.
1013 4580 1205 4649 Σαφῶς
1234 4581 1331 4650 τὴν
1357 4581 1645 4634 ἀνάστασιν
1677 4525 1720 4577 D

1692 4525 1720 4577 Β
1830 4576 1879 4630 7.
1906 4575 1974 4629 Et
2007 4577 2246 4644 reﬂoruit
2275 4592 2396 4630 caro
2428 4594 2559 4631 mea.
2607 4578 2801 4647 Aperte
2837 4578 2921 4632 bis
2951 4578 3301 4633 resurrectio-

109 4671 158 4720 ἐν
179 4672 377 4734 τούτοις
410 4671 685 4743 κηρύττει.

554 4689 685 4725 ττει.
1755 4683 1874 4722 nem
1906 4669 2163 4738 praedicit.

167 4783 352 4850 Adjicit
387 4782 577 4835 Daniel
600 4781 906 4836 Barbarus:
939 4779 1172 4836 Reﬂoret
1202 4799 1328 4838 caro
1358 4793 1540 4838 nostra
1579 4797 1702 4836 cum
1732 4798 1880 4852 spem
1927 4784 2345 4839 resurrectionis
2375 4785 2692 4856 accipimus;
2720 4794 2971 4840 caeterum
3019 4801 3122 4841 non
3153 4801 3299 4851 caro,

107 4878 188 4929 sed
217 4892 305 4930 cor
339 4876 430 4930 alii
461 4885 754 4932 verterunt.

168 4969 346 5025 Daniel
381 4969 650 5025 Barbarus
673 4987 692 5024 :
727 4970 811 5026 Ea:
838 4973 1104 5026 uoluntate
1141 4990 1254 5027 mea
1283 4973 1565 5042 conﬁtebor
1589 4973 1659 5028 ei.
1694 4972 1838 5026 Dixit
1865 4989 1930 5026 ea:
1968 4972 2254 5035 voluntate,
2282 4973 2348 5027 ad
2379 4973 2730 5029 dill'erentiam
2766 4975 2952 5045 legalis
2983 4973 3180 5038 cultus,
3207 4973 3299 5042 qui

107 5063 474 5130 suppliciorum
509 5074 654 5119 metu
687 5064 1040 5132 adiciebatur,
1072 5069 1123 5122 id
1151 5078 1252 5134 est,
1287 5085 1394 5124 non
1418 5069 1638 5123 invitam
1678 5078 1732 5123 et
1756 5077 2024 5132 coactam,
2051 5069 2143 5123 sed
2175 5068 2529 5123 voluntariam
2559 5079 2613 5124 et
2640 5079 2936 5139 promptam
2973 5069 3067 5123 tibi
3086 5069 3298 5122 laudem

107 5152 351 5218 proferam
384 5174 396 5208 :
429 5155 510 5211 sic
537 5165 590 5210 et
616 5156 751 5211 alias
783 5157 919 5211 dixit
944 5177 957 5212 :
997 5158 1299 5213 Voluntarie
1322 5160 1630 5228 sacriﬁcabo
1658 5161 1753 5214 tibi
1774 5161 1816 5192 "
1843 5179 1854 5212 :
1891 5159 1956 5213 Et
1983 5161 2282 5215 voluntaria
2313 5161 2417 5214 oris
2445 5161 2542 5214 mei
2577 5161 2894 5228 beneplacita
2923 5161 3030 5228 fac,
3056 5158 3297 5221 Domine,

106 5250 148 5292 et
171 5245 350 5297 exaudi
380 5262 460 5298 me
483 5247 549 5298 ".
575 5243 681 5301 Sed
703 5248 961 5317 quoniam
989 5250 1209 5304 verbum
1235 5250 1478 5305 conﬁteri
1509 5259 1563 5303 et
1587 5249 1986 5305 damnationem
2028 5258 2397 5319 peccatorum,
2424 5259 2478 5304 et
2510 5250 2804 5318 gratiarum
2835 5251 3101 5304 actionem
3133 5247 3299 5317 signi-

107 5334 251 5402 ﬁcat;
278 5339 392 5394 ideo
421 5340 466 5395 si
499 5341 602 5396 hoc
628 5341 746 5396 loco
775 5357 872 5412 pro
901 5344 1249 5401 damnatione
1279 5346 1482 5415 peccati
1509 5345 1788 5401 commissi
1813 5353 2080 5408 sumatur,
2115 5345 2292 5400 innuit
2313 5347 2457 5416 quod
2488 5361 2594 5400 non
2625 5346 2829 5419 pudore
2851 5353 2905 5398 et
2926 5354 3171 5413 respectu
3197 5345 3267 5398 ho

107 5427 292 5482 minum
331 5447 556 5502 peccare
600 5433 847 5492 destitit:
881 5439 974 5492 sed
1005 5439 1264 5508 quoniam
1303 5441 1601 5509 respexerit
1641 5441 1705 5495 ad
1745 5441 1928 5494 odium
1956 5450 2011 5494 et
2047 5456 2243 5494 noxam
2277 5441 2517 5509 peccati:
2549 5441 2594 5496 si
2628 5454 2754 5495 vero
2787 5439 3019 5494 sumitur
3051 5453 3150 5509 pro
3179 5454 3299 5508 gra-

107 5517 286 5575 tiarntn
321 5526 552 5594 actione,
587 5528 824 5583 ostendit
857 5545 915 5583 se
943 5530 1009 5585 de
1040 5532 1293 5586 omnibus
1316 5532 1518 5601 gratias
1559 5547 1734 5603 agere,
1766 5532 1926 5601 idque
1953 5548 2163 5588 summa
2193 5549 2316 5589 cum
2358 5533 2631 5587 voluntate
2658 5540 2914 5602 przestare
2939 5549 2954 5586 :
2983 5545 3108 5586 nam
3139 5528 3190 5583 id
3214 5521 3295 5579 vel

107 5608 275 5667 dolore
303 5615 382 5670 vel
410 5619 734 5675 necessitate
762 5635 940 5692 agere,
972 5637 1077 5677 non
1109 5631 1280 5678 estex
1308 5624 1584 5678 voluntate
1617 5623 1882 5678 conﬁteri.

163 5761 202 5790 “
228 5760 242 5815 l
266 5764 388 5822 Cor.
422 5786 480 5834 x,
518 5771 562 5824 ι.
646 5773 688 5806 ⁸⁸
724 5771 826 5829 lsa.
856 5791 930 5837 τι.
964 5776 1014 5831 3.
1095 5777 1138 5808 "‘
1168 5777 1323 5832 Juan.
1363 5794 1482 5845 rm,
1518 5777 1599 5833 Ξῖ.
1681 5778 1721 5808 ⁸¹
1755 5777 1772 5831 l

1168 5777 1323 5832 Joan.
1363 5794 1482 5845 rm,
1518 5777 1599 5833 2i.
1681 5778 1721 5808 “
1755 5777 2028 5843 l‘sal.t.m,
2063 5780 2112 5832 8.
2195 5780 2239 5810 ³³
2270 5777 2410 5833 Psal.
2433 5795 2616 5846 CXVIII,
2649 5780 2769 5834 108.
