  <div class='ocr_page' id='page_1' title='image "/cluster/home/n/w/nwhite01/storage/ocr_20150623/27/pst.000005712182/083.png"; bbox 0 0 4102 6304; ppageno 0'>
   <div class='ocr_carea' id='block_1_1' title="bbox 742 321 834 384">
    <p class='ocr_par' dir='ltr' id='par_1_1' title="bbox 742 321 834 384">
     <span class='ocr_line' id='line_1_1' title="bbox 742 321 834 384; baseline 0.065 -6"><span class='ocrx_word' id='word_1_1' title='bbox 742 321 834 384; x_wconf 72' lang='grc'><strong>151</strong></span> 
     </span>
    </p>
   </div>
   <div class='ocr_carea' id='block_1_2' title="bbox 813 435 2383 512">
    <p class='ocr_par' dir='ltr' id='par_1_2' title="bbox 813 435 2383 512">
     <span class='ocr_line' id='line_1_2' title="bbox 813 435 2383 512; baseline -0.004 -13"><span class='ocrx_word' id='word_1_2' title='bbox 813 445 866 499; x_wconf 87' lang='grc'><strong>8.</strong></span> <span class='ocrx_word' id='word_1_3' title='bbox 907 443 975 497; x_wconf 80' lang='lat' dir='ltr'><strong>Et</strong></span> <span class='ocrx_word' id='word_1_4' title='bbox 1001 451 1266 512; x_wconf 71' lang='lat' dir='ltr'><strong>protector</strong></span> <span class='ocrx_word' id='word_1_5' title='bbox 1294 440 1644 495; x_wconf 74' lang='lat' dir='ltr'><strong>saluationem</strong></span> <span class='ocrx_word' id='word_1_6' title='bbox 1672 437 1872 492; x_wconf 81' lang='lat' dir='ltr'><strong>Christi</strong></span> <span class='ocrx_word' id='word_1_7' title='bbox 1905 435 1986 491; x_wconf 84' lang='lat' dir='ltr'><strong>sui</strong></span> <span class='ocrx_word' id='word_1_8' title='bbox 2017 447 2116 493; x_wconf 85' lang='lat' dir='ltr'><strong>est.</strong></span> <span class='ocrx_word' id='word_1_9' title='bbox 2147 437 2306 490; x_wconf 72' lang='lat' dir='ltr'><strong>(Jbri-</strong></span> <span class='ocrx_word' id='word_1_10' title='bbox 2337 442 2383 492; x_wconf 75' lang='grc' dir='ltr'><strong>Α</strong></span> 
     </span>
    </p>
   </div>
   <div class='ocr_carea' id='block_1_3' title="bbox 734 528 2314 602">
    <p class='ocr_par' dir='ltr' id='par_1_3' title="bbox 734 528 2314 602">
     <span class='ocr_line' id='line_1_3' title="bbox 734 528 2314 602; baseline -0.007 -8"><span class='ocrx_word' id='word_1_11' title='bbox 734 552 880 594; x_wconf 77' lang='grc' dir='ltr'>ιιιιιιιι</span> <span class='ocrx_word' id='word_1_12' title='bbox 913 539 1029 594; x_wconf 90' lang='lat' dir='ltr'><strong>sive</strong></span> <span class='ocrx_word' id='word_1_13' title='bbox 1062 547 1287 592; x_wconf 92' lang='lat' dir='ltr'><strong>unctum</strong></span> <span class='ocrx_word' id='word_1_14' title='bbox 1330 535 1417 590; x_wconf 90' lang='lat' dir='ltr'><strong>hic</strong></span> <span class='ocrx_word' id='word_1_15' title='bbox 1440 543 1601 588; x_wconf 83' lang='lat' dir='ltr'><strong>vocat</strong></span> <span class='ocrx_word' id='word_1_16' title='bbox 1640 531 1900 602; x_wconf 87' lang='lat' dir='ltr'><strong>populum</strong></span> <span class='ocrx_word' id='word_1_17' title='bbox 1930 530 1984 584; x_wconf 90' lang='lat' dir='ltr'><strong>in</strong></span> <span class='ocrx_word' id='word_1_18' title='bbox 2017 528 2198 600; x_wconf 80' lang='lat' dir='ltr'><strong>regale</strong></span> <span class='ocrx_word' id='word_1_19' title='bbox 2227 544 2314 584; x_wconf 89' lang='lat' dir='ltr'><strong>sa-</strong></span> 
     </span>
    </p>
   </div>
   <div class='ocr_carea' id='block_1_4' title="bbox 1596 315 3153 378">
    <p class='ocr_par' dir='ltr' id='par_1_4' title="bbox 1596 315 3153 378">
     <span class='ocr_line' id='line_1_4' title="bbox 1596 315 3153 378; baseline -0.003 0"><span class='ocrx_word' id='word_1_20' title='bbox 1596 323 1652 378; x_wconf 88' lang='lat' dir='ltr'><strong>S.</strong></span> <span class='ocrx_word' id='word_1_21' title='bbox 1695 319 2066 376; x_wconf 66' lang='lat' dir='ltr'><strong>ATHANASII</strong></span> <span class='ocrx_word' id='word_1_22' title='bbox 2105 321 2258 375; x_wconf 80' lang='lat' dir='ltr'><strong>OPP.</strong></span> <span class='ocrx_word' id='word_1_23' title='bbox 2299 315 2477 372; x_wconf 77' lang='lat' dir='ltr'><strong>PARS</strong></span> <span class='ocrx_word' id='word_1_24' title='bbox 2514 317 2603 373; x_wconf 89' lang='lat' dir='ltr'><strong>lll.</strong></span> <span class='ocrx_word' id='word_1_25' title='bbox 2645 349 2712 360; x_wconf 90' lang='lat'><strong>--</strong></span> <span class='ocrx_word' id='word_1_26' title='bbox 2744 317 3153 375; x_wconf 59' lang='lat' dir='ltr'><strong>EXEGETICA.</strong></span> 
     </span>
    </p>
   </div>
   <div class='ocr_carea' id='block_1_5' title="bbox 3859 325 3958 380">
    <p class='ocr_par' dir='ltr' id='par_1_5' title="bbox 3859 325 3958 380">
     <span class='ocr_line' id='line_1_5' title="bbox 3859 325 3958 380; baseline 0 0"><span class='ocrx_word' id='word_1_27' title='bbox 3859 325 3958 380; x_wconf 67' lang='grc'><strong>151</strong></span> 
     </span>
    </p>
   </div>
   <div class='ocr_carea' id='block_1_6' title="bbox 2478 432 3952 508">
    <p class='ocr_par' dir='ltr' id='par_1_6' title="bbox 2478 432 3952 508">
     <span class='ocr_line' id='line_1_6' title="bbox 2478 432 3952 508; baseline 0.007 -24"><span class='ocrx_word' id='word_1_28' title='bbox 2478 433 2585 486; x_wconf 81' lang='lat' dir='ltr'><strong>Kal</strong></span> <span class='ocrx_word' id='word_1_29' title='bbox 2611 434 3066 503; x_wconf 73' lang='grc' dir='ltr'><strong>ὑπερασπιστὴς</strong></span> <span class='ocrx_word' id='word_1_30' title='bbox 3092 432 3206 489; x_wconf 75' lang='grc' dir='ltr'>τῶν</span> <span class='ocrx_word' id='word_1_31' title='bbox 3229 437 3534 505; x_wconf 72' lang='grc' dir='ltr'><strong>σωτηρίων</strong></span> <span class='ocrx_word' id='word_1_32' title='bbox 3561 437 3666 492; x_wconf 82' lang='grc' dir='ltr'>τοῦ</span> <span class='ocrx_word' id='word_1_33' title='bbox 3687 440 3952 508; x_wconf 73' lang='grc' dir='ltr'>Χριστοῦ.</span> 
     </span>
    </p>
   </div>
   <div class='ocr_carea' id='block_1_7' title="bbox 2415 525 3958 600">
    <p class='ocr_par' dir='ltr' id='par_1_7' title="bbox 2415 525 3958 600">
     <span class='ocr_line' id='line_1_7' title="bbox 2415 525 3958 600; baseline 0.003 -22"><span class='ocrx_word' id='word_1_34' title='bbox 2415 526 2646 596; x_wconf 72' lang='grc' dir='ltr'>Χριστὸν</span> <span class='ocrx_word' id='word_1_35' title='bbox 2689 525 2922 580; x_wconf 76' lang='grc' dir='ltr'>ἐνταῦθα</span> <span class='ocrx_word' id='word_1_36' title='bbox 2947 527 3038 581; x_wconf 83' lang='grc' dir='ltr'><strong>τὸν</strong></span> <span class='ocrx_word' id='word_1_37' title='bbox 3080 528 3367 597; x_wconf 77' lang='grc' dir='ltr'><strong>χρισθέντα</strong></span> <span class='ocrx_word' id='word_1_38' title='bbox 3411 528 3535 582; x_wconf 82' lang='grc' dir='ltr'>λαὸν</span> <span class='ocrx_word' id='word_1_39' title='bbox 3577 533 3654 593; x_wconf 75' lang='grc' dir='ltr'>εἰς</span> <span class='ocrx_word' id='word_1_40' title='bbox 3701 528 3958 600; x_wconf 82' lang='grc' dir='ltr'>βασίλειον</span> 
     </span>
    </p>
   </div>
   <div class='ocr_carea' id='block_1_8' title="bbox 734 614 2316 696">
    <p class='ocr_par' dir='ltr' id='par_1_8' title="bbox 734 622 2314 696">
     <span class='ocr_line' id='line_1_8' title="bbox 734 622 2314 696; baseline -0.006 -11"><span class='ocrx_word' id='word_1_41' title='bbox 734 631 1035 686; x_wconf 83' lang='lat' dir='ltr'><strong>cerdotium</strong></span> <span class='ocrx_word' id='word_1_42' title='bbox 1073 630 1375 683; x_wconf 90' lang='lat' dir='ltr'><strong>inunctum.</strong></span> <span class='ocrx_word' id='word_1_43' title='bbox 1405 625 1526 696; x_wconf 88' lang='lat' dir='ltr'><strong>Ipse</strong></span> <span class='ocrx_word' id='word_1_44' title='bbox 1559 625 1748 695; x_wconf 81' lang='lat' dir='ltr'><strong>igitur,</strong></span> <span class='ocrx_word' id='word_1_45' title='bbox 1779 623 1875 688; x_wconf 93' lang='lat' dir='ltr'><strong>ait,</strong></span> <span class='ocrx_word' id='word_1_46' title='bbox 1915 622 2184 678; x_wconf 85' lang='lat' dir='ltr'><strong>Dominus</strong></span> <span class='ocrx_word' id='word_1_47' title='bbox 2211 637 2314 692; x_wconf 90' lang='lat' dir='ltr'><strong>po-</strong></span> 
     </span>
    </p>
   </div>
   <div class='ocr_carea' id='block_1_9' title="bbox 2401 614 3960 696">
    <p class='ocr_par' dir='ltr' id='par_1_9' title="bbox 2415 614 3960 694">
     <span class='ocr_line' id='line_1_9' title="bbox 2415 614 3960 694; baseline 0.004 -26"><span class='ocrx_word' id='word_1_48' title='bbox 2415 617 2710 687; x_wconf 77' lang='grc' dir='ltr'>ἱεράτευμά</span> <span class='ocrx_word' id='word_1_49' title='bbox 2744 634 2927 687; x_wconf 79' lang='grc' dir='ltr'>φησιν.</span> <span class='ocrx_word' id='word_1_50' title='bbox 2952 618 3121 682; x_wconf 71' lang='grc' dir='ltr'>Αὐτὸς</span> <span class='ocrx_word' id='word_1_51' title='bbox 3152 614 3263 682; x_wconf 71' lang='grc' dir='ltr'>οὖν,</span> <span class='ocrx_word' id='word_1_52' title='bbox 3293 619 3454 690; x_wconf 77' lang='grc' dir='ltr'>φησὶν</span> <span class='ocrx_word' id='word_1_53' title='bbox 3473 659 3488 684; x_wconf 89' lang='grc'><em>,</em></span> <span class='ocrx_word' id='word_1_54' title='bbox 3513 621 3542 673; x_wconf 83' lang='grc' dir='ltr'>ὁ</span> <span class='ocrx_word' id='word_1_55' title='bbox 3570 621 3771 692; x_wconf 80' lang='grc' dir='ltr'>Κύριος</span> <span class='ocrx_word' id='word_1_56' title='bbox 3799 621 3960 694; x_wconf 73' lang='grc' dir='ltr'>ὑπερο</span> 
     </span>
    </p>
   </div>
   <div class='ocr_carea' id='block_1_10' title="bbox 743 705 2316 795">
    <p class='ocr_par' dir='ltr' id='par_1_10' title="bbox 743 718 2312 795">
     <span class='ocr_line' id='line_1_10' title="bbox 743 718 2312 795; baseline -0.007 -18"><span class='ocrx_word' id='word_1_57' title='bbox 743 726 928 795; x_wconf 80' lang='lat' dir='ltr'><strong>puium</strong></span> <span class='ocrx_word' id='word_1_58' title='bbox 972 723 1222 795; x_wconf 72' lang='lat' dir='ltr'><strong>protegit,</strong></span> <span class='ocrx_word' id='word_1_59' title='bbox 1248 733 1305 777; x_wconf 90' lang='lat' dir='ltr'><strong>ut</strong></span> <span class='ocrx_word' id='word_1_60' title='bbox 1343 722 1572 777; x_wconf 87' lang='lat' dir='ltr'><strong>salutem</strong></span> <span class='ocrx_word' id='word_1_61' title='bbox 1609 718 1808 788; x_wconf 92' lang='lat' dir='ltr'><strong>populo</strong></span> <span class='ocrx_word' id='word_1_62' title='bbox 1839 724 1992 786; x_wconf 89' lang='lat' dir='ltr'><strong>paret</strong></span> <span class='ocrx_word' id='word_1_63' title='bbox 2023 729 2181 785; x_wconf 85' lang='lat' dir='ltr'><strong>quem</strong></span> <span class='ocrx_word' id='word_1_64' title='bbox 2215 729 2312 784; x_wconf 85' lang='lat' dir='ltr'><strong>per</strong></span> 
     </span>
    </p>
   </div>
   <div class='ocr_carea' id='block_1_11' title="bbox 2401 705 3961 795">
    <p class='ocr_par' dir='ltr' id='par_1_11' title="bbox 2411 705 3961 780">
     <span class='ocr_line' id='line_1_11' title="bbox 2411 705 3961 780; baseline 0.002 -20"><span class='ocrx_word' id='word_1_65' title='bbox 2411 706 2628 770; x_wconf 74' lang='grc' dir='ltr'>ασπίξει</span> <span class='ocrx_word' id='word_1_66' title='bbox 2655 708 2734 770; x_wconf 85' lang='grc' dir='ltr'><strong>είς</strong></span> <span class='ocrx_word' id='word_1_67' title='bbox 2764 705 2824 760; x_wconf 80' lang='grc' dir='ltr'><strong>τὸ</strong></span> <span class='ocrx_word' id='word_1_68' title='bbox 2852 707 3020 760; x_wconf 84' lang='grc' dir='ltr'>σῶσαι</span> <span class='ocrx_word' id='word_1_69' title='bbox 3053 708 3142 760; x_wconf 84' lang='grc' dir='ltr'><strong>τὸν</strong></span> <span class='ocrx_word' id='word_1_70' title='bbox 3167 708 3453 780; x_wconf 78' lang='grc' dir='ltr'><strong>χρισθέντα</strong></span> <span class='ocrx_word' id='word_1_71' title='bbox 3477 709 3544 762; x_wconf 82' lang='grc' dir='ltr'>δι’</span> <span class='ocrx_word' id='word_1_72' title='bbox 3575 709 3738 764; x_wconf 72' lang='grc' dir='ltr'>αὐτοῦ</span> <span class='ocrx_word' id='word_1_73' title='bbox 3768 711 3862 765; x_wconf 82' lang='grc' dir='ltr'>καὶ</span> <span class='ocrx_word' id='word_1_74' title='bbox 3887 712 3961 775; x_wconf 83' lang='grc' dir='ltr'><strong>είς</strong></span> 
     </span>
    </p>
   </div>
   <div class='ocr_carea' id='block_1_12' title="bbox 743 816 2071 894">
    <p class='ocr_par' dir='ltr' id='par_1_12' title="bbox 743 816 2071 894">
     <span class='ocr_line' id='line_1_12' title="bbox 743 816 2071 894; baseline -0.01 -22"><span class='ocrx_word' id='word_1_75' title='bbox 743 836 802 872; x_wconf 84' lang='lat' dir='ltr'><strong>se</strong></span> <span class='ocrx_word' id='word_1_76' title='bbox 827 829 881 872; x_wconf 85' lang='lat' dir='ltr'><strong>et</strong></span> <span class='ocrx_word' id='word_1_77' title='bbox 908 817 976 871; x_wconf 88' lang='lat' dir='ltr'><strong>ad</strong></span> <span class='ocrx_word' id='word_1_78' title='bbox 1007 831 1066 870; x_wconf 88' lang='lat' dir='ltr'><strong>se</strong></span> <span class='ocrx_word' id='word_1_79' title='bbox 1097 816 1332 870; x_wconf 72' lang='lat' dir='ltr'><strong>inunxit.</strong></span> <span class='ocrx_word' id='word_1_80' title='bbox 2060 884 2071 894; x_wconf 41' lang='lat'>.</span> 
     </span>
    </p>
   </div>
   <div class='ocr_carea' id='block_1_13' title="bbox 786 899 2310 975">
    <p class='ocr_par' dir='ltr' id='par_1_13' title="bbox 786 899 2310 975">
     <span class='ocr_line' id='line_1_13' title="bbox 786 899 2310 975; baseline -0.009 -14"><span class='ocrx_word' id='word_1_81' title='bbox 786 908 840 962; x_wconf 89' lang='lat'><strong>9.</strong></span> <span class='ocrx_word' id='word_1_82' title='bbox 872 905 937 960; x_wconf 85' lang='lat' dir='ltr'><strong>Et</strong></span> <span class='ocrx_word' id='word_1_83' title='bbox 960 922 1113 975; x_wconf 82' lang='lat' dir='ltr'><strong>pasce</strong></span> <span class='ocrx_word' id='word_1_84' title='bbox 1160 905 1306 966; x_wconf 87' lang='lat' dir='ltr'><strong>illos,</strong></span> <span class='ocrx_word' id='word_1_85' title='bbox 1348 917 1397 957; x_wconf 83' lang='lat' dir='ltr'><strong>et</strong></span> <span class='ocrx_word' id='word_1_86' title='bbox 1446 901 1635 956; x_wconf 75' lang='lat' dir='ltr'><strong>extollo</strong></span> <span class='ocrx_word' id='word_1_87' title='bbox 1689 899 1811 953; x_wconf 85' lang='lat' dir='ltr'><strong>illos</strong></span> <span class='ocrx_word' id='word_1_88' title='bbox 1861 912 2021 966; x_wconf 83' lang='lat' dir='ltr'><strong>usque</strong></span> <span class='ocrx_word' id='word_1_89' title='bbox 2061 911 2116 948; x_wconf 78' lang='grc' dir='ltr'><strong>ιιι</strong></span> <span class='ocrx_word' id='word_1_90' title='bbox 2152 904 2310 950; x_wconf 74' lang='grc' dir='ltr'>ωιεν-</span> 
     </span>
    </p>
   </div>
   <div class='ocr_carea' id='block_1_14' title="bbox 735 985 2306 1067">
    <p class='ocr_par' dir='ltr' id='par_1_14' title="bbox 735 985 2306 1067">
     <span class='ocr_line' id='line_1_14' title="bbox 735 985 2306 1067; baseline -0.007 -17"><span class='ocrx_word' id='word_1_91' title='bbox 735 1015 878 1052; x_wconf 83' lang='lat' dir='ltr'><strong>nu-n.</strong></span> <span class='ocrx_word' id='word_1_92' title='bbox 916 998 1031 1067; x_wconf 79' lang='lat' dir='ltr'><strong>lps‘e</strong></span> <span class='ocrx_word' id='word_1_93' title='bbox 1085 1012 1323 1066; x_wconf 82' lang='lat' dir='ltr'><strong>namque</strong></span> <span class='ocrx_word' id='word_1_94' title='bbox 1365 1009 1464 1049; x_wconf 88' lang='lat' dir='ltr'><strong>nos</strong></span> <span class='ocrx_word' id='word_1_95' title='bbox 1505 1002 1694 1063; x_wconf 88' lang='lat' dir='ltr'><strong>pascet</strong></span> <span class='ocrx_word' id='word_1_96' title='bbox 1725 991 1893 1045; x_wconf 89' lang='lat' dir='ltr'><strong>misso</strong></span> <span class='ocrx_word' id='word_1_97' title='bbox 1924 991 1978 1042; x_wconf 91' lang='lat' dir='ltr'><strong>in</strong></span> <span class='ocrx_word' id='word_1_98' title='bbox 2010 989 2183 1042; x_wconf 90' lang='lat' dir='ltr'><strong>vicem</strong></span> <span class='ocrx_word' id='word_1_99' title='bbox 2221 985 2306 1040; x_wconf 90' lang='lat' dir='ltr'><strong>sui</strong></span> 
     </span>
    </p>
   </div>
   <div class='ocr_carea' id='block_1_15' title="bbox 734 1079 2306 1157">
    <p class='ocr_par' dir='ltr' id='par_1_15' title="bbox 734 1079 2306 1157">
     <span class='ocr_line' id='line_1_15' title="bbox 734 1079 2306 1157; baseline -0.005 -17"><span class='ocrx_word' id='word_1_100' title='bbox 734 1087 1032 1144; x_wconf 79' lang='lat' dir='ltr'><strong>l’aracleto.</strong></span> <span class='ocrx_word' id='word_1_101' title='bbox 1067 1087 1132 1141; x_wconf 81' lang='lat' dir='ltr'><strong>Et</strong></span> <span class='ocrx_word' id='word_1_102' title='bbox 1168 1087 1384 1157; x_wconf 84' lang='lat' dir='ltr'><strong>quidem</strong></span> <span class='ocrx_word' id='word_1_103' title='bbox 1427 1101 1526 1140; x_wconf 91' lang='lat' dir='ltr'><strong>nos</strong></span> <span class='ocrx_word' id='word_1_104' title='bbox 1559 1084 1794 1147; x_wconf 76' lang='lat' dir='ltr'><strong>extollit,</strong></span> <span class='ocrx_word' id='word_1_105' title='bbox 1824 1082 1876 1136; x_wconf 91' lang='lat' dir='ltr'><strong>id</strong></span> <span class='ocrx_word' id='word_1_106' title='bbox 1905 1089 2008 1145; x_wconf 87' lang='lat' dir='ltr'><strong>est,</strong></span> <span class='ocrx_word' id='word_1_107' title='bbox 2041 1079 2306 1134; x_wconf 87' lang='lat' dir='ltr'><strong>sublimes</strong></span> 
     </span>
    </p>
   </div>
   <div class='ocr_carea' id='block_1_16' title="bbox 732 1176 1694 1250">
    <p class='ocr_par' dir='ltr' id='par_1_16' title="bbox 732 1176 1694 1250">
     <span class='ocr_line' id='line_1_16' title="bbox 732 1176 1694 1250; baseline -0.006 -15"><span class='ocrx_word' id='word_1_108' title='bbox 732 1181 840 1250; x_wconf 84' lang='lat' dir='ltr'><strong>agit</strong></span> <span class='ocrx_word' id='word_1_109' title='bbox 866 1182 919 1234; x_wconf 89' lang='lat' dir='ltr'><strong>in</strong></span> <span class='ocrx_word' id='word_1_110' title='bbox 945 1178 1128 1234; x_wconf 81' lang='lat' dir='ltr'><strong>futura</strong></span> <span class='ocrx_word' id='word_1_111' title='bbox 1151 1186 1198 1233; x_wconf 90' lang='lat' dir='ltr'><strong>el</strong></span> <span class='ocrx_word' id='word_1_112' title='bbox 1233 1178 1444 1232; x_wconf 81' lang='lat' dir='ltr'><strong>inﬁnita</strong></span> <span class='ocrx_word' id='word_1_113' title='bbox 1473 1176 1694 1231; x_wconf 62' lang='lat' dir='ltr'><strong>saecula.</strong></span> 
     </span>
    </p>
   </div>
   <div class='ocr_carea' id='block_1_17' title="bbox 732 1355 2297 1426">
    <p class='ocr_par' dir='ltr' id='par_1_17' title="bbox 732 1355 2297 1426">
     <span class='ocr_line' id='line_1_17' title="bbox 732 1355 2297 1426; baseline -0.002 -13"><span class='ocrx_word' id='word_1_114' title='bbox 732 1358 1075 1417; x_wconf 78' lang='lat' dir='ltr'><strong>PSALJIUS</strong></span> <span class='ocrx_word' id='word_1_115' title='bbox 1111 1361 1301 1426; x_wconf 79' lang='lat' dir='ltr'><strong>Durtd,</strong></span> <span class='ocrx_word' id='word_1_116' title='bbox 1329 1362 1392 1413; x_wconf 83' lang='lat' dir='ltr'><strong>tle</strong></span> <span class='ocrx_word' id='word_1_117' title='bbox 1425 1362 1567 1414; x_wconf 76' lang='lat' dir='ltr'><strong>exitu</strong></span> <span class='ocrx_word' id='word_1_118' title='bbox 1603 1358 1971 1412; x_wconf 82' lang='lat' dir='ltr'><strong>Tabernaculi.</strong></span> <span class='ocrx_word' id='word_1_119' title='bbox 2017 1355 2297 1410; x_wconf 73' lang='lat' dir='ltr'><strong>XXVIII.</strong></span> 
     </span>
    </p>
   </div>
   <div class='ocr_carea' id='block_1_18' title="bbox 1326 1455 1723 1522">
    <p class='ocr_par' dir='ltr' id='par_1_18' title="bbox 1326 1455 1723 1522">
     <span class='ocr_line' id='line_1_18' title="bbox 1326 1455 1723 1522; baseline -0.003 -17"><span class='ocrx_word' id='word_1_120' title='bbox 1326 1455 1723 1522; x_wconf 77' lang='lat' dir='ltr'><strong>Argumentum.</strong></span> 
     </span>
    </p>
   </div>
   <div class='ocr_carea' id='block_1_19' title="bbox 731 1537 2297 1614">
    <p class='ocr_par' dir='ltr' id='par_1_19' title="bbox 731 1537 2297 1614">
     <span class='ocr_line' id='line_1_19' title="bbox 731 1537 2297 1614; baseline -0.004 -16"><span class='ocrx_word' id='word_1_121' title='bbox 731 1543 958 1598; x_wconf 88' lang='lat' dir='ltr'><strong>Canitur</strong></span> <span class='ocrx_word' id='word_1_122' title='bbox 991 1557 1234 1614; x_wconf 62' lang='lat' dir='ltr'><strong>praesens</strong></span> <span class='ocrx_word' id='word_1_123' title='bbox 1280 1543 1522 1612; x_wconf 84' lang='lat' dir='ltr'><strong>psalmus</strong></span> <span class='ocrx_word' id='word_1_124' title='bbox 1571 1541 1747 1610; x_wconf 81' lang='lat' dir='ltr'><strong>ejecto</strong></span> <span class='ocrx_word' id='word_1_125' title='bbox 1797 1537 2012 1595; x_wconf 85' lang='lat' dir='ltr'><strong>lsraelis</strong></span> <span class='ocrx_word' id='word_1_126' title='bbox 2061 1539 2297 1610; x_wconf 88' lang='lat' dir='ltr'><strong>populo,</strong></span> 
     </span>
    </p>
   </div>
   <div class='ocr_carea' id='block_1_20' title="bbox 802 1631 2300 1707">
    <p class='ocr_par' dir='ltr' id='par_1_20' title="bbox 802 1631 2300 1707">
     <span class='ocr_line' id='line_1_20' title="bbox 802 1631 2300 1707; baseline -0.005 -17"><span class='ocrx_word' id='word_1_127' title='bbox 802 1637 1160 1707; x_wconf 75' lang='lat' dir='ltr'><strong>gentibusque</strong></span> <span class='ocrx_word' id='word_1_128' title='bbox 1183 1649 1370 1688; x_wconf 91' lang='lat' dir='ltr'><strong>eorum</strong></span> <span class='ocrx_word' id='word_1_129' title='bbox 1396 1633 1515 1688; x_wconf 91' lang='lat' dir='ltr'><strong>vice</strong></span> <span class='ocrx_word' id='word_1_130' title='bbox 1546 1633 1758 1695; x_wconf 86' lang='lat' dir='ltr'><strong>accitis,</strong></span> <span class='ocrx_word' id='word_1_131' title='bbox 1785 1631 1929 1702; x_wconf 90' lang='lat' dir='ltr'><strong>quod</strong></span> <span class='ocrx_word' id='word_1_132' title='bbox 1956 1633 2072 1701; x_wconf 89' lang='lat' dir='ltr'><strong>ipsa</strong></span> <span class='ocrx_word' id='word_1_133' title='bbox 2098 1631 2300 1685; x_wconf 80' lang='lat' dir='ltr'><strong>indicat</strong></span> 
     </span>
    </p>
   </div>
   <div class='ocr_carea' id='block_1_21' title="bbox 799 1721 2296 1795">
    <p class='ocr_par' dir='ltr' id='par_1_21' title="bbox 799 1721 2296 1795">
     <span class='ocr_line' id='line_1_21' title="bbox 799 1721 2296 1795; baseline -0.003 -15"><span class='ocrx_word' id='word_1_134' title='bbox 799 1726 1104 1795; x_wconf 78' lang='lat' dir='ltr'><strong>inscriptio,</strong></span> <span class='ocrx_word' id='word_1_135' title='bbox 1139 1723 1328 1780; x_wconf 78' lang='lat' dir='ltr'><strong>Exitus</strong></span> <span class='ocrx_word' id='word_1_136' title='bbox 1363 1723 1746 1787; x_wconf 85' lang='lat' dir='ltr'><strong>&#39;l‘abernaculi,</strong></span> <span class='ocrx_word' id='word_1_137' title='bbox 1775 1739 1897 1792; x_wconf 70' lang='lat' dir='ltr'><strong>qum</strong></span> <span class='ocrx_word' id='word_1_138' title='bbox 1929 1723 2105 1793; x_wconf 89' lang='lat' dir='ltr'><strong>palam</strong></span> <span class='ocrx_word' id='word_1_139' title='bbox 2142 1721 2296 1776; x_wconf 90' lang='lat' dir='ltr'><strong>nobis</strong></span> 
     </span>
    </p>
   </div>
   <div class='ocr_carea' id='block_1_22' title="bbox 795 1817 1555 1884">
    <p class='ocr_par' dir='ltr' id='par_1_22' title="bbox 795 1817 1555 1884">
     <span class='ocr_line' id='line_1_22' title="bbox 795 1817 1555 1884; baseline -0.005 -10"><span class='ocrx_word' id='word_1_140' title='bbox 795 1820 1003 1874; x_wconf 82' lang='lat' dir='ltr'><strong>exitum</strong></span> <span class='ocrx_word' id='word_1_141' title='bbox 1029 1818 1245 1872; x_wconf 90' lang='lat' dir='ltr'><strong>illorum</strong></span> <span class='ocrx_word' id='word_1_142' title='bbox 1264 1817 1555 1884; x_wconf 70' lang='lat' dir='ltr'><strong>signiﬁcat.</strong></span> 
     </span>
    </p>
   </div>
   <div class='ocr_carea' id='block_1_23' title="bbox 804 1907 2295 1979">
    <p class='ocr_par' dir='ltr' id='par_1_23' title="bbox 804 1907 2295 1979">
     <span class='ocr_line' id='line_1_23' title="bbox 804 1907 2295 1979; baseline -0.001 -15"><span class='ocrx_word' id='word_1_143' title='bbox 804 1911 858 1973; x_wconf 77' lang='lat' dir='ltr'><strong>l,</strong></span> <span class='ocrx_word' id='word_1_144' title='bbox 889 1911 944 1964; x_wconf 76' lang='lat'><strong>‘2.</strong></span> <span class='ocrx_word' id='word_1_145' title='bbox 976 1910 1174 1979; x_wconf 76' lang='lat' dir='ltr'><strong>A/Ierte</strong></span> <span class='ocrx_word' id='word_1_146' title='bbox 1218 1909 1462 1975; x_wconf 88' lang='lat' dir='ltr'><strong>Domino,</strong></span> <span class='ocrx_word' id='word_1_147' title='bbox 1495 1910 1594 1978; x_wconf 83' lang='lat' dir='ltr'><strong>ﬁlii</strong></span> <span class='ocrx_word' id='word_1_148' title='bbox 1621 1909 1733 1964; x_wconf 91' lang='lat' dir='ltr'><strong>Dei.</strong></span> <span class='ocrx_word' id='word_1_149' title='bbox 1756 1908 1921 1964; x_wconf 78' lang='lat' dir='ltr'><strong>Filios</strong></span> <span class='ocrx_word' id='word_1_150' title='bbox 1951 1907 2042 1962; x_wconf 79' lang='lat' dir='ltr'><strong>Dei</strong></span> <span class='ocrx_word' id='word_1_151' title='bbox 2079 1917 2295 1963; x_wconf 86' lang='lat' dir='ltr'><strong>sanctos</strong></span> 
     </span>
    </p>
   </div>
   <div class='ocr_carea' id='block_1_24' title="bbox 728 2001 2295 2072">
    <p class='ocr_par' dir='ltr' id='par_1_24' title="bbox 728 2001 2295 2072">
     <span class='ocr_line' id='line_1_24' title="bbox 728 2001 2295 2072; baseline -0.003 -15"><span class='ocrx_word' id='word_1_152' title='bbox 728 2003 1004 2072; x_wconf 80' lang='lat' dir='ltr'><strong>apostolos</strong></span> <span class='ocrx_word' id='word_1_153' title='bbox 1028 2011 1203 2067; x_wconf 83' lang='lat' dir='ltr'><strong>vocat,</strong></span> <span class='ocrx_word' id='word_1_154' title='bbox 1232 2001 1430 2072; x_wconf 86' lang='lat' dir='ltr'><strong>quippe</strong></span> <span class='ocrx_word' id='word_1_155' title='bbox 1456 2017 1592 2072; x_wconf 91' lang='lat' dir='ltr'><strong>quos</strong></span> <span class='ocrx_word' id='word_1_156' title='bbox 1626 2003 1806 2056; x_wconf 82' lang='lat' dir='ltr'><strong>dicere</strong></span> <span class='ocrx_word' id='word_1_157' title='bbox 1828 2001 2108 2056; x_wconf 87' lang='lat' dir='ltr'><strong>docuerit:</strong></span> <span class='ocrx_word' id='word_1_158' title='bbox 2135 2001 2295 2053; x_wconf 81' lang='lat' dir='ltr'><strong>Pater</strong></span> 
     </span>
    </p>
   </div>
   <div class='ocr_carea' id='block_1_25' title="bbox 729 2092 2292 2163">
    <p class='ocr_par' dir='ltr' id='par_1_25' title="bbox 729 2092 2292 2163">
     <span class='ocr_line' id='line_1_25' title="bbox 729 2092 2292 2163; baseline -0.001 -16"><span class='ocrx_word' id='word_1_159' title='bbox 729 2103 906 2149; x_wconf 86' lang='lat' dir='ltr'><strong>noster</strong></span> <span class='ocrx_word' id='word_1_160' title='bbox 943 2095 1033 2163; x_wconf 84' lang='lat' dir='ltr'><strong>qui</strong></span> <span class='ocrx_word' id='word_1_161' title='bbox 1067 2109 1118 2147; x_wconf 88' lang='lat' dir='ltr'><strong>es</strong></span> <span class='ocrx_word' id='word_1_162' title='bbox 1154 2095 1209 2146; x_wconf 88' lang='lat' dir='ltr'><strong>in</strong></span> <span class='ocrx_word' id='word_1_163' title='bbox 1255 2094 1397 2146; x_wconf 83' lang='lat' dir='ltr'><strong>caelis</strong></span> <span class='ocrx_word' id='word_1_164' title='bbox 1421 2093 1484 2145; x_wconf 86' lang='grc'><strong>⁵³.</strong></span> <span class='ocrx_word' id='word_1_165' title='bbox 1515 2093 1714 2160; x_wconf 79' lang='lat' dir='ltr'><strong>AIferte</strong></span> <span class='ocrx_word' id='word_1_166' title='bbox 1742 2093 1967 2146; x_wconf 87' lang='lat' dir='ltr'><strong>Domino</strong></span> <span class='ocrx_word' id='word_1_167' title='bbox 1997 2092 2135 2160; x_wconf 79' lang='lat' dir='ltr'><strong>ﬁlios</strong></span> <span class='ocrx_word' id='word_1_168' title='bbox 2159 2093 2292 2146; x_wconf 87' lang='lat' dir='ltr'><strong>arie-</strong></span> 
     </span>
    </p>
   </div>
   <div class='ocr_carea' id='block_1_26' title="bbox 729 2184 2289 2256">
    <p class='ocr_par' dir='ltr' id='par_1_26' title="bbox 729 2184 2289 2256">
     <span class='ocr_line' id='line_1_26' title="bbox 729 2184 2289 2256; baseline 0 -16"><span class='ocrx_word' id='word_1_169' title='bbox 729 2200 862 2242; x_wconf 86' lang='lat' dir='ltr'><strong>tum.</strong></span> <span class='ocrx_word' id='word_1_170' title='bbox 901 2184 1068 2241; x_wconf 83' lang='lat' dir='ltr'><strong>Filios</strong></span> <span class='ocrx_word' id='word_1_171' title='bbox 1094 2187 1326 2240; x_wconf 87' lang='lat' dir='ltr'><strong>arietum</strong></span> <span class='ocrx_word' id='word_1_172' title='bbox 1363 2195 1520 2241; x_wconf 84' lang='lat' dir='ltr'><strong>vocat</strong></span> <span class='ocrx_word' id='word_1_173' title='bbox 1551 2201 1646 2242; x_wconf 85' lang='lat' dir='ltr'><strong>eos</strong></span> <span class='ocrx_word' id='word_1_174' title='bbox 1673 2186 1766 2256; x_wconf 84' lang='lat' dir='ltr'><strong>qui</strong></span> <span class='ocrx_word' id='word_1_175' title='bbox 1801 2201 1895 2256; x_wconf 85' lang='lat' dir='ltr'><strong>per</strong></span> <span class='ocrx_word' id='word_1_176' title='bbox 1923 2186 2197 2256; x_wconf 84' lang='lat' dir='ltr'><strong>apostolos</strong></span> <span class='ocrx_word' id='word_1_177' title='bbox 2226 2201 2289 2240; x_wconf 82' lang='lat' dir='ltr'><strong>ex</strong></span> 
     </span>
    </p>
   </div>
   <div class='ocr_carea' id='block_1_27' title="bbox 727 2277 2289 2345">
    <p class='ocr_par' dir='ltr' id='par_1_27' title="bbox 727 2277 2289 2345">
     <span class='ocr_line' id='line_1_27' title="bbox 727 2277 2289 2345; baseline -0.001 -13"><span class='ocrx_word' id='word_1_178' title='bbox 727 2278 930 2335; x_wconf 65' lang='lat' dir='ltr'><strong>ludatis</strong></span> <span class='ocrx_word' id='word_1_179' title='bbox 959 2282 1024 2332; x_wconf 89' lang='lat' dir='ltr'><strong>ad</strong></span> <span class='ocrx_word' id='word_1_180' title='bbox 1053 2279 1214 2333; x_wconf 89' lang='lat' dir='ltr'><strong>ﬁdem</strong></span> <span class='ocrx_word' id='word_1_181' title='bbox 1259 2277 1474 2333; x_wconf 85' lang='lat' dir='ltr'><strong>Domini</strong></span> <span class='ocrx_word' id='word_1_182' title='bbox 1508 2289 1636 2334; x_wconf 91' lang='lat' dir='ltr'><strong>sunt</strong></span> <span class='ocrx_word' id='word_1_183' title='bbox 1661 2280 1858 2342; x_wconf 83' lang='lat' dir='ltr'><strong>vocati,</strong></span> <span class='ocrx_word' id='word_1_184' title='bbox 1889 2280 1971 2333; x_wconf 85' lang='lat' dir='ltr'><strong>vel</strong></span> <span class='ocrx_word' id='word_1_185' title='bbox 2006 2279 2171 2332; x_wconf 89' lang='lat' dir='ltr'><strong>etiam</strong></span> <span class='ocrx_word' id='word_1_186' title='bbox 2198 2279 2289 2345; x_wconf 82' lang='lat' dir='ltr'><strong>qui</strong></span> 
     </span>
    </p>
   </div>
   <div class='ocr_carea' id='block_1_28' title="bbox 727 2367 2289 2439">
    <p class='ocr_par' dir='ltr' id='par_1_28' title="bbox 727 2367 2289 2439">
     <span class='ocr_line' id='line_1_28' title="bbox 727 2367 2289 2439; baseline -0.003 -15"><span class='ocrx_word' id='word_1_187' title='bbox 727 2385 792 2424; x_wconf 79' lang='lat' dir='ltr'><strong>ex</strong></span> <span class='ocrx_word' id='word_1_188' title='bbox 823 2369 1074 2439; x_wconf 80' lang='lat' dir='ltr'><strong>gentibus</strong></span> <span class='ocrx_word' id='word_1_189' title='bbox 1113 2377 1481 2431; x_wconf 86' lang='lat' dir='ltr'><strong>accesserunt,</strong></span> <span class='ocrx_word' id='word_1_190' title='bbox 1510 2369 1710 2438; x_wconf 86' lang='lat' dir='ltr'><strong>quippe</strong></span> <span class='ocrx_word' id='word_1_191' title='bbox 1736 2368 1829 2436; x_wconf 89' lang='lat' dir='ltr'><strong>qui</strong></span> <span class='ocrx_word' id='word_1_192' title='bbox 1867 2383 1932 2420; x_wconf 81' lang='lat' dir='ltr'><strong>ex</strong></span> <span class='ocrx_word' id='word_1_193' title='bbox 1964 2367 2289 2421; x_wconf 89' lang='lat' dir='ltr'><strong>irrationali-</strong></span> 
     </span>
    </p>
   </div>
   <div class='ocr_carea' id='block_1_29' title="bbox 728 2458 2290 2530">
    <p class='ocr_par' dir='ltr' id='par_1_29' title="bbox 728 2458 2290 2530">
     <span class='ocr_line' id='line_1_29' title="bbox 728 2458 2290 2530; baseline -0.002 -16"><span class='ocrx_word' id='word_1_194' title='bbox 728 2461 831 2514; x_wconf 87' lang='lat' dir='ltr'><strong>bus</strong></span> <span class='ocrx_word' id='word_1_195' title='bbox 866 2460 1113 2530; x_wconf 87' lang='lat' dir='ltr'><strong>patribus</strong></span> <span class='ocrx_word' id='word_1_196' title='bbox 1158 2461 1271 2515; x_wconf 87' lang='lat' dir='ltr'><strong>nati</strong></span> <span class='ocrx_word' id='word_1_197' title='bbox 1321 2470 1470 2516; x_wconf 88' lang='lat' dir='ltr'><strong>sunt.</strong></span> <span class='ocrx_word' id='word_1_198' title='bbox 1504 2460 1701 2528; x_wconf 75' lang='lat' dir='ltr'><strong>Alferte</strong></span> <span class='ocrx_word' id='word_1_199' title='bbox 1736 2458 1960 2512; x_wconf 88' lang='lat' dir='ltr'><strong>Domino</strong></span> <span class='ocrx_word' id='word_1_200' title='bbox 1989 2460 2213 2530; x_wconf 81' lang='lat' dir='ltr'><strong>gloriam</strong></span> <span class='ocrx_word' id='word_1_201' title='bbox 2241 2469 2290 2514; x_wconf 89' lang='lat' dir='ltr'><strong>et</strong></span> 
     </span>
    </p>
   </div>
   <div class='ocr_carea' id='block_1_30' title="bbox 728 2549 2289 2621">
    <p class='ocr_par' dir='ltr' id='par_1_30' title="bbox 728 2549 2289 2621">
     <span class='ocr_line' id='line_1_30' title="bbox 728 2549 2289 2621; baseline 0.003 -18"><span class='ocrx_word' id='word_1_202' title='bbox 728 2551 994 2605; x_wconf 75' lang='lat' dir='ltr'><strong>honorent.</strong></span> <span class='ocrx_word' id='word_1_203' title='bbox 1023 2550 1264 2606; x_wconf 85' lang='lat' dir='ltr'><strong>Gloriam</strong></span> <span class='ocrx_word' id='word_1_204' title='bbox 1299 2551 1453 2605; x_wconf 81' lang='lat' dir='ltr'><strong>aﬁ‘ert</strong></span> <span class='ocrx_word' id='word_1_205' title='bbox 1479 2549 1708 2604; x_wconf 90' lang='lat' dir='ltr'><strong>Domino</strong></span> <span class='ocrx_word' id='word_1_206' title='bbox 1730 2551 1823 2620; x_wconf 90' lang='lat' dir='ltr'><strong>qui</strong></span> <span class='ocrx_word' id='word_1_207' title='bbox 1851 2551 2006 2606; x_wconf 90' lang='lat' dir='ltr'><strong>bonis</strong></span> <span class='ocrx_word' id='word_1_208' title='bbox 2035 2551 2289 2621; x_wconf 86' lang='lat' dir='ltr'><strong>operibus</strong></span> 
     </span>
    </p>
   </div>
   <div class='ocr_carea' id='block_1_31' title="bbox 726 2643 2288 2714">
    <p class='ocr_par' dir='ltr' id='par_1_31' title="bbox 726 2643 2288 2714">
     <span class='ocr_line' id='line_1_31' title="bbox 726 2643 2288 2714; baseline -0.001 -16"><span class='ocrx_word' id='word_1_209' title='bbox 726 2655 903 2711; x_wconf 80' lang='lat' dir='ltr'><strong>vacat,</strong></span> <span class='ocrx_word' id='word_1_210' title='bbox 935 2643 1234 2699; x_wconf 84' lang='lat' dir='ltr'><strong>secundum</strong></span> <span class='ocrx_word' id='word_1_211' title='bbox 1266 2643 1395 2697; x_wconf 86' lang='lat' dir='ltr'><strong>illud</strong></span> <span class='ocrx_word' id='word_1_212' title='bbox 1426 2645 1570 2714; x_wconf 85' lang='lat' dir='ltr'><strong>quod</strong></span> <span class='ocrx_word' id='word_1_213' title='bbox 1603 2644 1809 2699; x_wconf 90' lang='lat' dir='ltr'><strong>dictum</strong></span> <span class='ocrx_word' id='word_1_214' title='bbox 1835 2652 1951 2699; x_wconf 90' lang='lat' dir='ltr'><strong>est:</strong></span> <span class='ocrx_word' id='word_1_215' title='bbox 1989 2643 2055 2698; x_wconf 84' lang='lat' dir='ltr'><strong>Ut</strong></span> <span class='ocrx_word' id='word_1_216' title='bbox 2081 2643 2288 2698; x_wconf 83' lang='lat' dir='ltr'><strong>videant</strong></span> 
     </span>
    </p>
   </div>
   <div class='ocr_carea' id='block_1_32' title="bbox 726 2736 2286 2807">
    <p class='ocr_par' dir='ltr' id='par_1_32' title="bbox 726 2736 2286 2807">
     <span class='ocr_line' id='line_1_32' title="bbox 726 2736 2286 2807; baseline 0 -16"><span class='ocrx_word' id='word_1_217' title='bbox 726 2754 884 2807; x_wconf 86' lang='lat' dir='ltr'><strong>opera</strong></span> <span class='ocrx_word' id='word_1_218' title='bbox 914 2746 1085 2791; x_wconf 74' lang='lat' dir='ltr'><strong>vestra</strong></span> <span class='ocrx_word' id='word_1_219' title='bbox 1123 2737 1279 2800; x_wconf 85' lang='lat' dir='ltr'><strong>bona,</strong></span> <span class='ocrx_word' id='word_1_220' title='bbox 1316 2746 1363 2790; x_wconf 86' lang='lat' dir='ltr'><strong>et</strong></span> <span class='ocrx_word' id='word_1_221' title='bbox 1395 2736 1687 2807; x_wconf 80' lang='lat' dir='ltr'><strong>gloriﬁcent</strong></span> <span class='ocrx_word' id='word_1_222' title='bbox 1721 2738 1935 2790; x_wconf 82' lang='lat' dir='ltr'><strong>Patrem</strong></span> <span class='ocrx_word' id='word_1_223' title='bbox 1973 2747 2198 2790; x_wconf 71' lang='lat' dir='ltr'><strong>vestrum</strong></span> <span class='ocrx_word' id='word_1_224' title='bbox 2218 2736 2286 2791; x_wconf 77' lang='lat'><strong>“.</strong></span> 
     </span>
    </p>
   </div>
   <div class='ocr_carea' id='block_1_33' title="bbox 727 2829 2288 2899">
    <p class='ocr_par' dir='ltr' id='par_1_33' title="bbox 727 2829 2288 2899">
     <span class='ocr_line' id='line_1_33' title="bbox 727 2829 2288 2899; baseline 0 -16"><span class='ocrx_word' id='word_1_225' title='bbox 727 2829 940 2887; x_wconf 82' lang='lat' dir='ltr'><strong>Rursus</strong></span> <span class='ocrx_word' id='word_1_226' title='bbox 989 2831 1250 2885; x_wconf 85' lang='lat' dir='ltr'><strong>honorem</strong></span> <span class='ocrx_word' id='word_1_227' title='bbox 1288 2829 1440 2884; x_wconf 73' lang='lat' dir='ltr'><strong>aﬂert</strong></span> <span class='ocrx_word' id='word_1_228' title='bbox 1471 2831 1564 2898; x_wconf 90' lang='lat' dir='ltr'><strong>qui</strong></span> <span class='ocrx_word' id='word_1_229' title='bbox 1607 2830 1749 2883; x_wconf 92' lang='lat' dir='ltr'><strong>bona</strong></span> <span class='ocrx_word' id='word_1_230' title='bbox 1779 2829 1890 2883; x_wconf 87' lang='lat' dir='ltr'><strong>edit</strong></span> <span class='ocrx_word' id='word_1_231' title='bbox 1925 2844 2110 2899; x_wconf 88' lang='lat' dir='ltr'><strong>opera,</strong></span> <span class='ocrx_word' id='word_1_232' title='bbox 2133 2829 2288 2898; x_wconf 77' lang='lat' dir='ltr'><strong>juxta</strong></span> 
     </span>
    </p>
   </div>
   <div class='ocr_carea' id='block_1_34' title="bbox 727 2919 2286 2993">
    <p class='ocr_par' dir='ltr' id='par_1_34' title="bbox 727 2919 2286 2993">
     <span class='ocr_line' id='line_1_34' title="bbox 727 2919 2286 2993; baseline -0.001 -16"><span class='ocrx_word' id='word_1_233' title='bbox 727 2924 779 2977; x_wconf 89' lang='lat' dir='ltr'><strong>id</strong></span> <span class='ocrx_word' id='word_1_234' title='bbox 827 2925 971 2993; x_wconf 89' lang='lat' dir='ltr'><strong>quod</strong></span> <span class='ocrx_word' id='word_1_235' title='bbox 1015 2924 1219 2977; x_wconf 85' lang='lat' dir='ltr'><strong>dictum</strong></span> <span class='ocrx_word' id='word_1_236' title='bbox 1251 2932 1336 2978; x_wconf 87' lang='lat' dir='ltr'><strong>est</strong></span> <span class='ocrx_word' id='word_1_237' title='bbox 1355 2923 1435 2974; x_wconf 81' lang='lat' dir='ltr'><strong>&quot;z</strong></span> <span class='ocrx_word' id='word_1_238' title='bbox 1468 2919 1685 2975; x_wconf 81' lang='lat' dir='ltr'><strong>Honora</strong></span> <span class='ocrx_word' id='word_1_239' title='bbox 1734 2920 2012 2975; x_wconf 85' lang='lat' dir='ltr'><strong>Dominum</strong></span> <span class='ocrx_word' id='word_1_240' title='bbox 2041 2921 2105 2975; x_wconf 86' lang='lat' dir='ltr'><strong>de</strong></span> <span class='ocrx_word' id='word_1_241' title='bbox 2124 2921 2286 2991; x_wconf 84' lang='lat' dir='ltr'><strong>justis</strong></span> 
     </span>
    </p>
   </div>
   <div class='ocr_carea' id='block_1_35' title="bbox 729 3013 1118 3082">
    <p class='ocr_par' dir='ltr' id='par_1_35' title="bbox 729 3013 1118 3082">
     <span class='ocr_line' id='line_1_35' title="bbox 729 3013 1118 3082; baseline 0.005 -15"><span class='ocrx_word' id='word_1_242' title='bbox 729 3017 831 3068; x_wconf 86' lang='lat' dir='ltr'><strong>tuis</strong></span> <span class='ocrx_word' id='word_1_243' title='bbox 857 3013 1118 3082; x_wconf 79' lang='lat' dir='ltr'><strong>operibus.</strong></span> 
     </span>
    </p>
   </div>
   <div class='ocr_carea' id='block_1_36' title="bbox 799 3105 2284 3174">
    <p class='ocr_par' dir='ltr' id='par_1_36' title="bbox 799 3105 2284 3174">
     <span class='ocr_line' id='line_1_36' title="bbox 799 3105 2284 3174; baseline -0.001 -15"><span class='ocrx_word' id='word_1_244' title='bbox 799 3106 1028 3159; x_wconf 76' lang='lat' dir='ltr'><strong>Adornte</strong></span> <span class='ocrx_word' id='word_1_245' title='bbox 1060 3105 1339 3160; x_wconf 85' lang='lat' dir='ltr'><strong>Dominum</strong></span> <span class='ocrx_word' id='word_1_246' title='bbox 1359 3107 1411 3160; x_wconf 86' lang='lat' dir='ltr'><strong>in</strong></span> <span class='ocrx_word' id='word_1_247' title='bbox 1439 3107 1577 3160; x_wconf 86' lang='lat' dir='ltr'><strong>atrio</strong></span> <span class='ocrx_word' id='word_1_248' title='bbox 1604 3114 1789 3159; x_wconf 85' lang='lat' dir='ltr'><strong>sancto</strong></span> <span class='ocrx_word' id='word_1_249' title='bbox 1810 3108 1944 3174; x_wconf 87' lang='lat' dir='ltr'><strong>ejus.</strong></span> <span class='ocrx_word' id='word_1_250' title='bbox 1968 3105 2151 3160; x_wconf 86' lang='lat' dir='ltr'><strong>Palam</strong></span> <span class='ocrx_word' id='word_1_251' title='bbox 2174 3106 2284 3161; x_wconf 86' lang='lat' dir='ltr'><strong>edi-</strong></span> 
     </span>
    </p>
   </div>
   <div class='ocr_carea' id='block_1_37' title="bbox 726 3196 2285 3267">
    <p class='ocr_par' dir='ltr' id='par_1_37' title="bbox 726 3196 2285 3267">
     <span class='ocr_line' id='line_1_37' title="bbox 726 3196 2285 3267; baseline -0.001 -15"><span class='ocrx_word' id='word_1_252' title='bbox 726 3199 817 3263; x_wconf 82' lang='lat' dir='ltr'><strong>cit,</strong></span> <span class='ocrx_word' id='word_1_253' title='bbox 841 3212 948 3252; x_wconf 85' lang='lat' dir='ltr'><strong>non</strong></span> <span class='ocrx_word' id='word_1_254' title='bbox 976 3206 1223 3267; x_wconf 86' lang='lat' dir='ltr'><strong>oportere</strong></span> <span class='ocrx_word' id='word_1_255' title='bbox 1252 3212 1353 3251; x_wconf 85' lang='lat' dir='ltr'><strong>nos</strong></span> <span class='ocrx_word' id='word_1_256' title='bbox 1377 3207 1529 3252; x_wconf 77' lang='lat' dir='ltr'><strong>extra</strong></span> <span class='ocrx_word' id='word_1_257' title='bbox 1547 3196 1832 3252; x_wconf 86' lang='lat' dir='ltr'><strong>ecclesiam</strong></span> <span class='ocrx_word' id='word_1_258' title='bbox 1863 3197 2122 3252; x_wconf 87' lang='lat' dir='ltr'><strong>adorare:</strong></span> <span class='ocrx_word' id='word_1_259' title='bbox 2143 3199 2285 3267; x_wconf 88' lang='lat' dir='ltr'><strong>quod</strong></span> 
     </span>
    </p>
   </div>
   <div class='ocr_carea' id='block_1_38' title="bbox 726 3285 2284 3358">
    <p class='ocr_par' dir='ltr' id='par_1_38' title="bbox 726 3285 2284 3358">
     <span class='ocr_line' id='line_1_38' title="bbox 726 3285 2284 3358; baseline -0.003 -13"><span class='ocrx_word' id='word_1_260' title='bbox 726 3289 1183 3345; x_wconf 77' lang='lat' dir='ltr'><strong>helerodoxorum</strong></span> <span class='ocrx_word' id='word_1_261' title='bbox 1233 3295 1601 3343; x_wconf 88' lang='lat' dir='ltr'><strong>conventuum</strong></span> <span class='ocrx_word' id='word_1_262' title='bbox 1656 3304 1822 3344; x_wconf 88' lang='lat' dir='ltr'><strong>causa</strong></span> <span class='ocrx_word' id='word_1_263' title='bbox 1872 3288 2092 3344; x_wconf 88' lang='lat' dir='ltr'><strong>dicitur.</strong></span> <span class='ocrx_word' id='word_1_264' title='bbox 2144 3285 2284 3358; x_wconf 82' lang='lat' dir='ltr'><strong>[Non</strong></span> 
     </span>
    </p>
   </div>
   <div class='ocr_carea' id='block_1_39' title="bbox 724 3378 2286 3449">
    <p class='ocr_par' dir='ltr' id='par_1_39' title="bbox 724 3378 2286 3449">
     <span class='ocr_line' id='line_1_39' title="bbox 724 3378 2286 3449; baseline 0.002 -18"><span class='ocrx_word' id='word_1_265' title='bbox 724 3387 941 3449; x_wconf 85' lang='lat' dir='ltr'><strong>oportet</strong></span> <span class='ocrx_word' id='word_1_266' title='bbox 975 3390 1128 3433; x_wconf 73' lang='lat' dir='ltr'><strong>extra</strong></span> <span class='ocrx_word' id='word_1_267' title='bbox 1175 3378 1456 3434; x_wconf 90' lang='lat' dir='ltr'><strong>ecclesiam</strong></span> <span class='ocrx_word' id='word_1_268' title='bbox 1496 3379 1746 3444; x_wconf 88' lang='lat' dir='ltr'><strong>adorare,</strong></span> <span class='ocrx_word' id='word_1_269' title='bbox 1792 3380 1885 3435; x_wconf 88' lang='lat' dir='ltr'><strong>sed</strong></span> <span class='ocrx_word' id='word_1_270' title='bbox 1925 3381 1979 3434; x_wconf 90' lang='lat' dir='ltr'><strong>in</strong></span> <span class='ocrx_word' id='word_1_271' title='bbox 2021 3381 2135 3449; x_wconf 89' lang='lat' dir='ltr'><strong>ipsa</strong></span> <span class='ocrx_word' id='word_1_272' title='bbox 2165 3379 2286 3434; x_wconf 89' lang='lat' dir='ltr'><strong>aula</strong></span> 
     </span>
    </p>
   </div>
   <div class='ocr_carea' id='block_1_40' title="bbox 726 3468 2287 3542">
    <p class='ocr_par' dir='ltr' id='par_1_40' title="bbox 726 3468 2287 3542">
     <span class='ocr_line' id='line_1_40' title="bbox 726 3468 2287 3542; baseline -0.001 -16"><span class='ocrx_word' id='word_1_273' title='bbox 726 3469 841 3526; x_wconf 89' lang='lat' dir='ltr'><strong>Dei.</strong></span> <span class='ocrx_word' id='word_1_274' title='bbox 883 3468 959 3525; x_wconf 87' lang='lat' dir='ltr'><strong>Ne</strong></span> <span class='ocrx_word' id='word_1_275' title='bbox 1003 3471 1156 3537; x_wconf 89' lang='lat' dir='ltr'><strong>mihi,</strong></span> <span class='ocrx_word' id='word_1_276' title='bbox 1198 3471 1392 3541; x_wconf 82' lang='lat' dir='ltr'><strong>inquit,</strong></span> <span class='ocrx_word' id='word_1_277' title='bbox 1420 3471 1672 3541; x_wconf 89' lang='lat' dir='ltr'><strong>proprias</strong></span> <span class='ocrx_word' id='word_1_278' title='bbox 1708 3471 1862 3526; x_wconf 84' lang='lat' dir='ltr'><strong>aulas</strong></span> <span class='ocrx_word' id='word_1_279' title='bbox 1906 3480 1961 3526; x_wconf 89' lang='lat' dir='ltr'><strong>et</strong></span> <span class='ocrx_word' id='word_1_280' title='bbox 1985 3486 2287 3542; x_wconf 78' lang='lat' dir='ltr'><strong>synagogas</strong></span> 
     </span>
    </p>
   </div>
   <div class='ocr_carea' id='block_1_41' title="bbox 723 3560 2284 3636">
    <p class='ocr_par' dir='ltr' id='par_1_41' title="bbox 723 3560 2284 3636">
     <span class='ocr_line' id='line_1_41' title="bbox 723 3560 2284 3636; baseline -0.003 -15"><span class='ocrx_word' id='word_1_281' title='bbox 723 3562 1059 3636; x_wconf 75' lang='lat' dir='ltr'><strong>excogitetis,</strong></span> <span class='ocrx_word' id='word_1_282' title='bbox 1079 3579 1185 3618; x_wconf 92' lang='lat' dir='ltr'><strong>una</strong></span> <span class='ocrx_word' id='word_1_283' title='bbox 1207 3572 1290 3617; x_wconf 90' lang='lat' dir='ltr'><strong>est</strong></span> <span class='ocrx_word' id='word_1_284' title='bbox 1315 3563 1437 3616; x_wconf 89' lang='lat' dir='ltr'><strong>aula</strong></span> <span class='ocrx_word' id='word_1_285' title='bbox 1463 3571 1651 3617; x_wconf 88' lang='lat' dir='ltr'><strong>sancta</strong></span> <span class='ocrx_word' id='word_1_286' title='bbox 1677 3560 2120 3636; x_wconf 37' lang='lat' dir='ltr'><strong>De.i.]Possumus</strong></span> <span class='ocrx_word' id='word_1_287' title='bbox 2135 3563 2284 3624; x_wconf 88' lang='lat' dir='ltr'><strong>item,</strong></span> 
     </span>
    </p>
   </div>
   <div class='ocr_carea' id='block_1_42' title="bbox 725 3628 2286 3726">
    <p class='ocr_par' dir='ltr' id='par_1_42' title="bbox 725 3628 2286 3726">
     <span class='ocr_line' id='line_1_42' title="bbox 725 3628 2286 3726; baseline -0.003 -14"><span class='ocrx_word' id='word_1_288' title='bbox 725 3666 906 3713; x_wconf 87' lang='lat' dir='ltr'><strong>mente</strong></span> <span class='ocrx_word' id='word_1_289' title='bbox 946 3671 1166 3712; x_wconf 86' lang='lat' dir='ltr'><strong>sursum</strong></span> <span class='ocrx_word' id='word_1_290' title='bbox 1203 3664 1401 3723; x_wconf 87' lang='lat' dir='ltr'><strong>erecta,</strong></span> <span class='ocrx_word' id='word_1_291' title='bbox 1431 3670 1525 3726; x_wconf 89' lang='lat' dir='ltr'><strong>per</strong></span> <span class='ocrx_word' id='word_1_292' title='bbox 1569 3628 1768 3710; x_wconf 65' lang='lat' dir='ltr'><strong>atrium</strong></span> <span class='ocrx_word' id='word_1_293' title='bbox 1818 3655 2094 3710; x_wconf 65' lang='lat' dir='ltr'><strong>caelestem</strong></span> <span class='ocrx_word' id='word_1_294' title='bbox 2132 3669 2286 3710; x_wconf 87' lang='lat' dir='ltr'><strong>man-</strong></span> 
     </span>
    </p>
   </div>
   <div class='ocr_carea' id='block_1_43' title="bbox 726 3749 1288 3820">
    <p class='ocr_par' dir='ltr' id='par_1_43' title="bbox 726 3749 1288 3820">
     <span class='ocr_line' id='line_1_43' title="bbox 726 3749 1288 3820; baseline -0.004 -16"><span class='ocrx_word' id='word_1_295' title='bbox 726 3750 936 3805; x_wconf 85' lang='lat' dir='ltr'><strong>sionem</strong></span> <span class='ocrx_word' id='word_1_296' title='bbox 967 3749 1288 3820; x_wconf 80' lang='lat' dir='ltr'><strong>intelligere.</strong></span> 
     </span>
    </p>
   </div>
   <div class='ocr_carea' id='block_1_44' title="bbox 795 3923 2284 3994">
    <p class='ocr_par' dir='ltr' id='par_1_44' title="bbox 795 3923 2284 3994">
     <span class='ocr_line' id='line_1_44' title="bbox 795 3923 2284 3994; baseline -0.004 -12"><span class='ocrx_word' id='word_1_297' title='bbox 795 3928 850 3982; x_wconf 80' lang='grc'>5.</span> <span class='ocrx_word' id='word_1_298' title='bbox 901 3925 1009 3980; x_wconf 75' lang='lat' dir='ltr'><strong>V0.1:</strong></span> <span class='ocrx_word' id='word_1_299' title='bbox 1051 3924 1262 3979; x_wconf 79' lang='lat' dir='ltr'><strong>Domini</strong></span> <span class='ocrx_word' id='word_1_300' title='bbox 1301 3941 1455 3994; x_wconf 80' lang='lat' dir='ltr'><strong>super</strong></span> <span class='ocrx_word' id='word_1_301' title='bbox 1487 3941 1672 3994; x_wconf 82' lang='lat' dir='ltr'><strong>aquas.</strong></span> <span class='ocrx_word' id='word_1_302' title='bbox 1713 3926 1897 3994; x_wconf 85' lang='lat' dir='ltr'><strong>Aquas</strong></span> <span class='ocrx_word' id='word_1_303' title='bbox 1928 3923 2060 3979; x_wconf 82' lang='lat' dir='ltr'><strong>dicit</strong></span> <span class='ocrx_word' id='word_1_304' title='bbox 2097 3938 2284 3978; x_wconf 81' lang='lat' dir='ltr'><strong>eorum</strong></span> 
     </span>
    </p>
   </div>
   <div class='ocr_carea' id='block_1_45' title="bbox 727 4017 2282 4087">
    <p class='ocr_par' dir='ltr' id='par_1_45' title="bbox 727 4017 2282 4087">
     <span class='ocr_line' id='line_1_45' title="bbox 727 4017 2282 4087; baseline -0.005 -13"><span class='ocrx_word' id='word_1_305' title='bbox 727 4018 1126 4074; x_wconf 86' lang='lat' dir='ltr'><strong>multitudinem</strong></span> <span class='ocrx_word' id='word_1_306' title='bbox 1171 4017 1262 4087; x_wconf 87' lang='lat' dir='ltr'><strong>qui</strong></span> <span class='ocrx_word' id='word_1_307' title='bbox 1317 4033 1412 4086; x_wconf 89' lang='lat' dir='ltr'><strong>per</strong></span> <span class='ocrx_word' id='word_1_308' title='bbox 1450 4032 1544 4071; x_wconf 87' lang='lat' dir='ltr'><strong>eas</strong></span> <span class='ocrx_word' id='word_1_309' title='bbox 1591 4017 1822 4071; x_wconf 86' lang='lat' dir='ltr'><strong>salutem</strong></span> <span class='ocrx_word' id='word_1_310' title='bbox 1856 4022 2282 4086; x_wconf 89' lang='lat' dir='ltr'><strong>consequuntur.</strong></span> 
     </span>
    </p>
   </div>
   <div class='ocr_carea' id='block_1_46' title="bbox 724 4107 2283 4181">
    <p class='ocr_par' dir='ltr' id='par_1_46' title="bbox 724 4107 2283 4181">
     <span class='ocr_line' id='line_1_46' title="bbox 724 4107 2283 4181; baseline -0.004 -16"><span class='ocrx_word' id='word_1_311' title='bbox 724 4114 895 4181; x_wconf 69' lang='lat' dir='ltr'><strong>Aqua:</strong></span> <span class='ocrx_word' id='word_1_312' title='bbox 922 4121 1050 4166; x_wconf 88' lang='lat' dir='ltr'><strong>sunt</strong></span> <span class='ocrx_word' id='word_1_313' title='bbox 1073 4110 1268 4175; x_wconf 90' lang='lat' dir='ltr'><strong>sancti,</strong></span> <span class='ocrx_word' id='word_1_314' title='bbox 1286 4109 1544 4179; x_wconf 86' lang='lat' dir='ltr'><strong>quoniam</strong></span> <span class='ocrx_word' id='word_1_315' title='bbox 1561 4107 1784 4163; x_wconf 82' lang='lat' dir='ltr'><strong>ﬂumina</strong></span> <span class='ocrx_word' id='word_1_316' title='bbox 1806 4108 1872 4162; x_wconf 92' lang='lat' dir='ltr'><strong>de</strong></span> <span class='ocrx_word' id='word_1_317' title='bbox 1888 4117 2071 4162; x_wconf 88' lang='lat' dir='ltr'><strong>ventre</strong></span> <span class='ocrx_word' id='word_1_318' title='bbox 2095 4123 2283 4162; x_wconf 90' lang='lat' dir='ltr'><strong>eorum</strong></span> 
     </span>
    </p>
   </div>
   <div class='ocr_carea' id='block_1_47' title="bbox 724 4199 2288 4272">
    <p class='ocr_par' dir='ltr' id='par_1_47' title="bbox 724 4199 2288 4272">
     <span class='ocr_line' id='line_1_47' title="bbox 724 4199 2288 4272; baseline -0.003 -15"><span class='ocrx_word' id='word_1_319' title='bbox 724 4203 914 4268; x_wconf 78' lang='lat' dir='ltr'><strong>ﬂuent,</strong></span> <span class='ocrx_word' id='word_1_320' title='bbox 939 4202 984 4233; x_wconf 84' lang='grc'><strong><em>⁸⁸</em></strong></span> <span class='ocrx_word' id='word_1_321' title='bbox 999 4201 1300 4272; x_wconf 87' lang='lat' dir='ltr'><strong>spiritualis</strong></span> <span class='ocrx_word' id='word_1_322' title='bbox 1329 4201 1579 4256; x_wconf 82' lang='lat' dir='ltr'><strong>videlicet</strong></span> <span class='ocrx_word' id='word_1_323' title='bbox 1619 4200 1899 4265; x_wconf 84' lang='lat' dir='ltr'><strong>doctrina‘,</strong></span> <span class='ocrx_word' id='word_1_324' title='bbox 1926 4214 2033 4270; x_wconf 88' lang='lat' dir='ltr'><strong>qua</strong></span> <span class='ocrx_word' id='word_1_325' title='bbox 2063 4199 2288 4269; x_wconf 83' lang='lat' dir='ltr'><strong>irrigant</strong></span> 
     </span>
    </p>
   </div>
   <div class='ocr_carea' id='block_1_48' title="bbox 727 4290 2282 4361">
    <p class='ocr_par' dir='ltr' id='par_1_48' title="bbox 727 4290 2282 4361">
     <span class='ocr_line' id='line_1_48' title="bbox 727 4290 2282 4361; baseline -0.001 -15"><span class='ocrx_word' id='word_1_326' title='bbox 727 4293 1026 4348; x_wconf 89' lang='lat' dir='ltr'><strong>auditores.</strong></span> <span class='ocrx_word' id='word_1_327' title='bbox 1064 4292 1239 4360; x_wconf 78' lang='lat' dir='ltr'><strong>Super</strong></span> <span class='ocrx_word' id='word_1_328' title='bbox 1291 4291 1604 4361; x_wconf 89' lang='lat' dir='ltr'><strong>hujusmodi</strong></span> <span class='ocrx_word' id='word_1_329' title='bbox 1660 4306 1830 4361; x_wconf 83' lang='lat' dir='ltr'><strong>aquas</strong></span> <span class='ocrx_word' id='word_1_330' title='bbox 1882 4290 2144 4346; x_wconf 89' lang='lat' dir='ltr'><strong>Dominus</strong></span> <span class='ocrx_word' id='word_1_331' title='bbox 2179 4300 2282 4345; x_wconf 83' lang='lat' dir='ltr'><strong>est.</strong></span> 
     </span>
    </p>
   </div>
   <div class='ocr_carea' id='block_1_49' title="bbox 728 4378 2288 4455">
    <p class='ocr_par' dir='ltr' id='par_1_49' title="bbox 728 4378 2288 4455">
     <span class='ocr_line' id='line_1_49' title="bbox 728 4378 2288 4455; baseline -0.003 -15"><span class='ocrx_word' id='word_1_332' title='bbox 728 4378 846 4440; x_wconf 69' lang='lat' dir='ltr'><strong>Sed&#39;</strong></span> <span class='ocrx_word' id='word_1_333' title='bbox 864 4382 1010 4455; x_wconf 91' lang='lat' dir='ltr'><strong>quod</strong></span> <span class='ocrx_word' id='word_1_334' title='bbox 1041 4383 1323 4438; x_wconf 91' lang='lat' dir='ltr'><strong>historiam</strong></span> <span class='ocrx_word' id='word_1_335' title='bbox 1341 4392 1567 4454; x_wconf 87' lang='lat' dir='ltr'><strong>spectat,</strong></span> <span class='ocrx_word' id='word_1_336' title='bbox 1589 4382 1734 4439; x_wconf 87' lang='lat' dir='ltr'><strong>Elias</strong></span> <span class='ocrx_word' id='word_1_337' title='bbox 1762 4399 1885 4439; x_wconf 91' lang='lat' dir='ltr'><strong>cum</strong></span> <span class='ocrx_word' id='word_1_338' title='bbox 1927 4385 2120 4454; x_wconf 69' lang='lat' dir='ltr'><strong>pluvia:</strong></span> <span class='ocrx_word' id='word_1_339' title='bbox 2143 4383 2288 4439; x_wconf 78' lang='lat' dir='ltr'><strong>defe-</strong></span> 
     </span>
    </p>
   </div>
   <div class='ocr_carea' id='block_1_50' title="bbox 2411 797 3374 867">
    <p class='ocr_par' dir='ltr' id='par_1_50' title="bbox 2411 797 3374 867">
     <span class='ocr_line' id='line_1_50' title="bbox 2411 797 3374 867; baseline -0.001 -15"><span class='ocrx_word' id='word_1_340' title='bbox 2411 798 2570 852; x_wconf 72' lang='grc' dir='ltr'>αύτον</span> <span class='ocrx_word' id='word_1_341' title='bbox 2593 797 2738 852; x_wconf 82' lang='grc' dir='ltr'>λαόν.</span> <span class='ocrx_word' id='word_1_342' title='bbox 3365 854 3374 867; x_wconf 38' lang='grc' dir='ltr'><strong><em>ο</em></strong></span> 
     </span>
    </p>
   </div>
   <div class='ocr_carea' id='block_1_51' title="bbox 2479 888 3961 962">
    <p class='ocr_par' dir='ltr' id='par_1_51' title="bbox 2479 888 3961 962">
     <span class='ocr_line' id='line_1_51' title="bbox 2479 888 3961 962; baseline 0.005 -20"><span class='ocrx_word' id='word_1_343' title='bbox 2479 888 2586 942; x_wconf 82' lang='grc' dir='ltr'><strong>Καὶ</strong></span> <span class='ocrx_word' id='word_1_344' title='bbox 2618 889 2910 958; x_wconf 76' lang='grc' dir='ltr'>ποίμανον</span> <span class='ocrx_word' id='word_1_345' title='bbox 2938 891 3187 957; x_wconf 79' lang='grc' dir='ltr'>αὐτοὺς.</span> <span class='ocrx_word' id='word_1_346' title='bbox 3231 892 3332 945; x_wconf 73' lang='grc' dir='ltr'><strong>καί</strong></span> <span class='ocrx_word' id='word_1_347' title='bbox 3359 892 3583 962; x_wconf 77' lang='grc' dir='ltr'>ἔπαρον</span> <span class='ocrx_word' id='word_1_348' title='bbox 3608 895 3829 962; x_wconf 81' lang='grc' dir='ltr'>αὐτοὺς</span> <span class='ocrx_word' id='word_1_349' title='bbox 3857 893 3961 960; x_wconf 76' lang='grc' dir='ltr'><strong>ἕως</strong></span> 
     </span>
    </p>
   </div>
   <div class='ocr_carea' id='block_1_52' title="bbox 2407 980 3961 1060">
    <p class='ocr_par' dir='ltr' id='par_1_52' title="bbox 2407 980 3961 1060">
     <span class='ocr_line' id='line_1_52' title="bbox 2407 980 3961 1060; baseline 0.006 -27"><span class='ocrx_word' id='word_1_350' title='bbox 2407 981 2514 1034; x_wconf 80' lang='grc' dir='ltr'>τοῦ</span> <span class='ocrx_word' id='word_1_351' title='bbox 2556 980 2788 1049; x_wconf 76' lang='grc' dir='ltr'>αἰῶνος.</span> <span class='ocrx_word' id='word_1_352' title='bbox 2838 984 3008 1048; x_wconf 76' lang='grc' dir='ltr'>Αὐτὸς</span> <span class='ocrx_word' id='word_1_353' title='bbox 3053 985 3161 1056; x_wconf 80' lang='grc' dir='ltr'><strong>γὰρ</strong></span> <span class='ocrx_word' id='word_1_354' title='bbox 3209 987 3356 1056; x_wconf 72' lang='grc' dir='ltr'>ἡμᾶς</span> <span class='ocrx_word' id='word_1_355' title='bbox 3416 989 3700 1058; x_wconf 80' lang='grc' dir='ltr'><strong>ποιμανεῖ,</strong></span> <span class='ocrx_word' id='word_1_356' title='bbox 3746 987 3961 1060; x_wconf 77' lang='grc' dir='ltr'>πέμψας</span> 
     </span>
    </p>
   </div>
   <div class='ocr_carea' id='block_1_53' title="bbox 2407 1075 3962 1154">
    <p class='ocr_par' dir='ltr' id='par_1_53' title="bbox 2407 1075 3962 1154">
     <span class='ocr_line' id='line_1_53' title="bbox 2407 1075 3962 1154; baseline 0.007 -29"><span class='ocrx_word' id='word_1_357' title='bbox 2407 1075 2537 1144; x_wconf 78' lang='grc' dir='ltr'>ἡμῖν</span> <span class='ocrx_word' id='word_1_358' title='bbox 2565 1076 2680 1128; x_wconf 83' lang='grc' dir='ltr'>ἀντ’</span> <span class='ocrx_word' id='word_1_359' title='bbox 2705 1075 2866 1129; x_wconf 78' lang='grc' dir='ltr'>αὐτοῦ</span> <span class='ocrx_word' id='word_1_360' title='bbox 2895 1080 2986 1131; x_wconf 73' lang='grc' dir='ltr'><strong>καὶ</strong></span> <span class='ocrx_word' id='word_1_361' title='bbox 3009 1079 3083 1143; x_wconf 85' lang='grc' dir='ltr'>ὡς</span> <span class='ocrx_word' id='word_1_362' title='bbox 3108 1081 3297 1133; x_wconf 81' lang='grc' dir='ltr'>ἑαυτὸν</span> <span class='ocrx_word' id='word_1_363' title='bbox 3322 1081 3413 1135; x_wconf 84' lang='grc' dir='ltr'><strong>τὸν</strong></span> <span class='ocrx_word' id='word_1_364' title='bbox 3444 1082 3816 1154; x_wconf 77' lang='grc' dir='ltr'>Παράκλητον.</span> <span class='ocrx_word' id='word_1_365' title='bbox 3856 1085 3962 1137; x_wconf 75' lang='grc' dir='ltr'>Καὶ</span> 
     </span>
    </p>
   </div>
   <div class='ocr_carea' id='block_1_54' title="bbox 2408 1164 3962 1243">
    <p class='ocr_par' dir='ltr' id='par_1_54' title="bbox 2408 1164 3962 1243">
     <span class='ocr_line' id='line_1_54' title="bbox 2408 1164 3962 1243; baseline 0.006 -27"><span class='ocrx_word' id='word_1_366' title='bbox 2408 1164 2515 1235; x_wconf 77' lang='grc' dir='ltr'>μὴν</span> <span class='ocrx_word' id='word_1_367' title='bbox 2547 1165 2640 1218; x_wconf 83' lang='grc' dir='ltr'><strong>καὶ</strong></span> <span class='ocrx_word' id='word_1_368' title='bbox 2676 1165 2921 1238; x_wconf 77' lang='grc' dir='ltr'><strong>ἐπαίρει,</strong></span> <span class='ocrx_word' id='word_1_369' title='bbox 2963 1169 3240 1222; x_wconf 75' lang='grc' dir='ltr'><strong>τουτέστιν</strong></span> <span class='ocrx_word' id='word_1_370' title='bbox 3299 1171 3532 1243; x_wconf 69' lang='grc' dir='ltr'>ὑψηλοὺς</span> <span class='ocrx_word' id='word_1_371' title='bbox 3560 1173 3846 1242; x_wconf 73' lang='grc' dir='ltr'><strong>ἀποφαίνει</strong></span> <span class='ocrx_word' id='word_1_372' title='bbox 3887 1176 3962 1237; x_wconf 84' lang='grc' dir='ltr'>εἰς</span> 
     </span>
    </p>
   </div>
   <div class='ocr_carea' id='block_1_55' title="bbox 2403 1257 3640 1331">
    <p class='ocr_par' dir='ltr' id='par_1_55' title="bbox 2403 1257 3640 1331">
     <span class='ocr_line' id='line_1_55' title="bbox 2403 1257 3640 1331; baseline 0.008 -23"><span class='ocrx_word' id='word_1_373' title='bbox 2403 1257 2528 1320; x_wconf 76' lang='grc' dir='ltr'>τοὺς</span> <span class='ocrx_word' id='word_1_374' title='bbox 2560 1257 2850 1326; x_wconf 87' lang='grc' dir='ltr'>μέλλοντας</span> <span class='ocrx_word' id='word_1_375' title='bbox 2876 1259 2970 1312; x_wconf 76' lang='grc' dir='ltr'><strong>καὶ</strong></span> <span class='ocrx_word' id='word_1_376' title='bbox 2999 1260 3383 1331; x_wconf 79' lang='grc' dir='ltr'>ἀτελευτήτους</span> <span class='ocrx_word' id='word_1_377' title='bbox 3419 1263 3640 1328; x_wconf 80' lang='grc' dir='ltr'><strong>αἰῶνας.</strong></span> 
     </span>
    </p>
   </div>
   <div class='ocr_carea' id='block_1_56' title="bbox 2537 1351 3833 1424">
    <p class='ocr_par' dir='ltr' id='par_1_56' title="bbox 2537 1351 3833 1424">
     <span class='ocr_line' id='line_1_56' title="bbox 2537 1351 3833 1424; baseline 0.005 -21"><span class='ocrx_word' id='word_1_378' title='bbox 2537 1352 2631 1403; x_wconf 78' lang='grc' dir='ltr'><strong>ΨΑ</strong></span> <span class='ocrx_word' id='word_1_379' title='bbox 2642 1353 2841 1404; x_wconf 80' lang='grc' dir='ltr'><strong>ΛΜΟΣ</strong></span> <span class='ocrx_word' id='word_1_380' title='bbox 2862 1351 2941 1416; x_wconf 84' lang='grc' dir='ltr'>τῷ</span> <span class='ocrx_word' id='word_1_381' title='bbox 2969 1355 3087 1406; x_wconf 65' lang='lat' dir='ltr'><strong>dav</strong></span> <span class='ocrx_word' id='word_1_382' title='bbox 3112 1352 3148 1405; x_wconf 80' lang='grc' dir='ltr'><strong>δ</strong></span> <span class='ocrx_word' id='word_1_383' title='bbox 3169 1353 3383 1418; x_wconf 81' lang='grc' dir='ltr'><strong>ἐξόδου</strong></span> <span class='ocrx_word' id='word_1_384' title='bbox 3410 1355 3667 1424; x_wconf 75' lang='grc' dir='ltr'>Σκηνῆς.</span> <span class='ocrx_word' id='word_1_385' title='bbox 3702 1361 3833 1413; x_wconf 82' lang='lat' dir='ltr'><strong>KH’.</strong></span> 
     </span>
    </p>
   </div>
   <div class='ocr_carea' id='block_1_57' title="bbox 3029 1445 3346 1511">
    <p class='ocr_par' dir='ltr' id='par_1_57' title="bbox 3029 1445 3346 1511">
     <span class='ocr_line' id='line_1_57' title="bbox 3029 1445 3346 1511; baseline 0.006 -15"><span class='ocrx_word' id='word_1_386' title='bbox 3029 1445 3346 1511; x_wconf 73' lang='grc' dir='ltr'>Ὑπόθεσις.</span> 
     </span>
    </p>
   </div>
   <div class='ocr_carea' id='block_1_58' title="bbox 2413 1535 3964 1610">
    <p class='ocr_par' dir='ltr' id='par_1_58' title="bbox 2413 1535 3964 1610">
     <span class='ocr_line' id='line_1_58' title="bbox 2413 1535 3964 1610; baseline 0.003 -21"><span class='ocrx_word' id='word_1_387' title='bbox 2413 1536 2471 1589; x_wconf 90' lang='grc'><strong>’0</strong></span> <span class='ocrx_word' id='word_1_388' title='bbox 2503 1535 2686 1607; x_wconf 86' lang='grc' dir='ltr'>παρὼν</span> <span class='ocrx_word' id='word_1_389' title='bbox 2713 1535 2894 1608; x_wconf 77' lang='grc' dir='ltr'>ᾄδεται</span> <span class='ocrx_word' id='word_1_390' title='bbox 2923 1536 3154 1607; x_wconf 73' lang='grc' dir='ltr'>ψαλμὺς,</span> <span class='ocrx_word' id='word_1_391' title='bbox 3204 1537 3608 1608; x_wconf 76' lang='grc' dir='ltr'>ἐκϐαλλομένων</span> <span class='ocrx_word' id='word_1_392' title='bbox 3647 1541 3744 1610; x_wconf 79' lang='grc' dir='ltr'><strong>μὲν</strong></span> <span class='ocrx_word' id='word_1_393' title='bbox 3766 1541 3874 1593; x_wconf 91' lang='grc' dir='ltr'><strong>τῶν</strong></span> <span class='ocrx_word' id='word_1_394' title='bbox 3906 1539 3964 1606; x_wconf 78' lang='grc' dir='ltr'><strong>ἐξ</strong></span> 
     </span>
    </p>
   </div>
   <div class='ocr_carea' id='block_1_59' title="bbox 2483 1628 3962 1700">
    <p class='ocr_par' dir='ltr' id='par_1_59' title="bbox 2483 1628 3962 1700">
     <span class='ocr_line' id='line_1_59' title="bbox 2483 1628 3962 1700; baseline 0.003 -18"><span class='ocrx_word' id='word_1_395' title='bbox 2483 1628 2693 1700; x_wconf 69' lang='grc' dir='ltr'>Ἰσραὴλ</span> <span class='ocrx_word' id='word_1_396' title='bbox 2714 1669 2728 1693; x_wconf 84' lang='grc'><em>,</em></span> <span class='ocrx_word' id='word_1_397' title='bbox 2756 1629 3220 1699; x_wconf 80' lang='grc' dir='ltr'>ἁντεισαγομένων</span> <span class='ocrx_word' id='word_1_398' title='bbox 3249 1631 3303 1684; x_wconf 84' lang='grc' dir='ltr'>δὲ</span> <span class='ocrx_word' id='word_1_399' title='bbox 3330 1631 3438 1684; x_wconf 88' lang='grc' dir='ltr'><strong>τῶν</strong></span> <span class='ocrx_word' id='word_1_400' title='bbox 3470 1630 3660 1686; x_wconf 83' lang='grc' dir='ltr'>ἐθνῶν.</span> <span class='ocrx_word' id='word_1_401' title='bbox 3691 1633 3860 1695; x_wconf 70' lang='grc' dir='ltr'>Τοῦτο</span> <span class='ocrx_word' id='word_1_402' title='bbox 3906 1633 3962 1686; x_wconf 82' lang='grc' dir='ltr'>δὲ</span> 
     </span>
    </p>
   </div>
   <div class='ocr_carea' id='block_1_60' title="bbox 2467 1722 3963 1794">
    <p class='ocr_par' dir='ltr' id='par_1_60' title="bbox 2467 1722 3963 1794">
     <span class='ocr_line' id='line_1_60' title="bbox 2467 1722 3963 1794; baseline 0.003 -19"><span class='ocrx_word' id='word_1_403' title='bbox 2467 1722 2614 1794; x_wconf 77' lang='grc' dir='ltr'><strong>δηλοῖ</strong></span> <span class='ocrx_word' id='word_1_404' title='bbox 2643 1723 2786 1794; x_wconf 76' lang='grc' dir='ltr'>καὶὴ</span> <span class='ocrx_word' id='word_1_405' title='bbox 2815 1723 3092 1794; x_wconf 66' lang='grc' dir='ltr'>ἐπιγραφὴ</span> <span class='ocrx_word' id='word_1_406' title='bbox 3121 1724 3153 1792; x_wconf 81' lang='grc' dir='ltr'>ἡ</span> <span class='ocrx_word' id='word_1_407' title='bbox 3180 1723 3428 1792; x_wconf 78' lang='grc' dir='ltr'>λέγουσα,</span> <span class='ocrx_word' id='word_1_408' title='bbox 3447 1724 3500 1775; x_wconf 83' lang='grc' dir='ltr'><em>Ἐ</em></span> <span class='ocrx_word' id='word_1_409' title='bbox 3505 1724 3685 1788; x_wconf 77' lang='grc' dir='ltr'>ξόδου</span> <span class='ocrx_word' id='word_1_410' title='bbox 3697 1724 3963 1794; x_wconf 78' lang='grc' dir='ltr'><strong>Σκηνῆς,</strong></span> 
     </span>
    </p>
   </div>
   <div class='ocr_carea' id='block_1_61' title="bbox 2475 1814 3875 1888">
    <p class='ocr_par' dir='ltr' id='par_1_61' title="bbox 2475 1814 3875 1888">
     <span class='ocr_line' id='line_1_61' title="bbox 2475 1814 3875 1888; baseline 0.002 -21"><span class='ocrx_word' id='word_1_411' title='bbox 2475 1814 2656 1883; x_wconf 73' lang='grc' dir='ltr'>σαφῶς</span> <span class='ocrx_word' id='word_1_412' title='bbox 2685 1816 2782 1888; x_wconf 77' lang='grc' dir='ltr'><strong>τὴν</strong></span> <span class='ocrx_word' id='word_1_413' title='bbox 2811 1815 2986 1879; x_wconf 67' lang='grc' dir='ltr'>ἕξοίον</span> <span class='ocrx_word' id='word_1_414' title='bbox 3015 1816 3190 1869; x_wconf 78' lang='grc' dir='ltr'>αὐτῶν</span> <span class='ocrx_word' id='word_1_415' title='bbox 3218 1817 3349 1885; x_wconf 77' lang='grc' dir='ltr'>ἡμῖν</span> <span class='ocrx_word' id='word_1_416' title='bbox 3375 1815 3875 1886; x_wconf 80' lang='grc' dir='ltr'>κατασημαίνουσα.</span> 
     </span>
    </p>
   </div>
   <div class='ocr_carea' id='block_1_62' title="bbox 2481 1905 3965 1977">
    <p class='ocr_par' dir='ltr' id='par_1_62' title="bbox 2481 1905 3965 1977">
     <span class='ocr_line' id='line_1_62' title="bbox 2481 1905 3965 1977; baseline 0 -17"><span class='ocrx_word' id='word_1_417' title='bbox 2481 1907 2785 1977; x_wconf 76' lang='grc' dir='ltr'><strong>Ἐνέγκατε</strong></span> <span class='ocrx_word' id='word_1_418' title='bbox 2811 1906 2890 1972; x_wconf 82' lang='grc' dir='ltr'>τῷ</span> <span class='ocrx_word' id='word_1_419' title='bbox 2917 1907 3130 1974; x_wconf 75' lang='grc' dir='ltr'><strong>Κυρίῳ,</strong></span> <span class='ocrx_word' id='word_1_420' title='bbox 3159 1907 3270 1960; x_wconf 76' lang='grc' dir='ltr'>υἱοί</span> <span class='ocrx_word' id='word_1_421' title='bbox 3296 1905 3462 1961; x_wconf 80' lang='grc' dir='ltr'>Θεοῦ.</span> <span class='ocrx_word' id='word_1_422' title='bbox 3488 1907 3649 1970; x_wconf 77' lang='grc' dir='ltr'>Υἱοὺς</span> <span class='ocrx_word' id='word_1_423' title='bbox 3671 1907 3805 1960; x_wconf 82' lang='grc' dir='ltr'><strong>Θεοῦ</strong></span> <span class='ocrx_word' id='word_1_424' title='bbox 3837 1907 3965 1972; x_wconf 70' lang='grc' dir='ltr'>τοὺς</span> 
     </span>
    </p>
   </div>
   <div class='ocr_carea' id='block_1_63' title="bbox 2401 1999 3960 2073">
    <p class='ocr_par' dir='ltr' id='par_1_63' title="bbox 2401 1999 3960 2073">
     <span class='ocr_line' id='line_1_63' title="bbox 2401 1999 3960 2073; baseline -0.001 -20"><span class='ocrx_word' id='word_1_425' title='bbox 2401 2002 2584 2067; x_wconf 78' lang='grc' dir='ltr'>ἁγίους</span> <span class='ocrx_word' id='word_1_426' title='bbox 2609 2000 2935 2063; x_wconf 80' lang='grc' dir='ltr'><strong>ἀποστόλους</strong></span> <span class='ocrx_word' id='word_1_427' title='bbox 2953 2000 3106 2054; x_wconf 87' lang='grc' dir='ltr'>καλεί</span> <span class='ocrx_word' id='word_1_428' title='bbox 3145 1999 3346 2064; x_wconf 78' lang='grc' dir='ltr'>ἐδίδαξε</span> <span class='ocrx_word' id='word_1_429' title='bbox 3399 2000 3508 2073; x_wconf 68' lang='grc' dir='ltr'><strong>γὰρ</strong></span> <span class='ocrx_word' id='word_1_430' title='bbox 3534 2001 3731 2063; x_wconf 69' lang='grc' dir='ltr'>αὐτοὺς</span> <span class='ocrx_word' id='word_1_431' title='bbox 3757 2000 3960 2067; x_wconf 78' lang='grc' dir='ltr'>λέγειν·</span> 
     </span>
    </p>
   </div>
   <div class='ocr_carea' id='block_1_64' title="bbox 2399 2089 3967 2161">
    <p class='ocr_par' dir='ltr' id='par_1_64' title="bbox 2399 2089 3967 2161">
     <span class='ocr_line' id='line_1_64' title="bbox 2399 2089 3967 2161; baseline -0.001 -15"><span class='ocrx_word' id='word_1_432' title='bbox 2399 2093 2588 2160; x_wconf 82' lang='grc' dir='ltr'><strong>Πάτερ</strong></span> <span class='ocrx_word' id='word_1_433' title='bbox 2635 2092 2804 2161; x_wconf 76' lang='grc' dir='ltr'><strong>ἡμῶν</strong></span> <span class='ocrx_word' id='word_1_434' title='bbox 2840 2095 2873 2146; x_wconf 81' lang='grc' dir='ltr'><em>ὀ</em></span> <span class='ocrx_word' id='word_1_435' title='bbox 2910 2093 2980 2144; x_wconf 75' lang='grc' dir='ltr'>ἐν</span> <span class='ocrx_word' id='word_1_436' title='bbox 3023 2095 3145 2158; x_wconf 83' lang='grc' dir='ltr'>τοῖς</span> <span class='ocrx_word' id='word_1_437' title='bbox 3186 2091 3484 2160; x_wconf 60' lang='grc' dir='ltr'>θήραν-οῖς.</span> <span class='ocrx_word' id='word_1_438' title='bbox 3535 2091 3843 2161; x_wconf 71' lang='grc' dir='ltr'>Ἐνέγκατε</span> <span class='ocrx_word' id='word_1_439' title='bbox 3885 2089 3967 2157; x_wconf 80' lang='grc' dir='ltr'>τῷ</span> 
     </span>
    </p>
   </div>
   <div class='ocr_carea' id='block_1_65' title="bbox 2399 2182 3966 2255">
    <p class='ocr_par' dir='ltr' id='par_1_65' title="bbox 2399 2182 3966 2255">
     <span class='ocr_line' id='line_1_65' title="bbox 2399 2182 3966 2255; baseline -0.003 -16"><span class='ocrx_word' id='word_1_440' title='bbox 2399 2188 2589 2252; x_wconf 78' lang='grc' dir='ltr'>Κυρίῳ</span> <span class='ocrx_word' id='word_1_441' title='bbox 2613 2185 2781 2250; x_wconf 71' lang='grc' dir='ltr'>υἱοὺς</span> <span class='ocrx_word' id='word_1_442' title='bbox 2809 2185 3008 2252; x_wconf 76' lang='grc' dir='ltr'>κριῶν.</span> <span class='ocrx_word' id='word_1_443' title='bbox 3038 2186 3198 2247; x_wconf 77' lang='grc' dir='ltr'>Υίοὺς</span> <span class='ocrx_word' id='word_1_444' title='bbox 3227 2183 3393 2255; x_wconf 85' lang='grc' dir='ltr'>κριῶν</span> <span class='ocrx_word' id='word_1_445' title='bbox 3418 2185 3542 2246; x_wconf 76' lang='grc' dir='ltr'>τοὺς</span> <span class='ocrx_word' id='word_1_446' title='bbox 3578 2182 3875 2254; x_wconf 75' lang='grc' dir='ltr'>κληθέντας</span> <span class='ocrx_word' id='word_1_447' title='bbox 3896 2183 3966 2235; x_wconf 77' lang='grc' dir='ltr'>δι’</span> 
     </span>
    </p>
   </div>
   <div class='ocr_carea' id='block_1_66' title="bbox 2397 2275 3970 2347">
    <p class='ocr_par' dir='ltr' id='par_1_66' title="bbox 2397 2275 3970 2347">
     <span class='ocr_line' id='line_1_66' title="bbox 2397 2275 3970 2347; baseline -0.002 -17"><span class='ocrx_word' id='word_1_448' title='bbox 2397 2276 2571 2330; x_wconf 83' lang='grc' dir='ltr'>αὐτῶν</span> <span class='ocrx_word' id='word_1_449' title='bbox 2611 2279 2672 2328; x_wconf 83' lang='grc' dir='ltr'>ἐκ</span> <span class='ocrx_word' id='word_1_450' title='bbox 2710 2275 2802 2329; x_wconf 72' lang='grc' dir='ltr'>τοῦ</span> <span class='ocrx_word' id='word_1_451' title='bbox 2840 2276 3104 2330; x_wconf 82' lang='grc' dir='ltr'>Ἰουδαίων</span> <span class='ocrx_word' id='word_1_452' title='bbox 3134 2275 3314 2338; x_wconf 75' lang='grc' dir='ltr'>ἔθνους</span> <span class='ocrx_word' id='word_1_453' title='bbox 3346 2277 3424 2338; x_wconf 87' lang='grc' dir='ltr'><strong>είς</strong></span> <span class='ocrx_word' id='word_1_454' title='bbox 3449 2275 3546 2347; x_wconf 76' lang='grc' dir='ltr'>τὴν</span> <span class='ocrx_word' id='word_1_455' title='bbox 3573 2276 3752 2328; x_wconf 84' lang='grc' dir='ltr'>πίστιν</span> <span class='ocrx_word' id='word_1_456' title='bbox 3776 2277 3880 2346; x_wconf 82' lang='grc' dir='ltr'>τὴν</span> <span class='ocrx_word' id='word_1_457' title='bbox 3909 2278 3970 2329; x_wconf 77' lang='grc' dir='ltr'>ἐν</span> 
     </span>
    </p>
   </div>
   <div class='ocr_carea' id='block_1_67' title="bbox 2399 2367 3970 2442">
    <p class='ocr_par' dir='ltr' id='par_1_67' title="bbox 2399 2367 3970 2442">
     <span class='ocr_line' id='line_1_67' title="bbox 2399 2367 3970 2442; baseline -0.001 -19"><span class='ocrx_word' id='word_1_458' title='bbox 2399 2371 2585 2442; x_wconf 79' lang='grc' dir='ltr'>Κυρίῳ</span> <span class='ocrx_word' id='word_1_459' title='bbox 2632 2369 2922 2440; x_wconf 86' lang='grc' dir='ltr'>σημαίνει·</span> <span class='ocrx_word' id='word_1_460' title='bbox 2965 2369 2997 2440; x_wconf 79' lang='grc' dir='ltr'>ἢ</span> <span class='ocrx_word' id='word_1_461' title='bbox 3029 2368 3270 2432; x_wconf 70' lang='grc' dir='ltr'>καὶτοὺς</span> <span class='ocrx_word' id='word_1_462' title='bbox 3308 2368 3369 2433; x_wconf 69' lang='grc' dir='ltr'>ἐξ</span> <span class='ocrx_word' id='word_1_463' title='bbox 3399 2367 3568 2422; x_wconf 81' lang='grc' dir='ltr'>ἐθνῶν</span> <span class='ocrx_word' id='word_1_464' title='bbox 3603 2369 3970 2422; x_wconf 78' lang='grc' dir='ltr'>πεπιστευκό-</span> 
     </span>
    </p>
   </div>
   <div class='ocr_carea' id='block_1_68' title="bbox 2395 2459 3970 2533">
    <p class='ocr_par' dir='ltr' id='par_1_68' title="bbox 2395 2459 3970 2533">
     <span class='ocr_line' id='line_1_68' title="bbox 2395 2459 3970 2533; baseline -0.001 -18"><span class='ocrx_word' id='word_1_465' title='bbox 2395 2480 2492 2528; x_wconf 89' lang='grc' dir='ltr'><strong>τας</strong></span> <span class='ocrx_word' id='word_1_466' title='bbox 2511 2502 2527 2530; x_wconf 87' lang='grc'><em>,</em></span> <span class='ocrx_word' id='word_1_467' title='bbox 2557 2462 2652 2516; x_wconf 83' lang='grc' dir='ltr'>ἆτε</span> <span class='ocrx_word' id='word_1_468' title='bbox 2685 2462 2750 2533; x_wconf 83' lang='grc' dir='ltr'>δὴ</span> <span class='ocrx_word' id='word_1_469' title='bbox 2783 2462 2985 2530; x_wconf 76' lang='grc' dir='ltr'>φύντας</span> <span class='ocrx_word' id='word_1_470' title='bbox 3015 2460 3074 2528; x_wconf 82' lang='grc' dir='ltr'>ἐξ</span> <span class='ocrx_word' id='word_1_471' title='bbox 3110 2460 3318 2530; x_wconf 79' lang='grc' dir='ltr'>ἀλόγων</span> <span class='ocrx_word' id='word_1_472' title='bbox 3347 2461 3615 2532; x_wconf 87' lang='grc' dir='ltr'>πατέρων.</span> <span class='ocrx_word' id='word_1_473' title='bbox 3655 2459 3970 2529; x_wconf 69' lang='grc' dir='ltr'>Ἐνέγκατε</span> 
     </span>
    </p>
   </div>
   <div class='ocr_carea' id='block_1_69' title="bbox 2394 2553 3972 2626">
    <p class='ocr_par' dir='ltr' id='par_1_69' title="bbox 2394 2553 3972 2626">
     <span class='ocr_line' id='line_1_69' title="bbox 2394 2553 3972 2626; baseline -0.003 -15"><span class='ocrx_word' id='word_1_474' title='bbox 2394 2556 2473 2622; x_wconf 86' lang='grc' dir='ltr'>τῷ</span> <span class='ocrx_word' id='word_1_475' title='bbox 2497 2557 2691 2624; x_wconf 70' lang='grc' dir='ltr'>Κιφίῳ</span> <span class='ocrx_word' id='word_1_476' title='bbox 2715 2555 2901 2620; x_wconf 75' lang='grc' dir='ltr'>δόξαν</span> <span class='ocrx_word' id='word_1_477' title='bbox 2933 2555 3032 2609; x_wconf 80' lang='grc' dir='ltr'>καὶ</span> <span class='ocrx_word' id='word_1_478' title='bbox 3054 2555 3246 2624; x_wconf 78' lang='grc' dir='ltr'>τιμήν.</span> <span class='ocrx_word' id='word_1_479' title='bbox 3280 2553 3446 2619; x_wconf 81' lang='grc' dir='ltr'>Δόξαν</span> <span class='ocrx_word' id='word_1_480' title='bbox 3476 2555 3572 2625; x_wconf 87' lang='grc' dir='ltr'><strong>μὲν</strong></span> <span class='ocrx_word' id='word_1_481' title='bbox 3598 2553 3751 2626; x_wconf 76' lang='grc' dir='ltr'>φέρει</span> <span class='ocrx_word' id='word_1_482' title='bbox 3778 2571 3865 2619; x_wconf 88' lang='grc' dir='ltr'><strong>τις</strong></span> <span class='ocrx_word' id='word_1_483' title='bbox 3885 2554 3972 2624; x_wconf 81' lang='grc' dir='ltr'><strong>τῷ</strong></span> 
     </span>
    </p>
   </div>
   <div class='ocr_carea' id='block_1_70' title="bbox 2395 2644 3974 2718">
    <p class='ocr_par' dir='ltr' id='par_1_70' title="bbox 2395 2644 3974 2718">
     <span class='ocr_line' id='line_1_70' title="bbox 2395 2644 3974 2718; baseline -0.001 -18"><span class='ocrx_word' id='word_1_484' title='bbox 2395 2647 2583 2718; x_wconf 81' lang='grc' dir='ltr'>Κυρίῳ</span> <span class='ocrx_word' id='word_1_485' title='bbox 2613 2645 2990 2717; x_wconf 85' lang='grc' dir='ltr'>ἀγαθοεργῶν,</span> <span class='ocrx_word' id='word_1_486' title='bbox 3021 2647 3161 2699; x_wconf 84' lang='grc' dir='ltr'><strong>κατά</strong></span> <span class='ocrx_word' id='word_1_487' title='bbox 3201 2645 3261 2699; x_wconf 80' lang='grc' dir='ltr'><strong>τὸ</strong></span> <span class='ocrx_word' id='word_1_488' title='bbox 3304 2644 3590 2716; x_wconf 78' lang='grc' dir='ltr'>εἰρημένον</span> <span class='ocrx_word' id='word_1_489' title='bbox 3613 2662 3628 2675; x_wconf 70' lang='grc'><strong><em>⁸</em></strong></span> <span class='ocrx_word' id='word_1_490' title='bbox 3661 2644 3868 2711; x_wconf 75' lang='grc' dir='ltr'>Ὅπως</span> <span class='ocrx_word' id='word_1_491' title='bbox 3922 2646 3974 2698; x_wconf 85' lang='grc' dir='ltr'>ι-</span> 
     </span>
    </p>
   </div>
   <div class='ocr_carea' id='block_1_71' title="bbox 2393 2736 3973 2808">
    <p class='ocr_par' dir='ltr' id='par_1_71' title="bbox 2393 2736 3973 2808">
     <span class='ocr_line' id='line_1_71' title="bbox 2393 2736 3973 2808; baseline -0.001 -17"><span class='ocrx_word' id='word_1_492' title='bbox 2393 2738 2540 2792; x_wconf 71' lang='lat' dir='ltr'><strong>eam</strong></span> <span class='ocrx_word' id='word_1_493' title='bbox 2577 2738 2648 2793; x_wconf 82' lang='grc' dir='ltr'>τὰ</span> <span class='ocrx_word' id='word_1_494' title='bbox 2681 2739 2834 2799; x_wconf 70' lang='grc' dir='ltr'>καλὰ</span> <span class='ocrx_word' id='word_1_495' title='bbox 2857 2739 2997 2808; x_wconf 79' lang='grc' dir='ltr'>ἔργα</span> <span class='ocrx_word' id='word_1_496' title='bbox 3034 2737 3217 2808; x_wconf 69' lang='grc' dir='ltr'><strong>ὑμῶν,</strong></span> <span class='ocrx_word' id='word_1_497' title='bbox 3251 2737 3348 2792; x_wconf 76' lang='grc' dir='ltr'><strong>καί</strong></span> <span class='ocrx_word' id='word_1_498' title='bbox 3373 2736 3673 2803; x_wconf 79' lang='grc' dir='ltr'><strong>δοξάσωσι</strong></span> <span class='ocrx_word' id='word_1_499' title='bbox 3699 2737 3810 2791; x_wconf 80' lang='grc' dir='ltr'><strong>τὸν</strong></span> <span class='ocrx_word' id='word_1_500' title='bbox 3841 2740 3973 2791; x_wconf 82' lang='grc' dir='ltr'><strong>Πα-</strong></span> 
     </span>
    </p>
   </div>
   <div class='ocr_carea' id='block_1_72' title="bbox 2395 2828 3975 2903">
    <p class='ocr_par' dir='ltr' id='par_1_72' title="bbox 2395 2828 3975 2903">
     <span class='ocr_line' id='line_1_72' title="bbox 2395 2828 3975 2903; baseline -0.002 -18"><span class='ocrx_word' id='word_1_501' title='bbox 2395 2830 2532 2900; x_wconf 83' lang='grc' dir='ltr'>τέρα</span> <span class='ocrx_word' id='word_1_502' title='bbox 2575 2830 2759 2902; x_wconf 84' lang='grc' dir='ltr'>ὐμῶν.</span> <span class='ocrx_word' id='word_1_503' title='bbox 2802 2831 2977 2903; x_wconf 77' lang='grc' dir='ltr'>Τιμὴν</span> <span class='ocrx_word' id='word_1_504' title='bbox 3026 2831 3082 2884; x_wconf 79' lang='grc' dir='ltr'>δὲ</span> <span class='ocrx_word' id='word_1_505' title='bbox 3129 2830 3325 2896; x_wconf 79' lang='grc' dir='ltr'>πάλιν,</span> <span class='ocrx_word' id='word_1_506' title='bbox 3374 2828 3584 2899; x_wconf 80' lang='grc' dir='ltr'>ἀγαθὰς</span> <span class='ocrx_word' id='word_1_507' title='bbox 3628 2829 3975 2899; x_wconf 75' lang='grc' dir='ltr'>ἐπιτηδεύων</span> 
     </span>
    </p>
   </div>
   <div class='ocr_carea' id='block_1_73' title="bbox 2395 2921 3978 2996">
    <p class='ocr_par' dir='ltr' id='par_1_73' title="bbox 2395 2921 3978 2996">
     <span class='ocr_line' id='line_1_73' title="bbox 2395 2921 3978 2996; baseline -0.003 -19"><span class='ocrx_word' id='word_1_508' title='bbox 2395 2923 2619 2996; x_wconf 68' lang='grc' dir='ltr'>πράξεις</span> <span class='ocrx_word' id='word_1_509' title='bbox 2645 2963 2658 2985; x_wconf 88' lang='grc'>,</span> <span class='ocrx_word' id='word_1_510' title='bbox 2687 2921 2829 2976; x_wconf 74' lang='grc' dir='ltr'>κατὰ</span> <span class='ocrx_word' id='word_1_511' title='bbox 2851 2927 2911 2976; x_wconf 82' lang='grc' dir='ltr'><strong>τὸ</strong></span> <span class='ocrx_word' id='word_1_512' title='bbox 2939 2922 3222 2993; x_wconf 78' lang='grc' dir='ltr'>εἰρημένον</span> <span class='ocrx_word' id='word_1_513' title='bbox 3241 2939 3253 2952; x_wconf 68' lang='grc'><strong><em>⁸</em></strong></span> <span class='ocrx_word' id='word_1_514' title='bbox 3291 2922 3432 2991; x_wconf 75' lang='grc' dir='ltr'>Τίμα</span> <span class='ocrx_word' id='word_1_515' title='bbox 3455 2921 3560 2976; x_wconf 76' lang='grc' dir='ltr'><strong>τὸν</strong></span> <span class='ocrx_word' id='word_1_516' title='bbox 3587 2922 3809 2988; x_wconf 81' lang='grc' dir='ltr'>Κύριον</span> <span class='ocrx_word' id='word_1_517' title='bbox 3843 2921 3978 2975; x_wconf 77' lang='grc' dir='ltr'>ἀπὸ</span> 
     </span>
    </p>
   </div>
   <div class='ocr_carea' id='block_1_74' title="bbox 2394 2997 3043 3068">
    <p class='ocr_par' dir='ltr' id='par_1_74' title="bbox 2394 3014 3043 3068">
     <span class='ocr_line' id='line_1_74' title="bbox 2394 3014 3043 3068; baseline -0.002 -1"><span class='ocrx_word' id='word_1_518' title='bbox 2394 3014 2522 3067; x_wconf 84' lang='grc' dir='ltr'>σῶν</span> <span class='ocrx_word' id='word_1_519' title='bbox 2553 3014 2796 3068; x_wconf 81' lang='grc' dir='ltr'>δικαίων</span> <span class='ocrx_word' id='word_1_520' title='bbox 2823 3014 3043 3067; x_wconf 76' lang='grc' dir='ltr'>πόνων.</span> 
     </span>
    </p>
   </div>
   <div class='ocr_carea' id='block_1_75' title="bbox 2463 3105 3978 3178">
    <p class='ocr_par' dir='ltr' id='par_1_75' title="bbox 2463 3105 3978 3178">
     <span class='ocr_line' id='line_1_75' title="bbox 2463 3105 3978 3178; baseline -0.002 -16"><span class='ocrx_word' id='word_1_521' title='bbox 2463 3107 2932 3178; x_wconf 76' lang='grc' dir='ltr'>Προσκυνήσατε</span> <span class='ocrx_word' id='word_1_522' title='bbox 2957 3108 3036 3174; x_wconf 82' lang='grc' dir='ltr'>τῷ</span> <span class='ocrx_word' id='word_1_523' title='bbox 3067 3108 3261 3176; x_wconf 80' lang='grc' dir='ltr'>Κυρίῳ</span> <span class='ocrx_word' id='word_1_524' title='bbox 3291 3109 3360 3162; x_wconf 81' lang='grc' dir='ltr'><strong>ἐν</strong></span> <span class='ocrx_word' id='word_1_525' title='bbox 3399 3105 3555 3176; x_wconf 74' lang='grc' dir='ltr'>αυλῇ</span> <span class='ocrx_word' id='word_1_526' title='bbox 3581 3107 3718 3177; x_wconf 77' lang='grc' dir='ltr'>ἁγίᾳ</span> <span class='ocrx_word' id='word_1_527' title='bbox 3745 3107 3978 3161; x_wconf 78' lang='grc' dir='ltr'>αὐτοῦ.</span> 
     </span>
    </p>
   </div>
   <div class='ocr_carea' id='block_1_76' title="bbox 2395 3196 3982 3270">
    <p class='ocr_par' dir='ltr' id='par_1_76' title="bbox 2395 3196 3982 3270">
     <span class='ocr_line' id='line_1_76' title="bbox 2395 3196 3982 3270; baseline -0.001 -21"><span class='ocrx_word' id='word_1_528' title='bbox 2395 3197 2586 3266; x_wconf 72' lang='grc' dir='ltr'>Σαφῶς</span> <span class='ocrx_word' id='word_1_529' title='bbox 2613 3197 2699 3251; x_wconf 80' lang='grc' dir='ltr'><strong>διὰ</strong></span> <span class='ocrx_word' id='word_1_530' title='bbox 2735 3197 2935 3251; x_wconf 87' lang='grc' dir='ltr'>τούτων</span> <span class='ocrx_word' id='word_1_531' title='bbox 2963 3201 3091 3269; x_wconf 80' lang='grc' dir='ltr'>ἡμῖν</span> <span class='ocrx_word' id='word_1_532' title='bbox 3122 3197 3584 3270; x_wconf 85' lang='grc' dir='ltr'>παρακελεύεται,</span> <span class='ocrx_word' id='word_1_533' title='bbox 3615 3197 3692 3260; x_wconf 83' lang='grc' dir='ltr'>ὡς</span> <span class='ocrx_word' id='word_1_534' title='bbox 3726 3196 3839 3262; x_wconf 74' lang='grc' dir='ltr'>ἔξω</span> <span class='ocrx_word' id='word_1_535' title='bbox 3870 3197 3982 3266; x_wconf 81' lang='grc' dir='ltr'><strong>τῆς</strong></span> 
     </span>
    </p>
   </div>
   <div class='ocr_carea' id='block_1_77' title="bbox 2394 3285 3988 3358">
    <p class='ocr_par' dir='ltr' id='par_1_77' title="bbox 2394 3285 3988 3358">
     <span class='ocr_line' id='line_1_77' title="bbox 2394 3285 3988 3358; baseline -0.003 -18"><span class='ocrx_word' id='word_1_536' title='bbox 2394 3288 2684 3358; x_wconf 81' lang='grc' dir='ltr'>ἐκκλησίας</span> <span class='ocrx_word' id='word_1_537' title='bbox 2727 3288 2788 3341; x_wconf 89' lang='grc' dir='ltr'><strong>οὐ</strong></span> <span class='ocrx_word' id='word_1_538' title='bbox 2841 3287 2920 3340; x_wconf 78' lang='grc' dir='ltr'><strong>δεῖ</strong></span> <span class='ocrx_word' id='word_1_539' title='bbox 2966 3290 3308 3358; x_wconf 80' lang='grc' dir='ltr'>προσκυνεῖν.</span> <span class='ocrx_word' id='word_1_540' title='bbox 3359 3286 3528 3339; x_wconf 80' lang='grc' dir='ltr'>Τοῦτο</span> <span class='ocrx_word' id='word_1_541' title='bbox 3579 3285 3634 3338; x_wconf 82' lang='grc' dir='ltr'><strong>δέ</strong></span> <span class='ocrx_word' id='word_1_542' title='bbox 3690 3301 3831 3354; x_wconf 72' lang='grc' dir='ltr'>φησι</span> <span class='ocrx_word' id='word_1_543' title='bbox 3886 3285 3988 3337; x_wconf 73' lang='grc' dir='ltr'>διὰ</span> 
     </span>
    </p>
   </div>
   <div class='ocr_carea' id='block_1_78' title="bbox 2392 3377 3984 3452">
    <p class='ocr_par' dir='ltr' id='par_1_78' title="bbox 2392 3377 3984 3452">
     <span class='ocr_line' id='line_1_78' title="bbox 2392 3377 3984 3452; baseline -0.004 -18"><span class='ocrx_word' id='word_1_544' title='bbox 2392 3383 2489 3445; x_wconf 82' lang='grc' dir='ltr'><strong>τὰς</strong></span> <span class='ocrx_word' id='word_1_545' title='bbox 2527 3381 2633 3435; x_wconf 87' lang='grc' dir='ltr'><strong>τῶν</strong></span> <span class='ocrx_word' id='word_1_546' title='bbox 2661 3379 2978 3452; x_wconf 79' lang='grc' dir='ltr'>ἑτεροδόξων</span> <span class='ocrx_word' id='word_1_547' title='bbox 3007 3379 3344 3448; x_wconf 78' lang='grc' dir='ltr'>συναγωγάς.</span> <span class='ocrx_word' id='word_1_548' title='bbox 3379 3377 3776 3452; x_wconf 83' lang='grc' dir='ltr'>[Προσκύνησις</span> <span class='ocrx_word' id='word_1_549' title='bbox 3817 3377 3886 3430; x_wconf 79' lang='grc' dir='ltr'>δὲ</span> <span class='ocrx_word' id='word_1_550' title='bbox 3916 3379 3984 3430; x_wconf 70' lang='grc' dir='ltr'><strong>οὐ</strong></span> 
     </span>
    </p>
   </div>
   <div class='ocr_carea' id='block_1_79' title="bbox 2393 3469 4000 3548">
    <p class='ocr_par' dir='ltr' id='par_1_79' title="bbox 2393 3469 4000 3548">
     <span class='ocr_line' id='line_1_79' title="bbox 2393 3469 4000 3548; baseline -0.023 0"><span class='ocrx_word' id='word_1_551' title='bbox 2393 3476 2494 3548; x_wconf 79' lang='grc' dir='ltr'><strong>χρὴ</strong></span> <span class='ocrx_word' id='word_1_552' title='bbox 2539 3474 2642 3542; x_wconf 60' lang='lat' dir='ltr'><strong>saw</strong></span> <span class='ocrx_word' id='word_1_553' title='bbox 2805 3472 3135 3539; x_wconf 74' lang='grc' dir='ltr'>ἐκκλησίας.</span> <span class='ocrx_word' id='word_1_554' title='bbox 3165 3472 3278 3525; x_wconf 76' lang='grc' dir='ltr'><strong>ἀλλ’</strong></span> <span class='ocrx_word' id='word_1_555' title='bbox 3319 3471 3377 3524; x_wconf 71' lang='grc' dir='ltr'><strong>έν</strong></span> <span class='ocrx_word' id='word_1_556' title='bbox 3425 3470 3561 3542; x_wconf 63' lang='grc' dir='ltr'>αὐτῇ</span> <span class='ocrx_word' id='word_1_557' title='bbox 3593 3473 3659 3542; x_wconf 70' lang='grc' dir='ltr'>τῇ</span> <span class='ocrx_word' id='word_1_558' title='bbox 3694 3469 3843 3542; x_wconf 64' lang='lat' dir='ltr'><strong>am</strong></span> <span class='ocrx_word' id='word_1_559' title='bbox 3881 3471 4000 3525; x_wconf 55' lang='grc' dir='ltr'>τοι.</span> 
     </span>
    </p>
   </div>
   <div class='ocr_carea' id='block_1_80' title="bbox 2392 3559 3990 3636">
    <p class='ocr_par' dir='ltr' id='par_1_80' title="bbox 2392 3559 3990 3636">
     <span class='ocr_line' id='line_1_80' title="bbox 2392 3559 3990 3636; baseline -0.004 -17"><span class='ocrx_word' id='word_1_560' title='bbox 2392 3565 2525 3620; x_wconf 86' lang='grc' dir='ltr'><strong>Θεοῦ</strong></span> <span class='ocrx_word' id='word_1_561' title='bbox 2571 3564 2882 3636; x_wconf 78' lang='grc' dir='ltr'>τελουμένη.</span> <span class='ocrx_word' id='word_1_562' title='bbox 2917 3565 3007 3635; x_wconf 85' lang='grc' dir='ltr'><strong>Μή</strong></span> <span class='ocrx_word' id='word_1_563' title='bbox 3053 3580 3174 3635; x_wconf 87' lang='grc' dir='ltr'>μοι,</span> <span class='ocrx_word' id='word_1_564' title='bbox 3219 3562 3414 3634; x_wconf 69' lang='grc' dir='ltr'>φησὶν,</span> <span class='ocrx_word' id='word_1_565' title='bbox 3470 3561 3604 3626; x_wconf 80' lang='grc' dir='ltr'>ἰδίας</span> <span class='ocrx_word' id='word_1_566' title='bbox 3647 3559 3827 3626; x_wconf 77' lang='grc' dir='ltr'>αὐλὰς</span> <span class='ocrx_word' id='word_1_567' title='bbox 3885 3563 3990 3616; x_wconf 67' lang='grc' dir='ltr'><strong>καὶ</strong></span> 
     </span>
    </p>
   </div>
   <div class='ocr_carea' id='block_1_81' title="bbox 2394 3654 3994 3729">
    <p class='ocr_par' dir='ltr' id='par_1_81' title="bbox 2394 3654 3994 3729">
     <span class='ocr_line' id='line_1_81' title="bbox 2394 3654 3994 3729; baseline -0.001 -17"><span class='ocrx_word' id='word_1_568' title='bbox 2394 3659 2710 3728; x_wconf 77' lang='grc' dir='ltr'>συναγωγὰς</span> <span class='ocrx_word' id='word_1_569' title='bbox 2741 3660 3035 3711; x_wconf 76' lang='grc' dir='ltr'>ἐπινοεῖτε·</span> <span class='ocrx_word' id='word_1_570' title='bbox 3074 3656 3170 3727; x_wconf 89' lang='grc' dir='ltr'><strong>μία</strong></span> <span class='ocrx_word' id='word_1_571' title='bbox 3197 3657 3344 3710; x_wconf 75' lang='grc' dir='ltr'>ἐστὶν</span> <span class='ocrx_word' id='word_1_572' title='bbox 3370 3655 3508 3726; x_wconf 81' lang='grc' dir='ltr'>αὐλὴ</span> <span class='ocrx_word' id='word_1_573' title='bbox 3535 3656 3567 3725; x_wconf 86' lang='grc' dir='ltr'><strong>ή</strong></span> <span class='ocrx_word' id='word_1_574' title='bbox 3595 3654 3728 3724; x_wconf 79' lang='grc' dir='ltr'>ἁγία</span> <span class='ocrx_word' id='word_1_575' title='bbox 3772 3655 3994 3729; x_wconf 67' lang='lat' dir='ltr'><strong>Geo-3.]</strong></span> 
     </span>
    </p>
   </div>
   <div class='ocr_carea' id='block_1_82' title="bbox 2393 3744 3996 3817">
    <p class='ocr_par' dir='ltr' id='par_1_82' title="bbox 2393 3744 3996 3817">
     <span class='ocr_line' id='line_1_82' title="bbox 2393 3744 3996 3817; baseline -0.002 -14"><span class='ocrx_word' id='word_1_576' title='bbox 2393 3749 2621 3803; x_wconf 86' lang='grc' dir='ltr'>Δυνατὸν</span> <span class='ocrx_word' id='word_1_577' title='bbox 2659 3748 2716 3801; x_wconf 84' lang='grc' dir='ltr'>δὲ</span> <span class='ocrx_word' id='word_1_578' title='bbox 2757 3747 2924 3817; x_wconf 76' lang='grc' dir='ltr'>αὐλὴν</span> <span class='ocrx_word' id='word_1_579' title='bbox 2978 3744 3452 3816; x_wconf 73' lang='grc' dir='ltr'>ἐπαναϐεϐηκὸτας</span> <span class='ocrx_word' id='word_1_580' title='bbox 3495 3744 3682 3814; x_wconf 81' lang='grc' dir='ltr'>νοῆσαι</span> <span class='ocrx_word' id='word_1_581' title='bbox 3713 3744 3823 3816; x_wconf 73' lang='grc' dir='ltr'>τὴν</span> <span class='ocrx_word' id='word_1_582' title='bbox 3876 3747 3996 3800; x_wconf 76' lang='grc' dir='ltr'><strong>ἔπ-</strong></span> 
     </span>
    </p>
   </div>
   <div class='ocr_carea' id='block_1_83' title="bbox 2392 3841 2957 3914">
    <p class='ocr_par' dir='ltr' id='par_1_83' title="bbox 2392 3841 2957 3914">
     <span class='ocr_line' id='line_1_83' title="bbox 2392 3841 2957 3914; baseline -0.007 -17"><span class='ocrx_word' id='word_1_583' title='bbox 2392 3862 2450 3897; x_wconf 89' lang='grc' dir='ltr'><strong>ου</strong></span> <span class='ocrx_word' id='word_1_584' title='bbox 2457 3844 2637 3914; x_wconf 85' lang='grc' dir='ltr'>ράνιον</span> <span class='ocrx_word' id='word_1_585' title='bbox 2663 3841 2957 3912; x_wconf 78' lang='grc' dir='ltr'>διαγωγήν.</span> 
     </span>
    </p>
   </div>
   <div class='ocr_carea' id='block_1_84' title="bbox 2461 3929 4000 4003">
    <p class='ocr_par' dir='ltr' id='par_1_84' title="bbox 2461 3929 4000 4003">
     <span class='ocr_line' id='line_1_84' title="bbox 2461 3929 4000 4003; baseline -0.001 -15"><span class='ocrx_word' id='word_1_586' title='bbox 2461 3934 2632 4003; x_wconf 81' lang='grc' dir='ltr'><em>Φωνὴ</em></span> <span class='ocrx_word' id='word_1_587' title='bbox 2662 3932 2880 4001; x_wconf 78' lang='grc' dir='ltr'>Κυρίου</span> <span class='ocrx_word' id='word_1_588' title='bbox 2909 3929 3140 3985; x_wconf 80' lang='grc' dir='ltr'><strong>ἐπὶτῶν</strong></span> <span class='ocrx_word' id='word_1_589' title='bbox 3154 3930 3408 3988; x_wconf 76' lang='grc' dir='ltr'>ὑδάτων.</span> <span class='ocrx_word' id='word_1_590' title='bbox 3437 3929 3644 3984; x_wconf 82' lang='grc' dir='ltr'>Ὕδατά</span> <span class='ocrx_word' id='word_1_591' title='bbox 3695 3947 3845 4002; x_wconf 78' lang='grc' dir='ltr'>φησι</span> <span class='ocrx_word' id='word_1_592' title='bbox 3872 3932 4000 3988; x_wconf 86' lang='grc' dir='ltr'><strong>τῶν</strong></span> 
     </span>
    </p>
   </div>
   <div class='ocr_carea' id='block_1_85' title="bbox 2390 4024 4003 4097">
    <p class='ocr_par' dir='ltr' id='par_1_85' title="bbox 2390 4024 4003 4097">
     <span class='ocr_line' id='line_1_85' title="bbox 2390 4024 4003 4097; baseline -0.001 -15"><span class='ocrx_word' id='word_1_593' title='bbox 2390 4029 2477 4082; x_wconf 79' lang='grc' dir='ltr'>διὰ</span> <span class='ocrx_word' id='word_1_594' title='bbox 2513 4027 2715 4082; x_wconf 86' lang='grc' dir='ltr'>τούτων</span> <span class='ocrx_word' id='word_1_595' title='bbox 2755 4027 3072 4097; x_wconf 79' lang='grc' dir='ltr'>σωζομένων</span> <span class='ocrx_word' id='word_1_596' title='bbox 3115 4026 3183 4079; x_wconf 73' lang='grc' dir='ltr'><strong>τὰ</strong></span> <span class='ocrx_word' id='word_1_597' title='bbox 3226 4025 3423 4096; x_wconf 79' lang='grc' dir='ltr'>πλήθη.</span> <span class='ocrx_word' id='word_1_598' title='bbox 3458 4025 3662 4078; x_wconf 85' lang='grc' dir='ltr'>Ὕδατα</span> <span class='ocrx_word' id='word_1_599' title='bbox 3708 4024 3760 4078; x_wconf 80' lang='lat' dir='ltr'><strong>oi</strong></span> <span class='ocrx_word' id='word_1_600' title='bbox 3797 4026 4003 4095; x_wconf 76' lang='grc' dir='ltr'>ἅγιοι,</span> 
     </span>
    </p>
   </div>
   <div class='ocr_carea' id='block_1_86' title="bbox 2390 4115 4002 4192">
    <p class='ocr_par' dir='ltr' id='par_1_86' title="bbox 2390 4115 4002 4192">
     <span class='ocr_line' id='line_1_86' title="bbox 2390 4115 4002 4192; baseline -0.001 -19"><span class='ocrx_word' id='word_1_601' title='bbox 2390 4121 2576 4192; x_wconf 77' lang='grc' dir='ltr'>διόπερ</span> <span class='ocrx_word' id='word_1_602' title='bbox 2621 4119 2854 4190; x_wconf 74' lang='grc' dir='ltr'>ποταμοὶ</span> <span class='ocrx_word' id='word_1_603' title='bbox 2907 4117 3188 4190; x_wconf 79' lang='grc' dir='ltr'>ῥεύσουσιν</span> <span class='ocrx_word' id='word_1_604' title='bbox 3234 4119 3298 4171; x_wconf 83' lang='grc' dir='ltr'>ὲκ</span> <span class='ocrx_word' id='word_1_605' title='bbox 3340 4116 3441 4184; x_wconf 81' lang='grc' dir='ltr'>τῆς</span> <span class='ocrx_word' id='word_1_606' title='bbox 3489 4115 3694 4179; x_wconf 82' lang='grc' dir='ltr'>κοιλίας</span> <span class='ocrx_word' id='word_1_607' title='bbox 3741 4118 4002 4171; x_wconf 66' lang='grc' dir='ltr'>αὺτῶνι</span> 
     </span>
    </p>
   </div>
   <div class='ocr_carea' id='block_1_87' title="bbox 2389 4203 4008 4284">
    <p class='ocr_par' dir='ltr' id='par_1_87' title="bbox 2389 4203 4008 4284">
     <span class='ocr_line' id='line_1_87' title="bbox 2389 4203 4008 4284; baseline -0.001 -16"><span class='ocrx_word' id='word_1_608' title='bbox 2389 4215 2637 4268; x_wconf 84' lang='grc' dir='ltr'>τουτέστι</span> <span class='ocrx_word' id='word_1_609' title='bbox 2667 4212 3007 4284; x_wconf 79' lang='grc' dir='ltr'>πνευματικὴ</span> <span class='ocrx_word' id='word_1_610' title='bbox 3035 4209 3367 4274; x_wconf 84' lang='grc' dir='ltr'>διδασκαλία,</span> <span class='ocrx_word' id='word_1_611' title='bbox 3391 4209 3457 4262; x_wconf 88' lang='grc' dir='ltr'>δι’</span> <span class='ocrx_word' id='word_1_612' title='bbox 3485 4203 3554 4283; x_wconf 79' lang='grc' dir='ltr'>ἧς</span> <span class='ocrx_word' id='word_1_613' title='bbox 3585 4209 3826 4280; x_wconf 80' lang='grc' dir='ltr'>ἄρδουσι</span> <span class='ocrx_word' id='word_1_614' title='bbox 3857 4213 3953 4266; x_wconf 72' lang='lat'><strong>1:0&quot;</strong></span> <span class='ocrx_word' id='word_1_615' title='bbox 3961 4232 4008 4277; x_wconf 78' lang='grc' dir='ltr'><strong>ις</strong></span> 
     </span>
    </p>
   </div>
   <div class='ocr_carea' id='block_1_88' title="bbox 2392 4297 4003 4374">
    <p class='ocr_par' dir='ltr' id='par_1_88' title="bbox 2392 4297 4003 4374">
     <span class='ocr_line' id='line_1_88' title="bbox 2392 4297 4003 4374; baseline -0.001 -14"><span class='ocrx_word' id='word_1_616' title='bbox 2392 4306 2703 4367; x_wconf 79' lang='grc' dir='ltr'>ἀκούοντας.</span> <span class='ocrx_word' id='word_1_617' title='bbox 2738 4305 2860 4358; x_wconf 80' lang='grc' dir='ltr'>Ἐπὶ</span> <span class='ocrx_word' id='word_1_618' title='bbox 2895 4302 3000 4357; x_wconf 90' lang='grc' dir='ltr'><strong>τῶν</strong></span> <span class='ocrx_word' id='word_1_619' title='bbox 3033 4303 3283 4357; x_wconf 85' lang='grc' dir='ltr'>τοιούτων</span> <span class='ocrx_word' id='word_1_620' title='bbox 3317 4297 3408 4357; x_wconf 72' lang='grc' dir='ltr'><strong>οὖν</strong></span> <span class='ocrx_word' id='word_1_621' title='bbox 3438 4301 3644 4355; x_wconf 82' lang='grc' dir='ltr'>ὑδάτων</span> <span class='ocrx_word' id='word_1_622' title='bbox 3673 4303 3704 4355; x_wconf 86' lang='grc' dir='ltr'><strong><em>ὁ</em></strong></span> <span class='ocrx_word' id='word_1_623' title='bbox 3731 4303 4003 4374; x_wconf 79' lang='grc' dir='ltr'>Κύριος.</span> 
     </span>
    </p>
   </div>
   <div class='ocr_carea' id='block_1_89' title="bbox 2405 4393 4012 4469">
    <p class='ocr_par' dir='ltr' id='par_1_89' title="bbox 2405 4393 4012 4469">
     <span class='ocr_line' id='line_1_89' title="bbox 2405 4393 4012 4469; baseline -0.002 -19"><span class='ocrx_word' id='word_1_624' title='bbox 2405 4397 2561 4451; x_wconf 77' lang='grc' dir='ltr'>’Λλλά</span> <span class='ocrx_word' id='word_1_625' title='bbox 2585 4396 2704 4450; x_wconf 76' lang='grc' dir='ltr'>καθ’</span> <span class='ocrx_word' id='word_1_626' title='bbox 2741 4396 2978 4469; x_wconf 79' lang='grc' dir='ltr'>ἱστορίαν</span> <span class='ocrx_word' id='word_1_627' title='bbox 3014 4396 3198 4460; x_wconf 86' lang='grc' dir='ltr'>Ἠλίας</span> <span class='ocrx_word' id='word_1_628' title='bbox 3219 4394 3356 4466; x_wconf 80' lang='grc' dir='ltr'>μετὰ</span> <span class='ocrx_word' id='word_1_629' title='bbox 3380 4395 3476 4466; x_wconf 81' lang='grc' dir='ltr'>τὴν</span> <span class='ocrx_word' id='word_1_630' title='bbox 3505 4393 3777 4466; x_wconf 79' lang='grc' dir='ltr'>ἀϐροχίαν</span> <span class='ocrx_word' id='word_1_631' title='bbox 3809 4396 4012 4468; x_wconf 76' lang='grc' dir='ltr'>ἧκουε</span> 
     </span>
    </p>
   </div>
   <div class='ocr_carea' id='block_1_90' title="bbox 727 4476 2316 4562">
    <p class='ocr_par' dir='ltr' id='par_1_90' title="bbox 727 4476 2284 4547">
     <span class='ocr_line' id='line_1_90' title="bbox 727 4476 2284 4547; baseline 0 -17"><span class='ocrx_word' id='word_1_632' title='bbox 727 4486 847 4530; x_wconf 90' lang='lat' dir='ltr'><strong>ctus</strong></span> <span class='ocrx_word' id='word_1_633' title='bbox 873 4485 1038 4536; x_wconf 83' lang='lat' dir='ltr'><strong>esset.</strong></span> <span class='ocrx_word' id='word_1_634' title='bbox 1063 4476 1269 4530; x_wconf 84' lang='lat' dir='ltr'><strong>audivit</strong></span> <span class='ocrx_word' id='word_1_635' title='bbox 1295 4490 1482 4531; x_wconf 87' lang='lat' dir='ltr'><strong>vocem</strong></span> <span class='ocrx_word' id='word_1_636' title='bbox 1507 4490 1771 4546; x_wconf 82' lang='lat' dir='ltr'><strong>aquarum</strong></span> <span class='ocrx_word' id='word_1_637' title='bbox 1799 4477 2090 4530; x_wconf 91' lang='lat' dir='ltr'><strong>multarum</strong></span> <span class='ocrx_word' id='word_1_638' title='bbox 2126 4477 2284 4547; x_wconf 85' lang='lat' dir='ltr'><strong>(alius</strong></span> 
     </span>
    </p>
   </div>
   <div class='ocr_carea' id='block_1_91' title="bbox 2401 4476 4013 4562">
    <p class='ocr_par' dir='ltr' id='par_1_91' title="bbox 2401 4485 4013 4560">
     <span class='ocr_line' id='line_1_91' title="bbox 2401 4485 4013 4560; baseline -0.001 -18"><span class='ocrx_word' id='word_1_639' title='bbox 2401 4491 2573 4559; x_wconf 68' lang='lat' dir='ltr'><strong>;to~tipt</strong></span> <span class='ocrx_word' id='word_1_640' title='bbox 2601 4489 2805 4542; x_wconf 80' lang='grc' dir='ltr'>ὑδάτων</span> <span class='ocrx_word' id='word_1_641' title='bbox 2842 4487 3071 4542; x_wconf 88' lang='grc' dir='ltr'>πολλῶν.</span> <span class='ocrx_word' id='word_1_642' title='bbox 3117 4488 3227 4557; x_wconf 88' lang='grc' dir='ltr'><strong>Τὴν</strong></span> <span class='ocrx_word' id='word_1_643' title='bbox 3258 4487 3552 4557; x_wconf 83' lang='grc' dir='ltr'>γενομένην</span> <span class='ocrx_word' id='word_1_644' title='bbox 3583 4485 3754 4556; x_wconf 77' lang='grc' dir='ltr'>φησὶν</span> <span class='ocrx_word' id='word_1_645' title='bbox 3811 4490 3885 4541; x_wconf 82' lang='grc' dir='ltr'>ὲν</span> <span class='ocrx_word' id='word_1_646' title='bbox 3923 4491 4013 4560; x_wconf 80' lang='grc' dir='ltr'><strong>τῷ</strong></span> 
     </span>
    </p>
   </div>
   <div class='ocr_carea' id='block_1_92' title="bbox 726 4567 2290 4638">
    <p class='ocr_par' dir='ltr' id='par_1_92' title="bbox 726 4567 2290 4638">
     <span class='ocr_line' id='line_1_92' title="bbox 726 4567 2290 4638; baseline 0.001 -15"><span class='ocrx_word' id='word_1_647' title='bbox 726 4571 933 4638; x_wconf 73' lang='lat' dir='ltr'><strong>codex).</strong></span> <span class='ocrx_word' id='word_1_648' title='bbox 961 4568 1158 4625; x_wconf 83' lang='lat' dir='ltr'><strong>Vocem</strong></span> <span class='ocrx_word' id='word_1_649' title='bbox 1187 4569 1399 4624; x_wconf 87' lang='lat' dir='ltr'><strong>Domini</strong></span> <span class='ocrx_word' id='word_1_650' title='bbox 1427 4569 1504 4624; x_wconf 90' lang='lat' dir='ltr'><strong>ait</strong></span> <span class='ocrx_word' id='word_1_651' title='bbox 1530 4569 1586 4624; x_wconf 93' lang='lat' dir='ltr'><strong>in</strong></span> <span class='ocrx_word' id='word_1_652' title='bbox 1611 4568 1848 4624; x_wconf 84' lang='lat' dir='ltr'><strong>Jordane</strong></span> <span class='ocrx_word' id='word_1_653' title='bbox 1871 4585 1901 4624; x_wconf 89' lang='lat' dir='ltr'><strong>a</strong></span> <span class='ocrx_word' id='word_1_654' title='bbox 1928 4569 2037 4624; x_wconf 90' lang='lat' dir='ltr'><strong>Deo</strong></span> <span class='ocrx_word' id='word_1_655' title='bbox 2059 4577 2113 4623; x_wconf 92' lang='lat' dir='ltr'><strong>et</strong></span> <span class='ocrx_word' id='word_1_656' title='bbox 2135 4567 2290 4624; x_wconf 85' lang='lat' dir='ltr'><strong>Patre</strong></span> 
     </span>
    </p>
   </div>
   <div class='ocr_carea' id='block_1_93' title="bbox 725 4660 2289 4730">
    <p class='ocr_par' dir='ltr' id='par_1_93' title="bbox 725 4660 2289 4730">
     <span class='ocr_line' id='line_1_93' title="bbox 725 4660 2289 4730; baseline -0.001 -11"><span class='ocrx_word' id='word_1_657' title='bbox 725 4663 980 4719; x_wconf 84' lang='lat' dir='ltr'><strong>emissam</strong></span> <span class='ocrx_word' id='word_1_658' title='bbox 1009 4678 1073 4718; x_wconf 90' lang='lat' dir='ltr'><strong>ac</strong></span> <span class='ocrx_word' id='word_1_659' title='bbox 1105 4662 1370 4718; x_wconf 89' lang='lat' dir='ltr'><strong>dicentem</strong></span> <span class='ocrx_word' id='word_1_660' title='bbox 1402 4660 1480 4717; x_wconf 77' lang='lat'><strong>‘7:</strong></span> <span class='ocrx_word' id='word_1_661' title='bbox 1517 4661 1622 4716; x_wconf 86' lang='lat' dir='ltr'><strong>Hic</strong></span> <span class='ocrx_word' id='word_1_662' title='bbox 1663 4671 1738 4716; x_wconf 89' lang='lat' dir='ltr'><strong>est</strong></span> <span class='ocrx_word' id='word_1_663' title='bbox 1784 4662 1926 4730; x_wconf 80' lang='lat' dir='ltr'><strong>ﬁlius</strong></span> <span class='ocrx_word' id='word_1_664' title='bbox 1974 4679 2114 4717; x_wconf 85' lang='lat' dir='ltr'><strong>meus</strong></span> <span class='ocrx_word' id='word_1_665' title='bbox 2158 4663 2289 4717; x_wconf 86' lang='lat' dir='ltr'><strong>dile-</strong></span> 
     </span>
    </p>
   </div>
   <div class='ocr_carea' id='block_1_94' title="bbox 727 4754 1852 4824">
    <p class='ocr_par' dir='ltr' id='par_1_94' title="bbox 727 4754 1852 4824">
     <span class='ocr_line' id='line_1_94' title="bbox 727 4754 1852 4824; baseline 0.002 -15"><span class='ocrx_word' id='word_1_666' title='bbox 727 4767 862 4818; x_wconf 82' lang='lat' dir='ltr'><strong>ctus,</strong></span> <span class='ocrx_word' id='word_1_667' title='bbox 893 4769 1058 4824; x_wconf 92' lang='lat' dir='ltr'><strong>quam</strong></span> <span class='ocrx_word' id='word_1_668' title='bbox 1089 4755 1251 4810; x_wconf 86' lang='lat' dir='ltr'><strong>etiam</strong></span> <span class='ocrx_word' id='word_1_669' title='bbox 1279 4754 1522 4809; x_wconf 91' lang='lat' dir='ltr'><strong>tonitruo</strong></span> <span class='ocrx_word' id='word_1_670' title='bbox 1552 4765 1852 4824; x_wconf 86' lang='lat' dir='ltr'><strong>comparat.</strong></span> 
     </span>
    </p>
   </div>
   <div class='ocr_carea' id='block_1_95' title="bbox 794 4843 2291 4914">
    <p class='ocr_par' dir='ltr' id='par_1_95' title="bbox 794 4843 2291 4914">
     <span class='ocr_line' id='line_1_95' title="bbox 794 4843 2291 4914; baseline -0.003 -13"><span class='ocrx_word' id='word_1_671' title='bbox 794 4846 847 4901; x_wconf 79' lang='lat'><strong>5.</strong></span> <span class='ocrx_word' id='word_1_672' title='bbox 895 4844 1007 4898; x_wconf 69' lang='lat' dir='ltr'><strong>Vox</strong></span> <span class='ocrx_word' id='word_1_673' title='bbox 1034 4843 1248 4898; x_wconf 83' lang='lat' dir='ltr'><strong>Domini</strong></span> <span class='ocrx_word' id='word_1_674' title='bbox 1291 4844 1666 4914; x_wconf 75' lang='lat' dir='ltr'><strong>confringentis</strong></span> <span class='ocrx_word' id='word_1_675' title='bbox 1721 4845 1922 4898; x_wconf 85' lang='lat' dir='ltr'><strong>cedros.</strong></span> <span class='ocrx_word' id='word_1_676' title='bbox 1968 4843 2174 4898; x_wconf 83' lang='lat' dir='ltr'><strong>Ccdros</strong></span> <span class='ocrx_word' id='word_1_677' title='bbox 2205 4843 2291 4897; x_wconf 90' lang='lat' dir='ltr'><strong>hic</strong></span> 
     </span>
    </p>
   </div>
   <div class='ocr_carea' id='block_1_96' title="bbox 725 4934 2288 5008">
    <p class='ocr_par' dir='ltr' id='par_1_96' title="bbox 725 4934 2288 5008">
     <span class='ocr_line' id='line_1_96' title="bbox 725 4934 2288 5008; baseline -0.003 -14"><span class='ocrx_word' id='word_1_678' title='bbox 725 4939 858 4994; x_wconf 86' lang='lat' dir='ltr'><strong>dicit</strong></span> <span class='ocrx_word' id='word_1_679' title='bbox 884 4937 1223 4994; x_wconf 87' lang='lat' dir='ltr'><strong>adversarias</strong></span> <span class='ocrx_word' id='word_1_680' title='bbox 1245 4946 1558 5008; x_wconf 84' lang='lat' dir='ltr'><strong>potestates.</strong></span> <span class='ocrx_word' id='word_1_681' title='bbox 1587 4935 1656 4989; x_wconf 87' lang='lat' dir='ltr'><strong>Et</strong></span> <span class='ocrx_word' id='word_1_682' title='bbox 1697 4936 1985 5006; x_wconf 78' lang='lat' dir='ltr'><strong>confringet</strong></span> <span class='ocrx_word' id='word_1_683' title='bbox 2033 4934 2288 4989; x_wconf 75' lang='lat' dir='ltr'><strong>Dominus</strong></span> 
     </span>
    </p>
   </div>
   <div class='ocr_carea' id='block_1_97' title="bbox 725 5026 2288 5086">
    <p class='ocr_par' dir='ltr' id='par_1_97' title="bbox 725 5026 2288 5086">
     <span class='ocr_line' id='line_1_97' title="bbox 725 5026 2288 5086; baseline -0.003 -1"><span class='ocrx_word' id='word_1_684' title='bbox 725 5031 907 5086; x_wconf 80' lang='lat' dir='ltr'><strong>cedros</strong></span> <span class='ocrx_word' id='word_1_685' title='bbox 951 5029 1162 5085; x_wconf 84' lang='lat' dir='ltr'><strong>Libani.</strong></span> <span class='ocrx_word' id='word_1_686' title='bbox 1193 5029 1400 5086; x_wconf 86' lang='lat' dir='ltr'><strong>Cedros</strong></span> <span class='ocrx_word' id='word_1_687' title='bbox 1441 5029 1634 5085; x_wconf 81' lang='lat' dir='ltr'><strong>Libani</strong></span> <span class='ocrx_word' id='word_1_688' title='bbox 1677 5029 1753 5083; x_wconf 90' lang='lat' dir='ltr'><strong>ait</strong></span> <span class='ocrx_word' id='word_1_689' title='bbox 1786 5029 2048 5084; x_wconf 88' lang='lat' dir='ltr'><strong>sublimes</strong></span> <span class='ocrx_word' id='word_1_690' title='bbox 2079 5026 2288 5083; x_wconf 82' lang='lat' dir='ltr'><strong>Judaiei</strong></span> 
     </span>
    </p>
   </div>
   <div class='ocr_carea' id='block_1_98' title="bbox 725 5119 2287 5193">
    <p class='ocr_par' dir='ltr' id='par_1_98' title="bbox 725 5119 2287 5193">
     <span class='ocr_line' id='line_1_98' title="bbox 725 5119 2287 5193; baseline -0.002 -17"><span class='ocrx_word' id='word_1_691' title='bbox 725 5121 911 5192; x_wconf 91' lang='lat' dir='ltr'><strong>populi</strong></span> <span class='ocrx_word' id='word_1_692' title='bbox 938 5121 1189 5178; x_wconf 87' lang='lat' dir='ltr'><strong>homines</strong></span> <span class='ocrx_word' id='word_1_693' title='bbox 1215 5140 1228 5176; x_wconf 90' lang='lat'>:</span> <span class='ocrx_word' id='word_1_694' title='bbox 1254 5123 1381 5193; x_wconf 85' lang='lat' dir='ltr'><strong>quia</strong></span> <span class='ocrx_word' id='word_1_695' title='bbox 1397 5121 1715 5192; x_wconf 87' lang='lat' dir='ltr'><strong>plerumque</strong></span> <span class='ocrx_word' id='word_1_696' title='bbox 1741 5122 1791 5175; x_wconf 89' lang='lat' dir='ltr'><strong>in</strong></span> <span class='ocrx_word' id='word_1_697' title='bbox 1807 5121 1988 5175; x_wconf 83' lang='lat' dir='ltr'><strong>divina</strong></span> <span class='ocrx_word' id='word_1_698' title='bbox 2013 5119 2287 5190; x_wconf 89' lang='lat' dir='ltr'><strong>Scriptura</strong></span> 
     </span>
    </p>
   </div>
   <div class='ocr_carea' id='block_1_99' title="bbox 725 5209 1582 5283">
    <p class='ocr_par' dir='ltr' id='par_1_99' title="bbox 725 5209 1582 5283">
     <span class='ocr_line' id='line_1_99' title="bbox 725 5209 1582 5283; baseline 0.002 -19"><span class='ocrx_word' id='word_1_699' title='bbox 725 5211 971 5267; x_wconf 83' lang='lat' dir='ltr'><strong>Libanus</strong></span> <span class='ocrx_word' id='word_1_700' title='bbox 995 5209 1331 5283; x_wconf 77' lang='lat' dir='ltr'><strong>Jerosolyma</strong></span> <span class='ocrx_word' id='word_1_701' title='bbox 1361 5212 1582 5269; x_wconf 87' lang='lat' dir='ltr'><strong>dicitur.</strong></span> 
     </span>
    </p>
   </div>
   <div class='ocr_carea' id='block_1_100' title="bbox 786 5393 2285 5462">
    <p class='ocr_par' dir='ltr' id='par_1_100' title="bbox 786 5393 2285 5462">
     <span class='ocr_line' id='line_1_100' title="bbox 786 5393 2285 5462; baseline 0.001 -13"><span class='ocrx_word' id='word_1_702' title='bbox 786 5393 918 5449; x_wconf 65' lang='grc' dir='ltr'><strong>(ΜΩ</strong></span> <span class='ocrx_word' id='word_1_703' title='bbox 940 5395 1250 5449; x_wconf 80' lang='lat' dir='ltr'><strong>comminuet</strong></span> <span class='ocrx_word' id='word_1_704' title='bbox 1274 5411 1362 5448; x_wconf 88' lang='lat' dir='ltr'><strong>eas</strong></span> <span class='ocrx_word' id='word_1_705' title='bbox 1381 5403 1631 5462; x_wconf 81' lang='lat' dir='ltr'><strong>tanquam</strong></span> <span class='ocrx_word' id='word_1_706' title='bbox 1654 5394 1874 5448; x_wconf 77' lang='lat' dir='ltr'><strong>vitulum</strong></span> <span class='ocrx_word' id='word_1_707' title='bbox 1903 5393 2176 5450; x_wconf 75' lang='lat' dir='ltr'><strong>Libanum.</strong></span> <span class='ocrx_word' id='word_1_708' title='bbox 2193 5395 2254 5451; x_wconf 84' lang='lat' dir='ltr'><strong>Vi</strong></span> <span class='ocrx_word' id='word_1_709' title='bbox 2269 5425 2285 5437; x_wconf 80' lang='grc' dir='ltr'><strong>ο</strong></span> 
     </span>
    </p>
   </div>
   <div class='ocr_carea' id='block_1_101' title="bbox 725 5485 2284 5560">
    <p class='ocr_par' dir='ltr' id='par_1_101' title="bbox 725 5485 2284 5560">
     <span class='ocr_line' id='line_1_101' title="bbox 725 5485 2284 5560; baseline -0.003 -16"><span class='ocrx_word' id='word_1_710' title='bbox 725 5489 893 5552; x_wconf 88' lang='lat' dir='ltr'><strong>tulus,</strong></span> <span class='ocrx_word' id='word_1_711' title='bbox 926 5487 978 5542; x_wconf 84' lang='lat' dir='ltr'><strong>id</strong></span> <span class='ocrx_word' id='word_1_712' title='bbox 1023 5497 1108 5542; x_wconf 85' lang='lat' dir='ltr'><strong>est</strong></span> <span class='ocrx_word' id='word_1_713' title='bbox 1153 5488 1339 5542; x_wconf 84' lang='lat' dir='ltr'><strong>altare.</strong></span> <span class='ocrx_word' id='word_1_714' title='bbox 1376 5485 1445 5540; x_wconf 85' lang='lat' dir='ltr'><strong>Et</strong></span> <span class='ocrx_word' id='word_1_715' title='bbox 1484 5486 1704 5542; x_wconf 79' lang='lat' dir='ltr'><strong>dilectus</strong></span> <span class='ocrx_word' id='word_1_716' title='bbox 1745 5488 2181 5556; x_wconf 79' lang='lat' dir='ltr'><strong>quemadmodum</strong></span> <span class='ocrx_word' id='word_1_717' title='bbox 2219 5492 2284 5560; x_wconf 77' lang='lat' dir='ltr'><strong>[i-</strong></span> 
     </span>
    </p>
   </div>
   <div class='ocr_carea' id='block_1_102' title="bbox 725 5578 2284 5649">
    <p class='ocr_par' dir='ltr' id='par_1_102' title="bbox 725 5578 2284 5649">
     <span class='ocr_line' id='line_1_102' title="bbox 725 5578 2284 5649; baseline 0.007 -18"><span class='ocrx_word' id='word_1_718' title='bbox 725 5579 827 5634; x_wconf 87' lang='lat' dir='ltr'><strong>lius</strong></span> <span class='ocrx_word' id='word_1_719' title='bbox 866 5580 1219 5633; x_wconf 85' lang='lat' dir='ltr'><strong>unicorninm.</strong></span> <span class='ocrx_word' id='word_1_720' title='bbox 1261 5578 1493 5636; x_wconf 86' lang='lat' dir='ltr'><strong>Dilectus</strong></span> <span class='ocrx_word' id='word_1_721' title='bbox 1520 5581 1888 5649; x_wconf 84' lang='lat' dir='ltr'><strong>apostolorum</strong></span> <span class='ocrx_word' id='word_1_722' title='bbox 1913 5582 2112 5638; x_wconf 86' lang='lat' dir='ltr'><strong>chorus</strong></span> <span class='ocrx_word' id='word_1_723' title='bbox 2141 5584 2284 5641; x_wconf 86' lang='lat' dir='ltr'><strong>ﬁlius</strong></span> 
     </span>
    </p>
   </div>
   <div class='ocr_carea' id='block_1_103' title="bbox 791 5757 2316 5836">
    <p class='ocr_par' dir='ltr' id='par_1_103' title="bbox 791 5757 2316 5836">
     <span class='ocr_line' id='line_1_103' title="bbox 791 5757 2316 5836; baseline 0.007 -23"><span class='ocrx_word' id='word_1_724' title='bbox 791 5757 840 5790; x_wconf 80' lang='lat'><strong>&quot;‘</strong></span> <span class='ocrx_word' id='word_1_725' title='bbox 867 5758 1054 5817; x_wconf 76' lang='lat' dir='ltr'><strong>Matth.</strong></span> <span class='ocrx_word' id='word_1_726' title='bbox 1087 5775 1170 5826; x_wconf 73' lang='grc' dir='ltr'>τι,</span> <span class='ocrx_word' id='word_1_727' title='bbox 1203 5761 1255 5819; x_wconf 82' lang='lat'><strong>9.</strong></span> <span class='ocrx_word' id='word_1_728' title='bbox 1334 5760 1380 5795; x_wconf 73' lang='lat'><em>&quot;</em></span> <span class='ocrx_word' id='word_1_729' title='bbox 1411 5760 1594 5820; x_wconf 75' lang='lat' dir='ltr'><strong>Matth.</strong></span> <span class='ocrx_word' id='word_1_730' title='bbox 1621 5779 1676 5827; x_wconf 75' lang='grc' dir='ltr'>γ,</span> <span class='ocrx_word' id='word_1_731' title='bbox 1712 5763 1792 5820; x_wconf 85' lang='lat' dir='ltr'><strong>l6.</strong></span> <span class='ocrx_word' id='word_1_732' title='bbox 1868 5765 1913 5801; x_wconf 82' lang='lat'>”</span> <span class='ocrx_word' id='word_1_733' title='bbox 1952 5765 2110 5823; x_wconf 80' lang='lat' dir='ltr'><strong>Prov.</strong></span> <span class='ocrx_word' id='word_1_734' title='bbox 2150 5781 2230 5836; x_wconf 84' lang='lat' dir='ltr'><strong>tu,</strong></span> <span class='ocrx_word' id='word_1_735' title='bbox 2263 5765 2316 5823; x_wconf 87' lang='lat'><strong>9.</strong></span> 
     </span>
    </p>
   </div>
   <div class='ocr_carea' id='block_1_104' title="bbox 2401 4578 4018 4655">
    <p class='ocr_par' dir='ltr' id='par_1_104' title="bbox 2401 4578 4018 4655">
     <span class='ocr_line' id='line_1_104' title="bbox 2401 4578 4018 4655; baseline -0.001 -19"><span class='ocrx_word' id='word_1_736' title='bbox 2401 4583 2635 4655; x_wconf 77' lang='grc' dir='ltr'>Ἰορδάνῃ</span> <span class='ocrx_word' id='word_1_737' title='bbox 2663 4580 2756 4635; x_wconf 79' lang='grc' dir='ltr'>τοῦ</span> <span class='ocrx_word' id='word_1_738' title='bbox 2781 4579 2914 4635; x_wconf 84' lang='grc' dir='ltr'><strong>Θεοῦ</strong></span> <span class='ocrx_word' id='word_1_739' title='bbox 2947 4582 3040 4634; x_wconf 72' lang='grc' dir='ltr'><strong>καὶ</strong></span> <span class='ocrx_word' id='word_1_740' title='bbox 3067 4579 3297 4652; x_wconf 80' lang='grc' dir='ltr'>Πατρδς,</span> <span class='ocrx_word' id='word_1_741' title='bbox 3324 4580 3417 4633; x_wconf 83' lang='grc' dir='ltr'>καὶ</span> <span class='ocrx_word' id='word_1_742' title='bbox 3438 4579 3701 4648; x_wconf 85' lang='grc' dir='ltr'>λέγουσαν</span> <span class='ocrx_word' id='word_1_743' title='bbox 3722 4594 3738 4608; x_wconf 75' lang='grc'><strong>⁸</strong></span> <span class='ocrx_word' id='word_1_744' title='bbox 3783 4578 4018 4651; x_wconf 69' lang='grc' dir='ltr'><strong>Οὗτός</strong></span> 
     </span>
    </p>
   </div>
   <div class='ocr_carea' id='block_1_105' title="bbox 2385 4671 4015 4747">
    <p class='ocr_par' dir='ltr' id='par_1_105' title="bbox 2385 4671 4015 4747">
     <span class='ocr_line' id='line_1_105' title="bbox 2385 4671 4015 4747; baseline -0.007 -18"><span class='ocrx_word' id='word_1_745' title='bbox 2385 4677 2556 4729; x_wconf 75' lang='grc' dir='ltr'>ἐστιν</span> <span class='ocrx_word' id='word_1_746' title='bbox 2576 4678 2607 4728; x_wconf 91' lang='lat' dir='ltr'><strong>o&#39;</strong></span> <span class='ocrx_word' id='word_1_747' title='bbox 2640 4675 2774 4739; x_wconf 78' lang='grc' dir='ltr'><strong>Υἱός</strong></span> <span class='ocrx_word' id='word_1_748' title='bbox 2789 4690 2908 4742; x_wconf 79' lang='grc' dir='ltr'>μου</span> <span class='ocrx_word' id='word_1_749' title='bbox 2931 4675 2963 4725; x_wconf 86' lang='grc' dir='ltr'><em>ό</em></span> <span class='ocrx_word' id='word_1_750' title='bbox 2987 4671 3307 4741; x_wconf 68' lang='grc' dir='ltr'>ἀγαπητὸς,</span> <span class='ocrx_word' id='word_1_751' title='bbox 3325 4672 3391 4743; x_wconf 72' lang='grc' dir='ltr'>ἣν</span> <span class='ocrx_word' id='word_1_752' title='bbox 3413 4673 3505 4726; x_wconf 76' lang='grc' dir='ltr'><strong>καὶ</strong></span> <span class='ocrx_word' id='word_1_753' title='bbox 3531 4671 3731 4742; x_wconf 81' lang='grc' dir='ltr'>βροντῇ</span> <span class='ocrx_word' id='word_1_754' title='bbox 3771 4691 4015 4747; x_wconf 73' lang='grc' dir='ltr'>παρει-</span> 
     </span>
    </p>
   </div>
   <div class='ocr_carea' id='block_1_106' title="bbox 2388 4768 2541 4832">
    <p class='ocr_par' dir='ltr' id='par_1_106' title="bbox 2388 4768 2541 4832">
     <span class='ocr_line' id='line_1_106' title="bbox 2388 4768 2541 4832; baseline 0 -12"><span class='ocrx_word' id='word_1_755' title='bbox 2388 4768 2541 4832; x_wconf 74' lang='grc' dir='ltr'>κάζει</span> 
     </span>
    </p>
   </div>
   <div class='ocr_carea' id='block_1_107' title="bbox 2458 4854 4018 4930">
    <p class='ocr_par' dir='ltr' id='par_1_107' title="bbox 2458 4854 4018 4930">
     <span class='ocr_line' id='line_1_107' title="bbox 2458 4854 4018 4930; baseline 0.001 -16"><span class='ocrx_word' id='word_1_756' title='bbox 2458 4859 2629 4926; x_wconf 75' lang='grc' dir='ltr'><strong>Φωνὴ</strong></span> <span class='ocrx_word' id='word_1_757' title='bbox 2684 4859 2902 4926; x_wconf 81' lang='grc' dir='ltr'>Κυρίου</span> <span class='ocrx_word' id='word_1_758' title='bbox 2942 4856 3362 4924; x_wconf 73' lang='grc' dir='ltr'>σιιιτρίὄοντος</span> <span class='ocrx_word' id='word_1_759' title='bbox 3398 4854 3666 4924; x_wconf 80' lang='grc' dir='ltr'>κέδρους.</span> <span class='ocrx_word' id='word_1_760' title='bbox 3714 4857 4018 4930; x_wconf 81' lang='grc' dir='ltr'>Κέδρους</span> 
     </span>
    </p>
   </div>
   <div class='ocr_carea' id='block_1_108' title="bbox 2393 4944 4021 5017">
    <p class='ocr_par' dir='ltr' id='par_1_108' title="bbox 2393 4944 4021 5017">
     <span class='ocr_line' id='line_1_108' title="bbox 2393 4944 4021 5017; baseline -0.004 -12"><span class='ocrx_word' id='word_1_761' title='bbox 2393 4955 2449 5006; x_wconf 84' lang='grc' dir='ltr'>ὲν</span> <span class='ocrx_word' id='word_1_762' title='bbox 2497 4951 2705 5013; x_wconf 82' lang='grc' dir='ltr'>τούτοις</span> <span class='ocrx_word' id='word_1_763' title='bbox 2749 4949 2845 5012; x_wconf 76' lang='grc' dir='ltr'>τὰς</span> <span class='ocrx_word' id='word_1_764' title='bbox 2896 4947 3272 5017; x_wconf 83' lang='grc' dir='ltr'>ἀντικειμένας</span> <span class='ocrx_word' id='word_1_765' title='bbox 3317 4945 3572 5015; x_wconf 82' lang='grc' dir='ltr'>δυνάμεις</span> <span class='ocrx_word' id='word_1_766' title='bbox 3598 4944 3809 5013; x_wconf 72' lang='grc' dir='ltr'>φησίν.</span> <span class='ocrx_word' id='word_1_767' title='bbox 3889 4953 4021 5007; x_wconf 72' lang='grc' dir='ltr'><strong>Καὶ</strong></span> 
     </span>
    </p>
   </div>
   <div class='ocr_carea' id='block_1_109' title="bbox 2393 5035 4020 5110">
    <p class='ocr_par' dir='ltr' id='par_1_109' title="bbox 2393 5035 4020 5110">
     <span class='ocr_line' id='line_1_109' title="bbox 2393 5035 4020 5110; baseline -0.008 -12"><span class='ocrx_word' id='word_1_768' title='bbox 2393 5037 2705 5110; x_wconf 57' lang='grc' dir='ltr'>συντρίψει</span> <span class='ocrx_word' id='word_1_769' title='bbox 2741 5041 2951 5108; x_wconf 76' lang='grc' dir='ltr'>Κύριος</span> <span class='ocrx_word' id='word_1_770' title='bbox 2978 5041 3084 5103; x_wconf 82' lang='grc' dir='ltr'>τὰς</span> <span class='ocrx_word' id='word_1_771' title='bbox 3109 5037 3356 5106; x_wconf 81' lang='grc' dir='ltr'>κέδρους</span> <span class='ocrx_word' id='word_1_772' title='bbox 3383 5035 3489 5090; x_wconf 86' lang='grc' dir='ltr'>τοῦ</span> <span class='ocrx_word' id='word_1_773' title='bbox 3522 5035 3839 5095; x_wconf 73' lang='grc' dir='ltr'><strong>Λιϐάνου.</strong></span> <span class='ocrx_word' id='word_1_774' title='bbox 3889 5044 4020 5097; x_wconf 75' lang='grc' dir='ltr'><strong>Κέ-</strong></span> 
     </span>
    </p>
   </div>
   <div class='ocr_carea' id='block_1_110' title="bbox 2390 5126 4026 5207">
    <p class='ocr_par' dir='ltr' id='par_1_110' title="bbox 2390 5126 4026 5207">
     <span class='ocr_line' id='line_1_110' title="bbox 2390 5126 4026 5207; baseline -0.004 -23"><span class='ocrx_word' id='word_1_775' title='bbox 2390 5132 2548 5203; x_wconf 90' lang='grc' dir='ltr'>δρους</span> <span class='ocrx_word' id='word_1_776' title='bbox 2589 5129 2817 5184; x_wconf 77' lang='grc' dir='ltr'>Λιὸἀνου</span> <span class='ocrx_word' id='word_1_777' title='bbox 2843 5128 2968 5191; x_wconf 73' lang='grc' dir='ltr'>τοὺς</span> <span class='ocrx_word' id='word_1_778' title='bbox 3003 5127 3235 5197; x_wconf 70' lang='grc' dir='ltr'>ὑψηλοὺς</span> <span class='ocrx_word' id='word_1_779' title='bbox 3267 5126 3361 5180; x_wconf 78' lang='grc' dir='ltr'>τοῦ</span> <span class='ocrx_word' id='word_1_780' title='bbox 3400 5127 3666 5180; x_wconf 83' lang='grc' dir='ltr'>Ἰουδαίων</span> <span class='ocrx_word' id='word_1_781' title='bbox 3693 5126 3870 5186; x_wconf 79' lang='grc' dir='ltr'><strong>λαοῦ</strong></span> <span class='ocrx_word' id='word_1_782' title='bbox 3904 5153 4026 5207; x_wconf 71' lang='grc' dir='ltr'><strong>φη-</strong></span> 
     </span>
    </p>
   </div>
   <div class='ocr_carea' id='block_1_111' title="bbox 2394 5219 4026 5299">
    <p class='ocr_par' dir='ltr' id='par_1_111' title="bbox 2394 5219 4026 5299">
     <span class='ocr_line' id='line_1_111' title="bbox 2394 5219 4026 5299; baseline -0.003 -22"><span class='ocrx_word' id='word_1_783' title='bbox 2394 5242 2498 5287; x_wconf 86' lang='grc' dir='ltr'>σιν,</span> <span class='ocrx_word' id='word_1_784' title='bbox 2518 5223 2604 5277; x_wconf 80' lang='grc' dir='ltr'>διὰ</span> <span class='ocrx_word' id='word_1_785' title='bbox 2630 5223 2691 5276; x_wconf 81' lang='grc' dir='ltr'><strong>τὸ</strong></span> <span class='ocrx_word' id='word_1_786' title='bbox 2717 5221 3029 5293; x_wconf 83' lang='grc' dir='ltr'>ὠνομάσθαι</span> <span class='ocrx_word' id='word_1_787' title='bbox 3048 5219 3304 5284; x_wconf 80' lang='grc' dir='ltr'>πολλάκις</span> <span class='ocrx_word' id='word_1_788' title='bbox 3319 5221 3377 5273; x_wconf 83' lang='grc' dir='ltr'><strong>ἐν</strong></span> <span class='ocrx_word' id='word_1_789' title='bbox 3401 5221 3464 5290; x_wconf 82' lang='grc' dir='ltr'>τῇ</span> <span class='ocrx_word' id='word_1_790' title='bbox 3492 5219 3611 5291; x_wconf 68' lang='grc' dir='ltr'>θεία</span> <span class='ocrx_word' id='word_1_791' title='bbox 3641 5220 3879 5299; x_wconf 72' lang='grc' dir='ltr'>Γραφῇ</span> <span class='ocrx_word' id='word_1_792' title='bbox 3919 5231 4026 5284; x_wconf 77' lang='grc' dir='ltr'>Λξ..</span> 
     </span>
    </p>
   </div>
   <div class='ocr_carea' id='block_1_112' title="bbox 2393 5311 3070 5384">
    <p class='ocr_par' dir='ltr' id='par_1_112' title="bbox 2393 5311 3070 5384">
     <span class='ocr_line' id='line_1_112' title="bbox 2393 5311 3070 5384; baseline -0.007 -16"><span class='ocrx_word' id='word_1_793' title='bbox 2393 5317 2551 5370; x_wconf 87' lang='grc' dir='ltr'>6ανον</span> <span class='ocrx_word' id='word_1_794' title='bbox 2575 5314 2671 5384; x_wconf 77' lang='grc' dir='ltr'>τὴν</span> <span class='ocrx_word' id='word_1_795' title='bbox 2703 5313 2737 5365; x_wconf 91' lang='grc' dir='ltr'><strong>Ἰ</strong></span> <span class='ocrx_word' id='word_1_796' title='bbox 2745 5330 2766 5365; x_wconf 85' lang='grc' dir='ltr'><strong>ε</strong></span> <span class='ocrx_word' id='word_1_797' title='bbox 2778 5311 3004 5384; x_wconf 80' lang='grc' dir='ltr'>ρουσαλή</span> <span class='ocrx_word' id='word_1_798' title='bbox 3014 5329 3070 5382; x_wconf 92' lang='grc' dir='ltr'><strong>μ.</strong></span> 
     </span>
    </p>
   </div>
   <div class='ocr_carea' id='block_1_113' title="bbox 2457 5402 4028 5474">
    <p class='ocr_par' dir='ltr' id='par_1_113' title="bbox 2457 5402 4028 5474">
     <span class='ocr_line' id='line_1_113' title="bbox 2457 5402 4028 5474; baseline 0 -14"><span class='ocrx_word' id='word_1_799' title='bbox 2457 5406 2567 5461; x_wconf 80' lang='grc' dir='ltr'><strong>Καὶ</strong></span> <span class='ocrx_word' id='word_1_800' title='bbox 2593 5402 2877 5459; x_wconf 76' lang='grc' dir='ltr'>λεπτυνεῖ</span> <span class='ocrx_word' id='word_1_801' title='bbox 2916 5404 3100 5469; x_wconf 83' lang='grc' dir='ltr'>αὑτὰς</span> <span class='ocrx_word' id='word_1_802' title='bbox 3128 5404 3208 5470; x_wconf 82' lang='grc' dir='ltr'><strong>ὡς</strong></span> <span class='ocrx_word' id='word_1_803' title='bbox 3232 5403 3338 5456; x_wconf 84' lang='grc' dir='ltr'><strong>τὸν</strong></span> <span class='ocrx_word' id='word_1_804' title='bbox 3361 5405 3600 5474; x_wconf 78' lang='grc' dir='ltr'><strong>μόσχον</strong></span> <span class='ocrx_word' id='word_1_805' title='bbox 3643 5404 3776 5460; x_wconf 81' lang='grc' dir='ltr'><strong>τὸν</strong></span> <span class='ocrx_word' id='word_1_806' title='bbox 3817 5415 4028 5471; x_wconf 67' lang='grc' dir='ltr'><strong>Λίβα-</strong></span> 
     </span>
    </p>
   </div>
   <div class='ocr_carea' id='block_1_114' title="bbox 2389 5493 4030 5582">
    <p class='ocr_par' dir='ltr' id='par_1_114' title="bbox 2389 5493 4030 5582">
     <span class='ocr_line' id='line_1_114' title="bbox 2389 5493 4030 5582; baseline 0.021 -53"><span class='ocrx_word' id='word_1_807' title='bbox 2389 5518 2515 5555; x_wconf 51' lang='grc' dir='ltr'><em>νον,</em></span> <span class='ocrx_word' id='word_1_808' title='bbox 2565 5500 2622 5551; x_wconf 78' lang='grc' dir='ltr'>σο</span> <span class='ocrx_word' id='word_1_809' title='bbox 2666 5497 2863 5568; x_wconf 75' lang='grc' dir='ltr'>μόσχος</span> <span class='ocrx_word' id='word_1_810' title='bbox 2898 5496 2958 5549; x_wconf 83' lang='grc' dir='ltr'><strong>τὸ</strong></span> <span class='ocrx_word' id='word_1_811' title='bbox 2995 5497 3372 5567; x_wconf 82' lang='grc' dir='ltr'>θυσιαστήριον</span> <span class='ocrx_word' id='word_1_812' title='bbox 3407 5495 3575 5566; x_wconf 69' lang='grc' dir='ltr'>δηλοῖ.</span> <span class='ocrx_word' id='word_1_813' title='bbox 3606 5499 3730 5552; x_wconf 74' lang='grc' dir='ltr'><strong>Καὶ</strong></span> <span class='ocrx_word' id='word_1_814' title='bbox 3778 5506 3824 5558; x_wconf 84' lang='grc' dir='ltr'>ό</span> <span class='ocrx_word' id='word_1_815' title='bbox 3857 5493 4030 5582; x_wconf 60' lang='grc' dir='ltr'><strong>ἦτα-</strong></span> 
     </span>
    </p>
   </div>
   <div class='ocr_carea' id='block_1_115' title="bbox 2391 5585 4034 5677">
    <p class='ocr_par' dir='ltr' id='par_1_115' title="bbox 2391 5585 4034 5677">
     <span class='ocr_line' id='line_1_115' title="bbox 2391 5585 4034 5677; baseline -0.002 -34"><span class='ocrx_word' id='word_1_816' title='bbox 2391 5589 2652 5659; x_wconf 77' lang='grc' dir='ltr'><strong>πημένος</strong></span> <span class='ocrx_word' id='word_1_817' title='bbox 2693 5588 2771 5653; x_wconf 80' lang='grc' dir='ltr'><strong>ὡς</strong></span> <span class='ocrx_word' id='word_1_818' title='bbox 2811 5586 2940 5654; x_wconf 74' lang='grc' dir='ltr'>υίὸς</span> <span class='ocrx_word' id='word_1_819' title='bbox 2981 5585 3417 5656; x_wconf 78' lang='grc' dir='ltr'>μονοκερώτων.</span> <span class='ocrx_word' id='word_1_820' title='bbox 3471 5587 3528 5640; x_wconf 80' lang='grc' dir='ltr'><strong>Ὀ</strong></span> <span class='ocrx_word' id='word_1_821' title='bbox 3558 5588 4034 5677; x_wconf 45' lang='grc' dir='ltr'><strong>ἠγαπημένη-,ς’</strong></span> 
     </span>
    </p>
   </div>
   <div class='ocr_carea' id='block_1_116' title="bbox 2391 5765 3438 5835">
    <p class='ocr_par' dir='ltr' id='par_1_116' title="bbox 2391 5765 3438 5835">
     <span class='ocr_line' id='line_1_116' title="bbox 2391 5765 3438 5835; baseline -0.005 -11"><span class='ocrx_word' id='word_1_822' title='bbox 2391 5767 2436 5801; x_wconf 85' lang='grc'><strong>³⁸</strong></span> <span class='ocrx_word' id='word_1_823' title='bbox 2462 5765 2618 5824; x_wconf 81' lang='lat' dir='ltr'><strong>loan.</strong></span> <span class='ocrx_word' id='word_1_824' title='bbox 2656 5781 2752 5834; x_wconf 87' lang='lat' dir='ltr'><strong>vu,</strong></span> <span class='ocrx_word' id='word_1_825' title='bbox 2789 5765 2876 5822; x_wconf 75' lang='lat'><strong>&#39;58.</strong></span> <span class='ocrx_word' id='word_1_826' title='bbox 2955 5767 2997 5801; x_wconf 84' lang='lat'><strong>&quot;</strong></span> <span class='ocrx_word' id='word_1_827' title='bbox 3020 5765 3206 5825; x_wconf 76' lang='lat' dir='ltr'><strong>Matth.</strong></span> <span class='ocrx_word' id='word_1_828' title='bbox 3237 5781 3317 5835; x_wconf 89' lang='grc' dir='ltr'>ιιι,</span> <span class='ocrx_word' id='word_1_829' title='bbox 3355 5765 3438 5823; x_wconf 79' lang='lat' dir='ltr'><strong>l7.</strong></span> 
     </span>
    </p>
   </div>
  </div>
