4074 6304
714 362 813 417 155

1543 357 1601 413 S.
1644 357 2016 413 ATH.\NASII
2057 358 2207 415 OPP.
2245 359 2423 414 PARS
2464 359 2546 414 Ill.
2593 392 2662 402 —
2699 361 3104 417 EXEGETICA.

3828 359 3920 416 156

784 478 834 530 4.
873 475 940 529 Et
974 473 1292 543 conﬁtemini
1324 474 1585 526 memoriae
1615 475 1914 528 sanctitatis
1938 475 2070 544 ejus.
2098 474 2270 544 Opor-
2299 510 2308 534 λ

2440 475 2549 530 Καὶ
2585 475 3039 545 ἐξομολογεῖσθε
3090 475 3166 544 τῇ
3195 476 3403 545 μνήμῃ
3445 475 3556 544 τῆς
3599 478 3922 544 ἁττωύνης

715 578 809 633 tet,
836 566 1034 636 inquit,
1059 566 1287 635 hymnos
1315 563 1696 633 multiplicare,
1727 579 1995 621 memores
2023 565 2276 638 benigni-

714 659 846 714 tatis
879 659 1024 725 ejus.

783 746 836 800 6.
865 746 1127 812 Quoniam
1178 744 1263 796 ira
1313 744 1370 796 in
1421 744 1779 814 indignatione
1814 744 1949 813 ejus.
1994 742 2110 799 Non
2160 745 2278 815 ejus

713 839 944 894 consilio
968 846 1019 892 et
1043 839 1347 902 voluntate;
1379 836 1473 891 sed
1507 837 1651 905 quod
1681 837 1879 907 singuli
1920 852 2017 906 per
2058 846 2277 906 peccata

716 947 810 986 sua
829 944 948 984 eam
972 928 1076 983 sibi
1100 929 1432 998 pertrahant.
1457 925 1590 981 Nam
1618 927 1736 996 ejus
1759 927 2009 982 voluntas
2037 929 2144 982 vita
2174 939 2275 984 est.

715 1017 795 1069 Ad
825 1031 1092 1086 vesperum
1132 1015 1492 1069 demorabitur
1533 1017 1707 1084 ﬂetus.
1738 1014 1832 1071 His
1862 1017 2042 1071 verbis
2069 1018 2278 1087 signiti-

716 1115 870 1160 catur
917 1107 1246 1176 pasuitentize
1281 1107 1613 1176 praestantia.
1657 1105 1850 1162 Nullus
1875 1108 2019 1162 enim
2051 1118 2158 1163 tam
2198 1111 2280 1164 in-

715 1213 848 1268 gens
876 1207 1218 1266 peccatorum
1245 1213 1527 1265 numerus,
1561 1213 1721 1269 quem
1755 1215 1862 1254 non
1886 1200 2134 1256 celeriter
2161 1217 2280 1272 pa:-

718 1281 945 1337 nitentia
980 1285 1033 1337 in
1061 1285 1478 1340 exsultationem
1516 1295 1707 1341 vertat.

788 1375 842 1428 7.
880 1374 990 1446 Ego
1020 1386 1193 1430 autem
1239 1378 1356 1430 dixi
1388 1377 1444 1430 in
1478 1377 1804 1433 abundantia
1839 1397 1953 1434 mea
1976 1398 1994 1435 :
2021 1380 2141 1435 Non
2171 1397 2282 1435 mo-

715 1466 869 1522 vebar
888 1469 942 1522 in
965 1478 1238 1522 (etet-num.
1265 1469 1494 1524 Causam
1521 1469 1703 1539 lapsus
1724 1482 1959 1527 enarrat.
1990 1473 2280 1540 Quoniam,

715 1560 909 1630 inquit,
930 1560 1205 1629 prosperis
1228 1560 1409 1625 rebus,
1441 1565 1578 1616 altos
1601 1562 1825 1630 spiritus
1847 1567 2139 1634 assumpsi,
2158 1581 2282 1634 pro-

716 1661 902 1718 pterea
935 1651 1290 1706 conturbatus
1322 1667 1464 1706 sum.
1499 1650 1612 1708 Hoc
1658 1668 1788 1708 vero
1819 1669 1925 1708 non
1958 1664 2011 1710 te
2042 1657 2280 1726 compel-

717 1742 881 1805 lente,
918 1740 1010 1796 sed
1037 1751 1245 1796 tantum
1278 1739 1469 1797 faciem
1509 1751 1657 1797 tuam
1690 1753 1981 1812 avertente,
2017 1746 2149 1800 mihi
2193 1762 2282 1802 aco

2372 565 2556 619 αὐτοῦ
2609 568 2898 638 Προσηκει,
2926 569 3108 638 φησὶν,
3138 568 3422 620 ἐπιτείνειν
3450 569 3572 630 τοὺς
3595 566 3813 636 ῦμνους,
3839 584 3926 638 με.

2377 674 2480 727 μνη
2490 658 2680 727 μένους
2705 660 2804 729 τῆς
2833 659 2926 711 τοῦ
2948 657 3082 711 Θεοῦ
3109 657 3526 729 φιλανθρωπίας.

2445 750 2566 802 Ὅτι
2598 750 2742 818 ὁρτὴ
2781 750 2850 802 ἐν
2889 749 2968 814 τῷ
3005 750 3169 819 θυμῷ
3195 749 3398 803 αὐτοῦ.
3435 750 3547 802 Οὐκ
3588 749 3750 802 αὐτοῦ
3781 749 3926 804 τοῦτο

2378 840 2698 910 βουλομένου
2747 844 2948 893 ποιεῖν·
2993 839 3105 894 ἀλλ’
3151 842 3362 910 ἑκάστῳ
3405 839 3489 894 διὰ
3526 841 3623 911 τῆς
3668 842 3926 912 ἁμαρτίας

2375 930 2550 1002 ἐαυτῷ
2581 931 2786 1002 ταύτην
2820 932 3221 1002 ἐπεισάγοντας.
3267 932 3340 984 Τὸ
3382 931 3489 1004 γὰρ
3534 932 3698 986 αὐτοῦ
3732 933 3928 1004 Θέλημα

2376 1024 2488 1096 ζωή
2533 1025 2698 1078 ἐστιν.
2737 1025 2805 1078 Τὸ
2832 1024 3089 1093 ἑσπέρας
3132 1023 3562 1091 αὐλισθήσεται
3611 1027 3927 1095 κλαυθμός.

2376 1116 2450 1168 Τὸ
2483 1114 2884 1186 εὐκατόρθωτον
2915 1119 3014 1186 τῆς
3061 1116 3346 1187 μετανοίας
3384 1116 3469 1170 διὰ
3508 1133 3712 1169 τουτων
3744 1118 3933 1186 σημαί-

2376 1224 2544 1260 νεται.
2595 1206 2758 1261 Οὐδὲν
2791 1207 2899 1279 γὰρ
2940 1207 3188 1261 τοσοῦτον
3221 1207 3421 1278 πλῆθος
3463 1208 3777 1280 ἁμαρτιῶν,
3807 1209 3836 1260 ὃ
3866 1210 3933 1279 μὴ

2376 1297 2583 1367 ταχέως
2617 1299 2648 1368 ἡ
2687 1298 2939 1367 μετάνοια
2965 1299 3044 1362 εἰς
3074 1298 3389 1367 ἀγαλλίασιν
3416 1299 3655 1369 ἐκφέρει.

2463 1388 2602 1458 Ἐγὼ
2636 1389 2704 1442 δὲ
2727 1385 2864 1443 εἶπα
2889 1390 2960 1442 ἐν
2985 1388 3061 1458 τῇ
3091 1393 3337 1458 εὐθηνίᾳ
3355 1408 3471 1460 μου
3494 1408 3509 1422 ο
3534 1390 3630 1457 Μὴ
3667 1389 3940 1443 σαλευθῶ

2377 1485 2463 1547 εἰς
2491 1482 2595 1534 τὸν
2617 1480 2819 1536 αίῶνα.
2845 1481 2916 1534 Τὸ
2936 1481 3104 1536 αίτιον
3131 1481 3275 1550 λέγει
3293 1484 3390 1553 τῆς
3420 1482 3695 1545 πτώσεως.
3725 1483 3935 1553 Ἐπειδὴ

2384 1577 2544 1645 μέγα,
2571 1574 2754 1644 φησὶν,
2788 1577 2844 1627 ἐν
2869 1577 2932 1646 τῇ
2966 1575 3232 1646 εὐημερίᾳ
3261 1575 3594 1644 πεφρόνηκα,
3625 1575 3816 1628 τούτου
3855 1576 3940 1645 χὰ-

2383 1681 2466 1734 ριν
2502 1665 2859 1735 τετάραγμαι.
2907 1665 3097 1732 Γέγονε
3143 1665 3200 1717 δέ
3255 1683 3344 1735 μοι
3394 1665 3569 1728 τοῦτο,
3611 1667 3674 1719 οὐ
3725 1667 3822 1718 σοῦ
3874 1684 3934 1735 με

2384 1755 2856 1826 προσωθήσαντος,
2882 1755 3018 1808 ἀλλά
3045 1757 3480 1827 ἀποστρέψαντος
3512 1757 3672 1829 μόνον
3699 1757 3759 1810 τὸ
3780 1757 3936 1828 πρόσ-

717 1832 871 1888 cidit.
901 1833 1130 1900 Quando
1155 1835 1339 1902 igitur,
1377 1833 1480 1888 nisi
1516 1843 1604 1888 tua
1639 1832 1955 1891 fortitudine
1985 1836 2282 1892 innitamur

2384 1860 2549 1898 ωπον.
2589 1843 2801 1915 Ἐπειδὴ
2835 1845 3013 1898 τοίνυν
3043 1845 3171 1898 ἀνευ
3209 1846 3306 1916 τῆς
3357 1847 3535 1916 ίσχύος
3562 1848 3660 1917 τῆς
3695 1847 3795 1918 σῆς
3827 1847 3936 1901 οὐδὲ

718 1940 785 1980 ne
833 1925 1132 1980 consistere
1181 1924 1397 1993 quidem
1446 1941 1759 1994 possumus,
1803 1925 1910 1994 fac,
1943 1929 2189 1995 obsecro,
2227 1940 2284 1984 ut

716 2014 844 2068 dum
873 2023 1018 2069 tuam
1043 2013 1239 2083 impleo
1263 2015 1818 2083 voluntatem,decore
1842 2017 2078 2072 animam
2108 2034 2282 2072 meam

718 2107 956 2162 illustres
979 2105 1111 2178 (10).
1133 2106 1186 2161 ld
1217 2107 1320 2161 sibi
1343 2108 1516 2161 Adam
1542 2109 1594 2161 in
1613 2107 1870 2177 paradiso
1895 2109 2095 2178 degens
2119 2123 2288 2163 even-

719 2206 898 2256 turum
927 2199 1184 2267 speravit,
1211 2207 1498 2267 antequam
1530 2198 1582 2251 in
1608 2197 1854 2253 fraudem
1886 2199 2282 2255 deduceretur:

717 2289 769 2342 id
805 2287 1068 2342 Ezechias
1113 2297 1397 2356 postquam
1431 2287 1712 2358 Assyrium
1753 2288 2042 2343 devicerat.
2083 2287 2151 2342 Et
2172 2289 2286 2345 haec

719 2389 903 2449 aperte
933 2380 1089 2433 docet
1126 2379 1260 2432 liber
1299 2378 1770 2448 Paralipomenon,
1806 2394 1931 2433 cum
1976 2380 2050 2433 ait
2077 2380 2284 2434 exalta-

720 2479 836 2524 tum
871 2469 1041 2525 fuisse
1071 2484 1165 2524 cor
1198 2468 1441 2523 Ezechize
1474 2471 1616 2538 regis
1645 2469 1709 2520 °'.

787 2560 930 2616 9.Ad
964 2572 1030 2626 te,
1068 2559 1308 2626 Domine,
1342 2559 1671 2614 rlamabo....
1709 2560 1793 2614 10.
1822 2559 1954 2625 Qui:
1987 2561 2192 2615 utilitas
2229 2562 2285 2614 in

720 2652 974 2721 sanguine
997 2667 1108 2704 meo
1131 2652 1255 2704 dum
1280 2651 1533 2705 descendo
1558 2653 1611 2705 in
1636 2654 2037 2719 corruptionem.
2062 2651 2280 2714 Precor,

720 2742 914 2811 inquit,
947 2741 1132 2795 reduci
1165 2756 1250 2794 me
1283 2741 1348 2795 de
1374 2741 1515 2805 lacu,
1543 2741 1669 2810 quia
1692 2758 1795 2793 non
1822 2741 2156 2809 conﬁtebitur
2187 2742 2283 2794 tibi

718 2832 907 2901 pulvis.
941 2831 1094 2898 Quod
1126 2835 1168 2887 si
1201 2832 1530 2887 descendero
1571 2834 1623 2885 in
1656 2834 2080 2901 corruptionem,
2113 2850 2286 2903 neque

721 2924 854 2978 mihi
893 2939 1067 2992 neque
1117 2924 1239 2978 aliis
1290 2923 1399 2977 ulla
1441 2923 1544 2977 erit
1592 2923 1814 2977 utilitas.
1855 2922 1967 2992 Ego
2009 2934 2189 2979 autem
2222 2940 2285 2978 ea

725 3017 830 3070 vita
864 3016 1106 3085 privatus
1142 3030 1261 3069 sum
1295 3030 1417 3084 quae
1456 3015 1553 3068 abs
1604 3023 1654 3069 te
1701 3015 2012 3068 obtinetur:
2045 3015 2133 3068 alii
2159 3031 2286 3069 vero

722 3106 926 3160 nullam
956 3121 1051 3176 per
1081 3122 1165 3160 me
1196 3105 1422 3160 salutem
1461 3105 1602 3159 nacti
1636 3111 1782 3159 sunt.
1817 3105 1909 3158 Sin
1938 3120 2064 3159 vero
2098 3106 2286 3159 audie-

722 3198 800 3254 ris
831 3213 1017 3252 vocem
1044 3213 1220 3251 meam
1252 3207 1304 3250 et
1332 3196 1667 3250 converteris
1695 3197 1894 3249 luctum
1926 3196 1978 3249 in
2007 3196 2285 3264 gaudium,

721 3300 777 3347 et
799 3306 884 3344 me
911 3290 1098 3344 hetitia
1135 3287 1390 3353 cinxeris,
1421 3303 1527 3341 non
1568 3302 1731 3357 parva
1779 3289 1911 3341 mihi
1940 3290 2148 3343 eveniet
2184 3293 2289 3343 titi-

725 3379 1117 3434 titas:etenim
1167 3389 1450 3448 postquam
1503 3378 1789 3447 pristinam
1836 3379 2060 3448 gloriam
2108 3394 2284 3433 meam

725 3486 1139 3542 recuperavero,
1182 3487 1304 3526 cum
1351 3485 1413 3524 ea
1450 3478 1501 3523 te
1539 3470 1805 3538 alloquar,
1835 3484 1941 3522 non
1975 3485 2096 3523 cum
2123 3485 2287 3539 prava

724 3564 1079 3620 conscientia.
1120 3559 1234 3616 Hoc
1277 3561 1422 3615 enim
1475 3560 1746 3630 signiﬁcat
1789 3559 1942 3624 illud,
1979 3558 2099 3612 Non
2150 3575 2290 3612 com-

725 3671 949 3726 uungar.

797 3744 1219 3802 12.Conscidisti
1254 3760 1462 3798 saccum
1488 3759 1679 3809 meum,
1706 3749 1755 3795 et
1787 3741 2180 3794 circumdedisti
2211 3756 2292 3794 me

725 3836 932 3892 latitia.
973 3834 1202 3888 Sacrum
1235 3834 1365 3889 dicit
1393 3835 1597 3887 luctum
1622 3871 1637 3896 ,
1682 3831 1898 3901 quando
1927 3845 2046 3886 mos
2079 3841 2159 3885 est
2199 3831 2288 3884 lu-

727 3927 976 3997 gentibus
1021 3926 1097 3978 uti
1135 3939 1315 3978 sacco.
1353 3923 1488 3977 Nam
1533 3937 1725 3978 saccus
1756 3922 2016 3976 malitiam
2049 3929 2102 3976 et
2134 3922 2290 3992 igno-

725 4017 956 4071 rantiam
987 4015 1251 4087 signiﬁcat
1271 4033 1283 4068 :
1306 4015 1564 4085 quoniam
1592 4029 1659 4068 ex
1685 4013 1960 4068 hzedorum
1996 4013 2120 4082 pilis
2153 4026 2289 4066 con-

727 4108 852 4164 fecti
878 4117 1005 4163 sunt
1032 4107 1198 4171 sacci,
1231 4107 1324 4177 qui
1364 4107 1500 4161 haedi
1535 4109 1601 4161 ad
1639 4106 1920 4160 sinistram
1946 4105 2286 4169 consistunt;

725 4215 791 4254 ex
828 4199 952 4268 pilis
987 4198 1112 4250 item
1148 4197 1284 4249 hirci
1316 4196 1460 4250 illius
1490 4194 1778 4249 emissarii.

796 4287 863 4341 In
887 4287 1065 4356 ﬁnem,
1097 4283 1437 4338 PSALML'S
1465 4283 1654 4338 Davidi
1680 4299 1775 4353 pro
1793 4283 2018 4338 exstasi.
2052 4279 2234 4336 XXX.

1304 4377 1704 4446 Argumentum.

2388 1936 2575 2004 στῆναι
2613 1936 2907 2006 δυνάμεθα,
2933 1935 2995 1989 τὺ
3024 1938 3114 1990 σὺν
3138 1937 3297 1991 πάλιν
3330 1939 3586 1992 ἐπιτελῶν
3617 1939 3847 2010 θέλημα,
3881 1942 3938 1993 τὸ

2387 2023 2578 2088 κάλλος
2629 2042 2728 2096 μου
2769 2027 2868 2096 τῆς
2911 2027 3086 2098 ψυχῆς
3134 2028 3454 2099 διαλάμπειν
3504 2030 3934 2101 παρασκεύασον.

2385 2115 2552 2168 Τοῦτο
2595 2116 2686 2169 καὶ
2715 2119 2742 2169 ὁ
2778 2116 2946 2187 Ἀδὰμ
2978 2118 3200 2186 ἧλπισεν
3233 2120 3324 2172 ἐπὶ
3360 2120 3453 2172 τοῦ
3483 2121 3810 2191 παραδείσου
3842 2137 3940 2190 προ

2383 2204 2480 2275 τῆς
2507 2205 2722 2277 ἀπάτης
2749 2205 3175 2276 πολιτευόμενος,
3205 2208 3298 2260 καὶ
3320 2208 3348 2258 ὁ
3379 2208 3624 2271 Ἐζεκίας
3647 2205 3939 2278 νενικηκὼς

2384 2295 2473 2348 τὸν
2507 2295 2804 2367 Ἀσσύριον,
2847 2297 2939 2349 καὶ
2967 2295 3202 2349 διδάσκει
3230 2296 3384 2350 τοῦτο
3413 2295 3597 2365 σαφῶς
3626 2296 3737 2350 τῶν
3767 2299 3938 2368 Παρασ-

2385 2386 2713 2455 λειπομένων
2739 2389 2771 2458 ή
2809 2386 3004 2456 βίϐλος,
3035 2388 3308 2459 ὑψωθῆναι
3339 2389 3568 2458 λέγουσα
3596 2389 3698 2460 τὴν
3727 2389 3941 2462 καρδίαν

2398 2482 2632 2546 Ἐζεκίου
2661 2481 2751 2534 τοῦ
2786 2482 3060 2551 βασιλέως.

2455 2571 2609 2646 Πρὸς
2632 2571 2724 2636 σὲ,
2759 2573 2952 2640 Κύριε,
2983 2572 3448 2642 κεκράξομαι.....
3479 2575 3572 2639 Τίς
3603 2573 3859 2642 ὠφέλεια
3882 2574 3944 2626 ὲν

2385 2659 2463 2731 τῷ
2492 2663 2693 2732 αἵματί
2735 2680 2888 2732 μου,
2933 2664 3002 2717 ἐν
3051 2663 3130 2729 τῷ
3171 2666 3547 2718 καταϐαίνειν
3570 2682 3647 2733 με
3692 2669 3780 2730 εις
3831 2665 3944 2718 δια-

2385 2755 2650 2824 φθορὰν;
2685 2755 2904 2825 Δέομαι,
2940 2755 3135 2826 φησὶν,
3164 2756 3456 2827 ἀναχθῆναι
3489 2759 3552 2809 ἐκ
3591 2757 3685 2809 τοῦ
3727 2757 3942 2819 λάκκου,

2385 2846 2566 2917 ἐπειδὴ
2593 2846 2690 2899 οὐκ
2712 2846 3154 2915 ἐξομολογεῖταί
3175 2861 3272 2900 σοι
3295 2847 3461 2916 χοῦς.
3493 2847 3578 2899 Ἐν
3606 2846 3664 2899 δέ
3691 2846 3770 2916 τῷ
3794 2861 3945 2900 κατα-

2386 2938 2542 3008 ϐῆναι
2586 2954 2650 3007 με
2687 2937 2766 2999 εἰς
2810 2937 3100 3006 διαφθορὰν
3139 2936 3260 2990 οὐτε
3293 2938 3388 3007 μία
3436 2955 3516 3000 τις
3548 2937 3790 3006 ὠφέλεια
3831 2938 3943 2991 οετε

2387 3027 2530 3095 ἐμοὶ,
2561 3025 2682 3077 οὐτε
2722 3025 2945 3098 ἑτέροις.
2983 3024 3122 3093 Ἑγώ
3164 3043 3223 3078 τε
3263 3027 3369 3095 γὰρ
3406 3026 3822 3096 ἀπεστερούμην
3857 3028 3946 3094 τῆς

2388 3116 2537 3188 παρὰ
2580 3115 2673 3169 σοῦ
2714 3117 2888 3186 ζωῆς·
2927 3115 3074 3169 ἄλλοι
3124 3117 3180 3170 δὲ
3227 3117 3475 3188 οὐδαμῶς
3516 3117 3812 3186 ἐτύγχανον
3856 3117 3946 3186 τῆς

2389 3211 2516 3281 παρ’
2547 3209 2679 3278 ἐμοῦ
2732 3210 3022 3280 σωτηρίας.
3067 3209 3154 3262 Ἐν
3183 3208 3239 3260 δέ
3277 3209 3352 3278 τῷ
3393 3207 3707 3261 εἰσακοῦσαῐ
3760 3223 3821 3259 σε
3855 3207 3947 3275 τῆς

2388 3302 2570 3372 φωνῆς
2588 3341 2603 3365 ,
2649 3301 2742 3354 καὶ
2791 3300 3112 3370 μεταϐαλεῖν
3150 3300 3238 3353 τὸν
3265 3300 3487 3352 κοπετὸν
3515 3301 3592 3363 εἰς
3621 3299 3830 3369 χαρὰν,
3862 3299 3948 3353 καὶ

2388 3390 2687 3462 περιζᾶωαί
2723 3408 2789 3461 με
2836 3390 3189 3460 εὐφροσύνην,
3221 3391 3318 3459 οὐχ
3348 3391 3381 3458 ἡ
3412 3390 3647 3457 τυχοῦσά
3679 3406 3770 3457 μοι
3797 3389 3947 3458 γενή-

2391 3497 2540 3534 σεται
2583 3481 2839 3550 ὠφέλεια.
2889 3476 3193 3531 Ἀπολαὸὼν
3225 3478 3329 3547 γὰρ
3359 3476 3454 3547 τὴν
3485 3476 3755 3544 προτέραν
3787 3477 3948 3544 ἐμαυο

2388 3570 2481 3625 τοῦ
2504 3570 2681 3637 δόξαν,
2709 3571 2775 3626 δι’
2804 3571 2974 3642 αὐτῆς
3005 3587 3085 3623 σοι
3113 3568 3275 3632 λαλῶ,
3306 3571 3365 3622 οὐ
3402 3569 3536 3638 μετά
3565 3584 3710 3630 τινος
3744 3567 3945 3636 φαύλης

2391 3665 2741 3736 συνειδήσεως
2762 3680 2775 3694 ’
2798 3664 2954 3716 τοῦτο
2979 3664 3086 3735 γὰρ
3110 3662 3257 3734 δηλοῖ
3285 3662 3345 3714 τό
3365 3680 3377 3691 ·
3410 3663 3489 3714 Οὐ
3505 3660 3587 3730 μὴ
3613 3657 3943 3728 κατανυτῶ.

2458 3755 2775 3822 Διέρῤηεας
2814 3753 2920 3806 τὸν
2947 3752 3179 3806 σάκκον
3201 3769 3317 3821 μου
3337 3791 3351 3815 ,
3379 3750 3474 3803 καὶ
3501 3748 3857 3818 περιέζωσὰς
3877 3765 3947 3816 με

2392 3845 2796 3911 εὐφροσύνην.
2833 3843 3040 3896 Σάκκον
3085 3849 3204 3894 εἰπε
3248 3841 3308 3892 τὸ
3351 3839 3568 3903 πένθος,
3612 3838 3800 3908 ἐπειδὴ
3834 3838 3946 3901 ἔθος

2389 3937 2498 3998 τοῖς
2526 3937 2583 3987 ἐν
2608 3932 2792 3987 πένθει
2825 3933 2917 3986 καὶ
2947 3934 3131 4004 σάκκῳ
3159 3932 3474 4004 κεχρῆσθαι.
3521 3932 3577 3984 Ὀ
3610 3930 3720 4001 γὰρ
3753 3931 3946 3992 σάκκος

2389 4026 2584 4080 κακίαν
2619 4027 2711 4078 καὶ
2758 4024 3028 4092 ἀγνωσίαν
3075 4025 3358 4095 σημαίνειο
3407 4023 3592 4093 ἐπειδὴ
3630 4024 3726 4076 καὶ
3767 4022 3945 4093 τρίχες

2389 4117 2494 4170 τῶν
2543 4118 2744 4187 ἐρίφων
2791 4118 2897 4169 εἰσὶ
2932 4117 3039 4170 τῶν
3084 4117 3380 4185 ἱσταμένων
3417 4114 3477 4179 ἐξ
3507 4115 3824 4185 εὐωνύμων,
3858 4113 3946 4166 καὶ

2387 4201 2480 4254 τοῦ
2509 4203 2892 4271 ἀποπομπαίου
2927 4203 3180 4273 χιμάρου.

2389 4296 2493 4360 Εἰς
2520 4293 2585 4347 τὸ
2615 4294 2787 4360 τέλος
2826 4297 3129 4348 ΨΑΛΜΟΣ
3160 4293 3237 4359 τῷ
3272 4294 3448 4349 Δαυῒδ
3475 4294 3835 4360 ἐκστάσεως.
3868 4293 3941 4348 Λ’.

3012 4387 3071 4440 Ὺ
3069 4389 3274 4440 πόθεσι
3281 4406 3332 4452 ς.

727 4464 1050 4521 Praesentem
1089 4466 1236 4519 canit
1268 4468 1538 4534 psalmum
1583 4465 1741 4534 quasi
1781 4463 1988 4534 peccati
2022 4477 2186 4517 causa
2235 4462 2289 4515 in

2395 4477 2546 4529 Ἀδει
2577 4477 2667 4529 τὸν
2696 4477 3046 4548 προκείμενον
3068 4478 3277 4550 ψαλμὸν
3305 4479 3379 4541 ὡς
3411 4478 3488 4530 ἔτι
3513 4479 3570 4531 ἐν
3591 4481 3655 4548 τῇ
3689 4478 3942 4549 μετανοίσ

796 4555 1114 4627 ptenitentia
1145 4553 1321 4608 adhuc
1348 4561 1670 4607 'versaretur
1700 4561 1753 4606 et
1785 4559 2000 4621 rogaret
2031 4551 2098 4604 ab
2128 4564 2192 4604 eo
2217 4548 2284 4601 li—

799 4648 996 4702 berari.
1029 4647 1283 4712 Quinimo
1316 4655 1374 4700 ut
1400 4647 1510 4716 jam
1538 4644 1826 4699 exauditus
1860 4645 2062 4714 gratias
2090 4643 2199 4713 agit
2223 4657 2287 4696 ac

799 4754 920 4806 quae
958 4739 1059 4807 ipsi
1090 4737 1416 4808 paenitentiae
1446 4746 1687 4806 tempore
1734 4736 2006 4805 contigere
2050 4744 2235 4787 narrat
2267 4752 2280 4786 :

797 4830 929 4885 illud
959 4839 1136 4884 autem
1162 4870 1176 4894 ,
1210 4846 1304 4898 pro
1342 4830 1538 4882 exstasi
1558 4867 1572 4891 ,
1607 4827 1742 4881 nihil
1771 4828 1873 4880 nisi
1902 4835 2180 4896 peccatum
2211 4825 2285 4879 si-

797 4922 1035 4993 gniﬁcat,
1067 4935 1174 4990 quo
1198 4922 1352 4989 quasi
1383 4935 1412 4974 a
1445 4934 1575 4974 sana
1605 4926 1784 4973 mente
1812 4919 1992 4970 anima
2018 4916 2281 4971 excessit:

801 5022 860 5066 ut
888 5029 994 5067 non
1024 5014 1163 5066 ultra
1192 5027 1249 5066 se
1271 5021 1610 5081 assumptum
1643 5011 1707 5063 iri
1739 5019 1999 5078 speraret,
2020 5017 2074 5062 et
2103 5009 2282 5078 palam

799 5105 1039 5160 diceret:
1069 5104 1175 5174 Ego
1206 5113 1377 5157 autem
1404 5104 1516 5157 dixi
1542 5104 1596 5155 in
1626 5116 1836 5155 excessu
1865 5116 1995 5165 meo,
2020 5099 2278 5169 projectus

801 5213 916 5250 sum
943 5214 976 5250 a
1005 5196 1140 5266 [acie
1170 5195 1440 5249 oculorum
1469 5203 1696 5247 tuorum.

799 5420 855 5487 2,
888 5420 942 5475 3.
983 5418 1048 5471 In
1080 5429 1147 5486 te,
1183 5417 1423 5482 Domine,
1457 5416 1724 5486 speravi...
1758 5412 1966 5468 Inclina
1990 5411 2058 5465 ad
2086 5426 2163 5464 me
2188 5425 2288 5462 au-

731 5531 838 5568 tem
867 5522 1030 5566 tuam.
1059 5511 1286 5577 Quando
1315 5525 1422 5564 non
1452 5519 1624 5578 potest
1651 5509 1852 5563 clamor
1885 5516 2067 5559 noster
2097 5504 2150 5556 in
2194 5503 2272 5554 al-

798 5632 844 5662 "
872 5629 917 5683 ιι
944 5629 1173 5700 Paralip.
1208 5646 1380 5691 xxx",
1404 5627 1473 5682 23

2461 4569 2526 4637 τῇ
2554 4566 2641 4619 διὰ
2669 4567 2765 4637 τὴν
2794 4567 3061 4637 ἁμαρτίαν
3088 4566 3182 4633 ὢν,
3217 4569 3308 4620 καὶ
3339 4567 3499 4634 ἀξιῶν
3528 4568 3695 4638 αὐτῆς
3733 4567 3941 4620 ἐλευθε-

2463 4657 2720 4728 ρωθῆναι.
2754 4658 2827 4709 Οὐ
2861 4657 2965 4728 μὴν
3004 4657 3137 4711 ἀλλά
3161 4662 3252 4712 καὶ
3279 4660 3353 4723 ὡς
3381 4659 3480 4729 ήδη
3527 4659 3941 4729 εἰσηκουσμένος

2463 4745 2810 4816 εὐχαριστίαν
2858 4747 3147 4818 ἀναφέρει·
3179 4749 3272 4800 καὶ
3304 4748 3408 4818 μὴν
3447 4749 3539 4799 καὶ
3571 4745 3640 4799 τὰ
3665 4745 3942 4817 συμϐάντα

2459 4834 2607 4902 αὐτῷ
2629 4836 2684 4886 ἐν
2708 4833 2785 4903 τῷ
2815 4834 2914 4904 τῆς
2940 4836 3223 4904 μετανοίας
3255 4835 3428 4906 καιρῷ
3452 4835 3738 4905 διηγεῖται.
3765 4835 3839 4889 Τὸ
3866 4836 3938 4898 δὲ,

2459 4925 2827 4991 ἐκστάσεως,
2875 4925 3027 4980 οὐδὲν
3057 4926 3240 4998 ἕτερον
3269 4927 3301 4998 ἢ
3344 4928 3510 4998 αὐτὴν
3543 4927 3639 4998 τὴν
3672 4928 3938 5000 ἁμαρτίαν

2461 5021 2590 5088 ἡμῖν
2624 5021 3038 5090 κατασημαίνει,
3073 5022 3139 5073 δι’
3173 5023 3238 5094 ἦν
3270 5022 3454 5092 ὥσπερ
3487 5022 3704 5091 ἀγαθῶν
3738 5025 3939 5095 φρενῶν

2457 5106 2701 5173 ἐξίστατο
2728 5111 2760 5179 ἡ
2791 5110 2952 5182 ψυχή·
2983 5111 3075 5163 καὶ
3109 5110 3184 5175 ὼς
3211 5111 3285 5182 μὴ
3311 5111 3546 5176 ἐλπίζειν
3579 5111 3658 5163 ἐτι
3683 5112 3787 5184 τὴν
3816 5113 3936 5165 ἀνά-

2453 5199 2644 5270 ληψινν
2680 5200 2904 5268 φάσκειν
2949 5219 3007 5253 τε
3052 5202 3265 5270 σαφῶς·
3303 5202 3440 5271 Ἐγὼ
3482 5201 3550 5256 δὲ
3586 5198 3728 5256 εἶπα
3770 5205 3840 5256 ἐν
3868 5201 3934 5272 τῇ

2455 5293 2737 5346 ἐκστάσει
2762 5311 2902 5363 μου·
2946 5294 3306 5367 Ἄπέῤῥιμμαι
3333 5295 3442 5363 ἄρα
3473 5295 3589 5350 ἀπὸ
3617 5297 3937 5364 προσώπου

2457 5387 2573 5440 τῶν
2599 5387 2918 5458 ὀφθαλμῶν
2944 5405 3076 5444 σου.

2467 5502 2588 5555 Ἐπὶ
2647 5503 2777 5568 σοὶ,
2822 5505 3024 5572 Κύριε,
3073 5503 3303 5572 ἤλπισα
3362 5545 3373 5556 .
3420 5542 3431 5554 .
3480 5542 3491 5553 .
3537 5542 3549 5552 .
3597 5542 3607 5552 .
3654 5541 3665 5552 .
3723 5501 3939 5556 Imittur

797 5747 908 5818 (l0)
950 5745 1069 5803 [hcc
1103 5747 1240 5818 apud
1290 5745 1561 5801 Danielem
1621 5743 1914 5797 Barbarum
1961 5737 2284 5793 Theodoreti
2317 5750 2434 5792 csse
2477 5733 2738 5790 feruntur.
