4102 6312
170 331 257 388 157
1239 349 1598 407 EXPOSITIO
1636 351 1700 406 IN
1739 351 1889 408 PSAI
1916 357 2065 415 MU.“
2106 362 2268 423 XXX.

3270 379 3371 436 558

167 474 300 540 πρός
340 491 420 542 με
465 476 533 529 τὸ
583 472 690 543 οὖς
733 493 867 534 σου.
908 482 1057 534 Ἐπεὶ
1085 483 1160 554 μὴ
1195 485 1440 558 φθάνειή
1479 488 1688 558 ἡμετέρη

1787 512 1790 524 .
1820 481 1932 526 tum
1963 477 2264 546 pertingere
2286 519 2301 541 ,
2341 480 2536 536 inclina
2575 498 2757 540 aurem
2791 494 2936 542 tuam
2968 489 3033 543 ad
3061 505 3168 557 me,
3205 501 3255 548 te
3289 505 3372 549 at-

166 564 360 634 κραυγὴ
394 565 474 628 είς
517 565 577 617 τὸ
625 566 789 636 ὕψος,
835 570 1010 623 κλῖνον
1056 571 1115 625 τὸ
1159 569 1251 636 οὖς
1300 591 1392 626 σου
1425 576 1560 646 πρὸς
1592 575 1711 646 ἐμὲ,

163 653 240 706 διὰ
266 653 358 706 τοῦ
396 657 844 723 συγκαταϐαίνειν
872 677 979 730 μοι.

235 743 495 810 Ἐξὰεεις
544 763 622 814 με
665 747 731 800 ὲκ
779 749 1025 820 παγίδος
1060 752 1280 818 ταύτης
1318 747 1393 820 ἧς
1442 752 1715 820 ἕκρυψάν

155 849 264 899 μοι.
314 833 768 903 Ἐφεδρεύσαντες
804 837 910 909 γὰρ
941 839 1102 892 αὑτοῦ
1130 841 1227 910 τὴν
1265 841 1461 913 ψυχὴν,
1497 842 1713 896 συνελά-

160 921 301 974 ϐοντο
335 924 520 978 αὐτόν.
573 926 659 979 Ἐν
691 928 827 990 τίνι;
859 931 915 981 ὲν
937 932 1001 1000 τῇ
1031 931 1290 1001 ἁμαρτία.

235 1011 579 1078 Ἐλυτρὼσω
607 1031 716 1082 με,
746 1017 955 1083 Κύριε,
999 1021 1032 1070 ὀ
1077 1019 1220 1083 Θεὸς
1255 1017 1365 1087 τῆς
1404 1021 1707 1090 ἀληθείας.

167 1100 245 1163 Ὠς
269 1101 367 1171 ἤδη
399 1104 772 1167 εἰσακουσθεὶς
797 1106 1018 1160 τοιαῦτά
1043 1125 1223 1180 φησιν.

228 1191 554 1260 Ἐμίσησας
585 1194 726 1259 τοὺς
761 1195 1294 1265 διαφυλάσσοντας
1317 1207 1711 1271 ματαιότητας

155 1279 449 1346 διακενῆς.
497 1283 876 1355 Ματαιὸτητάς
942 1303 1071 1356 φησι
1139 1287 1231 1341 τοῦ
1281 1291 1543 1361 παρόντος
1596 1293 1707 1362 βίον

154 1371 267 1431 τοὺς
290 1373 732 1443 περισπασμούς·
761 1374 852 1438 οὓς
881 1378 972 1430 καὶ
997 1377 1348 1450 ἐργαζόμενοι
1377 1385 1708 1454 ματαιότητα

154 1463 432 1534 πονοῦμεν.
459 1466 772 1536 Παρέπεται
810 1467 904 1530 τὸ,
941 1467 1238 1539 διακενῆς,
1279 1473 1357 1542 τῷ
1387 1475 1708 1542 φυλάσσοντι

156 1554 534 1625 ματαιότητας.

227 1646 704 1717 Ἀταλιιὰσομαι,
735 1651 830 1705 καὶ
856 1654 1363 1724 εὐφρανθήσομαι.
1391 1657 1579 1728 Λύπην
1612 1660 1705 1712 καὶ

152 1737 212 1789 τὰ
242 1736 403 1792 λοιπὰ
437 1738 584 1809 πάθη
617 1745 1023 1816 καταπατήσας.

212 1829 316 1881 Καὶ
339 1830 412 1882 οὺ
437 1831 844 1897 συνέκλεισάς
866 1851 943 1902 με
965 1838 1051 1901 εὶς
1076 1837 1276 1905 χεῖρας
1299 1836 1544 1906 ἐχθρῶν.
1564 1840 1705 1892 Ἀντὶ

150 1918 253 1982 τοῦ,
277 1921 338 1972 οὐ
368 1921 780 1990 παραδέδωκας.
810 1925 1111 1993 Ἔστησιις
1137 1929 1206 1981 ἐν
1232 1927 1544 1998 εὐρυχώρῳ
1565 1929 1705 1996 τοὺς

151 2011 327 2076 πόδας
350 2029 493 2080 μου.
537 2013 873 2079 Ἀπαλλάξας
907 2033 971 2087 με
1004 2017 1251 2088 Θλίψεως,
1287 2019 1622 2091 κατέστησας
1649 2024 1704 2074 ὲν

152 2104 321 2157 ἀνέσει
356 2105 452 2157 καὶ
483 2103 814 2178 εὐρυχωρίᾳ.

221 2195 546 2264 Ἐταράχθη
592 2198 664 2249 ἐν
693 2197 856 2267 θυμῷ
905 2202 938 2253 ό
965 2201 1267 2271 ὀφθαλμός
1301 2221 1441 2271 μου.
1467 2205 1506 2271 ἠ
1534 2205 1701 2274 ψυχή

143 2304 251 2354 μου
283 2289 380 2342 καὶ
427 2290 464 2356 ἡ
498 2291 729 2357 γαστήρ
751 2309 890 2359 μου.
919 2294 1126 2364 Ὥσπερ
1159 2294 1430 2364 ὀφθαλμὸν
1458 2297 1547 2350 τὸν
1579 2297 1701 2350 νοῦν

147 2379 240 2447 τῆς
278 2379 455 2449 ψυχῆς
487 2397 670 2450 φησιν,
703 2380 843 2435 οὕτω
882 2385 975 2436 καὶ
1028 2385 1268 2456 γαστέρα
1309 2388 1441 2457 φησὶ
1473 2389 1570 2457 τῆς
1601 2387 1702 2456 ψυ-

149 2467 239 2535 χῆς
266 2469 364 2538 τὴν
395 2470 637 2540 μνήμην·
672 2473 729 2524 ἐν
823 2471 1009 2544 ὥσπερ
1043 2475 1100 2528 ὲν
1130 2477 1326 2547 γαστρὶ
1356 2476 1452 2540 τὰς
1480 2476 1700 2546 λογικὰς

147 2560 502 2631 ἁποτιθέμεθα
535 2563 758 2633 τροφάς.
800 2566 860 2618 Ἠ
895 2567 1064 2636 ψυχή
1099 2586 1219 2638 μου
1264 2570 1362 2623 καὶ
1401 2572 1439 2637 ἡ
1473 2570 1699 2639 γαστήρ

139 2667 268 2716 μου.
307 2651 616 2722 Ἀπέστησα
647 2655 736 2709 τὸν
769 2655 1044 2727 ὀφθαλμόν
1072 2677 1170 2729 μου
1194 2661 1300 2713 άπὸ
1321 2659 1413 2713 τοῦ
1439 2660 1566 2714 λαοῦ
1592 2661 1698 2713 τῶν

155 2740 409 2796 Ἰουδαίων
443 2743 500 2796 ὲν
534 2744 689 2814 Θυμῷ
712 2747 805 2798 καὶ
835 2750 969 2817 ὀργῇ
996 2751 1225 2821 μεγάλῃ.

209 2833 323 2886 Ὀτι
346 2834 629 2898 ἐξέλιπεν
651 2836 719 2888 ἐν
746 2836 931 2904 ὀδύνῃ
961 2840 999 2907 ἡ
1033 2838 1141 2907 ζωή
1178 2859 1318 2910 μου.
1351 2842 1422 2895 Τὸ
1452 2843 1701 2898 ἐπιτετα-

147 2923 294 2989 μένον
325 2924 425 2993 τῆς
465 2924 702 2989 διανοίας
733 2927 900 2998 δηλοῖ.
928 2930 1035 2982 Καὶ
1065 2931 1135 2984 τὰ
1163 2933 1267 3001 ἔτη
1291 2953 1408 3003 μου
1448 2935 1518 2988 ὲν
1557 2953 1693 2990 στε-

142 3015 394 3085 ναγμοῖς.
417 3017 723 3082 Διετέλεσα,
769 3021 922 3091 φησὶ.
948 3023 1213 3087 στενάζων
1233 3027 1339 3078 ἀπὸ
1363 3027 1470 3079 τῶν
1487 3029 1690 3082 κακῶν.

1817 569 2157 636 temperando
2190 573 2341 626 mihi.

1882 749 1935 803 5.
1979 747 2183 803 Educes
2223 767 2300 805 me
2333 752 2396 805 de
2438 753 2622 824 laqueo
2665 757 2759 810 Itoc
2793 776 2944 829 quem
2985 762 3365 818 absconderant

1815 841 1960 896 mihi.
1990 841 2207 897 lnsidiis
2239 843 2384 896 enim
2410 844 2527 910 ejus
2563 847 2758 903 anima:
2785 851 2986 918 paratis
3013 857 3367 924 comprehen-

1811 935 2003 988 derunt
2030 951 2191 1002 eum;
2223 937 2277 990 in
2309 939 2454 1006 quo?
2485 937 2536 991 in
2569 950 2807 1006 peccato.

1882 1026 1934 1079 6.
1975 1025 2258 1080 Redemisti
2303 1044 2402 1093 me,
2452 1028 2691 1094 Domine,
2735 1030 2875 1086 Deus
2909 1036 3164 1092 veritatis.
3199 1037 3364 1103 Quasi

1807 1116 1918 1185 jam
1946 1119 2275 1184 postulatum
2301 1122 2619 1190 impetrarit,
2645 1125 2747 1180 hoc
2780 1126 2878 1180 ait.

1881 1208 1932 1260 7.
1979 1208 2151 1263 Odisti
2180 1213 2508 1267 observantes
2537 1217 2791 1269 vanitates
2823 1231 3201 1283 supervacue...
3255 1216 3362 1272 Va-

1811 1302 2006 1356 nitates
2034 1303 2268 1372 appellat
2290 1306 2451 1375 hujus
2473 1308 2597 1360 vita:
2621 1308 3025 1375 distractiones,
3056 1311 3252 1379 quibus
3275 1328 3366 1362 vn-

1812 1405 1994 1451 cantes
2038 1398 2090 1450 in
2133 1413 2328 1451 vanum
2381 1400 2712 1454 laboramus.
2765 1398 3141 1470 Subsequitur,
3185 1419 3364 1471 supcr-

1809 1505 1986 1555 racue,
2016 1490 2081 1545 de
2110 1505 2174 1544 eo
2204 1493 2412 1546 scilicet
2439 1494 2532 1562 qui
2565 1492 2819 1548 observat
2848 1494 3133 1548 vanitates.

1876 1665 1930 1720 8.
1987 1665 2274 1722 Exsultabo
2324 1679 2370 1723 et
2423 1668 2661 1725 lwtabor.
2713 1667 2960 1726 Dolorem
3017 1683 3074 1727 et
3125 1671 3360 1742 reliquos

1807 1759 1971 1812 animi
2008 1770 2185 1815 motus
2217 1762 2560 1817 conculcans.

1875 1849 1928 1903 9.
1971 1849 2082 1904 Nec
2113 1852 2420 1906 conclusisti
2455 1871 2532 1907 me
2559 1856 2613 1906 in
2645 1855 2883 1907 manibus
2929 1853 3168 1919 inimici,
3202 1853 3362 1922 quasi

1803 1943 1965 2006 dicat,
2001 1958 2108 1998 non
2151 1944 2440 1999 tradidisti.
2475 1943 2728 2000 Statuisti
2761 1949 2815 2000 in
2850 1948 2963 2000 loco
2997 1946 3231 2015 spatioso
3268 1963 3362 2014 pe-

1803 2036 1892 2088 des
1927 2051 2106 2090 meos:
2139 2045 2420 2105 postquam
2451 2037 2688 2091 Iiberasxi
2721 2053 2805 2091 me
2841 2038 2908 2092 ab
2939 2052 3139 2106 angore
3168 2038 3359 2104 animi,

1803 2127 2042 2181 statuisti
2070 2126 2122 2179 in
2153 2127 2503 2196 tranquillum
2528 2137 2581 2182 et
2611 2127 2890 2196 pacificum
2921 2137 3146 2182 statum.

1873 2215 2229 2271 Conturbatus
2255 2228 2330 2271 est
2364 2220 2419 2271 in
2445 2221 2528 2271 ira
2562 2218 2741 2272 oculus
2776 2235 2938 2285 meus,
2965 2221 3142 2272 anima
3165 2235 3278 2272 mea
3309 2227 3361 2271 et

1801 2318 1972 2362 venter
2009 2326 2170 2362 meus.
2208 2308 2358 2363 Sicut
2398 2319 2629 2363 mentem
2661 2326 2759 2364 cett
2790 2312 2985 2364 animm
3011 2310 3253 2372 oculum,
3284 2309 3357 2361 ita

1799 2413 1854 2456 et
1883 2404 2197 2456 memoriam
2221 2414 2466 2457 ventrem
2501 2403 2695 2456 anima:
2726 2402 2887 2456 habet
2915 2421 2927 2454 :
2966 2403 3016 2454 in
3047 2415 3154 2470 qua
3178 2415 3273 2455 ceu
3301 2400 3358 2454 in

1802 2505 1991 2550 ventre
2025 2496 2376 2551 rationabiles
2410 2497 2561 2551 cibos
2594 2496 2933 2565 deponimus.
2975 2493 3127 2547 Alius
3172 2494 3354 2547 codex.

1800 2587 1988 2641 Anima
2021 2605 2136 2640 mea
2169 2599 2216 2641 et
2250 2598 2422 2642 venter
2451 2604 2612 2642 meus.
2652 2588 2830 2642 Averti
2866 2587 3082 2641 oculum
3117 2600 3293 2640 meum
3325 2601 3354 2638 a

1797 2679 2024 2736 Iudaico
2053 2682 2252 2750 populo
2279 2682 2333 2734 in
2365 2680 2548 2735 furore
2570 2690 2622 2735 et
2652 2681 2703 2733 in
2733 2680 2811 2733 ira
2841 2694 3053 2748 magna.

1870 2859 1955 2912 l0.
1986 2860 2246 2925 Quoniam
2273 2861 2459 2930 defecit
2491 2861 2543 2913 in
2578 2859 2753 2913 dolore
2785 2860 2891 2913 vita
2925 2874 3058 2912 mea.
3089 2863 3351 2912 Intentum

1797 2951 1948 3004 valde
2001 2953 2243 3007 animum
2276 2954 2498 3008 indicat.
2535 2953 2600 3006 Et
2632 2969 2796 3006 annos
2829 2967 2966 3004 meos
2993 2951 3046 3002 in
3080 2948 3353 3018 gemitibus

1797 3041 2028 3109 transegi
2061 3058 2280 3110 gemens
2312 3044 2382 3096 ob
2422 3044 2688 3096 malorum
2733 3042 3146 3096 vehementiam.
3192 3038 3355 3108 Inﬁr-

151 3108 507 3175 Ἠσθένησεν
558 3111 627 3162 ἐν
675 3114 931 3180 πτωχείᾳ
965 3114 1002 3180 ἡ
1051 3117 1227 3182 ἰσχύς
1259 3135 1394 3185 μου.
1442 3118 1688 3188 Πτωχεύ-

1799 3142 1939 3185 mata
1983 3146 2059 3186 est
2092 3135 2142 3187 in
2171 3143 2474 3203 paupertate
2498 3135 2665 3189 virtus
2697 3149 2829 3187 mea.
2855 3133 2986 3189 Cum
3019 3143 3169 3188 tuum
3200 3134 3355 3186 auxi—

141 3213 250 3259 σας,
280 3200 434 3270 φησὶ,
471 3199 571 3269 τῆς
595 3200 745 3270 παρά
774 3201 866 3252 σοῦ
903 3200 1146 3270 βοηθείας
1168 3204 1251 3256 διὰ
1277 3204 1372 3276 τὴν
1403 3207 1691 3276 ἁμαρτίαν,

1798 3225 1928 3279 lium
1960 3227 2354 3280 emendicarem
2383 3236 2604 3296 propter
2637 3237 2854 3296 peccata
2887 3226 3358 3293 mea,inﬁrmatus

138 3289 419 3359 ἠσθένησα.
456 3293 564 3344 Καὶ
607 3292 678 3344 τὰ
722 3290 873 3346 ὀστᾶ
903 3311 1021 3361 μου
1059 3295 1491 3366 ἐταράχθησαν.
1537 3300 1688 3353 Ὀστᾶ

1794 3335 1932 3376 sum.
1971 3319 2039 3373 Et
2068 3335 2186 3372 ossa
2217 3335 2329 3371 mea
2358 3320 2668 3372 conturbata
2695 3329 2836 3373 sunt.
2881 3317 3015 3374 Ossa
3050 3321 3243 3376 anima:
3274 3322 3354 3376 fa-

137 3382 227 3444 τὰς
245 3384 344 3453 τῆς
367 3384 550 3453 ψυχῆς
575 3383 829 3455 δυνάμεις
858 3388 1040 3458 φησίν.

201 3472 342 3543 [Ὅτι
380 3474 665 3537 ἐξέλιπεν
695 3477 763 3530 ὲν
789 3477 972 3547 ὀδύνῃ
1021 3481 1058 3547 ἡ
1093 3479 1201 3549 ζωή
1225 3499 1364 3550 μου.
1410 3484 1471 3536 Ἠ
1497 3483 1688 3548 ἔνδεια,

138 3564 276 3630 φησι,
330 3564 438 3617 τῶν
479 3566 788 3634 ἀναγκαίων
817 3571 1074 3642 κατέτηξέ
1109 3589 1210 3641 μου
1239 3573 1299 3625 τὸ
1343 3575 1518 3644 σῶμα,
1553 3578 1632 3628 ὅτι
1663 3578 1691 3628 ὁ

137 3653 276 3720 Σιφεὶ
305 3657 398 3708 καὶ
444 3658 474 3709 ὁ
515 3658 770 3729 Βερσελεὶ
802 3662 1034 3732 ἤνεγκαν
1060 3662 1137 3732 τῷ
1162 3664 1324 3718 Δαυῒδ
1363 3666 1565 3736 πυροὺς
1598 3667 1689 3719 καὶ

135 3743 333 3812 κριθάς,
356 3747 452 3799 καὶ
477 3746 695 3818 ἄλευρα,
726 3750 816 3803 καὶ
839 3751 1066 3823 κύαμον,
1094 3756 1186 3808 καὶ
1214 3756 1402 3824 ᾳάκον,
1432 3755 1522 3809 καὶ
1545 3756 1684 3827 μέλι,

134 3835 217 3886 καὶ
261 3837 426 3908 ἕτερά
470 3853 624 3891 τινα·
672 3843 768 3894 καὶ
811 3843 1075 3915 τάπητας,
1104 3848 1195 3899 καὶ
1229 3848 1555 3919 στρώματα·
1596 3851 1687 3902 καὶ

133 3930 503 4000 προσήνεγκαν
547 3931 624 4002 τῷ
672 3931 783 4004 λαῷ
828 3935 1020 4003 ταῦτα,
1051 3938 1142 3990 καὶ
1190 3937 1289 4002 τὰς
1323 3940 1562 4009 τροφάς·
1605 3940 1684 3992 ὅτι

131 4018 299 4088 ελεγον
331 4023 424 4075 τὸν
476 4021 604 4076 λαὸν
651 4025 858 4096 πεινᾷν,
896 4027 990 4079 καὶ
1034 4027 1348 4083 ἐκλελύσθαι
1387 4029 1685 4100 διψήσαντα

130 4110 181 4162 ἐν
205 4115 268 4182 τῇ
300 4112 542 4184 ἐρήμῳ-1

190 4204 352 4270 Παρὰ
381 4204 614 4269 πάντας
641 4207 778 4273 τοὺς
804 4209 1052 4277 ἐχθρούς
1073 4228 1190 4279 μου
1215 4211 1505 4280 ἐγενήθην
1530 4215 1682 4268 ὀνει-

127 4291 239 4356 δος.
273 4293 512 4364 [Νεκρὸς
544 4297 642 4365 μὲν
675 4297 783 4350 ἀπὸ
815 4301 1037 4370 καρδίας
1078 4303 1226 4354 ἐστὶν
1261 4305 1290 4356 ὁ
1326 4306 1682 4377 ἐστερημένος

126 4384 368 4456 άρετῶν.]
419 4387 530 4439 Καὶ
570 4389 618 4439 οἱ
655 4388 836 4460 ἐχθροί
878 4408 998 4460 μου,
1043 4393 1224 4464 φησὶν,
1270 4393 1540 4460 ὠνείδιζόν
1589 4416 1675 4469 με,

125 4475 210 4526 καὶ
239 4476 286 4526 oi
316 4479 552 4544 γνωστοί
587 4496 686 4547 μου
713 4481 998 4550 ἐφοϐοῦντο
1026 4501 1122 4554 με,
1159 4486 1251 4538 καὶ
1275 4489 1323 4539 oi
1357 4487 1680 4560 Θεωροῦντες

125 4565 423 4635 ἀπέφευγον
473 4568 563 4621 διὰ
615 4570 708 4641 τὴν
763 4573 1060 4646 ὑπερϐολὴν
1105 4572 1172 4648 ἧς
1222 4568 1680 4652 ὑπερεδεικνύμην

125 4660 428 4723 μετανοίαςο
461 4661 645 4732 σάκκῳ
667 4663 723 4715 δὲ
753 4666 842 4717 καὶ
873 4667 1049 4738 σποδῷ
1082 4672 1563 4742 κατατρυχὸμενος,
1588 4676 1681 4729 καὶ

121 4749 323 4820 ἡμέρας
361 4752 458 4804 καὶ
504 4755 694 4818 νυκτὸς
727 4757 945 4812 κλαίων.
985 4761 1075 4813 Διὸ
1111 4762 1204 4814 καὶ
1250 4766 1554 4833 φευγόντων
1578 4768 1677 4820 αὺ-

119 4837 238 4929 aci”,
267 4840 325 4891 ὲν
361 4839 504 4912 λήθῃ
536 4850 854 4914 γεγένημαι,
903 4847 1090 4919 ὥσπερ
1135 4853 1321 4923 ἀμέλει
1358 4856 1450 4908 καὶ
1489 4859 1678 4929 νεκρὸς

119 4927 323 4982 ἐδόκουν
373 4931 557 4983 σκεύει
604 4934 833 4988 ἐοικέναι
888 4938 1201 4996 ἀπολωλότι.
1252 4944 1325 4996 Τὸ
1377 4947 1462 5009 δὲ,
1522 4927 1680 5017 πιέρά

120 5017 360 5086 πάντας,
395 5023 497 5092 οὐχ
525 5022 664 5095 ὑπὲρ
698 5025 900 5092 πάντας
930 5033 1099 5084 εἰπεῖν
1128 5033 1394 5103 βούλεται,
1425 5039 1536 5091 ἀλλ’
1560 5041 1678 5092 ἀντὶ

118 5107 218 5171 τοῦ,
242 5109 401 5181 παρὰ
421 5112 652 5176 πάντας*
684 5116 954 5171 τουτέστιν
987 5122 1133 5192 παρὰ
1160 5124 1266 5177 τῶν
1297 5127 1503 5198 ἐχθρῶν
1524 5130 1677 5182 ὠνει-

116 5197 307 5268 iiabnp.
337 5201 499 5254 Οὕτω
526 5204 634 5273 γὰρ
665 5205 809 5274 λέγει
841 5211 933 5262 καὶ
970 5213 1214 5279 Ἀκύλας⁹
1247 5197 1411 5287 Παρὰ
1436 5221 1677 5276 πάντων

113 5287 218 5343 τῶν
241 5291 480 5360 ἐχθρῶν
505 5311 626 5363 μου
655 5297 951 5369 ἐγενήθην
973 5302 1219 5372 ὄνειδος.

171 5381 290 5437 Ὅτι
318 5383 560 5450 ἤκουσα
600 5390 795 5458 ψόγον
825 5395 1068 5448 πολλῶν
1091 5403 1529 5467 παροικούντων
1560 5423 1667 5460 κυ-

111 5473 336 5563 κλόθεν.
379 5475 561 5543 Ψόγον
603 5479 705 5550 τὴν
755 5481 1041 5556 ἐπιϐουλήν
1074 5505 1252 5558 φησιν.
1280 5491 1440 5561 Λέγει
1473 5495 1561 5563 δὲ,
1591 5497 1664 5560 ὡς

110 5561 150 5612 ei
177 5564 362 5635 ἐχθροὶ
393 5567 656 5622 ἐκύκλουν
683 5573 1130 5642 ἐπιϐουλεύοντες.
1176 5583 1284 5637 Τοῦ
1316 5587 1522 5639 ,λαϐεῖν
1549 5561 1666 5653 τὴν

111 5655 305 5720 ψυχήν
332 5675 454 5725 μου
497 5661 962 5722 ἐϐουλεύσαντο.
1004 5673 1140 5742 Ἐγὼ
1179 5676 1242 5729 δὲ
1275 5678 1369 5730 ἐπὶ
1399 5681 1519 5746 rei,
1556 5683 1665 5736 Κύ-

169 5747 209 5777 ⁹¹
247 5747 291 5801 Η
328 5747 453 5820 Reg.
493 5770 603 5812 va.
643 5756 758 5810 1-4.

1793 3415 2024 3467 eultates
2050 3411 2301 3479 appellat.
2500 3484 2507 3492 _

1861 3502 2147 3574 [Quoniam
2176 3503 2360 3571 defecit
2393 3504 2445 3556 in
2476 3502 2655 3558 dolore
2687 3503 2795 3557 vita
2833 3521 2968 3558 mea.
2999 3504 3230 3572 lterum,
3268 3505 3351 3558 in-

1790 3597 1906 3664 quit
1923 3597 1985 3661 “,
2013 3597 2440 3650 necessariarum
2464 3598 2661 3664 inopia.
2677 3610 2874 3662 corpus
2890 3611 3065 3649 meum
3083 3597 3202 3651 tabe
3220 3612 3350 3651 con-

1793 3689 1948 3751 fecit,
1977 3693 2103 3758 quia
2132 3689 2256 3742 Siba
2292 3699 2342 3741 ct
2367 3687 2625 3742 Bereellai
2672 3686 2858 3740 Davidi
2903 3687 3200 3744 attulerunt
3231 3689 3348 3743 fru-

1788 3790 2026 3834 mentum
2060 3787 2111 3832 ct
2143 3777 2424 3842 hordeum,
2460 3776 2714 3844 farinam,
2769 3778 2944 3843 fabas,
2989 3781 3206 3846 lentem,
3242 3781 3347 3835 mel

1786 3883 1840 3928 et
1865 3873 1963 3927 alia
1989 3874 2257 3942 quaedam,
2285 3887 2495 3925 necnon
2528 3881 2737 3940 tapetas
2777 3882 2829 3925 et
2855 3873 3119 3926 velamina
3151 3882 3347 3940 :atque

1788 3967 1971 4020 isthzec
2017 3966 2215 4034 populo
2249 3981 2370 4019 cum
2403 3964 2523 4019 aliis
2557 3965 2693 4020 cibis
2722 3964 3065 4028 obtulerunt,
3099 3964 3227 4033 quia
3258 3964 3345 4016 di-

1785 4057 1979 4112 cebant
2018 4055 2275 4124 populum
2319 4056 2459 4108 fame
2495 4056 2741 4107 laborare
2763 4096 2778 4119 ,
2826 4069 2887 4108 ac
2917 4054 3004 4106 siti
3039 4053 3341 4108 confectum

1785 4147 2018 4202 solutum
2055 4147 2223 4201 fuisse
2260 4147 2310 4198 in
2339 4144 2597 4217 deserto.]

1853 4239 1940 4293 12.
1985 4237 2153 4309 Super
2185 4254 2357 4291 omnes
2407 4237 2646 4290 inimicos
2693 4256 2830 4292 meos
2878 4237 3051 4306 factus
3096 4252 3212 4290 sum
3252 4253 3345 4303 op-

1781 4333 2069 4398 probrium,
2103 4340 2206 4384 etc.
2238 4329 2507 4401 [Mortuus
2534 4345 2561 4383 a
2598 4330 2760 4383 corde
2792 4339 2893 4392 est,
2935 4329 3027 4398 qui
3051 4328 3342 4383 virtutibus

1709 4462 1754 4518 υ
1782 4433 1864 4478 est
1894 4421 2141 4494 vacuus.]
2169 4422 2372 4476 Inimici
2403 4423 2526 4486 mei,
2565 4422 2775 4490 inquit,
2808 4437 2892 4474 me
2926 4421 3186 4476 conviciis
3212 4435 3341 4474 one-

1784 4517 1974 4571 rabant
2002 4535 2014 4570 :
2046 4526 2099 4570 et
2129 4519 2239 4571 noti
2275 4517 2377 4570 mei
2426 4515 2673 4583 fugerunt
2710 4531 2813 4569 me.
2847 4513 2912 4567 Et
2943 4514 3034 4582 qui
3076 4528 3160 4566 me
3189 4513 3334 4567 vide-

1778 4609 1906 4662 bant
1932 4609 2257 4680 aufugerunt
2278 4610 2347 4664 ob
2370 4609 2790 4679 magnitudinem
2822 4607 3154 4676 ptenitentiie
3181 4622 3334 4668 mem;

1779 4719 1938 4758 sacco
1968 4704 2112 4757 enim
2144 4716 2197 4757 et
2237 4705 2418 4757 cinere
2451 4713 2787 4765 maceratus,
2820 4701 3008 4754 ﬂebam
3043 4699 3130 4753 die
3161 4707 3340 4751 noctv-

1778 4811 1901 4866 que.
1932 4795 2110 4862 Quare
2137 4795 2468 4866 fugientibus
2501 4796 2638 4858 illis,
2670 4794 2723 4846 in
2754 4794 3078 4847 oblivionem
3109 4792 3251 4854 veni,
3283 4801 3337 4844 et

1777 4904 1874 4942 ceu
1913 4899 2163 4943 mortuus
2204 4905 2320 4943 esse
2346 4890 2586 4956 videbar,
2634 4898 2691 4942 ut
2737 4889 2850 4941 vasi
2888 4888 3097 4955 perdito
3141 4884 3336 4938 similis

1776 4994 1972 5033 essem.
2010 4977 2144 5034 Illud
2177 4988 2354 5032 autem
2391 4995 2545 5048 super
2576 4995 2774 5044 omnes,
2814 4993 2920 5030 non
2950 4977 3050 5031 sibi
3080 4978 3193 5029 vult
3226 4991 3337 5044 pm

1777 5073 2052 5136 omnibus,
2086 5072 2177 5126 sed
2205 5071 2345 5139 apud
2374 5086 2586 5133 omnes,
2622 5072 2674 5124 id
2708 5080 2788 5124 cst
2812 5111 2825 5134 ,
2863 5071 2929 5122 ιιι)
2966 5068 3201 5122 inimicis
3237 5085 3333 5136 op-

1775 5164 1995 5233 probrio
2021 5172 2281 5218 oneratus
2309 5178 2452 5217 sum.
2497 5160 2586 5215 Sic
2621 5163 2764 5214 enim
2797 5160 2958 5213 habet
2986 5158 3176 5226 Aquila
3205 5173 3220 5209 :
3251 5159 3329 5210 Ab

1774 5255 2012 5309 omnibus
2043 5255 2275 5308 inimicis
2310 5256 2437 5308 meis
2473 5253 2645 5321 factus
2671 5267 2785 5305 sum
2810 5250 3164 5319 opprobrium.

1849 5412 1934 5466 14.
2005 5413 2266 5480 Quoniam
2323 5412 2503 5464 audivi
2558 5410 2986 5478 vituperationem
3042 5408 3324 5461 multorum

1772 5504 2206 5556 commorantium
2235 5502 2291 5554 iu
2318 5501 2566 5553 circuitu.
2604 5497 3069 5567 Vituperationem
3104 5498 3330 5552 insidias

1776 5606 1950 5649 vocat.
1989 5598 2077 5650 Ait
2105 5605 2280 5651 autem
2325 5599 2468 5667 quod
2514 5595 2913 5650 circumdanles
2947 5593 3148 5648 inimici
3195 5594 3328 5647 insi-

1773 5689 2067 5744 diarcntur.
2104 5689 2343 5759 Accipere
2382 5691 2615 5744 animam
2659 5706 2823 5743 meam
2869 5687 3135 5743 consiliati
3182 5699 3324 5741 sunt.
