4074 6304
132 341 212 394 161
1202 315 1558 373 EXPOSlTlO
1599 313 1662 367 ΙΝ
1702 311 2028 368 ΡδΑιιιωι
2070 307 2255 362 XXXI.

3231 295 3331 350 162

128 452 383 522 γινομένῃ
416 465 505 520 μοι
536 445 804 504 ἐκστάσει,
839 443 926 493 ὅτε
952 438 1046 491 καὶ
1084 434 1351 506 ἐταράχθη
1389 436 1446 485 ἐν
1476 432 1628 500 Θυμῷ
1657 433 1684 482 6

1791 430 1836 480 in
1865 424 2274 494 superveniente
2305 418 2434 473 mibi
2467 415 2660 471 mentis
2684 428 2929 476 excessu,
2961 410 3178 482 quando
3203 424 3334 464 con-

1873 518 1884 522 -
2132 521 2135 522 ,
2187 514 2198 522 .
2274 513 2283 522 .
2505 508 2518 522 ι
2692 521 2697 522 ,
2758 521 2765 522 ,
2863 519 2904 522 η-
2927 519 2941 522 _
2993 499 3329 522 _.__--_...In-....

130 543 392 614 ὸγθαλμός
429 559 553 611 μου,
591 535 872 606 ἐπέτριὸον
912 530 1143 601 ἐμαυτὸν
1171 529 1246 590 ὠς
1276 525 1680 597 ἀπερριμμένος

130 636 204 688 διὰ
237 635 333 703 τὴν
364 633 507 702 ἐμὴν
556 628 841 699 ἁμαρτίαν.
895 623 1030 675 Ἀλλ’
1065 620 1172 689 ἐγὼ
1218 619 1314 690 μὲν
1358 618 1542 677 ταῦτα,
1575 631 1680 684 φη-

134 730 227 790 σὶν,
255 726 470 792 ελεγον,
503 723 565 774 σὺ
601 720 658 772 δὲ
684 720 712 770 6
742 715 1114 787 φιλάνθρωπος
1137 712 1236 766 οὐκ
1265 709 1568 780 ἀπέρριψας
1592 705 1681 757 τὸν

134 816 213 867 σὺν
239 813 481 881 οἰκέτην.

205 902 576 974 Ἀγαπήσατε
609 898 712 952 τὸν
755 898 998 965 Κύριον,
1033 892 1252 958 πάντες
1297 893 1350 944 ot
1388 889 1540 941 ὅσιοι
1581 886 1685 939 αὐ-

133 996 246 1049 τοῦ.
285 994 494 1065 Τρέπει
539 991 627 1044 τὸν
667 990 820 1057 λόγον
862 989 940 1050 είς
981 986 1078 1057 τὴν
1126 985 1323 1054 ἐτέρων
1370 979 1683 1050 παραίνεσιν

132 1084 214 1151 ἀφ’
243 1076 322 1134 ὧν
362 1078 724 1150 εὑηργετήθη,
757 1077 880 1138 τοὺς
912 1075 1100 1136 ἄλλους
1129 1074 1220 1125 ἐπὶ
1252 1071 1311 1123 τὸ
1352 1068 1684 1140 ἐξομολογεῖ-

136 1175 245 1227 σθαι
268 1171 621 1244 παρακαλῶν.
646 1169 756 1222 Kal
780 1163 1362 1228 ἀνταποδίδωσι¹τοῑς
1387 1159 1684 1230 περισσῶς

133 1263 413 1317 ποιοῦσιν
436 1261 862 1328 ὑπερηφανίαν.
909 1257 1263 1328 Μακροθυμεϊ
1290 1257 1386 1325 μὲν
1423 1257 1451 1306 ὁ
1484 1252 1684 1323 Κύριος

132 1359 215 1410 ἐπὶ
257 1358 377 1418 τοῖς
429 1354 822 1426 ὑπερηφάνοις,
873 1353 982 1413 τοῖς
1029 1350 1086 1403 δὲ
1131 1346 1400 1418 περισσῶς
1447 1343 1685 1398 ποιοῦσιν

134 1447 510 1519 ὑπερηφανίαν
545 1447 637 1496 καὶ
670 1441 1106 1496 ἀνταποδίδωσιν.

332 1539 641 1593 ΨΑΛΜΟΣ
672 1534 749 1600 τῷ
779 1533 978 1596 Δαυῒδ,
1005 1529 1328 1595 συνέσεως.
1354 1533 1482 1583 AA'.

755 1627 1076 1688 Ὑπόθεσις.

134 1727 234 1796 Τὴν
267 1721 638 1778 κακοπάθεια-ν
684 1717 846 1770 αὐτοῦ
891 1715 990 1787 τὴν
1031 1712 1227 1783 πολλὴν
1258 1729 1298 1762 π

200 1820 225 1870 ὁ
263 1815 448 1879 Δαυῒδ,
483 1816 548 1884 ἣν
576 1815 629 1866 ἐν
655 1814 721 1882 τῇ
753 1807 1006 1880 μετανοίᾳ
1045 1805 1356 1876 ὑπέμεινεν,
1399 1801 1686 1872 μακαρίζει

196 1909 323 1971 τοὺς
343 1907 443 1978 τῆς
469 1905 710 1974 ἀφέσεως
734 1899 1094 1969 τετυχηκότας
1116 1896 1203 1949 διὰ
1224 1894 1315 1947 τοῦ
1345 1893 1565 1964 λουτροῦ
1591 1895 1687 1963 τῆς

196 1997 632 2068 παλιγγενεσίας.
661 1992 969 2057 Συνέσεως
999 1991 1056 2043 δέ
1078 1989 1470 2059 ἐπιγέγραπται
1495 1988 1522 2038 6
1550 1984 1687 2054 ψαλ-

199 2093 319 2162 μὸς,
350 2090 440 2145 διὰ
467 2087 529 2140 τὸ
566 2087 766 2156 ταύτης
815 2085 1045 2155 μάλιστα
1078 2080 1282 2134 δεῖσθαι
1325 2081 1448 2142 τοὺς
1476 2075 1686 2147 ἀνθρώ-

195 2198 331 2244 πους
352 2197 366 2210 ·
400 2180 481 2231 ὅτι
518 2178 580 2247 δὴ
619 2177 818 2246 σφόδρα
849 2171 1221 2233 ἐκνενευκότες
1272 2170 1364 2223 ἐπὶ
1405 2169 1472 2222 τὰ
1505 2167 1650 2237 πάθη
1670 2209 1683 2233 ,

197 2274 387 2334 ῖπποις
413 2270 506 2323 καὶ
531 2270 776 2339 ἡμιόνοις
805 2262 1235 2333 ἀπεικάσθησαν.

194 2364 485 2431 Μακάριοι
534 2357 620 2414 ὧν
672 2359 983 2428 ἀφέθησαν
1030 2358 1088 2408 al
1137 2352 1407 2420 ἀνομίαι,
1461 2349 1557 2402 καὶ
1601 2339 1687 2399 ὧν

133 2458 637 2523 ἐπεκαλύρϐησαν
658 2455 717 2504 al
744 2449 1033 2519 ἁμαρτίαι,
1070 2445 1340 2514 Ἀφίενται
1370 2443 1467 2514 μέν
1491 2444 1546 2494 αί
1575 2443 1689 2494 ἀνο-

137 2550 246 2622 μίαι
288 2547 376 2601 διὰ
423 2545 823 2616 βαπτίσματος,
858 2538 1311 2593 ἐπικαλύπτονται
1342 2536 1398 2588 δὲ
1427 2533 1687 2605 ἁμαρτίαι

131 2642 211 2694 διὰ
239 2641 336 2709 τῆς
361 2638 563 2709 πικρᾶς
594 2633 892 2706 μετανοίας.

195 2730 496 2798 Μακάριος
521 2726 676 2794 ἀνὴρ
722 2721 794 2780 οὗ
827 2725 898 2777 οὐ
933 2721 1019 2792 μὴ
1059 2720 1370 2788 λογίσηται
1416 2719 1449 2770 o'
1476 2716 1688 2782 Κύριος

132 2821 439 2890 ἁμαρτίαν,
462 2816 602 2871 οὐδὲ
627 2817 794 2869 ἔστιν
812 2814 881 2865 ὲν
911 2811 992 2876 τῷ
1015 2810 1260 2878 στόματι
1284 2805 1467 2860 αὑτοῦ
1487 2805 1686 2870 δόλος.

132 2908 293 2975 υῦτος
321 2912 430 2980 γὰρ
463 2907 676 2979 ἀληθῶς
717 2904 1003 2975 μακάριος,
1034 2903 1062 2954 6
1093 2900 1186 2971 ὅλῃ
1219 2899 1413 2970 καρδίᾳ.
1458 2914 1689 2969 προσερ-

131 3006 348 3075 χόμενος
391 3001 469 3071 τῷ
518 2999 658 3068 ἁγίῳ
705 2997 1055 3067 βαπτίσματι.
1092 2991 1186 3064 ['0
1225 2990 1332 3060 γὰρ
1369 2988 1505 3060 μετὰ
1535 2988 1686 3041 δόλου

133 3093 541 3166 βαπτιζόμενος,
574 3091 708 3161 πρὸς
731 3089 808 3160 τῷ
853 3090 926 3159 μὴ
960 3087 1141 3156 τυχεῖν
1165 3085 1262 3154 τῆς
1290 3081 1556 3151 ἀφέσεως,
1594 3079 1688 3131 καὶ
1714 3112 1756 3171 c

131 3192 299 3259 κρῖμα
329 3185 486 3257 ἕξει.)
530 3185 634 3237 Τοῦ
678 3181 859 3236 αὐτοῦ’
907 3181 988 3244 τὸ,
1032 3179 1140 3242 ὅτι,
1175 3176 1278 3248 τῷ,
1329 3170 1683 3238 ἐπαλαιώθη,

134 3281 447 3342 συναπτὲον,
484 3279 550 3330 ἵν’
685 3276 811 3327 ’Ότι
854 3268 1187 3335 ἐπαλαιὼοη
1231 3268 1300 3321 τὰ
1347 3262 1497 3318 ὀστᾶ
1533 3279 1684 3332 μου,

131 3375 244 3428 ἁ.τό
271 3373 380 3428 τοῦ
415 3369 647 3441 κράζειν
687 3384 762 3437 με
801 3365 954 3431 ὅλην
991 3361 1106 3431 τῆν
1134 3359 1378 3429 ἡμέραν.
1429 3355 1689 3424 Ἐσίγησα

135 3467 325 3536 μηκέτι
375 3465 555 3535 φωνὴν
592 3463 805 3531 ἀφεῖναι
849 3458 1161 3528 δυνάμενος.
1195 3452 1259 3505 Τί
1291 3451 1348 3505 δὲ
1375 3447 1618 3522 ἔκραξεν,
1651 3445 1686 3516 ἢ

131 3560 224 3630 τὴν
248 3556 572 3628 συγγνώμην
587 3555 684 3624 τῆς
702 3553 974 3623 ἁμαρτίας
1002 3548 1164 3604 αἰτῶν
1184 3565 1198 3612 ;

203 3653 318 3702 Ὀτι
359 3646 581 3717 ἡμέρας
625 3644 724 3697 καί
768 3640 989 3704 νυκτὸς
1029 3639 1320 3704 ἐϐαρύνθη
1366 3636 1458 3688 ἐπ’
1507 3634 1611 3702 ἐμὲ
1647 3631 1686 3697 ἠ

135 3743 254 3811 χείρ
298 3758 437 3796 σου.
483 3737 726 3806 Ἀγαθὸς,
761 3734 944 3804 φησιν,
985 3730 1060 3783 ὢν
1091 3727 1410 3788 ἐπαίδευσας
1450 3721 1689 3792 σφοδρῶς

135 3808 230 3887 διὰ-
245 3832 345 3902 τῆς
373 3828 615 3890 παιδείας
648 3823 986 3894 ἐπιστρέφων
1011 3822 1089 3883 εἰς
1123 3815 1410 3887 σωτηρίαν.
1458 3808 1692 3878 Ἐστρὰ-

136 3943 250 3994 59m-
277 3901 366 3989 είς
388 3918 790 3984 ταλαιπωρίαν
815 3915 884 3967 ὲν
915 3911 993 3977 τῷ
1021 3908 1358 3981 ἐμπαγῆναι
1380 3922 1481 3975 μοι
1506 3901 1689 3956 ἄκαν-

292 3985 566 4065 ’Ᾰκανθαν
589 4006 685 4077 τὴν
711 4003 984 4074 ἁμαρτίαν
1009 3998 1189 4069 φησίν.
1208 3998 1265 4049 '0
1293 3996 1349 4048 δὲ
1373 3993 1494 4056 νοῦς
1514 3985 1685 4055 οὗτος

150 4104 355 4188 Ἐπειδὴ
402 4099 676 4169 ἐνεπὰγη,
707 4095 871 4167 φησὶ,
905 4095 972 4163 τῇ
1021 4090 1166 4161 ψυχῇ
1207 4104 1305 4158 μου
1350 4088 1383 4158 ἡ
1424 4084 1686 4155 ἁμαρτία,

139 4193 474 4265 ἐταλαιπώρη
482 4209 570 4247 σα.

207 4289 322 4356 Τὴν
371 4264 630 4354 ἀνομίαν
668 4298 786 4350 μου
835 4276 1146 4347 ἐγνώρισα.
1191 4271 1295 4324 Τὸν
1350 4269 1546 4339 τρόπον
1595 4264 1691 4333 τῆς

141 4351 566 4449 ἐξομολογήσεως
612 4367 880 4440 σημαίνει.
931 4360 1087 4418 Elates
1142 4356 1512 4426 ἐξαγορεύσω
1564 4351 1688 4404 κατ’

139 4441 270 4539 έρὁ
306 4441 423 4534 τήν
445 4463 719 4531 ἀνομίαν.
747 4460 978 4520 Δίκαιος
1020 4449 1235 4506 ἑαυτοῦ
1267 4445 1592 4513 κατήγορος
1623 4441 1691 4493 ὲν
1723 4466 1767 4522 D
1797 4467 1875 4506 ηιε
1907 4447 2064 4517 .‘njug,

141 4535 517 4630 πρωτολοτίᾳ..
552 4555 657 4608 Καὶ
702 4552 824 4620 λέγε
871 4549 958 4615 σὺ,
992 4545 1145 4616 φησι,
1173 4542 1270 4605 τὰς
1296 4535 1565 4610 ἁμαρτίας
1594 4551 1688 4586 σου

215 4715 380 4812 ’Υπὲρ
411 4741 634 4806 ταύτης
661 4729 1048 4804 προσεύξεται
1076 4724 1224 4793 πρὸς
1256 4720 1330 4773 σὲ
1357 4717 1472 4783 πᾶς
1505 4715 1689 4779 ὅσιος.

155 4837 316 4907 ’Υπὲρ
338 4805 462 4901 ⁷τῆς
511 4830 662 4901 ἐμοὶ,
727 4825 877 4896 φησὶ,
933 4813 1370 4889 συγχωρηθείσης
1426 4805 1694 4877 ἁμαρτίας

145 4931 360 4990 ἕκαστος
403 4924 512 4978 τῶν
551 4921 711 4974 ὁσίων
752 4934 834 4970 σοι
878 4911 1105 4977 εὔξεται.
1144 4906 1246 4959 Δύο
1277 4903 1333 4956 δὲ
1376 4901 1465 4954 διὰ
1493 4897 1696 4952 τούτων

151 5020 408 5089 σημαίνειο
440 5015 474 5085 ἢ
502 5014 583 5067 ὅτι
613 5008 914 5076 ὑπόδειγμα
941 5004 1074 5055 πᾶσι
1103 4994 1383 5068 μετανοίας
1412 4991 1625 5061 ἔσομαι,
1661 4987 1694 5057 ἢ

151 5104 652 5180 προφητικώτερον,
697 5098 784 5152 διὰ
834 5097 895 5148 τὸ
953 5092 1011 5159 ἐξ
1053 5088 1215 5143 αὐτοῦ
1270 5083 1362 5138 τοῦ
1407 5078 1694 5153 προσώπου

152 5169 318 5254 Aonio.
346 5169 536 5251 πάνταί
568 5192 636 5246 τὰ
675 5189 799 5259 ἔθνη
843 5184 981 5239 κατὰ
1019 5179 1239 5250 καιροὺς
1266 5169 1696 5244 ἐξομολογεῖσθαι

154 5294 283 5365 ὑπὲρ
311 5293 407 5362 τῆς
449 5286 721 5360 ἁμαρτίας
764 5279 944 5336 αυτοῦ.
986 5274 1155 5341 Πλὴν
1198 5273 1267 5326 ἐν
1298 5269 1699 5332 κατακλυσμῳ

153 5354 375 5440 ὑδάτων.
396 5354 642 5436 ποάλῶν
685 5375 832 5443 πρὸς
876 5369 1062 5424 αὑτὸν
1095 5367 1203 5419 οὐκ
1240 5358 1563 5432 ἐγτιοῦσιν.
1596 5354 1699 5406 Τὸν

161 5476 528 5548 μετανοοῦντα,
580 5470 746 5541 φησι,
811 5462 1010 5533 πλῆθος
1061 5453 1377 5529 πειρασμῶν
1430 5449 1528 5503 οὒκ
1579 5448 1698 5499 ἐπι-

159 5570 348 5624 κλύσει.

221 5772 261 5804 θ’
287 5765 434 5821 l'rov.
471 5776 625 5827 xvut,
651 5757 736 5812 Π.

1783 518 2028 572 turbatus
2062 521 2144 569 est
2185 514 2240 566 in
2274 513 2354 564 ira
2399 508 2592 563 oculus
2625 521 2812 572 meus,
2861 519 2948 558 me
2993 499 3332 556 macerabant

1781 609 1936 679 quasi
1963 605 2164 677 peccati
2197 603 2300 657 mei
2329 615 2491 656 causa
2525 599 2816 668 proiectus.
2847 593 2954 649 Sed
2982 608 3082 658 ego
3114 590 3332 661 quidem

1782 704 1893 757 haec
1921 698 2163 754 dicebam
2201 714 2216 750 :
2251 704 2306 748 tu
2334 707 2460 747 vero
2508 690 2772 759 benignus
2811 701 2935 742 cum
2966 685 3066 750 sis,
3095 699 3203 738 non
3242 682 3334 734 ab-

1776 791 1953 864 jecisti
1980 787 2242 842 famulum
2267 794 2436 838 tuum.

1848 883 1937 936 24.
1978 879 2194 948 Diligite
2221 875 2523 937 Dominum,
2561 886 2733 924 omnes
2760 867 2927 921 sancti
2962 864 3092 933 ejus.
3119 861 3335 916 Sermo-

1784 989 1904 1030 nem
1947 968 2211 1027 convertit
2237 967 2302 1020 ad
2331 965 2558 1020 aliorum
2588 960 3041 1019 exhortationem,
3079 972 3108 1009 a
3137 953 3336 1023 quibus

1783 1063 2058 1120 beneﬁciis
2090 1069 2174 1115 est
2205 1057 2464 1119 aﬁectus,
2518 1053 2654 1108 alios
2698 1053 2763 1105 ad
2813 1048 3175 1104 conﬁtendum
3209 1059 3336 1098 evo-

1783 1172 1933 1212 cans.
1962 1153 2030 1207 Et
2061 1149 2300 1205 retribuit
2320 1145 2647 1200 abundanter
2680 1139 2993 1211 facientibus
3016 1137 3334 1205 superbiam.

1785 1247 1884 1300 Diu
1908 1243 2124 1312 quidem
2156 1238 2348 1294 tolerat
2371 1233 2635 1287 Dominus
2661 1229 2948 1298 superbos,
2980 1231 3037 1278 at
3064 1221 3339 1277 abundan-

1784 1346 1866 1393 ter
1897 1331 2222 1390 lacientibus
2252 1324 2564 1397 superbiam
2592 1319 2888 1392 promerita
2920 1313 3193 1371 retribuit.

1929 1503 2267 1565 PSALMUS
2297 1503 2399 1574 ipsi
2424 1500 2615 1563 David,
2644 1494 2955 1549 intellectus.
2982 1485 3195 1544 XXXI.

2350 1594 2748 1661 Argumentum.

1302 1709 1524 1782 ροὸαλλό
1531 1725 1685 1780 μενος

1791 1693 2082 1749 ίΕιυωηοε
2126 1697 2180 1744 et
2214 1684 2546 1743 calamitates
2588 1678 2785 1733 multas
2836 1673 2991 1744 queis
3031 1670 3086 1724 in
3131 1666 3337 1739 agenda

2297 1777 2312 1782 -
2604 1780 2611 1782 _
2981 1761 3142 1782 nm”
3212 1761 3305 1782 LM

1854 1783 2168 1857 paenitentia
2192 1777 2507 1850 perfunctus
2537 1780 2619 1827 est
2647 1781 2954 1840 proponens
2979 1761 3166 1821 David,
3211 1761 3339 1812 bea—

1857 1851 1942 1933 ios
1974 1877 2096 1931 illos
2124 1871 2381 1942 praedicat
2415 1866 2507 1935 qui
2541 1880 2634 1935 per
2667 1862 2944 1916 lavacrum
2979 1851 3337 1924 regeneratio-

1855 1973 1940 2027 nis
1982 1969 2194 2023 veniam
2250 1971 2378 2018 sunt
2443 1956 2742 2014 consecuti.
2795 1949 3100 2007 Intellectus
3158 1955 3336 2000 autem

1855 2062 2096 2134 psalmus
2139 2054 2471 2116 inscribitur,
2498 2049 2623 2120 quia
2655 2048 2746 2100 illo
2782 2052 2940 2112 egent
2969 2039 3204 2094 maxime
3236 2038 3338 2090 bo-

1854 2129 2028 2210 inines
2055 2168 2067 2204 :
2097 2165 2221 2204 nam
2247 2148 2374 2201 dum
2400 2143 2679 2198 aﬂcctibus
2711 2137 2830 2207 plus
2854 2149 3007 2202 aequo
3036 2129 3335 2199 indulgent,

1855 2247 2009 2316 equis
2038 2252 2092 2298 et
2119 2239 2281 2295 mulis
2311 2236 2514 2291 similes
2544 2231 2672 2286 facti
2705 2235 2850 2283 sunt.

1857 2314 1921 2393 1.⁷
1970 2335 2122 2391 Beati
2169 2345 2390 2402 quorum
2440 2325 2672 2380 remissi:
2715 2328 2836 2373 sunt
2895 2314 3238 2385 iniquitates,
3289 2318 3337 2363 et

1784 2445 2004 2502 quorum
2032 2435 2164 2480 tecta
2199 2431 2317 2476 sunt
2365 2427 2596 2488 peccata.
2641 2411 2996 2466 Dimittuntur
3029 2404 3340 2473 iniquitates

1786 2540 1880 2594 per
1909 2521 2196 2590 baptisma,
2231 2521 2480 2586 teguntur
2524 2523 2619 2578 per
2650 2517 2892 2560 amaram
2945 2495 3337 2570 pmuitentiam.

1853 2701 1907 2756 2.
1948 2698 2141 2752 Beatus
2185 2694 2261 2748 uir
2309 2691 2394 2746 cui
2434 2705 2538 2742 non
2574 2682 2850 2752 imputavit
2882 2679 3138 2731 Dominus
3162 2689 3342 2745 pecca-

1790 2804 1919 2857 tum,
1960 2805 2050 2845 nec
2084 2796 2160 2841 est
2199 2787 2256 2838 in
2297 2799 2384 2837 ore
2430 2781 2544 2849 ejus
2585 2778 2756 2830 dolus.
2809 2771 2899 2825 Illc
2940 2783 3174 2837 namque
3219 2780 3343 2819 vere

1787 2887 1977 2940 beatus
1999 2881 2089 2950 qui
2118 2885 2231 2933 toto
2257 2875 2422 2931 corde
2452 2869 2658 2925 accedit
2687 2866 2752 2919 ad
2781 2872 3023 2918 sanctum
3052 2859 3339 2926 baptisma.

1790 2975 1944 3049 [Nam
1986 2949 2076 3043 qui
2122 2986 2243 3025 cum
2295 2968 2418 3021 dolo
2488 2962 2810 3032 baptizatur,
2857 2954 3067 3009 veniam
3121 2949 3343 3004 minime

1789 3073 2131 3126 consecutus,
2157 3059 2364 3131 judicio
2407 3068 2622 3125 quoque
2649 3044 3041 3116 damnabitur.]
3070 3042 3224 3109 Quod
3256 3055 3344 3096 se-

1793 3162 1997 3233 quitur,
2026 3155 2302 3227 quoniam,
2330 3163 2451 3204 cum
2491 3146 2593 3199 hac
2619 3155 2770 3204 voce,
2797 3138 3230 3193 inveteraverunt.
3260 3137 3345 3184 est

1793 3247 2244 3308 connectendum,
2276 3250 2336 3296 ut
2379 3237 2645 3294 sententia
2672 3234 2777 3297 sit,
2821 3229 3064 3301 quoniam
3095 3229 3344 3279 inuetera-

1793 3349 1973 3397 uerunt
1994 3353 2111 3391 o~sa
2139 3351 2272 3388 mea.
2299 3330 2436 3384 Dum
2459 3328 2740 3381 clamarem
2767 3333 2878 3377 tota
2905 3321 2988 3374 die
3028 3316 3194 3372 Tacui
3218 3328 3342 3370 cum

1796 3452 1904 3500 non
1953 3444 2166 3502 possem
2202 3425 2435 3494 amplius
2462 3434 2646 3475 vocem
2679 3417 2943 3472 emittere.
2994 3409 3133 3476 Quid
3164 3418 3342 3461 autem

1795 3529 2064 3591 clamavit,
2097 3526 2199 3580 nisi
2228 3523 2441 3577 veniam
2474 3515 2678 3588 peccati
2708 3509 2943 3580 rogans?

1862 3625 1916 3677 ι.
1956 3618 2215 3684 Quoniam
2256 3614 2339 3665 die
2387 3627 2448 3662 ac
2495 3617 2641 3660 nocte
2693 3613 2907 3674 gravata
2958 3606 3033 3652 est
3073 3605 3228 3662 super
3265 3607 3344 3645 me

1794 3731 1978 3772 manus
2007 3723 2116 3764 tua.
2145 3707 2345 3761 Bonus.
2375 3701 2569 3768 inquit,
2600 3711 2722 3751 cum
2751 3695 2852 3755 sis,
2881 3692 2997 3746 dire
3030 3698 3083 3742 et
3108 3687 3344 3756 graviter

1794 3828 1881 3867 me
1910 3799 2205 3872 castigasti.
2237 3805 2296 3850 ut
2336 3793 2401 3848 ad
2439 3791 2665 3846 salutem
2709 3784 3024 3840 adduceres.
3058 3777 3343 3831 Conversus

1795 3917 1909 3959 sum
1939 3900 1992 3963 in
2020 3870 2255 3951 aerumna
2285 3888 2410 3940 dum
2435 3880 2714 3951 conﬁgitur
2738 3876 2909 3945 spina.
2937 3870 3158 3940 Spinam
3189 3875 3346 3920 vocat

1793 3961 2095 4065 peceatum.
2146 3982 2270 4036 Haec
2315 3985 2396 4033 est
2451 3982 2630 4030 autem
2676 3965 2942 4025 sententia
2993 3981 3007 4017 :
3053 3959 3342 4028 Postquam

1793 4086 2066 4142 coullxum
2105 4083 2188 4132 est
2229 4072 2423 4127 anima
2462 4079 2596 4122 mea:
2640 4067 2943 4132 peccatum,
2988 4056 3042 4109 in
3088 4048 3346 4109 arumnis

1793 4183 2038 4234 versatus
2063 4183 2205 4224 sum.

1864 4229 2218 4322 Detictum
2267 4266 2436 4306 meum
2489 4242 2752 4315 cognitum
2801 4237 2896 4291 tibi
2948 4234 3069 4304 feci.
3126 4229 3342 4285 Modum

1794 4352 2153 4416 confessionis
2195 4343 2480 4417 signiﬁcat.
2524 4335 2686 4390 Dixi:
2729 4327 3028 4399 Conﬁtebor
3071 4324 3346 4378 adversum

2078 4441 2241 4493 ‘tiam.
2267 4435 2454 4489 Justus
2480 4431 2534 4484 in
2560 4424 2818 4498 principio
2847 4417 3099 4474 sermonis
3129 4429 3342 4467 accusa-

1794 4555 1876 4599 tor
1904 4513 1979 4594 αι
2013 4536 2093 4590 sui
2119 4533 2182 4598 ⁸⁸,
2211 4538 2266 4584 tu
2290 4527 2458 4596 prior,
2482 4519 2694 4590 inquit,
2717 4519 2966 4570 enarrata
2995 4514 3209 4579 peccata
3234 4513 3345 4557 tua.

1861 4691 1913 4746 6.
1961 4686 2065 4740 Pro
2091 4684 2188 4737 hac
2215 4679 2382 4734 orabit
2417 4676 2484 4728 ad
2519 4683 2567 4727 te
2591 4668 2757 4724 omnis
2787 4675 3022 4720 sanctus.
3063 4660 3170 4716 Pro
3193 4657 3346 4713 venia

1793 4779 2020 4855 peccati,
2051 4774 2247 4845 inquit,
2269 4768 2403 4824 mihi
2429 4776 2709 4825 concessa,
2740 4757 2920 4814 omnis
2949 4763 3171 4809 sanctus
3204 4750 3268 4805 ad
3297 4759 3350 4804 te

1795 4842 1991 4931 orabit.
2061 4842 2178 4921 Duo
2227 4871 2406 4918 autem
2458 4858 2606 4912 hisce
2648 4852 2828 4908 verbis
2885 4847 3153 4918 signiﬁcat
3204 4862 3217 4897 :
3265 4842 3346 4895 vel

1795 4960 2049 5019 omnibus
2069 4951 2396 5027 paenitentia:
2410 4945 2682 5015 exemplar
2704 4957 2834 5007 ero;
2854 4939 2937 4994 vel
2962 4936 3106 5007 quod
3133 4933 3200 4989 ad
3225 4947 3351 5003 pro-

1797 5053 1992 5127 phetiae
2019 5049 2284 5105 rationem
2326 5040 2500 5110 magis
2524 5036 2751 5100 accedit,
2779 5032 2906 5103 quia
2935 5029 3178 5084 futurum
3208 5035 3351 5080 esset

1798 5121 1854 5205 ut
1884 5163 1951 5203 ex
1983 5157 2210 5216 persona
2236 5133 2600 5208 ipsiusDavid
2631 5143 2820 5185 omnes
2842 5137 3032 5195 gentes
3064 5121 3180 5179 suis
3221 5129 3352 5174 tem-

1797 5209 2018 5312 poribus
2059 5233 2442 5290 conﬁterentur
2488 5239 2586 5297 pro
2631 5227 2853 5293 peccato
2897 5215 3068 5298 eiusa
3101 5209 3350 5281 (Scilicet

1798 5300 1932 5389 nunc
1976 5327 2242 5385 recitando
2290 5318 2606 5393 psalmum.)
2660 5313 3020 5368 Verumtamen
3067 5306 3122 5359 in
3155 5300 3353 5357 diluvio

1799 5439 2057 5497 aquarum
2122 5421 2411 5474 multarum
2460 5411 2528 5466 ad
2569 5424 2687 5463 eum
2739 5419 2841 5459 non
2893 5393 3348 5468 approaimabunt.

1797 5489 2179 5574 Pienitantiam
2213 5514 2492 5578 agentem,
2539 5499 2749 5573 inquit,
2779 5489 3068 5550 multitudo
3099 5491 3349 5542 tentato-

1802 5627 1928 5669 num
1964 5624 2070 5665 non
2105 5606 2313 5661 obruet.
