4102 6312
741 356 842 410 163

1575 355 1632 410 S.
1676 354 2039 409 ATIIANASII
2087 354 2234 410 UPP.
2279 350 2454 407 PARS
2491 351 2576 407 Ill.
2617 380 2680 392 —
2721 352 3126 409 EXEGETICA.

3853 358 3952 413 164

811 470 860 522 7.
889 467 963 521 Tu
996 484 1046 521 es
1071 469 1324 537 refugium
1356 484 1545 532 meum,
1569 478 1672 522 etc.
1701 469 1834 521 Cum
1869 469 1956 521 illa
1990 469 2054 522 de
2080 477 2298 536 peccato

2470 468 2552 518 Σύ
2591 483 2708 535 μου
2754 465 3082 534 καταφυγή.
3132 467 3340 520 Ἐκεῖνα
3386 468 3511 540 περὶ
3552 470 3650 540 τῆς
3684 471 3953 543 ἁμαρτιας

738 560 983 622 dixisset,
1019 569 1173 628 rogat
1209 575 1236 612 a
1284 559 1440 613 tnalis
1481 573 1577 627 per
1617 574 1734 611 eam
1784 558 2007 612 invectis
2037 559 2190 626 eripi.
2235 557 2298 612 Et

738 665 868 704 vero
911 651 1142 718 gratiosa
1183 649 1342 702 datur
1388 648 1666 717 responsio
1711 667 1722 700 :
1775 649 1847 700 ait
1896 650 2036 700 enim
2086 649 2158 700 illi
2208 648 2298 701 be.-

740 743 936 812 nignus
971 740 1228 794 Dominus
1254 759 1266 793 :
1296 739 1624 792 Intellectum
1661 739 1757 792 tibi
1787 741 1942 803 dabo,
1965 752 2008 791 et
2043 742 2296 792 instruant

743 843 790 886 te
823 834 874 886 in
909 835 992 888 ria
1025 834 1142 886 hac.
1191 832 1395 885 Pctenti
1427 833 1793 886 liberationem
1840 833 1906 885 ab
1943 833 2174 886 inimicis
2215 847 2296 883 re-

742 926 967 992 Spontlet
996 923 1156 987 Deus,
1191 925 1508 992 promittens
1536 939 1593 977 sc
1635 924 1707 975 illi
1737 923 1788 974 in
1821 923 1900 973 via
1939 932 2080 974 recta
2108 923 2295 976 ducem

744 1015 1004 1068 futurum.

811 1103 863 1156 9.
907 1103 1084 1157 Nolite
1113 1104 1229 1171 ﬁeri
1253 1104 1388 1155 sicut
1413 1119 1572 1171 equus
1607 1110 1654 1154 et
1681 1101 1872 1164 mulus,
1899 1101 2080 1169 quibus
2105 1117 2202 1154 non
2223 1111 2296 1154 est

740 1195 1053 1248 intellectus.
1104 1193 1358 1248 Hortatur
1403 1204 1713 1262 peccantes,
1762 1208 1825 1244 ne
1871 1210 1926 1246 se
1966 1193 2202 1248 ell'eratis
2246 1200 2299 1245 et

741 1283 994 1336 bclluinis
1035 1283 1276 1335 moribus
1320 1282 1535 1334 dedant.
1576 1280 1640 1333 In
1673 1299 1818 1334 canto
1850 1291 1896 1335 et
1931 1283 2076 1350 freno
2108 1281 2299 1334 maxil-

743 1374 823 1426 las
883 1391 1059 1428 eorum
1114 1377 1455 1444 constringes.
1513 1375 1622 1427 Ceu
1674 1376 1736 1426 ad
1787 1375 2071 1428 Dominum
2123 1388 2300 1428 sermo

743 1462 1008 1532 dirigitur.
1071 1464 1388 1533 llujnsmodi
1449 1474 1624 1518 autem
1692 1467 1953 1518 sententia
2007 1473 2088 1518 est
2134 1483 2145 1516 :
2197 1463 2299 1518 Eos

743 1555 834 1623 qui
881 1558 1140 1624 ptenitere
1189 1557 1495 1622 noluerint,
1547 1573 1642 1610 ceu
1690 1557 1922 1625 quodam
1958 1556 2107 1611 freno
2145 1556 2210 1609 ad
2251 1563 2300 1609 te

744 1659 1016 1702 converte.

745 1734 1082 1791 PSALJIUS
1123 1737 1319 1802 David,
1352 1740 1442 1808 qui
1483 1748 1623 1790 caret
1666 1739 1818 1790 titulo
1851 1739 1989 1806 apud
2033 1736 2296 1791 Hebraeos.

1401 1827 1649 1880 XXXII.

1326 1919 1724 1987 Argumentum.

745 2006 800 2059 In
838 2009 1086 2076 prmsenti
1137 2008 1293 2062 docet
1339 2023 1434 2062 eos
1465 2009 1556 2076 qni
1596 2010 1706 2077 jam
1743 2008 1795 2060 in
1823 2009 2096 2062 Christum
2127 2009 2300 2062 credi-

815 2098 1008 2152 derunt
1052 2099 1267 2152 laudare
1317 2097 1603 2151 Dominum
1647 2114 1836 2158 suum,
1869 2111 2300 2153 commonsu'ans

819 2199 1073 2256 pra-terea
1126 2189 1408 2258 potestatis
1442 2204 1553 2241 suae
1602 2188 2004 2253 excellentiam;
2047 2189 2301 2256 quoniam

816 2281 929 2348 ipse
970 2279 1274 2346 redemptor
1315 2289 1397 2331 est
1428 2278 1800 2330 universorum
1829 2319 1843 2341 ,
1879 2277 1991 2346 ipse
2023 2277 2300 2338 Dominus,

819 2371 933 2438 ipse
984 2370 1260 2438 improbos
1310 2369 1462 2423 nihili
1509 2369 1670 2433 facit,
1705 2384 2000 2438 eorumque
2039 2369 2304 2422 disturbat

813 2461 1073 2525 consilia;
1099 2469 1374 2529 sperantes
1411 2469 1588 2512 autem
1626 2460 1680 2512 in
1711 2475 1769 2512 se
1801 2459 1978 2513 salvos
2015 2457 2161 2515 facit.

820 2551 870 2604 1.
914 2550 1194 2604 Exsultate
1217 2589 1230 2614 ,
1256 2551 1426 2620 justi,
1452 2553 1507 2604 in
1532 2550 1826 2604 Domino...
1859 2552 1914 2603 in
1939 2552 2188 2618 psalterio
2215 2551 2305 2605 de-

747 2658 856 2695 cem
880 2643 1196 2696 chordarum
1233 2642 1441 2712 psallite
1470 2643 1567 2695 illi.
1595 2641 1914 2697 Psalterium
1939 2643 2120 2697 decem
2147 2643 2306 2696 chor-

748 2737 945 2793 darum
996 2751 1196 2804 corpus
1240 2743 1396 2789 vocat
1441 2753 1455 2788 :
1511 2736 1708 2804 quippe
1759 2735 1902 2804 quod
1949 2735 2186 2804 quinque
2237 2734 2307 2788 sit

749 2826 1000 2881 sensibus
1044 2827 1363 2895 praeditum,
1398 2835 1450 2880 et
1494 2827 1640 2895 quod
1675 2827 1917 2894 quinque
1965 2827 2305 2894 operationes

749 2917 928 2971 anima
959 2918 1171 2977 habeat,
1203 2933 1297 2985 per
1324 2917 1564 2987 singulos
1594 2932 1827 2986 namque
1857 2932 2052 2973 sensus
2083 2917 2307 2989 singqu

750 3007 1092 3076 operationes
1123 3008 1451 3062 excitantur.

820 3099 873 3153 3.
911 3095 1131 3152 Cantate
1160 3099 1208 3152 ei
1235 3100 1496 3152 canticum
1523 3116 1729 3153 novum.
1755 3099 1950 3170 Aperte
1977 3099 2108 3154 dicit
2136 3099 2304 3168 legem

751 3188 915 3245 Mosis
948 3190 1105 3243 liuent
1132 3191 1425 3260 accepisse.

821 3278 876 3334 4.
919 3280 1056 3344 Quia
1083 3293 1278 3332 rectum
1307 3289 1383 3332 est
1407 3278 1618 3332 verbum
1648 3278 1880 3333 Domini.
1928 3279 2305 3351 Evangelicum

753 3370 1018 3424 videlicet.
1066 3373 1134 3424 Et
1162 3371 1335 3423 omnia
1365 3388 1520 3440 opera
1564 3371 1676 3441 ejus
1705 3372 1759 3424 in
1785 3373 1907 3440 ﬁde.
1943 3372 2305 3437 Credendum,

752 3459 948 3530 inquit,
988 3459 1056 3514 iis
1083 3474 1204 3529 qua:
1231 3460 1340 3524 ille,
1377 3471 1435 3515 ut
1450 3460 1616 3516 Deum
1645 3460 1892 3526 decebat,
1924 3471 2186 3530 operatus
2201 3474 2304 3518 est.

819 3639 872 3694 5.
915 3637 1101 3708 Diligit
1160 3639 1569 3693 misericordiam
1631 3649 1680 3694 et
1721 3640 1988 3711 judicium
2030 3641 2305 3697 Dominus.

752 3729 896 3794 "ac,
928 3731 1102 3801 inquit
1126 3771 1141 3793 ,
1177 3732 1411 3799 postulat
1449 3733 1516 3787 ab
1546 3733 1612 3788 iis
1638 3735 1731 3804 qui
1764 3735 1992 3790 credunt
2021 3736 2076 3789 in
2107 3736 2304 3805 ipsum.

753 3823 1121 3877 Nisericordia
1149 3823 1362 3878 Domini
1393 3825 1548 3894 plena
1578 3835 1654 3880 est
1692 3836 1854 3880 terra.
1890 3825 2186 3883 Ostendere
2221 3829 2307 3882 in-

748 3917 879 3984 cipit
902 3917 1077 3984 ipsum
1102 3931 1280 3970 rerum
1307 3919 1553 3972 omnium
1576 3927 1881 3974 creatarum
1905 3919 2148 3990 opificem
2165 3934 2306 3984 esse,

749 4015 804 4062 et
843 4007 1057 4076 quidem
1106 4008 1340 4077 primum
1388 4017 1545 4063 terras
1585 4023 1745 4077 quam
1797 4008 2165 4065 misericordia
2219 4025 2307 4064 re-

749 4097 926 4168 plesse
955 4096 1030 4150 ait
1070 4111 1084 4148 :
1134 4112 1308 4167 neque
1352 4099 1494 4153 enim
1541 4099 1675 4154 alias
1725 4100 2076 4166 consisteret,
2107 4099 2211 4154 nisi
2244 4113 2306 4153 ea

750 4189 951 4256 repleta
981 4197 1144 4244 esset.
1179 4188 1245 4243 Et
1287 4204 1418 4244 sane
1459 4204 1634 4260 neque
1667 4189 1792 4244 caeli
1838 4205 2075 4259 unquam
2105 4191 2310 4244 consti-

750 4281 944 4335 tissent
965 4321 980 4347 ,
1007 4280 1112 4335 nisi
1141 4281 1304 4336 verbo
1331 4281 1449 4352 ejus
1478 4281 1677 4335 llrmati
1716 4281 1975 4348 fuissent,
2017 4281 2308 4351 itidemque

747 4369 976 4424 virtutes
999 4383 1184 4425 eorum
1204 4408 1220 4434 ,
1255 4384 1446 4439 nempe
1474 4369 1670 4425 divina:
1700 4379 1753 4425 et
1783 4370 2149 4425 rationabiles.

817 4541 1028 4612 [Diligit
1078 4543 1259 4613 itaque
1309 4541 1734 4598 misericordiam
1770 4555 1896 4612 erga
1944 4540 2298 4611 pmnitentcs;

747 4633 920 4704 diligit
947 4633 1210 4704 judicium
1244 4649 1430 4688 eorum
1473 4634 1567 4703 qui
1608 4648 1834 4704 peccare
1864 4648 1970 4688 non
2011 4633 2298 4688 desistunt.

750 4722 879 4778 Tale
911 4725 1182 4794 quidpiam
1215 4723 1380 4779 Isaias
1404 4723 1513 4780 Deo
1541 4725 1801 4794 loquitur,
1836 4723 1977 4789 Quia
2006 4725 2302 4777 misericor-

746 4815 840 4868 dia
865 4824 956 4866 tua
982 4816 1036 4867 in
1058 4831 1356 4869 mensuram
1382 4815 1424 4848 ⁶⁹
1452 4833 1464 4868 :
1498 4815 1766 4886 siquidem
1803 4816 1918 4885 ipse
1943 4829 2066 4869 cum
2097 4814 2301 4884 judicio

746 4905 1172 4960 misericordiam
1219 4913 1473 4976 prtestat,
1525 4907 1579 4960 in
1612 4908 1850 4976 pondere
1874 4914 1928 4960 et
1954 4921 2180 4961 numero
2216 4921 2300 4960 re-

747 4996 988 5051 tribuens
1016 5012 1114 5066 pro
1141 4997 1406 5067 cujusque
1433 4997 1673 5070 merito.]

813 5089 865 5142 6.
919 5090 1081 5144 Verba
1107 5091 1318 5144 Domini
1341 5092 1454 5144 caeli
1486 5093 1686 5161 ﬁrmati
1716 5103 1854 5147 sunt.
1884 5091 1949 5147 Et
1977 5093 2064 5148 hic
2084 5109 2300 5164 quoque

745 5196 930 5239 sancta
956 5185 1192 5241 Trinitas
1215 5187 1544 5242 declaratur.
1566 5187 1634 5241 Et
1658 5189 1845 5257 spiritu
1872 5189 1976 5242 oris
1997 5187 2108 5257 ejus
2130 5190 2297 5241 omnis

743 5276 908 5329 rirtus
954 5293 1154 5330 eorum.
1197 5279 1270 5333 Us
1311 5276 1405 5333 Dei
1444 5277 1701 5348 Spiritum
1737 5289 1984 5334 sanctum
2015 5281 2145 5335 dicit
2176 5299 2189 5334 :
2221 5281 2292 5333 si-

742 5369 960 5437 quidem
993 5370 1262 5438 propheta:
1306 5385 1428 5423 cum
1461 5385 1526 5425 eo
1572 5371 1784 5425 amante
1813 5372 2182 5442 loquerentur,
2217 5373 2300 5426 di-

741 5459 1021 5525 rebant",
1048 5461 1293 5528 quoniam
1327 5477 1383 5512 os
1421 5461 1629 5514 Domini
1663 5464 1771 5518 lucc
1795 5464 2024 5516 locutum
2056 5474 2152 5518 est.

811 5632 860 5686 7.
903 5634 1232 5707 Congregans
1261 5641 1394 5694 sicut
1429 5643 1479 5696 in
1509 5655 1620 5698 utre
1656 5661 1821 5714 aquas
1847 5647 2030 5701 maris.
2059 5646 2296 5717 Congre-

810 5747 854 5778 ⁶⁹
882 5745 982 5806 lsa.
1017 5766 1206 5818 sxvnt,
1245 5753 1328 5807 l7.
1409 5756 1450 5787 ⁷⁸
1485 5754 1588 5811 lsa.
1624 5773 1661 5826 ι,
1684 5758 1774 5816 ‘20.

2397 555 2666 625 εἰρηκὼς,
2715 557 2942 609 ἱκετεύει
2999 557 3104 608 τῶν
3160 557 3248 610 διὰ
3302 559 3504 630 ταύτην
3562 563 3954 633 ἐπενεχθέντων

2401 644 2774 712 ἀπαλλαγῆναι
2823 645 3027 699 κακῶν.
3064 647 3168 698 Καὶ
3206 647 3382 715 μέντοι
3421 650 3513 700 καὶ
3556 651 3812 719 τυγχάνει
3857 653 3953 720 τῆς

2397 735 2766 803 ἀ.τοκρίσεως’
2805 735 2948 802 λέγει
3002 736 3108 805 γὰρ
3177 736 3312 806 πρὸς
3367 738 3526 790 αὑτὸν
3581 740 3954 812 φιλάνθρωπος

2399 824 2598 892 Κύριος
2621 841 2631 852 ·
2669 825 2921 877 Συνετιώ
2947 841 3018 879 σε
3071 826 3162 878 καὶ
3199 827 3458 895 σιιμὸιϐὡ
3487 845 3561 882 σε
3585 831 3655 883 ἐν
3682 831 3799 898 ὀδῷ
3825 837 3956 886 ταύ-

2397 930 2489 980 τῃ.
2518 914 2810 983 Εύξαμένῳ
2834 914 3100 984 λύτρωσιν
3128 915 3333 985 ἐχθρῶν
3359 917 3772 984 ἀντιφθέγγεται
3803 919 3951 982 Θεὸς,

2397 1004 2674 1074 ὁδηγήσειν
2703 1005 3158 1075 ἐπαγγελλόμενος
3183 1008 3240 1057 ἐν
3271 1006 3450 1076 εύθείᾳ
3487 1007 3606 1076 ὀδῷ.

2468 1095 2564 1162 Μὴ
2608 1097 2876 1163 τίνεσθαι
2918 1098 2997 1162 ὠς
3044 1098 3226 1162 ἵππος
3267 1098 3362 1150 καὶ
3404 1099 3683 1166 ⁴ἡμίονος,
3713 1095 3805 1164 οἷς
3853 1102 3956 1156 οὐκ

2400 1187 2529 1241 ἔστι
2575 1189 2846 1253 σύνεσις.
2891 1190 3200 1258 Εῐσηγεῖται
3249 1193 3361 1252 τοῖς
3411 1191 3812 1260 ἁμαρτάνουσι.
3852 1197 3958 1256 τοῖς

2402 1276 2614 1340 ἀλόγοις
2651 1278 2725 1348 μὴ
2766 1277 3023 1329 ἐκδιδόναι
3061 1279 3252 1342 αὐτοὺς
3280 1279 3493 1333 πάθεσι.
3540 1281 3634 1332 Ἐν
3665 1280 3833 1350 κημῷ
3866 1284 3955 1335 καὶ

2400 1364 2626 1434 χαλινῷ
2658 1365 2762 1430 τὰς
2787 1368 3072 1434 σιαγόνας
3098 1365 3294 1420 αὐτῶν
3323 1367 3542 1435 ἇγξεις.
3583 1369 3667 1431 Ὠς
3697 1370 3836 1440 πρὸς
3874 1371 3959 1422 τὸν

2401 1456 2602 1527 Κύριον
2625 1458 2652 1507 ὁ
2684 1455 2855 1524 λόγος.
2892 1458 2956 1509 Ὃ
2989 1457 3044 1509 δέ
3077 1457 3242 1525 λέγει,
3280 1458 3512 1512 τοιοῦτόν
3550 1461 3685 1512 ἐστι’
3710 1460 3851 1523 Τοὺς
3892 1460 3959 1529 μὴ

2404 1546 2752 1616 βουλομένους
2798 1552 3074 1618 μετανοεῖν
3120 1544 3207 1603 οἷά
3255 1567 3358 1602 τινι
3401 1550 3598 1620 χαλινῷ
3639 1553 3961 1624 ἐπίστρεψον

2403 1639 2535 1710 πρὸς
2566 1640 2772 1693 ἑαυτόν.

2556 1729 2859 1784 ΨΑΛΜΟΣ
2903 1730 2982 1795 τῷ
3023 1731 3200 1785 Δαυῖό
3239 1733 3638 1802 ἀνεπίγραφος
3687 1737 3825 1803 παρ’

2950 1823 3252 1889 Ἑϐραίοις.
3295 1827 3424 1878 AB'.

3019 1914 3343 1980 Ὺπόθεσις.

2414 2003 2498 2055 Ἐν
2527 2002 2698 2072 τούτῳ
2729 2003 2964 2056 διδάσκει
3001 2005 3126 2067 τοὺς
3168 2005 3265 2075 ἤδη
3302 2006 3692 2072 πιστεύσαντας
3725 2011 3806 2072 εἰς
3832 2009 3964 2078 Χρι-

2473 2094 2614 2156 στὸν,
2641 2096 2806 2146 αἰνεῖν
2831 2095 2918 2146 τὸν
2945 2096 3146 2148 ἑαυτῶν
3175 2098 3748 2168 Δεσπότην,διδάσκων
3774 2100 3967 2161 αὐτοὺς

2477 2189 2592 2256 ἅμα
2623 2190 2721 2257 τῆς
2753 2186 3032 2256 δυνάμεως
3061 2187 3222 2240 αὑτοῦ
3247 2190 3344 2260 τὴν
3380 2191 3665 2263 ὑπεροχὴν,
3700 2193 3782 2245 ὅτι
3810 2192 3969 2254 αὐτὸς

2475 2277 2672 2348 ρύστης
2701 2276 2807 2329 τῶν
2851 2276 3006 2342 ὅλων,
3043 2277 3206 2341 αὐτὸς
3241 2281 3466 2350 Κύριος,
3501 2283 3660 2346 αὐτὸς
3699 2284 3825 2348 τοὺς
3875 2282 3968 2353 μὲν

2473 2369 2739 2438 πονηροὺς
2765 2368 3050 2434 ἐξουθενεῖ,
3082 2369 3174 2421 καὶ
3204 2370 3640 2428 διασκεδάννυσιν
3665 2374 3849 2429 αὐτῶν
3877 2374 3972 2436 τὰς

2478 2458 2690 2527 βουλὰς,
2723 2459 2850 2521 τοὺς
2881 2459 2934 2511 δὲ
2963 2459 3278 2524 ἐλπίζοντας
3311 2465 3396 2516 ἐπ’
3423 2465 3582 2518 αὐτὸν
3607 2464 3790 2530 σώζει.

2488 2549 2901 2618 Ἀγαλλιᾶσθε,
2933 2549 3179 2615 δίκαιοι,
3210 2553 3278 2606 ἐν
3305 2557 3500 2624 Κιιρίῳ
3545 2596 3558 2609 .
3605 2598 3618 2610 .
3663 2596 3677 2609 .
3723 2598 3737 2611 .
3786 2597 3802 2612 .
3851 2596 3865 2610 .
3907 2558 3976 2610 ἐν

2403 2640 2710 2708 ψαλτηρΐῳ
2751 2637 3089 2706 δεκαχόρδῳ
3131 2641 3365 2708 vita“
3408 2644 3588 2710 αὐτῷ.
3638 2647 3976 2720 Δεκάχορδον

2401 2733 2696 2803 ψαλτήριον
2717 2730 2778 2782 τὸ
2802 2728 2960 2800 σῶμά
2992 2746 3175 2800 φησιν,
3203 2733 3298 2784 ἇτε
3329 2733 3487 2786 πέντε
3517 2734 3795 2806 αἰσθήσεις
3830 2737 3975 2807 ἕχον.

2405 2827 2498 2878 καὶ
2533 2826 2689 2878 πέντε
2737 2823 3012 2894 ἐνεργείας
3045 2824 3241 2893 ψυχῆς,
3280 2825 3348 2879 δι’
3396 2827 3630 2899 ἑκάστης
3663 2829 3976 2899 αἰσθήσεως

2404 2917 2688 2987 γινομένης
2715 2918 2991 2988 ἐνεργείας
3020 2919 3276 2990 ἐκάστης.

2478 3096 2696 3163 ἰᾼσατε
2724 3093 2882 3160 αὑτῷ
2908 3089 3072 3164 ᾆσμα
3108 3100 3336 3150 καινόν.
3365 3097 3556 3166 Σαφῶς
3587 3097 3676 3152 τὸν
3710 3099 3800 3152 διὰ
3848 3101 3982 3153 Μω-

2409 3186 2544 3248 σέως
2573 3187 2731 3256 νόμον
2760 3186 2909 3250 τέλος
2941 3188 3229 3258 ἐσχηκέναι
3261 3189 3444 3259 φησίν.

2479 3277 2597 3330 Ὅτι
2625 3276 2804 3342 εὐθὺς
2829 3279 2862 3330 ό
2883 3278 3066 3346 λόγος
3096 3277 3201 3330 τοῦ
3233 3278 3474 3344 Κυρίου.
3516 3277 3572 3331 '0
3624 3279 3986 3348 εἰαγγελικδς

2404 3366 2660 3436 δηλονότι.
2686 3368 2792 3421 Καὶ
2828 3366 3021 3420 πάντα
3048 3367 3120 3420 τὰ
3151 3367 3294 3437 ἔργα
3327 3369 3511 3424 αὑτοῦ
3537 3370 3606 3422 ἐν
3632 3372 3865 3425 πίστει.
3897 3372 3983 3424 Πι-

2409 3458 2614 3510 στεύειν
2641 3457 2739 3523 δεῖ,
2770 3459 2921 3526 φησὶ,
2945 3460 3056 3520 τοῖς
3084 3457 3148 3510 δι’
3180 3458 3341 3511 αὑτοῦ
3375 3458 3690 3530 θεοπρεπῶς
3723 3463 3988 3533 ἐνεργου-

2411 3547 2609 3618 μένοις.

2491 3637 2702 3709 Ἁγαπᾷ
2754 3639 3172 3709 ἐλεημοσύνην
3235 3641 3334 3694 καὶ
3389 3643 3590 3711 κρίσιν
3644 3648 3678 3698 ό
3736 3649 3988 3716 Κύριος.

2407 3730 2611 3796 Ταῦτα,
2643 3733 2828 3802 φησὶν,
2861 3733 3081 3787 ἀπαιτεῖ
3122 3735 3248 3799 τοὺς
3281 3737 3360 3798 είς
3401 3737 3561 3790 αὐτὸν
3594 3741 3988 3805 πιστεύοντας.

2413 3821 2520 3875 Τοῦ
2567 3819 2776 3886 ἐλέους
2817 3823 3036 3889 Κυρίου
3071 3825 3306 3892 πλήρης
3351 3827 3390 3892 ἠ
3435 3825 3532 3896 τῆ.
3575 3829 3847 3898 ’Δρχεται
3894 3831 3990 3885 τοῦ

2408 3909 2501 3961 καὶ
2533 3909 2760 3979 ποιητὴν
2804 3908 2933 3963 ὂντα
2963 3910 3122 3964 αὐτὸν
3153 3912 3253 3982 τῆς
3299 3914 3480 3984 πάσης
3509 3915 3741 3981 κτίσεως
3767 3918 3992 3974 δεικνύ⁹

2407 4017 2514 4064 ναι,
2561 3999 2654 4054 καὶ
2702 4001 2808 4070 πρό
2850 4019 2912 4070 γε
2951 4003 3046 4074 τῆς
3080 4004 3182 4075 γῆς
3214 4005 3280 4076 ἢν
3328 4005 3421 4059 καὶ
3465 4006 3646 4071 ἐλέους
3687 4010 3992 4082 πληρῶσαι

2407 4109 2589 4162 φησιν’
2616 4092 2709 4146 καὶ
2734 4093 2834 4146 οὐκ
2863 4093 2929 4148 ἂν
2954 4095 3125 4159 ἄλλως
3152 4099 3535 4170 συνεστηκέναι
3567 4101 3641 4171 μὴ
3663 4101 3869 4158 τούτου
3901 4105 3993 4170 γέο

2409 4200 2603 4252 μουσα.
2655 4183 2870 4253 Ἀμέλει
2911 4185 3004 4238 καὶ
3047 4187 3097 4238 ol
3140 4187 3357 4258 οὐρανοὶ
3398 4189 3498 4242 οὐκ
3542 4191 3607 4244 ἄν
3653 4209 3792 4246 ποτε
3865 4213 3992 4250 συν-

2405 4273 2656 4344 έστησαν.
2687 4275 2734 4326 ει
2763 4275 2836 4345 μὴ
2867 4274 2940 4345 τῷ
2967 4275 3109 4348 λόγῳ
3137 4277 3299 4331 αὑτοῦ
3327 4278 3727 4351 διεκρατοῦντο,
3751 4287 3858 4340 καὶ
3886 4288 3995 4358 μὴν

2407 4365 2497 4416 καὶ
2527 4366 2582 4416 at
2612 4365 2864 4436 δυνάμεις
2896 4366 3104 4433 αὐτῶν,
3146 4369 3421 4422 τουτέστιν
3453 4372 3509 4423 αἱ
3556 4372 3698 4426 θεῖαι
3750 4376 3860 4429 καὶ
3907 4376 3995 4428 λο-

2332 4484 2378 4539 D
2405 4457 2576 4522 γικαί.

2476 4547 2724 4620 [Ἃγαπᾷ
2755 4544 2846 4602 οὖν
2871 4549 3237 4622 ἐλεημοσύνην
3279 4551 3370 4603 ἐπὶ
3405 4550 3514 4605 τῶν
3543 4555 3992 4622 μετανοούντων

2401 4638 2587 4707 ἀγαπᾷ
2617 4637 2673 4689 δὲ
2703 4637 2879 4707 κρίσιν
2911 4640 3004 4691 ἐπὶ
3029 4639 3136 4692 τῶν
3164 4639 3474 4694 ἀνενδότων.
3505 4641 3768 4698 Τοιοῦτον
3803 4647 3868 4700 δὲ
3901 4648 4000 4701 καὶ

2399 4729 2427 4779 ὁ
2463 4727 2687 4790 Ἡσαΐας
2717 4726 2861 4796 λέγει
2903 4727 2979 4798 τῷ
3019 4728 3166 4800 Θεῷ·
3197 4731 3316 4783 Ὅτι
3351 4733 3388 4799 ἡ
3422 4733 3821 4804 ἐλεημοσύνη
3874 4754 3998 4794 σου

2398 4819 2483 4882 εις
2533 4819 2832 4886 σταθμόν-θ
2869 4820 2960 4872 καὶ
3005 4820 3112 4893 γὰρ
3153 4821 3400 4885 κάκεῖνος
3435 4822 3533 4894 τὴν
3566 4825 3707 4894 μετὰ
3740 4830 4000 4899 κρίσεως

2400 4908 2762 4978 ἐλεημοσύνην
2790 4909 3104 4982 παρίστησι,
3138 4912 3286 4984 ζυγῷ
3315 4914 3408 4966 καὶ
3443 4913 3663 4987 ἀριθμῷ
3697 4920 3865 4974 κατά
3896 4924 4000 4993 τὴν

2399 4999 2626 5053 ἐκάστου
2660 4999 2814 5064 ἀξίαν
2843 5001 3373 5075 ἀντιμετρούμενος.]

2475 5092 2556 5158 Τῷ
2610 5094 2769 5162 λόγῳ
2823 5094 3043 5161 Κυρίου
3095 5097 3147 5146 οι
3197 5097 3435 5164 οὐρανοὶ
3493 5095 3999 5168 ἐστερεώθησαν.

2397 5184 2635 5256 Δήλωσις
2663 5184 2937 5238 κάνταῦθα
2958 5187 3056 5257 τῆς
3087 5187 3247 5255 ἁγίας
3276 5188 3524 5257 Τριάδος.
3553 5191 3662 5243 Καὶ
3691 5191 3787 5256 τῷ
3818 5199 4005 5251 πνεῖ.-

2391 5290 2532 5342 pars
2572 5275 2677 5327 τοῦ
2724 5275 3017 5341 στόματος
3065 5275 3250 5328 αὐτοῦ
3297 5274 3466 5330 πᾶσα
3503 5275 3541 5342 ἠ
3576 5275 3856 5349 δύναμις
3887 5286 4005 5338 αὺ-

2397 5361 2532 5416 τῶν.
2566 5363 2744 5434 Στόμα
2779 5363 2912 5416 Θεοῦ
2947 5364 3005 5416 τὸ
3034 5363 3254 5435 Πνεῦμα
3297 5364 3358 5418 τὸ
3390 5367 3542 5434 ἀγιον
3582 5367 3764 5437 λέγει*
3805 5377 3863 5428 οἳ
3891 5376 4004 5446 γὰρ

2398 5455 2671 5525 προφῆται
2695 5456 2761 5507 δι’
2791 5455 2951 5508 αὑτοῦ
2976 5456 3257 5521 λαλοῦντες
3282 5458 3464 5527 ἔλεγον
3487 5475 3500 5488 ·
3531 5459 3651 5512 Ὅτι
3679 5463 3761 5516 τὸ
3796 5472 4007 5538 στόμα

2397 5549 2613 5615 Κυρίου
2643 5549 2910 5616 ἑλάλησε
2942 5550 3145 5605 ταῦτα.

2467 5639 2746 5709 Συνάγων
2787 5641 2926 5694 ὡσεὶ
2976 5641 3167 5696 ἀσκὸν
3210 5642 3393 5695 ὕδατα
3425 5643 3780 5713 θαλάσσης,
3821 5652 4007 5724 Προσ.
