4102 6312
162 379 241 434 [65
1216 365 1572 422 EXPOSITIO
1609 364 1674 417 IN
1715 356 2038 420 PSALMUM
2075 365 2305 421 XXXIII.

3261 362 3362 416 i66

158 504 499 562 καλούμενος,
535 491 700 562 φησὶ,
730 490 790 543 τὺ
831 488 972 560 ὕδωρ
1002 488 1100 558 τῆς
1130 487 1420 557 θαλάσσης,
1456 485 1703 553 καθάπερ

1813 503 1957 555 κους,
1996 487 2190 556 inquit,
2241 486 2398 556 quasi
2431 485 2483 539 in
2512 494 2632 540 utre
2667 484 2901 553 quodam
2939 497 3132 551 aquam
3175 483 3363 548 maris,

159 585 206 634 tv
231 579 378 649 ἀσκῷ
402 596 510 631 τινι
532 618 546 642 ,
573 581 696 639 ταῖς
724 576 968 644 νεφέλαις
997 573 1335 642 ὲπισυνέχει·
1370 574 1444 636 ὼς
1481 573 1574 625 καὶ
1605 571 1698 624 ἁλ-

157 673 300 742 ὶαχοῦ
345 689 532 743 φησιν·
574 671 627 723 Ὀ
659 669 1141 737 προκαλούμενος
1173 667 1238 720 τὸ
1268 668 1422 734 ὕδωρ
1461 664 1568 732 τῆς
1598 667 1702 718 θα-

156 765 401 832 λάσσης,
433 765 531 818 καὶ
575 761 798 831 ἐκχέων
835 760 979 814 αὐτὸ
1015 760 1111 813 ἐπὶ
1156 761 1474 827 πρόσωπον
1505 758 1703 826 πάσης

155 857 251 924 τῆς
283 856 414 926 γῆς’
444 855 537 907 καί¹
564 854 742 906 πάλιν·
786 851 1035 920 Ἀνώγων
1066 851 1322 919 νεφέλας
1346 850 1415 914 ἐξ
1443 849 1703 919 ἐσχάτου

155 945 250 1013 τῆς
278 943 405 1014 τῆς.
448 944 634 1009 Τιθείς
659 944 729 996 ἐν
755 941 1076 1010 θησαυροῖς
1107 930 1434 1006 ἀϐύσσους.
1463 941 1570 994 Καὶ
1605 939 1704 1002 τὰς

155 1039 407 1099 ἀϐύσσους
431 1077 445 1100 ,
484 1037 651 1106 φησὶ,
685 1034 930 1105 καθάπερ
962 1034 1019 1087 ὲν
1063 1032 1354 1104 θησαυροῖς
1394 1029 1702 1101 σφραγίζει,

155 1131 231 1184 ἵνα
255 1129 328 1198 μὴ
354 1127 744 1190 ἀναϐλύζουσαι
770 1125 1098 1178 ὲπικλύσωσι
1125 1126 1222 1194 τὴν
1247 1124 1414 1195 ξηράν

214 1217 528 1287 Φοϐηθήτω
549 1217 656 1270 τὸν
678 1217 893 1283 Κύριον
921 1212 1084 1268 πᾶσα
1108 1215 1144 1281 ἡ
1175 1212 1270 1282 τῆ.
1296 1214 1527 1284 Μηκέτι,
1552 1212 1702 1282 φησὶ,

153 1315 252 1375 τοῖς
281 1309 573 1380 δαιμονίοις
617 1306 935 1377 προσαγέτω
979 1309 1011 1376 ὴ
1042 1305 1115 1376 γῆ
1141 1305 1202 1358 τὸ
1233 1304 1411 1368 σέϐας.
1455 1305 1570 1358 Ἀπ’
1603 1307 1706 1357 αὺ-

153 1403 247 1456 τοῦ
294 1401 362 1454 δὲ
414 1399 885 1466 σαλευθήτωσαν
924 1397 1144 1464 πάντες
1189 1399 1242 1450 οὶ
1290 1396 1707 1460 κατοικοῦντες

154 1495 256 1564 τὴν
280 1495 658 1564 οἰκουμένην.
703 1494 1039 1557 Ἀκούοντες,
1083 1493 1280 1562 φησιν,
1323 1491 1486 1544 αὐτοῦ
1531 1492 1581 1542 ot
1609 1490 1706 1560 τὴν

154 1584 461 1655 οἰκουμένην
491 1584 764 1647 οἰκοῦντες
802 1583 1097 1653 ἄνθρωποι,
1128 1583 1228 1651 τῆς
1267 1582 1536 1654 προτέρας
1580 1581 1707 1634 στά-

155 1693 282 1738 σεως
323 1671 390 1746 ἧς
434 1671 575 1745 εἶχον
621 1672 1143 1744 εἰδωλολατροῦντες,
1175 1659 1415 1744 δηλονότι
1448 1672 1705 1743 σαλευθή-

152 1783 318 1819 τωσαν
349 1765 428 1835 τῷ
461 1765 576 1836 ἰδίῳ
601 1764 914 1835 δημιουργῷ
941 1765 1323 1828 ὑπακούοντες.

1802 582 1856 635 in
1891 579 2122 634 nubibus
2159 579 2396 633 continet
2423 577 2568 630 illam
2605 593 2616 627 :
2658 575 3115 646 quemadmodum
3165 584 3217 628 et
3257 575 3367 628 alio

1803 671 1922 725 loco
1965 670 2101 723 ait“
2140 684 2152 718 :
2185 667 2287 732 Qui
2320 678 2563 721 convocat
2597 683 2784 734 aquam
2827 665 2992 717 maris
3015 704 3030 728 ,
3065 675 3110 716 et
3143 664 3369 731 eﬂ’undit

1803 782 1917 820 eam
1947 778 2100 831 super
2131 762 2317 828 faciem
2345 762 2601 814 universa:
2631 769 2801 812 terrae.
2831 757 2895 810 Et
2928 772 3144 812 rursum
3175 775 3188 810 :
3224 754 3370 809 Edu-

1804 871 1919 909 cens
1965 852 2122 906 nubes
2159 851 2223 904 ab
2271 860 2497 903 extremo
2549 858 2722 903 terrte.
2764 846 2968 901 Ponens
3009 847 3061 897 in
3109 844 3367 898 thesauris

1805 947 2040 1016 abyssos.
2058 943 2122 996 Et
2143 943 2387 1011 abyssos,
2409 941 2705 1009 inquit,ceu
2727 939 2780 991 in
2803 937 3076 992 thesauris
3095 936 3366 1005 obsignat.

1807 1052 1872 1091 ne
1904 1035 2258 1091 scaturientes
2287 1043 2484 1086 terram
2520 1027 2802 1083 inundent.

1875 1211 1928 1264 8.
1964 1209 2165 1263 Timeat
2189 1206 2475 1261 Dominum
2497 1205 2662 1258 omnis
2688 1213 2850 1258 terra.
2875 1201 2953 1257 Ne
2981 1201 3143 1259 ultra.
3169 1199 3369 1269 inquit,

1804 1301 2141 1358 dtemouibus
2173 1308 2313 1353 terra
2341 1299 2547 1351 cultum
2581 1295 2789 1351 oll'erat.
2833 1294 2910 1349 Ab
2946 1310 3005 1349 eo
3030 1303 3202 1346 autem
3229 1309 3372 1346 com-

1805 1403 2107 1448 moveantur
2132 1406 2305 1444 omnes
2333 1389 2686 1442 inhabitantes
2715 1387 2906 1440 orbem.
2944 1385 3045 1448 Qui
3079 1385 3262 1439 orbem
3293 1384 3374 1437 in-

1806 1486 1990 1541 colunt
2030 1481 2276 1536 homines
2311 1481 2400 1549 qui
2436 1480 2588 1548 prius
2640 1479 2799 1533 idolis
2842 1477 3005 1532 dediti
3055 1487 3242 1541 erant,
3276 1491 3374 1530 au—

1806 1578 1918 1632 dito
1966 1575 2086 1644 ejus
2135 1577 2354 1631 nomine
2401 1579 2850 1629 commoveantur
2896 1583 3104 1638 suoque
3150 1577 3374 1637 pareant

1807 1669 2096 1724 conditori.

219 1859 333 1909 Ὀτι
358 1829 697 1922 αύτὸςέἷεέε
725 1829 820 1910 καί
846 1829 1248 1924 ἐγενήθησαν,
1278 1853 1459 1920 αὐτὸς
1492 1853 1711 1906 ἐνετεί-

1884 1858 1937 1913 9.
1982 1858 2246 1923 Quoniam
2269 1858 2378 1926 ipse
2401 1857 2537 1910 dixit
2559 1866 2608 1910 et
2645 1856 2787 1925 facta
2809 1863 2950 1918 sunt,
2975 1854 3083 1923 ipse
3105 1853 3376 1906 mandarit

153 1949 424 2012 λατο,καί
453 1949 838 2014 ἐκτίσθησαν.
882 1948 946 2001 Ἦ
980 1949 1076 2018 μὲν
1104 1949 1326 2017 γένησις
1357 1946 1455 2015 τὴν
1487 1945 1592 1998 τῶν
1625 1944 1710 1997 λο-

153 2039 312 2103 γικῶν
337 2037 563 2106 οὒσιὼδη
587 2037 752 2106 δηλοῖο
779 2037 810 2105 ἡ
835 2034 890 2087 δὲ
912 2036 1084 2099 κτίσις
1106 2036 1204 2104 τὴν
1227 2034 1334 2088 ἀπὸ
1355 2031 1447 2086 τοῦ
1473 2032 1710 2103 χείρονος

155 2128 318 2179 tif-.16
338 2128 581 2198 κρεῖττον
624 2126 876 2197 σημαίνει
913 2125 1234 2197 μεταϐολήν.
1279 2126 1352 2179 ΕΣ
1390 2142 1479 2188 τις
1506 2124 1614 2194 γὰρ
1643 2124 1712 2177 ἐν

155 2217 373 2286 Χριστῷ
403 2219 581 2286 καινὴ
611 2222 824 2285 κτίσις.

223 2313 429 2378 Κύριος
461 2310 827 2371 διασκεδάζει
853 2311 1088 2376 βουλὰς
1116 2308 1324 2364 ἐθνῶν.
1357 2309 1477 2362 Τῶν
1505 2307 1710 2379 νοητῶν

155 2401 402 2469 δηλονάτι.
443 2402 650 2454 Ἀθετεῖ
687 2400 755 2452 δὲ
796 2400 1123 2469 λογισμοὺς
1153 2399 1344 2464 λαῶν,
1379 2399 1477 2452 καί
1520 2397 1718 2452 ἀθετεῖ

151 2493 376 2558 βουλὰς
403 2494 729 2561 ἀρχόντων.
770 2490 1105 2558 Ἀπράκτους
1128 2492 1236 2561 γὰρ
1264 2490 1550 2553 ἐπιδουλὰς
1577 2491 1704 2545 πάν-

155 2601 258 2634 των
304 2583 464 2652 ἔθηκε
516 2581 624 2634 τῶν
689 2582 990 2646 Ἰουδαίων,
1040 2583 1333 2652 τριήμερος
1382 2581 1709 2652 ἀναστήσας.

157 2672 320 2725 Τοῦτο
375 2672 483 2742 γὰρ
531 2668 599 2742 ἦν
642 2672 670 2724 ὃ
711 2673 803 2726 καὶ
850 2672 1129 2743 βούλεται,
1161 2672 1305 2741 ὅπερ
1345 2672 1443 2725 καί
1485 2673 1572 2735 είς
1608 2671 1713 2723 τὸν

155 2763 331 2818 αίῶνα
352 2765 542 2833 μένει.

224 2856 500 2924 Λογισμοὶ
549 2853 656 2921 τῆς
703 2855 947 2922 καρδίας
989 2853 1174 2908 αὑτοῦ
1227 2855 1311 2919 είς
1360 2853 1572 2923 γενεὰν
1615 2854 1712 2907 καί

156 2947 378 3016 γενεάν.
419 2945 500 2998 Τὰ
529 2945 793 3014 δόγματα,
843 2944 1024 3014 φησὶν,
1049 2943 1086 2998 ἃ
1117 2943 1458 3014 βεϐούλευται
1504 2945 1596 2998 καὶ⁵
1637 2944 1714 3006 εἰς

155 3036 242 3091 τὸν
271 3037 505 3109 παρόντα
544 3037 712 3089 αἰῶνα
748 3036 843 3089 καὶ
884 3037 961 3099 είς
994 3035 1086 3088 τὸν
1122 3035 1402 3106 μέλλοντα.
1451 3035 1714 3105 Λογισμυὶ

154 3126 284 3180 Θεοῦ
313 3131 364 3181 αἱ
387 3126 711 3198 κατάλληλοι
748 3125 1148 3197 διακοσμήσεις·
1182 3125 1374 3197 καρδία
1409 3124 1466 3179 δὲ
1497 3125 1557 3178 τὸ
1579 3124 1713 3178 ἀπό-
1743 3164 1785 3222 C

155 3237 351 3291 xpwpav
382 3221 481 3291 τῆς
511 3221 570 3271 ού
580 3219 717 3281 σίας.

228 3311 523 3379 Μακάρων
555 3310 620 3362 τὸ
654 3311 826 3374 ἔθνος
851 3303 922 3363 οὗ
961 3307 1091 3360 ἐστὶ
1121 3308 1334 3374 Κύριος
1366 3310 1398 3360 ό
1433 3307 1575 3371 Θεὸς
1609 3310 1715 3361 αὑ-

155 3403 277 3456 τοῦ.
308 3404 444 3464 Τοὺς
475 3398 815 3469 είς.Χριστδν
863 3399 1213 3461 πιστεύοντας
1264 3400 1321 3450 ὲν
1354 3397 1561 3461 τούτοις
1608 3415 1712 3468 μα-

155 3494 373 3563 καρίους
405 3492 692 3546 ἀποκαλεῖ.

227 3585 352 3657 [Ἐξ
374 3585 636 3654 οὐρανοῦ
665 3583 999 3652 ἐπέϐλεψεν
1035 3585 1067 3636 ό
1100 3582 1330 3650 Κύριος.
1370 3583 1569 3646 Ειπεν,
1614 3582 1717 3634 ἐπ-

151 3673 424 3745 έϐλεψεν,
472 3675 559 3728 ἵνα
611 3675 684 3744 μή
719 3689 800 3735 τις
846 3671 1005 3724 αὑτὸν
1033 3671 1242 3739 ἀγνοεῖν
1279 3670 1436 3742 οἰηθῇ
1468 3670 1535 3722 τὰ
1567 3670 1718 3740 παρὰ

151 3768 256 3821 τῶν
281 3766 584 3839 ἀνθρώπων
609 3764 948 3835 τολμώμενα.
970 3763 992 3836 ]

227 3859 351 3932 [Ἐξ
395 3861 638 3928 ἑτοίμου
666 3856 1116 3925 κατοικητηρίου
1159 3853 1364 3909 αὐτοῦ.
1395 3854 1550 3907 Ἤτοι
1575 3854 1719 3925 ἡτοι-

154 3954 444 4023 μασμένοι),
497 3951 943 4022 εύτρεπισμένου.
999 3944 1160 4011 Οἶκος
1202 3947 1336 4019 γὰρ]
1354 3946 1540 4018 ὥσπερ
1581 3946 1715 4000 Θεοῦ

148 4050 601 4120 ἀποκεκλήρωται
629 4050 656 4100 6
677 4042 948 4116 οὐρανός.]

234 4141 284 4193 Ὀ
308 4139 554 4203 πλάσας
579 4137 918 4206 καταμόνας
942 4134 1049 4201 τὰς
1081 4132 1328 4201 καρδίας
1353 4130 1568 4185 αὐτῶν.
1603 4130 1718 4184 Μό-

150 4248 263 4293 νος,
293 4233 476 4302 φησὶν,
501 4232 529 4284 6
558 4229 688 4292 Θεὸς
719 4224 826 4281 οἶδε
855 4227 964 4280 τῶν
1009 4223 1307 4295 ἀνθρώπων
1339 4225 1434 4286 τὰς
1476 4221 1715 4293 καρδίας.

145 4321 242 4374 Arb
274 4324 363 4376 καὶ
404 4325 432 4376 6
455 4321 648 4389 Σωτὴρ
675 4321 787 4382 τοῖς
829 4317 1101 4379 Ἰουδαίοις
1139 4316 1290 4384 ἔλεγε
1314 4333 1327 4347 ο
1366 4317 1426 4370 Τί
1463 4313 1719 4382 διαλογί-

145 4412 317 4474 ζεσθε
343 4412 580 4480 πονηρὰ
601 4412 670 4463 ἐν
698 4409 824 4474 ταῖς
849 4407 1116 4476 καρδίαις
1136 4407 1336 4475 ὑμῶν;

1809 1961 1857 2005 et
1901 1960 2077 2004 creata
2122 1958 2263 2004 sunt.
2322 1947 2514 2002 Factio
2562 1947 2964 2002 rationabilium
3017 1945 3374 1999 substantiam

1809 2045 2032 2098 denotat
2067 2058 2080 2094 :
2117 2042 2320 2096 creatio
2360 2051 2562 2102 autem.
2595 2055 2622 2092 a
2669 2040 2851 2109 pejore
2882 2040 2934 2092 iu
2965 2038 3160 2092 melius
3196 2047 3373 2091 muta-

1811 2135 2010 2190 tionem
2039 2150 2052 2185 :
2092 2131 2149 2186 Si
2182 2148 2297 2204 quae
2327 2133 2462 2186 enim
2497 2132 2549 2185 in
2577 2130 2787 2184 Christo
2813 2146 2944 2183 nova
2973 2140 3219 2182 creatura
3236 2130 3304 2181 ".

1884 2312 1972 2366 10.
2019 2311 2268 2365 Dominus
2300 2311 2524 2377 dissipat
2558 2309 2782 2362 consilia
2819 2309 3069 2379 gentium.
3111 2305 3379 2376 Spiritus-

1812 2403 1946 2457 lium
1979 2403 2268 2466 videlicet,
2305 2399 2558 2470 Reprobat
2583 2411 2753 2452 autem
2789 2400 3128 2468 cogitationes
3156 2396 3376 2466 populo-

1813 2512 1958 2560 rum,
2024 2504 2073 2548 et
2150 2494 2389 2563 reprobat
2451 2491 2673 2544 consilia
2734 2491 3050 2558 principum.
3121 2487 3377 2542 Omnium

1813 2587 2008 2656 quippe
2051 2585 2359 2640 Judreorum
2413 2584 2638 2638 insidias
2681 2581 2863 2635 irritas
2917 2579 3063 2643 fecit,
3113 2588 3237 2648 post
3285 2579 3380 2633 tri-

1813 2679 1978 2731 duum
2025 2692 2333 2745 resurgens.
2376 2675 2430 2730 ld
2461 2676 2604 2730 enim
2638 2675 2739 2729 sibi
2774 2675 2886 2728 vult
2913 2673 3075 2727 etiam
3110 2673 3239 2726 illud
3267 2713 3282 2737 ,
3325 2672 3379 2724 in

1813 2778 2065 2822 wternum
2097 2776 2270 2820 manet
2301 2765 2578 2818 consilium
2612 2765 2846 2818 Domini.

1885 2859 1971 2913 11.
2015 2857 2367 2928 Cogitationes
2414 2857 2587 2910 cordis
2647 2873 2760 2925 ejus
2802 2857 2859 2909 in
2904 2855 3292 2926 generationem
3329 2864 3377 2906 et

1815 2947 2218 3017 generationem.
2255 2945 2512 3017 Dogmata
2537 2986 2551 3009 ,
2585 2945 2793 3014 inquit,
2825 2960 2945 3015 quae
2983 2943 3198 2999 decreta
3230 2952 3376 3004 sunt.

1815 3039 1926 3092 sive
1958 3037 2010 3090 in
2048 3038 2297 3107 pi-aasenti
2327 3038 2439 3090 sive
2468 3037 2522 3090 in
2554 3037 2736 3091 futuro
2764 3036 2983 3092 saeculo.
3013 3033 3381 3105 Cogitationes

1822 3125 1933 3191 Dei,
1963 3126 2014 3180 id
2047 3135 2131 3181 est
2158 3135 2519 3194 Congruentes
2563 3126 2948 3195 dispositiones
2978 3143 2990 3178 :
3022 3139 3118 3179 cor
3138 3165 3153 3189 ,
3199 3124 3381 3178 occul-

1818 3224 1930 3269 tum
1963 3215 2300 3272 substantiae.

1887 3325 1971 3378 i2.
2011 3325 2176 3379 Beata
2227 3343 2348 3396 gens
2397 3327 2546 3396 cujus
2594 3337 2671 3382 est
2720 3327 2970 3381 Dominus
3024 3325 3163 3380 Deus
3224 3325 3362 3395 ejus.

1816 3415 2010 3471 D-atos
2047 3417 2131 3472 his
2155 3417 2335 3472 verbis
2361 3428 2518 3474 vocat
2561 3435 2658 3475 eos
2681 3421 2774 3489 qui
2808 3421 2860 3473 in
2892 3419 3170 3474 Christum
3205 3418 3381 3473 credi-

1815 3511 2032 3565 derunt.

1885 3598 2006 3670 [15.
2049 3599 2126 3653 De
2159 3600 2287 3654 caelo
2317 3602 2540 3671 respexit
2574 3601 2849 3659 Dominus.
2877 3603 3000 3668 Ait,
3028 3605 3276 3674 respexit,
3317 3619 3383 3660 ne

1816 3693 1938 3760 quis
1973 3700 2215 3748 autumet
2243 3694 2416 3763 ipsum
2451 3696 2701 3765 ignorare
2722 3697 3004 3751 hominum
3027 3697 3286 3752 facinora.

1887 3861 1998 3934 [14.
2025 3864 2102 3919 De
2125 3875 2424 3936 praeparato
2454 3867 2760 3922 habitacula
2787 3884 2904 3924 suo.
2925 3868 2978 3923 Id
3005 3879 3110 3935 est,
3133 3882 3383 3926 accurate

1819 3953 2084 4010 instructo
2115 3965 2169 4010 et
2198 3967 2411 4012 ornato.
2445 3955 2578 4012 Nam
2613 3959 2808 4014 cmlum
2848 3960 3005 4029 quasi
3048 3959 3114 4014 ad
3146 3959 3238 4015 Dei
3281 3960 3378 4015 do-

1820 4045 2080 4100 micilium
2117 4047 2445 4102 destinatum
2478 4048 2608 4119 εει]

1890 4136 1978 4190 15.
2010 4134 2113 4201 Qui
2140 4136 2296 4206 ﬁnxit
2328 4139 2608 4207 sigillatim
2658 4139 2817 4192 corda
2848 4156 3046 4194 eorum.
3077 4139 3260 4205 Solus,
3300 4141 3383 4196 in-

1819 4229 1957 4297 quit,
1990 4227 2130 4282 Deus
2159 4228 2307 4282 novit
2344 4229 2627 4283 hominum
2650 4230 2833 4285 corda.
2866 4230 3228 4297 Quamobrem
3263 4232 3383 4287 Sal-

1821 4330 1975 4374 vator
2002 4318 2201 4375 Judtcis
2226 4320 2440 4375 dicebat
2470 4337 2481 4372 :
2518 4319 2659 4386 Quid
2687 4324 2931 4393 cogitatis
2958 4324 3099 4379 mala
3131 4327 3185 4379 in
3208 4327 3383 4380 cordi-

1823 4411 1914 4463 bus
1938 4410 2218 4464 nstris"?

232 4503 373 4558 Ἰδοὺ
416 4507 472 4557 οὶ
511 4501 805 4570 ὀφθαλμοὶ
853 4500 1069 4568 Κυρίου
1112 4499 1209 4552 ἐπὶ
1251 4499 1392 4564 τοὺς
1429 4496 1711 4566 φοϐουμέ-

1897 4501 1977 4557 18.
2009 4501 2141 4557 Ecce.
2166 4504 2304 4557 oeuli
2329 4503 2544 4557 Domini
2570 4522 2724 4574 super
2754 4516 3034 4561 metuentes
3067 4525 3206 4563 eum.
3232 4508 3384 4564 Oculi

142 4611 295 4659 νους
317 4594 524 4648 αὐτόν.
568 4591 862 4662 Ὀφθαλμοὶ
894 4589 1094 4664 Κυρίου
1125 4592 1156 4660 ἡ
1192 4588 1530 4659 παντοπτικὴ
1553 4588 1716 4641 αὑτοῦ

138 4685 392 4753 δύναμις·
433 4685 467 4755 ἢ
519 4681 772 4745 πολλάκις
819 4683 846 4734 6
890 4681 1016 4743 Υἱὸς
1049 4681 1140 4733 καὶ
1177 4679 1236 4733 τὸ
1282 4678 1520 4749 Πνεῦμα,
1552 4677 1627 4740 ὡς
1660 4678 1717 4730 ὲν

141 4777 300 4846 μέσῳ
322 4776 416 4828 δύο
445 4772 641 4843 φώτων
671 4774 698 4825 6
727 4769 911 4841 Πατὴρ
940 4771 1050 4824 τῶν
1081 4768 1293 4840 φώτων.

211 4865 324 4922 Καὶ
350 4863 664 4933 διαθρέψαι
692 4861 910 4926 αὐτοὺς
933 4861 1003 4913 ἐν
1030 4859 1202 4928 λιμῷ.
1234 4860 1322 4913 Ἐν
1343 4858 1537 4930 καιρῷ,
1563 4857 1714 4928 φησὶ,

133 4955 410 5026 διωγμοῦ,
442 4956 519 5026 μὴ
550 4952 954 5023 συνισταμένων
987 4949 1096 5003 τῶν
1126 4949 1329 5021 νοητῶν
1354 4949 1586 5020 τροφῶν.
1617 4949 1715 5000 αύ-

131 5047 226 5110 τδς
258 5047 293 5097 ὁ
323 5046 530 5118 Κύριος
562 5043 650 5096 διὰ
674 5043 984 5112 Πνεύματος
1015 5040 1171 5109 ἁγίου
1205 5039 1391 5112 θρέψει
1420 5038 1633 5101 αὐτούς.

217 5140 288 5193 Ἡ
313 5137 381 5190 δὲ
412 5135 588 5205 ψυχὴ
618 5133 786 5204 ἡμῶν
824 5133 1105 5201 ὑπομένει
1141 5131 1219 5198 τῷ
1249 5130 1458 5199 Κυρίῳ.
1501 5131 1586 5193 Ὠς
1615 5129 1716 5201 ἤδη

128 5229 472 5301 δεδαγμένοι
501 5227 604 5296 τὴν
631 5229 711 5290 είς
742 5225 900 5279 αὑτὸν
926 5223 1244 5293 πεποίθησιν
1271 5221 1679 5292 προϐάλλονται.

135 5321 460 5375 ΨΑΑΜΟΣ
502 5315 582 5381 τῷ
629 5315 809 5369 Δαυῒδ
847 5316 1023 5369 όπότε
1077 5315 1376 5381 ἡλλοίωσε
1422 5311 1487 5364 τὸ
1531 5312 1715 5380 πρόσ-

197 5426 376 5465 ωπον
403 5407 592 5463 αὑτοῦ
621 5405 901 5461 ἐναντίον
937 5405 1253 5475 Ἀϐιμέλεχ,
1272 5402 1368 5456 καί
1403 5402 1715 5455 ἀπέλυσεν

197 5501 420 5564 αὑτὸν,
447 5497 548 5553 καί
577 5496 872 5566 ἀπῆλθεν.
909 5500 1042 5550 Al".

779 5586 1099 5651 Ὑπόθεσις.

129 5683 359 5752 {ts-37w:
385 5687 414 5738 6
448 5680 609 5736 Δαυῖδ
636 5680 727 5731 τὸν
753 5675 939 5737 Σαοὺλ,
968 5673 1092 5748 ἦλθε
1127 5676 1259 5746 πρὸς
1292 5670 1594 5742 Ἀϐιμέλεχ,
1623 5671 1715 5722 καὶ

193 5824 236 5851 τι
269 5823 439 5873 Ληιοε
474 5835 522 5883 ν,
557 5818 611 5872 8.
694 5815 739 5845 τ’
775 5812 812 5864 ll
845 5812 966 5865 tior.
999 5826 1050 5873 ν,
1092 5811 1170 5863 l7.
1247 5809 1290 5842 ⁷³
1325 5808 1510 5863 Matth.
1549 5822 1622 5869 Ix,
1659 5805 1710 5858 1.

1822 4595 2034 4649 Domini
2080 4605 2208 4650 sunt
2262 4599 2506 4651 omnium
2564 4599 2890 4666 speculatrix
2933 4601 3051 4670 ejus
3094 4612 3381 4670 potestas:

1822 4696 1915 4741 aut
1951 4688 2270 4758 plerumque
2319 4687 2487 4744 Filius
2510 4697 2564 4744 et
2588 4688 2824 4760 Spiritus
2853 4701 3097 4758 sanctus,
3131 4693 3203 4749 ita
3238 4703 3294 4748 ut
3329 4695 3383 4748 iu

1822 4778 2001 4834 medio
2026 4779 2256 4834 duorum
2292 4781 2559 4836 luminum
2595 4782 2665 4835 sit
2699 4781 2871 4836 Pater
2904 4784 3187 4838 luminum.

1895 4867 1981 4924 19.
2031 4867 2098 4921 Et
2130 4869 2243 4922 alat
2277 4885 2362 4924 eos
2391 4871 2444 4923 in
2478 4871 2637 4939 fame.
2680 4869 2979 4941 Tempore,
3010 4873 3219 4943 inquit,
3262 4889 3387 4944 per-

1823 4959 2118 5015 secutionis
2139 5000 2154 5023 ,
2190 4962 2234 5016 si
2265 4975 2373 5015 non
2406 4962 2589 5016 adsint
2613 4962 2922 5031 spirituales
2965 4964 3093 5027 cibi,
3145 4965 3260 5032 ipse
3287 4965 3386 5020 Do-

1827 5051 2009 5105 minus
2041 5066 2137 5120 per
2167 5050 2429 5123 Spiritum
2459 5064 2707 5107 sanctum
2731 5055 2967 5109 cnutriet
2993 5055 3133 5109 illos.

1890 5141 2175 5196 20.Anima
2189 5153 2365 5197 nostra
2382 5147 2600 5199 sustinet
2615 5143 2912 5200 Dominum.
2935 5145 3226 5215 Quamjam
3240 5147 3387 5203 exhi-

1824 5235 2053 5289 buerunt
2078 5233 2324 5289 ﬁduciam
2345 5251 2470 5307 erga
2495 5236 2796 5295 Dominum.
2821 5252 2965 5291 nunc
2981 5253 3090 5307 pra:
3107 5253 3164 5292 se
3183 5237 3382 5294 ferunt.

1828 5327 1874 5381 1.
1933 5323 2270 5380 PSALMUS
2327 5329 2498 5382 David
2557 5331 2765 5399 quando
2825 5330 3124 5383 immutauit
3181 5330 3383 5384 vultum

1895 5433 2048 5469 suum
2103 5433 2276 5470 coram
2333 5420 2661 5483 Abimelech,
2701 5431 2746 5477 et
2783 5420 3112 5475 dimisiteum
3142 5431 3189 5475 et
3233 5423 3360 5475 abiit

1895 5504 2173 5562 XXXIII.

2405 5604 2804 5669 Argumentum.

1825 5693 1960 5746 Cum
1996 5692 2203 5764 fingeret
2260 5692 2429 5750 David
2460 5693 2700 5760 Saulcm,
2729 5695 2874 5751 venit
2932 5695 2998 5752 ad
3052 5694 3384 5750 Abimelech.
