4086 6308
720 379 817 436 16⁸1

783 506 838 548 et
868 500 1086 562 rogatus
1108 490 1259 543 abeo
1286 502 1405 556 qua:
1447 500 1610 538 causa
1647 499 1918 542 recessus.
1952 481 2133 550 fugam
2168 477 2288 547 qui-
2323 483 2364 536 Α

790 582 912 637 dem
941 579 1184 650 negavit;
1215 578 1309 632 sed
1332 578 1563 630 missum
1594 591 1650 628 se
1683 575 1758 626 ait
1789 574 1857 626 ab
1887 572 2054 626 Sanle
2091 579 2287 637 postu-

794 675 963 729 latum
991 672 1224 726 Goliathi
1256 686 1464 724 ensem.
1502 667 1777 733 Quoniam
1823 666 1988 735 igitur
2018 663 2164 717 aliud
2205 660 2291 714 di-

795 765 950 820 cebat
980 763 1126 818 aliud
1168 762 1456 824 sentiebat,
1488 761 1825 828 descriptum
1860 770 1943 811 est
1968 757 2293 809 immutasse

793 856 1002 911 vultum
1034 870 1214 908 suum.
1272 853 1432 907 Canit
1466 861 1646 905 autem
1705 851 1972 919 psalmum
2032 862 2173 902 novo
2201 861 2298 915 po-

794 948 945 1018 pulo,
982 946 1284 1001 doctrinam
1335 946 1691 1000 introduceus
1727 941 2028 1013 spiritualis
2055 948 2108 994 et
2129 955 2297 994 evan-

799 1039 954 1111 gelici
988 1039 1194 1093 cultus.

799 1221 855 1276 2.
895 1220 1208 1274 Benedicam
1252 1218 1534 1272 Dominum
1595 1219 1648 1271 in
1700 1217 1841 1270 omni
1884 1225 2178 1282 tempore...
2235 1209 2302 1264 In

733 1313 955 1366 Domino
1000 1312 1308 1365 laudabitur
1349 1313 1530 1370 anima
1578 1328 1712 1364 mea.
1750 1308 1976 1361 Etiamsi
2028 1306 2188 1359 laude
2214 1303 2300 1356 di-

734 1421 872 1475 gnus
899 1406 1024 1469 sim,
1079 1404 1204 1474 quia
1236 1404 1485 1457 nonnihil
1527 1403 1656 1455 boni
1687 1402 1739 1454 in
1767 1400 2023 1468 operibus
2049 1397 2184 1450 meis
2218 1410 2303 1448 re-

734 1498 961 1567 peritur,
991 1498 1040 1551 id
1074 1512 1179 1550 non
1231 1496 1362 1548 mihi
1403 1495 1495 1548 sed
1543 1492 1653 1546 Deo
1698 1489 2079 1546 ascribendum
2125 1506 2137 1542 :
2191 1488 2305 1554 ipse

735 1606 823 1645 me
845 1600 898 1645 et
923 1591 1182 1645 illustrem
1243 1587 1424 1641 ell'ecit
1472 1595 1527 1641 et
1570 1584 1892 1654 praeclarum
1942 1579 2159 1634 ediciet.
2189 1577 2304 1631 Au-

734 1681 887 1735 diaut
923 1681 1181 1733 mansueti
1209 1691 1256 1733 et
1284 1679 1548 1732 laztentur.
1579 1675 1820 1728 Salutem
1855 1671 1986 1724 mihi
2015 1687 2042 1723 a
2073 1669 2305 1722 Domino

738 1787 1055 1827 concessam
1082 1771 1307 1840 quilibet
1338 1770 1520 1838 justus
1548 1767 1591 1821 si
1627 1767 1812 1820 audiat
1874 1764 2088 1816 hctatus
2121 1759 2306 1812 fuerit.

1569 367 1623 419 ὁ.
1671 360 2040 418 ΛΤΗΛΝᾹΞΠ
2081 359 2232 416 OPP.
2281 355 2462 411 PARS
2503 355 2592 409 ΠΙ.
2636 384 2703 394 --
2741 353 3156 410 EXEGETICA.

3861 355 3948 409 l68

2465 473 2564 542 τῆς
2607 470 2842 540 ἀφίξεως
2872 471 2968 541 τὴν
3014 471 3191 524 αἰτίαν
3235 469 3585 540 ἐρωτώμενος
3628 466 3755 538 παρ’
3783 468 3948 528 αὑτοῦ,

2465 565 2563 636 τὴν
2595 566 2769 635 φυγὴν
2794 565 2894 635 μὲν
2920 567 3211 635 ἠρνήσατο·
3239 563 3569 618 ἀπεστάλθαι
3593 563 3647 616 δὲ
3673 560 3790 615 εἶπε
3817 566 3950 635 παρά

2461 655 2557 708 τοῦ
2589 656 2758 708 Σαοὺλ
2781 696 2794 718 ,
2842 655 2917 719 ὡς
2947 656 3042 708 καὶ
3070 660 3167 726 τὴν
3196 656 3469 726 ῥομφαίαν
3504 656 3726 725 αἰτῆσαι
3760 654 3846 708 τοῦ
3877 656 3953 707 Γο·

2466 747 2608 801 λιάθ.
2649 748 2801 800 Ἐπεὶ
2831 748 3010 801 τοίνυν
3040 748 3174 801 ἄλλα
3226 747 3325 816 μὲν
3360 743 3533 811 εἶπεν,
3564 747 3699 801 ἄλλα
3725 746 3780 799 δὲ
3814 746 3956 816 ἐφρό-

2468 856 2549 891 νει
2570 879 2583 899 ,
2627 839 3036 909 ἀναγέγραπται
3063 839 3121 892 τὸ
3143 836 3540 906 ἠλλοιωκέναι
3563 838 3629 890 τὸ
3652 839 3955 905 πρόσωπα·

2468 932 2671 985 αὑτοῦ.
2716 931 2864 1002 ’ᾼδει
2889 931 2945 984 δὲ
2975 932 3065 984 τὸν
3089 931 3299 1001 ψαλμὸν
3325 930 3403 1001 τῷ
3432 930 3538 1000 νέῳ
3570 929 3705 999 λαῷ,
3733 930 3958 983 διδασκα-

2469 1023 2586 1077 λίαν
2614 1025 3049 1095 εἰσηγησάμενος
3080 1025 3180 1094 τῆς
3209 1024 3587 1095 πνευματικῆς
3624 1024 3720 1076 καὶ
3757 1025 3961 1092 εὐαγγε-

2471 1115 2627 1185 λικῆς
2657 1116 2928 1188 λατρείας.

2471 1206 2804 1275 Ε·ὑ.2ογήσω
2830 1208 2936 1260 τὸν
2971 1209 3187 1276 Κύριον
3224 1207 3292 1262 ἐν
3325 1208 3502 1262 παντὶ
3547 1206 3732 1275 καιρῷ
3882 1207 3964 1257 Ἐν

2400 1296 2480 1363 τῷ
2535 1300 2731 1366 Κυρίῳ
2783 1299 3236 1365 ἐπαινεθήσεται
3289 1301 3326 1367 ἡ
3368 1300 3537 1368 ψυχή
3588 1317 3726 1368 μου.
3781 1298 3841 1351 Εἰ
3885 1289 3963 1349 καί

2402 1386 2550 1453 ἄξιος
2598 1389 2820 1442 ἐπαίνου
2867 1391 3118 1460 τυγχάνω
3157 1389 3472 1461 εὑρεθέντος
3515 1391 3661 1453 τινὸς
3709 1387 3870 1442 καλοῦ
3915 1390 3964 1440 ἐν

2401 1483 2520 1542 ταῖς
2555 1482 2716 1550 ἐμαῖς
2759 1481 3041 1549 πράξεσιν,
3072 1481 3228 1534 τοῦτο
3269 1483 3368 1534 οὐκ
3411 1482 3554 1552 ἐμοὶ,
3585 1481 3724 1535 ἀλλά
3760 1480 3837 1552 τῷ
3863 1479 3966 1548 Θεῴ

2404 1569 2719 1622 ἀναθετέον’
2766 1571 2924 1635 αὐτὸς
2980 1571 3079 1641 ἐμὲ
3113 1570 3205 1623 καὶ
3255 1569 3519 1640 πεποίηκε
3569 1569 3860 1640 περιφανῆ,
3887 1570 3969 1619 καὶ

2407 1661 2620 1731 ποιήσει
2671 1662 3050 1734 περίϐλεπτον.
3105 1662 3561 1716 Ἆκουσάτωσαν
3601 1661 3840 1730 πραεῖς,
3881 1661 3968 1714 καὶ

2407 1754 2936 1822 εὐφρανθήτωσαν.
2977 1755 3089 1825 Τὴν
3127 1755 3252 1824 ἐμοὶ
3299 1755 3669 1825 γεγενημένην
3703 1753 3849 1825 παρά
3887 1752 3968 1806 τοῦ

736 1863 894 1930 Quod
917 1871 1096 1918 autem
1138 1863 1226 1916 ille
1269 1862 1450 1917 salvos
1484 1859 1650 1914 faciat
1678 1863 1962 1926 sperantes
1994 1855 2046 1906 in
2079 1867 2157 1917 se,
2193 1865 2301 1904 non
2338 1842 2347 1894 Ι

2422 1851 2609 1920 ἱυρίου
2651 1852 2924 1922 σωτηρίαν
2966 1852 3074 1910 πᾶς
3115 1849 3320 1912 δίκαιος
3353 1848 3603 1920 ἀκηκοὼς
3633 1846 3967 1919 εὐφρανθεεη.

741 1959 791 2012 id
823 1957 1062 2011 admittit
1109 1965 1170 2009 ut
1201 1956 1352 2008 solus
1414 1955 1674 2020 hymnum
1713 1951 1880 2003 edat:
1939 1949 2028 2001 sed
2070 1962 2164 1999 eos
2207 1945 2302 2013 qui

741 2054 1019 2098 consortes
1051 2053 1177 2097 sunt
1207 2044 1507 2097 clementiae
1543 2040 1778 2104 Domini,
1833 2049 2118 2094 consortes
2143 2036 2306 2091 cliicit

742 2135 963 2192 cantici.

809 2227 862 2280 5.
895 2225 1234 2296 Magniﬁcate
1261 2225 1542 2277 Dominum
1577 2239 1744 2275 meum
1803 2231 1851 2274 et
1893 2220 2184 2274 exaltemus
2213 2236 2306 2273 no-

740 2335 856 2370 men
882 2318 995 2386 ejus
1025 2320 1081 2370 in
1103 2317 1354 2385 idipsum.
1386 2313 1551 2381 Quasi
1604 2330 1712 2368 non
1756 2313 1988 2368 suﬂici—at
2017 2312 2133 2382 ipse
2156 2312 2307 2366 solus

747 2411 1203 2480 magniﬁcentiam
1262 2408 1353 2462 Dei
1402 2407 1709 2473 enuntiare,
1762 2406 2002 2476 postulat
2029 2420 2091 2459 ea
2140 2405 2194 2458 in
2249 2421 2308 2458 re

744 2505 970 2557 aliorum
1002 2520 1219 2573 Operam
1255 2513 1306 2556 et
1333 2502 1621 2555 auxilium.

816 2687 869 2741 5.
893 2685 1133 2739 Accedite
1156 2684 1224 2736 ad
1255 2699 1368 2736 eum
1403 2692 1447 2736 et
1482 2681 1882 2734 illuminamiui.
1923 2678 1999 2734 Ex
2030 2680 2310 2735 concessis

747 2779 905 2834 donis
932 2788 1150 2848 accepta
1182 2777 1397 2840 liducia,
1430 2776 1567 2830 alios
1593 2776 1758 2829 etiam
1794 2775 1857 2827 ad
1891 2774 1942 2828 id
1983 2773 2195 2827 invitat.

815 2953 871 3009 6.
909 2951 1017 3006 Iste
1067 2967 1262 3020 pauper
1310 2949 1578 3011 clamavit,
1632 2958 1680 3001 et
1730 2946 1988 3000 Dominus
2045 2944 2313 2999 exaudivit

748 3062 887 3099 eum.
909 3044 1163 3107 Ediscite,
1202 3042 1396 3110 inquit,
1429 3056 1495 3095 ex
1528 3041 1593 3094 iis
1627 3055 1750 3108 qua:
1789 3039 1920 3092 mihi
1967 3038 2312 3100 acciderunt,

752 3135 1004 3190 ﬁduciam
1051 3134 1249 3188 habere
1296 3134 1348 3186 in
1414 3132 1699 3185 Dominum
1769 3130 2174 3183 universorum.
2235 3128 2317 3180 Me

755 3243 988 3297 namque
1013 3226 1166 3280 vilem
1199 3236 1251 3279 ct
1280 3224 1550 3292 abiectum
1591 3231 1643 3274 rt
1667 3230 1936 3289 pastorem
1991 3220 2195 3279 ovium,
2221 3236 2317 3272 sua

754 3321 1006 3390 dignatus
1048 3325 1130 3370 est
1157 3315 1512 3384 providentia.
1542 3322 1705 3365 atuue
1742 3311 1994 3364 hostibus
2045 3319 2311 3379 praestau—

759 3418 950 3462 tiorem
979 3407 1246 3461 exhibuit.

830 3501 882 3553 7.
923 3497 1396 3553 Castrametabitur
1419 3495 1632 3564 angelus
1657 3494 1864 3546 Domini
1898 3495 1951 3545 in
1998 3494 2223 3545 circuitu
2258 3494 2325 3546 ti-

761 3594 1011 3647 mentium
1031 3608 1168 3650 eum,
1187 3600 1233 3642 et
1264 3590 1446 3658 eripiet
1470 3603 1577 3640 eos.
1605 3584 1720 3640 lloc
1739 3594 2004 3639 consonat
2026 3601 2148 3639 cum
2185 3585 2325 3654 Apo—

762 3683 888 3740 stoli
937 3683 1117 3735 verbis
1143 3682 1220 3732 7‘:
1259 3677 1442 3731 Nonne
1478 3693 1651 3730 onmes
1699 3687 1819 3730 sunt
1879 3677 2324 3730 administratorii

763 3776 1050 3846 spiritusin
1086 3773 1436 3826 ministerium
1472 3771 1640 3830 missi.
1665 3781 1875 3839 propter
1907 3787 1993 3823 eos
2042 3771 2132 3838 qui
2155 3770 2316 3824 luere-

762 3872 979 3925 ditatem
1004 3867 1209 3938 capturi
1240 3866 1587 3921 suntsalutis.
1609 3865 1683 3918 Ita
1716 3875 1770 3919 et
1799 3867 1990 3920 beatus
2018 3865 2184 3921 Jacob
2214 3868 2327 3922 hrec

764 3973 1015 4031 precatur
1043 3961 1089 3992 τ³
1113 3979 1125 4014 :
1154 3960 1378 4027 Angelus
1421 3960 1510 4027 qui
1535 3959 1726 4028 eripuit
1758 3975 1836 4010 me
1865 3975 1928 4011 ex
1973 3959 2210 4011 omnibus
2239 3976 2328 4011 ra-

765 4050 1089 4104 lamitatibus
1127 4053 1272 4103 meis.
1336 4047 1537 4103 Eodem
1578 4049 1741 4102 modo
1782 4047 2094 4116 patriarcha
2149 4048 2326 4102 Abt-ao

766 4143 914 4205 ham,
956 4141 1258 4195 admirabili
1313 4141 1610 4194 domestico
1649 4155 1750 4193 suo
1806 4141 1881 4193 ait
1936 4140 2017 4194 7‘:
2072 4139 2328 4195 Dominus

766 4234 906 4288 Deus
937 4235 1105 4287 mittet
1137 4233 1379 4303 angelum
1406 4250 1559 4286 suum
1585 4241 1704 4285 ante
1731 4235 1922 4301 faciem
1946 4244 2114 4298 luant,
2141 4245 2192 4286 et
2236 4249 2329 4286 ac-

765 4327 925 4394 cipies
957 4339 1174 4377 uxorem
1203 4325 1313 4392 ﬁlia
1336 4339 1448 4375 meo
1487 4322 1646 4375 Isaac
1693 4324 1898 4376 exinde.
1930 4323 2021 4377 Sic
2056 4337 2110 4376 et
2141 4324 2331 4379 beatus

767 4417 1060 4471 Zacharias
1087 4418 1161 4469 ait
1189 4417 1232 4446 ⁷⁷
1257 4433 1269 4469 :
1308 4414 1535 4484 Angelus
1564 4415 1654 4484 qui
1687 4413 1996 4484 loquebatur
2043 4415 2188 4469 milii.

841 4678 897 4734 8.
941 4678 1161 4734 Gustate
1195 4689 1244 4733 et
1270 4681 1430 4734 ridete
1473 4680 1718 4751 quoniam
1753 4682 1927 4734 suavis
1950 4692 2027 4735 est
2057 4680 2327 4736 Dominus.

770 4771 846 4826 Ex
877 4786 1026 4832 vero.
1069 4772 1264 4840 inquit,
1314 4787 1452 4840 pane
1502 4780 1749 4840 gustato,
1812 4772 1904 4839 qui
1939 4771 2220 4825 descendit
2265 4789 2332 4827 ex

769 4864 930 4918 ςωιυ.
961 4861 1154 4916 Beatus
1179 4865 1257 4915 rir
1297 4863 1386 4931 qui
1427 4873 1604 4931 sperat
1654 4862 1710 4914 in
1768 4877 1865 4926 eo;
1895 4861 2133 4916 futuram
2183 4864 2328 4917 enim

772 4957 935 5009 vitam
961 4963 1350 5022 consequetur.

845 5047 932 5100 10.
960 5045 1153 5099 Dirites
1182 5057 1427 5116 eguerunt
1453 5054 1501 5098 et
1522 5047 1838 5099 esui-ierunt.
1866 5044 2129 5100 Videlicet
2159 5061 2334 5115 popu-

775 5138 859 5190 lus
887 5135 1166 5190 Judaicus.
1201 5134 1529 5206 Inquireutes
1555 5146 1730 5190 autem
1771 5137 2048 5189 Dominum
2103 5154 2206 5189 non
2237 5138 2336 5189 mi-

776 5239 1000 5282 nuentur
1021 5230 1073 5281 in
1100 5229 1238 5304 omni
1271 5229 1422 5281 bono.
1443 5228 1622 5281 Alium
1641 5229 1773 5282 dicit
1795 5228 2031 5296 gentium
2057 5229 2336 5297 populum.

849 5408 935 5460 Η.
975 5406 1174 5467 Venite,
1205 5408 1326 5476 ﬁlii,
1365 5407 1544 5461 audite
1574 5424 1674 5471 me,
1706 5408 1944 5460 timorem
1998 5405 2206 5460 Domini
2238 5408 2333 5460 do-

779 5497 900 5551 cebo
927 5513 1079 5551 ros...
1104 5511 1151 5550 et
1181 5498 1253 5550 lat
1271 5498 1323 5550 ia
1356 5509 1445 5549 tua
1475 5515 1536 5551 ne
1562 5499 1846 5567 loquantur
1871 5497 2072 5551 dolum.
2128 5497 2341 5552 Doctri-

783 5600 910 5639 nam
947 5585 1199 5655 gentibus
1228 5587 1628 5654 praedicandam
1661 5587 1935 5657 preponit,
1982 5585 2139 5655 cujus
2162 5588 2341 5656 primo

786 5691 904 5733 esse
919 5677 995 5732 sit
1018 5677 1242 5731 timoren
1282 5676 1409 5734 Dei:
1440 5678 1802 5733 scrundonon
1829 5679 2132 5736 obtrectare
2151 5677 2342 5748 fratri;

863 5812 907 5843 τι
931 5810 1090 5867 Hebr.
1119 5830 1158 5870 ι.
1199 5816 1253 5870 li
1361 5818 1398 5850 "
1425 5817 1557 5874 Gen.
1595 5834 1779 5886 \Lviu,
1810 5818 1892 5876 15.

1988 5820 2165 5875 "Ceu
2219 5837 2365 5880 ut".
2406 5822 2492 5878 40.

2408 1944 2529 1995 Ὅτι
2554 1941 2617 2014 δὴ
2638 1943 2797 2008 σώζει
2821 1944 2946 2006 τοὺς
2969 1943 3286 2006 ἐλπίζοντας
3306 1943 3390 1994 ἐπ’
3415 1941 3595 2003 αὑτὸν,
3617 1941 3719 1992 οὐκ
3743 1939 3971 2007 ἀνέχεται

2411 2033 2567 2104 μόνος
2613 2035 2815 2102 ὑφῆναι
2855 2035 2946 2087 τὸν
2995 2035 3179 2106 ὕμνον,
3221 2035 3356 2089 ἀλλὰ
3402 2035 3528 2097 τοὺς
3571 2035 3854 2097 κοινωνοὺς
3885 2032 3974 2102 τῆς

2410 2125 2732 2193 πραότητος,
2762 2128 3048 2188 κοινωνοὺς
3065 2130 3296 2179 ποιεῖται
3319 2127 3418 2195 τῆς
3447 2125 3741 2197 ὑμνῳδίας.

2477 2218 2867 2283 Μεγαλύνατε
2892 2215 2997 2268 τὸν
3039 2218 3259 2284 Κύριον
3289 2217 3411 2270 σὺν
3435 2217 3585 2284 ἐμοὶ,
3621 2217 3720 2268 καὶ
3750 2214 3974 2283 epam-

2404 2323 2520 2375 μεν
2567 2305 2634 2359 τὸ
2681 2306 2868 2375 ὄνομα
2915 2307 3100 2362 αὐτοῦ
3143 2309 3477 2362 ἐπιτοαυτό.
3521 2308 3607 2370 Ὡς
3635 2309 3709 2377 μὴ
3746 2307 3975 2376 ἐξαρκῶν

2412 2397 2483 2449 τὰ
2509 2397 2773 2469 μεγαλεῖα
2800 2399 3108 2468 ἐξαγγεῖλαι
3134 2399 3228 2453 τοῦ
3259 2399 3415 2466 Θεοῦ,
3448 2404 3527 2464 εἰς
3565 2400 3725 2453 τοῦτο
3749 2400 3873 2452 αὐτὸ
3911 2399 3976 2461 ὡς

2412 2489 3010 2559 περισυλλαμϐἀνεσθαι
3043 2491 3138 2543 καὶ
3166 2494 3293 2555 τοὺς
3320 2493 3510 2556 ἄλλους
3551 2491 3693 2558 ἀξιοῖ
3731 2494 3821 2546 καὶ
3851 2509 3978 2560 συμ-

2413 2580 2696 2650 πράττειν.

2486 2671 2855 2739 Προσέλθετε
2899 2672 3047 2740 πρές
3089 2673 3294 2737 αὑτὸν,
3333 2676 3431 2728 καὶ
3473 2677 3825 2743 φωτίσθητε.
3873 2676 3978 2742 Ἀφ’

2415 2755 2490 2814 ὧν
2545 2761 2760 2825 ἐδέξατο
2807 2761 3102 2826 πεποιθὼς,
3157 2763 3252 2815 καὶ
3293 2764 3418 2826 τοὺς
3469 2763 3659 2828 ἄλλους
3707 2766 3788 2826 είς
3835 2761 3979 2816 τοῦτο

2417 2851 2626 2918 ἀνάγεμ

2499 2939 2690 3009 Οὗτος
2719 2947 2751 2996 ό
2788 2943 3022 3013 πτωχὸς
3061 2945 3379 3014 ἐκέκραξε,
3423 2948 3523 3000 καὶ
3555 2950 3585 3001 ὀ
3622 2949 3836 3017 Κύριος
3872 2951 3980 3002 εἰσι

2420 3033 2692 3098 ἤκουσεν
2733 3035 2940 3087 αὐτόν.
2993 3033 3230 3096 Μάθετε,
3261 3036 3444 3105 φησὶν,
3487 3037 3549 3088 ἐκ
3594 3035 3702 3087 τῶν
3752 3038 3865 3088 κατ’
3894 3038 3979 3105 ἐμὲ

2425 3124 2645 3194 θαρρεῖν
2678 3123 2756 3193 τῷ
2794 3123 2900 3175 τῶν
2934 3125 3068 3176 ὅλων
3101 3124 3238 3195 Θεῷ.
3272 3125 3475 3196 Εὐτελῆ
3504 3127 3611 3197 γὰρ
3638 3126 3766 3179 ὄντα
3799 3145 3862 3198 με
3901 3129 3982 3179 καὶ

2425 3213 2718 3284 προϐατὲα.
2741 3214 2838 3284 τῆς
2863 3214 3067 3277 οἰκείας
3097 3216 3437 3286 προμηθείας
3462 3217 3681 3286 ἠξίωσε,
3703 3220 3794 3272 καὶ
3824 3219 3981 3289 κρείτ-

2423 3321 2553 3358 τονα
2573 3304 2680 3358 τῶν
2712 3305 3088 3376 πολεμούντων
3114 3307 3376 3379 ἀπέφηνε.

2495 3485 2869 3553 Παρεμϐανῑεῒ
2889 3486 3140 3555 ἄγγελος
3164 3487 3384 3554 Κυρίου
3411 3487 3615 3548 κύκλῳ
3642 3485 3762 3539 τῶν
3782 3488 3982 3555 Ere-0501;-

2420 3575 2620 3644 μένων
2647 3577 2852 3643 αὐτὸν,
2871 3578 2970 3630 καὶ
2990 3579 3240 3646 ῥύσεται
3261 3579 3504 3645 αὐτούς.
3524 3578 3694 3631 Τοῦτο
3723 3581 3985 3650 συμφωνεῖ

2426 3669 2520 3720 καὶ
2555 3666 2650 3719 τοῦ
2695 3669 3015 3722 Ἀποστόλου
3053 3673 3166 3734 τοῖς
3203 3672 3427 3741 ῥήμασι·
3462 3672 3588 3739 περὶ
3624 3670 3733 3742 γὰρ
3767 3671 3871 3723 τῶν
3896 3672 3976 3737 ἁγ-

2427 3760 2600 3828 γέλων
2633 3753 2787 3824 οὗτος
2820 3779 3004 3831 φησιν·
3042 3763 3187 3829 Οὐχὶ
3218 3762 3440 3828 πάντες
3474 3764 3593 3816 εὶσὶ
3625 3767 3985 3834 λειτουργικὰ

2429 3851 2737 3920 πνεύματα
2794 3855 2879 3918 εἰς
2938 3854 3314 3924 λειτοιφγιίαν
3365 3856 3862 3926 ἀποστελῑόμενα
3901 3856 3986 3910 δκά

2428 3942 2572 4007 τοὺς
2631 3942 2972 4012 μέλλοντας
3017 3945 3416 4015 κληρονομεῖν
3461 3949 3785 4016 σωτηρίαν.
3848 3947 3988 4002 Οὕτω

2431 4036 2522 4088 καὶ
2559 4037 2586 4087 ὁ
2614 4036 2879 4106 μακάριος
2915 4035 3108 4088 Ἰακὼϐ
3135 4038 3566 4108 προσευχόμενός
3595 4057 3774 4111 φησιν’
3817 4040 3872 4092 Ὀ
3895 4039 3986 4107 ἅγ-

2431 4130 2605 4197 γελος
2635 4128 2666 4178 ό
2683 4123 3030 4194 ῥυσάμενος
3045 4145 3122 4197 με
3147 4128 3214 4181 ὲκ
3237 4127 3477 4182 πάντων
3498 4127 3616 4183 τῶν
3638 4129 3838 4185 κακῶν
3854 4149 3977 4200 μου.

2433 4217 2588 4269 Οὕτω
2623 4219 2716 4268 καὶ
2760 4217 2789 4268 ὁ
2830 4219 3172 4289 πατριάρχης
3216 4219 3466 4290 ’Δὸραὰμ
3495 4221 3630 4293 πρὸς
3656 4222 3747 4275 τὸν
3791 4223 3982 4292 θαυμά-

2435 4326 2547 4361 σιον
2592 4310 2806 4381 οἰκέτην
2844 4309 2978 4380 ἔφη·
3029 4312 3237 4379 Κύριος
3267 4314 3300 4364 ό
3342 4313 3485 4378 Θεὸς
3532 4314 3862 4368 ἀποστελεῖ
3897 4313 3988 4367 τὸν

2435 4400 2692 4470 ἄγγελον
2735 4401 2920 4455 αὑτοῦ
2975 4402 3087 4469 πρὸ
3133 4402 3455 4469 προσώπου
3500 4420 3651 4471 σου,
3689 4407 3786 4460 καὶ
3831 4406 3987 4475 λήψῃ

2364 4517 2413 4574 D
2438 4491 2692 4560 γυναῖκα
2722 4490 2801 4556 τῷ
2824 4491 2931 4556 υἱῷ
2962 4509 3081 4561 μου
3143 4493 3337 4548 Ἰσαὰκ
3379 4495 3626 4550 ἐκεῖθεν.
3656 4497 3812 4551 Οὕτω
3848 4499 3934 4551 καὶ
3965 4498 3989 4546 ὸ

2443 4583 2708 4654 μακάριος
2733 4581 2878 4652 λέγει
2902 4584 3196 4654 Ζαχαρίας·
3224 4586 3276 4637 Ὀ
3303 4586 3604 4656 ἅγγελοςό
3631 4589 3838 4643 λαλῶν
3855 4591 3987 4658 ἐμοί.

2510 4675 2860 4738 Γεύσασθε,
2903 4679 3000 4728 καὶ
3047 4675 3222 4739 were,
3255 4677 3343 4730 ὅτι
3390 4680 3650 4748 χρηστὸς
3697 4685 3732 4735 ὀ
3773 4683 3985 4749 Κύριος.

2439 4761 2543 4815 Τοῦ
2578 4763 2826 4833 ἀληθινοῦ
2856 4765 3041 4836 ἄρτου,
3066 4769 3218 4837 φησὶ,
3249 4768 3534 4834 γεύσασθε,
3559 4769 3650 4823 τοῦ
3676 4772 3990 4830 καταϐάντος

2439 4853 2496 4920 ἐξ
2529 4854 2777 4924 οὐρανοῦ.
2824 4855 3122 4923 Μακάριος
3155 4858 3310 4926 ἀνὴρ
3344 4859 3407 4926 ὃς
3434 4861 3652 4921 ἐλπίζει
3677 4861 3773 4914 ἐπ’
3804 4862 3986 4916 αὐτόν·

2436 4945 2545 5011 ἕξει
2572 4947 2677 5015 γὰρ
2709 4947 2806 5018 τὴν
2841 4946 3138 5017 μέλλουσαν
3164 4949 3326 5021 ζωήν.

2511 5041 2799 5092 Πλούσιοι
2829 5038 3219 5107 ἐπτώχευσαν
3248 5042 3345 5096 καὶ
3386 5044 3738 5100 ἐπείνασαν.
3765 5044 3991 5116 Δηλονότι

2440 5131 2468 5182 ὁ
2499 5130 2606 5182 τῶν
2648 5131 2913 5183 Ἰουδαίων
2959 5131 3103 5195 λαός.
3146 5137 3211 5187 Οἱ
3253 5133 3322 5187 δὲ
3353 5135 3738 5204 ἐκζητοῦντες
3768 5138 3870 5192 τὸν
3896 5137 3992 5190 Ku-

2434 5239 2572 5290 ριον
2617 5225 2728 5275 οὐκ
2787 5223 3302 5293 ὲλαττωθήσοι-ται
3338 5229 3562 5295 παντὸς
3611 5230 3858 5298 ἀγαθοῦ.
3907 5227 3992 5281 Τὸν

2444 5314 2627 5383 ἕτερον
2659 5314 2802 5382 λέγει
2826 5314 2918 5366 τὸν
2950 5315 3058 5367 τῶν
3090 5316 3280 5369 ἐθνῶν.

2511 5405 2706 5468 Δεῦτε,
2735 5404 2933 5466 τέκνα,
2960 5406 3257 5460 ἁλούσατὲ
3283 5425 3426 5475 μου·
3455 5411 3643 5478 φόϐον
3676 5412 3892 5480 Κυρίου
3921 5406 3992 5460 δι-

2444 5496 2604 5559 δάξω
2633 5495 2787 5564 ὑμᾶς
2817 5535 2831 5549 .
2869 5538 2882 5549 .
2916 5538 2929 5551 .
2968 5538 2985 5554 .
3017 5537 3030 5550 .
3064 5538 3076 5550 .
3110 5499 3208 5552 καὶ
3241 5500 3412 5568 χείλη
3442 5518 3558 5555 σου
3592 5503 3699 5556 τοῦ
3724 5502 3810 5571 μὴ
3837 5497 3994 5562 πλοῖ’

2447 5606 2552 5643 σαι
2613 5592 2816 5642 δόλον.
2867 5590 3223 5644 Διδασκαλῐαν
3275 5592 3443 5649 ἐθνῶν
3505 5595 3890 5664 παρατίθεται,
3938 5585 3994 5658 ἧς

2452 5681 2666 5752 πρῶτον
2694 5681 2784 5733 τὸν
2813 5682 2973 5750 ςόϐον
3015 5684 3107 5736 τοῦ
3147 5684 3280 5738 Ε)εοῦ
3316 5680 3454 5739 εἶναί
3488 5703 3618 5758 φησι
3638 5706 3652 5718 ·
3682 5686 3920 5757 δεύτερον
3946 5683 3993 5733 τὸ

2573 5824 2615 5855 ’³⁷
2654 5821 2880 5877 Zachar.
2923 5837 2979 5887 ll,
3016 5822 3068 5877 5.
