4102 6312
150 368 233 421 169
1175 365 1540 421 EXPOSITIO
1598 366 1663 418 IN

1791 362 2030 418 ALMUM
2072 363 2309 420 XXXIV.

3249 373 3351 426 170

146 485 208 553 μὴ
231 483 545 536 καταλαλεῖν
573 483 797 553 ἀδελφοῦ
819 501 831 511 ·
867 482 1070 553 τρίτον,
1100 483 1248 535 δόλου
1275 484 1470 547 παντὸς
1498 482 1685 535 παύειν

1791 480 1966 541 tertio,
2004 480 2070 533 ab
2098 479 2245 533 omni
2282 479 2473 534 doloso
2499 479 2641 533 dicto
2673 480 2811 534 labia
2872 496 3157 550 coercere;
3185 500 3351 554 quar-

142 572 199 621 t‘z
223 571 392 640 χείλη·
421 572 695 641 τέταρτον,
725 572 930 642 ἀποχὴν
959 573 1155 634 παντὸς
1184 572 1352 625 κακοῦ
1378 575 1470 625 καὶ
1503 576 1690 643 ἐπιτή-

142 661 302 713 δευσιν
343 663 552 730 ἀγαθοῦ
598 666 653 715 ὲν
688 665 905 719 ἅπασιν.
965 666 1077 733 Ἐφ’
1125 664 1325 717 ἅπασι-ι
1370 666 1425 718 δὲ
1463 666 1688 728 τούτοις.

144 753 347 822 εἰρήνην
401 752 708 806 ἐπιδιώκειν
754 756 845 807 καὶ
892 754 1207 824 ἀντέχεσθαι
1259 756 1445 825 αὐτῆς.
1489 757 1693 827 Εἰρήνη

144 844 188 895 δὲ
214 846 239 895 ὁ
275 845 528 914 Χριστός.
562 845 775 898 Τούτων
799 846 854 898 δὲ
1022 845 1360 916 ἐπιτήδευσιν
1392 845 1532 916 ζωὴν
1560 841 1693 898 εἶναι

144 933 275 1001 λέγει
307 936 402 986 καὶ
430 935 641 1005 ἡμέρας
664 936 891 1003 ἀγαθάς.

208 1027 530 1079 Ἕκκλινον
567 1027 685 1080 ἀπὸ
739 1026 949 1089 κακοῦ,
995 1027 1091 1080 καὶ
1134 1028 1395 1093 ποίησον
1432 1027 1688 1095 ἀγαθόν·

141 1115 386 1183 ζήτησον
410 1117 677 1185 εἰρήνην,
700 1119 796 1171 καὶ
823 1118 1036 1182 δίωξον·
1058 1117 1267 1185 αὑτήν.
1296 1118 1387 1179 Τὸ,
1410 1118 1695 1172 ἓκκλινοι·

141 1205 246 1258 ἀπὸ
274 1208 486 1271 κακοῦ,
513 1210 542 1259 ὁ
575 1208 735 1277 φόϐος
761 1209 1026 1262 διδάσκει·
1051 1210 1112 1261 τὸ
1143 1210 1229 1272 δὲ,
1261 1210 1517 1275 ποίησον
1555 1210 1694 1277 ἀγα-

141 1296 255 1357 θὸν,
284 1300 315 1367 ἡ
340 1299 553 1369 ἀγάπη.
578 1300 669 1351 Διὸ
694 1300 892 1369 μείζων
918 1302 945 1352 ὁ
970 1298 1196 1368 ἀγαπῶν
1225 1299 1317 1351 τοῦ
1341 1298 1691 1369 φοϐουμένου..

209 1388 522 1457 Ὁφθαλμοὶ
553 1391 770 1458 Κιιρίου
796 1390 893 1443 ἐπὶ
919 1391 1207 1457 δικαίους,
1240 1392 1337 1445 καί
1365 1386 1484 1444 ὦτα
1507 1392 1694 1445 αὑτοῦ

140 1482 215 1543 τίς
241 1478 453 1547 δέησιν
496 1482 714 1537 αὐτῶν.
748 1482 935 1549 Μέγαν
973 1486 1039 1553 τῇ
1082 1481 1421 1553 ἐπιτηδεύσει
1446 1483 1543 1552 τῆς
1570 1483 1694 1553 ἀρε-

139 1574 223 1640 τῆς
244 1572 547 1627 ἀποδέδωκε
571 1574 777 1645 μισθὸν,
810 1575 866 1627 τὸ
895 1574 1135 1645 ὲπόπτην
1158 1574 1301 1644 ἔχειν
1331 1575 1480 1627 Θεόν.

200 1753 507 1807 Φυλάσσει
536 1755 748 1823 Κύριος
774 1754 966 1807 πάντα
993 1754 1063 1807 τὰ
1096 1752 1247 1808 ὀστᾶ
1271 1753 1489 1808 αὐτῶν.
1533 1754 1694 1806 Ὀστᾶ

1788 579 1871 630 to,
1908 569 2179 621 abstinere
2204 567 2272 621 ab
2300 568 2444 620 omni
2474 569 2638 630 malo,
2689 578 2743 622 et
2782 585 2966 623 curam
2992 571 3044 623 in
3086 574 3342 627 omnibus

1792 660 1985 730 agendi
2012 660 2138 712 boni
2167 658 2380 712 habere.
2405 658 2483 711 Ad
2513 660 2625 713 hac
2651 660 2859 724 omnia,
2882 676 3069 730 pacem
3094 666 3346 734 persequi

1793 761 1846 804 et
1884 750 2125 819 adipisci.
2162 749 2271 804 Pax
2304 758 2483 803 autem
2519 750 2771 805 Christus
2819 762 2921 806 est.
2955 753 3226 809 Harumce
3257 771 3344 809 re-

1792 859 1912 896 rum
1962 843 2408 909 sollicitudinem,
2434 844 2509 896 ait
2542 844 2705 896 vitam
2737 858 2860 897 esse
2890 852 2944 898 et.
2988 845 3105 900 dies
3152 846 3346 904 bonos.

1865 1019 1949 1073 H.
1994 1018 2208 1075 Declina
2236 1040 2267 1075 a
2294 1024 2434 1075 malo
2455 1032 2503 1075 et
2529 1024 2614 1092 [ac
2644 1025 2831 1077 bonum
2869 1041 2885 1078 :
2923 1027 3125 1095 inquire
3150 1041 3351 1095 pacem,

1789 1117 1840 1160 et
1867 1124 2167 1178 persequere
2198 1127 2333 1165 eam.
2389 1111 2544 1175 Illud,
2581 1114 2780 1167 declina
2835 1133 2866 1167 a
2901 1116 3061 1179 malo,
3103 1116 3260 1171 docet
3289 1120 3355 1171 ti-

1795 1214 1947 1253 mor:
1980 1201 2081 1255 hoc
2108 1216 2257 1266 vero,
2288 1212 2335 1255 et
2376 1203 2461 1271 fac
2489 1202 2699 1271 bonum,
2735 1222 2909 1261 amor.
2942 1206 3121 1273 Quare
3154 1225 3348 1265 amans

1796 1291 2015 1346 timente
2038 1295 2401 1361 praestantior.

1867 1380 1952 1434 15.
1991 1382 2144 1435 Oculi
2175 1381 2389 1435 Domini
2439 1400 2594 1454 super
2646 1385 2845 1454 justas,
2878 1397 2927 1440 et
2958 1404 3110 1442 aures
3151 1388 3264 1457 ejus
3297 1391 3354 1442 it

1794 1486 1967 1539 preces
1996 1487 2197 1526 eorum.
2227 1471 2473 1542 Magnam
2498 1475 2679 1529 studio
2705 1475 2917 1530 virtutis
2936 1477 3123 1531 tribuit
3149 1493 3329 1532 merce

1795 1562 1938 1627 dem,
1968 1563 2111 1632 quod
2157 1564 2366 1619 scilicet
2397 1566 2753 1635 inspectorem
2786 1576 2839 1621 et
2859 1576 3091 1623 tutorem
3119 1570 3352 1625 habeant

1798 1650 1986 1705 Deum.

1865 1748 1952 1801 2L
2008 1748 2249 1804 Custodit
2293 1750 2549 1805 Dominus
2583 1757 2757 1807 omnia
2788 1772 2909 1809 ossa
2971 1774 3171 1811 eorum.
3212 1757 3347 1813 Ossa

140 1861 257 1918 σησι
284 1844 381 1906 τὰς
408 1845 507 1915 τῆς
538 1844 715 1915 ψυχῆς
738 1845 1012 1915 δυνάμεις.
1037 1844 1182 1897 Mittit
1209 1844 1266 1896 δέ
1294 1846 1399 1897 είσι
1426 1842 1695 1896 δικαιοσύ-

1794 1840 2019 1896 virtutes
2042 1843 2211 1896 animi
2238 1843 2390 1899 dicit.
2424 1843 2541 1913 Ipsa
2572 1860 2701 1899 vero
2742 1857 2870 1901 sunt
2908 1848 3140 1917 justitia,
3168 1866 3353 1919 perse-

140 1954 215 2005 νη.
238 1937 522 2007 καρτερία,
558 1936 807 1989 εὐσέϐεια
841 1937 934 1989 καὶ
971 1936 1139 1994 πᾶσα.
1181 1935 1255 1997 ὡς
1284 1937 1474 1997 εἰπεῖν,
1503 1935 1667 2006 ἀρετή

202 2025 459 2091 Θάνατος
502 2025 861 2095 ἁμαρτωλῶν
899 2027 1179 2093 πονηρός.
1223 2025 1327 2077 Τὸν
1372 2024 1470 2093 τῆς
1521 2023 1694 2091 ψυχῆς

140 2115 349 2169 θάνατόν
380 2135 567 2188 φησιν,
596 2117 655 2170 ὃν
690 2119 784 2171 καὶ
819 2117 1118 2183 διαδέξεται
1158 2115 1269 2187 πῦρ
1298 2114 1532 2177 αἰώνιον,
1572 2114 1694 2167 σκό-

138 2225 217 2270 τος
261 2208 520 2279 ἐξώτερον
542 2250 558 2271 ,
612 2209 907 2296 άκοίμητος
962 2206 1213 2278 σκώληξ,
1270 2206 1541 2277 κλαυθμὸς
1600 2206 1693 2259 καὶ

139 2300 360 2369 ὀδυρμὸς
385 2300 494 2352 τῶν
520 2300 764 2354 ὀδόντων.
794 2302 989 2355 Γέεννα
1020 2299 1129 2371 γὰρ
1158 2301 1351 2362 αὐτοὺς
1382 2302 1477 2353 καὶ
1506 2300 1692 2360 σκότος

138 2390 406 2462 ὄιεδέχετα

516 2508 817 2559 ΨΑΔΜῸΣ
841 2505 919 2570 τῷ
947 2505 1145 2561 Δαυΐδ.
1177 2506 1298 2558 AA'.

759 2619 1079 2684 Ὑπόθεσις.

148 2729 237 2786 Ἐκ
265 2733 553 2805 προσώπου
589 2732 681 2787 ⁸1.ποῦ
706 2733 1019 2796 πεποιθότος
1042 2734 1133 2787 ἐπὶ
1151 2733 1282 2786 Θεὸν
1309 2731 1401 2785 καὶ
1431 2728 1692 2796 πολεμου-

207 2836 361 2893 μενου
396 2818 504 2878 ὑπὸ
546 2825 656 2879 τῶν
684 2826 903 2895 ἀφανῶν
930 2825 1209 2893 δυνάμεων
1254 2822 1322 2874 τά
1360 2819 1691 2891 προκείμενα

200 2914 431 2983 λέγεται,
456 2916 491 2985 ἢ
523 2915 618 2969 καὶ
643 2916 707 2968 ὲκ
767 2916 858 2968 τοῦ
892 2913 1051 2987 χοροῦ
1082 2913 1188 2966 τῶν
1220 2910 1544 2965 ἀποστόλων.
1573 2910 1692 2962 Εἰσ-

202 3006 384 3073 άγεται
433 3006 491 3058 δὲ
535 3006 628 3058 καὶ
656 3006 939 3076 πρόσωπον
973 3003 1064 3057 τοῦ
1098 3001 1354 3074 Χριστοῦ,
1384 3001 1453 3055 τὰ
1500 3000 1590 3053 ἐπὶ
1616 2999 1691 3070 τῷ

203 3094 353 3148 πάθει
380 3094 533 3165 παρὰ
581 3094 690 3147 τῶν
734 3095 998 3150 Ἰουδαίων
1042 3096 1120 3157 εἰς
1159 3093 1317 3146 αὑτὸν
1356 3091 1690 3162 γεγενημένα

202 3186 550 3257 διηγουμένου
574 3228 587 3251 ,
636 3188 769 3257 πρὸς
804 3186 1075 3259 ὑπομονὴν
1122 3185 1216 3238 καὶ
1265 3183 1556 3256 καρτερίαν
1583 3182 1690 3235 τῶν
1716 3169 1757 3223 (ἶ

208 3278 327 3330 πολε
336 3295 437 3347 μου
447 3278 621 3347 μένων
653 3278 738 3330 διὰ
769 3277 920 3331 Θεόν.

198 3371 473 3428 Δίκασον,
506 3370 702 3435 Κύριε,
744 3368 885 3433 τοὺς
920 3364 1277 3430 ἀδικοῦντάς
1303 3380 1401 3431 με,
1433 3360 1679 3429 πολέμη-

136 3476 242 3512 σον
268 3460 407 3526 τοὺς
432 3458 843 3528 πολεμῦπάς
867 3475 961 3527 με,
994 3454 1082 3525 Τῷ
1117 3453 1387 3526 προσώπῳ
1413 3452 1519 3505 τῶν
1557 3454 1691 3505 ἀπο-

140 3551 323 3605 πόλων
349 3553 585 3622 ἁρμόσει
616 3554 649 3621 ἠ
683 3550 956 3623 πρόσοδος.

202 3644 331 3705 Τοὶς
370 3643 657 3706 Ἰουδαίους
698 3643 881 3715 φησιν,
922 3644 971 3696 οἳ
1017 3644 1091 3716 μὴ
1129 3644 1340 3713 ἔχοντες
1380 3645 1436 3696 ὲν
1478 3644 1687 3704 ἑαυτοῖς

139 3734 363 3803 εἰρήνην,
398 3733 663 3801 πολέμους
694 3734 888 3807 έχουσι,
919 3737 1012 3790 καὶ
1036 3736 1327 3807 πολεμοῦσι
1354 3736 1603 3808 Χριστὸν,
1629 3735 1685 3797 ὅς

138 3826 269 3877 ἐστιν
288 3827 481 3897 εἰρήνη
510 3826 686 3897 ἡμῶν.
714 3827 1006 3897 (Hactenus
1034 3828 1264 3896 Greca.)

1793 1934 2052 1993 verantia,
2090 1934 2282 2002 pietas,
2314 1944 2387 1996 et,
2419 1946 2479 1989 ut
2507 1936 2707 1999 dicam,
2738 1939 2912 1994 virtus
2934 1943 3133 1997 omnis.

1862 2021 1953 2075 τε.
2000 2021 2146 2076 Mors
2176 2034 2508 2091 peccatorum
2564 2029 2808 2095 pessima.
2858 2031 3067 2088 Anime
3118 2044 3345 2090 mortem

1794 2112 2065 2183 intelligit,
2134 2130 2298 2183 quam
2344 2116 2615 2185 excipient
2645 2118 2784 2189 ignis
2828 2131 3089 2189 aeternus,
3121 2127 3353 2181 tenebrae

1795 2206 2116 2270 exteriores,
2150 2207 2352 2262 vermis
2387 2224 2661 2279 nunquam
2720 2212 3035 2279 moriturus,
3087 2218 3241 2271 ﬂetus
3300 2232 3353 2275 et

1788 2298 1992 2351 stridor
2008 2299 2269 2353 dentium.
2290 2300 2545 2357 Gehenna
2563 2302 2759 2372 quippe
2785 2313 2839 2358 et
2854 2306 3082 2361 tenebrae
3098 2323 3192 2362 eos
3206 2309 3354 2364 excio

1792 2390 1963 2458 piunt.

2139 2498 2475 2555 PSALMUS
2519 2501 2707 2556 David.
2734 2504 2925 2557 XXXI
2940 2505 2999 2557 V.

2371 2617 2409 2669 A
2423 2623 2767 2686 rgumentum.

1792 2727 2074 2797 Proposita
2107 2729 2268 2782 verba
2303 2729 2560 2783 dicuntur
2601 2746 2661 2784 ex
2693 2746 2922 2799 persona
2943 2734 3062 2801 ejus
3112 2734 3206 2803 qui
3235 2732 3345 2789 Deo

1864 2817 2139 2873 conlidens
2179 2818 2247 2871 ab
2306 2820 2534 2874 occultis
2585 2821 2942 2889 potestatibus
2981 2834 3340 2894 oppugnatur,

1865 2919 1958 2965 aut
1979 2908 2211 2965 fortasse
2244 2926 2307 2963 ex
2334 2925 2565 2980 persona
2618 2913 2766 2967 chori
2812 2915 3203 2983 apostolorum.
3261 2915 3321 2974 In

1864 3002 2081 3056 ducitur
2109 3002 2235 3056 item
2284 3018 2514 3070 persona
2554 3002 2760 3060 Christi
2800 3021 2864 3061 ea
2890 3009 3197 3064 enarrantis
3225 3026 3345 3079 quae

1867 3091 1966 3147 sibi
2000 3101 2239 3161 tempore
2273 3092 2548 3149 Passionis
2572 3111 2601 3149 a
2630 3094 2829 3152 iudicis
2862 3097 3009 3153 illata
3038 3113 3164 3155 sunt
3187 3102 3346 3157 mala.

1861 3184 1928 3237 ad
1962 3183 2236 3252 patientiae
2280 3194 2334 3239 et
2376 3188 2788 3254 perseverantia:
2839 3189 3239 3245 hortamentum
3285 3192 3351 3247 iis

1863 3275 1953 3342 qui
1975 3284 2189 3343 propter
2215 3274 2385 3329 Deum
2419 3276 2823 3346 impugnantur.

1867 3370 1917 3419 1.
1950 3366 2165 3430 Judica,
2196 3367 2436 3434 Domine,
2485 3382 2722 3426 nocentes
2758 3390 2857 3439 me,
2915 3391 3155 3446 expugna
3181 3378 3349 3441 impu-

1791 3466 2006 3527 gnanm
2058 3473 2155 3512 me.
2212 3457 2465 3512 Persona:
2518 3462 2886 3529 apostolorum
2940 3468 3193 3521 convenit
3224 3483 3349 3536 snp-

1793 3548 2023 3616 plicatio.

1868 3637 2054 3691 Daniel
2082 3637 2369 3695 Barbarus.
2400 3639 2785 3710 Oppugnantes
2813 3641 3031 3699 Judaeos
3073 3645 3347 3718 intelligit,

1792 3731 1906 3799 qui,
1931 3746 2054 3786 cum
2088 3731 2141 3784 in
2178 3747 2235 3785 se
2258 3748 2444 3799 pacem
2474 3748 2578 3786 non
2614 3734 2868 3797 habeant,
2915 3738 3113 3793 bellum
3155 3740 3351 3794 habent

1791 3831 1844 3875 et
1882 3831 2197 3891 oppugnant
2218 3822 2519 3886 Christum,
2551 3824 2643 3892 qui
2672 3834 2755 3880 est
2786 3842 2887 3895 pax
2923 3838 3128 3883 nostra.
3168 3829 3231 3884 Et
3251 3848 3345 3886 ex-

139 3932 372 3989 pagnans
416 3919 558 3974 Deus
598 3917 884 3981 benefacit,
920 3920 1020 3973 hos
1076 3918 1290 3989 quidem
1344 3918 1545 3988 justus,
1586 3917 1708 3969 illos
1745 3927 1872 3966 vero
1904 3912 2111 3967 amicos
2144 3911 2369 3976 faciens,
2403 3920 2457 3965 et
2507 3913 2811 3982 impediens
2846 3917 3086 3973 actiones
3118 3936 3239 3989 qua:
3286 3923 3339 3977 in

136 4016 360 4068 deterius
398 4013 780 4083 prolabuntur.

210 4103 524 4159 Ἐπιλαόοῦ
555 4104 745 4160 ὅπλου
778 4104 873 4159 καί
900 4105 1131 4174 θυρεοῦ,
1158 4105 1253 4159 καί
1279 4104 1569 4170 ἀνάστηθι
1600 4106 1686 4169 εἰς

1861 4111 1913 4167 2.
1958 4112 2290 4180 Apprehende
2312 4130 2464 4166 arma
2490 4123 2538 4166 et
2562 4123 2790 4180 scutum,
2818 4128 2868 4170 et
2916 4134 3134 4188 exsurge
3159 4122 3214 4175 in
3254 4123 3352 4175 ad-

134 4189 237 4255 τὴν
256 4191 554 4257 ,ϐοήθειάν
576 4210 713 4261 μου.
750 4193 946 4247 Ὄπλον
969 4196 1062 4248 καὶ
1088 4194 1275 4265 θυρεὸν
1296 4194 1385 4247 καὶ
1413 4195 1686 4264 ῥομφαίαν

1791 4202 2042 4268 intorium
2072 4203 2220 4266 mihi,
2248 4214 2352 4257 etc.
2380 4204 2567 4266 Arma,
2592 4215 2828 4274 scutum,
2860 4205 3089 4272 framea,
3122 4212 3348 4268 ultrices

134 4284 505 4354 τιμωρητικὰς
524 4285 776 4354 δυνάμεις
806 4285 1113 4348 αἰνίττεται,
1144 4286 1242 4349 τὰς
1268 4285 1687 4355 ἐπιπεμπομένας

138 4375 276 4445 παρὰ
300 4375 511 4446 Κυρίου
538 4376 672 4445 πρὸς
697 4376 1009 4447 ἐπικουρίαν
1035 4376 1142 4429 τῶν
1164 4376 1403 4430 δικαίων.

204 4462 388 4520 Εἶπον
428 4464 507 4534 τῇ
552 4465 725 4535 ψυχῇ
762 4484 897 4535 μου⁴
940 4465 1202 4533 Σωτηρία
1246 4468 1359 4520 σού
1401 4470 1516 4535 ειμι
1556 4466 1685 4536 ἐγώ.
1721 4474 1769 4530 0

138 4556 295 4610 τοῦτό
336 4574 419 4620 σε,
461 4558 648 4626 φησὶν,
672 4557 806 4610 αίτῶ
841 4560 1011 4611 εἰαίν
1041 4559 1107 4627 τῇ
1150 4556 1293 4628 ψυχῇ
1340 4574 1471 4628 μου,
1502 4560 1578 4623 ὡς
1603 4575 1691 4627 γε·

138 4648 265 4717 νήσῃ
292 4649 433 4718 αὐτῇ
463 4646 673 4722 βοηθός.

216 4738 790 4808 Ἀκοστραφήτωσαν
814 4742 899 4805 εἰς
922 4739 993 4793 τὰ
1026 4741 1235 4794 ὀπίσω.
1269 4739 1688 4812 Εὐεργετοῧνται

135 4831 182 4880 οἱ
210 4831 311 4883 ἀπὸ
337 4832 437 4901 τῆς
462 4830 662 4903 ἀρετῆς
687 4830 778 4882 ἐπὶ
810 4830 907 4900 τὴν
940 4831 1135 4883 κακίαν
1170 4828 1462 4892 ὁδεύοντες,
1491 4832 1586 4882 ἐὰν
1610 4831 1688 4892 εἰς

136 4922 201 4970 τὶ
223 4921 393 4973 ὀπίσω
423 4924 582 4974 ὲπιστ
590 4921 847 4991 ραφῶστν.

219 5010 460 5063 Ἐλθέ-τω
503 5007 662 5073 αὐτῷ
691 5010 729 5078 ή
766 5008 943 5078 uarii;
970 5007 1048 5075 ἣν
1073 5010 1142 5062 οὐ
1184 5008 1479 5078 γινώσκει.
1511 5009 1608 5062 καὶ
1651 5010 1687 5075 ἠ

136 5100 280 5167 θιξρα
320 5099 402 5166 ἢν
443 5100 707 5166 ἔκρυψεν
752 5098 1099 5153 συλλαϐέτω
1137 5100 1344 5163 αὐτὸν,
1386 5098 1482 5152 καὶ
1508 5100 1576 5153 ἐν
1616 5098 1689 5167 τῇ

136 5192 331 5260 xerit:
360 5190 629 5244 πεσεῖται
655 5191 725 5243 ἐν
758 5189 929 5259 αὐτῇ.
977 5190 1341 5264 Ἀντεστράφη
1368 5189 1476 5263 γάρ
1502 5193 1579 5255 εἰς
1608 5208 1691 5244 κε-

136 5285 299 5349 φαλάς
322 5281 573 5353 πονηρῶν
594 5285 626 5352 ἡ
644 5282 826 5351 παγίς.
841 5282 1209 5354 Θηρεύσαντες
1227 5283 1355 5355 γάρ,
1369 5285 1447 5347 είς
1468 5282 1689 5337 θάνατον

134 5375 593 5444 ἁπηγρεύθησαν,
628 5373 721 5425 καὶ
745 5372 955 5444 θανάτῳ
983 5374 1378 5445 παραδίδονται.

216 5466 271 5517 Ἠ
298 5464 365 5517 δὲ
400 5462 572 5533 ψυχή
608 5480 729 5533 μου
770 5464 1192 5532 dun/uideam:
1224 5466 1323 5519 ἐπὶ
1368 5465 1448 5530 τῷ
1476 5467 1685 5535 Κυρίῳ.

132 5558 194 5608 Oi
238 5557 331 5625 μὲν
372 5551 466 5608 οὖν
490 5557 589 5625 τὴν
634 5556 814 5623 πάγην
854 5555 1226 5628 ὲξηρτυκὸτες,
1246 5559 1337 5611 καὶ
1363 5556 1422 5611 τὸ
1452 5558 1550 5628 τῆς
1576 5559 1689 5612 δια-

134 5651 329 5720 $6095,-
374 5647 520 5700 κατὰ
565 5646 660 5700 τοῦ
707 5647 921 5699 πάντων
970 5651 1125 5719 ἡμῶν
1168 5650 1415 5720 Σωτῆρος
1455 5649 1687 5721 Χριστοῦ

135 5740 405 5804 συνθέντες
451 5735 800 5808 damnantia,
833 5736 930 5800 τὰς
958 5740 1057 5809 τῆς
1098 5742 1177 5801 είς
1224 5740 1383 5792 αὐτὸν
1414 5740 1687 5811 παροινίας

447 5833 720 5891 Parnm"
766 5830 884 5890 GR.
946 5831 1203 5893 XXVII.

1792 4292 2118 4347 adumbrant
2172 4303 2492 4363 potestates,
2527 4310 2557 4349 a
2607 4294 2837 4352 Domino
2864 4299 2931 4353 ad
2982 4315 3140 4369 opem
3180 4303 3349 4372 justis

1794 4381 2065 4437 ferendam
2108 4384 2400 4439 immissas.

1867 4474 1919 4528 5.
1953 4472 2051 4526 Dic
2080 4475 2270 4527 animo:
2297 4491 2459 4530 metu:
2489 4476 2648 4531 Salus
2671 4486 2762 4531 tua
2794 4494 2883 4548 ego
2920 4496 3056 4533 sum.
3094 4480 3147 4535 Id
3184 4490 3235 4536 te
3260 4498 3350 4536 ro-

1790 4580 1877 4632 go,
1911 4564 2105 4633 inquit,
2144 4565 2418 4621 ntanitnze
2455 4582 2589 4622 mea:
2633 4567 2785 4623 dicas
2817 4578 2868 4622 te
2924 4569 2998 4623 illi
3042 4571 3345 4640 adjutorem

1791 4655 2056 4709 futurum.

1860 4739 1911 4791 4.
1934 4739 2251 4794 Auertantur
2284 4752 2589 4796 retrorsum.
2619 4742 2765 4798 Bene
2786 4743 2961 4813 agitur
2995 4761 3117 4800 cum
3145 4747 3213 4802 iis
3246 4750 3344 4820 qui

1789 4847 1853 4885 ex
1890 4831 2086 4885 virtute
2103 4832 2173 4888 ad
2214 4833 2474 4887 malitiam
2506 4841 2861 4899 transmeant,
2888 4836 2933 4891 si
2962 4820 3348 4895 convertantur

1791 4930 2111 4977 retrorsum.

1861 5013 1914 5067 8.
1967 5011 2149 5067 Veniat
2184 5012 2267 5066 illi
2313 5014 2528 5078 laqueus
2595 5031 2747 5085 quem
2792 5016 3020 5085 iqnorat,
3068 5031 3118 5073 et
3175 5025 3347 5089 captio

1789 5120 1946 5173 quant
1963 5102 2233 5158 abscondit
2258 5104 2610 5173 apprehendat
2638 5122 2778 5171 eum,
2824 5119 2871 5161 et
2907 5110 2960 5161 in
2984 5108 3226 5181 laqueum
3253 5130 3346 5165 ca-

1789 5197 1880 5247 dat
1918 5195 1975 5247 in
2012 5194 2205 5262 ipsum.
2253 5192 2309 5246 In
2345 5202 2509 5262 caput
2571 5195 2886 5265 iniquorum
2936 5198 3166 5269 laqueus
3210 5217 3343 5256 con-

1790 5299 1980 5339 versus
2004 5292 2107 5337 est.
2139 5282 2275 5337 Cum
2301 5284 2445 5337 enim
2476 5284 2542 5339 ad
2590 5295 2821 5341 mortem
2858 5299 3203 5357 venarentur,
3239 5292 3339 5362 ipsi

1791 5385 1976 5429 contra
2003 5375 2142 5443 capti
2175 5384 2299 5429 sunt
2325 5386 2378 5430 et
2401 5378 2561 5430 morti
2590 5379 2790 5433 traditi.

1862 5466 1914 5521 9.
1951 5467 2140 5520 Anima
2164 5477 2337 5520 autem
2387 5484 2501 5521 mea
2550 5470 2836 5525 exsultabit
2869 5474 2923 5527 in
2966 5473 3209 5530 Domino.
3243 5475 3343 5542 Qui

1792 5559 2045 5627 laqueum
2070 5566 2478 5625 paraverunt,ct
2502 5562 2794 5629 perniciem
2821 5565 3063 5620 omnium
3098 5577 3344 5623 nostrum

1791 5648 2059 5702 Salvatori
2082 5647 2303 5703 Christo
2334 5650 2505 5703 moliti
2566 5660 2713 5712 sunt,
2745 5652 3006 5711 facinoris
3050 5658 3103 5710 in
3140 5658 3343 5726 ipsum,

1792 5738 1965 5792 modis
1994 5752 2163 5807 nuper
2200 5753 2225 5789 τι
2259 5738 2413 5793 nobis
2456 5740 2762 5811 descriptis,
2817 5758 3005 5811 poenas
3052 5746 3222 5803 luent.
3280 5751 3347 5802 At

3033 5842 3069 5897 6
