4086 6308
776 358 871 416 171

1584 348 1641 402 S.
1680 344 2053 401 ATHANASH
2092 341 2242 397 OPP.
2301 337 2479 394 PARS
2518 337 2601 393 lll.
2639 368 2708 381 —-
2751 333 3163 391 EXEGETICA.
3891 334 3974 387 172

775 475 952 531 mima
982 486 1119 533 mea,
1152 468 1346 537 inquit,
1376 466 1526 520 omni
1584 466 1726 519 malo
1753 479 1971 533 semper
2011 462 2179 516 libera
2213 459 2335 523 erit,

2449 456 2926 530 εἰσπραχθήσονται
2980 455 3160 516 δίκας.
3208 452 3347 506 κατά
3377 471 3438 522 γε
3480 456 3604 518 τοὺς
3649 454 3841 526 ἀρτίως
3867 455 3975 522 ημῖν

774 573 1029 632 perpetuo
1053 560 1195 630 apud
1229 557 1391 611 Deum
1412 555 1603 611 fruens
1633 555 1851 625 gaudio.
1878 563 1929 608 et
1955 554 2213 607 delectata
2244 567 2339 605 su-

776 671 868 722 per
890 653 1115 708 salutari
1148 651 1287 719 ejus.

2446 548 2764 618 εἰρημένους
2796 545 3045 615 τρόπους⁸
3085 545 3116 613 ἡ
3151 542 3207 594 δέ
3254 558 3315 609 γε
3353 543 3456 613 ἐμὴ
3482 542 3648 612 ψυχὴ,
3682 542 3854 612 φησὶν,
3888 540 3977 603 ἔξω

2446 638 2641 700 παντὸς
2679 636 2829 688 ἐσται
2878 633 3048 687 δεινοῦ
3093 633 3365 703 διηνεκές·
3418 635 3583 703 ἦγουν
3635 632 3979 699 ἀκατάληκτον

771 748 964 814 ἔχουσα
1012 745 1074 797 τὸ
1122 742 1329 813 χαίρειν
1381 742 1471 793 ἐπὶ
1521 738 1668 808 Θεῷ,
1714 737 1806 790 καὶ
1851 733 2333 806 κατευφραίνεσθαι
2361 731 2478 783 λίαν
2503 732 2594 782 ἐπὶ
2626 727 2702 798 τῷ
2734 728 2981 798 σωτηρίῳ
3005 725 3188 780 αὑτοῦ.

844 836 1038 891 Daniel
1063 835 1335 888 Barbarus
1364 850 1381 886 :
1411 832 1603 887 Omnia
1628 847 1765 891 ossa,
1796 828 1847 881 id
1880 838 1982 890 est,
2013 841 2203 879 omnes
2230 825 2500 877 homines.

845 930 1046 996 10,11.
1101 927 1381 998 Surgentes
1436 935 1585 977 testes
1622 921 1811 991 iniqui,
1858 935 1975 989 quae
2024 917 2336 987 ignorabam

774 1020 1171 1091 interrogabant
1204 1034 1303 1069 me.
1342 1014 1479 1069 Hinc
1523 1013 1797 1067 inducitur
1826 1009 2033 1063 Christi
2102 1018 2339 1077 persona

775 1112 840 1165 ad
868 1108 1105 1164 tribunal
1134 1106 1437 1177 principum
1466 1102 1809 1158 sacerdotum
1845 1098 1984 1153 falso
2016 1096 2201 1151 delati.

858 1349 1227 1406 Retribuebant
1257 1349 1381 1401 mihi
1427 1345 1570 1399 mala
1606 1360 1699 1413 pro
1739 1343 1884 1396 bonis
1916 1349 1963 1395 et
2008 1340 2337 1393 sterilitatem

775 1446 965 1497 anima:
989 1457 1133 1495 metu.
1171 1438 1282 1494 Hoc
1308 1439 1400 1502 ait,
1430 1436 1557 1505 quia
1602 1433 1806 1503 indigni
1843 1432 1943 1485 visi
1978 1439 2105 1485 sunt
2133 1430 2209 1483 illi
2243 1444 2339 1481 vo-

774 1538 885 1591 cari
917 1535 1007 1588 lilii
1039 1532 1155 1597 Dei,
1179 1531 1325 1601 quod
1352 1529 1588 1582 maxime
1622 1526 1866 1579 omnium
1904 1521 2335 1592 praedicatjuxta

775 1629 938 1683 illud:
971 1626 1186 1693 Quoties
1216 1622 1354 1676 ualui
1394 1635 1707 1688 congregare
1734 1616 1874 1684 ﬁlios
1912 1625 2028 1667 tuos
2065 1612 2110 1643 ⁷⁸
2138 1612 2150 1663 l

2523 909 2910 975 Ἀναστάντες
2955 928 3056 978 μοι
3093 908 3389 978 μάρτυρες
3422 904 3631 967 ἄδικοι,
3673 903 3711 956 ἇ
3744 906 3845 958 οὐκ
3882 905 3981 971 ἐτί-

2441 1017 2682 1055 νωσκον
2730 998 2970 1068 ἠρώτων
3011 1015 3107 1068 με.
3163 996 3440 1050 Ἐντεῦθεν
3479 993 3753 1060 εἰσάγεται
3802 991 3857 1043 τὺ
3900 991 3978 1042 τοῦ

2435 1090 2677 1166 Χριστοῦ
2729 1090 3015 1160 πρόσωπον
3058 1086 3208 1157 παρὰ
3245 1088 3310 1156 τῇ
3340 1084 3515 1155 κρίσει
3554 1082 3662 1135 τῶν
3706 1082 3985 1151 ἀρχιερέων

2426 1198 2777 1252 ⁸συκοςραντου
2787 1181 2969 1250 μένου.

2530 1348 3022 1403 Ἆνταπεδίδοσάν
3062 1365 3161 1416 μοι
3193 1344 3422 1413 πονηρὰ
3460 1342 3592 1398 ant
3636 1337 3869 1410 ἀγαθῶν
3903 1340 3985 1392 καί

2439 1440 2719 1498 ἀτεκνίαν
2760 1438 2835 1509 τῇ
2880 1437 3049 1509 ψυχῇ
3089 1456 3228 1508 μου.
3283 1435 3449 1489 Τοῦτό
3494 1450 3657 1505 φησι,
3698 1431 3786 1484 διὰ
3830 1431 3885 1483 τὸ
3912 1432 3988 1483 ἀν-

2444 1533 2629 1597 αξίους
2654 1532 2846 1592 αὐτοὺς
2872 1528 3097 1599 ὀφθῆναι
3115 1526 3206 1580 τοῦ
3231 1526 3492 1595 κληθῆναι
3516 1525 3681 1577 τέκνα
3696 1521 3849 1575 Θεοῦ·
3873 1521 3990 1588 ὅπερ

2447 1624 2678 1694 μάλιστα
2718 1620 3006 1691 ἐγνώριζεν
3035 1618 3196 1681 αὐτὸς
3230 1616 3369 1670 κατά
3390 1615 3477 1679 τὸ,
3502 1613 3767 1678 Ποσὰκις
3796 1612 3990 1679 ἠθέλη-

2444 1730 2525 1767 σα
2552 1710 2939 1781 ὲπισυνὰγειν
2968 1712 3035 1765 τὰ
3063 1709 3243 1762 τέκνα
3270 1706 3422 1761 σου]

849 1808 936 1859 1‘2.
962 1803 1073 1873 Ego
1094 1812 1292 1865 autem,
1321 1814 1439 1852 cum
1469 1796 1597 1849 mihi
1623 1793 1826 1846 molesti
1862 1798 2052 1852 essent,
2080 1784 2335 1839 induebar

2521 1805 2656 1875 Ἐγὼ
2686 1804 2773 1866 δὲ,
2814 1804 2883 1857 ἐν
2914 1801 2995 1867 τῷ
3037 1801 3260 1866 αὐτοὺς
3305 1797 3702 1868 παρενοχλεῖν
3754 1813 3885 1865 μοι,
3914 1795 3992 1848 ἐν·

786 1900 978 1953 cilicio.
1008 1895 1249 1965 Lugebat
1278 1893 1422 1946 enim
1449 1902 1637 1943 eorum
1668 1883 1984 1955 perniciem,
2044 1881 2116 1933 ita
2151 1887 2209 1931 ut
2239 1876 2340 1931 do-

781 1995 929 2052 teret.
954 1990 1300 2045 vehementer
1346 1990 1655 2052 angeretur,
1691 1978 2105 2047 lacrymaretur,
2159 1980 2342 2027 oraret

776 2100 876 2154 pro
909 2090 1129 2152 peccato
1164 2090 1374 2131 eorum.

850 2150 937 2229 i5.
969 2171 1036 2225 Et
1067 2166 1414 2225 humiliabam
1444 2163 1500 2216 in
1532 2160 1738 2231 jejunio
1778 2158 2012 2211 animam
2046 2170 2235 2208 meam.
2275 2150 2343 2205 Ut

776 2267 1126 2321 conﬁrmaret
1142 2257 1594 2316 incarnationem,
1621 2252 1794 2306 noluit
1813 2249 2021 2319 jejunio
2048 2247 2339 2301 abstinere.

774 2358 846 2410 Et
881 2357 1049 2411 oratio
1082 2369 1194 2406 mea
1233 2352 1289 2402 in
1314 2350 1430 2402 sinu
1461 2361 1571 2399 meo
1599 2352 1941 2397 convertatur.
1976 2338 2087 2392 Hoc
2113 2338 2345 2391 fortasse

776 2449 957 2502 innuit
989 2445 1109 2499 illos
1141 2443 1195 2495 in
1236 2447 1457 2510 peccato
1511 2435 1822 2504 persistere.
1860 2428 2003 2482 Nihil
2037 2428 2202 2491 enim,
2254 2431 2341 2479 in-

783 2541 921 2611 quit,
955 2534 1161 2608 profuit
1190 2533 1323 2604 ipsis
1357 2529 1595 2600 precatio
1630 2541 1772 2587 mea,
1824 2536 1987 2591 quam
2031 2536 2098 2574 ex
2143 2517 2347 2588 ingenti

784 2628 1091 2701 ignorantia
1119 2624 1185 2678 ad
1220 2636 1305 2676 me
1333 2619 1491 2690 quasi
1526 2614 1725 2671 reﬂecti
1761 2612 2078 2667 eﬂecerunt.

857 2827 940 2879 14.
970 2823 1139 2890 Quasi
1168 2819 1465 2891 proximum
1493 2825 1541 2869 et
1572 2812 1723 2883 quasi
1757 2811 1977 2880 fratrem
2008 2814 2246 2859 nostrum
2274 2801 2350 2855 sic

784 2916 1188 2985 comp/accbam.
1234 2910 1400 2977 Quasi
1425 2908 1665 2965 fratrem,
1690 2901 1885 2970 inquit,
1914 2907 1963 2953 et
1998 2897 2252 2959 amicum,
2278 2894 2350 2945 ita

786 3013 1041 3067 curaham
1074 3022 1169 3061 eos
1201 3000 1463 3057 beneﬂcio
1491 2995 1779 3057 demereri,
1814 2991 2001 3045 volens
2040 3003 2136 3042 eos
2159 2986 2224 3039 ad
2259 2999 2348 3039 sa-

782 3108 1005 3160 nitatem
1045 3098 1303 3153 reducere
1331 3112 1343 3147 :
1380 3098 1712 3163 quapropter
1742 3086 1961 3141 illorum
1994 3096 2159 3137 causa
2196 3079 2347 3146 luge-

784 3198 931 3251 bam.

849 3285 935 3340 15.
974 3282 1037 3335 Et
1086 3280 1360 3332 adversum
1403 3289 1481 3326 me
1520 3268 1686 3325 laetati
1733 3273 1851 3319 sunt
1885 3270 1933 3316 et
1982 3263 2341 3312 convenerunt.

786 3377 929 3439 Hec,
957 3374 1155 3443 inquit,
1194 3370 1326 3424 mihi
1350 3366 1597 3437 opsonia,
1623 3361 1763 3432 quod
1791 3372 1978 3414 eorum
2003 3368 2221 3409 causam
2251 3351 2347 3405 do-

784 3472 973 3527 lerem,
1002 3462 1395 3517 retribuerunt.
1438 3454 1765 3524 Congregata
1792 3458 1913 3502 sunt
1948 3461 2100 3513 super
2134 3459 2211 3494 me
2242 3441 2346 3508 ﬂa-

784 3559 940 3630 gella,
971 3566 1016 3608 et
1037 3551 1294 3625 ignoravi.
1327 3546 1538 3602 Nullam
1571 3545 1715 3599 enim
1757 3553 1977 3595 causam
2011 3551 2108 3590 cur
2140 3546 2225 3585 me
2252 3529 2348 3584 ﬂa-

787 3650 941 3721 gellis
977 3646 1249 3701 caederent
1281 3637 1704 3709 comperiebam.

858 3741 944 3795 16.
992 3734 1246 3803 Dissipati
1292 3742 1433 3794 sunt,
1456 3746 1546 3782 nec
1587 3722 1903 3792 compuncti,
1939 3728 2043 3772 etc.
2071 3716 2128 3770 In
2165 3713 2346 3767 varias

788 3831 995 3889 scilicet
1024 3821 1316 3880 multitudo
1346 3820 1479 3874 abiit
1506 3815 1824 3875 sententias,
1868 3820 1925 3864 ut
1964 3809 2039 3862 ait
2076 3803 2348 3874 evangeli-

787 3930 893 3988 sta,
925 3919 1047 3973 aliis
1077 3917 1304 3977 bonum,
1328 3912 1450 3965 aliis
1478 3908 1678 3963 malum
1707 3918 1830 3959 esse
1860 3898 2189 3956 dicentibus.
2228 3892 2352 3947 HIs-

788 4026 894 4083 quc
929 4020 1106 4062 tamen
1137 4004 1304 4075 gestis
1337 4012 1679 4069 nequaquam
1726 3990 2043 4062 compuncti
2074 3997 2222 4051 sunt,
2257 4000 2351 4039 ne-

789 4081 895 4174 que
927 4098 1306 4154 intellexerunt
1360 4100 1548 4147 contra
1598 4102 1757 4157 quem
1808 4083 1935 4137 talia
1982 4081 2347 4136 admitterent.

790 4172 906 4251 line
940 4202 1118 4247 autem
1170 4202 1277 4241 non
1321 4180 1631 4238 accusando
1680 4175 1905 4247 profert,
1964 4172 2057 4227 sed
2089 4179 2352 4239 exoptans

790 4287 1056 4342 auxilium
1106 4281 1224 4336 dari
1286 4278 1409 4334 sibi.
1458 4270 1705 4339 Quando,
1731 4267 1926 4336 inquit,
1952 4261 2235 4333 apparebis
2288 4266 2344 4313 et

790 4376 991 4445 injuria
1024 4371 1273 4426 all‘eetum
1300 4362 1617 4421 ulcisceris?

2439 1898 2508 1952 εδ
2514 1901 2706 1967 υόμην
2721 1895 2972 1950 σάκκον.
2991 1891 3232 1946 Ἐπένθει
3256 1891 3367 1963 γὰρ
3392 1888 3567 1944 αὐτῶν
3594 1890 3694 1960 τὴν
3717 1887 3991 1945 ἀπώλειαν,

2439 1992 2512 2054 ὼς
2537 1993 2630 2043 καὶ
2650 1987 2952 2050 λυπεῖσθαι,
2978 1986 3070 2039 καὶ
3118 1984 3424 2055 ἀδημονεῖν,
3454 1981 3546 2033 καὶ
3588 1977 3860 2050 δακρύειν,
3916 1977 3994 2029 καὶ

2442 2082 2839 2156 προσεύχεσθαι
2867 2082 3005 2152 ὑπὲρ
3040 2080 3137 2150 τῆς
3165 2076 3437 2147 ἁμαρτίας
3463 2073 3659 2127 αὐτῶν.

2514 2176 2624 2229 Kal
2654 2174 3009 2228 ἐταπεινουν
3031 2173 3101 2225 ἐν
3120 2168 3367 2238 νηστείᾳ
3386 2164 3498 2232 τὴν
3518 2163 3727 2233 ψυχήν
3744 2178 3880 2232 μου.
3909 2162 3995 2213 Βε-

2449 2268 2615 2323 6αιῶν
2634 2266 2731 2339 τὴν
2757 2265 2912 2319 ἐνανθ
2922 2263 3185 2336 ρώπησιν,
3207 2262 3299 2315 καὶ
3320 2258 3571 2330 νηστείας
3593 2257 3693 2309 οὒκ
3723 2256 3991 2324 ἀπέσχετ’..

2444 2361 2551 2415 Kal
2576 2361 2612 2427 ἡ
2638 2356 2943 2426 προσευχὴ
2983 2372 3100 2425 μου
3123 2355 3209 2419 εἰς
3230 2354 3460 2405 κόλπον
3482 2366 3602 2417 μου
3629 2345 3997 2415 ἀποστραφὴ⁸

2446 2467 2632 2506 σεται.
2661 2447 2827 2501 Τοῦτο
2861 2444 3189 2517 σημαντικὸν
3222 2442 3306 2510 εἴη
3346 2438 3440 2492 τοῦ
3485 2438 3835 2506 ἐναπομείναι
3874 2433 3999 2486 ἐκεῖ·

2446 2561 2567 2607 νους
2608 2543 2674 2612 τῇ
2724 2540 2984 2611 ἁμαρτίᾳ.
3024 2537 3187 2591 Οὐδὲν
3217 2533 3325 2604 γὰρ
3357 2529 3733 2601 ὠφελήθησαν,
3766 2525 3913 2597 φησὶ,

2448 2633 2718 2707 ὑπερϐολῇ
2743 2634 2841 2703 τῆς
2870 2629 3108 2698 ἀγνοίας,
3127 2628 3224 2698 τὴν
3257 2622 3562 2694 προσευχὴν
3594 2620 3786 2688 ὥσπερ
3821 2620 3998 2669 ἐπανα-

2446 2726 2665 2796 κάμψαι
2695 2726 3037 2795 ποιήσαντες.

2530 2820 2623 2881 Ὠς
2644 2815 2922 2881 πλησίον,
2953 2813 3033 2879 ὡς
3064 2806 3330 2876 ἀδελφὸν
3356 2802 3663 2873 ἡμέτερον,
3704 2799 3889 2864 οὕτως
3919 2798 3999 2850 εὐ-

2448 2911 2764 2981 ηρέστουν.
2791 2906 2999 2973 Ὥσπερ
3044 2900 3287 2969 ἀδελφὸν,
3328 2896 3477 2966 φησί.
3519 2893 3613 2947 καὶ
3643 2890 3814 2959 φίλον,
3846 2889 3998 2951 οὕτως

2451 3000 2777 3064 ἐσπούδαζον
2840 2996 3140 3067 εὐεργετεῖν
3214 2990 3430 3051 αὐτοὺς,
3481 2986 3802 3056 βουλόμενος
3857 2981 3999 3049 θερι-

2453 3096 2639 3148 πεύειν
2658 3111 2669 3122 ·
2701 3091 2779 3144 διὸ
2812 3090 2904 3142 καί⁸
2930 3086 3189 3139 ἐπένθουν
3222 3082 3360 3150 ὺπέρ
3385 3077 3580 3131 αὐτῶν.

2517 3270 2625 3327 Kal
2666 3267 2790 3321 κατ’
2818 3263 2960 3334 ἐμοῦ
3003 3256 3451 3329 εὐφράνθησαν,
3477 3250 3574 3305 καὶ
3595 3245 3995 3315 συνήχθησαν.

2446 3362 2630 3417 Ταῦτά
2658 3375 2766 3429 μοι,
2800 3354 2953 3424 φησί,
2990 3352 3085 3421 τῆς
3124 3349 3263 3418 ὑπὲρ
3302 3344 3480 3398 αὐτῶν
3515 3342 3706 3411 ὀδύνης
3732 3337 3996 3392 ἀπεδίδουν

2446 3452 2514 3506 τὰ
2540 3428 2745 3518 ὀψύνια.
2774 3442 3180 3511 Συνήχθησαν
3201 3437 3293 3489 ἐπ’
3314 3434 3419 3504 ἐμὲ
3434 3433 3744 3502 μάστιγες,
3770 3428 3865 3480 καί
3902 3429 3997 3478 οὐκ

2447 3515 2656 3609 ἔγνων.
2694 3531 3056 3597 Μαστίζοντές
3102 3546 3191 3598 με,
3220 3526 3372 3597 φησὶ,
3402 3525 3503 3577 οὐκ
3548 3520 3845 3589 ἐγίνωσκον
3892 3515 3996 3569 οὐδὲ

2447 3631 2700 3703 εὕρισκον
2724 3626 2902 3682 αἰτίαν
2927 3622 3180 3691 οὐδεμίαν
3221 3619 3338 3673 κατ’
3374 3614 3530 3686 ἐμοῦ.

2518 3702 2981 3791 Διεσχίσθησαν,
3018 3715 3113 3768 καί
3142 3716 3213 3767 οὑ
3249 3710 3688 3778 κατενύγησαν.
3720 3702 3993 3775 Ἐμερίσθη

2448 3818 2556 3889 γὰρ
2583 3815 2643 3868 τὸ
2679 3812 2898 3883 πλῆθος,
2938 3809 3013 3871 ὼς
3057 3808 3085 3858 ὁ
3134 3801 3516 3872 εὐαγγελιστής
3558 3814 3714 3867 φησι,
3760 3796 3870 3848 τῶν
3914 3794 3996 3863 μὲν

2450 3888 2649 3977 ἀγαθὸν
2679 3901 2818 3957 εἶναι
2847 3900 3132 3967 λεγόντων,
3160 3895 3266 3948 τῶν
3290 3894 3346 3947 δέ
3386 3891 3638 3963 πονηρόν.
3673 3888 3781 3941 Καὶ
3815 3888 3995 3939 τούτων

2450 3999 2763 4071 γινομένων,
2786 3993 2968 4064 φησιν,
2992 3991 3051 4043 ού
3070 3987 3461 4057 κατενύγησαν,
3484 3984 3599 4037 οὐδὲ
3622 3982 3857 4051 συνῆκαν
3876 3976 3997 4032 κατὰ

2449 4068 2592 4155 τίνος
2622 4090 2676 4144 αἱ
2707 4084 2951 4159 πράξεις.
2992 4081 3161 4136 Τοῦτο
3190 4079 3246 4132 δὲ
3272 4079 3369 4131 οὐκ
3397 4075 3644 4146 ἐγκαλῶν
3685 4068 3855 4134 εἶπεν,
3883 4068 3997 4125 ἀλλά

2453 4182 2632 4237 ποθῶν
2658 4181 2756 4250 τὴν
2787 4176 3056 4247 βοήθειαν,
3082 4172 3237 4234 Πότε,
3273 4170 3458 4239 φησὶν,
3494 4165 3759 4238 ἐπιφαίνῃ
3791 4164 3884 4217 καὶ
3915 4163 3997 4213 ἐπ-

2454 4272 2675 4343 αμυνεῖς
2713 4262 3051 4333 ἀδικουμένῳ
3072 4277 3085 4326 ;

867 4469 950 4523 l7.
979 4467 1211 4520 Restitue
1239 4461 1471 4515 animant
1513 4469 1681 4507 meam
1714 4468 1744 4504 a
1780 4448 2109 4518 malignitate
2148 4456 2349 4497 eorum.

2538 4438 3056 4504 Ἀποκατὰστησον
3091 4432 3207 4501 τὴν
3230 4428 3439 4500 ψυχήν
3472 4444 3592 4497 μου
3629 4424 3749 4479 ἀπὸ
3786 4421 3893 4489 τῆς
3915 4436 3999 4473 κα-

791 4563 1139 4629 Quceunque
1184 4554 1384 4624 patitur
1411 4556 1503 4604 aut
1547 4545 1803 4614 loquitur,
1836 4542 1885 4594 id
1920 4555 2018 4610 pro
2055 4547 2238 4592 nostra
2267 4550 2357 4589 sa-

793 4627 901 4707 lute
931 4648 1184 4705 admittit.
1227 4643 1361 4710 Quia
1390 4637 1662 4696 descendit
1695 4636 1807 4705 ipse
1854 4631 2062 4686 scilicet
2108 4627 2358 4681 Christus

792 4755 846 4798 et
905 4758 1002 4811 pro
1054 4738 1209 4792 nobis
1261 4742 1347 4788 est
1394 4732 1726 4786 incarnatus.
1780 4724 1822 4777 Α
1875 4720 2109 4775 leonibus
2149 4718 2357 4771 unicam

794 4849 981 4889 meam.
1022 4829 1229 4882 Leones
1263 4831 1419 4879 vocat
1448 4830 1543 4875 aut
1574 4818 1744 4873 malas
1773 4825 1826 4870 et
1867 4810 2206 4867 adversarios
2257 4823 2355 4877 po-

798 4934 1037 4982 testates,
1075 4935 1192 4986 quae
1242 4924 1449 4969 tantum
1493 4927 1599 4965 non
1633 4907 1917 4977 rugiebant
1966 4904 2019 4956 in
2051 4902 2351 4962 Christum,

794 5028 889 5071 :ut
922 5014 1151 5068 fortasse
1179 5006 1487 5063 Iudaeorum
1537 5001 1914 5069 magistratus;
1959 4996 2037 5048 ita
2064 4994 2207 5046 enim
2246 5005 2357 5042 me-

797 5116 972 5164 morat
1001 5120 1094 5158 eos
1132 5117 1223 5170 per
1254 5112 1438 5153 vocem
1469 5093 1749 5148 Jeremiaz:
1778 5089 1943 5141 Facta
1972 5095 2046 5139 est
2078 5084 2354 5137 hrereditas

798 5216 911 5253 meo
936 5197 1084 5268 quasi
1101 5192 1178 5245 leo
1203 5192 1257 5243 in
1286 5188 1436 5254 silva,
1466 5186 1798 5256 quamobrem
1815 5180 1933 5232 odio
1952 5176 2109 5229 habui
2134 5173 2351 5226 illam”.

800 5289 1024 5344 Unicum
1090 5294 1268 5339 autem
1319 5280 1551 5349 appellat
1598 5277 1836 5329 animam
1886 5284 2064 5331 suam,
2106 5262 2356 5335 penentlo

799 5382 1007 5435 unicam
1039 5392 1135 5447 pro
1166 5374 1430 5426 dilectam.
1460 5368 1608 5423 Solet
1634 5365 1777 5419 enim
1814 5363 2003 5430 ingens
2042 5372 2198 5412 amor
2236 5354 2357 5410 uni-

799 5470 1105 5543 genitorum
1136 5480 1280 5520 esse.

870 5763 917 5792 "
953 5761 1139 5817 Matth.
1179 5774 1331 5825 χχιιι,
1368 5758 1453 5811 51.
1574 5750 1841 5809 "Jerem.
1896 5762 2005 5815 xu,
2062 5746 2110 5801 8.

2453 4535 2733 4605 κουργίας
2768 4528 2980 4584 αὐτῶν.
3017 4527 3199 4580 Πάντα
3238 4524 3336 4576 ὅσα
3381 4520 3577 4589 πάσχει
3620 4516 3848 4587 ἢλέγει,
3880 4512 3997 4577 ὑπὲρ

2452 4632 2548 4701 τῆς
2581 4602 2852 4698 ἡμετέρας
2884 4619 3154 4691 σωτηρίας
3181 4616 3341 4677 ποιεῖ,
3367 4611 3454 4664 διὰ
3497 4609 3559 4663 τὸ
3602 4605 3875 4662 κατελθεῖν
3914 4602 3998 4655 o0-

2453 4694 2564 4786 τδν,
2600 4694 2765 4790 ἤγουν
2812 4715 2902 4767 τὸν
2948 4711 3199 4785 Χριστὸν,
3240 4707 3335 4760 καὶ
3377 4701 3725 4775 σαρωθῆναι
3754 4699 3813 4765 ἐξ
3842 4694 3996 4768 ἡμῶν.

2471 4782 2601 4869 Ἀπὸ
2624 4782 2905 4865 ’λεόντων
2928 4782 3043 4870 τὴν
3061 4796 3353 4872 μονογενῆ
3396 4812 3531 4864 μου.
3567 4789 3797 4852 Λέοντάς
3826 4803 3945 4857 φησι
3971 4782 3997 4851 ἢ

2459 4905 2557 4968 τὰς
2584 4901 2818 4971 πονηρὰς
2847 4899 2939 4951 καὶ
2966 4891 3339 4962 ἀντικειμένας
3364 4888 3637 4956 δυνάμεις,
3663 4882 3719 4936 αἶ
3754 4880 3904 4951 μόνον
3926 4877 3999 4929 ού-

2460 4999 2513 5067 χ¹ι
2540 4966 3010 5062 κατεδρυχήσαντο
3037 4984 3130 5037 τοῦ
3160 4978 3413 5053 Χριστοῦ,
3446 4979 3479 5049 ἢ
3504 4977 3643 5044 τάχα
3677 4990 3779 5026 που
3811 4972 3896 5023 καὶ
3918 4966 4019 5019 αὑο·

2460 5058 2582 5149 τοὺς
2604 5058 2729 5146 τοὺς
2890 5077 3153 5131 Ἰουδαίων
3175 5070 3508 5141 καθηγητὰς.
3538 5066 3695 5120 Dirce)
3714 5064 3821 5135 γὰρ
3846 5058 3996 5115 αὐτῶν

2460 5174 2874 5249 διαμνημονεύει
2906 5171 3076 5238 λέγων
3104 5168 3191 5220 διὰ
3220 5163 3401 5233 φωνῆς
3439 5160 3725 5230 Ἱερεμίας·
3746 5152 3996 5225 Ἐτενήθη

2462 5274 2500 5340 ὴ
2532 5243 2894 5335 κληρονομία
2917 5280 3033 5332 μου
3068 5262 3146 5325 ὡς
3174 5256 3325 5311 λέων
3363 5255 3433 5307 ὲν
3471 5246 3696 5319 δρυμῷ’
3730 5248 3825 5300 διὰ
3851 5243 3997 5298 τοῦτο

2461 5331 2726 5430 ἐμίσησα
2758 5331 2967 5420 αὑτήν.
2999 5346 3277 5416 Μονογενῆ
3330 5344 3425 5414 μὲν
3468 5342 3565 5411 τὴν
3615 5337 3806 5392 ἐαυτοῦ
3850 5331 3999 5404 ψυχὴν

2462 5420 2738 5520 ὀνομάζει,
2774 5446 2831 5497 τὸ
2870 5441 3191 5513 μονογενὲς
3239 5434 3406 5497 τιθεὶς
3436 5433 3554 5486 ἀντὶ
3592 5428 3685 5482 τοῦ
3721 5420 3997 5498 ﬂmme-

2466 5559 2601 5609 νην.
2620 5540 2730 5593 Ἀεὶ
2759 5538 2866 5607 γάρ
2893 5534 3005 5597 πώς
3040 5536 3183 5586 ἐστιν
3228 5530 3285 5583 ἐν
3315 5527 3501 5596 ὰγάπῃ
3526 5522 3754 5596 πλείστῃ
3774 5520 3835 5575 τὸ
3868 5528 3999 5588 μονο-

2468 5634 2620 5703 γενὲς
2654 5633 2710 5684 ἐν
2735 5629 2961 5689 τέκνοις.
