4086 6308
140 357 237 411 173

1214 355 1574 410 EXPOSITIO
1613 355 1678 407 IN
1715 352 2044 408 PSALMUM
2087 353 2296 409 XXXV.

3266 367 3368 419 174

214 481 272 531 οι
291 476 624 546 μισοῦντές
639 495 714 547 με
735 477 955 544 δωρεὰν
980 478 1077 529 καί
1096 476 1469 542 διανεύοντες
1496 477 1706 544 ὀφθαλ-

1890 475 1972 529 l9.
1997 474 2099 538 Qui
2124 478 2344 528 oderunt
2373 491 2450 528 me
2471 478 2632 545 gratis
2657 486 2705 528 et
2729 492 2964 533 annuunt
2989 485 3173 537 oculis.
3202 486 3366 551 Quasi

130 570 284 638 μοῖς.
304 570 450 622 ’Δντὶ
489 569 610 635 τοῦ,
642 569 974 632 συντιθέντες
998 567 1200 632 δόλους.

207 663 328 714 ’Ὁτι
355 662 483 730 ἐμοὶ
510 661 630 730 μὲν
657 660 928 728 εἰρηνικὰ
952 659 1242 721 ἐλάλουν,
1275 660 1368 712 καὶ
1400 659 1490 711 ἐπ’
1526 657 1709 727 ὀργὴν

134 751 356 817 δόλους
389 752 804 822 διελογίζοντο.
841 753 934 815 Τὸ,
979 751 1309 805 Διδάσκαλε
1328 750 1510 819 ἀγαθέ
1531 766 1546 782 °
1595 751 1706 813 καὶ,

138 845 262 896 Ὀτι
280 843 532 912 οἴδαμεν
557 844 647 896 ὅτι
675 842 788 909 τὴν
817 843 1106 908 ἀλήθειαν
1129 840 1456 906 διδάσκεις,
1486 840 1584 894 καὶ
1623 841 1709 892 ὅτι

134 937 207 988 οὐ
230 933 560 1003 λαμϐάνεις
593 935 914 1002 πρόσωπον
950 934 1279 1002 ἀνθρώπου.

203 1027 319 1080 Kal
367 1025 720 1080 ἐπλάτυναν
749 1027 839 1079 ἐπ’
867 1025 972 1094 ἐμὲ
1017 1026 1083 1079 τὸ
1117 1027 1310 1096 στόμα
1355 1025 1569 1082 αὐτῶν.
1601 1027 1710 1090 Τὰς

137 1118 491 1188 βλασφημίας
521 1119 620 1182 τάς
668 1119 759 1171 ἐπὶ
807 1117 884 1188 τῷ
928 1117 1142 1189 σταυρῷ
1189 1119 1476 1189 γινομένας
1526 1120 1705 1188 φησίν.

135 1205 359 1263 Εἶπονο
397 1205 575 1279 Εὖγε,
602 1207 758 1279 εὖγε,
787 1207 948 1263 εἶδον
987 1212 1040 1263 οι
1084 1210 1373 1279 ὀφθαλμοὶ
1424 1209 1710 1278 ὴμῶν-,Ὡς

135 1303 254 1354 κατ’
288 1302 457 1372 εὑχὴν
491 1303 672 1366 αὑτοῖς
707 1301 799 1354 τοῦ
825 1302 1056 1372 πέρατος
1081 1300 1460 1372 ἐκδεδηκότος,
1487 1301 1547 1354 τὸ
1586 1319 1709 1372 κρε-

139 1391 417 1461 μασθῆναι
442 1392 602 1444 αὑτὸν
640 1392 731 1444 ἐπὶ
761 1390 854 1444 τοῦ
887 1391 1064 1455 ξύλου.
1095 1389 1264 1442 Τοῦτο
1288 1389 1343 1443 δὲ
1373 1389 1586 1443 ποιοῦσι
1617 1390 1709 1441 καὶ

135 1486 184 1537 οί
207 1484 641 1554 ὲπαγαλλόμενοι
675 1487 738 1554 τῇ
771 1482 944 1553 θλίψει
969 1481 1062 1536 τοῦ
1093 1482 1324 1535 δικαίου.

205 1574 425 1644 Εἶδες,
464 1579 674 1644 Κύριε,
711 1575 795 1646 μὴ
841 1574 1334 1644 παρασιωπήσῃς,
1385 1575 1580 1642 Κύριε,
1623 1573 1707 1640 μὴ

135 1668 415 1736 ἀποστῇς
448 1670 550 1723 ἀπ’
574 1668 1064 1739 ἐμοῦ.”Ανθρωπος
1099 1667 1386 1736 γενόμενος
1427 1667 1456 1718 6
1493 1684 1710 1737 μονογε-

136 1760 229 1833 νὴς
273 1761 370 1813 τοῦ
423 1760 556 1814 Θεοῦ
599 1760 786 1828 Λόγος,
817 1761 917 1811 οὑκ
958 1757 1244 1811 ἀποϐαλὼν
1277 1758 1338 1811 τὸ
1374 1753 1512 1810 εἶναι
1556 1756 1708 1820 Θεὸς,

1810 565 2047 619 diceret:
2079 563 2180 630 Qui
2207 566 2359 620 dolos
2393 575 2628 620 struunt.

1878 655 1967 710 ΞΟ.
2000 657 2260 722 Quoniam
2287 657 2414 710 milii
2443 658 2652 727 quidem
2686 662 2901 729 paciﬁca
2931 663 3292 733 loquebantur,
3325 679 3372 720 et

1809 748 1863 801 in
1919 749 2001 801 ira
2056 747 2204 800 dolos
2250 747 2570 817 cogitabant.
2629 747 2761 805 Illud
2821 753 3062 821 scilicet,
3125 756 3375 825 Magister

1810 842 1937 893 bone
1962 839 2038 904 ⁸⁰;
2071 848 2163 894 et:
2200 839 2405 893 Scimus
2429 842 2673 909 quoniam
2703 845 2969 898 veritatem
3005 856 3152 900 ttoccs
3195 860 3242 900 et
3275 867 3373 901 non

1811 931 2006 999 accipis
2043 946 2321 998 personam
2357 931 2582 984 hamatis
2607 931 2671 984 ⁸¹.

1880 1021 1968 1075 91.
1999 1020 2067 1074 Et
2088 1021 2440 1074 dilatavcrunt
2468 1039 2622 1092 super
2647 1042 2724 1078 me
2757 1043 2812 1078 os
2846 1044 3017 1080 suum.
3053 1028 3374 1096 Blasphema

1810 1112 1956 1167 dicta
1995 1114 2122 1166 dum
2159 1112 2210 1166 in
2243 1128 2404 1168 cruce
2434 1115 2689 1182 penderet
2719 1117 2769 1170 in
2802 1133 2860 1171 se
2888 1120 3130 1187 conjecta
3165 1136 3341 1175 inenm

1810 1213 1918 1257 rat.
1954 1203 2263 1257 Dixerunt:
2320 1203 2484 1272 Euge,
2524 1221 2668 1275 euge,
2717 1207 2953 1260 viderunt
3001 1209 3140 1261 oculi
3191 1215 3374 1264 nostri.

1811 1293 1888 1346 Ac
1916 1291 1962 1346 si
1997 1301 2262 1361 ooptatum
2321 1293 2580 1346 haberent
2627 1295 2852 1356 exitum,
2890 1298 3110 1366 quando
3142 1298 3187 1354 is
3225 1299 3371 1370 ligno

1810 1398 2111 1455 suspensus
2141 1381 2337 1436 fuerat.
2383 1382 2619 1453 Idipsum
2651 1395 2832 1439 autem
2863 1396 3030 1456 agunt
3057 1387 3148 1457 qui
3179 1391 3361 1443 exsul-

1812 1485 1924 1528 iant
1947 1476 2013 1528 de
2043 1474 2350 1528 calamitate
2373 1473 2532 1544 justi.

1892 1565 1982 1619 22.
2022 1563 2231 1628 Vidisti,
2263 1564 2499 1630 Domine,
2524 1583 2586 1619 ne
2618 1567 2773 1621 sileas
2799 1582 2818 1630 ;
2852 1566 3087 1633 Domine,
3120 1586 3182 1623 ne
3210 1570 3376 1624 discr-

1811 1657 1909 1709 das
1954 1673 1987 1710 a
2016 1673 2116 1710 me.
2156 1655 2330 1710 Homo
2359 1655 2560 1711 factum
2604 1658 2939 1728 unigenitum
2975 1659 3065 1715 Dei
3112 1659 3371 1721 Verbum.

1820 1763 1924 1800 non
1955 1749 2210 1802 amittens
2236 1763 2357 1802 esse
2388 1745 2552 1812 Deus,
2583 1757 2735 1819 rogat
2773 1749 2983 1819 injuriae
3015 1767 3180 1808 causa
3216 1754 3374 1808 nobis

137 1832 276 1905 αἰτεῖ
308 1853 452 1923 ὑπὲρ
499 1851 599 1922 τῆς
643 1854 720 1914 είς
746 1854 893 1922 ἡμᾶς
917 1849 1128 1915 ἀδικίας
1153 1850 1451 1920 γενομένης
1476 1848 1579 1900 ὑπὸ
1608 1848 1706 1901 τῶν

1819 1856 1916 1912 ρει·
1949 1840 2224 1894 daemones
2269 1839 2432 1894 illata
2473 1840 2710 1909 judicem
2742 1840 2975 1897 Patrem.
3014 1842 3183 1914 Rogat
3214 1844 3375 1900 dissi-

135 1946 410 2014 δαιμόνων
433 1943 690 2015 δικαστὴν
715 1943 1000 2013 γενόμενον
1026 1941 1118 1994 τὸν
1148 1941 1384 2013 Πατέρα,
1418 1942 1559 1993 αἰτεῖ
1583 1941 1706 1993 ἀπο-

1815 1933 1932 2001 pari
1964 1931 2322 2001 superborum
2351 1933 2755 1987 contumeliam.
2787 1932 2860 1988 Ita
2895 1936 3036 1989 enim
3072 1936 3161 1990 alii
3193 1937 3243 1990 in
3275 1952 3373 2006 pu-

141 2035 433 2106 σκορπίσαι
461 2034 569 2087 τῶν
598 2034 960 2106 ὑπερηφάνων
985 2033 1083 2104 τὴν
1115 2032 1289 2104 ὓϐριν.
1328 2031 1483 2084 Οὕτω
1524 2031 1632 2100 γὰρ
1665 2033 1712 2083 οἱ

142 2129 235 2197 μὲν
259 2129 339 2190 εἰς
356 2127 617 2197 αἰσχύνην
638 2126 1169 2197 ἀποστραφήσονται,
1191 2124 1374 2193 φησὶν,
1399 2125 1447 2176 οἱ
1467 2122 1523 2174 δὲ
1546 2122 1712 2190 ἀγαλ-

137 2217 441 2280 λιάσαιντο,
481 2216 579 2280 τὰς
632 2216 723 2269 ἰπὶ
764 2218 829 2286 τῇ
859 2215 1099 2286 σωτηρία
1129 2215 1468 2276 ἀνατιθέντες
1497 2215 1713 2285 εὐχαρι-

142 2326 312 2371 σειας.

324 2403 429 2466 εις
456 2399 629 2466 τέλος
660 2399 740 2465 τῷ
767 2400 963 2468 δούλῳ
989 2401 1208 2469 Κυρίου
1233 2397 1309 2463 τῷ
1335 2399 1532 2452 Δαυῒδ.

700 2496 1006 2548 ΨΑΛΜΟΣ
1042 2493 1166 2546 ΛΕ’.

773 2585 1092 2649 Ὑπόθεσις.

141 2677 492 2747 Κατηγορίαν
529 2678 770 2750 περιέχει
798 2677 825 2727 ὁ
851 2675 1038 2747 παρὼν
1061 2675 1272 2746 ψαὶ-μὸς
1297 2675 1396 2746 τῆς
1427 2676 1709 2746 ὑπερηφα-

208 2768 328 2831 νίας
382 2767 478 2820 τοῦ
531 2767 660 2822 λαοῦ
719 2768 826 2820 τῶν
865 2767 1170 2830 Ἰουδαίων,
1225 2769 1317 2819 καὶ
1365 2768 1463 2836 τῆς
1516 2767 1710 2829 κακίας

208 2859 459 2928 ἔλεγχον·
490 2859 584 2912 καὶ
611 2859 716 2928 μὴν
739 2859 832 2910 καὶ
858 2859 887 2910 ὑ
897 2857 1182 2928 μνολογίαν
1216 2857 1325 2909 τῶν
1356 2857 1575 2911 δικαίων
1599 2876 1710 2928 κρι-

213 2951 421 3019 μάτων,
450 2950 516 3002 δι’
543 2943 618 3002 ὧν
665 2950 884 3019 ἐποίησε
931 2949 1028 3020 τὴν
1081 2949 1170 3002 ὑπ’
1199 2949 1453 3020 οὐρανόνο
1487 2950 1620 3019 πρὸς
1652 2950 1708 3002 δὲ

208 3043 422 3107 τούτοις
451 3043 545 3096 καὶ
575 3042 919 3114 εὐχαριστίας
954 3043 1088 3112 πρὸς
1114 3042 1202 3095 τὸν
1225 3043 1441 3113 Πατέρα
1474 3044 1614 3114 ὑπὲρ
1635 3036 1708 3095 ὧν

211 3133 548 3205 εὐηργέτησε
567 3133 653 3186 διὰ
689 3133 890 3203 Ἰησοῦ·
919 3135 1002 3201 ἐφ’
1038 3132 1205 3185 ἅπασι
1233 3133 1290 3185 δὲ
1319 3133 1523 3195 τούτοις
1546 3133 1707 3202 εὑχὴν
1734 3166 1776 3222 C

209 3225 652 3296 ἀσφαλιζομένην
679 3224 772 3277 τοῦ
810 3225 884 3293 μὴ
918 3227 1103 3276 πεσεῖν
1137 3224 1216 3286 είς
1237 3223 1632 3293 ὑπερηφανίαν.

209 3319 405 3384 φησιν
453 3321 486 3372 ό
530 3316 872 3385 παράνομος
919 3314 1031 3386 (ευ)
1076 3314 1181 3369 τοῦ
1223 3315 1579 3384 ἁμαρτάνειν
1640 3316 1708 3368 ὲν

140 3409 350 3474 ἐαυτῷ.
381 3409 584 3473 Οῖεται,
620 3411 800 3479 φησὶν,
835 3411 863 3461 δ
890 3409 1056 3480 κακία
1099 3408 1568 3480 συντεθραμμένος
1601 3428 1705 3480 μη-

143 3505 264 3558 δένα
312 3503 537 3575 θεωρεῖν
577 3502 678 3572 τῆς
701 3501 875 3572 ψυχῆς
906 3500 1069 3554 αὑτοῦ
1097 3503 1455 3572 κεκρυμμένα
1491 3500 1706 3572 βουλεύ-

146 3615 308 3665 ματα.
335 3596 412 3648 Τὸ
441 3596 568 3664 γὰρ,
600 3594 810 3663 φησιν,
839 3594 958 3646 ἀντὶ
989 3593 1104 3656 τοῦ,
1133 3593 1356 3661 ἡγεῖται
1393 3592 1426 3664 ἢ
1449 3596 1708 3662 ὑπολαμ-

145 3690 326 3750 ϐάνει,
361 3687 619 3740 τέθεικεν.
651 3686 830 3739 Αἴτιον
867 3684 922 3738 δὲ
957 3685 1057 3754 τῆς
1088 3685 1342 3755 τοιαύτης
1381 3686 1706 3756 ἀναλγησίας

141 3781 201 3833 τὸ
230 3781 302 3851 μὴ
337 3779 564 3834 δεδιέναι
592 3779 682 3832 τὸν
712 3784 890 3832 πάντα
934 3777 1213 3849 ἐφορῶντα
1261 3777 1540 3850 δεσπότην.
1585 3783 1704 3833 Οὐκ

140 3872 268 3926 ἐστι
294 3873 478 3940 φόϐος
501 3871 646 3926 Θεοῦ
666 3870 952 3925 ἀπέναντι
993 3868 1110 3922 τῶν
1149 3868 1468 3938 ὀφθαλμῶν
1495 3871 1698 3924 αὑτοῦ.

144 3964 322 4028 ’Δπαξ
369 3963 716 4034 προθέμενος,
751 3963 901 4032 φησὶ,
935 3961 1030 4014 τοῦ
1062 3964 1416 4033 παρανομεῖν,
1451 3961 1553 4027 ἔξω
1597 3961 1704 4012 τῶν

141 4053 430 4124 ὀφθαλμῶν
464 4054 626 4107 αὑτοῦ
654 4054 744 4105 τὸν
764 4052 856 4105 1:05
885 4051 1019 4105 Θεοῦ
1050 4051 1254 4105 τίθεται
1280 4051 1461 4120 φόϐον.
1481 4051 1571 4120 Τῷ
1595 4051 1703 4121 γὰρ

145 4146 290 4218 eam
324 4147 526 4216 Κυρίου
561 4146 795 4199 ἐκκλίνει
822 4146 928 4208 πᾶς
958 4143 1064 4197 ἀπὸ
1088 4142 1282 4197 κακοῦ.

209 4241 329 4294 Ὀτι
355 4240 658 4294 ἐδόλωσεν
689 4238 941 4292 ὲιὼπιον
971 4235 1176 4290 αὐτοῦ.
1195 4233 1364 4288 Ἑκὼν
1403 4235 1459 4288 δὲ
1502 4234 1702 4305 ταύτην

144 4331 247 4401 ἔχει
291 4333 392 4400 τὴν
435 4331 677 4398 ἄγνοιαν,
707 4331 766 4382 ού
798 4330 1115 4400 βουλόμενος
1140 4327 1477 4397 λογιστεῦσαι
1501 4327 1569 4379 τὰ
1603 4344 1699 4379 πει

1813 2025 1999 2078 dorem
2035 2032 2333 2087 vertentur,
2363 2023 2579 2092 inquit;
2633 2025 2722 2078 alii
2773 2026 3120 2082 exsultabunt
3168 2028 3370 2096 gratias

1812 2116 1878 2170 de
1913 2115 2036 2171 data
2063 2116 2236 2170 salute
2265 2124 2504 2187 agentes.

2054 2425 2099 2476 l.
2131 2423 2195 2477 In
2224 2427 2379 2494 ﬁnem
2404 2443 2549 2479 servo
2578 2425 2784 2479 Domim
2821 2427 2922 2492 ipsi
2951 2424 3137 2480 David.

2283 2516 2620 2572 PSALMITS
2668 2517 2820 2571 XXX
2839 2517 2897 2570 V.

2388 2611 2426 2663 Α
2437 2627 2528 2680 rgu
2537 2619 2704 2664 mentu
2717 2627 2765 2662 ιη

1814 2694 2093 2766 Superbia:
2125 2696 2332 2753 Judaiei
2369 2702 2552 2769 populi
2583 2704 2983 2756 accusationem
3015 2702 3256 2760 continet
3282 2702 3372 2756 hic

1882 2789 2141 2858 psalmus,
2172 2798 2224 2844 et
2252 2790 2468 2844 malitiae
2499 2805 2686 2844 eorum
2719 2789 3162 2856 confutationem,
3202 2804 3369 2864 atque

1880 2882 2024 2951 justa
2065 2882 2157 2938 Dei
2181 2883 2388 2951 judicia
2426 2885 2696 2947 decantat,
2722 2883 2870 2953 quod
2896 2884 3080 2938 orbem
3113 2885 3370 2940 condide-

1880 2971 1966 3026 rit.
2033 2972 2111 3027 Ad
2170 2973 2284 3027 haec
2333 2973 2494 3026 etiam
2557 2973 2852 3042 gratiarum
2913 2972 3177 3026 actionem
3227 2972 3368 3026 Patri

1881 3061 2037 3116 ollert
2089 3077 2187 3131 pro
2247 3063 2522 3117 beneliciis
2551 3079 2642 3131 per
2695 3061 2878 3116 Jesum
2918 3063 3167 3118 collatis:
3209 3080 3370 3132 super

1882 3152 1966 3208 his
2015 3155 2266 3209 omnibus
2317 3155 2679 3222 precationem
2725 3155 2790 3207 ad
2845 3156 3139 3210 cavendam
3177 3172 3367 3226 super-

1882 3244 2047 3300 liiam.

1881 3339 2026 3393 Dixit
2056 3337 2284 3407 injustus
2319 3347 2376 3391 ut
2410 3339 2676 3408 delinquat
2711 3340 2766 3391 in
2787 3339 3081 3409 semetipso.
3128 3339 3368 3394 Arbitra-

1809 3443 1915 3496 tur,
1967 3430 2164 3499 inquit,
2193 3429 2286 3498 qui
2318 3429 2370 3482 in
2425 3430 2631 3483 malitia
2685 3431 2948 3486 educatus
2995 3439 3103 3496 est,
3157 3433 3363 3486 occulta

1809 3523 1974 3575 animi
2023 3522 2195 3591 ipsius
2243 3521 2468 3576 consilia
2518 3523 2788 3575 neminem
2842 3523 3180 3592 conspicere.
3232 3522 3365 3577 Nam

1806 3613 1960 3675 illud,
1989 3614 2148 3677 dixit,
2184 3627 2282 3682 pro
2307 3613 2597 3675 existimat,
2647 3619 2740 3666 aut
2766 3613 3079 3678 arbitratur,
3107 3614 3361 3684 positum.

1806 3705 1992 3760 Tantae
2043 3720 2207 3774 porro
2244 3704 2554 3759 indolentia:
2600 3719 2764 3758 causa
2795 3714 2899 3768 est,
2948 3706 3093 3776 quod
3123 3707 3362 3760 omnium

1807 3793 2166 3861 inspectorem
2221 3788 2513 3845 Dominum
2567 3807 2674 3845 non
2721 3791 3053 3848 reformidet.
3117 3793 3239 3847 Non
3289 3809 3363 3848 est

1806 3886 1962 3937 timor
2016 3884 2108 3938 Dei
2150 3894 2269 3937 ante
2324 3885 2500 3937 oculos
2530 3883 2663 3951 ejus.
2725 3884 2861 3938 Cum
2919 3885 3102 3950 semel,
3168 3887 3361 3957 inquit.

1804 3975 2062 4043 peccandi
2118 3975 2461 4045 pr0positum
2496 3975 2802 4040 admiserit,
2839 3991 2867 4028 a
2907 3986 3195 4046 conspectu
3229 3993 3360 4030 ocu-

1804 4067 1978 4120 lorum
2015 4065 2106 4120 Dei
2147 4066 2396 4120 timorem
2443 4077 2678 4120 amovet.
2728 4063 2862 4119 Nam
2912 4068 3104 4122 timore
3150 4068 3359 4123 Domini

1802 4158 2036 4213 declinat
2062 4157 2292 4226 quilibet
2322 4173 2350 4210 a
2389 4158 2551 4208 malo.

1872 4246 1925 4300 2.
1955 4245 2218 4310 Quoniam
2250 4245 2428 4299 dolose
2473 4247 2576 4314 egit
2608 4251 2658 4300 in
2690 4258 2960 4316 conspectu
2998 4249 3132 4318 ejus.
3166 4249 3362 4305 Libens

1800 4351 1918 4390 eam
1951 4334 2186 4388 admittit
2235 4333 2622 4402 ignorantiam,
2655 4335 2842 4389 nolens
2868 4343 3016 4403 gesta
3047 4351 3143 4390 sua
3175 4351 3356 4388 secum

143 4423 447 4493 πραγμὲνα,
475 4423 565 4475 καὶ
613 4424 837 4492 μισῆσαι
867 4421 936 4472 τὰ
964 4421 1145 4484 κακῶς
1178 4421 1559 4490 πεπραγμένα.
1592 4419 1699 4473 Τοῦ

1805 4436 2076 4495 reputare,
2118 4440 2218 4478 nec
2257 4441 2419 4493 prave
2461 4425 2754 4480 commissa
2805 4425 3064 4480 aversari.
3125 4424 3191 4478 Ut
3221 4427 3359 4478 inre-

139 4513 332 4581 εὑρεῖν
353 4513 468 4581 τὴν
491 4514 746 4583 ἀνομίαν
773 4512 956 4566 αὐτοῦ
985 4512 1082 4565 καί
1101 4509 1379 4581 μισῆσαι.
1408 4512 1542 4563 υὺδὲ
1572 4511 1694 4564 τοῦ-

1805 4519 1980 4570 ηίιιιιιν
2006 4517 2259 4586 iniquitas
2285 4516 2397 4584 ejus
2429 4517 2496 4568 ad
2529 4517 2726 4569 odium.
2756 4515 2940 4587 Neque
2974 4515 3125 4580 illud,
3164 4517 3355 4586 inquit.

137 4622 211 4669 το,
246 4607 404 4676 φησὶ,
444 4605 737 4673 λογίζεται,
773 4605 854 4658 ὃτι
887 4607 915 4657 ὁ
951 4603 1081 4666 Θεὸς
1108 4603 1350 4674 εὑρίσκει
1395 4602 1492 4673 τὴν
1521 4603 1699 4672 ἀμαρ-

136 4697 250 4750 τίαν
298 4695 487 4760 αὑτοῦ,
523 4698 616 4750 καὶ
650 4695 822 4767 εὑρὼν
851 4695 1040 4766 αὑτὴν,
1091 4697 1240 4766 μισεῖ
1289 4695 1379 4747 καὶ
1407 4694 1572 4764 αὐτὴν
1607 4696 1697 4747 καὶ

137 4791 311 4844 αὐτόν.

205 4883 278 4936 τὰ
301 4882 542 4952 ῥήματα
563 4881 668 4936 τοῦ
693 4882 988 4950 στόματος
1003 4879 1188 4934 αὑτοῦ
1217 4880 1435 4949 ἀνομία
1477 4880 1571 4933 καὶ
1600 4879 1694 4931 δό-

136 4975 253 5039 λος.
273 4975 544 5043 Ἀνομίαν
572 4975 688 5044 μὲν,
731 4973 794 5026 δι’
824 4973 889 5037 ἃς
920 4974 1195 5043 ἐπήγαγον
1225 4971 1408 5043 ὑδρεις
1440 4971 1688 5043 Χριστῷ·

136 5066 311 5121 δόλον
339 5067 419 5129 δὲ,
445 5069 526 5120 ὅτι
561 5067 652 5120 καὶ
677 5066 984 5134 παγιδεύειν
1017 5066 1175 5118 αὑτὸν
1207 5063 1538 5135 βουλόμενοι,
1565 5081 1695 5143 χρη-

1803 4608 2134 4670 considerat,
2176 4607 2319 4676 quod
2358 4607 2564 4661 scilicet
2613 4605 2755 4661 Deus
2800 4615 3078 4677 peccatum
3113 4607 3229 4676 ejus
3260 4609 3353 4662 de-

1796 4699 2109 4768 prehendat,
2139 4708 2299 4767 atque
2323 4712 2389 4752 eo
2417 4697 2752 4768 deprehenso
2778 4707 2831 4752 et
2854 4706 3129 4766 peccatum
3155 4707 3207 4750 et
3229 4713 3355 4766 pec-

1795 4800 2029 4842 ratorem
2067 4788 2192 4841 odio
2223 4789 2435 4843 habeat.

1862 4884 1912 4935 3.
1971 4881 2135 4935 Verba
2171 4882 2277 4933 oris
2318 4883 2428 4950 ejus
2470 4884 2724 4953 iniquitas
2759 4894 2806 4936 et
2843 4883 3015 4936 dolus.
3066 4881 3349 4952 Iniquitas.

1796 4981 2008 5042 propter
2057 4973 2267 5025 oblatas
2317 4972 2536 5027 Christo
2588 4975 2983 5036 contumelias;
3046 4974 3198 5026 dolus
3256 4993 3351 5027 au-

1794 5075 1920 5130 tem,
1977 5078 2098 5118 cum
2149 5063 2389 5118 volentes
2437 5065 2586 5118 illum
2637 5065 2867 5129 irretire,
2927 5065 3138 5119 blandis
3199 5065 3347 5118 illum

137 5160 271 5220 στοῖς
320 5158 616 5227 προσίεσαν
665 5156 859 5224 λόγοις.
906 5159 1024 5210 οὐκ
1063 5155 1368 5222 ἠϐουλήθη
1423 5155 1691 5210 συνιέναι

1805 5155 2136 5210 sermonibus
2166 5156 2582 5224 compellabant.
2619 5155 2806 5210 Noluit
2830 5158 3118 5227 intelligere
3142 5167 3197 5211 ut
3229 5157 3348 5210 bene

135 5249 232 5301 τοῦ
261 5248 776 5319 ἀγαθῦναι.⁹Εκὼν,
814 5249 998 5319 φησὶν,
1032 5248 1220 5300 ἑαυτὸν
1251 5247 1415 5313 Eamus
1461 5249 1554 5301 τοῦ
1600 5250 1686 5300 εὑ-

137 5341 430 5408 πραγῆσαι.

211 5431 474 5498 Ἁνομίαν
509 5428 883 5496 διελογίσατο
928 5428 1024 5482 ἐπὶ
1066 5428 1175 5496 τῆς
1223 5429 1423 5493 κοίτης
1464 5428 1682 5482 αὐτοῦ’

135 5517 386 5587 παρέστη
428 5517 595 5586 πάσῃ
627 5516 744 5582 ὀδῷ
787 5520 896 5571 οὐκ
922 5516 1133 5586 ἀγαθῇ.
1176 5517 1249 5569 Τὸ
1281 5516 1481 5569 ἄῦπνον
1513 5516 1688 5569 αὐτῶν

198 5607 390 5664 “Luc.
446 5627 598 5673 “tu,
650 5609 735 5662 l8.
812 5608 1063 5662 "Matth.
1101 5607 1350 5674 xxn,16.

1796 5258 1986 5318 ageret.
2047 5245 2264 5311 Libens,
2318 5249 2512 5317 inquit,
2561 5264 2679 5303 sese
2728 5265 2756 5302 a
2801 5249 2944 5303 bono
2989 5264 3149 5318 opere
3190 5250 3345 5302 cohi-

1793 5339 1925 5392 Imit.

1861 5430 1912 5483 4.
1949 5428 2286 5498 lniquitatem
2317 5430 2598 5482 meditatus
2629 5442 2702 5484 est
2736 5431 2790 5482 in
2817 5430 2976 5483 cubili
3014 5447 3108 5484 suo
3143 5446 3161 5483 :
3212 5431 3345 5483 asti-

1792 5520 1852 5571 tit
1884 5521 2024 5572 omni
2058 5521 2154 5574 via:
2186 5536 2286 5572 non
2318 5519 2484 5574 bonw.
2519 5519 2717 5591 Vigiles
2748 5531 2800 5573 et
2851 5521 3126 5576 insomnes
3160 5533 3343 5575 nor-tes

201 5698 302 5774 HO)
339 5699 826 5774 Haginhmbros.
855 5701 1202 5774 adnotantur.
1233 5718 1352 5770 quae
1382 5702 1445 5755 ad
1480 5719 1619 5774 vers.
1652 5704 1683 5756 6

1813 5713 1956 5756 ciant
1986 5722 1996 5755 :
2031 5703 2102 5756 Τδ
2127 5704 2327 5757 ἆὺπνον
2363 5704 2538 5755 αὐτῶν
2564 5703 2662 5774 τῆς
2696 5704 2774 5764 εἰς
2804 5701 3032 5774 Χριστὸν
3051 5702 3341 5771 ἑπισιιυλῆς

137 5771 392 5836 σημαίνει.
425 5769 703 5839 Signiﬁcat
740 5787 918 5824 eorum
971 5769 1298 5839 rigiluutium
1332 5775 1382 5823 in
1418 5773 1668 5838 parandis
1698 5769 1943 5826 ndrrrsns
1978 5774 2243 5827 Christum
2272 5773 2499 5827 insidiis.
