4102 6312
749 337 848 393 175

1580 335 1637 390 S.
1681 332 2055 388 ATHANASII
2095 330 2243 386 OPP.
2283 329 2462 384 PARS
2502 327 2587 382 lll.
2626 361 2693 371 -—
2731 328 3136 385 EXEGETICA.

3849 334 3946 387 176

747 465 934 508 eorum
964 450 1055 520 qui
1077 448 1293 504 Christo
1322 448 1544 502 insidias
1572 450 1832 518 parabant
1856 449 2142 518 significat.
2177 447 2293 500 Ma-

2399 446 2489 516 τῆς
2535 446 2613 508 είς
2656 445 2886 514 Χριστὸν
2920 443 3209 513 ἐπιϐουλῆς
3238 443 3508 514 σημαίνει.
3542 445 3730 513 Κακία
3777 445 3843 498 δὲ
3888 447 3938 498 oi

746 545 920 597 litium
969 553 1141 594 autem
1187 557 1284 593 non
1331 542 1511 594 adivit.
1564 541 1640 595 Ac
1699 542 1745 596 si
1779 541 2000 604 diceret,
2038 539 2297 592 malitiam

748 649 852 686 IIOH
889 639 1166 685 aversatus
1204 639 1306 683 εει.

817 726 868 780 5.
911 724 1148 788 Domine,
1180 725 1234 776 in
1258 724 1384 777 caelo
1409 724 1769 778 misericordia
1811 737 1920 778 uta.
1955 724 2201 780 Declarat
2233 741 2298 778 ex

746 818 1114 872 misericordia
1149 817 1268 886 ejus
1295 817 1557 880 caelestia,
1588 817 1639 871 id
1685 826 1767 870 est
1808 817 2159 870 rationabiles
2207 832 2298 886 po-

747 917 965 962 testates
996 908 1312 963 consistere.
1347 906 1414 959 Et
1447 909 1634 961 veritas
1674 918 1763 960 tua
1796 923 1954 977 usque
1986 908 2054 960 ad
2085 907 2263 962 nubes.

814 1081 864 1135 6.
890 1082 1109 1136 Justitia
1139 1091 1227 1134 tua
1255 1083 1392 1135 sicut
1423 1092 1620 1134 montes
1646 1081 1760 1134 Dei.
1791 1079 1979 1144 Veras,
2019 1079 2214 1147 inquit,
2248 1088 2300 1132 et

745 1173 928 1228 ﬁrmas
965 1189 1082 1226 esse
1117 1174 1498 1242 prophetarum
1541 1173 1931 1242 promissiones
1989 1172 2295 1226 ostendisti.

745 1261 923 1316 Nubes
954 1264 1094 1316 enim
1127 1274 1250 1316 sunt
1280 1263 1552 1331 propheta:
1577 1281 1588 1315 :
1615 1279 1768 1317 veras
1793 1272 1970 1316 autem
1999 1278 2092 1316 cas
2120 1271 2296 1316 osten-

745 1355 892 1417 disti,
951 1364 1154 1409 tantam
1189 1356 1452 1409 exhibens
1488 1357 1591 1408 vim
1638 1356 1877 1424 iustitiae,
1915 1366 1975 1409 ut
2025 1356 2299 1409 montibus

748 1447 838 1500 Dei
870 1447 1170 1516 comparari
1215 1448 1402 1517 possit.
1455 1445 1665 1499 Judicia
1704 1458 1792 1500 tua
1842 1448 2055 1516 abyssus
2109 1447 2294 1499 multa.

745 1539 879 1593 Cum
916 1550 1060 1595 tanta
1111 1544 1310 1596 veritas
1355 1552 1514 1612 atque
1559 1544 1762 1612 justitia
1798 1543 1922 1596 insit
1956 1543 2072 1605 tibi,
2109 1542 2297 1609 ignoro

743 1646 863 1698 quae
905 1647 1069 1685 causa
1117 1631 1183 1686 sit
1230 1633 1372 1700 quod
1427 1634 1608 1686 tandiu
1668 1633 1881 1686 toleres.
1915 1630 2047 1685 Nam
2095 1631 2295 1700 judicia

743 1729 835 1774 tua
867 1721 1304 1792 inaspectabilem
1333 1723 1511 1794 abyssi
1544 1722 1964 1792 profunditatem
1994 1723 2294 1775 imitantur.

2401 536 2849 605 πρεσὼχοησεν.
2869 536 3012 588 Ἀντὶ
3041 534 3156 598 τοῦ,
3186 534 3281 605 τὴν
3309 537 3504 588 κακίαν
3537 537 3634 588 οὐκ
3673 537 3920 607 ἐμίσησε.

2470 716 2663 782 Κύριε,
2703 717 2772 768 ἐν
2808 713 2886 780 τῷ
2926 713 3156 782 cii-parii)
3191 713 3254 766 τὸ
3280 715 3449 778 ἔλεός
3488 728 3624 766 σου.
3665 711 3941 763 Δείκνυσιν

2400 806 2472 868 ὡς
2499 806 2575 876 τῷ
2609 806 2770 859 αὐτοῦ
2803 807 2940 857 ἐλέει
2979 806 3070 858 καὶ
3103 805 3172 858 τὰ
3217 806 3445 874 οὐράνια
3473 805 3785 871 συνέστηκε,
3809 819 3934 855 τουτ

2400 897 2543 950 ἐστιν
2577 899 2630 949 αί
2678 897 2890 964 λογικαὶ
2930 897 3203 966 δυνάμεις.
3230 896 3339 949 Kal
3369 898 3405 964 ἡ
3441 895 3688 964 ἀλήθειά
3715 912 3831 950 σου
3857 897 3963 962 ἕως

2400 984 2516 1038 τῶν
2548 986 2837 1053 νεφελῶν.

2481 1078 2539 1131 Ἠ
2569 1077 2918 1143 δικαιοσύνη
2943 1093 3057 1130 σου
3085 1077 3164 1142 ὠς
3188 1076 3291 1144 ὅρη
3328 1077 3494 1130 Θεοῦ.
3515 1079 3778 1148 Ἀληθεὶςε
3811 1079 3961 1150 φησὶ,

2400 1169 2492 1221 καὶ
2529 1168 2870 1246 βεϐαίαςπάς
2897 1167 2982 1221 διὰ
3010 1168 3116 1220 τῶν
3151 1169 3440 1238 προφητῶν
3474 1170 3804 1239 ἐπαγγελίας
3826 1171 3965 1223 ἔδει-

2399 1257 2523 1322 ξας·
2578 1257 2794 1325 νεφέλαι
2838 1257 2946 1328 γὰρ
2995 1258 3041 1308 oi
3092 1257 3637 1329 προφῆται.Ἐδειξας
3678 1260 3733 1313 δὲ
3763 1259 3966 1321 ταύτας

2399 1349 2656 1419 ἀληθεῖς,
2709 1348 2908 1419 πλῆθος
2939 1349 3282 1418 δικαιοσύνης
3333 1352 3640 1422 χορηγήσας
3692 1352 3964 1413 τοσοῦτον,

2398 1440 2473 1503 ὠς
2530 1441 2678 1510 ὄρεσι
2749 1439 3189 1510 παραϐάλλεσθαι
3231 1439 3390 1493 Θεοῦ.
3442 1443 3515 1494 Τὰ
3559 1439 3812 1510 χρίματὰ
3854 1458 3968 1494 σου

2398 1532 2668 1597 ἄϐυσσος
2719 1530 2937 1597 πολλή.
2969 1530 3249 1601 Τοσαύτην
3287 1531 3342 1583 δὲ
3391 1530 3529 1601 ἔχων
3573 1532 3829 1602 ἀλήθειαν
3879 1533 3971 1585 καὶ

2397 1622 2759 1692 δικαιοσύνην,
2786 1623 2927 1686 τίνος
2949 1623 3133 1676 ἕνεκεν
3162 1622 3531 1694 μακροθυμεὶς
3555 1623 3734 1691 ἀγνοῶ
3753 1641 3765 1652 ·
3791 1623 3852 1676 τὺ
3875 1626 3969 1695 τῆς

2400 1715 2635 1766 ἀϐύσσου
2683 1713 2790 1784 γὰρ
2837 1713 3145 1785 ἀθεώρητον
3183 1715 3425 1784 μιμεῖταί
3461 1731 3553 1768 σου
3583 1715 3648 1768 τὰ
3688 1716 3966 1786 κρίματα⁸

740 1813 874 1869 Nam
909 1815 1049 1868 sicut
1100 1815 1218 1883 ejus
1261 1815 1596 1884 profunditas
1642 1816 1708 1869 ab
1753 1816 2063 1869 hominibus
2095 1815 2293 1883 percipi

2399 1805 2645 1877 καθάπερ
2674 1806 2783 1877 γὰρ
2806 1806 3019 1875 ἐκείνης
3050 1806 3356 1878 ἀνθρώποις
3383 1806 3691 1878 ἀθεώρητος
3729 1811 3757 1861 6
3789 1808 3970 1877 βυθὸς,

739 1904 944 1972 nequit,
982 1904 1052 1957 ita
1083 1904 1416 1972 judiciorum
1463 1913 1678 1957 tuorum
1722 1905 1977 1973 cogitatio
2019 1913 2170 1958 extra
2203 1918 2295 1958 ca-

741 2008 887 2063 ptum
915 1995 1150 2049 hominis
1177 2005 1286 2050 est.

809 2085 857 2137 7.
907 2085 1152 2138 "omines
1193 2097 1240 2140 et
1263 2087 1504 2154 juntenta
1562 2086 1813 2152 salvubis,
1854 2085 2092 2140 Domine.
2137 2086 2298 2140 Post—

740 2189 902 2244 quam
934 2175 998 2228 de
1032 2175 1243 2228 duobus
1269 2175 1482 2244 populis
1509 2175 1622 2229 haec
1649 2175 1943 2244 Apostolus
1965 2176 2191 2228 dixisset
2212 2175 2290 2228 "z

741 2261 1005 2315 Conclusit
1040 2262 1291 2317 Dominus
1325 2280 1498 2317 omnes
1529 2265 1579 2317 in
1611 2264 2001 2332 incredulitate,
2029 2273 2084 2316 ut
2120 2281 2293 2317 omnes

739 2353 905 2404 salvos
936 2353 1149 2418 faceret,
1181 2353 1460 2420 subiunxit
1487 2373 1499 2406 ε
1542 2356 1714 2419 Quam
1753 2356 2295 2423 incomprehensibilia

741 2452 858 2495 sunt
879 2443 1083 2510 judicia
1116 2455 1204 2496 tua
1230 2444 1248 2496 !
1275 2443 1461 2498 Simile
1492 2446 1577 2496 hic
1611 2447 1836 2498 habetur
1862 2464 1874 2498 :
1906 2461 2027 2497 nam
2063 2448 2294 2498 duorum

741 2535 1086 2604 populorum,
1120 2537 1212 2603 qui
1241 2535 1402 2588 etiam
1441 2550 1535 2604 per
1569 2536 1817 2590 homines
1854 2546 1906 2588 ct
1946 2537 2190 2603 jumenta
2225 2539 2295 2589 si-

739 2627 1083 2696 gniﬁcantur,
1119 2627 1346 2680 salutem
1374 2636 1726 2681 enat-raturas
1765 2647 1776 2680 :
1823 2627 2100 2681 hominum
2150 2629 2296 2682 scili-

741 2726 824 2772 cet
855 2716 1217 2773 lsraelitarum
1252 2720 1343 2788 qui
1378 2719 1606 2773 instituti
1664 2719 1715 2772 in
1749 2721 1863 2788 lege
1894 2728 2041 2786 sunt,
2076 2728 2129 2773 et
2159 2736 2294 2789 prte-

741 2813 1001 2865 stantiora
1049 2812 1322 2878 cogitant:
1374 2812 1748 2881 jumentorum
1793 2822 1969 2865 autem
1999 2851 2014 2874 ,
2055 2813 2290 2881 gentium

741 2916 947 2968 nempe,
981 2909 1165 2969 utpote
1201 2902 1721 2955 irrationabilim-um
1753 2920 1766 2967 ;
1801 2900 1968 2955 Judaei
2003 2903 2143 2954 enim
2182 2920 2294 2972 my-

740 2992 961 3045 sterium
990 3006 1084 3059 per
1135 2991 1279 3060 leges
1312 3002 1365 3046 et
1399 2995 1688 3062 prophetas
1728 2993 1902 3046 edocti
1946 2993 2288 3057 exciderunt,

741 3089 922 3148 gentes
955 3096 1078 3134 vero
1110 3097 1229 3150 qua:
1265 3098 1538 3153 nunquam
1577 3084 1708 3137 illud
1754 3084 2042 3137 audierant
2076 3098 2290 3136 assum-

2397 1892 2566 1956 οὕτως
2590 1894 2873 1962 ἀνέφικτος
2899 1893 3006 1946 τῶν
3033 1894 3138 1947 σῶν
3167 1895 3448 1966 κριμάτων
3476 1896 3828 1967 κατανόησις.

2478 2073 2838 2140 Ἀνθρώπους
2869 2072 2967 2127 καὶ
3005 2073 3193 2142 κτήνη
3217 2077 3456 2141 σώσεις,
3477 2077 3669 2144 Κύριε.
3700 2076 3839 2147 Περὶ
3867 2076 3976 2129 τῶν

2395 2164 2487 2216 δύο
2531 2164 2674 2216 λαῶν
2723 2164 2956 2234 εἰρηκὼς
3006 2167 3033 2217 6
3081 2164 3430 2230 Ἀπὸστολος,
3484 2166 3893 2220 Συνέκλεισεν
3945 2171 3975 2221 d

2399 2253 2541 2317 Θεὸς
2569 2253 2708 2318 τοὺς
2743 2254 2970 2319 πάντας
2991 2257 3077 2317 εἰς
3103 2256 3429 2319 ἀπείθειαν,
3461 2257 3559 2308 ἵνα
3581 2256 3720 2321 τοὺς
3740 2256 3974 2319 πάντα(

2395 2346 2586 2411 σώσῃ,
2636 2346 2948 2415 ἐπήγαγεν·
2993 2346 3084 2411 Ὠς
3129 2347 3562 2415 ἀνεξερεύνητα
3605 2348 3677 2400 τὰ
3719 2347 3976 2415 κρίματα

2395 2432 2577 2491 αὑτοῦ
2597 2437 2616 2488 .'
2643 2438 2751 2489 Kal
2789 2436 3022 2490 ἐνταῦθα
3050 2437 3232 2506 ὅμοιόν
3255 2438 3403 2490 ἐστιν
3423 2453 3436 2467 °
3469 2438 3653 2507 ἐπειδὴ
3681 2437 3793 2507 γὰρ
3819 2437 3977 2507 ἔμελο

2395 2526 2452 2578 λε
2491 2527 2721 2578 τῶνδύο
2750 2527 2894 2579 λαῶν
2925 2527 3022 2597 τὴν
3059 2528 3330 2598 σωτηρίαν
3358 2527 3738 2598 διηγήσασθαι,
3784 2528 3834 2580 οἳ
3884 2529 3980 2582 καὶ

2397 2618 2747 2686 σημαίνονται
2778 2617 2864 2671 διὰ
2891 2619 2998 2670 τῶν
3022 2619 3321 2690 ἀνθρώπων
3353 2622 3447 2673 καὶ
3474 2621 3581 2671 τῶν
3608 2621 3822 2690 κτηνῶν
3845 2637 3860 2650 ·
3892 2624 3980 2674 dvo

2395 2709 2625 2779 θρώπων
2679 2712 2778 2782 μὲν
2828 2711 2935 2763 τῶν
2988 2711 3048 2776 ἐξ
3084 2712 3298 2783 Ἰσραὴλ
3335 2713 3409 2775 ὼς
3441 2713 3867 2784 κατηχουμὲνων
3917 2718 3982 2766 ἐκ

2391 2800 2483 2852 τοῦ
2520 2801 2703 2870 νόμου,
2732 2802 2824 2853 καὶ
2856 2801 3116 2855 νοούντων
3164 2802 3231 2855 τὰ
3276 2803 3599 2872 διαφέροντα
3622 2822 3633 2833 ·
3669 2804 3894 2873 κτηνῶν
3925 2805 3983 2858 δὲ

2392 2893 2465 2954 ὡς
2498 2892 2852 2960 ἁλογωτέρων
2881 2892 2987 2945 τῶν
3029 2893 3086 2960 ἐξ
3134 2893 3303 2948 ἐθνῶν
3328 2910 3341 2924 '
3373 2893 3748 2957 παιδευθέντες
3789 2893 3907 2965 γὰρ
3933 2897 3985 2947 cl.

2392 2982 2450 3046 ἐξ
2488 2983 2751 3036 Ἰουδαίων
2780 2982 2839 3034 τὸ
2876 2985 3172 3055 μυστήριον
3204 2984 3291 3038 διὰ
3329 2985 3492 3054 νόμου
3521 2987 3612 3038 καὶ
3643 2985 3974 3056 προερητῶν,

2394 3071 2678 3138 ἐξέπεσον
2732 3074 2780 3123 οἱ
2834 3072 2892 3123 δὲ
2924 3071 3189 3123 ὀὐδέποτε
3240 3073 3536 3141 ἀκηκοότες
3584 3075 3632 3124 οἱ
3684 3073 3744 3135 ἐξ
3797 3073 3984 3126 ἐθνῶν

741 3179 841 3238 νισι
871 3180 1035 3235 sunt;
1071 3171 1172 3226 hac
1217 3172 1283 3226 de
1315 3189 1478 3227 causa
1522 3183 1679 3228 antea
1730 3174 1906 3228 dixit:
1939 3173 2153 3226 Juiticia
2201 3187 2289 3226 tua

2399 3162 2874 3234 προσελήφθησαν·
2920 3161 3110 3214 τούτου
3157 3163 3316 3234 χάριν
3363 3163 3690 3234 προείρηκεο
3729 3166 3807 3217 Τὰ
3846 3167 3987 3232 κρί-

736 3260 956 3329 etbyssus
990 3260 1173 3312 multa.
1206 3259 1443 3314 Rursum
1474 3262 1720 3315 homines
1741 3263 1872 3315 dicit
1899 3277 1991 3315 eos
2013 3265 2104 3330 qui
2134 3264 2293 3314 ratio—

740 3350 970 3403 nabilem
990 3351 1300 3419 dignitatem
1320 3363 1634 3418 servarunt;
1655 3352 1898 3421 jumenta
1921 3368 2066 3416 vero,
2091 3369 2183 3406 eos
2201 3353 2290 3421 qui

739 3456 924 3495 versus
974 3452 1168 3494 terram
1215 3443 1468 3495 deorsum
1532 3444 1895 3506 inclinantur,
1949 3453 2002 3496 et
2066 3442 2292 3496 terrenis

741 3547 1034 3602 pascuntur
1068 3533 1335 3603 cogitatis.
1365 3534 1480 3588 Non
1531 3538 1704 3589 solum
1737 3539 1916 3605 itaque
1950 3536 2148 3606 justos,
2199 3535 2290 3590 sed

738 3626 898 3678 etiam
932 3636 1240 3692 peceatores
1273 3626 1338 3678 ad
1370 3627 1596 3680 salutem
1632 3627 1860 3679 vocavit.

809 3716 861 3768 8.
898 3714 1028 3768 Filii
1063 3725 1235 3768 autem
1284 3716 1546 3768 hominum
1592 3717 1646 3768 in
1678 3719 1895 3786 tegmine
1925 3718 2133 3768 alarum
2171 3725 2288 3768 tua-

739 3823 852 3861 rum
881 3809 1176 3876 sperabunt.
1210 3807 1262 3862 ld
1295 3819 1398 3873 est,
1427 3821 1474 3863 te
1506 3818 1858 3878 protectorem
1885 3809 2291 3878 adjutoremqnc

736 3899 1026 3968 evangelici
1063 3901 1209 3953 verbi
1242 3902 1583 3955 obtinebunt.

807 3989 860 4052 9,
894 3991 977 4042 10.
1013 3988 1422 4042 lnebriabuntur
1465 3991 1526 4042 ab
1577 3991 1808 4044 ubertate
1837 3993 2020 4044 domus
2071 4003 2192 4056 tute,
2240 4001 2288 4043 et

740 4090 962 4133 torrente
1001 4080 1278 4147 voluptatis
1307 4090 1409 4133 ture
1430 4082 1635 4150 potabis
1659 4098 1765 4144 eos,
1796 4093 1899 4135 ete.
1931 4081 2163 4135 Torrens
2194 4099 2288 4136 v0-

738 4171 956 4240 luptatis
1013 4171 1262 4228 Christus
1313 4185 1415 4238 est,
1455 4174 1604 4243 juxta
1661 4174 1801 4242 quod
1849 4174 2050 4228 dictum
2103 4175 2282 4229 est”:

737 4263 1015 4316 Declinabo
1051 4279 1200 4329 super
1234 4282 1317 4318 cas
1346 4268 1496 4334 quasi
1540 4275 1736 4319 torrens
1773 4267 2035 4319 inundans
2061 4268 2286 4336 gloriam

735 4355 980 4422 gentium.
1000 4350 1094 4404 Est
1116 4364 1291 4406 autem
1321 4366 1372 4408 et
1396 4356 1514 4410 fons
1533 4359 1651 4409 vita:
1681 4367 1733 4410 et
1760 4359 1938 4413 lumen
1960 4359 2025 4412 de
2057 4360 2281 4412 lumine.

812 4441 891 4494 12.
942 4443 1059 4498 Non
1098 4445 1264 4498 ueniat
1316 4445 1441 4498 mihi
1470 4462 1556 4515 pes
1589 4448 1863 4514 superbire.
1911 4447 2084 4518 Rogat
2134 4450 2279 4502 nulla
2317 4475 2361 4529 Ι)

737 4537 934 4588 moveri
967 4552 1023 4590 se
1055 4538 1324 4605 passione.
1379 4536 1444 4591 Et
1485 4555 1667 4591 manus
1707 4543 1995 4607 peccatoris
2026 4559 2127 4594 non
2177 4558 2286 4593 mo-

735 4637 845 4678 teat
874 4644 968 4680 me.
1018 4627 1198 4697 Neque
1234 4645 1340 4695 me,
1376 4630 1569 4701 inquit,
1607 4647 1826 4699 pravum
1868 4631 2078 4686 facinus
2120 4649 2286 4704 prope

736 4726 786 4769 te
816 4725 1039 4770 stantem
1070 4719 1362 4772 dimoveat.

979 4897 1027 4950 i.
1066 4896 1400 4955 PSALMUS
1447 4902 1545 4970 ipsi
1572 4902 1758 4955 David.
1803 4903 2071 4958 XXXVI.

1325 4995 1714 5061 Argumentum.

733 5077 1039 5134 Doctrinam
1070 5083 1155 5137 hic
1189 5084 1428 5152 psalmus
1459 5086 1834 5154 cornplectitur
1856 5129 1870 5153 ,
1898 5087 2280 5143 abstinentiam

802 5185 832 5223 a
864 5172 1017 5225 ma'lis
1040 5213 1054 5236 ,
1084 5175 1455 5244 bonorumque
1483 5178 1717 5230 studium
1754 5194 1893 5232 novo
1924 5180 2123 5248 popqu
2154 5197 2281 5249 prm-

802 5266 1030 5319 dicans:
1067 5277 1291 5335 utroque
1330 5269 1395 5321 ad
1429 5270 1762 5323 suadendum
1800 5287 1966 5336 usus,
1995 5289 2089 5340 Spe
2129 5275 2279 5328 scili-

799 5366 879 5409 cet
909 5359 1249 5425 przemiorum
1292 5361 1460 5415 bonos
1491 5363 1884 5430 spectantium,
1923 5373 1977 5417 ct
2019 5365 2279 5432 supplicio

801 5447 956 5500 malis
985 5459 1272 5504 reservato.

799 5538 851 5590 ἓ.
888 5535 1012 5589 Noli
1049 5540 1288 5592 wmulari
1318 5542 1367 5594 in
1400 5542 1846 5612 malignuntibus,
1884 5563 2041 5616 neque
2078 5549 2274 5604 zelare-

799 5719 841 5748 “
869 5716 1020 5773 Rom.
1053 5734 1128 5785 ιι,
1160 5722 1343 5776 31-35.
1418 5724 1462 5756 ⁸³
1484 5726 1585 5779 lsa.
1619 5740 1763 5788 LXVI,
1803 5726 1888 5780 12.

2387 3255 2543 3324 [card
2567 3272 2680 3309 σου
2706 3255 2976 3322 ἄϐυσσος
2999 3257 3221 3322 πολλή.
3240 3257 3360 3310 Ἀνθ
3370 3257 3582 3328 ρώπους
3607 3258 3751 3326 λέγει
3778 3260 3979 3320 πάλιν,

2392 3349 2517 3409 τοὺς
2543 3347 2640 3417 τὴν
2665 3347 2892 3417 λογικὴν
2922 3348 3075 3410 ἀξίαν
3110 3349 3474 3414 φυλάττοντας
3493 3366 3506 3378 ·
3540 3351 3710 3419 κτήνη
3734 3351 3817 3413 δὲ,
3846 3353 3986 3415 τοὺς

2394 3439 2471 3501 είς
2484 3438 2586 3508 γῆν
2605 3438 2753 3490 κάτω
2772 3437 3042 3503 νεύοντας,
3069 3438 3159 3492 καὶ
3184 3438 3252 3492 τά
3275 3441 3436 3509 γήῖνα
3459 3438 3821 3509 βοσκομένους
3840 3459 3978 3511 φρο-

2392 3531 2622 3601 νήματα.
2652 3530 2725 3583 Οὐ
2753 3530 2911 3600 μόνον
2933 3527 3023 3582 οὖν
3045 3530 3307 3596 δικαίους,
3335 3530 3470 3584 ἀλλά
3492 3532 3584 3583 καὶ
3607 3531 3986 3602 ἁμαρτωλοὺς

2392 3639 2414 3672 ε
2426 3625 2471 3684 ίς
2502 3621 2773 3690 σωτηρίαν
2805 3621 3079 3673 ἐκάλεσεν.

2463 3715 2527 3765 Ol
2557 3712 2624 3765 δὲ
2653 3712 2767 3766 υἱοί
2793 3711 2909 3764 τῶν
2933 3712 3254 3778 ἀνθρώπων
3279 3713 3348 3765 ἐν
3379 3713 3577 3781 σκέπῃ
3611 3713 3726 3768 τῶν
3755 3720 3989 3786 πτερύ-

2390 3821 2509 3872 γων
2535 3818 2650 3856 σου
2684 3801 2983 3857 ἐλπιοῦσι.
3005 3803 3282 3863 Τουτέστι,
3313 3804 3624 3873 σκεπαστὴν
3648 3805 3740 3855 καὶ
3772 3805 3990 3877 βοηθόν

2393 3911 2449 3945 σε
2481 3894 2656 3958 ἕξουσι
2691 3894 2785 3945 τοῦ
2817 3892 3173 3960 εὐαγγελικοῦ
3209 3893 3391 3960 λόγου,
3422 3893 3606 3964 φησίν.

2460 3985 2949 4051 Μεθυσθήσονται
2982 3984 3097 4038 ἀπὸ
3146 3987 3426 4052 πιότητος
3474 3985 3641 4038 οἴκου
3683 4002 3827 4050 σου,
3870 3989 3985 4041 καὶ

2389 4076 2493 4129 τὸν
2522 4076 2880 4145 χειμάρῤουν
2913 4075 3023 4143 τῆς
3063 4075 3293 4144 τρυφῆς
3321 4092 3435 4129 σου
3466 4075 3686 4140 ποτιεῖς
3719 4079 3989 4144 αὐτούς.

2388 4167 2731 4237 Χειμάρῤους
2757 4170 2967 4238 τρυφῆς
2994 4168 3138 4220 ἐστιν
3169 4169 3196 4218 6
3226 4166 3458 4237 Χριστὸς
3491 4167 3629 4220 κατὰ
3649 4167 3710 4218 τὸ
3735 4169 3990 4239 εἰρημέ-

2387 4275 2474 4309 νον
2496 4275 2507 4286 ·
2551 4259 2834 4311 Ἑκκλίνω
2871 4258 2963 4310 ἐπ’
2988 4259 3205 4324 αὐτοὺς
3232 4260 3310 4325 ὡς
3347 4258 3700 4329 χειμάρῤους
3721 4261 3991 4317 ἐπικλύ-

2388 4347 2495 4407 ζων
2526 4347 2711 4412 δόξαν
2731 4348 3102 4403 ἐθνῶν,”Εστι
3127 4350 3182 4402 δὲ
3212 4350 3304 4403 καὶ
3337 4350 3485 4422 πηγὴ
3521 4350 3665 4421 ζωῆς
3711 4352 3808 4404 καὶ
3853 4354 3995 4422 φῶς

2390 4437 2452 4488 ἐκ
2481 4438 2672 4501 φωτός.

2459 4528 2552 4594 Μὴ
2583 4527 2798 4581 ἐλθέτω
2821 4545 2918 4597 μοι
2945 4527 3097 4595 ποῦς
3122 4530 3713 4599 ὐπερηφανίαςῖεξω
3733 4531 3832 4585 τοῦ
3871 4552 3906 4585 τ
3923 4537 3994 4588 ά-

2386 4617 2509 4681 θους
2547 4619 2686 4682 ἀξιοῖ
2712 4618 2982 4686 γενέσθαι.
3025 4619 3130 4673 Καὶ
3164 4623 3292 4689 χεὶρ
3335 4622 3681 4690 ἀμηρτωλοῦ
3717 4623 3806 4691 μὴ
3849 4641 3992 4680 σα-

2383 4711 2594 4763 λεύσιιι
2623 4727 2719 4778 με.
2747 4711 2897 4778 Μηδὲ
2938 4714 3355 4781 μετακινησάτω
3382 4731 3470 4783 με,
3503 4714 3656 4784 φησὶ,
3680 4714 3784 4784 τῆς
3815 4719 3995 4788 παρὰ

2387 4801 2467 4853 col
2494 4802 2733 4865 στάσεως
2769 4802 2966 4873 πρᾶξις
2991 4803 3211 4864 ἄτοπος.

2775 4897 3081 4948 ΨΑΛΜΟΣ
3114 4895 3192 4958 τῷ
3220 4894 3416 4950 Δαυΐδ.
3449 4897 3604 4961 AG".

3002 4985 3014 5004 '
3028 4987 3334 5051 Υπόθεσις.

2383 5076 2738 5129 Διδασκαλίαν
2768 5075 3009 5145 περιέχει
3032 5078 3059 5128 6
3081 5076 3315 5145 ψαλμὸς,
3347 5076 3734 5147 εἰσηγούμενος
3751 5080 3840 5150 τῷ
3865 5083 3996 5154 νέῳ

2451 5165 2562 5234 λαῷ
2607 5167 2811 5236 ἀποχὴν
2841 5167 2936 5235 μὲν
2958 5167 3065 5218 τῶν
3099 5167 3368 5239 πονηρῶν,
3400 5169 3741 5239 ἐπιτήδευσιν
3765 5171 3828 5224 δὲ
3861 5175 3996 5228 τῶν

2451 5255 2698 5324 ἀγαθῶνθ
2728 5258 2784 5322 ἐξ
2817 5257 3088 5327 ἑκατέρων
3112 5257 3312 5309 πείθων
3333 5303 3345 5317 .
3373 5258 3436 5310 ἐκ
3467 5275 3524 5310 τε
3551 5259 3650 5327 τῆς
3679 5263 3798 5324 τοῖς
3830 5265 3999 5331 ἀγα.-

2452 5348 2561 5409 θοίς
2595 5348 3032 5418 ηὑτρεπισμένης
3067 5349 3276 5412 ἐλπίδος
3296 5390 3308 5410 ,
3343 5350 3404 5402 ἐκ
3431 5367 3488 5402 τε
3519 5351 3617 5419 τῆς
3648 5353 3764 5413 τοῖς
3797 5371 3995 5424 πονη-

2453 5443 2566 5511 ροῖς
2586 5440 2948 5510 ἀποκειμένης
2975 5439 3265 5502 κολάσεως.

2448 5536 2506 5586 Μ
2513 5532 2544 5600 ii
2571 5531 2910 5601 πίιραζήλου
2942 5533 3010 5584 ἑν
3034 5531 3552 5600 ποιηρειιομένοις,
3586 5530 3743 5601 μηδὲ
3772 5532 3990 5601 ζηλου
