4102 6312
149 387 234 441 ΓΠ
1176 384 1535 439 EXPOSITIO
1577 383 1638 438 ΙΝ
1671 383 1998 440 PSALHUM
2036 383 2270 439 XXXVI.

3249 379 3347 437 178

145 500 268 565 τοὺς
288 499 608 565 ποιοῦντας
632 498 744 567 τὴν
769 501 1039 569 ἀνομίαν.
1073 500 1333 570 Παραινεῐ
1358 499 1575 568 φεύγειν
1599 500 1697 570 τὴν

1811 502 1870 553 ris
1900 502 2144 565 facientes
2177 499 2524 568 iniquitatem.
2553 495 2813 550 Malitiam
2841 493 3023 566 fugere
3053 495 3304 552 hortatur
3334 516 3349 550 :

145 593 390 662 πονηρίαν
402 616 426 652 ο,
456 591 532 653 ὡς
563 592 833 644 ἔκπτωσιν
861 586 996 644 εἶναι
1037 591 1235 655 παντὸς
1263 591 1469 658 ἀγαθοῦ
1498 591 1698 661 ταύτης

1811 595 2000 648 docens
2024 593 2140 661 ejus
2172 594 2330 645 tinem
2354 606 2473 645 esse
2506 591 2714 658 lapsum
2740 590 2806 643 ah
2832 589 2979 642 omni
3010 588 3173 642 hono.

145 684 464 754 ὑπογράφων
499 683 561 735 τὺ
583 683 755 746 τέλος.

205 777 309 828 Καὶ
344 767 730 843 κὶιτασκήιὋυ
761 774 873 842 τὴν
897 773 1029 844 γῆν,
1058 774 1154 827 καὶ
1194 773 1574 842 ποιμανθήσῃ
1603 773 1700 825 ἐπὶ

142 865 214 930 τῷ
247 867 484 928 πλούτῳ
517 865 727 932 αὐτῆς.
761 865 868 935 Γῆν
896 865 1040 932 λέγει
1063 866 1160 934 τὴν
1183 864 1538 917 Θεόπνευστον
1564 863 1703 933 Γρα-

145 957 242 1024 φὴν
261 995 275 1018 ,
310 956 366 1006 ὲν
467 955 496 1006 ὀ
524 954 751 1016 πλοῦτος
780 954 887 1006 τῶν
911 953 1109 1022 ἁγίων,
1145 955 1415 1006 τουτέστιν
1442 956 1494 1007 al
1533 957 1700 1021 ἐπαγ-

1872 777 1923 828 5.
1968 773 2031 826 Et
2061 774 2529 834 inhabitaterram,
2556 781 2604 824 ct
2638 771 2867 840 pasceris
2903 771 2956 822 in
2987 769 3183 825 divitiis
3217 767 3351 838 ejus.

1803 870 2024 921 Terram
2069 867 2196 920 dicit
2239 865 2498 919 divinitus
2527 865 2840 934 inspiratam
2887 860 3220 931 Scripturam
3248 903 3262 926 ,
3299 863 3351 915 in

1802 972 1908 1026 qua
1939 957 2054 1010 sita:
2099 964 2411 1010 sanctorum
2444 955 2663 1020 divitiae,
2715 955 2764 1007 id
2814 963 2898 1008 est
2942 953 3351 1022 promissiones.

143 1047 329 1114 γελίαι.
402 1047 666 1115 Παραινεῖ
710 1046 998 1109 διαπαντὸς
1031 1045 1136 1097 τῶν
1170 1046 1326 1100 Οείων
1373 1045 1702 1117 προσχέσθαι

1811 1045 2059 1101 Hortatur
2089 1057 2267 1100 autem
2314 1055 2372 1099 ut
2401 1046 2598 1100 divinis
2641 1045 2872 1115 eloquiis
2905 1058 3115 1114 semper
3153 1043 3358 1097 haerea—

143 1137 351 1206 λογίων,
386 1136 545 1205 ἔρωτι
581 1137 688 1190 τῶν
719 1139 776 1189 ὲν
793 1137 974 1200 αὐτοῖς
988 1139 1363 1208 ἀποκειμένων
1388 1141 1500 1200 τοῖς
1531 1136 1702 1205 ἁγίοις

1811 1154 1946 1204 mus,
1978 1154 2162 1191 amore
2193 1138 2342 1194 ducti
2375 1137 2638 1192 bonorum
2674 1153 2794 1207 quae
2826 1137 2880 1190 in
2912 1137 2992 1191 eis
3025 1150 3120 1204 pro
3156 1135 3357 1190 sanctis

145 1230 375 1298 ἀγαθῶν.

221 1321 640 1389 Ἁποκάλυψον
684 1319 832 1388 πρὸς
879 1323 1097 1389 Κύριον
1130 1322 1242 1390 τὴν
1268 1322 1412 1376 ὀδόν
1434 1338 1569 1383 σου,
1604 1322 1702 1375 καί

145 1413 395 1466 ἕλαισον
415 1412 508 1464 ἐπ’
532 1412 734 1476 αὑτὸν,
759 1411 856 1465 καὶ
881 1413 1061 1477 αὐτὸς
1083 1411 1340 1479 ποιήσει.
1369 1412 1525 1482 Ἕσῃ,
1549 1411 1702 1480 φησι,

146 1503 386 1572 φανερῶς
413 1503 512 1572 τὴν
545 1502 877 1572 ὰρὲσκουσαν
911 1503 1057 1572 αὐτῷ
1091 1503 1321 1573 βαδίζων
1352 1503 1486 1556 ὀδόν.

208 1591 314 1644 Kal
341 1590 563 1653 ἐξοίσει
594 1591 673 1655 ὡς
697 1591 818 1658 φῶς
847 1591 959 1659 τὴν
984 1592 1380 1660 δικαιοσύνην
1408 1611 1543 1646 σου.
1599 1593 1703 1663 Δῆ-

145 1682 227 1733 λον
255 1681 362 1751 γάρ
402 1681 572 1744 ἐστιν,
601 1682 680 1733 ὃτι
707 1684 762 1734 ὲν
787 1681 862 1751 τῷ
896 1683 1137 1751 μέλλοντι
1166 1683 1356 1748 αἰῶνι,
1389 1684 1464 1747 ὡς
1492 1683 1654 1746 αὐτὸς
1678 1683 1706 1734 ὁ

1804 1238 1928 1283 sunt
1954 1229 2203 1297 reposita.

1874 1320 1924 1373 5.
1952 1318 2137 1372 Revela
2173 1319 2396 1372 Domino
2440 1321 2577 1372 viam
2622 1329 2765 1371 tuam
2801 1327 2850 1371 et
2891 1335 3042 1387 spera
3088 1321 3138 1370 in
3179 1334 3267 1377 eo,
3309 1327 3358 1370 et

1805 1409 1913 1477 ipse
1949 1409 2128 1476 faciet.
2161 1408 2342 1462 Palam
2371 1450 2382 1472 ,
2416 1410 2621 1478 inquit,
2659 1409 2761 1462 erit
2793 1417 2844 1462 te
2879 1423 2974 1477 per
3003 1419 3277 1478 acceptam
3307 1419 3359 1461 et

1806 1509 2012 1572 gratam
2043 1501 2145 1571 ipsi
2179 1501 2321 1554 viam
2359 1499 2625 1554 incedere.

1876 1593 1926 1644 6.
1970 1589 2035 1642 Et
2064 1590 2244 1643 educet
2271 1589 2421 1657 quasi
2456 1589 2628 1642 lumen
2674 1591 2936 1652 iustitiam
2978 1599 3140 1644 tuam.
3190 1586 3361 1642 Mani-

1810 1683 2002 1738 festum
2053 1682 2196 1736 enim
2242 1691 2322 1736 est
2367 1683 2508 1750 quod
2553 1682 2605 1734 in
2650 1682 2832 1736 fuluto
2873 1684 3107 1745 saeculo,
3143 1692 3202 1735 ut
3248 1681 3363 1749 ipse

145 1771 338 1842 Κύριος
366 1771 588 1841 εἴρηκεν
609 1811 624 1833 ,
655 1771 735 1823 ὅτι
781 1774 832 1824 οι
864 1770 1074 1825 δίκαιοι
1110 1771 1531 1842 ἐκλάμψουσιν
1557 1773 1638 1836 ὼς
1674 1774 1707 1825 ὀ

1811 1774 2071 1829 Dominus
2102 1776 2228 1828 dicit
2255 1774 2322 1837 °‘,
2360 1774 2497 1842 justi
2531 1774 2793 1844 fulgebunt
2831 1775 2964 1826 sicut
3006 1773 3103 1827 sol.
3155 1771 3358 1825 Lumen

144 1865 330 1931 ἣλιος.
362 1862 481 1926 Φῶς
509 1863 564 1915 δὲ
594 1862 937 1935 δικαιοσύνης
970 1863 1196 1932 γνῶσις·
1239 1864 1424 1935 ἐπειδὴ
1451 1865 1545 1918 καὶ
1569 1866 1601 1932 ἡ
1627 1864 1706 1916 δι-

143 1953 396 2022 καιοσύνη
425 1951 602 2006 κανών
627 1956 770 2006 ἐστιν
792 1954 1016 2026 ἀρετῶν.
1050 1957 1158 2010 Καὶ
1185 1955 1251 2009 τὸ
1281 1955 1454 2026 κρῖμά
1484 1972 1599 2010 σου
1628 1958 1706 2022 ὡς

139 2049 526 2116 μεσημϐρίαν.
566 2049 707 2101 ’Δντὶ
729 2047 821 2100 τοῦ
842 2065 855 2078 ο
881 2049 1069 2118 Κρινεῖ
1091 2063 1149 2099 σε
1181 2046 1327 2110 ἄξιον
1351 2047 1478 2099 ὄντα
1511 2045 1702 2115 φωτός.

205 2140 318 2192 Καὶ
355 2138 542 2206 αὐτὸς
580 2137 835 2204 ποιήσει.
873 2140 1041 2192 ’Ὅταν
1069 2139 1153 2191 ἐπ’
1181 2138 1330 2208 αὺτῷ
1353 2178 1367 2202 ,
1399 2139 1560 2208 φησιν
1579 2177 1593 2200 ,
1625 2135 1708 2190 έλ-

143 2232 339 2300 πίσῃς,
377 2231 498 2283 τότε
530 2230 621 2282 καὶ
653 2229 814 2293 αὐτὸς
850 2230 1086 2301 ποιήσει.
1142 2229 1207 2281 Τί
1252 2227 1308 2281 δὲ
1347 2230 1560 2299 ποιήσει
1593 2229 1707 2280 δια-

141 2322 408 2375 δείκνυσιν
437 2319 773 2388 ἐπενεγκώνο
822 2319 1084 2385 Ἔξοίσει
1111 2319 1191 2385 ὠς
1215 2316 1340 2387 φῶς
1359 2316 1473 2385 τὴν
1494 2317 1710 2370 δικαιο-

142 2413 339 2477 σύνην
385 2426 502 2465 σου
529 2450 545 2472 ,
594 2413 691 2465 καὶ
731 2412 794 2464 τὸ
843 2411 1020 2480 κρῇιά
1061 2427 1176 2464 σου
1209 2411 1289 2476 ὡς
1313 2410 1705 2478 μεσημϐρίαν.

143 2503 271 2554 Τότε
296 2502 352 2553 δὲ
379 2500 599 2567 ἐξοίσει,
627 2502 810 2572 φησιν,
841 2503 961 2555 ἀντὶ⁸
993 2501 1086 2554 τοῦ
1109 2501 1324 2572 ἐμφανῆ
1356 2502 1707 2571 καταστήσει,

142 2595 229 2644 καὶ
277 2589 390 2646 οἷον
444 2591 732 2664 περίοπτον
764 2594 1062 2662 ἀποφανεῖ,
1113 2591 1294 2645 λαϐεῖν
1335 2592 1434 2644 οὐκ
1473 2591 1577 2644 ἑῶν
1614 2593 1712 2662 τῆς

142 2683 370 2748 εὑξωίις
403 2684 465 2736 τὸ
503 2683 718 2748 κάλλος.
792 2685 980 2738 Ἔσται
1008 2683 1114 2755 γὰρ
1148 2683 1347 2737 ἅπασιν
1395 2683 1628 2754 ἐναργὴς
1674 2685 1707 2754 ἡ

140 2775 452 2844 δικαιοσύνη
507 2791 599 2828 σου
641 2775 795 2846 δίκην
842 2775 1020 2843 φωτὸς
1048 2774 1439 2844 ἀναλάμπουσα
1464 2815 1478 2839 ,
1538 2772 1711 2842 φωτὸς

144 2883 278 2934 μέση
289 2864 540 2935 μϐρινοῦ.
563 2865 894 2936 Μεσημδρία
916 2881 979 2932 γε
1002 2866 1108 2936 μὴν
1129 2864 1444 2936 ὀνομάζεται
1467 2865 1564 2935 τῆς
1587 2863 1714 2934 ὴμέ-

143 2974 239 3026 ρας
271 2957 404 3009 αὐτὸ
435 2955 496 3008 τὸ
527 2956 866 3026 μεσαίτατον.
893 2958 967 3010 Οὐ
999 2958 1178 3028 μόνον,
1205 2957 1369 3027 φησι,
1401 2957 1598 3010 δικαιοῖ
1621 2956 1714 3010 τὸν

144 3046 650 3116 ἑξομολογούμενον,
676 3047 771 3100 καὶ
793 3051 966 3120 κρῖμα
994 3047 1141 3119 αὑτῷ
1164 3049 1463 3121 προσφέρει
1491 3048 1714 3120 χρηστό-

1807 1877 1985 1921 autem
2013 1866 2258 1936 justitite,
2287 1868 2552 1936 cognitio;
2578 1866 3012 1936 quandoquidem
3041 1863 3248 1933 jusﬁtia
3280 1879 3364 1917 re-

1807 1960 1926 2029 gula
1961 1960 2219 2012 virtutum
2243 1968 2342 2012 cst.
2386 1957 2449 2011 Et
2476 1959 2743 2027 judicium
2787 1969 2932 2011 tuum
2970 1967 3220 2028 tanquam
3252 1973 3362 2010 me-

1807 2049 2010 2102 ridiem.
2041 2047 2096 2101 ld
2121 2057 2222 2114 est,
2256 2046 2334 2100 Te
2364 2047 2587 2116 dignum
2622 2049 2758 2102 lucis
2784 2048 3050 2117 judicabit
3080 2061 3218 2100 esse.

1878 2141 2024 2196 Dan.
2055 2140 2216 2195 Barb.
2238 2155 2256 2194 :
2276 2139 2340 2193 Et
2365 2141 2471 2210 ipse
2489 2140 2666 2209 faciet.
2690 2139 2811 2204 Ubi,
2843 2139 3036 2209 inquit,
3060 2139 3112 2190 in
3140 2151 3205 2191 eo
3236 2150 3362 2205 spe-

1808 2235 2032 2300 raveris,
2061 2242 2190 2287 tunc
2235 2234 2350 2302 ipse
2400 2232 2577 2287 faciet.
2614 2232 2716 2286 Sed
2750 2231 2894 2302 .quid
2937 2229 3097 2284 faciet
3129 2227 3363 2282 ostendit

1809 2324 2043 2379 inferens
2080 2342 2092 2377 :
2135 2326 2200 2376 Et
2230 2321 2409 2375 educet
2440 2323 2592 2390 quasi
2632 2322 2801 2374 lumen
2837 2321 3105 2390 justitiam
3137 2329 3281 2372 tuam
3313 2327 3361 2370 et

1799 2416 2064 2486 judicium
2109 2423 2254 2467 tuum
2295 2422 2543 2483 tanquam
2582 2413 2868 2466 meridiem.
2902 2411 3038 2466 Tum
3070 2425 3199 2466 vero
3233 2408 3365 2464 edu-

1808 2516 1913 2572 cet,
1943 2508 2140 2576 inquit,
2169 2519 2286 2574 pro,
2320 2505 2665 2560 manifestum
2712 2504 2928 2572 reddet,
2960 2513 3012 2558 et
3040 2502 3196 2573 quasi
3228 2516 3364 2557 con-

1810 2599 2057 2667 Spieuum
2091 2597 2419 2660 declarabit,
2455 2612 2559 2649 non
2610 2596 2926 2665 permittens
2969 2595 3207 2649 honesta:
3245 2595 3366 2646 vitae

1809 2689 2056 2743 decorem
2082 2695 2136 2741 et
2168 2687 2616 2757 pulchritudinem
2639 2687 2823 2740 latere.
2846 2684 3131 2741 Erit-enim
3155 2684 3366 2756 justitia

1811 2789 1903 2835 tua
1933 2791 2188 2850 tanquam
2219 2781 2400 2834 lumen
2427 2778 2680 2833 omnibus
2711 2776 2993 2832 manifesta
3016 2819 3030 2842 ,
3071 2777 3366 2832 meridiana

1812 2873 1931 2927 luce
1977 2871 2325 2943 splendidior.
2369 2869 2619 2925 Meridies
2678 2870 2783 2924 dici
2821 2870 3104 2924 dimidium
3148 2868 3366 2925 dicitur.

1811 2962 1929 3018 Non
1964 2964 2146 3028 modo,
2173 2963 2369 3031 inquit,
2401 2961 2747 3017 confitentem
2785 2959 3064 3029 justilicat,
3101 2967 3153 3014 et
3179 2959 3228 3012 ei
3257 2958 3368 3012 cle-

1813 3063 2022 3110 menter
2065 3054 2367 3123 adjudicat,
2410 3069 2598 3107 verum
2640 3053 2801 3106 etiam
2837 3051 3105 3120 justitiam
3146 3050 3265 3120 ejus
3313 3050 3367 3104 in

140 3154 320 3208 τητος,
347 3138 486 3191 ἀλλὰ
514 3138 608 3191 καὶ
632 3140 711 3203 είς
731 3138 844 3208 φῶς
876 3139 1039 3192 αὑτοῦ
1072 3140 1370 3210 προσφέρει
1394 3140 1492 3209 τὴν
1519 3140 1711 3192 δικαιο-

1814 3153 1999 3214 aperto
2015 3146 2184 3215 ponit,
2209 3143 2313 3199 hoc
2335 3153 2436 3208 est,
2472 3153 2658 3198 notum
2690 3141 2945 3195 omnibus
2972 3140 3103 3195 facit
3130 3155 3189 3195 se
3217 3140 3368 3194 illum

143 3229 308 3300 σύνην
387 3231 636 3283 τουτέστι
666 3229 916 3301 γνωρίζει
961 3232 1125 3284 πᾶσιν
1145 3269 1159 3291 ,
1194 3231 1388 3302 ὅτιπερ
1412 3230 1572 3283 αὐτὸν
1604 3229 1711 3284 ὲδι-

141 3323 400 3374 λαίωσεν.
459 3316 582 3382 Οίος
607 3316 674 3389 ἦν
699 3321 728 3371 ὁ
757 3319 957 3391 λῃστὴς
981 3361 994 3387 ,
1025 3314 1086 3374 οὗ
1122 3319 1184 3373 τὸ
1211 3322 1384 3391 κρῖμα
1413 3322 1470 3373 ὲν
1505 3337 1716 3392 μεσημ-

142 3410 271 3482 ϐρία
306 3410 452 3464 κατὰ
477 3410 539 3461 τὸ
569 3410 732 3480 μέσον
758 3413 857 3481 τῆς
888 3410 1097 3482 ἡμέρας
1124 3411 1519 3483 σταυρούμενος
1547 3413 1576 3465 ὁ
1616 3413 1718 3482 Ἰη-

144 3500 269 3562 σοῦς
295 3501 554 3570 ἐξήγαγε,
583 3500 678 3554 καὶ
705 3502 805 3572 τὴν
828 3502 912 3555 ἐπ’
938 3501 1085 3573 αὐτῷ
1107 3502 1449 3571 δικαιοσύνην
1477 3505 1556 3565 εἰς
1580 3503 1714 3572 φῶς,

140 3589 420 3644 τουτέστιν
472 3593 552 3655 είς
586 3593 800 3646 πάντων
837 3592 1035 3662 γνῶσιν
1065 3593 1315 3663 ἧνεγκεν.
1383 3592 1446 3644 Ἦ
1488 3591 1596 3662 γὰρ
1629 3593 1715 3644 ἐπ’

143 3681 290 3752 αὑτῷ
330 3683 516 3753 φωνὴ,
563 3685 756 3752 Ἀμὴν,
787 3683 950 3752 ἀμὴν
973 3682 1126 3754 λέγω
1145 3698 1265 3751 σοι,
1295 3683 1562 3752 σήμερον
1589 3685 1716 3752 μετ’

141 3773 288 3841 ἐμοῦ
321 3774 438 3843 ἔσῃ
461 3776 530 3828 ἐν
557 3774 636 3840 τῷ
673 3774 1030 3843 παραδείσῳ,
1062 3778 1142 3839 εἰς
1185 3776 1414 3848 φανερὸν
1439 3779 1505 3848 τῇ
1539 3778 1716 3830 οἰκου-

144 3862 280 3933 μένῃ
299 3904 316 3925 ,
348 3863 548 3932 μᾶλλον
577 3863 634 3916 δὲ
661 3863 776 3932 φῶς
797 3867 861 3934 τῇ
887 3866 1180 3938 οἰκουμένῃ
1230 3866 1550 3938 γεγένηται,
1581 3883 1718 3939 προ-

141 3954 324 4023 τροπὴ
355 3955 488 4005 πᾶσι
507 3956 621 4017 τοῖς
649 3955 707 4009 ὲν
732 3958 986 4028 μετανοίᾳ
1007 3959 1381 4027 τυγχάνουσιν.
1409 3959 1522 4011 Οὐκ
1543 3958 1714 4022 ἔσται,

142 4043 318 4110 φησι,
375 4043 786 4115 κεκαλυμμένον
822 4047 884 4100 τὸ
913 4048 1012 4118 τῆς
1057 4047 1402 4118 δικαιοσύνης
1447 4048 1715 4122 λαμπρὸν,

141 4135 340 4207 ὥσπερ
363 4135 480 4200 νῦν,
506 4137 620 4191 ἀλλ’
644 4140 902 4206 ἐπιφανὲς
921 4138 1108 4209 ὥσπερ
1125 4140 1272 4209 ἥλιος
1299 4143 1358 4195 ἐν
1378 4141 1716 4214 μεσημϐρίᾳ,

1809 3237 2161 3308 jnstilicasse.
2186 3236 2501 3306 Cujusmodi
2536 3235 2634 3289 fuit
2661 3236 2817 3301 latro,
2849 3235 3004 3304 cujus
3026 3233 3289 3304 judicium
3315 3233 3368 3286 in

1815 3324 2059 3392 meridie,
2094 3325 2198 3379 hoc
2223 3333 2301 3378 est
2331 3323 2506 3378 medio
2531 3325 2617 3378 die
2642 3365 2655 3388 ,
2681 3321 2838 3378 Jesus
2867 3324 2920 3377 in
2950 3338 3110 3379 cruce
3135 3323 3372 3393 pendens

1815 3415 2017 3479 eduxit,
2047 3430 2264 3483 unaque
2291 3415 2408 3484 ejus
2432 3414 2696 3484 justitiam
2730 3414 2783 3467 in
2817 3415 3028 3476 lucem,
3062 3415 3165 3468 hoc
3196 3421 3278 3466 est
3316 3428 3371 3464 In

1815 3509 2057 3561 omnium
2086 3508 2471 3574 cognitionem,
2511 3505 2785 3574 produxit.
2823 3501 2957 3558 Nam
2987 3519 3242 3573 expressa
3267 3519 3371 3558 vox

1817 3598 1928 3661 illa,
1957 3599 2140 3660 Amen,
2179 3613 2331 3649 amen
2360 3598 2477 3649 dico
2508 3597 2624 3659 tibi,
2657 3596 2808 3650 hodie
2834 3613 3033 3650 mecum
3060 3597 3164 3650 eris
3195 3598 3249 3649 in
3279 3613 3374 3664 pa-

1818 3685 1997 3736 radiso
2019 3684 2086 3750 ⁸⁸,
2107 3685 2253 3738 clara
2281 3685 2504 3750 mundo,
2530 3693 2690 3754 atque
2716 3685 3086 3739 adeoluxorhi
3108 3694 3370 3739 terrarum

1817 3774 1958 3828 facta
1992 3784 2092 3841 est,
2126 3785 2175 3829 et
2211 3775 2464 3830 omnibus
2503 3775 2946 3843 resipiscentihus
2975 3784 3028 3826 et
3067 3774 3374 3844 pmnitenti-

1817 3866 1920 3922 bus
1947 3867 2251 3920 adhortatio
2279 3865 2524 3934 quaedam
2555 3863 2673 3918 fuit.
2705 3863 2820 3920 Non
2845 3866 3011 3929 enim,
3036 3867 3129 3930 ait,
3157 3865 3371 3920 claritas

1813 3952 2035 4022 justitim
2061 3952 2177 4020 ejus
2207 3953 2418 4006 occulta
2442 3952 2564 4019 erit,
2593 3963 2654 4008 ut
2679 3955 2837 4009 modo
2864 3965 2965 4014 est.
3000 3955 3091 4009 sed
3118 3969 3371 4023 tanquam

1819 4045 1899 4100 sol
1931 4045 1982 4096 in
2011 4043 2234 4099 meridie
2263 4045 2575 4115 conspicua.
2613 4043 3079 4110 Quemadmodum
3113 4045 3375 4102 Dominus

1819 4135 1893 4188 ait
1913 4134 1958 4166 ³⁸
1992 4152 2007 4190 :
2038 4133 2169 4189 Tum
2200 4135 2336 4206 justi
2364 4135 2633 4208 fulgebunt
2668 4138 2804 4190 sicut
2828 4138 2907 4191 sol
2931 4139 2985 4190 in
3014 4153 3167 4208 regno
3192 4136 3375 4194 Patris

140 4229 336 4299 ὥσπερ
369 4231 397 4282 ὁ
427 4229 626 4298 Κύριός
656 4245 823 4300 φησι·
881 4233 1015 4285 Τότε
1045 4235 1098 4286 οἱ
1133 4231 1350 4287 δίκαιοι
1370 4231 1722 4301 λάμψουσιν
1817 4242 2017 4284 eorum.

139 4322 217 4385 ὡς
245 4324 281 4374 ό
317 4320 495 4386 ἣλιος
521 4321 592 4373 ἐν
621 4317 692 4389 τῇ
712 4322 994 4389 ,ϐασιλείᾳ
1022 4323 1129 4376 τοῦ
1155 4324 1384 4392 Πατρὸς
1407 4323 1626 4379 αὐτῶν.
1665 4364 1676 4376 .

222 4412 238 4429 '
254 4409 591 4479 Υποτάγηθι
613 4411 690 4476 τῷ
715 4413 906 4480 Κυρίῳ
931 4413 1026 4466 καὶ
1048 4414 1359 4468 ἱκέτευσον
1384 4417 1589 4469 αὐτόν.
1615 4417 1720 4468 Αὐ-

1892 4411 1942 4466 7.
1974 4409 2226 4464 Subditus
2249 4420 2360 4463 esto
2399 4409 2619 4462 Domino
2653 4420 2703 4464 et
2729 4427 2823 4463 ora
2853 4426 2989 4464 eum.
3015 4411 3136 4480 Ipse
3159 4412 3376 4481 quidem

135 4502 233 4565 τὸς
263 4501 373 4570 μὲν
390 4539 406 4564 ,
429 4501 592 4570 φησι,
625 4502 772 4567 ἄξιον
795 4503 922 4556 ὄντα
950 4501 1026 4574 (a)
1050 4505 1226 4573 φωτὸς
1254 4505 1525 4573 ἀποδείξει
1563 4510 1620 4560 ὲν
1642 4507 1711 4578 τῷ

1823 4513 1874 4558 tc
1908 4505 2026 4558 luce
2054 4502 2273 4572 dignum
2323 4502 2571 4556 ostendet
2607 4501 2659 4554 in
2692 4501 2877 4555 futuro
2915 4503 3146 4567 satculo,
3178 4513 3231 4557 tu
3275 4519 3374 4556 au-

141 4590 407 4659 μέλλοντι
441 4591 598 4642 αίῶνι
621 4607 635 4621 ·
671 4593 736 4644 σὺ
766 4592 823 4646 δὲ
863 4592 1096 4647 ἐνταῦθα
1126 4594 1452 4664 ὑποτάγηθι.
1483 4597 1582 4665 Μὴ
1606 4612 1718 4649 πα-

128 4683 411 4749 ραζήλου
447 4683 517 4736 ἐν
548 4682 627 4749 τῷ
657 4685 1137 4756 κατευοόρυμένῳ
1164 4686 1234 4740 ἐν
1263 4686 1338 4756 τῇ
1367 4687 1483 4753 ὀδῷ
1506 4687 1715 4744 αὑτοῦ.

137 4775 233 4845 Μὴ
303 4775 558 4846 μιμήσῃ,
623 4777 812 4846 φησὶν,
860 4777 1205 4848 εὐδαιμονίαν
1261 4780 1326 4832 ὲκ
1378 4780 1718 4852 παρανομίας

136 4881 459 4936 συγκροτου
467 4866 652 4937 μένην.

1822 4608 1927 4651 tem
1965 4596 2052 4649 hic
2077 4595 2328 4649 subditus
2356 4604 2494 4648 esto.
2528 4592 2656 4648 Noli
2694 4594 2935 4648 aemulari
2970 4594 3020 4645 in
3046 4609 3104 4646 eo
3128 4595 3217 4664 qui
3260 4610 3384 4664 prn-

1820 4698 2060 4757 speratur
2088 4688 2143 4741 in
2166 4689 2248 4740 via
2273 4703 2390 4742 sua.
2423 4684 2499 4739 Ne
2520 4687 2810 4749 aemuleris,
2830 4686 2924 4750 ait,
2941 4682 3250 4739 felicitatem
3280 4687 3385 4739 ini-

1821 4780 2026 4850 quitate
2050 4792 2443 4849 comparatam.

212 4953 339 5026 [Μὴ
381 4954 623 5026 θαύμαζε
654 4957 934 5030 ἄνθρωπον
967 4962 1278 5033 παράνομον
1319 4965 1711 5035 κατευθυνόμε-

1897 4961 1995 5035 [Ne
2025 4962 2384 5018 admiratione
2412 4961 2646 5031 capiaris
2662 4961 2779 5016 viso
2804 4961 3022 5014 homine
3047 4960 3233 5029 iniquo
3261 4975 3384 5029 pro-

132 5065 250 5111 νον,
274 5046 421 5118 μηδὲ
447 5049 657 5123 μιμήσῃ
681 5050 1021 5122 εὐδαιμονίαν
1044 5055 1107 5106 ὲκ
1130 5057 1472 5125 παρανομίας
1496 5073 1711 5129 συγκρο-

1826 5067 1980 5122 spere
2008 5063 2220 5123 agente,
2244 5067 2419 5121 neque
2443 5051 2712 5106 teintderis
2741 5051 3049 5105 felicitatem
3076 5066 3140 5104 ex
3172 5051 3379 5120 injusti-

135 5139 446 5209 τωμένην,
482 5141 615 5210 μηδὲ
646 5142 903 5211 πράττειν
935 5143 1173 5213 ὲρεθίζου
1201 5147 1268 5197 τὰ
1295 5147 1453 5216 ὅμοια
1473 5165 1485 5178 ο
1516 5149 1634 5201 ἀλλ’
1665 5153 1711 5202 εί

1830 5145 1898 5196 tia
1929 5143 2271 5210 acquisilam,
2298 5157 2472 5210 neque
2498 5142 2793 5196 stimuleris
2819 5142 2886 5196 ad
2918 5142 3116 5196 similia
3146 5143 3381 5213 agenda:

135 5235 236 5284 aut
278 5229 432 5284 κατὰ
462 5231 586 5302 ῥοῦν
618 5233 765 5303 αὐτῷ
801 5235 1020 5304 φέρεται
1053 5238 1258 5300 πάντα,
1299 5239 1370 5308 μὴ
1397 5238 1711 5311 δάκνουιμη-

1828 5234 1918 5286 scd
1945 5233 2157 5287 etiamsi
2197 5233 2380 5286 omnia
2417 5233 2515 5301 ipsi
2556 5248 2621 5288 ex
2657 5241 2782 5288 voto
2823 5243 3016 5302 sponte
3049 5233 3380 5296 succedant,

135 5321 194 5370 δὲ
224 5317 524 5387 ᾶδσφόρει,
548 5320 628 5372 ὅτι
666 5321 739 5392 μὴ
764 5321 960 5376 διδόασι
984 5323 1138 5394 δίκην
1170 5327 1218 5377 οἱ
1247 5328 1490 5396 πονηροὶ,
1523 5328 1634 5382 ἀλλ’
1667 5332 1711 5384 ἐι

1830 5338 1895 5376 ne
1927 5323 2113 5376 doleas
2145 5338 2245 5374 neu
2290 5323 2504 5391 indigne
2536 5323 2708 5388 feras,
2741 5324 2895 5392 quasi
2929 5322 3160 5390 improbi
3200 5337 3385 5390 pinnas

134 5409 414 5478 (sumi;
441 5409 751 5477 διάγουσιν,
805 5410 878 5473 ὡς
924 5413 997 5482 μή
1044 5430 1186 5477 τινος
1229 5415 1326 5486 τὴν
1381 5416 1517 5469 τίσιν
1566 5417 1711 5470 εὐθύ-

1827 5431 1936 5468 ιιοιι
1964 5415 2149 5478 luant,
2181 5413 2275 5466 sed
2308 5429 2565 5482 prospere
2599 5425 2781 5484 agant,
2820 5430 2918 5468 ceu
2950 5413 3099 5468 nullo
3127 5414 3386 5469 ultionem

1824 5519 1878 5561 ct
1905 5507 2312 5576 castigationem
2340 5507 2621 5559 intercute.

209 5590 523 5657 κρεῖσσον
558 5593 765 5662 ὀλίγον
808 5592 884 5658 τῷ
934 5593 1139 5660 δικαίῳ
1163 5615 1174 5626 -
1215 5598 1332 5650 ἀντὶ
1378 5599 1468 5651 τοῦ
1491 5640 1503 5663 ,
1543 5601 1711 5668 μεῖζόν

1897 5599 2085 5654 Melius
2114 5609 2187 5651 cst
2214 5601 2471 5653 modicum
2498 5598 2648 5666 justo
2670 5641 2685 5662 ,
2722 5616 2783 5652 ac
2814 5599 2857 5652 si
2889 5601 3059 5664 dicat,
3095 5598 3284 5652 melior
3309 5606 3390 5652 est

214 5701 266 5729 "
301 5699 491 5754 Ilatth.
521 5717 641 5766 xiii,
680 5704 770 5757 45.
836 5707 879 5737 ⁸⁸
907 5707 1038 5765 Luc.
1088 5728 1241 5778 xxxii,
1279 5714 1366 5768 £5.

215 5792 300 5861 (η)
341 5791 493 5850 Deest
525 5813 602 5851 σε.
639 5795 803 5850 Enn.

1448 5713 1493 5744 ⁸⁵
1521 5713 1712 5770 Matth.
1755 5732 1869 5782 xm,
1912 5715 1988 5769 εὖ.
