4102 6312
735 370 835 426 179
1564 373 1621 428 S.
1663 374 2032 432 ATHANASII
2072 378 2227 432 OPP.
2267 380 2444 435 PARS
2484 382 2573 436 Ill.
2616 410 2683 420 —
2722 382 3135 440 EXEGETICA.
3853 393 3947 447 180

731 485 940 539 modica
982 483 1196 539 Domini
1226 482 1596 539 misericordia
1622 529 1635 552 ,
1678 505 1842 557 quam
1871 505 2060 546 omnes
2094 492 2279 547 mundi
2315 504 2351 556 Α

2330 504 2357 556 λ
2385 496 2499 547 ἐστι
2536 498 2727 569 μικρὸν
2766 498 2912 562 ἔλεος
2944 500 3033 551 τοῦ
3067 500 3267 570 Κυρίου
3302 502 3439 571 ὑπὲρ
3466 502 3642 556 πάντα
3676 506 3764 557 τὸν
3792 507 3950 562 πλοῦ-

728 574 974 647 divitia]

2385 604 2475 639 τον
2501 588 2595 640 τοῦ
2634 591 2859 660 κόσμου.
2880 590 2899 662 ]

799 667 849 720 8.
881 665 1069 720 Desine
1090 668 1152 719 ab
1183 668 1283 733 ira,
1317 677 1367 721 et
1393 667 1689 739 derelinque
1721 670 1966 726 furorem.
2000 672 2077 726 Ne
2108 674 2277 743 respi-

2456 681 2683 734 Παῦσαι
2712 683 2829 736 ἀπὸ
2857 684 3055 752 ὀργῆς,
3081 685 3178 737 καὶ
3203 683 3585 753 ἐγνιατάλειπε
3609 689 3814 755 θυμόν.
3866 690 3950 759 Μὴ

726 758 839 811 cias
869 759 1272 826 prosperitatem
1292 774 1504 823 eorum,
1536 761 1633 816 sed
1656 771 1967 831 exspectato
1998 765 2155 819 tinem
2182 806 2195 827 ,
2228 778 2281 819 et

2386 771 2498 841 ῐδῃς
2527 772 2704 825 αὐτῶν
2737 775 2833 844 τὴν
2867 776 3164 845 εὐημερίαν
3188 816 3202 840 ,
3237 776 3371 829 ἀλλά
3400 778 3726 847 πρόσμεινον
3765 779 3823 831 τὸ
3868 758 3952 831 τέέ

725 848 931 902 videbis
974 849 1286 917 perniciem.
1326 849 1408 904 Ira
1455 862 1633 906 autem
1676 864 1758 907 est
1797 856 2064 924 appetitus
2106 857 2281 910 vindi-

2382 864 2473 926 ’λος
2498 902 2511 924 ,
2548 864 2636 915 καὶ
2666 863 2788 932 ὄψει
2818 865 2906 916 τὸν
2934 865 3169 936 ὄλεθρον.
3217 868 3382 938 Ὀργὴ
3410 867 3467 919 δέ
3498 870 3641 920 ἐστιν
3673 868 3851 938 θρεξις
3877 886 3953 921 τι-

726 950 825 992 cta:
857 957 869 991 :
907 940 1139 993 vindicta
1165 950 1345 995 autem
1375 942 1501 995 mali
1529 944 1832 999 retributio.
1870 946 1998 999 Noli
2041 949 2281 1001 cumulari

2390 955 2629 1027 μωρίας-⁸
2664 958 2899 1027 τιμωρία
2941 958 2996 1010 δέ
3042 958 3160 1009 ἑστι
3209 958 3378 1011 κακοῦ
3410 960 3777 1024 ἀνταπόδοσις.
3856 962 3951 1030 Μὴ

726 1042 784 1082 ιιι
812 1030 1131 1099 maligneris.
1167 1029 1341 1085 Probe
1384 1035 1525 1087 nosti
1563 1035 1704 1104 quod
1737 1037 1771 1089 ii
1812 1038 1904 1105 qui
1948 1039 2012 1091 ad
2044 1039 2281 1093 divinam

2387 1046 2724 1114 παραζήλου
2756 1047 2910 1101 ὥστε
2939 1050 3389 1118 πονηρεύεσθαι.
3416 1047 3488 1103 Εὖ
3514 1050 3641 1114 ἴσθι,
3669 1052 3750 1103 ὅτι
3780 1054 3827 1104 οἱ
3859 1029 3957 1122 μὲν

726 1135 785 1174 se
826 1136 973 1190 spem
1003 1121 1425 1186 commiserunt,
1455 1133 1509 1177 et
1545 1124 1685 1195 frugi
1735 1127 1899 1180 vitam
1933 1127 2280 1199 delegerunt,

2386 1136 2486 1205 τῆς
2515 1135 2665 1199 θείας
2692 1137 2905 1201 ἐλπίδος
2926 1140 3063 1207 σφᾶς
3086 1140 3282 1203 αὐτοὺς
3300 1142 3719 1211 ἀναρτήσαντες,
3752 1121 3954 1196 καὶτὸν

727 1225 848 1262 tum
885 1210 1271 1279 tranquillitate
1293 1221 1344 1265 et
1374 1227 1525 1281 pace,
1560 1222 1615 1266 et
1640 1215 1913 1284 voluptate
1944 1216 2164 1286 degunt.
2194 1220 2283 1272 lir-

2390 1226 2608 1297 ὲπιεικῆ
2655 1228 3074 1298 προαιρούμενοι
3124 1230 3267 1299 βίον,
3329 1231 3386 1283 ὲν
3409 1210 3814 1305 ἀπραγμοσύνῃ
3868 1234 3957 1285 καὶ

726 1314 868 1353 mam
901 1301 1208 1356 obtinentes
1240 1303 1589 1357 conscientiae
1616 1305 1944 1372 puritatem;
1976 1308 2071 1376 qui
2102 1317 2281 1363 autem

2390 1319 2584 1389 εἰρήνῃ
2611 1318 2933 1384 διατελοῦσι,
2958 1322 3166 1392 τρυφὴν
3188 1322 3401 1392 ἔχοντες
3433 1301 3654 1395 μόνιμον
3678 1301 3968 1379 τοῦ-συνειί

724 1401 1083 1461 temporanete
1127 1394 1468 1463 prosperitati
1518 1393 1728 1462 ﬁdunt,
1779 1407 2083 1467 promptam
2132 1399 2284 1455 inve-

2391 1410 2541 1473 δότος
2566 1412 2664 1483 τὴν
2692 1411 3039 1483 καθαρότητα
3058 1429 3071 1441 ’
3094 1415 3142 1465 οἰ
3173 1413 3229 1465 δὲ
3257 1416 3322 1483 τῇ
3349 1393 3665 1484 προσκαίρῳ
3692 1415 3959 1485 εὐημερίᾳ

725 1482 875 1536 nient
903 1483 1279 1547 mutationem,
1313 1494 1366 1538 et
1397 1485 1656 1541 oblivioni
1685 1488 1897 1555 penitus
1927 1489 2229 1544 tradentur.

2391 1497 2716 1569 θαρροῦντες
2748 1482 2968 1570 ταχεῖαν
3002 1502 3240 1567 δέξονται
3273 1503 3371 1574 τὴν
3396 1482 3721 1574 μεταϐολήν,
3756 1482 3851 1556 καὶ
3871 1482 3965 1573 λήξ-

2391 1587 2461 1659 θῃ
2485 1590 2948 1661 παραδοθήσονται
2972 1592 3241 1646 παντελεῖ.

796 1661 881 1715 10.
914 1662 1200 1733 thumres
1238 1665 1408 1718 locum
1448 1667 1560 1735 ejus
1595 1677 1644 1719 et
1674 1683 1775 1719 non
1807 1668 2052 1722 invenies.
2092 1670 2280 1725 Simile

2459 1682 2567 1735 Καὶ
2599 1680 2869 1749 ζητήσεις
2901 1684 3006 1737 τὸν
3034 1688 3221 1738 τόπον
3257 1684 3462 1750 αὐτοῦ,
3508 1687 3603 1739 καί
3641 1688 3712 1741 οὐ
3753 1686 3840 1755 μὴ
3872 1688 3971 1740 εῦ-

724 1754 867 1808 dictu
893 1755 1016 1809 huic
1044 1772 1057 1806 :
1095 1754 1256 1824 [mpii
1287 1765 1458 1809 autem
1488 1758 1742 1810 radicitus
1762 1759 2001 1825 peribunt
2025 1761 2089 1812 ⁸⁷.

2384 1790 2523 1839 ρῃς.
2567 1775 2789 1844 Ὅμοιον
2836 1773 2913 1845 τῷ
2964 1777 3267 1848 εἰρημένῳ·
3299 1781 3363 1831 Ol
3412 1777 3480 1831 δὲ
3510 1754 3763 1845 ἀσεϐεῖς(
3797 1781 3972 1847 (5.16p-

2320 1853 2362 1907 B
2387 1856 2533 1924 ριζοι
2563 1859 2948 1915 ἀπολοῦνται.

794 1937 983 1991 Daniel
1027 1939 1311 2030 Barbarus.
1352 1940 1434 1992 ll.
1468 1937 1731 1995 Mansueti
1779 1954 1953 1997 autem
2001 1946 2386 2002 hareditabunt
2434 1960 2650 2005 terram.
2710 1952 2932 2008 Terram
2984 1956 3381 2013 hkrcditabunt
3446 1961 3537 2029 qui
3596 1962 3967 2030 perniciosum

725 2028 1017 2085 iracundiae
1068 2029 1320 2084 allectum
1372 2030 1714 2099 spiraveriut.
1772 2032 1855 2087 ira
1885 2035 2027 2088 enim
2073 2046 2127 2091 et
2184 2040 2480 2107 prudentes
2528 2044 2722 2111 perdit,
2774 2045 3039 2115 siquidem
3072 2048 3366 2117 quominus
3412 2028 3633 2104 honeste
3676 2067 3735 2105 se
3781 2042 3975 2121 get-an"

724 2124 1111 2194 impediuntur.
1144 2122 1239 2178 Ira
1288 2125 1427 2179 enim
1470 2124 1568 2177 viri
1622 2124 1718 2179 Dei
1757 2126 2029 2195 justitiam
2088 2146 2191 2183 non
2233 2135 2555 2200 operatur“.
2592 2135 2859 2192 Caeterum
2906 2140 2973 2193 ab
3001 2138 3080 2194 ira
3129 2149 3183 2195 et
3219 2140 3404 2196 furore
3443 2141 3535 2196 Dei
3585 2157 3819 2199 securus
3849 2155 3971 2199 est»

721 2219 815 2288 qui
845 2218 1081 2271 abstinet
1112 2216 1180 2270 ab
1210 2216 1277 2271 iis
1297 2229 1420 2285 quae
1455 2214 1595 2268 iram
1620 2227 1673 2269 et
1713 2217 1951 2272 furorem
1987 2222 2281 2276 concitant.

806 2311 872 2365 Et
915 2309 1314 2364 delectabantur
1338 2311 1393 2363 in
1427 2309 1762 2364 multitudine
1794 2315 1962 2381 pacis.
1997 2312 2297 2369 Delectatio

2472 2317 2580 2371 Kal
2605 2318 3170 2386 κατατρυφήσουσιν
3192 2319 3289 2371 ἐπὶ
3311 2319 3521 2386 πλήθει
3543 2321 3807 2389 εἰρήνης.
3834 2321 3973 2392 Τρυ-

725 2404 863 2473 justi
898 2419 1109 2459 summa
1144 2419 1249 2473 pax
1277 2411 1379 2470 est,
1406 2413 1460 2458 et
1488 2411 1570 2458 est
1597 2405 1842 2474 quaedam
1873 2422 1971 2460 ceu
2000 2406 2297 2462 indolentia

2405 2410 2478 2479 φὴ
2507 2409 2737 2473 δικαίου,
2762 2410 2966 2480 πλῆθος
2982 2412 3203 2482 εἰρήνης
3229 2412 3374 2464 ἐστίν
3390 2428 3402 2441 ⁸
3427 2412 3659 2465 ἀπάθεια
3680 2412 3737 2465 δὲ
3770 2412 3972 2483 ψυχῆς,

732 2495 901 2549 animi
940 2511 1063 2550 cum
1089 2511 1212 2550 vera
1239 2511 1419 2549 rerum
1453 2496 1699 2549 scientia.

2405 2498 2541 2569 μετά
2569 2498 2821 2566 γνώσεως
2852 2501 2958 2552 τῶν
2981 2501 3147 2555 ὄντων
3173 2500 3421 2573 ἀληθοῦς.

809 2587 896 2640 12.
950 2586 1256 2642 Observabit
1303 2595 1544 2655 peccator
1582 2586 1810 2654 justum.
1861 2586 1917 2641 Id
1969 2588 2035 2642 de
2076 2589 2295 2644 diabolo

2469 2589 2954 2657 Παρατηρήσεται
2970 2594 3002 2644 ό
3024 2590 3369 2659 ἁμαρτωλὸς
3395 2592 3496 2645 τὸν
3512 2591 3766 2645 δίκαιον.
3803 2592 3980 2645 Τοῦτο

732 2688 916 2746 potest
943 2687 1244 2748 opportune
1273 2678 1467 2747 accipi,
1494 2686 1655 2747 atque
1689 2678 1837 2733 hisce
1865 2680 2293 2735 consolationem

2400 2682 2493 2733 καὶ
2508 2683 2597 2733 ὲπὶ
2611 2679 2704 2732 τοῦ
2721 2681 2963 2732 διαϐόλου
2994 2681 3262 2751 ληφθῆναι
3287 2684 3612 2754 πρόσφορον,
3638 2684 3729 2736 καὶ
3744 2682 3833 2735 διὰ
3852 2682 3982 2735 τού-

734 2771 887 2827 aﬂ'ert
917 2772 983 2826 iis
1009 2772 1100 2840 qui
1137 2770 1333 2840 injuria
1362 2768 1688 2824 alliciuntur.
1719 2769 1953 2824 Exhibet
1987 2771 2131 2824 enim
2167 2786 2295 2840 pec~

2400 2789 2506 2825 των
2536 2772 2859 2844 παραψυχὴν
2884 2775 2992 2835 τοῖς,
3019 2772 3389 2843 ἀδικουμένοις
3410 2775 3723 2846 προσφέρει.
3752 2773 3981 2826 Δείκνυ-

734 2874 970 2919 ('atoretn
1018 2864 1286 2918 dolentem
1336 2878 1400 2917 ac
1450 2863 1719 2917 furentem
1768 2862 2029 2917 adversus
2066 2877 2161 2917 eos
2201 2862 2294 2930 qui

2402 2880 2453 2917 σι
2506 2864 2611 2935 γὰρ
2661 2864 2750 2917 τὸν
2785 2865 2882 2934 μὲν
2913 2866 3225 2936 παράνομον
3259 2864 3525 2918 λυποῦντα
3554 2866 3652 2919 καὶ
3688 2867 3980 2936 μεμηνότα

739 2954 1082 3023 tranquillam
1117 2952 1350 3021 amplexi
1389 2960 1516 3005 sunt
1552 2951 1715 3004 vitam
1744 2968 1759 3015 ;
1788 2950 1996 3019 justum
2030 2966 2160 3005 vero
2201 2951 2292 3020 ju-

2400 2955 2539 3007 κατά
2566 2954 2671 3007 τῶν
2700 2957 3029 3027 ἀπράγμονα
3062 2956 3174 3024 βίον
3200 2956 3590 3025 ἀσπαζομένων
3609 2996 3622 3019 ,
3654 2958 3745 3008 τὸν
3791 2957 3853 3009 δὲ
3901 2958 3982 3009 δί-

736 3046 910 3099 dicem
936 3043 1270 3098 deridentem
1302 3043 1421 3112 ejus
1461 3051 1607 3111 gesta
1642 3062 1655 3096 :
1685 3043 1882 3112 quippe
1924 3043 2016 3113 qui
2046 3058 2173 3097 mox
2208 3043 2293 3096 fu-

2398 3060 2549 3095 καιον
2583 3043 2772 3113 κριτὴν
2812 3042 3193 3111 καταγελῶντα
3220 3044 3317 3114 τῆς
3339 3047 3734 3116 ἐγχειρήσεως,
3776 3045 3877 3097 ἅτε
3915 3047 3981 3116 δὴ

735 3146 912 3190 turam
938 3135 1058 3203 ejus
1088 3145 1313 3189 mortem
1343 3133 1659 3204 prospiciat.

2394 3136 2492 3206 τὴν
2524 3137 2742 3205 ταχεῖαν
2772 3134 2936 3187 αὐτοῦ
2971 3134 3224 3206 τελευτὴν
3252 3135 3581 3207 προορῶντα.

800 3225 886 3279 15.
924 3223 1177 3277 Dominus
1225 3234 1400 3277 autem
1447 3224 1689 3277 irridebit
1732 3240 1870 3278 eum.
1922 3225 2154 3286 lrridet,
2206 3225 2290 3277 in—
2318 3262 2359 3318 ο

2478 3226 2530 3276 Ὁ
2554 3224 2621 3277 δὲ
2637 3226 2849 3292 Κύριος
2872 3224 3257 3293 ἐκγιελάσεται
3285 3228 3486 3279 αὐτόν.
3527 3227 3783 3298 Διαγελᾷ,
3814 3229 3981 3297 φησὶ,

732 3318 870 3387 quit,
905 3327 1250 3387 peccatorum
1280 3316 1505 3371 insidias
1543 3317 1803 3371 adversus
1841 3317 2090 3385 justum;
2117 3314 2292 3370 sciens
2328 3314 2352 3318 ⁷

2390 3315 2489 3379 τὰς
2541 3316 2681 3369 κατὰ
2738 3316 2832 3368 τοῦ
2887 3316 3092 3369 δικαίου
3132 3315 3420 3379 επιϐουλὰς
3455 3317 3548 3369 τοῦ
3602 3318 3980 3387 ἁμαρτωλοῦ-

733 3412 951 3482 quidem
991 3411 1133 3479 quod
1183 3409 1325 3463 diem
1371 3408 1595 3470 statuit,
1635 3411 1689 3461 in
1732 3422 1841 3475 quo
1893 3406 2021 3461 huic
2071 3406 2292 3474 quidem

2392 3406 2568 3471 εἰδὼς,
2603 3406 2677 3468 ὡς
2711 3406 2935 3474 ἔστησεν
2964 3406 3175 3476 ἡμέραν
3210 3405 3331 3459 καθ’
3357 3408 3424 3477 ήν
3449 3407 3525 3477 τῷ
3558 3408 3656 3476 μὲν
3693 3407 3985 3462 ἀποδώσει

732 3514 988 3559 eternam
1019 3502 1181 3554 vitam
1208 3540 1223 3564 ,
1259 3500 1331 3553 illi
1384 3513 1512 3552 vero
1545 3499 1931 3568 sempiternum
1968 3498 2290 3568 supplicium

2112 3498 2290 3552 licium
2393 3498 2491 3569 τὴν
2522 3497 2736 3551 αἰώνιον
2762 3497 2925 3570 ζωὴν,
2949 3497 3027 3570 τῷ
3054 3497 3109 3550 δὲ
3128 3497 3227 3567 τὴν
3252 3497 3467 3551 αἰώνων
3496 3497 3732 3552 κόλασιν.

734 3594 1011 3648 retribuet.

808 3686 894 3739 Η.
948 3683 1194 3739 Gladium
1235 3684 1631 3753 evaginaverunt
1677 3691 2041 3751 peccatores...
2086 3682 2293 3751 gladius

2476 3676 2801 3744 Ῥομφαίαν
2820 3675 3169 3730 ἐσπάσαντο
3192 3678 3246 3729 οι
3270 3674 3599 3744 ἁμαρτωλοί
3618 3713 3634 3738 ,
3668 3674 3990 3727 ἐνέτειναν

734 3793 912 3832 eorum
942 3778 1099 3830 intret
1143 3778 1199 3829 in
1229 3777 1389 3829 corda
1415 3776 1667 3843 ipsorum.
1715 3772 1814 3837 Ea,
1843 3773 2053 3843 inquit,
2090 3774 2293 3828 datmo-

2394 3767 2573 3829 τόξον
2609 3766 2807 3819 αὐτῶν
2842 3807 2854 3820 .
2889 3806 2903 3820 .
2944 3807 2957 3819 .
2993 3768 3031 3834 ἠ
3076 3767 3343 3835 ῥομφαία
3368 3765 3566 3818 αὐτῶν
3593 3764 3864 3818 εἰσέλθοι
3900 3768 3992 3829 εἰς

734 3885 833 3925 nes
860 3869 999 3922 mala
1031 3876 1162 3922 sunt
1189 3864 1453 3936 perpessi,
1490 3880 1611 3933 qua:
1637 3864 1841 3920 sanctis
1867 3863 2069 3919 inferre
2103 3866 2295 3919 molie-

2396 3856 2645 3925 καρδίαν
2669 3856 2886 3910 αὐτῶν.
2910 3854 3112 3919 Ταῦτα,
3138 3854 3291 3925 φησὶ,
3318 3854 3645 3907 πεπόνθασιν
3670 3854 3718 3905 οἰ
3742 3870 3893 3924 mw;
3904 3857 3993 3924 ροί

736 3964 954 4018 bantur.
2396 3949 2667 4019 δαίμονες,
2696 3947 2733 4002 ἀ
2768 3949 3011 4019 ποιήσειν
3042 3949 3155 4010 τοῖς
3182 3947 3358 4016 ἁγίοις
3388 3943 3805 3997 ἐπεϐούλευσαν.

803 4053 891 4107 18.
931 4049 1089 4104 Novit
1124 4047 1375 4104 Dominus
1421 4049 1535 4102 vias
1579 4048 2060 4101 immaculatorum.
2106 4046 2161 4100 ld
2193 4054 2295 4109 est,

2467 4041 2759 4097 Γινώσκει
2782 4042 2997 4108 Κύριος
3030 4039 3136 4105 τὰς
3164 4038 3343 4104 ὀδοὺς
3370 4036 3488 4090 τῶν
3520 4035 3792 4105 ἀμώμων.
3825 4035 3991 4088 ’Δντὶ

735 4141 997 4211 approbat
1034 4151 1090 4193 et
1124 4140 1375 4193 honorat.
1413 4136 1482 4191 Et
1526 4136 1805 4191 hwreditas
1842 4153 2021 4191 eorum
2060 4137 2115 4189 in
2148 4146 2298 4190 aeter-

2396 4131 2511 4195 τοῦ,
2540 4132 2860 4202 ἀποδέχεται
2883 4133 2976 4184 καὶ
2994 4132 3149 4201 τιμᾷ.
3188 4129 3296 4183 Καὶ
3318 4130 3355 4197 ἡ
3379 4127 3745 4194 κληρονομία
3776 4126 3997 4179 αὐτῶν

737 4246 861 4284 num
900 4231 1019 4282 erit.
1051 4228 1381 4297 lncorruptaa
1424 4242 1659 4295 namque
1699 4236 1752 4280 et
1792 4229 2131 4296 sempiternae
2171 4235 2297 4283 sunt

2396 4228 2483 4303 εἰς
2513 4223 2700 4279 αἰῶνα
2728 4224 2917 4279 ἔσται.
2983 4221 3283 4294 Ἀφθαρτοι
3333 4220 3441 4291 γάρ
3473 4218 3568 4272 καὶ
3608 4215 3820 4270 αἰώνιοι
3879 4218 3997 4272 τῶν

739 4331 1052 4378 sanctorum
1088 4320 1389 4375 mercedes.

2401 4316 2569 4383 ἁγίων
2601 4316 2656 4367 αἱ
2691 4313 3090 4375 ἀνταποδόσεις.

813 4414 899 4468 19.
936 4411 1056 4465 Νοη
1086 4410 1471 4479 confundentur
1512 4410 1566 4462 in
1606 4419 1832 4479 tempore
1873 4410 2032 4463 malo.
2082 4410 2139 4463 In
2180 4425 2300 4479 per-

2466 4412 2549 4463 Οῠ
2591 4406 3215 4477 καταισχυνθήσογται
3250 4406 3321 4457 ἐν
3356 4404 3533 4473 καιρῷ
3563 4401 3823 4470 πονηρῷ.
3906 4406 4001 4458 Ἐν

739 4504 1106 4566 secutionum,
1144 4501 1340 4570 inquit,
1383 4500 1740 4571 temporibus,
1773 4498 2152 4554 deﬁcientibus
2182 4515 2299 4553 ma-

2401 4504 2513 4564 τοῖς
2542 4500 2650 4553 τῶν
2680 4499 2955 4570 διωγμῶν,
3001 4497 3166 4567 φησί,
3203 4498 3431 4566 καιροῖς,
3479 4494 3838 4547 ἐκλειπόντων
3884 4496 4004 4549 τῶν

740 4595 944 4666 gistris,
971 4595 1083 4662 ipse
1106 4592 1371 4646 Dominus
1392 4598 1582 4661 suopte
1612 4592 1803 4661 spiritu
1832 4592 2068 4645 enutriet
2090 4606 2185 4645 eos
2207 4590 2297 4661 qui
2332 4595 2360 4648 Ι

2402 4591 2758 4657 διδασκάλων,
2782 4590 2943 4652 αὐτὸς
2970 4590 2999 4641 ό
3017 4590 3218 4661 Κύριος
3240 4586 3316 4657 τῷ
3341 4585 3530 4640 ἑαυτοῦ
3559 4585 3828 4656 πνεύματι
3865 4587 4006 4659 θρέ-

741 4690 801 4743 in
827 4689 1002 4756 ipsum
1032 4684 1377 4739 crediderint.

2405 4685 2495 4753 ψει
2525 4685 2650 4746 τοὺς
2684 4684 2763 4743 εἰς
2795 4680 2955 4734 αὑτὸν
2986 4679 3352 4741 πιστεύοντας.

809 4776 968 4850 [Non
988 4774 1373 4844 confundentur
1404 4776 1456 4827 in
1482 4786 1704 4840 tempore
1737 4774 1898 4826 malo.
1933 4772 2131 4827 Malum
2163 4784 2301 4828 tem-

2478 4774 2600 4846 [Οὐ
2662 4770 3280 4839 καταισχυνθήσονται
3336 4770 3406 4822 ὲν
3474 4764 3653 4835 καιρῷ
3714 4770 4001 4838 πονηρῷ.

739 4888 845 4942 pus
872 4882 955 4927 est
1004 4871 1099 4924 ira:
1129 4883 1194 4923 ac
1224 4866 1426 4922 furoris
1471 4877 1660 4922 contra
1707 4867 1904 4935 impios
1925 4907 1939 4931 ,
1972 4866 2190 4935 quando
2226 4865 2302 4919 illi

2409 4867 2613 4938 Καιρὸς
2640 4864 2871 4935 πονηρὸς
2898 4864 2927 4914 ό
2958 4865 3056 4931 τῆς
3082 4861 3220 4913 κατά
3246 4860 3354 4912 τῶν
3380 4858 3589 4911 ἀσεϐῶν
3615 4859 3791 4929 ὀργῆς
3812 4898 3829 4922 ,
3868 4862 3936 4914 ὲν
3960 4856 4009 4929 ᾧ

742 4964 960 5034 quidem
981 4963 1188 5030 justum
1216 4958 1308 5013 Dei
1335 4958 1596 5026 judicium
1623 4956 1971 5025 experientur
1996 4974 2010 5021 ;
2046 4956 2178 5023 justi
2208 4970 2305 5009 au-

2409 4960 2459 5010 oi
2491 4959 2587 5027 μὲν
2618 4957 2713 5026 τῆς
2739 4953 3131 5024 δικαιοκρισίας
3164 4952 3258 5005 τοῦ
3282 4949 3415 5003 Θεοῦ
3446 4951 3880 5021 πειραθήσονται
3904 4973 3918 4984 ·
3955 4957 4009 5008 οἰ

746 5066 856 5113 tem
900 5055 1126 5126 gloriam
1152 5095 1170 5121 ,
1208 5054 1502 5114 honorem,
1544 5049 2005 5118 incorruptionem
2046 5057 2099 5101 et
2138 5047 2305 5100 vitam

2410 5050 2467 5101 δὲ
2486 5048 2643 5113 δόξαν
2662 5047 2755 5099 καὶ
2776 5044 2960 5115 τιμήν,
2993 5043 3085 5096 καὶ
3108 5040 3433 5112 ἀφθαρσίαν,
3476 5043 3570 5095 καὶ
3595 5040 3737 5111 ζωὴν
3771 5045 4008 5098 αἰώνιον

746 5156 1001 5201 sternam
1029 5141 1474 5212 consequentur.]

1211 5141 1474 5212 mentun]
2411 5140 2792 5212 ἀπολήψονται.
2812 5137 2831 5209 ]

813 5243 906 5296 21.
947 5241 1276 5295 Mutuabitur
1304 5250 1565 5309 peccator,
1597 5248 1645 5291 et
1678 5254 1779 5291 non
1800 5238 1977 5292 solvet.
2022 5234 2134 5291 Non
2190 5253 2310 5305 gra-

2491 5231 2820 5292 Δανείζεται
2846 5234 2877 5284 ό
2900 5227 3263 5298 ἁμαρτωλὸς,
3290 5227 3387 5280 καί
3407 5227 3517 5279 οὐκ
3537 5224 3845 5281 ἀποτίσει.
3885 5230 4014 5285 Οὐκ

754 5336 854 5390 tias
881 5332 1019 5403 agit,
1058 5332 1235 5402 inquit
1258 5370 1273 5394 ,
1306 5341 1587 5400 peccator,
1623 5330 1688 5384 de
1733 5330 1947 5384 collatis
1989 5327 2090 5382 sibi
2136 5343 2166 5381 a
2202 5327 2310 5380 Deo

2416 5325 2735 5385 ἀντιδίδωσι,
2768 5322 2949 5393 φησιν,
2978 5323 3005 5374 ό
3033 5318 3350 5391 ἁμαρτωλὸς
3374 5316 3720 5387 εὐχαριστίαν
3751 5318 3911 5391 ὑπὲρ
3933 5316 4017 5375 ὧν

758 5424 1053 5479 beneﬂciis.
1084 5422 1270 5477 Justus
1311 5431 1485 5475 autem
1516 5423 1879 5485 miseretur,et
1910 5418 2111 5472 tribuit.
2146 5417 2307 5471 Mise-

2416 5418 2781 5489 εύεργετεῖται
2812 5412 2959 5484 παρὰ
2998 5410 3155 5463 Θεοῦ.
3202 5410 3264 5463 '0
3311 5408 3378 5462 δὲ
3419 5407 3648 5472 δίκαιος
3687 5409 4017 5479 οἰκτείρω,

755 5517 1043 5571 ricordiam
1080 5514 1449 5569 retributionis
1480 5515 1598 5568 loco
1628 5514 1809 5577 solvit,
1834 5511 2125 5566 Dominum
2149 5524 2305 5565 suum

2417 5507 2512 5559 καὶ
2546 5505 2807 5558 δίδωσιν.
2880 5500 3241 5565 Ἀντιδίδωσι,
3293 5498 3490 5570 φησιν,
3516 5497 3876 5568 οἰκτιρμοὺς,
3918 5504 4021 5555 τὸν

757 5610 1017 5665 imitatus.

2419 5598 2608 5652 ἑαυτοῦ
2640 5597 2911 5667 Δεσπότῃν
2944 5594 3289 5665 μιμούμενος.

812 5767 854 5797 ⁵³⁷
884 5764 984 5818 Job
1020 5782 1090 5828 Iv,
1119 5767 1171 5820 7.
1242 5765 1286 5796 ’⁵⁸
1324 5763 1436 5818 Jac.
1471 5782 1507 5829 1,
1550 5767 1638 5819 20.
