4086 6308
147 325 240 379 181

1208 325 1580 383 EXPOSI'IIO
1620 324 1683 378 IN
1718 324 2053 379 PSALMUM
2096 323 2335 379 XXXVI.

3275 322 3380 376 482

218 447 345 499 ὀτι
406 450 465 500 οἱ
506 446 901 517 εὐλογοῦντες
957 448 1140 501 αὑτὸν
1198 447 1702 516 κληρονομήσουσ

1893 446 1980 499 22.
2017 445 2155 511 Quia
2187 445 2536 498 benedicentes
2559 445 2605 497 ei
2636 442 3017 497 luereditabunt
3046 449 3236 493 terram
3292 440 3349 494 Si

140 535 275 608 γῆν.
348 539 578 609 Ὅμοιον
607 540 669 592 τὸ
705 540 990 610 είρημένον
1048 540 1180 610 πρὸς
1223 539 1496 611 Ἀϐραάμ
1578 540 1721 603 Τοὺς

135 628 555 697 εὐλοτοῦγτὰς
602 645 676 682 σε
721 628 1031 697 εὐλογήσω
1052 668 1065 692 ,
1099 628 1194 681 και
1226 629 1365 694 τοὺς
1396 627 1722 697 καταρωμέ-

136 738 292 785 νους
320 736 397 774 σε
420 719 847 789 καταράσομαι.

208 811 389 878 Παρὰ
415 812 633 877 Κυρίου
660 811 732 863 τὰ
759 810 1083 879 διαδήματα
1100 808 1409 879 ἀνθρώπου
1440 810 1720 862 κατευθύ-

135 915 334 952 retas.
371 899 738 969 Ἀποδέχεται,
761 900 943 969 φησὶν,
969 901 1033 969 ἢν
1064 902 1293 952 ποιεῖται
1321 898 1463 953 κατὰ
1490 898 1578 952 τδν
1606 899 1718 970 βίον

138 990 466 1061 πρακτικὴν
494 989 735 1060 πορείαν.

208 1080 409 1132 Ὅταν
447 1079 600 1147 πέσῃ
634 1083 705 1134 οὐ
739 1082 1305 1151 καταρῤαχθτίσεταί·
1360 1084 1422 1135 Εἰ
1453 1085 1579 1147 xu)"
1613 1100 1714 1153 φη-

136 1174 242 1234 σὶν,
289 1171 479 1242 συμϐῇ
511 1170 684 1239 ὀλίγον
712 1191 761 1225 τι
791 1174 1207 1245 παρασφαλῆναι
1238 1175 1327 1227 τὸν
1354 1175 1586 1238 δίκαιον,
1618 1176 1715 1230 οὐκ

135 1263 535 1333 ἀδικηθήσεται
568 1262 704 1331 ἔχων
742 1264 1181 1336 ἁντιστηρίζοντα
1205 1266 1295 1318 τὸν
1321 1265 1472 1321 Θεόν,

207 1356 375 1410 οὐδὲ
409 1356 475 1411 τὸ
522 1360 756 1426 σπέρμα
805 1358 987 1413 αὑτοῦ
1037 1355 1251 1425 ζητοῦν
1287 1357 1519 1425 ἄρτους.
1580 1359 1714 1421 Τοὺς

133 1448 372 1516 νοητούς
407 1467 589 1520 φησιν,
618 1451 810 1515 οἵτινές
835 1454 968 1504 εἰσιν
1001 1453 1047 1503 οί
1082 1451 1210 1504 θεῖοι
1241 1449 1407 1517 λόγοι.

206 1541 325 1592 Kal
351 1543 734 1608 κατασκήνου
757 1546 843 1608 εις
859 1541 1041 1595 αὶῶνα
1064 1542 1295 1608 αἰῶνος.
1324 1542 1430 1593 Καὶ
1462 1540 1715 1611 κληρονο-

139 1633 359 1702 μήσεις,
396 1635 545 1703 φησὶ,
575 1635 669 1697 τὰς
696 1634 941 1697 αἰωνίους
975 1634 1196 1705 σκηνάς.

204 1725 437 1776 Δίκαιοι
460 1723 526 1777 δὲ
553 1725 1075 1793 κληρονομήσουσι
1117 1725 1251 1793 γῆν.
1311 1721 1583 1793 Πολλαχοῦ
1615 1724 1711 1793 τῆς

1824 537 1946 591 mile
1972 538 2099 591 huic
2128 538 2256 593 illud
2290 538 2355 590 ad
2406 535 2677 589 Abraham
2719 535 2923 590 dictum
2953 550 2966 585 :
3004 533 3346 588 Benedicente

1823 640 1870 684 te
1899 631 2215 697 benedicant,
2240 638 2287 684 et
2319 628 2681 683 maledicentes
2712 639 2758 683 te
2782 628 3093 681 maledicam
3117 627 3181 681 ”.

1886 811 1975 864 23.
2010 810 2159 880 Apud
2207 810 2488 863 Dominum
2534 825 2739 879 gressus
2787 809 3013 863 hominis
3059 809 3350 878 dirigentur

1820 899 2048 971 Recipit,
2080 902 2173 967 ait,
2203 901 2503 956 mercedem
2540 916 2765 970 operum
2792 942 2807 968 ,
2836 916 2958 970 qua:
2989 901 3126 955 hanc
3159 900 3367 970 agendo

1818 996 1980 1048 vitam
2011 993 2194 1048 edidit.

1885 1084 1976 1138 24.
2013 1082 2144 1137 Cum
2177 1084 2418 1137 ceciderit
2436 1098 2539 1135 non
2573 1082 2872 1135 collidetur.
2906 1078 3153 1145 Etiamsi,
3182 1080 3372 1149 inquit,

1816 1175 2098 1244 contigerit
2140 1175 2478 1243 aliquantum
2522 1173 2629 1227 labi
2665 1174 2870 1237 justum
2897 1212 2911 1235 ,
2957 1172 3092 1225 nihil
3135 1172 3261 1227 hinc
3298 1171 3374 1226 illi

1817 1265 1942 1319 mali
1970 1266 2198 1328 eveniet,
2225 1280 2345 1319 cum
2380 1264 2545 1318 Deum
2576 1265 2769 1320 habeat
2793 1279 2850 1319 se
2886 1264 3316 1319 confirmantem.

1884 1357 1974 1411 25.
2030 1355 2139 1410 Nec
2186 1373 2356 1411 semen
2394 1357 2506 1425 ejus
2550 1372 2785 1426 quarens
2831 1372 3010 1424 panes.
3056 1356 3375 1429 Spirituales

1814 1445 2037 1507 scilicet,
2074 1445 2167 1514 qui
2199 1454 2327 1500 sunt
2350 1446 2516 1500 divini
2552 1462 2852 1502 sermones.

1881 1535 1968 1587 27.
1998 1533 2067 1587 Et
2090 1534 2327 1587 inhabita
2350 1536 2399 1588 in
2423 1535 2672 1589 saeculum
2694 1537 2897 1591 saeculi.
2926 1537 2997 1593 Et
3029 1538 3366 1605 hereditate,

1814 1628 2011 1696 inquit,
2044 1626 2278 1695 accipies
2307 1635 2507 1681 aeterna
2536 1628 2904 1684 tabernacula.

1878 1716 1967 1771 29.
2003 1714 2147 1771 Justi
2172 1726 2343 1769 autem
2384 1715 2761 1770 hmreditabunt
2786 1729 3001 1771 terram.
3036 1716 3359 1789 Plerumque

133 1813 425 1884 διδομένης
457 1819 557 1886 γῆς
586 1784 694 1880 τοῖς
727 1784 953 1887 πραέσιν
986 1784 1375 1887 ἐμνημόνευσε,
1415 1784 1702 1885 προτρεπό-

1813 1807 1993 1861 datam
2024 1808 2320 1862 mansuetis
2362 1816 2556 1862 terram
2594 1813 2943 1876 memoravit,
2981 1815 3046 1865 ad
3088 1812 3205 1881 ejus
3234 1827 3370 1866 con-

137 1922 306 1973 μενος
333 1908 416 1970 εἰς
442 1906 730 1977 ἐπιθυμίαν
760 1909 946 1978 αὐτῆς.

207 1999 412 2065 Στόμα
434 1996 663 2053 δικαίου
690 1998 1007 2067 μελετήσει
1026 2000 1267 2068 σοφίαν.
1291 2000 1580 2069 Προσήκει,
1613 2015 1713 2068 φη-

138 2088 255 2151 σὶν,
292 2088 399 2142 κᾶν
429 2093 493 2160 τῇ
524 2089 757 2164 γλώττῃ,
793 2091 893 2145 κᾶν
925 2093 979 2145 ἐν
1011 2095 1077 2163 τῇ
1101 2092 1306 2163 διανοίᾳ
1338 2091 1407 2144 τὰ
1429 2090 1545 2143 θεῖα
1559 2089 1712 2158 λόγια

136 2176 481 2247 περιφέρειν,
521 2179 613 2230 καί
639 2178 735 2249 τὴν
762 2180 965 2233 τούτων
993 2180 1219 2249 μελέτην
1250 2178 1511 2232 ποιεῖσθαι
1539 2179 1711 2248 διηνε-

136 2265 279 2329 κῶςο
314 2267 487 2330 οὕτως
512 2268 617 2338 γὰρ
642 2269 701 2321 τὸ
723 2269 990 2339 πρακτέον
1022 2269 1305 2339 μανθάνων
1334 2270 1362 2320 ὀ
1386 2271 1482 2340 τῆς
1511 2271 1709 2340 ἀρετῆς

134 2361 374 2431 ἐραστὴς
395 2401 408 2424 ,
436 2361 675 2431 ἀτρεμὴς
707 2365 856 2431 μενεί
882 2364 973 2415 καί
994 2363 1305 2425 ἀσάλευτος,
1328 2363 1433 2415 τῶν
1451 2363 1711 2417 καταϐάλ-

134 2453 245 2503 λειν
281 2453 698 2521 ἐπιχειρούντων
738 2455 1170 2525 περιγενόμενος.
1207 2454 1392 2509 Ταῦτα
1432 2456 1525 2508 καὶ
1552 2457 1606 2507 ἐν
1633 2455 1709 2525 τῷ

134 2542 338 2614 πρώτῳ
372 2544 569 2615 ψαλμῷ
618 2544 719 2615 ἔφη
742 2562 755 2576 ο
815 2547 975 2600 Ἀλλ’
999 2548 1069 2600 ἐν
1101 2544 1178 2611 τῷ
1207 2548 1365 2616 νόμῳ
1392 2547 1609 2614 Κυρίου
1642 2547 1706 2599 τὸ

135 2632 365 2702 θέλημα
399 2634 583 2687 αὑτοῦ
604 2673 618 2697 ,
654 2634 750 2688 καί
774 2635 844 2687 ἐν
871 2635 949 2699 τῷ
980 2638 1138 2703 νόμῳ
1169 2637 1353 2690 αὑτοῦ
1388 2636 1707 2705 μελετήσει

132 2724 357 2793 ἡμέρας
381 2725 479 2778 καί
514 2726 768 2791 νυκτός,
802 2728 893 2779 καὶ
925 2726 993 2779 τὰ
1030 2728 1175 2799 ἑξῆς.
1228 2730 1336 2783 Kal
1382 2730 1420 2796 ή
1457 2728 1708 2799 γλῶσσα

133 2814 319 2869 αὐτοῦ
346 2816 607 2885 λαλήσει
642 2817 861 2883 κρίσιν.
910 2819 1314 2890 Δικαιοκρισίαν
1346 2822 1405 2873 ού
1430 2820 1526 2891 τὴν
1556 2822 1707 2874 δικα-

135 2907 345 2975 στικὴν,
382 2906 514 2960 ἀλλὰ
539 2908 636 2979 τὴν
670 2907 726 2973 ἐξ
761 2908 1031 2972 ἀπλανοῦς
1055 2910 1148 2962 καὶ
1180 2911 1365 2979 ὑγιοῦς
1398 2913 1701 2984 κριτηρίου.

210 2998 272 3050 '0
304 3000 491 3065 νόμος
521 2997 626 3052 τοῦ
658 2998 805 3052 Θεοῦ
841 3000 911 3052 ἐν
943 3000 1156 3069 καρδίᾳ
1192 3001 1407 3066 αὐτοῦ,
1454 3004 1551 3057 καὶ
1592 3005 1704 3071 οὐχ

133 3086 720 3153 ιῖσποσκελισθήσεται
749 3088 821 3140 τὰ
845 3088 1171 3157 διαδήματα
1192 3079 1397 3147 αὑτοῦ.
1419 3092 1705 3145 Κατανοεῐ

1814 1899 2207 1969 cupiscentiam
2238 1900 2573 1956 cohortatus.

1883 1989 1967 2045 50.
2013 1989 2083 2045 0s
2118 1990 2255 2060 justi
2294 1992 2635 2045 meditabitur
2674 1994 3013 2062 sapientiam.
3059 1994 3362 2061 Convenit,

1812 2080 2008 2149 inquit,
2044 2080 2157 2135 sive
2191 2080 2375 2149 lingua
2397 2122 2411 2147 ,
2445 2081 2559 2136 sive
2591 2093 2771 2136 mente
2802 2082 2985 2136 divina
3013 2084 3225 2153 eloquia
3259 2087 3365 2139 cir-

1811 2170 2100 2235 cumferre,
2121 2172 2173 2223 in
2198 2186 2495 2241 eorumque
2518 2171 2868 2226 meditatione
2895 2172 3114 2228 assidue
3135 2177 3364 2232 versari.

1810 2267 1888 2318 Ita
1912 2266 2056 2318 enim
2081 2280 2204 2318 cum
2238 2264 2369 2334 quid
2399 2264 2670 2334 agendum
2704 2267 2777 2321 sit
2817 2266 3101 2321 edidicerit
3130 2270 3223 2337 qui
3253 2266 3368 2321 vir-

1809 2355 1940 2410 tutis
1984 2370 2174 2409 amans
2221 2364 2323 2418 est,
2372 2354 2672 2423 intrepidus
2720 2356 3088 2427 immotusque
3130 2360 3369 2414 manebit

1810 2448 2074 2503 adversus
2114 2462 2210 2502 eos
2253 2448 2346 2517 qui
2391 2446 2623 2515 dejicere
2677 2447 2850 2517 ipsum
2901 2448 3192 2505 voluerint.
3247 2450 3371 2506 llaec

1809 2540 1973 2593 etiam
2009 2540 2145 2591 dixit
2170 2539 2380 2607 psalmo
2412 2540 2586 2608 primo
2620 2554 2633 2591 :
2669 2537 2770 2593 Sed
2808 2540 2863 2592 in
2893 2539 3001 2609 lege
3042 2539 3253 2593 Domini
3280 2557 3369 2595 vo-

1808 2632 1982 2683 luntas
2014 2629 2148 2699 ejus,
2171 2639 2221 2683 et
2248 2631 2302 2682 in
2355 2629 2462 2698 lege
2494 2630 2607 2698 ejus
2640 2630 2980 2683 meditabitur
3028 2632 3111 2685 die
3152 2648 3213 2685 ac
3268 2648 3361 2686 no-

1805 2722 1967 2787 cte“,
2001 2731 2105 2775 etc.
2132 2719 2199 2773 Et
2226 2720 2402 2789 lingua
2418 2720 2529 2789 ejus
2550 2720 2787 2789 loquetur
2792 2720 3075 2789 judicium.
3098 2721 3369 2783 Judicium

1802 2812 2034 2881 justum,
2065 2827 2173 2867 non
2202 2809 2435 2874 forense,
2473 2811 2566 2865 sed
2597 2810 2736 2878 quod
2764 2811 2817 2863 in
2855 2810 2948 2865 illo
2977 2825 3110 2865 sano
3140 2820 3194 2865 et
3227 2828 3368 2867 nun-

1805 2918 1967 2973 quam
1994 2911 2211 2958 errante
2240 2902 2497 2956 tribunali
2532 2901 2726 2957 fertur.

1874 2995 1962 3057 51,
1997 2992 2085 3046 32.
2114 2991 2221 3045 Lex
2248 2991 2345 3045 Dei
2373 2992 2485 3061 ejus
2510 2994 2564 3045 in
2594 2996 2748 3047 corde
2787 2996 2951 3063 ipsius
2972 3035 2987 3061 ,
3018 3004 3068 3048 et
3102 3011 3205 3048 non
3245 3012 3366 3065 sup-

1804 3085 2186 3156 plantabuntur
2223 3100 2428 3154 gressus
2472 3086 2606 3154 ejus.
2654 3082 2965 3139 Considerat
3000 3096 3241 3154 peccator
3276 3088 3363 3155 ju-

133 3182 163 3231 d
190 3178 538 3246 ἁμαρτωλὸς
559 3179 666 3231 τὸν
693 3180 945 3260 δίκαιον.
992 3180 1044 3233 '0
1072 3180 1139 3233 δὲ
1164 3184 1394 3251 Κύριος.
1426 3184 1702 3262 Διαφόρως

1810 3183 1968 3229 stum.
2000 3174 2256 3228 Dominus
2281 3183 2479 3239 autem,
2502 3182 2607 3229 etc.
2642 3172 2814 3230 Variis
2835 3176 3023 3230 eadem
3051 3176 3164 3245 ipsa
3192 3177 3365 3232 modis

132 3272 196 3321 τὰ
226 3269 366 3321 αὐτὰ
398 3269 563 3338 λέγει,
592 3273 656 3342 τῇ
692 3270 895 3325 πλείονι
922 3273 1117 3345 μελέτῃ
1150 3276 1521 3347 μονιμωτέραν
1544 3295 1707 3331 κατα-

134 3360 411 3425 σκευάζων
438 3362 536 3433 τὴν
568 3366 807 3434 μνήμην.
841 3365 1001 3433 Λέγει
1031 3365 1086 3417 δέ
1112 3382 1127 3397 ⁶
1163 3367 1233 3418 Ού
1269 3368 1583 3438 περιόψεται
1614 3369 1704 3423 τὸν

132 3450 335 3503 δίκαιον
368 3452 399 3503 ὁ
427 3454 700 3521 Δεσπότης
737 3453 1215 3524 ἐπιϐουλευόμενον
1250 3458 1353 3508 ὑπὸ
1387 3459 1495 3510 τῶν
1534 3477 1704 3531 πονη·

134 3539 259 3608 ρῶν,
290 3539 413 3593 οὐδὲ
440 3540 829 3611 συμψηφιεὴαι
852 3544 1035 3607 αὐτοῖς
1066 3544 1132 3598 τὰ
1156 3545 1379 3599 τοιαῦτα
1400 3548 1695 3618 τολμῶσιν·

132 3630 240 3682 ἀλλ’
274 3631 657 3702 ὑπερπηδῆσαι
692 3635 1101 3705 παρασκευάσει
1129 3634 1198 3688 τὰ
1218 3637 1429 3691 δίκτυα.
1484 3636 1701 3708 Ταύτης

134 3724 442 3793 ἁπήλαυσεν
482 3724 726 3796 Ἀϐραὰμ
766 3727 864 3795 τῆς
908 3728 1195 3797 προνοίας,
1247 3730 1326 3792 δῒς
1363 3730 1700 3801 ἁρπαγείσης

134 3814 223 3882 τῆς
250 3814 467 3884 Σάρρας
490 3832 504 3844 ·
555 3816 755 3885 ταύτης
782 3818 810 3869 ό
852 3818 1031 3871 Ἰσαὰκ
1055 3859 1068 3883 ,
1116 3820 1246 3872 αὐτὸ
1291 3819 1446 3874 τοῦτο
1478 3821 1662 3875 παθών
1682 3840 1693 3853 ·

133 3905 325 3975 ταύτης
357 3908 385 3959 ό
421 3905 634 3969 Ἰακὼϐ,
652 3908 742 3960 ὑπ’
762 3907 988 3977 ἀδελφοῦ
1012 3910 1104 3963 καὶ
1124 3909 1383 3981 κηδεστοῦ
1404 3912 1693 3983 φθονούμε-

1810 3267 2034 3337 profert,
2069 3266 2263 3335 majori
2294 3267 2384 3319 illa
2413 3282 2543 3320 cura
2574 3276 2627 3321 et
2660 3268 3011 3324 meditatione
3034 3269 3364 3324 stabiliorem

1806 3372 2005 3427 parans
2036 3356 2115 3410 rei
2162 3358 2505 3411 memoriam.
2555 3357 2643 3409 Ait
2681 3365 2860 3411 autem
2901 3378 2914 3411 ;
2953 3356 3069 3413 Νοη
3127 3360 3361 3429 negligat

1800 3449 2008 3518 justum
2054 3446 2314 3502 Dominus
2345 3446 2716 3517 improborum
2775 3448 2985 3503 insidiis
3024 3450 3319 3519 appetitum
3347 3491 3362 3516 ,

1805 3554 1979 3607 neque
2004 3554 2109 3591 una
2151 3539 2421 3592 calculum
2474 3537 2610 3593 feret
2648 3554 2771 3594 cum
2812 3540 2893 3595 eis
2927 3541 3052 3594 talia
3097 3541 3363 3597 molienti-

1801 3633 1902 3687 bus
1928 3649 1942 3685 :
1976 3633 2069 3688 sed
2098 3634 2308 3687 curabit
2340 3644 2397 3687 ut
2428 3634 2564 3688 retia
2592 3635 2682 3689 ille
2714 3636 3006 3691 transiliat.
3040 3635 3361 3707 Huiusmodi

1800 3726 2137 3795 providentia
2173 3724 2456 3779 fruebatur
2498 3725 2775 3780 Abraham
2802 3766 2816 3791 ,
2870 3726 3003 3781 Sara
3041 3728 3124 3781 bis
3160 3739 3312 3797 rapta
3343 3748 3357 3784 :

1798 3816 1982 3871 eadem
2001 3815 2168 3881 Isaac,
2196 3818 2290 3887 qui
2321 3817 2553 3886 idipsum
2576 3832 2769 3888 passus
2794 3827 2877 3872 est
2904 3837 2917 3872 :
2944 3818 3131 3873 eadem
3161 3817 3356 3885 Jacob,

1798 3908 1964 3963 fratre
1989 3921 2043 3963 et
2072 3925 2263 3964 socero
2291 3910 2653 3965 inridentibus
2692 3930 2704 3964 :
2741 3910 2929 3966 eadem
2955 3909 3155 3982 Ioseph
3181 3914 3351 3969 livore

133 4013 244 4061 νος·
283 3996 489 4069 ταύτης
518 4000 546 4051 ό
594 4000 813 4070 Ἰωσὴφ,
837 4000 939 4053 ὑπὸ
973 4000 1165 4069 φθόνου
1197 4004 1289 4055 καὶ
1339 4006 1695 4073 συκοφαντίας

1802 4009 1849 4055 et
1873 4001 2143 4055 calumnia
2186 4000 2553 4069 impugnatura.
2607 3999 2810 4070 Ecquid
2854 4018 2991 4073 opus
3037 4006 3220 4060 omnia
3262 4021 3350 4060 re-

134 4088 474 4159 πολεμηθείς.
530 4090 639 4142 Καὶ
666 4090 717 4144 τί
748 4092 829 4144 δεῖ
860 4092 1180 4162 καταλέγειν
1211 4095 1454 4162 art-avra;
1514 4098 1693 4169 ῥᾴδιον

1802 4088 2067 4143 censere?
2096 4087 2253 4143 facile
2280 4104 2512 4157 namque
2540 4096 2622 4142 est
2645 4090 2890 4145 studioso
2923 4092 3121 4161 cuique
3161 4102 3215 4147 et
3263 4110 3353 4148 ve-

133 4178 230 4249 γὰρ
250 4182 364 4243 τοῖς
396 4178 716 4249 φιλομαθέσι
745 4184 839 4234 καὶ
861 4184 929 4236 τὰ
952 4184 1120 4237 πάλαι
1151 4183 1414 4253 συλλέξαι,
1444 4188 1533 4240 καὶ
1556 4187 1691 4241 θεω-

136 4268 285 4336 ρῆσαι
313 4266 383 4320 τὰ
414 4268 531 4321 νέα.

190 4356 343 4412 Οὐδὲ
362 4358 451 4427 μὴ
507 4359 959 4416 καταδικάσεται
1007 4365 1191 4419 αὐτὸν
1230 4366 1375 4420 ὅταν
1422 4368 1687 4437 κρίνηται

131 4452 325 4505 αὐτόν.
364 4452 505 4504 ’Δντὶ
531 4453 646 4517 τοῦ,
681 4456 739 4507 ἐν
766 4454 844 4525 τῷ
872 4456 1145 4527 κρίνεσθαι
1177 4459 1357 4514 αὐτόν.

203 4543 305 4597 Ἑν
334 4541 415 4607 τῷ
439 4542 925 4612 ἐξολυθρεύεσθαι
961 4549 1339 4616 ἁμαρτωλοὺς
1364 4551 1515 4619 ὄψει.
1566 4553 1687 4605 Ἑκ-

134 4635 507 4703 κοπτομένους,
541 4637 692 4705 φησὶ,
737 4638 862 4701 τοὺς
886 4640 1240 4709 ἁμαρτωλοὺς
1266 4642 1451 4716 θεάσῃ.

186 4721 361 4780 Εἶδον
385 4727 494 4779 τὸν
515 4727 703 4797 ἀσεϐῆ
728 4732 1242 4800 ὐπερυψούμενον,
1268 4736 1364 4787 καὶ
1390 4737 1685 4805 ἐπαιρόμε-

131 4831 229 4868 νον
255 4818 334 4882 ὼς
364 4816 475 4883 τὰς
508 4820 757 4887 κέδρους
790 4822 893 4875 τοῦ
927 4824 1200 4882 Λιϐάνου.
1268 4828 1423 4881 Κατὰ
1449 4830 1507 4881 τὸ
1533 4831 1684 4900 είρη-

136 4905 301 4973 μένον·
333 4907 482 4961 Σιιιὰ
512 4911 543 4961 ὁ
566 4909 706 4974 βίος
736 4909 919 4979 ἡμῶν.

195 5000 298 5052 Καὶ
329 4999 643 5067 παρῆλθον
664 5044 679 5066 ,
730 5007 827 5058 καὶ
862 5004 988 5059 ίδσὺ
1019 5010 1127 5061 οὐκ
1166 5006 1261 5078 ἦν.
1321 5009 1679 5083 Θεασάμενός,

135 5092 298 5158 φησὶν,
319 5091 519 5161 ἄνδρας
543 5097 807 5166 πονηροὺς
859 5098 1277 5169 εὐημεροῦντας,
1302 5104 1539 5156 ἐνενόουν
1567 5105 1682 5168 πῶς

134 5177 302 5231 τούτου
323 5180 613 5251 ἐπέτυχονε
665 5180 778 5236 εἶτα
816 5185 1034 5239 τοιαῦτα
1081 5189 1276 5242 ἐννοῶν
1324 5192 1413 5243 καὶ
1456 5192 1680 5265 δεύτερα

136 5268 536 5339 βουλευόμενος,
590 5272 857 5345 θεωρῆσαι
889 5278 1084 5342 αὐτοὺς
1135 5281 1231 5333 ούκ
1288 5282 1511 5353 ἰσχυσα·
1565 5287 1680 5339 ἀλλ’

1794 4191 1905 4235 tera
1932 4180 2203 4250 colligere,
2231 4188 2285 4235 et
2309 4194 2444 4234 nova
2480 4180 2929 4237 animadvertere.

1863 4381 1952 4435 33.
1980 4380 2090 4434 Nec
2117 4382 2389 4436 damnabit
2412 4398 2528 4436 eum
2555 4398 2672 4436 cum
2686 4383 3016 4452 judicabitur
3037 4386 3140 4442 illi.
3166 4386 3217 4441 Id
3244 4397 3346 4453 est,

1716 4461 1765 4520 Ι)
1791 4474 2009 4543 quando
2039 4476 2302 4529 sententia
2328 4474 2395 4529 de
2426 4476 2519 4529 illo
2551 4474 2769 4530 feretur.

1862 4564 1949 4618 34.
2002 4561 2136 4619 Cum
2187 4566 2436 4634 perierint
2489 4576 2784 4635 peccatores
2830 4567 3045 4622 uidebis.
3085 4569 3345 4633 Accisos,

1794 4654 1990 4724 inquit,
2019 4656 2221 4710 videbis
2249 4665 2577 4725 peccatores.

1860 4744 1947 4799 ‘55.
1980 4743 2099 4798 Vidi
2124 4748 2343 4813 impium
2372 4748 2842 4821 superexaltatum,
2873 4758 2921 4802 et
2952 4749 3207 4803 eleuatum
3234 4750 3343 4803 sic-

1788 4848 1845 4891 ut
1886 4837 2064 4891 cedros
2098 4837 2308 4906 Libani,
2345 4848 2450 4894 etc.
2490 4838 2651 4894 Juxta
2690 4841 2823 4897 illud
2856 4842 3058 4897 dictum
3093 4859 3106 4895 :
3147 4839 3344 4895 Umbra

1784 4939 1861 4985 est
1883 4932 1989 4985 vita
2019 4941 2195 4984 nostra
2213 4931 2280 4985 ⁹¹.

1853 5020 1941 5076 56.
1974 5021 2037 5075 Et
2073 5024 2315 5088 transivi,
2341 5032 2391 5076 et
2416 5039 2530 5076 ecce
2561 5038 2661 5075 non
2690 5034 2821 5077 erat.
2853 5020 2954 5077 Ubi
2986 5023 3117 5087 vidi,
3142 5023 3336 5094 inquit,

1784 5113 2032 5167 homines
2060 5114 2335 5183 improbos
2361 5129 2618 5183 prospere
2647 5123 2865 5183 agentes
2886 5156 2900 5179 ,
2932 5129 3141 5169 mecum
3177 5130 3338 5184 repu-

1782 5202 1961 5257 tabam
1989 5219 2093 5272 qua
2131 5204 2337 5258 ratione
2360 5204 2411 5257 id
2436 5204 2561 5256 boni
2592 5204 2867 5258 consecuti
2901 5212 3103 5258 essent.
3136 5201 3334 5258 Deinde

1779 5308 1905 5348 vero
1958 5294 2072 5347 haec
2101 5295 2342 5363 cogitans
2386 5302 2437 5348 et
2482 5293 2585 5345 alia
2634 5308 2845 5347 mecum
2894 5293 3194 5357 revolvens,
3235 5310 3331 5347 eos

132 5359 235 5411 οὐδὲ
270 5362 357 5413 τὸν
389 5363 570 5428 τόπον,
605 5367 660 5417 ἐν
689 5360 732 5433 ᾧ
764 5369 982 5423 ἑστάναι
1014 5370 1245 5437 ἐδόκουν,
1267 5374 1364 5427 οὐκ
1396 5376 1675 5449 ἠδυνάμην

1802 5386 1954 5439 lenito
1987 5385 2166 5439 videre
2195 5401 2299 5438 non
2334 5386 2481 5453 potui
2515 5401 2527 5435 :
2566 5387 2675 5440 imo
2702 5400 2874 5454 neque
2913 5384 3090 5439 locum
3136 5384 3187 5437 in
3223 5401 3331 5454 quo

132 5450 308 5518 εὑρεῖν.

193 5542 465 5594 φύλασσε
493 5543 766 5609 ἀκακίαν,
803 5564 894 5599 και
929 5548 1017 5603 ἴδε
1046 5554 1353 5619 εὐθύτητα,
1396 5557 1480 5609 ὅτι
1506 5558 1675 5611 ἐστιν

203 5694 241 5729 ⁸³
267 5696 392 5751 Gen.
431 5700 601 5761 xn,3.
676 5703 719 5733 "
751 5702 893 5761 Psai.
930 5725 965 5769 ι,
1006 5710 1056 5762 2.
1140 5712 1177 5742 "
1214 5709 1313 5767 Joh
1349 5731 1464 5777 vm.
1495 5717 1547 5770 9.

1777 5476 2077 5531 consistere
2106 5475 2429 5530 videbantur
2462 5477 2699 5545 reperire
2730 5475 2957 5532 facultas
2995 5475 3115 5529 fuit.

1841 5568 1927 5623 57.
1974 5566 2190 5622 Custodi
2216 5568 2585 5629 innocentiam,
2621 5579 2668 5621 et
2710 5568 2821 5622 ride
2852 5569 3167 5636 equitatem,
3195 5583 3323 5637 quo-
