4086 6308
151 307 230 362 185
1185 306 1275 360 EX
1291 305 1558 361 POSITIO
1595 306 1660 360 IN
1698 307 2024 364 PSALMUM
2067 305 2346 360 XXXV!”

146 424 208 484 εις
232 421 359 490 γῆν,
384 421 478 472 καὶ
498 420 757 489 διηνεκῶς
781 419 1131 506 ὀλοφύρεσθαι
1154 421 1240 474 διὰ
1261 422 1357 485 τὰς
1380 423 1581 492 πικρὰς
1604 423 1700 491 τῆς

1807 435 1911 488 tus,
1943 435 2001 478 ut
2050 439 2239 477 versus
2293 432 2490 474 terram
2542 418 2831 471 inclinatus
2871 416 3097 486 gemitus
3145 415 3362 468 assidue

146 510 356 582 καρδίας
381 510 590 573 ὀδύνας.
623 511 822 563 Τούτου
849 512 1004 581 χάριν
1028 511 1126 580 τῆς
1155 510 1444 581 ἐπιθυμίας
1475 511 1698 582 μεταϐα-

145 603 235 656 λὼν
264 604 362 674 τὴν
391 603 670 674 ἐνέργειαν
691 643 704 664 ,
737 603 1008 674 ὑπουργὸν
1053 604 1220 674 αὐτὴν
1253 603 1555 674 κατέστησα
1602 603 1694 656 τοῦ

143 693 276 746 θείου
310 693 661 762 βουλήματος.
713 691 882 746 Τοῦτο
914 693 1021 764 γὰρ
1046 694 1321 763 ἐπήγαγεν
1354 710 1368 723 ·
1407 695 1698 762 Ὠρυόμην

149 772 251 838 ἀπὸ
285 783 622 852 στεναγμοῦ
651 782 762 852 τῆς
810 783 1054 851 καρδίας
1090 802 1228 852 μου.
1311 782 1598 846 Μαστίζων
1636 782 1698 834 τὸ

151 875 418 938 συνειδὸς,
492 876 590 946 τὴν
633 875 856 945 καρδίαν
927 891 1026 945 μου
1086 875 1416 944 στεναγμοὺς
1483 872 1696 942 ἀφιέναι

147 969 372 1020 ἐποίουν.

203 1059 314 1113 Καὶ
347 1063 379 1112 ό
419 1058 746 1127 ater-antiit;
788 1075 905 1126 μου
936 1055 1053 1110 ἀπὸ
1081 1056 1196 1109 σοῦ
1228 1060 1339 1110 οὐκ
1376 1056 1694 1123 ἀπεκρύὄη.

145 1150 244 1218 Ἱῆς
277 1151 588 1218 μετανοίας,
619 1151 811 1217 φησιν,
843 1152 872 1200 ὁ
922 1147 1080 1211 πόθος
1105 1148 1283 1217 στήτω
1324 1146 1546 1199 ἐνώπιόν
1581 1162 1696 1210 σου,

147 1235 173 1309 ᾖ
223 1239 333 1308 ἔχω
391 1240 652 1308 ἐπιθυμίᾳ
712 1236 946 1307 σωθῆναι
995 1237 1331 1308 βουλόμενος.
1399 1239 1507 1291 Καὶ
1550 1238 1631 1299 τίς
1662 1239 1696 1308 ἡ

147 1326 403 1396 ἐπιθυμία
432 1327 523 1378 τοῦ
579 1325 848 1396 Χριστοῦ;
902 1326 963 1378 τὸ
1012 1327 1150 1398 ὑπὲρ
1187 1327 1340 1397 ἡμῶν
1393 1325 1698 1380 ἐπιτελέσαι

147 1416 349 1485 Πάσχα.

218 1507 283 1558 Ἠ
334 1507 544 1573 καρδία
585 1525 702 1575 μου
753 1507 1086 1585 ἐταρᾴχθη,
1142 1505 1485 1574 ἐγκατέλιπέ
1531 1523 1607 1574 με
1657 1505 1696 1572 ἠ

147 1596 317 1662 ίσχῦς
340 1613 478 1662 μου.
515 1599 586 1650 Τὸ
613 1598 999 1666 διαλογιστικὸν
1034 1599 1256 1671 καρδίαν
1291 1598 1440 1667 φησί.
1502 1597 1607 1650 Καὶ
1632 1596 1698 1649 τὸ

147 1686 257 1753 pi;
287 1686 401 1738 τῶν
427 1689 743 1757 ὀφθαλμῶν
767 1708 883 1758 μου
905 1734 918 1756 ,
977 1692 1072 1744 καί
1101 1691 1245 1744 αὐτὸ
1268 1692 1376 1743 οὐκ
1401 1692 1530 1743 ἔστι
1571 1687 1696 1756 μετ’

1799 512 2152 583 profundam,
2184 512 2256 563 ob
2296 509 2550 563 acerbum
2581 507 2746 559 animi
2784 505 3044 558 dolorem.
3081 504 3364 569 Quamob-

1800 619 1944 668 rem,
2009 613 2218 656 mutato
2267 598 2727 668 concupiscentiae
2779 612 2919 660 usu,
2986 594 3358 648 administram

1799 711 1918 749 eam
1952 695 2146 748 divina:
2184 693 2480 746 voluntatis
2510 689 2788 744 constitui.
2811 686 2923 740 Hoc
2960 687 3102 741 enim
3133 685 3315 754 adjicit
3344 726 3359 740 .

1798 785 2088 855 Rugiebam
2126 802 2156 836 a
2191 786 2384 854 gemitu
2418 782 2590 834 cordis
2621 781 2736 832 mei.
2769 778 3054 848 Castigans
3081 778 3363 832 conscien-

1800 877 1927 928 tiam
1963 890 2158 940 meam,
2194 875 2242 928 id
2275 873 2566 926 etiieiebam
2605 880 2662 924 ut
2698 885 2793 924 cor
2827 869 2879 922 in
2920 869 3150 938 gemitus
3179 881 3362 920 erum-

1797 979 1967 1035 μοι-οι.

1869 1061 1959 1113 10.
2003 1058 2071 1112 Et
2105 1058 2322 1127 gemitus
2368 1071 2509 1108 meus
2555 1071 2588 1106 a
2640 1062 2687 1106 te
2730 1068 2831 1104 non
2881 1060 2957 1104 est
3004 1050 3358 1102 absconditus.

1801 1151 2156 1216 Paenitentiae,
2197 1149 2394 1218 inquit,
2443 1145 2771 1200 desiderium
2799 1159 2983 1198 coram
3030 1153 3080 1196 te
3117 1143 3358 1196 sistatur.

1802 1245 1937 1299 Toto
1984 1244 2252 1298 desiderio
2300 1242 2526 1295 salutem
2571 1237 2832 1306 consequi
2874 1245 3084 1304 expeto.
3137 1233 3359 1303 Ecquod

1799 1334 2125 1390 desiderium
2157 1330 2407 1385 Christi?
2443 1329 2650 1383 Pascha
2693 1328 2862 1383 nostri
2899 1342 3062 1381 causa
3108 1342 3360 1380 consum-

1800 1439 1948 1478 mare
1976 1425 2021 1453 ⁹²

1870 1517 1954 1568 il.
2007 1513 2111 1568 Cor
2157 1530 2327 1566 meum
2374 1510 2744 1564 conturbatum
2799 1518 2908 1573 est,
2955 1507 3230 1577 dereliquit
3281 1524 3360 1560 me

1799 1608 1962 1660 uirtus
2011 1621 2145 1659 mea.
2195 1603 2304 1657 Cor
2355 1603 2588 1672 appellat
2631 1601 2739 1654 vim
2775 1602 2972 1654 anima:
3019 1600 3356 1652 rationalem.

1800 1699 1867 1752 Et
1907 1699 2079 1752 lumen
2105 1697 2374 1751 oculorum
2405 1711 2655 1758 meorum,
2697 1704 2744 1746 et.
2788 1695 2958 1762 ipsum
2997 1710 3098 1744 non
3139 1701 3213 1744 est
3257 1707 3360 1743 ine-

147 1777 302 1843 ἐμοῦ.
364 1778 434 1829 Τὸ
466 1778 578 1845 φῶς
608 1779 715 1830 τῶν
741 1779 1030 1847 ὀφθαλμῶν
1058 1782 1117 1833 τὸ
1149 1781 1360 1850 πνεῦμα
1395 1781 1454 1831 τὸ
1497 1778 1696 1847 ἐκλάμ-

1802 1806 1938 1843 cum.
1965 1789 2170 1841 Lumen
2212 1787 2494 1840 oculorum
2526 1787 2653 1840 dicit
2687 1785 2937 1854 spiritqu
2976 1783 3140 1836 animi
3186 1782 3359 1836 oculis

147 1883 237 1917 πον
270 1870 374 1930 τοῖς
401 1868 496 1936 τῆς
522 1868 760 1931 διανοίας
791 1869 952 1921 αὑτοῦ
980 1871 1238 1939 ὄμμασιν,

213 1961 276 2010 Ol
309 1961 470 2026 φίλοι
496 1976 612 2026 μου
647 1959 744 2012 καὶ
791 1963 844 2013 οἱ
887 1961 1152 2028 πλησίον
1177 1979 1294 2028 μου
1324 1959 1392 2024 ἐξ
1425 1960 1697 2024 ἐναντίας

143 2066 250 2114 μου
279 2048 536 2116 ἤγγισαν
561 2050 654 2101 καὶ
683 2050 970 2116 ἔστησαν.
1020 2051 1104 2102 Ἐν
1136 2051 1212 2119 τῷ
1243 2051 1573 2122 πεπληγέναι
1609 2065 1696 2118 με,

149 2140 320 2207 φησὶν,
347 2138 680 2206 ἀντέστησαν
717 2155 822 2207 μοι.
851 2138 1031 2191 Ταῦτα
1051 2138 1105 2189 δὲ
1135 2138 1278 2206 λέγει
1304 2137 1391 2190 διὰ
1415 2139 1502 2190 τὸν
1519 2138 1701 2189 Ἀϐεσ-

150 2230 328 2298 σαλὼμ
355 2229 449 2280 καὶ
475 2228 564 2280 τὸν
603 2228 896 2296 Ἀχιτόφελ.
943 2228 1050 2282 Kal.
1093 2231 1146 2281 οἱ
1174 2227 1415 2295 ἔγγιστὰ
1440 2246 1556 2295 μου
1583 2226 1700 2279 ἀπὸ

141 2324 429 2391 μακρόθεν
459 2321 746 2386 ἔστησαν.
798 2322 857 2372 Οἱ
903 2320 1009 2389 γὰρ
1040 2318 1526 2387 συνυπουργοῦντες
1556 2317 1700 2388 αὐτῷ

149 2415 356 2481 ἄγγελοι
389 2411 741 2478 ἐγκατέλιπον
774 2412 931 2462 αὑτὸν
956 2411 1042 2464 διὰ
1077 2412 1173 2480 τὴν
1207 2411 1496 2482 ἁμαρτίαν.
1551 2412 1702 2480 Τάχα

148 2506 246 2574 τὰρ
274 2504 368 2554 καὶ
401 2505 455 2554 αἱ
507 2503 760 2571 δυνάμεις
791 2504 844 2553 αἱ
880 2501 1029 2569 ἆγιαι
1074 2502 1443 2572 ὑποχωροῦσιν
1476 2504 1532 2554 ἐν
1581 2520 1700 2555 και-

153 2594 222 2664 ρῷ
244 2592 548 2664 πειρασμοῦ
572 2594 704 2664 πρὸς
719 2592 940 2664 δοκιμὴν
963 2593 1056 2646 τοῦ
1081 2593 1491 2665 πειραζομένου,
1514 2593 1546 2664 ἢ
1569 2594 1702 2663 πρὸς

150 2702 374 2737 κυλααιν.

211 2777 313 2829 Καὶ
348 2773 712 2834 ἐξεὸιάζοντο
757 2775 809 2823 οἱ
841 2771 1148 2837 ζητοῦντες
1175 2771 1286 2836 τὴν
1313 2771 1521 2840 ψυχήν
1561 2788 1698 2838 μου.

153 2869 400 2928 Εἰκότως,
432 2866 540 2916 τῶν
570 2863 816 2931 ἀγγέλων
848 2863 1246 2915 καταλιπόντων
1273 2863 1454 2925 αὐτὸν,
1482 2862 1704 2934 σφοδρί-

148 2977 294 3028 τερον
321 2959 372 3010 οἱ
399 2957 648 3025 δαίμονες
695 2953 1018 3007 ἐπετίθεντο.
1078 2954 1181 3007 Καὶ
1209 2958 1260 3007 οἱ
1288 2953 1593 3020 ζητοῦντες
1634 2954 1705 3006 τὰ

150 3049 293 3102 κακά
313 3065 444 3116 μοι,
469 3045 781 3113 ἐλάλησαν
803 3046 1219 3114 ματαιότητας.
1257 3045 1524 3108 Ἐλάλουν,
1550 3045 1699 3112 φησὶ,

151 3141 277 3211 πρὸς
305 3142 552 3201 ἑαυτοὺς,
584 3137 871 3206 ἐπιϐουλήν
911 3153 999 3205 μοι
1033 3136 1406 3198 σκευάζοντες.

223 3229 360 3299 Ἐγὼ
386 3230 454 3283 δὲ
485 3229 627 3282 ὡσεὶ
671 3228 864 3296 κωφός
899 3229 1007 3280 οὐκ
1035 3225 1261 3294 ἤκουον
1284 3267 1298 3290 ,
1339 3225 1521 3279 καὶτὰ
1554 3225 1700 3295 ἐξῆς.

149 3322 323 3376 Ταῦτα
346 3361 363 3385 ,
398 3321 593 3391 φησὶν,
622 3317 922 3385 λαλούντων
951 3317 1127 3370 αὐτῶν
1145 3357 1159 3380 ,
1187 3317 1304 3370 οὺδέ
1334 3317 1548 3370 ἀκούειν
1592 3319 1704 3371 €66-

150 3429 286 3477 πνουν,
316 3411 436 3463 ούδέ
473 3409 648 3461 λαλεῖν
675 3409 791 3480 τῆς,
820 3409 1128 3481 παρρησίας
1160 3426 1257 3479 μου
1293 3409 1380 3462 διὰ
1409 3409 1506 3480 τῆς
1537 3411 1705 3480 ἁμαρ-

152 3503 261 3564 υῐας
298 3500 672 3570 ἀφῃρημένης-

220 3588 341 3640 Ὂτι
369 3587 467 3640 ἐπὶ
497 3587 614 3650 σοὶ,
639 3588 834 3655 Κύριε,
863 3585 1092 3653 ἤλπισα
1123 3625 1137 3638 .
1174 3626 1188 3639 .
1221 3625 1234 3638 .
1264 3585 1351 3639 ὅτι
1377 3582 1514 3640 εἶπα
1534 3603 1549 3616 ·
1579 3587 1704 3653 Μή-

151 3692 282 3731 ποτε
303 3675 632 3747 ἑπιχαρῶσί
653 3695 752 3746 μοι
785 3679 838 3731 oi
865 3677 1066 3745 ἐχθροί
1095 3694 1233 3746 μου.
1267 3676 1386 3730 Τῶν
1415 3677 1700 3753 τοσούτων,

156 3768 295 3836 φησὶ,
327 3767 647 3836 συμϐάντων
676 3766 881 3830 κακῶν,
913 3766 1038 3837 μίαν
1061 3765 1167 3836 ἔχω
1199 3766 1466 3838 σωτηρίας
1495 3766 1702 3829 ἐλπίδα,

151 3857 241 3924 τὴν
267 3857 327 3906 ὲκ
355 3854 447 3907 σοῦ
478 3854 845 3924 γενησομένην
877 3873 964 3924 μοι
991 3857 1326 3928 ἐπικουρίαν.

215 3947 314 3999 Καὶ
351 3946 420 3998 ἐν
444 3943 525 4010 τῷ
553 3946 922 4013 σαλευθῆναι
952 3947 1141 4011 πόδας
1170 3966 1286 4015 μου
1316 3947 1407 3999 ἐπ’
1434 3947 1536 4016 ἐμὲ
1572 3947 1701 4014 ἐμε-

156 4040 698 4107 Ἱῖῑιλρρῤημόιησαν.
731 4038 887 4104 Μέγα
907 4079 922 4101 ,
954 4038 1116 4108 φησὶ,
1147 4039 1342 4091 δέδωκε
1376 4041 1588 4110 φρονεῖν
1617 4039 1706 4089 αὑ.

151 4127 265 4189 τοὺς
289 4131 406 4181 κατ’
426 4128 562 4198 ἐμοῦ
587 4131 619 4197 ἡ
645 4129 886 4199 ἁμαρτία
913 4129 1218 4182 σαλεύσασά
1241 4147 1339 4199 μου
1364 4131 1488 4193 τοὺς
1518 4129 1702 4192 πόδας.

216 4328 337 4380 Ὀτι
388 4327 506 4396 ἐγὼ
552 4331 640 4394 είς
667 4327 958 4397 μάστιγας
1012 4328 1273 4397 ἕτοιμος,
1308 4327 1403 4380 καί
1432 4326 1708 4399 ἀλγηδών

1798 1882 1848 1934 ill
1859 1889 2214 1934 ucescentem.

1870 1973 1954 2025 12.
1985 1971 2158 2024 Amici
2206 1970 2306 2022 mei
2346 1978 2393 2020 et
2436 1967 2664 2036 proximi
2703 1967 2803 2018 mei
2837 1965 3108 2018 adversum
3152 1979 3231 2016 me
3265 1979 3362 2030 ap-

1796 2062 2271 2130 propinquaret-unt
2317 2068 2365 2110 et
2403 2066 2673 2110 steterunt.
2733 2054 2868 2108 Cum
2919 2055 3090 2123 plagis
3134 2052 3362 2106 affectus

1797 2170 2010 2217 essem,
2047 2153 2254 2222 inquit,
2282 2151 2612 2204 obstiterunt
2662 2151 2816 2204 mihi.
2851 2148 2972 2202 lla‘c
3019 2158 3197 2200 autem
3231 2145 3361 2201 dicit

1799 2250 2015 2309 pr0pter
2058 2239 2314 2292 Absalom
2358 2247 2411 2290 et
2457 2239 2798 2307 Achitophel.
2853 2237 2919 2291 Et
2969 2240 3056 2306 qui
3085 2236 3245 2305 juxta
3283 2251 3362 2288 me

1798 2340 1944 2382 erant
1975 2329 2038 2380 de
2070 2326 2220 2395 longe
2249 2335 2526 2379 steterunt.
2577 2325 2766 2394 Angeli
2799 2326 2942 2377 enim
2993 2325 3084 2393 qui
3130 2323 3363 2377 auxilia-

1801 2421 1995 2473 bautur
2023 2418 2122 2482 illi,
2158 2417 2359 2486 peccati
2390 2431 2555 2470 causa
2581 2415 2988 2484 dereliquerunt
3027 2415 3198 2466 illum.
3232 2412 3366 2468 For-

1799 2511 1962 2564 tassis
1990 2518 2042 2562 et
2075 2518 2276 2561 sancta:
2308 2508 2539 2561 virtutes
2580 2506 2838 2560 secedunt
2880 2505 2933 2558 iu
2967 2513 3208 2572 tempore
3242 2513 3362 2556 ten-

1802 2599 2023 2653 tationis
2065 2599 2130 2650 ad
2164 2597 2352 2651 tentati
2390 2596 2766 2665 probationem
2796 2604 2851 2649 et
2894 2594 3324 2664 experimentum
3347 2636 3362 2659 ,

1801 2701 1894 2744 aut
1923 2689 2169 2744 fortassis
2192 2689 2257 2742 ad
2283 2687 2641 2756 punitionem.

1872 2781 1958 2836 15.
2019 2780 2086 2833 Et
2137 2781 2238 2833 vim
2290 2779 2552 2848 faciebant
2615 2778 2704 2848 qui
2768 2776 3067 2847 quaerebant
3129 2776 3365 2828 animum

1802 2888 1989 2925 meam.
2031 2869 2541 2938 Dereliuquentibus
2580 2868 2756 2937 ipsum
2786 2868 2992 2938 angelis
3041 2867 3166 2921 hinc
3204 2866 3367 2919 vehe-

1805 2962 2035 3017 mentitis
2083 2961 2362 3014 irruebant
2412 2960 2708 3013 daemones.
2761 2957 2834 3010 Et
2884 2959 2972 3025 qui
3032 2955 3365 3027 inquirebant

1805 3051 1943 3104 mala
1989 3050 2116 3103 mihi
2163 3049 2326 3103 locuti
2375 3057 2497 3102 sunt
2547 3049 2823 3100 vanitates.
2861 3046 3047 3102 Mutuo
3090 3047 3362 3115 colloque-

1804 3143 2018 3208 bantur,
2052 3141 2246 3210 inquit,
2283 3148 2535 3208 parantes
2566 3138 2791 3192 insidias
2825 3137 2978 3190 mihi.

1874 3231 1959 3285 H.
2005 3229 2116 3299 Ego
2156 3239 2331 3282 autem
2376 3236 2628 3297 tanquam
2674 3229 2866 3280 surdus
2913 3244 3012 3280 non
3058 3228 3362 3292 audiebam,

1802 3333 1906 3378 etc.
1935 3321 2067 3374 Dum
2096 3322 2240 3384 haec,
2287 3317 2496 3387 inquit,
2528 3317 2605 3370 illi
2638 3318 3015 3385 loquerentur,
3046 3333 3146 3370 nec
3175 3319 3367 3372 audire

1804 3431 1901 3470 nec
1925 3413 2069 3483 loqui
2097 3411 2337 3477 videbar,
2357 3410 2533 3464 ablata
2561 3409 2692 3462 mihi
2721 3424 2814 3478 per
2835 3417 3116 3477 peccatum
3143 3407 3361 3464 ﬁducia.

1874 3587 1960 3642 16.
1994 3585 2252 3652 Quoniam
2280 3586 2332 3638 in
2368 3593 2435 3647 te,
2468 3583 2684 3636 Domine
2708 3624 2723 3645 ,
2756 3583 3026 3649 speravi...
3060 3583 3184 3652 quia
3210 3583 3365 3639 dixi:

1808 3677 1888 3731 Ne
1915 3680 2125 3748 quando
2162 3679 2578 3745 superguudeant
2614 3673 2741 3726 mihi
2772 3675 2970 3726 inimici
2999 3676 3118 3727 mei.
3152 3671 3364 3740 Tantis,

1805 3769 2001 3839 inquit,
2036 3766 2402 3821 accidentibus
2433 3763 2621 3828 malis,
2655 3779 2762 3817 una
2795 3773 3046 3833 superest
3076 3765 3210 3818 mihi
3238 3780 3363 3835 spes

1804 3861 2020 3921 salutis,
2052 3856 2314 3911 auxilium
2343 3857 2549 3912 scilicet
2577 3873 2740 3911 unum
2779 3857 2912 3910 mihi
2947 3855 3267 3912 aﬂuturum.

1875 3951 1961 4005 l7.
1989 3949 2056 4003 Et
2088 3951 2213 4003 dum
2242 3962 2626 4003 commoventur
2651 3951 2802 4017 pedes
2830 3951 2928 4001 mei
2961 3965 3115 4017 super
3144 3965 3225 4002 me
3249 3965 3370 4003 ma-

1807 4060 1910 4114 gna
1939 4042 2102 4096 locuti
2130 4051 2272 4096 sunt.
2315 4042 2603 4096 Peccatum
2629 4079 2645 4104 ,
2675 4041 2878 4110 inquit,
2909 4055 3088 4094 meum
3121 4056 3366 4096 commo-

1806 4149 1938 4188 vens
1973 4135 2137 4203 pedes
2169 4149 2320 4189 meos
2365 4135 2416 4187 in
2448 4148 2611 4187 causa
2648 4132 2748 4186 fuit
2786 4143 2844 4187 ut
2891 4134 3029 4188 altos
3074 4133 3364 4190 adversum

1806 4240 1892 4279 me
1917 4225 2140 4293 spiritus
2169 4233 2526 4278 assumerent.

1878 4317 1968 4370 18.
1997 4316 2259 4382 Quoniam
2291 4331 2382 4384 ego
2431 4317 2483 4368 in
2519 4317 2730 4386 ﬂagella
2774 4328 2993 4386 paratus
3026 4334 3162 4383 sum,
3190 4328 3239 4371 et
3267 4319 3364 4372 do-

154 4435 255 4485 μσυ
281 4416 536 4470 ἐνώπιόν
554 4420 671 4486 μού
702 4420 829 4470 ἐστι
858 4418 1197 4483 διαπαντός.
1240 4417 1434 4480 Ἡδέως
1462 4417 1700 4487 δέχεσθαι

1813 4407 1893 4461 lor
1915 4424 2056 4461 meus
2091 4408 2142 4460 in
2184 4418 2458 4476 conspectu
2489 4424 2598 4459 meo
2624 4425 2839 4476 semper.
2873 4407 3126 4462 Libenter
3150 4424 3207 4464 se
3237 4425 3362 4464 cor-

160 4510 242 4580 τὴν
271 4509 691 4580 ἐπιατρεπτικὴν
719 4509 958 4562 παιδείαν
985 4510 1165 4579 φησίν.

222 4688 341 4740 Ὀτι
377 4690 495 4756 τὴν
519 4687 766 4755 ἀνομίαν
807 4705 924 4755 μου
1115 4684 1437 4755 ἀναγγελῶ,
1467 4686 1562 4738 καί
1603 4703 1708 4755 με-

155 4777 407 4844 γινμνιξσω
456 4779 608 4845 ὑπὲρ
657 4777 762 4846 τῆς
817 4779 1100 4846 ἁμαρτίας
1138 4795 1273 4846 μου.
1322 4777 1418 4830 Διὰ
1457 4776 1706 4846 δήτοῦτο

164 4871 446 4940 κατήγορος
488 4871 723 4938 ἐμαυτοῦ
758 4871 992 4941 γίνομαι,
1017 4871 1109 4923 καὶ
1129 4872 1307 4924 πᾶσαν
1334 4871 1584 4941 φροντίδα
1610 4872 1707 4941 τῆς

165 4961 354 5026 ὑγιείας
386 4964 703 5032 ποιήσομαι.

225 5056 280 5104 Οἱ
307 5053 374 5105 δὲ
392 5053 594 5120 ἐχθροί
622 5072 741 5121 μου
769 5052 923 5115 ζῶσι,
950 5055 1047 5107 καὶ
1077 5054 1525 5122 κεκραταίιιηται
1557 5054 1705 5122 ὑπὲρ

164 5141 268 5208 ἐγώ.
299 5147 510 5204 Καίτοι,
535 5146 688 5216 φησι,
723 5149 796 5216 μὴ
821 5147 1226 5217 ἁνεπαισθήτως
1247 5147 1382 5216 ἔχων
1407 5147 1506 5216 τῆς
1532 5150 1706 5217 ἁμαρ-

165 5232 287 5295 τίας,
310 5236 441 5288 ἀλλὰ.
465 5236 740 5305 μεριμνῶν
767 5239 894 5307 περὶ
919 5237 1087 5306 αὐτῆς
1117 5239 1423 5304 διαπαντὸς,
1450 5240 1560 5307 ὁρῶ
1581 5240 1706 5299 τοὺς

167 5324 370 5394 ἐχθρούς
406 5345 507 5396 μου
533 5329 1007 5397 κραταιουμένους.
1044 5325 1198 5383 οὗτοι
1221 5331 1275 5383 δέ
1298 5333 1344 5383 οἱ
1372 5329 1572 5400 ἐχθροὶ,
1606 5347 1706 5399 μη-

165 5411 241 5464 εέν
272 5417 446 5470 ἄδικον
487 5420 615 5488 παρ’
644 5417 777 5488 ἐμοῦ
809 5419 1131 5482 πεπονθότες
1151 5461 1164 5482 ,
1196 5421 1567 5483 διαϐάλλοντες
1603 5438 1702 5490 μου

167 5506 251 5573 τὴν
269 5508 568 5578 ἁμαρτίαν,
605 5511 696 5562 καὶ
746 5510 1014 5580 πρότασιν
1057 5512 1222 5582 αὐτὴν
1269 5512 1571 5581 ποιούμενοι
1613 5513 1703 5566 τοῦ

229 5690 271 5720 ’³
292 5689 417 5748 Luc.
457 5713 588 5760 xw,
625 5697 704 5751 l5.

1811 4501 2106 4567 reptiouem
2133 4498 2475 4552 conversioni
2499 4513 2610 4552 suae
2633 4499 3094 4552 accommodatam
3115 4499 3364 4570 excipere

1807 4588 2138 4642 testiﬁcatur.

1880 4677 1967 4730 l9.
2020 4676 2281 4742 Quoniam
2328 4677 2660 4747 iniquitatem
2701 4695 2868 4731 meam
2908 4680 3263 4743 annuntiabo,
3313 4690 3364 4734 et

1805 4771 2045 4839 cogitabo
2081 4786 2176 4839 pro
2223 4782 2432 4837 peccato
2466 4789 2598 4824 meo.
2642 4769 2930 4840 Propterea
2971 4782 3023 4824 et
3062 4774 3163 4824 mei
3197 4789 3361 4826 accu-

1807 4870 1956 4913 sator
2003 4876 2162 4926 sum,
2195 4871 2251 4916 et
2293 4862 2498 4915 nullam
2546 4876 2657 4915 non
2704 4861 2898 4916 salutis
2943 4862 3360 4917 sollicitudinem

1807 4968 1929 5022 gora
1939 4968 2009 5006 m.

1873 5043 1960 5096 '20.
2006 5042 2424 5124 luimicigutem
2458 5044 2556 5097 mei
2589 5043 2792 5110 vivunt,
2823 5052 2872 5097 et
2915 5044 3214 5113 conﬁrmati
3239 5054 3363 5098 sunt

1807 5151 1961 5204 super
1991 5153 2090 5189 me.
2135 5135 2271 5199 Etsi,
2299 5134 2503 5204 inquit,
2531 5152 2637 5189 non
2665 5137 2782 5190 sine
2812 5152 2971 5192 sensu
2997 5138 3202 5206 peccati
3235 5139 3360 5198 sim,

1806 5228 1900 5281 sed
1940 5226 2005 5279 de
2051 5228 2169 5295 ipso
2221 5241 2434 5296 semper
2484 5227 2680 5282 anxius
2723 5229 2857 5291 sim,
2911 5229 3064 5282 video
3109 5229 3361 5283 inimicos

1809 5332 1961 5372 meos
1992 5318 2137 5371 vires
2162 5319 2491 5386 sumpsisse,
2519 5321 2608 5387 qui
2643 5335 2764 5372 cum
2799 5320 2931 5373 nihil
2963 5319 3175 5386 injuria:
3212 5337 3241 5373 ιι
3275 5336 3361 5373 me

1807 5408 1952 5477 passi
1979 5409 2107 5472 sint,
2127 5418 2404 5476 peccatum
2429 5409 2819 5475 exprobrantes
2850 5423 3052 5472 meum,
3074 5407 3361 5477 ipsumque

1805 5517 1899 5555 ceu
1940 5500 2280 5554 occasionem
2315 5499 2435 5552 belli
2475 5506 2662 5551 contra
2696 5512 2782 5552 me
2825 5497 3041 5567 gerendi
3087 5495 3368 5565 accipient--
