  <div class='ocr_page' id='page_1' title='image "/cluster/home/n/w/nwhite01/storage/ocr_20150623/27/pst.000005712182/101.png"; bbox 0 0 4086 6308; ppageno 0'>
   <div class='ocr_carea' id='block_1_1' title="bbox 729 370 833 426">
    <p class='ocr_par' dir='ltr' id='par_1_1' title="bbox 729 370 833 426">
     <span class='ocr_line' id='line_1_1' title="bbox 729 370 833 426; baseline -0.029 0"><span class='ocrx_word' id='word_1_1' title='bbox 729 370 833 426; x_wconf 76' lang='grc' dir='ltr'><strong>ΙΒἹ</strong></span> 
     </span>
    </p>
   </div>
   <div class='ocr_carea' id='block_1_2' title="bbox 1566 366 3123 433">
    <p class='ocr_par' dir='ltr' id='par_1_2' title="bbox 1566 366 3123 433">
     <span class='ocr_line' id='line_1_2' title="bbox 1566 366 3123 433; baseline 0.006 -11"><span class='ocrx_word' id='word_1_2' title='bbox 1566 367 1622 423; x_wconf 87' lang='lat' dir='ltr'><strong>S.</strong></span> <span class='ocrx_word' id='word_1_3' title='bbox 1661 366 2031 422; x_wconf 71' lang='lat' dir='ltr'><strong>ATHANASLI</strong></span> <span class='ocrx_word' id='word_1_4' title='bbox 2070 367 2219 423; x_wconf 84' lang='lat' dir='ltr'><strong>OPP.</strong></span> <span class='ocrx_word' id='word_1_5' title='bbox 2264 370 2442 424; x_wconf 78' lang='lat' dir='ltr'><strong>PARS</strong></span> <span class='ocrx_word' id='word_1_6' title='bbox 2478 370 2563 426; x_wconf 89' lang='lat' dir='ltr'><strong>lll.</strong></span> <span class='ocrx_word' id='word_1_7' title='bbox 2604 403 2674 415; x_wconf 92' lang='lat'><strong><em>—</em></strong></span> <span class='ocrx_word' id='word_1_8' title='bbox 2710 374 3123 433; x_wconf 78' lang='lat' dir='ltr'><strong>EXEGETICA.</strong></span> 
     </span>
    </p>
   </div>
   <div class='ocr_carea' id='block_1_3' title="bbox 3851 380 3953 436">
    <p class='ocr_par' dir='ltr' id='par_1_3' title="bbox 3851 380 3953 436">
     <span class='ocr_line' id='line_1_3' title="bbox 3851 380 3953 436; baseline 0 0"><span class='ocrx_word' id='word_1_9' title='bbox 3851 380 3953 436; x_wconf 76' lang='grc'><strong>188</strong></span> 
     </span>
    </p>
   </div>
   <div class='ocr_carea' id='block_1_4' title="bbox 726 478 2306 560">
    <p class='ocr_par' dir='ltr' id='par_1_4' title="bbox 726 478 2285 551">
     <span class='ocr_line' id='line_1_4' title="bbox 726 478 2285 551; baseline -0.001 -16"><span class='ocrx_word' id='word_1_10' title='bbox 726 492 829 543; x_wconf 88' lang='lat' dir='ltr'><strong>tes,</strong></span> <span class='ocrx_word' id='word_1_11' title='bbox 864 495 946 534; x_wconf 90' lang='lat' dir='ltr'><strong>me</strong></span> <span class='ocrx_word' id='word_1_12' title='bbox 970 478 1452 549; x_wconf 74' lang='lat' dir='ltr'><strong>persequebantur,</strong></span> <span class='ocrx_word' id='word_1_13' title='bbox 1483 495 1540 533; x_wconf 87' lang='lat' dir='ltr'><strong>se</strong></span> <span class='ocrx_word' id='word_1_14' title='bbox 1575 482 1697 549; x_wconf 86' lang='lat' dir='ltr'><strong>jure</strong></span> <span class='ocrx_word' id='word_1_15' title='bbox 1728 496 1791 535; x_wconf 86' lang='lat' dir='ltr'><strong>ac</strong></span> <span class='ocrx_word' id='word_1_16' title='bbox 1820 491 2010 536; x_wconf 78' lang='lat' dir='ltr'><strong>merito</strong></span> <span class='ocrx_word' id='word_1_17' title='bbox 2040 482 2088 535; x_wconf 89' lang='lat' dir='ltr'><strong>id</strong></span> <span class='ocrx_word' id='word_1_18' title='bbox 2127 498 2285 551; x_wconf 75' lang='lat' dir='ltr'><strong>agere</strong></span> 
     </span>
    </p>
   </div>
   <div class='ocr_carea' id='block_1_5' title="bbox 2385 478 3956 560">
    <p class='ocr_par' dir='ltr' id='par_1_5' title="bbox 2388 483 3956 560">
     <span class='ocr_line' id='line_1_5' title="bbox 2388 483 3956 560; baseline 0.008 -25"><span class='ocrx_word' id='word_1_19' title='bbox 2388 483 2675 554; x_wconf 67' lang='grc' dir='ltr'><strong>κατ’ἐμοῦ</strong></span> <span class='ocrx_word' id='word_1_20' title='bbox 2710 487 2968 557; x_wconf 79' lang='grc' dir='ltr'><strong>πολέμου,</strong></span> <span class='ocrx_word' id='word_1_21' title='bbox 3011 488 3334 543; x_wconf 83' lang='grc' dir='ltr'><strong>κατεδίωκόν</strong></span> <span class='ocrx_word' id='word_1_22' title='bbox 3367 506 3455 559; x_wconf 89' lang='grc' dir='ltr'><strong>με,</strong></span> <span class='ocrx_word' id='word_1_23' title='bbox 3496 490 3677 544; x_wconf 80' lang='grc' dir='ltr'><strong>δίκαια</strong></span> <span class='ocrx_word' id='word_1_24' title='bbox 3708 492 3956 560; x_wconf 73' lang='grc' dir='ltr'><strong>λέγοντες</strong></span> 
     </span>
    </p>
   </div>
   <div class='ocr_carea' id='block_1_6' title="bbox 720 572 2285 642">
    <p class='ocr_par' dir='ltr' id='par_1_6' title="bbox 720 572 2285 642">
     <span class='ocr_line' id='line_1_6' title="bbox 720 572 2285 642; baseline 0.003 -17"><span class='ocrx_word' id='word_1_25' title='bbox 720 573 1050 642; x_wconf 69' lang='lat' dir='ltr'><strong>iactitantes.</strong></span> <span class='ocrx_word' id='word_1_26' title='bbox 1092 572 1322 641; x_wconf 88' lang='lat' dir='ltr'><strong>Ideoque</strong></span> <span class='ocrx_word' id='word_1_27' title='bbox 1354 573 1528 627; x_wconf 80' lang='lat' dir='ltr'><strong>lactus</strong></span> <span class='ocrx_word' id='word_1_28' title='bbox 1555 573 1696 642; x_wconf 87' lang='lat' dir='ltr'><strong>apud</strong></span> <span class='ocrx_word' id='word_1_29' title='bbox 1744 573 1864 627; x_wconf 87' lang='lat' dir='ltr'><strong>illos</strong></span> <span class='ocrx_word' id='word_1_30' title='bbox 1898 589 1993 627; x_wconf 92' lang='lat' dir='ltr'><strong>ceu</strong></span> <span class='ocrx_word' id='word_1_31' title='bbox 2038 584 2285 629; x_wconf 88' lang='lat' dir='ltr'><strong>mortuus</strong></span> 
     </span>
    </p>
   </div>
   <div class='ocr_carea' id='block_1_7' title="bbox 723 665 2284 735">
    <p class='ocr_par' dir='ltr' id='par_1_7' title="bbox 723 665 2284 735">
     <span class='ocr_line' id='line_1_7' title="bbox 723 665 2284 735; baseline -0.001 -17"><span class='ocrx_word' id='word_1_32' title='bbox 723 666 1103 720; x_wconf 83' lang='lat' dir='ltr'><strong>abnminabilis</strong></span> <span class='ocrx_word' id='word_1_33' title='bbox 1150 684 1163 720; x_wconf 89' lang='lat'><strong>:</strong></span> <span class='ocrx_word' id='word_1_34' title='bbox 1204 674 1534 735; x_wconf 81' lang='lat' dir='ltr'><strong>quapropter</strong></span> <span class='ocrx_word' id='word_1_35' title='bbox 1579 665 1807 719; x_wconf 91' lang='lat' dir='ltr'><strong>obsecro</strong></span> <span class='ocrx_word' id='word_1_36' title='bbox 1857 674 1907 719; x_wconf 91' lang='lat' dir='ltr'><strong>te</strong></span> <span class='ocrx_word' id='word_1_37' title='bbox 1956 665 2242 719; x_wconf 86' lang='lat' dir='ltr'><strong>Dominum</strong></span> <span class='ocrx_word' id='word_1_38' title='bbox 2270 705 2284 728; x_wconf 93' lang='lat'><strong>,</strong></span> 
     </span>
    </p>
   </div>
   <div class='ocr_carea' id='block_1_8' title="bbox 721 759 2283 829">
    <p class='ocr_par' dir='ltr' id='par_1_8' title="bbox 721 759 2283 829">
     <span class='ocr_line' id='line_1_8' title="bbox 721 759 2283 829; baseline 0.001 -19"><span class='ocrx_word' id='word_1_39' title='bbox 721 776 788 811; x_wconf 85' lang='lat' dir='ltr'><strong>ne</strong></span> <span class='ocrx_word' id='word_1_40' title='bbox 826 759 1075 812; x_wconf 84' lang='lat' dir='ltr'><strong>discedas</strong></span> <span class='ocrx_word' id='word_1_41' title='bbox 1116 774 1145 811; x_wconf 94' lang='lat' dir='ltr'><strong>a</strong></span> <span class='ocrx_word' id='word_1_42' title='bbox 1194 775 1314 823; x_wconf 86' lang='lat' dir='ltr'><strong>me;</strong></span> <span class='ocrx_word' id='word_1_43' title='bbox 1355 759 1449 813; x_wconf 91' lang='lat' dir='ltr'><strong>sed</strong></span> <span class='ocrx_word' id='word_1_44' title='bbox 1500 774 1755 829; x_wconf 87' lang='lat' dir='ltr'><strong>pr0peres</strong></span> <span class='ocrx_word' id='word_1_45' title='bbox 1800 760 1978 829; x_wconf 90' lang='lat' dir='ltr'><strong>potius</strong></span> <span class='ocrx_word' id='word_1_46' title='bbox 2017 759 2081 812; x_wconf 90' lang='lat' dir='ltr'><strong>ad</strong></span> <span class='ocrx_word' id='word_1_47' title='bbox 2129 759 2283 811; x_wconf 80' lang='lat' dir='ltr'><strong>auxi-</strong></span> 
     </span>
    </p>
   </div>
   <div class='ocr_carea' id='block_1_9' title="bbox 723 850 1373 907">
    <p class='ocr_par' dir='ltr' id='par_1_9' title="bbox 723 850 1373 907">
     <span class='ocr_line' id='line_1_9' title="bbox 723 850 1373 907; baseline 0 -3"><span class='ocrx_word' id='word_1_48' title='bbox 723 853 854 905; x_wconf 91' lang='lat' dir='ltr'><strong>lium</strong></span> <span class='ocrx_word' id='word_1_49' title='bbox 886 853 1041 907; x_wconf 91' lang='lat' dir='ltr'><strong>nobis</strong></span> <span class='ocrx_word' id='word_1_50' title='bbox 1071 850 1373 906; x_wconf 80' lang='lat' dir='ltr'><strong>ferendum.</strong></span> 
     </span>
    </p>
   </div>
   <div class='ocr_carea' id='block_1_10' title="bbox 2386 577 3957 655">
    <p class='ocr_par' dir='ltr' id='par_1_10' title="bbox 2386 577 3957 655">
     <span class='ocr_line' id='line_1_10' title="bbox 2386 577 3957 655; baseline 0.006 -28"><span class='ocrx_word' id='word_1_51' title='bbox 2386 579 2575 629; x_wconf 83' lang='grc' dir='ltr'><strong>ποιεῖν.</strong></span> <span class='ocrx_word' id='word_1_52' title='bbox 2596 577 2892 648; x_wconf 77' lang='grc' dir='ltr'><strong>Τοιγαροῦν</strong></span> <span class='ocrx_word' id='word_1_53' title='bbox 2912 581 3005 633; x_wconf 78' lang='grc' dir='ltr'><strong>καὶ</strong></span> <span class='ocrx_word' id='word_1_54' title='bbox 3023 582 3316 651; x_wconf 77' lang='grc' dir='ltr'><strong>γεγένημαι</strong></span> <span class='ocrx_word' id='word_1_55' title='bbox 3338 584 3466 652; x_wconf 81' lang='grc' dir='ltr'><strong>παρ’</strong></span> <span class='ocrx_word' id='word_1_56' title='bbox 3483 583 3660 645; x_wconf 78' lang='grc' dir='ltr'><strong>αὐτοῖς</strong></span> <span class='ocrx_word' id='word_1_57' title='bbox 3676 584 3751 646; x_wconf 85' lang='grc' dir='ltr'><strong>ὡς</strong></span> <span class='ocrx_word' id='word_1_58' title='bbox 3767 585 3957 655; x_wconf 67' lang='grc' dir='ltr'><strong>νεκρὸς</strong></span> 
     </span>
    </p>
   </div>
   <div class='ocr_carea' id='block_1_11' title="bbox 2384 668 3954 746">
    <p class='ocr_par' dir='ltr' id='par_1_11' title="bbox 2384 668 3954 746">
     <span class='ocr_line' id='line_1_11' title="bbox 2384 668 3954 746; baseline 0.003 -25"><span class='ocrx_word' id='word_1_59' title='bbox 2384 668 2799 741; x_wconf 73' lang='grc' dir='ltr'><strong>ὲὸδελνγμὲνος·</strong></span> <span class='ocrx_word' id='word_1_60' title='bbox 2836 672 2914 724; x_wconf 77' lang='grc' dir='ltr'><strong>διὸ</strong></span> <span class='ocrx_word' id='word_1_61' title='bbox 2936 673 2999 743; x_wconf 80' lang='grc' dir='ltr'><strong>δὴ</strong></span> <span class='ocrx_word' id='word_1_62' title='bbox 3042 674 3135 726; x_wconf 75' lang='grc' dir='ltr'><strong>καὶ</strong></span> <span class='ocrx_word' id='word_1_63' title='bbox 3164 674 3374 743; x_wconf 82' lang='grc' dir='ltr'><strong>δέομαι,</strong></span> <span class='ocrx_word' id='word_1_64' title='bbox 3415 676 3474 727; x_wconf 83' lang='grc' dir='ltr'><strong>σὲ</strong></span> <span class='ocrx_word' id='word_1_65' title='bbox 3510 676 3599 727; x_wconf 80' lang='grc' dir='ltr'><strong>τὸν</strong></span> <span class='ocrx_word' id='word_1_66' title='bbox 3633 676 3838 746; x_wconf 78' lang='grc' dir='ltr'><strong>Κύριον</strong></span> <span class='ocrx_word' id='word_1_67' title='bbox 3884 678 3954 745; x_wconf 75' lang='grc' dir='ltr'><strong>μὴ</strong></span> 
     </span>
    </p>
   </div>
   <div class='ocr_carea' id='block_1_12' title="bbox 2386 762 3957 837">
    <p class='ocr_par' dir='ltr' id='par_1_12' title="bbox 2386 762 3957 837">
     <span class='ocr_line' id='line_1_12' title="bbox 2386 762 3957 837; baseline 0.004 -24"><span class='ocrx_word' id='word_1_68' title='bbox 2386 762 2685 831; x_wconf 77' lang='grc' dir='ltr'><strong>ἀποστῆναι</strong></span> <span class='ocrx_word' id='word_1_69' title='bbox 2709 764 2802 815; x_wconf 84' lang='grc' dir='ltr'><strong>ἀπ’</strong></span> <span class='ocrx_word' id='word_1_70' title='bbox 2833 764 2964 834; x_wconf 81' lang='grc' dir='ltr'><strong>ἐμοῦ</strong></span> <span class='ocrx_word' id='word_1_71' title='bbox 2984 782 2996 794; x_wconf 94' lang='grc'>·</span> <span class='ocrx_word' id='word_1_72' title='bbox 3026 766 3253 819; x_wconf 76' lang='grc' dir='ltr'><strong>σπεῦσαι</strong></span> <span class='ocrx_word' id='word_1_73' title='bbox 3284 766 3338 819; x_wconf 75' lang='grc' dir='ltr'><strong>δὲ</strong></span> <span class='ocrx_word' id='word_1_74' title='bbox 3377 766 3571 837; x_wconf 75' lang='grc' dir='ltr'><strong>μᾶλλον</strong></span> <span class='ocrx_word' id='word_1_75' title='bbox 3599 770 3675 830; x_wconf 79' lang='grc' dir='ltr'><strong>εἰς</strong></span> <span class='ocrx_word' id='word_1_76' title='bbox 3708 767 3808 837; x_wconf 77' lang='grc' dir='ltr'><strong>τὴν</strong></span> <span class='ocrx_word' id='word_1_77' title='bbox 3841 766 3957 837; x_wconf 73' lang='grc' dir='ltr'><strong>βοή-</strong></span> 
     </span>
    </p>
   </div>
   <div class='ocr_carea' id='block_1_13' title="bbox 2386 850 2989 925">
    <p class='ocr_par' dir='ltr' id='par_1_13' title="bbox 2386 850 2989 925">
     <span class='ocr_line' id='line_1_13' title="bbox 2386 850 2989 925; baseline 0.007 -22"><span class='ocrx_word' id='word_1_78' title='bbox 2386 850 2533 903; x_wconf 90' lang='grc' dir='ltr'><strong>θειαν</strong></span> <span class='ocrx_word' id='word_1_79' title='bbox 2566 850 2663 921; x_wconf 81' lang='grc' dir='ltr'><strong>τὴν</strong></span> <span class='ocrx_word' id='word_1_80' title='bbox 2696 854 2989 925; x_wconf 81' lang='grc' dir='ltr'><strong>ἡμετέραν.</strong></span> 
     </span>
    </p>
   </div>
   <div class='ocr_carea' id='block_1_14' title="bbox 789 942 3957 1016">
    <p class='ocr_par' dir='ltr' id='par_1_14' title="bbox 789 942 3957 1016">
     <span class='ocr_line' id='line_1_14' title="bbox 789 942 3957 1016; baseline 0.001 -19"><span class='ocrx_word' id='word_1_81' title='bbox 789 944 879 999; x_wconf 73' lang='lat' dir='ltr'><strong>2i.</strong></span> <span class='ocrx_word' id='word_1_82' title='bbox 911 942 993 997; x_wconf 82' lang='lat' dir='ltr'><strong>Ne</strong></span> <span class='ocrx_word' id='word_1_83' title='bbox 1023 945 1352 1014; x_wconf 79' lang='lat' dir='ltr'><strong>derelinquas</strong></span> <span class='ocrx_word' id='word_1_84' title='bbox 1379 961 1486 1007; x_wconf 89' lang='lat' dir='ltr'><strong>me,</strong></span> <span class='ocrx_word' id='word_1_85' title='bbox 1527 943 1748 996; x_wconf 90' lang='lat' dir='ltr'><strong>Domine</strong></span> <span class='ocrx_word' id='word_1_86' title='bbox 1801 942 1941 996; x_wconf 87' lang='lat' dir='ltr'><strong>Deus</strong></span> <span class='ocrx_word' id='word_1_87' title='bbox 2001 959 2181 1007; x_wconf 87' lang='lat' dir='ltr'><strong>meus,</strong></span> <span class='ocrx_word' id='word_1_88' title='bbox 2222 951 2327 996; x_wconf 85' lang='lat' dir='ltr'><strong>ctc.</strong></span> <span class='ocrx_word' id='word_1_89' title='bbox 2367 942 2554 996; x_wconf 77' lang='lat' dir='ltr'><strong>Daniel</strong></span> <span class='ocrx_word' id='word_1_90' title='bbox 2594 943 2863 998; x_wconf 84' lang='lat' dir='ltr'><strong>Barbarus</strong></span> <span class='ocrx_word' id='word_1_91' title='bbox 2898 962 2915 999; x_wconf 89' lang='lat'><strong><em>:</em></strong></span> <span class='ocrx_word' id='word_1_92' title='bbox 2963 944 3197 1000; x_wconf 86' lang='lat' dir='ltr'><strong>Possunt</strong></span> <span class='ocrx_word' id='word_1_93' title='bbox 3260 946 3507 1002; x_wconf 80' lang='lat' dir='ltr'><strong>homines</strong></span> <span class='ocrx_word' id='word_1_94' title='bbox 3554 963 3692 1016; x_wconf 87' lang='lat' dir='ltr'><strong>quos</strong></span> <span class='ocrx_word' id='word_1_95' title='bbox 3747 958 3957 1001; x_wconf 70' lang='lat' dir='ltr'><strong>natura:</strong></span> 
     </span>
    </p>
   </div>
   <div class='ocr_carea' id='block_1_15' title="bbox 722 1035 3953 1108">
    <p class='ocr_par' dir='ltr' id='par_1_15' title="bbox 722 1035 3953 1108">
     <span class='ocr_line' id='line_1_15' title="bbox 722 1035 3953 1108; baseline 0.001 -19"><span class='ocrx_word' id='word_1_96' title='bbox 722 1036 901 1105; x_wconf 74' lang='lat' dir='ltr'><strong>inopia</strong></span> <span class='ocrx_word' id='word_1_97' title='bbox 946 1036 1012 1090; x_wconf 90' lang='lat' dir='ltr'><strong>ad</strong></span> <span class='ocrx_word' id='word_1_98' title='bbox 1060 1035 1224 1091; x_wconf 81' lang='lat' dir='ltr'><strong>Deum</strong></span> <span class='ocrx_word' id='word_1_99' title='bbox 1275 1037 1592 1104; x_wconf 87' lang='lat' dir='ltr'><strong>placandum</strong></span> <span class='ocrx_word' id='word_1_100' title='bbox 1655 1036 1915 1105; x_wconf 67' lang='lat' dir='ltr'><strong>impellit;</strong></span> <span class='ocrx_word' id='word_1_101' title='bbox 1968 1038 2082 1092; x_wconf 65' lang='lat' dir='ltr'><strong>hac</strong></span> <span class='ocrx_word' id='word_1_102' title='bbox 2123 1053 2218 1105; x_wconf 91' lang='lat' dir='ltr'><strong>pro</strong></span> <span class='ocrx_word' id='word_1_103' title='bbox 2265 1039 2457 1108; x_wconf 85' lang='lat' dir='ltr'><strong>seipsis</strong></span> <span class='ocrx_word' id='word_1_104' title='bbox 2497 1054 2695 1094; x_wconf 90' lang='lat' dir='ltr'><strong>orare:</strong></span> <span class='ocrx_word' id='word_1_105' title='bbox 2732 1039 2823 1093; x_wconf 91' lang='lat' dir='ltr'><strong>sed</strong></span> <span class='ocrx_word' id='word_1_106' title='bbox 2892 1038 3144 1093; x_wconf 89' lang='lat' dir='ltr'><strong>Christus</strong></span> <span class='ocrx_word' id='word_1_107' title='bbox 3183 1039 3227 1093; x_wconf 91' lang='lat' dir='ltr'><strong>si</strong></span> <span class='ocrx_word' id='word_1_108' title='bbox 3289 1055 3472 1094; x_wconf 84' lang='lat' dir='ltr'><strong>secum</strong></span> <span class='ocrx_word' id='word_1_109' title='bbox 3512 1038 3725 1094; x_wconf 82' lang='lat' dir='ltr'><strong>Patrem</strong></span> <span class='ocrx_word' id='word_1_110' title='bbox 3759 1041 3953 1105; x_wconf 81' lang='lat' dir='ltr'><strong>habet,</strong></span> 
     </span>
    </p>
   </div>
   <div class='ocr_carea' id='block_1_16' title="bbox 720 1130 3950 1201">
    <p class='ocr_par' dir='ltr' id='par_1_16' title="bbox 720 1130 3950 1201">
     <span class='ocr_line' id='line_1_16' title="bbox 720 1130 3950 1201; baseline 0.001 -18"><span class='ocrx_word' id='word_1_111' title='bbox 720 1131 945 1184; x_wconf 83' lang='lat' dir='ltr'><strong>salutem</strong></span> <span class='ocrx_word' id='word_1_112' title='bbox 984 1131 1264 1185; x_wconf 82' lang='lat' dir='ltr'><strong>hominum</strong></span> <span class='ocrx_word' id='word_1_113' title='bbox 1302 1138 1561 1197; x_wconf 81' lang='lat' dir='ltr'><strong>tanquam</strong></span> <span class='ocrx_word' id='word_1_114' title='bbox 1592 1130 1865 1198; x_wconf 78' lang='lat' dir='ltr'><strong>proprium</strong></span> <span class='ocrx_word' id='word_1_115' title='bbox 1900 1130 2065 1197; x_wconf 83' lang='lat' dir='ltr'><strong>petit,</strong></span> <span class='ocrx_word' id='word_1_116' title='bbox 2100 1130 2191 1199; x_wconf 89' lang='lat' dir='ltr'><strong>qui</strong></span> <span class='ocrx_word' id='word_1_117' title='bbox 2250 1139 2303 1185; x_wconf 90' lang='lat' dir='ltr'><strong>et</strong></span> <span class='ocrx_word' id='word_1_118' title='bbox 2362 1134 2473 1197; x_wconf 91' lang='lat' dir='ltr'><strong>ipse</strong></span> <span class='ocrx_word' id='word_1_119' title='bbox 2507 1146 2724 1201; x_wconf 88' lang='lat' dir='ltr'><strong>quoque</strong></span> <span class='ocrx_word' id='word_1_120' title='bbox 2767 1132 3080 1201; x_wconf 88' lang='lat' dir='ltr'><strong>petitionem</strong></span> <span class='ocrx_word' id='word_1_121' title='bbox 3149 1132 3289 1186; x_wconf 88' lang='lat' dir='ltr'><strong>hanc</strong></span> <span class='ocrx_word' id='word_1_122' title='bbox 3340 1131 3635 1186; x_wconf 86' lang='lat' dir='ltr'><strong>secundum</strong></span> <span class='ocrx_word' id='word_1_123' title='bbox 3678 1132 3950 1187; x_wconf 71' lang='lat' dir='ltr'><strong>divinitati</strong></span> 
     </span>
    </p>
   </div>
   <div class='ocr_carea' id='block_1_17' title="bbox 718 1222 3955 1293">
    <p class='ocr_par' dir='ltr' id='par_1_17' title="bbox 718 1222 3955 1293">
     <span class='ocr_line' id='line_1_17' title="bbox 718 1222 3955 1293; baseline 0 -14"><span class='ocrx_word' id='word_1_124' title='bbox 718 1225 1065 1293; x_wconf 85' lang='lat' dir='ltr'><strong>conjunctam</strong></span> <span class='ocrx_word' id='word_1_125' title='bbox 1130 1224 1520 1276; x_wconf 78' lang='lat' dir='ltr'><strong>humanitatem</strong></span> <span class='ocrx_word' id='word_1_126' title='bbox 1564 1232 1818 1291; x_wconf 87' lang='lat' dir='ltr'><strong>tanquam</strong></span> <span class='ocrx_word' id='word_1_127' title='bbox 1865 1238 2019 1275; x_wconf 90' lang='lat' dir='ltr'><strong>suam</strong></span> <span class='ocrx_word' id='word_1_128' title='bbox 2069 1224 2170 1277; x_wconf 87' lang='lat' dir='ltr'><strong>sibi</strong></span> <span class='ocrx_word' id='word_1_129' title='bbox 2228 1225 2435 1278; x_wconf 87' lang='lat' dir='ltr'><strong>tribuit.</strong></span> <span class='ocrx_word' id='word_1_130' title='bbox 2486 1222 2599 1279; x_wconf 85' lang='lat' dir='ltr'><strong>Hoc</strong></span> <span class='ocrx_word' id='word_1_131' title='bbox 2635 1238 2763 1277; x_wconf 78' lang='lat' dir='ltr'><strong>vero</strong></span> <span class='ocrx_word' id='word_1_132' title='bbox 2802 1222 2904 1277; x_wconf 78' lang='lat' dir='ltr'><strong>fuit</strong></span> <span class='ocrx_word' id='word_1_133' title='bbox 2940 1223 2990 1277; x_wconf 91' lang='lat' dir='ltr'><strong>id</strong></span> <span class='ocrx_word' id='word_1_134' title='bbox 3034 1224 3177 1293; x_wconf 88' lang='lat' dir='ltr'><strong>quod</strong></span> <span class='ocrx_word' id='word_1_135' title='bbox 3238 1223 3385 1277; x_wconf 90' lang='lat' dir='ltr'><strong>carni</strong></span> <span class='ocrx_word' id='word_1_136' title='bbox 3449 1238 3794 1293; x_wconf 88' lang='lat' dir='ltr'><strong>compactum</strong></span> <span class='ocrx_word' id='word_1_137' title='bbox 3822 1266 3838 1290; x_wconf 93' lang='lat'><strong>,</strong></span> <span class='ocrx_word' id='word_1_138' title='bbox 3901 1238 3955 1280; x_wconf 86' lang='lat' dir='ltr'><strong>et</strong></span> 
     </span>
    </p>
   </div>
   <div class='ocr_carea' id='block_1_18' title="bbox 716 1311 3951 1383">
    <p class='ocr_par' dir='ltr' id='par_1_18' title="bbox 716 1311 3951 1383">
     <span class='ocr_line' id='line_1_18' title="bbox 716 1311 3951 1383; baseline -0 -13"><span class='ocrx_word' id='word_1_139' title='bbox 716 1316 999 1372; x_wconf 75' lang='lat' dir='ltr'><strong>atlectibus</strong></span> <span class='ocrx_word' id='word_1_140' title='bbox 1025 1314 1321 1368; x_wconf 78' lang='lat' dir='ltr'><strong>obnoxium</strong></span> <span class='ocrx_word' id='word_1_141' title='bbox 1355 1313 1455 1367; x_wconf 81' lang='lat' dir='ltr'><strong>fuit</strong></span> <span class='ocrx_word' id='word_1_142' title='bbox 1476 1354 1491 1377; x_wconf 88' lang='lat'><strong>,</strong></span> <span class='ocrx_word' id='word_1_143' title='bbox 1525 1329 1647 1367; x_wconf 89' lang='lat' dir='ltr'><strong>cum</strong></span> <span class='ocrx_word' id='word_1_144' title='bbox 1688 1312 1891 1382; x_wconf 90' lang='lat' dir='ltr'><strong>alioqui</strong></span> <span class='ocrx_word' id='word_1_145' title='bbox 1935 1313 2275 1367; x_wconf 87' lang='lat' dir='ltr'><strong>divinitatem</strong></span> <span class='ocrx_word' id='word_1_146' title='bbox 2336 1329 2522 1369; x_wconf 81' lang='lat' dir='ltr'><strong>secum</strong></span> <span class='ocrx_word' id='word_1_147' title='bbox 2576 1314 2803 1367; x_wconf 88' lang='lat' dir='ltr'><strong>haberet</strong></span> <span class='ocrx_word' id='word_1_148' title='bbox 2836 1328 2957 1383; x_wconf 69' lang='lat' dir='ltr'><strong>qua:</strong></span> <span class='ocrx_word' id='word_1_149' title='bbox 3006 1312 3321 1382; x_wconf 84' lang='lat' dir='ltr'><strong>petitionem</strong></span> <span class='ocrx_word' id='word_1_150' title='bbox 3348 1311 3493 1367; x_wconf 89' lang='lat' dir='ltr'><strong>illius</strong></span> <span class='ocrx_word' id='word_1_151' title='bbox 3522 1322 3698 1368; x_wconf 89' lang='lat' dir='ltr'><strong>ratam</strong></span> <span class='ocrx_word' id='word_1_152' title='bbox 3730 1314 3951 1373; x_wconf 81' lang='lat' dir='ltr'><strong>faceret.</strong></span> 
     </span>
    </p>
   </div>
   <div class='ocr_carea' id='block_1_19' title="bbox 719 1422 2283 1493">
    <p class='ocr_par' dir='ltr' id='par_1_19' title="bbox 719 1422 2283 1493">
     <span class='ocr_line' id='line_1_19' title="bbox 719 1422 2283 1493; baseline -0.006 -7"><span class='ocrx_word' id='word_1_153' title='bbox 719 1434 767 1486; x_wconf 76' lang='grc'><strong>1.</strong></span> <span class='ocrx_word' id='word_1_154' title='bbox 812 1425 1146 1485; x_wconf 75' lang='lat' dir='ltr'><strong>I’SALIIUS</strong></span> <span class='ocrx_word' id='word_1_155' title='bbox 1189 1424 1522 1480; x_wconf 74' lang='lat' dir='ltr'><em>XXXVIII.</em></span> <span class='ocrx_word' id='word_1_156' title='bbox 1588 1423 1653 1477; x_wconf 84' lang='lat' dir='ltr'><strong>In</strong></span> <span class='ocrx_word' id='word_1_157' title='bbox 1693 1426 1869 1493; x_wconf 77' lang='lat' dir='ltr'><strong>ﬁnem.</strong></span> <span class='ocrx_word' id='word_1_158' title='bbox 1913 1425 2013 1493; x_wconf 86' lang='lat' dir='ltr'><strong>ipsi</strong></span> <span class='ocrx_word' id='word_1_159' title='bbox 2047 1422 2283 1480; x_wconf 86' lang='lat' dir='ltr'><strong>Idithum</strong></span> 
     </span>
    </p>
   </div>
   <div class='ocr_carea' id='block_1_20' title="bbox 1240 1516 1757 1573">
    <p class='ocr_par' dir='ltr' id='par_1_20' title="bbox 1240 1516 1757 1573">
     <span class='ocr_line' id='line_1_20' title="bbox 1240 1516 1757 1573; baseline -0.01 0"><span class='ocrx_word' id='word_1_160' title='bbox 1240 1517 1515 1573; x_wconf 81' lang='lat' dir='ltr'><strong>Canticum</strong></span> <span class='ocrx_word' id='word_1_161' title='bbox 1565 1516 1757 1570; x_wconf 84' lang='lat' dir='ltr'><strong>David.</strong></span> 
     </span>
    </p>
   </div>
   <div class='ocr_carea' id='block_1_21' title="bbox 1302 1610 1705 1675">
    <p class='ocr_par' dir='ltr' id='par_1_21' title="bbox 1302 1610 1705 1675">
     <span class='ocr_line' id='line_1_21' title="bbox 1302 1610 1705 1675; baseline 0.002 -15"><span class='ocrx_word' id='word_1_162' title='bbox 1302 1610 1705 1675; x_wconf 78' lang='lat' dir='ltr'><strong>Argumentum.</strong></span> 
     </span>
    </p>
   </div>
   <div class='ocr_carea' id='block_1_22' title="bbox 720 1697 2287 1767">
    <p class='ocr_par' dir='ltr' id='par_1_22' title="bbox 720 1697 2287 1767">
     <span class='ocr_line' id='line_1_22' title="bbox 720 1697 2287 1767; baseline -0.004 -9"><span class='ocrx_word' id='word_1_163' title='bbox 720 1706 885 1758; x_wconf 87' lang='lat' dir='ltr'><strong>Sacer</strong></span> <span class='ocrx_word' id='word_1_164' title='bbox 903 1712 1093 1758; x_wconf 86' lang='lat' dir='ltr'><strong>cantor</strong></span> <span class='ocrx_word' id='word_1_165' title='bbox 1121 1717 1244 1755; x_wconf 92' lang='lat' dir='ltr'><strong>cum</strong></span> <span class='ocrx_word' id='word_1_166' title='bbox 1275 1708 1419 1754; x_wconf 87' lang='lat' dir='ltr'><strong>esset</strong></span> <span class='ocrx_word' id='word_1_167' title='bbox 1452 1697 1686 1751; x_wconf 87' lang='lat' dir='ltr'><strong>ldithum</strong></span> <span class='ocrx_word' id='word_1_168' title='bbox 1716 1706 1770 1751; x_wconf 91' lang='lat' dir='ltr'><strong>et</strong></span> <span class='ocrx_word' id='word_1_169' title='bbox 1792 1698 2105 1767; x_wconf 90' lang='lat' dir='ltr'><strong>prophetica</strong></span> <span class='ocrx_word' id='word_1_170' title='bbox 2131 1712 2287 1752; x_wconf 88' lang='lat' dir='ltr'><strong>coro-</strong></span> 
     </span>
    </p>
   </div>
   <div class='ocr_carea' id='block_1_23' title="bbox 2482 1424 3901 1500">
    <p class='ocr_par' dir='ltr' id='par_1_23' title="bbox 2482 1424 3901 1500">
     <span class='ocr_line' id='line_1_23' title="bbox 2482 1424 3901 1500; baseline 0.001 -20"><span class='ocrx_word' id='word_1_171' title='bbox 2482 1424 2793 1481; x_wconf 74' lang='grc' dir='ltr'><strong>ΨΑΑΜοΣ</strong></span> <span class='ocrx_word' id='word_1_172' title='bbox 2830 1424 2960 1480; x_wconf 82' lang='lat' dir='ltr'><strong>AH&#39;.</strong></span> <span class='ocrx_word' id='word_1_173' title='bbox 3014 1427 3116 1491; x_wconf 78' lang='grc' dir='ltr'><strong>εις</strong></span> <span class='ocrx_word' id='word_1_174' title='bbox 3152 1425 3218 1479; x_wconf 86' lang='grc' dir='ltr'><strong>τὸ</strong></span> <span class='ocrx_word' id='word_1_175' title='bbox 3263 1426 3455 1493; x_wconf 76' lang='grc' dir='ltr'><strong>τέλος,</strong></span> <span class='ocrx_word' id='word_1_176' title='bbox 3496 1427 3739 1499; x_wconf 80' lang='grc' dir='ltr'><strong>Ὶδιθοὺμ</strong></span> <span class='ocrx_word' id='word_1_177' title='bbox 3777 1430 3901 1500; x_wconf 78' lang='grc' dir='ltr'><strong>ᾠδὴ</strong></span> 
     </span>
    </p>
   </div>
   <div class='ocr_carea' id='block_1_24' title="bbox 3016 1516 3321 1583">
    <p class='ocr_par' dir='ltr' id='par_1_24' title="bbox 3016 1516 3321 1583">
     <span class='ocr_line' id='line_1_24' title="bbox 3016 1516 3321 1583; baseline 0.007 -12"><span class='ocrx_word' id='word_1_178' title='bbox 3016 1516 3091 1583; x_wconf 82' lang='grc' dir='ltr'><em>τῷ</em></span> <span class='ocrx_word' id='word_1_179' title='bbox 3124 1518 3321 1573; x_wconf 80' lang='grc' dir='ltr'><strong>Δαυτὸ.</strong></span> 
     </span>
    </p>
   </div>
   <div class='ocr_carea' id='block_1_25' title="bbox 3018 1610 3335 1677">
    <p class='ocr_par' dir='ltr' id='par_1_25' title="bbox 3018 1610 3335 1677">
     <span class='ocr_line' id='line_1_25' title="bbox 3018 1610 3335 1677; baseline 0.009 -16"><span class='ocrx_word' id='word_1_180' title='bbox 3018 1610 3335 1677; x_wconf 77' lang='grc' dir='ltr'><strong>Ὑπόθεσις.</strong></span> 
     </span>
    </p>
   </div>
   <div class='ocr_carea' id='block_1_26' title="bbox 2397 1698 3956 1774">
    <p class='ocr_par' dir='ltr' id='par_1_26' title="bbox 2397 1698 3956 1774">
     <span class='ocr_line' id='line_1_26' title="bbox 2397 1698 3956 1774; baseline 0.003 -22"><span class='ocrx_word' id='word_1_181' title='bbox 2397 1698 2739 1771; x_wconf 73' lang='grc' dir='ltr'><strong>Ἱεροψάλτης</strong></span> <span class='ocrx_word' id='word_1_182' title='bbox 2767 1698 3027 1771; x_wconf 80' lang='grc' dir='ltr'>ὑπάρχων</span> <span class='ocrx_word' id='word_1_183' title='bbox 3072 1700 3322 1771; x_wconf 83' lang='grc' dir='ltr'><strong>Ἰδιθοὺμ,</strong></span> <span class='ocrx_word' id='word_1_184' title='bbox 3361 1702 3453 1754; x_wconf 79' lang='grc' dir='ltr'><strong>καὶ</strong></span> <span class='ocrx_word' id='word_1_185' title='bbox 3493 1706 3807 1774; x_wconf 70' lang='grc' dir='ltr'><strong>προφητιλῇ</strong></span> <span class='ocrx_word' id='word_1_186' title='bbox 3855 1706 3956 1773; x_wconf 83' lang='grc' dir='ltr'><strong>χά-</strong></span> 
     </span>
    </p>
   </div>
   <div class='ocr_carea' id='block_1_27' title="bbox 788 1788 2306 1885">
    <p class='ocr_par' dir='ltr' id='par_1_27' title="bbox 788 1788 2285 1861">
     <span class='ocr_line' id='line_1_27' title="bbox 788 1788 2285 1861; baseline -0.003 -14"><span class='ocrx_word' id='word_1_187' title='bbox 788 1802 947 1847; x_wconf 90' lang='lat' dir='ltr'><strong>natus</strong></span> <span class='ocrx_word' id='word_1_188' title='bbox 971 1794 1164 1861; x_wconf 76' lang='lat' dir='ltr'><strong>gratia,</strong></span> <span class='ocrx_word' id='word_1_189' title='bbox 1198 1792 1472 1845; x_wconf 87' lang='lat' dir='ltr'><strong>canticum</strong></span> <span class='ocrx_word' id='word_1_190' title='bbox 1512 1788 1678 1843; x_wconf 73' lang='lat' dir='ltr'><strong>refert</strong></span> <span class='ocrx_word' id='word_1_191' title='bbox 1702 1789 1766 1841; x_wconf 90' lang='lat' dir='ltr'><strong>ad</strong></span> <span class='ocrx_word' id='word_1_192' title='bbox 1800 1805 2086 1857; x_wconf 86' lang='lat' dir='ltr'><strong>personam</strong></span> <span class='ocrx_word' id='word_1_193' title='bbox 2116 1790 2285 1859; x_wconf 91' lang='lat' dir='ltr'><strong>ipsius</strong></span> 
     </span>
    </p>
   </div>
   <div class='ocr_carea' id='block_1_28' title="bbox 2385 1788 3959 1885">
    <p class='ocr_par' dir='ltr' id='par_1_28' title="bbox 2462 1790 3959 1866">
     <span class='ocr_line' id='line_1_28' title="bbox 2462 1790 3959 1866; baseline 0.004 -24"><span class='ocrx_word' id='word_1_194' title='bbox 2462 1807 2565 1861; x_wconf 90' lang='grc' dir='ltr'><strong>ριτι</strong></span> <span class='ocrx_word' id='word_1_195' title='bbox 2607 1790 3055 1861; x_wconf 82' lang='grc' dir='ltr'><strong>κατεστεμμένος,</strong></span> <span class='ocrx_word' id='word_1_196' title='bbox 3089 1790 3229 1861; x_wconf 82' lang='grc' dir='ltr'><strong>ᾠδὴν</strong></span> <span class='ocrx_word' id='word_1_197' title='bbox 3261 1792 3635 1857; x_wconf 73' lang='grc' dir='ltr'><strong>ἀναϐάλλεται,</strong></span> <span class='ocrx_word' id='word_1_198' title='bbox 3670 1810 3959 1866; x_wconf 81' lang='grc' dir='ltr'><strong>προσωπο-</strong></span> 
     </span>
    </p>
   </div>
   <div class='ocr_carea' id='block_1_29' title="bbox 787 1882 2284 1952">
    <p class='ocr_par' dir='ltr' id='par_1_29' title="bbox 787 1882 2284 1952">
     <span class='ocr_line' id='line_1_29' title="bbox 787 1882 2284 1952; baseline -0.002 -14"><span class='ocrx_word' id='word_1_199' title='bbox 787 1885 977 1951; x_wconf 88' lang='lat' dir='ltr'><strong>David,</strong></span> <span class='ocrx_word' id='word_1_200' title='bbox 1007 1891 1404 1950; x_wconf 60' lang='lat' dir='ltr'><strong>repraesentans</strong></span> <span class='ocrx_word' id='word_1_201' title='bbox 1441 1882 1589 1935; x_wconf 90' lang='lat' dir='ltr'><strong>illum</strong></span> <span class='ocrx_word' id='word_1_202' title='bbox 1626 1882 1969 1936; x_wconf 82' lang='lat' dir='ltr'><strong>conﬁtentem</strong></span> <span class='ocrx_word' id='word_1_203' title='bbox 2004 1891 2284 1952; x_wconf 88' lang='lat' dir='ltr'><strong>peccatum</strong></span> 
     </span>
    </p>
   </div>
   <div class='ocr_carea' id='block_1_30' title="bbox 785 1994 967 2031">
    <p class='ocr_par' dir='ltr' id='par_1_30' title="bbox 785 1994 967 2031">
     <span class='ocr_line' id='line_1_30' title="bbox 785 1994 967 2031; baseline -0.011 0"><span class='ocrx_word' id='word_1_204' title='bbox 785 1994 967 2031; x_wconf 85' lang='lat' dir='ltr'><strong>suum.</strong></span> 
     </span>
    </p>
   </div>
   <div class='ocr_carea' id='block_1_31' title="bbox 784 2066 2287 2125">
    <p class='ocr_par' dir='ltr' id='par_1_31' title="bbox 784 2066 2287 2125">
     <span class='ocr_line' id='line_1_31' title="bbox 784 2066 2287 2125; baseline -0.002 0"><span class='ocrx_word' id='word_1_205' title='bbox 784 2072 840 2125; x_wconf 76' lang='grc'><strong>2.</strong></span> <span class='ocrx_word' id='word_1_206' title='bbox 886 2070 1013 2123; x_wconf 72' lang='lat' dir='ltr'><strong>Dixi</strong></span> <span class='ocrx_word' id='word_1_207' title='bbox 1036 2069 1507 2125; x_wconf 81' lang='lat' dir='ltr'><strong>:Custodiamvias</strong></span> <span class='ocrx_word' id='word_1_208' title='bbox 1542 2084 1705 2122; x_wconf 85' lang='lat' dir='ltr'><strong>meas.</strong></span> <span class='ocrx_word' id='word_1_209' title='bbox 1741 2066 1969 2120; x_wconf 81' lang='lat' dir='ltr'><strong>Evidens</strong></span> <span class='ocrx_word' id='word_1_210' title='bbox 1987 2068 2287 2122; x_wconf 86' lang='lat' dir='ltr'><strong>continuati</strong></span> 
     </span>
    </p>
   </div>
   <div class='ocr_carea' id='block_1_32' title="bbox 714 2160 2287 2232">
    <p class='ocr_par' dir='ltr' id='par_1_32' title="bbox 714 2160 2287 2232">
     <span class='ocr_line' id='line_1_32' title="bbox 714 2160 2287 2232; baseline -0.004 -12"><span class='ocrx_word' id='word_1_211' title='bbox 714 2166 898 2220; x_wconf 75' lang='lat' dir='ltr'><strong>cordis</strong></span> <span class='ocrx_word' id='word_1_212' title='bbox 930 2171 1331 2232; x_wconf 76' lang='lat' dir='ltr'><strong>argumentum.</strong></span> <span class='ocrx_word' id='word_1_213' title='bbox 1376 2160 1537 2213; x_wconf 82' lang='lat' dir='ltr'><strong>Postti</strong></span> <span class='ocrx_word' id='word_1_214' title='bbox 1570 2161 1651 2213; x_wconf 91' lang='lat' dir='ltr'><strong>ori</strong></span> <span class='ocrx_word' id='word_1_215' title='bbox 1683 2176 1793 2213; x_wconf 87' lang='lat' dir='ltr'><strong>meo</strong></span> <span class='ocrx_word' id='word_1_216' title='bbox 1823 2161 2142 2224; x_wconf 74' lang='lat' dir='ltr'><strong>custodiam,</strong></span> <span class='ocrx_word' id='word_1_217' title='bbox 2169 2178 2287 2214; x_wconf 86' lang='lat' dir='ltr'><strong>cum</strong></span> 
     </span>
    </p>
   </div>
   <div class='ocr_carea' id='block_1_33' title="bbox 714 2252 2283 2322">
    <p class='ocr_par' dir='ltr' id='par_1_33' title="bbox 714 2252 2283 2322">
     <span class='ocr_line' id='line_1_33' title="bbox 714 2252 2283 2322; baseline -0.002 -12"><span class='ocrx_word' id='word_1_218' title='bbox 714 2256 1016 2310; x_wconf 71' lang='lat' dir='ltr'><strong>consisteret</strong></span> <span class='ocrx_word' id='word_1_219' title='bbox 1061 2262 1301 2322; x_wconf 79' lang='lat' dir='ltr'><strong>peccator</strong></span> <span class='ocrx_word' id='word_1_220' title='bbox 1338 2253 1609 2304; x_wconf 77' lang='lat' dir='ltr'><strong>adversum</strong></span> <span class='ocrx_word' id='word_1_221' title='bbox 1664 2268 1761 2309; x_wconf 89' lang='lat' dir='ltr'><strong>me.</strong></span> <span class='ocrx_word' id='word_1_222' title='bbox 1807 2252 2063 2308; x_wconf 85' lang='lat' dir='ltr'><strong>Astantes</strong></span> <span class='ocrx_word' id='word_1_223' title='bbox 2106 2264 2283 2307; x_wconf 88' lang='lat' dir='ltr'><strong>autem</strong></span> 
     </span>
    </p>
   </div>
   <div class='ocr_carea' id='block_1_34' title="bbox 714 2344 2288 2416">
    <p class='ocr_par' dir='ltr' id='par_1_34' title="bbox 714 2344 2288 2416">
     <span class='ocr_line' id='line_1_34' title="bbox 714 2344 2288 2416; baseline -0.001 -14"><span class='ocrx_word' id='word_1_224' title='bbox 714 2348 820 2416; x_wconf 81' lang='lat' dir='ltr'><strong>ipsi</strong></span> <span class='ocrx_word' id='word_1_225' title='bbox 879 2344 1190 2416; x_wconf 83' lang='lat' dir='ltr'><strong>spirituales</strong></span> <span class='ocrx_word' id='word_1_226' title='bbox 1240 2344 1477 2410; x_wconf 85' lang='lat' dir='ltr'><strong>inimici,</strong></span> <span class='ocrx_word' id='word_1_227' title='bbox 1551 2354 1830 2413; x_wconf 88' lang='lat' dir='ltr'><strong>peccatum</strong></span> <span class='ocrx_word' id='word_1_228' title='bbox 1884 2346 2288 2415; x_wconf 78' lang='lat' dir='ltr'><strong>exprobrabant</strong></span> 
     </span>
    </p>
   </div>
   <div class='ocr_carea' id='block_1_35' title="bbox 786 2528 2283 2595">
    <p class='ocr_par' dir='ltr' id='par_1_35' title="bbox 786 2528 2283 2595">
     <span class='ocr_line' id='line_1_35' title="bbox 786 2528 2283 2595; baseline -0.001 -10"><span class='ocrx_word' id='word_1_229' title='bbox 786 2532 837 2585; x_wconf 80' lang='grc'><strong>3.</strong></span> <span class='ocrx_word' id='word_1_230' title='bbox 882 2530 1156 2595; x_wconf 86' lang='lat' dir='ltr'><strong>Obmutui,</strong></span> <span class='ocrx_word' id='word_1_231' title='bbox 1194 2539 1241 2582; x_wconf 89' lang='lat' dir='ltr'><strong>et</strong></span> <span class='ocrx_word' id='word_1_232' title='bbox 1267 2530 1577 2582; x_wconf 73' lang='lat' dir='ltr'><strong>humiliatus</strong></span> <span class='ocrx_word' id='word_1_233' title='bbox 1612 2546 1750 2593; x_wconf 87' lang='lat' dir='ltr'><strong>sum,</strong></span> <span class='ocrx_word' id='word_1_234' title='bbox 1803 2540 1853 2583; x_wconf 88' lang='lat' dir='ltr'><strong>et</strong></span> <span class='ocrx_word' id='word_1_235' title='bbox 1890 2528 2015 2583; x_wconf 86' lang='lat' dir='ltr'><strong>silui</strong></span> <span class='ocrx_word' id='word_1_236' title='bbox 2051 2547 2082 2582; x_wconf 92' lang='lat' dir='ltr'><strong>a</strong></span> <span class='ocrx_word' id='word_1_237' title='bbox 2116 2530 2283 2583; x_wconf 88' lang='lat' dir='ltr'><strong>bonis.</strong></span> 
     </span>
    </p>
   </div>
   <div class='ocr_carea' id='block_1_36' title="bbox 712 2622 2286 2691">
    <p class='ocr_par' dir='ltr' id='par_1_36' title="bbox 712 2622 2286 2691">
     <span class='ocr_line' id='line_1_36' title="bbox 712 2622 2286 2691; baseline -0.001 -14"><span class='ocrx_word' id='word_1_238' title='bbox 712 2622 1010 2689; x_wconf 81' lang='lat' dir='ltr'><strong>Conviciis,</strong></span> <span class='ocrx_word' id='word_1_239' title='bbox 1030 2624 1125 2687; x_wconf 90' lang='lat' dir='ltr'><strong>ait,</strong></span> <span class='ocrx_word' id='word_1_240' title='bbox 1144 2622 1420 2691; x_wconf 89' lang='lat' dir='ltr'><strong>impetitus</strong></span> <span class='ocrx_word' id='word_1_241' title='bbox 1442 2637 1547 2675; x_wconf 89' lang='lat' dir='ltr'><strong>non</strong></span> <span class='ocrx_word' id='word_1_242' title='bbox 1574 2623 1819 2676; x_wconf 89' lang='lat' dir='ltr'><strong>convicia</strong></span> <span class='ocrx_word' id='word_1_243' title='bbox 1841 2622 2151 2688; x_wconf 83' lang='lat' dir='ltr'><strong>reddebam,</strong></span> <span class='ocrx_word' id='word_1_244' title='bbox 2170 2638 2286 2677; x_wconf 87' lang='lat' dir='ltr'><strong>cer-</strong></span> 
     </span>
    </p>
   </div>
   <div class='ocr_carea' id='block_1_37' title="bbox 713 2712 2285 2768">
    <p class='ocr_par' dir='ltr' id='par_1_37' title="bbox 713 2712 2285 2768">
     <span class='ocr_line' id='line_1_37' title="bbox 713 2712 2285 2768; baseline 0.001 -2"><span class='ocrx_word' id='word_1_245' title='bbox 713 2728 849 2768; x_wconf 89' lang='lat' dir='ltr'><strong>nens</strong></span> <span class='ocrx_word' id='word_1_246' title='bbox 895 2728 980 2767; x_wconf 89' lang='lat' dir='ltr'><strong>me</strong></span> <span class='ocrx_word' id='word_1_247' title='bbox 1020 2713 1178 2767; x_wconf 90' lang='lat' dir='ltr'><strong>bonis</strong></span> <span class='ocrx_word' id='word_1_248' title='bbox 1213 2713 1499 2767; x_wconf 80' lang='lat' dir='ltr'><strong>excidisse.</strong></span> <span class='ocrx_word' id='word_1_249' title='bbox 1545 2712 1610 2767; x_wconf 87' lang='lat' dir='ltr'><strong>Et</strong></span> <span class='ocrx_word' id='word_1_250' title='bbox 1646 2714 1799 2767; x_wconf 89' lang='lat' dir='ltr'><strong>dolor</strong></span> <span class='ocrx_word' id='word_1_251' title='bbox 1824 2731 1966 2768; x_wconf 83' lang='lat' dir='ltr'><strong>meus</strong></span> <span class='ocrx_word' id='word_1_252' title='bbox 2006 2725 2285 2768; x_wconf 77' lang='lat' dir='ltr'><strong>renovatus</strong></span> 
     </span>
    </p>
   </div>
   <div class='ocr_carea' id='block_1_38' title="bbox 709 2802 2288 2872">
    <p class='ocr_par' dir='ltr' id='par_1_38' title="bbox 709 2802 2288 2872">
     <span class='ocr_line' id='line_1_38' title="bbox 709 2802 2288 2872; baseline 0 -15"><span class='ocrx_word' id='word_1_253' title='bbox 709 2814 806 2857; x_wconf 88' lang='lat' dir='ltr'><strong>est.</strong></span> <span class='ocrx_word' id='word_1_254' title='bbox 856 2802 962 2858; x_wconf 88' lang='lat' dir='ltr'><strong>Pro</strong></span> <span class='ocrx_word' id='word_1_255' title='bbox 994 2804 1349 2871; x_wconf 82' lang='lat' dir='ltr'><strong>responsione</strong></span> <span class='ocrx_word' id='word_1_256' title='bbox 1384 2803 1447 2857; x_wconf 86' lang='lat' dir='ltr'><strong>ad</strong></span> <span class='ocrx_word' id='word_1_257' title='bbox 1496 2819 1589 2857; x_wconf 91' lang='lat' dir='ltr'><strong>eos</strong></span> <span class='ocrx_word' id='word_1_258' title='bbox 1616 2805 1708 2872; x_wconf 91' lang='lat' dir='ltr'><strong>qui</strong></span> <span class='ocrx_word' id='word_1_259' title='bbox 1755 2820 1839 2857; x_wconf 91' lang='lat' dir='ltr'><strong>me</strong></span> <span class='ocrx_word' id='word_1_260' title='bbox 1864 2805 2128 2858; x_wconf 86' lang='lat' dir='ltr'><strong>conviciis</strong></span> <span class='ocrx_word' id='word_1_261' title='bbox 2158 2820 2288 2858; x_wconf 86' lang='lat' dir='ltr'><strong>one-</strong></span> 
     </span>
    </p>
   </div>
   <div class='ocr_carea' id='block_1_39' title="bbox 713 2894 2283 2964">
    <p class='ocr_par' dir='ltr' id='par_1_39' title="bbox 713 2894 2283 2964">
     <span class='ocr_line' id='line_1_39' title="bbox 713 2894 2283 2964; baseline 0 -15"><span class='ocrx_word' id='word_1_262' title='bbox 713 2896 926 2959; x_wconf 86' lang='lat' dir='ltr'><strong>rabant,</strong></span> <span class='ocrx_word' id='word_1_263' title='bbox 969 2904 1187 2963; x_wconf 86' lang='lat' dir='ltr'><strong>peccata</strong></span> <span class='ocrx_word' id='word_1_264' title='bbox 1215 2895 1347 2947; x_wconf 91' lang='lat' dir='ltr'><strong>mihi</strong></span> <span class='ocrx_word' id='word_1_265' title='bbox 1373 2894 1474 2964; x_wconf 90' lang='lat' dir='ltr'><strong>ipsi</strong></span> <span class='ocrx_word' id='word_1_266' title='bbox 1500 2895 1818 2949; x_wconf 86' lang='lat' dir='ltr'><strong>revocabam</strong></span> <span class='ocrx_word' id='word_1_267' title='bbox 1858 2896 1910 2949; x_wconf 91' lang='lat' dir='ltr'><strong>in</strong></span> <span class='ocrx_word' id='word_1_268' title='bbox 1946 2897 2283 2949; x_wconf 86' lang='lat' dir='ltr'><strong>memoriam.</strong></span> 
     </span>
    </p>
   </div>
   <div class='ocr_carea' id='block_1_40' title="bbox 714 2985 2287 3058">
    <p class='ocr_par' dir='ltr' id='par_1_40' title="bbox 714 2985 2287 3058">
     <span class='ocr_line' id='line_1_40' title="bbox 714 2985 2287 3058; baseline 0.002 -19"><span class='ocrx_word' id='word_1_269' title='bbox 714 2985 971 3040; x_wconf 82' lang='lat' dir='ltr'><strong>Memoria</strong></span> <span class='ocrx_word' id='word_1_270' title='bbox 1019 2995 1199 3041; x_wconf 89' lang='lat' dir='ltr'><strong>autem</strong></span> <span class='ocrx_word' id='word_1_271' title='bbox 1236 2988 1439 3056; x_wconf 88' lang='lat' dir='ltr'><strong>peccati</strong></span> <span class='ocrx_word' id='word_1_272' title='bbox 1483 2988 1639 3057; x_wconf 88' lang='lat' dir='ltr'><strong>quasi</strong></span> <span class='ocrx_word' id='word_1_273' title='bbox 1678 2988 1819 3058; x_wconf 73' lang='lat' dir='ltr'><strong>ignis</strong></span> <span class='ocrx_word' id='word_1_274' title='bbox 1861 2988 1913 3041; x_wconf 93' lang='lat' dir='ltr'><strong>in</strong></span> <span class='ocrx_word' id='word_1_275' title='bbox 1962 2987 2125 3043; x_wconf 90' lang='lat' dir='ltr'><strong>corde</strong></span> <span class='ocrx_word' id='word_1_276' title='bbox 2168 3004 2287 3043; x_wconf 88' lang='lat' dir='ltr'><strong>meo</strong></span> 
     </span>
    </p>
   </div>
   <div class='ocr_carea' id='block_1_41' title="bbox 713 3091 849 3132">
    <p class='ocr_par' dir='ltr' id='par_1_41' title="bbox 713 3091 849 3132">
     <span class='ocr_line' id='line_1_41' title="bbox 713 3091 849 3132; baseline 0 0"><span class='ocrx_word' id='word_1_277' title='bbox 713 3091 849 3132; x_wconf 86' lang='lat' dir='ltr'><strong>erat.</strong></span> 
     </span>
    </p>
   </div>
   <div class='ocr_carea' id='block_1_42' title="bbox 2458 1882 3955 1959">
    <p class='ocr_par' dir='ltr' id='par_1_42' title="bbox 2458 1882 3955 1959">
     <span class='ocr_line' id='line_1_42' title="bbox 2458 1882 3955 1959; baseline 0.003 -22"><span class='ocrx_word' id='word_1_278' title='bbox 2458 1886 2636 1938; x_wconf 82' lang='grc' dir='ltr'><strong>ποιίαν</strong></span> <span class='ocrx_word' id='word_1_279' title='bbox 2666 1884 2930 1955; x_wconf 76' lang='grc' dir='ltr'><strong>εἰσφέρων</strong></span> <span class='ocrx_word' id='word_1_280' title='bbox 2959 1882 3120 1936; x_wconf 74' lang='grc' dir='ltr'><strong>αὑτοῦ</strong></span> <span class='ocrx_word' id='word_1_281' title='bbox 3150 1884 3241 1937; x_wconf 82' lang='grc' dir='ltr'><strong>τοῦ</strong></span> <span class='ocrx_word' id='word_1_282' title='bbox 3270 1883 3435 1937; x_wconf 80' lang='grc' dir='ltr'><strong>Δαυῒδ</strong></span> <span class='ocrx_word' id='word_1_283' title='bbox 3462 1884 3955 1959; x_wconf 81' lang='grc' dir='ltr'><strong>ὲξομολογουμένου</strong></span> 
     </span>
    </p>
   </div>
   <div class='ocr_carea' id='block_1_43' title="bbox 2457 1976 2976 2047">
    <p class='ocr_par' dir='ltr' id='par_1_43' title="bbox 2457 1976 2976 2047">
     <span class='ocr_line' id='line_1_43' title="bbox 2457 1976 2976 2047; baseline 0.004 -18"><span class='ocrx_word' id='word_1_284' title='bbox 2457 1977 2548 2029; x_wconf 71' lang='grc' dir='ltr'><strong>ἐπὶ</strong></span> <span class='ocrx_word' id='word_1_285' title='bbox 2601 1979 2667 2046; x_wconf 76' lang='grc' dir='ltr'><strong>τῇ</strong></span> <span class='ocrx_word' id='word_1_286' title='bbox 2711 1976 2976 2047; x_wconf 72' lang='grc' dir='ltr'><strong>ἁμαρτίᾳ.</strong></span> 
     </span>
    </p>
   </div>
   <div class='ocr_carea' id='block_1_44' title="bbox 2452 2064 3956 2140">
    <p class='ocr_par' dir='ltr' id='par_1_44' title="bbox 2452 2064 3956 2140">
     <span class='ocr_line' id='line_1_44' title="bbox 2452 2064 3956 2140; baseline 0.003 -22"><span class='ocrx_word' id='word_1_287' title='bbox 2452 2064 2624 2119; x_wconf 78' lang='grc' dir='ltr'><strong>Εἴπα-</strong></span> <span class='ocrx_word' id='word_1_288' title='bbox 2656 2065 2907 2130; x_wconf 75' lang='grc' dir='ltr'><strong>Φυλάξω</strong></span> <span class='ocrx_word' id='word_1_289' title='bbox 2925 2067 3030 2131; x_wconf 85' lang='grc' dir='ltr'><strong>τὰς</strong></span> <span class='ocrx_word' id='word_1_290' title='bbox 3065 2065 3242 2133; x_wconf 80' lang='grc' dir='ltr'><strong>ὁδούς</strong></span> <span class='ocrx_word' id='word_1_291' title='bbox 3268 2084 3407 2135; x_wconf 83' lang='grc' dir='ltr'><strong>μου.</strong></span> <span class='ocrx_word' id='word_1_292' title='bbox 3448 2067 3744 2133; x_wconf 70' lang='grc' dir='ltr'><strong>Ἀπόδειξις</strong></span> <span class='ocrx_word' id='word_1_293' title='bbox 3778 2071 3956 2140; x_wconf 76' lang='grc' dir='ltr'><strong>σαφὴς</strong></span> 
     </span>
    </p>
   </div>
   <div class='ocr_carea' id='block_1_45' title="bbox 2389 2155 3957 2229">
    <p class='ocr_par' dir='ltr' id='par_1_45' title="bbox 2389 2155 3957 2229">
     <span class='ocr_line' id='line_1_45' title="bbox 2389 2155 3957 2229; baseline 0 -19"><span class='ocrx_word' id='word_1_294' title='bbox 2389 2156 2680 2228; x_wconf 79' lang='grc' dir='ltr'><strong>ἱδρυμένης</strong></span> <span class='ocrx_word' id='word_1_295' title='bbox 2720 2156 2964 2227; x_wconf 76' lang='grc' dir='ltr'><strong>καρδίας.</strong></span> <span class='ocrx_word' id='word_1_296' title='bbox 3010 2158 3258 2225; x_wconf 78' lang='grc' dir='ltr'>Ἐθέμην</span> <span class='ocrx_word' id='word_1_297' title='bbox 3287 2155 3367 2221; x_wconf 86' lang='grc' dir='ltr'><strong>τῷ</strong></span> <span class='ocrx_word' id='word_1_298' title='bbox 3404 2159 3653 2227; x_wconf 83' lang='grc' dir='ltr'><strong>στόματι</strong></span> <span class='ocrx_word' id='word_1_299' title='bbox 3680 2177 3801 2229; x_wconf 79' lang='grc' dir='ltr'><strong>μου</strong></span> <span class='ocrx_word' id='word_1_300' title='bbox 3846 2178 3957 2229; x_wconf 64' lang='lat' dir='ltr'><strong>sev-</strong></span> 
     </span>
    </p>
   </div>
   <div class='ocr_carea' id='block_1_46' title="bbox 2384 2247 3958 2317">
    <p class='ocr_par' dir='ltr' id='par_1_46' title="bbox 2384 2247 3958 2317">
     <span class='ocr_line' id='line_1_46' title="bbox 2384 2247 3958 2317; baseline 0.001 -13"><span class='ocrx_word' id='word_1_301' title='bbox 2384 2248 2584 2317; x_wconf 71' lang='grc' dir='ltr'><strong>λακὴν</strong></span> <span class='ocrx_word' id='word_1_302' title='bbox 2604 2252 2672 2303; x_wconf 81' lang='grc' dir='ltr'><strong>ἑν</strong></span> <span class='ocrx_word' id='word_1_303' title='bbox 2701 2247 2779 2314; x_wconf 86' lang='grc' dir='ltr'><strong>τῷ</strong></span> <span class='ocrx_word' id='word_1_304' title='bbox 2806 2247 3107 2315; x_wconf 81' lang='grc' dir='ltr'><strong>συστῆναι</strong></span> <span class='ocrx_word' id='word_1_305' title='bbox 3144 2248 3250 2301; x_wconf 80' lang='grc' dir='ltr'><strong>τὸν</strong></span> <span class='ocrx_word' id='word_1_306' title='bbox 3280 2250 3632 2317; x_wconf 74' lang='grc' dir='ltr'><strong>ἁμαρτωλὸν</strong></span> <span class='ocrx_word' id='word_1_307' title='bbox 3674 2253 3958 2305; x_wconf 74' lang='grc' dir='ltr'><strong>ἐναντίον</strong></span> 
     </span>
    </p>
   </div>
   <div class='ocr_carea' id='block_1_47' title="bbox 2381 2338 3954 2413">
    <p class='ocr_par' dir='ltr' id='par_1_47' title="bbox 2381 2338 3954 2413">
     <span class='ocr_line' id='line_1_47' title="bbox 2381 2338 3954 2413; baseline 0 -18"><span class='ocrx_word' id='word_1_308' title='bbox 2381 2359 2519 2409; x_wconf 86' lang='grc' dir='ltr'><strong>μου.</strong></span> <span class='ocrx_word' id='word_1_309' title='bbox 2548 2342 2948 2413; x_wconf 86' lang='grc' dir='ltr'><strong>Παριστάμενοι</strong></span> <span class='ocrx_word' id='word_1_310' title='bbox 2972 2340 3078 2411; x_wconf 88' lang='grc' dir='ltr'><strong>γάρ</strong></span> <span class='ocrx_word' id='word_1_311' title='bbox 3109 2338 3257 2409; x_wconf 83' lang='grc' dir='ltr'><strong>αὑτῷ</strong></span> <span class='ocrx_word' id='word_1_312' title='bbox 3279 2340 3326 2392; x_wconf 89' lang='grc' dir='ltr'><strong>οί</strong></span> <span class='ocrx_word' id='word_1_313' title='bbox 3359 2344 3538 2412; x_wconf 70' lang='grc' dir='ltr'><strong>νοητοὶ</strong></span> <span class='ocrx_word' id='word_1_314' title='bbox 3572 2342 3954 2413; x_wconf 59' lang='grc' dir='ltr'><strong>ἐχθροὶμῢνεί-</strong></span> 
     </span>
    </p>
   </div>
   <div class='ocr_carea' id='block_1_48' title="bbox 2384 2431 3144 2502">
    <p class='ocr_par' dir='ltr' id='par_1_48' title="bbox 2384 2431 3144 2502">
     <span class='ocr_line' id='line_1_48' title="bbox 2384 2431 3144 2502; baseline -0.004 -17"><span class='ocrx_word' id='word_1_315' title='bbox 2384 2432 2526 2497; x_wconf 77' lang='grc' dir='ltr'><strong>διξον</strong></span> <span class='ocrx_word' id='word_1_316' title='bbox 2548 2432 2710 2485; x_wconf 72' lang='grc' dir='ltr'><strong>αὑτοῦ</strong></span> <span class='ocrx_word' id='word_1_317' title='bbox 2731 2433 2827 2502; x_wconf 79' lang='grc' dir='ltr'><strong>τὴν</strong></span> <span class='ocrx_word' id='word_1_318' title='bbox 2858 2431 3144 2502; x_wconf 78' lang='grc' dir='ltr'>ἁμαρτίαν.</span> 
     </span>
    </p>
   </div>
   <div class='ocr_carea' id='block_1_49' title="bbox 2470 2521 3955 2592">
    <p class='ocr_par' dir='ltr' id='par_1_49' title="bbox 2470 2521 3955 2592">
     <span class='ocr_line' id='line_1_49' title="bbox 2470 2521 3955 2592; baseline 0.001 -17"><span class='ocrx_word' id='word_1_319' title='bbox 2470 2521 2839 2590; x_wconf 70' lang='grc' dir='ltr'><strong>Ἐκωφὼθην,</strong></span> <span class='ocrx_word' id='word_1_320' title='bbox 2870 2522 2965 2575; x_wconf 77' lang='grc' dir='ltr'><strong>καὶ</strong></span> <span class='ocrx_word' id='word_1_321' title='bbox 2996 2521 3417 2589; x_wconf 78' lang='grc' dir='ltr'><strong>ἐταπεινώθην,</strong></span> <span class='ocrx_word' id='word_1_322' title='bbox 3457 2522 3550 2575; x_wconf 79' lang='grc' dir='ltr'><strong>καὶ</strong></span> <span class='ocrx_word' id='word_1_323' title='bbox 3589 2522 3852 2592; x_wconf 78' lang='grc' dir='ltr'><strong>ἐσίγησα</strong></span> <span class='ocrx_word' id='word_1_324' title='bbox 3887 2526 3955 2588; x_wconf 82' lang='grc' dir='ltr'><strong>ἐξ</strong></span> 
     </span>
    </p>
   </div>
   <div class='ocr_carea' id='block_1_50' title="bbox 2386 2611 3951 2686">
    <p class='ocr_par' dir='ltr' id='par_1_50' title="bbox 2386 2611 3951 2686">
     <span class='ocr_line' id='line_1_50' title="bbox 2386 2611 3951 2686; baseline -0.001 -19"><span class='ocrx_word' id='word_1_325' title='bbox 2386 2611 2639 2685; x_wconf 68' lang='grc' dir='ltr'><strong>ἀγαθῶν.</strong></span> <span class='ocrx_word' id='word_1_326' title='bbox 2690 2612 3123 2684; x_wconf 79' lang='grc' dir='ltr'><strong>Λοιδορούμενος,</strong></span> <span class='ocrx_word' id='word_1_327' title='bbox 3152 2615 3334 2683; x_wconf 68' lang='grc' dir='ltr'><strong>φησιν,</strong></span> <span class='ocrx_word' id='word_1_328' title='bbox 3374 2614 3475 2665; x_wconf 78' lang='grc' dir='ltr'><strong>οὐκ</strong></span> <span class='ocrx_word' id='word_1_329' title='bbox 3525 2614 3951 2686; x_wconf 77' lang='grc' dir='ltr'><strong>ἀντελοιδόρουν,</strong></span> 
     </span>
    </p>
   </div>
   <div class='ocr_carea' id='block_1_51' title="bbox 2389 2704 3953 2777">
    <p class='ocr_par' dir='ltr' id='par_1_51' title="bbox 2389 2704 3953 2777">
     <span class='ocr_line' id='line_1_51' title="bbox 2389 2704 3953 2777; baseline 0.001 -18"><span class='ocrx_word' id='word_1_330' title='bbox 2389 2706 2611 2759; x_wconf 84' lang='grc' dir='ltr'><strong>συνιδὼν</strong></span> <span class='ocrx_word' id='word_1_331' title='bbox 2634 2706 2731 2777; x_wconf 82' lang='grc' dir='ltr'><strong>τὴν</strong></span> <span class='ocrx_word' id='word_1_332' title='bbox 2760 2706 3029 2759; x_wconf 77' lang='grc' dir='ltr'><strong>ἔκπτωσίν</strong></span> <span class='ocrx_word' id='word_1_333' title='bbox 3080 2722 3180 2775; x_wconf 82' lang='grc' dir='ltr'><strong>μου</strong></span> <span class='ocrx_word' id='word_1_334' title='bbox 3206 2704 3312 2757; x_wconf 82' lang='grc' dir='ltr'><strong>τῶν</strong></span> <span class='ocrx_word' id='word_1_335' title='bbox 3348 2704 3586 2773; x_wconf 79' lang='grc' dir='ltr'><strong>ἀγαθῶν.</strong></span> <span class='ocrx_word' id='word_1_336' title='bbox 3616 2708 3724 2760; x_wconf 74' lang='lat' dir='ltr'><strong>Kal</strong></span> <span class='ocrx_word' id='word_1_337' title='bbox 3752 2707 3815 2760; x_wconf 84' lang='grc' dir='ltr'><strong>τὸ</strong></span> <span class='ocrx_word' id='word_1_338' title='bbox 3842 2706 3953 2761; x_wconf 69' lang='grc' dir='ltr'><strong>ἆλ-</strong></span> 
     </span>
    </p>
   </div>
   <div class='ocr_carea' id='block_1_52' title="bbox 2387 2795 3954 2867">
    <p class='ocr_par' dir='ltr' id='par_1_52' title="bbox 2387 2795 3954 2867">
     <span class='ocr_line' id='line_1_52' title="bbox 2387 2795 3954 2867; baseline -0.001 -17"><span class='ocrx_word' id='word_1_339' title='bbox 2387 2796 2543 2867; x_wconf 73' lang='grc' dir='ltr'><strong>τημά</strong></span> <span class='ocrx_word' id='word_1_340' title='bbox 2564 2817 2683 2867; x_wconf 81' lang='grc' dir='ltr'><strong>μου</strong></span> <span class='ocrx_word' id='word_1_341' title='bbox 2706 2798 3115 2864; x_wconf 82' lang='grc' dir='ltr'><strong>ἀνεκαινίσθη.</strong></span> <span class='ocrx_word' id='word_1_342' title='bbox 3151 2796 3293 2849; x_wconf 68' lang='grc' dir='ltr'><strong>Ἀντί</strong></span> <span class='ocrx_word' id='word_1_343' title='bbox 3331 2795 3423 2849; x_wconf 82' lang='grc' dir='ltr'><strong>τοῦ</strong></span> <span class='ocrx_word' id='word_1_344' title='bbox 3460 2795 3633 2865; x_wconf 87' lang='grc' dir='ltr'><strong>λέγειν</strong></span> <span class='ocrx_word' id='word_1_345' title='bbox 3668 2796 3804 2867; x_wconf 77' lang='grc' dir='ltr'><strong>πρὸς</strong></span> <span class='ocrx_word' id='word_1_346' title='bbox 3831 2799 3954 2859; x_wconf 81' lang='grc' dir='ltr'><strong>τοὺς</strong></span> 
     </span>
    </p>
   </div>
   <div class='ocr_carea' id='block_1_53' title="bbox 2390 2888 3950 2961">
    <p class='ocr_par' dir='ltr' id='par_1_53' title="bbox 2390 2888 3950 2961">
     <span class='ocr_line' id='line_1_53' title="bbox 2390 2888 3950 2961; baseline -0.001 -19"><span class='ocrx_word' id='word_1_347' title='bbox 2390 2890 2780 2961; x_wconf 82' lang='grc' dir='ltr'><strong>λοιδοροῦντας,</strong></span> <span class='ocrx_word' id='word_1_348' title='bbox 2809 2891 2907 2960; x_wconf 81' lang='grc' dir='ltr'><strong>τῆς</strong></span> <span class='ocrx_word' id='word_1_349' title='bbox 2958 2888 3228 2959; x_wconf 83' lang='grc' dir='ltr'><strong>ἁμαρτίας</strong></span> <span class='ocrx_word' id='word_1_350' title='bbox 3275 2888 3677 2959; x_wconf 81' lang='grc' dir='ltr'><strong>ἀνεμίμνησκον</strong></span> <span class='ocrx_word' id='word_1_351' title='bbox 3702 2888 3950 2961; x_wconf 64' lang='grc' dir='ltr'><strong>ἐμαυτῷ.</strong></span> 
     </span>
    </p>
   </div>
   <div class='ocr_carea' id='block_1_54' title="bbox 2400 2975 3953 3053">
    <p class='ocr_par' dir='ltr' id='par_1_54' title="bbox 2400 2975 3953 3053">
     <span class='ocr_line' id='line_1_54' title="bbox 2400 2975 3953 3053; baseline 0.001 -19"><span class='ocrx_word' id='word_1_352' title='bbox 2400 2982 2465 3035; x_wconf 83' lang='grc' dir='ltr'><em>Ἦ</em></span> <span class='ocrx_word' id='word_1_353' title='bbox 2498 2981 2553 3034; x_wconf 83' lang='grc' dir='ltr'><strong>δὲ</strong></span> <span class='ocrx_word' id='word_1_354' title='bbox 2591 2983 2776 3051; x_wconf 80' lang='grc' dir='ltr'>μνήμη</span> <span class='ocrx_word' id='word_1_355' title='bbox 2804 2980 2901 3049; x_wconf 80' lang='grc' dir='ltr'><strong>τῆς</strong></span> <span class='ocrx_word' id='word_1_356' title='bbox 2933 2981 3203 3051; x_wconf 79' lang='grc' dir='ltr'><strong>ἁμαρτίας</strong></span> <span class='ocrx_word' id='word_1_357' title='bbox 3245 2975 3332 3034; x_wconf 75' lang='grc' dir='ltr'><strong>οἷα</strong></span> <span class='ocrx_word' id='word_1_358' title='bbox 3377 2981 3487 3051; x_wconf 77' lang='grc' dir='ltr'><strong>πῦρ</strong></span> <span class='ocrx_word' id='word_1_359' title='bbox 3538 2981 3663 3052; x_wconf 76' lang='grc' dir='ltr'><strong>περὶ</strong></span> <span class='ocrx_word' id='word_1_360' title='bbox 3693 2982 3790 3053; x_wconf 79' lang='grc' dir='ltr'><strong>τὴν</strong></span> <span class='ocrx_word' id='word_1_361' title='bbox 3818 3000 3953 3053; x_wconf 81' lang='grc' dir='ltr'><strong>καρ-</strong></span> 
     </span>
    </p>
   </div>
   <div class='ocr_carea' id='block_1_55' title="bbox 2385 3072 2879 3142">
    <p class='ocr_par' dir='ltr' id='par_1_55' title="bbox 2385 3072 2879 3142">
     <span class='ocr_line' id='line_1_55' title="bbox 2385 3072 2879 3142; baseline -0.006 -16"><span class='ocrx_word' id='word_1_362' title='bbox 2385 3073 2502 3126; x_wconf 83' lang='grc' dir='ltr'><strong>δίαν</strong></span> <span class='ocrx_word' id='word_1_363' title='bbox 2529 3090 2626 3142; x_wconf 84' lang='grc' dir='ltr'><strong>μου</strong></span> <span class='ocrx_word' id='word_1_364' title='bbox 2650 3072 2879 3139; x_wconf 74' lang='grc' dir='ltr'><strong>ἐγένετο.</strong></span> 
     </span>
    </p>
   </div>
   <div class='ocr_carea' id='block_1_56' title="bbox 782 3161 2306 3239">
    <p class='ocr_par' dir='ltr' id='par_1_56' title="bbox 782 3166 2279 3239">
     <span class='ocr_line' id='line_1_56' title="bbox 782 3166 2279 3239; baseline 0.001 -17"><span class='ocrx_word' id='word_1_365' title='bbox 782 3168 834 3222; x_wconf 79' lang='grc' dir='ltr'><strong>ι.</strong></span> <span class='ocrx_word' id='word_1_366' title='bbox 875 3166 948 3221; x_wconf 75' lang='lat' dir='ltr'><strong>Et</strong></span> <span class='ocrx_word' id='word_1_367' title='bbox 987 3170 1040 3222; x_wconf 88' lang='lat' dir='ltr'><strong>in</strong></span> <span class='ocrx_word' id='word_1_368' title='bbox 1081 3170 1418 3224; x_wconf 83' lang='lat' dir='ltr'><strong>meditatione</strong></span> <span class='ocrx_word' id='word_1_369' title='bbox 1467 3186 1581 3222; x_wconf 89' lang='lat' dir='ltr'><strong>mea</strong></span> <span class='ocrx_word' id='word_1_370' title='bbox 1620 3170 1918 3223; x_wconf 75' lang='lat' dir='ltr'><strong>exardescet</strong></span> <span class='ocrx_word' id='word_1_371' title='bbox 1948 3171 2101 3239; x_wconf 85' lang='lat' dir='ltr'><strong>ignis.</strong></span> <span class='ocrx_word' id='word_1_372' title='bbox 2145 3170 2279 3224; x_wconf 92' lang='lat' dir='ltr'><strong>Dum</strong></span> 
     </span>
    </p>
   </div>
   <div class='ocr_carea' id='block_1_57' title="bbox 2385 3161 3952 3239">
    <p class='ocr_par' dir='ltr' id='par_1_57' title="bbox 2454 3161 3952 3233">
     <span class='ocr_line' id='line_1_57' title="bbox 2454 3161 3952 3233; baseline -0.001 -15"><span class='ocrx_word' id='word_1_373' title='bbox 2454 3164 2563 3219; x_wconf 77' lang='grc' dir='ltr'><strong>Καὶ</strong></span> <span class='ocrx_word' id='word_1_374' title='bbox 2590 3166 2659 3217; x_wconf 83' lang='grc' dir='ltr'><strong>ὲν</strong></span> <span class='ocrx_word' id='word_1_375' title='bbox 2692 3162 2767 3229; x_wconf 77' lang='grc' dir='ltr'><strong>τῇ</strong></span> <span class='ocrx_word' id='word_1_376' title='bbox 2804 3162 3025 3233; x_wconf 75' lang='grc' dir='ltr'><strong>μελέτῃ</strong></span> <span class='ocrx_word' id='word_1_377' title='bbox 3053 3180 3171 3232; x_wconf 78' lang='grc' dir='ltr'><strong>μου</strong></span> <span class='ocrx_word' id='word_1_378' title='bbox 3203 3161 3641 3228; x_wconf 80' lang='grc' dir='ltr'><strong>ἐκκαυθήσεται</strong></span> <span class='ocrx_word' id='word_1_379' title='bbox 3674 3163 3814 3232; x_wconf 73' lang='grc' dir='ltr'>πῦρ.</span> <span class='ocrx_word' id='word_1_380' title='bbox 3866 3165 3952 3217; x_wconf 82' lang='grc' dir='ltr'><strong>Ἐν</strong></span> 
     </span>
    </p>
   </div>
   <div class='ocr_carea' id='block_1_58' title="bbox 712 3260 2209 3333">
    <p class='ocr_par' dir='ltr' id='par_1_58' title="bbox 712 3260 2209 3333">
     <span class='ocr_line' id='line_1_58' title="bbox 712 3260 2209 3333; baseline 0.001 -19"><span class='ocrx_word' id='word_1_381' title='bbox 712 3261 1029 3315; x_wconf 87' lang='lat' dir='ltr'><strong>memoriam</strong></span> <span class='ocrx_word' id='word_1_382' title='bbox 1063 3263 1269 3330; x_wconf 88' lang='lat' dir='ltr'><strong>peccati</strong></span> <span class='ocrx_word' id='word_1_383' title='bbox 1294 3262 1637 3323; x_wconf 76' lang='lat' dir='ltr'><strong>revocabam,</strong></span> <span class='ocrx_word' id='word_1_384' title='bbox 1662 3260 2037 3317; x_wconf 84' lang='lat' dir='ltr'><strong>inﬂammabar</strong></span> <span class='ocrx_word' id='word_1_385' title='bbox 2066 3263 2209 3333; x_wconf 75' lang='lat' dir='ltr'><strong>igne.</strong></span> 
     </span>
    </p>
   </div>
   <div class='ocr_carea' id='block_1_59' title="bbox 772 3410 2278 3510">
    <p class='ocr_par' dir='ltr' id='par_1_59' title="bbox 772 3410 2278 3510">
     <span class='ocr_line' id='line_1_59' title="bbox 772 3410 2278 3510; baseline 0.001 -18"><span class='ocrx_word' id='word_1_386' title='bbox 772 3439 826 3492; x_wconf 80' lang='lat'><strong>5.</strong></span> <span class='ocrx_word' id='word_1_387' title='bbox 846 3435 1078 3491; x_wconf 88' lang='lat' dir='ltr'><strong>Locutus</strong></span> <span class='ocrx_word' id='word_1_388' title='bbox 1119 3454 1233 3490; x_wconf 85' lang='lat' dir='ltr'><strong>sum</strong></span> <span class='ocrx_word' id='word_1_389' title='bbox 1260 3440 1313 3489; x_wconf 88' lang='lat' dir='ltr'><strong>in</strong></span> <span class='ocrx_word' id='word_1_390' title='bbox 1337 3437 1517 3506; x_wconf 87' lang='lat' dir='ltr'><strong>lingua</strong></span> <span class='ocrx_word' id='word_1_391' title='bbox 1538 3454 1672 3502; x_wconf 88' lang='lat' dir='ltr'><strong>mea,</strong></span> <span class='ocrx_word' id='word_1_392' title='bbox 1694 3447 1796 3491; x_wconf 90' lang='lat' dir='ltr'><strong>etc.</strong></span> <span class='ocrx_word' id='word_1_393' title='bbox 1822 3410 1978 3503; x_wconf 69' lang='lat' dir='ltr'><strong>Illud,</strong></span> <span class='ocrx_word' id='word_1_394' title='bbox 2000 3440 2052 3492; x_wconf 89' lang='lat' dir='ltr'><strong>in</strong></span> <span class='ocrx_word' id='word_1_395' title='bbox 2077 3440 2278 3510; x_wconf 86' lang='lat' dir='ltr'><strong>lingua,</strong></span> 
     </span>
    </p>
   </div>
   <div class='ocr_carea' id='block_1_60' title="bbox 711 3528 2282 3600">
    <p class='ocr_par' dir='ltr' id='par_1_60' title="bbox 711 3528 2282 3600">
     <span class='ocr_line' id='line_1_60' title="bbox 711 3528 2282 3600; baseline 0.003 -17"><span class='ocrx_word' id='word_1_396' title='bbox 711 3528 869 3600; x_wconf 89' lang='lat' dir='ltr'><strong>quasi</strong></span> <span class='ocrx_word' id='word_1_397' title='bbox 904 3529 1075 3595; x_wconf 90' lang='lat' dir='ltr'><strong>dicas,</strong></span> <span class='ocrx_word' id='word_1_398' title='bbox 1111 3528 1346 3585; x_wconf 89' lang='lat' dir='ltr'><strong>demissa</strong></span> <span class='ocrx_word' id='word_1_399' title='bbox 1373 3544 1499 3583; x_wconf 83' lang='lat' dir='ltr'><strong>voce</strong></span> <span class='ocrx_word' id='word_1_400' title='bbox 1529 3540 1582 3583; x_wconf 89' lang='lat' dir='ltr'><strong>et</strong></span> <span class='ocrx_word' id='word_1_401' title='bbox 1610 3530 1765 3599; x_wconf 89' lang='lat' dir='ltr'><strong>quasi</strong></span> <span class='ocrx_word' id='word_1_402' title='bbox 1801 3531 2157 3598; x_wconf 83' lang='lat' dir='ltr'><strong>susurrando,</strong></span> <span class='ocrx_word' id='word_1_403' title='bbox 2184 3548 2282 3587; x_wconf 88' lang='lat' dir='ltr'><strong>nec</strong></span> 
     </span>
    </p>
   </div>
   <div class='ocr_carea' id='block_1_61' title="bbox 711 3620 2280 3691">
    <p class='ocr_par' dir='ltr' id='par_1_61' title="bbox 711 3620 2280 3691">
     <span class='ocr_line' id='line_1_61' title="bbox 711 3620 2280 3691; baseline 0.003 -16"><span class='ocrx_word' id='word_1_404' title='bbox 711 3620 777 3675; x_wconf 90' lang='lat' dir='ltr'><strong>ad</strong></span> <span class='ocrx_word' id='word_1_405' title='bbox 832 3621 1032 3675; x_wconf 90' lang='lat' dir='ltr'><strong>multos</strong></span> <span class='ocrx_word' id='word_1_406' title='bbox 1078 3634 1385 3675; x_wconf 89' lang='lat' dir='ltr'><strong>sermonem</strong></span> <span class='ocrx_word' id='word_1_407' title='bbox 1438 3636 1736 3691; x_wconf 76' lang='lat' dir='ltr'><strong>pronercns.</strong></span> <span class='ocrx_word' id='word_1_408' title='bbox 1778 3622 2049 3677; x_wconf 65' lang='lat' dir='ltr'><strong>Ceterum</strong></span> <span class='ocrx_word' id='word_1_409' title='bbox 2098 3639 2280 3679; x_wconf 89' lang='lat' dir='ltr'><strong>sermo</strong></span> 
     </span>
    </p>
   </div>
   <div class='ocr_carea' id='block_1_62' title="bbox 712 3713 2278 3785">
    <p class='ocr_par' dir='ltr' id='par_1_62' title="bbox 712 3713 2278 3785">
     <span class='ocr_line' id='line_1_62' title="bbox 712 3713 2278 3785; baseline 0.003 -20"><span class='ocrx_word' id='word_1_410' title='bbox 712 3713 801 3767; x_wconf 91' lang='lat' dir='ltr'><strong>ille</strong></span> <span class='ocrx_word' id='word_1_411' title='bbox 829 3713 1182 3782; x_wconf 79' lang='lat' dir='ltr'><strong>interrogatio</strong></span> <span class='ocrx_word' id='word_1_412' title='bbox 1204 3721 1322 3766; x_wconf 83' lang='lat' dir='ltr'><strong>erat</strong></span> <span class='ocrx_word' id='word_1_413' title='bbox 1350 3713 1416 3767; x_wconf 89' lang='lat' dir='ltr'><strong>de</strong></span> <span class='ocrx_word' id='word_1_414' title='bbox 1437 3714 1628 3768; x_wconf 83' lang='lat' dir='ltr'><strong>diebus</strong></span> <span class='ocrx_word' id='word_1_415' title='bbox 1659 3716 1751 3784; x_wconf 91' lang='lat' dir='ltr'><strong>qui</strong></span> <span class='ocrx_word' id='word_1_416' title='bbox 1786 3716 1885 3785; x_wconf 90' lang='lat' dir='ltr'><strong>ipsi</strong></span> <span class='ocrx_word' id='word_1_417' title='bbox 1916 3726 2278 3785; x_wconf 87' lang='lat' dir='ltr'><strong>superessent.</strong></span> 
     </span>
    </p>
   </div>
   <div class='ocr_carea' id='block_1_63' title="bbox 711 3803 2281 3877">
    <p class='ocr_par' dir='ltr' id='par_1_63' title="bbox 711 3803 2281 3877">
     <span class='ocr_line' id='line_1_63' title="bbox 711 3803 2281 3877; baseline 0.003 -20"><span class='ocrx_word' id='word_1_418' title='bbox 711 3803 1102 3858; x_wconf 86' lang='lat' dir='ltr'><strong>Sciscitabatur</strong></span> <span class='ocrx_word' id='word_1_419' title='bbox 1131 3814 1333 3865; x_wconf 88' lang='lat' dir='ltr'><strong>autem.</strong></span> <span class='ocrx_word' id='word_1_420' title='bbox 1360 3806 1500 3860; x_wconf 87' lang='lat' dir='ltr'><strong>scire</strong></span> <span class='ocrx_word' id='word_1_421' title='bbox 1530 3816 1821 3876; x_wconf 89' lang='lat' dir='ltr'><strong>peroptans</strong></span> <span class='ocrx_word' id='word_1_422' title='bbox 1856 3823 1984 3861; x_wconf 85' lang='lat' dir='ltr'><strong>num</strong></span> <span class='ocrx_word' id='word_1_423' title='bbox 2012 3808 2113 3877; x_wconf 90' lang='lat' dir='ltr'><strong>ipsi</strong></span> <span class='ocrx_word' id='word_1_424' title='bbox 2146 3810 2281 3864; x_wconf 88' lang='lat' dir='ltr'><strong>resi-</strong></span> 
     </span>
    </p>
   </div>
   <div class='ocr_carea' id='block_1_64' title="bbox 708 3894 2140 3966">
    <p class='ocr_par' dir='ltr' id='par_1_64' title="bbox 708 3894 2140 3966">
     <span class='ocr_line' id='line_1_64' title="bbox 708 3894 2140 3966; baseline 0.003 -17"><span class='ocrx_word' id='word_1_425' title='bbox 708 3898 876 3949; x_wconf 87' lang='lat' dir='ltr'><strong>duum</strong></span> <span class='ocrx_word' id='word_1_426' title='bbox 908 3898 1029 3949; x_wconf 72' lang='lat' dir='ltr'><strong>vita:</strong></span> <span class='ocrx_word' id='word_1_427' title='bbox 1064 3905 1275 3964; x_wconf 87' lang='lat' dir='ltr'><strong>tempus</strong></span> <span class='ocrx_word' id='word_1_428' title='bbox 1306 3894 1447 3950; x_wconf 83' lang='lat' dir='ltr'><strong>foret</strong></span> <span class='ocrx_word' id='word_1_429' title='bbox 1469 3898 1535 3950; x_wconf 90' lang='lat' dir='ltr'><strong>ad</strong></span> <span class='ocrx_word' id='word_1_430' title='bbox 1576 3899 1950 3966; x_wconf 69' lang='lat' dir='ltr'><strong>pmiiitentiam</strong></span> <span class='ocrx_word' id='word_1_431' title='bbox 1987 3903 2140 3955; x_wconf 89' lang='lat' dir='ltr'><strong>satis.</strong></span> 
     </span>
    </p>
   </div>
   <div class='ocr_carea' id='block_1_65' title="bbox 783 3984 2283 4057">
    <p class='ocr_par' dir='ltr' id='par_1_65' title="bbox 783 3984 2283 4057">
     <span class='ocr_line' id='line_1_65' title="bbox 783 3984 2283 4057; baseline 0.003 -17"><span class='ocrx_word' id='word_1_432' title='bbox 783 3986 836 4040; x_wconf 83' lang='lat'><strong>6.</strong></span> <span class='ocrx_word' id='word_1_433' title='bbox 867 3984 1006 4040; x_wconf 83' lang='lat' dir='ltr'><strong>Ecce</strong></span> <span class='ocrx_word' id='word_1_434' title='bbox 1050 3988 1426 4042; x_wconf 87' lang='lat' dir='ltr'><strong>mensurabiles</strong></span> <span class='ocrx_word' id='word_1_435' title='bbox 1464 3992 1686 4057; x_wconf 83' lang='lat' dir='ltr'><strong>posuisti</strong></span> <span class='ocrx_word' id='word_1_436' title='bbox 1719 3990 1829 4044; x_wconf 81' lang='lat' dir='ltr'><strong>dies</strong></span> <span class='ocrx_word' id='word_1_437' title='bbox 1860 4007 2021 4057; x_wconf 87' lang='lat' dir='ltr'><strong>meos,</strong></span> <span class='ocrx_word' id='word_1_438' title='bbox 2071 4002 2118 4044; x_wconf 89' lang='lat' dir='ltr'><strong>et</strong></span> <span class='ocrx_word' id='word_1_439' title='bbox 2160 3993 2283 4045; x_wconf 84' lang='lat' dir='ltr'><strong>sub-</strong></span> 
     </span>
    </p>
   </div>
   <div class='ocr_carea' id='block_1_66' title="bbox 708 4080 2283 4152">
    <p class='ocr_par' dir='ltr' id='par_1_66' title="bbox 708 4080 2283 4152">
     <span class='ocr_line' id='line_1_66' title="bbox 708 4080 2283 4152; baseline 0.003 -18"><span class='ocrx_word' id='word_1_440' title='bbox 708 4080 908 4134; x_wconf 85' lang='lat' dir='ltr'><strong>stantia</strong></span> <span class='ocrx_word' id='word_1_441' title='bbox 935 4097 1048 4135; x_wconf 88' lang='lat' dir='ltr'><strong>mea</strong></span> <span class='ocrx_word' id='word_1_442' title='bbox 1079 4092 1331 4152; x_wconf 88' lang='lat' dir='ltr'><strong>tanquam</strong></span> <span class='ocrx_word' id='word_1_443' title='bbox 1354 4083 1577 4135; x_wconf 82' lang='lat' dir='ltr'><strong>nihilum</strong></span> <span class='ocrx_word' id='word_1_444' title='bbox 1626 4093 1747 4137; x_wconf 86' lang='lat' dir='ltr'><strong>ante</strong></span> <span class='ocrx_word' id='word_1_445' title='bbox 1790 4096 1859 4139; x_wconf 93' lang='lat' dir='ltr'><strong>te.</strong></span> <span class='ocrx_word' id='word_1_446' title='bbox 1906 4083 2156 4149; x_wconf 81' lang='lat' dir='ltr'><strong>Etiamsi,</strong></span> <span class='ocrx_word' id='word_1_447' title='bbox 2199 4086 2283 4139; x_wconf 84' lang='lat' dir='ltr'><strong>in-</strong></span> 
     </span>
    </p>
   </div>
   <div class='ocr_carea' id='block_1_67' title="bbox 708 4171 2283 4246">
    <p class='ocr_par' dir='ltr' id='par_1_67' title="bbox 708 4171 2283 4246">
     <span class='ocr_line' id='line_1_67' title="bbox 708 4171 2283 4246; baseline 0.004 -23"><span class='ocrx_word' id='word_1_448' title='bbox 708 4172 847 4240; x_wconf 83' lang='lat' dir='ltr'><strong>quit,</strong></span> <span class='ocrx_word' id='word_1_449' title='bbox 884 4171 1043 4242; x_wconf 76' lang='lat' dir='ltr'><strong>longa</strong></span> <span class='ocrx_word' id='word_1_450' title='bbox 1076 4173 1257 4227; x_wconf 84' lang='lat' dir='ltr'><strong>adhuc</strong></span> <span class='ocrx_word' id='word_1_451' title='bbox 1287 4172 1420 4227; x_wconf 91' lang='lat' dir='ltr'><strong>mihi</strong></span> <span class='ocrx_word' id='word_1_452' title='bbox 1464 4174 1570 4227; x_wconf 91' lang='lat' dir='ltr'><strong>vita</strong></span> <span class='ocrx_word' id='word_1_453' title='bbox 1599 4174 1925 4241; x_wconf 84' lang='lat' dir='ltr'><strong>superforet,</strong></span> <span class='ocrx_word' id='word_1_454' title='bbox 1958 4178 2114 4246; x_wconf 90' lang='lat' dir='ltr'><strong>quasi</strong></span> <span class='ocrx_word' id='word_1_455' title='bbox 2148 4178 2283 4230; x_wconf 89' lang='lat' dir='ltr'><strong>nihil</strong></span> 
     </span>
    </p>
   </div>
   <div class='ocr_carea' id='block_1_68' title="bbox 713 4262 2282 4334">
    <p class='ocr_par' dir='ltr' id='par_1_68' title="bbox 713 4262 2282 4334">
     <span class='ocr_line' id='line_1_68' title="bbox 713 4262 2282 4334; baseline 0.004 -20"><span class='ocrx_word' id='word_1_456' title='bbox 713 4263 768 4314; x_wconf 93' lang='lat' dir='ltr'><strong>in</strong></span> <span class='ocrx_word' id='word_1_457' title='bbox 795 4275 1089 4331; x_wconf 90' lang='lat' dir='ltr'><strong>conspectu</strong></span> <span class='ocrx_word' id='word_1_458' title='bbox 1116 4274 1209 4317; x_wconf 92' lang='lat' dir='ltr'><strong>tuo</strong></span> <span class='ocrx_word' id='word_1_459' title='bbox 1246 4265 1603 4333; x_wconf 90' lang='lat' dir='ltr'><strong>reputabitur.</strong></span> <span class='ocrx_word' id='word_1_460' title='bbox 1642 4262 1696 4319; x_wconf 92' lang='lat' dir='ltr'><strong>Si</strong></span> <span class='ocrx_word' id='word_1_461' title='bbox 1725 4279 1958 4334; x_wconf 87' lang='lat' dir='ltr'><strong>namque</strong></span> <span class='ocrx_word' id='word_1_462' title='bbox 1988 4266 2133 4319; x_wconf 90' lang='lat' dir='ltr'><strong>mille</strong></span> <span class='ocrx_word' id='word_1_463' title='bbox 2156 4267 2282 4320; x_wconf 91' lang='lat' dir='ltr'><strong>anni</strong></span> 
     </span>
    </p>
   </div>
   <div class='ocr_carea' id='block_1_69' title="bbox 709 4354 2282 4427">
    <p class='ocr_par' dir='ltr' id='par_1_69' title="bbox 709 4354 2282 4427">
     <span class='ocr_line' id='line_1_69' title="bbox 709 4354 2282 4427; baseline 0.004 -21"><span class='ocrx_word' id='word_1_464' title='bbox 709 4360 835 4406; x_wconf 89' lang='lat' dir='ltr'><strong>ante</strong></span> <span class='ocrx_word' id='word_1_465' title='bbox 885 4354 1073 4408; x_wconf 88' lang='lat' dir='ltr'><strong>oculos</strong></span> <span class='ocrx_word' id='word_1_466' title='bbox 1140 4362 1264 4409; x_wconf 88' lang='lat' dir='ltr'><strong>tuos</strong></span> <span class='ocrx_word' id='word_1_467' title='bbox 1316 4364 1574 4425; x_wconf 89' lang='lat' dir='ltr'><strong>tanquam</strong></span> <span class='ocrx_word' id='word_1_468' title='bbox 1640 4356 1758 4411; x_wconf 84' lang='lat' dir='ltr'><strong>dies</strong></span> <span class='ocrx_word' id='word_1_469' title='bbox 1787 4373 1915 4422; x_wconf 90' lang='lat' dir='ltr'><strong>una,</strong></span> <span class='ocrx_word' id='word_1_470' title='bbox 1951 4358 2077 4427; x_wconf 89' lang='lat' dir='ltr'><strong>quid</strong></span> <span class='ocrx_word' id='word_1_471' title='bbox 2121 4358 2282 4414; x_wconf 80' lang='lat' dir='ltr'><strong>fuerit</strong></span> 
     </span>
    </p>
   </div>
   <div class='ocr_carea' id='block_1_70' title="bbox 710 4445 2284 4520">
    <p class='ocr_par' dir='ltr' id='par_1_70' title="bbox 710 4445 2284 4520">
     <span class='ocr_line' id='line_1_70' title="bbox 710 4445 2284 4520; baseline 0.004 -22"><span class='ocrx_word' id='word_1_472' title='bbox 710 4455 923 4514; x_wconf 90' lang='lat' dir='ltr'><strong>tempus</strong></span> <span class='ocrx_word' id='word_1_473' title='bbox 966 4445 1203 4499; x_wconf 86' lang='lat' dir='ltr'><strong>hominis</strong></span> <span class='ocrx_word' id='word_1_474' title='bbox 1250 4446 1448 4500; x_wconf 77' lang='lat' dir='ltr'><strong>unius?</strong></span> <span class='ocrx_word' id='word_1_475' title='bbox 1490 4445 1543 4500; x_wconf 90' lang='lat' dir='ltr'><strong>ld</strong></span> <span class='ocrx_word' id='word_1_476' title='bbox 1578 4463 1793 4502; x_wconf 88' lang='lat' dir='ltr'><strong>rursum</strong></span> <span class='ocrx_word' id='word_1_477' title='bbox 1823 4450 2182 4520; x_wconf 87' lang='lat' dir='ltr'><strong>Symmachus</strong></span> <span class='ocrx_word' id='word_1_478' title='bbox 2205 4452 2284 4505; x_wconf 88' lang='lat' dir='ltr'><strong>sic</strong></span> 
     </span>
    </p>
   </div>
   <div class='ocr_carea' id='block_1_71' title="bbox 2378 3254 3950 3327">
    <p class='ocr_par' dir='ltr' id='par_1_71' title="bbox 2378 3254 3950 3327">
     <span class='ocr_line' id='line_1_71' title="bbox 2378 3254 3950 3327; baseline -0.001 -18"><span class='ocrx_word' id='word_1_479' title='bbox 2378 3256 2456 3327; x_wconf 79' lang='grc' dir='ltr'><strong>τῷ</strong></span> <span class='ocrx_word' id='word_1_480' title='bbox 2488 3254 2993 3327; x_wconf 82' lang='grc' dir='ltr'><strong>ἀναμιμνήσκεσθαί</strong></span> <span class='ocrx_word' id='word_1_481' title='bbox 3043 3272 3107 3325; x_wconf 86' lang='grc' dir='ltr'><strong>με</strong></span> <span class='ocrx_word' id='word_1_482' title='bbox 3152 3254 3244 3307; x_wconf 81' lang='grc' dir='ltr'><strong>τοῦ</strong></span> <span class='ocrx_word' id='word_1_483' title='bbox 3300 3254 3714 3324; x_wconf 81' lang='grc' dir='ltr'><strong>ἁμαρτήματος,</strong></span> <span class='ocrx_word' id='word_1_484' title='bbox 3765 3257 3950 3325; x_wconf 79' lang='grc' dir='ltr'><strong>φησὶν,</strong></span> 
     </span>
    </p>
   </div>
   <div class='ocr_carea' id='block_1_72' title="bbox 2383 3346 2822 3418">
    <p class='ocr_par' dir='ltr' id='par_1_72' title="bbox 2383 3346 2822 3418">
     <span class='ocr_line' id='line_1_72' title="bbox 2383 3346 2822 3418; baseline -0.005 -17"><span class='ocrx_word' id='word_1_485' title='bbox 2383 3348 2645 3418; x_wconf 77' lang='grc' dir='ltr'><strong>ὲκαιόμην</strong></span> <span class='ocrx_word' id='word_1_486' title='bbox 2671 3346 2822 3418; x_wconf 67' lang='grc' dir='ltr'><strong>πυρί.</strong></span> 
     </span>
    </p>
   </div>
   <div class='ocr_carea' id='block_1_73' title="bbox 2467 3436 3951 3506">
    <p class='ocr_par' dir='ltr' id='par_1_73' title="bbox 2467 3436 3951 3506">
     <span class='ocr_line' id='line_1_73' title="bbox 2467 3436 3951 3506; baseline -0.001 -14"><span class='ocrx_word' id='word_1_487' title='bbox 2467 3438 2774 3505; x_wconf 78' lang='grc' dir='ltr'><strong>Ἐλάλησα</strong></span> <span class='ocrx_word' id='word_1_488' title='bbox 2827 3438 2895 3489; x_wconf 81' lang='grc' dir='ltr'><strong>ἐν</strong></span> <span class='ocrx_word' id='word_1_489' title='bbox 2955 3436 3201 3506; x_wconf 76' lang='grc' dir='ltr'><strong>γλώσσῃ</strong></span> <span class='ocrx_word' id='word_1_490' title='bbox 3248 3454 3403 3505; x_wconf 82' lang='grc' dir='ltr'><strong>μου·</strong></span> <span class='ocrx_word' id='word_1_491' title='bbox 3443 3438 3751 3506; x_wconf 72' lang='grc' dir='ltr'><strong>Γηῦρισόν</strong></span> <span class='ocrx_word' id='word_1_492' title='bbox 3796 3455 3899 3506; x_wconf 85' lang='grc' dir='ltr'><strong>μοι</strong></span> <span class='ocrx_word' id='word_1_493' title='bbox 3937 3477 3951 3498; x_wconf 88' lang='grc'><strong>,</strong></span> 
     </span>
    </p>
   </div>
   <div class='ocr_carea' id='block_1_74' title="bbox 2381 3524 3953 3601">
    <p class='ocr_par' dir='ltr' id='par_1_74' title="bbox 2381 3524 3953 3601">
     <span class='ocr_line' id='line_1_74' title="bbox 2381 3524 3953 3601; baseline -0.002 -17"><span class='ocrx_word' id='word_1_494' title='bbox 2381 3531 2577 3599; x_wconf 85' lang='grc' dir='ltr'><strong>Κύριε,</strong></span> <span class='ocrx_word' id='word_1_495' title='bbox 2608 3529 2673 3584; x_wconf 62' lang='lat' dir='ltr'><strong>to</strong></span> <span class='ocrx_word' id='word_1_496' title='bbox 2702 3529 2883 3597; x_wconf 82' lang='grc' dir='ltr'><strong>πέρας</strong></span> <span class='ocrx_word' id='word_1_497' title='bbox 2907 3546 3044 3598; x_wconf 82' lang='grc' dir='ltr'><strong>μου.</strong></span> <span class='ocrx_word' id='word_1_498' title='bbox 3082 3528 3174 3594; x_wconf 86' lang='grc' dir='ltr'><strong>Τὸ,</strong></span> <span class='ocrx_word' id='word_1_499' title='bbox 3204 3528 3273 3581; x_wconf 80' lang='grc' dir='ltr'><strong>ἐν</strong></span> <span class='ocrx_word' id='word_1_500' title='bbox 3306 3529 3576 3599; x_wconf 76' lang='grc' dir='ltr'><strong>γλώσσῃ,</strong></span> <span class='ocrx_word' id='word_1_501' title='bbox 3607 3524 3715 3582; x_wconf 78' lang='grc' dir='ltr'><strong>οἷον</strong></span> <span class='ocrx_word' id='word_1_502' title='bbox 3762 3530 3953 3601; x_wconf 67' lang='grc' dir='ltr'><strong>⁴πἰρέμει</strong></span> 
     </span>
    </p>
   </div>
   <div class='ocr_carea' id='block_1_75' title="bbox 2384 3618 3952 3695">
    <p class='ocr_par' dir='ltr' id='par_1_75' title="bbox 2384 3618 3952 3695">
     <span class='ocr_line' id='line_1_75' title="bbox 2384 3618 3952 3695; baseline -0.003 -19"><span class='ocrx_word' id='word_1_503' title='bbox 2384 3623 2478 3677; x_wconf 76' lang='grc' dir='ltr'><strong>καὶ</strong></span> <span class='ocrx_word' id='word_1_504' title='bbox 2506 3622 2825 3695; x_wconf 72' lang='grc' dir='ltr'><strong>ψιθυρίξων,</strong></span> <span class='ocrx_word' id='word_1_505' title='bbox 2856 3622 2947 3674; x_wconf 75' lang='grc' dir='ltr'><strong>καὶ</strong></span> <span class='ocrx_word' id='word_1_506' title='bbox 2980 3619 3053 3692; x_wconf 80' lang='grc' dir='ltr'><strong>μὴ</strong></span> <span class='ocrx_word' id='word_1_507' title='bbox 3083 3622 3161 3683; x_wconf 83' lang='grc' dir='ltr'><strong>είς</strong></span> <span class='ocrx_word' id='word_1_508' title='bbox 3202 3620 3427 3683; x_wconf 76' lang='grc' dir='ltr'><strong>πολλοὺς</strong></span> <span class='ocrx_word' id='word_1_509' title='bbox 3456 3620 3700 3691; x_wconf 69' lang='grc' dir='ltr'><strong>ἐκφέρων</strong></span> <span class='ocrx_word' id='word_1_510' title='bbox 3731 3619 3819 3672; x_wconf 79' lang='grc' dir='ltr'><strong>τὸν</strong></span> <span class='ocrx_word' id='word_1_511' title='bbox 3864 3618 3952 3671; x_wconf 81' lang='grc' dir='ltr'><strong>λό-</strong></span> 
     </span>
    </p>
   </div>
   <div class='ocr_carea' id='block_1_76' title="bbox 2383 3708 3955 3783">
    <p class='ocr_par' dir='ltr' id='par_1_76' title="bbox 2383 3708 3955 3783">
     <span class='ocr_line' id='line_1_76' title="bbox 2383 3708 3955 3783; baseline -0.001 -16"><span class='ocrx_word' id='word_1_512' title='bbox 2383 3732 2499 3783; x_wconf 92' lang='grc' dir='ltr'><strong>γον.</strong></span> <span class='ocrx_word' id='word_1_513' title='bbox 2546 3715 2601 3767; x_wconf 89' lang='grc'><strong>’0</strong></span> <span class='ocrx_word' id='word_1_514' title='bbox 2631 3714 2686 3767; x_wconf 84' lang='grc' dir='ltr'><strong>δὲ</strong></span> <span class='ocrx_word' id='word_1_515' title='bbox 2711 3714 2867 3782; x_wconf 81' lang='grc' dir='ltr'><strong>λόγος</strong></span> <span class='ocrx_word' id='word_1_516' title='bbox 2891 3712 3157 3783; x_wconf 75' lang='grc' dir='ltr'><strong>ἐρώτησις</strong></span> <span class='ocrx_word' id='word_1_517' title='bbox 3176 3708 3243 3782; x_wconf 79' lang='grc' dir='ltr'><strong>ἦν</strong></span> <span class='ocrx_word' id='word_1_518' title='bbox 3268 3712 3397 3783; x_wconf 75' lang='grc' dir='ltr'><strong>περὶ</strong></span> <span class='ocrx_word' id='word_1_519' title='bbox 3426 3712 3532 3763; x_wconf 83' lang='grc' dir='ltr'><strong>τῶν</strong></span> <span class='ocrx_word' id='word_1_520' title='bbox 3564 3711 3763 3765; x_wconf 80' lang='grc' dir='ltr'><strong>λοιπῶν</strong></span> <span class='ocrx_word' id='word_1_521' title='bbox 3813 3714 3955 3781; x_wconf 76' lang='grc' dir='ltr'><strong>ἡμε-</strong></span> 
     </span>
    </p>
   </div>
   <div class='ocr_carea' id='block_1_77' title="bbox 2386 3804 3953 3877">
    <p class='ocr_par' dir='ltr' id='par_1_77' title="bbox 2386 3804 3953 3877">
     <span class='ocr_line' id='line_1_77' title="bbox 2386 3804 3953 3877; baseline 0 -19"><span class='ocrx_word' id='word_1_522' title='bbox 2386 3806 2515 3877; x_wconf 86' lang='grc' dir='ltr'>ρῶν.</span> <span class='ocrx_word' id='word_1_523' title='bbox 2562 3804 2775 3875; x_wconf 86' lang='grc' dir='ltr'><strong>Ἤρώτα</strong></span> <span class='ocrx_word' id='word_1_524' title='bbox 2840 3804 2917 3867; x_wconf 84' lang='grc' dir='ltr'><strong>δὲ,</strong></span> <span class='ocrx_word' id='word_1_525' title='bbox 2968 3804 3160 3875; x_wconf 86' lang='grc' dir='ltr'><strong>μαθεῖν</strong></span> <span class='ocrx_word' id='word_1_526' title='bbox 3212 3805 3528 3875; x_wconf 85' lang='grc' dir='ltr'><strong>βουλόμενος</strong></span> <span class='ocrx_word' id='word_1_527' title='bbox 3570 3807 3617 3858; x_wconf 84' lang='grc' dir='ltr'><strong>εί</strong></span> <span class='ocrx_word' id='word_1_528' title='bbox 3666 3806 3953 3877; x_wconf 75' lang='grc' dir='ltr'><strong>ἐξαρκέσει</strong></span> 
     </span>
    </p>
   </div>
   <div class='ocr_carea' id='block_1_78' title="bbox 2382 3894 3865 3967">
    <p class='ocr_par' dir='ltr' id='par_1_78' title="bbox 2382 3894 3865 3967">
     <span class='ocr_line' id='line_1_78' title="bbox 2382 3894 3865 3967; baseline 0.003 -21"><span class='ocrx_word' id='word_1_529' title='bbox 2382 3894 2531 3963; x_wconf 79' lang='grc' dir='ltr'><strong>αὐτῷ</strong></span> <span class='ocrx_word' id='word_1_530' title='bbox 2569 3896 2647 3956; x_wconf 85' lang='grc' dir='ltr'><strong>είς</strong></span> <span class='ocrx_word' id='word_1_531' title='bbox 2676 3894 2964 3964; x_wconf 86' lang='grc' dir='ltr'><strong>μετάνοιαν</strong></span> <span class='ocrx_word' id='word_1_532' title='bbox 2994 3896 3022 3947; x_wconf 92' lang='grc' dir='ltr'><strong>ό</strong></span> <span class='ocrx_word' id='word_1_533' title='bbox 3046 3894 3230 3958; x_wconf 84' lang='grc' dir='ltr'><strong>λοιπὸς</strong></span> <span class='ocrx_word' id='word_1_534' title='bbox 3261 3895 3369 3948; x_wconf 86' lang='grc' dir='ltr'><strong>τῶν</strong></span> <span class='ocrx_word' id='word_1_535' title='bbox 3405 3895 3625 3966; x_wconf 81' lang='grc' dir='ltr'><strong>ἡμερῶν</strong></span> <span class='ocrx_word' id='word_1_536' title='bbox 3652 3896 3865 3967; x_wconf 78' lang='grc' dir='ltr'>χρόνος.</span> 
     </span>
    </p>
   </div>
   <div class='ocr_carea' id='block_1_79' title="bbox 2466 3986 3952 4058">
    <p class='ocr_par' dir='ltr' id='par_1_79' title="bbox 2466 3986 3952 4058">
     <span class='ocr_line' id='line_1_79' title="bbox 2466 3986 3952 4058; baseline 0.001 -18"><span class='ocrx_word' id='word_1_537' title='bbox 2466 3986 2620 4041; x_wconf 85' lang='grc' dir='ltr'><strong>Ἰδοὺ</strong></span> <span class='ocrx_word' id='word_1_538' title='bbox 2644 3987 2981 4053; x_wconf 73' lang='grc' dir='ltr'><strong>παλαιστὰς</strong></span> <span class='ocrx_word' id='word_1_539' title='bbox 3021 3987 3160 4041; x_wconf 74' lang='grc' dir='ltr'><strong>ἔθου</strong></span> <span class='ocrx_word' id='word_1_540' title='bbox 3192 4004 3299 4055; x_wconf 86' lang='grc' dir='ltr'><strong>τας</strong></span> <span class='ocrx_word' id='word_1_541' title='bbox 3337 3988 3560 4057; x_wconf 75' lang='grc' dir='ltr'><strong>ἡμέρας</strong></span> <span class='ocrx_word' id='word_1_542' title='bbox 3584 4006 3701 4058; x_wconf 78' lang='grc' dir='ltr'><strong>μου</strong></span> <span class='ocrx_word' id='word_1_543' title='bbox 3724 4005 3739 4019; x_wconf 76' lang='grc' dir='ltr'><strong>ο</strong></span> <span class='ocrx_word' id='word_1_544' title='bbox 3780 3988 3880 4042; x_wconf 83' lang='grc' dir='ltr'><strong>καί</strong></span> <span class='ocrx_word' id='word_1_545' title='bbox 3916 3990 3952 4055; x_wconf 81' lang='grc' dir='ltr'><strong><em>ή</em></strong></span> 
     </span>
    </p>
   </div>
   <div class='ocr_carea' id='block_1_80' title="bbox 2381 4077 3954 4145">
    <p class='ocr_par' dir='ltr' id='par_1_80' title="bbox 2381 4077 3954 4145">
     <span class='ocr_line' id='line_1_80' title="bbox 2381 4077 3954 4145; baseline -0.001 -14"><span class='ocrx_word' id='word_1_546' title='bbox 2381 4078 2718 4142; x_wconf 78' lang='grc' dir='ltr'><strong>ὑπόστασις</strong></span> <span class='ocrx_word' id='word_1_547' title='bbox 2738 4095 2855 4145; x_wconf 84' lang='grc' dir='ltr'><strong>μου</strong></span> <span class='ocrx_word' id='word_1_548' title='bbox 2904 4078 3044 4131; x_wconf 78' lang='grc' dir='ltr'><strong>ὡσεί</strong></span> <span class='ocrx_word' id='word_1_549' title='bbox 3094 4078 3271 4132; x_wconf 79' lang='grc' dir='ltr'><strong>οὐθὲν</strong></span> <span class='ocrx_word' id='word_1_550' title='bbox 3308 4077 3565 4131; x_wconf 78' lang='grc' dir='ltr'><strong>ἐνώπιόν</strong></span> <span class='ocrx_word' id='word_1_551' title='bbox 3585 4093 3724 4131; x_wconf 86' lang='grc' dir='ltr'><strong>σου.</strong></span> <span class='ocrx_word' id='word_1_552' title='bbox 3761 4078 3823 4131; x_wconf 82' lang='lat' dir='ltr'><strong>Et</strong></span> <span class='ocrx_word' id='word_1_553' title='bbox 3859 4081 3954 4130; x_wconf 79' lang='grc' dir='ltr'><strong>καὶ</strong></span> 
     </span>
    </p>
   </div>
   <div class='ocr_carea' id='block_1_81' title="bbox 2385 4167 3954 4239">
    <p class='ocr_par' dir='ltr' id='par_1_81' title="bbox 2385 4167 3954 4239">
     <span class='ocr_line' id='line_1_81' title="bbox 2385 4167 3954 4239; baseline -0.001 -18"><span class='ocrx_word' id='word_1_554' title='bbox 2385 4171 2464 4231; x_wconf 89' lang='grc' dir='ltr'><strong>είς</strong></span> <span class='ocrx_word' id='word_1_555' title='bbox 2495 4168 2688 4238; x_wconf 77' lang='grc' dir='ltr'><strong>μῆκος,</strong></span> <span class='ocrx_word' id='word_1_556' title='bbox 2727 4170 2879 4237; x_wconf 83' lang='grc' dir='ltr'><strong>φησὶ,</strong></span> <span class='ocrx_word' id='word_1_557' title='bbox 2916 4169 3227 4239; x_wconf 78' lang='grc' dir='ltr'><strong>παρατείνει</strong></span> <span class='ocrx_word' id='word_1_558' title='bbox 3252 4186 3340 4239; x_wconf 88' lang='grc' dir='ltr'><strong>μοι</strong></span> <span class='ocrx_word' id='word_1_559' title='bbox 3373 4167 3505 4239; x_wconf 80' lang='grc' dir='ltr'><strong>ζωὴ,</strong></span> <span class='ocrx_word' id='word_1_560' title='bbox 3537 4168 3611 4231; x_wconf 83' lang='grc' dir='ltr'><strong>ὡς</strong></span> <span class='ocrx_word' id='word_1_561' title='bbox 3658 4169 3809 4221; x_wconf 70' lang='grc' dir='ltr'><strong>οὐδὲν</strong></span> <span class='ocrx_word' id='word_1_562' title='bbox 3864 4172 3954 4222; x_wconf 73' lang='grc' dir='ltr'><strong>ὲν-</strong></span> 
     </span>
    </p>
   </div>
   <div class='ocr_carea' id='block_1_82' title="bbox 2384 4259 3950 4333">
    <p class='ocr_par' dir='ltr' id='par_1_82' title="bbox 2384 4259 3950 4333">
     <span class='ocr_line' id='line_1_82' title="bbox 2384 4259 3950 4333; baseline 0 -20"><span class='ocrx_word' id='word_1_563' title='bbox 2384 4260 2556 4314; x_wconf 87' lang='grc' dir='ltr'><strong>ὡπιόν</strong></span> <span class='ocrx_word' id='word_1_564' title='bbox 2595 4277 2687 4313; x_wconf 89' lang='grc' dir='ltr'><strong>σου</strong></span> <span class='ocrx_word' id='word_1_565' title='bbox 2721 4260 3117 4330; x_wconf 78' lang='grc' dir='ltr'><strong>λογισθήσεται.</strong></span> <span class='ocrx_word' id='word_1_566' title='bbox 3141 4260 3202 4313; x_wconf 89' lang='grc' dir='ltr'><strong>Εί</strong></span> <span class='ocrx_word' id='word_1_567' title='bbox 3232 4261 3339 4333; x_wconf 87' lang='grc' dir='ltr'><strong>γὰρ</strong></span> <span class='ocrx_word' id='word_1_568' title='bbox 3368 4259 3511 4331; x_wconf 87' lang='grc' dir='ltr'><strong>χίλια</strong></span> <span class='ocrx_word' id='word_1_569' title='bbox 3544 4261 3635 4331; x_wconf 79' lang='grc' dir='ltr'><strong>ἔτη</strong></span> <span class='ocrx_word' id='word_1_570' title='bbox 3660 4264 3715 4313; x_wconf 75' lang='grc' dir='ltr'><strong>ὲν</strong></span> <span class='ocrx_word' id='word_1_571' title='bbox 3748 4260 3950 4329; x_wconf 79' lang='grc' dir='ltr'><strong>ὀφθαλ-</strong></span> 
     </span>
    </p>
   </div>
   <div class='ocr_carea' id='block_1_83' title="bbox 2388 4352 3950 4424">
    <p class='ocr_par' dir='ltr' id='par_1_83' title="bbox 2388 4352 3950 4424">
     <span class='ocr_line' id='line_1_83' title="bbox 2388 4352 3950 4424; baseline -0.001 -17"><span class='ocrx_word' id='word_1_572' title='bbox 2388 4356 2508 4424; x_wconf 85' lang='grc' dir='ltr'><strong>μοῖς</strong></span> <span class='ocrx_word' id='word_1_573' title='bbox 2536 4370 2629 4406; x_wconf 84' lang='grc' dir='ltr'><strong>σον</strong></span> <span class='ocrx_word' id='word_1_574' title='bbox 2660 4352 2736 4416; x_wconf 84' lang='grc' dir='ltr'><strong>ὡς</strong></span> <span class='ocrx_word' id='word_1_575' title='bbox 2770 4352 2949 4423; x_wconf 77' lang='grc' dir='ltr'><strong>ἡμέρα</strong></span> <span class='ocrx_word' id='word_1_576' title='bbox 2983 4352 3103 4423; x_wconf 91' lang='grc' dir='ltr'><strong>μία,</strong></span> <span class='ocrx_word' id='word_1_577' title='bbox 3148 4352 3201 4406; x_wconf 85' lang='grc' dir='ltr'><strong>τί</strong></span> <span class='ocrx_word' id='word_1_578' title='bbox 3238 4352 3303 4406; x_wconf 84' lang='grc' dir='ltr'><strong>ἀν</strong></span> <span class='ocrx_word' id='word_1_579' title='bbox 3346 4354 3430 4424; x_wconf 74' lang='grc' dir='ltr'><strong>εἵη</strong></span> <span class='ocrx_word' id='word_1_580' title='bbox 3469 4354 3655 4424; x_wconf 86' lang='grc' dir='ltr'><strong>χρόνος</strong></span> <span class='ocrx_word' id='word_1_581' title='bbox 3695 4354 3813 4416; x_wconf 74' lang='grc' dir='ltr'><strong>ἑνὸς</strong></span> <span class='ocrx_word' id='word_1_582' title='bbox 3857 4357 3950 4408; x_wconf 81' lang='grc' dir='ltr'><strong>ἀν-</strong></span> 
     </span>
    </p>
   </div>
   <div class='ocr_carea' id='block_1_84' title="bbox 2385 4444 3951 4518">
    <p class='ocr_par' dir='ltr' id='par_1_84' title="bbox 2385 4444 3951 4518">
     <span class='ocr_line' id='line_1_84' title="bbox 2385 4444 3951 4518; baseline 0 -19"><span class='ocrx_word' id='word_1_583' title='bbox 2385 4445 2601 4518; x_wconf 84' lang='grc' dir='ltr'><strong>θρώπου</strong></span> <span class='ocrx_word' id='word_1_584' title='bbox 2626 4464 2640 4508; x_wconf 87' lang='grc'>;</span> <span class='ocrx_word' id='word_1_585' title='bbox 2669 4445 2841 4498; x_wconf 78' lang='grc' dir='ltr'><strong>Τοῦτο</strong></span> <span class='ocrx_word' id='word_1_586' title='bbox 2884 4445 3045 4497; x_wconf 81' lang='grc' dir='ltr'><strong>πάλιν</strong></span> <span class='ocrx_word' id='word_1_587' title='bbox 3077 4446 3105 4496; x_wconf 89' lang='grc' dir='ltr'><strong>ό</strong></span> <span class='ocrx_word' id='word_1_588' title='bbox 3138 4444 3429 4515; x_wconf 81' lang='grc' dir='ltr'><strong>Σύμμαχος</strong></span> <span class='ocrx_word' id='word_1_589' title='bbox 3465 4446 3636 4511; x_wconf 71' lang='grc' dir='ltr'><strong>οὕτως</strong></span> <span class='ocrx_word' id='word_1_590' title='bbox 3674 4447 3951 4518; x_wconf 74' lang='grc' dir='ltr'><strong>ἡρμήνευ-</strong></span> 
     </span>
    </p>
   </div>
   <div class='ocr_carea' id='block_1_85' title="bbox 712 4536 2306 4610">
    <p class='ocr_par' dir='ltr' id='par_1_85' title="bbox 712 4537 2282 4610">
     <span class='ocr_line' id='line_1_85' title="bbox 712 4537 2282 4610; baseline 0.005 -21"><span class='ocrx_word' id='word_1_591' title='bbox 712 4537 1093 4605; x_wconf 87' lang='lat' dir='ltr'><strong>iuterpretatus</strong></span> <span class='ocrx_word' id='word_1_592' title='bbox 1137 4546 1221 4592; x_wconf 86' lang='lat' dir='ltr'><strong>est</strong></span> <span class='ocrx_word' id='word_1_593' title='bbox 1264 4558 1276 4593; x_wconf 74' lang='grc' dir='ltr'>ε</span> <span class='ocrx_word' id='word_1_594' title='bbox 1311 4537 1444 4593; x_wconf 86' lang='lat' dir='ltr'><strong>Ecce</strong></span> <span class='ocrx_word' id='word_1_595' title='bbox 1485 4542 1635 4610; x_wconf 84' lang='lat' dir='ltr'><strong>quasi</strong></span> <span class='ocrx_word' id='word_1_596' title='bbox 1684 4541 1888 4609; x_wconf 88' lang='lat' dir='ltr'><strong>palmas</strong></span> <span class='ocrx_word' id='word_1_597' title='bbox 1936 4542 2127 4597; x_wconf 84' lang='lat' dir='ltr'><strong>dedisti</strong></span> <span class='ocrx_word' id='word_1_598' title='bbox 2173 4543 2282 4597; x_wconf 89' lang='lat' dir='ltr'><strong>dies</strong></span> 
     </span>
    </p>
   </div>
   <div class='ocr_carea' id='block_1_86' title="bbox 2385 4536 3947 4610">
    <p class='ocr_par' dir='ltr' id='par_1_86' title="bbox 2390 4536 3947 4607">
     <span class='ocr_line' id='line_1_86' title="bbox 2390 4536 3947 4607; baseline 0.001 -16"><span class='ocrx_word' id='word_1_599' title='bbox 2390 4555 2478 4592; x_wconf 91' lang='grc' dir='ltr'><strong>σεν</strong></span> <span class='ocrx_word' id='word_1_600' title='bbox 2498 4556 2511 4569; x_wconf 90' lang='grc'><strong>·</strong></span> <span class='ocrx_word' id='word_1_601' title='bbox 2561 4538 2706 4592; x_wconf 77' lang='grc' dir='ltr'><strong>Ἰδοὺ</strong></span> <span class='ocrx_word' id='word_1_602' title='bbox 2745 4539 2823 4603; x_wconf 81' lang='grc' dir='ltr'><strong>ὡς</strong></span> <span class='ocrx_word' id='word_1_603' title='bbox 2855 4538 3156 4606; x_wconf 80' lang='grc' dir='ltr'><strong>σπιθαμὰς</strong></span> <span class='ocrx_word' id='word_1_604' title='bbox 3174 4538 3399 4603; x_wconf 76' lang='grc' dir='ltr'><strong>ἔδωκας</strong></span> <span class='ocrx_word' id='word_1_605' title='bbox 3429 4537 3537 4603; x_wconf 84' lang='grc' dir='ltr'><strong>τὰς</strong></span> <span class='ocrx_word' id='word_1_606' title='bbox 3569 4536 3790 4606; x_wconf 67' lang='grc' dir='ltr'><strong>ἡμέρας</strong></span> <span class='ocrx_word' id='word_1_607' title='bbox 3805 4556 3947 4607; x_wconf 83' lang='grc' dir='ltr'><strong>μου,</strong></span> 
     </span>
    </p>
   </div>
   <div class='ocr_carea' id='block_1_87' title="bbox 711 4632 2283 4703">
    <p class='ocr_par' dir='ltr' id='par_1_87' title="bbox 711 4632 2283 4703">
     <span class='ocr_line' id='line_1_87' title="bbox 711 4632 2283 4703; baseline 0.005 -23"><span class='ocrx_word' id='word_1_608' title='bbox 711 4642 885 4691; x_wconf 81' lang='lat' dir='ltr'><strong>meos,</strong></span> <span class='ocrx_word' id='word_1_609' title='bbox 933 4638 983 4681; x_wconf 90' lang='lat' dir='ltr'><strong>et</strong></span> <span class='ocrx_word' id='word_1_610' title='bbox 1030 4632 1140 4683; x_wconf 70' lang='lat' dir='ltr'><strong>vita</strong></span> <span class='ocrx_word' id='word_1_611' title='bbox 1180 4646 1294 4683; x_wconf 90' lang='lat' dir='ltr'><strong>mea</strong></span> <span class='ocrx_word' id='word_1_612' title='bbox 1334 4640 1585 4701; x_wconf 88' lang='lat' dir='ltr'><strong>tanquam</strong></span> <span class='ocrx_word' id='word_1_613' title='bbox 1635 4633 1858 4686; x_wconf 83' lang='lat' dir='ltr'><strong>nihilum</strong></span> <span class='ocrx_word' id='word_1_614' title='bbox 1904 4634 1958 4687; x_wconf 89' lang='lat' dir='ltr'><strong>in</strong></span> <span class='ocrx_word' id='word_1_615' title='bbox 2007 4644 2283 4703; x_wconf 87' lang='lat' dir='ltr'><strong>conspectu</strong></span> 
     </span>
    </p>
   </div>
   <div class='ocr_carea' id='block_1_88' title="bbox 710 4719 2282 4793">
    <p class='ocr_par' dir='ltr' id='par_1_88' title="bbox 710 4719 2282 4793">
     <span class='ocr_line' id='line_1_88' title="bbox 710 4719 2282 4793; baseline 0.006 -20"><span class='ocrx_word' id='word_1_616' title='bbox 710 4732 821 4774; x_wconf 72' lang='lat' dir='ltr'><strong>tuo.</strong></span> <span class='ocrx_word' id='word_1_617' title='bbox 865 4719 947 4774; x_wconf 87' lang='lat' dir='ltr'><strong>Tu</strong></span> <span class='ocrx_word' id='word_1_618' title='bbox 980 4737 1214 4792; x_wconf 90' lang='lat' dir='ltr'><strong>namque</strong></span> <span class='ocrx_word' id='word_1_619' title='bbox 1246 4723 1364 4777; x_wconf 90' lang='lat' dir='ltr'><strong>sine</strong></span> <span class='ocrx_word' id='word_1_620' title='bbox 1394 4725 1549 4779; x_wconf 90' lang='lat' dir='ltr'><strong>initio</strong></span> <span class='ocrx_word' id='word_1_621' title='bbox 1577 4741 1635 4779; x_wconf 90' lang='lat' dir='ltr'><strong>es</strong></span> <span class='ocrx_word' id='word_1_622' title='bbox 1672 4735 1727 4780; x_wconf 89' lang='lat' dir='ltr'><strong>et</strong></span> <span class='ocrx_word' id='word_1_623' title='bbox 1767 4726 1886 4781; x_wconf 85' lang='lat' dir='ltr'><strong>sine</strong></span> <span class='ocrx_word' id='word_1_624' title='bbox 1930 4727 2056 4793; x_wconf 86' lang='lat' dir='ltr'><strong>line,</strong></span> <span class='ocrx_word' id='word_1_625' title='bbox 2099 4737 2282 4783; x_wconf 86' lang='lat' dir='ltr'><strong>nostra</strong></span> 
     </span>
    </p>
   </div>
   <div class='ocr_carea' id='block_1_89' title="bbox 708 4815 2283 4886">
    <p class='ocr_par' dir='ltr' id='par_1_89' title="bbox 708 4815 2283 4886">
     <span class='ocr_line' id='line_1_89' title="bbox 708 4815 2283 4886; baseline 0.006 -20"><span class='ocrx_word' id='word_1_626' title='bbox 708 4826 887 4867; x_wconf 85' lang='lat' dir='ltr'><strong>autem</strong></span> <span class='ocrx_word' id='word_1_627' title='bbox 923 4816 1029 4867; x_wconf 85' lang='lat' dir='ltr'><strong>vita</strong></span> <span class='ocrx_word' id='word_1_628' title='bbox 1052 4830 1149 4868; x_wconf 88' lang='lat' dir='ltr'><strong>ceu</strong></span> <span class='ocrx_word' id='word_1_629' title='bbox 1170 4815 1495 4884; x_wconf 88' lang='lat' dir='ltr'><strong>quibusdam</strong></span> <span class='ocrx_word' id='word_1_630' title='bbox 1530 4818 1724 4886; x_wconf 86' lang='lat' dir='ltr'><strong>palmis</strong></span> <span class='ocrx_word' id='word_1_631' title='bbox 1752 4828 1807 4873; x_wconf 90' lang='lat' dir='ltr'><strong>et</strong></span> <span class='ocrx_word' id='word_1_632' title='bbox 1832 4822 2106 4875; x_wconf 90' lang='lat' dir='ltr'><strong>mensuris</strong></span> <span class='ocrx_word' id='word_1_633' title='bbox 2133 4837 2283 4876; x_wconf 85' lang='lat' dir='ltr'><strong>men-</strong></span> 
     </span>
    </p>
   </div>
   <div class='ocr_carea' id='block_1_90' title="bbox 710 4905 2138 4967">
    <p class='ocr_par' dir='ltr' id='par_1_90' title="bbox 710 4905 2138 4967">
     <span class='ocr_line' id='line_1_90' title="bbox 710 4905 2138 4967; baseline 0.005 -9"><span class='ocrx_word' id='word_1_634' title='bbox 710 4922 771 4959; x_wconf 88' lang='lat' dir='ltr'><strong>sa</strong></span> <span class='ocrx_word' id='word_1_635' title='bbox 805 4915 905 4961; x_wconf 87' lang='lat' dir='ltr'><strong>est.</strong></span> <span class='ocrx_word' id='word_1_636' title='bbox 959 4905 1053 4963; x_wconf 84' lang='lat' dir='ltr'><strong>His</strong></span> <span class='ocrx_word' id='word_1_637' title='bbox 1083 4908 1400 4963; x_wconf 81' lang='lat' dir='ltr'><strong>brevitatem</strong></span> <span class='ocrx_word' id='word_1_638' title='bbox 1447 4909 1688 4965; x_wconf 89' lang='lat' dir='ltr'><strong>declarat</strong></span> <span class='ocrx_word' id='word_1_639' title='bbox 1719 4912 1971 4967; x_wconf 64' lang='lat' dir='ltr'><strong>humanae</strong></span> <span class='ocrx_word' id='word_1_640' title='bbox 1997 4912 2138 4967; x_wconf 69' lang='lat' dir='ltr'><strong>vitae.</strong></span> 
     </span>
    </p>
   </div>
   <div class='ocr_carea' id='block_1_91' title="bbox 778 5085 2284 5155">
    <p class='ocr_par' dir='ltr' id='par_1_91' title="bbox 778 5085 2284 5155">
     <span class='ocr_line' id='line_1_91' title="bbox 778 5085 2284 5155; baseline 0.005 -18"><span class='ocrx_word' id='word_1_641' title='bbox 778 5085 830 5139; x_wconf 90' lang='lat'><strong>7.</strong></span> <span class='ocrx_word' id='word_1_642' title='bbox 872 5085 1237 5142; x_wconf 82' lang='lat' dir='ltr'><strong>Verumtamen</strong></span> <span class='ocrx_word' id='word_1_643' title='bbox 1260 5090 1503 5143; x_wconf 84' lang='lat' dir='ltr'><strong>universa</strong></span> <span class='ocrx_word' id='word_1_644' title='bbox 1546 5093 1773 5155; x_wconf 77' lang='lat' dir='ltr'><strong>vanitas,</strong></span> <span class='ocrx_word' id='word_1_645' title='bbox 1820 5094 1987 5145; x_wconf 89' lang='lat' dir='ltr'><strong>omnis</strong></span> <span class='ocrx_word' id='word_1_646' title='bbox 2022 5093 2174 5145; x_wconf 85' lang='lat' dir='ltr'><strong>homo</strong></span> <span class='ocrx_word' id='word_1_647' title='bbox 2212 5092 2284 5147; x_wconf 77' lang='lat' dir='ltr'><strong>vi-</strong></span> 
     </span>
    </p>
   </div>
   <div class='ocr_carea' id='block_1_92' title="bbox 712 5170 2283 5250">
    <p class='ocr_par' dir='ltr' id='par_1_92' title="bbox 712 5170 2283 5250">
     <span class='ocr_line' id='line_1_92' title="bbox 712 5170 2283 5250; baseline 0.005 -23"><span class='ocrx_word' id='word_1_648' title='bbox 712 5191 851 5229; x_wconf 77' lang='lat' dir='ltr'><strong>rens.</strong></span> <span class='ocrx_word' id='word_1_649' title='bbox 894 5174 1261 5233; x_wconf 84' lang='lat' dir='ltr'><strong>Verumtamen</strong></span> <span class='ocrx_word' id='word_1_650' title='bbox 1290 5180 1345 5231; x_wconf 89' lang='lat' dir='ltr'><strong>in</strong></span> <span class='ocrx_word' id='word_1_651' title='bbox 1382 5180 1608 5247; x_wconf 84' lang='lat' dir='ltr'><strong>imagine</strong></span> <span class='ocrx_word' id='word_1_652' title='bbox 1655 5184 1941 5250; x_wconf 87' lang='lat' dir='ltr'><strong>pertransit</strong></span> <span class='ocrx_word' id='word_1_653' title='bbox 1977 5170 2151 5246; x_wconf 86' lang='lat' dir='ltr'><strong>homo,</strong></span> <span class='ocrx_word' id='word_1_654' title='bbox 2191 5185 2283 5237; x_wconf 87' lang='lat' dir='ltr'><strong>sed</strong></span> 
     </span>
    </p>
   </div>
   <div class='ocr_carea' id='block_1_93' title="bbox 710 5268 2278 5344">
    <p class='ocr_par' dir='ltr' id='par_1_93' title="bbox 710 5268 2278 5344">
     <span class='ocr_line' id='line_1_93' title="bbox 710 5268 2278 5344; baseline 0.003 -21"><span class='ocrx_word' id='word_1_655' title='bbox 710 5278 761 5323; x_wconf 83' lang='lat' dir='ltr'><strong>et</strong></span> <span class='ocrx_word' id='word_1_656' title='bbox 799 5268 1001 5337; x_wconf 79' lang='lat' dir='ltr'><strong>frustra</strong></span> <span class='ocrx_word' id='word_1_657' title='bbox 1034 5272 1399 5329; x_wconf 83' lang='lat' dir='ltr'><strong>conturbatur.</strong></span> <span class='ocrx_word' id='word_1_658' title='bbox 1439 5272 1496 5326; x_wconf 91' lang='lat' dir='ltr'><strong>Si</strong></span> <span class='ocrx_word' id='word_1_659' title='bbox 1535 5283 1714 5327; x_wconf 84' lang='lat' dir='ltr'><strong>autem</strong></span> <span class='ocrx_word' id='word_1_660' title='bbox 1780 5276 1831 5326; x_wconf 91' lang='lat' dir='ltr'><strong>in</strong></span> <span class='ocrx_word' id='word_1_661' title='bbox 1869 5274 2123 5344; x_wconf 82' lang='lat' dir='ltr'><strong>imagine,</strong></span> <span class='ocrx_word' id='word_1_662' title='bbox 2171 5290 2278 5328; x_wconf 91' lang='lat' dir='ltr'><strong>non</strong></span> 
     </span>
    </p>
   </div>
   <div class='ocr_carea' id='block_1_94' title="bbox 713 5364 2277 5435">
    <p class='ocr_par' dir='ltr' id='par_1_94' title="bbox 713 5364 2277 5435">
     <span class='ocr_line' id='line_1_94' title="bbox 713 5364 2277 5435; baseline 0.003 -19"><span class='ocrx_word' id='word_1_663' title='bbox 713 5365 767 5417; x_wconf 85' lang='lat' dir='ltr'><strong>in</strong></span> <span class='ocrx_word' id='word_1_664' title='bbox 796 5364 1019 5419; x_wconf 79' lang='lat' dir='ltr'><strong>veritate</strong></span> <span class='ocrx_word' id='word_1_665' title='bbox 1048 5365 1338 5434; x_wconf 87' lang='lat' dir='ltr'><strong>pertransit</strong></span> <span class='ocrx_word' id='word_1_666' title='bbox 1360 5365 1545 5429; x_wconf 89' lang='lat' dir='ltr'><strong>homo,</strong></span> <span class='ocrx_word' id='word_1_667' title='bbox 1577 5366 1701 5435; x_wconf 86' lang='lat' dir='ltr'><strong>jure</strong></span> <span class='ocrx_word' id='word_1_668' title='bbox 1731 5366 2020 5420; x_wconf 86' lang='lat' dir='ltr'><strong>vanitatem</strong></span> <span class='ocrx_word' id='word_1_669' title='bbox 2061 5367 2277 5435; x_wconf 70' lang='lat' dir='ltr'><strong>przemi-</strong></span> 
     </span>
    </p>
   </div>
   <div class='ocr_carea' id='block_1_95' title="bbox 712 5454 2277 5525">
    <p class='ocr_par' dir='ltr' id='par_1_95' title="bbox 712 5454 2277 5525">
     <span class='ocr_line' id='line_1_95' title="bbox 712 5454 2277 5525; baseline 0.003 -18"><span class='ocrx_word' id='word_1_670' title='bbox 712 5456 803 5513; x_wconf 80' lang='lat' dir='ltr'><strong>sit.</strong></span> <span class='ocrx_word' id='word_1_671' title='bbox 837 5454 1055 5522; x_wconf 79' lang='lat' dir='ltr'><strong>quando</strong></span> <span class='ocrx_word' id='word_1_672' title='bbox 1089 5472 1195 5510; x_wconf 92' lang='lat' dir='ltr'><strong>non</strong></span> <span class='ocrx_word' id='word_1_673' title='bbox 1243 5472 1424 5511; x_wconf 83' lang='lat' dir='ltr'><strong>veram</strong></span> <span class='ocrx_word' id='word_1_674' title='bbox 1471 5459 1637 5512; x_wconf 82' lang='lat' dir='ltr'><strong>vitam</strong></span> <span class='ocrx_word' id='word_1_675' title='bbox 1685 5459 2053 5525; x_wconf 73' lang='lat' dir='ltr'><strong>transigimus,</strong></span> <span class='ocrx_word' id='word_1_676' title='bbox 2093 5460 2185 5514; x_wconf 88' lang='lat' dir='ltr'><strong>sed</strong></span> <span class='ocrx_word' id='word_1_677' title='bbox 2224 5460 2277 5513; x_wconf 90' lang='lat' dir='ltr'><strong>in</strong></span> 
     </span>
    </p>
   </div>
   <div class='ocr_carea' id='block_1_96' title="bbox 711 5545 2276 5618">
    <p class='ocr_par' dir='ltr' id='par_1_96' title="bbox 711 5545 2276 5618">
     <span class='ocr_line' id='line_1_96' title="bbox 711 5545 2276 5618; baseline 0.006 -22"><span class='ocrx_word' id='word_1_678' title='bbox 711 5545 944 5613; x_wconf 87' lang='lat' dir='ltr'><strong>quadam</strong></span> <span class='ocrx_word' id='word_1_679' title='bbox 970 5546 1222 5616; x_wconf 81' lang='lat' dir='ltr'><strong>imagine,</strong></span> <span class='ocrx_word' id='word_1_680' title='bbox 1266 5564 1438 5613; x_wconf 87' lang='lat' dir='ltr'><strong>neque</strong></span> <span class='ocrx_word' id='word_1_681' title='bbox 1486 5551 1599 5604; x_wconf 83' lang='lat' dir='ltr'><strong>veri</strong></span> <span class='ocrx_word' id='word_1_682' title='bbox 1654 5550 1778 5605; x_wconf 91' lang='lat' dir='ltr'><strong>boni</strong></span> <span class='ocrx_word' id='word_1_683' title='bbox 1823 5551 2002 5606; x_wconf 90' lang='lat' dir='ltr'><strong>studio</strong></span> <span class='ocrx_word' id='word_1_684' title='bbox 2045 5554 2276 5618; x_wconf 79' lang='lat' dir='ltr'><strong>agimur,</strong></span> 
     </span>
    </p>
   </div>
   <div class='ocr_carea' id='block_1_97' title="bbox 713 5636 2277 5712">
    <p class='ocr_par' dir='ltr' id='par_1_97' title="bbox 713 5636 2277 5712">
     <span class='ocr_line' id='line_1_97' title="bbox 713 5636 2277 5712; baseline 0.004 -24"><span class='ocrx_word' id='word_1_685' title='bbox 713 5652 882 5703; x_wconf 88' lang='lat' dir='ltr'><strong>quare</strong></span> <span class='ocrx_word' id='word_1_686' title='bbox 908 5636 1105 5693; x_wconf 82' lang='lat' dir='ltr'><strong>frustra</strong></span> <span class='ocrx_word' id='word_1_687' title='bbox 1132 5641 1545 5696; x_wconf 88' lang='lat' dir='ltr'><strong>conturbamur.</strong></span> <span class='ocrx_word' id='word_1_688' title='bbox 1584 5642 1724 5707; x_wconf 79' lang='lat' dir='ltr'><strong>Vita,</strong></span> <span class='ocrx_word' id='word_1_689' title='bbox 1748 5643 1943 5712; x_wconf 90' lang='lat' dir='ltr'><strong>inquit,</strong></span> <span class='ocrx_word' id='word_1_690' title='bbox 1966 5658 2152 5697; x_wconf 86' lang='lat' dir='ltr'><strong>eorum</strong></span> <span class='ocrx_word' id='word_1_691' title='bbox 2184 5642 2277 5712; x_wconf 90' lang='lat' dir='ltr'><strong>qui</strong></span> 
     </span>
    </p>
   </div>
   <div class='ocr_carea' id='block_1_98' title="bbox 715 5728 2277 5802">
    <p class='ocr_par' dir='ltr' id='par_1_98' title="bbox 715 5728 2277 5802">
     <span class='ocr_line' id='line_1_98' title="bbox 715 5728 2277 5802; baseline 0.005 -23"><span class='ocrx_word' id='word_1_692' title='bbox 715 5728 768 5780; x_wconf 91' lang='lat' dir='ltr'><strong>in</strong></span> <span class='ocrx_word' id='word_1_693' title='bbox 795 5736 934 5781; x_wconf 85' lang='lat' dir='ltr'><strong>terra</strong></span> <span class='ocrx_word' id='word_1_694' title='bbox 964 5731 1185 5800; x_wconf 78' lang='lat' dir='ltr'><strong>degunt,</strong></span> <span class='ocrx_word' id='word_1_695' title='bbox 1205 5734 1401 5801; x_wconf 80' lang='lat' dir='ltr'><strong>quippe</strong></span> <span class='ocrx_word' id='word_1_696' title='bbox 1424 5750 1544 5802; x_wconf 74' lang='lat' dir='ltr'><strong>qua:</strong></span> <span class='ocrx_word' id='word_1_697' title='bbox 1572 5734 1622 5787; x_wconf 94' lang='lat' dir='ltr'><strong>in</strong></span> <span class='ocrx_word' id='word_1_698' title='bbox 1656 5734 2007 5789; x_wconf 67' lang='lat' dir='ltr'><strong>saacularihus</strong></span> <span class='ocrx_word' id='word_1_699' title='bbox 2032 5743 2277 5790; x_wconf 80' lang='lat' dir='ltr'><strong>versetur</strong></span> 
     </span>
    </p>
   </div>
   <div class='ocr_carea' id='block_1_99' title="bbox 713 5818 2274 5889">
    <p class='ocr_par' dir='ltr' id='par_1_99' title="bbox 713 5818 2274 5889">
     <span class='ocr_line' id='line_1_99' title="bbox 713 5818 2274 5889; baseline 0.006 -19"><span class='ocrx_word' id='word_1_700' title='bbox 713 5818 881 5884; x_wconf 86' lang='lat' dir='ltr'><strong>euris,</strong></span> <span class='ocrx_word' id='word_1_701' title='bbox 913 5819 1032 5889; x_wconf 85' lang='lat' dir='ltr'><strong>jure</strong></span> <span class='ocrx_word' id='word_1_702' title='bbox 1062 5822 1269 5877; x_wconf 85' lang='lat' dir='ltr'><strong>vanitas</strong></span> <span class='ocrx_word' id='word_1_703' title='bbox 1294 5824 1607 5881; x_wconf 51' lang='lat' dir='ltr'><strong>aestimetur.</strong></span> <span class='ocrx_word' id='word_1_704' title='bbox 1638 5824 1729 5880; x_wconf 81' lang='lat' dir='ltr'><strong>Vel</strong></span> <span class='ocrx_word' id='word_1_705' title='bbox 1763 5826 1840 5883; x_wconf 87' lang='lat' dir='ltr'><strong>sic</strong></span> <span class='ocrx_word' id='word_1_706' title='bbox 1880 5846 1889 5880; x_wconf 92' lang='lat'>:</span> <span class='ocrx_word' id='word_1_707' title='bbox 1920 5823 2121 5882; x_wconf 89' lang='lat' dir='ltr'><strong>Omnes</strong></span> <span class='ocrx_word' id='word_1_708' title='bbox 2155 5826 2274 5881; x_wconf 76' lang='lat' dir='ltr'><strong>vita:</strong></span> 
     </span>
    </p>
   </div>
   <div class='ocr_carea' id='block_1_100' title="bbox 2387 4628 3949 4701">
    <p class='ocr_par' dir='ltr' id='par_1_100' title="bbox 2387 4628 3949 4701">
     <span class='ocr_line' id='line_1_100' title="bbox 2387 4628 3949 4701; baseline -0.001 -16"><span class='ocrx_word' id='word_1_709' title='bbox 2387 4632 2484 4685; x_wconf 74' lang='grc' dir='ltr'><strong>καί</strong></span> <span class='ocrx_word' id='word_1_710' title='bbox 2518 4633 2555 4699; x_wconf 81' lang='grc' dir='ltr'><strong><em>ἠ</em></strong></span> <span class='ocrx_word' id='word_1_711' title='bbox 2585 4631 2804 4696; x_wconf 82' lang='grc' dir='ltr'><strong>βίωσίς</strong></span> <span class='ocrx_word' id='word_1_712' title='bbox 2837 4648 2955 4699; x_wconf 85' lang='grc' dir='ltr'><strong>μου</strong></span> <span class='ocrx_word' id='word_1_713' title='bbox 2979 4630 3058 4695; x_wconf 86' lang='grc' dir='ltr'><strong>ὡς</strong></span> <span class='ocrx_word' id='word_1_714' title='bbox 3081 4629 3261 4683; x_wconf 83' lang='grc' dir='ltr'><strong>οὐδὲν</strong></span> <span class='ocrx_word' id='word_1_715' title='bbox 3280 4628 3559 4698; x_wconf 75' lang='grc' dir='ltr'><strong>ἄντικρύς</strong></span> <span class='ocrx_word' id='word_1_716' title='bbox 3578 4646 3710 4683; x_wconf 89' lang='grc' dir='ltr'><strong>σου.</strong></span> <span class='ocrx_word' id='word_1_717' title='bbox 3751 4631 3823 4683; x_wconf 79' lang='grc' dir='ltr'><strong>Σὺ</strong></span> <span class='ocrx_word' id='word_1_718' title='bbox 3850 4632 3949 4701; x_wconf 80' lang='grc' dir='ltr'><strong>μὲν</strong></span> 
     </span>
    </p>
   </div>
   <div class='ocr_carea' id='block_1_101' title="bbox 2385 4717 3950 4795">
    <p class='ocr_par' dir='ltr' id='par_1_101' title="bbox 2385 4717 3950 4795">
     <span class='ocr_line' id='line_1_101' title="bbox 2385 4717 3950 4795; baseline -0.001 -18"><span class='ocrx_word' id='word_1_719' title='bbox 2385 4723 2493 4795; x_wconf 92' lang='grc' dir='ltr'><strong>γάρ</strong></span> <span class='ocrx_word' id='word_1_720' title='bbox 2518 4724 2749 4794; x_wconf 76' lang='grc' dir='ltr'><strong>ἄναρχος</strong></span> <span class='ocrx_word' id='word_1_721' title='bbox 2774 4722 2865 4775; x_wconf 74' lang='grc' dir='ltr'><strong>καὶ</strong></span> <span class='ocrx_word' id='word_1_722' title='bbox 2895 4720 3197 4791; x_wconf 82' lang='grc' dir='ltr'><strong>ἀπέραντος</strong></span> <span class='ocrx_word' id='word_1_723' title='bbox 3223 4738 3237 4750; x_wconf 70' lang='grc'><strong>⁸</strong></span> <span class='ocrx_word' id='word_1_724' title='bbox 3268 4724 3295 4775; x_wconf 92' lang='grc' dir='ltr'><strong>ό</strong></span> <span class='ocrx_word' id='word_1_725' title='bbox 3324 4722 3379 4775; x_wconf 82' lang='grc' dir='ltr'><strong>δὲ</strong></span> <span class='ocrx_word' id='word_1_726' title='bbox 3404 4722 3667 4791; x_wconf 73' lang='grc' dir='ltr'><strong>ἡμέτερος</strong></span> <span class='ocrx_word' id='word_1_727' title='bbox 3696 4720 3810 4791; x_wconf 87' lang='grc' dir='ltr'><strong>βίος</strong></span> <span class='ocrx_word' id='word_1_728' title='bbox 3836 4717 3950 4775; x_wconf 76' lang='grc' dir='ltr'><strong>οἷόν</strong></span> 
     </span>
    </p>
   </div>
   <div class='ocr_carea' id='block_1_102' title="bbox 2383 4812 3943 4885">
    <p class='ocr_par' dir='ltr' id='par_1_102' title="bbox 2383 4812 3943 4885">
     <span class='ocr_line' id='line_1_102' title="bbox 2383 4812 3943 4885; baseline 0 -18"><span class='ocrx_word' id='word_1_729' title='bbox 2383 4831 2491 4867; x_wconf 85' lang='grc' dir='ltr'><strong>τισι</strong></span> <span class='ocrx_word' id='word_1_730' title='bbox 2548 4813 2845 4883; x_wconf 85' lang='grc' dir='ltr'><strong>σπιθαμαῖς</strong></span> <span class='ocrx_word' id='word_1_731' title='bbox 2889 4813 2981 4866; x_wconf 75' lang='grc' dir='ltr'><strong>καὶ</strong></span> <span class='ocrx_word' id='word_1_732' title='bbox 3012 4812 3331 4875; x_wconf 82' lang='grc' dir='ltr'><strong>παλαισταῖς</strong></span> <span class='ocrx_word' id='word_1_733' title='bbox 3372 4813 3799 4885; x_wconf 81' lang='grc' dir='ltr'><strong>ὲκμεμέτρηται.</strong></span> <span class='ocrx_word' id='word_1_734' title='bbox 3841 4816 3943 4867; x_wconf 84' lang='grc' dir='ltr'><strong>Διά</strong></span> 
     </span>
    </p>
   </div>
   <div class='ocr_carea' id='block_1_103' title="bbox 2384 4904 3947 4977">
    <p class='ocr_par' dir='ltr' id='par_1_103' title="bbox 2384 4904 3947 4977">
     <span class='ocr_line' id='line_1_103' title="bbox 2384 4904 3947 4977; baseline -0.001 -18"><span class='ocrx_word' id='word_1_735' title='bbox 2384 4905 2574 4959; x_wconf 83' lang='grc' dir='ltr'><strong>τούτου</strong></span> <span class='ocrx_word' id='word_1_736' title='bbox 2607 4904 2956 4975; x_wconf 83' lang='grc' dir='ltr'><strong>παρεδήλωσε</strong></span> <span class='ocrx_word' id='word_1_737' title='bbox 2986 4905 3047 4957; x_wconf 84' lang='grc' dir='ltr'><strong>τὸ</strong></span> <span class='ocrx_word' id='word_1_738' title='bbox 3078 4905 3435 4976; x_wconf 81' lang='grc' dir='ltr'><strong>ὀλιγοχρόνιον</strong></span> <span class='ocrx_word' id='word_1_739' title='bbox 3474 4905 3574 4975; x_wconf 81' lang='grc' dir='ltr'><strong>τῆς</strong></span> <span class='ocrx_word' id='word_1_740' title='bbox 3602 4905 3947 4977; x_wconf 78' lang='grc' dir='ltr'><strong>ἀνθρωπίνης</strong></span> 
     </span>
    </p>
   </div>
   <div class='ocr_carea' id='block_1_104' title="bbox 2386 4998 2551 5066">
    <p class='ocr_par' dir='ltr' id='par_1_104' title="bbox 2386 4998 2551 5066">
     <span class='ocr_line' id='line_1_104' title="bbox 2386 4998 2551 5066; baseline -0.012 -4"><span class='ocrx_word' id='word_1_741' title='bbox 2386 4998 2551 5066; x_wconf 72' lang='grc' dir='ltr'><strong>ζωῆς.</strong></span> 
     </span>
    </p>
   </div>
   <div class='ocr_carea' id='block_1_105' title="bbox 2453 5089 3947 5159">
    <p class='ocr_par' dir='ltr' id='par_1_105' title="bbox 2453 5089 3947 5159">
     <span class='ocr_line' id='line_1_105' title="bbox 2453 5089 3947 5159; baseline 0.001 -17"><span class='ocrx_word' id='word_1_742' title='bbox 2453 5090 2626 5157; x_wconf 74' lang='grc' dir='ltr'><strong>Πλὴν</strong></span> <span class='ocrx_word' id='word_1_743' title='bbox 2652 5089 2724 5141; x_wconf 84' lang='grc' dir='ltr'><strong>τὰ</strong></span> <span class='ocrx_word' id='word_1_744' title='bbox 2749 5091 3069 5159; x_wconf 80' lang='grc' dir='ltr'><strong>σύμπαντα</strong></span> <span class='ocrx_word' id='word_1_745' title='bbox 3096 5093 3450 5159; x_wconf 82' lang='grc' dir='ltr'><strong>ματαιότης,</strong></span> <span class='ocrx_word' id='word_1_746' title='bbox 3482 5089 3598 5156; x_wconf 82' lang='grc' dir='ltr'><strong>πᾶς</strong></span> <span class='ocrx_word' id='word_1_747' title='bbox 3637 5091 3947 5158; x_wconf 73' lang='grc' dir='ltr'><strong>ἄνθρωπος</strong></span> 
     </span>
    </p>
   </div>
   <div class='ocr_carea' id='block_1_106' title="bbox 2385 5178 3945 5250">
    <p class='ocr_par' dir='ltr' id='par_1_106' title="bbox 2385 5178 3945 5250">
     <span class='ocr_line' id='line_1_106' title="bbox 2385 5178 3945 5250; baseline 0.001 -18"><span class='ocrx_word' id='word_1_748' title='bbox 2385 5178 2513 5239; x_wconf 80' lang='grc' dir='ltr'><strong>ζῶν.</strong></span> <span class='ocrx_word' id='word_1_749' title='bbox 2542 5180 2828 5250; x_wconf 75' lang='grc' dir='ltr'><strong>Μέντοιγε</strong></span> <span class='ocrx_word' id='word_1_750' title='bbox 2852 5181 2921 5233; x_wconf 85' lang='grc' dir='ltr'><strong>ὲν</strong></span> <span class='ocrx_word' id='word_1_751' title='bbox 2940 5184 3128 5235; x_wconf 73' lang='grc' dir='ltr'><strong>εικόνι</strong></span> <span class='ocrx_word' id='word_1_752' title='bbox 3166 5180 3571 5249; x_wconf 78' lang='grc' dir='ltr'><strong>διαπορεύεται</strong></span> <span class='ocrx_word' id='word_1_753' title='bbox 3615 5180 3945 5249; x_wconf 74' lang='grc' dir='ltr'><strong>ἄνθρωπος,</strong></span> 
     </span>
    </p>
   </div>
   <div class='ocr_carea' id='block_1_107' title="bbox 2383 5270 3944 5344">
    <p class='ocr_par' dir='ltr' id='par_1_107' title="bbox 2383 5270 3944 5344">
     <span class='ocr_line' id='line_1_107' title="bbox 2383 5270 3944 5344; baseline 0.001 -21"><span class='ocrx_word' id='word_1_754' title='bbox 2383 5270 2549 5338; x_wconf 73' lang='grc' dir='ltr'><strong>πλὴν</strong></span> <span class='ocrx_word' id='word_1_755' title='bbox 2572 5272 2772 5341; x_wconf 82' lang='grc' dir='ltr'>μάτην</span> <span class='ocrx_word' id='word_1_756' title='bbox 2804 5272 3183 5341; x_wconf 85' lang='grc' dir='ltr'><strong>ταράσσεται.</strong></span> <span class='ocrx_word' id='word_1_757' title='bbox 3230 5275 3294 5327; x_wconf 87' lang='grc' dir='ltr'>Εἰ</span> <span class='ocrx_word' id='word_1_758' title='bbox 3327 5274 3403 5337; x_wconf 74' lang='grc' dir='ltr'><strong>δὲ,</strong></span> <span class='ocrx_word' id='word_1_759' title='bbox 3441 5276 3625 5344; x_wconf 84' lang='grc' dir='ltr'><strong>φησὶν,</strong></span> <span class='ocrx_word' id='word_1_760' title='bbox 3662 5274 3719 5326; x_wconf 78' lang='grc' dir='ltr'><strong>ὲν</strong></span> <span class='ocrx_word' id='word_1_761' title='bbox 3754 5274 3944 5337; x_wconf 78' lang='grc' dir='ltr'><strong>εἰκόνι,</strong></span> 
     </span>
    </p>
   </div>
   <div class='ocr_carea' id='block_1_108' title="bbox 2384 5364 3948 5437">
    <p class='ocr_par' dir='ltr' id='par_1_108' title="bbox 2384 5364 3948 5437">
     <span class='ocr_line' id='line_1_108' title="bbox 2384 5364 3948 5437; baseline 0.003 -22"><span class='ocrx_word' id='word_1_762' title='bbox 2384 5364 2475 5415; x_wconf 79' lang='grc' dir='ltr'><strong>καὶ</strong></span> <span class='ocrx_word' id='word_1_763' title='bbox 2521 5364 2619 5415; x_wconf 84' lang='grc' dir='ltr'><strong>οὐκ</strong></span> <span class='ocrx_word' id='word_1_764' title='bbox 2651 5367 2707 5417; x_wconf 81' lang='grc' dir='ltr'><strong>ὲν</strong></span> <span class='ocrx_word' id='word_1_765' title='bbox 2741 5364 2967 5435; x_wconf 66' lang='grc' dir='ltr'><strong>ἀληθεία</strong></span> <span class='ocrx_word' id='word_1_766' title='bbox 3032 5364 3319 5437; x_wconf 80' lang='grc' dir='ltr'><strong>πορεύεται</strong></span> <span class='ocrx_word' id='word_1_767' title='bbox 3364 5367 3674 5436; x_wconf 75' lang='grc' dir='ltr'><strong>ἄνθρωπος.</strong></span> <span class='ocrx_word' id='word_1_768' title='bbox 3720 5366 3948 5428; x_wconf 75' lang='grc' dir='ltr'><strong>εἰκότως</strong></span> 
     </span>
    </p>
   </div>
   <div class='ocr_carea' id='block_1_109' title="bbox 2385 5455 3943 5530">
    <p class='ocr_par' dir='ltr' id='par_1_109' title="bbox 2385 5455 3943 5530">
     <span class='ocr_line' id='line_1_109' title="bbox 2385 5455 3943 5530; baseline -0.001 -20"><span class='ocrx_word' id='word_1_769' title='bbox 2385 5458 2716 5527; x_wconf 82' lang='grc' dir='ltr'><strong>ματαιότητα</strong></span> <span class='ocrx_word' id='word_1_770' title='bbox 2742 5460 3020 5529; x_wconf 63' lang='grc' dir='ltr'><strong>προεῖπεν</strong></span> <span class='ocrx_word' id='word_1_771' title='bbox 3056 5458 3241 5530; x_wconf 74' lang='grc' dir='ltr'><strong>ἐπειδὴ</strong></span> <span class='ocrx_word' id='word_1_772' title='bbox 3270 5459 3330 5511; x_wconf 83' lang='grc' dir='ltr'><strong>οὐ</strong></span> <span class='ocrx_word' id='word_1_773' title='bbox 3368 5457 3464 5527; x_wconf 83' lang='grc' dir='ltr'><strong>τὴν</strong></span> <span class='ocrx_word' id='word_1_774' title='bbox 3493 5456 3749 5526; x_wconf 80' lang='grc' dir='ltr'><strong>ἀληθινὴν</strong></span> <span class='ocrx_word' id='word_1_775' title='bbox 3775 5455 3943 5527; x_wconf 80' lang='grc' dir='ltr'><strong>ζωὴν,</strong></span> 
     </span>
    </p>
   </div>
   <div class='ocr_carea' id='block_1_110' title="bbox 2380 5547 3945 5621">
    <p class='ocr_par' dir='ltr' id='par_1_110' title="bbox 2380 5547 3945 5621">
     <span class='ocr_line' id='line_1_110' title="bbox 2380 5547 3945 5621; baseline -0.003 -20"><span class='ocrx_word' id='word_1_776' title='bbox 2380 5549 2491 5601; x_wconf 88' lang='grc' dir='ltr'><strong>ἀλλ’</strong></span> <span class='ocrx_word' id='word_1_777' title='bbox 2548 5552 2604 5602; x_wconf 84' lang='grc' dir='ltr'><strong>ὲν</strong></span> <span class='ocrx_word' id='word_1_778' title='bbox 2654 5550 2819 5602; x_wconf 80' lang='grc' dir='ltr'><strong>εἰκόνι</strong></span> <span class='ocrx_word' id='word_1_779' title='bbox 2850 5552 2974 5603; x_wconf 87' lang='grc' dir='ltr'><strong>τινί·</strong></span> <span class='ocrx_word' id='word_1_780' title='bbox 3023 5550 3143 5602; x_wconf 79' lang='grc' dir='ltr'><strong>οὐδὲ</strong></span> <span class='ocrx_word' id='word_1_781' title='bbox 3178 5551 3280 5621; x_wconf 83' lang='grc' dir='ltr'><strong>τὴν</strong></span> <span class='ocrx_word' id='word_1_782' title='bbox 3322 5547 3552 5619; x_wconf 79' lang='grc' dir='ltr'><strong>σπουδὴν</strong></span> <span class='ocrx_word' id='word_1_783' title='bbox 3602 5547 3710 5600; x_wconf 85' lang='grc' dir='ltr'><strong>τῶν</strong></span> <span class='ocrx_word' id='word_1_784' title='bbox 3774 5548 3945 5602; x_wconf 74' lang='grc' dir='ltr'><strong>ὄντων</strong></span> 
     </span>
    </p>
   </div>
   <div class='ocr_carea' id='block_1_111' title="bbox 2382 5641 3945 5713">
    <p class='ocr_par' dir='ltr' id='par_1_111' title="bbox 2382 5641 3945 5713">
     <span class='ocr_line' id='line_1_111' title="bbox 2382 5641 3945 5713; baseline 0 -20"><span class='ocrx_word' id='word_1_785' title='bbox 2382 5641 2599 5710; x_wconf 81' lang='grc' dir='ltr'><strong>ἀγαθῶν</strong></span> <span class='ocrx_word' id='word_1_786' title='bbox 2629 5642 2885 5706; x_wconf 83' lang='grc' dir='ltr'><strong>ποιοῦμεν</strong></span> <span class='ocrx_word' id='word_1_787' title='bbox 2911 5658 2923 5671; x_wconf 83' lang='grc'><strong>·</strong></span> <span class='ocrx_word' id='word_1_788' title='bbox 2973 5642 3053 5695; x_wconf 84' lang='grc' dir='ltr'><strong>διὸ</strong></span> <span class='ocrx_word' id='word_1_789' title='bbox 3085 5644 3177 5695; x_wconf 81' lang='grc' dir='ltr'><strong>καὶ</strong></span> <span class='ocrx_word' id='word_1_790' title='bbox 3226 5643 3401 5713; x_wconf 80' lang='grc' dir='ltr'><strong>μάτην</strong></span> <span class='ocrx_word' id='word_1_791' title='bbox 3432 5641 3827 5713; x_wconf 79' lang='grc' dir='ltr'><strong>ταραττόμεθα.</strong></span> <span class='ocrx_word' id='word_1_792' title='bbox 3902 5645 3945 5694; x_wconf 92' lang='grc'>0</span> 
     </span>
    </p>
   </div>
   <div class='ocr_carea' id='block_1_112' title="bbox 2384 5728 3945 5803">
    <p class='ocr_par' dir='ltr' id='par_1_112' title="bbox 2384 5728 3945 5803">
     <span class='ocr_line' id='line_1_112' title="bbox 2384 5728 3945 5803; baseline -0.003 -19"><span class='ocrx_word' id='word_1_793' title='bbox 2384 5732 2515 5800; x_wconf 81' lang='grc' dir='ltr'><strong>βίος,</strong></span> <span class='ocrx_word' id='word_1_794' title='bbox 2551 5733 2704 5802; x_wconf 69' lang='grc' dir='ltr'><strong>φησι,</strong></span> <span class='ocrx_word' id='word_1_795' title='bbox 2739 5732 2845 5784; x_wconf 81' lang='grc' dir='ltr'><strong>τῶν</strong></span> <span class='ocrx_word' id='word_1_796' title='bbox 2877 5733 2967 5784; x_wconf 74' lang='grc' dir='ltr'><strong>ἐπὶ</strong></span> <span class='ocrx_word' id='word_1_797' title='bbox 2993 5732 3113 5801; x_wconf 80' lang='grc' dir='ltr'><strong>γῆς,</strong></span> <span class='ocrx_word' id='word_1_798' title='bbox 3155 5730 3247 5784; x_wconf 74' lang='grc' dir='ltr'><strong>ἅτε</strong></span> <span class='ocrx_word' id='word_1_799' title='bbox 3299 5730 3424 5803; x_wconf 75' lang='grc' dir='ltr'><strong>περὶ</strong></span> <span class='ocrx_word' id='word_1_800' title='bbox 3468 5728 3752 5799; x_wconf 70' lang='grc' dir='ltr'><strong>φροντίδας</strong></span> <span class='ocrx_word' id='word_1_801' title='bbox 3786 5744 3945 5796; x_wconf 70' lang='grc' dir='ltr'><strong>στρερ</strong></span> 
     </span>
    </p>
   </div>
   <div class='ocr_carea' id='block_1_113' title="bbox 2382 5818 3941 5895">
    <p class='ocr_par' dir='ltr' id='par_1_113' title="bbox 2382 5818 3941 5895">
     <span class='ocr_line' id='line_1_113' title="bbox 2382 5818 3941 5895; baseline -0.003 -18"><span class='ocrx_word' id='word_1_802' title='bbox 2382 5826 2609 5894; x_wconf 74' lang='grc' dir='ltr'><strong>φάμενος</strong></span> <span class='ocrx_word' id='word_1_803' title='bbox 2639 5824 2925 5895; x_wconf 76' lang='grc' dir='ltr'><strong>κοσμικὰς,</strong></span> <span class='ocrx_word' id='word_1_804' title='bbox 2962 5824 3169 5895; x_wconf 77' lang='grc' dir='ltr'><strong>κριθείη</strong></span> <span class='ocrx_word' id='word_1_805' title='bbox 3199 5822 3261 5877; x_wconf 81' lang='grc' dir='ltr'><strong>ἂν</strong></span> <span class='ocrx_word' id='word_1_806' title='bbox 3286 5822 3603 5894; x_wconf 85' lang='grc' dir='ltr'><strong>ματαιότης.</strong></span> <span class='ocrx_word' id='word_1_807' title='bbox 3638 5821 3705 5873; x_wconf 82' lang='lat' dir='ltr'><strong>&#39;Il</strong></span> <span class='ocrx_word' id='word_1_808' title='bbox 3733 5818 3941 5885; x_wconf 68' lang='grc' dir='ltr'><strong>οὕτωςιτ</strong></span> 
     </span>
    </p>
   </div>
  </div>
