4086 6308
1215 373 1578 431 EXPOSlTlO
1619 376 1681 430 ΙΝ
1725 376 2047 433 ΡεΑιιιυιι
2086 377 2325 433 XXXIX.

3242 384 3345 437 190

141 494 433 562 Σύμπαντα
469 491 536 543 τὰ
582 491 675 561 ἔτη
722 491 819 560 τῆς
863 490 1131 561 ἡμετέρας
1166 488 1308 559 ζωῆς
1339 489 1499 559 ἀτμίς
1550 492 1682 542 tam

1798 504 1992 545 nostra:
2022 491 2146 545 anni
2184 506 2347 559 vapor
2388 499 2511 543 sunt
2544 492 2595 543 in
2631 501 2919 560 conspectu
2957 500 3070 555 tuo,
3101 508 3223 545 nam
3245 509 3343 563 pro

139 583 370 637 ivdian
420 599 548 636 σου·
597 583 715 635 ἀντί
757 582 861 651 γὰρ
891 582 1281 649 ματαιότητος
1328 581 1356 631 ό
1406 580 1695 649 Σύμμαχος

139 678 310 745 ἀτμίς
337 674 585 741 ἐξέδωκε.
622 672 983 741 Θησαυρίζει,
1027 670 1121 725 καὶ
1165 672 1236 724 οὐ
1275 672 1551 739 γινώσκει
1582 674 1696 724 τίνι

138 766 393 829 συνάξει
421 764 593 819 αὐτά.
634 763 848 834 Ἐπειδὴ
878 764 937 815 οὺ
980 764 1078 833 τὴν
1111 760 1283 831 ἀληθῆ
1335 760 1512 832 ζῶμεν
1556 762 1695 832 ζωὴν

136 856 255 920 νῦν,
284 855 419 909 ἀλλά
440 855 537 925 τὴν
557 855 632 917 ὼς
658 856 715 906 ὲν
747 854 911 906 εἰκόνι
932 869 944 882 ·
973 852 1092 905 οὐδὲ
1116 852 1243 922 περί
1268 850 1335 903 τά
1365 851 1531 914 δντως
1565 853 1698 918 ἀγα-

137 948 203 1000 θὰ
231 947 533 1018 ποιούμεθα
565 946 661 1016 τὴν
711 945 978 1014 σπουδήν·
1021 943 1101 996 διὸ
1142 943 1316 1013 μάτην
1356 944 1697 1013 ταρασσόμε-

137 1040 230 1103 θα,
261 1039 394 1109 περὶ
420 1038 517 1101 τάς
545 1036 811 1106 κοσμικὰς
833 1035 1124 1105 ἐπιθυμίας
1169 1034 1541 1105 στρεφόμενοι,
1571 1052 1694 1087 συν-

135 1132 364 1199 άγοντες
392 1130 712 1200 θησαυροὺς,
740 1121 813 1180 ὧν
838 1128 935 1180 οὐκ
970 1125 1124 1196 ῐσμεν
1151 1126 1440 1197 διαδόχους.

204 1223 317 1274 Καὶ
346 1221 461 1274 νῦν
491 1221 581 1286 τίς
605 1220 644 1287 ἠ
672 1217 941 1287 ὑπομονή
976 1235 1093 1286 μου
1116 1233 1133 1280 ;
1161 1217 1295 1285 οὐχὶ
1324 1218 1572 1285 Κύριος;
1599 1219 1692 1270 Ei-

133 1313 307 1374 κότως
343 1314 442 1381 τὴν
467 1310 654 1363 ἐλπίδα
689 1310 781 1362 ἐπὶ
815 1309 1013 1377 Κύριον
1047 1308 1189 1378 ἔχειν
1223 1310 1405 1379 φησιν,
1450 1310 1546 1362 ἅτε
1590 1326 1688 1363 κα-

132 1400 361 1467 ταγνοὺς
385 1398 492 1451 τῶν
528 1400 585 1450 ὲν
612 1398 712 1467 βίῳ
746 1397 1162 1467 αρισπασμῶν.
1196 1397 1303 1450 Καὶ
1356 1400 1389 1465 ἡ
1428 1400 1690 1451 ὑπόστα-

131 1492 232 1555 σίς
255 1506 375 1558 μου
424 1490 580 1556 παρὰ
626 1488 726 1541 σοι
761 1489 947 1541 ἐστιν.
1007 1487 1073 1538 Ἡ
1124 1486 1441 1557 προσδοκία,
1492 1490 1607 1557 ἦτοι
1654 1490 1688 1559 ή

132 1587 399 1655 ὑπομονὴ.

201 1675 473 1741 Ὄνειδος
516 1674 725 1743 ἄφρονι
756 1673 984 1738 ἔδωκάς
1015 1689 1109 1742 με.
1164 1672 1255 1741 Μὴ
1289 1670 1538 1743 παραδῴς
1596 1690 1683 1741 με,

1798 582 2045 645 uanitate,
2072 596 2306 648 vaporem
2324 580 2488 634 edidit
2510 579 2880 651 Symmachus.
2912 579 3271 646 Tltesaurizat,
3292 595 3343 637 et

1795 674 1999 743 ignorat
2034 674 2120 725 cui
2168 671 2495 741 congregabit
2521 690 2600 727 ea.
2634 671 2897 738 Quoniam
2933 673 2984 727 in
3014 674 3115 729 hoc
3144 675 3345 729 mundo

1796 781 1902 819 non
1946 780 2071 818 vera
2115 763 2345 818 vivimus
2382 764 2509 827 vita,
2539 763 2629 817 sed
2662 764 2818 830 quasi
2865 763 2917 817 in
2954 764 3220 833 imagine:
3250 778 3343 819 nea

1793 871 1897 924 que
1930 856 1995 908 de
2015 856 2081 918 iis
2105 870 2223 923 qua:
2240 870 2363 909 vere
2394 855 2533 909 bona
2566 863 2980 915 suntcuramus.
3004 855 3123 909 ideo
3140 853 3339 908 frustra

1793 947 2199 1011 conturbamur,
2243 945 2372 998 dum
2412 946 2463 998 in
2493 945 2844 999 saecularibus
2880 960 3157 998 versamur
3197 944 3342 999 desi-

1791 1035 1978 1100 deriis,
2012 1045 2066 1090 et
2107 1037 2392 1091 thesauros
2418 1037 2741 1106 colligimus,
2773 1052 2999 1105 quorum
3031 1037 3337 1106 ignoramus

1791 1125 2047 1180 lueredes.

1859 1215 1909 1269 8.
1937 1214 2004 1267 Et
2034 1232 2168 1268 nunc
2194 1232 2309 1284 qua
2336 1225 2411 1270 est
2444 1219 2759 1285 exspectatio
2788 1235 2922 1281 mea,
2959 1234 3122 1272 nonne
3159 1218 3340 1273 Domi-

1790 1307 1928 1358 nus?
1957 1304 2086 1360 iure
2120 1321 2177 1360 se
2218 1322 2367 1376 spem
2398 1309 2451 1362 in
2486 1308 2770 1363 Dominum
2802 1311 3093 1379 repositam
3135 1310 3210 1365 ait
3238 1312 3338 1365 ha-

1789 1397 1935 1461 bere,
1960 1407 2144 1466 utpote
2180 1398 2273 1467 qui
2306 1400 2687 1455 distractiones
2709 1400 2869 1470 hujus
2888 1402 3009 1456 vita:
3028 1411 3335 1472 cognoscat.

1790 1486 1858 1541 Et
1888 1489 2183 1542 substantia
2207 1506 2319 1544 mea
2343 1493 2479 1558 apud
2502 1503 2551 1545 te
2568 1503 2661 1546 est.
2682 1492 2735 1547 id
2752 1502 2833 1547 est
2850 1494 3197 1563 exspectatio,
3227 1494 3340 1549 sive

1785 1581 2036 1650 patientia

1857 1676 1909 1730 9.
1939 1676 2281 1746 Opprobrium
2307 1678 2571 1746 insipienti
2590 1679 2779 1731 dedisti
2805 1696 2901 1733 me.
2923 1678 3001 1733 Ne
3028 1679 3207 1733 tradas
3230 1694 3334 1741 mc.

130 1770 315 1838 φησιν,
354 1769 430 1831 εἰς
474 1766 791 1836 όιειδισμδν,
839 1764 925 1817 διὰ
978 1764 1037 1815 τὸ
1084 1765 1161 1827 εἰς
1191 1763 1288 1833 ἐμὲ
1336 1759 1473 1815 εἶναί
1509 1780 1565 1815 σε
1596 1764 1682 1815 τὸν

1786 1767 1980 1837 inquit,
2016 1770 2069 1823 in
2117 1770 2501 1839 opprobrium:
2538 1786 2604 1824 eo
2637 1770 2779 1839 quod
2814 1780 2868 1824 tu
2901 1770 2953 1823 in
3010 1786 3093 1824 me
3122 1770 3198 1824 sis
3243 1771 3335 1839 qui

128 1860 306 1930 λοιδορ
318 1876 370 1913 ιιι
383 1876 555 1929 μενον.

209 1947 577 2016 Ἐ’κωρώθην,
607 1945 702 1999 καὶ
731 1948 840 2000 οὐκ
870 1944 1081 2013 ᾕνοιεα
1105 1943 1170 1997 τὸ
1202 1945 1393 2014 στόμα
1416 1964 1554 2014 μου,
1595 1945 1681 1998 ὅτι

129 2040 205 2091 σὺ
235 2040 552 2105 ἐποίησας.
595 2038 1029 2110 Δοιδορούμενος,
1067 2038 1251 2108 φησὶν,
1285 2038 1500 2106 ὲσίγων,
1528 2038 1681 2103 εἰδὼς

128 2129 373 2199 ἀκριϐῶς
410 2131 537 2201 περὶ
568 2131 756 2201 αὐτῆς,
786 2132 867 2184 ὅτι
903 2130 965 2181 σὺ
995 2124 1046 2182 τί
1068 2131 1096 2182 ό
1127 2129 1392 2199 τιμωρίας
1419 2130 1534 2200 ἦτοι
1565 2148 1683 2184 παι-

125 2220 269 2281 δείας
300 2220 461 2289 χάριν
498 2220 661 2284 τάξας
692 2237 757 2289 με
803 2221 882 2281 εἰς
905 2219 1035 2273 αὐτὸ
1070 2218 1225 2273 τοῦτο
1257 2220 1619 2283 ὀνειδίζεσθαι.

206 2310 582 2376 Ἀπόστησον
629 2310 729 2363 ἀπ’
771 2309 914 2379 ἐμοῦ
937 2309 1043 2375 τὰς
1070 2308 1363 2378 μάστιγάς
1404 2325 1539 2364 σου.
1570 2310 1680 2373 Τὰς

126 2401 414 2470 γινομένας
442 2401 591 2469 αὐτῷ
636 2402 785 2473 παρά
817 2402 925 2453 τῶν
957 2401 1224 2470 δαιμόνων
1281 2402 1547 2472 τιμωρίας
1593 2402 1681 2455 λέ-

126 2508 228 2557 γει,
259 2493 321 2543 οὐ
349 2489 755 2562 συγχωροῦντος
781 2492 961 2555 uinci;
1000 2493 1095 2545 τοῦ
1127 2492 1280 2544 Θεοῦ.
1311 2492 1467 2562 (Reg.
1498 2494 1520 2545 l
1562 2494 1680 2562 sic.)

124 2585 229 2647 Τὰς
260 2584 551 2654 γινομένας
584 2584 730 2653 αὐτῷ
776 2584 924 2653 παρά
964 2584 1069 2637 τῶν
1106 2584 1371 2655 δαιμόνων
1414 2585 1682 2655 τιμωρίας

124 2678 270 2747 παρά
298 2678 393 2729 τοῦ
440 2675 575 2729 Θεοῦ
621 2676 787 2743 λέγει,
841 2676 916 2738 ὡς
960 2676 1362 2747 συγχωροῦντος
1391 2678 1552 2729 αὑτὸν
1595 2677 1681 2730 διά

122 2769 216 2835 τὴν
238 2768 515 2837 ἁμαρτίαν
534 2766 743 2820 παθεῖν.
762 2766 902 2821 Ἀπὸ
930 2767 1039 2835 γὰρ
1066 2767 1172 2835 τῆς
1187 2768 1401 2836 ἰσχὺος
1427 2768 1536 2835 τῆς
1562 2786 1681 2837 χει-

116 2856 223 2921 ρός
237 2873 357 2909 σου
382 2857 495 2925 ἐγὼ
516 2855 812 2919 ἐξέλιπον.
833 2855 1094 2919 Πολλάκις
1114 2856 1213 2926 ήδη
1228 2858 1325 2927 τὴν
1346 2857 1673 2919 κολάζουσαν

118 2948 341 3017 δύναμιν
380 2951 534 3018 χεῖρα
561 2947 655 3000 τοῦ
701 2947 833 3000 Θεοῦ
871 2947 1120 3015 λέγεσθαι
1162 2947 1666 3019 ἐμνημονεύσαμεν.

1712 1843 1754 1898 Β
1782 1862 2085 1931 opprobriis
2128 1862 2392 1917 oneraria.

1852 1952 1936 2006 10.
1980 1951 2251 2020 Obmutui,
2280 1965 2327 2008 et
2358 1972 2458 2008 non
2480 1957 2659 2024 aperui
2690 1972 2746 2008 os
2791 1972 2980 2021 meum,
3010 1957 3251 2025 quoniam
3281 1965 3335 2007 tu

1785 2046 1974 2114 fecisti.
2006 2046 2280 2101 Conviciis
2304 2048 2597 2116 impetitus,
2639 2047 2833 2115 inquit,
2869 2047 3133 2110 tacebam,
3172 2046 3337 2114 probo

1784 2153 1984 2206 gnarus
2022 2147 2073 2191 te
2114 2154 2232 2193 esse
2268 2139 2357 2209 qui
2406 2153 2491 2192 me
2538 2139 2785 2208 supplicii
2836 2147 2930 2192 aut
2962 2138 3335 2208 castigationis

1784 2243 1947 2283 causa
1998 2227 2065 2281 ad
2097 2227 2361 2295 ejusmodi
2396 2230 2682 2297 opprobria
2722 2230 3021 2283 destinaSti.

1853 2318 1937 2371 11.
1971 2317 2161 2371 Amove
2181 2334 2213 2370 a
2234 2334 2312 2370 me
2339 2317 2520 2386 plagas
2548 2329 2684 2371 tuas.
2720 2317 2952 2372 Inﬂictas
2989 2317 3194 2372 scilicet
3231 2314 3334 2372 sibi

1781 2422 1969 2477 poenas
1992 2423 2021 2461 a
2054 2407 2408 2469 daemonibus,
2457 2423 2486 2460 a
2521 2405 2629 2460 Deo
2660 2422 2782 2461 esse
2822 2406 2973 2471 dicit,
3022 2415 3201 2474 utpote
3240 2405 3335 2472 qui

1780 2499 2107 2553 concesserit
2143 2514 2266 2553 eum
2301 2498 2504 2567 peccati
2545 2512 2708 2552 causa
2745 2496 3003 2565 torqueri.
3037 2496 3080 2548 Α
3118 2495 3333 2564 fortitu-

1777 2590 1897 2642 dine
1933 2589 2070 2642 enim
2119 2604 2302 2643 manus
2356 2597 2459 2641 tua:
2498 2604 2588 2657 ego
2632 2586 2818 2655 defeci.
2865 2584 3185 2653 Plerumque
3220 2582 3332 2651 jam

1778 2679 2022 2733 ultricem
2045 2680 2293 2733 virtutem
2325 2693 2543 2733 manum
2574 2677 2662 2731 Dei
2685 2678 2861 2731 vocari
2886 2676 3327 2731 mem0ravimus.

1781 2767 2023 2834 Quicum
2057 2770 2249 2825 acriter
2277 2768 2523 2838 ﬂagellat,
2548 2766 2726 2820 delicit
2747 2767 2838 2836 qui
2858 2769 3172 2835 castigatur,
3195 2780 3331 2831 qua-

1780 2865 1935 2914 tenus
1958 2860 2079 2914 talis
2102 2869 2206 2924 est,
2240 2859 2443 2914 scilicet
2467 2858 2732 2921 infirmus,
2764 2857 2853 2926 qui
2882 2872 2988 2910 non
3030 2858 3123 2910 diu
3162 2854 3333 2908 valeat

1775 2951 1997 3005 verbera
2033 2953 2276 3005 tolerare.

122 3042 283 3094 ὐταν
305 3043 505 3104 αὐτοὺς
540 3042 771 3113 ἰσχυρῶς
806 3042 1072 3115 μαστίζῃ,
1115 3042 1356 3095 ἐκλείπει
1399 3043 1428 3093 ό
1460 3042 1835 3113 κολαζόμενος,
1893 3044 2024 3098 καθὸ
2062 3044 2301 3108 τοιοῦτός
2352 3047 2519 3109 ἔστιν,
2569 3045 2798 3113 ἀσθενὴς
2848 3043 3085 3114 δηλονότι
3132 3042 3222 3094 καὶ
3258 3041 3331 3110 μὴ

118 3134 410 3201 δυνάμενος
440 3135 524 3201 ἐφ’
568 3134 747 3185 ἱκανὸν
776 3134 1019 3201 ἀντέχειν
1053 3134 1187 3206 πρὸς
1222 3134 1503 3203 μάστιγας.

184 3223 385 3296 [Πλὴν
405 3222 604 3291 μάτην
628 3221 1049 3291 ταράσσονται.
1110 3223 1169 3275 '0
1216 3224 1272 3275 ὲν
1316 3224 1514 3295 ἀνομία
1543 3227 1673 3292 ζῶν,

118 3317 189 3381 ὡς
212 3318 307 3371 καὶ
342 3316 597 3385 τοιαύτης
626 3315 870 3378 παιδείας
900 3315 1171 3385 δεηθῆναι,
1196 3314 1216 3386 ]

196 3407 292 3459 Ἐν
321 3404 594 3474 ὲλεγμοῖς
623 3404 772 3472 ὑπὲρ
802 3405 1049 3473 ἀνομίας
1071 3406 1432 3472 ἐπαίδευσας
1459 3405 1676 3475 ἄνθρω-

120 3511 251 3551 πον.
300 3496 569 3565 Ἐλέγχων
615 3513 703 3565 με,
738 3495 922 3565 φησὶν,
965 3496 1056 3546 ἐπὶ
1096 3499 1160 3565 τῇ
1211 3498 1473 3568 ἁμαρτίᾳ,
1522 3500 1678 3552 tnui-

119 3587 327 3648 διυσας.

190 3677 304 3746 Τῆς
331 3675 597 3743 δεήσεώς
621 3694 738 3747 μου
766 3676 1058 3730 ὲνώτισαι.
1099 3676 1241 3730 Ἀντί
1271 3676 1383 3739 τοῦ,
1417 3677 1677 3730 Είσὰκου-

122 3788 225 3835 σον,
262 3774 357 3825 καὶ
404 3768 755 3840 συγχώρησον
784 3770 881 3840 τὴν
920 3767 1193 3839 ἁμαρτίαν
1228 3769 1332 3840 πρὸ
1362 3770 1459 3839 τῆς
1487 3769 1673 3821 τελευ-

118 3862 230 3930 τῆς.
267 3859 482 3931 [Τοῦτο
526 3859 635 3929 γὰρ
680 3859 931 3929 σημαίνει
964 3875 976 3889 ·
1018 3860 1135 3911 Ὀτι
1166 3858 1449 3928 πάροινός
1497 3859 1674 3931 εἰμι.]

125 3956 284 4019 Ἂνες
310 3970 437 4022 μοι,
483 3952 585 4004 ἶνα
623 3950 932 4019 ἀναψύξω.
965 3949 1077 4017 Πρὸ
1108 3949 1209 4019 τῆς
1252 3950 1505 4019 τελευτῆς
1552 3968 1674 4020 μου,

122 4047 296 4114 φησὶν,
330 4043 617 4115 ἁμαρτιῶν
645 4044 919 4114 πάρασχον
944 4042 1165 4111 ἄφεσιν,
1217 4042 1301 4095 ἵνα
1334 4042 1550 4113 θαρρῶν
1593 4044 1673 4105 εἰς

120 4138 240 4207 ᾆδον
271 4136 647 4207 τεορεύσωμαι.
678 4136 786 4188 Καὶ
835 4133 1030 4189 οὐκέτι
1043 4132 1285 4203 ὑπάρξω
1323 4135 1433 4205 Οὐχ
1456 4134 1678 4203 ὑπάρξω

122 4228 355 4291 τοιοῦτος
382 4222 493 4291 οἷος
530 4226 596 4280 ἂν
622 4228 715 4279 καὶ
742 4228 998 4297 γενοίμην
1040 4230 1105 4282 ὲκ
1147 4228 1245 4298 τῆς
1288 4229 1421 4298 πρὸς
1467 4225 1559 4279 σοῦ
1590 4243 1678 4297 μοι

122 4324 414 4393 γενομένης
451 4322 709 4384 ἀνέσεως.
743 4322 953 4383 Ἀνεσις
986 4321 1042 4373 δὲ
1084 4320 1219 4374 Θεοῦ
1253 4322 1397 4373 ἐστιν
1443 4318 1676 4373 ἀπάθεια

122 4414 293 4486 ψυχῆς
324 4414 463 4483 μετά
487 4412 738 4480 γνώσεως
774 4411 879 4466 τῶν
906 4413 1072 4464 ὄντων
1102 4412 1353 4483 ἀληθοῦς.

271 4567 377 4631 Εις
405 4563 471 4617 τὸ
501 4562 673 4628 τέλος
710 4566 1010 4617 ΨΑΛΜΟΣ
1036 4563 1112 4629 τῷ
1141 4564 1336 4619 Δαυτδ.
1378 4570 1505 4619 ΛΘν.

736 4654 1055 4719 Ὺπόθεσις.

135 4771 485 4842 Ἀναφέρεται
513 4773 547 4840 ἡ
713 4772 776 4823 ὲκ
809 4772 1095 4842 προσώπου
1125 4771 1218 4825 τοῦ
1260 4773 1378 4825 νέου
1413 4773 1541 4825 λαοῦ
1580 4772 1672 4826 τοῦ

185 4862 644 4933 ἁνακομισθέντος
666 4864 729 4916 ἐκ
762 4863 963 4916 λάκκου
996 4864 1385 4935 ταλαιπωρίας.
1417 4862 1549 4918 Εἶτα
1582 4882 1675 4935 με-

186 4955 319 5019 ταξὺ
370 4955 686 5026 εἰσφέρεται
724 4956 783 5008 τὸ
810 4955 902 5009 τοῦ
951 4956 1185 5028 Χριστοῦ
1216 4960 1523 5028 πρόσωπον,
1547 4960 1673 5021 τοὺς

188 5047 646 5120 εὐχαριστοῦντας
666 5047 926 5101 διδάσκων
952 5048 1049 5119 τῆς
1078 5050 1386 5120 οἰκονομίας
1412 5049 1505 5102 τὸν
1554 5052 1675 5123 τρό⁴

189 5156 287 5190 πον
313 5157 327 5171 -
364 5135 482 5191 εἶτα
514 5138 675 5190 πάλιν
700 5137 805 5191 τῶν
834 5140 1236 5193 πιστευσάντων
1264 5142 1326 5193 ὲκ
1340 5140 1433 5192 τοῦ
1467 5139 1676 5212 Ἰσραὴλ

186 5230 247 5281 τὸ
264 5231 579 5300 πρόσωπον,
606 5228 893 5295 ἀξιούντων
913 5230 1172 5302 ῥωσθῆναι
1186 5230 1284 5301 τῆς
1307 5231 1393 5283 διά
1408 5230 1504 5302 τὴν
1528 5234 1677 5284 ἀπεί-

189 5323 337 5375 θειαν
362 5322 672 5393 ἁμαρτίας,
709 5322 824 5391 ἁμα
862 5322 918 5376 δὲ
957 5325 1049 5376 καὶ
1091 5323 1456 5395 διηγουμένων
1498 5325 1676 5387 αὐτοῖς

188 5415 255 5465 τὰ.
290 5412 678 5482 συμϐεϐηκότα
705 5412 792 5465 διὰ
820 5413 917 5483 τὴν
942 5415 1197 5467 ἀπιστίαν
1241 5415 1403 5468 κακά.

202 5501 547 5571 Ὑπομένων
600 5502 885 5571 ὑπέμεινα
931 5505 1038 5557 τὸν
1079 5508 1315 5574 Κύριον,
1358 5506 1453 5557 καί
1494 5521 1677 5573 προσ-

135 5591 305 5659 έσχεν
353 5610 474 5663 μοι.
513 5594 736 5663 Ὅμοιον
763 5593 875 5665 τῴ’
918 5595 1021 5647 Ἐν
1076 5596 1149 5664 τῇ
1195 5595 1462 5667 ὑπομονῇ
1516 5597 1677 5667 ὑμῶν

136 5684 431 5750 ττήσασθε
460 5682 566 5750 τὰς
598 5684 803 5752 ψυχὰς
836 5684 1015 5755 ὑμῶν.

199 5772 239 5803 ’δ
266 5771 392 5827 Luc.
427 5791 541 5839 ut,
578 5774 661 5829 19.

1849 3220 1961 3291 [12.
2008 3220 2373 3275 Verumtamen
2404 3238 2533 3276 vane
2560 3221 2958 3275 conturbantur.
2990 3217 3092 3284 Qui
3120 3217 3247 3270 vivit
3276 3218 3329 3269 in

1778 3311 2086 3379 iniquitate,
2122 3312 2195 3365 ita
2226 3321 2286 3365 ut
2314 3313 2623 3380 hujusmodi
2664 3321 2817 3380 egeat
2846 3308 3226 3379 institutione.)

1848 3402 1935 3456 15.
1978 3400 2041 3455 1η
2077 3400 2513 3470 increpationibus
2560 3411 2767 3471 propter
2820 3400 3145 3469 iniquitatem
3167 3399 3331 3451 corri-

1775 3496 1937 3564 puisti
1968 3495 2245 3548 hominem.
2273 3494 2407 3550 Cum
2437 3511 2544 3561 me,
2576 3494 2766 3563 inquit,
2796 3503 3011 3563 propter
3051 3501 3327 3562 peccatum

1776 3587 2058 3657 arguebas,
2107 3601 2193 3639 me
2231 3586 2559 3655 corripuisti.

1848 3678 1934 3732 M.
1975 3678 2203 3730 Auribus
2239 3677 2439 3745 percipe
2474 3676 2879 3729 obsecrationem
2932 3688 3119 3727 meam.
3163 3670 3328 3738 Quasi

1775 3768 1919 3823 dicat
1951 3786 1963 3821 :
2006 3766 2210 3821 Exaudi
2243 3778 2297 3820 et
2336 3764 2569 3821 concede
2593 3765 2723 3818 mihi
2751 3764 2957 3833 peccati
2988 3762 3201 3815 veniam
3231 3773 3326 3813 an-

1778 3869 1991 3929 tequam
2013 3859 2231 3911 moriar.
2251 3857 2329 3929 [Id
2351 3858 2494 3911 enim
2521 3856 2789 3926 signiﬁcat
2809 3877 2820 3909 ;
2843 3853 3100 3918 Quoniam
3130 3850 3328 3903 advena
3397 3855 3414 3867 ‘

1777 3950 1940 4021 sum.]
1969 3949 2187 4003 Remitte
2208 3950 2335 4001 mihi
2368 3960 2425 4001 ut
2462 3949 2752 4017 refrigerer.
2780 3946 3078 4015 Antequam
3108 3943 3326 3997 moriar.

1777 4043 1871 4107 ait,
1922 4049 2261 4110 peccatorum
2311 4039 2521 4092 veniam
2568 4038 2823 4101 concede,
2867 4046 2924 4089 ut
2974 4050 3098 4088 cum
3134 4034 3329 4087 ﬁducia

1778 4134 1831 4187 in
1863 4130 2134 4186 infernum
2180 4131 2293 4186 sive
2320 4130 2372 4183 in
2406 4128 2712 4198 sepulcrum
2743 4126 3083 4181 descendam.
3115 4123 3183 4177 Et
3215 4140 3319 4176 am-

1777 4225 1916 4297 plius
1956 4241 2064 4279 non
2110 4239 2219 4279 ero.
2271 4222 2487 4277 Scilicet
2523 4222 2645 4275 talis
2689 4220 2865 4290 qualis
2905 4234 3077 4273 essem
3137 4233 3201 4270 ex
3237 4226 3326 4270 tua

1778 4320 1910 4373 mihi
1959 4318 2154 4373 collata
2199 4314 2538 4370 remissione.
2596 4312 2861 4366 Remissio
2904 4320 3080 4364 autem
3118 4308 3211 4362 Dei
3248 4318 3332 4363 est

1780 4410 1976 4464 anima:
2016 4407 2379 4475 tranquillitas
2423 4420 2546 4459 cum
2578 4418 2704 4457 vera
2749 4416 2927 4455 rerum
2975 4399 3296 4468 cognitione.

1916 4567 1967 4621 1.
2022 4565 2089 4619 In
2112 4567 2266 4635 ﬁnem
2299 4561 2633 4618 PSALMUS
2680 4560 2889 4615 Daoidi.
2922 4554 3188 4611 XXXIX.

2358 4652 2397 4705 Α
2410 4663 2751 4722 rgumentum.

1776 4765 2026 4821 Refertur
2053 4766 2324 4820 canticum
2370 4779 2433 4817 ex
2462 4778 2691 4833 persona
2744 4760 2864 4815 novi
2893 4759 3075 4828 populi
3125 4757 3190 4811 de
3212 4757 3327 4810 lacu

1846 4857 2080 4912 miseriae
2104 4856 2335 4910 reducti.
2362 4856 2550 4909 Postea
2576 4854 2847 4907 inducitur
2863 4851 3061 4905 Christi
3080 4862 3327 4917 persona.

1847 4950 1939 5019 qui
1990 4964 2085 5005 eos
2136 4950 2227 5020 qui
2285 4949 2473 5019 gratiis
2522 4947 2739 5017 agendis
2797 4955 2984 4999 vacant
3019 4943 3333 4997 oeconomia:

1842 5044 2058 5098 modum
2088 5044 2293 5097 edocet.
2343 5042 2543 5096 Deinde
2571 5039 2901 5095 credentium
2935 5052 2999 5090 ex
3022 5033 3184 5089 Israel
3213 5050 3332 5104 per-

1844 5150 1973 5189 sona
2003 5133 2385 5195 introducitur,
2428 5130 2729 5199 rogantium
2760 5127 2959 5183 remitti
3002 5127 3103 5182 sibi
3139 5139 3330 5194 pecca-

1849 5235 1959 5281 tum
1990 5224 2403 5289 incredulitatis,
2453 5232 2614 5291 atque
2654 5236 2755 5273 una
2798 5218 3166 5273 enarrantium
3212 5230 3333 5285 qua:

1846 5317 1947 5371 sibi
1978 5317 2115 5371 mala
2145 5316 2215 5370 oh
2262 5314 2624 5369 inﬁdelitatem
2655 5318 2967 5366 evenerunt.

1834 5496 1886 5549 9..
1916 5495 2231 5563 Exspectans
2248 5492 2531 5562 exspectavi
2552 5490 2847 5549 Dominum,
2877 5498 2925 5541 et
2946 5485 3161 5539 intendit
3183 5482 3325 5535 mihi.

1778 5587 1963 5641 Simile
1996 5588 2119 5641 huic
2149 5607 2159 5641 :
2188 5586 2250 5639 In
2281 5586 2530 5654 patientia
2573 5594 2739 5637 vestra
2778 5578 3105 5650 possidebitis
3128 5578 3328 5630 animos

1779 5688 1971 5730 vestras
2008 5677 2069 5729 ”.
