4102 6312
738 377 833 430 191

1619 369 1674 421 S.
1718 363 2084 421 ATllANASll
2124 357 2273 415 OPP.
2313 350 2492 406 PARS
2529 355 2614 403 ιιι.
2658 379 2724 389 --
2762 343 3166 400 EXEGETICA.

3839 330 3937 382 192

799 492 850 544 3.
880 489 1143 542 Etednxit
1176 504 1254 540 me
1276 487 1337 539 de
1363 486 1478 538 lacu
1502 485 1745 536 miserita.
1775 481 1998 554 [Ecquid
2032 479 2122 532 tibi
2149 489 2281 546 pra-
2311 480 2326 530 l

2452 467 2559 520 Καὶ
2597 462 2855 532 ἀνήγαγε
2881 477 2954 529 με
2983 460 3052 511 ἐκ
3083 455 3312 509 λάκκου
3343 448 3756 516 ταλαιπωρίας.
3791 443 3808 515 [
3834 445 3940 496 Καὶ

732 585 845 637 buit
869 584 891 635 ?
915 581 1204 649 Postquam
1245 594 1329 632 me
1363 573 1659 637 exaudivit,
1691 573 1787 638 ait,
1828 571 2022 624 Eduxit
2052 585 2118 623 ex
2166 583 2288 636 pro-

731 673 899 730 fundo
942 671 1141 739 peccati
1189 677 1243 722 et
1294 683 1359 721 ex
1424 667 1695 734 voluptate
1728 665 1852 717 lutei
1883 662 2148 730 corporis,
2179 661 2290 714 sive

730 780 793 815 es
823 761 988 830 portis
1023 760 1209 813 mortis
1257 767 1309 812 et
1339 756 1702 825 corruptionis
1731 755 1924 807 ibidem
1954 752 2285 810 exsistentis,

733 863 827 907 aut
849 869 911 905 ex
932 850 1376 919 occupationibus
1419 846 1646 917 saaculi.]
1682 845 1746 898 Et
1769 846 1830 898 de
1873 844 1984 897 luto
2019 843 2184 911 [ανεξδ.
2212 840 2289 893 Ex

737 941 1003 1012 profundo
1060 949 1401 1004 peccatorum
1444 954 1563 1006 qua:
1613 937 1709 989 luti
1743 936 1914 1013 instar
1946 935 2011 988 iis
2049 933 2290 986 detentos

735 1043 1119 1101 conspurcant.
1181 1029 1354 1084 Lacus
1402 1028 1544 1082 enim
1587 1027 1818 1081 miseria:
1867 1035 1950 1080 est
1996 1024 2195 1077 malitia
2238 1032 2292 1076 et

736 1124 1056 1188 ignorantia.
1109 1120 1177 1174 Et
1211 1122 1396 1174 statuit
1428 1136 1580 1185 super
1617 1130 1817 1188 petram
1854 1117 2002 1185 pedes
2032 1131 2188 1175 meos,
2242 1124 2288 1166 et

731 1215 925 1267 direxit
969 1229 1170 1282 gressus
1195 1228 1350 1265 meos.
1377 1209 1465 1262 Ait
1502 1209 1782 1277 apostolus
1799 1206 1996 1258 Paulus
2025 1204 2102 1256 "z
2136 1202 2289 1255 Petra

733 1315 845 1357 erat
866 1302 1122 1357 Christus.
1145 1302 1313 1355 Didici
1341 1300 1482 1353 enim
1507 1299 1560 1351 in
1580 1297 1688 1351 Deo
1713 1298 1902 1365 placita
1926 1296 2167 1348 incedere
2186 1294 2289 1358 via,

2405 1284 2540 1335 :tarci
2566 1299 2706 1350 μου.
2735 1280 2900 1348 throw
2944 1280 2971 1330 ὁ
3023 1274 3314 1335 ἀπόστολος
3355 1269 3582 1330 Παῦλος,
3621 1268 3702 1319 ὃτι

736 1397 788 1449 id
819 1403 902 1449 est
925 1411 1016 1464 per
1044 1410 1207 1463 opera
1239 1401 1293 1447 et
1323 1403 1520 1447 rectam
1553 1389 1873 1444 doctrinam.

809 1674 861 1726 4.
900 1672 963 1725 Et
999 1673 1213 1725 immisit
1241 1673 1294 1724 in
1323 1687 1377 1723 os
1409 1686 1577 1722 meum
1613 1669 1874 1721 canticum
1907 1681 2114 1726 novum,
2144 1664 2288 1732 hym-

742 1779 862 1815 num
898 1762 998 1815 Deo
1042 1773 1236 1816 nostra.
1277 1762 1468 1831 Legem
1517 1761 1879 1828 evangelicam
1922 1776 1934 1810 :
1977 1772 2095 1811 cum
2145 1755 2285 1808 enim

740 1855 1083 1923 passionibus
1131 1868 1426 1916 vacamus,
1479 1851 1722 1904 canimus
1751 1849 2024 1903 canticum
2075 1860 2292 1906 novum,

740 1954 994 1998 renovata
1026 1944 1231 1997 scilicet
1281 1951 1462 1997 nostra
1513 1943 1696 1994 domo.
1757 1937 2006 1991 Videbunt
2033 1934 2203 1996 multi,
2249 1943 2297 1984 et

740 2039 1010 2096 timebunt.
1059 2046 1107 2088 et
1136 2035 1415 2104 sperabunt
1449 2035 1501 2086 in
1538 2032 1774 2085 Domino.
1811 2028 2126 2083 Praedicatio
2153 2025 2296 2079 enim

742 2143 835 2197 per
877 2136 1044 2180 totum
1075 2127 1311 2194 pervasit
1343 2125 1546 2177 orbem.

808 2218 861 2271 5.
898 2216 1093 2269 Beatus
1126 2217 1203 2268 vir
1225 2215 1374 2279 cuius
1403 2225 1475 2265 est
1508 2229 1686 2264 nomen
1721 2209 1930 2262 Domini
1956 2222 2067 2274 spes
2092 2204 2223 2273 ejus,
2251 2212 2299 2257 et

743 2325 846 2360 non
876 2309 1096 2369 respexit
1148 2307 1199 2359 in
1233 2309 1487 2359 vanitates
1519 2313 1568 2356 et
1614 2302 1849 2355 insanias
1887 2298 2070 2365 falsas.
2115 2293 2298 2347 Solum

744 2415 867 2454 esse
906 2399 1119 2452 beatum
1157 2398 1230 2450 ait
1258 2412 1379 2449 eum
1413 2395 1503 2463 qui
1534 2394 1586 2445 in
1637 2391 1801 2444 Deum
1843 2404 1988 2456 spem
2032 2385 2299 2452 ascripsit,

746 2503 854 2542 non
884 2497 1061 2540 autem
1094 2501 1217 2539 eum
1253 2486 1344 2553 qui
1385 2484 1669 2536 mundanis
1698 2482 1992 2533 distractus
2022 2477 2093 2532 sit
2132 2480 2299 2542 curls,

744 2594 866 2633 una
902 2587 956 2632 et
987 2576 1197 2631 insania
1229 2584 1280 2628 et
1313 2573 1650 2628 mendacium
1691 2580 1840 2625 sunt.

812 2751 962 2825 [Spes
991 2755 1120 2824 ejus.
1150 2751 1340 2805 Postea
1374 2751 1425 2802 in
1457 2748 1884 2802 cohortationem
1908 2743 2052 2797 aliud
2085 2743 2302 2810 adjicit:

749 2845 972 2906 Beatus,
1008 2844 1203 2912 inquit.
1244 2856 1454 2903 revera,
1489 2839 1580 2905 qui
1627 2837 1792 2889 Deum
1833 2835 2007 2889 solum
2037 2834 2221 2887 habuit
2253 2833 2304 2886 in

750 2951 898 3005 spem
932 2950 1106 2999 suam,
1143 2948 1317 3002 neque
1347 2931 1583 2998 respexit
1611 2928 1677 2981 ad
1703 2930 1978 2997 praesentis
2013 2927 2131 2980 vita:
2161 2925 2309 2980 Solli-

753 3026 1040 3088 citudines,
1081 3040 1202 3094 qua;
1246 3025 1509 3076 vanitates
1541 3028 1686 3081 sunt,
1718 3029 1770 3071 et
1804 3017 2028 3072 insania:
2063 3015 2229 3078 l‘alsm,
2257 3025 2311 3069 et

2389 565 2439 616 τί
2467 580 2545 614 σοι
2575 559 2881 630 παρέσχενς
2913 550 3246 612 Εἰσακοῦσας
3285 542 3435 599 εἶπεν
3473 563 3486 576 ·
3546 545 3843 611 ’Λνήγαγεν
3883 541 3940 589 ἐκ

2392 653 2584 723 βάθους
2609 651 2706 719 τῆς
2735 645 3026 716 ἁμαρτίας,
3055 641 3147 693 καὶ
3177 643 3239 692 ὲκ
3258 637 3356 706 τῆς
3377 633 3703 706 ἡδυπαθείας
3724 628 3816 683 τοῦ
3842 644 3941 696 πη-

2388 743 2587 804 λώδους
2621 739 2889 807 σώματος,
2924 735 2957 801 ἢ
2989 735 3052 784 ὲκ
3083 731 3189 784 τῶν
3218 728 3309 782 τοῦ
3345 728 3573 780 Θανάτου
3621 722 3826 783 πυλῶν,
3855 719 3942 771 καὶ

2389 836 2564 886 ἐκεῖσε
2594 829 2817 899 φθορᾶς,
2843 827 2875 894 ἢ
2909 827 2972 877 ὲκ
3003 821 3094 875 τοῦ
3124 821 3325 889 κόσμου
3370 809 3812 886 περισπασμὼν.]
3839 809 3944 863 Kal

2388 925 2506 980 ἀπὸ
2523 920 2720 990 πηλοῦ
2744 921 2928 982 ἰλύος.
2947 917 3041 968 Ἐκ
3060 915 3251 983 βάθους
3275 909 3543 980 ἁμαρτίας
3562 907 3618 958 αῖ
3640 903 3781 964 ίλῦος
3797 901 3945 969 δίκην

2390 1014 2794 1069 καταπάσσουσι
2839 1008 2964 1068 τοῦς
3009 1004 3232 1064 ἁλόντας
3274 1003 3330 1053 ἐν
3359 999 3568 1058 αὑταῖς.
3600 994 3815 1054 Λάκκος
3843 991 3948 1058 γὰρ

2388 1102 2780 1174 ταλαιπωρίας,
2813 1099 2979 1152 κακία
3005 1097 3099 1149 καὶ
3128 1093 3387 1162 ἀγνωσία.
3426 1087 3535 1143 Kal
3556 1087 3824 1151 ἔστησεν
3852 1081 3946 1133 ἐπὶ

2389 1197 2612 1264 πέτραν
2636 1173 2773 1256 τοὺς
2797 1190 2984 1253 πόδας
3005 1204 3143 1256 μου,
3175 1185 3270 1237 καὶ
3295 1183 3614 1236 κατεύθυνε
3644 1177 3717 1228 τὰ
3747 1173 3949 1240 διασή-

3751 1266 3810 1316 Ὴ
3853 1261 3951 1314 πέ-

2389 1391 2496 1440 τρα
2528 1368 2605 1440 ἦν
2651 1373 2682 1422 ό
2731 1368 3018 1437 Χριστός’
3072 1363 3270 1432 έμαθον
3308 1361 3414 1430 γὰρ
3463 1357 3560 1427 τὴν
3612 1354 3953 1423 ἀρέσκουσαν

2389 1465 2507 1534 Θεῷ
2539 1459 2770 1532 βαδίζειν
2803 1459 2941 1525 ὁδὸν,
2966 1459 3084 1529 ἢτοι
3109 1455 3196 1508 διὰ
3224 1455 3322 1524 τῆς
3351 1448 3661 1523 πρακτικῆς
3708 1443 3804 1498 καὶ
3844 1443 3954 1495 τῶν

2389 1555 2562 1624 ὀρθῶν
2598 1553 2900 1622 δογμάτων.

2459 1648 2564 1701 Καὶ
2623 1645 2905 1698 ἐνέϐαλεν
2967 1643 3051 1705 εἰς
3099 1640 3164 1692 τὸ
3212 1639 3402 1706 στόμα
3433 1653 3550 1705 μου
3600 1635 3762 1704 ᾆσμα
3834 1649 3958 1685 και-

2391 1741 2519 1800 νὸν,
2552 1740 2741 1806 ὕμνον
2772 1733 2850 1799 τῷ
2899 1733 3019 1798 Θεῷ
3061 1731 3248 1803 ἡμῶν.
3286 1731 3386 1783 Τὸν
3413 1730 3570 1799 νόμον
3609 1729 3698 1780 τὸν
3731 1729 3963 1794 εὐαγγεο

2396 1833 2573 1886 λικόν·
2615 1828 2750 1899 μετὰ
2786 1829 2893 1898 γὰρ
2922 1827 3018 1895 τὴν
3053 1823 3318 1876 ἀπάθειαν
3359 1822 3553 1892 ᾄδομεν
3585 1817 3735 1889 ἆσμα
3769 1820 3959 1872 καινὸν

2396 1920 2865 1981 ἀνακαινισθέντος
2893 1917 2984 1969 τοῦ
3014 1917 3163 1967 οἴκου
3191 1913 3368 1983 ἡμῶν.
3403 1915 3691 1980 Ὄψονται
3717 1911 3962 1973 πολλοὶ,

2396 2014 2491 2065 καὶ
2513 2009 2951 2080 φοϐηθήσονται
2979 2006 3073 2059 καὶ
3107 2005 3426 2058 ἐλπιοῦσιν
3453 2004 3548 2056 ἐπὶ
3581 2003 3822 2069 Κύριον.
3884 2005 3966 2052 Δι-

2397 2104 2550 2173 εδόθη
2583 2105 2690 2174 γὰρ
2718 2104 2796 2164 είς
2846 2101 3019 2153 πάντα
3045 2098 3245 2166 κόσμον
3278 2096 3337 2147 τὸ
3366 2097 3644 2164 κήρυγμα.

2469 2193 2768 2259 Μακάριος
2797 2189 2950 2256 ἀνὴρ
2985 2185 3055 2243 οὗ
3089 2188 3218 2240 ἐστι
3244 2186 3308 2237 τό
3334 2184 3518 2252 ὄνομα
3548 2182 3765 2248 Κυρίου
3791 2180 3968 2244 ἐλπὶς

2399 2286 2602 2346 αὑτοῦ,
2645 2284 2742 2334 καὶ
2778 2285 2888 2335 οὐκ
2919 2279 3252 2346 ἐπέϐλεψεν
3297 2279 3382 2341 εις
3419 2275 3822 2343 ματαιότητας
3867 2273 3966 2324 καὶ

2396 2376 2613 2446 μανίας
2645 2372 2906 2442 ψευδεῖς.
2943 2371 3116 2424 Μόνον
3163 2368 3256 2420 τὸν
3299 2367 3394 2436 τὴν
3433 2365 3624 2418 ἐλπίδα
3652 2362 3967 2433 ἐπιγραψά-

2404 2483 2558 2536 μενον
2583 2469 2658 2527 είς
2674 2464 2804 2518 Θεὸν
2829 2461 3090 2533 μακάριόν
3121 2477 3302 2531 φησιν,
3333 2460 3390 2511 οὺ
3411 2458 3500 2510 τὸν
3526 2455 3970 2527 περισπασθέντα

2404 2558 2681 2629 βιωτικαῖς
2735 2556 3046 2626 μερίμναις,
3076 2554 3276 2614 αἵτινες
3309 2551 3402 2603 καὶ
3450 2550 3611 2619 μανία
3658 2550 3749 2601 καὶ
3777 2546 3970 2615 ψεῦδός

2402 2650 2558 2700 εἰσιν.

2475 2733 2924 2808 [Ἐλπὶςαὺτοῦ.
2957 2730 3089 2787 Εἶτα
3113 2733 3206 2785 καὶ
3222 2733 3300 2794 εἰς
3325 2731 3831 2802 προτροπὴνὲτερον
3847 2732 3973 2784 ἑπι-

2406 2831 2557 2901 φέρει
2578 2844 2592 2858 ο
2623 2827 2991 2898 Μακαριστὸς,
3012 2825 3162 2895 φησὶ,
3193 2823 3270 2893 τῷ
3296 2824 3428 2884 om,
3450 2823 3508 2885 ὃς
3531 2823 3622 2874 τὸν
3651 2821 3782 2874 Θεὸν
3810 2821 3973 2890 μὸκον

2407 2921 2558 2990 ἔσχεν
2583 2919 2787 2982 ἐλπίδα,
2816 2919 2910 2970 καὶ
2931 2919 3028 2968 οὐκ
3042 2914 3335 2982 ἐπέϐλεψεν
3351 2915 3427 2974 εἰς
3446 2912 3543 2973 τὰς
3568 2929 3632 2964 πε
3643 2913 3694 2982 pi.
3713 2912 3805 2963 τὸν
3828 2929 3975 2982 παρ-

2407 3010 2533 3062 όντα
2569 3008 2680 3079 βίον
2716 3006 2970 3070 σπουδὰς,
3003 3005 3058 3056 αἶ
3090 3001 3442 3074 ματαιότητὲς
3475 3003 3600 3061 εἰσι,
3654 3001 3745 3052 καὶ
3784 3001 3975 3069 μανίαι

751 3132 889 3171 cura:
922 3118 974 3170 in
1025 3131 1218 3169 vanum
1265 3113 1533 3167 admissae.
1573 3110 1784 3163 Insania
1826 3117 2003 3161 autem
2052 3109 2306 3176 prudens,

2409 3104 2640 3173 ψευδεῖς,
2672 3103 2763 3155 καὶ
2796 3102 2874 3164 είς
2908 3099 3063 3153 κενὸν
3099 3096 3392 3167 φροντίδες.
3425 3093 3601 3148 Μανία
3650 3093 3706 3146 δὲ
3739 3093 3977 3162 σώςρων

750 3217 832 3262 est
858 3206 980 3261 vitae
1041 3206 1322 3274 praesentis
1352 3212 1558 3263 status,
1587 3216 1692 3268 qua
1738 3208 1915 3253 mente
1957 3200 2095 3268 capti
2130 3200 2310 3253 multis

750 3314 870 3354 esse
895 3297 1214 3351 videbantur
1245 3298 1535 3363 prophetae,
1559 3308 1664 3362 qua
1687 3292 1752 3345 de
1786 3306 1843 3345 re
1867 3291 2314 3361 gloriaturjustus

752 3400 804 3443 et
827 3389 936 3443 ait:
963 3386 1073 3459 Ego
1099 3386 1211 3440 dixi
1243 3389 1297 3439 in
1336 3399 1550 3438 excessu
1579 3398 1689 3436 meo
1726 3381 1818 3452 ’⁵.]

816 3562 867 3615 6.
909 3560 1079 3614 Multa
1111 3560 1280 3628 fecisti
1325 3567 1400 3623 tu,
1438 3556 1657 3610 Domine
1701 3554 1862 3619 Deus,
1904 3553 2164 3608 mirabilia
2202 3565 2312 3610 tua.

751 3652 882 3719 Qua:
913 3650 1110 3713 iecisti,
1132 3649 1326 3718 inquit,
1359 3649 1674 3703 oeconomiae
1710 3659 1971 3716 tempore,
1999 3647 2166 3699 multa
2191 3655 2315 3700 sunt

751 3755 913 3810 atque
940 3740 1208 3794 mirabilia
1237 3756 1250 3791 :
1283 3753 1403 3807 quae
1424 3738 1543 3791 aliis
1571 3751 1788 3805 quoque
1822 3735 2144 3787 renuntiavi.
2167 3732 2312 3786 Prte-

753 3832 953 3886 dicatio
986 3841 1162 3884 autem
1191 3838 1382 3894 totum,
1414 3829 1610 3895 inqurt,
1642 3825 1875 3895 pervasit
1899 3826 2081 3878 orbem
2120 3834 2176 3876 ut
2199 3840 2314 3877 ma—

750 3922 840 3990 jor
865 3920 936 3974 sit
979 3919 1313 3974 credentium
1345 3931 1605 3969 numerus
1645 3930 1806 3984 quam
1833 3915 1926 3984 qui
1956 3914 2079 3968 iniri
2124 3913 2313 3982 possit.

831 4091 884 4157 7,
915 4090 967 4145 8.
993 4088 1327 4156 Sacriﬁcium
1343 4096 1390 4141 et
1420 4085 1733 4140 oblationem
1750 4084 1988 4146 noluisti,
2012 4101 2196 4152 corpus
2219 4103 2319 4139 an-

756 4193 858 4237 tem
900 4183 1097 4251 optasti
1127 4181 1276 4241 miln'.
1311 4189 1415 4233 etc.
1463 4177 1599 4231 llinc
1638 4177 1806 4245 ipsius
1841 4191 2066 4242 persona
2116 4176 2314 4232 Christi

755 4275 970 4329 Patrem
1038 4272 1365 4342 alloquentis
1419 4273 1711 4326 inducitur.
1761 4270 2200 4341 Quandoquidem
2243 4273 2318 4326 ait

765 4367 1092 4422 sacriﬁcium
1117 4373 1170 4418 et
1197 4364 1527 4418 oblationem
1580 4364 1825 4427 noluisti,
1857 4379 2032 4432 neque
2079 4363 2310 4431 placue-

2414 3195 2560 3267 ἢτοῦ
2587 3195 2850 3266 παρόντος
2898 3193 3012 3261 βίου
3043 3190 3389 3249 κατάστασις,
3424 3186 3488 3239 δι’
3531 3186 3596 3256 ῆν
3625 3185 3717 3238 καὶ
3748 3184 3976 3250 ἐξεστη-

2414 3287 2566 3348 κότες
2593 3288 2705 3347 τοῖς
2739 3283 2950 3344 πολλοῖς
3002 3279 3216 3332 ἐδόκουν
3245 3279 3293 3330 οἱ
3341 3275 3637 3345 προφῆται,
3682 3275 3765 3340 ἐφ’
3881 3276 3978 3326 καὶ

2415 3374 2805 3445 σεμνυνόμενος
2833 3373 2923 3424 καὶ
2953 3372 2980 3423 ό
3007 3369 3209 3430 δίκαιος
3251 3365 3431 3433 λέγει·
3469 3360 3624 3416 Εἴπα
3666 3363 3735 3415 ὲν
3770 3361 3848 3431 τῇ
3876 3362 3979 3415 ὲκ-

2414 3467 2626 3521 στὰσει
2658 3483 2797 3534 μου.
2824 3462 2842 3536 ]

2486 3559 2690 3611 Πολλὰ
2716 3556 3008 3622 ἐποίησας
3028 3552 3130 3614 σὺ,
3155 3553 3329 3619 Κύριε
3359 3554 3389 3604 ὁ
3415 3551 3557 3613 Θεός
3577 3564 3713 3614 μου,
3737 3546 3811 3598 τὰ
3832 3549 3982 3600 θαυ-

2409 3646 2598 3720 μάσιά
2629 3662 2766 3702 σου.
2799 3646 2866 3698 Ἀ
2895 3645 3202 3714 πέπρακας,
3247 3641 3428 3712 φησὶν,
3464 3641 3520 3691 ὲν
3547 3638 3624 3708 τῷ
3647 3639 3743 3706 τῆς
3768 3638 3984 3689 οἰκονο-

2419 3741 2543 3811 μίας
2586 3739 2780 3809 καιρῷ,
2830 3736 2999 3789 πολλά
3033 3737 3146 3787 ὲστι
3175 3734 3268 3785 καὶ
3301 3731 3573 3802 θαυμάσια
3597 3744 3610 3758 ·
3655 3729 3692 3781 ἃ
3725 3729 3824 3781 καὶ
3857 3729 3985 3780 ἑτέ-

2419 3847 2529 3901 ροις
2562 3828 2885 3900 ἀπήγγειλα.
2935 3827 2995 3879 Ἡ
3028 3825 3082 3878 δὲ
3119 3823 3416 3892 ἐπαγγελία
3472 3821 3598 3890 ὃλην
3626 3862 3640 3883 ,
3687 3820 3842 3888 φησὶ,
3896 3818 3981 3871 δι-

2416 3922 2618 3992 έδραμε
2649 3919 2746 3990 τὴν
2777 3919 2866 3972 ὑπ’
2893 3917 3138 3987 οὐρανὸν,
3166 3916 3241 3978 du;
3268 3916 3359 3967 καὶ
3397 3912 3709 3984 κρείττονας
3735 3909 3982 3982 ἀριθμοῦ

2415 4009 2664 4078 γενέσθαι
2687 4008 2813 4070 τοὺς
2843 4004 3254 4065 πιστεύσαντας.

2487 4102 2714 4156 Θυσίαν
2757 4099 2853 4152 καὶ
2894 4095 3244 4166 προσφορὰν
3285 4095 3394 4147 οὐκ
3441 4090 3765 4159 ἠθέλησας,
3801 4087 3984 4157 σῶμα

2414 4192 2480 4245 δὲ
2519 4191 2853 4258 κατηρτίσω
2871 4207 2972 4259 μοι
2992 4188 3124 4257 (ll).
3167 4185 3441 4239 Ἐντεῦθεν
3463 4183 3777 4251 εἰσφέρεται
3797 4179 3858 4232 τὸ
3879 4180 3982 4233 τοῦ

2415 4283 2648 4355 Χριστοῦ
2683 4280 2971 4352 πρόσωπον
3011 4279 3145 4349 πρὸς
3172 4277 3262 4330 τὸν
3297 4275 3514 4345 Πατέρα
3557 4274 3746 4339 λέγον.
3795 4272 3988 4326 Ἐπει-

2415 4375 2498 4445 δὴ,
2522 4376 2674 4445 φησὶ,
2701 4374 2890 4425 θυσίαν
2924 4373 3018 4425 καὶ
3056 4369 3370 4442 προσφορὰν
3398 4368 3497 4420 οὐκ
3527 4365 3818 4435 ἠθέλησας,
3850 4363 3984 4416 οὔτε

760 4467 891 4514 runt
924 4458 1019 4510 tibi
1044 4456 1357 4510 holocausta
1385 4455 1682 4508 secundum
1709 4457 1876 4522 legem
1904 4455 2083 4508 oblata
2112 4455 2306 4517 ;venio

2417 4463 2520 4534 μὴν
2557 4462 2863 4533 ηὑδόκησας
2911 4463 2966 4513 ὲν
3001 4456 3410 4527 όλοκαυτώμασι
3460 4457 3569 4516 τοῖς
3603 4453 3739 4506 κατὰ
3765 4454 3857 4504 τὸν
3891 4454 3988 4504 νό-

759 4558 1047 4617 postquam
1094 4562 1293 4616 corpus
1338 4545 1522 4615 accepi
1580 4545 1727 4613 quod
1779 4555 1835 4598 tu
1897 4546 2027 4599 mihi
2089 4547 2306 4614 aptasti.

759 4637 894 4692 Nam
931 4637 1166 4705 Spiritus
1201 4646 1424 4691 sanctus
1446 4644 1499 4689 et
1523 4636 1698 4688 virtus
1720 4635 1983 4690 Altissimi
2019 4638 2314 4690 obumbra-

771 4729 851 4782 vit
886 4739 1086 4782 sancta:
1111 4725 1336 4797 Virgini.
1368 4724 1538 4779 Venio
1563 4739 1737 4779 autem
1774 4734 1830 4777 ut
1856 4724 2050 4794 faciam
2075 4727 2315 4781 volunta-

767 4833 868 4875 tem
900 4831 1065 4873 tuam.
1109 4820 1239 4884 Quae
1260 4831 1438 4874 autem
1467 4820 1718 4874 voluntas
1748 4818 1925 4873 Patris
1948 4829 2083 4881 erat,
2129 4821 2233 4875 nisi
2251 4836 2312 4874 ea

761 4927 925 4980 quam
957 4915 1069 4978 ipse
1089 4909 1355 4964 Dominus
1398 4913 1674 4964 enarravit
1712 4912 1899 4966 dicens
1953 4913 2032 4964 "z
2065 4910 2189 4965 Ha’c
2239 4921 2315 4965 est

761 5013 939 5055 autem
997 5002 1236 5055 voluntas
1291 5002 1404 5070 ejus
1458 5003 1547 5071 qui
1584 5003 1724 5055 misit
1775 5020 1874 5065 me,
1913 5013 1970 5056 ut
1999 5020 2147 5057 omne
2178 5003 2314 5073 quod

759 5093 905 5146 dedit
945 5093 1073 5145 mihi
1113 5109 1213 5146 non
1244 5095 1457 5162 perdam
1484 5109 1547 5146 ea;
1568 5111 1626 5146 eo
1654 5109 1672 5156 ;
1706 5095 1794 5147 sed
1846 5096 2147 5148 resuscitem
2180 5094 2312 5148 illud

763 5187 820 5238 in
850 5185 1133 5238 novissimo
1155 5185 1239 5238 die
1264 5188 1287 5238 ἴ
1315 5183 1449 5239 Illud
1481 5195 1682 5250 autem,
1711 5186 1762 5236 in
1794 5187 1964 5253 capite
1996 5185 2142 5250 libri,
2175 5186 2315 5238 hanc

765 5277 932 5328 habet
960 5277 1478 5342 interpretationem.
1514 5277 1689 5343 Caput
1735 5275 1940 5330 llelirmi
1979 5285 2182 5329 tomum
2224 5291 2316 5344 ap-

765 5367 981 5437 pellant.
1019 5367 1185 5421 Isaias
1220 5384 1343 5422 vero
1393 5368 1782 5422 incarnationis
1814 5365 2082 5437 Unigeniti
2120 5377 2315 5436 myste-

835 5515 924 5569 ἰ1
958 5518 1079 5571 Cor.
1102 5536 1154 5581 ει,
1178 5520 1229 5572 4.
1306 5521 1350 5551 ⁸⁵
1378 5518 1521 5573 Psal.
1557 5536 1678 5584 cxv,
1709 5521 1794 5573 ll.
1869 5519 1913 5549 ⁸⁸
1947 5517 2102 5573 .loan.
2123 5535 2195 5580 vi,
2226 5517 2311 5570 40.

841 5650 948 5716 tll)
974 5649 1070 5702 llic
1099 5650 1250 5704 locus
1280 5653 1474 5706 citatur
1513 5653 1726 5706 nomine
1765 5652 2039 5705 Athanasii
2100 5652 2151 5704 in
2213 5651 2318 5703 Ca-

776 5729 894 5772 tena
955 5721 1005 5772 in
1044 5719 1306 5792 Epistolas
1361 5723 1533 5786 Pauli,
1571 5723 1687 5778 cod.
1719 5721 1844 5792 Reg.
1878 5721 2034 5784 2246,
2072 5723 2134 5776 ad
2173 5722 2314 5776 hunc

2421 4573 2517 4625 μον
2546 4569 2560 4582 '
2591 4555 2709 4623 ἥκω
2741 4552 2895 4620 σῶμα
2936 4549 3113 4602 λαϐὼν
3151 4549 3284 4617 ὅπερ
3313 4545 3470 4607 αὑτός
3510 4562 3597 4614 μοι
3637 4543 3983 4613 κατηρτίσω.

2415 4645 2638 4715 Πνεῦμα
2673 4644 2780 4713 γὰρ
2815 4646 2965 4710 ἅγιον
2992 4641 3085 4694 καὶ
3125 4639 3377 4707 Ὑψίστου
3407 4637 3630 4705 δύναμις
3678 4634 3986 4688 ὲπεσκίασε

2412 4739 2476 4806 τῇ
2506 4736 2634 4804 ἁγία
2662 4733 2939 4804 Παρθένῳ.
2972 4733 3126 4785 Ἥκω
3162 4729 3218 4782 δὲ
3264 4730 3363 4781 ἵνα
3387 4727 3452 4779 τὸ
3481 4726 3596 4779 σὺν
3620 4725 3852 4788 ποιήσω
3880 4725 3985 4777 θέ-

2412 4831 2591 4893 λημα.
2608 4825 2767 4877 Ποῖον
2783 4822 2890 4893 γὰρ
2905 4818 2972 4892 ἦν
2991 4822 3051 4872 τὸ
3068 4819 3279 4889 θέλημα
3297 4818 3395 4871 τοῦ
3421 4819 3532 4871 Πατ
3543 4818 3648 4885 ρὸς,
3669 4815 3744 4884 ἥδ
3767 4815 3934 4878 αὐτὸς
3959 4817 3990 4868 ὁ

2414 4915 2613 4986 Κύριος
2629 4913 2930 4984 ἐξηγήσατο
2945 4929 2967 4964 ε
2980 4911 3198 4982 ίρηκὼς·
3212 4908 3391 4964 Τοῦτό
3401 4908 3530 4959 ἐστι
3544 4906 3609 4958 τὸ
3626 4905 3853 4972 θέλημα
3873 4905 3989 4958 τοῦ

2414 5006 2760 5075 πέμψαντός
2782 5021 2878 5073 με,
2900 5006 2998 5058 ἵνα
3024 5003 3145 5056 πᾶν
3169 5002 3199 5054 ὃ
3221 4997 3441 5054 δέδωκέ
3449 5015 3549 5066 μοι
3571 4997 3655 5065 μὴ
3687 4995 3989 5049 ἀπολέσω

2413 5098 2480 5161 ἐξ
2508 5096 2713 5158 αὐτοῦ,
2747 5094 2906 5149 ἀλλὰ
2937 5092 3258 5157 ἀναστήσω
3295 5090 3437 5144 αὐτὸ
3469 5087 3538 5155 τῇ
3569 5085 3803 5156 ἐσχάτῃ
3829 5087 3954 5154 ὴμέ

2407 5203 2525 5254 pa;
2558 5186 2630 5239 Τὸ
2658 5187 2735 5252 δὲ,
2758 5186 2826 5238 ἐν
2861 5182 3134 5252 κεφαλίδι
3170 5181 3411 5246 ,ϐιϐλίου
3443 5220 3457 5244 ,
3491 5179 3693 5247 ταύτην
3732 5177 3846 5247 ἔχει
3877 5179 3991 5248 τὴν

2417 5277 2728 5348 ἑρμηνείαν.
2779 5274 3056 5342 Κεφαλίδα
3090 5274 3138 5326 oi
3176 5273 3414 5342 Ἐὃραῖοι
3456 5270 3546 5322 τὸν
3581 5269 3744 5338 τόμον
3788 5269 3983 5336 φασίν.

2430 5369 2654 5429 Ἡσαΐας
2709 5366 2766 5419 δὲ
2809 5366 2868 5418 τὸ
2916 5365 3012 5434 τῆς
3055 5363 3512 5435 ὲνανθρωπήσεως
3546 5363 3842 5430 μυστήριον
3883 5362 3989 5412 τοῦ

2420 5665 2631 5703 vorsum
2680 5648 2928 5719 Epistolas
2961 5648 3024 5702 ad
3068 5647 3352 5703 Hebraeos:
3389 5645 3551 5712 Σῶμα
3579 5642 3632 5696 δὲ
3666 5644 3996 5714 κατηρτίσω

2423 5737 2506 5787 μοι
2518 5759 2530 5772 .
