4086 6308
132 358 229 413 195

1205 353 1570 411 EXPOSlTIO
1606 356 1673 410 ΙΝ
1712 354 2039 411 PSALMUM
2075 354 2314 409 XXXIX.

3258 366 3361 421 194

126 470 455 538 Μονογενοῦς
479 470 861 539 διδασκόμενος
888 471 1083 540 ἤκουσε
1112 486 1123 498 ·
1161 469 1313 522 Aude
1354 470 1537 539 τόμον
1574 488 1681 523 ποιαι⁴

1801 469 1942 522 rium
1997 468 2241 527 edoctus.
2280 468 2484 524 audivit
2525 490 2534 523 :
2592 472 2779 539 Accipe
2819 484 3015 528 tomum
3058 493 3267 542 novum,
3309 491 3359 534 et

122 564 249 625 νόν,
268 562 366 615 καὶ
396 562 634 630 γράψον
658 562 726 613 ἐν
749 558 906 623 αὐτῷ
938 558 1173 627 γραφίδι
1194 557 1523 625 ἀνθρώπου.
1549 559 1619 610 Συ
1628 577 1693 628 μ-

124 654 291 706 ϐαίνει
312 654 392 715 ὼς
420 654 519 705 οῦκ
538 656 595 704 ὲν
623 651 785 713 πλαξὶ
802 649 1045 713 λιθίναις,
1074 649 1208 703 ἀλλὰ
1236 649 1537 719 σαρκίναις,
1565 667 1694 719 γρα-

124 746 391 814 φήσονται
440 745 510 796 τὰ
542 744 886 813 θεσπίσματα
934 742 1026 794 τοῦ
1072 742 1257 795 καινοῦ
1286 742 1472 811 νόμου,
1514 741 1694 805 καθώς

123 854 253 907 φησι
286 838 355 889 δι’
393 837 654 907 Ἰερεμίου
694 836 786 888 τοῦ
810 838 1088 907 προφήτου
1109 853 1122 866 ”
1167 834 1375 900 Διδοὺς
1400 834 1571 887 δώσω
1596 836 1692 887 νό-

118 946 270 996 μους
299 947 424 997 μου
457 933 543 994 εἰς
567 930 681 995 τὴν
707 927 977 982 διάνοιαν
1006 928 1227 990 αὐτῶν,
1277 926 1373 980 καὶ
1412 927 1508 980 ἐπὶ
1556 943 1693 994 καρ-

122 1020 255 1086 δίας
277 1020 482 1075 αὐτῶν
513 1020 716 1090 γράψω
746 1021 985 1086 αὐτοὺς,
1021 1020 1105 1072 ἵνα
1138 1019 1304 1090 δηλοῖ,
1338 1020 1417 1071 ὅτι
1454 1020 1565 1081 τοῖς
1610 1020 1695 1070 ὲν-

120 1113 364 1177 δοτεὶτοις
393 1116 486 1167 καὶ
516 1116 720 1183 νοητοῖς
741 1116 837 1183 τῆς
867 1112 1092 1183 καρδίας
1122 1111 1367 1182 ταμείοις
1395 1112 1427 1181 ἡ
1468 1110 1693 1180 Ἐκκληο

124 1202 210 1255 σία
235 1203 332 1255 τδν
369 1204 553 1256 καινὸν
584 1202 949 1273 παραδέξηται
995 1203 1178 1274 νόμον,
1224 1202 1316 1256 καὶ
1343 1202 1441 1265 τὰς
1477 1202 1691 1264 ἐντολὰς

124 1294 330 1365 σφόδρα
362 1295 584 1366 θελήσῃ.

189 1390 237 1441 Ε
244 1391 319 1455 ὑη
330 1387 701 1457 γητλιο-ἁμην
722 1388 1116 1457 δικαιοσύνην
1136 1390 1205 1443 ἐν
1243 1390 1570 1458 Ἐκκλησία
1587 1407 1691 1459 με·

334 1479 630 1547 Ἐκκλησία
680 1480 886 1548 μεγάλη
924 1479 957 1549 ἡ
992 1479 1131 1532 κατά
1157 1480 1263 1532 πᾶν
1289 1479 1437 1543 ἔθνος
1465 1479 1689 1533 πιστεύ-

122 1588 261 1621 σασα
315 1569 396 1639 τῷ
451 1571 662 1641 Σωτῆρι
691 1571 864 1641 ψυχή·
921 1571 954 1641 ὴ
1011 1573 1104 1624 καὶ
1156 1571 1497 1624 δεδικαίωται
1529 1572 1689 1626 αὐτὸν

121 1660 319 1729 ἔχουσα
352 1660 444 1713 τὸν
490 1661 804 1715 δικαιοῦντα
857 1662 947 1714 τὸν
991 1661 1184 1731 ἀσεϐῆ.
1223 1662 1343 1729 Τὴν
1385 1661 1686 1717 δικαιοσύτ

118 1770 231 1818 νην
258 1769 378 1806 σου
417 1756 526 1807 οὐκ
554 1754 790 1822 ἔκρυψα
820 1754 889 1806 ἐν
933 1753 1008 1821 τῇ
1050 1754 1263 1822 καρδίᾳ
1296 1772 1435 1822 μου.
1473 1756 1686 1808 Δικαιο-

122 1844 287 1913 σύνην
344 1845 443 1913 μὲν
479 1845 577 1915 τὴν
615 1845 680 1897 δι’
722 1844 886 1898 αὐτοῦ
938 1847 1356 1917 κεκηρυγμένην
1390 1849 1541 1917 φησὶ,
1590 1847 1686 1918 τὴν

120 1936 255 2003 ὑπὲρ
280 1937 444 2006 νόμον
477 1939 569 1989 καὶ
598 1938 754 1991 σκιάν
782 1956 795 1969 ·
827 1938 887 1991 τὸ
920 1938 997 2000 δὲ,
1017 1938 1222 2008 ἔγνως,
1260 1941 1380 1994 ἀντὶ
1416 1942 1527 2002 τοῦ,
1560 1940 1685 1993 ίδιο-

120 2027 349 2095 ποιήσω.
392 2027 508 2094 Τὴν
540 2027 827 2093 ἀλήθειάν
846 2044 961 2082 σου
991 2030 1088 2082 καὶ
1120 2030 1185 2084 τὸ
1230 2032 1522 2100 σωτήριόν
1570 2049 1685 2087 σου

117 2113 271 2170 εἶπα.
302 2119 379 2171 Οὔ
417 2119 702 2189 σεσίγηκα,
747 2120 899 2189 φησὶ,
940 2121 1061 2174 οὐδὲ
1092 2122 1348 2193 συνέσχον
1374 2124 1432 2177 ὲν
1462 2123 1686 2195 ἐμαυτῷ

117 2208 212 2279 τὴν
249 2209 508 2278 ἀλήθειάν
540 2227 651 2262 σου.
689 2210 966 2281 Ἀλήθειαν
994 2212 1051 2265 δέ
1088 2230 1220 2283 φησι
1244 2215 1304 2268 τὸ
1334 2214 1685 2284 εὐαγγελικὸν

117 2304 400 2371 κήρυγμα.
456 2303 590 2354 Ἀλλ’
620 2304 738 2356 οὐδὲ
761 2303 968 2375 ἔκρυψα
994 2306 1053 2358 τὸ
1089 2309 1351 2379 σωτήριόν
1378 2326 1492 2371 σου,
1531 2326 1684 2361 τουτ-

113 2391 224 2445 ἐστι
271 2394 376 2463 τῆς
424 2394 575 2463 παρὰ
623 2394 715 2448 σοῦ
765 2396 1013 2466 δοθείσης
1074 2401 1349 2471 σωτηρίας
1395 2401 1495 2470 τὴν
1544 2401 1681 2469 ὁδὸν,

114 2485 228 2553 ἦτοι
251 2485 351 2556 τὴν
374 2485 460 2537 διὰ
492 2486 592 2555 τῆς
619 2487 852 2551 πίστεως
881 2489 1058 2560 χάριν.
1086 2490 1414 2561 Συναγωγὴν
1454 2491 1511 2546 δὲ
1552 2493 1683 2546 πολ-

114 2576 225 2646 λὴν,
252 2578 352 2647 τὴν
390 2579 454 2630 ἐκ
485 2578 577 2630 τοῦ
619 2579 834 2649 Ἰσραὴλ
866 2582 959 2634 καὶ
1002 2582 1109 2633 τῶν
1145 2582 1314 2636 ἐθνῶν
1338 2583 1685 2655 συνειλεγμέ-

114 2686 206 2736 νην
248 2669 580 2739 Ἐκκλησίαν
606 2671 793 2740 φησίν.
837 2672 1233 2728 Ἀποκαλύπτει
1263 2675 1371 2749 γὰρ
1398 2677 1427 2729 ὁ
1451 2676 1684 2748 Χριστὸς

113 2761 236 2824 τοὺς
267 2764 398 2833 περὶ
434 2762 615 2826 ἐλέους
657 2766 748 2817 καὶ
776 2766 1033 2836 ἀληθείας
1077 2768 1268 2838 λόγους
1305 2774 1369 2842 τῇ
1413 2771 1571 2841 φύσει
1614 2774 1679 2843 τῇ

113 2853 325 2926 λογικῇ,
363 2856 456 2907 καὶ
489 2856 615 2918 τοὺς
645 2858 771 2927 περὶ
807 2861 1102 2931 σωτηρίας.
1134 2864 1241 2915 Καὶ
1270 2865 1395 2925 τοὺς
1435 2864 1532 2933 μὲν
1555 2866 1682 2936 περὶ

114 2944 369 3015 ἀληθείας
394 2946 583 3014 λόγους
612 2948 831 3018 εὑρήσει
855 2952 912 3004 ὲν
933 2954 999 3022 τῇ
1040 2952 1262 3025 θεωρίᾳ,
1295 2955 1419 3019 τοὺς
1450 2955 1508 3009 δὲ
1553 2957 1681 3029 περὶ

116 3038 392 3105 σωτηρίας
418 3039 475 3091 ὲν
503 3042 569 3109 τῇ
602 3044 901 3113 πρακτικῇ.

180 3125 265 3177 Σὺ
294 3124 383 3187 δὲ,
419 3129 616 3193 Κύριε.
662 3130 748 3197 μὴ
795 3133 1108 3202 μακρύνῃς
1162 3136 1303 3202 τοὺς
1344 3138 1678 3208 οἰκτιρμούς
1705 3170 1747 3226 ο

114 3230 226 3269 σου
251 3218 353 3271 ἀπ’
400 3218 567 3285 ἐμοῦ.
598 3222 917 3288 Διδάξαντος
944 3225 1038 3279 τοῦ
1068 3227 1304 3297 Χριστοῦ
1330 3228 1392 3281 τὸ
1426 3231 1552 3299 περὶ
1582 3231 1679 3299 τῆς

110 3306 421 3375 οἰκονομίας
454 3311 767 3381 μυστήριον,
804 3314 1169 3383 είσκομίζεται
1210 3315 1303 3367 τοῦ
1364 3316 1576 3387 Ἰσραὴλ
1619 3317 1682 3370 τὸ

113 3399 401 3468 πρόσωπον
425 3400 518 3453 τοῦ
552 3402 830 3471 μείναντος
869 3406 926 3455 ἐν
960 3404 1230 3475 ἀπειθείᾳ.
1273 3406 1357 3470 Ὠς
1384 3408 1493 3481 γὰρ
1521 3410 1678 3463 ἀπει-

113 3487 280 3557 θήσας
308 3490 388 3559 τῷ
419 3491 559 3544 ἐλέει
600 3492 694 3545 τοῦ
732 3492 888 3558 Θεοῦ,
925 3495 1015 3547 καὶ
1056 3494 1144 3548 διὰ
1185 3496 1342 3550 τοῦτο
1391 3516 1680 3572 παρεωρα-

115 3580 287 3645 μένος,
316 3584 411 3635 καὶ
449 3584 508 3635 ὲν
541 3584 702 3638 παντὶ
746 3585 981 3653 γεγονὼς
1014 3588 1189 3659 κακῷ,
1236 3591 1495 3662 ἁνανήφει
1544 3592 1680 3663 πρὸς

119 3674 476 3741 μετάγνωσιν,
508 3678 974 3748 κατοικτείρεσθαι
1015 3682 1365 3750 παρακαλῶν.
1414 3684 1679 3753 Σημαίνε-

110 3782 192 3816 ται
226 3766 283 3817 δὲ
315 3768 346 3837 ἡ
381 3769 466 3819 ἐπ’
500 3768 730 3838 ἐσχάτου
771 3770 964 3841 καιροῦ
994 3774 1330 3844 γενησομένη
1364 3774 1555 3845 κλῆσις
1582 3778 1677 3829 αὑ-

109 3859 229 3912 τῶν.
265 3860 336 3913 Τὸ
358 3861 531 3925 ἔλεός
560 3877 675 3915 σου
704 3864 799 3915 καὶ
842 3864 880 3930 ἡ
919 3863 1168 3930 ἀλήθειά
1194 3883 1310 3920 σου
1355 3867 1676 3935 διαπαντὸς

111 3951 520 4005 ἁντιλάϐσιντό
542 3971 679 4021 μου.
716 3954 1128 4027 Ὀμολογοῦμεν,
1172 3959 1353 4029 φησὶν,
1386 3960 1469 4013 ὅτι
1515 3961 1675 4024 αὐτὸς

112 4036 185 4103 εἷς
212 4043 240 4093 ὁ
273 4042 439 4097 παλαι
473 4043 659 4107 σῶζων
680 4047 830 4115 ἡμᾶς
858 4047 951 4100 καὶ
984 4048 1529 4119 ἀντιλαμϐανόμενος.
1568 4054 1675 4105 Καὶ

108 4135 342 4202 τυχοῦσα
374 4136 472 4206 τῆς
501 4139 773 4209 σωτηρίας
801 4145 833 4209 η
857 4139 948 4192 τοῦ
988 4139 1121 4193 Θεοῦ
1158 4141 1471 4213 Ἐκκλησία,
1505 4143 1673 4198 δεῖται

111 4228 267 4280 πάλιν
291 4230 390 4297 τῆς
420 4229 515 4281 τοῦ
548 4229 683 4283 Θεοῦ
717 4232 1055 4303 προμηθείας
1086 4233 1174 4286 διὰ
1196 4234 1294 4297 τὰς
1327 4235 1672 4301 παντοδαπὰς

110 4322 209 4371 τῶν
239 4322 542 4393 ἀνθρώπων
590 4325 682 4376 καὶ
713 4324 978 4393 δαιμόνων
1027 4327 1442 4391 ἐπαναστάσεις,
1489 4321 1564 4382 ὧν
1608 4332 1670 4383 ὲν

109 4416 213 4475 τοῖς
242 4414 370 4482 ἑξῆς
402 4416 625 4485 μνήμην
654 4419 909 4473 ποιεῖσαι.

1797 560 1965 613 scribe
2024 563 2079 611 in
2123 566 2234 628 ipso
2263 561 2399 628 stylo
2458 564 2682 618 hominis
2714 567 2779 618 ”.
2838 567 3120 639 Contingit
3173 581 3354 625 autem

1796 668 1902 705 non
1934 653 1984 705 in
2012 653 2210 705 tabulis
2235 652 2484 722 lapideis,
2505 656 2596 708 scd
2631 659 2941 713 carnalibus
2963 661 3199 715 describi
3223 679 3357 732 pra:-

1792 753 1947 811 cepta
1980 758 2129 797 novae
2158 745 2329 813 legis:
2359 748 2819 813 quemadmodum
2859 752 2935 804 ait
2966 754 3053 807 ille
3086 769 3180 822 per
3202 753 3357 809 Jerc-

1794 833 1957 885 miam
1991 835 2305 903 prophetam
2334 834 2409 888 ’δι
2435 834 2582 889 Daus
2607 838 2742 890 dabo
2769 839 2902 909 leges
2938 859 3080 897 meas
3130 848 3183 896 in
3214 862 3355 897 men-

1792 938 1893 980 tem
1919 927 2178 995 ipsorum.
2204 938 2253 981 et
2307 929 2363 981 in
2396 930 2549 982 corde
2576 946 2759 984 eorum
2807 934 3101 989 describam
3144 956 3255 1001 eas,
3297 948 3358 993 ut

1790 1016 2033 1071 declaret
2060 1016 2303 1071 futurum
2336 1028 2394 1072 ut
2438 1018 2680 1075 Ecclesia
2708 1024 2759 1076 in
2790 1024 2997 1080 inlimis
3045 1036 3100 1081 et
3148 1030 3357 1083 intelli-

1790 1108 2047 1176 gibilibus
2078 1111 2260 1163 cordis
2278 1114 2636 1180 receptaculis
2667 1130 2861 1169 novam
2896 1118 3068 1187 legem
3099 1120 3354 1190 recipiat.

1788 1208 1845 1254 et
1871 1202 2125 1255 mandata
2156 1203 2409 1256 ardenter
2436 1204 2646 1275 diligat.

1858 1375 1945 1428 10.
1978 1376 2590 1446 Annuntiavijustitiam
2628 1382 2681 1434 in
2723 1381 2965 1438 Ecclesia
3001 1403 3214 1457 magna.
3252 1387 3355 1443 Ec-

1786 1466 1951 1522 clesia
1990 1483 2183 1537 magna
2231 1479 2315 1523 est
2346 1472 2601 1539 qumlibet
2638 1476 2820 1528 anima
2870 1492 2991 1544 qua:
3026 1493 3122 1546 per
3163 1494 3354 1536 omnes

1787 1570 1977 1628 gentes
2015 1559 2283 1614 Salvatori
2340 1564 2590 1629 credidit,
2627 1581 2747 1635 qua:
2776 1569 2938 1622 etiam
2985 1570 3353 1637 justiﬁcatur.

1788 1664 1912 1703 cum
1941 1650 2149 1705 habens
2174 1653 2265 1721 qui
2296 1652 2560 1720 justilieat
2601 1656 2851 1725 impium.
2879 1657 3162 1713 Justitiam
3208 1673 3355 1715 tuam

1788 1755 1891 1792 non
1930 1740 2181 1795 abscondi
2214 1743 2268 1795 in
2301 1746 2456 1797 corde
2497 1745 2928 1801 meoJustitiam
2965 1752 3034 1804 ab
3071 1752 3189 1821 ipso
3216 1770 3355 1823 pra:-

1719 1826 1757 1880 Β
1785 1833 2019 1887 dicatam
2045 1835 2313 1905 intelligit,
2344 1852 2463 1906 qua:
2485 1850 2568 1892 cst
2603 1856 2768 1909 supra
2798 1840 2968 1910 legem
3004 1852 3057 1897 et
3081 1846 3350 1900 umbram.

1788 1924 1920 1979 Illud
1944 1935 2147 1989 autem,
2178 1935 2234 1979 tu
2272 1931 2443 1994 scisti,
2496 1933 2759 2000 positum,
2796 1950 2893 2003 pro
2947 1935 3037 1989 tibi
3074 1942 3352 2006 proprium

1786 2015 1982 2071 lenisti.
2026 2015 2310 2072 Veritatem
2340 2032 2484 2075 tuam
2512 2033 2560 2075 et
2595 2028 2833 2079 salutare
2884 2036 3033 2080 tuum
3064 2028 3197 2082 dixi.
3235 2028 3352 2085 Non

1786 2107 1911 2162 silui
1962 2125 2139 2178 neque
2172 2112 2369 2165 retinui
2425 2114 2477 2166 in
2512 2119 2831 2185 memetipso
2863 2120 3142 2174 veritatem
3181 2130 3352 2180 tuam.

1792 2197 2087 2254 Veritatem
2121 2210 2299 2255 autem
2332 2203 2429 2268 ait,
2476 2206 2844 2275 evangelicam
2889 2210 3350 2277 praedicationem.

1784 2288 1971 2359 Neque
1999 2293 2238 2347 salutare
2277 2305 2429 2347 tuum
2469 2298 2751 2361 abscondi,
2802 2298 2853 2352 id
2888 2309 2992 2360 est.
3034 2303 3226 2357 salutis
3254 2306 3352 2359 abs

1784 2393 1834 2440 te
1866 2389 2004 2441 datm
2034 2391 2326 2452 viam,sive
2346 2392 2576 2457 gratiam
2610 2410 2731 2462 quae
2750 2410 2843 2462 per
2876 2396 3033 2450 ﬁdem
3053 2398 3346 2452 obtiuetur.

1781 2475 2084 2531 Concilium
2110 2489 2292 2531 autem
2333 2481 2562 2534 multum
2610 2485 2684 2535 ait
2731 2483 3025 2540 Ecclesiam
3056 2503 3120 2541 ex
3156 2488 3349 2544 lsraelc

1780 2574 1834 2621 et
1862 2582 1928 2620 ex
1955 2568 2205 2637 gentibus
2239 2586 2640 2641 congregatam.
2692 2574 2911 2631 Revelat
2936 2579 3135 2647 quippe
3161 2578 3348 2635 Domi-

1783 2672 1886 2712 nus
1927 2670 2135 2715 natura:
2181 2661 2433 2716 rationali
2490 2668 2860 2721 sertnoncsdc
2905 2670 3273 2728 misericordia
3298 2683 3351 2728 ct

1789 2754 2036 2818 veritate,
2070 2764 2124 2809 et
2148 2770 2430 2812 sermones
2458 2759 2524 2812 de
2549 2761 2743 2815 salute.
2796 2761 2863 2818 Et
2894 2780 3174 2823 sermones
3218 2770 3345 2838 qui-

1788 2842 1908 2896 dem
1940 2845 2005 2898 de
2038 2845 2262 2901 veritate
2293 2848 2533 2904 inveniet
2564 2851 2729 2906 homo
2766 2854 2819 2907 in
2845 2860 3341 2928 contemplatione:

1782 2950 2068 2993 sermones
2102 2948 2282 2995 autem
2313 2942 2380 2996 de
2405 2943 2598 3008 salute,
2628 2946 2683 2999 in
2717 2948 2953 3007 actione.

1850 3149 1934 3203 Β.
1980 3149 2055 3203 Tu
2080 3163 2274 3218 autem,
2319 3155 2558 3217 Domine.
2594 3177 2658 3212 nc
2684 3162 2839 3231 longe
2889 3165 3059 3230 facias
3114 3170 3340 3225 misera-

1783 3240 1946 3293 tiones
1975 3255 2093 3294 tuas
2128 3260 2160 3296 a
2189 3261 2287 3299 me.
2346 3242 2639 3315 Postquam
2687 3252 2874 3305 docuit
2904 3252 3159 3313 Christus
3189 3275 3311 3314 meo

1781 3333 1978 3385 nomine
2010 3335 2349 3403 mysterium,
2381 3338 2593 3395 inducit
2642 3341 2857 3398 lsraelis
2889 3361 3202 3414 personam,
3245 3352 3340 3421 qui

1781 3418 1834 3471 in
1889 3420 2267 3480 incredulitate
2300 3432 2621 3496 permansit.
2686 3432 2752 3488 Ut
2795 3448 3013 3505 autem,
3076 3418 3337 3510 quoniam

1789 3511 2185 3570 misericordia:
2241 3516 2334 3571 Dei
2401 3535 2507 3571 non
2560 3522 2972 3593 obtemperavit,
3004 3532 3341 3600 neglectusa

1779 3600 1891 3656 Deo
1914 3614 2015 3667 est,
2038 3613 2091 3657 et
2129 3607 2291 3659 nullis
2324 3622 2430 3660 non
2452 3609 2676 3665 allectus
2715 3624 2796 3667 est
2826 3617 2983 3671 malis
3008 3635 3023 3685 ;
3051 3620 3191 3691 resip
3215 3624 3339 3688 scit,

1778 3703 1832 3747 et
1860 3698 2177 3763 pmuitentia
2232 3710 2412 3754 motus
2441 3711 2593 3773 rogat
2640 3712 2697 3759 ut
2740 3721 2805 3760 ex
2839 3709 3212 3766 misericordia
3242 3730 3332 3768 se-

1781 3796 1904 3834 cum
1934 3794 2146 3851 agatur.
2181 3784 2529 3855 Signilicatur
2554 3802 2737 3847 autem
2771 3794 3085 3852 Judarorum
3124 3807 3339 3859 vocatio

1775 3872 2033 3926 extremis
2088 3876 2423 3943 temporibus
2473 3879 2675 3934 futura.
2732 3881 3101 3939 Misericordia
3139 3899 3229 3943 tua
3283 3903 3333 3945 et

1774 3962 1961 4015 veritas
1993 3973 2085 4018 tua
2114 3982 2313 4034 semper
2332 3969 2623 4039 suscipiant
2664 3988 2764 4026 me.
2823 3974 3181 4045 Coulitemur,
3230 3983 3330 4047 ait,

1776 4061 1825 4107 te
1852 4055 1980 4108 olim
2035 4054 2204 4110 fuisse
2233 4059 2326 4127 qui
2364 4074 2463 4114 nos
2495 4064 2769 4131 servabas,
2818 4077 2871 4122 et
2902 4072 3154 4138 prasidio
3179 4075 3340 4131 nobis

1772 4158 1915 4197 eras.
1952 4143 2015 4198 Et
2056 4147 2183 4199 olim
2212 4148 2438 4205 salutem
2463 4166 2753 4209 consecuta
2783 4156 2872 4212 Dei
2908 4157 3149 4217 Ecclesia
3181 4177 3336 4234 rogat

1773 4235 1971 4289 iterum
2024 4236 2117 4291 Dei
2175 4241 2566 4309 providentiam
2618 4258 2675 4301 et
2723 4250 3009 4315 auxilium,
3060 4258 3326 4313 adversus

1772 4327 2101 4397 multiplices
2132 4331 2410 4387 hominum
2442 4347 2602 4405 atque
2632 4338 2941 4396 demonum
2976 4344 3329 4416 irruptiones,

1774 4434 2007 4488 quarum
2036 4424 2352 4478 memoriam
2380 4427 2431 4479 in
2469 4432 2825 4498 sequentibus
2848 4436 2979 4504 agit.

187 4508 315 4558 Ὀτι
346 4507 671 4575 περιέσχον
689 4525 767 4577 με
795 4510 946 4563 κακὰ
964 4503 1051 4563 ὧν
1073 4513 1182 4565 οὐκ
1218 4514 1388 4567 ἔστιν
1403 4514 1664 4585 ἀριθμός.

1843 4511 1927 4564 15.
1963 4511 2224 4577 Quoniam
2272 4516 2722 4574 circumdederunt
2771 4540 2849 4577 me
2881 4526 3045 4595 mala,
3105 4546 3331 4600 quarunt

110 4596 183 4649 ra
220 4598 359 4667 μετὰ
381 4598 478 4668 τὴν
507 4600 762 4652 ἀπιστίαν
790 4601 889 4671 τὴν
911 4603 989 4665 εἰς
1019 4603 1252 4673 Χριστὸν
1284 4605 1667 4679 συμϐεϐηκότα

108 4689 285 4750 αὐτοῖς
311 4688 577 4759 διηγεῖται
617 4690 783 4742 κακά.
834 4692 1337 4761 Ἔπληθὺνθησαν
1365 4697 1516 4764 ὑπὲρ
1561 4699 1666 4765 τὰς

108 4783 307 4847 τρίχας
323 4781 433 4848 τῆς
454 4780 716 4849 κεφαλῆς
737 4800 874 4849 μου,
908 4784 1003 4837 καὶ
1018 4786 1053 4853 ἡ
1095 4786 1307 4853 καρδιά
1323 4806 1440 4856 μου
1462 4789 1667 4858 ἐγκατ-

107 4871 271 4925 έλιπέ
322 4891 415 4940 με.
462 4875 680 4942 Ὅμοιον
707 4875 839 4927 ὡσεὶ
871 4875 1091 4944 ἕλεγενσ
1138 4878 1280 4942 Ἰσος
1304 4879 1500 4947 γέγονα
1552 4885 1666 4945 τοῖς

106 4963 197 5015 οὐκ
226 4964 407 5031 ἔχουσι
437 4965 611 5036 νοῦνῆ
642 4966 865 5037 καρδίαν
885 4983 901 4998 ’
930 4968 1117 5036 γέγονε
1157 4968 1265 5042 γὰρ
1304 4971 1428 5033 λαὸς
1463 4974 1663 5045 μωρὸς,

110 5056 194 5106 καὶ
222 5056 344 5124 οὐχὶ
374 5057 556 5123 σοφός.

181 5146 737 5214 Ἀποστραρείησαν
758 5151 845 5215 εὶς
866 5151 937 5203 τὰ
967 5151 1158 5204 ὀπίσω
1180 5153 1275 5205 καί
1309 5171 1666 5225 καταισχυν-

1774 4612 1978 4656 nonest
2025 4621 2290 4659 numerus.
2322 4605 2457 4662 Mala
2497 4622 2743 4666 recenset
2778 4629 2901 4684 (pne
2963 4617 3097 4687 ipsis
3129 4635 3329 4674 secun-

1772 4692 1899 4747 dum
1936 4710 2089 4748 suam
2122 4710 2246 4764 erga
2265 4696 2541 4753 Christum
2574 4701 2942 4760 inﬁdelitatem
2967 4710 3324 4768 obvenerunt.

1775 4784 2149 4854 Multiplicatte
2182 4800 2303 4842 sunt
2335 4807 2489 4859 super
2519 4793 2740 4853 capillos
2772 4798 2962 4866 capitis
2988 4802 3107 4867 mei,
3141 4816 3187 4855 et
3238 4821 3332 4855 cor

1770 4893 1937 4929 nicum
1966 4877 2242 4949 dereliquit
2271 4897 2367 4933 me.
2398 4880 2624 4938 Perinde
2647 4898 2729 4939 est
2758 4901 2821 4942 ac
2863 4888 2910 4943 si
2942 4890 3144 4947 diceret
3188 4910 3202 4946 :
3239 4892 3326 4947 Si-

1771 4967 1919 5022 milis
1947 4967 2024 5021 lui
2063 4969 2143 5024 eis
2171 4971 2263 5039 qui
2310 4988 2409 5027 nec
2436 4985 2669 5029 mentem
2703 4995 2803 5034 nec
2830 4996 2923 5033 cor
2951 4981 3172 5041 habent.
3222 4983 3327 5038 Fs.-

1763 5069 1886 5114 ctus
1912 5062 2157 5115 estenim
2189 5063 2422 5131 populus
2457 5067 2660 5123 stultus
2688 5079 2741 5123 et
2789 5071 3076 5141 insipiens.

1836 5151 1922 5205 l5.
1974 5152 2294 5207 Avertantur
2336 5167 2623 5211 retrorsum
2680 5171 2731 5215 et
2758 5165 3063 5218 erubescant
3112 5168 3202 5237 qui
3236 5186 3323 5222 vo-

110 5238 345 5300 θείησιιγ
382 5241 436 5290 ol
485 5238 763 5305 θέλοντές
806 5258 909 5309 μοι
968 5242 1140 5294 κακά.
1182 5244 1251 5295 Ἢ
1307 5244 1415 5296 τῶν
1461 5249 1665 5317 νοητῶν

1780 5244 1879 5297 funt
1923 5246 2053 5299 mihi
2099 5248 2261 5303 mala.
2296 5248 2403 5304 Aut
2434 5251 2696 5309 adversus
2726 5257 3034 5324 spirituales
3070 5262 3324 5318 inimicos

110 5328 310 5395 ἐχθρῶν
345 5329 702 5391 καταϐοῶσιν,
738 5331 770 5400 ἢ
801 5332 907 5384 τῶν
945 5334 1320 5404 Γραμματὲων
1353 5336 1446 5388 κα)⁹
1496 5339 1662 5410 Φαρι-

1780 5338 2089 5399 exclamant.
2127 5350 2221 5393 aut
2256 5342 2514 5397 adversus
2542 5347 2762 5401 Scribas
2793 5361 2845 5402 et
2882 5349 3207 5418 Pharisaeoa,
3228 5357 3320 5423 qui

110 5417 269 5469 σαίων
292 5418 397 5468 τῶν
422 5419 913 5474 ἐπιϐουλευσὼιτων
945 5426 1009 5492 τῇ
1061 5425 1301 5495 σωτηρία
1340 5427 1439 5494 τῆς
1486 5428 1662 5499 ψυχῆς

109 5507 287 5571 αὐτοῦ,
347 5509 611 5577 λεγόντων
666 5511 843 5563 αὐτῶν
893 5514 1018 5584 περὶ
1075 5516 1312 5584 Χριστου
1372 5517 1498 5569 ποτε
1540 5520 1659 5589 μέν’

112 5599 222 5650 Οὐκ
250 5599 531 5654 ἐκϐάλλει
561 5604 633 5655 τὰ
661 5602 933 5671 δαιμόνια
971 5609 1022 5659 εἰ
1047 5606 1132 5675 μὴ
1162 5608 1229 5659 ἐν
1262 5608 1617 5669 Βεελζεϐοὐλ
1644 5628 1658 5643 ·

111 5690 227 5741 ποτὲ
252 5691 330 5743 δέ’
364 5697 675 5761 Δαιμόνιον
703 5696 884 5763 ἔχεις,
902 5699 992 5763 τίς
1020 5716 1091 5751 σε
1116 5697 1271 5765 ζητεῖ
1288 5702 1661 5767 ἀποκτεῖναι;

1767 5430 1926 5483 saluti
1967 5432 2159 5486 anima:
2205 5432 2323 5501 ejus
2354 5436 2749 5491 insidiabantur
2787 5442 2853 5495 de
2880 5442 3100 5497 Christo
3135 5444 3322 5498 dicen-

1767 5530 1868 5585 tes,
1899 5521 2227 5577 modo:Non
2250 5526 2396 5593 ejicit
2433 5527 2695 5582 da'ntonia
2726 5535 2827 5586 nisi
2859 5536 2912 5587 in
2938 5534 3214 5589 Beelzebul
3241 5536 3318 5601 ⁹⁹;

1767 5615 1961 5667 modo:
2023 5613 2347 5669 Dwmonium
2399 5618 2593 5687 habes,
2635 5626 2753 5692 quis
2802 5636 2848 5680 te
2884 5629 3073 5697 qua’rit
3115 5628 3317 5697 interﬁ-

1767 5722 1877 5758 rcrr
1904 5706 1952 5757 ‘?

170 5782 210 5811 ”
248 5781 350 5837 lsa.
388 5801 503 5849 \‘lll,
542 5787 587 5844 l.
661 5790 707 5820 ”
739 5787 934 5846 Jerem.
960 5807 1103 5859 xm,
1142 5793 1227 5848 53.
1305 5802 1349 5831 "
1377 5793 1564 5850 Matth.
1605 5814 1700 5864 xu,
1732 5797 1821 5853 24.
1901 5802 1912 5829 ¹
1944 5797 2099 5855 Joan.
2137 5815 2206 5853 vn
2258 5801 2345 5855 9.0.
