4102 6312
785 331 881 384 195

782 556 879 591 nus
907 537 1164 591 sollicitus
1196 538 1295 590 erit
1344 538 1466 591 mei.
1504 536 1669 590 lsrael
1717 538 1805 591 ille
1862 538 1989 589 olim
2036 536 2326 589 admodum

784 631 931 683 ferox
970 631 1034 682 ad
1083 629 1449 699 paenitentiam
1512 643 1727 693 versus,
1779 644 1900 683 sese
1956 643 2247 697 pauperem
2271 635 2325 681 et

783 721 1083 774 mendicum
1140 729 1316 774 vocat.
1362 718 1426 773 Et
1481 720 1726 790 adjungit
1753 736 1811 775 se
1851 720 2141 775 Dominum
2174 736 2324 790 spem

780 810 978 863 habere
1004 826 1175 864 suam.

849 901 1072 968 Adjutor
1105 918 1245 954 meus
1278 913 1323 954 et
1348 912 1606 970 protector
1634 918 1776 955 meus
1817 912 1870 955 tu
1896 920 1971 969 es,
1990 902 2130 956 Deus
2161 920 2324 965 meus,

781 1006 840 1041 ne
870 993 1178 1045 tardaveris.
1224 992 1335 1056 (12)
1373 992 1558 1045 Daniel
1583 992 1869 1049 Barbarus.
1904 992 2057 1048 Hunc
2099 995 2324 1057 exitum,

780 1080 969 1149 inquit,
997 1081 1212 1135 habebit
1239 1080 1501 1145 Ecclesia,
1550 1091 1605 1136 ut
1640 1099 1762 1153 quae
1812 1084 1964 1153 prius
1994 1099 2196 1153 pauper
2225 1083 2324 1138 fuit

772 1180 826 1223 et
865 1172 915 1223 in
951 1172 1153 1224 mundo
1203 1173 1378 1241 inopia
1429 1174 1663 1243 graviter
1712 1185 2065 1243 premeretur,
2111 1175 2321 1228 tandem

775 1264 1009 1329 potentia
1035 1274 1123 1315 tua
1154 1263 1373 1327 (litetur,
1411 1274 1464 1319 et
1499 1266 1703 1319 auxilio
1732 1277 1825 1320 tuo
1852 1267 2088 1336 gloriosa
2132 1267 2321 1323 reddao

774 1361 881 1413 tur,
913 1352 1054 1416 quod
1081 1352 1209 1420 petit
1253 1369 1319 1407 ne
1356 1354 1408 1407 in
1444 1354 1663 1424 longum
1709 1357 2078 1424 protrahatur,
2112 1364 2165 1409 et
2191 1370 2322 1424 pro-

773 1456 892 1512 pter
927 1444 1045 1511 ejus
1092 1445 1401 1513 petitionem
1448 1446 1583 1498 nihil
1626 1447 1949 1510 morabitur,
1999 1447 2156 1516 juxta
2189 1446 2321 1500 illud

771 1537 919 1605 quod
956 1538 1154 1590 dicitur
1186 1539 1206 1569 ²
1234 1556 1246 1591 :
1298 1536 1515 1591 Veniens
1546 1541 1710 1591 veniet
1743 1549 1790 1592 et
1822 1556 1924 1594 non
1956 1540 2211 1594 tardabit.

1009 1626 1059 1678 1.
1088 1624 1150 1678 1η
1177 1627 1332 1694 ﬁnem
1367 1626 1701 1682 PSALMUS
1734 1630 1923 1684 David.
1960 1630 2076 1685 XL.

1344 1709 1740 1788 Argumentum.

770 1804 1013 1863 Praesens
1068 1809 1309 1880 psalmus
1341 1786 1528 1865 beatos
1579 1815 1835 1881 praedicat
1885 1829 1981 1869 eos
2015 1816 2109 1884 qui
2150 1816 2320 1870 credi-
2350 1786 2394 1842 Β

840 1901 1039 1955 derunt
1064 1903 1116 1955 in
1147 1902 1321 1971 ipsum
1368 1902 1668 1969 Christum,
1700 1906 1790 1975 qui
1842 1922 1971 1961 sane
2005 1910 2126 1963 ﬁdei
2180 1924 2319 1978 pra:-

840 1992 945 2043 mia
980 1992 1112 2061 ipsis
1135 1992 1356 2053 tribuit,
1411 2009 1569 2048 suum
1609 1995 1813 2049 scilicet
1842 1997 2125 2051 auxilium.
2158 1997 2321 2051 Inda-

843 2082 983 2135 citur
1009 2092 1185 2136 autent
1228 2084 1341 2153 ipsa
1373 2083 1675 2141 Salvatoris
1711 2102 1942 2156 persona
1990 2089 2320 2144 maledicens

845 2171 1053 2228 Iudaici
1082 2178 1263 2245 populi
1312 2178 1667 2247 principibus,
1708 2178 1941 2234 maxime
1973 2190 2151 2234 autem
2202 2196 2322 2234 om-

838 2268 1010 2329 nium,
1039 2268 1323 2335 proditori.

835 2356 889 2408 2.
923 2356 1117 2409 Beatus
1142 2359 1230 2426 qui
1282 2359 1531 2427 intelligit
1569 2377 1723 2429 super
1760 2378 1973 2431 egenum
2011 2372 2060 2416 et
2117 2380 2316 2433 panpe-

769 2464 896 2500 rem.
932 2445 1170 2518 Egenum
1219 2458 1272 2503 et
1305 2466 1598 2521 pauperem
1628 2452 1906 2508 Christum
1946 2465 2121 2518 vocat,
2152 2455 2307 2525 juxta

770 2538 819 2588 id
870 2538 1013 2605 quod
1041 2539 1244 2592 dictum
1279 2548 1363 2592 est
1396 2539 1453 2592 ἐ
1499 2540 1652 2594 Dives
1685 2558 1803 2594 cum
1832 2552 1991 2608 esset,
2014 2544 2161 2612 inops
2192 2561 2313 2613 pro-

765 2638 877 2698 pter
905 2645 997 2682 nos
1052 2630 1263 2699 effectus
1292 2640 1388 2686 est.
1422 2631 1677 2687 Moralem
1718 2633 1822 2687 hoc
1854 2634 1976 2687 loco
2006 2636 2307 2689 doctrinam

766 2721 1022 2789 praemisit
1056 2722 1367 2790 prophetiae,
1405 2734 1461 2778 ut
1491 2740 1556 2779 ex
1581 2726 1789 2794 psalmo
1820 2726 2025 2781 utilitas
2058 2729 2314 2797 utrinque

764 2812 1088 2880 proveniret.
1143 2811 1380 2883 Ecquem
1436 2815 1655 2869 beatum
1696 2817 1988 2884 praedicat?
2040 2832 2162 2871 eum
2219 2818 2313 2885 qni

765 2902 1012 2971 intelligit
1034 2918 1197 2973 super
1227 2920 1455 2973 egenum
1478 2914 1531 2958 et
1557 2920 1867 2974 pauperem.
1917 2907 2164 2961 videlicet
2188 2923 2311 2961 eum

762 2993 857 3061 qui
892 2995 1094 3062 cogitat
1114 2996 1279 3063 quod,
1306 2995 1465 3063 hujus
1498 2997 1669 3067 gratia
1703 2997 1976 3065 Christus,
2003 2999 2152 3053 dives
2189 3014 2310 3054 cum

763 3094 929 3149 esset,
965 3102 1166 3156 pauper
1196 3087 1417 3143 ell‘cctus
1460 3098 1563 3153 est,
1596 3098 1654 3144 ut
1707 3105 1806 3145 nos
1840 3106 2059 3161 quoque
2105 3107 2295 3162 paupe-

765 3191 884 3230 rum
919 3184 1098 3244 utpote
1128 3176 1355 3231 fratrum
1380 3176 1653 3233 Creatoris
1694 3192 1746 3235 et
1771 3180 1969 3248 judicis
1994 3183 2164 3236 nostri
2206 3184 2311 3237 mi-

761 3282 1089 3322 sereremur.
1133 3266 1354 3336 Ecquod
1381 3269 1585 3321 amoris
1613 3284 1736 3337 erga
1762 3284 2027 3339 pauperes
2054 3271 2262 3327 lucrum
2289 3275 2311 3327 ‘.’

763 3356 829 3410 In
852 3355 937 3411 die
969 3358 1111 3409 mala
1153 3358 1399 3411 liberabit
1434 3375 1550 3411 eum
1590 3358 1868 3415 Dominus.
1903 3360 2184 3431 Signiﬁcat
2213 3380 2310 3418 au-

764 3458 868 3503 tem
898 3448 1088 3517 judicii
1120 3449 1284 3512 diem,
1330 3466 1451 3520 qum
1496 3451 1712 3506 dolores
1753 3454 2127 3521 peccatoribus
2150 3463 2312 3525 atque

761 3542 973 3597 labores
1030 3541 1242 3597 inferet.
1295 3542 1569 3597 Liberabit
1599 3543 1878 3607 Dominus,
1938 3546 2031 3614 qui
2067 3546 2158 3600 lux
2197 3560 2300 3611 est,

764 3628 1063 3700 pauperum
1099 3642 1362 3685 amantes.
1404 3632 1537 3685 Nam
1558 3632 1771 3687 debitor
1792 3634 1898 3689 illis
1942 3645 2025 3689 est
2058 3637 2311 3691 humani-

763 3722 891 3777 tatis
915 3733 1075 3793 atque
1107 3722 1504 3793 ollicii,quippe
1541 3739 1666 3778 cum
1696 3726 1763 3780 ab
1791 3726 1895 3781 illis
1912 3728 2308 3799 eleemosynam

761 3813 831 3867 sit
856 3823 1163 3880 mutuatus;
1190 3829 1313 3867 nam
1346 3830 1439 3883 per
1478 3814 1819 3871 Salomonem
1864 3817 2030 3872 dixit:
2070 3818 2173 3883 Qui
2200 3820 2303 3871 mi-

760 3916 958 3959 seretur
974 3906 1215 3975 pauperis
1253 3906 1535 3971 ftzneratur
1562 3907 1667 3961 Deo
1696 3908 1750 3974 δς
1784 3918 1837 3963 et
1858 3919 2048 3979 suapte
2082 3927 2209 3965 ore:
2246 3910 2312 3964 In

759 4008 1009 4067 quantum
1045 3996 1216 4064 feci'sti
1247 3999 1336 4049 uni
1388 4013 1452 4051 ea:
1502 3999 1581 4050 his
1615 4000 1845 4052 minimis
1894 4004 2043 4063 meis.
2086 4004 2212 4056 mihi
2237 4004 2312 4071 fe-

760 4088 878 4140 cisti
907 4088 948 4140 ⁵.
997 4084 1062 4139 In
1093 4089 1175 4140 die
1203 4088 1342 4140 mala
1389 4088 1630 4142 liberabit
1660 4107 1776 4144 eum
1836 4090 2115 4147 Dominus.
2164 4092 2309 4147 Diem

764 4177 982 4244 malam,
1027 4178 1383 4231 teutationum
1407 4177 1672 4247 impetum
1704 4178 1835 4233 dicit
1862 4189 1916 4234 et
1967 4180 2308 4236 inimicorum

764 4270 1098 4323 vexationes.
1128 4270 1429 4323 Adumbrat
1455 4280 1663 4333 autem,
1694 4273 1906 4340 opinor,
1935 4271 2124 4340 judicii
2145 4273 2308 4340 diem,

768 4360 1058 4413 terribilem
1088 4374 1237 4425 sane,
1295 4360 1775 4432 improborumque
1836 4363 2105 4418 ultricem.
2148 4363 2311 4419 Polli-

761 4457 913 4501 cetur
954 4456 1129 4501 autem
1158 4462 1347 4515 puram
1372 4449 1516 4504 illius
1548 4452 1883 4520 paupertatis
1920 4453 2307 4523 cognitionem,
2341 4491 2385 4546 Β

760 4539 1036 4594 horribilis
1067 4539 1210 4595 illius
1234 4539 1339 4594 dici
1360 4541 1515 4597 malis
1547 4545 1720 4612 ipsum
1748 4544 2117 4600 liberaturam.

834 4712 1052 4785 [Beatus
1084 4715 1165 4769 vir
1210 4714 1316 4779 illo,
1354 4717 1444 4784 qui
1492 4716 1559 4770 de
1592 4716 1918 4786 pauperibus
1963 4720 2037 4773 uti
2072 4735 2306 4775 consen-

763 4815 975 4859 taneum
1002 4818 1082 4860 est
1109 4806 1338 4876 cogitat;
1366 4821 1429 4859 ac
1453 4808 1497 4859 si
1516 4805 1736 4873 diceret,
1755 4807 1854 4875 Qui
1891 4811 2186 4881 intelligere
2209 4830 2305 4867 va-

762 4901 832 4953 let
866 4899 1123 4968 iunpiam,
1150 4914 1312 4968 quam
1333 4899 1500 4953 nostri
1526 4914 1688 4955 causa
1706 4904 1945 4972 suscepit
2000 4902 2299 4977 Christus.]

831 5078 882 5132 5.
913 5078 1163 5131 Dominus
1220 5086 1475 5132 conservet
1525 5094 1669 5144 eum,
1718 5089 1768 5133 et
1817 5081 2035 5149 vivi/iret
2090 5099 2229 5145 eum,
2258 5096 2306 5137 et

763 5165 967 5220 beatum
993 5170 1157 5237 faciat
1197 5186 1314 5222 eum
1347 5171 1400 5221 in
1446 5180 1605 5234 terra,
1655 5180 1702 5223 et
1742 5188 1841 5224 non
1870 5172 2048 5226 tradat
2103 5191 2219 5228 eum
2251 5176 2304 5227 in

761 5260 993 5312 animam
1018 5262 1346 5315 inimicorum
1371 5262 1503 5329 ejus.
1538 5263 1885 5317 Inimicorum
1922 5265 2294 5334 spiritualium

763 5351 1024 5405 videlicet.

830 5440 883 5493 ιι.
919 5439 1225 5495 Universum
1247 5453 1472 5495 stratum
1504 5443 1614 5511 ejus
1658 5447 1878 5500 rersasti
1905 5448 1957 5499 in
1994 5448 2307 5518 infirmitate

832 5593 851 5622 '
880 5590 1076 5646 Hebae.
1113 5611 1194 5658 ll,‘
1214 5594 1269 5651 3.

1618 330 1673 384 S.
1718 328 2084 383 ATHANASII
2126 328 2275 382 OPP.
2320 328 2493 382 PARS
2540 330 2624 384 lll.
2662 363 2726 374 —
2765 332 3176 389 EXEGETICA.

853 446 937 499 18.
965 444 1075 514 Ego
1108 454 1279 497 autem
1312 447 1578 497 mendicus
1630 462 1744 498 sum
1804 455 1852 499 et
1901 460 2116 515 pauper,
2150 443 2327 495 Domi-
2359 445 2405 502 Α

1364 5596 1382 5627 ⁸
1418 5597 1456 5649 ll
1487 5599 1615 5654 Cor.
1639 5617 1755 5666 vm,
1784 5601 1837 5655 9.
1924 5602 1944 5633 ⁸
1975 5602 2134 5658 Prov.
2172 5623 2281 5674 xu,
2309 5610 2392 5664 17.

3878 340 3973 395 196

2514 446 2651 515 Ἰἰτὼ
2681 447 2748 500 δὲ
2779 452 3009 516 πτωχός
3034 450 3148 516 ειμι
3182 448 3277 500 καὶ
3319 448 3539 516 πένηςς
3574 451 3785 517 Rupta;-
3810 467 3979 518 φρογο

2432 539 2545 591 τιεῖ
2563 558 2699 607 μου.
2753 542 2809 592 Ὀ
2853 541 2993 594 πάνυ
3023 540 3226 611 θρασὺς
3270 540 3503 611 Ἰσραὴλ,
3540 543 3598 593 ἐν
3652 542 3976 611 μεταγνώσει

2429 628 2735 697 γενόμενος,
2764 630 2970 699 πένητα
2994 629 3087 681 καὶ
3118 630 3328 697 πτωχὸν
3349 629 3539 683 ἐαυτὸν
3567 630 3846 683 ἀποκαλει.
3879 632 3977 684 Καὶ

2436 716 2540 787 μὴν
2564 718 2653 770 καὶ
2682 720 2842 772 αὐτὸν
2877 720 3019 790 ἔχειν
3047 719 3137 772 τὸν
3164 720 3365 791 Κύριον
3404 722 3504 792 τὴν
3535 721 3723 773 ἐλπίδα
3754 723 3974 792 ἐπιγράο

2430 825 2603 875 φεται.

2500 902 2721 966 Βοηθός
2746 919 2861 969 μου
2910 900 3007 954 καὶ
3056 898 3512 968 ὑπερασπιστὴς
3536 918 3655 969 μου
3696 899 3752 956 εἷ
3801 903 3882 954 σύ
3905 919 3918 931 ·
3949 906 3975 953 ὁ

2429 990 2572 1054 Θεός
2605 1008 2745 1057 μου,
2788 990 2866 1058 μὴ
2918 992 3226 1059 χρονίσῃς.
3261 991 3354 1053 Εἰς
3401 991 3458 1044 δὲ
3504 992 3673 1044 ταῦτα
3724 990 3791 1044 τὰ
3830 990 3975 1059 τέλη,

2427 1080 2578 1149 φησὶ,
2614 1081 2943 1150 προϐήσεται
2974 1084 3006 1153 ἠ
3064 1082 3354 1152 Ἐκκλησία
3391 1082 3747 1153 πτωχεύσασα
3789 1083 3978 1153 πρότε-

2427 1189 2518 1239 ρον
2551 1171 2642 1224 καὶ
2667 1171 2754 1223 διὰ
2781 1172 2968 1235 πενίας
3008 1172 3208 1243 πολλῆς
3258 1171 3486 1226 ἐλθοῦσα
3530 1174 3586 1225 ἐν
3633 1174 3845 1242 κόσμῳ,
3892 1173 3979 1225 καὶ

2422 1264 2488 1331 τῇ
2521 1261 2669 1331 παρὰ
2704 1261 2794 1314 σοῦ
2823 1262 3167 1332 πλουτήσασα
3201 1262 3444 1333 δυνάμει,
3474 1264 3565 1316 καὶ
3596 1266 3661 1334 τῇ
3695 1265 3846 1336 παρὰ
3891 1264 3977 1315 σοῦ

2421 1349 2734 1413 δοξασοεῖσα
2770 1352 3056 1422 ἐπικουρίᾳ
3081 1391 3095 1414 ,
3137 1354 3203 1423 ἣν
3237 1353 3379 1406 αἰτεῖ
3412 1352 3486 1422 μὴ
3520 1352 3788 1425 χρονίζειν
3819 1394 3833 1415 ,
3888 1352 3979 1404 καὶ

2421 1442 2507 1494 διὰ
2537 1442 2635 1511 τὴν
2663 1442 2875 1512 αἴτησιν
2911 1442 2970 1494 οὐ
3004 1445 3222 1513 χρονιεῖ,
3262 1444 3402 1498 καθὰ
3434 1444 3651 1511 λέγεται
3679 1446 3761 1498 τό·
3805 1447 3859 1497 Ὀ
3891 1444 3982 1512 ἑρ-

2422 1532 2675 1599 χόμενος
2708 1530 2859 1597 ἦξε-ι,
2884 1531 2981 1584 καὶ
3010 1534 3080 1585 οὐ
3110 1533 3349 1601 χρονιεῖ.

2597 1628 2699 1690 Είς
2732 1625 2793 1677 τὸ
2821 1626 2994 1692 τέλος
3028 1628 3333 1680 ΨΑΛΜΟΣ
3371 1627 3449 1693 τῷ
3480 1630 3677 1683 Δαυτδ.
3712 1632 3804 1683 Μ’.

2744 1716 3075 1781 ’Υπόθεσις.
3111 1715 3344 1786 (Incerto
3380 1721 3634 1789 auctore.)

2434 1807 2490 1859 ’0
2522 1806 2872 1877 προκείμενος
2900 1807 3108 1878 ψαλμὸς
3152 1809 3443 1879 μακαρίζει
3487 1811 3612 1874 τοὺς
3657 1810 3979 1864 πιστεύσαν-

2487 1914 2583 1960 τας
2615 1900 2690 1961 εἱς
2719 1899 2879 1951 αὐτὸν
2912 1899 3001 1950 τὸν
3031 1900 3263 1970 Χριστόν
3288 1915 3301 1929 °
3340 1901 3435 1954 καὶ
3472 1901 3576 1973 μὴν
3619 1904 3713 1955 καὶ
3745 1902 3981 1972 ἀμοιϐὰς

2489 1992 2667 2052 αὐτοῖς
2694 1990 2790 2061 τῆς
2813 1992 3045 2054 πίστεως
3073 1991 3253 2045 δίδωσι
3279 1993 3375 2062 τὴν
3404 1995 3533 2064 παρ’
3560 1992 3724 2046 αὑτοῦ
3753 1996 3978 2047 ἐπικου-

2490 2081 2628 2151 ρίαν.
2667 2081 2989 2153 Είσφέρεται
3034 2083 3092 2136 δὲ
3137 2085 3230 2136 καὶ
3277 2085 3409 2138 αὐτὸ
3466 2084 3559 2139 τοῦ
3607 2085 3863 2157 Σωτῆρος
3920 2086 3979 2137 eo

2490 2171 2798 2242 πρόσωπον,
2826 2173 3121 2241 καταλέγον
3153 2175 3261 2228 τῶν
3302 2192 3362 2228 τε
3412 2176 3685 2247 ἀρνόντων
3709 2176 3804 2229 τοῦ
3845 2178 3951 2229 ἰο-δ

2487 2263 2648 2315 δαίων
2674 2261 2801 2315 λαοῦ
2838 2265 2931 2316 καὶ
2959 2264 3123 2317 αὑτοῦ
3155 2265 3247 2318 τοῦ
3274 2267 3531 2336 προδότου
3554 2267 3851 2339 scalpitur;

2485 2353 2783 2421 Μακάριος
2817 2356 2847 2407 ὀ
2891 2354 3117 2407 συνιὼν
3144 2355 3241 2407 ἐπὶ
3290 2363 3527 2425 πτωχὸν
3573 2358 3673 2410 καὶ
3726 2358 3983 2427 πένητα.

2418 2445 2635 2515 Πτωχὸν
2666 2445 2759 2497 καὶ
2786 2445 2991 2515 πένητα
3018 2444 3108 2498 τὸν
3154 2446 3386 2518 Χριστὸν
3424 2448 3684 2502 ἀποκαλεῖ
3731 2450 3874 2504 κατὰ
3929 2452 3988 2504 τὸ

2417 2535 2699 2605 εἰρημένον
2733 2550 2745 2561 ·
2805 2537 3106 2601 Πλούσιπ
3150 2535 3234 2589 ὢν
3276 2535 3618 2607 ἐπτώχευσε
3668 2539 3741 2592 δι’
3795 2540 3985 2609 ἡμῶν.

2428 2626 2648 2695 Ἦθικὴν
2674 2625 2904 2680 ἐνταῦθα
2930 2627 3273 2681 διδασκαλίαν
3334 2630 3431 2698 τῆς
3469 2631 3802 2699 προφητείας
3844 2648 3963 2705 προ

2415 2718 2620 2783 έταξεν,
2649 2718 2925 2788 ὠφελῆσαι
2958 2719 3050 2771 τὸν
3081 2718 3291 2789 ψαλμὸν
3314 2720 3380 2771 τὰ
3416 2719 3474 2783 ἐξ
3501 2721 3756 2790 ἐκατέρου
3791 2722 3987 2789 βουλό-

2418 2828 2595 2879 μενος.
2628 2811 2735 2863 Καὶ
2762 2810 2880 2863 τίνα
2911 2811 3228 2882 μακαρίζει;
3253 2812 3343 2863 τὸν
3364 2812 3456 2864 ἐπὶ
3495 2812 3705 2881 πτωχὸν
3732 2814 3989 2868 συνιέντα

2415 2902 2509 2954 καὶ
2540 2903 2773 2970 πένηταο
2809 2902 3051 2955 τουτέστι
3080 2902 3173 2954 τὸν
3202 2902 3444 2969 νοοῦντα,
3479 2902 3561 2955 ὅτι
3588 2901 3779 2956 τούτου
3818 2907 3991 2976 χάριν

2414 2992 2441 3042 6
2469 2990 2699 3061 Χριστὸς
2751 2991 3002 3054 πλούσιος
3048 2992 3122 3043 ῶν
3177 2991 3509 3062 ἐπτώχευσε,
3546 2993 3633 3047 ἴνα
3678 2994 3771 3047 καὶ
3820 2997 3991 3066 ἡμεῖς

2414 3084 2536 3145 τοὺς
2567 3082 2811 3152 πτωχοὺς
2841 3082 2915 3145 ὼς
2959 3082 3218 3150 ἀδελφοὺς
3263 3083 3356 3135 τοῦ
3402 3085 3671 3155 ἡμετέρου
3708 3089 3967 3159 Δημιουρ

2414 3172 2509 3242 τοῦ
2535 3174 2626 3225 καὶ
2664 3171 2847 3244 κριτοῦ
2877 3172 3202 3243 ἐλεήσωμεν.
3242 3172 3348 3224 Καὶ
3391 3173 3442 3225 τί
3476 3174 3573 3244 τῆς
3612 3175 3993 3247 φιλοπτωχίας

2412 3263 2471 3315 τὸ
2508 3264 2733 3334 κέρδοςς
2782 3266 2883 3317 Ἐν
2927 3263 3115 3333 ἡμέρᾳ
3155 3260 3385 3331 πονηρᾷ
3423 3266 3672 3332 ῥύσεται
3715 3268 3913 3320 αὑτὸν
3963 3271 3997 3320 ὁ

2413 3357 2646 3423 Κύριος.
2683 3356 2841 3425 Δηλοῖ
2858 3356 2914 3409 δὲ
2938 3355 3034 3427 τὴν
3062 3355 3161 3425 τῆς
3185 3355 3415 3426 κρίσεως
3445 3355 3633 3419 ὀδύνας
3659 3360 3772 3421 τοῖς
3797 3359 3997 3429 ἀμαρ-

2412 3450 2597 3509 τωλοίς
2633 3450 2725 3500 καὶ
2754 3448 2944 3512 πόνους
2979 3448 3362 3519 ἐπιφέρουσαν.
3418 3446 3666 3501 Ῥύσεται
3703 3446 3820 3516 φῶς
3836 3451 3999 3512 ,τοὺς

2413 3538 2780 3609 φιλοπτώχους
2809 3542 2837 3593 6
2868 3538 3089 3611 Κύριος.
3119 3541 3397 3611 Χρεωστεῖ
3423 3538 3529 3610 γὰρ
3563 3539 3743 3603 αὐτοῖς
3789 3539 3998 3607 φιλαν-

2414 3629 2679 3701 θρωπίαν,
2706 3631 2780 3695 ὡς
2811 3631 2970 3694 αὐτὸς
2999 3630 3095 3702 τὴν
3120 3630 3489 3701 ἐλεημοσύνην
3520 3632 3649 3702 παρ’
3680 3631 3861 3693 αὐτοῖς
3903 3633 4003 3685 δα·

2411 3722 2726 3791 νεισάμενος
2752 3738 2763 3749 ·
2799 3722 2893 3774 καὶ
2943 3721 3031 3774 διὰ
3090 3721 3186 3791 μὲν
3236 3720 3329 3773 τοῦ
3385 3722 3726 3791 Σολομῶντος
3765 3725 3953 3779 εἰπών
3986 3742 4000 3755 ·

2424 3812 2487 3863 '0
2508 3809 2692 3864 ἐλεῶν
2718 3810 2953 3878 πτωχὸν
2975 3808 3221 3869 δανείζει
3262 3810 3436 3863 Θεόν·
3486 3812 3664 3883 οἰκείᾳ
3698 3812 3756 3864 δέ
3810 3812 4005 3879 γλώτ-

2411 3919 2516 3976 τῃο
2576 3904 2681 3972 Ἐεο
2712 3902 2863 3956 ὅσον
2918 3901 3237 3968 ἐποιήσατε
3276 3902 3365 3954 ἐνὶ
3401 3903 3622 3955 τούτων
3674 3900 3794 3956 τῶν
3842 3904 4011 3958 ἐλα-

2414 3996 2655 4063 χίστων,
2687 3994 2815 4064 ἐμοὶ
2847 3994 3187 4061 ἐποιήσατε.
3233 3994 3335 4047 Ἐν
3379 3993 3568 4062 ἡμέρα
3600 3991 3837 4063 πονηρᾷ
3874 3998 4007 4063 ῥύ-

2411 4102 2580 4139 σεται
2610 4086 2796 4139 αὐτὸν
2824 4089 2855 4139 ό
2887 4089 3118 4154 Κύριος.
3158 4085 3396 4156 Ἦμέραν
3440 4085 3683 4158 πονηρὰν
3727 4086 3827 4157 τὴν
3876 4087 4011 4141 τῶν

2413 4176 2731 4247 πειρασμῶν
2794 4176 3035 4230 ἐπίθεσίν
3092 4192 3223 4245 φησι
3285 4177 3376 4229 καὶ
3444 4176 3543 4239 τὰς
3588 4177 3799 4242 διώξεις
3878 4180 4012 4232 τῶν

2412 4267 2640 4339 ἐχθρῶν.
2678 4268 2975 4321 Αίνίττεται
3009 4269 3084 4331 δὲ,
3118 4264 3293 4338 οἶμαι,
3345 4269 3437 4322 καὶ⁵
3467 4268 3564 4338 τὴν
3608 4269 3710 4337 τῆς
3744 4269 4015 4341 κρίσεως

2412 4360 2629 4430 ’ἡμέραν
2679 4357 2914 4429 φοϐερὰν
2949 4354 3133 4424 οὖσαν,
3167 4359 3259 4411 καὶ
3291 4357 3398 4410 τῶν
3436 4358 3762 4430 παρανόμων
3796 4378 4013 4417 κακω-

2414 4449 2593 4519 τικήν.
2633 4447 2996 4516 ’Υπισχνείται
3022 4448 3119 4518 τὴν
3158 4447 3422 4519 εἰλικρινῆ
3458 4447 3655 4515 γνῶσιν
3689 4448 3789 4517 τῆς
3834 4467 4017 4505 πτω-

2415 4540 2563 4609 χείας
2596 4540 2835 4608 ἐκείνης·
2868 4538 2976 4591 τῶν
3005 4539 3104 4607 τῆς
3134 4538 3371 4607 φοϐερᾶς
3394 4538 3551 4591 αὑτὸν
3578 4536 3791 4610 ἡμέρας
3813 4539 4017 4594 ἁπαλ-

2414 4632 2570 4695 λάξαι
2606 4629 2804 4684 κακῶν.

2484 4720 2810 4791 [Μακάριος
2858 4721 2885 4771 6
2937 4720 3075 4789 ἀνὴρ
3131 4720 3334 4783 ἐκεῖνος
3364 4719 3393 4771 6
3439 4718 3632 4772 ἐννοιῖιν
3665 4717 3700 4771 ἃ
3730 4721 4016 4793 προσῆκε

2414 4815 2541 4883 περὶ
2590 4812 2696 4865 τῶν
2731 4812 2994 4883 πενήτων,
3042 4811 3164 4864 ἀντὶ
3194 4810 3324 4866 τοῦ·
3370 4811 3429 4864 '0
3464 4810 3700 4863 συνιέναι
3751 4812 4025 4885 δυνάμε-

2415 4920 2502 4964 νος
2540 4902 2637 4971 τὴν
2672 4901 2964 4981 πτωχείαν,
3012 4900 3078 4971 ῆν
3128 4902 3194 4954 δι’
3240 4903 3387 4972 ἡμᾶς
3432 4900 3718 4973 ἀνείληφεν
3763 4906 3795 4957 6
3847 4905 4024 4979 Χρι-

2415 4993 2554 5055 στός.
2573 4992 2593 5063 ]

2481 5085 2689 5152 Κύριος
2717 5082 3079 5153 διαφυλάξαι
3106 5084 3291 5139 αὐτὸν
3317 5085 3416 5140 καὶ
3448 5083 3617 5152 ζήσαι
3645 5088 3861 5149 αὐτὸν,
3896 5092 4027 5143 καὶ

2408 5177 2730 5246 μακαρίσαι
2765 5174 2953 5229 αὐτὸν
2980 5176 3048 5228 ἐν
3079 5174 3154 5243 τῇ
3200 5174 3296 5244 γῆ,
3342 5176 3438 5229 καί
3464 5176 3549 5246 μὴ
3582 5174 3833 5245 παραδῷ
3868 5182 4025 5238 ,αὺο

2412 5267 2518 5320 τὸν
2553 5270 2637 5333 εἰς
2664 5267 2865 5337 χεῖρας
2888 5266 3115 5337 ἐχθρῶν
3159 5267 3366 5324 αὐτοῦ.
3409 5268 3650 5340 Ἐχθρῶν
3695 5266 3811 5322 τῶν
3860 5288 4033 5342 v01;-

2410 5359 2518 5412 τῶν
2544 5359 2800 5428 δηλονότι.

2482 5450 2668 5517 Ὅλην
2696 5449 2808 5517 τὴν
2836 5453 3042 5519 κοίτην
3070 5452 3255 5508 αὐτοῦ
3302 5452 3605 5521 ἕστρεψας
3642 5453 3713 5508 ἐν
3761 5451 3839 5523 τῇ
3879 5456 4031 5523 ap-

2472 5612 2491 5641 '
2536 5609 2723 5665 Matth.
2756 5627 2881 5677 xxv,
2918 5612 3005 5669 40.

836 5752 945 5821 (12)
987 5753 1339 5822 Apudsolum
1372 5755 1572 5811 Danier.
1607 5757 1899 5816 Barbarum
1938 5764 2151 5818 nomine
2181 5764 2458 5820 Athanasii
2500 5765 2743 5819 habetur.
