4086 6308
146 368 245 424 197

1246 369 1630 426 EXPOSITIO
1673 372 1735 425 IN
1780 373 2098 429 PSALMUM
2142 376 2250 432 XL.

3260 391 3358 446 198

138 489 359 557 Mela
391 489 600 542 αὑτοῦ.
648 489 790 560 Πρὸς
836 489 902 541 τὰ
957 489 1163 556 ἀμείνω
1228 489 1694 559 μετενεχθήσεται,

1800 494 1931 560 ejus.
1972 494 2052 547 Ad
2104 496 2347 559 meliora,
2408 498 2502 560 ait,
2533 499 2919 566 transferetur,
2969 511 3020 555 et
3067 514 3360 558 revertetur

145 578 294 647 φησὶ,
322 578 411 629 καὶ⁵
442 577 747 648 μεταϐολὴν
776 576 882 642 ἕξει
903 578 1036 647 πρὸς
1062 579 1380 649 εὐρωστίαν.
1410 579 1567 643 Ἐθος
1594 580 1699 651 γὰρ

142 673 202 740 τῇ
237 668 357 740 θείᾳ
386 670 576 740 Γραφῇ
622 670 720 739 τὴν
750 670 982 740 στροφὴν
1010 670 1129 722 άντί.
1161 670 1257 739 τῆς
1288 669 1698 740 μεταϐολῆςτι-

142 760 309 823 θέναι,
344 760 419 823 ὡς
453 760 511 812 τό
530 777 543 790 ⁸
578 762 919 827 Ἔστρεψας
946 759 1050 812 τόν
1072 760 1325 813 κοπετόν
1343 779 1461 830 μου
1485 764 1570 826 εἰς
1595 780 1699 831 χα-

133 854 250 918 ρὰν
280 852 428 920 ἐμοί.

219 944 370 1013 Ἐγὼ
392 940 527 995 εἶπα
545 960 557 972 ·
596 944 791 1010 Κύριε,
823 943 1079 1007 ἐλέησόν
1112 960 1208 1011 με,
1252 944 1412 997 latrat
1438 943 1552 1009 τὴν
1579 946 1694 1010 ψυο

140 1032 258 1101 χήν
280 1050 418 1101 μου.
448 1035 555 1085 Καὶ
586 1034 725 1103 ὑπὲρ
747 1035 841 1103 τῆς
879 1035 1013 1097 ἰδίας
1039 1035 1310 1107 ἁμαρτίας
1356 1038 1384 1088 ό
1423 1034 1583 1088 Δαυτδ
1612 1034 1698 1087 εὗ-

138 1141 312 1192 χεται,
348 1125 442 1176 ἆτε
489 1123 552 1193 δὴ
608 1126 664 1177 ἐν
713 1124 888 1193 ἐαυτῷ
920 1124 1073 1187 εἰδὼς
1119 1125 1212 1177 ἕνα
1257 1124 1363 1177 τῶν
1412 1125 1697 1179 συνιέντων

139 1215 228 1265 ἐπὶ
256 1214 470 1284 πτωχὸν
503 1216 595 1267 καὶ
628 1215 850 1284 πένητα.
887 1215 1053 1268 Πάλιν
1078 1215 1174 1279 τὰς
1200 1214 1503 1286 ἀνθρώπων
1527 1217 1699 1285 ἁμαρ-

138 1306 255 1368 τίας
281 1306 418 1368 ἰδίας
440 1307 468 1357 ό
498 1307 634 1377 ὑπὲρ
674 1305 973 1375 ἀνθρώπων
1014 1307 1237 1377 πάσχων
1269 1307 1436 1375 λέγει,
1470 1308 1562 1360 καὶ
1607 1307 1696 1360 τὸν

140 1400 227 1450 ἐπὶ
255 1397 479 1460 ταύταις
509 1396 654 1450 ἔλεον
692 1400 769 1461 είς
792 1400 936 1468 ἡμᾶς
972 1399 1054 1467 ἐφ’
1085 1398 1275 1452 ἑαυτοῦ
1298 1400 1468 1470 ζητεῖ,
1501 1399 1558 1461 ὃς
1583 1398 1695 1451 λύει

139 1490 231 1559 τὴν
265 1487 376 1540 τῶν
404 1486 737 1556 ἀγνοούντων
765 1489 849 1541 ἐπ’
875 1489 1023 1558 αὐτῷ
1047 1489 1467 1560 καταφρόνησιν,
1499 1488 1693 1556 ἐκφαί-

140 1598 239 1632 νων
266 1582 368 1649 τὴν
396 1581 553 1646 δόξαν
574 1598 587 1610 °
623 1580 709 1632 tn’
734 1581 896 1633 αὐτοῦ
930 1582 1028 1653 μὲν
1052 1582 1191 1635 κατὰ
1234 1582 1329 1653 τὴν
1377 1582 1509 1635 ἰδίαν
1530 1581 1696 1656 ⁸δύνα-

144 1691 249 1741 μιν,
272 1675 362 1741 ἐφ’
388 1672 544 1741 ήμῶν
573 1672 630 1725 δὲ
659 1674 796 1726 κατὰ
824 1672 920 1744 τὴν
953 1674 1185 1745 Χριστοῦ
1216 1675 1393 1745 χάριν.

208 1768 271 1817 οι
302 1764 505 1833 ἐχθροί
546 1782 666 1833 μου
721 1761 891 1817 εἶπον
937 1765 1092 1819 κακά
1132 1783 1253 1835 μοι.
1317 1766 1591 1821 Ἐντεῦθεν
1634 1768 1693 1822 τὸ

1807 586 1871 637 ad
1903 588 2204 639 sanitatem.
2246 587 2358 641 Mos
2397 590 2539 642 enim
2582 590 2775 643 divinae
2805 590 3100 660 Scriptura:
3147 596 3356 647 versio-

1809 692 1929 729 nem
1991 693 2090 747 pro
2140 681 2438 735 mutatione
2491 696 2708 750 ponere.
2745 694 2802 735 ut
2842 684 3003 739 illud:
3041 685 3357 739 Cancer-(isti

1804 765 2068 834 planctum
2098 785 2262 821 meum
2287 771 2338 821 in
2364 772 2615 838 gaudium
2646 772 2777 823 mibi
2809 773 2828 799 ⁶

1874 950 1927 1003 5.
1959 948 2067 1018 Ego
2095 949 2241 1002 dixi:
2276 948 2513 1011 Domine,
2548 952 2787 1003 miserere
2809 952 2929 1013 mei,
2966 968 3093 1004 sana
3122 956 3356 1005 animam

1804 1050 2100 1102 meam,ctc.
2137 1038 2199 1093 Et
2230 1056 2327 1108 pro
2362 1050 2583 1110 peccato
2625 1056 2725 1095 suo
2779 1040 2946 1095 David
2980 1053 3117 1104 oi-at,
3170 1052 3356 1112 utpote

1802 1130 1894 1199 qui
1946 1129 1996 1181 in
2029 1130 2211 1198 seipso
2268 1146 2435 1183 unum
2468 1131 2769 1199 conspiciat
2818 1148 2879 1183 ex
2918 1132 2983 1185 iis
3034 1133 3123 1201 qui
3156 1133 3354 1186 intelli—

1803 1232 2114 1291 guntsnper
2136 1236 2365 1290 egenum
2398 1230 2451 1273 et
2476 1237 2763 1291 pauperem
2796 1222 2949 1289 (IT).
2987 1222 3220 1278 Rursum
3259 1225 3356 1278 lio-

1802 1316 2005 1367 tninum
2071 1322 2288 1382 peccata
2338 1314 2432 1382 qui
2512 1329 2607 1382 pro
2642 1314 2955 1368 hominibus
3010 1330 3205 1384 passus
3260 1325 3346 1370 est.

1801 1421 1897 1459 sua
1932 1420 2049 1459 esse
2076 1404 2229 1468 dicit,
2255 1414 2307 1459 et
2334 1420 2432 1474 pro
2464 1405 2548 1460 his
2578 1406 3011 1460 misericordiam
3048 1422 3146 1476 pro
3185 1408 3343 1460 nobis

1802 1499 1854 1552 in
1881 1512 1999 1551 sese
2032 1498 2289 1565 postulat,
2319 1513 2383 1552 ac
2426 1498 2791 1566 ignorantium
2844 1507 3213 1567 contemptum
3246 1498 3353 1552 sol-

1800 1588 1895 1652 vit,
1933 1604 2085 1642 suam
2118 1589 2666 1659 exbibensagloriam;
2706 1590 2760 1641 in
2786 1605 2843 1643 se
2866 1589 3081 1656 quidem
3112 1604 3205 1657 per
3230 1604 3354 1658 pro-

1798 1684 1970 1753 priam
2000 1684 2284 1747 virtutem,
2318 1682 2369 1734 itt
2414 1681 2570 1735 nobis
2601 1696 2730 1734 vero
2759 1696 2854 1750 per
2880 1681 3104 1751 gratiam
3127 1679 3347 1735 Christi.

1869 1774 1921 1829 6.
1953 1773 2164 1827 Inimici
2190 1775 2287 1825 mei
2318 1772 2561 1826 dixerant
2593 1772 2732 1823 mala
2761 1773 2912 1824 mihi.
2948 1772 3086 1826 Hinc
3119 1785 3349 1841 persona

143 1855 425 1925 πρόσωπον
460 1855 765 1926 εἰσφέρεται
813 1854 873 1907 τὸ
920 1855 1013 1906 τοῦ
1058 1856 1323 1926 Χριστοῦ,
1354 1856 1694 1927 διηγούμενον

1798 1865 2071 1919 inducitur
2098 1864 2320 1927 Christi,
2358 1879 2587 1917 narrans
2612 1878 2733 1932 quze
2775 1863 2876 1922 sibi
2910 1878 2938 1914 a
2971 1860 3177 1917 Iudaeis
3206 1864 3350 1914 illata

139 1947 202 2000 τὰ
234 1947 385 2017 παρὰ
436 1945 542 1999 τῶν
601 1946 866 1999 Ἰουδαίων
916 1946 1062 2017 αὐτῷ
1118 1948 1471 2018 γεγενημένα.
1522 1948 1696 2020 Μέχρι

145 2037 235 2105 μὲν
266 2036 361 2090 τοῦ
396 2036 662 2106 παρόντος
698 2038 877 2105 στίχου
912 2037 1038 2107 περί
1080 2038 1257 2107 πάσης
1284 2039 1379 2108 τῆς
1408 2038 1697 2109 καθολικῆς

152 2129 472 2198 ,Εκκλησίας
505 2128 780 2199 εἰρηκέναι
814 2128 903 2180 τὸν
931 2130 1211 2199 προφήτην
1236 2129 1587 2199 ὑποληπτέον,
1623 2128 1697 2191 ὡς

141 2224 351 2292 ἑκάστῳ
384 2222 492 2275 τῶν
528 2222 823 2275 σπουδαίων
859 2222 1146 2293 ἁρμόττειν
1186 2222 1383 2292 μᾶλλον
1411 2224 1443 2293 ἢ
1472 2222 1549 2292 τῷ
1585 2224 1694 2276 Κυ-

144 2314 313 2383 ριακῷ
340 2312 631 2384 ἀνθρώπῳ.
663 2313 736 2366 Ού
769 2312 895 2383 γὰρ,
926 2314 999 2375 ὦς
1025 2329 1169 2375 τινες
1197 2312 1545 2382 ὑπειλήφασι,
1570 2313 1697 2382 περὶ

142 2406 297 2461 αὑτοῦ
333 2409 429 2460 καὶ⁸
456 2408 611 2477 μόνου
640 2407 836 2476 φάσκει
861 2405 929 2458 τὰ
950 2404 1215 2475 εἰρημένα
1240 2418 1254 2432 ⁸
1288 2405 1348 2456 οὑ
1382 2404 1490 2475 γάρ
1528 2403 1694 2473 ἔφησε

146 2501 273 2568 μετὰ
328 2499 422 2552 τοῦ
482 2499 714 2569 ἄρθρου·
750 2497 1049 2565 Μακάριος
1083 2500 1115 2551 ό
1166 2496 1395 2551 συνιὼν
1443 2496 1541 2549 ἐπὶ
1592 2496 1697 2550 τὸν

143 2594 377 2660 πτωχὸν
406 2592 502 2645 καί
538 2591 785 2658 πένητα.
824 2589 992 2642 Τοῦτο
1016 2590 1072 2641 δὲ
1103 2590 1269 2659 χωρὶς
1314 2588 1515 2659 ἄρθρου
1542 2588 1695 2656 λεγόο

148 2702 297 2752 μενον
329 2684 422 2735 τὸν
451 2684 569 2735 τινὰ
602 2682 853 2753 σημαίνει
900 2683 993 2735 καὶ
1024 2681 1264 2753 μερικόν.
1302 2681 1455 2734 Μετὰ
1481 2682 1536 2735 δὲ
1568 2681 1697 2734 ταῦ-

143 2794 203 2829 τα
235 2776 477 2847 μέτεισιν
515 2775 621 2829 άπὸ
658 2774 765 2828 τῶν
794 2774 966 2829 ἄλλων
1003 2773 1101 2843 τῆς
1143 2773 1465 2845 Ἐκκλησίας
1521 2774 1695 2845 μελῶν

144 2870 224 2922 ἐπ’
262 2870 425 2923 αὐτὸν
479 2870 680 2921 ἐκεῖνον
735 2867 824 2919 τὸν
884 2866 1087 2937 Κύριον
1145 2864 1387 2933 δηλονότι
1422 2865 1692 2935 Χριστὸν,

142 2963 279 3023 ὅστις
323 2962 388 3030 δὴ
438 2961 528 3012 καί
572 2976 766 3030 φησιν·
808 2960 870 3011 οι
912 2957 1113 3026 ἐχθροί
1149 2973 1288 3025 μου,
1320 2958 1411 3009 καὶ⁵
1446 2956 1513 3008 τά
1548 2957 1692 3027 ἑξῆς.

143 3056 282 3107 Πότε
308 3051 686 3107 ἀποθανεῖται
716 3050 811 3105 καὶ
838 3051 1143 3105 ἀπολεῖται
1172 3049 1237 3102 τὸ
1267 3049 1451 3118 ὄνομα
1486 3050 1693 3113 αὑτοῦ;

142 3143 315 3213 Βαρύς
342 3145 489 3195 ἐστιν
526 3144 656 3213 ἡμῖν
682 3141 774 3194 καὶ
810 3140 1134 3212 βλεπόμενος
1162 3140 1289 3213 γάρ.

206 3236 310 3288 Καὶ
353 3237 403 3287 εἰ
447 3234 859 3301 εἰσεπορεύετο
886 3234 991 3287 τοῦ
1036 3232 1203 3297 ἰδεῖν,
1238 3232 1436 3301 μάτην
1466 3231 1689 3286 ἐλάλει.

142 3325 316 3379 Ταῦτα
347 3327 473 3394 περὶ
510 3324 601 3377 τοῦ
647 3325 813 3377 ’ἰούδα
850 3326 1030 3395 φησίν.
1079 3328 1144 3377 ὐ
1186 3326 1241 3378 δὲ
1269 3325 1414 3393 λέγει
1458 3325 1694 3379 τοιοῦτόν

143 3419 299 3469 ἐστιν·
345 3416 621 3487 Ἐσχηκὼς
664 3416 866 3469 εἴσοδον
916 3418 1049 3486 πρός
1084 3435 1173 3487 με,
1211 3418 1299 3470 διὰ
1339 3419 1398 3470 τὸ
1438 3418 1693 3487 τετάχθαι

144 3510 196 3560 ἰν
235 3509 521 3580 μαθηταῖς,
554 3508 845 3577 δίγλωσσος
878 3509 968 3561 καὶ
1010 3507 1415 3580 πολυπράγμων
1441 3504 1506 3579 ἧν
1526 3525 1540 3541 ο
1570 3508 1693 3561 ἐλά-

143 3599 216 3652 λει
240 3601 347 3670 γάρ
383 3602 581 3669 μάτην,
618 3600 894 3653 τουτέστιν
922 3599 1021 3653 οὐκ
1049 3600 1250 3670 ἀληθὴς
1276 3595 1360 3670 ἦν.
1400 3600 1460 3653 Ἠ
1485 3598 1693 3668 καρδία

143 3691 319 3743 αὐτοῦ
371 3689 715 3758 συνήγαγεν
762 3692 1017 3759 ἀνομίαν
1077 3690 1284 3757 ἐαυτῷ.
1356 3691 1689 3762 Ἑκεκρίκει,

146 3782 289 3851 φησὶ,
325 3779 656 3851 παραδοῦναι
681 3784 792 3845 τοῖς
817 3780 1098 3848 φθονοῦσιν
1124 3782 1239 3851 έμέ.
1280 3781 1692 3848 Ἔξεπορεύετο

143 3874 271 3938 ἔξω,
315 3876 414 3928 καί
442 3873 643 3928 eam:
676 3873 774 3927 ἐπὶ
816 3873 879 3926 τὸ
910 3873 1058 3926 αὐτό
1080 3888 1094 3902 ο
1141 3873 1222 3939 τὸ,
1264 3873 1324 3926 Tl
1353 3870 1554 3926 θέλετέ
1591 3889 1692 3942 μοι

144 3964 363 4025 δοῦναι,
398 3963 558 4031 κάγὼ
582 3964 725 4031 ὑμῖν
754 3960 1080 4029 παραδώσω
1101 3963 1287 4015 αὐτόν
1302 3978 1320 4025 ;

210 4058 341 4110 Κατ’
368 4055 515 4124 ἐμοῦ
543 4052 879 4123 έψιθύριζον
904 4052 1123 4118 πάντες
1142 4056 1194 4106 οἰ
1225 4054 1425 4121 ἐχθροί
1440 4072 1578 4122 μου.
1614 4054 1694 4107 Τά

150 4149 258 4200 κατ’
285 4148 450 4201 αὑτοῦ
479 4147 585 4199 τῶν
627 4145 892 4199 Ἰουδαίων
925 4144 1250 4214 σκώμματα,
1304 4145 1402 4207 τὰς
1448 4150 1564 4199 κατ’
1594 4147 1691 4199 αὐ-

144 4241 230 4293 τοῦ
260 4240 367 4293 τῶν
402 4238 667 4292 Ἰουδαίων
700 4236 966 4300 συσκευὰς
1000 4236 1275 4306 σημαίνει,
1306 4236 1397 4289 καὶ
1432 4236 1498 4289 τά
1542 4236 1694 4307 λελη-

149 4333 270 4385 θότα
301 4333 611 4403 σκέμματα,
642 4331 765 4393 τοὺς
809 4330 1082 4399 ἀρχιερεῖς
1112 4330 1235 4391 τοὺς
1275 4326 1693 4399 συμφωνοῦντας

1718 3178 1765 3241 C

1796 1956 1902 2011 sint
1956 1956 2116 2009 mala.
2180 1952 2360 2023 Usque
2420 1955 2485 2008 ad
2546 1962 2863 2023 praesentem
2897 1968 3137 2015 versum,
3200 1953 3344 2006 testi-

1795 2046 2052 2101 mandum
2102 2047 2167 2101 de
2219 2056 2330 2101 tota
2387 2044 2630 2101 Ecclesia
2706 2045 2969 2099 catholica
3043 2058 3347 2098 sermonem

1796 2139 2049 2193 habuisse
2084 2136 2431 2207 PrOplietam,
2470 2139 2541 2191 ita
2577 2146 2635 2191 ut
2666 2138 2959 2207 proborum
3004 2137 3223 2191 cuilibet
3257 2150 3352 2204 pe-

1796 2233 1903 2287 tius
1946 2232 2228 2286 conveniat
2274 2247 2437 2301 quam
2490 2230 2773 2285 Dominico
2809 2229 3013 2283 homini
3044 2229 3178 2299 (t5).
3229 2227 3347 2281 Non

1794 2322 1958 2383 enim,
1992 2330 2050 2373 ut
2091 2322 2447 2386 arbitrantur,
2474 2322 2540 2375 de
2586 2322 2704 2391 ipso
2754 2322 2869 2375 solo
2915 2321 3164 2390 superius
3198 2319 3350 2373 locu-

1796 2421 1882 2467 tus
1915 2424 2034 2466 est:
2078 2428 2251 2481 neque
2272 2413 2418 2466 enim
2450 2428 2574 2466 cum
2612 2412 2846 2467 articulo
2872 2412 3119 2475 dixisset,
3152 2409 3348 2465 Beatus

1794 2506 1884 2559 ille
1916 2508 2002 2575 qui
2031 2504 2279 2574 intelligit
2321 2520 2475 2571 super
2520 2520 2735 2574 egenum
2782 2514 2831 2557 et
2883 2520 3181 2573 pauperem.
3215 2501 3349 2555 Nam

1793 2596 1996 2650 dictum
2023 2596 2139 2651 sine
2169 2595 2419 2659 articulo,
2452 2595 2740 2664 quemdam
2762 2603 2815 2649 et
2855 2595 3144 2663 specialem
3178 2594 3350 2665 signi-

1794 2688 1998 2742 ﬁcaret.
2023 2686 2273 2742 Posthac
2312 2687 2379 2741 ab
2415 2687 2540 2741 aliis
2579 2686 2833 2741 Ecclesiae
2862 2687 3120 2740 membris
3153 2685 3348 2739 transit

1793 2778 1861 2833 ad
1907 2779 2083 2847 ipsum
2128 2778 2400 2831 Christum
2437 2778 2645 2833 scilicet
2699 2776 3007 2839 Dominum,
3049 2778 3142 2847 qui
3171 2777 3341 2831 dicit:

1794 2870 2007 2924 Inimici
2036 2870 2155 2931 mei,
2178 2878 2282 2923 etc.
2318 2868 2543 2933 Quando
2561 2868 2816 2921 morietur
2852 2878 2901 2919 et
2934 2866 3123 2935 peribit
3163 2883 3346 2920 nomen

1792 2962 1944 3031 ejus?
1975 2959 2165 3016 Gravis
2195 2960 2353 3015 nobis
2388 2969 2473 3014 est
2498 2960 2579 3014 vel
2611 2959 2728 3028 ipso
2753 2968 3070 3027 conspectu.

1867 3229 1921 3284 7.
1954 3229 2018 3283 Et
2054 3230 2099 3282 si
2127 3228 2512 3299 ingrediebatur
2526 3240 2580 3283 ut
2612 3231 2828 3294 rideret,
2857 3231 3343 3300 uanaloquebatur.

1796 3319 1917 3376 Haec
1948 3321 2022 3375 ait
2053 3320 2296 3376 deluda.
2335 3320 2390 3375 Id
2431 3332 2607 3376 autem
2660 3322 2763 3375 sibi
2797 3323 2911 3376 vult
2942 3339 2957 3377 :
2997 3321 3131 3377 Cum
3168 3325 3349 3377 aditus

1792 3413 1841 3466 ei
1870 3413 1935 3466 ad
1967 3427 2051 3465 me
2083 3421 2245 3475 esset,
2270 3412 2397 3479 quia
2432 3411 2482 3463 in
2524 3412 2918 3480 discipulorum
2959 3427 3187 3466 numero
3214 3428 3347 3466 con-

1791 3502 2013 3558 stitutus
2063 3510 2217 3567 erat,
2260 3511 2379 3555 erat
2411 3502 2668 3571 bilinguis
2717 3512 2770 3557 et
2819 3506 3163 3572 negotiator:
3206 3520 3346 3559 vana

1790 3596 1989 3667 quippe
2022 3594 2436 3664 loquebatur,id
2460 3605 2541 3648 est
2576 3609 2737 3647 verax
2767 3609 2872 3649 non
2905 3604 3041 3650 erat.
3098 3593 3204 3650 Cor
3230 3596 3345 3665 ejus

1793 3692 2119 3759 congregavit
2149 3689 2482 3757 iniquitatem
2520 3688 2641 3741 sibi.
2673 3688 3012 3752 Decreverat,
3038 3688 3233 3758 inquit,
3262 3704 3346 3742 me

1793 3783 1989 3836 invidis
2027 3782 2253 3835 tradere.
2286 3778 2668 3849 Egrediebatur
2698 3782 2843 3849 foras
2869 3791 2919 3835 et
2955 3781 3261 3850 loquebatur
3287 3784 3343 3834 in

1792 3873 2015 3941 idipsum
2035 3886 2053 3922 :
2080 3872 2209 3925 illud
2242 3886 2466 3938 nempe;
2496 3870 2635 3935 Quid
2670 3872 2827 3925 vultis
2850 3871 2977 3925 mihi
3003 3873 3151 3935 dare,
3173 3881 3221 3925 et
3250 3887 3343 3941 ego

1791 3964 1932 4019 vobis
1958 3981 2075 4019 eum
2116 3964 2323 4016 tradam
2350 3964 2407 4015 '?

1860 4059 1912 4113 8.
1943 4058 2229 4110 Adversum
2275 4074 2354 4109 me
2406 4056 2750 4109 susurrabant
2777 4071 2952 4109 omnes
2984 4054 3184 4108 inimici
3219 4052 3341 4107 mei.

1791 4148 2104 4203 Derisiones
2135 4157 2297 4217 atque
2330 4148 2557 4202 insidias
2587 4158 2643 4202 et
2675 4148 3109 4218 conspirationes
3140 4144 3347 4200 Iudaeo-

1793 4256 1913 4296 rum
1966 4240 2251 4295 adversum
2282 4256 2341 4294 se
2370 4249 2604 4295 structas
2647 4240 2938 4309 signiﬁcat,
2977 4254 3189 4294 necnon
3244 4253 3343 4291 oc-

1792 4333 1939 4387 culta
1972 4347 2162 4387 eorum
2218 4332 2467 4394 consilia,
2514 4330 2783 4400 principes
2828 4329 3170 4384 sacerdotum
3217 4341 3341 4380 cum

147 4426 274 4494 πρὸς
305 4426 395 4477 τὸν
440 4424 637 4477 Ἰούδαν
661 4421 854 4491 λέγων,
880 4422 1075 4484 οἵτινες
1103 4420 1428 4489 ἑψιθύριζον,
1467 4420 1533 4473 τὰ
1565 4419 1692 4491 περὶ

1796 4421 1927 4477 Iuda
1959 4424 2291 4493 paciscentes
2319 4423 2582 4483 indicans,
2600 4424 2691 4490 qui
2718 4420 3342 4489 susurrabant,pretium

145 4516 228 4570 τοῦ
282 4515 455 4587 Ἰησοῦ
510 4514 773 4585 σύμφωνα
818 4512 952 4585 πρὸς
999 4511 1091 4565 τὸν
1156 4510 1353 4564 Ἰούδαν
1399 4510 1684 4580 τιθέμενοι.

1796 4513 1918 4569 Iesu
1942 4528 2239 4569 consonum
2260 4529 2382 4569 cum
2400 4510 2535 4566 Juda
2547 4512 2960 4566 constituentes.
2982 4509 3343 4565 Susurrabant

157 4607 518 4677 ἐψιθύριζον
546 4624 562 4639 ο
597 4606 715 4659 οὐδὲ
768 4606 874 4676 γάρ
928 4604 1168 4675 ἐτόλμων
1214 4602 1463 4673 φανερῶς
1515 4601 1688 4655 ταῦτα

1796 4606 2014 4669 scilicet,
2046 4620 2152 4659 non
2186 4604 2304 4659 ausi
2335 4604 2509 4673 palam
2538 4603 2725 4657 isthtec
2758 4614 2901 4656 metu
2958 4602 3131 4671 plebis
3158 4616 3337 4670 agere.

147 4702 201 4753 τὸ
225 4701 427 4770 πλῆθος
458 4698 840 4768 εὐλαδούμενοι
861 4696 1123 4750 τίθεσθαι.

210 4794 399 4860 Λόγον
444 4787 787 4857 παράνομον
840 4786 1151 4840 κατέθεντο
1196 4786 1319 4838 κατ’
1366 4784 1530 4853 ἐμοῦ.
1582 4783 1685 4848 Τὸ,

147 4881 321 4954 Ἀραι,
356 4876 507 4951 ἆραι,
537 4883 887 4949 σταύρωσον
910 4882 1115 4933 αὐτόν.
1146 4872 1311 4942 Οὗτος
1333 4878 1389 4931 δὲ
1422 4879 1502 4931 ὅτι
1526 4878 1687 4948 παρά-

1796 4875 1930 4929 Illud
1968 4874 2208 4928 scilicet:
2270 4873 2433 4937 Tolle,
2482 4873 2622 4937 tolle,
2655 4872 2901 4941 cruci/ige
2943 4887 3059 4924 eum
3082 4871 3126 4925 ⁸.
3186 4869 3341 4935 Quod

149 4993 299 5046 νομος
326 4972 415 5047 ἦν,
445 4975 601 5043 δῆλον
633 4975 696 5025 ὲκ
729 4971 821 5025 τοῦ
860 4971 1152 5042 εἰρημένου
1180 4984 1195 4999 ⁸
1240 4968 1449 5023 Ἁθῶον
1479 4968 1575 5021 καί
1606 4967 1690 5019 ει-

1796 4977 1971 5021 autcm
2004 4966 2249 5034 iniquum
2286 4977 2450 5028 esset,
2486 4965 2660 5033 palam
2692 4970 2869 5017 estex
2916 4963 3038 5015 illo:
3077 4959 3341 5013 lnsontem

151 5085 305 5121 καιον
338 5070 449 5120 οὐκ
486 5062 852 5128 ἀποκτενεῖς.
893 5062 989 5130 Μὴ
1032 5065 1065 5115 ό
1112 5060 1500 5129 κοιμώμενος,
1557 5057 1690 5126 οὐχί

1796 5069 1840 5113 et
1861 5058 2065 5127 justum
2089 5075 2189 5111 non
2212 5057 2411 5110 occides
2429 5058 2471 5109 ’.
2511 5055 2759 5122 Nunquid
2781 5056 2867 5124 qui
2893 5054 3084 5105 dormit
3111 5068 3211 5105 non
3246 5052 3342 5103 ad-

152 5157 466 5226 προσθήονει
505 5155 610 5209 τοῦ
640 5152 1005 5220 ἀναστῆναι;
1040 5151 1270 5220 Διατελᾷ
1295 5150 1399 5202 τῶν
1430 5147 1691 5200 Ἰουδαίων

1796 5150 1933 5219 iiciet
1966 5148 2107 5200 ultra
2140 5148 2487 5215 utresurgat?
2516 5144 2732 5197 Deridet
2760 5141 3072 5197 Iudaeorum
3094 5140 3340 5205 consilia,

151 5254 211 5304 τά
250 5251 537 5320 σκέμματα
585 5248 661 5310 ὼς
703 5245 959 5317 οἰομένων
1007 5244 1092 5297 διά
1142 5242 1235 5295 τοῦ
1283 5242 1508 5294 θανάτου
1535 5238 1687 5311 θραύο

1796 5240 2171 5293 arbitrantium
2226 5253 2383 5307 posse
2436 5252 2493 5291 se
2536 5236 2685 5288 illum
2713 5250 2806 5304 per
2850 5242 3078 5287 mortem
3125 5232 3341 5285 abolere

153 5358 222 5393 ειν
248 5342 403 5395 αὑτὸν
426 5341 499 5403 ὡς
541 5339 637 5392 ενα
672 5338 778 5391 τῶν
810 5336 927 5390 καθ’
957 5336 1123 5407 ἡμᾶς.
1170 5336 1227 5387 ὐ
1272 5333 1326 5385 δέ
1365 5349 1533 5404 φησι·
1568 5332 1687 5395 Πῶς

1796 5332 1946 5401 quasi
1974 5346 2139 5385 unum
2172 5345 2235 5384 ex
2270 5330 2445 5383 nobis.
2478 5326 2570 5381 Ille
2602 5336 2779 5379 autem
2832 5324 2906 5377 ait
2928 5343 2943 5407 ι
2967 5322 3071 5389 Qut
3114 5322 3341 5376 arbitra-

154 5435 386 5506 νομίζετε
424 5432 639 5503 θανάτῳ
663 5404 1095 5503 περιδαλεῖνντην
1138 5427 1313 5498 ζωήν;
1350 5426 1553 5488 Ὕπνος
1580 5422 1685 5493 γάρ

1796 5422 1923 5477 mini
1947 5437 2106 5492 posse
2144 5436 2241 5476 vos
2264 5428 2434 5474 morte
2455 5420 2616 5473 vitam
2647 5404 3075 5471 circumvenire?
3103 5412 3337 5469 Somnus

1864 4781 1915 4837 9.
1966 4780 2181 4836 Verbum
2235 4782 2470 4849 iniquum
2515 4782 2888 4857 constituerunt
2928 4779 3203 4833 aduersum
3240 4794 3339 4831 me.

216 5612 397 5666 ‘Psal.
444 5627 593 5677 xxix,
639 5607 725 5663 I2.
827 5607 847 5639 '
887 5606 1071 5661 Matth.
1115 5620 1261 5669 xxvi,
1295 5603 1381 5658 i5.
1468 5602 1489 5633 ⁸
1525 5598 1682 5655 Joan.
1717 5616 1829 5667 ιιι,
1893 5600 1980 5655 I5.
2070 5598 2091 5629 '
2132 5596 2300 5651 Exod.
2346 5609 2499 5660 mn,
2535 5593 2588 5645 7.

222 5772 352 5826 (12W
377 5769 495 5824 Hac
529 5777 654 5823 sunt
688 5764 1024 5835 Apollinarii.
1866 5751 1975 5823 (13)
2020 5751 2317 5805 Dominicus
2344 5750 2517 5815 homo,
2542 5763 2643 5803 vox
2674 5744 3061 5800 Athanasium.
