4102 6312
750 356 851 410 199

1623 347 1677 399 S.
1720 342 2092 398 ATHANASH
2137 343 2288 397 OPP.
2341 343 2523 399 PARS
2563 344 2649 398 111.
2694 375 2759 386 —-
2802 346 3211 402 EXEGETICA.

3870 345 3965 399 200

758 485 997 536 namque
1031 467 1159 522 mihi
1194 465 1375 536 passio
1397 475 1495 518 est.
1531 462 1664 516 llinc
1689 462 2040 530 consequitur
2057 461 2301 516 arbitrari

2414 466 2559 515 ἐστιν
2589 463 2708 532 ἐμοὶ
2738 464 2798 516 τὸ
2829 465 3039 517 παθεῖν.
3105 463 3439 534 ’Λναγκαίως
3493 463 3546 515 δὲ
3590 462 3735 531 λέγει
3766 465 3832 533 τῇ
3865 481 3967 516 κοι-

751 563 927 630 ipsum
954 567 1074 627 post
1096 555 1476 611 dnrmitionem
1535 552 1790 619 subsequi
1821 552 2301 604 resurrectionem.

753 651 1022 704 Dormitio
1046 663 1196 702 mors
1218 653 1332 700 est:
1363 660 1491 714 ergo
1535 654 1760 696 mortem
1816 642 2176 710 subscquetut'
2224 658 2310 697 re-

749 743 1040 799 surri-ctio.

820 842 906 895 10.
940 839 1145 892 Etenim
1178 839 1328 890 homo
1360 835 1502 900 pacis
1536 851 1660 887 mea!
1687 835 1736 884 in
1782 848 1882 901 quo
1920 831 2149 898 sperari,
2215 828 2306 896 qui

746 931 930 985 edebat
952 947 1110 998 panes
1139 945 1300 991 meos,
1337 927 1693 996 magniﬁcarit
1728 942 1885 990 super
1907 940 1985 975 me
2000 919 2310 989 supplanta-

751 1025 962 1075 ticnem.
998 1020 1337 1084 Ludibrium,
1381 1018 1632 1080 insidias,
1684 1017 1890 1070 dolum.
1927 1013 2086 1066 Pacis
2137 1011 2310 1064 homi-

749 1129 870 1167 nem
893 1110 1085 1165 Judant
1119 1121 1296 1172 vocat,
1342 1109 1467 1177 quia
1522 1107 1806 1162 videbatur
1834 1107 1976 1159 inter
2022 1102 2307 1157 benevolos

746 1214 800 1259 et
829 1205 1033 1258 amicos
1065 1203 1184 1270 eius
1215 1199 1542 1268 computari,
1573 1206 1628 1252 et
1676 1198 1730 1251 in
1779 1194 2170 1264 discipulorum
2203 1210 2305 1246 nu-

748 1309 952 1349 merum
992 1292 1218 1345 allectus
1247 1291 1438 1343 fuerat.

818 1387 905 1440 11.
941 1385 1018 1438 Tu
1052 1395 1246 1445 autent,
1279 1385 1521 1447 Domine,
1549 1383 1791 1436 miserere
1820 1382 1942 1446 mei,
1972 1391 2020 1434 et
2051 1380 2306 1434 resuscita

744 1495 846 1540 me,
882 1489 929 1530 et
963 1477 1247 1530 retribuam
1274 1478 1370 1529 eis.
1404 1474 1653 1529 Humano
1686 1490 1835 1530 more
1869 1484 2086 1543 propter
2125 1474 2304 1526 Immi-

744 1568 1023 1622 liationem
1059 1582 1212 1620 suam
1234 1568 1298 1620 ad
1335 1565 1541 1619 Patrem
1567 1582 1725 1620 suum
1751 1565 1912 1619 verba
1949 1565 2094 1627 facit,
2114 1564 2304 1617 etiam-

744 1661 789 1715 si
822 1661 909 1714 ille
942 1659 1014 1714 sit
1040 1659 1412 1713 misericordia
1433 1658 1528 1712 Dei
1563 1669 1616 1713 et
1646 1657 1847 1719 l’atris,
1888 1665 1942 1710 ct
1971 1655 2302 1709 resurrectio

743 1760 903 1820 atque
929 1751 1057 1806 vita.

816 1839 899 1893 19..
933 1837 996 1893 In
1025 1840 1118 1892 hoc
1145 1839 1356 1909 cognovi
1401 1839 1525 1909 quia
1569 1840 1782 1892 vetuisti
1815 1855 1911 1892 me.
1945 1838 2178 1892 Rursum
2231 1837 2307 1889 lo-

741 1932 925 2000 quitur
955 1942 1014 1984 ut
1047 1931 1231 1993 homo,
1292 1941 1351 1984 ut
1378 1932 1617 1999 seipsum
1652 1930 1846 1984 oﬂ‘erat
1882 1929 1990 1984 Deo
2046 1939 2098 1983 et
2139 1927 2302 1980 Patri.

743 2021 1004 2086 Quoniam
1028 2038 1126 2074 non
1166 2021 1412 2091 gaudebit
1441 2023 1685 2075 inimicus
1733 2039 1876 2075 nteus
1925 2038 2083 2089 super
2106 2037 2206 2072 me.
2246 2018 2302 2072 Si

741 2129 806 2165 ex
836 2114 1186 2167 humanitatis
1218 2127 1452 2182 persona
1502 2112 1603 2167 hac
1647 2115 1780 2168 dicit
1811 2112 2087 2173 Christus,
2122 2110 2307 2163 inimi-

741 2219 840 2259 cus
881 2205 1039 2274 plane
1095 2206 1427 2274 intelligatur
1457 2220 1579 2280 esse
1605 2205 1698 2274 qui
1753 2212 1985 2257 mortem
2022 2201 2183 2255 nobis
2211 2217 2306 2270 pa-

740 2290 895 2343 ravit.
933 2290 1027 2343 Sin
1056 2290 1214 2360 quasi
1234 2292 1436 2358 exipso
1469 2291 1706 2354 Christo,
1745 2288 2066 2342 Judreorum
2101 2286 2306 2356 princi-

741 2396 834 2446 pes
860 2379 956 2432 ait.
995 2377 1150 2444 Quod
1173 2378 1318 2433 enim
1355 2395 1440 2434 res
1477 2380 1610 2449 ipsis
1646 2379 1973 2449 permolesta
2003 2377 2185 2443 fuerit,
2211 2392 2307 2447 pa-

739 2469 846 2523 lam
874 2486 936 2524 ex
961 2485 1024 2524 eo
1051 2471 1298 2539 estquod
1330 2471 1448 2540 ejus
1473 2471 1925 2527 resurrectionem
1953 2470 2062 2523 sint
2099 2471 2307 2524 calum-

741 2561 895 2617 niali.

809 2654 897 2708 15.
933 2653 1017 2707 Me
1042 2665 1217 2706 autem
1239 2664 1448 2722 propter
1469 2652 1823 2706 innocentiam
1858 2651 2157 2719 suscepisti.
2198 2647 2301 2716 Qui

739 2747 983 2799 omnium
1015 2754 1100 2799 est
1132 2745 1518 2814 patrocinium,
1556 2744 1658 2798 sibi
1689 2757 1911 2813 quoque
1936 2740 2301 2812 patrocinium

739 2836 910 2892 fuisse
948 2838 1041 2891 ait.
1075 2835 1192 2891 Non
1225 2838 1370 2905 quod
1424 2837 1516 2892 ille
1545 2845 1818 2906 quatenus
1854 2835 1996 2889 Deus
2047 2832 2302 2900 intelligi-

739 2939 829 2984 tur
859 2945 925 2984 eo
955 2929 1226 2999 indigeat:
1272 2930 1365 2983 sed
1399 2929 1563 2982 homo
1594 2927 1770 2981 factus
1799 2940 1923 2980 cum
1953 2924 2046 2989 sit,
2079 2939 2179 2994 pro
2207 2923 2304 2977 ho-

740 3020 977 3074 minibus
1010 3023 1171 3074 verba
1197 3020 1344 3073 facit.

2415 557 2576 624 μήσει
2601 554 2696 624 τὴν
2724 556 3016 609 ἀνάστασιν
3042 556 3289 609 ἕπεσθαι.
3354 556 3398 606 η
3443 554 3499 606 δὲ
3533 555 3787 626 κοίμησές
3830 556 3968 608 ἐστιν

2409 649 2437 699 ὁ
2472 647 2695 709 θάνατος
2719 663 2730 675 ·
2769 649 3079 714 ἀναγκαίως
3106 647 3183 718 τῷ
3229 647 3444 717 θανάτῳ
3484 645 3838 716 ἀκολουθήσει
3882 647 3967 699 καὶ

2410 743 2443 810 ἡ
2475 740 2784 803 ἀνάστασις.

2478 834 2585 884 Καὶ
2620 832 2724 900 γὰρ
2754 836 2784 884 ὀ
2825 831 3131 898 ἄνθρωπος
3175 832 3284 898 τῆς
3332 830 3573 898 εἰρήνης
3607 849 3725 900 μου
3765 831 3857 899 ἐφ’
3903 829 3970 881 ὃν

2409 922 2660 989 ἤλπισα,
2705 926 2737 976 ὀ
2773 924 2994 976 ἐσθίων
3047 923 3262 991 ἄρτους
3307 940 3450 991 μου,
3477 921 3843 992 ἐμεγάλυνεν
3884 923 3968 975 ἐπ’

2406 1013 2512 1080 ἐμὲ
2551 1015 2932 1082 πτερνισμόν.
3000 1013 3378 1083 Ἐμπιαιγμὸν,
3422 1013 3710 1084 ἐπιῢουλὴν
3745 1055 3759 1078 ,
3806 1011 3968 1065 δόλον.

2408 1105 2641 1175 Εἰρήνης
2685 1104 2964 1174 ἄνθρωπον
2993 1103 3084 1156 τὸν
3122 1103 3323 1157 Ἰούδαν
3355 1105 3517 1172 φησι,
3578 1104 3667 1156 διὰ
3712 1103 3772 1156 τὸ
3801 1103 3972 1156 δοκεῖν

2407 1198 2463 1250 ὲν
2483 1199 2591 1258 τοῖς
2614 1195 2882 1248 εὐνοοῦσιν
2901 1195 3046 1266 αὐτῷ
3066 1196 3320 1266 τετάχθαι
3342 1198 3431 1249 καὶ
3460 1197 3652 1265 φίλοις
3681 1197 3802 1264 τόγε
3826 1197 3975 1266 ἥκων

2404 1289 2484 1349 είς
2508 1288 2568 1339 τὸ
2595 1282 2735 1339 εἶναι
2765 1287 3033 1358 μαθητήν.

2475 1378 2557 1430 Σὺ
2586 1377 2674 1440 δὲ,
2708 1379 2905 1445 Κύριε,
2936 1376 3199 1443 ἐλέησόν
3229 1394 3329 1445 με,
3366 1376 3463 1429 καὶ
3498 1377 3856 1444 ἀνάστησόν
3875 1396 3971 1447 με,

2405 1470 2502 1523 καὶ
2530 1469 2934 1524 ἀνταποδώσω
2983 1470 3207 1535 αὐτοῖς.
3247 1469 3624 1540 Ἀνθρωπίνως
3657 1470 3858 1539 μᾶλλον
3887 1471 3973 1524 διὰ

2404 1563 2500 1631 τὴν
2546 1562 2776 1614 κένωσιν
2807 1562 2942 1632 πρὸς
2971 1563 3060 1615 τὸν
3107 1561 3299 1616 ἑαυτοῦ
3351 1561 3570 1634 Πατέρα
3619 1565 3850 1615 ποιεῖται
3886 1563 3975 1616 τὸν

2404 1654 2580 1719 λόγον,
2635 1654 2810 1706 καίτοι
2839 1653 3002 1715 αὐτὸς
3033 1651 3105 1705 ὢν
3147 1655 3208 1706 τὸ
3235 1653 3380 1715 ἕλεος
3423 1653 3515 1705 τοῦ
3549 1653 3683 1707 Θεοῦ
3735 1656 3827 1708 καὶ
3861 1655 3966 1708 Παι

2404 1746 2548 1816 τρὸς,
2582 1747 2673 1797 καὶ
2707 1747 2739 1815 ἡ
2771 1746 3061 1806 ἀνάστασις
3090 1747 3234 1815 καὶὴ
3264 1744 3399 1813 ζωή.

2492 1841 2587 1892 Ἐν
2617 1841 2802 1902 τούτῳ
2833 1837 3044 1907 ἔγνων.
3071 1838 3157 1891 ὅτι
3187 1835 3514 1903 τεθέληκιὶς
3541 1853 3635 1906 με.
3678 1837 3845 1890 Λαλεῖ
3870 1840 3978 1891 πά-

2407 1929 2486 1982 λιν
2513 1929 2594 1990 ὡς
2621 1929 2903 1998 ἄνθρωπος
2933 1967 2948 1988 ,
2997 1927 3082 1979 ἵνα
3121 1927 3309 1979 ἑαυτὸν
3339 1926 3556 1996 παραθῇ
3601 1924 3679 1995 τῷ
3716 1925 3836 1996 Θεῷ
3883 1927 3982 1979 καὶ

2407 2022 2598 2092 Πατρί.
2637 2022 2755 2075 Ὅτι
2782 2023 2853 2075 οὐ
2877 2019 2963 2089 μὴ
2993 2017 3248 2087 ἐπιχαρῆ
3274 2021 3305 2071 ὀ
3334 2018 3544 2087 ἐχθρός
3567 2035 3686 2088 μου
3724 2019 3816 2072 ἐπ’
3845 2019 3978 2087 ἐμέ.

2407 2116 2468 2167 Εἰ
2506 2116 2604 2184 μὲν
2634 2113 2700 2168 ὲκ
2723 2112 3013 2184 προσώπου
3043 2111 3139 2180 τῆς
3166 2112 3576 2183 ἀνθρωιιὸτητος
3606 2112 3780 2166 ταῦτα
3828 2112 3985 2181 λέγει

2405 2203 2432 2252 ὁ
2457 2200 2706 2270 Χριστὸς,
2733 2199 2925 2270 ἐχθρὸς
2951 2199 3015 2252 ἂν
3032 2198 3249 2268 νοηθείη
3275 2203 3302 2252 ὀ
3328 2199 3416 2252 τὸν
3451 2199 3678 2254 θάνατον
3712 2205 3847 2272 ἡμῖν
3882 2221 3987 2256 κα-

2403 2291 2780 2353 τασκευάσαςο
2823 2291 2962 2345 εἰδὲ
3008 2290 3082 2353 ὡς
3131 2289 3189 2355 ἐξ
3239 2290 3404 2344 αὐτοῦ
3453 2291 3546 2344 τοῦ
3576 2294 3838 2363 Χριστοῦ,
3870 2295 3987 2348 τῶν

2418 2384 2682 2438 Ἰουδαίων
2706 2385 2829 2448 τοὺς
2859 2383 3126 2456 ἄρχοντας
3174 2400 3358 2455 φησιν.
3395 2384 3514 2436 Ὅτι
3552 2385 3660 2457 γὰρ
3708 2386 3989 2457 λελύπην-

2402 2492 2514 2541 ται,
2543 2475 2698 2545 δῆλον
2742 2477 2806 2528 ὲκ
2842 2476 2932 2529 τοῦ
2971 2477 3373 2546 συκοφαντῆσαι
3401 2475 3565 2532 αὐτοῦ
3604 2477 3704 2549 τὴν
3741 2479 3990 2534 ἀναστα-

2407 2585 2509 2620 σιν.

2485 2659 2657 2727 Ἐμοῦ
2680 2657 2747 2710 δὲ
2785 2656 2882 2710 διὰ
2921 2656 3035 2724 τὴν
3059 2659 3318 2712 ἀκακίαν
3351 2659 3704 2715 ἀντελάϐου.
3748 2664 3813 2716 ἸΙ
3843 2665 3991 2718 πάν-

2402 2767 2509 2802 των
2539 2750 2820 2820 ἀντίληψις
2860 2750 3194 2822 ἀντιλήψεως
3236 2753 3588 2822 τετυχηκέναι
3636 2753 3839 2824 φησίν·
3883 2758 3994 2809 οὐκ

2405 2840 2566 2902 αὐτὸς
2597 2839 2797 2911 ταύτης
2846 2840 3120 2912 δεόμενος,
3165 2842 3286 2895 καθ’
3332 2843 3360 2895 ὃ
3415 2846 3613 2897 νοεῖται
3643 2843 3804 2909 Θεὸς,
3843 2846 3997 2899 ἀλλὰ

2404 2928 2691 2999 γενόμενος
2733 2929 3038 3001 ἄνθρωπος,
3086 2930 3226 3002 ὑπὲρ
3267 2929 3568 3002 ἀνθρώπων
3600 2935 3840 2986 ποιεῖται
3903 2935 4000 2986 λὸ-

2403 3035 2551 3086 γους.

817 3111 901 3164 14.
937 3109 1251 3163 Benedictus
1286 3108 1539 3160 Dominus
1591 3106 1729 3162 Deus
1779 3104 1950 3159 Israel
2005 3124 2036 3158 a
2081 3105 2295 3159 saeculo.

2474 3110 2812 3178 Εὐλογητὸς
2830 3111 3045 3178 Κύριος
3061 3113 3093 3164 ό
3115 3111 3256 3177 Θεὸς
3291 3111 3534 3179 Ἰσραὴλ
3553 3114 3669 3168 ἀπὸ
3694 3115 3804 3169 τοῦ
3846 3115 4002 3168 αἰῶ-

737 3199 857 3256 Jam
888 3202 1140 3271 obsignat
1171 3201 1443 3256 canticum
1481 3199 1531 3251 in
1559 3200 1858 3267 gratiarum
1903 3199 2175 3252 actionem
2208 3198 2303 3250 de-

739 3293 948 3347 sinens.
979 3294 1022 3344 A
1059 3291 1552 3359 przesenti,inquit,
1595 3305 1768 3359 usque
1817 3289 1882 3343 ad
1934 3288 2198 3344 futurum.
2258 3287 2302 3340 A

736 3386 990 3454 praesenti
1025 3383 1562 3454 igiturbencdictioa
1615 3381 1771 3436 nobis
1805 3380 1914 3437 Deo
1963 3382 2144 3436 oblata
2193 3382 2301 3436 ini-

739 3478 873 3530 tium
911 3477 1081 3539 ducit,
1101 3476 1510 3545 completurque
1543 3476 1595 3530 in
1639 3475 1858 3530 futuro:
1903 3490 2026 3529 nam
2067 3486 2302 3544 exparte

735 3571 1099 3640 cognoscimus
1133 3578 1183 3622 et
1233 3583 1297 3621 ex
1335 3578 1483 3636 parte
1530 3569 1898 3636 prophetamus
1929 3568 1994 3630 ¹⁶,
2029 3582 2200 3636 quare
2233 3582 2300 3620 ex

737 3668 893 3728 parte
918 3652 1333 3711 benedicimus:
1368 3655 1500 3712 Cum
1535 3668 1710 3711 autem
1754 3657 1947 3711 venerit
1994 3657 2132 3725 quod
2183 3674 2302 3726 per-

737 3750 932 3815 fectum
958 3759 1073 3812 est,
1107 3747 1286 3817 inquit
1339 3748 1623 3813 Paulus”,
1660 3749 2005 3802 evucuabitur
2055 3749 2192 3819 quod
2236 3765 2301 3803 ea:

735 3851 884 3914 parte
901 3857 1000 3896 est.
1037 3840 1169 3895 Nam
1190 3840 1431 3911 profectu
1455 3841 1520 3896 ad
1568 3843 1790 3897 meliora
1815 3842 2127 3906 accedente,
2183 3858 2301 3897 ces-

738 3943 824 3990 sat
848 3936 991 4005 quod
1023 3950 1087 3988 ex
1111 3943 1263 4003 parte
1291 3942 1396 3988 est.
1424 3933 1655 4002 Ideoque
1699 3932 1992 3988 Psalmista
2019 3934 2293 4002 adjunxit,

736 4025 884 4089 Fiat,
914 4027 1032 4090 ﬁat,
1061 4034 1116 4079 et
1143 4025 1382 4094 duplicat
1412 4027 1734 4081 orationem.
1772 4025 2049 4095 Siquidem
2078 4027 2295 4080 beatum

734 4129 841 4183 est,
866 4134 961 4187 per
986 4116 1145 4171 tidem
1171 4127 1225 4171 et
1250 4117 1356 4171 alia
1409 4116 1548 4170 bona
1580 4131 1745 4186 opera
1773 4116 2204 4172 benedictionem
2243 4117 2295 4170 in

734 4208 904 4263 Deum
930 4207 1189 4269 exordiri,
1218 4217 1381 4277 atque
1436 4210 1512 4263 ita
1539 4209 1685 4263 illam
1726 4223 1990 4264 coronare
2035 4209 2088 4262 in
2115 4209 2298 4263 futuro

735 4297 955 4359 saeculo,
993 4305 1050 4350 ut
1083 4296 1265 4366 impiis
1292 4305 1345 4350 et
1375 4296 1685 4351 inﬁdelibus
1715 4296 1885 4351 Deum
1923 4297 2033 4352 illic
2076 4298 2298 4353 laudare

734 4389 1042 4443 nullatenus
1071 4390 1422 4442 concedatur.
1452 4389 1744 4444 Sciendum
1775 4397 1978 4453 autem,
2005 4390 2295 4445 nonnullos

2406 3220 2531 3268 νος.
2549 3203 2841 3274 Σφραγίζει
2861 3205 2953 3256 καὶ
2967 3203 3060 3255 νῦν
3084 3205 3161 3266 είς
3175 3203 3521 3275 εὐχαριστίαν
3553 3205 3648 3274 τὴν
3685 3207 4005 3278 προκειμέ-

2405 3313 2500 3367 νην
2527 3295 2688 3366 ᾠδήν.
2737 3297 2868 3348 Ἀπὸ
2913 3295 3004 3349 τοῦ
3051 3296 3335 3368 παρόντος,
3385 3297 3566 3367 φησὶν,
3598 3300 3678 3360 είς
3721 3300 3818 3350 τὸν
3853 3300 4005 3370 μέλο

2401 3383 2560 3439 λοντα
2584 3402 2598 3416 ο
2625 3385 2815 3438 οὐκοῦν
2843 3385 2951 3438 ἀπὸ
2977 3385 3074 3454 μὲν
3106 3383 3199 3438 τοῦ
3225 3384 3490 3453 παρόντος
3522 3387 3554 3454 ή
3598 3386 3822 3454 εὐλογία
3851 3404 3986 3460 παρ

2403 3475 2556 3545 ἡμῶν
2577 3477 2654 3537 είς
2680 3476 2769 3528 τὸν
2796 3475 2926 3528 Θεὸν
2957 3476 3202 3546 ἄρχεται,
3226 3474 3526 3528 τελειοῦται
3550 3475 3607 3528 δὲ
3647 3476 3704 3527 ὲν
3734 3476 3818 3547 τῷ
3855 3477 4008 3546 μέλ-

2401 3566 2545 3618 λοντι
2565 3566 2662 3620 ’ἑκ
2702 3565 2922 3634 μέρους
2951 3567 3057 3636 γὰρ
3086 3565 3480 3635 γινώσκομεν,
3533 3567 3632 3620 καὶ
3663 3567 3731 3621 ἐκ
3751 3569 4009 3638 μέρους

2401 3655 2999 3726 τιςροφητεύομεηόθεν
3023 3657 3190 3709 καὶὲκ
3214 3659 3411 3728 μέρους
3432 3658 3786 3729 εὐλογοῦμενο
3803 3664 4014 3716 Ὅταν·

2399 3747 2467 3800 δὲ
2481 3749 2626 3815 ἔλθῃ
2645 3748 2710 3801 τὸ
2725 3747 3140 3818 τέλειον,φησὶν
3155 3749 3182 3800 ὁ
3199 3749 3428 3812 Παῦλος,
3447 3748 3512 3802 τὸ
3522 3751 3589 3802 ὲκ
3609 3749 3842 3818 μέρους
3857 3770 3948 3805 κα
3960 3772 4014 3806 τ-

2400 3838 2816 3908 αργηθήσεται.
2840 3840 2916 3910 Τῇ
2937 3840 3044 3911 γὰρ
3084 3843 3174 3894 ἐπὶ
3199 3841 3259 3894 τὸ
3293 3842 3475 3911 μεῖζον
3500 3846 3751 3914 προκοπῇ
3781 3842 3853 3898 τὸ
3883 3847 4018 3898 ἀπὸ

2405 3932 2602 4002 μέρους
2624 3931 2875 3985 παύεται.
2895 3933 2992 3986 Διὰ
3015 3932 3212 3986 τοῦτοὸ
3235 3934 3532 4006 Ψαλμῳδὸς
3558 3936 3837 4004 ἐπήγαγε,
3891 3940 3956 3990 Γ
3958 3937 4020 3991 έ-

2399 4039 2580 4083 νοιτο,
2604 4019 2851 4091 γένοιτο,
2885 4024 2979 4076 καὶ
3001 4021 3340 4088 διπλασιάζει
3362 4025 3460 4093 τὴν
3484 4025 3667 4094 εὐχήν.
3687 4025 4019 4098 Μακάρων

2400 4114 2508 4182 γὰρ
2521 4111 2770 4166 ἐντεῦθεν
2783 4114 2880 4184 τῆς
2896 4114 3144 4182 εὐλογίας
3164 4115 3263 4185 τῆς
3283 4119 3362 4180 εἰς
3376 4117 3466 4169 τὸν
3482 4115 3613 4169 Θεὸν
3632 4117 3722 4169 διὰ
3741 4119 4024 4181 πίστεως

2401 4206 2492 4257 καὶ
2516 4205 2615 4275 τῆς
2639 4205 2746 4258 τῶν
2776 4205 2951 4261 ἄλλων
2983 4206 3205 4273 ἀγαθῶν
3240 4207 3630 4279 κατορθώσεως
3667 4208 3980 4278 ἄρξασθαι
4001 4252 4018 4273 ,

2399 4296 2542 4350 οὕτω
2570 4314 2628 4350 τε
2661 4297 2829 4368 αὐτὴν
2860 4299 3200 4366 στεφανῶσαι
3251 4302 3331 4364 είς
3359 4299 3450 4353 τὸν
3495 4299 3669 4354 αἰῶνα
3717 4300 3819 4352 τὸν
3857 4303 4026 4371 μὲλ-

2401 4392 2579 4454 λοντα,
2609 4393 2684 4456 ὡς
2721 4394 2776 4446 οἴ
2808 4411 2870 4462 γε
2905 4394 3122 4459 ἀσεϐεῖς
3158 4395 3253 4450 καὶ
3291 4395 3509 4449 ἄπιστοι
3565 4393 3816 4460 εὐλογεῖν
3874 4398 4027 4449 ἐκεῖ

737 4482 878 4535 hanc
912 4480 1245 4556 psalmorum
1273 4481 1608 4550 prophetiam
1639 4481 1692 4534 in
1742 4481 1910 4537 libros
1941 4482 2181 4552 quinque
2209 4483 2293 4536 dio

2400 4479 2491 4534 τὸν
2529 4481 2660 4534 Θεὸν
2692 4482 2790 4535 οὐκ
2833 4483 3237 4553 ὲπιτρέπονται.
3277 4483 3488 4538 Είδὲναι
3529 4483 3586 4536 δὲ
3620 4483 3720 4547 δεῖ,
3762 4485 3851 4537 ὅτι
3895 4489 4027 4557 τὴν

731 4574 950 4628 videre:
980 4581 1145 4641 atque
1200 4573 1265 4626 ad
1313 4572 1458 4626 hunc
1509 4587 1683 4637 usque
1741 4574 2008 4641 psalmum
2057 4576 2293 4644 priorem

733 4665 1099 4728 constituere;
1157 4664 1283 4733 quia
1315 4665 1366 4716 in
1410 4663 1515 4717 line
1556 4664 1984 4718 benedictionem
2035 4666 2087 4718 in
2126 4664 2294 4720 Deum

732 4771 828 4808 seu
852 4770 1108 4809 coronam
1147 4756 1325 4809 habet.
1353 4753 1506 4809 Unde
1539 4757 1702 4810 etiam
1730 4757 1809 4811 sic
1838 4766 2128 4827 sequentes
2160 4773 2295 4827 qua-

734 4855 860 4902 tuor
887 4847 1217 4916 partiuntur.

873 5023 926 5076 l.
965 5022 1025 5076 1η
1071 5024 1225 5092 finem
1256 5024 1325 5077 ad
1376 5025 1776 5095 intelligentiam
1824 5028 1951 5096 [iliis
1986 5026 2142 5082 Core.

1256 5115 1388 5171 PSA
1403 5115 1592 5173 LMUS
1621 5117 1774 5173 XLI.

1306 5209 1702 5277 Argumentum.

729 5296 882 5351 Saturi
908 5296 1060 5352 fuere
1093 5307 1344 5354 cantores
1381 5301 1476 5354 lilii
1500 5299 1659 5364 Core,
1693 5310 1896 5356 canunt
1928 5312 2110 5356 autem
2145 5318 2276 5357 caa-

811 5390 973 5443 tieum
1001 5392 1068 5445 ab
1094 5392 1724 5460 auctoribusacceptum,
1745 5393 2037 5448 rideliceta
2063 5393 2287 5457 Davide,

802 5491 922 5544 qua
950 5478 1001 5530 in
1041 5480 1330 5548 postremis
1375 5483 1707 5550 temporibus
1747 5483 2047 5537 cbventura
2106 5493 2291 5539 essent

806 5567 1195 5635 signiﬁcantes.
1229 5567 1496 5625 lnducunt
1519 5573 1682 5627 etiam
1713 5574 1883 5644 ipsius
1911 5573 2126 5631 lsraelis
2163 5591 2285 5646 per-

805 5748 850 5781 “
878 5749 893 5804 l
920 5749 1045 5803 Cur.
1077 5766 1191 5810 xm,
1211 5751 1264 5805 9.
1346 5753 1385 5785 “
1413 5753 1541 5809 ibid.
1576 5754 1659 5809 lO.

2401 4569 2682 4642 ψαλμικὴν
2735 4573 2939 4643 ταύτην
2984 4576 3321 4647 προφητείαν
3373 4577 3455 4638 είς
3505 4575 3664 4628 πέντε
3703 4576 3866 4641 τινὲς
3928 4580 4031 4633 ει·-

2401 4661 2608 4724 ελόντες
2638 4663 2868 4732 βίϐλους,
2912 4665 3072 4738 μέχρι
3101 4667 3288 4720 τούτου
3319 4666 3414 4720 τοῦ
3450 4666 3663 4737 ψαλμοῦ
3696 4667 3808 4738 τὴν
3827 4672 4034 4742 πρώ-

2399 4769 2499 4821 την
2531 4754 2839 4822 νομίζουσιν
2879 4771 2893 4784 ·
2947 4755 3132 4828 ἐπειδὴ
3184 4757 3322 4825 πρὸς
3371 4757 3450 4829 τῷ
3504 4752 3648 4810 τέλει
3705 4759 4032 4828 στέφανον

2403 4842 2591 4913 ὥσπερ
2639 4845 2736 4915 τὴν
2769 4845 3014 4915 εὐλογίαν
3055 4848 3154 4920 τὴν
3199 4851 3280 4913 είς
3327 4848 3459 4902 Θεὸν
3491 4849 3780 4921 κέκτηται.
3816 4852 4036 4909 ὈΘεν

2401 4934 2543 4987 οὕτω
2569 4935 2832 5006 διαιροῦσι
2859 4940 2950 4991 καὶ
2982 4938 3079 5002 τὰς
3111 4941 3371 5013 ὑπάρξεις
3405 4943 3503 5005 τὰς
3533 4943 3838 5011 τέσσαρας.

2463 5029 2566 5091 Εἰς
2595 5029 2660 5081 τὸ
2688 5027 2859 5094 τέλος
2882 5034 2970 5097 είς
2993 5032 3252 5087 σύνεσιν
3275 5033 3398 5100 τοῖς
3411 5033 3562 5100 υἱοῖς
3585 5033 3692 5087 τοῦ
3724 5037 3944 5104 Κορὲ.

2948 5127 3251 5180 ΤΛΑΜΟΣ
3285 5130 3422 5181 MA'.

3018 5218 3032 5236 '
3047 5218 3354 5284 Υπόθεσις.

2409 5305 2735 5378 Ἱεροῷἑιλται
2771 5308 2868 5378 μὲν
2912 5309 3195 5378 γεγόνασιν
3228 5314 3275 5363 oi
3314 5312 3407 5364 τοῦ
3451 5312 3594 5383 Κορὲ
3624 5311 3755 5374 υἱοὶ,
3787 5312 4045 5385 ᾅδουσα,

2472 5396 2529 5448 δὲ
2557 5396 2654 5468 τὴν
2682 5397 2824 5470 ᾠδὴν
2869 5398 3121 5463 λαϐόντες
3181 5404 3333 5472 παρὰ
3386 5403 3493 5457 τῶν
3532 5402 3858 5459 συνθέντων
3913 5411 4050 5465 αὑ-

2469 5488 2588 5557 τὴν,
2625 5491 2866 5542 τουτέστι
2896 5490 2990 5543 τοῦ
3039 5492 3217 5554 Δαυῖδ,
3247 5494 3314 5547 τὰ
3364 5497 3451 5548 ἐπ’
3480 5495 3724 5564 ἐσχάτων
3766 5503 4005 5569 σημαε
4023 5537 4047 5545 -

2467 5595 2647 5644 νοντες
2683 5582 2788 5635 τῶν
2829 5584 3054 5654 καιρῶν.
3092 5587 3418 5658 Είσφέρουσι
3458 5588 3514 5640 δὲ
3563 5587 3624 5640 τὸ
3663 5588 3855 5643 αὐτοῦ
3914 5597 4053 5652 τοῦ
