4102 6312
173 350 266 406 201

1258 343 1613 402 EXPOSITIO
1650 342 1714 396 IN
1754 342 2076 400 PSALMUM
2121 345 2252 399 XLI.

3239 345 3342 401 202

249 471 462 542 Ἰσραὴλ
505 470 793 541 πρόσωπον
833 465 1313 539 ὲςομολογούμενον
1365 467 1582 538 Χριστῷ
1624 466 1711 519 διὰ

1887 481 2073 520 sonam
2124 465 2337 519 Christo
2379 481 2470 533 per
2526 466 2886 533 pcenitenttam
2956 467 3292 522 conﬁtentem
3325 509 3343 533 ,

238 564 334 633 τῆς
386 561 794 632 μεταγνώσεως,
824 556 896 632 ἦς
938 561 1248 630 ποιήσονται
1299 559 1388 610 ἐπὶ
1437 558 1714 627 συντελείᾳ

237 654 343 706 τῶν
367 653 596 711 αἰώνων.

245 745 354 796 Ὃν
393 746 613 811 τρόπον
650 741 760 813 (ﬂ)
804 740 1071 794 ἐπιποθεῖ
1107 740 1146 806 ἡ
1193 739 1418 806 ἔλαφος
1463 737 1560 792 ἐπὶ
1606 739 1714 802 τὰς

173 835 367 904 πηγὰς
397 833 514 888 τῶν
540 833 790 901 ὑδάτων,
819 834 1001 898 οὕτως
1042 832 1309 886 ἐπιποθεῖ
1332 833 1369 897 ἠ
1403 830 1569 899 ψυχή
1598 847 1715 897 μου

173 926 318 994 πρὸς
369 927 461 988 σὲ,
501 929 532 978 ὀ
568 926 726 990 Θεός.
770 925 834 977 Ai
881 923 1316 992 λογικαὶέλαφοι,
1345 921 1715 990 διαλειπούσης

172 1017 340 1079 αὑτὰς
369 1015 454 1069 διὰ
495 1015 594 1078 τὰς
625 1015 848 1086 ἀνομίας
883 1015 980 1085 τῆς
1008 1015 1199 1085 νοητῆς
1226 1015 1422 1084 πηγῆς,
1461 1012 1716 1064 ἀπεκλαί-

170 1124 288 1159 οντο
319 1107 511 1170 νυκτὸς
537 1107 626 1159 καὶ
658 1104 775 1175 μεθ’
809 1104 1018 1177 ἡμέραν
1043 1105 1136 1176 τὴν
1158 1104 1428 1158 ἀπώλειαν
1461 1103 1685 1156 ἑαυτῶν.

236 1219 385 1270 Πότε
415 1219 571 1285 ἥξω,
621 1218 718 1270 καὶ
769 1217 1102 1286 ὀφθήσομαι
1150 1215 1228 1280 τῷ
1279 1217 1571 1284 προσώπῳ
1610 1215 1712 1269 τοῦ

169 1305 357 1370 Θεοῦ;
405 1307 696 1376 Πρόσωπον
727 1305 819 1358 τοῦ
850 1304 982 1358 Θεοῦ
1032 1305 1059 1356 ὁ
1110 1304 1296 1372 Λόγος.
1346 1305 1600 1375 Σημαίνει
1655 1305 1714 1356 τὸ

165 1398 285 1451 λίαν
333 1397 615 1467 ἐπιθυμεῖν
647 1397 840 1460 αὐτοὺς
870 1398 947 1458 είς
981 1396 1168 1466 καιρὸν
1192 1395 1480 1465 ἀφικέσθαι
1523 1395 1713 1458 αὐτοὺς

165 1487 289 1541 καθ’
319 1489 377 1541 ὃν
401 1490 548 1557 καὶὴ
581 1488 756 1541 αὐτῶν
786 1487 935 1541 ἔσται
969 1487 1158 1558 κλῆσις
1182 1506 1195 1518 ⁸
1220 1486 1357 1539 ὥστε
1391 1488 1482 1538 καὶ
1520 1487 1714 1548 αὐτοὺς

165 1582 425 1649 ἐμφανεῖς
449 1579 694 1646 γενέσθαι
740 1578 817 1648 τῷ
867 1577 1136 1649 προσώπῳ
1181 1577 1272 1630 τοῦ
1323 1577 1454 1631 Θεοῦ
1490 1579 1580 1632 καὶ
1606 1578 1712 1628 Πα-

162 1670 309 1738 τρός.
346 1669 595 1721 Ταυτὸδέ
629 1670 855 1721 ἐστικαὶ
885 1669 944 1719 τὸ
970 1667 1062 1720 τοῦ
1097 1667 1244 1720 Υίοῦ.

1881 573 2044 626 quam
2121 557 2172 611 in
2258 558 2721 610 consummatione
2782 558 3097 612 smculorum
3172 562 3340 615 acturi

1880 663 2023 712 sunt.

1879 737 1934 791 2.
1965 740 2409 803 Quemadmodum
2426 741 2685 792 desiderat
2705 757 2877 792 cert-us
2903 741 2968 791 ad
2993 741 3158 807 fontes
3176 756 3342 809 aqua-

1813 842 1950 894 rum,
1974 829 2051 880 ita
2077 829 2336 882 desiderat
2358 830 2532 882 anima
2556 847 2670 882 mea
2703 832 2769 882 ad
2801 840 2866 892 te,
2901 829 3059 885 Deus.
3089 830 3344 885 Rationa-

1812 918 1946 974 biles
1976 923 2140 984 cervi,
2204 922 2480 977 deﬁciente
2531 923 2691 991 iltsisf,
2755 935 3088 990 peccatorum
3150 940 3341 991 causa,

1812 1011 2074 1079 spirituali
2106 1012 2268 1081 fonte,
2305 1024 2462 1070 noctu
2490 1016 2678 1083 dieque
2723 1032 2874 1069 suam
2911 1019 3196 1085 perniciem
3252 1019 3342 1071 de-

1811 1101 2109 1170 plorabant.

1881 1213 1934 1267 5.
1975 1214 2194 1278 Quando
2224 1218 2421 1269 reniam
2455 1229 2502 1271 et
2531 1220 2783 1288 apparebo
2841 1232 2958 1273 ante
2991 1220 3175 1288 {aciem
3206 1222 3343 1275 Dei.’

1809 1302 1997 1358 Facies
2035 1305 2209 1361 Patris
2250 1306 2502 1365 Verbum.
2533 1308 2627 1365 His
2652 1311 2979 1380 signiﬁcatur
3013 1329 3218 1368 summe
3245 1331 3338 1368 ex-

1810 1405 1989 1461 petere
2011 1395 2130 1450 illos
2160 1411 2224 1449 eo
2256 1406 2495 1466 tempore
2519 1409 2641 1454 ante
2667 1411 3012 1470 conspectum
3035 1403 3127 1456 Dei
3153 1420 3342 1458 occur-

1813 1500 1928 1539 rere
1959 1501 2066 1555 quo
2091 1489 2263 1542 vocati
2293 1487 2508 1554 fuerint,
2545 1499 2603 1544 ut
2629 1504 2974 1560 compareant
3001 1504 3125 1548 ante
3151 1496 3338 1550 faciem

1809 1574 2012 1630 Patris:
2042 1591 2161 1646 qua:
2190 1578 2374 1632 eadem
2398 1578 2512 1648 ipsa
2542 1588 2800 1649 estatque
2825 1579 2964 1634 Filii.

249 1782 345 1833 ‘Er
383 1779 553 1849 φωνῇ
619 1780 1026 1850 ἀγαλλιάσεως
1072 1779 1170 1832 καί
1225 1776 1705 1848 ἐξομολογήσεως

1881 1773 1930 1826 5.
1965 1773 2031 1828 1η
2063 1791 2178 1829 voce
2201 1778 2563 1835 exsultationis
2585 1794 2631 1835 et
2665 1783 3003 1851 confessionis
3033 1800 3188 1837 sonus
3218 1802 3340 1853 epu-

163 1871 354 1940 ἥχους
398 1870 788 1941 ἐορτάζοντος.
838 1871 1359 1942 Προευαγγελίζεται
1406 1871 1592 1923 ἑαυτὸν
1639 1870 1713 1932 ὼς

163 1965 220 2015 ὲν
249 1962 424 2033 καιρῷ
449 1963 761 2031 τευξόμενος
787 1962 883 2032 τῆς
917 1961 1004 2016 διὰ
1037 1960 1266 2034 Χριστοῦ
1324 1960 1592 2032 σωτηρίας
1620 1961 1712 2013 καὶ

163 2054 332 2123 ζωῆς,
363 2054 456 2106 καὶ
480 2057 599 2116 ταῖς
624 2053 793 2116 θείαις
824 2054 1012 2118 αὐλαῖς
1041 2053 1177 2126 ὁμοῦ
1205 2056 1317 2116 τοῖς
1343 2053 1518 2116 ἄλλοις
1541 2054 1713 2122 ἁγίοις

161 2144 650 2216 ἑνδιαιτησόμενος.

236 2257 363 2310 ἰνα
391 2257 448 2310 τί
481 2259 806 2326 περίλυπος
837 2254 908 2319 εἴ,
943 2258 980 2324 ὴ
1014 2258 1180 2326 ψυχή
1217 2276 1354 2327 μου,
1396 2260 1492 2312 καὶ
1526 2261 1622 2312 ἵνα
1658 2261 1712 2313 τί

162 2347 607 2416 συνταράσσεις
651 2367 758 2418 με;
802 2351 1054 2419 Ἐπιτιμᾷ
1103 2353 1218 2412 ταῖς
1267 2349 1461 2413 λύπαις
1511 2353 1574 2421 τῇ
1635 2352 1712 2413 εἰς

162 2439 398 2509 Χριστὸν
418 2440 588 2493 ἑλπίδι
616 2441 934 2512 ὀχυρόμενος
951 2441 1104 2514 (14⁸).
1122 2444 1182 2495 Ei
1203 2444 1511 2513 τετήρηται,
1531 2444 1710 2513 φησὶν,

162 2523 210 2584 ὗ
240 2530 409 2600 ψδχὴ,
445 2531 632 2602 καιρὸς
664 2531 782 2584 καθ’
807 2532 864 2584 ὃν
895 2536 927 2603 ὴ
974 2532 1061 2585 διὰ
1085 2532 1315 2593 πίστεως
1347 2531 1500 2602 ἡμῶν
1525 2531 1712 2601 κλῆσις

163 2623 373 2691 είσάγοι
418 2624 561 2694 ἡμᾶς
596 2623 732 2692 μετὰ
771 2623 876 2677 τῶν
909 2621 1266 2693 ἑορταζόντων
1311 2625 1388 2687 είς
1436 2625 1531 2694 τὴν
1580 2641 1712 2693 σκη-

165 2717 283 2784 νὴν,
326 2714 414 2768 διὰ
453 2716 505 2768 τί
549 2714 838 2785 περίλυπος
876 2711 944 2783 εἶ,
988 2717 1078 2769 καὶ
1118 2717 1431 2789 κατατρύχῃ
1458 2719 1576 2779 ταῖς
1615 2716 1708 2769 λύ-

165 2822 300 2868 παις
318 2821 332 2867 ;

235 2896 340 2949 Διὰ
363 2895 537 2949 τοῦτο
559 2894 980 2966 μνησθήσομαι
1011 2913 1124 2950 σου
1159 2897 1227 2950 ἐκ
1266 2884 1377 2966 γῆς
1424 2899 1709 2966 Ἰορδάνου

159 2989 260 3042 αα)
305 2987 635 3057 Ἐρμωνιεὶμ
658 2989 772 3042 ἀπὸ
802 2989 976 3059 ὄρους
994 2990 1229 3059 μικροῦ.
1277 2991 1490 3062 Ἐπειδὴ
1523 2992 1710 3064 ἐταρά-

172 3081 310 3150 χθη,
329 3081 512 3148 φησιν,
534 3080 725 3151 ήψυχή
768 3098 888 3152 μου,
910 3083 1316 3154 ἀναμνήσαντός
1353 3101 1451 3153 μου
1483 3083 1710 3154 ἐμαυτὸν

163 3165 272 3219 τῶν
304 3165 410 3217 σῶν
440 3165 770 3234 θαυμασίων,
790 3162 863 3219 ὧν
890 3184 947 3218 τε
989 3169 1128 3221 κατὰ
1157 3170 1247 3224 τὸν
1281 3171 1545 3242 Ἰορδάνην
1580 3175 1709 3242 ἡμῖν

164 3249 478 3322 ﬁeri“,th
503 3273 562 3308 τε
585 3256 724 3309 κατὰ
742 3255 802 3309 τὸ
823 3256 944 3328 ὅρος
957 3259 1016 3310 τὸ
1047 3258 1309 3330 ’Λερμὼν,
1325 3262 1710 3331 παραμυθήσο-

165 3366 265 3416 μαι
301 3348 554 3418 ἐμαυτόν.
589 3347 659 3400 Ἦ
700 3347 867 3412 οὕτως
889 3367 903 3380 ·
950 3350 1268 3421 Γενόμενος,
1316 3353 1474 3423 φησὶν
1498 3394 1511 3417 ,
1548 3355 1604 3405 ὲν
1636 3353 1711 3424 τῷ

177 3440 434 3513 Ἰορδάνῃ,
464 3440 734 3493 τουτέστιν
764 3441 1008 3508 ἀξιωθεὶς
1027 3443 1115 3496 τοῦ
1138 3445 1288 3512 ἁγίου
1323 3445 1708 3516 βαπτίσματος,

161 3531 225 3583 τὺ
245 3531 546 3601 τηνικαῦτά
578 3547 668 3584 σου
706 3532 1076 3603 μνησθήσομαι
1106 3535 1193 3587 διὰ
1222 3536 1314 3589 τοῦ
1350 3538 1586 3607 ῥήματος
1610 3537 1706 3606 τῆς

161 3622 468 3690 ὁμολογίας.
530 3622 919 3693 Μνησθήσομαι
963 3623 1019 3676 δὲ
1069 3624 1165 3677 καὶ
1208 3627 1303 3679 τοῦ
1362 3628 1708 3697 Ἐρμωνιείμ.

173 3713 507 3784 Ἐρμωνιεὶμ
523 3712 580 3764 δὲ
603 3713 954 3784 ἑρμηνεύεται
983 3713 1120 3781 ὁδὸς
1134 3716 1382 3784 λύχνου,
1427 3717 1500 3779 ὼς
1529 3717 1620 3769 τοῦ
1653 3719 1712 3770 ἁ-

160 3805 280 3873 γίου
309 3804 681 3874 βαπτίσματος
705 3804 819 3857 ὁδὸν
842 3805 1018 3868 αὐτοῖς
1043 3805 1345 3874 ἀνοίγοντος
1375 3807 1672 3876 φωτισμοῦ.

255 3897 536 3961 Λσυσσος
557 3896 828 3951 ἄϐυσσον
852 3897 1210 3951 ἐπικαλεῖται
1246 3901 1332 3963 εὶς
1367 3898 1572 3967 φωνὴν
1599 3899 1712 3952 τῶν

159 3987 543 4056 καταραχτῶν
580 3988 967 4060 σουξἙτέρων
993 3989 1148 4042 πάλιν
1191 3989 1497 4060 θαυμασίων
1521 3993 1713 4061 ἀναμι-

163 4083 499 4150 μνήσκουσιν
533 4078 776 4142 ἑαυτούς.
813 4081 939 4133 Ὅτε
967 4081 1074 4151 γὰρ
1099 4080 1376 4149 ἀλλόφυλοι
1409 4084 1712 4154 κατεστρά-

160 4190 363 4226 τευσαν
391 4171 589 4235 αὐτῶν,
619 4171 910 4241 γενομένης
939 4171 1076 4241 ὑπὲρ
1110 4172 1287 4224 αὐτῶν
1331 4173 1517 4236 θυσίας
1565 4175 1712 4245 παρὰ

160 4264 256 4316 τοῦ
295 4262 569 4333 Σαμουὴλ,
624 4262 922 4333 κατηνέχθη
979 4263 1116 4316 κατὰ
1157 4264 1263 4318 τῶν
1297 4265 1562 4336 πολεμίων
1617 4268 1710 4336 χά-

160 4356 300 4420 λαζα
331 4355 592 4425 τοσαύτη,
625 4356 698 4418 ὡς
725 4355 846 4418 τοὺς
877 4355 1100 4426 ἐχθροὺς
1122 4357 1302 4425 σχεδὸν
1328 4359 1587 4422 ἅπαντας,
1623 4361 1711 4411 ού-

160 4447 310 4510 ὃενὺς
343 4448 525 4510 αὐτοῖς
554 4445 848 4516 ἀνθρώπων
897 4447 1218 4517 μαχομένου,
1273 4453 1474 4502 πεσεῖν.
1513 4448 1709 4502 Ἀϐυσ-
1738 4485 1790 4542 D

165 4557 256 4591 σον
281 4537 463 4592 τοίνυν
501 4539 588 4590 ἐπ’
617 4536 834 4606 ἀϐύσσῳ
862 4538 1154 4608 τρέχουσαν
1191 4539 1340 4592 καλεῖ
1363 4541 1458 4612 τὴν
1492 4542 1585 4611 τῆς
1619 4560 1712 4612 χα-

160 4631 331 4701 λάζης
351 4630 540 4701 φοράν.
576 4630 648 4683 Τὸ
678 4629 752 4692 δὲ,
787 4629 1148 4684 ἐπικαλεῖται
1169 4673 1182 4694 ,
1226 4633 1344 4684 ἀντὶ
1387 4633 1498 4696 τοῦ,
1538 4634 1710 4701 ἐγκα-

161 4722 377 4775 λεῖται.
407 4721 585 4773 Φωναὶ
614 4720 669 4772 δὲ
701 4720 808 4792 τῶν
845 4721 1198 4793 καταρακτῶν
1232 4725 1286 4775 αἱ
1318 4723 1424 4774 τῶν
1466 4724 1710 4794 χαλαζῶν

161 4815 328 4881 φοραὶ
353 4812 592 4882 νοηθεῖεν
617 4812 698 4866 ἄν.
745 4811 997 4882 Ἀλλαχοῦ
1029 4813 1084 4864 δὲ
1113 4815 1481 4885 καταρράκται
1519 4817 1566 4867 oi
1616 4816 1708 4869 τοῦ

160 4904 296 4956 Θεοῦ
314 4901 614 4973 προφῆται.
636 4901 858 4968 Πάντες
881 4908 933 4957 οὶ
957 4908 1343 4973 μετεωρισμοί
1379 4922 1492 4960 σου
1520 4909 1615 4962 καὶ
1644 4911 1712 4964 τὰ

161 4993 400 5062 κύματά
435 5009 550 5047 σου
577 4994 667 5046 ἐπ’
700 4994 802 5062 ἐμὲ
830 4994 1092 5061 διῆλθον.
1112 4997 1324 5066 Ἐτέρου
1348 4998 1506 5051 πάλιν
1526 5000 1713 5052 ἑαυτὸν

162 5082 568 5154 ἀναμιμνήσκει
614 5083 901 5151 θαύματος.
933 5086 1149 5154 Διῆλθον
1189 5085 1294 5156 γὰρ
1325 5087 1410 5141 διὰ
1447 5087 1713 5160 θαλάσσης

234 5368 344 5436 (Η)
386 5369 486 5420 Ὃν
529 5368 781 5435 τρόπον,
826 5383 877 5418 κ.
905 5383 954 5418 τ.
987 5365 1036 5418 λ.
1097 5362 1232 5419 Huic
1281 5365 1454 5419 versui
1499 5367 1550 5419 in
1591 5368 1711 5421 eod.

159 5439 419 5491 Ambros.
461 5437 738 5505 sequentis
766 5436 1385 5505 interpretatioaptatur,
1424 5452 1545 5488 cum
1578 5454 1714 5503 qua—

159 5509 286 5560 dam
327 5504 691 5574 discrepantia
743 5507 845 5559 sic:
882 5505 1166 5573 Πρόσωπον
1197 5504 1290 5557 τοῦ
1319 5505 1450 5558 Θεοῦ
1494 5508 1520 5558 ὁ
1564 5506 1716 5574 λόγος

161 5578 421 5646 σημαίνει
449 5577 510 5630 τὸ
536 5576 655 5628 λίαν
688 5575 970 5646 ἐπιθυμεῖν
1003 5576 1192 5646 αὐτοὺς
1233 5578 1314 5646 εἰς
1361 5578 1542 5646 καιρὸν
1590 5579 1715 5645 ὰφι-

159 5645 355 5700 αιέσθαι
383 5689 398 5710 ,
433 5647 549 5702 καθ’
588 5647 646 5698 ὃν
686 5646 783 5698 καὶ
812 5645 984 5697 αὐτῶν
1016 5645 1161 5697 ἔσται
1197 5645 1380 5714 κλῆσις
1407 5663 1418 5674 ·
1454 5645 1591 5698 ὥστε
1630 5647 1716 5699 καὶ

162 5719 354 5782 αὐτοὺς
387 5719 642 5788 ἐμφανεῖς
671 5715 923 5784 γενέσθαι
944 5715 1019 5784 τῷ
1053 5716 1322 5784 προσώπῳ
1347 5716 1435 5768 τοῦ
1487 5715 1713 5787 Πατρός,

468 5832 747 5894 Ρριτιιοι.
795 5828 907 5886 (in.
958 5827 1064 5881 XX
1082 5827 1206 5884 Vll.

1813 1864 1993 1919 (antis.
2042 1866 2154 1920 Sibi
2187 1869 2285 1938 ipsi
2327 1873 2649 1938 praenuntiat
2694 1872 2930 1929 futurum
2963 1885 3022 1928 ut
3053 1877 3341 1944 aliquando

1812 1970 1906 2025 per
1934 1955 2202 2012 Christum
2240 1959 2464 2014 salutem
2499 1971 2552 2015 et
2590 1964 2750 2018 vitam
2802 1978 3181 2036 consequatur,
3208 1979 3259 2023 et
3289 1971 3340 2022 in

1811 2047 1990 2102 divina
2019 2049 2138 2104 aula
2173 2068 2278 2106 una
2317 2069 2436 2110 cum
2488 2054 2607 2110 aliis
2643 2057 2843 2111 sanctis
2892 2058 3109 2112 habitet.

1896 2258 1948 2311 6.
1975 2259 2148 2325 Quare
2179 2261 2347 2314 tristis
2375 2278 2450 2328 es,
2485 2263 2662 2314 anima
2690 2279 2823 2326 mea,
2855 2272 2902 2316 et
2942 2279 3100 2332 quare
3132 2274 3343 2316 contur-

1813 2347 1903 2402 bas
1927 2351 2053 2403 me?
2080 2349 2376 2405 Tristitiam
2401 2351 2741 2419 reprehendit
2770 2367 2865 2422 spe
2897 2368 3020 2423 erga
3065 2353 3336 2407 Christum

1811 2440 2071 2494 munitus.
2103 2439 2157 2494 Si
2186 2451 2454 2496 servatum
2485 2450 2586 2504 est,
2611 2442 2802 2509 inquit,
2835 2451 3063 2508 tempus,
3095 2459 3127 2496 ο
3165 2443 3346 2498 anima

1810 2545 1950 2597 mea,
1974 2545 2083 2601 quo
2107 2533 2318 2587 vocatio
2352 2548 2446 2602 per
2476 2534 2632 2587 tidem
2670 2543 2854 2589 nostra
2901 2535 3202 2589 introducet
3241 2550 3340 2589 nos

1811 2637 1933 2678 cum
1962 2622 2157 2678 festum
2195 2626 2476 2695 agentibus
2494 2627 2547 2680 in
2570 2625 2974 2682 tabernaculum
2999 2627 3149 2692 illud,
3178 2643 3344 2698 quare

1810 2716 1980 2773 tristis
2003 2731 2082 2782 es,
2115 2725 2168 2772 et
2191 2731 2287 2771 cur
2312 2716 2494 2772 dolore
2523 2719 2840 2774 maceraris?

1888 2891 1937 2946 7.
1962 2889 2243 2962 Propterea
2272 2911 2463 2949 memor
2511 2911 2596 2949 ero
2646 2897 2724 2948 tui
2753 2895 2815 2949 de
2849 2905 2986 2950 terra
3027 2895 3275 2950 Jordanis
3299 2907 3344 2949 et

1811 2981 2133 3038 Hermoniim
2151 3004 2182 3039 a
2208 3003 2321 3039 mon
2331 2996 2377 3040 te
2392 2990 2610 3043 modico.
2631 2986 3091 3058 Quandoquidem,
3110 2989 3204 3055 ait,
3231 2999 3346 3044 tur-

1810 3071 1934 3127 bata
1953 3083 2036 3129 est
2069 3075 2246 3130 anima
2295 3090 2433 3140 mea,
2478 3076 2603 3130 dum
2651 3077 2782 3130 mihi
2818 3077 2870 3129 in
2912 3078 3225 3132 memoriam
3263 3095 3348 3130 re-

1822 3165 2026 3220 vocabo
2050 3165 2314 3220 mirabilia
2341 3177 2452 3225 tua.
2471 3182 2594 3220 cum
2624 3182 2683 3220 ea
2714 3182 2833 3235 quae
2853 3167 2905 3220 in
2932 3165 3185 3233 Iordane,
3236 3181 3346 3222 tum

1814 3269 1875 3308 ea
1901 3271 2019 3324 qua:
2043 3256 2096 3309 in
2119 3267 2300 3312 monte
2322 3259 2553 3312 Aermon
2585 3260 2863 3313 ostendisti
2910 3259 3085 3326 nobis,
3127 3275 3350 3316 memet-

1816 3341 1991 3416 ips'um
2031 3348 2368 3403 consolabor.
2395 3350 2500 3402 Aut
2522 3350 2623 3403 hoc
2649 3352 2809 3404 modo
2840 3352 3005 3405 :Cunt
3037 3354 3088 3405 in
3122 3353 3352 3408 Jordane

1818 3437 2032 3501 fuerim,
2062 3439 2114 3494 id
2146 3450 2394 3495 estsacro
2416 3439 2668 3510 dignatus
2691 3441 3031 3511 baptismate,
3061 3443 3240 3496 statim
3273 3445 3350 3498 tui

1817 3531 2137 3585 recordabor
2205 3531 2274 3585 ob
2335 3530 2690 3587 confessionis
2763 3531 2944 3586 verba.
3010 3529 3351 3588 Recorbabo:

1817 3637 2029 3690 quoque
2050 3619 2415 3686 Hermoniim;
2455 3621 2784 3676 llermoniim
2835 3635 3012 3678 autem
3057 3626 3351 3694 explicatur

1815 3717 1900 3768 via
1961 3715 2215 3778 lucernae,
2278 3715 2404 3782 quia
2460 3730 2672 3769 sacrum
2721 3716 2978 3784 baptisma
3027 3719 3164 3769 viam
3223 3719 3350 3785 ipsis

1817 3806 1986 3874 aperit
2019 3805 2084 3858 ad
2112 3806 2578 3859 illuminationem.

1891 3897 1944 3951 8.
1986 3897 2212 3967 Abyssus
2243 3897 2486 3966 abyssum
2513 3897 2712 3950 invocat
2738 3898 2791 3948 in
2819 3913 2934 3950 voce
2960 3907 3349 3950 cataractarum

1820 4001 2048 4043 tuarum.
2089 3989 2204 4042 Alia
2235 3990 2415 4043 itidem
2442 3989 2698 4044 miracula
2725 4001 2976 4044 revocant
3019 3990 3070 4044 in
3098 4001 3346 4045 mentem.

1817 4081 1949 4135 Nam
1980 4095 2102 4134 cum
2124 4079 2433 4148 alienigenae
2449 4079 2643 4132 bellum
2673 4089 2946 4133 moverent
2962 4079 3216 4134 adversus
3236 4095 3348 4144 eos,

1818 4188 1939 4226 cum
1970 4187 2159 4226 eorum
2195 4187 2357 4226 causa
2387 4172 2624 4227 oblatum
2658 4187 2684 4225 a
2735 4171 2983 4225 Satnuele
3023 4171 3345 4225 sacriﬁcium

1818 4259 2034 4326 fuisset,
2067 4272 2211 4314 tanta
2238 4261 2470 4315 demissa
2514 4262 2595 4316 vis
2630 4263 2902 4331 grandinis
2922 4273 3021 4328 est,
3065 4273 3120 4317 ut
3148 4263 3347 4316 inimici

1817 4367 1980 4419 prope
2004 4365 2188 4404 omnes
2221 4353 2434 4406 nemine
2455 4362 2724 4421 pugnante
2749 4352 3018 4406 caderent.
3082 4351 3347 4422 Abyssum

1818 4441 1979 4510 igitur
2011 4456 2171 4510 super
2203 4441 2477 4512 abyssum,
2514 4441 2791 4511 grandinis
2843 4442 3230 4495 vehementiam
3271 4444 3352 4494 di-

1814 4532 1905 4588 cit.
1956 4530 2088 4586 Illud
2114 4540 2315 4594 autem,
2351 4533 2553 4584 invocat
2579 4547 2676 4602 pro
2707 4532 2924 4585 advocat
2954 4534 3206 4601 positum.
3242 4531 3341 4584 Vo-

1812 4640 1901 4680 ces
1934 4633 2112 4678 autem
2165 4633 2576 4689 cataractarum,
2615 4625 2892 4694 grandinis
2924 4625 3122 4679 imbres
3151 4625 3351 4678 intelli-

1813 4731 1927 4785 gas.
1968 4715 2114 4768 Alias
2145 4730 2272 4768 vero
2303 4724 2607 4778 cataractas,
2645 4713 2737 4768 Dei
2762 4716 3032 4784 pi'Ophelaa
3071 4715 3351 4771 dicuntur.

1819 4805 2006 4858 Omnia
2031 4805 2232 4857 excelsa
2254 4817 2342 4857 tua
2364 4815 2409 4859 et
2433 4807 2622 4873 ﬂuctus
2649 4807 2887 4874 tuisuper
2911 4823 2987 4859 me
3017 4811 3350 4859 transierunt.

1813 4897 1972 4949 Aliud
2032 4896 2157 4950 item
2189 4898 2503 4951 miraculum
2555 4899 2811 4951 memoria
2851 4898 3056 4968 repetit.
3098 4897 3230 4951 Nam
3261 4914 3355 4966 per

1815 5003 1984 5052 mare,
2030 4987 2324 5041 Pharaonis
2359 4989 2751 5057 improbitatem
2784 4989 3064 5059 fugientes,
3126 4992 3354 5043 transie-

1814 5089 1960 5135 runt.
1992 5079 2058 5135 Et
2083 5082 2418 5143 videbantur,
2451 5083 2544 5145 ait,
2587 5082 2841 5136 fluctuum
2878 5083 3110 5146 excelsa,
3167 5084 3214 5135 id
3275 5091 3356 5135 est

1815 5361 2055 5414 τουτέστι
2083 5359 2159 5428 τῷ
2190 5358 2315 5427 Υίῷ.
2357 5358 2564 5414 Vultum
2597 5359 2691 5411 Dei
2721 5374 2884 5409 sermo
2913 5356 3192 5424 signi/irat,
3221 5354 3354 5422 quod

1817 5433 1856 5485 ii
1879 5431 2155 5483 vehementi
2208 5430 2587 5501 ejustemporis
2639 5428 2875 5501 cupitline
2923 5433 3210 5482 teneantur,
3258 5433 3356 5501 que

1820 5511 2043 5568 tempore
2074 5513 2121 5553 et
2145 5502 2244 5568 ipsi
2277 5498 2701 5568 advocabuntur;
2739 5499 2812 5549 ita
2850 5506 2903 5547 ut
2943 5506 3223 5561 prarsentcs
3245 5498 3350 5542 sint

1820 5567 1973 5639 faciei
1996 5567 2193 5633 Patris,
2212 5569 2265 5621 id
2291 5579 2366 5622 est
2401 5567 2567 5624 Ινίίὶο.

1890 5633 2022 5708 (H')
2055 5639 2115 5693 F.
2142 5638 2503 5710 ὀχυρούμενος
2534 5637 2610 5691 vel
2643 5635 3001 5709 ὠχυρομένος,
3032 5634 3193 5685 Εοιτ.

3045 5811 3078 5866 7
