4086 6308
764 362 869 419 205

1586 344 1639 398 S.
1671 339 2040 397 ATHANASII
2078 335 2228 392 OPP.
2269 333 2447 389 PARS
2484 333 2569 387 lll.
2606 364 2673 375 —
2705 331 3090 389 EXEGETICA

3839 329 3931 385 9.04

763 481 1043 544 elationes,
1072 478 1123 531 in
1149 488 1243 529 eos
1295 468 1439 525 l'erri.
1490 466 1597 522 Sed
1647 464 1780 518 nihil
1837 462 1950 517 laesi
1995 468 2139 523 sunt,
2175 470 2297 511 nam

2409 453 2565 524 μέσον
2595 453 2694 525 τὴν
2734 451 2827 507 τοῦ
2874 449 3071 525 Φαραὼ
3124 449 3411 519 φεύγοντες
3460 448 3781 520 μοχθηρίαν.
3838 446 3937 499 Καὶ

765 588 918 645 aqua:
950 586 1043 626 seu
1075 580 1259 622 murus
1289 561 1580 632 coagulatze
1601 564 1745 612 sunt.

845 833 1106 906 [Abyssus
1133 828 1375 897 abyssum
1404 828 1627 877 invocat.
1663 817 1903 888 Abyssus
1936 814 2113 878 Pater,
2146 810 2306 881 abys-

767 905 858 981 sus
906 925 1093 980 Filius.
1128 920 1369 989 Abyssus
1410 921 1752 986 peccatorum
1806 909 2020 962 invocat
2047 905 2302 975 abyssum

767 1015 1253 1077 commiserationis
1295 1010 1409 1075 Dei,
1444 1017 1540 1062 'ut
1595 1006 1708 1075 ipse
1757 1010 2037 1073 peccatum
2090 997 2306 1068 frangat

766 1117 990 1184 ejusque
1045 1115 1313 1169 auctores,
1380 1101 1613 1168 itemque
1668 1093 2103 1164 corruptionem;
2153 1105 2217 1145 ac
2255 1090 2302 1144 si

763 1179 927 1268 dicat,
961 1199 1165 1254 Mosest
1201 1194 1296 1250 tibi
1329 1200 1405 1257 ut,
1443 1184 1815 1258 peccatoribus
1849 1179 2299 1251 supplicantibus,

764 1295 947 1350 animo
968 1288 1215 1344 nectaris.
1248 1281 1453 1352 Ecquid
1498 1293 1597 1332 nos
1642 1276 1873 1344 despicis
1912 1272 2004 1342 qui
2032 1271 2128 1325 tibi
2174 1285 2300 1339 pro-

762 1384 1067 1442 cumbimus
1084 1380 1142 1452 ἲ]

837 1477 887 1533 9.
914 1474 979 1530 In
1001 1474 1083 1527 die
1107 1468 1373 1526 mandabit
1402 1465 1653 1521 Dominus
1678 1462 2091 1518 misericordiam
2127 1474 2299 1522 suam,

762 1579 808 1622 et
827 1579 972 1621 nocte
994 1566 1254 1619 canticum
1278 1561 1409 1627 eius.
1443 1557 1602 1611 Aliud
1651 1562 1911 1611 memorat
1955 1551 2294 1607 miraculum.

763 1661 1030 1731 Rapsaces
1059 1656 1222 1720 enim,
1250 1668 1373 1709 cum
1396 1649 1785 1720 Jerosolymam
1813 1645 2134 1707 obsedisset,
2195 1644 2300 1696 mi—

2405 544 2618 597 ἐδόκουν
2636 542 2733 613 μέν
2755 544 2802 595 οἱ
2839 541 2945 595 τῶν
2973 538 3227 611 κυμάτων
3257 538 3641 610 μετεωρισμοὶ,
3674 532 3936 589 τουτέστιν

2406 638 2459 690 ai
2496 634 2746 704 ὑψώσεις,
2781 634 2900 686 κατ’
2924 630 3099 686 αὐτῶν
3134 630 3389 701 φέρεσθαι
3412 645 3427 660 ’
3457 627 3571 681 ἀλλ’
3598 626 3819 697 ἠδίκουν
3860 624 3935 676 οὐ·

2404 728 2488 782 δέν
2507 744 2520 758 ⁸
2556 726 2734 796 ἐπάγη
2767 724 2873 795 γὰρ
2896 724 3029 776 ὡσεὶ
3058 726 3231 793 τεῖχος
3254 720 3324 773 τὰ
3352 720 3535 774 ὓδατα.

2473 819 2792 891 [Ἅϐυσσος
2845 817 3116 871 ἄϐυσσον
3176 812 3554 867 ἐπικαλεῖται.
3620 808 3937 871 ’Δὸυσσοςὸ

2404 912 2608 982 Πατὴρ,
2636 909 2867 973 ἄϐυσσος
2891 911 2919 962 ό
2975 908 3119 971 Υἱός.
3148 905 3412 968 ’Δϐυσσος
3440 906 3473 974 ἡ
3525 902 3633 956 τῶν
3667 899 3939 972 ἁμαρτιῶν

2403 1003 2735 1057 ἐπικαλεῖται
2761 1001 2858 1071 τὴν
2874 998 3102 1057 ἄϐυσσον
3129 998 3225 1067 τῆς
3259 996 3651 1065 εὐσπλαγχνίας
3672 992 3767 1046 τοῦ
3794 991 3937 1053 Θεοῦ,

2405 1098 2483 1159 εἰς
2514 1095 2574 1149 τὸ
2602 1093 2933 1165 καταρῤάξαι
2958 1090 3054 1161 τὴν
3086 1090 3353 1162 ἁμαρτίαν
3382 1090 3473 1142 καὶ
3500 1088 3622 1150 τοὺς
3642 1084 3842 1155 ταύτης
3867 1086 3941 1136 αἱ·

2402 1190 2546 1253 τίους
2576 1188 2667 1241 καὶ
2694 1187 2791 1258 τὴν
2808 1185 3027 1257 φθοράν·
3051 1178 3158 1237 οἷον
3176 1184 3256 1235 ὅτι
3278 1180 3438 1245 Ἐθος
3454 1198 3533 1233 σοι
3564 1181 3674 1243 τοῖς
3694 1179 3940 1249 ἀμαρτω-

2403 1282 2509 1344 λοίς
2533 1280 2798 1351 δεομένοις
2820 1297 2910 1333 σου
2936 1275 3389 1347 ἐπικάμπτεσθαι.
3438 1275 3544 1327 Kal
3572 1274 3659 1326 iva
3701 1271 3754 1325 τί
3802 1270 3941 1340 ἡμᾶς

2404 1374 2770 1443 παραϐλέπεις
2804 1368 3237 1443 προσπίπτοντάς
3264 1383 3374 1432 σοις
3397 1365 3415 1437 ]

2485 1466 2722 1535 Ἡμέρας
2748 1462 3066 1516 ἐντελεῖται
3092 1451 3303 1527 Κύριος
3330 1458 3396 1511 τὸ
3427 1458 3595 1521 ἕλεος
3619 1454 3824 1518 αὑτοῦ,
3849 1451 3943 1506 καὶ

2402 1558 2620 1622 νυκτὸς
2652 1555 2772 1624 ᾠδὴ
2799 1555 3004 1609 αὐτοῦ.
3049 1553 3264 1624 Ἐτέρου
3298 1550 3455 1604 πάλιν
3501 1548 3768 1619 μέμνηται
3816 1544 3942 1599 θαύ-

2407 1667 2590 1721 ματος.
2632 1648 2691 1700 ὐ
2723 1648 2829 1719 γάρ
2867 1645 3164 1716 Ῥαψάκης,
3199 1640 3604 1714 περικυκλώσας
3633 1639 3732 1709 τὴν
3762 1638 3945 1708 Ἰερου-

764 1728 991 1804 nabalur
1025 1762 1091 1801 ne
1141 1746 1307 1799 Deum
1347 1741 1562 1811 quidem
1621 1752 1782 1809 posse
1838 1736 2045 1805 eripere
2090 1748 2184 1789 eos
2235 1731 2302 1786 de

2409 1740 2602 1811 σαλὴμ,
2633 1740 2841 1809 ἠπείλει
2878 1738 3009 1809 μηδὲ
3042 1737 3129 1789 τὸν
3155 1735 3283 1787 Θεὸν
3315 1732 3511 1804 ἰσχύειν
3556 1729 3827 1795 ἐξελέσθαι
3849 1728 3944 1781 αὐ-

760 1859 921 1898 manu
955 1840 1299 1911 Assyriorum
1326 1854 1339 1888 :
1367 1843 1424 1888 at
1447 1833 1585 1887 Deus
1615 1831 1765 1886 hisce
1790 1828 1972 1883 verbis
2027 1825 2301 1897 pollicitus

2409 1834 2526 1894 τοὺς
2550 1834 2612 1884 ἐκ
2645 1828 2822 1903 χειρὸς
2863 1825 3155 1899 Ἀσσυρίων
3178 1844 3189 1856 ·
3219 1825 3331 1878 ἀλλ’
3369 1822 3725 1893 ἐπηγγείλατο
3760 1822 3787 1873 ὁ
3818 1818 3944 1880 Θεὸς

757 1944 843 1989 est
868 1953 880 1988 :
919 1932 1197 2000 Protegam
1222 1928 1353 1980 hanc
1381 1925 1555 1979 urbem
1589 1925 1648 1979 “.
1676 1922 1863 1977 Postea
1881 1934 2008 1975 vero
2036 1918 2303 1989 promissa

2409 1924 2605 1991 λέγων·
2655 1919 3024 1990 ’Υπερασπιῶ
3068 1916 3216 1986 ὑπὲρ
3269 1914 3379 1984 τῆς
3428 1915 3655 1978 πόλεως
3706 1912 3942 1975 ταύτης.

760 2026 1067 2096 complens,
1098 2038 1203 2077 una
1252 2029 1411 2075 nocte
1460 2026 1675 2073 centum
1736 2014 2009 2083 octoginta
2062 2011 2303 2081 quinque

2409 2009 2535 2066 Εἶτα
2565 2012 2661 2083 τὴν
2715 2010 3041 2079 ἐπαγγελίαν
3075 2006 3294 2078 πληρῶν
3325 2007 3381 2059 ἐν
3416 2006 3514 2076 μιᾷ
3557 2005 3710 2058 νυκτὶ
3760 2003 3948 2056 ἑκατὸν

2402 2105 2724 2176 ὁγδοήκοντα
2761 2102 2920 2155 πέντε
2969 2100 3209 2171 χιλιάδας
3258 2097 3430 2153 ἀνεῖλε
3468 2096 3573 2150 τῶν
3631 2093 3946 2165 Ἀσσυρίων.

2403 2196 2512 2249 Καὶ
2543 2192 2700 2247 τοῦτό
2756 2193 2935 2245 ἐστιν’
2973 2188 3220 2258 Ἡμέρας
3267 2183 3587 2240 ἐντελεῖται
3639 2183 3855 2249 Κύριος
3884 2180 3950 2232 τὸ

2402 2287 2572 2349 ἕλεος
2600 2281 2801 2340 αὑτοῦ.
2856 2277 3167 2349 Προσευχὴ
3195 2276 3275 2343 τῷ
3317 2274 3436 2341 Θεῷ
3478 2272 3586 2343 τῆς
3638 2270 3786 2341 ζωῆς
3812 2289 3946 2341 μου.

2415 2376 2501 2438 Ὠς
2523 2374 2621 2446 ἤδη
2649 2370 3023 2446 πεπιστευκὼς
3061 2369 3131 2422 τά
3172 2370 3283 2430 τοῖς
3325 2363 3633 2419 πιστεύουσι
3676 2362 3950 2433 πρέποντα

2403 2444 2663 2543 ἀναφέρει
2697 2444 2938 2540 ῥήματα,
2971 2463 3117 2535 αὐτῷ
3154 2462 3250 2535 τὴν
3272 2461 3474 2516 οἰκείαν
3509 2456 3950 2529 ἀναγραφόμενος

2405 2565 2567 2634 ζωήν.

2485 2652 2627 2721 Ἐρῶ
2652 2652 2732 2717 τῷ
2764 2649 2903 2717 Θεῷ,
2938 2647 3327 2716 Ἅντιλήπτωρ
3350 2662 3466 2713 μου
3490 2639 3563 2697 εἳ.
3600 2639 3949 2706 Ἐπαναλαμ-

2404 2744 2553 2798 ϐάνει
2583 2744 2680 2814 τὴν
2707 2739 2982 2811 ἱκετηρίαν
3004 2740 3031 2793 ὁ
3065 2735 3480 2811 μεταγινώσκων
3501 2732 3644 2796 λαὸς,
3663 2732 3755 2785 ἐπὶ
3772 2730 3951 2782 πλεῖον

2405 2833 2795 2905 ἐκκαλούμενος
2829 2834 2905 2895 εἰς
2939 2830 3083 2883 ἔλεον
3109 2830 3199 2881 τὸν
3230 2826 3381 2881 Θεόν.

2574 2927 2878 2981 ΨΑΛΜΟΣ
2907 2921 2985 2988 τῷ
3012 2920 3189 2974 Δαυῒδ
3217 2919 3613 2987 ἀνεπίγραφος
3649 2931 3770 2982 παρ

760 2118 924 2173 millia
953 2114 1297 2185 Assyriorum
1326 2109 1522 2165 occidit
1542 2108 1606 2162 ¹³.
1635 2108 1700 2161 Ει
1739 2105 1843 2159 hoc
1865 2111 1944 2158 est
1978 2101 2121 2171 quod
2138 2100 2299 2154 dicit:

758 2208 822 2262 In
848 2208 931 2261 die
960 2204 1229 2260 mandabit
1251 2201 1511 2258 Dominus
1536 2194 1951 2250 misericordiam
1974 2207 2144 2245 suam.
2173 2188 2305 2245 Ora-

760 2302 831 2353 tio
861 2298 967 2351 Deo
994 2299 1113 2350 vita:
1151 2308 1297 2347 mea.
1330 2289 1526 2360 Utpote
1577 2287 1669 2357 qui
1705 2287 1816 2353 jam
1845 2281 2152 2344 crediderit,
2183 2294 2304 2350 quae

760 2390 1005 2447 ﬁdelibus
1068 2384 1417 2456 congruentia
1476 2381 1639 2436 verba
1696 2386 1824 2433 sunt
1864 2375 2087 2446 profert,
2148 2388 2301 2429 suam

759 2483 923 2540 vitam
954 2480 1266 2537 adscribens
1294 2476 1415 2547 ipsi.

831 2665 916 2718 il.
953 2664 1136 2717 Dicam
1187 2660 1316 2724 Deo,
1350 2657 1627 2726 Susceptor
1676 2672 1818 2709 meus
1851 2670 1923 2707 es.
1953 2652 2187 2722 Populus
2217 2651 2304 2704 ille

760 2756 852 2827 qui
884 2754 1253 2825 paenitentiam
1280 2751 1388 2820 agit
1419 2747 1644 2803 resumit
1692 2743 2161 2815 supplicationem,
2193 2755 2307 2794 ma-

762 2865 843 2921 gis
870 2848 1152 2917 magisque
1190 2843 1354 2897 Deum
1385 2855 1616 2896 evocans
1665 2837 1731 2891 ad
1751 2833 2198 2890 misericordiam.

826 2935 1153 2995 PSALMUS
1176 2935 1273 3003 ipsi
1306 2932 1498 2995 David,
1531 2931 1618 3000 qui
1663 2928 1801 2996 apud
1832 2925 2076 2981 Hebrteos
2104 2932 2242 2977 caret

1263 3024 1616 3093 inscriptione.
1634 3018 1818 3075 XLII.

840 3124 1029 3177 Iudico
1054 3120 1370 3189 me,Deus,et
1398 3117 1651 3179 discerne,
1681 3123 1784 3169 etc.
1803 3112 1900 3166 Hic
1921 3110 2160 3181 psalmus
2189 3107 2300 3178 (l5)
2328 3150 2375 3211 ϐ

768 3217 1011 3287 ejusdem
1054 3224 1136 3269 est
1183 3221 1343 3281 atque
1394 3207 1639 3276 superior
1666 3202 1987 3274 argumenti.
2029 3199 2303 3255 Accedunt

764 3310 909 3360 enim
934 3306 1126 3359 iterum
1158 3300 1412 3357 Israelita:
1436 3298 1661 3353 salutem
1691 3311 1784 3365 per
1800 3294 2074 3349 Christum
2098 3299 2303 3361 partam

766 3398 1121 3470 postulantes.
1151 3394 1512 3461 Quamobrem
1542 3391 1649 3444 ait:
1677 3387 1871 3440 Emitte
1894 3386 2059 3438 lucem
2092 3392 2303 3435 tuamet

763 3492 1030 3546 ueritatem
1059 3498 1223 3541 tuam.
1258 3484 1521 3539 Futurum
1564 3496 1795 3549 namque
1826 3487 1942 3531 erat
1993 3484 2052 3531 ut
2087 3476 2200 3545 ipse
2250 3474 2304 3526 in

768 3592 1003 3636 montem
1029 3586 1275 3632 sanctum
1311 3575 1431 3627 illos
1452 3572 1760 3637 adduceret,
1789 3569 1839 3624 id
1888 3579 1969 3622 est
2000 3567 2067 3621 ad
2108 3565 2306 3621 caelum

765 3684 821 3726 ct
847 3672 911 3726 ad
946 3683 1209 3740 supernas
1260 3666 1590 3727 mansiones,
1623 3678 1741 3733 quae
1782 3659 2130 3716 tabernacula
2162 3673 2306 3711 nun-

767 3773 959 3833 cupat;
990 3776 1197 3817 necnon
1230 3758 1297 3812 ad
1319 3757 1597 3828 spirituale
1627 3756 1794 3809 altare
1820 3772 1832 3807 :
1890 3753 2126 3806 futurum
2180 3750 2307 3804 item

765 3865 879 3909 erat
918 3864 975 3908 ut
998 3855 1109 3922 ipse
1131 3850 1423 3905 lzetiﬁcaret
1454 3863 1641 3904 eorum
1694 3847 2051 3917 juventutem.
2109 3840 2311 3897 Juven-

770 3956 935 4000 tutem
970 3956 1148 3997 autem
1182 3951 1335 3997 vocat
1363 3942 1600 3995 laetitiam
1634 3946 1830 4008 quaeet
1856 3945 2076 3991 renovat
2117 3950 2307 3989 eorum

769 4049 1022 4089 animam.
1053 4031 1230 4099 Quare
1255 4032 1310 4085 in
1374 4030 1579 4085 cithara
1622 4029 1943 4099 pollicentur
1976 4042 2035 4082 se
2082 4026 2157 4079 illi
2184 4040 2311 4079 con-

768 4124 1055 4181 fessionem
1096 4123 1391 4177 oblaturos.
1452 4119 1603 4188 S.epe
1649 4128 1827 4173 autem
1864 4116 2176 4171 monuimus
2228 4114 2307 4169 ci-

770 4220 935 4273 thara:
976 4218 1196 4272 nomine
1223 4230 1421 4283 corpus
1448 4227 1570 4266 esse
1603 4210 2031 4279 intelligendum.

945 4309 1010 4363 In
1062 4309 1217 4378 ﬁnem
1264 4306 1388 4375 ﬁliis
1439 4303 1569 4359 Core
1616 4304 1683 4355 ad
1711 4301 2131 4371 intelligentiam.

1254 4392 1587 4451 I’SALMUS
1613 4391 1833 4446 XLIII.

1347 4486 1742 4555 Argumentum.

796 4583 895 4637 ilic
922 4594 1138 4650 quoque
1191 4578 1430 4647 psalmus
1476 4575 1650 4629 eidem
1712 4578 2028 4641 argumento
2077 4570 2306 4635 insistit;

836 4682 1022 4743 estque
1039 4670 1343 4731 hominum,
1372 4666 1463 4738 qui
1486 4666 1708 4735 antiqua
1730 4662 1989 4719 beneﬁcia
2007 4669 2309 4723 recensent,

844 4774 899 4820 et
930 4761 1133 4817 assumi
1155 4758 1452 4831 postulant,
1483 4756 1609 4825 quia
1636 4757 1811 4825 ipsum
1839 4754 2125 4808 Dominum
2158 4768 2308 4821 spem

858 4855 962 4911 sibi
1014 4853 1402 4923 ascripserunt,
1439 4857 1491 4903 et
1520 4849 1571 4901 in
1593 4847 1810 4902 nomine
1835 4847 1950 4916 ejus
1968 4846 2311 4901 conﬁtentur.

846 4948 1139 5002 Humiliata
1197 4957 1271 4999 est
1310 4946 1364 4998 in
1391 4943 1593 5013 pulvere
1639 4943 1815 4995 anima
1871 4949 2073 4995 nostra.
2127 4940 2204 4997 lta
2239 4941 2318 4996 lo-

775 5049 1037 5113 quuntur,
1061 5038 1155 5109 qui
1196 5036 1400 5106 depulsi
1444 5051 1470 5088 a
1504 5049 1666 5088 sensu
1710 5047 1899 5087 eorum
1940 5048 2061 5101 quae
2112 5033 2316 5089 Christi

778 5143 925 5199 sunt,
960 5133 1015 5187 in
1038 5146 1253 5186 sensum
1287 5127 1557 5183 carnalem
1592 5131 1718 5179 sunt
1747 5121 1999 5194 delapsi.]

846 5226 1001 5285 Deus,
1023 5221 1238 5276 auribus
1270 5219 1463 5273 nostris
1487 5217 1798 5270 audivimus.

850 5316 929 5368 ιυ.
965 5311 1121 5366 Nunc
1164 5318 1336 5361 autem
1370 5302 1628 5374 repulisti,
1672 5311 1722 5355 et
1778 5304 2061 5370 confudisti
2112 5320 2221 5356 nos.
2254 5302 2321 5355 Et

781 5423 884 5459 non
905 5404 1201 5475 egredieris,
1235 5400 1392 5464 Deus,
1426 5400 1480 5452 in
1502 5396 1779 5450 uirtutibus
1813 5395 2209 5461 nostris.0lim,
2242 5397 2324 5449 in-

781 5499 919 5569 quit,
962 5511 1068 5550 una
1118 5495 1397 5549 nobiscum
1440 5490 1737 5559 pugnabas.
1789 5485 1941 5541 Nunc
1989 5496 2163 5540 autem
2218 5503 2320 5541 non

856 5635 896 5665 ⁸³
924 5629 988 5685 IV
1017 5630 1146 5699 Reg.
1179 5645 1288 5693 xu,
1317 5626 1402 5682 55.
1482 5625 1524 5656 ³³
1567 5624 1691 5679 ibid.
1727 5622 1813 5677 55.

858 5766 966 5839 (l5)
990 5765 1088 5822 Est
1113 5766 1396 5835 explicatio
1413 5760 1767 5819 brevistotius
1788 5758 1977 5829 psalmi
2002 5756 2195 5813 Iudico
2220 5774 2319 5815 me.

2944 3015 3247 3080 Ἑϐραίοις.
3281 3012 3415 3063 MB'.

2474 3111 2690 3182 Κρῖνόν
2719 3125 2815 3179 με,
2872 3108 2905 3162 ό
2942 3106 3103 3171 Θεὸς,
3143 3104 3240 3158 καὶ
3300 3101 3569 3155 δίκασον.
3623 3098 3734 3167 Τὴν
3786 3095 3954 3164 αὐτὴν

2406 3205 2655 3262 ὑπόθεσιν
2685 3202 2759 3273 τῷ
2793 3199 2963 3254 ὀπίσω
2995 3199 3086 3252 καὶ
3115 3198 3144 3251 δ
3173 3193 3357 3267 παρὼν
3389 3193 3498 3263 ἔχει
3525 3188 3732 3261 ψαλμός
3783 3187 3955 3257 Προσ·

2405 3302 2652 3371 έρχονται
2683 3293 2791 3366 γὰρ
2834 3291 2992 3345 πάλιν
3023 3291 3072 3344 οἱ
3120 3288 3179 3353 ἐξ
3221 3286 3433 3357 Ἰσραὴλ
3457 3285 3552 3354 τὴν
3582 3282 3668 3335 διὰ
3717 3277 3953 3350 Χριστοῦ

2408 3388 2677 3459 σωτηρίαν
2714 3382 3099 3453 ἐξαιτούμενοι.
3127 3377 3217 3431 Διό
3259 3391 3455 3447 φησιν·
3501 3372 3958 3435 Ἑξαπόστειλον

2405 3479 2470 3532 τὸ
2494 3458 2616 3547 φῶς
2644 3492 2758 3530 σου
2786 3475 2882 3528 καὶ
2907 3472 3021 3541 τὴν
3048 3467 3335 3539 ἀλήθειάν
3366 3482 3499 3520 σου.
3528 3460 3693 3524 Αὐτὸς
3723 3459 3834 3529 γὰρ
3857 3458 3954 3511 αὐ-

2405 3570 2528 3634 τοὺς
2547 3570 2636 3623 καὶ
2652 3569 2728 3630 είς
2760 3566 2819 3619 τὸ
2844 3565 2990 3632 ἆγιον
3005 3563 3127 3634 ὅρος
3177 3560 3412 3629 εἰσάγειν
3440 3555 3652 3628 ἔμελλε,
3676 3552 3955 3606 τουτέστιν

2408 3665 2486 3727 είς
2510 3662 2599 3715 τὸν
2631 3658 2856 3731 οὐρανὸν
2890 3658 2979 3711 καὶ
3010 3656 3088 3718 εἰς
3135 3652 3233 3716 τὰς
3278 3651 3387 3705 ἀνω
3418 3648 3602 3721 μονάς,
3638 3647 3815 3714 ἇσπερ
3864 3644 3959 3696 καὶ

2410 3753 2735 3824 σκηνώματα
2750 3748 2999 3821 ὀνομάζει
3018 3764 3032 3778 ο
3058 3746 3149 3800 καὶ
3175 3745 3255 3807 είς
3274 3743 3335 3797 τὸ
3355 3742 3539 3812 νοητὸν
3556 3740 3953 3808 θυσιαστήριον

2410 3844 2503 3897 καὶ
2534 3841 2692 3904 αὐτὸς
2738 3838 2913 3892 αὐτῶν
2946 3835 3164 3907 ἔμελλεν
3211 3833 3516 3905 εὐφραίνειν
3550 3829 3644 3899 τὴν
3702 3827 3953 3895 νεότητα.

2410 3936 2651 4004 Νεότητα
2675 3932 2730 3985 δέ
2764 3930 2915 3984 καλεῖ
2937 3929 3031 3999 τὴν
3062 3925 3415 4000 εὐφροσύνην,
3448 3924 3546 3994 τὴν
3579 3922 3670 3975 καὶ
3698 3921 3956 3973 ἀνανεου-

2414 4026 2577 4099 μένην
2629 4023 2803 4077 αὐτῶν
2836 4023 2932 4092 τὴν
2972 4020 3166 4091 ψυχήν.
3214 4018 3303 4070 Διὸ
3342 4016 3432 4068 καὶ
3500 4016 3555 4065 ἐν
3593 4011 3791 4082 κιθάρᾳ
3857 4010 3959 4062 ὐπ-

2413 4116 2712 4188 ισχνοῦνται
2740 4113 2884 4184 αὐτῷ
2899 4111 3221 4183 προσφέρειν
3246 4108 3341 4179 τὴν
3369 4105 3763 4177 ἐξομολόγησιν.
3790 4100 3961 4154 ma-

2414 4225 2509 4280 ραν
2532 4208 2587 4259 δὲ
2613 4204 2870 4266 πολλάκις
2903 4201 2963 4255 τὸ
2990 4202 3148 4270 σῶμα
3174 4202 3313 4252 νοεῖν
3345 4196 3675 4267 ἐδιδάξαμεν.

2520 4299 2618 4363 Εἰς
2648 4295 2713 4349 τὸ
2738 4293 2909 4360 τέλος
2936 4292 3059 4358 τοῖς
3090 4291 3238 4356 υἱοῖς
3277 4290 3425 4357 Κορὲ
3465 4292 3550 4355 είς
3578 4287 3853 4340 σύνεσιν.

2940 4386 3257 4440 ΨΑΛΜΟΣ
3305 4384 3443 4437 Ml".

3030 4477 3349 4541 Ὺπόθεσις.

2420 4574 2552 4645 [Καὶ
2580 4571 2659 4625 ἔτι
2690 4564 2840 4635 οὗτος
2852 4587 2949 4641 της
2977 4568 3146 4639 αὐτῆς
3167 4566 3469 4630 ὑποθέσεως
3496 4564 3704 4635 ἔχεται·
3738 4561 3838 4625 τὰς
3866 4578 3963 4615 πα-

2491 4664 2645 4728 λαιὰς
2680 4663 2989 4737 εὐεργεσίας
3020 4659 3383 4731 διηγουμένων
3402 4698 3416 4723 ,
3439 4658 3530 4711 καὶ
3561 4653 3967 4728 προσληφθῆναι

2488 4755 2776 4823 ἀξιούντων
2809 4754 2894 4808 διὰ
2923 4753 3014 4807 τοῦ
3043 4752 3200 4807 αὐτὸν
3222 4748 3609 4822 ἐπιγράφεσθαι
3632 4747 3729 4817 τὴν
3757 4746 3965 4805 ἐλπίδα,

2493 4848 2583 4901 καὶ
2606 4847 2695 4900 ἐπὶ
2719 4846 2795 4915 τῷ
2818 4845 3039 4916 ὀνόματι
3062 4843 3223 4897 αὐτοῦ
3255 4838 3703 4913 ἐξομολογεῖσθαι.

2508 4936 2886 5005 Ἑταπεινώθη
2917 4939 3003 5003 είς
3032 4936 3181 5005 χοῦν
3207 4937 3245 5004 ἡ
3270 4934 3439 5004 ψυχὴ
3468 4931 3651 5003 ἡμῶν.
3683 4929 3843 4984 Οὕτω
3873 4946 3969 4997 φα-

2427 5032 2509 5085 σὶν
2554 5030 2759 5100 ἐπειδὴ,
2820 5029 3162 5100 ἀπωσάμενοι
3220 5029 3432 5098 φρονεῖν
3475 5024 3544 5077 τὰ
3597 5018 3862 5093 Χριστοῦ,
3896 5021 3970 5081 εἰς

2424 5124 2675 5193 φρόνημα
2712 5122 2965 5193 σαρκικὺν
2994 5117 3377 5191 κατέστησαν.]

2506 5215 2566 5267 '0
2582 5216 2813 5283 Κύριος,
2830 5215 2898 5268 ἐν
2914 5214 3034 5280 τοῖς
3052 5213 3200 5267 ὠσὶν
3228 5210 3393 5281 ἡμῶν
3413 5210 3777 5278 ἠκούσαμεν.

2499 5305 2647 5359 Νυνὶ
2662 5306 2728 5359 δὲ
2740 5304 2976 5372 ἀπώσω,
2999 5304 3096 5360 καὶ
3124 5303 3508 5371 κατῄσχυνας
3526 5297 3701 5367 ἡμᾶς.
3739 5297 3849 5352 Καὶ
3869 5297 3972 5349 οὐκ

2428 5401 2736 5467 ἐξελεύσῃ.
2756 5399 2914 5463 Θεὸς,
2932 5395 3464 5465 ὲνταῖςδυνάμεσιν
3474 5390 3654 5461 ἡμῶν.
3672 5391 3869 5449 Πάλαι,
3888 5404 3974 5455 φη-

2432 5494 2532 5559 σὶν,
2553 5491 2993 5563 συνεστρατήγεις
3013 5491 3160 5561 ἡμῖν·
3174 5488 3334 5545 νῦνδὲ
3352 5487 3411 5541 οὐ
3429 5485 3585 5558 μόνον
3604 5483 3666 5538 οὐ
3681 5478 3975 5550 συνεξέρχῃ
