4102 6312
776 327 879 379 207

1585 321 1638 374 S.
1677 321 2038 374 ATHANASII
2081 321 2227 376 OPI’.
2267 323 2444 378 PARS
2487 325 2574 378 lll.
2625 353 2683 363 —
2723 322 3130 379 EXEGETICA.

3861 326 3957 380 208

777 444 1158 512 turnajudicis
1210 439 1491 495 tolerantia
1540 441 1852 496 audaciores
1901 442 2095 506 ell‘ecti,
2144 444 2352 514 magis,

2429 443 2714 507 ποιοῦντες,
2745 446 2810 512 τῇ
2837 443 2927 494 τοῦ
2964 440 3148 512 κριτοῦ
3193 442 3536 514 μακροθυμίᾳ
3578 441 3958 513 θαρρήσαντες,

778 535 1054 604 magisque
1098 532 1432 601 iniquitatem
1484 541 1733 600 augeant.
1789 530 2000 601 Rogant
2036 533 2087 585 id
2135 537 2320 603 gratia

777 625 880 680 sibi
907 624 1195 687 tribuatur,
1227 630 1284 675 ut
1329 621 1577 674 adveniat
1624 620 1873 674 Christus
1926 623 1977 674 in
2012 622 2323 676 novissimis

779 716 1131 785 temporibus,
1162 730 1230 768 ne
1259 715 1378 767 vitae
1411 714 1529 783 ejus
1550 714 1659 768 sint
1677 722 1941 782 expertes.

859 890 950 944 25.
984 888 1208 941 Adha'sit
1239 887 1294 940 in
1329 897 1468 940 terra
1523 896 1694 939 venter
1720 894 1913 939 noster.
1945 883 2069 939 llaec
2113 894 2320 948 utcunt,

781 982 998 1051 quando
1019 997 1049 1034 a
1067 995 1231 1034 sensu
1257 988 1312 1034 et
1337 979 1660 1048 cogitatione
1689 993 1876 1031 eorum
1901 993 2020 1046 qua:
2045 975 2322 1030 Christum

780 1080 1025 1138 spectant
1072 1071 1267 1134 aversi,
1319 1070 1371 1121 in
1412 1068 1682 1122 carnalem
1717 1082 1936 1122 sensum
1984 1067 2320 1121 deciderunt.

853 1163 939 1216 '26.
974 1161 1232 1231 Exsurge,
1265 1161 1503 1223 Domine,
1558 1160 1749 1228 adjuva
1793 1176 1905 1212 nos.
1951 1158 2321 1223 Patrocinare,

782 1255 973 1323 inquit,
1027 1254 1218 1317 nobis,
1267 1262 1318 1306 et
1376 1253 1441 1305 da
1490 1267 1670 1304 veram
1723 1250 1880 1305 ﬁdem
1949 1250 2324 1321 profitentibus

781 1357 988 1412 tempus
1037 1343 1102 1395 ad
1153 1355 1578 1396 convcrsronem.

782 1516 829 1568 l.
868 1514 934 1569 In
962 1515 1114 1583 ﬁnem
1141 1531 1232 1583 pro
1261 1516 1324 1567 iis
1374 1516 1460 1582 qui
1497 1513 1954 1567 committebantur
2003 1514 2130 1581 ﬁliis
2173 1514 2322 1578 Core,

880 1606 948 1660 ad
976 1607 1293 1660 intellectum
1321 1607 1578 1660 canticum
1631 1624 1723 1674 pro
1772 1607 1987 1660 Dilecto.
2016 1605 2219 1658 XLIV.

1352 1785 1747 1848 Argumentum.

778 1871 1020 1926 Praesens
1046 1869 1312 1926 canticum
1340 1870 1542 1924 Dilecto
1560 1869 1722 1922 David
1745 1867 1917 1928 «dfert,
1935 1865 2139 1921 scilicet
2167 1865 2325 1919 Chri-

870 1975 974 2027 sto,
1008 1964 1101 2032 qui
1126 1963 1434 2018 novissimis
1469 1963 1659 2018 diebus
1701 1962 1923 2015 venitet
1947 1958 2325 2013 commutatio-

861 2071 982 2110 nem
1007 2053 1200 2117 eﬂ‘ecit,
1232 2055 1286 2108 id
1299 2064 1382 2108 est
1410 2053 1814 2108 conversionem
1846 2065 1910 2103 ex
1938 2048 2237 2102 idololatria
2259 2048 2326 2101 ad

860 2164 1043 2203 veram
1085 2147 1423 2215 religionem.
1461 2144 1701 2198 Meminit
1733 2144 1860 2196 item
1888 2142 2120 2194 ﬁliorum
2165 2140 2323 2202 Core,

859 2255 1148 2309 personam
1197 2241 1262 2292 ad
1291 2237 1562 2309 apostolos
1615 2235 1964 2290 transferens.
2001 2233 2122 2288 llaec
2147 2242 2323 2287 autem

863 2330 1045 2384 omnia
1099 2330 1395 2398 intelligere
1451 2345 1550 2383 nos
1591 2335 1822 2396 oportet,
1875 2340 1995 2394 quae
2045 2339 2210 2378 causa
2245 2330 2326 2376 est

869 2422 1033 2490 quod,
1064 2421 1130 2473 ad
1156 2421 1496 2474 intellectum.
1526 2418 1770 2487 psalmus
1806 2415 2148 2470 inscribatur.

858 2611 917 2665 2.
946 2608 1218 2663 Eructavit
1247 2621 1336 2658 cor
1355 2620 1525 2658 meum
1555 2602 1764 2656 verbum
1787 2601 1997 2654 bonum.
2026 2596 2136 2652 Hoc
2169 2594 2325 2649 Pater

777 2703 853 2756 ait
882 2703 946 2756 de
973 2699 1109 2754 Filio
1145 2717 1158 2752 :
1190 2697 1402 2767 genitus
1457 2707 1690 2762 namque
1743 2701 1827 2745 est
1881 2690 2020 2743 Deus
2076 2703 2143 2742 ex
2194 2686 2322 2740 Deo.

779 2794 909 2846 Dico
948 2809 1039 2862 ego
1089 2806 1245 2859 opera
1273 2803 1386 2839 mea
1436 2786 1563 2854 regi.
1602 2783 1880 2847 Quatenus
1907 2796 1998 2833 rex
2020 2788 2103 2833 est
2143 2784 2326 2847 utpote

784 2884 924 2938 Deus
959 2898 1050 2951 per
1081 2878 1504 2933 incarnationem
1543 2873 1827 2942 imperium
1884 2872 2049 2924 inisse
2094 2870 2322 2935 dicitur;

781 2971 860 3024 sic
887 2981 938 3022 et
959 2983 1020 3020 ea
1042 2980 1162 3034 qua:
1188 2963 1502 3017 naturaliter
1536 2962 1684 3015 novit
1713 2968 1894 3029 utpote
1917 2958 2079 3025 Deus,
2109 2974 2172 3012 ea
2197 2960 2325 3012 item

779 3059 1182 3129 dispensatione
1218 3055 1449 3126 quadam
1478 3054 1666 3108 audire
1709 3053 1909 3106 dicitur
1950 3059 2171 3120 propter
2218 3050 2322 3102 hu«

2353 1801 2402 1860 B

2423 536 2512 586 ἐπὶ
2544 534 2721 585 πλεῖον
2754 533 2979 602 ἀνομίας
3016 531 3376 602 προκόψωσιν.
3410 532 3636 599 ΔοΟῆναι
3674 534 3856 595 αὐτοῖς
3886 532 3962 585 εὖ·

2424 641 2602 691 χονται
2646 625 2742 692 τὴν
2791 623 3107 690 ἐπιφάνειαν
3145 622 3237 674 τοῦ
3268 622 3522 691 Χριστοῦ,
3555 622 3649 693 τὴν
3693 625 3783 674 ἐπ’
3814 625 3962 693 ἐσχά-

2422 731 2528 766 των
2560 713 2667 768 τῶν
2695 713 2921 783 καιρῶν,
2956 714 3039 766 ἵνα
3068 714 3141 784 μὴ
3171 715 3266 784 τῆς
3291 714 3415 782 παρ’
3443 713 3601 766 αὐτοῦ
3631 716 3961 784 ἁμοιρήσωσι

2425 803 2589 873 ζωῆς.

2508 896 2833 962 Ἐκολλήθη
2894 898 2979 960 εὶς
3021 896 3171 965 χοῦν
3209 898 3245 963 ἠ
3284 895 3510 966 γαστὴρ
3562 895 3747 965 ἡμῶν.
3787 897 3962 950 Ταῦτά

2426 1001 2606 1052 φασιν,
2642 985 2844 1055 ἐπειδὴ,
2872 988 3217 1054 ἀπωσάμενοι
3245 987 3304 1038 τὸ
3360 990 3574 1059 φρονεῖν
3603 987 3670 1041 τά
3715 989 3961 1058 Χριστοῦ,

2425 1077 2502 1138 εἰς
2535 1075 2783 1145 φρόνημα
2813 1076 3109 1128 κατέπεσον
3137 1077 3410 1146 σαρκικόν.

2509 1166 2772 1227 Ἀνάστα,
2827 1169 3020 1234 Κύριε,
3057 1168 3370 1235 βοήθησον
3412 1169 3575 1237 ἡμῖν.
3635 1172 3963 1236 Ἀντιλαδοῠ,

2427 1257 2611 1326 φησὶν,
2642 1256 2817 1327 ἡμῶν,
2849 1257 2940 1308 καὶ
2973 1257 3110 1310 δίδου
3151 1259 3211 1312 τὸ
3249 1261 3473 1329 εὐμενὲς
3503 1261 3595 1312 καὶ
3636 1262 3824 1333 καιρὸν
3853 1264 3966 1316 ἑπι-

2428 1344 2662 1413 στροςρῆς
2708 1347 2819 1407 τοῖς
2864 1347 2961 1415 τὴν
3017 1347 3095 1409 εἰς
3143 1347 3201 1398 σὲ
3246 1348 3500 1418 ἀληθινὴν
3547 1349 3726 1403 πίστιν
3781 1351 3967 1418 ὁμολο-

2424 1446 2520 1497 γου
2530 1447 2631 1481 σιν.

2426 1522 2532 1585 Είς
2565 1518 2634 1571 τὸ
2676 1519 2850 1586 τέλος
2878 1521 3027 1589 ὑπὲρ
3067 1521 3182 1575 τῶν
3235 1525 3806 1598 ἀλλοιωθησομένων
3857 1531 3969 1596 τοῖς

2493 1609 2643 1676 υἱοῖς
2677 1612 2827 1678 Κορὲ
2848 1614 2932 1678 εἰς
2954 1614 3226 1679 σύνεσιν,
3262 1615 3382 1684 ᾠδὴ
3412 1618 3562 1685 ὑπὲρ
3589 1620 3695 1673 τοῦ
3736 1621 3969 1691 Ἀταπηο

2500 1701 2626 1755 τοῦ.
2659 1703 2794 1754 MA'.

3042 1795 3055 1813 '
3070 1797 3375 1861 Υπόθεσις.

2428 1881 2535 1953 Τὴν
2585 1884 2948 1954 προκειμένην
2980 1885 3120 1957 ᾠδὴν
3176 1887 3456 1959 ἀνατέθησι
3488 1890 3565 1962 τῷ
3609 1893 3904 1965 Ἀγαπητῷ
3948 1900 3973 1950 ό

2499 1974 2680 2039 Δαυῒδ,
2707 1977 2946 2028 τουτέστι
2965 1976 3197 2049 Χριστῷ,
3226 1980 3302 2051 τῷ
3331 1981 3416 2033 ἐπ’
3441 1983 3676 2052 ἐσχάτων
3703 1985 3812 2038 τῶν
3846 1989 3974 2057 ἡμε-

2501 2068 2611 2140 ρῶν
2669 2068 2965 2140 ἐληλυθότι,
3013 2071 3110 2126 καὶ
3153 2072 3250 2143 τὴν
3296 2073 3577 2129 ἀλλοίωσιν
3632 2081 3973 2151 πεποιηκότι,

2494 2159 2758 2224 τουτέστι,
2813 2160 2908 2232 τὴν
2957 2163 3254 2235 μεταϐολὴν
3286 2165 3383 2235 τὴν
3431 2166 3488 2233 ἐξ
3538 2168 3975 2245 εἰδωλολατρείας

2497 2253 2575 2313 εις
2609 2251 2936 2306 Θεοσέϐειαν.
2967 2253 3250 2325 Μέμνηται
3287 2256 3342 2310 δὲ
3369 2259 3462 2312 καὶ
3491 2259 3596 2314 τῶν
3641 2261 3770 2316 υἱῶν
3813 2265 3974 2335 Κορὲ,

2495 2342 2574 2403 εἰς
2619 2343 2743 2404 τοὺς
2796 2343 3122 2406 ἀποστόλους
3172 2345 3504 2417 ἀναπέμπων
3552 2351 3614 2403 τὸ
3666 2353 3974 2424 πρόσωπον.

2497 2429 2680 2484 Ταῦτα
2712 2431 2767 2485 δὲ
2799 2432 2973 2486 πάντα
2997 2437 3291 2502 ἀναγκαῖον
3321 2440 3558 2494 συνιέναι
3583 2443 3748 2510 ἡμᾶς·
3778 2445 3863 2498 διὸ
3891 2446 3977 2498 καὶ

2492 2524 2578 2587 εἰς
2606 2523 2860 2576 σύνεσιν
2888 2525 3305 2598 ἐπιγέγραπται.

2503 2612 2893 2681 Ἐξηρεύξατο
2915 2617 2953 2683 ἡ
2979 2617 3191 2684 καρδία
3208 2636 3326 2687 μου
3345 2622 3530 2690 λόγον
3547 2623 3787 2693 ἀγαθόν.
3814 2626 3981 2680 Τοῦτό

2425 2720 2585 2773 φησιν
2612 2705 2640 2755 ό
2668 2704 2855 2776 Πατὴρ
2889 2707 3121 2778 περὶτοῦ
3149 2709 3299 2762 Υἱοῦο
3318 2712 3602 2782 γεγένηται
3629 2716 3737 2786 γάρ
3759 2717 3896 2782 Θεὸς
3923 2721 3982 2771 ὲκ

2425 2793 2578 2848 Θεοῦ.
2596 2795 2756 2864 Λέγω
2780 2797 2892 2867 ἐγὼ
2911 2798 2983 2851 τὰ
2998 2801 3140 2869 ἔργα
3154 2818 3272 2870 μου
3299 2802 3378 2868 τῷ
3397 2803 3882 2879 βασιλεῖ.Ὢσπερ
3897 2809 3979 2879 βα-

2427 2887 2604 2950 σιλεὺς
2623 2889 2880 2961 ὑπάρχων
2902 2890 2975 2955 ὡς
2999 2893 3129 2954 Θεὸς
3157 2895 3235 2956 εις
3262 2892 3533 2961 βασιλείας
3561 2898 3732 2969 ἀρχὴν
3760 2898 3981 2970 λέγεται

2427 2977 2679 3046 ἔρχεσθαι
2705 2979 2793 3031 διά
2822 2979 2881 3031 τὸ
2906 2982 3277 3050 σεσαρκῶσθαι
3305 2985 3463 3038 αὐτόν
3483 3003 3495 3015 ·
3546 2987 3684 3040 οὕτω
3715 2990 3810 3042 καὶ
3840 2992 3983 3062 ἅπερ

2423 3062 2529 3120 οἶδε
2553 3068 2795 3136 φυσικῶς
2809 3069 2882 3132 ὼς
2903 3069 3053 3136 Θεὸς,
3071 3071 3244 3127 ταῦτα
3259 3074 3416 3130 πάλιν
3433 3076 3648 3129 ἀκούειν
3662 3077 3885 3146 λέγεται
3903 3081 3988 3134 διὰ

779 3152 1113 3205 manitatem.
1146 3147 1350 3217 Lingua
1385 3161 1496 3198 mea
1557 3143 1793 3196 calamus
1851 3141 2037 3196 scriba:
2083 3140 2326 3195 velociter

2431 3159 2492 3211 τὸ
2519 3159 2851 3231 ἀνθρώπινον
2889 3164 3258 3234 οἰκονομικῶς.
3323 3166 3385 3221 Ἠ
3438 3165 3688 3236 γλῶσσὰ
3889 3171 3988 3224 κά-

777 3238 1071 3292 scribentis.
1097 3236 1267 3302 Quem
1307 3234 1443 3288 dixit
1467 3231 1976 3296 verbum,eumdem
2008 3240 2062 3285 et
2083 3231 2322 3301 linguam

777 3337 935 3384 vocat
964 3342 1138 3383 suam.
1173 3325 1426 3378 Calamus
1452 3337 1610 3393 porro
1637 3322 1824 3377 scriba:
1881 3320 2136 3374 velociter
2182 3319 2320 3373 scri-

777 3419 956 3476 bentis
986 3426 1229 3477 vocatur,
1250 3415 1374 3484 quia
1399 3410 1658 3482 quidquid
1688 3410 1817 3463 dicit
1846 3424 1909 3463 ac
1946 3409 2100 3478 jubet
2142 3408 2323 3462 statim

778 3511 1026 3572 emcitur,
1052 3519 1109 3560 ut
1137 3507 1302 3560 illud:
1359 3503 1509 3567 Volo,
1559 3500 1833 3562 mundare,
1871 3509 1918 3553 et
1952 3499 2131 3552 statim
2170 3515 2323 3550 sana-

782 3613 862 3653 tus
895 3611 971 3654 est
1015 3599 1093 3651 ¹⁵;
1130 3605 1216 3659 ct,
1240 3595 1570 3656 Adolescens,
1616 3593 1706 3645 tibi
1729 3591 1878 3655 dico,
1922 3606 2102 3660 surge;
2135 3599 2181 3643 et
2216 3599 2324 3642 sta-

781 3696 875 3744 tim
901 3690 1130 3744 surrexit
1164 3687 1225 3740 ¹⁶.
1252 3684 1366 3740 lmo
1382 3686 1543 3739 etiam
1571 3684 1734 3738 illud:
1793 3681 2014 3736 Verbum
2047 3680 2318 3734 abbrevia-

783 3795 889 3834 tum
917 3782 1071 3850 faciet
1105 3779 1241 3832 Deus
1265 3779 1319 3830 in
1349 3785 1454 3829 toto
1496 3776 1615 3829 orbe
1646 3775 1711 3814 "-

868 3958 920 4009 5.
961 3955 1232 4024 Speciosus
1264 3951 1432 4020 forma
1463 3964 1572 4016 prce
1599 3945 1725 4013 ﬁliis
1777 3945 2062 3998 hominum.
2093 3943 2325 4013 Compa-

783 4055 1045 4109 rationem
1083 4051 1211 4105 boni
1240 4047 1475 4117 Spiritus
1498 4045 1682 4099 videre
1702 4052 1786 4098 est
1819 4058 1884 4097 ex
1915 4042 1980 4095 iis
2017 4058 2136 4111 quae
2161 4040 2326 4096 Joan-

785 4162 878 4201 nes
908 4145 1111 4214 inquit:
1140 4141 1247 4195 Lea:
1269 4158 1360 4210 per
1399 4140 1580 4193 Mosen
1625 4138 1758 4190 data
1781 4144 1878 4198 est,
1918 4135 2094 4204 gratia
2151 4144 2326 4188 autem

779 4244 829 4288 et
858 4234 1046 4287 veritas
1080 4247 1169 4299 per
1187 4229 1372 4284 Jesum
1407 4227 1672 4281 Christum
1687 4227 1832 4294 facta
1862 4233 1938 4278 est
1963 4224 2026 4276 ".
2056 4223 2328 4277 Praestans

781 4329 926 4381 enim
982 4338 1197 4394 quoque
1235 4320 1400 4375 Mosis
1423 4319 1682 4381 calamus,
1741 4316 1834 4386 qui
1865 4316 2033 4385 legem
2064 4313 2220 4368 nobis
2274 4313 2328 4366 in

781 4419 1128 4490 paedagogum
1187 4411 1495 4482 descripsit,
1549 4410 1770 4463 sednon
1823 4407 1944 4460 talis
1985 4407 2076 4476 qui
2110 4405 2328 4459 nomina

2429 3253 2617 3318 λαμος
2649 3255 3025 3321 γραμματέως
3063 3254 3417 3324 ὀξυπφάφου.
3457 3259 3553 3312 Ὃν
3591 3261 3776 3331 εἴρηκε
3807 3261 3990 3331 λόγον,

2429 3339 2612 3393 τοῦτον
2660 3343 2752 3394 καὶ
2779 3342 3024 3410 γλῶσσαν
3077 3345 3239 3398 αὑτοῦ
3291 3347 3571 3402 ἀποκαλεῖ.
3625 3352 3893 3422 Κάλαμος
3937 3352 3992 3406 ἃ

2429 3431 2796 3502 γραμματέως
2821 3431 3124 3503 ὀξυγράφου
3158 3434 3484 3504 ὠνόμασται,
3516 3437 3601 3492 διά
3628 3439 3688 3492 τὸ
3727 3439 3914 3509 λέγειν
3940 3460 3993 3496 τι

2429 3522 2522 3575 καὶ
2550 3522 2744 3586 εὐθέως
2785 3523 3058 3591 γίνεσθαι,
3097 3526 3170 3590 ὡς
3209 3527 3270 3579 τό
3293 3543 3308 3557 ⁸
3361 3530 3538 3593 Θέλω,
3571 3533 3992 3601 καθαρίσθητι·

2429 3615 2526 3668 καὶ
2556 3613 2772 3680 εὐθέως
2800 3614 3190 3684 ἐκαθαρίσθη·
3217 3619 3329 3681 καὶ,
3346 3621 3657 3688 Νεανίσκε,
3679 3624 3782 3677 σοι
3807 3624 3992 3696 λέγω,

2429 3704 2694 3774 ἐγέρθητι
2718 3719 2732 3734 ·
2766 3705 2864 3757 καὶ
2903 3707 3116 3771 εὐθέως
3163 3707 3406 3778 ἀνέστη.
3447 3711 3521 3765 Οὐ
3570 3713 3674 3784 μὴν
3707 3714 3852 3770 ἀλλά
3903 3726 3998 3772 ut

2429 3794 2510 3846 τό·
2544 3796 2736 3863 Λόγον
2768 3795 3250 3864 συντετμημένον
3295 3800 3534 3868 ποιήσει
3570 3804 3785 3870 Κύριος
3819 3805 3896 3859 ἐν·
3922 3805 3995 3875 τῆ

2432 3884 2748 3954 οἰκουμένῃ
2778 3886 2913 3954 ὅλῃ.

2512 3977 2732 4044 Ὠραῖος
2781 3977 2991 4031 κάλλει
3033 3980 3191 4048 παρὰ
3230 3983 3370 4048 τοὺς
3408 3985 3577 4048 υἱοὺς
3606 4001 3726 4039 των
3767 3992 3998 4058 ανθρώ-

2433 4084 2578 4120 πων.
2607 4069 2715 4138 Τὴν
2764 4067 3047 4140 σύγκρισιν
3091 4070 3182 4124 τοῦ
3234 4071 3435 4140 ἀγαθοῦ
3482 4075 3800 4146 Πνεύματος
3847 4081 4002 4134 ἐστιν

2436 4157 2563 4209 ἰδεῖν
2595 4159 2685 4225 ἀφ’
2717 4149 2789 4212 ὧν
2831 4161 2859 4212 ὁ
2902 4159 3150 4230 Ἰωάννης
3197 4164 3394 4232 φησὶν,
3434 4164 3514 4217 ὅτι
3571 4168 3632 4219 '0
3673 4169 3868 4237 νόμος
3903 4171 4003 4235 διὰ

2433 4251 2687 4318 Μωσέως
2731 4251 2940 4320 ἐδόθη,
2991 4255 3029 4322 ἠ
3063 4254 3131 4306 δὲ
3173 4256 3346 4324 χάρις
3393 4259 3490 4312 καὶ
3529 4261 3568 4327 ἠ
3600 4261 3866 4331 ἀλήθεια
3907 4265 4005 4318 διὰ

2448 4342 2647 4409 Ἰησοῦ
2684 4345 2939 4412 Χριστοῦ
2968 4345 3224 4413 ἐγένετο.
3257 4347 3514 4418 Κάλαμος
3543 4349 3651 4418 γὰρ
3678 4352 3855 4416 καλὸς
3910 4355 4004 4406 καὶ

2435 4435 2462 4485 ὁ
2495 4434 2734 4497 Μωσέως
2761 4451 2773 4461 ·
2810 4434 3013 4505 ἔγραψε
3061 4436 3167 4506 γὰρ
3210 4439 3340 4508 ἡμῖν
3384 4440 3544 4508 νόμον
3590 4443 3956 4512 παιδαγωγόν
3991 4465 4002 4476 ·

783 4518 969 4565 nostra
1007 4507 1265 4562 scriberet
1301 4506 1354 4558 in
1396 4503 1567 4558 cmlis.
1600 4499 1811 4567 Diﬂ'usa
1856 4508 1930 4550 est
1965 4499 2136 4568 gratia
2171 4498 2223 4549 in
2257 4497 2330 4549 la-

2432 4523 2565 4575 ἀλλά
2602 4525 2661 4576 οὑ
2701 4491 2935 4587 τοιοῦτος
2961 4491 3053 4588 ’ὡς
3072 4491 3084 4503 ’
3102 4491 3192 4579 καὶ
3231 4491 3538 4598 Ιἐγραψιίτά
3561 4491 4006 4604 endéQQ—éaav

783 4601 882 4654 biis
912 4600 1050 4652 tuis:
1082 4596 1423 4664 dulciloquus
1449 4608 1682 4662 namque
1722 4588 1980 4642 Dominus
2021 4597 2201 4642 noster
2229 4598 2331 4649 est,

780 4693 990 4763 quiait.
1047 4689 1157 4760 Ego
1196 4688 1308 4743 veni
1339 4696 1395 4740 ut
1440 4686 1598 4738 vitam
1631 4683 1874 4744 habeant,
1921 4691 1968 4734 et
2013 4681 2330 4733 abundatius

781 4782 999 4835 habeant
1028 4781 1106 4834 ηε
1140 4789 1221 4843 et,
1257 4778 1368 4848 Ego
1401 4793 1514 4830 sum
1532 4775 1680 4842 panis
1715 4775 1801 4842 qui
1834 4774 1895 4826 de
1946 4773 2069 4825 caelo
2116 4776 2330 4826 descen-

781 4875 896 4935 dit;
926 4880 999 4936 et,
1035 4872 1122 4940 qui
1149 4870 1241 4924 dat
1266 4872 1425 4923 vitam
1463 4867 1654 4920 mundo
1699 4866 1771 4920 ¹⁰.

869 5077 923 5129 4.
955 5073 1231 5142 Accingere
1277 5068 1452 5139 gladio
1512 5076 1598 5119 tuo
1626 5079 1777 5130 super
1821 5063 1990 5130 femur
2023 5073 2190 5129 tuum,
2235 5080 2329 5125 po-

785 5166 1088 5217 tentissime.
1126 5162 1203 5213 Ad
1240 5174 1469 5229 pugnam
1504 5156 1674 5211 nostri
1701 5169 1863 5208 causa
1887 5155 2324 5207 committendam

784 5254 1368 5322 excitatUuigenitum.
1419 5251 1680 5319 Deinceps
1731 5253 1982 5317 quoniam
2037 5249 2325 5302 militarem

785 5348 885 5416 ipsi
921 5347 1159 5399 habitum
1195 5345 1359 5402 dedit,
1387 5352 1668 5412 postquam
1699 5342 1933 5411 gladium
1959 5339 2114 5401 dixit,
2151 5338 2328 5393 femur

788 5439 1005 5505 insuper
1054 5442 1457 5489 commemorat.
1509 5433 1589 5484 Ad
1653 5448 1774 5487 cum
1826 5446 2089 5500 namque,
2144 5438 2324 5497 utpote

787 5527 974 5588 Dcmn,
1011 5524 1217 5594 gladius
1251 5524 1498 5590 pertinet,
1532 5537 1628 5576 nec
1666 5523 2006 5576 extrinsecus
2053 5519 2316 5574 affertur:

859 5712 898 5741 ³³
939 5709 1122 5764 Matth.
1144 5725 1258 5771 vin,
1278 5711 1328 5763 5.

1410 5710 1590 5763 “Luc.
1630 5728 1719 5773 vu,
1743 5711 1821 5764 Η.
1863 5709 2020 5764 "lsa.
2049 5709 2364 5775 a,25.juvta
2393 5706 2529 5760 LXX

2431 4616 2489 4666 ὲν
2515 4615 2781 4684 οὐρανοῖς.
2823 4615 3101 4682 Ἐξεχύθη
3135 4616 3307 4685 χάρις
3330 4618 3648 4688 ἐνκείλεσι
3685 4638 3834 4676 σου.
3876 4625 4009 4677 Γλυ-

2429 4706 2672 4773 κύφωνος
2711 4707 2816 4776 γὰρ
2863 4709 2891 4759 ὁ
2933 4708 3132 4779 Κύριος
3179 4709 3335 4780 ἡμῶν
3368 4711 3570 4779 λέγων·
3617 4715 3759 4782 Ἐγὼ
3804 4714 4010 4787 ἦλθον

2428 4796 2526 4847 ἵνα
2551 4794 2920 4863 ζωὴνέχωσι,
2955 4797 3053 4849 καὶ
3101 4800 3528 4866 περισσότερον
3567 4801 3755 4867 ἔχωσι
3867 4809 3968 4860 καὶ
3993 4851 4009 4874 ,

2441 4886 2584 4954 Ἐγώ
2611 4889 2724 4953 ειμι
2768 4889 2800 4938 ό
2844 4885 3019 4954 ἄρτος
3061 4889 3092 4938 d
3131 4886 3200 4939 ἐκ
3246 4888 3350 4942 τοῦ
3387 4891 3643 4956 οὐρανοῦ
3683 4897 3969 4964 καταϐάς
3996 4917 4007 4928 ·

2438 4979 2548 5036 καὶ,
2578 4977 2778 5040 διδοὺς
2799 4975 2948 5042 ζωὴν
2970 4974 3048 5040 τῷ
3077 4978 3298 5046 κόσμῳ.

2501 5066 2816 5133 Περίζωσαι
2852 5066 2965 5132 τὴν
3005 5068 3309 5136 ῥομφαίαν
3351 5087 3466 5123 σου
3503 5072 3600 5124 ἐπὶ
3643 5074 3756 5128 τὸν
3809 5084 4015 5146 μηρὼ·

2431 5173 2566 5220 σου,
2600 5157 2833 5210 δυνατέ.
2880 5159 2972 5219 Εἰς
3020 5160 3197 5227 μάχην
3239 5159 3337 5229 τὴν
3375 5162 3514 5232 ὑπὲρ
3545 5164 3702 5233 ἡμῶν
3734 5168 4016 5242 διεγείρει

2432 5249 2518 5301 τὸν
2571 5251 2864 5318 Μονογενῆ.
2918 5247 3049 5300 Εἶτα
3082 5250 3174 5301 καὶ
3204 5252 3386 5321 ἐπειδὴ
3418 5260 3820 5323 στρατιωτικὸν
3858 5265 4016 5323 αὑτῷ

2434 5342 2613 5411 σχῆμα
2644 5341 2890 5402 δέδωκεν,
2923 5340 3192 5411 ῥομφαίαν
3228 5319 3426 5407 εἰπὼν,
3460 5319 3552 5397 καὶ
3594 5347 3779 5416 μηρὸν
3834 5319 4014 5425 προσ..

2431 5430 2642 5498 επάγει.
2671 5429 2844 5482 Αὑτοῦ
2879 5429 2984 5501 γὰρ
3002 5430 3076 5494 ὡς
3102 5431 3258 5496 Θεοῦ,
3290 5435 3380 5486 καὶ
3408 5435 3506 5485 οὐκ
3534 5434 3741 5498 ἔξωθεν
3790 5444 3829 5511 ὴ
3874 5448 4016 5515 ῥομ..

2431 5521 2594 5587 φαία·
2647 5521 2871 5584 δυνατὸς
2911 5523 3016 5592 γάρ
3064 5525 3198 5590 ἐστι,
3251 5524 3492 5576 τουτέστι
3542 5527 3651 5579 τῶν
3702 5529 4017 5605 δυνάμεων

2618 5707 2826 5763 u".loan.
2852 5724 2887 5774 ι,
2918 5710 2999 5762 l7.
3061 5712 3100 5741 ³³
3125 5709 3349 5769 learns,
3386 5711 3468 5763 i0.
3544 5712 3782 5771 "Joan.
3819 5720 4014 5788 tm“.
