4102 6312
141 379 230 433 209
1207 378 1567 436 EXPOSITIO
1608 378 1672 434 IN
1715 379 2042 435 PSALMUM
2085 378 2263 434 XLIV.

3221 391 3324 444 210

140 499 353 569 Κύριος*
392 501 488 552 καὶ
530 499 687 553 τοῦτο
728 497 866 552 κατὰ
901 499 1058 568 φύσιν
1097 499 1262 568 αὐτῷ.
1303 502 1456 554 Ἐστι
1486 503 1542 554 δὲ
1589 502 1663 554 xa'

1781 501 2045 570 siquidem
2081 497 2491 569 potentissimus
2524 498 2613 553 ille
2641 509 2740 566 est,
2784 499 2836 553 id
2865 508 2968 567 est,
2994 510 3323 570 potestatum

137 591 312 661 ὡραῖος
345 592 444 662 μέν
465 594 578 655 τοῖς
604 591 937 659 ἐπεγνωκόσι
975 593 1073 662 τὴν
1115 593 1434 661 ἐπιφάνειαν
1479 593 1640 645 αὑτοῦ
1663 633 1676 655 ,

137 682 218 734 καὶ
253 683 310 734 τὺ
354 684 722 754 ὑπερχύσμιον
770 681 962 745 κάλλος
1012 688 1288 737 κατανοεῖν
1345 684 1674 755 δυναμένοις.

137 771 216 841 Τῷ
243 773 297 825 δὲ
328 771 486 842 μηρῷ
517 773 616 843 τὴν
646 774 911 843 ῥομφαίαν
955 775 1250 847 ἐνήρμοσεν
1281 777 1413 846 πρὸς
1443 776 1539 846 τὴν
1571 775 1677 827 τῶν

136 866 495 918 ἀπιστούντων
524 865 748 935 ἀπειλὴν
775 866 866 920 καὶ
898 865 1004 918 τῶν
1028 866 1411 936 ἀντικειμένων
1440 867 1538 930 τὰς
1569 867 1670 934 φά-

135 958 349 1024 λαγγας.
391 957 523 1028 Περὶ
554 956 682 1025 γοῦν
724 957 830 1009 τῶν
857 956 1218 1011 ἀπειθούντων
1249 960 1409 1028 φησὶν
1465 961 1493 1010 ὁ
1538 960 1674 1028 ψαλ-

137 1051 252 1118 μός”
307 1051 446 1102 Ἐὰν
471 1050 556 1118 μὴ
595 1049 1013 1118 ἐπωτραφῆτε,
1063 1051 1174 1119 τὴν
1217 1053 1519 1119 ῥομφαίαν
1573 1055 1675 1106 αὑ-

137 1142 228 1195 τοῦ
249 1141 587 1195 στιλϐὡσει.

203 1320 276 1387 Τῇ
303 1321 615 1387 ὡραιότητί
644 1336 757 1374 σου
789 1323 882 1374 καὶ
914 1321 992 1387 τῷ
1034 1321 1240 1375 κάλλει
1289 1336 1420 1375 σου.
1463 1322 1669 1392 Ὠραιό-

131 1424 218 1476 της
247 1407 303 1460 δὲ
330 1409 422 1460 καὶ
447 1407 638 1470 κάλλος
668 1407 760 1461 τοῦ
797 1409 1263 1480 στρατευσαμένου
1290 1412 1322 1479 ἡ
1358 1409 1546 1479 θεότης
1575 1411 1670 1462 αὐ-

129 1498 215 1551 τοῦ
269 1500 362 1551 καὶ
419 1503 451 1569 ἡ
505 1500 645 1552 κατά
691 1501 904 1553 πάντων
937 1501 1193 1571 ὑπεροχή.
1230 1500 1338 1554 Καὶ
1382 1499 1666 1562 ἕντεινον,

129 1589 218 1642 καὶ
252 1589 597 1653 κατευοδοῦ,
646 1591 742 1644 καὶ
792 1591 1104 1654 βασίλευε.
1144 1592 1411 1644 Ἔντεινον
1441 1590 1508 1643 τά
1541 1590 1669 1656 τόξα

129 1695 237 1742 σου,
270 1681 421 1750 φησὶ,
477 1681 758 1734 κατευοδοῦ
791 1683 845 1735 δὲ
891 1682 1339 1753 δεδικαιωμένους
1389 1683 1494 1735 ὑπὸ
1551 1683 1666 1747 σού,

126 1765 196 1822 ὧν
222 1771 537 1840 βασιλεύεις,
568 1774 748 1843 φησὶν,
782 1773 1091 1839 ἀπαλλάξας
1123 1774 1316 1836 αὐτοὺς
1343 1773 1434 1825 τοῦ
1468 1773 1662 1842 τυράν-

1782 592 2064 655 Dominus,
2089 591 2231 660 quod
2287 590 2359 644 illi
2420 590 2714 645 secundum
2747 599 2994 645 naturam
3046 595 3323 663 competit.

1780 685 1873 737 Est
1904 692 2081 737 autem
2110 685 2384 751 speciosus
2417 683 2483 736 iis
2508 683 2600 751 qui
2627 697 2824 737 norunt
2858 684 3144 738 adventum
3183 685 3322 754 ejus,

1780 775 1979 844 quique
2006 775 2470 845 pulchritudinem
2494 775 2631 844 ejus,
2651 776 2975 830 mundanam
2988 791 3200 831 omnem
3230 792 3322 832 ex-

1778 877 2140 933 superantem,
2172 875 2395 934 possunt
2449 867 2766 937 intelligere.
2822 866 3038 922 Femori
3089 868 3179 923 ille
3223 885 3323 922 suo

1775 959 2008 1029 gladium
2037 960 2304 1028 apposuit,
2358 969 2415 1014 ut
2442 959 2615 1013 minas
2667 959 2972 1013 inﬁdelibus
3009 960 3318 1020 intentaret,

1776 1066 1981 1105 necnon
2031 1051 2323 1121 manipulis
2371 1051 2824 1104 adversariorum.
2889 1049 2962 1104 De
3016 1050 3320 1109 inﬁdelibus

1775 1143 1953 1211 itaque
1983 1143 2223 1212 psalmus
2249 1143 2408 1198 dicit:
2442 1141 2564 1196 Nisi
2592 1144 2817 1195 conversi
2840 1143 3065 1211 fueritis,
3089 1142 3320 1212 gladium

1773 1251 1923 1286 suum
1965 1235 2186 1289 uibrabit
2220 1235 2285 1286 “.

1841 1325 1893 1379 5.
1951 1323 2128 1396 Specie
2169 1337 2260 1379 tua
2310 1335 2358 1380 et
2409 1326 2790 1393 pulchritudine
2841 1335 2952 1378 tua.
3005 1325 3221 1395 Species
3268 1333 3321 1377 et

1769 1419 2113 1486 pulchritudo
2164 1419 2352 1474 militis
2385 1421 2547 1486 illius,
2583 1429 2665 1473 est
2699 1419 2870 1473 deitas
2913 1418 3052 1488 ejus,
3099 1427 3152 1472 et
3184 1431 3319 1487 pra:-

1770 1510 1964 1562 stantia
2018 1525 2125 1578 qua
2167 1525 2355 1565 omnes
2410 1520 2714 1578 exsuperat.
2772 1509 3023 1572 Intende,
3077 1502 3317 1577 prospere

1767 1597 1980 1662 procede
2007 1607 2057 1650 et
2089 1615 2263 1668 regna.
2307 1597 2546 1663 Intende,
2578 1599 2773 1668 inquit,
2808 1614 2967 1653 arcus
2998 1606 3140 1663 tuos,
3196 1610 3318 1667 pro-

1770 1700 1923 1755 spere
1946 1687 2234 1755 procedere
2257 1687 2417 1743 facito
2442 1705 2534 1743 eos
2555 1690 2645 1758 qui
2673 1704 2765 1742 ate
2779 1688 3058 1757 justiticati
3080 1689 3314 1743 fuerunt.

1769 1771 1824 1825 in
1865 1787 2020 1841 quos,
2045 1773 2140 1837 ait,
2174 1788 2388 1841 regnas,
2419 1783 2703 1842 postquam
2743 1773 2980 1827 liberasti
3019 1788 3112 1828 eos
3162 1788 3192 1826 a
3234 1783 3317 1843 ty-

126 1879 229 1914 νου.
260 1863 506 1915 Δείκνυσι
554 1864 743 1936 νοεράν
772 1860 934 1918 οὖσαν
969 1865 1068 1935 τὴν
1115 1865 1298 1933 νίκην·
1333 1865 1511 1916 ὅπλων
1561 1864 1663 1934 γὰρ

1769 1878 1960 1917 ranno.
1985 1863 2190 1918 [ndicat
2212 1864 2544 1932 spiritualcm
2563 1881 2682 1920 esse
2703 1865 2998 1918 victoriam.
3021 1863 3313 1934 Postquam

128 1954 513 2023 μνημονεύσας,
575 1956 841 2026 μέμνηται
889 1957 980 2009 καὶ
1023 1957 1344 2028 πραότητος.
1383 1956 1564 2028 Πράου
1611 1955 1667 2009 δέ

127 2047 235 2098 ἐστι
279 2047 345 2100 τὰ
381 2049 480 2116 μὲν
506 2050 588 2110 είς
621 2049 807 2101 ἐαυτὸν
851 2051 1064 2118 ἀφεῖναι
1118 2051 1226 2112 τοῖς
1272 2049 1663 2119 ἀδικουμένοις.

127 2137 227 2189 Καὶ
249 2137 534 2208 ὁδηγήσει
561 2154 634 2193 σε
661 2140 1014 2208 θαυμαστῶς
1034 2142 1072 2209 ἠ
1098 2140 1265 2205 δεξιά
1285 2155 1421 2194 σου.
1451 2139 1666 2210 Ἐπειδὴ

125 2227 223 2296 γάρ
258 2229 528 2298 ῥομφαίας
561 2230 985 2301 ἐμνημόνευσεν,
1020 2231 1305 2284 ἀκόλουθον
1357 2230 1450 2284 καὶ
1492 2230 1668 2295 δεξιᾶς

123 2320 405 2389 ἐποιήσατο
437 2323 676 2392 μνήμην.
707 2322 865 2388 Δεξιά
888 2322 943 2375 δὲ
973 2321 1134 2376 αὑτοῦ
1181 2321 1247 2373 τὰ
1274 2320 1420 2385 δεξιά
1448 2320 1665 2390 βουλεύ-

125 2427 284 2477 ματα,
313 2408 395 2474 οἷς
419 2413 754 2484 κεχρημένος
785 2414 883 2486 τὴν
907 2413 1002 2484 τῆς
1037 2414 1304 2486 ἁμαρτίας
1333 2413 1431 2466 οὐκ
1457 2412 1667 2476 ἐδέξατο

125 2502 436 2572 προσϐολήν.

190 2592 267 2645 Τὰ
296 2593 455 2660 ,ϐέλη
502 2608 616 2647 σου
664 2594 1021 2664 ἠκονημένα,
1079 2595 1314 2650 δυνατέ.
1359 2595 1492 2667 Βέλη
1543 2597 1667 2658 τοὺς

121 2684 299 2751 ἁγίους
326 2685 652 2749 ἀποστόλους
681 2688 864 2757 φησιν,
913 2688 960 2740 οἳ
994 2688 1086 2741 καὶ
1115 2691 1170 2742 ἐν
1214 2688 1408 2761 καρδίᾳ
1451 2687 1666 2758 καιρίας

120 2773 371 2827 δεδώκασι
403 2775 615 2844 πληγὰς
653 2779 763 2838 τοῖς
788 2776 998 2846 ἐχθροῖς
1014 2775 1106 2830 τοῦ
1141 2778 1413 2841 Βασιλέως
1437 2777 1544 2830 τῶν
1571 2777 1664 2847 βα-

123 2865 451 2918 σιλευόντων.
493 2865 676 2917 Ταῦτα
712 2866 769 2919 δὲ
809 2867 875 2918 τά
909 2867 1059 2938 βέλη,
1096 2867 1368 2940 πλήξαντα
1419 2871 1499 2930 εἰς
1532 2886 1666 2939 καρ-

118 2956 226 3009 δίαν
253 2959 377 3019 τοὺς
415 2957 638 3027 νοητοὺς
668 2958 912 3028 ἐχθροὺς,
948 2959 1129 3030 ἴσχυσε
1177 2961 1538 3031 προσενέγκαι
1569 2961 1666 3031 τὴν

121 3046 202 3097 ὑπ’
230 3047 456 3119 οὐρανὸν
501 3048 607 3102 ὑπὸ
639 3048 804 3112 πόδας
835 3050 1092 3120 Χριστοῦ,
1123 3052 1216 3104 καὶ
1242 3051 1339 3121 τῆς
1371 3050 1534 3104 αὑτοῦ
1576 3051 1666 3121 βα-

120 3140 317 3203 σιλείας
347 3140 625 3193 ὑποθεῖναι
673 3142 784 3205 τοῖς
817 3142 1016 3208 ζυγοῖς,
1067 3143 1152 3195 Ἐν
1191 3143 1479 3214 ὑπερϐατῷ
1511 3144 1566 3197 δὲ
1613 3147 1660 3198 oi

121 3231 304 3299 στίχοι,
334 3231 421 3283 ἵνα
444 3225 576 3284 ὦσιν
604 3231 774 3293 οὕτως
793 3248 806 3261 ο
835 3233 914 3284 Τὰ
945 3232 1070 3302 βέλη
1096 3249 1187 3288 σου
1219 3235 1544 3305 ἠκονημένα,
1573 3236 1661 3287 δυ-

117 3320 255 3385 νατέ,
285 3321 343 3371 ἐν
369 3319 620 3390 καρδίαις
645 3315 752 3371 τῶν
787 3317 991 3389 ἐχθρῶν
1021 3319 1114 3372 τοῦ
1146 3321 1424 3390 βασιλέως.

193 3411 254 3464 '0
279 3411 489 3478 θρόνος
509 3426 644 3476 σου,
662 3413 693 3464 ό
712 3412 974 3476 Θεὸς,εἱς
993 3412 1095 3465 τὸν
1109 3413 1293 3467 αἰῶνα
1308 3414 1412 3468 τοῦ
1428 3413 1659 3480 αἰῶνος.

117 3505 175 3554 Ui
204 3503 525 3572 κεκλημένοι
550 3502 637 3554 διὰ
653 3501 760 3554 τῶν
789 3503 1117 3567 ἀποστόλων,
1159 3505 1538 3574 ὁμολογοῦντες
1568 3507 1660 3560 τοῦ

116 3591 444 3658 Μονογενοῦς
464 3592 563 3660 τὴν
581 3591 828 3660 θεότητα,
845 3593 1024 3660 φασίψ
1043 3593 1102 3646 ’0
1119 3595 1326 3661 θρόνος
1335 3600 1508 3661 σου,ό
1523 3597 1664 3661 Θεὸς

115 3688 197 3747 εὶς
221 3683 327 3737 τὸν
352 3681 539 3737 αἰῶνα
565 3682 671 3736 τοῦ
698 3681 927 3749 αἰῶνος.
972 3684 1205 3750 Ῥὰὅδος
1254 3689 1575 3756 εὐθύτητος
1623 3690 1659 3756 ή

112 3773 324 3840 ῥάϐδος
356 3773 466 3842 τῆς
489 3773 811 3841 βασιλείας
841 3790 978 3831 σου.
1023 3779 1087 3830 Ἥ
1137 3778 1363 3851 εὐθύτης
1414 3780 1563 3853 παρὰ
1598 3785 1660 3852 τῇ

116 3863 228 3933 θεία
258 3866 448 3936 Γραφῇ
480 3865 826 3937 δικαιοσύνην
850 3868 1120 3938 σημαίνει.
1157 3871 1316 3938 Λέγει
1362 3873 1557 3937 τοίνυν,
1587 3874 1662 3936 ὡς

113 3958 156 4005 οἱ
180 3955 582 4026 βασιλευόμενοι
617 3957 768 4026 παρὰ
804 3959 1058 4029 Χριστοῦ,
1081 3962 1176 4031 τὴν
1200 3962 1298 4030 τῆς
1326 3961 1664 4035 δικαιοσύνης

115 4046 331 4113 μάθοιεν
367 4047 601 4116 βαδίζειν
624 4048 760 4101 ὀδόν.

193 4139 536 4207 Ἡτιὰπησας
581 4138 994 4210 δικαιοσύνην,
1048 4144 1144 4196 καὶ
1199 4145 1496 4214 ἐμίσησας
1525 4149 1663 4203 ἀνο-

107 4231 266 4295 μίαν.
311 4231 532 4300 Ἐπειδὴ
560 4270 574 4293 ,
607 4231 706 4303 τὴν
738 4233 941 4305 τροπὴν
989 4234 1253 4299 παθοῦσα,
1285 4241 1317 4309 ἡ
1364 4239 1662 4310 ἀνθρώπων

111 4318 268 4384 φύσις
313 4318 681 4387 καταλείψασα
729 4319 827 4391 τὴν
869 4321 1209 4394 δικαιοσύνην
1262 4326 1514 4398 ἠγάπησε
1566 4327 1662 4398 τὴν

110 4409 353 4479 ἀνομίαν,
387 4409 561 4483 ταύτῃ
586 4428 668 4464 τοι
721 4411 934 4481 γέγονεν
957 4413 1236 4485 ἅνθρωπος
1269 4419 1296 4468 ὁ
1337 4418 1659 4488 Μονογενὴς,

1765 1952 1908 2005 enim
1937 1967 2085 2006 arma
2116 1956 2579 2012 commemoravit.
2619 1955 2684 2009 de
2717 1955 3124 2010 mansuetudine
3162 1971 3314 2009 men-

1767 2041 1966 2095 tionem
1991 2040 2136 2097 facit.
2178 2041 2442 2100 Mansueti
2473 2054 2649 2099 autem
2691 2054 2794 2112 est,
2821 2045 2997 2100 illatas
3026 2045 3128 2100 sibi
3169 2045 3314 2115 inju-

1766 2134 1875 2188 rias
1901 2135 2188 2190 dimittere.
2221 2136 2285 2191 Et
2308 2136 2518 2191 deducet
2556 2147 2602 2190 te
2634 2137 2945 2191 mirabiliter
2966 2138 3178 2191 dextera
3199 2149 3312 2191 tua.

1766 2223 1991 2290 Quando
2034 2229 2179 2280 enim
2239 2227 2474 2297 gladium
2527 2228 2876 2295 memoravit,
2924 2237 3314 2298 consequenter

1765 2318 1927 2372 etiam
1950 2319 2015 2373 de
2034 2317 2252 2373 dextera
2277 2319 2532 2388 loquitur.
2560 2318 2788 2374 Dextera
2821 2327 2998 2374 autem
3025 2318 3142 2389 ejus
3166 2327 3311 2383 sunt,

1764 2408 1980 2463 dextera
2025 2410 2138 2464 sive
2181 2412 2414 2480 genuina
2456 2411 2701 2475 consilia,
2741 2411 2894 2480 queis
2939 2425 3071 2465 usus
3111 2412 3313 2480 peccati

1766 2497 2021 2568 impetum
2045 2515 2149 2554 non
2176 2501 2401 2570 excepit.

1834 2591 1887 2644 6.
1928 2589 2148 2661 Sagitta:
2194 2602 2295 2645 tute
2337 2601 2533 2656 acutw,
2571 2607 2599 2644 ο
2636 2602 2833 2660 potens.
2877 2591 3110 2661 Sagittas
3159 2599 3315 2645 voca'.

1766 2691 1984 2737 sanctos
2026 2685 2318 2752 apostolos,
2363 2685 2454 2753 qui
2509 2685 2672 2738 etiam
2716 2684 2930 2738 lethalia
2957 2685 3179 2738 vulnera
3233 2685 3315 2737 in-

1765 2773 1949 2828 ﬂixere
1978 2775 2029 2827 in
2061 2789 2155 2829 cor
2183 2775 2521 2829 inimicorum
2577 2773 2738 2846 Regis
2759 2789 2967 2846 regum.
2996 2775 3121 2830 Haec
3152 2791 3316 2846 porro

1766 2863 1868 2918 tela
1892 2879 2010 2933 qua:
2036 2865 2343 2934 spirituules
2374 2864 2622 2920 inimicos
2653 2865 2708 2919 in
2738 2865 2900 2921 corde
2941 2865 3310 2930 vulneratum,

1765 2955 1948 3009 orbem
2001 2965 2292 3024 potuerunt
2350 2956 2549 3010 Christi
2604 2957 2832 3027 pedibus
2880 2959 3215 3024 submittere,
3257 2968 3314 3013 et

1762 3046 1892 3117 jugo
1944 3048 2092 3116 regni
2136 3047 2254 3117 ejus
2288 3048 2572 3118 subjicere.
2603 3048 2868 3105 Caeterum
2905 3051 2959 3104 hi
2992 3065 3182 3106 versus
3220 3066 3314 3121 per

1765 3140 2092 3210 hyperbaton
2149 3140 2436 3207 dicuntur,
2503 3151 2560 3195 ut
2631 3153 2822 3197 sonent
2871 3163 2885 3197 :
2933 3146 3151 3215 Sagitta:
3210 3152 3313 3199 tua

1765 3242 1954 3299 acutae,
1983 3247 2016 3287 ο
2051 3241 2264 3302 potens,
2301 3233 2356 3286 in
2393 3231 2646 3290 cordibus
2682 3234 3021 3290 inimicorum
3053 3237 3195 3308 regis

1835 3407 1884 3461 7.
1929 3407 2164 3463 Thronus
2212 3419 2351 3475 tuus,
2390 3410 2550 3477 Deus,
2595 3414 2649 3466 in
2683 3416 2932 3468 saeculum
2972 3419 3170 3473 seculi.
3209 3419 3310 3485 Qui

1766 3501 1936 3553 vocati
1964 3515 2055 3569 per
2093 3503 2366 3571 apostolos
2397 3513 2522 3558 sunt
2554 3506 2867 3562 conﬁtentes
2896 3505 3167 3578 Unigeniti
3194 3512 3310 3566 dei-

1764 3599 1951 3654 tatem,
1984 3592 2133 3645 aiunt
2163 3611 2175 3644 :
2219 3591 2451 3647 Thronus
2493 3607 2633 3663 tuus,
2653 3596 2811 3664 Deus,
2836 3601 2890 3652 in
2911 3601 3156 3654 secutum
3210 3619 3311 3657 ste-

1763 3679 1889 3734 culi.
1949 3679 2108 3752 Virga
2167 3684 2466 3739 directionis
2527 3689 2671 3758 virga
2731 3692 2874 3760 regni
2944 3695 3040 3746 tui.
3082 3693 3313 3749 Directio

1767 3771 1817 3823 in
1843 3772 2038 3827 divinis
2071 3772 2368 3843 Seriptnris
2390 3776 2654 3844 justitiam
2697 3779 2981 3849 signiﬁcat.
3011 3783 3099 3834 Ait
3127 3784 3308 3852 igitur,

1764 3863 1962 3930 quibus
2009 3864 2236 3933 imperat
2282 3866 2529 3924 Christus
2577 3870 2629 3924 in
2668 3871 2751 3924 via
2787 3871 3009 3939 justitiae
3069 3874 3311 3930 incedere

1763 3954 2019 4010 ediscent.

1833 4134 1886 4187 8.
1934 4133 2182 4188 Dilexisti
2199 4135 2467 4203 justitiam
2495 4147 2542 4193 et
2569 4138 2727 4191 odisti
2751 4139 3099 4209 iniquitatem.
3131 4139 3311 4207 Quan-

1764 4226 2054 4297 doquidem
2085 4229 2368 4284 hominum
2399 4238 2613 4295 natura,
2650 4233 3001 4288 mutationem
3032 4249 3308 4304 perpessa,

1763 4319 2063 4374 deserendo
2089 4319 2355 4389 justitiam
2395 4322 2583 4377 dilexit
2624 4324 2996 4395 iniquitatem;
3031 4324 3151 4381 ideo
3184 4323 3312 4381 Uni-

1764 4410 1977 4480 genitus
2005 4408 2178 4464 factus
2215 4412 2374 4465 homo
2404 4422 2502 4475 est,
2536 4422 2592 4466 ut
2630 4413 2686 4466 in
2731 4429 2789 4467 se
2823 4414 3111 4468 humanam
3138 4415 3310 4470 corri-

108 4504 386 4575 κατορθῶν
418 4506 477 4556 ἐν
505 4503 681 4576 ἐαυτῷ
726 4509 790 4576 τῇ
819 4505 1110 4577 ἀνθρώπων
1140 4507 1297 4576 φύσει
1337 4509 1398 4562 τὸ
1439 4511 1654 4581 ἀγαπᾷν

1766 4517 1895 4571 gens
1922 4511 2192 4565 naturam,
2235 4502 2286 4557 id
2324 4502 2553 4558 elliccret
2593 4513 2650 4558 ut
2688 4503 2932 4574 diligeret
2956 4505 3220 4574 justitiam
3257 4516 3311 4562 et

107 4595 456 4665 δικαιοσύνην
483 4597 577 4648 καὶ
611 4599 784 4666 μισεῖν
806 4598 1028 4667 ἀνομίαν
1048 4616 1062 4630 ο
1090 4599 1182 4652 καὶ
1214 4601 1244 4669 ή
1269 4601 1364 4671 τῆς
1395 4601 1660 4672 ἐνανθρω-

105 4687 327 4756 πήσεως
357 4684 498 4755 αὕτη
527 4686 691 4738 αἰτία.
725 4686 812 4739 Διό
838 4703 1017 4757 φησιν·
1048 4688 1150 4741 Διὰ
1175 4688 1345 4741 τοῦτο
1368 4690 1574 4757 ἕχρισέ
1587 4708 1661 4744 σε

105 4776 134 4823 ό
156 4773 323 4839 Θεός.
351 4772 453 4825 Διά
477 4770 633 4824 τοῦτο
650 4772 728 4836 δὲ,
749 4776 896 4826 ποῖον
917 4791 930 4840 ;
964 4775 996 4845 ἢ
1020 4775 1156 4829 ὥστε
1180 4777 1272 4829 καὶ
1300 4777 1425 4840 τοὺς
1447 4781 1502 4831 ἐν
1530 4779 1658 4848 μεθ-

101 4862 211 4926 έξει
245 4880 342 4916 σου
385 4865 708 4933 γενομένους
742 4864 1124 4932 ἀγαλλιᾶσθαι·
1189 4868 1283 4921 ἅτε
1310 4868 1373 4939 δὴ
1397 4870 1472 4932 ὡς
1500 4871 1661 4942 ⁴ιγλεηε-

105 4955 300 5022 μέναυς
333 4953 421 5007 διὰ
445 4955 506 5006 τὸ
538 4953 925 5026 κατωρθῶσθαι
970 4960 1150 5023 αὐτοῖς
1183 4961 1268 5014 διὰ
1305 4962 1397 5014 σοῦ
1427 4964 1486 5016 τὺ
1524 4967 1660 5032 ἀγα-

101 5047 207 5115 κᾷν
263 5045 608 5116 δικαιοσύνην
670 5047 762 5099 καὶ
821 5050 995 5117 μισεῖν
1044 5051 1288 5120 ἀνομίαν.
1327 5053 1428 5105 Διὰ
1484 5054 1658 5108 τοῦτο

99 5138 308 5206 ἔχρισε
333 5153 408 5190 σε
437 5141 471 5191 ὁ
503 5138 666 5204 Θεὸς,
706 5143 738 5192 ό
779 5141 918 5204 Θεός
964 5157 1098 5195 σου.
1136 5143 1256 5195 Ἐπὶ
1293 5143 1446 5197 τοῦτο
1475 5145 1657 5215 ἧλειψέ

99 5247 153 5282 σε
186 5232 217 5282 ό
242 5231 399 5293 Θεὸς,
439 5231 469 5281 6
499 5230 630 5293 Θεός
666 5248 781 5291 σου,
816 5233 978 5300 φησί·
1015 5233 1074 5285 τὸ
1106 5235 1211 5304 γάρ
1255 5234 1489 5305 ἔχρισεν,
1511 5239 1655 5308 ἠλει-

96 5322 191 5387 ᾁεν
229 5322 614 5392 ἑρμηνεύεται.
669 5323 938 5393 Συνῆπται
989 5324 1044 5377 δέ
1096 5327 1349 5396 ἠτούτου
1399 5330 1658 5400 ἑρμηνεία

94 5413 302 5466 ἄνωθεν
327 5416 406 5475 είς
429 5414 511 5478 τὸ,
549 5413 888 5483 Ἠτάπησας
918 5416 1326 5486 δικαιοσύνην.

160 5507 412 5573 Σμύρνα
445 5505 544 5559 καὶ
595 5505 825 5571 στακτὴ
878 5508 974 5559 καὶ
1005 5510 1188 5563 κασία
1218 5511 1332 5564 ἀπὸ
1381 5510 1499 5564 τῶν
1540 5515 1656 5581 ἱμα-

93 5598 234 5652 τὼν
265 5614 404 5651 σου.
453 5597 665 5666 Ἱμάτια
688 5596 779 5650 τοῦ
822 5599 1150 5663 Μονογενοῦς
1183 5601 1417 5672 νοηθεῖεν
1449 5603 1514 5656 ἂν
1566 5604 1656 5657 δυ-

159 5780 201 5808 ³¹
224 5774 373 5832 I’sal.
419 5794 511 5842 vn,
546 5778 610 5831 13

1763 4593 1888 4646 odio
1917 4592 2141 4647 haberet
2168 4593 2503 4662 iniquitatem
2544 4613 2558 4648 :
2595 4603 2756 4664 atque
2785 4595 2970 4651 isthaec
2997 4597 3102 4652 fuit
3129 4598 3308 4654 incar-

1761 4684 1993 4738 nationis
2022 4700 2204 4739 causa.
2253 4686 2612 4750 Quamobrem
2662 4687 2776 4739 ait:
2830 4687 3111 4756 Propterea
3157 4693 3310 4746 unxit

1762 4783 1807 4826 te
1834 4774 1990 4828 Deus.
2024 4773 2541 4846 Propterea,quare?
2569 4777 2669 4831 nisi
2700 4789 2756 4832 ut
2786 4779 2877 4848 qui
2908 4781 2984 4833 tui
3020 4784 3309 4854 participes

1760 4875 1941 4920 essent
1982 4867 2336 4935 exsultarent,
2371 4876 2552 4936 utpote
2589 4868 2682 4937 qui
2713 4884 2779 4923 ex
2817 4870 3189 4929 misericordia
3218 4887 3309 4931 tua

1761 4957 1812 5010 id
1844 4961 2117 5014 consecuti
2161 4959 2267 5014 sint
2312 4969 2371 5014 ut
2418 4961 2696 5029 diligerent
2746 4961 3012 5030 justitiam
3072 4974 3127 5019 et
3185 4969 3309 5023 odio

1759 5050 2018 5104 haberent
2070 5052 2425 5122 iniquitatem.
2484 5050 2767 5120 Propterea
2814 5057 2965 5109 unxit
3019 5067 3068 5111 te
3121 5058 3261 5116 Deus
3290 5103 3308 5128 ,

1757 5141 1897 5195 Deus
1922 5150 2062 5196 tuus.
2090 5143 2214 5197 Ideo
2237 5144 2450 5199 inunxit
2474 5152 2524 5197 te
2556 5141 2721 5208 Deus,
2753 5145 2895 5200 Deus
2924 5155 3071 5211 tuus,
3097 5149 3305 5221 inquit:

1759 5235 1887 5288 illud
1918 5235 2060 5288 enim
2105 5236 2276 5301 unxit,
2308 5236 2523 5289 inunxit
2557 5236 2957 5306 interpretatur.
2997 5239 3169 5312 Hujus
3208 5259 3306 5299 au-

1757 5332 1864 5379 tem
1906 5327 2010 5380 loci
2053 5327 2424 5397 interpretatio
2467 5329 2715 5399 superius
2747 5329 2813 5384 ad
2853 5331 2965 5387 haec
2993 5335 3172 5400 verba,
3202 5333 3305 5388 Di-

1756 5419 1931 5472 lexisti
1947 5420 2241 5487 justitiam,
2277 5421 2528 5490 adjuncta
2557 5421 2676 5478 fuit.

1825 5511 1875 5564 9.
1897 5510 2113 5581 Myrrha
2138 5523 2347 5583 etgutta
2369 5514 2572 5568 etcasia
2607 5532 2639 5566 a
2655 5518 2971 5572 vestimentis
2997 5519 3301 5573 tuis.Vesti-

1756 5612 1931 5657 menta
1976 5602 2244 5675 linigeniti
2292 5609 2456 5675 probe
2509 5609 2872 5679 intelligantur
2905 5613 3149 5677 virtutes,
3190 5626 3303 5664 ma—
