4086 6308
765 284 863 344 211

1574 292 1628 347 S.
1671 294 2041 350 ATllANASll
2082 292 2230 349 OPP.
2276 290 2452 347 PARS
2490 291 2579 346 lll.
2620 320 2687 331 —-—
2727 286 3137 344 EXEGETICA.
3673 335 3677 337 _
3863 286 3948 339 212

767 410 1092 483 gniﬁcentia,
1128 410 1317 479 gloria,
1354 410 1507 479 juxta
1543 412 1669 467 illud
1702 434 1713 466 :
1766 414 2017 467 Dominus
2067 414 2304 481 regnavit.

2391 410 2635 477 ,νάμεις,
2665 406 3121 479 μεγαλοπρέπεια,
3167 404 3325 467 δόξα,
3364 403 3501 456 κατὰ
3537 404 3613 455 τό
3666 404 3726 455 Ὀ
3770 405 3948 470 Κύριος

765 504 1001 558 decorem
1042 502 1255 555 indutus
1284 513 1382 567 est,
1416 504 1630 557 indutus
1660 516 1735 558 est
1781 506 2028 558 Dominus
2077 507 2304 559 virtute"

2426 502 2843 562 ἐϐασίλευσεν,
2879 497 3236 566 εὐπρέπειαν
3277 494 3620 557 ἐνεδύσατο,
3654 493 3950 548 ἐνεδύσατο

764 605 812 647 et
841 594 1117 663 prwcinxit
1147 611 1199 647 se
1222 596 1289 645 η.
1332 596 1518 649 ΙςιΙιίεο
1557 597 1720 666 igitur
1771 598 1936 667 gloria
1989 609 2039 651 ct
2073 598 2320 666 magnili-

762 686 935 740 centia
960 686 1098 754 ejus,
1133 686 1257 739 boni
1299 687 1453 740 nobis
1498 688 1679 743 odoris
1734 689 1851 753 fuit,
1881 698 1931 742 et
1952 690 2107 758 quasi
2151 704 2320 758 genus

762 791 920 830 omne
950 777 1286 830 odoramenti
1313 785 1365 830 et
1410 777 1636 843 incensi,
1690 779 1845 847 juxta
1881 778 2010 832 illud
2064 779 2192 831 alibi
2238 778 2319 831 di-

761 878 906 921 ctum
939 884 951 919 :
1006 866 1335 937 Unguentum
1381 868 1602 935 effusum
1633 886 1816 921 nomen
1857 879 2001 921 tuum
2034 870 2078 900 ⁸³
2108 888 2121 923 :
2152 878 2206 923 et
2261 869 2318 921 il-

761 961 849 1014 lud
888 979 900 1014 :
930 958 996 1012 In
1020 960 1229 1012 odorem
1258 969 1634 1028 unguentorum
1665 969 1873 1012 tuorum
1895 976 2102 1012 curram
2116 960 2180 1011 ".
2206 958 2316 1029 (l6)

759 1049 855 1103 Est
883 1059 1060 1103 autem
1094 1057 1285 1111 stacte,
1319 1051 1431 1104 sive
1457 1059 1624 1119 gutta,
1653 1052 1884 1121 myrrhae
1912 1067 2081 1120 genus
2112 1051 2318 1106 tenuis-

757 1137 977 1189 simum.
1034 1135 1166 1189 Nam
1198 1137 1430 1191 contrito
1478 1149 1738 1196 aromate.
1788 1141 2047 1209 quidquid
2092 1140 2315 1195 ﬂuidum

756 1231 808 1284 in
834 1232 927 1284 illo
970 1231 1200 1284 habetur
1245 1233 1296 1285 in
1329 1242 1535 1286 stacten
1586 1234 1697 1287 sive
1746 1243 1950 1303 guttam
2005 1232 2261 1285 dividitur
2298 1250 2310 1285 :

754 1321 900 1392 quod
937 1324 1175 1379 crassius
1204 1325 1479 1379 residuum
1513 1335 1615 1387 est,
1662 1328 1880 1397 myrrha
1926 1335 2166 1378 vocatur.
2207 1322 2313 1378 Ca-

753 1413 834 1465 sia
876 1420 1056 1466 autem
1103 1420 1188 1467 est
1225 1426 1411 1468 cortex
1450 1416 1824 1477 tenuissimus,
1875 1413 2311 1477 odoratissimus,

751 1503 845 1573 qui
878 1504 1087 1571 ligneos
1127 1506 1375 1560 surculos
1413 1507 1675 1561 obtendit.
1718 1508 1761 1559 A
1804 1508 2057 1560 domibus'
2076 1507 2313 1563 eburneis

751 1602 816 1638 ea:
855 1587 1039 1653 quibus
1072 1587 1451 1644 delectaverunt
1498 1601 1564 1644 te.
1600 1591 1816 1656 Domus,
1849 1593 1987 1646 aedes
2021 1593 2315 1662 splendidae

750 1689 804 1731 et
881 1680 1161 1749 magniﬁce
1226 1690 1446 1735 structae
1513 1690 1675 1751 atque
1755 1684 1953 1752 templa
2030 1684 2309 1739 dicuntur.

2426 596 2640 661 Κύριος
2676 592 2931 659 δύναμιν
2973 589 3071 642 καὶ
3119 585 3519 655 περιεζώσατο.
3549 584 3697 654 Αὕτη
3732 585 3795 654 δὴ
3820 581 3949 655 οὗνὴ

2422 687 2549 751 δόξα
2594 683 2757 737 αὑτοῦ
2791 682 2883 736 καὶ
2934 682 2967 751 ἡ
3022 678 3458 751 μεγαλοπρέπεια
3508 676 3711 746 εὐώδης
3762 678 3953 744 γέγονεν

2422 777 2573 846 ἡμῖν,
2604 775 2699 827 καὶ
2725 773 2798 837 ὡς
2833 775 2890 826 ὲν
2920 772 3068 837 τάξει
3095 768 3433 840 θυμιάματος
3480 768 3677 831 παντὸς
3728 768 3864 820 κατά
3906 768 3953 821 τὸ

2421 865 2650 937 ἀλλαχοῦ
2679 864 2963 935 εἰρημένον
2982 878 2995 891 ·
3024 862 3226 929 Μύρον
3265 859 3591 913 ἐκκενωθὲν
3613 857 3805 927 ὄνομά
3824 874 3948 912 σου·

2420 960 2512 1012 καὶ
2543 958 2624 1022 τὸ,
2653 958 2755 1022 Είς
2788 953 2987 1024 ὀσμὴν
3012 952 3259 1017 εὐωδίας
3282 968 3395 1005 σου
3416 949 3767 1019 δραμοῦμαι.
3792 950 3951 1003 Ἔστιν

2421 1052 2451 1119 ἡ
2484 1048 2687 1115 στακτὴ
2716 1046 2957 1117 σμύρνης
2980 1040 3116 1107 εἶδος
3144 1043 3483 1096 λεπτότατονσ
3516 1042 3953 1111 ὲκθλιόἐντοςγὰρ

2417 1141 2510 1193 τοῦ
2540 1141 2847 1212 ἀρώματος,
2882 1140 3002 1190 ὅσον
3031 1138 3126 1206 μὲν
3154 1134 3435 1207 γὰραύτοῦ
3467 1137 3621 1206 ῥυτὸν
3648 1136 3728 1198 εἰς
3745 1136 3952 1203 στακτὴν

2416 1232 2806 1302 ἁπομερίζεται
2840 1246 2852 1259 ·
2908 1230 2968 1282 τὸ
3019 1228 3076 1281 δὲ
3122 1228 3420 1298 παχύτερον
3449 1226 3725 1296 ἀπομένον
3764 1226 3953 1295 σμύρνα

2417 1323 2902 1395 προσαγορεύεται.
2940 1322 3001 1375 Ἠ
3034 1321 3091 1373 δὲ
3121 1320 3285 1372 κασία
3314 1318 3492 1387 φλοιός
3524 1317 3605 1380 τίς
3637 1318 3756 1369 ἐστι
3790 1316 3954 1368 λεπτό-

2412 1432 2572 1478 τατος
2619 1414 2715 1467 καὶ
2746 1412 2971 1480 εὐώδης,
3024 1408 3228 1479 ξυλώδη
3275 1409 3460 1478 κάρφη
3512 1405 3951 1475 περιτεινόμενος.

2426 1507 2557 1561 Ἀπὸ
2605 1505 2839 1573 ,Βάρεων
2883 1502 3284 1572 ἐλεφαντίνων
3318 1500 3386 1564 ἐξ
3414 1494 3501 1552 ὧν
3529 1496 3845 1566 ηὐφρανίὴ
3874 1512 3951 1549 σε.

2413 1596 2619 1665 Βάρεις
2650 1596 2749 1665 μὲν
2775 1595 2825 1647 οἱ
2853 1592 3157 1655 πολυτελεῖς
3174 1592 3267 1644 καὶ
3297 1588 3558 1660 ἐξαίρετοι
3583 1582 3745 1651 οἶκοι,
3776 1586 3886 1656 ἦτοι
3912 1586 3953 1637 ol

2415 1687 2550 1739 ναοί,
2596 1683 3021 1753 Ἐλεφαντίνας
3047 1682 3103 1736 δὲ
3128 1682 3224 1745 τὰς
3256 1679 3629 1749 ἀπεξεσμένας
3669 1677 3832 1731 οἱονεὶ
3874 1677 3954 1728 καὶ

755 1766 1021 1821 Eburneas
1070 1779 1248 1822 autem
1306 1770 1455 1835 dicit,
1504 1786 1601 1825 ceu
1649 1771 1849 1826 aﬂ‘abre
1898 1773 2200 1831 elaboratas
2248 1789 2304 1829 ac

2413 1776 2904 1847 περικαλλεστάτας
2952 1774 3131 1844 φησίν.
3161 1771 3421 1834 Βασιλέας
3451 1769 3506 1822 δὲ
3546 1767 3803 1838 ὀνομάζει
3842 1766 3953 1827 τοὺς

750 1860 1163 1927 pulcherrimas.
1212 1860 1383 1931 Reges
1428 1870 1585 1916 vocat
1631 1872 1847 1919 sanctos
1895 1865 2167 1934 apostolos
2215 1864 2309 1934 qui

749 1966 857 2002 una
912 1965 1033 2003 cum
1082 1951 1301 2006 Christo
1360 1963 1604 2023 regnant.
1669 1953 1835 2007 Filias
1862 1964 2044 2008 autem
2096 1971 2306 2020 eorum,

749 2043 959 2097 animas
1005 2059 1125 2111 quae
1176 2045 1418 2113 ipsorum
1468 2061 1629 2114 opera
1680 2047 1743 2100 ad
1798 2046 1890 2100 Dei
1947 2048 2309 2116 cognitionem

750 2146 1074 2201 regeneralze
1104 2145 1250 2201 sunt,
1286 2154 1406 2205 tina:
1437 2140 1598 2192 corda
1632 2155 1727 2193 sua
1770 2139 1822 2192 in
1852 2141 2045 2209 templa
2083 2141 2309 2195 concin-

748 2236 881 2280 nant
910 2226 1256 2282 ornatissima
1301 2229 1353 2282 in
1398 2228 1490 2284 Dei
1530 2231 1815 2293 honorem,
1852 2242 2013 2302 atque
2043 2233 2310 2287 delectant

746 2317 947 2387 ipsum.
975 2316 1206 2373 Perinde
1229 2318 1395 2390 igitur
1437 2330 1519 2376 est
1540 2338 1604 2377 ac
1634 2322 1681 2377 si
1716 2323 1957 2378 diceret:
1994 2323 2308 2379 Delectabe-

746 2405 843 2473 ris,
875 2421 909 2461 ο
943 2407 1185 2474 Domine,
1227 2423 1258 2463 a
1284 2409 1534 2464 domibus
1571 2410 1845 2473 eburneis,
1878 2428 2014 2481 quas
2042 2412 2096 2465 in
2135 2412 2307 2465 hono-

747 2514 859 2553 rem
893 2508 1044 2553 tuum
1093 2500 1218 2556 ﬁliae
1260 2516 1451 2571 regum
1494 2502 1854 2558 adornarunt.
1898 2503 2079 2557 Astitit
2125 2504 2306 2573 regina

741 2589 1000 2642 adextris
1035 2591 1139 2644 tuis
1176 2591 1229 2645 in
1279 2594 1465 2645 vestitu
1507 2592 1781 2648 deaurato.
1833 2593 2037 2664 Regina
2086 2594 2303 2664 quidem

746 2681 987 2736 Ecclesia
1014 2691 1117 2751 est,
1160 2692 1347 2754 utpote
1378 2686 1491 2756 regi
1522 2702 1719 2756 magno
1751 2689 2095 2756 desponsata.
2128 2686 2307 2742 Collo-

743 2774 886 2830 catio
932 2784 1114 2830 autem
1168 2792 1201 2831 a
1250 2777 1480 2842 dextris,
1541 2780 1802 2833 honorem
1871 2779 2140 2849 signiﬁcat
2194 2794 2304 2847 quo

741 2862 953 2919 fruetur
984 2866 1038 2920 in
1068 2865 1254 2922 futuro
1282 2870 1501 2923 saeculo.
1540 2866 1780 2924 Vestitus
1806 2881 1987 2925 autem
2035 2869 2304 2940 pretiosus

742 2966 891 3019 sunt,
934 2954 1088 3021 ﬁdes,
1130 2971 1275 3025 spes,
1325 2957 1582 3012 Charitas.
1620 2958 1722 3013 Sed
1772 2968 1827 3012 et
1874 2959 2019 3013 aliud
2067 2960 2304 3028 splendi-

738 3044 862 3101 dius
898 3047 1277 3103 vestimentum
1308 3049 1492 3115 babet,
1537 3050 1714 3119 ipsum
1756 3050 1961 3105 scilicet
2002 3050 2298 3104 Christum.

2414 1867 2597 1935 ἁγίους
2636 1866 2981 1929 ἀποστόλους,
3012 1864 3060 1917 οἳ
3088 1866 3181 1918 καὶ
3228 1859 3679 1934 συμϐασιλεύουσι
3717 1858 3795 1928 τῷ
3836 1858 3954 1929 Χρι-

2413 1958 2541 2028 στῷ.
2575 1958 2888 2029 Θυγατέρας
2919 1956 2974 2009 δὲ
3016 1957 3193 2011 αὐτῶν
3241 1954 3338 2019 τὰς
3386 1954 3453 2007 δι’
3489 1952 3667 2005 αὐτῶν
3721 1952 3802 2014 εις
3852 1950 3955 2003 θεο-

2409 2051 2647 2119 γνωσίαν
2679 2048 3183 2119 ἀναγεγεννημένας
3215 2046 3389 2117 ψυχὰς
3414 2085 3429 2110 ,
3460 2048 3516 2099 αἳ
3551 2045 3644 2098 καὶ
3674 2045 3838 2106 ναοὺς
3867 2040 3955 2103 τὰς

2409 2141 2615 2196 ἑαυτῶν
2665 2139 2890 2212 καρδίας
2940 2136 3253 2192 ἀποτελοῦσι
3280 2135 3841 2207 ιπερικαλλεστάτους,
3884 2132 3955 2191 είς

2409 2233 2572 2304 τιμὴν
2601 2231 2691 2285 τοῦ
2726 2230 2859 2284 Θεοῦ
2892 2228 3282 2303 εὖφραινούσας
3308 2225 3488 2280 αὐτόν.
3517 2224 3745 2293 Ὅμοιον
3772 2216 3866 2274 οὖν
3890 2219 3956 2282 ὡς

2407 2325 2455 2377 εἰ
2483 2322 2647 2395 λέγῃ·
2682 2320 3062 2391 Εὑφρανθήσῃ,
3107 2317 3293 2389 φησιν,
3340 2308 3385 2368 ὦ
3416 2313 3678 2374 Δέσποτα,
3714 2310 3824 2363 ἀπὸ
3873 2308 3957 2379 βά-

2410 2431 2546 2485 ρεων
2577 2411 2929 2481 ἐλεφαντίνων
2978 2403 3051 2461 ὧν
3084 2405 3484 2462 κατεσκεύασαν
3525 2404 3603 2467 εἰς
3656 2402 3754 2473 σὴν
3802 2399 3957 2470 τιμὴν

2409 2510 2464 2560 αἱ
2494 2506 2601 2559 τῶν
2632 2504 2891 2576 βασιλέων
2919 2501 3232 2571 θυγατέρες.
3254 2498 3528 2569 Παρέστη
3552 2498 3602 2565 ἡ
3618 2496 3958 2561 βασίλισσα

2406 2598 2475 2653 ἐκ
2500 2597 2713 2664 δεξιῶν
2742 2612 2859 2651 σου
2897 2596 2966 2649 ἐν
2991 2592 3280 2664 ἱματισμῷ
3317 2590 3641 2659 διαχρύσῳ.
3667 2587 3959 2642 Βασὶλισσα

2411 2694 2508 2763 μὲν
2534 2695 2569 2764 η
2614 2688 2924 2762 Ἐκκλησία,
2962 2688 3037 2752 ὼς
3066 2687 3251 2757 νύμφη
3284 2683 3546 2754 γενομένη
3576 2680 3667 2736 τοῦ
3725 2680 3957 2751 μεγάλου

2406 2786 2698 2857 βασιλέωςο
2751 2786 2784 2855 ή
2817 2783 2874 2837 δὲ
2908 2782 3094 2845 στάσις
3130 2781 3164 2851 ή
3196 2781 3261 2833 ὲκ
3297 2776 3482 2842 δεξιῶν
3524 2775 3622 2845 τὴν
3667 2773 3838 2844 τιμὴν
3872 2788 3959 2841 ση-

2410 2878 2588 2949 μαίνει
2616 2872 2684 2948 ἦς
2710 2873 3004 2929 ἀπολαύσει
3053 2874 3111 2926 ἐν
3153 2869 3231 2942 τῷ
3267 2870 3507 2942 μέλλοντι
3555 2865 3745 2920 αίῶνυ
3782 2866 3959 2936 ἱματι-

2407 2968 2541 3038 σμὸς
2567 2967 2624 3019 δὲ
2652 2966 2822 3034 αὐτῆς
2860 2963 3103 3026 ποικίλος
3131 2962 3330 3025 πίστις,
3373 2959 3549 3022 ἐλπὶς,
3580 2957 3765 3027 ἀγάπη
3785 2970 3800 2985 ⁸
3853 2954 3960 3024 ἔχει

2404 3059 2459 3112 δὲ
2492 3059 2583 3112 καὶ
2611 3058 2796 3129 ἕτερον
2832 3055 3043 3127 ίμάτιον
3061 3052 3452 3126 λαμπρότερον,
3483 3050 3572 3104 τὸν
3601 3048 3835 3120 Χριστὸν
3867 3048 3957 3100 αὑ-

739 3136 1047 3210 Quicunque
1084 3140 1254 3207 enim,
1308 3140 1403 3205 ait,
1433 3144 1488 3195 in
1534 3140 1801 3198 Christum
1854 3141 2112 3210 baptizati
2155 3143 2301 3211 estis,

2405 3150 2516 3204 τόν.
2546 3150 2717 3203 Ὅσοι
2748 3148 2874 3217 γὰρ,
2909 3147 3091 3218 φησὶν,
3120 3148 3207 3212 εις
3243 3142 3497 3214 Χριστὸν
3541 3140 3956 3207 ἐϐαπτίσθητε,

740 3228 1009 3283 Christum
1038 3232 1287 3286 induistis
1325 3232 1389 3285 ³⁸.

812 3320 896 3375 11.
936 3320 1099 3386 Audi,
1149 3321 1285 3389 filia,
1329 3332 1379 3376 et
1427 3325 1561 3376 vide.
1624 3323 1833 3378 Rursus
1876 3340 1973 3378 ceu
2020 3324 2085 3378 ad
2120 3324 2304 3378 Eccle-

740 3412 876 3465 siam
929 3426 1110 3465 sermo
1157 3424 1261 3466 est.
1302 3412 1371 3465 Et
1420 3412 1719 3466 obliviscere
1768 3414 2017 3483 populum
2077 3427 2223 3466 tuum
2252 3420 2303 3466 et

738 3501 951 3553 domum
982 3502 1151 3570 patris
1200 3504 1297 3555 tui.
1349 3501 1517 3558 Nemo
1554 3504 1753 3575 quippe
1788 3522 1959 3576 purus
1999 3507 2065 3561 ad
2096 3506 2301 3562 Christi

737 3589 897 3646 ﬁdem
946 3593 1177 3657 accedit,
1224 3595 1329 3649 nisi
1361 3596 1757 3665 praeteritorum
1789 3598 2057 3652 malorum
2089 3613 2299 3653 memo-

739 3682 874 3737 riam
899 3683 1122 3738 omnino
1150 3685 1381 3739 aboleat.
1420 3684 1661 3755 Populus
1684 3694 1862 3741 autem
1896 3685 2149 3741 Ecclesiae
2169 3686 2297 3739 olim

736 3787 892 3829 erant
937 3777 1255 3831 idololatraa.
1310 3777 1514 3833 Domus
1572 3789 1753 3833 autem
1809 3779 1980 3848 patris
2030 3780 2148 3848 ejus
2206 3793 2297 3833 sa-

736 3867 943 3937 pientes
972 3868 1177 3931 saaculi,
1224 3870 1277 3923 iu
1329 3871 1527 3938 quibus
1560 3872 1717 3940 quasi
1756 3870 1811 3923 in
1842 3873 2003 3926 domo
2035 3872 2299 3926 inhabitat

737 3958 989 4017 Satanas.
1024 3959 1093 4015 Et
1132 3961 1247 4030 ﬁlia
1281 3961 1406 4032 Tyri
1452 3963 1506 4017 in
1548 3964 1869 4017 muneribus.
1920 3962 2003 4018 Ab
2047 3980 2149 4017 una
2188 3963 2296 4034 Ty-

732 4054 942 4108 riorum
1010 4062 1210 4124 gente,
1284 4054 1527 4124 gentium
1590 4054 1929 4109 vocationem
1999 4054 2289 4121 signiﬁcat.

733 4142 926 4215 Tyrios
972 4154 1153 4199 autem
1213 4148 1553 4211 memoravit,
1615 4147 1742 4214 quia
1793 4145 1897 4215 ipsi
1954 4146 2292 4214 potissimum

731 4236 835 4305 piae
874 4236 1235 4292 institutionis
1274 4237 1483 4292 inimici
1507 4248 1706 4291 essent.

2403 3240 2658 3311 Χριστὸν
2682 3238 3068 3291 ἐνεδύσασθε.

2478 3335 2799 3391 Ἄκουσον,
2828 3328 3098 3397 θύγατερ,
3122 3323 3219 3378 καὶ
3254 3320 3364 3375 ῑδε.
3406 3320 3517 3375 Καὶ
3545 3319 3703 3375 πάλιν
3722 3318 3800 3383 ὡς
3826 3318 3961 3389 πρὸς

2400 3425 2499 3494 τὴν
2532 3421 2852 3492 Ἐκκλησίαν
2891 3417 2919 3471 ό
2950 3418 3105 3486 λόγος
3131 3410 3300 3478 οὗτος.
3358 3412 3465 3466 Kal
3512 3408 3802 3465 ἐπιλάθου
3855 3407 3959 3461 τοῦ

2399 3516 2552 3571 λαοῦ
2572 3528 2688 3569 σου
2718 3513 2815 3567 καί
2840 3511 2946 3565 τοῦ
2975 3509 3144 3564 οῑκου
3170 3506 3277 3560 τοῦ
3302 3506 3523 3572 πατρός
3561 3517 3698 3555 σου.
3744 3500 3867 3554 Οὐκ
3897 3498 3961 3551 ἂν

2399 3608 2507 3679 γάρ
2538 3622 2622 3669 τις
2644 3603 2880 3683 καθαρδς
2908 3604 2971 3673 τῇ
2992 3600 3078 3653 διά
3104 3594 3338 3670 Χριστοῦ
3367 3593 3729 3665 προσέρχεται
3750 3591 3958 3650 πίστει,

2402 3699 2475 3768 μὴ
2509 3697 2747 3764 παντελῆ
2777 3694 2944 3765 λήθην
2994 3691 3100 3743 τῶν
3146 3686 3422 3759 προτέρων
3463 3683 3831 3753 ποιησάμενος
3863 3697 3961 3732 κα-

2400 3790 2530 3843 κῶν.
2560 3788 2700 3850 Λαὸς
2723 3786 2780 3839 δὲ
2813 3784 2978 3838 πάλαι
3002 3782 3099 3851 τῆς
3134 3775 3450 3848 Ἐκκλησίας
3473 3775 3523 3828 οἱ
3550 3770 3957 3841 εἰδωλολάτραι.

2396 3878 2554 3944 Οἶκος
2585 3880 2641 3932 δὲ
2674 3877 2765 3931 τοῦ
2807 3875 3008 3947 πατρὸς
3028 3874 3215 3942 αὐτῆς,
3247 3872 3296 3924 οἱ
3339 3867 3490 3936 σοφοὶ
3527 3864 3619 3919 τοῦ
3649 3864 3875 3925 αἰῶνος,
3904 3864 3961 3913 ὲν

2395 3962 2474 4030 οἷς
2502 3968 2745 4019 κατοικεῖ
2774 3963 2957 4032 ὥσπερ
2993 3964 3048 4014 ἐν
3078 3958 3243 4020 οἴκοις
3268 3961 3295 4010 ὁ
3331 3956 3598 4018 Σατανᾶς.
3632 3952 3741 4006 Kal
3769 3950 3955 4017 θυγά-

2395 4074 2501 4124 τηρ
2537 4058 2719 4124 Τύρου
2759 4055 2827 4107 ἐν
2872 4052 3098 4119 δώροις.
3150 4047 3279 4100 Ἀπὸ
3318 4046 3433 4107 ἑνὸς
3467 4044 3670 4107 ἔθνους,
3702 4039 3799 4094 τοῦ
3853 4041 3962 4092 Τυ-

2396 4146 2526 4217 ρίων
2578 4142 2740 4212 φημὶ,
2796 4141 2894 4211 τὴν
2927 4138 3031 4191 τῶν
3078 4135 3243 4189 ἐθνῶν
3294 4134 3483 4203 κλῆσιν
3532 4130 3958 4201 κατασημαίνει.

2393 4233 2531 4296 Τοὺς
2564 4230 2792 4303 Τυρίους
2832 4227 2889 4280 δὲ
2939 4226 3206 4295 ὠνόμασε,
3256 4222 3345 4276 διά
3371 4221 3433 4274 τὸ
3478 4220 3710 4291 μάλιστα
3755 4220 3963 4280 αὐτοὺς

2393 4325 2621 4396 ἐχθροὺς
2648 4318 2784 4376 εἶναι
2802 4318 2895 4373 τοῦ
2920 4316 3174 4379 εὐσεὸοῦς
3204 4312 3613 4383 πολιτεύματος.

802 4408 887 4463 13.
949 4408 1161 4463 Vultum
1214 4422 1363 4463 tuum
1412 4411 1832 4478 deprecabuntur
1877 4413 2061 4465 divites
2102 4414 2284 4479 plebis.

2468 4414 2540 4468 Τὸ
2596 4412 2919 4481 πρόσωπόν
2967 4423 3081 4462 σου
3129 4405 3596 4460 λιτανεύσουσιν
3646 4403 3703 4454 οἱ
3762 4400 3960 4452 πλού-

728 4497 843 4555 Βοο
885 4499 963 4552 ait
1028 4499 1377 4571 Evangelium
1434 4502 1653 4571 regibus
1699 4503 2023 4571 praedicans,
2068 4513 2121 4557 et
2153 4506 2291 4573 opti-

729 4590 1008 4659 matibus:
1074 4590 1254 4645 Adora
1310 4590 1604 4647 Eeclesiam
1651 4593 1765 4647 sive
1800 4595 1919 4663 ejus
1979 4595 2286 4649 Dominum.

730 4679 913 4735 Omnis
972 4681 1144 4751 gloria
1175 4683 1301 4751 ﬁliae
1331 4686 1465 4754 regis
1516 4685 1579 4738 ab
1616 4686 1778 4751 intus,
1825 4687 1881 4739 in
1921 4686 2146 4753 fimbriis
2191 4703 2289 4739 au-

727 4772 847 4825 reis.
896 4770 1154 4826 Pietatem
1204 4788 1357 4837 voce,
1420 4773 1482 4825 ab
1529 4776 1693 4837 intus,
1735 4776 2055 4845 signiﬁcat:
2126 4776 2288 4845 spiri-

724 4864 887 4918 tualis
921 4879 1157 4934 namque
1199 4875 1281 4921 est
1321 4876 1548 4923 ornatus
1580 4868 1851 4924 Ecclesiae.
1897 4869 2165 4925 Fimbrias
2193 4885 2288 4924 au-

724 4966 829 5012 tem
856 4958 989 5013 dicit
1028 4958 1356 5028 multiplices
1396 4963 1575 5029 specie
1613 4962 1860 5015 virtutes.

2393 4519 2515 4558 σιοι
2546 4503 2652 4557 τοῦ
2705 4501 2875 4557 λαοῦ.
2907 4498 3075 4553 Τοῦτό
3112 4514 3278 4567 φησιν
3323 4493 3807 4563 εὐαγγελιζόμενος
3867 4492 3963 4544 καὶ

2394 4597 2585 4659 αὐτοὺς
2621 4595 2745 4657 τοὺς
2769 4590 3023 4663 βασιλεῖς,
3056 4588 3149 4643 καὶ
3168 4587 3295 4650 τοὺς
3326 4588 3384 4641 ὲν
3416 4585 3705 4654 ὑπεροχαῖς
3749 4584 3919 4647 ὄντας
3946 4598 3959 4611 ⁸

2395 4683 2775 4756 Προσκύνησον
2820 4683 2920 4751 τὴν
2966 4678 3309 4749 Ἐκκλησίαν,
3344 4678 3459 4747 ἦτοι
3494 4674 3578 4727 τὸν
3606 4673 3810 4742 ἑαυτῆς
3846 4672 3965 4727 Κύ-

2397 4794 2530 4848 ριον.
2566 4773 2740 4830 Πᾶσα
2781 4774 2819 4841 ἢ
2861 4772 3009 4837 δόξα
3040 4769 3149 4837 τῆς
3182 4765 3468 4837 θυγατρὸς
3496 4765 3601 4819 τοῦ
3637 4763 3962 4829 βασιλέως

2395 4868 2620 4921 ἔσωθεν
2645 4867 2713 4919 ὲν
2742 4863 3106 4933 κροσσωτοῖς
3137 4859 3403 4929 χρυσοῖς.
3437 4857 3509 4910 Τὸ
3542 4855 3768 4918 εὐσεϐὲς
3806 4855 3938 4909 ἔσω

2395 4962 2497 5013 θεν
2519 4958 2799 5030 σημαίνει·
2833 4954 3019 5025 νοητὸς
3046 4953 3153 5022 γὰρ
3174 4955 3202 5004 ό
3231 4952 3429 5020 κόσμος
3449 4948 3545 5018 τῆς
3586 4945 3926 5018 Ἐκκλησιας
3947 4964 3959 4975 ·

2389 5049 2653 5110 κοοσσοὺς
2683 5046 2738 5100 δὲ
2768 5045 2865 5109 τὰς
2897 5042 3194 5105 πολυειδεῖς
3223 5039 3441 5111 ἀρετάς.

794 5130 878 5184 15.
920 5131 1262 5187 Addueentur
1312 5135 1422 5205 regi
1474 5136 1697 5203 virgines
1751 5145 1869 5204 post
1910 5152 2046 5189 eam.
2105 5134 2291 5189 Simile

2475 5136 3007 5207 Ἀπενεχθήσονται
3039 5131 3119 5197 τῷ
3154 5129 3407 5196 ,ϐασιλεῖ
3442 5128 3721 5197 παρθένοι
3759 5130 3969 5183 ὀπίσω

722 5223 847 5279 huic
916 5243 929 5279 :
1002 5225 1288 5293 Rapiemur
1346 5229 1401 5281 in
1461 5228 1683 5282 nubibus
1720 5229 1923 5282 obviam
1977 5228 2202 5282 Domino
2234 5230 2289 5281 in

2391 5229 2594 5297 αὐτῆς.
2639 5231 2856 5299 Ὅμοιον
2889 5228 2983 5292 τὸ,
3024 5224 3501 5293 Ἀρπαγησόμεθα
3550 5222 3619 5274 ἐν
3662 5223 3969 5289 νεφέλαις

717 5332 842 5368 arra
872 5318 937 5373 ἐ.
995 5316 1231 5372 Rursum
1280 5336 1375 5388 per
1423 5320 1684 5390 virginem
1712 5320 2009 5376 Ecclesium
2042 5322 2241 5376 indicat
2273 5341 2285 5375 :

2391 5326 2470 5388 είς
2510 5320 2847 5387 ἀπάντησιν
2876 5320 2979 5373 τοῦ
2997 5318 3232 5384 'Kvpt’ov
3258 5318 3344 5381 είς
3372 5314 3534 5383 ἀέρα.
3571 5314 3739 5367 Πάλιν
3766 5314 3834 5368 δὲ
3882 5315 3969 5368 δα

1886 5462 1931 5492 ’⁸
2026 5462 2151 5516 ibid.
2205 5463 2257 5514 3.
2341 5464 2385 5493 “
2432 5472 2589 5517 satat.
2628 5479 2715 5521 Ill,
2763 5461 2844 5514 l7.
2933 5461 2976 5489 ’θ
3007 5456 3025 5509 1
3055 5455 3240 5510 Thess.
3277 5470 3347 5521 Iv,
3388 5455 3471 5508 ib.

1368 5462 1411 5491 ³³
1443 5462 1593 5515 Cant.
1649 5480 1660 5513 ι
1730 5462 1783 5513 2.
1886 5462 1931 5492 “
2026 5462 2151 5516 ibid.
2205 5463 2257 5514 3.
2341 5464 2385 5493 “
2432 5472 2589 5517 Jaiat.
2628 5479 2715 5525 ιιι,
2763 5461 2844 5514 17.

789 5459 833 5487 ’⁸
864 5457 1014 5512 'Psal.
1048 5477 1175 5524 xcn,
1222 5461 1268 5513 l.

786 5692 895 5761 (l6)
929 5692 983 5746 ln
1014 5693 1133 5748 aliis
1167 5696 1371 5748 catenis
1407 5697 1515 5749 hanc
1544 5692 1730 5751 Basilii
1771 5708 1890 5749 esse
1930 5694 2199 5747 dicuntur.
