  <div class='ocr_page' id='page_1' title='image "/cluster/home/n/w/nwhite01/storage/ocr_20150623/27/pst.000005712182/114.png"; bbox 0 0 4086 6308; ppageno 0'>
   <div class='ocr_carea' id='block_1_1' title="bbox 137 365 1682 426">
    <p class='ocr_par' dir='ltr' id='par_1_1' title="bbox 137 365 1682 424">
     <span class='ocr_line' id='line_1_1' title="bbox 137 365 1682 424; baseline 0.001 -5"><span class='ocrx_word' id='word_1_1' title='bbox 137 365 243 423; x_wconf 69' lang='lat'><strong>215</strong></span> <span class='ocrx_word' id='word_1_2' title='bbox 1223 365 1581 424; x_wconf 75' lang='grc' dir='ltr'><strong>ΕΧΡΟΞΙΤΙΟ</strong></span> <span class='ocrx_word' id='word_1_3' title='bbox 1639 365 1682 420; x_wconf 69' lang='lat' dir='ltr'><strong>li</strong></span> 
     </span>
    </p>
   </div>
   <div class='ocr_carea' id='block_1_2' title="bbox 1773 365 3350 426">
    <p class='ocr_par' dir='ltr' id='par_1_2' title="bbox 1773 367 3350 426">
     <span class='ocr_line' id='line_1_2' title="bbox 1773 367 3350 426; baseline 0.001 -4"><span class='ocrx_word' id='word_1_4' title='bbox 1773 367 2071 423; x_wconf 73' lang='lat' dir='ltr'><strong>’SALMUM</strong></span> <span class='ocrx_word' id='word_1_5' title='bbox 2114 367 2270 422; x_wconf 83' lang='lat' dir='ltr'><strong>XLV.</strong></span> <span class='ocrx_word' id='word_1_6' title='bbox 3243 367 3350 426; x_wconf 71' lang='grc'><strong>214</strong></span> 
     </span>
    </p>
   </div>
   <div class='ocr_carea' id='block_1_3' title="bbox 136 484 1682 560">
    <p class='ocr_par' dir='ltr' id='par_1_3' title="bbox 136 485 1682 560">
     <span class='ocr_line' id='line_1_3' title="bbox 136 485 1682 560; baseline 0.005 -24"><span class='ocrx_word' id='word_1_7' title='bbox 136 486 234 554; x_wconf 82' lang='grc' dir='ltr'>τῆς</span> <span class='ocrx_word' id='word_1_8' title='bbox 276 486 545 557; x_wconf 80' lang='grc' dir='ltr'><strong>παρθένου</strong></span> <span class='ocrx_word' id='word_1_9' title='bbox 593 486 693 556; x_wconf 85' lang='grc' dir='ltr'>τὴν</span> <span class='ocrx_word' id='word_1_10' title='bbox 739 485 1061 555; x_wconf 75' lang='grc' dir='ltr'><strong>Ἐκκλησίαν</strong></span> <span class='ocrx_word' id='word_1_11' title='bbox 1099 489 1380 557; x_wconf 77' lang='grc' dir='ltr'><strong>σημαίνει·</strong></span> <span class='ocrx_word' id='word_1_12' title='bbox 1429 489 1682 560; x_wconf 80' lang='grc' dir='ltr'><strong>Ἦρμοσά-</strong></span> 
     </span>
    </p>
   </div>
   <div class='ocr_carea' id='block_1_4' title="bbox 1773 484 3344 560">
    <p class='ocr_par' dir='ltr' id='par_1_4' title="bbox 1801 484 3344 557">
     <span class='ocr_line' id='line_1_4' title="bbox 1801 484 3344 557; baseline -0.001 -17"><span class='ocrx_word' id='word_1_13' title='bbox 1801 487 2065 555; x_wconf 88' lang='lat' dir='ltr'><strong>Despondi</strong></span> <span class='ocrx_word' id='word_1_14' title='bbox 2103 490 2247 545; x_wconf 87' lang='lat' dir='ltr'><strong>enim</strong></span> <span class='ocrx_word' id='word_1_15' title='bbox 2281 504 2377 543; x_wconf 84' lang='lat' dir='ltr'><strong>vos</strong></span> <span class='ocrx_word' id='word_1_16' title='bbox 2403 487 2664 557; x_wconf 73' lang='lat' dir='ltr'><strong>virginem</strong></span> <span class='ocrx_word' id='word_1_17' title='bbox 2710 501 2898 555; x_wconf 89' lang='lat' dir='ltr'><strong>puram</strong></span> <span class='ocrx_word' id='word_1_18' title='bbox 2931 485 3180 540; x_wconf 77' lang='lat' dir='ltr'><strong>exhibere</strong></span> <span class='ocrx_word' id='word_1_19' title='bbox 3218 484 3344 540; x_wconf 86' lang='lat' dir='ltr'><strong>Deo.</strong></span> 
     </span>
    </p>
   </div>
   <div class='ocr_carea' id='block_1_5' title="bbox 139 573 1682 650">
    <p class='ocr_par' dir='ltr' id='par_1_5' title="bbox 139 574 1682 650">
     <span class='ocr_line' id='line_1_5' title="bbox 139 574 1682 650; baseline 0.005 -25"><span class='ocrx_word' id='word_1_20' title='bbox 139 592 250 644; x_wconf 89' lang='grc' dir='ltr'>μην</span> <span class='ocrx_word' id='word_1_21' title='bbox 279 574 386 645; x_wconf 82' lang='grc' dir='ltr'>γὰρ</span> <span class='ocrx_word' id='word_1_22' title='bbox 423 576 568 644; x_wconf 72' lang='grc' dir='ltr'>ὑμᾶς</span> <span class='ocrx_word' id='word_1_23' title='bbox 600 575 862 646; x_wconf 74' lang='grc' dir='ltr'><strong>παρθένον</strong></span> <span class='ocrx_word' id='word_1_24' title='bbox 886 578 1055 647; x_wconf 83' lang='grc' dir='ltr'>ἁγνὴν</span> <span class='ocrx_word' id='word_1_25' title='bbox 1080 579 1425 650; x_wconf 69' lang='grc' dir='ltr'><strong>παραστῆσαι</strong></span> <span class='ocrx_word' id='word_1_26' title='bbox 1453 579 1532 649; x_wconf 79' lang='grc' dir='ltr'>τῷ</span> <span class='ocrx_word' id='word_1_27' title='bbox 1556 579 1682 649; x_wconf 82' lang='grc' dir='ltr'><strong>Θεῷ.</strong></span> 
     </span>
    </p>
   </div>
   <div class='ocr_carea' id='block_1_6' title="bbox 1773 573 3348 650">
    <p class='ocr_par' dir='ltr' id='par_1_6' title="bbox 1797 573 3348 648">
     <span class='ocr_line' id='line_1_6' title="bbox 1797 573 3348 648; baseline -0.001 -18"><span class='ocrx_word' id='word_1_28' title='bbox 1797 577 2062 632; x_wconf 67' lang='lat' dir='ltr'><strong>Proximis</strong></span> <span class='ocrx_word' id='word_1_29' title='bbox 2084 578 2196 648; x_wconf 87' lang='lat' dir='ltr'><strong>ejus</strong></span> <span class='ocrx_word' id='word_1_30' title='bbox 2232 579 2517 648; x_wconf 70' lang='lat' dir='ltr'><strong>aﬂ&#39;erentur</strong></span> <span class='ocrx_word' id='word_1_31' title='bbox 2545 576 2657 630; x_wconf 88' lang='lat' dir='ltr'><strong>tibi.</strong></span> <span class='ocrx_word' id='word_1_32' title='bbox 2687 573 2819 628; x_wconf 85' lang='lat' dir='ltr'><strong>Nam</strong></span> <span class='ocrx_word' id='word_1_33' title='bbox 2846 575 3142 646; x_wconf 91' lang='lat' dir='ltr'><strong>virginitati</strong></span> <span class='ocrx_word' id='word_1_34' title='bbox 3174 578 3348 645; x_wconf 79' lang='lat' dir='ltr'><strong>proxi-</strong></span> 
     </span>
    </p>
   </div>
   <div class='ocr_carea' id='block_1_7' title="bbox 134 667 1682 742">
    <p class='ocr_par' dir='ltr' id='par_1_7' title="bbox 134 667 1682 742">
     <span class='ocr_line' id='line_1_7' title="bbox 134 667 1682 742; baseline 0.002 -21"><span class='ocrx_word' id='word_1_35' title='bbox 134 669 201 721; x_wconf 68' lang='grc' dir='ltr'><strong>ΑΖ</strong></span> <span class='ocrx_word' id='word_1_36' title='bbox 227 669 495 735; x_wconf 71' lang='grc' dir='ltr'>πλησίον</span> <span class='ocrx_word' id='word_1_37' title='bbox 525 667 717 734; x_wconf 83' lang='grc' dir='ltr'>αὐτῆς</span> <span class='ocrx_word' id='word_1_38' title='bbox 748 668 1260 739; x_wconf 76' lang='grc' dir='ltr'>ἀπενεχθήσονταί</span> <span class='ocrx_word' id='word_1_39' title='bbox 1303 689 1418 724; x_wconf 92' lang='grc' dir='ltr'>σοι.</span> <span class='ocrx_word' id='word_1_40' title='bbox 1451 673 1559 742; x_wconf 84' lang='grc' dir='ltr'>Τῆς</span> <span class='ocrx_word' id='word_1_41' title='bbox 1589 672 1682 742; x_wconf 65' lang='grc' dir='ltr'><strong>γὰρ</strong></span> 
     </span>
    </p>
   </div>
   <div class='ocr_carea' id='block_1_8' title="bbox 1773 667 3348 742">
    <p class='ocr_par' dir='ltr' id='par_1_8' title="bbox 1794 667 3348 739">
     <span class='ocr_line' id='line_1_8' title="bbox 1794 667 3348 739; baseline -0.003 -13"><span class='ocrx_word' id='word_1_42' title='bbox 1794 685 1880 726; x_wconf 91' lang='lat' dir='ltr'><strong>ma</strong></span> <span class='ocrx_word' id='word_1_43' title='bbox 1915 680 1998 727; x_wconf 91' lang='lat' dir='ltr'><strong>est</strong></span> <span class='ocrx_word' id='word_1_44' title='bbox 2033 671 2382 726; x_wconf 91' lang='lat' dir='ltr'><strong>continentia.</strong></span> <span class='ocrx_word' id='word_1_45' title='bbox 2413 667 2688 739; x_wconf 90' lang='lat' dir='ltr'><strong>Quotquot</strong></span> <span class='ocrx_word' id='word_1_46' title='bbox 2717 667 2879 737; x_wconf 78' lang='lat' dir='ltr'><strong>igitur</strong></span> <span class='ocrx_word' id='word_1_47' title='bbox 2917 667 3112 721; x_wconf 65' lang='lat' dir='ltr'><strong>anime</strong></span> <span class='ocrx_word' id='word_1_48' title='bbox 3138 681 3194 720; x_wconf 88' lang='lat' dir='ltr'><strong>se</strong></span> <span class='ocrx_word' id='word_1_49' title='bbox 3219 682 3348 722; x_wconf 85' lang='lat' dir='ltr'><strong>con-</strong></span> 
     </span>
    </p>
   </div>
   <div class='ocr_carea' id='block_1_9' title="bbox 135 758 1682 833">
    <p class='ocr_par' dir='ltr' id='par_1_9' title="bbox 135 758 1682 833">
     <span class='ocr_line' id='line_1_9' title="bbox 135 758 1682 833; baseline 0.003 -23"><span class='ocrx_word' id='word_1_50' title='bbox 135 758 437 828; x_wconf 82' lang='grc' dir='ltr'>παρθενίας</span> <span class='ocrx_word' id='word_1_51' title='bbox 460 759 688 830; x_wconf 80' lang='grc' dir='ltr'><strong>πλησίον</strong></span> <span class='ocrx_word' id='word_1_52' title='bbox 716 762 749 828; x_wconf 86' lang='grc' dir='ltr'>ή</span> <span class='ocrx_word' id='word_1_53' title='bbox 767 761 1078 830; x_wconf 74' lang='grc' dir='ltr'>ἐγκράτεια.</span> <span class='ocrx_word' id='word_1_54' title='bbox 1112 761 1273 815; x_wconf 80' lang='grc' dir='ltr'>Ὅσαι</span> <span class='ocrx_word' id='word_1_55' title='bbox 1300 763 1475 815; x_wconf 83' lang='grc' dir='ltr'>τοίνυν</span> <span class='ocrx_word' id='word_1_56' title='bbox 1502 766 1682 833; x_wconf 79' lang='grc' dir='ltr'>ἐγκρα-</span> 
     </span>
    </p>
   </div>
   <div class='ocr_carea' id='block_1_10' title="bbox 1773 758 3344 833">
    <p class='ocr_par' dir='ltr' id='par_1_10' title="bbox 1793 759 3344 830">
     <span class='ocr_line' id='line_1_10' title="bbox 1793 759 3344 830; baseline -0.005 -13"><span class='ocrx_word' id='word_1_57' title='bbox 1793 763 1963 818; x_wconf 82' lang='lat' dir='ltr'><strong>tinent</strong></span> <span class='ocrx_word' id='word_1_58' title='bbox 1993 779 2024 818; x_wconf 91' lang='lat' dir='ltr'><strong>a</strong></span> <span class='ocrx_word' id='word_1_59' title='bbox 2058 763 2213 818; x_wconf 86' lang='lat' dir='ltr'><strong>malis</strong></span> <span class='ocrx_word' id='word_1_60' title='bbox 2240 763 2470 827; x_wconf 82' lang='lat' dir='ltr'><strong>actibus,</strong></span> <span class='ocrx_word' id='word_1_61' title='bbox 2507 763 2637 830; x_wconf 65' lang='lat' dir='ltr'><strong>ipsa</strong></span> <span class='ocrx_word' id='word_1_62' title='bbox 2678 775 2897 830; x_wconf 88' lang='lat' dir='ltr'><strong>quoque</strong></span> <span class='ocrx_word' id='word_1_63' title='bbox 2936 773 3044 814; x_wconf 90' lang='lat' dir='ltr'><strong>una</strong></span> <span class='ocrx_word' id='word_1_64' title='bbox 3079 759 3344 813; x_wconf 85' lang='lat' dir='ltr'><strong>abducen-</strong></span> 
     </span>
    </p>
   </div>
   <div class='ocr_carea' id='block_1_11' title="bbox 131 845 1682 923">
    <p class='ocr_par' dir='ltr' id='par_1_11' title="bbox 131 845 1682 922">
     <span class='ocr_line' id='line_1_11' title="bbox 131 845 1682 922; baseline 0.004 -25"><span class='ocrx_word' id='word_1_65' title='bbox 131 845 384 899; x_wconf 81' lang='grc' dir='ltr'>τεύονται</span> <span class='ocrx_word' id='word_1_66' title='bbox 413 847 580 914; x_wconf 73' lang='grc' dir='ltr'>ψυχαὶ</span> <span class='ocrx_word' id='word_1_67' title='bbox 605 846 844 916; x_wconf 88' lang='grc' dir='ltr'>δηλονότι</span> <span class='ocrx_word' id='word_1_68' title='bbox 880 849 986 901; x_wconf 82' lang='grc' dir='ltr'>ἀπὸ</span> <span class='ocrx_word' id='word_1_69' title='bbox 1015 848 1263 919; x_wconf 83' lang='grc' dir='ltr'>πράξεων</span> <span class='ocrx_word' id='word_1_70' title='bbox 1299 851 1565 922; x_wconf 86' lang='grc' dir='ltr'><strong>πονηρῶν,</strong></span> <span class='ocrx_word' id='word_1_71' title='bbox 1601 851 1682 905; x_wconf 68' lang='grc' dir='ltr'>καὶ</span> 
     </span>
    </p>
   </div>
   <div class='ocr_carea' id='block_1_12' title="bbox 1773 845 3343 923">
    <p class='ocr_par' dir='ltr' id='par_1_12' title="bbox 1790 852 3343 923">
     <span class='ocr_line' id='line_1_12' title="bbox 1790 852 3343 923; baseline -0.006 -11"><span class='ocrx_word' id='word_1_72' title='bbox 1790 865 1898 912; x_wconf 87' lang='lat' dir='ltr'><strong>tur.</strong></span> <span class='ocrx_word' id='word_1_73' title='bbox 1929 856 2060 923; x_wconf 65' lang='lat' dir='ltr'><strong>Quae</strong></span> <span class='ocrx_word' id='word_1_74' title='bbox 2088 855 2427 912; x_wconf 84' lang='lat' dir='ltr'><strong>abducuntur</strong></span> <span class='ocrx_word' id='word_1_75' title='bbox 2458 861 2638 910; x_wconf 87' lang='lat' dir='ltr'><strong>autem</strong></span> <span class='ocrx_word' id='word_1_76' title='bbox 2675 853 2917 908; x_wconf 69' lang='lat' dir='ltr'><strong>laetitiam</strong></span> <span class='ocrx_word' id='word_1_77' title='bbox 2947 861 3001 906; x_wconf 90' lang='lat' dir='ltr'><strong>et</strong></span> <span class='ocrx_word' id='word_1_78' title='bbox 3024 852 3343 906; x_wconf 73' lang='lat' dir='ltr'><strong>exsultatio-</strong></span> 
     </span>
    </p>
   </div>
   <div class='ocr_carea' id='block_1_13' title="bbox 131 936 1682 1018">
    <p class='ocr_par' dir='ltr' id='par_1_13' title="bbox 131 936 1682 1010">
     <span class='ocr_line' id='line_1_13' title="bbox 131 936 1682 1010; baseline 0.005 -22"><span class='ocrx_word' id='word_1_79' title='bbox 131 936 300 989; x_wconf 78' lang='grc' dir='ltr'>αὐταὶ</span> <span class='ocrx_word' id='word_1_80' title='bbox 359 938 878 1009; x_wconf 84' lang='grc' dir='ltr'>συναπαχθήσονται.</span> <span class='ocrx_word' id='word_1_81' title='bbox 912 939 1200 1010; x_wconf 79' lang='grc' dir='ltr'>Συμὸαίνει</span> <span class='ocrx_word' id='word_1_82' title='bbox 1245 941 1300 995; x_wconf 88' lang='grc' dir='ltr'>δὲ</span> <span class='ocrx_word' id='word_1_83' title='bbox 1342 942 1438 1005; x_wconf 81' lang='grc' dir='ltr'><strong>τὰς</strong></span> <span class='ocrx_word' id='word_1_84' title='bbox 1484 946 1682 1010; x_wconf 84' lang='grc' dir='ltr'>ἀπαγο-</span> 
     </span>
    </p>
   </div>
   <div class='ocr_carea' id='block_1_14' title="bbox 1773 936 3338 1018">
    <p class='ocr_par' dir='ltr' id='par_1_14' title="bbox 1790 943 3338 1018">
     <span class='ocr_line' id='line_1_14' title="bbox 1790 943 3338 1018; baseline -0.003 -16"><span class='ocrx_word' id='word_1_85' title='bbox 1790 963 1913 1002; x_wconf 90' lang='lat' dir='ltr'><strong>nem</strong></span> <span class='ocrx_word' id='word_1_86' title='bbox 1945 958 2368 1018; x_wconf 87' lang='lat' dir='ltr'><strong>consequuntur.</strong></span> <span class='ocrx_word' id='word_1_87' title='bbox 2415 947 2758 1002; x_wconf 80' lang='lat' dir='ltr'><strong>Adducentur</strong></span> <span class='ocrx_word' id='word_1_88' title='bbox 2796 946 2851 998; x_wconf 87' lang='lat' dir='ltr'><strong>in</strong></span> <span class='ocrx_word' id='word_1_89' title='bbox 2897 943 3140 1013; x_wconf 85' lang='lat' dir='ltr'><strong>templum</strong></span> <span class='ocrx_word' id='word_1_90' title='bbox 3188 944 3338 1012; x_wconf 84' lang='lat' dir='ltr'><strong>regis.</strong></span> 
     </span>
    </p>
   </div>
   <div class='ocr_carea' id='block_1_15' title="bbox 135 1027 1682 1107">
    <p class='ocr_par' dir='ltr' id='par_1_15' title="bbox 135 1027 1682 1107">
     <span class='ocr_line' id='line_1_15' title="bbox 135 1027 1682 1107; baseline 0.006 -28"><span class='ocrx_word' id='word_1_91' title='bbox 135 1027 306 1096; x_wconf 75' lang='grc' dir='ltr'>μένας</span> <span class='ocrx_word' id='word_1_92' title='bbox 361 1029 691 1099; x_wconf 75' lang='grc' dir='ltr'>εὐφροσύνην</span> <span class='ocrx_word' id='word_1_93' title='bbox 750 1031 842 1084; x_wconf 78' lang='grc' dir='ltr'>καὶ</span> <span class='ocrx_word' id='word_1_94' title='bbox 885 1032 1202 1099; x_wconf 75' lang='grc' dir='ltr'>ἀγαλλίασιν</span> <span class='ocrx_word' id='word_1_95' title='bbox 1240 1034 1455 1087; x_wconf 82' lang='grc' dir='ltr'>αἰώνιον</span> <span class='ocrx_word' id='word_1_96' title='bbox 1490 1037 1682 1107; x_wconf 80' lang='grc' dir='ltr'>εὑρεῖν.</span> 
     </span>
    </p>
   </div>
   <div class='ocr_carea' id='block_1_16' title="bbox 1773 1027 2329 1107">
    <p class='ocr_par' dir='ltr' id='par_1_16' title="bbox 1789 1039 2329 1096">
     <span class='ocr_line' id='line_1_16' title="bbox 1789 1039 2329 1096; baseline 0 -2"><span class='ocrx_word' id='word_1_97' title='bbox 1789 1039 2022 1096; x_wconf 68' lang='lat' dir='ltr'><strong>Caeleste</strong></span> <span class='ocrx_word' id='word_1_98' title='bbox 2058 1039 2329 1094; x_wconf 83' lang='lat' dir='ltr'><strong>videlicet.</strong></span> 
     </span>
    </p>
   </div>
   <div class='ocr_carea' id='block_1_17' title="bbox 142 1117 1689 1197">
    <p class='ocr_par' dir='ltr' id='par_1_17' title="bbox 142 1117 1689 1197">
     <span class='ocr_line' id='line_1_17' title="bbox 142 1117 1689 1197; baseline 0.005 -25"><span class='ocrx_word' id='word_1_99' title='bbox 142 1117 540 1186; x_wconf 78' lang='grc' dir='ltr'>Ἀχθήσονται</span> <span class='ocrx_word' id='word_1_100' title='bbox 567 1122 652 1185; x_wconf 74' lang='grc' dir='ltr'>εἰς</span> <span class='ocrx_word' id='word_1_101' title='bbox 682 1119 831 1174; x_wconf 80' lang='grc' dir='ltr'>ναὸν</span> <span class='ocrx_word' id='word_1_102' title='bbox 865 1122 1190 1191; x_wconf 72' lang='grc' dir='ltr'>βασιλέως.</span> <span class='ocrx_word' id='word_1_103' title='bbox 1244 1125 1346 1178; x_wconf 84' lang='grc' dir='ltr'>Τὸν</span> <span class='ocrx_word' id='word_1_104' title='bbox 1374 1127 1689 1197; x_wconf 80' lang='grc' dir='ltr'>ὲπουράνιόν</span> 
     </span>
    </p>
   </div>
   <div class='ocr_carea' id='block_1_18' title="bbox 130 1227 322 1281">
    <p class='ocr_par' dir='ltr' id='par_1_18' title="bbox 130 1227 322 1281">
     <span class='ocr_line' id='line_1_18' title="bbox 130 1227 322 1281; baseline 0.01 -19"><span class='ocrx_word' id='word_1_105' title='bbox 130 1227 322 1281; x_wconf 75' lang='grc' dir='ltr'>φησιν.</span> 
     </span>
    </p>
   </div>
   <div class='ocr_carea' id='block_1_19' title="bbox 214 1300 1682 1376">
    <p class='ocr_par' dir='ltr' id='par_1_19' title="bbox 214 1300 1682 1376">
     <span class='ocr_line' id='line_1_19' title="bbox 214 1300 1682 1376; baseline 0.006 -23"><span class='ocrx_word' id='word_1_106' title='bbox 214 1300 379 1354; x_wconf 72' lang='lat' dir='ltr'><strong>‘Arri</strong></span> <span class='ocrx_word' id='word_1_107' title='bbox 404 1301 518 1355; x_wconf 87' lang='grc' dir='ltr'>τῶν</span> <span class='ocrx_word' id='word_1_108' title='bbox 538 1303 802 1372; x_wconf 81' lang='grc' dir='ltr'><strong>πατέρων</strong></span> <span class='ocrx_word' id='word_1_109' title='bbox 822 1320 936 1360; x_wconf 80' lang='grc' dir='ltr'><strong>σου</strong></span> <span class='ocrx_word' id='word_1_110' title='bbox 961 1306 1371 1376; x_wconf 77' lang='grc' dir='ltr'>ἐγεννήθησαν</span> <span class='ocrx_word' id='word_1_111' title='bbox 1398 1311 1515 1364; x_wconf 68' lang='lat' dir='ltr'><strong>rio!</strong></span> <span class='ocrx_word' id='word_1_112' title='bbox 1552 1326 1682 1364; x_wconf 89' lang='grc' dir='ltr'>σου.</span> 
     </span>
    </p>
   </div>
   <div class='ocr_carea' id='block_1_20' title="bbox 1773 1300 3338 1376">
    <p class='ocr_par' dir='ltr' id='par_1_20' title="bbox 1859 1303 3338 1374">
     <span class='ocr_line' id='line_1_20' title="bbox 1859 1303 3338 1374; baseline 0.001 -18"><span class='ocrx_word' id='word_1_113' title='bbox 1859 1305 1946 1360; x_wconf 79' lang='grc'><strong>17.</strong></span> <span class='ocrx_word' id='word_1_114' title='bbox 1990 1303 2096 1357; x_wconf 88' lang='lat' dir='ltr'><strong>Pro</strong></span> <span class='ocrx_word' id='word_1_115' title='bbox 2124 1305 2359 1373; x_wconf 88' lang='lat' dir='ltr'><strong>patribus</strong></span> <span class='ocrx_word' id='word_1_116' title='bbox 2385 1306 2491 1358; x_wconf 90' lang='lat' dir='ltr'><strong>tuis</strong></span> <span class='ocrx_word' id='word_1_117' title='bbox 2524 1307 2632 1356; x_wconf 83' lang='lat' dir='ltr'><strong>nati</strong></span> <span class='ocrx_word' id='word_1_118' title='bbox 2663 1313 2783 1358; x_wconf 88' lang='lat' dir='ltr'><strong>sunt</strong></span> <span class='ocrx_word' id='word_1_119' title='bbox 2811 1306 2906 1358; x_wconf 88' lang='lat' dir='ltr'><strong>tibi</strong></span> <span class='ocrx_word' id='word_1_120' title='bbox 2928 1306 3049 1374; x_wconf 87' lang='lat' dir='ltr'><strong>ﬁlii.</strong></span> <span class='ocrx_word' id='word_1_121' title='bbox 3076 1305 3338 1371; x_wconf 80' lang='lat' dir='ltr'><strong>Quoniam</strong></span> 
     </span>
    </p>
   </div>
   <div class='ocr_carea' id='block_1_21' title="bbox 141 1390 1682 1474">
    <p class='ocr_par' dir='ltr' id='par_1_21' title="bbox 141 1390 1682 1474">
     <span class='ocr_line' id='line_1_21' title="bbox 141 1390 1682 1474; baseline 0.027 -39"><span class='ocrx_word' id='word_1_122' title='bbox 141 1392 364 1463; x_wconf 79' lang='grc' dir='ltr'>Ἐπειδὴ</span> <span class='ocrx_word' id='word_1_123' title='bbox 395 1390 545 1448; x_wconf 73' lang='grc' dir='ltr'>εἶπεν</span> <span class='ocrx_word' id='word_1_124' title='bbox 571 1397 727 1466; x_wconf 78' lang='grc' dir='ltr'>αὐτῇ,</span> <span class='ocrx_word' id='word_1_125' title='bbox 769 1398 1052 1453; x_wconf 78' lang='grc' dir='ltr'>Ἐπιλάθου</span> <span class='ocrx_word' id='word_1_126' title='bbox 1086 1401 1179 1454; x_wconf 81' lang='grc' dir='ltr'><strong>τοῦ</strong></span> <span class='ocrx_word' id='word_1_127' title='bbox 1208 1402 1408 1472; x_wconf 85' lang='grc' dir='ltr'>πατρός</span> <span class='ocrx_word' id='word_1_128' title='bbox 1439 1420 1552 1467; x_wconf 72' lang='grc' dir='ltr'><strong>σου»</strong></span> <span class='ocrx_word' id='word_1_129' title='bbox 1584 1421 1682 1474; x_wconf 78' lang='grc' dir='ltr'><strong>φη-</strong></span> 
     </span>
    </p>
   </div>
   <div class='ocr_carea' id='block_1_22' title="bbox 1773 1390 3340 1474">
    <p class='ocr_par' dir='ltr' id='par_1_22' title="bbox 1784 1395 3340 1468">
     <span class='ocr_line' id='line_1_22' title="bbox 1784 1395 3340 1468; baseline 0.001 -18"><span class='ocrx_word' id='word_1_130' title='bbox 1784 1395 1993 1450; x_wconf 80' lang='lat' dir='ltr'><strong>dixerat</strong></span> <span class='ocrx_word' id='word_1_131' title='bbox 2023 1396 2121 1461; x_wconf 86' lang='lat' dir='ltr'><strong>illi,</strong></span> <span class='ocrx_word' id='word_1_132' title='bbox 2152 1395 2479 1452; x_wconf 82' lang='lat' dir='ltr'><strong>Obliviscere</strong></span> <span class='ocrx_word' id='word_1_133' title='bbox 2519 1400 2686 1466; x_wconf 83' lang='lat' dir='ltr'><strong>patris</strong></span> <span class='ocrx_word' id='word_1_134' title='bbox 2727 1397 2826 1462; x_wconf 91' lang='lat' dir='ltr'><strong>tui,</strong></span> <span class='ocrx_word' id='word_1_135' title='bbox 2857 1398 3020 1452; x_wconf 89' lang='lat' dir='ltr'><strong>modo</strong></span> <span class='ocrx_word' id='word_1_136' title='bbox 3066 1398 3218 1460; x_wconf 81' lang='lat' dir='ltr'><strong>dicit,</strong></span> <span class='ocrx_word' id='word_1_137' title='bbox 3246 1414 3340 1468; x_wconf 86' lang='lat' dir='ltr'><strong>pro</strong></span> 
     </span>
    </p>
   </div>
   <div class='ocr_carea' id='block_1_23' title="bbox 131 1482 1682 1560">
    <p class='ocr_par' dir='ltr' id='par_1_23' title="bbox 131 1482 1682 1558">
     <span class='ocr_line' id='line_1_23' title="bbox 131 1482 1682 1558; baseline 0.01 -25"><span class='ocrx_word' id='word_1_138' title='bbox 131 1482 240 1548; x_wconf 71' lang='grc' dir='ltr'>σὶν,</span> <span class='ocrx_word' id='word_1_139' title='bbox 290 1483 428 1537; x_wconf 70' lang='grc' dir='ltr'><strong>ἀντὶ</strong></span> <span class='ocrx_word' id='word_1_140' title='bbox 457 1483 576 1537; x_wconf 84' lang='grc' dir='ltr'>τῶν</span> <span class='ocrx_word' id='word_1_141' title='bbox 612 1487 776 1541; x_wconf 79' lang='grc' dir='ltr'>πάλαι</span> <span class='ocrx_word' id='word_1_142' title='bbox 804 1489 1073 1558; x_wconf 81' lang='grc' dir='ltr'><strong>πατέρων</strong></span> <span class='ocrx_word' id='word_1_143' title='bbox 1100 1505 1237 1558; x_wconf 91' lang='grc' dir='ltr'>σου,</span> <span class='ocrx_word' id='word_1_144' title='bbox 1270 1492 1540 1547; x_wconf 75' lang='grc' dir='ltr'><strong>τουτέστιν</strong></span> <span class='ocrx_word' id='word_1_145' title='bbox 1569 1496 1682 1549; x_wconf 78' lang='grc' dir='ltr'><strong>ἀντὶ</strong></span> 
     </span>
    </p>
   </div>
   <div class='ocr_carea' id='block_1_24' title="bbox 1773 1482 3342 1560">
    <p class='ocr_par' dir='ltr' id='par_1_24' title="bbox 1783 1487 3342 1560">
     <span class='ocr_line' id='line_1_24' title="bbox 1783 1487 3342 1560; baseline 0.001 -19"><span class='ocrx_word' id='word_1_146' title='bbox 1783 1487 2020 1556; x_wconf 74' lang='lat' dir='ltr'><strong>patribus</strong></span> <span class='ocrx_word' id='word_1_147' title='bbox 2047 1489 2320 1558; x_wconf 84' lang='lat' dir='ltr'><strong>quondam</strong></span> <span class='ocrx_word' id='word_1_148' title='bbox 2357 1489 2480 1553; x_wconf 84' lang='lat' dir='ltr'><strong>tuis,</strong></span> <span class='ocrx_word' id='word_1_149' title='bbox 2519 1490 2570 1544; x_wconf 91' lang='lat' dir='ltr'><strong>id</strong></span> <span class='ocrx_word' id='word_1_150' title='bbox 2615 1499 2719 1557; x_wconf 90' lang='lat' dir='ltr'><strong>est,</strong></span> <span class='ocrx_word' id='word_1_151' title='bbox 2761 1505 2858 1560; x_wconf 85' lang='lat' dir='ltr'><strong>pro</strong></span> <span class='ocrx_word' id='word_1_152' title='bbox 2881 1489 3152 1559; x_wconf 77' lang='lat' dir='ltr'><strong>magistris</strong></span> <span class='ocrx_word' id='word_1_153' title='bbox 3185 1503 3342 1545; x_wconf 83' lang='lat' dir='ltr'><strong>erunt</strong></span> 
     </span>
    </p>
   </div>
   <div class='ocr_carea' id='block_1_25' title="bbox 127 1573 1681 1651">
    <p class='ocr_par' dir='ltr' id='par_1_25' title="bbox 127 1573 1681 1651">
     <span class='ocr_line' id='line_1_25' title="bbox 127 1573 1681 1651; baseline 0.011 -27"><span class='ocrx_word' id='word_1_154' title='bbox 127 1573 238 1626; x_wconf 86' lang='grc' dir='ltr'><strong>τῶν</strong></span> <span class='ocrx_word' id='word_1_155' title='bbox 287 1573 643 1641; x_wconf 81' lang='grc' dir='ltr'><strong>διδασκάλων,</strong></span> <span class='ocrx_word' id='word_1_156' title='bbox 688 1577 896 1632; x_wconf 75' lang='grc' dir='ltr'>ἔσονταί</span> <span class='ocrx_word' id='word_1_157' title='bbox 945 1597 1026 1635; x_wconf 88' lang='grc' dir='ltr'><strong>σοι</strong></span> <span class='ocrx_word' id='word_1_158' title='bbox 1079 1582 1198 1635; x_wconf 82' lang='grc' dir='ltr'>υἱοί.</span> <span class='ocrx_word' id='word_1_159' title='bbox 1257 1583 1418 1647; x_wconf 80' lang='grc' dir='ltr'>Υιοὺς</span> <span class='ocrx_word' id='word_1_160' title='bbox 1466 1586 1520 1638; x_wconf 84' lang='grc' dir='ltr'>δὲ</span> <span class='ocrx_word' id='word_1_161' title='bbox 1557 1588 1681 1651; x_wconf 84' lang='grc' dir='ltr'>τοὺς</span> 
     </span>
    </p>
   </div>
   <div class='ocr_carea' id='block_1_26' title="bbox 129 1663 1682 1746">
    <p class='ocr_par' dir='ltr' id='par_1_26' title="bbox 129 1663 1682 1746">
     <span class='ocr_line' id='line_1_26' title="bbox 129 1663 1682 1746; baseline 0.012 -33"><span class='ocrx_word' id='word_1_162' title='bbox 129 1663 320 1729; x_wconf 79' lang='grc' dir='ltr'><strong>ἁγίους</strong></span> <span class='ocrx_word' id='word_1_163' title='bbox 353 1666 682 1732; x_wconf 78' lang='grc' dir='ltr'><strong>ἀποστόλους</strong></span> <span class='ocrx_word' id='word_1_164' title='bbox 711 1669 864 1738; x_wconf 75' lang='grc' dir='ltr'>φησὶ,</span> <span class='ocrx_word' id='word_1_165' title='bbox 897 1671 1035 1725; x_wconf 85' lang='grc' dir='ltr'>κατὰ</span> <span class='ocrx_word' id='word_1_166' title='bbox 1064 1673 1125 1726; x_wconf 86' lang='grc' dir='ltr'><strong>τδ</strong></span> <span class='ocrx_word' id='word_1_167' title='bbox 1160 1674 1443 1746; x_wconf 74' lang='grc' dir='ltr'><strong>εἰρημένον</strong></span> <span class='ocrx_word' id='word_1_168' title='bbox 1467 1677 1570 1730; x_wconf 83' lang='grc' dir='ltr'><strong>ὑπὸ</strong></span> <span class='ocrx_word' id='word_1_169' title='bbox 1592 1678 1682 1731; x_wconf 78' lang='grc' dir='ltr'><strong>τού</strong></span> 
     </span>
    </p>
   </div>
   <div class='ocr_carea' id='block_1_27' title="bbox 129 1755 1684 1832">
    <p class='ocr_par' dir='ltr' id='par_1_27' title="bbox 129 1755 1684 1832">
     <span class='ocr_line' id='line_1_27' title="bbox 129 1755 1684 1832; baseline 0.011 -25"><span class='ocrx_word' id='word_1_170' title='bbox 129 1755 336 1826; x_wconf 78' lang='grc' dir='ltr'>Κυρίου</span> <span class='ocrx_word' id='word_1_171' title='bbox 364 1773 374 1785; x_wconf 83' lang='grc'><em>’</em></span> <span class='ocrx_word' id='word_1_172' title='bbox 407 1761 471 1812; x_wconf 80' lang='lat' dir='ltr'><strong>Oi</strong></span> <span class='ocrx_word' id='word_1_173' title='bbox 496 1759 611 1812; x_wconf 75' lang='grc' dir='ltr'><strong>υἱοὶ</strong></span> <span class='ocrx_word' id='word_1_174' title='bbox 648 1760 808 1830; x_wconf 86' lang='grc' dir='ltr'>ὑμῶν</span> <span class='ocrx_word' id='word_1_175' title='bbox 851 1763 921 1816; x_wconf 84' lang='grc' dir='ltr'><strong>ὲν</strong></span> <span class='ocrx_word' id='word_1_176' title='bbox 964 1765 1078 1819; x_wconf 83' lang='grc' dir='ltr'>τίνι</span> <span class='ocrx_word' id='word_1_177' title='bbox 1099 1766 1459 1832; x_wconf 75' lang='grc' dir='ltr'>ἐκϐαλοῦσι;</span> <span class='ocrx_word' id='word_1_178' title='bbox 1494 1771 1561 1823; x_wconf 86' lang='grc' dir='ltr'><strong>Ἦ</strong></span> <span class='ocrx_word' id='word_1_179' title='bbox 1595 1772 1684 1824; x_wconf 75' lang='grc' dir='ltr'><strong>καὶ</strong></span> 
     </span>
    </p>
   </div>
   <div class='ocr_carea' id='block_1_28' title="bbox 1784 1579 3338 1652">
    <p class='ocr_par' dir='ltr' id='par_1_28' title="bbox 1784 1579 3338 1652">
     <span class='ocr_line' id='line_1_28' title="bbox 1784 1579 3338 1652; baseline 0.001 -19"><span class='ocrx_word' id='word_1_180' title='bbox 1784 1579 1882 1633; x_wconf 91' lang='lat' dir='ltr'><strong>tibi</strong></span> <span class='ocrx_word' id='word_1_181' title='bbox 1941 1579 2058 1633; x_wconf 87' lang='lat' dir='ltr'><strong>lilii.</strong></span> <span class='ocrx_word' id='word_1_182' title='bbox 2136 1579 2304 1634; x_wconf 86' lang='lat' dir='ltr'><strong>Filios</strong></span> <span class='ocrx_word' id='word_1_183' title='bbox 2359 1595 2523 1650; x_wconf 90' lang='lat' dir='ltr'><strong>porro</strong></span> <span class='ocrx_word' id='word_1_184' title='bbox 2580 1591 2798 1636; x_wconf 87' lang='lat' dir='ltr'><strong>sanctos</strong></span> <span class='ocrx_word' id='word_1_185' title='bbox 2851 1582 3123 1652; x_wconf 82' lang='lat' dir='ltr'><strong>apostolos</strong></span> <span class='ocrx_word' id='word_1_186' title='bbox 3175 1581 3338 1647; x_wconf 87' lang='lat' dir='ltr'><strong>dicit,</strong></span> 
     </span>
    </p>
   </div>
   <div class='ocr_carea' id='block_1_29' title="bbox 1780 1659 3339 1737">
    <p class='ocr_par' dir='ltr' id='par_1_29' title="bbox 1780 1659 3339 1737">
     <span class='ocr_line' id='line_1_29' title="bbox 1780 1659 3339 1737; baseline 0.003 -23"><span class='ocrx_word' id='word_1_187' title='bbox 1780 1659 1935 1730; x_wconf 80' lang='lat' dir='ltr'><strong>juxta</strong></span> <span class='ocrx_word' id='word_1_188' title='bbox 1985 1661 2114 1716; x_wconf 90' lang='lat' dir='ltr'><strong>illud</strong></span> <span class='ocrx_word' id='word_1_189' title='bbox 2148 1677 2176 1715; x_wconf 88' lang='lat' dir='ltr'><strong>a</strong></span> <span class='ocrx_word' id='word_1_190' title='bbox 2216 1662 2442 1718; x_wconf 87' lang='lat' dir='ltr'><strong>Domino</strong></span> <span class='ocrx_word' id='word_1_191' title='bbox 2495 1664 2698 1719; x_wconf 88' lang='lat' dir='ltr'><strong>dictum</strong></span> <span class='ocrx_word' id='word_1_192' title='bbox 2734 1682 2747 1718; x_wconf 88' lang='lat'><strong>:</strong></span> <span class='ocrx_word' id='word_1_193' title='bbox 2785 1663 2917 1717; x_wconf 75' lang='lat' dir='ltr'><strong>Filii</strong></span> <span class='ocrx_word' id='word_1_194' title='bbox 2953 1666 3108 1719; x_wconf 80' lang='lat' dir='ltr'><strong>vestri</strong></span> <span class='ocrx_word' id='word_1_195' title='bbox 3138 1667 3190 1719; x_wconf 88' lang='lat' dir='ltr'><strong>in</strong></span> <span class='ocrx_word' id='word_1_196' title='bbox 3239 1682 3339 1737; x_wconf 84' lang='lat' dir='ltr'><strong>quo</strong></span> 
     </span>
    </p>
   </div>
   <div class='ocr_carea' id='block_1_30' title="bbox 1781 1753 3336 1822">
    <p class='ocr_par' dir='ltr' id='par_1_30' title="bbox 1781 1753 3336 1822">
     <span class='ocr_line' id='line_1_30' title="bbox 1781 1753 3336 1822; baseline 0.005 -18"><span class='ocrx_word' id='word_1_197' title='bbox 1781 1753 2100 1822; x_wconf 80' lang='lat' dir='ltr'><strong>ejiciunt&quot;?</strong></span> <span class='ocrx_word' id='word_1_198' title='bbox 2136 1755 2243 1807; x_wconf 85' lang='lat' dir='ltr'><strong>Aut</strong></span> <span class='ocrx_word' id='word_1_199' title='bbox 2285 1754 2445 1809; x_wconf 89' lang='lat' dir='ltr'><strong>etiam</strong></span> <span class='ocrx_word' id='word_1_200' title='bbox 2486 1756 2701 1810; x_wconf 89' lang='lat' dir='ltr'><strong>eosdem</strong></span> <span class='ocrx_word' id='word_1_201' title='bbox 2738 1754 3099 1810; x_wconf 84' lang='lat' dir='ltr'><strong>Ecclesiarum</strong></span> <span class='ocrx_word' id='word_1_202' title='bbox 3151 1757 3336 1822; x_wconf 84' lang='lat' dir='ltr'><strong>duces,</strong></span> 
     </span>
    </p>
   </div>
   <div class='ocr_carea' id='block_1_31' title="bbox 129 1843 1682 1930">
    <p class='ocr_par' dir='ltr' id='par_1_31' title="bbox 129 1847 1682 1930">
     <span class='ocr_line' id='line_1_31' title="bbox 129 1847 1682 1930; baseline 0.01 -33"><span class='ocrx_word' id='word_1_203' title='bbox 129 1847 354 1910; x_wconf 82' lang='grc' dir='ltr'>τούτους</span> <span class='ocrx_word' id='word_1_204' title='bbox 384 1847 490 1902; x_wconf 89' lang='grc' dir='ltr'><strong>τῶν</strong></span> <span class='ocrx_word' id='word_1_205' title='bbox 536 1851 865 1924; x_wconf 83' lang='grc' dir='ltr'>Ἐκκλησιῶν</span> <span class='ocrx_word' id='word_1_206' title='bbox 902 1856 1234 1927; x_wconf 78' lang='grc' dir='ltr'><strong>ἡγουμένους</strong></span> <span class='ocrx_word' id='word_1_207' title='bbox 1261 1899 1290 1930; x_wconf 54' lang='grc' dir='ltr'><strong>λ</strong></span> <span class='ocrx_word' id='word_1_208' title='bbox 1328 1859 1378 1911; x_wconf 83' lang='grc' dir='ltr'>οἳ</span> <span class='ocrx_word' id='word_1_209' title='bbox 1433 1861 1682 1927; x_wconf 84' lang='grc' dir='ltr'>γεγόνασι</span> 
     </span>
    </p>
   </div>
   <div class='ocr_carea' id='block_1_32' title="bbox 1773 1843 3336 1930">
    <p class='ocr_par' dir='ltr' id='par_1_32' title="bbox 1783 1845 3336 1915">
     <span class='ocr_line' id='line_1_32' title="bbox 1783 1845 3336 1915; baseline 0.004 -17"><span class='ocrx_word' id='word_1_210' title='bbox 1783 1847 1875 1914; x_wconf 89' lang='lat' dir='ltr'><strong>qui</strong></span> <span class='ocrx_word' id='word_1_211' title='bbox 1913 1845 2039 1900; x_wconf 81' lang='lat' dir='ltr'><strong>facti</strong></span> <span class='ocrx_word' id='word_1_212' title='bbox 2071 1858 2196 1901; x_wconf 89' lang='lat' dir='ltr'><strong>sunt</strong></span> <span class='ocrx_word' id='word_1_213' title='bbox 2230 1846 2481 1904; x_wconf 66' lang='lat' dir='ltr'><strong>Ecclesiae</strong></span> <span class='ocrx_word' id='word_1_214' title='bbox 2515 1849 2649 1915; x_wconf 85' lang='lat' dir='ltr'><strong>lilii,</strong></span> <span class='ocrx_word' id='word_1_215' title='bbox 2682 1859 2736 1904; x_wconf 91' lang='lat' dir='ltr'><strong>et</strong></span> <span class='ocrx_word' id='word_1_216' title='bbox 2772 1851 3049 1905; x_wconf 84' lang='lat' dir='ltr'><strong>constituti</strong></span> <span class='ocrx_word' id='word_1_217' title='bbox 3089 1866 3117 1904; x_wconf 93' lang='lat' dir='ltr'><strong>a</strong></span> <span class='ocrx_word' id='word_1_218' title='bbox 3152 1849 3336 1904; x_wconf 92' lang='lat' dir='ltr'><strong>Domi-</strong></span> 
     </span>
    </p>
   </div>
   <div class='ocr_carea' id='block_1_33' title="bbox 131 1940 1682 2021">
    <p class='ocr_par' dir='ltr' id='par_1_33' title="bbox 131 1940 1682 2021">
     <span class='ocr_line' id='line_1_33' title="bbox 131 1940 1682 2021; baseline 0.007 -28"><span class='ocrx_word' id='word_1_219' title='bbox 131 1942 230 2009; x_wconf 76' lang='grc' dir='ltr'><strong>μὲν</strong></span> <span class='ocrx_word' id='word_1_220' title='bbox 253 1941 354 2011; x_wconf 79' lang='grc' dir='ltr'>τῆς</span> <span class='ocrx_word' id='word_1_221' title='bbox 399 1941 720 2014; x_wconf 82' lang='grc' dir='ltr'>Ἐκκλησίας</span> <span class='ocrx_word' id='word_1_222' title='bbox 751 1940 877 2010; x_wconf 67' lang='grc' dir='ltr'>υἶοὶ,</span> <span class='ocrx_word' id='word_1_223' title='bbox 909 1947 1316 2018; x_wconf 82' lang='grc' dir='ltr'>κατεστάθησαν</span> <span class='ocrx_word' id='word_1_224' title='bbox 1339 1949 1394 2002; x_wconf 84' lang='grc' dir='ltr'><strong>δὲ</strong></span> <span class='ocrx_word' id='word_1_225' title='bbox 1429 1950 1682 2021; x_wconf 76' lang='grc' dir='ltr'>ἄρχοντες</span> 
     </span>
    </p>
   </div>
   <div class='ocr_carea' id='block_1_34' title="bbox 129 2031 1682 2112">
    <p class='ocr_par' dir='ltr' id='par_1_34' title="bbox 129 2031 1682 2112">
     <span class='ocr_line' id='line_1_34' title="bbox 129 2031 1682 2112; baseline 0.006 -28"><span class='ocrx_word' id='word_1_226' title='bbox 129 2031 220 2084; x_wconf 77' lang='grc' dir='ltr'><strong>ἐπὶ</strong></span> <span class='ocrx_word' id='word_1_227' title='bbox 244 2035 432 2087; x_wconf 75' lang='grc' dir='ltr'>πᾶσαν</span> <span class='ocrx_word' id='word_1_228' title='bbox 466 2035 560 2103; x_wconf 84' lang='grc' dir='ltr'><strong>τὴν</strong></span> <span class='ocrx_word' id='word_1_229' title='bbox 607 2035 709 2105; x_wconf 79' lang='grc' dir='ltr'>γῆν</span> <span class='ocrx_word' id='word_1_230' title='bbox 737 2035 882 2107; x_wconf 72' lang='grc' dir='ltr'>παρὰ</span> <span class='ocrx_word' id='word_1_231' title='bbox 916 2037 1009 2090; x_wconf 83' lang='grc' dir='ltr'>τοῦ</span> <span class='ocrx_word' id='word_1_232' title='bbox 1053 2038 1255 2110; x_wconf 79' lang='grc' dir='ltr'>Κυρίου</span> <span class='ocrx_word' id='word_1_233' title='bbox 1300 2038 1498 2112; x_wconf 82' lang='grc' dir='ltr'><strong>Ἰησοῦ,</strong></span> <span class='ocrx_word' id='word_1_234' title='bbox 1545 2042 1682 2094; x_wconf 74' lang='grc' dir='ltr'>κατὰ</span> 
     </span>
    </p>
   </div>
   <div class='ocr_carea' id='block_1_35' title="bbox 128 2121 1681 2197">
    <p class='ocr_par' dir='ltr' id='par_1_35' title="bbox 128 2121 1681 2197">
     <span class='ocr_line' id='line_1_35' title="bbox 128 2121 1681 2197; baseline 0.008 -24"><span class='ocrx_word' id='word_1_235' title='bbox 128 2121 186 2174; x_wconf 84' lang='grc' dir='ltr'>τὺ</span> <span class='ocrx_word' id='word_1_236' title='bbox 212 2123 531 2194; x_wconf 81' lang='grc' dir='ltr'>εἰρημένον’</span> <span class='ocrx_word' id='word_1_237' title='bbox 570 2125 981 2193; x_wconf 78' lang='grc' dir='ltr'><strong>Πορευθέντες,</strong></span> <span class='ocrx_word' id='word_1_238' title='bbox 1019 2131 1433 2197; x_wconf 72' lang='grc' dir='ltr'>μαθητεύσατε</span> <span class='ocrx_word' id='word_1_239' title='bbox 1483 2131 1681 2186; x_wconf 83' lang='grc' dir='ltr'>πάντα</span> 
     </span>
    </p>
   </div>
   <div class='ocr_carea' id='block_1_36' title="bbox 128 2214 1682 2292">
    <p class='ocr_par' dir='ltr' id='par_1_36' title="bbox 128 2214 1682 2292">
     <span class='ocr_line' id='line_1_36' title="bbox 128 2214 1682 2292; baseline 0.01 -28"><span class='ocrx_word' id='word_1_240' title='bbox 128 2215 197 2267; x_wconf 85' lang='grc' dir='ltr'>τὰ</span> <span class='ocrx_word' id='word_1_241' title='bbox 224 2214 392 2283; x_wconf 81' lang='grc' dir='ltr'>ἔθνη.</span> <span class='ocrx_word' id='word_1_242' title='bbox 428 2216 836 2285; x_wconf 82' lang='grc' dir='ltr'>Καταστήσεις</span> <span class='ocrx_word' id='word_1_243' title='bbox 863 2221 1083 2286; x_wconf 87' lang='grc' dir='ltr'>αὐτοὺς</span> <span class='ocrx_word' id='word_1_244' title='bbox 1127 2222 1420 2292; x_wconf 77' lang='grc' dir='ltr'>ἄρχοντας</span> <span class='ocrx_word' id='word_1_245' title='bbox 1449 2224 1545 2278; x_wconf 74' lang='grc' dir='ltr'><strong>ἐπὶ</strong></span> <span class='ocrx_word' id='word_1_246' title='bbox 1575 2225 1682 2280; x_wconf 83' lang='grc' dir='ltr'><strong>πᾶ-</strong></span> 
     </span>
    </p>
   </div>
   <div class='ocr_carea' id='block_1_37' title="bbox 131 2306 1681 2385">
    <p class='ocr_par' dir='ltr' id='par_1_37' title="bbox 131 2306 1681 2385">
     <span class='ocr_line' id='line_1_37' title="bbox 131 2306 1681 2385; baseline 0.01 -28"><span class='ocrx_word' id='word_1_247' title='bbox 131 2319 247 2357; x_wconf 83' lang='grc' dir='ltr'><strong>σαν</strong></span> <span class='ocrx_word' id='word_1_248' title='bbox 279 2306 410 2375; x_wconf 76' lang='grc' dir='ltr'><strong>τὴν</strong></span> <span class='ocrx_word' id='word_1_249' title='bbox 435 2306 584 2377; x_wconf 70' lang='grc' dir='ltr'><strong>τῆνο</strong></span> <span class='ocrx_word' id='word_1_250' title='bbox 617 2311 1072 2378; x_wconf 80' lang='grc' dir='ltr'><strong>μνησθήσονται</strong></span> <span class='ocrx_word' id='word_1_251' title='bbox 1108 2315 1211 2369; x_wconf 87' lang='grc' dir='ltr'>τοῦ</span> <span class='ocrx_word' id='word_1_252' title='bbox 1239 2317 1526 2385; x_wconf 81' lang='grc' dir='ltr'>ὀνόματός</span> <span class='ocrx_word' id='word_1_253' title='bbox 1567 2333 1681 2372; x_wconf 89' lang='grc' dir='ltr'><strong>σου</strong></span> 
     </span>
    </p>
   </div>
   <div class='ocr_carea' id='block_1_38' title="bbox 128 2396 1682 2481">
    <p class='ocr_par' dir='ltr' id='par_1_38' title="bbox 128 2396 1682 2481">
     <span class='ocr_line' id='line_1_38' title="bbox 128 2396 1682 2481; baseline 0.009 -32"><span class='ocrx_word' id='word_1_254' title='bbox 128 2396 193 2448; x_wconf 80' lang='grc' dir='ltr'><strong>ἐν</strong></span> <span class='ocrx_word' id='word_1_255' title='bbox 214 2397 386 2468; x_wconf 74' lang='grc' dir='ltr'>πάσῃ</span> <span class='ocrx_word' id='word_1_256' title='bbox 418 2400 591 2469; x_wconf 75' lang='grc' dir='ltr'>γενεᾷ</span> <span class='ocrx_word' id='word_1_257' title='bbox 629 2402 723 2455; x_wconf 71' lang='grc' dir='ltr'>καὶ</span> <span class='ocrx_word' id='word_1_258' title='bbox 761 2401 950 2472; x_wconf 70' lang='grc' dir='ltr'>γενεᾷ.</span> <span class='ocrx_word' id='word_1_259' title='bbox 982 2405 1080 2459; x_wconf 81' lang='grc' dir='ltr'><strong>Διά</strong></span> <span class='ocrx_word' id='word_1_260' title='bbox 1101 2405 1206 2460; x_wconf 89' lang='grc' dir='ltr'><strong>τῶν</strong></span> <span class='ocrx_word' id='word_1_261' title='bbox 1229 2407 1386 2461; x_wconf 84' lang='grc' dir='ltr'>θείων</span> <span class='ocrx_word' id='word_1_262' title='bbox 1412 2426 1682 2481; x_wconf 77' lang='grc' dir='ltr'>συγγραμ-</span> 
     </span>
    </p>
   </div>
   <div class='ocr_carea' id='block_1_39' title="bbox 133 2490 1682 2574">
    <p class='ocr_par' dir='ltr' id='par_1_39' title="bbox 133 2490 1682 2574">
     <span class='ocr_line' id='line_1_39' title="bbox 133 2490 1682 2574; baseline 0.01 -33"><span class='ocrx_word' id='word_1_263' title='bbox 133 2490 313 2556; x_wconf 79' lang='grc' dir='ltr'>μάτων</span> <span class='ocrx_word' id='word_1_264' title='bbox 347 2491 618 2562; x_wconf 84' lang='grc' dir='ltr'>δηλονότι·</span> <span class='ocrx_word' id='word_1_265' title='bbox 671 2496 728 2546; x_wconf 80' lang='grc' dir='ltr'><strong>ὲν</strong></span> <span class='ocrx_word' id='word_1_266' title='bbox 770 2499 892 2560; x_wconf 81' lang='grc' dir='ltr'>ταῖς</span> <span class='ocrx_word' id='word_1_267' title='bbox 943 2498 1116 2568; x_wconf 75' lang='grc' dir='ltr'>ἱεραῖς</span> <span class='ocrx_word' id='word_1_268' title='bbox 1160 2501 1446 2565; x_wconf 77' lang='grc' dir='ltr'>συλλαϐαῖς</span> <span class='ocrx_word' id='word_1_269' title='bbox 1478 2520 1682 2574; x_wconf 81' lang='grc' dir='ltr'>μνημο·</span> 
     </span>
    </p>
   </div>
   <div class='ocr_carea' id='block_1_40' title="bbox 129 2577 928 2656">
    <p class='ocr_par' dir='ltr' id='par_1_40' title="bbox 129 2577 928 2656">
     <span class='ocr_line' id='line_1_40' title="bbox 129 2577 928 2656; baseline 0.013 -27"><span class='ocrx_word' id='word_1_270' title='bbox 129 2577 338 2633; x_wconf 74' lang='grc' dir='ltr'>γεύεται</span> <span class='ocrx_word' id='word_1_271' title='bbox 371 2580 430 2634; x_wconf 74' lang='grc' dir='ltr'>τὺ</span> <span class='ocrx_word' id='word_1_272' title='bbox 458 2581 551 2635; x_wconf 81' lang='grc' dir='ltr'><strong>τοῦ</strong></span> <span class='ocrx_word' id='word_1_273' title='bbox 585 2581 718 2636; x_wconf 79' lang='grc' dir='ltr'>Θεοῦ</span> <span class='ocrx_word' id='word_1_274' title='bbox 743 2584 928 2656; x_wconf 75' lang='grc' dir='ltr'>ὄνομα.</span> 
     </span>
    </p>
   </div>
   <div class='ocr_carea' id='block_1_41' title="bbox 192 2670 1683 2750">
    <p class='ocr_par' dir='ltr' id='par_1_41' title="bbox 192 2670 1683 2750">
     <span class='ocr_line' id='line_1_41' title="bbox 192 2670 1683 2750; baseline 0.011 -27"><span class='ocrx_word' id='word_1_275' title='bbox 192 2670 294 2724; x_wconf 82' lang='grc' dir='ltr'><strong>Διὰ</strong></span> <span class='ocrx_word' id='word_1_276' title='bbox 330 2670 506 2727; x_wconf 83' lang='grc' dir='ltr'>τοῦτο</span> <span class='ocrx_word' id='word_1_277' title='bbox 536 2675 670 2727; x_wconf 76' lang='grc' dir='ltr'><strong>λαοὶ</strong></span> <span class='ocrx_word' id='word_1_278' title='bbox 719 2675 1266 2746; x_wconf 64' lang='grc' dir='ltr'><strong>ἐξομολογήσονταί</strong></span> <span class='ocrx_word' id='word_1_279' title='bbox 1312 2696 1410 2736; x_wconf 87' lang='grc' dir='ltr'><strong>σοι</strong></span> <span class='ocrx_word' id='word_1_280' title='bbox 1445 2686 1530 2750; x_wconf 78' lang='grc' dir='ltr'>εἱς</span> <span class='ocrx_word' id='word_1_281' title='bbox 1577 2685 1683 2739; x_wconf 85' lang='grc' dir='ltr'><strong>τὸν</strong></span> 
     </span>
    </p>
   </div>
   <div class='ocr_carea' id='block_1_42' title="bbox 128 2759 1681 2844">
    <p class='ocr_par' dir='ltr' id='par_1_42' title="bbox 128 2759 1681 2844">
     <span class='ocr_line' id='line_1_42' title="bbox 128 2759 1681 2844; baseline 0.011 -30"><span class='ocrx_word' id='word_1_282' title='bbox 128 2759 326 2816; x_wconf 68' lang='grc' dir='ltr'>αἰῶνα.</span> <span class='ocrx_word' id='word_1_283' title='bbox 358 2763 458 2816; x_wconf 78' lang='grc' dir='ltr'><strong>Διὰ</strong></span> <span class='ocrx_word' id='word_1_284' title='bbox 488 2764 550 2816; x_wconf 86' lang='grc' dir='ltr'><strong>τὸ</strong></span> <span class='ocrx_word' id='word_1_285' title='bbox 580 2767 838 2837; x_wconf 83' lang='grc' dir='ltr'>κήρυγμα</span> <span class='ocrx_word' id='word_1_286' title='bbox 860 2784 873 2798; x_wconf 81' lang='grc'><strong><em>⁸</em></strong></span> <span class='ocrx_word' id='word_1_287' title='bbox 905 2768 977 2832; x_wconf 83' lang='grc' dir='ltr'>ὡς</span> <span class='ocrx_word' id='word_1_288' title='bbox 1012 2771 1146 2841; x_wconf 85' lang='grc' dir='ltr'>πρὸς</span> <span class='ocrx_word' id='word_1_289' title='bbox 1186 2773 1275 2824; x_wconf 81' lang='grc' dir='ltr'>τὸν</span> <span class='ocrx_word' id='word_1_290' title='bbox 1309 2775 1541 2844; x_wconf 84' lang='grc' dir='ltr'>Χριστὸν</span> <span class='ocrx_word' id='word_1_291' title='bbox 1569 2777 1624 2829; x_wconf 84' lang='grc' dir='ltr'>δὲ</span> <span class='ocrx_word' id='word_1_292' title='bbox 1654 2780 1681 2831; x_wconf 86' lang='grc' dir='ltr'><em>ὁ</em></span> 
     </span>
    </p>
   </div>
   <div class='ocr_carea' id='block_1_43' title="bbox 128 2849 1679 2937">
    <p class='ocr_par' dir='ltr' id='par_1_43' title="bbox 128 2849 1679 2937">
     <span class='ocr_line' id='line_1_43' title="bbox 128 2849 1679 2937; baseline 0.011 -33"><span class='ocrx_word' id='word_1_293' title='bbox 128 2849 296 2919; x_wconf 80' lang='grc' dir='ltr'>λόγος.</span> <span class='ocrx_word' id='word_1_294' title='bbox 330 2855 429 2906; x_wconf 79' lang='grc' dir='ltr'><strong>Διὰ</strong></span> <span class='ocrx_word' id='word_1_295' title='bbox 477 2855 536 2907; x_wconf 86' lang='grc' dir='ltr'>τὺ</span> <span class='ocrx_word' id='word_1_296' title='bbox 582 2857 936 2927; x_wconf 79' lang='grc' dir='ltr'><strong>μνημονεύειν</strong></span> <span class='ocrx_word' id='word_1_297' title='bbox 978 2861 1172 2925; x_wconf 81' lang='grc' dir='ltr'>αὐτοὺς</span> <span class='ocrx_word' id='word_1_298' title='bbox 1200 2861 1288 2916; x_wconf 76' lang='grc' dir='ltr'><strong>διὰ</strong></span> <span class='ocrx_word' id='word_1_299' title='bbox 1315 2864 1423 2918; x_wconf 91' lang='grc' dir='ltr'><strong>τῶν</strong></span> <span class='ocrx_word' id='word_1_300' title='bbox 1453 2866 1679 2937; x_wconf 78' lang='grc' dir='ltr'>Γραφῶν</span> 
     </span>
    </p>
   </div>
   <div class='ocr_carea' id='block_1_44' title="bbox 129 2939 1679 3026">
    <p class='ocr_par' dir='ltr' id='par_1_44' title="bbox 129 2939 1679 3026">
     <span class='ocr_line' id='line_1_44' title="bbox 129 2939 1679 3026; baseline 0.013 -34"><span class='ocrx_word' id='word_1_301' title='bbox 129 2939 227 2993; x_wconf 85' lang='grc' dir='ltr'><strong>τῶν</strong></span> <span class='ocrx_word' id='word_1_302' title='bbox 255 2941 574 3014; x_wconf 79' lang='grc' dir='ltr'>θαυμασίων</span> <span class='ocrx_word' id='word_1_303' title='bbox 610 2945 703 2998; x_wconf 82' lang='grc' dir='ltr'><strong>τοῦ</strong></span> <span class='ocrx_word' id='word_1_304' title='bbox 745 2946 878 3000; x_wconf 79' lang='grc' dir='ltr'><strong>Θεοῦ</strong></span> <span class='ocrx_word' id='word_1_305' title='bbox 915 2941 992 3003; x_wconf 74' lang='grc' dir='ltr'><strong>¹ὧν</strong></span> <span class='ocrx_word' id='word_1_306' title='bbox 1034 2952 1286 3024; x_wconf 76' lang='grc' dir='ltr'>ἐποίησεν</span> <span class='ocrx_word' id='word_1_307' title='bbox 1326 2954 1433 3009; x_wconf 82' lang='grc' dir='ltr'><strong>ἀπὸ</strong></span> <span class='ocrx_word' id='word_1_308' title='bbox 1480 2959 1679 3026; x_wconf 81' lang='grc' dir='ltr'>γενεῶν</span> 
     </span>
    </p>
   </div>
   <div class='ocr_carea' id='block_1_45' title="bbox 130 3033 1504 3115">
    <p class='ocr_par' dir='ltr' id='par_1_45' title="bbox 130 3033 1504 3115">
     <span class='ocr_line' id='line_1_45' title="bbox 130 3033 1504 3115; baseline 0.013 -30"><span class='ocrx_word' id='word_1_309' title='bbox 130 3033 388 3103; x_wconf 81' lang='grc' dir='ltr'>ἀρχαιων,</span> <span class='ocrx_word' id='word_1_310' title='bbox 422 3035 518 3090; x_wconf 74' lang='grc' dir='ltr'><strong>καὶ</strong></span> <span class='ocrx_word' id='word_1_311' title='bbox 545 3036 811 3094; x_wconf 75' lang='grc' dir='ltr'><strong>διδάσκειν</strong></span> <span class='ocrx_word' id='word_1_312' title='bbox 837 3039 934 3104; x_wconf 81' lang='grc' dir='ltr'><strong>τὰς</strong></span> <span class='ocrx_word' id='word_1_313' title='bbox 977 3043 1272 3114; x_wconf 77' lang='grc' dir='ltr'>ἑρχομένας</span> <span class='ocrx_word' id='word_1_314' title='bbox 1297 3049 1504 3115; x_wconf 84' lang='grc' dir='ltr'>γενεάς.</span> 
     </span>
    </p>
   </div>
   <div class='ocr_carea' id='block_1_46' title="bbox 131 3176 1749 3277">
    <p class='ocr_par' dir='ltr' id='par_1_46' title="bbox 131 3176 1749 3277">
     <span class='ocr_line' id='line_1_46' title="bbox 131 3176 1749 3277; baseline 0.011 -32"><span class='ocrx_word' id='word_1_315' title='bbox 131 3193 225 3258; x_wconf 65' lang='grc' dir='ltr'><strong>εἰς</strong></span> <span class='ocrx_word' id='word_1_316' title='bbox 242 3191 416 3261; x_wconf 76' lang='grc' dir='ltr'>τέλος</span> <span class='ocrx_word' id='word_1_317' title='bbox 440 3197 592 3266; x_wconf 76' lang='grc' dir='ltr'><strong>ὑπὲρ</strong></span> <span class='ocrx_word' id='word_1_318' title='bbox 611 3197 731 3252; x_wconf 85' lang='grc' dir='ltr'>τῶν</span> <span class='ocrx_word' id='word_1_319' title='bbox 748 3198 894 3254; x_wconf 78' lang='grc' dir='ltr'>υἱῶν</span> <span class='ocrx_word' id='word_1_320' title='bbox 921 3200 1072 3268; x_wconf 72' lang='grc' dir='ltr'><strong>Κορὲ</strong></span> <span class='ocrx_word' id='word_1_321' title='bbox 1089 3203 1240 3272; x_wconf 74' lang='grc' dir='ltr'><strong>ὑπὲρ</strong></span> <span class='ocrx_word' id='word_1_322' title='bbox 1255 3205 1370 3259; x_wconf 84' lang='grc' dir='ltr'>τῶν</span> <span class='ocrx_word' id='word_1_323' title='bbox 1390 3207 1671 3277; x_wconf 72' lang='grc' dir='ltr'><strong>κρυφίων.</strong></span> <span class='ocrx_word' id='word_1_324' title='bbox 1708 3176 1749 3234; x_wconf 74' lang='lat' dir='ltr'><strong><em>C</em></strong></span> 
     </span>
    </p>
   </div>
   <div class='ocr_carea' id='block_1_47' title="bbox 675 3292 1136 3347">
    <p class='ocr_par' dir='ltr' id='par_1_47' title="bbox 675 3292 1136 3347">
     <span class='ocr_line' id='line_1_47' title="bbox 675 3292 1136 3347; baseline 0.007 -3"><span class='ocrx_word' id='word_1_325' title='bbox 675 3293 979 3345; x_wconf 76' lang='grc' dir='ltr'><strong>ΨΑΛΜΟΣ</strong></span> <span class='ocrx_word' id='word_1_326' title='bbox 1005 3292 1136 3347; x_wconf 81' lang='lat' dir='ltr'><strong>ME’.</strong></span> 
     </span>
    </p>
   </div>
   <div class='ocr_carea' id='block_1_48' title="bbox 737 3381 1071 3450">
    <p class='ocr_par' dir='ltr' id='par_1_48' title="bbox 737 3381 1071 3450">
     <span class='ocr_line' id='line_1_48' title="bbox 737 3381 1071 3450; baseline 0.018 -18"><span class='ocrx_word' id='word_1_327' title='bbox 737 3381 751 3400; x_wconf 95' lang='lat'><strong>&#39;</strong></span> <span class='ocrx_word' id='word_1_328' title='bbox 762 3382 1071 3450; x_wconf 81' lang='grc' dir='ltr'>Υπόθεσις.</span> 
     </span>
    </p>
   </div>
   <div class='ocr_carea' id='block_1_49' title="bbox 135 3465 1672 3552">
    <p class='ocr_par' dir='ltr' id='par_1_49' title="bbox 135 3465 1672 3552">
     <span class='ocr_line' id='line_1_49' title="bbox 135 3465 1672 3552; baseline 0.011 -34"><span class='ocrx_word' id='word_1_329' title='bbox 135 3465 239 3539; x_wconf 80' lang='grc' dir='ltr'><strong>Τὴν</strong></span> <span class='ocrx_word' id='word_1_330' title='bbox 277 3469 386 3522; x_wconf 86' lang='grc' dir='ltr'><strong>τῶν</strong></span> <span class='ocrx_word' id='word_1_331' title='bbox 419 3470 589 3526; x_wconf 69' lang='grc' dir='ltr'>ιθνιῖιν</span> <span class='ocrx_word' id='word_1_332' title='bbox 617 3472 805 3543; x_wconf 75' lang='grc' dir='ltr'>κλῆσιν</span> <span class='ocrx_word' id='word_1_333' title='bbox 832 3475 862 3527; x_wconf 88' lang='grc' dir='ltr'><strong>ό</strong></span> <span class='ocrx_word' id='word_1_334' title='bbox 902 3473 1089 3546; x_wconf 86' lang='grc' dir='ltr'>παρὼν</span> <span class='ocrx_word' id='word_1_335' title='bbox 1119 3479 1509 3550; x_wconf 82' lang='grc' dir='ltr'>κατασημαίνει</span> <span class='ocrx_word' id='word_1_336' title='bbox 1537 3482 1672 3552; x_wconf 79' lang='grc' dir='ltr'>ψαλ-</span> 
     </span>
    </p>
   </div>
   <div class='ocr_carea' id='block_1_50' title="bbox 201 3560 1674 3644">
    <p class='ocr_par' dir='ltr' id='par_1_50' title="bbox 201 3560 1674 3644">
     <span class='ocr_line' id='line_1_50' title="bbox 201 3560 1674 3644; baseline 0.011 -32"><span class='ocrx_word' id='word_1_337' title='bbox 201 3560 314 3629; x_wconf 84' lang='grc' dir='ltr'>μὺς,</span> <span class='ocrx_word' id='word_1_338' title='bbox 333 3563 427 3614; x_wconf 73' lang='grc' dir='ltr'>καὶ</span> <span class='ocrx_word' id='word_1_339' title='bbox 445 3563 554 3616; x_wconf 90' lang='grc' dir='ltr'><strong>τῶν</strong></span> <span class='ocrx_word' id='word_1_340' title='bbox 576 3562 782 3634; x_wconf 84' lang='grc' dir='ltr'>νοητῶν</span> <span class='ocrx_word' id='word_1_341' title='bbox 808 3565 1016 3637; x_wconf 75' lang='grc' dir='ltr'>ἐχθρῶν</span> <span class='ocrx_word' id='word_1_342' title='bbox 1040 3568 1285 3640; x_wconf 74' lang='grc' dir='ltr'><strong>ἐκϐολὴν,</strong></span> <span class='ocrx_word' id='word_1_343' title='bbox 1301 3571 1396 3624; x_wconf 72' lang='grc' dir='ltr'><strong>καὶ</strong></span> <span class='ocrx_word' id='word_1_344' title='bbox 1425 3571 1520 3644; x_wconf 82' lang='grc' dir='ltr'>τὴν</span> <span class='ocrx_word' id='word_1_345' title='bbox 1550 3573 1674 3627; x_wconf 83' lang='grc' dir='ltr'><strong>κάθ-</strong></span> 
     </span>
    </p>
   </div>
   <div class='ocr_carea' id='block_1_51' title="bbox 193 3654 1673 3737">
    <p class='ocr_par' dir='ltr' id='par_1_51' title="bbox 193 3654 1673 3737">
     <span class='ocr_line' id='line_1_51' title="bbox 193 3654 1673 3737; baseline 0.011 -32"><span class='ocrx_word' id='word_1_346' title='bbox 193 3654 359 3723; x_wconf 75' lang='grc' dir='ltr'>ειρξιν</span> <span class='ocrx_word' id='word_1_347' title='bbox 432 3655 611 3710; x_wconf 87' lang='grc' dir='ltr'>αὑτῶν</span> <span class='ocrx_word' id='word_1_348' title='bbox 656 3658 753 3730; x_wconf 81' lang='grc' dir='ltr'>τὴν</span> <span class='ocrx_word' id='word_1_349' title='bbox 804 3659 863 3714; x_wconf 82' lang='grc' dir='ltr'><strong>ὲν</strong></span> <span class='ocrx_word' id='word_1_350' title='bbox 920 3661 986 3729; x_wconf 83' lang='grc' dir='ltr'>τῇ</span> <span class='ocrx_word' id='word_1_351' title='bbox 1050 3659 1287 3731; x_wconf 78' lang='grc' dir='ltr'>ἀσύσσῳ.</span> <span class='ocrx_word' id='word_1_352' title='bbox 1351 3663 1563 3737; x_wconf 84' lang='grc' dir='ltr'>Ἐπειδὴ</span> <span class='ocrx_word' id='word_1_353' title='bbox 1617 3668 1673 3720; x_wconf 78' lang='grc' dir='ltr'>δὲ</span> 
     </span>
    </p>
   </div>
   <div class='ocr_carea' id='block_1_52' title="bbox 200 3745 1674 3824">
    <p class='ocr_par' dir='ltr' id='par_1_52' title="bbox 200 3745 1674 3824">
     <span class='ocr_line' id='line_1_52' title="bbox 200 3745 1674 3824; baseline 0.01 -26"><span class='ocrx_word' id='word_1_354' title='bbox 200 3745 363 3800; x_wconf 81' lang='grc' dir='ltr'>ταῦτα</span> <span class='ocrx_word' id='word_1_355' title='bbox 401 3747 588 3819; x_wconf 83' lang='grc' dir='ltr'>ὥσπερ</span> <span class='ocrx_word' id='word_1_356' title='bbox 635 3749 723 3803; x_wconf 81' lang='grc' dir='ltr'>διὰ</span> <span class='ocrx_word' id='word_1_357' title='bbox 767 3749 1087 3822; x_wconf 67' lang='grc' dir='ltr'>παραὼλῶν</span> <span class='ocrx_word' id='word_1_358' title='bbox 1145 3751 1398 3824; x_wconf 77' lang='grc' dir='ltr'>εἴρηται,</span> <span class='ocrx_word' id='word_1_359' title='bbox 1453 3760 1674 3823; x_wconf 69' lang='grc' dir='ltr'>εἰκότως</span> 
     </span>
    </p>
   </div>
   <div class='ocr_carea' id='block_1_53' title="bbox 193 3835 1672 3918">
    <p class='ocr_par' dir='ltr' id='par_1_53' title="bbox 193 3835 1672 3918">
     <span class='ocr_line' id='line_1_53' title="bbox 193 3835 1672 3918; baseline 0.011 -31"><span class='ocrx_word' id='word_1_360' title='bbox 193 3835 341 3905; x_wconf 74' lang='grc' dir='ltr'><strong>ὑπὲρ</strong></span> <span class='ocrx_word' id='word_1_361' title='bbox 395 3839 662 3906; x_wconf 76' lang='grc' dir='ltr'><strong>κρυφίων</strong></span> <span class='ocrx_word' id='word_1_362' title='bbox 702 3840 1097 3912; x_wconf 75' lang='grc' dir='ltr'>ἐπιγέγραπται</span> <span class='ocrx_word' id='word_1_363' title='bbox 1127 3842 1155 3893; x_wconf 86' lang='grc' dir='ltr'><strong>ό</strong></span> <span class='ocrx_word' id='word_1_364' title='bbox 1199 3843 1428 3914; x_wconf 77' lang='grc' dir='ltr'>ψαλμός.</span> <span class='ocrx_word' id='word_1_365' title='bbox 1458 3848 1672 3918; x_wconf 83' lang='grc' dir='ltr'>’ᾼδουσι</span> 
     </span>
    </p>
   </div>
   <div class='ocr_carea' id='block_1_54' title="bbox 192 3925 1671 4012">
    <p class='ocr_par' dir='ltr' id='par_1_54' title="bbox 192 3925 1671 4012">
     <span class='ocr_line' id='line_1_54' title="bbox 192 3925 1671 4012; baseline 0.011 -34"><span class='ocrx_word' id='word_1_366' title='bbox 192 3925 245 3978; x_wconf 73' lang='grc' dir='ltr'><strong>δὲ</strong></span> <span class='ocrx_word' id='word_1_367' title='bbox 281 3927 445 3980; x_wconf 80' lang='grc' dir='ltr'>αὑτὸν</span> <span class='ocrx_word' id='word_1_368' title='bbox 471 3929 519 3980; x_wconf 77' lang='lat' dir='ltr'><strong>oi</strong></span> <span class='ocrx_word' id='word_1_369' title='bbox 545 3928 928 3995; x_wconf 80' lang='grc' dir='ltr'>πιστεύσαντες</span> <span class='ocrx_word' id='word_1_370' title='bbox 958 3934 1038 3995; x_wconf 74' lang='grc' dir='ltr'><strong>εἰς</strong></span> <span class='ocrx_word' id='word_1_371' title='bbox 1067 3933 1317 4004; x_wconf 82' lang='grc' dir='ltr'>Χριστὸν,</span> <span class='ocrx_word' id='word_1_372' title='bbox 1355 3941 1447 3991; x_wconf 73' lang='grc' dir='ltr'><strong>καὶ</strong></span> <span class='ocrx_word' id='word_1_373' title='bbox 1473 3941 1576 4012; x_wconf 86' lang='grc' dir='ltr'><strong>πρό</strong></span> <span class='ocrx_word' id='word_1_374' title='bbox 1607 3958 1671 4010; x_wconf 82' lang='grc' dir='ltr'><strong>γε</strong></span> 
     </span>
    </p>
   </div>
   <div class='ocr_carea' id='block_1_55' title="bbox 195 4016 1003 4075">
    <p class='ocr_par' dir='ltr' id='par_1_55' title="bbox 195 4016 1003 4075">
     <span class='ocr_line' id='line_1_55' title="bbox 195 4016 1003 4075; baseline 0.007 -7"><span class='ocrx_word' id='word_1_375' title='bbox 195 4016 410 4071; x_wconf 83' lang='grc' dir='ltr'>πάντων</span> <span class='ocrx_word' id='word_1_376' title='bbox 435 4019 483 4069; x_wconf 75' lang='grc' dir='ltr'><strong>οἱ</strong></span> <span class='ocrx_word' id='word_1_377' title='bbox 511 4018 796 4073; x_wconf 82' lang='grc' dir='ltr'>ἀπόστολοι</span> <span class='ocrx_word' id='word_1_378' title='bbox 822 4021 1003 4075; x_wconf 77' lang='grc' dir='ltr'>αὐτοῦ.</span> 
     </span>
    </p>
   </div>
   <div class='ocr_carea' id='block_1_56' title="bbox 201 4106 1672 4187">
    <p class='ocr_par' dir='ltr' id='par_1_56' title="bbox 201 4106 1672 4187">
     <span class='ocr_line' id='line_1_56' title="bbox 201 4106 1672 4187; baseline 0.011 -27"><span class='ocrx_word' id='word_1_379' title='bbox 201 4106 253 4160; x_wconf 88' lang='lat'><strong>&#39;0</strong></span> <span class='ocrx_word' id='word_1_380' title='bbox 300 4107 446 4174; x_wconf 77' lang='grc' dir='ltr'>Θεὸς</span> <span class='ocrx_word' id='word_1_381' title='bbox 480 4108 646 4176; x_wconf 74' lang='grc' dir='ltr'>ἡμῶν</span> <span class='ocrx_word' id='word_1_382' title='bbox 697 4112 1006 4182; x_wconf 66' lang='grc' dir='ltr'>καταφυγὴ</span> <span class='ocrx_word' id='word_1_383' title='bbox 1046 4115 1144 4168; x_wconf 78' lang='grc' dir='ltr'>καὶ</span> <span class='ocrx_word' id='word_1_384' title='bbox 1187 4116 1454 4187; x_wconf 81' lang='grc' dir='ltr'>δύναμις.</span> <span class='ocrx_word' id='word_1_385' title='bbox 1493 4121 1672 4177; x_wconf 79' lang='grc' dir='ltr'>Ταῦτά</span> 
     </span>
    </p>
   </div>
   <div class='ocr_carea' id='block_1_57' title="bbox 131 4199 1670 4285">
    <p class='ocr_par' dir='ltr' id='par_1_57' title="bbox 131 4199 1670 4285">
     <span class='ocr_line' id='line_1_57' title="bbox 131 4199 1670 4285; baseline 0.012 -34"><span class='ocrx_word' id='word_1_386' title='bbox 131 4215 250 4268; x_wconf 78' lang='grc' dir='ltr'>φησι</span> <span class='ocrx_word' id='word_1_387' title='bbox 267 4199 356 4253; x_wconf 80' lang='grc' dir='ltr'>διὰ</span> <span class='ocrx_word' id='word_1_388' title='bbox 379 4201 510 4263; x_wconf 76' lang='grc' dir='ltr'>τοὺς</span> <span class='ocrx_word' id='word_1_389' title='bbox 525 4202 926 4268; x_wconf 71' lang='grc' dir='ltr'>ἑπαναστάντας</span> <span class='ocrx_word' id='word_1_390' title='bbox 948 4207 1127 4270; x_wconf 78' lang='grc' dir='ltr'>αὐτοῖς</span> <span class='ocrx_word' id='word_1_391' title='bbox 1158 4210 1307 4280; x_wconf 78' lang='grc' dir='ltr'>παρὰ</span> <span class='ocrx_word' id='word_1_392' title='bbox 1334 4211 1441 4264; x_wconf 90' lang='grc' dir='ltr'><strong>τῶν</strong></span> <span class='ocrx_word' id='word_1_393' title='bbox 1469 4215 1670 4285; x_wconf 88' lang='grc' dir='ltr'>νοητῶν</span> 
     </span>
    </p>
   </div>
   <div class='ocr_carea' id='block_1_58' title="bbox 1785 1933 3334 2011">
    <p class='ocr_par' dir='ltr' id='par_1_58' title="bbox 1785 1933 3334 2011">
     <span class='ocr_line' id='line_1_58' title="bbox 1785 1933 3334 2011; baseline 0.006 -24"><span class='ocrx_word' id='word_1_394' title='bbox 1785 1949 1856 1989; x_wconf 93' lang='lat' dir='ltr'><strong>no</strong></span> <span class='ocrx_word' id='word_1_395' title='bbox 1890 1933 2017 1990; x_wconf 82' lang='lat' dir='ltr'><strong>Jesn</strong></span> <span class='ocrx_word' id='word_1_396' title='bbox 2053 1947 2178 1992; x_wconf 89' lang='lat' dir='ltr'><strong>sunt</strong></span> <span class='ocrx_word' id='word_1_397' title='bbox 2203 1939 2472 2009; x_wconf 87' lang='lat' dir='ltr'><strong>principes</strong></span> <span class='ocrx_word' id='word_1_398' title='bbox 2506 1956 2666 2010; x_wconf 82' lang='lat' dir='ltr'><strong>super</strong></span> <span class='ocrx_word' id='word_1_399' title='bbox 2701 1956 2914 1996; x_wconf 90' lang='lat' dir='ltr'><strong>omnem</strong></span> <span class='ocrx_word' id='word_1_400' title='bbox 2937 1949 3154 2003; x_wconf 90' lang='lat' dir='ltr'><strong>terram,</strong></span> <span class='ocrx_word' id='word_1_401' title='bbox 3182 1941 3334 2011; x_wconf 78' lang='lat' dir='ltr'><strong>juxta</strong></span> 
     </span>
    </p>
   </div>
   <div class='ocr_carea' id='block_1_59' title="bbox 1783 2026 3333 2098">
    <p class='ocr_par' dir='ltr' id='par_1_59' title="bbox 1783 2026 3333 2098">
     <span class='ocr_line' id='line_1_59' title="bbox 1783 2026 3333 2098; baseline 0.002 -18"><span class='ocrx_word' id='word_1_402' title='bbox 1783 2026 1837 2080; x_wconf 87' lang='lat' dir='ltr'><strong>id</strong></span> <span class='ocrx_word' id='word_1_403' title='bbox 1889 2027 2033 2096; x_wconf 89' lang='lat' dir='ltr'><strong>quod</strong></span> <span class='ocrx_word' id='word_1_404' title='bbox 2089 2027 2294 2081; x_wconf 85' lang='lat' dir='ltr'><strong>dictum</strong></span> <span class='ocrx_word' id='word_1_405' title='bbox 2348 2036 2471 2082; x_wconf 90' lang='lat' dir='ltr'><strong>est:</strong></span> <span class='ocrx_word' id='word_1_406' title='bbox 2517 2027 2712 2081; x_wconf 83' lang='lat' dir='ltr'><strong>Euntes</strong></span> <span class='ocrx_word' id='word_1_407' title='bbox 2758 2029 2935 2082; x_wconf 86' lang='lat' dir='ltr'><strong>docete</strong></span> <span class='ocrx_word' id='word_1_408' title='bbox 2980 2045 3152 2082; x_wconf 86' lang='lat' dir='ltr'><strong>omnes</strong></span> <span class='ocrx_word' id='word_1_409' title='bbox 3209 2045 3333 2098; x_wconf 84' lang='lat' dir='ltr'><strong>gen-</strong></span> 
     </span>
    </p>
   </div>
   <div class='ocr_carea' id='block_1_60' title="bbox 1784 2115 3331 2188">
    <p class='ocr_par' dir='ltr' id='par_1_60' title="bbox 1784 2115 3331 2188">
     <span class='ocr_line' id='line_1_60' title="bbox 1784 2115 3331 2188; baseline 0.001 -19"><span class='ocrx_word' id='word_1_410' title='bbox 1784 2125 1855 2170; x_wconf 88' lang='lat' dir='ltr'><strong>tes</strong></span> <span class='ocrx_word' id='word_1_411' title='bbox 1883 2117 1946 2170; x_wconf 81' lang='lat'><strong>&quot;.</strong></span> <span class='ocrx_word' id='word_1_412' title='bbox 1982 2115 2277 2172; x_wconf 82' lang='lat' dir='ltr'><strong>Constitues</strong></span> <span class='ocrx_word' id='word_1_413' title='bbox 2305 2134 2387 2172; x_wconf 84' lang='lat' dir='ltr'><strong>eos</strong></span> <span class='ocrx_word' id='word_1_414' title='bbox 2415 2119 2674 2188; x_wconf 83' lang='lat' dir='ltr'><strong>principes</strong></span> <span class='ocrx_word' id='word_1_415' title='bbox 2706 2134 2860 2187; x_wconf 85' lang='lat' dir='ltr'><strong>super</strong></span> <span class='ocrx_word' id='word_1_416' title='bbox 2883 2134 3084 2172; x_wconf 89' lang='lat' dir='ltr'><strong>omnem</strong></span> <span class='ocrx_word' id='word_1_417' title='bbox 3117 2127 3331 2182; x_wconf 90' lang='lat' dir='ltr'><strong>terram,</strong></span> 
     </span>
    </p>
   </div>
   <div class='ocr_carea' id='block_1_61' title="bbox 1781 2210 3332 2280">
    <p class='ocr_par' dir='ltr' id='par_1_61' title="bbox 1781 2210 3332 2280">
     <span class='ocr_line' id='line_1_61' title="bbox 1781 2210 3332 2280; baseline 0.003 -20"><span class='ocrx_word' id='word_1_418' title='bbox 1781 2223 2027 2262; x_wconf 83' lang='lat' dir='ltr'><strong>memores</strong></span> <span class='ocrx_word' id='word_1_419' title='bbox 2071 2218 2222 2262; x_wconf 89' lang='lat' dir='ltr'><strong>erunt</strong></span> <span class='ocrx_word' id='word_1_420' title='bbox 2265 2210 2488 2264; x_wconf 84' lang='lat' dir='ltr'><strong>nominis</strong></span> <span class='ocrx_word' id='word_1_421' title='bbox 2525 2211 2602 2264; x_wconf 90' lang='lat' dir='ltr'><strong>tui</strong></span> <span class='ocrx_word' id='word_1_422' title='bbox 2647 2211 2701 2263; x_wconf 86' lang='lat' dir='ltr'><strong>in</strong></span> <span class='ocrx_word' id='word_1_423' title='bbox 2747 2210 2887 2264; x_wconf 89' lang='lat' dir='ltr'><strong>omni</strong></span> <span class='ocrx_word' id='word_1_424' title='bbox 2929 2210 3256 2280; x_wconf 83' lang='lat' dir='ltr'><strong>generatione</strong></span> <span class='ocrx_word' id='word_1_425' title='bbox 3282 2217 3332 2264; x_wconf 83' lang='lat' dir='ltr'><strong>et</strong></span> 
     </span>
    </p>
   </div>
   <div class='ocr_carea' id='block_1_62' title="bbox 1779 2299 3327 2372">
    <p class='ocr_par' dir='ltr' id='par_1_62' title="bbox 1779 2299 3327 2372">
     <span class='ocr_line' id='line_1_62' title="bbox 1779 2299 3327 2372; baseline 0.001 -18"><span class='ocrx_word' id='word_1_426' title='bbox 1779 2302 2126 2370; x_wconf 82' lang='lat' dir='ltr'><strong>generatione.</strong></span> <span class='ocrx_word' id='word_1_427' title='bbox 2159 2299 2261 2355; x_wconf 88' lang='lat' dir='ltr'><strong>Per</strong></span> <span class='ocrx_word' id='word_1_428' title='bbox 2298 2301 2513 2356; x_wconf 88' lang='lat' dir='ltr'><strong>divinas</strong></span> <span class='ocrx_word' id='word_1_429' title='bbox 2556 2302 2804 2356; x_wconf 82' lang='lat' dir='ltr'><strong>videlicet</strong></span> <span class='ocrx_word' id='word_1_430' title='bbox 2854 2300 3162 2372; x_wconf 86' lang='lat' dir='ltr'><strong>Scripturas</strong></span> <span class='ocrx_word' id='word_1_431' title='bbox 3194 2321 3208 2356; x_wconf 89' lang='lat'><strong>:</strong></span> <span class='ocrx_word' id='word_1_432' title='bbox 3274 2305 3327 2356; x_wconf 90' lang='lat' dir='ltr'><strong>in</strong></span> 
     </span>
    </p>
   </div>
   <div class='ocr_carea' id='block_1_63' title="bbox 1781 2392 3325 2463">
    <p class='ocr_par' dir='ltr' id='par_1_63' title="bbox 1781 2392 3325 2463">
     <span class='ocr_line' id='line_1_63' title="bbox 1781 2392 3325 2463; baseline 0.001 -16"><span class='ocrx_word' id='word_1_433' title='bbox 1781 2393 1949 2447; x_wconf 85' lang='lat' dir='ltr'><strong>sacris</strong></span> <span class='ocrx_word' id='word_1_434' title='bbox 1981 2407 2213 2462; x_wconf 90' lang='lat' dir='ltr'><strong>namque</strong></span> <span class='ocrx_word' id='word_1_435' title='bbox 2257 2392 2481 2463; x_wconf 82' lang='lat' dir='ltr'><strong>syllabis</strong></span> <span class='ocrx_word' id='word_1_436' title='bbox 2509 2401 2840 2448; x_wconf 90' lang='lat' dir='ltr'><strong>memoratur</strong></span> <span class='ocrx_word' id='word_1_437' title='bbox 2870 2408 3064 2448; x_wconf 89' lang='lat' dir='ltr'><strong>nomen</strong></span> <span class='ocrx_word' id='word_1_438' title='bbox 3095 2392 3325 2449; x_wconf 88' lang='lat' dir='ltr'><strong>Domini.</strong></span> 
     </span>
    </p>
   </div>
   <div class='ocr_carea' id='block_1_64' title="bbox 1852 2665 3328 2735">
    <p class='ocr_par' dir='ltr' id='par_1_64' title="bbox 1852 2665 3328 2735">
     <span class='ocr_line' id='line_1_64' title="bbox 1852 2665 3328 2735; baseline -0.001 -16"><span class='ocrx_word' id='word_1_439' title='bbox 1852 2666 1932 2720; x_wconf 84' lang='grc'><strong>18.</strong></span> <span class='ocrx_word' id='word_1_440' title='bbox 1977 2665 2260 2735; x_wconf 88' lang='lat' dir='ltr'><strong>Propterea</strong></span> <span class='ocrx_word' id='word_1_441' title='bbox 2298 2667 2477 2735; x_wconf 78' lang='lat' dir='ltr'><strong>populi</strong></span> <span class='ocrx_word' id='word_1_442' title='bbox 2525 2667 2908 2734; x_wconf 88' lang='lat' dir='ltr'><strong>conﬁtebuntur</strong></span> <span class='ocrx_word' id='word_1_443' title='bbox 2957 2666 3052 2718; x_wconf 83' lang='lat' dir='ltr'><strong>tibi</strong></span> <span class='ocrx_word' id='word_1_444' title='bbox 3104 2667 3156 2718; x_wconf 89' lang='lat' dir='ltr'><strong>in</strong></span> <span class='ocrx_word' id='word_1_445' title='bbox 3184 2677 3328 2720; x_wconf 70' lang='lat' dir='ltr'><strong>a&#39;ter-</strong></span> 
     </span>
    </p>
   </div>
   <div class='ocr_carea' id='block_1_65' title="bbox 1777 2761 3322 2832">
    <p class='ocr_par' dir='ltr' id='par_1_65' title="bbox 1777 2761 3322 2832">
     <span class='ocr_line' id='line_1_65' title="bbox 1777 2761 3322 2832; baseline 0.001 -17"><span class='ocrx_word' id='word_1_446' title='bbox 1777 2779 1918 2816; x_wconf 85' lang='lat' dir='ltr'><strong>num.</strong></span> <span class='ocrx_word' id='word_1_447' title='bbox 1968 2761 2069 2816; x_wconf 84' lang='lat' dir='ltr'><strong>Per</strong></span> <span class='ocrx_word' id='word_1_448' title='bbox 2114 2763 2548 2832; x_wconf 63' lang='lat' dir='ltr'><strong>praedicationem</strong></span> <span class='ocrx_word' id='word_1_449' title='bbox 2600 2763 2806 2817; x_wconf 88' lang='lat' dir='ltr'><strong>scilicet</strong></span> <span class='ocrx_word' id='word_1_450' title='bbox 2850 2783 2862 2816; x_wconf 93' lang='lat'><strong>:</strong></span> <span class='ocrx_word' id='word_1_451' title='bbox 2911 2779 3093 2818; x_wconf 87' lang='lat' dir='ltr'><strong>sermo</strong></span> <span class='ocrx_word' id='word_1_452' title='bbox 3147 2771 3322 2818; x_wconf 89' lang='lat' dir='ltr'><strong>autem</strong></span> 
     </span>
    </p>
   </div>
   <div class='ocr_carea' id='block_1_66' title="bbox 1777 2850 3326 2923">
    <p class='ocr_par' dir='ltr' id='par_1_66' title="bbox 1777 2850 3326 2923">
     <span class='ocr_line' id='line_1_66' title="bbox 1777 2850 3326 2923; baseline 0.001 -17"><span class='ocrx_word' id='word_1_453' title='bbox 1777 2867 1859 2906; x_wconf 72' lang='grc' dir='ltr'><strong>εει</strong></span> <span class='ocrx_word' id='word_1_454' title='bbox 1891 2868 1986 2906; x_wconf 89' lang='lat' dir='ltr'><strong>ceu</strong></span> <span class='ocrx_word' id='word_1_455' title='bbox 2019 2851 2084 2906; x_wconf 91' lang='lat' dir='ltr'><strong>ad</strong></span> <span class='ocrx_word' id='word_1_456' title='bbox 2125 2850 2422 2908; x_wconf 86' lang='lat' dir='ltr'><strong>Christum.</strong></span> <span class='ocrx_word' id='word_1_457' title='bbox 2459 2852 2534 2906; x_wconf 79' lang='lat' dir='ltr'><strong>Eo</strong></span> <span class='ocrx_word' id='word_1_458' title='bbox 2581 2853 2720 2922; x_wconf 87' lang='lat' dir='ltr'><strong>quod</strong></span> <span class='ocrx_word' id='word_1_459' title='bbox 2752 2854 2853 2922; x_wconf 91' lang='lat' dir='ltr'><strong>ipsi</strong></span> <span class='ocrx_word' id='word_1_460' title='bbox 2888 2868 2985 2923; x_wconf 89' lang='lat' dir='ltr'><strong>per</strong></span> <span class='ocrx_word' id='word_1_461' title='bbox 3017 2851 3326 2923; x_wconf 77' lang='lat' dir='ltr'><strong>Scriptores</strong></span> 
     </span>
    </p>
   </div>
   <div class='ocr_carea' id='block_1_67' title="bbox 1777 2943 3322 3016">
    <p class='ocr_par' dir='ltr' id='par_1_67' title="bbox 1777 2943 3322 3016">
     <span class='ocr_line' id='line_1_67' title="bbox 1777 2943 3322 3016; baseline 0 -18"><span class='ocrx_word' id='word_1_462' title='bbox 1777 2951 2199 2998; x_wconf 74' lang='lat' dir='ltr'><strong>commemorent</strong></span> <span class='ocrx_word' id='word_1_463' title='bbox 2240 2943 2508 2998; x_wconf 87' lang='lat' dir='ltr'><strong>mirabilia</strong></span> <span class='ocrx_word' id='word_1_464' title='bbox 2537 2943 2630 3000; x_wconf 91' lang='lat' dir='ltr'><strong>Dei</strong></span> <span class='ocrx_word' id='word_1_465' title='bbox 2675 2960 2793 3015; x_wconf 67' lang='lat' dir='ltr'><strong>quae</strong></span> <span class='ocrx_word' id='word_1_466' title='bbox 2843 2946 3007 3000; x_wconf 84' lang='lat' dir='ltr'><strong>edidit</strong></span> <span class='ocrx_word' id='word_1_467' title='bbox 3038 2961 3065 2998; x_wconf 90' lang='lat' dir='ltr'><strong>a</strong></span> <span class='ocrx_word' id='word_1_468' title='bbox 3099 2959 3322 3016; x_wconf 80' lang='lat' dir='ltr'><strong>genera-</strong></span> 
     </span>
    </p>
   </div>
   <div class='ocr_carea' id='block_1_68' title="bbox 1778 3031 3324 3106">
    <p class='ocr_par' dir='ltr' id='par_1_68' title="bbox 1778 3031 3324 3106">
     <span class='ocr_line' id='line_1_68' title="bbox 1778 3031 3324 3106; baseline 0.001 -21"><span class='ocrx_word' id='word_1_469' title='bbox 1778 3031 2014 3086; x_wconf 88' lang='lat' dir='ltr'><strong>tionibus</strong></span> <span class='ocrx_word' id='word_1_470' title='bbox 2069 3031 2328 3101; x_wconf 89' lang='lat' dir='ltr'><strong>anliquis,</strong></span> <span class='ocrx_word' id='word_1_471' title='bbox 2379 3043 2432 3086; x_wconf 88' lang='lat' dir='ltr'><strong>et</strong></span> <span class='ocrx_word' id='word_1_472' title='bbox 2477 3033 2702 3089; x_wconf 84' lang='lat' dir='ltr'><strong>doceant</strong></span> <span class='ocrx_word' id='word_1_473' title='bbox 2768 3038 3139 3106; x_wconf 76' lang='lat' dir='ltr'><strong>generationes</strong></span> <span class='ocrx_word' id='word_1_474' title='bbox 3192 3053 3324 3091; x_wconf 82' lang='lat' dir='ltr'><strong>ven-</strong></span> 
     </span>
    </p>
   </div>
   <div class='ocr_carea' id='block_1_69' title="bbox 1781 3133 1952 3179">
    <p class='ocr_par' dir='ltr' id='par_1_69' title="bbox 1781 3133 1952 3179">
     <span class='ocr_line' id='line_1_69' title="bbox 1781 3133 1952 3179; baseline 0.006 -1"><span class='ocrx_word' id='word_1_475' title='bbox 1781 3133 1952 3179; x_wconf 90' lang='lat' dir='ltr'><strong>turas.</strong></span> 
     </span>
    </p>
   </div>
   <div class='ocr_carea' id='block_1_70' title="bbox 2061 3212 3143 3283">
    <p class='ocr_par' dir='ltr' id='par_1_70' title="bbox 2061 3212 3143 3283">
     <span class='ocr_line' id='line_1_70' title="bbox 2061 3212 3143 3283; baseline 0.003 -16"><span class='ocrx_word' id='word_1_476' title='bbox 2061 3212 2125 3268; x_wconf 86' lang='lat' dir='ltr'><strong>In</strong></span> <span class='ocrx_word' id='word_1_477' title='bbox 2148 3213 2322 3283; x_wconf 84' lang='lat' dir='ltr'><strong>ﬁnem,</strong></span> <span class='ocrx_word' id='word_1_478' title='bbox 2360 3214 2486 3282; x_wconf 78' lang='lat' dir='ltr'><strong>ﬁliis</strong></span> <span class='ocrx_word' id='word_1_479' title='bbox 2523 3213 2781 3283; x_wconf 88' lang='lat' dir='ltr'><strong>Core,pro</strong></span> <span class='ocrx_word' id='word_1_480' title='bbox 2817 3217 3024 3270; x_wconf 85' lang='lat' dir='ltr'><strong>arcanis</strong></span> <span class='ocrx_word' id='word_1_481' title='bbox 3136 3253 3143 3258; x_wconf 87' lang='lat'><strong>-</strong></span> 
     </span>
    </p>
   </div>
   <div class='ocr_carea' id='block_1_71' title="bbox 2279 3301 2804 3359">
    <p class='ocr_par' dir='ltr' id='par_1_71' title="bbox 2279 3301 2804 3359">
     <span class='ocr_line' id='line_1_71' title="bbox 2279 3301 2804 3359; baseline 0.006 -3"><span class='ocrx_word' id='word_1_482' title='bbox 2279 3301 2617 3359; x_wconf 81' lang='lat' dir='ltr'><strong>PSALMUS</strong></span> <span class='ocrx_word' id='word_1_483' title='bbox 2655 3303 2804 3359; x_wconf 80' lang='lat' dir='ltr'><strong>XLV</strong></span> 
     </span>
    </p>
   </div>
   <div class='ocr_carea' id='block_1_72' title="bbox 2346 3394 2740 3463">
    <p class='ocr_par' dir='ltr' id='par_1_72' title="bbox 2346 3394 2740 3463">
     <span class='ocr_line' id='line_1_72' title="bbox 2346 3394 2740 3463; baseline 0.008 -17"><span class='ocrx_word' id='word_1_484' title='bbox 2346 3394 2740 3463; x_wconf 79' lang='lat' dir='ltr'><strong>Argumentum.</strong></span> 
     </span>
    </p>
   </div>
   <div class='ocr_carea' id='block_1_73' title="bbox 1774 3481 3322 3551">
    <p class='ocr_par' dir='ltr' id='par_1_73' title="bbox 1774 3481 3322 3551">
     <span class='ocr_line' id='line_1_73' title="bbox 1774 3481 3322 3551; baseline -0.001 -14"><span class='ocrx_word' id='word_1_485' title='bbox 1774 3482 2020 3538; x_wconf 88' lang='lat' dir='ltr'><strong>Gentium</strong></span> <span class='ocrx_word' id='word_1_486' title='bbox 2061 3482 2421 3545; x_wconf 86' lang='lat' dir='ltr'><strong>vocationem,</strong></span> <span class='ocrx_word' id='word_1_487' title='bbox 2452 3482 2811 3551; x_wconf 86' lang='lat' dir='ltr'><strong>spiritualium</strong></span> <span class='ocrx_word' id='word_1_488' title='bbox 2860 3482 3198 3536; x_wconf 91' lang='lat' dir='ltr'><strong>inimicorum</strong></span> <span class='ocrx_word' id='word_1_489' title='bbox 3230 3481 3322 3536; x_wconf 88' lang='lat' dir='ltr'><strong>dc-</strong></span> 
     </span>
    </p>
   </div>
   <div class='ocr_carea' id='block_1_74' title="bbox 1841 3566 3318 3638">
    <p class='ocr_par' dir='ltr' id='par_1_74' title="bbox 1841 3566 3318 3638">
     <span class='ocr_line' id='line_1_74' title="bbox 1841 3566 3318 3638; baseline 0.001 -19"><span class='ocrx_word' id='word_1_490' title='bbox 1841 3566 2168 3637; x_wconf 89' lang='lat' dir='ltr'><strong>pulsionem,</strong></span> <span class='ocrx_word' id='word_1_491' title='bbox 2210 3581 2507 3635; x_wconf 80' lang='lat' dir='ltr'><strong>eorumque</strong></span> <span class='ocrx_word' id='word_1_492' title='bbox 2549 3567 2603 3620; x_wconf 90' lang='lat' dir='ltr'><strong>in</strong></span> <span class='ocrx_word' id='word_1_493' title='bbox 2654 3568 2908 3638; x_wconf 81' lang='lat' dir='ltr'><strong>abyssum</strong></span> <span class='ocrx_word' id='word_1_494' title='bbox 2955 3566 3318 3621; x_wconf 87' lang='lat' dir='ltr'><strong>detrusionem</strong></span> 
     </span>
    </p>
   </div>
   <div class='ocr_carea' id='block_1_75' title="bbox 1848 3649 3323 3720">
    <p class='ocr_par' dir='ltr' id='par_1_75' title="bbox 1848 3649 3323 3720">
     <span class='ocr_line' id='line_1_75' title="bbox 1848 3649 3323 3720; baseline -0.001 -14"><span class='ocrx_word' id='word_1_495' title='bbox 1848 3651 2115 3720; x_wconf 83' lang='lat' dir='ltr'><strong>signiﬁcat</strong></span> <span class='ocrx_word' id='word_1_496' title='bbox 2153 3665 2389 3718; x_wconf 71' lang='lat' dir='ltr'><strong>praesens</strong></span> <span class='ocrx_word' id='word_1_497' title='bbox 2434 3651 2697 3720; x_wconf 87' lang='lat' dir='ltr'><strong>psalmus.</strong></span> <span class='ocrx_word' id='word_1_498' title='bbox 2742 3649 3190 3719; x_wconf 86' lang='lat' dir='ltr'><strong>Quandoquidem</strong></span> <span class='ocrx_word' id='word_1_499' title='bbox 3225 3666 3323 3704; x_wconf 89' lang='lat' dir='ltr'><strong>au-</strong></span> 
     </span>
    </p>
   </div>
   <div class='ocr_carea' id='block_1_76' title="bbox 1843 3740 3321 3810">
    <p class='ocr_par' dir='ltr' id='par_1_76' title="bbox 1843 3740 3321 3810">
     <span class='ocr_line' id='line_1_76' title="bbox 1843 3740 3321 3810; baseline 0 -15"><span class='ocrx_word' id='word_1_500' title='bbox 1843 3752 1948 3795; x_wconf 89' lang='lat' dir='ltr'><strong>tem</strong></span> <span class='ocrx_word' id='word_1_501' title='bbox 1997 3741 2181 3796; x_wconf 69' lang='lat' dir='ltr'><strong>istbaec</strong></span> <span class='ocrx_word' id='word_1_502' title='bbox 2217 3756 2312 3795; x_wconf 89' lang='lat' dir='ltr'><strong>ceu</strong></span> <span class='ocrx_word' id='word_1_503' title='bbox 2366 3757 2458 3810; x_wconf 91' lang='lat' dir='ltr'><strong>per</strong></span> <span class='ocrx_word' id='word_1_504' title='bbox 2502 3741 2784 3809; x_wconf 87' lang='lat' dir='ltr'><strong>parabolas</strong></span> <span class='ocrx_word' id='word_1_505' title='bbox 2823 3741 2965 3796; x_wconf 88' lang='lat' dir='ltr'><strong>dicta</strong></span> <span class='ocrx_word' id='word_1_506' title='bbox 2999 3750 3162 3806; x_wconf 90' lang='lat' dir='ltr'><strong>sunt;</strong></span> <span class='ocrx_word' id='word_1_507' title='bbox 3199 3740 3321 3809; x_wconf 83' lang='lat' dir='ltr'><strong>jure</strong></span> 
     </span>
    </p>
   </div>
   <div class='ocr_carea' id='block_1_77' title="bbox 1843 3834 3316 3906">
    <p class='ocr_par' dir='ltr' id='par_1_77' title="bbox 1843 3834 3316 3906">
     <span class='ocr_line' id='line_1_77' title="bbox 1843 3834 3316 3906; baseline 0.001 -20"><span class='ocrx_word' id='word_1_508' title='bbox 1843 3850 1934 3903; x_wconf 93' lang='lat' dir='ltr'><strong>pro</strong></span> <span class='ocrx_word' id='word_1_509' title='bbox 1967 3835 2176 3887; x_wconf 87' lang='lat' dir='ltr'><strong>arcanis</strong></span> <span class='ocrx_word' id='word_1_510' title='bbox 2223 3834 2535 3888; x_wconf 89' lang='lat' dir='ltr'><strong>inscribitur</strong></span> <span class='ocrx_word' id='word_1_511' title='bbox 2578 3834 2834 3906; x_wconf 88' lang='lat' dir='ltr'><strong>psalmus.</strong></span> <span class='ocrx_word' id='word_1_512' title='bbox 2882 3835 3095 3890; x_wconf 82' lang='lat' dir='ltr'><strong>Cannnt</strong></span> <span class='ocrx_word' id='word_1_513' title='bbox 3139 3842 3316 3888; x_wconf 90' lang='lat' dir='ltr'><strong>autem</strong></span> 
     </span>
    </p>
   </div>
   <div class='ocr_carea' id='block_1_78' title="bbox 1842 3923 3317 3995">
    <p class='ocr_par' dir='ltr' id='par_1_78' title="bbox 1842 3923 3317 3995">
     <span class='ocr_line' id='line_1_78' title="bbox 1842 3923 3317 3995; baseline 0 -16"><span class='ocrx_word' id='word_1_514' title='bbox 1842 3928 1994 3979; x_wconf 86' lang='lat' dir='ltr'><strong>illum</strong></span> <span class='ocrx_word' id='word_1_515' title='bbox 2039 3926 2132 3995; x_wconf 91' lang='lat' dir='ltr'><strong>qui</strong></span> <span class='ocrx_word' id='word_1_516' title='bbox 2180 3925 2233 3979; x_wconf 91' lang='lat' dir='ltr'><strong>in</strong></span> <span class='ocrx_word' id='word_1_517' title='bbox 2277 3923 2552 3979; x_wconf 86' lang='lat' dir='ltr'><strong>Christum</strong></span> <span class='ocrx_word' id='word_1_518' title='bbox 2599 3925 2961 3989; x_wconf 89' lang='lat' dir='ltr'><strong>crediderunt,</strong></span> <span class='ocrx_word' id='word_1_519' title='bbox 2993 3933 3054 3980; x_wconf 90' lang='lat' dir='ltr'><strong>ut</strong></span> <span class='ocrx_word' id='word_1_520' title='bbox 3083 3927 3317 3979; x_wconf 78' lang='lat' dir='ltr'><strong>maxime</strong></span> 
     </span>
    </p>
   </div>
   <div class='ocr_carea' id='block_1_79' title="bbox 1836 4015 2500 4085">
    <p class='ocr_par' dir='ltr' id='par_1_79' title="bbox 1836 4015 2500 4085">
     <span class='ocr_line' id='line_1_79' title="bbox 1836 4015 2500 4085; baseline 0.003 -17"><span class='ocrx_word' id='word_1_521' title='bbox 1836 4016 2075 4071; x_wconf 88' lang='lat' dir='ltr'><strong>omnium</strong></span> <span class='ocrx_word' id='word_1_522' title='bbox 2099 4015 2325 4085; x_wconf 88' lang='lat' dir='ltr'><strong>apostoli</strong></span> <span class='ocrx_word' id='word_1_523' title='bbox 2363 4016 2500 4085; x_wconf 83' lang='lat' dir='ltr'><strong>ejus.</strong></span> 
     </span>
    </p>
   </div>
   <div class='ocr_carea' id='block_1_80' title="bbox 1841 4105 3317 4175">
    <p class='ocr_par' dir='ltr' id='par_1_80' title="bbox 1841 4105 3317 4175">
     <span class='ocr_line' id='line_1_80' title="bbox 1841 4105 3317 4175; baseline 0 -14"><span class='ocrx_word' id='word_1_524' title='bbox 1841 4110 1893 4161; x_wconf 69' lang='lat'><strong>‘3.</strong></span> <span class='ocrx_word' id='word_1_525' title='bbox 1956 4108 2086 4161; x_wconf 86' lang='lat' dir='ltr'><strong>Deus</strong></span> <span class='ocrx_word' id='word_1_526' title='bbox 2119 4118 2292 4162; x_wconf 86' lang='lat' dir='ltr'><strong>noster</strong></span> <span class='ocrx_word' id='word_1_527' title='bbox 2322 4107 2581 4175; x_wconf 77' lang='lat' dir='ltr'><strong>refugium</strong></span> <span class='ocrx_word' id='word_1_528' title='bbox 2607 4114 2654 4160; x_wconf 89' lang='lat' dir='ltr'><strong>et</strong></span> <span class='ocrx_word' id='word_1_529' title='bbox 2687 4107 2870 4161; x_wconf 80' lang='lat' dir='ltr'><strong>virtus.</strong></span> <span class='ocrx_word' id='word_1_530' title='bbox 2898 4105 3010 4161; x_wconf 85' lang='lat' dir='ltr'><strong>Hoc</strong></span> <span class='ocrx_word' id='word_1_531' title='bbox 3032 4106 3106 4161; x_wconf 89' lang='lat' dir='ltr'><strong>ait</strong></span> <span class='ocrx_word' id='word_1_532' title='bbox 3133 4106 3204 4160; x_wconf 90' lang='lat' dir='ltr'><strong>ob</strong></span> <span class='ocrx_word' id='word_1_533' title='bbox 3234 4107 3317 4162; x_wconf 87' lang='lat' dir='ltr'><strong>in-</strong></span> 
     </span>
    </p>
   </div>
   <div class='ocr_carea' id='block_1_81' title="bbox 1771 4199 3314 4271">
    <p class='ocr_par' dir='ltr' id='par_1_81' title="bbox 1771 4199 3314 4271">
     <span class='ocr_line' id='line_1_81' title="bbox 1771 4199 3314 4271; baseline 0 -17"><span class='ocrx_word' id='word_1_534' title='bbox 1771 4210 2050 4271; x_wconf 76' lang='lat' dir='ltr'><strong>surgentes</strong></span> <span class='ocrx_word' id='word_1_535' title='bbox 2083 4201 2364 4254; x_wconf 85' lang='lat' dir='ltr'><strong>adversum</strong></span> <span class='ocrx_word' id='word_1_536' title='bbox 2408 4199 2556 4267; x_wconf 84' lang='lat' dir='ltr'><strong>ipsos</strong></span> <span class='ocrx_word' id='word_1_537' title='bbox 2594 4199 2956 4267; x_wconf 89' lang='lat' dir='ltr'><strong>spiritualium</strong></span> <span class='ocrx_word' id='word_1_538' title='bbox 2985 4209 3039 4252; x_wconf 88' lang='lat' dir='ltr'><strong>et</strong></span> <span class='ocrx_word' id='word_1_539' title='bbox 3083 4200 3314 4254; x_wconf 86' lang='lat' dir='ltr'><strong>sensibi-</strong></span> 
     </span>
    </p>
   </div>
   <div class='ocr_carea' id='block_1_82' title="bbox 127 4288 1682 4368">
    <p class='ocr_par' dir='ltr' id='par_1_82' title="bbox 127 4290 1668 4368">
     <span class='ocr_line' id='line_1_82' title="bbox 127 4290 1668 4368; baseline 0.012 -26"><span class='ocrx_word' id='word_1_540' title='bbox 127 4306 180 4341; x_wconf 76' lang='grc' dir='ltr'><strong>τε</strong></span> <span class='ocrx_word' id='word_1_541' title='bbox 211 4291 303 4344; x_wconf 72' lang='grc' dir='ltr'>καὶ</span> <span class='ocrx_word' id='word_1_542' title='bbox 343 4290 619 4360; x_wconf 71' lang='grc' dir='ltr'>αἰσθητῶν</span> <span class='ocrx_word' id='word_1_543' title='bbox 651 4292 861 4364; x_wconf 76' lang='grc' dir='ltr'>ἐχθρῶν</span> <span class='ocrx_word' id='word_1_544' title='bbox 898 4295 1186 4368; x_wconf 85' lang='grc' dir='ltr'>διωγμούς.</span> <span class='ocrx_word' id='word_1_545' title='bbox 1226 4301 1328 4355; x_wconf 83' lang='grc' dir='ltr'><strong>Διὰ</strong></span> <span class='ocrx_word' id='word_1_546' title='bbox 1377 4304 1551 4359; x_wconf 79' lang='grc' dir='ltr'>τοῦτο</span> <span class='ocrx_word' id='word_1_547' title='bbox 1598 4308 1668 4361; x_wconf 86' lang='grc' dir='ltr'><strong>οὐ</strong></span> 
     </span>
    </p>
   </div>
   <div class='ocr_carea' id='block_1_83' title="bbox 1773 4288 3313 4368">
    <p class='ocr_par' dir='ltr' id='par_1_83' title="bbox 1773 4288 3313 4358">
     <span class='ocr_line' id='line_1_83' title="bbox 1773 4288 3313 4358; baseline 0.001 -16"><span class='ocrx_word' id='word_1_548' title='bbox 1773 4289 1901 4345; x_wconf 92' lang='lat' dir='ltr'><strong>lium</strong></span> <span class='ocrx_word' id='word_1_549' title='bbox 1955 4289 2297 4345; x_wconf 89' lang='lat' dir='ltr'><strong>inimicorum</strong></span> <span class='ocrx_word' id='word_1_550' title='bbox 2341 4301 2502 4357; x_wconf 84' lang='lat' dir='ltr'><strong>opera</strong></span> <span class='ocrx_word' id='word_1_551' title='bbox 2559 4289 2980 4358; x_wconf 88' lang='lat' dir='ltr'><strong>persecutiones.</strong></span> <span class='ocrx_word' id='word_1_552' title='bbox 3034 4288 3313 4358; x_wconf 83' lang='lat' dir='ltr'><strong>Propterea</strong></span> 
     </span>
    </p>
   </div>
   <div class='ocr_carea' id='block_1_84' title="bbox 128 4379 1682 4462">
    <p class='ocr_par' dir='ltr' id='par_1_84' title="bbox 128 4381 1670 4462">
     <span class='ocr_line' id='line_1_84' title="bbox 128 4381 1670 4462; baseline 0.012 -32"><span class='ocrx_word' id='word_1_553' title='bbox 128 4381 570 4449; x_wconf 64' lang='grc' dir='ltr'>φοᾶηθησόμεθα</span> <span class='ocrx_word' id='word_1_554' title='bbox 598 4381 669 4435; x_wconf 81' lang='grc' dir='ltr'><strong>ἐν</strong></span> <span class='ocrx_word' id='word_1_555' title='bbox 699 4381 778 4447; x_wconf 83' lang='grc' dir='ltr'>τῷ</span> <span class='ocrx_word' id='word_1_556' title='bbox 808 4383 1209 4452; x_wconf 80' lang='grc' dir='ltr'>ταράσσεσθαι</span> <span class='ocrx_word' id='word_1_557' title='bbox 1251 4390 1364 4458; x_wconf 82' lang='grc' dir='ltr'><strong>τὴν</strong></span> <span class='ocrx_word' id='word_1_558' title='bbox 1385 4391 1520 4462; x_wconf 78' lang='grc' dir='ltr'><strong>γῆν.</strong></span> <span class='ocrx_word' id='word_1_559' title='bbox 1572 4395 1670 4449; x_wconf 86' lang='grc' dir='ltr'><strong>Διά</strong></span> 
     </span>
    </p>
   </div>
   <div class='ocr_carea' id='block_1_85' title="bbox 1773 4379 3312 4462">
    <p class='ocr_par' dir='ltr' id='par_1_85' title="bbox 1773 4379 3312 4446">
     <span class='ocr_line' id='line_1_85' title="bbox 1773 4379 3312 4446; baseline -0.001 -9"><span class='ocrx_word' id='word_1_560' title='bbox 1773 4398 1870 4437; x_wconf 85' lang='lat' dir='ltr'><strong>non</strong></span> <span class='ocrx_word' id='word_1_561' title='bbox 1900 4383 2188 4437; x_wconf 83' lang='lat' dir='ltr'><strong>timebimus</strong></span> <span class='ocrx_word' id='word_1_562' title='bbox 2230 4380 2356 4433; x_wconf 88' lang='lat' dir='ltr'><strong>dum</strong></span> <span class='ocrx_word' id='word_1_563' title='bbox 2401 4379 2694 4434; x_wconf 87' lang='lat' dir='ltr'><strong>turbabitur</strong></span> <span class='ocrx_word' id='word_1_564' title='bbox 2738 4390 2897 4433; x_wconf 89' lang='lat' dir='ltr'><strong>terra.</strong></span> <span class='ocrx_word' id='word_1_565' title='bbox 2945 4380 3211 4446; x_wconf 87' lang='lat' dir='ltr'><strong>Quoniam</strong></span> <span class='ocrx_word' id='word_1_566' title='bbox 3262 4391 3312 4436; x_wconf 89' lang='lat' dir='ltr'><strong>te</strong></span> 
     </span>
    </p>
   </div>
   <div class='ocr_carea' id='block_1_86' title="bbox 127 4471 1682 4568">
    <p class='ocr_par' dir='ltr' id='par_1_86' title="bbox 127 4471 1670 4554">
     <span class='ocr_line' id='line_1_86' title="bbox 127 4471 1670 4554; baseline 0.012 -33"><span class='ocrx_word' id='word_1_567' title='bbox 127 4471 180 4523; x_wconf 81' lang='grc' dir='ltr'>τὺ</span> <span class='ocrx_word' id='word_1_568' title='bbox 202 4473 344 4542; x_wconf 77' lang='grc' dir='ltr'>ἔχειν</span> <span class='ocrx_word' id='word_1_569' title='bbox 376 4476 459 4536; x_wconf 74' lang='lat' dir='ltr'><strong>bs,</strong></span> <span class='ocrx_word' id='word_1_570' title='bbox 490 4474 671 4544; x_wconf 77' lang='grc' dir='ltr'>φησὶν,</span> <span class='ocrx_word' id='word_1_571' title='bbox 697 4474 906 4544; x_wconf 84' lang='grc' dir='ltr'>βοηθὸν,</span> <span class='ocrx_word' id='word_1_572' title='bbox 929 4478 1106 4548; x_wconf 83' lang='grc' dir='ltr'>πάσης</span> <span class='ocrx_word' id='word_1_573' title='bbox 1121 4482 1361 4554; x_wconf 85' lang='grc' dir='ltr'>ταραχῆς</span> <span class='ocrx_word' id='word_1_574' title='bbox 1385 4484 1670 4539; x_wconf 79' lang='grc' dir='ltr'>ἐπανιστα-</span> 
     </span>
    </p>
   </div>
   <div class='ocr_carea' id='block_1_87' title="bbox 1773 4471 3312 4568">
    <p class='ocr_par' dir='ltr' id='par_1_87' title="bbox 1773 4473 3312 4544">
     <span class='ocr_line' id='line_1_87' title="bbox 1773 4473 3312 4544; baseline -0.002 -15"><span class='ocrx_word' id='word_1_575' title='bbox 1773 4475 2066 4544; x_wconf 86' lang='lat' dir='ltr'><strong>adjutorem</strong></span> <span class='ocrx_word' id='word_1_576' title='bbox 2114 4473 2398 4537; x_wconf 85' lang='lat' dir='ltr'><strong>habemus,</strong></span> <span class='ocrx_word' id='word_1_577' title='bbox 2452 4473 2645 4542; x_wconf 90' lang='lat' dir='ltr'><strong>inquit,</strong></span> <span class='ocrx_word' id='word_1_578' title='bbox 2705 4487 3086 4542; x_wconf 87' lang='lat' dir='ltr'><strong>quamcunque</strong></span> <span class='ocrx_word' id='word_1_579' title='bbox 3124 4473 3312 4529; x_wconf 82' lang='lat' dir='ltr'><strong>adver-</strong></span> 
     </span>
    </p>
   </div>
   <div class='ocr_carea' id='block_1_88' title="bbox 131 4562 1682 4650">
    <p class='ocr_par' dir='ltr' id='par_1_88' title="bbox 131 4562 1661 4650">
     <span class='ocr_line' id='line_1_88' title="bbox 131 4562 1661 4650; baseline 0.012 -37"><span class='ocrx_word' id='word_1_580' title='bbox 131 4562 282 4635; x_wconf 70' lang='grc' dir='ltr'>μένης</span> <span class='ocrx_word' id='word_1_581' title='bbox 335 4565 469 4634; x_wconf 73' lang='grc' dir='ltr'>ἡμῖν</span> <span class='ocrx_word' id='word_1_582' title='bbox 526 4567 1022 4638; x_wconf 81' lang='grc' dir='ltr'>καταφρονήσομεν,</span> <span class='ocrx_word' id='word_1_583' title='bbox 1085 4571 1434 4643; x_wconf 82' lang='grc' dir='ltr'>Ἐταράττετο</span> <span class='ocrx_word' id='word_1_584' title='bbox 1479 4577 1587 4646; x_wconf 83' lang='grc' dir='ltr'><strong>γὰρ</strong></span> <span class='ocrx_word' id='word_1_585' title='bbox 1629 4582 1661 4650; x_wconf 82' lang='grc' dir='ltr'><strong>ἡ</strong></span> 
     </span>
    </p>
   </div>
   <div class='ocr_carea' id='block_1_89' title="bbox 1773 4562 3306 4650">
    <p class='ocr_par' dir='ltr' id='par_1_89' title="bbox 1773 4562 3306 4633">
     <span class='ocr_line' id='line_1_89' title="bbox 1773 4562 3306 4633; baseline -0.002 -13"><span class='ocrx_word' id='word_1_586' title='bbox 1773 4580 1886 4620; x_wconf 87' lang='lat' dir='ltr'><strong>sum</strong></span> <span class='ocrx_word' id='word_1_587' title='bbox 1918 4581 2019 4621; x_wconf 90' lang='lat' dir='ltr'><strong>nos</strong></span> <span class='ocrx_word' id='word_1_588' title='bbox 2042 4565 2407 4633; x_wconf 79' lang='lat' dir='ltr'><strong>insurgentem</strong></span> <span class='ocrx_word' id='word_1_589' title='bbox 2433 4562 2892 4633; x_wconf 82' lang='lat' dir='ltr'><strong>perturbationem</strong></span> <span class='ocrx_word' id='word_1_590' title='bbox 2922 4563 3306 4632; x_wconf 86' lang='lat' dir='ltr'><strong>despiciemus.</strong></span> 
     </span>
    </p>
   </div>
   <div class='ocr_carea' id='block_1_90' title="bbox 129 4655 1682 4738">
    <p class='ocr_par' dir='ltr' id='par_1_90' title="bbox 129 4655 1665 4738">
     <span class='ocr_line' id='line_1_90' title="bbox 129 4655 1665 4738; baseline 0.014 -34"><span class='ocrx_word' id='word_1_591' title='bbox 129 4656 258 4707; x_wconf 75' lang='grc' dir='ltr'>πᾶσα</span> <span class='ocrx_word' id='word_1_592' title='bbox 288 4655 382 4725; x_wconf 85' lang='grc' dir='ltr'><strong>γῆ,</strong></span> <span class='ocrx_word' id='word_1_593' title='bbox 420 4655 720 4725; x_wconf 76' lang='grc' dir='ltr'><strong>ἀρχομένου</strong></span> <span class='ocrx_word' id='word_1_594' title='bbox 741 4659 832 4712; x_wconf 83' lang='grc' dir='ltr'>τοῦ</span> <span class='ocrx_word' id='word_1_595' title='bbox 857 4661 1226 4731; x_wconf 82' lang='grc' dir='ltr'>κηρύγματος,</span> <span class='ocrx_word' id='word_1_596' title='bbox 1255 4666 1361 4719; x_wconf 88' lang='grc' dir='ltr'><strong>τῶν</strong></span> <span class='ocrx_word' id='word_1_597' title='bbox 1403 4669 1665 4738; x_wconf 85' lang='grc' dir='ltr'>μενόντων</span> 
     </span>
    </p>
   </div>
   <div class='ocr_carea' id='block_1_91' title="bbox 1773 4655 3308 4738">
    <p class='ocr_par' dir='ltr' id='par_1_91' title="bbox 1773 4655 3308 4725">
     <span class='ocr_line' id='line_1_91' title="bbox 1773 4655 3308 4725; baseline 0.001 -17"><span class='ocrx_word' id='word_1_598' title='bbox 1773 4655 2105 4711; x_wconf 84' lang='lat' dir='ltr'><strong>Turbabatur</strong></span> <span class='ocrx_word' id='word_1_599' title='bbox 2130 4671 2364 4725; x_wconf 89' lang='lat' dir='ltr'><strong>namque</strong></span> <span class='ocrx_word' id='word_1_600' title='bbox 2394 4663 2502 4708; x_wconf 90' lang='lat' dir='ltr'><strong>tota</strong></span> <span class='ocrx_word' id='word_1_601' title='bbox 2549 4661 2712 4718; x_wconf 81' lang='lat' dir='ltr'><strong>terra,</strong></span> <span class='ocrx_word' id='word_1_602' title='bbox 2742 4669 2864 4707; x_wconf 89' lang='lat' dir='ltr'><strong>cum</strong></span> <span class='ocrx_word' id='word_1_603' title='bbox 2892 4655 3200 4723; x_wconf 64' lang='lat' dir='ltr'><strong>prmdicatio</strong></span> <span class='ocrx_word' id='word_1_604' title='bbox 3230 4655 3308 4709; x_wconf 87' lang='lat' dir='ltr'><strong>in-</strong></span> 
     </span>
    </p>
   </div>
   <div class='ocr_carea' id='block_1_92' title="bbox 127 4741 1682 4834">
    <p class='ocr_par' dir='ltr' id='par_1_92' title="bbox 127 4745 1665 4834">
     <span class='ocr_line' id='line_1_92' title="bbox 127 4745 1665 4834; baseline 0.014 -39"><span class='ocrx_word' id='word_1_605' title='bbox 127 4745 176 4794; x_wconf 77' lang='grc' dir='ltr'><strong>ὲν</strong></span> <span class='ocrx_word' id='word_1_606' title='bbox 201 4747 422 4815; x_wconf 68' lang='grc' dir='ltr'>ἀπιστία</span> <span class='ocrx_word' id='word_1_607' title='bbox 439 4749 877 4819; x_wconf 78' lang='grc' dir='ltr'>ἐπανισταμένων</span> <span class='ocrx_word' id='word_1_608' title='bbox 894 4756 1004 4817; x_wconf 78' lang='grc' dir='ltr'>τοῖς</span> <span class='ocrx_word' id='word_1_609' title='bbox 1020 4756 1333 4813; x_wconf 89' lang='grc' dir='ltr'>πιστεύουσι</span> <span class='ocrx_word' id='word_1_610' title='bbox 1356 4760 1434 4832; x_wconf 80' lang='grc' dir='ltr'>τῷ</span> <span class='ocrx_word' id='word_1_611' title='bbox 1462 4779 1529 4833; x_wconf 89' lang='grc' dir='ltr'><strong>κη</strong></span> <span class='ocrx_word' id='word_1_612' title='bbox 1538 4763 1665 4834; x_wconf 86' lang='grc' dir='ltr'>ρύγ-</span> 
     </span>
    </p>
   </div>
   <div class='ocr_carea' id='block_1_93' title="bbox 1773 4741 3302 4834">
    <p class='ocr_par' dir='ltr' id='par_1_93' title="bbox 1773 4741 3302 4811">
     <span class='ocr_line' id='line_1_93' title="bbox 1773 4741 3302 4811; baseline -0.003 -12"><span class='ocrx_word' id='word_1_613' title='bbox 1773 4745 2044 4799; x_wconf 78' lang='lat' dir='ltr'><strong>choaretur</strong></span> <span class='ocrx_word' id='word_1_614' title='bbox 2077 4762 2090 4796; x_wconf 88' lang='lat'><strong>:</strong></span> <span class='ocrx_word' id='word_1_615' title='bbox 2123 4742 2250 4797; x_wconf 92' lang='lat' dir='ltr'><strong>dum</strong></span> <span class='ocrx_word' id='word_1_616' title='bbox 2270 4744 2306 4796; x_wconf 88' lang='lat' dir='ltr'><strong>ii</strong></span> <span class='ocrx_word' id='word_1_617' title='bbox 2331 4742 2422 4811; x_wconf 90' lang='lat' dir='ltr'><strong>qui</strong></span> <span class='ocrx_word' id='word_1_618' title='bbox 2451 4742 2506 4794; x_wconf 93' lang='lat' dir='ltr'><strong>in</strong></span> <span class='ocrx_word' id='word_1_619' title='bbox 2537 4741 2848 4796; x_wconf 77' lang='lat' dir='ltr'><strong>inﬁdelitate</strong></span> <span class='ocrx_word' id='word_1_620' title='bbox 2872 4742 3302 4809; x_wconf 86' lang='lat' dir='ltr'><strong>perseverabant,</strong></span> 
     </span>
    </p>
   </div>
   <div class='ocr_carea' id='block_1_94' title="bbox 130 4838 1659 4918">
    <p class='ocr_par' dir='ltr' id='par_1_94' title="bbox 130 4838 1659 4918">
     <span class='ocr_line' id='line_1_94' title="bbox 130 4838 1659 4918; baseline 0.015 -30"><span class='ocrx_word' id='word_1_621' title='bbox 130 4853 261 4904; x_wconf 86' lang='grc' dir='ltr'>ματι.</span> <span class='ocrx_word' id='word_1_622' title='bbox 279 4838 388 4892; x_wconf 79' lang='grc' dir='ltr'><strong>Καὶ</strong></span> <span class='ocrx_word' id='word_1_623' title='bbox 403 4840 813 4907; x_wconf 79' lang='grc' dir='ltr'>μετατίθεσθαι</span> <span class='ocrx_word' id='word_1_624' title='bbox 832 4842 940 4914; x_wconf 80' lang='grc' dir='ltr'><strong>ὄρη</strong></span> <span class='ocrx_word' id='word_1_625' title='bbox 957 4846 1026 4898; x_wconf 81' lang='grc' dir='ltr'><strong>ἐν</strong></span> <span class='ocrx_word' id='word_1_626' title='bbox 1039 4847 1306 4918; x_wconf 83' lang='grc' dir='ltr'>καρδίαις</span> <span class='ocrx_word' id='word_1_627' title='bbox 1321 4854 1659 4912; x_wconf 75' lang='grc' dir='ltr'>θαλασσῶν.</span> 
     </span>
    </p>
   </div>
   <div class='ocr_carea' id='block_1_95' title="bbox 129 4927 1662 5014">
    <p class='ocr_par' dir='ltr' id='par_1_95' title="bbox 129 4927 1662 5014">
     <span class='ocr_line' id='line_1_95' title="bbox 129 4927 1662 5014; baseline 0.014 -36"><span class='ocrx_word' id='word_1_628' title='bbox 129 4927 349 4997; x_wconf 75' lang='grc' dir='ltr'>Καρδίας</span> <span class='ocrx_word' id='word_1_629' title='bbox 371 4928 655 4984; x_wconf 86' lang='grc' dir='ltr'>θαλασσῶν</span> <span class='ocrx_word' id='word_1_630' title='bbox 681 4931 779 4997; x_wconf 82' lang='grc' dir='ltr'>τὰς</span> <span class='ocrx_word' id='word_1_631' title='bbox 810 4934 1076 5002; x_wconf 79' lang='grc' dir='ltr'>ἀϐύσσους</span> <span class='ocrx_word' id='word_1_632' title='bbox 1105 4941 1267 5010; x_wconf 78' lang='grc' dir='ltr'>φησιν</span> <span class='ocrx_word' id='word_1_633' title='bbox 1292 4959 1306 4973; x_wconf 76' lang='grc' dir='ltr'><strong>ο</strong></span> <span class='ocrx_word' id='word_1_634' title='bbox 1340 4942 1438 5014; x_wconf 77' lang='grc' dir='ltr'><strong>ὅρη</strong></span> <span class='ocrx_word' id='word_1_635' title='bbox 1477 4944 1533 5000; x_wconf 81' lang='grc' dir='ltr'>δὲ</span> <span class='ocrx_word' id='word_1_636' title='bbox 1563 4945 1662 5009; x_wconf 82' lang='grc' dir='ltr'>τὰς</span> 
     </span>
    </p>
   </div>
   <div class='ocr_carea' id='block_1_96' title="bbox 128 5019 1661 5106">
    <p class='ocr_par' dir='ltr' id='par_1_96' title="bbox 128 5019 1661 5106">
     <span class='ocr_line' id='line_1_96' title="bbox 128 5019 1661 5106; baseline 0.015 -40"><span class='ocrx_word' id='word_1_637' title='bbox 128 5019 486 5106; x_wconf 70' lang='grc' dir='ltr'>αντινειμένας</span> <span class='ocrx_word' id='word_1_638' title='bbox 537 5019 810 5092; x_wconf 83' lang='grc' dir='ltr'>δυνάμεις.</span> <span class='ocrx_word' id='word_1_639' title='bbox 859 5024 946 5088; x_wconf 82' lang='grc' dir='ltr'>Ὠς</span> <span class='ocrx_word' id='word_1_640' title='bbox 991 5026 1272 5097; x_wconf 80' lang='grc' dir='ltr'>μέλλοντες</span> <span class='ocrx_word' id='word_1_641' title='bbox 1320 5026 1411 5084; x_wconf 80' lang='grc' dir='ltr'>οὖν</span> <span class='ocrx_word' id='word_1_642' title='bbox 1451 5034 1530 5097; x_wconf 79' lang='grc' dir='ltr'><strong>εἰς</strong></span> <span class='ocrx_word' id='word_1_643' title='bbox 1566 5034 1661 5106; x_wconf 79' lang='grc' dir='ltr'>τὴν</span> 
     </span>
    </p>
   </div>
   <div class='ocr_carea' id='block_1_97' title="bbox 129 5105 1659 5192">
    <p class='ocr_par' dir='ltr' id='par_1_97' title="bbox 129 5105 1659 5192">
     <span class='ocr_line' id='line_1_97' title="bbox 129 5105 1659 5192; baseline 0.013 -33"><span class='ocrx_word' id='word_1_644' title='bbox 129 5105 340 5162; x_wconf 70' lang='grc' dir='ltr'>ἄϐυσσον</span> <span class='ocrx_word' id='word_1_645' title='bbox 371 5109 723 5165; x_wconf 71' lang='grc' dir='ltr'>ἐκϐάλλεσθαι</span> <span class='ocrx_word' id='word_1_646' title='bbox 747 5115 795 5166; x_wconf 78' lang='grc' dir='ltr'><strong>οἱ</strong></span> <span class='ocrx_word' id='word_1_647' title='bbox 826 5113 1094 5186; x_wconf 81' lang='grc' dir='ltr'>δαίμονες,</span> <span class='ocrx_word' id='word_1_648' title='bbox 1116 5117 1387 5192; x_wconf 85' lang='grc' dir='ltr'>διήγειρον</span> <span class='ocrx_word' id='word_1_649' title='bbox 1423 5123 1513 5178; x_wconf 84' lang='grc' dir='ltr'><strong>τὸν</strong></span> <span class='ocrx_word' id='word_1_650' title='bbox 1542 5105 1659 5178; x_wconf 82' lang='grc' dir='ltr'>κατ’</span> 
     </span>
    </p>
   </div>
   <div class='ocr_carea' id='block_1_98' title="bbox 129 5198 1657 5280">
    <p class='ocr_par' dir='ltr' id='par_1_98' title="bbox 129 5198 1657 5280">
     <span class='ocr_line' id='line_1_98' title="bbox 129 5198 1657 5280; baseline 0.014 -29"><span class='ocrx_word' id='word_1_651' title='bbox 129 5198 285 5252; x_wconf 75' lang='grc' dir='ltr'>αὐτῶν</span> <span class='ocrx_word' id='word_1_652' title='bbox 317 5201 570 5272; x_wconf 82' lang='grc' dir='ltr'>πόλεμον.</span> <span class='ocrx_word' id='word_1_653' title='bbox 612 5202 746 5255; x_wconf 78' lang='grc' dir='ltr'>Ἀλλ’</span> <span class='ocrx_word' id='word_1_654' title='bbox 783 5205 842 5257; x_wconf 79' lang='grc' dir='ltr'>οὐ</span> <span class='ocrx_word' id='word_1_655' title='bbox 873 5206 1286 5280; x_wconf 75' lang='grc' dir='ltr'>φοϐηθησόμεθα</span> <span class='ocrx_word' id='word_1_656' title='bbox 1336 5214 1459 5277; x_wconf 78' lang='grc' dir='ltr'>τοὺς</span> <span class='ocrx_word' id='word_1_657' title='bbox 1487 5219 1657 5271; x_wconf 89' lang='grc' dir='ltr'>τοιού-</span> 
     </span>
    </p>
   </div>
   <div class='ocr_carea' id='block_1_99' title="bbox 127 5293 456 5360">
    <p class='ocr_par' dir='ltr' id='par_1_99' title="bbox 127 5293 456 5360">
     <span class='ocr_line' id='line_1_99' title="bbox 127 5293 456 5360; baseline 0.009 -15"><span class='ocrx_word' id='word_1_658' title='bbox 127 5306 251 5354; x_wconf 79' lang='grc' dir='ltr'>τους,</span> <span class='ocrx_word' id='word_1_659' title='bbox 277 5293 456 5360; x_wconf 74' lang='grc' dir='ltr'>φασιν.</span> 
     </span>
    </p>
   </div>
   <div class='ocr_carea' id='block_1_100' title="bbox 1762 4834 3306 4908">
    <p class='ocr_par' dir='ltr' id='par_1_100' title="bbox 1762 4834 3306 4908">
     <span class='ocr_line' id='line_1_100' title="bbox 1762 4834 3306 4908; baseline -0.001 -16"><span class='ocrx_word' id='word_1_660' title='bbox 1762 4839 2018 4893; x_wconf 86' lang='lat' dir='ltr'><strong>adversus</strong></span> <span class='ocrx_word' id='word_1_661' title='bbox 2049 4852 2144 4893; x_wconf 89' lang='lat' dir='ltr'><strong>eos</strong></span> <span class='ocrx_word' id='word_1_662' title='bbox 2175 4838 2268 4908; x_wconf 93' lang='lat' dir='ltr'><strong>qui</strong></span> <span class='ocrx_word' id='word_1_663' title='bbox 2299 4835 2636 4891; x_wconf 88' lang='lat' dir='ltr'><strong>crediderant</strong></span> <span class='ocrx_word' id='word_1_664' title='bbox 2666 4835 3022 4906; x_wconf 89' lang='lat' dir='ltr'><strong>insurgerent.</strong></span> <span class='ocrx_word' id='word_1_665' title='bbox 3042 4834 3109 4892; x_wconf 87' lang='lat' dir='ltr'><strong>Et</strong></span> <span class='ocrx_word' id='word_1_666' title='bbox 3134 4845 3306 4890; x_wconf 82' lang='lat' dir='ltr'><strong>trans-</strong></span> 
     </span>
    </p>
   </div>
   <div class='ocr_carea' id='block_1_101' title="bbox 1761 4927 3304 4999">
    <p class='ocr_par' dir='ltr' id='par_1_101' title="bbox 1761 4927 3304 4999">
     <span class='ocr_line' id='line_1_101' title="bbox 1761 4927 3304 4999; baseline -0.001 -15"><span class='ocrx_word' id='word_1_667' title='bbox 1761 4932 1990 4999; x_wconf 77' lang='lat' dir='ltr'><strong>ferentur</strong></span> <span class='ocrx_word' id='word_1_668' title='bbox 2038 4939 2234 4983; x_wconf 87' lang='lat' dir='ltr'><strong>montes</strong></span> <span class='ocrx_word' id='word_1_669' title='bbox 2279 4929 2332 4981; x_wconf 87' lang='lat' dir='ltr'><strong>in</strong></span> <span class='ocrx_word' id='word_1_670' title='bbox 2361 4943 2448 4981; x_wconf 87' lang='lat' dir='ltr'><strong>cor</strong></span> <span class='ocrx_word' id='word_1_671' title='bbox 2501 4927 2685 4982; x_wconf 88' lang='lat' dir='ltr'><strong>maris.</strong></span> <span class='ocrx_word' id='word_1_672' title='bbox 2732 4927 2839 4980; x_wconf 73' lang='lat' dir='ltr'><strong>(lor</strong></span> <span class='ocrx_word' id='word_1_673' title='bbox 2883 4928 3046 4982; x_wconf 82' lang='lat' dir='ltr'><strong>maris</strong></span> <span class='ocrx_word' id='word_1_674' title='bbox 3079 4928 3304 4999; x_wconf 86' lang='lat' dir='ltr'><strong>abyssos</strong></span> 
     </span>
    </p>
   </div>
   <div class='ocr_carea' id='block_1_102' title="bbox 1763 5019 3304 5088">
    <p class='ocr_par' dir='ltr' id='par_1_102' title="bbox 1763 5019 3304 5088">
     <span class='ocr_line' id='line_1_102' title="bbox 1763 5019 3304 5088; baseline 0.001 -15"><span class='ocrx_word' id='word_1_675' title='bbox 1763 5031 1916 5076; x_wconf 87' lang='lat' dir='ltr'><strong>vocat</strong></span> <span class='ocrx_word' id='word_1_676' title='bbox 1944 5040 1956 5073; x_wconf 90' lang='lat'><strong>:</strong></span> <span class='ocrx_word' id='word_1_677' title='bbox 1998 5029 2208 5076; x_wconf 90' lang='lat' dir='ltr'><strong>montes</strong></span> <span class='ocrx_word' id='word_1_678' title='bbox 2243 5025 2422 5073; x_wconf 88' lang='lat' dir='ltr'><strong>autem</strong></span> <span class='ocrx_word' id='word_1_679' title='bbox 2450 5019 2788 5073; x_wconf 88' lang='lat' dir='ltr'><strong>adversarias</strong></span> <span class='ocrx_word' id='word_1_680' title='bbox 2826 5028 3135 5088; x_wconf 84' lang='lat' dir='ltr'><strong>potestates.</strong></span> <span class='ocrx_word' id='word_1_681' title='bbox 3167 5020 3304 5075; x_wconf 79' lang='lat' dir='ltr'><strong>Cum</strong></span> 
     </span>
    </p>
   </div>
   <div class='ocr_carea' id='block_1_103' title="bbox 1759 5110 3303 5182">
    <p class='ocr_par' dir='ltr' id='par_1_103' title="bbox 1759 5110 3303 5182">
     <span class='ocr_line' id='line_1_103' title="bbox 1759 5110 3303 5182; baseline -0.001 -15"><span class='ocrx_word' id='word_1_682' title='bbox 1759 5111 1998 5167; x_wconf 77' lang='lat' dir='ltr'><strong>futurum</strong></span> <span class='ocrx_word' id='word_1_683' title='bbox 2019 5121 2161 5166; x_wconf 89' lang='lat' dir='ltr'><strong>esset</strong></span> <span class='ocrx_word' id='word_1_684' title='bbox 2182 5120 2238 5165; x_wconf 91' lang='lat' dir='ltr'><strong>ut</strong></span> <span class='ocrx_word' id='word_1_685' title='bbox 2259 5110 2533 5166; x_wconf 62' lang='lat' dir='ltr'><strong>damones</strong></span> <span class='ocrx_word' id='word_1_686' title='bbox 2554 5110 2913 5181; x_wconf 89' lang='lat' dir='ltr'><strong>dejicerentur</strong></span> <span class='ocrx_word' id='word_1_687' title='bbox 2941 5111 2992 5164; x_wconf 91' lang='lat' dir='ltr'><strong>in</strong></span> <span class='ocrx_word' id='word_1_688' title='bbox 3023 5113 3303 5182; x_wconf 78' lang='lat' dir='ltr'><strong>abyssum,</strong></span> 
     </span>
    </p>
   </div>
   <div class='ocr_carea' id='block_1_104' title="bbox 1757 5201 3306 5271">
    <p class='ocr_par' dir='ltr' id='par_1_104' title="bbox 1757 5201 3306 5271">
     <span class='ocr_line' id='line_1_104' title="bbox 1757 5201 3306 5271; baseline 0.002 -14"><span class='ocrx_word' id='word_1_689' title='bbox 1757 5203 2065 5258; x_wconf 76' lang='lat' dir='ltr'><strong>excitabant</strong></span> <span class='ocrx_word' id='word_1_690' title='bbox 2114 5203 2148 5256; x_wconf 92' lang='lat' dir='ltr'><strong>ii</strong></span> <span class='ocrx_word' id='word_1_691' title='bbox 2205 5203 2462 5257; x_wconf 83' lang='lat' dir='ltr'><strong>adversus</strong></span> <span class='ocrx_word' id='word_1_692' title='bbox 2513 5201 2696 5256; x_wconf 82' lang='lat' dir='ltr'><strong>ﬁdeles</strong></span> <span class='ocrx_word' id='word_1_693' title='bbox 2744 5201 2964 5257; x_wconf 85' lang='lat' dir='ltr'><strong>bellum.</strong></span> <span class='ocrx_word' id='word_1_694' title='bbox 3004 5201 3105 5257; x_wconf 89' lang='lat' dir='ltr'><strong>Sed</strong></span> <span class='ocrx_word' id='word_1_695' title='bbox 3158 5205 3306 5271; x_wconf 84' lang='lat' dir='ltr'><strong>ejus-</strong></span> 
     </span>
    </p>
   </div>
   <div class='ocr_carea' id='block_1_105' title="bbox 1760 5294 3300 5365">
    <p class='ocr_par' dir='ltr' id='par_1_105' title="bbox 1760 5294 3300 5365">
     <span class='ocr_line' id='line_1_105' title="bbox 1760 5294 3300 5365; baseline 0.001 -15"><span class='ocrx_word' id='word_1_696' title='bbox 1760 5295 1904 5350; x_wconf 91' lang='lat' dir='ltr'><strong>modi</strong></span> <span class='ocrx_word' id='word_1_697' title='bbox 1964 5295 2215 5350; x_wconf 83' lang='lat' dir='ltr'><strong>inimicos</strong></span> <span class='ocrx_word' id='word_1_698' title='bbox 2285 5311 2627 5365; x_wconf 89' lang='lat' dir='ltr'><strong>nequaquam</strong></span> <span class='ocrx_word' id='word_1_699' title='bbox 2691 5294 3300 5361; x_wconf 79' lang='lat' dir='ltr'><strong>reformidabimus,iu-</strong></span> 
     </span>
    </p>
   </div>
   <div class='ocr_carea' id='block_1_106' title="bbox 1757 5388 1889 5457">
    <p class='ocr_par' dir='ltr' id='par_1_106' title="bbox 1757 5388 1889 5457">
     <span class='ocr_line' id='line_1_106' title="bbox 1757 5388 1889 5457; baseline 0.015 -17"><span class='ocrx_word' id='word_1_700' title='bbox 1757 5388 1889 5457; x_wconf 91' lang='lat' dir='ltr'><strong>quit.</strong></span> 
     </span>
    </p>
   </div>
   <div class='ocr_carea' id='block_1_107' title="bbox 1829 5475 3298 5548">
    <p class='ocr_par' dir='ltr' id='par_1_107' title="bbox 1829 5475 3298 5548">
     <span class='ocr_line' id='line_1_107' title="bbox 1829 5475 3298 5548; baseline 0.002 -19"><span class='ocrx_word' id='word_1_701' title='bbox 1829 5475 1847 5548; x_wconf 82' lang='lat'>[</span> <span class='ocrx_word' id='word_1_702' title='bbox 1878 5477 2104 5545; x_wconf 81' lang='lat' dir='ltr'><strong>Adjutor</strong></span> <span class='ocrx_word' id='word_1_703' title='bbox 2131 5477 2184 5530; x_wconf 89' lang='lat' dir='ltr'><strong>in</strong></span> <span class='ocrx_word' id='word_1_704' title='bbox 2207 5476 2654 5534; x_wconf 85' lang='lat' dir='ltr'><strong>tribulationibus.</strong></span> <span class='ocrx_word' id='word_1_705' title='bbox 2698 5476 2987 5543; x_wconf 89' lang='lat' dir='ltr'><strong>Quoniam,</strong></span> <span class='ocrx_word' id='word_1_706' title='bbox 3024 5479 3215 5548; x_wconf 89' lang='lat' dir='ltr'><strong>inquit,</strong></span> <span class='ocrx_word' id='word_1_707' title='bbox 3249 5486 3298 5532; x_wconf 92' lang='lat' dir='ltr'><strong>te</strong></span> 
     </span>
    </p>
   </div>
   <div class='ocr_carea' id='block_1_108' title="bbox 1755 5570 3297 5640">
    <p class='ocr_par' dir='ltr' id='par_1_108' title="bbox 1755 5570 3297 5640">
     <span class='ocr_line' id='line_1_108' title="bbox 1755 5570 3297 5640; baseline 0.001 -16"><span class='ocrx_word' id='word_1_708' title='bbox 1755 5571 2052 5640; x_wconf 73' lang='lat' dir='ltr'><strong>atljutorem</strong></span> <span class='ocrx_word' id='word_1_709' title='bbox 2086 5570 2367 5634; x_wconf 87' lang='lat' dir='ltr'><strong>habemus,</strong></span> <span class='ocrx_word' id='word_1_710' title='bbox 2401 5586 2782 5640; x_wconf 87' lang='lat' dir='ltr'><strong>quamcunque</strong></span> <span class='ocrx_word' id='word_1_711' title='bbox 2815 5572 2970 5625; x_wconf 85' lang='lat' dir='ltr'><strong>nobis</strong></span> <span class='ocrx_word' id='word_1_712' title='bbox 3011 5571 3297 5626; x_wconf 86' lang='lat' dir='ltr'><strong>imminen-</strong></span> 
     </span>
    </p>
   </div>
   <div class='ocr_carea' id='block_1_109' title="bbox 1756 5660 2717 5732">
    <p class='ocr_par' dir='ltr' id='par_1_109' title="bbox 1756 5660 2717 5732">
     <span class='ocr_line' id='line_1_109' title="bbox 1756 5660 2717 5732; baseline 0.002 -17"><span class='ocrx_word' id='word_1_713' title='bbox 1756 5670 1857 5715; x_wconf 84' lang='lat' dir='ltr'><strong>tem</strong></span> <span class='ocrx_word' id='word_1_714' title='bbox 1891 5660 2338 5731; x_wconf 87' lang='lat' dir='ltr'><strong>perturbationem</strong></span> <span class='ocrx_word' id='word_1_715' title='bbox 2362 5663 2717 5732; x_wconf 87' lang='lat' dir='ltr'><strong>despiciemus</strong></span> 
     </span>
    </p>
   </div>
   <div class='ocr_carea' id='block_1_110' title="bbox 191 5444 1656 5538">
    <p class='ocr_par' dir='ltr' id='par_1_110' title="bbox 191 5444 1656 5538">
     <span class='ocr_line' id='line_1_110' title="bbox 191 5444 1656 5538; baseline 0.013 -37"><span class='ocrx_word' id='word_1_716' title='bbox 191 5444 428 5517; x_wconf 83' lang='grc' dir='ltr'>[Βοηθὸς</span> <span class='ocrx_word' id='word_1_717' title='bbox 451 5452 523 5504; x_wconf 79' lang='grc' dir='ltr'><strong>ἐν</strong></span> <span class='ocrx_word' id='word_1_718' title='bbox 547 5453 811 5522; x_wconf 73' lang='grc' dir='ltr'>θλίψεσι.</span> <span class='ocrx_word' id='word_1_719' title='bbox 843 5455 939 5508; x_wconf 84' lang='grc' dir='ltr'><strong>Διὰ</strong></span> <span class='ocrx_word' id='word_1_720' title='bbox 971 5456 1031 5509; x_wconf 83' lang='grc' dir='ltr'><strong>τὸ</strong></span> <span class='ocrx_word' id='word_1_721' title='bbox 1051 5456 1193 5528; x_wconf 71' lang='grc' dir='ltr'>ἔχειν</span> <span class='ocrx_word' id='word_1_722' title='bbox 1233 5478 1310 5524; x_wconf 85' lang='grc' dir='ltr'>σε,</span> <span class='ocrx_word' id='word_1_723' title='bbox 1347 5464 1498 5532; x_wconf 75' lang='grc' dir='ltr'>φησὶ,</span> <span class='ocrx_word' id='word_1_724' title='bbox 1534 5465 1656 5538; x_wconf 84' lang='grc' dir='ltr'>βοη-</span> 
     </span>
    </p>
   </div>
   <div class='ocr_carea' id='block_1_111' title="bbox 130 5534 1656 5629">
    <p class='ocr_par' dir='ltr' id='par_1_111' title="bbox 130 5534 1656 5629">
     <span class='ocr_line' id='line_1_111' title="bbox 130 5534 1656 5629; baseline 0.029 -43"><span class='ocrx_word' id='word_1_725' title='bbox 130 5534 228 5601; x_wconf 64' lang='lat' dir='ltr'><strong>etv,</strong></span> <span class='ocrx_word' id='word_1_726' title='bbox 253 5540 424 5612; x_wconf 66' lang='grc' dir='ltr'>πάσης</span> <span class='ocrx_word' id='word_1_727' title='bbox 449 5544 688 5614; x_wconf 83' lang='grc' dir='ltr'>ταραχῆς</span> <span class='ocrx_word' id='word_1_728' title='bbox 709 5547 1136 5619; x_wconf 65' lang='grc' dir='ltr'>ἐπανισταμένης</span> <span class='ocrx_word' id='word_1_729' title='bbox 1163 5553 1290 5620; x_wconf 81' lang='grc' dir='ltr'><strong>ἡμῖν</strong></span> <span class='ocrx_word' id='word_1_730' title='bbox 1321 5534 1656 5629; x_wconf 77' lang='grc' dir='ltr'>καταφρονῆ-</span> 
     </span>
    </p>
   </div>
   <div class='ocr_carea' id='block_1_112' title="bbox 130 5643 292 5696">
    <p class='ocr_par' dir='ltr' id='par_1_112' title="bbox 130 5643 292 5696">
     <span class='ocr_line' id='line_1_112' title="bbox 130 5643 292 5696; baseline 0.037 -19"><span class='ocrx_word' id='word_1_731' title='bbox 130 5643 292 5696; x_wconf 62' lang='grc' dir='ltr'>εομεν.</span> 
     </span>
    </p>
   </div>
   <div class='ocr_carea' id='block_1_113' title="bbox 185 5742 1372 5816">
    <p class='ocr_par' dir='ltr' id='par_1_113' title="bbox 185 5742 1372 5816">
     <span class='ocr_line' id='line_1_113' title="bbox 185 5742 1372 5816; baseline 0.008 -17"><span class='ocrx_word' id='word_1_732' title='bbox 185 5742 222 5772; x_wconf 78' lang='grc'>²¹</span> <span class='ocrx_word' id='word_1_733' title='bbox 265 5745 387 5804; x_wconf 83' lang='lat' dir='ltr'><strong>Luc.</strong></span> <span class='ocrx_word' id='word_1_734' title='bbox 425 5764 518 5815; x_wconf 77' lang='grc' dir='ltr'><strong>ιι,</strong></span> <span class='ocrx_word' id='word_1_735' title='bbox 555 5748 639 5804; x_wconf 84' lang='lat' dir='ltr'><strong>l9.</strong></span> <span class='ocrx_word' id='word_1_736' title='bbox 755 5751 797 5783; x_wconf 81' lang='grc'><strong><em>’⁸</em></strong></span> <span class='ocrx_word' id='word_1_737' title='bbox 845 5750 1025 5808; x_wconf 84' lang='lat' dir='ltr'><strong>Matth.</strong></span> <span class='ocrx_word' id='word_1_738' title='bbox 1059 5769 1250 5816; x_wconf 76' lang='lat' dir='ltr'><strong>xxvnt,</strong></span> <span class='ocrx_word' id='word_1_739' title='bbox 1292 5757 1372 5809; x_wconf 71' lang='lat' dir='ltr'><strong>l9.</strong></span> 
     </span>
    </p>
   </div>
  </div>
