4086 6308
785 336 887 393 215

789 563 849 600 ac
879 551 1154 617 conspicui
1195 564 1367 612 erant,
1402 570 1462 608 ac
1491 556 1711 624 proinde
1743 559 2014 614 montibus
2043 560 2264 614 similes.
2298 559 2316 629 ]

854 639 904 694 4.
956 640 1244 696 Souuerunt
1281 654 1330 698 et
1356 647 1573 701 turbata:
1594 658 1712 700 sunt
1737 666 1886 718 aqua:
1910 668 2106 706 eorum.
2139 654 2320 720 Aquas

788 731 872 784 hic
909 731 1037 785 dicit
1070 736 1461 791 multitudinem
1509 742 1847 809 populorum,
1898 759 2035 812 quos
2063 745 2320 811 praedica-

785 822 945 875 tionis
987 825 1194 879 novitas
1235 831 1579 895 perturbavit.
1611 833 1918 886 Conturlmti
1959 844 2078 888 sunt
2126 848 2318 890 montes

802 916 854 964 in
899 915 1202 982 fortitudine
1230 920 1361 985 ejus.
1401 919 1508 984 Vis,
1546 923 1737 992 inquit.
1773 927 1889 993 ejus
1934 929 2025 996 qui
2068 929 2319 995 praedica-

785 1002 940 1054 batur
965 1005 1204 1070 impurus
1241 1009 1507 1065 (lzrmones
1548 1016 1856 1080 commovit,
1885 1017 2012 1069 olim
2060 1019 2318 1086 superbos

785 1104 834 1145 et
859 1099 1198 1164 censpicnos,
1238 1109 1396 1169 atque
1438 1104 1553 1156 ideo
1583 1107 1853 1160 montibus
1883 1108 2086 1161 similes
2120 1110 2312 1164 dictos.

856 1295 904 1348 Ξῖ.
965 1295 1224 1351 Fluminis
1282 1303 1499 1368 impetus
1553 1304 1824 1372 [mli/itaut
1873 1307 2132 1360 civitatem
2199 1308 2313 1361 Dei.

785 1385 1003 1439 Flumen
1036 1391 1400 1459 evangelicum
1431 1396 1652 1447 verbum
1697 1396 1945 1464 appellat,
1981 1398 2124 1465 quod
2147 1398 2317 1451 lmtiﬁ-

783 1488 869 1531 cat
929 1477 1242 1535 Ecclesiam.
1325 1481 1677 1550 Sanctiﬁcavit
1719 1488 2108 1541 tabernaculum
2165 1505 2317 1542 suum

782 1566 1101 1621 Altissimus.
1155 1567 1386 1625 Sanctus
1423 1575 1566 1626 enim
1603 1582 1684 1628 est
1734 1575 1822 1642 qui
1875 1576 1927 1628 in
1981 1574 2178 1628 sanctis
2228 1590 2315 1628 re-

782 1660 1028 1726 quiescit,
1064 1661 1309 1716 habitans
1345 1665 1394 1716 in
1426 1667 1645 1729 sanctis,
1676 1665 1726 1719 id
1761 1677 1841 1720 est
1870 1667 1920 1718 in
1950 1665 2209 1721 Ecclesia.

852 1862 905 1914 6.
959 1863 1094 1916 Dcus
1121 1865 1174 1917 in
1216 1867 1380 1918 medio
1410 1867 1541 1936 ejus,
1573 1875 1621 1921 et
1659 1884 1761 1920 non
1796 1868 2210 1932 commovebitur,
2261 1866 2314 1920 in

793 1955 968 2008 medio
994 1955 1243 2012 Ecclesiae
1262 1959 1525 2013 videlicet.
1559 1961 1834 2027 Adjuvabit
1858 1978 1968 2014 eam
1997 1961 2129 2013 Deus
2168 1975 2316 2011 mane

795 2047 1044 2101 diluculo.
1095 2048 1145 2104 ld
1199 2052 1274 2104 ait
1323 2053 1461 2119 quod
1498 2053 1724 2106 declinet
1757 2054 2046 2107 diluculum
2083 2053 2147 2106 ad
2198 2068 2314 2104 ma-

785 2139 1038 2190 tutinum.
1074 2139 1204 2193 Illud
1263 2152 1486 2195 autem:
1537 2143 1801 2212 adjuvabit
1847 2162 1980 2208 eam,
2031 2157 2314 2212 personam

784 2225 1037 2282 Ecclesia:
1070 2231 1307 2298 respicit,
1343 2249 1502 2302 quam
1535 2234 1620 2288 hic
1653 2243 2032 2304 repraesentant
2067 2233 2312 2301 apostoli,

784 2321 946 2388 etqui
975 2336 1069 2389 per
1118 2325 1510 2378 successionem
1560 2327 1677 2394 ejus
1721 2336 1845 2380 sunt
1897 2325 2150 2396 praefecti,
2180 2339 2316 2394 quos

785 2412 1022 2478 impense
1065 2417 1301 2479 roborat,
1340 2427 1396 2470 ut
1434 2419 1641 2485 possint
1689 2418 2052 2486 prazdicationi
2097 2432 2315 2485 Operam

785 2516 994 2557 navare.

857 2614 905 2665 7.
954 2615 1290 2672 Conturbata:
1317 2631 1437 2674 sunt
1486 2632 1654 2692 gentes
1684 2633 1728 2675 et
1775 2623 2026 2676 inclinata
2069 2632 2188 2674 sunt
2237 2637 2317 2673 re-

783 2721 906 2775 gna.
961 2706 1335 2778 Pugnaverunt
1388 2716 1623 2784 quidem,
1682 2717 1773 2780 ait,
1835 2724 2016 2786 gentes
2060 2714 2316 2768 adversus

785 2798 1101 2865 Ecclesiam;
1142 2804 1233 2856 sed
1260 2813 1433 2858 tamen
1479 2821 1662 2860 earum
1711 2821 1862 2874 reges
1906 2805 2143 2858 inclinati
2170 2812 2313 2867 sunt,

791 2891 838 2942 id
872 2901 955 2944 est
977 2895 1232 2959 superati,
1263 2904 1315 2947 et
1348 2905 1488 2965 terga
1515 2897 1806 2961 dederunt;
1839 2911 2020 2950 verum
2047 2905 2317 2964 postremo

784 2990 839 3031 et
879 2981 976 3046 ipsi
1005 2980 1220 3036 Christo
1245 2986 1502 3040 cervicem
1534 2987 1850 3042 submisere.
1889 2988 2026 3042 Dicit
2049 2991 2190 3042 enim
2214 2988 2315 3043 Ec-

785 3071 1001 3125 elesiam
1051 3076 1294 3129 celeriter
1346 3086 1709 3132 constructum
1765 3081 1828 3132 iri
1885 3081 1951 3133 ab
1987 3081 2052 3133 iis
2076 3081 2168 3149 qui
2199 3096 2316 3134 eam

1615 346 1668 402 S.
1712 349 2074 406 ATIIANASII
2114 351 2259 406 OPP.
2303 350 2482 406 PARS
2519 351 2604 405 Ill.
2636 383 2703 393 —-
2747 351 3144 407 EXEGETICA.

856 458 959 509 Aut
1018 469 1223 515 montes
1265 462 1534 516 daemones
1603 465 1752 530 dicit,
1803 468 1893 535 qui
1941 470 2069 522 olim
2129 469 2400 527 excelsiA

3853 357 3943 413 218

2499 467 2567 518 Ἢ
2588 466 2684 536 ὅρη
2732 468 2852 529 τοὺς
2897 465 3149 535 δαίμονάς
3177 481 3334 534 φησι,
3377 470 3498 528 τοὺς
3529 468 3695 519 πάλαι
3729 468 3941 539 ὑψηλοὺς

2421 558 2510 608 καὶ
2535 558 2863 626 περιφανεῖς,
2896 557 2986 609 καὶ
3011 557 3156 627 δρεσι
3177 557 3261 608 διὰ
3282 557 3436 609 τοῦτο
3461 558 3879 631 ὀμοιουμὲνους.]

2495 651 2760 716 Ἦχησαν
2810 649 2906 702 καί
2945 648 3358 716 ἐταράχθησαν
3402 650 3471 701 τὰ
3513 649 3698 701 ὕδατα
3745 651 3940 706 αὐτῶν.

2423 740 2624 792 ’Υδατα
2657 741 2712 791 ὲν
2737 739 2941 803 τούτοις
2961 740 3027 793 τά
3057 741 3230 810 πλήθη
3253 741 3430 810 φησιν,
3456 740 3490 793 ἀ
3513 741 3605 794 καὶ
3638 745 3943 813 συνετάραξε

2419 832 2477 884 τὸ
2508 830 2651 894 ξένον
2694 832 2786 884 τοῦ
2829 833 3194 902 κηρύγματος.
3244 832 3684 900 Ἐτριράχθησαν
3736 834 3807 887 τὰ
3853 833 3943 901 ὅρη

2418 924 2485 974 ἐν
2505 921 2578 989 τῇ
2601 923 2968 990 κραταιότητι
2994 923 3196 976 αὐτοῦ.
3238 922 3296 974 Ἠ
3329 923 3475 992 ἰσχὺς
3495 963 3510 986 ,
3554 922 3705 992 φησὶ,
3733 922 3824 975 τοῦ
3859 942 3945 995 κη-

2422 1012 2738 1081 ρυττομένου
2761 1012 3034 1066 κατέσεισε
3061 1014 3182 1074 τοὺς
3205 1010 3535 1080 ἀκαθάρτους
3561 1011 3816 1082 δαίμονας
3834 1017 3945 1077 τοὺς

2418 1102 2580 1155 πάλαι
2611 1102 2842 1172 ὑψηλοὺς
2881 1105 2972 1156 καὶ
3002 1106 3334 1173 περιφανεῖς,
3369 1103 3462 1156 καὶ⁵
3505 1103 3654 1173 ῦρεσι
3685 1103 3774 1156 διὰ
3804 1105 3945 1158 τοῦτο

2417 1195 2800 1264 ὠμοιομένους.

2502 1306 2609 1359 Τοῦ
2641 1305 2902 1374 ποταμοῦ
2930 1305 3233 1375 ὀρμήματα
3257 1306 3641 1373 εὐφραίνουσι
3693 1304 3805 1371 τὴν
3845 1309 3942 1360 πό-

2416 1398 2514 1448 λιν
2532 1394 2636 1448 τοῦ
2661 1396 2827 1448 Θεοῦ.
2855 1395 3100 1466 Ποταμὸν
3120 1397 3206 1448 τὸν
3227 1395 3568 1463 εὐαγγελικὸν
3591 1394 3746 1461 λόγον
3776 1397 3944 1464 φησιν,

2414 1483 2472 1546 ὃς
2499 1484 2591 1536 καὶ
2621 1484 2896 1553 εὐφραίνει
2927 1484 3020 1554 τὴν
3059 1483 3396 1553 Ἐκκλησίαν.
3438 1483 3676 1553 Ἠγίασε
3707 1484 3773 1536 τὸ
3805 1483 3945 1549 σκή-

2413 1594 2575 1644 νωμα
2594 1577 2777 1630 αὐτοῦ
2800 1579 2832 1629 ό
2856 1577 3166 1644 ’Υψιστοςκ
3201 1576 3384 1642 Ἀγιος
3406 1575 3510 1644 γάρ
3530 1577 3676 1626 ἐστιν
3705 1576 3762 1626 ὲν
3785 1574 3948 1642 ἁγίοις

2415 1667 2838 1737 ἀναπαυόμενος,
2875 1665 3227 1736 κατασκηνῶν
3269 1667 3327 1719 ὲν
3373 1665 3543 1732 ἁγίοις
3562 1681 3575 1694 ’
3605 1665 3724 1733 ἥτις
3749 1666 3890 1716 ἐστὶν
3916 1665 3948 1732 ἡ

2429 1757 2737 1828 Ἐκκλησία.

2501 1872 2554 1923 '0
2579 1871 2721 1937 Θεὸς
2745 1872 2812 1925 ἑν
2836 1871 3000 1940 μέσῳ
3031 1872 3238 1939 αὐτῆς,
3275 1871 3372 1923 καὶ
3397 1873 3466 1924 οὐ
3497 1871 3949 1936 σαλευθήσεται,

2420 1962 2516 2031 τῆς
2554 1961 2868 2032 Ἐκκλησίας
2913 1962 3165 2032 δηλονότι.
3199 1960 3488 2026 Βοηθήσει
3540 1960 3691 2027 αὐτῇ
3742 1964 3774 2013 d
3815 1959 3952 2024 Θεὸς

2421 2065 2484 2104 το
2509 2052 2655 2120 πρὸς
2680 2054 2842 2118 πρωϊ.
2871 2053 2941 2104 Τὸ
2965 2053 3146 2104 νεῦσαι
3173 2052 3314 2123 πρωῒ
3347 2054 3472 2123 περὶ
3507 2053 3595 2104 τὸν
3644 2050 3852 2122 ὄρθρον.
3885 2048 3953 2102 Τδ

2420 2144 2544 2215 γάρ,
2566 2144 2856 2210 ,βοηθήσει
2883 2143 3054 2211 αὐτῇ,
3082 2147 3172 2197 καὶ
3205 2144 3431 2197 ἐνταῦθα
3464 2145 3523 2196 τὸ
3545 2145 3828 2214 πρόσωπον
3859 2143 3952 2207 τῆς

2435 2236 2752 2310 Ἐκκλησίας
2781 2235 3016 2306 νοηθεῖεν
3041 2236 3104 2290 ἂν
3137 2239 3184 2289 οί
3228 2237 3368 2304 ἀγιοι
3401 2236 3683 2289 ἀπόστολοι
3703 2276 3718 2299 ,
3774 2237 3866 2288 καὶ
3906 2234 3952 2285 οἱ

2422 2330 2558 2382 κατά
2584 2329 2826 2397 διαδοχὴν
2854 2328 3139 2397 ἡγούμενοι
3167 2329 3351 2396 αὐτῆς,
3379 2326 3470 2388 οὓς
3503 2326 3596 2378 καὶ
3623 2327 3799 2394 νευροῖ
3832 2341 3951 2374 συν-

2421 2420 2584 2482 τὸνως
2615 2419 2747 2490 πρὸς
2775 2418 2836 2471 τὸ
2865 2417 3119 2470 δύνασθαι
3144 2414 3624 2486 ἀντιλαμϐάνεσθαι
3662 2413 3756 2467 τοῦ
3783 2411 3952 2483 κηρύο

2421 2526 2453 2579 γ
2463 2527 2645 2580 ματος.

2501 2623 2944 2690 Ἐταριίχθησαν
2979 2625 3142 2688 ἔθνη,
3183 2623 3426 2673 ἔκλιναν
3441 2618 3763 2683 βασιλεῖαι.
3799 2618 3953 2669 Ἐπο-

2421 2714 2658 2783 λέμησαν
2686 2715 2779 2782 μὲν
2800 2753 2813 2776 ,
2854 2713 3036 2781 φησὶν,
3067 2712 3204 2765 κατὰ
3230 2712 3327 2781 τῆς
3367 2710 3682 2781 Ἐκκλησίας
3699 2709 3770 2761 τά
3799 2708 3951 2776 ἐθνη⁸

2422 2805 2533 2858 ἀλλ’
2559 2807 2700 2875 ὅμως
2716 2804 2926 2857 ἔκλιναν
2942 2803 3117 2857 αὐτῶν
3137 2805 3184 2856 οί
3208 2802 3460 2874 βασιλεῖς,
3483 2803 3752 2856 τουτέστιν
3766 2801 3956 2872 ἥττην-

2420 2915 2506 2950 ται
2533 2898 2626 2950 καὶ
2650 2897 2976 2965 πεφεύγασιν
2996 2913 3010 2928 ο
3036 2896 3148 2950 ἀλλ’
3170 2893 3390 2967 ὕστερον
3420 2895 3668 2966 ἔκαμψαν
3689 2895 3783 2948 καὶ
3809 2892 3955 2946 αὐτοὶ

2420 2987 2495 3056 τῷ
2522 2986 2736 3057 Χριστῷ
2773 2987 2990 3055 αὐχένα.
3026 2985 3183 3051 Λέγει
3221 2985 3345 3054 γὰρ,
3393 2986 3472 3037 ὅτι
3501 2987 3633 3054 ταχὺ
3675 2984 3955 3052 οἰκοδομη-

2423 3079 2560 3148 θήσῃ
2594 3078 2681 3146 ὑφ’
2710 3071 2784 3129 ὧν
2809 3075 3132 3150 καθῃρέθης.
3165 3075 3420 3146 Ὕψωσαν
3447 3075 3553 3149 γάρ
3587 3075 3684 3148 τὴν
3727 3075 3956 3145 Ἐκκλη-

784 3163 1078 3218 diruerant.
1117 3163 1247 3220 Nam
1281 3168 1657 3236 pulcherrimis
1682 3185 1798 3224 eam
1833 3169 1987 3225 donis
2023 3178 2239 3225 auctam
2263 3170 2318 3224 in

2422 3169 2556 3234 σίαν,
2587 3169 2875 3239 παγκάλως
2901 3169 3048 3239 δῶρα
3076 3169 3487 3238 προσφέροντες.
3510 3167 3722 3220 Ἔδωκε
3754 3167 3956 3236 φωνὴν

786 3256 1012 3310 sublime
1046 3261 1366 3311 extulerunt.
1413 3259 1561 3313 Dedit
1606 3278 1775 3315 vocem
1820 3279 1968 3315 suam
1999 3263 2317 3328 Altissimus,

785 3353 834 3396 et
859 3357 998 3400 mota
1021 3357 1096 3400 est
1124 3358 1280 3404 terra.
1313 3349 1558 3407 Christus
1599 3354 1803 3408 scilicet
1839 3355 1892 3407 in
1919 3370 2099 3409 cruce.
2139 3354 2320 3407 Vocem

785 3455 958 3500 suam,
1002 3443 1369 3509 evangelicum
1398 3444 1602 3498 scilicet
1643 3460 1967 3499 sermonem.
2005 3444 2060 3499 Si
2091 3461 2321 3515 namque

787 3532 962 3584 anima
987 3534 1265 3588 rationalis
1289 3550 1471 3589 vocem
1506 3535 1714 3589 Domini
1741 3537 1986 3602 audierit,
2018 3552 2322 3591 commove-

787 3632 894 3684 tur,
933 3625 1226 3692 transitque
1269 3627 1336 3679 ab
1366 3627 1703 3694 improbitate
1750 3630 1814 3682 ad
1867 3630 2114 3684 virtutem
2163 3638 2215 3684 et
2254 3630 2320 3683 ab

788 3713 1088 3780 ignorantia
1117 3715 1184 3769 ad
1211 3715 1302 3771 Dei
1337 3720 1594 3772 notitiam.

858 3825 909 3878 8.
967 3826 1216 3883 Dominus
1245 3831 1495 3883 virtutum
1523 3834 1806 3896 nobiscum,
1852 3841 2114 3900 susceptor
2151 3843 2322 3884 noster

789 3916 923 3968 Deus
957 3917 1139 3970 Iacob.
1176 3917 1462 3973 Victoriam
1512 3923 1764 3976 adversus
1809 3924 2107 3990 spirituales
2140 3923 2321 3977 hostes

789 4016 993 4075 partam
1046 4008 1143 4076 ipsi
1209 4008 1435 4065 Domino
1498 4013 1734 4066 ascribit.
1785 4011 2092 4081 Opportune
2143 4022 2318 4066 autem

787 4099 875 4153 hic.
907 4099 1087 4155 Jacobi
1126 4103 1324 4157 mentio
1376 4104 1599 4156 habetur
1652 4105 1719 4155 ob
1751 4104 1946 4156 luctam
1973 4118 2093 4156 cum
2128 4120 2193 4157 eo
2226 4104 2312 4157 ba-

784 4191 972 4244 bium.

858 4283 908 4334 9.
970 4282 1146 4336 Venite
1186 4293 1233 4335 et
1272 4284 1434 4337 videte
1464 4301 1616 4353 opera
1651 4286 1762 4347 Dei,
1796 4303 1910 4355 qua:
1943 4288 2113 4353 posuit
2139 4288 2318 4355 prodi-

787 4375 875 4445 gia
920 4388 1069 4439 super
1104 4383 1312 4428 terram.
1367 4375 1557 4430 Pacem
1614 4378 1986 4445 praedicatione
2030 4379 2214 4432 initam
2249 4379 2321 4432 si-

2419 3261 2598 3316 αὑτοῦ
2629 3265 2660 3315 ὁ
2687 3263 2987 3330 Ὕψιστος,
3007 3259 3104 3311 καί
3127 3260 3420 3326 ἐσαλεύθη
3443 3259 3481 3325 ἠ
3515 3256 3610 3326 τῆ.
3651 3259 3707 3310 '0
3729 3259 3956 3329 Χριστὸς

2419 3355 2510 3406 ἐπὶ
2543 3351 2793 3420 σταυροῦ.
2838 3350 3045 3417 Φωνὴν
3066 3351 3248 3405 αὑτοῦ
3277 3350 3366 3403 τὸν
3417 3348 3764 3417 εὐαγγελικδν
3805 3349 3956 3416 λόγον

2420 3444 2596 3513 φησίν.
2629 3445 2748 3497 Ἐὰν
2774 3443 2878 3513 γὰρ
2898 3442 3102 3515 ἀκούσῃ
3129 3442 3304 3513 φωνὴν
3333 3441 3535 3511 Κυρίου
3565 3439 3706 3511 ψυχὴ
3748 3440 3954 3509 λογικὴ,

2421 3534 2697 3587 σαλεύεται
2726 3533 3114 3604 μεταϐαίνουσα
3135 3533 3242 3584 ἀπὸ
3262 3531 3452 3594 κακίας
3481 3533 3559 3594 είς
3587 3529 3788 3602 ἀρετὴν
3810 3569 3826 3594 ,
3869 3529 3958 3582 καὶ

2419 3626 2526 3678 ἀπὸ
2551 3624 2817 3692 ἀγνωσίας
2854 3626 2932 3686 είς
2954 3624 3237 3687 ἐπίγνωσιν
3260 3621 3412 3674 Θεοῦ.

2490 3829 2697 3896 Κύριος
2731 3826 2843 3879 τῶν
2876 3825 3183 3895 δυνάμεων
3205 3825 3331 3894 μεθ’
3364 3821 3548 3893 ἡμῶν,
3590 3821 3959 3888 ἀντιλήπτιῳ

2421 3917 2586 3988 ἡμῶν
2619 3922 2650 3971 ό
2671 3918 2808 3983 Θεὸς
2841 3915 3047 3970 Ἰακώϐ.
3073 3918 3179 3986 Τὴν
3209 3916 3359 3986 νίκην
3391 3915 3485 3986 τὴν
3510 3913 3802 3983 γενομένην
3827 3914 3960 3966 κατά

2421 4011 2524 4062 τῶν
2550 4008 2749 4077 νοητῶν
2773 4008 2976 4078 ἐχθρῶν
3009 4007 3154 4076 αὑτῷ
3173 4006 3248 4075 τῷ
3277 4007 3460 4076 Κυρίῳ
3487 4004 3819 4074 ἀνατίθησιν.
3865 4003 3960 4056 Εὐ⁹

2423 4101 2624 4170 καίρως
2647 4100 2702 4153 δὲ
2727 4098 2818 4152 τοῦ
2858 4098 3045 4152 Ἰακὼὸ
3085 4101 3116 4169 ὴ
3156 4099 3338 4168 μνήμη
3373 4096 3461 4149 διὰ
3504 4097 3600 4164 τὴν
3642 4095 3819 4164 πάλην
3867 4093 3959 4162 τὴν

2423 4193 2712 4262 γενομένην
2742 4194 2873 4261 πρὸς
2891 4192 3063 4244 αὑτὸν.

2491 4284 2665 4337 Δεῦτε
2689 4283 2783 4336 καὶ
2805 4282 2957 4335 ἴδετε
2988 4282 3054 4334 τὰ
3078 4281 3218 4349 ἔργα
3259 4280 3362 4334 τοῦ
3391 4280 3567 4346 Θεοῦ,
3599 4278 3637 4332 d
3677 4279 3844 4332 ἔθετο
3874 4277 3959 4330 τέ·-

2417 4389 2568 4439 ρατα
2595 4373 2689 4426 ἐπὶ
2712 4372 2819 4440 τῆς
2843 4372 2972 4440 γῆς.
2997 4373 3104 4442 Τὴν
3131 4371 3418 4441 γενομένην
3441 4369 3529 4422 διὰ
3565 4368 3656 4421 τοῦ
3677 4369 3962 4438 κηρύγμα-

785 4461 1022 4532 ςηίίίοαῑ,
1055 4480 1174 4518 cum
1206 4466 1281 4519 ait
1320 4467 1516 4520 bellum
1547 4483 1704 4522 omne
1756 4469 1806 4522 in
1857 4477 1996 4522 terra
2041 4471 2199 4524 ﬁnem
2225 4470 2323 4523 ha-

2423 4481 2514 4527 τος
2557 4465 2772 4535 εἰρήνην
2812 4465 3223 4533 κατασημαίνει,
3271 4463 3359 4516 διὰ
3388 4462 3482 4515 τοῦ
3513 4462 3685 4514 πάντα
3733 4461 3960 4528 πόλεμον

792 4555 987 4608 nuisse.
1028 4554 1275 4624 Prodigia
1327 4568 1502 4614 autem
1532 4559 1662 4614 dicit
1709 4562 2034 4616 cessationes
2071 4572 2126 4617 et
2176 4577 2324 4617 com—

793 4644 1114 4708 pressiones.
1152 4645 1377 4701 Cessare
1407 4648 1531 4703 fecit
1555 4650 1699 4704 enim
1735 4667 1895 4708 omne
1927 4653 2146 4708 bellum.

864 4818 946 4870 10.
1014 4821 1202 4872 Arcum
1230 4831 1452 4874 conteret
1497 4833 1544 4873 et
1585 4825 1868 4894 confringet
1899 4843 2067 4892 arma,
2103 4837 2151 4880 et
2180 4837 2328 4881 scuta

793 4912 1051 4964 comburet
1073 4914 1200 4982 igni.
1227 4915 1444 4976 Arcum,
1481 4917 1640 4969 telum
1670 4927 1721 4972 et
1749 4928 1982 4981 scutum,
2034 4921 2325 4988 pessimum

792 5003 1030 5057 indicant
1057 5014 1278 5071 statum,
1308 5015 1361 5060 et
1393 5022 1672 5075 perversas
1692 5011 2062 5065 coeitationes.

865 5176 948 5234 fl.
1027 5182 1216 5237 Vacate
1271 5196 1319 5239 et
1383 5199 1544 5241 vincte
1587 5204 1831 5258 quoniam
1862 5208 1951 5261 ego
2000 5208 2114 5245 sum
2170 5191 2325 5246 Deus.

794 5273 906 5329 Nisi
942 5278 1064 5346 quis
1090 5279 1232 5333 enim
1268 5282 1595 5336 mundanam
1631 5299 1842 5339 omnem
1885 5302 2068 5340 curam
2090 5286 2326 5355 abjiciat,

797 5378 899 5416 non
934 5376 1110 5435 potest
1146 5385 1305 5424 nosse
1335 5371 1524 5426 Deum.
1567 5373 1852 5429 Vacatione
1884 5377 2024 5430 enim
2075 5394 2208 5447 opus
2249 5384 2331 5433 est

796 5453 861 5506 ad
895 5454 983 5508 Dei
1030 5460 1413 5527 cognitionem.
1463 5463 1752 5520 Exaltabor
1801 5468 1854 5519 in
1898 5467 2152 5534 gentibus,
2187 5468 2330 5521 exal-

792 5546 945 5597 tabor
982 5548 1032 5598 in
1069 5559 1226 5603 terra.
1261 5550 1662 5611 Praedicationis
1703 5557 1958 5611 adversus
1989 5572 2176 5612 omnes
2205 5573 2331 5624 gen-

797 5646 875 5688 tes
906 5639 1181 5695 victoriam
1209 5644 1337 5711 ipsis
1369 5648 1672 5715 pollicetur.

867 5729 954 5781 42.
1013 5730 1265 5790 Dominus
1319 5739 1565 5791 uirtutum
1597 5739 1880 5803 nobiscum,
1923 5747 2184 5804 susceptor
2235 5754 2333 5790 no-

2429 4557 2601 4622 λέγειν
2632 4555 2936 4610 πεπαῦσθαι
2963 4554 3068 4607 ἀπὸ
3087 4554 3184 4623 τῆς
3209 4555 3328 4625 γῆς.
3354 4555 3566 4621 Τὲρατα
3586 4551 3641 4603 δὲ
3660 4551 3785 4612 τοὺς
3821 4551 3960 4617 ἀφα-

2428 4649 2664 4717 νισμοὺς,
2684 4649 2796 4716 ἤτοι
2809 4647 2904 4709 τὰς
2929 4649 3301 4717 καταργήσεις,
3319 4645 3497 4715 φησίν·
3524 4644 3832 4714 κατήργησε
3860 4640 3961 4709 γὰρ

2429 4739 2602 4793 πάντα
2632 4738 2756 4792 πόλε
2764 4755 2879 4808 μον,

2505 4829 2684 4894 Τόξον
2709 4829 3040 4897 συντρίψει,
3089 4828 3188 4884 καί
3225 4827 3554 4882 συνθλάσει
3601 4824 3814 4886 ὅπλον,
3871 4821 3964 4875 καί

2429 4921 2673 4989 θυρεοὺς
2706 4921 3060 4974 κατακαύσει
3106 4921 3174 4973 ἐν
3209 4919 3368 4987 πυρί.
3404 4917 3563 4982 Τόξον
3607 4915 3701 4968 νῦν
3724 4955 3739 4979 ,
3781 4915 3875 4966 καί
3910 4913 3963 4965 τὸ

2427 5012 2607 5073 ὅπλον,
2644 5011 2736 5063 καὶ
2761 5013 2788 5062 ὀ
2819 5009 3007 5080 θυρεὸς
3035 5009 3358 5063 κατάστασιν
3389 5006 3658 5077 χειρίστην
3692 5003 3962 5074 σημαίνει,

2431 5104 2521 5156 καὶ
2547 5103 2832 5172 λογισμοὺς
2857 5101 3136 5170 πονηρούς.

2502 5193 2866 5264 Σχολάσατε,
2902 5193 2996 5246 καὶ
3018 5192 3219 5262 γνῶτε,
3252 5191 3342 5245 ὅτι
3363 5190 3475 5260 ἐγώ
3503 5192 3618 5258 ειμι
3650 5191 3681 5242 ό
3717 5187 3882 5252 Θεός.
3909 5185 3966 5239 ΕΞ

2435 5288 2506 5358 μὴ
2529 5287 2634 5356 γάρ
2657 5304 2737 5348 τις
2762 5286 2937 5354 πάσης
2961 5284 3225 5354 κοσμικῆς
3254 5282 3524 5354 φροντίδος
3549 5280 3767 5349 γένηται
3797 5278 3965 5339 ἐκτὸς,

2431 5379 2490 5431 οὑ
2520 5377 2734 5429 δύναται
2763 5375 2959 5443 γνῶναι
2993 5375 3080 5427 τὸν
3111 5374 3259 5426 Θεόν.
3291 5373 3490 5444 Σχολῆς
3515 5371 3620 5442 γάρ
3651 5369 3809 5440 χρεία
3841 5367 3969 5439 πρὸς

2430 5470 2492 5523 τὸ
2519 5468 2714 5537 γνῶναι
2737 5468 2824 5520 τὸν
2857 5466 3005 5520 Θεόν.
3040 5465 3439 5532 ’Υψωθήσομαι
3460 5464 3528 5516 ἐν
3551 5461 3673 5526 τοῖς
3709 5460 3967 5517 ἔθνεσιν,

2431 5559 2818 5629 ὑψωθήσομαι
2846 5559 2913 5611 ἐν
2955 5555 3026 5624 τῇ
3075 5555 3168 5624 γῇ.
3197 5555 3305 5624 Τὴν
3352 5555 3701 5626 ἐπικράτησιν
3735 5553 3830 5606 τοῦ
3881 5571 3973 5620 κη-

2437 5652 2704 5720 ρύγματος
2731 5649 2827 5718 τὴν
2855 5647 2992 5702 κατά
3024 5646 3127 5698 τῶν
3165 5644 3331 5697 ἐθνῶν
3359 5645 3536 5706 αὐτοῖς
3561 5643 3969 5710 ἐπαγγέλλεται.

2503 5741 2714 5806 Κύριος
2750 5737 2863 5791 τῶν
2887 5737 3192 5804 δυνάμεων
3215 5735 3340 5803 μεθ’
3369 5734 3549 5803 ἠιιῶν,
3602 5731 3972 5798 ἁντιλήπτωρ
