  <div class='ocr_page' id='page_1' title='image "/cluster/home/n/w/nwhite01/storage/ocr_20150623/27/pst.000005712182/117.png"; bbox 0 0 4086 6308; ppageno 0'>
   <div class='ocr_carea' id='block_1_1' title="bbox 757 383 863 439">
    <p class='ocr_par' dir='ltr' id='par_1_1' title="bbox 757 383 863 439">
     <span class='ocr_line' id='line_1_1' title="bbox 757 383 863 439; baseline -0.009 0"><span class='ocrx_word' id='word_1_1' title='bbox 757 383 863 439; x_wconf 68' lang='grc' dir='ltr'>ἳὶθ</span> 
     </span>
    </p>
   </div>
   <div class='ocr_carea' id='block_1_2' title="bbox 866 478 2194 559">
    <p class='ocr_par' dir='ltr' id='par_1_2' title="bbox 866 478 2194 559">
     <span class='ocr_line' id='line_1_2' title="bbox 866 478 2194 559; baseline -0.021 0"><span class='ocrx_word' id='word_1_2' title='bbox 866 505 920 559; x_wconf 70' lang='grc'>1.</span> <span class='ocrx_word' id='word_1_3' title='bbox 975 492 1307 557; x_wconf 74' lang='grc' dir='ltr'>ΡεΑιΜυδ</span> <span class='ocrx_word' id='word_1_4' title='bbox 1341 489 1553 555; x_wconf 87' lang='lat' dir='ltr'><strong>cantici,</strong></span> <span class='ocrx_word' id='word_1_5' title='bbox 1604 486 1728 556; x_wconf 73' lang='lat' dir='ltr'><strong><em>ﬁliis</em></strong></span> <span class='ocrx_word' id='word_1_6' title='bbox 1772 483 1924 549; x_wconf 89' lang='lat' dir='ltr'><strong><em>Core,</em></strong></span> <span class='ocrx_word' id='word_1_7' title='bbox 1971 478 2194 534; x_wconf 86' lang='lat' dir='ltr'><strong>secunda</strong></span> 
     </span>
    </p>
   </div>
   <div class='ocr_carea' id='block_1_3' title="bbox 1274 573 1812 638">
    <p class='ocr_par' dir='ltr' id='par_1_3' title="bbox 1274 573 1812 638">
     <span class='ocr_line' id='line_1_3' title="bbox 1274 573 1812 638; baseline -0.022 0"><span class='ocrx_word' id='word_1_8' title='bbox 1274 581 1513 638; x_wconf 86' lang='lat' dir='ltr'><strong>Sabbati.</strong></span> <span class='ocrx_word' id='word_1_9' title='bbox 1575 575 1670 629; x_wconf 79' lang='lat' dir='ltr'><strong><em>XL</em></strong></span> <span class='ocrx_word' id='word_1_10' title='bbox 1684 573 1812 627; x_wconf 83' lang='lat' dir='ltr'><strong>VII.</strong></span> 
     </span>
    </p>
   </div>
   <div class='ocr_carea' id='block_1_4' title="bbox 1338 673 1730 739">
    <p class='ocr_par' dir='ltr' id='par_1_4' title="bbox 1338 673 1730 739">
     <span class='ocr_line' id='line_1_4' title="bbox 1338 673 1730 739; baseline -0.02 -15"><span class='ocrx_word' id='word_1_11' title='bbox 1338 673 1730 739; x_wconf 73' lang='lat' dir='ltr'><strong>Argumentum.</strong></span> 
     </span>
    </p>
   </div>
   <div class='ocr_carea' id='block_1_5' title="bbox 765 760 2307 842">
    <p class='ocr_par' dir='ltr' id='par_1_5' title="bbox 765 760 2307 842">
     <span class='ocr_line' id='line_1_5' title="bbox 765 760 2307 842; baseline -0.019 -15"><span class='ocrx_word' id='word_1_12' title='bbox 765 775 861 829; x_wconf 89' lang='lat' dir='ltr'><strong>Hic</strong></span> <span class='ocrx_word' id='word_1_13' title='bbox 899 785 1115 842; x_wconf 90' lang='lat' dir='ltr'><strong>quoque</strong></span> <span class='ocrx_word' id='word_1_14' title='bbox 1154 766 1396 836; x_wconf 82' lang='lat' dir='ltr'><strong>psalmus</strong></span> <span class='ocrx_word' id='word_1_15' title='bbox 1446 776 1511 815; x_wconf 89' lang='lat' dir='ltr'><strong>ex</strong></span> <span class='ocrx_word' id='word_1_16' title='bbox 1544 772 1775 828; x_wconf 83' lang='lat' dir='ltr'><strong>persona</strong></span> <span class='ocrx_word' id='word_1_17' title='bbox 1823 760 2132 809; x_wconf 89' lang='lat' dir='ltr'><strong>sanctorum</strong></span> <span class='ocrx_word' id='word_1_18' title='bbox 2177 762 2307 819; x_wconf 84' lang='lat' dir='ltr'><strong>apo-</strong></span> 
     </span>
    </p>
   </div>
   <div class='ocr_carea' id='block_1_6' title="bbox 836 844 2307 923">
    <p class='ocr_par' dir='ltr' id='par_1_6' title="bbox 836 844 2307 923">
     <span class='ocr_line' id='line_1_6' title="bbox 836 844 2307 923; baseline -0.018 -3"><span class='ocrx_word' id='word_1_19' title='bbox 836 865 1097 921; x_wconf 89' lang='lat' dir='ltr'><strong>stolorum</strong></span> <span class='ocrx_word' id='word_1_20' title='bbox 1162 858 1417 919; x_wconf 84' lang='lat' dir='ltr'><strong>canitur,</strong></span> <span class='ocrx_word' id='word_1_21' title='bbox 1468 850 1806 906; x_wconf 87' lang='lat' dir='ltr'><strong>narrantium</strong></span> <span class='ocrx_word' id='word_1_22' title='bbox 1849 846 2173 923; x_wconf 80' lang='lat' dir='ltr'><strong>_vexationes</strong></span> <span class='ocrx_word' id='word_1_23' title='bbox 2237 844 2307 894; x_wconf 86' lang='lat' dir='ltr'><strong>ob</strong></span> 
     </span>
    </p>
   </div>
   <div class='ocr_carea' id='block_1_7' title="bbox 836 936 2304 1026">
    <p class='ocr_par' dir='ltr' id='par_1_7' title="bbox 836 936 2304 1026">
     <span class='ocr_line' id='line_1_7' title="bbox 836 936 2304 1026; baseline -0.018 -16"><span class='ocrx_word' id='word_1_24' title='bbox 836 954 1265 1026; x_wconf 63' lang='lat' dir='ltr'><strong>praedicationem</strong></span> <span class='ocrx_word' id='word_1_25' title='bbox 1303 948 1501 1010; x_wconf 79' lang='lat' dir='ltr'><strong>illatas,</strong></span> <span class='ocrx_word' id='word_1_26' title='bbox 1530 950 1584 997; x_wconf 88' lang='lat' dir='ltr'><strong>et</strong></span> <span class='ocrx_word' id='word_1_27' title='bbox 1614 940 1865 995; x_wconf 79' lang='lat' dir='ltr'><strong>victorias</strong></span> <span class='ocrx_word' id='word_1_28' title='bbox 1896 938 1961 991; x_wconf 91' lang='lat' dir='ltr'><strong>de</strong></span> <span class='ocrx_word' id='word_1_29' title='bbox 1993 936 2059 989; x_wconf 88' lang='lat' dir='ltr'><strong>iis</strong></span> <span class='ocrx_word' id='word_1_30' title='bbox 2105 943 2304 1004; x_wconf 87' lang='lat' dir='ltr'><strong>partas.</strong></span> 
     </span>
    </p>
   </div>
   <div class='ocr_carea' id='block_1_8' title="bbox 838 1026 2309 1117">
    <p class='ocr_par' dir='ltr' id='par_1_8' title="bbox 838 1026 2309 1117">
     <span class='ocr_line' id='line_1_8' title="bbox 838 1026 2309 1117; baseline -0.019 -13"><span class='ocrx_word' id='word_1_31' title='bbox 838 1050 893 1103; x_wconf 75' lang='grc'>2.</span> <span class='ocrx_word' id='word_1_32' title='bbox 942 1046 1162 1117; x_wconf 78' lang='lat' dir='ltr'><strong><em>Magnus</em></strong></span> <span class='ocrx_word' id='word_1_33' title='bbox 1211 1042 1462 1094; x_wconf 75' lang='lat' dir='ltr'><strong>Dominus</strong></span> <span class='ocrx_word' id='word_1_34' title='bbox 1504 1046 1553 1092; x_wconf 87' lang='lat' dir='ltr'><strong>et</strong></span> <span class='ocrx_word' id='word_1_35' title='bbox 1585 1032 1863 1089; x_wconf 75' lang='lat' dir='ltr'><strong>laudabilis</strong></span> <span class='ocrx_word' id='word_1_36' title='bbox 1908 1032 2058 1082; x_wconf 90' lang='lat' dir='ltr'><strong><em>nimis</em></strong></span> <span class='ocrx_word' id='word_1_37' title='bbox 2103 1028 2157 1080; x_wconf 85' lang='lat' dir='ltr'><strong>in</strong></span> <span class='ocrx_word' id='word_1_38' title='bbox 2186 1026 2309 1078; x_wconf 83' lang='lat' dir='ltr'><strong><em>ciri-</em></strong></span> 
     </span>
    </p>
   </div>
   <div class='ocr_carea' id='block_1_9' title="bbox 774 1117 2307 1197">
    <p class='ocr_par' dir='ltr' id='par_1_9' title="bbox 774 1117 2307 1197">
     <span class='ocr_line' id='line_1_9' title="bbox 774 1117 2307 1197; baseline -0.018 -2"><span class='ocrx_word' id='word_1_39' title='bbox 774 1150 877 1194; x_wconf 87' lang='lat' dir='ltr'><strong><em>tate</em></strong></span> <span class='ocrx_word' id='word_1_40' title='bbox 912 1139 1008 1193; x_wconf 89' lang='lat' dir='ltr'><strong>Dei</strong></span> <span class='ocrx_word' id='word_1_41' title='bbox 1052 1136 1235 1197; x_wconf 89' lang='lat' dir='ltr'><strong><em>nostri,</em></strong></span> <span class='ocrx_word' id='word_1_42' title='bbox 1282 1133 1334 1185; x_wconf 84' lang='lat' dir='ltr'><strong>in</strong></span> <span class='ocrx_word' id='word_1_43' title='bbox 1364 1138 1535 1184; x_wconf 87' lang='lat' dir='ltr'><strong><em>monte</em></strong></span> <span class='ocrx_word' id='word_1_44' title='bbox 1562 1135 1741 1181; x_wconf 87' lang='lat' dir='ltr'><strong><em>sancto</em></strong></span> <span class='ocrx_word' id='word_1_45' title='bbox 1770 1124 1904 1187; x_wconf 84' lang='lat' dir='ltr'><strong><em>eius.</em></strong></span> <span class='ocrx_word' id='word_1_46' title='bbox 1952 1120 2066 1173; x_wconf 85' lang='lat' dir='ltr'><strong>Non</strong></span> <span class='ocrx_word' id='word_1_47' title='bbox 2109 1118 2216 1185; x_wconf 80' lang='lat' dir='ltr'><strong>jam</strong></span> <span class='ocrx_word' id='word_1_48' title='bbox 2256 1117 2307 1169; x_wconf 87' lang='lat' dir='ltr'><strong>in</strong></span> 
     </span>
    </p>
   </div>
   <div class='ocr_carea' id='block_1_10' title="bbox 774 1209 2309 1297">
    <p class='ocr_par' dir='ltr' id='par_1_10' title="bbox 774 1209 2309 1297">
     <span class='ocr_line' id='line_1_10' title="bbox 774 1209 2309 1297; baseline -0.018 -11"><span class='ocrx_word' id='word_1_49' title='bbox 774 1233 907 1294; x_wconf 85' lang='lat' dir='ltr'><strong>sola,</strong></span> <span class='ocrx_word' id='word_1_50' title='bbox 938 1228 1133 1297; x_wconf 79' lang='lat' dir='ltr'><strong>inquit,</strong></span> <span class='ocrx_word' id='word_1_51' title='bbox 1168 1224 1372 1287; x_wconf 72' lang='lat' dir='ltr'><strong>Judaza,</strong></span> <span class='ocrx_word' id='word_1_52' title='bbox 1404 1221 1497 1276; x_wconf 89' lang='lat' dir='ltr'><strong>sed</strong></span> <span class='ocrx_word' id='word_1_53' title='bbox 1530 1219 1585 1272; x_wconf 89' lang='lat' dir='ltr'><strong>in</strong></span> <span class='ocrx_word' id='word_1_54' title='bbox 1628 1225 1808 1271; x_wconf 87' lang='lat' dir='ltr'><strong>monte</strong></span> <span class='ocrx_word' id='word_1_55' title='bbox 1846 1220 2049 1268; x_wconf 87' lang='lat' dir='ltr'><strong>sancto.</strong></span> <span class='ocrx_word' id='word_1_56' title='bbox 2076 1209 2309 1297; x_wconf 80' lang='lat' dir='ltr'><strong>Montem</strong></span> 
     </span>
    </p>
   </div>
   <div class='ocr_carea' id='block_1_11' title="bbox 776 1295 2312 1376">
    <p class='ocr_par' dir='ltr' id='par_1_11' title="bbox 776 1295 2312 1376">
     <span class='ocr_line' id='line_1_11' title="bbox 776 1295 2312 1376; baseline -0.016 0"><span class='ocrx_word' id='word_1_57' title='bbox 776 1331 951 1376; x_wconf 89' lang='lat' dir='ltr'><strong>autem</strong></span> <span class='ocrx_word' id='word_1_58' title='bbox 991 1295 1077 1372; x_wconf 81' lang='lat' dir='ltr'><strong>hic</strong></span> <span class='ocrx_word' id='word_1_59' title='bbox 1100 1317 1230 1371; x_wconf 88' lang='lat' dir='ltr'><strong>dicit</strong></span> <span class='ocrx_word' id='word_1_60' title='bbox 1257 1311 1575 1374; x_wconf 83' lang='lat' dir='ltr'><strong>Ecclesiam,</strong></span> <span class='ocrx_word' id='word_1_61' title='bbox 1624 1308 1693 1362; x_wconf 90' lang='lat' dir='ltr'><strong>ob</strong></span> <span class='ocrx_word' id='word_1_62' title='bbox 1743 1303 2033 1361; x_wconf 86' lang='lat' dir='ltr'><strong>sublimem</strong></span> <span class='ocrx_word' id='word_1_63' title='bbox 2084 1301 2151 1354; x_wconf 88' lang='lat' dir='ltr'><strong>de</strong></span> <span class='ocrx_word' id='word_1_64' title='bbox 2198 1295 2312 1352; x_wconf 88' lang='lat' dir='ltr'><strong>Deo</strong></span> 
     </span>
    </p>
   </div>
   <div class='ocr_carea' id='block_1_12' title="bbox 773 1413 1092 1468">
    <p class='ocr_par' dir='ltr' id='par_1_12' title="bbox 773 1413 1092 1468">
     <span class='ocr_line' id='line_1_12' title="bbox 773 1413 1092 1468; baseline -0.025 0"><span class='ocrx_word' id='word_1_65' title='bbox 773 1413 1092 1468; x_wconf 89' lang='lat' dir='ltr'><strong>doctrinam.</strong></span> 
     </span>
    </p>
   </div>
   <div class='ocr_carea' id='block_1_13' title="bbox 846 1481 2314 1557">
    <p class='ocr_par' dir='ltr' id='par_1_13' title="bbox 846 1481 2314 1557">
     <span class='ocr_line' id='line_1_13' title="bbox 846 1481 2314 1557; baseline -0.016 -2"><span class='ocrx_word' id='word_1_66' title='bbox 846 1504 900 1557; x_wconf 83' lang='grc'>5.</span> <span class='ocrx_word' id='word_1_67' title='bbox 950 1498 1232 1553; x_wconf 85' lang='lat' dir='ltr'><strong>Fundatnr</strong></span> <span class='ocrx_word' id='word_1_68' title='bbox 1254 1493 1597 1548; x_wconf 76' lang='lat' dir='ltr'><strong><em>exsultatione</em></strong></span> <span class='ocrx_word' id='word_1_69' title='bbox 1632 1489 1883 1543; x_wconf 64' lang='lat' dir='ltr'><strong><em>uniuersa!</em></strong></span> <span class='ocrx_word' id='word_1_70' title='bbox 1913 1495 2083 1539; x_wconf 74' lang='lat' dir='ltr'><strong><em>terrae.</em></strong></span> <span class='ocrx_word' id='word_1_71' title='bbox 2115 1481 2314 1535; x_wconf 78' lang='lat' dir='ltr'><strong>Exten-</strong></span> 
     </span>
    </p>
   </div>
   <div class='ocr_carea' id='block_1_14' title="bbox 775 1584 2313 1660">
    <p class='ocr_par' dir='ltr' id='par_1_14' title="bbox 775 1584 2313 1660">
     <span class='ocr_line' id='line_1_14' title="bbox 775 1584 2313 1660; baseline -0.018 -9"><span class='ocrx_word' id='word_1_72' title='bbox 775 1597 872 1659; x_wconf 88' lang='lat' dir='ltr'><strong>dit,</strong></span> <span class='ocrx_word' id='word_1_73' title='bbox 930 1593 1120 1660; x_wconf 83' lang='lat' dir='ltr'><strong>inquit,</strong></span> <span class='ocrx_word' id='word_1_74' title='bbox 1190 1585 1595 1641; x_wconf 79' lang='lat' dir='ltr'><strong>exsultationem</strong></span> <span class='ocrx_word' id='word_1_75' title='bbox 1654 1595 1750 1650; x_wconf 87' lang='lat' dir='ltr'><strong>per</strong></span> <span class='ocrx_word' id='word_1_76' title='bbox 1812 1591 2025 1631; x_wconf 89' lang='lat' dir='ltr'><strong>omnem</strong></span> <span class='ocrx_word' id='word_1_77' title='bbox 2075 1584 2313 1637; x_wconf 86' lang='lat' dir='ltr'><strong>terram;</strong></span> 
     </span>
    </p>
   </div>
   <div class='ocr_carea' id='block_1_15' title="bbox 779 1665 2316 1746">
    <p class='ocr_par' dir='ltr' id='par_1_15' title="bbox 779 1665 2316 1746">
     <span class='ocr_line' id='line_1_15' title="bbox 779 1665 2316 1746; baseline -0.016 -5"><span class='ocrx_word' id='word_1_78' title='bbox 779 1702 901 1741; x_wconf 90' lang='lat' dir='ltr'><strong>nam</strong></span> <span class='ocrx_word' id='word_1_79' title='bbox 926 1685 979 1738; x_wconf 91' lang='lat' dir='ltr'><strong>in</strong></span> <span class='ocrx_word' id='word_1_80' title='bbox 1002 1696 1213 1737; x_wconf 89' lang='lat' dir='ltr'><strong>omnem</strong></span> <span class='ocrx_word' id='word_1_81' title='bbox 1250 1689 1442 1732; x_wconf 89' lang='lat' dir='ltr'><strong>terram</strong></span> <span class='ocrx_word' id='word_1_82' title='bbox 1471 1672 1707 1746; x_wconf 82' lang='lat' dir='ltr'><strong>pervasit</strong></span> <span class='ocrx_word' id='word_1_83' title='bbox 1741 1668 2030 1725; x_wconf 81' lang='lat' dir='ltr'><strong>exsultatio</strong></span> <span class='ocrx_word' id='word_1_84' title='bbox 2053 1665 2170 1735; x_wconf 85' lang='lat' dir='ltr'><strong>ejus</strong></span> <span class='ocrx_word' id='word_1_85' title='bbox 2200 1679 2316 1719; x_wconf 91' lang='lat' dir='ltr'><strong>ma-</strong></span> 
     </span>
    </p>
   </div>
   <div class='ocr_carea' id='block_1_16' title="bbox 780 1755 2317 1839">
    <p class='ocr_par' dir='ltr' id='par_1_16' title="bbox 780 1755 2317 1839">
     <span class='ocr_line' id='line_1_16' title="bbox 780 1755 2317 1839; baseline -0.016 -8"><span class='ocrx_word' id='word_1_86' title='bbox 780 1772 1153 1835; x_wconf 80' lang='lat' dir='ltr'><strong>nifestationis,</strong></span> <span class='ocrx_word' id='word_1_87' title='bbox 1194 1779 1248 1826; x_wconf 90' lang='lat' dir='ltr'><strong>et</strong></span> <span class='ocrx_word' id='word_1_88' title='bbox 1288 1768 1512 1839; x_wconf 77' lang='lat' dir='ltr'><strong>gratiam</strong></span> <span class='ocrx_word' id='word_1_89' title='bbox 1541 1762 1804 1819; x_wconf 85' lang='lat' dir='ltr'><strong>dilatavit.</strong></span> <span class='ocrx_word' id='word_1_90' title='bbox 1838 1759 2037 1816; x_wconf 79' lang='lat' dir='ltr'><strong><em>Montes</em></strong></span> <span class='ocrx_word' id='word_1_91' title='bbox 2071 1755 2198 1811; x_wconf 90' lang='lat' dir='ltr'><strong>Sion</strong></span> <span class='ocrx_word' id='word_1_92' title='bbox 2237 1756 2317 1808; x_wconf 86' lang='lat' dir='ltr'><strong>la-</strong></span> 
     </span>
    </p>
   </div>
   <div class='ocr_carea' id='block_1_17' title="bbox 779 1852 2313 1936">
    <p class='ocr_par' dir='ltr' id='par_1_17' title="bbox 779 1852 2313 1936">
     <span class='ocr_line' id='line_1_17' title="bbox 779 1852 2313 1936; baseline -0.013 -14"><span class='ocrx_word' id='word_1_93' title='bbox 779 1878 891 1922; x_wconf 87' lang='lat' dir='ltr'><strong><em>tera</em></strong></span> <span class='ocrx_word' id='word_1_94' title='bbox 922 1864 1181 1936; x_wconf 79' lang='lat' dir='ltr'><strong>aquilonis</strong></span> <span class='ocrx_word' id='word_1_95' title='bbox 1240 1860 1534 1917; x_wconf 83' lang='lat' dir='ltr'><strong>Jerusalem</strong></span> <span class='ocrx_word' id='word_1_96' title='bbox 1588 1856 1655 1910; x_wconf 89' lang='lat' dir='ltr'><strong>ad</strong></span> <span class='ocrx_word' id='word_1_97' title='bbox 1701 1853 1983 1909; x_wconf 86' lang='lat' dir='ltr'><strong>meridiem</strong></span> <span class='ocrx_word' id='word_1_98' title='bbox 2037 1852 2138 1905; x_wconf 82' lang='lat' dir='ltr'><strong>sita</strong></span> <span class='ocrx_word' id='word_1_99' title='bbox 2193 1859 2313 1904; x_wconf 89' lang='lat' dir='ltr'><strong>est:</strong></span> 
     </span>
    </p>
   </div>
   <div class='ocr_carea' id='block_1_18' title="bbox 778 1940 2321 2032">
    <p class='ocr_par' dir='ltr' id='par_1_18' title="bbox 778 1940 2321 2032">
     <span class='ocr_line' id='line_1_18' title="bbox 778 1940 2321 2032; baseline -0.017 -15"><span class='ocrx_word' id='word_1_100' title='bbox 778 1970 961 2032; x_wconf 79' lang='lat' dir='ltr'><strong>gentes</strong></span> <span class='ocrx_word' id='word_1_101' title='bbox 994 1958 1059 2013; x_wconf 93' lang='lat' dir='ltr'><strong>ad</strong></span> <span class='ocrx_word' id='word_1_102' title='bbox 1104 1957 1425 2025; x_wconf 87' lang='lat' dir='ltr'><strong>aquilonem.</strong></span> <span class='ocrx_word' id='word_1_103' title='bbox 1469 1949 1733 2016; x_wconf 85' lang='lat' dir='ltr'><strong>Quoniam</strong></span> <span class='ocrx_word' id='word_1_104' title='bbox 1782 1955 1958 1999; x_wconf 85' lang='lat' dir='ltr'><strong>autem</strong></span> <span class='ocrx_word' id='word_1_105' title='bbox 2010 1940 2199 2005; x_wconf 63' lang='lat' dir='ltr'><strong>Judaei,</strong></span> <span class='ocrx_word' id='word_1_106' title='bbox 2235 1948 2321 1992; x_wconf 91' lang='lat' dir='ltr'><strong>ut-</strong></span> 
     </span>
    </p>
   </div>
   <div class='ocr_carea' id='block_1_19' title="bbox 780 2032 2321 2123">
    <p class='ocr_par' dir='ltr' id='par_1_19' title="bbox 780 2032 2321 2123">
     <span class='ocr_line' id='line_1_19' title="bbox 780 2032 2321 2123; baseline -0.015 -16"><span class='ocrx_word' id='word_1_107' title='bbox 780 2061 902 2123; x_wconf 84' lang='lat' dir='ltr'><strong>pote</strong></span> <span class='ocrx_word' id='word_1_108' title='bbox 926 2051 1025 2106; x_wconf 88' lang='lat' dir='ltr'><strong>soli</strong></span> <span class='ocrx_word' id='word_1_109' title='bbox 1051 2057 1283 2103; x_wconf 92' lang='lat' dir='ltr'><strong>montem</strong></span> <span class='ocrx_word' id='word_1_110' title='bbox 1326 2046 1455 2099; x_wconf 88' lang='lat' dir='ltr'><strong>Sion</strong></span> <span class='ocrx_word' id='word_1_111' title='bbox 1492 2042 1785 2097; x_wconf 86' lang='lat' dir='ltr'><strong>incolentes</strong></span> <span class='ocrx_word' id='word_1_112' title='bbox 1817 2035 2094 2106; x_wconf 78' lang='lat' dir='ltr'><strong>magniﬁce</strong></span> <span class='ocrx_word' id='word_1_113' title='bbox 2128 2032 2321 2088; x_wconf 88' lang='lat' dir='ltr'><strong>sentie-</strong></span> 
     </span>
    </p>
   </div>
   <div class='ocr_carea' id='block_1_20' title="bbox 780 2125 2319 2206">
    <p class='ocr_par' dir='ltr' id='par_1_20' title="bbox 780 2125 2319 2206">
     <span class='ocr_line' id='line_1_20' title="bbox 780 2125 2319 2206; baseline -0.012 -11"><span class='ocrx_word' id='word_1_114' title='bbox 780 2143 927 2206; x_wconf 87' lang='lat' dir='ltr'><strong>bant,</strong></span> <span class='ocrx_word' id='word_1_115' title='bbox 956 2139 1043 2194; x_wconf 86' lang='lat' dir='ltr'><strong>hic</strong></span> <span class='ocrx_word' id='word_1_116' title='bbox 1080 2137 1377 2193; x_wconf 85' lang='lat' dir='ltr'><strong>ostenditur</strong></span> <span class='ocrx_word' id='word_1_117' title='bbox 1410 2133 1540 2188; x_wconf 89' lang='lat' dir='ltr'><strong>Sion</strong></span> <span class='ocrx_word' id='word_1_118' title='bbox 1580 2148 1700 2187; x_wconf 88' lang='lat' dir='ltr'><strong>esse</strong></span> <span class='ocrx_word' id='word_1_119' title='bbox 1740 2139 1924 2201; x_wconf 87' lang='lat' dir='ltr'><strong>gentes</strong></span> <span class='ocrx_word' id='word_1_120' title='bbox 1955 2125 2319 2195; x_wconf 83' lang='lat' dir='ltr'><strong>evangelicum</strong></span> 
     </span>
    </p>
   </div>
   <div class='ocr_carea' id='block_1_21' title="bbox 779 2215 2319 2295">
    <p class='ocr_par' dir='ltr' id='par_1_21' title="bbox 779 2215 2319 2295">
     <span class='ocr_line' id='line_1_21' title="bbox 779 2215 2319 2295; baseline -0.014 -8"><span class='ocrx_word' id='word_1_121' title='bbox 779 2244 1078 2287; x_wconf 84' lang='lat' dir='ltr'><strong>sermonem</strong></span> <span class='ocrx_word' id='word_1_122' title='bbox 1109 2227 1454 2295; x_wconf 89' lang='lat' dir='ltr'><strong>excipientes.</strong></span> <span class='ocrx_word' id='word_1_123' title='bbox 1484 2220 1620 2275; x_wconf 86' lang='lat' dir='ltr'><strong>Nam</strong></span> <span class='ocrx_word' id='word_1_124' title='bbox 1656 2218 1835 2274; x_wconf 88' lang='lat' dir='ltr'><strong>Siouis</strong></span> <span class='ocrx_word' id='word_1_125' title='bbox 1858 2216 2014 2273; x_wconf 85' lang='lat' dir='ltr'><strong>sedes</strong></span> <span class='ocrx_word' id='word_1_126' title='bbox 2042 2224 2125 2270; x_wconf 88' lang='lat' dir='ltr'><strong>est</strong></span> <span class='ocrx_word' id='word_1_127' title='bbox 2147 2215 2319 2273; x_wconf 74' lang='lat' dir='ltr'><strong>borea:</strong></span> 
     </span>
    </p>
   </div>
   <div class='ocr_carea' id='block_1_22' title="bbox 778 2303 2322 2384">
    <p class='ocr_par' dir='ltr' id='par_1_22' title="bbox 778 2303 2322 2384">
     <span class='ocr_line' id='line_1_22' title="bbox 778 2303 2322 2384; baseline -0.013 -9"><span class='ocrx_word' id='word_1_128' title='bbox 778 2320 1047 2379; x_wconf 87' lang='lat' dir='ltr'><strong>climatus,</strong></span> <span class='ocrx_word' id='word_1_129' title='bbox 1074 2316 1166 2384; x_wconf 85' lang='lat' dir='ltr'><strong>qui</strong></span> <span class='ocrx_word' id='word_1_130' title='bbox 1197 2315 1371 2368; x_wconf 69' lang='lat' dir='ltr'><strong>borea:</strong></span> <span class='ocrx_word' id='word_1_131' title='bbox 1418 2312 1665 2366; x_wconf 91' lang='lat' dir='ltr'><strong>climatus</strong></span> <span class='ocrx_word' id='word_1_132' title='bbox 1696 2323 1791 2379; x_wconf 86' lang='lat' dir='ltr'><strong>per</strong></span> <span class='ocrx_word' id='word_1_133' title='bbox 1835 2307 2001 2360; x_wconf 87' lang='lat' dir='ltr'><strong>latera</strong></span> <span class='ocrx_word' id='word_1_134' title='bbox 2049 2303 2322 2375; x_wconf 75' lang='lat' dir='ltr'><strong>signiﬁca-</strong></span> 
     </span>
    </p>
   </div>
   <div class='ocr_carea' id='block_1_23' title="bbox 781 2394 2319 2468">
    <p class='ocr_par' dir='ltr' id='par_1_23' title="bbox 781 2394 2319 2468">
     <span class='ocr_line' id='line_1_23' title="bbox 781 2394 2319 2468; baseline -0.014 -3"><span class='ocrx_word' id='word_1_135' title='bbox 781 2421 866 2465; x_wconf 88' lang='lat' dir='ltr'><strong>tur</strong></span> <span class='ocrx_word' id='word_1_136' title='bbox 902 2424 1063 2463; x_wconf 87' lang='lat' dir='ltr'><strong>:nam</strong></span> <span class='ocrx_word' id='word_1_137' title='bbox 1102 2406 1189 2460; x_wconf 89' lang='lat' dir='ltr'><strong>ubi</strong></span> <span class='ocrx_word' id='word_1_138' title='bbox 1216 2405 1457 2459; x_wconf 89' lang='lat' dir='ltr'><strong>dicturus</strong></span> <span class='ocrx_word' id='word_1_139' title='bbox 1498 2410 1613 2457; x_wconf 89' lang='lat' dir='ltr'><strong>erat</strong></span> <span class='ocrx_word' id='word_1_140' title='bbox 1639 2400 1823 2468; x_wconf 64' lang='lat' dir='ltr'><strong>boreae</strong></span> <span class='ocrx_word' id='word_1_141' title='bbox 1852 2397 2123 2457; x_wconf 86' lang='lat' dir='ltr'><strong>climatus,</strong></span> <span class='ocrx_word' id='word_1_142' title='bbox 2152 2394 2319 2446; x_wconf 89' lang='lat' dir='ltr'><strong>latera</strong></span> 
     </span>
    </p>
   </div>
   <div class='ocr_carea' id='block_1_24' title="bbox 779 2485 2322 2573">
    <p class='ocr_par' dir='ltr' id='par_1_24' title="bbox 779 2485 2322 2573">
     <span class='ocr_line' id='line_1_24' title="bbox 779 2485 2322 2573; baseline -0.015 -14"><span class='ocrx_word' id='word_1_143' title='bbox 779 2502 1045 2573; x_wconf 82' lang='lat' dir='ltr'><strong>aquilonis</strong></span> <span class='ocrx_word' id='word_1_144' title='bbox 1074 2499 1225 2554; x_wconf 80' lang='lat' dir='ltr'><strong>dixit.</strong></span> <span class='ocrx_word' id='word_1_145' title='bbox 1260 2498 1327 2551; x_wconf 84' lang='lat' dir='ltr'><strong>Et</strong></span> <span class='ocrx_word' id='word_1_146' title='bbox 1363 2496 1511 2565; x_wconf 90' lang='lat' dir='ltr'><strong>prius</strong></span> <span class='ocrx_word' id='word_1_147' title='bbox 1536 2493 1749 2562; x_wconf 86' lang='lat' dir='ltr'><strong>quidem</strong></span> <span class='ocrx_word' id='word_1_148' title='bbox 1789 2488 1989 2543; x_wconf 82' lang='lat' dir='ltr'><strong>Paulus</strong></span> <span class='ocrx_word' id='word_1_149' title='bbox 2021 2485 2119 2539; x_wconf 77' lang='lat' dir='ltr'><strong>fuit</strong></span> <span class='ocrx_word' id='word_1_150' title='bbox 2156 2485 2322 2537; x_wconf 81' lang='lat' dir='ltr'><strong>latera</strong></span> 
     </span>
    </p>
   </div>
   <div class='ocr_carea' id='block_1_25' title="bbox 779 2573 2320 2665">
    <p class='ocr_par' dir='ltr' id='par_1_25' title="bbox 779 2573 2320 2665">
     <span class='ocr_line' id='line_1_25' title="bbox 779 2573 2320 2665; baseline -0.014 -15"><span class='ocrx_word' id='word_1_151' title='bbox 779 2594 1068 2665; x_wconf 80' lang='lat' dir='ltr'><strong>aquilonis,</strong></span> <span class='ocrx_word' id='word_1_152' title='bbox 1094 2607 1125 2645; x_wconf 87' lang='lat' dir='ltr'><strong>a</strong></span> <span class='ocrx_word' id='word_1_153' title='bbox 1157 2604 1264 2660; x_wconf 90' lang='lat' dir='ltr'><strong>quo</strong></span> <span class='ocrx_word' id='word_1_154' title='bbox 1308 2588 1556 2641; x_wconf 88' lang='lat' dir='ltr'><strong>universa</strong></span> <span class='ocrx_word' id='word_1_155' title='bbox 1589 2583 1730 2637; x_wconf 87' lang='lat' dir='ltr'><strong>mala</strong></span> <span class='ocrx_word' id='word_1_156' title='bbox 1764 2596 1856 2652; x_wconf 89' lang='lat' dir='ltr'><strong>per</strong></span> <span class='ocrx_word' id='word_1_157' title='bbox 1900 2579 2083 2633; x_wconf 89' lang='lat' dir='ltr'><strong>orbem</strong></span> <span class='ocrx_word' id='word_1_158' title='bbox 2118 2573 2320 2630; x_wconf 81' lang='lat' dir='ltr'><strong>conﬂa-</strong></span> 
     </span>
    </p>
   </div>
   <div class='ocr_carea' id='block_1_26' title="bbox 779 2668 2321 2760">
    <p class='ocr_par' dir='ltr' id='par_1_26' title="bbox 779 2668 2321 2760">
     <span class='ocr_line' id='line_1_26' title="bbox 779 2668 2321 2760; baseline -0.011 -20"><span class='ocrx_word' id='word_1_159' title='bbox 779 2695 1038 2760; x_wconf 85' lang='lat' dir='ltr'><strong>grarunt;</strong></span> <span class='ocrx_word' id='word_1_160' title='bbox 1074 2684 1184 2754; x_wconf 85' lang='lat' dir='ltr'><strong>jam</strong></span> <span class='ocrx_word' id='word_1_161' title='bbox 1211 2697 1339 2737; x_wconf 89' lang='lat' dir='ltr'><strong>vero</strong></span> <span class='ocrx_word' id='word_1_162' title='bbox 1373 2680 1544 2735; x_wconf 78' lang='lat' dir='ltr'><strong>factus</strong></span> <span class='ocrx_word' id='word_1_163' title='bbox 1574 2687 1650 2733; x_wconf 89' lang='lat' dir='ltr'><strong>est</strong></span> <span class='ocrx_word' id='word_1_164' title='bbox 1681 2683 1888 2730; x_wconf 87' lang='lat' dir='ltr'><strong>montes</strong></span> <span class='ocrx_word' id='word_1_165' title='bbox 1935 2670 2087 2735; x_wconf 89' lang='lat' dir='ltr'><strong>Sion,</strong></span> <span class='ocrx_word' id='word_1_166' title='bbox 2117 2668 2321 2723; x_wconf 88' lang='lat' dir='ltr'><strong>habens</strong></span> 
     </span>
    </p>
   </div>
   <div class='ocr_carea' id='block_1_27' title="bbox 780 2761 2320 2848">
    <p class='ocr_par' dir='ltr' id='par_1_27' title="bbox 780 2761 2320 2848">
     <span class='ocr_line' id='line_1_27' title="bbox 780 2761 2320 2848; baseline -0.013 -15"><span class='ocrx_word' id='word_1_167' title='bbox 780 2781 833 2833; x_wconf 92' lang='lat' dir='ltr'><strong>iu</strong></span> <span class='ocrx_word' id='word_1_168' title='bbox 864 2795 979 2834; x_wconf 86' lang='lat' dir='ltr'><strong>sese</strong></span> <span class='ocrx_word' id='word_1_169' title='bbox 1004 2778 1306 2848; x_wconf 89' lang='lat' dir='ltr'><strong>loquentem</strong></span> <span class='ocrx_word' id='word_1_170' title='bbox 1345 2773 1639 2834; x_wconf 85' lang='lat' dir='ltr'><strong>Christum,</strong></span> <span class='ocrx_word' id='word_1_171' title='bbox 1673 2769 1765 2839; x_wconf 88' lang='lat' dir='ltr'><strong>qui</strong></span> <span class='ocrx_word' id='word_1_172' title='bbox 1795 2766 1941 2820; x_wconf 84' lang='lat' dir='ltr'><strong>venit</strong></span> <span class='ocrx_word' id='word_1_173' title='bbox 1964 2779 2028 2817; x_wconf 87' lang='lat' dir='ltr'><strong>ex</strong></span> <span class='ocrx_word' id='word_1_174' title='bbox 2076 2762 2207 2816; x_wconf 86' lang='lat' dir='ltr'><strong>Sion</strong></span> <span class='ocrx_word' id='word_1_175' title='bbox 2242 2761 2320 2827; x_wconf 75' lang='lat'><strong>“,</strong></span> 
     </span>
    </p>
   </div>
   <div class='ocr_carea' id='block_1_28' title="bbox 778 2852 2321 2939">
    <p class='ocr_par' dir='ltr' id='par_1_28' title="bbox 778 2852 2321 2939">
     <span class='ocr_line' id='line_1_28' title="bbox 778 2852 2321 2939; baseline -0.014 -12"><span class='ocrx_word' id='word_1_176' title='bbox 778 2880 833 2927; x_wconf 88' lang='lat' dir='ltr'><strong>et</strong></span> <span class='ocrx_word' id='word_1_177' title='bbox 889 2871 1079 2927; x_wconf 84' lang='lat' dir='ltr'><strong>avertit</strong></span> <span class='ocrx_word' id='word_1_178' title='bbox 1120 2868 1445 2939; x_wconf 86' lang='lat' dir='ltr'><strong>impietatem</strong></span> <span class='ocrx_word' id='word_1_179' title='bbox 1504 2879 1570 2919; x_wconf 90' lang='lat' dir='ltr'><strong>ex</strong></span> <span class='ocrx_word' id='word_1_180' title='bbox 1616 2860 1783 2915; x_wconf 73' lang='lat' dir='ltr'><strong>Iacob</strong></span> <span class='ocrx_word' id='word_1_181' title='bbox 1832 2859 1897 2915; x_wconf 86' lang='grc'><strong>³⁸.</strong></span> <span class='ocrx_word' id='word_1_182' title='bbox 1946 2857 2142 2913; x_wconf 81' lang='lat' dir='ltr'><strong>Civitas</strong></span> <span class='ocrx_word' id='word_1_183' title='bbox 2191 2852 2321 2923; x_wconf 88' lang='lat' dir='ltr'><strong><em>regis</em></strong></span> 
     </span>
    </p>
   </div>
   <div class='ocr_carea' id='block_1_29' title="bbox 781 2949 2323 3034">
    <p class='ocr_par' dir='ltr' id='par_1_29' title="bbox 781 2949 2323 3034">
     <span class='ocr_line' id='line_1_29' title="bbox 781 2949 2323 3034; baseline -0.01 -18"><span class='ocrx_word' id='word_1_184' title='bbox 781 2963 977 3034; x_wconf 82' lang='lat' dir='ltr'><strong>magni.</strong></span> <span class='ocrx_word' id='word_1_185' title='bbox 1023 2959 1146 3015; x_wconf 67' lang='lat' dir='ltr'><strong>Haec</strong></span> <span class='ocrx_word' id='word_1_186' title='bbox 1174 2959 1341 3013; x_wconf 90' lang='lat' dir='ltr'><strong>latera</strong></span> <span class='ocrx_word' id='word_1_187' title='bbox 1382 2954 1672 3026; x_wconf 88' lang='lat' dir='ltr'><strong>aquilonis,</strong></span> <span class='ocrx_word' id='word_1_188' title='bbox 1702 2953 1796 3015; x_wconf 86' lang='lat' dir='ltr'><strong>ait,</strong></span> <span class='ocrx_word' id='word_1_189' title='bbox 1819 2951 1933 3006; x_wconf 87' lang='lat' dir='ltr'><strong>sive</strong></span> <span class='ocrx_word' id='word_1_190' title='bbox 1962 2957 2166 3021; x_wconf 84' lang='lat' dir='ltr'><strong>gentes.</strong></span> <span class='ocrx_word' id='word_1_191' title='bbox 2191 2949 2323 3003; x_wconf 88' lang='lat' dir='ltr'><strong>civi-</strong></span> 
     </span>
    </p>
   </div>
   <div class='ocr_carea' id='block_1_30' title="bbox 781 3041 2321 3122">
    <p class='ocr_par' dir='ltr' id='par_1_30' title="bbox 781 3041 2321 3122">
     <span class='ocr_line' id='line_1_30' title="bbox 781 3041 2321 3122; baseline -0.006 -15"><span class='ocrx_word' id='word_1_192' title='bbox 781 3066 865 3109; x_wconf 85' lang='lat' dir='ltr'><strong>tas</strong></span> <span class='ocrx_word' id='word_1_193' title='bbox 891 3054 1010 3122; x_wconf 87' lang='lat' dir='ltr'><strong>jure</strong></span> <span class='ocrx_word' id='word_1_194' title='bbox 1056 3059 1335 3115; x_wconf 86' lang='lat' dir='ltr'><strong>vocentur,</strong></span> <span class='ocrx_word' id='word_1_195' title='bbox 1388 3048 1440 3101; x_wconf 89' lang='lat' dir='ltr'><strong>in</strong></span> <span class='ocrx_word' id='word_1_196' title='bbox 1490 3045 1687 3117; x_wconf 89' lang='lat' dir='ltr'><strong>quibus</strong></span> <span class='ocrx_word' id='word_1_197' title='bbox 1730 3043 1871 3099; x_wconf 89' lang='lat' dir='ltr'><strong>Deus</strong></span> <span class='ocrx_word' id='word_1_198' title='bbox 1911 3041 2223 3113; x_wconf 78' lang='lat' dir='ltr'><strong>intelligitur</strong></span> <span class='ocrx_word' id='word_1_199' title='bbox 2254 3041 2321 3097; x_wconf 87' lang='lat' dir='ltr'><strong>iis</strong></span> 
     </span>
    </p>
   </div>
   <div class='ocr_carea' id='block_1_31' title="bbox 781 3135 2042 3215">
    <p class='ocr_par' dir='ltr' id='par_1_31' title="bbox 781 3135 2042 3215">
     <span class='ocr_line' id='line_1_31' title="bbox 781 3135 2042 3215; baseline -0.009 -16"><span class='ocrx_word' id='word_1_200' title='bbox 781 3142 1104 3215; x_wconf 89' lang='lat' dir='ltr'><strong>patrocinari</strong></span> <span class='ocrx_word' id='word_1_201' title='bbox 1141 3150 1195 3197; x_wconf 90' lang='lat' dir='ltr'><strong>et</strong></span> <span class='ocrx_word' id='word_1_202' title='bbox 1222 3156 1315 3196; x_wconf 90' lang='lat' dir='ltr'><strong>eos</strong></span> <span class='ocrx_word' id='word_1_203' title='bbox 1342 3155 1371 3194; x_wconf 87' lang='lat' dir='ltr'><strong>a</strong></span> <span class='ocrx_word' id='word_1_204' title='bbox 1400 3138 1782 3194; x_wconf 86' lang='lat' dir='ltr'><strong>tentationibus</strong></span> <span class='ocrx_word' id='word_1_205' title='bbox 1817 3135 2042 3205; x_wconf 88' lang='lat' dir='ltr'><strong>eripere.</strong></span> 
     </span>
    </p>
   </div>
   <div class='ocr_carea' id='block_1_32' title="bbox 853 3314 2323 3389">
    <p class='ocr_par' dir='ltr' id='par_1_32' title="bbox 853 3314 2323 3389">
     <span class='ocr_line' id='line_1_32' title="bbox 853 3314 2323 3389; baseline -0.01 -10"><span class='ocrx_word' id='word_1_206' title='bbox 853 3327 906 3380; x_wconf 76' lang='lat'><strong>4.</strong></span> <span class='ocrx_word' id='word_1_207' title='bbox 945 3324 1081 3378; x_wconf 88' lang='lat' dir='ltr'><strong><em>Deus</em></strong></span> <span class='ocrx_word' id='word_1_208' title='bbox 1105 3324 1161 3376; x_wconf 92' lang='lat' dir='ltr'><strong><em>in</em></strong></span> <span class='ocrx_word' id='word_1_209' title='bbox 1202 3322 1440 3376; x_wconf 86' lang='lat' dir='ltr'><strong>domibus</strong></span> <span class='ocrx_word' id='word_1_210' title='bbox 1482 3320 1593 3389; x_wconf 86' lang='lat' dir='ltr'><strong><em>ejus</em></strong></span> <span class='ocrx_word' id='word_1_211' title='bbox 1617 3318 1963 3389; x_wconf 83' lang='lat' dir='ltr'><strong><em>cognoscitur,</em></strong></span> <span class='ocrx_word' id='word_1_212' title='bbox 2005 3330 2123 3369; x_wconf 83' lang='lat' dir='ltr'><strong>eum</strong></span> <span class='ocrx_word' id='word_1_213' title='bbox 2154 3314 2323 3368; x_wconf 89' lang='lat' dir='ltr'><strong>susci-</strong></span> 
     </span>
    </p>
   </div>
   <div class='ocr_carea' id='block_1_33' title="bbox 782 3408 2323 3480">
    <p class='ocr_par' dir='ltr' id='par_1_33' title="bbox 782 3408 2323 3480">
     <span class='ocr_line' id='line_1_33' title="bbox 782 3408 2323 3480; baseline -0.008 -9"><span class='ocrx_word' id='word_1_214' title='bbox 782 3421 858 3471; x_wconf 80' lang='lat' dir='ltr'><strong><em>oit</em></strong></span> <span class='ocrx_word' id='word_1_215' title='bbox 896 3432 1030 3471; x_wconf 87' lang='lat' dir='ltr'><strong>eam.</strong></span> <span class='ocrx_word' id='word_1_216' title='bbox 1084 3414 1284 3468; x_wconf 90' lang='lat' dir='ltr'><strong>Domus</strong></span> <span class='ocrx_word' id='word_1_217' title='bbox 1312 3412 1349 3465; x_wconf 91' lang='lat' dir='ltr'><strong>ii</strong></span> <span class='ocrx_word' id='word_1_218' title='bbox 1390 3410 1586 3466; x_wconf 82' lang='lat' dir='ltr'><strong>fuerint</strong></span> <span class='ocrx_word' id='word_1_219' title='bbox 1626 3410 1717 3480; x_wconf 89' lang='lat' dir='ltr'><strong>qui</strong></span> <span class='ocrx_word' id='word_1_220' title='bbox 1753 3408 1932 3480; x_wconf 88' lang='lat' dir='ltr'><strong>magni</strong></span> <span class='ocrx_word' id='word_1_221' title='bbox 1976 3416 2029 3461; x_wconf 89' lang='lat' dir='ltr'><strong>et</strong></span> <span class='ocrx_word' id='word_1_222' title='bbox 2061 3414 2323 3477; x_wconf 73' lang='lat' dir='ltr'><strong>praestan-</strong></span> 
     </span>
    </p>
   </div>
   <div class='ocr_carea' id='block_1_34' title="bbox 783 3502 1563 3564">
    <p class='ocr_par' dir='ltr' id='par_1_34' title="bbox 783 3502 1563 3564">
     <span class='ocr_line' id='line_1_34' title="bbox 783 3502 1563 3564; baseline -0.009 -1"><span class='ocrx_word' id='word_1_223' title='bbox 783 3510 947 3564; x_wconf 89' lang='lat' dir='ltr'><strong>tiores</strong></span> <span class='ocrx_word' id='word_1_224' title='bbox 979 3508 1032 3562; x_wconf 90' lang='lat' dir='ltr'><strong>in</strong></span> <span class='ocrx_word' id='word_1_225' title='bbox 1058 3505 1270 3561; x_wconf 88' lang='lat' dir='ltr'><strong>civitate</strong></span> <span class='ocrx_word' id='word_1_226' title='bbox 1292 3502 1386 3558; x_wconf 87' lang='lat' dir='ltr'><strong>Dei</strong></span> <span class='ocrx_word' id='word_1_227' title='bbox 1420 3513 1563 3559; x_wconf 88' lang='lat' dir='ltr'><strong>sunt.</strong></span> 
     </span>
    </p>
   </div>
   <div class='ocr_carea' id='block_1_35' title="bbox 855 3679 2321 3753">
    <p class='ocr_par' dir='ltr' id='par_1_35' title="bbox 855 3679 2321 3753">
     <span class='ocr_line' id='line_1_35' title="bbox 855 3679 2321 3753; baseline -0.01 -10"><span class='ocrx_word' id='word_1_228' title='bbox 855 3688 969 3743; x_wconf 85' lang='lat'><strong>5-7.</strong></span> <span class='ocrx_word' id='word_1_229' title='bbox 1022 3686 1279 3751; x_wconf 87' lang='lat' dir='ltr'><strong><em>Quoniam</em></strong></span> <span class='ocrx_word' id='word_1_230' title='bbox 1320 3701 1433 3739; x_wconf 86' lang='lat' dir='ltr'><strong>ecce</strong></span> <span class='ocrx_word' id='word_1_231' title='bbox 1474 3698 1612 3753; x_wconf 90' lang='lat' dir='ltr'><strong><em>reges</em></strong></span> <span class='ocrx_word' id='word_1_232' title='bbox 1651 3691 1802 3735; x_wconf 80' lang='lat' dir='ltr'><strong>teme</strong></span> <span class='ocrx_word' id='word_1_233' title='bbox 1840 3679 2135 3751; x_wconf 85' lang='lat' dir='ltr'><strong><em>congregati</em></strong></span> <span class='ocrx_word' id='word_1_234' title='bbox 2180 3688 2321 3731; x_wconf 89' lang='lat' dir='ltr'><strong><em>sunt.</em></strong></span> 
     </span>
    </p>
   </div>
   <div class='ocr_carea' id='block_1_36' title="bbox 787 3770 2325 3846">
    <p class='ocr_par' dir='ltr' id='par_1_36' title="bbox 787 3770 2325 3846">
     <span class='ocr_line' id='line_1_36' title="bbox 787 3770 2325 3846; baseline -0.006 -13"><span class='ocrx_word' id='word_1_235' title='bbox 787 3778 989 3833; x_wconf 86' lang='lat' dir='ltr'><strong>Bellum</strong></span> <span class='ocrx_word' id='word_1_236' title='bbox 1030 3776 1288 3846; x_wconf 86' lang='lat' dir='ltr'><strong>apostolis</strong></span> <span class='ocrx_word' id='word_1_237' title='bbox 1317 3775 1385 3830; x_wconf 90' lang='lat' dir='ltr'><strong>ob</strong></span> <span class='ocrx_word' id='word_1_238' title='bbox 1427 3773 1628 3829; x_wconf 85' lang='lat' dir='ltr'><strong>Christi</strong></span> <span class='ocrx_word' id='word_1_239' title='bbox 1660 3772 2089 3843; x_wconf 66' lang='lat' dir='ltr'><strong>praedicationem</strong></span> <span class='ocrx_word' id='word_1_240' title='bbox 2124 3787 2154 3825; x_wconf 92' lang='lat' dir='ltr'><strong>a</strong></span> <span class='ocrx_word' id='word_1_241' title='bbox 2186 3770 2325 3842; x_wconf 82' lang='lat' dir='ltr'><strong>regi-</strong></span> 
     </span>
    </p>
   </div>
   <div class='ocr_carea' id='block_1_37' title="bbox 788 3861 2326 3939">
    <p class='ocr_par' dir='ltr' id='par_1_37' title="bbox 788 3861 2326 3939">
     <span class='ocr_line' id='line_1_37' title="bbox 788 3861 2326 3939; baseline -0.003 -18"><span class='ocrx_word' id='word_1_242' title='bbox 788 3869 890 3922; x_wconf 88' lang='lat' dir='ltr'><strong>bus</strong></span> <span class='ocrx_word' id='word_1_243' title='bbox 942 3869 1180 3939; x_wconf 87' lang='lat' dir='ltr'><strong>gentium</strong></span> <span class='ocrx_word' id='word_1_244' title='bbox 1235 3866 1479 3930; x_wconf 90' lang='lat' dir='ltr'><strong>illatum,</strong></span> <span class='ocrx_word' id='word_1_245' title='bbox 1555 3865 1667 3920; x_wconf 87' lang='lat' dir='ltr'><strong>sive</strong></span> <span class='ocrx_word' id='word_1_246' title='bbox 1719 3864 1785 3917; x_wconf 89' lang='lat' dir='ltr'><strong>ab</strong></span> <span class='ocrx_word' id='word_1_247' title='bbox 1855 3861 2326 3932; x_wconf 88' lang='lat' dir='ltr'><strong>inaspectabilibus</strong></span> 
     </span>
    </p>
   </div>
   <div class='ocr_carea' id='block_1_38' title="bbox 788 3955 2325 4024">
    <p class='ocr_par' dir='ltr' id='par_1_38' title="bbox 788 3955 2325 4024">
     <span class='ocr_line' id='line_1_38' title="bbox 788 3955 2325 4024; baseline -0.001 -15"><span class='ocrx_word' id='word_1_248' title='bbox 788 3956 1123 4010; x_wconf 66' lang='lat' dir='ltr'><strong>daemonibus</strong></span> <span class='ocrx_word' id='word_1_249' title='bbox 1168 3956 1259 4024; x_wconf 89' lang='lat' dir='ltr'><strong>qui</strong></span> <span class='ocrx_word' id='word_1_250' title='bbox 1312 3957 1436 4008; x_wconf 89' lang='lat' dir='ltr'><strong>olim</strong></span> <span class='ocrx_word' id='word_1_251' title='bbox 1480 3955 1795 4024; x_wconf 80' lang='lat' dir='ltr'><strong>regnabant,</strong></span> <span class='ocrx_word' id='word_1_252' title='bbox 1850 3969 2217 4023; x_wconf 85' lang='lat' dir='ltr'><strong>compressum</strong></span> <span class='ocrx_word' id='word_1_253' title='bbox 2274 3962 2325 4008; x_wconf 89' lang='lat' dir='ltr'><strong>et</strong></span> 
     </span>
    </p>
   </div>
   <div class='ocr_carea' id='block_1_39' title="bbox 788 4042 2326 4113">
    <p class='ocr_par' dir='ltr' id='par_1_39' title="bbox 788 4042 2326 4113">
     <span class='ocr_line' id='line_1_39' title="bbox 788 4042 2326 4113; baseline -0.004 -12"><span class='ocrx_word' id='word_1_254' title='bbox 788 4045 1057 4101; x_wconf 85' lang='lat' dir='ltr'><strong>sublatum</strong></span> <span class='ocrx_word' id='word_1_255' title='bbox 1094 4042 1215 4098; x_wconf 82' lang='lat' dir='ltr'><strong>fuit.</strong></span> <span class='ocrx_word' id='word_1_256' title='bbox 1253 4042 1363 4113; x_wconf 85' lang='lat' dir='ltr'><strong><em>Ipsi</em></strong></span> <span class='ocrx_word' id='word_1_257' title='bbox 1392 4042 1615 4097; x_wconf 86' lang='lat' dir='ltr'><strong><em>videntes</em></strong></span> <span class='ocrx_word' id='word_1_258' title='bbox 1642 4044 1716 4096; x_wconf 85' lang='lat' dir='ltr'><strong>sic</strong></span> <span class='ocrx_word' id='word_1_259' title='bbox 1746 4042 1993 4098; x_wconf 85' lang='lat' dir='ltr'><strong>admirati</strong></span> <span class='ocrx_word' id='word_1_260' title='bbox 2034 4052 2172 4097; x_wconf 89' lang='lat' dir='ltr'><strong><em>sunt.</em></strong></span> <span class='ocrx_word' id='word_1_261' title='bbox 2201 4042 2326 4096; x_wconf 88' lang='lat' dir='ltr'><strong>Stu-</strong></span> 
     </span>
    </p>
   </div>
   <div class='ocr_carea' id='block_1_40' title="bbox 788 4134 2326 4210">
    <p class='ocr_par' dir='ltr' id='par_1_40' title="bbox 788 4134 2326 4210">
     <span class='ocr_line' id='line_1_40' title="bbox 788 4134 2326 4210; baseline -0.003 -17"><span class='ocrx_word' id='word_1_262' title='bbox 788 4154 940 4210; x_wconf 86' lang='lat' dir='ltr'><strong>pore,</strong></span> <span class='ocrx_word' id='word_1_263' title='bbox 994 4138 1201 4208; x_wconf 89' lang='lat' dir='ltr'><strong>inquit,</strong></span> <span class='ocrx_word' id='word_1_264' title='bbox 1252 4136 1424 4191; x_wconf 65' lang='lat' dir='ltr'><strong>allecti</strong></span> <span class='ocrx_word' id='word_1_265' title='bbox 1479 4145 1532 4191; x_wconf 90' lang='lat' dir='ltr'><strong>et</strong></span> <span class='ocrx_word' id='word_1_266' title='bbox 1574 4136 1805 4206; x_wconf 89' lang='lat' dir='ltr'><strong>perculsi</strong></span> <span class='ocrx_word' id='word_1_267' title='bbox 1865 4144 2009 4198; x_wconf 91' lang='lat' dir='ltr'><strong>sunt,</strong></span> <span class='ocrx_word' id='word_1_268' title='bbox 2069 4134 2326 4188; x_wconf 82' lang='lat' dir='ltr'><strong>auxilium</strong></span> 
     </span>
    </p>
   </div>
   <div class='ocr_carea' id='block_1_41' title="bbox 791 4226 2327 4298">
    <p class='ocr_par' dir='ltr' id='par_1_41' title="bbox 791 4226 2327 4298">
     <span class='ocr_line' id='line_1_41' title="bbox 791 4226 2327 4298; baseline -0.003 -15"><span class='ocrx_word' id='word_1_269' title='bbox 791 4238 1067 4284; x_wconf 87' lang='lat' dir='ltr'><strong>cernentes</strong></span> <span class='ocrx_word' id='word_1_270' title='bbox 1131 4230 1331 4284; x_wconf 90' lang='lat' dir='ltr'><strong>sanctis</strong></span> <span class='ocrx_word' id='word_1_271' title='bbox 1383 4243 1413 4282; x_wconf 88' lang='lat' dir='ltr'><strong>a</strong></span> <span class='ocrx_word' id='word_1_272' title='bbox 1461 4228 1571 4283; x_wconf 91' lang='lat' dir='ltr'><strong>Deo</strong></span> <span class='ocrx_word' id='word_1_273' title='bbox 1635 4228 1948 4298; x_wconf 68' lang='lat' dir='ltr'><strong>praestitum.</strong></span> <span class='ocrx_word' id='word_1_274' title='bbox 2019 4226 2327 4281; x_wconf 87' lang='lat' dir='ltr'><strong>Conturbati</strong></span> 
     </span>
    </p>
   </div>
   <div class='ocr_carea' id='block_1_42' title="bbox 790 4317 2326 4390">
    <p class='ocr_par' dir='ltr' id='par_1_42' title="bbox 790 4317 2326 4390">
     <span class='ocr_line' id='line_1_42' title="bbox 790 4317 2326 4390; baseline -0.005 -12"><span class='ocrx_word' id='word_1_275' title='bbox 790 4334 931 4388; x_wconf 84' lang='lat' dir='ltr'><strong><em>sunt,</em></strong></span> <span class='ocrx_word' id='word_1_276' title='bbox 953 4324 1193 4377; x_wconf 88' lang='lat' dir='ltr'><strong>commoti</strong></span> <span class='ocrx_word' id='word_1_277' title='bbox 1226 4330 1367 4387; x_wconf 87' lang='lat' dir='ltr'><strong><em>sunt,</em></strong></span> <span class='ocrx_word' id='word_1_278' title='bbox 1399 4332 1591 4375; x_wconf 87' lang='lat' dir='ltr'><strong><em>tremor</em></strong></span> <span class='ocrx_word' id='word_1_279' title='bbox 1622 4320 1953 4390; x_wconf 85' lang='lat' dir='ltr'><strong>apprehendit</strong></span> <span class='ocrx_word' id='word_1_280' title='bbox 1978 4336 2083 4373; x_wconf 90' lang='lat' dir='ltr'><strong><em>eos.</em></strong></span> <span class='ocrx_word' id='word_1_281' title='bbox 2118 4317 2326 4372; x_wconf 89' lang='lat' dir='ltr'><strong>Etenim</strong></span> 
     </span>
    </p>
   </div>
   <div class='ocr_carea' id='block_1_43' title="bbox 791 4412 2323 4487">
    <p class='ocr_par' dir='ltr' id='par_1_43' title="bbox 791 4412 2323 4487">
     <span class='ocr_line' id='line_1_43' title="bbox 791 4412 2323 4487; baseline -0.004 -16"><span class='ocrx_word' id='word_1_282' title='bbox 791 4418 1098 4487; x_wconf 65' lang='lat' dir='ltr'><strong>prmstantia</strong></span> <span class='ocrx_word' id='word_1_283' title='bbox 1132 4418 1344 4471; x_wconf 88' lang='lat' dir='ltr'><strong>virtutis</strong></span> <span class='ocrx_word' id='word_1_284' title='bbox 1374 4417 1490 4486; x_wconf 86' lang='lat' dir='ltr'><strong>ejus</strong></span> <span class='ocrx_word' id='word_1_285' title='bbox 1523 4415 1616 4485; x_wconf 92' lang='lat' dir='ltr'><strong>qui</strong></span> <span class='ocrx_word' id='word_1_286' title='bbox 1653 4414 1877 4469; x_wconf 88' lang='lat' dir='ltr'><strong>salutem</strong></span> <span class='ocrx_word' id='word_1_287' title='bbox 1912 4414 2039 4482; x_wconf 90' lang='lat' dir='ltr'><strong>ipsis</strong></span> <span class='ocrx_word' id='word_1_288' title='bbox 2068 4412 2323 4484; x_wconf 86' lang='lat' dir='ltr'><strong>parabat,</strong></span> 
     </span>
    </p>
   </div>
   <div class='ocr_carea' id='block_1_44' title="bbox 791 4503 2046 4559">
    <p class='ocr_par' dir='ltr' id='par_1_44' title="bbox 791 4503 2046 4559">
     <span class='ocr_line' id='line_1_44' title="bbox 791 4503 2046 4559; baseline -0.004 0"><span class='ocrx_word' id='word_1_289' title='bbox 791 4505 846 4559; x_wconf 89' lang='lat' dir='ltr'><strong>in</strong></span> <span class='ocrx_word' id='word_1_290' title='bbox 874 4504 1278 4559; x_wconf 87' lang='lat' dir='ltr'><strong>admirationem</strong></span> <span class='ocrx_word' id='word_1_291' title='bbox 1303 4512 1357 4556; x_wconf 88' lang='lat' dir='ltr'><strong>et</strong></span> <span class='ocrx_word' id='word_1_292' title='bbox 1384 4512 1656 4558; x_wconf 72' lang='lat' dir='ltr'><strong>Muuorem</strong></span> <span class='ocrx_word' id='word_1_293' title='bbox 1682 4503 1905 4557; x_wconf 85' lang='lat' dir='ltr'><strong>coniecit</strong></span> <span class='ocrx_word' id='word_1_294' title='bbox 1932 4517 2046 4557; x_wconf 89' lang='lat' dir='ltr'><strong>eos.</strong></span> 
     </span>
    </p>
   </div>
   <div class='ocr_carea' id='block_1_45' title="bbox 862 4678 2325 4747">
    <p class='ocr_par' dir='ltr' id='par_1_45' title="bbox 862 4678 2325 4747">
     <span class='ocr_line' id='line_1_45' title="bbox 862 4678 2325 4747; baseline -0.001 -14"><span class='ocrx_word' id='word_1_295' title='bbox 862 4680 913 4733; x_wconf 88' lang='lat'><strong>8.</strong></span> <span class='ocrx_word' id='word_1_296' title='bbox 975 4679 1036 4732; x_wconf 80' lang='lat' dir='ltr'><strong><em>In</em></strong></span> <span class='ocrx_word' id='word_1_297' title='bbox 1079 4681 1265 4747; x_wconf 87' lang='lat' dir='ltr'><strong><em>spiritu</em></strong></span> <span class='ocrx_word' id='word_1_298' title='bbox 1313 4681 1589 4733; x_wconf 75' lang='lat' dir='ltr'><strong><em>vehementi</em></strong></span> <span class='ocrx_word' id='word_1_299' title='bbox 1621 4688 1847 4732; x_wconf 87' lang='lat' dir='ltr'><strong><em>conteres</em></strong></span> <span class='ocrx_word' id='word_1_300' title='bbox 1894 4694 2044 4731; x_wconf 79' lang='lat' dir='ltr'><strong><em>naves</em></strong></span> <span class='ocrx_word' id='word_1_301' title='bbox 2092 4678 2325 4731; x_wconf 84' lang='lat' dir='ltr'><strong><em>Tharsis.</em></strong></span> 
     </span>
    </p>
   </div>
   <div class='ocr_carea' id='block_1_46' title="bbox 793 4767 2331 4839">
    <p class='ocr_par' dir='ltr' id='par_1_46' title="bbox 793 4767 2331 4839">
     <span class='ocr_line' id='line_1_46' title="bbox 793 4767 2331 4839; baseline 0.001 -17"><span class='ocrx_word' id='word_1_302' title='bbox 793 4767 1028 4824; x_wconf 76' lang='lat' dir='ltr'><strong>Navibus</strong></span> <span class='ocrx_word' id='word_1_303' title='bbox 1063 4768 1306 4833; x_wconf 80' lang='lat' dir='ltr'><strong>Tliarsis,</strong></span> <span class='ocrx_word' id='word_1_304' title='bbox 1339 4778 1518 4839; x_wconf 89' lang='lat' dir='ltr'><strong>utpote</strong></span> <span class='ocrx_word' id='word_1_305' title='bbox 1549 4770 1795 4839; x_wconf 90' lang='lat' dir='ltr'><strong>pretiosis</strong></span> <span class='ocrx_word' id='word_1_306' title='bbox 1835 4769 2171 4838; x_wconf 89' lang='lat' dir='ltr'><strong>copiosisque</strong></span> <span class='ocrx_word' id='word_1_307' title='bbox 2197 4784 2331 4823; x_wconf 90' lang='lat' dir='ltr'><strong>mer-</strong></span> 
     </span>
    </p>
   </div>
   <div class='ocr_carea' id='block_1_47' title="bbox 792 4856 2327 4929">
    <p class='ocr_par' dir='ltr' id='par_1_47' title="bbox 792 4856 2327 4929">
     <span class='ocr_line' id='line_1_47' title="bbox 792 4856 2327 4929; baseline -0.004 -14"><span class='ocrx_word' id='word_1_308' title='bbox 792 4863 945 4915; x_wconf 89' lang='lat' dir='ltr'><strong>cibus</strong></span> <span class='ocrx_word' id='word_1_309' title='bbox 987 4862 1284 4927; x_wconf 86' lang='lat' dir='ltr'><strong>instructis,</strong></span> <span class='ocrx_word' id='word_1_310' title='bbox 1328 4876 1479 4929; x_wconf 87' lang='lat' dir='ltr'><strong>reges</strong></span> <span class='ocrx_word' id='word_1_311' title='bbox 1508 4866 1805 4929; x_wconf 88' lang='lat' dir='ltr'><strong>comparat.</strong></span> <span class='ocrx_word' id='word_1_312' title='bbox 1872 4857 2105 4928; x_wconf 81' lang='lat' dir='ltr'><strong>Spiritus</strong></span> <span class='ocrx_word' id='word_1_313' title='bbox 2149 4856 2327 4913; x_wconf 84' lang='lat' dir='ltr'><strong>autem</strong></span> 
     </span>
    </p>
   </div>
   <div class='ocr_carea' id='block_1_48' title="bbox 793 4949 2331 5019">
    <p class='ocr_par' dir='ltr' id='par_1_48' title="bbox 793 4949 2331 5019">
     <span class='ocr_line' id='line_1_48' title="bbox 793 4949 2331 5019; baseline 0 -17"><span class='ocrx_word' id='word_1_314' title='bbox 793 4954 1099 5015; x_wconf 85' lang='lat' dir='ltr'><strong>vehemens,</strong></span> <span class='ocrx_word' id='word_1_315' title='bbox 1138 4966 1245 5019; x_wconf 87' lang='lat' dir='ltr'><strong><em>quo</em></strong></span> <span class='ocrx_word' id='word_1_316' title='bbox 1276 4952 1525 5005; x_wconf 83' lang='lat' dir='ltr'><strong>contrivit</strong></span> <span class='ocrx_word' id='word_1_317' title='bbox 1551 4949 1690 5013; x_wconf 90' lang='lat' dir='ltr'><strong>illos,</strong></span> <span class='ocrx_word' id='word_1_318' title='bbox 1719 4950 1943 5004; x_wconf 86' lang='lat' dir='ltr'><strong>virtutes</strong></span> <span class='ocrx_word' id='word_1_319' title='bbox 1962 4950 2219 5017; x_wconf 87' lang='lat' dir='ltr'><strong>quasdam</strong></span> <span class='ocrx_word' id='word_1_320' title='bbox 2249 4949 2331 5002; x_wconf 93' lang='lat' dir='ltr'><strong>in-</strong></span> 
     </span>
    </p>
   </div>
   <div class='ocr_carea' id='block_1_49' title="bbox 792 5042 2326 5113">
    <p class='ocr_par' dir='ltr' id='par_1_49' title="bbox 792 5042 2326 5113">
     <span class='ocr_line' id='line_1_49' title="bbox 792 5042 2326 5113; baseline -0.004 -14"><span class='ocrx_word' id='word_1_321' title='bbox 792 5043 1000 5113; x_wconf 83' lang='lat' dir='ltr'><strong>telligas</strong></span> <span class='ocrx_word' id='word_1_322' title='bbox 1030 5043 1226 5112; x_wconf 90' lang='lat' dir='ltr'><strong>quibus</strong></span> <span class='ocrx_word' id='word_1_323' title='bbox 1256 5043 1513 5097; x_wconf 91' lang='lat' dir='ltr'><strong>adversus</strong></span> <span class='ocrx_word' id='word_1_324' title='bbox 1555 5042 1799 5095; x_wconf 89' lang='lat' dir='ltr'><strong>inimicos</strong></span> <span class='ocrx_word' id='word_1_325' title='bbox 1839 5042 2204 5109; x_wconf 89' lang='lat' dir='ltr'><strong>apostolorum</strong></span> <span class='ocrx_word' id='word_1_326' title='bbox 2240 5042 2326 5094; x_wconf 88' lang='lat' dir='ltr'><strong>di-</strong></span> 
     </span>
    </p>
   </div>
   <div class='ocr_carea' id='block_1_50' title="bbox 793 5133 1029 5189">
    <p class='ocr_par' dir='ltr' id='par_1_50' title="bbox 793 5133 1029 5189">
     <span class='ocr_line' id='line_1_50' title="bbox 793 5133 1029 5189; baseline -0.008 0"><span class='ocrx_word' id='word_1_327' title='bbox 793 5133 1029 5189; x_wconf 84' lang='lat' dir='ltr'><strong>tuicavit.</strong></span> 
     </span>
    </p>
   </div>
   <div class='ocr_carea' id='block_1_51' title="bbox 860 5224 2328 5290">
    <p class='ocr_par' dir='ltr' id='par_1_51' title="bbox 860 5224 2328 5290">
     <span class='ocr_line' id='line_1_51' title="bbox 860 5224 2328 5290; baseline -0.003 -10"><span class='ocrx_word' id='word_1_328' title='bbox 860 5225 913 5280; x_wconf 90' lang='lat'><strong>9.</strong></span> <span class='ocrx_word' id='word_1_329' title='bbox 965 5226 1113 5280; x_wconf 82' lang='lat' dir='ltr'><strong>Sicut</strong></span> <span class='ocrx_word' id='word_1_330' title='bbox 1143 5225 1455 5288; x_wconf 80' lang='lat' dir='ltr'><strong>audivimus,</strong></span> <span class='ocrx_word' id='word_1_331' title='bbox 1504 5227 1581 5277; x_wconf 88' lang='lat' dir='ltr'><strong>ita</strong></span> <span class='ocrx_word' id='word_1_332' title='bbox 1637 5235 1685 5278; x_wconf 89' lang='lat' dir='ltr'><strong>et</strong></span> <span class='ocrx_word' id='word_1_333' title='bbox 1743 5225 1983 5279; x_wconf 81' lang='lat' dir='ltr'><strong>uidimus.</strong></span> <span class='ocrx_word' id='word_1_334' title='bbox 2018 5224 2211 5290; x_wconf 85' lang='lat' dir='ltr'><strong>Quam,</strong></span> <span class='ocrx_word' id='word_1_335' title='bbox 2248 5224 2328 5277; x_wconf 86' lang='lat' dir='ltr'><strong>in-</strong></span> 
     </span>
    </p>
   </div>
   <div class='ocr_carea' id='block_1_52' title="bbox 792 5316 2319 5387">
    <p class='ocr_par' dir='ltr' id='par_1_52' title="bbox 792 5316 2319 5387">
     <span class='ocr_line' id='line_1_52' title="bbox 792 5316 2319 5387; baseline -0.003 -16"><span class='ocrx_word' id='word_1_336' title='bbox 792 5319 928 5386; x_wconf 86' lang='lat' dir='ltr'><strong>quit,</strong></span> <span class='ocrx_word' id='word_1_337' title='bbox 972 5318 1263 5387; x_wconf 87' lang='lat' dir='ltr'><strong>promisisti</strong></span> <span class='ocrx_word' id='word_1_338' title='bbox 1294 5318 1472 5378; x_wconf 89' lang='lat' dir='ltr'><strong>nobis,</strong></span> <span class='ocrx_word' id='word_1_339' title='bbox 1506 5316 1750 5382; x_wconf 90' lang='lat' dir='ltr'><strong>Domine,</strong></span> <span class='ocrx_word' id='word_1_340' title='bbox 1782 5316 2025 5376; x_wconf 86' lang='lat' dir='ltr'><strong>salutem,</strong></span> <span class='ocrx_word' id='word_1_341' title='bbox 2073 5329 2191 5369; x_wconf 88' lang='lat' dir='ltr'><strong>eam</strong></span> <span class='ocrx_word' id='word_1_342' title='bbox 2236 5328 2319 5383; x_wconf 57' lang='lat' dir='ltr'><strong>per</strong></span> 
     </span>
    </p>
   </div>
   <div class='ocr_carea' id='block_1_53' title="bbox 797 5406 2301 5476">
    <p class='ocr_par' dir='ltr' id='par_1_53' title="bbox 797 5406 2301 5476">
     <span class='ocr_line' id='line_1_53' title="bbox 797 5406 2301 5476; baseline -0.003 -15"><span class='ocrx_word' id='word_1_343' title='bbox 797 5422 953 5476; x_wconf 77' lang='lat' dir='ltr'><strong>Opera</strong></span> <span class='ocrx_word' id='word_1_344' title='bbox 996 5409 1245 5462; x_wconf 85' lang='lat' dir='ltr'><strong>vidimus.</strong></span> <span class='ocrx_word' id='word_1_345' title='bbox 1282 5407 1345 5461; x_wconf 86' lang='lat' dir='ltr'><strong>In</strong></span> <span class='ocrx_word' id='word_1_346' title='bbox 1377 5408 1583 5462; x_wconf 82' lang='lat' dir='ltr'><strong>civitate</strong></span> <span class='ocrx_word' id='word_1_347' title='bbox 1618 5406 1828 5459; x_wconf 86' lang='lat' dir='ltr'><strong>Domini</strong></span> <span class='ocrx_word' id='word_1_348' title='bbox 1873 5409 2139 5469; x_wconf 80' lang='lat' dir='ltr'><strong><em>uirtutum,</em></strong></span> <span class='ocrx_word' id='word_1_349' title='bbox 2173 5407 2227 5457; x_wconf 92' lang='lat' dir='ltr'><strong><em>in</em></strong></span> <span class='ocrx_word' id='word_1_350' title='bbox 2256 5406 2301 5457; x_wconf 84' lang='lat' dir='ltr'><strong>ri</strong></span> 
     </span>
    </p>
   </div>
   <div class='ocr_carea' id='block_1_54' title="bbox 795 5498 2326 5569">
    <p class='ocr_par' dir='ltr' id='par_1_54' title="bbox 795 5498 2326 5569">
     <span class='ocr_line' id='line_1_54' title="bbox 795 5498 2326 5569; baseline -0.001 -18"><span class='ocrx_word' id='word_1_351' title='bbox 795 5502 955 5553; x_wconf 69' lang='lat' dir='ltr'><strong>vitate</strong></span> <span class='ocrx_word' id='word_1_352' title='bbox 982 5498 1077 5552; x_wconf 86' lang='lat' dir='ltr'><strong>Dei</strong></span> <span class='ocrx_word' id='word_1_353' title='bbox 1104 5500 1285 5553; x_wconf 77' lang='lat' dir='ltr'><strong><em>nostri.</em></strong></span> <span class='ocrx_word' id='word_1_354' title='bbox 1323 5498 1596 5569; x_wconf 80' lang='lat' dir='ltr'><strong>Signiﬁcat</strong></span> <span class='ocrx_word' id='word_1_355' title='bbox 1626 5514 1733 5568; x_wconf 92' lang='lat' dir='ltr'><strong>quo</strong></span> <span class='ocrx_word' id='word_1_356' title='bbox 1770 5500 1889 5553; x_wconf 92' lang='lat' dir='ltr'><strong>loco</strong></span> <span class='ocrx_word' id='word_1_357' title='bbox 1919 5498 2326 5568; x_wconf 87' lang='lat' dir='ltr'><strong>promissionem</strong></span> 
     </span>
    </p>
   </div>
   <div class='ocr_carea' id='block_1_55' title="bbox 794 5587 2324 5659">
    <p class='ocr_par' dir='ltr' id='par_1_55' title="bbox 794 5587 2324 5659">
     <span class='ocr_line' id='line_1_55' title="bbox 794 5587 2324 5659; baseline 0 -16"><span class='ocrx_word' id='word_1_358' title='bbox 794 5590 1063 5659; x_wconf 74' lang='lat' dir='ltr'><strong>inpletam</strong></span> <span class='ocrx_word' id='word_1_359' title='bbox 1092 5590 1335 5645; x_wconf 83' lang='lat' dir='ltr'><strong>viderint.</strong></span> <span class='ocrx_word' id='word_1_360' title='bbox 1365 5589 1590 5645; x_wconf 90' lang='lat' dir='ltr'><strong>Ubinam</strong></span> <span class='ocrx_word' id='word_1_361' title='bbox 1627 5598 1823 5655; x_wconf 91' lang='lat' dir='ltr'><strong>autem,</strong></span> <span class='ocrx_word' id='word_1_362' title='bbox 1856 5589 1956 5644; x_wconf 89' lang='lat' dir='ltr'><strong>nisi</strong></span> <span class='ocrx_word' id='word_1_363' title='bbox 1987 5591 2038 5644; x_wconf 92' lang='lat' dir='ltr'><strong>in</strong></span> <span class='ocrx_word' id='word_1_364' title='bbox 2072 5587 2324 5653; x_wconf 82' lang='lat' dir='ltr'><strong>Ecclesia,</strong></span> 
     </span>
    </p>
   </div>
   <div class='ocr_carea' id='block_1_56' title="bbox 866 5744 1914 5812">
    <p class='ocr_par' dir='ltr' id='par_1_56' title="bbox 866 5744 1914 5812">
     <span class='ocr_line' id='line_1_56' title="bbox 866 5744 1914 5812; baseline -0.002 -14"><span class='ocrx_word' id='word_1_365' title='bbox 866 5745 909 5775; x_wconf 75' lang='lat'>&quot;</span> <span class='ocrx_word' id='word_1_366' title='bbox 934 5744 1071 5800; x_wconf 77' lang='lat' dir='ltr'><strong>Psal.</strong></span> <span class='ocrx_word' id='word_1_367' title='bbox 1105 5763 1218 5810; x_wconf 80' lang='lat' dir='ltr'><strong>xm,</strong></span> <span class='ocrx_word' id='word_1_368' title='bbox 1263 5747 1310 5799; x_wconf 82' lang='lat'><strong>7.</strong></span> <span class='ocrx_word' id='word_1_369' title='bbox 1387 5750 1429 5780; x_wconf 87' lang='grc'><strong><em>³⁸</em></strong></span> <span class='ocrx_word' id='word_1_370' title='bbox 1465 5746 1602 5801; x_wconf 85' lang='lat' dir='ltr'><strong>Psal.</strong></span> <span class='ocrx_word' id='word_1_371' title='bbox 1626 5762 1837 5812; x_wconf 78' lang='lat' dir='ltr'><strong>umv,</strong></span> <span class='ocrx_word' id='word_1_372' title='bbox 1864 5745 1914 5797; x_wconf 65' lang='grc' dir='ltr'><strong>ἓ.</strong></span> 
     </span>
    </p>
   </div>
   <div class='ocr_carea' id='block_1_57' title="bbox 1592 352 3115 415">
    <p class='ocr_par' dir='ltr' id='par_1_57' title="bbox 1592 352 3115 415">
     <span class='ocr_line' id='line_1_57' title="bbox 1592 352 3115 415; baseline -0.006 -1"><span class='ocrx_word' id='word_1_373' title='bbox 1592 362 1645 415; x_wconf 88' lang='lat' dir='ltr'><strong>S.</strong></span> <span class='ocrx_word' id='word_1_374' title='bbox 1688 357 2048 413; x_wconf 79' lang='lat' dir='ltr'><strong>ATHANASII</strong></span> <span class='ocrx_word' id='word_1_375' title='bbox 2088 355 2233 410; x_wconf 83' lang='lat' dir='ltr'><strong>OPP.</strong></span> <span class='ocrx_word' id='word_1_376' title='bbox 2272 353 2447 407; x_wconf 78' lang='lat' dir='ltr'><strong>PARS</strong></span> <span class='ocrx_word' id='word_1_377' title='bbox 2486 352 2569 409; x_wconf 83' lang='lat' dir='ltr'><strong>Ill.</strong></span> <span class='ocrx_word' id='word_1_378' title='bbox 2610 385 2677 394; x_wconf 93' lang='lat'><strong>—</strong></span> <span class='ocrx_word' id='word_1_379' title='bbox 2717 352 3115 409; x_wconf 68' lang='lat' dir='ltr'><strong>EXEGETICA.</strong></span> 
     </span>
    </p>
   </div>
   <div class='ocr_carea' id='block_1_58' title="bbox 2326 481 2373 532">
    <p class='ocr_par' dir='ltr' id='par_1_58' title="bbox 2326 481 2373 532">
     <span class='ocr_line' id='line_1_58' title="bbox 2326 481 2373 532; baseline 0 0"><span class='ocrx_word' id='word_1_380' title='bbox 2326 481 2373 532; x_wconf 75' lang='grc' dir='ltr'><strong>Δ</strong></span> 
     </span>
    </p>
   </div>
   <div class='ocr_carea' id='block_1_59' title="bbox 3836 351 3925 406">
    <p class='ocr_par' dir='ltr' id='par_1_59' title="bbox 3836 351 3925 406">
     <span class='ocr_line' id='line_1_59' title="bbox 3836 351 3925 406; baseline 0 0"><span class='ocrx_word' id='word_1_381' title='bbox 3836 351 3925 406; x_wconf 69' lang='grc' dir='ltr'><strong>εεο</strong></span> 
     </span>
    </p>
   </div>
   <div class='ocr_carea' id='block_1_60' title="bbox 2542 467 3813 541">
    <p class='ocr_par' dir='ltr' id='par_1_60' title="bbox 2542 467 3813 541">
     <span class='ocr_line' id='line_1_60' title="bbox 2542 467 3813 541; baseline -0.002 -13"><span class='ocrx_word' id='word_1_382' title='bbox 2542 476 2842 528; x_wconf 81' lang='grc' dir='ltr'><strong>ΨΑΛΜΟΣ</strong></span> <span class='ocrx_word' id='word_1_383' title='bbox 2881 472 3038 541; x_wconf 81' lang='grc' dir='ltr'>ᾠδῆς</span> <span class='ocrx_word' id='word_1_384' title='bbox 3066 470 3189 537; x_wconf 78' lang='grc' dir='ltr'>τοῖς</span> <span class='ocrx_word' id='word_1_385' title='bbox 3219 470 3369 536; x_wconf 74' lang='grc' dir='ltr'>υἱοῖς</span> <span class='ocrx_word' id='word_1_386' title='bbox 3403 470 3549 540; x_wconf 83' lang='grc' dir='ltr'><strong>Κορὲ</strong></span> <span class='ocrx_word' id='word_1_387' title='bbox 3566 467 3813 536; x_wconf 80' lang='grc' dir='ltr'>δευτέρα</span> 
     </span>
    </p>
   </div>
   <div class='ocr_carea' id='block_1_61' title="bbox 2931 560 3406 616">
    <p class='ocr_par' dir='ltr' id='par_1_61' title="bbox 2931 560 3406 616">
     <span class='ocr_line' id='line_1_61' title="bbox 2931 560 3406 616; baseline -0.006 0"><span class='ocrx_word' id='word_1_388' title='bbox 2931 560 3245 616; x_wconf 79' lang='grc' dir='ltr'>Σαϐϐάτου.</span> <span class='ocrx_word' id='word_1_389' title='bbox 3272 564 3406 615; x_wconf 85' lang='lat' dir='ltr'><strong>MZ&#39;.</strong></span> 
     </span>
    </p>
   </div>
   <div class='ocr_carea' id='block_1_62' title="bbox 3001 653 3329 717">
    <p class='ocr_par' dir='ltr' id='par_1_62' title="bbox 3001 653 3329 717">
     <span class='ocr_line' id='line_1_62' title="bbox 3001 653 3329 717; baseline 0 -13"><span class='ocrx_word' id='word_1_390' title='bbox 3001 653 3014 671; x_wconf 89' lang='grc'><em>’</em></span> <span class='ocrx_word' id='word_1_391' title='bbox 3029 653 3069 704; x_wconf 87' lang='grc' dir='ltr'><em>Υ</em></span> <span class='ocrx_word' id='word_1_392' title='bbox 3069 653 3329 717; x_wconf 80' lang='grc' dir='ltr'>πόθεσις.</span> 
     </span>
    </p>
   </div>
   <div class='ocr_carea' id='block_1_63' title="bbox 2406 739 3930 814">
    <p class='ocr_par' dir='ltr' id='par_1_63' title="bbox 2406 739 3930 814">
     <span class='ocr_line' id='line_1_63' title="bbox 2406 739 3930 814; baseline -0.001 -18"><span class='ocrx_word' id='word_1_393' title='bbox 2406 745 2510 797; x_wconf 78' lang='grc' dir='ltr'><strong>Καὶ</strong></span> <span class='ocrx_word' id='word_1_394' title='bbox 2534 740 2682 805; x_wconf 67' lang='grc' dir='ltr'>οὗτος</span> <span class='ocrx_word' id='word_1_395' title='bbox 2711 744 2889 814; x_wconf 77' lang='grc' dir='ltr'>ᾄδεται</span> <span class='ocrx_word' id='word_1_396' title='bbox 2920 742 3173 812; x_wconf 76' lang='grc' dir='ltr'>ὀψαλμὸς</span> <span class='ocrx_word' id='word_1_397' title='bbox 3206 742 3314 795; x_wconf 86' lang='grc' dir='ltr'>ἀπὸ</span> <span class='ocrx_word' id='word_1_398' title='bbox 3344 739 3630 812; x_wconf 79' lang='grc' dir='ltr'><strong>προσώπου</strong></span> <span class='ocrx_word' id='word_1_399' title='bbox 3656 742 3763 793; x_wconf 79' lang='grc' dir='ltr'>τῶν</span> <span class='ocrx_word' id='word_1_400' title='bbox 3783 743 3930 809; x_wconf 80' lang='grc' dir='ltr'>ἁγιων</span> 
     </span>
    </p>
   </div>
   <div class='ocr_carea' id='block_1_64' title="bbox 2474 833 3931 904">
    <p class='ocr_par' dir='ltr' id='par_1_64' title="bbox 2474 833 3931 904">
     <span class='ocr_line' id='line_1_64' title="bbox 2474 833 3931 904; baseline -0.001 -17"><span class='ocrx_word' id='word_1_401' title='bbox 2474 835 2813 900; x_wconf 78' lang='grc' dir='ltr'><strong>ἀποστόλων,</strong></span> <span class='ocrx_word' id='word_1_402' title='bbox 2865 834 3230 904; x_wconf 82' lang='grc' dir='ltr'><strong>διηγουμένων</strong></span> <span class='ocrx_word' id='word_1_403' title='bbox 3283 834 3406 895; x_wconf 82' lang='grc' dir='ltr'>τοὺς</span> <span class='ocrx_word' id='word_1_404' title='bbox 3458 833 3545 888; x_wconf 73' lang='grc' dir='ltr'><strong>διὰ</strong></span> <span class='ocrx_word' id='word_1_405' title='bbox 3591 834 3654 886; x_wconf 85' lang='grc' dir='ltr'>τὸ</span> <span class='ocrx_word' id='word_1_406' title='bbox 3696 834 3931 903; x_wconf 63' lang='grc' dir='ltr'>κήρυγμα</span> 
     </span>
    </p>
   </div>
   <div class='ocr_carea' id='block_1_65' title="bbox 2471 923 3931 996">
    <p class='ocr_par' dir='ltr' id='par_1_65' title="bbox 2471 923 3931 996">
     <span class='ocr_line' id='line_1_65' title="bbox 2471 923 3931 996; baseline -0.003 -17"><span class='ocrx_word' id='word_1_407' title='bbox 2471 927 2757 996; x_wconf 76' lang='grc' dir='ltr'><strong>διωγμοὺς,</strong></span> <span class='ocrx_word' id='word_1_408' title='bbox 2776 927 2868 978; x_wconf 75' lang='grc' dir='ltr'>καὶ</span> <span class='ocrx_word' id='word_1_409' title='bbox 2885 925 2979 988; x_wconf 89' lang='grc' dir='ltr'><strong>τάς</strong></span> <span class='ocrx_word' id='word_1_410' title='bbox 3006 926 3158 989; x_wconf 87' lang='grc' dir='ltr'>νίκας</span> <span class='ocrx_word' id='word_1_411' title='bbox 3182 924 3278 988; x_wconf 74' lang='grc' dir='ltr'><strong>τὰς</strong></span> <span class='ocrx_word' id='word_1_412' title='bbox 3300 924 3390 977; x_wconf 78' lang='grc' dir='ltr'><strong>ἐπὶ</strong></span> <span class='ocrx_word' id='word_1_413' title='bbox 3415 923 3617 976; x_wconf 83' lang='grc' dir='ltr'>τούτων</span> <span class='ocrx_word' id='word_1_414' title='bbox 3643 924 3931 992; x_wconf 80' lang='grc' dir='ltr'>γινομένας.</span> 
     </span>
    </p>
   </div>
   <div class='ocr_carea' id='block_1_66' title="bbox 2478 1014 3935 1084">
    <p class='ocr_par' dir='ltr' id='par_1_66' title="bbox 2478 1014 3935 1084">
     <span class='ocr_line' id='line_1_66' title="bbox 2478 1014 3935 1084; baseline -0.002 -14"><span class='ocrx_word' id='word_1_415' title='bbox 2478 1017 2667 1080; x_wconf 57' lang='grc' dir='ltr'>Μέγας</span> <span class='ocrx_word' id='word_1_416' title='bbox 2694 1017 2903 1084; x_wconf 84' lang='grc' dir='ltr'>Κύριος</span> <span class='ocrx_word' id='word_1_417' title='bbox 2924 1015 3019 1068; x_wconf 84' lang='grc' dir='ltr'>καί</span> <span class='ocrx_word' id='word_1_418' title='bbox 3041 1015 3271 1079; x_wconf 80' lang='grc' dir='ltr'>αίνετὸς</span> <span class='ocrx_word' id='word_1_419' title='bbox 3290 1014 3519 1084; x_wconf 66' lang='grc' dir='ltr'>σφόδρα</span> <span class='ocrx_word' id='word_1_420' title='bbox 3547 1014 3617 1067; x_wconf 74' lang='grc' dir='ltr'><strong>ἐν·</strong></span> <span class='ocrx_word' id='word_1_421' title='bbox 3644 1014 3811 1066; x_wconf 74' lang='grc' dir='ltr'>πόλει</span> <span class='ocrx_word' id='word_1_422' title='bbox 3842 1014 3935 1067; x_wconf 83' lang='grc' dir='ltr'><strong>τοῦ</strong></span> 
     </span>
    </p>
   </div>
   <div class='ocr_carea' id='block_1_67' title="bbox 2410 1103 3936 1176">
    <p class='ocr_par' dir='ltr' id='par_1_67' title="bbox 2410 1103 3936 1176">
     <span class='ocr_line' id='line_1_67' title="bbox 2410 1103 3936 1176; baseline -0.003 -16"><span class='ocrx_word' id='word_1_423' title='bbox 2410 1108 2555 1161; x_wconf 83' lang='grc' dir='ltr'><strong>Θεοῦ</strong></span> <span class='ocrx_word' id='word_1_424' title='bbox 2591 1106 2776 1176; x_wconf 74' lang='grc' dir='ltr'>ἡμῶν,</span> <span class='ocrx_word' id='word_1_425' title='bbox 2808 1109 2877 1160; x_wconf 80' lang='grc' dir='ltr'><strong>ἐν</strong></span> <span class='ocrx_word' id='word_1_426' title='bbox 2907 1106 3027 1175; x_wconf 80' lang='grc' dir='ltr'>ὄρει</span> <span class='ocrx_word' id='word_1_427' title='bbox 3070 1107 3212 1173; x_wconf 78' lang='grc' dir='ltr'>ἁγίῳ</span> <span class='ocrx_word' id='word_1_428' title='bbox 3238 1105 3441 1159; x_wconf 82' lang='grc' dir='ltr'>αὐτοῦ.</span> <span class='ocrx_word' id='word_1_429' title='bbox 3474 1106 3585 1158; x_wconf 84' lang='grc' dir='ltr'><strong>Οὐκ</strong></span> <span class='ocrx_word' id='word_1_430' title='bbox 3614 1103 3713 1167; x_wconf 72' lang='grc' dir='ltr'>ἔτι,</span> <span class='ocrx_word' id='word_1_431' title='bbox 3766 1105 3936 1174; x_wconf 75' lang='grc' dir='ltr'>φησὶν,</span> 
     </span>
    </p>
   </div>
   <div class='ocr_carea' id='block_1_68' title="bbox 2409 1194 3940 1269">
    <p class='ocr_par' dir='ltr' id='par_1_68' title="bbox 2409 1194 3940 1269">
     <span class='ocr_line' id='line_1_68' title="bbox 2409 1194 3940 1269; baseline -0.003 -18"><span class='ocrx_word' id='word_1_432' title='bbox 2409 1201 2500 1252; x_wconf 74' lang='grc' dir='ltr'><strong>ἐπὶ</strong></span> <span class='ocrx_word' id='word_1_433' title='bbox 2525 1200 2622 1268; x_wconf 77' lang='grc' dir='ltr'>τὴν</span> <span class='ocrx_word' id='word_1_434' title='bbox 2671 1198 2924 1253; x_wconf 76' lang='grc' dir='ltr'><strong>Ἰουδαίαν</strong></span> <span class='ocrx_word' id='word_1_435' title='bbox 2958 1199 3145 1269; x_wconf 87' lang='grc' dir='ltr'>μόνην,</span> <span class='ocrx_word' id='word_1_436' title='bbox 3197 1197 3329 1250; x_wconf 87' lang='grc' dir='ltr'><strong>ἀλλά</strong></span> <span class='ocrx_word' id='word_1_437' title='bbox 3364 1202 3454 1249; x_wconf 72' lang='grc' dir='ltr'><strong>καὶ</strong></span> <span class='ocrx_word' id='word_1_438' title='bbox 3491 1196 3581 1249; x_wconf 70' lang='grc' dir='ltr'><strong>ἐπὶ</strong></span> <span class='ocrx_word' id='word_1_439' title='bbox 3623 1194 3683 1247; x_wconf 82' lang='grc' dir='ltr'>τὸ</span> <span class='ocrx_word' id='word_1_440' title='bbox 3726 1195 3845 1265; x_wconf 76' lang='grc' dir='ltr'>ὅρος</span> <span class='ocrx_word' id='word_1_441' title='bbox 3888 1196 3940 1247; x_wconf 76' lang='grc' dir='ltr'>τὸ</span> 
     </span>
    </p>
   </div>
   <div class='ocr_carea' id='block_1_69' title="bbox 2409 1285 3939 1361">
    <p class='ocr_par' dir='ltr' id='par_1_69' title="bbox 2409 1285 3939 1361">
     <span class='ocr_line' id='line_1_69' title="bbox 2409 1285 3939 1361; baseline -0.004 -19"><span class='ocrx_word' id='word_1_442' title='bbox 2409 1287 2751 1361; x_wconf 79' lang='grc' dir='ltr'><strong>ἡγιασμένον.</strong></span> <span class='ocrx_word' id='word_1_443' title='bbox 2792 1290 2953 1359; x_wconf 87' lang='grc' dir='ltr'>Ὄρος</span> <span class='ocrx_word' id='word_1_444' title='bbox 2981 1288 3039 1340; x_wconf 86' lang='grc' dir='ltr'>δὲ</span> <span class='ocrx_word' id='word_1_445' title='bbox 3066 1286 3297 1341; x_wconf 75' lang='grc' dir='ltr'>ἐνταῦθα</span> <span class='ocrx_word' id='word_1_446' title='bbox 3317 1286 3413 1357; x_wconf 81' lang='grc' dir='ltr'>τὴν</span> <span class='ocrx_word' id='word_1_447' title='bbox 3449 1285 3769 1355; x_wconf 78' lang='grc' dir='ltr'><strong>Ἐκκλησίαν</strong></span> <span class='ocrx_word' id='word_1_448' title='bbox 3795 1285 3939 1354; x_wconf 67' lang='grc' dir='ltr'>φησι,</span> 
     </span>
    </p>
   </div>
   <div class='ocr_carea' id='block_1_70' title="bbox 2409 1377 3587 1450">
    <p class='ocr_par' dir='ltr' id='par_1_70' title="bbox 2409 1377 3587 1450">
     <span class='ocr_line' id='line_1_70' title="bbox 2409 1377 3587 1450; baseline -0.002 -17"><span class='ocrx_word' id='word_1_449' title='bbox 2409 1381 2498 1434; x_wconf 84' lang='grc' dir='ltr'>διὰ</span> <span class='ocrx_word' id='word_1_450' title='bbox 2521 1380 2582 1433; x_wconf 74' lang='grc' dir='ltr'><strong>τὸ</strong></span> <span class='ocrx_word' id='word_1_451' title='bbox 2618 1380 2814 1450; x_wconf 76' lang='grc' dir='ltr'>ὑψηλὸν</span> <span class='ocrx_word' id='word_1_452' title='bbox 2844 1379 2951 1432; x_wconf 86' lang='grc' dir='ltr'>τῶν</span> <span class='ocrx_word' id='word_1_453' title='bbox 2979 1380 3105 1447; x_wconf 76' lang='grc' dir='ltr'>περὶ</span> <span class='ocrx_word' id='word_1_454' title='bbox 3129 1377 3263 1431; x_wconf 88' lang='grc' dir='ltr'>Θεοῦ</span> <span class='ocrx_word' id='word_1_455' title='bbox 3290 1377 3587 1447; x_wconf 81' lang='grc' dir='ltr'><strong>δογμάτων.</strong></span> 
     </span>
    </p>
   </div>
   <div class='ocr_carea' id='block_1_71' title="bbox 2477 1465 3940 1540">
    <p class='ocr_par' dir='ltr' id='par_1_71' title="bbox 2477 1465 3940 1540">
     <span class='ocr_line' id='line_1_71' title="bbox 2477 1465 3940 1540; baseline -0.004 -16"><span class='ocrx_word' id='word_1_456' title='bbox 2477 1470 2729 1540; x_wconf 75' lang='grc' dir='ltr'>Εὑρίζων</span> <span class='ocrx_word' id='word_1_457' title='bbox 2744 1469 3132 1540; x_wconf 70' lang='grc' dir='ltr'>ἁγαλλιάματι</span> <span class='ocrx_word' id='word_1_458' title='bbox 3154 1469 3353 1535; x_wconf 83' lang='grc' dir='ltr'>πάσης</span> <span class='ocrx_word' id='word_1_459' title='bbox 3373 1467 3481 1536; x_wconf 81' lang='grc' dir='ltr'>τῆς</span> <span class='ocrx_word' id='word_1_460' title='bbox 3501 1465 3630 1537; x_wconf 80' lang='grc' dir='ltr'>τῆς.</span> <span class='ocrx_word' id='word_1_461' title='bbox 3673 1465 3940 1530; x_wconf 81' lang='grc' dir='ltr'>Ἐξέτεινε,</span> 
     </span>
    </p>
   </div>
   <div class='ocr_carea' id='block_1_72' title="bbox 2414 1558 3943 1635">
    <p class='ocr_par' dir='ltr' id='par_1_72' title="bbox 2414 1558 3943 1635">
     <span class='ocr_line' id='line_1_72' title="bbox 2414 1558 3943 1635; baseline -0.006 -18"><span class='ocrx_word' id='word_1_462' title='bbox 2414 1564 2563 1635; x_wconf 68' lang='grc' dir='ltr'>φησὶ,</span> <span class='ocrx_word' id='word_1_463' title='bbox 2594 1564 2654 1615; x_wconf 79' lang='grc' dir='ltr'>τὸ</span> <span class='ocrx_word' id='word_1_464' title='bbox 2684 1561 2988 1631; x_wconf 85' lang='grc' dir='ltr'>άγαλλίαμα</span> <span class='ocrx_word' id='word_1_465' title='bbox 3016 1561 3108 1613; x_wconf 71' lang='grc' dir='ltr'><strong>ἐπὶ</strong></span> <span class='ocrx_word' id='word_1_466' title='bbox 3137 1559 3312 1629; x_wconf 84' lang='grc' dir='ltr'>πάσης</span> <span class='ocrx_word' id='word_1_467' title='bbox 3334 1559 3431 1628; x_wconf 75' lang='grc' dir='ltr'>τῆς</span> <span class='ocrx_word' id='word_1_468' title='bbox 3463 1559 3562 1628; x_wconf 81' lang='grc' dir='ltr'>γῆς</span> <span class='ocrx_word' id='word_1_469' title='bbox 3583 1574 3597 1587; x_wconf 88' lang='grc'><strong>·</strong></span> <span class='ocrx_word' id='word_1_470' title='bbox 3646 1559 3725 1621; x_wconf 88' lang='grc' dir='ltr'><strong>είς</strong></span> <span class='ocrx_word' id='word_1_471' title='bbox 3777 1558 3943 1609; x_wconf 80' lang='grc' dir='ltr'>πᾶσαν</span> 
     </span>
    </p>
   </div>
   <div class='ocr_carea' id='block_1_73' title="bbox 2414 1648 3940 1726">
    <p class='ocr_par' dir='ltr' id='par_1_73' title="bbox 2414 1648 3940 1726">
     <span class='ocr_line' id='line_1_73' title="bbox 2414 1648 3940 1726; baseline -0.006 -18"><span class='ocrx_word' id='word_1_472' title='bbox 2414 1657 2522 1726; x_wconf 84' lang='grc' dir='ltr'><strong>γάρ</strong></span> <span class='ocrx_word' id='word_1_473' title='bbox 2553 1654 2647 1724; x_wconf 75' lang='grc' dir='ltr'>τὴν</span> <span class='ocrx_word' id='word_1_474' title='bbox 2674 1654 2777 1723; x_wconf 81' lang='grc' dir='ltr'>γῆν</span> <span class='ocrx_word' id='word_1_475' title='bbox 2801 1653 2860 1706; x_wconf 79' lang='grc' dir='ltr'>τὸ</span> <span class='ocrx_word' id='word_1_476' title='bbox 2885 1651 3187 1722; x_wconf 88' lang='grc' dir='ltr'>ἀγαλλίαμα</span> <span class='ocrx_word' id='word_1_477' title='bbox 3210 1651 3307 1721; x_wconf 80' lang='grc' dir='ltr'>τῆς</span> <span class='ocrx_word' id='word_1_478' title='bbox 3330 1649 3490 1703; x_wconf 86' lang='grc' dir='ltr'>αὑτοῦ</span> <span class='ocrx_word' id='word_1_479' title='bbox 3513 1648 3825 1717; x_wconf 69' lang='grc' dir='ltr'>θεοφανείας</span> <span class='ocrx_word' id='word_1_480' title='bbox 3860 1666 3940 1701; x_wconf 81' lang='grc' dir='ltr'>και</span> 
     </span>
    </p>
   </div>
   <div class='ocr_carea' id='block_1_74' title="bbox 2415 1738 3941 1816">
    <p class='ocr_par' dir='ltr' id='par_1_74' title="bbox 2415 1738 3941 1816">
     <span class='ocr_line' id='line_1_74' title="bbox 2415 1738 3941 1816; baseline -0.003 -20"><span class='ocrx_word' id='word_1_481' title='bbox 2415 1746 2513 1816; x_wconf 84' lang='grc' dir='ltr'>τὴν</span> <span class='ocrx_word' id='word_1_482' title='bbox 2542 1745 2699 1815; x_wconf 86' lang='grc' dir='ltr'>χάριν</span> <span class='ocrx_word' id='word_1_483' title='bbox 2744 1743 3058 1796; x_wconf 78' lang='grc' dir='ltr'>ἐπλάτυνεν.</span> <span class='ocrx_word' id='word_1_484' title='bbox 3095 1742 3240 1808; x_wconf 84' lang='grc' dir='ltr'>Ὀρη</span> <span class='ocrx_word' id='word_1_485' title='bbox 3270 1739 3419 1793; x_wconf 73' lang='grc' dir='ltr'>Σιὼν</span> <span class='ocrx_word' id='word_1_486' title='bbox 3467 1738 3539 1792; x_wconf 86' lang='grc' dir='ltr'>τὰ</span> <span class='ocrx_word' id='word_1_487' title='bbox 3583 1740 3808 1807; x_wconf 75' lang='grc' dir='ltr'>πλευρὰ</span> <span class='ocrx_word' id='word_1_488' title='bbox 3847 1739 3941 1793; x_wconf 88' lang='grc' dir='ltr'><strong>τοῦ</strong></span> 
     </span>
    </p>
   </div>
   <div class='ocr_carea' id='block_1_75' title="bbox 2412 1830 3941 1905">
    <p class='ocr_par' dir='ltr' id='par_1_75' title="bbox 2412 1830 3941 1905">
     <span class='ocr_line' id='line_1_75' title="bbox 2412 1830 3941 1905; baseline -0.005 -15"><span class='ocrx_word' id='word_1_489' title='bbox 2412 1834 2620 1904; x_wconf 76' lang='grc' dir='ltr'>βορῤᾶ.</span> <span class='ocrx_word' id='word_1_490' title='bbox 2677 1834 2741 1888; x_wconf 83' lang='grc' dir='ltr'><strong>Ἦ</strong></span> <span class='ocrx_word' id='word_1_491' title='bbox 2776 1834 2872 1905; x_wconf 81' lang='grc' dir='ltr'>μὲν</span> <span class='ocrx_word' id='word_1_492' title='bbox 2912 1833 3255 1904; x_wconf 82' lang='grc' dir='ltr'>Ἰερουσαλὴμ</span> <span class='ocrx_word' id='word_1_493' title='bbox 3282 1833 3339 1885; x_wconf 77' lang='grc' dir='ltr'>ἐν</span> <span class='ocrx_word' id='word_1_494' title='bbox 3365 1830 3442 1900; x_wconf 86' lang='grc' dir='ltr'>τῷ</span> <span class='ocrx_word' id='word_1_495' title='bbox 3490 1831 3624 1901; x_wconf 82' lang='grc' dir='ltr'>νότῳ</span> <span class='ocrx_word' id='word_1_496' title='bbox 3649 1834 3839 1892; x_wconf 79' lang='grc' dir='ltr'>κεῖται,</span> <span class='ocrx_word' id='word_1_497' title='bbox 3884 1831 3941 1883; x_wconf 72' lang='grc' dir='ltr'><strong>τά</strong></span> 
     </span>
    </p>
   </div>
   <div class='ocr_carea' id='block_1_76' title="bbox 2416 1923 3941 1999">
    <p class='ocr_par' dir='ltr' id='par_1_76' title="bbox 2416 1923 3941 1999">
     <span class='ocr_line' id='line_1_76' title="bbox 2416 1923 3941 1999; baseline -0.007 -17"><span class='ocrx_word' id='word_1_498' title='bbox 2416 1930 2471 1983; x_wconf 83' lang='grc' dir='ltr'>δὲ</span> <span class='ocrx_word' id='word_1_499' title='bbox 2499 1928 2623 1999; x_wconf 87' lang='grc' dir='ltr'>ἒθνη</span> <span class='ocrx_word' id='word_1_500' title='bbox 2668 1930 2726 1981; x_wconf 86' lang='grc' dir='ltr'>ὲν</span> <span class='ocrx_word' id='word_1_501' title='bbox 2750 1927 2827 1999; x_wconf 83' lang='grc' dir='ltr'>τῷ</span> <span class='ocrx_word' id='word_1_502' title='bbox 2862 1926 3046 1998; x_wconf 73' lang='grc' dir='ltr'>βορρᾷ.</span> <span class='ocrx_word' id='word_1_503' title='bbox 3084 1924 3297 1995; x_wconf 83' lang='grc' dir='ltr'><strong>Ἐπειδὴ</strong></span> <span class='ocrx_word' id='word_1_504' title='bbox 3327 1924 3383 1976; x_wconf 79' lang='grc' dir='ltr'>δὲ</span> <span class='ocrx_word' id='word_1_505' title='bbox 3435 1924 3573 1993; x_wconf 86' lang='grc' dir='ltr'>μέγα</span> <span class='ocrx_word' id='word_1_506' title='bbox 3622 1924 3872 1994; x_wconf 74' lang='grc' dir='ltr'>ἐφρόνουν</span> <span class='ocrx_word' id='word_1_507' title='bbox 3898 1923 3941 1974; x_wconf 88' lang='grc' dir='ltr'>οἱ</span> 
     </span>
    </p>
   </div>
   <div class='ocr_carea' id='block_1_77' title="bbox 2429 2013 3947 2086">
    <p class='ocr_par' dir='ltr' id='par_1_77' title="bbox 2429 2013 3947 2086">
     <span class='ocr_line' id='line_1_77' title="bbox 2429 2013 3947 2086; baseline -0.007 -14"><span class='ocrx_word' id='word_1_508' title='bbox 2429 2019 2666 2072; x_wconf 81' lang='grc' dir='ltr'>Ἰουδαῖοι</span> <span class='ocrx_word' id='word_1_509' title='bbox 2697 2019 2772 2080; x_wconf 83' lang='grc' dir='ltr'>ὡς</span> <span class='ocrx_word' id='word_1_510' title='bbox 2803 2018 2948 2086; x_wconf 81' lang='grc' dir='ltr'>μόνοι</span> <span class='ocrx_word' id='word_1_511' title='bbox 2980 2017 3077 2086; x_wconf 71' lang='grc' dir='ltr'>τὴν</span> <span class='ocrx_word' id='word_1_512' title='bbox 3115 2015 3252 2069; x_wconf 87' lang='grc' dir='ltr'>Σιὼν</span> <span class='ocrx_word' id='word_1_513' title='bbox 3282 2014 3583 2077; x_wconf 74' lang='grc' dir='ltr'><strong>οἰκοῦντες,</strong></span> <span class='ocrx_word' id='word_1_514' title='bbox 3612 2013 3872 2066; x_wconf 75' lang='grc' dir='ltr'>δείκνυσιν</span> <span class='ocrx_word' id='word_1_515' title='bbox 3919 2014 3947 2063; x_wconf 88' lang='grc' dir='ltr'>ὁ</span> 
     </span>
    </p>
   </div>
   <div class='ocr_carea' id='block_1_78' title="bbox 2417 2103 3943 2178">
    <p class='ocr_par' dir='ltr' id='par_1_78' title="bbox 2417 2103 3943 2178">
     <span class='ocr_line' id='line_1_78' title="bbox 2417 2103 3943 2178; baseline -0.004 -17"><span class='ocrx_word' id='word_1_516' title='bbox 2417 2110 2570 2178; x_wconf 84' lang='grc' dir='ltr'>λόγος</span> <span class='ocrx_word' id='word_1_517' title='bbox 2588 2149 2602 2171; x_wconf 96' lang='grc'><strong>,</strong></span> <span class='ocrx_word' id='word_1_518' title='bbox 2645 2110 2724 2161; x_wconf 82' lang='grc' dir='ltr'>ὅτι</span> <span class='ocrx_word' id='word_1_519' title='bbox 2753 2108 2887 2161; x_wconf 81' lang='grc' dir='ltr'>Σιών</span> <span class='ocrx_word' id='word_1_520' title='bbox 2913 2110 3024 2160; x_wconf 77' lang='grc' dir='ltr'>ἐστι</span> <span class='ocrx_word' id='word_1_521' title='bbox 3053 2107 3119 2159; x_wconf 77' lang='grc' dir='ltr'><strong>τὰ</strong></span> <span class='ocrx_word' id='word_1_522' title='bbox 3152 2107 3275 2177; x_wconf 72' lang='grc' dir='ltr'>ἔθνη</span> <span class='ocrx_word' id='word_1_523' title='bbox 3309 2107 3375 2160; x_wconf 90' lang='grc' dir='ltr'><strong>τά</strong></span> <span class='ocrx_word' id='word_1_524' title='bbox 3421 2105 3832 2178; x_wconf 77' lang='grc' dir='ltr'>παραδεξάμενα</span> <span class='ocrx_word' id='word_1_525' title='bbox 3862 2103 3943 2157; x_wconf 80' lang='grc' dir='ltr'>τὸν</span> 
     </span>
    </p>
   </div>
   <div class='ocr_carea' id='block_1_79' title="bbox 2418 2194 3947 2269">
    <p class='ocr_par' dir='ltr' id='par_1_79' title="bbox 2418 2194 3947 2269">
     <span class='ocr_line' id='line_1_79' title="bbox 2418 2194 3947 2269; baseline -0.003 -17"><span class='ocrx_word' id='word_1_526' title='bbox 2418 2199 2758 2269; x_wconf 78' lang='grc' dir='ltr'>εὐαγγελικδν</span> <span class='ocrx_word' id='word_1_527' title='bbox 2799 2200 2970 2266; x_wconf 83' lang='grc' dir='ltr'>λόγον.</span> <span class='ocrx_word' id='word_1_528' title='bbox 3026 2198 3097 2250; x_wconf 86' lang='grc' dir='ltr'><strong>Τὸ</strong></span> <span class='ocrx_word' id='word_1_529' title='bbox 3149 2198 3256 2268; x_wconf 83' lang='grc' dir='ltr'><strong>γάρ</strong></span> <span class='ocrx_word' id='word_1_530' title='bbox 3299 2197 3570 2268; x_wconf 76' lang='grc' dir='ltr'><strong>ἑδραίωμα</strong></span> <span class='ocrx_word' id='word_1_531' title='bbox 3610 2197 3703 2267; x_wconf 84' lang='grc' dir='ltr'>τῆς</span> <span class='ocrx_word' id='word_1_532' title='bbox 3734 2195 3865 2247; x_wconf 81' lang='grc' dir='ltr'>Σιὼν</span> <span class='ocrx_word' id='word_1_533' title='bbox 3893 2194 3947 2247; x_wconf 75' lang='grc' dir='ltr'>τὸ</span> 
     </span>
    </p>
   </div>
   <div class='ocr_carea' id='block_1_80' title="bbox 2418 2285 3948 2361">
    <p class='ocr_par' dir='ltr' id='par_1_80' title="bbox 2418 2285 3948 2361">
     <span class='ocr_line' id='line_1_80' title="bbox 2418 2285 3948 2361; baseline -0.005 -17"><span class='ocrx_word' id='word_1_534' title='bbox 2418 2291 2585 2361; x_wconf 81' lang='grc' dir='ltr'><strong>κλίμα</strong></span> <span class='ocrx_word' id='word_1_535' title='bbox 2615 2292 2728 2343; x_wconf 75' lang='grc' dir='ltr'>ἐστὶ</span> <span class='ocrx_word' id='word_1_536' title='bbox 2750 2290 2841 2343; x_wconf 91' lang='grc' dir='ltr'><strong>τοῦ</strong></span> <span class='ocrx_word' id='word_1_537' title='bbox 2869 2290 3055 2361; x_wconf 57' lang='lat' dir='ltr'><strong>saepe,</strong></span> <span class='ocrx_word' id='word_1_538' title='bbox 3076 2290 3212 2358; x_wconf 86' lang='grc' dir='ltr'>ὅπερ</span> <span class='ocrx_word' id='word_1_539' title='bbox 3240 2288 3407 2357; x_wconf 80' lang='grc' dir='ltr'>κλίμα</span> <span class='ocrx_word' id='word_1_540' title='bbox 3437 2286 3529 2340; x_wconf 86' lang='grc' dir='ltr'><strong>τοῦ</strong></span> <span class='ocrx_word' id='word_1_541' title='bbox 3560 2286 3645 2338; x_wconf 88' lang='grc' dir='ltr'><strong>διά</strong></span> <span class='ocrx_word' id='word_1_542' title='bbox 3674 2285 3948 2348; x_wconf 55' lang='lat' dir='ltr'><strong>stimuleu-</strong></span> 
     </span>
    </p>
   </div>
   <div class='ocr_carea' id='block_1_81' title="bbox 2422 2376 3947 2452">
    <p class='ocr_par' dir='ltr' id='par_1_81' title="bbox 2422 2376 3947 2452">
     <span class='ocr_line' id='line_1_81' title="bbox 2422 2376 3947 2452; baseline -0.005 -19"><span class='ocrx_word' id='word_1_543' title='bbox 2422 2382 2528 2452; x_wconf 81' lang='grc' dir='ltr'><strong>ρῶν</strong></span> <span class='ocrx_word' id='word_1_544' title='bbox 2561 2381 2809 2451; x_wconf 90' lang='grc' dir='ltr'>δηλοῦται</span> <span class='ocrx_word' id='word_1_545' title='bbox 2846 2381 3045 2452; x_wconf 54' lang='grc' dir='ltr'>βορρᾶν</span> <span class='ocrx_word' id='word_1_546' title='bbox 3076 2380 3196 2433; x_wconf 69' lang='grc' dir='ltr'>ἀντὶ</span> <span class='ocrx_word' id='word_1_547' title='bbox 3223 2379 3328 2450; x_wconf 86' lang='grc' dir='ltr'><strong>γάρ</strong></span> <span class='ocrx_word' id='word_1_548' title='bbox 3356 2379 3448 2451; x_wconf 82' lang='grc' dir='ltr'><strong>τοῦ</strong></span> <span class='ocrx_word' id='word_1_549' title='bbox 3483 2381 3654 2431; x_wconf 88' lang='grc' dir='ltr'>είπεῖν</span> <span class='ocrx_word' id='word_1_550' title='bbox 3690 2377 3753 2430; x_wconf 79' lang='grc' dir='ltr'>τὸ</span> <span class='ocrx_word' id='word_1_551' title='bbox 3792 2376 3947 2446; x_wconf 80' lang='grc' dir='ltr'>κλίμα</span> 
     </span>
    </p>
   </div>
   <div class='ocr_carea' id='block_1_82' title="bbox 2418 2466 3947 2545">
    <p class='ocr_par' dir='ltr' id='par_1_82' title="bbox 2418 2466 3947 2545">
     <span class='ocr_line' id='line_1_82' title="bbox 2418 2466 3947 2545; baseline -0.003 -18"><span class='ocrx_word' id='word_1_552' title='bbox 2418 2474 2510 2527; x_wconf 90' lang='grc' dir='ltr'><strong>τοῦ</strong></span> <span class='ocrx_word' id='word_1_553' title='bbox 2535 2474 2723 2545; x_wconf 80' lang='grc' dir='ltr'>βορρᾶ,</span> <span class='ocrx_word' id='word_1_554' title='bbox 2740 2475 2807 2527; x_wconf 84' lang='grc' dir='ltr'>τὰ</span> <span class='ocrx_word' id='word_1_555' title='bbox 2830 2472 3030 2544; x_wconf 82' lang='grc' dir='ltr'>πλευρά</span> <span class='ocrx_word' id='word_1_556' title='bbox 3052 2472 3287 2544; x_wconf 72' lang='grc' dir='ltr'>εἴρηκεν.</span> <span class='ocrx_word' id='word_1_557' title='bbox 3306 2474 3571 2545; x_wconf 83' lang='grc' dir='ltr'><strong>Πρότερον</strong></span> <span class='ocrx_word' id='word_1_558' title='bbox 3592 2472 3688 2543; x_wconf 85' lang='grc' dir='ltr'>μὲν</span> <span class='ocrx_word' id='word_1_559' title='bbox 3703 2466 3767 2542; x_wconf 82' lang='grc' dir='ltr'>ἦν</span> <span class='ocrx_word' id='word_1_560' title='bbox 3783 2471 3947 2525; x_wconf 78' lang='grc' dir='ltr'>ὀΠαῦ-</span> 
     </span>
    </p>
   </div>
   <div class='ocr_carea' id='block_1_83' title="bbox 2417 2559 3947 2638">
    <p class='ocr_par' dir='ltr' id='par_1_83' title="bbox 2417 2559 3947 2638">
     <span class='ocr_line' id='line_1_83' title="bbox 2417 2559 3947 2638; baseline -0.003 -19"><span class='ocrx_word' id='word_1_561' title='bbox 2417 2568 2505 2631; x_wconf 83' lang='grc' dir='ltr'><strong>λος</strong></span> <span class='ocrx_word' id='word_1_562' title='bbox 2531 2566 2733 2637; x_wconf 86' lang='grc' dir='ltr'>πλευρά</span> <span class='ocrx_word' id='word_1_563' title='bbox 2785 2564 2879 2619; x_wconf 89' lang='grc' dir='ltr'><strong>τοῦ</strong></span> <span class='ocrx_word' id='word_1_564' title='bbox 2909 2564 3098 2638; x_wconf 75' lang='grc' dir='ltr'>βορρᾶ,</span> <span class='ocrx_word' id='word_1_565' title='bbox 3150 2568 3233 2634; x_wconf 74' lang='grc' dir='ltr'><strong>ἐφ’</strong></span> <span class='ocrx_word' id='word_1_566' title='bbox 3261 2559 3322 2620; x_wconf 76' lang='grc' dir='ltr'><strong>οὗ</strong></span> <span class='ocrx_word' id='word_1_567' title='bbox 3371 2564 3634 2635; x_wconf 75' lang='grc' dir='ltr'><strong>ἐξεκαύθη</strong></span> <span class='ocrx_word' id='word_1_568' title='bbox 3684 2563 3858 2618; x_wconf 85' lang='grc' dir='ltr'>πάντα</span> <span class='ocrx_word' id='word_1_569' title='bbox 3886 2562 3947 2615; x_wconf 71' lang='grc' dir='ltr'>τὰ</span> 
     </span>
    </p>
   </div>
   <div class='ocr_carea' id='block_1_84' title="bbox 2419 2654 3945 2725">
    <p class='ocr_par' dir='ltr' id='par_1_84' title="bbox 2419 2654 3945 2725">
     <span class='ocr_line' id='line_1_84' title="bbox 2419 2654 3945 2725; baseline -0.003 -14"><span class='ocrx_word' id='word_1_570' title='bbox 2419 2658 2561 2711; x_wconf 84' lang='grc' dir='ltr'><strong>κακά</strong></span> <span class='ocrx_word' id='word_1_571' title='bbox 2603 2657 2693 2709; x_wconf 71' lang='grc' dir='ltr'><strong>ἐπὶ</strong></span> <span class='ocrx_word' id='word_1_572' title='bbox 2722 2657 2822 2725; x_wconf 83' lang='grc' dir='ltr'>τῆς</span> <span class='ocrx_word' id='word_1_573' title='bbox 2858 2656 2991 2725; x_wconf 77' lang='grc' dir='ltr'>γῆς·</span> <span class='ocrx_word' id='word_1_574' title='bbox 3023 2656 3116 2708; x_wconf 89' lang='grc' dir='ltr'><strong>νῦν</strong></span> <span class='ocrx_word' id='word_1_575' title='bbox 3151 2656 3208 2708; x_wconf 79' lang='grc' dir='ltr'>δὲ</span> <span class='ocrx_word' id='word_1_576' title='bbox 3240 2656 3460 2725; x_wconf 82' lang='grc' dir='ltr'>γέγονεν</span> <span class='ocrx_word' id='word_1_577' title='bbox 3492 2656 3591 2725; x_wconf 77' lang='grc' dir='ltr'>ὅρη</span> <span class='ocrx_word' id='word_1_578' title='bbox 3623 2655 3788 2721; x_wconf 83' lang='grc' dir='ltr'>Σιὼν,</span> <span class='ocrx_word' id='word_1_579' title='bbox 3818 2654 3945 2723; x_wconf 75' lang='grc' dir='ltr'>ἔχων</span> 
     </span>
    </p>
   </div>
   <div class='ocr_carea' id='block_1_85' title="bbox 2418 2743 3945 2817">
    <p class='ocr_par' dir='ltr' id='par_1_85' title="bbox 2418 2743 3945 2817">
     <span class='ocr_line' id='line_1_85' title="bbox 2418 2743 3945 2817; baseline -0.006 -15"><span class='ocrx_word' id='word_1_580' title='bbox 2418 2752 2474 2802; x_wconf 81' lang='grc' dir='ltr'>ὲν</span> <span class='ocrx_word' id='word_1_581' title='bbox 2501 2747 2675 2817; x_wconf 76' lang='grc' dir='ltr'>ἑαυτῷ</span> <span class='ocrx_word' id='word_1_582' title='bbox 2701 2747 2789 2799; x_wconf 82' lang='grc' dir='ltr'>τὸν</span> <span class='ocrx_word' id='word_1_583' title='bbox 2812 2744 3071 2800; x_wconf 83' lang='grc' dir='ltr'>λαλοῦντα</span> <span class='ocrx_word' id='word_1_584' title='bbox 3094 2746 3343 2816; x_wconf 86' lang='grc' dir='ltr'>Χριστὸν,</span> <span class='ocrx_word' id='word_1_585' title='bbox 3370 2746 3460 2798; x_wconf 84' lang='grc' dir='ltr'>τὸν</span> <span class='ocrx_word' id='word_1_586' title='bbox 3491 2745 3712 2799; x_wconf 81' lang='grc' dir='ltr'>ὲλθὸντα</span> <span class='ocrx_word' id='word_1_587' title='bbox 3731 2747 3793 2798; x_wconf 85' lang='grc' dir='ltr'><strong>ὲκ</strong></span> <span class='ocrx_word' id='word_1_588' title='bbox 3818 2743 3945 2797; x_wconf 80' lang='grc' dir='ltr'>Σιὼν</span> 
     </span>
    </p>
   </div>
   <div class='ocr_carea' id='block_1_86' title="bbox 2422 2837 3949 2913">
    <p class='ocr_par' dir='ltr' id='par_1_86' title="bbox 2422 2837 3949 2913">
     <span class='ocr_line' id='line_1_86' title="bbox 2422 2837 3949 2913; baseline -0.004 -18"><span class='ocrx_word' id='word_1_589' title='bbox 2422 2845 2512 2896; x_wconf 80' lang='grc' dir='ltr'><strong>καὶ</strong></span> <span class='ocrx_word' id='word_1_590' title='bbox 2540 2841 2950 2913; x_wconf 80' lang='grc' dir='ltr'>ἀποστρέψαντα</span> <span class='ocrx_word' id='word_1_591' title='bbox 3000 2838 3250 2892; x_wconf 84' lang='grc' dir='ltr'>ἀσέϐειαν</span> <span class='ocrx_word' id='word_1_592' title='bbox 3289 2839 3394 2893; x_wconf 85' lang='grc' dir='ltr'>ἀπὸ</span> <span class='ocrx_word' id='word_1_593' title='bbox 3438 2837 3647 2892; x_wconf 83' lang='grc' dir='ltr'>Ἰακώϐ.</span> <span class='ocrx_word' id='word_1_594' title='bbox 3683 2838 3744 2893; x_wconf 87' lang='grc' dir='ltr'>Ἡ</span> <span class='ocrx_word' id='word_1_595' title='bbox 3781 2837 3949 2901; x_wconf 55' lang='grc' dir='ltr'>πόλις</span> 
     </span>
    </p>
   </div>
   <div class='ocr_carea' id='block_1_87' title="bbox 2419 2927 3949 2999">
    <p class='ocr_par' dir='ltr' id='par_1_87' title="bbox 2419 2927 3949 2999">
     <span class='ocr_line' id='line_1_87' title="bbox 2419 2927 3949 2999; baseline -0.003 -16"><span class='ocrx_word' id='word_1_596' title='bbox 2419 2930 2523 2983; x_wconf 87' lang='grc' dir='ltr'><strong>τοῦ</strong></span> <span class='ocrx_word' id='word_1_597' title='bbox 2543 2927 2841 2994; x_wconf 75' lang='grc' dir='ltr'>βασιλέως</span> <span class='ocrx_word' id='word_1_598' title='bbox 2854 2928 2959 2981; x_wconf 86' lang='grc' dir='ltr'><strong>τοῦ</strong></span> <span class='ocrx_word' id='word_1_599' title='bbox 2975 2928 3258 2997; x_wconf 68' lang='grc' dir='ltr'>μεγάλου.</span> <span class='ocrx_word' id='word_1_600' title='bbox 3276 2927 3477 2990; x_wconf 84' lang='grc' dir='ltr'>Ταῦτα,</span> <span class='ocrx_word' id='word_1_601' title='bbox 3504 2928 3653 2998; x_wconf 71' lang='grc' dir='ltr'>φησὶ,</span> <span class='ocrx_word' id='word_1_602' title='bbox 3676 2928 3742 2980; x_wconf 87' lang='grc' dir='ltr'><strong>τά</strong></span> <span class='ocrx_word' id='word_1_603' title='bbox 3758 2927 3949 2999; x_wconf 74' lang='grc' dir='ltr'>πλενρσ</span> 
     </span>
    </p>
   </div>
   <div class='ocr_carea' id='block_1_88' title="bbox 2419 3011 3951 3088">
    <p class='ocr_par' dir='ltr' id='par_1_88' title="bbox 2419 3011 3951 3088">
     <span class='ocr_line' id='line_1_88' title="bbox 2419 3011 3951 3088; baseline -0.002 -18"><span class='ocrx_word' id='word_1_604' title='bbox 2419 3018 2511 3070; x_wconf 87' lang='grc' dir='ltr'><strong>τοῦ</strong></span> <span class='ocrx_word' id='word_1_605' title='bbox 2542 3018 2729 3088; x_wconf 76' lang='grc' dir='ltr'>βορρᾶ,</span> <span class='ocrx_word' id='word_1_606' title='bbox 2754 3018 2871 3088; x_wconf 75' lang='grc' dir='ltr'>ἦτοι</span> <span class='ocrx_word' id='word_1_607' title='bbox 2896 3018 2963 3070; x_wconf 90' lang='grc' dir='ltr'><strong>τά</strong></span> <span class='ocrx_word' id='word_1_608' title='bbox 2995 3016 3142 3086; x_wconf 76' lang='grc' dir='ltr'>ἔθνη,</span> <span class='ocrx_word' id='word_1_609' title='bbox 3177 3019 3209 3087; x_wconf 79' lang='grc' dir='ltr'>ἠ</span> <span class='ocrx_word' id='word_1_610' title='bbox 3243 3016 3393 3079; x_wconf 85' lang='grc' dir='ltr'>πόλις</span> <span class='ocrx_word' id='word_1_611' title='bbox 3421 3015 3663 3085; x_wconf 77' lang='grc' dir='ltr'><strong>κληθεῖεν</strong></span> <span class='ocrx_word' id='word_1_612' title='bbox 3688 3015 3772 3077; x_wconf 80' lang='grc' dir='ltr'>ἂν,</span> <span class='ocrx_word' id='word_1_613' title='bbox 3802 3017 3858 3067; x_wconf 80' lang='grc' dir='ltr'>ὲν</span> <span class='ocrx_word' id='word_1_614' title='bbox 3878 3011 3951 3077; x_wconf 73' lang='grc' dir='ltr'>οἷς</span> 
     </span>
    </p>
   </div>
   <div class='ocr_carea' id='block_1_89' title="bbox 2348 3102 3950 3203">
    <p class='ocr_par' dir='ltr' id='par_1_89' title="bbox 2348 3102 3950 3203">
     <span class='ocr_line' id='line_1_89' title="bbox 2348 3102 3950 3203; baseline -0.002 -42"><span class='ocrx_word' id='word_1_615' title='bbox 2348 3146 2390 3203; x_wconf 78' lang='lat' dir='ltr'><strong>C</strong></span> <span class='ocrx_word' id='word_1_616' title='bbox 2422 3107 2742 3177; x_wconf 86' lang='grc' dir='ltr'>γινώσκεται</span> <span class='ocrx_word' id='word_1_617' title='bbox 2779 3110 2807 3161; x_wconf 90' lang='grc' dir='ltr'><strong>ό</strong></span> <span class='ocrx_word' id='word_1_618' title='bbox 2824 3108 2954 3171; x_wconf 81' lang='grc' dir='ltr'>Θεὸς</span> <span class='ocrx_word' id='word_1_619' title='bbox 2973 3107 3491 3178; x_wconf 89' lang='grc' dir='ltr'>ἀντιλαμϐανόμενος</span> <span class='ocrx_word' id='word_1_620' title='bbox 3514 3104 3606 3158; x_wconf 79' lang='grc' dir='ltr'><strong>καὶ</strong></span> <span class='ocrx_word' id='word_1_621' title='bbox 3625 3102 3822 3170; x_wconf 79' lang='grc' dir='ltr'>’σώζων</span> <span class='ocrx_word' id='word_1_622' title='bbox 3861 3106 3950 3158; x_wconf 84' lang='grc' dir='ltr'><strong>αὑ-</strong></span> 
     </span>
    </p>
   </div>
   <div class='ocr_carea' id='block_1_90' title="bbox 2420 3198 3130 3273">
    <p class='ocr_par' dir='ltr' id='par_1_90' title="bbox 2420 3198 3130 3273">
     <span class='ocr_line' id='line_1_90' title="bbox 2420 3198 3130 3273; baseline -0.001 -19"><span class='ocrx_word' id='word_1_623' title='bbox 2420 3202 2545 3264; x_wconf 79' lang='grc' dir='ltr'>τοὺς</span> <span class='ocrx_word' id='word_1_624' title='bbox 2570 3202 2633 3253; x_wconf 81' lang='grc' dir='ltr'><strong>ὲκ</strong></span> <span class='ocrx_word' id='word_1_625' title='bbox 2658 3200 2767 3254; x_wconf 85' lang='grc' dir='ltr'><strong>τῶν</strong></span> <span class='ocrx_word' id='word_1_626' title='bbox 2794 3198 3130 3273; x_wconf 78' lang='grc' dir='ltr'>πειρασμῶν.</span> 
     </span>
    </p>
   </div>
   <div class='ocr_carea' id='block_1_91' title="bbox 2503 3286 3954 3359">
    <p class='ocr_par' dir='ltr' id='par_1_91' title="bbox 2503 3286 3954 3359">
     <span class='ocr_line' id='line_1_91' title="bbox 2503 3286 3954 3359; baseline -0.005 -14"><span class='ocrx_word' id='word_1_627' title='bbox 2503 3294 2557 3345; x_wconf 87' lang='lat'><strong>&#39;0</strong></span> <span class='ocrx_word' id='word_1_628' title='bbox 2583 3291 2726 3359; x_wconf 85' lang='grc' dir='ltr'>Θεὸς</span> <span class='ocrx_word' id='word_1_629' title='bbox 2743 3292 2812 3346; x_wconf 76' lang='grc' dir='ltr'><strong>ἐν</strong></span> <span class='ocrx_word' id='word_1_630' title='bbox 2829 3292 2958 3357; x_wconf 84' lang='grc' dir='ltr'>ταῖς</span> <span class='ocrx_word' id='word_1_631' title='bbox 2969 3290 3222 3357; x_wconf 77' lang='grc' dir='ltr'>βάρεσιν</span> <span class='ocrx_word' id='word_1_632' title='bbox 3234 3288 3419 3356; x_wconf 83' lang='grc' dir='ltr'>αὐτῆς</span> <span class='ocrx_word' id='word_1_633' title='bbox 3437 3288 3801 3357; x_wconf 63' lang='grc' dir='ltr'>τιτρώσκεται,</span> <span class='ocrx_word' id='word_1_634' title='bbox 3819 3286 3954 3339; x_wconf 78' lang='grc' dir='ltr'>ὅταν</span> 
     </span>
    </p>
   </div>
   <div class='ocr_carea' id='block_1_92' title="bbox 2420 3378 3954 3451">
    <p class='ocr_par' dir='ltr' id='par_1_92' title="bbox 2420 3378 3954 3451">
     <span class='ocr_line' id='line_1_92' title="bbox 2420 3378 3954 3451; baseline -0.005 -15"><span class='ocrx_word' id='word_1_635' title='bbox 2420 3382 2917 3451; x_wconf 73' lang='grc' dir='ltr'>ἁντιλαμϐἅγηται</span> <span class='ocrx_word' id='word_1_636' title='bbox 2963 3380 3170 3450; x_wconf 82' lang='grc' dir='ltr'>αὐτῆς.</span> <span class='ocrx_word' id='word_1_637' title='bbox 3198 3380 3260 3432; x_wconf 82' lang='grc' dir='ltr'><strong>Δί</strong></span> <span class='ocrx_word' id='word_1_638' title='bbox 3296 3378 3477 3449; x_wconf 85' lang='grc' dir='ltr'>βάρεις</span> <span class='ocrx_word' id='word_1_639' title='bbox 3508 3378 3557 3431; x_wconf 78' lang='lat' dir='ltr'><strong>oi</strong></span> <span class='ocrx_word' id='word_1_640' title='bbox 3601 3378 3821 3448; x_wconf 81' lang='grc' dir='ltr'>μεγάλοι</span> <span class='ocrx_word' id='word_1_641' title='bbox 3867 3378 3954 3430; x_wconf 73' lang='grc' dir='ltr'><strong>καὶ</strong></span> 
     </span>
    </p>
   </div>
   <div class='ocr_carea' id='block_1_93' title="bbox 2421 3467 3951 3543">
    <p class='ocr_par' dir='ltr' id='par_1_93' title="bbox 2421 3467 3951 3543">
     <span class='ocr_line' id='line_1_93' title="bbox 2421 3467 3951 3543; baseline -0.005 -18"><span class='ocrx_word' id='word_1_642' title='bbox 2421 3472 2682 3543; x_wconf 72' lang='grc' dir='ltr'>ἐξαίρετοι</span> <span class='ocrx_word' id='word_1_643' title='bbox 2706 3475 2802 3543; x_wconf 79' lang='grc' dir='ltr'>τῆς</span> <span class='ocrx_word' id='word_1_644' title='bbox 2831 3471 2925 3526; x_wconf 91' lang='grc' dir='ltr'><strong>τοῦ</strong></span> <span class='ocrx_word' id='word_1_645' title='bbox 2952 3471 3085 3525; x_wconf 90' lang='grc' dir='ltr'>Θεοῦ</span> <span class='ocrx_word' id='word_1_646' title='bbox 3118 3471 3319 3533; x_wconf 84' lang='grc' dir='ltr'>πόλεως</span> <span class='ocrx_word' id='word_1_647' title='bbox 3344 3469 3391 3521; x_wconf 80' lang='grc' dir='ltr'>οἱ</span> <span class='ocrx_word' id='word_1_648' title='bbox 3420 3472 3477 3522; x_wconf 81' lang='grc' dir='ltr'>ὲν</span> <span class='ocrx_word' id='word_1_649' title='bbox 3508 3470 3641 3539; x_wconf 83' lang='grc' dir='ltr'>αὐτῇ</span> <span class='ocrx_word' id='word_1_650' title='bbox 3668 3467 3951 3537; x_wconf 80' lang='grc' dir='ltr'>ὑπερέχον-</span> 
     </span>
    </p>
   </div>
   <div class='ocr_carea' id='block_1_94' title="bbox 2422 3561 2748 3627">
    <p class='ocr_par' dir='ltr' id='par_1_94' title="bbox 2422 3561 2748 3627">
     <span class='ocr_line' id='line_1_94' title="bbox 2422 3561 2748 3627; baseline 0 -9"><span class='ocrx_word' id='word_1_651' title='bbox 2422 3583 2508 3627; x_wconf 88' lang='grc' dir='ltr'><strong>τες</strong></span> <span class='ocrx_word' id='word_1_652' title='bbox 2532 3561 2639 3617; x_wconf 80' lang='grc' dir='ltr'>εἶεν</span> <span class='ocrx_word' id='word_1_653' title='bbox 2663 3566 2748 3619; x_wconf 78' lang='grc' dir='ltr'><strong>ἀν.</strong></span> 
     </span>
    </p>
   </div>
   <div class='ocr_carea' id='block_1_95' title="bbox 2493 3652 3953 3726">
    <p class='ocr_par' dir='ltr' id='par_1_95' title="bbox 2493 3652 3953 3726">
     <span class='ocr_line' id='line_1_95' title="bbox 2493 3652 3953 3726; baseline -0.004 -17"><span class='ocrx_word' id='word_1_654' title='bbox 2493 3658 2619 3710; x_wconf 77' lang='grc' dir='ltr'>Ὀτι</span> <span class='ocrx_word' id='word_1_655' title='bbox 2650 3656 2778 3709; x_wconf 82' lang='grc' dir='ltr'>ίδοὺ</span> <span class='ocrx_word' id='word_1_656' title='bbox 2801 3654 3144 3721; x_wconf 77' lang='grc' dir='ltr'>οιβασιλεῒς</span> <span class='ocrx_word' id='word_1_657' title='bbox 3181 3655 3289 3725; x_wconf 85' lang='grc' dir='ltr'>τῆς</span> <span class='ocrx_word' id='word_1_658' title='bbox 3311 3654 3421 3726; x_wconf 79' lang='grc' dir='ltr'><strong>τῆς</strong></span> <span class='ocrx_word' id='word_1_659' title='bbox 3444 3652 3857 3722; x_wconf 78' lang='grc' dir='ltr'>συνήχθησαν.</span> <span class='ocrx_word' id='word_1_660' title='bbox 3902 3653 3953 3703; x_wconf 86' lang='lat'><strong>&#39;0</strong></span> 
     </span>
    </p>
   </div>
   <div class='ocr_carea' id='block_1_96' title="bbox 2423 3747 3955 3821">
    <p class='ocr_par' dir='ltr' id='par_1_96' title="bbox 2423 3747 3955 3821">
     <span class='ocr_line' id='line_1_96' title="bbox 2423 3747 3955 3821; baseline -0.006 -17"><span class='ocrx_word' id='word_1_661' title='bbox 2423 3751 2653 3821; x_wconf 80' lang='grc' dir='ltr'>πόλεμος</span> <span class='ocrx_word' id='word_1_662' title='bbox 2678 3754 2705 3803; x_wconf 88' lang='grc' dir='ltr'><strong>ό</strong></span> <span class='ocrx_word' id='word_1_663' title='bbox 2727 3750 2864 3803; x_wconf 86' lang='grc' dir='ltr'>κατά</span> <span class='ocrx_word' id='word_1_664' title='bbox 2887 3750 2994 3802; x_wconf 82' lang='grc' dir='ltr'>τῶν</span> <span class='ocrx_word' id='word_1_665' title='bbox 3027 3750 3332 3802; x_wconf 81' lang='grc' dir='ltr'>ἀποστόλων</span> <span class='ocrx_word' id='word_1_666' title='bbox 3363 3748 3448 3801; x_wconf 85' lang='grc' dir='ltr'>διὰ</span> <span class='ocrx_word' id='word_1_667' title='bbox 3494 3747 3553 3799; x_wconf 87' lang='grc' dir='ltr'>τὸ</span> <span class='ocrx_word' id='word_1_668' title='bbox 3590 3748 3845 3816; x_wconf 77' lang='grc' dir='ltr'>κήρυγμα</span> <span class='ocrx_word' id='word_1_669' title='bbox 3880 3762 3955 3811; x_wconf 80' lang='grc' dir='ltr'><strong>γε⁸</strong></span> 
     </span>
    </p>
   </div>
   <div class='ocr_carea' id='block_1_97' title="bbox 2424 3835 3954 3912">
    <p class='ocr_par' dir='ltr' id='par_1_97' title="bbox 2424 3835 3954 3912">
     <span class='ocr_line' id='line_1_97' title="bbox 2424 3835 3954 3912; baseline -0.006 -18"><span class='ocrx_word' id='word_1_670' title='bbox 2424 3842 2645 3912; x_wconf 88' lang='grc' dir='ltr'>νόμενος</span> <span class='ocrx_word' id='word_1_671' title='bbox 2678 3842 2782 3893; x_wconf 85' lang='grc' dir='ltr'><strong>ὑπὸ</strong></span> <span class='ocrx_word' id='word_1_672' title='bbox 2802 3840 2907 3892; x_wconf 84' lang='grc' dir='ltr'><strong>τῶν</strong></span> <span class='ocrx_word' id='word_1_673' title='bbox 2931 3838 3198 3911; x_wconf 73' lang='grc' dir='ltr'>αἰσθητῶν</span> <span class='ocrx_word' id='word_1_674' title='bbox 3226 3837 3482 3909; x_wconf 86' lang='grc' dir='ltr'>βασιλέων</span> <span class='ocrx_word' id='word_1_675' title='bbox 3509 3836 3615 3890; x_wconf 86' lang='grc' dir='ltr'>τῶν</span> <span class='ocrx_word' id='word_1_676' title='bbox 3659 3835 3844 3899; x_wconf 78' lang='grc' dir='ltr'>ἐθνῶν,</span> <span class='ocrx_word' id='word_1_677' title='bbox 3870 3835 3954 3887; x_wconf 70' lang='grc' dir='ltr'>καὶ</span> 
     </span>
    </p>
   </div>
   <div class='ocr_carea' id='block_1_98' title="bbox 2428 3925 3952 4002">
    <p class='ocr_par' dir='ltr' id='par_1_98' title="bbox 2428 3925 3952 4002">
     <span class='ocr_line' id='line_1_98' title="bbox 2428 3925 3952 4002; baseline -0.005 -19"><span class='ocrx_word' id='word_1_678' title='bbox 2428 3932 2530 4002; x_wconf 83' lang='grc' dir='ltr'>μὴν</span> <span class='ocrx_word' id='word_1_679' title='bbox 2558 3932 2651 3985; x_wconf 75' lang='grc' dir='ltr'><strong>καὶ</strong></span> <span class='ocrx_word' id='word_1_680' title='bbox 2681 3931 2788 3984; x_wconf 87' lang='grc' dir='ltr'>τῶν</span> <span class='ocrx_word' id='word_1_681' title='bbox 2818 3930 3055 4002; x_wconf 82' lang='grc' dir='ltr'>ἀοράτων</span> <span class='ocrx_word' id='word_1_682' title='bbox 3078 3929 3338 3999; x_wconf 84' lang='grc' dir='ltr'>δαιμόνων</span> <span class='ocrx_word' id='word_1_683' title='bbox 3362 3928 3467 3981; x_wconf 86' lang='grc' dir='ltr'>τῶν</span> <span class='ocrx_word' id='word_1_684' title='bbox 3515 3926 3676 3980; x_wconf 81' lang='grc' dir='ltr'>πάλαι</span> <span class='ocrx_word' id='word_1_685' title='bbox 3715 3925 3952 3995; x_wconf 80' lang='grc' dir='ltr'>βασιλευ-</span> 
     </span>
    </p>
   </div>
   <div class='ocr_carea' id='block_1_99' title="bbox 2424 4018 3953 4093">
    <p class='ocr_par' dir='ltr' id='par_1_99' title="bbox 2424 4018 3953 4093">
     <span class='ocr_line' id='line_1_99' title="bbox 2424 4018 3953 4093; baseline -0.006 -17"><span class='ocrx_word' id='word_1_686' title='bbox 2424 4025 2607 4087; x_wconf 87' lang='grc' dir='ltr'>όντων,</span> <span class='ocrx_word' id='word_1_687' title='bbox 2629 4023 2838 4093; x_wconf 83' lang='grc' dir='ltr'>διελύθη</span> <span class='ocrx_word' id='word_1_688' title='bbox 2862 4024 2952 4076; x_wconf 72' lang='grc' dir='ltr'><strong>καὶ</strong></span> <span class='ocrx_word' id='word_1_689' title='bbox 2984 4021 3267 4091; x_wconf 75' lang='grc' dir='ltr'>ἠφανίσθη.</span> <span class='ocrx_word' id='word_1_690' title='bbox 3298 4020 3472 4073; x_wconf 80' lang='grc' dir='ltr'>Αὐτοὶ</span> <span class='ocrx_word' id='word_1_691' title='bbox 3514 4018 3737 4083; x_wconf 74' lang='grc' dir='ltr'>ἰδόντες</span> <span class='ocrx_word' id='word_1_692' title='bbox 3779 4018 3953 4081; x_wconf 83' lang='grc' dir='ltr'>οὕτως</span> 
     </span>
    </p>
   </div>
   <div class='ocr_carea' id='block_1_100' title="bbox 2424 4110 3952 4184">
    <p class='ocr_par' dir='ltr' id='par_1_100' title="bbox 2424 4110 3952 4184">
     <span class='ocr_line' id='line_1_100' title="bbox 2424 4110 3952 4184; baseline -0.007 -15"><span class='ocrx_word' id='word_1_693' title='bbox 2424 4118 2785 4180; x_wconf 75' lang='grc' dir='ltr'>ἐθαύμασαν.</span> <span class='ocrx_word' id='word_1_694' title='bbox 2823 4114 3289 4184; x_wconf 83' lang='grc' dir='ltr'>Κατεπλάγησαν,</span> <span class='ocrx_word' id='word_1_695' title='bbox 3344 4112 3493 4183; x_wconf 61' lang='grc' dir='ltr'>φησι,</span> <span class='ocrx_word' id='word_1_696' title='bbox 3533 4114 3623 4165; x_wconf 75' lang='grc' dir='ltr'>καὶ</span> <span class='ocrx_word' id='word_1_697' title='bbox 3672 4110 3952 4180; x_wconf 74' lang='grc' dir='ltr'>ἐξέστησαν</span> 
     </span>
    </p>
   </div>
   <div class='ocr_carea' id='block_1_101' title="bbox 2424 4201 3954 4277">
    <p class='ocr_par' dir='ltr' id='par_1_101' title="bbox 2424 4201 3954 4277">
     <span class='ocr_line' id='line_1_101' title="bbox 2424 4201 3954 4277; baseline -0.005 -17"><span class='ocrx_word' id='word_1_698' title='bbox 2424 4207 2520 4277; x_wconf 82' lang='grc' dir='ltr'>τὴν</span> <span class='ocrx_word' id='word_1_699' title='bbox 2557 4206 2849 4276; x_wconf 84' lang='grc' dir='ltr'>γενομένην</span> <span class='ocrx_word' id='word_1_700' title='bbox 2898 4205 3143 4277; x_wconf 78' lang='grc' dir='ltr'>βοήθειαν</span> <span class='ocrx_word' id='word_1_701' title='bbox 3176 4205 3321 4275; x_wconf 86' lang='grc' dir='ltr'>παρὰ</span> <span class='ocrx_word' id='word_1_702' title='bbox 3370 4202 3463 4255; x_wconf 91' lang='grc' dir='ltr'><strong>τοῦ</strong></span> <span class='ocrx_word' id='word_1_703' title='bbox 3493 4201 3622 4255; x_wconf 86' lang='grc' dir='ltr'>Θεοῦ</span> <span class='ocrx_word' id='word_1_704' title='bbox 3647 4204 3756 4264; x_wconf 83' lang='grc' dir='ltr'>τοῖς</span> <span class='ocrx_word' id='word_1_705' title='bbox 3792 4201 3954 4270; x_wconf 76' lang='grc' dir='ltr'>ἁγίοις</span> 
     </span>
    </p>
   </div>
   <div class='ocr_carea' id='block_1_102' title="bbox 2427 4295 3949 4367">
    <p class='ocr_par' dir='ltr' id='par_1_102' title="bbox 2427 4295 3949 4367">
     <span class='ocr_line' id='line_1_102' title="bbox 2427 4295 3949 4367; baseline -0.002 -18"><span class='ocrx_word' id='word_1_706' title='bbox 2427 4297 2766 4367; x_wconf 85' lang='grc' dir='ltr'>θεωροῦντες.</span> <span class='ocrx_word' id='word_1_707' title='bbox 2799 4297 3254 4366; x_wconf 77' lang='grc' dir='ltr'>Ἐταράχθησαν,</span> <span class='ocrx_word' id='word_1_708' title='bbox 3290 4296 3724 4360; x_wconf 72' lang='grc' dir='ltr'>ὲσαλεύθησαν,</span> <span class='ocrx_word' id='word_1_709' title='bbox 3754 4295 3949 4361; x_wconf 77' lang='grc' dir='ltr'>τρόμος</span> 
     </span>
    </p>
   </div>
   <div class='ocr_carea' id='block_1_103' title="bbox 2426 4385 3953 4459">
    <p class='ocr_par' dir='ltr' id='par_1_103' title="bbox 2426 4385 3953 4459">
     <span class='ocr_line' id='line_1_103' title="bbox 2426 4385 3953 4459; baseline -0.005 -17"><span class='ocrx_word' id='word_1_710' title='bbox 2426 4388 2743 4443; x_wconf 77' lang='grc' dir='ltr'>ἐπελάϐετο</span> <span class='ocrx_word' id='word_1_711' title='bbox 2781 4391 3016 4454; x_wconf 83' lang='grc' dir='ltr'>αὐτούς.</span> <span class='ocrx_word' id='word_1_712' title='bbox 3082 4389 3145 4440; x_wconf 86' lang='lat' dir='ltr'><strong>&#39;H</strong></span> <span class='ocrx_word' id='word_1_713' title='bbox 3175 4388 3281 4459; x_wconf 79' lang='grc' dir='ltr'><strong>γὰρ</strong></span> <span class='ocrx_word' id='word_1_714' title='bbox 3314 4385 3582 4457; x_wconf 78' lang='grc' dir='ltr'>ὑπερϐολὴ</span> <span class='ocrx_word' id='word_1_715' title='bbox 3640 4386 3737 4455; x_wconf 80' lang='grc' dir='ltr'>τῆς</span> <span class='ocrx_word' id='word_1_716' title='bbox 3786 4386 3953 4457; x_wconf 76' lang='grc' dir='ltr'>ἰσχύος</span> 
     </span>
    </p>
   </div>
   <div class='ocr_carea' id='block_1_104' title="bbox 2356 4476 3954 4550">
    <p class='ocr_par' dir='ltr' id='par_1_104' title="bbox 2356 4476 3954 4550">
     <span class='ocr_line' id='line_1_104' title="bbox 2356 4476 3954 4550; baseline -0.003 -19"><span class='ocrx_word' id='word_1_717' title='bbox 2356 4490 2400 4545; x_wconf 81' lang='grc' dir='ltr'>ι)</span> <span class='ocrx_word' id='word_1_718' title='bbox 2426 4478 2517 4531; x_wconf 90' lang='grc' dir='ltr'><strong>τοῦ</strong></span> <span class='ocrx_word' id='word_1_719' title='bbox 2551 4478 2828 4543; x_wconf 78' lang='grc' dir='ltr'>σώζοντος,</span> <span class='ocrx_word' id='word_1_720' title='bbox 2856 4481 2914 4532; x_wconf 82' lang='grc' dir='ltr'>τὸ</span> <span class='ocrx_word' id='word_1_721' title='bbox 2954 4479 3133 4550; x_wconf 90' lang='grc' dir='ltr'>θαῦμα</span> <span class='ocrx_word' id='word_1_722' title='bbox 3165 4479 3342 4543; x_wconf 80' lang='grc' dir='ltr'>αὐτοῖς</span> <span class='ocrx_word' id='word_1_723' title='bbox 3383 4479 3475 4531; x_wconf 73' lang='grc' dir='ltr'><strong>καὶ</strong></span> <span class='ocrx_word' id='word_1_724' title='bbox 3500 4478 3594 4548; x_wconf 86' lang='grc' dir='ltr'>τὴν</span> <span class='ocrx_word' id='word_1_725' title='bbox 3636 4476 3954 4547; x_wconf 74' lang='grc' dir='ltr'>κατάπληξιν</span> 
     </span>
    </p>
   </div>
   <div class='ocr_carea' id='block_1_105' title="bbox 2428 4571 2725 4643">
    <p class='ocr_par' dir='ltr' id='par_1_105' title="bbox 2428 4571 2725 4643">
     <span class='ocr_line' id='line_1_105' title="bbox 2428 4571 2725 4643; baseline 0 -20"><span class='ocrx_word' id='word_1_726' title='bbox 2428 4571 2725 4643; x_wconf 73' lang='grc' dir='ltr'>εἴργασται.</span> 
     </span>
    </p>
   </div>
   <div class='ocr_carea' id='block_1_106' title="bbox 2509 4659 3953 4731">
    <p class='ocr_par' dir='ltr' id='par_1_106' title="bbox 2509 4659 3953 4731">
     <span class='ocr_line' id='line_1_106' title="bbox 2509 4659 3953 4731; baseline -0.002 -15"><span class='ocrx_word' id='word_1_727' title='bbox 2509 4666 2609 4716; x_wconf 84' lang='grc' dir='ltr'><strong>Ἑν</strong></span> <span class='ocrx_word' id='word_1_728' title='bbox 2634 4664 2915 4731; x_wconf 79' lang='grc' dir='ltr'>πνεύματι</span> <span class='ocrx_word' id='word_1_729' title='bbox 2938 4662 3113 4728; x_wconf 76' lang='grc' dir='ltr'>βιαίῳ</span> <span class='ocrx_word' id='word_1_730' title='bbox 3134 4662 3476 4729; x_wconf 70' lang='grc' dir='ltr'>συντρίψας</span> <span class='ocrx_word' id='word_1_731' title='bbox 3496 4659 3671 4713; x_wconf 75' lang='grc' dir='ltr'>πλοῖα</span> <span class='ocrx_word' id='word_1_732' title='bbox 3695 4660 3953 4727; x_wconf 82' lang='grc' dir='ltr'>Θαρσεῖς.</span> 
     </span>
    </p>
   </div>
   <div class='ocr_carea' id='block_1_107' title="bbox 2428 4751 3957 4821">
    <p class='ocr_par' dir='ltr' id='par_1_107' title="bbox 2428 4751 3957 4821">
     <span class='ocr_line' id='line_1_107' title="bbox 2428 4751 3957 4821; baseline -0.003 -16"><span class='ocrx_word' id='word_1_733' title='bbox 2428 4753 2634 4816; x_wconf 88' lang='grc' dir='ltr'>Πλοίοις</span> <span class='ocrx_word' id='word_1_734' title='bbox 2667 4752 2912 4821; x_wconf 82' lang='grc' dir='ltr'>Θαρσεῖς,</span> <span class='ocrx_word' id='word_1_735' title='bbox 2947 4753 3104 4806; x_wconf 77' lang='grc' dir='ltr'>οἱονεὶ</span> <span class='ocrx_word' id='word_1_736' title='bbox 3132 4752 3438 4821; x_wconf 85' lang='grc' dir='ltr'>πολυτίμοις</span> <span class='ocrx_word' id='word_1_737' title='bbox 3466 4752 3555 4804; x_wconf 77' lang='grc' dir='ltr'><strong>καὶ</strong></span> <span class='ocrx_word' id='word_1_738' title='bbox 3582 4751 3925 4820; x_wconf 77' lang='grc' dir='ltr'>πολυφόρτοις</span> <span class='ocrx_word' id='word_1_739' title='bbox 3942 4788 3957 4808; x_wconf 83' lang='grc'><strong>,</strong></span> 
     </span>
    </p>
   </div>
   <div class='ocr_carea' id='block_1_108' title="bbox 2428 4830 3954 4912">
    <p class='ocr_par' dir='ltr' id='par_1_108' title="bbox 2428 4830 3954 4912">
     <span class='ocr_line' id='line_1_108' title="bbox 2428 4830 3954 4912; baseline -0.003 -18"><span class='ocrx_word' id='word_1_740' title='bbox 2428 4843 2549 4904; x_wconf 81' lang='grc' dir='ltr'>τοὺς</span> <span class='ocrx_word' id='word_1_741' title='bbox 2589 4841 2819 4911; x_wconf 85' lang='grc' dir='ltr'>βασιλεῖς</span> <span class='ocrx_word' id='word_1_742' title='bbox 2853 4840 3185 4912; x_wconf 77' lang='grc' dir='ltr'>παρεικάζει.</span> <span class='ocrx_word' id='word_1_743' title='bbox 3219 4839 3438 4910; x_wconf 86' lang='grc' dir='ltr'>Πνεῦμα</span> <span class='ocrx_word' id='word_1_744' title='bbox 3486 4840 3539 4892; x_wconf 85' lang='grc' dir='ltr'>δὲ</span> <span class='ocrx_word' id='word_1_745' title='bbox 3575 4839 3766 4908; x_wconf 85' lang='grc' dir='ltr'>βίαιον,</span> <span class='ocrx_word' id='word_1_746' title='bbox 3806 4838 3870 4890; x_wconf 83' lang='grc' dir='ltr'>δι’</span> <span class='ocrx_word' id='word_1_747' title='bbox 3903 4830 3954 4889; x_wconf 65' lang='grc' dir='ltr'><strong>οὗ</strong></span> 
     </span>
    </p>
   </div>
   <div class='ocr_carea' id='block_1_109' title="bbox 2428 4921 3954 5001">
    <p class='ocr_par' dir='ltr' id='par_1_109' title="bbox 2428 4921 3954 5001">
     <span class='ocr_line' id='line_1_109' title="bbox 2428 4921 3954 5001; baseline -0.005 -17"><span class='ocrx_word' id='word_1_748' title='bbox 2428 4932 2621 4993; x_wconf 78' lang='grc' dir='ltr'>αὐτοὺς</span> <span class='ocrx_word' id='word_1_749' title='bbox 2643 4931 2941 5001; x_wconf 82' lang='grc' dir='ltr'>συνέτριψε,</span> <span class='ocrx_word' id='word_1_750' title='bbox 2974 4931 3182 5001; x_wconf 86' lang='grc' dir='ltr'>νοήσεις</span> <span class='ocrx_word' id='word_1_751' title='bbox 3202 4928 3351 4991; x_wconf 82' lang='grc' dir='ltr'>τινὰς</span> <span class='ocrx_word' id='word_1_752' title='bbox 3384 4928 3636 4998; x_wconf 87' lang='grc' dir='ltr'>δυνάμεις</span> <span class='ocrx_word' id='word_1_753' title='bbox 3657 4928 3724 4981; x_wconf 80' lang='grc' dir='ltr'>δι’</span> <span class='ocrx_word' id='word_1_754' title='bbox 3742 4921 3818 4981; x_wconf 85' lang='grc' dir='ltr'>ὧν</span> <span class='ocrx_word' id='word_1_755' title='bbox 3844 4927 3954 4985; x_wconf 71' lang='grc' dir='ltr'>τοὺς</span> 
     </span>
    </p>
   </div>
   <div class='ocr_carea' id='block_1_110' title="bbox 2428 5018 3575 5093">
    <p class='ocr_par' dir='ltr' id='par_1_110' title="bbox 2428 5018 3575 5093">
     <span class='ocr_line' id='line_1_110' title="bbox 2428 5018 3575 5093; baseline -0.003 -18"><span class='ocrx_word' id='word_1_756' title='bbox 2428 5023 2649 5093; x_wconf 76' lang='grc' dir='ltr'>ἐχθροὺς</span> <span class='ocrx_word' id='word_1_757' title='bbox 2675 5022 2783 5075; x_wconf 86' lang='grc' dir='ltr'>τῶν</span> <span class='ocrx_word' id='word_1_758' title='bbox 2812 5021 3117 5074; x_wconf 79' lang='grc' dir='ltr'>ἀποστόλων</span> <span class='ocrx_word' id='word_1_759' title='bbox 3144 5018 3575 5091; x_wconf 82' lang='grc' dir='ltr'>κατεπολέμησεν</span> 
     </span>
    </p>
   </div>
   <div class='ocr_carea' id='block_1_111' title="bbox 2494 5222 3949 5295">
    <p class='ocr_par' dir='ltr' id='par_1_111' title="bbox 2494 5222 3949 5295">
     <span class='ocr_line' id='line_1_111' title="bbox 2494 5222 3949 5295; baseline -0.001 -16"><span class='ocrx_word' id='word_1_760' title='bbox 2494 5226 2764 5295; x_wconf 81' lang='grc' dir='ltr'>Καθάπερ</span> <span class='ocrx_word' id='word_1_761' title='bbox 2786 5226 3149 5295; x_wconf 75' lang='grc' dir='ltr'>ἠκούσαμεν,</span> <span class='ocrx_word' id='word_1_762' title='bbox 3177 5222 3360 5290; x_wconf 85' lang='grc' dir='ltr'>οὕτως</span> <span class='ocrx_word' id='word_1_763' title='bbox 3380 5222 3629 5293; x_wconf 75' lang='grc' dir='ltr'>εἴδομεν.</span> <span class='ocrx_word' id='word_1_764' title='bbox 3672 5226 3774 5277; x_wconf 86' lang='grc' dir='ltr'>Ἦν</span> <span class='ocrx_word' id='word_1_765' title='bbox 3799 5227 3949 5294; x_wconf 71' lang='grc' dir='ltr'>ὲπηγι</span> 
     </span>
    </p>
   </div>
   <div class='ocr_carea' id='block_1_112' title="bbox 2424 5312 3953 5389">
    <p class='ocr_par' dir='ltr' id='par_1_112' title="bbox 2424 5312 3953 5389">
     <span class='ocr_line' id='line_1_112' title="bbox 2424 5312 3953 5389; baseline -0.005 -17"><span class='ocrx_word' id='word_1_766' title='bbox 2424 5320 2603 5388; x_wconf 87' lang='grc' dir='ltr'>γείλω,</span> <span class='ocrx_word' id='word_1_767' title='bbox 2640 5320 2821 5389; x_wconf 73' lang='grc' dir='ltr'>φησὶν,</span> <span class='ocrx_word' id='word_1_768' title='bbox 2851 5312 2895 5372; x_wconf 82' lang='grc' dir='ltr'><strong>ὦ</strong></span> <span class='ocrx_word' id='word_1_769' title='bbox 2915 5318 3171 5381; x_wconf 76' lang='grc' dir='ltr'>Δέσποτα,</span> <span class='ocrx_word' id='word_1_770' title='bbox 3202 5317 3468 5388; x_wconf 87' lang='grc' dir='ltr'>σωτηρίαν</span> <span class='ocrx_word' id='word_1_771' title='bbox 3490 5318 3637 5387; x_wconf 85' lang='grc' dir='ltr'>ημῖν,</span> <span class='ocrx_word' id='word_1_772' title='bbox 3668 5317 3870 5387; x_wconf 82' lang='grc' dir='ltr'>ταύτην</span> <span class='ocrx_word' id='word_1_773' title='bbox 3897 5316 3953 5367; x_wconf 87' lang='grc' dir='ltr'><strong>δι’</strong></span> 
     </span>
    </p>
   </div>
   <div class='ocr_carea' id='block_1_113' title="bbox 2427 5408 3953 5482">
    <p class='ocr_par' dir='ltr' id='par_1_113' title="bbox 2427 5408 3953 5482">
     <span class='ocr_line' id='line_1_113' title="bbox 2427 5408 3953 5482; baseline -0.001 -18"><span class='ocrx_word' id='word_1_774' title='bbox 2427 5412 2597 5482; x_wconf 74' lang='grc' dir='ltr'>ἔργων</span> <span class='ocrx_word' id='word_1_775' title='bbox 2618 5410 2933 5479; x_wconf 83' lang='grc' dir='ltr'>τεθεάμεθα.</span> <span class='ocrx_word' id='word_1_776' title='bbox 2960 5412 3062 5463; x_wconf 79' lang='grc' dir='ltr'><strong><em>Ἐν</em></strong></span> <span class='ocrx_word' id='word_1_777' title='bbox 3083 5410 3251 5464; x_wconf 81' lang='grc' dir='ltr'>πόλει</span> <span class='ocrx_word' id='word_1_778' title='bbox 3272 5411 3488 5477; x_wconf 82' lang='grc' dir='ltr'>Κυρίου</span> <span class='ocrx_word' id='word_1_779' title='bbox 3506 5408 3621 5464; x_wconf 79' lang='grc' dir='ltr'><strong>τῶν</strong></span> <span class='ocrx_word' id='word_1_780' title='bbox 3637 5410 3953 5481; x_wconf 75' lang='grc' dir='ltr'>δυνάμεων,</span> 
     </span>
    </p>
   </div>
   <div class='ocr_carea' id='block_1_114' title="bbox 2425 5500 3953 5573">
    <p class='ocr_par' dir='ltr' id='par_1_114' title="bbox 2425 5500 3953 5573">
     <span class='ocr_line' id='line_1_114' title="bbox 2425 5500 3953 5573; baseline -0.002 -16"><span class='ocrx_word' id='word_1_781' title='bbox 2425 5504 2492 5557; x_wconf 80' lang='grc' dir='ltr'><strong>ἐν</strong></span> <span class='ocrx_word' id='word_1_782' title='bbox 2546 5505 2715 5557; x_wconf 82' lang='grc' dir='ltr'>πόλει</span> <span class='ocrx_word' id='word_1_783' title='bbox 2745 5503 2849 5557; x_wconf 88' lang='grc' dir='ltr'><strong>τοῦ</strong></span> <span class='ocrx_word' id='word_1_784' title='bbox 2901 5502 3047 5557; x_wconf 86' lang='grc' dir='ltr'>Θεοῦ</span> <span class='ocrx_word' id='word_1_785' title='bbox 3092 5500 3274 5571; x_wconf 77' lang='grc' dir='ltr'>ἡμῶν.</span> <span class='ocrx_word' id='word_1_786' title='bbox 3305 5504 3475 5555; x_wconf 82' lang='grc' dir='ltr'>Ὅπου</span> <span class='ocrx_word' id='word_1_787' title='bbox 3518 5504 3614 5573; x_wconf 83' lang='grc' dir='ltr'><strong>τὴν</strong></span> <span class='ocrx_word' id='word_1_788' title='bbox 3638 5504 3953 5572; x_wconf 82' lang='grc' dir='ltr'>ἐπαγγελίαν</span> 
     </span>
    </p>
   </div>
   <div class='ocr_carea' id='block_1_115' title="bbox 2427 5592 3953 5667">
    <p class='ocr_par' dir='ltr' id='par_1_115' title="bbox 2427 5592 3953 5667">
     <span class='ocr_line' id='line_1_115' title="bbox 2427 5592 3953 5667; baseline 0.002 -19"><span class='ocrx_word' id='word_1_789' title='bbox 2427 5592 2560 5651; x_wconf 74' lang='grc' dir='ltr'>εἶδον</span> <span class='ocrx_word' id='word_1_790' title='bbox 2585 5595 2955 5667; x_wconf 83' lang='grc' dir='ltr'>πληρωθεῖσαν</span> <span class='ocrx_word' id='word_1_791' title='bbox 2996 5594 3260 5667; x_wconf 82' lang='grc' dir='ltr'>σημαίνει.</span> <span class='ocrx_word' id='word_1_792' title='bbox 3288 5593 3395 5649; x_wconf 86' lang='grc' dir='ltr'>Ποῦ</span> <span class='ocrx_word' id='word_1_793' title='bbox 3424 5594 3481 5647; x_wconf 81' lang='grc' dir='ltr'>δὲ</span> <span class='ocrx_word' id='word_1_794' title='bbox 3500 5595 3533 5665; x_wconf 71' lang='grc' dir='ltr'>ἢ</span> <span class='ocrx_word' id='word_1_795' title='bbox 3554 5596 3609 5647; x_wconf 81' lang='grc' dir='ltr'>ὲν</span> <span class='ocrx_word' id='word_1_796' title='bbox 3636 5598 3701 5665; x_wconf 78' lang='grc' dir='ltr'><strong>τῇ</strong></span> <span class='ocrx_word' id='word_1_797' title='bbox 3743 5596 3953 5664; x_wconf 73' lang='grc' dir='ltr'><strong>Ἐκκλη-</strong></span> 
     </span>
    </p>
   </div>
  </div>
