4102 6312
182 331 269 385 221
1234 326 1590 382 EXPOSITIO
1628 328 1693 381 IN
1732 328 2057 386 PSALMUM
2101 329 2300 384 XLVII.
2381 388 2389 398 ,

3264 332 3369 386 222

184 454 283 523 σία,
314 452 435 522 ἥτις
468 452 587 503 ἐστὶ
609 451 761 514 πόλις
788 449 877 503 τοῦ
918 447 1088 514 Θεοῦ;
1140 449 1202 503 Ὀ
1242 451 1384 516 Θεὸς
1423 453 1726 521 ἐθεμελίω-

1826 468 1947 522 qua
1978 462 2060 507 est
2090 453 2281 507 civitas
2305 450 2442 505 Dei?
2469 450 2607 503 Deus
2630 451 2995 519 fundaviteam
3018 453 3369 515 maternum.

181 559 283 596 σεν
318 542 513 609 αὐτὴν
558 545 645 607 είς
684 540 884 595 αἰῶνα.
928 538 1148 610 Ὀμοιόν
1172 540 1247 611 τῷ
1279 542 1546 613 εἰρημένῳ
1580 543 1727 612 παρά

180 632 265 686 τοῦ
288 634 493 702 Κυρίου
552 630 692 700 Ἐγὼ
721 630 820 683 ἐπὶ
843 629 956 698 τὴν
984 630 1203 699 πέτραν
1222 631 1726 701 οἱκοδομήσωμου

180 725 289 794 τὴν
325 724 715 792 Ἐκκλησίαν.

254 817 678 885 ’Υπελάὄομεν,
705 819 737 869 ό
765 815 925 881 Θεὸς,
945 815 1009 868 τὸ
1024 816 1193 881 ἔλεός
1206 830 1322 869 σου
1343 815 1413 869 ὲν
1436 815 1603 884 μέσῳ
1622 814 1726 868 τοῦ

178 908 321 963 ναοῦ
348 924 485 961 σου.
530 907 675 960 Ἀντὶ
704 905 818 971 τοῦ,
856 906 1195 977 τεθεάμεθα,
1233 908 1725 978 προσεδοκήσαμεν,

180 1000 355 1070 φησὶν,
396 1000 478 1061 είς
506 998 719 1051 ἅπασαν
751 997 848 1068 τὴν
879 1000 981 1069 γῆν
1004 998 1065 1050 τὸ
1088 997 1255 1067 ὄνομα
1278 997 1369 1049 τοῦ
1412 996 1545 1050 Θεοῦ
1570 996 1725 1061 δοξα-

182 1089 528 1160 σθησόμενον,
576 1090 639 1141 ὲκ
675 1088 767 1142 τοῦ
799 1089 947 1142 ἐλέου
998 1089 1412 1160 τεκμαιρόμενοι
1459 1088 1532 1159 μὴ
1572 1105 1725 1159 περι-

174 1183 466 1251 οψομένους
494 1183 618 1245 τοὺς
650 1180 965 1252 ἀνθρώπους
1003 1183 1156 1246 ὲκτὸς
1182 1182 1275 1235 τοῦ
1322 1182 1565 1253 Ἰσραὴλ,
1593 1182 1728 1237 ἀλλά

176 1275 264 1326 καὶ
290 1272 739 1344 ὲγκαθιδρυμένοι
759 1275 905 1345 τόπῳ
926 1292 985 1327 τε
1008 1275 1099 1327 καὶ¹
1122 1274 1254 1344 ναῷ,
1276 1275 1366 1327 τὸν
1391 1275 1727 1345 παγκόσμιον

173 1366 476 1435 ἠλπίσαμεν
536 1365 681 1424 ἔλεον
705 1407 719 1429 ,
752 1366 951 1430 εἰδότες
1005 1367 1064 1420 τὸ
1094 1367 1265 1438 ὖνομά
1322 1383 1417 1420 σου
1446 1364 1726 1421 καθολικὸν

173 1454 264 1508 καὶ
296 1455 391 1506 ἐπὶ
416 1455 581 1507 πᾶσιν
607 1453 685 1507 δν.

239 1604 402 1659 Κατὰ
422 1604 489 1658 τὸ
525 1605 712 1674 ὄνομα
743 1620 878 1667 σου,
909 1609 942 1659 ό
972 1607 1136 1672 Θεὸς,
1159 1606 1344 1671 οὕτως
1366 1605 1463 1659 καὶ
1502 1604 1541 1673 ἢ
1573 1602 1730 1657 alre-

173 1700 270 1768 σίς
288 1715 423 1755 σου.
458 1699 627 1753 Τοῦτό
655 1717 805 1771 φησι,
837 1700 970 1753 διότι
1007 1703 1170 1753 πᾶσιν
1198 1698 1378 1762 ἀπλῶς
1407 1698 1499 1751 καὶ
1523 1698 1727 1768 ἀπροσ-

1828 542 2011 597 Simile
2038 544 2112 597 illi
2137 544 2279 597 dicto
2308 541 2513 596 Domini
2539 560 2553 595 :
2600 540 2767 596 Super
2806 543 2939 595 hanc
2977 553 3175 597 cetram
3196 545 3377 614 (edifi-

1825 633 1949 687 cabo
1969 632 2257 688 Ecclesium
2282 648 2444 687 meam
2466 633 2527 686 ³⁸.

1895 790 1982 843 lli.
2054 786 2409 856 Suscepimus,
2474 787 2635 852 Deus,
2682 787 3094 842 misericordiam
3142 795 3286 841 tuam
3312 788 3368 841 in

1826 880 1992 932 medio
2029 880 2206 949 templi
2232 881 2329 933 tui.
2365 877 2530 943 Quasi
2573 877 2717 931 dicat
2745 919 2758 943 ,
2786 876 3125 945 contemplati
3156 892 3367 939 sumus,

1824 973 2250 1040 exspectavimus
2278 972 2331 1024 in
2358 971 2607 1025 universa
2636 978 2776 1023 terra
2815 983 3010 1023 nomen
3044 966 3133 1022 Dei
3167 967 3368 1035 gloriﬁ—

1825 1072 2004 1119 catum
2052 1064 2137 1127 iri,
2165 1062 2549 1132 coniectantes,
2604 1076 2668 1115 ex
2701 1060 3073 1115 misericordia
3124 1059 3217 1113 Dei
3257 1075 3366 1115 non

1825 1156 2249 1211 contemnendos
2277 1171 2369 1209 eos
2394 1154 2485 1223 qui
2518 1162 2670 1209 extra
2700 1152 2951 1207 lsraelem
2996 1160 3197 1217 essent,
3235 1153 3367 1222 quin

1824 1248 1958 1303 etin
1998 1248 2119 1301 loco
2158 1246 2298 1301 etin
2348 1245 2544 1314 templo
2594 1243 2890 1311 constituti,
2945 1242 3365 1297 misericordiam

1826 1339 1881 1394 in
1911 1341 2219 1395 universum
2243 1338 2427 1392 orbem
2479 1349 2623 1391 tuam
2653 1336 2989 1404 speravimus
3025 1351 3038 1388 :
3077 1334 3227 1404 gnari
3267 1348 3360 1387 no-

1824 1449 1949 1489 men
2008 1442 2159 1489 tuum
2200 1433 2267 1487 ad
2317 1444 2506 1486 omnes
2563 1429 2867 1500 pertingere
2908 1437 2962 1483 et
3017 1426 3074 1481 in
3113 1426 3367 1480 omnibus

1825 1540 1967 1581 esse.

1894 1614 1980 1670 ll.
2036 1614 2332 1670 Secundum
2373 1630 2554 1669 nomen
2611 1622 2778 1679 tuum,
2828 1610 2988 1674 Deus,
3030 1610 3107 1662 ita
3147 1614 3197 1660 et
3252 1605 3367 1659 laus

1830 1714 1939 1761 tua.
1970 1704 2083 1761 Hoc
2103 1708 2177 1761 ait
2227 1707 2354 1777 quia
2412 1708 2665 1764 omnibus
2711 1706 3024 1775 simpliciter
3077 1714 3131 1758 et
3168 1703 3369 1771 absque

172 1791 505 1860 ωποληπτως
558 1790 757 1843 δέδωκε
808 1790 905 1861 τὴν
933 1790 1113 1863 χάριν,
1148 1789 1287 1843 κατὰ
1311 1789 1371 1841 τὸ
1402 1788 1687 1859 εἰρημένον
1711 1804 1726 1819 ·

1826 1812 2178 1867 personarum
2210 1799 2518 1868 acceptione
2543 1799 2769 1869 gratiam
2801 1798 3023 1867 largitus
3051 1804 3152 1858 est,
3186 1800 3245 1849 ut
3286 1794 3369 1847 di-

185 1888 284 1940 ‘Er
301 1882 532 1954 Χριστῷ
577 1883 766 1951 Ἰησοῦ
796 1887 906 1939 οὐκ
932 1885 1023 1938 ἕνι
1050 1883 1288 1949 δοῦλος,
1327 1882 1468 1937 οὐδὲ
1490 1883 1725 1937 ἐλεύθε-

175 1994 289 2045 ρος.

239 2066 641 2135 Εὐφρανθήτω
665 2066 796 2133 ὅρος
822 2066 989 2120 Σιών.
1019 2068 1180 2138 Ὄρος
1213 2066 1379 2131 Σιὼν,
1420 2068 1453 2138 ἡ
1494 2068 1726 2139 Ἐκκλη-

175 2158 259 2211 σία
289 2157 552 2228 δηλονότι.
606 2159 713 2213 Kal
766 2158 1270 2228 ἀγαλλιάσθωσαν
1299 2162 1358 2213 αι
1416 2160 1728 2229 θυγατέρες

171 2249 276 2317 τῆς
336 2251 641 2317 Ἰουδαίας.
681 2251 993 2322 Θυγατέρας
1038 2252 1138 2322 τῆς
1196 2252 1448 2335 ἰουδαίας
1486 2252 1585 2316 τὰς
1619 2250 1728 2305 τῶν

172 2342 341 2409 ἁγίων
385 2344 699 2397 ἀποστόλων
756 2338 890 2396 εἷναί
921 2353 1051 2413 φησι
1102 2341 1276 2413 ψυχάς
1300 2360 1313 2372 ·
1348 2338 1487 2414 ἦσαν
1535 2341 1641 2412 γάρ
1670 2340 1727 2407 ἐξ

182 2434 469 2489 Ἰουδαίων.
522 2436 771 2489 Ἕνεκεν
817 2433 933 2487 τῶν
990 2435 1282 2503 χριμάτων
1330 2450 1446 2488 σου
1471 2474 1486 2498 ,
1532 2433 1721 2499 Κύριε.

170 2526 376 2590 Κοίνας
423 2526 523 2596 τὴν
577 2525 756 2596 κρίσιν
786 2524 894 2577 τῶν
949 2524 1139 2588 ἐθνῶν,
1172 2525 1440 2595 ὲξήλασας
1490 2523 1579 2579 τὸν
1608 2523 1727 2576 κατ’

169 2617 347 2672 αὐτῶν
374 2617 609 2687 πόλεμον
629 2616 737 2669 τῶν
762 2615 1046 2685 δαιμόνων.

236 2706 596 2763 Κυκλώσατε
616 2704 785 2770 Σιὼν,
815 2706 911 2759 καί
942 2706 1282 2775 περιλὰὄετε
1302 2704 1512 2774 αὐτήν.
1544 2703 1729 2758 Ταῦτα

170 2800 231 2853 τὸ
255 2798 485 2869 Πνεῦμα
519 2798 578 2851 τὸ
607 2796 759 2866 ἅγιον
780 2800 890 2861 τοῖς
923 2797 1238 2861 ἀποστόλοις
1279 2795 1725 2868 παρακελεύεται,

170 2892 327 2943 οιονεὶ
363 2892 541 2959 τεῖχος
572 2889 764 2952 αὐτοὺς
807 2889 1054 2954 γενέσθαι
1087 2889 1185 2955 τῆς
1234 2888 1375 2942 Σιὼν
1396 2928 1411 2954 ,
1456 2888 1729 2941 τουτέστιν

170 2980 263 3034 τοῦ
310 2979 599 3044 θεοσεϐοῦς
638 2979 1046 3051 πολιτεύματος.
1086 2979 1461 3050 Διηγήσασθε
1488 2978 1558 3033 ἐν
1606 2977 1729 3045 τοῖς

1824 1895 1971 1945 ctum
2018 1896 2139 1943 est:
2174 1887 2243 1942 In
2292 1887 2502 1943 Christo
2530 1888 2657 1942 Iesu
2708 1906 2811 1943 non
2853 1898 2930 1943 est
2979 1903 3173 1950 servus,
3209 1899 3369 1955 neque

1824 1979 1955 2033 liber
1974 1979 2039 2033 ⁸⁷.

1897 2072 1984 2128 12.
2055 2070 2285 2127 ιωῑειιιν
2334 2088 2481 2126 mons
2529 2070 2675 2126 Sion.
2726 2071 2878 2127 Mons
2917 2071 3069 2135 Sion,
3130 2070 3367 2127 Ecclesia

1824 2163 2089 2218 videlicet.
2126 2163 2195 2217 Et
2228 2164 2487 2218 exsultent
2520 2164 2646 2234 ﬁlias
2688 2163 2911 2221 ludam.
2949 2164 3057 2235 (l7)
3093 2162 3256 2218 Filias
3277 2160 3371 2215 Ju-

1826 2254 1953 2310 daere
1979 2255 2187 2310 animas
2214 2270 2333 2311 esse
2359 2256 2492 2310 dicit
2519 2258 2885 2325 apostolorum
2911 2274 2926 2323 ;
2971 2263 3124 2310 erant
3150 2254 3292 2309 enim
3336 2268 3369 2308 a

1826 2346 2025 2405 ludatis
2052 2348 2321 2418 prognati.
2356 2346 2580 2417 Propter
2597 2348 2805 2418 judicia
2835 2357 2949 2411 tua,
2973 2346 3211 2401 Domine.
3233 2345 3368 2400 Cum

1822 2439 2122 2509 iudicasses
2155 2440 2404 2497 videlicet
2427 2440 2665 2510 gentium
2709 2454 2955 2502 causam,
2988 2437 3241 2508 depulisti
3271 2437 3373 2492 dae-

1828 2547 2047 2589 monum
2080 2532 2275 2587 bellum
2298 2533 2559 2589 adversus
2591 2547 2687 2589 eos
2708 2531 3022 2588 excitatum.

1897 2705 1984 2760 15.
2038 2705 2370 2760 Circumdate
2391 2704 2518 2761 Sion
2559 2714 2608 2759 et
2639 2704 3043 2761 complectimini
3079 2720 3211 2758 eam.
3250 2701 3372 2758 Περ

1830 2797 2065 2868 Spiritus
2102 2808 2324 2855 sanctus
2366 2799 2518 2869 jubet
2568 2798 2827 2869 apostolis
2854 2839 2870 2863 ,
2910 2808 2968 2851 ut
3012 2797 3216 2869 scilicet
3263 2795 3372 2851 sint

1825 2867 1993 2948 veluti
2030 2906 2221 2947 murus
2256 2867 2474 2958 Sionis;
2517 2892 2571 2947 id
2600 2867 2684 2947 es:
2707 2890 2942 2962 religiosi
2968 2867 3369 2944 vitae‘instituti.

1830 2980 2060 3036 Narrate
2090 2982 2145 3036 in
2179 2982 2408 3036 turribus
2431 2981 2565 3050 ejus.
2606 2980 2839 3049 Quinam
2870 2994 3000 3037 vero
3036 2977 3237 3035 fuerint
3267 2975 3371 3033 Ec-

171 3075 416 3143 πύρτοις
466 3070 672 3140 αὐτῆς.
726 3073 837 3127 Καὶ
886 3071 1028 3138 τίνες
1059 3072 1126 3128 ἀν
1153 3068 1261 3127 εἷεν
1304 3073 1354 3125 οἱ
1403 3070 1600 3144 πύργοι
1630 3071 1727 3143 τῆς

1828 3071 2003 3128 clesiae
2054 3078 2257 3137 turres,
2308 3073 2413 3127 nisi
2445 3071 2482 3127 ii
2532 3073 2627 3143 qui
2670 3071 2838 3129 variis
2883 3068 3211 3140 temporibus
3253 3067 3373 3139 ejus

183 3136 509 3235 Ἐκκλησίας
534 3164 567 3234 ἢ
682 3163 819 3218 κατά
845 3136 1035 3235 καιρὸν
1059 3167 1227 3237 αὐτῆς
1246 3136 1539 3237 ἡγούμενοι
1563 3167 1657 3219 καὶ
1678 3136 1727 3219 oi

1826 3164 1995 3222 duces
2041 3136 2262 3231 fuerint,
2298 3175 2458 3235 atque
2499 3136 2649 3234 justi,
2701 3164 2855 3235 queis
2886 3136 3118 3233 apostoli
3153 3136 3372 3217 narrant

168 3254 387 3317 δίκαιοι,
414 3248 498 3316 οἷς
524 3253 618 3307 καὶ
649 3253 959 3324 διηγοῦνται
990 3255 1057 3308 τά
1090 3255 1352 3325 μεγαλεία
1388 3255 1481 3308 τοῦ
1520 3254 1652 3309 Θεοῦ
1678 3257 1727 3308 oi.

170 3346 460 3401 ἀπόστολοι
480 3363 496 3411 ;

239 3434 401 3509 [Ταῖς
425 3437 528 3509 τὴν
573 3436 895 3508 Ἐκκλησίαν
927 3438 1021 3490 καλ⁸
1046 3437 1109 3491 τὸ
1149 3437 1394 3503 θεοσεϐὲς
1435 3438 1729 3509 πολίτευμα

173 3528 537 3599 φρωρούσαις
582 3527 754 3591 θείαις
801 3529 1126 3599 δυνάμεσιν,
1161 3530 1411 3599 ἀγγέλοις
1447 3547 1506 3582 τε
1557 3530 1728 3599 ἁγίοις

174 3621 484 3690 προσφωνεῖ
524 3619 586 3671 τὸ
631 3618 850 3689 Πνεῦμα
882 3619 943 3671 τὺ
988 3618 1140 3686 ἅγιον
1166 3620 1356 3687 λέγον·
1401 3620 1727 3672 Κυκλὼσατε

176 3713 294 3775 τοὺς
346 3709 611 3782 πύργους.
661 3711 742 3765 Τά
773 3710 879 3782 γὰρ
913 3711 1193 3782 κρείττονα
1247 3711 1343 3781 τῆς
1401 3711 1602 3773 πόλεως
1652 3710 1728 3774 ὼς

179 3802 573 3873 ἀναγκαιότερα
603 3802 737 3874 πρὸς
765 3802 1156 3875 παραφυλακὴν
1177 3801 1394 3873 ἀριθμῷ
1439 3802 1731 3874 παραδέδο-

178 3912 275 3949 sat.
292 3898 407 3958 τοῖς
438 3893 739 3966 φρουροῖς]

247 3985 432 4041 Θέσθε
462 3985 569 4050 τὰς
590 3983 832 4051 καρδίας
868 3982 1030 4053 ὑμῶν
1056 3987 1141 4050 είς
1178 3984 1291 4052 τὴν
1332 3984 1585 4053 δύναμιν
1620 3988 1727 4038 αὐ-

183 4073 304 4143 τῆς.
339 4074 579 4146 Δύναμις
600 4073 759 4127 πάλιν
781 4075 878 4144 τῆς
930 4074 1245 4143 Ἐκκλησίας
1274 4075 1323 4125 oi
1346 4073 1727 4144 ὑποστηρίζονο

183 4184 267 4231 τις
313 4166 482 4237 αὐτὴν
509 4166 677 4234 λόγοι,
722 4163 814 4229 οὒς
863 4166 957 4218 καὶ
990 4164 1047 4230 ἐξ
1077 4164 1202 4234 ὅλης
1253 4164 1475 4235 καρδίας
1522 4163 1729 4217 κελεύει

181 4259 299 4321 τοὺς
335 4258 523 4325 ἁγίους
552 4255 874 4319 ἀποστόλους
910 4256 1200 4311 νουθετεῖν.
1244 4257 1354 4310 Καὶ
1388 4255 1727 4309 καταδιέλε-

183 4352 285 4402 cas
305 4349 413 4413 τὰς
428 4345 641 4414 ,ϐάρεις
657 4346 862 4414 αὐτῆς.
898 4348 1183 4411 Ἕκαστος,
1208 4348 1361 4417 φησὶ,
1406 4346 1603 4417 μέρους
1637 4346 1731 4415 βα-

1826 3257 2092 3329 magnalia
2132 3255 2226 3312 Dei
2246 3257 2271 3311 τ

1897 3436 1916 3508 Ῐ
1948 3434 2166 3490 Divinas
2208 3442 2522 3505 potestates,
2569 3446 2690 3502 qua:
2736 3430 3031 3486 Ecclesiam
3070 3438 3125 3485 et
3162 3428 3373 3499 religio-

1826 3547 1946 3587 sum
1973 3530 2276 3585 institutum
2305 3533 2526 3582 servant
2555 3525 2881 3595 angelosque
2908 3530 3123 3579 sanctos
3144 3522 3373 3591 alloqui-

1824 3631 1918 3679 tur
1960 3620 2192 3692 Spiritus
2235 3630 2477 3687 sanctus,
2526 3620 2758 3674 dicens:
2790 3616 3132 3674 Circumdate
3173 3625 3370 3670 turres.

1826 3714 1958 3782 Quae
1986 3713 2131 3768 enim
2169 3712 2223 3766 in
2260 3711 2393 3765 urbe
2430 3710 2801 3780 prmstantiora
2847 3709 3178 3763 munimenta
3226 3703 3381 3771 sunt,

1827 3805 2149 3863 custodibus
2191 3818 2418 3859 numero
2460 3800 2768 3858 concredita
2817 3806 2962 3866 sunt,
3015 3806 3077 3855 ut
3128 3798 3244 3868 ipsa
3281 3797 3373 3852 de-

1826 3897 2066 3953 fendant.
2092 3894 2112 3966 ]

1900 3988 1987 4042 14.
2047 3986 2237 4040 Ponite
2274 3984 2437 4040 corda
2485 3992 2653 4039 uestra
2698 3984 2753 4037 in
2800 3986 2992 4037 virtute
3029 3982 3161 4051 ejus.
3196 3978 3373 4035 Virtus

1827 4079 2080 4136 Ecclesia:
2110 4088 2236 4134 sunt
2262 4078 2354 4148 qui
2383 4092 2502 4131 eam
2548 4076 2869 4131 confirmant
2899 4089 3197 4137 sermones,
3237 4088 3373 4141 quos

1828 4171 2082 4242 apostolis
2117 4170 2269 4239 jubet
2313 4176 2373 4222 ut
2421 4176 2535 4223 toto
2581 4168 2744 4223 corde
2791 4167 2929 4220 inter
2974 4163 3374 4221 admonendum

1827 4269 2110 4332 usurpem.
2137 4258 2203 4312 Et
2237 4259 2535 4313 distribuite
2559 4257 2742 4311 domos
2762 4257 2894 4325 ejus.
2920 4253 3145 4325 Singuli,
3179 4253 3371 4322 inquit,

1830 4354 1883 4409 in
1916 4354 2150 4423 aliquam
2187 4359 2343 4407 terrae
2360 4360 2567 4420 partem
2599 4349 2884 4418 imperium
2907 4346 3204 4401 obtineant.
3239 4343 3379 4398 Nam

186 4440 435 4494 σιλευέτω
460 4439 570 4493 τῶν
586 4439 772 4493 ἐθνῶν.
805 4440 1077 4494 Διείλαντο
1101 4439 1229 4512 γὰρ,
1252 4440 1402 4511 φησὶ,
1434 4440 1531 4511 τὴν
1553 4441 1727 4492 οίκου-

1829 4445 2127 4499 diviserunt
2170 4441 2295 4506 sibi,
2348 4442 2442 4505 ait,
2494 4438 2801 4504 duodecim,
2845 4437 3029 4492 orbem
3079 4445 3251 4491 terrai.
3306 4432 3373 4488 Ut

188 4532 347 4603 μένην
386 4532 434 4584 oi
482 4528 704 4584 δώδεκα.
740 4532 935 4598 Ὅπως
987 4531 1357 4601 διητήσησθε
1384 4534 1469 4597 εις
1518 4533 1727 4600 γενεὰν

1831 4537 2083 4592 enarretis
2112 4535 2163 4588 in
2206 4533 2446 4603 progenie
2488 4532 2675 4585 altera.
2729 4531 2966 4599 Apostoli
3007 4543 3237 4597 namque
3280 4542 3375 4596 per

183 4621 404 4692 ἑτέραν.
441 4624 504 4677 οι
532 4622 639 4693 γὰρ
665 4624 947 4681 ἀπόστολοι
980 4624 1072 4678 καὶ
1108 4627 1227 4687 ταῖς
1256 4627 1370 4694 μετ’
1419 4626 1616 4688 αὐτοὺς
1652 4624 1731 4677 δι-

182 4711 433 4781 ηγοῦνται
480 4714 709 4780 γενεαῖς,
735 4712 801 4766 δι’
828 4705 902 4767 ὧν
929 4712 1341 4768 καταλελοίπασι
1371 4714 1729 4784 συγγραμμάς

182 4820 285 4857 των
310 4803 439 4876 περὶ
467 4803 723 4876 Χριστοῦ.

252 4896 378 4949 ὀτι
407 4890 584 4961 οὗτός
618 4897 787 4949 ἐστιν
823 4900 854 4950 ό
880 4896 1021 4963 Θεὸς
1052 4896 1219 4966 ἡμῶν
1262 4899 1348 4963 εὶς
1370 4898 1476 4951 τὸν
1521 4897 1722 4953 αἰῶνα.

184 4984 289 5056 τῆς
317 4986 683 5057 διανεμήσεως
706 4988 804 5059 τὴν
830 4989 1007 5041 αἰτίαν
1041 4988 1191 5059 φησί.
1220 4988 1419 5043 Τούτου
1459 4989 1615 5059 χάριν
1658 4990 1735 5043 διο

186 5076 374 5143 δάξατε
398 5079 493 5132 καὶ
519 5077 773 5142 διέλεσθε,
798 5078 884 5131 ἵνα
907 5080 999 5132 καὶ
1038 5082 1155 5143 ταῖς
1185 5079 1407 5151 ὕστερον
1433 5082 1730 5151 γενησομέ-

1832 4628 2031 4696 scripta
2066 4640 2187 4696 quae
2218 4624 2551 4694 reliquerunt
2596 4621 2873 4677 Christum
2919 4630 3170 4675 enarrant
3213 4634 3376 4690 gene-

1832 4718 2134 4775 rationibus
2173 4715 2644 4785 subsequentibus.

1901 4912 1989 4966 15.
2043 4910 2302 4978 Quoniam
2328 4911 2411 4963 hic
2433 4918 2507 4964 est
2538 4909 2674 4963 Deus
2708 4915 2878 4961 noster
2898 4908 2956 4961 in
2974 4904 3241 4968 saeuiunt,
3267 4912 3370 4958 etc.

1831 5002 2240 5060 Distributionis
2272 5016 2491 5057 causam
2516 5000 2801 5070 signiﬁcat.
2837 4997 3144 5067 Propterea,
3175 4996 3371 5067 inquit,

1830 5092 2138 5147 distribuite
2172 5101 2225 5145 et
2262 5091 2471 5155 docete,
2508 5098 2569 5143 ut
2604 5086 3040 5159 generationibus
3076 5094 3197 5155 post
3226 5084 3369 5139 futu-

188 5186 300 5232 ναις
319 5173 531 5238 γενεαῖς
554 5170 815 5223 ἀκουστὸν
851 5170 1093 5241 γένηται,
1120 5172 1202 5224 ὅτι
1247 5168 1400 5235 οὗτος
1453 5171 1482 5223 ὁ
1513 5172 1727 5236 δικαίως

1828 5188 1906 5241 ris
1933 5196 2119 5241 notum
2145 5186 2235 5251 sit,
2267 5201 2389 5240 eum
2417 5184 2509 5254 qui
2533 5184 2679 5254 juste
2707 5182 2961 5253 populum
3002 5181 3147 5251 pavit
3187 5180 3262 5253 (id
3289 5190 3371 5234 est

186 5260 449 5330 τωιμάνας
475 5261 601 5314 λαὸν
642 5261 818 5331 (λέγει
869 5262 926 5314 δὲ
955 5264 1187 5335 Κύριον)
1224 5259 1372 5329 οὗτός
1409 5267 1553 5319 ἐστιν
1578 5269 1608 5319 ό
1639 5268 1727 5321 καὶ

1827 5276 2141 5347 Dominum)
2169 5277 2416 5332 eumdem
2445 5276 2623 5345 ipsum
2666 5291 2785 5332 esse
2821 5275 2914 5346 qui
2955 5289 3049 5344 per
3094 5271 3273 5328 futura
3317 5282 3372 5327 et

186 5354 260 5415 είς
287 5354 413 5415 τοὺς
435 5353 723 5424 μέλλοντας
750 5357 841 5409 καὶ
873 5356 1253 5428 ἀτελευτήτους
1274 5357 1472 5421 αίῶνας
1525 5358 1728 5427 μέλλων

186 5445 509 5515 ποιμαίνειν.

276 5621 297 5651 ⁸
378 5622 566 5678 Matth.
629 5639 739 5686 xvi,
816 5622 897 5678 18.
989 5625 1030 5655 "’
1082 5626 1251 5681 Galat.
1296 5644 1374 5689 Ill,
1435 5628 1501 5683 28

1824 5369 2034 5425 inﬁnita
2080 5368 2273 5424 saecula
2311 5375 2491 5438 pascet
2529 5381 2644 5423 eos.

256 5738 365 5807 (ΓΙ)
430 5738 603 5792 Aliam
651 5737 807 5793 aﬂ'ert
846 5739 977 5796 Dan.
1022 5741 1285 5796 Barbarus
1325 5744 1816 5811 interpretationem
1864 5757 1980 5813 quae
2015 5752 2097 5798 est
2136 5741 2361 5811 Didymi.
