4102 6312
733 364 840 419 223

845 478 892 530 1.
929 475 990 528 In
1013 479 1189 545 ﬁnem,
1215 476 1340 543 ﬁliis
1370 474 1518 529 Core.
1549 475 1679 530 PSA
1694 475 1886 530 LMUS
1911 471 2181 527 XLVIII.

1317 568 1711 637 Argumentum.

736 662 866 727 Quae
915 663 981 717 ad
1033 662 1272 715 divinum
1327 659 1564 714 tribunal
1608 660 1873 728 pertinent
1925 660 2025 714 hoc
2081 659 2289 728 psalmo

807 755 1058 808 omnibus
1113 754 1421 808 hominibus
1481 752 1869 822 praedicantur,
1920 767 2125 804 necnon
2173 751 2289 805 dies

809 846 898 899 illa
928 861 1030 914 qua
1065 844 1203 899 Deus
1245 845 1460 899 condita
1507 845 1683 896 omnia
1714 842 1780 896 ad
1815 843 2078 911 judicium
2123 841 2290 896 addu-

816 944 925 990 cet.
961 935 1210 989 Fortasse
1255 950 1382 988 vero
1411 934 1502 986 lilii
1535 932 1669 987 Core
1703 935 2068 1001 apostolorum
2103 947 2290 1001 perso-

812 1043 933 1081 nam
968 1036 1156 1098 gerant
1185 1026 1274 1095 qui
1317 1025 1584 1095 mysteriis
1621 1024 1804 1078 orbem
1847 1023 2147 1092 initiarunt.

809 1207 862 1260 2.
923 1207 1113 1259 Audite
1157 1207 1285 1269 lucc,
1328 1221 1499 1257 omnes
1527 1212 1720 1272 gentes,
1765 1202 1977 1254 auribus
2022 1203 2288 1270 percipite,

746 1301 1027 1369 omnes'qui
1067 1299 1312 1350 habitatis
1344 1297 1537 1350 orbem.
1584 1294 1732 1348 Sicut
1761 1295 1825 1347 ad
1866 1293 2093 1348 salutem
2120 1302 2288 1346 totum

745 1391 1038 1444 humanum
1071 1405 1237 1457 genus
1278 1395 1452 1449 vocat,
1487 1387 1672 1440 eodem
1713 1384 1873 1438 modo
1900 1386 1965 1438 ad
1989 1384 2288 1438 doctrinam

738 1481 906 1535 divini
929 1481 1138 1551 judicii,
1165 1495 1272 1534 una
1307 1492 1495 1532 omnes
1522 1492 1700 1532 sermo
1726 1483 1934 1529 evocat.

811 1652 862 1706 5.
917 1653 1119 1723 Quique
1155 1655 1422 1724 terrigena?
1492 1664 1538 1707 et
1589 1654 1687 1722 ﬁlii
1716 1653 2005 1706 hominum.
2049 1651 2290 1724 Terrige-

739 1760 840 1799 nas
873 1752 1030 1798 vocat
1059 1745 1379 1814 agrestiores
1407 1743 1651 1797 homines
1685 1743 2074 1811 barbarosque,
2113 1744 2204 1811 qui
2237 1745 2287 1795 in

1555 359 1610 412 S.
1651 354 2017 412 ATHANASII
2062 352 2213 407 OPP.
2254 350 2433 406 PARS
2469 351 2552 405 ill.
2594 381 2664 392 —-
2698 348 3103 405 EXEGETICA.

2318 472 2365 528 Α

3828 351 3930 406 224

2491 469 2590 533 Εἰς
2620 467 2788 530 τέλος
2812 467 2934 529 τοῖς
2979 463 3122 528 υἱοῖς
3150 463 3316 530 Κορὲ.
3361 466 3660 520 ΨΑΑΜΟΣ
3687 471 3807 522 ΜΗ

2997 557 3010 575 ⁸
3023 557 3325 620 Υπόθεσις.

2388 649 2486 703 Διὰ
2502 667 2592 702 του
2623 652 2883 720 παρόντος
2908 647 3120 719 ψαλμοῦ
3146 647 3214 700 τὰ
3241 648 3367 718 περὶ
3389 650 3481 702 τοῦ
3507 649 3650 703 θείου
3681 653 3933 726 δικαστη-

2461 742 2572 812 ρίου
2632 745 2740 805 τοῖς
2775 744 2935 795 πᾶσιν
2967 738 3270 810 ἀνθρώποις
3329 740 3690 811 κηρύττεται,
3755 746 3848 797 καὶ
3900 748 3931 815 ή

2455 833 2639 903 ἡμέρα
2668 834 2868 903 ἐκείνη,
2901 833 3019 886 καθ’
3041 834 3107 903 ἢν
3127 833 3241 899 ἄξει
3269 836 3297 887 ὁ
3340 833 3468 896 Θεὸς
3497 837 3602 887 πᾶν
3640 836 3700 886 τὸ
3729 835 3933 906 ποίημα

2458 924 2538 986 είς
2569 923 2766 994 κρίσιν.
2797 926 3006 994 Ἔχοιεν
3030 925 3074 977 δ’
3098 927 3163 978 ἂν
3195 928 3242 978 οἱ
3272 925 3375 978 υἱοὶ
3405 925 3546 995 Κορὲ
3570 925 3676 978 τῶν
3707 928 3928 980 ἀποστόο

2459 1017 2564 1068 λων
2584 1017 2642 1070 τὺ
2670 1017 2974 1088 πρόσωπον,
2999 1017 3104 1069 τῶν
3140 1017 3676 1086 μυσταγωγησάντων
3717 1018 3814 1086 τὴν
3849 1017 3933 1070 ὑπ’

2459 1109 2700 1179 οὐρανόν.

2474 1200 2790 1254 ’Δκούσατε
2817 1199 3018 1263 ταῦτα,
3059 1199 3252 1253 πάντα
3276 1202 3347 1253 τὰ
3375 1200 3516 1268 ἔθνη
3536 1242 3549 1262 ,
3576 1202 3935 1254 ἐνωτίσασθε

2390 1289 2608 1353 πάντες
2639 1293 2693 1343 ot
2733 1290 3145 1355 κατοικοῦντες
3176 1290 3288 1357 τὴν
3319 1292 3692 1360 οἰκουμένην.
3728 1293 3934 1363 ’Ὠσπερ

2389 1381 2480 1434 ἐπὶ
2510 1381 2748 1452 σωτηρίᾳ
2798 1383 2903 1435 πᾶν
2926 1382 3076 1450 γένος
3119 1381 3416 1451 ἀνθρώπων
3475 1383 3796 1453 παρακαλεῖ,
3849 1384 3935 1436 τδν

2390 1471 2548 1524 αὑτὸν
2567 1472 2762 1542 τρόπον
2795 1473 2887 1525 καὶ
2911 1474 3000 1525 ἐπὶ
3030 1473 3367 1526 διδασκαλίαν
3395 1473 3494 1543 τῆς
3529 1473 3675 1537 θείας
3706 1475 3935 1543 κρίσεως

2388 1562 2519 1632 ὁμοῦ
2550 1562 2754 1626 πάντας
2783 1566 2810 1616 ό
2831 1564 2984 1632 λόγος
3018 1563 3379 1617 ἀνακαλεῖται.

2461 1656 2527 1707 ΟΖ
2557 1670 2619 1707 τε
2647 1654 2911 1724 γηγενεῖς
2937 1655 3032 1707 καὶ
3070 1655 3184 1708 υἱοί
3224 1653 3338 1706 τῶν
3380 1653 3716 1722 ἀνθρώπων.
3764 1654 3934 1722 Γηγε-

2390 1749 2497 1808 νεῖς
2524 1745 2619 1816 μὲν
2657 1745 2780 1808 τοὺς
2806 1744 3133 1815 βαρυτέρους
3165 1744 3269 1796 τῶν
3302 1743 3595 1814 ἀνθρώπων
3632 1745 3784 1798 καλεῖ
3814 1747 3938 1808 τοὺς

739 1835 966 1890 desertis
1006 1810 1266 1901 habitant,
1304 1849 1477 1904 neque
1506 1833 1713 1904 legibus
1757 1833 1931 1888 cultos
1949 1810 1980 1899 ;7
2016 1810 2156 1887 lilios
2188 1833 2288 1886 ho-

2397 1810 2720 1909 βαρϐάρους,
2752 1810 2844 1889 καὶ
2873 1810 2929 1890 ἐν
2959 1810 3211 1908 ἐρημίαις
3241 1810 3548 1902 οἰκοῦντας,
3573 1839 3664 1890 καὶ
3691 1838 3764 1909 μὴ
3798 1838 3939 1909 νομίο

741 1927 946 1981 minum
978 1926 1109 1981 dicit
1131 1942 1226 1980 eos
1253 1927 1343 1995 qui
1376 1927 1747 1980 humaniorem
1793 1926 2000 1979 ducunt
2043 1926 2164 1979 vita:
2205 1941 2291 1980 ra-

740 2020 940 2074 tionem
969 2028 1021 2073 et
1041 2019 1246 2087 legibus
1281 2026 1486 2086 parent.

810 2190 864 2245 4.
917 2189 990 2245 0s
1013 2206 1181 2244 meum
1205 2190 1443 2260 loquetur
1471 2190 1801 2258 sapientiam.
1826 2187 2288 2255 Quemadmodum

744 2297 841 2336 ceu
866 2281 920 2334 in
946 2283 1126 2336 varios
1177 2279 1397 2335 ordines
1439 2279 1713 2334 distribuit
1767 2278 2062 2345 auditores,
2119 2279 2190 2332 ita
2237 2288 2292 2333 et

742 2374 1041 2430 doctrinam
1086 2388 1239 2428 suam
1272 2371 1324 2425 in
1361 2372 1551 2427 modos
1591 2372 1876 2440 distinguit
1901 2372 2099 2426 varios.
2147 2369 2289 2424 Cho-

741 2483 836 2521 rus
860 2475 1038 2520 autem
1065 2465 1394 2535 apostolicus
1420 2473 1500 2519 est
1535 2465 1627 2533 qui
1661 2466 1772 2518 haec
1816 2463 2076 2532 loquitur,
2114 2470 2168 2516 et
2195 2462 2287 2533 qui

741 2558 916 2611 inore
943 2556 1220 2611 Christum
1272 2556 1454 2622 habet,
1506 2555 1597 2625 qui
1641 2564 1724 2610 est
1767 2556 2030 2625 sapientia
2088 2554 2286 2609 Patris.

742 2646 936 2717 Utpote
972 2647 1134 2717 igitur
1155 2644 1430 2700 Christum
1453 2645 1505 2699 in
1532 2660 1624 2700 ore
1647 2644 1899 2710 ferentes,
1925 2654 1978 2701 et
2000 2661 2124 2702 eum
2147 2662 2289 2702 sem-

739 2755 833 2809 per
859 2747 1038 2794 mente
1075 2744 1353 2793 versantes
1396 2737 1804 2806 intelligentiam
1845 2737 2180 2792 obtinebant.
2211 2738 2286 2792 Ita

739 2841 920 2888 autem
951 2846 1102 2887 mens
1129 2845 1314 2886 eorum
1341 2830 1408 2884 ad
1435 2829 1836 2899 intelligentiam
1864 2839 2018 2882 acuta
2043 2837 2097 2882 et
2129 2844 2289 2898 expe-

738 2927 849 2980 dita
874 2933 1010 2991 erat,
1041 2931 1100 2977 ut
1126 2924 1284 2978 etiam
1323 2921 1607 2990 parabolas
1636 2919 1932 2974 Salvatoris
1962 2920 2014 2973 in
2044 2918 2289 2991 Evange-

740 3019 829 3072 liis
855 3016 1152 3085 descriptas
1182 3014 1558 3083 intelligerent.
1587 3012 1946 3078 Quamobrem
1987 3027 2109 3067 eum
2141 3014 2285 3069 dice-

740 3117 824 3164 ret
846 3108 1094 3162 Christus
1132 3107 1176 3138 "
1206 3123 1222 3160 :
1261 3104 1606 3159 Intellexistis
1640 3103 1747 3157 hwc
1791 3104 2008 3157 omnia?
2038 3105 2288 3160 dicebant

739 3203 789 3258 ei
821 3222 834 3257 :
873 3200 1070 3256 Etiam.

811 3293 864 3347 5.
925 3291 1200 3346 Inclinabo
1247 3291 1303 3343 in
1349 3287 1654 3358 parabolam
1701 3303 1880 3340 aurem
1937 3302 2122 3340 meam.
2177 3285 2290 3358 Ego

739 3385 985 3456 quidem,
1012 3385 1104 3448 ait,
1133 3390 1418 3452 postquam
1466 3388 1696 3434 mentem
1740 3394 1912 3432 meam
1947 3380 2066 3434 acui
2107 3379 2172 3434 ad
2203 3381 2290 3434 in-

742 3473 1093 3544 telligentiam
1142 3470 1522 3541 parabolarum
1582 3467 1897 3533 Salvatoris,
1948 3469 2000 3520 in
2033 3469 2098 3523 iis
2144 3483 2295 3523 com-

741 3567 1061 3638 prehensam
1089 3564 1408 3619 sententiam
1447 3554 1660 3629 assequi
1697 3561 1867 3628 potui.
1901 3559 1970 3614 lis
1996 3569 2173 3614 autem
2203 3561 2293 3629 qui

741 3658 797 3712 id
835 3670 994 3726 agere
1021 3655 1090 3708 ob
1135 3653 1415 3707 infantiam
1449 3666 1552 3705 non
1583 3650 1762 3704 valent
1801 3651 2040 3720 aperiam
2076 3666 2139 3705 ea
2174 3667 2294 3721 quae

742 3750 924 3804 clausa
953 3755 1108 3812 sunt,
1142 3753 1194 3799 et
1245 3744 1574 3813 problemata
1619 3742 1902 3811 explicabo
1952 3751 2112 3810 atque
2146 3758 2297 3811 para-

741 3841 913 3896 bolas.
986 3838 1112 3893 [hac
1169 3845 1346 3893 autem
1407 3851 1502 3906 per
1561 3836 1872 3902 psalterium
1934 3836 2046 3889 sive
2100 3849 2295 3904 corpus

742 3951 922 3989 meum
960 3931 1206 3993 eﬂiciam,
1254 3929 1396 3998 quod
1429 3927 1584 3996 quasi
1631 3941 1890 3996 organum
1956 3934 2192 3989 resonat,
2244 3935 2298 3980 et

742 4041 854 4094 quo
896 4023 1074 4079 anima
1121 4035 1238 4076 mea
1282 4020 1348 4074 ad
1406 4021 1663 4090 hymnum
1719 4018 1946 4073 vertitur
2003 4020 2293 4072 concinen-

746 4119 893 4182 dum,
923 4129 1018 4185 per
1044 4112 1287 4183 singulos
1325 4125 1538 4174 sensus,
1568 4108 1809 4163 membra
1834 4116 2122 4177 partesque
2153 4108 2295 4177 peri-

746 4209 954 4265 tissime
986 4213 1151 4260 mota.

815 4301 868 4355 6.
927 4298 1035 4354 Cur
1069 4295 1252 4350 timebo
1280 4294 1334 4347 in
1365 4293 1446 4346 die
1491 4293 1674 4345 mala.’
1703 4290 1840 4345 Hinc
1880 4293 2114 4358 orditur,
2145 4304 2297 4362 post-

743 4406 908 4463 quam
941 4389 1171 4458 priorem
1215 4386 1475 4441 doctrinae
1509 4392 1716 4454 partem
1779 4399 1876 4438 ceu
1927 4383 1981 4438 in
2029 4387 2296 4455 prommio

2399 1948 2512 2000 μως
2546 1929 2985 1999 πολιτευομένους
3005 1947 3017 1959 ·
3048 1931 3194 1992 υἱοὺς
3225 1929 3281 1981 δὲ
3316 1927 3611 2000 ἀνθρώπων
3641 1929 3765 1991 τοὺς
3809 1932 3942 1999 ἡμε-

2397 2021 2636 2091 ρωτέραν
2681 2019 2949 2073 πολιτείαν
3002 2021 3447 2092 μετερχομένους,
3479 2019 3570 2074 καὶ
3601 2020 3782 2090 νόμοις
3817 2020 3942 2074 διοι-

2395 2130 2490 2164 mu
2498 2113 2706 2182 μένους.

2468 2203 2538 2257 Τὸ
2559 2204 2748 2272 στόμα
2765 2221 2884 2272 μου
2904 2204 3162 2271 λαλήσει
3189 2204 3433 2272 σοφίαν.
3461 2205 3666 2276 Ὥσπερ
3701 2206 3783 2269 είς
3815 2205 3944 2273 τάγ-

2397 2309 2538 2360 ματα
2572 2294 2795 2348 πλεῖστα
2825 2295 2949 2357 τοὺς
2969 2294 3240 2367 ἀκροατὰς
3271 2295 3483 2361 διεῖλεν,
3527 2295 3694 2359 οὕτως
3725 2298 3821 2350 καὶ
3848 2297 3944 2368 τὴν

2394 2383 2554 2436 αὐτοῦ
2584 2384 2926 2438 διδασκαλίαν
2969 2388 3047 2450 είς
3082 2387 3312 2459 τρόπους
3357 2386 3603 2457 ἀφορίζει
3634 2387 3940 2460 διαφόρους.

2405 2475 2463 2527 '0
2497 2475 2652 2545 χορὸς
2677 2475 2732 2528 δέ
2762 2477 2906 2531 ἐστιν
2931 2479 2959 2530 ό
2992 2477 3340 2542 ἀποστολικὺς
3369 2480 3397 2532 ό
3441 2476 3611 2530 ταῦτα
3642 2478 3945 2548 φθεγγόμε-

2394 2585 2502 2631 νος,
2527 2567 2617 2620 καὶ
2641 2568 2730 2620 ἐπὶ
2766 2569 3026 2638 στόματος
3051 2570 3229 2640 φέρων
3261 2569 3348 2622 τὸν
3370 2570 3617 2641 Χριστὸν,
3650 2569 3708 2633 ὅς
3741 2570 3890 2622 ἐστιν
3913 2570 3946 2639 ἡ

2396 2659 2554 2726 σοφία
2579 2658 2670 2711 τοῦ
2700 2660 2929 2729 Πατρός.
2961 2660 3085 2711 "At:
3110 2660 3172 2730 δὴ
3199 2655 3288 2712 οῦν
3312 2659 3399 2710 τὸν
3428 2659 3656 2730 Χριστὸν
3705 2661 3797 2711 ἐπὶ
3830 2660 3948 2711 στό-

2397 2766 2562 2820 ματος
2589 2749 2861 2819 φέροντες,
2896 2749 2988 2802 καὶ
3020 2749 3202 2802 τοῦτον
3230 2751 3304 2812 είς
3334 2750 3456 2804 νοῦν
3491 2751 3578 2804 ἀεὶ
3612 2749 3949 2819 ἐκμελετῶν-

2394 2857 2502 2904 τες,
2550 2840 2759 2893 σύνεσιν
2814 2836 2975 2910 εἶχον.
3037 2839 3190 2895 Οὕτω
3217 2842 3272 2894 δέ
3327 2841 3502 2894 αὐτῶν
3541 2841 3772 2912 ὴκόνητο
3812 2843 3948 2912 πρὸς

2397 2930 2607 2984 σύνεσιν
2630 2933 2658 2983 ὁ
2687 2930 2828 2995 νοῦς,
2855 2931 2930 2994 ὼς
2957 2931 3051 2984 καὶ
3082 2931 3179 2994 τὰς
3218 2929 3526 3002 παραϐολὰς
3569 2930 3661 2983 τοῦ
3693 2932 3950 3002 Σωτῆρος

2393 3023 2490 3086 τὰς
2519 3024 2576 3074 ἐν
2604 3026 2714 3086 τοῖς
2738 3023 3086 3092 Εὑαγγελίοις
3118 3025 3418 3094 φερομένας
3447 3023 3696 3075 συνιέναι.
3743 3023 3838 3075 Διὸ
3865 3023 3950 3074 λέ-

2394 3129 2579 3180 γοντος
2594 3113 2774 3175 αὐτοῖς
2795 3112 2886 3164 τοῦ
2904 3111 3136 3183 Χριστοῦ
3152 3130 3164 3142 ·
3189 3112 3495 3178 Συνήκατε
3514 3111 3696 3166 ταῦτα
3717 3112 3950 3174 mir-ta;

2393 3204 2573 3273 ἔλεγον
2601 3203 2749 3274 αὐτῷ
2767 3221 2781 3235 ⁸
2811 3205 2941 3258 Ναί.

2463 3296 2657 3350 Κλινῶ
2697 3300 2783 3362 εὶς
2813 3296 3158 3366 παραϐολὴν
3202 3297 3266 3350 τὸ
3312 3292 3421 3361 οὖς
3447 3313 3584 3364 μου.
3649 3296 3791 3364 Ἐγὼ
3829 3297 3951 3367 μὲν,

2394 3390 2576 3458 φησὶν,
2614 3390 2882 3457 ἀκονήσας
2933 3388 3022 3440 τὸν
3055 3388 3288 3458 ἐμαυτοῦ
3324 3388 3444 3440 νοῦν
3474 3390 3551 3450 είς
3585 3388 3800 3440 σύνεσιν
3843 3388 3954 3440 τῶν

2396 3478 2672 3547 σωτηρίων
2707 3476 3046 3546 παραϐολῶν,
3068 3477 3361 3546 δεδύνημαι
3401 3475 3832 3546 ἐπακολουθῆσαι
3884 3479 3953 3546 τῇ

2395 3568 2665 3641 φερομένῃ
2700 3569 2879 3630 αὐτοῖς
2907 3568 3113 3639 διανοίᾳ
3133 3583 3147 3598 ⁸
3173 3571 3284 3631 τοῖς
3318 3568 3373 3621 δὲ
3407 3568 3478 3640 μὴ
3505 3568 3660 3621 τοῦτο
3689 3568 3957 3639 πράττειν

2393 3661 2706 3731 δυναμένοις
2728 3659 2813 3712 διὰ
2835 3661 3129 3732 νηπιότητα
3155 3661 3346 3726 ἀνοίξω
3363 3661 3433 3714 τὰ
3461 3661 3840 3731 κεκλεισμένα,
3861 3662 3958 3714 καὶ

2393 3753 2710 3823 διασαφήσω
2731 3753 2797 3805 τὰ
2831 3754 3187 3824 προϐλήματα
3219 3754 3311 3806 καὶ
3341 3753 3439 3815 τὰς
3469 3752 3801 3823 παραϐολάς.
3844 3753 3959 3804 Καὶ

2392 3842 2566 3896 ταῦτα
2587 3843 2775 3912 πράξω
2808 3843 2897 3896 διὰ
2922 3844 3013 3895 τοῦ
3036 3844 3270 3914 ἐμαυτοῦ
3292 3843 3607 3915 ψαλτηρίου,
3640 3844 3733 3897 τοῦ
3765 3844 3961 3914 σώμα-

2392 3953 2482 3998 τος
2509 3934 2728 4006 δηλαδὴ,
2771 3935 2999 4006 ὀργάνου
3048 3935 3199 4008 δίκην
3238 3936 3594 4007 ἐπηχοῦντος.
3623 3937 3688 3990 δι’
3718 3932 3780 3992 οῦ
3816 3939 3960 4008 πρὸς

2395 4028 2560 4097 ῦμνον
2589 4029 2844 4101 τρέπεται
2878 4028 3096 4101 ἡψυχὴ,
3133 4029 3198 4082 δι’
3226 4029 3452 4082 ἑκάστου
3484 4030 3845 4102 αἰσθητηρίου
3863 4029 3962 4085 καὶ

2396 4122 2588 4190 μέλους
2627 4121 2718 4174 καὶ
2744 4121 2939 4191 μέρους
2980 4122 3351 4191 ἐπιστημόνως
3385 4123 3691 4192 κινουμένη.

2464 4299 2588 4352 Ἵνα
2609 4299 2662 4349 τί
2695 4296 2982 4365 φοϐοῦμαι
3022 4297 3091 4349 ὲν
3126 4296 3311 4365 ἡμέρᾳ
3359 4297 3624 4365 πονηρᾷ;
3670 4298 3965 4353 Ἐντεῦθεν

2398 4389 2644 4458 ἄρχεται,
2674 4389 2769 4456 τῆς
2795 4385 3138 4449 διδασκαλίας
3164 4385 3234 4438 τὰ
3256 4385 3442 4457 πρῶτα
3462 4386 3536 4449 ὡς
3559 4389 3613 4437 ἐν
3645 4387 3966 4458 προοιμίοις

743 4482 1015 4554 expendit.
1077 4478 1298 4533 Orditur
1331 4485 1510 4531 autem
1561 4491 1656 4545 per
1701 4476 2196 4546 interrogationem,
2236 4487 2294 4531 ut

2396 4479 2738 4550 διαλαλήσας.
2779 4479 3034 4548 Ἀρχεται
3059 4477 3116 4529 δὲ
3142 4480 3260 4529 κατ’
3285 4476 3568 4548 ἐρώτησιν,
3597 4478 3680 4529 ἵνα
3698 4480 3796 4530 καὶ
3827 4480 3969 4531 ἀπό-

745 4572 1153 4645 responsionem
1199 4568 1444 4636 accipiat.
1495 4565 1619 4620 Haec
1648 4577 1827 4621 autem
1876 4577 1958 4622 est
1993 4568 2292 4640 interroga-

745 4669 843 4721 tio.
883 4665 992 4720 Cur
1027 4662 1256 4717 timebo?
1283 4675 1406 4714 nam
1441 4659 1506 4713 ad
1542 4673 1730 4713 vocem
1771 4659 1977 4723 timebo,
2015 4661 2292 4731 interpun—

744 4757 997 4828 gendum,
1028 4763 1089 4808 ut
1113 4752 1299 4809 isthaec
1338 4751 1405 4805 sit
1427 4751 1712 4806 sententia.
1742 4749 1800 4803 Si
1829 4751 1950 4820 quis
1973 4750 2289 4821 interrogat,

743 4850 954 4920 inquit,
985 4846 1093 4905 Cur
1124 4844 1311 4900 timebo
1343 4845 1366 4898 2
1398 4843 1584 4897 volens
1620 4859 1652 4898 a
1687 4859 1773 4897 me
1801 4859 2019 4898 causam
2051 4844 2292 4899 ediscere

745 4943 860 5010 ejus
887 4955 996 5010 qua
1043 4951 1280 5007 occupor
1323 4933 1646 5001 aﬂlictionis,
1669 4949 1791 4990 cum
1826 4934 2021 4990 ﬁducia
2067 4935 2290 5003 audiat,

744 5047 866 5089 esse
896 5032 1126 5102 aliquam
1175 5029 1316 5083 diem
1369 5030 1591 5093 malam,
1624 5043 1787 5097 quam
1827 5042 1926 5096 ego
1971 5036 2117 5081 metu
2167 5043 2290 5097 per-

746 5125 929 5179 culsus
959 5123 1300 5178 exhorresce.
1333 5119 1672 5174 Exhorresco
1703 5127 1903 5181 autem,
1950 5120 2209 5188 quoniam
2237 5118 2291 5173 in

747 5216 835 5269 illa
860 5216 946 5270 die
981 5213 1231 5282 iniquitas
1279 5213 1512 5267 calcami
1544 5212 1642 5264 mei
1699 5210 2042 5265 circumdabit
2093 5227 2191 5274 me,
2240 5210 2291 5265 id

744 5319 826 5362 est
880 5306 1109 5362 deﬂexio
1164 5321 1193 5358 a
1246 5306 1421 5358 divina
1463 5305 1569 5368 via,
1608 5319 1711 5373 qua
1766 5319 1860 5373 per
1912 5304 2138 5373 hujusce
2172 5305 2292 5358 vita:

744 5399 1148 5453 distractionem
1197 5405 1250 5451 et
1293 5395 1581 5462 fallaciam,
1632 5394 1866 5448 divinam
1898 5394 2068 5463 legem
2118 5404 2294 5450 trans-

745 5505 962 5558 gressus
999 5505 1140 5544 sum.
1175 5487 1362 5542 lsthmc
1412 5488 1572 5557 igitur
1627 5487 1896 5554 impietas,
1951 5487 2146 5556 inquit,
2183 5489 2286 5542 cir-

745 5580 1017 5636 cumdabit
1039 5579 1334 5649 me;qnasi
1363 5579 1507 5634 dicat
1538 5597 1552 5632 :
1579 5579 1990 5634 (Iircumsistent
2027 5595 2112 5635 me
2154 5581 2292 5638 mala

867 5764 908 5796 ”
946 5763 1128 5819 Matth.
1165 5780 1278 5827 xm,
1319 5763 1403 5818 5i.

2401 4587 2578 4642 κρισιν
2625 4568 2796 4623 λάϐοι.
2853 4570 2917 4620 Ἠ
2953 4569 3007 4621 δέ
3037 4568 3300 4640 ἐρώτησίς
3331 4572 3474 4622 ἐστιν
3510 4568 3684 4640 αῦτη·
3727 4571 3876 4625 Ἵνα
3910 4573 3967 4623 τί

2399 4662 2688 4731 φοϐοῦμαι
2715 4677 2732 4725 ;
2757 4660 2917 4731 μέχρι
2955 4661 3061 4732 γὰρ
3087 4661 3179 4712 τοῦ
3211 4660 3497 4729 φοϐοῦμαι
3528 4659 3607 4712 δεῖ
3637 4661 3846 4726 στίξαι,
3879 4664 3967 4714 ἵνα

2397 4751 2429 4827 ᾗ
2460 4756 2493 4823 ή
2520 4754 2723 4806 διάνοια
2745 4751 2880 4822 αὕτη
2949 4751 3016 4804 Εἴ
3042 4769 3124 4814 τις
3149 4754 3359 4823 ἐρωτᾷς
3384 4752 3564 4822 φησὶν,
3597 4751 3731 4804 Ἵνα
3759 4752 3826 4803 τί
3855 4770 3966 4820 φο-

2399 4843 2645 4914 ϐοῦμαι;
2686 4843 2782 4914 τὴν
2841 4843 3016 4895 αίτίαν
3059 4842 3224 4895 θέλων
3275 4842 3471 4910 γνῶναι
3512 4843 3640 4913 παρ’
3671 4841 3816 4912 ἐμοῦ
3871 4845 3973 4913 τῆς

2401 4935 2728 5007 συνεχούσης
2755 4953 2824 5006 με
2861 4934 3116 5002 ἀγωνίας,
3152 4935 3389 4987 ἀκουέτω
3423 4934 3556 5005 μετὰ
3606 4935 3969 5005 παρρησίας,

2399 5029 2471 5091 ὡς
2504 5029 2650 5080 ἐστιν
2679 5027 2856 5097 ἡμέρα
2878 5027 3106 5097 πονηρὰ,
3135 5028 3198 5096 ἥν
3217 5026 3376 5088 αὐτὸς
3404 5025 3638 5095 φρίττων
3658 5025 3838 5092 φοϐοῦ
3849 5045 3968 5096 μαι.

2397 5121 2606 5192 Φρίττω
2648 5121 2726 5182 δὲ,
2775 5121 2854 5172 ὅτι
2888 5119 2944 5171 έν
2998 5119 3181 5191 ἐκείνῃ
3233 5121 3296 5188 τῇ
3329 5117 3506 5188 ἡμέρα
3539 5118 3576 5183 ἡ
3600 5117 3831 5185 ἀνομία
3860 5118 3973 5184 τῆς

2400 5213 2653 5281 πτέρνης
2675 5232 2791 5281 μου
2819 5211 3113 5266 κυκλώσει
3126 5227 3220 5279 με,
3238 5208 3506 5262 τουτέστιν
3533 5211 3564 5279 ή
3594 5211 3976 5281 παρεκτροπὴ

2399 5307 2496 5375 τῆς
2529 5305 2673 5368 θείας
2696 5305 2838 5368 ὁδοῦ,
2869 5305 2934 5375 ἣν
2964 5303 3263 5373 πεποίημαι
3293 5302 3429 5354 κατὰ
3473 5302 3559 5354 τὸν
3613 5301 3754 5371 βίον,
3811 5320 3978 5371 περι-

2402 5397 2633 5467 σπασμῷ
2660 5397 2750 5449 καὶ
2783 5397 2964 5467 ἀπάτῃ
3001 5397 3090 5449 τὸν
3115 5394 3252 5448 θεῖον
3279 5393 3526 5461 παραϐὰς
3579 5394 3772 5461 νόμον.
3819 5392 3978 5463 Αὕτη

2399 5489 2489 5545 οὖν
2521 5493 2554 5562 ἡ
2579 5491 2796 5543 ἀσέϐεια
2827 5487 3090 5541 κυκλώσει
3128 5505 3213 5558 με,
3242 5485 3402 5555 φησίν
3422 5502 3433 5514 ·
3457 5484 3574 5537 ἀντὶ
3614 5481 3710 5534 τοῦ
3735 5526 3753 5548 ,
3797 5485 3977 5554 Περι-

2406 5582 2654 5654 στήσεταί
2687 5601 2751 5652 με
2789 5582 2857 5636 τὰ
2907 5582 3040 5651 ἔργα
3083 5581 3151 5633 τὰ
3182 5580 3389 5648 πονηρὰ
3442 5578 3475 5630 ἃ
3532 5576 3830 5648 πέπραχα,
3884 5596 3981 5633 κυ-
