4102 6312
125 397 128 400 ~
168 362 259 417 225

1290 354 1648 410 EXPOSITIO
1685 353 1751 408 IN
1792 353 2120 410 PSALMUM
2160 354 2382 408 XLVI“.

3241 352 3346 411 126

165 472 379 528 κλοῦντά
404 489 473 542 με
492 468 763 539 πανταχοῦ
785 468 876 521 καὶ
905 465 1310 537 πολιορκοῦντα,
1334 471 1427 522 καὶ
1448 472 1521 540 μὴ
1532 468 1703 522 ἐῶντά

1812 484 1964 538 opera
1994 484 2112 539 qua:
2146 469 2267 531 feci,
2302 484 2494 538 meque
2526 468 2760 538 undique
2794 467 3106 523 conclusum
3135 468 3349 523 obside-

168 564 336 635 μετῆν
370 562 593 614 κόλασιν
622 561 891 627 ἐκφυγεῖν.
929 559 1174 629 Πονηράν
1218 560 1315 630 τὴν
1337 560 1435 629 τῆς
1476 561 1707 629 κρίσεως

163 655 361 725 ἡμέραν
396 653 561 723 φησὶν
586 691 599 713 ,
650 651 741 703 ἆτε
794 650 855 720 δὴ
892 650 1132 720 πονηρὰν
1179 654 1289 713 τοῖς
1333 652 1709 722 κολαζομένοις

166 747 518 816 ὑπάρχουσαν.
564 743 623 794 '0
644 742 699 795 δὲ
740 742 1050 803 Ἀπόστολος
1075 743 1165 793 καὶ
1193 742 1402 811 ἡμέραν
1421 742 1519 811 τῆς
1544 744 1709 813 ὀργῆς

162 838 321 907 αὐτὴν
347 834 624 897 ὲκάλεσεν,
661 831 918 903 εἰρηκώς·
954 832 1332 900 Θησαυρίζεις
1364 832 1595 898 σεαυτῷ
1617 834 1709 900 ὀρ-

164 927 271 996 τὴν
307 928 376 980 ὲν
403 926 593 995 ἡμέρᾳ
614 924 812 993 ὀργῆς-

231 1021 292 1070 Ol
317 1018 662 1082 πεποιθότες
694 1016 787 1068 ἐπί
809 1014 883 1082 τῇ
908 1015 1152 1085 δυνάμει
1184 1015 1399 1070 αὐτῶν.
1440 1017 1569 1070 Ἀπὸ
1599 1035 1709 1070 κοι-

164 1109 251 1161 νοῦ
281 1110 362 1175 τὸ,
401 1108 687 1160 Ἀκούσατε
713 1106 882 1160 ταῦτα
909 1108 958 1159 οἰ
993 1110 1082 1159 ἐπὶ
1100 1108 1311 1177 πλούτῳ
1337 1109 1429 1161 καί
1468 1112 1531 1179 τῇ
1558 1109 1710 1161 δυνά-

167 1218 251 1270 μει
288 1200 636 1271 θαρροῦντες.
677 1199 806 1251 Τίνα
834 1199 888 1251 δέ
912 1200 1056 1251 ἐστιν
1086 1199 1123 1252 ἃ
1162 1200 1461 1269 ὀφείλουσιν
1498 1200 1710 1252 ἀκούειν

163 1291 194 1358 ἦ
224 1293 425 1353 ἐκεῖνα,
450 1289 524 1353 ὡς
551 1289 671 1341 οὐδὲ
696 1290 886 1351 αὐτοὺς
927 1290 1044 1341 κατ’
1078 1290 1289 1360 ἐκείνην
1323 1290 1421 1359 τὴν
1447 1291 1652 1361 ἡμέραν
1683 1292 1711 1341 6

166 1378 390 1440 πλοῦτος
417 1378 629 1449 ὀνήσει;
675 1377 838 1431 Οὐδὲν
871 1377 977 1449 γὰρ
1014 1378 1343 1451 λυτρώσεται
1391 1380 1585 1442 αὐτοὺς
1615 1380 1712 1448 τῆς

166 1468 609 1539 ἐπαχθησομένης
657 1469 835 1531 αὐτοῖς
892 1468 980 1521 διά
1031 1469 1128 1538 τῆς
1180 1471 1448 1540 ἁμαρτίας
1504 1472 1711 1541 ὀργῆς·

166 1560 352 1633 ὥσπερ
382 1557 476 1614 οὖν
503 1561 622 1613 οὐδὲ
639 1562 881 1630 ἀδελφὸς,
907 1562 1037 1632 φέρε
1064 1564 1253 1627 εἰπεῖν,
1295 1562 1562 1633 θεοφιλὴς,
1594 1562 1713 1615 οὔτε

166 1654 318 1718 ἄλλος
343 1672 426 1715 τις
459 1652 756 1725 ἀνθρώπων
785 1653 953 1722 ἰσχύει
984 1651 1356 1723 λυτρώσασθαι
1398 1655 1456 1706 ὲν
1497 1657 1559 1723 τῇ
1594 1654 1713 1705 τότε

165 1747 346 1817 ἡμέρᾳ.
371 1747 492 1799 τινά
514 1763 527 1775 ·
563 1748 654 1799 καὶ
674 1749 721 1799 εἰ
753 1747 781 1797 6
806 1746 1028 1813 ἀδελφὸς
1057 1747 1155 1798 οὐκ
1187 1747 1376 1816 ἰσχύει,
1428 1747 1518 1799 καί⁵
1546 1745 1715 1799 ταῦτα

166 1838 437 1909 θεοφιλὴς,
467 1837 641 1907 πολλῷ
677 1838 831 1890 πλέον
852 1839 949 1890 οὐκ
976 1837 1180 1907 ἰσχύσει
1214 1840 1241 1889 6
1262 1837 1507 1899 πλοῦτος.

236 2041 257 2077 ι
290 2014 333 2060 0
362 2007 621 2075 ασελφὸς
654 2010 724 2060 οὺ
758 2008 1073 2076 λυτροῦται
1092 2024 1106 2037 ’
1125 2008 1347 2079 ἀδελφὸν
1381 2010 1600 2081 θεοφιλῆ
1627 2010 1716 2063 λέ·-

165 2115 247 2165 γει
274 2100 369 2150 καὶ
391 2097 619 2168 τίμιον.]

231 2190 340 2243 Kal
365 2190 478 2256 τὴν
501 2189 678 2258 τιμὴν
699 2188 808 2257 τῆς
827 2193 1174 2259 λυτρώσεως
1214 2190 1323 2260 τῆς
1366 2192 1573 2260 ψυχῆς
1614 2196 1717 2247 αὺ-

165 2283 289 2337 τοῦ.
330 2282 574 2347 Διδὰξας,
606 2284 680 2347 ὠς
708 2283 852 2338 οὐδὲν
881 2287 909 2337 6
937 2283 1160 2348 πλοῦτος
1196 2286 1253 2339 ὲν
1277 2285 1457 2355 ἡμέρᾳ
1488 2286 1719 2357 κρίσεως

166 2376 383 2442 ὠφελεῖ,
411 2376 650 2428 διδάσκει
680 2376 852 2429 καὶτὸ
877 2376 1136 2443 ὠφελοῦν.
1187 2378 1251 2429 Τί
1293 2367 1349 2429 δέ
1395 2376 1551 2429 τοῦτο
1578 2376 1610 2447 ἢ
1633 2376 1716 2431 ’τὸ

168 2466 397 2533 έγκοπον
418 2470 511 2520 καὶ
541 2468 790 2519 ἐπίπονον
818 2467 929 2537 βίον
954 2469 1251 2539 κτήσασθαι
1277 2485 1291 2533 ;
1314 2464 1470 2522 Οὗτοι
1495 2470 1600 2542 γὰρ
1624 2470 1716 2523 καὶ

169 2556 266 2625 τῆς
313 2558 722 2628 ἐπηγγελμένης
768 2558 908 2628 ζωῆς
949 2558 1088 2613 κατά
1112 2560 1202 2613 τὸν
1246 2560 1502 2630 μέλλοντα
1548 2562 1718 2614 αἰῶνα

170 2646 578 2717 σξιωθήσονται.
617 2650 676 2702 '0
702 2650 903 2707 κοπιῶν
930 2651 1017 2703 διὰ
1047 2652 1146 2721 τῆς
1170 2653 1476 2723 πρακτικῆς
1498 2654 1716 2724 ζήσεται

170 2739 251 2801 εἰς
279 2739 429 2803 τέλος
473 2740 560 2792 διὰ
605 2742 702 2809 τῆς
749 2740 1016 2808 γνώσεως,
1073 2744 1165 2795 καὶ
1195 2743 1457 2797 παύσεται
1502 2746 1582 2806 εἰς
1628 2744 1718 2797 τὸν

172 2828 360 2891 αἰῶνα,
406 2832 499 2882 καὶ
546 2829 763 2899 ζήσεται
815 2833 892 2895 εἰς
923 2836 1086 2896 νῖκος.
1120 2833 1229 2887 Καί
1270 2835 1591 2889 ἐκοπίασεν
1631 2838 1718 2903 είς

171 2919 278 2970 τὸν
300 2918 501 2983 αἰῶνα,
528 2922 623 2973 καὶ
656 2914 889 2987 ζήσεται
916 2926 1001 2988 εἰς
1027 2924 1218 2991 τέλος.

243 3010 361 3062 Οὐκ
390 3009 594 3077 ὄψεται
615 3013 1007 3081 καταφθορὰν,
1029 3012 1173 3066 ὅταν
1204 3013 1302 3083 ιδῃ
1331 3016 1557 3084 σοφοὺς
1575 3017 1718 3071 ἀπο-

1806 562 1959 627 hunt,
1994 577 2093 615 nec
2146 562 2323 615 sinent
2360 577 2444 614 me
2485 561 2804 629 supplicium
2852 560 3106 629 effugere.
3156 559 3349 613 Malam

1805 653 2141 721 verojudicii
2174 654 2313 705 diem
2347 652 2597 721 appellat,
2635 661 2693 705 ut
2734 668 2854 719 qua:
2902 652 3169 721 supplicio
3218 650 3348 707 aﬂ'e-

1807 745 1909 798 clis
1935 744 2049 798 dira
2083 754 2137 798 et
2162 745 2339 813 gravis
2368 744 2546 798 futura
2584 745 2671 799 sit.
2703 745 2995 812 Apostolus
3023 754 3202 797 autent
3228 758 3349 798 eam

1808 835 1901 891 ira:
1943 837 2083 890 diem
2130 837 2362 899 vocavit,
2408 851 2529 890 cum
2566 832 2699 891 dixit
2731 838 2772 866 ³³
2812 856 2821 888 ;
2859 835 3203 889 Thesaurizas
3257 836 3353 888 tibi

1807 928 1942 979 iram
1968 928 2020 978 in
2053 928 2134 979 die
2168 928 2281 981 irae.

1880 1018 1928 1070 7.
1986 1016 2089 1081 Qui
2123 1019 2387 1085 conﬁdunt
2424 1019 2478 1069 in
2526 1018 2710 1070 virtute
2741 1033 2858 1070 sua.
2909 1016 3073 1082 Quasi
3124 1017 3176 1069 in
3205 1030 3353 1069 com-

1810 1123 1971 1163 mune
2009 1111 2082 1161 ait
2111 1108 2238 1161 illud
2267 1127 2277 1159 :
2302 1108 2493 1161 Audite
2534 1107 2645 1160 haec
2675 1121 2863 1160 omnes
2900 1106 2991 1175 qui
3057 1105 3112 1158 in
3152 1105 3354 1159 divitiis

1808 1211 1863 1255 et
1905 1200 1960 1254 in
2008 1202 2201 1253 virtute
2252 1199 2539 1253 conﬁditis.
2594 1196 2849 1263 Quanam
2908 1207 3085 1251 autem
3136 1199 3358 1251 audiant

1811 1298 2037 1358 oportet,
2077 1290 2180 1342 nisi
2220 1290 2330 1355 illa,
2364 1290 2507 1358 quod
2541 1290 2747 1343 scilicet
2777 1290 2909 1342 nihil
2956 1289 3064 1343 illis
3108 1289 3357 1343 utilitatis

1811 1383 1867 1436 in
1894 1382 1982 1434 illa
2020 1380 2106 1435 die
2130 1380 2327 1434 divitia:
2354 1383 2463 1435 sint
2495 1381 2779 1435 allatum?
2814 1378 3000 1449 Neque
3030 1382 3179 1434 enim
3213 1380 3357 1434 redi-

1812 1481 1921 1527 met
1943 1488 2037 1525 eos
2070 1472 2138 1526 ab
2170 1473 2245 1525 ira
2280 1482 2333 1525 et
2362 1470 2599 1525 vindicta
2633 1472 2703 1548 ob
2731 1481 3010 1541 peccatum
3056 1472 3189 1541 ipsis
3217 1470 3359 1525 inlli-

1813 1564 2002 1633 genda.
2048 1564 2234 1632 Itaque
2294 1578 2360 1617 ne
2415 1561 2581 1616 frater
2632 1562 2869 1629 quidem,
2930 1573 2989 1619 ut
3036 1564 3107 1618 ita
3157 1564 3356 1629 dicam,

1813 1653 2025 1707 etiamsi
2056 1654 2340 1723 religiosus
2367 1653 2457 1716 sit,
2500 1668 2671 1721 neque
2702 1653 2841 1707 alius
2870 1654 3136 1723 quispiam
3182 1654 3358 1708 homi-

1816 1763 1944 1800 num
1978 1748 2031 1799 in
2057 1745 2144 1799 illa
2179 1746 2263 1799 die
2292 1759 2619 1814 quemquam
2660 1746 2854 1813 poterit
2883 1744 3164 1799 redimere.
3202 1742 3358 1809 Quod

1744 1816 1787 1870 Β
1815 1839 1859 1890 si
1895 1852 1959 1890 ne
2001 1834 2167 1888 frater
2196 1834 2410 1902 quidem
2453 1832 2642 1900 possit,
2692 1834 2792 1887 etsi
2836 1834 3138 1904 religiosus,
3188 1833 3359 1887 multo

1815 1927 1995 1980 minus
2025 1933 2274 1993 poterunt
2304 1922 2523 1976 divitiae.

1898 2014 2130 2087 [Frater
2165 2030 2266 2067 non
2302 2014 2529 2078 redimit,
2569 2011 2784 2067 fratrem
2818 2013 3127 2084 religiosum
3165 2026 3217 2068 et
3257 2014 3357 2068 ho-

1814 2110 2110 2164 norabilem
2138 2109 2308 2162 virum
2341 2108 2487 2163 dicit.
2521 2106 2540 2178 ]

1884 2202 1938 2255 9.
1999 2200 2066 2252 Et
2113 2201 2334 2268 pretium
2369 2200 2734 2268 redemptionis
2784 2200 2975 2254 animt:
3030 2210 3159 2253 suas.
3202 2197 3361 2254 Post-

1815 2306 1975 2362 quam
1998 2293 2184 2347 docuit
2206 2292 2338 2345 nihil
2371 2291 2683 2373 profuturas
2707 2293 2922 2347 divitias
2954 2292 3006 2346 in
3034 2294 3120 2346 die
3151 2292 3358 2361 judicii,

1815 2388 1970 2441 docet
2000 2386 2130 2456 quid
2170 2384 2516 2455 profuturum
2557 2385 2645 2440 sit.
2677 2383 2815 2449 Quid
2854 2396 3032 2439 autem
3070 2385 3223 2449 illud,
3256 2386 3360 2439 nisi

1817 2479 1981 2532 vitam
2029 2477 2306 2533 laboribus
2356 2477 2568 2546 plenam
2616 2475 2856 2531 dueere?
2901 2472 2991 2529 Isti
3034 2474 3177 2530 enim
3238 2490 3365 2545 pro-

1815 2570 1983 2623 missa
2010 2570 2118 2623 vita
2146 2569 2199 2623 in
2251 2567 2435 2622 futuro
2464 2567 2661 2622 saeculo
2692 2565 3077 2636 dignabuntur.
3118 2562 3222 2630 Qui
3265 2578 3362 2633 per

1816 2661 2055 2715 actiones
2096 2660 2325 2723 laborat,
2362 2660 2503 2713 vivet
2537 2673 2709 2728 usque
2753 2659 2807 2712 in
2839 2658 2997 2713 tinem
3036 2672 3133 2726 per
3176 2654 3363 2725 cogni-

1816 2752 2044 2816 tionem,
2074 2753 2375 2823 requieseet
2403 2751 2456 2805 in
2484 2750 2762 2816 saeculum,
2790 2751 2934 2804 vivet
2962 2749 3028 2803 ad
3057 2748 3356 2803 victoriam.

1820 2845 1886 2899 Et
1921 2846 2179 2900 laboravit
2210 2845 2261 2899 in
2288 2855 2564 2909 talentum,
2594 2851 2643 2897 et
2675 2844 2803 2897 vivet
2837 2841 3007 2895 adhuc
3031 2842 3084 2895 in
3114 2842 3287 2909 finem.

1886 3040 1974 3094 10.
2031 3036 2155 3091 Non
2185 3037 2373 3091 uidebit
2414 3038 2681 3089 interitum
2722 3052 2839 3089 cum
2879 3035 3064 3088 viderit
3104 3034 3360 3103 sapientes

170 3099 562 3169 Θνήσκοντας.
588 3104 683 3168 Εἰς
710 3103 957 3158 τοσοῦτον
986 3105 1093 3177 γὰρ
1128 3106 1345 3178 μακρὰν
1370 3107 1576 3162 ἔσονται
1610 3107 1714 3159 τῶν

1818 3130 2111 3185 morientes.
2142 3128 2218 3183 Ita
2245 3128 2404 3199 longo
2425 3126 2493 3181 ab
2514 3127 2695 3196 impiis
2726 3126 3005 3180 intervallo
3031 3099 3360 3193 separabuno

170 3191 400 3257 ἀσεῦὦν,
461 3194 537 3258 ὡς
590 3196 722 3267 μηδὲ
754 3195 1067 3267 πλησιάζειν
1124 3197 1301 3249 αὐτῶν
1332 3201 1397 3267 τῇ
1454 3198 1712 3270 ἀπωλείᾳ.

171 3282 323 3347 Τίνες
344 3285 402 3338 δὲ
434 3286 859 3359 ἀποθνήσκοντες
893 3290 1043 3356 σοφοὶ
1086 3288 1118 3359 ἢ
1164 3290 1289 3360 περὶ
1316 3282 1389 3342 ὧν
1433 3290 1676 3344 λέλεκται
1700 3309 1713 3321 ·

185 3370 403 3426 Ἀπολῶ
430 3372 547 3440 τὴν
578 3376 798 3443 σοφίαν
826 3374 941 3429 τῶν
963 3376 1169 3446 σοφῶν
1204 3379 1299 3431 καί
1327 3378 1441 3448 τὴν
1464 3382 1720 3437 σύνεσιν

170 3458 287 3513 τῶν
312 3462 584 3516 συνετῶν
606 3465 906 3531 ἀθετήσω;
960 3468 1204 3523 Παιδεύει
1236 3472 1344 3542 γὰρ
1374 3472 1461 3526 διὰ
1504 3474 1719 3530 πάντων

170 3554 205 3621 ἡ
231 3555 477 3625 παροῦσα
507 3556 715 3629 Γῳφὴ,
743 3559 816 3623 ὡς
845 3560 985 3615 κατά
1010 3562 1109 3633 τήν
1132 3563 1340 3633 ἡμέραν
1360 3565 1459 3635 τῆς
1488 3566 1720 3635 κρίσεως

169 3644 291 3697 οὕτε
320 3646 574 3710 πλούσιος
604 3650 791 3702 ἑαυτὸν
839 3652 1042 3721 ῥύεται,
1094 3652 1215 3706 οὔτε
1264 3656 1292 3707 6
1335 3657 1719 3727 νενομισμένοις

172 3741 351 3807 σοφός.
384 3741 558 3804 Μόνος
585 3741 641 3794 δὲ
669 3744 869 3807 ἐκεῖνος
899 3744 1140 3808 τεύξεται
1186 3747 1282 3818 τῆς
1321 3748 1537 3801 αἰωνίου
1575 3747 1719 3820 ζωῆς

169 3830 200 3878 6
247 3832 304 3881 ἐν
353 3830 429 3900 τῷ
463 3832 687 3901 παρόντι
736 3832 833 3903 βίῳ
881 3835 1205 3906 κατατήξας.
1267 3837 1396 3891 Ἐπί
1448 3836 1514 3890 τὸ
1573 3838 1715 3891 αὐτὸ

167 3918 372 3987 ἄφρων
400 3924 497 3975 καὶ
537 3921 720 3989 ἄνους
746 3926 1127 3981 ἀπολοῦνται.
1167 3928 1330 3999 Ὁμοῦ
1360 3930 1531 3999 σοφοὶ,
1564 3930 1714 4000 φησὶ,

169 4013 265 4063 καὶ
298 4014 525 4082 ἄφρονες
552 4015 790 4087 ἀπωλείᾳ
836 4018 1327 4090 παραδοθήσονται·
1380 4022 1439 4073 οὐ
1486 4020 1718 4091 διενηνὸα

165 4120 325 4169 χασιν
362 4105 471 4176 γὰρ
493 4106 731 4177 ἀλλήλων
760 4108 929 4173 οὐδὲν,
965 4110 1159 4179 ὁμοίως
1190 4111 1713 4183 είδωλολατροῦντες.

163 4197 281 4249 Kal
308 4199 778 4265 καταλείψουσιν
800 4202 1134 4270 ἀλλοτρίοις
1153 4204 1257 4256 τὸν
1298 4204 1560 4257 πλοῦτον
1607 4207 1715 4259 αὺ-

161 4285 308 4342 τῶν.
342 4290 417 4342 Οὐ
444 4289 551 4360 γὰρ
572 4290 835 4362 ἠθέλησαν
868 4294 1027 4346 αὐτὸν
1052 4296 1245 4348 οἰκεῖον
1279 4296 1598 4367 ποιήσασθαι
1631 4297 1716 4351 διὰ

159 4378 267 4447 τῆς
297 4383 374 4444 εἰς
405 4384 531 4445 τοὺς
552 4382 832 4452 δεομένους
862 4384 1195 4455 εὐεργεσίας.

1818 3227 1926 3283 tur,
1948 3226 2206 3273 uteorum
2221 3216 2505 3287 perditioni
2531 3230 2596 3270 ne
2617 3215 2898 3270 minimum
2926 3215 3141 3284 quidem
3167 3228 3360 3284 appro—

1817 3311 2096 3381 pinquent.
2127 3310 2231 3373 Qui
2263 3319 2389 3364 sunt
2418 3318 2596 3364 autem
2635 3310 2710 3363 illi
2749 3309 3017 3378 sapientes
3046 3309 3360 3372 morientes,

1817 3404 1923 3459 nisi
1949 3404 1985 3456 ii
2009 3402 2075 3456 de
2108 3402 2304 3471 quibus
2332 3401 2531 3456 dictum
2563 3400 2607 3430 ⁸⁸
2642 3418 2654 3453 :
2684 3399 2910 3452 Perdant
2945 3400 3256 3467 sapientiam
3275 3415 3361 3451 sa-

1817 3496 2089 3568 pientium,
2116 3503 2164 3547 et
2202 3492 2598 3563 intelligentiam
2637 3490 3029 3560 intelligentiam
3056 3488 3358 3557 despiciam.

1819 3589 1986 3645 Docet
2023 3590 2168 3643 enim
2201 3586 2400 3654 ubique
2432 3598 2667 3656 prasens
2701 3582 2999 3652 Scriptura,
3026 3580 3170 3650 quod
3196 3580 3248 3634 in
3275 3580 3364 3634 die

1813 3682 2025 3752 judicii,
2059 3694 2232 3748 neque
2262 3679 2412 3733 dives
2457 3678 2693 3745 seipsutn
2732 3675 3113 3744 redempturus
3146 3674 3235 3737 sit,
3269 3688 3354 3727 ne-

1817 3790 1923 3843 que
1949 3773 2123 3842 quivis
2150 3770 2366 3840 sapiens
2397 3769 2756 3823 existimatus.
2783 3765 2961 3820 Vitam
2996 3777 3173 3820 autem
3206 3775 3358 3819 ater-

1816 3881 1939 3921 nam
1969 3866 2016 3919 is
2045 3864 2193 3919 solus
2222 3873 2579 3929 consequetur
2608 3860 2701 3929 qui
2735 3860 2789 3913 in
2822 3859 2924 3911 hac
2958 3858 3066 3911 vita
3095 3871 3152 3911 se
3182 3870 3361 3910 mace-

1816 3956 2035 4011 raverit.
2070 3952 2239 4009 Simul
2281 3953 2528 4020 insipiens
2570 3960 2619 4003 et
2664 3950 2855 4001 stultus
2903 3946 3142 4016 peribunt
3173 3962 3190 4000 :
3218 3943 3360 4010 Una,

1816 4049 2012 4118 inquit,
2042 4048 2309 4116 sapientes
2338 4055 2390 4097 et
2420 4044 2567 4097 stulti
2599 4041 2856 4111 perniciei
2886 4039 3164 4094 tradentur
3196 4056 3209 4092 :
3250 4052 3360 4092 non

1815 4141 2069 4197 ditl‘erunt
2114 4139 2256 4193 enim
2312 4146 2541 4198 mutuo,
2595 4131 2758 4187 simili
2813 4131 3129 4187 idololatria:
3177 4129 3360 4201 generi

1815 4231 2003 4287 dediti.
2058 4229 2126 4283 Et
2163 4230 2446 4297 relinquent
2490 4227 2673 4282 alienis
2720 4225 2931 4279 divitias
2984 4240 3128 4277 suas.
3175 4219 3362 4291 Neque

1815 4323 1960 4377 enim
2002 4322 2123 4376 illas
2150 4319 2252 4374 sibi
2283 4321 2527 4389 proprias
2569 4328 2623 4371 et
2664 4318 2849 4371 ﬁrmas
2886 4316 3216 4370 constituere
3265 4328 3361 4368 vo-

1817 4414 2056 4476 luerunt,
2087 4412 2358 4466 beneﬁciis
2382 4425 2507 4478 erga
2533 4423 2752 4480 egenos.

244 4470 349 4522 Kal
373 4473 429 4523 οἰ
457 4470 630 4538 τάφοι
653 4471 845 4524 αὐτῶν
871 4475 1045 4526 οἰκίαι
1070 4474 1265 4527 αὐτῶν
1288 4478 1374 4541 εἰς
1398 4476 1503 4529 τὸν
1515 4476 1714 4532 αἰῶνα.

1890 4506 1973 4558 12.
2033 4470 2101 4555 Εἰ
2138 4502 2376 4570 sepulcra
2423 4470 2601 4553 eorum
2652 4498 2835 4551 domus
2871 4497 3083 4551 illorum
3116 4498 3171 4548 in
3208 4507 3355 4548 teter-

161 4559 271 4612 Διᾶ.
292 4561 398 4613 τῶν
421 4561 606 4628 τάφων
625 4562 721 4631 τὴν
757 4564 1046 4633 νεκρότητα
1082 4565 1330 4634 σημαίνει
1373 4567 1438 4637 ἡν
1472 4569 1719 4623 ἐνέδυσαν

155 4649 274 4719 τὴν
295 4650 470 4721 ψυχὴν
491 4651 687 4717 αὐτῶν,
726 4653 874 4705 οὐδὲν
896 4654 1050 4724 ὀρθὸν
1084 4656 1202 4708 οὐδὲ
1241 4657 1393 4719 εύθὲς
1423 4661 1719 4730 φρονήσαν-

151 4757 258 4804 τες
291 4744 416 4813 τπρί
448 4742 603 4796 Θεοῦ.
631 4744 990 4813 Σκηνώματα
1028 4745 1225 4799 αὐτῶν
1262 4751 1349 4813 εὶς
1384 4750 1593 4818 τιςνεὰν
1622 4751 1716 4803 καὶ

148 4832 402 4901 γενεάν.
437 4836 501 4888 Δί
527 4837 743 4904 σκηναὶ,
777 4838 957 4906 φησιν,
985 4838 1041 4889 ἐν
1072 4833 1157 4901 αἷς
1192 4838 1389 4903 ζῶντες
1419 4839 1593 4909 ᾤκουν
1625 4842 1715 4911 ἀφ’

147 4927 369 4998 ἑτέρων
394 4930 473 4990 εἰς
521 4929 736 4998 ἑτέρους
760 4929 942 4997 ἥξουσι
974 4933 1110 4984 κατά
1140 4932 1327 4999 γενεάς
1348 4950 1362 4963 ο
1409 4932 1564 4986 τοῦτο
1611 4936 1716 5005 γὰρ

145 5021 253 5072 καὶ
296 5020 550 5089 ἀνωτέρω
573 5022 818 5090 εἴρηκεν,
846 5022 925 5073 ὅτι
949 5024 1417 5091 καταλείψουσιν
1442 5025 1714 5095 ἀλλοτρί-

142 5130 246 5178 οις
279 5111 390 5164 τὸν
415 5110 679 5165 πλοῦτον
708 5110 919 5166 αὐτῶν.
965 5114 1431 5169 Ἐπεκααέσαντο
1463 5116 1534 5171 τὰ
1582 5120 1713 5173 ὀνό-

136 5220 321 5271 ματα
364 5202 558 5257 αὐτῶν
605 5204 701 5256 ἐπὶ
754 5203 871 5256 τῶν
907 5204 1104 5272 ταιῶν.
1153 5207 1299 5270 Δέον,
1331 5208 1483 5277 φησί,
1512 5209 1597 5265 διὰ
1628 5211 1714 5263 πί-

140 5312 338 5357 atem;
373 5296 464 5348 καὶ
496 5294 762 5358 πολιτείας
787 5296 1038 5367 λαμπρᾶς
1068 5300 1478 5368 παρασκευάσαι
1511 5303 1715 5372 γραφῆ-

135 5404 234 5441 ναι
264 5384 454 5439 αὑτῶν
480 5386 547 5440 τὰ
567 5385 800 5455 ὀνόματα
829 5388 885 5438 ὲν
912 5390 1019 5449 τοῖς
1042 5390 1283 5457 οὐρανοῖς
1307 5406 1319 5418 ·
1351 5391 1398 5440 οἰ
1421 5388 1477 5441 δὲ
1501 5391 1592 5443 ὲπί
1615 5391 1713 5462 τῆς

132 5480 249 5548 γῆς
287 5475 435 5529 αὺτά
464 5477 860 5531 ἐπεκαλέσαντο
890 5478 1205 5548 ἐπωνύμους
1233 5481 1412 5543 αὐτοῖς
1442 5481 1710 5545 κτίζοντες

132 5570 365 5633 πόλεις.

245 5764 299 5796 ³⁸
366 5763 522 5821 Rom.
550 5783 613 5831 ιι,
638 5766 692 5821 5.
760 5767 804 5797 ⁸⁸
838 5767 939 5819 lsa.
973 5782 1118 5833 uis,
1174 5767 1269 5833 H;
1301 5767 1316 5819 l
1345 5765 1468 5823 Cor.
1500 5785 1547 5833 ι,
1581 5769 1663 5823 19.

1818 4612 1961 4649 num.
1994 4593 2093 4649 Per
2131 4595 2376 4664 sepulcra
2411 4592 2789 4646 mortalitatem
2832 4588 3101 4659 signiﬁcat
3132 4601 3238 4658 qua
3272 4587 3356 4640 in-

1816 4690 2049 4742 duerunt
2078 4688 2313 4741 animam
2344 4700 2521 4751 suam,
2557 4683 2689 4736 nihil
2712 4682 2962 4751 probum,
2984 4680 3117 4734 nihil
3149 4689 3355 4734 rectum

1817 4781 1996 4833 animo
2039 4785 2316 4831 versantes
2360 4776 2501 4831 circa
2547 4772 2732 4828 Deum.
2786 4771 3142 4825 Tabernacuta
3180 4786 3357 4824 eorum

1816 4873 1868 4924 in
1902 4872 2140 4939 progenie
2185 4878 2234 4923 et
2282 4869 2539 4938 progenie.
2595 4864 2987 4928 Tabernacula,
3051 4865 3105 4917 in
3160 4864 3357 4932 quibus

1814 4964 1940 5017 dum
1977 4964 2138 5016 vitam
2168 4972 2387 5031 agerent
2438 4960 2774 5021 habitabant,
2827 4957 2893 5011 ab
2950 4956 3072 5011 aliis
3112 4955 3177 5009 ad
3222 4955 3357 5009 alios

1814 5058 2207 5121 consequenter
2240 5066 2334 5121 per
2379 5051 2752 5122 generationes
2803 5049 2981 5103 varias
3028 5046 3352 5101 devenient:

1814 5144 1942 5198 illud
1996 5144 2138 5197 enim
2196 5142 2446 5211 superius
2498 5157 2715 5211 quoque
2768 5140 3013 5205 dixerat,
3066 5139 3353 5207 relinquent

1814 5237 1997 5290 alienis
2055 5237 2267 5289 divitias
2317 5253 2460 5289 suas.
2512 5233 2831 5287 Vocacerunt
2881 5233 3092 5286 nomina
3146 5248 3243 5284 sua
3301 5232 3357 5283 in

1814 5328 1985 5383 terris.
2014 5326 2116 5381 Par
2143 5336 2278 5392 erat,
2307 5328 2402 5392 ait,
2432 5336 2491 5382 ut
2524 5342 2617 5395 per
2640 5325 2798 5380 ﬁdem
2827 5334 2881 5378 et
2921 5324 3235 5394 praeclaram
3269 5323 3354 5376 in-

1812 5424 2142 5477 stitutionem
2179 5421 2229 5474 id
2278 5421 2570 5483 edicerent,
2622 5430 2681 5473 ut
2738 5418 2976 5487 ipsorum
3035 5416 3254 5471 nomina
3301 5416 3353 5469 in

1811 5516 1961 5569 caelis
2003 5513 2473 5578 describerentur;
2508 5512 2584 5566 illi
2632 5521 2812 5566 autem
2845 5512 2897 5563 in
2929 5508 3089 5564 terris
3126 5522 3355 5563 vocave-

1811 5614 1955 5673 runt,
1983 5620 2105 5661 eum
2134 5606 2481 5676 cognomines
2507 5603 2611 5661 sibi
2643 5602 2807 5659 urbes
2833 5605 3229 5658 construerent.
