4102 6312
776 347 879 401 227
1568 344 1622 398 S.
1668 343 2028 397 ATIIANASII
2071 345 2218 399 ()Pl’.
2262 345 2439 399 PARS
2479 343 2561 397 Ill.
2606 374 2669 383 ——
2704 341 3115 397 EXEGETICA.
3853 338 3945 393 2‘18

848 460 931 513 i5.
996 458 1061 511 Et
1096 459 1242 511 homo
1272 474 1386 510 cum
1406 462 1457 511 in
1492 457 1681 510 honore
1717 469 1847 510 esset
1878 475 1981 511 non
2026 460 2303 514 intellexit.
2336 465 2381 521 Α

2336 465 2381 521 Α
2478 458 2585 512 Kal
2618 460 2922 526 ἄνθρωπος
2944 460 3014 511 ἐν
3042 456 3176 526 τιμῇ
3197 457 3279 508 ὥν
3303 458 3373 509 οὐ
3404 454 3655 523 συνῆκε.
3688 455 3761 509 T6
3794 458 3947 511 αῑτιον

776 554 906 619 Quae
940 565 1102 605 causa
1129 548 1287 603 fuerit
1322 549 1466 619 quod
1495 550 1594 619 ipsi
1633 563 1697 603 eo
1726 550 1859 618 lapsi
1890 551 2000 603 sint
2029 560 2085 605 ut
2120 551 2225 605 alte
2249 551 2314 606 de

2411 550 2501 604 τοῦ
2528 552 2775 603 ἐκπεσεῖν
2796 550 2988 613 αὐτοὺς
3018 551 3095 612 εἰς
3122 550 3182 601 τὸ
3223 550 3361 621 μέγα
3399 552 3611 621 φρονεῖν
3642 549 3711 601 τὰ
3758 551 3945 621 σαρκὸς

773 663 833 699 se
858 645 1137 705 sentirent,
1172 643 1412 697 enuntiat
1449 642 1559 705 ille,
1602 640 1850 695 videlicet
1888 642 2069 696 carnis
2114 656 2313 696 concu-

2410 640 2796 711 ἐπιθυμήματα
2846 640 3012 707 λέγει.
3047 639 3214 691 Τοῦτο
3265 639 3321 691 δέ
3361 640 3563 693 ἔστιτὸ
3599 639 3673 709 μὴ
3725 639 3948 691 συνιέναι

774 737 1064 806 ρίεοοιιιὶεε.
1100 734 1211 788 Iloc
1241 744 1415 787 autem
1451 742 1535 786 est
1576 732 1834 787 honorem
1882 733 2161 802 proprium
2205 748 2312 787 non

2410 732 2504 801 τὴν
2522 732 2683 799 τιμὴν
2703 729 2897 791 αὐτῶν,
2923 730 3082 797 ὁτιδὴ
3114 728 3231 779 κατ’
3261 727 3441 779 είκόνα
3464 726 3783 795 πεποίηνται
3805 724 3945 777 Θεοῦ.

775 829 1086 897 intelligere,
1108 826 1247 895 quod
1274 825 1480 879 scilicet
1502 824 1567 879 ad
1599 824 1883 893 imaginem
1906 823 1997 877 Dei
2028 823 2153 879 facti
2178 825 2306 878 sint.

2421 824 2643 893 Ὁμοίως
2661 822 2715 873 δὲ
2743 825 2853 885 τοῖς
2882 824 3102 891 κτήνεσι
3119 823 3228 882 τοῖς
3253 820 3494 889 ἀνοήτοις
3524 819 3626 889 γῆν
3656 819 3823 869 οίκεῖν
3844 816 3948 869 ἀντὶ

776 920 853 975 Ad
884 919 1289 973 similitudinem
1322 928 1498 971 autem
1526 916 1889 986 jumentornm
1916 916 2309 985 insipientium,

2406 916 2514 966 τῶν
2542 913 2805 985 οὐρανίων
2843 912 3052 981 σκηνῶν
3074 909 3491 983 κατηλλάξαντο,
3508 911 3597 962 καί
3618 909 3820 977 τάφους
3845 908 3948 959 ἀντὶ

776 1026 882 1079 pra:
905 1010 1217 1065 ccelestibus
1254 1008 1616 1062 tabernaculis
1656 1019 1854 1062 terram
1891 1006 2130 1060 incolere
2167 1006 2313 1060 dele-

1413 1008 1616 1061 naculis
1656 1019 1854 1062 terram
1891 1006 2130 1060 incolere
2167 1006 2313 1060 dele-
2406 1007 2506 1075 τῆς
2534 1004 2681 1075 παρὰ
2711 1004 2844 1056 Θεοῦ
2869 1002 3033 1072 ζωῆς.

772 1111 983 1173 gerunt,
1023 1110 1076 1155 et
1105 1100 1349 1169 sepulcra
1380 1114 1407 1154 a
1442 1099 1550 1154 Deo
1597 1098 1954 1153 concedenda:
2003 1097 2125 1150 vita:
2164 1111 2301 1166 pra:-

770 1194 1029 1247 tulerunt.

843 1284 927 1337 N.
986 1282 1114 1337 Hice
1144 1284 1226 1336 via
1269 1283 1480 1335 illorum
1510 1283 1818 1337 scandalum
1861 1283 2009 1350 ipsis.
2038 1279 2191 1334 Viam
2224 1280 2307 1333 di-

2475 1274 2632 1340 Αῦτη
2656 1273 2694 1338 ἠ
2729 1272 2866 1337 ὁδὸς
2885 1268 3079 1324 αὐτῶν
3115 1268 3471 1322 σκάνδαλον
3491 1267 3711 1333 αὐτοῖς.
3754 1267 3898 1321 Ὀδδν
3921 1269 3947 1337 ἡ

769 1376 905 1428 vinze
963 1374 1150 1427 litterae
1210 1372 1471 1441 cujusque
1524 1372 1757 1425 hominis
1811 1372 1971 1424 vitam
2029 1368 2309 1440 appellare

2407 1360 2524 1412 θεία
2562 1359 2749 1429 Γραφὴ
2782 1360 2871 1411 τὸν
2899 1360 3127 1412 ἑκάστου
3176 1356 3287 1427 βίον
3314 1353 3419 1409 οἶδε
3474 1356 3677 1421 καλεῖν,
3734 1357 3828 1409 καὶ
3873 1357 3951 1409 τὸν

774 1470 1184 1526 consueverunt,
1243 1468 1296 1515 ct
1354 1462 1475 1515 vita:
1531 1461 1807 1514 hominum
1869 1469 2100 1530 tempus.
2161 1459 2308 1515 Hanc

2407 1452 2632 1505 ἑκάστου
2661 1451 2756 1518 τῆς
2776 1450 2947 1519 ἵζωῆς
2995 1450 3202 1519 χρόνον.
3237 1449 3446 1518 Ταύτην
3478 1445 3571 1502 οὖν
3593 1488 3608 1512 ,
3669 1450 3820 1519 φησὶ,
3867 1449 3950 1519 τὴν

769 1567 919 1623 ergo,
970 1554 1062 1614 ait,
1096 1568 1339 1621 asperam
1373 1562 1425 1607 et
1453 1553 1693 1608 odiosam
1717 1555 1879 1605 vitam
1920 1552 2128 1621 paravit
2162 1552 2301 1614 illis,

2405 1542 2519 1594 ὁδὸν
2540 1542 2793 1610 τραχεῖαν
2837 1541 2930 1592 καὶ
2957 1540 3155 1610 ἐχθρὰν
3184 1538 3579 1592 κατεσκεύασεν
3628 1540 3831 1600 αὐτοῖς,
3868 1541 3949 1592 ἅτε

769 1646 896 1713 quia
942 1653 1145 1697 rectum
1196 1643 1328 1696 nihil
1381 1645 1662 1698 sentirent.
1718 1643 1821 1698 Sed
1857 1644 2075 1712 quando
2109 1644 2161 1696 in
2213 1644 2304 1696 illa

2410 1632 2571 1703 μηδὲν
2601 1631 2751 1694 εὑθὲς
2798 1632 3215 1701 πεφρονηκότες.
3279 1630 3415 1682 Ἀλλ’
3448 1631 3535 1682 ὅτε
3570 1629 3669 1699 μὲν
3698 1632 3949 1700 προσέκο·

769 1734 1131 1805 profecerunt,
1158 1747 1266 1789 tum
1316 1735 1569 1790 scandala
1612 1750 1677 1789 ne
1709 1736 2011 1790 sentiebant
2062 1736 2302 1803 quidem.

2408 1742 2539 1776 πῖον
2566 1727 2621 1775 ὲν
2654 1722 2811 1792 αὐτῇ,
2840 1723 2939 1775 οὐκ
2964 1722 3255 1792 ᾐσθάνοντο
3285 1721 3391 1773 τῶν
3438 1720 3765 1774 σκανδάλων.
3806 1725 3952 1775 Metu

775 1826 960 1878 Postea
1001 1843 1126 1881 vero
1155 1830 1209 1880 in
1252 1844 1339 1880 ore
1367 1843 1459 1879 suo
1487 1826 1895 1895 complacebunt,
1945 1828 2100 1896 quasi
2142 1828 2305 1890 dicat,
2338 1807 2381 1861 Β

2338 1807 2381 1861 Β
2410 1814 2685 1867 δὲταῦτα
2729 1815 2799 1866 ὲν
2845 1812 2924 1877 τῷ
2956 1816 3202 1881 στόματι
3246 1810 3438 1865 αὐτῶν
3485 1812 3950 1877 εὐδοκήσουσιν,

769 1914 1174 1971 Conﬁtebuntur
1198 1917 1566 1987 paenitentiam
1598 1925 1837 1987 agentes,
1869 1919 2011 1987 quod
2033 1918 2087 1971 in
2118 1918 2307 1988 hujus-

2411 1907 2529 1960 ἀντὶ
2556 1906 2668 1967 τοῦ,
2709 1906 3123 1976 Ὀμολογήσουσι
3164 1907 3586 1974 μετανοήσαντες
3616 1904 3700 1972 ἐφ’
3736 1897 3819 1965 οἷς
3852 1920 3952 1956 τοι·

770 2006 911 2058 modi
952 2007 1039 2060 via
1094 2008 1445 2073 incesserint;
1486 2008 1578 2063 sed
1628 2008 1848 2080 quando
1894 2025 2001 2064 non
2030 2009 2135 2064 erit
2167 2011 2307 2064 ultra

2409 2000 2577 2069 αὐτην
2615 1999 2851 2051 ὥδευσαν
2883 1998 3085 2070 τρίϐον,
3111 1999 3197 2051 ὅτε
3224 1998 3321 2067 οὐχ
3344 1997 3521 2063 ἕξουσι
3547 1996 3644 2067 τῆς
3680 1997 3954 2067 μετανοίας

768 2096 1096 2164 poenitentia:
1130 2109 1362 2168 tempus.

996 2098 1096 2152 itia:
1130 2109 1362 2168 tempus.
2412 2089 2616 2159 καιρόν.

840 2188 925 2241 15.
994 2186 1144 2243 Sicut
1188 2207 1300 2244 oves
1341 2192 1395 2243 in
1438 2190 1639 2259 inferno
1694 2191 1850 2260 positi
1900 2200 2040 2245 sunt.
2082 2189 2310 2257 Quando

2489 2180 2585 2246 Ὠς
2612 2179 2869 2247 πρόϐατα
2890 2178 2960 2231 ὲν
2979 2176 3091 2245 ᾄδῃ
3116 2176 3337 2231 ἔθεντο.
3390 2179 3605 2250 Ἐπειδὴ
3646 2180 3745 2232 οὐκ
3773 2177 3957 2248 ἠθέλη-

770 2279 1057 2331 noluerunt
1100 2282 1201 2334 sub
1244 2278 1387 2334 bono
1430 2290 1647 2349 pastore
1697 2296 1899 2352 agere:
1950 2281 2045 2336 sed
2092 2282 2307 2351 repulso

2409 2290 2507 2325 σαν
2536 2270 2640 2324 ὑπὸ
2666 2271 2757 2324 τὸν
2788 2270 2995 2338 ἀγαθὸν
3024 2265 3161 2323 εἶναι
3181 2270 3427 2339 ποιμένα,
3466 2272 3600 2324 ἀλλὰ
3630 2272 3730 2340 τὴν
3758 2270 3959 2324 ἑαυτῶν

769 2368 993 2433 horrore,
1036 2368 1256 2437 perinde
1287 2378 1449 2441 atque
1475 2371 1722 2437 iumenta
1778 2388 2007 2442 corpore
2059 2374 2304 2439 corrupti

2407 2365 2569 2433 τιμὴν
2618 2364 3006 2432 ἀπωσάμενοι,
3040 2362 3430 2432 παραπλησίως
3484 2365 3595 2425 τοῖς
3643 2365 3864 2432 κτήνεσι
3897 2378 3960 2413 τα

765 2468 921 2524 sunt;
953 2459 1152 2516 idcirco
1175 2476 1368 2531 pecora
1396 2462 1590 2517 inferni
1617 2460 1791 2516 ell‘ecti
1825 2472 1971 2528 sunt,
2005 2464 2078 2517 ita
2120 2471 2179 2517 ut
2208 2462 2308 2517 de-

2410 2452 2635 2523 σώματα
2656 2452 3021 2523 διεφθάρησαν
3040 2469 3053 2481 ·
3079 2452 3249 2524 ταύτῃ
3272 2470 3353 2506 τοι
3381 2451 3475 2505 καὶ
3502 2452 3792 2524 θρέμματα
3812 2469 3960 2520 γεγο-

766 2568 913 2607 mum
946 2563 1129 2621 pastor
1170 2569 1357 2608 eorum
1394 2554 1460 2607 ad
1505 2568 1703 2622 pascua
1750 2570 1847 2609 sua
1898 2554 2131 2609 abducat
2180 2570 2304 2619 eos,

2406 2561 2557 2597 νασιν
2588 2544 2736 2614 ᾆδον.
2765 2545 2838 2607 ὡς
2866 2546 3049 2598 λοιπὸν
3086 2546 3247 2598 αὑτὸν
3290 2544 3640 2615 ποιμαίνοντα
3660 2545 3858 2607 αὐτοὺς
3886 2548 3961 2604 εἰς

765 2644 903 2699 alios
930 2645 1143 2713 quidem
1176 2644 1229 2699 in
1255 2646 1429 2715 ignem
1456 2654 1751 2712 aeternum;
1784 2646 1904 2701 illos
1933 2662 1998 2701 eo
2022 2647 2112 2701 ubi
2149 2646 2306 2702 ﬂetus

2408 2636 2503 2699 τὰς
2534 2636 2695 2688 αὑτοῦ
2736 2635 2903 2705 νομάς
2949 2634 3195 2699 ἀπάξειν,
3226 2638 3349 2697 τοὺς
3397 2636 3493 2717 μὲν
3527 2636 3605 2698 είς
3644 2635 3705 2687 τὸ
3749 2635 3863 2705 πῦρ
3906 2634 3964 2683 οἱ

768 2746 818 2790 et
854 2737 1051 2791 stridor
1078 2736 1339 2803 dentium,
1371 2736 1505 2792 alios
1531 2738 1585 2791 in
1611 2738 1857 2793 tenebras
1880 2738 2194 2793 exteriores.

2411 2726 2643 2789 αἰώνιον,
2672 2728 2795 2791 τοὺς
2818 2726 2873 2780 δὲ
2904 2728 3035 2780 ὅπου
3070 2730 3097 2780 6
3129 2726 3398 2796 κλαυθμὸς
3426 2727 3519 2779 κα)⁵
3570 2726 3815 2796 βρυγμὸς
3862 2722 3962 2778 τῶ,

2411 2817 2652 2881 ὀδόντων,
2687 2819 2809 2882 τοὺς
2832 2818 2887 2871 δὲ
2920 2820 2999 2881 είς
3031 2821 3089 2870 τὸ
3116 2818 3303 2881 σκότος
3327 2818 3387 2870 τὸ
3414 2816 3693 2889 ἐξώτερον.

836 2928 1031 2997 Adjicit
1078 2929 1263 2982 Daniel
1322 2928 1607 2981 Barbarus.
1654 2927 1919 2981 Cancrum
1962 2927 2117 2996 juxta
2166 2925 2547 2997 Symmachum
2596 2944 2610 2979 :
2654 2926 2776 2982 Haec
2840 2928 2928 2982 via
2986 2927 3202 2981 illorum
3254 2926 3535 2981 dementiae
3570 2927 3723 2995 ipsis,
3766 2936 3964 2996 posteri

766 3034 892 3073 vero
948 3020 1161 3073 illorum
1210 3032 1511 3073 sermonem
1565 3019 1869 3087 probabunt
1924 3036 1938 3072 :
1997 3033 2106 3073 non
2158 3018 2303 3074 enim
2343 3020 2529 3088 primis
2560 3028 2645 3073 sat
2683 3018 2785 3073 fuit
2816 3020 2893 3072 uti
2935 3018 3219 3073 dementis
3278 3018 3383 3079 via,
3441 3017 3543 3070 nisi
3583 3018 3743 3070 etiam
3793 3017 3968 3084 perni-

766 3113 972 3168 ciosum
1000 3112 1227 3181 posteris
1258 3112 1560 3181 exemplum
1596 3111 1725 3166 lacti
1769 3112 1944 3167 simile
2004 3109 2073 3164 ad
2132 3111 2217 3165 sui
2268 3111 2622 3164 imitationem
2669 3109 2907 3165 studium
2969 3110 3073 3163 illis
3122 3109 3508 3177 relinquerent,
3566 3118 3624 3163 ut
3669 3118 3724 3162 et
3768 3092 3971 3177 poster.l

765 3204 819 3258 in
848 3218 1058 3257 morum
1103 3218 1322 3257 suorum
1366 3204 1449 3257 via
1478 3203 1578 3257 sibi
1612 3204 1902 3271 placerent,
1944 3210 1998 3255 et
2023 3201 2142 3256 illos
2176 3200 2474 3257 imitatione
2521 3210 2893 3270 sequerentur.

836 3293 903 3347 Et
940 3294 1345 3346 dominabuntur
1382 3308 1559 3345 eorum
1578 3292 1717 3361 justi
1762 3294 1817 3345 in
1868 3295 2143 3347 matutino.
2185 3292 2303 3349 Non
2332 3304 2375 3361 α

2348 3304 2375 3361 3
2474 3293 2581 3347 Kal
2607 3291 3181 3359 κατακυριεύσουσιν
3204 3290 3400 3345 αὐτῶν
3419 3295 3471 3345 ol
3491 3291 3682 3357 εὐθεῖς
3707 3291 3779 3343 τὸ
3802 3292 3968 3359 πρωΐ.

768 3384 1015 3445 ulterius,
1058 3382 1513 3452 quemadmodum
1551 3382 1605 3436 in
1650 3383 1750 3437 hac
1794 3383 1899 3436 vita
1938 3398 2062 3438 cum
2106 3392 2310 3448 essent,

2412 3384 2605 3439 Οὐκέτι
2661 3384 2846 3452 ὥσπερ
2894 3384 2952 3435 έν
2982 3381 3059 3453 τῷ
3087 3383 3313 3454 παρόντι
3344 3383 3445 3454 βίῳ
3487 3384 3655 3445 ὄντες,
3708 3383 3973 3445 κατεξαν-

764 3475 1027 3529 adversus
1081 3474 1201 3543 pios
1254 3474 1500 3528 homines
1551 3474 1870 3543 insurgunt;
1902 3489 2088 3527 verum
2125 3482 2312 3528 contra

2415 3476 2650 3527 ίστανται
2684 3472 2791 3525 τῶν
2839 3472 3104 3527 εὐσεϐῶν·
3140 3473 3443 3527 τούναντίον
3487 3473 3542 3525 δὲ
3570 3476 3617 3525 oi
3645 3473 3741 3526 τοῦ
3780 3471 3975 3545 καιροῦ

764 3568 856 3635 qui
889 3565 1153 3619 matutino
1192 3575 1432 3634 tempore
1473 3564 1676 3633 dignati
1726 3574 1853 3619 sunt
1894 3574 1949 3618 et
1978 3580 2117 3619 novo
2154 3565 2315 3619 lumi-

2412 3567 2507 3635 τῆς
2540 3566 2747 3636 πρωῖας
2777 3563 3091 3629 ἀξιωθέντες
3116 3566 3209 3619 καὶ
3232 3565 3324 3619 τοῦ
3356 3565 3475 3618 νέου
3512 3566 3681 3634 φωτὸς
3707 3565 3828 3619 τῶν
3853 3567 3977 3619 ἀσε-

767 3670 856 3721 ne,
904 3654 1082 3723 impiis
1113 3654 1474 3721 imperabunt.
1527 3652 1596 3706 Et
1648 3655 1902 3706 auxilium
1946 3672 2123 3708 eorum
2183 3665 2315 3708 rete-

2413 3655 2521 3709 ϐὦν
2559 3654 3059 3726 κατακυριεύσουσι.
3095 3656 3205 3710 Kal
3255 3659 3294 3724 ἠ
3344 3656 3592 3725 ,βοήθεια
3628 3656 3838 3711 αὐτῶν
3872 3674 3979 3711 παν

767 3760 927 3801 rascet
957 3748 1010 3800 in
1054 3746 1277 3815 inferno,
1307 3756 1409 3803 etc.
1452 3744 1643 3809 Omne,
1681 3748 1874 3815 inquit,
1912 3748 2172 3801 auxilium
2217 3762 2312 3801 eo-

2411 3746 2797 3813 λαιωθήσεται
2838 3747 2906 3799 ἐν
2952 3745 3030 3810 τῷ
3050 3745 3185 3813 ᾄδῃ.
3214 3748 3390 3810 Πᾶσα,
3417 3747 3605 3816 φησὶν,
3658 3750 3692 3818 ή
3752 3748 3978 3819 βοήθεια

767 3853 907 3903 rum,
953 3838 1160 3892 scilicet
1191 3838 1367 3890 virtus
1410 3853 1573 3907 quam
1630 3838 1945 3892 obtinebant
1991 3854 2058 3891 ex
2095 3838 2267 3909 gloria
2295 3880 2311 3906 ,

2412 3837 2605 3903 αὐτῶν,
2656 3839 2771 3907 ἦτοι
2804 3838 2835 3907 ή
2867 3838 3015 3907 ίσχὺς
3047 3838 3114 3907 ἢν
3156 3838 3311 3908 ἔσχον
3338 3842 3399 3892 ὲκ
3426 3840 3522 3910 τῆς
3549 3838 3730 3911 δόξης,
3764 3840 3848 3911 τῷ
3885 3840 3977 3895 θα-

769 3935 940 3979 morte
971 3926 1317 3979 dissolvetur.
1360 3925 1494 3980 Illud
1521 3927 1691 3989 enim,
1727 3938 2022 3994 seterascet,
2063 3943 2161 3997 pro
2207 3929 2316 3983 sol-

2413 3930 2559 4000 νάτῳ
2585 3928 2980 3999 διαλυθήσεται.
3010 3930 3083 3982 Τὸ
3110 3930 3247 4001 γὰρ,
3297 3930 3774 3993 παλαιωθήσεται
3798 3970 3813 3996 ,
3861 3932 3980 3985 ἀντὶ

775 4025 923 4071 vetur
952 4016 1184 4087 positum
1230 4026 1333 4071 est.

2410 4020 2502 4073 τοῦ
2515 4061 2528 4084 ,
2554 4020 2949 4091 διαλυθήσεται,
2978 4020 3230 4074 τέθειται.

846 4106 933 4160 16.
1008 4106 1371 4161 Verumtamen
1422 4108 1557 4164 Deus
1612 4110 1824 4164 redimet
1873 4112 2103 4165 animam
2146 4128 2313 4165 meam

2484 4110 2653 4176 Πλὴν
2704 4111 2737 4162 ό
2769 4109 2908 4173 Θεὸς
2963 4109 3322 4177 λυτρὼσεται
3364 4109 3477 4179 τὴν
3506 4110 3721 4179 ψυχήν
3756 4130 3884 4181 μου
3914 4113 3980 4166 ἐκ

768 4199 831 4251 de
856 4214 1011 4251 manu
1051 4200 1227 4268 inferi,
1272 4217 1389 4252 cum
1421 4204 1669 4269 acceperit
1702 4220 1799 4256 me.
1850 4202 1971 4270 Mei,
2008 4206 2201 4274 inquit,
2238 4206 2312 4259 ita

2412 4202 2603 4273 χειρὸς
2634 4201 2799 4267 ᾅδου,
2830 4202 2975 4255 ὅταν
3001 4202 3269 4271 λαμϐάνῃ
3292 4220 3386 4271 με.
3434 4202 3619 4272 Ἐμοῦ,
3663 4206 3831 4275 φησι,
3886 4206 3980 4259 τοῦ

772 4291 1036 4359 loquentis
1076 4292 1311 4345 animam
1346 4291 1573 4347 redimet
1603 4292 1763 4358 Deus,
1800 4304 1858 4349 ut
1887 4311 1953 4349 ne
1994 4311 2100 4349 una
2140 4297 2311 4350 abdu-

2410 4293 2580 4347 ταῦτα
2606 4292 2850 4361 λέγοντος
2880 4292 3209 4363 λυτρὼσεται
3235 4295 3263 4345 6
3282 4293 3413 4356 Θεὸς
3445 4293 3541 4365 τὴν
3573 4294 3783 4367 ψυχὴν,
3845 4300 3982 4370 πρὸς

772 4392 919 4436 catur
945 4382 1057 4449 illa,
1090 4392 1145 4438 et
1176 4384 1453 4439 deseratur
1485 4401 1607 4440 cum
1640 4386 1831 4441 ovibus
1858 4387 2075 4443 inferni.

2410 4386 2469 4437 τὸ
2501 4384 2572 4454 μὴ
2616 4384 3016 4455 συναπαχθῖψαι
3066 4384 3250 4455 αὐτὴν,
3286 4392 3377 4439 καὶ
3426 4386 3791 4458 ἐρημωθῆναι
3846 4390 3982 4459 μετὰ

2411 4476 2515 4529 τῶν
2542 4474 2632 4529 τοῦ
2665 4476 2789 4545 ᾅδου
2825 4475 3124 4545 προϐάτων.

849 4555 935 4612 17.
971 4556 1051 4611 Ne
1080 4560 1310 4615 timueris
1355 4578 1473 4615 cum
1515 4562 1657 4618 dives
1706 4566 1875 4634 factus
1926 4567 2084 4636 fuerit
2137 4569 2304 4622 homo.

2482 4566 2574 4633 Μὴ
2606 4566 2811 4635 φοϐοῦ,
2837 4565 2979 4618 ὅταν
3010 4565 3323 4634 πλουτήσῃ
3350 4567 3676 4635 ἄνθρωπος.
3747 4570 3981 4633 Μαθὼν,

770 4647 904 4701 Cum
934 4650 1203 4715 didiceris,
1236 4654 1329 4719 ait,
1380 4656 1472 4725 qui
1524 4657 1647 4712 linis
1716 4661 1819 4714 erit
1874 4662 2182 4731 impiorum,
2242 4640 2383 4719 ne”

2364 4641 2383 4694 )
2412 4660 2591 4730 φησὶν,
2621 4653 2729 4713 οἷον
2755 4659 2903 4711 ἔσται
2922 4658 3027 4712 τῶν
3060 4658 3269 4711 ἀσεϐῶν
3291 4660 3350 4712 τὸ
3385 4660 3563 4723 τέλος,
3611 4661 3687 4733 μὴ
3737 4666 3984 4735 μακαρί-

772 4737 957 4793 beatos
982 4740 1241 4808 praedices
1278 4759 1370 4799 eos
1401 4748 1493 4815 qui
1527 4748 1578 4801 in
1613 4748 1723 4804 vita
1758 4749 1949 4807 divites
1979 4763 2032 4807 et
2072 4756 2311 4824 opulenti

2413 4764 2510 4821 οτις
2556 4750 2679 4811 τοὺς
2719 4750 2775 4801 ὲν
2807 4748 2884 4818 τῷ
2905 4748 3002 4818 βίῳ
3031 4748 3408 4813 πλουτοῦντας,
3450 4752 3579 4820 μηδὲ
3606 4752 3875 4825 φοϐηθῇς
3915 4756 3988 4817 ὡς

771 4839 917 4895 sunt,
949 4847 1055 4885 non
1089 4835 1280 4891 timeas
1305 4840 1461 4906 quasi
1508 4842 1652 4894 omni
1700 4857 1793 4911 spe
1835 4844 2181 4908 interclusus,
2217 4862 2314 4902 nec

2413 4840 2589 4909 πάσης
2611 4838 3095 4908 ἀποκεκλεισμένος
3128 4840 3355 4904 ἐλπίδος,
3407 4843 3480 4910 μὴ
3530 4842 3765 4915 ἀθυμῇς
3801 4846 3863 4899 δὲ
3915 4847 3988 4908 ib;

774 4930 831 4973 nt
862 4922 1073 4992 magnis
1118 4926 1339 4981 orbatus
1385 4932 1667 4997 praesentis
1717 4932 1838 4986 vitae
1898 4935 2076 5000 bonis,
2131 4937 2313 4991 animo

2417 4931 2658 5000 μεγάλων
2712 4932 2925 4998 ἀγαθῶν
2977 4932 3082 4985 τῶν
3129 4933 3406 5003 παρόντων
3455 4934 3861 5005 ἐστερημένος.
3916 4934 3987 4989 Εὖ

772 5011 1007 5067 delicias.
1032 5013 1203 5071 Probe
1230 5020 1369 5073 nosti
1394 5021 1522 5089 quia
1555 5030 1606 5075 te
1636 5035 1912 5093 exspectat
1956 5028 2255 5096 redemptio
2281 5044 2311 5082 a

2415 5022 2540 5087 ῑσθι,
2570 5024 2651 5077 ὅτι
2699 5024 2756 5076 σὲ
2792 5024 2890 5094 μὲν
2925 5026 3201 5096 περιμένει
3248 5026 3280 5095 ὴ
3316 5026 3379 5077 ὲκ
3422 5026 3651 5078 θανάτου
3707 5028 3990 5101 λύτρωσις

772 5113 943 5157 morte
964 5113 1017 5157 et
1050 5108 1151 5160 vita
1178 5118 1397 5164 aeterna.
1439 5112 1540 5177 Qui
1581 5125 1758 5170 autem
1794 5134 1823 5171 a
1853 5119 2035 5173 multis
2061 5122 2312 5187 praedica-

2413 5116 2557 5184 καὶὴ
2588 5114 2797 5179 αἰώνιος
2823 5116 2932 5187 ζωή
2955 5133 2968 5145 ·
3002 5119 3031 5170 6
3055 5117 3111 5170 δὲ
3138 5115 3287 5183 παρὰ
3310 5119 3422 5178 τοῖς
3448 5115 3664 5179 πολλοῖς
3717 5121 3989 5190 εὐδαιμο-

773 5202 857 5245 tur
889 5195 957 5248 ob
988 5196 1203 5251 divitias
1241 5201 1597 5273 gloriamque,
1632 5216 1686 5259 et
1725 5209 1793 5262 ob
1825 5210 1966 5263 illam
2002 5212 2135 5266 falso
2174 5228 2313 5267 nun-

2411 5205 2683 5275 νιζόμενος
2708 5206 2793 5259 διὰ
2820 5206 3039 5259 πλοῦτον
3069 5207 3359 5271 καὶδόξαν,
3390 5207 3481 5258 καὶ
3518 5206 3608 5259 διὰ
3640 5210 3757 5279 τὴν
3786 5212 3992 5280 ψευδώ-

772 5295 1017 5351 cupatam
1050 5290 1386 5359 sapientiam,
1420 5295 1552 5350 nihil
1604 5299 1723 5366 plus
1780 5301 2015 5370 habebit,
2079 5306 2313 5363 nudatus

2410 5313 2574 5365 νυμον
2592 5296 2799 5365 σοφίαν,
2824 5298 2972 5351 οὐδὲν
3004 5297 3163 5351 πλέον
3184 5298 3296 5361 ἔξει
3316 5313 3330 5327 ’
3372 5297 3573 5367 γυμνὸς
3601 5298 3727 5369 γὰρ
3766 5304 3992 5355 πάντων

774 5377 967 5446 quippe
996 5383 1265 5447 omnibus,
1300 5400 1329 5438 a
1356 5389 1477 5442 vita:
1508 5390 1662 5447 bonis
1691 5393 2007 5462 abripietur.

1590 5392 1662 5447 'liS
1691 5393 2007 5462 abripietur.
2410 5385 2779 5456 ἀπαχθήσεται
2813 5388 2917 5439 τῶν
2953 5387 3045 5441 τοῦ
3077 5388 3210 5456 βίου.

846 5465 931 5520 18.
1000 5468 1257 5535 Quoniam
1301 5493 1416 5529 cum
1466 5480 1718 5535 interierit
1768 5500 1866 5537 non
1913 5499 2078 5541 sumet
2112 5494 2307 5548 omnia.

2482 5478 2598 5529 Ὀτι
2625 5480 2733 5530 οὐκ
2755 5478 2823 5531 ὲν
2852 5479 2931 5543 τῷ
2954 5479 3357 5547 ἀποθνήσκειν
3380 5481 3567 5533 αὑτὸν
3599 5484 3891 5552 λήψεται
3922 5486 3992 5538 τὰ

775 5552 887 5611 Hoc
911 5559 1082 5615 solum
1129 5564 1281 5630 lucri,
1325 5571 1419 5630 ait,
1462 5587 1489 5623 a
1525 5573 1727 5629 divitiis
1764 5580 2037 5637 accepisse
2064 5582 2312 5639 videntur

2412 5566 2619 5620 πάντα.
2648 5569 2831 5633 Τοῦτο,
2860 5572 3007 5639 φησὶ,
3040 5570 3193 5639 μόνον
3215 5570 3395 5635 ἔδοξαν
3423 5571 3744 5641 κερδαίνειν
3763 5577 3816 5630 ol
3842 5577 3994 5630 ἄθεοι
