4086 6308
120 360 216 416 229

1164 354 1516 411 EXPOSITIO
1552 352 1617 408 IN
1654 352 1980 409 PSALMUM
2023 350 2201 405 XLIX.

3197 349 3299 403 ⁸250

118 474 223 527 ἀπὸ
246 472 345 527 τοῦ
377 474 629 538 πλούτου,
654 475 713 528 τὸ
739 474 1087 546 εύλογηθῆναι
1124 474 1221 544 τὴν
1262 475 1438 545 ψυχὴν
1482 472 1659 526 αὐτῶν

1764 471 1929 540 impii,
1951 470 2094 541 quod
2123 468 2300 524 anima
2336 481 2521 521 eorum
2552 466 2605 519 in
2636 467 2736 520 hac
2772 466 2983 519 mortali
3010 474 3062 517 et
3087 475 3295 535 tempo-

120 569 173 618 ἐν
200 567 266 635 τῇ
289 565 458 637 θνητῇ
491 568 586 621 καὶ
608 568 915 637 προσκαίρῳ
939 566 1069 637 ζωῇ.
1108 566 1357 619 Ἑκείνων
1392 564 1660 618 ἐπαινούν-

120 674 223 708 των
248 657 447 720 αὐτοὺς
478 658 570 710 καὶ
597 657 1064 725 εὐδαιμονιζόντων
1088 658 1169 725 ἐφ’
1205 651 1283 720 οἷς
1315 654 1496 719 ἔδοξαν
1521 656 1661 724 ἔχειν

120 748 360 814 ἀγαθοῖς.
391 748 541 803 Οὐδὲ
564 748 1072 817 συγκαταϐήσεται
1111 746 1267 812 αὑτῷ
1304 747 1341 814 ἡ
1383 747 1530 810 δόξα
1561 748 1663 799 αὺ-

121 837 243 891 τοῦ.
279 837 496 909 Ἐπειδὴ
542 838 716 891 πάντα
767 838 1092 909 πρόσκαιρα,
1140 839 1292 907 φησὶ,
1342 838 1461 890 τότε
1505 837 1661 906 χάριν

122 928 384 980 ἀποδώσει
413 944 493 979 σοι
520 926 596 997 τῷ
624 927 931 999 δημιουργῷ
958 930 985 981 ὀ
1011 927 1266 990 τοιοῦτος,
1300 928 1425 980 ὃταν
1461 925 1663 996 πληθύ-

122 1037 213 1090 vn;
238 1020 303 1073 τὰ
338 1020 465 1071 ὄντα
494 1018 659 1088 αὐτῷ.

177 1109 603 1161 Εἱσελεύσεται
634 1108 740 1173 ἕως
773 1108 976 1177 γενεὰς
1008 1108 1273 1175 πατέρων
1317 1108 1521 1161 αὐτοῦ.
1561 1108 1665 1160 Μι-

125 1200 377 1268 μήσεται,
402 1200 551 1270 φησὶ,
575 1199 677 1251 τῶν
708 1201 950 1271 πατέρων
971 1200 1058 1253 τὸν
1087 1199 1263 1269 ζῆλον,
1305 1201 1396 1253 καὶ
1422 1202 1483 1252 ἐκ
1509 1217 1664 1271 πονη-

123 1290 227 1360 ρῶν
254 1288 331 1341 ὢν
370 1288 464 1359 τὴν
494 1290 751 1361 πονηρίαν
778 1290 1090 1356 διαδέξεται.
1129 1291 1280 1355 Ἕως
1318 1289 1529 1355 αἰῶνος
1554 1292 1663 1344 οὐκ

123 1380 323 1447 ὄψεται
352 1380 493 1449 φῶς.
517 1380 583 1435 Οί
614 1381 719 1453 γὰρ
741 1381 960 1435 τοιαῦτα
988 1381 1303 1453 φρονοῦντες
1336 1381 1523 1450 τυφλοὶ
1547 1383 1665 1444 ταῖς

120 1473 311 1541 ψυχαῖς
350 1473 620 1542 γεγόνασι,
666 1477 800 1545 μήτε
850 1476 907 1528 ἐν
952 1474 1030 1545 τῷ
1078 1474 1253 1544 θνητῷ
1285 1474 1385 1545 βίῳ
1414 1474 1491 1544 τῷ
1530 1474 1666 1543 φωτὶ⁵

121 1566 213 1633 τῆς
242 1564 494 1632 γνώσεως
526 1566 896 1634 φωτισθέντες,
936 1568 1070 1637 μήτε
1097 1568 1155 1620 ἐν
1180 1566 1255 1635 τῷ
1295 1566 1537 1636 μέλλοντι
1572 1564 1664 1619 τοῦ

122 1654 339 1709 αἰωνίου
364 1656 538 1726 φωτὸς
562 1657 1001 1727 άξιωθησόμενοι.

470 1750 774 1803 ΨΑΛΜΟΣ
807 1748 886 1814 τῷ
935 1749 1143 1819 Ἀσάφ.
1180 1752 1315 1806 ΜΘ.

730 1840 744 1859 ⁹
759 1842 1063 1907 Υπόθεσις.

123 1927 260 1997 ’ᾼδει
296 1928 388 1981 τὸν
427 1928 634 1999 ψαλμὸν
658 1931 687 1982 6
734 1930 900 1999 Ἀσάφ
953 1930 1045 1983 τοῦ
1087 1930 1372 2002 νομοθέτου
1408 1930 1469 1984 τὸ
1500 1930 1665 2003 πρόσ-

182 2034 328 2071 ωπον
356 2019 640 2090 εἰσφέρων,
666 2018 762 2084 τὰς
794 2021 962 2075 πάλαι
992 2020 1090 2091 μὲν
1112 2021 1431 2093 ἀνατρέπων
1457 2021 1665 2088 θυσίας,

181 2107 449 2177 εἰσφέρων
474 2107 531 2159 δὲ
555 2109 652 2172 τὰς
672 2109 768 2180 τῆς
794 2110 937 2174 Νέας
966 2111 1259 2183 Διαθήκης,
1295 2113 1391 2175 τὰς
1422 2112 1488 2165 δι’
1528 2112 1667 2165 αἰνέ-

184 2213 319 2260 σεως
357 2197 712 2269 δωροφορίας.
746 2198 844 2271 [οί
898 2201 1167 2255 Ἰουδαίων
1219 2202 1424 2273 πρῶτοι
1467 2202 1667 2273 ἀρετῆς

184 2286 509 2357 ἀμελοῦντες
541 2290 600 2341 τὸ
632 2288 750 2361 (sic)
779 2289 1024 2361 ἐνόμιζον
1048 2286 1183 2345 εἶναι
1215 2293 1272 2346 ἐν
1302 2292 1380 2363 τῷ
1418 2294 1542 2355 τοὺς
1578 2292 1667 2345 νό-

187 2396 313 2447 μους
349 2380 799 2450 ἀποστοματίζειν
828 2382 921 2436 καὶ
941 2382 1297 2452 διαγγέλλειν,
1336 2384 1429 2437 καὶ
1479 2383 1667 2449 θυσίας

184 2469 530 2540 προσφέρειν.
596 2471 775 2541 Νόμου
836 2473 893 2525 δὲ
931 2474 1257 2542 ἀνάγνωσις,
1320 2475 1413 2529 καὶ
1470 2474 1667 2529 θυσιῶν

185 2560 470 2634 προσφορά
494 2561 593 2632 τῆς
622 2562 1029 2636 ἐνυπαρχούσης
1047 2566 1181 2619 εἰσὶν
1208 2567 1404 2638 ἀρετῆς
1422 2566 1631 2639 καρπός
1649 2583 1665 2597 ο

185 2652 379 2706 ἇνευδὲ
413 2654 615 2725 ταύτης
644 2655 824 2707 ἐκεῖνα
868 2659 1040 2709 ποιεῖν
1088 2657 1245 2728 μόνον
1295 2657 1477 2728 ὅμοιόν
1519 2659 1666 2710 ἐστιν

182 2744 494 2814 ἀλείφεσθαι
534 2746 627 2815 μὲν
670 2747 760 2799 ἐπὶ
786 2746 864 2817 τῷ
910 2748 1176 2813 παλαίειν,
1236 2748 1416 2803 αὐτῶν
1461 2750 1519 2803 δέ
1559 2748 1667 2803 τῶν

184 2836 572 2907 παλαισμάτων
604 2838 945 2907 καταμελεῖν,
976 2837 1034 2901 ἐξ
1057 2832 1129 2893 ιῖν
1151 2841 1178 2892 6
1207 2840 1483 2911 στέφανος.
1524 2841 1666 2912 Πρὸς

185 2925 271 2980 οὖν
296 2931 426 2990 τοὺς
449 2927 591 2982 οὕτω
614 2928 980 2999 διακειμένους
1009 2929 1222 2999 ἔλεγχον
1249 2934 1478 2985 ποιεῖται
1505 2931 1533 2983 6
1565 2949 1667 3002 μα-

183 3021 369 3093 κάριος
419 3020 603 3085 Δαυῒδ,
639 3020 727 3074 τὸν
774 3020 905 3075 Θεὸν
956 3022 1185 3091 είσάγων
1229 3023 1549 3087 ὀνειδίζοντα
1575 3022 1668 3076 καὶ

181 3112 484 3177 δεικνύντα,
518 3113 597 3165 ὅτι
616 3112 689 3183 μὴ
722 3111 887 3183 ούσης
906 3114 1127 3184 ἀρετῆς,
1158 3113 1255 3178 τάς
1284 3113 1470 3177 θυσίας
1499 3115 1665 3167 ἀποσ-

183 3204 461 3276 τρέφεται,
493 3202 520 3255 ὃ
559 3203 653 3256 καὶ
695 3203 781 3256 διὰ
808 3205 1025 3257 Ἡσαῖου
1047 3205 1226 3273 ἔλεγεν
1251 3224 1263 3236 ο
1307 3206 1368 3258 '0
1391 3206 1608 3274 ἄνομος
1635 3207 1669 3259 ό
1694 3192 1735 3248 c

184 3298 337 3349 θύων
360 3313 465 3365 μοι
482 3298 739 3364 μόσχον,
777 3296 856 3361 ὡς
884 3298 916 3349 ό
942 3296 1174 3348 τύπτων
1222 3296 1427 3364 ἄνδρα,
1481 3296 1572 3348 καὶ
1599 3294 1667 3348 τὰ

183 3386 327 3457 ἐξῆς.
390 3388 479 3439 Ἐν
513 3388 677 3440 εἰκόνι
704 3382 796 3441 οὖν
852 3388 1167 3457 σχηματίζει
1209 3387 1296 3440 τὸν
1326 3387 1516 3455 Λόγον,
1572 3387 1668 3441 καὶ

185 3479 390 3544 εἰσάγει
420 3478 509 3531 τὸν
547 3478 675 3531 Θεὸν
712 3479 770 3544 ἐξ
797 3478 1021 3550 ούρανοῦ
1064 3480 1487 3551 παραγινόμενον
1510 3518 1526 3545 ,
1573 3480 1668 3534 καὶ

181 3568 474 3631 καθίζοντα
506 3570 805 3640 κριτήριον,
836 3570 1075 3633 καὶτοὺς
1110 3571 1218 3625 τῶν
1251 3572 1511 3626 Ἰουδαίων
1548 3572 1668 3643 κρί-

183 3677 337 3712 νοντα
370 3661 657 3731 ἄρχοντας,
685 3659 826 3727 Θεὸς
837 3659 1277 3727 θεῶνέλάλησε.
1300 3660 1319 3732 ]

184 3839 329 3904 Θεὸς
353 3838 503 3892 θεῶν
532 3840 743 3907 Κύριος
777 3839 1072 3907 ἑλάλησε,
1133 3840 1229 3893 καί
1266 3840 1519 3895 ἐκάλεσε
1552 3839 1667 3907 τὴν

116 3928 248 3999 γῆν.
288 3928 412 3982 Θεοὶ
457 3931 555 3999 μὲν
604 3932 653 3982 oi
684 3930 825 3997 ἆγιοι
854 3930 1002 4001 παρὰ
1040 3930 1115 4000 τῷ
1152 3929 1269 4001 Θεῷ
1290 3947 1303 3960 ·
1331 3930 1563 3985 Δέδωκά
1593 3946 1667 3984 σε

115 4018 191 4083 τῷ
226 4018 435 4087 Φαραὼ
484 4021 571 4084 εὶς
608 4020 770 4073 Θεόν·
806 4020 918 4085 καὶ,
955 4019 1098 4090 Ἐγὼ
1131 4016 1293 4076 εἶπαο
1328 4022 1458 4075 Θεοί
1504 4021 1662 4076 ἐστε.

114 4110 420 4165 Καλοῦνται
451 4110 508 4164 δέ
531 4111 634 4165 ὑπὸ
658 4110 750 4165 τοῦ
779 4110 911 4166 Θεοῦ
950 4113 1077 4166 πότε
1096 4153 1110 4177 ,
1139 4112 1173 4184 ἥ
1208 4114 1295 4167 ὅτε
1322 4112 1665 4185 ἐνανθρωπή-

114 4218 209 4266 σας
232 4203 483 4273 ἐλάλησε,
516 4205 609 4256 καὶ
629 4204 804 4257 πᾶσαν
832 4205 1154 4259 συνεκάλεσε
1186 4205 1285 4277 τὴν
1320 4204 1464 4275 γῆνς
1506 4206 1571 4259 Τί
1606 4205 1664 4259 δὲ

113 4293 369 4365 ἐλάλησεν
398 4292 433 4363 ἢ
465 4292 544 4358 τὸ,
575 4294 986 4363 Πορευθέντες,
1016 4298 1426 4366 μαθητεύσατε
1471 4295 1664 4350 πάντα

1768 578 1931 618 ranea
1980 564 2085 617 vita
2140 561 2209 615 ab
2271 558 2472 614 divitiis
2527 558 2799 614 celebrata
2856 555 3037 611 fuerit.
3080 554 3305 611 Laudati

1761 651 1968 705 scilicet
1997 659 2051 704 et
2081 648 2262 703 felices
2296 647 2447 709 dicti,
2491 647 2559 702 ob
2601 648 2739 701 buua
2784 661 2903 715 quae
2946 646 3141 699 habere
3162 646 3307 701 vide-

1764 742 1976 795 bantur.
2022 740 2199 810 Neque
2232 741 2501 793 descendet
2545 755 2660 792 cum
2710 754 2770 791 eo
2821 738 2987 808 gloria
3022 739 3153 807 ejus,
3200 747 3304 793 etc.

1760 830 2052 897 Quoniam,
2095 830 2290 900 inquit,
2336 831 2514 884 omnia
2547 840 2912 899 temporanea,
2945 843 3054 884 tum
3080 831 3308 901 gratiam

1764 923 1946 975 reddet
1979 923 2074 976 tibi
2105 922 2333 975 creatori
2364 920 2670 991 hujusmodi
2714 922 2894 987 homo,
2920 936 3044 975 cum
3076 923 3193 991 ejus
3227 920 3308 976 fa-

1764 1014 1995 1069 cultates
2038 1016 2277 1068 anseris.

1834 1106 1921 1160 i9.
1973 1105 2217 1160 lntroibit
2248 1123 2405 1177 usque
2448 1110 2502 1159 in
2531 1108 2795 1175 progenies
2828 1115 3035 1173 patrum
3070 1120 3302 1159 suorum.

1763 1195 2086 1264 linitabitur,
2141 1199 2332 1267 inquit,
2386 1209 2598 1267 patrum
2649 1213 2868 1252 suorum
2915 1198 3151 1253 studium
3202 1217 3215 1252 :
3257 1207 3311 1253 et.

1763 1301 1887 1341 cum
1916 1304 1978 1341 ex
2012 1289 2271 1358 improbis
2303 1300 2482 1343 ortum
2522 1289 2707 1353 ducat,
2739 1289 3137 1357 improbitatem
3162 1290 3309 1345 exci-

1761 1382 1891 1450 piet.
1935 1380 2104 1452 Usque
2146 1383 2199 1434 in
2227 1390 2474 1435 mternum
2510 1397 2611 1434 non
2637 1381 2826 1434 uidebit
2873 1382 3065 1436 lumen.
3108 1379 3310 1437 Omnes

1763 1472 1904 1527 enim
1932 1473 2024 1541 qui
2058 1474 2158 1526 hoc
2191 1474 2349 1525 modo
2373 1476 2631 1534 sentiunt,
2663 1474 2845 1527 animo
2871 1472 3183 1539 caacutiunt,
3215 1487 3307 1527 ne-

1763 1579 1867 1634 que
1904 1564 1957 1616 in
2006 1563 2108 1618 hac
2152 1564 2368 1617 mortali
2417 1564 2524 1617 vita
2584 1564 2786 1617 lumine
2822 1564 3141 1634 cognitionis
3183 1565 3308 1620 illu-

1763 1654 1937 1720 strati,
1964 1669 2134 1724 neque
2163 1655 2215 1707 in
2256 1653 2434 1707 futura
2459 1663 2660 1709 aeterno
2687 1655 2892 1709 lumine
2931 1655 3190 1711 donandi.

2108 1743 2441 1800 PSALMUS
2500 1747 2693 1814 Asaplt.
2757 1744 2963 1800 XLIX.

2346 1838 2739 1909 Argumentum.

1764 1922 2038 1981 Psalmum
2072 1926 2219 1981 canit
2246 1926 2448 1997 Asaph,
2478 1943 2764 1997 personam
2809 1925 3047 1983 inferens
3095 1926 3309 1999 legisla-

1834 2018 1991 2083 toris,
2017 2018 2109 2088 qui
2137 2020 2360 2089 antiqua
2406 2020 2670 2074 sacriﬁcia
2713 2021 2923 2086 evertit,
2978 2030 3033 2075 et
3079 2034 3201 2089 quae
3242 2020 3307 2075 ad

1836 2108 2040 2164 Novum
2078 2109 2482 2166 Testamentum
2532 2111 2799 2181 pertinent
2831 2110 2970 2165 dona
3001 2125 3123 2165 cum
3153 2110 3310 2166 lauue

1836 2200 2121 2269 conjuncta
2176 2200 2351 2256 affert.
2399 2200 2420 2273 [
2464 2200 2773 2257 Judaeorum
2827 2202 3027 2272 primi,
3069 2201 3307 2272 neglecta

1832 2289 2051 2353 virtute,
2074 2288 2387 2359 religionem
2406 2292 2663 2361 putabant
2682 2308 2802 2347 esse
2819 2292 2977 2347 sitam
3012 2293 3064 2346 in
3084 2292 3309 2347 recitan-

1834 2380 1920 2435 dis
1949 2390 2003 2435 et
2036 2379 2384 2435 enuntiandis
2426 2381 2651 2449 legibus,
2683 2381 3079 2453 oﬁ‘ereudisque
3106 2382 3313 2438 sacriﬁ-

1835 2470 1954 2526 ciis.
1986 2468 2169 2525 Lectio
2208 2478 2389 2525 autem
2414 2470 2547 2541 legis
2573 2481 2628 2526 et
2658 2472 3048 2527 sacriﬁciorum
3086 2470 3309 2536 oblatio,

1836 2562 2049 2618 virtutis
2090 2562 2238 2617 intus
2288 2562 2596 2620 essistentis
2649 2562 2859 2619 fructus
2894 2578 3020 2619 esse
3065 2563 3259 2618 debent
3294 2580 3310 2616 :

1834 2667 1943 2724 qua
1970 2651 2253 2706 deﬁciente
2278 2652 2367 2706 illa
2394 2653 2571 2707 solum
2604 2662 2880 2718 praestare,
2906 2654 3128 2723 perinde
3151 2653 3307 2709 fueri.

1841 2760 1905 2800 ac
1934 2744 1980 2799 si
2021 2743 2145 2813 quis
2181 2752 2413 2813 ungatur
2460 2743 2527 2798 ad
2576 2744 2897 2813 palaestram,
2937 2754 2991 2799 et
3022 2746 3311 2800 certamina

1835 2837 1951 2907 ipsa
1983 2836 2115 2891 nihil
2161 2846 2336 2905 curet,
2377 2838 2575 2907 quibus
2628 2852 2827 2893 corona
2871 2838 3161 2892 obtinctur.
3208 2837 3313 2891 Eos

1849 2928 2032 2997 itaque
2084 2928 2176 2997 qui
2213 2928 2293 2983 sic
2330 2929 2505 2983 affecti
2539 2938 2686 2994 sunt,
2711 2930 2954 2998 coarguit
2983 2929 3171 2984 beatus
3220 2927 3314 2982 Da-

1835 3018 1944 3083 vid,
1998 3018 2274 3088 Deumque
2304 3019 2515 3074 inducit
2559 3022 2973 3089 exprobrantem
3023 3036 3087 3075 ac
3134 3019 3314 3075 decla-

1838 3120 2045 3165 rantem
2076 3125 2154 3173 se,
2194 3111 2240 3166 si
2274 3110 2489 3166 deﬁciat
2517 3112 2710 3177 virtus,
2747 3128 2778 3166 a
2814 3112 3091 3167 sacriﬁciis
3118 3111 3316 3165 abhor-

1836 3219 1977 3271 rere,
2008 3204 2151 3273 quod
2188 3218 2281 3273 per
2325 3204 2518 3257 Isaiam
2570 3219 2785 3274 quoque
2824 3203 3036 3257 dicebat
3073 3202 3139 3257 “.
3204 3200 3317 3255 lm-

1837 3294 1955 3362 pius
1998 3294 2087 3362 qui
2133 3294 2259 3347 mihi
2299 3295 2515 3347 vitulum
2557 3295 2880 3360 immolabat,
2929 3307 3005 3350 est
3044 3296 3195 3365 quasi
3226 3294 3315 3349 ille

1836 3388 1924 3454 qui
1964 3386 2129 3438 virum
2167 3387 2341 3451 credit,
2368 3394 2473 3442 etc.
2501 3386 2558 3441 In
2602 3387 2836 3457 imagine
2880 3388 3042 3457 igitur
3066 3386 3312 3443 .Verbuin

1840 3478 2145 3543 adumbrat,
2174 3478 2484 3547 inducitque
2533 3477 2699 3531 Deum
2742 3478 2808 3533 de
2852 3477 2991 3532 cmlo
3026 3478 3313 3533 advenien—

1838 3578 1966 3635 tem,
2004 3585 2067 3624 ac
2090 3571 2365 3625 sedentem
2399 3568 2770 3637 adjudicium,
2813 3579 2866 3625 et
2906 3569 2973 3625 de
3006 3568 3309 3625 Judzeorum

1835 3661 2169 3731 principibus
2192 3661 2456 3730 judicium
2497 3660 2776 3725 ferentem,
2820 3660 2958 3714 Deus
2992 3662 3207 3714 deorum
3232 3662 3311 3714 lo-

1838 3760 1986 3803 cutus
2020 3760 2116 3805 est.
2145 3750 2167 3823 ]

1835 3842 1887 3896 1.
1945 3840 2082 3895 Deus
2121 3843 2337 3895 deorum
2381 3842 2631 3895 Dominus
2662 3843 2865 3898 locutus
2895 3851 2992 3905 est,
3025 3852 3073 3896 et
3114 3843 3311 3896 vocavit

1766 3942 1979 3987 terram.
2026 3930 2211 3988 Sancti
2256 3940 2315 3987 ut
2363 3933 2437 3988 dii
2485 3937 2623 4004 apud
2668 3934 2833 3990 Deum
2884 3945 3013 3990 sunt
3042 3954 3055 3990 ε
3088 3935 3217 3990 Dedi
3265 3947 3313 3990 te

1770 4024 2034 4078 Pharaoni
2074 4025 2129 4078 in
2173 4020 2338 4077 Deum
2385 4023 2469 4093 δ’,
2501 4033 2553 4081 et
2582 4044 2596 4080 :
2633 4024 2746 4098 Ego
2780 4027 2893 4079 dixi
2924 4042 2943 4079 :
2976 4026 3063 4079 Dii
3096 4028 3219 4081 estis
3242 4027 3306 4081 “.

1762 4112 2114 4180 Quandonam
2142 4111 2215 4167 ita
2239 4127 2269 4166 a
2297 4111 2407 4168 Deo
2437 4122 2718 4178 vocantur,
2756 4114 2858 4169 nisi
2895 4130 3015 4170 cum
3054 4114 3309 4171 incarna-

1764 4216 1849 4262 tus
1878 4206 2090 4261 locutus
2120 4213 2221 4272 est,
2245 4213 2299 4261 et
2331 4214 2494 4260 totam
2538 4207 2857 4263 convocavit
2896 4209 3133 4262 terram?
3173 4206 3309 4275 Quid

1760 4313 1889 4352 vero
1949 4296 2161 4353 locutus
2204 4305 2306 4362 est,
2367 4297 2521 4351 nisi:
2572 4296 2767 4351 Euntes
2820 4298 3077 4367 baptizate
3138 4316 3311 4354 omnes

112 4386 179 4438 τὰ
204 4386 353 4453 ἔθνη
375 4425 393 4453 ,
428 4386 524 4438 καὶ
552 4385 632 4438 τό·
662 4385 761 4439 Δεῖ
796 4386 1165 4458 κηρυχθῆναι
1201 4388 1267 4443 τὸ
1301 4386 1663 4457 Eua-{Tutor

1764 4400 1928 4460 gentes
1955 4388 2032 4455 “;
2073 4396 2127 4444 et
2169 4388 2345 4444 illud:
2400 4388 2612 4458 Oportet
2651 4390 2931 4459 pra-dicari
2976 4390 3311 4463 Evangelium

108 4475 283 4529 τοῦτο
312 4476 384 4529 έν
413 4476 528 4546 ὅλῃ
559 4476 632 4545 τῇ
657 4478 1006 4547 οίκουμένῃ;

187 4567 293 4622 Ἐκ
322 4560 478 4622 Σιὼν
496 4570 535 4636 ἠ
559 4569 874 4638 εὐπρέπεια
901 4568 1009 4638 τῆς
1052 4570 1403 4641 ὡραιότητος
1454 4570 1656 4624 αὑτοῦ.

121 4656 212 4712 Ἐκ
270 4659 379 4732 γάρ
416 4659 516 4731 τῆς
559 4660 669 4715 άνω
723 4660 859 4716 Σιὼν
918 4662 1010 4716 καὶ
1053 4662 1307 4733 δευτέραν
1365 4663 1661 4733 παρουσίαν

109 4751 415 4820 ποιήσεται.

175 4838 194 4911 ε
225 4841 323 4893 Ἐκ
350 4840 504 4894 Σιὼν
527 4841 564 4909 ἠ
585 4842 899 4911 εὐπρέπεια
934 4840 1041 4915 τῆς
1071 4846 1421 4914 ὼραιότητος
1455 4844 1659 4899 αὑτοῦ.

110 4932 251 4998 Θεὸς
275 4932 559 5002 ἐμφανῶς
587 4934 737 5001 ἣξει.
766 4935 839 4989 Τὸ
888 4936 1010 5008 μὲν,
1035 4936 1103 4991 ἐκ
1132 4937 1303 5003 Σιὼν,
1334 4937 1432 5007 τὴν
1473 4937 1666 5008 προτέ-

109 5043 205 5094 ραν
228 5026 379 5092 λέγει
432 5028 729 5097 παρουσίαν
784 5029 1084 5099 σημαίνειν·
1132 5030 1193 5083 τὸ
1234 5028 1311 5094 δὲ,
1370 5028 1662 5097 ἐμφανῶς,

108 5117 385 5188 δευτέραν.
418 5118 573 5172 Κατὰ
596 5117 692 5189 μὲν
713 5114 803 5173 οὖν
823 5119 919 5191 τὴν
948 5119 1165 5192 πρώτην
1192 5118 1352 5175 αὑτοῦ
1370 5120 1665 5189 παρουσίαν

107 5210 194 5262 καὶ
221 5211 327 5280 τὴν
375 5209 577 5274 ἐνδοξον
609 5210 920 5279 θεοφάνειαν
986 5213 1194 5266 ἐσιώπα
1244 5213 1333 5266 ὑπ’
1367 5210 1663 5282 ἀνθρώπων

104 5300 443 5369 κρινόμενος,
463 5298 583 5352 ούδέ
613 5300 827 5370 ἐμφανῆ
845 5300 940 5371 τὴν
963 5299 1149 5355 ἐαυτοῦ
1181 5300 1401 5370 θεότητα
1433 5298 1659 5351 ἐδείκνυο

105 5390 325 5444 ἐπειδὰν
354 5391 411 5444 δέ
437 5391 498 5444 τὸ
532 5391 777 5463 δεύτερον
808 5393 1085 5465 ἀφίκηται,
1112 5392 1228 5463 ἥξει
1272 5390 1543 5462 ἐμφανῶς,
1569 5389 1663 5444 καὶ

104 5483 159 5533 οὐ
205 5484 715 5555 παρασιωπήσεταιι
770 5484 881 5538 ἀλλ’
912 5485 1115 5553 ἐλέγξει
1165 5484 1258 5538 τοῦ
1311 5484 1512 5554 κόσμου
1565 5483 1661 5554 τὴν

107 5570 398 5644 ἁμαρτίαν.
434 5574 623 5644 Είγὰρ
659 5577 690 5629 6
715 5574 841 5639 Θεὸς
887 5575 1135 5645 ἐμφανῶς
1194 5574 1329 5644 ἥξει,
1381 5576 1409 5628 6
1449 5574 1503 5627 δὲ
1526 5576 1659 5646 Χρι-

174 5746 215 5778 ⁶¹
257 5745 363 5803 lsa.
403 5763 558 5819 Lavi,
596 5752 649 5805 3.
730 5753 773 5785 δ’
803 5753 969 5809 Exod.
1004 5770 1096 5820 vn,
1125 5755 1174 5808 t.
1251 5756 1295 5787 “
1342 5755 1473 5813 Psal.
1528 5770 1669 5821 sui,
1705 5757 1758 5812 6.
1816 5758 1859 5791 “
1894 5759 2078 5815 Matth.
2121 5778 2310 5832 xsvut,
2366 5766 2448 5822 i9.

1762 4481 1855 4533 hoc
1878 4481 1933 4533 in
1966 4481 2203 4534 universo
2236 4480 2427 4534 mundo
2464 4480 2549 4534 “1'

1835 4570 1889 4624 2.
1926 4568 2009 4623 Ex
2035 4568 2165 4624 Sion
2182 4572 2373 4639 species
2415 4571 2617 4626 decoris
2641 4572 2772 4642 ejus.
2821 4571 2956 4629 Nam
2979 4589 3043 4629 ex
3073 4589 3307 4645 superna

1768 4660 1897 4716 Sion
1932 4662 2169 4717 secundo
2209 4663 2475 4720 adveniet.

1837 4850 1945 4924 [Ex
1959 4850 2083 4906 Sion
2099 4853 2287 4921 species
2298 4853 2500 4907 decoris
2516 4854 2648 4922 ejus.
2667 4852 2825 4916 Deus,
2845 4853 3115 4922 manifeste
3127 4855 3305 4909 veniet.

1768 4940 1924 5006 Illud,
1949 4958 2013 4997 ea:
2043 4939 2190 5005 Sion,
2224 4944 2459 5012 priorem
2480 4944 2609 5000 dicit
2628 4942 2917 4998 adventum
2961 4944 3303 5013 significare;

1768 5033 1899 5087 illud
1927 5042 2130 5099 autem,
2184 5035 2493 5103 manifeste,
2543 5034 2866 5089 secundum.
2922 5032 3076 5099 Quod
3126 5033 3308 5104 itaque

1766 5125 2003 5193 priorem
2032 5125 2151 5194 ejus
2175 5126 2485 5192 adventum,
2527 5133 2689 5195 atque
2726 5124 3014 5194 gloriosam
3059 5121 3153 5177 Dei
3192 5138 3307 5177 ma-

1767 5216 2188 5285 nifcstationem,
2220 5219 2412 5274 silebat
2439 5220 2567 5273 dum
2600 5218 2668 5273 ab
2696 5217 3278 5280 hominibusjudicare

1765 5318 1875 5375 tur,
1899 5325 2073 5380 neque
2099 5312 2393 5381 conspicue
2409 5313 2743 5369 divinitatem
2772 5327 2925 5369 suam
2956 5311 3303 5372 ostendebat.

1766 5402 1986 5470 quando
2012 5411 2191 5457 autem
2220 5404 2459 5458 secundo
2513 5404 2751 5469 accedet,
2783 5399 3068 5457 manifeste
3102 5401 3302 5466 veniet,

1765 5500 1820 5545 et
1864 5505 1973 5544 non
2023 5491 2222 5556 silebit,
2280 5494 2371 5547 sed
2429 5502 2615 5563 arguet
2665 5491 2852 5547 mundi
2908 5499 3212 5560 peccatum.
3246 5488 3305 5545 Si

1768 5598 2001 5652 namque
2028 5581 2167 5639 Deus
2185 5585 2468 5641 manifeste
2486 5587 2685 5652 veniat,
2707 5586 2955 5642 Christus
2971 5593 3149 5639 autem
3164 5582 3306 5639 Deus

2572 5768 2614 5799 "
2653 5765 2814 5823 Marc.
2846 5782 2971 5832 sui,
3009 5763 3095 5819 10.
