4086 6308
768 374 869 429 231
1674 361 1731 420 s.
1770 349 2134 418 ATliANASll
2171 360 2321 416 OPP.
2361 354 2540 413 PARS
2578 354 2664 407 ιιι.
2705 381 2773 392 -
2806 346 3213 403 EXEGETICA.
3860 339 3949 394 ss:

774 491 865 553 sit,
890 488 1017 542 illud
1044 499 1172 541 sane
1194 483 1414 545 dictum,
1447 480 1738 547 manifeste,
1759 495 1974 535 carnem
2008 475 2307 547 declarat.)
2339 498 2351 534 Α

2455 470 2532 533 τὸς
2560 469 2686 531 Θεός
2722 470 2853 529 ἐστι,
2889 466 2970 527 τὸ,
3005 460 3292 532 ἐμφανῶς,
3324 460 3428 531 ἄρα
3450 459 3543 529 τὴν
3575 458 3750 525 σάρκα
3785 456 3949 527 δηλοῖ-1

843 580 896 633 3.
935 577 1069 632 Deus
1096 573 1367 641 manifeste
1393 572 1578 624 veniet.
1637 568 1756 623 Non
1796 572 1940 624 enim
1985 570 2204 639 perinde
2239 580 2321 622 at-

2503 562 2565 613 '0
2599 559 2740 623 Θεὸς
2759 556 3031 627 ἐμφανῶς
3056 554 3206 621 ἥξει.
3241 555 3315 605 ού
3341 553 3447 621 γὰρ
3500 552 3639 604 κατά
3665 550 3761 619 τὴν
3786 550 3953 620 προτέ-

778 690 882 745 que
907 675 959 727 in
987 672 1159 741 primo
1176 668 1409 722 adventu
1443 666 1723 733 incognito
1760 664 1971 727 veniet;
2002 663 2093 715 sed
2128 670 2186 714 ut
2210 663 2323 729 ipse

2455 670 2521 705 αν
2551 650 2847 721 παρουσίαν
2875 647 3190 718 λεληθότως
3217 646 3327 699 ἀλλ’
3360 647 3435 707 ὡς
3474 645 3633 705 αὑτός
3668 658 3845 711 φησιν,
3890 640 3953 702 ὡς

778 733 883 822 siit:
918 764 1058 819 sicut
1087 761 1263 828 fulgur
1304 758 1445 827 quod
1490 756 1668 809 omnia
1713 756 1898 824 implet
1940 753 2007 806 ab
2034 753 2240 827 oriente
2259 752 2326 805 ad

2455 745 2677 815 ,στραπὴ
2721 740 2996 814 πληροῦσα
3044 740 3150 794 ἀπὸ
3193 737 3461 792 ἀνατολῶν
3494 737 3596 798 ἓως
3650 734 3879 803 δυσμῶν.
3910 733 3954 784 Ὀ

780 856 1135 913 occidentem.
1154 851 1293 904 Deus
1311 857 1486 901 noster
1500 856 1548 900 et
1564 864 1661 899 non
1684 847 1877 900 silebit.
1892 844 2009 898 Non
2030 844 2166 898 sicut
2181 850 2325 907 ante,

784 950 986 1019 inquit,
1020 945 1231 1006 silebat,
1270 951 1324 996 et
1364 941 1498 994 nihil
1543 940 1736 1008 agebat
1777 948 1961 991 contra
2009 936 2222 1004 impios,
2256 935 2327 986 ita

781 1051 911 1095 tunc
935 1038 1055 1093 erit.
1077 1034 1221 1103 Ignis
1253 1034 1305 1083 in
1327 1042 1598 1100 conspectu
1632 1031 1741 1099 ejus
1758 1027 2072 1081 exardescet.
2090 1025 2251 1094 Ignis,
2273 1033 2332 1076 ut

780 1143 998 1204 propter
1028 1128 1351 1197 impietatem
1383 1132 1649 1177 merentes
1692 1120 1866 1173 tradat
1901 1116 2330 1173 comburendos:

783 1224 957 1280 simile
973 1231 1148 1277 autem
1167 1219 1294 1273 illud
1329 1242 1340 1276 :
1369 1220 1431 1275 In
1451 1224 1718 1283 conspectu
1736 1212 1879 1265 illius
1911 1209 2207 1265 solvebatur
2231 1210 2334 1276 flu-

784 1317 894 1371 vius
924 1318 1125 1385 igneus.
1152 1313 1274 1369 Haec
1297 1316 1414 1385 ipsa
1455 1309 1720 1367 mirabilia
1751 1321 1881 1361 sane
1902 1305 2033 1358 vidit
2063 1302 2250 1356 Daniel
2267 1302 2331 1355 “.

788 1407 1007 1461 Fluv'ius
1037 1407 1205 1472 enim,
1240 1406 1437 1475 inquit,
1466 1405 1601 1473 ignis
1631 1400 1930 1455 solvebatur
1955 1399 2008 1449 in
2056 1403 2335 1463 conspectu

786 1496 933 1566 ejus:
966 1496 1179 1549 thronus
1216 1496 1329 1563 ejus
1360 1496 1577 1563 ﬂamma
1604 1492 1758 1562 ignis,
1787 1498 1914 1541 rota:
1934 1487 2044 1553 ejus
2074 1486 2209 1555 ignis
2242 1499 2335 1537 ac-

794 1602 1000 1640 census.
1034 1584 1177 1655 Ignis
1203 1595 1404 1650 autem,
1448 1592 1542 1637 aut
1572 1582 1754 1634 lumen
1805 1592 1871 1631 ex
1910 1590 1975 1630 eo
2006 1588 2233 1628 manans
2262 1571 2339 1625 si-

790 1676 1046 1748 gniﬁcat;
1079 1691 1205 1730 nam
1234 1674 1436 1730 Christi
1464 1672 1822 1742 cognitionem
1857 1666 2111 1737 prazcedit
2158 1666 2340 1718 lumen

2429 841 2572 906 Θεὸς
2615 838 2781 907 ἡμῶν
2815 837 2910 889 καί
2961 838 3032 888 οὐ
3078 830 3616 901 παρασιωπήσααι.
3645 827 3756 894 Οὐχ
3795 823 3955 893 ὥσπερ

2429 934 2489 986 τὸ
2510 932 2789 1002 πρότερον,
2818 929 2999 999 φησὶν,
3030 925 3236 979 ἐσιώπα
3274 925 3382 986 τοῖς
3404 920 3673 984 ἀσεϐέσιν,
3705 917 3839 970 οὕτω
3879 916 3955 967 καὶ

2429 1025 2571 1076 τότε.
2599 1023 2722 1089 Πῦρ
2751 1021 3002 1073 ἐνώπιον
3054 1017 3240 1072 αὐτοῦ
3291 1014 3672 1080 καυθήσεται.
3704 1010 3837 1079 Πῦρ,
3888 1010 3957 1061 ἵνα

2431 1116 2555 1176 τοὺς
2579 1113 2755 1176 ἀξίους
2773 1112 2861 1165 διά
2878 1113 2974 1183 τὴν
3007 1110 3254 1163 ἀσέϐειαν
3281 1108 3455 1162 αὐτῶν
3493 1103 3738 1176 παραδῷ.
3763 1104 3959 1171 Ὅμοιον

2434 1207 2491 1258 δὲ
2521 1205 2601 1265 τὸ,
2657 1207 3028 1272 Ἐμπροσθεν
3058 1202 3240 1255 αὐτοῦ
3269 1196 3429 1254 elixa
3477 1196 3739 1265 ποταμὸς
3779 1194 3959 1261 πυρός.

2435 1297 2643 1368 Σφόδρα
2667 1295 2835 1348 ταῦτα
2862 1296 2952 1348 καὶ
2982 1298 3010 1347 ό
3035 1295 3297 1365 μακάριος
3334 1292 3590 1345 ἐθεάσατο
3630 1287 3842 1356 Δανιὴλ.
3872 1289 3963 1338 Ho-

2435 1388 2617 1457 ταμὸς
2636 1388 2761 1461 γάρ,
2806 1388 2959 1458 φησὶ,
2993 1387 3179 1453 πυρὸς
3207 1382 3404 1439 εἷλκεν
3432 1386 3767 1454 ἔμπροσθεν
3786 1379 3961 1433 αὑτοῦ·

2437 1484 2472 1536 d
2495 1482 2702 1550 θρόνος
2725 1479 2908 1534 αὐτοῦ
2937 1478 3091 1547 φλὸξ
3120 1480 3305 1546 πυρός
3363 1480 3415 1530 οι
3446 1475 3644 1545 τροχοὶ
3672 1471 3849 1526 αὑτοῦ
3867 1471 3964 1537 πῦρ

2439 1573 2682 1643 φλέγον.
2741 1571 3039 1642 (Corderius
3091 1572 3211 1639 sic.)
3239 1571 3310 1622 Τὸ
3358 1569 3414 1621 δὲ
3460 1568 3569 1638 πῦρ
3610 1566 3727 1636 ἢτδ
3754 1563 3861 1632 φῶς
3889 1578 3966 1629 ση-

2445 1667 2626 1737 μαίνει
2657 1665 2718 1717 τὸ
2738 1664 2796 1731 ἐξ
2822 1663 3005 1717 αὑτοῦ⁸
3029 1664 3127 1732 τῆς
3152 1662 3259 1733 γὰρ
3289 1660 3537 1729 γνώσεως
3556 1658 3649 1710 τοῦ
3677 1654 3898 1727 Χριστοῦ
3917 1654 3966 1705 τὸ

797 1743 1108 1837 spirituale,
1164 1765 1321 1836 cujus
1380 1767 1549 1832 tigura
1615 1770 1697 1815 est
1738 1758 1989 1813 columna
2034 1755 2173 1824 ignis
2217 1768 2336 1822 qua:

2455 1758 2528 1810 5ιά
2560 1759 2789 1820 πίστεως
2835 1759 3043 1826 ἡγεῖται
3094 1752 3209 1822 φῶς
3257 1752 3461 1822 νοητὸν,
3518 1743 3578 1803 οῦ
3633 1749 3799 1811 τύπος
3843 1744 3965 1799 ότοῦ

790 1856 1041 1912 lsraelem
1070 1866 1225 1912 nocte
1260 1856 1523 1921 ducebat;
1551 1862 1645 1907 aut
1678 1851 1880 1905 indicat
1904 1863 2005 1903 nos
2034 1846 2181 1902 omni
2211 1859 2334 1914 pec-

790 1956 1031 2002 calorum
1075 1961 1273 2018 genere
1315 1943 1537 2015 frigidos
1576 1958 1606 1997 a
1654 1940 1933 1995 Salvatore
1965 1951 2226 1992 accensos
2262 1935 2331 1990 ad

791 2040 1031 2095 studium
1061 2038 1241 2093 omnis
1267 2037 1415 2092 boni.
1450 2035 1592 2108 Ignis
1621 2048 1749 2089 vero
1775 2033 1864 2087 ille
1894 2046 1993 2085 ceu
2016 2029 2338 2098 spiritualis,

792 2131 964 2187 sancti
1013 2129 1247 2200 Spiritus
1282 2126 1750 2199 participationem
1780 2119 2008 2177 inducit.
2043 2120 2133 2172 Ait
2182 2118 2328 2174 enim

792 2221 887 2278 ille
927 2240 941 2276 :
980 2223 1160 2291 Ignem
1211 2220 1324 2273 veni
1355 2219 1558 2271 mittere
1605 2216 1657 2268 in
1717 2223 1907 2267 terram
1941 2211 2006 2264 ⁸⁷.
2063 2208 2342 2279 Siquidem

795 2313 991 2383 spiritu
1022 2312 1266 2365 viventes
1288 2308 1464 2363 οπεοιί
1512 2320 1699 2361 sumus
1733 2308 2007 2373 quotquot
2035 2300 2130 2353 tali
2169 2301 2343 2370 gratia

795 2405 1001 2474 dignati
1034 2418 1244 2458 sumus.
1271 2400 1636 2467 Quamobrem
1676 2398 1729 2449 in
1755 2394 1904 2448 omni
1957 2391 2198 2464 Spiritus
2221 2406 2345 2461 gra-

795 2497 868 2550 tia
898 2496 1039 2567 ignis
1069 2494 1437 2549 manilestatio
1488 2505 1595 2544 una
1632 2488 1949 2551 inducitur;
2007 2484 2346 2553 baptizamur

796 2590 940 2644 enim
971 2589 1026 2642 in
1055 2587 1275 2641 Christo
1301 2584 1599 2640 secundum
1626 2579 1855 2633 Joannis
1895 2591 2082 2630 vocem
2130 2577 2186 2629 in
2227 2573 2348 2645 Spi-

800 2681 908 2735 ritu
939 2686 1131 2750 sancto
1187 2686 1241 2731 et
1296 2674 1440 2744 igne.
1490 2671 1579 2725 Ait
1622 2671 1745 2723 item
1799 2667 2182 2737 prophetarum
2229 2665 2350 2735 qui-

800 2771 925 2825 dam
948 2770 1023 2823 “z
1068 2767 1187 2837 Ipse
1218 2766 1482 2837 egreditur
1502 2763 1652 2834 quasi
1681 2762 1817 2830 ignis
1843 2760 2077 2827 conﬂans
2123 2770 2173 2812 et
2196 2757 2350 2826 quasi

802 2864 959 2917 herba
1006 2861 1304 2930 fullonum:
1353 2867 1401 2913 et
1445 2854 1716 2910 descendet
1770 2852 2004 2920 conflatis
2034 2859 2082 2904 et
2123 2866 2350 2920 purgans

801 2971 893 3009 ceu
925 2969 1113 3006 aurum
1160 2960 1210 3005 et
1244 2957 1538 3019 argentum.
1562 2947 1789 3001 Omnem
1834 2947 2034 3016 quippe
2082 2945 2351 2999 maculam

802 3047 857 3099 in
888 3044 1044 3098 nobis
1069 3041 1323 3097 tabcl‘acit
1356 3040 1591 3111 Spiritus
1630 3040 1805 3095 sancti
1846 3040 2042 3093 virtus.
2070 3036 2177 3092 Sed
2210 3036 2346 3090 nihil

2450 1852 2658 1923 Ἰσραὴλ
2681 1852 2737 1904 ὲν
2767 1849 2918 1905 νυκτὶ
2944 1846 3389 1916 καθηγησάμενος
3419 1843 3607 1905 στῦλος
3633 1841 3820 1911 πυρός·
3845 1839 3874 1909 ἢ
3902 1839 3967 1889 ὃτι

2437 1944 2561 2006 τοὺς
2589 1941 2999 2010 ἀπεψυγμένους
3030 1939 3175 2009 ἡμᾶς
3222 1937 3298 1998 είς
3331 1935 3543 1988 ἃπασαν
3586 1930 3853 2000 ἁμαρτίαν
3894 1930 3969 1980 άν-

2439 2034 2786 2104 εζωπύρησεν
2819 2035 2847 2084 ό
2879 2030 3063 2101 Σωτὴρ
3101 2032 3180 2093 εἰς
3209 2027 3509 2099 προθυμίαν
3535 2024 3733 2086 παντὸς
3770 2019 3971 2089 ἀγαθοῦ·

2440 2127 2549 2198 πῦρ
2574 2125 2759 2196 ὥσπερ
2781 2123 2967 2193 νοητὸν
2991 2122 3088 2192 τὴν
3132 2119 3224 2173 τοῦ
3257 2120 3413 2185 ἁγίου
3442 2115 3757 2185 Πνεύματος
3786 2109 3975 2181 μέθεξιν

2440 2216 2708 2289 ἱμϐαλών.
2744 2216 2885 2284 Ἔφη
2912 2212 3040 2281 γοῦν
3072 2213 3151 2264 ὃτι
3176 2228 3188 2241 ·
3242 2210 3368 2277 Πῦρ
3406 2205 3595 2278 ἦλθον
3638 2203 3860 2269 ,βαλεῖν
3893 2201 3973 2255 ἐπὶ

2441 2308 2554 2374 τὴν
2582 2306 2715 2375 γῆν·
2750 2306 3047 2374 γεγόναμεν
3068 2303 3175 2374 γάρ
3215 2300 3291 2371 τῷ
3320 2298 3586 2369 πνεύματι
3639 2297 3857 2361 ζῶντες,
3881 2298 3980 2348 ὅσοι

2442 2398 2542 2467 τῆς
2565 2397 2814 2469 τοιαύτης
2843 2395 3117 2467 ὴξιώμεθα
3169 2394 3402 2465 χάριτος.
3448 2391 3536 2444 Διὸ
3582 2390 3673 2443 καὶ
3724 2390 3784 2442 ὲν
3818 2390 3876 2457 τῇ
3902 2387 3979 2439 τοῦ

2444 2491 2597 2559 ἁγίου
2623 2488 2931 2559 Πνεύματος
2974 2488 3151 2559 χάριτι
3180 2487 3347 2556 πυρὸς
3403 2484 3630 2555 δήλωσις
3663 2480 3983 2550 συνεισφέρε-

2444 2600 2552 2636 ea?
2590 2580 2956 2653 βαπτιζόμεθα
2991 2579 3097 2649 γὰρ
3127 2581 3182 2631 ὲν
3208 2576 3423 2647 Χριστῷ
3462 2574 3600 2627 κατὰ
3625 2575 3723 2645 τὴν
3761 2572 3982 2626 Ἰωάννου

2448 2675 2629 2744 φωνὴν
2655 2676 2711 2727 ὲν
2738 2673 3013 2742 Πνεύματι
3036 2670 3172 2741 ἁγίῳ
3205 2668 3298 2722 καὶ
3333 2667 3482 2737 πυρί.
3520 2666 3662 2735 Ἔφη
3692 2664 3751 2717 δέ
3799 2681 3877 2727 τις
3900 2664 3982 2715 καὶ

2446 2764 2554 2819 τῶν
2582 2764 2871 2836 προφητῶν
2899 2780 2912 2793 ο
2962 2764 3042 2816 ὅτι
3096 2760 3287 2827 Αὐτὸς
3319 2760 3697 2826 ἐκπορεύεται
3755 2757 3836 2822 ὡς
3886 2753 3987 2821 πῦρ

2450 2854 2871 2924 χωνευτηρίου,
2903 2853 3000 2906 καί
3027 2852 3107 2918 ὡς
3148 2852 3267 2903 πόα
3320 2848 3691 2903 πλυνόν-των*
3740 2844 3838 2899 καὶ
3868 2845 3987 2899 καθ·

2451 2946 2617 3001 ιεῖται
2664 2946 2939 3015 χωνεύων
2979 2944 3077 2997 καὶ
3124 2938 3443 3009 καθαρίζων
3482 2941 3563 3006 ὡς
3612 2938 3679 2991 τὸ
3730 2939 3987 3009 ἀργύριον

2451 3039 2550 3091 καὶ
2601 3038 2874 3107 χρυσίον.
2937 3036 3185 3105 Ἐκτηκει
3210 3033 3318 3103 γάρ
3365 3031 3575 3084 ἅπαντα
3602 3029 3770 3101 ῥύπον
3798 3030 3854 3080 ὲν
3877 3029 3989 3097 ἡμῖν

804 3134 1005 3206 profuit
1037 3132 1329 3206 Synagogz
1354 3133 1683 3199 Iudaeorum,
1716 3132 1843 3202 quia
1870 3130 2097 3201 gratiam
2124 3143 2231 3181 non
2256 3128 2349 3180 ad-

2456 3130 2506 3201 ή⁷
2533 3147 2627 3182 του
2662 3128 2817 3197 ἁγίου
2860 3126 2997 3180 Πνεύ
3007 3143 3171 3197 ματος
3199 3125 3441 3195 δύναμις.
3499 3122 3633 3175 Ἀλλ’
3661 3120 3815 3174 οὐδὲν
3839 3118 3987 3189 ὢνησε

808 3230 1092 3295 miserunt,
1124 3227 1191 3282 de
1212 3228 1410 3296 quibus
1440 3226 1583 3295 apud
1614 3223 1901 3279 Jeremiam
1930 3221 2062 3275 dicit
2084 3219 2223 3273 Deus
2260 3219 2301 3250 δ’
2336 3241 2348 3273 ;

810 3321 1008 3388 Defecit
1065 3319 1319 3387 conﬂator
1357 3319 1421 3369 ab
1449 3318 1584 3386 igne,
1616 3316 1804 3384 defecit
1840 3313 2128 3383 plumbum.
2169 3310 2234 3364 In
2261 3328 2353 3364 va-

811 3427 936 3466 num
993 3410 1323 3481 argentarius
1357 3417 1631 3478 argentum
1670 3406 1880 3474 signat:
1914 3403 2133 3457 malitia.-
2177 3418 2356 3455 eorum

814 3518 914 3555 non
949 3500 1223 3570 labefacta:
1255 3506 1398 3553 sunt.

878 3706 933 3759 ι.
969 3700 1251 3756 Aduocabit
1280 3699 1464 3753 caelum
1492 3698 1786 3753 desursum.
1817 3696 1955 3751 Olim
1991 3696 2082 3765 qui
2126 3696 2179 3749 in
2212 3704 2355 3749 terra

810 3794 1072 3867 degebant
1099 3802 1281 3862 partes
1314 3793 1552 3861 vulpium
1598 3800 1773 3857 erant,
1805 3800 1864 3843 ut
1910 3789 1965 3843 in
1997 3788 2223 3844 Psalmis
2270 3787 2356 3841 di-

813 3898 959 3942 ctum
982 3896 1065 3941 est
1090 3887 1159 3947 '°,
1218 3885 1460 3951 impuros
1492 3882 1730 3937 colentes
1784 3882 2024 3950 spiritus,
2067 3891 2121 3935 et
2160 3880 2213 3932 in
2247 3878 2360 3934 sin-

814 3978 955 4048 gulis
978 3976 1113 4031 locis
1142 3974 1309 4030 Deum
1343 3974 1715 4029 existimantes
1742 3988 1861 4028 esse
1916 3973 1968 4026 id
2008 3971 2155 4042 quod
2190 3987 2361 4042 appa-

818 4069 987 4125 rebat.
1020 4067 1123 4122 Sed
1147 4066 1236 4121 ubi
1260 4065 1508 4135 apparuit
1534 4062 1804 4130 Salvator,
1836 4063 2127 4118 illustravit
2156 4079 2254 4119 nos
2279 4078 2364 4118 ve-

816 4175 881 4213 ra
908 4156 1000 4211 Dei
1051 4155 1377 4225 cognitionis
1434 4153 1575 4221 luce,
1638 4152 1854 4207 reduxit
1886 4154 2030 4223 quod
2068 4163 2362 4217 erraverat,

816 4248 1076 4319 obligavit
1106 4246 1249 4316 quod
1276 4246 1684 4309 inﬁrmabatur;
1716 4254 1900 4314 utpote
1948 4253 2131 4314 pastor
2163 4245 2360 4309 bonus,

819 4338 964 4395 feras
995 4337 1201 4407 expulit
1249 4337 1317 4391 ab
1342 4337 1468 4391 ovili
1501 4338 1722 4402 ovium;
1763 4334 2121 4391 sanctiﬁcavit
2150 4334 2363 4404 spiritu,

822 4427 1053 4484 munivit
1080 4427 1370 4481 virtutibus
1394 4427 1673 4496 angelicis,
1721 4424 2007 4481 constituit
2049 4439 2239 4480 omnes
2272 4424 2366 4494 qui

824 4520 883 4576 in
938 4531 1080 4575 terra
1139 4517 1288 4570 fuere
1343 4528 1559 4573 sanctos
1603 4516 1981 4587 mysteriorum
2040 4514 2365 4570 initiatores.

827 4610 1123 4665 Advocabit
1148 4608 1331 4679 igitur,
1364 4609 1559 4677 inquit,
1584 4606 1803 4676 angelos
1830 4606 1923 4675 qui
1946 4606 2001 4659 in
2042 4606 2196 4660 caelis
2219 4614 2368 4670 sunt,

823 4710 879 4756 et
898 4715 991 4756 eos
1018 4702 1111 4771 qui
1146 4700 1201 4754 in
1234 4708 1375 4754 terra
1407 4708 1472 4753 ad
1503 4698 1861 4767 apostolatum
1913 4697 2089 4751 allecti
2130 4705 2278 4761 sunt,
2308 4704 2369 4751 ut

824 4792 1135 4848 discernunt
1165 4790 1419 4861 populum
1448 4789 1639 4859 ipsius.
1675 4787 1808 4843 Nam
1849 4787 2078 4856 apostoli
2107 4802 2201 4842 eos
2243 4786 2365 4855 qui-

823 4885 947 4939 dem
975 4883 1069 4953 qui
1112 4884 1572 4952 obtemperarunt,
1615 4881 1725 4936 Deo
1788 4881 2053 4943 obtulere,
2117 4878 2365 4933 inlideles

836 4985 1015 5028 autem
1045 4970 1257 5026 Satanas
1284 4972 1649 5036 transmisere,
1698 4982 1904 5026 tantum
1957 4986 2060 5026 non
2093 4970 2362 5023 dicentes:

828 5065 1114 5118 Abscedite
1142 5063 1308 5133 igitur
1336 5062 1403 5116 ad
1432 5064 1602 5117 lucem
1640 5064 1779 5132 ignis
1809 5064 1995 5124 vestri,
2022 5068 2076 5114 ct
2118 5060 2185 5114 ad
2214 5058 2368 5113 llam-

828 5170 970 5212 mam
994 5170 1101 5222 qua
1152 5154 1419 5210 combusti
1449 5156 1598 5209 estis.
1642 5152 1842 5208 Judtnis
1884 5154 2065 5222 itaque
2112 5167 2217 5206 non
2244 5166 2365 5204 cre-

829 5244 1078 5300 dentibus
1127 5245 1276 5299 aiunt
1310 5246 1389 5298 "z
1436 5244 1589 5298 Vobis
1636 5246 1901 5314 oportebat
1950 5245 2176 5313 primum
2226 5241 2367 5311 loqui

829 5340 1037 5389 uerbum
1062 5335 1192 5390 Dei:
1214 5339 1301 5391 sed
1334 5339 1579 5407 quoniam
1601 5336 1847 5406 repellitis
1877 5320 2029 5399 illud,
2055 5344 2104 5387 et
2129 5335 2371 5403 indignos

832 5444 920 5483 vos
940 5428 1194 5497 judicatis
1232 5438 1438 5484 internae
1460 5432 1597 5495 vita,
1626 5447 1740 5484 ecce
1778 5430 2127 5482 convertimur
2158 5426 2226 5478 ad
2251 5442 2373 5495 gen-

837 5530 928 5572 tes.
956 5515 1109 5583 Quod
1135 5529 1313 5573 autem
1345 5521 1723 5588 mysteriorum
1765 5517 2230 5588 dispensatoribus
2278 5529 2371 5568 eo-

835 5623 1067 5679 rumque
1097 5609 1376 5680 discipulis
1396 5612 1566 5681 angeli
1593 5611 1937 5674 auxilientur,
1972 5609 2210 5664 declarat
2235 5604 2377 5660 Pau-

908 5723 953 5754 “
981 5722 1113 5776 Dan.
1149 5737 1244 5784 vn,
1274 5722 1362 5781 10.
1468 5725 1509 5756 δ’
1542 5724 1671 5780 an.
1708 5742 1801 5790 xu,
1830 5725 1915 5781 49.

841 5794 887 5828 ³⁸
918 5799 1037 5849 Act.
1068 5807 1187 5855 ιιιι,
1217 5793 1303 5849 ιο.

2025 5723 2069 5754 ⁸⁸
2098 5721 2326 5779 Malach.
2351 5734 2434 5789 ιιι,
2464 5718 2533 5785 2,
2568 5717 2620 5772 5.

2454 3219 2552 3291 τὴν
2584 3219 2846 3273 Ἰουδαίων
2895 3216 3237 3287 Συναγωγὴν,
3287 3216 3367 3268 ὅτι
3413 3214 3486 3284 μὴ
3536 3212 3629 3282 τὴν
3656 3212 3815 3282 χάριν
3848 3226 3991 3280 προσ-

2455 3317 2679 3385 ήκαντο,
2726 3311 2852 3381 περὶ
2872 3305 2949 3364 ὧν
2981 3312 3037 3363 ἑν
3065 3309 3298 3380 Ἱερεμίᾳ
3313 3306 3473 3376 φησὶν
3495 3307 3523 3357 ὀ
3540 3304 3688 3366 Θεός·
3720 3302 3991 3367 Ἐξέλθατε

2455 3402 2734 3475 φυσητὴρ
2791 3402 2907 3456 ἀπὸ
2956 3401 3183 3467 πυρὸς,
3233 3398 3505 3461 ἐξέλειπε
3546 3394 3847 3463 μόλιϐδος.
3906 3395 3992 3455 Εἰς

2457 3496 2638 3550 κενὸν
2670 3493 3071 3563 ἀργυροκόπος
3118 3486 3523 3560 ἀργυροκοπεῐ·
3583 3488 3861 3555 πονηρίαι
3905 3486 3993 3536 aii-

2458 3584 2577 3639 τῶν
2606 3586 2717 3637 οὐκ
2750 3582 3073 3650 ἐτὰκησαν.

2528 3676 3004 3746 Προσκαλέσεται
3055 3674 3159 3727 τὸν
3202 3670 3459 3739 οὐρανόν
3481 3670 3617 3723 ἄνω.
3669 3667 3993 3735 (Caninius)

2459 3766 2631 3821 Πάλαι
2668 3766 2763 3835 μὲν
2794 3766 2841 3816 οἱ
2876 3764 2968 3815 ἐπὶ
2994 3763 3098 3831 γῆς
3126 3760 3338 3831 μερίδες
3388 3755 3524 3828 ἦσαν
3573 3756 3888 3817 ἀλωπέκων,
3933 3754 3994 3814 ὡς

2460 3857 2517 3910 ὲν
2539 3856 2784 3926 Ψαλμοῖς
2813 3853 2912 3906 πού
2962 3869 3126 3923 φησι,
3166 3853 3277 3913 τοῖς
3316 3848 3639 3919 ἀκαθάρτοις
3668 3847 3995 3918 λατρεύοντες

2463 3948 2751 4020 πνεύμασι,
2778 3947 2869 3999 καὶ
2921 3944 3057 3998 κατὰ
3100 3944 3260 3996 τόπον
3304 3943 3529 3995 ἕκαστον
3557 3940 3688 3993 Θεὸν
3732 3936 3995 4008 ἡγούμενοι

2461 4043 2522 4095 τὸ
2539 4040 2745 4095 δοκοῦν.
2788 4038 2923 4093 Ἀλλ’
2942 4037 3219 4106 ἐπιφανεὶς
3239 4036 3268 4087 ό
3290 4032 3496 4101 Σωτὴρ,
3524 4028 3862 4100 ένήστραψεν
3887 4026 3998 4094 ἡμῖν

2462 4135 2559 4205 τῆς
2586 4132 2815 4204 ἀληθοῦς
2844 4129 3164 4198 θεογνωσίας
3217 4126 3277 4179 τὸ
3322 4124 3454 4193 φῶς,
3511 4120 3811 4189 ἐπέστρεψε
3839 4118 3895 4170 τὸ
3921 4132 3999 4167 πε·

2465 4224 2822 4295 πλανημένον,
2862 4222 3120 4291 κατέδησε
3166 4219 3227 4272 τὸ
3279 4213 3654 4290 ὴρῤωστηκὺς,
3709 4212 3787 4275 ὡς
3822 4209 3999 4278 ποιμὴν

2465 4316 2682 4386 ἀγαθὸς,
2733 4313 3035 4383 ἀπεσόὸησε
3082 4311 3205 4373 τοὺς
3233 4308 3405 4380 θῆρας
3458 4308 3556 4375 τῆς
3602 4304 3711 4357 τῶν
3736 4301 3999 4374 προδάτων

2467 4407 2653 4478 αύλῆςο
2684 4405 2873 4477 ἡγίασε
2898 4403 3184 4473 πνεύματι,
3216 4398 3543 4469 ἠσφαλίσατο
3584 4394 3872 4464 δυνάμεσιν
3922 4392 4001 4456 ἁγ-

2467 4500 2725 4569 γελικαῖς,
2756 4498 3020 4566 ἐπέστησε
3053 4495 3177 4556 τοὺς
3196 4492 3298 4547 ἀνά
3332 4492 3509 4545 πᾶσαν
3553 4488 3651 4559 τὴν
3674 4488 3780 4557 γῆν
3840 4484 3999 4551 ἁγίους

2472 4589 2874 4663 μυσταγωγοὺς.
2906 4585 3335 4658 Προσκαλέσεται
3376 4582 3573 4643 τοίνυν,
3606 4579 3760 4648 φησὶ,
3819 4578 3933 4636 τοὺς
3956 4575 4001 4625 ἐν

2466 4682 2711 4752 οὐρανοῖς
2737 4677 3017 4745 ἀγγέλους,
3072 4676 3163 4730 καὶ
3212 4674 3335 4737 τοὺς
3378 4669 3783 4739 ἐξειλεγμένους
3854 4668 3904 4718 έν
3942 4666 3998 4731 γῇ

2468 4772 2604 4845 πρὸς
2633 4768 2953 4838 ἀποστολὴν,
2978 4765 3116 4819 ὥστε
3156 4764 3246 4817 τὸν
3294 4762 3417 4815 λαὸν
3444 4759 3604 4813 αὑτοῦ
3622 4758 3908 4828 διακρῖναι.
3952 4753 4002 4807 οι

2467 4864 2573 4934 γὰρ
2610 4861 2889 4916 ἀπόστολοι
2924 4859 3046 4920 τοὺς
3098 4856 3195 4927 μὲν
3244 4852 3592 4923 πειθομένους
3648 4852 4002 4918 προσήνεγκαν

2471 4955 2548 5023 τῷ
2578 4953 2711 5023 Θεῷ,
2770 4949 3122 5009 ἀπιστοῦντας
3174 4946 3230 4999 δὲ
3261 4945 3336 5015 τῷ
3384 4943 3588 5012 Σατανᾷ
3642 4936 4003 5009 παρέπεμψαν,

2476 5044 2751 5116 μονονουχὶ
2789 5043 3052 5109 λέγοντες·
3105 5036 3402 5108 Πορεύεσθε
3430 5030 3541 5099 οὖν,
3599 5032 3754 5101 φησὶ,
3788 5029 3862 5098 τῷ
3888 5025 4005 5095 φωτὶ

2472 5138 2564 5191 τοῦ
2593 5137 2758 5208 πυρὸς
2792 5134 2941 5204 ὑμῶν
2989 5134 3083 5186 καὶ
3136 5133 3201 5200 τῇ
3235 5129 3392 5198 φλογὶ
3441 5121 3475 5198 ᾖ
3527 5124 3872 5188 ἐξεκαύσατε.
3903 5119 4005 5176 Τοῖς

2473 5229 2600 5299 γοῦν
2627 5226 2893 5289 Ἰουδαίοις
2914 5221 3196 5277 ἀπιστοῦσι
3217 5236 3395 5289 φασιν·
3426 5216 3589 5286 Ὑμῖν
3607 5212 3686 5285 ἦν
3704 5208 4007 5283 ἀναγκαῖον

2477 5321 2708 5390 πρῶτον⁹
2752 5316 3018 5385 λαλῆσαι
3065 5314 3170 5368 τὸν
3222 5314 3405 5382 λόγον
3448 5310 3553 5363 τοῦ
3595 5306 3769 5362 Θεοῦ·
3826 5298 4003 5390 ἐπειδῂ

2479 5387 2547 5463 δέ
2588 5407 2911 5464 ἀπωθεῖσθε
2947 5402 3150 5466 αὑτὸν,
3176 5400 3271 5453 καὶ
3317 5399 3603 5464 ἀναξίους
3630 5392 3882 5457 ἑαυτοὺς
3903 5387 4003 5455 κρίο

2480 5519 2612 5559 rete
2657 5499 2766 5566 τῆς
2791 5497 3026 5551 αἰωνίου
3056 5491 3223 5561 ζωῆς,
3267 5489 3393 5544 ίδοὺ
3424 5488 3796 5556 στρεφόμεθα
3830 5486 3908 5545 εἰς
3951 5476 4007 5528 τὰ

2482 5599 2645 5664 ἔθνη.
2674 5595 2796 5647 Ὅτι
2841 5591 2897 5643 δὲ
2944 5592 3055 5651 τοῖς
3107 5582 3519 5657 μυσταγωγοῦσι
3572 5580 3807 5642 καὶτοῖς
3857 5568 4007 5627 αὐτῶν

2726 5712 2770 5745 ’δ’
2795 5709 2992 5765 .lcrem.
3044 5719 3115 5771 Vl,
3143 5701 3233 5769 28,
3268 5699 3357 5755 29.
3464 5698 3509 5731 ”
3539 5693 3682 5750 Psal.
3739 5706 3873 5753 uti,
3934 5681 4004 5737 ll.
