4086 6308
142 356 245 410 253

1236 353 1591 408 EXPOSITIO
1626 353 1689 407 ΙΝ
1730 354 2059 407 PSALMUM
2100 354 2279 404 XLIX.

3240 350 3346 406 2M

144 470 409 540 μαθηταῖς
449 470 880 539 συμπράττουσιν
938 470 1188 538 ἄγγελοι,
1248 472 1394 543 δηλοί
1447 472 1617 539 λέγων
1672 474 1697 525 6

1802 470 1886 524 lus
1912 470 2095 524 dicens
2120 469 2163 499 "
2189 487 2200 521 :
2239 466 2423 520 Nonne
2443 483 2616 520 omnes
2637 476 2755 519 sunt
2778 468 3214 521 administrator“
3237 470 3347 538 spl-

140 561 370 624 Παῦλος·
411 560 559 629 οὐχί
583 561 805 626 πάντες
832 561 950 613 εἰσὶ
985 564 1352 631 λειτουργικὰ
1376 564 1696 631 πνεύματα,

140 656 226 717 εις
250 651 560 704 διακονίαν
586 652 1074 720 ἀποστελλόμενα
1088 651 1181 705 διὰ
1206 652 1343 718 τοὺς
1364 652 1700 721 μέλλοντας

140 742 533 811 κληρονομεῖν
569 745 902 811 σωτηρίαν;
953 744 1119 796 Τοῦτο
1151 745 1244 797 καὶ
1283 747 1314 815 ἠ
1347 746 1543 815 κλίμαξ
1574 746 1697 817 ἐδή-

140 832 332 892 λωσεν.
361 834 427 902 ἣν
460 827 598 884 εἶδεν
643 832 832 885 Ἰακὼὸ
891 833 988 902 τὴν
1031 835 1093 884 ἐκ
1149 834 1252 901 γῆς
1304 834 1587 904 διήκουσαν
1620 836 1699 898 είς

139 925 229 976 τὸν
261 924 508 994 οὐρανὸν,
542 925 624 992 ἐφ’
669 918 737 995 ἦς
780 926 1137 994 ὲπεστήρικτο
1169 924 1387 995 Κύριος,
1415 926 1525 978 ἄνω
1552 925 1699 979 κάτω

139 1014 457 1066 διαθεόντων
503 1014 763 1081 ἀγγέλων.
803 1013 1049 1066 Τοιοῦτον
1076 1014 1168 1067 καὶ
1195 1016 1254 1066 τό
1277 1031 1290 1045 ο
1334 1016 1706 1084 Παρεμόαλεῖ

139 1106 354 1174 Κύριος
384 1107 586 1169 κύκλῳ
611 1104 727 1159 τῶν
745 1107 1126 1175 φοϐουμένων
1165 1108 1365 1167 αὐτὸν,
1399 1108 1495 1160 καὶ
1516 1110 1698 1176 ῥύσε-

139 1214 227 1249 ται
252 1197 497 1261 αὺτούς·
533 1196 597 1248 δι’
630 1190 704 1249 ὧν
734 1192 826 1249 οὖν
856 1199 1260 1268 συμπράττωσι
1282 1198 1375 1249 καὶ
1401 1200 1553 1251 αὐτοὶ
1583 1198 1698 1252 δια-

138 1287 379 1359 κρίνουσι
402 1287 493 1339 τὸν
529 1285 673 1339 λαόν.

202 1380 688 1446 Προσκαλέσεται
708 1379 812 1433 τὸν
842 1378 1100 1446 οὐρανὸν
1120 1378 1254 1433 ἅνω.
1277 1381 1414 1444 Τοὺς
1439 1382 1695 1447 δικαίους,

136 1470 287 1540 φησὶ,
308 1470 433 1532 τοὺς
466 1471 712 1541 οὐράνιον
738 1469 1005 1523 πολιτείαν
1033 1470 1460 1541 ἐπιτηδεύοντας,
1488 1474 1697 1539 συνάξει

136 1566 211 1624 εὶς
237 1563 337 1624 τὰς
370 1561 481 1615 άνω
516 1563 699 1631 μονάς.
729 1563 835 1616 Καὶ
869 1561 982 1627 τὴν
1010 1560 1123 1631 γῆν
1150 1563 1253 1615 τοῦ
1284 1562 1572 1633 διακρῖναι
1593 1566 1699 1618 τὸν

135 1653 285 1707 λαὸν
344 1654 547 1707 αὑτοῦ.
599 1655 737 1717 Τοὺς
797 1655 1147 1725 ἁμαρτωλούς
1181 1672 1311 1725 φησι
1349 1656 1439 1710 καὶ
1494 1657 1697 1721 πάντας

136 1748 253 1809 τοὺς
284 1746 375 1797 ἐπὶ
397 1746 492 1815 τῆς
522 1746 623 1816 γῆς
656 1745 896 1812 συνάξαι,
954 1747 1045 1800 ἐπὶ
1090 1746 1149 1800 τὸ
1174 1746 1400 1821 χωρίσαι
1444 1749 1568 1812 τοὺς
1623 1750 1700 1802 δι-

135 1838 317 1899 καίους
349 1838 454 1889 τῶν
488 1839 560 1907 μὴ
598 1836 867 1890 τοιούτων.

201 1925 571 1995 Συναγάγετε
600 1925 757 1992 αὐτῷ
786 1927 926 1993 τοὺς
948 1928 1156 1995 ὁσίους
1196 1929 1404 1984 αὐτοῦ.
1445 1931 1527 1994 Ὠς
1560 1932 1694 2003 πρὸς

135 2018 254 2079 τοὺς
285 2017 547 2085 ἀγγέλους
572 2015 601 2066 6
634 2018 806 2085 λόγος,
856 2020 995 2073 κατὰ
1028 2020 1087 2073 τὸ
1138 2021 1421 2093 εἰρημένον
1464 2024 1568 2076 ὑπὸ
1602 2023 1693 2076 τοῦ

135 2112 356 2183 Κυρίου·
428 2112 537 2166 Kal
593 2113 919 2167 ἀποστελεῖ
968 2114 1107 2180 τοὺς
1152 2114 1443 2185 ἀγγέλους
1487 2117 1692 2177 αὐτοῦ,

134 2205 225 2259 καὶ
253 2206 595 2270 συνάξουσι
629 2207 770 2272 τοὺς
799 2207 1065 2275 δικαίους
1112 2209 1180 2262 ἐκ
1238 2208 1354 2262 τῶν
1388 2209 1697 2279 τεσσάρων

134 2298 365 2367 ἀνέμων
395 2297 504 2367 τῆς
544 2297 677 2366 γῆς·
737 2298 876 2364 τοὺς
923 2299 1306 2369 διαθεμένους
1350 2300 1463 2369 τὴν
1493 2301 1695 2368 διαθή-

132 2406 247 2457 κην
290 2388 482 2444 αὑτοῦ
536 2390 632 2443 ἐπὶ
674 2391 905 2457 θυσίας,
948 2391 1146 2456 Θυσίας
1200 2392 1298 2457 τάς
1324 2394 1695 2464 πνευματικὰς

133 2480 299 2549 λέγει.

194 2574 303 2627 Καὶ
331 2574 779 2644 ἀναγγελοῦσιν
810 2577 864 2628 οἱ
892 2576 1135 2643 οὐρανοὶ
1156 2576 1270 2643 τὴν
1304 2576 1698 2645 δικαιοσύνην

132 2667 333 2720 αὑτοῦ.
353 2667 668 2733 Δοξάσουσι,
704 2669 886 2738 φησιν,
909 2669 959 2721 οἱ
987 2669 1203 2738 οὐρανοὶ
1235 2667 1324 2721 τὸν
1353 2668 1503 2733 Θεὸν,
1533 2670 1613 2722 ὅτι
1632 2668 1695 2740 δὴ

133 2760 217 2810 καὶ
287 2758 611 2829 ἀνθρώπους
670 2760 778 2812 τῶν
835 2760 1098 2830 οὐρανίων
1144 2760 1431 2830 διατριϐῶν
1475 2760 1692 2831 ἠξίωσε.

133 2848 481 2914 (Corderius.)
513 2850 765 2902 Βούλεται
786 2850 912 2912 τοὺς
944 2850 1121 2912 ὁσίους
1144 2849 1236 2902 τοῦ
1281 2850 1541 2919 πρότερον
1570 2851 1695 2905 λαοῦ

132 2941 233 3009 πρὸ
281 2940 380 3011 τῆς
412 2940 709 3011 μελλούσης
747 2940 979 3011 κρίσεως
1003 2938 1206 2993 παῦσαι
1255 2941 1354 3003 τῆς
1379 2941 1568 3005 θυσίας
1600 2942 1697 3012 τῆς

132 3032 212 3085 διὰ
242 3033 352 3084 τῶν
377 3033 592 3101 ἀλόγων
623 3033 773 3097 ζώων
819 3034 1050 3103 σφαγῆς,
1101 3033 1385 3087 ἀναλαϐεῖν
1421 3034 1519 3105 τὴν
1578 3035 1695 3088 κατ’

131 3124 435 3193 ἐπιστήμην
460 3123 553 3175 καὶ
581 3122 797 3191 γνῶσιν.
850 3123 968 3175 Ἐπὶ
1024 3122 1081 3175 δὲ
1120 3122 1326 3186 τούτοις
1371 3123 1462 3176 τὸν
1509 3123 1697 3194 κριτὴν

131 3216 185 3267 αἱ
218 3216 464 3287 οὐράνιαι
489 3214 749 3283 δυνάμεις
772 3213 1115 3281 ἀνυμνοῠσιν,
1141 3215 1221 3266 ὅτι
1272 3214 1379 3266 ἀπὸ
1404 3214 1511 3267 τῶν
1536 3215 1697 3268 ὁσίων

132 3305 562 3376 κατήρξατο,καὶ
575 3306 624 3357 οἱ
648 3304 864 3374 οὐρανοὶ
896 3304 1264 3371 διαγγέλλουσι
1296 3304 1393 3376 τὴν
1428 3305 1699 3359 δικαιοσύ-

132 3413 225 3464 νην
248 3396 435 3458 αὑτοῦ,
479 3395 859 3465 συγχαίροντες
899 3393 1076 3448 αὐτῶν
1117 3397 1182 3465 τῇ
1224 3395 1483 3466 σωτηρίᾳ.
1532 3396 1606 3449 Τὸ
1639 3395 1698 3450 δὶ

132 3489 225 3558 τῆς
258 3489 359 3557 γῆς
419 3488 731 3557 οἰκητήριον
760 3484 840 3555 τῷ
902 3486 976 3557 μὴ
1028 3486 1125 3556 τῆς
1176 3486 1425 3556 οὐρανίου
1457 3486 1697 3559 κλήσεως

133 3579 417 3648 ὴξιωμένῳ
447 3577 685 3645 τάγματι
708 3576 1175 3647 καταληφθήσεται
1204 3577 1301 3645 (α).
1335 3577 1461 3629 Ὀτι
1491 3580 1523 3631 ὀ
1556 3577 1698 3642 Θεὸς

133 3670 335 3737 κριτής
355 3670 546 3723 ἐστιν.
588 3666 849 3721 Ἐνταῦθα
871 3666 1151 3738 προδήλως
1182 3667 1271 3719 τὸν
1302 3667 1532 3738 Χριστὸν
1553 3667 1696 3734 λέγει

133 3762 276 3815 Θεόνο
304 3762 483 3815 πᾶσαν
514 3759 621 3831 γὰρ
665 3760 764 3830 τὴν
820 3758 998 3827 κρίσιν
1041 3757 1269 3811 δέδωκεν
1320 3760 1349 3811 6
1409 3757 1595 3828 Πατὴρ
1622 3757 1696 3827 τῷ

137 3853 263 3924 Υἱῷ.
310 3853 425 3907 Καὶ
476 3853 525 3905 εί
574 3853 750 3905 πᾶσαν
791 3849 889 3920 τὴν
942 3850 1122 3921 κρίσιν
1167 3849 1393 3902 δέδωκεν
1438 3851 1465 3901 6
1510 3848 1696 3918 Πατὴρ

134 3943 205 4015 τῷ
237 3944 420 4015 Υἱῷ,ό
447 3943 503 3998 δὲ
524 3942 653 4005 Θεὸς
687 3944 877 4013 κριτής
904 3944 1037 3995 ἐστι’
1064 3942 1192 4005 Θεός
1221 3944 1364 3994 ἐστιν
1393 3943 1421 3993 6
1446 3941 1692 4011 Χριστός.

204 4040 519 4099 Ἄκουσον,
552 4035 701 4101 λαός
717 4052 856 4103 μου,
910 4033 1009 4087 καὶ
1048 4032 1298 4099 λαλήσω
1322 4047 1440 4087 σοι.
1483 4032 1696 4097 Καινῶς

134 4126 449 4198 νομοθεσίας
504 4124 808 4196 εἰσαγωγὴν
858 4126 1196 4196 ποιούμενος,
1259 4125 1344 4177 ἵνα
1391 4124 1577 4195 μήτις
1606 4125 1697 4176 άν-

133 4220 398 4293 θριὲιπινον
454 4219 543 4272 τὸν
586 4218 742 4286 λόγον
802 4218 836 4287 ἡ
888 4235 1028 4280 τινος
1075 4216 1369 4286 ἀπελικῆς
1417 4214 1694 4284 δυνάμεως

134 4314 409 4371 ὑπολάὼι.
451 4311 740 4382 προτάττει
788 4310 868 4372 τὸ,
907 4310 969 4362 '0
993 4309 1134 4374 Θεὸς
1161 4311 1193 4361 d
1235 4309 1377 4373 Θεός
1415 4307 1527 4360 σού
1581 4309 1691 4375 εἰμι

136 4404 259 4471 ἐγώ.
299 4403 364 4455 Ἦ
388 4401 447 4453 δὲ
472 4400 677 4453 διάνοια
699 4397 853 4468 αὓτη·
885 4400 975 4469 Μὴ
1012 4397 1196 4469 νόμιζε
1222 4398 1404 4468 ἕτερον
1442 4394 1577 4450 εἷναί
1607 4414 1696 4467 με,

1801 564 1935 614 ritus
1966 562 2018 613 in
2043 560 2390 612 ministerium
2414 560 2558 611 missi
2588 568 2797 628 propter
2820 575 2905 612 eos
2932 560 3021 629 qui
3070 558 3347 615 heredita-

1802 662 1904 705 tem
1930 651 2131 716 rapturi
2159 658 2279 701 sunt
2304 648 2538 701 salutis?
2594 646 2705 700 lloc
2745 648 2868 700 item
2899 648 3153 702 indicavit
3194 650 3341 704 scala

1798 740 2128 811 quam,vidit
2172 738 2338 793 Jacob
2362 755 2391 792 a
2418 750 2556 793 terra
2594 740 2657 793 ad
2705 741 2900 793 cmlum
2929 742 3342 810 pertingentem.

1799 850 1960 903 super
1992 849 2098 903 qua
2160 834 2385 885 firmiter
2425 833 2755 887 consistebat
2812 830 3093 895 Dominus,
3142 834 3348 903 angelis

1798 941 2016 981 sursum
2050 925 2302 979 deorsum
2337 924 2766 977 discurrentibus
2793 925 2854 974 ⁸³.
2884 923 3162 991 Ejusmodi
3218 925 3347 979 item

1798 1018 1929 1073 illud
1960 1026 2043 1071 est
2071 1036 2082 1070 :
2120 1017 2594 1072 Castrametabitur
2622 1017 2872 1069 Dominus
2921 1018 2974 1069 iu
3022 1017 3247 1068 circuitu
3281 1017 3347 1069 ti--

1797 1109 2048 1161 mentium
2075 1124 2214 1171 eum,
2247 1116 2295 1160 et
2328 1108 2512 1173 eripiet
2539 1123 2623 1159 eos
2654 1107 2722 1171 5‘;
2754 1109 2881 1160 dum
2909 1108 3089 1176 itaque
3138 1106 3212 1159 illi
3251 1123 3349 1161 au-

1798 1197 2079 1262 xiliantur,
2118 1199 2435 1253 discernunt
2476 1201 2751 1267 populum.

1867 1379 2151 1433 Advocabit
2203 1381 2387 1433 castum
2450 1380 2741 1432 desursum.
2787 1377 2971 1433 Justos
3000 1376 3228 1440 scilicet,
3255 1378 3349 1446 qui

1796 1472 2014 1527 caeleste
2043 1473 2345 1526 institutum
2381 1479 2677 1535 sectantur,
2704 1468 3051 1540 congregabit
3074 1470 3125 1521 in
3158 1484 3351 1538 super-

1796 1563 1881 1619 nis
1938 1565 2331 1619 mansionibus.
2385 1563 2451 1616 Et
2507 1574 2700 1617 terram
2746 1563 3039 1616 discernere
3093 1562 3343 1630 populum

1794 1672 1967 1710 suum.
2004 1654 2319 1710 Peccatores
2345 1656 2496 1725 jubet
2518 1670 2813 1723 omnesque
2838 1654 2889 1708 in
2923 1663 3064 1707 terra
3088 1654 3343 1723 degentes

1798 1762 2146 1820 congregare,
2194 1748 2259 1801 ad
2315 1747 2675 1817 separandum
2699 1747 2879 1817 justos
2926 1761 2959 1800 a
3002 1760 3111 1800 non
3159 1744 3344 1815 justis.

1865 1928 1917 1982 5.
1947 1927 2265 1999 Congregate
2292 1927 2376 1981 illi
2402 1938 2611 1982 sanctos
2645 1929 2779 1997 ejus.
2814 1926 2982 1994 Quasi
3019 1927 3083 1982 ad
3116 1927 3337 1994 angelos

1794 2032 1877 2075 est
1908 2037 2106 2086 sermo,
2136 2022 2288 2090 juxta
2319 2022 2445 2075 illud
2475 2036 2505 2075 a
2536 2020 2767 2074 Domino
2791 2022 3031 2075 dictum:
3079 2019 3147 2073 Et
3176 2022 3347 2074 mittet

1797 2112 2007 2182 angelos
2055 2129 2197 2173 suos,
2251 2123 2300 2166 et
2356 2113 2742 2182 congregabunt
2778 2111 2953 2180 justas
2999 2127 3063 2165 ex
3109 2121 3341 2181 quatuor

1795 2207 1957 2259 uentis
1992 2214 2145 2259 terra
2174 2206 2239 2258 ".
2275 2204 2378 2269 Qui
2408 2206 2660 2258 ordinant
2698 2214 3067 2258 testamentum
3112 2204 3226 2273 ejus
3257 2218 3349 2257 su-

1794 2307 1885 2359 per
1913 2292 2194 2359 sacriﬁcia.
2224 2289 2501 2346 Sacriticia
2533 2292 2665 2346 dicit
2702 2292 3025 2361 spiritualia.

1864 2582 1917 2637 6.
1947 2582 2015 2636 Et
2044 2584 2431 2639 annuntiabunt
2462 2588 2575 2641 caeli
2600 2589 2872 2657 justitiam
2913 2592 3043 2659 ejus.
3082 2591 3347 2661 Gloriam,

1797 2674 1993 2744 inquit,
2020 2675 2128 2730 Deo
2176 2678 2418 2731 tribuent
2468 2680 2616 2741 cmli,
2664 2680 2791 2749 quia
2843 2683 3053 2739 scilicet
3103 2685 3350 2742 homines

1796 2770 2113 2824 caelestibus
2175 2772 2553 2827 mansionibus
2600 2774 2852 2841 dignatus
2920 2785 3022 2829 est.
3072 2776 3235 2847 Optat
3290 2787 3350 2834 ut

1801 2860 1974 2914 sancti
2010 2861 2209 2929 prioris
2240 2863 2424 2931 populi
2453 2873 2576 2917 ante
2602 2862 2849 2919 futurum
2887 2863 3154 2935 judicium
3187 2869 3348 2924 linem

1798 2948 2002 3002 faciant
2036 2950 2292 3004 sacrillcii
2348 2968 2442 3020 per
2482 2954 2867 3010 mactationem
2899 2956 3185 3013 brutorum
3231 2960 3350 3016 llerl

1799 3040 1963 3104 soliti,
1995 3050 2048 3095 et
2077 3042 2207 3096 illud
2242 3054 2526 3097 assumant
2558 3048 2702 3113 quod
2733 3048 3029 3102 secundum
3063 3050 3348 3106 scientiam

1799 3140 1853 3185 et
1878 3133 2239 3203 cognitionem
2285 3135 2530 3190 olicrtur.
2564 3136 2738 3207 Super
2768 3140 2853 3194 his
2896 3138 3144 3197 ctrlestes
3175 3142 3347 3197 virtu—

1804 3234 1882 3277 tes
1915 3226 2152 3291 judicem
2179 3228 2631 3299 celebrant,_qnia
2680 3244 2710 3284 a
2772 3231 2975 3286 sanctis
3038 3232 3243 3303 incipit,
3294 3241 3348 3288 et

1798 3348 1920 3404 caeli
1964 3350 2291 3405 annuntiant
2327 3349 2593 3419 justitiam
2639 3352 2787 3420 ejus,
2837 3353 2903 3406 de
2936 3366 3124 3405 eorum
3175 3354 3351 3409 salute

1795 3458 1905 3499 una
1947 3441 2211 3499 laetantes.
2260 3441 2558 3498 Terrenum
2601 3457 2728 3496 vero
2771 3441 3107 3498 domicilium
3157 3443 3208 3499 ei
3259 3458 3351 3501 or-

1794 3534 1909 3591 dini
1962 3535 2298 3606 relinquetur
2361 3534 2455 3603 qui
2499 3549 2581 3589 cm
2603 3536 2705 3589 esti
2759 3537 3045 3591 vocatione
3096 3534 3351 3606 dignatus

1795 3642 1903 3680 non
1927 3625 2109 3681 fuerit.
2141 3627 2402 3691 Quoniam
2431 3626 2569 3680 Deus
2599 3628 2767 3696 judes:
2804 3639 2903 3686 est.
2939 3626 3037 3684 Hic
3067 3630 3352 3686 manifeste

1793 3720 2069 3774 Christum
2112 3720 2244 3774 dicit
2286 3719 2494 3773 Deum:
2546 3735 2669 3774 nam
2701 3736 2864 3775 omne
2901 3722 3167 3791 judicium
3203 3722 3353 3779 dedit

1795 3810 1953 3867 Pater
1981 3810 2122 3866 Filio
2151 3813 2216 3867 ".
2245 3812 2452 3879 Quodsi
2477 3828 2637 3869 omne
2674 3813 2937 3883 judicium
2984 3813 3131 3869 dedit
3167 3814 3265 3877 illi,
3292 3825 3352 3870 et

1796 3904 1939 3961 Deus
1970 3905 2139 3975 judex
2178 3914 2261 3959 est
2292 3921 2306 3958 :
2349 3922 2481 3977 ergo
2508 3903 2648 3961 Deus
2682 3915 2762 3961 est
2800 3905 3073 3963 Christus.

1858 3998 1912 4053 ’1.
1951 3997 2113 4062 Audi,
2152 3998 2371 4066 populus
2416 4014 2577 4062 meus,
2610 4008 2660 4053 et
2694 4000 2882 4069 loquar
2926 3999 3040 4055 tibi.
3088 3996 3223 4057 Cum
3253 4012 3354 4055 no-

1794 4110 1915 4149 vam
1946 4071 2339 4165 legislationem
2372 4095 2760 4163 introduceret,
2792 4111 2859 4151 ne
2892 4098 3015 4167 quis
3054 4096 3353 4153 human-ns

1794 4189 2019 4245 verbum
2053 4205 2207 4255 esse,
2243 4200 2333 4245 aut
2359 4205 2387 4243 a
2421 4190 2652 4259 quadam
2680 4189 2925 4260 angelica
2960 4189 3159 4245 virtute
3189 4191 3355 4261 proti-

1796 4283 1927 4340 cisci
1975 4283 2329 4345 existimaret.
2373 4282 2650 4351 praemittit
2692 4282 2862 4339 illud:
2895 4280 3034 4337 Deus
3062 4278 3205 4337 Deus
3232 4292 3353 4337 tuus

1789 4388 1880 4443 ego
1908 4390 2046 4430 sum.
2081 4373 2206 4431 Haec
2236 4382 2416 4429 autem
2442 4383 2527 4430 est
2550 4374 2817 4431 sententis
2842 4390 2858 4430 :
2887 4371 2967 4431 No
2992 4386 3150 4449 putes
3187 4374 3354 4431 alium

135 4494 217 4547 διὰ
238 4493 298 4545 τὸ
330 4494 495 4562 ἔτερα
538 4490 841 4560 νομοθετεῖν
870 4492 1126 4559 σήμερον·
1164 4489 1277 4543 ἀλλ’
1299 4489 1457 4552 αὐτὸς
1491 4488 1693 4553 ἐκεῖνός

1799 4506 1885 4546 me
1934 4504 2080 4557 esse,
2129 4484 2277 4556 quod
2321 4485 2479 4540 liodie
2530 4486 2666 4541 alias
2725 4486 2968 4545 sanciam
3016 4491 3158 4561 leges
3197 4510 3209 4546 :
3254 4490 3348 4548 sed

136 4586 244 4651 εἰμι
278 4585 306 4635 6
346 4581 499 4651 παρὰ
543 4581 713 4650 Μωσῇ
768 4580 838 4631 τὰ
896 4580 1021 4649 περὶ
1068 4578 1267 4631 θυσιῶν
1311 4577 1689 4648 νομοθετήσας.

137 4672 493 4742 Μαρτύρομαι
514 4669 570 4723 δέ
593 4686 673 4732 σε,
712 4670 786 4732 ὠς
814 4670 913 4723 οὐκ
949 4669 1261 4741 ἔγκληθήσῃ
1284 4667 1536 4740 παραϐὰς
1571 4670 1698 4730 τοὺς

137 4765 281 4835 παρὰ
307 4765 481 4832 Μωσῇ
512 4762 724 4832 νόμους.
756 4761 927 4825 Αὐτὸς
943 4761 1049 4832 γάρ
1067 4762 1181 4831 εἰμι
1208 4762 1237 4813 6
1266 4762 1424 4814 κάκεῖ
1450 4757 1700 4823 διαταξά-

141 4871 292 4923 μενος
316 4853 399 4925 τῷ
428 4853 577 4907 παιδί
605 4870 704 4923 μου
734 4853 1131 4925 συμφερόντως,
1166 4852 1258 4905 καὶ
1282 4851 1378 4905 νῦν
1411 4850 1533 4905 τάδε
1566 4866 1695 4921 μαρ-

138 4943 387 5014 τύρομαι,
409 4943 490 4996 δτι
519 4943 591 5013 μὴ
614 4942 820 5013 ἀνάγκη
867 4959 947 4996 σοι
995 4942 1061 4996 τὰ
1094 4943 1221 5012 περὶ
1273 4941 1469 4996 θυσιῶν
1501 4939 1697 5011 φυλάτ-

138 5049 247 5087 τειν
269 5036 500 5104 νόμιμα.
536 5033 652 5087 Κᾶν
683 5034 791 5105 γὰρ
848 5034 922 5106 μὴ
954 5036 1265 5106 προσφέρῃς
1307 5035 1463 5099 αὐτὰ,
1520 5035 1692 5101 οὓτως

140 5124 613 5196 προσενηνεγμένα
659 5124 795 5176 ἔστί.
830 5124 907 5178 Τὰ
932 5123 1036 5197 γὰρ
1064 5124 1523 5194 όλοκαυτώματά
1576 5142 1693 5179 σου

138 5215 388 5271 ενιὶιιιόν
428 5218 546 5284 μού
595 5215 726 5269 ἐστι
780 5213 1121 5282 διαπαντὸς,
1163 5215 1263 5270 κᾶν
1292 5216 1365 5287 μὴ
1387 5216 1695 5288 προσφέρη-

140 5322 243 5359 ut.
276 5307 338 5359 Et
359 5307 419 5360 δὲ
456 5305 516 5370 ἐξ
546 5303 782 5367 ἅπαντος
811 5304 1126 5370 σπουδάζεις
1169 5306 1355 5378 ὥσπερ
1385 5306 1507 5361 τινὰ
1536 5307 1693 5377 τίμια

142 5399 231 5453 καὶ
276 5400 548 5468 ἀναγκαῖα
592 5397 761 5452 ταῦτα
810 5398 1121 5468 προσάγειν,
1174 5400 1336 5453 ἄκουε
1384 5399 1520 5471 μετὰ
1552 5401 1693 5469 παῤ-

142 5492 346 5563 ρησίας,
380 5492 457 5555 ὡς
489 5491 640 5544 οὐδιν
669 5490 871 5545 τούτων
898 5490 1049 5563 παρὰ
1068 5490 1161 5546 σοῦ
1183 5492 1418 5563 δέξομαι.
1456 5491 1691 5563 Περιττὰ

1796 4582 1934 4635 idem
1962 4582 2076 4649 ipse
2094 4595 2213 4635 sum
2248 4578 2343 4652 qui
2397 4580 2536 4649 apud
2588 4578 2791 4635 Mosem
2836 4580 2907 4639 da
2956 4583 3240 4638 sacriﬁciis
3268 4584 3348 4639 le-

1796 4685 1913 4739 gem
1955 4671 2074 4723 tuli.
2122 4669 2406 4725 Testiﬁcor
2446 4678 2625 4724 autem
2669 4672 2765 4726 tibi
2816 4682 2871 4728 te
2925 4690 3032 4728 non
3068 4675 3347 4745 culpatum

1797 4760 1863 4815 iri
1896 4762 1940 4814 si
1983 4761 2127 4831 leges
2157 4760 2322 4816 Hosis
2363 4774 2781 4833 pratergressus
2808 4764 2997 4819 fueris.
3054 4763 3175 4834 Ipse
3200 4766 3348 4822 enim

1795 4866 1896 4921 ego
1941 4867 2062 4906 sum
2114 4853 2206 4921 qui
2261 4853 2382 4908 illas
2414 4863 2544 4908 tunc
2581 4868 2747 4922 puero
2781 4850 2905 4909 meo
2947 4855 3014 4909 ad
3061 4858 3349 4914 utilitatem

1796 4942 1913 5011 ejus
1941 4942 2156 5006 tradidi,
2186 4951 2241 4997 et
2285 4942 2397 5012 jam
2446 4945 2725 5007 testiﬁcor,
2763 4945 2860 4999 tibi
2903 4962 3012 5001 non
3059 4962 3347 5005 necessum

1795 5045 1917 5086 esse
1951 5030 2138 5101 legalia
2166 5032 2233 5086 de
2265 5032 2550 5087 sacrillciis
2585 5044 2851 5104 praecepta
2878 5050 3118 5094 servare.
3146 5035 3351 5093 Etiam-

1796 5122 1841 5175 si
1876 5121 2019 5176 enim
2056 5137 2119 5175 ea
2155 5138 2260 5177 non
2289 5123 2573 5190 obtuleris,
2623 5124 2979 5183 nihilo-tinus
3026 5133 3155 5184 sunt
3196 5129 3349 5184 obla-

1798 5222 1884 5267 ta:
1916 5228 2039 5266 nam
2081 5212 2409 5268 Holocsusta
2437 5227 2527 5270 tua
2551 5217 2607 5269 in
2650 5225 2926 5286 conspectu
2963 5226 3051 5273 tuo
3072 5230 3193 5273 sunt
3218 5235 3351 5275 ssu-

1793 5321 1904 5375 per,
1935 5308 2147 5364 etiamsi
2199 5326 2306 5364 non
2348 5310 2663 5368 oderantur.
2701 5311 2757 5366 Si
2783 5322 2963 5368 autem
2994 5314 3217 5369 omnino
3255 5329 3350 5370 cu-

1797 5415 1887 5455 ras
1913 5413 1978 5455 ea
2014 5415 2113 5455 ceu
2156 5403 2393 5471 pretiosa
2441 5404 2687 5473 quaedam
2728 5411 2784 5459 et
2829 5404 3138 5461 necessaria
3191 5404 3351 5460 οσον-

1796 5506 1879 5547 re.
1937 5506 2060 5548 cum
2101 5492 2295 5549 ﬁducia
2324 5496 2473 5563 audi,
2534 5511 2618 5551 me
2655 5511 2846 5553 eorum
2910 5497 3101 5553 nihils
3148 5506 3198 5553 te
3253 5511 3346 5552 ac-

218 5650 260 5683 ”
289 5651 455 5709 Hebr.
489 5670 527 5719 ι,
566 5654 652 5708 lt.
742 5653 787 5685 "
815 5652 951 5708 Gen.
986 5668 1177 5716 nvm,
1212 5652 1295 5707 i2.
1371 5651 1417 5683 “
1442 5650 1585 5706 Psal.
1623 5656 1815 5716 sum,
1843 5651 1896 5708 8.
1970 5652 2016 5685 "
2043 5650 2232 5711 Matth.
2272 5655 2531 5723 smpti.
2607 5655 2654 5691 ⁸⁸
2694 5656 2849 5717 Joan.
2892 5657 3055 5725 ηις.

207 5809 284 5879 (s)
312 5810 579 5883 Inter-pres
609 5813 801 5883 legisse
827 5811 1039 5865 \‘ldclllr
1066 5809 1574 5885 καταλειφθήσεται.
1609 5806 1767 5864 Eutr.

453 5903 727 5966 Panos.
752 5902 871 5964 Gs.
908 5902 1168 5963 χχνιι.
