4086 6308
116 360 204 415 25Ὶ

1306 346 1664 406 EXPOSITIO
1700 345 1768 400 IN
1808 344 2130 400 PSALMUM
2173 345 2232 398 L.

3219 347 3324 402 258

127 474 446 544 Ἀρπάζεται
489 470 600 543 γὰρ
664 471 828 542 ψυχὴ,
889 470 964 533 ὼς
1031 469 1301 532 παντελῶς
1360 465 1666 520 ἐκπεσοῦσα

1783 473 1918 518 sunt.
1949 463 2228 533 Abripitur
2256 465 2398 517 enim
2433 464 2615 516 anima
2639 502 2654 528 ,
2691 472 2877 532 utpote
2905 464 3126 518 omnino
3156 480 3184 519 a
3219 465 3332 521 Deo

118 565 263 620 Θεοῦ.

181 658 372 713 Θυσία
425 657 711 722 αινέσεως
767 654 1010 718 δοξάσει
1065 670 1159 723 με.
1203 651 1672 721 Ἐπαναλαμϐάνει

119 753 178 806 τὰ
198 751 485 822 είρημένα,
533 751 630 820 τὴν
684 747 904 817 λογικὴν
964 745 1230 799 ἐπιτελεῖν
1285 742 1536 815 λατρείαν
1571 757 1676 792 πα-

120 844 554 916 ρακελευόμενος.
623 840 774 895 Μετίι
843 840 940 908 τὴν
994 837 1190 907 πολλὴν
1242 835 1568 904 κατηγορίαν
1615 832 1675 884 τὸ

121 937 400 1006 φάρμακον
436 934 533 1004 τῆς
563 933 830 1004 ἁμαρτίας
859 931 1046 996 ἔδειξε,
1081 929 1190 983 τῶν
1226 928 1534 999 μυστηρίων
1582 926 1676 996 δη-

121 1029 241 1098 λαδὴ
275 1027 376 1097 τὴν
429 1027 743 1080 ἀπόλαυσιν.
811 1025 1022 1095 Ἐκείνη
1080 1023 1188 1093 γὰρ
1250 1021 1460 1092 άληθῶς
1518 1019 1676 1071 θυσία

123 1122 369 1182 αἰνέσεως
397 1120 490 1172 τὸν
515 1119 645 1171 θεὸν
676 1116 986 1182 δοξάζουσα.
1029 1114 1244 1185 Ἐπειδὴ
1279 1115 1412 1186 μετὰ
1458 1112 1563 1166 τῶν
1587 1114 1679 1179 άγ-

127 1213 282 1280 γέλων
316 1211 589 1274 αίνοῦντες
609 1211 726 1262 τότε
743 1211 835 1262 καὶ
855 1209 986 1279 μετά
1008 1209 1110 1278 τῆς
1135 1207 1362 1270 κτίσεως
1394 1205 1676 1273 ἱστάμεθα.

123 1304 220 1360 Καὶ
252 1304 379 1358 ἐκεῖ
400 1303 539 1368 ὁδὸς
573 1303 653 1369 ἢν
682 1302 855 1366 δείξω
901 1299 1061 1365 αὐτῷ
1097 1301 1163 1352 τὸ
1194 1298 1487 1366 σωτήριόν
1539 1313 1676 1365 μου.

130 1398 210 1450 Ἔν
236 1400 302 1466 τῇ
339 1395 518 1467 Θυσία,
551 1393 706 1465 φησι,
728 1395 828 1463 τῆς
856 1395 1112 1457 αἰνέσεως
1144 1393 1259 1456 ὁδός
1276 1394 1390 1444 ἐστι
1411 1391 1508 1461 τῆς
1531 1387 1680 1460 παρὰ

123 1486 227 1557 Θεῷ
256 1488 548 1557 σωτηρίας.

208 1581 312 1644 Εἰς
341 1580 406 1632 τὸ
436 1580 608 1642 τέλος
645 1583 946 1634 ΨΛΛΜΟΣ
978 1577 1140 1643 ᾠδῆς
1164 1573 1242 1641 τῷ
1267 1575 1463 1630 Δαυΐδ.
1493 1577 1573 1628 Ν.

129 1672 216 1725 Ἐν
238 1672 318 1738 τῷ
349 1674 551 1728 ἐλθεῖν
579 1675 726 1743 πρὸς
763 1675 947 1728 αὐτὸν
985 1673 1186 1729 Νάθαν
1215 1672 1319 1727 τὸν
1346 1671 1679 1740 προφήτην,

394 1766 575 1832 ἡνίκα
619 1765 863 1832 εἰσῆλοε
892 1766 1038 1833 πρὸς
1079 1765 1396 1832 Βηρσαϐεέ.

721 1858 732 1875 ⁹
745 1859 1052 1920 Υπόσεσις.

119 1947 309 2002 Τοῦτον
341 1947 456 2019 ᾄδει
493 1949 584 2000 τὸν
615 1948 825 2018 ψαλμὸν
860 1946 1240 2017 ἐξομολόγησιν
1286 1944 1376 2000 δύο
1407 1945 1683 2016 ἐγκλημά-

180 2057 284 2092 των
316 2041 657 2110 περιέχοντα,
685 2041 780 2110 τῆς
806 2058 864 2093 τε
894 2040 1197 2110 μιαιφονίας
1218 2039 1412 2109 Οὐρίου
1443 2039 1537 2091 καὶ
1575 2057 1683 2108 μοι·

181 2131 329 2203 χείας
359 2115 497 2202 πρὸς
549 2132 845 2203 Βηρσαϐεέ.
905 2131 1326 2202 [Ύποδείκνυσι
1382 2132 1474 2183 καὶ
1518 2132 1682 2183 πᾶσιν

183 2221 487 2293 ἀνθρώποις
514 2225 782 2294 σωτηρίας
813 2224 928 2277 ὁδον
953 2225 1048 2293 τὴν
1096 2223 1399 2294 μετάνοιαν,
1429 2216 1536 2274 οἷόν
1565 2239 1683 2274 τινα

183 2315 374 2386 τέχνην
393 2316 492 2384 τῆς
522 2315 797 2385 διηνεκοῦς
844 2316 982 2368 κατὰ
1014 2314 1106 2366 τοῦ
1166 2312 1356 2383 ἐχθροῦ
1384 2313 1557 2381 νίκης.
1625 2313 1682 2363 Ὀ

185 2407 289 2478 γὰρ
319 2406 527 2477 ταύτην
561 2407 646 2458 ἀεὶ
673 2407 908 2476 μελετῶν
948 2406 1040 2458 καὶ
1075 2403 1349 2474 κατορθῶν
1397 2403 1682 2467 διαπαντὸς

183 2498 386 2564 γίνεται
433 2496 654 2568 ληκητὴς
702 2499 794 2549 τοὺ
833 2497 919 2549 ἀεὶ
951 2496 1424 2566 προσπαλαίοντος⁹
1462 2496 1682 2565 Eadd?“

182 2586 234 2640 δὲ
285 2587 382 2640 καὶ
415 2588 514 2657 τὴν
563 2588 648 2639 διὰ
701 2587 794 2639 τοῦ
851 2587 1218 2658 βαπτίσματος
1283 2586 1679 2659 ἀπολύτρωσιν,

195 2677 481 2742 Ῥαντιεῖς
521 2694 615 2746 με,
651 2678 840 2745 λέγων.
902 2678 1007 2730 Ναὶ
1046 2678 1148 2748 μὴν
1182 2678 1273 2730 καὶ
1321 2677 1576 2740 διδάσκει,
1609 2677 1684 2740 ὡς

187 2769 529 2838 πεφύλακται
565 2769 708 2839 αὐτῷ
731 2770 789 2821 τὸ
817 2771 914 2839 τῆς
939 2771 1271 2839 προφητείας
1308 2770 1552 2839 χάρισμα
1609 2769 1679 2820 Οὐ

187 2860 290 2930 γὰρ
319 2863 466 2914 αίτεῖ
491 2860 565 2922 ὡς
590 2861 948 2930 ἐστερημένος
968 2859 1146 2920 αὑτοῦ,
1171 2860 1304 2912 ἀλλὰ
1346 2860 1418 2930 μὴ
1464 2861 1684 2931 ἀφαιρε-

187 2949 340 3018 θῆναι
376 2949 608 3001 ἱκετεύει
635 2949 828 3017 λέγων·
887 2953 944 3003 Μ
953 2949 984 3016 ἡ
1019 2949 1354 3018 ἀντανέλῃς
1382 2949 1401 3022 ]
1460 2952 1682 3017 Είσάγει

182 3041 237 3094 δὲ
274 3044 367 3095 καὶ
403 3043 503 3111 τῆς
563 3043 680 3096 καθ’
707 3043 826 3096 ὅλου
859 3044 1227 3114 γενησομένης
1270 3045 1378 3097 τῶν
1432 3046 1681 3115 ἁμαρτη-

193 3135 378 3203 μάτων
407 3133 728 3205 λυτρώσεως
755 3136 853 3205 τὴν
887 3135 973 3187 διὰ
1013 3136 1104 3189 τοῦ
1131 3137 1284 3203 ἁγίου
1315 3136 1685 3208 βαπτίσματος
1712 3151 1754 3208 c

187 3226 548 3297 προφητείαν,
579 3227 669 3278 καὶ
718 3227 815 3297 τῆς
863 3227 920 3278 ἐν
951 3224 1216 3293 πνεύματι
1257 3226 1508 3296 λατρείας
1540 3226 1685 3278 διδα-

189 3319 438 3372 σκαλίαν.
491 3317 770 3387 Πανταχοῦ
813 3317 867 3368 δὲ
904 3316 1008 3368 τῶν
1065 3315 1157 3367 δύο
1210 3317 1687 3386 παρανομημάτων

191 3412 446 3482 εὑρήσεις
473 3409 672 3475 ὲξιλεού
681 3425 855 3478 μενον.

201 3503 498 3568 Ἐλέησόν
511 3518 608 3569 με,
648 3504 680 3554 ὀ
715 3499 876 3564 Θεὸς,
912 3499 1058 3553 κατὰ
1091 3500 1153 3554 τὸ
1183 3499 1333 3570 μέγα
1354 3500 1522 3566 ἔλεός
1548 3515 1684 3552 σου.

128 3591 212 3653 Ὧς
238 3592 326 3642 ἐπὶ
365 3589 600 3659 μεγάλου
650 3590 1059 3661 ἁμαρτήματος,
1112 3591 1202 3643 τοῦ
1255 3591 1486 3661 μεγάλου
1540 3589 1687 3641 ὲλέου

117 3681 209 3736 τοῦ
241 3682 376 3736 Θεοῦ
437 3682 611 3737 δέεται
662 3687 862 3754 τυχεῖν.
917 3685 1026 3739 Kal
1051 3686 1200 3737 κατὰ
1229 3685 1291 3737 τὸ
1320 3682 1547 3750 πλῆθος
1573 3681 1689 3734 τῶν

117 3773 435 3844 οἰκτιρμῶν
456 3789 570 3828 σου
595 3774 918 3843 ἐξάλειψον
943 3774 1009 3827 τὸ
1030 3772 1302 3842 ἀγόμημὰ
1316 3791 1452 3841 μου.
1497 3772 1687 3825 Μόνων

117 3870 225 3942 γάρ
253 3873 368 3923 ἐστι
417 3869 524 3921 τῶν
555 3867 648 3921 τοῦ
698 3868 830 3920 Θεοῦ
881 3866 1178 3939 οἰκτιρμῶν
1236 3867 1334 3936 τῆς
1385 3866 1687 3936 μιαιφονίας

115 3959 413 4014 απολοῦσαι
451 3959 547 4020 τὰς
578 3961 784 4028 χεῖρας.

189 4050 556 4124 [Σαφέστερον
587 4049 642 4101 δὲ
669 4049 698 4101 ὃ
730 4048 874 4118 λέγει
905 4050 1071 4103 ποιῶν
1108 4066 1288 4120 φησιν·
1322 4050 1378 4101 Ἐ
1383 4050 1447 4102 πὶ
1479 4049 1687 4104 πλεῖον

116 4139 362 4194 πλῦνόν
387 4155 485 4208 με.
533 4139 824 4193 Κάνταῦθα
865 4142 954 4194 τὸν
1007 4141 1341 4212 πλεονασμὸν
1371 4143 1535 4213 ᾔτησε
1586 4143 1688 4211 τῆς

116 4232 465 4304 καθάρσεως,
515 4231 602 4285 διὰ
630 4233 690 4284 τὸ
722 4232 887 4296 δεῖξαι
918 4235 1191 4304 πανταχοῦ
1223 4236 1283 4286 τὺ
1315 4235 1688 4306 πλημμέλημα

118 4323 286 4392 μέγα·
323 4321 378 4393 ἦ,
409 4325 531 4375 ἐπεὶ
560 4324 710 4394 παρά
743 4322 927 4376 Νάθαν
959 4325 1151 4393 ἢκουσε
1193 4325 1289 4395 τὴν
1321 4325 1683 4397 συγχώρησιν,

115 4414 209 4466 καὶ
232 4415 291 4464 αἱ
315 4413 654 4466 παντοδαπαὶ
682 4412 737 4464 δὲ
777 4415 1048 4484 συμφοραὶ
1070 4415 1127 4466 τὸ
1166 4417 1297 4468 πολὺ
1327 4417 1685 4487 ὑπετέμνοντο

1774 555 1945 625 lapsa.

1844 647 1934 702 25.
1976 645 2316 715 Sacri/icium
2353 646 2526 700 laudis
2568 646 2933 715 honoriﬁcabit
2969 665 3066 702 me.
3121 649 3335 721 Repetit

1776 754 1896 810 qua:
1928 740 2069 794 dicta
2104 747 2250 802 sunt,
2289 739 2487 808 iubens
2513 738 2704 792 iterum
2737 747 2796 792 ut
2832 740 3097 796 rationale
3127 745 3332 799 sacrili-

1778 833 1922 887 cium
1961 831 2292 901 perliciatur.
2350 830 2482 884 Post
2506 846 2720 896 gravem
2747 840 2801 884 et
2826 846 3079 902 magnam
3112 850 3338 890 accusa-

1778 925 2016 987 tionem,
2095 923 2295 992 peccati
2347 922 2644 976 remedium
2675 923 2896 989 scilicet,
2951 927 3337 995 mysteriorum

1779 1032 1938 1070 usum
1969 1025 2022 1070 et
2063 1015 2297 1069 fructum
2353 1013 2573 1068 indicat.
2605 1013 2739 1068 Illud
2784 1017 2980 1084 quippe
3022 1031 3209 1071 revera
3255 1033 3337 1072 sa-

1779 1108 2046 1162 criﬁcium
2092 1107 2266 1161 laudis
2290 1117 2371 1160 est
2399 1120 2508 1175 quo
2533 1106 2673 1160 Deus
2706 1109 3105 1161 honor-dicatur.
3145 1108 3334 1178 Siqui-

1780 1202 1899 1254 dem
1924 1208 2053 1254 tunc
2074 1215 2196 1253 cum
2228 1199 2429 1266 angelis
2450 1198 2634 1251 laudes
2659 1200 2907 1253 cauimus
2935 1216 2998 1255 ac
3033 1216 3155 1254 cum
3186 1217 3336 1256 crea-

1780 1301 1903 1347 tura
1938 1301 2165 1347 stamus.
2206 1291 2271 1344 Et
2318 1291 2430 1344 illic
2457 1291 2556 1343 iter
2575 1307 2675 1360 quo
2698 1294 2967 1346 ostendam
2998 1294 3076 1346 illi
3106 1294 3342 1351 salutare

1780 1402 1972 1439 meum.
2025 1383 2082 1438 In
2118 1383 2407 1450 sacriﬁcio,
2439 1383 2631 1453 inquit,
2666 1384 2859 1451 laudis,
2891 1386 2974 1439 via
2999 1386 3166 1441 estad
3197 1388 3344 1441 salu-

1783 1487 1887 1532 tem
1927 1493 1959 1532 a
1980 1476 2089 1531 Deo
2120 1487 2381 1543 paratam.

1925 1571 1976 1623 1.
2022 1569 2088 1622 In
2113 1570 2268 1638 finem
2298 1569 2632 1626 PSALMUS
2657 1571 2850 1623 cantici
2882 1570 3071 1625 David.
3105 1569 3168 1624 L.

1854 1661 1907 1715 2.
1942 1660 2075 1716 Cum
2106 1663 2242 1714 venit
2269 1661 2336 1712 ad
2369 1678 2485 1714 eum
2513 1660 2730 1714 Nathan
2763 1662 3032 1730 propheta,
3064 1661 3274 1732 quando

2253 1755 2466 1808 intrarit
2501 1755 2568 1807 ad
2604 1754 2869 1807 Bersabee.

2360 1846 2400 1896 Α
2412 1855 2760 1914 rgumentum.

1786 1934 1936 1990 Hunc
1968 1937 2112 1990 canit
2134 1937 2402 2005 psalmum
2446 1938 2537 2006 qui
2567 1938 2857 1991 criminum
2892 1940 3153 2003 duorum,
3183 1940 3344 1995 caedis

1855 2029 2058 2083 scilicet
2111 2027 2252 2082 Uria:
2291 2038 2345 2082 et
2385 2029 2628 2082 adulterii
2659 2044 2781 2082 cum
2815 2029 3101 2094 Bersabee,
3128 2029 3344 2086 confes-

1856 2122 2064 2176 sionem
2095 2122 2359 2176 continet.
2401 2121 2742 2194 [Subindicat
2768 2122 2930 2175 etiam
2964 2123 3219 2178 omnibus
3249 2125 3349 2177 bo-

1853 2211 2093 2265 miuibus
2157 2211 2352 2265 salutis
2402 2212 2542 2265 viam
2609 2226 2729 2266 esse
2774 2214 3145 2281 pmnitentiam
3176 2252 3190 2276 ,
3245 2229 3346 2268 ceu

1853 2302 2144 2371 quamdam
2177 2311 2347 2355 artem
2369 2303 2676 2357 obtinenda:
2703 2319 2915 2373 semper
2947 2317 3134 2360 contra
3167 2306 3348 2360 inimi-

1854 2411 1976 2448 cum
2003 2395 2259 2450 victorias.
2311 2393 2444 2448 Nam
2494 2395 2585 2464 qui
2630 2411 2846 2464 semper
2878 2397 2944 2451 de
2991 2399 3080 2452 illa
3125 2401 3346 2468 cogitat,

1853 2503 2025 2556 eaque
2064 2495 2207 2541 recte
2252 2487 2453 2549 utitur,
2502 2487 2676 2540 victor
2725 2502 2939 2557 semper
2988 2494 3090 2544 erit
3140 2492 3348 2546 inimici

1856 2581 2078 2634 assidue
2132 2582 2408 2636 instantis.
2453 2581 2661 2635 luducit
2698 2582 2858 2636 etiam
2902 2583 3345 2654 redemptionem,

1853 2686 1974 2739 quae
2025 2686 2120 2739 per
2162 2681 2407 2724 sanctum
2466 2674 2732 2740 baptisma
2781 2674 3037 2741 all‘ertur,
3097 2679 3346 2746 Aspergcs

1855 2779 1963 2827 me,
2010 2763 2212 2815 dicens.
2247 2763 2359 2815 lmo
2406 2764 2567 2817 etiam
2601 2765 2777 2829 docet,
2813 2780 3193 2824 conservatum
3232 2772 3336 2825 sibi

1854 2855 2146 2923 prophetiae
2170 2853 2392 2908 donum.
2427 2854 2543 2910 Non
2578 2859 2812 2926 postulat
2842 2861 2987 2913 enim
3021 2863 3177 2928 quasi
3221 2864 3340 2931 ipso

1855 2948 2118 3016 privatus,
2155 2950 2249 3002 sed
2282 2950 2548 3018 supplicat
2588 2966 2695 3004 non
2729 2951 2928 3005 auferri
2959 2953 3080 3014 sibi,
3131 2953 3342 3019 dicens,

1862 3038 1946 3092 Ne
1975 3039 2231 3112 auferas.]
2267 3040 2612 3109 Prophetiam
2647 3059 2863 3113 quoque
2901 3045 3108 3099 inducit
3138 3047 3346 3101 redem-

1857 3134 2058 3201 ptionis
2089 3148 2118 3186 a
2140 3135 2377 3202 peccatis
2405 3134 2660 3187 omnibus
2688 3151 2783 3204 per
2803 3148 3049 3191 sanctum
3081 3139 3343 3207 baptisma

1864 3221 2079 3286 futurae,
2117 3230 2170 3274 et
2202 3221 2501 3290 spiritualis
2529 3220 2621 3276 Dei
2654 3223 2834 3277 cultus
2862 3226 3184 3281 doctrinam.
3214 3227 3347 3284 Pas-

1858 3313 1961 3366 sim
1995 3321 2173 3367 autem
2207 3314 2449 3370 invenies
2481 3314 2717 3370 duorum
2756 3317 3045 3372 criminum
3080 3321 3346 3390 expiatio-

1859 3421 1980 3459 nem
2010 3405 2412 3474 efﬂagitantem.

1858 3500 1910 3553 ὅ.
1950 3498 2198 3552 Miserere
2225 3498 2347 3562 mei,
2383 3496 2543 3562 Deus,
2573 3499 2854 3551 secundum
2877 3517 3119 3570 magnam
3141 3504 3346 3556 miseri-

1789 3593 2024 3646 cordiam
2055 3604 2222 3644 tuam.
2281 3588 2480 3659 Utpote
2508 3605 2706 3658 magno
2733 3590 2916 3658 lapsus
2946 3593 3189 3658 crimine,
3230 3609 3346 3648 ma-

1797 3701 1959 3755 gnam
1990 3683 2080 3738 Dei
2125 3682 2554 3736 misericordiam
2589 3681 2841 3749 implorat
2875 3683 3006 3752 (l8).
3065 3682 3133 3736 Et
3163 3700 3347 3736 secun-

1787 3778 1911 3829 dum
1958 3775 2349 3827 multitudinem
2393 3774 2787 3827 miserationum
2837 3786 3048 3829 tuarum
3086 3776 3198 3829 dele
3242 3777 3347 3830 ini-

1785 3869 2037 3938 quitatem
2068 3883 2254 3920 meam.
2285 3863 2419 3919 Nam
2445 3866 2576 3921 solis
2603 3864 2698 3922 Dei
2729 3867 3164 3924 miserationibus
3199 3883 3346 3924 com-

1787 3959 1918 4030 petit
1946 3975 1975 4013 a
2005 3960 2232 4014 crimine
2257 3959 2420 4013 cedis
2445 3960 2664 4014 abluere
2697 3975 2912 4014 manus.

1861 4051 2135 4124 [Apertius
2179 4061 2356 4106 autem
2395 4052 2719 4106 sententiam
2757 4053 3032 4121 explicans
3061 4053 3136 4106 ait
3169 4071 3182 4107 :
3215 4053 3346 4106 Am—

1786 4146 1924 4215 plius
1970 4143 2091 4199 la'va
2128 4162 2228 4200 me.
2269 4145 2445 4213 Atque
2491 4144 2578 4197 hic
2626 4158 2842 4213 quoque
2875 4143 2982 4197 vim
3027 4145 3348 4215 copiamque

1787 4235 2120 4307 purgationis
2138 4233 2379 4302 expetiit,
2412 4240 2471 4284 ut
2497 4247 2754 4301 magnum
2779 4245 2901 4286 esse.
2924 4230 3134 4285 facinus
3161 4239 3346 4285 osten-

1786 4332 1973 4385 deret:
2005 4336 2118 4388 aut,
2162 4327 2290 4394 quia
2331 4341 2362 4378 a
2392 4324 2604 4379 Nathan
2645 4331 2947 4392 acceperat,
2983 4322 3195 4377 veniam
3239 4321 3346 4379 sibi

1787 4420 1958 4474 fuisse
1988 4431 2306 4472 concessam
2329 4457 2344 4476 ,
2375 4426 2427 4471 et
2457 4417 2619 4470 variae
2641 4414 2973 4468 calamitates
3002 4414 3108 4468 vim
3139 4412 3346 4487 peccati

113 4507 210 4576 τῆς
242 4505 536 4575 ἁμαρτίας,
568 4507 700 4574 φησὶ
725 4504 837 4566 νῦν,
890 4506 969 4557 ὅτι
1014 4507 1211 4576 Δέομαι
1261 4510 1557 4578 ῥυμμάτων
1591 4508 1684 4560 καὶ

1787 4513 2121 4572 minuebant,
2185 4524 2330 4562 nunc
2353 4508 2428 4562 ait
2455 4526 2467 4560 :
2499 4507 2648 4570 Opus
2675 4505 2806 4558 mihi
2828 4515 2910 4559 est
2936 4507 3346 4576 purgationibus

115 4597 465 4660 ἑκπλύσεων,
520 4597 606 4649 ῖνα
667 4597 842 4651 τέλεον
875 4601 903 4650 ὁ
962 4599 1343 4669 προστετηκὼς
1411 4599 1682 4671 άποξεσθῇ

113 4686 339 4760 ῥύποςο]

201 4779 333 4835 Ἐπὶ
363 4779 575 4834 πλεῖον
611 4779 843 4834 πλῦνάν
865 4781 941 4851 μὲ
969 4781 1085 4836 ἀπὸ
1137 4782 1244 4850 τῆς
1275 4783 1521 4851 ἀνομίας
1541 4801 1682 4850 μου,

110 4872 205 4941 τῆς
235 4873 337 4924 ἐπὶ
385 4871 465 4941 τῷ
510 4872 672 4942 φόνῳ,
703 4873 853 4942 φησί.
912 4874 1020 4926 Kal
1079 4873 1195 4926 ἀπὸ
1246 4873 1356 4942 τῆς
1399 4874 1685 4941 ἁμαρτίας

107 4979 224 5031 μου
287 4962 620 5030 καθάρισον
677 4982 771 5034 με,
842 4966 940 5034 τῆς
993 4966 1083 5016 ἐπὶ
1120 4968 1350 5038 μοιχείᾳ.
1389 4954 1518 5018 Ὅτι
1571 4966 1684 5034 τὴν

108 5057 382 5126 ἀνομίαν
401 5074 520 5124 μου
551 5056 663 5124 ἐγὼ
696 5056 982 5127 γινώσκω.
1015 5059 1121 5111 Καὶ
1145 5058 1298 5112 τοῦτο
1318 5060 1407 5112 ἐπὶ
1433 5057 1510 5130 τῷ
1544 5059 1688 5130 φόνῳ

108 5154 332 5224 εἴρηκε.
362 5153 470 5205 Kal
503 5153 539 5218 ἠ
570 5153 821 5221 ἁμαρτία
841 5170 958 5221 μου
988 5152 1241 5206 ἐνώπιόν
1263 5153 1380 5222 μού
1412 5155 1542 5207 ἐστι
1570 5154 1686 5208 δια-

108 5245 366 5309 παντός.
413 5245 560 5296 Ἀνω
588 5247 680 5298 καὶ
707 5246 854 5298 κάτω
888 5244 1236 5318 περιστρέφει
1280 5246 1377 5315 τῆς
1417 5247 1684 5318 ἁμαρτίας

106 5334 204 5403 τὴν
236 5337 468 5404 μνήμην
499 5334 598 5403 τῆς
622 5335 712 5386 ἐπὶ
751 5339 817 5406 τῇ
859 5335 1071 5407 μοιχείᾳ
1117 5337 1422 5406 γινομένης,
1453 5337 1527 5400 ὡς
1579 5339 1678 5391 οὐκ

107 5422 292 5491 ἐώσης
349 5423 511 5476 αὑτὸν
565 5421 690 5476 οῦτε
746 5425 1145 5497 ἀναχωρούσης,
1204 5425 1336 5478 ἀλλὰ
1396 5425 1677 5489 διαπαντὸς

109 5512 380 5570 συνοῦσαν
414 5515 562 5586 αὑτῷ
605 5514 700 5568 καὶ
730 5515 1014 5584 ἄγχουσαν.

1787 4619 1841 4665 et
1898 4605 2288 4667 ablutionibus,
2349 4613 2409 4655 ut
2450 4601 2559 4670 jam
2606 4597 2914 4669 liquefactae
2957 4606 3011 4651 et
3059 4598 3344 4653 exsiccatae

1786 4702 1975 4758 sordes
2004 4699 2220 4768 penitus
2250 4691 2626 4750 abradantur.i

1855 4794 1910 4852 4.
1943 4794 1994 4846 5.
2031 4790 2271 4858 Amplius
2296 4787 2412 4839 lava
2445 4802 2522 4839 me
2552 4786 2615 4839 ab
2651 4785 2925 4854 iniquitate
2953 4800 3087 4846 mea,
3119 4792 3344 4854 patrata:

1786 4887 1967 4947 caedis,
1997 4885 2090 4936 ait.
2146 4882 2214 4935 Et
2241 4898 2271 4932 a
2297 4888 2507 4948 peccato
2544 4893 2655 4930 meo
2685 4877 2882 4930 munda
2918 4893 2997 4930 me
3021 4917 3036 4942 ,
3089 4876 3342 4929 adulterii

1785 4976 2050 5030 videlicet.
2089 4972 2350 5038 Quoniam
2381 4970 2713 5037 iniquitatem
2746 4983 2912 5019 meam
2942 4982 3032 5034 ego
3066 4981 3338 5034 cognosco.

1784 5068 1839 5122 Id
1877 5081 2094 5135 quoque
2144 5065 2209 5116 de
2261 5061 2404 5115 caule
2456 5059 2881 5127 intelligendum.
2947 5057 3016 5111 Et
3072 5072 3340 5128 peccatum

1783 5172 1953 5215 meum
1983 5164 2164 5208 contra
2199 5168 2276 5204 me
2306 5162 2377 5203 est
2408 5165 2625 5218 semper.
2667 5148 2877 5203 Peccati
2910 5148 3221 5203 memoriam
3260 5149 3344 5202 ul.

1781 5261 1866 5305 tro
1896 5249 2142 5319 citroque
2169 5250 2385 5307 versat,
2420 5240 2670 5294 adulterii
2702 5239 2969 5304 videlicet,
3005 5249 3192 5308 utpote
3221 5255 3343 5308 qua:

1783 5343 2022 5397 nondum
2060 5335 2391 5395 deseruisset
2421 5349 2543 5388 eum
2571 5376 2586 5400 ,
2624 5348 2798 5403 neque
2830 5333 3210 5396 abscessisset;
3248 5333 3342 5386 sed

1784 5450 1996 5503 semper
2018 5434 2231 5489 adesset
2261 5441 2424 5502 atque
2458 5425 2511 5480 in
2551 5441 2806 5491 angorem
2832 5424 2996 5480 animi
3023 5423 3340 5492 conjiceret.

173 5751 300 5821 (18)
335 5752 494 5810 Hisce
529 5753 777 5822 quaedam
817 5752 999 5824 adjicit
1040 5753 1174 5810 Dan.
1211 5754 1516 5820 Barbarus,
1571 5773 1690 5818 qua
1726 5767 1854 5817 sunt
1883 5757 2153 5815 llesvchii.
