4086 6308
762 363 869 417 259

1598 349 1654 403 S.
1694 343 2058 401 ATHANASII
2096 342 2244 397 OPP.
2282 338 2461 394 PARS
2498 338 2583 391 Ill.
2620 367 2689 378 —
2736 336 3141 392 EXEGETICA.

3856 336 3952 389 ιω

834 476 1096 552 [Amplius
1121 474 1239 527 lava
1268 486 1345 523 me
1367 472 1427 521 ab
1459 468 1735 536 iniquitate
1775 480 1919 526 mea,
1969 471 2013 513 et
2040 478 2071 512 a
2101 470 2309 528 peccato

2483 452 2661 524 [Ἐπί
2722 452 2931 505 πλεῖον
2980 451 3214 504 πλῦνίν
3273 466 3345 519 με
3404 450 3519 504 ἀπὸ
3567 448 3677 516 τῆς
3724 450 3956 519 ἀνομίας

765 549 874 624 meo
900 568 1095 621 munda
1125 581 1223 617 me.
1252 561 1537 616 Peccatum
1578 558 1707 612 dicit
1738 554 2081 610 adulterium.
2129 549 2315 605 Scien-

764 665 893 718 dum
924 669 1101 715 autem
1131 664 1233 719 est,
1259 664 1535 722 peccatum
1563 665 1683 704 esse
1716 664 1745 702 a
1770 650 1910 701 bono
1936 646 2181 714 lapsum;
2214 643 2315 697 ini-

766 754 1026 823 quitatem
1058 762 1185 800 vero
1226 738 1723 815 praevaricationem
1751 737 1803 790 in
1833 736 2070 789 divinam
2102 733 2268 800 legem
2299 748 2311 783 :

768 847 883 899 hazc
906 850 1031 898 sunt
1051 841 1333 894 amborum
1365 832 1646 903 principia.
1689 832 1748 883 In
1779 832 1878 883 hoc
1908 836 2087 881 autem
2117 840 2315 878 conve-

769 940 944 1000 niunt,
974 932 1119 1002 quod
1151 930 1357 984 scilicet
1390 934 1636 995 peccator
1680 922 1747 975 ab
1790 935 1855 975 eo
1888 918 1982 989 qui
2019 916 2315 971 secundum

768 1035 1015 1081 naturam
1048 1031 1103 1075 et
1125 1021 1178 1074 in
1207 1028 1400 1072 natura
1425 1026 1508 1070 est
1536 1029 1701 1080 scopo
1723 1010 2054 1065 aberraverit
2079 1026 2091 1061 :
2119 1009 2315 1061 huma-

768 1134 851 1173 nae
895 1116 1095 1186 quippe
1130 1122 1336 1167 natura:
1375 1109 1461 1162 hic
1492 1122 1689 1175 scopus
1725 1106 1933 1173 positus
1964 1111 2075 1167 est,
2131 1109 2191 1154 ut
2233 1114 2317 1153 se-

768 1209 1003 1264 cundum
1039 1206 1299 1261 rationem
1333 1202 1510 1265 vivat,
1560 1198 1781 1252 semotis
1807 1205 1860 1250 et
1902 1194 2089 1264 procul
2130 1190 2317 1260 positis

766 1302 834 1356 iis
861 1315 982 1369 qua:
1028 1297 1223 1353 rationi
1267 1295 1644 1349 adversantur.
1700 1288 1959 1343 Similiter
1999 1285 2091 1355 qui
2134 1284 2319 1352 inique

766 1392 1285 1463 agitprzeraricatur
1333 1394 1520 1441 contra
1556 1384 1725 1452 legem
1780 1381 1834 1435 in
1876 1388 2066 1434 natura
2112 1377 2314 1438 datam,

767 1487 1188 1550 intemperanter
1222 1494 1279 1533 se
1303 1492 1513 1547 gerens.
1565 1474 1608 1527 E
1642 1489 1699 1527 re
1739 1473 1901 1543 igitur
1948 1469 2225 1539 apostolus
2266 1476 2319 1519 et

768 1577 1065 1643 discipulus
1084 1572 1283 1626 Christi
1310 1568 1543 1623 Joannes
1569 1576 1857 1633 utrumque
1882 1563 1933 1616 in
1962 1576 2070 1615 uno
2098 1559 2318 1627 copula-

765 1670 843 1721 vit
869 1668 949 1722 sic
979 1666 1206 1734 loquens
1229 1663 1307 1715 "z
1335 1660 1516 1716 Omnis
1544 1659 1635 1729 qui
1665 1658 1792 1726 facit
1825 1662 2112 1724 peccatum,
2151 1659 2199 1704 et
2224 1649 2320 1701 ini-

767 1761 1018 1827 quitatem
1042 1757 1205 1824 facit;
1264 1769 1326 1809 ac
1350 1754 1393 1807 si
1423 1752 1652 1814 diceret,
1693 1747 1979 1802 Peccatum
2030 1751 2312 1798 consenta-

768 1867 927 1906 neum
954 1860 1035 1906 est
1067 1847 1361 1918 iniquitati.
1381 1844 1516 1899 Nam
1538 1842 1787 1913 quisquis
1818 1840 2001 1908 inique
2032 1837 2161 1907 agit,
2195 1850 2318 1903 pec-

767 1953 891 2008 cat;
949 1955 1122 2009 neque
1156 1950 1332 1993 tamen
1374 1936 1551 1992 omnis
1580 1935 1671 2005 qui
1715 1943 1920 2003 peccat,
1958 1930 2141 1997 inique
2182 1926 2313 1995 agit.

767 2032 950 2086 Potest
989 2038 1168 2083 autem
1197 2043 1259 2082 ex
1292 2028 1538 2097 opposito
1567 2025 1692 2089 dici,
1718 2023 1845 2092 quia
1871 2021 2096 2085 scilicet,
2133 2016 2316 2072 Omnis

766 2126 856 2195 qui
895 2124 1025 2194 facit
1055 2132 1343 2192 peccatum,
1376 2129 1421 2174 et
1450 2119 1778 2187 iniquitatem
1808 2113 1983 2184 facit.]

842 2220 894 2271 6.
928 2215 1043 2269 Tibi
1065 2214 1164 2267 soli
1193 2213 1397 2277 peccavi
1422 2220 1470 2264 et
1500 2209 1699 2262 malum
1733 2223 1908 2260 coram
1934 2216 1981 2258 te
2002 2205 2121 2275 feci.
2151 2200 2317 2269 Quasi

769 2308 915 2362 dicat
947 2326 960 2361 :
995 2305 1108 2360 Etsi
1169 2302 1442 2372 peccando
1485 2300 1727 2355 omnium
1758 2299 1945 2352 oculos
1977 2296 2118 2364 fugi,
2172 2294 2319 2349 solos

768 2414 894 2458 tuos
917 2416 1023 2457 non
1055 2401 1205 2455 latui.
1233 2400 1353 2453 Ideo
1381 2398 1511 2452 dicit
1538 2415 1551 2451 :
1586 2394 1652 2449 Et
1690 2394 1888 2449 malum
1916 2407 2092 2445 coram
2121 2397 2172 2444 te
2197 2387 2317 2458 feci.

769 2492 948 2546 Multis
976 2506 1005 2545 a
1048 2499 1101 2545 te
1139 2488 1360 2543 affectus
1389 2488 1546 2542 bonis
1583 2482 1857 2539 contraria
1902 2478 2147 2550 rependi.
2202 2475 2317 2529 Non

769 2583 840 2635 ita
869 2596 1032 2652 porro
1056 2580 1294 2648 loquitur
1319 2577 1466 2647 quod
1494 2576 1692 2645 injuria
1729 2590 1833 2628 non
1858 2571 2100 2627 aﬂ'ecisse
2134 2567 2316 2623 Uriam

768 2674 1075 2737 existimet;
1115 2685 1237 2723 nam
1279 2683 1388 2739 quo
1418 2676 1573 2737 pacto
1615 2664 1783 2720 illud?
1821 2663 1914 2720 sed
1958 2664 2084 2732 quia
2127 2659 2320 2729 iniqui-

770 2782 852 2825 tas
888 2766 1122 2821 maxima
1151 2763 1204 2816 in
1240 2763 1414 2831 ipsum
1451 2759 1673 2813 vertitur
1710 2757 1901 2821 Deum,
1940 2755 2035 2823 qui
2082 2768 2205 2806 eum
2252 2765 2319 2804 ex

771 2869 984 2933 pastore
1009 2859 1062 2912 in
1092 2870 1269 2926 regem
1300 2854 1587 2921 allegerat:
1625 2856 1717 2901 aut
1745 2848 1893 2916 quia,
1924 2860 2047 2899 cum
2076 2842 2320 2898 omnium

771 2932 979 3021 ingeret
1002 2947 1210 3003 oculos.
1238 2942 1332 2996 Dei
1358 2946 1707 3009 conspectum
1737 2952 1845 2990 non
1873 2933 2080 3004 eﬂ‘ugit,
2107 2932 2198 2986 sed
2226 2944 2322 3000 per

772 3020 1089 3113 prophetam
1132 3034 1489 3104 reprehensus
1534 3037 1649 3085 est:
1681 3038 1808 3093 aut,
1860 3034 2043 3094 utpote
2080 3038 2175 3077 rex
2218 3020 2320 3090 legi

774 3132 1052 3189 hominum
1105 3143 1211 3181 non
1259 3124 1601 3193 subiacebat;
1658 3129 1719 3175 ut
1770 3127 1950 3172 autem
2002 3115 2393 3183 religiosus,c

772 3223 885 3279 Deo
917 3222 1017 3278 soli
1046 3240 1059 3275 :
1094 3231 1187 3275 aut
1212 3218 1465 3288 quoniam
1500 3229 1660 3268 nemo
1687 3209 2044 3280 redarguebat
2065 3251 2081 3276 ,
2111 3208 2203 3262 sed
2230 3221 2322 3261 so-

772 3317 860 3373 lus
890 3313 1215 3383 corripiebat
1243 3310 1404 3362 Deus.
1454 3305 1601 3371 Tibi,
1629 3303 1835 3374 inquit,
1874 3302 1973 3356 soli
1994 3301 2219 3370 peccavi.
2256 3298 2324 3353 Ut

773 3405 1074 3475 iustiﬁceris
1103 3403 1156 3455 in
1190 3400 1510 3455 sermonibus
1534 3397 1658 3449 tuis.
1706 3393 1810 3459 Me,
1843 3393 2041 3463 inquit,
2069 3389 2327 3460 praevari-

773 3512 952 3557 catum
1003 3511 1097 3567 per
1154 3493 1465 3565 prOphetam
1513 3486 1826 3557 coarguisti.
1885 3482 1951 3535 Et
1994 3490 2051 3536 tu
2105 3480 2323 3549 quidem

774 3585 953 3663 justbs
975 3603 1097 3644 cum
1129 3589 1241 3651 sis,
1276 3594 1561 3654 postquam
1582 3594 1669 3634 me
1714 3578 1780 3632 de
1824 3574 2061 3629 inimicis
2111 3583 2325 3639 semper

772 3680 1042 3744 iiberasti,
1073 3687 1126 3733 et
1160 3690 1244 3730 me
1281 3688 1445 3745 regno
1466 3682 1627 3743 atque
1649 3668 1927 3741 prophetia
1954 3664 2194 3729 ornasti;
2227 3676 2329 3732 ego

778 3784 957 3830 autem
1002 3769 1261 3843 profanus
1302 3778 1348 3822 et
1396 3764 1665 3819 homicida
1697 3777 1839 3818 sum.
1889 3757 1957 3813 Et
1996 3759 2172 3811 vincas
2210 3770 2328 3809 cum

776 3867 1055 3936 iudicaris.
1097 3859 1394 3917 Declaratio
1422 3858 1535 3912 sive
1564 3853 1836 3911 confessio
1861 3859 2229 3921 peccatorum.

857 4086 907 4140 τ.
944 4085 1079 4140 Ecce
1103 4084 1239 4139 enim
1264 4085 1316 4136 in
1338 4079 1709 4151 iniquitatibus
1730 4087 2002 4146 conceptus
2036 4092 2176 4139 sum,
2206 4084 2255 4129 et
2276 4075 2330 4127 in

782 4178 1007 4247 peccatis
1056 4177 1285 4244 concepit
1328 4189 1407 4227 ine
1456 4181 1623 4226 mater
1668 4187 1802 4225 mea.
1867 4170 2134 4236 Quoniam
2184 4168 2334 4238 prior

783 4269 876 4322 Dei
905 4282 1103 4339 scopus
1132 4273 1282 4329 erat,
1328 4273 1387 4318 ut
1414 4280 1521 4317 non
1551 4279 1647 4334 per
1687 4261 2089 4316 matrimonium
2129 4267 2183 4312 et
2212 4273 2334 4312 coro

783 4360 1087 4429 ruptionem
1123 4340 1509 4411 nasceremur:
1544 4354 1638 4409 sed
1671 4352 2031 4423 transgressio
2068 4349 2328 4415 mandati,

2413 566 2553 617 μου,
2588 547 2682 599 καὶ
2708 546 2822 599 ἀπὸ
2855 543 3274 611 τῆςάμαρτίας
3330 560 3444 610 μου
3497 539 3821 608 καθάρισόν
3867 558 3954 609 με.

2429 638 2721 709 Ἀμαρτίαν
2752 636 2806 688 δὲ
2836 635 2931 705 τὴν
2959 634 3219 703 μοιχείαν.
3269 633 3480 694 ’1στέον,
3509 631 3583 694 ὡς
3607 632 3848 700 ἁμαρτία
3872 633 3957 700 μὲν

2418 734 2448 800 ἡ
2496 729 2587 781 τοῦ
2615 726 2817 796 ἀγαθοῦ
2863 724 3173 785 ἀπόπτωσίς
3231 725 3396 776 ἐστιν·
3447 722 3644 791 ἀνομία
3694 721 3751 773 δὲ
3782 724 3813 790 ἡ
3843 725 3960 792 περὶ

2414 822 2504 873 τὸν
2525 820 2662 871 θεῖον
2690 818 2847 886 νόμον
2886 815 3245 885 πλημμέλειαο
3282 814 3372 866 καὶ
3401 811 3572 865 ταῦτα
3623 812 3831 883 ἔχουσιν
3866 814 3958 881 ἀρ-

2417 912 2515 981 χὴν
2537 910 2793 979 ἑκάτερον
2815 907 3033 959 τούτων.
3069 904 3251 974 Συμφέ
3262 921 3437 975 ρονται
3481 904 3534 956 δὲ
3561 904 3651 956 καὶ
3679 904 3816 956 κατά
3848 921 3961 955 ταυ-

2416 1004 2523 1055 τόν·
2555 1004 2642 1055 ὅτε
2688 1001 2793 1070 γὰρ
2826 999 3148 1069 ἁμαρτάνων
3194 995 3284 1049 τοῦ
3326 994 3464 1049 me
3493 996 3653 1063 φύσιν
3686 996 3779 1047 καὶ
3810 998 3866 1047 ἐν
3902 1000 3960 1065 τῇ

2418 1094 2573 1161 φύσει
2610 1091 2841 1158 ἀπέτυχε
2866 1086 3085 1140 σκοποῦ
3112 1087 3177 1155 τῇ
3198 1085 3305 1155 γὰρ
3334 1084 3641 1157 ἀνθρωπεία
3665 1082 3823 1150 φύσει
3852 1100 3961 1135 σκο-

2419 1183 2517 1245 πὸς
2570 1182 2629 1234 τὸ
2683 1178 2821 1233 κατά
2869 1179 2958 1230 τὸν
2988 1177 3143 1245 λόγον
3194 1176 3289 1245 ζῇν
3350 1176 3446 1246 τῆς
3503 1175 3723 1243 ἀλογίας
3790 1175 3966 1244 πόρρω

2419 1270 2791 1341 ἀπῳκισμένη.
2858 1266 3121 1329 Ὡσαύτως
3178 1268 3269 1319 καὶ
3331 1266 3358 1318 ὁ
3416 1266 3628 1334 ἀνομῶν
3670 1264 3967 1335 πλημμελεῖ

2418 1364 2545 1433 περὶ
2569 1362 2659 1414 τὸν
2692 1364 2747 1413 ὲν
2779 1362 2844 1429 τῇ
2876 1358 3032 1427 φύσει
3058 1357 3336 1427 δεδομένον
3371 1356 3550 1426 νόμον,
3604 1356 3966 1425 διαγενόμενος

2419 1453 2688 1525 ἀκρατῶς.
2720 1450 2909 1513 Καλῶς
2936 1446 3028 1502 οὖν
3086 1450 3178 1502 καὶ
3227 1448 3526 1509 ἀπόστολος
3593 1448 3842 1517 Ἰωάννης
3887 1448 3967 1498 καὶ

2423 1542 2664 1613 μαθητὴς
2689 1542 2777 1594 τοῦ
2806 1540 3037 1611 Χριστοῦ
3065 1542 3142 1601 είς
3160 1538 3353 1591 ταυτὸν
3390 1538 3671 1609 ἀμφότερα
3691 1538 3969 1606 περιέστη-

2422 1650 2509 1685 σεν
2560 1631 2745 1684 εἰπών’
2776 1630 2895 1695 Πᾶς
2934 1634 2964 1684 ό
3017 1629 3198 1683 ποιῶν
3246 1628 3359 1694 τὴν
3395 1628 3682 1695 ἁμαρτίαν
3729 1628 3827 1680 καί
3867 1627 3969 1693 τὴν

2420 1724 2670 1792 ἀνομίαν
2716 1723 2893 1776 ποιεῖ’
2935 1722 3133 1784 ἄλλωςο
3173 1722 3236 1775 Ἦ
3263 1718 3500 1790 ἁμαρτία
3550 1720 3879 1789 κατάλληλος
3909 1722 3968 1789 τῇ

2348 1800 2391 1855 Β
2420 1814 2634 1884 ἀνομίᾳ.
2669 1813 2782 1876 Πᾶς
2836 1814 2940 1883 γὰρ
2986 1814 3014 1864 ὁ
3062 1812 3273 1881 ἀνομῶν
3297 1809 3620 1879 ἁμαρτάνει,
3666 1810 3728 1862 οὐ
3782 1808 3969 1872 παντὸς

2419 1908 2821 1979 ἁμαρτάνοντος
2846 1904 3187 1976 ἀνομοῦντος.
3215 1903 3443 1956 Δύναται
3481 1902 3536 1955 δὲ
3570 1903 3660 1955 καὶ
3681 1904 3746 1954 ἐκ
3777 1902 3974 1973 παραλ-

2417 1999 2574 2071 λήλου
2602 1999 2846 2070 εἰρῆσθαι
2880 1997 2966 2051 διὰ
3001 1997 3083 2050 τό’
3125 1994 3247 2061 Πᾶς
3280 1998 3311 2049 ό
3333 1993 3515 2047 ποιῶν
3544 1993 3657 2061 τὴν
3690 1993 3974 2063 ἁμαρτίαν

2419 2091 2515 2143 καὶ
2563 2090 2677 2157 τὴν
2705 2089 2960 2158 ἀνομίαν
2979 2085 3174 2158 ποιεῖ]

2488 2181 2588 2234 Σοί
2634 2181 2796 2248 μόνῳ
2849 2179 3135 2247 ἥμαρτον,
3184 2174 3282 2229 καὶ
3320 2174 3386 2228 τὸ
3437 2172 3699 2242 πονηρόν
3729 2174 3974 2228 ἐνώπιόν

2418 2284 2532 2325 σου
2570 2270 2846 2337 ἐποίησα.
2864 2269 3007 2322 Ἀντί
3038 2266 3152 2319 τοῦ·
3186 2267 3321 2329 Τοὺς
3354 2265 3565 2318 πάντων
3595 2265 3976 2335 ἀποκρυψάμε-

2418 2379 2505 2424 νος
2527 2359 2833 2430 όιρθαλμοὺς
2858 2360 2914 2410 ὲν
2932 2356 3009 2428 τῷ
3036 2356 3475 2427 παρανομήματι,
3492 2355 3617 2417 τοὺς
3642 2356 3767 2417 σοὺς
3795 2352 3977 2424 μόνους

2418 2452 2479 2502 οὐ
2506 2448 2762 2502 διέλαθον.
2787 2447 2875 2501 Διό
2902 2462 3051 2519 φησι·
3083 2447 3191 2501 Kal
3214 2446 3277 2499 τὸ
3313 2443 3574 2512 πονηρὸν
3597 2443 3852 2497 ἐνώπιόν
3870 2460 3977 2496 σου

2418 2541 2693 2608 ἐποίησα.
2742 2538 2957 2593 Πολλῶν
3004 2539 3111 2610 γάρ
3167 2536 3477 2599 ἀπολαύσας
3526 2536 3674 2607 παρά
3728 2535 3845 2601 σοῦ,
3874 2536 3979 2597 τοίς

2420 2632 2677 2696 ἐναντίοις
2727 2631 3064 2702 ἠμειψάμην.
3112 2630 3220 2682 Καὶ
3268 2629 3326 2680 οὐ
3380 2628 3535 2681 τοῦτο
3574 2628 3740 2695 λέγει,
3785 2628 3860 2689 ὡς
3886 2627 3979 2679 οὐκ

2420 2722 2642 2792 ἠδίκησε
2676 2721 2765 2774 τὸν
2791 2721 3008 2791 Οὑρίαψ
3056 2718 3171 2782 πῶς
3208 2720 3349 2788 γάρς
3379 2718 3491 2770 ἀλλ’
3524 2718 3604 2770 ὅτι
3670 2719 3704 2787 ή
3754 2716 3975 2786 μεγίστη

2422 2811 2731 2883 παρανομία
2758 2813 2836 2875 είς
2866 2811 3025 2865 αὐτὸν
3052 2809 3375 2881 τετόλμηται
3398 2808 3485 2861 τὸν
3511 2807 3640 2860 Θεὸν
3657 2807 3747 2859 τὸν
3770 2808 3980 2872 ἐκλεξά-

2426 2920 2583 2975 μενον
2627 2904 2721 2957 καὶ
2748 2902 2967 2974 βασιλέα
2999 2906 3063 2956 ὲκ
3084 2900 3397 2975 προδατέως
3421 2900 3773 2970 πεποιηκότα·
3809 2898 3843 2970 ή
3866 2898 3980 2951 ἐπεὶ

2422 3000 2546 3061 τοὺς
2588 2997 2803 3052 πάντων
2855 2995 3308 3065 ἀποκρυψάμενος
3362 2990 3687 3062 ὀφθαλμοὺς,
3739 2993 3866 3053 τοὺς
3892 2988 3978 3042 τοῦ

2424 3088 2556 3141 Θεοῦ
2584 3089 2682 3142 οὐκ
2710 3086 2912 3149 ἔλαθεν,
2939 3085 3052 3139 ἀλλ’
3083 3082 3323 3153 ἠλέγχθη
3363 3082 3450 3135 διὰ
3481 3081 3574 3134 τοῦ
3612 3082 3914 3152 προφήτου’
3948 3080 3976 3147 ἦ

2424 3178 2500 3242 ὡς
2536 3179 2635 3250 μὲν
2665 3176 2914 3249 βασιλεὺς
2939 3175 3087 3247 νόμῳ
3116 3172 3412 3245 ἀνθρώπιον
3462 3173 3560 3243 οὐχ
3612 3172 3887 3234 ὑπέκειτο,
3913 3172 3979 3232 ὡς

2425 3270 2481 3323 δὲ
2514 3268 2765 3341 θεοσεδὴς
2815 3267 2894 3339 τῷ
2926 3265 3044 3338 Θεῷ
3318 3265 3351 3335 ἢ
3395 3264 3515 3318 ἐπεὶ
3556 3262 3860 3337 ἀνθρώπων
3892 3261 3981 3332 μὲν

2423 3362 2599 3425 οὐδεὶς
2626 3360 2871 3432 ἤλεγχεν,
2887 3357 3015 3421 Θεὸς
3040 3356 3095 3409 δὲ
3123 3354 3466 3427 διωρθώσατο
3491 3354 3665 3425 μόνος.
3687 3355 3812 3416 Σοί,
3832 3353 3978 3424 φησὶ,

2421 3454 2586 3521 μόνῳ
2621 3450 2899 3518 ἥμαρτον.
2934 3448 3120 3511 Ὅπως
3153 3445 3229 3498 ἂν
3254 3442 3568 3510 δικαιωθῇς
3598 3435 3690 3495 ἐν’
3716 3441 3844 3507 τοῖς
3887 3442 3981 3495 ,ζό-

2432 3559 2556 3611 τηοις
2587 3555 2720 3594 σου.
2754 3537 3015 3607 Ἠλεγξάς
3050 3553 3136 3606 με,
3168 3535 3321 3606 φησὶ,
3349 3534 3435 3587 διὰ
3457 3533 3547 3588 τοῦ
3578 3535 3857 3605 προφήτου
3886 3551 3982 3586 πα-

2430 3632 2821 3703 ρανομήσαντα·
2855 3628 2946 3683 καὶ
2986 3629 3048 3683 σὺ
3078 3627 3173 3697 μὲν
3202 3617 3401 3688 δίκαιος
3429 3624 3502 3678 ὣν
3534 3624 3627 3677 καὶ
3652 3623 3759 3677 τῶν
3782 3623 3983 3695 ἐχθρῶν

2430 3722 2655 3775 πάντοτε
2717 3719 3034 3791 ῥυσάμενος,
3087 3716 3180 3770 καὶ
3242 3716 3483 3788 βασιλείᾳ
3541 3716 3632 3770 καὶ
3689 3716 3984 3786 προφητείᾳ

2429 3814 2682 3884 τιμήσαςο
2717 3811 2827 3879 ἐγὼ
2847 3811 2901 3863 δὲ
2928 3808 3149 3879 βέϐηλος
3210 3809 3302 3861 καὶ
3348 3806 3645 3878 μιαιφόνος.
3679 3806 3794 3859 Kal
3826 3806 3983 3870 νική-

2430 3919 2547 3971 σῃς
2574 3902 2643 3954 ἐν
2679 3898 2759 3965 τῷ
2796 3898 3103 3967 κρίνεσθαί
3138 3910 3232 3950 σε.
3271 3894 3563 3960 ’Δπόδειξις
3586 3896 3700 3965 ήτοι
3729 3895 3983 3965 ὁμολογία

2430 3996 2537 4048 τῶν
2569 3995 2785 4065 ἀμαρτη
2794 3992 2992 4062 μάτων.

2516 4085 2658 4141 Ἰδοὺ
2674 4085 2781 4154 γὰρ
2801 4084 2869 4137 ἐν
2891 4080 3160 4150 ἀνομίαις
3178 4077 3583 4148 συνελήφθην,
3601 4080 3696 4131 καί
3721 4077 3793 4129 ἐν
3808 4077 3983 4147 ἀμαρ-

2432 4180 2582 4243 τίαις
2616 4173 2909 4240 ὲκίσσησέ
2954 4188 3028 4241 με
3080 4170 3118 4235 ἠ
3140 4169 3492 4243 μήτηρμυ.
3558 4166 3773 4237 Ἐπειδὴ
3805 4169 3834 4219 ό
3862 4183 3984 4237 προ-

2433 4267 2729 4338 ηγούμενος
2791 4260 2987 4323 σκοπὸς
3043 4258 3133 4311 τοῦ
3168 4256 3301 4311 Θεοῦ
3332 4254 3399 4329 ἦν
3442 4256 3533 4311 τοῦ
3591 4256 3665 4327 μὴ
3698 4254 3790 4309 διὰ
3812 4255 3980 4325 γάμου

2436 4359 2681 4429 γενέσθαι
2714 4356 2858 4427 ἡμᾶς
2882 4354 2976 4407 καὶ
3020 4351 3240 4422 φθοράς·
3268 4352 3301 4421 ή
3335 4350 3389 4403 δὲ
3442 4348 3752 4421 παράΰασις
3779 4349 3884 4418 τῆς
3904 4351 3984 4401 ἰν-

785 4452 1000 4521 nuptias
1034 4450 1241 4503 induxit
1262 4449 1331 4502 ob
1351 4447 1539 4501 Adami
1565 4445 1924 4515 iniquitatem,
1976 4441 2027 4496 id
2052 4448 2157 4506 est,
2186 4441 2330 4508 quod

2436 4453 2589 4521 τολῆς
2609 4451 2695 4503 τὸν
2720 4448 2892 4517 γάμον
2917 4444 3174 4514 εἰσήγαγε
3195 4443 3279 4495 διά
3310 4442 3370 4495 τὸ
3386 4441 3655 4512 άνομῆσαι
3678 4440 3773 4494 τὸν
3802 4440 3981 4510 Ἀδὰμ.

784 4546 964 4600 datam
996 4542 1097 4598 sibi
1135 4557 1163 4594 a
1198 4540 1305 4594 Deo
1324 4539 1506 4609 tlegem
1549 4536 1935 4607 vilipendisset.
1989 4533 2188 4587 Omnes
2234 4531 2335 4584 ita-

785 4650 891 4704 que
917 4634 1082 4703 quiex
1108 4631 1314 4685 Adamo
1343 4630 1613 4693 oriuntur,
1640 4628 1693 4681 in
1732 4625 2109 4695 iniquitatibus
2148 4622 2334 4678 conci-

786 4726 1009 4796 piuntur
1035 4764 1050 4784 ,
1083 4725 1268 4793 proavi
1290 4722 1372 4775 sui
1407 4719 1754 4775 damnatione
1785 4716 2028 4785 collapsi.
2075 4715 2209 4769 Illud
2245 4728 2339 4768 au-

786 4829 891 4872 tem
920 4833 932 4869 :
976 4812 1038 4867 Et
1060 4814 1111 4867 in
1133 4813 1357 4883 peccatis
1379 4812 1605 4878 concepit
1635 4826 1714 4863 me
1742 4819 1908 4861 mater
1937 4824 2049 4861 mea
2069 4847 2083 4873 ,
2130 4806 2337 4877 signiti-

786 4918 875 4962 cat
904 4906 1068 4959 Evam
1094 4905 1333 4958 omnium
1365 4912 1607 4957 nostrum
1639 4911 1865 4955 matrem
1887 4942 1901 4965 ,
1941 4915 2038 4953 ceu
2066 4900 2335 4967 voluptate

790 5006 1112 5067 turgentem,
1161 4994 1475 5062 concepisse
1502 4999 1802 5061 peccatum.
1855 4989 2195 5059 Quapropter
2236 5003 2334 5043 nos

788 5091 843 5145 in
878 5089 1066 5143 matris
1111 5095 1309 5142 nostra
1350 5085 1751 5139 damnationem
1794 5083 2064 5151 delapsos,
2121 5081 2330 5150 concipi

786 5180 1021 5235 dicimus
1048 5177 1101 5230 in
1136 5175 1530 5246 iniquitatibus.
1557 5174 1806 5230 Deciarat
1834 5188 1942 5242 quo
1960 5180 2114 5241 pacto
2139 5171 2206 5225 ab
2230 5171 2335 5225 ini-

786 5274 862 5324 tio
904 5278 1094 5325 natura
1142 5268 1420 5323 homirnam
1470 5266 1573 5320 sub
1614 5273 1892 5336 peccatum
1925 5264 2220 5319 conciderit
2266 5277 2333 5318 es

789 5360 911 5415 Eva:
938 5360 1387 5428 transgressione,
1425 5366 1479 5413 et
1514 5364 1616 5413 sub
1645 5356 2022 5413 maledictione
2052 5366 2202 5412 ortus
2222 5355 2337 5425 ejus

790 5452 971 5508 fuerit.
1014 5452 1327 5507 Sermonem
1358 5461 1535 5507 autem
1564 5451 1725 5507 altius
1754 5452 1982 5517 orditur,
2015 5451 2142 5507 dum
2171 5450 2338 5507 divini

790 5543 1031 5599 muneris
1056 5542 1478 5614 magnitudinem
1511 5544 1702 5614 quierit
1726 5544 2024 5597 ostendere.

873 5772 915 5806 ’τ
946 5774 962 5826 l
995 5771 1151 5827 Joan.
1175 5787 1256 5833 ιιι,
1290 5777 1340 5827 4.

2436 4544 2706 4598 τουτέστιν
2740 4538 2998 4609 ἀθετῆσαι
3024 4537 3113 4589 τὸν
3141 4540 3205 4591 ὲκ
3225 4534 3357 4587 Θεοῦ
3386 4534 3602 4587 δοθέντα
3634 4532 3783 4604 αὐτῷ
3807 4533 3979 4601 νόμον.

2436 4638 2637 4696 Πάντες
2666 4630 2758 4686 οὖν
2781 4633 2828 4684 οἱ
2873 4630 2930 4696 ἐξ
2968 4628 3139 4698 Ἀδὰμ
3165 4626 3439 4696 γενόμενοι
3471 4625 3528 4677 ὲν
3575 4624 3827 4694 ἀνομίαις
3871 4621 3985 4675 συλ-

2436 4726 2791 4797 λαμόάνονται
2829 4721 3217 4780 ὑποπίπτοντες
3254 4720 3319 4788 τῇ
3343 4715 3435 4769 τοῦ
3464 4716 3802 4786 προπάτορος
3835 4729 3985 4765 κατα-

2436 4810 2575 4887 δίκη.
2606 4815 2678 4868 Τὸ
2705 4813 2781 4875 δὲ,
2819 4811 2926 4866 Kal
2949 4813 3017 4864 ὲν
3040 4809 3351 4877 ἁμαρτίαις·
3378 4805 3670 4873 ὲκισσησέ
3705 4822 3783 4874 με
3807 4807 3845 4874 ἠ
3876 4804 3983 4874 μή-

2437 4926 2544 4975 τηρ
2588 4923 2727 4976 μου,
2786 4904 3031 4974 σημαίνει
3078 4902 3158 4953 ὅτι
3200 4902 3234 4970 ἡ
3271 4898 3403 4965 Εὕα,
3462 4898 3723 4953 ἀπάντων
3777 4896 3986 4968 ήμῶνή

2441 5003 2639 5071 μήτηρ,
2664 4994 2848 5068 πρώτη
2878 4994 3128 5063 ὲκίσσησε
3149 4992 3243 5059 τὴν
3262 4990 3552 5061 ἁμαρτίαν,
3568 4990 3756 5060 ὥσπερ
3778 4987 3986 5059 όργῶσα

2434 5094 2532 5156 τὴν
2561 5090 2768 5159 ἡδονήν.
2807 5086 2902 5140 Διά
2939 5083 3090 5137 τοῦτο
3122 5083 3214 5137 καὶ
3243 5085 3422 5154 ἡμεῖς,
3454 5082 3643 5154 τῇτῆς
3670 5082 3876 5155 μητρὸς
3898 5097 3983 5134 κα-

2437 5182 2789 5242 ταπίπτοντες
2820 5176 3101 5250 καταδίκῃ,
3146 5176 3431 5229 κισσᾰσθαι
3458 5175 3688 5244 λέγομεν
3731 5175 3790 5226 ιν
3829 5174 3991 5243 ἀμαρ-

2438 5277 2603 5339 τίαις.
2644 5274 2939 5333 Δείκνυσιν,
2997 5269 3071 5333 ὡς
3112 5267 3172 5332 ἐξ
3225 5269 3395 5341 ἀρχῆς
3425 5270 3458 5339 ή
3489 5266 3788 5340 ἀνθριὶηαυν
3842 5265 3989 5335 φύσις

2442 5366 2546 5422 ὑπὸ
2572 5365 2667 5436 τὴν
2698 5361 2966 5433 ἁμαρτίαν
2999 5360 3280 5413 πέπτωκεν
3312 5359 3416 5412 ὑπὸ
3464 5359 3564 5431 τῆς
3593 5361 3651 5412 ιν
3687 5357 3803 5430 Elia
3827 5372 3989 5427 napa-

2443 5457 2671 5519 σάσεως,
2704 5453 2797 5506 καὶ⁵
2821 5449 2923 5503 ὑπὸ
2955 5449 3197 5519 κατάραν
3224 5451 3259 5521 ή
3286 5448 3536 5520 γέννησις
3562 5448 3806 5517 γέγονεν.
3829 5447 3990 5500 Ἀνω-

2446 5546 2535 5600 θεν
2564 5545 2621 5598 δὲ
2649 5542 2860 5612 ὑφαίνει
2890 5540 2978 5594 τὸν
3004 5540 3180 5607 λόγον,
3213 5538 3273 5593 τὸ
3305 5537 3529 5610 μέγεθος
3585 5538 3685 5609 τῆς
3715 5534 3811 5591 τοῦ
3864 5531 3989 5589 Θεοῦ

2445 5636 2645 5707 δωρεᾶς
2668 5632 2833 5699 δεῖξαι
2867 5630 3199 5701 βουλόμενος.
