4086 6308
102 360 193 416 941

1241 355 1596 410 EXPOSITIO
1630 357 1695 410 ΙΝ
1735 357 2065 412 PSALMUN
2105 357 2163 414 L.

3207 356 3311 411 ω

193 477 322 532 ιδοὺ
355 477 463 545 γὰρ
487 476 770 540 ἀλήθειαν
817 475 1154 546 ἠγάπησας,
1185 478 1256 527 τὰ
1295 475 1490 541 ἄδηλα
1549 477 1646 528 καὶ

1821 479 1873 532 8.
1909 476 2041 529 Ecce
2062 477 2199 529 enim
2229 479 2497 528 veritatem
2515 473 2771 540 dilexisti,
2808 473 3010 527 incerta
3035 480 3085 526 et
3105 468 3309 525 occulta

105 571 170 622 τὰ
219 569 433 636 κρύφια
473 566 583 633 τῆς
638 567 855 634 σοφίας
905 582 1019 618 σου
1077 563 1385 628 ἐδήλωσάς
1433 583 1552 633 μοι.
1600 568 1658 619 Ὀ

105 660 218 722 νοῦς
245 654 414 721 οὗτος·
444 659 537 720 Σὺ,
571 658 722 727 φησὶ,
749 656 943 726 Κύριε,
979 659 1007 709 ὁ
1037 655 1258 725 ἀλήθεια
1292 654 1386 718 ὢν,
1407 656 1658 726 ἀληθείας

105 749 341 815 ἀγαπῶν,
380 748 695 817 βουλόμενος
717 749 860 816 ἡμᾶς
894 750 952 798 ἐν
994 746 1216 816 ἀληθεία
1266 746 1490 814 διάγειν,
1520 750 1657 799 ἀπο-

108 841 376 910 καθαριεῖς
415 841 564 909 ἡμᾶς
604 839 702 908 τῆς
753 838 978 908 ἀρχαίας
1023 840 1310 910 ἁμαρτίας·
1358 840 1452 891 καὶ
1488 839 1659 902 οὓτως

109 933 485 1002 ἁποκειθαριεῖς
509 934 637 1001 ἡμῖν
695 930 759 981 δι’
788 929 1036 982 ὑσσώπου
1065 930 1137 994 ὼς
1185 931 1275 982 καὶ
1325 931 1464 1002 ὑπὲρ
1513 931 1660 1001 χιόνα

109 1023 475 1092 λευκανθῆναι.
520 1021 782 1090 ’Υσσώπῳ
805 1021 862 1073 δὲ
889 1022 986 1091 τὴν
1031 1020 1124 1074 τοῦ
1160 1023 1314 1090 ἁγίου
1351 1023 1663 1092 Πνεύματος

112 1118 377 1186 ενὲργειαν
407 1116 676 1182 ἀψομοιοῖ,
713 1113 917 1184 θερμὴν
943 1110 1106 1167 οὖσαν
1132 1115 1224 1167 καὶ
1253 1115 1432 1168 πάντα
1461 1115 1552 1167 τὸν
1606 1116 1663 1166 ἐν

115 1208 227 1275 ﬁ,va
286 1205 453 1274 ῥύπον
505 1203 946 1272 ἀποσμήχουσαν.
1003 1201 1117 1274 [Ἦ
1175 1204 1548 1275 ἀποκάθαρσις
1598 1203 1663 1256 δι’

112 1296 350 1349 ὑσσώπου
392 1295 698 1365 γενήσεται,
730 1295 845 1362 ἦτοι
882 1293 968 1346 διὰ
1018 1294 1112 1348 τοῦ
1153 1294 1304 1362 ἁγίου
1333 1295 1662 1364 Πνεύματος.

112 1385 388 1446 Ὕσσωπος
423 1384 529 1454 γὰρ
556 1384 750 1452 βοτάνη
780 1383 1128 1455 καθαρτική.]
1165 1385 1237 1436 Τὸ
1262 1386 1338 1441 δὲ.
1372 1386 1446 1436 Τὰ
1473 1384 1666 1449 ἄδηλα

112 1475 196 1527 καί
245 1475 314 1526 τὰ
368 1474 586 1540 κρύφια
633 1487 748 1525 σου
796 1471 1107 1539 ἐδήλωσας
1136 1491 1237 1541 μοι
1280 1472 1386 1538 τῆς
1425 1473 1662 1538 σοφίας,

112 1565 380 1636 δηλοῦντός
414 1567 580 1626 ἐστιν,
601 1565 676 1627 ὼς
714 1564 886 1617 πάντα
946 1563 1092 1632 αὐτῷ
1117 1563 1185 1615 τά
1230 1565 1462 1632 ἐσόμενα
1487 1563 1582 1614 ὅσα
1610 1564 1665 1613 ἐν

118 1661 165 1726 τῇ
196 1657 297 1726 ἰδίᾳ
327 1655 486 1726 σοφίᾳ
515 1654 666 1708 ἐθετο
691 1657 718 1707 ὁ
745 1655 875 1717 Θεὸς
904 1655 990 1707 διὰ
1039 1654 1130 1707 τοῦ
1166 1655 1317 1722 ἁγίου
1354 1653 1666 1723 Πνεύματος

111 1750 202 1801 ἀπε
210 1747 462 1816 κάλυψεν.

185 1839 466 1905 Ῥαντιεῖς
520 1855 596 1907 με
644 1837 926 1900 ὑσσώπῳ,
981 1838 1078 1889 καὶ
1130 1836 1654 1905 καθαρισθήσομαι.
1688 1826 1730 1879 Β

112 1931 302 1991 Εἰπὼν,
333 1934 414 1984 ὅτι
447 1931 692 1992 Δέδωκας
721 1930 913 1998 νόμους
944 1929 1118 1990 θείους
1144 1931 1234 1982 καὶ
1263 1929 1548 1992 διατάξεις,
1579 1929 1665 1981 λέ-

112 2023 265 2091 γειτὴ
304 2021 505 2091 μεῖζον,
535 2023 614 2073 ὃτι
648 2021 973 2093 Καθαρμοὺς
1001 2038 1151 2083 τινας
1173 2024 1229 2074 ἐν
1263 2022 1338 2091 τῷ
1370 2022 1518 2091 νόμῳ
1538 2024 1664 2091 ἐχα-

113 2115 256 2182 ρίσω,
280 2114 370 2164 καὶ
395 2113 461 2164 δι’
491 2112 739 2165 ὑσσώπου
783 2114 1158 2184 ραντίσματοςο
1194 2112 1334 2166 κατὰ
1367 2113 1549 2166 τοῦτον
1572 2109 1663 2169 οὖν

110 2204 195 2255 τὸν
225 2203 422 2256 σκοπὸν
461 2204 558 2256 καὶ
584 2206 713 2273 ἡμῖν
743 2203 834 2256 νῦν
867 2204 1148 2275 παράσχου
1176 2204 1243 2256 τὰ
1298 2205 1474 2275 ὅμοια,
1503 2209 1530 2258 ὁ
1563 2207 1662 2258 αὑ-

111 2294 191 2355 τὸς
213 2293 284 2346 ὣν
305 2294 455 2356 Θεός.
483 2295 553 2346 Ἣ
579 2297 871 2364 μυστήριον
892 2295 1030 2347 ἔοικέ
1057 2314 1106 2347 τι
1129 2296 1479 2349 αἰνίττεσθαι.
1516 2298 1665 2350 Ἐπεὶ

111 2385 209 2453 γὰρ
238 2386 441 2454 Μωσῆς
502 2385 558 2437 ἐν
590 2385 846 2454 Αἰγύπτῳ
896 2387 954 2437 τὸ
981 2382 1118 2455 αἷμα
1171 2387 1261 2439 τοῦ
1296 2387 1564 2458 προϐάτου
1597 2383 1662 2440 δι’

113 2475 351 2527 ὑσσώπου
377 2477 497 2538 ταῖς
525 2476 704 2543 φλιαῖς
753 2476 1083 2529 διεκελεύετο
1129 2478 1556 2549 ἐπιρῤαίνεσθαι,
1582 2495 1662 2530 τι·

115 2568 352 2638 puutéptp
381 2568 476 2620 καὶ
513 2570 674 2638 ἡμεῖς
703 2569 1084 2640 ἡγοράσθημεν
1131 2571 1342 2640 αἵματι.
1391 2572 1540 2624 Ἐπεὶ
1572 2566 1663 2624 οὖν

113 2657 465 2730 φυλακτήριον
537 2661 709 2711 ἐκεῖνο
771 2661 984 2727 ἐγένετο
1044 2663 1114 2731 μή
1185 2679 1238 2713 τι
1293 2661 1480 2715 παθεῖν
1540 2663 1666 2726 τοὺς

111 2749 436 2812 ἐνοικοῦντας
466 2751 570 2802 ὑπὸ
603 2750 695 2803 τοῦ
738 2751 1130 2822 όλοθρεύοντος,
1177 2756 1401 2815 εἰκότως
1431 2757 1458 2806 ό
1483 2754 1662 2816 Δαυῒδ,

110 2842 198 2911 τὴν
227 2843 320 2895 τοῦ
351 2844 580 2912 αἵματος
607 2843 810 2896 ἐκείνου
847 2845 1062 2913 μνήμην
1084 2845 1140 2896 ἐν
1167 2845 1457 2915 ἀπορρήτῳ
1486 2844 1665 2896 ποιού-

114 2950 279 3002 μενος,
322 2934 599 3000 σραντιεῖς
655 2951 730 3002 με
756 2934 1037 2996 ὑσσώπῳ,
1088 2936 1239 3004 φησὶ,
1280 2935 1373 2988 καὶ
1417 2935 1482 2988 τὰ
1516 2935 1658 3004 ἐξῆς⁶

111 3027 462 3096 αἰνιττόμενος
492 3026 591 3094 τὴν
612 3024 700 3076 διὰ
719 3023 810 3076 τοῦ
836 3024 1064 3094 αἵματος
1111 3024 1204 3076 τοῦ
1255 3025 1504 3094 ἀληθινοῦ
1534 3027 1664 3095 Χρι-

1759 569 2030 637 sapientia
2057 578 2159 621 tute
2192 567 2545 635 manifestasti
2570 567 2718 620 mihi.
2745 563 2870 619 Hac
2891 573 2976 619 est
3001 566 3261 618 sententia
3293 582 3305 616 :

1759 657 1862 718 Tu,
1899 657 2092 726 inquit,
2129 655 2374 722 Domine,
2401 658 2494 724 qui
2532 657 2730 709 veritas
2756 669 2814 709 es
2843 665 2896 708 et
2915 652 3193 707 veritatem
3229 651 3310 703 di.

1758 749 1911 819 ligis,
1943 763 2064 801 cum
2097 747 2229 803 velis
2282 763 2381 802 nos
2436 748 2488 800 in
2539 747 2763 800 veritate
2803 745 3013 814 degere,
3056 742 3312 813 purgabis

1760 854 1862 892 nos
1889 855 1917 891 a
1949 840 2117 894 veteri
2148 847 2370 907 peccato
2404 854 2416 889 :
2450 845 2612 904 atque
2642 836 2714 888 ita
2749 851 2846 889 nos
2879 835 3114 904 hyssopo
3149 848 3310 884 mun-

1759 928 1934 993 dabis,
1959 939 2016 982 ut
2065 945 2226 996 supra
2248 928 2425 981 nivem
2458 926 2670 979 candidi
2711 924 3020 978 elliciamur.
3066 919 3312 992 Hyssopo

1762 1031 1939 1075 autem
1985 1020 2222 1089 Spiritus
2266 1019 2438 1072 sancti
2507 1016 2798 1068 cllicaciam
2845 1022 3141 1081 comparat,
3188 1020 3311 1062 tau-

1761 1127 1924 1178 quam
1958 1112 2217 1184 calidam,
2265 1117 2318 1161 et
2368 1109 2556 1161 sordes
2595 1121 2784 1158 omnes
2827 1105 2881 1156 in
2919 1102 3075 1155 nobis
3123 1115 3312 1167 repur-

1765 1212 2000 1273 gantem.
2041 1201 2316 1273 [Purgatio
2351 1200 2587 1269 hyssopo
2609 1197 2944 1256 conﬁcietur,
2980 1192 3186 1248 scilicet
3219 1205 3310 1258 per

1765 1295 2026 1363 Spiritum
2078 1303 2347 1347 sanctum.
2405 1289 2680 1360 llyssopus
2733 1303 2963 1355 namque
3010 1294 3094 1340 est
3146 1284 3310 1338 herba

1764 1384 2025 1452 purgandi
2059 1383 2109 1435 vi
2148 1379 2415 1450 praedita]
2465 1380 2600 1433 Illud
2630 1388 2812 1433 autem
2847 1397 2860 1432 :
2896 1375 3108 1429 Incerta
3142 1386 3190 1430 et
3221 1391 3309 1429 oc-

1763 1473 1904 1524 culta
1931 1473 2200 1540 sapientiae
2224 1471 2696 1538 tutemauifestasti
2725 1471 2872 1532 mihi,
2908 1468 3198 1522 iudicantis
3231 1475 3314 1520 est

1764 1577 1944 1615 omma
1973 1560 2174 1626 futura,
2213 1574 2548 1629 quaecunque
2579 1556 2719 1612 Deus
2759 1557 2813 1610 in
2851 1557 3064 1626 propria
3100 1555 3314 1625 sapien-

1765 1652 1839 1706 tia
1880 1653 2140 1721 reposuit,
2173 1651 2272 1720 ipsi
2303 1665 2398 1720 per
2428 1647 2688 1718 Spiritum
2724 1647 2956 1702 revelata
2983 1646 3173 1702 fuisse.

1839 1841 1890 1895 9.
1917 1841 2164 1909 Asperges
2197 1856 2273 1892 me
2300 1839 2543 1908 hyssopo,
2589 1850 2638 1891 et
2665 1836 2976 1892 mundabor.
3020 1837 3313 1910 Postquam

1763 1931 1899 1986 dixit
1932 1950 1944 1984 :
1979 1930 2149 2000 Leges
2176 1929 2370 1983 dedisti
2406 1928 2618 1982 divinas
2651 1936 2705 1980 et
2735 1929 3169 1995 constitutiones,
3202 1932 3314 1999 jam

1763 2021 1906 2091 quod
1943 2021 2120 2089 majus
2157 2027 2239 2073 est
2272 2019 2403 2072 dicit
2435 2036 2448 2071 :
2502 2017 2915 2072 Purillcationes
2951 2023 3214 2087 quasdam
3263 2022 3314 2073 in

1762 2113 1877 2183 lege
1906 2112 2100 2167 dedisti
2141 2120 2194 2166 et
2239 2111 2609 2180 aspersionem
2656 2113 2890 2181 hyssopo
2925 2108 3122 2164 factam
3159 2129 3171 2164 :
3221 2126 3315 2165 co-

1762 2205 1883 2258 dem
1918 2203 2082 2273 igitur
2104 2216 2269 2271 scopo
2300 2212 2352 2257 et
2379 2204 2538 2258 nobis
2568 2219 2784 2272 quoque
2819 2203 3016 2258 similia
3041 2201 3311 2265 conferas,

1764 2309 1885 2348 cum
1921 2295 2038 2363 ipse
2079 2291 2221 2347 Deus
2250 2293 2347 2348 sis.
2394 2293 2501 2347 Aut
2533 2293 2743 2347 videtur
2785 2295 3101 2363 mysterium
3139 2294 3316 2361 quotl—

1762 2387 1906 2454 piam
1955 2385 2044 2439 hic
2089 2385 2421 2439 adumbrari.
2473 2383 2920 2454 Quandoquidem
2963 2385 3106 2438 enim
3140 2382 3316 2440 Ποσει

1763 2477 1818 2530 in
1844 2476 2078 2546 Egypto
2118 2478 2434 2546 sanguinem
2463 2479 2581 2532 ovis
2605 2478 2852 2546 postibus
2876 2477 3109 2548 hyssopo
3125 2492 3314 2545 asper-

1762 2582 1886 2637 gere
1923 2568 2110 2636 jussus
2145 2577 2260 2620 erat
2284 2568 2328 2597 “
2354 2608 2369 2629 ,
2423 2569 2746 2637 pretiosiore
2796 2583 2898 2621 nos
2933 2570 3196 2639 sanguine
3227 2584 3315 2623 re-

1762 2658 1964 2728 dempti
2003 2674 2214 2713 sumus.
2255 2657 2524 2724 Quoniam
2556 2658 2720 2727 igitur
2753 2660 2972 2729 sanguis
3005 2661 3094 2715 ille
3127 2663 3313 2730 prasti-

1763 2751 1853 2806 dio
1887 2759 1940 2804 et
1969 2751 2147 2805 tutelae
2179 2751 2311 2816 fuit,
2345 2765 2413 2804 ne
2448 2750 2770 2804 laederentur
2798 2750 2866 2803 ab
2895 2751 3314 2807 exterminatore

1762 2842 1855 2912 qui
1906 2841 1959 2894 in
2000 2842 2181 2910 aliqua
2212 2843 2376 2897 domo
2419 2841 2687 2910 degerent,
2726 2841 2918 2895 merito
2953 2840 3142 2908 David,
3188 2859 3314 2897 san-

1765 2930 1942 3000 guinis
1985 2930 2132 2984 illius
2167 2933 2485 2985 memoriam
2529 2933 2740 2986 occulte
2776 2931 3016 2995 faciens,
3061 2935 3314 3001 Aspcrges

1764 3039 1864 3087 me,
1891 3023 2084 3092 inquit,
2112 3023 2492 3092 Ityss0p0,ctc.,
2525 3023 2856 3077 adumbrans
2883 3024 3312 3091 purificationem

112 3116 226 3168 ατοῦ
261 3115 432 3186 ἀμ.νοῦ
468 3116 832 3186 γενησομένην
862 3116 1060 3169 ἅπασιν
1120 3116 1508 3186 ἀποκάθαρσιν,
1573 3117 1662 3171 καὶ

1767 3114 1913 3168 illam
1949 3116 2204 3170 omnibus
2232 3131 2326 3186 per
2356 3116 2674 3186 sanguinem
2705 3117 2812 3169 veri
2847 3116 2969 3184 agni
3004 3115 3202 3170 Christi
3234 3115 3314 3169 l’a-

109 3206 415 3277 γλιχόμενος
434 3199 544 3258 οἷον
570 3203 768 3274 ταύτης
790 3207 991 3273 τυχεῖν,
1017 3205 1051 3272 ἢ
1080 3204 1212 3272 μόνη
1231 3204 1469 3273 ἀκριϐῶς
1498 3207 1660 3276 potat

110 3296 316 3350 δύναται
341 3297 435 3348 καὶ
469 3294 643 3363 χιόνος
668 3293 836 3344 θεῖναι
872 3291 1209 3361 λευκότερον.

184 3388 491 3450 Ἆκουτιεῖς
546 3400 623 3452 με
695 3383 1052 3452 ἀγαλλίασιν
1103 3383 1200 3436 καὶ
1261 3386 1660 3453 εὐφροσύνην.

121 3479 406 3547 ’Δκουστήν
443 3494 531 3546 μοι
565 3473 832 3543 γενέσθαι,
861 3475 1011 3544 φησὶ,
1040 3476 1475 3545 παρασκευάσεις
1501 3477 1661 3530 πάλιν

108 3571 185 3622 διὰ
213 3569 304 3623 τοῦ
333 3569 640 3639 πνεύματος
669 3567 765 3637 τὴν
811 3568 867 3618 ἐν
907 3567 1152 3636 ἐσχάτοις
1177 3570 1380 3638 καιροῖς
1405 3568 1664 3639 ἐσομένην

109 3660 413 3726 ἀγαλλίασιν
458 3660 550 3711 καὶ
601 3656 952 3728 εὐφροσύνην.
1003 3657 1098 3720 Τίς
1151 3656 1206 3710 δὲ
1253 3657 1318 3710 ἂν
1347 3659 1431 3725 εἴη
1459 3657 1661 3730 αὖτηῆ

109 3753 277 3822 εκείνη
303 3754 334 3822 ἡ
373 3751 575 3818 γνῶσις
601 3753 632 3820 ὴ
667 3749 794 3819 περὶ
821 3748 1188 3811 ἀναστάσεως,
1237 3749 1303 3819 ἢν
1325 3749 1557 3812 ἐδίδαξεν
1589 3751 1664 3800 εί-

109 3840 249 3904 πὼν,
332 3841 829 3908 Ἀταλλιάσονται
905 3837 1085 3891 ὀστέα
1164 3840 1662 3908 seruauit-mpera;

111 3933 233 3985 Πότε
261 3933 318 3985 δὲ
358 3929 774 3998 ἀγαλλιάσονται
816 3928 883 3981 τὰ
926 3929 1242 3999 σεσημμένα
1268 3930 1422 3999 ἡμῶν
1451 3932 1580 3983 ὀστᾶ
1626 3932 1658 4002 ἢ

109 4022 236 4075 κστά
283 4023 372 4076 τὸν
420 4022 522 4091 τῆς
557 4019 904 4083 ἀναστάσεως
937 4020 1148 4091 καιρὸν,
1197 4021 1316 4073 καθ’
1340 4021 1418 4084 ὃν,
1448 4021 1521 4084 ὡς
1546 4022 1662 4077 ἔτι-

117 4109 195 4176 pd;
232 4127 360 4179 φησι
411 4111 714 4180 προφήτης,
775 4111 850 4163 Τὰ
894 4107 1044 4164 ὀστᾶ
1092 4108 1257 4179 ἡμῶν
1303 4111 1382 4176 ὡς
1430 4111 1660 4181 βοτάνη

109 4196 420 4262 ἀνατελεῖς
471 4195 915 4268 Ἀγαλλιάσεται
949 4199 1130 4252 ὀστέα
1177 4202 1657 4270 τεταπεινωμένα.

121 4285 520 4353 ’Δγαλλιάσεται
547 4291 582 4359 ἡ
626 4287 776 4358 ἰσχὺς
820 4288 920 4358 τῆς
943 4287 1116 4360 ψυχῆς
1143 4308 1264 4362 μου,
1293 4292 1374 4345 ὅτι
1404 4292 1662 4363 πρότερον

110 4378 202 4431 ὑπὸ
226 4380 321 4449 τῆς
343 4381 615 4450 ἁμαρτίας
656 4380 969 4435 ἀσθενοῦσα.

1765 3206 2034 3272 ciendam,
2053 3216 2105 3261 et
2130 3215 2392 3276 exoptans
2420 3208 2566 3262 illam
2593 3223 2714 3276 quas
2735 3207 2848 3262 sola
2873 3216 3046 3278 potest
3077 3206 3313 3278 perfecte

1764 3311 1994 3364 purgare
2017 3307 2070 3350 et
2098 3298 2220 3351 nive
2245 3299 2610 3353 caudidiorem
2644 3299 2876 3354 efﬁcere.

1834 3385 1921 3439 10.
1961 3385 2180 3439 Λιιάὶιυὶ
2211 3401 2322 3440 meo
2359 3387 2507 3440 dabis
2546 3389 2794 3457 gaudium
2818 3400 2866 3444 et
2896 3389 3155 3445 tatitiam.
3205 3387 3313 3444 Cu-

1763 3478 1942 3542 rabis,
2012 3479 2219 3547 inquit,
2279 3489 2337 3532 ut
2390 3479 2574 3532 auditu
2613 3480 2878 3548 excipiam
2918 3495 3013 3549 per
3061 3481 3310 3550 spiritum

1764 3569 1908 3622 illam
1933 3572 2228 3638 postremis
2253 3572 2584 3640 temporibus
2626 3571 2863 3624 futuram
2897 3573 3310 3627 exsultationem

1762 3663 2099 3716 ctlaatitiam.
2149 3660 2280 3728 Qua:
2327 3673 2505 3717 autem
2552 3663 2639 3717 illa
2689 3662 2882 3729 fuerit,
2937 3663 3042 3716 nisi
3073 3664 3312 3734 cognitio

1763 3753 1850 3806 illa
1915 3755 2366 3817 resurrectionis,
2424 3771 2584 3824 quam
2641 3757 2790 3810 hisce
2839 3756 3017 3811 verbis
3079 3757 3308 3811 docuit:

1764 3845 2116 3898 Exsultabunt
2159 3862 2278 3899 ossa
2321 3846 2647 3899 Itttmtliata?
2696 3848 2923 3913 Quando
2964 3858 3142 3903 autem
3186 3865 3310 3906 ossa

1761 3945 1946 3990 nostra
1988 3937 2200 4006 putrida
2229 3937 2576 3990 cxsultabunt
2599 3976 2615 4000 ,
2659 3939 2764 3992 nisi
2796 3949 3037 4007 tempore
3065 3954 3309 3994 resurre-

1760 4030 1978 4094 ctionis,
2009 4045 2137 4098 quo,
2157 4041 2216 4084 ut
2242 4031 2316 4083 ait
2339 4030 2476 4085 alius
2498 4029 2774 4100 propheta,
2797 4028 2929 4085 Ossa
2953 4041 3131 4084 nostra
3156 4033 3309 4101 quasi

1761 4123 1917 4176 herba
1944 4124 2306 4193 germinabuut
2331 4123 2416 4175 υτ
2473 4122 2826 4177 Exsultabuut
2855 4139 2974 4177 ossa
3013 4123 3303 4175 humiliata.

1763 4213 2065 4270 Exsultahit
2099 4218 2264 4270 robur
2290 4216 2482 4270 anima:
2507 4231 2669 4280 mete,
2710 4231 2831 4286 quae
2855 4215 3008 4286 prius
3044 4215 3145 4271 sub
3177 4230 3302 4286 pec-

1762 4314 1882 4361 cato
1913 4305 2124 4360 infirma
2153 4316 2290 4361 erat.

183 4469 581 4537 Ἀπόστρεψον
605 4469 668 4522 τὸ
694 4472 1016 4539 πρόσωπόν
1041 4486 1154 4525 σου
1181 4473 1296 4527 ἀπὸ
1344 4473 1461 4527 τῶν
1478 4475 1658 4544 ἁμαρ·

1833 4482 1917 4535 Η.
1955 4483 2135 4535 Averte
2161 4483 2346 4551 [aciem
2377 4495 2518 4537 tuam
2549 4501 2581 4538 a
2607 4487 2831 4553 peccatis
2867 4489 3014 4541 meis.
3071 4485 3308 4543 Rursum

110 4557 237 4611 τιὼν
259 4577 401 4628 μου.
430 4560 596 4613 Πάλιν
615 4562 706 4614 ἐπὶ
725 4564 822 4633 τὴν
849 4563 1232 4634 ἐξομολόγησιν
1280 4566 1581 4637 ἀνατρέχει.

177 4652 433 4720 Καρδίαν
463 4651 728 4719 καθαρὰν
765 4655 975 4707 κτίσον
1009 4655 1077 4707 ἐν
1105 4656 1251 4724 ἐμοὶ,
1288 4661 1318 4710 ὀ
1355 4660 1515 4724 Θεός,
1548 4659 1656 4728 Τὴν

111 4742 495 4798 παλαιωθεῖσάν
540 4763 660 4816 μου,
689 4747 837 4815 φησὶ,
890 4747 1066 4818 ψυχὴν
1112 4749 1524 4821 σεσαθρωμένην
1554 4751 1656 4803 ὑπὸ

110 4832 195 4902 τῆς
244 4837 521 4906 ἁμαρτίας
589 4838 950 4895 ἀνακαίνισον.
1017 4841 1125 4894 Καὶ
1193 4843 1426 4910 πνεῦμα
1485 4844 1656 4908 eam

107 4922 440 4990 ὲγιαίνισον
465 4926 533 4978 ἐν
570 4928 689 4994 τοῖς
715 4925 980 4997 ἑγκάτοις
1003 4947 1138 4997 μου.
1178 4931 1319 4984 Ἀντὶ
1347 4931 1460 4994 τοῦ,
1490 4933 1656 5004 ἑδραῖ-

107 5027 174 5062 w
203 5016 387 5085 ὅμοιον
417 5016 549 5068 ὡσεὶ
579 5017 1072 5087 λέγειοἊσφάλισαι
1102 5021 1190 5074 τὸν
1225 5023 1348 5076 νοῦν
1387 5022 1481 5075 τοῦ
1518 5041 1653 5095 μηκ-

111 5102 180 5155 έτι
216 5101 352 5159 εἶναι
387 5105 604 5159 εὕκο).ον
631 5111 985 5163 καταπίπτειν
1013 5113 1090 5174 εἰς
1112 5114 1398 5184 ἁμαρτίαν.

191 5199 295 5252 Kal
337 5200 403 5252 τὸ
444 5198 683 5268 Πνεῦμα
734 5200 800 5253 τὸ
842 5201 1012 5272 ἅγιον
1054 5203 1139 5271 μὴ
1191 5205 1522 5273 ἀντανέλῃς
1551 5208 1650 5261 ἀπ’

110 5288 255 5354 ἐμοῦ.
285 5290 397 5359 (i9)
428 5290 656 5362 Εὔχεται
686 5293 843 5346 πάλιν
891 5294 1104 5365 πνεῦμα
1152 5297 1230 5359 εἰς
1278 5297 1434 5349 αὐτὸν
1482 5298 1651 5352 ἐλθεῖν

110 5379 162 5431 τὸ
193 5384 540 5453 προφητικὸν.
569 5384 966 5450 Καταλε).οιπδς
1017 5387 1124 5459 γάρ
1159 5385 1224 5459 ἦν
1254 5390 1412 5442 αὑτὸν
1445 5391 1530 5445 διὰ
1554 5393 1650 5463 τὴν

113 5469 389 5542 ἁμαρτίαν.

187 5567 228 5598 ⁸⁸
259 5567 429 5624 Exod.
473 5586 570 5636 xu,
600 5574 687 5625 22.
731 5575 774 5604 ⁶’
805 5573 904 5628 lsa.
935 5593 1074 5642 uri,
1104 5580 1185 5632 M.

174 5657 279 5733 (l9)
320 5659 691 5733 interpretatio
740 5665 901 5733 hujus
945 5683 1132 5723 versus
1184 5671 1333 5724 deest
1379 5673 1429 5725 in
1467 5673 1649 5730 codice

115 5725 480 5804 hmbrosiano'
502 5725 829 5804 videturque
857 5752 976 5791 esse
1021 5740 1192 5792 aliena
1225 5760 1235 5792 :
1269 5725 1645 5798 diciturvenim

112 5793 350 5855 Davidem
383 5803 434 5856 in
482 5819 696 5871 poenam
730 5793 932 5873 peccati
976 5809 1216 5864 amisisse
1249 5793 1495 5880 spiritum
1509 5793 1648 5884 ’ρὲὄέ

1762 4573 1826 4626 ad
1851 4573 2244 4630 confessionem
2277 4578 2523 4631 recurrit.

1833 4668 1917 4720 12.
1943 4667 2045 4721 Cor
2075 4672 2326 4722 mundum
2361 4688 2478 4724 crca
2510 4673 2565 4724 in
2596 4689 2710 4736 me,
2749 4671 2909 4728 Deus.
2955 4673 3304 4728 lnvcteratam

1761 4759 2024 4826 animam,
2075 4761 2279 4831 inquit,
2323 4774 2542 4832 peccato
2585 4765 2853 4833 putridam
2901 4778 3177 4822 renovato.
3241 4765 3307 4821 Et

1760 4855 1996 4921 spiritum
2028 4867 2222 4909 rectum
2250 4858 2436 4912 innova
2469 4860 2523 4911 in
2551 4859 2827 4916 visceribus
2854 4863 2999 4916 meis.
3057 4859 3170 4916 Hoc
3203 4871 3306 4923 est,

1760 4946 2006 5009 firmum;
2060 4947 2214 5015 quasi
2269 4948 2460 5001 dicat:
2509 4946 2686 5002 Firma
2727 4958 2780 5003 et
2835 4951 3024 5003 robora
3075 4963 3306 5006 mentem

1758 5051 1954 5097 meam,
1977 5047 2032 5090 ut
2059 5054 2160 5092 non
2192 5041 2418 5094 ulterius
2447 5037 2600 5094 facile
2623 5042 2673 5094 in
2696 5049 2972 5109 peccatum
3009 5043 3236 5098 labatur.

1828 5215 1910 5269 i5.
1947 5214 2016 5269 Et
2046 5216 2300 5284 Spiritum
2335 5228 2576 5273 sanctum
2606 5236 2667 5273 ne
2693 5222 2903 5290 auferas
2935 5239 2966 5276 a
2990 5239 3084 5275 me.
3111 5220 3306 5276 Preca-

1758 5316 1843 5359 tur
1883 5323 2096 5362 rursum
2150 5318 2207 5362 ut
2253 5309 2478 5377 spiritus
2526 5311 2872 5380 propheticus
2909 5314 2961 5366 in
3017 5327 3074 5367 se
3103 5315 3301 5370 veniat.

1757 5401 1932 5456 losum
1967 5405 2108 5458 enim
2134 5415 2353 5474 propter
2379 5419 2655 5475 peccatum
2691 5409 2996 5477 reliquerat.

1753 5682 1967 5750 phetite,
2005 5693 2060 5737 et
2094 5699 2280 5753 rogare
2325 5695 2382 5738 ut
2424 5688 2524 5741 sibi
2549 5688 2739 5740 iterum
2784 5689 3145 5750 concedatur.
3183 5707 3302 5745 cum

1755 5763 1940 5829 contra
1987 5755 2040 5806 in
2085 5755 2416 5829 tArgumenta
2449 5757 2658 5809 dicatur
2699 5760 2841 5812 hunc
2875 5760 3140 5829 psalmum
3184 5775 3300 5829 pro-

1755 5822 1969 5889 phetice
1996 5822 2259 5893 scriptum
2293 5841 2432 5879 esse.
