4102 6312
771 356 880 414 965

844 474 930 528 14.
961 472 1132 528 Redde
1162 473 1289 526 mihi
1315 471 1554 530 ltetitiam
1580 473 1833 525 salutaris
1867 473 1963 526 tui.
1993 471 2105 527 Hoc
2125 472 2191 526 ad
2219 473 2318 525 bu-
2348 482 2394 532 Α

772 582 992 622 manum
1022 582 1189 636 genus
1217 581 1377 619 omne
1409 565 1660 619 refertur.
1700 564 1958 619 Laetitiam
1981 564 2198 634 quidem
2227 579 2316 618 sa-

769 659 980 722 lutaris,
1029 660 1315 712 adventum
1351 655 1560 710 Domini
1590 665 1779 716 vocat.
1813 656 1968 724 juxta
1999 656 2125 708 illud
2162 670 2190 708 a
2217 653 2320 724 Sy-

770 765 961 804 tneone
985 750 1186 804 dictum
1217 749 1262 779 ⁸³
1289 767 1302 801 :
1335 746 1473 812 Quia
1500 749 1735 800 viderunt
1767 747 1906 800 oculi
1947 748 2046 798 mei
2088 746 2321 800 salutare

772 854 937 895 tuum.
983 843 1150 910 Rogat
1201 851 1379 894 autem
1420 849 1478 893 ut
1526 841 1670 894 illius
1721 841 1991 910 particeps
2036 839 2316 893 efﬁciatur.

771 932 841 986 Et
891 934 1079 1002 spiritu
1121 931 1402 1000 principali
1451 932 1704 998 conﬁrma
1737 947 1836 984 me.
1893 929 2063 995 Quem
2114 938 2319 984 rectum

774 1027 1025 1096 superius
1059 1027 1269 1080 vocavit
1297 1026 1542 1095 spiritum
1562 1065 1576 1089 ,
1605 1024 1694 1078 llic
1721 1023 2069 1092 principalem
2092 1032 2268 1078 vocat.

838 1201 927 1256 15.
960 1201 1162 1256 Docebo
1191 1204 1398 1272 iniquos
1433 1204 1542 1256 vias
1577 1211 1714 1256 tuas.
1762 1201 2047 1272 Postquam
2072 1243 2086 1267 ,
2123 1202 2318 1271 inquit,

767 1309 855 1345 me
896 1309 924 1347 a
980 1303 1200 1363 peccato
1243 1293 1580 1360 liberaveris,
1641 1294 1823 1347 statim
1874 1295 2005 1348 mihi
2055 1295 2320 1349 concedas

771 1383 1031 1453 Spiritum
1067 1394 1316 1438 sanctum
1353 1394 1527 1438 tuum.
1583 1384 1737 1439 Tunc
1779 1392 1959 1440 autem
1994 1384 2320 1455 praevarica-

768 1483 914 1527 tores
947 1474 1151 1528 docebo
1183 1475 1429 1528 incedere
1451 1475 1567 1528 vias
1597 1484 1737 1529 tuas.

843 1565 925 1617 16.
962 1563 1149 1617 Libera
1183 1581 1261 1618 me
1288 1566 1350 1619 de
1381 1567 1722 1636 sanguinibus
1747 1606 1760 1631 ,
1793 1565 1932 1620 Deus
1961 1566 2093 1620 Deus
2130 1565 2319 1619 salutis

767 1671 913 1710 meaz.
939 1653 1176 1709 Rursum
1209 1671 1308 1725 pro
1336 1657 1479 1710 caede
1500 1655 1641 1711 Uriae
1671 1659 2116 1727 supplicationem
2144 1658 2317 1720 atl‘ert,

769 1755 829 1799 ut
859 1747 1038 1816 aliquo
1086 1748 1247 1802 modo
1294 1764 1357 1802 ex
1410 1749 1528 1817 ejus
1576 1749 1868 1817 pollutione
1900 1751 2160 1804 liberetur
2193 1767 2207 1804 :
2239 1749 2320 1804 vel

1610 354 1664 408 S.
1710 352 2081 409 ATHANASH
2119 352 2266 408 OPP.
2310 351 2490 406 PARS
2527 349 2614 404 lll.
2657 379 2726 389 —
2761 347 3166 404 EXEGETICA.
3881 343 3969 403 244

2502 469 2738 534 Ἀπόδος
2758 485 2858 536 μοι
2885 468 2998 533 τὴν
3024 467 3384 536 ἀταλλίασιν
3401 477 3503 515 του
3533 476 3828 528 σωτηριου
3845 476 3966 516 σου.

2427 563 2518 624 Εἰς
2546 561 2686 613 ὄιτταν
2706 559 2767 612 τὸ
2797 559 2901 611 τῶν
2927 555 3224 628 ἀνθρώπων
3241 553 3394 620 γένος
3423 554 3770 624 ἀναφέρεται.
3805 552 3968 620 Ἀγαλ-

2426 653 2599 705 λίασιν
2633 651 2729 721 μὲν
2756 649 3018 718 σωτηρίου
3047 647 3144 716 τὴν
3176 644 3472 716 παρουσίαν
3520 642 3612 696 τοῦ
3647 643 3853 714 Κυρίου
3878 661 3969 714 φη-

2429 744 2499 807 σὶ,
2535 743 2674 796 κατὰ
2704 742 2764 793 τὸ
2798 742 3081 811 εἰρημένον
3118 737 3223 790 ὑπὸ
3253 736 3344 788 τοῦ
3383 733 3621 805 Συμεών·
3649 736 3767 786 Ὅτι
3825 731 3970 787 εἶδον

2425 835 2478 884 ol
2512 831 2802 900 ὀφθαλμοί
2855 846 2972 898 μου
3013 828 3078 881 τὸ
3134 826 3429 894 σωτήριόν
3479 841 3609 879 σου·
3662 823 3878 894 εὔχεται
3924 824 3971 876 δὲ

2426 923 2519 974 καὶ
2558 920 2717 982 αὐτὸς
2742 917 2905 972 αὑτοῦ
2941 917 3277 987 μεταλαϐεῖν.
3319 915 3423 968 Καὶ
3458 915 3744 982 πνεύματι
3775 915 3971 982 mtuo-

2424 1010 2570 1076 νικῷ
2605 1009 2893 1077 στήριξόν
2944 1025 3036 1077 με.
3069 1008 3244 1077 ’Ὅπερ
3273 1003 3422 1059 εἶπεν
3473 1006 3726 1075 ἀνωτέρω
3768 1004 3972 1074 πνεῦμα

2426 1103 2598 1164 εὑθὲς,
2630 1101 2860 1154 ἐνταῦθα
2893 1099 3213 1171 ἡγεμονικὸν
3243 1099 3416 1153 καλεῖ.

2495 1191 2717 1254 Διδάξω
2767 1193 3027 1259 ἀνόμους
3080 1191 3185 1256 τὰς
3236 1189 3414 1254 ὁδούς
3453 1204 3588 1243 σου.
3635 1188 3850 1259 Ἐπειδὴ
3894 1187 3972 1251 ἂν,

2426 1282 2576 1352 φησὶ,
2608 1281 2906 1354 ῥυσάμενος
2943 1297 3009 1351 με
3040 1283 3139 1351 τῆς
3168 1280 3454 1350 ἁμαρτίας,
3498 1275 3650 1342 αὖθις
3691 1279 3888 1342 ὲπιδιῖις
3916 1295 3974 1348 με

2424 1375 2484 1427 τὸ
2518 1375 2608 1427 σὸν
2637 1373 2789 1442 ἆγιον
2816 1373 3059 1443 Πνεῦμα.
3101 1373 3234 1424 Τότε
3259 1373 3322 1442 δὴ
3362 1372 3520 1426 πάλιν
3565 1371 3662 1434 τὰς
3710 1373 3808 1434 σας
3834 1372 3977 1434 ὁδοὺς

2427 1463 2656 1534 βαδίζειν
2687 1463 2881 1529 διδάξω
2905 1467 3029 1528 τοὺς
3052 1463 3502 1536 παραϐαίνοντας.

2507 1555 2718 1609 Ῥῦσαι
2763 1572 2838 1623 με
2875 1553 2942 1618 ἐξ
3001 1553 3283 1623 αἱμάτων,
3341 1557 3374 1606 d
3422 1552 3564 1620 Θεὸς
3603 1556 3636 1607 ό
3684 1551 3828 1618 Θεὸς
3875 1551 3974 1620 τῆς

2425 1649 2721 1716 σωτηρίας
2746 1666 2885 1716 μου.
2919 1647 3085 1702 Πάλιν
3137 1647 3410 1719 ἱκετηρίαν
3459 1647 3598 1718 ὑπὲρ
3626 1646 3720 1700 τοῦ
3756 1645 3852 1699 τοῦ
3886 1648 3978 1700 01')-

2431 1740 2540 1810 ρίου
2589 1741 2748 1808 φόνου
2779 1739 3008 1802 τίθεται,
3046 1741 3189 1802 ὅπως
3235 1739 3303 1792 ἂν
3342 1737 3559 1808 ρυσθείη
3609 1737 3701 1791 τοῦ
3737 1737 3798 1802 ὲξ
3823 1737 3980 1792 αὑτοῦ

768 1839 969 1906 potius,
1002 1839 1065 1892 de
1094 1841 1458 1908 sanguinibus,
1490 1841 1540 1894 id
1566 1850 1648 1896 est
1675 1841 1742 1897 de
1771 1841 2050 1897 sacriﬁciis
2077 1857 2171 1912 per
2197 1857 2323 1895 san-

2430 1831 2685 1901 μιασμοῦ·
2737 1831 2770 1902 ἢ
2819 1830 3037 1902 μᾶλλον,
3070 1830 3138 1894 ἐξ
3169 1831 3446 1900 αἱμάτων,
3503 1829 3612 1882 τῶν
3661 1829 3727 1882 δι’
3759 1832 3980 1900 αἵματος

769 1929 986 1995 guinem
1024 1928 1217 1994 factis,
1261 1940 1320 1984 ut
1370 1931 1611 1986 indicant
1647 1948 1769 1999 quae
1805 1933 1858 1986 in
1888 1933 2098 2001 psalmo
2137 1933 2324 1988 subse-

768 2029 1009 2086 quuntur
1030 2021 1108 2074 sic
1137 2039 1148 2073 :
1188 2021 1452 2085 Quoniam
1489 2022 1534 2075 si
1561 2021 1810 2074 uoluisses
1837 2023 2156 2091 sacriﬁcium
2182 2063 2197 2088 ,
2231 2021 2324 2076 de-

767 2112 960 2164 dissem
991 2113 1194 2179 utique,
1226 2121 1330 2165 etc.
1383 2110 1451 2163 Et
1479 2111 1761 2164 exsultabit
1801 2111 1980 2182 lingua
2013 2130 2125 2167 mea
2158 2114 2325 2182 justi-

771 2202 898 2253 tiam
926 2211 1089 2255 tuam.
1136 2199 1249 2255 Hoc
1278 2202 1632 2272 Symmachus
1670 2203 1750 2257 sic
1781 2204 2165 2273 interpretatus
2198 2214 2280 2259 est
2309 2224 2322 2258 :

769 2292 1034 2363 Loquetur
1073 2294 1256 2363 lingua
1296 2311 1412 2348 mea
1453 2297 1870 2349 misericordiam
1911 2305 2095 2348 tuam:
2125 2312 2328 2361 nequa-

769 2400 930 2452 quam
955 2386 1096 2438 enim
1126 2387 1315 2440 tacebo
1337 2402 1460 2440 cum
1489 2387 1702 2440 veniam
1729 2387 1831 2440 sim
1858 2397 2202 2452 consecutus,
2233 2387 2326 2442 sed

768 2478 1021 2532 laudibus
1051 2488 1104 2532 te
1134 2493 1432 2547 prosequar
1453 2520 1468 2543 ,
1509 2488 1562 2533 et
1595 2479 1852 2534 beneﬁcia
1885 2487 1976 2532 tua
1996 2494 2328 2533 commemo-

768 2570 922 2624 rabo.
981 2569 1291 2638 Siquidem,
1346 2571 1454 2635 ait,
1505 2573 1694 2642 legalia
1739 2571 2002 2626 sacriﬁcia
2046 2572 2323 2640 respuisti,

772 2663 1029 2728 quoniam
1088 2677 1190 2716 non
1243 2673 1472 2730 possunt
1523 2673 1742 2732 peccata
1777 2664 2048 2718 dimittere
2079 2681 2092 2715 :
2125 2663 2243 2716 ideo
2274 2664 2326 2716 id

771 2754 915 2820 quod
965 2753 1147 2822 diligis
1180 2753 1354 2809 obtuli
1395 2755 1514 2808 tibi.
1557 2755 1671 2810 Hoc
1714 2765 1894 2808 autem
1939 2764 2021 2809 est
2057 2753 2200 2824 quod
2232 2770 2328 2824 per

771 2843 1149 2911 pcnnitentiam
1182 2851 1236 2897 et
1266 2859 1361 2898 cor
1387 2845 1681 2898 contritum
1710 2843 1956 2900 offertur.

837 3017 926 3072 20.
970 3017 1196 3090 Benigne
1226 3022 1342 3091 (ac,
1380 3022 1635 3090 Domine,
1680 3026 1734 3078 in
1770 3026 1905 3080 bona
1937 3029 2203 3081 uoluntate
2236 3040 2328 3082 tua

769 3106 921 3162 Sion.
957 3109 1084 3164 Sion
1117 3113 1205 3166 hic
1235 3122 1395 3168 vocat.
1429 3113 1750 3169 Ecclesiam.
1784 3116 2012 3182 Quando
2041 3119 2184 3172 enim
2212 3119 2324 3176 Deo

771 3198 916 3252 Patri
949 3201 1147 3268 placuit
1181 3205 1362 3258 omnia
1396 3205 1448 3258 in
1481 3205 1618 3261 Filio
1651 3223 1752 3262 suo
1782 3181 2040 3264 renovare
2061 3251 2075 3273 ,
2122 3219 2248 3266 tunc
2271 3221 2324 3266 et
2352 3181 2394 3240 Ο

771 3289 914 3343 bona
963 3291 1213 3348 Ecclesiae
1250 3311 1360 3350 suze
1413 3298 1682 3366 pollicitus
1725 3309 1826 3356 est.
1883 3300 1951 3355 Et
1997 3304 2324 3372 wdiﬁcentur

773 3386 915 3437 muri
943 3383 1258 3440 Jerusalem.
1292 3387 1473 3444 Muros
1499 3388 1798 3444 Jerusalem
1818 3433 1833 3455 ,
1861 3403 2078 3447 sanctos
2105 3394 2205 3457 ait,
2236 3409 2322 3447 sa-

773 3489 988 3529 crorum
1022 3478 1319 3540 ministros,
1357 3480 1450 3546 qui
1489 3480 1740 3534 muniunt
1773 3479 2068 3537 Ecclesiam
2103 3483 2240 3552 ejus.

842 3748 931 3803 21.
993 3749 1137 3802 Tunc
1179 3752 1472 3819 acceptabis
1511 3754 1830 3822 sacriﬁcium
1860 3755 2108 3823 justitiae.
2161 3755 2320 3820 Cum,

773 3839 981 3907 inquit,
1035 3839 1294 3893 beneﬁcia
1337 3840 1486 3894 Sioni
1511 3843 1738 3907 tribues,
1772 3854 1824 3898 et
1857 3845 2099 3899 aediﬁcati
2123 3844 2324 3900 fuerint

773 3928 915 3981 muri
937 3927 1255 3992 Jerusalem,
1291 3936 1418 3982 tunc
1444 3929 1738 3985 otl‘erentur
1764 3933 2056 3996 sacriﬁcia,
2093 3949 2199 3987 non
2227 3948 2323 4002 per

771 4019 1111 4088 sanguinem,
1133 4022 1224 4075 sed
1249 4023 1495 4091 justitite,
1529 4024 1703 4079 laudis
1729 4026 1955 4080 scilicet.
1994 4025 2322 4079 Oblationem

770 4117 823 4162 ct
856 4109 1182 4173 holocausta,
1228 4113 1453 4180 justitiaa
1483 4116 1690 4169 scilicet
1722 4125 1775 4170 et
1819 4117 2088 4171 incruenti
2117 4119 2322 4172 sacriﬁ-

774 4199 863 4255 cii.
920 4200 1062 4253 Tunc
1110 4204 1368 4271 imponent
1413 4222 1567 4274 super
1613 4208 1781 4261 altare
1819 4217 1963 4260 tuum
2001 4208 2210 4263 vitulos.
2258 4208 2324 4263 Et

772 4290 921 4360 ipsos
948 4293 1450 4362 (vitttlosjjustitiaa,
1484 4307 1542 4351 ut
1575 4299 1684 4352 sint
1714 4300 1893 4353 omnia
1930 4300 2190 4369 justitite,
2235 4317 2324 4356 sa-

774 4381 995 4444 criticia,
1021 4384 1324 4441 oblationes
1355 4389 1593 4444 iustitiaa.
1619 4389 1935 4444 holocausta
1960 4391 2208 4460 justitize,
2243 4394 2322 4445 vi-

774 4473 871 4526 tuli
896 4473 1136 4541 justitiam

1126 4563 1224 4617 Hic
1246 4566 1433 4619 desinit
1464 4565 1651 4618 Daniel
1683 4565 1964 4622 Barbarus.

2426 1923 2643 1987 θυσιῶν,
2677 1924 2840 1987 ὼςτὰ
2873 1924 3182 1992 ὲπαγόμενα
3226 1923 3317 1976 τοῦ
3372 1921 3583 1993 ψαλμοῦ
3630 1922 3982 1976 διαδείκνυσιν

2426 2013 2664 2075 εἰπόντος
2685 2028 2698 2041 ·
2759 2014 2913 2076 Ὅτι,
2981 2014 3034 2065 εί
3092 2011 3396 2080 ἠθέλησας
3473 2013 3728 2076 θυσίαν,
3798 2011 3984 2068 ἔδωκα

2426 2102 2500 2158 ἂν
2525 2106 2656 2173 ('20),
2716 2105 2809 2158 καὶ
2864 2105 2933 2157 τὰ
2977 2103 3120 2175 ἑξῆς.
3190 2104 3630 2173 Ἁγαλλιάσεται
3677 2104 3714 2170 ἠ
3740 2101 3982 2172 γλῶσσά

2423 2214 2538 2264 μου
2590 2195 2703 2262 τὴν
2759 2194 3150 2259 δικαιοσύνην
3206 2209 3344 2248 σου.
3399 2193 3566 2246 Τοῦτο
3622 2196 3650 2246 ὀ
3694 2194 3984 2265 Σύμμαχος

2427 2287 2595 2346 οὓτως
2619 2286 2949 2356 ἡρμήνευσε·
2988 2285 3347 2350 Διαιιαλήσει
3394 2287 3432 2352 ἠ
3460 2283 3708 2353 γλῶσσά
3732 2301 3856 2352 μου
3879 2284 3984 2351 τὴν

2427 2379 2842 2446 ἐλεημοσύνην
2886 2393 3021 2430 σου·
3073 2377 3133 2428 οὐ
3183 2378 3290 2448 γὰρ
3348 2379 3556 2447 σιγήσω
3612 2376 3711 2445 τῆς
3739 2375 3986 2445 ἀφέσεως

2427 2471 2754 2536 ἀπολαύσας,
2801 2470 2914 2522 ἀλλ’
2969 2470 3149 2540 ὑμνῶν
3207 2487 3264 2521 σε
3296 2469 3583 2522 διατελέσω
3613 2469 3706 2521 καὶ¹
3746 2469 3850 2532 τὰς
3894 2468 3986 2529 σὰς

2425 2560 2772 2630 διηγούμενος
2821 2559 3064 2630 χάριτας.
3114 2558 3329 2630 Ἐπειδὴ
3381 2558 3478 2620 τὰς
3539 2559 3595 2610 ὲν
3629 2558 3797 2627 νόμῳ,
3835 2557 3988 2628 φησὶ,

2427 2655 2724 2724 παρῃτήσω
2750 2653 2959 2715 θυσίας,
2977 2654 3035 2704 οὑ
3062 2653 3169 2722 γὰρ
3183 2653 3430 2706 δύνανται
3456 2652 3665 2720 ἀφιέναι
3693 2654 3988 2723 ἁμαρτίας

2425 2747 2613 2797 τούτου
2654 2744 2809 2815 χάριν
2839 2747 2904 2816 ἢν
2934 2745 3226 2815 ἠγάπησάς
3282 2763 3361 2798 σοι
3420 2746 3786 2816 προσήνεγκα.
3842 2745 3989 2814 Δῦτη

2425 2839 2480 2892 δέ
2531 2840 2678 2892 ἐστιν
2729 2839 2762 2908 ὴ
2812 2837 2900 2890 διὰ
2955 2837 3240 2907 μετανοίας
3273 2838 3366 2891 καὶ
3415 2837 3636 2905 καρδίας
3665 2855 3990 2910 συντετριμ-

2431 2927 2615 2997 μένης-

2511 3019 2852 3087 Ἀγὰθυι-ον,
2883 3023 3076 3090 Κύριε,
3132 3023 3201 3074 ἐν
3236 3020 3312 3088 τῇ
3336 3020 3575 3088 εὐδοκία
3605 3035 3720 3074 σου
3751 3021 3872 3088 τὴν
3899 3025 3963 3075 Σι
3988 3054 3994 3062 -

2426 3112 2528 3167 ὠν.
2570 3113 2704 3165 Σιὼν
2727 3115 2960 3167 ἐνταῦοα
2981 3116 3080 3184 τὴν
3114 3112 3434 3182 Ἐκκλησίαν
3469 3113 3650 3183 φησίν.
3685 3113 3855 3164 Ὅταν
3892 3114 4000 3183 γὰρ

2425 3205 2721 3276 ηὐδόκησεν
2753 3209 2780 3259 ὁ
2841 3206 2974 3269 θεὸς
3031 3206 3124 3259 καὶ
3179 3205 3364 3275 Πατὴρ
3415 3205 3895 3272 ἀνακεφαλαιῶσαι
3929 3204 3996 3254 τὰ

2428 3296 2602 3348 πάντα
2640 3299 2695 3346 ὲν
2722 3294 2799 3364 τῷ
2829 3295 2943 3364 Υίῷ
2977 3293 3161 3357 αὐτοῦ,
3187 3295 3307 3347 τότε
3332 3295 3422 3346 καὶ
3454 3295 3550 3357 τὰς
3586 3295 3797 3362 ἀγαθὰς
3830 3293 4000 3348 αὑτοῦ

2427 3387 2492 3454 τῇ
2536 3384 2829 3456 Ἐκκλησία
2855 3385 3016 3437 αὑτοῦ
3051 3384 3279 3436 δέδωκεν
3327 3384 3672 3452 ἐπαγγελίας.
3703 3386 3814 3438 Καὶ
3843 3388 4000 3438 οἱκο-

2427 3475 2734 3544 δομηθήτω
2758 3479 2828 3529 τὰ
2878 3478 3042 3546 τείχη
3083 3475 3481 3544 Ἰερουσαλήμ.
3520 3477 3682 3548 Τείχη
3729 3478 4004 3548 Ἰερουσα-

2427 3567 2537 3638 λὴμ
2568 3570 2692 3631 τοὺς
2746 3568 2930 3636 ἁγίους
2963 3569 3124 3639 φησὶν
3169 3568 3480 3639 ἱερουργοὺς
3518 3570 3640 3631 τοὺς
3693 3570 3995 3640 περιφράτ-

2427 3676 2615 3721 τοντας
2642 3661 2738 3730 τὴν
2777 3660 3094 3730 Ἐκκλησίαν
3126 3658 3308 3713 αὑτοῦ.

2503 3753 2638 3805 Τότε
2681 3749 3031 3816 εὐδοκήσας
3061 3750 3280 3803 θυσίαν
3339 3749 3744 3816 δικαιοσύνης.
3803 3752 4008 3815 Ὅταν,

2430 3843 2610 3912 φησὶν,
2648 3842 2935 3910 ἁγαθυνεῖς
2963 3843 3058 3913 τὴν
3104 3842 3238 3895 Σιὼν
3266 3844 3358 3896 καὶ
3392 3843 3712 3914 οίκοδομηθῇ
3739 3845 3813 3896 τὰ
3843 3845 4009 3915 τείχη

2439 3934 2808 4005 Ἰερουσαλὴμ.
2835 3934 2952 3987 τότε
3005 3933 3066 4004 δὴ
3095 3936 3213 3987 τότε
3263 3935 3355 3988 καὶ
3413 3936 3872 4005 ἀνενεχθήσονται
3909 3937 4010 3990 θυ-

2429 4025 2560 4087 σίαι,
2595 4026 2691 4094 οὐχ
2720 4027 2774 4077 αί
2825 4024 2890 4076 δι’
2920 4026 3184 4094 αἱμάτων,
3219 4025 3336 4078 ἀλλ’
3372 4027 3428 4077 αἱ
3481 4027 3579 4095 τῆς
3623 4025 4011 4091 δικαιοσύνης,

2427 4117 2482 4168 αἱ
2506 4115 2602 4184 τῆς
2621 4115 2875 4177 αἰνέσεως
2897 4115 3153 4184 δηλονότι.
3189 4115 3520 4183 Ἀναφορὰν
3538 4115 3632 4166 καὶ
3657 4114 4015 4169 ὁλοκαυτώ-

2423 4225 2598 4278 ματα,
2631 4209 2722 4263 καὶ
2756 4207 2892 4261 αὐτὰ
2918 4208 2985 4260 τὰ
3023 4208 3120 4276 τῆς
3143 4208 3481 4276 δικαιοσύνης
3508 4207 3600 4259 καὶ
3622 4207 3691 4259 τὰ
3718 4208 3827 4276 τῆς
3856 4210 4017 4262 ἀναι-

2431 4297 2635 4367 μάκτου
2667 4297 2855 4360 θυσίας
2893 4297 3058 4367 δηλοῖ.
3095 4300 3228 4351 Τότε
3279 4298 3635 4350 ἀνοίσουσιν
3666 4297 3762 4350 ἐπὶ
3802 4298 3878 4350 τὸ
3907 4304 4018 4352 θυ-

2428 4387 2779 4454 σιαστήριόν
2797 4404 2910 4440 σου
2929 4389 3218 4456 μόσχους.
3253 4388 3360 4441 Καὶ
3384 4389 3578 4450 αὐτοὺς
3617 4387 4014 4457 δικαιοσύνης.

2428 4478 2566 4531 ὥστε
2597 4475 2733 4532 εἶναι
2781 4479 2954 4532 πάντα
3009 4479 3382 4549 δικαιοσύνης,
3430 4479 3651 4542 θυσίας,
3713 4480 4023 4554 ἀναφορὰς

2424 4570 2793 4640 δικαιοσύνης,
2852 4571 3271 4642 ὁλοκαυτώματα
3325 4571 3689 4641 δικαιοσύνης,
3752 4572 4021 4642 μότιίους

2423 4661 2781 4732 δικαιοσύνης.

2424 4757 2527 4820 Εἰς
2558 4756 2621 4808 τὸ
2648 4758 2843 4820 τέλος,
2875 4757 3175 4824 συνέσεως
3206 4756 3284 4822 τῷ
3345 4755 3542 4820 Δαυῒδ,
3579 4756 3648 4810 ἐν
3672 4755 3757 4821 τῷ
3797 4757 4028 4812 ἐλθεῖν

2495 4849 2659 4914 Δωὴκ
2692 4847 2797 4899 τὸν
2840 4848 3168 4915 Ἰδουμαῖον
3195 4850 3288 4901 καί
3315 4847 3654 4916 ἀναγγεῖλαι
3686 4847 3773 4912 τῷ
3807 4851 4029 4903 Σαοὺλ

2495 4938 2591 4990 καὶ
2630 4939 2816 4990 εἰπεῖν
2866 4937 3045 5003 αὐτῷ·
3109 4935 3284 4993 Ἦλθε
3325 4938 3502 4992 Δαυτΰ
3542 4941 3630 5003 εἰς
3677 4936 3800 4989 τὸν
3844 4936 4033 4992 οἶκον

2511 5031 2829 5100 Ἀϐιμέλεχ.
2859 5033 2981 5084 NA'.

782 4754 829 4808 1.
861 4752 927 4808 In
955 4756 1131 4824 ﬁnem,
1160 4757 1449 4811 intellectus
1480 4757 1672 4812 David.
1709 4757 1840 4812 Cum
1863 4762 2002 4814 uenit
2035 4760 2168 4816 Doec
2192 4762 2318 4817 ldu-

845 4861 1004 4899 mazus
1030 4855 1077 4899 et
1107 4849 1362 4900 nuntiavit
1397 4847 1548 4903 Sauli
1576 4866 1593 4902 :
1637 4849 1784 4903 Venit
1819 4851 1985 4906 Dauid
2026 4855 2082 4906 in
2109 4855 2321 4908 domum

847 4938 1163 4994 Abimeleclt.
1214 4939 1311 4994 LI.

1354 5116 1749 5184 Argumentum.

779 5203 1006 5268 Quando
1049 5204 1185 5274 fugit
1214 5206 1379 5260 David
1407 5222 1438 5258 a
1479 5205 1618 5260 facie
1645 5205 1825 5259 Saulis
1861 5205 1915 5259 in
1948 5207 2168 5261 domum
2191 5209 2324 5263 Abi-

848 5297 1073 5363 melech,
1103 5313 1166 5351 ac
1186 5297 1252 5351 de
1280 5298 1513 5366 panibus
1536 5298 1871 5352 sacerdotum
1897 5299 2148 5362 comedit,
2175 5315 2326 5354 acce-

847 5389 1033 5458 pitque
1056 5389 1223 5444 Golia:
1255 5389 1490 5459 gladium
1514 5429 1530 5454 ,
1572 5387 1870 5442 abscedens
1905 5388 2173 5457 quispiam
2213 5405 2323 5444 rem

850 5481 1119 5534 nuntiavit
1149 5480 1295 5533 Sauli
1318 5481 1381 5533 εδ.
1420 5479 1548 5533 Erat
1576 5489 1753 5532 autem
1780 5479 1825 5532 is
1859 5477 1996 5533 Doec
2027 5477 2199 5550 Syrus
2230 5481 2323 5548 qui

852 5571 895 5603 "
929 5571 1057 5628 Luc.
1089 5589 1148 5637 ll,
1173 5573 1257 5625 30.
1330 5573 1374 5603 ⁸⁸⁵
1407 5571 1424 5624 l
1452 5570 1579 5642 Reg.
1614 5587 1728 5634 XXI,
1773 5570 1916 5624 1-10.

3067 5122 3080 5140 '
3091 5123 3390 5188 Υπόθεσις.

2442 5210 2626 5263 Ἦνίκα
2652 5210 2814 5279 ἔφυγε
2843 5210 3002 5265 Δαυῗδ
3034 5211 3141 5264 ἀπὸ
3168 5211 3454 5282 προσώπου
3481 5210 3673 5273 Σαοὺλ,
3708 5213 3828 5265 καὶ
3897 5232 4036 5267 κατ-

2501 5299 2636 5370 ήχθη
2697 5301 2907 5368 φεύγων
2955 5298 3099 5355 οἷκον
3170 5301 3472 5371 Ἀϐιμέλεχ,
3535 5301 3642 5352 τῶν
3692 5317 3769 5354 τε
3837 5305 4038 5373 ἄρτων

2500 5392 2606 5444 τῶν
2637 5393 2822 5462 ἱερέων
2858 5395 3134 5460 ἐγεύσατο,
3162 5396 3261 5464 τήν
3290 5411 3348 5445 τε
3379 5392 3644 5464 ῥομφαίαν
3663 5393 3774 5445 τοῦ
3821 5395 4036 5449 Γολιὰθ

2499 5485 2760 5540 δέδεκταιο
2824 5488 3069 5541 ἀπελθών
3123 5505 3203 5550 τις
3275 5486 3604 5555 ἀπαγγέλλει
3679 5488 3891 5543 ταῦτα
3956 5491 4038 5559 τῷ

851 5662 968 5786 (2?)t
1003 5664 1136 5719 Cod.
1163 5664 1412 5718 Ambros.
1454 5662 1641 5727 habet,
1691 5661 1755 5714 Αἱ
1788 5664 1844 5714 ὲν
1877 5667 2023 5733 νόμῳ
2078 5663 2256 5716 θυσίαι
2293 5681 2327 5715 οι

809 5747 903 5799 cpe
929 5749 943 5785 ι
973 5749 1055 5788 ur.

2430 5664 2635 5719 Jvatvmt
2700 5669 2912 5737 ἀφιέναι
2947 5670 3233 5742 ἁμαρτίας.
3283 5667 3410 5736 Qua!
3462 5668 3739 5724 sententia
3785 5671 4038 5730 inferius

783 5749 1055 5788 reDellllH'.
