4086 6308
165 322 268 380 S45

236 531 608 604 ἐξεπολέμωσε
633 537 729 605 τὴν
744 538 914 609 ψυχὴν
940 540 1031 593 τοῦ
1046 541 1234 604 Σαοὺλ,
1250 542 1324 604 ὡς
1340 542 1728 598 ἀποστείλαντα

237 624 416 676 πᾶσαν
465 624 562 694 τὴν
615 627 767 681 πόλιν
807 629 913 681 τῶν
957 630 1144 698 ἱερέων
1190 631 1416 693 ἀνελεῖν,
1457 634 1549 686 καὶ
1596 633 1729 704 μηδὲ

237 719 466 781 κτήνους
491 716 670 768 αὐτῶν
695 718 996 786 φείσασθαι.
1055 719 1235 772 Ταῦτα
1284 717 1374 773 οὖν
1422 721 1670 790 ἀκηκοὼς
1704 723 1731 774 ὁ

235 804 398 856 Δαυῖδ
455 805 524 857 τὰ
575 809 904 879 προκείμενα
953 811 1120 878 λέγει,
1172 813 1250 875 είς
1312 812 1596 881 πρόσωπον
1636 812 1728 864 τοῦ

238 895 414 965 Σύρου
446 898 878 969 ἀποτεινόμενος.
909 903 1059 970 Ἔχει
1082 902 1137 955 δὲ
1171 905 1265 955 καὶ
1319 904 1594 975 ἀναφορὰν
1637 907 1730 956 καὶ

239 989 318 1047 είς
363 987 424 1039 τὸ
477 989 568 1041 τοῦ
630 992 891 1045 Ἰουδαίων
961 992 1089 1046 λαοῦ
1158 995 1445 1065 πρόσωπον
1503 994 1728 1046 καὶτοῦ

253 1079 444 1132 Ἰούδα.
477 1081 722 1152 Περιέχει
755 1083 808 1135 δὲ
858 1085 948 1136 καὶ
992 1085 1208 1152 ἀγαθῶν
1239 1087 1563 1154 ἐπαγγελίαν
1624 1086 1730 1138 τῶν

241 1171 538 1239 ἐσομένων,
577 1175 666 1226 καὶ
706 1177 800 1246 τὴν
835 1177 891 1228 ἐν
941 1175 1018 1245 τῷ
1042 1178 1172 1247 οἴκῳ
1200 1178 1294 1230 τοῦ
1347 1178 1479 1229 Οεοῦ
1527 1178 1730 1247 ἵδρυσιν

237 1261 347 1312 τῶν
376 1261 542 1328 ἁγίων
564 1266 748 1329 αὐτοῦ,
784 1267 868 1319 διὰ
904 1268 996 1320 τοῦ
1039 1268 1233 1336 λέγειν·
1279 1270 1416 1337 Ἐγὼ
1471 1269 1538 1321 δὲ
1590 1270 1730 1322 ὡσεὶ

236 1353 411 1406 ἐλαία
454 1357 922 1426 κατάκαρποςέν
955 1360 1034 1426 τῷ
1067 1363 1210 1426 οἴκῳ
1262 1363 1369 1416 τοῦ
1424 1363 1590 1417 Θεοῦ.
1643 1365 1732 1416 Διὸ

238 1440 302 1512 δὴ
343 1443 437 1494 καὶ
470 1445 773 1512 συνέσεως
802 1450 890 1501 καὶ⁵
918 1453 1003 1515 είς
1027 1450 1092 1503 τὸ
1122 1451 1294 1516 τέλος
1323 1453 1680 1522 ἐπιγράφεται
1704 1454 1732 1504 ὁ

240 1534 473 1603 ψαλμός.
520 1537 689 1601 Χρεία
732 1539 837 1609 γὰρ
870 1541 1066 1610 πολλῆς
1100 1541 1362 1608 συνέσεως
1389 1545 1468 1607 είς
1494 1545 1555 1596 τὸ
1585 1561 1725 1612 γνω-

245 1626 397 1695 ρίσαι
431 1628 526 1697 τῆς
585 1630 891 1701 οἰκονομίας
928 1631 1020 1684 τοῦ
1066 1635 1202 1688 κατὰ
1253 1636 1426 1706 σάρκα
1485 1636 1645 1690 Δαυῖδ
1673 1638 1731 1690 τὸ

243 1719 560 1786 μυστήριον.

249 1807 309 1858 Τί
369 1808 634 1878 ἐγκαυχᾷ
665 1813 734 1863 ἐν
769 1815 967 1881 κακίᾳ,
1011 1819 1042 1868 ό
1099 1816 1387 1882 δυνατός;
1451 1817 1537 1879 Ὠς
1593 1818 1730 1886 πρὸς
1764 1799 1803 1849 Β

168 1901 329 1952 αὑτὸν
367 1902 457 1954 τὸν
491 1903 675 1973 Σύρον,
712 1904 856 1974 ῆτδν
890 1909 1247 1979 ὲνεργήσαντα
1276 1911 1332 1961 ὲν
1383 1908 1530 1978 αὐτῷ
1557 1910 1732 1962 διάϐο-

167 1993 279 2054 λον,
301 1993 573 2046 ἀποτείνει
601 1997 689 2048 τὸν
722 1997 892 2066 λόγον.

252 2082 410 2136 Ὠσεὶ
491 2085 676 2153 ξυρὸν
745 2089 1115 2158 ἠκονημένον
1175 2091 1463 2158 ἐποίησας
1527 2093 1727 2148 δόλον.

173 2173 346 2226 Τοῦτό
374 2192 526 2242 φησι.
555 2178 638 2230 διὰ
677 2180 738 2231 τὸ
771 2179 955 2250 ὥσπερ
991 2179 1218 2250 ξυρῆσαι
1245 2184 1338 2235 καὶ
1373 2183 1598 2253 ἐκκόψαι
1631 2186 1732 2238 πᾶν

169 2280 267 2316 σαν
291 2265 400 2317 τῶν
437 2268 626 2337 ἱερέων
660 2268 756 2338 τὴν
796 2271 967 2324 πόλιν.

158 2420 160 2422 _
252 2356 592 2425 Ὴγὰπησας
624 2360 838 2410 κακίαν
877 2361 1026 2429 ὑπὲρ
1073 2364 1486 2431 ἀγαθωσύνην.
1534 2365 1730 2417 ἸΙδίκει

166 2449 277 2516 γὰρ
320 2448 792 2520 καταψευδόμενος
849 2453 940 2505 τοῦ
1000 2455 1185 2524 ἱερέως
1238 2457 1332 2508 καὶ
1382 2455 1488 2508 τῶν
1531 2455 1732 2508 λοιπῶν

167 2540 424 2592 ἁπάντων
455 2543 549 2594 σὺν
571 2542 734 2612 αὐτῷ,
770 2546 862 2596 καὶ
891 2545 955 2597 τὰ
990 2546 1062 2615 μὴ
1088 2546 1394 2616 πραχθέντα
1426 2548 1544 2600 κατ’
1571 2546 1731 2600 αὑτοῦ

165 2631 356 2699 λέγων·
386 2635 449 2685 τὸ
479 2634 588 2703 γὰρ
617 2637 806 2698 εἰπεῖν,
841 2637 914 2700 ὡς
944 2639 1263 2708 ἐπηρώτησε
1311 2639 1400 2692 τὸν
1424 2639 1554 2690 Θεὸν
1608 2638 1733 2708 περὶ

165 2723 258 2776 τοῦ
289 2725 475 2788 Δαυῒδ,
502 2726 690 2793 ψεῦδος
713 2723 798 2796 ἦν,
823 2730 914 2779 καὶ
945 2730 1044 2780 οὐκ
1070 2729 1312 2798 ἀλήθεια.

252 2893 600 2960 Ἠγὰπησας
654 2896 846 2948 πάντα
917 2897 1153 2965 ῥήματα
1223 2899 1730 2968 κιιταποντισμοῦ,

168 2984 462 3054 γλῶσσαν
487 2986 712 3040 δολίαν.
753 2990 934 3042 Πάντα
967 2990 1073 3060 γὰρ
1107 2991 1241 3062 πρὸς
1280 2993 1589 3064 ἐπιϐουλὴν,
1641 2995 1733 3047 καὶ

168 3074 357 3143 φθόνον
389 3077 484 3128 καὶ⁸
505 3075 725 3132 θάνατον
753 3079 844 3130 τοῦ
877 3081 1061 3149 ἱερέως
1093 3082 1310 3135 καὶτῶν
1343 3083 1540 3137 λοιπῶν
1563 3086 1732 3137 ἀπάν-

164 3182 273 3218 των
310 3167 420 3218 τῷν
446 3168 540 3218 σὺν
572 3168 716 3237 αὐτῷ
765 3170 1218 3236 τεθανατωμένων
1267 3173 1604 3244 διεπράξατο·
1652 3175 1731 3227 διὸ

163 3255 396 3323 ῥήματα
421 3259 907 3326 καταποντισμοῦ
937 3261 986 3311 οἱ
1013 3260 1156 3328 λόγοι
1181 3263 1275 3331 τῆς
1297 3261 1386 3314 τοῦ
1421 3263 1576 3333 Δωὴκ
1604 3264 1731 3332 ψευ-

163 3345 408 3414 δολογίας
468 3348 700 3417 εἴρηται.
775 3349 1007 3420 Ἀθρὸως
1056 3350 1163 3421 γὰρ
1190 3353 1364 3404 πᾶσαν
1419 3354 1517 3422 τὴν
1577 3354 1731 3407 πόλιν

164 3437 272 3488 τῶν
306 3437 497 3504 ἱερέων
523 3437 707 3509 ὥσπερ
737 3441 794 3490 ὲν
826 3439 970 3510 βυθῷ
1023 3443 1370 3496 κατεπόντισε
1402 3449 1511 3508 τοῖς
1539 3447 1729 3499 ἑαυτοῦ

168 3528 400 3596 ῥήμασι.
471 3529 691 3594 Λέγοιτο
741 3529 782 3581 δ’
815 3530 879 3582 ἂν
909 3531 1078 3584 ταῦτα
1108 3532 1328 3596 δικαίως
1369 3538 1460 3587 καὶ
1503 3537 1594 3587 ἐπὶ
1625 3539 1729 3589 τῶν

167 3618 448 3688 ἀρχόντων
476 3619 582 3670 τῶν
621 3620 907 3686 Ἰουδαίων,
943 3623 1035 3674 καὶ
1067 3625 1228 3677 αὑτοῦ
1251 3625 1306 3676 δὲ
1338 3627 1431 3678 τοῦ
1472 3627 1658 3680 Ἰούδα.

251 3711 518 3763 Ἐκτίλαι
555 3727 627 3764 σε
657 3714 751 3765 καὶ
790 3717 1266 3782 μεῖον-αστεύσαι
1307 3731 1379 3769 σε
1425 3718 1541 3770 ἀπὸ
1585 3735 1731 3786 σκη-

166 3801 439 3871 unumth
474 3818 608 3855 σου.
666 3805 1039 3876 Μετετέθησαν
1084 3807 1190 3877 γὰρ
1220 3807 1316 3877 τῆς
1374 3810 1521 3881 ἱερᾶς
1553 3810 1731 3864 αὐτῶν

167 3895 400 3963 σκηνῆς,
443 3896 719 3962 γεγονότες
742 3899 1068 3968 αἰχμάλωτοι
1097 3899 1182 3952 διὰ
1213 3901 1302 3954 τὸν
1336 3902 1474 3954 κατὰ
1496 3902 1587 3955 τοῦ
1619 3904 1729 3954 Κυ-

169 3985 291 4054 ρίου
323 3984 571 4053 σταυρόν.
604 3985 712 4036 Καὶ
739 3986 804 4037 τὸ
819 3985 1040 4054 ῥίζωμὰ
1093 4003 1207 4041 σου
1237 3988 1302 4041 ἐκ
1344 3991 1454 4057 γῆς
1486 3989 1728 4050 ζώντων.

166 4076 400 4147 Ὅμοιον
451 4077 542 4141 τὸ,
596 4075 1148 4146 Ἔξαλειφθήτωσαν
1201 4080 1268 4131 ἐκ
1319 4081 1537 4144 βίϐλου
1596 4080 1729 4141 ζών-

165 4182 309 4218 των.

243 4254 375 4326 [Διά
413 4258 586 4312 τοῦτο
617 4262 648 4312 ό
676 4259 817 4324 Θεὸς
865 4261 1102 4313 καθέλοι
1151 4277 1223 4313 σε
1271 4264 1354 4328 εὶς
1406 4261 1593 4328 τέλος.
1628 4263 1731 4317 Λέ-

166 4366 324 4416 γοιτο
358 4349 403 4400 δ’
437 4350 499 4402 ἂν
552 4352 720 4405 ταῦτα
773 4353 992 4416 δικαίως
1041 4353 1133 4405 καὶ
1184 4354 1416 4407 ἐπὶτῶν
1459 4357 1734 4427 ἀρχόντων

1269 335 1627 394 EXPOSITIO
1667 340 1734 394 IN
1773 339 2104 398 PSALMUM
2145 342 2230 396 ιι.

236 438 423 492 Σαούλ.
462 443 619 512 Δωὴκ
671 445 728 497 δὲ
763 440 912 509 οὗτος
960 450 988 498 ὁ
1021 447 1187 519 Σύρος
1237 451 1294 512 ὃς
1341 452 1434 503 καὶ
1476 452 1726 506 τοσοῦτον
1754 459 1802 515 Α

3273 345 3372 400 246

1897 455 1967 509 ita
2016 457 2254 510 animum
2297 457 2477 512 Saulis
2511 466 2879 526 exasperavit,
2935 465 3004 512 ut-
3034 459 3373 514 interfectum

1901 547 2112 601 miserit
2149 558 2312 602 totam
2353 551 2692 604 sacerdotum
2740 551 3040 616 civitatem,
3091 566 3154 605 ae
3185 567 3250 606 ne
3292 553 3377 622 ju-

1900 649 2097 693 mentis
2145 641 2362 708 quidem
2411 642 2792 710 pepercerit".
2856 639 2980 695 Haec
3042 643 3203 711 igitur
3252 657 3375 698 eum

1901 729 2142 784 audisset
2191 730 2355 784 David
2384 771 2397 795 ,
2436 733 2620 788 isthaec
2660 734 2899 803 loquitur
2936 733 3055 802 Syri
3090 750 3373 802 personam

1901 823 2220 890 spectantia.
2274 823 2600 878 Refer-untur
2651 827 2776 880 item
2825 827 2937 880 lucc
2979 827 3044 880 ad
3094 842 3377 896 personam

1899 914 2076 982 populi
2103 913 2435 980 Iudaeorum,
2464 924 2623 985 atque
2644 916 2815 970 Judze.
2838 916 3225 986 Complectitur
3252 917 3377 970 item

1901 1005 2210 1059 futurorum
2241 1006 2508 1061 bonorum
2535 1009 2974 1077 promissionem,
3010 1018 3064 1061 et
3102 1009 3378 1062 assiduam

1902 1107 2212 1150 sanctorum
2267 1097 2359 1152 Dei
2414 1101 2893 1154 commorationem
2946 1101 2997 1154 in
3046 1101 3205 1154 domo
3239 1101 3377 1168 ejus,

1901 1188 2340 1257 quandoquidem
2371 1191 2538 1245 dicit:
2567 1191 2676 1261 Ego
2723 1204 2895 1245 autem
2922 1195 3054 1245 sicut
3092 1192 3227 1244 oliva
3268 1192 3377 1259 fru-

1899 1280 2087 1348 ctifera
2111 1282 2161 1333 in
2185 1280 2340 1334 domo
2365 1281 2479 1336 Dei.
2508 1281 2868 1348 Quamobrem
2899 1294 2950 1336 et
2991 1282 3297 1341 intellectus.
3327 1288 3380 1333 et

1900 1372 1954 1424 in
1994 1372 2148 1439 linem
2195 1373 2437 1441 psalmus
2476 1371 2825 1428 inscribitur.
2867 1372 3029 1426 Multa
3068 1373 3208 1426 enim
3242 1383 3378 1439 opus

1902 1461 2276 1531 intelligentia,
2321 1472 2382 1517 ut
2410 1463 2528 1532 ejus
2559 1464 2649 1532 qui
2688 1463 2983 1518 secundum
3026 1476 3242 1516 carnem
3278 1460 3379 1514 Da-

1902 1554 1988 1607 vid
2023 1564 2104 1609 est
2127 1556 2442 1610 teconomiaa
2473 1555 2785 1627 mysterium
2818 1563 3196 1624 cognoscatur.

1903 1839 1955 1890 5.
1987 1836 2124 1900 Quid
2161 1837 2404 1906 gloriaris
2434 1838 2488 1890 in
2509 1835 2713 1890 malitia
2732 1875 2744 1896 ,
2769 1836 2856 1905 qui
2888 1843 3064 1904 potens
3094 1848 3145 1884 es
3166 1832 3191 1883 Ρ
3216 1827 3380 1895 Quasi

1833 1927 1899 1981 ad
1934 1929 2111 1996 ipsum
2148 1927 2379 1997 Syrum,
2423 1937 2517 1982 aut
2555 1927 2621 1981 ad
2655 1927 2928 1981 diabolum
2958 1939 3080 1980 eum
3123 1921 3384 1990 instigan-

1832 2028 1958 2085 tem,
1990 2035 2292 2074 sermonem
2324 2021 2581 2074 collimat.

1902 2112 1954 2164 4.
1988 2111 2134 2165 Sicut
2182 2113 2436 2165 novacula
2477 2121 2632 2164 acuta
2666 2110 2834 2178 fecisti
2889 2107 3087 2160 dolum.
3143 2102 3255 2157 Hoc
3284 2106 3380 2163 ait,

1831 2203 1977 2272 quod
2028 2212 2193 2256 totam
2230 2204 2570 2257 sacerdotum
2603 2203 2870 2257 civitatem
2907 2198 3059 2268 quasi
3097 2195 3380 2256 abraserit.

1830 2303 1885 2347 et
1913 2295 2279 2348 internecione
2312 2295 2592 2347 deleverit.

1901 2387 1952 2443 5.
1988 2387 2230 2441 Dilexisti
2269 2388 2526 2439 malitiam
2563 2401 2715 2454 super
2743 2384 3130 2452 benignitatem.
3181 2379 3383 2449 Injusle

1831 2494 2065 2548 namque
2099 2479 2290 2548 agebat
2316 2493 2438 2531 cum
2474 2477 2806 2532 sacerdotem
2842 2484 2896 2529 et
2925 2474 3161 2542 reliquos
3194 2487 3383 2525 omnes

1833 2585 1938 2622 una
1968 2571 2419 2631 calumniaretur,
2463 2584 2526 2622 ac
2561 2584 2679 2637 quae
2710 2576 2856 2637 gesta
2884 2581 2990 2620 non
3020 2563 3247 2618 fuissent
3291 2562 3384 2614 ad-

1833 2676 2022 2715 versus
2051 2677 2174 2714 eum
2207 2660 2440 2714 deferret
2466 2678 2478 2712 :
2518 2661 2660 2729 quod
2691 2661 2834 2712 enim
2863 2660 3064 2713 diceret
3093 2673 3212 2711 eum
3240 2656 3384 2724 (Abi—

1832 2752 2158 2822 melechum)
2205 2752 2370 2806 Deum
2404 2753 2545 2805 circa
2583 2750 2834 2804 Davidem
2879 2750 3277 2818 interrogasse,
3330 2747 3384 2802 id

1832 2843 2202 2909 mendacium,
2239 2859 2345 2897 non
2371 2843 2570 2896 veritas
2601 2853 2735 2896 erat.

1900 2934 1953 2987 6.
1980 2936 2225 2988 Dilexisti
2249 2937 2424 2987 omnia
2454 2935 2604 2988 verba
2635 2936 3062 3004 prazcipilatienis
3092 2975 3105 2995 ,
3155 2934 3386 3003 linguam

1833 3027 2093 3080 dolosam.
2126 3023 2320 3080 Omnia
2356 3028 2498 3080 enim
2522 3027 2628 3097 egit
2659 3027 2722 3079 ad
2761 3029 2984 3081 insidias
3005 3068 3019 3092 ,
3049 3026 3300 3079 invidiam
3334 3034 3388 3079 ct

1759 3127 1803 3187 ο
1834 3129 2060 3173 mortem
2086 3119 2380 3172 sacerdotis
2413 3118 2852 3187 reliquorumque
2876 3119 3117 3171 omnium
3149 3117 3386 3186 quicum

1835 3225 1899 3266 eo
1931 3212 2055 3265 caesi
2089 3208 2269 3276 fuere;
2312 3225 2482 3279 quare
2534 3209 2686 3263 verba
2723 3211 3152 3279 praecipitationis
3192 3209 3381 3263 dicun-

1835 3311 1944 3366 tur,
1978 3302 2257 3356 mendacia
2292 3301 2454 3356 Doec.
2494 3301 2794 3356 Confertim
2835 3304 2976 3356 enim
3012 3311 3173 3355 totam
3205 3315 3386 3354 sacer-

1835 3392 2021 3446 dotum
2060 3393 2330 3447 civitatem
2380 3395 2492 3447 suis
2519 3393 2698 3447 verbis
2750 3395 2904 3462 quasi
2956 3394 3009 3447 in
3063 3392 3388 3463 profundum

1835 3485 2212 3553 praecipitavit.
2254 3481 2377 3537 Haec
2413 3493 2589 3537 autem
2631 3484 2754 3552 jure
2800 3500 3015 3553 quoque
3047 3485 3295 3540 dicantur
3322 3488 3389 3539 de

1836 3565 2177 3644 principibus
2210 3573 2518 3630 Judaeorum
2557 3584 2611 3630 et
2636 3574 2702 3629 de
2729 3576 2842 3644 ipso
2877 3573 3037 3633 Juda.

1908 3742 1959 3796 7.
1997 3741 2199 3796 Evellat
2253 3751 2298 3795 te
2335 3751 2383 3794 et
2413 3739 2698 3809 transferat
2736 3749 2781 3792 te
2810 3739 2874 3792 de
2909 3738 3243 3802 tabernaculo
3277 3747 3384 3795 tuo.

1837 3834 2110 3891 Translati
2163 3835 2361 3904 quippe
2399 3842 2527 3888 sunt
2575 3832 2641 3886 de
2690 3847 2846 3887 sacro
2885 3831 3234 3885 tabernaculo
3257 3847 3385 3892 suo.

1839 3927 2038 3996 captivi
2070 3936 2288 3995 prOpter
2309 3924 2512 3979 Christi
2547 3938 2762 3979 erucem
2795 3922 2991 3977 eﬂ'ecti.
3047 3921 3114 3974 Et
3159 3923 3388 3975 radicem

1838 4032 1980 4071 tuam
2008 4018 2070 4071 de
2101 4026 2240 4071 terra
2274 4018 2573 4071 viventium.
2605 4014 2793 4070 Simile
2817 4013 2947 4069 illud
2980 4012 3302 4067 :Deleantur
3326 4013 3388 4066 de

1837 4107 1970 4161 libra
2001 4108 2279 4162 viventium
2295 4107 2364 4166 “.

1913 4263 2226 4336 [Propterea
2261 4263 2396 4317 Deut
2417 4263 2649 4316 destruet
2677 4269 2724 4315 te
2753 4262 2806 4314 in
2838 4261 3025 4329 ﬁnem.
3081 4257 3208 4315 llaec
3244 4266 3390 4313 recte

1838 4353 2092 4407 dicantur
2116 4353 2181 4406 de
2203 4352 2536 4422 principibus
2563 4350 2875 4407 Judaaorum
2909 4349 3048 4407 etde
3081 4350 3200 4420 ipso
3226 4347 3386 4414 Juda,

180 4439 456 4492 Ἰουδαίων
483 4441 574 4493 καὶ
619 4442 781 4495 αὑτοῦ
809 4443 902 4496 τοῦ
946 4444 1134 4506 Ἰούδα,
1161 4444 1247 4496 διὰ
1299 4447 1357 4498 τὸ
1389 4447 1733 4517 ἠγαπηκέναι

1839 4445 1968 4512 quia
1991 4459 2110 4512 qua
2127 4444 2391 4498 damnosa
2421 4456 2576 4498 erant
2602 4442 2906 4499 dilexerunt
2935 4456 3107 4511 usque
3136 4443 3190 4495 in
3209 4440 3386 4510 ﬁnem,

164 4531 234 4584 τὰ
267 4530 508 4601 βλαϐερὰ
560 4534 645 4595 είς
677 4534 868 4598 τέλος,
919 4536 1040 4587 ἀντὶ
1094 4533 1208 4598 τοῦ,
1265 4536 1590 4603 παντελῶς.
1634 4539 1734 4593 Διὰ

166 4622 352 4675 τοῦτο
387 4621 627 4674 καθελεῖ
653 4638 746 4685 σε,
801 4624 876 4686 ὡς
928 4627 986 4678 οὑ
1021 4627 1196 4690 καλῶς
1243 4629 1678 4700 οἰκοδομηθέντα,
1707 4633 1735 4685 ὁ

167 4713 454 4782 καθαιρῶν
501 4715 897 4785 ὑπερηφάνους,
925 4719 1016 4769 καὶ
1069 4720 1142 4782 ὼς
1175 4719 1358 4782 κακῶς
1385 4721 1732 4788 φυτευθέντα,

165 4805 406 4857 ἐκτίλαι
435 4821 527 4868 σε,
558 4808 949 4876 μεταστῆσαι,
983 4810 1014 4879 ἦ
1042 4809 1353 4878 ἐκριζώσαι,
1389 4814 1479 4865 καὶ
1505 4813 1612 4866 ἀπὸ
1637 4814 1735 4884 τῆς

167 4898 546 4967 κατοικήσεως
598 4917 712 4964 σου,
744 4903 1014 4955 τουτέστιν
1048 4904 1153 4956 ἀπὸ
1203 4905 1296 4957 τοῦ
1333 4908 1730 4973 συγκατοικεῖν,

168 4988 447 5059 ἐκϐάλω]

241 5085 536 5148 Ὄψονται
563 5081 795 5145 δίκαιοι,
837 5085 931 5138 καὶ
984 5086 1441 5153 φοϐηθήσονται.
1478 5089 1595 5140 Τῶν
1629 5089 1734 5160 γὰρ

167 5172 387 5224 ἀσεεών
425 5173 847 5242 ἀναιρουμένων.
872 5179 920 5228 οἱ
947 5177 1141 5229 δίκαιοι
1167 5195 1230 5229 πε
1242 5178 1445 5250 ρίφοϐοι
1478 5181 1732 5246 γίνονται.

169 5263 285 5314 Καὶ
322 5266 385 5315 σὺ
416 5265 533 5332 μὲν,
592 5267 744 5332 φησὶ,
790 5266 959 5320 ταῦτα
1013 5269 1315 5339 ὑπομένεις·
1340 5272 1388 5323 οἱ
1415 5271 1469 5324 δὲ
1517 5274 1732 5337 δίκαιοι,

166 5354 452 5407 τουτέστιν
499 5358 548 5408 οἱ
582 5357 673 5409 σοῦ
701 5357 838 5420 λαοὶ,
862 5359 1182 5430 θεασάμενοι
1203 5364 1299 5433 τὴν
1323 5367 1420 5435 σὴν
1443 5365 1733 5433 ἀπώλειαν,

170 5446 327 5516 φόϐῳ
352 5448 865 5518 κατασχεθήσονται.
909 5452 1084 5521 Ἰκανὴ
1116 5454 1220 5523 γὰρ
1249 5457 1280 5524 ὴ
1308 5458 1385 5518 εἰς
1412 5457 1470 5507 σὲ
1502 5462 1734 5530 τιμωρία

172 5538 463 5597 κάκείνους
499 5539 747 5607 φοϐῆσαι’
774 5543 944 5595 καίτοι
977 5544 1060 5596 διὰ
1088 5547 1180 5614 τὴν
1211 5549 1285 5608 εἰς
1316 5548 1550 5611 ἐκείνους
1583 5553 1737 5604 εὺεο-

251 5713 298 5741 “
329 5713 346 5766 Ι
376 5715 510 5782 Reg.
546 5731 684 5797 xm,
730 5717 810 5782 l8,
850 5717 929 5771 19.
1026 5719 1067 5747 “
1100 5717 1239 5772 l‘sal.
1275 5735 1458 5784 LXVIII,
1501 5720 1586 5773 29.

1837 4550 1902 4589 ac
1949 4536 1993 4589 si
2021 4536 2186 4600 dicat,
2231 4551 2447 4605 semper.
2507 4533 2793 4603 Propterea
2822 4533 3046 4586 destruet
3083 4542 3150 4595 te,
3206 4540 3389 4600 utpote

1835 4627 1928 4696 qui
1957 4641 2065 4681 non
2097 4636 2241 4681 recte
2270 4628 2568 4682 aedificatus
2599 4625 2789 4692 fueris,
2825 4627 2916 4693 qui
2951 4624 3212 4694 superbos
3239 4639 3389 4677 ever-

1835 4720 1920 4781 tit,
1949 4729 2113 4789 atque
2138 4728 2196 4772 ut
2224 4719 2466 4787 improbe
2506 4729 2683 4772 satum
2720 4717 2898 4772 evellet
2939 4726 2986 4770 te
3011 4725 3059 4769 et
3090 4714 3386 4785 emigrabit,

1836 4809 1950 4864 sive
1984 4809 2310 4874 eradicabit,
2353 4815 2407 4861 et
2447 4823 2486 4862 a.
2510 4807 2788 4863 domicilio
2831 4817 2945 4873 tuo,
2987 4807 3045 4866 id
3076 4813 3178 4869 est,
3212 4820 3280 4862 ne
3304 4819 3389 4858 se-

1836 4919 1960 4959 cum
1993 4905 2221 4970 habites,
2252 4903 2432 4972 ejiciet
2455 4901 2551 4972 te.]

1908 5103 1962 5167 8,
1997 5101 2048 5155 9.
2090 5100 2348 5154 Videbunt
2371 5100 2529 5169 justi,
2562 5109 2610 5152 et
2643 5098 2912 5152 timebunt.
2953 5094 3085 5151 Dum
3110 5095 3390 5150 cazduntur

1837 5193 1981 5248 enim
2011 5193 2195 5261 impii,
2221 5193 2352 5261 justi
2397 5189 2771 5244 reformidant.
2813 5187 2879 5241 Et
2920 5197 2975 5241 tu
3019 5187 3390 5257 quidem,,in-

1836 5286 1975 5355 quit,
2013 5285 2126 5338 haec
2155 5285 2390 5337 toleras:
2418 5283 2551 5351 jusni
2589 5294 2792 5346 autem,
2837 5280 2939 5335 hoc
2961 5289 3042 5334 est
3083 5279 3262 5347 p0puli
3288 5280 3387 5343 tui,

1837 5391 2052 5444 conspe:
2073 5385 2122 5427 ta
2170 5384 2260 5428 tua
2307 5374 2578 5443 pernicie,
2622 5373 2910 5426 formidine
2955 5371 3385 5438 complebantur.

1835 5465 1971 5519 Nam
2003 5465 2204 5519 sufﬁcit
2248 5463 2573 5532 supplicium
2615 5463 2681 5517 de
2711 5472 2760 5516 te
2784 5469 3058 5530 sumptum
3095 5471 3153 5514 ut
3180 5460 3254 5514 illi
3288 5474 3386 5512 ex-

1839 5567 2160 5612 terreantur.
2214 5554 2441 5609 Etiamsi
2484 5564 2577 5608 tuo
2618 5570 2741 5623 erga
2776 5555 2896 5607 illos
2930 5553 3190 5607 beneﬂcio
3237 5550 3386 5619 ejus-
