4086 6308
730 339 833 396 N7

1570 332 1627 386 S.
1672 330 2039 385 ATHANASII
2080 331 2228 385 OPP.
2272 332 2449 388 PARS
2486 330 2575 390 ΙΙΙ.
2614 361 2683 373 —
2720 332 3129 390 EXEGETICA.

3840 335 3928 391 ω

731 453 878 509 modi
912 465 1169 521 passurus
1202 465 1281 503 cs.
1316 446 1447 501 Ecce
1475 448 1624 499 homo
1659 449 1747 517 qui
1773 463 1870 500 non
1907 450 2079 517 posuit
2111 448 2277 501 Deum
2306 480 2317 512 λ

2390 451 2563 520 τεσίαν
2590 449 2813 503 τοιαῦτά
2836 468 2927 504 σου
2955 452 3182 521 πάσχειν
3214 451 3515 521 μέλλοντος.
3562 449 3711 503 Ἰδοὺ
3734 449 3928 520 ἄνθρω-

729 543 1028 610 adjutorem
1055 557 1227 602 suum,
1260 540 1349 593 sed
1375 540 1591 607 speravit
1622 540 1676 591 in
1711 540 2047 593 multitudine
2079 540 2287 593 divitia-

730 653 848 689 rum
880 648 1117 688 suarum.
1148 633 1333 687 Maluit
1358 634 1498 685 enim
1533 633 1775 700 proditor
1796 648 1987 686 aurum
2019 635 2283 701 accipere,

728 743 891 796 quam
942 728 1244 796 adjutorem
1282 724 1477 778 habere
1519 722 1726 777 Jesum.
1778 724 1845 777 Et
1901 725 2179 794 praevaluit
2230 726 2286 777 in

729 823 961 874 vanitate
981 835 1118 883 sua;
1148 820 1305 888 quasi
1334 817 1478 870 dicat
1506 834 1520 870 :
1562 816 1627 871 Et
1655 833 1853 871 vanum
1886 834 1979 873 cor
2004 834 2161 872 suum
2187 818 2288 871 im-

729 911 875 981 plere
918 909 1125 979 potuit,
1184 924 1358 978 neque
1386 909 1703 978 paenitentia
1738 910 1932 964 ductus
1974 910 2135 964 linem
2162 908 2290 963 fecit

730 1002 1042 1073 impietatis.

801 1174 930 1249 [Sed
967 1176 1191 1245 sperarit
1230 1176 1286 1228 in
1332 1171 1667 1225 multitudine
1699 1173 2008 1226 divitiarum
2044 1189 2284 1229 suarum.

728 1268 960 1323 Pulchre
982 1267 1198 1322 divitias
1214 1274 1267 1320 et
1282 1275 1625 1335 potestatem,
1653 1266 1947 1320 vanitatem
1966 1266 2193 1331 vocavit,
2210 1280 2289 1320 se-

728 1362 962 1418 cundum
1012 1375 1196 1414 veram
1240 1359 1313 1413 rei
1357 1367 1652 1414 naturam:
1692 1374 1871 1428 neque
1914 1358 2060 1413 enim
2106 1356 2287 1413 Doeco

727 1451 1080 1523 profuerunt,
1123 1466 1295 1520 neque
1324 1450 1595 1520 Assyriis,
1646 1449 1865 1519 quando
1901 1449 2063 1505 unius
2104 1448 2281 1521 angeli

728 1544 959 1598 adventu
990 1541 1291 1611 interempti
1319 1550 1467 1607 sunt,
1504 1556 1565 1596 ac
1594 1541 1848 1610 insepulti
1873 1540 2211 1612 jacuerunt.]

808 1723 893 1778 10.
928 1722 1038 1793 Ego
1068 1732 1243 1776 autem
1269 1726 1406 1776 sicut
1437 1719 1574 1772 oliva
1608 1719 1907 1787 fructifera.
1935 1718 2116 1773 Floret
2139 1733 2286 1772 nam-

728 1833 835 1888 que
862 1832 1075 1887 semper
1111 1830 1301 1871 eorum
1333 1813 1503 1883 gloria
1526 1812 1618 1881 qui
1647 1812 1874 1865 credunt
1900 1812 1953 1865 in
1982 1811 2277 1866 Christum.
2313 1791 2357 1846 Β

730 1910 984 1985 [Fructus
1043 1922 1219 1963 autem
1267 1906 1495 1977 Spiritus
1544 1915 1642 1970 est,
1697 1907 1951 1971 charitas,
1999 1907 2284 1975 gaudium,

726 2020 834 2075 pax
857 2004 919 2069 ",
951 2012 1054 2057 etc.
1093 2000 1246 2056 Hunc
1273 2001 1453 2070 itaque
1484 2001 1719 2054 fructum
1748 2014 1869 2053 cum
1898 2000 1948 2052 in
1976 1999 2153 2067 seipso
2189 1999 2288 2051 ha-

727 2097 877 2151 beret
899 2104 1117 2149 sanctus
1139 2093 1227 2147 ille
1254 2093 1359 2159 vir,
1390 2091 1601 2146 aiebat:
1636 2090 1747 2161 Ego
1777 2101 1949 2144 autem
1984 2092 2116 2145 sicut
2151 2091 2288 2145 oliva

729 2187 1045 2257 fructifera;
1110 2184 1265 2239 oliva
1314 2194 1493 2237 autem
1546 2182 1839 2237 fructiferae
1881 2199 1940 2238 se
1986 2190 2289 2252 comparat,

726 2278 855 2347 quia
894 2291 1019 2330 cum
1065 2273 1444 2329 misericordia
1484 2275 1539 2326 in
1583 2274 1699 2343 ipso
1728 2274 1993 2328 consistat
2031 2283 2083 2328 et
2113 2273 2289 2328 domi-

728 2379 906 2433 netur,
939 2384 1002 2422 ex
1028 2366 1380 2436 consequenti
1412 2365 1684 2420 hrerebant
1714 2375 1767 2419 et
1796 2364 2013 2433 reliqua:
2038 2364 2286 2419 virtutes.

726 2458 928 2515 Eodem
974 2474 1199 2530 prorsus
1237 2458 1399 2513 modo
1440 2466 1495 2512 et
1537 2456 1731 2511 Jobum
1756 2456 1997 2518 virilem,
2036 2464 2089 2509 et
2130 2454 2288 2509 Jose-

726 2548 893 2618 phum
926 2554 1313 2616 temperantem
1335 2584 1350 2608 ,
1392 2555 1724 2615 ceterosque
1748 2589 1762 2612 ,
1794 2562 1857 2600 es
1883 2546 2081 2600 virtute
2112 2544 2165 2599 in
2203 2546 2290 2615 ip-

726 2641 805 2695 sis
844 2639 1121 2693 obtinente
1159 2652 1222 2692 ac
1261 2637 1575 2693 dominante
1615 2637 2110 2709 nuncupaverunt.]
2169 2637 2292 2710 Spe-

728 2734 841 2785 raui
870 2732 925 2785 in
949 2731 1312 2785 misericordia
1346 2728 1441 2783 Dei
1465 2732 1521 2783 in
1546 2742 1813 2783 wtemum.
1856 2729 2287 2783 Misericordiam

728 2820 823 2875 Dei
864 2820 1061 2875 divina
1104 2818 1403 2889 Scriptura
1432 2817 1724 2873 Dominum
1764 2828 1996 2881 vocant,
2040 2818 2168 2885 quia
2196 2833 2291 2885 per

725 2930 853 2971 eum
894 2913 1050 2969 nobis
1075 2911 1448 2966 misericordia
1474 2925 1731 2965 concessa
1763 2918 1864 2965 est.
1907 2908 2101 2963 Omnia
2143 2909 2292 2964 enim

729 3006 788 3061 in
819 3005 999 3075 seipso
1029 3002 1353 3058 instauravit
1380 3011 1433 3057 et
1466 3003 1756 3071 reparavit.

804 3094 889 3152 ll.
921 3092 991 3148 Et
1026 3093 1333 3164 exspectabo
1373 3109 1556 3147 nomen
1603 3103 1782 3159 tuum,
1813 3093 2058 3160 quoniam
2099 3090 2288 3143 bonum

725 3198 806 3244 est
833 3187 887 3240 in
909 3198 1182 3255 conspectu
1208 3192 1508 3238 sanctorum
1552 3192 1781 3237 tuorum.
1839 3182 1896 3235 In
1925 3181 2142 3235 nomine
2173 3189 2287 3243 tuo,

729 3276 943 3349 inquit,
977 3274 1232 3333 fiduciam
1272 3272 1481 3327 habebo
1504 3312 1518 3337 ,
1572 3286 1732 3342 atque
1758 3287 1877 3327 cam
1914 3272 1967 3324 in
1994 3280 2289 3341 conspectu

731 3367 977 3425 ennium
1010 3374 1322 3421 sanctorum
1348 3374 1565 3419 tuorum
1595 3365 1952 3419 annuntiabo.
1996 3363 2111 3418 Erit
2145 3363 2290 3418 enim

731 3459 865 3514 mihi
896 3458 1028 3513 illud
1051 3456 1354 3528 jucundum
1386 3466 1551 3525 atque
1582 3457 1806 3510 bonum.

771 3552 825 3607 1.
862 3549 928 3606 In
954 3552 1109 3621 ﬁnem
1149 3568 1243 3620 pro
1284 3549 1508 3603 Mueleth
1539 3550 1829 3603 intellectus
1880 3547 2090 3602 Davidi.
2123 3545 2253 3600 LII.

1313 3641 1714 3709 Argumentum.

732 3734 889 3792 Hunc
914 3736 1063 3791 canit
1086 3749 1355 3803 psamum
1373 3735 1425 3787 in
1456 3734 1685 3803 gratiam
1715 3732 2088 3801 apostolorum
2116 3730 2291 3796 chori,

802 3825 897 3897 qui
920 3832 975 3879 et
1006 3824 1353 3879 crediderant
1385 3825 1437 3877 in
1466 3812 1741 3877 Christum
1776 3843 1788 3876 :
1820 3825 1911 3893 qui
1948 3822 2295 3878 exsultabant

801 3928 858 3975 at
909 3918 1250 3972 latahantur.
1304 3915 1533 3971 Haeleth
1575 3932 1702 3970 vero
1752 3918 2053 3985 explicatur
2102 3916 2289 3969 chorus

802 4007 918 4064 sive
963 4006 1169 4061 chorea.
1230 4004 1551 4061 Necessario
1601 4016 1781 4059 autem
1824 4021 1886 4060 ea
1943 4021 2064 4075 quae
2091 4004 2292 4059 Christi

804 4097 1236 4154 incarnationem
1269 4102 1663 4165 prmeesserunt
1693 4095 1940 4149 enuntiat
1963 4136 1978 4159 ,
2021 4104 2079 4150 ut
2110 4096 2294 4150 decla-

804 4199 891 4246 ret
916 4203 1036 4259 qua:
1064 4188 1134 4241 sit
1161 4186 1424 4240 adventus
1459 4185 1578 4253 ejus
1605 4184 1830 4239 utilitas.
1877 4183 2166 4239 Sciendum
2197 4201 2296 4238 au-

803 4291 912 4337 tem
934 4289 1037 4343 est,
1057 4287 1228 4333 totum
1245 4277 1514 4331 decimum
1536 4277 1750 4331 tertium
1768 4277 2032 4346 psalmum
2050 4276 2293 4330 eamdem

802 4374 1129 4433 sententiam
1185 4371 1422 4436 habere,
1480 4370 1779 4437 iisdemque
1826 4368 1992 4423 ferme
2040 4369 2295 4422 omnibus

805 4464 982 4520 verbis
1007 4469 1282 4523 constare,
1334 4460 1406 4513 ita
1448 4470 1507 4513 ut
1555 4459 1591 4513 ii
1636 4458 1731 4527 qui
1786 4458 2286 4527 interpretationem
2325 4479 2366 4533 ι)

806 4556 971 4625 hujus
1002 4552 1344 4623 perquirunt,
1384 4566 1449 4605 ex
1474 4550 1566 4604 illo
1596 4564 1714 4604 eam
1736 4559 1919 4619 aperte
1954 4558 2287 4604 mutuentur.

802 4648 859 4702 2.
892 4645 1039 4699 Dixit
1071 4644 1319 4712 insipiens
1352 4644 1407 4695 in
1446 4642 1599 4695 corde
1638 4657 1732 4695 suo
1760 4658 1778 4695 :
1814 4639 1936 4694 Non
1971 4649 2047 4694 est
2086 4639 2288 4695 Deus...

735 4744 876 4799 Deus
912 4739 976 4792 de
1006 4738 1133 4791 caelo
1159 4737 1423 4806 prospexit
1468 4751 1621 4803 super
1665 4734 1801 4803 filios
1841 4733 2127 4786 hominum.
2157 4731 2294 4797 Quia

734 4833 905 4887 Deum
937 4845 1045 4886 non
1076 4831 1473 4900 cogitaverunt,
1499 4828 1735 4881 humana
1768 4827 2183 4895 inspectantem,
2206 4824 2292 4893 ju-

734 4926 1005 4981 dicantem
1043 4921 1250 4993 judicio
1297 4922 1468 4991 justo,
1510 4936 1573 4974 ac
1622 4919 1889 4973 nefarium
1948 4932 2084 4987 Opus
2117 4916 2291 4985 quod-

736 5031 952 5087 cunque
984 5023 1319 5070 coercentem
1356 5033 1367 5066 :
1406 5014 1527 5067 ideo
1553 5011 1695 5065 Deus
1721 5010 1786 5064 dc
1821 5010 1959 5063 cmlo
1993 5008 2290 5078 prospexit.

738 5110 793 5166 ω
815 5109 961 5165 enim
993 5115 1174 5177 aperte
1207 5104 1417 5159 Domini
1438 5105 1505 5158 ad
1534 5104 1782 5158 homines
1814 5102 2104 5155 transitum
2126 5098 2293 5169 signi-

738 5204 882 5255 fleat.

806 5292 860 5345 4.
909 5292 1098 5346 Omnes
1119 5290 1523 5355 declinaverunt,
1548 5287 1706 5343 simul
1740 5287 1953 5340 inutiles
1988 5286 2118 5354 facti
2147 5290 2291 5349 sunt,

736 5400 839 5439 non
868 5386 1051 5451 estqui
1088 5383 1253 5452 faciat
1284 5382 1495 5447 bonum,
1541 5396 1642 5433 non
1678 5392 1754 5435 est
1800 5396 1961 5449 usque
1999 5377 2067 5432 ad
2108 5394 2291 5431 unum.

734 5476 851 5530 Non
875 5475 1214 5545 hyperbolice
1240 5475 1383 5529 dicta
1417 5484 1542 5529 sunt
1585 5474 1773 5529 istliaac
1810 5492 1821 5538 ;
1855 5474 1985 5526 nihil
2017 5471 2161 5525 enim
2192 5471 2293 5540 hy-

736 5570 1031 5641 perbolice,
1085 5572 1178 5622 sed
1207 5584 1331 5623 cum
1361 5569 1613 5625 Iveritate
1660 5568 1843 5623 omnia
1900 5567 1952 5622 in
2008 5564 2287 5634 Scriptura

805 5747 851 5782 '7
874 5748 1047 5805 Galat.
1072 5765 1122 5815 ν,
1158 5750 1245 5803 22.

2388 557 2501 608 πος
2538 543 2605 609 ὃς
2635 546 2745 597 οὐκ
2764 544 2929 598 ἔθετο
2985 544 3091 597 τὸν
3120 543 3267 597 Θεὸν
3292 544 3523 612 βοηθὸν
3562 543 3769 610 αὑτοῦ,
3810 546 3929 599 ἀλλ’

2387 634 2725 702 ἐπήλπισε-ν
2759 635 2857 687 ἐπὶ
2906 632 2986 698 τῷ
3015 633 3227 699 πλήθει
3278 633 3384 687 τοῦ
3436 634 3700 686 πλούτου
3745 634 3929 687 αὑτοῦ.

2402 723 2679 795 Ἦγάπησε
2711 726 2817 795 γὰρ
2840 724 3058 796 χρυσίον
3094 724 3289 796 μᾶλλον
3325 727 3352 777 ὁ
3386 724 3652 795 προδότης
3684 724 3929 795 λαϐεῖν,ὴ

2390 818 2581 889 βοηθὸν
2610 818 2751 888 ἔχειν
2779 820 2869 872 τὸν
2910 816 3138 889 Ἰησοῦν.
3163 816 3271 870 Καὶ
3304 815 3717 883 ἐνεδυναμώθη
3752 816 3843 869 ἐπὶ
3871 816 3931 884 τῇ

2384 911 2724 979 ματαιότητι
2766 910 2971 963 αὑτοῦ.
3019 908 3162 961 Ἀντὶ
3198 907 3314 961 τοῦ·
3364 908 3472 961 Καὶ
3504 907 3753 977 ἐνίσχυσε
3813 908 3932 975 πλη-

2391 1002 2559 1071 ρῶσαι
2591 1000 2687 1071 τὴν
2725 1001 2952 1072 ματαίαν
2978 1000 3143 1052 αὐτοῦ
3179 998 3423 1069 καρδίαν,
3453 999 3511 1051 ού
3557 996 3932 1068 μεταμεληθεὶς

2386 1090 2485 1161 τῆς
2506 1090 2757 1154 ἀσεϐείας
2791 1089 2930 1143 ὲπαύ
2940 1106 3087 1143 σατο.

2458 1181 2654 1254 [Ἀλλ’
2684 1181 3023 1247 ἐπήλπισεν
3054 1178 3151 1233 ἐπὶ
3183 1177 3263 1244 τῷ
3290 1179 3503 1246 πλήθει
3538 1178 3644 1232 τοῦ
3688 1178 3932 1231 πλούτου

2387 1275 2593 1329 αὑτοῦ.
2626 1274 2821 1336 Καλῶς
2861 1274 2917 1326 δὲ
2972 1272 3064 1326 τὸν
3090 1272 3316 1325 πλοῦτον
3370 1272 3464 1325 καὶ
3488 1271 3587 1342 τὴν
3634 1270 3934 1324 δυναστείαν

2391 1364 2722 1435 ματαιότητα
2754 1362 3008 1417 ὲκάλεσεν
3056 1363 3161 1415 ἀπὸ
3189 1360 3281 1414 τοῦ
3334 1361 3673 1430 πράγματος*
3696 1356 3813 1410 οὔτε
3840 1358 3936 1429 γὰρ

2385 1456 2475 1509 τὸν
2521 1454 2678 1525 Δωὴκ
2734 1452 2978 1523 ὤνησαν,
3035 1452 3159 1506 οὔτε
3221 1449 3565 1521 Ἀσσυρίους,
3619 1450 3777 1502 ὁπότε
3832 1450 3936 1511 ἑνὸς

2387 1546 2616 1623 ἀγγέλου
2668 1546 2939 1617 παρουσία
2988 1546 3182 1607 αὐτοὺς
3238 1543 3555 1605 ἀπέκτεινε,
3608 1541 3702 1593 καὶ
3757 1542 3937 1609 ἄταφοι

2386 1638 2638 1710 ἐκειντο.]

2470 1729 2615 1797 Ἐγὼ
2640 1727 2706 1780 δὲ
2735 1728 2877 1781 ὡσεὶ
2905 1728 3078 1781 ἐλαία
3104 1726 3501 1793 κατάκαρπος.
3548 1723 3825 1795 Ἀειθαλὴς
3841 1724 3939 1795 γὰρ

2386 1820 2493 1871 τῶν
2542 1820 2896 1873 πιστευόντων
2920 1820 2996 1881 εἰς
3024 1818 3253 1890 Χριστὸν
3286 1820 3317 1886 ἡ
3346 1817 3486 1882 δόξα.
3524 1815 3612 1886 [Ὁ
3640 1816 3706 1868 δὲ
3728 1818 3940 1884 καρπὸς

2384 1912 2489 1965 τοῦ
2521 1913 2862 1981 Πνεύματός
2906 1911 3075 1964 ἐστιν
3123 1909 3346 1981 ἀγάπη,
3394 1909 3565 1978 χαρὰ,
3602 1906 3829 1975 εἰρήνη,
3856 1908 3941 1960 καὶ

2384 2004 2452 2057 τὰ
2481 2003 2625 2074 ἑξῆς.
2658 2003 2853 2056 Τοῦτον
2877 2004 3053 2055 τοίνυν
3081 2001 3170 2055 τὸν
3204 2001 3410 2072 καρπὸν
3438 2000 3576 2070 ἒχων
3622 2001 3680 2051 ὲν
3718 1998 3888 2067 ἑαυτῷ
3914 2001 3940 2051 ὁ

2387 2094 2539 2160 ἅγιος
2580 2094 2783 2161 ἐλεγενο
2843 2093 2989 2161 Ἐγὼ
3033 2092 3101 2146 δὲ
3144 2092 3286 2145 ὡσεὶ
3336 2091 3507 2144 ἐλαία
3558 2089 3939 2156 ειιιλντὰκαρειιος⁵

2388 2184 2542 2254 ἐλαίᾳ
2568 2184 2625 2237 δὲ
2668 2184 3006 2253 κατακάρπῳ
3031 2184 3207 2253 ὁμοιοῖ
3256 2182 3464 2245 ἑαυτὸν,
3498 2180 3701 2250 ἐπειδὴ,
3733 2181 3940 2248 ἐλεημο-

2389 2276 2551 2346 σύνης
2580 2274 2977 2346 ἐπικρατούσης
3017 2276 3072 2326 ὲν
3098 2271 3265 2343 αὐτῷ,
3307 2270 3609 2335 ἀκολούθως
3660 2272 3867 2323 εἵποντο
3890 2268 3942 2322 αί

2386 2366 2567 2419 λοιπαὶ
2620 2366 2828 2437 ἀρεταί.
2881 2365 3035 2419 Οὕτω
3076 2365 3169 2418 καὶ
3224 2365 3315 2417 τὸν
3380 2362 3499 2415 Ἰὼϐ
3565 2362 3802 2433 ἀνδρεῖον
3832 2361 3941 2431 μὲν,

2388 2459 2482 2512 καὶ
2538 2458 2628 2510 τὸν
2670 2457 2865 2527 Ἰωσὴφ
2935 2455 3207 2526 σώφρονα,
3253 2454 3345 2507 κα)⁸
3406 2454 3531 2517 τοὺς
3590 2452 3803 2515 λοιποὺς
3846 2451 3942 2503 ἀπὸ

2386 2547 2484 2616 τῆς
2553 2545 2954 2615 ἐπικρατούσης
3014 2546 3211 2615 ἀρετῆς
3278 2542 3629 2611 ὀνομάζοντες
3686 2538 3943 2602 auro-3;]

2391 2641 2650 2693 Ἧλπισα
2692 2637 2787 2689 ἐπὶ
2847 2637 2911 2690 τύ
2958 2637 3131 2700 ἕλεος
3160 2636 3266 2689 τοῦ
3298 2634 3445 2689 Θεοῦ
3497 2637 3582 2699 είς
3606 2633 3711 2685 τὸν
3747 2630 3941 2685 αὶῶνα.

2392 2731 2577 2793 Ἔλεος
2626 2729 2717 2782 τοῦ
2760 2729 2895 2782 Θεοῦ
2954 2732 3009 2783 at
3060 2729 3199 2782 θεῖαι
3255 2728 3470 2798 Γραφαὶ
3498 2725 3820 2796 ὀνομάζουσι
3860 2724 3941 2775 τὸν

2388 2821 2611 2893 Κύριον,
2639 2821 2724 2874 διὰ
2749 2822 2809 2874 τὸ
2861 2820 3108 2889 γενέσθαι
3162 2823 3293 2892 ἡμῖν
3347 2820 3413 2873 δι’
3445 2818 3607 2872 αὐτοῦ
3654 2818 3820 2879 ἕλεος
3857 2818 3940 2869 άν-

2392 2914 2833 2983 εκειραλαιώσατο
2888 2915 2995 2986 γὰρ
3037 2916 3094 2967 ὲν
3144 2912 3319 2982 ἐαυτῷ
3369 2911 3439 2964 τά
3472 2912 3667 2975 πάντα,
3710 2909 3805 2962 καὶ
3856 2909 3940 2961 άν-

2388 3008 2777 3077 εστοιχείωσεν.

2460 3098 2567 3152 Καὶ
2590 3095 2863 3166 ὑπομενῶ
2883 3096 2949 3149 τὸ
2979 3095 3165 3164 ὄνομά
3202 3112 3337 3160 σου,
3363 3096 3450 3148 ὅτι
3492 3092 3758 3164 χρηστὸν
3784 3092 3922 3144 ἐναν

2390 3190 2518 3243 τίον
2560 3190 2679 3242 τῶν
2717 3190 2901 3243 ὁσίων
2934 3167 3072 3243 σουί
3112 3189 3197 3241 Ἐν
3246 3188 3323 3259 τῷ
3371 3186 3590 3257 ὀνόματί
3646 3202 3762 3246 σου,
3798 3182 3940 3253 φησὶ,

2392 3283 2574 3353 σχοίην
2597 3280 2938 3351 πεποίθησιν,
2979 3282 3072 3333 καὶ
3096 3280 3296 3349 ταύτην
3317 3280 3555 3333 ἐναντίον
3603 3277 3816 3329 πάντων
3838 3273 3941 3327 τῶν

2391 3373 2498 3428 σῶν
2552 3373 2718 3440 ἁγίων
2777 3371 3072 3439 ὲξαγγελῶ.
3122 3371 3313 3423 Ἔσται
3343 3370 3450 3439 γάρ
3478 3385 3567 3439 μοι
3617 3367 3677 3418 τὸ
3726 3366 3941 3434 πρᾶγμα

2390 3466 2624 3537 χρηστόν
2655 3482 2711 3517 τε
2741 3466 2833 3517 καὶ
2862 3464 3081 3533 ἀγαθόν.

2394 3560 2494 3622 Εἰς
2520 3556 2689 3621 τέλος
2734 3555 2884 3624 ὑπὲρ
2918 3555 3153 3611 Μαελὲθ
3174 3554 3479 3619 συνέσεως
3512 3551 3591 3619 τῷ
3605 3552 3940 3605 Δαυτδ.ΝΒ’.

2999 3648 3013 3667 ⁹
3026 3649 3331 3709 Υπόθεσις.

2397 3740 2539 3811 ’ᾼδει
2572 3741 2661 3793 τὸν
2683 3741 2923 3811 παρόντα
2948 3740 3084 3809 ὑπὲρ
3108 3738 3199 3791 τοῦ
3222 3741 3379 3809 χοροῦ
3401 3736 3509 3789 τῶν
3536 3734 3841 3788 ἀποστόλων
3861 3734 3941 3785 καὶ

2462 3830 2864 3883 πιστευσάντων
2898 3832 2975 3892 είς
2998 3827 3248 3898 Χριστόν·
3277 3826 3325 3879 οἳ
3366 3827 3457 3879 καὶ
3484 3824 3814 3895 ἡγαλλιῶντο
3862 3823 3941 3877 καὶ

2466 3922 2843 3992 ηύφραίνοντο.
2871 3920 3081 3974 Μαελὲθ
3106 3920 3161 3973 δὲ
3210 3918 3565 3991 ἑρμηνεύεται
3616 3917 3815 3986 χορὸς,
3835 3918 3942 3985 ἦτοι

2464 4014 2684 4083 χορεία.
2726 4012 3058 4081 Ἀναγκαίως
3101 4011 3157 4064 δὲ
3183 4011 3250 4063 τά
3280 4011 3384 4083 πρὸ
3405 4012 3502 4082 τῆς
3535 4010 3835 4081 παρουσίας
3856 4005 3941 4059 τοῦ

2464 4105 2665 4176 Κυρίου
2693 4104 2859 4173 λέγει,
2889 4104 2976 4156 ἴνα
2998 4103 3143 4173 δείξῃ
3174 4104 3270 4174 ὅση
3314 4104 3411 4172 τῆς
3469 4102 3769 4172 παρουσίας
3815 4098 3923 4167 dici

2464 4198 2601 4251 λεια.
2621 4197 2813 4250 Ἰστέον
2837 4196 2912 4258 δὲ,
2939 4196 3012 4258 ὡς
3044 4196 3135 4247 καὶ
3170 4196 3266 4265 τὴν
3300 4194 3465 4265 αὐτὴν
3493 4193 3727 4247 διάνοιαν
3777 4196 3942 4245 πᾶσαν

2465 4292 2493 4341 ὁ
2520 4288 2955 4360 τρισκαιδέκατος
2978 4286 3187 4356 ψαλμὸς
3216 4286 3476 4356 περιέχει,
3505 4285 3599 4338 καὶ
3652 4284 3752 4347 τὰς
3790 4284 3943 4345 αὑτὰς

2468 4377 2638 4443 λέξεις
2666 4376 2847 4445 σχεδὸν
2901 4376 3133 4436 άπάσας·
3170 4371 3307 4425 ὥστε
3360 4371 3418 4435 ἐξ
3466 4370 3670 4423 ἐκείνου
3725 4369 3943 4439 φανερὸν

2463 4468 2707 4539 γενέσθαι
2747 4470 2857 4530 τοῖς
2900 4462 3212 4536 ἐπιζητοῦσι
3242 4464 3339 4535 τὴν
3362 4460 3673 4533 ἑρμηνείαν.

2463 4636 2646 4694 Εἶπεν
2672 4638 2871 4707 ἄφρων
2899 4636 2969 4689 ἐν
2994 4634 3199 4704 καρδίᾳ
3212 4631 3417 4687 αὐτοῦ·
3439 4634 3559 4685 οὐκ
3586 4631 3715 4685 ἔστι
3742 4632 3942 4695 Θεός...

2405 4732 2457 4782 Ὀ
2487 4730 2627 4795 Θεὸς
2658 4730 2725 4781 ὲκ
2762 4726 2863 4780 τοῦ
2891 4724 3146 4793 οὐρανοῦ
3173 4723 3457 4791 διέκυψεν
3487 4722 3583 4775 ἐπὶ
3616 4721 3756 4786 τοὺς
3787 4719 3942 4784 υἱοὺς

2393 4820 2511 4875 τῶν
2556 4819 2895 4889 ἀνθρώπων.
2914 4817 3147 4887 Ἐπειδὴ,
3177 4814 3250 4887 μὴ
3298 4815 3636 4884 λογισάμενοι
3685 4813 3777 4865 τὸν
3823 4811 3943 4864 Θεὸν

2394 4912 2673 4984 ἐφορῶντα
2694 4911 2763 4963 τὰ
2790 4909 3122 4980 ἀνθρώπινα,
3157 4906 3408 4979 κρίνοντα
3435 4906 3609 4977 κρίσει
3632 4904 3837 4975 δικαίᾳ,
3860 4902 3942 4957 καὶ

2394 5007 2571 5057 πᾶσαν
2597 5002 3013 5073 ἀθεμιτουργίαν
3043 5000 3313 5071 εἴργοντα,
3341 4996 3529 5050 τούτου
3557 4997 3713 5067 χάριν
3749 5000 3779 5049 ὁ
3824 4995 3942 5057 Θεὸς

2393 5099 2455 5149 ὲκ
2504 5095 2597 5147 τοῦ
2655 5093 2880 5164 ούρανοῦ
2926 5091 3161 5158 διέκυψε.
3192 5089 3360 5143 Τοῦτο
3388 5089 3491 5160 γὰρ
3526 5086 3710 5157 σαφῶς
3738 5087 3837 5157 τὴν
3872 5086 3941 5147 είς,

2393 5186 2710 5259 ἀνθρώπους
2734 5186 2825 5239 τοῦ
2853 5185 3058 5257 Κυρίου
3090 5183 3320 5254 πάροδον
3349 5180 3620 5253 σημαίνει.

2462 5279 2687 5345 Πάντες
2706 5276 3042 5342 ἐξέκλιναν,
3072 5275 3190 5345 ἅμα
3208 5273 3636 5343 ἡχρειώοησαν,
3677 5274 3790 5325 οὐκ
3822 5270 3942 5323 ἐστι

2394 5370 2578 5425 ποιῶν
2602 5370 2842 5439 ἀγαθὸν,
2868 5371 2975 5422 οὐκ
3006 5369 3176 5421 ἐστιν
3199 5367 3308 5433 ἕως
3329 5367 3485 5430 ἑνός.
3513 5364 3623 5433 Οὐχ
3663 5360 3941 5433 ὑπερϐολι-

2394 5462 2504 5525 κῶς
2549 5461 2723 5515 ταῦτα
2767 5460 3008 5531 εἴρηταιο
3058 5458 3207 5511 οὐδὲν
3254 5456 3361 5527 γὰρ
3412 5452 3799 5525 ὑπερϐολικῶς,
3836 5450 3941 5521 μετ’

2394 5552 2645 5625 ἀληθείας
2673 5553 2727 5607 δὲ
2758 5552 2930 5606 πάντα
2965 5551 3114 5623 παρά
3145 5555 3208 5623 τῇ
3258 5550 3447 5621 Γραφῇ
3481 5548 3713 5620 εἴρηται.
3748 5546 3941 5605 Πάντες
