4102 6312
143 348 232 409 τις
1197 355 1549 413 EXPOSITIO
1583 356 1650 412 IN
1688 355 2019 416 PSALMUM
2059 361 2193 418 LIV.

3219 361 3323 416 250

144 465 300 520 τοίνυν
339 464 579 518 Ἰουδαῖοι
624 465 896 533 ἐξέκλιναν
939 465 1036 538 τὴν
1077 466 1194 522 ὁδὸν
1239 467 1337 539 τὴν
1382 469 1640 538 λέγουσαν
1665 488 1676 499 ·

1784 471 2056 532 dicuntur.
2094 477 2292 532 Omnes
2320 475 2502 546 itaque
2526 475 2696 530 Judaei
2736 475 3138 532 declinaverunt
3176 495 3206 534 a
3239 481 3323 532 via

154 554 277 625 Ἐγώ
299 559 416 625 ειμι
450 556 490 624 ’ἠ
525 555 846 621 όδός.”Οθεν
875 555 968 608 καὶ
1013 556 1214 626 ἀχρεῖοι
1256 557 1525 625 γεγόνασι,
1556 558 1684 610 ταύ-

143 663 227 716 την
252 647 586 718 παραλαϐεῖν
610 648 669 700 οὐ
699 646 1063 718 βουληθέντες,
1090 647 1296 712 οὐδενὸς
1327 648 1599 712 ποιοῦντος
1621 649 1682 701 τὸ

143 737 347 805 ἀγαθόν.
370 739 455 792 Ἐν
484 739 673 809 ἀγνοίᾳ
697 739 806 810 γὰρ
835 738 998 792 αὑτοῦ
1031 738 1225 802 πάντες
1252 739 1540 810 ἐτύγχανον
1580 739 1684 793 ὑπὸ

145 828 221 882 τοῦ
247 827 474 898 νομικοῦ
509 829 902 900 πεπωρωμένοι
938 828 1280 898 γράμματος.

145 923 233 986 Εὶς
255 920 430 986 τέλος
457 923 527 974 ὲν
557 921 761 989 ὕμνοις
795 920 1097 986 συνέσεως
1137 918 1216 984 τῷ
1262 919 1456 973 Δαυΐδ.
1475 920 1569 972 Ἐν
1604 918 1684 985 τῷ

202 1013 398 1068 ἐλθεῖν·
415 1013 556 1078 τοὺς
587 1015 859 1082 Ζιφαίους
881 1014 976 1066 καί
1003 1011 1188 1066 είπεῖν
1211 1011 1286 1076 τῷ
1313 1013 1508 1066 Σαούλ
1527 1030 1538 1041 ·
1561 1013 1684 1064 Οὐκ

207 1105 330 1159 ίδοὺ
359 1104 542 1158 Δαυῒό
565 1103 883 1172 κέκρυπται
907 1107 1039 1172 παρ’
1064 1103 1240 1172 mir;
1272 1104 1404 1156 Nl".

758 1197 1074 1264 ’Υπόθεσις.

150 1287 346 1356 Φεύγων
395 1289 424 1340 ό
467 1287 628 1339 Δαυῐδ
674 1286 764 1339 τὸν
811 1286 980 1340 Σαοὺλ
1024 1287 1271 1341 ἐκάθισεν
1304 1289 1359 1339 ἐν
1395 1289 1460 1357 τῇ
1498 1286 1685 1358 ἐρήμῳ

207 1379 342 1450 lim.
374 1375 512 1432 Εἶτα
535 1377 853 1441 ἀπελθόντες
884 1380 934 1430 οἱ
978 1381 1187 1448 Ζιφαίοι
1232 1378 1364 1448 πρὸς
1395 1379 1484 1431 τὸν
1518 1378 1685 1430 Σαοὺλ

205 1472 540 1543 ἀπήγγειλαν
596 1471 686 1524 τὸν
735 1471 896 1525 τόπον
941 1474 998 1525 ἐν
1049 1465 1094 1539 ᾧ
1137 1467 1204 1541 ἦν
1261 1471 1682 1542 ἀποδιδράσκων.

215 1564 426 1629 Ἦξίουν
450 1564 508 1617 δὲ
539 1562 758 1618 ἐλθόντα
784 1562 1133 1616 συλλαὸέσθαι
1163 1562 1340 1616 αὐτόν.
1359 1564 1414 1615 '0
1439 1563 1513 1628 δὲ,
1550 1562 1686 1633 μετά

206 1659 384 1727 χεῖρας
411 1655 510 1727 τὴν
535 1655 697 1727 λύραν
724 1655 920 1720 λαϐὼν,
954 1657 1046 1710 ἅτε
1075 1655 1324 1724 ἐγνωκὼς
1360 1654 1438 1726 τῷ
1479 1672 1686 1726 προφη-

204 1746 330 1818 τικῷ
357 1747 653 1818 πνεύματι,
682 1748 757 1812 ὡς
781 1748 928 1802 οὐδὲν
957 1748 1124 1801 δεινὸν
1151 1749 1392 1802 πείσεται
1423 1747 1570 1818 παρά
1595 1747 1684 1800 τοῦ

203 1840 391 1902 Σαοὺλ,
422 1841 493 1894 τὰ
537 1840 866 1912 προκείμενα
887 1840 1019 1912 ᾄδει.
1049 1840 1156 1894 Καὶ
1190 1840 1294 1911 γὰρ
1327 1840 1568 1893 ἀπελθων
1605 1842 1684 1904 εἰς

209 1929 464 2000 σύλληψιν
502 1929 666 1983 αὐτοῦ
712 1928 898 1995 Σαοὺλ,
930 1929 1154 1998 ἧκουσεν
1180 1927 1436 1996 ἀγγελίαν
1460 1927 1564 1981 τῶν
1595 1928 1686 1980 ἀ).-

206 2020 462 2088 λοφύλων,
491 2021 583 2072 καὶ
612 2020 911 2092 ὑπέστρεψε
939 2019 1178 2072 σπεύδων
1202 2019 1337 2090 μετά
1356 2018 1461 2072 τῶν
1482 2019 1685 2090 ἀνδρῶν

204 2111 548 2181 αὑτοῦ.”Εχοι
576 2111 620 2163 δ’
649 2111 714 2165 ἂν
736 2111 805 2165 τά
827 2111 1062 2182 παρόντα
1089 2112 1360 2181 ἀναφορὰν
1393 2110 1485 2164 καὶ
1515 2114 1593 2174 είς
1627 2111 1686 2164 τὸ

203 2201 487 2272 πρόσωπον
517 2201 610 2255 τοῦ
640 2201 989 2255 ἀποστολικοῦ
1014 2200 1192 2272 χοροῦ,
1233 2201 1305 2264 ὡς
1345 2201 1442 2263 τὰς
1486 2203 1686 2254 ἐπανα-

206 2295 416 2358 στάσεις
463 2295 564 2358 τάς
605 2295 755 2366 παρά
779 2294 870 2347 τοῦ
903 2293 1083 2356 ἔθνους
1125 2293 1231 2346 τῶν
1269 2292 1550 2355 Ἰουδαίων,
1591 2293 1685 2346 καὶ

209 2385 468 2455 βασιλέων
498 2386 556 2439 δὲ
590 2386 696 2439 τῶν
722 2385 887 2440 ἐθνῶν
905 2387 994 2439 τὸν
1015 2385 1179 2456 θυμὸν
1213 2384 1576 2456 διηγούμενος,
1598 2384 1685 2438 τὸν

206 2479 329 2532 Θεὸν
362 2481 506 2545 ἀξιοί
537 2479 593 2545 ἐξ
618 2479 869 2532 ἁπάντων
907 2477 1140 2548 σωθῆναι
1168 2479 1253 2532 διὰ
1291 2477 1383 2531 τοῦ
1429 2479 1686 2548 ὀνόματος

205 2571 382 2624 αὐτοῦ.
416 2570 776 2642 Προφητικῶς
803 2588 862 2624 τε
897 2570 1201 2638 ἀποφαίνει,
1236 2569 1310 2631 ὡς
1341 2567 1684 2639 περιστρέφει

205 2665 310 2724 τοῖς
332 2662 550 2732 ἐχθροῖς
574 2663 654 2724 είς
683 2661 920 2732 κεφαλὴν
944 2663 972 2713 ὁ
1002 2660 1129 2723 Θεὸς
1157 2658 1224 2712 τά
1252 2658 1414 2721 κακὰ,
1448 2658 1604 2720 αὐτὸς
1632 2656 1685 2710 δὲ

206 2754 299 2815 τὰς
324 2753 624 2814 ἐπινικίους
652 2753 904 2823 προσάξει
925 2752 1129 2814 θυσίας.
1153 2751 1242 2803 Διὸ
1269 2750 1361 2802 καὶ
1385 2749 1689 2814 συνέσεως

207 2847 623 2916 ἐπιγέγραπται,
654 2849 731 2907 είς
773 2845 864 2898 τὸν
890 2844 1173 2916 εἰρημένον
1200 2843 1322 2897 νοῦν
1344 2843 1685 2913 ἀναπέμπον-

203 2953 291 3001 τος
314 2939 465 3006 ἡμᾶς
488 2934 581 2988 τοῦ
607 2934 840 3006 ψαλμοῦ.

217 3027 274 3082 '0
295 3031 461 3094 Θεὸς,
487 3028 558 3081 ἐν
576 3025 654 3093 τῷ
681 3027 922 3097 ὀνόματί
955 3042 1068 3080 σου
1107 3024 1311 3079 σῶσόν
1331 3041 1424 3093 με.
1459 3023 1590 3093 Οὐχί
1619 3021 1684 3075 δι’

140 3117 293 3173 ἄλλου
325 3119 473 3180 τινὸς
498 3119 530 3188 ἢ
554 3117 639 3171 διὰ
670 3117 764 3170 τοῦ
798 3117 1050 3187 ὀνόματος
1078 3115 1241 3169 αὑτοῦ
1269 3115 1499 3186 σωθῆναι
1524 3115 1682 3179 ἀξιοῖ.
1714 3141 1754 3199 C

142 3206 384 3279 [Ἐπειδὴ
422 3209 502 3271 δὲ,
531 3208 682 3279 φησὶ,
711 3209 772 3259 τὸ
801 3207 888 3260 σὺν
917 3207 1083 3277 ὄνομα
1107 3206 1485 3277 ἐπικαλοῦμαι,
1510 3209 1566 3260 ἐν
1590 3207 1688 3262 αὐ-

135 3305 208 3375 τῷ
233 3305 406 3375 τούτῳ
431 3304 530 3374 τὴν
561 3303 827 3373 σωτηρίαν
874 3319 972 3372 μου
1013 3300 1309 3372 παράσχου.
1347 3300 1454 3354 Καὶ
1488 3301 1557 3354 ἐν
1582 3300 1688 3353 δυ-

137 3396 384 3463 ναστείᾳ
425 3411 565 3457 σου,
625 3392 862 3447 τουτέστι
893 3391 970 3462 τῷ
1002 3391 1114 3462 Υίῷ
1158 3407 1271 3452 σου,
1317 3388 1534 3458 κρινεῖς
1572 3403 1685 3457 με’

133 3485 252 3537 ἀντὶ
281 3485 374 3537 τοῦ
394 3502 407 3516 ·
439 3485 554 3536 Οὐκ
583 3483 759 3546 ἄλλοις
791 3485 1021 3553 κριταῖς,
1051 3481 1184 3535 ἀλλά
1226 3483 1291 3552 τῇ
1334 3480 1554 3550 δυνάμει
1596 3495 1688 3532 σου

134 3577 210 3637 εις
237 3576 482 3641 ἐξέτασιν
508 3571 917 3643 παραδοθῆναι.]
948 3572 1056 3625 Καί
1086 3573 1155 3625 ἐν
1173 3572 1246 3640 τῇ
1286 3571 1530 3638 δυνάμει
1575 3587 1690 3624 σου

130 3667 353 3734 κρινεῖς
389 3683 487 3737 με.
528 3667 732 3737 Κρίνας
757 3663 865 3736 γὰρ
891 3664 986 3734 τὴν
1013 3664 1189 3735 κρίσιν
1216 3663 1413 3726 αὐτῶν,
1441 3663 1566 3725 τοὺς
1591 3663 1688 3732 μὲν

130 3758 381 3829 ἀπωλείᾳ
406 3757 710 3829 παρέδωκε,
739 3757 862 3820 τοὺς
890 3755 946 3808 δὲ
973 3754 1171 3808 ἔσωσεν
1200 3754 1305 3807 ἀπὸ
1328 3753 1433 3806 τῶν
1459 3751 1687 3824 ἐχθρῶν.

206 3848 263 3902 ’0
299 3849 465 3915 Θεὸς,
499 3847 863 3902 είσὰκουσον
905 3845 1017 3914 τῆς
1054 3845 1396 3915 προσευχῆς
1422 3863 1558 3914 μου.
1595 3843 1686 3896 Δέ-

129 3940 212 4004 ξαι
270 3958 378 4010 μου
422 3939 520 4002 τὰς
572 3941 802 4004 ἱκετείας
845 3941 940 3993 σὺν
980 3938 1248 4008 εὐμενείᾳ.
1276 3937 1570 3991 Ἑνώτισαι
1619 3934 1690 3989 τὰ

118 4031 366 4100 ῥήματα
391 4028 498 4083 τοῦ
529 4029 822 4099 στόματός
859 4030 1220 4098 μου.”ομοιον
1258 4027 1365 4098 τῷ·
1393 4026 1502 4081 Καὶ
1552 4025 1686 4093 νῦν,

124 4127 328 4192 Κύριε,
363 4123 533 4179 ἔπιδε·
568 4124 664 4177 ἐπὶ
700 4126 802 4188 τὰς
833 4121 1079 4189 ἀπειλὰς
1108 4117 1320 4174 αὐτῶν.

172 4279 283 4344 Είς
309 4277 490 4344 τέλος
522 4277 591 4331 ὲν
617 4276 824 4399 intra};
849 4275 1149 4399 Ἔιὲνέσεως
1171 4273 1250 4341 τῷ
1278 4272 1474 4328 Δαυτδ.
1507 4270 1631 4327 NA'.

817 4361 861 4398 π
931 4362 1081 4399 etne.

817 4361 1081 4411 ποσεσις.

1783 582 1904 636 quae
1925 567 2055 621 dicit
2081 567 2125 599 "
2170 585 2185 620 :
2228 565 2340 636 Ego
2386 583 2501 620 sum
2535 568 2640 620 uia.
2667 564 2816 622 Unde
2849 575 2900 621 et
2940 568 3157 623 inutiles
3200 569 3325 624 facti

1783 667 1931 719 sunt.
1950 674 2071 712 cum
2104 674 2220 712 eam
2243 660 2526 714 admittere
2550 659 2912 725 nollent,quia
2943 675 3101 714 nemo
3129 659 3326 715 iaceret

1781 749 2004 804 bonum.
2044 748 2100 802 In
2126 751 2426 820 ignorantia
2448 751 2591 806 enim
2627 751 2743 820 ejus
2769 751 3118 806 versabantur
3138 767 3326 808 omnes

1781 856 1812 895 a
1844 841 1998 911 legali
2025 842 2296 910 scriptura
2323 844 2596 897 excaecati.

1782 933 1834 986 1.
1869 931 1933 985 In
1955 933 2106 1001 ﬁnem
2141 935 2194 986 in
2216 935 2532 988 carminibus
2556 933 2845 988 intellectus
2892 933 3082 989 David.
3118 933 3171 990 2.
3194 934 3325 991 Cum

1847 1025 2100 1079 venissent
2133 1025 2330 1096 Ziplnei
2360 1037 2406 1079 et
2430 1026 2683 1079 dixissent
2708 1029 2774 1078 ad
2807 1025 2936 1079 Saul
2965 1042 2983 1080 :
3015 1026 3201 1083 Nonne
3220 1025 3326 1085 Da-

1845 1116 1928 1171 vid
1953 1117 2284 1172 absconditus
2312 1129 2384 1172 est
2416 1119 2554 1187 apud
2585 1134 2674 1170 nos
2701 1116 2909 1174 .’LIII.

2365 1209 2759 1279 Argumentum.

1782 1299 1920 1356 Cum
1958 1299 2164 1369 fugeret
2205 1299 2372 1355 David
2418 1317 2449 1355 a
2494 1301 2676 1367 Saule,
2718 1303 2962 1358 consedit
3013 1304 3067 1357 in
3115 1304 3326 1359 deserto

1858 1389 2014 1461 Ziph.
2050 1391 2250 1445 Deinde
2290 1393 2520 1461 digressi
2556 1392 2754 1463 Ziphai
2793 1395 2860 1448 ad
2891 1393 3044 1459 Saul,
3072 1395 3126 1450 in
3164 1411 3324 1465 quem

1853 1481 2028 1536 locum
2072 1480 2418 1552 profugisset,
2461 1484 2783 1540 indicarunt.
2836 1484 3110 1556 Rogabant
3149 1500 3323 1543 autem

1858 1580 1917 1625 ut
1943 1572 2240 1636 accederet,
2273 1583 2433 1643 atque
2472 1590 2596 1628 eum
2631 1577 3109 1645 comprehenderet
3134 1578 3200 1634 ”.
3235 1578 3326 1632 Ille.

1851 1677 2001 1727 vero,
2027 1675 2242 1731 accepta
2270 1664 2518 1717 manibus
2545 1665 2868 1735 lyra,utpoxe
2893 1669 3202 1736 prophetico
3218 1670 3328 1738 spi-

1858 1754 1963 1805 ritu
1991 1768 2192 1821 gnarus
2220 1767 2279 1807 se
2301 1753 2432 1806 nihil
2465 1755 2590 1806 mali
2626 1770 2655 1808 a
2689 1754 2846 1809 Saule
2877 1770 3179 1823 passurum,
3214 1756 3328 1813 haec

1856 1845 2018 1898 canit.
2065 1842 2198 1898 Nam
2243 1844 2513 1914 proiectus
2551 1846 2615 1899 ad
2665 1847 2980 1916 capiendum
3010 1864 3134 1902 eum
3174 1850 3326 1917 Saul,

1854 1936 2100 1990 nuntium
2142 1937 2345 2004 accepit
2375 1939 2634 1990 adventus
2663 1938 3102 2007 alienigenarum,
3143 1950 3197 1994 et
3234 1957 3321 1994 re-

1856 2040 2043 2095 gressu
2078 2026 2381 2094 properavit
2420 2041 2541 2080 cum
2586 2043 2745 2081 manu
2791 2029 3029 2082 virorum
3065 2043 3121 2083 se
3159 2030 3328 2084 comi-

1857 2117 2104 2170 tantium.
2134 2116 2256 2171 lla-c
2279 2125 2454 2171 autem
2479 2117 2664 2171 referri
2688 2118 2934 2172 videntur
2958 2120 3022 2172 ad
3045 2135 3326 2187 personam

1854 2208 2134 2275 apostolici
2179 2209 2353 2274 chori,
2399 2209 2554 2278 quasi
2603 2210 2691 2263 ille
2725 2225 2952 2264 narrans
3002 2211 3328 2279 irruptiones

1851 2297 2055 2354 Iudaici
2111 2303 2325 2369 populi,
2387 2317 2451 2356 ac
2505 2318 2690 2372 regum
2751 2305 2990 2372 gentium
3067 2305 3326 2365 furorem.

1853 2389 2018 2443 Deum
2050 2392 2312 2459 supplicet
2338 2406 2428 2458 per
2461 2406 2654 2446 nomen
2683 2393 2802 2461 ejus
2827 2393 2894 2445 ab
2918 2393 3170 2447 omnibus
3194 2394 3328 2462 eripi

1854 2483 2031 2537 malis.
2070 2482 2384 2553 Prophetice
2417 2497 2593 2538 autem
2627 2486 2808 2549 edicit,
2840 2485 3076 2539 futurum
3106 2495 3162 2539 ut
3190 2488 3329 2540 mala

1855 2567 1996 2626 Deus
2034 2573 2086 2625 in
2136 2584 2296 2642 caput
2334 2575 2674 2628 inimicorum
2706 2585 3032 2645 retorqueat,
3063 2576 3173 2644 ipse
3203 2590 3328 2628 vero

1855 2662 1908 2716 in
1945 2664 2154 2732 signum
2186 2675 2350 2734 parta:
2377 2665 2614 2718 \iewtiaa
2652 2667 2915 2719 sacriﬁcia
2962 2667 3168 2720 oﬂerat.
3192 2665 3325 2719 Pro-

1856 2764 2039 2824 pterea
2062 2755 2352 2809 intellectus
2380 2756 2712 2820 inscribitur,
2733 2758 2939 2826 psalmo
2957 2772 3055 2812 nos
3077 2758 3141 2812 ad
3165 2773 3328 2827 supra

1853 2845 2048 2900 dictam
2074 2848 2395 2902 sententiam
2427 2847 2721 2902 deducente

1853 3024 2014 3091 Deus,
2047 3028 2102 3078 in
2148 3026 2352 3078 nomine
2392 3034 2480 3078 tuo
2524 3026 2724 3080 salvum
2747 3043 2825 3081 me
2851 3027 2953 3097 fac.
2999 3026 3099 3082 Per
3136 3043 3330 3083 nomen

1790 3115 1979 3185 ipsius,
2022 3130 2129 3168 non
2163 3129 2258 3182 per
2305 3115 2447 3167 aliud
2486 3115 2784 3184 quidpiam,
2816 3116 3039 3169 salutem
3070 3115 3330 3184 consequi

1788 3213 1959 3272 rogat.
1992 3201 2452 3274 [Quandoquidem
2481 3213 2678 3264 autem,
2701 3203 2797 3264 ait,
2838 3218 3032 3256 nomen
3072 3212 3220 3257 tuum
3250 3206 3334 3256 in-

1785 3307 1940 3357 voco,
1981 3293 2035 3345 in
2086 3295 2187 3347 hoc
2233 3294 2349 3362 ipso
2389 3295 2617 3347 salutem
2679 3293 2811 3347 mihi
2861 3293 3117 3363 prmbeas.
3163 3293 3231 3347 Et
3275 3295 3332 3348 in

1786 3386 1973 3440 uirtute
1996 3393 2088 3438 tua
2116 3427 2130 3450 ,
2161 3385 2211 3438 id
2244 3392 2327 3438 est
2375 3384 2429 3438 in
2478 3383 2614 3439 Filio
2634 3395 2746 3450 tuo,
2764 3386 3027 3454 judicabis
3055 3403 3133 3440 me
3155 3403 3173 3451 ;
3198 3402 3260 3440 ac
3286 3387 3331 3440 si

1787 3481 2020 3535 diceret:
2055 3478 2171 3532 Non
2205 3479 2328 3532 aliis
2359 3476 2650 3546 judicibus,
2681 3477 2772 3530 sed
2798 3476 2979 3529 virtuti
3009 3487 3108 3529 tuae
3127 3477 3332 3530 exami-

1788 3573 2024 3626 nandum
2055 3586 2138 3624 me
2173 3569 2396 3640 tradas.]
2423 3567 2486 3621 Et
2515 3570 2566 3621 in
2591 3570 2780 3622 uirtute
2812 3579 2903 3621 tua
2921 3568 3190 3638 judicabis
3226 3584 3329 3624 me.

1783 3658 2040 3714 Judicans
2063 3659 2206 3713 enim
2238 3673 2424 3712 eorum
2456 3672 2696 3722 causam,
2727 3659 2861 3712 alios
2894 3659 3145 3728 perniciei
3169 3658 3333 3714 tradi-

1784 3755 1883 3820 dit,
1915 3755 2051 3810 alios
2084 3755 2260 3811 salvos
2284 3754 2407 3809 fecit
2436 3755 2503 3810 ab
2535 3754 2784 3808 inimicis.

1854 3847 1908 3904 ό.
1949 3847 2110 3910 Deus,
2160 3847 2352 3900 exaudi
2395 3845 2681 3898 orationem
2726 3859 2913 3898 meam.
2959 3842 3106 3898 Bono
3154 3843 3332 3898 animo

1786 3954 1960 3993 meam
1992 3938 2179 4005 excipe
2209 3937 2674 4005 supplicationem.
2715 3937 2938 3990 Auribus
2957 3936 3158 4002 percipe
3180 3932 3330 3987 verba

1784 4031 1892 4083 oris
1929 4030 2048 4082 mei.
2099 4027 2285 4082 Simile
2317 4029 2392 4082 illi
2427 4047 2440 4084 :
2475 4029 2542 4081 Et
2575 4044 2731 4089 nunc,
2771 4026 3007 4088 Domine,
3063 4025 3331 4078 considera

1784 4122 1954 4173 minas
1981 4135 2157 4172 eorum
2189 4119 2255 4172 ⁷⁸.

1785 4276 1837 4330 1.
1867 4273 1932 4330 1η
1973 4275 2126 4345 ﬁnem
2165 4276 2220 4328 in
2265 4273 2468 4345 hymnis
2499 4270 2786 4324 intellectus
2815 4269 2912 4331 ipsi
2938 4269 3121 4322 David.
3155 4267 3230 4323 LI
3248 4268 3304 4326 θ’.

2363 4344 2760 4412 Argumentum.

116 4479 203 4549 τῷ
238 4478 534 4548 Πνεύματι
565 4477 843 4549 θεωρήσας
878 4477 906 4528 ὁ
940 4475 1230 4547 Προφήτης
1259 4474 1325 4526 τὰ
1352 4473 1578 4544 ἐσόμενα
1601 4490 1691 4527 κα-

1795 4479 1999 4550 Spiritu
2047 4475 2312 4546 Propheta
2353 4471 2747 4542 contemplatus
2786 4482 2906 4538 quae
2941 4467 3119 4521 futura
3153 4474 3334 4521 essent

183 4573 256 4627 τὰ
308 4569 557 4642 Χριστοῦ
593 4569 742 4640 παρά
783 4566 874 4619 τοῦ
913 4565 1174 4623 Ἰουδαίων
1218 4563 1344 4618 λαοῦ
1396 4565 1488 4618 καὶ
1528 4564 1688 4616 αὑτοῦ

176 4664 282 4718 τοῦ
327 4661 526 4723 Ἰούδα,
558 4658 733 4729 λύπης
760 4655 1130 4726 πληρούμενος
1156 4655 1248 4707 καὶ
1272 4653 1595 4726 ἀμηχανίας,
1624 4653 1690 4724 ἣν

179 4757 282 4810 καὶ
330 4749 710 4820 ἀδολεσχίαν
733 4749 789 4802 ἐν
816 4747 893 4818 τῷ
922 4747 1145 4818 παρόντι
1172 4745 1437 4816 ὠνόμασε,
1465 4744 1692 4798 διατελεῖ

174 4844 605 4918 ταραττόμενος
655 4840 748 4894 καὶ
804 4838 1020 4910 ἀπορῶν
1069 4839 1127 4892 ἐν
1170 4839 1278 4900 τοῖς
1308 4835 1686 4907 τολμωμένοις,

175 4935 514 5011 παρακαλεί
558 4933 647 4987 τὸν
695 4931 825 4984 Θεὸν
858 4928 1210 4983 ὲνωτίσασθαι
1246 4929 1342 4998 τὴν
1387 4928 1689 4999 προσευχὴν

173 5029 390 5090 αὑτοῦ,
428 5027 525 5080 καὶ
558 5023 714 5079 τοῦτο
756 5021 902 5093 αὺτῷ
947 5023 1272 5092 παρασχεῖν·
1306 5014 1420 5072 εἶτα
1448 5018 1690 5091 δεύτερον

172 5122 406 5192 γνῶναι
459 5119 563 5188 τὴν
608 5114 696 5168 διὰ
745 5115 842 5183 τῆς
888 5111 1188 5185 προσευχῆς
1237 5110 1690 5180 ἀναπεμπομένην

169 5213 380 5284 δέησιν
398 5227 413 5240 ο
457 5209 554 5262 καὶ
576 5205 755 5276 τρίτον
784 5204 880 5274 τὴν
907 5203 1233 5257 κατάστασιν
1264 5200 1551 5255 θεάσασθαι
1594 5199 1688 5252 τοῦ

169 5307 277 5377 τὴν
345 5297 665 5372 προσευχὴν
711 5293 1150 5365 ἀναπέμποντος’
1200 5293 1291 5346 καὶ
1337 5292 1504 5355 οὕτως
1530 5292 1688 5344 αὐτὸν

168 5391 540 5458 καταξιῶσαι
595 5388 693 5457 τῆς
756 5385 944 5439 ἑαυτοῦ
1011 5385 1208 5454 ἀκοῆς·
1272 5383 1351 5437 διὸ
1409 5382 1683 5451 ὲπιλέγει’

171 5487 476 5556 Πρόσχες
504 5497 628 5550 μοι,
661 5477 757 5531 καί
783 5475 1143 5529 εἰσάκουσον
1167 5491 1303 5543 μου.

182 5575 536 5637 Ἑνώτισαι,
569 5575 602 5625 ό
640 5568 802 5634 Θεὸς,
835 5565 946 5636 τὴν
991 5565 1332 5635 προσευχήν
1385 5582 1514 5619 ιιου.
1566 5567 1688 5618 Δια-

1865 4571 2006 4625 mala
2053 4568 2270 4623 Christo
2320 4580 2414 4635 per
2463 4563 2676 4618 Judmos
2719 4561 2888 4620 illata,
2927 4574 2990 4612 ac
3017 4573 3111 4626 per
3158 4558 3332 4626 ipsum

1861 4658 2076 4722 Judam,
2111 4657 2293 4710 dolore
2318 4654 2504 4724 plenus
2535 4661 2587 4706 et
2616 4651 2901 4713 anxietate,
2927 4663 3087 4717 quam
3119 4647 3171 4700 in
3201 4663 3335 4717 pra:-

1859 4751 1997 4806 senti
2027 4748 2448 4802 exercitationem
2472 4749 2623 4796 vocat
2659 4761 2671 4796 :
2701 4739 3040 4811 perturbatus
3069 4737 3335 4792 etdubius

1863 4842 2047 4904 animi,
2081 4840 2134 4892 in
2177 4831 2564 4890 considerando
2604 4825 2913 4898 hujusmodi
2954 4823 3188 4879 facinore
3219 4837 3336 4876 mo-

1856 4949 1972 4990 ram
2017 4927 2270 4990 extrahit,
2300 4931 2553 4992 rogatque
2580 4919 2745 4972 Deum
2787 4925 2848 4970 ut
2889 4915 3113 4968 auribus
3160 4912 3336 4980 perci-

1851 5027 1956 5097 piat
1998 5020 2296 5077 orationem
2319 5028 2492 5078 suam,
2525 5020 2578 5064 et
2604 5009 2652 5063 id
2681 5007 2783 5063 sibi
2816 5003 3109 5068 concedat;
3137 5017 3332 5097 secnn-

1856 5091 1946 5178 do,
1974 5121 2034 5166 ut
2055 5105 2478 5163 obsecrationem
2503 5099 2750 5169 precibus
2770 5097 3020 5149 emissam
3050 5091 3331 5161 respiciat;

1862 5205 2042 5268 tertio,
2077 5209 2135 5254 ut
2165 5206 2360 5254 statum
2399 5191 2669 5263 precantis
2705 5187 3092 5254 contempletur
3126 5201 3140 5249 ;
3173 5190 3336 5251 atque

1861 5298 1933 5351 ita
1975 5294 2223 5364 dignetur
2263 5302 2386 5342 eum
2442 5283 2650 5347 audire,
2701 5277 3051 5349 quamobrem
3102 5273 3334 5343 adjicit;

1856 5385 2072 5440 Intende
2092 5380 2239 5442 mihi,
2270 5389 2316 5431 et
2340 5375 2529 5430 exaudi
2561 5387 2657 5427 me.

1864 5565 1914 5620 2.
1941 5561 2171 5626 Exaudi,
2216 5557 2376 5626 Deus,
2417 5556 2705 5613 orationem
2747 5565 2953 5621 meant,
2985 5559 3088 5607 etc.
3143 5543 3333 5601 Varias

173 5764 432 5822 κλωπ.
489 5774 613 5824 xiv,
689 5755 742 5810 6.
821 5755 863 5787 ⁶’
901 5751 1076 5824 lReg.
1103 5769 1259 5816 χχιιι,
1293 5753 1388 5820 i9;
1429 5770 1572 5820 xxvi,
1616 5755 1691 5823 1,:

1787 5771 1842 5824 q.
1914 5753 1967 5800 τ’.
2003 5751 2122 5806 Act.
2166 5763 2240 5813 tv,
2266 5745 2352 5802 29.
