4086 6308
819 372 918 429 251

1658 368 1713 420 S.
1754 365 2124 422 ATHANASH
2163 365 2313 421 OPP.
2356 364 2534 420 PARS
2573 367 2656 420 ΙΙΙ.
2697 397 2764 407 -
2799 365 3201 424 EXEGETICA.
3912 375 3996 430 252

818 491 972 546 all‘ert
1005 489 1425 558 supplicationes
1447 530 1460 554 ,
1495 504 1692 559 rogans
1733 488 1943 542 admitti
1994 488 2129 542 illas.
2173 485 2248 541 Ne
2277 488 2349 542 de

2441 539 2443 545 .
2473 489 2670 557 φόρους
2716 490 2948 555 ἱκετείας
2977 491 3270 562 προσφέρει
3295 490 3546 560 δεχθῆναι
3574 493 3772 555 ταύτας
3813 493 3994 548 ἀντιϐο-

817 585 1034 653 spicias,
1062 581 1251 650 inquit,
1273 596 1358 634 mc
1375 580 1786 648 supplicantem.
1805 581 1899 634 sed
1920 579 2174 634 benevolo
2190 579 2372 632 animo

816 678 1034 730 intende
1061 675 1212 737 milii,
1247 688 1299 728 et
1336 674 1594 726 auxilium
1628 673 1822 726 tribue.

883 769 935 822 5.
961 766 1315 821 Contristatns
1355 781 1470 817 sum
1513 765 1564 816 in
1597 766 1969 817 exercitatione
1996 780 2131 826 mea,
2163 771 2212 816 et
2246 777 2372 815 con-

815 862 1055 913 turbatus
1081 877 1215 913 sum.
1245 858 1525 911 Anxietate
1548 873 1780 924 namque
1803 857 1991 925 plenus
2013 865 2149 918 erat,
2179 855 2368 908 videns

812 954 1147 1021 iniquitatem
1185 951 1237 1005 in
1271 950 1603 1004 Salvammm
1647 949 1960 1010 admissam,
1988 963 2149 1017 quam
2175 947 2370 1001 exinde

811 1046 967 1099 docet
1012 1046 1094 1098 Itis
1145 1043 1321 1096 Vt‘l‘ltlS
1356 1060 1368 1094 :
1403 1044 1443 1094 Α
1475 1058 1591 1095 voce
1623 1041 1824 1094 inimici
1869 1049 1915 1092 et
1949 1057 1980 1093 a
2030 1039 2368 1092 tribulatione

808 1138 1113 1206 peccatoris.
1147 1135 1336 1188 Tutius
1381 1145 1559 1187 autem
1600 1134 1881 1187 sententiae
1909 1147 2060 1185 mens
2095 1131 2208 1184 lucc
2245 1139 2362 1184 est:

809 1228 1054 1296 Respice,
1082 1242 1283 1296 quiusa,
1321 1243 1481 1295 quam
1508 1225 1862 1279 οοιιιιίειαιυε
1885 1239 2025 1285 sum,
2059 1239 2219 1292 quam
2256 1233 2366 1275 tur-

807 1321 987 1384 batus,
1042 1335 1202 1389 quam
1253 1317 1640 1373 exercitatione
1684 1314 1918 1384 repletus
1958 1329 2126 1368 sum:
2171 1313 2363 1382 hisque

805 1411 1059 1467 admissis
1086 1410 1277 1463 exaudi
1306 1424 1407 1462 me.

874 1501 987 1557 4-7.
1033 1502 1295 1567 Quoniam
1343 1499 1730 1553 declinaverunt
1785 1497 1840 1550 in
1897 1511 1976 1548 me
2026 1494 2354 1563 iniquitates.

803 1593 1148 1660 Quaecunque
1203 1592 1348 1644 enim
1414 1591 1673 1644 adversus
1742 1585 2077 1641 Salvatorcm
2146 1582 2359 1637 accide-

801 1690 961 1745 runt,
1019 1681 1083 1733 ad
1138 1696 1290 1732 suam
1350 1679 1464 1748 ipse
1511 1691 1798 1747 personam
1857 1673 2034 1728 refert.
2099 1672 2244 1743 [llaec
2303 1671 2357 1724 in

801 1790 889 1828 tne
946 1775 1356 1843 perpetrabant,
1408 1772 1476 1824 ob
1527 1771 1684 1823 illata!
1739 1770 1963 1838 jactura:
2015 1766 2354 1829 memoriam,

799 1880 865 1918 ex
933 1864 1286 1918 irrationabili
1351 1864 1427 1916 ira
1495 1872 1820 1915 manentem.
1891 1861 1972 1914 Ira
2036 1873 2357 1928 permanens

798 1955 1079 2008 iracundia
1152 1964 1394 2008 vocatur.
1465 1952 1538 2007 Ea
1604 1968 1770 2037 vero”
1806 1953 1871 2006 de
1940 1966 2104 2005 causa
2169 1947 2357 2002 formi-

797 2044 1020 2101 dolosus
1040 2061 1208 2110 eram,
1235 2057 1394 2114 atque
1423 2047 1690 2108 turbatus,
1716 2053 1793 2107 ut,
1833 2052 2005 2097 morte
2031 2043 2140 2109 jam
2179 2040 2356 2093 immi-

799 2147 978 2200 nente,
1015 2147 1173 2205 atque
1218 2139 1268 2190 in
1327 2146 1532 2191 tantam
1588 2136 1755 2190 animi
1798 2135 2252 2189 concertationem
2302 2140 2355 2185 ct

795 2229 1140 2285 formidinem
1175 2231 1361 2292 incidi,
1396 2242 1454 2283 ut
1477 2245 1541 2283 ne
1570 2229 1778 2283 radium
1808 2227 2021 2296 quidem
2050 2225 2186 2278 lucis
2209 2224 2354 2278 vide-

797 2338 931 2385 rem,
969 2323 1057 2375 sed
1102 2322 1154 2374 in
1201 2322 1435 2376 tenebris
1480 2322 1726 2390 degerem
1767 2338 1780 2373 :
1827 2319 2189 2387 putabamque
2232 2329 2351 2368 om-

794 2415 946 2468 nium
984 2429 1160 2467 rerum
1190 2414 1446 2482 Optimam
1482 2428 1602 2466 esse
1631 2411 1835 2480 fugam,
1857 2425 1919 2464 ac
1948 2407 2204 2476 rogabam
2233 2406 2351 2460 dari

794 2507 926 2560 milii
977 2507 1089 2561 alas
1141 2506 1386 2558 aVoIandi
1439 2518 1624 2565 causa,
1679 2509 1738 2555 ut
1786 2501 1911 2554 alibi
1967 2498 2350 2571 quiescerem]

794 2594 898 2650 Cor
932 2611 1100 2647 meum
1128 2594 1492 2646 conturbatum
1527 2600 1602 2644 est
1627 2593 1678 2642 in
1706 2606 1803 2655 nte,
1832 2599 1882 2643 et
1914 2590 2141 2656 formido
2165 2591 2348 2642 mortis

791 2685 978 2738 cecidit
998 2700 1151 2752 super
1176 2700 1271 2737 me.
1299 2685 1436 2738 liccc
1466 2698 1558 2736 cor
1583 2699 1783 2741 meum.
1807 2683 2001 2751 inquit,
2027 2683 2207 2735 omnia
2233 2698 2348 2736 mea

792 2777 1050 2831 interiora
1090 2777 1280 2830 evertit
1309 2795 1320 2829 :
1353 2777 1460 2829 imo
1489 2777 1649 2829 etiam
1688 2776 1916 2837 formido
1950 2776 2134 2826 mortis
2161 2775 2346 2827 cecidit

789 2886 944 2939 super
991 2886 1088 2923 nte.
1148 2867 1413 2921 Nimirum
1459 2869 1562 2921 hoc
1584 2869 1649 2920 de
1691 2864 1986 2919 Salvatoris
2031 2875 2200 2918 morte
2251 2866 2347 2930 ait,

787 2963 858 3013 ob
910 2974 1073 3027 quam
1137 2957 1422 3010 formidine
1475 2956 1662 3024 plenus
1718 2953 1983 3022 Propheta
2038 2963 2188 3018 erat,
2246 2955 2346 3008 liu-

789 3066 949 3104 mana
975 3059 1248 3118 permotus
1283 3048 1606 3116 cogitatione
1640 3063 1652 3098 :
1699 3056 1790 3101 aut
1819 3050 1882 3100 de
1922 3056 2093 3101 morte
2133 3048 2348 3100 anima-

788 3158 932 3206 rum,
959 3157 1096 3210 quas
1133 3157 1223 3209 per
1269 3139 1381 3194 haec
1420 3137 1661 3194 facinora
1697 3139 1751 3193 in
1789 3140 2013 3192 exitium
2060 3153 2216 3191 ruere
2262 3137 2344 3190 fu-

789 3244 967 3287 turum
1007 3244 1139 3288 erat.
1176 3233 1280 3286 Sed
1315 3233 1475 3285 etiam
1507 3233 1660 3283 timor
1695 3240 1748 3284 et
1789 3240 1979 3283 tremor
2019 3229 2342 3298 Proplietam

785 3326 984 3381 invasit
1013 3335 1317 3379 cernentem
1344 3325 1597 3377 dilectum
1631 3321 1722 3377 Dei
1755 3325 1864 3377 haec
1899 3324 1966 3376 ab
1999 3323 2174 3390 impiis
2201 3324 2341 3392 pati;

788 3425 1125 3470 contexerant
1162 3423 1340 3468 autem
1362 3431 1482 3467 eum
1524 3414 1766 3478 tenebrae,
1794 3415 1919 3481 quia
1958 3414 2162 3466 scilicet
2194 3423 2344 3466 teuc-

786 3509 900 3562 bris
932 3508 1089 3576 digna
1126 3515 1442 3575 cssentquaa
1480 3505 1741 3558 adversus
1767 3502 2102 3557 Salvatori-m
2137 3512 2344 3573 patrata

787 3608 934 3655 sunt.
971 3597 1173 3652 Exinde
1216 3613 1344 3651 vero
1389 3597 1544 3666 quasi
1597 3595 1815 3650 relictus
1858 3596 1908 3649 in
1950 3595 2127 3650 medio
2156 3611 2342 3650 eorum

793 3690 875 3758 sui
915 3690 1026 3742 lucc
1057 3698 1294 3757 agerent,
1329 3689 1474 3740 nullo
1510 3687 1696 3742 relicto
1722 3687 1900 3758 cil’ugii
1939 3689 2078 3750 loco,
2111 3704 2206 3742 nec
2234 3703 2343 3757 quo

782 3783 1074 3837 declinaret
1107 3797 1135 3833 a
1167 3781 1330 3834 tantis
1359 3780 1515 3832 malis
1542 3779 1766 3840 habens.
1801 3788 2051 3846 precatur
2091 3795 2148 3832 se
2173 3780 2344 3834 subli-

784 3890 925 3928 mem
953 3874 1088 3941 rapi,
1120 3880 1274 3938 atque
1306 3872 1475 3923 instar
1510 3869 1626 3922 avis
1663 3884 1758 3937 per
1783 3883 1960 3923 aerem
1996 3869 2232 3924 avolare.

856 3987 909 4042 9.
953 3985 1333 4054 Exspectabam
1365 3982 1528 4037 Deum
1560 3984 1648 4048 qui
1685 3981 1888 4035 salvum
1914 3999 1991 4035 me
2017 3983 2159 4051 fecit,
2190 4000 2221 4035 a
2245 3998 2344 4052 pu-

779 4080 1146 4135 sillanimitate
1202 4079 1415 4145 spiritus
1466 4085 1513 4129 et
1573 4085 1889 4143 tempestate.
1945 4073 2339 4145 Tetnpestatcm

782 4181 937 4224 vocat
969 4169 1210 4224 dolorem
1245 4168 1343 4221 sibi
1372 4182 1465 4234 per
1497 4167 1804 4234 passionem
1832 4165 2092 4218 oblatum.

852 4259 938 4314 10.
971 4260 1228 4322 Ouoniam
1272 4259 1376 4310 ridi
1421 4259 1750 4325 iniquitatem
1779 4265 1828 4310 et
1871 4256 2339 4310 contradictionem
2387 4280 2396 4288 -

776 4354 834 4407 in
865 4352 1094 4405 civitate.
1124 4351 1333 4404 Causas
1376 4351 1598 4418 apponit
1629 4365 1728 4404 cur
1765 4365 1859 4406 eas
1889 4365 2076 4419 preces
2115 4349 2334 4405 fuderit.

850 4521 1035 4574 15-15.
1078 4518 1340 4583 Quoniam
1378 4518 1422 4570 si
1459 4517 1701 4570 inimicus
1758 4515 2112 4568 maledixissct
2180 4517 2328 4581 nti/ii,
2364 4526 2406 4579 ι)

776 4613 1143 4666 sustinuissent
1190 4610 1386 4678 utique.
1436 4607 1560 4661 llmc
1600 4608 1664 4661 ad
1709 4622 1996 4676 personam
2043 4608 2334 4676 proditoris

773 4704 894 4773 jure
927 4702 1247 4755 referantur.
1289 4699 1362 4752 Tu
1395 4717 1528 4763 vero,
1559 4701 1707 4752 homo
1736 4703 2020 4767 unanimis,
2058 4704 2166 4753 dux
2195 4719 2334 4756 meus

773 4806 822 4850 et
847 4807 998 4850 notus
1026 4811 1188 4847 mens.
1213 4793 1378 4859 Quasi
1399 4795 1560 4854 dicat,
1581 4794 1619 4845 Α
1651 4810 1736 4848 me
1769 4795 1878 4848 dux
1901 4796 2228 4849 constitutus
2251 4812 2331 4860 es,

773 4886 940 4940 Judas
984 4888 1210 4940 scilicet.
1256 4887 1359 4950 Qui
1409 4886 1566 4938 simul
1617 4901 1812 4938 mecum
1867 4886 2041 4938 dulces
2092 4889 2331 4955 cupiebas

775 4977 937 5030 cibos.
988 4975 1216 5030 Perinde
1263 4986 1347 5030 est
1393 4993 1455 5030 ac
1497 4978 1542 5030 si
1577 4976 1780 5030 diceret
1819 4996 1829 5030 :
1872 4978 2128 5046 Ejusdem
2191 4996 2331 5048 saepe

775 5083 977 5121 mensa:
1018 5082 1242 5121 consors
1285 5067 1451 5120 fui~ti.
1510 5066 1575 5120 In
1602 5068 1755 5120 domo
1811 5069 1903 5122 Dei
1944 5068 2327 5123 ambularimus

777 5176 894 5212 cum
927 5176 1200 5213 consensu.
1232 5158 1344 5213 lloc
1371 5160 1445 5212 ait
1470 5160 1595 5228 quia
1626 5175 1766 5230 saepe
1791 5176 1916 5214 cum
1955 5162 2046 5215 illo
2093 5163 2147 5214 in
2187 5172 2326 5217 tem-

773 5249 923 5321 plum
956 5259 1318 5303 concesserat.

843 5341 928 5394 16.
984 5340 1163 5395 Veniat
1196 5357 1332 5393 mors
1363 5358 1515 5410 super
1544 5341 1685 5404 illos,
1732 5352 1779 5396 et
1822 5343 2134 5396 descendant
2169 5346 2222 5396 in
2247 5346 2329 5397 in-

773 5432 973 5500 fernum
1003 5435 1239 5487 viventes.
1275 5433 1318 5498 ρ
1342 5435 1715 5502 ὀηιιοιιιιίιιριιι
1762 5435 2049 5490 noluerunt
2084 5445 2133 5489 te
2166 5438 2328 5490 vitam

773 5524 1036 5591 accipere,
1066 5526 1183 5578 ideo
1225 5540 1372 5578 mors
1404 5526 1631 5593 excipiet
1661 5542 1774 5580 eos.
1810 5525 1941 5578 Illud
1975 5539 2152 5580 autem
2183 5547 2195 5581 :
2231 5528 2330 5580 De-

774 5615 1020 5667 scandant
1043 5615 1095 5666 in
1118 5615 1379 5682 infernum
1409 5617 1650 5680 virentes,
1680 5619 1805 5687 quia
1822 5618 2070 5673 videlicet
2097 5621 2328 5678 scientes

867 5765 956 5836 ιι)
996 5766 1121 5825 Vide
1151 5766 1434 5827 Onomast.
1467 5775 1530 5828 ad
1569 5777 2090 5846 γουεηιἌγαπητός.

2476 583 2601 635 λῶν.
2625 585 2714 654 Μὴ
2739 583 2968 654 παρίδῃς
2989 584 3096 654 γάρ
3119 600 3205 652 με,
3239 584 3388 652 φησὶ,
3419 583 3994 652 ποτνιώμενον,ὰλλέὑ-

2479 671 2651 742 μενῶς
2684 690 2772 742 μοι
2800 673 3049 743 πρόσχες,
3079 673 3170 724 καὶ
3195 672 3292 741 τὴν
3331 671 3572 742 βοήθειαν
3605 672 3820 744 ῶρεξον.

2557 765 2892 831 Ἐ’.2υπήθην
2928 765 2997 817 ἐν
3028 763 3109 831 τῇ
3148 764 3472 833 ἀδολεσχίᾳ
3505 783 3642 834 μου,
3688 767 3785 819 καὶ
3818 769 3994 834 ἐταρά-

2474 857 2990 926 χθην.’Λμηχανίας
3031 857 3139 926 γὰρ
3176 855 3491 925 ἐπληροῦτο,
3526 856 3733 925 βλέπων
3764 859 3855 928 τὴν
3881 864 3995 915 κατὰ

2473 950 2564 1002 τοῦ
2597 950 2841 1019 Σωτῆρος
2872 949 3154 1017 γινομένην
3188 949 3542 1019 παρανομίαν,
3566 951 3631 1019 ῆν
3663 952 3756 1003 καὶ
3785 952 3994 1006 διδάσκει

2470 1043 2663 1113 ἐφεξῆς
2691 1043 2884 1110 λέγων·
2927 1040 3058 1094 Ἀπὸ
3089 1041 3290 1108 φωνῆς
3334 1041 3546 1109 ἐχθροῦ
3597 1042 3692 1095 καὶ
3744 1044 3855 1097 ἀπὸ
3893 1049 3996 1099 ολι-

2470 1138 2628 1202 ψεως
2673 1132 3112 1202 ἀμαρτωλοῦ.’0
3144 1132 3200 1184 δέ
3247 1134 3354 1194 πᾶς
3402 1131 3524 1196 νοῦς
3550 1127 3736 1195 οὗτος·
3787 1135 3994 1204 Πρόηες

2469 1226 2614 1286 ὅπως
2665 1224 2952 1295 ἐλυπήθην.
2999 1225 3146 1284 ὅπως
3189 1223 3508 1294 ἐταράχθην,
3549 1225 3696 1286 ὃπως
3743 1224 3995 1295 ἀδολεσχία

2465 1316 2865 1387 πεπλήρωμαι*
2919 1314 3309 1384 ἀποδεξάμενρς
3355 1331 3412 1366 τε
3459 1314 3650 1378 ταῦτα,
3708 1316 3994 1368 είσάκουσὸν

2467 1426 2587 1480 μου.

2535 1499 2651 1549 Ὀτι
2697 1496 3012 1561 ἐξέκλιναν
3058 1496 3150 1548 ἐπ’
3176 1495 3278 1564 ἐμὲ
3320 1497 3572 1565 ανομίαι.
3601 1497 3784 1550 Πάντα
3815 1498 3913 1568 γὰρ
3939 1500 3992 1551 τὰ

2462 1590 2600 1642 κατὰ
2628 1588 2720 1641 τοῦ
2749 1590 2993 1660 Σωτῆρος
3032 1587 3308 1659 συμϐάντα
3339 1589 3471 1658 πρὸς
3498 1590 3557 1641 τὸ
3579 1592 3778 1642 οἰκεῖον
3819 1592 3991 1660 ἀναφέ-

2465 1701 2546 1754 ρει
2581 1683 2884 1753 πρόσωπον.
2933 1681 3067 1753 [Διά
3103 1683 3458 1751 μνησικακίαν
3490 1698 3576 1752 μοι
3608 1682 3780 1735 ταῦτα
3806 1683 3990 1736 ἐποίουν

2460 1773 2736 1844 τεχθεῖσαν
2770 1773 2829 1837 ἐξ
2858 1775 3023 1844 ὀργῆς
3056 1774 3269 1840 ἀλόγου.
3306 1774 3474 1832 Κότος
3507 1776 3539 1841 ἡ
3573 1773 3826 1842 ἐπίμονος
3854 1775 3986 1845 ὀργή.

2390 1832 2429 1890 Β
2458 1868 2554 1920 Διὰ
2586 1866 2782 1932 ταύτην
2813 1867 2867 1919 δέ
2891 1832 2991 1935 τὴν
3025 1867 3201 1918 αἰτίαν
3233 1867 3483 1936 περιδεὴς
3520 1832 3785 1937 ἐγενόμην
3811 1832 3899 1919 καί

2457 1960 2811 2030 ταραγμένος,
2837 1957 2910 2021 ὡς
2939 1961 3252 2023 ἐπιστάντος
3283 1977 3381 2028 μοι·
3401 1961 3499 2030 ἥδη
3527 1957 3620 2012 τοῦ
3655 1960 3988 2022 θανάτου,καὶ

2454 2051 2685 2121 τοσαύτη
2715 2069 2801 2121 μοι
2826 2047 2984 2121 ἦλθεν
3012 2051 3214 2118 ἀγωνία
3241 2053 3331 2103 καὶ
3359 2052 3536 2118 φόϐος,
3571 2052 3646 2115 ὡς
3683 2053 3814 2122 μηδέ
3841 2054 3988 2107 δοκεῖν

2453 2141 2552 2210 τὴν
2582 2141 2770 2193 ἀκτῖνα
2802 2141 3026 2209 φαίνειν,
3059 2141 3168 2194 ἀλλ’
3201 2141 3504 2194 ἐσκοτίσθαι
3526 2159 3540 2171 ”
3567 2144 3660 2194 καὶ
3687 2143 3988 2215 ἐλογισάμην

2453 2234 2549 2304 τὴν
2585 2234 2758 2303 φυγὴν
2791 2229 2925 2286 εἶναι
2960 2235 3172 2287 πάντων
3199 2235 3421 2302 ἀμείνω,
3457 2234 3546 2286 καὶ
3577 2234 3822 2305 ηὐχόμην
3857 2237 3988 2302 γενέ-

2456 2322 2578 2374 σθαι
2626 2341 2713 2392 μοι
2759 2323 3028 2392 πτέρυγας
3071 2324 3161 2375 ἐπὶ
3195 2324 3271 2394 τῷ
3308 2324 3633 2394 μεταστῆναι
3660 2326 3755 2377 καὶ
3782 2325 3985 2395 ἀλλαχοῦ

2453 2411 2842 2482 καταπαῦσαι.]
2880 2413 2942 2465 'H
2965 2411 3171 2479 καρδία
3191 2431 3308 2480 μου
3331 2413 3618 2481 ἐταράχθη
3649 2415 3717 2466 ὲν
3736 2415 3877 2484 ἐμοὶ,
3904 2415 3988 2467 καί

2451 2499 2640 2554 δειλία
2684 2501 2938 2555 θανάτου
2982 2500 3274 2553 ἐπέπεσεν
3311 2503 3402 2554 ἐπ’
3427 2503 3695 2571 ἐμέἸδοὺ
3739 2507 3772 2575 ἡ
3820 2506 3986 2574 καρδία

2453 2611 2573 2664 μου,
2603 2595 2753 2664 φησὶ,
2784 2593 3059 2663 διέστρεψε
3091 2591 3159 2644 τὰ
3191 2592 3334 2645 ἔνδον
3363 2611 3461 2662 μου
3481 2612 3494 2625 ·
3533 2594 3667 2647 ἀλλὰ
3698 2596 3792 2648 καὶ
3823 2596 3987 2650 δειλία

2451 2681 2706 2735 θανάτου
2757 2681 3051 2733 ἐπέπεσεν
3095 2680 3186 2732 ἐπ’
3216 2680 3498 2748 ἐμέ.’”11τοι
3524 2681 3578 2733 δὲ
3607 2682 3700 2734 τοῦ
3744 2685 3984 2753 σωτηρίου

2449 2771 2674 2824 θανάτου
2721 2771 2884 2838 λέγει,
2912 2773 2993 2839 ἐφ’
3018 2764 3061 2837 ᾧ
3103 2769 3301 2833 δειλίας
3326 2773 3352 2824 ὁ
3387 2773 3673 2841 Προφήτης
3712 2773 3985 2844 ἐπληροῦτο

2449 2863 2768 2933 ἀνθρωπίνῳ
2811 2863 3051 2933 λογισμῷ
3094 2861 3438 2932 κινούμενος·
3472 2864 3503 2933 ἢ
3551 2863 3644 2915 τοῦ
3690 2864 3796 2915 τῶν
3825 2864 3982 2932 ψυχῶν

2448 2955 2697 3015 θανάτου,
2731 2955 2838 3008 τῶν
2879 2955 3202 3007 ἀπόλλυσθαι
3246 2955 3542 3023 μελλόντων
3568 2956 3655 3007 διὰ
3687 2957 3754 3009 τὰ
3789 2955 3983 3009 τοιαῦτα

2445 3046 2784 3114 τολμήματα.
2804 3046 2960 3097 Ἀλλὰ
2980 3047 3159 3112 φόϐος
3183 3046 3274 3096 καὶ
3302 3048 3510 3111 τρόμος
3521 3045 3757 3097 ἐπέπεσε
3776 3047 3847 3115 τῷ
3867 3048 3983 3116 Προ-

2449 3137 2590 3206 φήτῃ
2619 3135 2811 3206 ὁρῶντι
2834 3135 2922 3186 τὸν
2945 3136 3222 3202 ἀγαπητὸν
3249 3133 3358 3203 (21)
3390 3133 3480 3186 τοῦ
3505 3134 3637 3187 Θεοῦ
3665 3137 3879 3190 τοιαῦτα
3896 3139 3984 3191 ὑπὸ

2447 3228 2552 3279 τῶν
2582 3226 2789 3280 ἀσεϐῶν
2821 3227 3112 3296 πάσχοντα,
3130 3226 3386 3292 ἔκρυπτε
3407 3227 3463 3278 δέ
3493 3228 3651 3279 αὑτὸν
3672 3231 3898 3295 σκότος,
3918 3231 3981 3292 ὡς

2447 3319 2512 3372 ἂν
2551 3319 2738 3370 σκότου
2775 3317 2987 3386 ἀληθῶς
3017 3317 3139 3382 άξια
3191 3317 3258 3370 τὰ
3305 3319 3442 3370 κατὰ
3473 3318 3565 3370 τοῦ
3592 3319 3837 3388 Σωτῆρος
3865 3321 3983 3390 δρώ-

2450 3425 2601 3478 μενα.
2635 3404 2785 3469 Εἶτα,
2819 3407 3006 3474 ὥσπερ
3037 3405 3380 3474 ἀπολειφθεὶς
3421 3409 3478 3458 ἐν
3526 3408 3675 3476 μέσῳ
3699 3409 3805 3460 τῶν
3832 3409 3981 3461 ταῦτα

2443 3499 2710 3568 δρώντων,
2742 3500 2874 3567 μήτε
2913 3497 3039 3566 μίαν
3072 3514 3128 3548 τε
3171 3498 3305 3566 ἔχων
3350 3499 3658 3569 ἀποφυγὴν,
3703 3501 3833 3569 μηδὲ
3875 3502 3979 3552 am

2445 3589 2627 3652 κλίνας
2664 3588 2851 3642 ἐαυτὸν
2879 3588 3033 3651 ἐκτὸς
3065 3588 3172 3641 τῶν
3197 3588 3378 3641 κακῶν
3405 3589 3632 3657 γένοιτο,
3663 3591 3870 3664 εὔχεται
3896 3609 3978 3661 μι-

2442 3681 2645 3753 τέωρος
2686 3682 3004 3754 ἐπαρθῆναι,
3043 3682 3135 3734 καὶ
3180 3682 3376 3751 πτηνὸς
3421 3683 3709 3751 γενόμενος
3748 3684 3810 3736 δι’
3839 3683 3978 3753 ἀέρος

2443 3775 2712 3843 ἐκφυγεῖν.

2511 3977 2969 4044 Προσεδεχόμην
3000 3976 3106 4029 τὸν
3139 3975 3284 4029 Θεὸν
3307 3975 3565 4036 σώζοντα
3599 3994 3695 4045 με,
3722 3977 3836 4031 ἀπὸ
3872 3977 3974 4029 ὀλι-

2441 4065 2735 4132 γοψυχιάς
2767 4065 2863 4116 καὶ
2891 4065 3003 4116 ἀπὸ
3039 4065 3387 4134 καταιγίδος.
3417 4066 3713 4132 Καταιγίδα
3745 4067 3973 4134 ὀνομάζει

2439 4156 2537 4223 τὴν
2567 4155 2654 4208 διὰ
2681 4155 2773 4207 τοῦ
2806 4157 3008 4219 πάθους
3040 4157 3184 4225 αὐτῷ
3219 4158 3497 4226 συμϐᾶσαν
3521 4156 3716 4227 λύπην.

2512 4246 2629 4298 Ὀτι
2656 4242 2818 4299 εἶδον
2839 4249 3092 4315 ἀνομίαν
3116 4249 3210 4300 καὶ
3244 4249 3583 4317 ἀντιλογίαν
3604 4250 3672 4301 ἐν
3695 4249 3770 4318 τῇ
3797 4253 3969 4305 πόλει.

2438 4336 2625 4389 Αίτίαν
2663 4338 2991 4409 παρατίθησι
3023 4339 3088 4392 δι’
3116 4339 3182 4409 ἣν
3216 4341 3308 4392 καὶ
3346 4341 3442 4410 τὴν
3475 4343 3778 4410 προσευχὴν
3809 4344 3971 4407 ἐποιή-

2445 4442 2596 4479 σατο.

2507 4523 2643 4585 Ὅτι,
2671 4524 2720 4574 εί
2749 4522 2956 4590 ἐχθρὸς
2982 4521 3249 4576 ὠνείδισέ
3268 4540 3364 4592 με,
3398 4521 3704 4591 ὑπήνεγκα
3737 4523 3831 4577 ἄν.
3850 4521 3968 4574 Ταῦ-

2434 4628 2501 4663 τα
2531 4614 2607 4675 είς
2635 4614 2920 4683 πρόσωπον
2946 4614 3038 4666 τοῦ
3067 4615 3322 4684 προδότου
3351 4613 3732 4684 ἁναφέροιΐᾶν
3746 4615 3964 4675 δικαίως.

2433 4702 2518 4755 Σὺ
2547 4702 2631 4766 δὲ,
2658 4703 2924 4770 ἄνθρωπε
2954 4707 3230 4774 ὶσόψυχε,
3256 4705 3486 4774 ἡγεμών
3504 4723 3618 4774 μου
3641 4707 3738 4758 καὶ
3767 4704 3967 4775 γνωστέ

2429 4810 2566 4862 μου.
2585 4795 2729 4845 Ἀντὶ
2759 4794 2870 4858 τοῦ,
2895 4797 3244 4866 Κατεστάθης
3270 4795 3493 4866 ἡγεμὼν
3525 4797 3614 4847 ὑπ’
3633 4796 3792 4865 ἐμοῦ,
3815 4797 3964 4850 ὀἸούσ

2431 4883 2525 4945 δας
2555 4883 2920 4953 δηλονότι.“ος
2952 4886 3045 4938 ἐπὶ
3077 4887 3141 4938 τὸ
3185 4886 3327 4938 αὐτὸ
3352 4885 3684 4955 ἐγλύκανάς
3726 4906 3826 4957 μοι
3863 4885 3963 4939 ἐδέ-

2429 4975 2873 5044 σματα.”ομοιον
2893 4976 3024 5026 ὡσεὶ
3049 4975 3216 5044 λέγοι·
3236 4975 3347 5045 Τῆς
3375 4977 3538 5046 αὐτῆς
3561 4978 3836 5048 τραπέζης
3857 4979 3963 5028 πολ-

2429 5069 2584 5130 λάκις
2616 5067 2931 5138 ἠξιωμένος.
2969 5070 3063 5121 Ἐν
3090 5067 3166 5134 τῷ
3195 5069 3337 5136 οἴκῳ
3370 5069 3472 5122 τοῦ
3504 5069 3647 5122 Θεοῦ
3669 5071 3962 5139 exoptavi-01,»-

2423 5179 2536 5229 μεν
2567 5163 2634 5213 ἐν
2673 5162 2935 5229 ὁμονοίᾳ.
2961 5161 3128 5214 Τοῦτό
3178 5149 3308 5230 φησι
3345 5160 3432 5213 διὰ
3473 5161 3533 5213 τὸ
3578 5160 3959 5233 συνεληλυθέναι

2428 5255 2574 5326 αὐτῷ
2601 5254 2856 5316 πολλάκις
2891 5256 2966 5317 είς
3003 5255 3061 5307 τὸ
3090 5255 3250 5325 ἱερὸν.

2509 5360 2748 5414 Ἐλθέτω
2772 5360 2846 5427 δὴ
2875 5360 3123 5425 θάνατος
3149 5360 3240 5411 ἐπ’
3264 5361 3500 5428 αὐτοὺς,
3529 5362 3624 5414 καὶ
3653 5360 3957 5427 ararat?th

2427 5466 2548 5504 σαν
2569 5454 2654 5516 είς
2685 5451 2828 5517 ᾅδου
2857 5450 3081 5516 ζῶιπες.
3103 5452 3316 5523 Ἐπειδὴ
3351 5454 3447 5506 οὐκ
3474 5453 3736 5522 ἐθέλησάν
3784 5469 3838 5504 σε
3880 5448 3956 5515 τὴν

2430 5539 2572 5610 ζωὴν
2617 5541 3038 5615 παραδέξασθαι,
3082 5541 3250 5612 ταύτῃ
3295 5559 3375 5594 τοι
3422 5542 3643 5605 θάνατος
3691 5539 3953 5602 διαδέξεται

2429 5630 2641 5694 αὐτούς.
2682 5633 2754 5684 Τὸ
2785 5632 2859 5700 δὲ,
2891 5632 3322 5699 Καταϐήτωσιιν
3351 5635 3435 5699 είς
3469 5633 3615 5699 ᾅδου
3642 5631 3863 5698 ζῶντες,
3888 5629 3953 5684 ὅτι
