4102 6312
1288 371 1650 431 EXPOSITIO
1685 373 1752 429 ΙΝ
1791 373 2125 434 Ρελιυυκ
2165 376 2275 436 ΙΝ.

3299 383 3408 439 εει.

186 503 262 572 δὴ.
296 501 652 570 γινώσκοντες
681 497 838 554 αὐτὸν
864 496 998 553 εἶναι
1038 502 1127 554 τὸν
1169 501 1518 573 κληρονόμον,
1554 498 1727 555 εἷπον·

1841 502 2018 571 ipsum
2050 505 2314 561 heredem
2359 519 2501 571 esse,
2541 503 2814 566 dixerunt,
2867 497 3062 562 Venite,
3104 500 3403 556 occidamas

186 593 377 657 Δεῦτε,
401 593 842 662 ἀποκτείνωμεν
871 595 1057 648 αὐτόν
1078 610 1091 623 ·
1126 593 1221 665 τὴν
1255 593 1362 665 γὰρ
1397 595 1592 662 γνῶσιν
1623 595 1727 648 avri

1839 613 1958 650 eum
1992 597 2036 628 "
2068 612 2083 663 ;
2124 611 2248 651 nam
2277 596 2645 664 cognitionem
2676 607 2773 663 pro
2802 591 2909 645 vita
2939 590 3138 660 posuit.

186 688 278 758 τῆς
303 688 451 758 ζωῆς
485 686 768 740 ὲτεθείκει.

263 777 407 846 Ἐγὼ
426 776 577 846 πρὸς
604 777 710 830 τὸν
731 775 875 830 Θεὸν
895 775 1202 845 ἐκέκραξα,
1222 775 1317 830 καί
1342 779 1375 830 ό
1394 777 1602 844 Κύριος
1621 777 1743 828 εισ-

182 869 407 936 ήκουσέ
428 869 726 938 μουοἘγὼ
771 867 905 939 πρὸς
947 867 1036 920 τὸν
1073 868 1203 920 Θεὸν
1241 868 1527 939 ἐκέκραξα.
1556 868 1664 921 Καὶ
1689 867 1742 920 τί

193 961 525 1032 ἑκέκραξενς
585 959 618 1030 ἢ
669 958 1002 1029 λυτρωθῆναι
1052 961 1150 1031 τὴν
1202 958 1379 1032 ψοχὴν
1421 959 1583 1013 αὐτοῦ
1636 959 1743 1012 ἀπὸ

183 1050 284 1104 τῶν
314 1050 625 1121 ζητούντων
653 1048 913 1102 ἀπολέσαι
953 1049 1138 1120 αὐτὴν.
1169 1049 1260 1101 Διὸ
1283 1049 1348 1118 δὴ
1379 1048 1470 1101 καὶ
1496 1050 1744 1119 εἰσήκου-

185 1159 322 1196 σται.

258 1233 553 1301 Ἑσπέρας
578 1233 671 1287 καὶ
702 1233 845 1302 πρωὶ
870 1233 966 1287 καί
981 1235 1349 1303 μεσημϐρίας
1368 1233 1738 1304 διηγήσομαι.

195 1325 336 1377 ’Δντὶ
363 1324 482 1387 τοῦ,
514 1324 588 1377 Οὐ
620 1324 894 1394 παύσομαι
919 1324 1287 1394 διηγούμενος,
1305 1326 1387 1378 ὃτι
1410 1325 1474 1397 δὴ
1499 1325 1742 1380 εἰσακού-

186 1433 276 1480 σας
306 1415 646 1487 λελύτρωσαι
676 1415 770 1486 τὴν
797 1416 972 1486 ψυχήν
1009 1433 1130 1486 μου.

250 1507 371 1561 Ὀτι
419 1508 492 1561 ὲν
536 1508 787 1573 πολλοῖς
828 1504 988 1577 ἦσαν
1025 1509 1147 1561 σὺν
1185 1507 1460 1577 ἐμο[.Ὅτι
1487 1511 1534 1561 οἱ
1560 1506 1742 1560 πολλοὶ

187 1599 432 1652 συνίεσαν
462 1598 602 1669 (22')
644 1601 760 1652 κατ’
790 1599 920 1671 ἐμοῦ
952 1598 1261 1669 βουλόμενοι
1292 1600 1390 1669 τὴν
1415 1599 1591 1670 ψυχήν
1633 1617 1732 1670 μου

187 1690 436 1762 ἐξαίρειν.

251 1785 330 1836 Οὐ
357 1781 470 1852 γάρ
497 1782 667 1835 ἐστιν
708 1780 909 1847 αὐτοῖς
949 1781 1358 1850 ἀντάλλαγμα.
1395 1778 1742 1850 Ταπεινωϐή-

1910 775 1996 829 l7.
2037 773 2147 846 Ego
2199 785 2374 829 autem
2418 775 2488 828 ad
2529 774 2694 828 Deum
2743 772 3002 834 clamavi,
3041 779 3089 824 et
3143 767 3401 824 Dominus

1839 866 2106 920 exaudirit
2136 883 2232 919 me.
2272 866 2383 936 Ego
2426 866 2489 920 ad
2541 865 2826 918 Dominum
2871 862 3121 918 clamavi.
3192 860 3400 932 Ecquid

1842 959 2151 1013 clamavit?
2209 960 2314 1014 nisi
2370 969 2429 1013 ut
2479 959 2781 1028 eriperetur
2834 956 3152 1027 animat-jus
3220 961 3286 1013 ab
3335 959 3399 1012 iis

1840 1049 1934 1119 qui
1975 1064 2093 1102 eam
2143 1051 2364 1118 perdere
2400 1052 2732 1120 quaerebant.
2782 1048 3146 1116 Quamobrem
3176 1051 3400 1106 exaudi-

1842 1152 1929 1197 ῑιιε
1955 1151 2053 1196 est.

1915 1231 2002 1285 18.
2060 1229 2273 1298 Vespere
2313 1240 2362 1284 et
2403 1245 2554 1283 mane
2593 1238 2643 1283 et
2676 1231 2891 1284 meridie
2932 1233 3183 1287 narrabo.
3229 1233 3399 1300 Quasi

1841 1323 2020 1378 dicat:
2052 1320 2171 1374 Non
2219 1322 2378 1375 linem
2428 1320 2620 1375 faciam
2669 1322 2990 1390 enarrandi,
3045 1325 3188 1393 quod
3227 1340 3398 1379 exau-

1842 1416 1992 1470 diens
2021 1429 2107 1467 me
2133 1413 2424 1465 redi-meris
2450 1413 2688 1465 animam
2719 1427 2912 1467 meam.

1913 1507 1998 1561 l9.
2042 1506 2302 1570 Quoniam
2349 1506 2484 1558 inter
2539 1505 2731 1558 multos
2777 1513 2927 1559 erant
2975 1520 3196 1558 mecum.
3251 1501 3400 1571 Quo-

1842 1599 1985 1653 niam
2031 1598 2185 1651 multi
2227 1603 2601 1652 convenerunt
2627 1609 2814 1651 contra
2862 1613 2970 1663 me,
3005 1598 3243 1653 volentes
3275 1596 3398 1650 ani-

1843 1706 1984 1744 mam
2022 1688 2235 1744 auferre
2265 1687 2415 1741 mihi.

1911 1781 2000 1836 20.
2045 1779 2169 1834 Non
2207 1781 2342 1834 enim
2371 1788 2449 1834 est
2482 1779 2591 1833 illis
2629 1778 2986 1831 commutatio.
3014 1775 3398 1831 Humiliabun-

184 1851 377 1936 cavsas,
411 1874 595 1945 φησὶν,
631 1874 814 1944 ἐπειδὴ
845 1873 963 1926 οὐδὲ
999 1873 1180 1944 ἔχουσι
1222 1873 1319 1942 τῆς
1361 1872 1533 1942 ψυχῆς
1559 1872 1727 1925 αὐτῶν

1841 1882 1946 1939 tur,
1978 1874 2170 1944 inquit,
2218 1872 2436 1942 quando
2494 1887 2602 1925 non
2653 1871 2855 1926 habent
2904 1869 3392 1924 commutationem

181 1961 734 2034 ἁντάλλαγμα.”Απαξ
765 1965 870 2038 γὰρ
897 1965 1258 2036 ἀρνησάμενοι
1297 1963 1358 2016 τὸ
1396 1962 1574 2034 τίμιον
1598 1957 1735 2033 αἷμα

180 2058 432 2128 Χριστοῦ,
461 2059 523 2110 τδ
567 2059 890 2129 εἰλημμένον
935 2057 1287 2126 ἀντάλλαγμα
1334 2056 1474 2128 ὑπὲρ
1510 2055 1610 2126 τῆς
1638 2053 1732 2107 τοῦ

179 2150 373 2219 κόσμου
409 2149 575 2220 ζωῆς,
607 2149 788 2203 οὐκέτι
817 2147 1104 2220 εὐποροῦσι
1135 2148 1350 2219 λύτρου.

249 2327 536 2393 Ἐξέτεινε
578 2329 692 2396 τὴν
735 2330 901 2398 χεῖρα
940 2330 1123 2385 αὐτοῦ
1162 2329 1230 2382 ἐν
1264 2326 1341 2392 τῷ
1363 2327 1728 2382 ἀποδιδόναι.

175 2419 335 2483 Αὐτὸς
381 2419 484 2488 μὲν
537 2419 764 2482 ἐξέτεινε
798 2423 894 2491 τὴν
925 2421 1257 2493 παρεκτικὴν
1288 2423 1441 2492 χεῖρα
1469 2419 1576 2473 τῶν
1603 2421 1733 2487 ἁγα-

174 2509 273 2562 Θῶν
303 2513 385 2574 είς
409 2512 472 2564 τὸ
507 2511 824 2581 μεταλαϐεῖν
860 2514 1053 2576 αὐτοὺς
1077 2514 1174 2583 τῆς
1206 2512 1480 2581 εὐλογίας·
1509 2514 1557 2564 oi
1586 2511 1642 2565 δὲ
1668 2513 1728 2564 οὐ

177 2603 325 2669 μόνον
346 2602 449 2655 οὐκ
474 2600 721 2666 ἐδέξαντο
745 2621 757 2632 ³
788 2602 919 2656 ἀλλὰ
946 2604 1040 2657 καὶ
1071 2603 1184 2671 τὴν
1207 2601 1494 2669 διαθήκην
1525 2600 1726 2666 ἐϐεϐή-

173 2691 393 2753 λωσαν,
428 2691 667 2760 δηλονότι
698 2691 794 2761 τὴν
828 2693 1200 2764 εὐαγγελικήν.

235 2784 703 2851 Διεμερίσθησαν
743 2783 859 2836 ἀπὸ
905 2783 1086 2852 όργῆς
1127 2783 1230 2837 τοῦ
1277 2783 1596 2851 προσώπου
1620 2784 1726 2836 αὑ-

175 2875 285 2928 τοῦ.
308 2875 528 2945 Ἐπειδὴ
559 2874 850 2945 κακοῦργοι
879 2877 1005 2947 περὶ
1032 2876 1120 2929 τὸν
1142 2877 1431 2948 εὐεργέτην
1450 2877 1723 2946 γεγόνασι,

173 2967 333 3039 ταύτῃ
362 2983 446 3019 τοι
479 2968 570 3019 καὶ
602 2969 681 3030 είς
705 2968 877 3021 πάντα
912 2968 1108 3038 ἄνεμον
1140 2969 1335 3032 αὐτοὺς
1362 2969 1723 3041 διεσκόρπισε.

172 3057 271 3110 Καὶ
317 3057 580 3126 ἤγγισαν
617 3062 675 3112 al
720 3059 949 3128 καρδίαι
989 3059 1203 3114 αὐτῶν.
1253 3060 1420 3115 Πάλιν
1459 3063 1586 3133 περὶ
1633 3061 1723 3114 τοῦ

181 3147 340 3201 Ἰούδα
375 3149 468 3201 τὸν
498 3149 653 3217 λόγον
674 3149 1006 3203 ἀποτείνεται
1025 3168 1039 3182 ·
1077 3151 1154 3221 Τῇ
1174 3151 1387 3222 καρδίᾳ,
1419 3153 1570 3222 φησὶ,
1599 3169 1725 3204 κατ-

171 3238 379 3303 εδέξατο
409 3241 472 3293 τὸ
519 3240 804 3310 προδοῦναι
835 3240 1084 3309 Χριστόν.
1120 3241 1228 3293 Καὶ
1254 3241 1316 3311 δὴ
1349 3240 1535 3307 λόγους
1571 3257 1731 3311 προσ-

171 3330 353 3401 έφερεν
379 3330 622 3393 ἁπαλούς
649 3347 706 3383 τε
739 3332 833 3383 καὶ
853 3330 1046 3392 λείους,
1073 3330 1186 3383 ἀλλ’
1209 3326 1348 3400 ἦσαν
1370 3331 1567 3394 κακίας
1595 3331 1732 3402 πλή-

171 3439 295 3492 ρεις.
319 3423 476 3487 Τίνες
506 3423 564 3475 δὲ
599 3424 646 3475 οἱ
672 3422 817 3491 λόγοι
847 3423 880 3494 ἢ
909 3422 989 3486 τὸ,
1019 3422 1212 3491 Χαῖρε,
1244 3421 1460 3486 Ῥαϐϐί,
1482 3423 1573 3476 ἐπὶ
1599 3441 1730 3494 προ-

167 3513 314 3586 δοσίᾳ
341 3515 671 3585 λεγόμενονς

244 3608 590 3676 Ἐπίρῤιψιον
624 3606 722 3659 ἐπὶ
747 3605 962 3673 Κύριον
1001 3604 1115 3673 τὴν
1147 3605 1436 3674 μέριμνάν
1470 3621 1605 3669 σου,
1627 3608 1726 3662 καὶ

165 3701 342 3764 αὑτός
387 3715 464 3752 σε
509 3696 1057 3768 διαθρέΨειῘΟμοιον
1083 3697 1173 3749 τό·
1208 3698 1302 3764 Μὴ
1325 3699 1727 3767 μεριμνήσητε

167 3793 220 3844 τί
242 3791 492 3862 φάγητε,
523 3789 562 3858 ἣ
595 3790 649 3843 τί
672 3790 862 3858 πίητε,
895 3789 933 3857 ἢ
963 3789 1019 3842 τί
1057 3789 1411 3856 ἐνδύσησθε.
1444 3793 1524 3844 Οὐ
1548 3791 1725 3846 δώσει

164 3881 248 3944 είς
270 3881 376 3932 τὸν
397 3876 584 3931 αἰῶνα
614 3875 808 3930 σάλον
842 3876 920 3941 τῷ
953 3876 1171 3942 δικαίῳ.
1193 3878 1333 3930 Ἀντὶ
1357 3879 1472 3932 τοῦ·
1492 3881 1726 3934 Ἐκσπά-

166 3985 246 4022 σει
265 3971 392 4033 τοὺς
418 3968 659 4029 δικαίους
683 3969 740 4019 ἐν
770 3967 929 4020 παντὶ
957 3967 1131 4038 καιρῴ
1161 3968 1268 4021 ἀπὸ
1304 3971 1482 4042 πάσης
1527 3975 1723 4026 ἐπαναο

163 4058 402 4121 στάσεως
428 4055 659 4127 ἐχθρῶν.

226 4151 310 4204 Σὺ
337 4149 427 4215 δὲ,
461 4152 494 4203 ό
515 4149 678 4214 Θεὸς,
706 4146 976 4214 κατάξεις
1009 4150 1227 4217 αὐτοὺς
1258 4155 1344 4218 εὶς
1385 4153 1569 4222 φρέαρ
1608 4154 1723 4208 δια-

159 4241 398 4309 φθορᾶς.
455 4239 594 4302 Τοὺς
643 4240 1041 4305 ὲπαναστάντας
1085 4242 1322 4315 δηλονότι
1365 4246 1458 4298 καὶ
1508 4245 1721 4318 σταυρῷ

158 4333 518 4404 παραδόντας.
558 4330 737 4401 Φρέαρ
767 4331 874 4404 γὰρ
906 4332 1198 4404 διαφθορᾶς
1238 4337 1329 4390 τὸν
1372 4337 1502 4408 ᾅδην
1537 4337 1716 4408 φησίν.

160 4425 398 4491 Ἄνδρες
444 4424 708 4490 αἱμάτων
737 4423 831 4476 καὶ
865 4423 1206 4492 δολιότητος
1249 4430 1320 4481 οὐ
1360 4429 1445 4498 μὴ
1478 4432 1720 4499 -ἠμισεύ-

1839 1968 2032 2021 auima:
2091 1980 2220 2020 sua}.
2269 1961 2401 2016 Nam
2457 1977 2580 2016 cum
2631 1964 2797 2018 semel
2849 1963 3143 2032 pretiosum
3190 1958 3395 2013 Christi

1837 2058 2151 2126 sanguinem
2176 2057 2514 2126 abnegarint,
2542 2055 2634 2122 qui
2657 2063 2914 2122 acceptus
2944 2051 3120 2106 fuitin
3148 2065 3394 2106 commu-

1839 2150 2092 2204 tationem
2124 2163 2219 2217 pro
2239 2149 2344 2201 vita
2369 2147 2575 2209 mundi,
2602 2162 2708 2200 non
2741 2147 2880 2198 ultra
2902 2143 3134 2212 suppetit
3162 2143 3396 2211 pretium

1837 2241 2246 2309 redemptionis.

1905 2333 1993 2386 2|.
2041 2330 2288 2384 Eztendit
2341 2345 2554 2382 manum
2588 2343 2738 2380 suam
2777 2327 2832 2379 in
2875 2324 3226 2379 retribuendo.
3269 2322 3394 2393 Ipsa

1835 2426 2051 2496 quidem
2101 2423 2339 2478 extendit
2379 2436 2598 2474 manum
2645 2435 2799 2474 suam
2850 2418 3116 2473 bonorum
3163 2414 3396 2483 largitri-

1835 2534 1948 2573 cem
2000 2525 2058 2570 ut
2105 2516 2204 2584 ipsi
2258 2515 2594 2583 perciperent
2640 2509 3066 2565 benedictionem
3101 2526 3115 2574 ;
3146 2509 3222 2563 illi
3265 2521 3395 2564 ven)

1835 2625 1940 2662 non
1980 2609 2141 2662 modo
2174 2623 2279 2661 non
2313 2616 2649 2673 receperunt,
2690 2605 2780 2657 scd
2816 2603 2976 2656 ctiam
3008 2604 3395 2655 contaminass-

1834 2708 1955 2752 runt
1981 2707 2370 2756 testamentum,
2402 2693 2612 2749 scilicet
2636 2691 3029 2760 evangelicum.

1903 2793 1992 2847 9-2.
2039 2792 2201 2846 Divisi
2239 2802 2359 2843 sunt
2398 2788 2462 2840 ab
2503 2788 2585 2840 ira
2615 2785 2786 2838 vultus
2811 2783 2944 2850 ejus.
2989 2781 3276 2848 Quoniam,
3310 2779 3393 2832 in-

1831 2886 1968 2956 quit,
2020 2885 2071 2938 in
2119 2882 2513 2938 benefactorem
2546 2876 2773 2946 improbi
2803 2884 2860 2930 et
2900 2873 3118 2943 maligni
3155 2871 3390 2936 fuerunt,

1833 2979 1951 3032 ideo
1974 2976 2257 3044 dissipavit
2295 2974 2415 3027 illos
2459 2973 2510 3024 in
2557 2985 2771 3024 omnem
2807 2977 3046 3021 veulum.
3093 2962 3161 3017 Et
3201 2977 3392 3032 appro-

1829 3073 2210 3140 pinquaoerunt
2246 3066 2406 3118 corda
2443 3063 2677 3116 illorum.
2719 3062 2950 3116 Rursum
2990 3058 3055 3112 de
3098 3055 3235 3110 Juda
3279 3069 3393 3109 ser-

1831 3179 2046 3218 monem
2084 3161 2317 3215 instituit
2346 3176 2360 3211 :
2386 3156 2584 3218 Corde,
2632 3155 2843 3223 inquit,
2891 3150 3148 3222 prodendi
3187 3146 3392 3202 Christi

1832 3256 2118 3311 consilium
2149 3251 2384 3307 admisit.
2419 3249 2482 3305 Et
2520 3249 2736 3319 quidem
2782 3245 2918 3299 lenia
2944 3251 2998 3297 et
3028 3241 3220 3295 blanda
3261 3253 3391 3308 pro-

1831 3344 2056 3406 ferebat,
2081 3345 2172 3399 sed
2198 3359 2320 3411 quae
2353 3351 2538 3396 essent
2566 3338 2771 3394 malitia
2806 3337 2979 3406 plena.
3013 3333 3143 3400 Quin
3173 3332 3335 3386 verba
3371 3331 3392 3385 ι

1829 3435 1935 3490 nisi
1983 3435 2112 3488 illud
2154 3452 2169 3486 :
2202 3434 2327 3497 Are,
2357 3430 2524 3484 Rabbi
2556 3431 2626 3493 ⁷³,
2661 3427 2803 3500 quod
2842 3426 2897 3479 in
2945 3420 3220 3493 prodendo
3264 3435 3390 3490 pro-

1829 3527 1970 3580 tulit.

1896 3618 1987 3672 25.
2029 3615 2188 3669 laeta
2222 3629 2376 3677 super
2409 3611 2686 3665 Dominum
2722 3626 2904 3664 curam
2929 3617 3094 3672 tuam,
3122 3617 3168 3660 et
3194 3606 3305 3673 ipse
3339 3614 3388 3658 te

1825 3708 2066 3763 cnutriet.
2104 3703 2293 3758 Simile
2342 3703 2471 3758 illud
2519 3722 2533 3758 :
2585 3701 2767 3756 Nolite
2814 3701 3027 3755 solliciti
3074 3715 3207 3762 esse,
3259 3697 3386 3766 quid

1825 3796 2227 3860 manducabitis,
2248 3795 2480 3865 autquid
2514 3793 2719 3856 bibetis,
2738 3803 2827 3846 aut
2855 3809 2955 3861 quo
2999 3790 3300 3859 oprriemini
3315 3789 3384 3841 ⁷⁸.

1829 3884 1952 3938 Non
2017 3885 2164 3938 dabit
2218 3884 2274 3936 in
2328 3895 2578 3935 wternum
2611 3877 3385 3950 ﬂuctuationemjusto.Quasi

1823 3979 1968 4032 dicat
2003 3996 2018 4032 :
2053 3976 2210 4031 Omni
2249 3984 2489 4044 tempore
2517 3975 2697 4044 iustos
2729 3975 2975 4029 extrahet
3003 3974 3071 4027 ab
3096 3973 3243 4027 omni
3278 3972 3378 4026 im-

1822 4077 1946 4137 petu
1984 4067 2350 4122 inimicorum.

1889 4159 1979 4212 24.
2034 4156 2111 4210 Tu
2139 4175 2272 4220 rero,
2313 4157 2471 4222 Deus,
2501 4155 2722 4209 deducas
2768 4170 2852 4208 eos
2891 4155 2946 4207 in
2970 4161 3181 4220 puteum
3220 4152 3381 4203 inter-

1819 4251 1947 4305 itus.
1971 4249 2074 4306 Eos
2095 4251 2296 4305 scilicet
2328 4252 2419 4318 qui
2461 4250 2821 4317 insurgerent.
2859 4255 2917 4300 ut
2954 4243 3381 4312 cruciligeudum

1819 4344 2109 4396 traderent.
2150 4340 2376 4394 Puteum
2411 4339 2554 4392 enim
2599 4338 2849 4390 interitus
2896 4336 3166 4389 infernum
3203 4340 3380 4386 vocat.

1831 4433 1944 4488 Viri
1973 4433 2284 4502 sanguinum
2308 4440 2354 4483 et
2387 4430 2557 4483 dolosi
2588 4445 2686 4481 non
2719 4427 3071 4480 diutidiabunt
3098 4425 3206 4477 dies
3232 4439 3377 4477 suos.

154 4529 307 4567 σωσι
345 4516 454 4579 τὰς
475 4513 699 4582 ἡμέρας
732 4513 1186 4588 αὺτῶν.¹Ἀνδρας
1213 4520 1454 4590 αἱμάτων
1479 4524 1602 4585 τοὺς
1627 4523 1716 4575 τὸν

1830 4525 1979 4581 Viros
2008 4526 2333 4594 sanguinunt
2369 4523 2500 4577 dicit
2540 4537 2635 4575 eos
2675 4522 2767 4589 qui
2804 4521 2926 4573 vitae
2960 4519 3257 4587 principem
3290 4515 3376 4568 in-

153 4609 395 4680 ἀρχηγδν
437 4607 538 4677 τῆς
566 4604 709 4678 ζωῆς
752 4606 1172 4672 ἀποκτείναντας
1202 4627 1383 4681 φησιν,
1422 4613 1470 4665 οἳ
1495 4615 1586 4666 καὶ
1613 4614 1713 4683 τῆς

1830 4617 2162 4677 :erl‘ecerunt,
2204 4615 2294 4684 qui
2331 4616 2489 4669 etiam
2519 4623 2733 4680 tempus
2760 4613 2880 4665 vitae
2919 4627 3029 4666 suae
3059 4626 3164 4665 non
3205 4626 3287 4678 pet
3303 4609 3378 4663 l'e-

151 4702 296 4772 ζωῆς
326 4702 389 4755 οὐ
424 4699 819 4771 πεπληρώκασι
847 4700 935 4754 τὸν
959 4701 1166 4771 χρόνον,
1200 4707 1265 4774 τῇ
1304 4705 1582 4775 Ῥωμαίων
1609 4722 1712 4758 πα-

151 4793 467 4862 ραδοθέντες
505 4810 644 4863 μαχα
655 4791 762 4862 ίρᾳ.

146 4887 248 4951 εις
277 4886 346 4938 τὸ
373 4884 571 4950 τέλος,
586 4883 734 4950 ὑπὲρ
757 4883 864 4938 τοῦ
893 4882 1045 4938 λαοῦ
1064 4884 1181 4938 ἀπὸ
1200 4885 1316 4938 τῶν
1329 4885 1510 4954 ἁγίων
1527 4905 1709 4957 μεμα-

214 4973 584 5045 κρυμμένου,
609 4974 690 5040 τῷ
712 4975 889 5028 Δαυῒδ
915 4978 1001 5041 εις
1026 4979 1491 5045 στηλογραρίαν,
1529 4981 1706 5034 ὁπότε

220 5065 574 5134 ἐκράτησαν
593 5064 778 5119 αὐτὸν
798 5067 850 5118 ol
871 5065 1205 5133 ἀλλόφυλοι
1230 5067 1300 5120 ἐν
1321 5067 1456 5121 Γέθ.
1484 5068 1614 5124 NE".

777 5154 1094 5222 Ὑπόθεσις.

140 5247 303 5301 Muta
336 5263 557 5318 φευγων
588 5246 678 5299 τὸν
709 5246 878 5300 Σαοὺλ
919 5245 1042 5317 ἔσχε
1090 5247 1216 5312 τοὺς
1262 5252 1706 5309 συνακολουθοῦν-

202 5358 309 5402 τας
352 5339 505 5409 αὐτῷ
551 5337 746 5408 ἄνδρας
789 5337 1114 5402 ἑξακοσίους.
1148 5335 1278 5394 Εἶτα
1305 5348 1703 5415 παρερχόμενος

200 5435 286 5496 εις
311 5429 419 5484 Γὲθ
446 5431 731 5500 τετίμηται
760 5430 909 5500 παρὰ
927 5431 1033 5484 τῶν
1058 5430 1391 5500 ἀλλοφύλων·
1425 5437 1702 5510 ἀφώρισαν

195 5526 318 5595 γὰρ
350 5521 504 5591 αὐτῷ
537 5523 849 5592 οἰκητήριον
893 5524 988 5580 τὴν
1033 5524 1275 5578 Σικελάν.
1296 5528 1635 5601 ’Λναφέροιτο
1658 5533 1701 5586 δ’

1815 4716 2029 4772 cerunt,
2053 4706 2420 4760 Romanorum
2450 4703 2630 4774 gladio
2653 4702 2854 4756 traditi.

1815 4888 1839 4942 1
1907 4885 1972 4939 In
2004 4887 2183 4954 ﬁnem,
2230 4901 2323 4953 pro
2357 4885 2545 4953 populo
2582 4886 2672 4954 qui
2715 4901 2746 4936 a
2781 4881 2980 4937 sanctis
3007 4879 3156 4948 longe
3197 4876 3374 4946 {actus

1882 4990 1982 5042 est,
2007 4981 2110 5047 ipsi
2135 4977 2308 5033 Darid
2332 4979 2386 5030 in
2424 4976 2566 5030 tituli
2603 4976 3022 5045 inscriptionem,
3057 4986 3174 5024 cunt
3198 4979 3375 5022 tenue-

1883 5082 2006 5126 runt
2029 5089 2144 5126 eum
2172 5069 2422 5142 allophyli
2447 5071 2500 5123 in
2531 5068 2680 5122 Gelli.
2713 5067 2754 5119 L
2772 5066 2824 5123 V.

2417 5164 2812 5231 Argumentum.

1810 5256 1978 5312 David
2027 5255 2240 5310 Saulem
2274 5253 2508 5324 fugiens,
2538 5262 2822 5308 sexcentos
2866 5250 3015 5304 viros
3052 5243 3238 5300 habuit
3282 5258 3369 5297 sc-

1881 5359 2110 5418 quentes
2160 5363 2238 5403 se.
2286 5346 2489 5400 Deinde
2526 5347 2798 5400 transiens
2831 5345 2884 5397 in
2925 5342 3083 5407 Geth,
3118 5353 3239 5393 cum
3271 5337 3369 5388 ho-

1873 5455 2004 5494 nore
2028 5439 2294 5508 excipitur
2317 5441 2384 5492 ab
2413 5439 2732 5508 alienigenis
2760 5457 2771 5492 :
2802 5453 2925 5492 nam
2946 5438 3045 5505 ipsi
3072 5432 3365 5502 separatim

1881 5534 1932 5586 in
1955 5534 2287 5589 domicilium
2321 5533 2659 5588 tradiderunt
2677 5534 2973 5589 Siccium“.
3001 5529 3214 5586 Referri
3235 5527 3362 5582 item

213 5662 234 5695 ¹
265 5658 468 5714 Matth.
504 5673 616 5721 ut,
643 5657 734 5711 58.
808 5657 852 5688 τ’
889 5655 1073 5713 Matth.
1106 5675 1254 5722 xxvi,
1289 5660 1375 5716 49.
1451 5665 1496 5696 ⁷³
1521 5667 1707 5728 Matth.
1742 5689 1814 5740 vt,
1859 5672 1946 5729 5i.
2014 5672 2060 5704 "
2093 5668 2266 5742 lReg.
2303 5677 2469 5737 nvu,
2497 5669 2620 5727 2-6.

205 5773 349 5846 (22‘)
394 5769 555 5830 Forte
591 5771 878 5842 συνῄεσαν,
909 5781 961 5828 et
989 5789 1110 5829 mox
1141 5775 1391 5847 ἐξαιρεῖν.
1423 5778 1575 5839 Εοιτ.
