4102 6312
700 354 807 412 255

1537 352 1592 406 S.
1636 353 2002 408 ATllANASlI
2040 354 2189 408 OPP.
2226 353 2404 408 PARS
2439 353 2526 408 Ill.
2559 383 2628 394 —
2664 352 3068 410 EXEGETICA.

3801 357 3904 411 2⁵6

776 479 950 540 potest
977 469 1217 539 psalmus
1257 468 1322 522 ad
1361 485 1645 538 personam
1676 470 1946 536 Ecclesiae,
1970 487 2090 540 quae
2123 474 2244 541 qui-

2421 471 2484 524 ἂν
2513 474 2539 525 ό
2571 472 2780 540 ψαλμὺς
2804 473 2894 524 καὶ
2921 474 2997 533 εἰς
3023 471 3308 540 πρόσωπον
3333 472 3427 540 τῆς
3461 471 3786 539 Ἐκκλησίας
3811 472 3908 541 τῆς

770 563 890 616 dem
921 563 1046 616 olim
1079 562 1264 630 procul
1295 578 1324 614 a
1366 562 1566 616 sanctis
1598 564 1767 630 posita
1800 573 1938 626 erat,
1982 579 2090 632 quo
2117 573 2254 617 tem-

771 668 899 722 pore
931 663 1045 706 erat
1077 652 1386 706 idololatria
1421 654 1629 716 dedita,
1671 667 1724 709 et
1767 656 2102 709 daamonihus
2146 670 2254 710 scr-

777 744 972 797 viebat.
1011 743 1088 796 Eo
1119 754 1296 798 autem
1330 761 1359 798 a
1400 745 1769 814 spiritualibus
1812 748 2260 815 inimiciserepta

771 845 850 889 est
881 851 1122 904 peream
1155 837 1242 901 qui
1272 853 1336 890 ex
1382 839 1589 891 semine
1617 837 1780 891 David
1809 839 2107 892 secundum
2138 854 2260 893 ear-

772 942 892 979 nem
921 929 1136 992 prodiit,
1163 929 1252 994 qui
1288 929 1484 984 bellum
1521 945 1616 998 pro
1645 931 1800 984 nobis
1826 932 2013 998 gessit,
2035 942 2085 983 et
2103 931 2259 998 quasi

773 1015 825 1068 in
858 1016 1015 1084 t‘ippo
1052 1019 1332 1070 victoriam
1371 1035 1466 1087 pro
1497 1020 1652 1073 nobis
1698 1031 1904 1088 partam
1952 1021 2258 1089 descripsit.

774 1103 925 1158 Tunc
954 1108 1096 1158 enim
1133 1122 1255 1159 eum
1282 1108 1594 1174 alienigenae
1621 1110 1822 1162 honore
1857 1108 2172 1174 all'ecerunt,
2209 1110 2260 1164 id

773 1208 879 1257 est,
941 1195 1032 1264 qui
1095 1211 1160 1249 ex
1223 1199 1460 1266 gentium
1525 1214 1751 1252 numero
1812 1199 2158 1254 crediderunt
2207 1201 2262 1255 in

775 1299 920 1336 cum.

771 1376 824 1428 ‘2.
868 1375 1112 1429 Miserere
1148 1378 1265 1441 mei,
1312 1377 1469 1440 Deus,
1521 1383 1764 1450 quoniam
1816 1385 2134 1438 concaleat-it
2185 1403 2264 1440 me

702 1463 876 1515 homo.
918 1463 1026 1517 Aut
1063 1465 1127 1518 de
1168 1464 1328 1520 Saule
1368 1469 1497 1523 illud
1550 1469 1716 1525 David
1767 1473 1861 1538 ait,
1899 1485 1991 1528 aut
2041 1486 2262 1532 sanctus

702 1556 951 1623 quilibet.
993 1558 1063 1609 ob
1119 1573 1391 1612 aerumnas
1438 1577 1557 1629 quae
1601 1563 1653 1616 in
1691 1564 1790 1618 hac
1835 1566 1940 1618 vita
1986 1569 2258 1623 accidunt.

702 1646 1029 1714 Plerumque
1080 1656 1260 1701 autem
1329 1651 1591 1719 contingit
1655 1661 1711 1705 nt
1754 1653 2024 1709 demissus
2081 1665 2262 1710 noster

705 1738 868 1792 homo
897 1740 998 1794 hoc
1025 1741 1404 1808 gravissimum
1436 1743 1626 1794 subeat
1653 1743 1874 1810 bellum,
1907 1756 2015 1799 tota
2058 1747 2142 1799 die
2171 1763 2264 1815 per

2433 566 2596 618 πάλαι
2643 567 2738 634 μὲν
2783 566 2886 617 ἀπὸ
2924 564 3027 616 τῶν
3063 564 3228 630 ἁγίων
3274 565 3759 634 μεμακρυμμένης,
3789 565 3908 617 καθ’

2433 656 2490 708 ὃν
2533 656 2898 725 εἰδωλολάτρει
2944 655 3149 723 καιρὸν,
3178 655 3268 706 καὶ
3293 653 3640 721 δουλευούσης
3672 655 3907 725 δαίμοσι.

2447 747 2755 816 ῬυσΟείσης
2785 747 2840 799 δὲ
2869 746 2974 799 τῶν
3009 746 3209 816 νοητῶν
3242 746 3447 816 ἐχθρῶν
3472 748 3558 800 διὰ
3578 747 3669 798 τοῦ
3698 751 3914 814 γεγονό-

2433 857 2522 902 τος
2551 842 2612 892 ὲκ
2645 840 2950 910 σπέρματος
2979 840 3069 891 τοῦ
3105 840 3241 891 κατὰ
3276 841 3448 908 σαρκα
3483 841 3662 902 Δαυῖδ,
3690 841 3784 893 τοῦ
3819 843 3912 892 καὶ

2434 931 2833 1000 πολεμήσαντος
2859 932 2992 1000 ὑπὲρ
3015 931 3188 999 ἡμῶν,
3219 932 3308 982 καὶ
3337 931 3518 998 ῶσπερ
3547 935 3601 982 ἐν
3632 932 3797 1004 στήλῃ
3817 934 3914 1002 τὴν

2434 1021 2570 1090 ὑπὲρ
2603 1021 2758 1090 ἡμῶν
2795 1021 2949 1090 νίκην
2983 1021 3301 1091 γράψαντος.
3338 1021 3466 1074 Τότε
3497 1023 3601 1091 γὰρ
3627 1023 3719 1074 καὶ
3751 1023 3916 1090 τιμῆς

2431 1114 2589 1167 αὑτὸν
2622 1116 2668 1166 οί
2699 1113 2982 1180 ἀλλόςςυλοι
3016 1113 3268 1180 ἠξίωσαν,
3293 1115 3556 1166 τουτέστιν
3582 1117 3628 1166 οἱ
3656 1115 3712 1177 ἐξ
3747 1115 3916 1167 ἐθνῶν

2433 1205 2776 1266 πιστεύοντες
2810 1206 2887 1267 εἰς
2913 1204 3071 1256 αυτόν

2447 1381 2727 1448 Ἐλέησόν
2759 1401 2852 1449 με,
2884 1385 2916 1435 ὀ
2957 1382 3118 1445 Θεῶς,
3162 1381 3248 1434 ὅτι
3294 1383 3666 1448 κατεπάτησέ
3703 1399 3780 1450 με
3820 1384 3897 1434 ἀν

2363 1471 2691 1538 θρωπος.Ἤ
2742 1471 2866 1540 περὶ
2914 1469 3004 1522 τοῦ
3051 1469 3218 1522 Σαοὺλ
3268 1472 3295 1522 ὁ
3342 1470 3501 1521 Δαυῖδ
3544 1487 3725 1540 φησιν,
3762 1470 3793 1540 ἦ
3831 1471 3923 1521 κεί

2363 1562 2513 1629 ἅγιος
2559 1563 2683 1624 πᾶς,
2712 1561 2798 1614 διὰ
2845 1562 2941 1624 τὰς
2987 1560 3190 1629 θλίψεις
3236 1560 3298 1624 ἃς
3349 1560 3558 1629 ἔχουσιν
3607 1564 3663 1612 ἐν
3706 1561 3786 1631 τῷ
3836 1563 3926 1614 κό-

2366 1670 2484 1722 σμῳ
2515 1651 2641 1720 (22).
2688 1651 2949 1712 Πολλάκις
2971 1651 3025 1704 δὲ
3052 1653 3143 1704 καὶ
3188 1653 3214 1703 ό
3245 1651 3424 1713 καθεὶς
3454 1651 3604 1720 ἡμῶν
3640 1652 3926 1722 ἄνθρωπος

2364 1745 2452 1796 τὸν
2499 1744 2730 1814 χαλεπὸν
2777 1743 2961 1795 τοῦτον
3009 1743 3296 1812 ὑφίσταται
3350 1743 3600 1812 πόλεμον,
3651 1744 3780 1813 ὃλην
3827 1745 3926 1811 τὴν

701 1828 962 1885 Satanam
1010 1833 1387 1900 impugnatus,
1433 1843 1594 1902 atque
1630 1833 1696 1888 ab
1743 1837 1858 1904 ipso
1891 1812 2260 1893 conculcatus.

2373 1837 2575 1907 ἡμέραν
2602 1836 2746 1904 παρὰ
2780 1834 2870 1887 τοῦ
2902 1835 3113 1888 Σατανᾶ
3137 1836 3531 1905 πολεμούμενος
3561 1836 3650 1888 καὶ
3678 1837 3808 1905 παρ’
3833 1838 3928 1888 αῦ-

704 1921 852 1976 LiCet
889 1923 1033 1976 enim
1082 1925 1354 1976 hominem
1393 1925 1629 1992 psalmus
1670 1941 2080 1992 commemoret,
2128 1941 2266 1984 atta-

702 2029 826 2066 men
857 2015 1030 2082 ipsum
1056 2014 1312 2067 Satanam
1349 2018 1665 2085 plerumque
1694 2021 1743 2070 in
1772 2020 1950 2073 divina
1986 2020 2264 2090 Scriptura

702 2106 1067 2166 nominatum,
1113 2115 1205 2158 aut
1253 2108 1487 2175 aliquem
1535 2124 1599 2160 ex
1645 2111 1762 2178 ejus
1801 2113 2266 2168 commilitonibus

703 2196 1027 2250 subindieat.
1063 2195 1328 2248 (ὶιυιριηιιι
1365 2198 1475 2249 haec
1511 2199 1580 2250 ab
1615 2199 1730 2266 ipso
1754 2201 2030 2267 gentilium
2069 2205 2267 2270 populo

702 2287 1078 2354 respondendo
1100 2288 1305 2339 cantari
1323 2301 1747 2342 consentaneum
1776 2301 1876 2351 est.
1897 2293 1988 2360 qui
2008 2293 2266 2346 diuturno

701 2383 943 2443 tempere
990 2391 1082 2444 per
1130 2376 1384 2430 Satanam
1437 2379 1691 2448 deceptus
1739 2396 1802 2434 ac
1865 2384 2266 2439 circumventus

703 2465 829 2528 fuit,
863 2466 1088 2536 ejusque
1120 2468 1320 2521 bellum
1367 2484 1459 2538 per
1491 2471 1797 2525 daeumnum
1841 2473 2067 2527 insidias
2106 2476 2270 2528 susti-

703 2565 823 2618 nuit
855 2583 868 2618 :
900 2581 1039 2634 quos
1064 2566 1114 2618 in
1141 2567 1491 2632 sequentibus
1526 2569 1768 2635 apertius
1799 2570 2129 2624 snbindicat.

775 2657 826 2710 5.
863 2656 1310 2712 Conculcaverant
1337 2676 1416 2711 me
1446 2661 1648 2712 inimici
1678 2663 1775 2714 mei
1806 2671 1912 2714 tota
1932 2663 2036 2716 die.
2057 2661 2270 2715 Sciebat

705 2751 920 2806 Sau-lem
982 2753 1208 2807 insidias
1255 2754 1356 2807 sibi
1399 2769 1611 2820 parare,
1660 2755 2041 2822 instigantibus
2083 2754 2270 2808 invisi-

706 2844 903 2896 bilibus
953 2844 1311 2898 damionihus.
1375 2848 1482 2897 Aut
1551 2845 1679 2896 illud
1729 2846 1930 2898 indicat
1981 2847 2142 2897 :A'on
2192 2853 2268 2897 est

705 2932 851 2985 nobis
883 2947 1056 3000 pugna
1100 2948 1215 2982 cum
1263 2949 1416 2984 carne
1446 2943 1493 2984 et
1532 2934 1805 3001 sanguine,
1834 2933 1921 2985 sed
1965 2949 2082 2985 cum
2113 2934 2269 3001 spiri-

707 3021 935 3072 tualibas
981 3022 1222 3090 aequitiae
1266 3022 1318 3073 in
1362 3022 1652 3074 caelestibus
1694 3023 1758 3073 ⁷⁵.
1807 3025 2067 3086 Quoniam
2117 3025 2271 3078 multi

705 3110 956 3164 bellantes
991 3114 1264 3165 adversum
1312 3129 1409 3176 me,
1465 3115 1527 3165 ab
1574 3115 1876 3167 altitudine.
1922 3114 2144 3166 Etiamsi
2194 3114 2267 3166 ir-

708 3220 981 3274 rumpant,
1023 3207 1214 3276 inquit,
1250 3208 1342 3260 sed
1388 3221 1482 3274 spe
1519 3207 1593 3258 tai
1616 3207 1802 3274 gfretns
1837 3223 2025 3260 omnes
2050 3222 2273 3274 snpera-

709 3298 798 3352 bo.
847 3296 971 3352 Haec
1009 3300 1152 3352 enim
1192 3313 1311 3366 spes
1350 3307 1550 3350 tantam
1591 3299 1721 3352 mihi
1770 3301 1956 3353 tribuit
2000 3299 2272 3352 fortitudi-

708 3405 854 3454 nem,
901 3399 959 3443 ut
1009 3406 1104 3444 eos
1144 3392 1236 3459 qui
1285 3393 1415 3446 mihi
1459 3393 1643 3446 hostes
1689 3392 1816 3447 olim
1859 3401 2013 3447 erant
2052 3392 2273 3445 minimc

709 3479 1078 3536 rcformidem.

781 3571 832 3625 5.
891 3569 953 3625 In
982 3571 1084 3625 Deo
1113 3571 1339 3626 laudabo
1384 3587 1642 3623 sermones
1692 3585 1851 3622 meos.
1900 3570 1982 3622 Ab
2015 3571 2271 3638 inimicis,

711 3665 904 3733 inquit,
942 3665 1078 3719 bello
1109 3665 1392 3733 appetitus,
1426 3673 1482 3716 ut
1514 3663 1645 3714 nihil
1674 3661 1835 3716 ledar
1864 3677 2012 3714 arma
2043 3664 2271 3730 sumpsi,

712 3770 991 3810 sermones
1026 3771 1172 3808 meos
1206 3770 1394 3807 omnes
1438 3755 1490 3805 in
1533 3754 1743 3806 cantica
1797 3756 2033 3806 converti
2080 3761 2133 3806 et
2169 3751 2275 3806 Deo

712 3845 914 3904 obtuli,
945 3860 1203 3911 spemque
1253 3845 1305 3894 in
1355 3845 1501 3895 illum
1557 3843 1817 3898 collocavi
1862 3863 1873 3897 :
1923 3844 2274 3912 quamobrem

716 3937 979 3989 universa:
1005 3936 1185 3989 carnis
1217 3936 1464 3988 timorem
1487 3934 1643 4003 ejeci.

785 4113 836 4167 6.
859 4113 990 4166 Tota
1019 4113 1100 4165 die
1128 4115 1279 4165 verba
1299 4128 1408 4163 mea
1431 4113 1861 4163 exsecrabantur.
1899 4105 2010 4176 Ego
2035 4108 2278 4174 quidem,

715 4204 812 4257 ait.
841 4213 951 4256 tota
991 4204 1077 4256 die
1125 4203 1286 4255 verba
1335 4216 1452 4254 mea
1500 4202 1605 4252 Deo
1652 4199 1985 4262 oll'erebam;
2037 4199 2114 4250 illi
2152 4213 2279 4250 vero

717 4311 823 4346 non
850 4294 1006 4346 linem
1034 4293 1297 4347 faciebant
1332 4303 1440 4345 tota
1470 4294 1555 4346 die
1587 4292 1808 4346 curandi
1832 4301 1888 4344 ut
1910 4291 2112 4345 malum
2148 4291 2279 4345 mihi

717 4383 1035 4454 iulligerent.
1091 4384 1462 4436 lnlmbitabant
1512 4394 1559 4435 et
1623 4384 1958 4447 abscondent,
2009 4386 2111 4451 ipsi
2172 4383 2282 4436 cnl-

2364 1925 2457 1978 τοῦ
2505 1926 2855 1995 πατούμενος.
2909 1925 2969 1977 El
3013 1925 3119 1994 γὰρ
3169 1927 3260 1978 καὶ
3309 1925 3589 1994 ἀνθρώπου
3640 1930 3666 1979 ὁ
3714 1926 3928 1995 ψαλμὸς

2366 2018 2785 2086 ἐμνημόνευσεν,
2822 2016 2934 2069 ἀλλ’
2960 2018 3107 2087 ὅμως
3150 2033 3241 2070 τον
3274 2019 3511 2070 Σατανᾶν
3542 2018 3722 2077 αὑτὸν,
3755 2019 3812 2068 έν
3861 2023 3926 2086 τῇ

2367 2108 2484 2177 Θείᾳ
2513 2109 2697 2178 Γραιρῇ
2729 2108 2986 2170 πολλάκις
3020 2109 3409 2178 ὀνομαζόμενον
3465 2110 3495 2179 ἦ
3524 2127 3642 2161 τινα
3671 2109 3782 2161 τῶν
3816 2109 3934 2161 ἐκεῖ

2369 2201 2801 2269 στρατευομένων
2849 2202 3160 2255 αἰνίττεται.
3198 2202 3339 2271 Πλὴν
3392 2202 3599 2254 καὶτὸν
3647 2202 3775 2254 λαὸν
3821 2203 3930 2256 τῶν

2366 2292 2529 2344 ὲῦνῶν
2561 2291 2730 2346 ταῦτα
2753 2292 3075 2360 ὑποψάλλειν
3099 2293 3209 2362 (25)
3238 2293 3509 2364 ἁρμόδιον,
3541 2294 3718 2362 χρόνῳ
3751 2291 3932 2364 πολλῷ

2369 2382 2471 2433 ὑπὸ
2503 2380 2591 2433 τοῦ
2619 2382 2827 2433 Σατανᾶ
2855 2382 3216 2451 ἀπατηθέντα,
3249 2383 3339 2434 καὶ
3371 2383 3460 2434 τὸν
3491 2385 3617 2456 παρ’
3639 2382 3806 2435 αὐτοῦ
3839 2385 3936 2435 πόα

2368 2472 2528 2542 λεμον
2559 2474 2644 2525 διὰ
2676 2473 2771 2541 τῆς
2802 2473 2906 2529 τῶν
2934 2473 3197 2542 δαιμόνων
3230 2475 3515 2543 ἐπιϐουλῆς
3540 2477 3935 2544 ὑπομείναντα,

2369 2564 2461 2626 οὓς
2493 2566 2550 2615 ἐν
2581 2567 2690 2624 τοῖς
2721 2563 2847 2630 ἑξῆς
2884 2565 3212 2633 σαφέστερον
3242 2565 3438 2634 ἔφησεν
3471 2567 3858 2634 αἰνιττόμενος.

2439 2653 2959 2721 Κατεπιὶῖησάνμε
2984 2657 3034 2706 οἱ
3072 2655 3270 2722 ἐχθροί
3303 2674 3418 2723 μου
3463 2657 3610 2721 ὅλην
3647 2656 3763 2722 τὴν
3791 2660 3938 2724 ἠμε-

2361 2744 2683 2814 ρανβῌδει,
2712 2746 2792 2797 ὅτι
2827 2748 2993 2800 Σα’ῦλ
3032 2747 3415 2801 ἐπεϐούλευσεν
3459 2749 3600 2816 αὐτῷ
3635 2747 3940 2818 ὲνηχούμε-

2369 2851 2456 2896 νος
2511 2835 2659 2905 παρὰ
2701 2837 2804 2887 τῶν
2856 2838 3100 2907 ἀοράτων
3139 2839 3505 2907 δαιμόνων.Ἦ
3549 2841 3640 2891 καὶ
3685 2841 3768 2901 τὸ,
3813 2843 3941 2893 οὐκ

2370 2926 2539 2979 ἔστιν
2581 2927 2720 2995 ἡμῖν
2763 2930 2798 2994 ἡ
2839 2929 2998 2995 πάλη
3032 2929 3176 2995 πρὸς
3202 2926 3341 2997 allia
3380 2931 3472 2981 καὶ
3517 2930 3730 2996 σάρκα,
3762 2930 3941 2998 δηλοῖ,

2369 3019 2527 3071 ἀλλὰ
2571 3019 2717 3084 πρὸς
2753 3021 2822 3073 τὰ
2863 3023 3228 3087 πνευματικὰ
3263 3021 3369 3086 τῆς
3409 3023 3693 3088 πονηρίας
3715 3022 3786 3071 ἐν
3811 3021 3944 3090 τοῖς

2371 3109 2889 3176 ἑ.τοπ-ρανίοις.“οτι
2934 3111 3148 3164 πολλοὶ
3176 3115 3228 3164 ot
3261 3112 3660 3180 πολεμοῦντές
3695 3130 3773 3180 με
3814 3113 3943 3169 ἀπὸ

2371 3199 2587 3266 ὕψους.
2605 3201 2769 3252 Εἱκαὶ
2782 3202 3184 3264 ἐπανίστανται,
3211 3203 3391 3271 φησὶν.
3422 3203 3531 3255 ἀλλ’
3558 3205 3773 3273 ἡττήσω
3796 3203 3935 3258 πάν-

2371 3307 2467 3353 τας
2493 3292 2725 3356 ἐλπίζων
2754 3295 2845 3346 ὲπὶ
2881 3295 2956 3346 σέ.
2988 3294 3134 3362 Αὕτη
3161 3297 3264 3364 γάρ
3297 3313 3384 3364 μοι
3413 3298 3445 3364 ἡ
3479 3295 3629 3356 ἐλπὶς
3667 3294 3950 3364 τοσαύτην

2377 3386 2526 3452 ίσχὺν
2566 3385 2852 3453 παρέσχεν,
2884 3385 2959 3445 ὡς
2992 3386 3113 3444 τοὺς
3146 3386 3308 3437 παλαι
3350 3384 3711 3453 πολεμοῦντας
3741 3385 3818 3452 μὴ
3851 3387 3948 3438 δε-

2373 3475 2604 3527 δοικέναι
2638 3492 2723 3542 με.

2457 3567 2549 3618 Ἐν
2572 3564 2650 3629 τῷ
2688 3565 2806 3629 Θεῷ
2832 3566 3126 3621 ἐπαινέσω
3167 3568 3307 3634 τοὺς
3344 3570 3561 3638 λόγους
3592 3585 3730 3637 μου.
3773 3569 3954 3622 Πολε-

2379 3657 2643 3728 μούμενος
2677 3661 2823 3730 παρὰ
2853 3659 2958 3712 τῶν
2987 3661 3212 3732 ἐχθρῶν,
3242 3662 3394 3732 φησὶ,
3422 3659 3729 3722 καθοπλίζω
3767 3662 3956 3730 ἐμαυ-

2376 3755 2465 3806 τὸν
2494 3756 2571 3816 εἰς
2600 3755 2656 3805 τδ
2685 3755 2843 3823 μηδὲν
2870 3755 3056 3806 παθεῖν
3083 3755 3266 3818 κακὸν,
3287 3754 3437 3814 ὅλους
3459 3754 3581 3814 τοὺς
3607 3751 3799 3818 λόγους
3841 3770 3953 3821 μου

2379 3845 2580 3915 ὕμνους
2609 3847 2774 3896 ποιῶν
2807 3847 2897 3898 καὶ
2924 3845 3191 3907 ἀνατιθεὶς
3224 3845 3298 3914 τῷ
3329 3845 3465 3914 Θεῷ,
3501 3843 3590 3897 καὶ
3616 3845 3716 3913 τὴν
3747 3844 3958 3897 ἐλπίδα

2377 3937 2462 3988 ἐπ’
2493 3936 2638 4006 αὐτῷ
2677 3937 2990 4005 ποιούμενος
3011 3953 3022 3964 ·
3061 3935 3139 3988 διὸ
3170 3935 3261 3988 καὶ
3293 3937 3467 4006 πάσης
3495 3935 3690 4005 σαρκὸς
3717 3934 3825 4000 ἔξω
3853 3937 3957 3988 τδν

2379 4027 2538 4096 φόϐον
2573 4027 2752 4082 ἐποιοῦ
2763 4045 2886 4096 μην.

2451 4119 2634 4184 Ὅλην
2677 4117 2789 4184 τὴν
2821 4116 3040 4185 ἡμέραν
3079 4117 3221 4182 τοὺς
3249 4119 3468 4184 λόγους
3498 4133 3613 4184 μου
3653 4113 3960 4169 ἐϐδελυσ-

2380 4225 2582 4262 σοντο.
2602 4207 2738 4275 Ἐγὼ
2769 4208 2884 4276 μὲν,
2921 4208 3104 4276 φησὶν,
3136 4209 3261 4278 ὅλην
3290 4208 3386 4277 τὴν
3413 4207 3620 4276 ἡμέραν
3657 4206 3958 4262 ἀνετίθουν

2379 4299 2504 4360 τοὺς
2526 4297 2710 4364 λόγους
2749 4313 2845 4365 μου
2876 4297 2952 4366 τῷ
2975 4297 3123 4367 Θεῷο
3159 4297 3309 4350 αὐτοὶ
3349 4297 3406 4348 δὲ
3446 4296 3504 4348 οὑ
3539 4295 3804 4349 διέλειπον
3838 4302 3960 4351 πᾶ-

2384 4407 2480 4442 σαν
2509 4388 2716 4460 ἡμέραν
2750 4389 2867 4440 κατ’
2891 4388 3020 4457 ἐμοῦ
3045 4389 3138 4458 τὴν
3171 4386 3399 4456 σπουδὴν
3431 4386 3633 4439 ἑαυτῶν
3668 4389 3965 4442 συντιθέν-

718 4493 934 4530 caueam
961 4493 1130 4529 meum
1160 4475 1522 4528 observabant.
1555 4473 1710 4538 Illud,
1742 4476 2136 4537 inhabitabant,
2157 4490 2271 4543 pro,

2378 4496 2468 4541 τες
2491 4481 2568 4541 είς
2595 4476 2757 4530 κακά.
2803 4477 3246 4546 Παροικήσουσι
3285 4478 3380 4529 καὶ
3423 4479 3962 4545 κατακρύψουσιν,

718 4570 1190 4636 congregabantur,
1221 4570 1456 4638 positum
1482 4577 1581 4622 est.
1604 4566 1726 4619 Hinc
1756 4576 1836 4619 est
1854 4577 2033 4620 autem
2060 4577 2275 4621 senten-

720 4663 825 4714 tia:
861 4660 957 4721 lta,
996 4662 1188 4728 inquit,
1221 4671 1330 4714 tota
1355 4660 1441 4713 die
1475 4661 1526 4711 in
1556 4675 1620 4711 eo
1643 4675 1856 4728 operam
1892 4660 2185 4728 ponebant,
2219 4667 2278 4711 ut

717 4755 858 4808 dicta
884 4753 933 4805 in
967 4767 1050 4805 me
1080 4760 1499 4812 cunnum-orent,
1530 4768 1824 4820 mninesqne
1852 4767 2038 4804 eorum
2071 4752 2277 4819 cogita-

715 4847 892 4900 tiones
935 4853 1121 4898 contra
1157 4862 1240 4897 tne
1280 4846 1646 4906 vertebantur,
1682 4853 1739 4896 ut
1787 4854 2042 4897 curarent
2084 4856 2276 4895 (mines

720 4956 825 4993 una
866 4940 1153 4993 convenire
1197 4948 1355 5006 atque
1405 4941 1540 4993 clam
1583 4939 1633 4990 in
1681 4953 1766 4991 me
1813 4937 2273 5004 conspirationem

719 5032 970 5092 conllarc,
1048 5031 1140 5083 sed
1177 5045 1274 5083 nec
1317 5029 1576 5082 hactenus
1620 5028 1811 5082 sistere
1858 5029 2120 5096 gradum,
2167 5025 2278 5078 into

718 5123 881 5175 etiam
913 5122 1221 5174 caleanenm
1260 5136 1458 5184 meum,
1490 5121 1538 5172 id
1575 5131 1658 5174 est
1691 5120 1812 5172 vitae
1849 5134 1982 5172 nica:
2012 5118 2275 5171 rationem

720 5215 992 5269 curiosius
1023 5214 1333 5278 observare,
1353 5214 1397 5268 si
1432 5213 1706 5281 quomodo
1737 5222 1956 5280 possent
1987 5225 2072 5264 me
2096 5212 2280 5262 detur-

720 5308 868 5362 bare.
907 5310 1081 5376 Atque
1140 5308 1365 5376 vestigia
1401 5323 1517 5360 mea
1580 5307 1792 5359 curiose
1838 5302 2278 5370 considerabant,

719 5414 1045 5468 quocunque
1069 5401 1188 5454 loco
1212 5400 1534 5464 incederem,
1553 5409 1610 5452 ut
1634 5413 1718 5451 me
1736 5395 2278 5466 comprehenderent.

791 5577 836 5606 "
884 5577 1076 5646 Ephes.
1109 5594 1177 5637 τι,
1215 5579 1304 5632 12.

793 5733 902 5805 (12)
933 5738 988 5790 ln
1019 5736 1081 5790 R.
1114 5739 1167 5804 2,
1197 5737 1446 5792 tribuitur
1480 5732 1758 5801 Hesychia.

2379 4571 2545 4624 αὐτοὶ
2575 4570 2686 4636 τὴν
2718 4571 2977 4637 πτέρναν
2989 4586 3105 4638 μου
3127 4567 3483 4636 φυλάξουσι.
3526 4568 3615 4628 Τὸ,
3652 4571 3968 4636 παροική-

2380 4678 2580 4724 σουσι,
2628 4662 2746 4713 ἀντὶ
2789 4662 2904 4724 τοῦ,
2948 4660 3450 4729 συναχθήσονται,
3485 4660 3740 4714 τέθειται.
3779 4662 3848 4714 Ὀ
3905 4665 3969 4716 aa

2381 4753 2503 4815 νοῦς
2544 4748 2694 4815 οὗτος
2715 4770 2726 4782 ·
2763 4755 2934 4812 Οὕτω,
2963 4752 3114 4822 φησὶ,
3139 4752 3225 4806 διὰ
3254 4753 3429 4820 πάσης
3464 4752 3673 4821 ἡμέρας
3712 4754 3970 4822 ὲ³λίάλα⁶

2383 4841 2474 4908 ζον
2499 4846 2620 4906 τοὺς
2656 4847 2772 4898 κατ’
2803 4845 2934 4916 ἐμοῦ
2965 4845 3153 4913 λόγους
3185 4843 3472 4906 κινοῦντες,
3505 4843 3596 4895 καὶ
3632 4845 3740 4904 πᾶς
3780 4847 3807 4895 ὁ
3841 4846 3971 4899 δια-

2379 4936 2629 5006 λογισμὸς
2676 4939 2850 4991 αὺτῶν
2895 4941 3011 4990 κατ’
3038 4937 3169 5007 ἐμοῦ
3224 4937 3450 5004 ἐγίνετο,
3494 4937 3566 4998 ὡς
3613 4937 3971 5000 σπουδάζειν

2382 5029 2705 5096 συνάγεσθαι
2733 5031 2924 5092 αὐτοὺς
2951 5031 3084 5099 ὁμοῦ
3112 5031 3203 5082 καὶ
3243 5029 3500 5101 λαθραίας
3541 5028 3820 5080 ποιεῖσθαι
3861 5034 3972 5094 τὰς

2379 5122 2497 5172 κατ’
2529 5122 2660 5190 ἐμοῦ
2696 5122 2910 5183 σκευὰς,
2935 5124 3027 5175 καὶ
3060 5123 3132 5193 μὴ
3167 5122 3324 5194 μέχρι
3360 5123 3543 5174 τούτου
3568 5122 3793 5190 χωρεῖν,
3815 5122 3978 5175 ἀλλα.

2381 5214 2471 5264 καὶ
2505 5213 2948 5283 περιεργάζεσθαί
3000 5233 3098 5284 μου
3140 5215 3235 5285 τὴν
3281 5215 3530 5283 πτέρναν,
3565 5211 3822 5264 τουτέστι
3863 5216 3979 5289 τὴν

2384 5304 2477 5356 τοῦ
2512 5303 2622 5373 βίου
2655 5307 2892 5377 πορείαν,
2928 5309 2978 5358 εἰ
3006 5324 3117 5370 πως
3151 5309 3488 5369 σκελίσαντες
3531 5301 3818 5372 δυνηθεῖεν
3855 5323 3977 5358 κα-

2386 5395 2636 5449 ταϐαλεῖν
2667 5416 2749 5468 με.
2783 5400 2887 5450 Καὶ
2930 5399 2996 5450 τὰ
3024 5399 3139 5469 ῖχνη
3184 5400 3239 5452 δέ
3286 5417 3382 5469 μου
3415 5399 3764 5467 παρετήρουν
3796 5400 3982 5453 ὁποῖα

2448 5730 2554 5796 (25)
2587 5729 2716 5784 Vide
2749 5728 3021 5784 Onomast.
