4086 6308
742 348 849 408 259

1560 322 1630 405 's.
1665 346 2035 403 ΑτιιΑΝΑδιι
2076 346 2224 403 ore.
2268 344 2447 400 mus
2484 343 2572 398 ιιι.
2614 374 2680 383 -
2720 344 3135 401 EXEGETICA.

3834 349 3932 404 260

809 470 863 523 3.
899 466 1150 521 Clamabo
1175 466 1242 519 ad
1268 464 1431 521 Deum
1459 468 1801 531 altissimum,
1834 466 1998 518 Deum
2026 466 2112 533 qui
2142 465 2291 518 bene—

2459 461 2822 530 Κεκρὰξομαι
2857 462 3004 530 πρὸς
3048 463 3155 515 τὸν
3199 464 3346 514 Θεὸν
3391 463 3498 515 τὸν
3535 463 3817 530 ὕψιστον,
3842 466 3939 518 τὸν

740 560 861 628 fecit
900 560 1047 612 mihi.
1082 557 1407 621 Conlitebor,
1440 560 1631 627 inquit.
1663 569 1711 611 et
1750 560 1947 627 gratias
1982 558 2075 611 libi
2127 558 2290 611 bene-

739 648 929 703 factori
967 649 1197 701 reddam.
1239 648 1490 701 illisit-de
1535 648 1659 700 caelo
1697 659 1744 701 et
1779 648 2015 700 liberavit
2050 664 2143 699 nte.
2182 646 2288 699 Do-

738 742 866 794 mini
891 741 1170 792 adventqu
1196 750 1375 806 aperte
1402 739 1669 806 prtediCat.
1703 737 1851 789 Dedit
1877 740 1927 787 in
1955 736 2287 804 opprobrium

740 830 1093 882 eoneult'uutes
1127 845 1223 881 me.
1260 828 1576 897 Spli‘lltlulcs
1605 829 1842 881 videlicet
1873 837 1925 880 et
1948 827 2287 880 adversarias

738 930 1048 989 potestates.
1084 918 1432 991 [Beneﬁcium
1486 936 1614 989 ergo
1656 919 1915 987 praebeas,
1947 928 2006 972 ut
2036 917 2165 971 ιιιίιιί
2208 916 2285 970 la-

739 1012 907 1066 crltas
937 1015 1005 1067 sit
1035 1012 1245 1065 dicendi
1290 1028 1409 1065 cum
1447 1012 1714 1072 facultate.
1748 1022 1797 1065 te
1827 1012 1891 1065 de
1930 1014 2068 1066 casio
2104 1021 2283 1067 nostra

736 1108 1041 1173 reSpiccrc:
1074 1117 1125 1158 et
1157 1114 1340 1158 nostra
1366 1105 1579 1169 quidem
1623 1105 1893 1159 meliorem
1932 1107 1983 1157 in
2021 1106 2281 1159 conditio-

733 1210 854 1247 netu
882 1196 1187 1257 deduxisse,
1229 1212 1310 1250 res
1334 1206 1512 1249 autem
1538 1196 1971 1250 adversariorum
2007 1208 2196 1252 contra
2228 1199 2280 1252 in

731 1287 1077 1355 opprobrium
1108 1288 1382 1343 detulisse.
1408 1291 1513 1340 Aut
1535 1288 1601 1340 de
1636 1289 1806 1342 salute
1834 1289 2088 1358 loquitur,
2118 1305 2279 1358 quam

732 1389 1053 1432 consecutus
1078 1389 1157 1431 est
1184 1382 1235 1431 in
1263 1380 1549 1447 spelunca:
1573 1380 1788 1447 quando
1820 1379 2094 1433 inimicum
2120 1395 2279 1434 suum

731 1472 785 1523 in
814 1479 1124 1539 potestatem
1152 1470 1377 1539 aret-pit,
1396 1471 1481 1522 cui
1509 1471 1668 1522 etiam
1700 1471 1953 1537 pepercit.
1983 1468 2135 1534 Quod
2160 1471 2280 1539 qui-

731 1566 850 1613 dem
888 1561 937 1613 in
969 1562 1347 1614 contumeliam
1382 1560 1538 1612 vertit
1564 1558 1612 1611 ei
1639 1560 1728 1626 qui
1757 1559 2051 1626 periculum
2083 1560 2275 1619 evasit.

731 1661 914 1719 utpote
958 1651 1047 1721 qui
1098 1652 1357 1705 servatori
1407 1664 1507 1702 suo
1553 1648 1775 1701 insidias
1823 1646 2095 1717 strueret.]
2132 1646 2278 1700 Misit

728 1740 865 1795 Deus
898 1743 1307 1795 misericordiam
1335 1757 1482 1793 suam
1511 1748 1558 1791 et
1589 1740 1854 1791 veritatem
1880 1756 2049 1791 suam.
2079 1738 2280 1793 Miseri-

727 1836 905 1888 cordia
935 1844 987 1887 et
1022 1834 1218 1887 veritas
1250 1832 1425 1885 Patris
1456 1831 1623 1886 Filius
1656 1841 1757 1885 est.

796 1928 848 1981 5.
883 1926 947 1978 Et
988 1928 1176 1991 eripuit
1216 1927 1446 1977 animam
1481 1942 1645 1978 meum
1672 1926 1734 1976 de
1775 1922 1940 1975 medio
1984 1922 2280 1975 catulorum

728 2020 951 2070 leonum.
972 2016 1198 2089 [Medius
1222 2019 1424 2071 scilicet
1442 2017 1655 2071 relictus
1678 2017 1813 2068 inter
1838 2014 2045 2068 catulos
2067 2014 2277 2067 leonum

730 2108 1089 2171 (Setina-orum,
1134 2124 1324 2177 nempe
1376 2109 1820 2176 alienigenarum.
1856 2104 1964 2157 Aut
2017 2113 2279 2173 quantum

727 2216 824 2270 per
854 2216 936 2254 Ine
965 2202 1126 2264 stetit,
1152 2217 1213 2252 ex
1248 2203 1479 2252 humana
1512 2201 1784 2266 impietate
1816 2197 2044 2249 dormivi
2070 2206 2283 2250 contur-

723 2295 900 2348 batus.
935 2291 1131 2344 Verum
1163 2292 1491 2351 Altissimus,
1525 2291 1691 2343 misso
1720 2287 1896 2341 Verbo
1931 2304 2050 2349 suo,
2082 2288 2279 2341 libera-

724 2386 799 2439 vit.
831 2385 1065 2438 animam
1094 2399 1288 2447 meam,
1327 2384 1397 2437 ita
1429 2393 1487 2436 ut
1516 2399 1580 2436 cx
1608 2384 1908 2437 catulorum
1943 2383 2157 2434 leonum
2192 2389 2279 2434 tu-

723 2477 893 2532 multu
934 2477 1064 2531 nihil
1100 2476 1221 2529 laesa
1256 2478 1343 2530 sit.
1377 2475 1631 2540 Quaenam
1684 2474 1765 2527 lue
1806 2471 1965 2526 ferre?
2008 2470 2143 2525 forte
2187 2471 2280 2524 lilii

722 2571 998 2625 hominum
1038 2569 1271 2621 fuerint:
1308 2582 1534 2635 quorum
1587 2567 1772 2620 dentes
1803 2575 1854 2619 et
1881 2564 2106 2618 consilia
2154 2572 2281 2618 sunt

722 2678 871 2717 arma
894 2677 909 2724 ;
936 2676 998 2713 ac
1029 2660 1071 2714 si
1095 2659 1314 2721 diceret,
1335 2658 1387 2711 In
1421 2658 1673 2711 omnibus
1704 2658 1950 2711 damnosi
1980 2665 2124 2709 sunt.
2156 2653 2277 2709 Sic-

705 2759 783 2809 .ut
816 2751 957 2803 enim
985 2749 1190 2819 gladius
1216 2759 1406 2802 acutus
1440 2747 1597 2801 lacile
1630 2749 1879 2816 perimit,
1908 2748 1988 2801 sic
2016 2754 2069 2800 et
2098 2747 2278 2815 lingua

721 2849 992 2896 attenuata
1026 2851 1077 2895 et
1101 2851 1255 2895 acuta
1284 2840 1766 2895 obtrectationibus
1796 2836 2093 2909 interlicit.]
2120 2840 2280 2891 Catu-

720 2932 894 2986 lorum
928 2932 1144 2985 leonum
1194 2930 1555 2998 spiritualium
1592 2929 1860 2983 videlicet.
1887 2927 2125 2980 Dormivi
2158 2944 2278 2981 con-

718 3022 980 3075 turbatus.
1008 3020 1298 3086 Quoniam,
1320 3021 1510 3090 inn-luit,
1530 3032 1745 3089 ereptus
1771 3035 1890 3073 sum
1922 3036 1951 3073 a
1983 3019 2278 3088 spirituali-

722 3113 821 3167 hus
841 3114 1031 3167 catulis
1050 3113 1286 3176 leonum,
1323 3113 1441 3167 ideo
1468 3112 1663 3180 inquit,
1682 3111 2039 3179 requiescam,
2066 3108 2277 3163 etiamsi

720 3204 851 3258 olim
882 3204 950 3257 ab
981 3204 1051 3257 iis
1072 3205 1431 3263 conturbatus
1462 3219 1606 3257 sum.
1632 3202 1758 3255 Filii
1789 3203 2077 3265 hominum,
2101 3202 2275 3255 dentes

719 3314 897 3352 eorum
930 3316 1079 3351 unita
1108 3308 1156 3354 et
1190 3300 1417 3367 sagitta.
1451 3297 1521 3349 Ea
1554 3297 1863 3366 signiﬁcans
1893 3312 2012 3363 quae
2038 3306 2276 3364 tempore

720 3390 989 3458 passionis
1020 3388 1247 3442 Domino
1275 3390 1637 3458 contigerunt,
1661 3406 1781 3445 cum
1814 3389 1879 3442 ad
1911 3387 2137 3441 Pilatum
2165 3388 2278 3443 cla-

722 3479 1127 3535 mabantJudaei
1158 3482 1414 3535 adversus
1438 3480 1711 3534 Christum
1742 3500 1755 3533 :
1790 3479 1952 3540 Tolle,
1984 3480 2125 3542 tolle,
2157 3497 2279 3533 cru-

722 3573 870 3642 ciﬁge
900 3588 1015 3625 eum
1039 3574 1118 3637 ";
1153 3584 1243 3626 et:
1276 3570 1334 3625 Si
1379 3588 1480 3623 non
1516 3580 1647 3624 esset
1691 3570 1774 3622 hic
1806 3570 2139 3638 malefactor,
2176 3585 2275 3623 non

724 3662 818 3716 tibi
857 3664 1250 3717 tradidissemus
1280 3677 1395 3715 eum
1418 3661 1484 3714 ‘°.

802 3839 855 3894 6.
908 3837 1158 3892 Exaltare
1202 3853 1353 3903 super
1390 3834 1564 3898 eoalos,
1591 3833 1752 3899 Deus,
1788 3843 1836 3887 et
1886 3848 2038 3902 super
2063 3831 2277 3899 [terram

724 3930 891 4001 gloria
934 3938 1045 3981 tua.
1078 3927 1322 3988 Etiamsi,
1358 3926 1550 3994 inquit,
1582 3924 1847 3979 demisisti
1883 3928 2113 3992 teipsum
2152 3938 2278 3991 pro-

725 4035 844 4092 pter
866 4033 1101 4076 nostram
1121 4022 1345 4075 salutem
1368 4022 1431 4073 ad
1471 4018 1827 4073 voluntariam
1856 4015 2276 4070 exinanitionem

725 4126 779 4172 et
810 4115 982 4171 factus
1016 4131 1073 4170 es
1100 4115 1353 4168 obediens
1382 4128 1552 4183 usque
1582 4112 1647 4165 ad
1681 4122 1905 4166 mortem
1927 4111 2008 4162 "2
2042 4110 2133 4163 sed
2160 4124 2280 4161 rur-

724 4224 844 4263 sum
868 4206 1142 4263 ascendito
1169 4206 1233 4259 ad
1256 4206 1443 4265 cados,
1473 4206 1597 4275 quia
1628 4220 1750 4257 cum
1776 4203 2081 4258 ascenderis
2112 4208 2275 4254 totam

725 4312 920 4357 terram
948 4302 1115 4371 gloria
1148 4310 1235 4354 tua
1265 4299 1515 4369 replebis.

794 4394 843 4445 7.
873 4392 1136 4463 Laqueum
1167 4400 1475 4459 paraverunt
1502 4386 1716 4457 pedibus
1740 4386 1887 4439 meis.
1912 4383 2040 4447 Eos,
2072 4383 2165 4448 ait,
2185 4380 2277 4451 qui

2399 554 2545 606 Θεὸν
2570 553 2675 605 τὸν
2700 552 3168 622 εὐεργετήσαντὰ
3189 570 3284 622 με.
3303 552 3787 625 Ἐξομολογήσομαι
3804 597 3817 619 ,
3846 574 3943 627 φη-

2397 646 2469 709 σὶ,
2498 647 2587 698 καὶ
2629 647 2973 715 εὐχαριστίας
3013 644 3263 713 ἀναθήσω
3310 662 3388 697 σοι
3416 646 3491 715 τῷ
3524 647 3784 720 εὐεργέτῃ
3821 665 3937 717 μου.

2407 736 2853 799 Ἑξαπέστειλεν
2878 737 2945 799 ἐξ
2987 736 3261 803 οἰφανοῦ,
3291 736 3387 789 καὶ
3415 737 3608 791 ἔσωσέ
3627 755 3721 806 με.
3757 741 3941 805 In;th

2390 828 2487 900 τὴν
2512 827 2733 880 κάθοδον
2756 827 2849 879 τοῦ
2879 829 3079 898 Κυρίου
3110 827 3650 897 κηρύσσει.Ἕδωκεν
3678 832 3765 894 εὶς
3793 830 3939 882 ὄνει-

2391 919 2495 985 δος
2541 919 2681 983 τοὺς
2726 919 3207 985 καταπατοῦντας
3228 937 3322 988 με.
3356 921 3464 983 Τὰς
3489 924 3680 992 νοητὰς
3708 923 3940 993 δηλονότι

2392 1012 2483 1065 καὶ
2516 1010 2889 1081 ἀντικειμένας
2917 1011 3187 1079 δυνάμεις.
3221 1010 3652 1083 [Παράσχουιοῦν
3672 1014 3771 1084 τὴν
3799 1016 3940 1085 εὐερ-

2389 1105 2594 1172 γεσίαν,
2642 1105 2725 1156 ἵνα
2763 1104 2855 1175 ἐξῇ
2906 1122 2995 1174 μοι
3041 1104 3216 1170 λέγειν
3247 1105 3382 1174 μετά
3416 1108 3745 1176 παρρησίας,
3772 1109 3853 1160 ὅτι
3887 1108 3937 1172 ἐξ

2388 1196 2616 1269 οὐρανοῦ
2651 1199 2855 1261 ἐπεῖδες
2894 1199 2958 1251 τὰ
3000 1199 3119 1253 καθ’
3154 1201 3326 1269 ἡμᾶς·
3360 1216 3453 1252 και
3479 1199 3544 1251 τὰ
3576 1199 3672 1267 μὲν
3701 1200 3938 1268 ἡμέτερα

2387 1290 2695 1362 διωρθὼσω,
2719 1292 2783 1344 τὰ
2806 1291 2859 1344 δὲ
2882 1291 2987 1343 τῶν
3002 1290 3205 1362 ἐχθρῶν
3225 1290 3355 1361 πρὸς
3384 1289 3679 1359 ὀνειδισμὸν
3713 1290 3934 1359 ἤγαγες.

2386 1384 2454 1435 Ἦ
2478 1384 2547 1454 δὴ
2571 1384 2667 1454 τὴν
2695 1383 2964 1455 σωτηρίαν
2991 1384 3173 1451 φησὶν,
3264 1381 3437 1453 ἐσώθη
3471 1383 3526 1433 ἐν
3552 1380 3631 1451 τῷ
3682 1381 3939 1450 σπηλαίῳ

2402 1475 2490 1527 ὅτε
2510 1475 2706 1544 μᾶλλον
2724 1474 3033 1538 ὑπεξούσιον
3067 1475 3222 1527 ἔλαϐε
3254 1474 3341 1526 τὸν
3380 1473 3588 1544 ἐχθρὸν,
3624 1474 3673 1525 εί
3704 1473 3762 1525 δὲ
3791 1472 3939 1541 (25⁸),

2386 1567 2727 1634 ὲφείσατο.’0
2754 1567 2815 1638 δὴ
2844 1568 2934 1620 καὶ
2962 1566 3159 1629 ὄνειδος
3186 1562 3251 1636 ἦν
3279 1566 3355 1635 τῷ
3382 1567 3727 1636 σεσωσμένῳ,
3748 1565 3824 1627 ὡς
3851 1566 3941 1634 μά-

2383 1674 2483 1728 την
2533 1657 2925 1711 ἐπιϐουλεύοντι
2982 1658 3060 1726 τῷ
3111 1655 3365 1727 Boni,th
3408 1655 3865 1719 Ἐξιιπέστειλεν
3913 1659 3944 1709 ό

2387 1750 2528 1814 Θεὸς
2573 1750 2635 1803 τὸ
2678 1751 2847 1816 ἕλεος
2889 1751 3072 1804 αὑτοῦ
3117 1750 3213 1802 καὶ
3263 1749 3376 1816 τὴν
3414 1748 3703 1816 ἀλήθειαν
3737 1748 3935 1801 αὑτοῦ.

2313 1825 2355 1877 Β
2385 1839 2567 1901 Ἔλεος
2592 1839 2685 1891 καὶ
2710 1840 2933 1910 ἀλήθεια
2958 1839 3050 1892 τοῦ
3083 1838 3290 1908 Πατρὸς
3315 1840 3343 1890 ὁ
3372 1838 3517 1901 Υἱός.

2446 1931 2553 1983 Καὶ
2602 1932 2889 1999 ἐρρύσατο
2931 1930 3045 1997 τὴν
3080 1931 3290 2000 ψυχήν
3330 1948 3447 1999 μου
3485 1930 3552 1981 ἐκ
3576 1929 3777 1997 μέσου
3804 1932 3942 1983 σκύ-

2371 2039 2558 2090 μνων.
2585 2021 2787 2091 [Μέσος
2810 2023 2872 2093 δὴ
2906 2022 3254 2091 ἀπολειφθεὶς
3288 2022 3539 2091 σκύμνων
3581 2021 3688 2072 τῶν
3720 2022 3820 2091 τῆς
3842 2020 3940 2075 n9

2378 2114 2780 2180 ἁλλοιρύ).ων.“’11
2832 2116 2890 2167 τὸ
2940 2116 3061 2168 ὅσον
3115 2114 3345 2184 ἐπ’ὲμὲ,
3379 2116 3471 2167 καὶ
3524 2116 3589 2183 τῇ
3627 2113 3943 2184 ἀνθρωπίνη

2378 2208 2598 2278 ἀσεϐείᾳ
2646 2208 2941 2278 ἐκοιμήθην
2989 2208 3405 2278 τεταραγμένος.
3427 2207 3562 2257 Ἀλλ’
3594 2209 3622 2259 ὁ
3656 2207 3941 2275 ’Υψιστοῆ

2376 2300 2466 2349 τὸν
2506 2298 2673 2365 Λόγον
2724 2296 2885 2349 αὐτοῦ
2928 2297 3268 2358 ἀποστείλας,
3310 2295 3574 2365 ἐρρύσατο
3622 2294 3724 2363 τὴν
3770 2296 3942 2364 ψυχήν

2381 2406 2500 2459 μου,
2547 2391 2621 2452 ὡς
2662 2389 2823 2460 μηδὲν
2855 2389 3021 2459 αὐτὴν
3055 2390 3118 2441 ὲκ
3156 2388 3255 2457 τῆς
3280 2388 3519 2458 ταραχῆς
3548 2385 3653 2437 τῶν
3688 2386 3942 2455 σκύμνων

2380 2479 2655 2549 βλαϐῆναι.
2682 2481 2814 2534 Τίνα
2841 2480 2896 2531 δὲ
2927 2480 2996 2532 τὰ
3034 2480 3197 2550 θηρία
3224 2478 3426 2541 ταῦτα;
3465 2479 3569 2530 υἱοὶ
3595 2477 3705 2529 τῶν
3736 2476 3943 2547 ἀνθρώ-

2380 2586 2496 2622 πων
2524 2570 2658 2622 εἰσὶν
2698 2571 2793 2623 ἇν-
2844 2572 2892 2622 οἱ
2936 2571 3140 2632 ὀδόντες
3165 2571 3301 2623 ὅπλα
3334 2571 3427 2622 καὶ
3470 2571 3526 2621 αἱ
3569 2568 3789 2639 βω)λαῦ
3826 2567 3945 2621 ἀντὶ

2378 2661 2495 2725 τοῦ,
2530 2660 2937 2731 βλαπτικοίείσι
2968 2662 3055 2714 διὰ
3100 2661 3548 2730 πάντων.’Ὡσπερ
3592 2663 3624 2729 ή
3676 2661 3939 2730 μάχαιρα,

2377 2757 2681 2824 ἡκονημένη
2711 2749 2865 2817 οὖσα,
2896 2753 3091 2823 ῥᾳδίως
3112 2751 3494 2823 ἀναιρεῖ.οὖτω
3519 2753 3611 2802 καὶ
3640 2752 3673 2819 ἡ
3701 2750 3943 2818 γλῶσσα,

2375 2846 2678 2917 τετηγμένη
2703 2841 2855 2907 οὖσα,
2873 2847 2991 2907 ταῖς
3020 2844 3364 2906 καταλαλιαῖς
3392 2841 3648 2913 ἁναιρεῖ.]
3682 2842 3943 2912 Σκύμνων

2375 2937 2482 2989 τῶν
2536 2936 2735 3005 νοητῶν
2793 2934 3051 3005 δηλονότι.
3085 2933 3433 3002 Ἐκοιμήθην
3489 2930 3940 2999 τεταραγμένος.

2389 3028 2604 3097 Ἐπειδὴ
2648 3026 2933 3098 ὲρρύσθην,
2965 3026 3147 3095 φησὶν,
3178 3029 3240 3078 ὲκ
3281 3027 3387 3078 τιῖιν
3430 3026 3632 3095 νοητῶν
3669 3025 3942 3095 σκύμνων,

2379 3120 2567 3173 τούτου
2603 3119 2758 3190 χάριν
2783 3119 2873 3171 καὶ
2905 3118 3304 3187 ἀναπαύσομαι,
3331 3119 3504 3170 καίτοι
3532 3119 3700 3171 πάλαι
3731 3118 3825 3172 ὑπ²
3851 3119 3945 3171 αὐ·

2376 3210 2481 3262 τῶν
2518 3209 2931 3280 ταραττόμενος.
2972 3207 3087 3260 Υἱοὶ
3120 3204 3463 3273 ἀνθρώπων,
3487 3210 3541 3259 οἱ
3564 3208 3806 3272 ἑδόντες
3835 3208 3943 3259 αὐ-

2374 3299 2491 3353 τῶν
2517 3299 2675 3354 ὅπλα
2706 3300 2800 3352 καὶ
2830 3298 3009 3367 βέλη.
3064 3298 3245 3353 Ταῦτά
3273 3316 3401 3369 φησι
3430 3300 3854 3369 κατασημαὶνων
3878 3297 3946 3349 τὰ

2374 3392 2451 3463 τῷ
2484 3393 2691 3462 Σωτῆρι
2721 3391 2999 3461 ωμὸἀντα
3030 3392 3169 3444 κατὰ
3217 3391 3307 3443 τὸν
3346 3389 3439 3443 τοῦ
3492 3388 3697 3452 πάθους
3727 3389 3943 3460 καιρὸν,

2374 3483 2537 3553 ⁴ἡνίκα
2585 3483 2719 3552 πρὸς
2763 3480 2988 3534 Πιλᾶτον
3021 3481 3247 3552 ἔκραζον
3274 3483 3323 3533 οἱ
3363 3481 3598 3534 Ἰουδαῖοι
3630 3482 3771 3533 κατὰ
3806 3481 3947 3551 Χρι-

2379 3572 2502 3625 στοῦ
2550 3567 2828 3638 τὸ,*Αρον,
2876 3563 3042 3637 ἆρον,
3068 3574 3419 3640 σταύρωσον
3460 3572 3665 3634 αὑτὸν,
3712 3572 3809 3624 καὶ
3863 3573 3950 3625 ὅτι

2376 3666 2445 3718 El
2462 3662 2547 3732 μὴ
2585 3659 2663 3731 ἦν
2691 3658 2867 3727 οὗτος
2892 3661 3240 3732 κακοῦργος,
3272 3664 3379 3717 οὐκ
3426 3662 3502 3715 ἅν
3532 3677 3630 3727 σοι
3681 3661 3949 3729 παρεδώ-

2376 3775 2561 3828 καμεν
2587 3758 2790 3810 αὐτόν.

2456 3847 2739 3917 ’Υψώθητι
2784 3847 2880 3900 ἐπὶ
2923 3846 3063 3909 τοὺς
3101 3844 3413 3911 οὐρανοὺς.
3437 3848 3468 3898 ό
3509 3845 3670 3910 Θεὸς,
3702 3847 3804 3899 καὶ
3841 3847 3945 3901 ἐπὶ

2377 3940 2582 3995 πᾶσαν
2606 3938 2719 4007 τὴν
2750 3936 2864 4008 γῆν
2908 3939 2945 4005 ἡ
2981 3936 3129 4000 δόξα
3158 3953 3294 3990 σου.
3323 3938 3384 3990 Εἰ
3414 3938 3504 3991 καὶ
3531 3937 3800 4007 καθῆκας,
3837 3957 3948 4008 φη-

2380 4031 2483 4091 σὶν,
2517 4028 2705 4081 ἑαυτὸν
2735 4027 2820 4079 διὰ
2851 4028 2948 4098 τὴν
2974 4026 3246 4097 ἡμετέραν
3288 4027 3557 4097 σωτηρίαν
3583 4026 3663 4089 είς
3692 4026 3949 4080 ἑκούσιον

2378 4121 2626 4183 κένωσιν,
2655 4120 2748 4173 καὶ
2790 4119 3019 4187 γέγονας
3063 4119 3298 4187 ὑπήκοος
3333 4118 3490 4189 μέχρι
3512 4117 3761 4180 θανάτου,
3801 4118 3951 4171 ἀλλὰ

2378 4213 2471 4265 καὶ
2513 4212 2671 4264 πάλιν
2699 4210 2883 4264 ἄνελθε
2914 4214 2991 4274 εἰς
3022 4212 3299 4281 οὐρανοὺς,
3328 4211 3410 4262 ὅτι
3454 4210 3546 4263 καὶ
3574 4208 3815 4262 ἀνελθὼν
3841 4210 3949 4279 τῆς

2380 4304 2477 4372 σῆς
2508 4300 2660 4368 δόξης
2696 4299 3000 4370 πληρώσεις
3034 4302 3212 4353 πᾶσαν
3237 4300 3331 4368 τὴν
3353 4300 3476 4369 γῆν.

2444 4388 2670 4459 Παγίδα
2710 4389 3040 4457 ἡτοίμασαν
3086 4388 3206 4454 τοῖς
3239 4389 3381 4441 ποσί
3412 4407 3551 4457 μου.
3583 4389 3721 4452 Τοὺς
3763 4406 3949 4444 καταοη

725 4501 811 4541 me
844 4485 1049 4555 laqueis
1096 4483 1436 4552 dejiciebant,
1480 4480 1680 4535 curasti
1716 4487 1775 4531 ut
1800 4480 1853 4531 in
1882 4475 2089 4531 foveam
2113 4488 2275 4543 quam

2381 4482 2667 4545 ϐάλλοντας
2699 4498 2786 4552 με,
2815 4481 2965 4550 φησὶ,
2995 4478 3083 4532 διὰ
3114 4480 3221 4533 τῶν
3256 4480 3492 4548 παγίδων
3520 4482 3954 4551 παρεσκεύασας

723 4581 966 4633 fecerunt
1008 4575 1322 4630 inciderent.
1372 4573 1737 4638 Quamobrem
1782 4571 1882 4624 hac
1919 4583 1977 4623 re
2018 4567 2274 4638 praeclare

724 4679 842 4723 acta
867 4684 1026 4736 super
1057 4666 1225 4722 caelos
1258 4666 1515 4718 exaltare.

790 4758 843 4815 8.
878 4758 1129 4813 Paratum
1164 4772 1253 4811 eor
1284 4771 1474 4817 meum,
1506 4753 1664 4817 Deus,
1696 4760 1942 4821 paratum
1970 4768 2058 4805 cor
2078 4767 2270 4805 meum.

724 4852 894 4923 Rogat
924 4851 1025 4906 sibi
1057 4850 1171 4903 dari
1205 4849 1463 4919 Spiritum
1492 4854 1757 4912 sanctum,
1786 4860 1944 4915 quem
1983 4846 2272 4900 missurum

723 4960 779 5000 se
821 4945 873 4997 in
910 4944 1105 4999 cmlum
1154 4942 1446 4995 ascendens
1500 4937 1823 5009 Unigenitus
1860 4938 2130 5007 pollicitus
2168 4946 2271 5002 est,

717 5045 966 5107 paratum
1001 5050 1121 5089 esse
1151 5049 1243 5088 cor
1276 5049 1433 5087 suum
1458 5034 1609 5086 aiens
1633 5032 1697 5084 ad
1730 5047 1853 5085 eum
1885 5031 2269 5099 recipiendum.

794 5128 846 5182 9.
875 5124 1131 5195 Exsurge,
1157 5125 1325 5196 gloria
1368 5141 1499 5177 utea.
1535 5122 1775 5177 Gloriam
1818 5137 1972 5175 suam
2019 5121 2271 5190 spiritum

720 5217 1090 5287 propheticmn
1110 5218 1357 5286 appellat.
1380 5213 1634 5285 Exsurge,
1652 5213 1958 5281 psalterium
1980 5222 2027 5265 et
2044 5213 2267 5265 cithara.

720 5306 1036 5361 Psalterium
1075 5307 1204 5360 dicit
1242 5307 1501 5367 animam,
1541 5306 1804 5359 citharam
1842 5313 2001 5359 vocat
2048 5318 2266 5372 corpus.

722 5396 1017 5468 Exsurgam
1048 5398 1298 5451 dilurulo.
1319 5398 1565 5464 Quando,
1601 5398 1799 5466 inquit,
1831 5396 2161 5466 spiritualem
2192 5394 2270 5448 lu-

724 5504 836 5543 cem
867 5492 1117 5553 sentiam,
1151 5504 1437 5558 exsurgam
1470 5491 1535 5543 ad
1569 5489 1922 5543 cantandum.

787 5667 832 5698 τ’
861 5664 1017 5719 Joan.
1051 5666 1277 5735 “3,15.
1348 5666 1391 5696 '°
1420 5664 1576 5718 Joan.
1609 5682 1762 5731 xvnt,
1795 5665 1884 5721 50.

790 5760 877 5828 (‘25
906 5764 922 5830 )
948 5764 1015 5817 El
1047 5760 1130 5815 δέ.
1169 5760 1325 5819 Forte
1347 5755 1406 5815 οὗ
1437 5762 1551 5815 καί.
1598 5762 1753 5817 Eutr.

2377 4578 2453 4638 εἰς
2474 4573 2631 4627 αὑτὸν
2651 4574 2708 4625 ὃν
2732 4573 2942 4646 ὤρυξαν
2974 4572 3159 4644 βόθρον
3183 4574 3456 4642 ἐμπεσεῖν.
3485 4572 3574 4624 Διὸ
3602 4571 3666 4643 δὴ
3693 4573 3791 4626 καὶ
3815 4571 3955 4626 ταῦ-

2375 4683 2442 4719 τα
2476 4665 2818 4735 κατορθώσας
2846 4666 2935 4718 ἐπὶ
2963 4665 3086 4727 τοὺς
3118 4664 3375 4735 οὐρανοὺς
3401 4663 3662 4733 bouem.

2460 4757 2684 4825 Ἑτοίμη
2711 4759 2748 4825 ὴ
2780 4756 2989 4824 καρδία
3009 4774 3147 4825 μου,
3184 4759 3215 4809 ό
3243 4755 3402 4820 Θεὸς,
3426 4757 3624 4823 ἑτοίμη
3647 4757 3686 4821 ὴ
3721 4756 3955 4821 καρδία

2373 4864 2519 4915 μου.-
2536 4846 2845 4916 Παρακαλεῖ
2862 4844 3110 4910 δέξασθαι
3130 4844 3188 4895 τὸ
3200 4845 3419 4915 Πνεῦμα
3439 4844 3498 4896 τὸ
3521 4845 3692 4911 ἅγιον,
3717 4846 3745 4897 ὃ
3765 4847 3958 4917 ἐπηγρ

2376 4938 2590 5006 γείλατο
2630 4938 2982 5007 ἀνερχόμενος
3018 4936 3247 5006 πέμψειν
3277 4940 3305 4989 ὁ
3343 4935 3669 5005 Μονογενης,
3713 4938 3959 5007 ἑτοίμην

2377 5030 2454 5093 είς
2475 5029 2535 5080 τὸ
2555 5028 2802 5093 δέξασθαι
2817 5029 2985 5095 λέγων
3006 5027 3328 5098 γεγενῆσθαι
3346 5028 3442 5097 τὴν
3465 5026 3657 5081 ἑαυτοῦ
3690 5027 3957 5097 καρδίαν.

2461 5118 2833 5189 Ἐεεγέρθητι,
2868 5122 2905 5187 ἡ
2932 5120 3077 5183 δόξα
3100 5138 3235 5189 μου.
3270 5119 3434 5185 Δόξαν
3462 5121 3655 5173 ἑαυτοῦ
3694 5120 3753 5171 τὸ
3789 5118 3962 5171 πνεῦ-

2379 5226 2456 5281 μα
2502 5210 2561 5262 τὺ
2611 5213 2941 5283 προφητικὸν
2974 5211 3555 5283 φησιν.Ἐξετέρθητι,
3596 5208 3960 5279 ψαλτήριον·

2374 5301 2470 5355 καί
2503 5304 2729 5371 κιθάρα.
2744 5303 3049 5375 Ψαλτηιριον
3081 5303 3178 5373 μὲν
3201 5303 3297 5373 τὴν
3316 5301 3492 5373 ψυχήν
3521 5317 3673 5369 φησι,
3704 5299 3962 5372 κιθάραν

2372 5392 2429 5445 δὲ
2473 5393 2531 5444 τὺ
2573 5394 2729 5463 σῶμα
2773 5395 2943 5447 καλεῖ.
2977 5392 3456 5462 Ἐεεγερθήσομαι
3491 5391 3844 5460 ὕρθρου.Ἐν
3869 5394 3961 5446 αἰ-

2376 5483 2580 5552 σθήσει,
2624 5486 2773 5555 φησι,
2803 5485 2893 5539 τοῦ
2947 5483 3132 5555 νοητοῦ
3180 5484 3354 5554 φωτὸς
3401 5484 3685 5556 γενόμενος
3731 5483 3847 5537 ἐπὶ
3895 5483 3957 5538 τὸ

2376 5573 2559 5642 ὑμνεῖν
2590 5574 3027 5647 ὲξεγερθήσομαι.

1988 5665 2027 5698 ι’
2060 5662 2290 5734 Philipp.
2328 5679 2387 5728 ll,
2421 5664 2473 5731 7,
2499 5664 2583 5721 8.‘
