4102 6312
155 358 234 413 96!
1218 357 1584 414 EXPOSlTlO
1624 358 1674 412 Ib

1772 358 2057 416 SALMUM
2095 361 2249 417 LVII.

224 471 771 542 Ἔξομολογήσομαί
807 489 903 528 σοι
951 474 1021 526 ἑν
1064 475 1253 541 λαοῖς,
1282 478 1478 545 Κύριε,
1530 478 1705 545 ψαλῶ
1734 484 1778 542 Α

153 581 235 617 σοι
261 565 328 617 ἐν
353 565 579 620 ἔθνεσι.
615 567 723 638 Τὴν
773 567 878 620 τῶν
909 567 1074 620 ὲθνῶν
1100 571 1350 623 ἁπάντων
1371 573 1698 642 ἐπιστροφὴν

153 657 547 724 εὐαγγελίζεται
595 660 661 712 δι’
691 654 763 711 ὧν
807 661 1227 731 ἐξομολογεῖται,
1262 664 1356 717 ἆτε
1394 664 1456 734 δὴ
1484 666 1700 718 πάντων

150 751 241 800 τῶν
274 748 445 804 ἐθνῶν
487 753 612 814 τοὺς
646 751 808 805 αὑτοῦ
846 753 1073 822 ᾀδόντων
1105 753 1452 824 ὓμνο·.›ς.”οτι
1490 755 1698 823 ἐμεγα-

147 842 320 906 λύνθη
353 841 467 906 ἓως
497 845 602 894 τὸν
633 844 889 910 οὐρανὸν
918 845 982 898 τὸ
1015 845 1184 910 ἔλεός
1213 863 1346 899 σου.
1365 847 1586 916 Ὅμοιον
1621 845 1699 916 τῷ

149 933 261 983 Ὀτι
291 933 390 984 καὶ
421 933 575 1000 αὺτὴ
603 936 638 999 ἡ
671 937 864 1001 κτίσις
893 937 1422 1006 ὲ..ιευθερωθήσεται
1449 939 1564 992 ἀπὸ
1590 939 1700 1008 τῆς

146 1021 352 1088 ρθοριῖς
385 1027 472 1089 είς
496 1025 606 1091 τὴν
636 1027 980 1094 ὲ..ιευθερίαν
1009 1028 1124 1081 τῶν
1145 1029 1368 1082 τέκνων
1392 1030 1494 1084 τοῦ
1527 1031 1694 1084 Θεοῦ.

145 1112 236 1162 Καὶ
287 1111 399 1177 ἕως
448 1112 567 1165 τῶν
612 1114 880 1182 νεφελῶν
918 1117 956 1182 ἡ
1001 1116 1248 1183 ἀλήθειά
1280 1135 1414 1172 σου.
1434 1119 1693 1189 Ἀληθεῖς,

147 1206 282 1274 φησὶ,
317 1207 418 1268 τὰς
446 1207 554 1258 τῶν
598 1209 849 1277 νεφελῶν,
873 1210 1112 1262 τουτέστι
1142 1212 1248 1264 τῶν
1277 1213 1586 1283 προφητῶν,
1609 1213 1698 1266 διὰ

143 1294 238 1347 τῶν
272 1297 615 1366 πραγμάτοιν
638 1300 923 1362 satanas;
951 1317 1044 1353 σου
1070 1303 1272 1367 φωνάς.

203 1386 378 1459 Γεως
427 1388 543 1441 τῶν
589 1389 856 1458 νεφελῶν
902 1395 939 1460 ἠ
992 1394 1239 1461 ἀλήθειά
1278 1409 1412 1448 σου.
1433 1394 1693 1465 Ἀληθεῖς,

143 1483 279 1550 φησὶ,
313 1482 412 1544 τὰς
439 1483 544 1535 τῶν
570 1485 825 1550 νεφελῶν,
869 1487 1109 1538 τουτέστι
1139 1488 1247 1538 τῶν
1275 1488 1583 1558 προφητῶν,
1612 1489 1697 1543 διὰ

145 1575 468 1642 πραγμάτων
514 1575 852 1641 ἐπεδείξαντο
879 1579 1230 1645 φωνάς.Ἕως
1261 1577 1379 1631 τῶν
1405 1579 1690 1647 οἰιρανῶν,

141 1663 304 1728 ίμοιον
329 1662 565 1731 etp-“Ott
599 1666 692 1717 καί
739 1665 888 1732 αὐτὴ
917 1667 954 1732 ἡ
990 1669 1184 1733 κτίσις
1225 1669 1692 1736 ἐλευθερωθήσε-

140 1767 221 1803 ται
266 1753 382 1804 ἀπὸ
431 1753 541 1820 τῆς
588 1756 809 1824 φθορᾶς
851 1760 936 1823 εἰς
979 1758 1324 1829 ἐλευθερίαν
1354 1760 1464 1828 τῆς
1508 1761 1690 1828 δόξης

139 1839 244 1894 τῶν
267 1844 492 1897 τέκνων
523 1847 627 1900 τοῦ
658 1847 850 1920 Θεοῦ.]

138 1954 228 2016 Εἰς
266 1955 326 2007 τὸ
373 1955 569 2022 τέλος,
602 1957 688 2026 μὴ
723 1959 1080 2030 διαφθείρῃς,
1108 1962 1187 2029 τῷ
1216 1965 1396 2018 Δαυῒδ
1421 1968 1507 2032 εἰς
1538 1982 1686 2035 στη-

467 2051 817 2118 λοπραφιάν.
865 2055 1171 2108 ΨΑΛΜΟΣ
1206 2058 1315 2110 NZ'

750 2141 1066 2208 Ύπόθεσις.

133 2225 230 2296 Τὴν
275 2229 442 2300 αὐτὴν
484 2231 738 2286 ὑπόθεσιν
781 2233 892 2304 ἔχει
935 2235 1011 2306 τῷ
1058 2237 1378 2308 προλαϐόντι
1417 2241 1446 2293 ὁ
1495 2241 1684 2312 παρὼν

191 2319 418 2389 ψαλμὸς,
452 2323 650 2393 μᾶλλον
693 2324 749 2377 δὲ
800 2325 984 2392 σαφῶς
1029 2327 1297 2399 ἐξηγεῖται
1348 2333 1496 2383 ποῖον
1545 2333 1682 2386 κατὰ

190 2411 288 2464 τῶν
317 2414 737 2469 ἐπαναστάντων
764 2417 842 2487 τῷ
867 2419 1076 2492 Σωτῆρι
1109 2421 1170 2473 τὸ
1201 2422 1352 2486 τέλος
1386 2423 1626 2493 γέγονεν.

189 2588 251 2638 Ei
300 2587 542 2654 ἀληθῶς
594 2589 706 2657 ἄρα
749 2590 1146 2662 δικαιοσύνην
1183 2596 1441 2651 λαλεῖτε,
1461 2598 1676 2674 Ἐπειδὴ

127 2675 400 2745 συνήγοντο
444 2676 588 2735 κατὰ
629 2679 722 2731 τοῦ
768 2681 1038 2752 Σωτῆρος,
1077 2683 1152 2745 ὡς
1202 2686 1536 2752 ἐκδικοῦντες
1589 2690 1677 2743 τὸν

122 2765 286 2835 νόμον,
343 2769 569 2832 είκότως
624 2772 805 2833 αὐτοῖς
857 2774 917 2824 τὸ
977 2777 1314 2844 προφητικὸν
1376 2778 1674 2833 ἐντέλλεται

123 2859 340 2929 τιεῧμα,
387 2861 444 2912 εἴ
479 2879 542 2928 γε
587 2862 691 2932 ἄρα
723 2862 814 2916 τοῦ
847 2865 1052 2918 δικαίου
1086 2867 1477 2937 φροντίζουσιν,
1513 2871 1674 2926 εὐθέα

121 2948 324 3015 κρίνειν,
359 2951 605 3004 τουτέστι
639 2953 841 3007 δίκαια.
872 2957 932 3008 Οἱ
973 2955 1028 3008 δὲ
1065 2959 1162 3010 οὐκ
1208 2958 1425 3030 ἔκριναν
1469 2961 1670 3027 δίκαια,

118 3036 198 3088 τὸν
238 3039 411 3092 ἀθῶον
455 3044 549 3094 καὶ
592 3042 794 3098 δίκαιον
841 3048 1152 3103 ἀποκτεῖναι
1193 3050 1518 3122 βουλόμενοι.
1560 3055 1672 3110 Kal

1890 478 1973 534 10.
2009 482 2306 549 Conﬁtebar
2353 483 2447 536 tibi
2482 485 2537 536 in
2581 485 2806 554 populis,
2852 485 3363 554 Dominetpsallam

1800 570 1894 624 tibi
1917 573 1971 624 in
2000 573 2254 640 gentibus.
2285 571 2538 627 Omnimn
2569 576 2802 644 gentium
2832 576 3240 630 conversionem
3264 593 3362 631 an-

1801 662 2013 715 nuntiat
2063 678 2156 730 per
2211 663 2606 718 confessionem
2677 682 2866 732 suam,
2922 668 3049 735 quia
3101 670 3355 723 nimirum

1801 768 1990 807 omnes
2015 765 2200 823 gentes
2218 756 2446 825 hymnos
2472 757 2590 826 ejus
2613 759 2923 813 concinunt.
2954 758 3214 823 Quoniam
3247 777 3362 812 ma-

1798 844 2046 911 gniﬁcata
2080 855 2156 898 est
2193 863 2352 914 usque
2373 849 2440 900 ad
2468 847 2620 900 calas
2646 850 3006 902 misericordia
3031 860 3138 900 tua.
3171 848 3359 902 Simile

1799 933 1925 988 huic
1958 952 1970 986 :
2004 932 2139 997 Quia
2161 944 2210 988 et
2239 937 2354 1001 ipsa
2373 951 2616 990 creatura
2633 938 2936 990 Mberabilur
2954 957 2984 991 a
3004 949 3354 1007 corruptione.

1797 1024 1851 1075 in
1887 1023 2174 1077 libertatem
2209 1027 2442 1093 ﬁliarum
2471 1027 2642 1082 Dei".
2692 1027 2758 1083 Et
2791 1046 2955 1094 usque
2987 1031 3055 1082 ad
3088 1031 3243 1084 nubes
3273 1048 3360 1085 ve-

1798 1114 1930 1165 ritas
1973 1125 2082 1167 tua.
2110 1113 2302 1180 Verus,
2333 1118 2526 1187 inquit,
2555 1121 2806 1186 nubium,
2851 1122 2902 1175 id
2931 1130 3034 1184 est,
3062 1124 3356 1191 propheta-

1797 1217 1918 1256 rum
1947 1219 2127 1268 voces,
2159 1221 2217 1259 re
2248 1206 2362 1275 ipsa
2395 1210 2784 1278 comprobasli.

1875 1390 2073 1463 [Usque
2105 1394 2173 1445 ad
2208 1393 2366 1447 nubes
2405 1395 2596 1449 veritas
2629 1405 2738 1448 tua.
2784 1392 2861 1447 Ex
2889 1395 3145 1462 operibus
3173 1411 3351 1464 veras,

1794 1483 1988 1551 inquit,
2007 1500 2125 1539 esse
2145 1487 2551 1541 tleclaraverunt
2569 1489 2815 1553 nubium,
2834 1490 2944 1541 sive
2968 1489 3352 1556 prophetarum

1796 1589 1970 1630 voces.
1997 1575 2166 1645 Usque
2192 1578 2260 1629 ad
2283 1577 2458 1641 (αξιοι,
2488 1579 2663 1632 simile
2688 1589 2769 1633 est
2801 1579 2871 1632 illi
2906 1597 2919 1632 :
2950 1578 3211 1644 Quoniam
3235 1585 3354 1648 ipsa

1794 1677 2036 1720 creatura
2071 1667 2382 1722 liberabitur
2411 1687 2441 1722 a
2469 1673 2795 1738 cvrruptione
2828 1672 2882 1723 in
2914 1671 3208 1725 libertatem
3232 1671 3350 1742 glo-

1793 1757 1887 1809 rite
1909 1757 2141 1824 filiorum
2173 1754 2312 1831 Dei.]

1788 1955 1838 2010 1.
1869 1955 1934 2010 1η
1971 1959 2150 2028 ﬁnem,
2199 1977 2260 2014 ne
2303 1963 2595 2032 disperdas,
2628 1967 2818 2021 Davidi
2878 1969 2932 2022 in
2977 1970 3118 2026 tituli
3160 1971 3340 2025 inscri-

2146 2055 2393 2121 ptionem.
2424 2055 2759 2115 PSALMUS
2798 2059 2981 2117 ιγιι.

2352 2149 2751 2218 Argumentum.

1783 2228 2040 2288 Eamdem
2088 2237 2258 2305 ipsam
2301 2256 2462 2309 quam
2501 2244 2751 2313 superior
2789 2244 2878 2299 hic
2912 2246 3151 2315 psalmus
3185 2245 3347 2301 habet

1851 2323 2280 2395 inscriptionem,
2309 2332 2420 2385 imo
2444 2336 2620 2402 potius
2651 2338 2827 2405 palam
2859 2349 3078 2392 enarrat
3103 2339 3196 2408 qui
3222 2340 3345 2395 linis

1853 2428 2040 2471 eorum
2066 2417 2248 2488 fuerit,
2267 2423 2358 2493 qui
2384 2424 2646 2481 adversus
2671 2429 3003 2484 Salvatorem
3037 2433 3347 2486 insurrexe-

1849 2517 1998 2561 runt.

1847 2599 1904 2664 ‘2,
1931 2600 1986 2654 3.
2025 2602 2085 2654 Si
2114 2619 2226 2656 rere
2250 2605 2428 2674 utique
2447 2605 2719 2674 justitiam
2749 2608 3045 2679 loquimini.
3077 2611 3215 2677 Quia
3246 2615 3344 2668 ad-

1776 2707 1968 2746 versus
1999 2691 2333 2748 Salvatorem
2376 2700 2864 2767 congregabanmr,
2898 2705 3052 2771 quasi
3092 2704 3224 2777 legis
3254 2706 3343 2759 ul-

1775 2783 2036 2836 ciscenda:
2066 2784 2391 2853 causa,jure
2419 2787 2523 2840 illis
2547 2789 2891 2857 propheticus
2920 2794 3144 2861 spiriws
3164 2795 3339 2865 jubet,

1775 2880 1833 2926 ut
1860 2873 1904 2926 si
1940 2888 2100 2941 quam
2132 2873 2270 2942 juris
2296 2885 2350 2928 ct
2375 2878 2512 2946 arqui
2544 2893 2730 2932 curam
2770 2879 3021 2947 habeant,
3049 2893 3192 2937 recta
3226 2887 3342 2942 sivo

1767 2963 1914 3034 justa
1937 2965 2196 3032 judicent.
2235 2969 2303 3020 At
2333 2968 2407 3021 illi
2443 2984 2782 3039 nequaquam
2817 2973 2960 3041 justa
2998 2973 3338 3042 judicabant,

1773 3069 1892 3108 cum
1921 3056 2198 3110 innoxium
2237 3059 2512 3128 etjustutn
2546 3062 2740 3117 vellent
2763 3063 3087 3120 interﬁcere.
3128 3067 3338 3122 Etenim

118 3130 212 3196 :r'zp
253 3131 320 3182 ὲν
361 3133 576 3201 καρδίᾳ
615 3137 866 3206 ἀνομίας
908 3140 1217 3209 ἐργάζεσθε
1258 3144 1327 3197 ὲν
1374 3145 1449 3213 τῇ
1472 3145 1567 3214 γῇ.
1608 3149 1669 3201 Εί

1772 3147 1824 3198 in
1859 3149 2013 3202 corde
2046 3151 2350 3219 iniquitates
2379 3156 2670 3219 operamini
2699 3157 2754 3208 in
2786 3167 2944 3210 terra.
2969 3158 3103 3226 Etsi,
3139 3161 3336 3231 inquit,

118 3223 198 3272 καὶ
227 3224 270 3273 οἱ
295 3223 466 3291 λόγοι,
498 3229 649 3297 φησὶ,
683 3231 925 3299 χρηστοὶ,
963 3231 1243 3285 διεκδικεῖν
1272 3239 1668 3307 προσποιούμε-

2135 3208 2146 3219 ,
2411 3208 2420 3219 .
2791 3208 2823 3210 νε
2869 3208 2942 3210 νίν
2970 3208 3103 3226 --νν
3139 3208 3336 3231 ··”1“··’ν

1772 3239 1919 3293 lenes
1966 3241 2251 3294 videantur
2296 3257 2597 3311 sermones,
2624 3261 2690 3299 ex
2727 3248 3164 3306 dissimulatione
3203 3255 3338 3308 ulci-

116 3327 184 3360 νοι
222 3313 304 3365 τὸν
353 3315 519 3384 νόμον
541 3334 552 3346 ·
584 3319 696 3370 ἀλλ’
724 3323 754 3387 ὴ
803 3321 994 3389 καρδία
1034 3325 1255 3393 πικρίας
1285 3327 1401 3379 ἐστὶ
1436 3328 1665 3402 πλήρης,

114 3401 196 3452 καὶ
230 3405 278 3455 αἱ
307 3405 536 3475 πράξεις
563 3408 618 3459 δὲ
643 3410 841 3478 ὁμοίοις
869 3412 1094 3482 ἀνομίας
1121 3417 1295 3485 πεπλή
1307 3435 1523 3490 ρωνται.

185 3491 769 3562 Ἆπηλλοτριώφησαν
811 3504 864 3553 οὶ
893 3503 1222 3572 ἁμαρτωλοί
1259 3509 1376 3561 ἀπὸ
1415 3510 1664 3578 μήτρας.

111 3580 341 3634 Δείκνυσι
372 3584 432 3636 τὸ
465 3585 732 3657 μηδεμίαν
764 3591 957 3655 αὐτοὺς
985 3595 1046 3646 τὸ
1081 3598 1338 3666 παράπαν
1369 3601 1666 3671 ἐσχηκότας

113 3670 271 3723 αἰτίαν
301 3676 382 3736 εἰς
418 3680 709 3749 σωτηρίαν.
743 3679 862 3751 [Διά
888 3683 994 3756 γὰρ
1024 3685 1241 3739 Ἡσαΐου
1264 3688 1355 3741 τοῦ
1387 3695 1663 3761 προφήτου

111 3761 230 3830 πρὶς
271 3765 556 3831 Ἰουδαίους
599 3772 627 3822 ό
667 3772 797 3835 Θεὸς
849 3773 985 3846 ἔφη·
1029 3778 1271 3845 Ἕγνων,
1314 3779 1403 3834 ὅτι
1443 3783 1666 3837 ἀθετῶν

109 3852 423 3923 ἀθετήσεις,
460 3861 555 3913 καί
594 3860 813 3932 ἄνομος
836 3862 908 3932 εἷ,
943 3869 1037 3921 καὶ
1069 3870 1136 3922 ἐκ
1174 3872 1403 3939 κοιλίας
1442 3875 1663 3943 κληθή-

108 3959 209 4011 σῃ·
247 3949 455 4003 κοιλίαν
487 3951 548 4004 τὸ
582 3953 732 4022 ἅγιον
765 3956 1043 4030 βάπτισμα
1071 3961 1289 4036 Mysum]
1320 3965 1512 4034 Θυμὸς
1553 3970 1660 4021 αὑ-

106 4037 215 4104 τοῖς
263 4042 415 4095 κατὰ
469 4045 583 4112 τὴν
610 4050 892 4116 ὁμοίωσιν
922 4052 1028 4105 τοῦ
1063 4053 1268 4122 ὄφεως.
1315 4055 1494 4126 Θυμόν
1530 4076 1660 4129 φησι

103 4129 186 4199 τὴν
222 4133 418 4204 ψυχὴν,
461 4136 525 4206 ἢν
553 4139 643 4190 καὶ
672 4141 862 4208 ὁμοίαν
888 4137 1026 4196 εἷναί
1075 4161 1205 4214 φησι
1247 4144 1338 4198 τοῦ
1387 4149 1443 4200 ὲν
1487 4166 1660 4221 παρα-

101 4218 243 4291 δείσῳ
274 4225 485 4294 ὄφεως·
521 4228 577 4291 ὃς
616 4230 1044 4303 ὑποκρινάμενος
1083 4237 1302 4308 ῥήματα
1338 4239 1538 4306 φιλίας,
1568 4218 1659 4294 τὸν

102 4312 312 4370 θάνατον
344 4322 655 4392 εἰσήγαγεν.
677 4325 888 4398 Ἐπειδὴ
934 4328 1111 4382 τοίνυν
1158 4332 1250 4384 καὶ
1291 4327 1435 4386 οὗτοι
1487 4352 1660 4407 παρα-

99 4403 349 4476 πλησίως,
380 4411 599 4479 Ῥασόὶ,
629 4417 722 4470 καὶ
750 4417 1103 4483 Διδάσκαλε,
1121 4421 1389 4491 λέγοντες,
1417 4428 1530 4492 καὶ,
1564 4403 1658 4480 Dl-

1769 3332 1982 3385 sccndaa
2015 3332 2178 3402 legis;
2212 3335 2303 3388 sed
2335 3351 2429 3389 cor
2467 3337 2684 3406 plenum
2724 3343 3052 3409 acerbitate,
3083 3355 3135 3400 ct
3173 3362 3336 3417 opera

1768 3422 2021 3477 similiter
2055 3425 2342 3494 iniquitate
2372 3430 2524 3498 plena
2553 3441 2701 3487 sunt.

1835 3515 1889 3579 4,
1919 3516 1972 3570 5.
1992 3516 2226 3572 Alienati
2256 3532 2373 3573 sunt
2400 3533 2696 3590 peccatOres
2718 3541 2748 3577 a
2772 3525 2941 3580 vulva.
2967 3526 3216 3585 Ostendit
3238 3547 3334 3589 eos

1765 3609 1966 3662 nullam
1995 3613 2216 3665 omnino
2249 3613 2502 3669 habuisse
2535 3616 2726 3671 salutis
2755 3632 2998 3673 causam.
3027 3619 3330 3692 [Siquidem

1761 3715 1858 3769 per
1889 3700 2081 3755 Isaiam
2116 3704 2433 3772 prophetam
2477 3705 2677 3762 Iudaeis
2712 3709 2788 3763 ait
2825 3708 3007 3767 Deus:
3047 3713 3182 3768 Novi
3205 3718 3333 3786 quia

1761 3791 2012 3861 despicies
2049 3803 2098 3847 et
2132 3805 2456 3865 contemptor
2483 3799 2608 3864 eris,
2642 3811 2797 3869 atque
2822 3817 2884 3854 ea:
2919 3814 3089 3857 ventre
3119 3807 3332 3863 vocabe-

1763 3882 1834 3934 ris
1864 3882 2074 3950 impius.
2113 3883 2366 3939 Ventrem
2409 3895 2559 3941 vocat
2595 3900 2843 3946 sanctum
2872 3893 3180 3969 baptisma.]
3228 3897 3331 3954 Fu-

1762 3989 1850 4026 ror
1877 3972 1982 4027 illis
2009 3978 2293 4029 secundum
2318 3979 2722 4034 similitudinem
2759 3987 3034 4052 serpentis.
3067 3985 3107 4039 F
3113 4003 3328 4046 urerent

1760 4064 1998 4118 animam
2034 4067 2185 4131 dicit,
2219 4085 2382 4138 quam
2415 4071 2648 4124 similem
2673 4073 2749 4125 ait
2775 4076 3007 4144 serpenti
3046 4077 3119 4130 illi
3153 4079 3244 4148 qui
3269 4080 3327 4136 in

1759 4156 2010 4224 paradiso
2044 4159 2382 4223 versabatur,
2411 4163 2501 4231 qui
2537 4164 2808 4220 simulatis
2836 4168 3091 4224 amicitiae
3122 4173 3324 4240 verbis,

1759 4255 1986 4299 mortem
2005 4248 2215 4303 induxit
2266 4249 2492 4317 Quando
2537 4256 2700 4326 igitur
2728 4267 2782 4312 et
2817 4259 2868 4312 hi
2903 4275 3136 4330 quoque,
3178 4263 3325 4317 Rabo

1759 4339 1810 4392 bi
1825 4339 1965 4405 ⁸³·θδ,
1981 4350 2054 4405 et,
2079 4341 2332 4411 Magister
2352 4345 2398 4384 "
2420 4347 2680 4415 dicentes,
2702 4358 2775 4414 et,
2793 4349 2998 4405 Scimus
3026 4355 3324 4424 quoniama

1757 4427 1865 4483 Deo
1875 4431 2136 4498 uenisti“,
2158 4443 2211 4487 et
2226 4434 2534 4505 hujusmodi
2552 4440 2715 4494 verba
2733 4441 3085 4510 proferentes,
3101 4461 3320 4503 crucem

97 4493 284 4565 δαμεν,
309 4502 397 4554 ὅτι
423 4504 542 4558 ἀπὸ
568 4509 711 4563 Θεοῦ
734 4511 1052 4580 ἐλήλυθας,
1072 4516 1166 4568 καὶ
1194 4517 1260 4570 τὰ
1282 4517 1502 4573 τοιαῦτα
1523 4538 1656 4592 προ-

1772 4521 1863 4591 ῖρεί
1917 4523 2410 4593 machinabantur,
2469 4528 2672 4586 idcirco
2724 4537 2963 4604 serpenti
3019 4540 3321 4608 comparati

95 4592 370 4660 φερόμενοι
405 4598 644 4667 ῥήματα,
676 4602 1014 4658 ἐϐουλεύοντο
1039 4607 1367 4679 παραδοῦναι
1403 4614 1618 4686 σταυρῷ
1639 4633 1653 4647 ·

93 4681 268 4736 miros
303 4686 467 4756 χάριν
511 4692 578 4760 τῇ
610 4691 863 4761 ὁμοιώσει
898 4694 991 4748 τοῦ
1011 4696 1186 4766 ὄφεως
1210 4681 1652 4773 παρεὸλήθησαν.

104 4771 244 4829 Ὠσει
271 4780 538 4848 ἀσπίδος
565 4784 768 4853 κωφῆς
787 4789 883 4840 καί
899 4789 1182 4858 ,βυούσης
1203 4795 1274 4848 τὰ
1293 4771 1415 4849 ῶτα
1437 4771 1647 4866 αὐτῆς.

91 4865 153 4914 Ui:
189 4867 337 4937 μόνῳ
367 4870 446 4940 τῷ
479 4871 620 4940 ὄφει,
653 4877 804 4946 φησὶ,
837 4881 1250 4950 παρεικασθεῖεν
1282 4884 1369 4948 ἂν,
1396 4885 1531 4939 ἀλλὰ
1557 4865 1649 4941 καὶ

90 4955 259 5010 ἀσπίδι
283 4960 380 5011 ἐπὶ
402 4960 511 5012 τῶν
533 4963 758 5017 ὀδόντων
783 4967 980 5041 ἐχούσῃ
1010 4971 1100 5024 τὸν
1131 4973 1228 5036 ίὸν,
1251 4974 1324 5044 μὴ
1352 4974 1646 5048 βουλομένῃ

86 5060 133 5106 τε
157 5047 452 5103 ἐπακούειν
475 5051 581 5104 τῶν
613 5056 836 5124 ἐπῳδῶν
863 5061 942 5123 είς
969 5061 1028 5114 τὸ
1050 5062 1143 5115 τοῦ
1164 5063 1335 5134 θυμοῦ
1359 5065 1643 5122 παύεσθαι.

1759 4623 1906 4669 sunt.
1938 4613 2111 4670 Sicuti
2134 4620 2333 4684 aspidis
2366 4621 2540 4676 surdis
2577 4633 2628 4677 et
2663 4624 2958 4680 obturantis
2989 4645 3142 4684 aures
3171 4647 3316 4685 satas.

1754 4702 1873 4761 Non
1907 4708 2086 4775 modo,
2127 4710 2318 4780 inquit,
2349 4715 2582 4783 serpenti
2611 4719 2911 4786 comparari
2943 4731 3191 4790 possunt,
3223 4723 3318 4778 sed

1753 4799 1916 4852 etiam
1942 4802 2139 4871 aspidi,
2162 4818 2426 4858 venenum
2460 4805 2511 4859 in
2537 4806 2790 4864 dentibus
2815 4810 3053 4878 habenti,
3077 4829 3199 4883 qua:
3219 4831 3320 4868 no-

1751 4887 1816 4943 lit
1842 4891 2028 4946 audire
2051 4893 2412 4951 incantatores
2441 4905 2501 4952 ut
2522 4897 2761 4955 furorem
2784 4904 2954 4959 sedet.
2986 4903 3110 4961 Haec
3134 4917 3318 4962 autem

1753 4977 1874 5034 ideo
1911 4980 2062 5048 dicit,
2101 4983 2226 5052 quia
2271 4985 2348 5040 illi
2391 4986 2545 5056 juxta
2587 4987 2741 5047 Isaia:
2781 5009 2964 5048 vocem
2994 5011 3154 5052 aures
3189 5013 3318 5054 suas

1752 5083 2110 5140 aggravarunt
2140 5082 2197 5129 ut
2223 5091 2329 5130 non
2357 5080 2606 5134 audirent
2635 5097 2914 5140 sermones
2946 5086 3180 5145 Domini.

85 5136 254 5193 Ταῦτα
286 5141 348 5195 δέ
385 5160 567 5213 φησιν,
599 5147 782 5221 ἐπειδὴ
808 5153 898 5205 καὶ
923 5154 1075 5207 αὐτοὶ⁸
1113 5157 1253 5211 κατά
1290 5158 1388 5228 τὴν
1424 5159 1643 5212 Ἡσαΐου
1682 5136 1863 5235 φωνῖὶιῂν
1896 5164 2164 5239 ὲδάρυναν
2192 5168 2260 5222 τὰ
2288 5164 2420 5234 ὦτα,
2471 5171 2565 5226 τοῦ
2616 5173 2691 5246 μὴ
2738 5136 2976 5232 excusa;
2997 5136 3129 5245 τοὺς
3167 5181 3316 5253 παρὰ

83 5234 163 5285 τοῦ
193 5237 405 5309 Κυρίου
439 5238 650 5308 λόγους,

151 5330 200 5380 '0
232 5333 387 5398 Θεὸς
417 5339 734 5407 συντρίψει
769 5343 909 5409 τοὺς
952 5345 1202 5414 ὀδόντας
1240 5351 1437 5403 αὐτῶν
1464 5350 1536 5403 ὲν
1566 5348 1646 5415 τῷ

83 5422 316 5489 στόματι
351 5423 571 5482 αὐτῶν.
591 5429 835 5495 Ὁδόντας
860 5436 916 5487 ὲν
943 5435 1114 5507 τούτῳ
1150 5439 1248 5502 τὰς
1286 5441 1646 5510 συκοφαντίας

81 5510 134 5574 ἃς
164 5517 496 5586 πεποίηνται
541 5521 684 5574 κατὰ
728 5522 824 5576 τοῦ
869 5528 1069 5599 Κυρίου
1105 5532 1258 5602 φησι,
1292 5533 1384 5584 καὶ
1416 5533 1646 5603 μάλιστα

77 5604 161 5664 τὰς
202 5609 296 5661 ἐπὶ
337 5608 440 5676 τῆς
465 5610 812 5677 ἀναστάσεως
831 5631 844 5643 ·
873 5616 906 5684 ἢ
932 5616 1144 5678 ὀδόντας
1168 5620 1264 5691 τὴν
1294 5620 1520 5691 δύναμίν
1545 5639 1648 5692 φη·-

1825 5351 1897 5404 7-
1918 5350 1970 5405 9.
2006 5351 2147 5405 Deus
2169 5362 2395 5408 conteret
2428 5354 2606 5411 dentes
2649 5374 2826 5412 eorum
2863 5360 2917 5414 in
2942 5377 3028 5416 ore
3058 5365 3309 5432 ipsorum.

1749 5439 1942 5495 Dentes
1968 5442 2054 5496 hic
2082 5453 2240 5497 vocat
2266 5447 2652 5516 syc0phantias
2687 5465 2823 5518 quas
2853 5451 3113 5510 adversus
3141 5454 3300 5510 Domi

1747 5547 1877 5586 num
1917 5545 2255 5600 struxerunt,
2299 5539 2532 5593 maxime
2565 5549 2744 5594 autem
2786 5558 2879 5599 cas
2913 5562 3033 5613 qua:
3064 5561 3305 5602 resurre-

1743 5626 1980 5682 ctionem
2023 5637 2364 5697 spectarent,
2395 5643 2488 5688 aut
2540 5634 2729 5692 dentes
2765 5636 3018 5696 virtutem
3055 5639 3310 5712 appellat,

137 5743 179 5778 "
210 5743 378 5803 Rom.
417 5765 538 5819 ml,
567 5750 659 5807 2t.
739 5754 858 5789 ”-"
888 5760 1042 5814 Joan.
1079 5777 1160 5826 tu,
1186 5763 1239 5818 2.
1318 5765 1362 5799 ⁸⁸
1392 5763 1580 5822 Matth.
1612 5782 1750 5834 xxtt,
1786 5769 1888 5834 l6.
1943 5771 2007 5842 _"
2029 5769 2181 5829 Joan.
2213 5789 2292 5840 ιιι,
2328 5775 2381 5842 9.,
