4086 6308
802 355 906 412 963

1627 359 1684 412 S.
1723 357 2091 413 ATHANASII
2128 356 2277 411 OPP.
2317 354 2494 409 PARS
2535 353 2619 407 Ill.
2660 382 2729 395 -—
2768 353 3174 412 EXEGETICA.

802 469 926 537 quia
966 470 1179 524 leonum
1217 473 1298 525 vis
1328 471 1381 523 in
1410 470 1658 525 dentibus
1682 480 1784 526 est.
1818 471 1898 523 Ad
1942 471 2165 523 nihilum
2208 473 2353 521 dere-

2456 483 2560 528 σιν,
2584 467 2766 535 ἐπειδὴ
2811 467 2917 519 τῶν
2964 467 3188 520 λεόντων
3231 467 3287 519 ὲν
3328 470 3439 530 τοῖς
3464 466 3670 520 ὀδοῦσιν
3697 469 3730 539 ἡ
3760 467 3999 537 δύναμιςο

803 562 943 612 nient
970 571 1214 629 tanquam
1254 579 1389 631 aqua
1492 562 1789 617 decurrens.
1842 562 2241 629 Despicabiles,
2274 562 2355 613 1η⁴

803 651 937 719 quit,
988 662 1163 714 erunt,
1200 654 1421 719 perinde
1465 663 1625 722 atque
1652 653 1818 706 eilnsa
1859 668 1995 721 aqua
2026 666 2356 722 prorsusqne

804 741 1025 798 inutins.
1090 742 1327 798 Intendet
1376 763 1555 799 arcum
1609 763 1758 798 suum
1802 747 1961 798 donec
2003 746 2352 815 inﬁrmentur.

802 833 999 887 Arcum
1033 835 1118 890 hic
1151 848 1302 891 vocat
1334 838 1651 893 sententiam
1684 852 1846 906 quinm
1884 839 1935 891 in
1966 840 2151 891 divino
2187 839 2357 891 tribu-

803 926 907 977 nali
935 927 1138 982 laturus
1158 938 1257 983 est.
1289 929 1417 982 Illud
1447 940 1644 990 autem,
1663 930 1839 987 donec,
1876 946 1990 999 pro,
2012 941 2082 992 et,
2110 931 2269 997 jacet,
2300 939 2358 983 ut

802 1022 1065 1071 sententia
1105 1021 1193 1083 sit,
1222 1032 1269 1073 et
1292 1021 1721 1089 inﬁrmabuntur.
1756 1020 2107 1090 Supercecidit
2143 1024 2273 1090 ignis
2308 1032 2355 1076 et

803 1123 903 1159 non
918 1110 1148 1163 viderunt
1168 1112 1345 1165 solem.
1370 1114 1575 1181 Injecti,
1596 1114 1787 1181 inquit,
1808 1115 1857 1165 in
1882 1115 2055 1183 ignem
2074 1124 2353 1177 azternum,

802 1198 965 1250 solem
998 1201 1217 1268 justitize
1245 1220 1347 1255 non
1372 1206 1637 1257 viderunt.
1661 1203 1848 1257 Simile
1869 1214 2046 1257 autem
2081 1213 2164 1259 est
2192 1206 2352 1260 illud:

806 1282 1042 1339 Tollatur
1064 1292 1274 1359 impius,
1296 1302 1350 1345 ut
1382 1310 1481 1346 non
1504 1294 1673 1347 videat
1704 1293 1926 1363 gloriam
1951 1294 2161 1348 Domini
2181 1296 2244 1350 ⁸⁷.

876 1556 960 1610 10.
1005 1557 1325 1628 Priusquam
1367 1561 1707 1631 intelligerent
1768 1565 1931 1631 spina:
1974 1576 2157 1617 vestrm
2178 1564 2355 1617 rham-

800 1663 942 1702 num.
987 1648 1266 1705 Rhamnus
1298 1661 1378 1706 est
1426 1655 1645 1721 spinosa
1693 1656 1874 1717 arbor,
1907 1654 2147 1722 loquitur
2170 1663 2351 1708 autem

798 1739 864 1791 de
891 1742 1071 1806 spinea
1099 1757 1322 1797 corona.
1363 1742 1706 1812 Priusquam,
1737 1745 1831 1804 ait,
1864 1755 2163 1813 augeantur
2191 1747 2357 1814 spina:

2469 557 3072 623 Ἔξουδενωθήσονται
3111 560 3251 613 ὡσεὶ
3296 558 3450 626 ὕδωρ
3491 559 4001 628 διαπορευόμενον.

2456 648 2943 719 Εὑκαταφρόνητοι,
2982 651 3161 720 φησὶν,
3192 650 3397 702 ἔσονται
3430 649 3576 702 ὕδατι
3617 650 4004 720 παραπλησίαις

2456 740 2827 810 ὲσκεδασμένῳ
2878 742 2969 793 καὶ
3014 741 3286 804 παντελῶς
3334 742 3601 811 ἀχρήστῳ
3636 741 3891 795 Ἐντενεῐ
3943 742 4004 793 τὸ

2454 830 2629 893 τόξον
2659 831 2839 882 αὐτοῦ
2880 832 2990 897 ἕως
3032 828 3101 885 οὗ
3144 831 3538 896 ἀσθενήσωσι.
3576 831 3734 896 Τὸξον
3781 834 3835 883 ὲν
3892 832 4006 882 τούς

2454 937 2564 981 τοις
2595 921 2689 990 τὴν
2722 920 2989 987 ἀπόφασιν
3021 922 3115 992 τὴν
3150 924 3205 973 ὲν
3231 921 3306 991 τῷ
3332 920 3687 990 θείι;›’βήματι
3719 921 4007 991 γενησομέ-

2455 1030 2551 1083 νην
2581 1012 2728 1082 φησί.
2762 994 2840 1064 ’Τὸ
2870 1014 2947 1073 δὲ,
2972 1014 3080 1079 ἕως
3116 1010 3208 1078 οὗ,
3243 1015 3361 1067 ἀντὶ
3395 1014 3507 1077 τοῦ,
3534 1015 3650 1073 καὶ,
3680 1018 3849 1066 κεῖται
3878 1031 3892 1043 ⁸
3927 1016 4007 1065 ἵνα

2454 1097 2508 1173 ᾗ,
2544 1104 2638 1155 καὶ
2665 1104 3359 1168 ἀσθενήσουσιν.’1ῖπεσε
3403 1105 3467 1157 τὸ
3516 1104 3631 1172 πῦρ
3656 1104 3744 1156 ἐπ’
3766 1105 4005 1168 αὶτοὺς.

2456 1194 2555 1246 καὶ
2595 1196 2703 1247 οὐκ
2746 1192 2905 1248 εἶδον
2942 1195 3045 1248 τὸν
3074 1195 3682 1266 ἢλιον.Ἐμ6ληθέντες,
3715 1198 3897 1265 φησὶν,
3934 1196 4007 1257 εἰς

2456 1285 2513 1337 τὸ
2557 1285 2665 1357 πῦρ
2712 1286 2773 1339 τὸ
2817 1286 3049 1349 αἰώνιον,
3081 1289 3176 1357 τῆς
3206 1288 3545 1357 δικαιοσύνης
3588 1289 3677 1341 τὸν
3720 1290 3873 1358 ἥλιον
3912 1286 4005 1337 οὐκ

2458 1377 2986 1449 ἐθεάσαντο.“ομοιον
3009 1379 3064 1431 δὲ
3091 1380 3149 1431 τό
3168 1397 3180 1409 υ
3211 1379 3455 1448 Ἄρθήτω
3476 1384 3507 1434 d
3527 1380 3768 1447 ἀσεϐὴς,
3798 1381 3900 1433 ἵνα
3923 1380 4004 1449 μή

2458 1467 2555 1534 Ιδῃ
2589 1468 2699 1535 τὴν
2730 1468 2917 1533 δόξαν
2942 1470 3177 1537 Kvplov.

2525 1558 2643 1624 Πρὸ
2691 1558 2794 1611 τοῦ
2824 1559 3093 1612 συνιέναι
3128 1560 3234 1625 τὰς
3267 1560 3526 1627 ἀκάνθας
3562 1561 3723 1631 ὑμῶν
3756 1562 3869 1628 τὴν
3902 1564 4008 1629 [1-d-

2450 1664 2623 1716 μνον.
2666 1646 2894 1717 Ῥάμνος
2928 1650 3230 1713 ἀκανθῶδες
3263 1652 3444 1719 φυτόν.
3472 1653 3627 1720 Λέγει
3648 1653 3701 1705 δὲ
3725 1652 3812 1705 τὸν
3839 1652 4009 1706 exet.

2458 1738 2597 1791 θινον
2645 1741 2921 1808 στέφανον.
2956 1742 3109 1811 Πρὶν,
3146 1744 3325 1813 φησὶν,
3362 1745 3584 1815 αὐξῆσαι
3629 1745 3724 1807 τὰς
3775 1746 4009 1807 ἀκάνθας

799 1841 1006 1891 vestrae.
1043 1833 1091 1885 id
1137 1842 1219 1886 cst
1256 1842 1473 1901 peccata
1505 1844 1704 1895 vestra,
1730 1844 1783 1888 et
1822 1836 2083 1890 rhamnus
2124 1836 2272 1903 (iant,
2301 1837 2352 1890 id

2455 1830 2625 1900 ὑμῶν,
2660 1832 2899 1884 τουτέστι
2936 1833 3031 1895 τάς
3064 1834 3355 1905 ἁμαρτίας,
3385 1837 3476 1889 καὶ
3502 1837 3751 1903 γενέσθαι
3786 1839 4007 1906 ῥάμνον,

798 1932 881 1977 est
919 1924 1258 1978 eﬂloreseant
1296 1934 1349 1979 et
1380 1924 1613 1981 fluctum
1659 1926 1865 1991 ferant,
1896 1927 2109 1983 invadet
2146 1944 2243 1983 vos
2277 1930 2355 1984 ira

796 2016 999 2069 divina.

873 2108 959 2169 11,
988 2106 1067 2160 12.
1086 2106 1569 2178 Lmtabiturjustus
1590 2126 1705 2162 cum
1730 2111 1912 2164 viderit
1937 2113 2237 2165 vindictam.
2262 2110 2358 2165 Ju-

799 2198 888 2261 sti,
918 2199 1111 2269 inquit,
1130 2215 1253 2254 cum
1276 2216 1306 2253 e
1323 2202 1497 2255 medio
1522 2202 1760 2256 sublatos
1780 2203 2051 2271 improbos
2082 2203 2356 2258 daemonas

800 2298 1044 2359 tempore
1070 2292 1200 2359 justi
1228 2292 1419 2361 judicii
1449 2293 1801 2361 conspicient,
1822 2295 1887 2347 de
1912 2295 2061 2363 justo
2097 2295 2186 2349 Dei
2208 2295 2356 2363 judi-

797 2380 883 2432 cio
932 2382 1259 2447 gaudebunt.
1315 2381 1453 2447 Quia
1500 2385 1704 2438 scilicet
1744 2383 1946 2436 innoxii
1975 2382 2168 2451 reperti
2208 2392 2353 2444 sunt,

798 2479 957 2535 atque
980 2470 1133 2524 liberi
1164 2487 1194 2524 a
1228 2474 1491 2541 supplicio
1520 2490 1615 2542 pro
1655 2485 1828 2528 morte
1882 2473 2188 2542 inﬂigendo.
2222 2472 2357 2527 Illud

796 2565 964 2628 enim,
989 2565 1206 2629 Iavaoit,
1226 2565 1291 2618 de
1314 2566 1599 2620 innocente
1621 2567 2011 2635 accipiendum,
2030 2567 2182 2634 juxta
2202 2566 2355 2630 illud,

798 2652 1005 2708 anubo
1046 2657 1181 2708 inter
1232 2658 1527 2710 innocentes
1570 2674 1753 2710 manus
1806 2674 1944 2711 meas
1960 2657 2037 2725 ⁸⁸.,
2064 2656 2250 2726 Utique
2280 2665 2356 2711 est

800 2744 937 2799 Deus
974 2747 1222 2815 judicans
1260 2765 1346 2801 eos
1378 2750 1615 2803 interra.
1648 2747 1781 2803 Illud
1826 2750 2002 2819 utique
2044 2764 2139 2819 pro
2181 2766 2357 2801 revera

799 2840 1033 2905 positum
1057 2851 1158 2894 est.
1192 2841 1393 2910 Utique
1422 2850 1505 2897 est
1534 2842 1674 2896 Deus
1710 2842 1963 2911 judicans
2009 2855 2121 2895 eos.
2167 2839 2350 2894 Conti-

798 2935 1000 2995 tentur,
1034 2944 1160 2985 vere
1184 2929 1393 2998 justqu
1425 2946 1547 2986 esse
1565 2930 1829 3001 judicium
1852 2930 1947 2985 Dei
1971 2930 2026 2984 in
2047 2945 2142 2985 eos
2164 2930 2353 2985 latum.

2457 1923 2574 1974 ἀντὶ
2603 1922 2695 1975 τοῦ
2736 1923 3021 1993 ὲξανθῆσαι
3052 1926 3143 1979 καὶ
3171 1930 3601 1998 καρποερορῆσαι,
3631 1928 4009 1999 μετελεύσεται

2457 2016 2597 2083 ὑμᾶς
2635 2016 2666 2085 ἡ
2702 2014 2817 2067 θεία
2851 2015 3006 2086 ὀργή.

2523 2106 3011 2175 Εὐφρανθήσεται
3058 2107 3305 2175 δίκαιος,
3355 2108 3496 2161 ὅταν
3538 2110 3633 2178 ἴδῃ
3681 2110 4010 2177 ἐκδίκησιν.

2456 2198 2517 2250 Οἱ
2549 2199 2764 2261 δίκαιοι,
2802 2200 2982 2271 φησιν,
3017 2202 3081 2251 ἐκ
3111 2200 3271 2269 μέσου
3299 2201 3644 2271 γιγνομένους
3672 2202 3793 2266 τοὺς
3824 2202 4010 2271 ἀλιτη-

2460 2290 2601 2358 ρίους
2630 2288 2885 2359 θεώμενοι
2916 2289 3168 2358 δαίμονας
3206 2292 3341 2343 κατά
3380 2291 3468 2343 τὸν
3500 2292 3595 2360 τῆς
3623 2292 4013 2362 δικαιοκρισίας

2456 2380 2661 2450 καιρὸν,
2694 2381 2784 2431 ἐπὶ
2827 2380 2902 2449 τῷ
2940 2380 3130 2451 δικαίῳ
3173 2382 3397 2451 κρίματι
3426 2382 3518 2436 τοῦ
3545 2382 3676 2436 Θεοῦ
3707 2384 4011 2454 εὐφρανθή-

2457 2486 2666 2523 σονται*
2706 2472 2798 2524 ἆτε
2841 2471 2903 2542 δὴ
2950 2471 3115 2524 eorum
3164 2474 3314 2525 αὐτοὶ
3357 2472 3663 2544 εὑρεθέντας
3694 2476 3791 2544 τῆς
3820 2475 3915 2527 ἐπὶ
3940 2474 4012 2543 τῷ

2456 2559 2668 2632 θανάτῳ
2710 2562 2997 2627 κολάσεως.
3030 2564 3101 2616 Τὸ
3126 2564 3255 2635 γάρ,
3282 2566 3538 2632 νίφεται,
3571 2566 3661 2618 επὶ
3702 2563 3797 2617 τοῦ
3838 2564 4010 2618 ἀθῶον

2455 2652 2682 2723 ληπτέον
2714 2652 2851 2705 κατὰ
2882 2654 2968 2705 τό·
2999 2655 3254 2722 Νίψομαι
3304 2655 3371 2707 ὲν
3418 2654 3627 2720 ἀθώοις
3662 2656 3769 2720 τὰς
3814 2654 4013 2724 χεῷάς

2449 2760 2584 2811 μου.
2598 2746 2733 2811 Ἄρα
2774 2745 2943 2797 ἐστιν
2975 2748 3007 2797 ό
3036 2746 3177 2811 Θεὸς
3215 2745 3430 2811 κρίνων
3456 2745 3674 2810 αὐτοὺς
3702 2746 3772 2798 ἐν
3802 2744 3878 2812 τῇ
3920 2744 4008 2812 τῇ.

2456 2831 2547 2894 Τὸ,
2572 2831 2702 2899 ἄρα.
2731 2834 2850 2886 ἀντὶ
2876 2833 2990 2899 τοῦ,
3012 2834 3217 2900 ὄντως,
3242 2835 3643 2907 τέθειται.”Αρα
3666 2837 3810 2889 εστὶν
3833 2839 3861 2889 ὁ
3886 2836 4013 2899 Θεὸς

2456 2923 2654 2994 κρίνων
2701 2925 2913 2990 αὐτούς.
2942 2925 3307 2995 Ὀμολογοῦσι,
3355 2927 3536 2997 φησὶν,
3586 2926 3751 2989 ὅντως
3802 2925 4010 2979 δικαίαν

2457 3016 2718 3087 ὑπάρχειν
2773 3017 2869 3088 τὴν
2918 3019 3004 3070 ἀπ’
3033 3018 3210 3071 αὐτῶν
3272 3016 3635 3087 ἐξενεχθεῖσαν
3683 3018 3864 3087 κρίσιν
3919 3016 4008 3069 τοῦ

2456 3106 2611 3159 Θεοῦ.

801 3199 850 3250 1.
884 3196 949 3251 In
990 3199 1166 3267 ﬁnem,
1206 3217 1267 3255 ne
1312 3202 1607 3271 disperdas,
1637 3202 1850 3270 Daoidi,
1881 3208 1935 3261 in
1975 3210 2118 3265 tituli
2170 3213 2353 3268 inscri-

2461 3196 2564 3263 Εῑς
2602 3196 2668 3250 τὸ
2696 3198 2884 3264 τέλος,
2917 3198 3002 3269 μὴ
3034 3198 3391 3268 διαφθείρῃς,
3419 3196 3497 3263 τῷ
3520 3197 3717 3259 Δαυτδ,
3743 3200 3829 3263 εις
3870 3212 4009 3264 στη-

864 3291 1111 3358 ptionem,
1133 3291 1342 3361 quando
1367 3295 1508 3346 misit
1559 3293 1713 3360 Saul,
1744 3304 1793 3349 et
1832 3302 2110 3356 custodiuit
2153 3304 2363 3359 domum

859 3380 994 3449 ejus.
1019 3389 1077 3435 ut
1102 3398 1220 3436 eum
1244 3384 1571 3451 interﬁceret.

1317 3463 1653 3523 PSALMUS
1687 3470 1909 3526 LVIII.

1389 3560 1787 3627 Argumentum.

798 3640 989 3697 Livore
1015 3643 1068 3697 in
1102 3643 1354 3701 Davidem
1388 3646 1583 3704 ductus
1626 3648 1776 3715 Saul,
1821 3653 2034 3709 etiamsi
2078 3654 2350 3711 beneﬁcus

824 3769 828 3774 -
872 3735 974 3789 sibi
1016 3746 1149 3799 erat,
1176 3739 1452 3807 quaerebat
1488 3739 1789 3797 interﬁcere
1814 3758 1959 3808 eum,
1992 3747 2150 3800 modo
2178 3748 2361 3817 ejacu-

870 3826 990 3881 laus
1016 3827 1068 3880 in
1091 3844 1214 3883 eum
1248 3831 1455 3885 hastam
1480 3832 1545 3897 ",
1564 3835 1725 3887 modo
1746 3835 2003 3892 obsidens
2033 3840 2086 3891 in
2115 3838 2275 3893 domo
2288 3840 2355 3893 ”.

872 3915 1124 3972 Refertur
1156 3930 1335 3975 autem
1366 3924 1431 3976 ad
1469 3938 1755 3991 personam
1789 3925 2120 3994 Salvatoris,
2150 3932 2240 3999 qui
2274 3931 2357 3984 in-

868 4016 1080 4074 gratum
1104 4007 1354 4062 lsraelem
1378 4010 1653 4065 beneﬂciis
1674 4011 1872 4078 aﬂ'ecit,
1896 4015 2051 4081 cujus
2074 4031 2360 4083 personam

869 4094 1076 4151 ferebat
1123 4096 1273 4164 Saul,
1314 4099 1525 4154 insidiis
1574 4110 1753 4155 autem
1806 4103 1926 4172 ejus
1959 4107 2231 4174 appetitus
2254 4121 2356 4163 est.

870 4187 1201 4242 Pracnuntiat
1220 4206 1436 4260 quoque.
1461 4192 1704 4245 omnium
1730 4195 1970 4261 gentium
1995 4198 2356 4264 vocationem,

866 4279 1035 4347 ejecta
1060 4282 1303 4335 videlicet
1326 4285 1396 4336 ob
1424 4284 1752 4351 impietatem
1782 4282 2002 4352 lsraele,
2028 4288 2097 4342 ab
2121 4304 2186 4343 eo
2211 4292 2356 4361 quod

868 4370 1163 4422 secundum
1188 4369 1355 4423 Deum
1381 4380 1462 4424 est
1490 4372 1612 4426 vita:
1639 4372 1903 4425 instituto.

866 4458 920 4512 Ξ.
960 4458 1117 4529 Eripe
1159 4476 1239 4513 me
1278 4462 1341 4513 de
1378 4462 1605 4515 inimicis
1641 4464 1787 4529 meis,
1820 4463 1955 4517 Deus
1992 4481 2151 4519 meus.
2185 4466 2357 4537 Rogat

805 4552 872 4604 ab
895 4552 1131 4606 inimicis
1150 4568 1274 4606 cum
1300 4553 1650 4607 sensibilibus
1673 4562 1782 4607 tum
1806 4554 2178 4623 spiritualibus
2200 4558 2354 4627 eripi.

798 4642 890 4698 isti
916 4644 1061 4696 enim
1093 4644 1278 4713 iniqua
1306 4652 1529 4713 agentes
1557 4643 1870 4699 invidebant
1896 4646 2015 4715 ipsi.

868 4831 921 4886 5.
960 4828 1138 4901 Neque
1175 4827 1427 4899 iniquitas
1470 4847 1606 4895 mea,
1648 4847 1809 4901 neque
1854 4842 2120 4903 peccatum
2160 4851 2352 4899 meum,

800 4922 1038 4976 Domine.
1068 4920 1255 4975 Simile
1287 4922 1361 4975 illi
1388 4932 1509 4977 est:
1543 4923 1682 4989 Quia
1720 4925 2053 4994 iniquitatem
2081 4942 2178 4979 non
2204 4927 2349 4993 fecit,

801 5032 959 5084 neque
986 5017 1221 5069 inventus
1252 5024 1327 5069 est
1354 5016 1506 5069 dolus
1536 5018 1593 5070 in
1619 5034 1706 5071 ore
1732 5017 1844 5088 ejus
1867 5021 1933 5075 ".

875 5108 927 5161 ϐ.
955 5108 1170 5161 Intende
1199 5108 1267 5161 ad
1294 5109 1582 5164 visitandas
1608 5126 1781 5163 omnes
1815 5119 2005 5179 gentes.
2030 5109 2203 5181 Rogat
2227 5126 2353 5166 con-

801 5199 933 5254 verti
966 5200 1029 5253 ad
1060 5199 1264 5253 Christi
1308 5200 1464 5255 tidem
1506 5200 1837 5266 idololatras,
1866 5215 1919 5256 et
1947 5203 2066 5272 ejici
2098 5202 2347 5259 lsraelem

802 5291 873 5344 ob
916 5291 1257 5358 iniquitatem
1300 5307 1478 5347 suam.
1520 5290 1600 5344 Ne
1639 5294 1934 5346 miserearis
1978 5295 2215 5348 omnibus
2261 5296 2349 5364 qui

800 5391 1080 5447 operantur
1136 5380 1483 5449 iniquitatem.
1531 5378 1904 5436 Convertentnr
1945 5385 2011 5433 ad
2064 5398 2344 5453 vesperam.

800 5469 1033 5523 Causam
1064 5472 1195 5525 dicit
1226 5487 1323 5524 (-ur
1356 5482 1601 5540 precetur
1632 5480 1689 5525 ut
1717 5489 1820 5526 non
1869 5473 2225 5528 misereantur
2250 5475 2347 5531 eis.

799 5559 979 5617 Causa
1006 5576 1134 5615 vero
1161 5571 1245 5616 est
1273 5563 1399 5631 quia
1436 5564 1895 5631 conspirationem
1934 5565 2194 5619 adversus
2228 5565 2349 5620 Sal-

2536 3292 2881 3359 λογραφίαν,
2924 3294 3101 3344 ὁπότε
3141 3290 3454 3345 ἀπέστειλε
3494 3290 3710 3348 Σαοὺλ.
3736 3290 3832 3344 καὶ
3869 3290 4007 3359 ἐρύ-

2532 3382 2678 3446 λαξε
2721 3382 2826 3435 τὸν
2855 3378 3021 3437 οἷκον
3058 3384 3262 3445 αὐτοῦ.
3302 3382 3407 3436 τοῦ
3442 3380 3775 3436 θανατῶσαι
3809 3381 4007 3434 αὐτόν.

3030 3476 3334 3527 ΨΑΛΜΟΣ
3357 3474 3494 3525 NH’.

3080 3561 3400 3626 'Yaddeo'tg.

2460 3651 2828 3723 Διαφθονήσας
2859 3669 2934 3723 τῳ
2964 3651 3120 3706 Δαυῒδ
3142 3655 3170 3706 ὁ
3194 3652 3383 3716 Σαοὺλ,
3416 3652 3588 3706 καίτοι
3614 3652 3909 3727 εὐεργέτην
3928 3652 4007 3706 ὗν·

2530 3762 2616 3810 τα,
2634 3746 2811 3817 ὶζήτει
2836 3746 3171 3810 ἀποκτεῖναι,
3207 3745 3332 3798 ποτε
3364 3745 3460 3816 μὲν
3488 3746 3780 3809 ἀκοντίζων
3803 3746 3864 3797 τὸ
3888 3745 4005 3814 δόρυ

2530 3842 2651 3895 κατ’
2677 3839 2862 3904 αὐτοῦ,
2893 3840 3020 3893 ποτε
3042 3838 3098 3891 δὲ
3124 3840 3181 3891 ιν
3200 3836 3276 3906 τῷ
3299 3838 3430 3906 οἴκῳ
3451 3836 3814 3905 ἐκπολιορκῶν
3829 3836 4003 3887 adadv.

2544 3930 2889 4001 Ἀναφέρεται
2933 3929 2991 3982 δὲ
3038 3930 3116 3991 εἰς
3166 3927 3449 3998 πρόσωπον
3491 3923 3582 3978 τοῦ
3618 3924 3885 3997 Σωτῆρος,
3920 3923 4003 3977 τοῦ

2528 4020 2935 4092 εὐεργετοῦντος
2972 4019 3067 4089 μὶν
3107 4018 3195 4071 τὸν
3223 4018 3511 4089 ἀχάριστον
3551 4015 3782 4088 Ἰσραὴλ,
3815 4010 3875 4070 οὗ
3922 4015 4005 4069 καὶ

2528 4113 2815 4185 πρόσωπον
2838 4108 2981 4185 εἶχεν
3008 4114 3035 4163 ὁ
3061 4110 3250 4173 Σαοὺλ,
3286 4108 3759 4179 ἐπιϐουλευομένου
3791 4107 3848 4160 δὲ
3882 4105 4002 4176 παρ’

2531 4204 2711 4259 αὐτοῦ.
2742 4204 3155 4273 Εὑαγγελίζεται
3186 4202 3243 4254 δὲ
3276 4200 3366 4253 καὶ
3395 4199 3490 4269 τὴν
3517 4198 3625 4250 τῶν
3657 4197 3825 4250 ἐθνῶν
3850 4196 4005 4249 ἁπάν-

2527 4312 2632 4348 των
2664 4294 2872 4364 κλῆσιν,
2905 4290 3295 4362 ὲκῦαλλομένου
3324 4287 3559 4357 δηλονότι
3587 4287 3671 4340 διὰ
3697 4286 3793 4357 τὴν
3821 4284 3999 4338 δυσσέ-

2526 4385 2676 4439 ϐειαν
2699 4386 2795 4455 τῆς
2828 4384 2967 4438 κατὰ
2990 4384 3121 4437 Θεὸν
3154 4381 3422 4443 πολιτείας
3443 4379 3535 4432 τοῦ
3565 4380 3802 4448 Ἰσραήλ.

2541 4474 2777 4537 Ἐξέλου
2802 4491 2879 4543 με
2904 4474 2973 4526 ἐκ
3006 4472 3121 4525 τῶν
3141 4468 3366 4540 ἐχθρῶν
3396 4486 3533 4537 μου,
3564 4471 3595 4522 ό
3639 4470 3802 4533 Θεός,
3842 4464 4000 4534 Εὔχε-

2459 4582 2546 4620 ται
2575 4564 2845 4635 αἰσθητῶν
2889 4581 2948 4615 τε
2988 4564 3082 4615 καὶ
3131 4560 3333 4631 νοητῶν
3382 4548 3753 4628 ’ἀπαλλαγῆναι
3782 4555 3999 4627 ἐχθρῶν.

2459 4650 2615 4709 Οὗτοι
2658 4655 2765 4725 γὰρ
2792 4654 2854 4726 δὴ
2895 4654 3069 4725 ἄνομα
3102 4651 3460 4724 πραττόμενοι
3489 4650 3740 4719 ἐφθόνουν
3775 4648 3890 4700 κατ’
3917 4646 4001 4697 αὐ-

2455 4764 2547 4801 του
2556 4789 2569 4804 ο

2528 4839 2673 4892 οὔτε
2696 4839 2731 4904 ἡ
2750 4837 2963 4905 ἀνομιά
2984 4853 3123 4905 μου,
3147 4835 3283 4889 οὔτε
3310 4835 3348 4901 ἡ
3375 4833 3622 4903 ἁμαρτία
3648 4849 3789 4899 μου,
3814 4833 3997 4900 Κύριε.

2457 4926 2678 4995 Ὅμοιον
2693 4924 2770 4995 τῷ
2794 4943 2805 4955 ·
2828 4927 2945 4976 Ὅτι
2970 4924 3224 4994 ἀνομίαν
3242 4926 3350 4977 οὐκ
3366 4924 3667 4988 ἐποίησεν,
3690 4920 3830 4975 οὐδὲ
3855 4920 3996 4989 εὐρέ-

2456 5017 2527 5081 θη
2566 5013 2743 5080 δόλος
2770 5016 2839 5067 ὲν
2864 5013 2943 5078 τῷ
2972 5016 3218 5082 στόματι
3249 5013 3451 5066 αὑτοῦ.

2527 5105 2793 5173 Πρόσχες
2846 5104 2950 5157 τοῦ
2999 5104 3436 5171 ἐπισκέψασθαι
3482 5102 3675 5156 πάντα
3725 5104 3793 5156 τὰ
3843 5102 3992 5167 ἔθνη.

2454 5195 2681 5266 Εὕχεται
2732 5195 3064 5267 ἐπιστροφὴν
3108 5194 3355 5264 γενέσθαι
3401 5197 3489 5247 ἐπὶ
3536 5196 3635 5266 τὴν
3674 5198 3752 5258 εἰς
3778 5195 3994 5263 Χριστὸν

2454 5289 2633 5342 πίστιν
2650 5288 2755 5340 τῶν
2772 5288 3053 5342 εἰδωλολατ
3063 5288 3186 5357 ρῶν,
3210 5286 3475 5357 ἀποϐολὴν
3502 5287 3557 5341 δὲ
3581 5286 3671 5341 τοῦ
3690 5286 3899 5357 Ἰσραὴλ
3921 5286 3993 5339 διὸ

2453 5379 2549 5449 τὴν
2586 5380 2809 5448 ἀνομίαν
2847 5379 3045 5432 αὐτῶν.
3079 5377 3173 5445 Μὴ
3214 5378 3584 5446 οὶκτειρήσῃς
3614 5376 3840 5444 πάντας
3869 5378 3993 5439 τοὺς

2448 5468 2868 5539 ἐργαζομένους
2912 5472 3027 5536 τὴν
3067 5472 3336 5539 ἀνομίαν.
3392 5468 3878 5541 Ἐπιστρένουσιν
3917 5470 3991 5531 εις

2450 5561 2733 5629 ἑσπέραν.
2781 5562 2890 5632 Τὴν
2936 5562 3113 5615 αἰτίαν
3151 5564 3282 5633 φησι
3323 5564 3387 5616 δι’
3429 5558 3496 5634 ἧς
3546 5561 3621 5633 μὴ
3652 5556 3989 5631 οἰκτείρεσθαι

873 5741 919 5772 ⁸⁷
952 5739 1057 5797 lsa.
1090 5754 1237 5806 sxw,
1263 5738 1329 5793 10
1360 5755 1467 5797 sec.
1489 5736 1646 5793 LXX.
1724 5739 1899 5797 "Psal
1950 5756 2075 5803 xxv,
2108 5742 2159 5797 6.
2238 5739 2353 5797 "ll

2430 5758 2473 5814 κ.
2500 5756 2615 5805 ιιι,
2648 5741 2734 5795 lo.
2810 5741 2855 5773 "
2889 5741 3011 5796 ibid.
3049 5740 3131 5805 15,
3163 5740 3247 5793 l6.
3321 5740 3363 5772 ⁹¹
3394 5739 3411 5794 l
3441 5738 3585 5796 Petr.
3624 5754 3681 5804 ιι,
3705 5738 3797 5797 29.
