4102 6312
147 324 230 379 265

1225 318 1582 377 EXPOSITIO
1622 318 1686 372 IN
1727 316 2052 373 PSALMUM
2098 317 2273 372 LVIII.

3241 324 3351 384 266

149 440 318 502 αὐτοὺς
341 436 565 508 ηὔξατο.
601 437 666 491 'Il
699 437 843 492 αἰτία
872 437 951 498 δὲ,
980 437 1064 490 ὅτι
1097 437 1398 508 συστροφὴν
1427 433 1565 489 κατὰ
1593 432 1685 485 τοῦ

1809 441 2028 486 ratorem
2053 431 2246 486 l'aeturi
2272 439 2444 494 erant,
2468 447 2576 502 quo
2602 441 2841 503 tempore
2867 435 2952 488 illa
2977 434 3030 489 in
3057 437 3353 494 novissimo

149 531 372 596 Σωτῆρος
419 528 736 597 ποιήσονται
775 526 918 580 κατὰ
953 528 1044 581 τὸν
1087 528 1278 598 καιρὸν
1312 529 1536 590 ἐκεῖνον,
1573 525 1690 579 καθ’

148 621 194 672 ὃν
237 619 321 670 ἐπ’
372 619 603 688 ἐσχάτου
647 619 756 672 τῶν
782 619 1005 689 ἡμερῶν
1053 620 1363 690 ἐπεδήμησε
1398 619 1473 688 τῷ
1508 618 1694 687 κόσμῳ

151 711 270 781 μετὰ
302 711 522 781 σαρκής.
553 710 660 763 Kal
688 709 1054 779 λιμώξουσιν
1079 712 1158 776 ὼς
1185 711 1370 764 κύων·
1402 708 1696 779 λιμώξουσι

151 801 234 872 μὲν
273 799 361 853 διὰ
393 801 455 852 τὸ
501 800 576 871 μὴ
609 799 862 866 δέξασθαι
895 801 1090 864 αὐτοὺς
1121 801 1209 853 τὸν
1238 801 1400 871 ἄρτον
1444 800 1533 852 τὸν
1565 799 1696 863 ζωο-

150 892 286 946 ποιόν
307 909 319 920 ·
350 891 518 953 κύνας
556 891 614 943 δὲ
641 891 837 955 αὐτοὺς
863 892 952 945 διὰ
996 893 1056 945 τὸ
1096 891 1308 954 ἀναιδὲς
1341 890 1695 960 κατονομάζει

149 984 230 1053 τῆς
249 982 446 1052 ψυχῆς.
481 982 555 1034 Τὸ
590 981 680 1034 δέ·
708 983 1105 1037 Κυκλώσουσι
1136 984 1336 1046 πόλιν,
1377 982 1456 1035 ὅτι
1489 981 1573 1052 δὴ,
1603 983 1696 1035 ὲκ·-

151 1073 390 1135 πεσάντες
432 1072 534 1142 τῆς
579 1073 834 1144 πατρίδος
864 1073 1050 1144 νόμοις
1093 1091 1152 1127 τε
1196 1072 1491 1143 βασιλικοῖς
1518 1073 1696 1143 εἰργό-

151 1178 284 1232 μενοι
338 1162 543 1231 αὐτῆς,
595 1160 790 1227 ἔξωθεν
844 1160 1026 1232 κύκλῳ
1082 1162 1493 1234 περιέρχονται,
1550 1162 1699 1232 μόλις

152 1253 406 1325 μακρόθεν
435 1253 595 1306 ποθὲν
627 1253 792 1324 αὐτὴν
821 1253 1104 1324 θεώμενοι.

217 1338 360 1392 Ἰδοὺ
391 1340 560 1393 αὐτοὶ
590 1340 1062 1412 ἀετοφθέγξοιτιιι
1094 1342 1164 1395 ἐν
1194 1341 1282 1407 ,τῷ
1316 1342 1560 1410 στόματι
1591 1343 1689 1392 αι’·-

149 1429 271 1482 τῶν.
310 1431 456 1484 Ἀντὶ
503 1429 619 1497 τοῦ,
656 1432 1126 1504 βλασφημήσονσι.
1177 1433 1285 1486 Καὶ
1322 1434 1586 1501 ῥομφαία
1633 1433 1700 1484 ἐν

148 1521 260 1585 τοῖς
289 1524 557 1590 χείλεσιν
587 1523 802 1578 αὐτῶν.
838 1525 930 1577 Τό⁹
965 1521 1122 1591 Αἶρε,
1157 1521 1284 1592 αἶρε
1305 1564 1318 1587 ,
1349 1525 1700 1590 σταύρωσον

149 1615 338 1668 αὐτόν.
365 1616 474 1668 Καὶ
501 1615 604 1680 σὺ,
634 1618 829 1684 Κύριε,
866 1616 1165 1686 ἐκγελάσῃ
1195 1619 1430 1682 αὐτούς.
1475 1616 1692 1670 Ἐϐλασ-

150 1706 381 1776 φήμουν,
416 1707 571 1778 φησὶ,
612 1707 703 1760 καὶ
738 1707 844 1778 μὴν
875 1708 966 1760 καὶ
1010 1707 1170 1778 μέχρι
1206 1708 1438 1780 σταυροῦ
1473 1706 1701 1760 ἐπεϐού-

1796 525 2003 577 dicrum
2037 525 2088 577 in
2126 524 2390 578 annulum
2422 539 2545 579 cum
2582 539 2746 580 carne
2795 526 3030 580 advenit.
3060 526 3129 580 Et
3162 528 3356 597 {amem

1792 616 2059 682 patientur
2101 625 2158 666 ut
2190 616 2372 673 canis;
2403 613 2597 668 l'amem
2651 615 2868 684 quidem
2906 618 3177 686 patientur
3209 620 3354 688 quod

1794 721 1985 773 panem
2016 707 2287 759 viviticum
2337 722 2442 758 non
2489 707 2757 775 accepturi
2809 708 2949 772 sint,
2980 723 3141 764 canes
3175 718 3353 764 autem

1797 808 1951 852 vocat
1974 799 2093 852 illos
2113 800 2181 852 οι)
2205 798 2593 868 impudentiam
2619 801 2802 852 animi.
2835 799 2964 853 Illud
2990 811 3167 855 autem
3191 819 3205 855 :
3235 801 3360 856 Cir-

1797 888 2011 942 cuibunt
2035 891 2327 950 civitatem,
2361 889 2488 958 quia
2522 889 2730 943 scilicet
2763 891 2935 959 patria
2972 890 3129 959 lapsi,
3163 900 3217 944 et
3252 891 3358 944 im-

1797 981 2069 1048 peratorio
2095 979 2313 1035 decreto
2366 979 2485 1048 ejus
2535 993 2760 1034 accessu
2802 980 3055 1049 prohihiti
3098 979 3234 1053 (24),
3265 997 3359 1036 ex-

1800 1071 2066 1126 trinsecus
2114 1073 2473 1135 circumeunt,
2511 1071 2710 1141 vixque
2755 1074 2938 1140 procul
2978 1088 3096 1125 eam
3145 1073 3362 1142 conspic

1799 1183 1920 1222 cere
1946 1177 2190 1236 possunt.

1878 1347 2000 1404 8.9.
2033 1344 2164 1398 Ecce
2182 1347 2457 1414 loquentur
2490 1346 2545 1397 in
2574 1361 2660 1398 ore
2688 1361 2802 1397 suo.
2827 1342 2993 1409 Quasi
3023 1345 3188 1412 dicat,
3219 1345 3364 1399 Illas-

1801 1438 2153 1508 pltcmabunt.
2209 1436 2275 1490 Et
2321 1437 2611 1506 gladius-in
2644 1437 2798 1490 labiis
2827 1452 3022 1489 eorum.
3057 1436 3189 1490 Illud
3219 1437 3367 1492 scili-

1801 1539 1884 1584 cet
1915 1548 1927 1585 :
1956 1529 2122 1594 Tolle,
2161 1529 2302 1593 tolle,
2340 1529 2584 1596 cruciﬁge
2631 1545 2746 1581 eum
2796 1532 2862 1580 Μ.
2897 1530 2962 1582 Et
3002 1541 3077 1590 tu,
3122 1528 3365 1591 Domine,

1803 1618 2062 1675 deridebis
2102 1635 2208 1672 cos.
2251 1617 2745 1686 Blasphemabant,
2783 1618 2981 1687 inquit,
3011 1629 3063 1672 et
3098 1632 3274 1686 usque
3301 1617 3370 1671 ad

1805 1727 2021 1766 crucem
2078 1710 2344 1775 parabant
2398 1709 2643 1770 insidias,
2691 1709 2952 1775 dicentes,
2996 1725 3099 1763 non
3147 1710 3368 1778 conspi-

150 1796 331 1851 λευσαν
372 1798 638 1866 λέγοντες,
681 1799 757 1861 ὼς
797 1799 895 1851 οὐκ
922 1797 1106 1867 ὄψεται
1148 1802 1177 1853 ὁ
1202 1799 1332 1862 Θεὸς
1362 1801 1485 1862 τοὺς
1511 1798 1700 1866 λόγους

1809 1803 1989 1857 cienua
2037 1817 2066 1854 a
2097 1801 2206 1855 Deo
2260 1800 2376 1854 fore
2404 1800 2566 1854 verba
2620 1809 2672 1854 et
2721 1815 2884 1868 opera
2933 1801 3195 1867 ipsorum.
3262 1799 3368 1854 Sed

149 1889 232 1940 καὶ
262 1888 359 1952 τὰς
393 1889 619 1961 πράξεις
660 1888 856 1944 αὐτῶν.
905 1891 1043 1943 Ἀλλ’
1077 1891 1127 1944 εί
1175 1891 1267 1944 καὶ
1295 1891 1464 1943 ταῦτα
1497 1890 1698 1958 διενοή-

149 1979 326 2052 θησαν,
360 1982 444 2044 σὺ,
477 1980 670 2050 Κύριε,
714 1982 866 2053 φησὶ,
902 1983 1337 2050 καταγελάστως
1367 1983 1562 2043 αὐτοὺς
1593 1999 1694 2036 πα-

151 2073 490 2142 ρασκευάσας
522 2072 858 2139 ἐγγενέσθαι.
895 2074 1121 2128 Ἐκεῖνοι
1150 2073 1248 2144 μὲν
1270 2069 1361 2127 οὖν
1387 2076 1565 2127 ἐκεῖνα
1593 2075 1702 2126 το).-

151 2160 304 2232 μῶσι,
328 2163 405 2218 ,σὺ
437 2162 496 2215 δὲ
524 2163 617 2217 καὶ
639 2163 876 2231 ἀκούεις,
905 2166 999 2218 καὶ
1028 2165 1264 2236 βλέπεις,
1304 2167 1397 2219 καὶ
1417 2167 1577 2236 γελᾷς
1608 2167 1704 2218 αὑ-

148 2252 242 2306 τῶν
268 2253 364 2324 τὴν
393 2254 624 2324 ματαίαν
649 2256 866 2326 μανίαν.
912 2256 1370 2322 Ἐξουδενώσεις
1399 2258 1594 2310 πάντα
1634 2258 1704 2311 τὰ

147 2345 304 2414 ἔθνη.
353 2346 434 2400 Τὰ
479 2347 646 2418 νοητὰ
695 2349 964 2419 δηλονότι,
1009 2349 1078 2403 τὰ
1122 2352 1214 2404 καὶ
1251 2351 1446 2413 αὐτοὺς
1494 2352 1572 2414 εἰς
1614 2349 1705 2403 τὸν

148 2436 280 2490 κατὰ
322 2438 416 2491 τοῦ
463 2439 668 2510 Κυρίου
721 2441 1006 2512 ἐγείραντα
1048 2442 1299 2510 πόλεμον.
1359 2445 1504 2495 ’Λνω
1549 2439 1702 2494 εἷπε·

147 2529 408 2598 Πρόσχες
446 2530 554 2584 τοῦ
590 2531 1035 2602 ἐπισκέψασθαι
1071 2533 1264 2586 πάντα
1298 2533 1369 2586 τὰ
1413 2534 1590 2600 ἔθνη·
1624 2536 1707 2588 ὲν-

147 2617 340 2672 ταῦθαο
381 2619 842 2688 Ἑξουδεγὼσεις
888 2622 1083 2677 πάντα
1133 2623 1202 2676 τὰ
1233 2623 1393 2690 ἔθνησ
1434 2622 1597 2693 πολλῇ
1640 2622 1704 2675 δι’

146 2709 260 2763 ὅλου
301 2715 366 2782 τῇ
409 2713 560 2777 τάξει
605 2712 696 2766 τοῦ
725 2714 883 2784 λόγου
910 2717 1005 2770 καὶ
1037 2716 1124 2769 διὰ
1164 2717 1270 2769 τῶν
1299 2718 1353 2767 ὲν
1395 2717 1541 2785 μέσῳ
1577 2733 1707 2786 χρη-

149 2802 392 2872 σάμενος.
429 2805 650 2868 Δεικνὺς
685 2805 792 2874 γὰρ
812 2845 826 2867 ,
853 2807 933 2858 ὃτι
965 2807 1038 2876 μὴ
1065 2807 1250 2868 ἁπλῶς
1282 2809 1419 2858 αἰτεῖ
1454 2807 1548 2879 τὴν
1588 2810 1706 2860 κατ’

146 2896 318 2948 αὐτῶν
369 2897 672 2967 τιμωρίανῖ,
725 2898 989 2970 πρότερον
1036 2899 1236 2971 ᾔτησεν
1279 2899 1482 2952 ἐπιδεῖν
1529 2917 1585 2952 τε
1619 2901 1707 2954 τὸν

146 2984 270 3038 Θεὸν
313 2986 406 3040 καὶ
437 2987 685 3050 ἐξετάσαι
713 2989 781 3041 τὰ
815 2989 1128 3060 γιγνόμενα·
1163 2986 1280 3044 εἶτα
1309 2990 1600 3063 διηγήσατο
1625 2987 1710 3044 οἶα

146 3078 486 3146 πράττουσιν,
530 3079 648 3133 οὐδὲ
677 3076 813 3136 εἷναί
841 3099 962 3136 τινα
990 3083 1079 3135 τὸν
1114 3082 1442 3153 προνοοῦντα
1468 3083 1711 3154 νομίζον-

1799 1895 2010 1949 etiamsi
2049 1893 2236 1947 isthmc
2277 1892 2674 1961 cogitaverunt,
2709 1900 2787 1954 tu,
2823 1890 3069 1953 Domine,
3102 1906 3199 1946 eos
3229 1891 3370 1946 deri-

1800 1986 1914 2041 deri
1957 1985 2193 2040 curabis.
2245 1984 2324 2038 Illi
2365 1983 2585 2053 quidem
2634 1984 2748 2038 haec
2791 1985 3009 2053 aggredi
3057 1984 3280 2051 audent,
3314 1992 3372 2038 tu

1802 2087 1981 2131 autem
2047 2077 2204 2130 audis
2271 2085 2434 2143 atque
2496 2073 2681 2133 vides,
2729 2072 2980 2142 ridesque
3027 2089 3228 2127 vanum
3275 2087 3370 2128 eo-

1800 2184 1920 2222 rum
1978 2167 2238 2220 furorem.
2293 2165 2374 2217 Ad
2399 2163 2621 2217 nihilum
2665 2164 2884 2217 deducas
2942 2180 3116 2216 omnes
3171 2174 3367 2233 gentes.

1806 2261 2122 2330 Spirituales
2166 2257 2433 2322 videlicet,
2463 2271 2583 2325 qua:
2615 2267 2804 2310 contra
2840 2255 3124 2310 Dominum
3169 2256 3367 2310 bellum

1802 2354 2126 2409 excitarunt.
2177 2349 2440 2419 Superius
2483 2347 2622 2400 dixit
2667 2365 2678 2399 :
2723 2345 2946 2400 Intende
2974 2348 3041 2399 ad
3084 2348 3370 2402 visitandas

1805 2460 1977 2497 omnes
2017 2451 2227 2512 gentes;
2273 2439 2359 2493 hic
2389 2451 2516 2492 vero
2543 2456 2554 2489 :
2595 2436 2674 2489 Ad
2705 2436 2924 2489 nihilum
2953 2435 3171 2489 deduce:
3195 2452 3370 2490 omnes

1805 2547 2012 2603 gentes;
2045 2535 2270 2587 multum
2322 2540 2575 2586 acum-ato
2599 2545 2732 2584 usus
2772 2529 2960 2584 ordine
2983 2530 3246 2586 orationis
3281 2546 3372 2599 per

1804 2643 1865 2680 ea
1897 2629 2048 2695 queis
2077 2627 2128 2678 iu
2162 2625 2341 2678 medio
2372 2633 2454 2676 est
2485 2638 2635 2677 usus.
2667 2620 2972 2677 Ostendens
3008 2623 3151 2677 enim
3181 2638 3239 2678 se
3265 2638 3373 2677 non

1807 2719 2121 2787 simpliciter
2169 2715 2439 2784 postulare
2481 2723 2540 2766 ut
2572 2712 2842 2781 supplicio
2893 2712 3220 2778 alliciantur,
3258 2713 3375 2783 pri-

1808 2826 1955 2864 mum
1990 2809 2194 2877 rogavit
2235 2807 2402 2859 Deum
2447 2815 2501 2858 ut
2525 2821 2586 2858 ea
2613 2804 2967 2872 perpenderet
2995 2813 3048 2858 et
3069 2814 3218 2872 gesta
3243 2819 3375 2858 exa-

1810 2905 2061 2956 minaret.
2095 2899 2302 2953 Exinde
2334 2898 2572 2952 narravit
2604 2896 2785 2966 qualia
2828 2895 2927 2964 ipsi
2961 2895 3237 2957 fecissent,
3273 2897 3376 2950 rati

1810 2994 2077 3047 neminem
2107 3007 2223 3045 esse
2245 2991 2338 3059 qui
2370 2990 2532 3042 rebus
2551 2989 2878 3057 provideret.
2902 2990 2978 3043 Ac
3005 2997 3134 3042 tunc
3157 2988 3223 3042 de
3246 3002 3378 3056 sup-

1810 3084 1971 3154 plicio
2001 3081 2263 3136 sumendo
2313 3080 2426 3133 lucc
2456 3079 2735 3145 subiunxit
2765 3096 2777 3131 :
2811 3078 2902 3132 llis
2937 3080 3002 3132 de
3036 3079 3219 3134 causis
3263 3095 3378 3132 me-

145 3185 247 3231 τες.
277 3171 385 3224 Καὶ
425 3170 547 3224 τότε
585 3171 683 3242 τὴν
712 3173 980 3245 τιμωρίαν
1011 3175 1304 3242 ἐπήγαγεν,
1336 3172 1492 3226 τοῦτο
1517 3174 1706 3241 λέγων,

1816 3176 1916 3230 tito
1943 3175 2008 3228 de
2034 3175 2137 3228 illis
2176 3187 2364 3242 poenas
2405 3186 2612 3236 sumes,
2654 3179 2815 3240 atque
2843 3170 3107 3238 supplicio
3129 3171 3194 3226 ad
3234 3170 3378 3224 nilti~

144 3261 252 3314 ὅτιο
287 3263 409 3317 Ἐπὶ
435 3262 643 3328 τούτοις
664 3264 827 3329 ἀξίως
842 3264 1036 3326 αὐτοὺς
1051 3263 1315 3326 κολάσεις,
1349 3265 1441 3316 καὶ
1471 3267 1537 3334 τῇ
1565 3263 1712 3336 παρὰ

149 3353 237 3407 σοῦ
262 3357 504 3428 τιμωρίᾳ
538 3356 600 3410 τὸ
641 3356 804 3426 μηδὲν
831 3357 1150 3423 ἀποφανεῖς.

215 3449 286 3501 Τὸ
312 3449 531 3516 κράτος·
554 3464 673 3516 μου
715 3447 865 3514 πρὸς
894 3446 969 3499 σὲ
1009 3447 1278 3516 φυλάξω.
1325 3448 1548 3500 Ἐκεῖνοι
1592 3448 1709 3518 μὲν,

146 3540 296 3608 φησι,
324 3539 394 3591 τὰ
438 3538 664 3592 τοιαῦτα
710 3537 1132 3609 δεδυσσεϐἡκασι
1179 3539 1317 3592 κατὰ
1360 3538 1474 3602 σοῦ,
1520 3538 1629 3606 ἐγὼ
1657 3539 1712 3594 δὲ

143 3631 171 3681 6
200 3631 484 3702 προφήτης
517 3631 546 3682 ὁ
584 3630 756 3685 ταῦτα
787 3630 978 3700 λέγων,
1006 3630 1084 3700 τῷ
1129 3632 1394 3701 πνεύματι
1423 3631 1520 3700 τὴν
1565 3631 1712 3699 ἰσχύν

149 3737 247 3789 μου
277 3724 370 3775 καὶ
399 3723 500 3794 τὴν
529 3723 802 3793 βασιλείαν
837 3739 938 3792 μου
979 3721 1065 3773 διὰ
1099 3721 1190 3773 σοῦ
1233 3720 1712 3791 φυλαχθησομένην

145 3811 267 3878 ἔξω·
298 3814 377 3867 ὅτι
399 3814 465 3884 δὴ
489 3814 584 3867 καὶ
615 3811 1006 3866 συναντελάὸου
1049 3829 1172 3880 μου,
1201 3813 1291 3866 καὶ
1323 3813 1428 3884 πρὸ
1456 3811 1561 3864 τῶν
1588 3813 1712 3883 δεή-

144 3919 282 3956 σεων
313 3904 393 3973 τῷ
416 3903 555 3956 ἐλέει
589 3920 683 3956 σου
712 3905 1120 3975 περιέσφιγξας,
1153 3907 1226 3966 ὡς
1255 3905 1348 3957 καὶ
1384 3904 1482 3973 τὴν
1512 3903 1714 3957 πτῶσιν

145 3995 344 4048 ἐπιδεῖν
373 4012 443 4066 με
474 3995 581 4050 τῶν
615 3995 823 4068 ἐχθρῶν
853 4014 978 4068 μου.

207 4173 308 4241 Μὴ
339 4174 702 4243 ἀποκτείνῃς
745 4173 983 4238 αὐτοὺς,
1023 4174 1108 4242 μή
1148 4187 1290 4226 ποτε
1321 4171 1715 4227 ἐπιλάθωνται

140 4265 247 4320 τοῦ
277 4268 469 4336 νόμου
496 4283 633 4320 σου.
662 4265 889 4336 Εὕχεται
919 4264 1014 4336 μὲν
1049 4265 1123 4335 μὴ
1155 4268 1233 4328 εἰς
1278 4265 1338 4317 τὸ
1369 4263 1622 4328 παντελὲς
1658 4266 1716 4329 ἐξ

142 4357 450 4430 ἀνθρώπων
484 4357 844 4426 ἀφανισθῆναι
877 4357 937 4409 τὸ
981 4356 1133 4424 γένος
1165 4356 1272 4409 τῶν
1302 4356 1716 4409 ἐπαναστάντων

1811 3266 1922 3321 lum
1957 3281 2050 3320 eos
2071 3265 2324 3320 deduccs.

1887 3453 1971 3507 I0.
2010 3451 2394 3504 Fortitudinem
2435 3466 2601 3504 meam
2630 3450 2698 3502 ad
2729 3458 2775 3502 te
2802 3448 3115 3504 custodiam.
3149 3448 3226 3503 Illi
3259 3450 3380 3520 qui-

1815 3544 1957 3608 dem,
1986 3543 2079 3606 ait,
2114 3558 2177 3596 eo
2206 3551 2362 3610 pacto
2396 3542 2685 3596 adversum
2716 3551 2764 3594 te
2790 3540 2952 3610 impie
2973 3556 3198 3612 egerunt
3231 3560 3246 3596 :
3279 3557 3382 3612 ego

1813 3650 1940 3688 vero
1968 3633 2225 3702 propheta
2256 3634 2346 3702 qui
2382 3634 2568 3687 istluec
2603 3633 2817 3700 loquor,
2855 3631 3191 3702 spiritualcm
3222 3629 3380 3685 forti-

1815 3729 2056 3782 tudinem
2106 3741 2281 3781 meam
2313 3735 2366 3781 et
2396 3742 2618 3797 regnum
2652 3741 2832 3781 meum
2877 3739 2971 3794 per
3007 3733 3056 3778 te
3095 3739 3383 3778 conserva-

1817 3829 1926 3872 tum
1979 3817 2240 3880 retinebo,
2290 3816 2416 3887 quia
2470 3817 2678 3871 scilicet
2716 3816 3076 3885 patrocinaris
3127 3814 3282 3878 mihi,
3331 3823 3383 3868 ct

1815 3922 2100 3982 antequam
2149 3924 2419 3980 precarer,
2471 3923 2557 3963 me
2597 3906 2973 3962 misericordia
3022 3916 3113 3961 tua
3150 3907 3384 3962 circum-

1815 4006 2004 4073 plexus
2052 4020 2148 4069 es,
2182 4011 2239 4056 ut
2268 4001 2430 4056 etiam
2473 4000 2684 4054 ruinam
2749 3998 3089 4052 inimicorum
3135 4011 3381 4050 meorum

1816 4095 2206 4164 conspicerem.

1899 4185 1984 4238 4‘2.
2015 4185 2096 4238 Ne
2135 4185 2342 4237 occidas
2358 4199 2474 4240 eos.
2525 4199 2584 4234 ne
2614 4184 2823 4250 quando
2867 4178 3383 4248 obliviscanturlegis

1819 4288 1939 4329 tum.
1959 4274 2215 4328 I’rccatur
2243 4283 2302 4326 ut
2325 4287 2429 4324 non
2454 4269 2697 4326 funditus
2726 4271 2969 4325 deleatur
2998 4286 3168 4340 genus
3195 4283 3383 4325 eorum

1820 4368 1911 4438 qui
1963 4372 2378 4421 insurrexerunt
2422 4365 2682 4418 adversus
2723 4363 3038 4417 Dominum.
3087 4360 3190 4415 Sed
3228 4369 3386 4429 rogat

141 4451 287 4503 κατὰ
315 4448 409 4501 τοῦ
441 4449 667 4519 Κυρίου·
706 4448 1186 4520 διασκορπισθῆναι
1219 4448 1276 4501 δὲ
1316 4448 1512 4519 μᾶλλον
1538 4449 1631 4502 καὶ
1661 4451 1706 4501 ὲκ

1824 4460 1995 4528 magis
2027 4471 2083 4513 ut
2109 4458 2488 4527 dispergantur
2516 4468 2567 4511 et
2592 4459 2646 4511 in
2672 4456 2982 4526 captivitate
3004 4454 3172 4508 vitam
3199 4463 3382 4524 agant,

141 4541 495 4612 αἰχμαλωσίᾳ
524 4541 622 4611 ζῇν
652 4541 845 4604 αὐτοὺς
877 4540 1016 4604 ἀξιοῖ
1052 4540 1136 4592 διὰ
1162 4541 1276 4608 τὴν
1301 4542 1591 4610 ἁμαρτίαν
1613 4541 1718 4596 τοῦ

139 4636 445 4702 στόματος
473 4633 689 4696 αὐτῶν,
731 4633 824 4686 καὶ
854 4631 942 4685 διὰ
976 4635 1072 4701 τὴν
1104 4633 1480 4703 ὑπερηφανίαν
1519 4633 1715 4688 αὐτῶν.

207 4725 326 4777 Καὶ
369 4723 440 4789 ἐξ
488 4722 637 4792 ἀρᾶς
681 4724 778 4776 καὶ
821 4723 1088 4794 ψεύδους
1122 4724 1613 4794 διαγγελήσοιιιτιιι
1654 4727 1721 4778 ἐν

139 4817 490 4883 συντελείᾳ.
549 4815 936 4882 Ἐξάκονστος,
986 4818 1156 4890 φησι,
1203 4819 1412 4887 γένοιτο
1463 4818 1640 4871 αὐτῶν
1687 4823 1719 4891 ἡ

141 4910 429 4962 συντέλεια
460 4911 548 4962 διὰ
577 4911 672 4974 τὰς
697 4911 936 4981 κατάρας
963 4913 1026 4976 ἃς
1064 4913 1405 4985 καταρῶνταί
1438 4930 1518 4977 σε,
1552 4931 1719 4966 κατα-

137 5005 465 5077 ψευδόμενοι
503 5007 602 5075 τῆς
641 5007 737 5075 σῆς
777 5007 950 5078 δᾶξης.
977 5007 1292 5062 Συντέλειαν
1324 5011 1380 5062 δὲ
1413 5009 1474 5062 οὐ
1507 5009 1604 5080 τὴν
1641 5011 1718 5072 είς

139 5094 198 5146 τὺ
239 5093 508 5157 παντελὲς
557 5095 829 5148 ἀπώλειαν
873 5095 965 5149 τοῦ
1011 5097 1194 5160 ἔθνους
1238 5099 1429 5170 φησιν,
1461 5098 1595 5152 ἀλλὰ
1621 5101 1717 5170 τὴν

140 5185 531 5257 καταστροφὴν
580 5188 678 5255 τῆς
726 5187 879 5258 δόξης
930 5189 1127 5243 αὐτῶν.
1176 5191 1310 5255 Δόξα
1346 5191 1402 5243 δὲ
1440 5191 1615 5245 αὐτῶν
1664 5195 1719 5246 αί

137 5277 285 5330 κατά
343 5277 508 5347 νόμον
539 5277 804 5348 λατρεῖαι,
849 5285 877 5334 ὀ
925 5281 1062 5345 θεῖος
1092 5283 1236 5346 ναὸς,
1269 5285 1317 5337 οἱ
1353 5285 1644 5356 προφῆται,
1672 5288 1718 5337 οἱ

137 5370 447 5440 ἀρχιερεῖς,
473 5371 522 5421 oi
549 5370 1009 5441 νομοδιδάσκαλοι,
1042 5377 1075 5444 ἡ
1104 5375 1391 5446 ἐπιφάνεια
1412 5377 1518 5429 τῶν
1554 5379 1718 5446 ἀγγέ-

137 5458 268 5514 λων·
308 5461 456 5530 ειπερ
495 5463 706 5515 ἅπαντα
753 5462 959 5534 ἀθρόως
1003 5466 1136 5536 μετὰ
1164 5466 1262 5537 τὴν
1297 5468 1436 5520 κατὰ
1475 5468 1567 5520 τοῦ
1612 5472 1721 5522 Κυ-

137 5551 259 5622 ρίου
297 5554 616 5631 μιαιφονίαν
649 5556 1072 5614 συντετέλεσται.

1819 4561 2039 4621 propter
2072 4551 2316 4603 delictum
2351 4550 2456 4604 oris
2491 4565 2690 4615 eorum,
2733 4556 2788 4603 et
2819 4556 3036 4616 propter
3065 4541 3253 4598 eorum
3292 4559 3385 4598 su-

1821 4642 2061 4712 perbiam
2074 4682 2085 4693 .

1902 4731 1988 4786 I3.
2023 4729 2090 4782 Et
2113 4733 2175 4783 de
2203 4730 2558 4782 exsecratione
2601 4736 2648 4780 et
2685 4725 2955 4778 mendacio
2998 4722 3388 4776 annuntiabun-

1824 4832 1909 4876 tur
1955 4823 2008 4874 in
2053 4821 2517 4873 consummatione.
2567 4816 2890 4886 Evulgetur,
2939 4813 3150 4883 inquit,
3197 4827 3388 4867 eorum

1826 4917 2247 4979 consummatio,
2281 4925 2500 4986 propter
2533 4913 2821 4969 maledicta
2841 4913 3039 4983 quibus
3066 4921 3116 4964 te
3139 4920 3386 4972 onerant,

1827 5013 2052 5082 gloriam
2094 5020 2240 5065 tuam
2277 5007 2690 5063 calumniantes.
2719 5003 3255 5060 Consummationem
3293 5015 3392 5053 au—

1830 5116 1958 5170 tem,
1993 5121 2096 5159 non
2127 5103 2338 5175 generis
2370 5101 2609 5154 universi
2641 5100 2890 5163 exitium,
2932 5098 3024 5152 sed
3051 5093 3388 5149 eversionem

1820 5199 2004 5270 gloria:
2053 5212 2239 5250 eorum
2284 5194 2534 5263 appellat.
2581 5191 2762 5246 Gloria
2814 5199 2992 5244 autem
3024 5202 3212 5242 eorum
3265 5193 3393 5241 sunt

1819 5292 2018 5362 legales
2064 5287 2240 5341 cultus
2267 5295 2429 5354 atque
2453 5285 2610 5342 ritus.
2649 5281 2891 5335 divinum
2944 5279 3226 5349 templum,
3257 5291 3382 5345 pro-

1818 5386 2013 5455 phetae,
2047 5380 2319 5448 principes
2349 5378 2715 5440 sacerdotum,
2753 5373 3000 5427 doctores
3040 5369 3196 5455 legis,
3226 5382 3391 5438 appa-

1822 5452 1951 5529 ritio
1978 5472 2317 5541 angelorum,
2349 5485 2467 5538 quae
2493 5466 2776 5522 confertim
2809 5463 2989 5517 omnia
3027 5475 3146 5532 post
3174 5452 3390 5514 Domini

1822 5567 2020 5621 caulem
2051 5569 2430 5619 consummata
2459 5568 2585 5618 sunt
2615 5564 2623 5578 '

208 5663 336 5733 (Ἃ)
370 5666 640 5721 Adrianus
683 5667 970 5736 imperator
1008 5671 1173 5725 vetuit
1208 5668 1424 5729 Judaeos
1457 5672 1848 5731 Jerosolvmam
1888 5673 2161 5729 accedere.

212 5759 262 5789 ⁵⁸
293 5755 458 5811 Joan.
489 5773 607 5823 xix,
646 5756 735 5812 I5.

471 5853 744 5913 Ροιτιιοι..
785 5853 901 5913 Gn.
937 5853 1192 5916 XXVII.
