4102 6312
141 341 232 398 269

1253 341 1616 400 EXPOSITIO
1647 341 1714 398 IN
1750 342 2082 402 PSALMUM
2126 346 2262 404 LIX.

3238 347 3338 404 27D

199 449 281 504 διά
315 451 557 523 Χριστὸν
580 451 866 527 ζτιμωρίας
904 452 1174 525 γεγονὼς,
1204 456 1537 529 ἐπιστροφήν
1569 474 1663 510 τινι

1859 461 2123 526 converti,
2156 457 2513 530 postulantem
2546 459 2664 515 dari
2699 460 2800 517 sibi
2826 461 3050 533 gratiam
3077 478 3168 536 per
3186 466 3340 524 Chri-

201 545 452 609 ποιεῖται,
481 544 648 598 αἰτῶν
677 546 770 599 καὶ
799 545 958 610 αὐτὸς
988 545 1088 616 τῆς
1116 545 1202 600 διὰ
1219 547 1447 616 Χριστὸν
1476 547 1692 618 χάριτος

197 634 511 708 ἀξιωθῆναι.
560 638 932 694 Ἀποκλαίεται
954 638 1010 692 δὲ
1035 639 1249 710 πρῶτον
1271 638 1369 709 τὴν
1396 638 1692 709 γενομένην

195 727 339 798 αὐτῷ
365 728 454 781 διὰ
476 729 576 800 τὴν
601 732 681 795 εἰς
704 731 935 804 Χριστὸν
957 730 1269 784 δυσσέϐειαν
1291 730 1687 802 καταστροφὴν,

191 819 269 873 διὸ
293 822 389 874 καί
418 837 606 893 φησιν’

203 911 254 963 Ὀ
287 912 458 980 Θεὸς,
487 911 707 968 ἀπώσω
727 912 902 982 ἡμᾶς,
937 913 1035 968 καὶ
1077 912 1347 980 καθεῖλες
1369 909 1545 982 ἡμᾶς.
1578 911 1687 980 ὠρ-

133 1002 326 1070 τισθης
378 1003 479 1057 καὶ
523 1004 889 1073 ᾠκτείρησας
918 1002 1096 1076 ἡμᾶς.
1133 1006 1485 1077 Ἐτιμωρήσω
1517 1007 1685 1076 ἡμᾶς,

131 1094 268 1166 φησὶ,
302 1094 398 1149 διὰ
423 1095 524 1166 τὴν
557 1096 638 1160 είς
673 1095 731 1149 σὲ
767 1096 1141 1169 γεγενημένην
1179 1097 1511 1152 δυσσέϐειαν.
1530 1098 1687 1151 Ἀλλὰ

128 1188 212 1240 καὶ
231 1186 577 1258 ᾠκτείρησας
596 1190 764 1260 ἡμᾶς·
786 1189 846 1243 τὸ
870 1179 997 1261 γὰρ,
1024 1190 1407 1259 ᾠκτείρησας,
1429 1193 1548 1245 ἀντὶ
1568 1190 1684 1256 τοῦ,

129 1277 513 1343 οίκτειζοησογ,
554 1278 587 1347 ἢ
631 1277 802 1341 άλλως
843 1277 934 1342 τὸ,
980 1280 1368 1348 ᾠκτείρησας,
1423 1280 1684 1344 ἐλεεινοὺς

127 1368 210 1421 καὶ
238 1368 460 1432 ἀθλίους
485 1369 791 1440 ἀπέφηνας,
825 1370 900 1434 ὠς
929 1369 1018 1424 διὰ
1049 1370 1148 1434 τὰς
1186 1371 1468 1445 συμφορὰς
1496 1372 1683 1444 καιρὸν

125 1455 244 1513 εἶναι
279 1459 750 1530 κατοικτείρεσθαι
783 1461 984 1515 λοιπόν.
1011 1461 1378 1527 Συνέσεισας
1401 1461 1514 1529 τὴν
1542 1460 1679 1531 γῆν,

124 1554 210 1605 καὶ
246 1553 670 1622 συνετάραξας
709 1552 919 1619 αὐτήν.
971 1553 1081 1625 Τὴν
1135 1553 1485 1625 Ἰερουσαλήμ
1527 1570 1679 1624 φησι,

123 1643 199 1697 διὰ
233 1645 292 1708 τὸ
328 1644 758 1716 πολιορκηθῆναι
784 1644 971 1717 αὐτὴν,
1002 1647 1098 1699 καὶ
1126 1646 1216 1701 τὸν
1244 1648 1301 1699 ὲν
1341 1647 1478 1717 αὐτῇ
1509 1662 1678 1699 κατα-

125 1734 415 1805 οτραφῆναι
459 1733 614 1787 νεών.
646 1735 715 1787 Ἦ
751 1736 843 1788 καὶ
873 1735 972 1806 τὴν
1012 1737 1207 1806 νοητὴν
1237 1735 1414 1789 αὐτῶν
1443 1734 1544 1806 γῆν
1574 1752 1678 1806 φη-

1863 561 2031 607 stum.
2057 551 2310 621 Deplorat
2341 560 2518 607 autem
2543 553 2774 623 primum
2801 555 3000 610 illatam
3033 557 3132 612 sibi
3157 559 3225 613 ob
3248 560 3341 615 im-

1861 643 2112 713 pietatem
2146 644 2200 698 in
2232 643 2504 699 Christum
2533 646 2769 714 ruinam,
2798 663 2968 718 quare
3001 649 3075 704 ait
3105 669 3118 705 :

1856 900 1911 967 3,
1947 899 2006 956 6.
2042 899 2203 968 Deus,
2235 900 2472 970 repulisti
2505 917 2594 955 nos
2622 911 2670 956 et
2701 903 3005 957 destruxisti
3032 920 3144 967 nos,
3172 906 3340 958 iratus

1787 1007 1839 1045 es
1861 1001 1910 1046 et
1936 995 2179 1048 misertus
2211 1009 2264 1047 es
2294 994 2458 1048 nobis.
2488 993 2846 1066 Supplicium,
2876 996 3069 1066 inquit,
3093 998 3159 1052 tle
3186 999 3342 1054 nobis

1787 1084 2066 1153 sumpsisti
2107 1084 2176 1139 ob
2216 1095 2458 1139 nostram
2484 1101 2609 1156 erga
2639 1097 2688 1141 te
2720 1087 3067 1157 impietatem.
3099 1087 3204 1143 Sed
3237 1089 3340 1143 mi-

1787 1185 1965 1232 sertus
1991 1193 2051 1231 es
2079 1178 2269 1242 nobis;
2305 1177 2434 1231 illud
2467 1179 2668 1244 autem,
2699 1181 2940 1234 misertus
2965 1197 3016 1234 es
3047 1195 3143 1250 pro
3181 1182 3339 1235 mise-

1786 1284 1899 1321 rere
1924 1268 2156 1337 positum
2188 1279 2289 1334 est,
2316 1279 2408 1322 aut
2441 1269 2547 1323 alio
2574 1270 2756 1333 modo,
2791 1271 3032 1324 misertus
3071 1288 3145 1333 es,
3180 1271 3340 1327 mise-

1785 1375 1877 1413 ros
1901 1359 2144 1425 ell'ecisti,
2175 1361 2247 1414 ita
2276 1370 2334 1415 ut
2361 1371 2579 1430 propter
2603 1362 2938 1416 calamitates
2971 1362 3077 1431 iam
3126 1372 3338 1431 tempus

1785 1451 1876 1514 sit,
1934 1461 1994 1506 ut
2018 1452 2176 1507 nobis
2203 1453 2570 1508 misericordia
2616 1454 2971 1524 impendatur.
3003 1454 3338 1509 Commovisti

1785 1553 1979 1598 terram
2003 1555 2050 1599 el
2076 1547 2400 1600 conturbasti
2423 1564 2558 1600 eam.
2584 1545 2880 1601 Jerusalem
2908 1548 3055 1608 dicit,
3089 1548 3216 1616 quia
3246 1548 3338 1600 ob-

1782 1650 1930 1689 sessa
1961 1635 2060 1690 fuit
2088 1645 2141 1690 et
2172 1639 2426 1706 templum
2468 1639 2585 1707 ejus
2623 1639 2739 1694 solo
2769 1651 3056 1709 arquatum.
3093 1640 3197 1692 Aut
3228 1640 3338 1707 spi-

1781 1726 2030 1781 ritualem
2069 1743 2257 1783 eorum
2290 1739 2485 1784 terram
2517 1731 2668 1796 dicit,
2698 1746 2818 1800 qum.
2852 1742 3068 1800 propter
3097 1732 3336 1784 aversio-

126 1837 234 1885 σιν,
259 1823 386 1892 ἥτις
431 1822 522 1876 διὰ
564 1824 660 1894 τὴν
703 1824 1048 1895 ἀποστροφὴν
1083 1824 1179 1896 τὴν
1222 1824 1518 1894 γενομένην
1557 1825 1663 1878 κατ

1777 1831 1897 1870 nem
1921 1833 2041 1887 qua:
2064 1818 2164 1888 ipsi
2183 1820 2398 1875 obvenit
2415 1831 2682 1875 commota
2704 1834 2805 1876 est.
2832 1822 2975 1878 Sana
2996 1825 3333 1877 contritiones

120 1915 283 1967 αὐτῶν
314 1915 800 1986 καταηκλὸνηται.
823 1917 1011 1970 Ἵασαι
1045 1916 1116 1970 τὰ
1147 1917 1555 1984 συντρίμματα
1580 1917 1678 1969 αὑ·

119 2004 235 2070 τῆς,
265 2004 356 2057 ὅτι
386 2005 712 2073 ἐσαλεύθη.
741 2005 909 2060 Πάλιν
941 2008 1009 2060 τὰ
1041 2006 1378 2077 γεγενημένα
1404 2005 1672 2072 διέξεισιν.

184 2096 453 2162 Ἕόειξας
481 2095 561 2162 τῷ
591 2096 716 2163 λαῷ
743 2112 858 2152 σου
885 2099 1142 2166 σκληρά.
1168 2099 1256 2169 Τῷ
1283 2098 1494 2168 πλήθει,
1519 2100 1671 2169 φησι,

117 2188 214 2249 τῶν
243 2187 558 2260 συμφορῶν,
615 2188 864 2260 καθάπερ
905 2189 1032 2260 οἴνῳ
1070 2190 1176 2243 τινὶ
1219 2189 1385 2259 κάρον
1427 2191 1556 2260 ἡμῖν
1590 2192 1674 2242 ὲν-

115 2280 387 2350 εποίησας,
418 2281 511 2333 καὶ
536 2281 726 2352 ὀδύνης
755 2281 1052 2353 ἐνέπλησας
1067 2281 1164 2344 τὰς
1191 2281 1461 2352 ἡμετέρας
1474 2281 1668 2353 ψυχάς.

126 2372 430 2438 Ἐπότισας
479 2370 638 2440 ἡμᾶς
687 2372 828 2438 οινφ
870 2371 1265 2437 κατανύξεως.
1313 2371 1468 2425 Οὓτω
1510 2372 1603 2426 καὶ
1643 2374 1672 2425 ὁ

127 2460 342 2524 ’Δκύλας
369 2461 728 2532 ἡρμήνευσεψ
770 2461 1087 2525 Ἔπότισας
1120 2457 1276 2528 ἡμᾶς
1302 2459 1444 2526 οϊνῳ
1485 2459 1670 2529 καρώ-

114 2568 274 2620 σεως.
312 2548 468 2606 Οἶνον
499 2551 838 2618 κατανύξεως
862 2552 958 2614 τὰς
989 2553 1046 2604 ἐν
1071 2555 1190 2614 ταῖς
1226 2551 1394 2614 θείαις
1430 2552 1671 2622 Γραφαίς

114 2645 367 2716 τιμωρίας
398 2646 552 2717 φησὶ,
589 2644 690 2708 τὰς
729 2644 1302 2714 προανακηρυχθεέσας
1351 2646 1529 2707 αὐτοῖς
1569 2645 1669 2714 τῆς

113 2738 183 2799 τίς
213 2736 448 2807 Χριστὸν
479 2735 794 2798 δυσσεϐείας
826 2735 1006 2787 ἕνεκα.
1056 2735 1538 2802 ’Δναγινὼσκοντες
1562 2737 1667 2808 γὰρ

112 2829 197 2882 καὶ
230 2831 294 2899 τῇ
325 2828 492 2898 πείρᾳ
510 2827 575 2881 τὰ
618 2827 1058 2899 προηγορευμένα
1097 2826 1471 2897 μανθάνοντες,
1499 2845 1666 2880 κατα-

111 2919 375 2972 νύττοι-ται
422 2917 482 2970 τὸ
520 2917 776 2981 συνειδός.
809 2917 1073 2982 Ἐδωκας
1117 2917 1238 2982 τοῖς
1280 2917 1666 2986 φοϐουμένοις

110 3025 176 3063 σε
196 3010 528 3077 σημείωσιν
565 3008 670 3062 τοῦ
711 3007 923 3078 φυγεῖν
968 3007 1085 3062 ἀπὸ
1114 3009 1435 3077 προσώπου
1464 3008 1660 3073 τόξου.

107 3103 404 3173 Σημείωσις
432 3105 461 3155 6
486 3103 781 3173 φωτισμὺς,
815 3103 934 3156 καθ’
968 3104 1028 3156 ὃν
1049 3102 1266 3156 δύναταί
1292 3120 1373 3165 τις
1400 3103 1663 3174 διάκρισιν

1776 1909 1889 1978 ejus
1937 1912 2058 1977 quia
2104 1926 2360 1966 commota
2407 1924 2502 1969 est.
2541 1914 2775 1971 Rursum
2835 1933 2953 1987 qua:
3003 1927 3150 1989 gesta
3207 1926 3334 1973 sunt

1775 2013 2013 2058 enarrat.

1853 2095 1906 2158 5,
1931 2095 1983 2150 6.
2018 2096 2305 2153 Ostendiin
2335 2100 2526 2168 populo
2556 2110 2644 2154 tuo
2674 2101 2830 2156 dura.
2858 2101 3215 2168 Multitudine,
3245 2103 3332 2159 in-

1773 2187 1910 2255 quit,
1941 2189 2334 2255 calamitatum,
2357 2193 2511 2260 quasi
2543 2194 2667 2246 vino
2693 2194 2926 2264 quodam
2956 2210 3203 2265 soporem
3233 2212 3331 2252 no-

1773 2277 1858 2332 bis
1887 2278 2129 2344 e'll‘ecisti,
2161 2297 2223 2335 ac
2255 2282 2441 2337 dolore
2469 2283 2680 2339 animas
2716 2295 2931 2340 nostras
2965 2289 3326 2358 complevisti.

1775 2366 1982 2425 Potasti
2009 2389 2099 2426 nos
2129 2375 2244 2427 rino
2275 2378 2708 2444 compunctiouis.
2745 2377 2818 2432 Ita
2844 2377 3039 2447 Aquila
3063 2390 3147 2436 est
3170 2382 3330 2437 inter-

1771 2469 2013 2530 pretatus
2045 2481 2056 2516 :
2087 2462 2292 2518 Potasti
2317 2482 2410 2519 nos
2441 2468 2555 2520 t-ino
2579 2470 2797 2536 soporis.
2833 2468 3031 2524 Vinum
3062 2486 3326 2542 compun—

1770 2552 1983 2616 ctionis,
2015 2555 2270 2622 supplicia
2294 2556 2346 2609 iu
2371 2555 2668 2627 Scripturis
2689 2569 2982 2614 memorata
3002 2572 3178 2626 vocat,
3198 2579 3329 2633 prte-

1769 2645 2011 2697 nuntiata
2043 2646 2146 2700 illis
2165 2648 2234 2701 ob
2256 2647 2496 2716 ipsorum
2531 2664 2651 2720 erga
2669 2650 2944 2706 Christum
2977 2655 3322 2724 impietatem.

1773 2729 1905 2784 Dum
1939 2733 2120 2802 legunt
2153 2736 2319 2802 enim,
2347 2743 2400 2790 et
2428 2754 2546 2808 qua:
2583 2742 2834 2808 prazdicta
2877 2756 3003 2798 sunt
3045 2748 3326 2816 experien-

1769 2825 1838 2876 tia
1868 2826 2133 2892 ediscunt,
2162 2829 2492 2885 conscientia
2515 2845 2970 2905 compunguntur.
2999 2836 3204 2893 Dedisti
3225 2857 3326 2894 me-

1768 2914 2027 2967 tuentibus
2063 2925 2110 2969 te
2133 2919 2566 2987 signiﬁcationem
2605 2935 2660 2976 ut
2690 2926 2892 2995 fugiunt
2921 2945 2952 2981 a
2989 2929 3122 2998 facie
3147 2948 3320 2987 arcus.

1769 3001 2097 3073 Signilicatio
2125 3019 2206 3063 est
2242 3011 2567 3067 illuminatio
2591 3031 2697 3084 qua
2735 3029 2906 3086 potest
2939 3022 3194 3079 discretio
3224 3025 3324 3079 ha-

1767 3094 1879 3148 beri
1903 3096 2206 3165 spirituum,
2238 3116 2445 3156 necnon
2480 3104 2605 3158 boni
2633 3116 2684 3160 et
2707 3110 2856 3163 mali.
2887 3109 2995 3166 “ac
3015 3113 3156 3167 enim
3189 3131 3322 3183 pra:-

107 3196 238 3266 ἔχειν
286 3195 635 3266 πνευμάτων,
685 3195 778 3249 καὶ
814 3195 1016 3264 ἀγαθοῦ
1063 3195 1156 3247 κα)⁸
1207 3195 1394 3247 κακοῦ.
1445 3194 1658 3264 Ταύτης

1767 3185 1861 3238 diti
1891 3188 2112 3252 notitia,
2144 3189 2379 3260 fugimus
2408 3209 2435 3247 a
2469 3196 2656 3259 malis,
2697 3198 2957 3269 longeque
2988 3172 3321 3261 declinamus

105 3292 202 3362 γάρ
245 3289 346 3360 τῆς
401 3287 654 3358 γνώσεως
711 3288 1046 3360 ὑπαρξάσης,
1090 3286 1358 3356 φεύγομεν
1400 3286 1508 3338 ἀπὸ
1551 3286 1656 3338 τῶν

104 3381 373 3452 χειρόνων,
405 3380 622 3452 μακρὰν
644 3380 811 3435 κακοῦ
845 3380 1002 3451 ἔργον
1042 3381 1136 3432 καὶ
1165 3378 1468 3449 πνεύματος
1494 3395 1658 3449 πονη-

106 3471 190 3542 ροῦ
223 3471 517 3541 γινόμενοι.
551 3471 658 3525 Τοῦ
683 3471 887 3524 αὑτοῦ.
937 3471 1120 3540 Ἡμεῖς
1155 3469 1272 3540 μὲν,
1305 3469 1464 3539 φησι,
1491 3468 1556 3521 δι’
1589 3468 1657 3539 ἢν

103 3561 414 3634 ἐπράξαμεν
455 3561 768 3614 δυσσέϐειαν
798 3559 1246 3630 τετιμωρήμεθαο
1280 3561 1328 3611 oi
1369 3559 1424 3611 δὲ
1465 3558 1658 3627 φοϐού-

105 3654 242 3722 μενοί
269 3669 332 3706 σε
364 3653 586 3723 σημεῖον
619 3650 862 3718 ἐδέξαντο
891 3649 1065 3722 (δῆλον
1097 3649 1170 3712 δὲ,
1194 3649 1272 3702 ὅτι
1305 3651 1363 3702 ὲν
1387 3642 1430 3715 ᾧ
1462 3650 1657 3720 ἐσφρα-

102 3745 406 3817 γίσθημεν),
436 3745 580 3807 ὅπως
605 3743 670 3798 ἂν
695 3743 796 3810 ἔξω
825 3742 1004 3814 πάσης
1030 3740 1350 3809 κολαπικῆς
1395 3741 1654 3812 ἐπηρείας

101 3840 352 3906 γένοιντο.
384 3836 586 3890 Τούτου
611 3836 668 3889 δὲ
699 3834 791 3888 τοῦ
826 3834 1048 3905 σημείου
1075 3831 1241 3896 τύπος
1266 3827 1334 3903 ἦν
1364 3832 1426 3885 τὸ
1455 3833 1511 3885 ὲν
1539 3835 1654 3896 ταῖς

101 3929 273 3997 φλιαῖς
305 3927 417 3981 τῶν
441 3925 725 3998 προϐάτων
758 3926 814 3977 ἐν
836 3924 1092 3994 Αἰγύπτῳ
1115 3923 1398 3994 χριόμενον
1424 3920 1580 3994 αἷμα.

172 4021 234 4074 '0
284 4017 432 4084 Θεὸς
464 4015 772 4084 ἐλάλησεν
812 4015 882 4068 ἐν
911 4012 992 4079 τῷ
1023 4013 1166 4082 ἁγίῳ
1194 4013 1400 4067 αὐτοῦ.
1432 4014 1654 4085 Ὅμοιον

97 4109 196 4181 τῷ·
246 4111 376 4164 Ἐπ’
401 4106 665 4176 ἐσχάτου
699 4105 815 4159 τῶν
841 4102 1075 4173 ἡμερῶν
1104 4104 1328 4157 τούτων
1350 4101 1655 4172 ἐλάλησεν

99 4202 230 4272 ἡμῖν
257 4203 335 4255 ἐν
373 4197 504 4265 Υὶῷ.
531 4198 698 4262 Αὐτὸς
725 4197 830 4267 γάρ
855 4196 1002 4249 ἔστιν
1033 4197 1061 4249 ὁ
1085 4196 1235 4265 ἅγιος
1259 4194 1354 4249 τοῦ
1393 4194 1527 4249 Θεοῦ
1563 4195 1654 4250 καὶ

96 4295 323 4367 Πατρός.
371 4291 440 4346 Τί
483 4291 542 4345 δὲ
577 4290 824 4359 έλάλησε,
867 4288 960 4342 καὶ
1011 4288 1145 4360 πρὸς
1189 4288 1308 4341 τίνα
1352 4287 1650 4359 έλάλησενς

105 4385 320 4455 Ἐπειδὴ
369 4382 572 4456 ηὔξατο
623 4383 680 4435 ὲν
725 4380 802 4452 τῷ
846 4379 1166 4451 προλαϐόντι
1207 4378 1406 4451 ψαλμῷ
1446 4379 1646 4448 λέγων’

103 4460 384 4544 Ὑῷιὼθητι
426 4473 526 4526 ἐπὶ
581 4471 721 4538 τοὺς
767 4470 1088 4541 οὐρανοὺς,
1119 4473 1153 4525 ό
1187 4470 1362 4536 Θεὸς,
1412 4470 1510 4524 καί
1554 4470 1652 4523 ἐπὶ

93 4565 295 4622 πᾶσαν
321 4566 438 4633 τὴν
465 4563 583 4635 fﬁr
605 4565 644 4633 ὴ
670 4563 817 4628 δόξα
853 4578 988 4618 σου·
1015 4562 1201 4616 τούτου
1232 4563 1388 4634 χάριν
1423 4561 1646 4634 ἀποκρί-

92 4674 254 4724 νεται,
289 4656 370 4718 ὡς
398 4655 467 4709 τὰ
492 4655 707 4724 Σίκηρα
743 4653 838 4726 μὲν
883 4652 1171 4724 διαμεριεϊ,
1200 4652 1442 4705 τουτέστι
1463 4650 1524 4704 τὸ
1563 4650 1657 4721 βαι

95 4748 285 4804 casm
337 4746 433 4802 τοῦ
481 4745 724 4818 Ἰσραήλ·
772 4746 830 4799 έν
861 4745 1122 4815 Σικήμοις
1163 4743 1272 4814 γὰρ
1314 4737 1400 4813 ἦν.
1447 4742 1654 4798 Δέδωκε

92 4837 190 4908 γάρ
219 4835 362 4892 αὐτὸ
398 4834 712 4904 ἀλλοφύλοις
739 4833 912 4889 ἔθνεσι
938 4835 1050 4896 τοῖς
1086 4831 1433 4887 πιστεύσασιν
1454 4835 1533 4897 εἰς
1557 4833 1654 4887 αύ-

91 4922 191 4977 τύν.
235 4922 358 4978 Kal
399 4919 518 4989 τὴν
550 4920 798 4976 κοιλάδα
826 4919 944 4974 τῶν
973 4920 1218 4988 σκηνῶν
1259 4920 1648 4990 διαμετρήσω.

89 5013 328 5069 nutum
351 5013 385 5084 ὴ
409 5011 526 5066 θεία
554 5011 744 5084 Γραφὴ
774 5011 833 5066 τὸ
860 5012 1073 5067 πάντων
1106 5011 1405 5082 ἀνθρώπων
1427 5015 1647 5085 οἰκητή-

92 5104 195 5172 ριὸν
219 5118 385 5174 φησι.
413 5102 630 5175 Ταύτην
649 5098 760 5168 οὖν,
790 5103 938 5175 φησὶ,
971 5104 1070 5175 τὴν
1106 5103 1326 5157 κοιλάδα
1365 5104 1542 5157 πᾶσαν
1570 5105 1650 5168 είς

89 5193 289 5265 σκηνάς
340 5191 558 5264 ῑμαυτῷ
603 5193 976 5264 διαμετρήσω·
1021 5194 1294 5248 τουτέστιν
1347 5193 1648 5265 ἐκκλησιῶν

87 5281 468 5355 πληρεστάτην
489 5283 815 5338 άποτελέσω.

161 5375 342 5445 Ἐ’μός
366 5375 497 5428 ἐστι
525 5373 793 5439 Γαλαὰδ,
819 5375 913 5428 καί
951 5374 1092 5445 ἐμός
1122 5373 1252 5428 ἐστι
1289 5374 1644 5443 Μανασσῆς.

85 5463 174 5518 Διά
200 5465 422 5521 Γαλαὰδ
455 5467 548 5520 καὶ
573 5466 840 5538 Μανασσῆ
879 5467 1148 5538 σημαίνει,
1179 5464 1252 5528 ὼς
1276 5466 1331 5517 ὲν
1359 5468 1422 5536 τῇ
1449 5466 1645 5535 ἐπιφα-

86 5554 194 5624 νῑια
229 5553 404 5609 αὒτοῦ
447 5554 686 5628 πρώτοις
741 5556 1008 5624 Ἰουδαίοις
1039 5557 1300 5630 κηρύσσει
1332 5557 1429 5630 τὴν
1463 5558 1642 5630 χάριν.

179 5733 225 5766 ’³
251 5729 418 5788 Hebr.
447 5749 487 5800 t,
519 5733 572 5790 2.

1763 3279 1831 3332 ab
1876 3281 2122 3349 improbo
2169 3299 2327 3352 opere
2362 3296 2408 3340 et
2457 3303 2486 3340 a
2523 3291 2758 3361 maligno
2804 3296 3016 3364 spiritu.
3051 3297 3317 3368 Ejusdem.

1761 3369 1891 3438 Nos,
1922 3373 2116 3444 inquit,
2148 3376 2216 3430 ob
2235 3387 2473 3432 nostram
2499 3379 2825 3452 impietatem
2856 3389 3116 3458 supplicio
3132 3407 3322 3449 sumus

1762 3464 1934 3520 allecti
1961 3484 1974 3520 :
1999 3468 2162 3538 atqui
2199 3469 2390 3525 timent
2412 3480 2482 3538 te,
2515 3473 2728 3543 signum
2762 3490 3085 3548 acceperunt
3117 3484 3318 3554 (palam

1761 3565 1938 3610 autem
1965 3567 2048 3613 est
2080 3559 2208 3612 illud
2250 3561 2461 3629 signum
2490 3579 2610 3619 esse
2644 3582 2754 3635 quo
2778 3569 3046 3641 obsignati
3081 3576 3315 3649 sumus),

1760 3656 1821 3702 ut
1870 3649 2018 3703 omni
2069 3651 2333 3722 supplicio
2383 3653 2539 3711 liberi
2572 3657 2700 3712 sint.
2741 3657 2916 3729 Hujus
2948 3674 3126 3720 autem
3178 3669 3316 3738 signi

1760 3745 1920 3810 typus
1959 3751 2075 3796 erat
2120 3743 2341 3812 sanguis
2391 3743 2571 3798 ovium
2594 3744 2647 3800 in
2676 3745 2908 3818 Egypto
2952 3752 3198 3821 postibus
3233 3755 3316 3810 in-

1759 3847 2024 3902 spersum.

1830 4028 1882 4083 8.
1924 4027 2063 4084 Deus
2107 4031 2316 4087 locutus
2355 4043 2431 4089 est
2473 4037 2527 4090 in
2569 4048 2752 4094 sancto
2778 4055 2891 4096 suo.
2929 4040 3113 4099 Simile
3142 4045 3308 4102 huic:

1759 4118 1826 4174 In
1871 4123 2147 4176 novissimo
2187 4125 2390 4178 dierum
2433 4127 2656 4181 istorum
2703 4131 2906 4185 locutus
2937 4143 3013 4188 est
3063 4137 3209 4190 nobis
3257 4140 3312 4191 in

1761 4209 1903 4266 Filio
1921 4212 1985 4267 ".
2033 4212 2148 4282 Ipse
2195 4231 2430 4286 namque
2475 4228 2556 4272 cst
2603 4231 2824 4276 sanctus
2862 4220 2954 4278 Dei
3005 4234 3059 4279 et
3111 4226 3308 4285 Patris.

1758 4301 1898 4371 Quid
1945 4313 1999 4360 et
2045 4306 2130 4360 cui
2178 4307 2389 4363 loeutus
2433 4310 2551 4364 est?
2580 4310 2867 4384 Postquam
2901 4317 2954 4370 in
2989 4321 3309 4388 praecedenti

1757 4397 1968 4467 psalmo
1990 4409 2238 4469 precatus
2261 4398 2434 4456 fuerat
2459 4421 2471 4456 :
2505 4399 2759 4460 Exaltare
2783 4423 2936 4477 super
2959 4413 3131 4475 cmlos,
3151 4411 3306 4477 Deus,

1756 4499 1805 4543 et
1831 4506 1986 4560 super
2019 4508 2218 4546 onmem
2257 4503 2447 4548 terram
2481 4497 2649 4566 gloria
2678 4507 2768 4552 tua
2781 4514 2802 4563 ;
2855 4500 2973 4555 idco
3002 4505 3307 4573 respondet,

1754 4595 1814 4636 se
1836 4581 2052 4651 quidem
2079 4583 2317 4640 Sicliima
2344 4587 2666 4652 divisurum,
2696 4589 2747 4643 id
2774 4600 2876 4655 est,
2913 4593 3113 4662 regiam
3139 4594 3313 4652 Israe-

1752 4672 1820 4729 lis
1854 4688 1974 4743 qua
2017 4674 2069 4728 in
2118 4672 2374 4733 Sicltimis
2417 4687 2551 4733 erat.
2599 4676 2731 4734 Nam
2765 4680 2910 4735 dedit
2953 4697 3069 4737 eam
3117 4685 3309 4740 alienis

1751 4765 2022 4837 gentibus,
2053 4782 2174 4836 qua:
2197 4767 2536 4823 crediderant
2571 4769 2624 4823 in
2669 4770 2865 4839 ipsum.
2915 4770 2982 4826 Et
3021 4774 3308 4829 convallem

1753 4855 2209 4911 tabernaculorum
2233 4856 2468 4911 metibor.
2487 4855 2796 4913 Convallem
2823 4859 3002 4914 divina
3027 4860 3306 4932 Scriptura

1751 4948 1996 5004 omnium
2050 4949 2328 5004 hominum
2375 4950 2707 5005 domicilium
2740 4961 2913 5007 vocat.
2953 4951 3102 5010 Hanc
3145 4955 3307 5026 igitur

1751 5056 1966 5098 omnem
2014 5041 2309 5097 convallem
2353 5041 2407 5098 in
2450 5044 2798 5100 tabernacula
2849 5045 2979 5100 mihi
3031 5047 3302 5112 dimetiar,

1748 5132 1799 5189 id
1825 5141 1926 5198 est,
1957 5133 2305 5190 ecclesiarum
2345 5133 2708 5205 plenissimam
2741 5135 2984 5191 eliiciam.

1822 5376 1873 5430 9.
1903 5375 2048 5433 Meus
2079 5390 2155 5434 est
2187 5379 2390 5435 Gnlaad
2410 5391 2459 5436 et
2481 5399 2620 5437 meus
2644 5393 2718 5438 est
2756 5387 3042 5441 Manasses.
3075 5383 3177 5440 Per
3201 5386 3304 5441 Gs-

1751 5467 1871 5522 laad
1908 5481 1961 5524 et
1997 5469 2279 5528 Manassen
2331 5475 2594 5544 significat
2625 5491 2682 5531 se
2726 5476 2778 5530 in
2807 5476 3035 5530 adventu
3070 5493 3167 5531 suo
3203 5476 3300 5527 .lu-

1751 5560 1882 5616 daeis
1929 5562 2162 5632 primum
2227 5568 2450 5636 gratiam
2498 5568 2931 5637 prmdicaturum.
2982 5567 3094 5624 lmo
3141 5569 3304 5622 etiam
