4086 6308
770 334 865 388 271

1610 329 1665 382 S.
1706 327 2071 383 ATHANASII
2110 331 2260 386 OPI’.
2303 331 2480 386 PARS
2521 330 2605 388 111.
2653 363 2714 373 -
2756 332 3163 390 ΕΧΕΟΕἹΊΟΑ.

3883 341 3977 394 272

774 448 1026 522 Ephraim
1064 457 1118 502 et
1145 447 1169 501 ,1
1182 447 1312 502 udas
1341 445 1460 501 dua:
1504 447 1663 516 regite
1705 448 1878 502 tribus
1909 446 2070 503 lsrael
2101 451 2326 519 gratiam

2445 451 2601 504 Ἀλλὰ
2630 452 2722 504 καὶ
2768 451 3022 521 Ἐφραῖμ,
3055 451 3204 520 φησὶ,
3242 451 3332 503 καὶ
3368 452 3397 503 ὁ
3435 450 3624 515 Ἰούδας
3645 493 3659 516 ,
3685 454 3739 505 αἱ
3767 453 3861 507 δύο
3894 460 3978 524 βα-

775 543 1020 599 similiter
1049 540 1334 609 accipient.
1382 538 1512 592 Illud
1555 549 1731 593 autem
1770 557 1782 590 :
1830 539 2105 594 Fortitudo
2138 545 2326 611 capitis

777 636 908 696 mei,
947 632 1180 701 positum
1216 638 1297 684 est
1339 645 1469 700 pro,
1525 629 1782 684 fortitudo
1823 632 2154 701 principatus
2198 635 2323 689 mci.

779 720 986 790 Imperii
1014 719 1155 774 enim
1192 719 1298 783 sui,
1331 719 1381 771 id
1416 728 1517 784 est,
1545 717 1756 774 lsraelis
1785 719 2040 777 fortitudo
2072 722 2324 792 Ephraim

776 825 928 880 erat;
954 831 1018 869 ex
1045 829 1108 868 eo
1138 828 1368 882 namque
1399 829 1619 883 regnum
1656 815 1816 870 Israel
1860 824 1990 870 erat.
2031 816 2186 869 Moab
2218 817 2326 869 olla

775 909 883 978 spei
906 923 1048 961 metr.
1088 904 1202 958 Olla
1229 916 1312 960 est
1337 920 1446 958 vas.
1474 906 1562 959 Ait
1586 915 1764 960 autem
1808 905 2069 961 Moabitas
2101 906 2190 977 qui
2224 923 2326 960 nu-

777 1016 869 1070 per
898 998 1035 1052 athci
1077 1008 1260 1057 erant.
1307 1011 1452 1066 spem
1489 997 1541 1049 in
1582 1012 1704 1050 eum
1733 1006 2046 1065 accepturos
2076 1012 2215 1052 esse.
2257 997 2322 1051 In

782 1090 1064 1144 ldumwem
1087 1089 1360 1141 extendam
1388 1088 1790 1141 calceamentum
1823 1106 2010 1142 meum.
2035 1089 2321 1143 ldumazam

777 1199 1008 1256 quoque,
1046 1182 1237 1251 inquit,
1269 1181 1524 1235 circuibo.
1565 1179 1798 1233 ldumrea
1827 1180 1950 1234 item
1978 1181 2148 1234 aliena
2193 1195 2322 1250 gens

777 1282 910 1326 erat.
967 1269 1060 1326 llis
1121 1279 1295 1324 autem
1352 1270 1507 1324 nobis
1559 1269 1879 1335 declaratur,
1927 1281 2110 1340 gentes
2161 1271 2320 1324 etiam

778 1363 1077 1446 eiuslidem
1110 1362 1449 1431 amplexuras
1473 1376 1591 1416 esse
1627 1380 1638 1414 :
1674 1377 1841 1430 quare
1869 1361 1940 1416 ait
1975 1377 1986 1411 :
2030 1361 2160 1415 Mihi
2188 1362 2320 1416 alie--

779 1453 974 1522 nigena:
999 1451 1194 1504 subditi
1219 1459 1358 1503 sunt.

852 1719 935 1779 11,
972 1717 1056 1770 12.
1096 1715 1222 1780 Quis
1253 1715 1461 1767 deducet
1507 1729 1584 1766 me
1625 1715 1678 1766 in
1717 1715 1977 1767 civitatem
2023 1714 2322 1766 munitam?

2433 545 2625 597 σιλεῖαι
2655 544 2748 596 τοῦ
2795 544 3028 614 Ἰσραὴλ,
3054 543 3252 612 ὁμοίως
3298 544 3534 610 δέξονται
3572 545 3670 615 τὴν
3703 547 3882 617 χάριν.
3915 549 3979 600 Τὸ

2429 633 2505 697 δὲ,
2532 635 2894 701 Κραταίωσις
2926 632 3035 699 τῆς
3058 632 3324 701 κεφαλῆς
3346 651 3482 701 ⁸μου,
3512 635 3629 688 ἀντὶ
3660 635 3752 688 τοῦ
3773 677 3787 700 ,
3837 637 3979 706 ἰσχὺς

2429 724 2525 794 τῆς
2571 725 2743 795 ἀρχῆς
2791 742 2912 794 μου·
2956 724 3067 794 Τῆς
3111 725 3218 796 γὰρ
3259 726 3431 797 ἀρχῆς
3473 725 3634 778 αὑτοῦ
3667 721 3735 796 ἧς
3785 721 3975 796 ἦρκεν,

2428 815 2669 867 τουτέστι
2701 814 2794 867 τοῦ
2825 813 3057 886 Ἰσραὴλ,
3090 818 3117 867 ὁ
3158 815 3391 885 Ἐφραῖμ
3434 810 3500 884 ἦν
3533 816 3565 883 ἡ
3595 815 3749 883 ἰσχύς
3770 832 3782 844 ·
3808 817 3869 880 ἐξ
3899 817 3972 868 αὖ·

2428 903 2521 958 τοῦ
2547 906 2652 974 γὰρ
2676 901 2744 974 ἦν
2769 906 2801 974 ἡ
2826 903 3066 973 βασιλεία
3093 903 3185 957 τοῦ
3233 905 3460 976 Ἰσραήλ.
3481 906 3660 958 Μωὰϐ
3676 906 3857 974 λέϐης
3883 906 3977 974 τῆς

2427 996 2671 1061 ἐλπίδος
2708 1014 2847 1065 μου.
2883 997 3200 1066 Λέϐης.μὲν
3236 997 3296 1049 τὸ
3345 998 3563 1066 δοχεῖον.
3609 999 3770 1065 Λέγει
3806 1000 3886 1062 δὲ,
3914 1000 3979 1062 ὡς

2427 1089 2519 1140 καὶ
2548 1089 2597 1140 οἱ
2627 1088 2942 1151 Μωαϐῖται,
3001 1088 3242 1140 τουτέστι
3290 1088 3350 1140 τὸ
3390 1088 3578 1158 πρώην
3632 1090 3794 1142 ἄθεον
3840 1091 3979 1154 ἔθνος

2428 1179 2737 1248 ὑποδέχεται
2758 1180 2854 1250 τὴν
2881 1181 2960 1242 εἰς
2991 1179 3087 1249 ἐμὲ
3114 1179 3318 1232 ἐλπίδα.
3359 1180 3480 1231 Ἐπὶ
3507 1180 3619 1247 τὴν
3665 1180 3983 1249 Ἰδουμαία-ν

2423 1268 2642 1322 ἐκτενῶ
2683 1270 2745 1322 τὸ
2799 1268 3081 1338 ὑπόδημιὶ
3124 1287 3260 1338 μου.
3305 1270 3412 1322 Καὶ
3462 1271 3518 1322 ἐν
3572 1273 3638 1340 τῇ
3684 1272 3980 1342 Ἰδουμαία,

2427 1362 2622 1432 φησὶν,
2659 1362 3108 1432 ὲμπεριπατήσω.
3154 1361 3420 1432 Ἰδουμαία
3451 1361 3507 1413 δὲ
3550 1361 3709 1414 πάλιν
3757 1363 3981 1431 ἀλλοφύ-

2424 1450 2529 1504 λων
2559 1447 2624 1522 ἦν
2657 1451 2824 1515 ἔθνος.
2862 1452 3120 1522 Δηλοῦται
3155 1453 3209 1505 δὲ
3249 1452 3334 1505 διὰ
3378 1452 3577 1506 τούτων
3601 1455 3754 1523 ἡμῖν,
3785 1457 3861 1518 ὡς
3893 1457 3983 1526 τὴν

2421 1545 2502 1606 εἰς
2532 1544 2691 1598 αὑτὸν
2726 1546 2908 1597 πίστιν
2941 1545 3035 1598 καὶ
3065 1544 3132 1597 τὰ
3178 1545 3300 1614 ἔθνη
3337 1546 3745 1616 παραδέξονται·
3776 1547 3855 1600 διό
3888 1566 3982 1616 φη-

2425 1652 2528 1687 σιν·
2572 1635 2734 1704 Ἐμοὶ
2760 1637 3097 1704 ἀλλόφυλοι
3127 1636 3529 1706 ὑπετάγησαν.

2498 1727 2590 1791 Τίς
2630 1726 2847 1789 ἀπάξει
2875 1743 2948 1794 με
2982 1729 3068 1790 εὶς
3113 1729 3293 1780 πόλιν
3341 1727 3661 1795 περιοχῆς;
3724 1728 3982 1791 Ἀκούσας

777 1809 909 1863 Cum
940 1824 1033 1878 per
1057 1808 1312 1878 Spiritum
1337 1807 1575 1861 audisset
1599 1805 1850 1875 propheta
1877 1815 2058 1875 gentes
2087 1805 2309 1874 gratiam

2424 1817 2506 1870 διὰ
2539 1817 2628 1869 τοῦ
2663 1818 2977 1887 Πνεύματος
3015 1820 3042 1869 ὁ
3069 1820 3369 1888 προφήτης,
3412 1819 3486 1881 ὡς
3513 1818 3581 1870 τὰ
3615 1818 3742 1889 ἔθνη
3769 1819 3977 1889 δέχεται

776 1916 895 1955 esse
927 1910 1266 1968 accepturas,
1301 1899 1374 1952 ait
1404 1917 1416 1952 :
1451 1898 1578 1962 Quis
1613 1898 1824 1951 deducet
1857 1913 1935 1950 me
1965 1899 2016 1951 in
2055 1900 2314 1952 civitatem

774 1994 1075 2046 munitam?
1117 1991 1396 2045 Civitatem
1446 1999 1622 2043 autem
1660 1989 1916 2043 munitam
1950 1999 2103 2042 vocat
2130 1988 2313 2042 Eccle-

775 2086 931 2148 siam,
949 2099 1069 2152 quae
1093 2082 1184 2136 Dei
1215 2082 1408 2135 virtute
1435 2079 1834 2134 circumvallata
1860 2089 1960 2133 est.
1995 2077 2115 2132 Haec
2137 2089 2314 2132 autem

777 2178 1035 2245 propheta
1060 2174 1134 2227 ait
1158 2173 1311 2241 quasi
1334 2187 1396 2226 ex
1422 2185 1649 2239 persona
1676 2170 1981 2238 pmnitentis
2008 2169 2314 2225 Judaeorum

776 2264 976 2333 populi,
1013 2273 1066 2315 et
1094 2262 1327 2331 optantis
1359 2261 1599 2329 accipere
1625 2261 1780 2315 tidem
1807 2261 1858 2314 in
1884 2261 2179 2318 Christum.
2213 2263 2315 2315 Aut

780 2357 894 2424 quis
927 2354 1138 2406 deducet
1173 2369 1250 2405 me
1281 2368 1438 2421 usque
1484 2355 1538 2403 in
1575 2350 1901 2404 Idumwam?
1928 2349 2170 2404 Declarat
2201 2364 2318 2418 qua:

777 2446 848 2500 sit
884 2445 1070 2499 trivitas
1101 2444 1326 2496 munita.
1370 2441 1499 2506 Qua:
1542 2441 1701 2510 igitur
1743 2448 1859 2504 est,
1894 2440 1996 2492 nisi
2047 2438 2320 2492 Idumaea?

777 2536 878 2590 Per
906 2535 1189 2589 ldumscam
1231 2532 1372 2585 enim
1403 2530 1668 2599 signiﬁcat
1692 2544 1878 2583 omnes
1911 2537 2091 2597 gentes
2117 2544 2235 2598 quae
2259 2529 2320 2581 li-

777 2627 895 2680 dem
927 2631 1264 2693 acceperunl.
1300 2621 1482 2675 Nonne
1516 2633 1592 2688 tu,
1627 2621 1786 2684 Deus,
1814 2622 1902 2689 qui
1933 2619 2162 2688 repulisti
2189 2622 2319 2674 nos?

776 2716 909 2786 Quis
937 2718 1090 2780 alius,
1128 2716 1202 2769 ait
1223 2754 1239 2780 ,
1287 2729 1385 2769 nos
1415 2713 1467 2766 iu
1494 2713 1761 2766 civitatem
1797 2712 2056 2764 munitam
2088 2711 2318 2774 duxerit,

778 2810 881 2863 nisi
912 2816 968 2860 tu
1006 2807 1116 2875 ipse
1150 2805 1263 2874 qui,
1303 2813 1519 2872 propter
1549 2801 1856 2869 iniquitates
1891 2806 2134 2865 nostras,
2161 2814 2258 2851 nus
2291 2814 2318 2852 a

777 2908 866 2952 tua
901 2895 1262 2951 familiaritate
1292 2891 1568 2961 repulisti?

852 3070 933 3124 15.
975 3069 1054 3122 Da
1093 3069 1238 3121 nobis
1285 3065 1539 3119 auxilium
1566 3065 1628 3118 de
1661 3063 2011 3129 tribulatione,
2037 3064 2160 3132 quia
2193 3077 2323 3114 vana

779 3162 921 3216 salus
947 3161 1189 3213 hominis.
1234 3156 1348 3211 Non
1379 3172 1472 3226 per
1505 3156 1820 3220 humanam,
1847 3154 2040 3222 inquit,
2078 3153 2199 3207 belli
2230 3167 2320 3206 so-

779 3254 1048 3315 eietatem,
1079 3251 1146 3303 ab
1169 3247 1542 3317 ingruentibus
1580 3245 1734 3299 nobis
1765 3244 2160 3299 calamitatibus
2188 3245 2322 3313 eripi

781 3357 1058 3413 speramus
1081 3379 1095 3403 ,
1129 3339 1221 3394 sed
1255 3355 1346 3409 per
1380 3347 1526 3392 tuum
1563 3338 1732 3392 solum
1767 3338 2047 3392 auxilium.
2087 3335 2154 3390 Et
2190 3353 2323 3390 vana

781 3435 924 3489 salus
943 3435 1181 3488 hominis.
1206 3432 1304 3499 Qui
1329 3441 1507 3502 sperat
1532 3432 1583 3485 in
1615 3431 1839 3486 salutem
1873 3429 2107 3484 hominis
2129 3439 2322 3482 vanam

781 3528 882 3581 sibi
912 3541 1060 3595 spem
1095 3525 1364 3594 proponit.
1395 3524 1648 3593 Apertius
1678 3522 2036 3592 Symmachus
2069 3522 2328 3591 interpre-

779 3625 924 3672 tatus
947 3626 1051 3678 est,
1087 3615 1346 3685 adjiciens
1377 3614 1694 3683 particulam
1724 3614 2119 3683 conjunctivam
2153 3629 2216 3668 ac
2243 3615 2326 3668 di-

779 3724 906 3763 cens
945 3724 956 3759 :
999 3707 1080 3761 Da
1120 3708 1267 3760 nobis
1305 3706 1562 3759 auxilium
1608 3707 1672 3759 de
1723 3707 2075 3761 tribulatione.
2117 3706 2323 3761 Etenim

781 3813 913 3852 vana
943 3797 1085 3848 salus
1117 3796 1360 3848 hominis.

850 3974 936 4030 14.
976 3973 1041 4027 In
1071 3972 1178 4028 Deo
1211 3973 1460 4042 faciemus
1494 3975 1756 4026 virtutem.
1799 3972 2093 4039 Auxiliare,
2129 3972 2322 4042 inquit,

781 4065 848 4120 iis
875 4066 966 4134 qui
999 4079 1056 4118 se
1086 4064 1224 4117 male
1252 4063 1468 4116 habent.
1503 4062 1582 4115 Tu
1613 4077 1846 4132 namque
1876 4063 2023 4116 solus
2052 4073 2203 4133 potes
2236 4079 2324 4118 ca-

781 4154 1108 4209 lamitatibus
1138 4153 1385 4208 liberare.
1423 4151 1708 4207 llominum
1743 4153 1884 4208 enim
1918 4155 2115 4207 auxilia
2143 4162 2194 4209 te
2218 4169 2322 4208 non

782 4257 1048 4302 annuente
1079 4262 1213 4300 vana
1246 4254 1389 4299 sunt.
1435 4244 1563 4314 Ejus
1595 4245 1771 4314 itaque
1821 4245 2207 4314 providentiam
2238 4246 2322 4299 in-

780 4339 1114 4400 vocabimus,
1144 4345 1197 4390 et
1221 4338 1274 4389 in
1299 4337 1418 4404 ejus
1445 4337 1638 4390 virtute
1667 4336 2016 4392 conﬁdemus.
2037 4335 2159 4391 llaec
2180 4337 2321 4391 enim

2422 1906 2516 1976 τὴν
2546 1907 2724 1976 χάριν,
2757 1909 2906 1975 φησί·
2946 1909 3038 1972 Τίς
3070 1925 3147 1975 με
3186 1907 3397 1971 ἀπάξει
3423 1911 3508 1973 εις
3539 1912 3719 1962 πόλιν
3748 1909 3861 1976 τῆς
3894 1925 3982 1963 πε-

2413 1998 2660 2068 ριοχῆςξ
2701 1999 2862 2051 Πόλιν
2905 1999 2960 2052 δὲ
3000 1999 3254 2070 περιοχῆς
3303 1999 3397 2069 τὴν
3453 1999 3777 2070 Ἐκκλησίαν
3821 2003 3978 2070 φησὶ,

2419 2090 2515 2160 τὴν
2566 2090 3080 2162 περιπεφραγμὲνην
3109 2093 3174 2160 τῇ
3209 2089 3300 2142 τοῦ
3341 2089 3473 2142 Θεοῦ
3520 2091 3764 2160 δυνάμει.
3802 2091 3979 2144 Ταῦτα

2419 2179 2474 2231 δὲ
2505 2182 2532 2232 ὁ
2578 2181 2858 2249 προφήτης
2895 2183 2967 2240 ὡς
3019 2181 3082 2231 ὲκ
3130 2179 3416 2248 προσώπου
3458 2179 3548 2232 τοῦ
3601 2181 3981 2250 μετανωῦντος

2421 2265 2550 2319 λαοῦ
2601 2266 2709 2320 τῶν
2750 2267 3008 2320 Ἰουδαίων
3052 2269 3202 2337 φησι,
3252 2269 3341 2319 καὶ
3381 2268 3699 2335 ἀγαπῶντος
3731 2270 3980 2333 δέξασθαι

2420 2358 2519 2429 τὴν
2545 2358 2720 2410 πίστιν
2745 2359 2842 2427 τὴν
2868 2359 2945 2419 εἰς
2975 2358 3222 2428 Χριστόν.
3258 2360 3322 2410 Ἢ
3347 2359 3434 2422 τίς
3463 2358 3746 2425 ὁδηγήσει
3770 2377 3847 2429 με
3877 2362 3983 2427 ἕως

2423 2446 2532 2512 ’τῆς
2571 2447 2925 2515 Ἰδουμαίας
2961 2448 3118 2517 Δηλοί
3139 2449 3222 2510 τίς
3255 2450 3398 2500 ἐστιν
3427 2451 3458 2517 ἡ
3490 2448 3639 2512 πόλις
3667 2452 3767 2518 τῆς
3794 2469 3979 2522 mpm-

2423 2537 2544 2608 xﬁs-
2601 2539 2696 2601 Τίς
2750 2534 2841 2592 οὖν
2892 2541 3038 2591 ἐστιν
3086 2540 3117 2609 ἢ
3165 2542 3197 2609 ἡ
3259 2540 3558 2610 ἰ’δουμαία;
3612 2542 3742 2593 Ἀπὸ
3784 2542 3838 2594 δὲ
3888 2544 3980 2612 τῆς

2437 2629 2729 2699 Ἰδουμαίας
2771 2630 2943 2683 πάντα
2992 2629 3058 2683 τὰ
3105 2629 3230 2700 ἔθνη
3283 2631 3528 2699 σημαίνει
3581 2631 3647 2683 τὰ
3695 2633 3793 2701 τὴν
3826 2635 3982 2701 χάριν

2426 2719 2809 2789 ὑποδεξάμενα.
2866 2721 3010 2790 Οὐχὶ
3080 2720 3160 2773 σὺ
3214 2723 3245 2774 ὁ
3305 2721 3447 2786 Θεὸς
3508 2724 3540 2774 ὁ
3590 2722 3981 2791 ἀπωσάμενος

2424 2809 2614 2877 apag,-
2642 2811 2735 2874 Τίς
2767 2811 2941 2874 ἄλλος,
2971 2812 3151 2880 φησὶν,
3181 2813 3325 2882 ἡμᾶς
3367 2814 3445 2876 εἰς
3470 2812 3568 2883 τὴν
3599 2814 3751 2866 πόλιν
3785 2815 3982 2881 ἀγάγοι

2423 2901 2519 2972 τῆς
2569 2903 2885 2974 περιοχῆςῆ
2932 2903 2993 2954 σὺ
3044 2903 3223 2971 αὐτὸς,
3258 2907 3285 2957 ὁ
3337 2907 3426 2957 καὶ
3473 2906 3558 2959 διὰ
3605 2907 3700 2970 τὰς
3754 2908 3979 2977 ἀνομίας

2424 2994 2580 3063 ἡμῶν
2609 2997 2704 3064 τῆς
2737 2995 2834 3064 σῆς
2860 2993 3178 3057 οἱκειὼσεως
3203 2996 3478 3058 ἐκϐαὶ.ὠν;

2496 3084 2600 3150 Δὸς
2640 3085 2781 3153 ἡμῖν
2818 3086 3106 3153 ,ϐοήθειαν
3157 3087 3224 3139 ἐκ
3282 3088 3572 3154 θλίψεων,
3618 3088 3712 3140 καὶ
3760 3092 3982 3158 ματαία

2425 3175 2682 3242 σωτηρία
2710 3175 3035 3243 ἀνθρώπου.
3062 3176 3135 3230 Ού
3167 3177 3252 3229 διὰ
3277 3177 3633 3247 ἀνθρωπίνης,
3658 3181 3979 3251 φησὶ,’συμ-

2429 3267 2626 3334 μαχίας
2659 3267 2763 3318 τίον
2810 3266 3243 3336 ἑπελευσομένων
3273 3271 3398 3338 ἡμῖν
3430 3269 3657 3338 (θλίψεων
3689 3272 3980 3343 ἐλπίζομεν

2427 3353 2978 3426 ὲλευΟερωΟήσεσΟαι,
3013 3357 3125 3409 ἀλλ’
3164 3359 3195 3428 ἢ
3249 3358 3335 3411 διὰ
3378 3362 3475 3429 τῆς
3513 3360 3610 3429 σῆς
3649 3361 3816 3430 μόνης
3863 3366 3979 3416 ἐπι-

2427 3443 2665 3513 κουρίας.
2701 3444 2808 3497 Καὶ
2831 3446 3046 3514 ματαία
3076 3447 3335 3512 σωτηρία
3363 3447 3690 3515 ἀνθρώπου.
3727 3452 3843 3516 Πᾶς
3873 3454 3980 3521 γὰρ

2425 3532 2453 3583 δ
2478 3532 2706 3597 ἐλπίζων
2740 3535 2829 3586 ἐπὶ
2871 3536 3140 3606 σωτηρίαν
3182 3537 3460 3609 ἀνθρώπου
3511 3542 3589 3603 είς
3618 3544 3853 3611 ματαίαν
3895 3545 3980 3597 ἑλ-

2425 3625 2552 3679 πίδα
2591 3625 2800 3695 ἤλπισε.
2847 3627 3178 3698 Σαερέστερον
3223 3631 3250 3682 ὁ
3293 3629 3583 3700 Σύμμαχος
3628 3635 3976 3704 ἡρμήνευσε,

2425 3716 2674 3787 προσθεὶς
2705 3716 2794 3768 τὸν
2842 3716 3128 3787 σύνδεσμον
3161 3719 3252 3770 καὶ
3295 3719 3480 3771 εἰπών’
3508 3720 3616 3787 Δὸς
3656 3723 3801 3788 ἡμῖν
3827 3725 3972 3791 βοή.

2425 3808 2585 3859 θείαν
2611 3808 2679 3859 ἐκ
2726 3808 3014 3875 θλίψεως
3043 3808 3139 3862 καὶ
3173 3809 3281 3879 γὰρ
3318 3813 3534 3879 ματαιά
3574 3817 3834 3882 σωτηρία
3874 3819 3973 3872 dr-

2425 3898 2673 3966 θρώπου.

2524 3991 2622 4044 Ἐν
2659 3990 2738 4056 τῷ
2787 3992 2906 4056 Θεῷ
2953 3992 3278 4062 ποιήσομεν
3325 3995 3594 4066 δύιντιμιν.
3649 4001 3974 4072 Ἐπάμυνον,

2423 4082 2575 4151 φησὶ,
2618 4083 2970 4153 διακειμένοις
3004 4086 3201 4149 κακῶς.
3237 4088 3325 4141 Σοὶ
3369 4090 3512 4160 μόνῳ
3542 4090 3761 4145 δυνατὸν
3792 4094 3974 4147 διαλῦ-

2424 4187 2512 4224 σαι
2543 4171 2641 4235 τὰς
2672 4177 2970 4246 συμφοράς.
2998 4177 3066 4229 Αἵ
3094 4195 3150 4230 τε
3177 4177 3284 4232 τῶν
3315 4179 3615 4250 ἀνθρώπων
3644 4184 3972 4254 ἐπικουρίαι,

2425 4261 2516 4313 σοῦ
2551 4263 2623 4333 μὴ
2657 4263 2918 4329 νεύοντος,
2952 4265 3191 4336 μάταιαι.
3233 4269 3341 4339 Τὴν
3379 4271 3554 4325 τοίνυν
3584 4272 3746 4326 αὐτος
3785 4276 3974 4328 ἐπικα-

2423 4347 2685 4419 λεσόμεθα
2713 4352 2984 4423 πρόνοιαν,
3019 4353 3112 4406 καὶ¹
3144 4357 3206 4425 τῇ
3253 4356 3413 4409 αὑτοῦ
3444 4358 3666 4428 δυνάμει
3703 4360 3973 4433 Θαῤῥήσοο

782 4430 892 4485 sola
915 4428 1106 4484 sullicit
1130 4427 1194 4481 ad
1222 4426 1403 4497 gravia
1432 4442 1656 4497 qumque
1681 4427 1955 4492 solvenda,
1975 4437 2027 4482 et
2048 4427 2114 4484 ad
2145 4428 2324 4482 inimi-

2428 4456 2543 4510 μεν.
2570 4440 2712 4511 Αὖτη
2738 4442 2843 4512 γὰρ
2878 4445 3033 4513 ἀρκεῖ
3061 4445 3192 4515 μόνη
3219 4445 3373 4501 λῦσαι
3403 4447 3469 4500 τὰ
3498 4426 3722 4518 χαλεπὰ,
3750 4426 3842 4504 udi.
3868 4426 3976 4507 τῶν

780 4536 966 4575 eorum
997 4535 1097 4574 nos
1125 4519 1557 4588 impugnantium
1586 4519 1875 4586 potentiam
1898 4520 2323 4588 opprimendam.

781 4610 981 4665 Mutuis
1013 4625 1107 4664 ceu
1141 4611 1365 4666 vocibus
1395 4612 1792 4681 colloquuntur,
1848 4610 2138 4681 dicuntque
2176 4627 2234 4666 se
2271 4612 2325 4667 in

779 4701 897 4756 solo
928 4699 1036 4753 Deo
1058 4715 1203 4770 spem
1241 4701 1562 4769 reposuisse.
1595 4699 1954 4766 Quamobrem
1983 4701 2055 4754 ait
2085 4716 2100 4754 :
2135 4701 2268 4755 Cum
2295 4717 2325 4755 a

781 4793 898 4846 solo
913 4791 1021 4846 Deo
1043 4793 1150 4845 vim
1172 4792 1408 4846 futuram
1432 4794 1584 4848 nobis
1610 4794 2023 4863 speraverimus,
2047 4802 2175 4850 tunc
2194 4794 2324 4848 nihil

781 4897 900 4937 esse
932 4883 1176 4937 inimicos
1203 4892 1416 4939 nostros
1447 4887 1794 4954 reperiemus.

854 4972 903 5025 1.
945 4971 1010 5025 In
1040 4973 1193 5041 ﬁnem
1229 4975 1283 5026 in
1311 4975 1512 5043 hymnis
1542 4974 1730 5028 David.
1764 4974 2096 5032 PSALMUS
2135 4976 2253 5030 LX.

1355 5064 1746 5132 Argumentum.

783 5151 994 5209 Gratias
1039 5151 1146 5208 Deo
1172 5153 1333 5207 refert
1357 5169 1477 5208 cum
1505 5170 1601 5222 pro
1636 5155 1833 5223 seipso,
1866 5164 1976 5210 tum
2007 5171 2103 5226 pro
2129 5158 2323 5227 populo

847 5241 1076 5297 salutem
1108 5260 1200 5312 per
1233 5245 1459 5313 gratiam
1491 5248 1697 5314 adepto.
1731 5246 2018 5302 l’ollicetur
2049 5259 2227 5302 autem
2267 5266 2324 5304 se

853 5351 973 5388 eum
1011 5336 1063 5389 in
1102 5337 1317 5391 aeternis
1351 5336 1554 5406 degerit
1587 5339 1958 5393 mansionibus
1996 5339 2324 5395 incessanter

851 5425 1035 5478 laudes
1067 5428 1411 5482 emissurum.

849 5513 904 5580 2,
939 5515 989 5568 5.
1028 5513 1259 5575 Exaudi,
1298 5515 1430 5568 Deus
1454 5558 1468 5581 ,
1498 5517 1904 5583 deprecationem
1945 5536 2129 5574 meam.
2173 5519 2320 5585 Quo-

784 5604 925 5657 niam
971 5606 1260 5674 potentiam
1313 5622 1376 5660 ac
1424 5609 1755 5676 tyrannidem
1803 5611 2101 5664 daemonum
2152 5611 2323 5680 respi-

783 5695 952 5762 ciens,
986 5696 1250 5751 anxietate
1283 5699 1469 5766 plcnus
1500 5716 1652 5766 sum;
1703 5701 1819 5756 ideo
1853 5703 2108 5768 obsecro,
2158 5713 2214 5758 ut
2255 5704 2318 5758 ad

2427 4532 2798 4604 πολεμούντων
2838 4536 2967 4606 ἡμῖν
3001 4535 3297 4590 καταλῦσαι
3327 4537 3423 4609 τὴν
3466 4539 3800 4597 δυναστείαν.
3855 4543 3973 4595 Ἀλ-

2423 4620 2600 4690 λήλοις
2632 4622 2817 4694 ὥσπερ
2850 4624 3205 4692 ὲπιφωνοῦσιν
3235 4626 3324 4678 ἐπὶ
3352 4626 3429 4697 τῷ
3459 4627 3576 4696 Θεῷ
3616 4629 3764 4699 μόνῳ
3791 4629 3973 4686 λοιπὸν

2423 4711 2518 4774 τὰς
2551 4712 2768 4776 ἐλπίδας
2810 4713 2950 4783 ἔχειν
2989 4716 3086 4784 τῆς
3128 4716 3414 4786 σωτηρίας.
3459 4717 3548 4768 Διό
3592 4734 3772 4787 φησιν·
3806 4721 3936 4775 ’Ὀτα
3963 4742 3974 4759 ·

2423 4803 2514 4853 ἐπὶ
2546 4802 2620 4872 τῷ
2649 4802 2765 4872 Θεῷ
2802 4803 3159 4874 δυναμοῦσθαι
3188 4805 3511 4877 ἐλπίσωμεν,
3542 4809 3661 4860 τότε
3697 4811 3788 4863 καὶ
3822 4812 3972 4866 οὐδὲν

2421 4892 2575 4956 ὄντας
2603 4894 2726 4956 τοὺς
2749 4894 2970 4965 ἐχθροὺς
3005 4895 3158 4964 ἡμῶν
3190 4897 3506 4967 εὑρήσομεν.

2458 4987 2560 5052 Είς
2583 4985 2646 5040 τὸ
2675 4987 2844 5052 τέλος
2874 4987 2943 5040 ἐν
2973 4987 3179 5056 ὕμνοις
3202 4987 3281 5053 τῷ
3306 4990 3503 5044 Δαυΐὸ.
3535 4993 3837 5048 ΨΑΛΜΟΣ
3859 4995 3940 5048 ε’.

3019 5079 3334 5147 ’Υπόθεσις.

2423 5167 2772 5236 Εὖχαριστίαν
2805 5168 3058 5239 ἀναφέρει
3098 5169 3214 5239 Θεῷ
3255 5171 3391 5243 ὑπέρ
3422 5188 3481 5224 τε
3513 5173 3702 5226 ἑαυτοῦ
3746 5174 3838 5227 καὶ
3874 5175 3968 5228 τοῦ

2493 5257 2747 5321 σωθέντος
2775 5259 2858 5312 διὰ
2891 5261 2985 5328 τῆς
3017 5261 3246 5325 πίστεως
3279 5263 3426 5318 λαοῦ.
3467 5264 3790 5332 Ἐπαγγέλλε
3835 5263 3882 5319 ιζ
3911 5282 3968 5318 τε

2490 5349 2580 5400 καὶ
2609 5350 2666 5402 ὲν
2694 5351 2810 5412 ταῖς
2839 5351 3071 5415 αἰωνίοις
3108 5353 3339 5421 γεγονὼς
3374 5357 3558 5425 μοναῖς
3584 5357 3969 5426 ἀκαταλήκτως

2490 5438 2825 5510 ἀναπέμπειν
2854 5441 2949 5511 τὴν
2972 5442 3188 5496 αῐνεσιν.

2492 5528 2888 5594 Είσάκουσον,
2931 5535 2962 5585 ό
2990 5533 3152 5600 Θεὸς,
3186 5533 3291 5602 τῆς
3319 5535 3580 5604 ὄεήσεώς
3599 5553 3737 5604 μου.
3756 5536 3968 5605 Ἐπειδὴ

2419 5621 2497 5680 εἰς
2544 5620 2640 5688 τὴν
2682 5620 3123 5677 καταδυναστείαν
3168 5626 3258 5679 καὶ
3290 5626 3367 5688 εἰς
3407 5627 3502 5696 τὴν
3531 5626 3821 5696 τυραννίδα
3863 5627 3969 5680 τῶν

2422 5708 2683 5778 δαιμόνων
2709 5711 2942 5781 ἀφορῶν,
2968 5714 3188 5784 ἀκηδίας
3215 5715 3592 5787 πεπλήρωμαι·
3611 5717 3798 5770 τούτου
3816 5717 3969 5788 χάριν
