4102 6312
100 378 196 439 973

1201 380 1561 437 EXPOSITIO
1596 379 1661 435 IN
1706 380 2035 438 PSALMUM
2083 384 2214 439 LXI.

3217 393 3326 448 274»

104 496 333 561 ἱκετεύω,
363 498 513 562 ὅπως
556 496 837 567 ἐπιφανεὶς
866 495 962 565 τῆς
994 493 1102 547 τῶν
1144 493 1477 565 βιαζομένων
1518 495 1657 565 ἡμᾶς

1767 504 2013 551 nostrum
2057 510 2405 567 conspectuin
2440 501 2659 558 veniens
2686 504 2885 574 eripias
2920 520 3019 561 nos
3058 505 3126 562 de
3157 522 3321 562 manu

101 589 236 661 ἐξέλῃ
281 590 483 661 χειρός.
529 590 593 643 [ὸ
622 590 703 654 δὲ,
744 587 875 643 Ἀπὸ
906 586 1023 641 τῶν
1061 586 1330 654 περάτων
1372 585 1482 654 τῆς
1526 585 1657 655 γῆς,

101 681 336 752 σημαίνει
362 682 504 747 ὑπὲρ
538 684 717 754 πάσης
742 679 899 734 αὑτὸν
930 679 1029 749 τῆς
1056 677 1379 749 οἰκουμένης
1406 677 1660 748 ποιούμε-

99 790 174 825 νον
204 774 301 836 τὰς
329 774 503 837 λιτάς.
535 773 669 827 Ἀπὸ
694 772 811 825 τῶν
840 770 1107 840 περάτων
1139 768 1246 836 τῆς
1272 768 1384 838 τῆς
1413 769 1561 838 πρὸς
1587 768 1661 823 σὲ

94 866 391 934 ἐκέκραξα.
432 866 648 938 Ἐπειδὴ
679 866 786 938 γὰρ
818 865 1029 929 πολλοῖς
1057 866 1313 935 σταθμοῖς
1341 865 1375 935 ἡ
1407 861 1661 917 Βαϐυλὼν

95 958 185 1027 τῆς
219 957 583 1028 Παλαιστίνης
608 956 902 1027 ἀφέστηκε,
931 956 1030 1019 τὰς
1067 954 1321 1025 ἐσχατιὰς
1349 952 1661 1023 ὑπελάμϐα-

96 1068 172 1103 νον
213 1051 315 1121 τῆς
362 1050 689 1120 οἰκουμένης
744 1049 910 1101 οἰκεῖν
960 1048 1018 1131 οξ
1056 1045 1657 1118 ἐξανδραποδισθέντες,

94 1141 344 1211 κάκείνην
400 1140 723 1210 τεταγμένοι
773 1139 873 1210 τὴν
920 1139 1024 1208 γῆν
1075 1139 1262 1192 οἰκεῖν.
1321 1138 1423 1191 Ἐν
1475 1136 1659 1205 πέτρᾳ

93 1233 334 1302 inﬁrmati;
376 1249 474 1301 με.
521 1232 797 1285 Δείκνυσιν
848 1231 1048 1294 εὐθέως
1082 1229 1471 1292 εἰσακουσθεὶς,
1520 1228 1662 1282 κατὰ

94 1326 161 1377 τό·
195 1327 329 1378 Ἔτι
359 1325 478 1378 σοῦ
519 1322 886 1386 λαλοῦντος,
918 1319 1048 1390 ἐρῶ·
1091 1321 1234 1375 Ἰδοὺ
1264 1320 1516 1389 πάρειμι.
1554 1320 1658 1373 Σα-

96 1417 193 1485 φῶς
227 1433 290 1468 τε
321 1415 585 1485 κηρύττει
628 1413 715 1467 διὰ
740 1414 883 1477 τίνος
909 1416 941 1483 ὴ
973 1413 1231 1484 σωτηρία’
1270 1412 1516 1481 ὑψῶσθαι
1551 1413 1659 1482 γάρ

96 1524 240 1578 φησιν
272 1509 336 1560 ὲν
384 1507 582 1578 πέτρᾳ.
626 1507 917 1577 Κρείττους
963 1505 1072 1575 γὰρ
1116 1506 1210 1559 καὶ
1252 1506 1507 1576 ἀνωτέρω
1549 1504 1658 1558 τῶν

94 1600 495 1671 ἐπηρεαζόντων
533 1599 800 1670 δαιμόνων
855 1598 1153 1669 γεγόναμεν
1189 1596 1278 1653 διὰ
1305 1596 1562 1668 Χριστοῦ,
1602 1596 1659 1659 ὃς

94 1690 250 1761 πέτρα
277 1689 436 1761 παρὰ
456 1689 536 1760 τῷ
567 1690 817 1761 μακαρίῳ
838 1689 1034 1762 Παύλῳ
1066 1688 1501 1760 κατωνόμασται.

158 1778 497 1848 Ὠδήγησάς
539 1797 635 1848 με,
666 1778 752 1833 ὅτι
778 1778 1066 1848 ἐγενήθης
1090 1778 1265 1843 ἐλπίς
1284 1795 1423 1847 μου.
1455 1778 1519 1830 Εἰ
1549 1776 1656 1847 γὰρ

1759 602 1948 643 eorum
1977 589 2069 657 qui
2097 589 2204 643 vim
2234 590 2390 645 nobis
2427 591 2685 649 inferunt.
2729 594 2860 650 Illud
2893 606 3093 664 autem,
3126 600 3169 653 Α
3195 600 3321 669 ﬁni-

1762 679 1855 734 bus
1905 690 2059 736 terra:
2084 723 2100 749 ,
2143 683 2413 754 signiﬁcat
2438 700 2563 741 eum
2615 703 2711 757 pro
2743 698 2855 744 toto
2894 690 3024 745 orbe
3056 699 3323 746 terrarum

1761 773 2186 844 supplicationes
2213 776 2427 833 offerre.
2453 780 2496 833 A
2515 780 2708 848 ﬁnibus
2737 791 2892 837 terra:
2914 784 2982 836 ad
3008 793 3058 839 te
3079 784 3321 839 clamavi.

1761 861 2027 929 Quoniam
2073 865 2398 923 stationibus
2443 871 2628 924 multis
2675 870 2909 943 Babylon
2960 887 2989 926 a
3040 871 3323 930 Palaestina

1760 952 1943 1020 distat,
1971 965 2211 1011 extrema
2238 958 2387 1013 orbis
2416 960 2718 1015 inhabitare
2750 977 2807 1017 se
2833 964 3112 1031 putabant,
3147 964 3239 1035 qui
3269 964 3323 1020 in

1760 1044 2123 1113 captivitatem
2162 1047 2378 1103 deducti
2402 1064 2519 1104 eam
2546 1059 2741 1105 terram
2773 1052 3007 1108 incolere
3035 1055 3172 1124 jussi
3213 1054 3327 1110 fue-

1760 1144 1901 1190 rant.
1932 1135 1997 1190 In
2022 1148 2173 1207 petra
2194 1140 2446 1194 exaltasti
2478 1158 2577 1195 me.
2605 1141 2854 1198 Declarat
2880 1159 2938 1201 se
2966 1146 3073 1200 cito
3102 1146 3327 1201 exaudi-

1760 1236 1897 1294 tum,
1912 1230 2065 1297 juxta
2092 1232 2258 1287 illud:
2285 1233 2468 1287 Adhuc
2498 1244 2544 1287 te
2570 1234 2808 1304 loquente
2836 1238 3045 1291 dicant:
3073 1235 3206 1291 Ecce
3228 1239 3324 1290 ad-

1759 1337 1876 1374 sunt
1893 1321 1956 1375 ⁸⁸.
1974 1322 2167 1392 Aperte
2190 1333 2371 1379 autem
2388 1326 2644 1395 praedicat
2662 1342 2757 1396 per
2779 1344 2939 1398 quem
2966 1329 3116 1383 salus
3142 1328 3325 1383 futura

1759 1412 1851 1476 sit,
1882 1414 2175 1469 exaltatum
2201 1415 2345 1469 enim
2374 1431 2432 1470 se
2463 1416 2513 1470 in
2550 1426 2699 1486 petra
2720 1418 2893 1473 fuisse
2918 1420 3015 1474 ait.
3050 1418 3325 1475 Fortiores

1758 1519 1992 1575 namque
2033 1520 2097 1559 ac
2141 1507 2453 1576 superiores
2499 1510 2639 1563 mala
2672 1508 3026 1565 inferentibus
3059 1509 3323 1565 daemoni—

1757 1598 1861 1653 bus
1886 1613 1982 1668 per
2009 1598 2283 1654 Christum
2327 1600 2503 1657 effecti
2536 1616 2749 1668 sumus,
2778 1603 2872 1672 qui
2905 1618 2935 1657 a
2964 1604 3122 1659 beato
3153 1601 3322 1658 Paulo

1757 1698 1907 1759 petra
1940 1690 2239 1760 appellatus
2262 1700 2363 1747 est.

1829 1782 1882 1836 4.
1909 1782 2185 1838 Deduaristi
2220 1800 2299 1837 me
2324 1785 2447 1853 quia
2480 1784 2651 1853 factus
2682 1801 2736 1839 es
2775 1801 2887 1854 spes
2921 1801 3055 1839 mea.
3096 1785 3153 1839 Si
3179 1784 3323 1841 enim

93 1872 235 1935 αὐτός
266 1846 421 1926 ἐστιν
454 1874 486 1943 ή
516 1846 651 1937 ὁδὸς,
683 1872 777 1925 καὶ
809 1846 969 1935 αὑτός
1016 1846 1161 1925 ἐστιν
1204 1871 1239 1941 ὴ
1273 1846 1440 1941 θύρα,
1468 1846 1649 1939 δῆλον,

1759 1875 1873 1943 ipse
1903 1874 1987 1928 via
2018 1884 2136 1938 est,
2166 1885 2218 1929 et
2250 1876 2363 1945 ipse
2397 1884 2550 1945 porta
2573 1916 2586 1940 ,
2619 1877 2794 1944 palam
2836 1886 2918 1932 est
2946 1892 3071 1932 eum
3106 1891 3204 1931 nos
3228 1876 3325 1931 bo-

91 1963 161 2013 ὃτι
184 1963 281 2032 τὴν
314 1962 531 2033 ἀγαθὴν
558 1964 702 2032 ἡμᾶς
724 1962 964 2033 βαδίζειν
991 1962 1191 2029 διδάξει
1221 1962 1427 2031 τρίὸον,
1456 1963 1535 2026 είς
1565 1961 1654 2015 αὑ-

91 2053 170 2106 τὸν
213 2052 463 2116 ἐλπίζειν
508 2054 951 2125 παρασκευάσας.
998 2055 1229 2122 Πύργος
1273 2054 1485 2122 ἰσχύος
1535 2052 1653 2107 ἀπὸ

90 2145 411 2212 προσώπου
444 2146 679 2215 ἐχθροῦ.
717 2146 941 2215 Ὅμοιον
972 2145 1046 2209 ὡς
1071 2147 1119 2198 εί
1147 2144 1314 2215 λέγον
1344 2146 1533 2216 Τεῖχος
1560 2147 1655 2197 καὶ

90 2237 350 2306 ἀσφάλεια
381 2237 609 2305 γέγονας
632 2236 713 2300 είς
738 2236 799 2291 τὸ
827 2237 988 2307 μηδὲν
1018 2236 1205 2291 παθεῖν
1244 2236 1656 2308 ἐπηρεαζόντων

88 2331 185 2382 τῶν
212 2330 450 2402 ἐχθρῶν.

151 2419 511 2489 Παροικήσω
536 2421 606 2471 ἐν
633 2419 714 2483 τῷ
734 2418 1079 2487 σκηνώματί
1105 2432 1220 2469 σου
1249 2418 1336 2480 εὶς
1361 2414 1499 2481 τοὺς
1524 2413 1656 2467 αἰῶ-

88 2526 206 2575 νας.
252 2511 378 2579 Ἀφ’
410 2504 486 2563 ὧν
537 2510 638 2580 ἤδη
685 2510 902 2581 εἴληφεν
946 2509 1195 2577 ἀγαθῶν,
1240 2509 1333 2562 καὶ
1378 2508 1504 2579 περὶ
1550 2507 1654 2560 τῶν

90 2601 388 2671 μελλόντων
420 2600 646 2665 ἐλπίζω
675 2603 757 2654 ὅτι
788 2601 871 2672 δὴ,
904 2602 982 2666 εἰς
1013 2601 1109 2665 τὰς
1132 2600 1244 2654 ἄνω
1270 2601 1471 2671 σκηνὰς
1501 2616 1657 2667 γεγο-

88 2690 201 2756 w‘og,
228 2694 339 2746 ὑπὸ
372 2693 473 2763 τὴν
502 2692 662 2747 αὑτοῦ
691 2693 980 2758 διαπαντὸς
1029 2694 1322 2763 γενήσεται
1352 2693 1583 2762 σκέπην.

150 2784 427 2851 Ἔδωκας
453 2785 856 2855 κληρονομίαν
876 2785 1000 2851 τοῖς
1025 2783 1415 2853 φοϐουμένοις
1440 2783 1504 2835 τὸ
1529 2782 1658 2835 ὄνο-

80 2874 156 2943 μά
198 2891 345 2930 σου.
394 2874 505 2926 Καὶ
551 2874 631 2937 τίς
681 2877 715 2944 ἡ
751 2874 1146 2945 κληρονομίαῆ
1192 2875 1226 2944 ή
1280 2874 1522 2944 βασιλεία
1550 2872 1657 2926 τῶν

82 2968 359 3037 οὐρανῶν;
413 2967 587 3021 Δεῦτε
628 2967 757 3038 γὰρ,
811 2968 998 3038 φησὶν,
1040 2969 1094 3021 oi
1136 2967 1523 3037 εὐλογημένοι
1552 2967 1657 3020 τοῦ

80 3062 305 3129 Πατρός
335 3078 491 3129 μου,
521 3058 1014 3129 κληρονομήσατε
1059 3060 1171 3128 τὴν
1214 3061 1659 3129 ἡτοιμασμένην

80 3152 214 3220 ὑμῖν
252 3152 593 3217 βασιλείαν
632 3151 750 3205 ἀπὸ
784 3150 1120 3219 καταϐολῆς
1170 3153 1419 3219 κόσμου,
1466 3151 1559 3202 καὶ
1591 3151 1657 3203 τὰ

79 3243 218 3314 ἑξῆς·
251 3243 407 3297 ὥστε
435 3242 791 3314 κληρονομεῖν
821 3244 921 3313 τὴν
957 3241 1351 3312 βασιλείαν.τοῦ
1380 3242 1536 3308 Θεοῦ,
1566 3244 1658 3296 καὶ

72 3334 328 3405 λέγεσθαι
365 3336 462 3388 ἐπὶ
492 3335 590 3404 τῆς
617 3335 719 3405 γῆς
750 3332 1125 3404 Χριστιανούς.

150 3428 421 3497 Ἡμέρας
447 3428 539 3495 ἐφ’
565 3425 788 3494 ἡμέρας
812 3424 918 3478 τοῦ
942 3425 1245 3492 βασιλέως
1273 3425 1655 3495 προσθήσεις.

74 3516 143 3584 Er,
154 3515 349 3585 μαίνει
382 3516 414 3567 ὁ
444 3515 621 3581 λόγος,
663 3514 737 3577 ὡς
768 3515 859 3568 καὶ
886 3514 1042 3569 τοῦτο
1090 3516 1253 3587 μέρος
1279 3517 1381 3587 τῆς
1404 3518 1659 3589 κληρονο-

77 3605 198 3673 μίας
225 3608 414 3672 ἐστὶν,
446 3609 480 3676 ἡ
508 3605 621 3676 ζωὴ
654 3606 687 3677 ἡ
713 3604 945 3671 αἰώνιος.
977 3604 1147 3660 Τοῦτο
1169 3607 1276 3678 γάρ
1305 3608 1420 3659 ἐστι
1444 3606 1505 3660 τὸ
1529 3607 1660 3677 ἡμέ-

74 3716 162 3768 ρας
208 3698 452 3771 ἡμερῶν
501 3702 612 3763 τοῖς
658 3698 798 3752 ἔτεσι
848 3698 943 3751 τοῦ
1008 3698 1270 3768 βασιλέως
1325 3697 1656 3769 προσθεῖναι.

64 3792 335 3861 Σημαίνει
384 3793 498 3861 γὰρ
546 3792 635 3843 διὰ
690 3791 797 3843 τῶν
845 3790 1063 3861 ἡμερῶν
1109 3791 1328 3861 χρόνους
1370 3790 1521 3854 τινὰς
1568 3792 1660 3844 καὶ

65 3884 292 3948 αἰῶνας.
326 3882 614 3952 Διαμενεῐ
641 3883 728 3949 εἰς
748 3882 854 3935 τὸν
874 3879 1058 3935 αἰῶνα
1080 3881 1335 3937 ἐνώπιον
1362 3882 1467 3936 τοῦ
1489 3882 1655 3937 Θεοῦ*

64 3971 236 4038 ἕλεος
293 3971 411 4025 καὶ
458 3968 749 4037 ἀλήθειαν
797 3970 984 4026 αὐτοῦ
1032 3971 1121 4037 τις
1169 3970 1514 4039 ἐκζητήσει;
1572 3968 1659 4035 Ἐξ

1757 1981 1881 2019 nam
1909 1966 2157 2022 incedere
2187 1967 2328 2021 viam
2353 1967 2698 2031 edocturum,
2723 1977 2882 2038 atque
2914 1978 3230 2022 curaturum
3266 1978 3325 2021 ut

1756 2061 1811 2114 in
1834 2075 1957 2115 eum
1986 2076 2285 2130 speremus.
2307 2059 2489 2113 Turris
2518 2059 2850 2129 fortitudinis
2873 2076 2904 2111 a
2930 2058 3064 2129 facie
3093 2059 3322 2113 inimici.

1757 2150 1925 2216 Quasi
1952 2153 2191 2207 diceret:
2231 2152 2422 2208 Turris
2463 2153 2595 2207 mihi
2633 2167 2697 2206 ac
2725 2151 3036 2220 przesidium
3072 2150 3223 2206 fuisti
3263 2159 3322 2204 ut

1758 2241 1898 2296 mala
1931 2241 2289 2297 inferentibus
2324 2243 2562 2298 inimicis
2588 2243 2724 2296 nihil
2755 2241 2937 2296 laedar.

1827 2419 1879 2474 5.
1900 2417 2211 2474 Inhabitabo
2232 2423 2285 2474 in
2303 2420 2638 2474 tabernaculo
2653 2431 2740 2473 tuo
2764 2422 2817 2473 in
2833 2418 3046 2473 sarcula.
3066 2416 3169 2472 Per
3184 2418 3323 2473 bona

1757 2528 1879 2581 qua:
1904 2512 2018 2581 jam
2049 2522 2365 2582 acceperat,
2396 2514 2600 2567 factum
2648 2522 2708 2567 ut
2740 2512 2806 2567 de
2861 2510 3059 2565 futuris
3100 2519 3276 2579 speret
3306 2527 3319 2562 :

1758 2605 1887 2672 quia
1912 2605 1967 2657 in
1997 2604 2247 2673 supernis
2290 2604 2655 2658 tabernaculis
2685 2604 3043 2667 constitutus,
3075 2602 3176 2657 sub
3204 2601 3323 2673 ejus

1760 2705 2069 2767 legumento
2094 2703 2149 2750 et
2180 2695 2429 2765 praesidio
2458 2710 2668 2765 semper
2702 2695 2876 2763 deget.

1826 2790 1879 2843 6.
1927 2787 2126 2842 Dedisti
2170 2788 2529 2842 [nereditatem
2572 2785 2871 2840 timentibus
2927 2801 3107 2839 nomen
3153 2792 3319 2839 tuum.

1758 2880 1942 2950 Ecqua
1974 2879 2260 2934 haereditas
2287 2881 2376 2933 illa
2409 2880 2513 2934 nisi
2540 2893 2766 2949 regnum
2801 2878 3109 2934 ccelorurn?
3147 2878 3323 2932 Venite

1757 2972 1922 3036 enim,
1969 2971 2166 3040 inquit,
2214 2969 2469 3023 benedicti
2507 2970 2690 3026 Putris
2718 2973 2839 3031 mei,
2880 2970 3139 3039 possidete
3166 2985 3324 3038 para—

1760 3072 1867 3115 tum
1896 3060 2037 3116 vobis
2064 3077 2279 3131 regnum
2297 3078 2329 3114 a
2347 3064 2713 3115 constitutione
2737 3061 2998 3125 mundi”,
3024 3070 3078 3115 et
3096 3071 3321 3127 caetera;

1683 3190 1726 3249 ο
1760 3153 1833 3208 ita
1860 3165 1920 3209 ut
1949 3168 2175 3225 regnum
2206 3152 2302 3208 Dei
2330 3153 2665 3223 possideant,
2695 3161 2747 3207 et
2776 3151 3070 3206 Christiani
3095 3152 3146 3206 in
3184 3162 3325 3208 terra

1759 3244 2031 3300 dicantur.

1828 3421 1881 3476 7.
1907 3420 2030 3475 Dies
2055 3437 2209 3491 super
2236 3420 2346 3474 dies
2385 3421 2518 3490 regis
2550 3418 2791 3488 adjicies.
2832 3416 3174 3489 Significatur
3197 3431 3323 3487 par-

1760 3523 1867 3569 tem
1896 3512 2224 3569 bmreditatis
2248 3528 2367 3568 esse
2396 3514 2560 3567 vitam
2592 3521 2870 3565 aeternam.
2890 3509 3025 3563 Illud
3052 3509 3195 3564 enim
3220 3516 3323 3573 est,

1758 3605 1874 3660 dies
1905 3619 2069 3674 super
2101 3604 2216 3659 dies
2248 3605 2407 3658 annis
2440 3602 2584 3672 regis
2625 3602 2808 3671 adjici.
2857 3600 3138 3672 Significat
3178 3602 3324 3655 cnim

1759 3712 1855 3767 per
1894 3697 2009 3751 dies
2041 3706 2280 3767 tempora
2314 3695 2562 3766 quaedam
2605 3701 2658 3749 et
2690 3693 2907 3749 saecula.
2954 3692 3231 3747 Permanet
3270 3693 3325 3745 in

1760 3798 2010 3843 artermtm
2029 3789 2081 3841 in
2105 3799 2378 3857 conspectu
2403 3787 2522 3852 Dei,
2540 3786 2957 3841 misericordiam
2978 3794 3025 3839 et
3052 3786 3321 3840 veritatem

1758 3877 1869 3947 ejus
1903 3878 2018 3947 quis
2066 3878 2338 3947 requiret?
2382 3876 2717 3947 Prmpostere
2757 3891 2936 3931 sermo
2974 3876 3181 3945 positus
3214 3883 3319 3941 est,

1759 3982 1820 4027 ut
1843 3972 1956 4026 haec
1981 3972 2052 4025 sit
2075 3970 2371 4026 sententia:
2395 3967 2454 4023 Si
2477 3970 2601 4038 quis
2629 3969 2870 4038 requirat
2894 3967 3318 4022 misericordiam

1758 4071 1813 4118 et
1838 4062 2118 4117 veritatem
2158 4063 2301 4131 ejus,
2330 4060 2417 4116 hic
2452 4075 2548 4131 per
2580 4059 2792 4114 infinita
2825 4058 3022 4130 saecula
3055 4065 3236 4112 manet
3267 4057 3327 4111 in

1759 4167 2048 4229 conspectu
2082 4156 2193 4213 Dei.

61 4064 435 4137 ἀναστροφῆς
465 4065 494 4116 ό
518 4063 694 4131 λόγος,
720 4064 807 4116 ἵνα
888 4063 1144 4126 τοιοῦτος.
1176 4062 1243 4114 Εἴ
1268 4079 1350 4125 τις
1371 4064 1659 4133 ὲκζητήσει

58 4154 115 4205 τὸ
144 4156 305 4219 ἕλεος
366 4153 543 4207 αὑτοῦ
588 4154 684 4207 καὶ
718 4156 817 4224 τὴν
860 4154 1117 4223 ἀλήθειαν
1166 4153 1358 4219 αὐτοῦ,
1402 4149 1553 4220 οὗτος
1602 4159 1658 4211 ὲν

52 4250 161 4311 τοῖς
197 4248 610 4317 ἀτελευτήτοις
648 4246 809 4299 αἰῶσι
839 4246 1080 4318 διαμένει
1112 4247 1339 4301 ἐνώπιον
1376 4248 1469 4301 τοῦ
1500 4250 1655 4303 θεοῦ.

120 4340 327 4407 Οὕτως
366 4336 560 4408 ψαλῶ
584 4336 664 4403 τῷ
702 4338 947 4408 ὀνόματί
981 4353 1096 4393 σου
1132 4340 1219 4405 είς
1250 4340 1387 4405 τοὺς
1417 4339 1652 4408 αἰῶνας.

1829 4336 1881 4391 8.
1924 4336 2016 4391 Sic
2042 4336 2302 4405 psalmum
2331 4336 2504 4389 dicam
2533 4335 2729 4389 nomini
2759 4342 2849 4387 tuo
2879 4334 2934 4386 in
2967 4330 3179 4387 swcula.
3212 4326 3321 4397 Sic,

58 4429 277 4497 οὔτως,
311 4430 481 4493 πῶς;
530 4430 564 4500 ἢ
599 4429 877 4500 διαμείνας
906 4430 1130 4487 ἐνώπιόν
1177 4448 1269 4484 σου
1310 4434 1367 4484 ὲν
1413 4433 1488 4503 τῷ
1536 4435 1657 4503 μέλ-

1760 4426 2070 4498 quomodo,
2112 4427 2215 4483 nisi
2264 4426 2532 4481 manendo
2577 4425 2630 4478 in
2665 4433 2958 4492 conspectu
3010 4431 3106 4477 tuo
3146 4422 3201 4478 in
3238 4420 3325 4476 fu-

52 4522 188 4575 λοντι
215 4523 403 4577 αἰῶνι
427 4539 443 4585 ;
470 4522 609 4574 Τότε
635 4522 745 4592 γὰρ
772 4523 869 4592 τῆς
897 4524 1167 4594 μακαρίας
1193 4524 1405 4596 ἐκείνης
1424 4526 1657 4593 στάσεως

1767 4530 1889 4576 turo
1918 4520 2160 4576 saeculo?
2202 4518 2356 4574 Tune
2395 4518 2540 4573 enim
2586 4516 2744 4573 beata
2786 4515 2876 4569 illa
2919 4513 3200 4569 mansione
3245 4512 3326 4568 di-

50 4615 331 4681 ἀξιωθεὶς,
360 4614 738 4677 ἀδιαλείπτως
750 4615 1052 4685 ἀναπέμψω
1072 4618 1194 4682 τοὺς
1211 4618 1432 4688 ὕμνους.
1448 4618 1651 4683 Οὕτως,

1765 4622 1983 4683 gnatus,
2014 4613 2133 4669 sine
2162 4612 2268 4667 fine
2292 4611 2523 4683 hymnos
2561 4609 2826 4664 emittam.
2872 4605 2963 4663 Sic
2990 4616 3043 4662 et
3075 4622 3181 4663 non
3216 4606 3325 4662 alio

48 4708 136 4758 καὶ
165 4709 273 4761 οὐκ
310 4706 517 4769 ἄλλως
560 4703 851 4775 δοξολογῶν
891 4708 920 4760 ὁ
959 4707 1259 4778 ἄνθρωπος,
1290 4710 1352 4763 οὑ
1388 4709 1654 4765 παύσεται

1762 4705 1945 4768 modo,
1982 4704 2206 4773 gloriam
2254 4711 2307 4757 et
2345 4702 2531 4757 laudes
2573 4699 2850 4771 proferens
2885 4700 3070 4764 homo,
3112 4714 3221 4755 non
3260 4699 3326 4752 fi-

50 4801 119 4863 ci;
149 4800 247 4854 τὸν
292 4800 499 4855 αἰῶνα
539 4797 633 4850 τοῦ
680 4799 968 4853 ἀποδοῦναι
1014 4800 1202 4871 Κυρίῳ
1244 4802 1339 4865 τὰς
1377 4803 1559 4874 εὐχάς.
1593 4807 1654 4859 Οἱ

1762 4813 1885 4852 nem
1912 4796 2074 4852 faciet
2103 4797 2157 4850 in
2190 4794 2445 4851 saeculum
2488 4791 2744 4848 reddendi
2781 4790 3012 4845 Domino
3044 4798 3170 4845 vota
3202 4806 3321 4847 sua.

50 4894 223 4945 πιστοὶ
258 4892 389 4963 γὰρ
443 4891 509 4943 οὐ
554 4888 812 4944 παύονται
860 4891 1070 4962 ἡμέραν
1118 4890 1176 4956 ἐξ
1220 4893 1430 4965 ἡμέρας
1473 4898 1653 4950 ἐπιτε·

1762 4890 1972 4947 Fideles
2012 4907 2247 4962 namque
2288 4906 2396 4945 non
2430 4898 2647 4945 cessant
2690 4887 2935 4957 quotidie
2962 4886 3144 4941 divina
3180 4888 3325 4944 cele-

49 4979 257 5050 ὶοῦντες
285 4984 368 5039 τὰ
395 4983 532 5037 θεῖα
562 4983 849 5054 μυστήρια.

1760 4983 1919 5036 brare
1955 4982 2232 5053 mysteria.

112 5077 211 5138 εἰς
240 5073 317 5127 τὸ
346 5073 569 5137 τέλος.
620 5071 766 5124 Ὑπὸ
798 5072 903 5125 τοῦ
961 5073 1227 5145 ἰδιθοίιμ,
1279 5080 1585 5133 ΨΑΛΜΟΣ

1761 5096 1810 5147 1.
1858 5092 1921 5147 In
1959 5095 2134 5164 ﬁnem.
2178 5094 2254 5148 Ab
2302 5089 2847 5164 Iditlrum,_PSALM
2859 5089 2949 5146 US
2985 5091 3088 5161 ipsi
3125 5090 3315 5146 Dauid.

646 5163 725 5230 τῷ
756 5166 951 5220 Δαυΐδ.
976 5167 1103 5220 ΞΑ⁸.

1960 5161 1969 5164 ⁷
2456 5161 2609 5216 LXI.

712 5257 726 5275 '
737 5259 1042 5327 Υπόθεσις.

2337 5259 2734 5328 Argumentum.

58 5349 106 5402 '0
145 5350 403 5421 Ἰδιθοὺμ
438 5341 534 5411 εἷς
560 5341 628 5417 ἦν
662 5348 768 5402 τῶν
809 5351 1149 5421 χοροστατῶν
1188 5352 1296 5406 τῶν
1326 5355 1384 5407 ὲν
1418 5354 1495 5424 τῷ
1526 5355 1655 5427 θείῳ

1757 5349 1987 5407 ldithum
2033 5367 2173 5406 unus
2188 5361 2306 5406 erat
2328 5366 2396 5406 ex
2419 5351 2571 5405 chori
2591 5351 3024 5409 moderatoribus
3051 5352 3105 5407 in
3134 5351 3319 5408 divino

107 5444 238 5514 ναῷ.
273 5436 478 5504 Οὗτος
509 5441 593 5503 εἰς
624 5440 898 5513 ἁμαρτίαν
920 5445 1242 5499 καταπεσὼν
1264 5446 1477 5517 δέχεται
1506 5450 1654 5519 παρὰ

1833 5443 2057 5513 templo.
2101 5441 2200 5497 Hic
2233 5442 2424 5513 lapsus
2464 5441 2518 5496 in
2557 5451 2837 5511 peccatum
2878 5457 2910 5496 a
2946 5441 3145 5498 Davide
3175 5443 3319 5513 psal-

106 5534 197 5588 τοῦ
223 5534 413 5590 Δαυῒδ
431 5532 540 5584 τὸν
562 5531 798 5603 ψαλμὸν,
818 5533 1116 5606 ἀνάκλησιν
1137 5537 1284 5608 αὐτῷ
1305 5542 1651 5611 παρασκευά-

1831 5552 1979 5591 mum
2027 5537 2243 5606 accipit,
2288 5535 2382 5606 qui
2413 5535 2630 5591 virtutis
2666 5534 2768 5605 ipsi
2806 5536 3316 5607 redintegrationem

108 5626 266 5690 ζοντα
298 5628 415 5698 τῆς
442 5624 683 5695 ἀρετῆς.
711 5624 1049 5696 Προφητεύει
1077 5628 1133 5682 δὲ
1153 5630 1209 5681 ὲν
1234 5630 1381 5701 αὑτῷ
1417 5632 1509 5685 καί
1555 5633 1650 5705 τὴν

1829 5638 1996 5699 paret.
2041 5628 2294 5686 Pratdieit
2333 5639 2511 5686 autem
2562 5630 2616 5683 in
2659 5646 2723 5684 eo
2763 5631 3183 5702 redemptionem
3224 5645 3320 5701 per

114 5804 151 5833 ἰ
189 5804 293 5860 lsa.
334 5815 493 5857 LVIII
520 5839 535 5858 .
568 5797 621 5851 9.
701 5798 747 5828 "
777 5797 958 5858 Matth.
994 5819 1117 5866 xxv,
1151 5804 1234 5859 34.
