4102 6312
756 376 863 437 275

1594 379 1650 433 S.
1692 376 2061 434 ATHANASII
2091 377 2239 434 OPP.
2283 377 2461 433 PARS
2500 376 2588 433 ιιι.
2623 409 2639 418 -
2668 409 2693 418 -
2728 375 3136 431 EXEGETICA.

3878 364 3973 420 9.76

834 490 1131 546 Salvatoris
1160 489 1519 545 mconomiam
1557 489 1653 542 toti
1687 488 1872 559 generi
1900 489 2138 544 humano
2173 487 2352 549 futu-,

2485 486 2573 540 διὰ
2598 486 2696 557 τῆς
2723 484 2817 538 τοῦ
2851 484 3099 555 Σωτῆρος
3115 480 3424 551 οἰκονομίας
3452 478 3612 533 παντὶ
3631 476 3710 549 τῷ
3747 476 3859 531 τῶν
3892 478 3978 532 ἀνα

834 598 948 637 ram
972 622 989 649 ,
1022 582 1469 652 eversionemque
1522 581 1887 650 spiritualium
1928 580 2316 644 inimicorum;

830 674 1377 744 adhortationemque
1410 673 1618 728 inducit
1661 686 1771 743 qua
1816 687 1847 727 a
1887 678 2109 743 peccato
2139 672 2318 725 homi-

828 781 926 821 nes
950 774 1281 831 avertantur,
1329 764 1624 835 subjiciens
1657 779 1722 821 ea
1756 779 1878 833 quae
1920 763 2185 835 judicium
2226 762 2318 818 Dei

824 864 1088 926 spectant.

826 944 951 1010 2,5.
982 943 1168 999 Nonne
1201 943 1304 998 Deo
1337 942 1570 1014 subjecta
1596 944 1695 998 erit
1723 944 1902 997 anima
1932 943 2086 997 mea!
2118 941 2323 997 Etiam-

758 1033 802 1087 si
826 1074 841 1093 .
888 1034 1094 1103 inquit,
1137 1044 1409 1089 commota
1448 1050 1525 1097 es,
1561 1050 1596 1090 ο
1629 1034 1810 1090 anima
1844 1049 1984 1098 mea,
2024 1040 2079 1089 et
2112 1050 2143 1089 a
2178 1044 2320 1091 statu

758 1119 971 1174 virtutis
1015 1120 1183 1188 lapsa,
1216 1120 1310 1175 sed
1339 1124 1567 1177 Domino
1594 1124 1839 1193 subjecta
1872 1132 2011 1179 esto.
2042 1123 2178 1191 Quia
2208 1126 2323 1195 ipse

759 1210 854 1264 tibi
887 1212 1334 1280 patrocinabitur,
1381 1223 1433 1267 et
1458 1214 1663 1269 salvam
1708 1221 1761 1268 te
1787 1213 1951 1269 faciet
1984 1224 2045 1268 ut
2082 1231 2149 1269 ne
2183 1216 2319 1270 ultra

757 1304 1173 1357 commoveat-is.
1216 1303 1357 1357 Nam
1400 1313 1449 1357 et
1496 1306 1603 1373 ipse
1643 1304 1786 1360 Deus
1828 1322 1991 1361 meus.
2031 1306 2242 1361 Etenim
2270 1317 2323 1363 et

758 1396 874 1465 ipse
915 1396 1140 1451 salutem
1176 1398 1376 1451 tribuet
1424 1398 1471 1451 ei
1494 1399 1586 1467 qui
1634 1414 1667 1452 ιι
1713 1399 1869 1453 vobis
1911 1399 2073 1455 laesus
2118 1410 2221 1467 est,
2269 1408 2323 1456 et

756 1500 983 1555 prorsus
1009 1502 1038 1539 a
1064 1497 1239 1541 vestra
1270 1487 1613 1557 improbitate
1646 1488 1916 1544 liberabit.

826 1579 881 1632 4.
924 1576 1203 1648 Quousque
1235 1581 1439 1633 irruitis
1470 1581 1526 1634 in
1554 1581 1855 1635 hominem?
1886 1578 2163 1637 Occlamat
2192 1597 2322 1637 con-

760 1680 839 1725 tra
875 1670 1212 1727 adversarias
1239 1681 1573 1745 potestates:
1623 1673 1751 1743 quia
1795 1673 1850 1727 in
1891 1674 2131 1730 hominis
2161 1687 2321 1729 natu-

758 1780 873 1817 ram
902 1765 966 1818 ad
1003 1765 1205 1820 malum
1230 1780 1557 1835 propensam
1581 1767 1816 1831 irruunt,
1842 1783 1963 1837 quae
1984 1784 2048 1823 ea
2083 1769 2320 1824 naturali

2491 577 2721 648 θρὼπων
2746 577 2891 646 γένει
2913 575 3176 645 ισομένην
3198 572 3485 645 λύτρωσιν,
3524 573 3616 623 καὶ
3646 569 3755 623 τῶν
3780 568 3979 640 νοητῶν

2490 666 2696 738 ἐχθρῶν
2717 667 2815 737 τὴν
2839 667 3149 735 ἁνατροπήν
3171 681 3186 694 ο
3216 663 3310 717 καὶ
3338 661 3652 732 παραίνεσιν
3673 658 3980 730 ἀποτροπὴν

2490 760 2686 822 κακίας
2738 759 3094 829 περιέχουσαν
3135 758 3248 818 τοῖς
3302 752 3605 825 ἀνθρώποις
3642 752 3878 819 εἰσάγει,
3924 750 3983 803 τά

2490 850 2618 922 περὶ
2644 850 2744 920 τῆς
2770 849 2999 921 κρίσεως
3037 848 3217 910 αὐτοῖς
3242 845 3622 916 ὑποτιθέμενος
3648 843 3743 897 τοῦ
3766 840 3927 895 Θεοῦ.

2486 943 2632 1012 οὐχι
2662 941 2741 1007 τῷ
2794 936 2915 1007 Θὲῷ
2946 938 3385 1008 ὑποταγήσεται
3431 938 3470 1006 ἠ
3504 935 3670 1006 ψυχή
3711 949 3871 1004 μου;
3930 932 3985 986 El

2421 1036 2515 1088 καὶ
2542 1034 2885 1097 σεσάλευσαι,
2922 1032 3076 1103 φησὶ,
3099 1025 3143 1085 ὦ
3171 1030 3335 1100 ψυχὴ,
3376 1030 3470 1082 καὶ
3497 1027 3595 1097 τῆς
3629 1027 3753 1080 κατ’
3787 1024 3987 1095 ἀρετὴν

2421 1126 2683 1191 ἐξέπεσας
2724 1126 2990 1187 στάσεως,
3021 1122 3135 1176 ἀλλ’
3176 1119 3476 1191 ὑποτάγηθι
3523 1117 3601 1189 τῷ
3627 1116 3837 1187 Κυρίῳ.
3870 1116 3988 1170 Ὀτι

2421 1219 2485 1290 δὴ
2506 1218 2666 1281 αὐτός
2706 1234 2798 1271 σου
2825 1217 2919 1271 καὶ
2952 1217 3323 1287 ἀντιλήιζεται,
3358 1214 3452 1267 καὶ
3479 1211 3641 1265 σώσει
3662 1209 3754 1263 τοῦ
3789 1208 3868 1279 μὴ
3899 1209 3989 1260 ἐπὶ

2423 1311 2604 1363 πλεῖον
2644 1308 2984 1363 σαλεύεσθαι.
3020 1307 3130 1362 Kal
3161 1307 3271 1376 γὰρ
3297 1305 3478 1371 αὐτὸς
3519 1303 3662 1369 Θεός
3701 1319 3845 1371 μου.
3885 1299 3991 1376 Kal.

2422 1399 2528 1471 γὰρ
2569 1399 2731 1462 αὐτὸς
2776 1397 2998 1470 παρέξει
3030 1398 3128 1467 τὴν
3167 1372 3438 1467 δαίτηρίαν
3474 1391 3812 1462 ἀδικουμένῳ
3866 1372 3991 1461 πέρ’

2422 1490 2597 1561 ὑμῶν,
2633 1492 2728 1543 καὶ
2758 1486 3057 1552 ἀπαλλάξει
3081 1487 3297 1549 πάντως
3319 1484 3471 1557 ὑμῶν
3492 1486 3588 1555 τῆς
3621 1482 3950 1555 μοχθηρίας.

2496 1584 2650 1649 Ἕως
2678 1583 2822 1635 πότε
2858 1581 3193 1635 ἐπιτίθεσθε
3223 1577 3315 1631 ἐπ’
3333 1577 3642 1645 ἄνθρωπον
3660 1592 3679 1638 ;
3700 1573 3824 1627 Τῶν
3855 1575 3998 1627 ἀντι-

2423 1674 2687 1745 κειμένων
2706 1673 2985 1743 δυνάμεων
3013 1669 3252 1741 καταδοᾷ
3274 1685 3288 1700 ο
3312 1670 3394 1723 ὅτι
3418 1666 3483 1737 δὴ
3501 1664 3789 1735 νενευκυίᾳ
3809 1666 3881 1734 τῇ
3904 1659 3995 1714 τοῦ

2425 1765 2711 1838 ἀνθρώπου
2757 1765 2915 1835 φύσει
2972 1763 3063 1816 ἐπὶ
3117 1761 3187 1814 τά
3236 1758 3449 1830 πονηρά
3499 1754 3860 1814 ἐπιτίθενται,
3907 1753 3999 1807 καὶ

760 1857 1068 1912 inﬁrmitate
1099 1858 1292 1913 similis
1323 1866 1405 1912 est
1434 1859 1623 1927 parieti
1678 1858 1955 1928 inclinato,
1998 1861 2166 1914 ruina:
2196 1876 2323 1929 pro-

2431 1858 2583 1928 ὁμοίᾳ
2609 1873 2725 1919 πως
2753 1853 2887 1927 οὔσῃ
2914 1852 3000 1906 διὰ
3020 1851 3116 1922 τὴν
3143 1849 3379 1919 φυσικὴν
3409 1846 3688 1900 ἀσθένειαν
3714 1843 4000 1896 ullth

757 1951 922 2016 mimo,
945 1957 995 2002 et
1026 1950 1267 2002 maceria:
1296 1949 1550 2019 depulsae.

828 2132 883 2188 5.
934 2132 1297 2188 Verumtamen
1346 2136 1573 2203 pretium
1628 2150 1797 2187 meum
1843 2135 2199 2204 cogitaverunt
2246 2150 2329 2188 re-

758 2226 967 2294 petiere.
996 2225 1194 2280 Parum
1220 2227 1364 2281 enim
1390 2226 1565 2281 abfuit
1592 2226 1723 2296 quin
1747 2227 1863 2296 ipsa
1881 2227 1931 2279 vi
1964 2224 2325 2281 ratiocinandi

759 2330 862 2371 nos
910 2318 1167 2385 privarint
1193 2358 1208 2381 ,
1251 2328 1507 2390 cogentes
1553 2318 1781 2374 adorare
1822 2319 1965 2388 ligna
2005 2328 2060 2373 et
2098 2319 2323 2388 lapides,

760 2418 821 2463 ut
855 2408 1129 2465 diceretur
1161 2412 1227 2466 de
1270 2412 1427 2466 nobis
1460 2429 1474 2464 :
1510 2410 1680 2464 Homo
1720 2427 1839 2463 cum
1882 2411 1938 2463 in
1966 2410 2157 2463 honore
2195 2420 2325 2465 esset

758 2518 859 2555 non
889 2503 1236 2556 intellexit".
1286 2501 1647 2556 Cucurrerunt
1674 2503 1730 2556 in
1759 2502 1868 2555 siti.
1902 2498 2077 2566 Hunc,
2111 2501 2323 2571 inquit,

758 2610 979 2649 cursum
1012 2608 1246 2648 emensa:
1292 2603 1418 2648 sunt
1450 2594 1774 2649 adversaria:
1807 2602 2095 2664 potestates
2116 2634 2131 2659 ,
2171 2594 2325 2662 quasi

759 2687 1006 2742 sitientes
1038 2694 1098 2740 ut
1122 2702 1208 2741 me
1235 2688 1510 2757 privarent
1540 2686 1860 2741 honoribus.
1897 2684 2000 2740 Ore
2039 2701 2134 2737 suo
2171 2686 2325 2738 bene-

760 2778 999 2831 dicebant
1044 2787 1095 2831 et
1144 2779 1298 2831 corde
1345 2793 1440 2829 suo
1485 2776 1884 2829 maledicebant.
1924 2772 2038 2827 Hoc
2080 2773 2156 2827 ait
2199 2773 2326 2842 quia

760 2871 937 2925 dulcia
962 2881 1014 2925 et
1038 2880 1186 2942 grata
1216 2870 1371 2924 nobis
1395 2867 1769 2937 subjicientes,
1805 2881 1898 2937 per
1926 2881 1989 2920 ea
2027 2881 2126 2921 nos
2159 2866 2327 2920 male-

761 2963 1014 3018 dictionis
1048 2963 1188 3017 filios
1223 2960 1479 3015 eliiciunt.

834 3053 885 3116 7,
918 3052 971 3106 8.
1029 3050 1391 3105 Verumtamen
1425 3048 1534 3104 Deo
1555 3049 1785 3119 subjecta
1820 3059 1951 3115 esto,
1979 3050 2155 3102 anima
2189 3064 2325 3101 mea.

2428 1949 2606 2017 τοίχῳ
2620 1948 2715 2000 καὶ
2739 1944 3125 1998 καταπίπτειν
3142 1940 3447 2010 μέλλοντι,
3468 1935 3564 1991 καὶ
3586 1931 3839 2005 φρατμῷ
3863 1932 4003 1987 ἀναν

2430 2037 2814 2113 τετραμμένῳ.

2498 2128 2671 2198 Πλὴν
2692 2129 2806 2197 τὴν
2828 2127 3005 2198 τιμήν
3014 2144 3132 2196 μου
3153 2122 3591 2179 ἐϐουλεύσΜο
3611 2116 4000 2173 ἀπώσασθαι.

2428 2219 2603 2273 Μόνον
2633 2219 2755 2288 οὐχὶ
2770 2217 2875 2288 γὰρ
2894 2216 2989 2269 καὶ
3021 2210 3293 2268 αὐτοῦτοῦ
3328 2208 3547 2279 λογικοῦ
3586 2208 3736 2279 ἡμᾶς
3767 2204 4004 2260 ἀπεστέ-

2431 2327 2620 2382 ρησαν,
2675 2308 2804 2372 ξύλα
2852 2309 2946 2360 καὶ
2991 2305 3168 2367 λίθους
3207 2303 3612 2371 ἀναγκάσαντες
3642 2298 4003 2369 προσκυνεῖν,

2427 2402 2501 2466 ὼς
2524 2402 2617 2453 καὶ
2634 2400 2886 2469 λέγεσθαι
2915 2399 3043 2468 περὶ
3076 2395 3254 2468 ἡμῶν,
3281 2395 3361 2448 ὅτι
3402 2395 3735 2462 Ἀνθρωπος
3766 2391 3841 2443 ὲν
3861 2386 4007 2459 τιμῇ

2425 2493 2510 2545 ὧν
2534 2495 2604 2547 οὐ
2630 2490 2919 2561 συνῆκεν.
2958 2488 3257 2558 Ἕδραμον
3282 2488 3352 2540 ἐν
3371 2485 3552 2553 δίψει.
3584 2481 3809 2546 Τοῦτον,
3841 2480 4007 2550 φησι,

2426 2586 2515 2639 τὸν
2542 2585 2737 2658 δρόμον
2763 2584 2981 2655 ἔτρεχον
3010 2583 3066 2635 αἱ
3101 2580 3473 2648 ἀντικείμεναι
3514 2574 3798 2645 δυνάμεις,
3832 2572 4010 2642 διψῶ-

2430 2695 2518 2730 σαι
2546 2674 2641 2729 τοῦ
2672 2673 3042 2745 ἀποστερῆσαί
3081 2690 3147 2742 με
3177 2671 3274 2741 τῆς
3296 2670 3479 2740 τιμῆς.
3504 2666 3588 2732 Τῷ
3612 2667 3875 2735 στόματι
3902 2666 4009 2719 αὺ-

2427 2768 2544 2821 τῶν
2564 2768 2888 2837 ηὐλόγηουν,
2910 2766 3010 2820 καὶ
3044 2763 3115 2833 τῇ
3142 2762 3352 2832 καρδίᾳ
3388 2758 3588 2815 αὐτῶν
3626 2756 4008 2827 καττιρῶντο.

2428 2860 2596 2916 Τοῦτό
2630 2876 2813 2931 φησιν,
2841 2857 3051 2928 ἐπειδὴ,
3084 2854 3153 2909 τὰ
3184 2854 3313 2925 ἡδέα
3336 2854 3465 2923 ἡμῖν
3487 2850 3916 2913 ὑποϐάλλοντες,
3941 2845 4013 2900 δι’

2427 2954 2605 3010 αὐτῶν
2633 2954 2876 3023 κατάρας
2907 2953 3055 3020 ἡμᾶς
3086 2948 3444 3015 ἀποφαίνουσι
3470 2945 3655 2997 τέκνα.

2497 3042 2669 3111 Πλὴν
2694 3042 2775 3107 τῷ
2812 3040 2933 3106 Θεῷ
2970 3038 3318 3107 ὐποτάγηθι,
3358 3035 3396 3101 ἡ
3422 3030 3590 3102 ψυχή
3637 3046 3780 3099 μου.
3830 3026 4019 3081 Πάλιν

760 3145 999 3197 Rursum
1032 3144 1271 3197 animam
1315 3142 1631 3211 alloquitur,
1673 3141 1738 3194 ad
1766 3140 2158 3209 subiectionem
2198 3154 2324 3209 erga

2431 3139 2493 3207 τῇ
2523 3136 2667 3207 ψυχῇ
2698 3133 3036 3201 διαλέγεται,
3067 3131 3164 3201 τὴν
3190 3127 3464 3197 ὑποταγὴν
3521 3123 3689 3193 αὐτῆς
3721 3120 3823 3192 τὴν
3871 3119 4021 3191 πρὸς

765 3236 932 3291 Deum
986 3237 1302 3291 cohortans.
1352 3233 1600 3288 Declarat
1645 3242 1827 3286 autem
1901 3200 2325 3302 magnitudinem

2431 3200 2677 3282 τδν
2711 3200 3015 3279 ἐπιτείνων.
3055 3200 3490 3275 Ἐνδείκνυταιδὲ
3517 3215 3579 3268 τδ
3618 3212 3856 3283 μέγεθος
3899 3211 4020 3266 τῶν

762 3327 1147 3392 tentationum,
1174 3324 1416 3395 illudque
1448 3323 1691 3393 Apostoli
1721 3322 1856 3376 ait"
1887 3342 1898 3376 :
1925 3320 2189 3386 Quoniam
2227 3336 2330 3374 non

762 3421 897 3472 sinet
936 3433 1025 3471 uos
1066 3417 1261 3470 tentari
1305 3432 1460 3484 super
1505 3416 1561 3467 id
1602 3414 1740 3483 quod
1782 3413 2000 3481 potestis
2047 3412 2327 3465 sustinere.

764 3507 833 3564 In
874 3508 984 3563 Deo
1015 3508 1250 3563 salutare
1295 3522 1467 3559 meum
1508 3516 1557 3558 et
1608 3503 1778 3573 gloria
1816 3518 1953 3557 mea.
1997 3501 2052 3554 In
2085 3516 2150 3557 eo
2180 3515 2329 3570 spem

2432 3316 2771 3390 πειρασμῶν,
2814 3312 2987 3367 καὶτὸ
3011 3310 3106 3365 τοῦ
3151 3308 3469 3363 ’Λποστόλου
3491 3304 3636 3372 λέγει
3658 3321 3671 3334 ⁸
3729 3304 3857 3355 ’Ὁτι
3900 3303 4024 3356 οὐκ

2430 3411 2596 3464 ἐάσει
2623 3408 2777 3479 ὑμᾶς
2804 3403 3197 3474 πειρασθῆναι
3216 3399 3367 3468 ὑπὲρ
3393 3399 3424 3452 ὃ
3449 3398 3710 3452 δύνασθε
3742 3396 4022 3463 ὑπενετο

2432 3502 2579 3556 κεῖν.
2624 3499 2757 3554 Ἐπὶ
2801 3497 2881 3563 τῷ
2905 3495 3026 3561 Θεῷ
3055 3496 3121 3549 τὸ
3149 3491 3443 3562 σωτήριόν
3481 3506 3600 3559 μου
3642 3487 3741 3540 καὶ
3778 3489 3817 3554 ἠ
3856 3485 4027 3550 δόξα

765 3603 959 3658 salutis
983 3611 1037 3656 et
1059 3601 1241 3671 gloriae
1273 3597 1503 3668 positam
1536 3596 1725 3650 habeo.
1758 3594 1814 3649 ld
1841 3603 1923 3649 est
1956 3634 1971 3660 ,
2011 3593 2125 3661 ipse
2154 3608 2240 3646 me
2278 3600 2333 3645 et

2431 3612 2565 3665 μου.
2612 3592 2733 3646 Ἐπὶ
2783 3589 2929 3660 αὐτῴ
2966 3588 3064 3658 τῆς
3097 3585 3370 3656 σωτηρίας
3411 3582 3513 3671 καί
3550 3579 3648 3649 τῆς
3702 3575 3871 3671 δδξης
3907 3576 4025 3671 ἔχω

764 3694 1009 3759 salvum,
1066 3702 1121 3748 et
1182 3690 1477 3763 gloriosum
1542 3688 1907 3756 victoremque
1961 3698 2150 3739 eorum
2220 3681 2331 3737 eili—

763 3789 889 3845 ciet.

836 3878 1236 3952 [Verumtamen
1286 3876 1388 3929 Deo
1432 3876 1661 3943 subjecta
1698 3883 1830 3935 esto,
1857 3873 2034 3924 anima
2057 3887 2187 3925 mea.
2225 3869 2331 3923 Pa-

764 3986 885 4025 rum
917 3969 1070 4024 abest
1098 3968 1229 4039 quin
1259 3982 1359 4021 nos
1391 3963 1749 4020 ratiocinandi
1779 3978 1878 4017 usu
1904 3962 2185 4031 privarint,
2207 3976 2329 4015 cum

764 4062 1142 4118 necessitatem
1192 4059 1350 4114 nobis
1403 4058 1741 4111 induxerunt
1785 4053 2043 4108 adorandi
2089 4052 2233 4121 ligna
2279 4064 2333 4106 et

764 4154 993 4225 lapides,
1037 4154 1109 4206 ita
1141 4162 1198 4205 ut
1220 4152 1285 4205 de
1330 4151 1487 4204 nobis
1517 4149 1729 4202 dicatur
1756 4163 1770 4199 :
1811 4144 1979 4197 Homo
2004 4160 2121 4197 cum
2149 4145 2204 4196 in
2239 4142 2333 4195 Ito-

766 4263 893 4301 nare
918 4256 1051 4300 esset
1090 4260 1190 4297 non
1222 4240 1502 4296 intellexit.
1552 4239 1657 4293 Sed
1692 4238 1769 4292 illi
1799 4236 2042 4306 quidem,
2084 4251 2116 4289 ο
2150 4234 2330 4288 anima

768 4351 886 4392 mea
906 4378 922 4403 ,
957 4335 1267 4405 bujusmodi
1299 4342 1426 4389 sunt
1455 4350 1468 4385 :
1497 4341 1551 4386 tu
1582 4340 1763 4385 autem
1801 4328 2035 4396 subjecta
2065 4336 2175 4380 esto
2218 4340 2333 4379 ser-

767 4428 925 4487 vituti
951 4428 1091 4497 ejus.
1120 4425 1324 4481 Deinde
1351 4423 1514 4478 infert
1540 4441 1554 4476 :
1581 4420 1820 4489 ldipsum
1848 4420 1917 4473 ab
1953 4418 2043 4471 illo
2067 4431 2154 4471 me
2173 4431 2332 4485 spero

2430 3664 2527 3754 τὴν
2549 3682 2755 3735 ἐλπίδα.
2786 3679 3095 3743 Τουτέστιν,
3138 3674 3300 3735 αὑτός
3338 3687 3404 3742 με
3435 3669 3527 3722 καὶ
3566 3665 3870 3738 περισώσει
3920 3664 4027 3719 καὶ

2432 3774 2671 3839 ἐπίδοξον
2696 3775 2932 3842 ποιήσει,
2964 3766 3189 3836 νικητὴν
3215 3760 3417 3815 τούτων
3439 3757 3836 3830 ἐργασάμενος.

2503 3883 2713 3957 [Πλὴν
2730 3881 2809 3947 τῷ
2834 3878 2955 3943 Θεῷ
2986 3874 3333 3956 ὑποτάγηθι,
3364 3873 3405 3939 ἠ
3436 3868 3604 3941 ψυχὴ
3622 3885 3764 3939 μου.
3801 3868 4031 3922 Μονον⁹

2432 3980 2553 4048 ουχὶ
2605 3976 2714 4046 γὰρ
2741 3975 2835 4027 καὶ
2864 3970 3028 4025 αὑτοῦ
3057 3967 3149 4022 τοῦ
3177 3962 3393 4035 λογικοῦ
3423 3964 3567 4035 ἡμᾶς
3596 3960 4027 4031 ἀπεστέρησαν,

2433 4070 2567 4138 ξύλα
2595 4068 2688 4121 καὶ
2718 4065 2896 4127 λίθους
2949 4059 3355 4129 ἀναγκάσαντες
3384 4054 3707 4124 προσκυνεῖν
3730 4090 3748 4112 ,
3797 4050 3882 4112 ὡς
3926 4050 4033 4102 καὶ

2432 4160 2684 4231 λέγεσθαι
2732 4156 2859 4226 περὶ
2916 4152 3103 4224 ήμῶν·
3136 4152 3467 4215 Ἀνθρωπος
3495 4144 3567 4197 ἐν
3612 4139 3751 4210 τιμῇ
3803 4138 3901 4192 ὢν
3940 4142 4032 4214 ,σὺ

2433 4253 2726 4321 συνῆκεν.
2769 4249 2905 4302 uno
2928 4247 3123 4299 ἐκεῖνοι
3154 4242 3271 4311 μὲν,
3301 4232 3345 4291 ὦ
3367 4238 3532 4308 ψυχὴ,
3559 4233 3820 4288 τοιοῦτοι·
3863 4234 3940 4286 σὺ
3971 4232 4035 4286 δὲ

2432 4344 2760 4411 ὐποτὰγηθι
2814 4340 2911 4409 τῆς
2968 4334 3209 4396 δουλείας
3264 4329 3447 4384 αὐτοῦ.
3506 4322 3637 4380 Εἶτα
3667 4325 3899 4393 ἐπάγει,
3941 4327 4033 4379 ὅτι

2434 4440 2574 4502 Ain?)
2603 4436 2761 4490 τοῦτο
2793 4432 2921 4502 παρ’
2954 4427 3115 4485 αὑτοῦ
3140 4421 3365 4488 ἐλπίζω,
3408 4422 3467 4474 τὸ
3498 4420 3769 4489 σωτηρίας
3797 4421 4035 4487 τυχεῖν.

769 4527 1140 4590 accepturum,
1172 4514 1422 4569 videlicet
1457 4512 1686 4568 salutem
1717 4525 1803 4564 me
1831 4509 2001 4579 ipsius
2030 4505 2332 4577 patrocinio

2437 4526 2985 4598 ἀντιλαμϐανομένου,
3011 4522 3105 4575 καὶ
3133 4519 3207 4589 μὴ
3227 4512 3628 4587 συγχωροῦντος
3658 4509 4037 4580 μετανάστην

768 4620 1231 4675 consecuturum;
1287 4623 1463 4678 neque
1502 4606 1648 4660 enim
1682 4604 1824 4659 sinet
1872 4617 1958 4656 me
2002 4602 2331 4655 desertorem

768 4722 833 4761 ac
860 4702 1198 4773 transfugam
1223 4700 1292 4754 ab
1317 4700 1437 4768 ipso
1465 4712 1607 4758 esse,
1640 4697 1756 4751 sive
1781 4695 1833 4749 in
1865 4693 2011 4747 aliud
2034 4692 2335 4747 dominium

770 4795 1082 4853 transferri.
1105 4793 1233 4849 lnde
1259 4791 1461 4863 quippe
1495 4790 1724 4845 salutem
1758 4794 2016 4855 exspecto
2042 4783 2335 4839 auxilium-

771 4904 877 4960 que
912 4888 1105 4958 ipsius,
1137 4889 1265 4957 quia
1293 4886 1348 4939 iu
1376 4898 1441 4939 eo
1476 4897 1623 4951 spem
1658 4879 1877 4950 reposui
1914 4875 2140 4946 meam]

844 4978 899 5033 9.
941 4975 1159 5046 Sperate
1206 4975 1262 5028 in
1310 4989 1369 5026 eo
1414 4973 1581 5026 omnis
1632 4969 1961 5040 congregatio
2004 4964 2333 5034 populorum.

773 5068 1069 5137 Postquam
1098 5067 1152 5120 in
1186 5066 1307 5135 ipso
1346 5064 1524 5134 primo
1557 5074 1779 5116 cursum
1822 5066 2104 5127 paraverat
2132 5055 2197 5110 ad
2224 5071 2338 5124 pm-

774 5159 1082 5223 nitentiam,
1118 5157 1183 5210 ad
1214 5155 1446 5224 idipsum
1482 5153 1619 5208 alios
1658 5151 1999 5212 cohortatur,
2033 5156 2193 5216 atque
2233 5161 2339 5200 una

775 5250 1091 5321 pr0phetico
1130 5263 1226 5302 ore
1270 5248 1512 5301 omnium
1560 5243 1798 5312 gentium
1832 5241 2173 5295 vocationem
2214 5254 2341 5307 pra:-

775 5346 1007 5401 nuntiat.
1060 5341 1331 5412 Eﬂ‘undite
1362 5357 1541 5394 coram
1574 5338 1667 5392 illo
1702 5338 1864 5392 corda
1896 5347 2085 5390 vestra.
2111 5334 2341 5389 Perinde

773 5449 854 5493 est
887 5452 950 5490 ac
976 5437 1020 5491 si
1045 5437 1244 5489 diceret
1272 5452 1283 5487 :
1320 5430 1393 5486 Ne
1417 5429 1653 5487 accedite
1681 5429 1748 5482 ad
1776 5443 1899 5482 eum
1921 5425 2083 5479 corde
2112 5426 2333 5492 duplici.

778 5527 881 5583 Sed
932 5536 990 5579 ut
1035 5525 1295 5592 scriptum
1339 5521 1481 5575 est"
1526 5539 1539 5572 :
1589 5517 1787 5587 Diliges
1838 5514 2121 5567 Demittunt
2170 5510 2337 5566 Deum

778 5631 926 5676 tuum
958 5633 1023 5671 ea:
1052 5625 1158 5669 toto
1185 5614 1337 5667 corde
1370 5624 1458 5666 tuo
1484 5620 1534 5665 et
1558 5624 1620 5663 ea:
1647 5618 1759 5661 tota
1785 5616 1951 5660 mente
1981 5615 2093 5657 tua.

846 5823 891 5856 ’ί
921 5823 1063 5879 Psal.
1100 5834 1287 5887 xcvm,
1320 5819 1407 5875 ει.

2433 4617 2685 4690 γενέσθαι
2718 4615 2809 4669 καὶ
2832 4613 3045 4683 φυγάδα
3073 4610 3165 4663 ἀπ’
3193 4606 3378 4669 αὑτοῦ,
3402 4606 3517 4676 ἦτοι
3550 4598 3875 4653 δεσποτείαν
3902 4598 4042 4651 ὲτὲ-

2436 4730 2536 4785 ραν
2565 4706 2915 4776 ἀλλάξασθαι.
2959 4702 3198 4758 Ἐκεῖθεν
3219 4701 3326 4771 γάρ
3372 4692 3652 4770 προσδοκῶ
3688 4692 3785 4785 καὶ
3816 4690 4043 4785 ξεί)ςεῖ

2438 4779 2581 4869 σθαι,
2617 4800 2710 4855 καὶ
2742 4800 2803 4852 τὸ
2833 4793 3162 4867 βοηθεῖσθαι,
3198 4794 3261 4845 ὲκ
3284 4789 3378 4845 τοῦ
3404 4787 3491 4841 ἐπ’
3515 4785 3677 4839 αὐτὸν
3698 4779 4043 4855 anitum]

2518 4961 2839 5018 ἐλπίσατε
2866 4955 2958 5009 ἐπ’
2991 4952 3178 5009 αὐτὸν
3196 4991 3212 5016 ,
3255 4947 3421 5003 πᾶσα
3464 4937 3787 5010 συναγωγὴ
3814 4937 4043 4994 λαῶν-

2450 5054 2537 5106 Ἐν
2572 5052 2721 5120 αὐτῷ
2751 5046 2952 5118 πρώτῳ
2981 5038 3402 5113 παρασκευάσας
3454 5034 3545 5087 τὸν
3587 5031 3689 5093 είςο
3715 5025 4051 5099 μετάνοιαν

2436 5145 2653 5215 δρόμον,
2680 5140 2774 5195 καὶ
2800 5140 2925 5203 τοὺς
2948 5136 3136 5198 ἄλλους
3164 5135 3243 5195 εἰς
3268 5130 3424 5184 τοῦτο
3445 5122 3771 5198 παρακαλεῖ,
3809 5120 3951 5191 ἅμα
3982 5124 4053 5177 δὲ

2440 5239 2531 5290 καὶ
2565 5231 3042 5305 προφητικώτερον
3076 5226 3173 5297 τὴν
3200 5223 3307 5277 τῶν
3326 5219 3494 5275 ἐθνῶν
3520 5218 3735 5271 πάντων
3773 5229 4057 5283 προανα-

2443 5326 2612 5395 φωνεῖ
2636 5323 2845 5392 κλῆσιν.
2890 5320 3166 5389 Ἔκχέατε
3208 5314 3461 5368 ἐνώπιον
3501 5305 3689 5362 αὐτοῦ
3717 5306 3827 5369 τὰς
3884 5324 4060 5375 καρ-

2442 5417 2574 5481 δίας
2611 5415 2799 5485 ὑμιῖιν.
2851 5414 3072 5482 Ὅμοιον
3127 5409 3258 5461 ὡσεὶ
3306 5406 3489 5473 λέγοι·
3537 5399 3631 5470 Μὴ
3677 5397 4059 5469 προσὲυἱτητε

2443 5508 2590 5579 αὑτῷ
2616 5510 2673 5560 ἐν
2702 5504 2897 5577 καρδία
2922 5504 3076 5572 δισσῇ
3098 5520 3110 5531 ·
3138 5501 3251 5554 ἀλλ’
3280 5498 3355 5560 ὡς
3389 5494 3727 5567 γέγραπταιο
3776 5492 4063 5559 Ἀτιιπη.

2444 5617 2573 5668 σεις
2607 5601 2825 5668 Κύριον
2850 5596 2955 5650 τὸν
3001 5594 3151 5648 Θεόν
3175 5608 3292 5645 σου
3321 5588 3390 5651 ἐξ
3417 5584 3565 5652 ὅλης
3603 5580 3713 5650 τῆς
3767 5582 4061 5649 καρδίας

2448 5711 2585 5757 σου,
2625 5691 2721 5745 καὶ
2753 5690 2819 5755 ἐξ
2848 5688 2994 5755 ὅλης
3020 5684 3124 5752 τῆς
3150 5681 3414 5746 διανοίας
3452 5691 3591 5731 σου.

1485 5820 1525 5849 ’τ
1558 5816 1575 5870 l
1605 5816 1727 5872 Cor.
1766 5834 1817 5881 λ,
1860 5816 1939 5868 l3.
2019 5814 2061 5845 ³⁸
2088 5810 2276 5867 Matth.
2315 5828 2451 5875 uti,
2489 5808 2574 5863 57.
