4086 6308
761 353 868 408 279

1596 344 1652 402 S.
1694 341 2058 400 ATHANASII
2096 341 2246 396 OPP.
2285 336 2464 394 PARS
2503 335 2587 394 Ill.
2623 365 2694 375 ——
2731 331 3137 390 EXEGETICA.

3869 326 3969 381 280

764 469 975 533 solum,
1037 479 1090 521 et
1141 477 1294 521 tuum
1349 467 1400 518 in
1449 463 1850 534 precationibus
1909 477 2102 517 nomen
2169 461 2320 514 invo—

2423 454 2640 519 ἐκτενῶ,
2669 453 2782 506 ἀλλ’
2829 454 2862 524 ἦ
2890 452 2971 506 σοὶ
3004 450 3166 521 μόνῳ,
3208 448 3302 502 καὶ
3347 447 3408 501 τὸ
3444 447 3533 502 σὺν
3567 449 3622 500 ὲν
3648 451 3968 518 προσευχαῖς

764 561 915 614 cabo.

834 646 886 703 6.
915 645 1062 700 Sicut
1096 647 1248 713 adipe
1280 653 1329 699 et
1353 645 1664 714 pinguedine
1695 651 1956 713 repleatur
1977 642 2157 694 anima
2180 655 2314 693 mea.

760 737 1005 792 Ostendit
1034 746 1294 806 quantum
1335 736 1404 790 sit
1453 736 1660 790 lucrum
1695 751 1882 790 eorum
1924 734 2017 804 qui
2047 734 2098 787 in
2138 733 2315 802 ipsum

761 828 936 884 solum
970 843 1118 897 spem
1163 829 1465 898 posuerint.
1511 826 1578 880 Et
1607 828 1762 880 labiis
1792 826 2160 892 exsultationis
2201 826 2316 878 lau-

761 920 903 973 dabit
941 936 997 972 os
1031 935 1222 973 meum.
1257 919 1414 985 Cum,
1465 920 1674 989 inquit,
1723 919 1776 972 in
1823 917 2138 972 memoriam
2181 916 2312 970 mihi

758 1013 906 1066 venit
949 1027 1142 1066 nomen
1184 1023 1369 1080 tuum,
1431 1021 1560 1066 tunc
1603 1012 1799 1082 gaudio
1854 1011 2128 1080 replentur
2175 1008 2314 1064 labia

757 1121 897 1162 mea.

828 1197 879 1250 7.
921 1195 980 1251 Si
1011 1214 1205 1250 memor
1246 1198 1324 1266 {ui
1355 1199 1431 1252 tui
1464 1215 1615 1268 super
1645 1207 1869 1252 stratum
1899 1214 2085 1251 meum.
2135 1197 2269 1251 Illud
2300 1216 2312 1250 :

757 1286 815 1340 Si
839 1304 1036 1341 memor
1065 1290 1164 1357 fui,
1196 1289 1432 1359 positum
1471 1305 1591 1358 pro,
1614 1305 1732 1342 cum
1755 1304 1952 1342 memor
1973 1303 2127 1352 sum;
2162 1295 2220 1340 ut
2247 1290 2318 1341 sit

755 1381 1019 1434 sententia
1049 1397 1061 1431 :
1094 1397 1217 1434 cum
1241 1395 1449 1436 memor
1477 1382 1552 1434 tui
1578 1396 1775 1446 essem,
1803 1378 2001 1449 inquit,
2035 1379 2316 1433 insomnes

756 1470 884 1526 duxi
916 1482 1122 1538 noctes,
1165 1472 1414 1526 laudibus
1445 1471 1551 1525 tuis
1581 1487 1800 1539 vacans,
1831 1481 1885 1525 et
1911 1470 2143 1525 illustria
2172 1471 2312 1525 dona

755 1571 848 1618 tua
894 1564 1197 1632 accipiens,
1246 1579 1367 1632 quae
1415 1563 1789 1618 invocantibus
1824 1571 1876 1617 te
1910 1563 2122 1618 tribuis.
2176 1561 2315 1627 Quia

753 1652 901 1720 fuisti
936 1654 1151 1721 adjutor
1181 1670 1344 1720 meus,
1377 1662 1426 1708 et
1468 1656 1520 1707 iu
1548 1653 1834 1707 velamento
1865 1652 2072 1706 alarum
2102 1661 2314 1705 tuarum

750 1743 1041 1798 exsultabo.
1064 1744 1534 1814 Quandoquidem,
1565 1745 1658 1809 ait,
1689 1755 1745 1798 tu
1773 1744 1906 1798 mihi
1929 1741 2187 1799 custodia
2210 1751 2314 1796 tua:

751 1833 1017 1888 auxilium
1051 1835 1319 1905 impendis
1343 1878 1356 1900 ,
1388 1836 1627 1889 laetitiam
1671 1837 1900 1905 excipio.
1934 1835 2309 1890 Velamentum

751 1925 898 1979 enim
929 1927 1139 1981 alarum
1169 1937 1324 1981 vocat
1351 1926 1611 1981 custodia:
1632 1928 1916 1982 auxilium.
1947 1927 1987 1980 A
2021 1935 2092 1991 te,
2117 1927 2308 1998 inquit.

752 2026 1025 2086 protectus
1055 2035 1394 2088 summopere
1423 2019 1684 2088 gaudebo.

825 2195 881 2250 9.
919 2194 1156 2248 Adhaesit
1192 2197 1370 2249 anima
1400 2214 1514 2250 mea
1539 2207 1653 2266 post
1684 2207 1748 2251 te.
1781 2196 1861 2252 Ne
1885 2197 2153 2251 tantillum
2188 2199 2311 2267 qui-

751 2287 873 2341 dem
896 2301 1118 2357 possum
1144 2301 1173 2340 a
1202 2289 1529 2358 cogitatione
1559 2305 1676 2346 mea
1717 2290 2034 2342 memoriam
2068 2290 2141 2343 tui
2167 2306 2312 2344 aver-

753 2385 888 2429 tere.
933 2374 1037 2430 Sed
1078 2377 1284 2432 amoris
1330 2377 1602 2433 incentivo
1646 2379 1907 2444 adustus,
1962 2396 2060 2434 ceu
2104 2381 2310 2450 glutino

754 2467 988 2536 quodam
1039 2469 1345 2534 memoriae,
1381 2469 1474 2522 tibi
1508 2468 1776 2523 desiderio
1804 2471 2125 2540 conjunctus
2168 2487 2308 2525 sum.

759 2556 844 2610 Me
878 2559 1100 2627 suscepit
1140 2560 1352 2612 dextera
1385 2568 1496 2613 tua.
1529 2558 1710 2628 Ecqua
1739 2569 1914 2615 autem
1950 2559 2108 2614 fuerit
2138 2560 2310 2618 Patris

750 2651 988 2714 dextera,
1022 2651 1125 2705 nisi
1156 2649 1465 2720 unigenitus
1494 2650 1615 2718 ejus
1642 2649 1848 2705 Filius?

823 2827 906 2883 10.
935 2827 1048 2898 Ipsi
1077 2832 1272 2884 vero-in
1298 2847 1487 2884 vanum
1511 2831 1832 2898 quwsieruat
1862 2831 2093 2884 animam
2122 2849 2305 2886 meam.

751 2919 1026 2975 Ocelamat
1075 2921 1291 2976 demum
1343 2929 1532 2976 contra
1581 2921 1923 2977 adversarias
1987 2932 2304 2992 potestates,

753 3010 859 3063 vim
915 3011 1111 3064 illatam
1165 3011 1268 3066 sibi
1320 3011 1612 3080 objiciens,
1655 3029 1852 3083 rogans
1895 3016 2112 3070 aeternis
2164 3016 2309 3084 ipsas

753 3101 891 3156 tradi
925 3101 1204 3171 suppliciis
1233 3102 1365 3173 (25).
2334 3134 2378 3192 α

820 3193 910 3247 12.
944 3192 1056 3247 Rea;
1094 3210 1210 3247 vero
1247 3194 1512 3248 (relabitur
1556 3196 1610 3246 in
1655 3194 1782 3247 Deo.
1825 3193 2112 3265 Postquam
2147 3195 2308 3251 finem

750 3297 939 3338 eorum
973 3286 1248 3338 enarravit
1273 3286 1366 3355 qui
1393 3302 1519 3356 erga
1566 3286 1846 3340 Christum
1875 3287 2025 3357 impii
2060 3286 2302 3353 fuerunt,

748 3384 802 3428 et
817 3375 1117 3432 declaravit
1141 3378 1194 3432 in
1228 3388 1432 3448 partem
1463 3379 1596 3449 ipsis
1612 3389 1665 3434 et
1682 3392 1882 3435 sortem
1911 3381 2027 3435 fore
2053 3381 2310 3436 inferiora

748 3476 926 3535 terrae,
970 3470 1038 3523 ad
1079 3469 1243 3524 alium
1293 3471 1575 3524 hominum
1607 3479 1805 3524 statum
1833 3480 1887 3524 et
1913 3471 2159 3526 ordinem
2190 3487 2306 3528 ser-

748 3573 963 3611 monem
993 3559 1290 3624 convertit,
1342 3560 1395 3614 id
1440 3570 1557 3626 est,
1605 3577 1792 3615 eorum
1822 3561 1916 3631 qui
1945 3563 1998 3615 in
2034 3561 2307 3618 Christum

748 3647 1128 3716 crediderunt,
1165 3650 1256 3719 qui
1285 3665 1408 3704 cum
1453 3667 1619 3722 regno
1647 3653 1909 3708 cmlorum
1939 3653 2144 3723 dignati
2178 3655 2307 3723 sint,

750 3752 902 3808 reges
936 3738 1059 3806 jure
1089 3750 1389 3808 vocantur,
1413 3741 1568 3810 juxta
1612 3743 1739 3796 illud
1785 3743 1987 3798 dictum
2016 3743 2304 3813 Apostoli:

750 3827 818 3880 Et
852 3831 1057 3882 utinam
1084 3833 1304 3899 regnetis
1322 3831 1388 3884 ”.
1436 3831 1535 3886 llic
1565 3839 1746 3886 autem
1785 3842 1901 3885 erat
1943 3834 2174 3902 populus
2206 3835 2302 3905 qui

749 3917 1024 3986 regnabat,
1057 3919 1259 3987 quique
1286 3919 1570 3974 ltetabatur
1610 3922 1790 3976 laetitia
1818 3923 2085 3991 spirituali
2104 3964 2120 3992 ,
2144 3940 2308 3994 quam

750 4007 850 4076 ipsi
874 4006 1011 4063 Deus
1041 4010 1154 4078 ipse
1185 4011 1412 4081 largitus
1445 4020 1547 4067 est.
1580 4011 1712 4083 Ego,
1745 4015 1938 4083 inquit,
1962 4015 2057 4085 qui
2083 4031 2310 4087 regnum

749 4099 928 4168 acccpi
962 4101 1028 4155 de
1067 4103 1270 4156 auxilio
1303 4112 1428 4168 tuo,
1466 4119 1574 4158 non
1603 4104 1670 4157 de
1704 4105 1945 4172 ipsorum
1980 4116 2151 4161 morte
2181 4124 2314 4178 gau-

749 4190 868 4244 deo.
901 4189 1286 4245 Laudabuntur
1315 4210 1489 4247 omnes
1519 4195 1610 4263 qui
1643 4195 1832 4262 juraat
1874 4199 1926 4247 in
1956 4213 2035 4249 eo.
2077 4196 2152 4252 Ita
2175 4239 2190 4264 ,
2229 4201 2312 4253 in-

749 4280 886 4349 quit,
918 4281 1090 4351 gloria
1123 4282 1363 4351 ipsorum
1395 4283 1650 4337 Christus
1677 4284 1800 4348 erit,
1832 4301 2023 4340 eorum
2064 4288 2312 4345 videlicet

747 4375 842 4442 qui
888 4375 1224 4444 regnabunt;
1259 4385 1316 4429 ut
1338 4376 1463 4444 jure
1493 4376 1801 4441 laudentur,
1837 4378 1965 4447 quia
2007 4395 2130 4433 eum
2158 4380 2311 4450 jura-

2416 543 2835 614 ἐπικαλούμενος
2864 543 3052 613 ὄνομα.

2496 640 2592 703 Ὠς
2607 638 2677 691 ἐκ
2727 636 2980 701 στέατος
3014 633 3115 688 καὶ
3172 633 3450 700 πιότητος
3505 631 3878 702 ἐμπλησθείη
3931 633 3967 699 ἡ

2415 728 2582 797 ψυχή
2609 747 2740 796 μου.
2773 727 3020 780 Δείκνυσι
3055 725 3218 779 πόσον
3242 723 3304 778 τὸ
3339 723 3528 796 κέρδος
3556 723 3665 776 τῶν
3707 725 3794 776 ἐπ’
3823 723 3970 793 αὐτῷ

2419 821 2563 890 μόνῳ
2587 820 2684 883 τὰς
2713 819 2935 881 ἐλπίδας
2961 818 3103 888 ἔχειν
3135 816 3441 888 ᾑρημένων.
3463 815 3572 869 Καὶ
3602 815 3773 883 χείλη
3794 815 3973 883 ἀταλ-

2415 911 2670 978 λιάσεως
2696 911 2920 964 αἰνέσει
2942 909 3004 963 τὸ
3030 911 3223 979 στόμα
3243 927 3384 978 μου.
3433 907 3599 962 Ὅταν
3618 947 3634 972 ,
3679 907 3839 978 φησὶ,
3881 906 3971 959 τοῦ

2418 1003 2511 1057 σού
2540 1005 2598 1056 ὲν
2627 1005 2816 1075 μνήμῃ
2839 1001 3101 1072 ὀνόματος
3122 1000 3379 1071 γίνωμαι,
3399 1000 3518 1054 τότε
3545 999 3610 1070 δὴ
3642 998 3761 1052 τότε
3802 1001 3973 1068 χαρᾶς

2419 1095 2714 1167 πληροῦται
2743 1094 2808 1147 τὰ
2833 1094 2983 1164 χείλη
3011 1111 3132 1162 μου.

2486 1189 2555 1241 El
2576 1186 2982 1256 ἑμνημόνευόν
3009 1200 3125 1238 σου
3150 1184 3246 1238 ἐπὶ
3269 1181 3374 1251 τῆς
3395 1182 3707 1252 στρωμνῆς
3721 1201 3862 1252 μου.
3883 1183 3974 1248 Τὸ,

2417 1280 2485 1332 El
2508 1279 2934 1348 ἐμνημόνευον,
2963 1277 3083 1331 ἀντὶ
3109 1276 3223 1342 τοῦ,
3262 1275 3671 1345 μνημονεύων,
3704 1274 3972 1328 τέθειται·

2418 1369 2502 1421 ἵνα
2530 1363 2586 1442 ᾗ,
2645 1367 2994 1439 μνημονεύων
3045 1383 3135 1420 σου
3155 1406 3170 1432 ,
3231 1367 3393 1437 φησὶν
3413 1404 3429 1430 ,
3473 1366 3673 1428 ἄϋπνος
3713 1365 3976 1435 ἐγενόμην

2418 1461 2544 1532 περὶ
2567 1460 2663 1524 τὰς
2697 1459 2795 1524 σὰς
2823 1461 3076 1524 αἱνέσεις,
3104 1458 3198 1513 καὶ
3225 1458 3321 1521 τὰς
3348 1460 3612 1527 φωτεινὰς
3663 1473 3755 1509 σου
3812 1474 3977 1526 χορη-

2415 1549 2561 1617 γίας,
2586 1548 2651 1612 ἃς
2683 1551 2794 1612 τοῖς
2827 1548 3272 1618 ἐπικαλουμένοις
3308 1564 3367 1600 σε
3401 1547 3575 1610 δίδως.
3610 1549 3731 1600 Ὅτι
3774 1546 3978 1616 ἐγενή-

2416 1646 2526 1709 θης
2553 1642 2781 1709 ,ϐοηθός
2804 1657 2943 1710 μου,
2975 1641 3072 1695 καὶ
3103 1641 3174 1693 ἐν
3203 1639 3276 1708 τῇ
3307 1640 3503 1709 σκέπῃ
3531 1637 3649 1692 τῶν
3675 1639 3978 1708 πτερύγων

2415 1746 2531 1786 σου
2564 1729 3022 1802 ἀγαλλιάσομαι.
3069 1729 3283 1800 Ἐπειδὴ
3319 1727 3483 1791 αὐτός
3508 1745 3597 1798 μοι
3649 1726 3864 1798 βοηθεῖς
3914 1730 3976 1798 τῇ

2416 1824 2626 1895 φυλακῇ
2656 1825 2754 1895 τῆς
2785 1823 2886 1892 σῆς
2913 1821 3180 1894 βοηθείας,
3218 1820 3315 1892 τὴν
3349 1819 3686 1891 εὐφροσύνην
3727 1819 3971 1889 δέχομαι.

2414 1915 2628 1985 Σκέπην
2657 1915 2764 1985 γὰρ
2813 1913 3096 1986 πτερύγων
3129 1912 3284 1965 καλεί
3307 1911 3403 1981 τὴν
3447 1910 3554 1964 ἀπὸ
3582 1910 3681 1980 τῆς
3725 1909 3975 1980 βοηθείας

2415 2005 2679 2076 φυλακήν.
2708 2006 3069 2076 Σκεπόμενος,
3103 2003 3256 2074 φησι,
3291 2003 3440 2074 παρὰ
3481 2003 3574 2056 σοῦ
3615 2003 3764 2074 χαρᾷ
3801 2004 3974 2074 χαρή-

2415 2113 2594 2167 σομαι.

2494 2188 2829 2255 Ἐκολλήθη
2860 2189 2896 2254 ἠ
2928 2186 3095 2255 ψυχή
3120 2204 3238 2254 μου
3271 2187 3462 2239 ὀπίσω
3502 2201 3637 2238 σου.
3673 2183 3809 2237 Οὐδὲ
3841 2183 3976 2255 πρὸς

2414 2280 2583 2351 βραχὺ
2609 2280 2698 2331 τὸν
2732 2278 2861 2348 ἐμὸν
2892 2279 3166 2349 λογισμὸν,
3213 2279 3366 2346 φησὶ,
3400 2278 3497 2347 τῆς
3544 2277 3641 2347 σῆς
3673 2276 3977 2347 ἀποστῆσαι

2409 2370 2639 2440 δύναμαι
2661 2371 2898 2440 μνήμης,
2943 2369 3100 2422 Ἀλλὰ
3132 2370 3338 2441 φίλτρῳ
3358 2367 3546 2439 θερμῷ
3570 2369 3976 2438 πυρσευόμενος

2412 2457 2521 2514 οἷόν
2549 2479 2651 2514 τινι
2682 2461 2843 2533 κόλλῃ
2870 2464 2934 2531 τῇ
2965 2464 3170 2533 μνήμῃ,
3205 2461 3283 2532 τῷ
3311 2461 3387 2532 σῷ
3414 2461 3560 2532 πόθῳ
3593 2461 3973 2532 προσδέδεμαι.

2413 2549 2544 2608 Εἶτα
2563 2553 2796 2606 δείκνυσι
2820 2553 2910 2605 τὸν
2935 2552 3027 2605 τοῦ
3053 2553 3216 2606 πόθου
3251 2553 3477 2623 καρπόν.
3516 2553 3693 2621 Ἑμοῦ
3718 2552 3790 2605 δὲ
3839 2554 3977 2606 ἀντ-

2411 2643 2650 2698 ελάϐετο
2677 2646 2715 2712 η
2741 2643 2909 2708 δεξιὰ
2934 2659 3069 2697 σου.
3092 2643 3201 2696 Καὶ
3227 2643 3308 2706 τίς
3341 2643 3406 2697 ἂν
3439 2642 3524 2713 εἴη
3554 2643 3703 2707 δεξιὰ
3733 2644 3832 2696 τοῦ
3861 2644 3972 2696 Πα-

2410 2737 2537 2808 τρὸς
2565 2737 2598 2808 ἢ
2624 2738 2652 2789 ὁ
2688 2736 2977 2808 μονογενὴς
3007 2735 3170 2790 αὑτοῦ
3193 2737 3318 2799 Υἱός
3341 2753 3356 2800 ;
3448 2812 3451 2813 ν

2480 2828 2659 2882 Αὐτοὶ
2677 2827 2744 2880 δὲ
2770 2830 2856 2892 εἰς
2872 2827 3070 2896 μάτην
3105 2827 3401 2896 ἐζήτησαν
3436 2828 3548 2894 τὴν
3592 2827 3807 2896 ψυχήν
3833 2844 3973 2896 μου.

2412 2919 2762 2990 Κατακράζει
2783 2918 2968 2972 λοιπὸν
3000 2918 3106 2970 τῶν
3145 2919 3531 2987 ἀντικειμένων
3566 2919 3849 2990 δυνάμεων
3868 2958 3884 2983 ,
3913 2922 3978 2988 ἣν

2413 3011 2668 3081 ὑπέμεινε
2701 3011 3129 3081 προϐαλλόμενος
3166 3009 3319 3079 βίαν,
3354 3008 3640 3080 εὐχόμενος
3689 3013 3809 3072 ταῖς
3848 3013 3977 3063 αἰω-

2411 3099 2543 3163 νίοις
2570 3101 2764 3164 αὐτοὺς
2791 3100 3151 3172 παραδοθῆναι
3180 3101 3481 3154 κολάσεσιν.

2493 3190 2546 3243 Ὁ
2575 3189 2642 3244 δὲ
2662 3191 2962 3258 βασιλεὺς
2993 3191 3468 3260 εὐφρανθήσεται
3488 3192 3587 3246 ἐπὶ
3614 3191 3696 3258 τῷ
3728 3192 3873 3260 Θεῷ.
3904 3195 3976 3247 Τὸ

2411 3279 2560 3342 τέλος
2589 3281 2695 3334 τῶν
2725 3281 2803 3344 εἰς
2828 3280 3062 3351 Χριστὸν
3099 3279 3480 3352 ἀσεϐησάντων
3517 3280 3821 3346 διεξελθὼν,
3881 3282 3977 3335 καὶ

2411 3370 2608 3435 δείξας,
2649 3372 2723 3434 ὡς
2752 3371 2907 3442 μερὶς
2930 3374 3024 3425 καὶ
3045 3371 3244 3442 κλῆρος
3271 3371 3454 3436 αὐτοῖς
3487 3374 3770 3443 γενήσεται
3793 3373 3864 3427 τὰ
3882 3391 3976 3427 κα-

2411 3460 2628 3516 τώτατα
2655 3462 2795 3534 μέρη
2822 3463 2920 3534 τῆς
2947 3463 3070 3534 γῆς,
3111 3464 3203 3517 ἐπὶ
3234 3463 3294 3516 τὸ
3318 3462 3503 3536 ἕτερον
3526 3464 3710 3534 τάγμα
3755 3464 3847 3517 τὸν
3886 3464 3975 3517 λό-

2411 3572 2504 3624 γον
2539 3555 2849 3626 μεθίστησι·
2883 3556 3042 3610 τοῦτο
3063 3557 3118 3610 δὲ
3143 3553 3210 3628 ἦν
3234 3557 3294 3612 τὸ
3329 3559 3437 3611 τῶν
3460 3559 3863 3613 πιστευσάντων
3893 3562 3974 3624 εἰς

2411 3648 2667 3718 Χριστὸν,
2707 3649 2779 3714 οἳ,
2807 3651 2902 3702 καὶ
2952 3649 3223 3719 βασιλείας
3254 3648 3544 3721 ἠξιωμένοι
3567 3652 3674 3704 τῶν
3703 3651 3974 3724 οὐρανῶν,

2410 3739 2630 3802 εἰκότως
2663 3739 2754 3792 καὶ
2791 3739 3028 3809 βασιλεῖς
3047 3739 3419 3811 ὀνομάζονται,
3468 3742 3611 3796 κατὰ
3644 3742 3706 3795 τὸ
3741 3744 3972 3814 εἰρημέ-

2411 3847 2498 3882 νον
2529 3829 2678 3899 παρὰ
2701 3829 2777 3899 τῷ
2813 3829 3144 3902 ’Λποστόλιεν
3173 3831 3284 3884 Καὶ
3309 3830 3542 3901 ὤφελόν
3565 3849 3631 3901 γε
3662 3833 3975 3887 ἐϐασιλεύ-

2411 3937 2575 3975 σατε.
2617 3914 2782 3985 Οὗτος
2805 3921 2862 3973 δὲ
2884 3917 2951 3992 ἦν
2979 3924 3006 3974 ὁ
3031 3921 3327 3992 βασιλεύων
3353 3921 3499 3987 λαὸς,
3531 3923 3591 3986 ὃς
3615 3925 3971 3995 εὐφραίνεται

2411 4011 2506 4083 τὴν
2533 4012 2725 4084 νοητὴν
2755 4011 3112 4084 εὐφροσύνην,
3139 4013 3206 4086 ἣν
3232 4014 3392 4078 αὐτὸς
3416 4013 3564 4084 αὐτῷ
3594 4015 3914 4086 κεχάρισται
3942 4019 3975 4069 ὁ

2410 4105 2559 4168 Θεός.
2601 4104 2759 4173 Ἐγὼ,
2785 4106 2969 4174 φησὶν,
2999 4108 3027 4158 ὁ
3062 4105 3212 4177 παρὰ
3237 4106 3329 4159 σοῦ
3349 4107 3446 4178 τὴν
3469 4107 3741 4176 βασιλείαν
3769 4107 3967 4173 λαϐὼν,

2410 4200 2476 4266 τῇ
2513 4200 2576 4267 σῇ
2603 4197 2910 4267 ἐπικουρίᾳ,
2943 4198 3003 4250 ού
3034 4197 3112 4268 τῷ
3151 4198 3363 4270 θανάτῳ
3406 4200 3646 4264 ἐκείνων,
3681 4201 3970 4271 ἐφήδομαι.

2423 4287 2901 4353 Ἐπαινεοήσεται
2927 4287 3045 4355 πᾶς
3087 4292 3120 4342 ὀ
3161 4289 3398 4358 ὀμνύων
3442 4291 3510 4343 ἐν
3536 4290 3716 4356 αὐτῷ.
3767 4291 3973 4356 Οὕτως,

2412 4381 2564 4449 φησὶ,
2597 4379 2688 4432 καὶ
2708 4378 2966 4450 καύχημα
2988 4379 3164 4434 αὐτῶν
3199 4380 3349 4435 ἔσται
3378 4381 3610 4453 Χριστὸς
3628 4422 3644 4444 ,
3672 4381 3783 4436 τῶν
3820 4383 3975 4454 βασι·-

750 4465 916 4519 menti
942 4462 1107 4520 Deum
1139 4474 1407 4520 statuunt.
1436 4465 1705 4522 Jurabunt
1729 4469 1872 4523 enim
1903 4485 1996 4538 per
2023 4469 2192 4526 Deum
2221 4487 2310 4528 ve-

2414 4472 2714 4526 λευσάντων
2744 4471 2981 4542 δηλονότι
3005 4485 3018 4500 '
3044 4471 3119 4535 ὡς
3147 4473 3239 4525 καὶ
3275 4474 3458 4544 ὅρκιον
3505 4473 3665 4527 αὐτὸν
3711 4475 3974 4546 ποιουμέ-

749 4573 893 4622 rum,
925 4557 1067 4612 sicut
1100 4559 1359 4627 scriptum
1394 4567 1494 4616 est.
1533 4556 1671 4623 Quia
1704 4561 2027 4614 obstructum
2054 4571 2132 4617 est
2159 4579 2215 4619 os
2241 4563 2313 4618 lo-

749 4648 1017 4718 quentium
1045 4650 1246 4720 iniqua.
1279 4649 1580 4720 Ecquinam
1616 4661 1745 4706 sunt
1775 4654 1850 4706 illi
1875 4695 1890 4719 ,
1935 4653 2041 4710 nisi
2070 4655 2163 4725 qui
2194 4657 2312 4712 ausi

751 4750 878 4796 sunt
905 4741 1084 4795 dicere
1112 4761 1124 4794 :
1154 4741 1296 4796 Tolle
1325 4745 1388 4797 de
1413 4755 1552 4798 terra
1577 4744 1898 4813 Imjusmodi,
1932 4765 2033 4800 non
2054 4749 2190 4801 enim
2223 4765 2314 4801 ea:-

750 4835 891 4903 pcdit
936 4851 1053 4888 eum
1099 4836 1334 4890 vivere'?
1383 4835 1586 4892 Horum
1641 4839 1825 4909 itaque
1863 4854 1927 4894 os
1969 4841 2309 4895 obstructum

752 4935 873 4989 est,
921 4935 1205 4996 postquam
1259 4927 1522 4983 Dominus
1565 4940 1794 4984 mortem
1841 4933 2212 4988 conculcasset
2246 4948 2310 4988 ac

753 5026 876 5087 post
916 5018 1152 5073 triduum
1201 5021 1608 5078 resurrexisset.
1659 5021 2009 5091 lpsarumque
2051 5023 2307 5079 adversa-

753 5109 956 5164 riarum
1001 5120 1326 5180 potestatum
1360 5129 1422 5167 os
1465 5113 1802 5168 obstructum
1840 5114 1966 5180 fuit,
2000 5116 2177 5172 ablato
2215 5134 2309 5188 per

754 5201 979 5270 gratiam
1012 5213 1253 5272 peccato,
1288 5215 1345 5259 ut
1379 5205 1506 5259 alibi
1534 5207 1739 5261 dictum
1775 5216 1857 5263 est
1882 5223 1895 5259 :
1924 5207 1989 5261 Et
2018 5210 2183 5263 omnis
2205 5211 2310 5264 iui-

752 5296 925 5360 quitas
954 5297 1202 5365 oppilabit
1225 5315 1279 5350 os
1310 5316 1460 5352 suum
1481 5303 1521 5354 ’.
1554 5297 1686 5354 Deus
1710 5301 1850 5354 enim
1881 5311 1956 5355 est
1977 5303 2306 5371 quijudicat,

750 5397 803 5443 rt
837 5392 950 5458 quis
978 5399 1053 5444 est
1080 5394 1169 5457 qui
1203 5392 1500 5445 condemnet
1519 5392 1572 5445 3?

827 5596 871 5628 τ’
901 5595 1069 5654 lCor.
1112 5615 1182 5662 Iv,
1208 5597 1260 5651 8.
1341 5599 1354 5628 ‘
1394 5598 1514 5653 Act.
1551 5614 1689 5662 uti,
1722 5597 1812 5650 Ἡ.
1891 5599 1911 5628 ²
1939 5596 2083 5653 Psal.
2114 5615 2220 5665 ονε,
2251 5599 2335 5654 42.

2415 4583 2537 4628 νους
2580 4565 2915 4618 ἐπαινεῖσθαι
2961 4563 3202 4628 δικαίως.
3248 4563 3532 4636 Ὀμοῦνται
3557 4564 3662 4637 γὰρ
3681 4566 3815 4620 Θεὸν
3842 4567 3963 4638 ἀληο

2416 4655 2579 4720 θινὸν,
2610 4653 2748 4708 κατὰ
2773 4654 2833 4708 τὸ
2866 4654 3248 4726 γεγραμμένον
3270 4671 3283 4684 ο
3313 4655 3440 4708 ’Ὁτι
3460 4654 3758 4726 tia-£5:de
3782 4657 3975 4726 στόμα

2414 4748 2765 4801 λαλούντων
2788 4746 2980 4800 ἄδικα.
3014 4747 3122 4799 Καὶ
3148 4747 3291 4810 τίνες
3321 4724 3475 4802 οὗτοι⁸
3503 4747 3535 4818 ἢ
3589 4747 3636 4799 οἱ
3673 4747 3958 4819 τολμήσαν

2415 4856 2504 4902 τες
2536 4840 2729 4901 εἰπεῖν,
2756 4834 2894 4904 Αἶρε
2912 4838 2980 4891 ὲκ
3017 4835 3124 4905 τῆς
3150 4835 3262 4906 γῆς
3287 4837 3392 4891 τὸν
3419 4837 3685 4892 τοιοῦτον
3705 4854 3719 4868 ·
3761 4840 3836 4893 οὺ
3865 4839 3974 4908 γὰρ

2417 4930 2677 4998 καθῆκεν
2719 4928 2904 4983 αὑτὸν
2944 4927 3050 4997 ζῇν
3073 4945 3090 4992 ;
3116 4928 3329 4983 Τούτων
3357 4928 3422 5000 δὴ
3467 4925 3560 4983 οὖν
3611 4931 3884 5003 ὲνεφρᾶγη
3913 4931 3974 4983 τὸ

2419 5022 2610 5092 στόμα,
2643 5024 2978 5093 πατήσαντος
2999 5021 3093 5075 τοῦ
3113 5022 3316 5093 Κυρίου
3337 5022 3428 5076 τὸν
3448 5022 3696 5087 θάνατον,
3714 5024 3809 5077 καὶ
3832 5042 3974 5096 τριη-

2419 5115 2585 5186 μὲρου
2614 5114 2963 5177 ἀναστάντος.
3000 5113 3108 5167 Καὶ
3139 5114 3317 5167 αὐτῶν
3345 5113 3403 5167 δὲ
3439 5113 3546 5166 τῶν
3584 5115 3971 5186 ἀντικειμένων

2414 5203 2689 5273 δυνάμεων
2713 5202 2985 5274 ὲνεφρὰγη
3005 5202 3065 5256 τὺ
3090 5203 3282 5273 στόμα,
3305 5203 3650 5274 ἀνῃρημένης
3681 5204 3781 5276 τῆς
3794 5206 3970 5277 ἁμαρ-

2415 5297 2535 5359 τίας
2570 5294 2659 5349 διὰ
2690 5296 2788 5366 τῆς
2819 5294 3055 5366 χάριτος,
3084 5294 3223 5349 κατὰ
3265 5295 3326 5349 τὸ
3368 5297 3652 5366 εἰρημένον
3703 5297 3933 5367 ἀλλαχοῦ
3953 5313 3967 5326 σ

2419 5388 2525 5441 Καὶ
2543 5387 2709 5442 πᾶσα
2737 5387 2949 5457 ἀνομία
2972 5386 3253 5456 ἐμφράξει
3277 5386 3344 5441 τὸ
3369 5389 3563 5458 στόμα
3589 5387 3797 5460 αὐτῆς.
3828 5387 3973 5455 Θεὸς

2417 5480 2525 5552 γὰρ
2550 5483 2582 5534 ό
2614 5479 2873 5542 δικαιῶν,
2908 5479 3005 5532 καὶ
3031 5478 3120 5544 τίς
3153 5482 3184 5533 ό
3209 5479 3613 5548 κατακρίνων;

2415 5599 2436 5630 ³
2464 5597 2621 5652 Rom.
2655 5612 2747 5650 vm
2771 5635 2785 5660 ,
2819 5595 2906 5650 54.

825 5715 941 5786 (25)
973 5718 1024 5772 Α
1047 5720 1305 5776 Corderio
1337 5723 1437 5776 alia
1482 5723 1780 5778 afferuntur
1817 5736 1937 5793 qua:
1981 5733 2105 5778 sunt
2133 5723 2423 5780 Theodori.
