4086 6308
145 370 247 426 9M

292 486 394 550 Εἰς
429 482 494 536 τὸ
523 482 717 545 τέλος,
762 478 1064 532 ΨΑΛΜΟΣ
1092 473 1169 538 τῷ
1207 475 1400 528 Δαυΐδ.
1436 474 1565 527 EI".

775 571 1096 634 Ὑπόθεσις.

146 667 348 721 Τοῦτον
393 667 514 737 ᾅδει·
535 665 624 717 τὸν
677 662 886 732 ψαλμὸν
937 664 1000 714 ὲκ
1047 657 1335 730 προσώπου
1378 656 1486 710 τῶν
1537 653 1705 722 ἁγίων

216 757 551 819 ἀποστόλων,
595 753 897 824 εὐχομένων
933 750 1307 820 ἀπαλλαγῆναι
1351 747 1458 800 τῶν
1500 745 1705 816 ἐχθρῶν

216 852 307 904 τοῦ
336 847 686 916 εὐαγγελικοῦ
713 845 1080 916 κηρύγματος,
1115 839 1484 913 διηγουμένων
1515 855 1572 890 τε
1609 853 1704 889 σα-

215 941 330 1010 φῶς
360 940 430 992 τὰ
458 937 960 992 κατασκευασθέντα
990 937 1171 997 αὐτοῖς
1200 932 1350 1004 παρά
1379 930 1486 983 τῶν
1511 928 1702 1000 ἀρχόν-

211 1049 320 1085 των
349 1031 438 1084 τοῦ
465 1029 591 1082 λαοῦ
618 1028 726 1081 τῶν
759 1029 1046 1092 Ἰουδαίων,
1080 1028 1114 1080 ἃ
1140 1044 1198 1079 τε
1223 1025 1702 1094 ὑπομεμενήκασιν

213 1124 367 1176 αὐτοὶ
385 1162 399 1185 ,
427 1122 581 1190 δῆλον
609 1120 685 1184 δὲ,
720 1121 800 1172 ὅτι
826 1121 874 1172 οἱ
903 1117 1284 1190 προλεχθέντες
1304 1118 1580 1188 ἄρχοντες,
1606 1115 1701 1184 τῆς

214 1215 294 1274 εἰς
330 1212 563 1283 Χριστὸν
589 1209 844 1274 ἀσεϐείας
867 1211 1073 1262 ἕνεκεν.

212 1303 614 1363 Είσάκουσον,
657 1305 687 1356 ό
716 1303 877 1366 Θεὸς,
905 1301 1109 1369 φωνῆς
1125 1318 1242 1368 μου
1263 1299 1331 1352 ἐν
1360 1296 1438 1362 τῷ
1465 1296 1701 1350 δέεσθαι

137 1411 230 1461 με.
264 1394 423 1459 Δέξαι
449 1411 571 1464 μου,
594 1393 746 1463 φησὶ,
777 1393 1040 1456 Δέσποτα,
1064 1392 1162 1462 τὴν
1195 1390 1449 1455 ἱκετείαν,
1468 1390 1560 1440 καὶ
1593 1386 1699 1458 ρὦ

143 1482 232 1533 σόν
257 1500 357 1552 μου
383 1483 480 1550 τὴν
513 1483 766 1545 διάνοιαν,
794 1480 932 1533 ὥστε
969 1481 1042 1551 μὴ
1077 1480 1304 1533 δεδιέναι
1329 1478 1425 1540 τὰς
1469 1475 1698 1546 προσϐο-

141 1571 258 1634 λάς.
294 1572 425 1625 Ἀπὸ
459 1574 643 1639 φόϐου
675 1571 888 1640 ἐχθροῦ
927 1569 1140 1634 ἐξελοῦ
1185 1568 1301 1636 τὴν
1322 1566 1532 1637 ψυχήν
1557 1582 1693 1634 μου.

143 1663 365 1732 Ὅμοιον
392 1662 470 1732 τῷ
489 1680 500 1692 ·
533 1664 639 1716 Kal
667 1663 800 1726 νῦν,
832 1664 1027 1729 Κύριε,
1059 1660 1224 1714 ἔπιδε
1254 1659 1351 1712 ἐπὶ
1386 1659 1492 1723 τὰς
1536 1658 1698 1710 ἀπει-

137 1754 249 1819 λὰς
273 1753 490 1817 αὐτῶν,
523 1754 619 1806 καὶ
643 1753 747 1818 δὸς
791 1753 915 1818 τοῖς
945 1753 1186 1819 δούλοις
1227 1768 1341 1806 σου
1368 1749 1516 1820 μετὰ
1547 1751 1695 1816 παῤ-

130 1844 355 1910 ρησίας
381 1844 594 1896 λαλεῖν
625 1842 731 1895 τὸν
749 1845 932 1912 λόγον
965 1857 1100 1898 σου.

206 1938 437 2000 Οἵτινες
475 1936 790 2002 ἠκόνησαν
817 1936 896 2000 ὼς
930 1935 1230 2003 ῥομφαίαν
1264 1931 1367 1997 τὰς
1413 1931 1694 2001 γλώσσας

136 2026 348 2079 αὐτῶν.
383 2027 568 2078 Ταῦτά
598 2043 758 2095 φησι,
796 2026 886 2079 διὰ
915 2027 975 2077 τὸ
1010 2023 1454 2095 βλασφημοῦντας
1502 2025 1694 2086 αὐτοὺς

133 2115 220 2168 -.'ov
278 2115 484 2184 Ἰησοῦν
538 2114 714 2182 λέγειν
763 2119 874 2179 τοῖς
920 2115 1269 2178 ἀποστόλοις·
1326 2115 1693 2184 Παραγγελίᾳ

135 2206 612 2275 παρηπγείλαμεν
657 2205 798 2273 ὑμῖν
840 2205 1054 2274 μηδενὶ
1085 2205 1295 2260 ,λαλεῖν
1315 2206 1412 2258 ἐπὶ
1442 2205 1518 2270 τῷ
1559 2206 1690 2258 ὀνό-

127 2314 260 2365 ματι
288 2298 498 2360 τούτῳ.
531 2326 600 2337 -—
650 2297 983 2351 Ἐνέτειναν
1010 2297 1191 2362 τόξον
1227 2296 1423 2351 αὐτῶν
1457 2293 1692 2363 πρᾶγμα

131 2387 361 2453 πικρόν.
401 2387 568 2452 Τόξου
599 2388 723 2458 βολῇ
745 2391 813 2441 τὰ
848 2387 1174 2464 Θανατοποιά
1205 2387 1303 2456 τῆς
1318 2385 1565 2454 γλώσσης
1593 2385 1687 2437 αὑ-

132 2478 230 2528 τῶν
257 2477 597 2547 παραϐάλλει
631 2480 869 2548 ῥήματα.
909 2479 1030 2540 Πῶς
1085 2479 1192 2548 γὰρ
1251 2478 1310 2530 ού
1365 2475 1691 2529 θανατοποιά

132 2570 193 2622 τὰ
221 2568 430 2621 πείθειν
452 2568 832 2640 ἐπιχειροῦντα
867 2569 940 2640 μὴ
966 2569 1098 2621 Θεὸν
1119 2568 1394 2622 πιστεύειν
1427 2565 1566 2621 εἶναι
1598 2569 1690 2621 τὸν

146 2659 384 2729 Ἰησοῦν;

203 2747 494 2812 Ἒξὰπινα
516 2751 1059 2812 κατατοξεύσουσιν
1081 2749 1285 2810 αὐτὸν,
1332 2751 1428 2804 καὶ
1465 2752 1536 2803 οὐ
1583 2767 1688 2818 φο-

131 2839 504 2906 ϐηθήσονται.
531 2839 827 2907 Λοχῶντες,
854 2839 1037 2907 φησὶν,
1059 2837 1319 2907 ἐξαίφνης
1347 2839 1584 2901 ἐπίασιν,
1624 2841 1684 2893 οὐ

129 2931 354 2991 cuneta;
379 2931 469 2982 τὸν
492 2929 770 3000 ἐφορῶντα
801 2930 949 2982 Θεόν.
991 2931 1431 2996 Ἐκραταίωσαν
1453 2930 1686 2996 ἑαυτοῖς

129 3021 301 3088 λόγον
341 3022 607 3088 πονηρόν
642 3037 654 3049 ο
685 3021 744 3072 τὸ
773 3019 1229 3072 διαϐεϐαιοῦσθαιο
1257 3022 1369 3073 Οὐκ
1417 3022 1612 3093 ἀνέστη
1657 3025 1685 3076 ὁ

131 3110 320 3178 Κύριος
343 3109 408 3162 ἐκ
432 3109 660 3179 νεκρῶν.
683 3109 1054 3178 Διηγήσαντο
1076 3110 1179 3163 τοῦ
1204 3112 1426 3178 κρύψαι
1441 3113 1678 3181 πατίδα.

134 3200 266 3251 ’Λνω
288 3200 384 3250 καὶ
399 3198 569 3260 κάτω,
599 3199 782 3266 φησιν,
813 3197 1154 3249 ἐϐουλεύοντο
1177 3199 1487 3253 ἀποκτεῖναι
1509 3201 1679 3271 λάϐρα

128 3288 223 3339 τῶν
239 3286 606 3354 εύαγγελικῶν
621 3286 899 3354 δογμάτων
915 3288 1038 3349 τοὺς
1060 3289 1325 3358 κήρυκας.
1351 3289 1462 3352 Τίς,
1482 3286 1675 3352 εἶπαν,

130 3379 322 3444 ὄψεται
341 3378 598 3442 aurove;
625 3376 810 3430 Ταῦτα
847 3377 1132 3447 ἔπραττον,
1170 3379 1331 3450 φησι,
1373 3379 1679 3450 νομίζοντες

133 3469 196 3537 μὴ
222 3470 474 3520 ἀπαιτεῖν
498 3466 694 3531 αὐτοὺς
726 3469 816 3520 τὸν
839 3468 968 3520 Θεὸν
1007 3469 1104 3538 τῆς
1139 3471 1392 3542 τοιαύτης
1430 3473 1678 3536 ἀσεϐείας

130 3559 215 3617 τὰς
238 3559 416 3621 δίκας.

189 3652 660 3715 Προσελεύσεται
692 3648 997 3717 ἅνθρωπος
1027 3651 1125 3704 καὶ
1182 3653 1390 3720 καρδία
1437 3657 1671 3717 βαθεῖα.

128 3741 179 3791 Οἱ
206 3741 300 3809 μὲν
333 3742 662 3811 παράνομοι,
692 3743 874 3812 φησὶν,
905 3743 964 3794 οὗ
998 3742 1230 3796 διέλιπον
1278 3747 1486 3818 πονηρὰ
1536 3751 1675 3802 κατά

128 3831 206 3882 τοῦ
255 3834 463 3905 Κυρίου
497 3832 871 3904 βουλευόμενοι
893 3851 906 3864 ’
961 3835 1116 3888 τοῦτο
1144 3837 1249 3909 γάρ
1273 3840 1384 3892 ἐστι
1412 3841 1502 3893 τό·
1552 3842 1673 3906 Ἐξ-

128 3925 460 3990 τιρεύνησαν
472 3925 743 3994 ἀνομίαν·
762 3928 789 3979 ὁ
811 3927 867 3979 δὲ
883 3927 974 3980 τοῦ
995 3929 1127 3981 Θεοῦ
1144 3929 1239 3984 ἆνο
1249 3949 1424 4000 ρωπος
1438 3935 1466 3986 ὁ
1481 3936 1671 3987 συνετὰ

130 4011 495 4082 μυλευόμενος
530 4014 725 4083 (τοῦτο
767 4015 875 4085 γὰρ
909 4019 941 4087 ἡ
991 4018 1178 4087 βαθεῖα
1211 4022 1401 4091 καρδία
1447 4024 1667 4096 δηλοῖ),

129 4103 209 4154 ita
229 4103 476 4174 ἀκριῧῶς
508 4108 704 4176 νοήσας
730 4108 791 4160 τὸ
821 4112 1135 4180 μυστήριον.
1164 4114 1274 4174 τοῖς
1306 4115 1670 4184 προσήκουσιν

127 4191 294 4259 ὕμνοις
322 4196 687 4265 κεχρημένος,
723 4197 926 4266 ὑψώσει
961 4201 1049 4252 τὸν
1071 4202 1220 4267 Θεὸν,
1250 4206 1387 4258 κατᾶ
1428 4206 1487 4258 τὸ
1518 4209 1668 4278 εἰρη-

127 4281 266 4346 μένον
293 4282 532 4354 ἀλλαχοῦ
613 4285 848 4354 Ὑψιὰπω
876 4304 968 4351 σε,
1007 4291 1181 4357 Κύριε
1216 4296 1249 4346 ό
1285 4297 1426 4361 Θεός
1455 4313 1593 4364 μου,
1635 4300 1668 4350 ὁ

119 4371 394 4438 βασιλεὺς
413 4393 557 4442 μου.
582 4376 766 4444 Βέλος
791 4381 1022 4446 νηπίων
1046 4381 1420 4450 ἐγενήθησαν
1439 4390 1498 4439 αἱ
1516 4391 1666 4455 πλη-

123 4463 204 4528 ταὶ
228 4465 442 4519 αὐτῶν.
470 4467 652 4522 Εἰπὼν
687 4470 863 4522 αὐτῶν
882 4471 942 4523 τὸ
973 4472 1112 4526 κατά
1144 4473 1252 4527 τῶν
1292 4476 1460 4543 ἁγίων
1494 4479 1662 4549 κηρύ-

124 4570 216 4607 κων
240 4554 482 4632 ἔπαρμα,
513 4557 847 4629 διεξέρχεται
883 4563 974 4615 καὶ
1004 4562 1100 4634 τὴν
1124 4563 1414 4622 ἔκπτωσιν.

179 4646 561 4716 Καὶέφοεήθη
593 4648 710 4715 πᾶς
732 4651 1054 4718 ἄνθρωπος.
1090 4655 1184 4718 Τίς
1213 4643 1320 4727 γὰρ
1346 4660 1445 4712 οὐκ
1475 4659 1539 4712 ἂν
1570 4679 1662 4730 φο-

121 4733 310 4806 6ηθείη,
342 4739 652 4810 ἐπισκοπὴν
709 4743 771 4794 ὲκ
819 4743 954 4797 Θεοῦ
993 4745 1132 4815 ὁρῶν
1183 4749 1472 4821 γινομένην
1522 4754 1661 4808 κατά

121 4823 210 4876 τῶν
232 4827 440 4881 ἀσεϐῶν
469 4848 485 4896 ς

178 4921 663 4988 Εὐρρανθήσεται
684 4923 910 4993 δίκαιος
931 4927 999 4980 ἐν
1034 4928 1112 4994 τῷ
1164 4934 1358 5000 Κυρίῳ
1378 4974 1392 4998 ,
1434 4937 1529 4988 καὶ
1563 4938 1658 4991 ἑλ-

121 5009 223 5062 πιεῖ
239 5014 326 5064 ἐπ’
353 5012 538 5078 αὐτῷ.
557 5017 923 5087 Διαφερόντως
949 5020 998 5071 οἱ
1028 5019 1132 5074 τῶν
1160 5021 1317 5079 θείων
1337 5027 1511 5096 νόμιον
1537 5029 1655 5081 ἐπι-

1262 358 1620 417 EXPOSITIO
1654 359 1722 416 IN
1760 355 2085 414 PSALMUM
2115 355 2289 412 LXIII.

3255 352 3363 414 282

1976 469 2027 522 I.
2068 466 2134 521 In
2158 467 2339 537 ﬁnem;
2368 463 2706 519 PSALMUS
2737 462 2928 518 David.
2964 461 3185 518 LXIII.

2379 553 2779 622 Argumentum.

1807 647 1961 702 Hunc
2009 646 2154 702 canit
2181 646 2451 716 psalmum
2488 660 2553 699 ex
2592 659 2822 713 persona
2872 653 3185 699 sanctorum
3232 659 3360 715 apo-

1875 741 2168 806 stolorum,
2239 738 2332 807 qui
2393 746 2581 807 rogant
2637 737 2854 791 liberari
2901 752 2958 791 se
3009 738 3077 791 ab
3123 737 3359 792 inimicis

1875 827 2194 897 evangelica:
2221 825 2642 896 praedicationis,
2663 834 2716 880 et
2737 826 2967 880 dilucide
2994 834 3217 880 narrant
3239 842 3362 896 quae

1873 919 2161 973 adversum
2198 933 2258 972 se
2297 932 2328 972 a
2370 917 2706 986 principibus
2749 917 2933 987 populi
2968 915 3176 972 Judaici
3211 927 3359 988 gesta

1871 1009 2023 1065 sint:
2062 1024 2289 1080 quaeque
2337 1009 2473 1078 ipsi,
2526 1008 2774 1063 videlicet
2820 1009 3002 1078 populi
3049 1009 3354 1079 principes,

1873 1099 2161 1169 impietatis
2192 1114 2318 1169 erga
2356 1098 2632 1152 Christum
2665 1113 2830 1154 causa
2881 1098 2991 1154 sint
3024 1101 3286 1169 perpessi.

1867 1274 1921 1329 2.
1962 1272 2196 1336 Exaudi,
2231 1273 2389 1336 Deus,
2434 1276 2718 1328 orationem
2747 1290 2914 1328 meam
2951 1291 3064 1328 cum
3091 1275 3354 1344 deprecor.

1798 1366 2012 1434 Accipe,
2048 1366 2251 1435 inquit,
2291 1365 2536 1431 Domine,
2567 1366 3015 1436 supplicationem
3063 1382 3236 1421 meam
3257 1406 3274 1432 ,
3304 1376 3358 1421 et

1798 1465 2029 1509 mentem
2075 1457 2333 1510 conlirma
2382 1472 2591 1523 meam,
2646 1467 2705 1511 ut
2747 1473 2813 1512 ne
2857 1458 3075 1511 timeam
3129 1458 3355 1527 impetus

1798 1546 2159 1601 inimicorum.
2193 1548 2233 1599 Α
2264 1548 2449 1600 timore
2485 1549 2687 1603 inimici
2731 1551 2870 1620 eripe
2905 1551 3135 1602 animam
3166 1565 3352 1602 meam.

1800 1636 1984 1691 Simile
2025 1638 2099 1690 illi
2142 1653 2157 1689 :
2207 1635 2275 1691 Et
2327 1653 2459 1691 nunc
2486 1677 2500 1703 ,
2551 1636 2810 1706 Domine,
2852 1641 3044 1708 respice
3086 1640 3143 1693 in
3185 1639 3353 1691 minas

1798 1746 2012 1796 eorum,
2056 1740 2104 1782 et
2134 1728 2204 1782 da
2233 1730 2393 1784 servis
2435 1731 2538 1783 tuis
2565 1746 2680 1783 cum
2724 1730 2922 1799 ﬁducia
2968 1731 3110 1802 loqui
3147 1732 3354 1786 verbum

1727 1812 1768 1871 Β
1798 1819 1984 1871 tuum‘
2010 1817 2142 1886 (26).

1863 1971 1916 2025 4.
1957 1970 2095 2036 Quia
2120 1984 2437 2026 exacuet-unt
2472 1983 2526 2026 ut
2553 1975 2787 2044 gladium
2813 1976 3021 2044 linguas
3051 1992 3195 2030 suas.
3228 1974 3351 2032 Hmc

1794 2065 1902 2131 ait,
1950 2065 2076 2133 quia
2125 2065 2438 2134 blasphema
2489 2065 2543 2118 in
2574 2064 2758 2120 Jcsum
2795 2066 2938 2120 dicta
2983 2066 3347 2136 proferentes,

1791 2155 2312 2224 dicebantapostolis
2347 2174 2358 2209 :
2401 2156 2755 2223 Prwcipiendo
2771 2159 3106 2226 prwccpimus
3133 2159 3351 2212 vobisne

1791 2245 2043 2298 doceretis
2075 2245 2126 2296 in
2159 2248 2363 2299 nomine
2387 2245 2544 2300 ista“.
2576 2277 2635 2284 —
2671 2245 3010 2301 Intenderunt
3038 2266 3217 2302 arcum
3244 2265 3350 2303 rem

1790 2351 2045 2387 amaram.
2076 2334 2250 2390 Arcus
2278 2335 2471 2390 missili
2497 2336 2746 2392 lethifera
2779 2338 2974 2408 lingnze
2995 2354 3180 2394 eorum
3207 2339 3349 2394 dicta

1791 2435 2086 2495 comparat.
2131 2425 2415 2490 Quomodo
2467 2429 2610 2482 enim
2657 2443 2764 2483 non
2818 2431 3063 2486 lethifcra
3117 2432 3346 2494 lueriut,

1788 2532 1910 2585 quae
1954 2518 2204 2571 nituntur
2250 2518 2579 2586 persuadere
2609 2516 2792 2574 Jesum
2828 2535 2936 2575 non
2966 2522 3112 2576 credi
3151 2522 3349 2578 debere

1789 2607 1996 2662 Deum?

1856 2758 1910 2814 6.
1953 2759 2137 2815 Subito
2162 2763 2486 2832 sagittabunt
2514 2780 2630 2817 cum
2666 2774 2715 2818 et
2761 2783 2866 2819 non
2907 2767 3178 2822 timebunt.
3205 2765 3342 2822 Insi-

1786 2859 2016 2924 diantes,
2054 2860 2263 2931 inquit,
2296 2861 2478 2917 subito
2519 2863 2777 2931 impetum
2809 2861 3069 2929 fecerunt,
3102 2878 3206 2916 non
3234 2876 3346 2916 me-

1787 2962 1996 3008 tuentes
2031 2957 2392 3025 inspectorem
2441 2955 2632 3011 Deum.
2676 2954 3046 3010 Firmaverunt
3087 2955 3186 3010 sibi
3229 2973 3340 3010 ser-

1787 3061 1986 3098 monem
2009 3062 2248 3115 nequam,
2273 3048 2417 3117 quod
2451 3047 2781 3102 aﬂirmarent
2816 3048 3102 3102 Dominum
3136 3062 3168 3102 a
3198 3061 3342 3101 mor-

1708 3143 1749 3199 c
1782 3135 1889 3190 tuis
1920 3152 2026 3191 non
2064 3139 2446 3194 resurrexisse.
2492 3137 2859 3192 Narraverunt
2889 3149 2947 3191 ut
2973 3140 3341 3194 absconderent

1778 3223 2007 3294 laqueos.
2042 3226 2268 3282 Sursum
2293 3228 2571 3292 deorsum,
2592 3229 2789 3299 inquit,
2813 3229 3100 3284 consilium
3134 3229 3341 3284 inibant

1777 3329 1885 3383 quo
1919 3325 2075 3384 pacto
2107 3318 2430 3387 evangelica:
2476 3321 2735 3375 doctrinae
2767 3334 3040 3389 praecones
3072 3319 3208 3372 clam
3247 3333 3340 3374 oc-

1777 3405 2033 3461 ciderent.
2085 3405 2360 3472 Dixerunt,
2402 3410 2519 3478 quis
2561 3410 2755 3464 videbit
2789 3412 2916 3465 eos?
2951 3408 3106 3475 Haec,
3131 3410 3334 3480 inquit,

1777 3497 2004 3568 agebant
2046 3500 2150 3555 rati
2198 3499 2366 3556 Deum
2409 3502 2476 3557 de
2527 3510 2674 3557 tanta
2708 3504 2982 3572 impietate
3009 3517 3196 3571 ptenas
3229 3517 3335 3558 non

1774 3603 2085 3656 exposcere.

1843 3679 1897 3732 8.
1935 3680 2153 3733 Accedet
2176 3680 2326 3734 homo
2363 3691 2412 3734 et
2463 3698 2553 3735 cor
2584 3681 2776 3735 altum.
2832 3682 3007 3751 Iniqui
3061 3681 3331 3744 homines.

1773 3767 1867 3832 ait,
1897 3769 2058 3822 linem
2091 3786 2197 3824 non
2228 3771 2475 3827 fecerunt
2509 3773 2648 3827 mala
2680 3782 2867 3828 contra
2901 3773 3184 3827 Dominum
3212 3788 3314 3826 ma-

1772 3860 2024 3914 rhinandi
2071 3880 2083 3914 :
2127 3861 2179 3916 id
2231 3864 2371 3918 enim
2438 3864 2776 3933 signiﬁcatur
2829 3879 2923 3934 per
2965 3865 3077 3918 haec
3126 3864 3326 3918 verba:

1774 3947 2011 4002 Scrutati
2044 3961 2165 4004 sunt
2199 3953 2548 4022 iniquitatem.
2593 3955 2661 4008 At
2712 3953 2875 4010 homo
2910 3952 3036 4019 Dei,
3079 3954 3171 4022 qui
3206 3969 3332 4023 pru-

1770 4039 1949 4092 dentia
1968 4041 2194 4095 consilia
2223 4043 2322 4096 init
2343 4043 2496 4112 (illud
2522 4045 2666 4098 enim
2689 4046 2976 4115 signiﬁcat,
3001 4062 3091 4098 cor
3112 4045 3328 4114 altum),

1769 4144 1892 4183 cum
1919 4139 2166 4186 accurate
2206 4135 2521 4203 mysterium
2553 4136 2923 4206 perpenderit,
2957 4136 3168 4207 hymnis
3198 4151 3330 4192 usus

1768 4224 2207 4293 congruentibus,
2258 4224 2426 4281 Deum
2473 4229 2760 4291 exaltabit,
2799 4229 2955 4298 juxta
3012 4229 3142 4283 illud
3183 4229 3326 4299 quod

1767 4311 1894 4364 alibi
1943 4313 2144 4368 dictum
2173 4325 2252 4370 est
2283 4335 2294 4370 :
2332 4315 2595 4372 Exaltabo
2631 4330 2701 4382 te,
2744 4319 2963 4373 Domine
2993 4319 3130 4373 Deus
3160 4337 3324 4383 meus,

1770 4419 1859 4455 rex
1903 4420 2042 4458 meus
2062 4405 2101 4458 ⁸.
2151 4404 2370 4474 Sagittae
2409 4409 2746 4474 parvulorum
2789 4409 2948 4478 facta
2988 4419 3108 4465 sunt
3157 4410 3327 4481 plagtz

1691 4495 1734 4550 ι)
1762 4509 1959 4548 eorum.
1987 4494 2280 4565 I’ostquam
2302 4513 2492 4553 eorum
2522 4501 2784 4554 adversus
2810 4510 3025 4555 sanctos
3051 4517 3325 4570 praecones

1767 4583 2022 4653 impetum
2055 4590 2348 4654 enarravit,
2374 4589 2485 4658 jam
2517 4606 2704 4645 eorum
2739 4591 2946 4644 ruinam
2977 4592 3252 4647 describit.

1837 4670 1921 4724 10.
1961 4670 2032 4725 Et
2080 4676 2257 4727 timuit
2309 4679 2477 4731 omnis
2523 4678 2695 4732 homo.
2746 4677 2878 4745 Quis
2922 4696 3026 4735 non
3075 4682 3319 4745 timeret,

1764 4761 2151 4831 inspectionem
2200 4775 2254 4821 et
2301 4770 2745 4838 perquisitioncm
2797 4788 2827 4825 a
2896 4771 3005 4829 Deo
3061 4774 3320 4832 adversus

1764 4852 1960 4922 impios
1987 4855 2182 4912 factam
2221 4861 2486 4914 cernens?

1832 4946 1917 5000 II.
1961 4945 2252 5000 Lwtabitur
2269 4948 2446 5017 justus
2476 4951 2530 5002 in
2559 4949 2782 5004 Domino
2815 4961 2862 5004 et
2888 4953 3116 5020 sperabit
3150 4971 3204 5007 tu
3234 4971 3313 5009 eo.

1761 5033 1862 5100 Qui
1906 5035 2117 5090 divinas
2152 5045 2346 5090 curant
2396 5038 2572 5109 Icgcs,
2617 5041 2816 5111 ingenti
2849 5041 3046 5111 gaudio
3080 5045 3314 5112 perfusi,

455 5105 722 5176 Θυμηδίας
753 5108 1172 5180 ἐμφορηθέντες,
1196 5113 1292 5184 τὴν
1313 5117 1389 5179 είς
1415 5117 1505 5171 τὸν
1524 5119 1653 5172 Θεὸν

1777 5139 1907 5192 spem
1955 5139 2080 5195 erga
2126 5124 2290 5181 Dcum
2341 5102 2549 5186 tirniam
2587 5102 2819 5186 eﬂieient
2851 5102 2987 5204 Z27).
3027 5102 3097 5186 Et
3128 5102 3314 5191 lauda;

120 5189 280 5244 ἐλπίδα
323 5193 552 5262 βεϐαίαν
589 5197 928 5267 ἐργάσονται.
993 5203 1102 5256 Καὶ
1164 5205 1652 5274 ἐπαινεθήσονται

127 5277 183 5296 -ι
373 5288 386 5296 .
471 5287 483 5296 .
513 5290 533 5296 -
569 5286 594 5296 -
688 5286 714 5296 -
859 5289 908 5296 --
992 5293 1086 5296 ———

1777 5225 1949 5268 runtur
1974 5233 2147 5272 omnes
2180 5222 2305 5273 recti
2343 5221 2516 5275 corde.
2541 5221 3042 5296 Gloriaelaudisque
3075 5226 3308 5281 fructum

121 5277 307 5349 πάντες
332 5288 387 5339 ot
423 5286 622 5352 εὐθεῖς
641 5286 714 5356 τῇ
737 5289 964 5357 καρδίᾳ.
992 5293 1100 5346 Καὶ
1135 5296 1232 5367 τὴν
1262 5297 1408 5367 παρά
1445 5298 1651 5371 ἀνθρὼ-

1777 5307 1896 5375 ιριιιι
1920 5307 2168 5364 homines
2190 5309 2380 5376 ferent,
2406 5312 2496 5381 qui
2529 5327 2557 5366 a
2588 5311 2697 5368 Deo
2721 5277 3049 5386 diriguntjur,
3077 5333 3174 5373 nec
3196 5333 3310 5374 sus-

121 5384 215 5421 πων
244 5375 622 5444 καρπώσονται
649 5379 894 5434 εὔκλειαν
930 5385 979 5436 οἱ
1015 5386 1149 5455 πρὸς
1172 5387 1303 5441 Θεὸν
1343 5389 1641 5444 διευθύνον⁴

1750 5396 1919 5451 tinent
1943 5409 2093 5454 extra
2122 5402 2261 5455 viam
2295 5411 2494 5458 rectam
2529 5404 2794 5461 incedere.

119 5473 214 5523 τες,
241 5463 326 5515 καὶ
358 5466 460 5535 τῆς
483 5467 604 5523 ὁδοῦ
627 5469 728 5540 τῆς
758 5471 968 5536 εὺοείας
993 5474 1100 5540 ἔξω
1119 5476 1352 5546 βαδίζειν
1390 5480 1488 5532 οὐκ
1523 5482 1857 5551 ἀνεχόμενοι.

174 5575 191 5605 ⁸
219 5577 325 5633 Act.
350 5597 422 5645 iv,
452 5583 547 5640 29;
623 5586 644 5619 ⁸
675 5585 794 5642 Act.
826 5604 878 5655 ν,
920 5590 972 5644 8.
1049 5594 1070 5623 ⁸
1095 5590 1236 5649 Psal.
1270 5613 1417 5663 XXIX,
1443 5599 1495 5653 ἓ.

176 5667 748 5766 QGLIIIiclgprdcrius
790 5683 892 5738 alia
933 5686 1116 5741 tribuit
1175 5691 1469 5750 Athanasio
1522 5713 1640 5766 quae

121 5745 222 5788 sunt
248 5743 538 5800 Theodori.

1837 5702 1945 5776 a7)
1969 5703 2063 5761 llic
2085 5707 2187 5762 alia
2211 5707 2362 5763 aliert
2381 5708 2668 5766 Corderius
2715 5725 2835 5780 qua:
2866 5721 2992 5767 sunt
3016 5710 3304 5769 Theodori.
