4086 6308
761 355 865 413 283

1591 351 1648 407 S.
1690 349 2056 406 ATHANASII
2093 349 2242 407 OPP.
2280 348 2459 405 PARS
2494 348 2583 407 Ill.
2615 381 2686 393 —
2723 349 3129 408 EXEGETICA.
3860 353 3945 416 28.5

761 467 814 524 1.
852 466 917 520 1η
943 467 1120 534 ﬁnem,
1139 463 1471 519 PSALMUS
1493 464 1682 518 Dauid.
1708 465 1982 520 Canticum
2005 463 2304 519 leremiwet

2413 464 2516 528 εις
2547 463 2613 517 τὸ
2638 463 2826 529 τέλος,
2862 464 3166 516 unum):
3191 458 3268 526 τῷ
3291 460 3486 514 Δαυΐδ.
3527 459 3663 530 mi;
3699 462 3947 533 Ἰερεμίου

828 550 1115 605 Ezechielis
1136 550 1325 619 populo
1352 551 1854 621 transmigrationis,
1883 565 2000 603 cum
2030 550 2312 620 inciperent

825 646 986 699 exire.
1012 641 1144 697 LXI
1162 641 1223 699 V.

1333 731 1732 803 Argumentum.

756 847 814 902 in
849 845 951 900 hoc
983 844 1189 914 psalmo
1222 858 1508 913 personam
1538 842 1743 897 inducit
1770 841 2033 912 gentium,
2069 855 2190 910 quae
2218 856 2312 896 oc-

825 935 1186 993 clamautibus
1222 936 1345 989 licet
1379 935 1541 1004 hujus
1578 933 1760 988 saeculi
1808 932 2159 1002 sapientibus,
2192 946 2312 986 cre-

822 1028 1070 1083 diderant
1099 1026 1154 1080 in
1182 1024 1483 1090 Christum,
1515 1035 1569 1080 ct
1608 1024 1721 1094 jam
1761 1024 2034 1093 postulant
2073 1022 2314 1093 pristinze

821 1117 1114 1188 impietatis
1146 1115 1542 1171 remissionem.
1591 1116 1672 1170 Ad
1707 1116 1820 1169 hzec
1864 1130 1962 1184 pro
1997 1114 2063 1168 iis
2106 1114 2311 1169 oratio-

821 1224 946 1262 nem
976 1206 1210 1269 emittit,
1257 1206 1349 1276 qui
1387 1205 1594 1260 scilicet
1623 1204 1945 1260 infructuosi
1981 1204 2108 1258 olim
2133 1211 2309 1266 erant,

821 1300 933 1369 jam
964 1315 1092 1353 vero
1119 1315 1212 1368 per
1235 1297 1436 1353 Christi
1473 1297 1629 1351 fidem
1661 1295 1909 1366 frugiferi
1934 1295 2059 1350 facti
2095 1303 2240 1350 sunt.

816 1389 871 1443 2.
917 1387 984 1442 Te
1024 1390 1164 1442 decet
1193 1388 1438 1458 hymnus,
1477 1386 1639 1450 Deus,
1693 1388 1746 1439 in
1798 1386 1947 1441 Sion.
1989 1385 2105 1440 Non
2149 1387 2308 1451 ultra,

749 1479 946 1549 inquit,
995 1480 1059 1534 iis
1104 1495 1246 1549 quos
1291 1479 1420 1533 olim
1461 1478 1589 1533 deos
1634 1477 2034 1532 mstimabamus
2083 1479 2311 1548 hymnos

746 1573 1010 1638 canimus,
1039 1573 1190 1641 gnari
1221 1587 1326 1626 non
1372 1586 1470 1640 par
1503 1585 1622 1625 esse
1653 1569 1774 1624 illos
1802 1570 2083 1635 celebrari,
2116 1569 2210 1639 qui
2244 1569 2311 1623 li-

747 1676 885 1732 gna,
933 1662 1134 1732 lapides
1162 1673 1215 1716 et
1250 1661 1514 1715 daemonia
1542 1669 1707 1716 sunt.
1755 1658 1858 1714 Sed
1908 1661 2004 1714 tibi
2053 1660 2154 1715 soli
2207 1659 2311 1715 hoc

2481 555 2579 610 καὶ
2622 553 2886 620 ἰεζεκιὴλ
2923 554 3027 607 τοῦ
3085 554 3236 608 λαοῦ
3284 552 3394 621 τῆς
3453 555 3796 621 παροικίας,
3867 559 3941 612 ὅτι

2478 641 2738 711 ἔμελλον
2761 643 3203 712 ἐκπορεύεσθαι.
3227 641 3346 695 ΞΔἏ

3036 758 3354 822 Ὑπόθεσις.

2423 848 2510 902 Ἐν
2529 848 2701 919 τούτῳ
2737 848 2813 919 τῷ
2832 847 3029 918 ψαλμῷ
3054 849 3259 916 εἰσάγει
3281 847 3339 899 τὸ
3355 846 3639 917 πρόσωπον
3667 847 3778 899 τῶν
3803 845 3951 901 ἐθνῶν

2479 936 2585 990 τῶν
2623 937 3020 991 πιστευσάντων
3051 938 3129 1000 είς
3152 937 3400 1008 Χριστὸν,
3434 935 3828 989 καταϐοώντων
3855 937 3946 988 τῶν

2479 1028 2656 1098 σοφῶν
2677 1027 2771 1081 τοῦ
2806 1027 2995 1092 αἰῶνος
3021 1027 3208 1080 τούτου
3229 1067 3242 1091 ,
3282 1026 3568 1080 αἰτούντων
3596 1045 3659 1080 τε
3698 1027 3799 1096 τῆς
3836 1045 3952 1098 προ-

2477 1121 2638 1193 τέρας
2662 1120 2913 1184 ἀσεϐείας
2947 1121 3157 1189 ἄφεσιν.
3197 1120 3317 1171 Ἔτι
3348 1135 3407 1171 τε
3441 1119 3603 1190 εὐχὴν
3654 1119 3950 1189 ἀναπέμπει

2481 1213 2619 1283 ὑπὲρ
2644 1210 2842 1274 αὐτῶν,
2879 1211 3046 1263 ὄντων
3082 1211 3178 1280 μὲν
3204 1209 3368 1263 πάλαι
3403 1211 3664 1280 ἀκάρπων
3746 1210 3952 1281 γενομε-

2475 1321 2581 1356 νων
2612 1302 2668 1354 δὲ
2694 1303 2938 1371 εὐφόρων
2967 1301 3052 1354 διὰ
3074 1303 3172 1370 τῆς
3194 1303 3272 1363 εἰς
3305 1301 3534 1370 Χριστὸν
3573 1301 3828 1363 πίστεως.

2479 1394 2580 1447 Σοὶ
2628 1393 2834 1460 πρέπει
2885 1392 3092 1460 ὕμνος,
3147 1394 3180 1443 ό
3215 1391 3378 1456 Θεὸς,
3419 1391 3485 1442 ἐν
3525 1391 3695 1445 Σιών.
3755 1393 3949 1452 Οὐκέτι,

2409 1482 2592 1554 φησὶν,
2619 1477 2698 1545 οἷς
2728 1482 3045 1552 ἐνομίζομεν
3076 1480 3217 1543 θεοῖς
3249 1482 3372 1544 τοὺς
3408 1481 3606 1551 ὕμνους
3652 1482 3951 1552 ἀναπέμψοο

2411 1586 2507 1640 μεν
2526 1610 2542 1635 ,
2569 1569 2766 1632 εἰδότες
2783 1569 2854 1632 ὡς
2885 1569 3110 1632 ἐκείνοις
3143 1570 3239 1639 μὲν
3260 1570 3319 1621 οὐ
3353 1570 3550 1639 πρέπει
3573 1570 3851 1640 ἀνυμνεῖν,
3876 1569 3952 1637 ξύο

2406 1662 2518 1726 λοις
2552 1663 2643 1714 καὶ
2677 1660 2842 1723 λίθοις
2868 1661 2959 1713 καὶ
2985 1660 3277 1731 δαιμονίοις
3297 1657 3446 1713 οὖσιν
3468 1677 3482 1692 ·
3519 1663 3600 1714 σοι
3626 1662 3686 1715 δὲ
3722 1663 3867 1733 μόνῳ
3902 1662 3952 1715 τὸ

748 1751 980 1807 ofﬁciunt
1030 1751 1603 1807 convenientissimum
1654 1757 1755 1806 est.
1809 1749 1877 1804 Et
1916 1751 2011 1804 tibi
2066 1751 2309 1804 reddetur

2413 1751 2641 1805 τοιοῦτον
2669 1749 2937 1821 ὀφείλημα
2966 1751 3431 1821 πρεπωδέστατον.
3455 1751 3562 1804 Καὶ
3601 1751 3702 1804 σοι
3751 1752 3952 1805 ἀποδο-

746 1853 922 1896 υοιιιιη
968 1843 1022 1896 in
1056 1843 1372 1897 Jerusalem.
1420 1842 1526 1896 Aut
1554 1841 1850 1897 Jerusalem
1885 1849 2154 1896 terrenam
2197 1842 2304 1906 ait,

2414 1843 2656 1910 θήσεται
2670 1814 2819 1909 εθχὴ
2926 1814 3323 1911 Ἰερουσαλήμ.
3359 1841 3424 1895 "ll
3447 1844 3511 1912 τῇ
3537 1843 3626 1894 ἐπὶ
3651 1842 3756 1912 γυῆς
3786 1859 3950 1910 φησιν,

746 1949 867 2003 quze
895 1942 978 1988 est
1004 1933 1263 1998 ECclesia,
1299 1944 1392 1988 aut
1423 1935 1717 2002 cmlcstem,
1748 1935 1812 1988 ad
1847 1949 2012 2003 quam
2040 1949 2161 1989 cum
2190 1949 2307 2003 per-

747 2021 1056 2077 venerimus
1083 2022 1269 2077 laudes
1300 2022 1609 2076 offercmus.

814 2115 868 2168 5.
911 2110 1123 2168 Exaudi
1156 2116 1444 2169 orationem
1471 2132 1658 2180 nteant,
1700 2114 1767 2167 ad
1797 2123 1844 2166 te
1872 2115 2038 2167 omnis
2075 2130 2196 2168 caro
2229 2130 2308 2168 re-

749 2209 879 2261 niet.
915 2204 1010 2262 His
1055 2207 1298 2260 omnium
1342 2208 1587 2276 gentium
1636 2205 1972 2259 vocationem
2021 2208 2310 2260 annuntiat

744 2301 898 2369 juxta
921 2299 971 2351 id
1001 2298 1146 2369 quod
1172 2298 1374 2352 dictum
1406 2304 1490 2351 est
1513 2296 1654 2367 apud
1695 2295 1896 2352 Joelem
1920 2300 1938 2328 "
1971 2314 1984 2350 :
2020 2297 2306 2367 E/Iundam

747 2392 812 2445 de
840 2391 1044 2460 Spiritu
1073 2405 1183 2444 meo
1205 2405 1360 2460 super
1384 2406 1586 2444 omnem
1618 2405 1850 2443 carnem.

816 2574 872 2627 4.
950 2571 1116 2636 Verba
1174 2573 1474 2642 iniquorum
1525 2570 1908 2638 prazvaluerunt
1969 2586 2124 2640 super
2191 2587 2303 2626 nos.

750 2660 924 2717 Verba
952 2665 1257 2733 iniquorum
1280 2663 1409 2718 dicit
1445 2663 1760 2733 sapientiam
1793 2663 2096 2733 sapientum
2126 2663 2307 2718 smculi

749 2752 932 2820 hujus,
957 2768 1061 2821 qua
1093 2752 1289 2807 infirmi
1324 2753 1561 2818 fuerunt,
1598 2769 1629 2807 a
1653 2767 1777 2806 vera
1812 2753 1947 2822 lapsi
1980 2753 2304 2822 cognitione.

749 2841 819 2894 Et
852 2841 1204 2910 impietatibus
1242 2843 1436 2895 nostris
1481 2852 1537 2894 tu
1582 2841 1969 2909 propitiaberis.
2007 2839 2217 2912 Rogant
2246 2841 2310 2894 li-

750 2928 926 2983 berari
956 2929 1024 2984 ab
1048 2929 1321 2998 impietate
1352 2930 1403 2982 in
1439 2944 1542 2999 qua
1573 2929 1704 2983 olim
1731 2941 2059 2986 erraveraut.

819 3040 871 3092 5.
913 3038 1102 3092 Beatus
1142 3054 1288 3107 quem
1340 3038 1538 3109 elegisti
1579 3051 1627 3094 et
1667 3042 2020 3109 assuntpsisti.
2065 3041 2170 3096 Eos
2216 3043 2306 3111 qui

749 3137 904 3182 crant
936 3128 1129 3183 virtute
1159 3129 1417 3198 perfecti,
1450 3140 1504 3185 et
1546 3131 1609 3184 ad
1643 3132 1887 3186 bravium
1934 3149 2180 3202 superna:
2211 3150 2308 3188 νο·
2335 3155 2378 3214 c

749 3217 980 3272 cationis
1012 3230 1398 3287 pervenerant,
1434 3222 1619 3275 beatos
1658 3223 1946 3292 appellant.
1981 3222 2311 3293 Replebimnr

751 3308 807 3358 in
832 3308 976 3361 bonis
1009 3309 1192 3361 domus
1226 3318 1346 3363 tua’.
1382 3309 1528 3365 Bona
1557 3311 1751 3367 domus
1775 3323 1929 3367 vocat
1959 3314 2165 3369 diversa
2190 3313 2311 3383 Spi-

752 3400 891 3452 ritus
915 3401 1076 3455 dona.
1108 3399 1248 3454 Huic
1279 3403 1445 3467 enim,
1479 3404 1714 3472 inquit",
1745 3411 1904 3457 datur
1935 3422 2026 3473 per
2056 3404 2310 3474 Spiritum

751 3507 918 3544 sermo
952 3493 1222 3562 sapientia:
1283 3494 1378 3547 alii
1424 3504 1597 3547 autent
1626 3511 1796 3548 sermo
1828 3497 2058 3551 scientia:
2089 3505 2143 3551 ct
2186 3498 2311 3550 reli-

754 3599 860 3651 qua
894 3582 1053 3637 dona.
1088 3582 1342 3638 Sanctum
1374 3594 1450 3638 est
1486 3585 1734 3655 templum
1763 3596 1907 3641 tuum
1928 3630 1943 3654 ,
1974 3598 2066 3643 aut
2099 3591 2313 3645 cmleste

755 3685 848 3726 aut
897 3685 1193 3738 terrenum,
1234 3676 1386 3744 juxta
1423 3677 1626 3733 dictum
1660 3679 1792 3734 illud
1836 3697 1848 3733 :
1903 3680 2169 3752 Templum
2217 3682 2312 3737 Dei

755 3777 994 3817 sanctum
1023 3773 1121 3828 est,
1156 3766 1294 3837 quod
1321 3772 1446 3822 estis
1471 3785 1558 3823 vos
1574 3770 1616 3822 ’.

827 3936 956 4007 [Qui
983 3940 1124 4008 pleni
1151 3941 1283 3996 estis
1313 3943 1739 4001 sanctificatione
1765 3948 2156 4019 (templumque
2183 3949 2313 4004 illud

754 4030 954 4098 tuum),
982 4045 1076 4100 per
1099 4031 1314 4103 eloquia
1346 4044 1435 4089 tua
1469 4037 1783 4093 accedentes
1815 4040 1994 4095 erudit
2027 4051 2187 4111 atque
2217 4042 2314 4097 do-

756 4128 839 4176 cet
861 4123 1126 4193 justitiam
1156 4127 1352 4202 tuam.]

826 4215 878 4269 6.
923 4216 1134 4272 Exaudi
1171 4235 1298 4285 nos,
1333 4219 1508 4288 Deus,
1543 4223 1793 4278 salutaris
1823 4235 2016 4292 noster,
2056 4245 2168 4297 spes
2199 4247 2312 4283 om-

756 4307 904 4359 nium
946 4308 1129 4374 ﬁnium
1164 4319 1337 4365 terrm.
1364 4310 1568 4367 Exaudi
1594 4328 1693 4369 nos
1723 4316 1902 4385 itaque
1931 4327 1985 4372 et
2013 4319 2124 4374 hac
2159 4322 2314 4377 nubis

759 4396 1019 4466 praebeas.
1069 4397 1125 4451 ln
1175 4407 1257 4465 te,
1294 4400 1501 4472 inquit,
1550 4402 1683 4459 fines
1721 4413 1880 4459 terrae
1911 4408 2229 4476 sperabunt,
2262 4421 2315 4465 et

2412 1930 2529 2000 ἧτις
2551 1929 2749 1999 ἐστὶ·ιή
2792 1929 3100 1998 Ἐκκλησία,
3123 1929 3154 1999 ἧ
3179 1932 3240 1998 τῇ
3277 1930 3596 2001 ἐπουρανίῳ,
3629 1931 3763 1982 ὅπου
3797 1948 3952 2002 παρα-

2413 2019 2689 2090 γενόμενοι
2713 2020 2809 2082 τάς
2839 2020 3070 2082 αἰνέσεις
3097 2020 3508 2091 άναπέμψομεν.

2483 2109 2864 2164 Είσάκουσον
2891 2111 3235 2179 προσευχῆς
3276 2130 3409 2178 μου,
3471 2115 3619 2181 πρὸς
3674 2116 3751 2167 σὲ
3803 2114 3951 2169 πᾶσα

2413 2201 2569 2269 σὰρξ
2596 2200 2746 2267 ἥξει.
2781 2200 3197 2269 Εὐάγγελίζεται
3249 2203 3336 2255 διὰ
3385 2204 3588 2257 τούτων
3633 2205 3731 2274 τὴν
3780 2203 3952 2276 κλῆσιν

2413 2293 2661 2345 ἁπάντων
2689 2291 2794 2343 τῶν
2827 2291 3016 2353 ὲονῶν,
3069 2292 3204 2343 κατὰ
3251 2293 3314 2343 τὺ
3363 2294 3649 2363 εἰρημένον
3688 2296 3838 2365 παρά
3872 2295 3954 2348 τοῦ

2426 2382 2580 2450 Ἰωήλ
2612 2397 2626 2412 ο
2673 2379 2890 2449 Ἐκχεῶ
2936 2381 3053 2436 ἀπὸ
3077 2383 3419 2451 Πνεύματός
3458 2402 3577 2453 μου
3626 2385 3728 2439 ἐπὶ
3766 2386 3956 2440 πᾶσαν

2413 2472 2632 2540 σάρκα.

2483 2566 2657 2634 Λόγοι
2705 2565 2940 2635 ἀνόμων
2971 2568 3706 2640 ῠπερεδυιύμωσαντως.
3769 2572 3958 2638 Λόγους

2412 2655 2626 2726 ἀνόμων
2655 2657 2786 2726 φησὶ
2820 2657 2916 2726 τὴν
2952 2659 3140 2725 σοφίαν
3164 2660 3272 2710 τῶν
3305 2660 3480 2728 σοφῶν
3500 2661 3592 2712 τοῦ
3626 2661 3822 2723 αἰῶνος
3849 2662 3956 2713 τού-

2413 2761 2524 2808 του,
2555 2746 2618 2797 δι’
2644 2743 2710 2817 ἧς
2741 2749 2832 2800 καὶ
2859 2748 3242 2819 ἐξησθένησαν,
3276 2752 3374 2821 τῆς
3397 2750 3626 2820 ἀληθοῦς
3650 2754 3957 2814 ἐκπεσόντες

2412 2837 2680 2905 γνώσεως.
2715 2840 2822 2892 Kal
2851 2840 2976 2906 ταῖς
3002 2843 3297 2908 ἀσεϐείαις
3333 2843 3497 2911 ἡμῶν
3527 2843 3728 2911 huic".
3777 2844 3959 2914 Εΰχον-

2411 2945 2499 2983 ται
2525 2930 2620 3000 τῆς
2643 2947 2706 2982 συ
2716 2930 2926 3003 μϐάσης
2954 2934 3010 2984 ἐν
3037 2936 3099 3003 τῇ
3120 2933 3553 3005 πλάνῃάσεϐείας
3571 2935 3956 3005 ἀπαλλαγῆναι.

2485 3041 2780 3109 Μακάριος
2805 3043 2876 3095 ὃν
2893 3044 3146 3107 ἐξελέξω
3167 3045 3262 3096 καὶ
3292 3045 3686 3112 προσελάϐου.
3719 3047 3859 3110 Τοὺς
3884 3064 3960 3099 τε-

2412 3129 2726 3196 λειωθέντας
2757 3135 2875 3184 κατ’
2904 3133 3124 3204 ἀρετὴν,
3146 3134 3238 3186 καὶ
3267 3137 3344 3197 εἰς
3375 3135 3433 3187 τὸ
3465 3134 3712 3205 βραϐεῖον
3743 3140 3840 3206 τῆς
3864 3139 3962 3190 ἄνω

2413 3225 2717 3293 φθάσαντας
2771 3225 3031 3296 κλήσεως,
3073 3228 3374 3298 μακαρίους
3417 3228 3770 3281 ἀποκαλοῦσι.
3817 3232 3961 3294 Πλη-

2409 3317 2747 3384 σθησόμεθα
2768 3317 2835 3368 ἐν
2862 3316 2982 3382 τοῖς
3003 3317 3242 3384 ἀγαθοῖς
3274 3317 3379 3370 τοῦ
3404 3320 3570 3371 οἴκου
3594 3335 3729 3372 σου.
3769 3319 3963 3387 Ἀγαθὰ

2409 3407 2501 3459 τοῦ
2518 3407 2666 3461 οἴκου
2689 3408 2756 3460 τὰ
2785 3407 3015 3478 διάφορα
3039 3408 3129 3460 τοῦ
3151 3408 3462 3478 Πνεύματος
3481 3409 3623 3477 λέγει
3640 3411 3959 3480 χαρίσματα.

2411 3490 2484 3566 *ῼ
2508 3497 2622 3565 μὲν
2647 3498 2773 3576 γὰρ,
2809 3497 2960 3568 φησι,
2984 3495 3209 3551 δίδοται
3241 3498 3337 3551 διὰ
3368 3498 3472 3552 τοῦ
3505 3501 3962 3580 Πνεύματοςελόρ

2411 3608 2514 3662 γος
2538 3593 2775 3658 σοφίας,
2800 3593 2965 3657 ἄλλῳ
2984 3590 3051 3645 δὲ
3075 3595 3254 3661 λόγος
3270 3593 3560 3663 γνώσεως,
3597 3597 3692 3649 καὶ
3711 3597 3780 3649 τὰ
3813 3597 3963 3666 ἕτερα

2411 3681 2517 3734 τῶν
2550 3683 2918 3751 χαρισμάτων.
2957 3684 3146 3752 Ἄγιος
3185 3689 3218 3738 ό
3250 3687 3394 3750 ναός
3422 3702 3537 3739 σου
3563 3703 3577 3717 ’
3614 3686 3645 3757 ἢ
3677 3690 3704 3739 ὁ
3739 3689 3966 3758 ἐπουράο

2412 3773 2597 3842 νιος,ῆ
2631 3774 2658 3824 ὁ
2695 3773 2952 3839 ἐπίγειος,
2989 3775 3127 3826 κατὰ
3146 3775 3207 3826 τὺ
3234 3776 3541 3846 εἰρημένον·
3584 3777 3645 3829 '0
3681 3777 3789 3846 γὰρ
3828 3777 3964 3843 ναὸς

2413 3863 2516 3917 τοῦ
2541 3862 2685 3915 Θεοῦ
2713 3863 2878 3931 ἅγιός
2915 3863 3104 3929 ἐστιν,
3134 3865 3346 3931 οἵτινές
3363 3867 3502 3920 ἐστε
3537 3867 3724 3935 ὑμεῖς.

2483 3952 2750 4025 [Πλήρεις
2776 3954 3044 4024 ἀγιασμοῦ
3073 3972 3084 3984 ·
3111 3955 3204 4009 καὶ
3232 3957 3328 4027 τὴν
3372 3957 3470 4026 σὴν
3501 3958 3846 4032 δικαιοσύνην
3886 3960 3966 4013 διά

2413 4045 2518 4098 τῶν
2542 4045 2647 4098 σῶν
2676 4045 2866 4115 λογίων
2891 4048 3014 4110 τοὺς
3045 4046 3362 4119 προσιόντας
3396 4050 3682 4123 παιδεύει]

2496 4221 2870 4275 Ἐπάιιουσον
2910 4221 3098 4290 ἡμῶν,
3132 4225 3166 4278 ὁ
3198 4226 3341 4292 Θεὸς
3382 4229 3414 4280 ό
3463 4228 3898 4299 Σωτὴρ-ἡμῶν,
3929 4234 3963 4298 ἡ

2413 4312 2587 4377 ἐλπὶς
2619 4311 2858 4365 πάντων
2883 4310 2999 4366 τῶν
3022 4314 3287 4383 περάτων
3313 4315 3422 4384 τῆς
3476 4317 3606 4388 γῆς.
3644 4322 3850 4376 Οὐκοῦν
3880 4326 3965 4376 ἐπ-

2415 4403 2641 4457 άκουσον
2657 4407 2688 4474 ἡ
2697 4403 2830 4473 μῶν,
2863 4406 2956 4457 καὶ
2971 4405 3142 4458 ταῦτα
3167 4408 3465 4479 παράσχου.
3494 4409 3586 4473 Είς
3612 4412 3691 4475 σὲ,
3729 4412 3881 4483 φησι,
3906 4414 3966 4465 τὰ

758 4487 851 4556 qui
897 4489 1083 4556 procul
1128 4505 1160 4544 a
1207 4493 1342 4548 mari
1377 4494 1643 4550 habitant.
1696 4494 1793 4551 [iis
1831 4507 2011 4554 autem
2050 4500 2314 4570 significat

2420 4495 2629 4566 πέρατα
2648 4496 2746 4565 τῆς
2774 4497 3095 4568 οἰκουμένης
3115 4499 3379 4560 ὲλτιιοῦσι,
3417 4501 3508 4553 καὶ
3536 4504 3585 4554 οἱ
3619 4505 3839 4575 μακρὰν
3877 4504 3966 4574 τῆς

756 4584 1022 4635 terminos
1057 4588 1232 4637 terrae.

829 4751 882 4806 7.
926 4751 1238 4824 Prwparans
1283 4769 1476 4812 montes
1515 4761 1568 4813 in
1613 4763 1801 4817 virtute
1839 4779 1956 4817 sua.
1989 4763 2196 4820 Montes
2226 4765 2313 4820 hic

758 4851 918 4896 vocat
949 4843 1290 4902 adversarias
1321 4859 1631 4918 potestates.
1682 4853 2000 4922 Prmparans
2030 4867 2207 4909 autem
2247 4855 2316 4910 ad

762 4935 1106 5004 supplicium,
1145 4942 1466 5008 praeparavit
1498 4958 1730 5013 namque
1758 4946 1864 5000 illis
1897 4947 2170 5016 abyssum.
2204 4946 2317 5003 lloc

762 5036 943 5080 autem
985 5027 1186 5093 facies,
1218 5040 1404 5099 potens
1441 5049 1562 5087 cum
1593 5036 1690 5089 sis.
1739 5035 1840 5101 Qui
1877 5041 2155 5091 conturbas
2195 5055 2318 5107 pro-

763 5114 986 5183 fundum
1016 5121 1199 5173 maris.
1230 5119 1372 5176 Mare
1393 5123 1546 5190 dicit,
1578 5125 1980 5182 multitudinem
2010 5128 2318 5184 immundo-

765 5222 885 5260 rum
919 5208 1206 5277 spirituum
1227 5253 1243 5278 ,
1273 5228 1394 5282 qua:
1425 5214 1624 5271 Christi
1669 5217 1899 5273 adventu
1943 5221 2314 5275 conturbatur.

765 5296 1125 5362 Quamobrem
1173 5311 1470 5361 metuentes
1501 5307 1717 5364 aiebant
1746 5326 1758 5360 :
1799 5309 1996 5365 Venisti
2026 5321 2147 5366 ante
2192 5324 2320 5366 tem-

767 5403 865 5456 pus
898 5398 1133 5460 torquere
1159 5410 1251 5447 nos
1273 5396 1335 5448 ".

836 5479 888 5531 9.
933 5478 1301 5536 Turbabuntur
1340 5496 1541 5556 gentes,
1585 5499 1633 5540 et
1668 5491 1920 5544 timebunt
1959 5494 2046 5552 aui
2083 5493 2320 5547 habitant

770 5569 1036 5637 terminos,
1065 5590 1096 5625 a
1123 5576 1286 5644 signis
1315 5579 1437 5632 .‘nis.
1469 5579 1720 5646 Quando,
1767 5583 1958 5653 inquit,
1995 5593 2180 5654 gentes
2203 5628 2217 5650 ,
2260 5588 2311 5642 id

2420 4585 2690 4657 θαλάσσης
2728 4587 3017 4652 οἰκοῦντες.
3052 4589 3311 4658 Δηλοῦται
3365 4591 3421 4643 δὲ
3455 4592 3612 4646 πάλιν
3651 4594 3740 4648 διὰ
3776 4595 3966 4648 τούτων

2419 4677 2518 4747 τῆς
2545 4679 2862 4750 οἰκουμένης
2893 4680 2961 4732 τὰ
2989 4680 3214 4751 πέρατα.

2497 4768 2844 4838 Ἐτοιμάζων
2875 4770 2979 4839 ὄρη
3017 4772 3087 4824 ἐν
3118 4772 3194 4840 τῇ
3245 4774 3416 4843 ἰσχύϊ
3442 4774 3647 4830 αὐτοῦ.
3713 4776 3967 4830 Ἐνταῦθα

2418 4859 2514 4922 τὰς
2537 4859 2912 4929 ἀντικειμένας
2935 4861 3188 4931 δυνάμεις
3219 4862 3401 4939 φησίν.
3443 4863 3790 4933 Ἐτοιμιὶζων
3820 4865 3875 4918 δὲ
3895 4868 3966 4926 εἰς

2418 4949 2717 5020 τιμωρίαν·
2759 4949 3019 5019 ἡτοίμασε
3055 4951 3162 5021 γάρ
3189 4951 3370 5015 αὐτοῖς
3389 4953 3487 5023 τὴν
3518 4954 3774 5008 ἄϐυσσον.
3811 4953 3968 5007 Τοῦτο

2416 5041 2474 5094 δὲ
2496 5041 2738 5110 ποιήσεις
2758 5039 2978 5103 δυνατὸς
3003 5039 3100 5096 ῶν.
3141 5042 3204 5095 '0
3227 5043 3671 5111 συν-ταράσσων
3706 5047 3771 5098 τὸ
3802 5047 3969 5109 κύτος

2418 5130 2528 5199 τῆς
2562 5130 2894 5198 θαλάσσης.
2947 5129 3231 5185 Θάλασσαν
3266 5132 3500 5188 ἐνταῦθα
3536 5133 3598 5187 τὸ
3625 5135 3832 5206 πλῆθος
3871 5134 3969 5187 τῶν

2418 5222 2740 5292 ἀκαθάρτων
2765 5221 3090 5292 πνευμάτων
3119 5223 3312 5293 φησὶν,
3346 5222 3377 5277 ὃ
3418 5227 3513 5279 καὶ
3557 5226 3969 5297 συνταράττεται

2419 5316 2484 5385 τῇ
2507 5315 2597 5366 τοῦ
2624 5313 2856 5384 Χριστοῦ
2884 5314 3172 5385 παρουσία.
3196 5315 3287 5368 Διὸ
3312 5317 3407 5369 καὶ
3434 5317 3752 5388 φοϐούμενοι
3777 5318 3966 5384 ελεγονο

2417 5399 2631 5470 τΗλθες
2650 5405 2994 5472 πρὸ.καιροῦ
3021 5407 3355 5470 βασανίσαι
3379 5408 3555 5476 ἡμᾶς.

2503 5495 2978 5564 Ταραχθιξσογται
3000 5498 3070 5551 τὰ
3091 5497 3254 5566 ἔθνη,
3295 5499 3416 5553 xal'
3440 5499 3883 5568 φοϐηθήσονται
3922 5501 3970 5552 ol

2434 5587 2845 5654 κατοικοῦντες
2881 5587 2950 5642 τά
2972 5587 3212 5659 πέρατα,
3259 5591 3375 5647 ἀπὸ
3408 5588 3527 5646 τῶν·
3554 5593 3820 5662 σημείων
3844 5609 3968 5646 σου.

845 5757 864 5785 '
897 5755 1008 5814 Joel
1043 5777 1075 5816 tl
1099 5800 1114 5825 ,
1139 5759 1228 5816 98.
1305 5767 1325 5796 ⁸
1359 5769 1377 5819 l
1409 5768 1530 5820 (Zur.
1567 5785 1660 5834 λιι,
1692 5771 1742 5823 3.
1820 5774 1838 5798 θ
1878 5770 1892 5823 l
1929 5772 2054 5827 Cor.
2085 5788 2168 5841 ιιι,
2200 5774 2281 5829 17.

2431 5774 2614 5830 Matth.
2655 5789 2770 5839 \‘lll,
2800 5773 2887 5830 29.
