4102 6312
184 341 286 399 285

1262 349 1623 407 EXPOSITIO
1662 350 1729 407 ΙΝ
1769 350 2097 408 PSALMUM
2139 352 2321 409 LXIV.

3299 354 3402 413 286

187 456 334 521 Ὅτε,
378 458 547 530 φησὶ,
580 460 649 514 τά
681 459 805 532 ἔθνη
856 460 1306 533 ταραχθήσονται,
1345 464 1591 518 τουτέστι
1636 466 1729 519 τῶη

1843 475 1954 535 est,
1999 467 2303 522 daemonum
2352 474 2583 522 catervae
2632 465 3014 531 turbabuntur,
3050 475 3178 525 tunc
3208 470 3303 541 qui
3345 472 3403 529 in

183 550 449 619 δαιμόνων
474 552 544 605 τὰ
577 547 918 623 συστήματα,
948 553 1071 606 τότε
1113 553 1177 627 δὴ
1200 554 1320 608 τότε
1351 558 1445 609 καὶ
1473 558 1522 609 οί
1555 558 1614 610 ὲν
1634 560 1743 620 τοίς

184 648 383 720 πέρασι
425 649 527 721 τῆς
565 650 886 721 οἰκουμένης
914 651 1188 723 ἄνθρωποι
1232 653 1628 725 φοϐηθήσονται
1662 670 1741 721 σε,

180 738 244 791 τὰ
275 740 488 809 μεγάλα
511 744 711 808 σημεῖα
739 740 1128 813 θεωρήσαντες.
1166 744 1371 816 Σημεῖα
1397 745 1453 798 δὲ
1475 745 1545 799 τά
1580 747 1638 799 ὲν
1675 749 1741 817 τῇ

184 833 456 905 παρουσίᾳ
489 834 823 905 γεγενημένα
848 834 1015 903 λέγει.
1061 835 1342 903 Ἐεόόους
1387 839 1607 905 πρωίας
1644 838 1743 891 καὶ

180 924 440 992 ἑσπέρας
478 925 731 994 τέρψεις.
787 927 951 980 Ὅταν
1008 926 1117 999 γάρ
1170 928 1238 981 τὰ
1283 930 1489 1000 μεγάλα
1541 934 1743 1001 σημεῖα

181 1014 550 1087 θεωρήσαντες
580 1017 631 1069 ot
653 1016 749 1089 τὴν
784 1016 1106 1089 οἰκουμένην
1132 1018 1404 1089 ἄνθρωποι
1433 1014 1743 1072 κατοικοῦν-

178 1123 284 1171 τες,
309 1107 587 1178 φοϐηθῶσι
614 1109 705 1161 τὸν
735 1108 937 1177 ἀγαθὸν
968 1108 1150 1178 φόϐον,
1168 1111 1286 1163 τότε
1320 1110 1383 1181 δὴ
1401 1111 1522 1163 τότε
1546 1112 1639 1163 καὶ
1662 1112 1740 1174 εἰς

176 1199 269 1262 si;
299 1202 512 1272 πρωίας
540 1202 631 1254 καὶ
656 1202 735 1265 είς
766 1202 861 1265 τὰς
903 1203 1139 1272 ἑσπέρας
1168 1201 1378 1267 ἐξόδους
1400 1244 1416 1267 ,
1462 1204 1739 1256 τουτέστιν

179 1291 231 1341 ἐν
249 1292 411 1343 παντὶ
438 1290 635 1361 καιρῷ,
670 1291 855 1363 τέρψις
893 1292 1044 1346 ἔσται
1071 1295 1273 1359 αὐτοῖς,
1317 1294 1740 1365 ἀγαλλιωμένοις

178 1382 255 1450 ἐφ’
279 1376 362 1445 οἷς
385 1382 745 1455 κατώρθωσεν
774 1387 807 1456 ἡ
841 1385 907 1457 σὴ
940 1387 1230 1458 παρουσία.

256 1496 611 1567 Ἐπεσκέιίοω
638 1497 754 1568 τὴν
779 1499 915 1569 γῆν,
940 1501 1036 1554 καὶ
1068 1500 1363 1571 ἐμέθυσας
1389 1503 1599 1572 αὐτήν.
1623 1503 1740 1556 Δεί-

177 1604 359 1641 κνυσιν
390 1589 487 1641 ἐπὶ
516 1589 625 1642 τίσι
653 1589 760 1643 τῶν
788 1590 955 1644 ὲθνῶν
983 1591 1235 1645 ἁπάντων
1274 1594 1308 1663 ἡ
1349 1593 1559 1663 τέρψις.
1616 1593 1739 1647 Ἐπὶ

177 1679 277 1731 τίσι
304 1678 415 1751 8ὶῆ
444 1681 538 1733 ἐπὶ
569 1681 647 1752 τῷ
678 1682 775 1753 τῆς
802 1684 1105 1755 ἐπισκοπῆς
1135 1683 1360 1751 ἀξιῶσαι
1386 1684 1485 1757 τὴν
1501 1686 1626 1757 γῆν,
1644 1687 1737 1740 καὶ

179 1769 402 1840 μοῦσαι
426 1773 594 1844 αὐτὴν
617 1772 725 1826 τῶν
746 1775 870 1846 παρ’
900 1775 1065 1830 αὑτοῦ
1093 1776 1331 1847 δηλονότι
1356 1777 1732 1849 χαρισμάτων;

188 1864 237 1915 '0
262 1864 530 1933 ποταμὸς
562 1866 669 1920 τοῦ
697 1867 843 1921 Θεοῦ
870 1867 1179 1936 ἐπληρώθη
1202 1867 1453 1923 ὑδάτων.
1487 1868 1737 1939 Ποταμὸν

176 1954 400 2009 ἐνταῦθα
432 1957 523 2009 τὸν
559 1958 906 2027 εὐαγγελικὸν
951 1960 1107 2029 λόγον
1141 1961 1300 2031 φησί·
1350 1959 1735 2032 πεπληρῶσθαι

172 2046 225 2100 δὲ
254 2048 420 2102 αὑτὸν
465 2048 670 2103 ὑδάτων
693 2068 707 2083 ·
762 2051 921 2106 τίνων
972 2052 1006 2125 ἢ
1040 2052 1149 2108 τῶν
1189 2053 1346 2107 θείων
1375 2052 1734 2121 ἐπαγγελιῶν,

174 2140 355 2205 φησιν,
412 2132 491 2192 ὧν
548 2143 660 2203 τοῖς
691 2141 860 2208 ἀξίοις
888 2143 990 2212 τῆς
1023 2142 1301 2213 βασιλείας
1345 2142 1452 2196 τῶν
1496 2143 1735 2214 οὐρανῶν

173 2229 566 2297 ἑπηγγείλατος
598 2228 719 2285 Εἶεν
744 2233 787 2286 δ’
809 2232 875 2287 ἂν
899 2235 955 2286 αἱ
986 2234 1306 2304 ἐπαγγελίαι
1325 2233 1386 2286 τό
1403 2250 1416 2263 ·
1450 2233 1735 2301 Μακάριοι

169 2325 456 2392 οίπτωχοί
474 2326 552 2392 τῷ
563 2328 871 2397 πνεύματι,
896 2330 988 2383 καὶ⁵
1010 2331 1058 2382 οί
1082 2328 1209 2401 ἑξῆς
1220 2328 1327 2383 τῶν
1349 2328 1731 2401 μακαρισμῶν.

182 2417 533 2485 Ἡτοίμασας
586 2420 701 2488 τὴν
726 2422 952 2490 τροφὴν
994 2422 1211 2476 αὐτῶν.
1243 2424 1458 2495 Τροφὴν
1507 2422 1605 2493 μὲν
1634 2424 1733 2495 τὴν

169 2512 546 2581 πνευματικήν
585 2529 766 2582 φησιν.
836 2512 1192 2585 Ἡτοιμάσθαι
1239 2514 1297 2567 δὲ
1342 2513 1508 2584 αὐτὴν
1554 2513 1731 2583 λέγει,

166 2596 293 2653 διότι
342 2604 451 2675 πρὸ
478 2603 779 2675 καταϐολῆς
822 2606 1025 2678 κόσμου
1068 2606 1295 2678 ὥρισται
1327 2607 1387 2661 τὸ
1430 2606 1557 2677 περὶ
1597 2607 1731 2678 Χρι-

168 2690 285 2744 στοῦ
338 2696 637 2765 μυστήριον
657 2736 671 2759 ,
717 2699 777 2760 ὃς
824 2698 997 2751 ἐστιν
1023 2697 1199 2766 ἄρτος
1226 2698 1295 2752 ἐκ
1329 2697 1436 2752 τοῦ
1473 2697 1733 2767 οὐρανοῦ

165 2786 443 2851 καταϐὰς,
472 2787 569 2840 καὶ
601 2787 756 2857 ζωὴν
780 2788 985 2856 διδοὺς
1011 2789 1090 2855 τῷ
1115 2791 1335 2859 κόσμῳ.

238 2894 387 2961 Τοὺς
417 2896 688 2963 αὔλακας
738 2898 926 2966 αὐτῆς
950 2897 1240 2967 μέθυσον,
1294 2899 1601 2965 πλήθυνον
1659 2900 1731 2954 τὰ

165 2986 503 3056 γεννήματα
530 2988 734 3057 αὐτῆς.
774 2990 1027 3055 Αῦλακάς
1058 3007 1190 3062 φησι
1214 2990 1283 3045 τά
1313 2990 1448 3061 βάθη
1474 2990 1580 3045 τῶν
1604 3008 1732 3062 καρ-

164 3076 317 3141 διῶν,
355 3082 672 3151 γεννήματα
703 3082 760 3136 δὲ
811 3085 936 3147 τοὺς
985 3084 1225 3149 εὐσεϐεῖς
1274 3083 1582 3154 λογισμούς.
1628 3085 1730 3140 Ἐν

1845 559 2093 614 terminis
2115 566 2273 614 terra:
2298 568 2587 613 versantur
2618 559 2885 625 homines,
2916 561 3299 630 turbabuntur,
3328 565 3403 621 si-

1843 667 1945 723 gna
1993 668 2187 723 magna
2231 652 2646 722 conspicientes.
2708 651 2871 724 Signa
2920 662 3097 707 autem
3142 669 3204 708 ea
3251 664 3401 720 sunt,

1843 758 1961 813 quae
1994 743 2049 797 in
2081 742 2199 811 ejus
2228 740 2460 795 adventu
2495 750 2623 797 sunt
2654 741 2819 796 edita.
2854 740 3043 794 Exitus
3077 742 3324 795 matutini
3348 749 3401 795 et

1842 850 2044 905 vespere
2077 833 2377 888 delectabis.
2419 833 2554 889 Cum
2597 834 2740 889 enim
2784 834 2937 904 signa
2966 848 3156 903 magna
3185 832 3400 905 conspi-

1842 927 1945 981 cati
1978 926 2224 981 homines
2252 925 2345 995 qui
2391 926 2575 980 orbem
2606 934 2761 980 teme
2790 924 3051 988 incolunt,
3082 924 3223 978 bono
3252 930 3398 977 metu

1843 1018 2137 1080 timebunt,
2186 1028 2297 1072 tum
2340 1025 2395 1072 et
2439 1017 2505 1071 ad
2548 1017 2842 1072 matutinos
2874 1025 2928 1070 et
2966 1016 3031 1070 ad
3070 1016 3398 1085 vespertinos

1839 1108 2053 1175 exitus;
2088 1107 2192 1162 hoc
2230 1116 2346 1175 est,
2380 1106 2529 1163 omni
2567 1116 2827 1176 tempore,
2856 1104 3139 1160 delectatio
3167 1105 3271 1158 erit
3297 1104 3395 1171 eis,

1839 1200 2235 1256 exsultantibus
2297 1201 2368 1255 ob
2444 1215 2532 1255 res
2587 1200 2844 1270 pmclare
2896 1213 2928 1252 a
2979 1206 3029 1252 te
3075 1197 3397 1253 adveniente

1839 1302 2037 1364 gestas.

1908 1496 1995 1551 10.
2044 1494 2283 1550 Visitasti
2327 1503 2520 1549 terram
2561 1508 2609 1549 et
2644 1492 2918 1549 inebriasti
2954 1509 3088 1547 eum.
3143 1490 3396 1547 Declarat

1837 1590 2036 1661 quibus
2079 1589 2145 1643 de
2194 1588 2356 1644 rebus
2400 1587 2684 1643 delectatio
2736 1586 2900 1641 fuerit
2926 1585 3177 1640 omnibus
3215 1584 3392 1654 genti-

1837 1681 1959 1737 bus.
1994 1678 2362 1747 Quibusnam,
2405 1680 2510 1735 nisi
2552 1680 2680 1751 quia
2710 1678 3015 1734 visitatione
3054 1691 3152 1732 sua
3191 1682 3391 1730 terram

1838 1781 2006 1827 totam
2039 1772 2291 1839 dignatus
2321 1779 2440 1839 est,
2470 1770 2693 1841 suisque
2725 1770 2885 1825 donis
2920 1768 3205 1823 inebriavit
3231 1766 3395 1821 eam?

1767 1844 1809 1900 Β
1839 1865 2064 1921 Flumen
2088 1865 2187 1920 Dei
2224 1853 2481 1936 repletum
2526 1874 2601 1919 est
2631 1865 2800 1935 aquis.
2860 1861 3085 1917 Flumen
3130 1861 3220 1915 hic
3261 1858 3395 1915 dicit

1836 1957 2208 2028 evangelicum
2252 1971 2591 2023 sermonem,
2645 1965 2700 2009 et
2737 1955 2998 2025 repletum
3030 1952 3187 2022 aquis
3223 1950 3392 2005 fuisse

1836 2049 1969 2104 dicit
1997 2066 2011 2101 :
2037 2048 2387 2118 quibusnam,
2418 2045 2523 2100 nisi
2557 2045 2755 2099 divinis
2794 2042 3111 2111 promissis,
3154 2056 3277 2111 qua:
3305 2040 3393 2095 di-

1835 2140 1958 2211 gnis
2008 2154 2173 2209 regno
2211 2141 2471 2194 caelorum
2517 2135 2788 2205 pollicitus
2820 2134 2939 2189 cst?
2971 2132 3244 2188 Promissa
3288 2146 3391 2185 au-

1837 2243 1943 2286 tem
1969 2231 2082 2287 haec
2108 2230 2349 2285 fuerint:
2387 2230 2543 2283 Beati
2582 2245 2837 2299 pauperes
2887 2228 3116 2296 spiritu,
3160 2233 3216 2279 et
3257 2223 3389 2278 reti--

1833 2338 1955 2393 quae
1981 2322 2339 2377 beatitudines
2368 2323 2431 2374 η.
2463 2320 2683 2374 Parasti
2708 2320 2882 2372 cibum
2914 2319 3148 2372 illorum.
3194 2314 3388 2370 Cibum

1834 2415 2172 2485 spiritualetn
2216 2415 2368 2469 dicit.
2430 2412 2700 2480 Quoniam
2734 2421 2858 2467 ante
2894 2411 3081 2467 mundi
3125 2410 3392 2466 constitu-

1836 2509 2068 2573 tionem,
2108 2507 2385 2562 decretum
2418 2516 2503 2562 est
2540 2506 2856 2576 mysterium
2897 2503 3134 2569 Christi,
3191 2504 3285 2572 qui
3310 2510 3389 2555 est

1830 2601 1983 2671 panis
2014 2600 2105 2670 qui
2131 2600 2193 2653 de
2221 2600 2348 2653 caelo
2378 2598 2643 2653 descendit
2666 2610 2715 2653 et
2745 2600 2837 2653 dat
2870 2600 3030 2655 vitam
3054 2598 3249 2653 mundo
3270 2597 3337 2652 “.

1902 2886 1982 2940 Η.
2025 2885 2179 2940 Ilisos
2206 2887 2319 2955 ejus
2344 2886 2547 2939 inebria
2568 2925 2583 2950 ,
2634 2884 2931 2953 multiplica
2964 2882 3226 2954 genimina
3247 2881 3382 2951 ejus.

1831 2977 1991 3031 Rivos
2032 2977 2165 3033 dicit
2194 2976 2462 3048 profunda
2493 2978 2739 3033 cordium
2775 2996 2789 3032 :
2817 2977 3110 3047 genimina,
3142 2975 3260 3045 pias
3293 2988 3388 3027 co-

1830 3071 2140 3141 gitationes.
2184 3068 2249 3123 In
2284 3071 2577 3125 stillicidiis
2610 3070 2723 3139 ejus
2757 3070 3028 3125 testabitur
3068 3065 3385 3137 germinans.

164 3170 288 3236 ταῖς
356 3175 653 3242 σταγόσιν
716 3175 906 3243 αὐτῆς
948 3178 1422 3244 εὐφρανθήσεται
1481 3177 1729 3230 ἀνατέλ-

1830 3164 2192 3229 Quantumvis
2215 3178 2401 3233 parva,
2436 3163 2640 3231 inquit,
2684 3162 2827 3216 dona
2870 3161 2973 3228 ipsi
3003 3160 3195 3213 collata
3218 3199 3232 3221 ,
3264 3173 3382 3211 eatn

165 3264 381 3318 λουσα.
422 3264 532 3317 Καὶ
564 3265 630 3318 τὰ
660 3265 851 3339 μικρὰ,
882 3267 1034 3337 φησὶ,
1063 3267 1170 3320 τῶν
1194 3266 1350 3321 θείων
1377 3271 1729 3339 χαρισμάτων

1832 3256 1997 3310 laetari
2032 3272 2095 3309 ao
2135 3256 2439 3325 germinare
2492 3256 2740 3321 faciunt,
2800 3253 3135 3324 Spiritualem
3180 3250 3387 3306 scilicet

164 3352 267 3407 τῶν
307 3355 603 3426 διδομένων
654 3360 791 3430 αὐτῇ
843 3360 1153 3431 εὐφραίνειν
1196 3360 1394 3429 αὐτὴν,
1457 3362 1547 3413 καὶ
1603 3362 1730 3413 ἀνα-

162 3444 363 3501 τίλλειν
398 3450 822 3521 παρασκευάζει,
859 3452 949 3504 τὸν
990 3452 1178 3522 νοητὸν
1217 3448 1455 3523 δηλονότι
1500 3453 1728 3524 καρπόν.

164 3537 474 3609 Νοήσειςδὲ
507 3541 603 3605 τὰς
632 3544 900 3611 σταγόνας
942 3544 1114 3613 αὐτῆς
1153 3544 1261 3597 ἀπὺ
1298 3543 1390 3597 τοῦ
1439 3545 1729 3616 εἰρημένου

164 3633 288 3703 περὶ
313 3632 553 3704 Χριστοῦ
574 3649 588 3664 ·
616 3636 1019 3703 Κατασήσεται
1060 3635 1139 3701 ὠς
1164 3633 1336 3702 ὑετὸς
1364 3634 1464 3688 ἐπὶ
1487 3636 1726 3698 κόκκον.

164 3725 257 3778 καί
290 3727 373 3793 ὡς
406 3728 444 3797 ἠ
470 3726 710 3798 ora-ni».
732 3730 771 3798 ἠ
812 3727 1115 3791 στάζουσα
1142 3728 1241 3784 ἐπὶ
1272 3728 1386 3798 τὴν
1415 3726 1551 3798 γῆν.

227 3839 608 3909 Εὑλογήσεις
655 3842 761 3896 τὸν
782 3841 1085 3912 στέφανον
1135 3842 1241 3897 τοῦ
1292 3840 1567 3896 ἐνιαυτοῦ
1616 3838 1728 3909 τῆς

162 3931 573 3997 χρηστότητός
604 3947 742 3989 σου.
784 3933 1055 3987 Ἑνιαυτόν
1083 3949 1216 4004 φησι
1255 3933 1346 3986 τὸν
1382 3932 1475 3986 τοῦ
1508 3930 1725 4004 μέλλον-

158 4034 247 4081 τος
275 4017 471 4083 αἰῶνος
498 4019 709 4091 καιρὸν,
746 4022 839 4074 καὶ
882 4022 1142 4093 στέφανον
1176 4023 1538 4094 χρηστότητος
1590 4025 1725 4076 ἀπο-

161 4109 332 4174 καλεῖ,
382 4108 472 4163 ea
504 4110 567 4163 τὸ
610 4112 668 4165 ιν
701 4111 866 4183 πολλῇ
909 4113 1233 4184 χρηστότητι
1280 4113 1405 4177 τοὺς
1438 4110 1622 4181 ἁγίους
1668 4112 1725 4163 ιν

159 4202 304 4273 αὐτῷ
324 4202 741 4273 στεφανοῦσθαι.
774 4204 881 4259 Καὶ
912 4205 984 4258 τὰ
1004 4204 1179 4259 πεδία
1195 4220 1310 4261 σου
1340 4204 1725 4272 πλησθήσον-

158 4309 248 4347 ται
269 4296 570 4363 πιότητος.
605 4296 769 4348 Πεδία
804 4295 960 4350 πάλιν
993 4296 1091 4359 τὰς
1114 4295 1220 4350 τῶν
1262 4298 1342 4359 είς
1373 4296 1533 4349 αὑτὸν
1564 4311 1724 4347 πεπι-

160 4388 463 4440 στευκότων
514 4386 691 4457 ψυχὰς
718 4388 893 4441 καλεῐ.
953 4387 1392 4457 Πιανθήσονται
1430 4388 1502 4441 τὰ
1543 4386 1724 4455 ὡραῖα

158 4475 266 4545 τῆς
297 4478 543 4547 ἐρήμου.
572 4480 709 4552 Ὀρη
749 4480 850 4551 μὲν
879 4481 1006 4544 τοὺς
1039 4481 1227 4549 ἁγίους
1256 4480 1581 4542 ἀποστόλους
1628 4480 1721 4531 καὶ

157 4571 553 4640 εὐαγγελιστάς
598 4589 764 4645 φησι,
820 4576 945 4639 τοὺς
993 4576 1279 4647 εὐτραφεῖς
1327 4573 1720 4645 γεγενημένους

155 4666 269 4727 τοῖς
314 4669 701 4736 πνευματικοῑς
749 4666 1112 4738 χαρίσμασιν·
1164 4666 1367 4738 ἕρημον
1412 4665 1469 4720 δὲ
1510 4664 1608 4736 τὴν
1662 4665 1721 4729 ἐξ

156 4751 328 4808 ἐθνῶν
367 4755 688 4826 Ἐκκλησίαν
706 4756 991 4821 ἀποκαλεῖ,
1015 4756 1112 4829 τὴν
1137 4756 1300 4811 πάλαι
1322 4756 1526 4827 ἔρημον
1554 4750 1718 4810 οὖσαν

1830 3346 2086 3401 fructum.
2121 3344 2401 3401 Stillicidia
2434 3362 2595 3417 porro
2628 3350 2748 3417 ejus
2772 3348 3035 3417 intelliges
3060 3361 3124 3401 ex
3148 3359 3214 3400 eo
3237 3342 3385 3414 quod

1828 3438 1896 3493 de
1933 3438 2153 3492 Christo
2200 3437 2400 3493 dicitur
2430 3456 2443 3491 :
2484 3436 2768 3491 Descendet
2812 3439 2949 3489 sicut
2982 3436 3158 3505 pluvia
3181 3436 3239 3487 in
3275 3432 3385 3487 sel-

1829 3528 1934 3593 lus,
1970 3538 2019 3581 et
2046 3530 2184 3582 sicut
2219 3527 2500 3583 stillicidia
2529 3528 2794 3583 stillantia
2827 3542 2980 3596 super
3006 3536 3203 3580 terram
3228 3523 3293 3581 ¹³.

1898 3827 1985 3893 12,
2020 3829 2105 3883 l3.
2139 3828 2416 3884 Benedices
2454 3846 2660 3885 corona:
2692 3831 2817 3885 anni
2863 3829 3201 3901 benignitatis
3253 3840 3379 3887 tua.

1825 3919 2039 3975 Annum
2065 3922 2198 3976 dicit
2227 3921 2393 3978 futuri
2422 3926 2603 3979 saeculi
2632 3934 2875 3993 tempus,
2920 3933 2975 3978 et
3002 3939 3256 3979 coronam
3292 3923 3383 3979 be-

1826 4014 2102 4084 nignitatis
2132 4025 2307 4079 vocat,
2342 4016 2469 4085 quia
2494 4018 2661 4071 multa
2701 4034 2822 4071 cum
2853 4018 3179 4086 benignitate
3208 4017 3380 4072 sancti

1825 4108 1878 4162 in
1912 4106 2028 4177 ipso
2064 4116 2415 4162 coronantur.
2462 4106 2530 4161 Et
2557 4109 2728 4178 campi
2753 4110 2831 4163 tui
2861 4108 3187 4177 replcbuntur
3223 4108 3378 4161 uber-

1826 4206 1952 4251 tate.
2012 4196 2277 4269 Campum
2322 4198 2518 4253 iterum
2548 4201 2760 4255 animas
2793 4200 2845 4253 in
2886 4199 3061 4269 ipsum
3100 4197 3378 4253 credentes

1823 4298 2000 4344 vocat.
2060 4287 2407 4359 Pinguescent
2452 4292 2684 4360 speciosa
2721 4293 2931 4346 deserti.
2995 4290 3201 4347 Montes
3248 4291 3381 4347 dicit

1824 4392 2041 4437 sanctos
2079 4384 2353 4451 apostolos
2374 4392 2427 4437 et
2457 4384 2848 4453 evangelisms,
2883 4384 2980 4453 qui
3006 4383 3379 4453 spiritualibus

1823 4473 1982 4529 donis
2011 4475 2237 4545 pingues
2270 4475 2443 4531 ell‘ecti
2481 4485 2625 4531 sunt.
2669 4474 2949 4532 Desertum
2976 4492 3104 4531 vero
3137 4478 3377 4548 gentium

1822 4566 2119 4622 Ecclesiam
2157 4576 2336 4630 vocat,
2372 4583 2494 4637 quae
2522 4568 2735 4623 deserta
2767 4569 2892 4624 olim
2922 4577 3037 4626 erat
3068 4568 3157 4623 Dei
3191 4570 3379 4638 cogni-

1823 4660 1989 4715 tione.
2025 4658 2094 4712 Et
2128 4658 2480 4713 exsultatione
2506 4659 2662 4715 colles
2692 4665 3044 4732 accingentur.
3071 4661 3251 4717 Colles
3278 4673 3374 4715 vo-

1820 4761 1908 4810 cat
1934 4752 2189 4824 przsides
2219 4749 2605 4807 Ecclesiarum.

155 4846 255 4916 τῆς
315 4848 443 4917 περὶ
497 4847 631 4900 Θεοῦ
691 4846 960 4917 γνώσεως.
1010 4850 1119 4904 Καὶ
1163 4848 1525 4918 ἀτιιλλίασιν
1573 4850 1626 4902 οι
1672 4845 1887 4913 ,βουνοί
1946 4840 2377 4913 περιζῶσονται.
2428 4843 2655 4907 Βουνοὺς
2710 4845 2835 4909 τοὺς
2882 4843 2990 4897 τῶν
3043 4845 3375 4915 Ἐκκλησιῶν

156 4938 459 5010 προέδρως
490 4938 674 5008 ιρησίν.

234 5030 631 5087 ἐνεδύσαντο
661 5036 715 5087 ot
739 5032 891 5101 κριοὶ
912 5031 1032 5087 τῶν
1050 5033 1371 5103 προϐάτων.
1392 5034 1593 5105 Κριοὺς
1620 5030 1719 5102 μὲν

153 5125 258 5177 τῶν
276 5121 567 5194 προϐάτων
578 5125 705 5189 τοὺς
718 5126 980 5197 ἄρχοντας
992 5126 1098 5180 τῶν
1111 5126 1254 5181 λαῶν
1270 5124 1491 5195 φησι.Τί
1504 5125 1560 5178 δὲ
1570 5124 1718 5178 ἐνδύ-

154 5227 341 5265 armat
374 5210 409 5282 ἢ
430 5212 494 5265 τὸ
505 5211 605 5282 τῆς
615 5212 920 5287 ἀφθαρσίας
936 5217 953 5269 ί
960 5215 1149 5287 μάτιον
1189 5216 1392 5270 καὶτὸν
1405 5216 1503 5287 τῆς
1522 5217 1717 5288 εὐφρο-

154 5306 327 5373 σύνης
354 5301 593 5373 χιτῶνας
626 5305 825 5377 Κριοὺς
851 5305 1106 5378 ὀνομάζει
1138 5307 1421 5377 προϐάτων
1464 5306 1559 5360 καὶ
1590 5309 1715 5371 τοὺς

154 5398 345 5465 ἁγίους
369 5396 714 5462 ἀποστόλους,
738 5399 815 5464 ὡς
828 5400 1209 5470 προκύψαντας
1230 5401 1471 5464 καὶτοὺς
1493 5399 1718 5471 ἐχθροὺς

154 5487 465 5557 κερκίζειν
509 5490 828 5557 ίσχύοντας.
860 5495 1040 5558 καθὼς
1080 5494 1110 5546 ὀ
1149 5490 1353 5562 Κύριος
1383 5490 1514 5562 ἔφη·
1574 5491 1716 5546 Ἰδοὺ

148 5581 267 5653 ἐτὺ
299 5579 615 5635 ἀποστελῶ
642 5581 794 5653 ὑμᾶς
810 5583 890 5650 ὡς
925 5586 1185 5654 πρόϐατα
1205 5583 1459 5654 ἐνμέσῳ
1492 5585 1713 5639 λύκων.

1894 5037 1979 5092 Η.
2012 5036 2197 5092 Iuduti
2234 5047 2356 5092 sunt
2392 5038 2584 5092 arietes
2611 5037 2804 5093 ovium.
2838 5037 3046 5093 Arietes
3068 5039 3252 5094 ovium
3276 5054 3373 5094 vo-

1822 5140 1910 5185 cat
1943 5132 2212 5200 principes
2262 5130 2605 5200 populorum.
2659 5128 2779 5197 Quo
2826 5138 3003 5183 autem
3042 5131 3332 5187 induentur
3358 5173 3373 5201 ,

1822 5220 1927 5275 nisi
1960 5221 2286 5276 vestimento
2332 5220 2858 5291 incorruptibilitatis
2878 5260 2894 5286 ,
2929 5230 2986 5277 et
3025 5222 3207 5277 tunica
3240 5222 3375 5278 laeti—

1820 5312 1943 5366 tiae?
1975 5312 2184 5367 Arietes
2211 5311 2393 5365 ovium
2413 5349 2429 5375 ,
2472 5322 2690 5368 sanctos
2733 5312 2860 5367 item
2894 5312 3167 5382 apostolos
3196 5322 3372 5382 vocat,

1824 5412 2007 5472 utpote
2046 5403 2139 5474 qui
2167 5400 2406 5457 demisso
2444 5403 2617 5473 capite
2658 5403 2994 5475 irrumpant,
3038 5415 3091 5459 et
3125 5405 3373 5461 inimicos

1822 5508 1993 5550 cornu
2021 5502 2202 5564 petere
2233 5495 2468 5558 valeant,
2495 5494 2949 5564 quemadmodum
2976 5495 3053 5551 ait
3073 5494 3369 5551 Dominus:

1826 5583 1959 5638 Ecce
1995 5600 2087 5654 ego
2112 5586 2264 5637 ntitto
2295 5599 2386 5637 ros
2418 5585 2557 5637 sicut
2587 5599 2702 5639 oves
2742 5583 2794 5637 in
2834 5582 3003 5639 medio
3036 5582 3282 5652 luporum
3301 5580 3368 5635 ⁸⁸.

224 5779 266 5814 ¹¹
304 5776 492 5838 Matth.
527 5798 590 5851 ν,
622 5780 657 5838 3
684 5795 835 5854 seqq.
915 5784 957 5816 ¹¹
998 5781 1153 5841 Joan.
1190 5800 1273 5854 vt,
1318 5784 1406 5843 53.
1485 5784 1526 5818 ⁸³
1560 5781 1702 5841 Psal.

1829 5798 1898 5848 tt,
1942 5784 1995 5840 6.
2078 5783 2119 5816 ’δ
2143 5782 2329 5841 Matth.
2365 5798 2440 5854 χι,
2476 5780 2561 5837 l6.
