4086 6308
702 328 809 385 287

1537 324 1592 376 S.
1631 319 2001 375 ATHANASII
2040 318 2189 376 OPP.
2232 319 2411 375 PARS
2451 318 2537 375 Ill.
2576 349 2646 361 -—
2679 317 3088 375 EXEGETICA.
3814 316 3905 371 9.88

703 440 771 495 Et
800 441 960 496 valles
1002 440 1345 496 abundabunt
1376 442 1658 509 frumento.
1694 439 1801 493 lllre
1826 477 1841 503 ,
1879 439 2088 508 inquit,
2130 438 2257 492 olim

2372 437 2468 491 Kal
2497 439 2557 489 al
2591 435 2863 501 κοιλάδες
2886 433 3265 502 πληθυνοῦσι
3289 433 3478 487 σῖτον.
3508 432 3573 486 Al
3601 432 3786 496 πάλαι,
3819 452 3905 505 φη.

703 530 1063 601 pauperrimre
1095 546 1157 585 ac
1192 532 1407 587 steriles
1436 532 1675 602 gentium
1700 530 1915 595 animm,
1953 529 2255 599 spirituali-

702 621 807 677 bus
832 620 1097 676 fructibus
1130 622 1501 692 replebuntur.
1560 623 1912 688 Clamabunt,
1941 624 2133 677 etenim
2170 627 2262 694 Ity-

704 728 885 766 mnum
928 714 1122 768 diceut.
1174 713 1255 768 Ad
1288 715 1596 778 meliorem,
1645 714 1840 783 inquit,
1882 715 2126 770 deducta:
2152 724 2262 771 sta-

704 812 843 867 tum,
878 802 1062 869 valles,
1092 819 1154 859 ac
1176 806 1392 875 repleta:
1424 804 1797 874 spiritualibus
1833 804 2098 861 fructibus
2118 849 2133 875 ,
2159 807 2259 876 hy.

706 908 864 947 mnos
895 893 991 948 tibi
1032 895 1155 949 totis
1182 895 1387 950 viribus
1422 894 1669 950 oﬂ‘erent.

708 984 759 1038 1.
785 982 849 1037 In
876 966 1034 1053 finem
1062 986 1324 1039 canticum
1347 984 1617 1041 PSALMI
1637 984 2066 1042 Resurrectionis.
2089 985 2184 1039 LX
2200 985 2259 1042 V.

1285 1077 1427 1147 Argu
1436 1088 1685 1132 mentum.

710 1164 1054 1223 Vocationem
1084 1167 1323 1236 gentium
1355 1184 1451 1238 per
1473 1170 1618 1225 hunc
1658 1170 1926 1240 psalmum
1970 1169 2259 1241 signiﬁcat,

777 1257 1173 1326 annuntiatque
1220 1257 1459 1311 futuram
1535 1259 1838 1313 animarum
1911 1259 2266 1313 resurrectio-

777 1362 922 1412 nem,
946 1347 1101 1417 juxta
1145 1348 1348 1402 dictum
1386 1348 1513 1403 illud
1550 1370 1561 1404 :
1598 1348 1870 1404 Suscitans
1902 1369 1934 1403 a
1970 1360 2107 1404 terra
2151 1353 2266 1405 ino-

779 1460 894 1504 pem
940 1446 1005 1499 ¹⁵.
1082 1443 1378 1499 Personam
1423 1446 1551 1499 item
1604 1444 1810 1499 inducit
1860 1447 2264 1515 apostolorum,

782 1535 1152 1590 enarrantium
1182 1548 1383 1605 quanta
1411 1536 1520 1589 sint
1544 1551 1639 1606 pro
1671 1537 1980 1606 evangelica
2008 1537 2267 1608 praedica-

777 1629 927 1684 tione
950 1630 1226 1699 perpessi,
1259 1639 1313 1684 et
1342 1638 1477 1700 quot
1503 1630 1762 1685 aerumnis
1796 1630 1862 1684 ad
1897 1639 2094 1685 teterna
2135 1645 2266 1698 gan-

778 1718 867 1773 dia
898 1718 1112 1775 deducti
1158 1721 1286 1775 sint.
1327 1719 1658 1790 lnsuperque
1706 1718 1916 1774 Judaici
1958 1721 2139 1790 populi
2182 1737 2261 1776 re—

778 1809 1029 1879 probatio
1058 1811 1144 1865 hic
1168 1809 1519 1881 signiﬁcatur.

778 2004 893 2058 2-4.
934 2004 1173 2059 Jubilate
1202 2005 1343 2072 Deo,
1385 2008 1551 2060 onmis
1592 2016 1766 2073 terra,
1809 2008 2072 2078 psalmum
2111 2010 2270 2065 dicite

708 2095 907 2149 nomini
927 2095 1059 2165 ejus.
1094 2097 1355 2152 Jubilatio
1382 2110 1467 2154 est
1494 2100 1731 2154 victoria:
1762 2101 2036 2155 canticum
2061 2140 2076 2162 .
2122 2103 2269 2172 quod

709 2186 924 2241 canitur
951 2185 1246 2256 proﬂigatis
1269 2187 1527 2243 inimicis.
1558 2187 1725 2243 Caesis
1759 2189 1942 2259 itaque
1982 2205 2077 2259 per
2105 2190 2269 2245 Chri-

710 2278 780 2333 sti
827 2278 1113 2333 adventum
1150 2278 1309 2349 hujus
1368 2280 1553 2335 saeculi
1597 2281 1965 2351 principibus,
2016 2282 2271 2351 jubentnr

710 2386 900 2426 omnes
970 2381 1153 2442 gentes
1207 2373 1445 2427 Victoriae
1508 2374 1719 2427 cantica
1783 2374 2052 2427 modulari
2132 2374 2267 2445 (28).

712 2461 885 2517 Dicite
905 2462 1040 2518 Deo:
1071 2462 1241 2527 Quam
1269 2463 1524 2517 terribilia
1554 2472 1845 2531 sztntopcra
1870 2473 1981 2527 tua,
2018 2463 2270 2518 Domine!

710 2552 1027 2624 Cuiusmodi
1067 2570 1252 2624 Opera,
1293 2554 1401 2609 nisi
1432 2555 1611 2607 divina
1643 2555 1817 2624 signa,
1847 2556 2067 2624 etquod
2095 2556 2272 2624 impu-

710 2665 894 2705 rorum
922 2652 1226 2705 daemonum
1259 2660 1490 2706 caterva:
1523 2650 1820 2721 proﬂigata:
1848 2651 1995 2705 sint?
2040 2649 2105 2703 In
2135 2649 2272 2702 mul-

711 2742 934 2796 titudine
959 2744 1167 2797 virtutis
1205 2754 1308 2798 tua:
1337 2745 1650 2798 mentiantur
1694 2743 1785 2795 tibi
1808 2743 2010 2794 inimici
2045 2743 2142 2793 tui.
2179 2740 2273 2795 Ju-

711 2832 954 2888 daaorum
985 2834 1075 2889 hic
1100 2846 1378 2905 stuporem
1407 2835 1687 2904 coarguit,
1735 2833 1828 2902 qui
1866 2848 1971 2885 non
2018 2833 2143 2886 sivit
2179 2847 2272 2886 eos

711 2923 1099 2978 miraculorum
1121 2924 1478 2992 magnitudini
1502 2923 1893 2990 obtemperare.
1921 2920 2103 2975 Omnis
2134 2932 2273 2974 terra

712 3015 895 3069 adoret
938 3025 986 3069 te
1027 3024 1077 3069 et
1112 3015 1306 3085 psallat
1339 3016 1453 3071 tibi.
1493 3014 1759 3081 Quoniam
1786 3054 1800 3077 ,
1837 3013 2044 3083 inquit,
2077 3011 2270 3076 Judmi,

2366 529 2467 590 σὶν,
2502 525 2838 597 ἀπορώτατοι
2867 526 2958 580 καὶ
2990 526 3171 594 ἄγονοι
3204 524 3311 578 τῶν
3355 523 3520 577 ἐθνῶν
3552 525 3727 594 ψυχαὶ
3765 542 3908 580 πνεν-

2366 618 2609 689 ματικῶν
2662 617 2887 689 καρπῶν
2938 616 3149 671 ἔσονται
3206 616 3449 687 πλήρεις.
3486 615 3906 683 Κεκράξονται·

2363 712 2461 765 καὶ
2485 712 2593 781 γὰρ
2610 710 3013 780 ὑμνήσουσιν.
3053 709 3175 763 Ἐπὶ
3194 709 3253 763 τὸ
3278 708 3480 779 βέλτιον
3503 707 3906 779 μεταϐαλοῦσαι,

2363 804 2546 874 φησιν,
2574 804 2627 857 αἱ
2656 803 2898 866 κοιλάδες
2927 803 3019 856 καὶ
3036 801 3419 873 πληθυνθεῖσαι
3442 800 3649 871 νοητῶν
3677 800 3906 871 καρπῶν,

2362 896 2595 958 ἐκτενῶς
2627 913 2706 949 σοι
2730 897 2855 958 τοὺς
2884 894 3086 966 ὕμνους
3121 895 3552 963 ἀναπέμψουσιν.

2397 991 2499 1055 Εἰς
2529 990 2593 1043 τὸ
2626 989 2796 1054 τέλος
2815 987 2937 1057 ᾠδὴ
2983 989 3297 1042 ΨΑΛΜΟΥ
3323 986 3735 1052 ἀναστάσεως.
3761 986 3876 1040 ΞΒ.

2994 1080 3315 1144 ’Υπόθεσις.

2365 1171 2475 1241 Τὴν
2504 1172 2693 1242 κλῆσιν
2726 1172 2833 1224 τῶν
2867 1171 3037 1225 ἐθνῶν
3067 1170 3154 1224 διὰ
3181 1170 3274 1223 τοῦ
3299 1169 3559 1240 παρόντος
3590 1168 3803 1239 ψαλμοῦ
3825 1186 3910 1222 κα⁸

2434 1264 2776 1333 τασημαίνει,
2826 1264 2921 1317 καὶ
2971 1264 3068 1334 τὴν
3105 1264 3401 1317 ἀνάστασιν
3432 1263 3531 1334 τὴν
3559 1263 3908 1333 γενησομένην

2435 1353 2543 1406 τῶν
2567 1354 2750 1426 ψυχῶν
2772 1354 2947 1409 αὐτῶν
2970 1354 3400 1423 εὐαγγελίζεται,
3436 1354 3578 1407 κατὰ
3607 1354 3670 1407 τὸ
3707 1354 3909 1424 εἰρημέ-

2440 1462 2562 1497 νονο
2607 1446 2668 1499 '0
2697 1444 2959 1500 ἀνιστῶν
2987 1446 3103 1499 ἀπὸ
3134 1444 3246 1515 γῆς
3277 1447 3534 1515 πτωχόν.
3568 1447 3681 1498 Καὶ
3716 1446 3817 1516 μὴν
3836 1447 3912 1498 καὶ

2437 1536 2543 1589 τῶν
2572 1538 2883 1591 ἀποστόλων
2914 1538 3155 1609 εἰσφέρει
3183 1537 3243 1589 τὸ
3280 1538 3572 1607 πρόσωπον
3592 1577 3607 1601 ,
3656 1537 3888 1591 διδασκὸν

2435 1644 2543 1681 των
2571 1629 2670 1682 ὅσα
2699 1630 2839 1700 ὑπὲρ
2866 1630 2958 1683 τοῦ
2981 1630 3331 1701 κηρύγματος
3350 1628 3649 1682 πεπόνθασι
3665 1629 3758 1681 τοῦ
3778 1629 3915 1695 εὐαγ-

2439 1716 2674 1786 γελιικοῦ,
2707 1719 2801 1771 καὶ
2833 1720 2953 1771 ὅσαι
2984 1718 3186 1788 θλίψεις
3203 1720 3282 1782 εἰς
3322 1718 3571 1781 αἰωνίους
3602 1718 3917 1789 εὐφροσύνας

2302 1796 2341 1847 Β
2441 1808 2703 1880 ἐξήγαγον
2721 1810 2935 1873 αὐτούς.
2963 1812 3082 1862 Ἔτι
3118 1811 3222 1882 μὴν
3255 1812 3349 1863 καὶ
3375 1809 3469 1862 τοῦ
3511 1811 3781 1864 Ἰουδαίων
3804 1811 3917 1864 λαοῦ

2445 1901 2765 1972 σημαίνεται
2797 1904 2828 1972 ή
2858 1902 3118 1972 ἀποϐολή.

2450 2021 2805 2084 Ἀλαλάξατε
2830 2018 2909 2084 τῷ
2931 2018 3053 2084 Θεῷ
3081 2016 3248 2072 πᾶσα
3274 2019 3313 2088 ἠ
3350 2017 3448 2088 γῆ,
3488 2018 3725 2085 alituum
3753 2017 3827 2085 δὴ
3855 2018 3923 2082 τῷ

2370 2115 2608 2181 ὀνόματι
2640 2113 2848 2166 αὐτοῦ.
2891 2109 3229 2180 ’Λλαλαγμὸς
3260 2112 3406 2163 ἐστιν
3447 2110 3712 2173 ὲπινέκιος
3751 2110 3918 2180 ὕμνος,

2368 2205 2623 2275 ᾀδόμενος
2661 2203 2751 2255 ἐπὶ
2778 2202 3122 2255 πεπτωκόσιν
3152 2202 3384 2270 ἐχθροῖς.
3428 2202 3511 2264 Ὡς
3540 2198 3635 2255 οὖν
3660 2202 3921 2274 ἀνῃρημέ.

2368 2316 2473 2351 νων
2504 2296 2613 2349 τῶν
2645 2297 2918 2367 ἀρχόντων
2947 2294 3041 2347 τοῦ
3072 2294 3264 2357 αἰῶνος
3291 2293 3503 2357 τούτου,
3537 2294 3626 2349 διά
3664 2295 3765 2364 τῆς
3800 2312 3923 2365 παρ-

2370 2390 2556 2450 ουσίας
2583 2388 2821 2459 δηλονότι
2856 2386 3112 2453 Χριστοῦ,
3156 2386 3333 2440 πάντα
3364 2386 3433 2440 τὰ
3453 2386 3577 2458 ἔθνη
3604 2388 3733 2450 τοὺς
3772 2388 3924 2440 ἐπινι-

2372 2483 2522 2544 κίους
2554 2480 2752 2549 ὕμνους
2780 2479 3123 2549 ἀναπέμπειν
3180 2479 3663 2548 παρακελεύονται.
3718 2479 3925 2532 Εἴπατε

2371 2572 2451 2637 τῷ
2483 2571 2632 2636 Θεῷ·
2681 2572 2775 2636 Ὡς
2824 2569 3043 2638 φοϐερὰ
3070 2569 3139 2622 τὰ
3166 2570 3308 2638 ἔργα
3333 2586 3468 2623 σου.
3497 2570 3607 2622 Καὶ
3646 2573 3774 2622 ποῖα
3803 2571 3923 2640 ἔργα

2371 2664 2404 2734 ἢ
2430 2663 2525 2726 τὰς
2554 2662 2877 2732 θεοσημείας
2907 2664 3059 2732 φησὶ,
3088 2661 3259 2715 καὶτὸ
3287 2662 3524 2715 ἐκποδὼν
3551 2662 3805 2730 γενέσθαι
3831 2663 3924 2715 τῶν

2372 2756 2693 2826 ἀκαθάρτων
2731 2754 2996 2824 δαιμόνων
3017 2753 3084 2806 τὰ
3114 2753 3291 2825 πλήθη
3317 2772 3331 2820 ;
3369 2756 3463 2808 Ἐν
3484 2754 3564 2820 τῷ
3589 2755 3805 2821 πλήθει
3829 2754 3927 2822 τῆς

2372 2847 2676 2917 δυνάμεως
2702 2862 2816 2901 σου
2853 2846 3183 2915 ψεύσονταί
3214 2862 3287 2899 σε
3316 2849 3367 2900 oi
3407 2846 3604 2915 ἐχθροί
3653 2863 3792 2901 σου.
3828 2848 3927 2915 Τῆς

2387 2942 2649 2995 Ἰουδαίων
2673 2938 3011 3009 ἀποπληξίας
3044 2936 3276 2991 ἐνταῦθα
3320 2939 3649 3007 κατηγορεῖτ,
3691 2937 3767 3001 ὡς
3807 2938 3928 3007 μηδὲ

2372 3034 2481 3087 τῶν
2504 3033 2791 3103 θαυμάτων
2818 3032 2913 3101 τῆς
2937 3029 3238 3101 ὑπερϐολῆς
3266 3028 3706 3101 παρενεγκούσης
3747 3029 3929 3091 αὐτοὺς

711 3106 929 3162 etiamsi
976 3106 1213 3178 ingentia
1254 3124 1350 3179 per
1396 3118 1447 3163 te
1475 3108 1619 3163 edita
1660 3107 1815 3177 signa
1856 3115 2270 3176 conspexerant,

2374 3127 2453 3189 εἰς
2484 3124 2544 3178 τὸ
2595 3122 2891 3177 πείθεσθαι.
2932 3119 3107 3176 Πᾶσα
3144 3123 3179 3189 ἠ
3222 3119 3296 3190 γῆ
3339 3118 3930 3190 προσχυνησάτωσάν

712 3199 920 3255 mentiti
967 3210 1146 3258 tamen
1179 3211 1306 3256 sunt
1330 3203 1447 3257 tibi.
1498 3202 1567 3256 At
1587 3216 1776 3256 eorum
1820 3200 1939 3256 loco
1982 3208 2031 3255 te
2080 3199 2273 3254 adora-

711 3288 795 3346 ιιι
819 3291 1059 3349 omnium
1086 3294 1325 3363 gentium
1351 3294 1667 3349 multitudo.

785 3596 840 3650 5.
888 3593 1065 3649 Venite
1114 3604 1164 3650 et
1221 3596 1390 3651 videte
1419 3612 1578 3665 opera
1608 3594 1725 3649 Dei.
1769 3596 2156 3665 Apostolorum
2190 3598 2278 3653 hic

2379 3235 2475 3273 σοι
2507 3217 2603 3272 καὶ
2632 3215 3003 3286 ψαλιὶτωσάν
3029 3228 3147 3269 σοι.
3196 3214 3411 3285 Ἐπειδὴ
3472 3213 3747 3279 Ἰουδαῖοι,
3785 3214 3928 3286 φησὶ,

2377 3310 2553 3363 καίτοι
2608 3296 2906 3378 ὑπερϐολὰς
2949 3304 3184 3375 ὁρῶντες
3231 3306 3611 3375 πραττομένας
3675 3306 3928 3377 σημείων,

2376 3397 2714 3469 ἐψεύσθησαν
2744 3413 2845 3449 σοι.
2887 3396 3026 3447 Ἀλλ’
3056 3388 3149 3447 οὖν
3175 3394 3287 3449 ἀντ’
3317 3394 3539 3448 ἐκείνων
3575 3398 3929 3467 προσκυνήσει

2378 3503 2456 3539 σοι
2485 3486 2632 3538 πᾶσα
2652 3484 2759 3537 τῶν
2790 3482 2956 3536 ἐθνῶν
2982 3483 3015 3553 ἡ
3052 3481 3278 3547 πληθύς.

2446 3595 2621 3649 Δεῦτε
2653 3593 2749 3648 καὶ
2777 3592 2931 3646 ἴδετε
2956 3595 3028 3646 τὰ
3056 3592 3199 3663 ἔργα
3227 3592 3332 3647 τοῦ
3364 3593 3533 3647 Θεοῦ.
3566 3593 3687 3646 Τῶν
3710 3593 3932 3648 ἀποστό-

713 3701 999 3760 [ersonam
1031 3688 1267 3756 inducit,
1314 3689 1407 3759 qui
1431 3701 1616 3762 gentes
1646 3690 1876 3756 docent,
1924 3704 2050 3745 eum
2090 3689 2182 3759 qui
2222 3690 2270 3744 in

2377 3690 2482 3741 λων
2507 3685 2739 3743 ἐνταῦθα
2767 3683 3046 3753 εἰσάγεται
3072 3684 3133 3737 τὸ
3155 3684 3464 3755 πρόσωπον,
3485 3684 3843 3740 διδασκόντων
3872 3685 3934 3740 τά

715 3797 818 3838 suo
844 3781 1138 3836 secundum
1165 3796 1384 3836 carnem
1423 3783 1657 3838 adventu
1688 3782 1871 3837 divina
1900 3783 2056 3851 signa
2086 3782 2274 3847 edidit,

2377 3780 2527 3850 ἔθνη,
2552 3779 2629 3842 ὡς
2659 3779 2766 3849 ἄρα
2791 3776 2953 3840 αὐτὸς
2988 3770 3139 3838 οὗτος
3166 3776 3194 3828 ὁ
3226 3776 3284 3828 ὲν
3320 3777 3387 3847 τῇ
3437 3776 3575 3830 κατὰ
3600 3777 3776 3847 σάρκα
3803 3796 3932 3849 παρ-

716 3871 894 3941 ipsum
936 3885 1059 3927 esse
1099 3871 1192 3940 qui
1232 3872 1478 3927 Rubrum
1528 3874 1657 3927 olim
1690 3889 1840 3927 mare
1870 3871 2199 3935 exsiccavit,
2226 3882 2270 3927 el

2377 3873 2534 3943 ουσία
2562 3870 2661 3933 τὰς
2693 3868 3015 3939 θεοσημεῑας
3056 3864 3421 3938 ἐργαζόμενος
3450 3868 3612 3933 αὐτός
3639 3870 3756 3922 ἐστι
3786 3870 3876 3923 καὶ
3907 3871 3933 3922 ὁ

716 3962 811 4031 qui
856 3960 1111 4018 Iordanis
1140 3962 1340 4019 ﬂuenta
1368 3965 1595 4032 divisit,
1630 3978 1687 4020 ιιι
1718 3964 1811 4020 Illii
1840 3963 2008 4021 Israel
2052 3962 2270 4033 pedibus

2378 3964 2545 4018 πάλαι
2571 3962 2670 4031 τὴν
2710 3958 2972 4030 Ἐρυθρὰν
3002 3957 3241 4031 ξηράνας
3263 3958 3554 4024 θάλασσαν,
3590 3960 3686 4014 καὶ
3715 3962 3821 4032 μὴν
3848 3963 3933 4013 καὶ

717 4052 1167 4110 transmitterem.

786 4254 838 4309 6.
876 4253 981 4318 Qui
1008 4254 1258 4309 convertit
1286 4269 1430 4308 mare
1456 4254 1507 4306 in
1542 4254 1772 4309 aridam.
1806 4255 2156 4326 Hujusce'rei
2194 4271 2280 4309 ar-

719 4355 1033 4417 gumentum
1066 4354 1149 4400 est
1180 4346 1326 4414 quod
1353 4345 1481 4399 olim
1509 4355 1719 4415 gestum
1755 4346 2021 4411 fuit,cum
2056 4364 2281 4403 conver-

718 4436 785 4491 tit
822 4449 969 4490 mare
1012 4435 1067 4488 in
1101 4434 1332 4490 aridam.
1392 4435 1469 4491 Ita
1502 4436 1863 4508 Symmachus
1897 4440 2015 4494 ait:
2054 4438 2278 4495 Mutavit

718 4544 864 4582 mare
894 4528 950 4582 in
997 4527 1240 4581 aridam:
1280 4528 1475 4597 ﬂumen
1511 4531 1930 4598 pertransieruut
1980 4531 2126 4600 pede.
2181 4531 2278 4588 Hic

719 4620 887 4685 enim,
923 4620 1119 4691 inquit,
1154 4619 1299 4675 Deus
1329 4629 1412 4675 est
1441 4621 1535 4690 qui
1559 4622 1789 4676 reditum
1813 4622 1969 4678 nobis
1989 4624 2275 4690 concessit,

719 4721 773 4765 et
804 4710 1030 4767 salutem
1072 4711 1255 4767 dedit:
1286 4712 1377 4782 qui
1412 4712 1541 4765 olim
1569 4728 1719 4768 mare
1760 4723 1813 4769 et
1841 4714 2039 4771 ﬂumen
2074 4718 2275 4783 divisit,

719 4810 774 4855 et
802 4814 1030 4871 proavos
1059 4811 1276 4857 nostros
1301 4804 1505 4873 absque
1531 4804 1773 4873 periculo
1803 4804 2053 4875 trajicere
2093 4808 2275 4877 jussit.

720 4888 1133 4945 ibilwtabimur
1176 4891 1231 4944 in
1253 4892 1389 4960 ipso.
1427 4890 1585 4959 Illud,
1642 4894 1738 4960 ibi,
1788 4903 2002 4964 tempus
2050 4896 2273 4952 indicat.

715 4980 811 5039 Ait
847 4980 1198 5053 igitueruo
1246 4991 1487 5054 tempore
1545 4984 1634 5039 ille
1666 4985 1723 5039 in
1762 5002 1962 5042 novum
2017 4990 2273 5044 saeculum

724 5073 1003 5143 regnabit,
1051 5091 1153 5131 nos
1183 5089 1291 5131 una
1317 5091 1442 5131 cum
1473 5077 1592 5148 ipso
1621 5078 1969 5148 regnabimus
1998 5089 2053 5134 et
2087 5080 2275 5136 inetia-

720 5166 813 5220 bili
842 5165 1040 5235 gaudio
1066 5167 1477 5235 perfundemur.

2306 4481 2356 4539 D

2375 4053 2471 4107 τοῦ
2513 4050 2773 4123 Ἰορδάνου
2804 4048 3051 4119 ποταμοῦ
3109 4049 3387 4120 ἀνακύψας
3443 4050 3511 4103 τὰ
3561 4050 3829 4121 ῥεύματα,
3867 4051 3933 4115 ὡς

2380 4145 2502 4201 ποδὶ
2533 4142 2819 4215 παρελθεῖν
2849 4142 2973 4207 τοὺς
2996 4142 3145 4205 υἱοὺς
3184 4142 3418 4212 Ἰσραήλ.

2464 4248 2516 4303 '0
2540 4251 2964 4321 μεταστρέφων
2984 4253 3099 4319 τὴν
3126 4250 3445 4307 θάλασσαν
3467 4254 3554 4318 εἰς
3588 4251 3801 4320 ξηράν.
3835 4252 3935 4307 Καὶ

2378 4343 2569 4397 τούτου
2592 4344 2865 4409 ἀπόδειξις
2896 4345 2964 4397 τὰ
2993 4344 3093 4414 ήδη
3119 4343 3406 4413 γενόμενα,
3440 4344 3589 4408 ὅπως
3620 4344 3717 4416 τὴν
3748 4343 3935 4399 θάλασ-

2383 4455 2480 4491 σαν
2513 4438 2804 4510 μετέϐαλεν
2852 4440 2932 4501 εἰς
2982 4436 3171 4508 ξηράν.
3205 4437 3501 4509 Σύμμαχος
3555 4437 3726 4502 οὕτως
3759 4439 3932 4509 λέγει·

2382 4530 2680 4586 Μετέὅαλε
2718 4532 3039 4587 θάλασσαν
3075 4532 3163 4597 εὶς
3191 4530 3412 4599 ξηράν·
3464 4531 3728 4600 ποταμὸν
3755 4531 3936 4599 διέϐη-

2383 4638 2503 4678 σαν
2552 4623 2708 4677 ποδί.
2768 4616 2935 4686 υῦτος
2988 4622 3097 4695 γάρ
3139 4625 3286 4676 ἐστιν
3314 4624 3343 4676 ό
3392 4621 3541 4685 Θεὸς,
3574 4623 3760 4693 φησὶν,
3796 4624 3825 4675 ὁ
3853 4624 3935 4675 καὶ

2382 4717 2513 4786 ἡμῖν
2539 4717 2633 4787 τὴν
2659 4714 2912 4768 ἐπάνοδον
2941 4716 3035 4768 καὶ
3070 4717 3201 4786 ἡμῖν
3229 4713 3499 4783 σωτηρίαν
3522 4711 3889 4785 δωρούμενος·
3909 4714 3934 4765 ό

2383 4808 2547 4861 πάλαι.
2580 4808 2674 4860 καλ⁹
2692 4805 2960 4860 θάλατταν
2982 4808 3074 4861 καὶ
3102 4806 3341 4877 ποταμὸν
3364 4806 3675 4877 διαστήσας,
3705 4808 3803 4859 καὶ
3821 4807 3933 4869 τοὺς

2380 4898 2680 4969 ἡμετέρους
2716 4896 3011 4969 προγόνους
3048 4896 3343 4960 ἀκινδύνως
3375 4896 3625 4967 διαϐῆναι
3658 4896 3929 4961 κελεύσας.

2394 4986 2554 5040 Ἐκεῖ
2577 4986 3105 5056 εὐφρανθησόμεθα
3151 4986 3242 5040 ἐπ’
3274 4985 3453 5053 αὐτῷ.
3487 4987 3560 5040 Τὸ
3601 4986 3730 5041 ἐκεῖ
3752 4988 3932 5058 χρόνου

2382 5079 2498 5132 ἐστὶ
2533 5077 2882 5150 σημαντικόν.
2942 5079 3099 5147 Λέγει
3136 5073 3251 5142 οὖν,
3285 5080 3365 5132 ὅτι
3418 5078 3558 5133 κατὰ
3612 5079 3705 5133 τὸν
3755 5079 3933 5149 καιρὸν

2375 5170 2579 5224 ἐκεῖνον
2616 5167 2735 5223 καθ’
2759 5167 2818 5221 ὃν
2851 5166 2943 5221 τοῦ
2970 5166 3088 5223 νέου
3128 5168 3324 5234 αἰῶνος
3355 5168 3682 5240 βασιλεύσει,
3702 5172 3820 5226 ἐκεῖ
3847 5170 3933 5225 σὺν

721 5258 868 5330 αὑτῷ
912 5259 1428 5334 συμϐασιλεύσομεν,
1471 5266 1565 5318 καὶ
1589 5268 1655 5337 τῇ
1690 5268 1831 5337 χαρᾷ
1855 5270 1918 5339 τῇ
1954 5266 2299 5338 ἀνεκλαλήτῳ
2330 5262 2834 5335 εὐφρανθησόμεθα.

792 5371 849 5425 7.
888 5372 1042 5429 Oculi
1066 5374 1179 5444 ejus
1216 5392 1371 5445 super
1406 5389 1578 5448 gentes
1612 5382 1894 5449 respiciunt
1918 5380 2050 5452 (9.9).
2099 5379 2277 5436 Inten-

728 5470 816 5519 tus
840 5474 927 5519 est
950 5467 1226 5535 omnibus,
1262 5470 1445 5525 omnia
1473 5482 1621 5542 gesta
1650 5473 1867 5543 inspicit
1897 5483 1953 5530 et
1978 5473 2272 5531 examinat.

804 5577 845 5609 ¹³
880 5574 1022 5630 Psal.
1051 5594 1184 5645 cm,
1211 5579 1264 5635 7.

2447 5380 2512 5431 Ol
2535 5378 2826 5447 ὀφθαλμοὶ
2883 5377 3068 5431 αὐτοῦ
3113 5378 3213 5433 ἐπὶ
3239 5379 3311 5434 τὰ
3346 5381 3489 5449 ἔθνη
3526 5381 3926 5438 ἐπιϐλέπουσι.

2381 5473 2523 5526 Πᾶσι
2561 5470 2836 5543 προσέχει,
2872 5472 2965 5525 καὶ
2992 5471 3170 5527 πάντα
3197 5474 3439 5540 ἐξετάζει
3458 5475 3526 5529 τὰ
3556 5478 3843 5550 γενόμενα.
3872 5478 3927 5531 0i

806 5673 918 5741 (28)
954 5670 1099 5741 Qua:
1141 5675 1300 5731 habet
1331 5678 1621 5738 Corderius
1649 5683 1714 5739 ad
1759 5682 1902 5738 hunc
1942 5683 2122 5739 locum
2162 5686 2285 5738 sunt
2325 5682 2612 5741 Theodori.

804 5740 918 5815 (29)
947 5740 1071 5799 Hec
1101 5754 1224 5801 sunt
1258 5745 1544 5805 Theodori.
