4102 6312
178 295 278 351 289

1263 308 1621 368 EXPOSITIO
1660 311 1724 367 IN
1761 313 2092 374 PSALMUM
2137 318 2294 375 LXV.

3274 337 3379 396 290

176 413 741 481 :zapaa'txpah-ortsg
754 415 833 484 μὴ
859 418 974 485 ὑψο
982 417 1260 474 ὐσθωσαν
1271 424 1342 474 ἐν
1355 424 1604 491 ἑαυτοῖς.
1626 428 1697 480 Ka

1797 480 1802 492 _
1837 429 1940 493 Qui
1959 444 2270 502 exasperant
2305 453 2406 490 non
2431 439 2729 496 exaltentur
2757 446 2810 498 in
2839 448 3151 519 semetipsis.
3179 450 3377 524 Ecqui-

175 504 311 565 τίνες
337 503 401 555 ἂν
432 499 541 556 εἷεν
591 506 640 556 οῖ
677 508 1198 578 παραπικραίνοντες
1238 512 1433 584 ἢ’περὶ
1474 508 1548 567 ὧν
1579 517 1724 588 εῖρη-

173 609 255 643 ται
281 632 296 656 ,
336 593 432 646 Υἱέ
453 593 783 660 ἀνθρώπου,
811 598 1123 666 πορεύθητι
1141 600 1287 668 πρὸς
1311 602 1416 656 τὸν
1439 600 1605 658 οἷκον
1624 607 1724 660 τὸν

172 685 713 752 ,ταραπικραίνοντά
729 703 836 754 με;
866 689 973 741 Καὶ
995 688 1120 757 μὴν
1146 694 1588 761 παρεπίκραναν
1615 699 1722 751 αὑ-

175 773 268 827 τὸν
300 775 371 826 ἐν
392 773 467 841 τῇ
488 773 684 843 ἐρήμῳ
702 794 715 807 ·
750 777 841 830 καὶ
864 777 1024 831 πάλιν
1043 797 1055 808 °
1095 784 1152 833 Μ
1159 780 1190 848 ἡ
1218 786 1595 852 σκληρύνητε
1618 787 1719 853 τὰς

170 863 412 929 καρδίας
444 864 612 932 ὑμῶν
635 867 716 931 ὡς
742 868 811 919 ἐν
830 867 908 933 τῷ
952 874 1437 944 παραπικρασμῷ.

236 955 574 1022 Εὑλογεῖτε,
605 959 771 1026 ἔθνη,
797 960 901 1013 τὸν
931 964 1095 1016 Θεόν.
1125 965 1327 1030 Πάντες
1352 967 1408 1019 δὲ
1431 969 1569 1022 κατὰ
1600 989 1719 1023 ταυ-

167 1043 249 1094 τὸν
278 1045 580 1116 γενόμενοι,
620 1047 817 1118 μᾶλλον
865 1051 1026 1105 αὑτὸν
1073 1054 1340 1108 ἐπαινεῖτε
1389 1059 1479 1111 καὶ
1509 1058 1717 1129 Οαυμά-

166 1134 302 1197 ζετε.

233 1224 367 1295 [Τοῦ
400 1227 652 1295 θεμένου
678 1229 791 1298 τὴν
813 1233 1022 1301 ψυχήν
1035 1251 1152 1303 μου
1180 1239 1265 1301 είς
1288 1235 1453 1302 ζωήν.
1473 1240 1716 1310 Εὐφραν-

165 1313 392 1383 ῡήσομαι
440 1316 496 1369 δὲ
527 1320 586 1370 ἐν
624 1321 737 1382 τοῖς
785 1321 1040 1384 τοιούτοις
1094 1322 1432 1393 θαυμασίοις,
1493 1330 1586 1380 καὶ
1639 1328 1714 1398 τῷ

164 1403 324 1456 ταῦτα
362 1410 704 1478 πεποιηκότι,
739 1410 816 1476 ὃς,
849 1413 942 1466 ἆτε
991 1416 1262 1485 Δεσπότης
1288 1418 1381 1470 καὶ
1410 1419 1584 1472 πάντα
1623 1422 1714 1488 ἐφ-

163 1493 315 1564 ορῶν,
349 1497 620 1568 διάκρισιν
651 1505 878 1554 ποιεῖται
899 1505 1005 1556 τῶν
1037 1505 1126 1556 ἐπὶ
1147 1505 1270 1575 γῆς,
1296 1508 1387 1559 καὶ
1419 1508 1707 1580 τιμωρίαις

161 1589 466 1658 περιϐάλλει
497 1592 621 1655 τοὺς
654 1593 920 1658 ἀναξίους.
969 1596 1302 1668 Ὀφοαλμοὺς
1329 1601 1454 1664 τοὺς
1483 1602 1711 1654 ἀποστό-

161 1677 272 1742 λους
304 1680 502 1753 λέγει.]

227 1771 349 1824 Ὀτι
377 1773 744 1842 ἐδοκίμασας
770 1777 944 1847 ἡμᾶς,
979 1781 1152 1845 Θεὸς,
1193 1782 1506 1850 ἐπύρωσας
1538 1786 1711 1855 ἡμᾶς.
1749 1786 1788 1840 Β

159 1861 257 1926 Τὰς
283 1862 493 1932 Ολίψεις
525 1866 624 1930 τὰς
655 1872 1020 1939 γενησομένας
1053 1872 1141 1925 διὰ
1181 1873 1242 1926 τὸ
1293 1876 1550 1946 κήρυγμα
1598 1881 1709 1942 τοῖς

157 1953 466 2017 ἀποστόλοις
493 1962 870 2026 προαναφωνεῖ
892 1960 952 2012 τὸ
984 1961 1204 2031 Πνεῦμα
1237 1962 1295 2015 τὸ
1339 1969 1674 2036 προφητικὸν
1693 1987 1708 2002 ο

156 2046 212 2096 ἐκ
256 2045 554 2115 προσώπου
589 2049 764 2102 αὐτῶν
825 2051 1118 2120 καταλέγον
1177 2055 1399 2120 καὶτὰς
1455 2059 1706 2126 παγίδας,

153 2136 260 2204 ἦτοι
290 2137 361 2190 τὰ
395 2139 764 2211 δεσμωτήρια,
794 2143 917 2205 τούς
973 2160 1029 2195 τε
1084 2148 1420 2216 πειρασμοὺς
1447 2151 1574 2213 τοὺς
1622 2150 1708 2203 διὰ

155 2225 310 2296 πυρὸς
334 2227 429 2281 καὶ
465 2227 655 2294 ὕδατος
685 2234 1098 2303 κατασημαίνει.

210 2315 643 2386 Εἱσελεύσομαι
668 2322 754 2386 είς
783 2321 886 2374 τὸν
915 2318 1084 2375 οἶκόν
1113 2341 1228 2378 σου
1267 2327 1336 2380 ἐν
1375 2329 1704 2382 ὁλοκαυτώ-

144 2417 304 2470 pact.
335 2404 439 2455 Τὸν
481 2407 797 2475 ἐπουράνιον
830 2409 1105 2479 δηλονότι·
1152 2412 1304 2476 ὅλους
1350 2414 1457 2486 γὰρ
1483 2417 1706 2482 ἑαυτοὺς

149 2491 409 2562 ἀνέθηκαν
453 2496 528 2566 τῷ
561 2497 677 2568 Θεῷ
706 2500 762 2552 ἐν
812 2502 958 2567 τάξει
992 2505 1473 2576 ὁλοκαυτωμάτων.
1524 2507 1705 2579 [Ὀλο-

150 2584 461 2656 καυτώμασι
500 2587 555 2641 δὲ
587 2594 816 2660 νοητοῖς.
857 2594 1014 2648 Ἀλλὰ
1037 2597 1105 2650 τὰ
1149 2598 1244 2667 μὲν
1286 2598 1386 2660 σὰ,
1415 2599 1568 2671 φησὶ,
1605 2602 1702 2653 Δέ-

150 2689 330 2738 σποτα,
365 2676 620 2730 τοιαῦτα·
654 2680 718 2732 τὰ
743 2680 799 2733 δὲ
827 2684 1090 2755 ἡμέτερα,
1126 2687 1187 2737 τὸ
1216 2684 1303 2739 οἷα
1331 2688 1591 2741 εἰσελθεῖν
1624 2689 1702 2753 είς

145 2762 226 2814 τὸν
258 2765 386 2817 ναὸν
414 2766 510 2818 κα)⁵
535 2764 692 2818 θῦσαί
717 2785 798 2821 σοι
831 2775 1176 2843 χαριστήρια,
1216 2773 1275 2827 τὸ
1304 2776 1432 2828 αὐτὸ
1474 2776 1528 2830 δέ
1558 2777 1701 2847 λέγει

144 2849 425 2905 διέστειλε
448 2852 542 2905 καὶ
571 2853 812 2926 ἐλάλησε.
841 2857 1007 2914 Τοῦτο
1030 2859 1084 2913 δὲ
1117 2861 1262 2930 λέγει
1286 2864 1381 2916 ὅσα
1407 2866 1699 2942 ηὑξάμην.]

156 2942 455 2997 Ἀποδώσω
489 2961 588 2999 σοι
616 2948 720 3012 τὰς
747 2947 930 3017 εὐχάς
952 2968 1091 3018 μου.
1131 2954 1190 3004 Ἃ
1227 2954 1495 3026 ηὐξάμην,
1546 2961 1696 3031 φησὶ,

145 3031 451 3106 θλιϐόμενος
485 3038 747 3091 ἀποδώσω
778 3056 878 3094 σοι.
913 3041 1174 3113 Πύξάμην
1214 3045 1289 3110 δέ,
1324 3048 1397 3112 ώς
1446 3049 1544 3120 τῆς
1584 3052 1697 3106 Θλί-

1834 533 1956 572 nam
1993 518 2191 576 fuerint
2233 524 2269 577 ii
2298 527 2388 594 qni
2417 542 2769 599 exasperant,
2816 537 2922 592 nisi
2962 518 3028 594 de
3055 518 3375 610 quibus-di-

1831 609 2004 664 citur:
2041 612 2151 666 Fili
2173 615 2426 680 hominis,
2465 621 2591 674 vade
2622 623 2690 678 ad
2736 626 2948 681 domum
2984 609 3375 701 exasperantem

1829 716 1907 754 me
1939 703 2020 758 ”?
2060 704 2126 759 Et
2162 707 2293 762 illud
2323 727 2337 764 :
2370 709 2440 763 Et
2476 717 2911 772 exacerbaverunt
2949 738 3064 776 eum
3107 727 3160 779 in
3204 727 3375 783 deser.

1829 803 1879 847 to
1915 797 1956 826 ¹⁷
1993 815 2006 849 :
2054 810 2108 852 et
2147 815 2361 855 rursum
2408 822 2420 857 :
2481 804 2662 860 Nolite
2699 809 2956 866 obdurare
3010 819 3170 872 corda
3201 830 3371 876 vestra

1826 887 1960 940 sicut
1997 890 2050 941 in
2080 894 2476 950 cxacerbatione
2511 898 2573 954 ‘3.

1891 977 1944 1032 8.
1983 979 2296 1052 Benedicite,
2347 998 2540 1056 gentes,
2569 990 2732 1045 Deum
2764 1008 3016 1052 nostrum.
3067 1000 3268 1060 Omnes
3317 1005 3372 1062 in

1824 1083 1990 1125 unum
2015 1075 2184 1129 coacti
2216 1076 2390 1146 ipsum
2416 1081 2627 1137 laudate
2654 1099 2716 1139 ac
2743 1090 3023 1157 suspicite.

1894 1223 1967 1295 [9.
1989 1226 2091 1290 Qui
2111 1230 2282 1295 posuit
2297 1233 2524 1286 animam
2547 1252 2709 1289 meam
2734 1241 2801 1292 ad
2818 1242 2996 1296 vitam.
3026 1244 3279 1304 Gaudebo
3304 1250 3370 1306 de

1824 1312 2133 1382 hujusmodi
2177 1319 2533 1389 mirabilibus,
2563 1325 2735 1395 deque
2775 1343 2962 1384 eorum
2992 1333 3221 1402 opilice:
3252 1339 3367 1408 qui,

1821 1413 2002 1474 utpote
2030 1408 2290 1465 Dominus
2339 1415 2690 1487 omniumque
2720 1419 3014 1492 inspector,
3046 1425 3112 1480 de
3141 1432 3369 1488 terrenis

1819 1500 2075 1556 discernit
2103 1512 2156 1557 et
2181 1504 2407 1574 judicat,
2439 1508 2793 1582 indignosque
2822 1515 3073 1573 homines
3095 1522 3369 1592 suppliciis

1819 1592 2189 1650 circumvenit.
2215 1596 2412 1654 Oculos
2437 1616 2592 1658 vocat
2615 1607 2937 1680 apostolos]

1891 1749 1974 1802 10.
2011 1749 2267 1815 Quoniam
2292 1759 2527 1823 probasti
2547 1776 2661 1825 nos,
2703 1761 2864 1830 Deus,
2899 1767 3016 1836 igne
3047 1786 3139 1823 nos
3167 1773 3367 1830 exami-

1816 1843 1989 1905 uasti,
2038 1853 2142 1898 etc.
2205 1843 2498 1904 IErumnas
2535 1852 2794 1918 apostolis
2829 1854 2899 1909 ob
2932 1859 3362 1925 prwdieationem

1811 1931 2022 1987 futuras
2051 1937 2374 2003 praenuntiat
2410 1940 2646 2009 Spiritus
2686 1947 3074 2015 propheticus:
3112 1964 3272 2023 atque
3297 1971 3362 2011 ex

1810 2037 2039 2092 persona
2079 2042 2268 2081 eorum
2319 2043 2560 2087 recenset
2606 2034 2865 2104 laqueos.
2923 2041 3037 2097 sive
3081 2059 3359 2116 carceres;

1810 2119 2240 2190 tentationesque
2280 2137 2374 2192 per
2409 2125 2586 2196 ignem
2619 2137 2672 2182 et
2705 2145 2900 2200 aquam
2933 2134 3198 2205 signiﬁcat
3226 2140 3358 2212 (50).

1877 2286 1962 2339 15.
1995 2285 2233 2342 Introibo
2266 2291 2320 2343 in
2359 2293 2571 2348 domum
2612 2306 2754 2352 tuam
2784 2302 2838 2352 in
2866 2303 3205 2362 holocaustis.
3239 2310 3359 2367 Cm-

1805 2374 1990 2430 lcstem
2016 2377 2303 2435 videlicet:
2337 2399 2460 2437 nam
2489 2400 2546 2440 se
2582 2395 2724 2442 totos
2760 2389 2867 2446 Deo
2907 2409 3004 2448 ceu
3041 2395 3358 2456 holocausta

1805 2466 2134 2524 obtulerunt.
2186 2470 2547 2542 [llolocaustis
2577 2479 2784 2535 scilicet
2810 2483 3204 2551 spiritualibus.
3253 2488 3355 2546 Sed

1803 2571 1923 2624 qua:
1951 2566 2039 2611 tua
2075 2569 2239 2625 sunt,
2275 2561 2532 2628 Domine,
2573 2567 2889 2636 hujusmodi
2921 2591 2933 2627 :
2970 2585 3154 2631 nostra
3177 2588 3354 2633 autem

1803 2646 2024 2713 istluec,
2079 2649 2286 2718 ingredi
2339 2653 2394 2706 in
2442 2657 2698 2725 templum
2749 2661 2955 2732 tibique
2988 2665 3266 2724 immolare
3298 2671 3353 2725 in

1801 2729 2090 2808 gratiarum
2121 2743 2417 2812 actionem,
2459 2747 2693 2818 idipsum
2733 2729 2909 2806 autem
2949 2755 3215 2825 signiﬁcat
3239 2762 3354 2815 dis-

1803 2831 2067 2886 tinxerunt
2099 2833 2263 2904 (labia
2306 2838 2441 2909 mea)
2483 2848 2644 2910 atque
2689 2842 2864 2898 locuta
2912 2856 3056 2902 sunt.
3084 2848 3226 2916 llaec,
3269 2852 3352 2906 in-

1799 2923 1934 2991 quit,
1962 2935 2212 2992 precatus
2245 2929 2412 3000 sum.]
2434 2929 2667 2985 Reddam
2691 2936 2784 2988 tibi
2814 2946 2931 2992 cola
2959 2955 3090 2994 mea.
3117 2939 3352 2999 Reddam

1799 3013 1915 3078 tibi,
1959 3014 2154 3084 inquit,
2194 3032 2256 3071 ea
2287 3035 2407 3088 qua:
2439 3022 2556 3075 vovi
2585 3024 2713 3078 dum
2753 3026 2805 3080 in
2838 3029 3140 3086 calamitate
3164 3049 3352 3090 versa-

142 3123 277 3189 ψεως
307 3127 406 3195 τῆς
439 3129 715 3198 παρούσης
741 3130 954 3199 ῥωσθεὶς
981 3132 1267 3198 διαπαντὸς
1287 3139 1590 3208 ἀναπέμψω
1617 3160 1696 3196 σοι

1798 3119 1904 3158 rer.
1939 3104 2072 3162 Vovi
2097 3119 2275 3164 autem
2303 3128 2423 3180 me,
2455 3131 2576 3170 cum
2614 3119 2966 3186 praesentibus
3004 3126 3261 3180 :erumnis
3285 3125 3350 3181 li-

141 3213 231 3275 τὰς
261 3215 516 3278 αἰνέσεις.

215 3304 703 3375 ὀλοκαυτώματα
737 3313 1169 3379 μεμυαλωμένα
1193 3313 1418 3370 ἀνοίσω
1450 3334 1568 3375 σοι.
1614 3323 1695 3376 Ὀ-

139 3393 274 3447 πόσα
302 3411 385 3446 σοι
403 3396 729 3468 προσφέρειν
758 3399 1110 3470 προσέταξας,
1136 3404 1363 3475 ἱερεύσω
1383 3409 1692 3480 προθύμως.

137 3483 577 3553 Ῑιιεμυαλωμένα
615 3486 670 3540 δὲ
697 3487 931 3559 κέκληκε
977 3490 1043 3544 τὰ
1076 3493 1322 3566 εὐτραφῆ
1376 3500 1470 3550 καὶ
1502 3501 1690 3555 πίονα·

135 3571 271 3625 οὓτω
307 3573 415 3656 γαρ
442 3576 536 3628 καὶ
563 3577 590 3630 ὁ
619 3578 782 3648 νόμος
811 3584 1138 3653 προσφέρειν
1164 3585 1448 3643 ἐκέλευσεν
1489 3592 1692 3662 ἄμωμα

133 3678 188 3715 τε
215 3666 314 3717 καὶ
344 3647 528 3738 ἄρτια.
593 3647 890 3741 Ἐπαρᾶται
919 3647 974 3724 δέ
1014 3647 1105 3727 καὶ
1134 3676 1161 3728 ὁ
1192 3677 1472 3750 προφήτης
1504 3647 1690 3734 Liuia-

133 3754 247 3824 χίας
277 3761 388 3822 τοῖς
419 3762 488 3812 τὰ
519 3760 736 3813 τοιαῦτα
769 3763 866 3833 μὲν
893 3763 1127 3834 ἔχουσιν,
1156 3768 1411 3841 ἀνάπηρα
1434 3771 1489 3825 δὲ
1520 3790 1689 3846 προσ-

131 3849 401 3918 φέρουσιν.
427 3850 572 3923 Αὕτη
616 3853 672 3906 δὲ
713 3856 805 3907 καὶ
855 3856 932 3926 τῷ
958 3858 1093 3912 Κάῖν
1115 3861 1328 3928 ἐγένετο
1368 3864 1472 3916 τῶν
1503 3866 1687 3921 κακῶν

127 3937 406 4028 ἐκείνωείή
428 3943 591 4013 ἀρχή.
609 3945 975 4017 Διδασκόμεοα
994 3950 1048 4002 δὲ
1076 3952 1167 4005 καὶ
1186 3955 1343 4024 ἡμεῖς
1367 3959 1478 4018 τοῖς
1492 3975 1685 4028 τιμιω-

126 4025 300 4095 τέροις
325 4021 401 4082 ὧν
442 4030 634 4102 ἔχομεν
673 4034 733 4087 τὸ
783 4036 922 4089 Οεῖον
975 4021 1265 4112 γεραίρειν.
1320 4021 1562 4098 Ἀνοίσω
1587 4063 1683 4101 σοι

120 4114 272 4181 ,ϐόας
287 4119 439 4185 μετὰ
461 4120 738 4188 χιμάρων.
767 4124 1112 4195 Πνευματικὰ
1133 4129 1189 4183 δέ
1211 4132 1402 4198 πάντα,
1429 4130 1502 4197 ὡς
1526 4134 1680 4206 ἔφην,

124 4207 212 4259 καὶ
238 4207 311 4261 τὰ
343 4210 767 4283 ὁλοκαυτώματα
787 4218 878 4269 καὶ
907 4220 955 4270 οἱ
985 4218 1106 4290 βόες
1130 4224 1223 4276 καὶ
1245 4225 1291 4277 οί
1324 4225 1566 4298 χίμαροι,
1589 4228 1682 4293 οὒς

125 4303 419 4358 ἀποδώσειν
446 4307 856 4374 ἐπαγγέλλεται.

181 4394 381 4459 Δεῦτε,
424 4397 521 4448 καὶ
552 4398 866 4465 ἀκούσατε,
901 4402 998 4455 καὶ
1024 4402 1394 4474 διηγήσομαι.
1425 4410 1533 4462 Καὶ
1558 4412 1675 4464 τίνα

119 4483 276 4556 ἕτερα
305 4486 572 4556 διηγεῖται
597 4488 628 4558 ἧ
659 4489 694 4543 ἃ.
728 4491 937 4561 φθάσας
962 4493 1281 4567 ἐξηγήσατο,
1303 4499 1383 4564 τὸ,
1417 4501 1497 4553 ὅτι
1533 4502 1676 4557 Ἐδο-

116 4573 378 4641 κίμασας
412 4575 589 4644 ἡμᾶς,
619 4580 714 4632 καὶ
749 4581 817 4634 τὰ
842 4581 1040 4651 λοιπάς

191 4664 454 4720 Ἀδικίαν
488 4670 541 4721 εὶ
567 4669 855 4738 ἐθεώρουν
894 4675 962 4726 ἐν
1011 4675 1220 4744 καρδίᾳ
1257 4697 1374 4749 μου
1398 4722 1412 4742 ,
1440 4682 1526 4752 μὴ
1551 4687 1672 4738 εἶσ-

114 4758 431 4813 ακσυσάτω
450 4779 569 4830 μου
595 4765 824 4831 Κύριος.
859 4766 1041 4836 ᾜδειν
1070 4768 1145 4834 δὲ,
1171 4771 1247 4822 ὅτι
1280 4771 1376 4825 οὐκ
1405 4773 1490 4838 ἂν,
1539 4777 1668 4848 ἐμοῦ

115 4850 236 4919 περὶ
265 4849 482 4904 ἀδικίαν
513 4852 741 4921 ἔχοντος,
770 4855 996 4909 ἀκοῦσαί
1028 4875 1127 4929 μου
1162 4862 1258 4931 τῆς
1289 4867 1594 4939 προσευχῆς
1641 4871 1669 4922 ὁ

115 4937 237 5004 Θεὸς
265 4941 531 5012 ἀνέχοιτο.
567 4945 821 5011 Ἀκύλας·
861 4949 1175 5019 Ἀνωφελὲς
1208 4952 1347 5008 war
1372 4937 1669 5027 ἐνκαρδίᾳ

111 5049 241 5097 μου,
274 5035 389 5088 οὐκ
423 5037 836 5092 εἰσακούσεται
864 5041 1096 5110 Κύριος.
1120 5043 1374 5098 Βούλεται
1396 5046 1451 5099 δὲ
1474 5051 1664 5114 εἰπεῖν,

1794 3195 2014 3253 beratus
2044 3215 2158 3268 cro,
2187 3203 2374 3261 laudes
2403 3221 2613 3276 semper
2639 3209 2970 3267 redditurum
3010 3215 3129 3272 tibi.

1863 3291 1952 3344 15.
1987 3291 2314 3349 llolocausta
2347 3299 2635 3354 medullata
2665 3303 2884 3370 offeram
2916 3307 3031 3359 tibi.
3093 3306 3225 3372 Quae
3264 3309 3348 3364 of-

1793 3380 1918 3435 ferri
1943 3383 2040 3436 tibi
2065 3384 2275 3453 jussisti
2307 3387 2896 3448 alacriterimmclabo.
2929 3394 3227 3452 Medullata
3255 3413 3320 3453 au

1790 3483 1895 3529 tem
1922 3519 1937 3542 ,
1989 3492 2174 3533 crassa
2211 3490 2266 3534 et
2298 3482 2518 3552 pinguia
2558 3496 2747 3553 vocat;
2793 3486 2864 3542 ita
2899 3487 3042 3542 enim
3074 3489 3156 3544 lex
3181 3489 3345 3560 jussit

1789 3566 1970 3622 oilerri
2003 3568 2350 3625 immaculata
2394 3582 2447 3626 et
2483 3574 2741 3642 perfecta.
2792 3575 3120 3633 Exsecratur
3160 3591 3342 3635 autem

1787 3655 2078 3714 Malachias
2123 3661 2380 3731 propheta
2409 3678 2500 3718 eos
2531 3666 2624 3734 qui
2658 3682 2779 3721 cum
2806 3668 2931 3722 talia
2959 3684 3125 3739 penes
3160 3685 3218 3726 se
3245 3671 3336 3727 ha-

1785 3747 1966 3812 beant,
2012 3750 2199 3805 mutila
2234 3750 2556 3808 otl‘erunt”.
2599 3755 2713 3812 Hoc
2764 3758 2940 3828 ipsum
2994 3759 3121 3814 olim
3168 3760 3339 3817 Caine

1784 3837 2172 3895 fuitmalorum
2213 3845 2514 3902 exordium.
2579 3845 2689 3904 Nos
2733 3859 2913 3904 autem
2954 3851 3244 3906 edocemur
3273 3868 3338 3909 ea

1782 3946 1902 4000 quae
1931 3934 2250 4001 pretiosiora
2287 3947 2414 3990 sunt
2450 3939 2660 3993 numini
2707 3940 2918 3996 oﬂ'erre.
2973 3940 3203 4010 Oﬂ'eram
3239 3943 3338 4000 tibi

1783 4022 1929 4075 boves
1965 4039 2082 4076 cum
2125 4025 2305 4081 hircis.
2363 4025 2675 4098 Spiritualia
2701 4033 2884 4085 omnia
2919 4041 3078 4098 sunt,
3141 4041 3197 4086 ut
3220 4033 3334 4103 jam

1779 4113 1912 4179 dixi,
1943 4115 2256 4173 holocausta
2277 4161 2291 4188 ,
2330 4119 2528 4192 boves,
2561 4122 2699 4180 hirci
2724 4164 2739 4191 ,
2770 4139 2907 4195 quos
2935 4123 3242 4180 oblaturum
3275 4139 3337 4182 se

1779 4205 2085 4274 pollicetur.

1848 4408 1934 4465 16.
1978 4407 2175 4472 Venite,
2206 4419 2254 4463 et
2286 4409 2482 4477 audite,
2510 4416 2558 4463 et
2582 4410 2825 4465 narrabo.
2859 4411 3042 4483 Ecqua
3074 4415 3179 4472 alia
3205 4431 3332 4473 nar-

1779 4510 1996 4554 raturus
2027 4507 2131 4565 est,
2164 4499 2268 4554 nisi
2303 4517 2364 4555 ea
2387 4517 2507 4570 quae
2533 4503 2786 4570 superius
2816 4506 3124 4572 enarravit,
3164 4507 3327 4564 nimi-

1779 4606 1896 4645 rum
1928 4608 1939 4643 :
1976 4589 2223 4644 Probasti
2256 4607 2369 4654 nos,
2405 4590 2566 4654 Deus,
2596 4592 2740 4647 etc.?

1850 4680 1934 4735 18.
1972 4679 2308 4752 Iniquitatem
2333 4682 2378 4734 si
2406 4686 2584 4750 aspexi
2618 4684 2673 4737 in
2698 4685 2852 4739 corde
2881 4702 3012 4751 meo,
3037 4703 3140 4740 non
3166 4703 3320 4744 exat.

1775 4776 1886 4827 diat
1916 4790 1993 4827 mc
2026 4774 2300 4829 Dominus.
2334 4773 2581 4830 Sciebam
2607 4776 2879 4845 equidem,
2913 4776 2958 4832 si
2993 4792 3091 4849 ego
3123 4779 3324 4849 iniqui-

1773 4865 1866 4921 tati
1902 4866 2132 4922 hazreain
2158 4907 2174 4935 ,
2215 4880 2325 4922 non
2354 4867 2750 4924 cxandiendam
2777 4884 2807 4924 a
2838 4868 2948 4923 Deo
2987 4869 3102 4926 fore
3133 4871 3321 4942 depre-

1770 4959 2040 5014 cationem
2082 4974 2278 5015 meam.
2340 4960 2534 5031 Aquila
2564 4980 2580 5018 :
2611 4961 2810 5016 Inutile
2851 4963 3025 5018 videns
3069 4965 3124 5016 in
3167 4964 3319 5019 corde

1769 5066 1898 5113 meo,
1935 5066 2036 5103 non
2064 5052 2306 5105 exaudiet
2340 5052 2617 5110 Dominus.
2657 5051 2769 5108 Hoc
2807 5062 2986 5109 autem
3021 5054 3122 5110 sibi
3155 5055 3269 5111 vult
3297 5072 3313 5112 :

113 5124 206 5188 ὅτι,
235 5125 340 5189 τὰς
383 5129 625 5199 αἰτήσεις
657 5131 735 5201 τῷ
764 5131 879 5202 Θεῴ
928 5135 1238 5204 προσάγων,
1292 5139 1664 5212 ἐπεμελούμην

1797 5139 2055 5195 etitiones
2081 5139 2192 5195 Deo
2220 5140 2453 5198 oﬂ'erens
2477 5184 2492 5209 ,
2526 5151 2585 5198 ut
2606 5141 2672 5199 de
2694 5142 2866 5213 probo
2895 5159 2958 5199 ac
2990 5144 3187 5200 decoro
3212 5161 3311 5200 cu-

112 5213 195 5267 τοῦ
225 5216 554 5287 πρέποντος,
590 5220 745 5285 εἰδὼς
767 5264 782 5288 ,
809 5221 883 5286 ώς
919 5224 1066 5277 οὐδέν
1125 5243 1214 5296 μοι
1270 5227 1369 5297 τῆς
1403 5231 1665 5299 αἰτήσεως

111 5302 317 5372 ὗφελος,
353 5309 427 5379 μὴ
455 5310 692 5364 ποιοῦντι
721 5312 788 5364 τὰ
821 5313 1021 5368 δέοντα,
1058 5316 1167 5369 Καὶ
1199 5317 1378 5389 ἕτερόν
1427 5337 1477 5372 τι
1529 5320 1660 5375 καύ-

1762 5247 1876 5286 rem
1914 5247 2134 5288 necesse
2181 5242 2285 5298 est,
2343 5249 2544 5304 gnarus
2594 5234 2729 5288 nihil
2768 5235 2903 5289 mihi
2948 5235 3197 5293 utilitatis
3245 5252 3313 5292 er.

1763 5321 2020 5393 petitione
2050 5324 2432 5394 obventurum,
2464 5325 2567 5382 nisi
2592 5341 2714 5398 qua:
2744 5326 2935 5383 decent
2978 5343 3153 5398 agam.
3185 5325 3312 5384 Clo-

171 5503 214 5534 ¹⁶
253 5502 456 5561 Ezech.
487 5523 636 5577 xuv,
663 5509 718 5564 6.
800 5511 840 5542 "
866 5509 1006 5568 Psal.
1047 5529 1249 5580 Lxxvu,
1280 5516 1366 5570 40.
1440 5518 1481 5549 ³⁸
1508 5517 1650 5576 Psal.
1680 5536 1697 5574 ι

1797 5538 1820 5590 ’,
1857 5523 1911 5582 8.
1984 5528 2025 5560 ’θ
2056 5526 2284 5584 Malach.
2315 5544 2352 5596 ι,
2377 5528 2429 5582 7.

172 5664 281 5736 (39)
315 5664 408 5726 Hic
440 5671 549 5727 alia
588 5667 1059 5734 habct'Corderius
1081 5694 1201 5749 qua'
1223 5681 1650 5742 suntTheodori.
