4102 6312
746 358 847 417 291

1601 350 1657 405 S.
1697 344 2064 404 ATHANASII
2102 341 2250 400 OPP.
2289 340 2467 397 PARS
2504 339 2677 396 lll.—
2716 337 3121 395 EXEGETICA.

3857 334 3953 389 292

747 485 924 540 riatur
945 478 1348 553 quodammodo
1393 472 1535 545 apud
1563 471 1769 535 Deum,
1809 469 1953 541 quod
1994 478 2145 523 extra
2195 464 2300 520 ini-

2410 480 2550 535 ίημα
2571 461 2865 534 προσφέρει
2888 460 2964 530 τῷ
2989 458 3107 530 Θεῷ
3136 456 3198 511 τὸ
3224 456 3326 523 ἔξω
3359 456 3539 528 πάσης
3563 454 3777 519 ἀδικίας
3808 454 3953 523 γενέ-

750 574 1010 643 quitatem
1055 583 1270 625 omnem
1319 573 1598 629 versetur,
1658 562 2016 632 quamobrem
2061 573 2118 613 se
2146 572 2306 613 exau-

751 662 1009 717 diendum
1039 658 1155 714 fore
1185 656 1431 713 conlidit.

889 756 941 808 1.
983 751 1053 808 In
1091 752 1269 822 ﬁnem,
1314 744 1655 803 PSALMUS
1699 747 1755 800 in
1789 743 2019 811 hymnis,
2066 742 2167 809 ipsi

1303 839 1496 895 David.
1539 836 1633 891 LX
1650 835 1747 891 VI.

1338 932 1737 1002 Argumentum.

754 1033 991 1088 Rursum
1029 1030 1121 1086 hic
1165 1027 1536 1100 apostolorum
1584 1036 1874 1093 personam
1929 1019 2154 1083 inducit,
2213 1017 2307 1089 qui

821 1124 1065 1179 doctrina
1095 1129 1280 1191 gentes
1336 1117 1617 1178 imbuunt,
1657 1124 1707 1168 et
1741 1121 1933 1182 rogant
1984 1111 2198 1165 liberari
2242 1110 2310 1164 ab

822 1219 893 1274 iis
922 1217 1015 1288 qui
1047 1214 1305 1270 doctrina:
1331 1226 1444 1267 suae
1470 1208 1870 1264 contradicunt.
1919 1204 2042 1277 [llic
2067 1204 2309 1274 psalmus

821 1308 1144 1381 praecedenti
1173 1313 1569 1361 consentaneus
1596 1312 1677 1355 est
1718 1319 1730 1353 :
1784 1299 1996 1370 proprie
2027 1296 2169 1350 enim
2201 1295 2309 1364 agit

820 1398 886 1450 de
922 1394 1292 1450 benedictione
1320 1405 1622 1456 sacrorum,
1677 1397 1838 1458 atque
1884 1396 1991 1441 tota
2022 1400 2157 1456 pene
2186 1399 2309 1437 ora-

820 1488 896 1541 tio
924 1485 975 1540 in
1001 1485 1141 1539 libro
1173 1480 1425 1538 Iudicum
1455 1480 1620 1551 jacet.
1662 1481 1739 1533 Ac
1766 1479 1811 1533 si
1854 1477 2016 1545 igitur
2064 1475 2305 1529 futurum

819 1582 896 1637 sit
918 1588 977 1632 ut
1000 1578 1104 1632 hoc
1129 1575 1363 1640 eveniat,
1396 1584 1683 1645 postquam
1719 1571 1951 1625 reditum
1981 1568 2308 1623 vaticinatus

820 1683 935 1738 est,
976 1669 1231 1741 praedicat
1273 1668 1513 1724 divinam
1550 1663 1982 1720 incarnationem
2028 1671 2081 1716 et
2108 1662 2310 1715 adven-

823 1773 962 1829 tum,
991 1771 1151 1831 atque
1176 1760 1410 1815 futuram
1454 1757 1691 1828 gentium
1722 1756 1975 1809 salutem.
2012 1753 2309 1822 lnscriptus

824 1864 1006 1910 autem
1033 1862 1135 1918 est,
1167 1850 1233 1905 In
1265 1849 1492 1919 hymnis,
1528 1848 1656 1917 quia
1682 1846 1774 1902 Dei
1810 1856 1890 1901 est
1921 1844 2134 1916 hymnis
2168 1843 2305 1896 cele-

825 1946 993 2010 brari,
1033 1944 1314 1998 hominum
1350 1951 1529 1995 autem
1560 1948 1643 1995 est
1671 1938 1922 1994 laudibus
1946 1933 2180 2004 ornari.]

826 2124 881 2181 2.
921 2122 1057 2178 Deut
1095 2125 1396 2177 misereatur
1422 2120 1587 2172 nostri
1628 2127 1677 2171 et
1714 2114 1979 2169 benedicat
2011 2110 2178 2174 nobis,
2201 2118 2306 2163 etc.

754 2218 951 2281 Tuam,
986 2215 1182 2284 inquit,
1210 2210 1616 2266 miserationem
1648 2208 2022 2265 obsecramus,
2061 2202 2303 2263 Domine,

754 2317 1119 2377 rogamusque
1159 2309 1221 2356 ut
1260 2299 1520 2354 exhibeas
1567 2298 1775 2351 vultum
1825 2305 1975 2350 tuum
2009 2292 2198 2353 nobis,
2250 2299 2309 2343 ut

755 2397 898 2451 viam
930 2393 1103 2449 sancti
1131 2389 1406 2458 Evangelii
1437 2389 1512 2442 tui
1546 2389 1797 2457 gentibus
1830 2384 2083 2438 omnibus
2121 2381 2310 2458 praedi-

757 2502 881 2543 care
919 2483 1211 2555 pOssimus.
1276 2478 1522 2533 Salutare
1569 2479 1752 2541 enim,
1808 2475 1979 2544 ipsius
2018 2452 2306 2525 adventum

755 2579 957 2647 ubique
984 2573 1269 2644 signiﬁcat.

826 2668 880 2720 4.
911 2665 1272 2733 Conﬁteantur
1305 2660 1397 2715 tibi
1424 2658 1622 2730 populi,
1660 2654 1815 2709 Deus.
1864 2652 2111 2709 Praedicit
2152 2652 2308 2707 Chri-

754 2760 827 2815 sti
860 2756 1252 2813 confessionem
1279 2753 1346 2808 ab
1374 2751 1628 2805 omnibus
1661 2747 1911 2818 gentibus
1954 2745 2306 2799 emittendam

755 2852 893 2907 fore.
923 2849 1185 2904 Lteteutur
1216 2856 1263 2900 et
1288 2844 1545 2899 exsultent
1575 2849 1766 2911 gentes.
1802 2837 1937 2890 Cum
1963 2837 2308 2906 propheticus

758 2943 994 3014 Spiritus
1019 2942 1085 2995 de
1111 2940 1282 2994 salute
1308 2937 1457 2991 orbis
1489 2946 1832 3001 summopere
1857 2930 2169 2996 delectetur,
2202 2932 2309 3001 ple-

755 3049 987 3103 rumque
1015 3032 1201 3087 eadem
1235 3032 1347 3099 ipsa
1381 3027 1590 3097 repetit,
1615 3041 1681 3079 ex
1709 3023 1976 3093 frequenti
1995 3024 2308 3078 narratione

757 3128 955 3200 gaudio
982 3124 1226 3180 aﬂ‘ectus.

829 3220 880 3275 6.
915 3218 1275 3287 Con/iterantur
1300 3213 1392 3266 tibi
1418 3209 1616 3280 populi,
1646 3207 1805 3274 Deus,
1836 3206 2184 3275 confiteantur
2212 3207 2306 3259 tibi

756 3313 937 3387 populi
968 3326 1141 3365 omnes
1165 3308 1299 3377 (51).
1349 3303 1466 3358 Νοιι
1510 3304 1627 3357 sine
1658 3316 1821 3356 causa
1860 3299 2085 3369 repetit,
2133 3298 2225 3353 sed
2251 3308 2309 3353 ut

757 3404 1050 3462 alacriores
1092 3399 1282 3456 reddat
1331 3396 1626 3451 auditores.
1685 3390 1848 3445 Terra
1895 3390 2037 3443 dedit
2078 3389 2309 3458 fructum

758 3510 936 3551 suum.
992 3489 1302 3562 Spiritualis
1349 3485 1618 3539 videlicet.
1676 3481 1905 3535 Fructus
1956 3487 2135 3533 autem
2186 3489 2312 3532 sunt

757 3589 877 3659 ejus
910 3586 964 3640 in
989 3585 1187 3654 pietate
1210 3577 1507 3651 profectus.

827 3763 1211 3837 [Confiteantur
1255 3760 1348 3813 tibi
1397 3757 1598 3828 populi,
1651 3754 1810 3809 Deut.
1844 3749 2308 3821 Quemadmodum

754 3857 840 3913 bis
862 3864 1047 3925 gentes
1089 3852 1155 3905 ad
1205 3850 1437 3921 hymnos
1486 3844 1855 3901 concinendos
1906 3841 2195 3905 excitavit,
2235 3840 2309 3894 ita

756 3948 841 4002 bis
872 3946 1019 4016 ipsas
1045 3942 1112 3997 ad
1137 3939 1568 3997 benedictionem
1597 3936 1846 4007 quaesivit
1876 3952 1888 3987 :
1923 3948 2047 3988 cum
2082 3931 2166 3985 bis
2204 3931 2311 3985 sci-

755 4038 883 4092 licet
920 4050 1039 4091 eam
1083 4032 1513 4088 benedictionem
1543 4028 1862 4099 accepisset.
1914 4028 2020 4080 Aut
2054 4024 2181 4094 quia
2208 4024 2309 4077 illa:

752 4128 1128 4186 benedictione
1152 4125 1367 4195 repleta:
1386 4138 1494 4177 non
1528 4121 1777 4191 ignorant
1810 4117 1979 4172 Deum
2024 4116 2116 4187 qui
2146 4130 2309 4185 super

754 4222 939 4277 omnia
973 4228 1089 4283 est,
1133 4218 1226 4273 sed
1264 4214 1643 4271 dulcissimum
1688 4211 1791 4281 ipsi
1830 4210 2062 4263 oﬂ‘erunt
2094 4206 2307 4277 pietatis

753 4314 991 4370 fructum
1022 4331 1035 4366 :
1065 4326 1226 4381 quem
1278 4308 1323 4363 si
1372 4307 1467 4362 tibi
1524 4304 1813 4360 offeramus
1840 4343 1853 4364 ,
1908 4302 1957 4355 id
1986 4310 2069 4355 est
2095 4299 2307 4354 virtutis

755 4405 994 4461 studium
1040 4410 1384 4464 accuratum,
1438 4412 1467 4451 a
1508 4405 1559 4451 te
1610 4395 2037 4449 benedictionem
2078 4391 2307 4461 accipie-

755 4494 1131 4664 m‘ﬁignedicat
1179 4600 1271 4639 nos
1314 4582 1469 4636 Deus.
1527 4578 1817 4636 Sciendum
1849 4578 2101 4632 homines
2135 4574 2303 4629 Deum

2413 554 2562 609 σθαι’
2596 553 2675 606 διὸ
2699 553 2793 607 καὶ
2818 550 3192 604 είσακούεσθαι
3219 549 3432 621 θαρρεῖ.

2406 739 2511 804 Εἰς
2535 735 2603 790 τὸ
2628 734 2820 801 τέλος,
2849 733 2917 788 ἐν
2941 732 3148 803 ὕμνοις
3168 728 3487 793 ΨΑΛΠΟΣ,
3506 726 3585 795 τῷ
3608 726 3809 783 Δαυΐδ.
3826 725 3959 793 ις’.

3028 863 3042 883 ⁸
3055 863 3359 929 Υπόθεσις.

2409 1003 2574 1059 Πάλιν
2599 1000 2872 1056 κάνταῦθα
2892 999 2999 1054 τῶν
3024 1000 3334 1055 ἀποστόλων
3361 997 3422 1051 τὸ
3446 996 3737 1068 πρόσωπον
3758 994 3965 1063 εἰσάγε-

2476 1112 2564 1148 ται
2586 1135 2600 1155 ,
2630 1093 2970 1146 διδασκαλίαν
3002 1090 3319 1161 ποιούμενον
3369 1088 3477 1141 τῶν
3522 1087 3690 1141 ἐθνῶν
3714 1126 3729 1150 ,
3765 1086 3965 1157 ρυσθῆ-

2479 1185 2568 1238 ναί
2626 1202 2685 1237 τε
2737 1184 3025 1254 εὐχόμενον
3051 1182 3160 1235 τῶν
3192 1179 3576 1247 ἀντιλεγόντων
3620 1181 3686 1249 τῇ
3718 1178 3967 1230 διδασκα-

2474 1278 2565 1349 λίᾳ
2597 1277 2792 1331 αὐτῶν.
2839 1274 2859 1347 [
2894 1274 3208 1337 ’Δκόλουθος
3232 1272 3324 1326 καὶ
3352 1267 3503 1334 οὗτος
3529 1270 3603 1339 τῷ
3634 1270 3740 1340 πρὸ
3772 1268 3933 1321 αὐτοῦ
3953 1285 3964 1294 ·

2479 1372 2672 1440 ἰδίωμα
2698 1370 2806 1441 γὰρ
2832 1368 2943 1438 ἔχει
2963 1367 3062 1438 τῆς
3083 1367 3189 1419 τῶν
3214 1367 3370 1436 ἱερῶν
3391 1363 3657 1432 εὐλογίας,
3680 1362 3775 1414 καὶ
3798 1364 3968 1415 κεῖται

2479 1466 2536 1518 ὲν
2572 1465 2682 1527 τοῖς
2712 1464 2940 1534 Κριταῖς
2966 1461 2998 1531 ή
3025 1459 3157 1531 εὐχὴ
3190 1460 3336 1515 πᾶσα
3362 1456 3562 1527 σχεδόν.
3609 1457 3695 1517 Ὠς
3724 1450 3817 1507 οὖν
3850 1454 3969 1524 μέλ-

2477 1556 2657 1618 λοντος
2705 1555 2798 1608 καὶ
2850 1552 3039 1607 τούτου
3083 1548 3364 1619 γίνεσθαι,
3421 1547 3557 1617 μετὰ
3582 1548 3681 1615 τὴν
3714 1545 3970 1598 ἐπάνοδον

2483 1645 2857 1717 προεφητεύθη
2877 1686 2892 1710 ,
2937 1642 3193 1715 κηρύττει
3236 1640 3292 1694 δὲ
3332 1639 3426 1693 καὶ
3453 1638 3550 1709 τὴν
3577 1637 3725 1689 θείαν
3758 1634 3969 1705 ἀνθρώ·

2477 1752 2641 1806 πησιν
2676 1737 2768 1788 καὶ
2812 1734 3144 1801 ἐπιφάνειαν,
3183 1731 3276 1784 καὶ
3318 1731 3413 1800 τὴν
3458 1730 3563 1781 τῶν
3597 1726 3765 1780 ἐθνῶν
3803 1742 3971 1794 σωτη-

2484 1832 2622 1902 ρίαν.
2669 1830 2764 1882 Ἑν
2790 1828 2998 1897 ὕμνοις
3023 1827 3079 1879 δὲ
3104 1824 3502 1895 ἐπιγέγραπται
3527 1862 3541 1886 ,
3591 1822 3713 1873 ἐπεὶ
3744 1819 3883 1872 Θεοῦ
3916 1819 3971 1870 τὸ

2480 1921 2795 1993 ὑμνεῖσθαι,
2838 1917 3139 1991 ἀνθρώπων
3165 1918 3221 1971 δὲ
3252 1916 3314 1969 τὸ
3339 1916 3404 1969 δι’
3430 1914 3663 1968 ἐπαίνων
3698 1913 3973 1982 ἐγκωμιά-

2479 2014 2684 2079 ζεσθαι.
2705 2012 2725 2084 ]

2494 2104 2547 2153 '0
2621 2102 2763 2168 Θεὸς
2833 2100 3192 2169 οἰκτειρήσω
3248 2098 3405 2169 ἡμᾶς
3473 2097 3569 2152 καί
3646 2096 3973 2166 εὐλογῆσαι

2411 2194 2587 2264 ἡμᾶς.
2621 2194 2739 2247 Τῶν
2774 2192 2880 2247 σῶν
2905 2192 3199 2263 οἰκτιρμῶν
3224 2190 3451 2261 δεόμεθα
3469 2229 3483 2253 ,
3515 2190 3645 2260 φησὶ
3664 2229 3678 2251 ,
3706 2188 3971 2247 Δέσποτα.

2412 2288 2502 2341 καὶ
2530 2286 2629 2357 τῆς
2660 2285 2974 2354 ἐπιφανείας
2998 2283 3089 2336 τοῦ
3128 2281 3419 2355 προσώπου
3452 2297 3566 2344 σου,
3636 2282 3770 2352 πρὸς
3796 2280 3861 2334 τὸ
3886 2280 3975 2333 δύο

2411 2376 2604 2431 νασθαι
2649 2376 2882 2447 φανερὰν
2922 2376 3023 2446 τὴν
3057 2374 3176 2429 ὁδὸν
3204 2373 3296 2427 τοῦ
3323 2373 3476 2441 ἁγίου
3507 2389 3597 2425 σου
3644 2372 3975 2442 Εὐαγγελίου

2414 2469 2547 2521 πᾶσι
2579 2470 2687 2530 τοῖς
2734 2466 2908 2519 ἔθνεσι
2946 2466 3195 2537 κηρύξαι.
3240 2463 3535 2533 Σωτήρων
3561 2462 3669 2535 γὰρ
3697 2462 3974 2534 πανταχοῦ

2412 2560 2509 2629 τὴν
2538 2559 2837 2630 παρουσίαν
2864 2557 3027 2611 αὐτοῦ
3058 2573 3243 2628 φησιν.

2498 2650 3190 2721 Ἑξομολογησάσθωσάν
3207 2665 3303 2703 σοι
3333 2647 3487 2711 λαοὶ,
3511 2650 3544 2702 ό
3570 2648 3730 2713 Θεός.
3750 2646 3977 2701 Πάντων

2411 2744 2518 2797 τῶν
2561 2743 2730 2797 ἐθνῶν
2778 2743 2873 2813 τὴν
2905 2744 2983 2805 εἰς
3028 2740 3259 2813 Χριστὸν
3289 2740 3575 2812 ὁμολογίαν
3620 2741 3977 2811 προφητεύει.

2412 2836 2931 2907 Εὺφρανθήτωο-αν
2954 2835 3051 2888 καί
3078 2819 3581 2904 ἀγαλλιάσθωσαν
3615 2834 3777 2901 ἔθνη.
3827 2832 3979 2888 Ἦδὸ-

2415 2946 2573 3001 μενον
2628 2928 2689 2982 τὸ
2750 2927 3083 3000 προφητικὸν
3151 2926 3377 2996 Πνεῦμα
3436 2929 3499 2996 τῇ
3570 2926 3814 2997 σωτηρίᾳ
3881 2926 3980 2995 τῆς

2412 3021 2767 3091 οἰκουμένης,
2818 3018 3071 3081 πολλάκις
3118 3016 3183 3070 τὰ
3222 3017 3358 3070 αὐτὰ
3390 3018 3701 3087 φθέγγεται,
3732 3019 3803 3087 τῇ
3853 3034 3981 3070 συν-

2411 3118 2525 3185 εχεῖ
2555 3115 2797 3185 διηγήσει
2830 3110 3161 3185 εὐφροσύνης
3185 3109 3471 3165 ἀπολαῦον.

2493 3201 3185 3276 Ἐξομολογησὰσθωσάν
3210 3218 3306 3256 σοι
3334 3201 3467 3256 λαοί
3496 3242 3511 3266 ,
3556 3204 3590 3256 ὀ
3650 3200 3795 3267 Θεὸς
3817 3242 3833 3265 ,
3879 3200 3981 3265 ἐξ·

2412 3292 2998 3367 ομολογησάσθωσάν
3032 3308 3130 3346 σοι
3173 3290 3309 3346 λαοί
3364 3289 3599 3354 πάντες.
3629 3289 3740 3358 Οὐχ
3791 3288 3986 3351 ἁπλῶς

2408 3388 2504 3458 τὴν
2536 3384 2881 3454 ταυτολογίαν
2908 3382 3145 3435 τέθεικεν
3164 3422 3179 3447 ,
3210 3381 3343 3435 ἀλλὰ
3377 3378 3821 3452 προθυμοτέρους
3854 3381 3985 3441 τοὺς

2412 3475 2704 3538 ἀκούοντας
2731 3472 3109 3545 ἐργαζόμενος.
3142 3470 3230 3538 Γῆ
3271 3470 3454 3525 ἔδωκε
3480 3468 3587 3524 τὸν
3609 3468 3846 3537 καρπόν
3872 3470 3985 3523 σύ-

2410 3568 2539 3636 τῆς.
2591 3567 2655 3619 Ἦ
2707 3564 2870 3635 νοητὴ
2892 3562 3149 3633 δηλονότι.
3214 3561 3439 3632 Καρπὸς
3474 3562 3531 3616 δὲ
3558 3561 3725 3632 αὐτῆς
3755 3562 3818 3615 αί
3859 3559 3985 3615 κατ’

2410 3655 2689 3709 εὐσέϐειαν
2718 3656 3009 3725 προκοπαί.

2471 3747 2491 3820 [
2508 3745 3198 3817 Ἐξομολοτηο-άσθωονάν
3207 3758 3305 3800 σοι
3316 3748 3369 3800 οι
3380 3744 3535 3809 λαοί,
3548 3748 3581 3800 ὁ
3593 3747 3753 3813 Θεός.
3763 3748 3988 3820 Ὠσπερ

2407 3840 2490 3904 δὶς
2510 3840 2576 3893 τὰ
2599 3839 2723 3910 ἔθνη
2751 3838 2885 3913 πρὸς
2906 3838 3175 3909 ὑμνῳδίαν
3200 3836 3489 3909 διήγειρεν,
3518 3837 3656 3893 οὕτω
3680 3838 3761 3903 δίς
3790 3840 3988 3904 αὐτοῖς

2409 3934 2508 4004 τὴν
2543 3931 2786 4001 εὐλογίαν
2830 3930 3115 4003 ἐζήτησεν·
3156 3930 3532 3985 ἀπολαύσαντα
3582 3930 3831 4002 δηλονότι
3888 3932 3990 3986 καὶ

2409 4023 2577 4093 αὐτῆς
2606 4022 2873 4091 εὐλογίας.
2905 4023 2973 4075 Ἦ
2999 4022 3081 4075 ὅτι
3108 4022 3230 4074 ἐπεὶ
3260 4022 3361 4075 οὐκ
3391 4020 3673 4090 ἀγνοοῦσιν
3704 4024 3752 4075 οἱ
3792 4024 3859 4090 eg
3888 4024 3991 4078 αὐ-

2407 4115 2505 4186 τῆς
2544 4115 2634 4169 τὸν
2667 4116 2758 4169 ἐπὶ
2805 4115 3019 4169 πάντων
3048 4115 3205 4179 Θεὸν,
3255 4114 3391 4169 ἀλλὰ
3436 4114 3527 4169 τὸν
3577 4116 3794 4187 ἥδιστον
3830 4116 3990 4189 αὐτῷ

2409 4206 2769 4279 προσφέρουσι
2793 4207 2890 4277 τῆς
2920 4207 3195 4271 εὐσεϐείας
3223 4207 3432 4278 καρπόν
3450 4225 3463 4239 ο
3498 4207 3557 4261 δν
3585 4210 3635 4262 εί
3666 4210 3987 4283 armipo-

2409 4300 2509 4371 μέν
2540 4317 2655 4366 σοι,
2692 4301 2809 4369 ήτοι
2833 4299 2931 4372 τὴν
2955 4300 3053 4371 τῆς
3083 4301 3280 4372 ἀρετῆς
3312 4300 3650 4374 ἐπιτήδευσιν
3670 4342 3688 4367 ,
3722 4302 3993 4373 εὐλογοῦ-

2409 4392 2545 4461 μεθα
2574 4391 2721 4463 παρὰ
2752 4391 2890 4464 σοῦ]

2476 4574 2843 4647 [Εὑλογήσαι
2878 4568 3033 4645 ἡμᾶς
3060 4576 3093 4629 ό
3120 4574 3283 4640 Θεός.
3323 4573 3531 4630 Εἰδιναι
3557 4574 3655 4646 μὲν
3679 4579 3992 4652 προσήκει,

754 4680 1153 4741 benedicentes,
1183 4675 1283 4747 ipsi
1311 4673 1475 4728 verba
1502 4673 1677 4727 solum
1710 4669 1949 4740 proferre
1970 4708 1984 4732 ,
2028 4668 2119 4722 sed
2144 4678 2306 4735 opere

2410 4666 2502 4732 ὡς,
2515 4666 2857 4736 εὐλογοῦντες
2876 4665 2971 4721 ἄνθ
2979 4683 3145 4737 ρωποι
3169 4667 3259 4720 τὸν
3269 4665 3419 4733 Θεὸν,
3435 4666 3621 4735 λόγους
3640 4668 3794 4740 αὐτῷ
3822 4688 3997 4743 προσ-

754 4772 858 4843 ipsi
897 4768 1153 4825 beneﬁcia
1181 4765 1490 4837 impendere
1525 4779 1630 4818 non
1670 4776 1850 4833 posse.
1889 4762 1958 4816 At
1996 4759 2138 4815 Deus
2180 4774 2303 4813 cum

2411 4761 2629 4833 φέρουσι
2678 4760 2869 4831 μόνους
2894 4798 2909 4822 ,
2959 4758 3103 4830 ἔργῳ
3126 4757 3181 4812 δὲ
3212 4757 3373 4812 αὐτὸν
3402 4757 3756 4829 εὐεργετῆσαι
3782 4761 3855 4813 οὐ
3893 4761 3992 4815 δύ-

754 4862 1027 4920 benedicit
1048 4899 1063 4926 ,
1100 4859 1355 4929 operibus
1390 4854 1548 4911 verba
1578 4855 1898 4918 contlrmat,
1949 4866 2013 4907 ac
2036 4850 2302 4905 bonorum

2410 4869 2615 4907 νανται.
2689 4852 2746 4905 '0
2773 4851 2831 4904 δὲ
2858 4850 2988 4915 Θεὸς
3012 4890 3028 4916 ,
3069 4849 3303 4919 εὐλογῶν
3323 4890 3338 4913 ,
3376 4850 3582 4921 βεϐαιοῖ
3616 4853 3746 4915 τοὺς
3784 4852 3996 4922 λόγους

757 4958 998 5010 omnium
1066 4950 1276 5021 copiam
1331 4950 1399 5004 iis
1450 4947 1649 5019 quibus
1698 4944 1966 5001 benedicit
2017 4942 2298 5015 elargitur.

757 5044 958 5102 Deinde
972 5044 1129 5098 docet
1162 5036 1485 5112 quomodo.]

909 5136 960 5189 1.
1032 5133 1098 5188 1η
1147 5133 1336 5205 ﬁnem,
1386 5126 1721 5183 PSALMUS
1768 5127 1996 5189 cantici,
2047 5125 2146 5193 ipsi

1288 5219 1479 5277 David.
1535 5219 1627 5273 LX
1648 5217 1776 5273 VH.

1328 5314 1729 5384 Argumentum.

758 5410 810 5463 In
840 5410 941 5464 hoc
966 5408 1177 5479 psalmo
1214 5406 1501 5461 adventum
1534 5402 1741 5458 Domini
1780 5400 2066 5471 signiﬁcat,
2092 5413 2301 5453 necnon

823 5500 1181 5571 spiritualium
1208 5497 1444 5553 hostium
1474 5496 1865 5567 depulsionem,
1899 5490 2301 5564 spiritualisque

821 5593 1145 5663 captivitatis
1181 5591 1522 5647 solutionem.
1568 5588 1733 5643 Docet
1760 5587 1980 5655 insuper
2030 5598 2089 5639 se
2122 5584 2297 5653 ipsum

822 5759 935 5833 (3|)
971 5758 1027 5815 ιιι
1054 5756 1121 5814 ιι.
1155 5774 1235 5823 ιιι,
1273 5757 1386 5814 haec
1410 5756 1663 5812 dicuntur
1690 5749 2032 5808 Theodoreti.

2407 4943 2484 5015 τῷ
2514 4943 2679 5014 ἔργῳ,
2706 4942 2798 4995 καὶ
2819 4940 3168 4996 παντοδαπῶν
3191 4942 3410 5011 ἀγαθῶν
3433 4943 3655 5017 παρέχει
3678 4945 3796 5011 τοῖς
3826 4944 3993 4999 εὐλο-

2406 5034 2687 5106 γουμένοις
2722 5036 2909 5108 φοράν.
2943 5028 3073 5088 Εἶτα
3096 5032 3533 5106 διδάσκει

2460 5176 2562 5236 Εἰς
2591 5174 2656 5224 τὸ
2681 5177 2871 5237 τέλος,
2911 5170 3016 5239 τῆς
3040 5169 3200 5239 ᾠδῆς
3228 5169 3409 5225 Δαυῒδ
3442 5171 3770 5225 ΨΑΛΜΟΣ.
3810 5171 3965 5228 ZZ'.

3026 5280 3343 5346 Ὑκόθεσις.

2415 5396 2500 5451 Ἐν
2533 5394 2705 5466 τούτῳ
2730 5393 2806 5465 τῷ
2832 5392 3029 5465 ψαλμῷ
3052 5393 3149 5464 τὴν
3181 5391 3479 5465 παρουσίαν
3507 5389 3599 5444 τοῦ
3626 5391 3852 5463 Κυρίου
3897 5412 3999 5466 οη-

2480 5488 2689 5558 μαίνει,
2736 5488 2827 5540 καὶ
2866 5489 2973 5541 τῶν
3005 5484 3207 5558 νοητῶν
3252 5483 3459 5557 ἐχθρῶν
3487 5482 3859 5555 καθαίρεσιν,
3898 5488 4001 5541 καὶ

2477 5578 2575 5649 τῆς
2598 5578 2790 5651 νοητῆς
2815 5576 3182 5649 αἰχμαλωσίας
3208 5576 3305 5647 τὴν
3324 5574 3598 5632 ἀπόλυσιν.
3627 5574 3752 5628 Ἔτι
3780 5593 3854 5645 γε
3885 5578 4001 5651 μὴν
