4102 6312
185 364 279 422 295

242 487 499 553 διδάσκει,
562 488 638 551 ὡς
666 490 825 554 αὐτὸς
854 490 939 563 εἴη
999 493 1028 544 ό
1081 506 1171 547 και
1206 495 1373 549 πάλαι
1424 497 1548 559 τοὺς
1594 497 1741 559 υἱοὺς
1770 502 1816 559 Δ

251 576 463 647 Ἰσραὴλ
503 576 562 643 ὲξ
604 578 878 647 Αἰγύπτου
917 580 1217 652 ἐξαγαγών.
1254 585 1394 655 Πρὸς
1425 585 1481 638 δὲ
1511 586 1738 653 τούτοις,

242 660 657 740 ὑποδεξαμένοις
684 672 745 724 τὸ
784 673 1061 744 κήρυγμα,
1089 675 1400 745 Πνεύματο;
1423 676 1575 745 ἁγίου
1599 677 1742 731 δόσιν

241 762 653 830 ἐπαγγέλλεται.
690 765 798 817 Καὶ
820 765 923 836 μὴν
946 768 1040 819 καὶ
1061 769 1171 830 τοῖς
1196 768 1508 831 ἀποστόλοις
1532 770 1740 837 εἰσάγει

238 853 583 926 παράκλησιν
607 895 621 921 ,
658 858 721 909 ἐκ
756 858 933 928 πάσης
969 858 1198 928 θλίψεως
1230 860 1447 929 ῥύεσθαι
1473 862 1739 929 ἐπαγγελ-

235 946 481 1017 λόμενος,
515 947 615 1020 τῆς
641 952 936 1022 γενομένης
970 951 1207 1023 δηλονότι
1236 952 1324 1006 διά
1358 953 1420 1006 τὸ
1457 955 1734 1025 κήρυγμα.

249 1038 408 1093 Ἀλλά
440 1040 547 1113 μὴν
579 1044 671 1095 καὶ
716 1043 1066 1115 ἐπιστρέφειν
1094 1044 1157 1096 ἐκ
1202 1045 1309 1098 τῶν
1357 1062 1737 1119 παραπικραι-

226 1148 421 1185 νοντων
470 1133 803 1205 ὑπισχνεῖται
837 1136 1088 1202 πολλοὺς,
1120 1138 1214 1191 καὶ
1244 1138 1349 1210 μὴν
1382 1139 1475 1192 καὶ
1522 1141 1586 1192 ὲκ
1630 1141 1735 1195 τῶν

231 1223 645 1277 καταπεσόντων
696 1225 775 1289 είς
799 1225 858 1280 τὸ
884 1224 992 1279 τῶν
1018 1226 1217 1297 ἡδονῶν
1251 1229 1501 1297 πέλαγος.
1571 1230 1733 1283 Οὐδὲν

226 1313 282 1366 δὲ
308 1308 473 1385 ἦττον
506 1315 599 1368 καὶ
628 1315 735 1369 τῶν
771 1318 1076 1372 ἀποστόλων
1102 1319 1358 1391 κηρύττει
1389 1322 1485 1392 τὴν
1519 1322 1730 1374 ἀνάδει-

225 1403 327 1471 ξιν,
351 1406 445 1459 καὶ
461 1406 607 1469 τίνες
624 1408 719 1461 καὶ
737 1409 898 1462 πόθεν
918 1406 1075 1482 ἦσαν.
1099 1413 1323 1465 Πάντων
1346 1429 1404 1465 τε
1432 1412 1539 1464 τῶν
1564 1412 1730 1466 ἐθνῶν

222 1496 317 1567 τὴν
340 1500 423 1560 εἰς
443 1496 537 1552 τδν
560 1498 760 1571 Κύριον
782 1501 960 1555 πίστιν
982 1503 1410 1571 εὐαγγελίζεται.
1450 1504 1563 1573 Ἐφ’
1590 1505 1728 1557 ᾶπα-

220 1604 269 1639 σι
301 1588 360 1640 δὲ
392 1588 604 1654 τούτοις
623 1590 719 1661 τὴν
746 1594 825 1657 είς
854 1594 1116 1665 οὐρανοὺς
1154 1595 1339 1649 ἄνοδον
1388 1595 1481 1648 τοῦ
1520 1597 1725 1667 Κυρίου

215 1678 525 1732 ἐκδιδάσκει
555 1681 760 1751 σαφῶς.
822 1681 1037 1747 Ἔξεστι
1065 1683 1121 1737 δὲ
1153 1684 1324 1738 ταῦτα
1368 1685 1546 1739 πάντα
1582 1686 1724 1739 κατά

216 1768 383 1837 μέρος
422 1772 536 1833 τοῖς
562 1772 764 1842 στίχοις
792 1773 1116 1829 ἐπιϐαλόντα
1148 1775 1392 1847 θεωρεῖν.

1278 372 1636 429 EXPOSITIO
1679 373 1745 428 IN
1783 373 2111 433 PSALMUM
2146 378 2331 435 LXVI.

3295 392 3401 450 9.94

1911 514 2053 563 esse,
2089 500 2180 569 qui
2222 502 2352 555 olim
2385 502 2526 559 iilios
2562 502 2726 560 lsrael
2755 522 2819 561 ex
2854 506 3091 580 Egypto
3125 510 3394 571 eduxerit.

1912 591 1991 643 Ad
2025 593 2139 647 hinc
2170 595 2350 648 omnia
2381 595 2447 649 iis
2479 596 2571 666 qui
2607 598 3043 666 praedicationem
3093 604 3399 673 acceperint

1913 679 2149 749 Spiritus
2172 684 2340 737 sancti
2375 684 2577 739 donum
2611 686 2914 755 po‘llicetur.
2942 690 3233 758 Apostolos
3269 697 3397 749 item

1909 774 2242 839 consolatur,
2279 775 2552 844 pollicitus
2569 794 2785 833 omnem
2810 782 3211 849 prazdicatiouis
3232 799 3397 841 causa

1908 875 2213 933 susceptam
2245 866 2650 923 tribulationem
2682 873 3064 927 removendam
3097 873 3231 931 fore.
3265 875 3398 931 Pro-

1906 956 2177 1025 mittitque
2199 958 2492 1012 multorum
2521 974 2585 1013 ex
2619 960 2685 1015 iis
2718 962 2809 1032 qui
2849 972 2973 1018 ante
3007 964 3073 1018 ad
3109 966 3243 1020 iram
3266 983 3398 1023 con-

1906 1046 2145 1101 citabant
2189 1047 2427 1103 futuram
2476 1054 2909 1119 conversionem,
2947 1071 3157 1111 necnon
3205 1074 3394 1114 eorum

1904 1139 1996 1207 qui
2033 1138 2085 1191 in
2118 1140 2446 1209 profundum
2472 1145 2763 1213 voluptatis
2811 1148 3032 1217 pelagus
3061 1151 3290 1206 demersi
3317 1169 3398 1208 es-

1902 1243 2043 1285 sent.
2088 1230 2456 1290 Nihilominus
2490 1247 2666 1290 autem
2718 1242 3088 1303 apostolorum
3128 1244 3391 1298 delectum

1900 1332 2139 1389 enarrat,
2185 1335 2236 1378 et
2266 1327 2487 1394 quinam
2532 1328 2781 1398 undeque
2814 1330 3035 1386 fuerint.
3090 1333 3394 1389 Annunliat

1898 1411 2028 1467 item
2083 1412 2323 1468 futuram
2365 1416 2609 1469 omnium
2640 1419 2883 1487 gentium
2924 1420 2974 1473 in
3004 1405 3292 1477 Dominum
3326 1426 3389 1478 li-

1900 1505 2043 1559 dem.
2082 1506 2161 1559 Ad
2194 1507 2307 1561 haec
2337 1510 2519 1562 omnia
2552 1508 2762 1565 Domini
2798 1514 2847 1566 in
2882 1514 3051 1568 caelos
3095 1531 3382 1572 ascensum

1902 1597 2078 1667 palam
2120 1599 2327 1653 edocet.
2364 1598 2513 1653 Licet
2551 1611 2730 1656 autem
2772 1604 2884 1659 hac
2932 1607 3112 1660 omnia
3147 1608 3386 1676 cuilibet,

1896 1691 2147 1745 versibus
2175 1693 2401 1759 singulis
2434 1694 2735 1759 insistenti,
2773 1698 3222 1756 animadvertere.

224 1835 569 1926 Ἄκαστήτω
599 1865 631 1916 ὀ
650 1835 832 1929 "aede,
866 1866 963 1917 καὶ
997 1835 1639 1935 διασκορπισθήτωσαν
1668 1886 1694 1921 ο

1792 1846 1794 1881 ι
1890 1868 1945 1922 2.
1998 1869 2260 1939 Exsurgat
2315 1870 2472 1937 Deus,
2519 1883 2567 1926 et
2614 1874 2938 1942 dissipentur
2994 1877 3201 1932 inimici
3246 1881 3381 1948 ejus.

150 1950 341 2018 ἐχθροὶ
372 1953 582 2007 αὑτοῦ.
635 1954 746 2025 Τὴν
768 1957 847 2018 είς
878 1956 939 2009 τὸ
982 1958 1184 2028 κρίνειν
1229 1960 1353 2022 τοὺς
1381 1959 1720 2031 ἀκαθάρτους

148 2042 397 2111 δαίμονας
426 2045 717 2115 παρορμὴν
749 2045 841 2098 τοῦ
869 2046 1001 2100 Θεοῦ
1044 2050 1072 2101 ὁ
1116 2047 1271 2118 λόγος
1299 2052 1568 2123 σημαίνει.
1637 2054 1714 2126 Τῇ

149 2132 246 2202 γὰρ
274 2132 446 2186 αὑτοῦ
485 2136 751 2208 παρουσίᾳ
776 2137 876 2207 τῆς
922 2138 1029 2193 τῶν
1063 2140 1361 2212 ἀνθρώπων
1402 2146 1716 2218 τυραννίδος

146 2220 499 2293 ἐξηλάθησαν.

217 2312 647 2381 Ὀδοποιήσατε
674 2317 752 2383 τῷ
778 2319 1145 2389 ἐπιϐεϐηκότι
1167 2324 1264 2380 ἐπὶ
1298 2326 1563 2397 δυσμῶν.
1609 2330 1714 2383 Εὐ-

143 2408 361 2475 πρεπεῖς
400 2407 625 2474 γένεσθε
650 2452 662 2473 ,
700 2412 894 2479 φησὶν,
931 2414 1011 2476 εἰς
1063 2415 1126 2468 τὸ
1178 2420 1295 2481 ταῖς
1336 2420 1474 2483 ὁδοῖς
1504 2421 1711 2475 ἐκείνου

142 2496 462 2565 πορεύεσθαι
483 2537 497 2560 ,
530 2499 624 2552 τοῦ
656 2501 742 2553 ἐπ’
777 2502 1003 2573 ἐσχάτου
1048 2506 1157 2559 τῶν
1206 2509 1410 2579 χρόνων
1462 2514 1713 2581 ὀφθέντος

139 2588 189 2639 ὲν
214 2589 379 2660 σαρκὶ
405 2591 519 2653 τοῖς
547 2590 637 2643 ἐπὶ
668 2592 796 2662 γῆς.
836 2595 905 2647 Ἢ
928 2635 943 2659 ,
976 2594 1054 2661 τῷ
1080 2598 1445 2667 ἐπιϐεϐηκότι
1477 2603 1573 2656 ἐπὶ
1607 2605 1709 2659 δυ-

138 2678 316 2747 σμῶν,
353 2680 433 2752 τῷ
465 2682 657 2754 μέχρις
688 2683 815 2755 ᾅδου
844 2690 1194 2759 πεποιημένῳ
1226 2690 1321 2762 τὴν
1345 2694 1585 2749 κάθώον.
1616 2700 1710 2750 Ta-

132 2772 527 2841 ραχθήτωσαν
554 2775 671 2827 ἀπὸ
698 2777 1019 2842 προσώπου
1057 2781 1263 2834 αὐτοῦ.
1331 2785 1411 2837 Τὰ
1439 2784 1565 2854 ἔθνη
1599 2786 1707 2838 τῶν

132 2855 393 2927 δαιμόνων
440 2860 701 2931 δηλονότι.
761 2863 868 2916 Τοῦ
896 2866 1118 2932 πατρὸς
1146 2869 1423 2938 ὀρφανῶν
1451 2874 1546 2928 καὶ
1582 2892 1701 2942 κρι-

131 2949 229 3003 τοῦ
258 2949 384 3003 τῶν
412 2951 631 3020 χηρῶν.
680 2955 957 3025 Ὀρφανῶν
988 2958 1086 3028 μὲν
1118 2961 1225 3013 τῶν
1257 2963 1705 3034 ἀπροστατεύτων

130 3040 287 3109 λέγει,
311 3043 503 3114 χηρῶν
528 3044 584 3097 δὲ
608 3044 715 3098 τῶν
737 3046 941 3119 ψυχῶν,
964 3050 1073 3103 τῶν
1099 3052 1171 3123 μὴ
1197 3054 1433 3124 ἐχουσῶν
1456 3056 1545 3110 τὸν
1576 3076 1703 3130 νυμ-

1822 1962 1913 2016 Dei
1945 1963 2011 2017 ad
2054 1962 2380 2031 judicandos
2417 1965 2657 2032 impuros
2688 1969 2960 2021 daemones
2998 1978 3177 2025 motus
3211 1973 3381 2040 signi-

1818 2053 2030 2107 licatur.
2062 2050 2195 2106 Nam
2222 2052 2340 2121 ejus
2365 2052 2596 2107 adventu
2628 2071 2655 2107 a
2688 2058 2972 2127 tyrannide
2997 2076 3104 2130 qua
3134 2062 3381 2120 homines

1816 2144 2197 2216 opprimebant
2230 2144 2441 2215 expulsi
2470 2155 2616 2201 sunt.

1884 2320 1937 2385 5,
1967 2319 2018 2373 6.
2076 2319 2188 2374 Iter
2220 2322 2379 2390 facite
2425 2325 2472 2376 ei
2516 2327 2604 2393 qui
2635 2329 2871 2382 ascendit
2920 2347 3077 2399 super
3112 2349 3370 2389 occasum.

1813 2409 2005 2474 Probe,
2038 2412 2233 2481 inquit,
2267 2416 2440 2483 parati
2482 2425 2687 2480 estote,
2728 2429 2783 2473 ut
2816 2422 2868 2474 in
2908 2424 3007 2477 viis
3029 2425 3148 2492 ejus
3182 2430 3375 2478 ambu-

1812 2502 1954 2565 letis,
1988 2503 2081 2573 qui
2116 2505 2169 2557 in
2208 2506 2505 2560 novissimo
2550 2518 2852 2578 temporum
2888 2514 2955 2569 iis
2985 2516 3077 2583 qui
3122 2516 3174 2568 in
3227 2527 3369 2572 terra

1810 2592 2072 2663 degebant
2097 2596 2249 2649 visus
2292 2606 2375 2651 est
2416 2599 2467 2650 in
2504 2614 2689 2654 carne.
2747 2602 2891 2669 Aut,
2940 2604 2988 2658 ei
3019 2608 3108 2674 qui
3135 2608 3370 2659 ascendit

1808 2700 1961 2751 super
2001 2701 2240 2738 occasum
2264 2725 2279 2748 ,
2331 2688 2421 2756 qni
2453 2705 2623 2757 usque
2667 2692 2730 2745 ad
2766 2693 3038 2749 infernum
3079 2698 3372 2752 descende-

1809 2780 1911 2823 rat.
1949 2770 2247 2825 Turbmtur
2269 2791 2299 2825 a
2326 2775 2461 2843 faeie
2486 2777 2616 2845 ejus.
2678 2779 2990 2837 chmonum
3020 2788 3226 2841 scilicet
3250 2798 3369 2842 tur-

1807 2862 1906 2917 bin.
1948 2864 2125 2918 Patris
2148 2868 2501 2935 orplianorum
2531 2880 2579 2921 et
2601 2872 2801 2939 judicis
2827 2876 3123 2930 viduarum.
3154 2876 3367 2949 Orpha-

1806 2969 2035 3021 norum,
2068 2957 2118 3010 id
2143 2970 2254 3024 est,
2280 2974 2465 3012 eorum
2496 2963 2694 3030 quibus
2728 2966 2934 3019 nullum
2966 2972 3361 3037 patrocinium;

1804 3046 2085 3101 viduarum
2115 3061 2293 3103 autem
2318 3094 2330 3113 ,
2368 3051 2415 3104 id
2454 3061 2538 3105 est
2591 3055 2929 3120 :mimarum,
2978 3059 3175 3127 quibus
3234 3064 3360 3116 \‘er-

132 3132 240 3200 ςίον
272 3135 469 3203 Λόγον.
529 3138 844 3212 Προστάτης
885 3142 993 3215 γάρ
1034 3147 1150 3197 ὲστι
1198 3146 1305 3199 τῶν
1334 3148 1573 3203 ἀσθενῶν
1608 3154 1694 3205 καὶ

1806 3136 1931 3190 bum
1968 3155 2202 3207 sponsus
2238 3156 2341 3192 non
2368 3151 2483 3198 est.
2519 3142 2787 3200 Patronus
2816 3151 2959 3201 enim
3003 3160 3086 3204 cst
3116 3152 3359 3207 inﬁrmo-

128 3222 216 3291 τὴν
245 3223 608 3309 ἀνθρωπίνην.
626 3229 725 3281 οὐκ
755 3230 985 3301 ἑχόντων
1026 3233 1309 3304 βοήθειαν,
1360 3233 1470 3290 οἷον
1519 3241 1696 3309 ἡμεῖς.

133 3310 221 3375 Τίς
245 3312 302 3365 δὲ
334 3306 495 3377 οὗτος
526 3317 620 3369 καὶ
645 3312 755 3381 οἷος
777 3335 791 3383 ;

203 3402 264 3457 '0
288 3405 432 3469 Θεὸς
459 3407 529 3459 ἐν
556 3409 715 3472 τόπῳ
740 3409 884 3478 ἁγίῳ
914 3410 1122 3466 αὐτοῦ.
1168 3413 1383 3488 Ἐπειδὴ
1417 3414 1568 3471 εἶπεν
1600 3420 1696 3472 αύ-

129 3492 211 3546 τδν
241 3495 608 3565 ὲπιὸεὸηκότα
651 3500 769 3561 ταῖς
801 3499 1062 3572 δυσμαῖς,
1106 3508 1350 3561 τουτέστι
1386 3510 1547 3583 μέχρι
1589 3512 1696 3565 τῶν

126 3582 245 3652 ᾅδου
283 3586 470 3665 μυχῶν
494 3628 509 3651 ,
548 3587 785 3642 διδάσκει
820 3592 1013 3659 πάλιν,
1043 3593 1118 3660 ὡς
1162 3597 1396 3652 ἀνελθὼν
1422 3602 1501 3665 είς
1532 3603 1695 3673 οὐρα-

126 3672 239 3736 νοὺς
268 3674 326 3727 ἐν
353 3677 467 3738 τοίς
499 3676 649 3742 ἰδίοις
684 3680 867 3747 γέγονε
897 3683 1114 3748 τόποιςυ
1147 3689 1194 3739 εί
1242 3688 1334 3741 καὶ
1364 3688 1432 3741 τά
1463 3672 1692 3761 μάλιστα

122 3761 365 3851 οὐδέποτε
413 3767 731 3841 ἀφειστήκει
762 3774 939 3827 αὐτῶν
968 3778 1034 3847 τῇ
1064 3777 1163 3847 τῆς
1208 3778 1460 3850 θεότητος
1509 3780 1682 3851 φύσει.

132 3850 193 3902 '0
222 3853 364 3919 Θεὸς
412 3859 720 3919 κατοικίζει
746 3864 1155 3932 μονοτρόπους
1185 3866 1253 3921 ἐν
1283 3869 1442 3934 οἵιιῳ.
1512 3850 1686 3926 Μονο-

118 3945 342 4015 τῴπους
366 3965 440 4019 φη
450 3949 501 4000 ai
522 3951 643 4014 τοὺς
663 3953 811 4024 αύτῷ
832 3957 923 4008 καὶ
948 3956 1094 4029 μόνῳ
1115 3960 1405 4026 ἀναθέντας
1428 3961 1525 4034 τὴν
1552 3964 1685 4018 ἰδίαν

121 4038 277 4111 ζωὴν,
308 4043 404 4094 καὶ
432 4043 612 4115 πάσης
642 4046 955 4118 διχοψυχίας
980 4053 1071 4104 καὶ
1104 4056 1373 4127 κοσμικῆς
1395 4056 1683 4129 ἐπιθυμίας

119 4131 275 4202 a’nﬁv
296 4134 779 4204 άλλοτριώσαντας.
804 4140 1033 4207 Τούτους
1052 4142 1114 4215 δὴ
1140 4141 1232 4199 οὖν
1260 4147 1351 4200 καὶ
1374 4149 1430 4201 ὲν
1454 4148 1531 4220 τῷ
1551 4150 1682 4224 οἴκῳ

118 4223 272 4275 αύτοῦ
306 4228 371 4295 τῇ
407 4228 710 4298 ἐπουρανίῳ
739 4230 888 4285 πόλει
916 4235 1241 4299 κατοικίζειν
1264 4223 1676 4307 ἐπαγγέλλεται.

128 4315 383 4383 Ἐξάγων
424 4319 869 4389 πεπεδημένους
912 4324 981 4377 ἐν
1023 4326 1280 4395 ἀνδρείᾳ.
1349 4332 1570 4401 Ὅμοιον
1600 4333 1677 4402 τῷ

116 4407 381 4477 εἰπμένῳ
403 4426 415 4439 ·
458 4410 584 4476 Τοῖς
610 4411 679 4463 ἐν
701 4412 940 4482 δεσμοῖς
962 4455 975 4479 ,
1005 4416 1274 4480 ἐξέλθετε
1293 4438 1306 4451 ο
1336 4421 1431 4474 καὶ
1457 4422 1579 4490 τοῖς
1609 4424 1677 4477 ἐν

1804 3241 1957 3289 rum,
1998 3230 2088 3296 qui
2124 3230 2412 3283 humanum
2443 3234 2704 3288 auxilium
2746 3252 2851 3291 non
2884 3240 3118 3306 habent,
3171 3247 3357 3313 quales

1801 3335 1898 3373 nos
1932 3335 2141 3374 sumus.
2177 3322 2309 3386 Quis
2339 3333 2518 3377 autem
2544 3336 2596 3379 et
2625 3329 2801 3395 qualis
2830 3339 2911 3384 est
2952 3332 3078 3386 hic?

1869 3408 1918 3462 7.
1961 3408 2095 3463 Deus
2123 3412 2176 3464 in
2204 3414 2315 3465 loco
2339 3424 2520 3467 sancto
2548 3432 2662 3470 suo.
2687 3415 2981 3489 Postquam
3001 3423 3139 3476 dixit
3178 3424 3351 3494 ipsum

1794 3502 2083 3556 ascendere
2132 3519 2296 3573 super
2331 3520 2583 3560 occasum
2612 3547 2626 3569 ,
2680 3508 2731 3562 id
2775 3520 2859 3564 est
2893 3528 3065 3582 usque
3094 3517 3158 3569 ad
3191 3526 3351 3573 antra

1795 3588 2034 3644 inferni:
2066 3594 2219 3646 docet
2250 3596 2464 3658 iterum,
2516 3612 2640 3650 enm
2680 3614 2803 3652 cum
2847 3602 2899 3654 in
2947 3605 3113 3659 ccelos
3155 3622 3349 3662 ascen-

1790 3678 1960 3733 disset
2000 3680 2052 3733 in
2095 3684 2332 3751 propriis
2374 3685 2509 3739 locis
2562 3685 2768 3751 fuisse,
2826 3692 3038 3747 etiamsi
3070 3712 3347 3766 nunquam

1790 3770 1859 3825 ab
1890 3771 1995 3825 illis
2026 3785 2264 3827 remotus
2296 3773 2397 3828 fuit
2421 3784 2615 3831 natura
2657 3778 2976 3837 divinitatis.
3020 3784 3156 3841 Deus
3193 3789 3347 3843 inha-

1790 3862 1956 3915 bitare
1983 3861 2113 3930 facit
2136 3864 2289 3916 unius
2316 3866 2476 3918 moris
2506 3865 2559 3918 in
2582 3866 2756 3922 domo.
2801 3868 2965 3925 Unius
2996 3875 3155 3929 moris
3190 3888 3346 3934 vocat

1785 3966 1879 4009 eos
1902 3957 1996 4025 qui
2028 3956 2130 4025 ipsi
2162 3957 2261 4011 soli
2291 3959 2454 4012 vitam
2486 3974 2640 4015 suam
2685 3962 3037 4031 obtulerunt,
3072 3976 3124 4022 et
3149 3986 3343 4039 quam-

1785 4043 1915 4101 libet
1955 4048 2152 4102 mentis
2192 4049 2559 4117 duplicitatem
2602 4061 2658 4106 et
2711 4056 3037 4110 mundanam
3079 4065 3341 4133 concupi-

1782 4139 2042 4195 scentiam
2089 4138 2421 4208 abjecerunt.
2469 4141 2865 4214 Polliccturque
2912 4147 3154 4203 futurum
3199 4162 3256 4206 ut
3300 4155 3337 4209 ii

1780 4230 1834 4283 in
1863 4232 2025 4285 domo
2062 4231 2267 4299 ipsius,
2319 4231 2372 4285 id
2416 4240 2501 4287 est
2534 4231 2587 4286 in
2614 4234 2822 4288 cmlesti
2870 4237 3087 4291 civitate
3118 4239 3336 4295 inhabi-

1778 4328 1909 4377 tent.
1955 4320 2057 4387 Qui
2097 4323 2273 4376 educit
2314 4324 2509 4377 vinctos
2539 4326 2592 4378 in
2645 4326 2986 4394 fortitudine.
3042 4329 3228 4385 Simile
3251 4341 3337 4388 est

1776 4413 1903 4468 huic
1926 4414 2072 4467 dicto
2099 4432 2112 4468 :
2140 4412 2217 4467 lis
2248 4415 2337 4484 qui
2362 4415 2521 4469 vincti
2557 4426 2711 4483 sunt,
2757 4420 2897 4472 exite
2918 4437 2937 4473 :
2966 4430 3015 4473 et
3047 4421 3126 4475 liis
3161 4426 3251 4493 qui
3277 4428 3332 4480 in

112 4494 185 4559 τῷ
214 4497 439 4561 σκότει,
470 4498 947 4570 ἀιεακωιῑύφθητε.
1004 4506 1246 4575 Δεσμοὺς
1272 4507 1328 4559 δὲ
1363 4509 1454 4561 καὶ
1489 4511 1674 4574 σκότος

1792 4504 1994 4556 ‘cnebris
2019 4543 2034 4567 ,
2078 4503 2377 4557 reretamini
2416 4504 2481 4558 ".
2522 4503 2748 4560 Vincula
2786 4518 2964 4563 autem
2994 4519 3048 4565 et
3080 4514 3333 4569 tenebras

112 4586 198 4656 τὴν
230 4586 339 4639 τῶν
373 4587 640 4658 δαιμόνων
686 4591 939 4665 λατρείαν
992 4598 1177 4667 φησίν.
1258 4599 1490 4668 Ὁμοίως
1538 4602 1679 4668 τοὺς

111 4680 681 4747 παραπικραίνοντας
709 4683 849 4751 τοὺς
891 4688 1315 4756 κατοικοῦντας
1342 4690 1413 4743 ἐν
1447 4690 1672 4760 τάφοις.

110 4766 271 4820 Τοῦτό
303 4786 467 4839 φησιν
486 4810 501 4834 ,
555 4771 634 4824 ὅτι
654 4812 668 4836 ,
722 4775 814 4827 καὶ
844 4774 903 4828 ἐν
934 4774 1060 4846 ᾅδου
1099 4779 1377 4850 πορευθεὶς
1396 4824 1409 4848 ,
1444 4782 1537 4834 καὶ
1564 4784 1675 4846 τοῖς

110 4860 217 4911 ἐκεῖ
250 4861 553 4930 πνεύμασιν
581 4864 866 4935 ἐκήρυξεν,
895 4868 1222 4941 ἀπειθήσασί
1253 4889 1398 4925 ποτε.
1438 4873 1509 4925 Τὸ
1541 4873 1668 4945 γὰρ,

109 4955 685 5020 παραπικραίνοντας
709 4994 723 5019 ,
769 4957 889 5011 ἀντὶ
939 4959 1030 5013 τοῦ
1055 4999 1070 5024 ,
1127 4964 1663 5035 παραπικράναντας,

110 5045 360 5098 τέθεικεν.

186 5140 244 5191 '0
273 5142 419 5206 Οεῧς
438 5183 453 5200 ,
502 5142 571 5193 ἐι·
602 5142 678 5207 τῷ
706 5143 1129 5212 ἐκπορεύεσθαὶ
1163 5161 1236 5199 σε
1263 5146 1512 5203 ἐνώπιον
1558 5151 1664 5204 τοῦ

107 5230 250 5283 λαοῦ
282 5249 422 5294 σου,
447 5232 516 5285 ἐν
540 5232 618 5297 τῷ
642 5233 962 5289 διαϐαίνειν
986 5251 1057 5289 σε
1086 5237 1152 5289 ἐν
1179 5236 1251 5308 τῇ
1282 5238 1494 5308 ἐρήμῳ.
1546 5241 1663 5294 Δεί-

1777 4593 2078 4649 dtemonum
2113 4596 2316 4649 cultum
2346 4606 2522 4653 vocat.
2576 4597 2835 4653 Similiter
2874 4616 2959 4655 eos
2985 4604 3075 4669 qui
3114 4619 3333 4675 exaspe-

1776 4695 1929 4751 rant,
1982 4688 2071 4755 qui
2102 4686 2342 4740 habitant
2379 4689 2434 4741 in
2460 4690 2732 4759 sepulcris.
2764 4690 2877 4746 Hoc
2904 4693 2980 4747 ait
3003 4695 3130 4764 quia
3159 4696 3213 4750 in
3241 4696 3328 4752 in-

1772 4773 1984 4829 fernum
2014 4774 2305 4844 profectus,
2340 4778 2622 4846 spiritibus
2655 4778 2777 4835 istic
2816 4784 3160 4839 versantibus
3190 4800 3328 4856 prte-

1771 4868 1968 4923 dicavit
1993 4868 2085 4937 qui
2118 4869 2379 4924 increduli
2420 4870 2549 4923 olim
2578 4869 2810 4927 fuerant.
2850 4874 2981 4928 lllud
3019 4876 3197 4943 enim,
3234 4877 3325 4946 qui

1770 4974 2102 5031 exasperant,
2138 4962 2372 5033 positum
2404 4971 2485 5017 est
2506 4976 2632 5032 pro,
2666 4965 2758 5034 qui
2788 4978 3267 5036 exasperaverunt.

1838 5139 1891 5203 8,
1924 5136 1976 5193 9.
2012 5136 2180 5205 Deus,
2230 5153 2348 5191 cum
2388 5137 2701 5207 egredereris
2745 5141 2799 5194 in
2840 5152 3113 5211 conspectu
3141 5146 3320 5213 populi

1767 5232 1864 5297 tui,
1899 5246 2015 5284 cum
2036 5232 2382 5298 pertransires
2412 5232 2466 5284 in
2496 5230 2719 5288 deserto.
2754 5232 2996 5290 Declarat
3020 5275 3035 5299 ,
3076 5253 3198 5291 eum
3225 5240 3319 5308 qui

106 5337 285 5373 κνυσιν
306 5364 321 5385 ,
370 5325 447 5387 ὡς
470 5325 564 5377 xxi.
590 5326 617 5377 ὁ
653 5324 844 5395 μέχρις
872 5327 994 5397 ᾅδου
1024 5328 1261 5393 καταϐὰς
1280 5370 1293 5391 ,
1326 5331 1486 5395 αὑτός
1514 5332 1660 5385 ἐστιν

1792 5323 1829 5377 .d
1870 5321 2134 5378 infernum
2162 5338 2335 5394 usque
2378 5322 2689 5385 descendit.
2722 5327 2967 5382 eumdem
3002 5328 3171 5398 ipsum
3197 5345 3318 5386 esse

104 5413 130 5461 ὁ
161 5411 251 5465 καὶ
276 5412 441 5465 πάλαι
467 5414 554 5467 διὰ
583 5414 823 5477 Μωσέως
850 5417 1131 5485 ἐξαγαγὼν
1179 5418 1235 5483 ἐξ
1265 5418 1536 5487 Αἰγύπτου
1567 5420 1659 5473 τὸν

1796 5416 1850 5469 ui
1891 5414 2017 5469 olim
2064 5430 2159 5484 per
2199 5414 2399 5469 Mosem
2451 5415 2638 5469 eduxit
2684 5415 2932 5473 lsraelem
2970 5434 3035 5473 ex
3060 5418 3311 5492 Egypto.

117 5502 343 5573 Ἰσραήλ.
379 5503 537 5569 Λέγει
567 5501 679 5566 οὖν,
710 5505 812 5566 ὃτι,
842 5506 898 5557 ἐν
927 5508 1003 5579 τῷ
1030 5508 1453 5587 προπορεύεσθαί
1482 5529 1539 5565 σε
1565 5512 1657 5566 τοῦ

1792 5509 1846 5561 tit
1875 5507 2036 5579 igitur
2065 5526 2079 5562 :
2110 5508 2245 5562 Cum
2276 5508 2533 5578 populum
2575 5516 2724 5563 tuum
2765 5524 2827 5564 es
2854 5509 3087 5582 Egypto
3126 5528 3310 5584 egres-

107 5593 470 5666 ὲξεληλυθότος
488 5612 579 5648 σου
598 5597 657 5663 ἐξ
679 5598 951 5666 Αἰγύπτου
978 5600 1126 5670 λαοῦ,
1145 5601 1215 5671 γῆ
1242 5602 1479 5675 ἐσείσθη,
1508 5622 1659 5658 τουτ-

175 5783 221 5817 ί’
248 5783 348 5840 lsa.
375 5804 521 5855 sus,
558 5786 609 5841 9.

1760 5614 1879 5655 sum
1913 5599 2261 5667 omccderes,
2295 5610 2437 5655 terra
2482 5609 2625 5657 mota
2656 5612 2758 5668 est,
2783 5602 2833 5658 id
2860 5612 2961 5672 est,
2982 5620 3074 5676 per
3094 5620 3308 5662 omnem
