4102 6312
703 371 859 427 ⁴21)ξί

1563 363 1618 417 S.
1660 355 2027 414 ATHANASII
2064 351 2214 411 OPP.
2249 351 2424 409 PARS
2460 351 2545 408 III.
2587 381 2654 392 —
2689 349 3094 406 EXEGETICA.

3865 352 3966 407 296

753 495 949 540 terram
973 480 1204 553 pervasit
1232 478 1375 535 fama
1401 477 1578 534 exitus
1599 492 1809 533 eorum.
1854 473 2017 529 Terra
2040 481 2182 526 mota
2202 481 2300 538 est,

2415 469 2549 522 ἔστιν
2597 470 2678 531 είς
2727 471 2906 523 πᾶσαν
2937 469 3035 539 τὴν
3060 469 3162 539 γῆν
3185 468 3505 532 ἐξάκουστος
3531 469 3564 537 ὴ
3601 468 3780 535 ἔξοδος
3807 469 3964 521 αὐτοῦ

755 576 945 631 etenim
973 574 1087 628 casti
1107 573 1518 628 distillaverunt.
1565 569 1970 624 Distillaverunt
2001 565 2120 620 εωιί
2146 564 2304 632 spiri-

759 666 956 722 tualem
983 679 1162 721 escam
1186 663 1471 725 videlicet,
1514 661 1566 715 id
1595 669 1679 716 est
1708 673 1926 715 manna.
1969 657 2010 708 Α
2051 656 2184 724 facie
2209 654 2305 707 Dei

757 755 932 812 Sinni.
961 755 1016 810 Id
1047 765 1131 811 est
1151 795 1168 822 ,
1217 754 1312 810 Dei
1349 753 1442 824 qui
1476 756 1528 809 in
1566 762 1750 808 monte
1780 751 1910 805 Sina
1939 750 2106 820 legem
2137 747 2300 801 dedit.

757 847 802 901 A
830 848 963 918 facie
993 846 1092 902 Dci
1121 843 1316 901 Israel.
1339 843 1503 900 Israel
1529 853 1613 900 est
1647 857 1801 898 mens
1829 840 1993 895 Deum
2019 840 2229 894 videns.

823 1100 912 1156 10.
950 1099 1194 1155 Pluviam
1239 1098 1589 1153 uoluntariam
1618 1097 1939 1170 segregabis,
1981 1095 2118 1150 Deus
2144 1137 2158 1160 ,
2197 1095 2305 1148 Ita:-

753 1192 970 1246 reditati
997 1202 1123 1245 tute.
1186 1188 1426 1244 Pluviam
1460 1190 1613 1247 dicit.
1659 1188 2024 1259 evangelicum
2057 1187 2302 1248 verbum,

747 1286 901 1354 juxta
931 1284 1093 1339 illud:
1132 1283 1418 1338 Descendct
1444 1283 1578 1334 sicut
1606 1281 1782 1350 pluvia
1816 1281 1867 1333 in
1900 1279 2061 1332 vellus
2092 1279 2156 1330 ".
2207 1275 2303 1329 I'o-

753 1375 1044 1430 luntariam
1070 1384 1247 1429 autem
1273 1413 1287 1438 ,
1326 1373 1393 1427 ad
1426 1372 1716 1426 discrimen
1760 1370 1948 1441 legalis
1979 1370 2177 1423 cultus.
2215 1367 2305 1421 Ille

752 1465 897 1521 enim
929 1480 1035 1519 non
1065 1465 1404 1521 voluntarius
1428 1473 1544 1518 erat
1567 1463 1719 1533 juxta
1762 1461 1864 1516 hoc
1899 1460 2100 1514 dictum
2129 1479 2141 1513 :
2176 1458 2304 1524 Quis

751 1557 889 1612 enim
916 1557 1186 1628 requisivit
1222 1558 1337 1626 ipsa
1373 1556 1435 1610 dc
1465 1557 1704 1609 manibus
1741 1554 1924 1608 vestris
1944 1552 2025 1604 υἷ’
2054 1561 2107 1607 et
2131 1552 2258 1605 illud
2289 1569 2301 1604 :

752 1646 1084 1702 Holocausta
1135 1657 1305 1701 vestra
1354 1663 1453 1699 non
1499 1654 1619 1697 sunt
1671 1654 1907 1713 accepta,
1952 1651 2001 1696 et
2039 1642 2305 1710 sacriﬁcia

750 1749 924 1794 vestra
954 1755 1054 1792 non
1071 1739 1383 1809 placuerunt
1408 1736 1529 1790 mihi
1551 1736 1617 1790 ³³.
1649 1766 1717 1775 -
1740 1734 1803 1788 Et
1833 1735 2098 1804 infirmata
2127 1743 2225 1797 cst,
2248 1743 2303 1786 tu

2403 559 2708 627 γεγένηται.
2803 558 2892 625 Γῆ
2951 557 3228 624 ἐσείσθη·
3293 557 3390 610 καὶ
3447 557 3556 626 γὰρ
3614 560 3667 610 οὶ
3727 559 3965 624 oitparel

2402 646 2684 708 ἕστιιίξαν.
2722 645 2988 712 Ἔσταξαν
3011 647 3059 698 οἱ
3088 645 3303 716 οὐρανοὶ
3323 643 3420 716 τὴν
3451 644 3825 714 πνευματικὴν
3853 661 3968 713 τρο-

2403 737 2508 807 φὴν
2540 737 2778 807 δηλονότι
2801 753 2818 768 ο
2848 737 2996 804 λέγει
3029 736 3085 788 δὲ
3120 737 3212 788 καὶ
3267 737 3327 788 τὸ
3365 734 3557 805 μάννα.
3609 735 3741 788 Ἀπὸ
3788 751 3969 802 προσ-

2401 827 2566 880 ώπου
2590 827 2695 880 τοῦ
2735 827 2880 880 Θεοῦ
2920 825 3027 880 τοῦ
3052 824 3215 880 Σινά.
3263 826 3406 878 ’Λντὶ
3451 824 3543 878 τοῦ
3565 867 3579 889 ,
3614 826 3670 877 ἐν
3699 825 3818 894 ὄρει
3847 826 3968 878 Σινά

2403 918 2492 972 τὸν
2537 917 2700 988 νόμον
2764 918 3064 990 ὁρίσαντος.
3105 917 3248 971 Ἀπὸ
3299 916 3620 983 προσώπου
3671 915 3780 970 τοῦ
3825 916 3966 970 Θεοῦ

2417 1009 2669 1077 Ἰσραήλ.
2723 1009 2936 1081 Ἰσραὴλ
2961 1008 3084 1073 νοῦς
3115 1009 3254 1079 ὁρῶν
3287 1009 3438 1063 636v.

2471 1099 2707 1170 Βροχήν
2729 1101 3016 1155 ἑκουσίαν
3047 1100 3327 1171 ἀφοριεῒς,
3367 1103 3399 1154 ό
3430 1101 3570 1166 Θεὸς
3593 1141 3606 1164 ,
3638 1100 3715 1168 τῆ
3755 1104 3968 1168 κληρο-

2404 1193 2577 1260 νομίᾳ
2604 1205 2740 1246 σου.
2769 1192 2984 1262 Βροχὴν’
3009 1193 3107 1264 μὲν
3135 1195 3223 1246 τὸν
3251 1191 3598 1261 εὖαγγελικὸν
3630 1191 3793 1260 λόγον
3817 1192 3966 1262 φησὶ.

2405 1283 2545 1336 κατὰ
2570 1283 2630 1334 τό
2648 1299 2660 1312 '
2686 1283 3089 1351 Καταϐήσεται
3120 1285 3199 1351 ὠς
3225 1286 3394 1350 ὑετὸς
3413 1285 3508 1337 ἐπὶ
3533 1286 3738 1337 πόκον.
3777 1286 3969 1338 Ἐλιού-

2403 1389 2541 1428 Utor
2577 1376 2633 1428 δὲ
2665 1377 2799 1447 πρὸς
2849 1377 3250 1447 ἁντιδιαστολοξν
3293 1377 3393 1446 τῆς
3423 1377 3652 1447 νομικῆς
3696 1377 3965 1446 λατρείας.

2417 1466 2627 1519 Ἐκεῖνα
2660 1468 2765 1537 γὰρ
2798 1468 2896 1519 οὐκ
2923 1463 2990 1536 ἦν
3042 1467 3188 1538 αὑτῷ
3217 1469 3436 1522 ἑκούσια
3468 1467 3610 1522 κατὰ
3655 1469 3717 1520 τὸ
3750 1470 3972 1540 εἰρημέ-

2403 1575 2526 1612 νον’
2585 1559 2680 1624 Τίς
2728 1558 2835 1628 γὰρ
2884 1558 3238 1628 ἑξεζόξτησεν
3279 1559 3429 1613 αὐτὰ
3478 1562 3545 1613 ἐκ
3592 1559 3710 1612 τῶν
3761 1559 3972 1629 χειρῶν

2403 1647 2607 1716 ὑμῶνι
2647 1648 2741 1701 καὶ
2765 1649 2861 1701 τό·
2921 1652 2997 1702 Τὰ
3047 1649 3503 1718 ὁλοκαυτώματιὶ
3546 1666 3660 1704 σου
3715 1654 3825 1703 οὐχ
3856 1651 3968 1702 εἰσὶ

2403 1736 2599 1798 dicunt,
2619 1737 2715 1790 καὶ
2746 1741 2805 1790 αἱ
2835 1739 3036 1792 θυσίαι
3068 1739 3232 1809 ὑμῶν
3264 1745 3374 1810 οὐχ
3406 1740 3637 1808 ἦδυνιὶν
3657 1744 3968 1810 μοι.--Κιιὶ

751 1848 870 1886 vero
919 1832 1185 1902 perfecisti
1236 1848 1374 1886 eam.
1436 1829 1745 1892 Inﬁrmata,
1800 1826 1994 1897 inquit,
2043 1836 2126 1880 est
2177 1827 2304 1879 olim

2415 1828 2728 1896 ἠσθένησε,
2755 1829 2836 1882 σὺ
2866 1831 2933 1882 δὲ
2956 1833 3282 1899 κατηρτίσω
3308 1833 3514 1901 αὑτήν.
3554 1834 3848 1902 Ἢσοένησε
3878 1834 3974 1902 μὲν

752 1939 876 1979 cum
921 1925 1062 1979 idola
1105 1925 1320 1979 coleret.
1343 1921 1623 1977 Perlecisti
1664 1935 1828 1991 porro
1849 1935 1992 1987 eam,
2020 1935 2114 1990 per
2140 1935 2308 1974 evan-

752 2014 982 2082 gelicum
1015 2014 1238 2066 verbum
1279 2012 1519 2067 vocando
1543 2013 1735 2080 ipsam.

825 2106 914 2159 ll.
946 2103 1215 2158 Animalia
1245 2113 1333 2160 tua
1361 2103 1669 2157 habitabant
1703 2103 1756 2154 in
1784 2118 1865 2154 ea.
1917 2099 2182 2153 Animalia
2223 2099 2311 2154 hic

752 2204 912 2250 vocat
942 2211 1035 2251 eos
1059 2196 1150 2265 qui
1178 2195 1444 2249 viviticam
1476 2207 1655 2249 escam
1705 2193 2079 2260 degustarunt.
2122 2188 2188 2242 In
2224 2207 2307 2253 ca,

757 2287 810 2340 in
841 2303 970 2357 qua,
1007 2288 1111 2342 nisi
1143 2287 1198 2340 in
1226 2286 1540 2340 hmreditate
1573 2283 1780 2350 ipsius?
1811 2284 2031 2336 Parasti
2060 2283 2114 2334 in
2134 2280 2310 2334 dulce-

753 2378 874 2432 dine
904 2387 993 2430 tua
1021 2379 1260 2446 pauperi,
1300 2375 1457 2431 Dens.
1492 2376 1693 2445 Ecquid
1736 2374 1981 2444 paravit,
2033 2371 2134 2426 nisi
2173 2371 2308 2441 quod

756 2468 936 2520 oculus
965 2483 1063 2520 non
1093 2467 1243 2530 vidit,
1274 2484 1362 2522 nec
1399 2471 1542 2521 auris
1572 2465 1872 2520 audivit“?
1922 2463 2053 2529 Quis
2086 2478 2308 2531 pauper,

755 2557 862 2613 nisi
890 2558 955 2616 de
993 2574 1101 2628 quo
1136 2560 1310 2614 dixit:
1344 2557 1493 2611 Beati
1530 2572 1779 2626 pauperes
1808 2554 1996 2625 spiritu
2019 2595 2033 2621 ,
2064 2555 2307 2624 quoniam

755 2653 986 2721 ipsorum
1013 2661 1090 2706 est
1117 2667 1326 2721 regnum
1353 2650 1594 2704 caelorum
1620 2650 1662 2679 ’³
1686 2648 1709 2700 ?

828 2835 915 2889 I2.
961 2835 1214 2889 Dominus
1242 2835 1386 2888 dabit
1437 2835 1641 2888 eet-bunt
1670 2830 2144 2901 erangclizuntibus
2208 2829 2309 2881 t'ir-

2409 1920 2610 1984 πάλαι,
2653 1922 2741 1974 ὅτε
2790 1920 3192 1993 εἰδωλολάτρει·
3235 1924 3542 1992 κατηρτίσω
3570 1925 3624 1976 δὲ
3656 1927 3854 1996 αὐτὴν,
3888 1925 3976 1977 διὰ

2406 2007 2500 2061 τοῦ
2530 2008 2879 2077 εὐαγγελικοῦ
2912 2009 3145 2073 καλέσας
3178 2012 3548 2083 κηρύγματος.

2484 2099 2558 2154 Τὰ
2586 2098 2695 2158 ζῶά
2720 2116 2835 2154 σου
2866 2102 3245 2155 κατοικοῦσιν
3271 2104 3340 2156 ἐν
3369 2102 3540 2175 αὐτῇ.
3584 2105 3705 2158 Ζῶα
3735 2107 3975 2160 ἐνταῦθά

2408 2206 2538 2259 φησι
2570 2189 2694 2254 τοὺς
2724 2189 2825 2259 τῆς
2868 2190 3128 2254 ζωοποιοῦ
3160 2194 3362 2264 τροφῆς
3390 2193 3797 2266 μετειληφότας.
3876 2200 3976 2250 Ἐν

2406 2281 2560 2350 αὐτῇ
2585 2281 2662 2344 δὲ,
2717 2282 2880 2352 τίνιῆ
2917 2285 2983 2353 τῇ
3017 2282 3346 2355 κληρονομίᾳ
3382 2284 3577 2347 autcf»;
3617 2285 3968 2355 Ἰιτιςίμασας

2406 2373 2476 2426 ἐν
2500 2371 2574 2439 τῇ
2599 2373 2961 2441 χρηστότητι
2993 2389 3107 2426 σου
3133 2373 3212 2436 τῷ
3244 2375 3472 2443 πτωχῷ,
3507 2378 3539 2427 ό
3570 2376 3732 2439 Θεός.
3791 2378 3902 2429 Καὶ
3927 2379 3975 2429 τί

2409 2463 2699 2532 ἡτοίμασεν
2759 2462 2792 2531 ἢ
2832 2461 2870 2514 (ἲ
2904 2463 3209 2532 ὀφθαλμὸς
3241 2468 3349 2518 οὐκ
3406 2462 3526 2518 εἶδε
3575 2467 3671 2519 καί
3705 2461 3818 2532 οὗς
3865 2471 3975 2520 οὐκ

2408 2551 2516 2619 ﬁxe
2527 2567 2668 2611 vce;
2698 2551 2792 2616 Τίς
2819 2551 2876 2606 δὲ
2897 2553 2925 2606 ὁ
2947 2551 3159 2623 πτωχὸς
3186 2553 3220 2626 ἢ
3249 2555 3376 2626 περὶ
3427 2548 3501 2609 ὧν
3526 2555 3711 2627 εἴρηκε
3732 2595 3748 2620 ,
3773 2557 3977 2610 Μαχά-

2401 2660 2520 2710 ριοι
2551 2647 2605 2697 οὶ
2632 2643 2851 2712 πτωχοὶ
2885 2641 2966 2708 τῷ
3011 2646 3298 2714 πνεύματι
3319 2685 3333 2710 ,
3389 2647 3478 2699 ὅτι
3507 2647 3702 2701 αὐτῶν
3731 2649 3770 2716 ἡ
3799 2650 3979 2712 ,Βασι-

2407 2735 2540 2789 λειά
2565 2733 2682 2786 τῶν
2709 2733 2978 2803 οὐρανῶν
2996 2750 3015 2798 ;

2480 2827 2693 2893 Κύριος
2722 2824 2900 2879 δώσει
2931 2826 3096 2895 ῥῆμα
3126 2826 3248 2894 τοῖς
3296 2830 3843 2902 εὺιιγγελιζεμέγοις
3875 2831 3979 2886 δι’·

759 2935 866 2980 tute
895 2927 1080 2979 multa.
1112 2925 1250 2996 Ipse,
1281 2925 1476 2993 inquit,
1508 2922 1710 2975 sanctis
1744 2920 2002 2989 apostolis
2025 2919 2138 2973 suis
2166 2918 2310 2972 dabit

2415 2915 2578 2986 νάμει
2606 2916 2823 2986 πολλῇ.
2872 2917 3042 2989 Αὐτὸς
3062 2960 3077 2986 ,
3119 2919 3251 2990 φησὶ
3275 2958 3290 2983 ,
3321 2923 3429 2984 τοῖς
3459 2921 3633 2990 ἁγίοις
3660 2923 3980 2987 ἀποστόλοις

757 3019 990 3083 verbum,
1031 3027 1090 3071 ut
1118 3016 1323 3085 possint
1351 3011 1702 3081 Evangelium
1753 3011 2063 3080 praedicare.
2124 3008 2312 3062 Simile

2415 3005 2572 3058 αὑτοῦ
2594 3005 2768 3059 δώσει
2795 3006 2979 3076 ῥῆμα,
3008 3011 3085 3069 εἰς
3109 3010 3168 3063 τὸ
3193 3009 3446 3064 δύνασθαι
3470 3010 3700 3084 κηρύξαι
3721 3014 3783 3067 τὸ
3803 3015 3983 3084 Εὐαγ-

758 3119 940 3162 autem
974 3119 1057 3162 est
1088 3107 1219 3161 illud
1250 3123 1264 3159 :
1301 3104 1477 3158 Nolite
1519 3103 1750 3173 cogitare
1779 3102 2036 3173 quomodo
2070 3111 2159 3154 aut
2187 3100 2309 3170 quid

2415 3096 2609 3201 γέλιον.
2644 3098 2862 3168 Ὅμοιον
2889 3099 2944 3153 δὲ
2967 3102 3026 3153 τό
3045 3119 3057 3131 ο
3105 3101 3198 3169 Μὴ
3227 3103 3631 3172 μεριμνήσητε
3662 3108 3720 3158 τί
3749 3107 3981 3174 εἴπητε,

759 3200 1048 3268 loquamini
1075 3213 1094 3252 :
1122 3199 1336 3252 dabitur
1363 3199 1500 3251 enim
1526 3200 1666 3251 vobis
1696 3199 1752 3249 in
1785 3195 1882 3250 illa
1911 3196 2041 3248 liora
2073 3193 2197 3264 quid
2229 3193 2310 3245 lo-

2415 3186 2450 3253 ἣ
2475 3189 2530 3241 τί
2561 3188 2869 3258 λαλήσητε
2889 3209 2902 3221 ο
2937 3191 3254 3258 δοθήσεται
3275 3194 3385 3262 γὰρ
3412 3196 3552 3264 ὑμῖν
3581 3199 3650 3250 ἐν
3678 3200 3880 3269 ἐκείνῃ
3909 3200 3983 3269 τῇ

760 3290 1013 3359 quamini.
1047 3286 1169 3342 Non
1193 3288 1327 3342 enim
1355 3303 1440 3341 eos
1472 3286 1597 3341 estis
1627 3287 1713 3355 qui
1745 3285 2040 3354 loquimini,
2076 3285 2164 3337 sed
2196 3282 2313 3354 Spi-

2415 3277 2532 3350 ὦρςι
2556 3283 2611 3334 τί
2643 3283 2864 3350 εἴπητε.
2896 3284 3001 3337 Kal
3031 3285 3142 3353 οὐχ
3177 3284 3347 3352 ὑμεῖς
3378 3286 3516 3339 ἐστε
3543 3291 3596 3341 οὶ
3627 3291 3983 3357 λαλοῦντες,

761 3382 897 3436 ritus
925 3380 1104 3434 Patris
1130 3381 1232 3433 mei
1264 3381 1351 3449 qui
1381 3379 1612 3450 loquitur
1651 3379 1704 3431 in
1729 3379 1868 3431 vobis
1887 3377 1951 3431 ²⁶.
2006 3377 2137 3431 Illud
2160 3418 2173 3441 τ
2211 3379 2313 3430 rir-

2415 3373 2572 3424 ιὶλλὰ
2600 3371 2666 3425 τὸ
2696 3373 2936 3442 Πνεῦμα
2982 3373 3086 3428 τοῦ
3119 3377 3347 3444 Πατρός
3373 3395 3490 3445 μου
3531 3377 3597 3430 τὸ
3635 3381 3871 3434 λαλοῦν
3917 3383 3986 3435 ἐν

763 3481 870 3527 tute
897 3472 1063 3524 multa
1085 3514 1098 3535 ,
1152 3470 1383 3526 refertur
1408 3470 1475 3524 ad
1517 3471 1630 3525 haec
1660 3469 1820 3523 verba
1840 3509 1856 3535 ,
1888 3468 2142 3521 Dominus
2170 3469 2313 3521 dabit

2416 3459 2573 3528 ὑμῖν.
2615 3461 2719 3524 Τὸ,
2753 3461 2997 3524 δυνάμει
3025 3464 3248 3534 πολλῇ,
3274 3467 3408 3538 πρὸς
3433 3467 3515 3532 τὸ,
3547 3468 3760 3537 Κύριος
3808 3469 3988 3524 δώσει

761 3563 971 3617 verbum
993 3603 1008 3627 ,
1054 3577 1160 3615 non
1186 3570 1364 3615 autem
1391 3561 1457 3616 ad
1493 3560 1659 3625 illud,
1711 3559 2182 3629 evangelizantibus
2209 3601 2223 3624 ,
2260 3567 2313 3613 ut

2415 3549 2593 3619 ῥῆμα,
2628 3552 2688 3603 οὐ
2719 3552 2852 3621 πρὸς
2876 3553 2956 3618 τὸ,
2998 3557 3557 3628 εὐαγγελιζομένοις,
3590 3559 3665 3624 ὣς
3695 3578 3841 3626 τινες
3866 3565 3985 3616 ἐνό-

762 3655 980 3725 quidam
1010 3653 1364 3708 aestimarunt.
1419 3652 1698 3723 Signiﬁcat
1725 3653 1866 3708 enim
1887 3693 1902 3718 ,
1947 3652 2092 3723 quod
2125 3667 2317 3722 magna

764 3746 961 3800 virtute
989 3741 1132 3798 Deus
1156 3743 1377 3798 verbum
1422 3742 1647 3798 daturus
1693 3741 1764 3796 sit
1805 3741 2316 3812 evangelizantibus,

765 3836 819 3891 id
850 3844 964 3899 est,
1015 3834 1082 3890 iis
1129 3834 1223 3905 qui
1261 3833 1530 3888 voluerint
1562 3833 1704 3888 bona
1747 3840 1931 3888 nostra
1977 3832 2318 3895 annuntiare,

766 3927 883 3996 ipse
913 3939 1217 3981 sermonem
1245 3925 1444 3994 praebet
1462 3962 1478 3987 ,
1518 3925 1613 3993 qui
1645 3923 2048 3992 evangelizandi
2076 3924 2319 3976 occasio-

766 4033 891 4074 nem
919 4017 1086 4073 dedit.

838 4107 924 4164 15.
967 4106 1077 4162 Rex
1100 4106 1350 4161 virtutum
1395 4103 1594 4160 dilecti.
1659 4103 1774 4174 Ipse.
1820 4104 2025 4159 scilicet
2060 4102 2322 4158 Dominus

769 4199 862 4270 qui
889 4198 1037 4255 dedit
1059 4198 1278 4254 verbum
1311 4198 1648 4251 initiantibus
1675 4215 1688 4250 :
1722 4196 1837 4266 ipse
1865 4210 2098 4264 namque
2118 4204 2202 4250 est
2227 4209 2320 4248 rex

771 4290 953 4346 dilecti
1001 4289 1224 4359 populi:
1267 4289 1380 4358 ipse
1418 4289 1545 4342 item
1577 4297 1662 4341 est
1707 4287 1879 4340 virtus
1921 4285 2057 4353 ejus.
2123 4283 2323 4352 Speciei

772 4381 957 4436 domus
990 4379 1218 4434 dividere
1248 4378 1436 4447 spolia.
1463 4378 1666 4432 Domus
1698 4385 1826 4432 sunt
1849 4391 1943 4447 qui
1967 4377 2020 4430 in
2043 4375 2320 4430 Christum

2421 3660 2602 3713 μισαν.
2626 3643 2880 3697 Βούλεται
2913 3645 3020 3716 γὰρ
3047 3647 3239 3711 εἰπεῖν,
3269 3648 3350 3700 ὅτι
3376 3649 3510 3719 μετὰ
3544 3651 3817 3722 πολλῆς-ὁ
3852 3653 3989 3716 Θεὸς

2417 3735 2515 3812 τῆς
2550 3735 2730 3805 ἰσχύος
2758 3734 2916 3789 δώσει
2945 3737 3093 3806 ῥῆμα
3121 3739 3231 3802 τοῖς
3263 3738 3791 3811 εὐαγγελιζομένοις,
3827 3760 3987 3797 τουτ-

2419 3824 2556 3888 έστι,
2589 3824 2683 3877 τοῦ
2713 3825 3046 3895 διαγγέλλειν
3072 3827 3138 3881 τὰ
3155 3827 3393 3900 ἡμέτερα
3415 3829 3595 3900 ἀγαθὰ
3614 3831 3985 3905 βουλομένοις,

2419 3914 2579 3978 αὐτὸς
2601 3915 2828 3986 παρέχει
2849 3916 2941 3969 τὸν
2961 3917 3134 3986 λόγον,
3153 3921 3180 3973 ό
3202 3920 3294 3974 καὶ
3321 3920 3417 3992 τὴν
3438 3921 3688 3995 ἀφορμὴν
3708 3925 3803 3979 τοῦ
3827 3926 3990 3996 εὐαγ-

2419 4005 2757 4073 γελίσασοαι.

2500 4098 2563 4150 '0
2584 4097 2882 4164 ,βασιλεὺς
2905 4098 3021 4153 τῶν
3039 4100 3347 4170 δυνάμεων
3371 4102 3476 4156 τοῦ
3502 4105 3832 4172 ἀγαπητοῦ.
3878 4108 3989 4160 Αὑ-

2420 4189 2508 4253 τὸς
2539 4190 2743 4261 Κύριος
2771 4193 2798 4243 ὁ
2827 4191 3000 4254 διδοὺς
3034 4192 3182 4263 ῥῆμα
3218 4195 3328 4256 τοῖς
3364 4199 3772 4264 μυσταγωγοῖς·
3825 4199 3989 4263 αὐτὸς

2422 4281 2527 4352 γάρ
2574 4283 2718 4335 ἐστιν
2745 4283 2773 4335 ὁ
2807 4282 3056 4352 βασιλεὺς
3084 4283 3176 4337 τοῦ
3203 4286 3487 4356 ἀγαπητοῦ
3515 4287 3644 4340 λαοῦ
3666 4304 3682 4318 ·
3735 4289 3899 4353 αὐτὸς
3931 4290 3990 4344 δέ

2423 4375 2536 4427 ἐστι
2553 4373 2764 4446 πάλινή
2791 4373 3017 4445 δύναμις
3037 4375 3220 4429 αὐτοῦ.
3257 4377 3334 4445 Τῇ
3355 4379 3658 4446 ὼραιότητι
3686 4380 3791 4432 τοῦ
3817 4381 3988 4436 οἷκον

772 4473 1114 4529 crediderunt
1143 4491 1156 4526 :
1191 4471 1397 4541 species
1421 4477 1600 4524 autem
1638 4469 1832 4524 domus
1851 4507 1867 4533 ,
1899 4467 2070 4522 sancti
2094 4467 2213 4537 ejus
2240 4465 2313 4519 di-

2423 4464 2723 4520 διελέσοαι
2768 4467 2988 4522 σκύλα.
3035 4463 3198 4530 Οἶκος
3247 4468 3344 4537 μὲν
3383 4470 3432 4521 οἱ
3471 4468 3858 4535 πιστεύσαντες
3909 4475 3992 4535 εἰς

774 4563 965 4634 scipuli
995 4571 1049 4618 et
1077 4562 1325 4632 apostoli.
1363 4561 1453 4615 Ait
1485 4558 1668 4630 igitur,
1701 4575 1827 4614 cum
1854 4557 2202 4630 evangelistis
2226 4557 2324 4612 da-

775 4665 955 4708 turum
981 4669 1101 4709 esse
1138 4652 1360 4707 verbum
1381 4690 1396 4714 ,
1449 4659 1511 4706 ut
1545 4651 1784 4705 dividant
1810 4650 1982 4720 spolia
2007 4687 2020 4712 ,
2073 4649 2126 4703 id
2152 4656 2237 4703 est
2268 4655 2326 4702 ut

776 4745 992 4801 trahant
1015 4753 1199 4813 gentes
1227 4743 1293 4799 ad
1322 4743 1498 4807 Iidem,
1539 4749 1592 4796 ct
1615 4741 1911 4812 cxspolient
1935 4741 2212 4795 Satanam.

850 5013 935 5066 14.
977 5011 1036 5067 Si
1060 5010 1330 5065 dormiatis
1368 5013 1500 5064 inter
1536 5013 1733 5064 medios
1763 5010 1948 5064 cleros.
2000 5011 2078 5064 Ad
2111 5021 2328 5067 sanctos

2421 4558 2680 4628 Χριστόνο
2726 4558 2991 4630 ὼραιότης
3024 4557 3080 4611 δὲ
3106 4557 3201 4611 τοῦ
3235 4559 3380 4612 οἴκου
3410 4563 3458 4613 οἱ
3492 4559 3634 4629 ἅγιοι
3667 4563 3833 4616 αὑτοῦ
3887 4581 3995 4632 μα-

2423 4648 2582 4720 θηταὶ
2608 4651 2702 4704 καὶ
2724 4651 3029 4704 ἀπόστολοι.
3057 4650 3217 4721 Λέγει
3245 4647 3356 4715 οὖν,
3377 4653 3458 4706 ὅτι
3481 4656 3546 4725 τῇ
3575 4655 3867 4727 ὡραιότητι
3892 4657 3994 4710 τοῦ

2424 4739 2573 4792 οἴκου
2596 4780 2611 4806 ,
2661 4741 2903 4794 τουτέστι
2931 4744 3042 4806 τοῖς
3073 4743 3501 4810 εὑαγγελισταῖς,
3527 4745 3688 4808 αὐτὸς
3709 4745 3867 4799 δώσει
3895 4748 3998 4818 ῥῆ-

2433 4848 2535 4902 μα,
2573 4832 2700 4903 πρὸς
2732 4832 2791 4885 τὸ
2840 4833 3104 4888 διελέσθαι
3137 4834 3306 4888 σκύλα
3327 4875 3340 4900 ,
3374 4837 3649 4890 τουτέστιν
3677 4837 3895 4892 ἐλκῦσαι
3924 4841 3996 4892 τὰ

2428 4923 2553 4992 ἔθνη
2580 4927 2645 4994 τῇ
2675 4924 2874 4990 πίστει,
2904 4927 2995 4980 καὶ
3025 4925 3313 4982 σκυλεῦσαι
3343 4929 3434 4982 τὸν
3465 4930 3729 4985 Σατανᾶν.

2511 5015 2652 5069 Ἐὰν
2681 5017 2999 5086 κοιμηθῆτε
3023 5019 3137 5073 ἀνὰ
3163 5020 3356 5090 μέσον
3384 5020 3502 5073 τῶν
3524 5020 3779 5088 κλήρων.
3850 5022 4000 5092 Πρὸς

781 5105 1052 5175 apostolos
1077 5117 1256 5158 sermo
1282 5102 1410 5157 reret
1425 5113 1530 5158 tur.
1580 5102 1671 5168 Si,
1701 5102 1909 5172 inquit,
1941 5116 2041 5156 vos
2064 5103 2313 5172 accipiam

2427 5106 2552 5170 τοὺς
2579 5107 2763 5175 ἁγίους
2783 5109 3106 5173 ἀποστόλους
3135 5113 3163 5164 ὁ
3186 5111 3360 5180 λόγος.
3390 5110 3532 5176 Ἐὰν,
3564 5113 3718 5184 φησί,
3738 5113 4004 5176 δέξωνται

781 5193 932 5250 cleri.
961 5191 1146 5248 Cleros
1170 5202 1348 5249 autem
1371 5203 1524 5247 vocat
1548 5208 1642 5248 eos
1683 5193 1776 5262 qui
1811 5209 1877 5247 ex
1904 5192 2117 5249 duobus
2154 5209 2328 5263 popu-

784 5287 852 5342 lis
871 5283 1143 5343 credidere
1168 5302 1181 5337 :
1213 5285 1259 5339 si
1293 5286 1344 5339 in
1383 5284 1516 5354 ipsis
1545 5284 1784 5354 requiem
1814 5283 2056 5339 habeatis
2077 5325 2090 5349 ,
2116 5285 2328 5338 dabun-

787 5386 874 5430 tur
899 5377 976 5432 eis
996 5390 1174 5444 penna:
1204 5375 1476 5441 columbas,
1509 5375 1656 5444 cujus
1677 5375 1969 5444 posteriora
2005 5376 2148 5428 dorsi
2175 5375 2333 5428 deau-

789 5476 907 5520 rata
937 5478 1108 5521 erunt.
1141 5465 1228 5520 Ait
1265 5475 1438 5520 autem
1479 5467 1740 5537 Spiritum
1783 5476 2033 5521 sanctum
2084 5475 2334 5536 acceptu-

789 5573 880 5615 ros
900 5571 1018 5613 esse
1043 5558 1132 5629 qui
1158 5556 1428 5628 apostolos
1453 5555 1773 5627 receperint.
1822 5556 2150 5627 Μετάφρενα
2186 5571 2331 5623 vero,

858 5744 900 5775 ἰ
933 5739 1240 5804 I’sal.t.xxt,
1285 5741 1336 5797 6.
1395 5744 1438 5774 ³³
1467 5741 1573 5796 lsa.
1614 5755 1653 5804 ι,
1683 5741 1770 5795 12.
1840 5741 1884 5771 υ
1911 5739 2108 5796 Jerem.
2147 5757 2220 5807 vr,
2262 5741 2352 5816 20.

2430 5198 2572 5267 ὑμᾶς
2601 5199 2650 5251 οἱ
2682 5200 2891 5270 κλῆροι.
2950 5201 3198 5273 Κλήρους
3237 5202 3292 5254 δὲ
3321 5202 3446 5264 τοὺς
3491 5203 3552 5256 ἐκ
3588 5203 3699 5255 τῶν
3729 5203 3824 5256 δύο
3852 5203 4005 5257 λαῶν

2431 5288 2817 5353 πιστεύσαντας
2847 5289 2969 5361 ἔφη.
3008 5291 3130 5344 Ἐὰν
3163 5287 3276 5356 οὖν,
3309 5294 3489 5363 φησὶν,
3522 5292 3910 5362 ἀναπαύσησθε
3947 5297 4007 5348 ἐν

2431 5381 2629 5442 αὐτοις,
2663 5379 2970 5450 δοθήσονται
2997 5383 3175 5445 αὐτοῖς
3216 5381 3501 5453 πτέρυγες
3528 5384 3904 5453 περιστερᾶς,
3936 5386 4011 5438 τὰ

2425 5467 2756 5540 μετάφρενα
2790 5470 3050 5538 ἑκούσης
3094 5473 3668 5542 περικεχρυσωμένα.
3724 5476 4009 5551 Λέγειρὲ,

2431 5559 2503 5622 ὡς
2521 5560 2658 5613 ΙΙνεύ
2667 5577 2831 5632 ματος
2853 5563 3003 5630 ἁγίου
3029 5561 3411 5635 ἀξιωθήσονται
3437 5567 3483 5617 οἱ
3507 5568 3631 5631 τοὺς
3655 5569 3849 5636 ἁγίους
3874 5571 4015 5622 dato-

2453 5742 2530 5796 “I
2556 5742 2679 5799 Cor.
2713 5761 2768 5805 ll.
2801 5741 2853 5800 9.
2923 5749 2968 5779 ’³
3003 5747 3184 5804 Matth.
3220 5766 3271 5814 ν,
3300 5750 3350 5804 5.
3423 5750 3467 5782 ’⁸
3496 5750 3682 5806 Mazth.
3721 5753 4018 5811 x.19.20.
