4086 6308
151 349 247 401 297
1217 345 1574 401 EXPOSITIO
1614 345 1676 398 IN
1718 343 2046 399 PSALMUM
2091 343 2291 396 LXVII.

3283 342 3388 396 298

154 463 364 526 στόλους
417 462 720 533 δεξάμενοι.
779 466 1102 537 Μετάφρενα
1141 467 1196 518 δὲ
1249 467 1343 536 τῆς
1394 469 1718 536 περιστερᾶς

1821 467 1953 530 sive,
2010 467 2305 534 posteriora
2359 463 2508 518 dorsi
2564 464 2870 530 columbae,
2926 465 3182 519 deaurata
3232 466 3384 527 dicit.

151 555 539 622 κεχρυσωμένα
561 555 712 623 φησὶ,
741 554 873 606 διότι
907 555 1092 623 τιμίας
1115 556 1232 624 ἦτοι
1267 555 1433 622 σοφὰς
1462 554 1558 618 τὰς
1593 556 1721 625 φρέ-

149 662 237 706 νας
269 645 376 695 τῶν
407 643 714 715 δεξαμένων
743 649 903 699 ποιεῖ.

228 737 330 789 Ἐν
365 735 443 800 τῷ
472 737 854 790 διαστέλλειν
888 738 993 790 τὸν
1041 738 1398 808 ἐπουράνιον
1441 741 1722 806 βασιλεῖς

147 826 234 877 ἐπ’
264 827 477 895 αὐτῆς.
539 829 783 892 Βασιλεῖς
815 829 914 899 μὲν
943 830 1067 892 τοὺς
1098 829 1367 900 ἄρξαντας
1393 832 1722 895 ἀποστόλους

146 917 239 986 τῆς
291 918 658 989 κληρονομίας
699 920 861 973 αὑτοῦ
915 937 1064 990 φησι.
1118 922 1595 989 Χιονωθήσονται
1641 924 1720 985 δὲ,

149 1008 264 1059 ἀντὶ
289 1008 404 1070 τοῦ,
423 1010 979 1081 ἀποκαθαροήσονται.
1023 1013 1121 1065 Ἐν
1141 1012 1384 1080 Σελμὼι·
1411 1013 1485 1076 δὲ,
1513 1016 1570 1066 ἐν
1596 1015 1721 1066 ἀντ-

149 1102 416 1167 αποδόσει,
477 1103 854 1173 ἑρμηνεύεται.
907 1104 1067 1170 Λέγει
1097 1101 1208 1166 οὖν,
1246 1105 1325 1156 ὃτι
1361 1106 1410 1156 oi
1439 1106 1720 1176 δεξάμενοι

149 1201 264 1262 τοὺς
296 1201 487 1267 ἁγίους
532 1201 859 1263 ἀποστόλους
904 1199 1000 1261 τὰς
1054 1199 1204 1268 παρὰ
1253 1200 1347 1252 τοῦ
1403 1201 1720 1271 ἐπουρανίου

150 1293 406 1361 βασιλέως
432 1295 846 1356 ἀνταποδόσεις,
884 1295 1000 1364 ἦτοι
1043 1293 1277 1363 ἀμοιϐἀς
1299 1334 1313 1357 ,
1359 1292 1594 1358 δέξονται
1626 1294 1721 1363 τῆς

149 1386 431 1456 ὑποδοχῆς,
468 1386 555 1436 τὸν
589 1385 868 1456 καθαρμὸν
898 1385 1006 1438 τῶν
1033 1386 1333 1458 ἁμαρτιῶν.

213 1478 393 1543 Ὄρος
435 1476 540 1529 τοῦ
576 1477 723 1530 Θεοῦ
758 1477 896 1544 ὄρος
929 1478 1084 1530 πῖον.
1126 1480 1286 1548 Ὄρος
1324 1478 1420 1548 μὲν
1451 1477 1550 1550 τὴν
1597 1478 1719 1530 Ἐκ-

149 1567 368 1637 κλησίαν
393 1568 679 1638 ὀνομάζει,
715 1573 831 1622 πῖον
869 1571 924 1622 δέ
947 1611 960 1631 ,
988 1573 1068 1623 ὅτι
1111 1571 1402 1641 εὐτραφεῖς
1433 1573 1524 1624 καὶ
1552 1571 1715 1624 λιπα-

148 1660 239 1727 ράς
263 1659 374 1711 τῶν
403 1662 462 1711 ἐν
488 1661 621 1730 αὐτῇ
651 1661 746 1720 τὰς
771 1661 946 1730 ψυχὰς
976 1662 1369 1734 ἀπεργάζεται.
1424 1665 1599 1730 Ὄρος
1625 1680 1714 1715 τε-

147 1751 508 1820 τιιοωμένοη
547 1753 679 1820 ὄρος
707 1752 877 1806 πῖον*
910 1753 1008 1806 ἵνα
1047 1756 1104 1807 τί
1134 1755 1581 1823 ὑπολαμϐάνετε
1613 1756 1715 1823 ὅρη

1825 558 1951 624 quia
1983 556 2246 625 pretiosas
2285 565 2340 609 et
2385 557 2654 625 sapientes
2681 555 2880 624 φρένας
2919 571 3014 611 seu
3057 567 3265 611 mentes
3293 573 3379 609 eo-

1827 663 1946 701 rum
1978 647 2070 716 qui
2098 648 2404 715 acceperint
2446 647 2705 702 elﬁciunt.

1887 740 1972 794 15.
2013 740 2149 792 Dum
2180 742 2423 793 discernit
2451 742 2668 793 cwlestis
2706 754 2843 807 reges
2877 754 3030 807 super
3050 755 3188 791 eam.
3219 737 3389 807 Reges

1822 843 1979 888 vocat
2016 833 2291 901 apostolos
2351 834 2649 886 haereditati
2693 848 2807 887 sua:
2858 833 3202 900 imperantes.
3259 830 3390 884 Nive

1823 925 2225 988 dealbabuntur,
2264 928 2417 995 quasi
2452 927 2595 980 dicat
2627 925 3004 995 purgabuntur
3035 944 3047 979 :
3083 924 3146 978 In
3177 923 3385 978 Selmon

1825 1019 2205 1086 interpretutur
2232 1021 2284 1070 in
2319 1019 2678 1070 retributione.
2700 1017 2791 1069 Ait
2823 1016 2984 1086 igitur
3007 1031 3101 1070 eos
3135 1017 3227 1084 qui
3265 1032 3388 1070 san-

1823 1120 1939 1163 ctos
1970 1112 2245 1178 apostolos
2272 1111 2591 1179 receperint,
2634 1125 2665 1163 a
2690 1109 2897 1162 caelesti
2931 1125 3053 1179 rege
3076 1109 3386 1164 retributio-

1825 1215 1941 1263 nes,
1972 1200 2085 1254 sive
2132 1201 2351 1268 praemia
2395 1212 2732 1270 accepturos,
2776 1202 2983 1256 scilict't
3017 1202 3385 1270 purgationem

1824 1306 2189 1361 peccatorum.

1895 1474 1979 1528 l6.
2021 1476 2168 1529 Mons
2204 1475 2328 1540 Dei,
2363 1493 2508 1528 mons
2555 1478 2788 1546 pinguis.
2824 1475 3057 1530 Montem
3103 1486 3259 1530 vocat
3287 1473 3384 1529 Ec-

1822 1567 2038 1620 clesia-ni
2062 1586 2073 1620 :
2107 1568 2359 1638 pinguem
2380 1567 2531 1631 dicit,
2565 1568 2694 1635 quia
2717 1568 2942 1637 pingues
2962 1579 3011 1619 et
3035 1568 3244 1635 opimas
3267 1568 3387 1620 resl-

1822 1657 1901 1712 dit
1938 1658 2148 1711 animas
2181 1674 2301 1727 quae
2341 1659 2391 1711 in
2442 1660 2529 1712 illa
2572 1659 2791 1728 degunt.
2843 1658 2995 1711 Mons
3043 1660 3381 1728 coagulatus.

1825 1765 1971 1803 mons
2027 1751 2255 1819 pinguis,
2286 1751 2470 1820 utquid
2517 1753 2852 1821 suspicamini
2900 1761 3094 1804 montes
3141 1753 3380 1821 coagula-

145 1843 541 1912 τετυρωμένα;
606 1846 714 1897 Καὶ
764 1845 867 1916 μὴν
919 1847 1011 1899 καὶ
1040 1848 1716 1917 τετυρωμένον,τουτέστι

1821 1845 1940 1894 tos?
1967 1842 2345 1911 Coagulatum,
2373 1851 2457 1895 est
2501 1843 2638 1896 lacte
2667 1844 2904 1912 plenum,
2933 1843 3265 1911 simpliciore
3306 1859 3381 1894 νι-

147 1936 406 2001 γὰλακτος
458 1937 652 2005 μεστὸν
672 1977 685 1997 ,
716 1936 1082 2008 ἀπλουστέρου
1112 1938 1310 2008 δηλαδὴ
1342 1938 1496 2005 λόγου
1517 1980 1530 2002 ,
1573 1939 1714 1992 κατὰ

145 2028 225 2077 τό·
259 2024 432 2079 Γάλα
455 2025 610 2093 ὑμᾶς
647 2027 925 2086 ἐπότισα,
957 2028 1027 2078 οὐ
1050 2025 1280 2095 βρῶμα.
1341 2027 1596 2098 Ἐπιτιμᾷ
1625 2023 1716 2080 οὖν

144 2121 245 2178 τοῖς
276 2116 377 2179 τὰς
416 2116 526 2169 τῶν
577 2117 863 2185 αἱρετικὼν
920 2117 1212 2187 ἐκκλησίας
1248 2118 1717 2187 ὑπολαμϐάνουσιν

144 2205 274 2262 εἶναι
305 2209 712 2278 τετυρωμὲνας.
764 2208 926 2262 Οὐδὲν
959 2209 1068 2278 γὰρ
1093 2210 1150 2260 ἐν
1182 2211 1369 2271 αὑταῖς
1401 2211 1459 2262 τὸ
1483 2210 1716 2278 δυναμε-

145 2315 225 2349 νον
255 2297 474 2368 τρέφειν
502 2300 581 2361 είς
603 2297 712 2362 ’ἐξιν
735 2300 1129 2370 πνευματικήν.
1165 2300 1280 2352 Ἵνα
1308 2301 1357 2350 τί
1383 2301 1558 2351 τοίνυν
1588 2301 1720 2351 ὑπο-

145 2387 463 2458 λαμϐάνετε,
485 2381 531 2440 ὦ
562 2383 728 2453 οὗτοι,
758 2390 920 2459 ἕτερα
943 2389 1040 2459 ὅρη
1072 2385 1209 2441 εἶναι
1237 2388 1340 2453 ἔξω
1363 2389 1458 2456 τῆς
1492 2387 1716 2457 Ἐκκλη-

147 2480 255 2543 σίας
277 2480 649 2550 τετυρωμένα,
676 2483 770 2533 καὶ
795 2480 869 2551 μὴ
898 2481 1094 2550 μᾶλλον
1123 2478 1277 2531 τοῦτο
1303 2480 1462 2548 μόνον
1485 2479 1546 2532 τὸ
1572 2480 1715 2549 ὄρος,

144 2573 207 2622 ὲν
251 2566 299 2638 ᾧ
352 2576 384 2625 ὀ
422 2571 569 2636 Θεὸς
618 2571 963 2639 ηὐδόκησεν
998 2569 1354 2638 κατοικῆσαι
1402 2571 1472 2624 ἐν
1524 2570 1720 2635 αὐτῷ;

150 2664 258 2716 Ὀτι
283 2664 392 2734 γὰρ
430 2667 486 2717 ἐν
513 2668 579 2735 τῇ
626 2663 921 2733 Ἐκκλησία
954 2665 1214 2726 κατοικεῖ,
1251 2663 1407 2732 δῆλον
1435 2664 1492 2729 ἐξ
1521 2655 1596 2716 ὧν
1622 2663 1719 2715 αὺ-

145 2757 228 2819 so;
263 2756 369 2825 ἔφη
389 2773 403 2786 ·
430 2749 569 2809 Ὧδε
597 2754 934 2820 κατοικήσω
956 2795 969 2818 ,
1000 2754 1088 2806 ὅτι
1121 2753 1484 2822 ᾑρετισάμην
1507 2753 1717 2818 αὑτήν.

216 2849 283 2902 Τὸ
311 2848 467 2917 ἅρμα
491 2847 596 2901 τοῦ
630 2848 778 2900 Θεοῦ
805 2846 1252 2915 μυριοπλὰσιον
1276 2885 1289 2907 ,
1323 2844 1586 2913 χιλιάδες
1624 2847 1720 2897 εὐ-

147 2942 503 3008 θηνούντων.
577 2940 766 3010 Ἀρμα
805 2937 898 2990 τοῦ
925 2937 1059 2990 Θεοῦ
1087 2937 1184 3000 τάς
1231 2938 1580 3007 ἐπουρανίους
1625 2935 1716 2988 καὶ

145 3032 332 3103 νοητὰς
354 3031 610 3102 δυνάμεις
634 3032 820 3101 φησὶν,
851 3027 938 3093 αἷς
964 3032 1281 3101 ἐποχεῖταιὸ
1307 3028 1457 3092 Θεός.
1493 3029 1714 3098 Ὅμοιον

145 3126 195 3178 δὲ
214 3126 289 3196 τῷ
310 3126 614 3196 εἰρημένῳ·
645 3126 840 3178 Χίλιαι
863 3123 1128 3192 χιλιάδες
1157 3123 1578 3191 ἐλειτούργουν
1611 3123 1714 3173 αὺ-

1819 1932 2015 1986 delicet
2053 1946 2325 1995 sermone,
2350 1930 2505 1999 juxta
2550 1932 2680 1985 illud
2712 1951 2725 1986 :
2756 1930 2914 1984 Lacte
2939 1947 3024 1983 vos
3056 1931 3254 1996 potavi,
3286 1945 3386 1982 non

1819 2025 1930 2078 cibo
1953 2025 2018 2078 ³⁷.
2045 2024 2305 2093 Obiurgat
2344 2024 2524 2092 itaque
2553 2038 2648 2077 eos
2685 2025 2778 2093 qui
2814 2025 3192 2078 haereticorum
3221 2023 3387 2078 eccle-

1821 2120 1930 2171 sias
1953 2117 2266 2186 coagulatas
2296 2131 2414 2170 esse
2440 2114 2808 2184 suspicantur.
2838 2113 2981 2167 Nihil
3009 2115 3207 2184 quippe
3248 2117 3390 2168 inest

1819 2211 1898 2261 eis
1937 2209 2081 2277 quod
2131 2209 2273 2262 alere
2321 2209 2493 2276 possit
2523 2208 2588 2260 ad
2636 2206 2970 2274 spiritualem
3017 2207 3204 2259 vitam.
3244 2204 3389 2258 ﬂens

1823 2314 1936 2360 vus,
1957 2298 2086 2366 quid
2118 2298 2471 2366 suspicamini
2494 2298 2630 2351 alios
2657 2307 2810 2350 extra
2843 2296 3140 2352 Ecclesiam
3175 2308 3389 2352 montes

1820 2405 1941 2444 esse
1964 2390 2299 2459 coagulatos,
2333 2400 2385 2443 et
2419 2403 2523 2442 non
2557 2389 2735 2459 potius
2759 2399 2997 2442 montem
3033 2390 3182 2444 illum
3209 2389 3382 2444 solum

1823 2480 2134 2548 suspicitis,
2174 2482 2227 2534 in
2265 2496 2365 2549 quo
2411 2480 2788 2549 beneplucitum
2821 2488 2896 2531 est
2935 2478 3041 2531 Deo
3070 2480 3306 2533 habitare
3335 2481 3391 2531 in

1822 2574 1918 2625 eo?
1944 2573 2095 2637 Quod
2114 2573 2256 2625 enim
2281 2574 2332 2624 in
2361 2572 2596 2626 Ecclesia
2623 2571 2845 2635 habitet,
2879 2570 3049 2638 palam
3080 2580 3242 2624 estex
3270 2567 3389 2637 ejus

1825 2663 2003 2716 verbis
2030 2681 2042 2715 ι
2074 2662 2176 2715 llic
2208 2663 2456 2714 habiJabo
2484 2663 2729 2730 quoniam
2761 2664 2890 2732 elegi
2920 2679 3034 2714 eam
3060 2663 3124 2715 ’⁸.

1902 2845 1987 2910 13,
2018 2845 2100 2899 l9.
2127 2843 2327 2899 Currus
2359 2845 2451 2899 Dei
2477 2845 2649 2898 decem
2681 2844 2909 2897 millibus
2939 2844 3234 2912 multiplex,
3265 2845 3388 2896 mil-

1819 2938 1894 2990 lia
1937 2938 2253 3000 laitanlium,
2284 2948 2386 2994 etc.
2425 2937 2658 2991 Currum
2697 2937 2789 2991 Dei
2836 2945 2992 2990 vocat
3037 2937 3288 2990 caelestes
3318 2953 3382 2988 ac

1821 3031 2128 3098 spirituales
2155 3033 2399 3095 virtutes,
2436 3031 2634 3099 quibus
2663 3031 2875 3083 vehitur
2901 3028 3061 3083 Deus.
3089 3028 3276 3081 Simile
3299 3039 3382 3082 est

1823 3123 1896 3177 illi
1928 3141 1940 3176 :
1978 3122 2152 3175 Millia
2179 3123 2404 3174 millium
2436 3119 2806 3172 ministrabant
2831 3123 2898 3181 ei,
2928 3131 2975 3173 et
3008 3124 3173 3174 decies
3197 3120 3384 3173 millies

145 3215 244 3280 τῷ,
295 3219 392 3271 καὶ
435 3219 640 3287 μύριαι
666 3215 952 3286 μυριάδες
997 3214 1504 3283 παρειστήκεισαν
1533 3211 1713 3276 αὐτῷ.

1821 3219 1954 3271 dena
1985 3219 2155 3271 millia
2207 3219 2523 3270 assistebant
2556 3218 2602 3269 ei
2631 3217 2696 3268 ".
2739 3216 2800 3268 lii
2837 3228 2963 3271 sunt
3004 3219 3092 3286 qui
3139 3219 3389 3271 laetantur

147 3304 294 3362 Οἷστοι
324 3308 380 3361 δέ
406 3309 511 3361 eiet
546 3309 637 3361 καὶ
664 3307 1034 3378 εὑθηνοῦντες,
1065 3307 1160 3359 ἆτε
1188 3304 1590 3375 ἀπηλλαγμένοι
1618 3306 1715 3374 τῆς

146 3402 431 3471 ἁμαρτίας.
487 3402 542 3454 '0
585 3391 642 3452 ἓν
668 3400 839 3468 τούτῳ
867 3394 960 3451 οὖν
1001 3397 1078 3467 τῷ
1113 3397 1319 3468 ἅρματι
1354 3396 1717 3467 ἐποχούμενος

147 3490 246 3541 τῶν
281 3490 558 3560 μυριάδων
596 3489 756 3551 αὐτός
800 3490 944 3540 ἐστιν
977 3490 1004 3541 ὁ
1048 3489 1281 3558 Κύριος,
1327 3491 1355 3540 6
1405 3489 1498 3540 καὶ
1552 3489 1610 3539 ἐν
1639 3485 1716 3556 τῷ

149 3582 269 3652 Σινᾷ
296 3581 376 3651 τῷ
400 3580 541 3651 ἁγίῳ
574 3581 688 3651 ὄρει
720 3579 812 3632 τὸν
837 3581 1000 3651 νόμον
1027 3580 1170 3644 δούς.
1223 3580 1393 3643 Αὐτὸς
1420 3580 1474 3631 δὲ
1503 3579 1662 3632 πάλιν
1690 3582 1718 3632 ὁ

147 3675 217 3735 εἰς
243 3673 376 3743 ὕψος
402 3672 631 3735 ἀναϐὰς,
655 3672 800 3740 λέγει
829 3672 885 3724 δὲ
912 3671 973 3724 τὸ
995 3671 1088 3725 τοῦ
1116 3671 1369 3741 σταυροῦ,
1399 3671 1493 3722 καὶ
1517 3672 1716 3740 αἰχμα-

147 3768 412 3830 ιωτεύσας
436 3765 828 3836 αἰχμαλωσίαν,
860 3764 1104 3816 τουτέστι
1132 3764 1228 3826 τὰς
1259 3763 1708 3832 αἰχμαλωτισθεῖ-

147 3872 236 3920 ea;
290 3855 471 3926 ψυχὰς
526 3853 679 3922 παρά
723 3853 814 3905 τοῦ
866 3852 1111 3905 διαϐόλου
1143 3851 1713 3921 ἀνταιχμαλωτεύσας.

147 3947 308 3998 Τοῦτο
328 3949 436 4016 γάρ
457 3945 619 4007 αὐτὸς
648 3944 1010 4015 ἐπηγγέλλετο
1033 3943 1205 4010 λέγων
1232 3960 1245 3974 ο
1275 3945 1389 3997 ”Οτ“
1420 3943 1485 3997 ἂν
1517 3942 1717 4012 ὑψωθῶ

146 4039 201 4089 ὲκ
233 4038 331 4108 τῆς
361 4037 489 4107 γῆς,
519 4040 726 4098 πάντας
750 4036 959 4088 ἑλκύσω
991 4035 1127 4106 πρὸς
1160 4035 1416 4104 ἐμαυτόν.
1471 4035 1718 4100 Ἔλαϐες

145 4127 362 4198 δόματα
383 4129 453 4182 ὲν
473 4129 821 4195 ἀνθρώποις.
858 4129 967 4181 Καὶ
997 4125 1145 4198 παρά
1168 4127 1308 4190 τίνος
1332 4126 1489 4180 ἔλαϐε
1512 4126 1718 4196 δόματα

143 4221 439 4291 ἀνθρώπων
466 4221 498 4290 ἢ
533 4220 684 4290 παρά
705 4220 798 4272 τοῦ
829 4219 1037 4290 [ἰατρὸς
1071 4218 1163 4271 τοῦ
1197 4220 1477 4290 εἰρηκότος
1497 4234 1511 4246 ·
1546 4218 1718 4283 Αἴτη-

143 4323 239 4361 σαι
262 4308 398 4377 παρ’
428 4307 576 4377 ἐμοῦ
597 4346 614 4372 ,
642 4307 737 4360 καὶ
764 4306 934 4360 δώσω
971 4321 1067 4361 σοι
1101 4307 1243 4376 ἔθνη
1273 4308 1386 4376 τὴν
1423 4312 1714 4376 κληρονο-

141 4403 276 4468 μίαν
308 4419 430 4456 σου
452 4417 472 4465 ;

207 4496 312 4549 Καὶ
344 4496 457 4562 γὰρ
488 4494 883 4559 ἀπειθοῦντας
929 4492 1034 4546 τοῦ
1080 4490 1562 4558 κατωκηνῶσαι.
1608 4485 1698 4544 Οὗ-
1750 4525 1790 4577 D

145 4603 244 4648 τοι,
273 4587 442 4657 φησὶν
461 4626 478 4649 ,
515 4588 564 4639 oi
602 4585 907 4656 ἄνθρωποι,
936 4585 1028 4647 οὓς
1055 4584 1244 4648 ἔλαϐες
1267 4585 1474 4654 δόματα
1497 4623 1511 4645 ,
1549 4582 1713 4635 πάλαι

144 4676 270 4749 ἦσαν
289 4677 664 4741 ἀπειθοῦντες.
702 4677 860 4730 Ἀλλά
887 4678 980 4731 καὶ
1007 4678 1237 4742 τούτοις,
1268 4678 1419 4746 φησὶ,
1450 4677 1717 4745 κατεσκή-

145 4784 330 4829 νωσας.
371 4768 530 4820 Ἐστι
563 4767 619 4820 δὲ
658 4766 723 4819 δι’
758 4765 1068 4836 ὑπερϐατοῦ
1104 4769 1136 4836 ἡ
1171 4765 1397 4819 διάνοια.
1462 4766 1715 4830 Ἐλαεες

142 4854 359 4926 δόματα
399 4859 474 4912 ἐν·
500 4858 858 4931 ἀνθρώποις,
897 4858 1037 4912 ὥστε
1074 4857 1493 4929 κατασκηνῶσαι
1530 4860 1587 4909 ἐν
1617 4859 1715 4911 αὑ-

144 4953 262 5013 τοῖς,
289 4951 536 5021 δηλονότι
569 4955 679 5015 τοῖς
705 4950 1019 5021 διδομένοις.
1055 4951 1216 5004 Αὐτοὶ
1247 4949 1304 5002 δέ
1326 4941 1494 5012 οὗτοι,
1529 4950 1712 5020 φησὶν.

145 5040 228 5105 οὒς
256 5040 447 5104 ἔλαϐες
467 5080 482 5104 ,
520 5041 684 5095 πάλαι
720 5037 856 5112 ἦσαν
880 5041 1142 5104 ἀπειθεῖς.
1172 5040 1337 5111 Δῆλον
1362 5038 1448 5102 δὲ,
1475 5039 1554 5091 ὅτι
1578 5080 1592 5104 ,
1626 5040 1714 5091 ὅτε

145 5135 202 5202 τῇ
228 5133 403 5186 κτίσει
439 5132 591 5202 παρά
620 5132 712 5184 τὸν
747 5131 1006 5184 κτίσαντα
1030 5129 1339 5202 ἐλάτρευον.

207 5311 416 5378 Κύριος
445 5313 481 5365 ό
535 5309 680 5374 Θεὸς
727 5308 1056 5379 εὐλογητὸς
1081 5347 1095 5371 ,
1129 5307 1455 5377 εὐλογητὸς
1502 5308 1716 5376 Κύριος

148 5401 362 5469 ἡμέραν
399 5403 530 5456 καθ’
563 5401 815 5470 ἡμέραν.
888 5401 1011 5454 Ἐπὶ
1065 5399 1286 5470 μεγαλῳ
1332 5396 1716 5467 κατορθώματι

148 5490 303 5559 ὕμνον
333 5493 651 5561 ἀναπέμπει
686 5491 776 5561 τῷ
811 5492 928 5562 Θεῷ
950 5532 964 5554 ,
1004 5495 1034 5544 ὀ
1065 5492 1226 5563 χορὸς
1256 5492 1313 5546 δὲ
1341 5490 1580 5561 δηλονότι
1609 5489 1717 5542 τῶν

148 5583 447 5637 ἀποστόλων
515 5582 926 5638 Κατευοδώσει
957 5583 1102 5650 ἡμῖν
1132 5586 1165 5637 d
1205 5582 1348 5650 Θεὸς
1377 5583 1496 5634 τῶν
1525 5594 1717 5651 σωτη-

212 5703 251 5729 ”
277 5701 292 5754 l
322 5701 451 5756 Cor.
490 5718 570 5762 ut.
604 5699 658 5752 2.
727 5700 773 5730 ’⁸
805 5699 950 5755 Psal.
971 5715 1156 5764 cum,
1185 5700 1270 5756 ιι.

154 5769 190 5800 ³³
217 5771 369 5827 nam.
407 5788 444 5835 l,
471 5773 564 5826 25.

581 5866 854 5921 Parnm.
889 5860 1003 5923 Gn.
1037 5862 1294 5922 XXV”.

1353 5702 1394 5734 "
1427 5699 1558 5754 Dan.
1596 5716 1686 5766 vn,
1734 5699 1819 5756 10.

1817 3319 2000 3379 utpote
2032 3325 2060 3364 a
2093 3322 2315 3380 peccato
2347 3309 2584 3363 liberati.
2610 3308 2710 3373 Qui
2744 3311 2843 3362 hoc
2869 3309 3130 3362 denorum
3159 3310 3385 3362 millium

1818 3417 1982 3456 curru
2009 3403 2245 3468 vehitur,
2285 3401 2549 3456 Dominus
2577 3411 2679 3467 est,
2706 3401 2798 3470 qui
2827 3409 2880 3454 et
2907 3401 2958 3454 in
2989 3410 3170 3456 monte
3199 3411 3388 3454 sancto

1821 3497 1972 3551 Sinai
2011 3497 2179 3568 legem
2227 3497 2397 3550 dedit.
2441 3497 2494 3550 ls
2536 3495 2652 3565 ipse
2686 3495 2811 3548 item
2857 3505 2938 3548 est
2976 3494 3067 3564 qui
3103 3496 3155 3547 in
3197 3495 3384 3558 altum,

1821 3589 1934 3643 sive
1963 3590 2013 3641 in
2053 3603 2267 3642 crucem
2303 3587 2634 3649 ascendens,
2669 3587 2935 3653 captivam
2974 3585 3127 3638 duxit
3162 3587 3387 3654 captivi-

1820 3691 1984 3735 tatem
2013 3682 2079 3745 ³ο,
2116 3680 2168 3732 id
2209 3688 2293 3733 est
2335 3682 2546 3733 animas
2599 3694 2628 3732 a
2656 3678 2871 3732 diabolo
2919 3680 2970 3732 in
3019 3679 3384 3747 captivitatem

1820 3773 2008 3828 ductas
2036 3773 2149 3842 ipsc
2183 3773 2376 3826 iterum
2421 3771 2582 3840 cepit.
2609 3769 2662 3823 Id
2689 3771 2848 3825 enim-
2867 3770 2982 3839 ipse
3014 3772 3282 3839 pollicitus
3305 3782 3387 3825 est

1819 3867 2036 3935 quando
2080 3863 2217 3916 dixit
2248 3882 2261 3917 ι
2297 3861 2428 3915 Cum
2471 3863 2734 3915 exaltatus
2773 3862 2921 3930 fuero
2951 3879 2982 3914 a
3015 3871 3174 3925 terra,
3203 3864 3384 3915 omnia

1821 3951 2028 4003 traham
2055 3949 2122 4002 ad
2154 3951 2403 4018 meipsum
2430 3951 2493 4002 ³¹.
2520 3951 2780 4019 Accepisti
2809 3952 2947 4003 dona
2982 3952 3035 4003 in
3069 3953 3383 4006 hominibus.

1817 4043 1861 4095 Δ
1888 4057 2125 4109 quonam
2164 4042 2369 4108 accepit
2403 4042 2542 4094 dona
2580 4043 2893 4095 hominibus
2941 4044 3244 4111 praebenda,
3276 4045 3383 4098 nisi

1817 4149 1846 4186 a
1874 4131 2030 4186 Patre
2059 4134 2150 4203 qui
2183 4133 2317 4187 dixit
2341 4133 2389 4164 "
2417 4152 2428 4186 :
2461 4133 2683 4187 Postulo
2703 4151 2732 4186 a
2761 4151 2838 4186 nte
2866 4145 2915 4186 et
2934 4137 3066 4188 dabo
3096 4138 3190 4191 tibi
3211 4149 3384 4192 actura

1818 4225 2174 4279 ha'reditatent
2212 4235 2353 4278 tuam
2381 4227 2404 4279 ."

1891 4479 1983 4534 το.
2017 4479 2222 4532 Etenim
2268 4496 2369 4532 non
2413 4481 2675 4533 credentes
2718 4482 3029 4537 inhabitare.
3066 4482 3151 4551 lli,
3188 4484 3384 4556 inquit,

1822 4573 2089 4637 homines,
2136 4587 2273 4640 quos
2316 4572 2573 4640 accepisti
2613 4573 2664 4625 in
2696 4572 2860 4635 dona,
2905 4576 3033 4629 olim
3072 4586 3227 4631 erant
3271 4595 3378 4633 non

1817 4665 2116 4717 credentes.
2139 4662 2243 4716 Sed
2273 4662 2325 4716 in
2352 4663 2477 4729 illis,
2500 4665 2593 4730 ait,
2613 4665 2948 4720 inhabitasti.
2976 4668 3130 4734 Quod
3163 4686 3256 4740 per
3287 4671 3385 4740 hy—

1819 4756 2096 4825 perbaton,
2117 4755 2230 4810 sive
2259 4757 2746 4826 transgressionem
2769 4758 3055 4812 verborum
3085 4760 3387 4827 intelligen-

1819 4849 1969 4902 dum.
2010 4847 2260 4915 Accepisti
2294 4848 2434 4899 dona
2476 4847 2532 4898 in
2573 4846 2891 4913 hominibus,
2921 4849 2990 4902 ita
3027 4859 3086 4902 ut
3116 4850 3385 4905 inltabites

1820 4940 1874 4994 in
1901 4941 2002 5003 eis,
2027 4938 2273 4992 videlicet
2319 4937 2369 4990 in
2401 4937 2482 4992 eis
2513 4939 2605 5007 qui
2633 4937 2747 4993 dati
2788 4951 2934 4993 sunt.
2971 4941 3008 4994 li
3050 4951 3228 4996 autem
3261 4944 3384 5013 ipsi,

1821 5031 1915 5094 ait,
1947 5045 2086 5100 quos
2134 5029 2412 5099 accepisti,
2444 5031 2574 5084 olim
2611 5047 2717 5084 non
2760 5033 3040 5088 credentes
3067 5047 3220 5089 erant
3246 5053 3260 5090 :
3291 5051 3386 5105 pa-

1822 5124 1928 5176 lam
1962 5131 2140 5176 autem
2171 5133 2253 5177 est
2294 5121 2346 5175 id
2383 5132 2494 5176 tum
2534 5125 2796 5187 evenisse,
2832 5125 3049 5193 quando
3080 5135 3383 5182 creaturam

1823 5215 2001 5283 potius
2028 5229 2190 5282 quam
2219 5212 2529 5267 Creatorem
2561 5215 2806 5268 colebant
2829 5215 2891 5268 ³³.

1903 5306 2152 5358 Dominus
2191 5306 2325 5357 Deus
2354 5305 2671 5371 benedictus,
2709 5307 3004 5362 benedictus
3030 5307 3276 5364 Dominus
3302 5312 3386 5365 die

1823 5399 2074 5470 quotidie.
2119 5397 2201 5452 Ob
2239 5413 2351 5451 rem
2397 5400 2653 5469 prteclare
2690 5411 2896 5469 gestam
2927 5404 3183 5472 hymnum
3232 5404 3389 5459 olfert

1827 5492 1934 5546 Deo
1959 5490 2179 5555 chorus,
2213 5499 2271 5542 ut
2305 5491 2480 5558 palam
2508 5500 2610 5553 est,
2639 5494 3029 5560 apostolorum.
3068 5493 3387 5564 Prosperum

1824 5584 1924 5635 iter
1977 5582 2133 5650 faciet
2178 5580 2324 5634 nobis
2382 5582 2517 5635 Deus
2551 5583 2872 5636 salutarium
2917 5597 3233 5640 nostrorum.
3284 5587 3389 5649 Tu,

1897 5701 1938 5732 ⁸⁰
1964 5697 2160 5770 Ephcs.
2198 5714 2267 5761 tv,
2299 5698 2350 5751 8.
2439 5699 2478 5729 ³³
2510 5696 2666 5753 Joan.
2697 5716 2811 5766 xm,
2842 5701 2928 5754 δὲ.
3013 5701 3057 5733 ³⁸
3085 5700 3223 5754 Psal.
3251 5716 3307 5763 ιι,
3334 5699 3385 5756 8.

3039 5865 3108 5924 10
