4086 6308
120 303 211 359 301

113 516 210 568 ότι.
260 515 356 567 Ἐν
379 515 546 584 μέσῳ
571 520 859 573 νεανίδων
881 523 1376 591 τυμπανιστριῶν.
1418 525 1676 587 Νεάνιδάς

113 622 241 672 φησι
263 607 363 669 τὰς
390 607 474 661 διὰ
495 610 589 663 τοῦ
613 610 766 679 ἁγίου
789 611 923 664 Πνεύ
933 631 1098 683 ματος
1131 615 1355 684 ἰσχυρὰς
1382 617 1676 686 γενομένας

111 697 214 748 τῶν
259 700 666 753 πιστευσάντων
715 702 924 771 ψυχὰς,
971 703 1067 766 τὰς
1113 708 1564 772 κατακτυπούσας
1599 708 1676 778 τῷ

111 791 450 860 εὐαγγελικῷ
479 792 790 862 κηρύγματι
814 794 908 864 τὴν
933 796 1022 848 ὑπ’
1045 796 1288 866 οὐρανόν.
1322 794 1420 850 ’Ὧν
1446 801 1503 851 ὲν
1528 800 1675 870 μέσῳ

110 881 398 947 γεγόνασιν
432 885 480 936 οἱ
511 885 653 952 ἅγιοι
686 887 969 939 ἀπόστολοι
991 929 1006 951 ,
1045 887 1279 959 δηλονότι
1301 890 1398 960 τῆς
1424 889 1675 964 λατρείας

109 971 447 1040 ὲξάρχοντες.

184 1061 288 1113 Ἔν
318 1061 670 1129 ἐκκλησίαις
710 1063 1010 1133 εὐλογεῖτε
1044 1066 1150 1120 τὸν
1183 1069 1332 1122 Θεὸν
1362 1072 1578 1138 Κύριον
1603 1072 1671 1125 ἐκ

108 1148 310 1218 πηγῶν
348 1151 604 1218 Ἰσραήλ.
657 1155 833 1225 Πηγαὶ
867 1156 964 1226 μὲν
987 1157 1080 1210 τοῦ
1123 1160 1336 1231 Ἰσραὴλ
1360 1157 1468 1215 εἷεν
1516 1159 1581 1216 ἂν
1621 1165 1669 1215 οἱ

111 1239 369 1311 μακάριοι
388 1243 675 1312 προφῆται,
693 1245 786 1298 καὶ
806 1246 910 1316 πρό
932 1264 995 1314 γε
1017 1247 1217 1301 τούτων
1242 1253 1268 1303 ὁ
1298 1253 1477 1322 νόμος.
1507 1253 1669 1321 Λέγει

107 1327 211 1393 οὖν,
240 1331 318 1394 ὡς
349 1333 564 1387 ἄλλοθεν
583 1336 641 1388 ού
665 1335 937 1406 προσῆκεν
962 1340 1089 1408 ἡμῖν
1117 1340 1206 1392 τὸν
1232 1341 1363 1394 Θεὸν
1393 1343 1425 1415 ἢ
1459 1345 1523 1397 ὲκ
1549 1344 1671 1398 τού-

107 1439 208 1474 των
257 1421 438 1474 αὐτῶν
490 1425 820 1495 ἀρυομένους
855 1426 1185 1498 ὑμνολογείν.
1246 1431 1416 1484 Τοῦτο
1447 1433 1502 1486 δέ
1538 1451 1668 1504 φησι

105 1513 188 1564 διὰ
217 1513 286 1564 τὰ
317 1514 599 1585 ὲτερὸδοξα
625 1516 735 1568 τῶν
767 1519 1055 1587 αἱρετικῶν
1091 1524 1510 1594 συγγράμματα.
1576 1527 1668 1578 Ἐκ

106 1604 208 1673 γὶρ
231 1605 343 1656 τῶν
385 1606 618 1675 νομικῶν
653 1609 742 1660 καὶ
785 1610 1131 1679 προφητικῶν
1163 1613 1391 1683 Γραφῶν
1415 1617 1443 1667 ὁ
1470 1615 1667 1686 Κύριος

106 1696 400 1762 εὐλογεῖται
449 1697 580 1767 πρὸς
627 1697 732 1750 τῶν
772 1699 1080 1769 δυναμένων
1122 1703 1330 1757 ἀντλεῖν
1382 1705 1441 1769 ἐξ
1488 1707 1665 1760 αὐτῶν
1757 1700 1890 1784 ’τδηε
1921 1730 2132 1791 saluus,

1137 314 1498 378 EXPOSlTlO
1537 325 1603 379 ΙΝ
1642 325 1966 390 PSALMUM
2007 338 2208 400 LXVII.

118 440 245 490 ματι
269 423 364 476 καὶ
397 423 620 497 ἀληθεία
652 426 922 498 λατρείας,
956 429 1054 500 τῆς
1083 432 1441 502 εὐαγγελικῆς
1492 433 1676 504 δηλον-
1707 442 1752 496 Α
1778 467 1830 510 ει
1853 459 2077 515 veritate
2096 461 2139 493 is

3238 336 3343 393 302

2147 503 2161 525 ,
2207 464 2256 516 id
2277 475 2361 519 est
2390 467 2773 529 evangelicam.
2801 469 2866 524 In
2897 473 3063 527 medio
3085 490 3338 544 Iuvencu-

1775 551 1949 602 larum
1974 556 2480 620 tympanistriarum.
2499 557 2825 616 Juvcuculas
2842 563 2972 618 dicit
2999 566 3331 619 credentium

1774 640 2004 704 animas,
2047 658 2167 710 qua:
2210 659 2303 712 per
2346 643 2604 714 Spiritum
2658 659 2905 704 sanctum
2943 654 3106 710 l'ortes
3137 655 3336 710 effectae

1774 740 1920 794 sunt,
1950 749 2070 802 quae
2095 749 2230 788 sono
2260 739 2582 807 evangelicae
2609 741 3007 809 przedieationis
3041 746 3225 799 orbem
3259 762 3335 798 re-

1773 823 2070 891 pleverunt.
2108 825 2162 880 ln
2200 843 2431 896 quarum
2473 832 2652 885 medio
2696 830 2848 886 fuere
2883 836 3054 888 sancti
3085 837 3330 903 apostoli,

1775 921 1959 982 utpote
1988 915 2322 972 atlorationis
2352 919 2646 990 principes.

1848 1091 1936 1147 9.7.
1971 1090 2036 1144 In
2060 1094 2287 1149 ecclesiis
2319 1096 2598 1151 benedicite
2625 1097 2730 1152 Deo
2761 1099 2978 1156 Domino
3007 1104 3070 1156 de
3099 1103 3329 1172 fontibus

1773 1181 1960 1238 Israel.
1987 1184 2185 1240 Fontes
2217 1187 2378 1241 Israel
2404 1187 2605 1243 fuerint
2634 1191 2773 1243 beati
2807 1197 3099 1263 prophetat,
3125 1205 3176 1248 et
3207 1205 3330 1249 ante

1770 1273 1863 1330 eos
1897 1276 2002 1329 lex.
2044 1277 2178 1330 Dicit
2208 1277 2390 1348 igitur,
2427 1296 2769 1349 nequaquam
2812 1299 2908 1351 par
2943 1301 3062 1338 esse
3101 1289 3328 1355 hymnus

1769 1365 1986 1418 aliunde
2017 1381 2176 1434 quam
2221 1382 2285 1420 ex
2321 1367 2387 1421 iis
2417 1369 2639 1422 haustos
2690 1370 2883 1424 ollerre
2911 1371 3042 1427 Deo.
3085 1372 3197 1428 line
3226 1389 3324 1427 au-

1771 1467 1878 1512 tem
1925 1459 1998 1510 ait
2047 1469 2262 1528 propter
2311 1461 2637 1516 belerodoxa
2689 1465 3066 1518 ltmt‘eticnrum
3103 1468 3322 1537 scripta.

1769 1545 1842 1600 Ex
1879 1547 2139 1617 legalibus
2177 1551 2372 1619 quippe
2419 1553 2856 1622 propheticisque
2887 1555 3185 1623 Seripturis
3221 1558 3325 1610 Do—

1766 1639 1913 1715 mino
1939 1640 2272 1695 benedicitur
2287 1645 2354 1694 ab
2380 1642 2445 1695 iis
2470 1642 2561 1710 qui
2587 1653 2814 1712 possunt
2839 1661 2904 1698 ex
2933 1647 3037 1700 illis
3058 1664 3178 1715 quae
3200 1659 3323 1701 sunt

1787 1703 1890 1784 bus
1921 1730 2132 1791 salutis,
2177 1745 2369 1798 aquam
2417 1748 2539 1787 cum
2596 1733 2779 1787 laetitia
2827 1735 3064 1798 haurire,
3101 1738 3167 1790 tle
3215 1753 3318 1806 qua

107 1783 368 1852 σωτηρίου
401 1785 578 1854 πηγὴν
611 1786 782 1838 οὐσῶν
811 1789 926 1857 μετ’
957 1791 1287 1862 εὐφροσύνης
1325 1793 1464 1867 ὕδωρ
1487 1836 1500 1856 ,
1537 1799 1653 1866 napi

107 1869 153 1897 ,Υ
191 1873 374 1897 In---_-.
416 1877 434 1897 ι
479 1875 697 1897 v____z__
757 1879 820 1897 111.
893 1877 933 1897 ιν
971 1878 995 1897 9,
1126 1882 1136 1897 ι
1224 1884 1234 1897 1
1389 1884 1414 1895 ~
1459 1885 1522 1897 ..μ

1766 1783 1895 1874 dicit
1935 1783 2187 1874 Salvator
2212 1783 2256 1852 '1‘
2333 1821 2437 1886 Qui
2471 1823 2651 1877 biberit
2677 1841 2741 1878 ca:
2784 1842 2922 1893 aqua
2950 1783 3105 1894 qua'm
3139 1783 3320 1897 egoldo

104 1869 157 1925 οὗ
188 1873 375 1940 ἔλεγεν
412 1877 439 1927 ὁ
479 1875 663 1946 Σωτήρ
685 1894 697 1906 ·
757 1879 858 1943 ’ος
882 1877 933 1929 δ’
964 1878 1038 1932 ἂν
1074 1882 1176 1948 πίῃ
1211 1884 1277 1935 ἐκ
1312 1884 1417 1937 τοῦ
1448 1885 1663 1952 ὓδατος

103 1961 168 2018 πῦ
198 1964 312 2034 ἐγὼ
342 1963 547 2032 δίδωμι
572 1964 749 2030 αὐτῷ,
779 1968 899 2032 ἔξει
922 1971 990 2021 ἐν
1008 1970 1197 2034 ἐαυτῷ
1222 1973 1423 2041 πηγὴν
1446 1973 1662 2040 ὕδατος

104 2054 437 2121 ἁλλομένου
481 2057 566 2119 εὶς
599 2053 750 2121 ζωὴν
775 2057 1030 2112 αἰώνιον.
1101 2058 1411 2126 Ἐλεγκτέον
1452 2062 1506 2115 δὲ
1538 2065 1662 2128 τοὺς

105 2141 432 2211 διαιροῦντας
475 2144 572 2212 τὴν
615 2145 855 2199 Παλαιὰν
883 2147 974 2199 καὶ
1019 2148 1162 2201 Νέαν
1195 2149 1450 2222 Γραφὴν,
1490 2152 1564 2215 ὡς
1600 2153 1660 2206 οὐ

104 2233 344 2284 δύνανται
372 2234 431 2284 ἐν
475 2234 785 2303 ἐκκλησίαις
813 2237 1050 2306 εὐλογεῖν
1081 2239 1170 2294 τὸν
1198 2240 1357 2306 Θεὸν,
1385 2243 1483 2296 οὐκ
1511 2243 1660 2314 ἔχον-

103 2341 182 2385 τες
214 2323 312 2386 τας
344 2324 440 2377 τοῦ
474 2326 687 2395 Ἰσραὴλ
715 2328 914 2396 πηγὰς,
948 2330 1064 2383 οὐδὲ
1087 2332 1178 2385 τὸν
1212 2333 1414 2406 Κύριον
1445 2336 1653 2389 αὐτῶν·

103 2417 186 2468 ἆτε
219 2417 312 2467 καὶ⁷
348 2417 449 2485 τὴν
483 2416 707 2488 θεότητα
739 2419 961 2491 διαιρεῖν
984 2423 1306 2494 τολμῶντες.

159 2506 303 2560 Ἐκεῖ
323 2509 608 2576 Βενιαμὶν
624 2509 899 2578 νεώτερος
921 2513 989 2565 ἐν
1010 2513 1312 2570 ἐκστάσει.
1331 2516 1506 2580 Ἐκεῖ,
1532 2518 1655 2584 ποῦ,

101 2598 127 2665 ἦ
155 2598 205 2647 ὲν
235 2598 388 2667 μέσῳ
408 2598 516 2650 τῶν
541 2598 879 2668 ψαλλόντωνς
922 2602 1005 2667 fl;
1030 2603 1086 2656 δὲ
1108 2605 1139 2656 ὁ
1165 2606 1472 2678 Βενιαμὶνῆ
1501 2610 1530 2660 ὁ
1558 2623 1658 2677 μα-

101 2687 276 2757 κάριος
309 2689 606 2752 ἀπόστολος
632 2690 866 2756 Παῦλος,
893 2696 920 2744 ὁ
950 2696 1012 2746 ἐκ
1050 2696 1219 2766 φυλῆς
1251 2697 1534 2766 Βενιαμίν;
1585 2700 1657 2753 Τὸ

101 2779 147 2829 ἰοὶ
177 2778 490 2846 νεώτερος,
531 2780 619 2832 διὰ
659 2781 719 2832 τὸ
763 2780 983 2852 ὕστερον
1030 2785 1178 2855 αὐτῷ
1205 2785 1312 2838 τῶν
1346 2789 1654 2844 ἀποστόλων

98 2870 315 2938 ἐσϐῆναι
336 2870 430 2921 τὸν
460 2869 678 2939 Κύριον.
739 2873 841 2924 Ἕν
863 2874 1143 2928 ἐκστάσει
1173 2877 1229 2930 δὲ
1256 2878 1343 2931 διὰ
1364 2879 1460 2944 τὰς
1487 2883 1652 2955 ὑπερ-

98 2960 246 3022 ϐολὰς
273 2960 383 3011 τῶν
413 2960 803 3029 ἁποκαλύψεών
851 2981 1012 3034 φησι,
1065 2968 1202 3021 κατὰ
1233 2970 1293 3022 τὸ
1331 2973 1457 3043 παρ’
1488 2973 1671 3042 αὐτοῦ⁴

100 3051 400 3120 εὲρημένον·
440 3051 576 3104 Εἴτε
619 3052 948 3124 ἐξέστημεν
975 3056 1094 3123 Θεῷ
1113 3098 1128 3122 ,
1157 3059 1276 3113 εἴτε
1313 3064 1651 3131 attigs-pavor?-

96 3159 196 3210 μετ’
219 3143 377 3211 ὑμῖν.
405 3145 640 3207 Εἰκότως
663 3145 719 3197 δὲ
746 3145 906 3199 αὑτοῦ
935 3148 1146 3220 πρώτου
1167 3151 1273 3205 τῶν
1298 3152 1469 3206 ἄλλων
1489 3154 1652 3224 ἐμνη-

101 3232 340 3298 μόνευσεν
359 3274 373 3297 ,
403 3234 496 3286 ἆτε
525 3234 903 3305 περισσότερον
930 3237 1038 3288 τῶν
1068 3238 1240 3291 ἄλλων
1271 3241 1647 3306 κοπιάσαντος.

104 3325 398 3390 Ἄρχοντες
439 3325 623 3378 Ἰούδα
644 3327 929 3393 ἡγεμόνες
951 3325 1166 3380 αὐτῶν.
1202 3329 1489 3398 Ἄρχοντες
1523 3333 1649 3386 Ἰού-

97 3410 151 3463 δα
170 3415 342 3466 αὐτῶν
369 3415 476 3466 τῶν
500 3415 809 3484 ψαλλόντων
840 3416 1120 3486 ἡγεμόνες,
1152 3421 1302 3490 φησὶ,
1331 3423 1425 3475 καὶ
1451 3423 1645 3494 ἄρχον-

99 3523 174 3568 τες
201 3505 702 3576 ἐχειροτονήθησαν.
742 3507 845 3559 Ἐκ
875 3523 934 3559 τε
955 3507 1052 3578 τῆς
1090 3507 1255 3563 Ἰούδα
1277 3511 1446 3581 φυλῆς
1466 3554 1480 3578 ,
1504 3513 1565 3566 ἐκ
1586 3531 1644 3567 τε

99 3597 182 3663 τῆς
203 3595 506 3659 Ζαϐουλὼν,
542 3596 604 3648 ἐκ
634 3613 694 3649 τε
717 3597 814 3668 τῆς
838 3597 1165 3668 Νεφθαλείμ.
1198 3603 1306 3654 Καὶ
1329 3605 1393 3656 ἐκ
1415 3604 1512 3673 μὲν
1543 3606 1642 3657 Ζα-

98 3687 283 3741 6ουλὼν
311 3688 406 3741 καὶ
434 3685 747 3756 Νεφθαλεὶμ
780 3688 981 3759 Πέτρος
1013 3692 1105 3743 καί
1137 3692 1385 3763 Ἀνδρέας
1413 3696 1503 3746 καὶ
1537 3695 1642 3748 Ἰά-

99 3779 250 3842 κωϐος
278 3780 374 3832 καὶ
412 3779 663 3850 Ἰωάννης
683 3819 698 3840 ,
739 3779 874 3833 καθὸ
900 3780 962 3832 τὸ
1007 3781 1335 3850 Εὐαγγέλιον
1370 3783 1548 3855 δηλοῖ’
1577 3789 1642 3840 ἐκ

96 3868 141 3923 is
168 3870 330 3924 Ἰούδα
363 3873 392 3922 ὁ
421 3870 550 3923 Λευῒ
571 3910 587 3933 ,
640 3871 755 3940 ἦτοι
805 3869 1096 3935 Ματθαῐος,
1128 3874 1220 3926 καὶ
1249 3875 1298 3926 ol.
1329 3873 1502 3948 ἕτεροι
1533 3878 1640 3932 τῶν

93 3962 408 4014 ἀποστόλων.

1763 1911 1832 1972 ei,
1867 1911 2070 1964 habebit
2111 1913 2166 1963 in
2199 1913 2364 1980 seipsa
2406 1913 2600 1981 fontem
2646 1917 2764 1970 vita:
2804 1918 3042 1971 satientis
3080 1919 3133 1971 in
3161 1920 3319 1972 vitam

1762 2011 2031 2056 aeternam.
2087 2002 2422 2072 Coarguentli
2487 2016 2666 2060 autem
2733 2017 2860 2062 sunt
2925 2010 3016 2078 qui
3075 2011 3318 2066 dividunt

1764 2103 1992 2146 veterem
2030 2095 2360 2162 Scripturam
2417 2111 2446 2148 a
2488 2111 2661 2162 nova,
2706 2098 2850 2166 quod
2889 2115 2994 2152 non
3025 2102 3234 2169 possint
3265 2104 3315 2156 iu

1761 2184 2004 2239 ecclesiis
2040 2184 2357 2239 benedicere
2395 2185 2522 2250 Deo,
2565 2201 2686 2240 cum
2724 2202 2830 2241 non
2874 2188 3106 2242 habeant
3141 2189 3316 2244 fontes

1760 2272 1998 2341 lsraelis,
2017 2291 2190 2348 neque
2207 2275 2494 2330 Dominum
2515 2292 2722 2344 eorum,
2746 2288 2928 2348 utpote
2953 2281 3043 2349 qui
3061 2281 3312 2336 deitatem

1757 2366 1996 2422 dividere
2025 2382 2130 2422 non
2160 2368 2412 2422 audeant.

1827 2545 1916 2600 28.
1949 2546 2033 2600 Ibi
2053 2547 2328 2618 Benjamin
2349 2549 2767 2606 adolescentulus
2788 2552 2843 2606 in
2873 2555 3058 2608 mentis
3078 2571 3310 2610 excessu.

1757 2631 1862 2696 Ibi,
1892 2635 2110 2689 ubinam
2138 2636 2241 2689 nisi
2273 2637 2324 2689 in
2345 2638 2520 2690 medio
2545 2641 2934 2707 psallentium?
2956 2643 3088 2709 Quis
3114 2654 3194 2698 est
3217 2661 3313 2699 au-

1754 2733 1858 2778 tem
1886 2724 2183 2794 Beniamin,
2207 2727 2310 2779 nisi
2337 2726 2526 2780 beatus
2557 2726 2759 2783 Paulus
2779 2732 2870 2798 qui
2897 2747 2962 2784 ex
2994 2734 3134 2787 tribu
3167 2733 3310 2790 Ben-

1746 2812 1918 2884 jamin
1969 2816 2123 2869 erat?
2169 2815 2300 2870 lllud
2345 2827 2546 2883 autem,
2594 2819 3031 2887 adolescentulus,
3087 2825 3305 2886 dicitur.

1751 2906 1878 2974 quia
1907 2907 2004 2976 ipsi
2028 2915 2150 2976 post
2172 2907 2307 2964 alios
2333 2909 2603 2978 apostolos
2634 2912 2785 2967 visus
2811 2919 2895 2967 est
2924 2913 3209 2972 Dominus.
3241 2914 3306 2973 In

1749 3012 1960 3050 excessu
1980 3007 2154 3051 autem
2179 2998 2394 3062 dicitur,
2414 3001 2483 3054 ob
2501 3001 2882 3058 t‘evelationum
2909 3007 3303 3073 excellentiam.

1677 3113 1719 3168 ο
1748 3087 1899 3155 juxta
1927 3088 2054 3141 illud
2081 3089 2149 3141 ab
2171 3103 2237 3143 eo
2253 3089 2453 3143 dictum
2477 3109 2490 3146 :
2519 3089 2635 3146 Sive
2668 3105 2833 3149 mente
2859 3098 3152 3154 excedimus
3173 3099 3301 3165 Deo,

1749 3186 1856 3237 sive
1881 3186 2135 3252 sapientes
2165 3201 2343 3238 sumus
2367 3186 2506 3239 vobis
2531 3187 2596 3239 ³⁷.
2621 3185 2750 3242 Jure
2772 3202 2950 3245 autem
2975 3192 3123 3248 illum
3156 3197 3305 3263 prius

1749 3292 1910 3346 quam
1949 3277 2085 3331 alios
2133 3285 2416 3340 memorat,
2451 3278 2579 3347 quia
2618 3278 2984 3338 abundantius
3012 3298 3175 3353 quam
3211 3288 3300 3340 alii

1746 3365 2029 3419 laboravit.
2079 3363 2347 3431 Principes
2391 3364 2538 3419 Juda
2583 3367 2739 3421 duces
2785 3385 2986 3423 eorum.
3022 3369 3301 3443 Principes

1745 3454 1901 3517 Juda,
1935 3455 2276 3526 psallentium
2318 3456 2504 3516 duces.
2540 3458 2735 3526 inquit,
2766 3460 2820 3512 et
2862 3462 3131 3532 principes
3168 3480 3300 3518 con-

1747 3551 1923 3606 stituti
1955 3561 2100 3604 sunt.
2131 3548 2210 3602 Ex
2235 3549 2376 3603 tribu
2412 3547 2573 3614 Juda,
2605 3566 2670 3604 cx
2707 3551 2849 3604 tribu
2884 3551 3121 3608 Zabulon
3156 3566 3210 3610 et
3233 3573 3298 3613 ex

1748 3642 1889 3696 tribu
1935 3639 2240 3709 Nephthali.
2293 3637 2357 3694 Et
2403 3655 2469 3694 ex
2509 3641 2651 3695 tribu
2697 3643 2912 3710 quidem
2968 3642 3207 3701 Zabulon
3246 3660 3297 3703 et

1745 3730 1989 3803 Nepbtali
2013 3744 2164 3786 erant
2184 3732 2394 3797 Petrus,
2417 3733 2682 3800 Andreas,
2709 3733 2944 3790 Jacobus
2969 3747 3020 3790 et
3039 3735 3294 3798 Joannes.

1745 3824 1885 3880 sicut
1909 3823 2253 3893 Evangelium
2298 3824 2537 3878 declarat
2568 3824 2632 3878 ".
2664 3824 2736 3878 Ex
2775 3826 2917 3880 tribu
2949 3826 3110 3892 Juda,
3144 3827 3292 3894 Levi,

1743 3915 1858 3970 sive
1882 3913 2185 3975 Matthaeus,
2212 3923 2266 3967 et
2293 3913 2382 3967 alii
2418 3915 2669 3982 apostoli.

156 4052 472 4112 Ἒντειλαι,
497 4053 529 4104 ό
555 4051 718 4118 Θεὸς,
747 4051 820 4120 τῇ
849 4051 1093 4122 δυνάμει
1118 4069 1251 4110 σου.
1281 4057 1517 4130 Δύναμιν
1544 4066 1636 4120 τοῦ

1807 4068 1897 4123 29.
1923 4066 2143 4124 Munda.
2176 4064 2335 4130 Deus,
2359 4066 2541 4118 virtuti
2572 4074 2692 4118 tute.
2714 4064 2978 4121 Virtutem
2999 4066 3176 4122 Patris
3197 4067 3259 4123 Fi

97 4143 283 4212 Πςτρδς
338 4145 434 4196 τὸν
479 4144 605 4198 Υἱὸν
639 4162 804 4216 φησι,
853 4147 992 4201 κατὰ
1038 4149 1119 4202 τό*
1177 4152 1429 4220 Χριστὸς
1485 4159 1631 4214 Θεοῦ

95 4231 321 4303 δύναμις
366 4235 469 4289 καὶ
505 4235 651 4290 Θεοῦ
703 4238 906 4306 σοφία.
963 4239 1278 4310 Παρακαλεῖ
1324 4246 1503 4300 τοίνυν
1540 4249 1632 4304 τὸν

97 4324 287 4396 Πατέρα
309 4330 337 4380 ὁ
363 4328 720 4390 ἀποστολικὸς
752 4329 929 4399 χορὸς,
967 4331 1052 4383 ἵνα
1093 4331 1382 4408 δυναμὼσῃ
1431 4340 1637 4406 αὐτοῖς,

95 4414 120 4464 ὃ
147 4416 496 4485 κατήρτισεν
519 4419 738 4485 αὐτοῖς.
791 4421 854 4473 Τί
876 4422 932 4473 δὲ
961 4425 1284 4494 κατήρτισεν
1309 4428 1490 4493 αὐτοῖς
1521 4431 1553 4501 ἢ
1580 4433 1641 4486 τὸ

97 4505 258 4574 saliua;
317 4507 572 4561 Αἱτοῦσιν
603 4506 694 4562 οὖν
758 4511 854 4579 τῆς
886 4510 1089 4583 φθορᾶς
1120 4516 1502 4583 ἀπαλλάξαντα
1542 4525 1639 4594 τὴν

94 4597 374 4668 άεοαρσίαν
403 4598 641 4661 ἐνδῦσαι,
667 4597 697 4650 ὃ
727 4601 816 4652 καὶ
840 4601 1051 4671 ποιήσει
1085 4607 1113 4657 ὁ
1155 4608 1356 4679 Κύριος
1402 4611 1490 4662 ὅτε
1538 4629 1635 4667 κα-

94 4687 358 4755 nequeut.
391 4689 451 4757 ἐξ
481 4689 731 4761 ούρανοῦ,
788 4692 879 4745 καὶ
936 4692 985 4744 οἱ
1027 4699 1208 4766 νεκροὶ
1253 4699 1636 4771 ἐγερθήσονται

92 4776 344 4849 ἄφθαρτοι.

158 4870 279 4924 Ἀπὸ
299 4871 406 4926 τοῦ
428 4871 581 4926 ναοῦ
608 4889 722 4927 σου
742 4872 837 4928 ἐπὶ
866 4874 1247 4947 Ἰερουσαλήμ
1271 4897 1369 4935 σοι
1391 4880 1632 4937 οἴσουσι

93 4959 339 5027 βασιλεῖς
372 4961 552 5030 δῶρα.
604 4965 748 5018 Ναὸν
805 4966 904 5036 μὲν
935 4967 1098 5020 αὑτοῦ
1153 4970 1251 5034 τὴν
1308 4972 1630 5043 Ἐκκλησίαν

97 5055 222 5120 caci,
253 5053 512 5124 βασιλέας
563 5055 620 5108 δὲ
660 5057 785 5119 τοὺς
831 5057 1221 5123 πιστεύσαντας
1263 5063 1343 5126 εἰς
1400 5064 1630 5132 Χριστὸν

94 5139 230 5207 λέγει,
255 5145 395 5198 κατὰ
420 5143 485 5197 τὺ
511 5146 794 5216 εἰρημένον
828 5149 1009 5212 αὐτοῖς
1038 5166 1052 5179 ’
1099 5150 1294 5218 Ὑμεῖς
1348 5153 1417 5206 δὲ
1446 5154 1628 5218 βασί-

94 5235 232 5286 λειον
251 5237 581 5304 ιεράτευμα.
616 5237 779 5306 Φησὶν
803 5233 913 5300 οὖν,
962 5239 1036 5303 ὡς
1068 5241 1116 5292 οἱ
1163 5241 1482 5312 κεκλημένοι
1538 5242 1624 5296 διὰ

94 5323 172 5392 τῆς
197 5326 422 5392 πίστεως
471 5327 579 5382 ἀπὸ
627 5327 718 5379 τοῦ
764 5329 998 5396 ἐπιγείου
1051 5329 1197 5393 ναοῦ,
1259 5334 1496 5387 τουτέστι
1528 5335 1624 5404 τῆς

104 5409 412 5489 Ἐκκλησίας,
446 5421 529 5482 εἰς
582 5420 679 5491 τὴν
732 5419 842 5472 ἄνω
886 5421 1232 5494 Ἰερουσαλὴμ
1285 5423 1430 5496 δῶρα
1476 5425 1624 5496 αύτῷ

97 5510 501 5578 πρῦσκομίσουσι·
538 5511 695 5580 δῆλον
717 5509 795 5574 δὲ,
816 5511 895 5564 ὅτι
916 5515 1096 5584 νοητά.

155 5634 189 5666 υ
212 5638 356 5717 ξορρ.
390 5659 468 5704 η’,
503 5644 625 5717 ει.Δ
709 5647 751 5678 η
778 5647 903 5702 ibid.
935 5649 1019 5717 ts,
1054 5652 1132 5707 tt.

95 5701 157 5756 59.
212 5709 243 5738 δ’
269 5710 283 5760 Ι
312 5701 464 5766 Petr.
506 5730 563 5779 tt,
601 5714 656 5768 9.

1237 5654 1277 5685 "’
1309 5654 1346 5707 ll
1375 5656 1498 5711 Cor.
1525 5655 1686 5720 v,'i3.
1773 5657 1817 5689 ³⁸
1852 5654 2041 5713 Matth.
2083 5673 2156 5720 tv,
2188 5657 2273 5712 15.

1739 4165 1871 4219 lium
1927 4161 2254 4230 tlicit,juxta
2300 4160 2468 4214 illud:
2503 4159 2741 4215 Christus
2788 4160 2882 4215 Dei
2908 4162 3069 4215 virtus
3099 4173 3146 4216 et
3192 4163 3286 4218 De'

1735 4256 1993 4325 sapientia
2019 4255 2085 4307 ³³.
2127 4251 2299 4322 Rogat
2330 4254 2510 4322 itaque
2544 4253 2753 4306 Patrem
2789 4254 3119 4322 apostolicus
3156 4254 3288 4310 cho-

1741 4361 1837 4399 rus
1879 4353 1939 4398 ut
1984 4342 2266 4398 conﬁrmet
2317 4342 2369 4396 in
2422 4343 2522 4407 eis,
2553 4342 2688 4411 quod
2723 4352 2963 4410 operatus
2993 4354 3070 4398 est
3105 4347 3158 4399 in
3191 4348 3286 4401 eis.

1740 4434 1876 4502 Quid
1905 4444 2159 4504 operatus
2198 4441 2281 4488 est
2312 4433 2425 4487 sive
2451 4432 2677 4501 perfecit
2708 4433 2763 4485 iu
2788 4434 2889 4497 eis,
2917 4435 3016 4489 nisi
3052 4438 3290 4506 corpus?

1738 4525 2016 4582 Postulant
2050 4526 2229 4594 itaque
2274 4532 2335 4576 ut
2362 4523 2554 4577 liberet
2609 4523 2755 4592 ipsos
2784 4539 2812 4578 a
2844 4527 3204 4594 corruptibne,
3236 4542 3289 4582 et.

1738 4615 1924 4671 induat
1956 4613 2434 4683 incorruptionem,
2459 4613 2603 4682 quod
2637 4613 2875 4669 facturus
2911 4613 3172 4669 Dominus
3205 4629 3287 4669 est.

1737 4724 1860 4764 cum
1884 4707 2174 4763 descendet
2212 4721 2280 4760 ex
2307 4706 2444 4760 coelo
2471 4713 2524 4760 et
2552 4707 2749 4760 mortui
2780 4717 3063 4776 resin-gent
3107 4708 3284 4764 incor-

1735 4799 1881 4868 rupti
1902 4800 1966 4851 δ’.

1806 4890 1892 4944 30.
1924 4890 1968 4942 Α
2004 4890 2194 4959 templo
2227 4899 2315 4942 tuo
2360 4890 2414 4943 in
2451 4887 2743 4942 Jerusalem
2778 4890 2871 4942 tibi
2901 4891 3030 4958 oﬁ'er
3060 4901 3114 4943 nt
3144 4908 3281 4961 reges

1731 4999 1965 5036 munera.
2006 4980 2285 5051 Templum
2335 4996 2493 5034 suum
2547 4981 2678 5034 dicit
2733 4979 3076 5049 Ecclesiam;
3117 4987 3280 5053 reges

1730 5086 1879 5134 vero,
1921 5085 2015 5124 eos
2050 5072 2142 5135 qui
2183 5067 2529 5124 crediderunt
2575 5070 2628 5122 in
2672 5068 2988 5134 Christum;
3037 5071 3193 5140 juxta
3230 5076 3277 5124 itl

1728 5161 1870 5230 quod
1902 5161 2104 5216 dictum
2134 5170 2217 5216 est
2243 5161 2348 5215 illis
2371 5161 2449 5213 διε
2489 5160 2587 5214 Vos
2621 5171 2794 5216 autem
2829 5163 3000 5233 regale
3036 5166 3276 5216 sacerdo-

1730 5255 1880 5305 tium.
1908 5252 1997 5306 Ait
2027 5253 2190 5322 igitur
2210 5269 2304 5307 eos
2329 5254 2419 5323 qui
2447 5268 2540 5324 per
2565 5255 2723 5309 lldem
2748 5254 2920 5309 vocati
2953 5265 3076 5309 sunt
3107 5271 3136 5308 a
3168 5266 3276 5308 ter-

1727 5359 1858 5397 reno
1881 5344 2099 5412 templo,
2119 5344 2168 5398 id
2192 5353 2274 5398 est
2295 5342 2553 5408 Ecclesia,
2574 5344 2637 5397 ad
2669 5359 2956 5413 supernam
2977 5343 3272 5399 Jerusalem

1725 5431 1867 5486 dona
1901 5432 2000 5501 ipsi
2029 5433 2312 5488 oblaturos
2338 5449 2479 5490 esse.
2509 5433 2766 5487 nimirum
2801 5434 3124 5501 spiritualia.

2393 5656 2435 5687 "
2463 5653 2629 5710 ICor.
2664 5672 2699 5720 t,
2744 5653 2814 5708 τι
2887 5654 2933 5683 ⁵⁸
2975 5650 2992 5704 l
3025 5654 3149 5712 Cor.
3181 5667 3271 5720 xv,
