4086 6308
85 382 182 436 305

1119 387 1479 444 EXPOSITIO
1520 386 1584 441 IN
1624 387 1954 446 PSALIUM
1992 389 2219 443 LXVlll.

3202 391 3304 444 306

99 501 241 564 Ἰσρα
251 499 325 565 im
349 501 387 565 ἡ
409 503 883 570 μεγαλοπρέπεια
897 504 1100 569 αὐτοῦ,
1125 505 1224 558 καὶ
1241 508 1278 573 ἠ
1295 506 1544 576 δύναμις
1559 508 1649 559 αὺ-

1755 517 1803 558 et
1835 509 1995 559 virtus
2025 508 2135 576 ejus
2177 509 2227 560 in
2271 507 2511 561 nubibus.
2544 507 2806 561 Mirabilis
2853 505 2987 562 Deus
3024 509 3078 560 in
3112 511 3309 562 sanctis

88 590 184 644 τοῦ
217 592 288 644 ὲν
318 593 448 658 ταῖς
483 595 776 662 νεφέλαις.
811 597 1159 666 Θαυμαστὸς
1188 602 1221 652 ό
1253 600 1395 662 Θεὸς
1431 600 1500 652 ἐν
1529 597 1652 664 τοῖς

86 681 265 748 ἁγίοις
284 685 496 745 αὐτοῦ,
526 689 557 739 ό
588 686 728 749 Θεὸς
753 687 984 755 Ἰσραὴλ
1007 689 1186 754 αὐτὸς
1203 689 1378 743 δώσει
1400 690 1651 758 δύναμιν

85 776 172 827 καὶ
200 778 566 843 κραταίωσιν
589 776 664 841 τῷ
693 777 817 843 λαῷ
838 781 1044 843 αὑτοῦ,
1082 784 1452 850 εὐλογητὸςό
1478 786 1635 848 Θεός.

97 868 303 937 Ἐπειδὴ
321 869 420 937 τῆς
433 870 687 938 δευτέρας
705 869 866 922 αὑτοῦ
888 873 1186 940 παρουσίας
1214 875 1430 946 μνήμην
1450 878 1476 928 ὁ
1492 875 1647 943 λόγος

87 958 393 1026 πεποίηται,
428 959 546 1012 καθ’
593 961 657 1029 ἣν
705 962 906 1024 πάντας
934 964 1222 1034 ἀναστήσει
1247 967 1372 1027 τοὺς
1401 969 1645 1035 νεκροὺς,

85 1050 258 1102 τούτου
290 1051 452 1122 χάριν
485 1053 576 1103 καὶ
610 1053 706 1115 τὰς
748 1053 1015 1123 διαφόρως
1040 1055 1510 1125 άποδοθησομένας
1535 1060 1646 1119 τοῖς

86 1143 243 1206 ἁγίοις
307 1144 476 1212 τιμὰς
528 1146 673 1212 ἡμᾶς
717 1145 976 1208 διδάσκει,
1035 1147 1124 1198 καὶ
1171 1146 1237 1198 τὰ
1289 1148 1516 1218 διάφορα
1541 1147 1646 1198 τῶν

87 1235 239 1299 ἁγίων
292 1234 572 1303 τάγματα.
629 1237 735 1288 Καὶ
785 1236 852 1287 τά
895 1237 989 1306 μὲν
1051 1238 1304 1308 τάγματα
1336 1238 1426 1290 διά
1470 1257 1526 1290 τε
1552 1239 1643 1290 τοῦ

96 1327 318 1395 Ἰσραὴλ,
362 1328 448 1379 διά
470 1345 525 1379 τε
549 1327 654 1378 τῶν
682 1329 938 1395 νεφελῶν,
972 1328 1060 1381 διά
1099 1347 1157 1380 τε
1205 1330 1310 1382 τῶν
1339 1331 1528 1397 ἁγίων,
1557 1330 1643 1382 διά

84 1433 134 1468 τε
163 1417 249 1468 τοῦ
277 1417 412 1470 λαοῦ
446 1419 860 1487 κατασημαίνει·
907 1420 1020 1490 ⁸*τὰς
1049 1421 1104 1473 δὲ
1137 1421 1303 1490 τιμάς
1333 1421 1420 1472 διά
1460 1436 1515 1471 τε
1542 1419 1642 1487 τῆς

88 1510 566 1580 μεγαλοπρεπείας,
591 1511 678 1563 διά
711 1528 767 1562 τε
798 1511 896 1579 τῆς
938 1512 1234 1582 δυνάμεως,
1293 1512 1381 1565 διά
1438 1528 1497 1563 τε
1547 1511 1640 1564 τοῦ

87 1601 369 1669 θαύματος,
415 1601 503 1653 διά
552 1618 609 1654 τε
660 1603 753 1655 τοῦ
803 1604 1034 1676 κράτους
1085 1603 1460 1657 διαδείκνυσιν.
1523 1602 1642 1656 Ἐπὶ

84 1696 202 1746 πᾶσι
235 1694 288 1746 δὲ
315 1695 527 1757 τούτοις
576 1696 860 1766 εὖλογητὺν
886 1698 975 1748 τὸν
1001 1696 1132 1748 Θεόν
1158 1715 1320 1768 φησιν
1346 1693 1502 1750 εἶναι.
1535 1695 1640 1764 Δῆ-

1751 598 1885 665 ejus,
1918 596 2052 650 Deus
2097 596 2260 651 Israel
2287 600 2392 667 ipse
2428 599 2570 652 dabit
2608 601 2850 652 virtutem
2876 607 2924 652 et
2951 599 3311 667 fortitudinem

1750 685 1882 754 plebi
1912 702 2041 748 suis,
2088 687 2378 738 benedictus
2433 685 2586 739 Deus.
2615 686 2886 751 Quoniam
2933 687 3152 740 secundi
3193 687 3309 755 ejus

1751 777 2012 828 adventus
2031 777 2231 828 mentio
2257 776 2396 829 facta
2429 785 2532 838 est,
2563 792 2671 846 quo
2701 786 2942 845 tempore
2963 791 3150 830 omnes
3174 791 3312 829 mor-

1747 878 1871 922 tuos
1917 868 2220 928 suscitabit,
2255 867 2376 921 ideo
2422 868 2657 922 honores
2703 868 2905 922 sanctis
2951 867 3105 920 vario
3147 867 3308 920 modo

1747 959 2118 1015 concedendos
2173 977 2270 1013 nos
2315 960 2534 1024 edocet,
2585 971 2746 1030 atque
2799 961 3036 1014 diversos
3089 968 3308 1013 sancto-

1746 1069 1864 1108 rum
1895 1053 2130 1106 ordines.
2167 1052 2277 1105 Hos
2303 1064 2482 1106 autem
2516 1054 2755 1112 ordines,
2794 1068 2888 1120 per
2920 1052 3186 1115 Israclem,
3215 1067 3308 1119 per

1747 1145 1938 1208 nubes,
1971 1160 2066 1214 per
2095 1154 2312 1198 sanctos
2339 1153 2392 1198 ct
2425 1159 2517 1212 per
2562 1144 2816 1212 populum
2871 1145 3156 1212 significat.
3195 1140 3308 1194 llo-

1747 1252 1905 1291 nores
1935 1247 2112 1289 autem
2144 1251 2237 1304 per
2273 1235 2749 1303 magniﬁcentiam,
2777 1250 2870 1302 per
2904 1235 3179 1297 virtutem,
3214 1248 3310 1302 per

1747 1327 2071 1382 miraculum
2100 1335 2150 1380 ct
2180 1343 2272 1396 per
2306 1326 2675 1380 fortitudinem
2713 1326 2933 1379 indicat.
2965 1327 3043 1379 Ad
3072 1329 3184 1381 haec
3208 1343 3307 1380 auo

1751 1431 1856 1473 tem
1911 1420 2128 1484 omnia,
2177 1418 2516 1472 benedictum
2560 1419 2692 1473 dicit
2739 1417 2927 1472 Deum.
2959 1417 3307 1471 Manifestum

1749 1510 1891 1564 enim
1933 1519 2014 1564 est
2071 1521 2287 1564 sanctos
2326 1509 2378 1562 in
2429 1510 2742 1564 cmlesﬁbus
2781 1511 2884 1566 illis
2930 1509 3308 1563 mansionibus

1750 1600 2096 1663 constitutos,
2137 1601 2253 1655 sine
2282 1601 2385 1655 ﬁne
2431 1601 2807 1655 benedicturos
2839 1615 2957 1653 esse
3000 1599 3186 1662 Deum,
3217 1614 3309 1650 sn-

1750 1707 2034 1760 pernorum
2061 1693 2342 1760 spirituum
2380 1694 2625 1747 ordinem
2661 1691 2917 1745 imitatos.

85 1783 162 1835 λον
222 1785 356 1855 γὰρ,
405 1785 484 1837 ὅτι
534 1787 589 1838 ἐν
640 1787 871 1849 ἐκείναις
932 1788 1208 1856 γενόμενοι
1259 1788 1308 1839 oi
1370 1787 1511 1855 ἅγιοι
1561 1786 1679 1845 ταῖς
1721 1783 1936 1852 μοναῖς,
1990 1783 2107 1843 ταῖς
2156 1781 2494 1853 ἐπουρανίοις
2548 1782 2603 1834 δὲ
2658 1780 2916 1850 δηλονότι,
2956 1778 3308 1841 ἀδιαλείπτως

86 1877 417 1948 ιὺλογήσουσι
444 1880 533 1930 τὸν
564 1880 714 1943 Θεὸν,
748 1881 842 1950 τὴν
868 1881 972 1932 τῶν
997 1883 1104 1934 ἄνω
1133 1883 1451 1950 πνευμάτων
1486 1879 1638 1944 τάξιν
1680 1876 2017 1947 μιμούμενοι.

89 1975 176 2039 Είς
235 1975 300 2026 τὸ
347 1974 522 2038 τέλος
569 1975 718 2041 ὑπὲρ
771 1976 885 2027 τῶν
908 1975 1500 2044 ἀλλοιωοησομένων,
1558 1973 1636 2038 τῷ

1743 1972 1787 2024 1.
1820 1975 1885 2024 In
1914 1972 2066 2039 ﬁnem
2098 1987 2191 2039 pro
2232 1972 2298 2024 iis
2331 1972 2421 2041 qui
2462 1971 2941 2036 commutabantur,
2980 1970 3079 2038 ipsi
3118 1966 3306 2022 Dav-ad.

741 2067 1044 2118 ΨΑΛΜΟΣ
1093 2066 1223 2118 EH’.

707 2155 720 2172 '
735 2156 1036 2219 Υπόθεσις.

90 2243 319 2312 Περιεχει
352 2247 380 2297 ὁ
432 2245 642 2315 ψαλμὺς
689 2246 990 2316 προσευχὴν
1039 2245 1186 2316 παρὰ
1243 2246 1336 2298 τοῦ
1393 2245 1642 2315 Σωτῆρος

148 2335 204 2382 ὲκ
235 2333 526 2401 προσώπου
562 2337 658 2402 τῆς
700 2335 1112 2406 ἀνθρωπότητος
1171 2337 1638 2408 προσφερομένην,

478 2064 677 2116 Δαυΐὸ.

146 2425 236 2486 τας
268 2442 325 2476 τε
357 2427 536 2488 αἰτίας
593 2427 658 2477 δι’
711 2427 775 2488 ἃς
829 2428 975 2497 αὐτῷ
1014 2429 1105 2480 τὸν
1133 2429 1227 2482 ἐπὶ
1285 2429 1377 2481 τοῦ
1411 2429 1639 2499 σταυροῦ

149 2520 522 2586 προσήνεγκαν
567 2518 809 2571 θάνατον.
874 2519 991 2570 Ἔτι
1044 2536 1102 2570 τε
1160 2520 1290 2571 αὐτὸ
1355 2519 1414 2571 τὸ
1475 2520 1642 2581 πάθος

146 2607 403 2676 διηγεῖται
469 2609 674 2675 σαςῶς,
732 2610 824 2662 xai
885 2610 982 2673 τὰς
1035 2609 1173 2680 μετὰ
1212 2612 1271 2662 τὸ
1332 2609 1499 2672 πάθος
1531 2615 1640 2672 τοῖς

163 2698 426 2763 Ἰουδαίοις
461 2700 873 2770 συμϐησομένας
910 2701 1208 2772 συμφοράς·
1267 2701 1402 2770 πρὸς
1434 2700 1489 2752 δὲ
1517 2698 1639 2752 ’τού⁸

152 2807 252 2852 τοις
271 2792 365 2843 καὶ
393 2792 695 2860 εἰσαγωγὴν
716 2792 814 2861 τῆς
841 2793 1199 2861 εὐαγγελικῆς
1231 2792 1522 2854 πολιτείας,
1544 2792 1641 2862 τῆς

148 2896 200 2931 τε
232 2883 287 2932 ὲν
319 2881 588 2949 πνεύματι
625 2884 715 2932 καὶ
739 2881 962 2951 ἀληθείᾳ
993 2883 1239 2953 λατρείας
1271 2883 1366 2951 τὴν
1399 2882 1642 2936 διδασκα-

147 2969 276 3034 λίαν,
305 2975 386 3033 εξς
432 2976 496 3041 ἦν
524 2972 618 3023 καὶ
644 2974 970 3043 περιγράφει
1009 2973 1096 3024 τὸν
1145 2973 1378 3042 ψαλμὸν.
1416 2974 1536 3025 Ὅτι
1582 2973 1638 3025 δὲ

149 3064 319 3115 πᾶσαν
344 3065 410 3132 ἣν
438 3063 636 3132 ηὔξατο
655 3067 680 3116 ό
704 3066 888 3135 Σωτὴρ
914 3067 1236 3136 προσευχὴν,
1263 3067 1325 3118 ἐκ
1352 3065 1639 3135 προσώπου

151 3155 236 3224 τῆς
267 3155 556 3226 ἀνθρώπου
593 3157 806 3225 φύσεως
838 3157 1058 3226 ηὓξατο,
1086 3157 1243 3210 τοῦτο
1293 3158 1640 3227 ἐπισημαίνει

151 3247 234 3298 ἐπὶ
278 3247 356 3316 τῷ
405 3248 550 3299 τέλει
590 3248 682 3300 τοῦ
724 3249 966 3318 ψαλμοῦ,
1018 3251 1108 3303 καί
1143 3267 1322 3319 φησιν,
1357 3252 1484 3302 ’Ὁτι
1529 3250 1636 3318 ἑξή

153 3354 326 3391 κευσε
360 3337 480 3391 τῶν
507 3339 777 3405 πενήτων
797 3344 828 3394 ὀ
840 3343 1071 3406 Κύριος,
1095 3341 1188 3392 καὶ
1216 3340 1354 3405 τοὺς
1382 3340 1637 3409 πεπεδηο
1666 3321 1708 3378 C

145 3427 353 3494 μένους
378 3430 567 3482 αὑτοῦ
605 3435 715 3484 οὐκ
764 3432 1185 3492 ἑξουὸἐνωσεν.

155 3519 351 3572 Σῶσόν
367 3538 464 3588 με,
509 3524 542 3573 0'
576 3522 738 3586 Θεὸς,
791 3523 876 3574 ὅτι
909 3523 1280 3589 είσήλθοσαν
1306 3524 1491 3576 ὕδατα
1534 3525 1642 3590 ἕως

99 3609 279 3676 ψυχῆς
321 3629 464 3679 μου.
511 3613 724 3682 Ἐπειδὴ
769 3613 863 3676 τὰς
896 3614 1168 3683 ἁμαρτίας
1210 3615 1366 3684 ἡμῶν
1393 3616 1639 3679 ἀνέλαϐε,

101 3701 203 3769 περὶ
266 3703 423 3772 ἡμῶν
483 3703 762 3757 ὀδυνᾶταιο
831 3705 1050 3767 είκότως
1122 3705 1212 3756 καὶ
1283 3705 1641 3774 προσεύχεται

102 3792 333 3861 ῥυσθῆναι
357 3798 422 3847 ἐκ
449 3795 557 3847 τῶν
585 3795 924 3867 πειρασμῶν,
945 3796 1241 3867 χειμάρρου
1267 3796 1418 3866 δίκην
1441 3797 1641 3850 κυκλω-

105 3881 281 3936 σάντων
303 3885 467 3938 αὑτοῦ
496 3886 594 3957 τὴν
627 3887 822 3957 ψυχήν.

165 3977 489 4045 Ἑνεπὰγην
508 3981 595 4042 εἰς
616 3979 1001 4044 ῦληνβιιθοῦ,
1029 3980 1128 4032 καὶ
1153 3981 1261 4033 οὐκ
1291 3981 1460 4034 ἔστιν
1492 3984 1640 4036 ὑπό-

101 4077 304 4130 στασις.
332 4066 519 4117 Ταῦτα
549 4066 654 4137 γὰρ
685 4069 718 4137 ὴ
777 4067 1088 4136 ἀνθρωπεία
1115 4067 1272 4135 φύσις
1327 4069 1636 4134 ἐπεπόνθει,

102 4157 455 4224 κατενεχθεῖσα
493 4159 593 4210 ὑπὸ
620 4159 716 4228 τῆς
747 4159 1016 4230 ἁμαρτίας
1067 4161 1145 4224 εἰς
1171 4159 1415 4227 θάνατον,
1448 4163 1538 4214 καὶ
1561 4166 1640 4226 εἰς

103 4247 232 4299 αὑτὸν
262 4249 349 4300 τὸν
382 4249 478 4301 τοῦ
537 4250 660 4320 ᾅδου
685 4251 874 4321 χῶρον·
912 4252 970 4304 ὃν
1022 4253 1112 4304 καὶ
1170 4252 1299 4322 ὓλην
1355 4253 1515 4323 βυθοῦ
1545 4256 1640 4306 καὶ

103 4338 343 4412 θαλάσσης
369 4342 532 4412 βάθος
555 4345 610 4395 ἐν
642 4346 752 4406 τοῖς
785 4343 1046 4413 παροῦσιν
1067 4343 1338 4414 ὀνομάζει.

168 4435 485 4487 Ἑκοπιάσα
559 4434 801 4503 κράζων,
863 4438 1258 4504 ἑϐραγχίασεν
1313 4442 1346 4491 d
1408 4437 1636 4506 λάρυγξ

101 4541 208 4590 μου.
234 4526 361 4577 Τίνα
392 4523 460 4595 ἦν
491 4526 525 4578 ἆ
559 4525 774 4596 ἕκραξε,
805 4528 897 4580 καὶ
923 4529 1015 4579 ἐπὶ
1071 4529 1233 4592 τίσιν,
1279 4533 1336 4582 ἐν
1363 4534 1474 4593 τοῖς
1508 4531 1636 4599 ἑξῆς

105 4616 255 4684 619G);
281 4618 532 4682 ἐδίδαξεν,
564 4618 748 4669 εἰπών·
799 4620 1103 4686 Ῥυσθείην
1136 4623 1204 4672 ἐκ
1238 4620 1356 4674 τῶν
1388 4625 1635 4690 μισούν-

105 4722 196 4757 των
219 4727 308 4776 με,
332 4710 431 4763 καί
461 4711 526 4761 ἐκ
549 4709 653 4762 τοῦ
679 4709 908 4776 βάθους
946 4711 1062 4764 τῶν
1087 4711 1335 4775 ὑδάτων,
1369 4715 1480 4775 καὶ,
1534 4713 1629 4779 Μή

102 4811 159 4861 pe
179 4800 652 4853 καταποντισάτω
697 4801 961 4870 καταιγίς
1005 4802 1239 4867 ὕδατος,
1274 4805 1365 4856 καὶ
1407 4806 1471 4856 τά
1508 4801 1632 4872 ἑξῆς

108 4888 448 4960 ἐπιλεγόμενα.
487 4891 694 4962 Ηῦχετο
751 4892 876 4962 γὰρ,
930 4893 1003 4956 ὡς
1037 4894 1190 4964 ἔφην,
1232 4895 1366 4965 ὑπὲρ
1403 4896 1500 4964 τῆς
1538 4896 1631 4947 ἀν·

108 4979 284 5047 Ορὼπου
345 4984 576 5051 φύσεωςο
644 4986 788 5048 ὅπως
843 4986 1158 5057 καταργηθῇ
1186 4987 1276 5038 τοῦ
1317 4987 1543 5040 θανάτου
1571 4988 1632 5040 τὸ

110 5073 287 5138 κρατος,
338 5077 410 5145 μὴ
470 5077 841 5143 συγκλείοντος
879 5080 994 5129 κατ’
1038 5079 1207 5148 αὐτῆς
1239 5078 1296 5129 τὸ
1330 5080 1500 5148 στόμα
1537 5078 1629 5131 τοῦ

109 5160 224 5224 [sior
250 5166 324 5218 διὸ
356 5166 448 5218 καὶ
482 5166 647 5234 λέγει’
700 5167 864 5235 Μηδὲ
882 5169 1160 5235 συσχέτω
1201 5169 1291 5221 ἐπ’
1324 5169 1427 5238 ἐμὲ
1452 5170 1633 5238 φρέαρ

110 5253 150 5301 τί
179 5260 353 5324 στόμα
375 5260 519 5311 αὐτο
530 5257 582 5311 ῦ.

169 5347 650 5416 Ἐπληθιῖινθησαν
687 5349 835 5417 ὑπὲρ
858 5352 962 5416 τὰς
1002 5353 1206 5422 τρίχας
1234 5351 1342 5416 τῆς
1367 5352 1635 5420 κεφαλῆς

111 5441 265 5496 pcvel
288 5440 612 5507 μισοῦντές
658 5457 733 5508 με
793 5439 1034 5506 δωρεάν.
1085 5442 1276 5495 Πολλοὶ
1320 5443 1428 5512 γὰρ
1456 5445 1504 5494 οἱ
1535 5444 1633 5512 τῆς

112 5523 408 5593 ἀνθρωπείας
472 5530 688 5596 φύσεως
748 5529 1018 5583 ἐπίϐουλοι
1066 5532 1334 5602 δαίμονες,
1370 5535 1416 5584 0i
1470 5533 1630 5603 μηδὲν

114 5613 378 5685 ἠδικημένοι
433 5621 563 5691 παρ’
612 5621 804 5690 ἡμῶν,
864 5623 956 5674 καὶ
1028 5624 1342 5687 σπεύδοντες
1405 5625 1626 5676 ἀνελεῖν.

2213 2060 2342 2116 PSA
2355 2061 2542 2115 LMUS
2591 2060 2685 2112 LX
2703 2059 2867 2113 VIII.

2331 2154 2726 2223 Argumentum.

1740 2243 1992 2303 Contmet
2033 2247 2275 2315 psalmus
2325 2247 2690 2316 precationem
2736 2243 3052 2306 Salvatoris,
3087 2257 3148 2296 ex
3182 2257 3306 2312 per-

1813 2354 1944 2391 sona
1999 2339 2356 2393 humanitatis
2397 2339 2656 2402 oblatam,
2689 2347 2742 2392 et
2774 2346 2953 2390 narrat
2981 2351 3100 2405 qua:
3131 2349 3309 2390 causa:

1813 2427 2012 2483 fuerint
2035 2431 2178 2499 quod
2205 2432 2253 2484 ei
2281 2439 2508 2484 mortem
2535 2430 2714 2483 crucis
2739 2427 3053 2482 obtulerint.
3086 2427 3309 2496 Insuper

1813 2521 1983 2588 ipsum
2011 2522 2316 2590 passionem
2344 2522 2488 2574 clare
2511 2528 2714 2585 narrat,
2739 2534 2944 2573 necnon
2973 2518 3309 2572 calamitates

1812 2626 1952 2678 quas
1984 2619 2105 2676 post
2142 2613 2448 2680 passionem
2488 2609 2687 2665 Judzcis
2723 2610 3034 2679 contingere
3066 2607 3304 2662 futurum

1810 2707 1911 2754 est.
1950 2701 2029 2754 Ad
2067 2701 2180 2754 haec
2225 2701 2390 2754 etiam
2429 2700 2883 2754 introducendum
2926 2715 3045 2753 esse
3071 2713 3307 2769 evange-

1813 2793 1976 2847 licum
2019 2793 2347 2856 institutum,
2381 2801 2542 2860 atque
2579 2791 2883 2844 doctrinam
2925 2793 3106 2845 cultus
3131 2791 3223 2860 qui
3251 2793 3305 2845 in

1813 2883 2002 2952 spiritu
2026 2891 2075 2937 et
2105 2885 2330 2936 veritate
2355 2883 2476 2944 erit,
2507 2882 2557 2935 in
2587 2883 2741 2950 cujus
2763 2883 2836 2934 rei
2867 2881 3128 2935 limitibus
3159 2883 3305 2950 ρεπιι-

1813 2989 1960 3026 mum
1991 2973 2405 3028 circumscribit.
2427 2972 2579 3038 Quod
2599 2984 2776 3025 autem
2803 2973 3103 3026 orationem
3133 2981 3302 3024 totam

1816 3063 2069 3118 Salvator
2112 3080 2177 3117 ex
2210 3065 2461 3118 humana:
2511 3075 2719 3117 natura:
2770 3079 2996 3136 persona
3031 3063 3302 3126 obtulerit,

1820 3154 1871 3207 id
1909 3155 1959 3206 in
1993 3155 2096 3208 fine
2126 3154 2315 3223 psalmi
2347 3153 2636 3222 signiﬁcat,
2669 3155 2886 3221 aitque:
2923 3155 3181 3218 Quoniam
3211 3170 3304 3206 ea:-

1815 3244 2010 3296 audivit
2037 3259 2288 3314 pauperes
2319 3243 2596 3307 Dominus,
2633 3254 2679 3296 et
2707 3245 2900 3296 vinctos
2929 3262 3047 3297 suos
3083 3261 3183 3296 non
3215 3245 3304 3296 de-

1812 3338 1999 3405 spexit.

1813 3517 1865 3569 2.
1887 3516 2104 3570 Salvum
2128 3532 2205 3568 me
2229 3515 2335 3582 fac,
2362 3513 2522 3577 Deus,
2541 3512 2786 3582 quoniam
2813 3513 3136 3563 intraverunt
3157 3525 3304 3579 aqua:

1743 3623 1901 3675 usque
1950 3607 2017 3657 ad
2056 3609 2287 3657 animam
2324 3619 2510 3656 meam.
2552 3602 2820 3667 Quoniam
2865 3611 3084 3670 peccata
3117 3610 3304 3655 nostra

1742 3698 1996 3766 suscepit,
2033 3711 2129 3762 pro
2158 3695 2313 3748 nobis
2340 3696 2612 3748 cruciatur
2636 3694 2678 3722 ⁸⁸
2705 3711 2716 3746 ι
2748 3708 2810 3746 ac
2837 3693 2960 3760 jure
2994 3702 3144 3761 rogat
3168 3693 3302 3760 eripi

1741 3804 1800 3847 se
1849 3805 1877 3842 a
1932 3787 2340 3850 tentationibns,
2374 3801 2494 3854 qua:
2544 3785 2800 3838 torrentis
2847 3785 3021 3837 instar
3065 3785 3300 3836 animam

1742 3877 1860 3946 ejus
1895 3877 2384 3930 circumdederunt.

1811 3973 1864 4027 5.
1897 3971 2100 4040 Inﬁxus
2130 3986 2243 4022 sum
2272 3970 2325 4021 in
2358 3969 2483 4020 limo
2508 3967 2789 4036 profundi,
2831 3975 2882 4019 et
2929 3982 3028 4018 non
3062 3976 3137 4019 est
3183 3966 3303 4019 sub-

1742 4065 1961 4126 stantia,
1995 4071 2101 4115 etc.
2149 4059 2268 4113 l-lzcc
2297 4061 2439 4112 enim
2477 4060 2781 4125 patiebatur
2818 4059 3051 4110 humana
3087 4066 3300 4118 natura,

1741 4157 1967 4209 deducta
2017 4171 2108 4224 per
2152 4163 2430 4223 peccatum
2473 4153 2523 4205 in
2555 4163 2804 4213 mortem,
2831 4153 2964 4205 etin
3006 4152 3179 4219 ipsum
3220 4151 3302 4202 in-

1739 4247 1877 4301 ferni
1904 4248 2102 4310 locum,
2133 4261 2292 4315 quem
2325 4246 2512 4297 limum
2543 4242 2793 4312 profundi
2833 4252 2887 4295 et.
2920 4242 3087 4295 maris
3117 4240 3300 4294 altitu~

1740 4339 1919 4392 dinem
1956 4337 2040 4391 hic
2073 4346 2249 4390 vocat.

1812 4434 1863 4486 4.
1889 4431 2148 4485 Laboravi
2170 4435 2428 4494 clamans,
2447 4447 2617 4483 rauca,
2638 4430 2793 4498 facta:
2815 4439 2934 4481 sunt
2957 4429 3132 4495 fauces
3151 4443 3296 4481 mea.

1740 4523 1994 4590 Quantam
2033 4524 2316 4576 clamando
2354 4523 2552 4575 dixerit
2597 4533 2648 4574 ct
2684 4521 2882 4589 quibus
2913 4520 2977 4573 de
3006 4519 3209 4581 causis,
3244 4520 3299 4570 in

1740 4619 2091 4689 sequentibus
2127 4627 2308 4686 aperte
2336 4620 2492 4670 docet
2521 4617 2748 4670 dicendo
2777 4634 2788 4669 :
2823 4615 3011 4668 Libera
3046 4631 3125 4666 me
3146 4613 3209 4666 ab
3233 4614 3298 4666 iis

1734 4717 1824 4795 gui
1847 4717 2062 4768 oderunt
2078 4731 2155 4768 me
2178 4725 2224 4768 et
2247 4716 2309 4767 de
2326 4715 2598 4784 profundis
2621 4713 3051 4784 aquarnm“,et:
3083 4711 3198 4765 Non
3223 4729 3300 4765 me

1737 4813 1999 4878 devitet-gat
2030 4818 2301 4876 tempestas
2331 4825 2479 4877 aqua:
2505 4809 2571 4869 ⁸⁷,
2600 4818 2703 4860 etc.
2737 4806 2982 4876 llogabat
3008 4805 3296 4873 siquidem,

1740 4900 1817 4952 uti
1864 4899 1975 4968 jam
2028 4899 2165 4961 dixi,
2194 4914 2290 4968 pro
2322 4898 2556 4951 hominis
2593 4907 2806 4957 natura,
2841 4906 2900 4950 ut
2933 4896 3297 4948 destrueretur

1740 4991 1929 5044 mortis
1967 4991 2277 5059 imperium,
2307 4990 2518 5042 inferno
2543 5005 2603 5041 os
2631 5005 2788 5043 suum
2823 4997 2942 5058 post
2983 4987 3155 5054 ipsum
3191 5002 3294 5040 non

1739 5082 2053 5147 claudente,
2107 5082 2458 5152 quamobrem
2487 5080 2650 5147 dicit,
2683 5095 2842 5149 neque
2879 5077 3094 5131 claudat
3146 5093 3295 5146 super

1740 5190 1817 5226 me
1841 5184 2022 5242 puteus
2051 5191 2106 5227 os
2134 5190 2285 5226 suum
2319 5173 2383 5226 ⁸⁸.

1809 5349 1861 5402 5.
1897 5348 2240 5418 Multiplicati
2271 5358 2392 5401 sunt
2421 5365 2575 5418 super
2608 5348 2826 5416 capillos
2856 5347 3043 5415 capitis
3072 5346 3171 5398 mei
3206 5348 3293 5414 qui

1741 5443 1960 5494 oderunt
1989 5458 2066 5494 me
2093 5443 2280 5510 gratis.
2314 5440 2462 5494 Mulli
2488 5456 2720 5510 namque
2744 5440 3014 5494 daemones
3047 5437 3293 5492 humanm

1737 5543 1939 5586 natura:
1980 5533 2322 5595 insidiantur,
2362 5533 2453 5602 qui
2500 5532 2633 5585 nihil
2669 5547 2696 5582 a
2734 5531 2888 5584 nobis
2917 5531 3026 5584 laesi
3059 5529 3291 5591 fuerant,

1733 5635 1785 5678 et
1811 5636 1989 5680 tamen
2041 5640 2225 5681 necem
2277 5625 2574 5680 moliuntur
2616 5623 2789 5678 nobis.
2833 5621 3129 5694 Confortati
3175 5631 3290 5673 sunt

170 5755 201 5782 "
226 5758 313 5812 lsa.
351 5779 464 5826 LIII,
489 5765 522 5817 4
559 5780 674 5833 seq.
733 5765 778 5796 "
810 5765 956 5821 νει-δ.
991 5768 1070 5821 l5.
1135 5771 1177 5800 ⁸⁷
1208 5768 1358 5823 Vers.
1404 5770 1481 5823 l6.
1549 5769 1593 5801 ⁸⁸
1619 5766 1751 5822 Ηιίίι.
