4086 6308
776 378 879 436 307

1589 377 1646 431 S.
1687 377 2056 432 ATHANASH
2098 375 2247 432 ΟΡΡ.
2292 376 2472 432 PARS
2511 378 2598 434 Ill.
2625 407 2693 418 —
2734 375 3144 432 EXEGETICA.
3904 374 3986 428 598

775 500 865 566 qui
900 495 1159 564 persecuti
1191 505 1313 548 sunt
1361 511 1439 548 me
1474 496 1675 549 inimici
1723 499 1820 549 mei
1855 497 2068 566 injuste.
2105 495 2339 551 Declaral

2464 495 2972 564 Ἐκραταιὼθησαν
3015 499 3070 549 οι
3117 496 3319 564 ἐχθροί
3362 512 3502 562 μευ,
3553 496 3608 548 οι
3643 490 3991 560 ἐκδιώκοντές

775 603 940 655 quam
966 586 1168 655 injuste
1195 588 1461 642 sententia
1492 599 1677 642 contra
1710 605 1835 643 eum
1857 589 1966 644 lata
1996 592 2086 645 sit.

853 742 906 796 6.
939 741 1100 805 Deus,
1134 753 1190 796 tu
1217 745 1319 797 sris
1357 745 1717 812 insipientiam
1758 762 1944 800 meam.
1975 746 2345 816 lusipieutiam

779 835 932 899 dicit,
967 851 1088 890 eam
1127 852 1248 904 qua:
1281 837 1405 891 talis
1440 838 1654 893 videtur
1688 841 2020 904 nominibus,
2058 842 2343 896 stultitiam

779 927 902 983 dico
935 929 1227 998 passionis.
1266 927 1428 985 Far-ta
1466 932 1608 986 enim
1636 942 1733 995 est,
1763 932 1916 1000 juxta
1953 948 2169 986 sacrum
2201 934 2344 1002 Apo-

779 1021 978 1074 stolum
1007 1021 1073 1084 ",
1102 1037 1238 1078 crux
1276 1025 1488 1077 Domini
1519 1023 1717 1078 Iudaeis
1754 1025 1970 1090 quidem
2003 1027 2342 1090 scandalum,

779 1113 1030 1185 gentibus
1059 1127 1238 1170 autem
1271 1117 1520 1170 stultitia.
1553 1117 1630 1168 Tu
1665 1117 1848 1186 igitur,
1875 1133 1908 1171 ο
1932 1117 2110 1184 Pater,
2142 1120 2342 1188 inquit,

779 1210 921 1263 nosti
950 1211 1316 1265 oeconomiam
1360 1211 1556 1265 crucis.
1593 1208 1707 1265 Hoc
1747 1221 1927 1265 autem
1963 1213 2037 1265 ait
2073 1213 2198 1281 quia
2247 1211 2347 1265 fuit

779 1302 1038 1358 obedieus
1069 1302 1212 1357 Patri
1267 1319 1440 1374 usque
1485 1303 1550 1358 ad
1598 1315 1827 1358 mortem
1850 1347 1864 1369 ,
1901 1314 2128 1358 mortem
2164 1315 2343 1357 autem

778 1394 978 1449 crucis.
1017 1394 1082 1448 Et
1115 1395 1306 1448 delicta
1331 1411 1443 1448 mea
1470 1412 1501 1448 a
1537 1405 1584 1448 te
1609 1413 1713 1448 non
1746 1405 1867 1449 sunt
1898 1397 2231 1451 abscondita.
2261 1396 2346 1451 Si-

778 1487 903 1541 mile
952 1479 1037 1543 est
1082 1488 1241 1542 huic:
1271 1487 1375 1553 Qui
1421 1506 1522 1542 non
1565 1492 1706 1543 novit
1750 1497 2042 1559 peccatum,
2073 1498 2343 1558 peccatum

778 1596 869 1649 pro
894 1582 1042 1634 nobis
1064 1582 1186 1649 fecit
1203 1582 1284 1648 '°.;
1319 1592 1482 1653 atque
1521 1584 1623 1639 hoc
1654 1592 1739 1639 est
1769 1584 1915 1654 quod
1945 1584 2143 1638 dicitur
2174 1603 2187 1636 :
2222 1585 2264 1636 Α
2299 1593 2346 1636 te

776 1686 879 1723 non
905 1680 1025 1723 sunt
1055 1671 1384 1727 abscondita.

845 1763 896 1816 7.
921 1761 1041 1816 Non
1070 1765 1376 1818 erubescant
1400 1766 1453 1818 in
1475 1782 1552 1819 me
1577 1767 1666 1837 qui
1684 1775 1980 1836 exspectant
2005 1777 2073 1833 te,
2103 1763 2338 1829 Domine,

2444 605 2521 655 με
2549 588 2785 652 ἀδίκως.
2802 588 3109 650 ·Δείκνυσιν,
3135 587 3210 650 ὼς
3234 584 3432 648 ἀδίκως
3455 586 3487 655 ἡ
3517 583 3639 637 κατ’
3662 581 3826 636 αῢτοῦ
3847 582 3990 654 ψῆφος

2448 677 2812 748 ἐξενήνεκται.

2528 768 2592 824 '0
2627 769 2788 834 Θεὸς,
2812 768 2892 823 σὺ
2920 770 3105 836 ἔγνως
3136 766 3250 834 τὴν
3281 767 3639 836 ἀφροσύνην
3657 783 3796 834 μου.
3840 766 3986 836 Ἂςρο

2449 862 2613 933 σύνην
2655 863 2787 933 φησὶ
2821 862 2918 932 τὴν
2947 861 3293 932 νομισθεῖσαν
3349 858 3498 929 παρὰ
3543 861 3660 921 τοῖς
3719 857 3993 928 ἀνθριηις

2450 955 2677 1026 μωρίαν,
2710 954 2807 1025 τὴν
2832 955 2924 1007 τοῦ
2952 954 3156 1018 πάθους
3177 953 3339 1024 φημί.
3365 952 3558 1019 Γέγονε
3586 951 3715 1021 γὰρ,
3763 950 3896 1002 κατὰ
3921 954 3995 1003 τὶν

2449 1050 2588 1121 ἱερὸν
2634 1048 2971 1111 ’Λπόστολον,
3008 1052 3035 1102 6
3082 1048 3175 1100 τοῦ
3220 1048 3425 1117 Κυρίου
3459 1045 3690 1116 σταυρὸς
3752 1045 3995 1108 Ἰουδαίοις

2449 1143 2545 1212 μὲν
2577 1141 2891 1204 σκάνδαλον,
2929 1139 3104 1192 ἔθνεσι
3139 1139 3196 1191 δὲ
3231 1138 3432 1209 μωρία.
3475 1139 3546 1192 Σὺ
3569 1134 3684 1201 οὖν,
3737 1132 3782 1189 ὧ
3817 1138 3994 1206 Πάτερ,

2447 1232 2628 1302 φησὶν,
2665 1229 2834 1299 ἔγνως
2865 1231 2965 1302 τὴν
2993 1231 3078 1282 διὰ
3106 1229 3200 1282 τοῦ
3227 1229 3460 1300 σταυροῦ
3491 1230 3824 1299 οἰκονομίαν.
3850 1229 3998 1281 Τοῦτο

2443 1323 2499 1376 δὲ
2537 1323 2704 1392 λέγει,
2759 1323 2944 1393 ἐπειδὴ
2978 1323 3199 1391 γέγονεν
3233 1323 3470 1392 ὑπήκοος
3507 1321 3584 1391 τῷ
3637 1322 3812 1392 Πατρῖ
3860 1321 3994 1389 μέλω

2445 1417 2697 1480 θανάτου,
2726 1417 2953 1469 θανάτου
2986 1415 3042 1468 δὲ
3074 1415 3328 1486 σταυροῦ.
3374 1415 3478 1468 Καὶ
3529 1417 3588 1467 αἱ
3619 1415 3999 1483 πλημμέλειαι

2437 1526 2557 1576 μου
2589 1507 2706 1562 ἀπὸ
2734 1505 2850 1561 σοῦ
2882 1510 2992 1561 οὐκ
3044 1507 3485 1574 ἀπεκρύὸησαν.
3526 1508 3746 1575 Ὅμοιον
3771 1506 3867 1575 τῷο
3905 1508 4000 1557 Ter

2437 1598 2522 1666 μὴ
2547 1600 2765 1668 γνόντα
2786 1599 3074 1668 ἁμαρτίαν
3089 1599 3375 1666 ἁμαρτίαν
3391 1596 3538 1665 ὑπὲρ
3561 1597 3728 1666 ἡμῶν
3747 1598 3997 1665 ἐποίησε.

2442 1693 2552 1746 Καὶ
2582 1691 2736 1744 τοῦτό
2769 1692 2883 1743 ἐστι
2908 1691 2986 1743 τόσ
3037 1691 3167 1744 Ἀπὸ
3196 1690 3309 1743 σοῦ
3337 1692 3446 1742 οὐκ
3469 1690 3831 1758 ἐκρύῧησαν.

2515 1788 2609 1852 Μὴ
2660 1785 3137 1853 αἰσχυνθείησαν
3170 1784 3263 1836 ἐπ’
3288 1784 3392 1853 ἐμὲ
3419 1787 3474 1837 οι
3500 1785 3900 1854 ὑπομένοντες
3916 1802 3998 1847 σε,

778 1854 996 1909 Domine
1027 1857 1294 1910 virtutum.
1326 1855 1482 1922 Illud,
1515 1859 1570 1910 in
1601 1875 1699 1923 me,
1734 1859 1785 1912 id
1822 1869 1924 1922 est,
1961 1874 2056 1928 per
2091 1872 2195 1920 me,
2225 1860 2338 1912 sive

2442 1879 2635 1947 Κύριε,
2675 1880 2848 1946 Κύριε
2873 1876 2990 1930 τῶν
3025 1875 3354 1946 δυνάμεων.
3387 1876 3457 1928 Τὸ
3487 1877 3604 1946 μὲν,
3636 1877 3728 1929 ἐπ’
3761 1876 3864 1945 ἐμὲ
3917 1879 3998 1928 ἀν-

778 1962 871 2014 per
894 1965 1066 2009 meam
1094 1965 1191 2018 pro
1217 1949 1282 2004 iis
1312 1949 1643 2019 passionem.
1675 1949 1810 2004 Illud
1836 1964 2038 2011 autem.
2071 1949 2189 2003 Non
2213 1969 2336 2004 eru-

777 2042 1006 2104 bescant,
1035 2040 1192 2110 quasi
1226 2041 1398 2102 dicas,
1429 2055 1493 2095 ne
1520 2041 1660 2094 ultra
1691 2041 2016 2094 erubescant
2043 2041 2181 2094 sicut
2207 2042 2335 2094 olim

776 2136 996 2202 quando
1029 2140 1100 2190 ob
1129 2137 1532 2206 corruptionem
1568 2152 1728 2206 quam
1756 2137 2101 2206 patiebantur
2132 2138 2339 2206 pudore

776 2227 952 2282 allecti
981 2238 1155 2283 erant.
1191 2226 1315 2282 Haec
1337 2239 1516 2283 autem
1537 2229 1805 2283 sententia
1833 2248 1845 2282 :
1877 2227 2337 2298 Quando,inquit,

774 2335 874 2387 ego
901 2319 952 2372 id
987 2319 1040 2371 in
1069 2334 1154 2373 me
1191 2318 1425 2388 Suscepi,
1448 2327 1506 2372 ut
1529 2336 1626 2389 pro
1661 2320 1767 2375 illis
1792 2331 2015 2374 mortem
2040 2330 2339 2390 gustarem,

775 2412 1057 2467 aboieatur
1087 2414 1175 2467 illa
1210 2429 1305 2484 per
1345 2425 1573 2469 mortem
1605 2416 1735 2484 ipsis
1765 2416 1892 2469 olim
1924 2416 2068 2468 illata
2094 2415 2335 2470 infamia.

773 2504 908 2560 Nam
947 2523 1096 2562 mors
1136 2523 1262 2563 vere
1289 2506 1513 2562 infamia
1543 2517 1681 2569 erat.
1718 2509 1772 2561 in
1803 2509 2078 2562 hominem
2105 2509 2170 2562 ad
2201 2509 2336 2562 ima-

773 2601 951 2667 ginem
984 2601 1074 2654 Dei
1098 2608 1339 2654 creatum
1377 2616 1605 2669 regnum
1637 2601 1910 2655 obtinens.
1939 2600 2220 2666 Significat
2247 2601 2341 2652 ita-

773 2705 878 2758 que
896 2706 992 2766 per
1006 2691 1123 2759 ejus
1147 2691 1598 2747 resurrectionem
1624 2692 1689 2745 de
1712 2692 1887 2745 medio
1911 2693 2200 2746 tollendam
2221 2709 2341 2746 esse

773 2793 1024 2841 mortem.
1056 2782 1193 2840 Huic
1226 2785 1655 2854 interpretationi
1689 2786 2001 2854 adiungitur
2032 2802 2222 2840 versus
2254 2787 2340 2839 isti

771 2879 1116 2934 consimilis:
1152 2879 1275 2933 Non
1313 2878 1708 2945 confundantur
1748 2896 1903 2946 super
1937 2897 2014 2932 me
2053 2880 2143 2949 qui
2193 2897 2339 2950 qucr-

773 2982 894 3023 runt
917 2970 1233 3030 te.Pulchre
1260 2971 1512 3039 superius
1545 2981 1598 3049 et
1625 2971 1726 3025 hoc
1753 2970 1877 3025 item
1918 2972 2034 3025 loco
2066 2973 2221 3037 dixit,
2251 2990 2340 3026 su-

771 3078 862 3128 pcr
889 3077 987 3116 me.
1020 3061 1165 3128 Quia.
1189 3063 1335 3117 enim
1375 3064 1488 3131 ipse
1519 3072 1637 3116 erat
1677 3063 1771 3132 qui
1804 3063 2111 3117 concitabat
2138 3083 2151 3128 ;
2185 3064 2229 3118 si
2262 3066 2338 3116 vi-

771 3165 892 3209 etus
927 3152 1141 3215 fuisset.
1176 3155 1438 3226 pudorem
1463 3155 1728 3209 allaturus
1757 3164 1872 3209 erat
1896 3154 1962 3208 iis
1991 3155 2082 3224 qui
2114 3155 2216 3208 sibi
2243 3154 2339 3208 ob-

773 3253 1184 3316 temperassent,
1215 3255 1398 3316 utpote
1425 3246 1516 3316 qui
1547 3261 1643 3316 pcr
1672 3245 1916 3300 fraudem
1949 3255 2001 3301 et
2025 3246 2338 3302 facilitatem

771 3335 939 3390 animi
964 3336 1203 3405 pericula
1233 3337 1516 3391 adiisscnt.

846 3425 902 3491 8,
927 3425 978 3481 9.
1000 3425 1262 3498 Quoniam
1281 3437 1496 3496 propter
1519 3435 1568 3479 te
1597 3426 1827 3479 sustinui
1849 3425 2205 3494 opprobrium.
2234 3425 2340 3479 Po-

772 3520 936 3585 stulo,
973 3519 1170 3589 inquit,
1200 3529 1259 3574 ut
1299 3536 1448 3575 mors
1476 3520 1540 3574 de
1572 3518 1752 3573 medio
1798 3519 2051 3585 tollatur,
2081 3520 2337 3589 quoniam

771 3609 1030 3666 obediens
1061 3610 1156 3664 tibi
1186 3608 1366 3666 factus
1394 3611 1565 3682 ipsam
1593 3611 1799 3679 accepi.
1835 3608 2135 3664 Extraneus
2167 3611 2340 3680 [actus

771 3719 888 3760 sum
914 3700 1170 3778 [ratribus
1207 3704 1354 3758 meis.
1387 3701 1501 3757 Hoc
1534 3702 1609 3757 ait
1637 3702 1767 3773 quia
1800 3709 2041 3772 tempore
2070 3703 2342 3773 passionis

771 3800 841 3852 ab
865 3796 1123 3852 omnibus
1154 3796 1444 3852 derelictus
1469 3804 1570 3851 est.

847 3973 930 4028 10.
959 3973 1220 4044 Quoniam
1247 3977 1387 4030 zelus
1415 3976 1601 4031 domus
1628 3986 1733 4030 tua
1763 3977 1984 4030 comedit
2009 3994 2106 4031 me.
2140 3976 2220 4033 lle
2241 3977 2338 4031 ab-

774 4077 1058 4140 negarent,
1091 4069 1291 4140 inquit,
1321 4071 1446 4140 quia
1476 4071 1837 4139 cuarguebam
1868 4085 1962 4127 eos
2003 4071 2150 4142 quod
2187 4071 2340 4142 impii

773 4163 824 4215 in
857 4163 1079 4219 domum
1117 4173 1264 4218 tuam
1315 4173 1517 4218 essent.
1558 4163 1790 4218 Enarrat
1829 4173 2011 4218 autem
2051 4165 2342 4220 historiam

771 4255 971 4309 diserte
991 4251 1251 4318 Joannes,
1271 4255 1414 4325 quod
1447 4255 1657 4323 ﬂagello
1695 4256 1915 4324 ejecerit
1951 4272 2046 4311 eos
2091 4257 2158 4311 de
2207 4265 2341 4310 tem—

773 4346 860 4416 plo
873 4347 936 4397 ".
953 4345 1021 4399 Et
1036 4347 1311 4416 opprobria
1326 4347 1754 4417 exprobrantium
1772 4349 1865 4400 tibi
1883 4348 2174 4402 ceciderunt
2188 4365 2341 4416 super

774 4456 874 4493 me.
911 4437 1028 4494 Non
1056 4438 1243 4505 modo,
1274 4440 1472 4511 inquit,
1493 4449 1784 4496 extraneos
1814 4439 1991 4495 factus
2017 4457 2137 4496 sum
2163 4450 2215 4494 et
2246 4455 2340 4510 pe-

772 4531 1044 4600 regrinus,
1069 4531 1161 4586 sed
1192 4531 1357 4586 etiam
1383 4531 1671 4602 opprobria
1699 4530 2036 4588 sustinebam
2061 4531 2130 4586 ab
2157 4532 2222 4587 iis
2246 4533 2339 4601 qui

768 4639 866 4692 per
896 4624 1036 4677 mala
1062 4639 1222 4694 opera
1260 4625 1662 4694 exprobrabant
1693 4625 1813 4679 tibi.
1838 4622 1994 4678 Nulla
2026 4636 2207 4680 autem
2233 4625 2336 4679 alia

768 4719 836 4773 de
871 4731 1039 4774 causa
1091 4717 1142 4772 id
1198 4718 1463 4788 patiebar,
1515 4718 1618 4773 nisi
1650 4728 1870 4789 prepter
1917 4717 2093 4773 zelum
2143 4718 2339 4774 domus

771 4820 897 4863 ture.

847 4902 1033 4958 H-tl’i.
1067 4901 1136 4956 Et
1166 4903 1348 4972 operui
1379 4903 1434 4955 in
1476 4901 1684 4973 jejunio
1735 4904 1966 4957 animum
2009 4919 2199 4966 meam,
2231 4912 2334 4957 etc.

771 4992 994 5058 Dolens,
1016 4993 1214 5064 inquit,
1243 5001 1309 5048 de
1335 4991 1516 5047 futura
1535 4992 1837 5048 animarum
1857 5008 2045 5048 eorum
2083 4993 2341 5064 pernicie,

771 5087 878 5137 hoe
903 5092 1067 5153 atque
1111 5084 1243 5138 illud
1290 5084 1536 5154 agebam.
1564 5082 1643 5137 llli
1673 5099 1799 5138 vero
1827 5098 1922 5153 pro
1963 5084 2164 5152 quibus
2193 5082 2341 5152 ejus-

771 5175 916 5228 modi
969 5191 1055 5230 res
1102 5173 1422 5237 eﬂlciebam,
1453 5174 1600 5227 omni
1646 5182 1887 5243 tempore
1926 5183 1978 5225 et
2017 5172 2138 5227 loco
2173 5187 2258 5225 me
2283 5172 2337 5226 in

770 5280 867 5320 ore
897 5265 1208 5329 versabant,
1240 5263 1632 5334 exprobrantes
1680 5264 1814 5318 mihi
1847 5264 2240 5319 macerationes
2275 5264 2338 5316 i1-

771 5359 853 5411 las
880 5372 1017 5426 quas
1041 5371 1228 5410 eorum
1258 5371 1421 5411 causa
1446 5355 1808 5410 sustinebam.

851 5446 934 5499 14.
988 5444 1096 5516 Ego
1143 5461 1259 5500 vero
1311 5447 1602 5500 orationem
1657 5463 1824 5499 meam
1869 5445 1939 5499 ad
1987 5456 2053 5513 te,
2094 5446 2334 5503 Domine.

776 5538 1023 5605 Etiamsi,
1056 5539 1248 5608 inquit,
1287 5538 1653 5596 retribuerunt
1702 5539 1830 5591 mihi
1856 5538 1992 5590 mala
2034 5553 2130 5607 pro
2159 5538 2336 5603 bonis,

773 5641 825 5680 at
853 5642 952 5696 ego
982 5644 1089 5683 non
1131 5629 1293 5684 tinem
1317 5629 1458 5683 facio
1483 5643 1672 5699 preces
1706 5643 1804 5697 pro
1851 5627 1916 5683 iis
1946 5627 2227 5680 oﬂcrcndi.
2275 5625 2340 5679 Et

767 5806 922 5880 iii”
959 5807 1082 5864 (Σοΐ-
1123 5823 1158 5871 ly
1189 5806 1272 5860 εὖ·
1359 5808 1402 5837 ⁸⁸
1433 5805 1452 5860 1
1479 5808 1602 5863 Cor.
1640 5823 1684 5873 ν,
1724 5807 1810 5861 21.
1873 5808 1914 5837 "‘
1950 5802 2103 5858 Juan.
2145 5804 2313 5868 11,15.

2438 1973 2492 2024 τὶ
2511 1970 2626 2035 τοῦ,
2653 1971 2720 2024 δι’
2740 1970 2861 2040 ἐμὲ,
2879 1971 2996 2041 ἢτοι
3023 1969 3110 2024 διὰ
3128 1969 3222 2022 τοῦ
3252 1968 3385 2040 ἐμοῦ
3413 1969 3552 2040 ὑπὲρ
3585 1970 3764 2022 αὐτῶν
3790 1968 3998 2031 πάθον-ς·

2438 2062 2498 2115 τὸ
2529 2063 2607 2124 δὲ,
2659 2062 2756 2130 Μὴ
2807 2061 3308 2130 αἰσχυνθείησαν,
3361 2061 3479 2113 ἀντὶ
3516 2061 3634 2125 τοῦ,
3695 2061 3889 2132 μηκέτι
3927 2065 4000 2114 αἱ·

2441 2153 2816 2223 σι’)νθείησαν.
2867 2153 2943 2216 ὼς
2991 2154 3156 2207 πάλαι
3208 2153 3385 2205 οὔτῶν
3434 2154 3817 2223 ᾐσχυνομένων
3841 2155 3904 2207 δι’
3947 2157 4004 2221 ἣν

2440 2245 2735 2315 ὑπέμειναν
2773 2243 2997 2314 φθοράν.
3036 2245 3094 2297 ’0
3131 2245 3188 2298 δὲ
3229 2243 3354 2305 νοῦς
3389 2237 3561 2306 οὔτας’
3613 2245 3830 2314 Ἐπειδὴ
3884 2245 4001 2313 ἐγὼ,

2441 2339 2592 2408 φησι,
2618 2336 2984 2407 κατεδεξὰμην
3020 2337 3159 2408 ὑπὲρ
3195 2336 3373 2390 αὐτῶν
3411 2336 3709 2405 γεύσασθαι
3762 2336 4002 2398 θανατοι,

2442 2427 2750 2498 ἀναιρεθείη
2801 2429 2834 2498 ἡ
2882 2428 3048 2482 πάλαι
3103 2431 3222 2481 κατ’
3257 2428 3434 2482 αὐτῶν
3485 2429 3750 2499 γενομένη
3797 2427 3883 2480 διὰ
3925 2427 4006 2481 τίν

2442 2520 2668 2573 θάνατον
2707 2519 2957 2592 αἰσχύνη.
3006 2521 3244 2592 Αίσχύνη
3303 2520 3411 2591 γὰρ
3440 2517 3507 2591 ἦν
3540 2521 3634 2574 τοῦ
3689 2524 3809 2575 κατ’
3837 2523 4004 2573 ebrii-.1

2441 2611 2573 2664 Θεοῦ
2598 2612 2907 2673 κτισθέντος
2935 2611 3224 2683 ἀνθρώπου
3257 2611 3555 2682 βασιλεύων
3577 2615 3605 2663 6
3636 2613 3882 2675 θάνατος.
3913 2613 4005 2679 Ση-

2445 2703 2624 2772 μαίνει
2654 2698 2769 2768 οὖν,
2789 2703 2864 2766 ὡς
2895 2703 2981 2756 διὰ
3009 2703 3108 2773 τῆς
3163 2703 3329 2756 αύτοῦ
3378 2704 3726 2768 ἀναστάσεως
3757 2706 3821 2756 ὲκ
3854 2706 4004 2774 μέσον

2447 2798 2735 2866 γενήσεται
2780 2799 2808 2849 ὁ
2857 2795 3102 2858 θάνατος.
3141 2795 3414 2865 Συνῆπται
3460 2790 3553 2848 οὖν
3609 2797 3666 2848 ὲν
3724 2795 3896 2868 ταύτῃ
3943 2798 4004 2864 τῇ

2442 2885 2705 2956 ἑρμηνεία
2735 2887 2826 2938 καὶ
2870 2889 2897 2939 6
2939 2886 3122 2957 ἔτερος
3149 2887 3349 2957 στίχος,
3398 2886 3640 2941 ότυύτου
3698 2888 4002 2959 παρόμοιος·

2443 2977 2606 3040 Μηδὲ
2651 2977 3093 3045 ἐντραπείησαν
3143 2979 3234 3030 ἐπ’
3292 2977 3396 3048 ἐμὲ
3450 2981 3504 3032 ol
3557 2977 3875 3045 ζητοῦντές
3920 2996 4004 3034 σε.

2443 3068 2636 3131 Καλῶς
2661 3070 2754 3123 καὶ
2781 3069 2891 3122 ἄνω
2918 3066 3038 3122 εἷπε
3088 3072 3166 3133 τὸ,
3195 3070 3288 3123 ἐπ’
3318 3068 3446 3139 ἐμὲ,
3501 3070 3594 3123 καὶ
3625 3064 3751 3125 ὧδε.
3799 3072 4006 3139 Ἐπειδὴ

2443 3163 2551 3235 γὰρ
2607 3163 2769 3226 αὐτὸς
2814 3159 2882 3234 ἦν
2944 3164 2971 3215 6
3037 3163 3380 3236 προτρέψας,
3439 3162 3690 3234 ἡττηθεὶς
3748 3164 4004 3234 αἰσχύνην

2446 3254 2606 3324 ἔφερε
2638 3255 2748 3316 τοῖς
2804 3252 3122 3316 πεισθεῖσιν,
3172 3253 3248 3317 ὡς
3295 3254 3477 3324 ἀπάτῃ
3525 3256 3619 3306 καὶ
3655 3253 3876 3324 εὐκολία
3928 3253 4009 3304 τὸν

2446 3343 2684 3395 κίνδυνον
2713 3341 3004 3410 ἑλομένοις.

2519 3433 2645 3486 Ὅτι
2677 3432 2856 3487 ἕνεκὰ
2903 3449 3019 3486 σου
3071 3432 3381 3500 ὑπήνεγκα
3436 3432 3805 3502 όνειδισμόν.
3848 3429 4006 3492 Λῖτῶ,

2446 3525 2628 3594 φησὶν,
2673 3523 2914 3577 ἐκποδὼν
2957 3524 3208 3593 γενέσθαι
3258 3525 3348 3576 τὸν
3410 3523 3660 3577 θάνατον·
3708 3525 3897 3596 ἐπειδὴ
3925 3523 4009 3576 καί

2448 3634 2528 3669 σοι
2555 3616 2794 3687 γεγονὼς
2827 3617 3084 3689 ὑπήκοος,
3119 3617 3280 3670 αὑτὸν
3304 3616 3703 3688 ἁναδέδειγμαι.
3731 3619 4013 3685 311131.10-

2449 3708 2761 3778 τριωμένος
2799 3709 3096 3779 ἐγενήθην
3155 3707 3277 3774 τοῖς
3323 3707 3605 3776 ἀδελφοῖς
3655 3729 3797 3778 μευ.
3851 3710 4014 3762 Τοῦτό

2447 3817 2579 3870 φησι
2608 3799 2694 3854 διὰ
2717 3801 2815 3870 τὴν
2843 3801 3139 3870 γενομένην
3168 3799 3316 3869 αύτῷ
3364 3799 3455 3850 ἐπὶ
3484 3798 3577 3851 τοῦ
3614 3800 3823 3862 πάθους
3874 3803 4012 3871 παρὰ

2447 3891 2661 3947 πάντων
2694 3890 3094 3959 ὲγκατεὶλειοᾲιν.

2518 3983 2646 4037 Ὅτι
2674 3985 2706 4035 ὀ
2732 3979 2908 4048 ζῆλος
2940 3982 3044 4035 τοῦ
3067 3982 3235 4036 οἴκου
3258 3999 3372 4037 σου
3397 3983 3689 4053 κατέμαγέ
3707 4000 3802 4052 με.
3835 3983 4015 4054 Ἦρνίπ

2450 4073 2609 4126 σαντό
2640 4091 2727 4144 με,
2754 4075 2937 4146 φησὶν,
2967 4074 3151 4145 ἐπειδὴ
3181 4075 3408 4146 ἤλεγχον
3460 4077 3676 4139 ἀσεϐεῖς
3705 4076 3901 4139 αὐτοὺς
3931 4093 4014 4142 γε·

2447 4165 2703 4235 νομένους
2747 4167 2875 4237 περὶ
2919 4165 3009 4217 τὸν
3053 4159 3198 4217 οἷκον
3231 4166 3320 4219 τὸν
3370 4168 3478 4219 σόν.
3513 4168 3789 4234 Διηγεῖται
3841 4165 3898 4218 δὲ
3925 4164 4012 4232 τὴν

2449 4255 2687 4326 ἱστορίαν
2721 4255 2906 4325 σαφῶς
2939 4258 2967 4308 ὁ
3003 4257 3270 4326 Ἰωςίιννης⁹
3300 4258 3389 4309 ὅτε
3437 4256 3654 4322 ἐξέϐαλε
3687 4256 3828 4327 μετὰ
3857 4273 4016 4328 φραγ·

2446 4349 2626 4416 γελίου
2663 4350 2725 4400 ὲκ
2748 4348 2838 4401 τοῦ
2866 4348 3030 4418 ἱεροῦ.
3059 4349 3165 4402 Καὶ
3219 4351 3273 4401 οι
3313 4348 3639 4417 ὀνειδισμοὶ
3710 4349 3832 4401 τῶν
3870 4351 4012 4402 ὀνει-

2445 4439 2723 4501 διζόντων
2763 4457 2836 4494 σε
2878 4441 3180 4496 ἐπέπεσον
3222 4440 3314 4494 ἐπ’
3348 4441 3468 4510 ἐμέ.
3525 4442 3597 4494 Ού
3647 4441 3808 4512 μόνον
3875 4441 4014 4507 ξένος

2377 4559 2416 4612 D
2446 4533 2728 4602 ἐγενήθην,
2783 4534 2938 4604 φησὶ,
2994 4535 3086 4587 καὶ
3141 4533 3671 4605 ἀπηλλοτριωμένος,
3729 4532 3872 4586 ἀλλὰ
3932 4533 4014 4583 κ;ὶ

2445 4624 2798 4696 ὠνειδιζόμην
2825 4626 2882 4691 ἐξ
2914 4625 3139 4681 ἐκείνων
3200 4624 3297 4677 τῶν
3349 4626 3456 4678 ἀπὸ
3485 4623 3736 4696 πονηρῶν
3767 4622 4015 4693 πράξεων

2444 4716 2803 4781 ὀνειδιζόντων
2869 4733 2947 4770 σε.
2998 4719 3074 4770 Δι’
3102 4717 3255 4770 οὐδὲν
3311 4716 3367 4769 δὲ
3419 4716 3602 4786 ἕτερον
3673 4714 3742 4766 τα
3796 4714 4016 4766 τοιαῦτα

2446 4808 2680 4878 ἔπασχον
2700 4807 2732 4878 ἢ
2756 4807 2843 4860 διὰ
2880 4807 2969 4860 τὸν
2995 4807 3155 4880 ζῆλον
3200 4808 3295 4862 τοῦ
3323 4807 3470 4861 οἴκου
3499 4822 3612 4860 σου.

2517 4900 2626 4953 Καὶ
2655 4901 3052 4968 συνεκάλυψίι
3085 4901 3153 4952 ἐν
3194 4900 3438 4968 νηστείᾳ
3464 4897 3576 4965 τὴν
3624 4898 3846 4966 ψυχήν
3883 4914 4014 4964 μον.

2457 4992 2678 5060 Ἀλγῶν,
2736 4992 2889 5064 φησὶ,
2947 4992 3032 5045 διὰ
3069 4995 3166 5062 τὴν
3200 4992 3460 5060 ἐσομένην
3505 4989 3684 5043 αὐτῶν
3745 4988 4018 5040 ἀπώλειαν

2439 5080 2546 5133 τῶν
2566 5081 2776 5153 ψυχῶν,
2805 5083 2863 5135 τὸ
2920 5082 3014 5136 καὶ
3047 5082 3107 5134 τὸ
3147 5081 3383 5135 ἐποίουν.
3434 5082 3494 5135 Οἱ
3544 5080 3600 5133 δὲ
3643 5080 3787 5149 ὑπὲρ
3834 5071 3910 5131 ὧν
3956 5079 4021 5130 τὰ.

2440 5172 2665 5225 τοιαῦτα
2699 5173 2961 5244 ἕδρων,ὲν
2990 5173 3151 5225 παντὶ
3185 5170 3361 5242 καιρῷ
3394 5174 3487 5224 καὶ
3517 5171 3662 5238 τύπῳ
3690 5169 3788 5220 ἐπὶ
3824 5169 4016 5237 στὸμα-

2439 5282 2528 5326 τος
2561 5265 2660 5333 ὲμὲ
2695 5265 3003 5336 ἕφερον,.ἂς
3046 5264 3184 5336 ὑπὲρ
3217 5264 3395 5317 αὐτῶν
3443 5261 3742 5330 ἐποιούμην
3778 5277 4022 5314 κακοπαο

2445 5356 2593 5418 θείας
2624 5357 2970 5421 ὀνειδίζοντές
3006 5375 3092 5427 με.

2698 5449 2763 5501 δὲ
2801 5448 2868 5516 τιῙ
2897 5449 3208 5519 προσευχῇ
3263 5466 3381 5519 μου
3410 5447 3558 5514 πρὸς
3601 5446 3697 5508 σὲ,
3735 5447 3936 5514 Κύριε.
3964 5441 4020 5494 Ei

2449 5540 2538 5592 καὶ
2570 5541 2796 5612 πονηρὰ,
2828 5541 3010 5610 φησὶν,
3040 5539 3456 5594 ἀνταπεδίδοσὰν
3491 5555 3578 5608 μοι
3615 5537 3740 5590 ἀντὶ
3783 5535 4019 5604 ἀγαθῶν,

2449 5633 2560 5686 ἀλλ’
2587 5629 2676 5687 οὖν
2702 5633 2798 5696 τὰς
2828 5634 2966 5705 ὑπὲρ
3000 5634 3178 5688 αὐτῶν
3220 5633 3330 5703 ἐγὼ
3377 5632 3436 5687 ού
3474 5634 3722 5701 παύομαι
3767 5629 4018 5698 ποιούμει
