4102 6312
140 365 236 422 309

1195 380 1556 441 EXPOSITIO
1594 385 1656 438 ΙΝ
1698 384 2024 442 PSALMUM
2065 385 2292 443 LXVIII.

3254 387 3362 443 310

141 481 584 571 νος-προσευχάς.
634 485 742 539 Καὶ
772 483 927 540 τοῦτο
981 487 1136 556 δῆλον
1187 491 1245 557 ἐξ
1280 486 1354 546 ὧν
1393 493 1692 565 παρέθηκεν

1808 498 1909 551 hoc
1958 499 2303 554 manifestum
2347 507 2458 560 est,
2488 499 2632 569 quod
2685 500 3012 571 evangelista
3035 513 3160 554 eum
3201 498 3362 554 nobis

136 565 289 620 αὑτὸν
321 571 351 623 6
376 571 788 647 εὐαγγελιστὴς,
838 579 929 631 καὶ
973 580 1121 650 παρὰ
1187 581 1264 652 τῷ
1314 585 1530 656 σταυρῷ
1559 587 1697 657 ὑπὲρ

135 657 235 709 τῶν
256 666 634 733 σταυροῦντων
661 668 966 739 εὐχόμενον.
1001 673 1211 740 Καιρὸς
1253 677 1548 742 εὐδοκίας.
1571 679 1698 732 Ὅτε

135 743 272 816 ἦλθε
305 752 372 804 τὸ
406 754 699 824 πλήρωμα
752 760 857 814 τοῦ
911 765 1154 830 χρόνου,
1192 765 1620 829 ἐξαπέστειλεν
1665 773 1697 822 ό

137 841 272 907 Θεὸς
290 845 402 896 τὸν
439 847 574 900 Υίὸν
601 849 786 903 αὐτοῦ
830 854 1154 921 γενόμενον
1176 857 1244 908 ἐκ
1269 862 1573 925 γυναικὸς,
1605 879 1697 930 γε·

133 933 386 1022 νείμενον
410 938 529 990 ὑπὸ
562 941 768 1008 νόμον,
800 944 898 995 ἵνα
953 946 1096 1012 τοὺς
1125 948 1240 1001 ὑπὸ
1279 951 1466 1018 νόμον
1493 953 1697 1022 ἐξαγο-

131 1021 302 1090 ράσῃ.
347 1025 406 1078 '0
441 1029 520 1090 εἰς
545 1028 702 1082 τοῦτο
757 1030 924 1086 ἐλθών
971 1051 1123 1105 φησι·
1155 1037 1370 1106 Καιρὸς
1398 1021 1692 1108 εὐδοκίας,

133 1114 161 1163 ό
189 1114 353 1178 Θεός.

193 1203 409 1258 Σῶσόν
425 1225 504 1276 με
529 1209 642 1264 ἀπὸ
699 1214 915 1280 πηλοῦ,
947 1216 1047 1268 ἵνα
1077 1217 1163 1286 μὴ
1211 1219 1470 1290 ἐμπαγῶ.
1511 1224 1696 1279 Ταῦτα

129 1289 189 1363 ἦν
215 1295 249 1348 ἃ
275 1386 280 1387 ν
311 1300 403 1352 καὶ
450 1305 876 1375 προσευχόμενος
931 1309 1068 1381 ὑπὲρ
1116 1312 1217 1380 τῆς
1281 1313 1695 1387 ἀνθρωπότητος

134 1386 381 1456 ἔκραζεν,
425 1393 500 1456 ὠς
550 1396 642 1448 καὶ
686 1397 861 1466 λέγειν
923 1400 1114 1454 αὐτόν·
1182 1386 1609 1476 Ἐσραγχίασεν
1662 1414 1695 1465 ὁ

129 1478 357 1548 λάρυγξ
404 1502 548 1551 μου.
583 1488 653 1540 Τὸ
701 1490 779 1554 δέ,
824 1491 1283 1564 ὲόραγχίασε,τὸ
1335 1500 1549 1566 ἐκτενὲς
1596 1504 1694 1574 τῆς

132 1575 432 1646 προσευχῆς
471 1594 678 1650 καταση
687 1582 883 1652 μαίνει.

191 1664 286 1734 Μή
311 1685 393 1735 με
422 1676 909 1730 καταποντισάτω
958 1680 1225 1750 καταιτίς
1249 1682 1486 1751 ὓδατος,
1540 1687 1695 1756 μηδὲ

129 1758 456 1812 καταπιέτω
485 1779 564 1831 με
602 1765 815 1833 βυθός.
845 1768 1012 1841 Ὄρου
1049 1772 1144 1825 καὶ
1185 1776 1428 1846 κατάρας
1461 1780 1691 1850 φρικτῆς

129 1850 514 1920 προκειμένης,
547 1853 632 1907 ἵνα
664 1855 765 1910 κᾶν
797 1838 1025 1926 ἄγγελος
1049 1838 1574 1937 εὐαγγελίοῆταιϊῆ
1726 1838 1764 1891 Β

129 1938 249 2034 δείξῃ
268 1944 424 2034 ἡμᾶς
450 1948 579 2017 παρ’
611 1949 638 2001 ὃ
671 1951 699 2002 6
727 1951 933 2018 Παῦλος
965 1954 1218 2022 ἐδίδαξεν,
1253 1957 1500 2028 ἀνάθεμα
1529 1959 1686 2014 ἔστω.

131 2029 215 2093 Τίς
237 2029 390 2086 ἐστιν
431 2036 463 2086 6
495 2037 938 2112 ὑπερκεφαλῆσαι
973 2044 1202 2109 Παῦλον,
1250 2047 1449 2117 μᾶλλον
1498 2050 1554 2103 δὲ
1600 2053 1690 2105 τὸν

131 2125 181 2175 ἐν
203 2125 351 2195 αὑτῷ
374 2125 639 2184 λαλοῦντα
694 2134 924 2204 Χριστὸν
984 2136 1304 2208 δυνάμενοςς
1365 2142 1572 2195 Οὐκοῦν
1600 2145 1693 2198 καὶ

131 2216 201 2277 είς
239 2217 434 2272 ἑαυτὸν
468 2223 567 2292 τὴν
587 2225 840 2298 τοιαύτην
898 2228 1059 2299 εὐχὴν
1111 2231 1388 2300 ἀναφέρει,
1418 2235 1511 2286 καὶ
1551 2252 1692 2304 μαρ-

129 2307 273 2393 τυρεῖ
301 2305 569 2376 λέγων.ἐν
619 2315 683 2384 τῇ
728 2315 866 2385 πρὸς
921 2317 1200 2389 Ἐὁραίους
1255 2321 1562 2393 Ἐπιστολῇ,
1611 2325 1690 2377 ὅτι

129 2390 191 2444 ἐγ
213 2395 343 2461 ταῖς
379 2399 626 2469 ἡμέραις
648 2404 756 2473 τῆς
787 2407 1010 2475 σαρκὸς
1041 2409 1248 2473 αὐτοῦ,
1300 2390 1575 2467 τουτέστιν
1600 2416 1692 2468 ἐπὶ

128 2483 211 2576 τὸν
243 2489 478 2557 σταυρὸν
513 2493 820 2562 ἐρχόμενος,
872 2499 1111 2567 δεήσεις
1149 2518 1212 2556 τε
1262 2504 1358 2557 καί
1397 2507 1692 2576 ἱκετηρίας

130 2574 254 2644 πρὸς
284 2579 379 2630 τὸν
409 2581 702 2654 δυνάμενον
724 2586 912 2653 σώζειν
936 2593 1097 2646 αὑτὸν
1157 2597 1221 2648 ἐκ
1267 2595 1516 2661 θανάτου,
1541 2615 1694 2650 τουτ-

129 2663 236 2718 έστι
265 2671 403 2740 πρὸς
448 2673 541 2726 τὸν
574 2676 808 2749 Πατέρα,
835 2681 981 2750 μετὰ
1014 2685 1279 2754 κραυγῆς
1313 2687 1567 2755 ἰσχυρᾶς
1593 2688 1691 2742 καὶ

127 2757 394 2829 δακρύων
426 2769 784 2840 προσήνεγκε,
823 2775 919 2830 καὶ
975 2780 1390 2845 εἰσακουσθεὶς
1435 2780 1552 2834 ἀπὸ
1584 2781 1696 2850 τῆς

128 2855 462 2924 εὐλαϐείας·
500 2861 702 2933 καίπερ
741 2863 814 2916 ὢν
874 2866 1019 2931 Υἱὸς,
1066 2868 1264 2940 ἔμαθεν
1300 2871 1391 2938 ἀφ’
1423 2865 1496 2926 ὧν
1521 2872 1688 2928 ἔπαθε

130 2944 514 3036 ύπακοήν.
550 2952 813 3008 Ἐνταῦθα
842 2957 1070 3023 Παῦλος,
1098 2960 1295 3030 μᾶλλον
1328 2961 1384 3015 δέ
1407 2964 1435 3016 6
1457 2966 1515 3017 ἐν
1544 2965 1690 3036 αύτῷ

128 3028 300 3085 λαλῶν
334 3035 590 3104 Χριστὸς,
615 3041 708 3094 καὶ
736 3042 806 3096 τά
836 3062 1020 3117 σεσιγη
1030 3028 1163 3119 μένα
1189 3052 1281 3104 καὶ
1304 3051 1554 3108 λείποντα
1577 3028 1689 3118 τοῖς

1801 591 1853 643 in
1899 606 2059 646 cruce
2099 606 2197 661 pro
2239 591 2679 661 cruciﬁgentibus
2722 603 2964 646 orantem
2993 599 3358 661 repraesentet.

1802 682 2021 752 Tempus
2058 683 2383 753 beneplaciti,
2411 685 2568 739 Deus.
2611 682 2707 737 Ubi
2746 686 2877 739 venit
2919 683 3189 753 plenitudo
3230 693 3362 735 tem-

1796 777 1961 843 poris,
1993 778 2133 829 misit
2172 773 2307 830 Deus
2363 775 2560 830 Filium
2606 793 2758 829 suum
2803 777 3002 846 factum
3029 791 3092 829 ex
3121 772 3356 834 muliere,

1797 869 2000 937 factum
2049 868 2144 920 sub
2189 869 2330 938 lege,
2382 877 2436 921 ut
2478 885 2564 922 eos
2609 869 2699 938 qui
2749 867 2842 921 sub
2881 867 2990 938 lege
3024 874 3174 920 erant
3219 863 3360 917 redi-

1797 967 1954 1009 meret
1982 957 2048 1009 ⁵³.
2085 957 2185 1023 Qui
2221 958 2285 1012 ad
2315 960 2415 1012 hoc
2446 959 2590 1012 venit
2619 958 2693 1012 ait
2727 976 2740 1012 :
2774 958 2994 1026 Tempus
3025 955 3358 1025 beneplaciti,

1795 1044 1955 1098 Deus.

1865 1217 1949 1272 l5.
1982 1217 2139 1279 Eripe
2171 1235 2249 1272 me
2271 1220 2335 1275 de
2357 1220 2469 1274 luto
2512 1229 2568 1274 ut
2603 1237 2706 1274 non
2744 1222 2954 1290 inﬁgar.
3001 1217 3126 1272 Hmc
3151 1218 3357 1272 clama-

1793 1306 1887 1362 bat
1913 1325 2035 1363 cum
2070 1325 2167 1378 pro
2196 1312 2429 1366 humana
2458 1321 2649 1366 natura
2680 1321 3015 1381 precaretur,
3054 1311 3126 1364 ita
3171 1319 3232 1363 ut
3270 1310 3355 1363 di-

1794 1412 1938 1456 ceret
1978 1420 1991 1455 :
2024 1401 2216 1456 Rauca:
2261 1405 2414 1473 factm
2442 1416 2563 1457 sunt
2604 1405 2780 1474 fauces
2807 1421 2950 1457 metu.
2985 1404 3117 1456 illud
3151 1411 3354 1463 autem,

1793 1490 1986 1550 Raucae
2031 1495 2186 1565 facta
2231 1506 2372 1564 sunt,
2437 1497 2830 1552 vehementiam
2881 1495 3144 1550 orationis
3190 1493 3356 1564 signi-

1791 1576 1934 1638 iicat.

1865 1675 1947 1741 16,
1982 1675 2067 1729 l7.
2107 1673 2228 1730 Non
2258 1693 2337 1731 me
2377 1677 2639 1748 demergat
2683 1687 2960 1747 tempestas
3003 1692 3170 1748 aquae,
3196 1691 3358 1746 neque

1792 1764 2064 1819 absorbeat
2091 1782 2170 1820 me
2187 1767 2530 1836 profundum.
2558 1767 2692 1822 Cum
2731 1767 3006 1824 decretum
3039 1776 3093 1822 et
3133 1766 3358 1821 maledi-

1793 1855 1900 1909 ctio
1930 1857 2204 1925 proposita
2235 1857 2364 1922 sint,
2388 1865 2448 1911 ut
2472 1857 2520 1912 si
2545 1858 2626 1912 vel
2658 1857 2882 1927 angelus
2907 1857 3240 1928 evangelizet
3261 1866 3356 1910 aut

1791 1949 1984 2000 doceat
2013 1961 2111 2001 nos
2149 1955 2340 2016 praeter
2368 1962 2430 2001 ea
2452 1963 2568 2019 quae
2589 1947 2791 2004 Paulus
2824 1948 3030 2013 docuit,
3067 1948 3354 2002 anathema

1793 2037 1883 2101 sit,
1916 2038 2042 2107 quis
2064 2047 2150 2094 est
2177 2039 2268 2108 qui
2290 2037 2459 2094 Paulo
2493 2039 2606 2094 sive
2630 2041 2813 2109 potius
2836 2040 3055 2096 Christo
3088 2041 3141 2094 in
3170 2055 3236 2096 eo
3272 2041 3354 2094 lo-
3438 2059 3441 2062 ·

1793 2130 1978 2198 qucuti
2014 2130 2260 2200 superior
2306 2146 2426 2185 esse
2471 2131 2680 2199 possit?
2702 2128 2781 2184 Ad
2823 2147 2944 2186 sese
2978 2131 3141 2201 igitur
3170 2129 3353 2196 (Chri-

1793 2220 1930 2291 stus)
1959 2221 2095 2274 hanc
2145 2219 2509 2290 precationem
2541 2218 2726 2285 refert,
2761 2229 2820 2274 ut
2860 2221 3176 2275 testiﬁcatur
3210 2222 3354 2289 Apo-

1792 2313 1964 2367 stolus
1993 2313 2046 2366 in
2077 2311 2318 2381 Epistula
2349 2311 2415 2365 ad
2454 2309 2730 2377 Hebraeos,
2761 2313 2906 2383 quod
2939 2314 2992 2366 in
3017 2315 3199 2368 diebus
3238 2330 3354 2366 car-

1792 2408 1873 2459 nis
1900 2421 2030 2468 sua,
2067 2405 2170 2459 hoc
2199 2412 2282 2459 est
2310 2419 2434 2458 cum
2465 2403 2544 2459 ad.
2561 2419 2777 2459 crucem
2811 2406 3083 2470 venisset,
3117 2410 3356 2460 obsecra-

1795 2500 1958 2552 tiones
1987 2507 2036 2551 et
2061 2496 2465 2566 supplicationes
2489 2513 2607 2549 cum
2629 2495 2804 2550 valido
2846 2497 3073 2551 clamore
3100 2510 3252 2567 atque
3274 2499 3356 2552 la-

1792 2589 1981 2656 crymis
2031 2587 2281 2655 oﬁ'erebat
2326 2587 2377 2641 ei
2427 2587 2522 2656 qui
2579 2595 2790 2656 poterat
2833 2588 3009 2657 ipsum
3060 2588 3290 2642 liberare
3325 2605 3352 2642 a

1792 2687 1983 2739 morte.
2019 2678 2070 2731 id
2120 2686 2204 2733 est
2232 2677 2398 2744 Patri,
2425 2687 2480 2733 et
2517 2679 2802 2732 exauditus
2838 2692 2916 2733 est
2942 2696 3036 2750 pro
3077 2696 3172 2734 sua
3219 2695 3356 2734 reve-

1791 2773 1960 2827 rentia
1981 2772 2056 2826 "z
2087 2771 2210 2826 licet
2236 2769 2407 2825 Filius
2435 2781 2597 2834 esset,
2630 2770 2852 2825 edidicit
2878 2787 2943 2827 ex
2968 2773 3228 2843 passione
3257 2789 3353 2828 sua

1791 2863 2176 2919 obedientiam.
2212 2860 2310 2916 Hic
2349 2860 2579 2925 Paulus,
2616 2861 2726 2916 imo
2769 2864 2952 2932 potius
3002 2863 3092 2932 qui
3148 2864 3200 2917 in
3237 2864 3355 2932 ipso

1792 2955 2109 3027 loquebatur
2132 2955 2401 3020 Christus,
2427 2970 2549 3025 quae
2574 2954 2627 3009 in
2651 2955 2953 3026 Evangeliis
2985 2955 3199 3010 silentio
3221 2970 3358 3025 prae-

1792 3049 2041 3104 termissa
2071 3056 2221 3116 sunt,
2259 3063 2357 3103 nos
2391 3049 2625 3111 edocuit,
2660 3050 2882 3119 quando
2909 3049 3068 3116 dixit,
3100 3065 3219 3103 cum
3247 3048 3358 3103 cla-

129 3122 531 3221 εὗαγγελισταίς
557 3131 701 3200 ἡμᾶς
731 3135 954 3203 ἐδίδαξε,
973 3140 1123 3207 μετὰ
1145 3143 1409 3212 κραυγῆς
1440 3146 1688 3214 ἰσχυρᾶς

1795 3157 1934 3196 more
1975 3141 2147 3195 valido
2179 3151 2228 3196 et
2258 3141 2507 3212 lacrymis
2551 3143 2810 3198 emissam
2856 3143 3026 3199 fuisse
3052 3144 3356 3198 orationem

127 3210 225 3306 ul
259 3212 534 3285 δακρύων
579 3221 749 3292 λέγων
777 3229 1025 3295 γενέσθαι
1055 3231 1153 3302 τὴν
1207 3210 1538 3306 προσευχὴν,
1570 3210 1686 3301 τοῦ,

127 3303 332 3375 Πάτερ,
374 3314 712 3379 παρελθέτω
768 3319 862 3372 ἀπ’
899 3320 1044 3388 ἐμοῦ
1069 3322 1134 3376 τὸ
1157 3303 1443 3395 ποτήριον
1469 3303 1686 3396 -τοῦτο,

127 3396 222 3450 οὐκ
244 3401 302 3452 ἐν
330 3402 637 3475 ὑποκρίσει,
661 3409 760 3462 οὐκ
789 3411 880 3463 ἐπὶ
910 3413 972 3466 τὸ
1001 3413 1248 3470 δελεάσαι
1288 3418 1378 3472 τὸν
1423 3421 1687 3487 Σατανᾶν,

125 3487 185 3539 οὐ
216 3487 278 3541 τὸ
309 3492 402 3546 τοῦ
419 3493 623 3565 κόσμου
651 3499 1012 3572 οἰκειούμενος
1032 3504 1259 3580 θέλημα·
1277 3509 1387 3563 ἀλλ’
1407 3511 1464 3578 ἐξ
1490 3515 1689 3569 οἰκείου

129 3580 414 3647 προσώπου
470 3587 500 3638 6
529 3587 761 3658 Χριστὸς
784 3594 1136 3666 οἰκονομικῶς
1167 3601 1426 3665 ἑκουσίως
1455 3609 1688 3675 προσεύ-

124 3687 276 3767 χεται
305 3675 444 3743 μετά
473 3681 738 3751 κραυγῆς,
773 3684 909 3756 μετὰ
957 3686 1225 3758 δακρύων,
1283 3693 1422 3763 μετὰ
1451 3695 1687 3767 ἱδρώτων

125 3764 216 3816 καὶ
241 3765 479 3838 θρόμϐον
512 3772 761 3844 αἵματος,
791 3777 929 3848 μετά
950 3779 1181 3849 ἀγγέλου
1206 3764 1559 3856 ἐνισχύοντος,
1593 3790 1688 3844 καὶ

122 3860 284 3914 οἱονεὶ
313 3867 753 3936 παρακαλοῦντος
779 3873 871 3925 καὶ
903 3876 1338 3950 παρηγοροῦντος
1361 3881 1540 3947 αὑτὸν,
1564 3883 1688 3938 καί·

124 3967 230 4024 περ
281 3953 409 4019 Υἱὸς
462 3957 597 4012 Θεοῦ
662 3961 874 4032 άληθῶς
941 3967 1225 4041 ὑπάρχων.
1269 3973 1428 4028 Ἀλλὰ
1475 3979 1569 4031 καὶ
1618 3979 1689 4033 ἐν

121 4042 346 4139 ἀγωνίᾳ
380 4049 698 4120 γενόμενος
730 4057 1087 4130 προσηύχετο,
1137 4060 1214 4125 ὥς
1265 4069 1477 4136 φησινὸ
1529 4070 1689 4139 εὐαγ-

120 4134 399 4209 γελιστὴς,
432 4139 566 4196 ἀλλὰ
590 4145 682 4197 καὶ⁵
702 4145 1135 4219 ἐκτενέστερον,
1160 4153 1295 4208 ἀλλὰ
1322 4134 1413 4210 καὶ
1445 4159 1546 4222 δὶς,
1594 4134 1689 4214 καὶ

119 4226 244 4319 τρίς
261 4229 361 4299 τὴν
393 4231 555 4303 εὐχὴν
586 4233 665 4304 τῷ
693 4236 865 4311 Πατρὶ
894 4243 1177 4312 προσάγει.
1209 4246 1314 4299 Τοῦ
1336 4244 1426 4302 οὖν
1452 4249 1686 4319 Παύλου,

1792 3236 1936 3290 illam
1967 3255 1980 3289 :
2015 3232 2196 3296 Pater,
2224 3243 2455 3288 transeat
2482 3252 2514 3289 α
2545 3252 2626 3289 me
2664 3235 2807 3289 calix
2830 3237 2927 3290 iste
2948 3235 3014 3301 ⁸⁵,
3043 3250 3151 3290 non
3178 3235 3233 3290 in
3263 3234 3359 3306 hy-

1792 3327 2014 3398 pocrisi,
2040 3341 2148 3382 non
2179 3335 2236 3380 ut
2266 3325 2522 3381 Satanam
2548 3328 2818 3386 inescaret
2849 3340 2903 3383 ct
2927 3327 3218 3396 deciperet,
3251 3341 3358 3381 non

1789 3421 1934 3489 quod
1971 3419 2158 3473 mundi
2203 3419 2537 3474 voluntatem
2585 3428 2644 3474 ut
2695 3420 2969 3490 propriam
2998 3419 3231 3485 etl’erret,
3263 3419 3357 3475 sed

1790 3526 1858 3566 ex
1901 3511 2118 3581 pmpria
2165 3524 2398 3580 persona
2443 3508 2718 3574 Christus,
2750 3526 2845 3579 per
2876 3508 3357 3579 dispensationem,

1795 3611 1986 3672 sponte
2009 3611 2276 3670 precatur,
2311 3616 2435 3655 cum
2473 3600 2732 3665 clamore,
2775 3615 2896 3655 cum
2928 3600 3204 3672 lacrymis,
3230 3615 3354 3655 cum

1794 3694 1991 3749 sudore
2035 3701 2088 3749 et
2132 3701 2282 3763 gutta
2336 3692 2641 3762 sanguinis,
2670 3690 3013 3747 confortante
3059 3691 3270 3762 angelo,
3305 3698 3359 3744 et

1792 3788 1950 3859 quasi
1974 3785 2292 3842 consolante
2339 3786 2513 3851 illum,
2543 3785 2756 3840 etiamsi
2792 3800 2918 3840 vere
2947 3783 3114 3840 Filius
3149 3783 3241 3838 Dei
3270 3798 3358 3837 es-

1793 3886 1894 3934 set.
1924 3875 2028 3932 Sed
2069 3877 2231 3932 etiam
2280 3877 2452 3944 factus
2487 3877 2540 3929 in
2572 3877 2760 3945 agonia
2797 3875 3149 3945 precabatur,
3184 3881 3244 3928 ut
3283 3874 3360 3928 ait

1791 3968 2119 4038 evangelista
2143 3968 2212 4031 ",
2241 3966 2353 4020 imo
2373 3981 2502 4021 vero
2536 3966 2817 4035 prolixius,
2849 3976 2903 4020 et
2939 3981 3111 4036 usque
3136 3965 3219 4020 bis
3248 3974 3356 4020 ter-

1793 4079 1900 4135 que
1928 4061 2235 4117 oratiouem
2272 4059 2418 4115 Patri
2450 4058 2630 4115 offert.
2665 4058 2831 4114 Paulo
2877 4059 3078 4130 itaque,
3112 4057 3222 4112 imo
3257 4071 3356 4128 po-

1793 4158 1903 4212 tius
1931 4157 2049 4226 ipso
2076 4154 2294 4210 Christo
2324 4153 2417 4220 qui
2445 4153 2499 4206 in
2532 4150 2705 4206 Paulo
2726 4152 3068 4222 loquebatur,
3088 4165 3207 4204 eam
3231 4163 3358 4203 ora-

1797 4249 1998 4302 tionem
2037 4244 2106 4300 ad
2143 4259 2201 4299 se
2238 4242 2506 4298 referente
2533 4262 2546 4298 :
2578 4243 2702 4312 quis
2727 4252 2809 4297 est
2843 4241 2936 4312 qui
2961 4257 3024 4296 ea
3054 4241 3358 4295 adulterare

121 4317 325 4384 μᾶλλον
356 4321 415 4374 δὲ
439 4323 600 4379 πάλιν
619 4325 760 4396 λέγω
780 4329 875 4382 τοῦ
895 4331 1150 4403 Χριστοῦ,
1186 4337 1280 4390 τοῦ
1330 4341 1387 4393 ἐν
1441 4341 1586 4413 αὐτῷ
1617 4317 1692 4414 τῷ

1797 4338 1971 4410 possit
1991 4352 2112 4408 quae
2147 4335 2261 4405 ipse
2280 4333 2531 4390 Christus
2547 4333 2615 4388 de
2637 4347 2695 4388 se
2718 4331 3041 4387 testiﬁcatus
3066 4334 3186 4386 est?

117 4410 320 4482 Παύλῳ
364 4411 669 4505 λαλοῦντος,
702 4421 781 4483 εἰς
832 4424 1021 4480 ἑαυτὸν
1062 4427 1422 4500 ἀναφέροντος
1470 4410 1569 4505 τὴν
1618 4410 1874 4502 τοιαύτην
1918 4428 2223 4503 προσευχήν
2255 4442 2268 4457 ⁸
2341 4425 2424 4489 τίς
2489 4428 2635 4478 ἐστιν
2675 4426 2703 4478 ὁ
2757 4425 3135 4497 παραχαράξαι
3199 4422 3358 4477 δυνάσ

121 4517 312 4603 μενος,
348 4503 409 4603 μὰ,
456 4507 617 4603 αύτδς
657 4511 686 4562 6
725 4511 958 4583 Χριστὸς
1019 4517 1148 4588 περὶ
1188 4520 1379 4573 ἐαυτοῦ
1439 4503 1844 4597 ἐμαρτύρησε-ις

174 4597 282 4664 Μὴ
329 4597 720 4670 ἀποστρέψῃς
765 4605 830 4658 τὸ
888 4609 1208 4677 πρόσωπόν
1256 4629 1372 4667 σου
1420 4616 1538 4669 ἀπὸ
1583 4617 1689 4672 τοῦ

1868 4614 1954 4670 18.
1979 4611 2059 4665 Ne
2084 4619 2289 4666 avertas
2313 4608 2501 4678 faciem
2522 4618 2664 4662 tuam
2684 4625 2715 4661 a
2731 4623 2889 4678 puero
2922 4619 3029 4662 tuo.
3054 4607 3190 4676 Quia
3213 4607 3356 4666 Deus

115 4687 332 4755 παιδός
362 4705 498 4745 σου.
547 4692 760 4767 Ἐπειδὴ
811 4698 1181 4770 ἀποστραφεὶς
1240 4699 1307 4776 ἦν
1345 4709 1374 4758 6
1408 4707 1540 4772 Θεὸς
1596 4712 1692 4764 καὶ

1793 4719 1840 4762 et
1865 4706 2043 4769 Pater,
2079 4711 2299 4774 propter
2323 4700 2452 4756 Adae
2495 4701 3020 4771 transgressionem,
3058 4703 3353 4758 humanam

115 4779 312 4852 Πατὴρ
336 4781 426 4835 διὰ
451 4784 550 4855 τὴν
585 4786 644 4838 ἐν
701 4787 871 4860 Ἀδὰμ
918 4793 1225 4863 παράϐασιν
1274 4796 1372 4868 τὴν
1405 4799 1692 4871 ἀνθρώπου

1793 4810 2038 4854 naturam
2065 4795 2440 4860 aversabatur,
2465 4794 2586 4849 ideo
2611 4804 2764 4866 rogat
2786 4802 2842 4849 ut
2859 4803 3140 4851 convertat
3162 4794 3355 4852 facient

114 4871 304 4937 φύσιν,
355 4873 547 4928 τούτου
594 4877 751 4949 χάριν
781 4880 941 4934 πάλιν
983 4884 1139 4939 αὑτὸν
1202 4887 1523 4960 ἐπιστρέψαι
1557 4890 1691 4961 πρὸς
1789 4907 1944 4948 suam
1973 4890 2040 4946 ad
2070 4904 2212 4945 eam.

113 4961 289 5033 αὐτὴν
313 4961 376 5014 τὸ
417 4964 701 5035 πρόσωπον
725 4972 1050 5040 παρακαλεῖ.

177 5055 464 5124 Πρόσχες
517 5056 593 5126 τῇ
635 5060 808 5130 ψυχῇ
825 5080 964 5131 μου,
1006 5065 1104 5120 καί
1133 5069 1429 5137 λύτρωσαι
1476 5073 1690 5142 αὐτήν-ο

1860 5069 1947 5124 l9.
1980 5067 2198 5123 Intende
2230 5069 2422 5122 animae
2446 5083 2574 5121 mea!
2596 5078 2643 5122 et
2667 5065 2835 5121 libera
2865 5084 3002 5134 eam,
3029 5082 3056 5120 a
3085 5077 3257 5124 morte
3280 5071 3340 5123 vi-

109 5147 170 5199 ἐκ
192 5145 300 5201 τοῦ
325 5151 709 5220 κατασχόντος,
760 5155 1001 5226 δηλονότι
1063 5159 1156 5212 τοῦ
1199 5161 1444 5217 θανάτου.
1473 5165 1692 5219 Ἕνεκα

1793 5160 1986 5215 delicet
2012 5168 2331 5229 occupante.
2379 5161 2600 5227 Propter
2639 5160 2878 5214 inimicos
2918 5175 3056 5213 meos
3085 5160 3226 5228 eripe
3255 5176 3346 5217 nte.

110 5239 225 5292 τῶν
253 5240 495 5310 ἐχθρῶν
537 5261 655 5312 μου
699 5246 888 5314 ῥῦσαί
946 5267 1044 5319 με.
1107 5251 1197 5318 Ἐξ
1236 5250 1304 5326 ἦς
1347 5256 1691 5327 πεπόνθαμεν

1796 5253 1868 5306 Ex
1902 5251 2102 5321 injuria
2147 5253 2301 5306 nobis
2331 5267 2423 5321 per
2449 5252 2705 5307 inimicos
2738 5251 3049 5320 spirituales
3088 5251 3257 5314 illata,
3289 5251 3359 5308 ad

109 5331 329 5396 ἀδικίας
355 5335 509 5404 παρὰ
541 5336 651 5389 τῶν
680 5339 885 5409 νοητῶν
935 5342 1165 5414 ἐχθρῶν,
1209 5346 1316 5400 ἀπὸ
1357 5347 1555 5420 ταύτης
1595 5350 1690 5401 ἐπὶ

1794 5341 2224 5397 misericordiam
2254 5342 2425 5396 nostri
2459 5341 2671 5397 Patrem
2705 5341 2923 5396 excitat.

105 5425 192 5479 τὸν
219 5426 380 5479 ἔλεον
406 5427 499 5480 τὸν
522 5429 787 5500 ἡμέτερον
813 5431 1062 5504 διεγείρει
1088 5436 1178 5487 τὸν
1203 5438 1442 5508 Πατέρα.

173 5517 259 5570 Σὺ
301 5516 411 5584 γὰρ
444 5518 755 5587 γινώσκεις
792 5522 897 5575 τὸν
928 5525 1267 5595 ὀνειδισμόν
1300 5547 1439 5596 μου.
1466 5529 1688 5600 Ὅμοιον

107 5606 179 5676 τῷ
225 5607 538 5679 εἰρημένον
583 5611 703 5664 Ὅτι
756 5611 963 5666 ἕνεκέν
999 5630 1114 5669 σου
1163 5617 1472 5685 ὑπήνεγκα
1534 5623 1686 5674 ὀνει-

1865 5523 2059 5577 ἓίλ-Ξίὶ.
2124 5521 2200 5575 Tu
2244 5524 2348 5575 scis
2395 5522 2762 5590 improperium
2809 5536 2997 5576 meum.
3037 5520 3237 5575 Simile
3276 5529 3360 5574 cst

1791 5614 1935 5669 dicto
1959 5613 2034 5667 illi
2057 5631 2071 5667 :
2097 5610 2363 5678 Quoniam
2387 5619 2596 5679 propter
2620 5619 2668 5664 te
2683 5610 2913 5664 sustinui
2936 5607 3272 5680 opprobrium
3288 5609 3358 5664 ".

181 5766 227 5798 "
263 5766 446 5822 Calat.
480 5781 556 5832 tv,
591 5766 644 5824 5.
717 5770 760 5802 ⁵³
789 5769 948 5827 ilcbr.
979 5789 1027 5837 v,
1096 5772 1145 5827 7‘.
1219 5776 1261 5807 ⁵⁵
1288 5774 1474 5830 Matth.
1514 5777 1692 5844 xxi/1,?

1866 5777 1908 5810 "
1941 5775 2072 5833 Luc.
2099 5791 2233 5841 χχιι,
2263 5773 2346 5830 45.
2429 5775 2474 5806 ³⁸
2508 5769 2660 5827 Vers.
2703 5770 2756 5826 8.
