4102 6312
774 357 864 411 311

1596 357 1651 409 S.
1686 353 2052 407 ATHANASII
2090 353 2238 408 OPP.
2281 352 2459 408 PARS
2500 355 2583 407 Ill.
2619 386 2684 395 —-
2723 353 3126 412 EXEGETICA.
3901 359 3980 414 312

776 473 1155 539 lmproperium
1181 471 1489 538 exspectavit
1521 486 1611 522 cor
1641 486 1811 522 meum
1834 481 1881 522 et
1899 471 2182 523 miseriam.
2211 468 2330 524 Hint

2446 469 2679 539 δισμόν.
2729 471 3091 539 Ὁνειδισμὸν
3111 473 3560 540 προσεδόκησεν
3595 475 3632 539 ἡ
3666 475 3836 542 ψυχή
3861 493 3977 543 μου.

778 562 932 615 nobis
955 564 1262 631 passionem
1291 578 1443 615 suam
1471 572 1714 616 recenset
1740 581 1754 616 :
1779 577 1943 630 quam
1968 572 2147 630 aperte
2175 578 2338 617 evan-

776 655 979 724 gelista:
1008 658 1386 709 uarra‘veruut.

838 743 928 808 25,
953 743 1042 798 21.
1067 744 1187 797 Fiat
1214 762 1391 798 mensa
1417 761 1598 799 eorum
1623 762 1801 798 coram
1832 742 1957 814 ipsis
1989 748 2042 798 in
2071 748 2332 817 laqueum.

777 832 869 889 llis
909 820 1172 904 signiﬁcat
1215 851 1277 889 ea
1321 851 1441 903 qum
1485 834 1686 891 Judaeis
1723 848 1843 906 post
1891 838 2194 906 passionem
2242 838 2338 891 ob-

779 937 1000 980 ventura
1047 939 1222 981 erant.
1277 927 1504 982 Perinde
1556 941 1736 984 autem
1789 941 1870 984 est
1915 948 1977 985 ac
2027 932 2070 984 si
2099 932 2333 985 diceret:

778 1013 983 1068 Similia
1012 1017 1316 1070 sustineant
1352 1019 1414 1072 iis
1437 1035 1556 1088 qua:
1587 1035 1673 1072 me
1704 1021 1934 1088 experiri
1959 1030 2238 1075 curarunt.
2253 1020 2338 1075 Vae

773 1108 914 1158 enim
946 1108 1212 1176 improbo,
1245 1110 1371 1177 quia
1402 1111 1543 1161 mala
1571 1110 1670 1180 ipsi
1707 1109 2002 1164 secundum
2035 1126 2198 1178 opera
2223 1127 2336 1164 ma—

773 1214 941 1252 nuum
967 1199 1084 1268 ejus
1118 1202 1383 1254 evenient.
1420 1201 1776 1255 Obscurentur
1805 1203 1942 1257 oculi
1974 1221 2151 1257 eorum
2175 1221 2235 1256 ne
2258 1207 2332 1257 vi-

777 1289 958 1344 deant.
990 1289 1276 1357 Quomodo
1305 1293 1451 1346 enim
1490 1308 1594 1346 non
1641 1295 1876 1349 tenebris
1917 1294 2074 1348 oﬂ'usi
2115 1293 2333 1359 fuerint,

776 1397 899 1435 cum
925 1383 1152 1452 justitite
1181 1384 1350 1438 solem
1396 1400 1502 1438 non
1534 1384 1963 1454 acceperint?Et
1997 1386 2210 1437 dorsum
2250 1402 2335 1438 eo-

775 1490 889 1526 rum
932 1491 1131 1544 semper
1160 1477 1395 1530 incurva.
1432 1473 1546 1530 Non
1578 1479 1722 1531 enim
1759 1479 2080 1547 temporaria
2124 1494 2334 1544 eorum,

771 1568 1226 1634 quemadmodum
1254 1568 1599 1639 Babylonica,
1622 1571 1906 1640 captivitas
1937 1570 2086 1636 fuit.:

835 1743 925 1798 26.
961 1744 1088 1798 Fiat
1115 1746 1374 1802 habitatio
1404 1765 1585 1801 eorum
1616 1749 1841 1803 deserta.
1871 1750 1985 1804 Hoc
2017 1753 2089 1806 ait
2119 1761 2336 1823 propter

2455 561 2727 613 Ἐντεῦθεν
2754 564 2885 630 ἡμῖν
2908 564 2964 614 τὸ
3003 563 3172 627 πάθος
3202 564 3486 636 διηγεῖται·
3537 567 3566 619 ὃ
3619 567 3804 633 σαφῶς
3839 569 3925 622 καὶ
3944 571 3979 622 oi

2438 651 2818 717 εὑαγγελισταὶ
2845 651 3190 721 διηγήσαντο.

2510 742 2827 810 Γενηθήτω
2874 745 2911 809 ἠ
2964 742 3215 808 τράπεζα
3275 743 3471 797 αὐτῶν
3519 745 3773 800 ἐνώπιον
3810 747 3983 802 αὐτῶν

2437 835 2522 896 εἰς
2551 835 2787 902 παγίδα.
2837 836 3112 890 Ἐντεῦθεν
3164 839 3232 891 τά
3279 839 3665 909 συμϐησόμενα
3710 843 3824 902 τοῖς
3875 841 3981 892 ἰουο

2437 923 2602 987 δαίοις
2640 926 2773 993 μετὰ
2803 926 2862 978 τὸ
2897 927 3064 991 πάθος
3091 930 3505 998 κατασημαίνει.
3543 929 3765 998 Ὅμοιον
3789 929 3846 981 δὲ
3877 930 3985 981 ὡσεὶ

2442 1015 2606 1084 λέγοι·
2641 1019 2717 1069 Τὰ
2775 1019 3124 1090 παραπλήσια
3153 1022 3490 1090 ὑπομείνοιεν
3527 1014 3600 1074 ὧν
3651 1025 3846 1091 πεῖραν
3875 1040 3986 1092 παρ-

2437 1106 2734 1159 εσκευασάν
2791 1125 2855 1178 με
2906 1109 3106 1161 λαϐεῖν.
3159 1111 3292 1162 Οὐαὶ
3339 1111 3444 1178 γὰρ
3491 1111 3730 1181 πονηρῷ,
3773 1113 3856 1162 ὅτι
3912 1129 3985 1163 πο·

2436 1198 2572 1268 νηρὰ
2609 1199 2748 1250 κατὰ
2788 1200 2854 1251 τὰ
2891 1199 3024 1269 ἔργα
3069 1199 3174 1253 τῶν
3222 1202 3417 1272 χειρῶν
3460 1202 3623 1255 αὑτοῦ
3669 1203 3985 1272 συμὸήσεται

2435 1290 2599 1359 αὐτῷ.
2629 1293 3124 1359 Σκοτισθιξτωσαν
3148 1298 3199 1346 οἱ
3234 1295 3523 1363 ὀφθαλμοὶ
3561 1295 3761 1348 αὐτῶν
3789 1297 3896 1350 τοῦ
3917 1296 3984 1365 μὴ

2429 1382 2705 1444 βλέπειν.
2736 1382 2857 1444 Πῶς
2892 1384 2998 1455 γάρ
3031 1385 3129 1436 οὐκ
3163 1385 3572 1456 ἐσκοτίσθησαν,
3615 1388 3688 1455 μὴ
3724 1365 3986 1456 δεξάμενοι

2442 1473 2531 1526 τὸν
2559 1473 2656 1542 τῆς
2685 1474 3024 1544 δικαιοσύνης
3058 1476 3238 1544 ἧλιον;
3266 1477 3369 1530 Kal
3423 1477 3529 1530 τὸν
3582 1476 3773 1531 νῶτον
3812 1478 3990 1532 αὐτῶν

2436 1564 2757 1631 διαπαντὲς
2784 1569 3165 1635 σύγκαμψον.
3197 1570 3270 1622 Οὐ
3301 1570 3409 1639 γὰρ
3440 1570 3773 1642 πρόσκαιρος
3801 1572 3986 1633 αὐτοῖς,

2435 1656 2620 1726 ὥσπερ
2642 1660 2732 1710 ἐπὶ
2781 1659 3150 1724 Βαϐυλωνίων,
3182 1662 3397 1728 γέγονεν
3425 1663 3456 1731 ή
3499 1662 3863 1732 αἱχμαλωσία.

2508 1747 2820 1813 Γενηθήτω
2854 1750 2890 1814 ἡ
2917 1749 3169 1815 ἔπαυλις
3195 1749 3390 1804 αὐτῶν
3423 1751 3799 1820 ὴρημωμένη.
3838 1752 3991 1805 Τοῦτό

769 1835 1123 1890 vastationem
1148 1853 1268 1907 qua:
1301 1839 1683 1910 Hierosolymze
1715 1841 1957 1910 conligit.
1989 1840 2053 1893 Et
2077 1842 2127 1894 in
2159 1844 2330 1896 taber-

2435 1854 2562 1907 φησι
2601 1839 2687 1891 διὰ
2710 1839 2805 1908 τὴν
2836 1839 3092 1910 πόρθησιν
3131 1841 3227 1911 τὴν
3287 1842 3574 1910 συμϐᾶσαν
3620 1846 3686 1912 τῇ
3731 1844 3987 1914 Ἰερουσα-

769 1928 971 1981 naculis
998 1945 1175 1983 eorum
1209 1947 1306 1982 non
1339 1931 1406 1983 sit
1441 1934 1530 2001 qui
1573 1934 1842 1987 inhabitet.
1888 1933 1960 1987 Ex
1994 1936 2124 2003 ipsis
2154 1936 2335 1990 videli-

765 2031 851 2074 cet
879 2019 1110 2087 Judaais;
1135 2039 1294 2076 nemo
1322 2024 1464 2077 enim
1499 2041 1686 2080 eorum
1712 2027 1820 2096 jam
1842 2027 2228 2099 Hierosolyma:
2252 2036 2333 2082 ta-

768 2113 1056 2166 bernacula
1087 2113 1367 2168 inhabitat.

839 2199 927 2252 ‘27.
961 2201 1222 2264 Quoniam
1261 2219 1410 2271 quem
1455 2214 1509 2256 tu
1547 2207 1848 2268 percussisti
1885 2209 2140 2275 persecuti
2187 2218 2329 2264 sunt.

766 2291 1000 2345 Causam
1043 2292 1196 2346 aﬂ’ert
1230 2311 1328 2347 cur
1359 2295 1483 2348 talia
1532 2298 1746 2364 passuri
1777 2298 1903 2350 sint.
1942 2298 2131 2352 Simile
2152 2309 2326 2352 autem

766 2393 848 2437 cst
874 2385 1030 2439 huic:
1052 2384 1355 2442 Percutiam
1376 2400 1660 2456 pastorem,
1683 2398 1730 2443 et
1747 2390 2109 2458 dispergentur
2130 2407 2244 2444 oves
2259 2392 2326 2448 ⁵⁷.

771 2473 923 2529 Hunc
955 2476 1137 2544 igitur,
1170 2479 1265 2543 ait,
1291 2480 1384 2548 qui
1423 2480 1577 2548 juxta
1615 2482 1870 2549 placitum
1911 2491 2059 2534 tuum
2102 2481 2154 2537 in
2202 2497 2328 2550 pas-

766 2571 921 2624 sione
955 2585 1245 2640 percussus
1280 2581 1385 2636 est,
1412 2571 1513 2640 ipsi
1548 2587 1653 2626 non
1685 2572 2005 2640 recipientes
2026 2583 2176 2627 extra
2212 2589 2331 2642 pro-

766 2665 939 2731 priam
970 2663 1197 2717 salutem
1249 2679 1368 2719 sese
1400 2665 1742 2733 expulerunt.
1779 2663 1847 2717 Et
1898 2681 2050 2733 super
2095 2665 2328 2720 dolorem

767 2753 1037 2807 vulnerum
1079 2771 1312 2808 meorum
1354 2757 1692 2810 addiderunt.
1742 2757 1854 2812 Hoc
1900 2759 1996 2822 ait,
2041 2758 2168 2826 quia
2214 2761 2329 2828 ipse

767 2848 985 2914 quidem
1022 2847 1324 2902 humiliavit
1357 2849 1728 2917 semetipsum,
1765 2849 1842 2902 illi
1873 2863 2002 2902 vero
2033 2848 2192 2902 morti
2220 2857 2329 2901 tra-

765 2938 1037 2993 diderunt.

837 3029 930 3084 28.
972 3032 1182 3101 Appone
1209 3033 1534 3101 iniquitatem
1582 3049 1735 3103 super
1771 3033 2097 3102 iniquitatem
2126 3051 2323 3088 eorum.

769 3121 882 3176 Hoc
933 3125 1028 3185 ait,
1078 3126 1336 3193 quoniam
1387 3135 1508 3193 post
1536 3142 1751 3180 crucem
1781 3135 1834 3179 et
1874 3127 2323 3180 resurrectionem

767 3216 943 3283 ipsum
966 3215 1253 3269 calumniis
1289 3217 1630 3285 impetierunl
1663 3216 1796 3286 (52).
1827 3215 1890 3267 Et
1916 3231 2015 3267 non
2052 3217 2241 3268 intrent
2273 3219 2322 3267 in

760 3305 1025 3376 justitiam
1049 3319 1214 3360 tuam.
1242 3306 1435 3363 Procul
1461 3319 1621 3362 erunt
1649 3311 1838 3362 remoti
1864 3323 1892 3361 a
1925 3309 2197 3377 voluptate
2219 3323 2323 3375 qua

763 3399 895 3468 justi
931 3399 1295 3453 donabantur.

797 3531 800 3555 ,
832 3491 923 3546 29.
951 3489 1237 3544 Deleantur
1257 3492 1318 3545 de
1345 3492 1476 3545 libro
1503 3493 1800 3545 virentium.
1835 3493 1948 3547 Etsi
1972 3493 2114 3546 enim
2141 3493 2326 3547 inscri-

770 3584 847 3653 pti
878 3582 1098 3648 fuerint,
1126 3585 1220 3646 ait,
1254 3586 1380 3653 quia
1408 3584 1470 3636 ad
1496 3584 1641 3652 ipsos
1669 3586 2060 3654 promissiones
2090 3586 2325 3654 pertine-

770 3677 933 3744 bant;
977 3678 1070 3732 sed
1111 3678 1367 3747 quoniam
1417 3678 1529 3733 haec
1579 3684 1740 3747 atque
1779 3678 1867 3732 illa
1925 3687 2324 3748 perpetrat-unt,

766 3770 960 3824 merito
993 3770 1333 3827 delebuntur.

834 3862 1020 3916 50-52.
1049 3861 1158 3931 Ego
1188 3878 1302 3914 sum
1331 3878 1528 3930 pauper
1546 3871 1594 3915 et
1619 3861 1822 3927 dolens,
1851 3862 1994 3916 salus
2026 3873 2136 3926 tua,
2167 3865 2325 3924 Deus,

767 3956 990 4022 suscepit
1007 3970 1105 4022 me,
1127 3965 1230 4010 etc.
1255 3953 1414 4011 Hisce
1431 3956 1795 4027 evangelicum
1816 3957 2118 4011 institutum
2146 3957 2330 4025 prazdi-

771 4058 944 4113 catur,
970 4049 1056 4103 cui
1080 4050 1361 4116 imperarit
1385 4050 1472 4104 ille
1497 4051 1588 4118 qui
1613 4049 1909 4103 secundum
1937 4049 2101 4103 Deum
2129 4066 2329 4121 pauper

772 4142 1199 4207 est,cuidictunt
1230 4142 1370 4196 est"
1415 4160 1427 4194 :
1475 4140 1627 4194 Beati
1651 4157 1900 4209 pauperes
1924 4143 2130 4210 spiritu.
2156 4146 2331 4212 Ingre-

766 4236 911 4290 ditur
929 4243 1106 4290 autem
1127 4235 1213 4288 ille
1240 4249 1441 4302 pauper
1457 4233 1655 4289 chorus
1672 4234 1872 4303 gratias
1896 4250 2059 4304 agens
2077 4235 2141 4288 de
2159 4236 2330 4288 salute

763 4325 869 4380 sibi
893 4335 1045 4396 parta
1072 4325 1139 4378 ab
1168 4323 1476 4395 Unigenito.
1510 4323 1630 4392 Ipse
1673 4339 1906 4392 namque
1934 4335 2014 4378 est
2041 4324 2204 4380 facies
2221 4324 2326 4378 Pa-

762 4418 880 4472 tris.
912 4414 1183 4470 Promittit
1209 4431 1371 4485 porro
1401 4430 1458 4470 se
1487 4430 1594 4468 non
1626 4414 1853 4468 ulterius
1875 4425 2097 4469 cruenta
2123 4415 2324 4469 sacriﬁ-

2433 1932 2562 1998 λὴμ.
2591 1931 2699 1983 Kal
2729 1934 2797 1983 ἐν
2841 1933 2963 1998 τοῖς
2996 1932 3386 2002 σκηνώμασιν
3417 1933 3614 1987 αὐτῶν
3633 1935 3717 2002 μὴ
3761 1937 3915 1988 ἔστω
3964 1939 3990 1989 ό

2430 2018 2734 2074 κατοικῶν.
2779 2023 2865 2088 Ἐξ
2899 2023 3075 2076 αὐτῶν
3103 2024 3363 2093 δηλονότι’
3399 2025 3458 2077 οὑ
3481 2026 3586 2095 γάρ
3612 2042 3696 2090 τις
3728 2025 3840 2077 τῶν
3878 2027 3991 2079 Ἰου-

2429 2111 2591 2162 δαίων
2616 2113 2694 2164 ἔτι
2722 2113 2820 2175 τὰς
2847 2116 2902 2165 ὲν
2935 2115 3284 2186 Ἰερουσαλὴμ
3314 2120 3554 2170 κατοικεῖ
3586 2118 3812 2187 σκηνάς.

2503 2204 2628 2256 "Ott
2660 2204 2732 2257 ὃν
2753 2206 2834 2257 σὺ
2862 2205 3164 2274 ἐπάταξας
3190 2209 3357 2262 αὐτοὶ
3388 2209 3771 2274 κατεδίωξαν.
3809 2210 3983 2272 Attia;

2429 2293 2728 2364 παράθεσις
2749 2294 2813 2347 δι’
2837 2296 2902 2365 ἢν
2926 2294 2991 2348 τὰ
3015 2296 3238 2349 τοιαῦτα
3267 2299 3560 2350 πείσονται.
3585 2301 3809 2368 Ὅμοιον
3831 2299 3884 2352 δὲ
3902 2299 3988 2369 τῷ·

2429 2384 2677 2448 Πατάξω
2704 2386 2810 2438 τὸν
2870 2388 3140 2457 ποιμένα,
3189 2391 3286 2441 καὶ
3345 2389 3991 2458 διασκορπισθήσονται

2429 2477 2498 2528 τὰ
2524 2479 2802 2542 πρόϐατα.
2822 2478 3018 2531 Τοῦτον
3042 2476 3152 2545 οὖν,
3183 2481 3334 2549 φησι,
3356 2481 3446 2534 τὸν
3468 2484 3606 2536 κατὰ
3632 2484 3729 2555 σὴν
3758 2484 3994 2537 εὐδοκίαν

2429 2569 2486 2619 ὲν
2523 2569 2796 2638 παταγμῷ
2827 2568 2912 2621 διὰ
2943 2570 3003 2621 τὺ
3033 2572 3202 2634 πάθος
3231 2573 3515 2642 γενόμενον
3553 2574 3706 2626 αὐτοὶ
3739 2575 3802 2626 οὑ
3832 2592 3993 2643 παρα-

2426 2659 2726 2730 δεξάμενοι,
2777 2660 2880 2725 ἔξω
2906 2678 3006 2713 που
3031 2662 3126 2732 τῆς
3151 2663 3358 2716 ἑαυτῶν
3395 2664 3667 2733 σωτηρίας
3689 2666 3989 2735 ἀπήλασαν.

2429 2757 2533 2809 Kal
2564 2755 2660 2807 ἐπὶ
2683 2754 2746 2808 τὸ
2775 2757 2959 2824 ἄλγος
2983 2755 3100 2808 τῶν
3121 2756 3463 2825 τραυμάτων
3486 2776 3602 2826 μου
3631 2759 3992 2827 παρέθηκαν.

2428 2845 2594 2897 Τοῦτό
2619 2864 2801 2916 φησιν,
2835 2850 3017 2919 ἐπειδὴ
3043 2850 3200 2912 αὐτὸς
3249 2850 3347 2920 μὲν
3403 2850 3764 2903 ἐταπείνωσεν
3787 2851 3992 2913 ἑαυτὸν,

2427 2939 2472 2988 οἱ
2503 2938 2558 2988 δὲ
2582 2940 2671 2990 καὶ
2699 2939 2909 3009 Θανάτῳ
2946 2941 3280 3010 περιέΰαλον.

2498 3029 2760 3093 Πρόσθες
2811 3029 3067 3096 ἀνομίαν
3127 3029 3223 3081 ἐπὶ
3294 3028 3407 3096 τὴν
3470 3031 3727 3098 ἀνομίαν
3781 3031 3990 3084 αὐτῶν.

2430 3120 2536 3170 Καὶ
2560 3119 2714 3171 τοῦτο
2743 3120 2906 3187 λέγει,
2951 3121 3137 3191 ἐπειδὴ
3189 3123 3324 3191 μετὰ
3355 3122 3445 3174 τὸν
3509 3123 3736 3194 σταυρὸν
3771 3125 3866 3177 καὶ
3906 3123 3996 3192 τὴν

2426 3211 2714 3263 ἀνάστασιν
2772 3213 2932 3266 αὑτὸν
2985 3215 3448 3284 ὲσυκοφάντησαν.
3503 3215 3610 3268 Καὶ
3655 3215 3744 3283 μὴ
3803 3218 3994 3269 εἰσελ-

2426 3302 2690 3357 θέτωσαν
2739 3307 2808 3356 ἑν
2865 3304 3216 3372 δικαιοσύνῃ
3251 3323 3385 3360 σου.
3429 3308 3625 3378 Πὸῥρω
3657 3309 3997 3381 γενήσονται.

2427 3397 2578 3466 φησι,
2616 3400 2712 3466 τῆς
2739 3401 2846 3460 τοῖς
2877 3397 3100 3460 δικαίοις
3133 3397 3601 3468 ἀποδοθησομένης
3622 3399 3861 3470 τρυφῆς,

2512 3486 3061 3554 Ἑξαλειρθὴτωσαν
3116 3487 3183 3540 ἐκ
3216 3489 3436 3552 ,ϐίϐλου
3493 3487 3738 3549 ζώντων.
3802 3492 3869 3544 El
3913 3488 4001 3542 καὶ

2427 3581 2820 3652 ὲνεγράιςιοησαν,
2854 3582 3003 3651 φησι,
3059 3581 3197 3635 κατὰ
3225 3581 3284 3634 τὸ
3318 3582 3490 3634 αὐτῶν
3523 3578 3660 3637 εἶναι
3688 3584 3794 3648 τὰς
3828 3588 3997 3655 ἐπαγ-

2426 3673 2628 3740 γελίας,
2675 3673 2785 3725 ἀλλ’
2818 3674 3005 3746 ἐπειδὴ
3063 3673 3131 3726 τὰ
3168 3675 3260 3726 καὶ
3316 3673 3384 3726 τὰ
3429 3675 3705 3744 ἐποίησαν,
3778 3680 4004 3743 εἰκότως

2428 3765 2919 3835 ὲξαλειφθήσονται.

2498 3857 2736 3923 Πτωχὸς
2765 3856 2861 3909 καὶ
2889 3854 3091 3924 ἀλγῶν
3119 3858 3232 3924 εἰμι
3267 3855 3402 3926 ἐγὼ,
3432 3859 3470 3925 ἠ
3505 3860 3772 3927 σωτηριά
3801 3877 3944 3923 σου,
3976 3866 4006 3913 o'

2431 3946 2593 4011 Θεὸς,
2616 3944 3115 4015 ἀντελάϐετόμου,
3136 3948 3300 4000 κ.τ.)..
3319 3947 3643 4018 Ἐντεῦθενή
3665 3950 4004 4019 εὐαγγελικὴ

2429 4040 2667 4093 πολιτεία
2697 4036 3124 4111 κηρύττεται,ἦς
3154 4036 3317 4111 ἦρξεν
3349 4043 3377 4092 ὁ
3413 4041 3552 4094 κατὰ
3593 4042 3724 4095 θεὸν
3767 4043 4007 4112 πτωχός·

2428 4123 2471 4196 ᾧ
2499 4133 2588 4183 καὶ
2619 4132 2853 4201 εἴρηται·
2874 4129 3160 4198 Μακάριοι
3190 4135 3241 4184 οι
3293 4131 3512 4200 πτωχοὶ
3546 4130 3626 4195 τῷ
3678 4136 4006 4203 πνεύματι.

2430 4221 2742 4290 Είσὲρχεται
2793 4221 2848 4271 δὲ
2874 4213 3026 4283 οὗτος
3050 4223 3078 4273 ὁ
3106 4219 3321 4290 πτωχὸς
3346 4221 3504 4291 χορὸς
3534 4221 3885 4292 εὐχαριστῶν
3920 4224 4011 4274 ἐπὶ

2428 4316 2492 4382 τῇ
2523 4313 2785 4384 γενομένῃ
2822 4311 2968 4382 αὑτῷ
3001 4311 3243 4383 σωτηρίᾳ⁵
3282 4312 3432 4382 παρὰ
3488 4311 3581 4365 τοῦ
3634 4313 4008 4380 Μονογενοῦς.

2430 4405 2597 4467 Αὐτὸς
2632 4406 2738 4473 γάρ
2784 4406 2897 4455 ἐστι
2952 4404 3008 4456 τὸ
3067 4403 3351 4475 πρόσωπον
3375 4402 3470 4456 τοῦ
3519 4404 3749 4473 Πατρός.
3808 4405 4013 4472 Ἐπατ-

760 4510 843 4564 cia
878 4509 1207 4571 oblaturum,
1240 4509 1329 4562 sed
1365 4508 1542 4579 potius
1587 4508 1911 4561 sacriﬁcium
1937 4508 2111 4562 laudis
2149 4507 2328 4575 ctspi-

2432 4496 2677 4564 γέλλεται
2706 4495 2760 4548 δὲ
2799 4495 2991 4564 μηκέτι
3028 4495 3126 4558 τὰς
3155 4494 3220 4547 δι’
3246 4495 3491 4565 αἱμάτων
3539 4496 3884 4566 προσφέρειν
3916 4497 4010 4548 θυι

758 4602 972 4656 ritualis
1003 4602 1220 4659 cantici.

825 4771 913 4825 35.
971 4767 1194 4821 Videant
1225 4783 1477 4836 pauperes
1505 4776 1554 4820 et
1591 4767 1854 4830 laetentur,
1889 4775 1994 4820 etc.
2042 4765 2165 4821 llaec
2195 4783 2317 4820 cum

759 4865 936 4918 norint
994 4862 1028 4916 ii
1081 4863 1173 4931 qui
1231 4873 1355 4916 sunt
1405 4876 1668 4930 pauperes
1703 4861 1918 4928 spiritu,
1951 4860 2316 4914 exsultabunt.

759 4956 882 5010 llaec
914 4965 1092 5009 autem
1122 4955 1310 5009 dicunt
1341 4954 1568 5022 apostoli
1595 4961 1812 5022 pr0pter
1834 4969 1928 5006 eos
1953 4953 2045 5021 qui
2077 4953 2315 5020 ipsorum

758 5063 922 5118 opera
954 5048 1006 5100 in
1034 5048 1311 5101 Christum
1355 5047 1722 5099 crediderunt.

827 5138 914 5192 54.
965 5139 1221 5201 Quoniam
1271 5137 1540 5190 exaudivit
1586 5152 1838 5204 pauperes
1885 5133 2161 5188 Dominus.
2218 5133 2318 5188 Ec-

757 5244 920 5298 quam
953 5229 1256 5282 orationem
1300 5228 1577 5281 exaudivit
1608 5228 1710 5281 uisi
1761 5242 1880 5281 eam
1906 5242 2068 5296 quam
2110 5242 2206 5294 pro
2252 5227 2318 5281 iis

757 5322 1014 5377 nﬂerebat
1051 5319 1420 5388 Uuigenitus?
1458 5318 1597 5387 Quid
1640 5318 1950 5387 postulabat
1991 5328 2170 5372 autem
2211 5318 2312 5370 nisi

757 5425 814 5467 ut
841 5415 939 5482 ipsi
969 5415 1325 5468 liberarentur
1345 5428 1408 5464 ex
1443 5411 1676 5465 vinculis
1707 5412 1928 5465 mortis"
1951 5411 2312 5479 Quamobrem

834 5596 872 5622 ¹’
894 5592 1060 5648 Zach.
1089 5609 1204 5658 xm,
1237 5592 1298 5660 '7;
1331 5590 1516 5646 Matth.
1541 5610 1685 5659 χιιι-ι,
1707 5594 1795 5648 5|.
1827 5595 1874 5625 ³³
1902 5592 2090 5647 Matth.
2111 5608 2164 5654 ν,
2191 5592 2243 5647 ’5.

830 5747 940 5830 (ὃῖ)
962 5748 1058 5806 Hic
1077 5752 1319 5826 quaedam
1342 5753 1497 5808 habet
1513 5750 1804 5808 Corderius
1827 5768 1945 5822 quae
1967 5761 2093 5807 sunt
2118 5750 2408 5806 Theodori.

2430 4588 2568 4650 σίας·
2614 4587 2710 4648 τὰς
2748 4587 2812 4639 δι’
2850 4588 3105 4650 αἰνέσεως
3141 4587 3198 4640 δὲ
3237 4585 3433 4657 μᾶλλον
3483 4588 3576 4641 καὶ
3619 4590 4013 4660 πνευματικῆς

2424 4681 2582 4752 ᾠδῆς.

2507 4772 2808 4824 Ἰδέτωσαν
2835 4770 3076 4840 πτωχοὶ,
3111 4771 3208 4824 καὶ
3255 4769 3767 4838 εὐφρανθήτωσαν
3789 4789 3852 4827 κ.
3877 4788 3930 4826 τ.
3961 4772 4010 4825 λ.

2421 4866 2603 4918 Ταῦτα
2623 4867 2856 4933 γνόντες,
2883 4866 3065 4935 φησὶν,
3093 4870 3141 4919 οἱ
3179 4867 3254 4937 τῷ
3276 4866 3543 4937 πνεύματι
3578 4869 3812 4937 πτωχοὶ,
3841 4871 4015 4938 ἀγαλ-

2418 4959 2607 5026 λιασοή
2653 4976 2853 5011 σονται.
2893 4959 3124 5027 Λέγουσι
3167 4959 3224 5010 δὲ
3257 4957 3430 5012 ταῦτα
3473 4959 3522 5010 οἱ
3567 4959 3876 5013 ἀπόστολοι
3928 4963 4015 5015 διὰ

2419 5053 2542 5113 τοὺς
2570 5051 2633 5102 δι’
2666 5051 2842 5104 αὐτῶν
2869 5051 3258 5116 πιστεύσαντας
3284 5055 3362 5112 εἰς
3389 5051 3640 5121 Χριστόν.

2499 5143 2621 5195 Ὀτι
2679 5142 3001 5208 εἱσήκουσε
3035 5141 3154 5197 τῶν
3204 5142 3474 5206 πενήτων
3520 5146 3554 5196 ὁ
3597 5144 3849 5211 Κύριος.
3905 5148 4016 5200 Κακ.

2423 5235 2577 5296 ποίας
2604 5234 2788 5304 εὐχῆς,
2814 5234 2845 5304 ἢ
2878 5229 2942 5305 ἧς
2978 5235 3114 5304 ὑπὲρ
3140 5235 3316 5288 αὐτῶν
3371 5233 3565 5302 ηὔχετο
3587 5237 3615 5287 ὁ
3642 5237 3980 5305 Μονογενης
4004 5257 4014 5292 ;

2423 5327 2554 5395 Περὶ
2583 5325 2724 5388 τίνος
2751 5325 2805 5377 δὲ
2835 5327 3053 5395 ηὔχετο,
3078 5326 3109 5395 ἢ
3143 5326 3400 5397 ρυσῢῆναι
3433 5327 3631 5390 αὐτοὺς
3659 5328 3720 5379 ὲκ
3751 5330 3879 5383 τῶν
3922 5331 4017 5382 τοῦ

2423 5415 2648 5468 θανάτου
2683 5416 2928 5484 δεσμῶν;
2956 5417 3042 5469 Διό
3070 5434 3219 5486 φησι·
3243 5418 3348 5472 Kal
3371 5417 3512 5484 τοὺς
3541 5417 4021 5492 πεπεδημένοι-ς
