4102 6312
181 373 274 428 313

177 578 364 649 δεσμὰ,
396 583 632 652 εἰρηκὼς
671 586 784 651 τοῖς
835 587 904 639 ἐν
942 586 1204 658 δεσμοῖς,
1266 591 1581 655 Ἐξέλθετε·
1631 597 1727 648 καὶ

181 669 290 736 τοῖς
331 672 405 724 ἐν
456 674 537 738 τῷ
577 677 811 741 σκότει,
861 680 1360 749 Ἀνακαλύφθητε.
1420 686 1530 738 Kal
1589 687 1709 752 τοὺς

1830 690 1982 746 Exite
2076 706 2124 750 et
2173 701 2238 752 iis

178 762 618 833 πεπεδημένους
663 769 846 822 αὑτοῦ
894 774 1004 824 οὐκ
1057 773 1443 837 ἑξουδέννωσε.
1507 777 1617 830 Καὶ
1666 778 1726 830 οὺ

177 853 450 910 διέπτυσεν
485 859 624 929 ἡμᾶς
654 860 712 912 ὲν
740 867 1040 934 συμφοραῖς
1089 865 1264 930 ὄντας,
1319 867 1498 932 καλῶς
1541 869 1596 922 δὲ
1629 871 1726 924 αῦ-

175 947 288 1008 τοὺς
311 948 720 1020 πεπεδημένους
755 949 873 1007 εἶπε
908 955 972 1007 δι’
994 951 1067 1009 ὧν
1119 957 1351 1028 ἔπασχον
1376 959 1564 1014 ταῦτα.

236 1038 660 1093 Αἱνεσὰτωσαν
688 1044 872 1096 αὑτὸν
899 1048 952 1099 οἱ
980 1049 1222 1114 οὐρανοὶ
1275 1051 1370 1103 καὶ
1425 1052 1462 1119 ή
1524 1052 1620 1120 γῆ.
1663 1054 1726 1106 Εἰ

176 1127 304 1198 χαρὰ
354 1131 566 1196 γίνεται
611 1134 668 1185 ὲν
720 1135 930 1206 οὐρανῷ
985 1138 1076 1191 ἐπὶ
1125 1141 1206 1194 ἑνὶ
1239 1142 1539 1213 ἁμαρτωλῷ
1569 1162 1726 1213 μετα-

175 1217 391 1278 νοοῦντι,
436 1220 614 1290 πολλῷ
643 1223 799 1276 πλέον
829 1228 1155 1297 χαρήσονται
1181 1232 1470 1302 συμπάσης
1519 1233 1726 1286 ἐλευθε-

177 1307 433 1380 ρωθείσης
459 1311 558 1381 τῆς
586 1314 707 1383 γῆς.
767 1318 830 1368 Εἰ
879 1318 935 1370 δὲ
980 1320 1202 1390 οὐρανὸς
1248 1323 1340 1374 ἐπὶ
1393 1326 1458 1393 τῇ
1501 1323 1606 1376 τῶν
1635 1327 1724 1376 ἁν-

175 1397 393 1467 θρώπων
427 1404 608 1474 χαίρει
662 1409 935 1479 σωτηρίᾳ,
981 1411 1073 1462 καὶ
1103 1414 1242 1465 αἰνεῖ
1278 1415 1368 1465 ἐπὶ
1405 1414 1575 1484 τούτῳ
1635 1415 1722 1468 τὸν

172 1490 310 1544 Θεόν·
347 1495 529 1565 πολλῴ
565 1498 761 1566 μᾶλλον
795 1502 886 1554 καὶ
927 1503 1078 1554 αὐτοὶ
1104 1505 1150 1556 οἱ
1201 1504 1459 1567 σωθέντες
1487 1508 1576 1558 ἐπὶ
1625 1508 1723 1576 τῆς

170 1582 262 1652 γῆς
283 1586 554 1641 αἰνέσουσι
577 1590 668 1641 τὸν
699 1590 961 1645 σώσαντα·
985 1593 1063 1646 διὸ
1090 1594 1414 1666 προσέθηκε’
1435 1597 1721 1650 Θάλασσα

173 1674 256 1728 καί
279 1676 476 1730 πάντα
524 1679 597 1731 τὰ
632 1680 887 1747 ἕρπον-τα
935 1685 1004 1736 ἐν
1048 1685 1268 1751 αὐτοῖς.
1323 1687 1491 1740 Τοῦτό
1537 1706 1716 1760 φησιν,

169 1768 335 1838 ἐπειδὴ
363 1769 462 1821 καὶ
498 1772 554 1822 ὲν
591 1775 711 1835 ταῖς
749 1774 928 1842 νήσοις
959 1775 1180 1844 ἔμελλον
1207 1777 1270 1830 τὸ
1307 1781 1569 1851 σωτήριον
1625 1781 1718 1834 τοῦ

169 1858 290 1910 Θεοῦ
318 1861 740 1931 παραδέχεσθαι.
773 1840 845 1918 Τὸ
873 1865 950 1931 δὲ,
981 1840 1052 1919 ἐν
1075 1869 1296 1936 αὐτοῖς,
1332 1840 1529 1923 καὶηὲν
1555 1873 1621 1942 τῇ
1647 1875 1716 1942 γῇ
1751 1840 1792 1896 Β

167 1946 249 1996 καί
277 1949 330 1998 ὲν
357 1951 425 2018 τῇ
462 1949 724 2021 Θαλάσσῃ.

228 2034 347 2087 Ὀτι
395 2039 429 2089 ὁ
485 2037 627 2102 Θεὸς
674 2038 856 2093 σώσει
887 2042 1000 2108 τὴν
1040 2044 1210 2107 Σιὼν,
1253 2047 1350 2098 καὶ
1407 2046 1716 2115 οἰκοδομη-

163 2126 440 2193 θήσονται
489 2133 547 2182 αἱ
613 2133 816 2198 πόλεις
882 2133 990 2199 τῆς
1031 2136 1331 2202 Ἰουδαίας.
1380 2139 1510 2191 Τίνα
1556 2141 1718 2211 φησὶν

163 2215 286 2270 ε’ναι
310 2219 408 2289 τὴν
463 2219 660 2290 Σιὼνῆ
702 2223 799 2292 τὴν
824 2223 982 2290 ἁγίαν
1023 2225 1362 2295 Ἐκκλησίαν,
1403 2222 1470 2296 ἧς
1515 2230 1608 2281 καὶ
1662 2230 1717 2280 αἰ

163 2308 327 2373 πόλεις
358 2310 807 2382 ᾠκοδομήθησαν,
839 2315 892 2366 αἱ
920 2313 1331 2386 διεγηγερμέναι
1355 2317 1589 2386 δηλονότι
1610 2318 1715 2370 τῶν

161 2395 452 2465 ἀνθρώπων
489 2397 693 2467 ψυχαί;
737 2400 1000 2455 Πεσοῦσαι
1042 2405 1148 2474 γὰρ
1207 2399 1344 2475 ἦσαν
1377 2407 1462 2458 ὅτε
1491 2406 1716 2475 ἠγνόουν

158 2485 240 2539 τὸν
263 2487 415 2540 Θεόν.
461 2483 626 2541 Αὗται
654 2490 711 2542 δέ
755 2494 890 2543 εἰσιν
929 2495 982 2544 αἱ
1011 2492 1098 2546 διὰ
1139 2495 1235 2565 τῆς
1281 2495 1716 2566 ὲξομολογήσεως

159 2575 544 2647 ἀνεγερθεῖσαι.
627 2578 852 2631 Ἰουδαία
919 2581 1025 2653 γὰρ
1096 2581 1476 2653 ἐξομολόγησις
1543 2586 1713 2655 ἑρμη-

160 2666 376 2720 uberat.

220 2760 324 2812 Καὶ
361 2760 838 2826 κατοικήσουσιν
863 2762 1005 2826 ἐκεῖ,
1029 2763 1124 2816 καὶ
1153 2763 1715 2833 κληρονομήσουσιν

156 2848 352 2912 αὐτήν.
407 2850 473 2900 Οἱ
527 2849 641 2911 νῦν,
675 2851 855 2919 φησὶν,
913 2851 1265 2920 αἰχμάλωτοι,
1300 2854 1394 2922 τῆς
1456 2855 1709 2907 ἐπανόδου

154 2937 414 3004 τυχόντες,
458 2939 550 2989 καὶ
583 2937 678 3000 τὰς
702 2939 904 3000 οἰκείας
940 2939 1346 3010 οἰκοδομήσουσι
1382 2942 1582 3007 πόλεις,
1617 2945 1710 2997 καὶ

157 3032 563 3101 κατοικήσουσιν
591 3030 778 3094 αὑτάς.
809 3031 922 3082 Οὐκ
949 3032 1102 3084 αὐτοὶ
1153 3032 1209 3085 δὲ
1241 3032 1410 3104 μόνοι,
1440 3033 1574 3088 ἀλλὰ
1615 3036 1708 3087 καὶ

151 3123 194 3170 οἱ
219 3121 419 3173 τούτων
475 3123 659 3184 παῖδες
697 3122 790 3175 καὶ
847 3122 898 3174 οἰ
962 3121 1191 3191 ἔκγονοι·
1247 3126 1404 3179 τοῦτο
1449 3127 1557 3198 γὰρ
1608 3128 1706 3179 ἑπ-

153 3211 362 3280 ήγαγεν.

212 3303 317 3355 Kal
353 3304 417 3355 τὸ
445 3303 682 3373 σπέρμα
705 3302 821 3358 τῶν
843 3303 1077 3358 δούλων
1124 3305 1307 3358 αὐτοῦ
1352 3308 1709 3371 καθέξουσιν

150 3392 353 3458 αὐτὴν,
387 3394 485 3445 καὶ
529 3399 582 3448 οἱ
640 3394 980 3465 ἀγαπῶντες
1031 3396 1096 3448 τὸ
1135 3396 1320 3466 ὄνομά
1366 3414 1481 3451 στιν
1530 3416 1706 3453 κατα-

147 3482 568 3548 σκηνώσουσιν
614 3487 684 3539 ἐν
713 3487 886 3555 αὐτῇ.
923 3488 1105 3541 Δοῦλοι
1148 3490 1243 3559 μὲν
1274 3490 1436 3542 αὑτοῦ
1483 3494 1528 3543 οἱ
1563 3491 1704 3559 ἅγιοι

147 3574 443 3634 ἀπόστολοι,
507 3575 582 3637 ὠς
654 3577 896 3641 Παῦλος,
960 3578 1144 3641 δοῦλος
1218 3580 1388 3648 Ἰησοῦ
1449 3582 1701 3652 Χριστοῦ⁹

147 3663 358 3732 σπέρμα
389 3665 447 3717 δὲ
484 3665 658 3718 αὐτῶν
685 3668 733 3720 oi
755 3667 820 3721 δι’
875 3667 1052 3722 αὐτῶν
1099 3669 1178 3731 εις
1204 3669 1432 3740 Χριστὸν
1482 3672 1699 3726 πιστεὺ-

147 3769 346 3820 σαντες.

337 3849 442 3913 εις
473 3848 663 3915 τέλος,
702 3852 1008 3905 manu:
1031 3849 1110 3916 τῷ
1138 3851 1335 3915 Δαυῒδ,
1367 3853 1493 3910 ΞΘ.

265 3937 372 3999 Εἰς
414 3937 756 4006 ἀνάμνησιν
779 3942 866 4005 εις
892 3939 957 3993 τὸ
993 3939 1190 3994 σῶσαι
1221 3958 1297 4010 με
1327 3943 1561 4010 Κύριον.

753 4119 1070 4175 Ὑπόθεσιο.

140 4203 329 4257 τοῦτον
362 4205 477 4276 ᾅδει
500 4207 590 4258 τὸν
605 4207 812 4276 ψαλμὸν
837 4210 898 4261 ἐκ
929 4176 1214 4280 προσώπου
1235 4211 1330 4280 τῆς
1346 4208 1693 4280 ἀνθρωπύτη-

197 4310 310 4358 τος,
338 4293 597 4365 ἀξιούσης
631 4298 708 4358 είς
734 4297 795 4349 τὸ
829 4297 1040 4368 βοηθεῖν
1083 4301 1216 4371 αὑτῇ
1241 4300 1585 4370 διαναστῆναι
1605 4301 1694 4352 τὸν

196 4386 350 4440 Θεὸν.
389 4387 544 4440 Οῦτω
572 4389 681 4459 γὰρ
702 4389 1009 4443 συνέϐαινεν
1042 4393 1371 4463 ἐντραπῆναι
1434 4393 1532 4462 μὲν
1570 4393 1693 4454 τοὺς

1215 381 1577 438 EXPOSlTlO
1611 382 1676 437 IN
1717 383 2040 445 PSALMUM
2082 392 2264 448 LXIX.

179 489 355 543 αὑτοῦ
402 493 514 545 οὐκ
541 491 927 556 ἐξουδένωσε.
970 497 1227 568 Διέρῤηξε
1266 500 1374 571 γὰρ
1414 501 1627 555 πάντων
1659 500 1709 554 τὲ

1827 505 1940 560 ait:
1976 507 2042 561 Et
2091 514 2287 568 uinctos
2338 534 2459 573 suos

3269 429 3373 485 3H

2510 539 2611 576 non
2658 527 2912 597 despexit.
2956 532 3186 606 Diripuit
3227 546 3369 598 enim

2553 617 2690 673 dixit
2732 621 2800 676 iis
2849 628 2938 692 qui
2996 631 3154 686 vincti
3227 654 3370 696 sunt.

2295 706 2385 770 qui
2430 707 2486 760 in
2529 709 2750 766 tenebris
2774 754 2787 777 ,
2844 717 3164 779 Reuelamini
3202 727 3267 780 ”.
3302 728 3368 783 Et

1825 785 2021 840 cinctos
2068 805 2191 844 suos
2229 809 2330 847 non
2365 797 2620 867 despexit.
2673 805 2738 859 Et
2781 823 2885 863 non
2933 817 3138 881 respuit
3186 836 3283 876 nos
3317 823 3368 876 in

1827 878 2217 939 calamitatibus
2259 891 2759 964 constitutos;jure
2805 912 2980 958 autem
3024 878 3119 964 eos
3163 913 3369 969 vinctos

1827 971 2060 1037 appellat
2087 977 2228 1043 quod
2259 980 2383 1034 talia
2413 993 2744 1051 paterentur.

1894 1061 1981 1115 35.
2028 1063 2266 1121 Laudent
2307 1071 2454 1125 illum
2487 1077 2601 1129 caeli
2629 1087 2676 1130 et
2710 1089 2867 1134 terra.
2902 1081 2957 1135 Si
2994 1087 3245 1154 gaudium
3289 1101 3371 1145 est

1825 1153 1878 1206 in
1909 1155 2048 1210 coelo
2083 1173 2243 1229 super
2274 1178 2382 1217 uno
2427 1178 2711 1235 peccatore
2753 1175 3120 1239 paenitentiam
3155 1192 3364 1252 agente,

1824 1247 1995 1301 multo
2031 1251 2200 1320 magis
2245 1255 2555 1324 gaudebunt
2589 1260 2662 1314 illi
2698 1279 2818 1317 cum
2850 1276 2991 1320 totus
3019 1271 3167 1325 orbis
3194 1247 3368 1328 ierra-

1822 1353 1940 1392 rum
1995 1340 2254 1401 liberatus
2304 1346 2486 1406 fuerit.
2537 1351 2690 1418 Quod
2738 1357 2782 1411 si
2828 1361 3025 1414 coelum
3076 1365 3270 1432 gaudet
3300 1368 3366 1420 de

1823 1432 2100 1490 hominum
2136 1439 2328 1504 salute,
2361 1445 2498 1500 etde
2533 1448 2632 1502 hac
2667 1466 2724 1504 re
2751 1453 2932 1507 laudat
2964 1455 3170 1525 Deum;
3197 1460 3366 1514 multo

1822 1528 1991 1594 magis
2029 1529 2064 1581 ii
2110 1531 2208 1601 ipsi
2249 1534 2339 1603 qui
2374 1537 2602 1592 salutem
2647 1557 3049 1614 consequuntur
3097 1551 3149 1603 in
3200 1561 3363 1617 terra,

1818 1617 2113 1677 laudabunt
2155 1639 2278 1679 eum
2349 1630 2441 1698 qui
2497 1634 2722 1688 salutem
2790 1637 2932 1692 dedit
2973 1659 2990 1691 :
3038 1652 3366 1715 quapropter

1818 1712 1966 1766 addit
1997 1733 2011 1767 :
2043 1713 2188 1770 Mare
2230 1732 2279 1772 et
2310 1725 2485 1776 omnia
2513 1726 2716 1793 reptilia
2748 1729 2801 1782 in
2842 1733 2936 1783 eis.
2980 1730 3092 1788 Hoc
3134 1736 3208 1788 ait
3238 1712 3365 1806 quia

1819 1798 2059 1856 futurum
2095 1817 2210 1860 erat
2245 1818 2302 1861 ut
2335 1811 2494 1866 etiam
2536 1814 2588 1866 in
2627 1816 2817 1871 insulis
2862 1822 3191 1888 reciperetur
3219 1826 3365 1879 salu-

1819 1900 1932 1946 tare
1966 1893 2078 1950 Dei.
2114 1896 2247 1954 Illud
2279 1912 2481 1968 autem,
2521 1908 2572 1961 in
2606 1911 2701 1971 eis,
2732 1910 2780 1964 id
2820 1921 2903 1966 est
2933 1913 2986 1966 in
3028 1921 3171 1969 terra
3213 1926 3268 1971 et
3309 1918 3360 1970 in

1820 1986 1974 2038 mari.

1885 2079 1972 2132 56.
2021 2079 2280 2144 Quoniam
2320 2084 2458 2140 Deus
2497 2090 2696 2142 salvam
2729 2091 2886 2160 faciet
2926 2092 3080 2159 Sion,
3113 2108 3159 2151 et
3189 2099 3360 2167 uidi/i-

1816 2168 2072 2221 cabuntur
2112 2172 2344 2227 civitates
2376 2175 2538 2228 Juda.
2575 2175 2745 2243 Quam
2783 2195 2902 2235 esse
2942 2183 3017 2236 ait
3059 2184 3211 2252 Sion,
3256 2190 3360 2244 nisi

1813 2269 2055 2312 sanctam
2090 2259 2405 2326 Ecclesiam,
2437 2266 2593 2335 cujus
2627 2268 2870 2325 civitates
2901 2273 3178 2330 tedilieatae
3211 2285 3359 2340 sunt,

1813 2349 2057 2402 excitata:
2111 2352 2316 2407 scilicet
2384 2355 2662 2412 hominum
2733 2361 2984 2417 animae?
3046 2365 3359 2423 Ceciderant

1813 2438 1954 2491 enim
2000 2441 2219 2506 quando
2275 2444 2594 2513 ignorabant
2649 2447 2962 2508 Dominum.
3017 2457 3149 2526 ipsa:
3194 2475 3358 2529 porro

1812 2542 1907 2596 per
1946 2529 2341 2586 confessionem
2391 2537 2633 2594 excitata:
2683 2552 2827 2598 sunt.
2884 2543 3067 2602 Judaca
3125 2567 3358 2623 namque

1811 2618 2067 2686 confessio
2095 2620 2496 2694 interpretatur.

1827 601 2068 656 omnium
2115 606 2328 664 vincula
2380 628 2503 668 cum

1879 2790 1967 2847 57.
2026 2793 2092 2847 Et
2138 2796 2504 2854 inhabitabant
2536 2803 2630 2869 ibi,
2670 2815 2718 2860 et
2753 2806 3054 2866 hwreditate
3088 2818 3354 2884 nequirent

1807 2899 1943 2938 eam.
1981 2884 2212 2955 Captivi,
2254 2888 2450 2960 inquit,
2493 2896 2587 2964 qui
2632 2912 2776 2953 nunc
2833 2902 3063 2956 reditum
3107 2905 3354 2961 obtinue-

1809 2981 1952 3038 runt,
1985 2977 2229 3045 proprias
2288 2982 2450 3037 urbes
2492 2985 2833 3042 aediﬁcabunt
2877 3000 2932 3044 et
2975 2993 3352 3051 inbabitabunt

1807 3077 1920 3118 eas.
1949 3062 2057 3120 Nec
2082 3066 2183 3135 ipsi
2214 3071 2334 3137 soli,
2371 3073 2463 3127 sed
2489 3083 2543 3129 et
2573 3090 2761 3133 eorum
2798 3080 2892 3134 lilii
2923 3091 2975 3137 et
3002 3095 3222 3155 nepotes
3254 3105 3270 3156 ;
3300 3089 3350 3143 id

1733 3175 1777 3231 ο
1809 3155 1951 3209 enim
1979 3158 2274 3230 subjungit.

1877 3327 1943 3382 Et
1965 3346 2135 3386 semen
2164 3351 2428 3390 servorum
2449 3340 2562 3409 ejus
2585 3344 2863 3413 possidebit
2887 3363 3021 3416 eam,
3045 3361 3092 3405 ct
3113 3356 3201 3423 qui
3224 3355 3347 3409 dili-

1804 3430 1929 3489 gunt
1951 3438 2134 3476 nomen
2168 3425 2279 3492 ejus
2317 3427 2626 3486 habitabant
2655 3435 2711 3487 in
2757 3452 2838 3493 ea.
2885 3437 3032 3495 Servi
3071 3443 3187 3512 ejus
3225 3459 3342 3499 sunt

1803 3513 1975 3567 sancti
2021 3517 2271 3583 apostoli,
2305 3527 2364 3571 ut
2409 3518 2629 3586 Paulus,
2681 3539 2871 3583 servus
2924 3527 3050 3584 lesu
3103 3534 3345 3592 Christi:

1802 3617 1980 3658 semen
2008 3615 2187 3660 autem
2210 3622 2400 3664 eorum
2429 3621 2555 3667 sunt
2582 3614 2618 3668 ii
2646 3616 2737 3686 qui
2769 3631 2864 3688 per
2892 3619 3039 3689 ipsos
3095 3623 3149 3678 in
3183 3628 3345 3683 Chri-

1801 3703 1944 3747 stum
1971 3698 2331 3755 crediderunt.

1995 3858 2060 3910 In
2102 3859 2275 3929 ﬁnem,
2331 3861 2664 3923 PSALMUS
2711 3868 2903 3937 David,
2946 3873 3150 3930 LXIX.

1904 3953 1954 4006 1.
1999 3954 2060 4009 1η
2102 3963 2579 4017 rememorationem
2622 3968 2762 4036 quod
2803 3971 3002 4025 salvum
3051 3975 3226 4043 fecerit

2377 4068 2456 4106 me
2482 4053 2758 4114 Dominus.

2368 4145 2764 4215 Argumentum.

1797 4221 1951 4279 Hunc
1979 4227 2126 4280 canit
2151 4230 2418 4298 psalmum
2453 4251 2520 4290 ex
2549 4253 2778 4307 persona
2821 4242 3072 4300 humana:
3112 4257 3338 4313 naturae,

1864 4316 2101 4383 rogantis
2138 4317 2302 4373 Deum
2339 4333 2397 4377 ut
2427 4337 2675 4397 exsurgal
2707 4329 2772 4384 ad
2806 4333 3066 4389 auxilium
3109 4337 3232 4407 ipsi.
3266 4339 3341 4394 lta

1861 4407 2007 4460 enim
2069 4411 2292 4481 contigit
2352 4415 2556 4484 pudore
2620 4418 2758 4475 aﬂici
2813 4423 3153 4483 adversarios
3222 4432 3338 4502 ejus

194 4479 602 4549 ἀντικειμένους
639 4483 773 4551 αὐτῇ
816 4482 1102 4552 πολεμίους
1139 4483 1414 4553 δαίμονας,
1463 4484 1692 4554 εὐφραν-

2224 4479 2240 4481 ,
2352 4479 2367 4484 ν
2989 4479 3150 4483 """‘
3226 4479 3336 4502 ”δ“”“

1859 4497 2132 4557 damones
2175 4505 2242 4558 ad
2282 4506 2476 4562 bellum
2539 4509 2830 4571 instructos
2869 4535 2883 4583 ;
2939 4517 3105 4574 laetari
3156 4535 3336 4579 autem

196 4569 351 4641 θῆναι
371 4572 429 4624 δὲ
448 4575 572 4635 τοὺς
601 4573 712 4626 ὅσοι
744 4574 1019 4645 χαίρουσιν
1042 4576 1133 4628 ἐπὶ
1156 4580 1220 4647 τῇ
1245 4577 1483 4647 σωτηρίᾳ
1503 4577 1688 4647 αὐτῆς.

203 4663 265 4715 ’0
289 4663 457 4728 Θεὸς,
479 4667 565 4729 εις
595 4664 708 4730 τὴν
726 4665 1016 4732 ,βοήθειάν
1041 4685 1160 4736 μου
1186 4669 1469 4737 πρόσχες,
1489 4687 1542 4723 κ.
1565 4686 1616 4723 τ.
1638 4669 1684 4722 λ.

192 4753 709 4823 Αἰσχυνθήτωσαν
763 4755 859 4810 καὶ
911 4757 1388 4825 ἐντραπήτωσαν.
1450 4761 1689 4832 Διαμαρ-

1856 4601 1950 4644 eos
1979 4591 2070 4659 qui
2095 4595 2327 4662 gaudent
2347 4598 2414 4653 de
2435 4599 2608 4656 salute
2633 4603 2823 4673 ipsius.

1856 4677 1911 4732 2.
1948 4679 2111 4748 Deus,
2134 4684 2189 4737 in
2217 4686 2541 4754 adjutorium
2573 4710 2744 4749 meum
2765 4700 2988 4763 intende,
3021 4712 3120 4758 etc.

1856 4769 1908 4823 3.
1941 4771 2348 4842 Confundantur
2369 4790 2418 4834 et
2436 4796 2786 4843 revereantur.
2812 4788 2914 4855 Qui
2945 4807 3120 4848 meam
3151 4813 3334 4853 necem

127 4859 282 4909 τοιεν,
321 4847 507 4914 φησὶν,
532 4847 581 4897 οἰ
611 4846 707 4915 τῆς
749 4848 886 4917 ἐμῆς
912 4849 1126 4919 σφαγῆς
1151 4850 1444 4921 ἐφιέμενοι,
1469 4854 1561 4905 καί
1589 4852 1686 4922 τὴν

130 4935 325 4954 ιημ-ρ..
543 4936 554 4949 ο
862 4937 873 4954 .

1808 4871 2037 4930 exoptant
2082 4871 2358 4937 proposito
2390 4873 2671 4942 .labantur,
2713 4846 2874 4950 atque

129 4935 366 4988 ἐντεῦθεν
399 4936 658 5006 αἰσχύνην
693 4937 1090 5007 καρπώσαιντο.

197 5025 950 5095 Ἀποστραφήτωσανειςτὰ
971 5031 1182 5094 ὀπίσω,
1197 5048 1307 5085 κ.τ.
1325 5032 1374 5087 λ,
1391 5034 1500 5087 Καὶ
1522 5034 1678 5087 πάλιν

126 5119 394 5172 κᾶνταῦθα
425 5121 482 5171 ἐν
517 5123 627 5182 τοῖς
649 5122 879 5192 παροῦσι
917 5125 1116 5194 στίχοις
1142 5126 1411 5197 ἐπαρᾶται
1446 5127 1542 5196 μὲν
1569 5131 1678 5191 τοῖς

123 5211 273 5262 αὑτὸν
307 5209 741 5275 ἐπιϐουλεύουσι,
777 5216 869 5267 καὶ
907 5215 1145 5269 θέλουσιν
1175 5218 1332 5270 αὑτὸν
1360 5219 1545 5282 κακῶς
1576 5239 1676 5272 πα-

125 5301 240 5351 εμεῖν·
277 5303 376 5355 καὶ
421 5301 569 5369 λέγει
601 5305 732 5374 πρὸς
765 5308 974 5371 αὐτούς·
1007 5311 1070 5361 Οἰ
1118 5313 1227 5372 τοῖς
1284 5313 1434 5380 ἐμοῖς
1490 5316 1676 5375 κακοῖς

119 5393 434 5463 ἐσηδόμενοι
459 5395 752 5465 τράποιντο
793 5400 872 5462 εἰς
901 5401 1076 5472 φυγὴν
1107 5401 1244 5470 μετὰ
1272 5403 1550 5474 αἰσχύνης,
1580 5405 1674 5475 τὴν

122 5486 247 5554 ἐμὴν
282 5486 520 5557 ὁρῶντες
547 5489 865 5558 μεταϐολήν.
914 5493 1482 5561 Ἁποστραρήτωσαν
1530 5511 1676 5563 παρ-

119 5577 323 5630 αυτίκα
375 5579 820 5648 ολσχυνόμενοι.
851 5583 913 5633 Οἰ
939 5583 1029 5636 ἐπὶ
1049 5581 1125 5652 τῷ
1143 5583 1415 5654 γενομένῳ
1444 5601 1533 5654 μοι
1567 5585 1668 5639 πά-

1785 4962 2208 5021 consequantur.

1850 5040 2262 5113 4.;Avertantur
2292 5062 2578 5109 retrorsum
2616 5067 2664 5110 et
2707 5060 3031 5131 erubescant,
3058 5075 3160 5121 etc.
3191 5068 3333 5122 Rur-

1782 5147 1902 5187 sum
1941 5134 1996 5189 in
2039 5143 2399 5207 praesentibus
2437 5146 2721 5204 versiculis
2751 5164 3064 5209 exsecratur
3107 5172 3201 5212 eos
3240 5159 3330 5225 qui

1782 5221 2006 5280 insidias
2045 5229 2145 5297 ipsi
2192 5242 2406 5300 parant,
2445 5245 2501 5290 et
2541 5239 2728 5292 volunt
2769 5256 2893 5296 eum
2951 5245 3110 5300 malis
3156 5247 3328 5311 allici,

1779 5323 1833 5367 et
1863 5315 1938 5370 ait
1967 5317 2106 5373 illis:
2136 5318 2237 5387 Qui
2262 5324 2327 5378 de
2353 5325 2510 5381 malis
2538 5329 2674 5384 meis
2699 5333 2934 5401 gaudent
2962 5345 3240 5390 vertantur
3275 5340 3329 5394 in

1779 5406 1959 5477 fugam
1991 5426 2113 5467 cum
2132 5417 2356 5485 pudore,
2376 5429 2656 5477 cernentes
2683 5422 3110 5480 immutationem
3129 5442 3323 5482 meam.

1781 5501 2098 5558 Arei-tantur
2133 5511 2310 5562 statim
2359 5515 2730 5568 erubescentes.
2777 5513 2879 5584 Qui
2926 5517 2993 5571 de
3033 5533 3151 5576 mea
3199 5521 3323 5573 olim

1777 5594 2016 5661 pernicie
2034 5608 2087 5653 et
2117 5600 2182 5655 de
2210 5602 2496 5662 maledicto
2527 5607 2715 5664 mortis
2743 5609 3063 5683 gaudebant.

119 5669 196 5722 ληιι
227 5673 482 5742 πτώματι
536 5674 624 5728 διὰ
675 5680 769 5750 τὴν
799 5679 887 5732 τοῦ
923 5681 1146 5735 Θανάτου
1193 5681 1433 5752 κατάραν
1480 5684 1829 5754 ἐπιχαρέντες

179 5766 223 5795 "
262 5767 370 5822 lsa.
405 5784 556 5834 XLII,
589 5770 640 5821 9.
