4086 6308
728 375 838 433 315

731 580 875 634 dicat
906 575 1155 632 :Justitia
1181 592 1367 632 eorum
1398 579 1490 646 qui
1527 578 1677 647 prius
1704 579 1986 632 memorati
2014 588 2141 633 sunt
2174 579 2284 648 pti-

733 682 890 724 vatus
914 685 1056 729 sum,
1105 683 1167 722 ac
1192 669 1245 721 in
1271 677 1582 738 paupertate
1614 669 1823 737 vivens,
1852 669 2160 723 divitiarum
2188 670 2281 739 ju-

736 761 897 816 stitiae
919 775 1110 829 expers
1138 775 1257 814 sum
1289 779 1301 814 :
1338 769 1660 829 quapmpter
1679 769 1829 815 tuum
1871 761 2100 830 imploro
2125 762 2282 816 auxi-

737 854 890 907 lium.
923 851 1149 919 Adjutor
1179 869 1319 905 meus
1345 863 1392 906 et
1425 852 1674 908 liberator
1697 870 1836 908 meus
1865 870 1918 908 es
1942 866 2019 920 tu,
2046 853 2284 920 Domine,

736 959 798 996 ne
834 943 1068 994 moreris.
1107 938 1278 994 Tuam
1322 942 1465 995 enim
1519 943 1911 1012 providentiam
1964 952 2287 999 consecutus

739 1049 879 1089 sum.
917 1031 1118 1086 Exaudi
1153 1049 1313 1101 quam
1347 1034 1632 1100 citissime,
1667 1043 1720 1089 et
1745 1050 1812 1090 ne
1845 1033 2062 1090 diaetas
2097 1043 2287 1105 postu-

742 1127 907 1178 latum
940 1126 1255 1179 concedere.

747 1217 794 1270 l.
841 1213 1172 1270 I'SAI.MUS
1196 1214 1402 1280 Davidi,
1428 1215 1480 1268 in
1501 1216 1677 1284 ﬁnem,
1711 1216 1944 1285 ﬁliorum
1969 1215 2212 1271 Ionadab
2241 1227 2291 1272 et

809 1307 1041 1376 priorum
1069 1309 1411 1374 captivorum.
1444 1306 1600 1362 Caret
1635 1310 1975 1380 inscriptione
2010 1310 2150 1380 apud
2181 1308 2291 1364 He-

814 1397 1001 1451 bra’os.
1033 1396 1204 1451 LXX.

1325 1490 1714 1560 Argumentum.

743 1574 867 1630 l-‘ilii
893 1574 1138 1632 Ionadab
1173 1577 1271 1631 viri
1298 1577 1445 1633 fuere
1481 1581 1552 1648 pii
1575 1591 1628 1633 et
1651 1578 1802 1648 justi,
1837 1579 1928 1648 qui
1963 1579 2133 1648 patris
2157 1594 2293 1648 pra:-

815 1675 967 1736 cepta
1014 1681 1262 1722 accurate
1301 1670 1611 1734 servabant,
1661 1679 1820 1738 atque
1860 1671 1933 1724 ita
1973 1670 2209 1740 religiosi
2243 1679 2296 1724 et

818 1759 1062 1812 moribus
1093 1760 1380 1823 mansueti,
1414 1769 1473 1814 ut
1509 1775 1696 1814 eorum
1736 1761 1949 1816 virtutis
1992 1762 2146 1816 testis
2183 1760 2296 1831 ipse

816 1845 979 1912 Deus,
1009 1849 1323 1918 prophetam
1359 1847 1647 1904 Jeremiam
1680 1850 1984 1920 alloquens,
2031 1825 2292 1904 meriti“.
2328 1825 2368 1880 Β

822 1937 1020 1993 Eorum
1071 1947 1310 2007 tempore
1348 1940 1497 2009 prior
1541 1939 1825 2008 captivitas
1857 1937 2157 1995 Jerusalem
2197 1941 2298 1994 sub

820 2030 1089 2084 Chaldaeis
1117 2029 1236 2084 fuit.
1268 2028 1331 2083 lli
1363 2029 1598 2085 fortasse
1622 2046 1907 2100 personam
1949 2041 2136 2101 gerant
2169 2045 2300 2100 apo-

828 2123 1091 2178 stolarum
1127 2123 1303 2188 chori,
1331 2123 1422 2192 qui
1465 2125 1671 2176 naviter
1700 2123 1934 2177 caelestis
1963 2123 2138 2177 Patris
2166 2138 2302 2192 prae-

822 2226 974 2284 cepta
1020 2215 1286 2277 servavit,
1328 2223 1382 2268 et
1427 2213 1678 2267 laudibus
1723 2213 2027 2268 celebratus
2081 2225 2165 2268 est
2207 2229 2302 2284 per

824 2305 1183 2360 heatitudines
1214 2320 1349 2374 quas
1381 2303 1690 2359 audierunt.
1727 2303 1988 2360 Similiter
2008 2313 2062 2360 et
2092 2315 2304 2375 aposto-

821 2399 995 2454 lorum
1021 2409 1257 2468 tempore
1287 2397 1432 2466 prior
1471 2396 1853 2468 llierosolynne
1891 2399 2174 2466 captivitas
2203 2399 2305 2453 sub

827 2488 1085 2544 Romanis
1111 2488 1324 2544 accidit.
1358 2487 1778 2542 lntroducuntur
1812 2489 1993 2558 itaque
2032 2489 2134 2559 ipsi
2179 2489 2306 2544 relio

817 2582 955 2653 giosi
989 2581 1112 2645 viri,
1138 2580 1345 2634 scilicet
1384 2579 1753 2648 apostolorum
1816 2580 2036 2644 chorus,
2075 2581 2167 2651 qui
2209 2595 2305 2650 per

830 2682 1144 2742 praesentem
1164 2671 1426 2741 psalmum
1448 2673 1743 2728 orationem
1762 2683 1812 2728 et
1829 2675 2120 2741 gratiarum
2139 2674 2306 2728 actio-

828 2779 950 2818 nem
981 2777 1079 2834 pro
1099 2763 1288 2832 seipsis
1307 2763 1413 2817 Deo
1443 2762 1698 2828 oderunt,
1723 2763 1868 2832 quod
1905 2779 1964 2816 se
1993 2777 2305 2832 oppressos,

828 2873 950 2911 cum
976 2872 1006 2911 a
1040 2856 1475 2926 persecutoribus
1521 2857 1591 2910 ob
1635 2853 1999 2922 evangelicam
2048 2852 2309 2922 praedica-

831 2949 1050 3012 tionem,
1083 2956 1193 3000 tum
1227 2962 1254 2998 a
1279 2945 1651 3016 spiritualibus
1674 2941 2078 2997 insidiatoribus
2105 2942 2307 2996 daemo-

831 3039 1014 3102 nibus,
1048 3037 1310 3091 liberarit.
1340 3035 1669 3105 lnsuperque
1699 3034 2019 3104 promittunt
2052 3049 2110 3087 se
2143 3034 2311 3088 sacri-

1557 372 1612 428 S.
1655 371 2024 428 ATHANASII
2062 369 2211 428 OPP.
2245 369 2425 426 PARS
2462 371 2548 425 Ill.
2578 402 2647 414 —
2677 370 3078 427 EXEGETICA.

799 491 853 548 6.
895 489 1004 560 Ego
1045 498 1218 543 autem
1267 487 1530 543 mendicus
1581 505 1698 543 sum
1747 499 1795 543 et
1850 506 2062 559 pauper.
2113 487 2278 555 Quasi
2307 491 2353 549 Α

3825 376 3910 431 316

2465 487 2603 556 Ἐγὼ
2623 485 2690 540 δὲ
2717 487 2948 554 πτωχός
2969 488 3083 554 ειμι
3119 485 3214 538 καί
3255 482 3460 551 πένης.
3511 486 3653 539 Ἀντλ
3678 484 3790 548 τοῦ,
3821 489 3916 558 Τῆς

2383 580 2488 633 τῶν
2513 578 2921 650 προειρημένων
2962 576 3304 647 δικαιοσύνης
3333 578 3651 648 ἐστέρημαι,
3686 579 3777 630 καὶ
3805 594 3919 631 πτω-

2385 669 2474 740 χία
2509 669 2700 734 συζῶν,
2747 669 2848 738 τῆς
2895 667 3235 739 δικαιοσύνης
3266 669 3365 721 οὐκ
3418 668 3524 737 ἔχω
3573 669 3664 721 τὸν
3695 669 3916 722 πλοῦτον·

2384 759 2463 813 διδ
2482 761 2580 830 τῆς
2610 761 2707 830 σῆς
2737 760 3053 831 ἐπικουρίας
3085 760 3308 813 ἱκετεύω
3344 764 3543 830 τυχεῖν.
3574 763 3800 827 Βοηθός
3822 780 3921 830 μου

2386 852 2482 904 καὶ
2499 852 2731 919 ρύστης
2750 869 2866 920 μου
2892 849 2950 906 εἴ
2997 852 3098 915 σὺ,
3131 854 3324 922 Κύριε,
3361 853 3446 920 μὴ
3492 855 3802 920 χρονίσῃς.
3831 853 3922 920 Τῆς

2389 945 2486 1014 σῆς
2513 944 2622 1015 γὰρ
2652 944 2989 1015 προμηθείας
3021 945 3310 1018 τετύχηκα.
3365 947 3696 1000 Ἐπὰκουσον
3743 947 3822 999 ὅτι
3848 948 3926 1000 τά·

2387 1054 2564 1108 χιστα,
2599 1038 2690 1091 καὶ
2727 1037 2801 1108 μὴ
2831 1037 3070 1110 ἀναϐἀλῃ
3090 1037 3186 1108 τὴν
3236 1037 3468 1108 αἴτησιν.

2395 1208 2478 1273 Τῷ
2504 1207 2684 1262 Διιυίδ
2716 1212 3040 1273 ΨΑΛΜΟΣ,
3061 1211 3148 1274 είς
3190 1209 3254 1261 τὸ
3284 1207 3474 1273 τέλος,
3511 1209 3630 1261 τῶν
3666 1208 3810 1262 υἱῶν
3839 1210 3929 1261 Ἰω-

2462 1299 2671 1361 ναδὰό,
2735 1299 2831 1352 καὶ
2887 1297 3005 1352 τῶν
3055 1299 3296 1366 πρώτων
3343 1299 3930 1367 αἰχμαλωτισθέντων.

2476 1390 2896 1460 Ἀνεπιγραερος
2941 1389 3076 1456 παρ’
3122 1389 3422 1457 Ἑϐραίοις.
3459 1392 3535 1441 0'.

3029 1481 3351 1545 Ύπόθεσις.

2393 1575 2455 1626 Οἱ
2482 1574 2588 1626 υἱοὶ
2617 1574 2710 1627 τοῦ
2756 1573 3007 1627 Ἰωναδὶιϐ
3037 1573 3322 1642 γεγόνασιν
3368 1574 3556 1645 ἄνδρες
3600 1573 3844 1637 εὐλαϐεῖς
3886 1591 3937 1625 τε

2464 1667 2558 1720 καὶ
2581 1666 2795 1732 δίκαιοι,
2823 1667 2918 1718 καὶ
2946 1666 3054 1718 τῶν
3085 1665 3178 1718 τοῦ
3225 1667 3428 1736 πατρὸς
3475 1666 3701 1719 ἐντολῶν
3728 1665 3939 1734 φύλακες

2472 1759 2736 1830 ἀκριϐεῖς,
2763 1761 2856 1812 καὶ
2885 1757 3024 1810 οὕτω
3049 1757 3317 1821 θεοσεϐεῖς
3358 1759 3450 1811 καὶ
3479 1758 3538 1811 τὸ
3562 1754 3690 1830 ἦθος
3714 1759 3941 1829 χρηστοὶ,

2465 1852 2541 1914 ὼς
2562 1850 2654 1903 καὶ
2683 1850 2930 1921 μάρτυρα
2950 1851 3047 1921 τῆς
3089 1849 3266 1902 αὐτῶν
3305 1850 3502 1922 ἀρετῆς
3548 1849 3798 1917 γενέσθαι
3829 1849 3944 1901 Θεὸν

2466 1942 2543 2013 τῷ
2562 1943 2815 2014 προφήτῃ
2847 1942 3224 2011 διαλεγόμενον
3274 1941 3527 2013 Ἱερεμίᾳ.
3593 1941 3714 1994 Ἐπὶ
3763 1941 3946 1995 τούτων

2467 2036 2523 2088 δὲ
2551 2036 2644 2088 καὶ
2674 2036 2706 2105 ή
2737 2034 2924 2104 πρώτη
2977 2034 3073 2104 τῆς
3136 2033 3483 2104 Ἰερουσαλὴμ
3537 2032 3643 2086 ὑπὸ
3684 2032 3947 2084 Χαλδαίων

2468 2127 2812 2197 αἰχμαλωσία
2843 2125 3152 2195 γεγένηται.
3189 2126 3370 2195 Σχοῖεν
3425 2125 3468 2176 δ’
3513 2124 3578 2177 ἂν
3616 2120 3760 2179 οὗτοι
3801 2123 3946 2195 1:966-

2467 2235 2616 2272 ωπον
2639 2215 2731 2270 τοῦ
2784 2215 3139 2270 ἀποστολικοῧ
3165 2215 3348 2288 χοροῦ,
3376 2213 3468 2270 τυῦ
3495 2215 3588 2268 καὶ
3628 2216 3828 2286 σφόδρα
3863 2215 3949 2278 τὰς

2409 2307 2414 2312 ’
2470 2308 2564 2361 τοῦ
2597 2308 2914 2377 ἐπουρανίου
2957 2305 3166 2376 Πατρός
3206 2306 3536 2374 φυλάξαντος
3584 2307 3819 2369 ἐντολὰς,
3869 2309 3950 2359 καὶ

2467 2400 2595 2462 τοὺς
2623 2398 2874 2460 ἐπαίνους
2908 2397 3188 2468 εἰληφότος
3213 2397 3300 2450 διὰ
3353 2397 3459 2451 τῶν
3489 2400 3622 2468 πρὸς
3664 2400 3855 2461 αὐτοὺς
3883 2401 3951 2451 εί-

2475 2491 2723 2563 ρημὲνων
2754 2489 3132 2561 μακαρισμῶν.
3195 2488 3423 2560 Ὁμοίως
3450 2490 3578 2557 γοῦν
3602 2490 3694 2542 καὶ
3729 2492 3820 2542 ἐπὶ
3847 2490 3950 2542 τού-

2470 2601 2580 2637 των
2612 2582 2719 2635 τῶν
2743 2582 3072 2644 ἀποστόλων,
3116 2582 3277 2650 φημὶ,
3329 2582 3362 2650 ἠ
3419 2580 3605 2650 πρώτη
3637 2582 3734 2651 τῆς
3771 2583 3952 2652 Ἰερου-

2476 2675 2656 2746 σαλὴμ
2691 2672 3033 2742 αἱχμαλωσία
3087 2672 3191 2724 ὑπὸ
3240 2673 3520 2742 Ῥωμαίων
3563 2672 3794 2739 ἐγένετο.
3844 2673 3954 2726 Εἰσ-

2475 2768 2694 2835 άγονται
2726 2759 2816 2817 οὖν
2841 2759 2982 2817 οὗτοι
3005 2764 3051 2815 οί
3081 2761 3362 2830 θεοφιλεῖς,
3384 2763 3656 2815 τουτέστιν
3682 2765 3710 2815 ό
3741 2764 3954 2816 ἀποστο-

2476 2857 2622 2920 λικὸς
2652 2855 2830 2926 χορὸς,
2893 2855 2980 2908 διὰ
3012 2853 3104 2907 τοῦ
3141 2854 3500 2924 προκειμένου
3561 2853 3776 2924 ψαλμοῦ
3806 2855 3957 2924 εὐχήν

2476 2967 2536 3002 τε
2571 2949 2664 3002 καὶ
2694 2947 3038 3018 εὐχαριστίαν
3072 2947 3210 3016 ὑπὲρ
3257 2945 3462 3001 ἑαυτῶν
3487 2947 3845 3018 ἀναφέροντες
3877 2945 3957 3014 ’τῷ

2473 3037 2610 3108 Θεῷ,
2661 3040 2742 3106 ἐφ’
2775 3031 2854 3099 οἷς
2880 3036 3226 3106 θλιύομένους
3252 3036 3445 3098 αὐτοὺς
3494 3036 3600 3098 ἀπό
3625 3053 3685 3088 τε
3717 3037 3824 3090 τῶν
3855 3036 3949 3089 διω

828 3131 945 3184 licia
973 3129 1148 3185 laudis
1174 3129 1348 3185 solum
1373 3129 1670 3192 oblaturos,
1707 3127 1864 3198 legali
1895 3125 2141 3182 videlicet
2161 3127 2306 3182 cultu

2483 3131 2687 3184 κόντων
2727 3127 2814 3182 διὰ
2851 3127 2943 3180 τοῦ
2964 3126 3311 3195 εύαγγελικοῦ
3354 3127 3723 3197 κηρύγματος,
3757 3127 3860 3181 ἀπό
3908 3143 3960 3179 τε

832 3223 1103 3278 liberatos.

2482 3222 2588 3276 τῶν
2616 3221 2819 3291 νοητῶν
2850 3219 3146 3273 ἐπιϐούλων
3173 3219 3274 3288 τῆς
3297 3219 3474 3272 αὐτῶν
3510 3219 3687 3289 duxti;
3708 3219 3961 3290 δαιμόνων

827 3315 1099 3370 διέσωσεν·
1148 3313 1228 3367 ἔτι
1263 3330 1323 3366 τε
1352 3311 1762 3382 ὑπισχνούμενοι
1803 3312 1968 3382 μόνας
2001 3312 2102 3374 τὰς
2125 3312 2192 3365 δι’
2229 3316 2485 3378 αἰνέσεως
2517 3314 2856 3383 ἀναπέμπειν
2896 3311 3115 3376 Θυσίας,
3165 3310 3567 3382 ἀπηλλαγμένοι
3605 3311 3842 3381 δηλονότι
3872 3313 3960 3380 τῆς

831 3403 972 3458 κατά
999 3404 1160 3474 νόμον
1190 3403 1460 3474 λατρείας.

829 3499 885 3555 2.
922 3497 989 3553 In
1011 3507 1078 3564 te,
1112 3497 1349 3562 Domine,
1368 3497 1591 3566 sperari,
1616 3513 1718 3551 non
1746 3496 2042 3566 confundar
2074 3498 2127 3550 in
2153 3508 2309 3552 teter-

763 3607 908 3646 num.
945 3589 1213 3659 Ingentem
1265 3589 1513 3643 tiduciam
1561 3589 1796 3651 exhibet,
1835 3604 2024 3658 nempe
2056 3604 2204 3658 spem
2257 3591 2311 3643 in

766 3684 955 3738 Deum.
984 3680 1050 3735 In
1072 3681 1288 3752 justitia
1317 3692 1409 3735 tua
1443 3679 1608 3733 libera
1642 3696 1740 3734 me.
1769 3678 1984 3734 Iustitia
2020 3678 2199 3734 Patris
2232 3690 2314 3735 est

763 3772 954 3840 Filius,
983 3789 1077 3842 per
1111 3787 1270 3842 quem
1305 3773 1516 3828 liberati
1549 3787 1738 3828 sumus
1767 3787 1797 3825 a
1836 3780 2077 3841 peccato,
2118 3786 2226 3840 quo
2259 3771 2311 3824 in

764 3867 1109 3937 corruptione
1131 3863 1528 3922 detinebamur.

834 4043 888 4098 5.
938 4040 1063 4096 Esto
1087 4042 1214 4094 mihi
1257 4041 1312 4094 in
1349 4039 1511 4094 Deum
1550 4047 1908 4108 protectorem.
1943 4037 2152 4094 Gnarus
2189 4054 2317 4108 apo-

765 4135 991 4190 stolicus
1017 4134 1216 4188 chorus
1244 4131 1541 4202 pollicitum
1574 4147 1694 4186 esse
1719 4129 1908 4193 Deum,
1939 4130 2080 4199 quod
2109 4131 2223 4199 ipse
2262 4130 2315 4183 in

768 4240 982 4279 murum
1017 4223 1156 4295 ignis
1185 4223 1237 4275 in
1263 4222 1491 4276 circuitu
1526 4220 1738 4275 iuturus
1765 4219 1837 4273 sit
1867 4218 1933 4274 iis
1965 4218 2057 4287 qui
2082 4219 2320 4272 credide-

769 4315 948 4370 rintin
978 4316 1178 4384 ipsum.
1205 4321 1361 4382 rogat
1396 4327 1514 4366 eam
1542 4311 1960 4380 promissionem
2012 4323 2070 4362 re
2109 4309 2221 4377 jam
2263 4308 2317 4363 in

770 4419 830 4460 se
857 4405 1134 4473 compleri.
1169 4403 1429 4467 Quoniam
1461 4403 1849 4470 ﬁrmamentum
1890 4415 2059 4452 meum
2098 4407 2145 4451 et
2174 4397 2316 4467 refu-

769 4495 910 4565 gium
937 4509 1100 4547 meum
1129 4509 1181 4547 es
1209 4503 1283 4548 tu.
1316 4490 1432 4562 Ipse
1459 4505 1691 4560 namque
1708 4499 1788 4543 est
1815 4498 1960 4558 petra
1978 4503 2140 4559 supra
2156 4504 2318 4557 quam

770 4585 1018 4642 edidi-ali
1047 4586 1455 4640 fundamentum
1491 4584 1752 4638 habemus
1776 4599 1790 4647 ;
1819 4589 1873 4635 et
1893 4581 2005 4652 ipse
2035 4595 2223 4634 murus
2238 4586 2320 4635 est

771 4677 866 4748 qui
899 4677 1139 4732 continet
1167 4691 1286 4736 nos,
1329 4684 1387 4730 ut
1419 4675 1637 4729 nihilex
1669 4673 1887 4728 incursu
1935 4671 2197 4726 malorum
2225 4671 2317 4723 lae-

2495 3495 2619 3549 Ἐπὶ
2659 3493 2779 3557 σοι,
2816 3492 3010 3562 Κύριε,
3049 3491 3302 3559 ἤλπισα,
3341 3491 3426 3561 μὴ
3471 3493 3963 3561 καταισχυνθειήγ

2410 3593 2496 3656 εις
2526 3589 2631 3642 τὸν
2655 3585 2856 3640 αἰῶνα.
2901 3585 3058 3653 Μέγα
3082 3585 3280 3655 θάρσος
3302 3586 3401 3655 τῆς
3424 3585 3796 3655 πεποιθήσεως
3829 3585 3966 3654 αὐτῷ

2415 3677 2793 3750 προϐάλλεται,
2822 3676 2918 3746 τὴν
2942 3677 3034 3728 ἐπὶ
3075 3675 3152 3745 τῷ
3190 3674 3307 3744 Θεῷ
3359 3676 3566 3730 ἐλπίδα.
3621 3678 3722 3730 Ἐν
3764 3676 3834 3745 τῇ
3890 3676 3961 3735 δι-

2415 3770 2706 3837 καιοσύνῃ
2732 3784 2848 3822 σου
2872 3767 3060 3835 ῥῦσαί
3078 3784 3172 3837 με.
3232 3767 3546 3838 Δικαιοσύνη
3576 3768 3668 3821 τοῦ
3713 3768 3920 3837 Πατρός
3944 3770 3967 3820 ὁ

2416 3865 2561 3930 Υἱὸς,
2593 3863 2658 3916 δι’
2695 3854 2755 3915 οὗ
2782 3861 3121 3934 ἐρῤύσθημεν
3151 3861 3246 3931 τῆς
3273 3859 3605 3931 κατεχούσης
3626 3860 3775 3930 ἡμᾶς
3803 3861 3968 3930 ἀμαρ»

2413 3955 2532 4018 τίας
2588 3957 2668 4016 είς
2710 3954 2931 4025 φθοράν.

2487 4044 2674 4098 Γενοῦ
2731 4059 2832 4112 μοι
2884 4044 2970 4107 εις
3012 4041 3158 4095 Θεὸν
3213 4037 3688 4109 ὐπερασπιστήν.
3735 4039 3903 4102 Εἰδὼς
3947 4041 3971 4090 ὁ

2419 4134 2770 4197 ἀποστολικὸς
2797 4133 2975 4204 χορὸς,
3020 4131 3096 4195 ὡς
3135 4131 3295 4194 αὐτὸς
3358 4130 3698 4201 ἐπήγγελται
3743 4133 3854 4194 τοῖς
3904 4133 3971 4192 si;

2419 4229 2578 4284 αὑτὸν
2608 4224 2953 4279 πιστεύουσιν
3001 4222 3216 4276 ἔσεσθαι
3264 4225 3441 4292 τεῖχος
3498 4223 3667 4293 πυρὸς
3700 4221 3972 4285 κυκλόθεν,

2418 4320 2514 4390 τὴν
2544 4317 2792 4381 τοιαύτην
2819 4315 3108 4385 ὑπόσχεσιν
3141 4313 3285 4385 ἔργῳ
3318 4315 3397 4378 εἰς
3427 4313 3614 4366 ἑαυτὸν
3644 4311 3974 4382 πληροῦσθαι

2422 4409 2746 4482 παρακαλεῖ.
2810 4403 3263 4473 Ὅτιστερέωμά
3333 4421 3451 4473 μου
3516 4403 3614 4457 καὶ
3672 4401 3974 4472 καταφυγή

2415 4518 2532 4571 μου
2569 4496 2627 4553 εἴ
2655 4498 2754 4552 σύ.
2804 4497 2973 4560 Αὐτὸς
3002 4496 3108 4565 γάρ
3142 4496 3286 4547 ἐστιν
3314 4497 3347 4566 ἡ
3385 4495 3577 4566 πέτρα,
3622 4494 3705 4562 ἐφ’
3731 4495 3799 4564 ἢν
3827 4495 3882 4548 οἱ
3905 4494 3976 4546 oi-

2422 4590 2808 4662 κοδομηθέντες
2836 4589 2925 4642 τὸν
2948 4586 3193 4657 θεμέλιον
3225 4586 3436 4657 ἔχομεν·
3477 4587 3570 4640 καὶ
3603 4585 3764 4648 αὐτὸς
3786 4585 3847 4638 τὸ
3875 4587 3978 4637 τεῖ-

2422 4702 2514 4756 χος
2540 4685 2600 4737 τὸ
2630 4681 2846 4750 συνέ-χον
2879 4680 3044 4750 ἡμᾶς,
3077 4679 3210 4748 πρὸς
3257 4677 3316 4730 τὸ
3349 4678 3513 4750 μηδὲν
3543 4676 3728 4729 παθεῖν
3783 4675 3841 4741 ἐξ
3871 4679 3978 4728 ἐπι·

771 4771 986 4827 damur.
1035 4768 1226 4823 Libera
1273 4783 1376 4831 me,
1425 4767 1620 4835 inquit,
1668 4764 1734 4818 ab
1763 4764 1828 4818 iis
1873 4762 2186 4816 hominibus
2226 4762 2312 4831 qui

2420 4777 2626 4848 δρομῆς
2679 4772 2882 4829 κακῶν.
2932 4769 3260 4834 Ἀπάλλαξύν
3317 4786 3404 4840 με,
3467 4769 3620 4840 φησὶ,
3642 4768 3848 4821 τούτων
3879 4769 3979 4820 τῶν

774 4864 1059 4934 imperium
1098 4860 1363 4922 obtinent,
1399 4870 1452 4914 et
1497 4873 1595 4914 ceu
1643 4872 1805 4910 manu
1850 4853 2084 4924 quadam
2121 4867 2221 4907 nos
2265 4853 2319 4906 in

775 4956 1088 5012 servitutem
1129 4961 1312 5023 agunt,
1340 4953 1471 5008 viris
1507 4950 1713 5007 scilicet
1747 4956 2095 5019 peccatorum
2123 4944 2319 5015 plenis,

776 5047 998 5117 iniquis,
1026 5044 1264 5112 iniustis.

845 5137 899 5192 4.
946 5135 1082 5190 Deus
1117 5150 1278 5198 meus,
1309 5133 1447 5200 eripe
1474 5145 1550 5182 me
1577 5129 1640 5182 de
1669 5145 1825 5182 manu
1849 5126 2156 5198 peccatoris,
2186 5132 2235 5179 et
2261 5124 2323 5177 de

777 5246 937 5284 manu
970 5238 1150 5280 contra
1185 5225 1346 5279 leaem
1375 5223 1574 5293 agentis
1597 5232 1644 5276 et
1674 5222 1859 5290 iniqui.
1892 5218 2198 5276 Peccatoris
2232 5232 2324 5269 no-

779 5320 924 5373 mine
961 5317 1178 5372 Judzeos
1210 5315 1472 5384 tntelligit,
1517 5314 1618 5382 ipsi
1670 5312 1810 5366 enim
1857 5317 2005 5364 erant
2048 5316 2102 5363 et
2134 5314 2322 5361 contra

781 5410 949 5479 legem
998 5417 1210 5478 agentes
1261 5417 1315 5462 et
1367 5407 1569 5476 iniqui:
1613 5418 1801 5460 contra
1855 5405 2023 5475 legem
2084 5410 2321 5473 agentes,

780 5502 907 5569 quia
935 5501 1182 5555 innoxios
1210 5499 1538 5553 damnabant
1571 5517 1584 5559 ;
1620 5495 1791 5566 iniqui
1823 5504 2026 5558 autem,
2058 5494 2186 5562 quia
2214 5489 2328 5542 nul-

785 5595 889 5647 lam
927 5591 1187 5645 haberent
1223 5591 1483 5644 adversus
1529 5589 1649 5646 illos
1690 5585 1882 5643 rationi
1917 5589 2325 5640 censentaneam

783 5684 1143 5742 occasionem.

857 5799 901 5829 “
933 5796 1040 5852 Jer.
1070 5809 1228 5858 xxxv,
1259 5795 1415 5850 5-19'

2425 4868 2783 4941 κρατούντων,
2811 4866 2905 4919 καὶ
2951 4864 3054 4918 ὑπὸ
3104 4863 3201 4933 τὴν
3222 4862 3460 4916 δουλείαν
3489 4861 3674 4932 ὥσπερ
3713 4861 3858 4933 χειρί
3885 4879 3979 4914 τινι

2426 4961 2662 5030 ἀγόντων
2715 4957 2940 5028 ἀνδρῶν,
2967 4954 3237 5026 ἁμαρτίας
3279 4952 3743 5024 πεπληρωμένων,
3772 4952 3982 5023 ἀνόμων

2424 5069 2483 5104 τε
2515 5052 2606 5104 καὶ
2624 5049 2841 5102 ἀδίκων.

2509 5141 2568 5192 '0
2603 5141 2743 5205 Θεός
2780 5155 2917 5207 μου,
2946 5135 3134 5205 ῥῦσαί
3160 5151 3236 5204 με
3264 5134 3331 5188 ἐκ
3364 5132 3554 5202 χειρὸς
3619 5131 3980 5201 ἀμαρτωλοῦ.

2427 5233 2522 5288 καὶ
2577 5233 2644 5285 ἐκ
2696 5229 2888 5301 χειρός
2943 5227 3423 5297 παρανομοῦντος
3471 5225 3568 5279 καί
3621 5225 3980 5287 ἀδικοῦντος.

2429 5324 2530 5377 Τοῦ
2569 5321 2914 5393 ἁμαρτωλοῦ,
2974 5320 3082 5373 τῶν
3125 5319 3387 5372 Ἰουδαίων
3434 5332 3618 5386 φησιν’
3677 5315 3840 5377 αὐτὸς
3882 5316 3983 5382 γὰρ

2426 5413 2493 5488 ἦν
2513 5418 2540 5468 ὁ
2561 5417 2653 5468 καὶ
2682 5414 2992 5486 παράνομος
3022 5412 3114 5465 καὶ
3158 5411 3356 5472 ἄδικος
3408 5407 3720 5478 παράνομος
3761 5405 3880 5475 μὲν,
3908 5406 3982 5457 ὅτι

2426 5509 2553 5569 τοὺς
2577 5505 2782 5567 ἁθώους
2818 5503 3152 5573 κατέκρινεν·
3180 5499 3360 5561 ἄδικος
3390 5497 3466 5563 δὲ,
3508 5496 3590 5550 ὅτι
3627 5493 3882 5566 οὐδεμίαν
3911 5494 3985 5554 εἰς

2435 5598 2627 5660 αὐτοὺς
2655 5591 2794 5666 εἶχεν
2819 5593 3035 5661 εὔλογον
3069 5591 3354 5664 πρόφασιν.
