4086 6308
204 357 307 412 517

202 570 304 635 είς
332 588 452 639 μου
500 572 571 627 ἐκ
625 576 904 643 νεότητός
964 598 1102 648 μου.
1146 582 1329 636 Ῥῦσαί
1375 603 1462 654 με,
1506 588 1686 656 φησὶν,
1719 587 1775 652 ἐξ

202 658 370 711 αὑτοῦ
404 660 499 713 τοῦ
533 666 845 735 παρανόμου
878 666 1028 731 λαοῦ,
1063 670 1193 724 διότι
1238 674 1331 725 καὶ
1362 674 1447 727 διὰ
1473 678 1530 728 σὲ
1563 678 1632 727 τά
1662 694 1775 728 τοι-

201 750 345 804 cita
369 752 626 823 ὑπομένω
649 758 740 809 καὶ
760 758 846 811 διὰ
872 759 967 830 τὴν
995 764 1073 823 εἰς
1103 764 1161 815 σε
1191 764 1398 823 ἐλπίδα,
1419 768 1485 836 ἣν
1512 767 1776 839 ἐδεξάμην

198 841 267 894 ἐκ
292 845 393 913 τῆς
419 846 641 917 πρώτης
670 850 763 901 καὶ
796 850 852 916 ἐξ
876 852 1045 922 ἀρχῆς
1076 870 1177 921 μου
1215 853 1300 909 διὰ
1325 856 1417 909 σοῦ
1453 861 1771 927 γεννήσεως,

201 935 346 988 κατὰ
400 938 462 989 τὸ
511 940 815 1010 εἰρημένον
855 942 1027 994 Ὅσοι
1059 944 1278 998 ἐλασον
1320 948 1523 1011 αὑτὸν,
1555 948 1777 1002 ἔδωκεν

197 1025 408 1091 αὐτοῖς
438 1028 729 1090 ἐξουσίαν
758 1030 937 1084 τέχνα
986 1034 1132 1088 Θεοῦ
1162 1036 1454 1104 γενέσθαι.

283 1117 417 1169 Ἑπί
456 1117 531 1169 σὲ
578 1119 1018 1189 ὲπεστηρίχθην
1069 1124 1184 1176 ἀπὸ
1233 1129 1507 1194 γαστρός.
1558 1130 1767 1183 Δείκνυ-

200 1224 308 1269 σιν,
336 1209 411 1271 ὠς
446 1211 473 1261 ό
498 1209 729 1279 Χριστὸς
752 1211 817 1263 δι’
848 1212 905 1265 ὃν
933 1214 999 1267 τὰ
1038 1216 1261 1270 τοιαῦτα
1296 1218 1581 1289 ὑπέμενον,
1614 1225 1772 1287 αὑτός

197 1296 351 1345 εστιν
381 1295 409 1344 ὁ
445 1295 537 1346 καὶ
580 1297 659 1348 ἔτι
704 1299 995 1368 κυομένους
1027 1302 1222 1367 αὑτοὺς
1255 1308 1312 1357 ἐν
1342 1311 1538 1379 γαστρὶ
1562 1315 1623 1381 τῇ
1676 1312 1769 1383 δη-

200 1388 497 1456 μιουργικῇ
548 1387 737 1440 ἑαυτοῦ
778 1390 998 1461 προνοίᾳ
1037 1392 1315 1463 ἐξαγαγὼν
1367 1402 1445 1461 εἰς
1488 1400 1620 1469 φῶς.
1677 1404 1769 1457 Ἐκ

196 1478 433 1542 κοιλίας
459 1482 680 1546 μητρός
706 1498 824 1547 μου
855 1484 934 1535 σύ
956 1501 1075 1552 μου
1097 1483 1154 1539 εἷ
1178 1491 1548 1559 σκεπαστής.
1595 1494 1770 1547 Ἐπει-

193 1566 283 1637 δὴ,
310 1570 465 1638 φησί,
522 1572 586 1623 σὺ
635 1572 794 1635 αὐτὸς
847 1576 875 1627 ό
904 1574 1122 1646 Κύριος,
1160 1580 1251 1631 καὶ
1280 1582 1337 1633 ὲν
1370 1586 1433 1653 τῇ
1472 1585 1644 1655 κοιλίᾳ
1670 1586 1768 1656 τῆς

197 1660 405 1729 μητρός
435 1679 536 1731 μου
563 1663 642 1715 ἔτι
698 1665 826 1718 ὄντα
861 1660 1095 1731 ἐσκεπες
1132 1673 1195 1742 τῇ
1243 1673 1363 1745 θεία
1396 1692 1487 1729 σου
1523 1677 1765 1749 δυνάμει,

193 1753 288 1805 καὶ
321 1754 540 1825 ερρὑσω
565 1760 627 1811 ὲκ
648 1758 743 1811 τοῦ
776 1762 1213 1833 παρανομοῦντος
1270 1765 1416 1819 λαοῦ·
1455 1770 1641 1822 τούτου
1672 1772 1768 1841 χά-

1291 374 1653 432 EXPOSITIO
1684 377 1749 431 ΙΝ
1785 375 2117 438 PSALMUM
2159 385 2318 442 LXX.

280 479 407 532 Ὀτι
428 481 512 535 σὺ
539 480 597 537 εἷ
620 484 658 551 ἡ
687 487 956 556 ὑπομονὴ
975 507 1114 559 μου,
1160 494 1351 560 Κύριε,
1382 497 1575 563 Κύριε,
1606 498 1642 564 ἡ
1674 498 1772 549 ἐλ-
1810 501 1851 555 Α

3339 394 3444 448 318

1953 500 2000 553 5.
2038 500 2299 566 Quoniam
2319 514 2372 558 tu
2398 524 2451 560 es
2476 509 2733 572 patientia
2762 525 2896 575 mea,
2931 508 3166 573 Domine,
3204 508 3440 562 Domine.

1884 607 1995 657 spes
2028 608 2137 645 mea
2164 610 2195 646 a
2227 596 2495 661 juventute
2528 616 2658 651 mea.
2691 597 2880 652 Libera
2924 615 3026 664 me,
3066 600 3259 667 inquit,
3291 617 3318 653 ιι
3343 616 3443 669 po-

1883 682 2007 748 pulo
2055 683 2159 736 isto
2213 685 2343 754 legis
2387 697 2810 754 transgressore,
2854 688 2978 755 quia
3033 700 3247 756 propter
3271 698 3341 752 te,
3390 698 3443 741 et

1883 780 2098 839 propter
2124 788 2271 841 spem
2310 791 2471 843 quam
2515 777 2565 829 in
2610 786 2660 829 te
2698 777 2856 829 habui
2884 778 2952 830 ab
2983 778 3156 840 initio,
3186 787 3237 830 et
3270 794 3296 829 a
3323 795 3437 829 Inoa

1885 877 1976 929 per
2009 875 2057 914 te
2081 864 2443 930 generatione,
2474 866 2562 917 illa
2596 867 2859 928 sustineo,
2885 867 3035 934 juxta
3073 868 3200 920 illnzl
3228 887 3238 920 :
3272 868 3437 931 Quot-

1879 963 2003 1023 quot
2036 965 2329 1023 receperunt
2372 972 2484 1008 eum
2526 958 2667 1009 dedit
2710 958 2782 1010 eis
2824 968 3131 1027 potestatem
3173 958 3312 1027 ﬁlios
3346 958 3438 1013 Dei

1881 1044 1992 1110 ﬁeri
2026 1046 2088 1096 ⁶¹.

1949 1134 2001 1186 6.
2057 1131 2121 1185 In
2150 1142 2195 1184 te
2221 1135 2565 1202 conﬁrmatus
2590 1152 2700 1188 sunt
2733 1153 2799 1190 ea:
2820 1146 2984 1190 utero.
3013 1136 3254 1191 Deciarat
3283 1138 3439 1191 Chri-

1879 1240 2020 1281 stum
2054 1238 2273 1296 propter
2294 1244 2453 1296 quem
2488 1229 2575 1282 illa
2602 1231 2963 1293 sustinebant,
2996 1232 3168 1299 ipsum
3195 1248 3315 1285 esse
3346 1231 3437 1299 qui

1878 1321 2051 1373 adhuc
2090 1334 2184 1373 eos
2210 1318 2260 1371 in
2294 1329 2449 1373 utero
2476 1331 2712 1387 gestatus
2739 1322 2936 1375 virtute
2966 1338 3061 1375 sua
3095 1323 3356 1375 erratrice
3384 1323 3437 1374 in

1878 1411 2049 1464 lucem
2082 1411 2285 1463 eduxit.
2315 1410 2387 1463 De
2416 1425 2590 1463 ventre
2619 1416 2805 1466 matris
2840 1430 2965 1467 mea:
3000 1423 3051 1465 tu
3085 1431 3137 1466 es
3180 1424 3439 1481 protector

1876 1519 2036 1555 meus.
2087 1500 2555 1572 Quandoquidem,
2612 1505 2708 1570 ait,
2757 1516 2812 1558 tu
2870 1501 2985 1575 ipse
3034 1505 3295 1559 Dominus
3330 1522 3435 1569 me,

1875 1595 2003 1647 dum
2031 1595 2206 1647 adhuc
2244 1597 2296 1647 in
2326 1603 2509 1649 ventre
2549 1599 2737 1651 matris
2766 1614 2966 1661 essem,
2995 1598 3315 1667 protegebas
3350 1596 3435 1649 di~

1874 1686 1997 1739 vina
2035 1695 2124 1739 tua
2144 1687 2364 1753 virtute,
2411 1700 2462 1742 et
2505 1688 2746 1743 liberasti
2794 1704 2880 1742 me
2910 1706 2972 1742 ex
3012 1689 3211 1759 populo
3248 1698 3436 1743 contra

1877 1779 2044 1847 legem
2071 1791 2299 1849 agente;
2330 1782 2448 1835 ideo
2473 1798 2595 1852 ego,
2636 1790 2819 1849 utpote
2853 1783 2942 1850 qui
2978 1792 3084 1835 tam
3132 1781 3437 1850 frequenter

197 1860 281 1914 ριν
308 1846 404 1897 καὶ
436 1849 596 1912 αὐτὸς
622 1848 753 1919 ἐγὼ,
773 1852 867 1906 ἅτε
891 1854 989 1923 τῆς
1023 1853 1164 1909 οὑτω
1191 1858 1446 1928 συνεχοῦς
1472 1862 1761 1933 ᾐσθημένος

1876 1877 1963 1923 tua
2024 1872 2286 1925 senserim
2337 1874 2615 1940 benetlcia,
2690 1891 2964 1945 nunquam
3012 1890 3166 1929 cesso
3205 1876 3435 1945 hymnos

191 1937 531 2007 εὐεργεσίας,
552 1943 614 1994 οὑ
657 1942 904 2016 παύομαι
940 1949 1064 2011 τοὺς
1099 1949 1180 2010 εἰς
1210 1949 1268 2002 σὲ
1294 1949 1495 2020 ὕμνους
1521 1955 1768 2027 ἀναπέμ-

192 2045 309 2082 πων
340 2029 621 2101 διηνεκῶς.

273 2121 379 2174 Ἐν
427 2124 525 2176 σοί
560 2128 597 2193 ὴ
644 2126 906 2196 ὕμνησίς
944 2147 1056 2195 μου
1106 2131 1444 2201 διαπαντός.
1490 2137 1555 2189 Σὲ
1586 2140 1770 2209 ὑμνῶν

190 2212 285 2265 καὶ
328 2212 569 2280 δοξάζων
598 2218 846 2284 διατελῶ,
875 2223 968 2274 καὶ
998 2222 1084 2276 διὰ
1110 2225 1208 2295 τῆς
1241 2226 1340 2296 σῆς
1370 2230 1622 2297 προνοίας
1650 2233 1773 2299 ἐγε-

189 2306 364 2376 νόμην
392 2326 460 2361 πε
469 2310 772 2377 ρίὸλεπτος.
791 2314 943 2367 Ὠσεί
974 2314 1147 2384 τέρας
1173 2318 1466 2387 ἐγενήθην
1486 2322 1607 2388 τοῖς
1627 2327 1769 2377 πολ-

186 2398 342 2464 λοῖς.
380 2400 555 2471 Τέρας
590 2404 687 2473 μὲν
714 2404 776 2457 τὸ
808 2407 1107 2476 παράδοξον
1138 2411 1231 2462 καὶ
1266 2412 1407 2481 μέγα
1436 2430 1488 2465 τι
1518 2414 1708 2483 φησιν·
1740 2414 1769 2467 ὅ

186 2491 243 2543 δὲ
279 2492 432 2560 λέγει
482 2495 721 2548 τοιοῦτόν
772 2500 949 2553 ἐστιν·
983 2501 1044 2554 Εἰ
1075 2505 1167 2556 καὶ
1211 2504 1383 2575 ῆρθην
1425 2507 1581 2576 ὑψοῦ,
1613 2508 1764 2577 φησὶ,

188 2581 282 2632 καὶ
320 2582 495 2651 μέγας
518 2600 599 2647 τις
624 2586 715 2638 καὶ
740 2585 1016 2659 ἐξαίρετος
1039 2591 1095 2644 ὲν
1121 2594 1234 2656 τοῖς
1267 2594 1480 2659 πολλοῖς
1503 2596 1768 2669 τεθάρση-

190 2690 289 2741 μαι
349 2672 593 2727 ἔθνεσινο
645 2676 758 2729 ἀλλ’
787 2679 887 2732 οὑκ
935 2682 1110 2754 οἰκείᾳ
1151 2682 1373 2755 δυνάμει
1426 2687 1485 2739 τὺ
1530 2689 1765 2742 τοιοῦτον

186 2764 347 2834 ἔσχον
379 2766 603 2833 ἀγαθόν.
640 2768 711 2820 Σὺ
741 2769 850 2841 γὰρ
878 2767 944 2842 ἧς
970 2774 1132 2837 αὑτὸς
1169 2778 1196 2827 ό
1230 2777 1515 2847 κράτιστόν
1561 2797 1627 2849 με
1671 2782 1765 2833 καὶ

184 2858 437 2920 γενναῖον
465 2855 551 2908 διὰ
579 2857 677 2928 τῆς
706 2860 902 2913 σαυτοῦ
935 2860 1188 2934 βοηθείας
1219 2866 1409 2920 ποιῶν.

251 3031 629 3098 tumcum
688 3034 753 3087 τὸ
812 3037 1007 3107 στόμα
1054 3056 1175 3108 μου
1229 3042 1547 3109 αἰνέσεως,
1602 3044 1761 3112 ὅπως

184 3123 443 3193 ὑμνήσω
498 3126 613 3193 τὴν
677 3127 867 3192 δόξαν
914 3148 1053 3187 σου.
1095 3134 1309 3206 Ἐπειδὴ
1353 3136 1460 3189 τῶν
1505 3138 1758 3192 τοιούτων

184 3214 572 3287 ὑπαρχθεισῶν
603 3235 691 3289 μοι
712 3221 1059 3291 εὐεργεσιῶν,
1092 3223 1375 3294 ἄνθρωπος
1395 3225 1492 3291 ὣν,
1513 3230 1572 3280 οὐ
1599 3230 1757 3281 δῦνα-

186 3325 285 3375 μαι
337 3308 442 3371 τὰς
483 3310 639 3375 ἀξίας
669 3310 956 3366 ἀποδοῦναι
989 3314 1221 3383 ἀμοιϐάς
1241 3332 1253 3345 ο
1286 3317 1473 3370 τούτου
1508 3320 1664 3391 χάριν
1695 3324 1757 3373 ἐκ

180 3397 283 3467 τῆς
318 3398 421 3464 σῆς
456 3399 645 3468 σοφίας
686 3401 942 3465 αὶνέσεὼς
984 3420 1085 3474 μου
1114 3406 1176 3457 τὸ
1210 3407 1382 3478 στόμα
1409 3410 1758 3481 πληρωθῆναι

181 3490 347 3556 ἀξιῶ·
383 3490 528 3545 οὕτω
558 3493 668 3563 γὰρ
708 3494 803 3547 καὶ
839 3495 989 3565 μόλις
1034 3497 1132 3569 τὴν
1180 3500 1277 3571 σὴν
1320 3500 1476 3567 δόξαν
1520 3504 1757 3573 ὑμνῆσαι

180 3581 691 3651 δυνήσομαι.”ολην
712 3583 828 3652 τὴν
853 3585 1083 3653 ἡμέραν
1110 3587 1227 3657 τὴν
1240 3592 1758 3661 μεγαλοπρέπειαν

179 3688 318 3727 σου.
340 3673 607 3738 Ἐπειδὰν,
645 3675 1022 3747 πληρωθέντος
1065 3698 1165 3750 μου
1198 3681 1291 3733 τοῦ
1321 3682 1584 3753 στόματος
1616 3686 1758 3739 αἰνέ-

181 3781 343 3828 σεως,
376 3766 530 3835 mat,
566 3768 665 3836 τὴν
694 3769 790 3839 σὴν
823 3768 981 3834 δόξαν
1024 3772 1271 3843 ἄρξωμαι
1293 3774 1500 3844 ὑμνεῖν,
1534 3777 1756 3849 ὑμνήσω

181 3855 273 3907 καὶ
296 3855 389 3908 διὰ
420 3856 601 3925 πάσης
632 3858 845 3929 ἡμέρας
866 3860 965 3930 τὴν
994 3860 1470 3932 μεγαλοπρέπειαν
1506 3881 1618 3917 σου.
1662 3867 1757 3919 Δός

182 3942 278 4006 ξαν
309 3944 366 3995 δὲ
400 3944 467 4013 ἣν
500 3946 592 3998 ἐπὶ
624 3947 726 4015 γῆς
758 3950 1049 4019 ἐποιήσατο
1072 3952 1383 4023 οἰκονομίαν
1412 3955 1565 4026 φησὶ,
1598 3956 1663 4009 δι’
1689 3953 1757 4030 ἦς

179 4034 470 4105 ἐπλήρωσε
497 4036 595 4104 τὴν
624 4038 728 4106 γῆν
750 4040 848 4109 τῆς
870 4041 1027 4111 δόξης
1052 4042 1239 4095 αὑτοῦ.
1264 4045 1754 4118 Μεγαλοπρέπειαν

176 4128 233 4179 δὲ
268 4127 369 4198 τὴν
403 4126 631 4199 θεότητα
662 4129 831 4201 λέγει,
864 4133 929 4186 δι’
958 4128 1026 4204 ἧς
1058 4135 1231 4189 πάντα
1259 4138 1441 4191 ἐκεῖνα
1472 4138 1755 4210 ἁνομαλῶς

177 4221 497 4304 εἰργάσατο.

248 4313 646 4387 [mmmam
678 4317 744 4370 τὸ
786 4320 979 4389 στόμα
1015 4338 1135 4389 μου
1179 4324 1481 4391 αἰνέσεως.
1523 4325 1754 4379 Δυνατδν

180 4408 280 4477 μὲν
321 4407 611 4471 διαπαντὸς
637 4411 806 4463 αἰνεῖν
828 4411 917 4464 τὸν
952 4412 1104 4477 Θεὸν,
1147 4417 1240 4469 καὶ
1284 4416 1573 4482 διαπαντὸς
1605 4419 1755 4471 εὑλο-

1874 1962 1967 2016 tibi
2002 1961 2217 2016 oﬂ‘erre.

1944 2141 1996 2194 7.
2039 2141 2103 2194 In
2132 2151 2179 2194 te
2209 2141 2445 2193 cantatio
2478 2154 2591 2191 mea
2618 2155 2835 2207 semper.
2877 2137 2932 2192 In
2975 2141 3193 2210 hymnis
3220 2152 3272 2195 et
3314 2142 3434 2196 lau—

1871 2234 2033 2288 dibus
2058 2234 2164 2287 tuis
2199 2232 2542 2302 proferendis
2588 2245 2892 2301 persevero,
2927 2240 2979 2285 et
3016 2246 3111 2301 per
3150 2234 3434 2300 providen-

1869 2327 1997 2379 tiam
2040 2336 2185 2380 tuam
2232 2326 2528 2395 przeclarns
2590 2325 2761 2377 evasi.
2821 2322 3094 2392 Tanquam
3136 2324 3433 2394 prodigium

1868 2420 2042 2487 [actus
2082 2434 2197 2471 sum
2236 2416 2442 2471 multis.
2484 2414 2821 2485 Prodigium,
2855 2415 3349 2484 obstupescendum
3377 2429 3432 2470 et

1868 2525 2123 2579 magnum
2178 2508 2381 2578 aliquid
2433 2508 2723 2578 signiﬁcat.
2772 2505 3096 2575 llujnsmodi
3143 2518 3431 2563 autemest

1866 2603 2007 2671 quod
2043 2602 2119 2654 ait
2148 2620 2161 2654 :
2194 2600 2417 2655 Etiamsi
2451 2601 2504 2654 in
2530 2600 2760 2654 sublime
2791 2599 3031 2653 elevatus
3058 2614 3200 2662 sum,
3234 2599 3429 2668 inquit,

1864 2702 1916 2746 et
1949 2708 2177 2762 magnus
2205 2692 2627 2761 praeclarusque,
2656 2692 2798 2760 apud
2835 2691 3035 2744 multas
3071 2699 3258 2762 gentes
3292 2691 3430 2745 (idu-

1863 2788 1947 2841 cia
1978 2788 2170 2858 plenus
2198 2802 2318 2841 sum
2348 2807 2360 2840 :
2391 2788 2483 2842 sed
2522 2803 2628 2841 non
2676 2790 2893 2858 prepria
2934 2804 3052 2843 mea
3086 2794 3284 2844 virtute
3311 2798 3429 2842 tan-

1864 2888 1976 2933 tum
2019 2880 2145 2934 boni
2191 2880 2416 2949 adeptus
2451 2896 2593 2934 sum.
2630 2879 2709 2933 Tu
2752 2881 2894 2933 enim
2925 2897 3049 2934 cras
3096 2882 3187 2949 qui
3223 2897 3308 2934 me
3332 2890 3429 2934 tuo

1862 2971 2065 3026 auxilio
2093 2982 2147 3026 et
2176 2970 2535 3027 fortissimum
2559 2981 2611 3027 et
2641 2988 2960 3043 generosum
2996 2971 3263 3026 ciliciebas

1933 3062 1985 3116 8.
2040 3061 2319 3132 Repleatur
2367 3081 2423 3117 os
2471 3080 2644 3118 meum
2686 3065 2842 3118 laude
2880 3076 2936 3118 ut
2968 3077 3170 3118 cantent
3204 3066 3425 3135 gloriam

1863 3162 2027 3203 luant.
2080 3151 2346 3216 Quoniam
2397 3153 2564 3206 tantis
2608 3152 2885 3207 beneﬁciis
2944 3154 3211 3220 all'ectus,
3260 3156 3423 3208 homo

1861 3258 1983 3297 cum
2008 3243 2133 3309 sim,
2174 3258 2280 3297 non
2324 3259 2543 3313 possum
2579 3245 2775 3315 dignas
2805 3245 3191 3299 retributiones
3232 3262 3426 3315 repen-

1857 3332 1983 3386 dere
2017 3350 2032 3400 ;
2078 3333 2197 3387 ideo
2221 3350 2287 3387 ex
2324 3343 2411 3388 tua
2449 3335 2716 3404 sapientia
2758 3350 2890 3405 rogo
2941 3350 3002 3389 os
3042 3351 3221 3388 meum
3268 3336 3424 3389 laude

1858 3423 2075 3492 repleri,
2098 3434 2256 3494 atque
2277 3425 2349 3478 ila
2375 3424 2462 3478 vix
2487 3436 2672 3493 potero
2696 3425 2921 3495 gloriam
2950 3426 3222 3479 celebrare
3252 3436 3419 3479 tuam.

1862 3516 1991 3574 Tota
2023 3520 2105 3572 die
2130 3520 2574 3589 magniﬁcentiam
2620 3530 2784 3574 tuam.
2816 3519 3133 3591 Postquam,
3167 3536 3261 3575 ore
3296 3537 3419 3576 meo

1858 3608 2015 3663 laude
2060 3611 2282 3679 repleto,
2332 3621 2481 3665 tuam
2536 3612 2811 3667 celebrare
2852 3614 3078 3684 gloriam
3127 3616 3417 3684 iuctepero,

1858 3710 1966 3753 tota
1994 3701 2081 3754 die
2123 3702 2580 3770 magniﬁcentiam
2622 3718 2840 3771 quoque
2874 3713 3021 3758 tuam
3071 3706 3372 3760 decantalio
3406 3724 3417 3734 ·

1856 3794 2080 3864 gloriam
2107 3805 2285 3849 autem
2316 3806 2491 3865 vocat,
2523 3797 2878 3851 oeconomiam
2908 3814 3071 3867 quam
3100 3800 3344 3853 exhibuit
3365 3801 3417 3853 in

1858 3893 2019 3947 terra,
2066 3901 2170 3955 qua
2225 3894 2421 3939 terram
2470 3887 2638 3955 gloria
2666 3904 2762 3941 sua
2801 3889 3041 3957 replevit.
3079 3888 3419 3960 Magniﬁcen-

1856 3978 1985 4031 tiam
2028 3989 2209 4033 autent
2248 3991 2403 4033 vocat
2448 3981 2722 4045 deitatem,
2759 3996 2855 4050 per
2895 3998 3059 4051 quam
3103 3967 3284 4036 omnia
3327 3983 3417 4037 illa

1855 4069 2020 4122 variis
2050 4070 2226 4125 modis
2257 4071 2451 4125 ell'ecit.

1927 4325 2247 4400 [Replcatur
2295 4344 2352 4381 os
2406 4344 2576 4381 meum
2626 4328 2797 4383 laude.
2854 4328 3152 4385 Possumus
3198 4332 3413 4402 quidem

1856 4422 2077 4475 laudare
2110 4435 2321 4489 semper
2359 4418 2547 4482 Deum,
2586 4435 2801 4489 semper
2831 4421 3169 4488 benedicere,
3206 4439 3417 4493 semper

177 4499 315 4563 γείν,
349 4498 445 4549 καὶ
470 4497 760 4564 διαπαντὸς
792 4506 1085 4573 σωφρονεῖν
1104 4521 1118 4534 ·
1157 4505 1274 4569 πῶς
1305 4507 1360 4560 δὲ
1392 4509 1611 4562 δυνατὸν
1637 4509 1749 4562 δια-

1864 4521 2220 4581 temperanter
2252 4526 2349 4566 nos
2397 4529 2583 4582 gerere
2622 4532 2634 4567 :
2663 4524 2718 4566 at
2748 4512 2841 4582 qui
2873 4515 3126 4584 possibile
3157 4528 3239 4569 est
3276 4532 3416 4570 sem-

180 4585 382 4649 παντὸς
426 4584 702 4650 ἑλπίζειν;
749 4588 807 4642 '0
848 4589 954 4662 γὰρ
1002 4591 1236 4658 ἐλπίζων
1259 4594 1570 4661 διαπαντὸς,
1596 4597 1747 4651 οὑδὲ-

177 4693 309 4730 ποτε
353 4678 614 4747 τυγχάνει
658 4676 751 4731 τοῦ
793 4681 1113 4752 πράγματος
1156 4685 1386 4751 ἐκείνου,
1431 4682 1491 4743 οὗ
1542 4689 1747 4754 ἐλπίζει

174 4772 380 4840 τυχεῖν.
410 4772 519 4824 Καὶ
563 4773 592 4825 ό
640 4772 739 4841 μὲν
765 4775 879 4844 ἐρεῖ
901 4775 982 4841 τὸ,
1013 4776 1355 4847 διαπαντὸς,
1388 4784 1447 4835 οὐ
1478 4784 1615 4836 κατὰ
1650 4783 1744 4837 τοῦ

178 4862 415 4924 πλάτους
445 4862 554 4915 τῶν
586 4862 795 4917 αἰώνων
825 4864 1113 4929 τεθεῖσθαι,
1137 4870 1273 4923 ἀλλὰ
1306 4872 1445 4926 κατὰ
1473 4874 1572 4944 τῆς
1600 4874 1746 4945 ζωῆς

174 4952 271 5021 τῆς
299 4951 568 5023 αἰσθητῆς
592 4971 606 4984 ·
638 4954 822 5023 ἕτερος
852 4954 909 5007 δὲ
942 4958 1035 5010 καὶ
1061 4959 1200 5012 κατὰ
1240 4961 1331 5014 τοῦ
1378 4963 1609 5026 πλάτους
1637 4966 1745 5019 τῶν

174 5045 385 5099 αἰώνων
415 5046 478 5099 τὸ
514 5046 803 5111 διαπαντὸς
828 5048 1139 5119 ὲκλήψεται,
1168 5053 1253 5107 ἵνα
1345 5058 1405 5109 τὸ
1434 5059 1604 5129 πέρας
1647 5058 1747 5129 τῆς

175 5136 387 5200 ἐλπίδος
418 5138 451 5205 ἡ
476 5137 677 5204 γνῶσις
701 5139 800 5209 τῆς
824 5140 985 5208 ἁγίας
1013 5142 1291 5217 Τριάδος.]

240 5229 339 5298 Μὴ
367 5231 712 5299 ἀπορῤίψῃς
744 5251 822 5301 με
861 5238 948 5301 εἰς
980 5235 1186 5303 καιρὸν
1208 5238 1414 5306 γήρως.
1448 5241 1627 5313 Γῆρας
1661 5244 1745 5295 ὲν-

175 5320 345 5374 ταῦθα
367 5324 465 5393 τὴν
493 5323 773 5377 ἀσθένειάν
795 5344 947 5396 φησι.
978 5328 1137 5397 Λέγει
1161 5325 1272 5394 οὖν,
1295 5332 1374 5384 ὅτι
1511 5335 1739 5401 γένοιτο,

176 5406 217 5462 ὦ
241 5411 506 5476 Δέσποτα,
539 5416 728 5485 καιρὸς
749 5416 870 5469 καθ’
899 5418 958 5470 δν
985 5419 1215 5492 ἀσθενὴς
1246 5421 1320 5475 ὢν
1349 5425 1702 5496 ἐπιδειχοείην
1726 5430 1737 5479 !

179 5500 409 5572 Εῦχεται
433 5499 527 5556 οῦν
561 5505 826 5576 μηδέποτε
854 5506 953 5577 τῆς
985 5510 1064 5572 εἰς
1092 5510 1324 5581 Χριστὸν
1345 5512 1551 5576 ἐλπίδος
1578 5515 1741 5566 ἐκπε-

179 5598 309 5647 σεῖν.
336 5594 505 5659 A’nb;
541 5596 648 5668 γάρ
684 5600 831 5652 ἐστιν
868 5600 902 5671 ἠ
938 5601 1086 5671 ἰσχὺς
1121 5603 1405 5673 ἡμῶν.Ἐν
1447 5604 1524 5671 τῷ
1553 5610 1741 5661 ἐκλεί-

246 5778 285 5807 "
321 5774 472 5835 Joan.
502 5799 538 5848 ι,
562 5783 641 5836 l2.

1856 4621 1949 4674 per
1993 4604 2251 4672 sperare?
2302 4601 2434 4658 Nam
2484 4606 2577 4673 qui
2632 4621 2847 4674 semper
2890 4616 3090 4676 sperat,
3138 4624 3411 4678 nunquam

1856 4708 1968 4748 rem
2004 4708 2167 4762 quam
2214 4702 2396 4763 sperat
2444 4697 2815 4765 consequitur.
2865 4696 3017 4752 Alius
3068 4698 3284 4767 quidem
3316 4702 3409 4763 ait,

1854 4787 1981 4842 illud
2014 4803 2233 4857 semper,
2266 4804 2371 4841 non
2406 4790 2724 4844 saeculorum
2759 4790 2989 4859 spatium
3016 4801 3278 4860 spectare,
3319 4796 3409 4847 sed

1853 4882 2015 4935 vitam
2042 4882 2216 4935 solum
2246 4884 2401 4934 istam
2448 4883 2755 4936 sensibilem
2787 4898 2799 4934 :
2839 4881 2972 4935 alter
3000 4884 3233 4952 spatium
3276 4901 3412 4952 quo—

1848 4986 1956 5041 que
2003 4971 2323 5024 saeculorum
2364 4971 2494 5023 illud
2530 4986 2728 5038 semper
2770 4981 3013 5041 spectare
3057 4973 3169 5035 ait,
3201 4981 3258 5026 ut
3297 4974 3409 5042 spei

1848 5060 2113 5115 terminus
2135 5060 2205 5115 sit
2231 5060 2469 5129 cognitio
2490 5071 2689 5114 sancta.-
2725 5058 3052 5132 'l'rinitatis.]

1921 5239 1974 5292 9.
2029 5237 2112 5293 Νε
2157 5237 2407 5307 projicias
2452 5254 2531 5291 me
2567 5240 2621 5292 in
2656 5248 2881 5304 tempore
2909 5237 3204 5290 senectutis.
3242 5235 3409 5292 Sene-

1848 5340 2049 5385 ctutem
2090 5330 2176 5384 hic
2210 5339 2367 5383 vocat
2407 5330 2797 5383 inﬁrmitatem.
2852 5331 2941 5382 Ait
2988 5330 3189 5399 igitur:
3231 5329 3403 5394 Absit,

1848 5422 2097 5488 Domine,
2120 5432 2330 5490 tempus
2352 5425 2481 5478 illud
2514 5440 2620 5493 quo
2658 5423 2905 5477 inﬁrmus
2934 5438 3218 5492 appaream
3248 5423 3260 5475 !
3296 5424 3406 5476 llo-

1848 5522 1937 5585 gat
1964 5516 2127 5585 igitur
2146 5524 2203 5568 ut
2229 5530 2507 5585 nunquam
2536 5530 2632 5569 sua
2664 5516 2717 5569 in
2748 5515 3025 5569 Christum
3054 5528 3149 5582 spe
3172 5514 3401 5567 labatur.

1849 5607 1966 5678 Ipse
2000 5624 2233 5678 namque
2262 5616 2345 5664 est
2372 5610 2543 5666 virtus
2575 5620 2776 5664 nostra.
2810 5608 2941 5664 Cum
2970 5608 3216 5673 detererit
3240 5607 3403 5661 rirtus
