4086 6308
717 355 822 410 519

1521 354 1576 410 S.
1624 355 1988 410 ATHANASH
2028 357 2177 411 OPP.
2217 357 2395 411 PARS
2433 355 2519 411 Ill.
2563 387 2628 402 --
2669 355 3078 411 EXEGETICA.
3821 353 3905 408 390

720 487 833 524 mea
857 487 917 523 ne
951 469 1278 537 derelinquas
1318 484 1414 520 me.
1455 465 1678 522 Etiamsi
1707 468 1993 539 contigerit
2030 470 2160 523 mihi
2189 479 2267 533 ut,

2376 484 2503 522 πειν
2537 467 2655 536 ’τὴν
2691 471 2875 536 ἰσχύν
2910 486 3027 537 μου
3068 467 3152 537 μὴ
3198 467 3601 536 ἐγκαταλίπῃς
3619 483 3714 534 με.
3748 465 3806 518 Ei
3835 467 3910 520 καὶ

721 565 881 614 Ιιοιηο
908 576 1030 614 cum
1054 560 1179 621 sim,
1212 561 1264 612 in
1303 569 1581 628 peccatum
1609 561 1818 624 cadam,
1849 575 1914 614 ne
1941 575 2024 612 me
2055 572 2274 629 propter

719 661 996 720 peccatum
1037 651 1276 712 deseras,
1313 648 1556 714 Domine,
1592 651 1684 704 sed
1709 666 1794 704 me
1825 651 2019 703 iterum
2057 665 2272 715 reioca,

718 743 956 796 clemens
987 757 1106 795 cum
1141 740 1232 794 sis.

788 835 876 888 ~l0.
901 833 1035 899 Quia
1065 833 1312 885 dixerunt
1350 831 1552 882 inimici
1587 831 1685 882 mei
1718 829 1865 882 mihi.
1906 829 2041 883 Illud
2077 848 2088 882 :
2135 829 2274 895 Quia

720 927 987 988 dixerunt,
1047 926 1282 995 positum
1331 938 1427 991 pro
1475 943 1486 976 :
1534 921 1608 976 Ne
1657 922 1794 977 forte
1844 923 2028 976 dicant
2071 923 2274 976 inimici

723 1019 822 1071 mci
858 1036 869 1069 :
897 1016 1264 1084 lrrumpnmns
1289 1016 1340 1066 in
1363 1030 1509 1078 (ειιιη,
1533 1015 1635 1068 erit
1656 1015 1851 1084 quippe
1884 1014 2041 1068 nobis
2067 1014 2118 1066 in
2145 1028 2274 1082 prm-

718 1107 864 1169 dam,
893 1106 997 1160 Deo
1029 1122 1133 1158 non
1159 1107 1478 1173 opilulante.

789 1197 874 1252 12.
922 1195 1054 1248 Deus
1080 1210 1240 1257 meus,
1283 1211 1344 1246 ne
1383 1192 1638 1260 elongeris
1679 1209 1710 1243 a
1744 1208 1841 1244 me.
1875 1192 2140 1257 Quoniam
2176 1193 2276 1261 igi-

718 1294 805 1338 tur
835 1286 883 1337 id
909 1284 982 1337 illi
1010 1284 1215 1342 dicunt,
1253 1299 1318 1336 ne
1346 1282 1550 1334 diutius
1581 1279 1797 1336 diil'eras
1822 1284 2103 1336 auxilium.
2139 1281 2275 1337 Deus

718 1396 885 1442 meus,
916 1381 971 1430 in
997 1377 1252 1429 auxilium
1286 1392 1453 1428 meum
1483 1375 1692 1443 respice.

791 1551 873 1603 13.
925 1549 1325 1617 Con/'undantur
1365 1559 1412 1600 et
1445 1549 1689 1616 deﬁciant
1721 1549 2047 1604 detrahentes
2086 1552 2278 1604 animi:

719 1653 864 1690 mete.
911 1635 1357 1705 Quandoquidem
1401 1637 1525 1706 ipsi,
1567 1637 1763 1707 inquit,
1801 1638 2060 1707 impetum
2109 1640 2160 1692 in
2194 1655 2278 1692 me

719 1729 980 1794 fecerunt,
1017 1729 1116 1782 rati
1161 1745 1244 1783 me
1291 1745 1320 1782 a
1354 1739 1404 1783 te
1440 1730 1752 1783 derelictum
1790 1748 1804 1797 ;
1845 1735 1887 1785 si
1928 1733 2185 1786 auxilium
2206 1732 2280 1785 af-

718 1819 881 1884 feras,
908 1835 1015 1889 prae
1052 1820 1255 1888 pudore
1313 1821 1414 1889 ipsi
1463 1820 1760 1887 discedent,
1811 1838 1935 1876 cum
1987 1839 2153 1877 vanas
2177 1823 2271 1877 de-
2305 1815 2344 1874 Β

719 1911 1103 1979 prehenderint
1140 1913 1445 1965 calumnias
1467 1911 1519 1964 in
1550 1914 1783 1967 animam
1817 1930 1990 1968 meam
2016 1925 2273 1970 structas.

717 2002 847 2068 Quae
869 2015 1045 2057 autem
1076 2004 1177 2057 illm
1212 2005 1499 2059 calumnia:
1547 2017 1692 2070 sunt,
1730 2008 1834 2061 nisi
1869 2023 1988 2077 qua:
2025 2007 2278 2060 dicebant

718 2096 793 2148 illi
819 2113 832 2149 :
863 2094 1000 2148 Deus
1019 2097 1292 2166 dereliquit
1324 2113 1440 2149 eum
1472 2099 1496 2151 ?

799 2187 888 2242 H.
933 2187 1039 2256 Ego
1063 2197 1236 2240 autem
1263 2204 1461 2256 semper
1505 2187 1794 2255 speraboin
1826 2197 1890 2239 te.
1919 2185 2032 2240 Non
2063 2198 2277 2242 cessant

716 2281 860 2333 enim
903 2296 995 2349 per
1041 2282 1237 2349 scripta
1284 2296 1378 2334 sna
1422 2297 1568 2350 spem
1632 2297 1757 2351 erga
1801 2279 2076 2333 Christum
2119 2295 2271 2333 suam

716 2370 981 2424 confiteri.
1025 2369 1090 2422 Et
1130 2371 1376 2440 adjiciam
1423 2388 1578 2440 super
1619 2387 1822 2424 omnem
1861 2369 2070 2422 laudem
2105 2378 2270 2421 tuam.

718 2463 818 2516 Per
859 2463 1087 2533 hymnos
1137 2478 1324 2518 eorum
1384 2464 1475 2533 qui
1529 2466 1770 2533 ipsorum
1831 2476 1992 2528 opera
2047 2460 2272 2512 salutem

717 2555 995 2610 consecuti
1029 2563 1177 2608 sunt.

789 2643 877 2697 15.
926 2641 996 2696 0s
1055 2659 1222 2694 meum
1269 2640 1605 2693 annuntiabit
1646 2639 1917 2708 justitiam
1950 2648 2115 2692 luant.
2157 2637 2271 2691 Non

716 2747 892 2797 cesso,
944 2732 1140 2802 inquit,
1194 2733 1436 2794 Domine,
1471 2747 1683 2801 semper
1738 2731 2006 2799 justitiam
2039 2743 2184 2784 tuam
2219 2732 2271 2784 in

716 2840 811 2879 ore
845 2841 1082 2880 versare.
1128 2824 1334 2878 Etenim
1371 2825 1583 2894 jnstitia
1621 2822 1798 2877 Patris
1833 2832 1915 2875 est
1953 2821 2274 2890 Unigenitns

715 2916 853 2984 ejus.
886 2915 1014 2969 Nam
1039 2917 1216 2987 genita
1250 2915 1406 2968 nobis
1435 2925 1516 2967 est
1543 2913 1752 2981 justitia
1789 2928 1818 2964 a
1861 2911 1966 2965 Deo
2001 2913 2156 2981 juxta
2190 2928 2276 2965 sa-

716 3023 866 3059 crum
907 3007 1222 3075 Apostolnm
1256 3008 1320 3058 ⁸³.
1364 3005 1494 3058 Tota
1532 3006 1615 3057 die
1645 3005 1879 3058 salutare
1915 3014 2084 3057 tuum.
2117 3001 2272 3057 Sem-

719 3113 830 3166 per,
863 3098 1056 3166 inquit,
1085 3114 1290 3152 memor
1324 3113 1418 3152 ero
1460 3097 1775 3152 (Bcononiiae
1804 3111 1908 3165 qua
1938 3096 2092 3148 nobis
2129 3095 2273 3149 salu-

717 3199 822 3243 tem
860 3190 1116 3260 elargitus
1154 3206 1232 3245 es.
1281 3191 1542 3257 Quoniam
1598 3206 1699 3242 non
1750 3189 1961 3259 cognovi
2004 3190 2271 3242 litteratu-

716 3298 851 3333 ram.
882 3280 980 3334 Per
1003 3283 1360 3337 litteraturam
1412 3293 1504 3336 aut
1535 3297 1700 3336 vanas
1733 3293 1787 3336 et
1823 3282 2126 3350 implicatas
2152 3280 2274 3333 vita:

716 3372 1094 3443 nisti-actiones
1140 3373 1412 3442 intelligit,
1456 3381 1551 3425 aut
1595 3373 1742 3426 varia
1793 3388 1912 3440 qua:
1969 3372 2052 3424 lex
2081 3369 2274 3424 oﬂ‘erre

712 3462 937 3531 jubebat
968 3463 1258 3517 sacriﬁcia.
1284 3464 1533 3539 Quando,
1575 3463 1768 3532 inquit,
1797 3477 1890 3517 eas
1917 3477 2106 3529 omnes
2128 3461 2276 3530 abie-

716 3555 788 3619 ci,
834 3553 888 3606 in
933 3569 1194 3623 supernas
1235 3554 1472 3608 introibo
1504 3555 1835 3617 mansiones,
1905 3553 2134 3606 Domino
2173 3552 2274 3604 vir-

716 3651 887 3698 tutem
934 3645 1064 3698 mihi
1107 3646 1172 3699 ad
1211 3661 1328 3699 eam
1373 3662 1484 3700 rem
1524 3647 1812 3716 praebente.
1864 3646 2050 3699 Simile
2092 3653 2272 3698 autem

716 3747 798 3791 est
820 3737 965 3792 dicto
1004 3738 1130 3794 huic
1169 3759 1180 3794 :
1223 3739 1356 3793 Ecce
1404 3757 1492 3792 nos
1528 3741 1832 3810 reliquimus
1877 3741 2072 3803 omnia,
2107 3748 2154 3790 et
2195 3753 2274 3790 se-

717 3832 829 3883 cuti
871 3847 1054 3885 sumus
1100 3843 1166 3895 te,
1195 3835 1320 3900 quid
1345 3849 1461 3901 ergo
1478 3833 1576 3885 erit
1607 3834 1754 3884 nobis
1774 3832 1817 3861 ⁶³
1837 3833 1859 3882 ‘?
1877 3831 2011 3884 Cum
2045 3831 2274 3897 hujusce

603 3913 618 3931 ’
716 3922 793 3976 rei
823 3935 986 3974 causa
1016 3923 1427 3991 promissionem
1456 3922 1602 3992 regni
1630 3922 1890 3975 caelorum
1926 3928 2269 3988 acceperunt.

785 4203 870 4257 ιϐ.
915 4199 1150 4257 lntroibo
1181 4201 1236 4251 in
1269 4202 1530 4268 potentias
1578 4197 1807 4254 Domini.
1856 4199 1969 4254 Tua
1997 4202 2190 4256 virtute
2220 4211 2280 4257 et

715 4295 917 4348 auxilio
939 4297 1242 4370 ingressum
1263 4294 1534 4347 inveniam
1563 4292 1627 4344 ad
1653 4300 1847 4344 terram
1873 4294 2270 4359 promissionie.

718 4384 960 4448 Domine,
989 4384 1315 4438 memorabor
1343 4382 1572 4450 jus-titius
1615 4390 1718 4433 tute
1765 4381 1950 4434 solius.
1998 4379 2274 4436 Praedictis

2377 560 2571 630 συνέϐη
2605 560 2886 630 ἄνθρωπον
2916 561 3063 622 ὄντα,
3101 558 3252 628 φησὶ,
3279 557 3406 610 ποτὲ
3438 558 3720 628 ἁμαρτεῖν,
3755 557 3823 626 μὴ
3840 557 3911 611 διὰ

2373 649 2471 720 τὴν
2500 650 2772 722 ἁμαρτίαν
2811 651 3180 722 ὲγκαταλίπῃς
3215 668 3301 720 με,
3326 650 3498 720 Κύριε
3520 666 3532 679 ο
3566 648 3704 702 ἀλλὰ
3730 651 3910 703 ἀνακά-

2375 742 2526 794 λεσαι
2555 743 2715 795 πάλιν
2741 743 2816 806 ὡς
2841 743 3032 812 φιλάνο
3043 760 3233 812 ρωπος.

2448 836 2562 887 Ὅτι
2597 831 2769 887 εἶπον
2800 838 2854 887 οἱ
2883 835 3081 903 ἐχθροί
3119 852 3237 902 μου
3292 834 3440 903 ἐμοί.
3476 835 3704 896 Ἰ’ὺ,“Ὀτι
3745 828 3911 893 εἶπεν,

2374 926 2494 979 ἀντὶ
2517 924 2641 976 τοῦ·
2672 925 2896 993 Μήποτε
2929 925 3132 978 εἴποιεν
3161 927 3210 978 οί
3241 925 3420 995 ἐχθροί
3457 941 3575 994 μου,
3594 923 3914 992 Ἐπιθώμεῆα

2375 1018 2524 1088 αύτῷ
2545 1037 2556 1048 ι
2585 1019 2734 1070 ἔσται
2765 1019 2872 1089 γὰρ
2896 1020 3023 1088 ἡμῖν
3050 1019 3128 1080 είς
3159 1018 3453 1088 προνομὴν,
3487 1016 3560 1086 μὴ
3585 1014 3915 1085 ὲπικουροῦνο

2373 1127 2463 1173 τος
2488 1110 2642 1163 Θεοῦ.

2455 1202 2518 1254 '0
2558 1201 2699 1266 Θεός
2743 1219 2884 1268 μου,
2928 1201 3014 1269 μὴ
3057 1200 3368 1268 μακρύνῃς
3409 1199 3508 1252 ἀπ’
3542 1197 3685 1266 ἐμοῦ
3726 1197 3916 1264 Ἐπειδὴ

2373 1291 2549 1345 τοίνυν
2586 1295 2781 1345 ἐκεῖνοι
2805 1291 2976 1344 ταῦτά
3001 1308 3152 1359 φασι,
3197 1291 3269 1359 μὴ
3313 1290 3666 1358 ἐπιμήκιστον
3699 1286 3917 1356 ὑπερεῇς

2374 1382 2470 1452 τὴν
2506 1381 2846 1451 βοήθειαν.⁶0
2891 1382 3032 1446 Θεός
3072 1398 3211 1448 μου,
3250 1382 3336 1444 είς
3365 1379 3474 1444 τὴν
3498 1376 3787 1445 ,ϐοήθειάν
3817 1394 3917 1444 μου

2376 1476 2654 1541 πρόσχες.

2447 1564 2956 1631 Αίσχυνθήτωσαν
2981 1561 3075 1614 καὶ
3104 1558 3540 1613 ἐκλειπέτωσαν
3559 1561 3613 1611 οἱ
3633 1556 3923 1611 ἑνδιαϐἁλο

2375 1659 2586 1720 λοντες
2615 1654 2727 1721 τὴν
2755 1652 2966 1721 ψυχήν
2994 1669 3133 1719 μου.
3151 1650 3417 1711 Ἐπειδὰν,
3453 1650 3672 1702 ἐκείνων
3706 1650 3942 1701 ementes

2380 1745 2578 1816 μένων,
2612 1745 2764 1814 φησὶ,
2791 1743 2877 1796 διὰ
2900 1743 2962 1794 τὸ
2985 1741 3130 1807 δόξαι
3167 1758 3231 1811 με
3270 1740 3760 1810 ἐγκαταλειφθῆναι
3792 1743 3924 1810 παρὰ

2378 1835 2493 1896 σοῦ,
2529 1837 2576 1887 εί
2601 1834 2872 1906 βοηθήσῃς
2897 1832 3078 1894 αὐτὸς,
3098 1832 3250 1884 αὐτοὶ
3275 1833 3353 1894 είς
3383 1831 3641 1902 αἰσχύνην
3668 1833 3922 1901 ἀποστραο

2377 1930 2660 1995 φήσονται,
2688 1925 2784 1978 an
2821 1924 3053 1995 ματαίας
3083 1925 3354 1995 εὑρόντες,
3381 1923 3445 1986 ἃς
3479 1925 3619 1977 κατὰ
3641 1923 3739 1993 τῆς
3764 1922 3926 1991 ψυχῆς

2380 2034 2479 2086 μου
2523 2018 2845 2086 ἐποιήσαντο
2875 2015 3140 2078 διαϐολάς.
3173 2015 3329 2076 Τίνες
3360 2014 3417 2066 δὲ
3460 2016 3512 2066 αί
3556 2012 3798 2066 διαϐολαὶ
3822 2013 3853 2082 ἢ
3879 2026 3926 2064 tu

2377 2107 2659 2176 λέγουσαι·
2707 2107 2758 2156 Ὀ
2791 2105 2932 2170 Θεὸς
2956 2104 3340 2174 ἐγκατέλιπεν
3366 2105 3584 2164 utitor;

2460 2196 2598 2264 Ἐγὼ
2644 2195 2711 2246 δὲ
2755 2192 3080 2257 διαπαντὸς
3103 2192 3288 2246 eam
3318 2194 3416 2246 ἐπὶ
3443 2191 3534 2245 σέ.
3566 2192 3640 2244 Οὐ
3675 2191 3925 2245 παύονται

2375 2287 2482 2358 γὰρ
2507 2286 2593 2339 διὰ
2631 2285 2736 2338 τῶν
2785 2285 2928 2337 ίδίων
2963 2282 3406 2355 συγγραμμάτων
3430 2280 3814 2351 ὁμολογοῦντες
3841 2281 3927 2348 τὴν

2375 2380 2562 2431 ἐλπίδα
2587 2378 2682 2447 τὴν
2713 2379 2790 2440 είς
2822 2377 3075 2447 Χριστόν.
3114 2377 3223 2430 Kal
3250 2374 3572 2443 προσθήσω
3603 2374 3702 2425 ἐπὶ
3736 2371 3927 2427 πᾶσαν

2376 2471 2489 2538 τὴν
2511 2470 2748 2521 αἴγεσιν
2774 2484 2909 2522 σου.
2941 2468 3039 2522 Διὰ
3068 2470 3165 2540 τῆς
3192 2467 3510 2538 ὑμνολογίας
3539 2466 3644 2518 τῶν
3669 2466 3736 2518 δι’
3763 2465 3928 2517 αὐτῶν

2377 2561 2714 2631 σωζομένων.

2453 2655 2518 2706 Τὸ
2549 2654 2739 2718 στόμα
2758 2669 2875 2719 μου
2906 2647 3226 2717 ἀναγγελεῖ
3252 2647 3362 2714 τὴν
3387 2647 3780 2714 δικαιοσύνην
3800 2663 3928 2702 σου.

2388 2743 2506 2795 Ἐπὶ
2551 2743 2810 2811 στόματος
2838 2740 2945 2802 ἀεὶ,
2979 2739 3164 2809 φησὶν,
3194 2733 3239 2792 ὦ
3262 2738 3526 2798 Δέσποτα,
3559 2737 3658 2807 τὴν
3706 2737 3801 2806 σὴν
3844 2737 3931 2806 cpi-

2377 2851 2488 2904 ρειν
2522 2833 2865 2904 δικαιοσύνην
2919 2833 2978 2884 ού
3030 2832 3291 2902 παύομαι.
3327 2829 3648 2900 Δικαιοσύνη
3695 2830 3800 2899 γὰρ
3845 2826 3928 2882 τοί

2376 2923 2585 2996 Πατρός
2609 2926 2636 2976 ό
2663 2922 2971 2992 Μονογενὴς
3019 2922 3204 2974 αὑτοῦ.
3224 2919 3511 2990 Ἐγεννήθη
3544 2921 3651 2991 γὰρ
3691 2922 3816 2989 ἡμῖν
3859 2917 3928 2970 δι-

2377 3015 2632 3084 καιοσύνη
2662 3016 2769 3067 ἀπὸ
2798 3015 2930 3067 Θεοῦ
2959 3013 3098 3066 κατὰ
3123 3014 3212 3066 τὸν
3246 3012 3387 3084 ἱερὸν
3415 3013 3931 3077 Ἀπόστολον.”0.ιην

2375 3105 2488 3170 τὴν
2521 3104 2746 3174 ἡμέραν
2795 3104 2907 3172 τὴν
2939 3105 3243 3172 σωτηρίαν
3290 3120 3424 3157 σου.
3476 3105 3773 3166 Διαπαντὸς
3803 3121 3928 3174 μνη·

2377 3192 2664 3262 σοήσομαι,
2697 3190 2849 3260 φησὶ,
2885 3189 2982 3260 τῆς
3016 3189 3324 3260 οἰκονομίας
3356 3188 3421 3241 δι’
3451 3182 3515 3258 ἦς
3543 3189 3670 3258 ἡμῖν
3700 3187 3796 3258 τὴν
3837 3204 3930 3240 σω-

2372 3283 2564 3353 τηρίαν
2631 3281 2889 3351 ἐχαρίσω.
2919 3281 3035 3332 Ὅτι
3098 3281 3208 3332 οὐκ
3272 3279 3463 3348 ἔγνων
3525 3278 3926 3348 γραμματείοις.

2373 3374 2758 3444 Γραμματείας
2789 3373 2822 3443 ἢ
2854 3374 2979 3436 τοὺς
3016 3371 3273 3442 ματαίους
3306 3372 3397 3423 καὶ
3442 3371 3809 3431 πολυπλόκους
3847 3369 3930 3420 τοῦ

2375 3465 2492 3534 βίου
2537 3463 2953 3534 περισπασμούς
2999 3479 3182 3532 φησιν,
3213 3463 3245 3532 ἢ
3278 3462 3374 3525 τὰς
3402 3461 3488 3514 διὰ
3519 3460 3613 3514 τοῦ
3648 3461 3811 3532 νόμου
3849 3477 3932 3512 κε-

2374 3558 2733 3627 κελευσμένας
2756 3556 3124 3627 πολυτρόπους
3151 3553 3512 3626 προσάγεσθαι
3539 3553 3748 3616 Θυσίας.
3766 3554 3933 3606 Ἐπειο

2371 3649 2434 3720 δὴ
2478 3650 2677 3713 ταύτας
2733 3650 3042 3718 συμπάσας,
3076 3648 3259 3718 φησὶν,
3302 3645 3664 3715 ἐπεϐαλόμην,
3716 3648 3794 3708 εἰς
3842 3647 3932 3706 τὰς

2373 3741 2484 3794 ἄνω
2525 3740 2900 3811 εἰσελεύσομαι
2954 3742 3140 3811 μονὰς,
3174 3741 3252 3802 είς
3279 3737 3435 3790 τοῦτο
3459 3737 3683 3806 δύναμίν
3721 3752 3809 3806 μοι
3847 3736 3932 3788 το]

2375 3831 2578 3902 Κυρίου
2625 3832 3206 3901 παρέχοντος.”ομοιον
3243 3827 3298 3880 δὲ
3342 3828 3419 3899 τῷ
3456 3827 3762 3899 εἰρημένῳσ
3799 3825 3936 3879 Ἰδοὺ

2373 3923 2542 3990 ἡμεῖς
2568 3921 2881 3989 ἀφήκαμεν
2909 3919 3124 3982 πάντα,
3159 3921 3256 3973 καὶ
3287 3918 3788 3986 ἠκολουθήσαμέν
3807 3930 3932 3970 co.‘

2373 4015 2428 4066 τί
2453 4013 2595 4082 ἡμῖν
2620 4013 2823 4076 ierat;
2850 4013 2976 4064 Ὅτε
3009 4011 3101 4064 καὶ
3133 4013 3228 4082 τῆς
3257 4012 3362 4064 τῶν
3397 4009 3638 4082 οὐρανῶν
3667 4009 3937 4080 βασιλείας

2373 4103 2471 4174 τὴν
2499 4103 2794 4172 ὑπόσχεσιν
2821 4099 2909 4153 διὰ
2932 4100 3104 4152 ταῦτα
3143 4100 3421 4170 ἐδέχοντο.

2442 4194 2873 4261 Είσελεύσομαι
2912 4192 2980 4243 ἐν
3007 4191 3331 4258 δυναστείᾳ
3365 4191 3602 4258 Κυρίου.
3632 4189 3709 4260 Τῇ
3742 4191 3807 4259 σῇ
3847 4188 3936 4242 δυ-

2371 4289 2532 4357 νάμει
2570 4287 2664 4339 καὶ
2696 4285 2917 4356 βοηθείᾳ
2948 4284 3205 4354 τεύξομαι
3233 4284 3332 4353 τῆς
3367 4283 3576 4336 εἰσόδου
3611 4283 3708 4352 τῆς
3742 4285 3821 4345 εἰς
3847 4269 3938 4353 τὴν

2372 4379 2474 4449 γῆν
2499 4378 2598 4447 τῆς
2627 4375 2974 4444 ἐπαγγελίας.
3010 4377 3202 4443 Κύριε,
3222 4373 3647 4444 μνησθήσομαι
3694 4372 3804 4441 τῆς
3846 4371 3940 4426 δι..

715 4477 968 4530 omnibus
994 4476 1260 4540 dimissis,
1291 4475 1486 4544 inquit,
1507 4472 1912 4540 soliusjustitiae
1937 4481 2038 4526 tua:
2067 4488 2271 4525 memor

2376 4473 2700 4537 καιοσύνης
2735 4485 2850 4522 σου
2876 4469 3090 4538 μόνου.
3132 4467 3314 4522 Πάντα
3358 4466 3424 4519 τὰ
3465 4465 3725 4537 εἰρημένα
3766 4465 3939 4533 ἀφεὶς,

713 4582 829 4633 ero,
861 4583 966 4638 qua
999 4582 1096 4622 nos
1132 4583 1161 4620 a
1189 4578 1405 4636 peccato
1430 4564 1689 4619 liberasti.

786 4746 872 4800 17.
909 4744 1048 4799 Deus
1079 4762 1242 4809 meus,
1276 4762 1391 4816 qua:
1419 4744 1645 4798 docuisti
1677 4762 1754 4798 me
1784 4762 1815 4797 a
1836 4745 2107 4814 juventute
2137 4762 2270 4800 mea.

714 4838 758 4893 Α
787 4838 979 4907 prima,
1019 4847 1075 4892 nt
1115 4839 1184 4892 ita
1215 4837 1412 4904 dicam,
1443 4837 1531 4890 die
1567 4851 1670 4905 qua
1715 4839 1862 4906 ipsos
1904 4837 2086 4904 elegit,
2125 4838 2272 4891 dedit

716 4929 823 4983 illis
854 4943 915 4982 ea
952 4943 1071 4997 qua:
1106 4944 1329 4999 regnum
1376 4929 1636 4982 caelorum
1689 4935 1948 4997 spectant.
1999 4927 2068 4981 Et
2113 4945 2273 4998 usque

716 5037 851 5075 nunc
871 5020 1218 5088 pronuntiabo
1248 5021 1514 5073 mirabilia
1553 5033 1664 5074 tua.
1707 5019 1820 5074 Non
1855 5023 2159 5081 immemor.
2193 5022 2276 5073 in-

716 5110 854 5176 quit,
887 5108 1062 5164 factus
1097 5124 1215 5163 sum
1244 5124 1432 5163 eorum
1471 5125 1590 5177 quae
1613 5108 1806 5163 doctus
1832 5107 1908 5160 fui
1940 5125 1952 5160 :
1991 5108 2082 5162 sed
2112 5105 2274 5160 etiam

716 5218 779 5256 ea
809 5216 930 5271 quae
959 5201 1146 5268 didici,
1175 5202 1298 5257 aliis
1324 5202 1662 5254 annuntiavi.

791 5377 984 5443 18,19.
1015 5378 1084 5434 Et
1113 5398 1273 5451 usque
1307 5383 1361 5434 in
1386 5391 1646 5436 senectam
1679 5391 1726 5433 et
1757 5381 1980 5434 senium.
2006 5379 2274 5444 Quoniam

722 5469 835 5539 ipse
865 5469 1116 5527 Christus
1150 5484 1437 5544 postquam
1468 5472 1765 5528 resurrexit
1810 5488 1839 5524 a
1887 5473 2115 5526 mortuis
2149 5487 2275 5541 pro-

723 5561 871 5621 misit
896 5563 977 5616 eis
1000 5565 1186 5620 dicens
1216 5566 1281 5619 “.
1316 5565 1444 5619 Ecce
1468 5565 1729 5618 vobiscum
1768 5579 1882 5616 sum
1909 5563 2144 5617 omnibus
2165 5563 2276 5616 die-

2383 4562 2534 4634 φησὶ,
2555 4561 2721 4632 μόνης
2745 4558 3101 4630 μνημονεύσω
3125 4557 3607 4628 τῆς-δικαιοσύνης,
3629 4557 3692 4610 δι’
3712 4551 3781 4628 ἧς
3799 4557 3941 4627 ἡμᾶς

2381 4654 2475 4720 τῆς
2502 4651 2773 4722 ἁμαρτίας
2800 4650 3191 4722 ἡλευθέρωσας.

2463 4743 2514 4794 '0
2551 4744 2692 4807 Θεός
2715 4759 2855 4812 μου,
2888 4741 2924 4795 ά
2965 4739 3243 4804 ἐδίδαξάς
3277 4756 3375 4809 μοι
3405 4738 3472 4791 ἐκ
3503 4737 3784 4803 νεότητός
3807 4755 3938 4807 μου.

2392 4835 2522 4887 Ἀπὸ
2551 4836 2658 4906 γὰρ
2689 4834 2931 4906 πρώτης,
2959 4835 3033 4897 ῶς
3058 4835 3252 4896 εἰπεῖν,
3279 4832 3513 4902 ἡμέρας,
3536 4827 3603 4900 ἦς
3631 4830 3830 4892 αὐτοὺς
3871 4830 3945 4892 ὲξ·

2380 4925 2939 4998 ελέξατο,παρέδωκεν
2967 4927 3145 4988 αὐτοῖς
3175 4924 3242 4977 τὰ
3273 4924 3399 4994 περὶ
3427 4923 3526 4992 τῆς
3547 4921 3823 4992 βασιλείας
3845 4923 3943 4974 τῶν

2379 5017 2641 5090 οὐρανῶν.
2675 5019 2783 5072 Καὶ
2814 5018 2989 5088 μέχρι
3024 5017 3127 5071 τοῦ
3151 5016 3267 5070 νῦν
3299 5013 3609 5084 ἀπαπγελῶ
3637 5015 3710 5066 τὰ
3736 5011 3945 5080 θαυμά-

2379 5108 2484 5162 σιά
2515 5124 2650 5162 σου.
2689 5109 2801 5161 Οὐκ
2832 5110 3121 5179 ἀμνήμων,
3163 5108 3345 5176 φησὶν,
3379 5099 3453 5160 ὦν
3487 5104 3768 5174 ἐδιδάχθην
3795 5102 3945 5170 γεγε·

2380 5217 2578 5270 νημαι·
2631 5200 2744 5253 ἀλλ’
2777 5200 2918 5270 ἅπερ
2947 5199 3106 5262 αὐτὸς
3141 5198 3361 5269 ἔμαθον,
3391 5197 3563 5251 ταῦτα
3595 5199 3688 5250 καὶ
3715 5199 3830 5260 τοῖς
3858 5196 3947 5249 ἀλ-

2380 5290 2491 5354 λοις
2517 5291 2845 5361 ἀπήγγειλα.

2453 5384 2561 5437 Καὶ
2593 5383 2702 5448 ἕως
2743 5382 2933 5451 γήρως
2974 5383 3070 5436 καί
3119 5381 3455 5450 πρεσϐείου.
3475 5377 3689 5448 Ἐπειδὴ
3732 5375 3946 5439 aetas

2386 5475 2622 5545 Χριστὸς
2650 5475 2783 5543 μετὰ
2815 5475 2910 5544 τὴν
2933 5478 2995 5528 ὲκ
3019 5475 3226 5547 νεκρῶν
3258 5473 3549 5528 ἀναϐίωσιν
3578 5471 3846 5539 ὑπέσχετο
3873 5467 3948 5520 λέ-

2385 5583 2496 5633 γων
2529 5567 2741 5629 αύτοῐς·
2782 5565 2933 5620 Ἰδοὺ
2955 5567 3081 5634 μεθ’
3105 5565 3268 5634 ὑμῶν
3289 5567 3401 5634 ειμι
3439 5562 3638 5629 πάσας
3669 5561 3773 5627 τὰς
3813 5558 3945 5628 ἠμέ-

793 5727 884 5779 "l
921 5725 1211 5784 Cor.I.50.
1289 5727 1331 5756 “
1388 5724 1573 5780 Matth.
1635 5741 1743 5789 six,
1768 5725 1851 5778 Q7.
1933 5725 1974 5754 “
2032 5723 2219 5777 Matth.
2254 5741 2439 5782 xxviii.
2467 5726 2553 5781 20.
