4102 6312
188 347 268 404 521
1193 348 1560 405 ΕΧΡΟδΙΤΙΟ
1601 347 1666 402 ιΝ
1707 345 2034 402 ΡδΑωιυΜ
2076 345 2235 400 LXX.
3292 337 3398 393 ΜΞ

183 477 275 528 ρας
298 458 406 522 ἕως
437 455 542 525 τῆς
563 463 914 527 συντελείας
943 461 1047 516 τοῦ
1076 461 1288 530 αίῶνος
1306 481 1319 494 -
1348 464 1535 516 τούτου
1575 464 1732 535 χάριν

1843 464 1926 517 bus
1955 478 2112 532 usque
2152 463 2220 515 ad
2266 461 2767 515 consummationem
2809 460 3030 525 seculi,
3073 458 3194 513 ideo
3242 469 3399 528 rogat

187 555 310 605 σίτεί
358 552 564 623 ταύτην
624 552 772 623 αὐτῷ
814 554 1164 625 πληρωθῆναι
1214 555 1312 627 τὴν
1351 556 1730 625 ὑπόσχεσιν.”0

1843 570 1952 608 eam
1980 554 2394 624 promissionem
2425 568 2552 621 erga
2596 569 2655 608 se
2684 552 2915 622 impleri.
2966 551 3100 606 Deus
3143 566 3307 615 meus,
3335 565 3397 601 ne

190 645 313 709 Θεός
339 662 482 712 μου,
512 643 592 712 μὴ
623 645 1060 713 ἐγκαταλείπῃς
1084 663 1180 715 με,
1211 647 1320 712 ἕως
1345 647 1421 700 ἂν
1457 648 1736 715 duum-el-

1843 644 2164 713 rlerelinquas
2199 661 2297 706 me,
2325 645 2486 697 donec
2509 645 2812 697 annuntiem
2843 643 3112 697 brachium
3143 652 3310 695 tuum.
3339 642 3395 694 Si

186 741 254 790 .lu
299 735 408 789 τὸν
449 737 746 805 ,Βραχέονά
791 739 1067 793 σου.“Εὰν
1102 739 1174 809 μὴ
1208 740 1603 812 ὲγκαταλείπῃς
1644 757 1731 809 με,

1843 754 1942 804 me,
1971 739 2164 807 inquit,
2190 738 2342 806 juxta
2371 738 2785 806 promissionem
2828 747 2975 789 tuam
3017 750 3123 788 non
3157 733 3394 788 derelin-

188 829 321 897 ςησὶ,
352 830 493 881 κατὰ
522 830 619 898 τὴν
648 829 743 899 σὴν
766 831 1075 900 ὑπόσχεσιν,
1120 825 1165 883 ὦ
1195 833 1460 895 Δέσποτα,
1485 835 1605 886 τότε
1645 850 1736 900 γε-

186 921 389 987 νήσεται
430 919 653 972 δυνατὸν
683 920 769 972 τὸν
802 921 891 973 σὸν
932 923 1261 989 ἀπαγγεῖλαι
1294 923 1552 994 βραχίονα
1581 926 1645 993 τῇ
1678 923 1736 989 ἐξ

1836 845 1992 899 quas,
2019 829 2264 894 Domine,
2299 840 2426 884 tunc
2456 828 2697 882 futurum
2735 837 2815 883 est
2859 838 2916 881 ut
2949 825 3266 880 annuntiem
3303 839 3395 877 -ο-

1837 923 2054 976 bustum
2087 922 2368 976 brachium
2404 931 2553 974 tuum
2599 921 2739 975 ﬁdeli
2772 919 3103 991 generationi
3133 934 3198 973 ex
3221 917 3395 986 genti-

186 1009 334 1062 ὲθνῶν
364 1011 599 1083 ἐσομένη
643 1015 805 1082 πιστῇ
839 1014 1018 1083 γενεᾷ.
1046 1015 1142 1076 Τίς
1175 1014 1231 1066 δὲ
1272 1016 1300 1066 ὁ
1341 1014 1579 1085 βραχίων
1616 1016 1737 1067 ἐπι-

1843 1014 1940 1068 bus
1964 1014 2174 1068 iuturze.
2211 1013 2348 1080 Quid
2380 1021 2558 1068 autem
2593 1013 2663 1067 sit
2694 1013 2977 1067 brachium
3011 1011 3281 1067 subinl'ert
3310 1010 3396 1064 his

189 1101 322 1172 φέρει
347 1103 517 1170 λέγων
540 1121 551 1132 ·
592 1103 709 1170 Τὴν
737 1104 1097 1159 δυναστείαν
1124 1121 1239 1159 σου
1268 1108 1362 1159 καί
1391 1107 1505 1174 τὴν
1529 1107 1739 1160 δίκαιος

1843 1107 2054 1160 verbis:
2084 1105 2382 1160 Potentiam
2433 1115 2573 1158 tuam
2611 1115 2659 1158 et
2697 1105 2962 1174 justitiam
2997 1114 3162 1158 tuam.
3198 1102 3398 1158 Poten—

187 1196 366 1260 σύνην
394 1208 531 1247 σου.
563 1195 672 1247 Καὶ
714 1195 1026 1248 δυναστείαν
1069 1198 1185 1266 μὲν,
1232 1196 1318 1250 διὰ
1351 1197 1412 1249 τὸ
1441 1197 1599 1266 δῆσαι
1647 1197 1737 1250 τὸν

1843 1200 1968 1254 tiam
1991 1200 2142 1263 dicit,
2168 1199 2295 1268 quia
2329 1198 2511 1267 ligavit
2535 1197 2726 1253 fortem
2753 1197 2903 1252 illum
2936 1206 2990 1251 et
3017 1197 3244 1265 diripuit
3270 1211 3394 1250 vasa

192 1286 390 1355 ἰσχυρόν
417 1302 572 1354 φησι,
601 1288 694 1338 καὶ
715 1286 1007 1357 διαρπάσαι
1032 1287 1100 1341 τὰ
1127 1287 1294 1358 σκεύη
1317 1287 1480 1341 αὑτοῦ
1503 1288 1740 1342 ὀδικαιο-

1843 1293 1956 1361 ejus
1989 1310 2003 1358 ;
2031 1293 2298 1362 justitiam
2337 1306 2486 1357 vero,
2535 1291 2661 1360 quia
2708 1307 2806 1345 nos
2840 1289 3149 1359 captivitate
3195 1289 3396 1358 injuste

189 1380 331 1448 σύνην
355 1378 434 1440 δὲ,
466 1380 546 1430 ὅτι
579 1378 775 1440 ἀδίκως
801 1380 945 1448 ἡμᾶς
974 1380 1317 1452 αἰχμαλωσίᾳ
1346 1381 1739 1451 κατεχομένους

1843 1385 2084 1440 detentos
2117 1385 2362 1439 redemit.
2397 1384 2532 1438 Deus
2567 1401 2728 1455 usque
2762 1385 2817 1437 in
2861 1383 3146 1436 altissima.
3172 1383 3398 1435 Annun-

188 1469 518 1542 λελύτρωται.
538 1472 589 1521 '0
626 1469 769 1536 Θεὸς
803 1471 911 1537 ἓως
943 1471 1061 1524 τῶν
1083 1474 1375 1540 ὺψίστων,
1395 1474 1736 1542 Ἀπαγγελῶ,

188 1563 353 1632 φησὶν,
389 1564 470 1616 ὅτι
509 1565 567 1615 οὺ
598 1564 754 1633 μόνον
787 1564 854 1618 τὰ
885 1565 977 1616 ἐπὶ
1016 1564 1138 1634 γῆς,
1172 1564 1309 1618 ἀλλὰ
1341 1566 1433 1618 καὶ
1463 1567 1531 1619 τὰ
1555 1569 1612 1619 ὲν
1647 1569 1739 1620 οὺ-

192 1655 349 1721 ρανοῖς
401 1653 488 1706 διὰ
535 1654 628 1706 τοῦ
681 1655 806 1708 ίδίου
847 1655 1132 1726 ὲλυτρώσω
1179 1658 1656 1728 αἴματος.”()μοιον
1683 1660 1740 1712 δὲ

1839 1477 2007 1538 tiabo,
2053 1477 2250 1546 inquit,
2292 1476 2433 1546 quod
2476 1492 2582 1529 non
2617 1475 2778 1530 modo
2827 1484 3060 1538 terrena,
3095 1475 3188 1529 sed
3233 1474 3394 1528 etiam

1841 1569 2080 1625 cmlestia
2098 1585 2190 1638 per
2213 1569 2489 1639 proprium
2519 1568 2834 1639 sanguinem
2870 1567 3188 1622 redemeris.
3214 1566 3398 1620 Simile

1840 1673 2020 1717 autem
2052 1674 2133 1716 est
2162 1663 2238 1716 illi
2269 1681 2281 1716 :
2317 1661 2578 1726 Quoniam
2599 1671 2646 1715 et
2671 1662 2785 1730 ipsa
2816 1670 3058 1714 creatura
3091 1657 3400 1712 liberabitur

185 1740 279 1810 τῷ*
313 1743 429 1795 Ὀτι
461 1744 555 1796 καί
589 1744 740 1811 αὺτὴ
780 1748 817 1814 ἠ
847 1747 1040 1811 κτίσις
1064 1747 1593 1815 ἐλευθερωθήσεται
1622 1749 1738 1803 ἀπὸ

1844 1772 1875 1806 a
1917 1756 2161 1808 servitute
2201 1755 2545 1822 corruptionis
2583 1754 2648 1808 ".
2699 1747 2836 1807 Heus
2877 1755 2992 1824 quis
3028 1754 3218 1807 similis
3257 1752 3400 1808 tibi.’

187 1833 282 1898 τῆς
299 1832 581 1900 δουλείας
609 1835 716 1903 τῆς
742 1837 983 1904 φθορᾶς.
1003 1839 1064 1891 '0
1087 1841 1248 1905 Θεὸς,
1278 1841 1367 1905 τίς
1395 1840 1593 1910 ὅμοιός
1622 1859 1741 1905 σου

1843 1845 2057 1900 Gratias
2074 1846 2202 1916 agit,
2222 1845 2388 1915 quod,
2405 1845 2617 1899 etiamsi
2640 1845 2767 1899 olim
2797 1845 2989 1898 merito
3009 1845 3212 1914 peccati
3233 1860 3397 1898 causa

187 1927 499 1997 Εὐχαριστεῖ
537 1928 620 1995 ἐφ’
651 1923 751 1992 οἷς,
788 1930 962 1982 καίτοι
990 1930 1157 1984 πάλαι
1199 1931 1286 1986 διὰ
1333 1932 1429 2004 τὴν
1473 1934 1742 2005 ἁμαρτίαν

186 2021 392 2084 δικαίως
437 2022 961 2093 καταδεδικασμένος
999 2025 1231 2096 θανάτῳ,
1261 2029 1360 2080 οὐκ
1389 2028 1742 2098 ὲναπέμεινεν

184 2112 253 2181 τῷ
283 2112 496 2183 Θανάτῳ
512 2129 526 2143 ·
551 2113 685 2166 ἀλλὰ
716 2118 778 2184 τῇ
804 2114 896 2167 τοῦ
922 2115 1058 2168 Θεοῦ
1090 2116 1465 2190 φιλανθρωπίᾳ
1486 2119 1743 2172 ἀπολέλυ-

186 2220 264 2256 ται
286 2204 369 2257 διὰ
392 2205 629 2276 Χριστοῦ
657 2207 754 2277 τῆς
778 2207 1004 2278 φθορᾶς.

275 2302 435 2364 Οσας
475 2298 711 2364 ἓδειξάς
740 2318 841 2368 μοι
889 2302 1124 2370 θλίψεις
1166 2302 1438 2368 πολλὰς;
1466 2305 1606 2356 Οἴων
1635 2305 1742 2375 γάρ

187 2405 244 2458 με
291 2391 384 2442 καὶ
435 2391 574 2442 ὅσων
624 2395 814 2460 πεῖραν
863 2392 1046 2446 λαόεἴν
1089 2394 1347 2464 ἐποίησας
1380 2395 1597 2460 κακῶν;
1632 2397 1739 2450 Καὶ

182 2479 538 2548 ἐπιστρέψας
565 2481 961 2550 ἑζωολοίησάς
979 2501 1076 2552 με,
1112 2485 1209 2538 καί
1227 2486 1297 2538 ἐκ
1316 2485 1431 2538 τῶν
1458 2489 1742 2542 ἀϐύσσων

183 2567 284 2635 τῆς
320 2569 434 2638 γῆς
475 2569 772 2640 ἀνήγαγές
815 2588 910 2640 με,
931 2573 1333 2638 Ἑπλεόνασας
1361 2573 1451 2624 ἐπ’
1481 2573 1583 2642 ἐμὲ
1628 2574 1743 2642 τὴν

177 2663 596 2730 pay-alonim
629 2679 762 2724 σου,
800 2664 897 2716 καί
928 2663 1296 2732 ἐπιστρέψας
1329 2663 1741 2732 παρεκάλεσάς

176 2769 262 2818 με.
280 2754 335 2805 '0
358 2753 754 2823 διπλασιασμὸς
785 2753 926 2807 ἔοικε
957 2755 1237 2824 σημαίνειν
1266 2755 1361 2826 τὴν
1392 2757 1483 2809 ἐπὶ
1509 2760 1621 2820 τοῖς
1649 2775 1731 2828 με·

181 2843 242 2897 τὰ
271 2846 330 2897 τὸ
361 2845 643 2915 βάπτισμα
674 2846 964 2916 πλημμελή
975 2864 1103 2917 μασι
1137 2849 1427 2920 γινομένην
1456 2850 1742 2918 μετάνοιαν

178 2933 362 3007 δεκτήν
406 2938 672 3006 ὑπάρχειν
725 2938 820 3008 τῷ,
862 2939 936 3002 ὡς
983 2938 1220 3010 εἴρηται,
1256 2939 1604 2993 πλεονάσαντι
1656 2943 1739 3010 ἐφ’

181 3030 318 3098 ἡμᾶς
357 3031 456 3102 τὴν
491 3031 654 3084 αὑτοῦ
684 3032 992 3103 ἀγαθότητά.
1031 3050 1088 3084 τε
1127 3034 1220 3086 καὶ
1258 3033 1618 3105 δικαιοσύνην.
1653 3034 1742 3087 Διδ

1843 1947 2018 1991 morte
2052 1937 2344 1993 damnatus
2378 1940 2469 2004 sit,
2492 1953 2598 1992 non
2627 1939 2678 1990 in
2706 1941 2877 1991 morte
2906 1937 3228 1991 remanserit
3259 1952 3273 2000 ;
3306 1940 3398 1990 sed

1842 2029 1936 2084 Dei
1967 2031 2249 2085 clementia
2280 2047 2374 2100 per
2405 2030 2681 2084 Christum
2717 2030 2978 2084 liberatus
3019 2028 3090 2085 sit
3139 2043 3170 2082 a
3211 2043 3402 2084 corru-

1841 2123 2044 2191 ptione.

1910 2296 1999 2361 ‘20,
2024 2297 2110 2351 21.
2155 2296 2390 2362 Quantas
2413 2297 2685 2349 ostendisti
2713 2297 2840 2349 milii
2872 2295 3236 2349 tribulationes
3259 2296 3398 2350 mul-

1843 2399 1924 2444 tas
1952 2391 2253 2457 ?Qualium
2292 2406 2377 2445 nte
2415 2400 2856 2460 quantorumque
2879 2391 3148 2444 malorum
3179 2392 3398 2459 experi-

1843 2491 2081 2537 mentum
2141 2497 2354 2536 sumere
2402 2480 2631 2537 fccisti?
2673 2480 2742 2534 Et
2800 2498 3075 2536 conversus
3122 2481 3400 2550 viviﬁcasti

1844 2590 1944 2637 me,
1972 2581 2022 2626 et
2054 2573 2115 2625 de
2152 2572 2351 2640 abyssis
2383 2583 2535 2626 terra:
2570 2573 2761 2625 iterum
2788 2571 3042 2625 reduxisti
3081 2588 3179 2626 me.
3215 2569 3400 2623 Multi-

1843 2665 2052 2735 plicasti
2081 2665 2524 2734 magniﬁcentiam
2559 2675 2727 2728 tuam,
2758 2674 2807 2718 et
2843 2681 3117 2720 conversus
3157 2664 3397 2720 consola-

1844 2767 1926 2810 tus
1953 2774 2005 2810 es
2032 2772 2131 2811 me.
2163 2755 2426 2826 Repetitio
2447 2757 2659 2810 videtur
2679 2756 3000 2826 significare,
3027 2757 3400 2827 paenitentiam

1840 2849 1906 2902 de
1937 2851 2169 2918 peccatis
2202 2858 2323 2918 post
2365 2849 2690 2918 baptismum
2737 2848 2990 2903 admissis
3042 2860 3315 2919 acceptam
3349 2850 3399 2902 ei

1841 2957 1981 3002 esse,
2021 2943 2135 3009 qui,
2184 2950 2243 2994 ut
2281 2941 2483 2996 dictum
2510 2950 2613 3002 est,
2665 2942 3045 3010 multiplicavit
3089 2958 3249 3012 super
3298 2956 3400 2996 nos

1841 3033 2133 3087 bonitatem
2185 3043 2237 3086 et
2284 3032 2548 3101 justitiam
2596 3049 2770 3088 suam.
2832 3032 3170 3102 Quapropter
3224 3033 3397 3102 prius,

181 3122 439 3194 πρότερον
473 3125 572 3191 μὲν
601 3123 681 3186 τὸ,
709 3121 1111 3190 ἐζωοποίησάς
1137 3141 1233 3192 με,
1278 3125 1352 3188 ὡς
1391 3126 1481 3177 ἐπὶ
1512 3125 1739 3192 ἀναγενο

1845 3126 2120 3193 civi/icasti
2154 3141 2254 3184 me.
2291 3126 2446 3194 quasi
2481 3126 2547 3179 de
2589 3125 2997 3196 regeneratione
3041 3125 3245 3180 dictum
3272 3135 3353 3180 est
3383 3143 3396 3178 :

179 3215 378 3283 νήσεως
425 3217 638 3286 εἴρηται
664 3231 676 3243 °
713 3214 963 3284 Gsdtapov
999 3216 1054 3267 δὲ
1098 3221 1178 3273 τὸ.
1206 3216 1641 3283 πιιρεκάλεσας,
1667 3216 1743 3277 ὡς

177 3307 261 3357 ἐπὶ
305 3307 786 3376 καταπονουμένου
837 3309 901 3376 τῇ
933 3305 1042 3359 τῶν
1075 3306 1482 3377 ἁμαρτημάτων
1515 3305 1740 3375 ἀθυμίᾳ.

180 3397 326 3448 Ἔστι
357 3398 543 3467 μέντοι
567 3399 659 3450 καὶ
687 3398 778 3450 ἐπὶ
804 3398 900 3468 τῆς
921 3397 981 3461 ἐξ
1005 3399 1274 3464 Αἰγύπτου
1304 3397 1400 3468 μὲν
1425 3395 1743 3467 λυτρώσεως

173 3489 234 3539 τὰ
263 3491 509 3559 πρότερα
555 3490 651 3558 μὲν
687 3489 1021 3554 ἐκδέξασθαι,
1051 3491 1142 3543 ὲπὶ
1180 3492 1275 3561 τῆς
1309 3489 1400 3543 τοῦ
1445 3489 1646 3562 Κυρίου
1687 3489 1743 3542 δὲ

175 3580 478 3649 παρουσίας
520 3580 589 3632 τὰ
633 3580 858 3652 δεύτερα
898 3581 1107 3650 νοῆσαι,
1141 3583 1228 3634 ὅτε
1269 3583 1362 3634 καὶ
1403 3583 1434 3652 ὴ
1477 3581 1742 3651 παντελὴς

172 3673 294 3740 ἡμῖν
327 3672 525 3741 γέγονε
561 3674 922 3744 παράκλησις.
950 3675 1012 3726 Οί
1041 3673 1147 3746 γὰρ
1175 3672 1233 3736 ἐξ
1260 3673 1531 3742 Αἰγύπτου
1561 3671 1741 3743 ἐξελη-

172 3764 410 3830 λυθότες,
443 3768 494 3820 εί
528 3768 622 3820 καὶ
647 3767 989 3839 ὲρῤύσθησαν
1009 3766 1103 3820 τοῦ
1131 3766 1463 3838 προσκαίρου
1490 3764 1739 3826 θανάτου,

170 3858 274 3912 ἀλλ’
303 3860 621 3913 ὑπέπιπτον
654 3859 734 3931 τῷ
766 3861 986 3933 αἰωνίῳ,
1017 3860 1092 3924 ὡς
1128 3859 1348 3930 μηδέπω
1389 3859 1484 3928 τῆς
1511 3859 1744 3912 ἀναστά-

171 3968 300 4015 σεως
333 3953 748 4023 δεδωρημένης.

229 4044 341 4096 Καὶ
378 4043 499 4110 γὰρ
531 4041 646 4112 ἐγὼ
683 4041 1197 4112 ἐξομολογήσομαί
1246 4059 1342 4096 σοι
1384 4043 1452 4095 ὲν
1496 4044 1744 4096 σκεύεσι

165 4134 414 4203 ψαλμοῦ
446 4134 564 4201 τὴν
593 4135 882 4201 ἀλήθειάν
923 4153 1060 4198 σου,
1099 4139 1130 4190 d
1159 4137 1321 4202 Θεός.
1352 4134 1526 4199 Οὕτω,
1559 4136 1741 4204 φησὶν,

163 4227 400 4296 ἐμαυτὸν
453 4230 860 4298 παρασκευάσω
887 4228 977 4282 διὰ
1019 4230 1116 4300 τῆς
1153 4228 1585 4300 ὲξομολογήσεως
1626 4229 1744 4279 ἐπι-

163 4320 366 4389 τήδειον
394 4321 695 4391 γενηθῆναι
725 4322 858 4392 πρὸς
888 4320 949 4373 τὸ
982 4320 1172 4383 σκεῦος
1196 4318 1514 4389 ὑμνολογίας
1542 4317 1742 4388 κληθῆ-

161 4428 260 4466 ναι.
296 4415 360 4467 ει
391 4415 455 4466 δὲ
492 4414 684 4478 σκεῦος
715 4413 976 4484 κληθῆναι
1007 4412 1236 4482 ἐκλογῆς
1264 4411 1529 4473 λέλεκται,
1555 4411 1740 4481 δηλον-

1845 3218 2085 3272 secundo
2113 3227 2314 3282 autem,
2354 3217 2651 3271 consolatus
2695 3235 2746 3272 es
2786 3235 2883 3282 me,
2922 3220 3078 3286 quasi
3107 3219 3174 3272 de
3216 3234 3282 3273 eo
3319 3217 3401 3273 di-

1846 3319 1992 3363 ctum
2024 3321 2107 3364 est
2135 3311 2226 3377 qui
2262 3310 2486 3364 admissi
2523 3312 2726 3379 peccati
2758 3311 2974 3365 tristitia
2999 3311 3229 3364 laborat.
3265 3309 3400 3365 Pos-

1850 3410 1978 3456 sunt
2003 3403 2164 3454 etiam
2189 3400 2368 3470 priora
2392 3401 2460 3454 de
2488 3400 2810 3454 liberatione
2831 3415 2896 3455 ex
2934 3398 3168 3472 Egypto
3198 3402 3399 3456 intelli-

1845 3494 1917 3565 gi,
1950 3503 2002 3548 et
2024 3494 2258 3549 secunda
2283 3494 2346 3547 de
2379 3491 2590 3546 Domini
2621 3493 2851 3546 adventu
2873 3493 3152 3562 explicari,
3182 3494 3400 3563 quando

1844 3585 2002 3639 nobis
2026 3586 2180 3654 plena
2219 3583 2520 3638 consolatio
2561 3582 2683 3636 fuit.
2715 3583 2818 3648 Qui
2862 3585 3007 3638 enim
3054 3599 3122 3640 ex
3165 3583 3401 3657 Egypto

1842 3677 2045 3747 egressi
2095 3683 2254 3738 sunt,
2315 3676 2414 3728 etsi
2471 3675 2682 3728 liberati
2721 3675 2940 3730 fuerunt
2982 3691 3012 3729 a
3055 3686 3398 3744 temporarias

1843 3780 2038 3834 morte,
2069 3778 2123 3823 at
2146 3769 2454 3823 inciderunt
2485 3768 2537 3822 in
2567 3780 2848 3835 aeternam,
2882 3785 3007 3824 cum
3040 3771 3283 3826 nondum
3315 3786 3397 3824 re-

1843 3865 2195 3920 surrectionis
2221 3865 2389 3934 gratia
2416 3864 2537 3919 data
2561 3873 2704 3918 esset

1911 4043 2000 4096 2‘2.
2047 4039 2187 4094 Nam
2237 4049 2286 4093 et
2331 4055 2422 4108 ego
2467 4037 2750 4106 conﬁtebor
2802 4035 2898 4090 tibi
2936 4038 2990 4089 in
3031 4037 3171 4090 vasis
3207 4038 3400 4106 psalmi

1843 4139 2110 4190 ceritatem
2143 4143 2311 4196 tuam,
2343 4131 2503 4186 Deus.
2533 4129 2635 4195 Me,
2661 4129 2856 4200 inquit,
2881 4144 2976 4199 per
3002 4127 3399 4184 confessionem

1843 4231 1914 4284 ita
1960 4228 2256 4294 adornabo,
2300 4234 2360 4280 ut
2411 4237 2569 4294 aptus
2608 4224 2710 4278 siin
2759 4224 2849 4294 qui
2892 4238 2987 4278 vas
3046 4223 3402 4294 Itymnologiae

1843 4323 2096 4393 appeller.
2144 4319 2298 4386 Quod
2342 4319 2386 4373 si
2419 4320 2596 4372 dictus
2632 4325 2713 4371 est
2749 4333 2844 4373 vas
2873 4318 3173 4383 electionis,
3224 4317 3401 4373 dictus

1843 4423 1926 4469 est
1957 4413 2120 4467 etiam
2153 4428 2246 4466 vas
2272 4411 2651 4482 Itymnologize.
2687 4409 2926 4463 Psallam
2959 4411 3054 4462 tibi
3091 4410 3142 4462 in
3169 4409 3396 4465 cithara.

158 4506 235 4558 ὁτι
259 4508 360 4560 καὶ
396 4505 598 4569 σκεῦος
631 4506 966 4577 ὑμνολογιας.
993 4505 1172 4560 Ψαλῶ
1201 4522 1298 4560 σοι
1325 4505 1394 4556 ἐν
1420 4502 1740 4574 κιθάρᾳ.Τῇ

1844 4506 2071 4566 Animae,
2105 4503 2305 4572 inquit,
2330 4511 2616 4557 concentu.
2660 4499 2798 4553 Cum
2832 4500 2973 4555 enim
3008 4499 3095 4552 illa
3131 4499 3264 4552 nihil
3297 4499 3401 4552 sibi

160 4599 251 4670 τῆς
295 4600 493 4671 ψυχῆς
545 4600 775 4670 ἁρμονία
821 4599 1012 4670 φησίν·
1055 4600 1222 4652 ὐταν
1254 4598 1361 4670 γὰρ
1393 4597 1557 4668 μηδὲν
1592 4599 1743 4650 ὲναν-

157 4693 259 4745 τίον
289 4695 470 4764 ἑαυτῇ
509 4692 645 4762 μήτε
674 4691 814 4745 κατὰ
844 4692 934 4746 τὸν
957 4691 1067 4764 βίον
1095 4693 1231 4761 μήτε
1257 4692 1386 4762 περὶ
1410 4691 1477 4743 τὰ
1501 4691 1740 4760 δόγματα

157 4785 276 4852 ποιῇ
329 4783 364 4853 ἢ
397 4783 598 4854 πάσχῃ
629 4783 662 4852 ὴ
696 4780 861 4853 ψυχὴ,
895 4783 1016 4836 τότε
1060 4783 1126 4854 δὴ
1169 4784 1289 4837 τότε
1337 4782 1499 4852 νοητὴ
1539 4779 1741 4851 κιθάρα

155 4874 380 4946 κληθείη
411 4875 669 4938 δικαίως.

229 4964 743 5037 Ἇγαλλιάσονται
774 4966 845 5020 τὰ
868 4967 1041 5036 χειλη
1063 4985 1202 5037 μου,
1242 4967 1388 5020 ὅταν
1422 4965 1597 5035 ψαλῶ
1619 4983 1737 5021 σοι.

155 5059 317 5113 Τοῦτο
364 5059 523 5130 πρὸς
555 5058 956 5130 ἀντιδιαστολὴν
988 5059 1081 5112 τοῦ
1128 5060 1294 5130 νόμου
1337 5057 1612 5111 λέλεκται·
1661 5059 1744 5111 ὅτι

153 5152 331 5208 ἐκεῖνα
356 5153 472 5224 μὲν
498 5151 571 5204 τὰ
599 5152 944 5223 ιπιτάγματα
972 5147 1041 5224 ἦν
1070 5152 1320 5223 φορτικὲ,
1355 5151 1429 5214 ὡς
1458 5151 1745 5222 δυσκατόρ-

153 5245 311 5308 θωτα,
345 5245 539 5300 ταῦτα
564 5243 621 5297 δὲ
653 5245 867 5316 χρηστά
897 5262 955 5298 τε
997 5245 1089 5298 καὶ
1130 5243 1358 5316 ἐλαφρὰ,
1389 5243 1463 5306 ὡς
1508 5244 1601 5298 καὶ
1625 5243 1744 5314 ἠδο-

153 5339 240 5410 νῆς
288 5335 739 5408 ἀποπληροῦντα
782 5337 908 5400 τοὺς
945 5336 1270 5405 ἀξιωθέντας
1318 5335 1515 5390 αὐτῶν.
1569 5335 1676 5390 Kal
1703 5336 1742 5403 ἡ

154 5433 315 5500 ψυχή
351 5447 492 5499 μου
548 5427 631 5496 ἦν
677 5427 1024 5495 ἐλυτρώσω,
1050 5429 1150 5499 τῆς
1188 5429 1457 5500 ἁμαρτίας
1491 5427 1590 5497 τῆς
1619 5427 1745 5496 φθο-

154 5525 268 5595 ρις,
299 5526 408 5597 τῆς
441 5521 697 5585 δουλείας
724 5521 814 5575 τοῦ
850 5523 1084 5590 Σατανᾶ,
1113 5521 1205 5578 τοῦ
1231 5521 1460 5576 θανάτου
1486 5518 1669 5574 αὑτοῦ.

212 5800 258 5834 ⁸³
307 5800 484 5854 Rom.
524 5807 716 5857 xu'tn,
745 5790 834 5848 21.

1845 4598 2201 4662 contrarium,
2247 4596 2359 4650 sive
2391 4595 2687 4650 secundum
2730 4595 2917 4655 vitam,
2955 4594 3068 4648 sive
3102 4592 3400 4648 secundum

1845 4690 2144 4746 doctrinam
2169 4687 2358 4742 fecerit
2385 4695 2478 4741 aut
2510 4701 2668 4758 passa
2702 4685 2886 4751 fuerit,
2923 4694 3052 4741 tunc
3081 4701 3215 4742 sane
3242 4686 3402 4755 spiri-

1847 4782 2007 4836 tualis
2036 4780 2240 4835 cithara
2268 4779 2389 4849 jure
2416 4778 2734 4848 appelletur.
2784 4843 2786 4846 ν

1915 4961 2006 5015 25.
2053 4958 2405 5015 Euultabunt
2455 4958 2598 5012 labia
2637 4974 2752 5012 mea
2794 4974 2912 5012 cum
2963 4965 3240 5012 cantavero
3287 4960 3400 5015 tibi.

1849 5051 1960 5106 [ioc
1985 5052 2062 5106 ait
2085 5052 2152 5106 ad
2183 5051 2474 5106 discrimen
2506 5049 2660 5121 legis,
2696 5049 2824 5119 quia
2856 5048 2978 5118 ejus
3016 5047 3233 5116 quidem
3267 5062 3398 5118 pra:-

1847 5155 2000 5216 cepta
2048 5159 2276 5200 onerosa
2325 5153 2479 5198 erant
2522 5150 2575 5198 et
2624 5141 2915 5198 observato
2966 5138 3220 5196 difﬁcilia.
3281 5139 3402 5198 llzec

1849 5247 2030 5294 autem
2063 5244 2346 5291 mansueta
2375 5251 2439 5290 ac
2477 5235 2612 5290 levia
2636 5243 2781 5300 sunt,
2822 5235 2895 5288 ita
2934 5243 2994 5288 ut
3037 5248 3132 5288 eos
3161 5233 3253 5303 qui
3296 5233 3402 5287 illis

1850 5331 2052 5402 dignati
2087 5340 2215 5386 sunt
2234 5333 2504 5398 voluptate
2535 5328 2793 5398 repleam.
2817 5328 2884 5384 Et
2907 5329 3085 5382 anima
3105 5343 3217 5381 mea
3245 5342 3401 5395 quam

1850 5424 2136 5490 redemisti,
2165 5439 2193 5477 a
2225 5431 2444 5494 peccato
2476 5421 2862 5493 corruptionis,
2890 5435 2920 5475 a
2953 5421 3210 5477 servitute
3250 5419 3399 5474 Satao

1851 5533 1954 5577 nte.
1982 5516 2049 5572 ab
2075 5516 2188 5588 ipsa
2221 5525 2408 5572 morte.
