4102 6312
737 318 842 373 527

1587 321 1643 375 S.
1685 321 2054 376 ATHANASH
2106 320 2255 376 OPP.
2298 320 2476 374 PARS
2513 321 2596 375 Ill.
2643 321 3124 377 -EXEGET|CA.

3869 326 3966 379 328

812 429 879 484 Et
912 431 1236 486 benedictum
1267 450 1449 486 nomen
1485 433 2060 504 gloriaQuamobrem
2100 450 2196 504 par
2213 448 2278 486 νεῖ

2469 431 2515 483 1(
2519 433 2576 485 al
2600 433 3011 502 εὐλογημένοι·
3029 435 3095 485 τὸ
3123 434 3306 502 ὄνομα
3336 435 3440 502 τῆς
3463 435 3666 501 δόξης.
3691 436 3782 489 Διὸ
3812 455 3968 509 προσ-

727 535 851 574 eum
872 536 1037 592 super
1062 525 1241 576 omnia
1275 524 1490 594 hymnis
1537 526 1832 580 celebrare.
1875 525 2103 579 Etiamsi
2146 527 2291 578 enim

727 613 844 682 ejus
868 625 1138 678 naturam.
1173 627 1357 686 utpote
1386 618 1840 685 inaccessibilem,
1863 619 2197 689 ignoramus,
2244 627 2299 671 at

727 706 967 761 salutare
990 709 1107 776 ejus
1143 724 1339 762 nomen
1387 709 1563 764 edocti
1589 727 1800 766 sumus.

940 798 989 854 1.
1016 798 1329 866 Defeceruut
1363 799 1543 853 laudes
1574 801 1744 854 David
1767 801 1867 868 ﬁlii
1892 799 2077 855 Jessae.

1088 888 1268 942 PSAL
1283 890 1331 943 Μ
1343 890 1428 944 US
1452 893 1648 959 Asaph.
1682 891 1925 947 LXXII.

1315 984 1711 1054 Argumentum.

724 1068 779 1124 In
825 1071 928 1126 hoc
969 1073 1180 1141 psalmo
1216 1086 1400 1128 narrat
1433 1092 1597 1145 quam
1628 1077 1735 1130 sint
1764 1076 1998 1145 impares
2044 1075 2292 1131 homines

791 1166 858 1219 ad
882 1167 1139 1234 capienda
1157 1166 1250 1221 Dei
1272 1168 1500 1238 judicia.
1530 1169 1645 1238 Ipsa
1666 1170 1811 1223 enim
1843 1169 2111 1238 profunda
2135 1178 2263 1224 sunt

796 1257 1170 1313 inscrutabilia
1226 1275 1288 1314 ac
1335 1277 1563 1330 prorsus
1618 1262 2266 1331 incomprehensibilia“

795 1349 895 1416 Qui
941 1365 1103 1421 porro
1150 1353 1402 1422 ignorant
1451 1355 1718 1424 cujusque
1753 1357 2076 1410 teconomiae
2124 1357 2292 1409 ratio-

792 1458 909 1507 nes,
940 1443 992 1496 in
1038 1444 1305 1498 absurdus
1357 1447 1714 1515 cogitatiOnes
1763 1447 2029 1502 inciduI-t.
2089 1448 2290 1514 Quam-

785 1534 969 1588 obrem
997 1537 1290 1605 propositis
1326 1539 1502 1607 primo
1553 1539 1820 1608 ejusmodi
1843 1540 2288 1610 cogitationibus,

785 1641 907 1695 qua:
939 1642 1162 1696 propter
1194 1630 1566 1697 improborum
1629 1630 1911 1684 hominum
1974 1630 2285 1687 felicitatem

785 1717 1124 1784 acciderant;
1170 1736 1316 1783 nam,
1351 1718 1483 1772 Ecce
1523 1720 1624 1788 ipsi
1668 1732 1962 1787 peccatores
2017 1733 2066 1775 et
2120 1724 2287 1775 abun—

781 1809 998 1870 dantes;
1031 1809 1190 1862 docet
1227 1819 1430 1878 postea,
1478 1811 1656 1880 qualis
1707 1811 1949 1881 ipsormn
1995 1812 2282 1882 impiorum
2321 1825 2358 1878 Β

778 1899 902 1952 ﬁnis
934 1899 1150 1953 futurus
1176 1901 1278 1966 sit;
1307 1909 1363 1953 ut
1389 1917 1451 1955 ea
1473 1904 1758 1972 perspicue
1797 1904 1997 1968 edocti,
2034 1919 2142 1958 non
2171 1920 2286 1956 mo-

786 1991 919 2044 leste
961 1991 1221 2054 feramus,
1261 2008 1436 2061 neque
1466 1995 1614 2048 anxii
1640 1995 1812 2050 simus
1833 1998 1904 2052 ob
1951 1996 2286 2066 inaequalita-

785 2090 890 2134 tem
919 2097 1099 2135 rerum
1124 2082 1286 2150 hujus
1327 2084 1473 2136 vitaz.

780 2258 833 2310 2.
866 2259 1038 2322 Quam
1091 2259 1252 2313 bonus
1295 2259 1469 2315 Israei
1511 2262 1648 2316 Deus
1707 2263 1788 2318 his
1846 2265 1938 2332 qui
1979 2274 2117 2317 recto
2161 2273 2284 2315 sunt

710 2350 905 2403 corde!
931 2348 1265 2405 Narraturus
1291 2353 1707 2421 prosperitatcm
1757 2355 2040 2407 hominum
2089 2355 2142 2407 in
2182 2355 2282 2406 ini-

712 2442 917 2512 pietate
945 2442 1280 2509 degentium,
1313 2452 1368 2496 et
1396 2445 1653 2496 acerbum
1692 2444 1823 2512 ipsis
1883 2455 2071 2514 postea
2114 2461 2276 2514 para-

711 2544 825 2589 tum
855 2535 1178 2602 supplicium
1205 2553 1218 2599 ;
1254 2537 1530 2604 praemittit
1556 2537 1879 2601 illud,rectis
1895 2540 2059 2594 corde
2077 2541 2277 2595 bonum

713 2641 836 2682 esse
879 2626 1070 2689 Deum,
1107 2637 1162 2680 ut
1194 2637 1528 2696 cognoscant
1561 2630 1653 2698 qui
1695 2630 1911 2700 pietatis
1947 2632 2050 2686 sibi
2099 2643 2279 2701 partes

708 2728 1021 2784 assumunt,
1055 2720 1188 2775 solis
1222 2722 1387 2776 rectis
1419 2722 1580 2776 corde
1648 2721 1816 2776 Deum
1877 2723 2124 2778 futurum
2159 2741 2279 2779 esse

708 2811 936 2877 bonum,
966 2811 1060 2865 sed
1114 2825 1223 2864 non
1255 2811 1321 2866 iis
1365 2813 1458 2879 qui
1508 2812 1752 2880 improbe
1805 2823 2050 2882 peccant.
2097 2815 2279 2883 Itaque

708 2902 923 2956 etiamsi
978 2901 1262 2954 videantur
1305 2917 1562 2971 prospere
1617 2919 1814 2973 agere,
1869 2905 2063 2974 inquit,
2116 2922 2276 2959 lieno

707 2992 1165 3055 turbetur,secum
1188 3002 1443 3062 reputans
1467 3004 1729 3064 quantum
1751 2996 1872 3052 illos
1897 2999 2059 3067 paulo
2088 3008 2275 3068 Postea

708 3082 1034 3152 supplicium
1069 3091 1367 3151 exspectet.

782 3267 910 3340 [Mei
934 3278 1112 3322 autem
1148 3285 1274 3338 pene
1316 3270 1444 3323 moti
1475 3279 1597 3324 sunt
1627 3271 1802 3339 pedes.
1853 3269 2050 3326 Narrat
2086 3275 2281 3344 hujus-

707 3360 854 3414 modi
883 3369 1111 3414 mortem
1162 3360 1268 3430 piis
1319 3361 1449 3416 viris
1477 3361 1815 3432 contingere,
1870 3372 1930 3418 ut
1966 3364 2013 3418 si
2041 3366 2162 3434 quis
2189 3383 2276 3420 ro-

707 3463 866 3523 κείω·
891 3468 959 3506 an
989 3453 1113 3506 velit
1134 3453 1293 3506 talem
1353 3463 1584 3507 mortem
1613 3441 1789 3520 obire,
1839 3456 2158 3527 neutiquam
2185 3458 2279 3512 ab-

707 3554 859 3598 nuat.
887 3546 904 3617 ι

777 3638 885 3690 3-5.
916 3636 1051 3702 Quia
1077 3637 1239 3690 zelavi
1269 3653 1426 3706 super
1449 3637 1676 3708 iniquos,
1716 3656 1899 3707 pacem
1939 3653 2275 3710 peccatorum

705 3728 905 3795 videns,
935 3737 1039 3783 etc.
1070 3728 1304 3783 Enarrat
1337 3744 1401 3783 ea
1446 3745 1568 3799 quae
1604 3728 1706 3800 ipsi
1759 3731 1957 3784 mentis
1987 3735 2272 3799 perturba-

705 3821 908 3873 tionem
942 3820 1203 3873 excitant.
1245 3819 1367 3873 Haec
1394 3830 1572 3874 autem
1621 3832 1785 3880 sunt,
1816 3823 2074 3891 primum,
2130 3826 2276 3893 quod

712 3910 768 3962 in
803 3911 908 3963 alta
940 3926 1071 3979 pace
1103 3911 1252 3980 impii
1278 3911 1509 3980 degant;
1574 3912 1833 3977 secundo,
1876 3914 2021 3982 quod
2071 3930 2166 3983 per
2194 3926 2276 3969 to-

706 4009 817 4054 tam
851 4001 1014 4055 vitam
1043 4016 1302 4070 prospere
1326 4008 1526 4071 agant;
1556 4000 1628 4055 ita
1663 4011 1724 4054 ut
1761 4004 1826 4056 ad
1847 4014 2076 4060 mortem
2097 4021 2271 4077 usque

711 4093 948 4149 felicitas
1015 4095 1362 4157 extendatur,
1421 4101 1477 4148 et
1537 4093 1642 4147 tale
1669 4109 1839 4163 genus
1879 4097 2070 4151 mortis
2123 4097 2274 4169 impii

704 4187 957 4250 subeant,
993 4185 1153 4254 quale
1176 4200 1337 4238 nemo
1365 4182 1550 4238 subire
1571 4185 1775 4238 abnuat
1797 4185 1842 4238 si
1878 4187 2002 4254 quis
2035 4203 2158 4242 eum
2187 4205 2275 4242 ro-

705 4286 813 4347 get,
848 4292 916 4329 an
939 4277 1066 4330 velit
1135 4275 1446 4345 bnjusmodi
1507 4286 1737 4331 mortem
1792 4278 1963 4331 obire.
2010 4278 2087 4332 Ad
2131 4281 2272 4345 hate,

705 4366 850 4434 quod
884 4367 928 4422 si
960 4383 1067 4437 qua
1093 4367 1226 4435 ipsis
1251 4377 1467 4436 propter
1496 4378 1775 4437 peccatum
1815 4367 2028 4436 punitio
2065 4368 2273 4438 inﬂiga-

708 4471 816 4527 tur,
840 4477 946 4531 qua
987 4462 1053 4514 ad
1084 4461 1498 4514 conversionem
1539 4468 1885 4526 revocentur,
1946 4475 2010 4514 ea
2059 4476 2168 4514 non
2202 4463 2273 4516 sit

705 4549 906 4615 gravis,
927 4551 1020 4604 sed
1055 4550 1190 4602 levis
1213 4559 1266 4604 et
1295 4549 1615 4602 tolerabilis.
1646 4549 1822 4618 Super
1874 4549 1958 4603 his
1989 4550 2268 4613 omnibus.

705 4646 847 4715 quod
873 4658 978 4696 non
995 4643 1268 4696 humanos
1292 4642 1504 4696 labores
1534 4642 1908 4710 experiantur,
1943 4657 2040 4695 nve
2069 4643 2270 4696 diurno

705 4743 917 4807 quzestu
941 4745 1132 4804 egeant
1179 4750 1278 4804 pro
1327 4734 1586 4804 parandis
1643 4734 1936 4788 alimentis.
1984 4733 2080 4788 Hic
2123 4735 2266 4788 enim

703 4830 861 4882 labor
889 4842 1172 4889 manuum,
1207 4825 1401 4896 ﬂagelli
1431 4837 1485 4880 et
1527 4826 1827 4896 punitionis
1863 4825 1984 4880 loco
2030 4827 2268 4881 homini-

705 4919 810 4976 bus
838 4918 1155 4988 imponitur.

774 5087 828 5140 6.
868 5084 992 5139 Ideo
1025 5087 1190 5140 tenuit
1220 5102 1306 5140 eos
1335 5085 1602 5155 superbia,
1637 5094 1691 5139 et
1721 5093 1937 5139 caetera.
1972 5083 2112 5151 Quia
2145 5100 2265 5140 om-

706 5180 867 5234 nibus
894 5177 1148 5232 fruuntur
1171 5178 1349 5244 bonis,
1374 5177 1524 5231 nullo
1551 5177 1728 5231 alfecti
1773 5176 1938 5241 malo,
1972 5179 2094 5232 ideo
2127 5178 2268 5230 into-

704 5268 1071 5323 lerantissime
1093 5268 1436 5338 superbiunt,
1465 5275 1631 5335 atque
1679 5268 1754 5321 ita
1809 5266 1983 5336 iniqui
2035 5279 2085 5321 et
2113 5267 2266 5335 impii

705 5361 958 5422 evadunt,
991 5368 1050 5412 ut
1077 5359 1327 5428 impietas
1357 5373 1546 5412 eorum
1566 5373 1663 5411 ceu
1688 5358 1907 5428 pinguis
1922 5369 1974 5413 et
1990 5359 2154 5412 obesa
2173 5359 2262 5414 sit.

2401 527 2517 596 ἥκει
2553 527 2699 595 παρὰ
2735 529 2949 579 πάντων
2981 526 3142 579 αὐτὸν
3189 527 3493 596 ὑμνεῖσθαι.
3527 529 3588 580 El
3615 528 3722 601 γὰρ
3750 531 3845 585 καὶ
3875 533 3968 605 τὴν

2401 615 2559 683 φύσιν
2584 615 2746 667 αὐτοῦ
2784 616 2858 678 ὼς
2889 615 3174 684 ἀνέφικτον
3204 616 3523 688 ἀγνοοῦμεν,
3550 619 3684 672 ἀλλὰ
3708 621 3772 675 τὸ
3800 627 3972 694 σωτή-

2401 723 2511 776 ριον
2545 707 2709 758 αὐτοῦ
2741 707 3095 777 ἐδιδάχθημεν
3128 710 3315 778 ὄνομα.

2498 798 2810 862 Ἐξέλιπεν
2829 803 2881 851 οἱ
2908 800 3080 868 ὒμνοι
3111 802 3292 854 Δαυῖδ
3324 801 3428 855 τοῦ
3454 804 3584 856 υιοῡ
3625 805 3874 861 Ἰεσσαί.

2767 894 2914 948 ΨΑΛ
2939 898 3074 947 :02:
3108 894 3186 958 τῷ
3223 895 3426 963 Ἀσάφ.
3464 900 3588 948 03'.

3025 987 3348 1052 Ὑπόθεσις.

2407 1070 2493 1125 Ἐν
2517 1073 2685 1144 τούτῳ
2715 1077 2789 1147 τῷ
2812 1077 3010 1148 ψαλμῷ
3035 1080 3134 1151 τὴν
3162 1081 3476 1150 ἀνωμαλίαν
3517 1080 3624 1134 τῶν
3665 1082 3966 1152 ἀνθρώπων

2464 1168 2528 1236 ἣν
2557 1167 2738 1236 ἔχουσι
2763 1171 2889 1240 περὶ
2911 1171 2977 1223 τά
2998 1170 3092 1224 τοῦ
3124 1171 3259 1224 Θεοῦ
3285 1171 3526 1243 κρίματα
3549 1173 3844 1243 ἐξηγεῖται.
3865 1177 3970 1228 Αὐ-

2464 1260 2532 1311 τά
2577 1260 2675 1330 μὲν
2716 1263 2823 1332 γάρ
2863 1264 2978 1315 ἐστι
3012 1263 3179 1333 βαθέα
3215 1282 3272 1316 τε
3307 1265 3398 1317 καὶ
3426 1265 3842 1337 ἀνεξερεύνητα,
3879 1270 3971 1322 καὶ

2462 1352 2838 1423 ἀκαταληψίας
2877 1355 3115 1424 γέμοντα
3163 1356 3392 1427 πολλῆς·
3425 1359 3472 1409 οἱ
3513 1357 3570 1410 δέ
3602 1359 3730 1421 τοὺς
3780 1359 3970 1426 λόγους

2461 1445 2555 1514 τῆς
2589 1446 2646 1496 ἐν
2675 1447 2889 1516 ἑκάστῳ
2937 1448 3265 1517 γιγνομένης
3305 1449 3613 1518 οἰκονομίας
3649 1448 3762 1519 (54)
3807 1450 3971 1517 ἀγνο-

2461 1532 2644 1594 οῦντες
2687 1537 2765 1596 είς
2809 1535 3124 1605 ἀμηχάνους
3161 1536 3485 1589 ἐκπίπτουσι
3525 1535 3842 1604 λογισμούς.
3885 1537 3974 1590 Διῦ

2458 1627 2541 1698 δὴ,
2569 1628 2830 1697 πρότερον
2856 1628 3053 1690 αὐτοὺς
3089 1629 3309 1698 προθεὶς
3342 1630 3472 1699 ἡμῖν
3501 1629 3625 1690 τοὺς
3651 1629 3969 1698 λογισμοὺς,

2461 1711 2604 1768 οὗτοι
2651 1715 2708 1768 δὲ
2750 1712 2888 1786 ἦσαν
2923 1717 2966 1767 oi
3014 1714 3102 1768 διὰ
3139 1715 3235 1786 τὴν
3262 1715 3565 1786 εὐπραγίαν
3604 1714 3713 1767 τῶν
3757 1714 3972 1767 ἀσεϐῶν

2459 1806 2757 1879 ἀνθρώπων
2809 1805 3321 1875 ὲπισυμϐαίνοντες·
3365 1805 3509 1860 Ἰδοὺ
3551 1805 3657 1877 γὰρ
3703 1807 3974 1872 ἀμαρτωο

2460 1901 2580 1962 λοὶ,
2618 1901 2770 1971 φησὶ,
2803 1899 2902 1952 καὶ
2934 1898 3351 1965 εὐθηνοῦντες,
3375 1897 3612 1951 διδάσκει
3642 1897 3780 1966 μετά
3813 1897 3974 1949 τοῦτο

2461 1993 2553 2044 καὶ
2590 1995 2738 2045 ποῖον
2771 1991 2948 2044 αὐτῶν
2967 1990 3073 2044 τῶν
3106 1990 3316 2042 ἀσεϐῶν
3337 1989 3486 2041 ἕσται
3508 1989 3569 2042 τὸ
3597 1988 3751 2052 τέλος
3775 2006 3787 2017 ·
3821 1990 3974 2051 ὅπως

2459 2081 2543 2145 ἄν,
2571 2082 2637 2136 τὰ
2669 2081 2891 2136 τοιαῦτα
2925 2081 3143 2152 γνόντες
3194 2079 3399 2148 σαφῶς,
3438 2080 3512 2150 μὴ
3559 2079 3860 2151 ἀπορῶμεν
3918 2082 3974 2133 ἐν

2457 2175 2574 2236 ταῖς
2610 2175 2943 2243 ἀνωμαλίαις
2967 2173 3073 2226 τῶν
3102 2175 3158 2225 ἐν
3185 2171 3318 2242 τῷδε
3349 2170 3424 2240 τῷ
3453 2171 3553 2240 βίῳ
3596 2172 3968 2242 πραγμάτων.

2467 2262 2559 2328 Ὠς
2597 2263 2816 2331 ἀγαθὸς
2856 2267 2887 2316 ό
2927 2262 3071 2326 Θεὸς
3107 2260 3186 2327 τῷ
3225 2260 3469 2327 Ἰσραὴλ
3510 2258 3632 2324 τοῖς
3663 2257 3873 2313 εὐθέσι
3899 2258 3974 2326 τῇ

2385 2355 2616 2423 καρδίᾳ.
2651 2355 2873 2408 Μέλλων
2911 2354 3210 2425 διηγεῖσθαι
3236 2353 3332 2424 τὴν
3379 2352 3484 2406 τῶν
3534 2354 3592 2404 ἐν
3635 2352 3868 2420 ἀσεϐείᾳ
3896 2352 3973 2404 δι-

2384 2446 2620 2515 αγόντων
2635 2445 2730 2500 ἀνθ
2741 2445 2934 2516 ρώπων
2949 2447 3235 2516 γινομένην
3252 2447 3346 2516 εὐη
3357 2445 3566 2515 μερίαν,
3591 2445 3684 2496 καὶ
3703 2443 3805 2514 τὴν
3830 2445 3974 2514 μετὰ

2381 2539 2553 2592 ταῦτα
2599 2538 2782 2600 αὐτοῖς
2825 2536 3194 2606 ἀποκειμένην
3226 2535 3445 2587 κόλασιν
3479 2534 3699 2604 πικράν,
3731 2535 3976 2602 προτέτ-

2380 2647 2460 2683 τει
2501 2630 2560 2682 τὸ
2588 2633 2699 2693 τοῖς
2728 2629 2940 2682 εὐθέσιν
2970 2627 3174 2697 ἀγαθὸν
3204 2624 3338 2680 εἶναι
3391 2625 3480 2678 τὸν
3523 2625 3682 2677 Θεόνο
3713 2626 3871 2688 ὅπως
3910 2627 3974 2677 ἂν

2381 2725 2556 2790 γνοῖεν
2603 2723 2651 2775 οἱ
2695 2722 2795 2792 τὴν
2840 2721 3037 2792 εὐσεϐῆ
3081 2720 3395 2790 αἱρούμενοι
3427 2719 3637 2791 μερίδα,
3662 2716 3737 2780 ὡς
3781 2718 3977 2786 μόνοις

2379 2816 2486 2878 τοῖ,
2526 2813 2707 2865 εὐθέσι
2749 2817 2816 2884 τῇ
2871 2814 3070 2885 καρδία
3101 2812 3251 2865 ἔσται
3284 2811 3485 2879 ἀγαθὸς
3512 2812 3540 2862 ὁ
3573 2811 3733 2873 Θεός·
3763 2811 3823 2862 οὐ
3862 2811 3977 2880 μὴν

2381 2901 2458 2953 ἔτι
2490 2904 2722 2965 καὶτοῖς
2754 2902 3063 2971 φαυλότατα
3111 2901 3724 2972 ἀμαρτάνουσιν.”Ωστε,
3775 2901 3825 2952 εἰ
3876 2900 3979 2950 καὶ

2378 2993 2626 3045 δοκοῦσιν
2676 2995 2985 3063 εὐημερεῖν,
3037 2995 3191 3062 φησί,
3236 2991 3586 3063 ταραττέσθω
3639 2992 3850 3062 μηδεὶς,
3913 2992 3978 3043 τὸ

2383 3083 2575 3155 μικρὸν
2607 3083 2832 3154 ὕστερον
2859 3084 3053 3145 αὐτοὺς
3084 3081 3429 3152 ἐκδεξάμενον
3475 3081 3834 3152 κολαστήριον
3881 3083 3977 3133 ἐν-

2306 3163 2347 3218 C
2383 3175 2536 3229 νοῶν.

2454 3262 2665 3334 [Ἐμοῦ
2688 3263 2755 3316 δὲ
2779 3263 2937 3330 παρὰ
2955 3261 3173 3330 μικρὸν
3206 3262 3630 3328 ἐσαλεύθησαν
3669 3263 3722 3312 οι
3757 3260 3976 3327 πόδες.

2381 3355 2661 3423 Διηγείται
2685 3355 2923 3406 τοιοῦτον
2952 3354 3077 3415 τοὺς
3101 3352 3343 3415 εὐσεϐεῖς
3368 3352 3656 3422 ὑπομένειν
3681 3351 3773 3403 τὸν
3797 3351 3976 3404 θάναα

2379 3462 2490 3510 τον,
2522 3446 2597 3509 ὡς
2632 3449 2704 3516 μή
2739 3463 2861 3498 τινα
2892 3444 3174 3498 ἀνανεύειν
3199 3445 3333 3508 εἴτις
3359 3445 3516 3497 αὐτὸν
3543 3444 3738 3515 ἔροιτο,
3765 3445 3813 3496 εί
3845 3445 3978 3514 βοί-

2379 3538 2520 3590 λοιτο
2553 3539 2794 3591 τοιούτου
2829 3538 3058 3591 Θανάτου
3096 3537 3323 3610 τυχεῖν.]

2453 3632 2580 3684 Ὅτι
2611 3629 2878 3696 ἐζήλωσα
2907 3631 3003 3682 ἐπὶ
3040 3629 3162 3694 τοῖς
3197 3631 3461 3696 ἀνόμοις,
3487 3627 3736 3695 εἰρήνην
3779 3627 3979 3696 ἁμαρ-

2378 3723 2582 3777 τωλῶν
2605 3724 2777 3792 ὀρῶν,
2813 3741 2867 3780 κ.
2901 3743 2949 3777 τ.
2979 3723 3026 3778 λ.
3048 3725 3125 3778 Τά
3152 3723 3242 3775 τὸν
3265 3722 3448 3774 κλόνον
3479 3719 3628 3787 αὐτῷ
3657 3720 3978 3788 ποιήσαντα

2377 3816 2476 3885 τῆς
2501 3814 2675 3886 ψυχῆς
2693 3817 3005 3885 ἀφηγείται.
3026 3814 3208 3865 Ταῦτα
3230 3814 3285 3866 δέ
3304 3815 3438 3876 ἐστι,
3459 3811 3519 3863 τὸ
3541 3809 3758 3881 πρῶτον
3778 3811 3884 3880 μὲν
3916 3817 3984 3864 ἐν

2375 3909 2563 3978 εἰρήνῃ
2603 3908 2796 3969 αὐτοὺς
2840 3904 3029 3976 βαθείᾳ
3075 3904 3369 3957 διατελεῖνο
3423 3903 3612 3956 ἔπειτα
3663 3902 3983 3969 διαπαντὸς

2375 3999 2665 4068 εὐημερεῖν
2691 3997 2781 4050 τού
2818 3998 2954 4068 βίου,
2987 3997 3061 4058 ὡς
3109 3996 3200 4047 καὶ
3260 3995 3421 4066 μέχρι
3460 3994 3686 4048 Θανάτου
3736 3995 3840 4064 τὴν
3877 3996 3982 4048 εὖ·

2375 4089 2608 4160 ημερίαν
2658 4086 3109 4148 συνεκτείνεσθαι,
3155 4086 3248 4138 καὶ
3287 4085 3524 4138 τοιοῦτον
3572 4086 3695 4148 τοὺς
3740 4085 3980 4149 ἀσεϐεῖς

2374 4183 2662 4254 ὑπομένειν
2698 4181 2880 4244 αὐτὸν,
2908 4178 2983 4242 ὡς
3016 4180 3087 4250 μή
3129 4195 3247 4231 τινα
3293 4177 3575 4231 ἀνανεύειν
3605 4175 3767 4239 εἴτις
3792 4179 3983 4231 αὐτὲν

2373 4273 2568 4345 ἔροιτο,
2592 4276 2639 4325 εί
2669 4272 2911 4343 βούλοιτο
2931 4270 3023 4324 τοῦ
3049 4270 3290 4324 τοιούτου
3313 4270 3541 4323 θανάτου
3569 4271 3752 4338 τυχεῖν
3771 4284 3788 4302 ο
3819 4270 3986 4341 πρὸς

2371 4367 2427 4419 δὲ
2460 4367 2617 4419 τοῦτο
2663 4366 2755 4418 καὶ
2806 4366 2854 4417 εί
2904 4363 3013 4434 ἀρα
3043 4362 3241 4432 συνέϐη
3275 4362 3366 4414 ἐπὶ
3395 4364 3461 4433 τῇ
3495 4359 3740 4432 ἁμαρτίᾳ
3774 4361 3986 4414 αὐτῶν

2379 4457 2572 4529 μάστιξ
2602 4454 3012 4528 ἐπιστρεπτικὴ,
3035 4452 3241 4523 ταύτην
3268 4453 3341 4524 μὴ
3367 4450 3504 4507 εἶναι
3530 4454 3796 4526 χαλεπὴν,
3844 4453 3987 4507 ἀλλ’

2375 4551 2612 4621 ἐλαφράν
2644 4568 2701 4602 τε
2732 4551 2824 4602 καὶ
2860 4548 3364 4619 εὐπαρακόμιστον·
3398 4548 3482 4617 ἐφ’
3512 4549 3682 4602 ἅπασι
3730 4548 3788 4601 δὲ
3831 4550 3990 4602 τού-

2372 4659 2483 4704 τοις
2532 4641 2590 4693 τὸ
2639 4641 2712 4713 μὴ
2757 4640 2865 4692 τῶν
2904 4640 3259 4710 ἀνθρωπίνων
3315 4639 3708 4693 συναπολαύειν
3749 4638 3988 4702 κόπτων⁴

2376 4733 2509 4804 μηδὲ
2535 4731 2750 4785 δέεσθαι
2793 4731 2892 4801 τῆς
2927 4730 3052 4784 καθ’
3081 4731 3294 4802 ἡμέραν
3329 4730 3590 4800 ἐργασίας
3621 4730 3699 4791 εἰς
3736 4729 3993 4801 διατρο-

2373 4823 2475 4894 φὴν
2504 4822 2813 4892 ἀναγκαίων
2838 4821 3072 4892 τροφῶν.
3106 4817 3272 4884 Οὗτος
3315 4822 3421 4892 γὰρ
3461 4820 3641 4874 αὐτῶν
3671 4823 3698 4873 ό
3720 4820 3807 4872 διὰ
3842 4840 3995 4891 χειν

2373 4911 2482 4982 ρῶν
2508 4911 2672 4975 κόπος
2702 4907 2813 4964 οἷον
2853 4912 2973 4965 ἀντὶ
3013 4911 3293 4982 μαστίγων
3326 4914 3438 4972 τοῖς
3469 4909 3775 4982 ἀνθρώποις
3803 4909 3955 4964 δέδο
3975 4942 3996 4953 ο

2379 5021 2486 5057 ται.

2446 5088 2547 5141 Διὰ
2572 5090 2747 5143 τοῦτο
2776 5091 3107 5159 ἐκράτησεν
3131 5091 3353 5156 αὐτοὺς
3386 5092 3423 5158 ὴ
3449 5093 3856 5160 ὑπερηφανία,
3895 5096 4001 5157 εἰς

2378 5180 2548 5244 τέλος.
2581 5180 2796 5254 Ἐπειδὴ
2829 5185 3045 5237 πάντων
3078 5184 3175 5254 μὲν
3206 5182 3537 5237 ἀπολαύουσι
3568 5185 3673 5236 τῶν
3704 5183 4002 5253 ἀγαθῶν,

2375 5273 2542 5326 κακοῦ
2570 5275 2626 5328 δὲ
2651 5275 2883 5341 οὐδενὸς,
2919 5275 3109 5329 τούτου
3155 5277 3313 5348 χάριν
3353 5274 3625 5348 περισσῶς
3658 5277 4004 5347 ἐπετήδευ-

2374 5380 2470 5416 σαν
2498 5364 2595 5435 τὴν
2629 5366 3040 5436 ὑπερηφανίαν·
3078 5365 3201 5434 ἥτις
3239 5366 3334 5420 καὶ
3369 5366 3585 5430 ἀδίκους
3616 5366 3711 5420 καὶ
3737 5368 4005 5436 ἀσεϐεῖς

703 5454 898 5517 αὐτοὺς
942 5451 1252 5517 ἀπετέλεσε,
1282 5449 1374 5504 καὶ
1416 5451 1507 5501 ἐπὶ
1559 5449 1830 5516 τοσοῦτον,
1880 5450 1954 5514 ὼς
2010 5450 2104 5503 καὶ
2165 5450 2261 5515 τὰς
2294 5453 2547 5520 ἀσεϐείας
2571 5456 2749 5510 αὐτῶν
2784 5459 2972 5529 παχεῖς
2995 5452 3130 5510 εἶναι
3163 5459 3256 5512 καὶ
3277 5457 3438 5512 οἱονεὶ
3462 5457 3774 5530 εὐτραφεῖς.

803 5542 848 5572 ⁷⁸
883 5541 1041 5596 Rom.
1073 5557 1147 5605 xl,
1188 5540 1276 5597 3'5.

777 5660 887 5729 (54)
928 5659 1047 5714 V01
1076 5658 1348 5729 οἰκονομία
1399 5673 1539 5731 serpe
1587 5673 1682 5726 pro
1727 5658 2098 5712 iltt'al‘llrlllt-lte
2147 5673 2243 5711 usu

2387 5662 2443 5717 it.
2483 5663 2764 5734 V’ulgatius
2788 5671 2967 5719 autem
3002 5664 3270 5736 signiﬁcat
3298 5672 3464 5720 totam
3520 5660 3721 5718 seriem
3779 5665 4012 5721 actio-

706 5747 834 5787 num
859 5731 1081 5786 Christi.
