4102 6312
168 319 262 374 529

228 433 563 496 Διήλθοσαν
587 433 672 496 εἰς
698 430 964 483 διάθεσιν
990 430 1253 498 καρδίας.
1303 431 1364 481 Ἢ
1407 431 1716 502 παράνομος
1747 437 1789 490 Α

166 523 440 592 εὓημερία,
467 525 651 592 φησιν,
679 522 790 586 ἕξιν
816 524 996 584 αὐτοῖς
1017 522 1255 591 πονηρὰν
1277 521 1564 591 εἰργάσατο
1590 521 1716 591 περὶ

163 616 253 684 τὴν
280 615 474 684 ψυχήν.
511 615 612 668 Καὶ
651 614 811 666 πόθεν
837 613 992 684 δῆλον
1019 614 1051 682 ἢ
1076 615 1137 666 ἐκ
1160 613 1251 665 τοῦ
1269 611 1588 667 διανοεῖσθαι
1618 613 1715 665 αὐ-

162 707 279 765 τοὺς
300 707 389 758 καὶ
416 706 595 758 λαλεῖν
625 707 880 776 πονηρίαν
906 722 920 769 ;

232 816 487 870 Ἀδικίαν
523 819 610 881 εἷς
637 816 700 870 τὸ
732 817 886 884 ὕψος
927 815 1254 884 ἐλάλησαν.
1310 817 1585 869 Ἐπίτασιν
1617 816 1715 886 τῆς

161 908 412 978 πονηρίας
445 908 622 960 αὖτῶν
652 908 917 977 σημαίνει,
953 907 1027 969 ὡς
1061 906 1245 958 λοιπὸν
1292 906 1384 957 καὶ
1434 906 1513 967 είς
1553 904 1712 956 αὑτὸν

159 1001 237 1052 τὸν
277 999 407 1051 Θεὸν
453 999 740 1070 ἀναφέρειν
785 997 880 1068 τὴν
925 997 1285 1068 βλασφημίαν.
1340 997 1576 1048 Ἕθεντο
1627 997 1713 1059 εἰς

158 1091 409 1159 civparo‘r
451 1091 518 1142 τὸ
566 1091 757 1158 στόμα
783 1088 995 1142 αὐτῶν.
1032 1089 1357 1158 Βλάσφημα,
1392 1087 1542 1158 φησὶ,
1581 1103 1709 1157 προ-

158 1182 341 1250 ἐφερον
373 1179 515 1232 κατὰ
546 1178 639 1231 τοῦ
682 1178 816 1231 θεοῦ
857 1180 1094 1248 ῥήματα,
1137 1178 1230 1229 καὶ
1269 1176 1440 1229 ταῦτα
1471 1176 1710 1228 ταπεινοὶ

156 1273 295 1333 ὄντες
333 1273 429 1324 καὶ
458 1272 554 1341 τὴν
583 1272 829 1339 γλῶσσαν
859 1272 948 1322 ἐπὶ
980 1270 1084 1338 γῆς
1104 1269 1334 1339 ἔχοντες.

216 1383 315 1435 Διὰ
331 1383 509 1436 τοῦτο
535 1380 879 1448 ἐπιστρέψει
904 1383 936 1434 ὁ
959 1385 1106 1446 ,λαός
1127 1399 1263 1449 μου.
1292 1381 1389 1434 Διὰ
1413 1381 1566 1434 τοῦτο
1593 1382 1709 1453 μέν·

153 1493 223 1528 τοι
255 1477 592 1546 ἐπαρθέντας
639 1474 833 1537 αὐτοὺς
874 1475 1298 1544 καταδληῦἧναι.
1336 1479 1353 1497 '
1395 1476 1452 1528 Ὀ
1492 1476 1548 1527 δὲ
1587 1475 1707 1539 νοῦς

153 1564 347 1628 οὕτως·
400 1567 783 1635 Ὠφέλειά’τις,
826 1566 975 1635 φησὶ,
1013 1567 1106 1617 καὶ
1138 1568 1436 1637 ἐπιστροφὴ
1479 1568 1556 1637 τῷ
1591 1567 1706 1637 ἐμῷ

153 1656 254 1726 λαῷ
281 1658 589 1727 γενήσεται,
624 1659 654 1728 ἡ
694 1657 892 1709 τούτων
929 1657 1185 1727 τιμωρία.
1233 1657 1564 1728 Ἑωρακότες
1602 1658 1704 1729 γὰρ

152 1740 249 1796 οἷον
292 1747 420 1808 τοὺς
450 1746 666 1809 ἀσεϐεῖς
703 1746 996 1812 διαδέξεται
1029 1746 1211 1809 τέλος,
1249 1748 1346 1800 οὐκ
1373 1749 1436 1802 ἄν
1467 1767 1591 1803 ποτε
1627 1751 1704 1810 εἰς

151 1833 293 1886 τοῦτο
326 1835 551 1897 ἔλθοιεν,
585 1837 785 1905 ὲφορᾷν
813 1836 879 1887 τά
909 1834 1219 1904 ἀνθρώπινα
1255 1837 1437 1904 σαφῶς
1467 1838 1701 1906 ἐγνωκό-

149 1942 228 1987 τες
257 1925 410 1977 Θεὸν.
438 1925 547 1978 Καὶ
571 1926 780 1994 ἡμέραι
803 1925 1049 1994 πλήρεις
1070 1928 1491 1995 εὑρεθήσονται
1514 1928 1581 1980 ἐν
1600 1931 1702 1981 αὺ-

149 2016 275 2080 τοῖς.
310 2017 498 2078 Ὅταν,
534 2018 686 2087 φησι,
718 2017 816 2087 τὴν
846 2017 1095 2086 τοιαύτην
1123 2020 1422 2088 κτήσωνται
1457 2018 1696 2088 γνώμην,

147 2106 254 2158 τότε
273 2106 336 2176 δὴ
359 2107 483 2159 τότε
519 2107 618 2176 τῆς
642 2107 785 2176 ζωῆς
814 2107 990 2160 αὐτῶν
1023 2107 1112 2158 τὸν
1147 2107 1332 2177 χρόνον
1363 2107 1541 2171 καλῶς
1573 2109 1700 2160 ἀναο

148 2196 517 2265 πληρώσουσι,
568 2196 705 2249 κατὰ
765 2195 824 2248 τὸ
879 2196 1163 2267 εἰρημένον
1214 2197 1327 2249 ὅτι·
1391 2199 1698 2267 Ἐκοιμήθη

145 2286 370 2352 πλήρης
394 2285 630 2354 ἡμερῶν
648 2303 662 2319 ο
691 2286 932 2340 τουτέστι
960 2288 1186 2358 πλήρεις
1218 2291 1271 2341 αἱ
1303 2289 1498 2362 ἡμέραι
1525 2291 1697 2344 αὐτῶν

145 2377 330 2439 παντὸς
367 2377 654 2444 γεγόνασιν
687 2378 909 2446 ἀγαθοῦ.

202 2489 303 2541 Καὶ
328 2486 529 2551 εἶπαν,
557 2489 681 2554 πῶς
707 2489 857 2560 ἔγνω
892 2495 923 2543 ό
953 2492 1130 2555 Θεός;
1162 2492 1218 2544 Ὀ
1259 2493 1354 2563 μὲν
1383 2493 1511 2562 ἐμὸς
1549 2493 1691 2558 λαὸς,

141 2579 290 2647 φησὶν
315 2619 329 2643 ,
358 2581 426 2631 ἐκ
463 2579 555 2633 τοῦ
587 2581 982 2651 καταϐληῡῆναι
1018 2584 1144 2646 τοὺς
1176 2583 1387 2647 ἀσεϐεῖς
1415 2584 1693 2654 ὠφεληθή-

141 2686 295 2722 σεται.
331 2673 394 2722 Οἱ
430 2671 485 2722 δὲ
514 2670 897 2741 προλεχοέντες
930 2675 1207 2737 δυσσεϐεῖς
1231 2675 1323 2727 καὶ
1346 2675 1491 2727 ἄθεοι
1523 2675 1692 2739 οὕτως

138 2758 378 2824 ἠσέϐουν,
411 2759 486 2821 ὡς
518 2759 808 2812 σκάνδαλον
836 2761 1087 2829 γενέσθαι
1128 2766 1233 2825 τοῖ,
1266 2764 1429 2835 ὁρῶσι
1457 2765 1546 2817 τὸν
1580 2765 1690 2834 βίον

137 2850 319 2910 αὐτῶν,
349 2850 445 2902 καὶ
466 2851 765 2920 ἀμηχανεῖν
794 2853 884 2905 καὶ
919 2853 1097 2921 λέγειν
1127 2871 1139 2884 ·
1173 2856 1234 2907 Ei
1284 2852 1392 2925 ἆρα
1428 2858 1594 2928 ἐφορᾷ
1626 2857 1691 2909 τὰ

137 2940 440 3010 ἀνθρώπινα
477 2944 505 2994 ὁ
545 2942 707 3007 Θεός;
736 2943 808 2996 Τὸ
854 2945 983 3013 γὰρ,
1021 2948 1150 3011 Πως
1193 2945 1345 3016 ἔγνω
1368 2988 1382 3010 ,
1413 2948 1530 3000 ἀντὶ
1571 2947 1686 3012 τοῦ,

137 3032 245 3093 Πῶς
277 3032 570 3100 γινώσκειν
614 3034 680 3086 τά
727 3035 846 3088 καθ’
877 3038 1020 3107 ἡμᾶς
1054 3038 1145 3089 καὶ
1185 3037 1401 3091 διοικεῖν
1450 3039 1684 3106 λέγεται,

136 3125 214 3175 καί
241 3126 357 3188 πῶς
385 3125 588 3194 γνῶσιν
613 3126 724 3195 ἔχει
752 3127 858 3179 τῶν
885 3127 1197 3196 ἡμετέρων;

202 3325 341 3379 Ἰδοὺ
368 3321 542 3381 οὗτοι
567 3325 897 3394 ἁμαρτωλοί
931 3326 1028 3378 καὶ
1065 3325 1458 3394 εὐθηνεῦντες
1475 3328 1557 3390 εἰς
1583 3327 1686 3378 τὸν

130 3415 296 3470 αἰῶνα
316 3416 625 3486 κατέσχον
658 3418 944 3470 πλούτου.
975 3418 1046 3470 Τὸ
1076 3418 1241 3470 αἴτιον
1269 3417 1362 3470 τοῦ
1391 3418 1682 3471 σκανδάλου

129 3508 518 3578 τῶν-δρώντων
566 3508 988 3578 εὐθηνουμένους
1033 3511 1157 3571 τοὺς
1194 3509 1407 3572 ἀσεϐεῖς
1458 3511 1684 3580 παρατί-

129 3596 278 3650 Θεται.
321 3598 502 3651 Τοῦτο
535 3598 591 3651 δέ
619 3600 732 3657 ἐστι
765 3599 823 3651 τὸ
859 3599 1178 3663 διαιωνίζειν
1207 3599 1398 3661 αὐτοὺς
1431 3600 1571 3652 κατὰ
1592 3600 1683 3654 τὸν

128 3693 352 3761 παρόντα
387 3691 508 3761 βίον
534 3694 598 3763 τῇ
636 3693 920 3765 εὐημερίᾳ.
948 3691 1054 3746 Καὶ
1075 3688 1243 3744 εἶπα·
1278 3684 1392 3757 ἆρα
1422 3693 1682 3760 ματαίως

123 3781 434 3838 ἐδικαίωσα
481 3783 593 3850 τὴν
631 3785 880 3853 καρδίαν
901 3802 1040 3853 μου.
1077 3781 1246 3852 Κάγὼ
1271 3823 1286 3847 ,
1317 3785 1480 3855 φησὶ,
1511 3784 1679 3836 ταῦτα

122 3871 263 3940 ὀρῶν,
299 3872 682 3943 ὲθορυὸούμην
711 3877 821 3936 τοῖς
854 3873 1148 3944 λογισμοῖς,
1184 3874 1302 3926 κατ⁹
1330 3875 1562 3945 ἐμαυτὸν
1597 3877 1679 3926 ὲν·

120 3961 274 4027 νοῶν,
313 3964 523 4034 μήπως
555 3963 660 4032 ἄρα
693 3965 720 4015 ὁ
754 3965 891 4033 ὑπὲρ
940 3963 1138 4033 ἀρετῆς
1184 3966 1342 4027 πόνος
1391 3964 1539 4018 ἔσται
1590 3983 1677 4035 μοι

121 4053 348 4122 μάταιος.
387 4051 503 4108 Ἤν
542 4054 598 4106 δὲ
638 4056 666 4107 ὁ
694 4056 850 4120 πόνος
881 4056 941 4109 τὸ
976 4056 1316 4126 δικαιοσύνην
1345 4057 1550 4120 ἀσκεῖν,
1586 4060 1677 4111 καὶ

119 4146 167 4195 τὸ
193 4146 523 4220 καθαρεύειν
576 4148 758 4200 ἀδίκου
807 4147 1091 4219 πράξεως,
1136 4152 1229 4204 καὶ
1274 4150 1335 4203 τὸ
1385 4149 1523 4219 ὑπὲρ
1567 4149 1674 4200 τῶν

119 4236 383 4306 προτέρων
414 4239 829 4308 ἁμαρτημάτων
863 4241 1051 4292 ἑαυτὸν
1086 4241 1364 4312 μαστίζειν
1396 4245 1460 4312 τῇ
1490 4241 1674 4311 ἐξομο-

116 4327 336 4398 λογήσει,
373 4330 472 4382 καὶ
507 4331 587 4391 εἰς
612 4329 768 4383 τοῦτο
788 4331 971 4404 ὥσπερ
998 4333 1062 4384 ἐκ
1091 4333 1274 4403 κοίτης
1310 4333 1672 4386 διανίστασοαι

116 4420 180 4481 εἰς
200 4420 256 4471 τὸ
285 4420 433 4490 ὑπὲρ
462 4419 572 4472 τῶν
602 4421 1006 4492 ἁμαρτημάτων
1035 4422 1237 4477 κακοῦν
1264 4423 1472 4476 ἑαυτόν.

173 4513 236 4563 Et
272 4512 521 4579 ἔλεγον·
561 4511 925 4581 Διηγήσομαι
959 4514 1176 4580 οὕτως·
1212 4514 1338 4567 ίδοὺ
1379 4513 1453 4582 τῇ
1501 4513 1673 4584 γενεᾷ

115 4601 239 4654 υἱῶν
269 4620 389 4658 σου
447 4602 852 4671 ὴσυνθέτηκα.
908 4605 1126 4672 Ταῦτα,
1192 4607 1377 4678 φησὶν,
1434 4608 1672 4662 ἐνενόουν

115 4695 214 4745 κατ’
244 4694 516 4764 ἐμαυτὸν,
547 4693 643 4756 ὡς,
676 4697 723 4747 εί
751 4693 969 4759 τούτους
993 4697 1117 4761 τοὺς
1144 4697 1557 4761 ὑπεισελθόντας
1584 4714 1670 4768 μοι

115 4783 386 4857 λογισμοὺς
441 4786 655 4858 ἑτέροις
702 4787 1010 4857 ἐπαγγείλω
1060 4782 1240 4860 (οὗτοι
1284 4793 1340 4845 δὲ
1385 4789 1525 4863 ἦσαν
1574 4793 1666 4844 τό·

113 4872 233 4945 Ἀρα
253 4879 533 4946 ματαίως
560 4877 875 4934 ἐδικαίωσα
900 4881 1012 4951 τὴν
1029 4883 1278 4952 καρδίαν
1289 4885 1450 4953 μου),
1472 4885 1669 4946 παντὸς

115 4970 392 5024 σκανδάλου
443 4970 638 5028 αὐτοῖς
678 4971 932 5042 γενοίμην
978 4975 1165 5038 αἴτιος.
1206 4975 1374 5028 Τοῦτο
1404 4975 1460 5027 δὲ
1503 4976 1669 5028 ποιῶν

114 5062 424 5130 παρέὸαινον
461 5059 577 5113 τῶν
614 5060 720 5114 σῶν
772 5064 903 5115 υίῶν
948 5064 1046 5128 τὰς
1093 5065 1392 5135 συνθήκας,
1429 5064 1537 5117 τῶν
1589 5067 1668 5118 δι-

114 5150 256 5204 καίων
293 5150 518 5224 ἀνδρῶν
556 5151 776 5223 δηλαδή.
811 5149 974 5208 Αὖται
999 5156 1052 5208 δὲ
1078 5152 1215 5226 ἦσαν
1253 5157 1360 5210 τῶν
1399 5156 1566 5223 ἁγίων
1610 5158 1667 5210 αἱ

114 5243 376 5312 συνθῆκαι.
400 5244 470 5315 τὸ
501 5242 580 5313 μὴ
605 5243 849 5314 ἀλλήλοις
878 5247 1168 5299 σκανδάλου
1201 5248 1370 5311 αἴτιος
1399 5246 1663 5316 γίνεσθαι.

169 5334 267 5387 Καί
303 5335 629 5388 ὑπέλαϐον
655 5335 758 5388 τοῦ
792 5335 1010 5404 γνῶναι
1060 5338 1252 5401 τοῦτο,
1276 5341 1463 5404 κόπος
1500 5339 1669 5392 ἐστίν

113 5422 342 5478 ἐνώπιόν
371 5441 528 5494 μου.
598 5423 967 5497 ’Υπονοήσας,
1008 5429 1173 5499 φησὶ,
1209 5427 1277 5481 τὰ
1318 5427 1459 5481 οὓτω
1501 5427 1666 5496 βαθέα

114 5511 287 5578 γνῶναι
329 5515 624 5588 κρίματα,
674 5517 730 5568 ὲν
764 5516 915 5586 κόπῳ
950 5518 1233 5573 ἐνέϐαλλον
1283 5518 1535 5590 ἐμαυτὸν,
1571 5518 1665 5573 ἅτε

187 5669 225 5700 ’⁸
256 5667 393 5726 Gen.
420 5685 561 5733 xxv,
587 5667 641 5722 8.

326 5762 609 5823 ΡΑτιυι..
649 5760 767 5822 Gn.
818 5763 1074 5827 XXVII.

1212 313 1575 371 EXPOSlTIO
1613 315 1678 369 IN
1719 314 2048 370 PSALMUM
2087 314 2292 371 LXXII.

3259 321 3365 375 ’550

1890 430 1942 483 7.
1981 429 2320 482 Transierunt
2342 429 2392 481 in
2413 429 2655 497 a/fcctum
2709 427 2900 482 cordis.
2936 427 3121 500 Iniqua
3168 429 3255 482 illa
3290 430 3369 484 fe-

1817 521 2012 583 licitas.
2050 522 2246 590 inquit,
2281 520 2479 573 malum
2510 520 2642 589 ipsis
2681 520 2920 573 habitum
2971 520 3024 573 in
3059 521 3235 573 anima
3272 535 3361 589 pe-

1815 611 1973 680 perit.
2019 609 2082 662 Et
2138 611 2404 664 undenam
2445 610 2493 662 id
2548 609 2893 664 manifestum
2941 610 3065 676 erit,
3098 609 3203 664 nisi
3250 612 3368 681 \uia

1815 701 2053 769 cogitant
2086 709 2139 753 et
2167 701 2457 770 loquuntur
2492 700 2871 768 iniquitatem?

1883 813 1935 874 8.
1961 814 2013 868 9.
2042 813 2382 884 Iniquitate»:
2413 815 2464 866 in
2503 813 2705 866 excelso
2738 814 2898 867 locuti
2931 822 3075 869 sunt.
3103 813 3367 884 Augmeu-

1815 913 1925 957 tum
1957 905 2261 973 iniquitatis
2290 919 2473 958 eorum
2517 904 2807 975 signiﬁcat,
2861 905 2933 958 ita
2982 913 3040 959 ut
3071 905 3153 959 vel
3182 906 3234 958 in
3289 906 3366 973 ip-

1813 1012 1931 1049 sum
1968 995 2135 1050 Deum
2163 997 2475 1066 blaspbema
2509 997 2649 1051 dicta
2677 996 2920 1066 proferre
2961 997 3215 1050 audeant.
3255 995 3362 1049 Po-

1812 1099 2025 1140 snernnt
2057 1089 2110 1139 in
2143 1087 2327 1139 cazlunt
2353 1104 2408 1140 os
2436 1104 2608 1152 suum,
2638 1096 2742 1140 etc.
2783 1085 3122 1154 Blaspbema,
3165 1086 3358 1155 inquit,

1811 1179 1971 1231 verba
2033 1178 2084 1230 iu
2137 1177 2304 1232 Deum
2341 1177 2699 1246 proferebant,
2757 1178 2878 1230 licet
2929 1177 3058 1231 viles
3101 1187 3281 1231 essent
3309 1187 3364 1231 et

1810 1271 2044 1340 linguam
2082 1272 2134 1323 in
2166 1281 2303 1324 terra
2330 1271 2608 1324 haberent.

1881 1377 1966 1431 10.
2007 1376 2131 1430 Ideo
2169 1387 2490 1431 convcrtetnr
2517 1381 2738 1449 populus
2774 1399 2914 1435 meus
2959 1383 3062 1435 hic.
3108 1382 3232 1435 Ideo
3263 1396 3358 1432 cos

1807 1469 2056 1536 superbia
2095 1469 2265 1521 elatos
2297 1469 2450 1538 dejici
2484 1472 2776 1541 continget.
2827 1471 3029 1527 Sensus
3062 1482 3241 1526 autem
3275 1472 3360 1525 hic

1806 1570 1922 1614 est:
1959 1559 2255 1613 Utilitatem
2285 1562 2571 1629 quamdam
2631 1573 2682 1616 et
2713 1565 3122 1619 conversionem
3160 1565 3358 1634 populo

1807 1666 1926 1702 meo
1957 1650 2144 1705 aﬂ‘erct
2170 1669 2356 1706 eorum
2384 1653 2728 1721 supplicium.
2767 1653 2901 1707 Cum
2938 1656 3169 1708 viderint
3215 1658 3359 1708 enim

1735 1766 1776 1819 Β
1805 1742 1894 1808 qui
1921 1742 2041 1796 linis
2070 1742 2299 1811 excipiet
2330 1743 2544 1811 impios,
2582 1759 2858 1811 nunquam
2912 1744 2977 1797 ad
3010 1745 3139 1813 quid
3181 1745 3356 1797 simile

1804 1834 2069 1900 agendum
2125 1835 2472 1898 accesserint,
2502 1836 2652 1904 gnari
2713 1837 2879 1889 Deum
2908 1835 3141 1889 bumaua
3175 1837 3356 1889 omnia

1803 1925 2134 1992 conspicere.
2167 1924 2229 1977 Et
2257 1925 2368 1978 dies
2426 1925 2569 1991 pleni
2601 1927 2930 1978 invenientur
2983 1927 3036 1978 in
3087 1926 3184 1979 eis.
3213 1925 3347 1979 Cum

1802 2016 1892 2068 tali
1914 2027 2092 2081 erunt,
2156 2018 2350 2086 inquit,
2386 2027 2561 2070 mente
2612 2018 2885 2082 instructi,
2923 2026 3052 2070 tunc
3087 2018 3206 2070 vitae
3243 2033 3354 2070 suae

1803 2116 2012 2176 tempus
2044 2110 2210 2178 probe
2246 2110 2560 2168 conﬁcient.
2585 2111 2736 2179 juxta
2776 2109 2906 2163 illud
2947 2110 3181 2163 dictum:
3218 2107 3352 2161 Dor-

1801 2201 1943 2254 mivit
1975 2202 2158 2269 plenus
2180 2202 2381 2255 dierum
2412 2204 2458 2232 ⁷³
2484 2220 2497 2267 ;
2525 2204 2577 2257 id
2616 2215 2721 2268 est,
2753 2217 2944 2258 omnes
2990 2217 3179 2256 eorum
3234 2201 3348 2255 dies

1799 2293 1949 2346 omni
1978 2293 2119 2347 bono
2147 2294 2289 2362 pleni
2313 2291 2484 2347 fuere.

1866 2503 1949 2557 11,
1988 2502 2056 2555 Et
2086 2504 2368 2558 dixerunt:
2423 2506 2691 2569 Quomodo
2738 2507 2836 2559 scit
2901 2505 3076 2561 Dens?
3115 2504 3349 2572 Populus

1794 2611 1967 2658 meus,
2003 2596 2198 2664 inquit,
2232 2613 2352 2650 cum
2386 2598 2576 2666 deject-i
2604 2607 2656 2652 et
2692 2599 2960 2652 deturbati
3017 2601 3217 2653 fuerint
3244 2599 3347 2651 im-

1794 2687 1886 2755 pii,
1908 2687 2028 2739 hinc
2043 2687 2324 2740 utilitatem
2345 2689 2586 2757 accipiet.
2609 2689 2688 2742 llli
2707 2698 2884 2742 autem
2916 2690 3212 2753 supradicti
3247 2690 3316 2741 im
3333 2720 3348 2729 -

1793 2779 1864 2848 pii
1895 2788 1945 2832 et
1979 2780 2119 2832 allici
2154 2789 2301 2833 tanta
2341 2781 2611 2849 impietate
2642 2779 2880 2844 fuerunt,
2927 2789 2985 2832 ut
3041 2780 3348 2833 videntibus

1791 2885 1977 2924 eorum
2013 2871 2175 2923 vitam
2204 2872 2526 2926 oﬂ‘endiculo
2554 2882 2754 2934 essent,
2792 2874 2862 2926 ita
2910 2883 2966 2926 ut
3006 2873 3059 2926 bi
3106 2873 3348 2927 dicerent

1790 2961 1932 3014 anxii
1964 2971 2014 3014 et
2038 2961 2221 3015 dubii:
2257 2960 2393 3016 Num
2426 2963 2566 3018 Deus
2618 2965 2838 3032 respicit
2884 2965 3153 3018 humana?
3212 2964 3343 3017 Illud

1789 3051 1954 3111 enim.
1988 3050 2255 3115 Quomodo
2290 3055 2410 3117 scit,
2446 3055 2624 3120 idest,
2649 3056 2758 3108 Cur
2782 3056 2979 3109 dicitur
3003 3071 3062 3108 ca
3095 3071 3215 3124 quae
3240 3072 3338 3108 uos

1788 3154 2028 3211 spectant
2060 3162 2386 3213 cognoscere
2440 3159 2490 3204 et
2530 3150 2938 3213 administrare,
2965 3157 3018 3203 et
3049 3163 3161 3218 quo
3187 3157 3344 3219 pacto

1787 3253 1963 3289 rerum
1995 3252 2301 3292 nostrarum
2332 3241 2612 3294 scientiam
2637 3242 2837 3296 habet?

1855 3347 1965 3400 12-1
1983 3349 2033 3401 4.
2082 3348 2210 3401 Ecce
2245 3349 2346 3416 ipsi
2372 3361 2666 3418 peccatores
2692 3362 2739 3404 et
2781 3351 3104 3404 abundantes
3155 3351 3208 3403 in
3241 3366 3341 3404 sa?-

1784 3433 1900 3485 culo
1924 3434 2259 3487 obtinuerunt
2292 3435 2528 3490 divitias.
2594 3436 2825 3493 Causam
2877 3437 3116 3492 declarat
3165 3436 3334 3489 often-

1783 3527 1945 3581 diculi
1990 3528 2287 3581 videntium
2342 3530 2540 3596 impios
2588 3531 2639 3582 in
2676 3531 3007 3583 abundantia
3049 3545 3188 3584 esse.
3224 3528 3338 3584 lloc

1783 3625 1958 3668 autem
1989 3615 2060 3671 ita
2095 3617 2309 3681 dicitur,
2358 3620 2484 3686 quia
2514 3620 2824 3672 diuturnam
2853 3621 2990 3674 hanc
3014 3621 3177 3673 vitam
3211 3637 3334 3674 cum

1782 3702 2032 3758 felicitate
2055 3705 2279 3760 ducunt.
2303 3706 2369 3759 Et
2394 3708 2548 3761 dixi:
2576 3707 2713 3778 Ergo
2735 3710 2845 3762 sine
2867 3724 3028 3762 causa
3047 3708 3336 3778 justiﬁcari

1780 3813 1868 3849 cor
1898 3814 2087 3862 meum,
2115 3807 2218 3851 etc.
2241 3796 2373 3867 Ego,
2401 3799 2598 3867 inquit,
2652 3801 2732 3854 bis
2765 3800 3094 3868 conspectis,
3156 3809 3334 3854 mente

1778 3890 2128 3958 perturbatus
2157 3907 2324 3954 cram,
2361 3908 2568 3946 mecum
2616 3903 2870 3960 reputans
2916 3908 2981 3945 ne
3012 3908 3107 3962 pro
3136 3894 3331 3945 virtute

1779 3992 2059 4048 susceptus
2082 3981 2230 4034 labor
2258 3983 2465 4035 inutilis
2483 3992 2628 4036 esset
2677 3984 2831 4036 mibi.
2865 3983 2991 4036 Erat
3037 3991 3216 4036 autem
3248 3982 3331 4035 la-

1777 4071 2229 4139 borbuiusmodi,
2268 4071 2538 4140 justitiam
2589 4089 2877 4139 exercere,
2930 4073 3080 4127 omni
3136 4072 3328 4140 iniquo

1775 4177 1936 4229 opere
1966 4177 2158 4231 purum
2198 4176 2337 4228 esse,
2369 4178 2468 4232 pro
2496 4165 2786 4233 praeteritis
2812 4165 3048 4234 peccatis
3080 4179 3198 4218 sese
3229 4164 3326 4215 ﬂa-

1775 4254 1975 4324 gellare
1999 4254 2049 4306 in
2074 4252 2438 4321 confessione,
2474 4265 2526 4310 et
2557 4257 2622 4309 ad
2654 4270 2772 4310 eam
2807 4270 2919 4309 rem
2949 4254 3084 4308 lecto
3110 4267 3330 4307 surrere

1776 4357 1954 4407 niaue,
2007 4342 2072 4396 ad
2123 4357 2240 4397 sese
2279 4344 2483 4414 peccati
2533 4360 2696 4399 causa
2744 4342 3155 4398 macerandum.

1849 4515 1930 4568 15.
1961 4513 2018 4568 Si
2047 4514 2280 4569 dicebam
2306 4533 2323 4569 :
2358 4517 2600 4570 Narrabo
2632 4518 2743 4580 sic;
2774 4526 3168 4571 ccccnatwnem
3194 4517 3328 4586 ﬁlio-

1775 4619 1891 4657 rum
1915 4613 2122 4657 tuorum
2160 4607 2444 4675 reprobavi.
2475 4607 2618 4675 ll:ec,
2672 4609 2867 4678 inquit,
2919 4621 3129 4662 mecum
3175 4606 3323 4674 cogi-

1773 4694 1974 4754 tabam,
2029 4693 2074 4748 si
2128 4710 2219 4749 eas
2273 4697 2631 4765 cogitationes
2695 4712 2780 4751 me
2837 4694 3150 4749 invadentes
3206 4695 3326 4747 aliis

1773 4784 2152 4839 renuntiavero
2202 4795 2390 4853 (erant
2440 4801 2615 4843 autem
2649 4789 2753 4842 illa:
2794 4805 2807 4842 :
2842 4786 2979 4857 Ergo
3036 4787 3147 4840 sine
3199 4803 3326 4838 cau-

1771 4888 1830 4924 sa
1864 4871 2249 4940 iustiﬁcavicor
2280 4881 2493 4949 meum),
2529 4879 2833 4934 oﬂendiculi
2857 4881 2990 4950 ipsis
3014 4895 3176 4935 causa
3205 4895 3318 4935 ero.

1772 4959 1883 5016 Hoc
1910 4973 2090 5018 autem
2152 4981 2317 5034 agens
2376 4979 2530 5038 pacta
2576 4971 2808 5025 ﬁliorum
2839 4980 3056 5025 tuorum
3097 4980 3320 5041 praeter-

1770 5069 1989 5122 gressus
2010 5072 2151 5120 sum,
2177 5057 2449 5125 justorum
2473 5060 2719 5116 videlicet
2745 5063 3004 5116 virorum.
3064 5059 3189 5116 Haec
3219 5078 3318 5115 au-

1771 5155 1873 5200 tem
1903 5158 2057 5203 erant
2080 5160 2234 5219 pacta
2266 5164 2600 5219 sanctorum,
2635 5165 2693 5210 ut
2733 5172 2838 5211 non
2874 5156 2974 5211 sibi
3001 5164 3189 5209 mutuo
3239 5157 3325 5210 of-

1769 5237 2020 5291 fendiculi
2049 5255 2212 5294 causa
2245 5253 2444 5298 essent.

1840 5331 1922 5385 16.
1961 5330 2346 5389 Existimabam
2373 5347 2430 5390 ut
2476 5355 2832 5411 cognoscerem
2883 5339 2999 5402 hoc,
3059 5338 3207 5391 labor
3243 5347 3318 5389 est

1766 5431 1889 5476 ante
1918 5439 2016 5477 me.
2055 5425 2188 5481 Cum
2219 5429 2610 5499 existimarem,
2664 5433 2863 5503 inquit,
2897 5442 3004 5485 tam
3055 5427 3316 5500 profunda

1764 5512 1965 5583 judicia
2017 5533 2104 5574 me
2162 5533 2513 5593 cognoscere,
2564 5524 2618 5578 in
2679 5525 2918 5580 laborem
2970 5537 3056 5577 me
3090 5521 3316 5592 conjeci,

2960 5783 3030 5844 11
