4102 6312
752 333 850 387 '55!

1584 329 1638 380 ὃ.
1682 327 2049 381 ATHANASII
2092 327 2241 380 OPP.
2288 325 2464 380 PARS
2507 325 2595 379 ΙΙΙ.
2636 355 2702 367 -—
2743 323 3152 379 EXEGETICA.
3874 327 3960 380 532

752 457 874 496 cum
917 455 980 496 ea
1013 441 1119 496 sint
1170 437 1439 509 profunda
1489 447 1542 492 et
1605 438 1996 491 inscrnlabilia.
2040 438 2304 492 Caeterum

2417 435 2616 505 βαθέων
2662 435 2828 486 ὄντων
2869 435 2959 486 καὶ
2994 434 3448 505 ἁνεξερευνὴτων.
3487 437 3630 506 Πλὴν
3667 436 3760 490 τὸν
3796 437 3961 492 δέοντα

751 543 1113 602 opportunum
1145 534 1279 586 mihi
1319 532 1383 590 ad
1409 547 1525 585 eam
1583 529 1944 600 cognitimiem
1972 543 2182 599 tempus
2218 545 2304 583 as—

752 624 989 694 signari:
1018 631 1098 679 est
1119 637 1297 679 autem
1351 623 1500 688 illud,
1531 633 1743 692 tempus
1790 622 1956 676 divini
1994 621 2304 684 tribunalis,

751 715 967 783 quando
991 716 1180 770 reddes
1233 716 1524 784 unicuique
1575 713 1872 768 secundum
1919 729 2081 778 opera
2117 714 2303 767 sua".

822 808 912 870 18,
945 806 1414 864 l9.Verumtamen
1435 816 1643 876 propter
1663 806 1809 858 dolos
1847 806 2068 874 posuisti
2096 805 2169 858 eis
2199 821 2308 856 ma—

752 901 825 962 lo,
847 909 948 954 etc.
977 898 1106 968 Ego,
1131 899 1324 967 inquit,
1342 906 1706 967 opportunum
1731 897 1865 950 mihi
1899 896 1964 949 ad
1997 907 2306 949 accuratam

753 1005 936 1044 carum
975 1006 1154 1044 rerum
1211 990 1576 1060 cognitionem
1633 989 1902 1058 assignavi
1949 985 2189 1040 futurum
2230 988 2304 1038 vi-

751 1083 946 1137 delicet
993 1094 1237 1152 tempus;
1273 1098 1336 1136 ac
1368 1081 1682 1151 prophetico
1717 1080 1911 1150 Spiritu
1967 1079 2144 1133 futura
2174 1095 2309 1148 prae-

753 1190 985 1230 noscens
1068 1175 1190 1229 dico
1267 1174 1486 1227 dolosos
1587 1186 1768 1226 mores
1864 1171 2306 1242 gravissimorum

755 1268 887 1338 ipsis
920 1266 1309 1335 suppliciorum
1338 1266 1390 1318 in
1440 1280 1602 1319 causa
1635 1263 1865 1318 futuros.
1907 1261 2024 1316 Erit
2075 1277 2309 1330 namque

753 1360 860 1414 illis
880 1357 1137 1413 exaltatio
1199 1359 1251 1410 in
1304 1358 1536 1410 ruinam.
1587 1356 1762 1426 Atque
1813 1354 1976 1423 hujus
2011 1354 2133 1406 vita:
2168 1353 2308 1406 divi-

754 1452 840 1506 tiae
872 1451 1092 1522 perinde
1145 1449 1252 1504 illis
1277 1449 1685 1519 judicalnmtnr,
1715 1459 1877 1516 atque
1913 1446 2308 1501 somniantium

751 1545 900 1607 visa,
943 1541 1126 1597 inania
1177 1550 1228 1596 et
1279 1541 1470 1596 umbra
1516 1543 1631 1611 ipsa
1674 1541 1994 1594 inlirmiora.

815 1634 904 1689 20.
947 1633 1010 1686 Et
1028 1634 1081 1686 in
1119 1634 1324 1686 civitate
1381 1643 1472 1686 tua
1523 1634 1803 1702 imaginem
1846 1630 2079 1701 ipsorum
2134 1630 2202 1682 ad
2230 1630 2312 1681 ni-

753 1727 919 1779 hilum
947 1725 1164 1794 rediges.
1193 1723 1399 1778 Civitas
1426 1723 1635 1782 Domini
1671 1738 1906 1793 superna
1963 1733 2046 1776 est
2099 1720 2312 1774 Jerusa-

747 1819 881 1882 lem,
920 1816 1198 1885 imaginem
1244 1815 1498 1883 ipsorum,
1549 1813 1602 1867 id
1653 1824 1756 1880 est,
1813 1814 2034 1868 terreni.
2077 1809 2200 1866 "me
2232 1823 2313 1866 est
2347 1795 2383 1848 Β

753 1924 932 1969 autem
962 1911 1251 1970 sententia.
1305 1907 1777 1976 Quandoquidem,
1810 1908 1908 1969 ait,
1943 1906 2142 1959 terreni
2174 1905 2311 1958 ima-

753 2008 932 2076 ginem
960 2014 1261 2076 gestarum,
1293 2010 1347 2057 et
1373 2017 1478 2055 non
1503 1997 1825 2062 caelestis",
1843 1998 1963 2051 ideo
1986 1996 2050 2049 ad
2082 1995 2312 2049 nihilum

757 2099 1082 2168 redigentur,
1102 2096 1324 2151 audient
1343 2095 1486 2149 enim
1510 2107 1575 2146 eo
1594 2103 1834 2160 tempore
1859 2107 1874 2144 :
1900 2088 2092 2142 Nescio
2119 2105 2207 2142 vos
2231 2087 2310 2150 '7;

756 2199 943 2260 utpote
974 2190 1066 2258 qui
1117 2203 1224 2242 non
1251 2195 1440 2256 gerant
1472 2183 1707 2238 caelestis
1741 2182 2050 2253 imaginem.

838 2361 1016 2415 2l-2L.
1073 2358 1211 2425 Quia
1238 2359 1627 2427 inﬂammatum
1655 2367 1730 2408 est
1776 2370 1864 2406 cor
1897 2369 2063 2406 meum
2087 2361 2134 2405 et
2170 2369 2314 2406 renes

759 2452 856 2502 mei
879 2449 1183 2502 commutati
1202 2456 1342 2509 sunt,
1369 2458 1415 2497 ct
1446 2462 1536 2513 ego
1556 2446 1622 2496 ad
1654 2444 1876 2496 nihilum
1910 2441 2150 2494 reductus
2177 2458 2314 2505 sum,

758 2551 802 2591 et
829 2541 1042 2603 nesciri,
1069 2548 1176 2593 etc.
1231 2536 1500 2601 Quoniam
1541 2534 1650 2588 zelo
1690 2534 1890 2586 zelatus
1925 2549 2040 2586 sum
2077 2550 2169 2601 pro
2203 2531 2314 2585 Do-

757 2632 900 2684 mino
933 2630 1002 2696 ⁷⁸,
1030 2630 1102 2684 ita
1131 2639 1187 2683 ut
1221 2643 1378 2684 renes
1419 2628 1522 2681 mei
1584 2628 1938 2696 implerentur
1980 2626 2095 2679 zelo
2150 2623 2310 2694 ignis,

757 2723 876 2776 ideo
899 2722 1091 2792 dignus
1138 2720 1351 2774 habitus
1402 2733 1523 2773 sum
1584 2718 1676 2787 qui
1709 2717 2069 2778 illuminarer,
2115 2723 2168 2766 et
2220 2727 2315 2765 co-

758 2829 1071 2885 gnoscerem
1099 2829 1218 2882 qua:
1252 2813 1306 2865 in
1363 2812 1580 2864 civitate
1638 2818 1726 2862 tua
1781 2817 2068 2876 geruntur,
2111 2813 2164 2858 et
2198 2818 2318 2873 qua:

757 2902 1046 2971 imaginem
1097 2901 1386 2969 impiorum
1441 2908 1708 2964 spectant.
1764 2894 1867 2950 Sed
1906 2906 2065 2950 antea
2129 2906 2185 2949 ut
2227 2894 2314 2964 ju—

761 3003 1001 3047 mentum
1030 2991 1291 3059 insipiens
1322 2990 1429 3042 vixi
1465 2990 1532 3052 ",
1572 3005 1694 3042 cum
1727 3004 1833 3042 non
1873 3002 2089 3057 possem
2120 2985 2318 3040 divinae

763 3083 1114 3155 providentia:
1141 3082 1378 3136 rationes
1434 3083 1718 3152 attingere.
1753 3083 2000 3134 Attamen
2039 3093 2144 3131 non
2198 3093 2227 3131 a
2267 3085 2317 3130 te

758 3176 901 3230 Dens
935 3190 1106 3238 meus,
1139 3174 1432 3229 derelictus
1458 3190 1577 3228 sum
1598 3215 1611 3239 ,
1647 3188 1821 3240 neque
1857 3171 2034 3226 excidi
2069 3185 2162 3239 spe
2189 3183 2315 3237 erga

762 3277 814 3322 te
845 3282 987 3330 mea,
1010 3267 1102 3321 sed
1126 3283 1325 3335 semper
1351 3275 1516 3319 tecum
1547 3281 1718 3319 eram.
1747 3267 1911 3334 quue
1944 3280 2049 3318 non
2072 3280 2187 3318 mea
2216 3265 2318 3316 vir-

763 3369 894 3423 tute,
931 3358 1024 3412 sed
1055 3372 1121 3411 ex
1155 3367 1245 3411 tua
1277 3357 1446 3426 gratia
1482 3356 1654 3411 eﬂeci.
1684 3356 1765 3410 Tu
1794 3357 1937 3409 enim
1977 3357 2090 3425 ipse
2120 3373 2184 3409 ex
2213 3356 2320 3409 cle-

764 3441 962 3497 mentia
993 3451 1083 3496 tua
1115 3457 1288 3495 meam
1333 3441 1609 3495 dexteram
1661 3443 2095 3512 apprehendens,
2143 3444 2318 3496 tenui—

761 3533 830 3588 sti
887 3548 954 3588 ne
987 3540 1307 3588 moveantur
1340 3534 1562 3601 vestigia
1597 3548 1737 3598 mea,
1788 3548 1964 3602 neque
2010 3532 2174 3601 pedes
2213 3533 2316 3588 mei

761 3632 970 3688 nutent,
1017 3637 1117 3679 nec
1157 3622 1392 3694 amplius
1430 3633 1608 3678 tecum
1653 3622 1954 3677 consistere
1979 3624 2207 3692 possint.

838 3774 930 3838 25,
969 3773 1062 3828 26.
1090 3772 1230 3838 Quid
1256 3775 1396 3826 enim
1441 3773 1569 3824 milii
1590 3781 1665 3824 est
1694 3773 1748 3825 in
1777 3773 1923 3837 caelo,
1973 3781 2022 3826 et
2045 3790 2076 3826 a
2106 3782 2153 3826 te
2195 3776 2318 3843 quia

761 3863 903 3917 uolui
949 3878 1105 3930 super
1161 3864 1406 3918 terram?
1436 3871 1540 3916 etc.
1599 3861 1890 3928 Quoniam,
1946 3863 2143 3933 inquit,
2187 3867 2319 3918 nihil

765 3953 894 4008 mihi
921 3955 974 4008 in
1009 3955 1150 4008 etelo
1178 3964 1260 4009 est
1291 3963 1484 4024 praster
1504 3964 1555 4009 te
1585 3955 1784 4018 solum,
1817 3955 1944 4010 hinc
1971 3971 2316 4025 consequen-

763 4053 846 4099 ter
870 4045 1014 4099 nolui
1042 4043 1316 4114 quidpiam
1346 4053 1678 4099 terrenorum
1719 4047 2321 4116 accipere,utpotequa2

767 4136 1134 4205 comiptibilia
1157 4137 1339 4190 omnia
1357 4137 1466 4189 sint
1491 4146 1546 4189 et
1570 4147 1934 4205 temporanea.
1957 4135 2133 4192 Unum
2148 4140 2321 4195 solum

769 4223 1023 4292 consequi
1054 4231 1200 4291 opto,
1219 4224 1377 4292 cujus
1395 4223 1663 4277 desiderio
1681 4225 2054 4296 memetipsum
2088 4244 2324 4284 macera-

768 4315 892 4368 bam
921 4313 975 4367 in
1028 4325 1205 4368 terra:
1235 4314 1367 4369 illud
1391 4324 1570 4369 autem
1600 4323 1705 4379 est,
1741 4325 1801 4370 ut
1843 4325 1900 4371 tu
1957 4319 2109 4374 solus
2141 4322 2318 4390 portio

769 4419 887 4458 mea
915 4420 1008 4459 SIS.

844 4491 936 4546 28.
969 4493 1109 4559 Quia
1131 4508 1243 4546 ecce
1270 4492 1622 4564 guielongant
1666 4508 1720 4548 se
1765 4502 1870 4547 ate
1908 4496 2170 4562 peribunt,
2211 4507 2314 4551 etc.

767 4583 888 4639 Tibi
929 4585 1147 4638 assidue
1187 4586 1589 4653 conjungimur,
1635 4600 1668 4638 ο
1728 4585 1974 4654 Domine,
2028 4589 2189 4659 idque
2227 4590 2317 4659 ju-

766 4690 825 4730 re
871 4689 936 4729 ac
1011 4675 1227 4740 merito,
1280 4675 1433 4745 gnari
1478 4675 1684 4731 scilicet
1748 4692 1846 4732 eos
1905 4671 2204 4746 qui'extra
2265 4691 2318 4735 te

764 4765 1069 4820 consistunt
1102 4765 1156 4818 in
1192 4765 1484 4834 perniciem
1520 4766 1691 4821 ituros
1723 4767 1776 4820 in
1827 4767 1954 4823 fine.
1987 4768 2090 4835 Qui
2139 4781 2316 4825 autem

767 4866 940 4910 tecum
968 4864 1095 4910 sunt
1125 4855 1321 4909 bonam
1358 4859 1662 4926 portionem
1713 4873 2136 4928 consequentur.
2173 4862 2318 4916 Con-

765 4947 934 5016 tinget
985 4948 1128 5001 enim
1178 4945 1283 5000 illis
1334 4946 1386 4999 in
1431 4945 1635 5002 caelesti
1679 4947 1976 5004 Jerusalem
2022 4954 2304 5020 pulchram

759 5043 1063 5111 portionem
1100 5040 1363 5096 obtinere.
1397 5039 1524 5096 Haec
1554 5051 1736 5097 autem
1789 5053 1896 5107 est,
1956 5054 2018 5100 ut
2058 5050 2168 5104 tuis
2228 5065 2321 5105 ca-

765 5132 956 5187 nendis
1004 5131 1221 5201 hymnis
1248 5147 1463 5201 semper
1506 5133 1864 5188 delectentur.

1076 5221 1130 5274 1.
1169 5219 1471 5275 Intellectus
1493 5225 1689 5293 Asaph.
1728 5223 2004 5282 LXXIII.

1345 5315 1741 5385 Argumentum.

765 5400 1221 5471 Supplicationem
1261 5403 1410 5458 hisce
1444 5405 1590 5458 canit
1613 5403 1900 5476 Propheta,
1932 5424 2156 5466 cernens
2193 5427 2320 5482 pos-

842 5495 1292 5552 tremamlsraelis
1306 5498 1670 5566 captivitatem
1692 5519 1703 5553 :
1731 5515 1798 5554 ne
1820 5515 2046 5570 prorsus
2062 5519 2154 5560 eos
2171 5522 2200 5560 a
2220 5522 2318 5562 sua

835 5586 1166 5652 protectione
1189 5587 1421 5655 rejiciat,
1444 5589 1536 5642 sed
1573 5589 1848 5659 relinquat
1889 5591 2024 5660 ipsis
2077 5595 2317 5667 aliquam

2407 530 2486 591 εἰς
2518 529 2614 596 τὴν
2644 527 2845 579 τούτων
2873 526 3072 592 γνῶσιν
3122 526 3455 596 πεπόρισμαι
3489 527 3710 597 ἐμαυτῷ
3749 529 3958 599 utpos-

2405 615 2555 681 οῦτος
2582 619 2636 670 δὲ
2668 613 2733 687 ἦν
2759 619 2788 669 ὁ
2814 617 2908 669 τοῦ
2937 616 3077 668 θείου
3107 617 3455 687 δικαστηρίου
3490 619 3702 691 καιρὸς,
3727 619 3818 671 ὅτε
3849 622 3963 674 ἀπο-

2405 709 2592 772 δώσεις
2623 709 2834 776 ἐκάστῳ
2855 706 2993 760 κατὰ
3015 707 3081 760 τὰ
3101 707 3235 777 ἔργα
3268 706 3452 760 αὑτοῦ.

2477 800 2649 867 Πλὴν
2688 800 2784 852 διὰ
2827 799 2932 864 τὰς
2973 798 3319 865 δολιότητας
3361 797 3556 852 αὐτῶν
3595 799 3736 852 ἔθου
3780 798 3963 864 αὐτοῖς

2407 892 2585 957 κακά,
2605 911 2658 946 κ.
2673 910 2720 945 τ.
2738 893 2787 947 λ.
2805 891 2943 959 Ἐγὼ
2959 890 3075 960 μὲν,
3091 891 3272 960 φησιν,
3291 889 3591 958 ἐπιτήδειον
3606 890 3707 959 τῆς
3720 889 3962 961 ἀκριϐοῦς

2409 985 2764 1054 περὶτούτων
2808 985 3057 1052 γνώσεως
3092 982 3289 1051 ἐθέμην
3333 981 3554 1052 ἐμαυτῷ
3595 982 3685 1033 τὸν
3722 982 3963 1050 μέλλοντα

2410 1079 2616 1148 καιρόν·
2649 1079 2816 1140 ὅπως,
2849 1077 2925 1146 τῷ
2957 1075 3274 1148 προφητικῷ
3297 1075 3564 1144 πνεύματι
3583 1075 3742 1142 γνοὺς
3773 1074 3840 1124 τὰ
3872 1073 3966 1124 ἐσό-

2412 1191 2565 1243 μενα,
2596 1172 2757 1242 φημὶ,
2785 1172 2857 1232 ὼς
2885 1170 3031 1222 αἰτία
3067 1168 3274 1238 πικρῶν
3308 1168 3578 1220 κολάσεων
3611 1167 3793 1228 αὐτοῖς
3820 1167 3854 1234 ἡ
3882 1164 3963 1216 τοῦ

2408 1265 2607 1334 τρόπου
2653 1262 2894 1332 δολιότης
2944 1261 3251 1331 γενήσεται.
3299 1260 3492 1311 Ἔσται
3535 1258 3642 1328 γάρ
3691 1257 3871 1311 αὐτῶν
3897 1258 3963 1319 είς

2410 1353 2613 1407 πτῶσιν
2641 1352 2703 1406 τὸ
2731 1351 2950 1421 ὕψωμα.
2973 1351 3082 1403 Καὶ
3097 1343 3249 1412 οὗτος
3279 1351 3307 1401 ὁ
3337 1346 3524 1419 παρὼν
3550 1349 3733 1410 αὐτοῖς
3767 1346 3967 1416 κριθείη

2411 1445 2640 1508 πλοῦτος
2668 1445 2852 1516 ὥσπερ
2894 1445 2957 1498 ἂν
2995 1444 3089 1497 καὶ
3133 1443 3238 1494 τῶν
3273 1440 3700 1511 ὀνειρωττόντων
3740 1441 3810 1491 τὰ
3846 1439 3969 1508 φάσ-

2413 1558 2556 1611 ματα
2589 1539 2933 1592 ἀνυπόστατα
2963 1540 3055 1590 καὶ
3087 1535 3264 1605 πάσης
3295 1535 3451 1596 σκιᾶς
3477 1533 3861 1602 ἀσθενέστερα.

2480 1630 2591 1684 Καὶ
2623 1630 2690 1682 ἐν
2719 1627 2791 1694 τῇ
2830 1630 3000 1681 πόλει
3033 1641 3147 1679 σου
3179 1625 3290 1691 τὴν
3336 1623 3540 1676 εὶκόνα
3584 1623 3784 1676 αὐτῶν
3813 1623 3970 1686 ἐξου-

2411 1722 2711 1787 δενώσεις.
2737 1719 2895 1783 Πόλις
2927 1720 3022 1789 μὲν
3051 1715 3142 1770 τοῦ
3169 1715 3374 1787 Κυρίου
3403 1717 3436 1785 ἡ
3470 1715 3580 1768 ἄνω
3609 1714 3970 1785 Ἰερουσαλὴμ,

2414 1812 2587 1866 δικὼν
2625 1811 2680 1863 δὲ
2726 1809 2922 1863 αὐτῶν
2953 1811 2985 1878 ἡ
3019 1808 3112 1860 τοῦ
3144 1805 3349 1876 χοϊκοῦ.
3391 1807 3454 1854 Ὃ
3483 1804 3538 1856 δὲ
3567 1803 3714 1871 λέγει
3746 1803 3971 1855 τοιοῦτόν

2415 1905 2558 1956 ἐστιν
2578 1918 2592 1933 ο
2637 1900 2853 1969 Ἐπειδὴ
2885 1899 2979 1968 τὴν
3006 1898 3099 1949 τοῦ
3129 1894 3313 1966 χοϊκοῦ
3335 1937 3348 1960 ,
3393 1896 3526 1964 φησὶ
3549 1936 3562 1960 ,
3605 1896 3971 1965 πεφορήκασιν

2415 1992 2631 2055 εἰκόνα,
2665 1991 2756 2043 καὶ
2796 1990 2857 2041 οὗ
2889 1988 2986 2058 τὴν
3029 1986 3122 2038 τοῦ
3165 1987 3502 2057 ἐπουρανίου,
3552 1986 3725 2057 ταύτῃ
3762 2002 3844 2036 τοι
3893 1984 3975 2036 καὶ

2413 2082 2952 2153 ἐξουδενωθήσονταιο
2990 2079 3307 2132 ἀκούσονται
3354 2076 3461 2146 γὰρ
3507 2078 3626 2128 κατ’
3665 2079 3842 2129 ἐκεῖνο
3866 2092 3974 2128 και-

2417 2174 2510 2246 ροῦ
2538 2192 2550 2203 ·
2585 2175 2704 2226 Οὐκ
2747 2169 2880 2225 οἶδα
2915 2170 3068 2240 ὑμᾶς
3093 2188 3105 2200 ·
3136 2171 3228 2224 ἅτε
3261 2168 3334 2240 μὴ
3361 2167 3652 2238 φοροῦντες
3685 2169 3782 2239 τὴν
3822 2166 3974 2221 αὑτοῦ

2413 2265 2506 2319 τοῦ
2536 2263 2858 2334 ἐπουρανίου
2888 2263 3090 2314 είκόνα.

2487 2358 2604 2408 Ὅτι
2626 2355 2916 2419 ἐξεκαύθη
2956 2353 2991 2419 ἡ
3029 2351 3238 2419 καρδία
3252 2368 3390 2419 μου,
3420 2351 3517 2404 καὶ
3546 2353 3600 2404 οἱ
3629 2352 3838 2419 νεφροί
3867 2368 3976 2419 μου

2415 2441 2853 2508 ἠλλοιώθησαν,
2887 2441 3044 2509 κάγὼ
3083 2438 3558 2508 ἑξουδενωμένος
3581 2479 3595 2502 ,
3643 2439 3738 2492 καί
3765 2440 3977 2506 οὐκέτ-

2413 2551 2550 2597 νων,
2573 2551 2622 2588 κ.
2638 2532 2748 2586 τ.λ.
2767 2532 2979 2601 Ἐπειδὴ
2992 2529 3183 2598 ζηλῶν
3200 2531 3461 2600 ἐζήλωκα
3480 2532 3558 2597 τῷ
3570 2534 3780 2601 Κιιοίῳ,
3799 2533 3874 2596 t'o;
3895 2532 3981 2585 καὶ

2413 2625 2511 2693 τὴν
2543 2624 2765 2694 καρδίαν
2794 2624 2886 2676 καὶ
2917 2624 3040 2685 τοὺς
3072 2624 3301 2694 νεφροὺς
3331 2625 3681 2694 πληρωθῆναι
3716 2625 3863 2693 ζήλῳ
3893 2641 3980 2674 πυο

2420 2714 2531 2784 ρος,
2564 2713 2750 2766 τούτου
2798 2713 2955 2784 χάριν
2982 2712 3218 2781 ἠξιώθην
3259 2715 3591 2783 φωτισθῆναι
3642 2717 3734 2767 καὶ
3785 2714 3979 2782 γνῶναι

2417 2804 2482 2857 τά
2508 2807 2635 2876 περὶ
2657 2806 2754 2875 τῆς
2783 2806 2878 2875 σῆς
2910 2804 3114 2866 πόλεως
3141 2806 3501 2874 πεποιημένα,
3524 2807 3616 2857 καὶ
3643 2807 3710 2860 τά
3733 2809 3865 2877 περὶ
3890 2807 3981 2872 τῆς

2418 2896 2621 2957 εἰκόνος
2661 2897 2768 2948 τῶν
2818 2896 3051 2950 ἀσεϐῶν.
3097 2896 3254 2948 Ἀλλὰ
3302 2895 3458 2966 δίκην
3515 2899 3741 2966 κτήνους
3791 2897 3982 2961 ἀλόγου

2417 2987 2688 3039 διετέλεσα
2719 2986 3000 3056 πρότερον,
3037 2987 3109 3057 μὴ
3132 2987 3425 3056 δυνάμενος
3453 2987 3728 3040 ἐπιϐαλεῖν
3751 2990 3863 3052 τοῖς
3892 2988 3983 3055 τῆς

2421 3077 2678 3146 Προνοίας
2727 3076 2924 3143 λόγοις.
2980 3078 3167 3146 Ὅμως
3212 3079 3310 3130 οὐκ
3353 3078 3697 3150 ἀπελιπόμην
3753 3080 3848 3132 σοῦ
3893 3079 3982 3136 τοῦ

2418 3166 2573 3229 Θεοῦ,
2603 3167 2721 3219 οὺδέ
2769 3166 3055 3231 ἐξέπιπτον
3105 3171 3202 3239 τῆς
3244 3169 3338 3221 ἐπὶ
3371 3169 3429 3222 σὲ
3461 3171 3668 3232 ἐλπίδος
3741 3175 3987 3242 συνήμην

2417 3260 2471 3312 δέ
2504 3278 2602 3313 σοι
2630 3260 2974 3324 διαπαντός.
3007 3263 3116 3315 Καὶ
3144 3263 3300 3314 τοῦτο
3326 3261 3589 3332 ἔπραττον
3622 3264 3720 3315 οὐκ
3759 3265 3820 3329 ἐξ
3853 3266 3986 3334 ἐμῆς

2417 3351 2694 3419 δυνάμεως
2719 3393 2734 3415 ,
2769 3351 2882 3403 ἀλλ’
2911 3355 2974 3404 ἐκ
3003 3353 3101 3416 τῆς
3136 3353 3234 3421 σῆς
3279 3355 3517 3424 χάριτος.
3553 3354 3623 3406 Σὺ
3666 3355 3771 3424 γάρ
3803 3355 3984 3418 αὐτὸς,

2418 3443 2483 3510 τῇ
2518 3441 2710 3492 σαυτοῦ
2746 3441 3120 3514 φιλανθρωπίᾳ
3158 3444 3258 3512 τῆς
3287 3446 3424 3516 ἐμῆς
3464 3444 3643 3510 δεξιᾶς
3669 3445 3991 3516 ἐπιλαθόμε-

2421 3546 2528 3590 νος,
2559 3532 2797 3599 συνεῖχες
2831 3531 2925 3583 καὶ
2955 3533 3301 3604 συνεκράτεις
3325 3535 3458 3605 πρὸς
3488 3536 3548 3586 τὸ
3585 3534 3658 3605 μὴ
3688 3535 3991 3605 διασεισθῆ-

2420 3621 2504 3671 ναί
2547 3638 2646 3690 μου
2679 3622 2742 3673 τά
2773 3621 3101 3694 διαδήματα,
3135 3626 3266 3695 μηδὲ
3297 3626 3421 3690 τοὺς
3452 3627 3617 3690 πόδας
3642 3645 3742 3697 μου
3765 3630 3991 3682 σαλεύε-

2423 3712 2544 3764 σθαι
2569 3713 2667 3781 τῆς
2694 3714 2843 3782 παρὰ
2871 3715 2953 3765 σοὶ
2983 3717 3244 3779 στάσεως.

2453 3801 2458 3806 ’
2495 3803 2557 3854 Τί
2586 3801 2694 3870 γάρ
2709 3822 2807 3872 μοι
2826 3805 3071 3874 ὑπάρχει
3087 3809 3154 3859 ἐν
3178 3808 3256 3875 τῷ
3273 3810 3523 3878 οὐρανῷ,
3556 3816 3652 3867 καί
3680 3817 3848 3883 παρὰ
3877 3816 3989 3869 σοῦ

2422 3893 2477 3944 τί
2491 3892 2761 3960 ἠθέλησα
2775 3895 2869 3948 ἐπὶ
2901 3895 3027 3965 γῆς,
3047 3916 3163 3952 κ.τ.
3179 3899 3229 3954 λ.
3263 3902 3460 3974 Επειδὴ
3483 3903 3632 3957 οὐδέν
3663 3923 3772 3976 μοι,
3805 3909 3991 3977 φησὶν,

2423 3986 2654 4056 ὑπάρχει
2687 3988 2742 4039 ἐν
2782 3987 2858 4057 τῷ
2889 3989 3117 4060 οὐρανῷ,
3149 3991 3287 4062 πλὴν
3316 3995 3409 4046 σοῦ
3453 3995 3635 4064 μόνου,
3675 3998 3994 4065 ἀναγκαίως

2421 4076 2539 4128 οὐδέ
2569 4094 2622 4129 τι
2647 4077 2754 4131 τῶν
2787 4081 2878 4132 ἐπὶ
2911 4080 3015 4149 γῆς
3054 4081 3292 4153 ἠθέλησα
3315 4084 3565 4150 δέξασθαι
3598 4087 3691 4140 ἅτε
3735 4090 3994 4162 φθαρτῶν

2422 4168 2588 4221 ὄντων
2631 4169 2880 4223 ἁπάντων
2909 4174 3000 4225 καὶ
3029 4175 3391 4247 προσκαίρων.
3436 4178 3581 4241 Ἐνὺς
3609 4180 3664 4232 δὲ
3704 4183 3872 4249 μόνου
3906 4182 3996 4252 ηὑ-

2424 4259 2594 4328 χόμην
2627 4263 2825 4330 τυχεῖν,
2854 4263 2946 4315 καὶ
2971 4265 3048 4334 τῷ
3071 4263 3258 4317 τούτου
3293 4265 3439 4335 πόθῳ
3468 4269 3803 4339 κατέτρυχον
3829 4273 3996 4341 ἐμαυ-

2422 4349 2512 4400 τὸν
2544 4350 2634 4401 ἐπὶ
2666 4349 2764 4418 τῆς
2790 4350 2921 4420 γῆς·
2957 4353 3110 4405 τοῦτο
3137 4354 3191 4406 δέ
3225 4355 3338 4406 ἐστι
3370 4355 3430 4408 τὸ
3455 4357 3509 4408 σὲ
3547 4357 3742 4428 μερίδα
3778 4377 3873 4428 μοι
3905 4362 3996 4412 καὶ

2354 4456 2396 4510 D
2430 4437 2592 4506 μόνην
2623 4438 2893 4506 γενέσθαι.

2507 4527 2648 4581 Ἰδοὺ
2675 4528 2762 4581 ὅτι
2788 4533 2841 4581 oi
2865 4533 3271 4599 μακρύνοντες
3294 4535 3542 4600 ἑαυτοὺς
3568 4536 3687 4590 ἀπὸ
3727 4538 3850 4591 σοῦ
3897 4539 4000 4590 ἀπ-

2425 4619 2721 4683 ολοῦνται,
2736 4637 2787 4672 κ.
2808 4638 2853 4672 ν.
2873 4621 2920 4677 λ.
2936 4623 3044 4692 Τῆς
3060 4623 3154 4691 σῆς
3169 4625 3484 4696 ἀντεχόμην,
3496 4621 3540 4679 ὦ
3553 4627 3820 4690 Δέσποτα,
3841 4646 4002 4682 συνα-

2428 4712 2603 4778 φείας,
2643 4712 2791 4781 φησί·
2822 4715 2912 4766 καὶ
2938 4714 3093 4767 τοῦτο
3118 4716 3282 4778 καλῶ,
3315 4717 3488 4781 εἰδὼς,
3518 4719 3592 4782 ὡς
3618 4718 3726 4773 τῶν
3759 4719 3870 4784 ἔξω
3906 4721 3999 4774 σοῦ

2425 4802 2793 4869 τυγχανόντων
2828 4803 3044 4875 ὄλεθρος
3072 4805 3220 4860 ἔσται
3257 4808 3316 4859 τὸ
3339 4810 3612 4880 πέρας.οἱ
3648 4810 3704 4862 δέ
3741 4813 4003 4875 συνόντες

2428 4889 2634 4957 ἀγαθὴν
2679 4888 2854 4954 ἕξουσι
2909 4893 3120 4962 μερίδα.
3160 4895 3500 4966 Συμϐήσεται
3533 4898 3641 4969 γὰρ
3678 4901 3874 4965 αὐτοῖς
3899 4943 3914 4962 ,
3945 4905 4002 4953 ἐν

2429 4978 2490 5045 τῇ
2546 4978 2845 5049 ἐπουρανίῳ
2888 4984 3194 5052 γενομένοις
3237 4986 3619 5058 Ἰερουσαλὴμ,
3673 4991 3773 5061 τὴν
3829 4993 4003 5065 καλὴν

2431 5065 2622 5135 μερίδα
2652 5069 3021 5141 κληρονομεῖν.
3050 5075 3193 5147 Αὕτη
3219 5077 3275 5134 δέ
3300 5079 3416 5130 ἐστι
3441 5081 3500 5133 τὸ
3523 5085 3633 5144 τοῖς
3662 5087 3778 5147 σοῖς
3809 5084 4005 5155 ὕμνοις

2430 5159 2694 5230 ἐντρυφᾷν
2727 5162 2833 5215 ἀεί,

2786 5251 3095 5321 Συνέσεως
3129 5257 3209 5321 τῷ
3251 5261 3454 5328 Ἀσάφ.
3499 5261 3627 5315 01".

3044 5347 3364 5414 Ὑπόθεσις.

2438 5429 2733 5502 Ίκετηρίαν
2774 5434 2830 5487 ἐν
2865 5434 3072 5500 τούτοις
3093 5439 3121 5489 ό
3154 5447 3435 5512 προφήτης
3462 5442 3595 5507 ἄδει,
3633 5444 3732 5515 τὴν
3769 5446 4013 5517 ἔσχατον

2495 5522 2636 5590 ὁρῶν
2658 5524 3028 5595 αἰχμαλωσίαν
3050 5529 3143 5584 τοῦ
3185 5532 3424 5603 Ἰσραήλ·
3455 5533 3600 5597 ὅπως
3623 5534 3690 5588 ἂν
3725 5538 3811 5608 μὴ
3844 5545 3932 5604 εἰς
3955 5544 4014 5593 τὸ

2499 5611 2753 5675 παντελὲς
2772 5615 2966 5679 αὐτοὺς
2989 5617 3142 5692 ἐξέλῃ
3168 5621 3266 5692 τῆς
3293 5622 3427 5692 πρὸς
3455 5623 3614 5676 αὑτὸν
3638 5627 3758 5680 οίκε
3771 5630 4013 5697 ιώσεως,

845 5715 900 5752 ³³³
941 5716 1093 5773 Rom.
1134 5736 1196 5785 ιι,
1228 5720 1280 5778 6.
1347 5721 1437 5776 ⁷⁸1
1470 5722 1590 5779 Cor.
1623 5741 1710 5792 xv,
1751 5725 1839 5782 49.
1915 5729 1958 5759 ⁷⁷
1998 5728 2186 5787 Matth.
2230 5751 2315 5790 χιιι

2417 5738 2488 5794 I0.
2563 5743 2607 5774 ⁷⁸
2637 5743 2701 5799 ΙΙΙ
2740 5746 2868 5816 Reg.
2903 5751 3113 5813 nxJO.
3192 5755 3236 5787 ⁷³
3271 5753 3574 5810 Psal.LnII
3627 5755 3720 5813 23.
