4086 6308
115 377 217 432 537

110 587 302 655 ἐρήμῳ
329 589 510 656 gms‘w,
537 590 623 641 ὅτε
660 591 873 644 ἐπότισε
916 592 1006 644 τὸν
1039 592 1162 644 λαὸν
1218 596 1279 647 ὲκ
1337 597 1558 663 πέτρας.
1593 597 1674 649 Σὺ

104 678 406 745 ἐξήρανας
456 684 757 750 ποταμοὺς
821 684 1014 753 Ὴθάμ.
1073 686 1248 757 Ἠθὲιμ
1315 688 1673 758 ἑρμηνεύεται

106 770 300 833 νότοςο
345 772 424 832 εἰς
453 772 600 825 νότον
662 774 768 845 γὰρ
819 775 918 845 τῆς
962 777 1222 830 Ἰουδαίων
1245 779 1424 850 χώρας
1481 782 1508 832 ὁ
1549 781 1674 848 Ἰορ-

101 865 267 927 δάνης
295 865 488 916 κεῖται.

177 954 220 1002 Σ
227 951 259 1016 ti
289 953 459 1005 ἐστιν
489 955 527 1022 ἡ
557 954 745 1023 ἡμέρα
770 958 864 1012 καὶ
886 958 968 1026 σὴ
995 960 1030 1026 ἡ
1062 959 1194 1023 νύξ.
1215 961 1286 1013 Οὐ
1323 959 1498 1030 μόνον,
1519 977 1670 1030 φησι,

102 1040 210 1092 τῶν
239 1044 297 1093 ὲν
349 1044 582 1115 Ἐρυθρᾷ
609 1045 851 1104 θαλάσση
875 1049 971 1102 καὶ
1003 1049 1110 1101 τῶν
1158 1052 1214 1101 ὲν
1239 1052 1303 1119 τῇ
1344 1050 1534 1120 ἐρήμῳ
1576 1049 1640 1118 γέ

100 1148 263 1195 γονας
315 1135 470 1203 ἡμῶν
519 1137 765 1206 χορηγός·
794 1138 929 1191 ἀλλά
977 1140 1067 1192 καὶ
1125 1139 1394 1209 σύμπαντι
1444 1140 1549 1192 τῶν
1579 1143 1670 1192 ἀν-

101 1220 128 1271 θ
139 1219 336 1291 ρώπων
364 1225 506 1292 γένει
540 1227 756 1294 ἀγαθῶν
780 1229 1069 1300 γεγένησαι
1089 1228 1364 1299 πρόξενος·
1386 1230 1540 1284 τοῦτο
1575 1232 1669 1300 μὲν

100 1316 314 1384 ἡμέραν
343 1317 435 1369 καὶ
468 1317 637 1372 νύκτα
665 1319 1095 1392 δημιουργήσας,
1133 1323 1286 1376 τοῦτο
1309 1325 1364 1376 δὲ
1394 1325 1544 1393 ἥλιον
1576 1326 1668 1377 καὶ

98 1410 349 1478 σελήνην,
384 1412 538 1464 τοῦτο
561 1413 617 1465 δὲ
650 1413 801 1484 Θέρος
822 1417 914 1468 καὶ
938 1415 1059 1486 ἔαρ,
1089 1417 1246 1470 τοῦτο
1270 1418 1325 1470 δὲ
1348 1419 1523 1488 πήξας
1545 1419 1667 1486 ὅρια

95 1502 153 1550 ὲν
179 1504 244 1570 τῇ
279 1504 368 1572 γῇ.
402 1503 584 1556 Ταῦτα
609 1506 664 1558 δὲ
687 1505 779 1558 νῦν
814 1524 942 1577 φησι
974 1510 1067 1561 καὶ
1097 1511 1177 1572 εὶς
1213 1509 1312 1580 τὴν
1335 1510 1428 1563 νῦν
1456 1513 1666 1563 ἐπικου-

96 1594 216 1660 ρίαν
245 1596 406 1649 αὑτὸν
436 1597 882 1668 ἐπικαλούμενος.
919 1602 1008 1653 Διό
1038 1620 1188 1674 φησι·
1221 1605 1501 1675 Μνήσθητι
1533 1605 1665 1657 ταύ-

91 1701 190 1753 της
222 1687 320 1756 τῆς
344 1686 570 1751 κτίσεώς
611 1707 723 1742 σου.
751 1692 811 1742 Εἰ
843 1691 926 1744 διὰ
958 1693 1082 1757 τοὺς
1135 1694 1471 1766 ἀνθρώπους,
1507 1699 1659 1769 φησὶ,

92 1774 186 1843 τὴν
214 1775 387 1828 κτίσιν
409 1778 692 1848 ἐποίησας,
753 1781 1033 1853 παράσχου
1097 1784 1193 1856 τὴν
1232 1788 1543 1858 ἐπικουρίαν
1594 1790 1660 1841 δι’

89 1865 180 1928 οὓς
211 1869 242 1936 ἠ
272 1867 444 1932 κτίσις
466 1869 700 1937 ἐγένετο.

155 1959 467 2028 Μνήσθητι
496 1964 735 2029 ταύτης,
770 1967 802 2018 ὀ
848 1964 1060 2032 ἐχθρὸς
1105 1967 1379 2022 ὠνείδισέ
1407 1987 1499 2035 σε,
1545 1972 1658 2025 Κύ-

87 2067 192 2112 ριε.
229 2052 724 2124 Ἐπικαλεσαμένου
764 2056 850 2108 διὰ
885 2058 980 2126 τῆς
1006 2059 1232 2124 κτίσεως
1260 2064 1336 2123 εἰς
1362 2057 1538 2115 οἶκτον
1563 2063 1656 2116 τοῦ

87 2140 211 2193 λαοῦ
249 2143 340 2194 τὸν
363 2143 517 2197 Θεόν⁶
550 2147 712 2199 πάλιν
741 2148 912 2219 ὲτέρῳ
938 2150 1124 2220 τρόπῳ
1161 2152 1321 2204 αὑτὸν
1354 2155 1434 2215 εἰς
1479 2149 1656 2208 οἶκτον

87 2231 440 2288 ἐπικαλεῖται.
483 2231 650 2300 Οὗτος
693 2237 751 2290 δέ
781 2240 928 2290 ἐστιν
979 2242 1006 2292 6
1034 2241 1232 2312 τρόπος
1264 2242 1324 2295 τὸ
1363 2245 1502 2314 μέγα
1531 2263 1655 2316 φρο-

85 2323 191 2372 νεῖν
245 2323 333 2376 τὸν
387 2324 600 2395 ἐχθρόν.
656 2327 766 2380 Καὶ
801 2327 950 2394 λαὸς
1002 2329 1204 2398 ἄφρων
1249 2331 1559 2400 παρώξυνε
1589 2335 1654 2387 τὸ

86 2412 265 2482 ὄνομά
293 2432 433 2470 σου.
463 2419 600 2488 Ὅρα
658 2419 817 2472 πάλιν
861 2422 1044 2490 ἕτερον
1099 2425 1382 2495 οἰκτιρμοῦ
1432 2428 1650 2497 τρόπον,

82 2501 164 2555 δ..³.ι
199 2505 252 2557 τὸ
280 2508 406 2569 τοὺς
429 2508 652 2577 ἐχθροὺς
687 2508 980 2581 παροξῦναι
1029 2512 1089 2565 τὸ
1109 2513 1274 2584 ὄνομα
1300 2516 1484 2569 αὑτοῦ.

149 2682 241 2753 Μὴ
273 2685 552 2752 παραδῷς
579 2687 700 2752 τοῖς
743 2687 964 2756 θηρίοις
1003 2689 1213 2759 ψυχὴν
1257 2692 1650 2765 ἐξομολογου-

85 2774 260 2842 μὲνην
287 2793 407 2830 σοι.
443 2779 784 2832 Ἐπανέτεινε
823 2781 912 2833 τὸν
939 2781 1138 2852 τρόπον
1179 2783 1288 2836 τῶν
1325 2787 1643 2857 οἰκτιρμῶν,

85 2863 238 2933 θηρία
266 2867 391 2929 τοὺς
425 2866 650 2939 ἐχθροὺς
679 2871 1040 2934 ἀποκαλέσας
1082 2873 1156 2937 ὼς
1201 2875 1421 2946 ἔχοντάς
1443 2897 1493 2932 τι
1522 2882 1646 2946 τοὺς

83 2959 460 3029 ἡμαρτηκότας
516 2962 839 3033 συγγνώμης
892 2965 978 3018 διὰ
1040 2967 1139 3036 τῆς
1189 2968 1639 3042 ὲξομολογήσεως.

83 3046 240 3098 Τοῦτο
299 3048 355 3100 δὲ
426 3047 642 3118 εὔχεται
709 3053 782 3122 μὴ
846 3056 1159 3126 ὁμοτρόπως
1211 3058 1504 3114 ἀπολέσθαι
1553 3062 1642 3116 τὸν

1146 387 1508 444 EXPOSITIO
1547 388 1610 442 IN
1653 386 1977 442 PSALMUM
2019 389 2247 442 LXXIV.

181 493 264 546 Σὺ
291 493 609 563 διέῥριιξας
628 499 819 567 πηγὰς
862 500 958 552 καὶ
1016 502 1385 570 χειμάῤῥους.
1416 505 1494 556 Τὰ
1527 507 1582 556 ὲν
1610 508 1672 574 τῇ
1709 513 1748 566 Α

3229 393 3332 448 338

1850 508 1935 560 15.
1965 507 2042 560 Tu
2075 507 2324 574 dirupisti
2349 507 2514 574 fontes
2545 516 2591 559 et
2631 517 2900 561 torrentes.
2960 507 3224 578 Loquitur
3255 513 3320 564 de

1776 598 1940 667 gestis
1979 599 2030 650 in
2073 598 2306 658 deserto,
2338 597 2553 665 quando
2607 599 2859 666 papulum
2903 615 2964 652 ex
2997 608 3145 667 petra
3175 610 3327 669 pota-

1775 690 1871 742 vit.
1901 687 1976 740 Tu
2001 689 2212 741 siccasti
2242 687 2428 755 ﬂuvios
2459 686 2669 741 Etltam.
2722 688 2910 742 Etham
2951 690 3330 759 interpretatur

1775 795 1987 844 auster;
2015 799 2140 836 nam
2167 783 2230 836 ad
2255 795 2498 837 austrum
2533 782 2840 838 Judzeorum
2871 785 3105 854 regionis
3145 783 3328 838 Jortla-

1773 878 1856 931 nis
1879 877 2014 931 situs
2050 887 2149 939 cst.

1845 967 1930 1028 16,
1962 967 2045 1020 17.
2083 966 2220 1019 Tuus
2254 975 2328 1019 est
2353 966 2462 1020 dies
2501 975 2548 1020 et
2583 977 2672 1018 tua
2716 974 2790 1020 est
2837 981 2959 1020 nox.
3007 963 3120 1018 Non
3149 968 3320 1020 solum

1772 1057 1968 1126 inquit,
2005 1059 2057 1111 in
2093 1059 2227 1112 mari
2254 1057 2439 1112 Rubro
2468 1067 2521 1112 et
2576 1058 2628 1110 in
2676 1058 2891 1112 deserto
2931 1058 3067 1112 bona
3103 1058 3321 1126 largitus

1772 1170 1830 1207 es
1871 1154 2061 1217 nobis;
2110 1153 2200 1208 sed
2247 1155 2408 1207 etiam
2461 1153 2555 1207 toti
2607 1151 2882 1205 hominum
2940 1152 3118 1222 generi
3183 1152 3320 1204 bona

1771 1244 1961 1298 tribuis
1990 1263 2002 1298 :
2044 1245 2156 1299 sive
2178 1244 2318 1299 diem
2351 1254 2512 1313 atque
2549 1250 2782 1307 noctem,
2831 1244 2944 1297 sive
2967 1242 3134 1297 solem
3172 1251 3224 1294 et
3248 1242 3322 1294 lu-

1769 1350 1892 1388 nam
1917 1336 2189 1402 condens;
2249 1336 2362 1391 sive
2410 1345 2672 1396 aestatem,
2709 1345 2761 1390 ct
2798 1349 3020 1387 vernum
3072 1342 3282 1402 tempus
3305 1376 3318 1397 ,

1767 1425 1878 1478 sive
1905 1427 2165 1481 terminos
2196 1427 2248 1480 in
2286 1437 2426 1481 terra
2449 1427 2803 1482 constituens.
2833 1423 2945 1479 lloc
2969 1435 3146 1478 autem
3179 1439 3320 1477 nunc

1767 1519 1927 1574 aitad
1961 1533 2196 1587 praesens
2220 1519 2480 1571 auxilium
2542 1534 2793 1574 evocans.
2827 1517 3004 1584 Quare
3034 1518 3108 1572 ait
3143 1539 3154 1572 :
3213 1515 3320 1568 Me-

1765 1628 1884 1665 mor
1903 1620 2021 1666 esto
2069 1611 2293 1680 hujusce
2336 1620 2595 1665 creatum
2622 1617 2746 1664 tute.
2797 1611 2852 1664 Si
2885 1621 3102 1680 propter
3144 1608 3316 1664 honu-

1765 1718 1879 1767 nes,
1906 1702 2103 1771 inquit,
2157 1709 2436 1756 creaturas
2474 1699 2785 1762 condidimi,
2835 1699 3009 1769 praebe
3054 1699 3314 1753 auxilium

1763 1795 1828 1850 iis
1858 1810 2088 1864 quorum
2123 1809 2288 1850 causa
2321 1802 2581 1849 creatura:
2607 1794 2834 1849 conditae
2864 1801 3008 1849 sunt.

1831 1974 1916 2030 18.
1954 1975 2153 2029 Mentor
2178 1985 2285 2028 esto
2306 1975 2483 2044 hujus,
2510 1977 2753 2029 inimicus
2794 1977 3159 2046 improperarit
3197 1977 3309 2041 tibi,

1755 2068 1997 2121 Domine.
2031 2064 2322 2135 Postquam
2385 2081 2479 2135 per
2510 2075 2770 2121 creaturae
2803 2075 3002 2120 statum
3058 2069 3122 2120 ad
3153 2069 3313 2122 mise-

1755 2159 2016 2213 rationem
2042 2158 2220 2227 populi
2261 2157 2424 2211 Deum
2455 2158 2718 2222 evocavit,
2749 2158 2856 2211 alio
2887 2174 3101 2212 rursum
3149 2160 3312 2212 modo

1753 2249 1818 2302 ad
1876 2249 2304 2303 misericordiam
2367 2257 2545 2302 vocat.
2589 2248 2686 2304 llic
2751 2260 2929 2304 autem
2988 2253 3181 2306 modus
3229 2265 3311 2307 est

1752 2341 1895 2410 quod
1923 2340 2173 2394 inimicus
2231 2340 2513 2411 magniﬁce
2564 2342 2779 2396 sentiat.
2817 2341 2882 2394 Et
2932 2344 3153 2410 populus
3179 2344 3309 2396 insi-

1749 2435 1895 2502 piens
1926 2433 2160 2486 incitavit
2215 2449 2398 2486 nomen
2462 2443 2629 2487 tuum.
2689 2431 2822 2487 Vide
2876 2449 3092 2488 rursum
3146 2436 3304 2488 aliam

1750 2521 2241 2576 eommiscrationis
2269 2523 2555 2586 rationem,
2593 2523 2722 2593 quia
2756 2523 2959 2580 scilicet
2987 2523 3189 2577 inimici
3221 2524 3306 2578 in-

1747 2610 1982 2664 citarunt
2009 2625 2202 2663 nomen
2236 2611 2374 2680 ejus.

1821 2700 1906 2754 i9.
1941 2699 2022 2754 Ne
2078 2700 2260 2753 tradas
2315 2701 2491 2755 bestiis
2538 2703 2769 2755 animam
2813 2703 3136 2772 conﬁtentem
3187 2704 3300 2756 tibi.

1747 2789 2002 2846 l-lxtendit
2056 2793 2552 2847 commiserationis
2609 2810 2853 2862 causam,
2905 2795 3153 2850 inimicos
3204 2812 3300 2849 vo-

1745 2897 1874 2938 cans
1897 2883 2118 2938 bestias.
2154 2883 2290 2949 Quia
2331 2886 2424 2954 qui
2457 2896 2750 2954 pecearuut
2781 2902 2876 2957 per
2902 2886 3298 2942 confessionem

1744 2976 1952 3030 veniam
1978 2985 2401 3045 consequuntur.
2428 2976 2601 3046 Rogat
2623 2987 2799 3032 autem
2830 2991 2886 3035 ut
2911 2986 2976 3034 hc
3000 2979 3113 3048 pari
3141 2981 3301 3032 modo

1742 3068 1918 3122 omnis
1955 3065 2116 3122 Israel
2142 3078 2342 3137 pereat,
2372 3070 2515 3138 quod
2545 3070 2707 3123 etiam
2736 3069 2935 3124 factum
2963 3081 3066 3125 est.
3123 3070 3299 3126 Multa:

93 3134 317 3206 Ἰσραὴλ,
344 3136 373 3188 ὃ
414 3138 626 3204 γέγονε.
677 3140 873 3193 Πολλαὶ
902 3146 1008 3214 γὰρ
1035 3148 1126 3197 καὶ
1162 3147 1269 3200 τῶν
1297 3153 1640 3220 σταυρωσάνο

93 3244 118 3256 .-
137 3243 177 3256 ι..
208 3228 459 3256 ...αηιῖρρ
486 3229 806 3256 :_:_-..-_..
861 3235 945 3256 --μὶ
989 3236 1078 3256 ι-.ι
1096 3235 1151 3256 IL,
1175 3254 1216 3256 _,

1752 3175 1975 3230 namque
2023 3160 2290 3230 myriades
2335 3175 2523 3213 eorum
2555 3161 2646 3229 qui
2701 3161 2976 3216 Christum
3014 3159 3298 3217 crucili'xe-

79 3243 177 3280 των
205 3228 459 3297 μυριάδες
485 3229 827 3295 ἐπίστευσαν,
861 3235 951 3286 καὶ
985 3235 1284 3304 ἐσώθησαν.

155 3319 516 3388 Ἑπίϐλεψον
541 3323 628 3388 εἱς
651 3323 766 3391 τὴν
788 3323 1080 3395 διαθήκην
1108 3343 1244 3382 σου.
1284 3331 1510 3402 Ἕτερος
1545 3332 1640 3386 πά-

81 3408 153 3460 λιν
176 3412 457 3482 οἰκτιρμοῦ
517 3414 734 3484 τρόπος·
765 3416 854 3483 ἀφ’
882 3410 955 3469 ὧν
1001 3418 1107 3489 γὰρ
1147 3421 1347 3487 ἀγαθὸς
1393 3424 1520 3494 περὶ
1545 3425 1640 3477 αὑ-

79 3504 192 3564 τοὺς
227 3504 444 3570 ἐγένετο
489 3504 800 3574 διαθέμενος
837 3507 1100 3579 διαθήκην
1130 3511 1332 3575 αὐτοῖς,
1364 3514 1473 3567 ἀπὸ
1518 3516 1639 3569 τού-

79 3607 172 3642 των
206 3592 544 3647 ἐπισπῶνται
590 3595 679 3648 τὸν
735 3596 900 3649 ἔλεον.
959 3599 1085 3652 Ὀτι
1117 3601 1552 3670 ἐπληρώθησαν
1582 3611 1636 3660 οὶ

78 3681 477 3752 ἐσιοτισμένοι
534 3685 643 3754 τῆς
691 3686 802 3756 τῆς
849 3688 1028 3742 οἴκων
1054 3691 1336 3761 ἀνομιῶν.
1377 3697 1442 3747 Ὃ
1486 3695 1634 3764 λέγει

79 3773 300 3828 τοιοῦτόν
353 3777 521 3830 ἐστιν·
567 3779 629 3832 Ei
684 3781 775 3833 καὶ
805 3780 1028 3852 πλήρεις
1083 3784 1303 3850 σκότους
1352 3788 1633 3856 γεγόνασιν

79 3860 199 3917 οἶκοι
231 3867 412 3920 πολλοὶ
433 3867 523 3920 διὰ
545 3869 642 3932 τὰς
669 3872 747 3933 εἰς
781 3872 858 3934 σὲ,
889 3873 1078 3944 Κύριε,
1115 3879 1482 3948 γεγενημένας
1504 3881 1632 3951 παρ’

81 3956 238 4008 αὐτῶν
270 3959 524 4027 ἀνομίαςο
561 3959 696 4013 ἀλλά
739 3961 812 4032 μὴ
861 3964 968 4026 πᾶς
1027 3967 1055 4017 6
1113 3965 1238 4029 λαὸς
1287 3969 1630 4044 ἀποστραφῇ,

83 4049 196 4117 μηδὲ
224 4051 458 4124 αἰσχύνῃ
484 4052 782 4124 παραδοθῇ.
815 4051 971 4125 Εἶχον
1009 4058 1114 4129 γάρ
1143 4075 1286 4124 τινες
1326 4065 1382 4115 ἐν
1422 4066 1631 4130 ἑαυτοῖς

1743 3258 1888 3311 runt,
1909 3260 2091 3318 postea
2122 3250 2467 3304 crediderunt
2487 3258 2539 3304 et
2563 3253 2788 3306 salutem
2820 3263 3122 3308 consecutae
3149 3268 3293 3309 sunt.

1805 3341 1895 3394 20.
1930 3340 2143 3410 Respice
2194 3342 2246 3393 in
2284 3350 2646 3395 testamentum
2691 3356 2857 3398 tuum.
2894 3345 3045 3402 Alius
3099 3348 3292 3402 iterum

1738 3429 2226 3484 cummiserationis
2273 3430 2470 3484 modus
2500 3431 2740 3496 aﬂerlur,
2775 3433 2921 3504 quod
2951 3437 3094 3491 enim
3154 3436 3294 3492 Deus

1739 3535 1864 3588 erga
1893 3520 2012 3576 illos
2067 3521 2245 3576 bonus
2286 3530 2338 3576 ct
2393 3523 2630 3577 clemens
2680 3524 2860 3590 fuerit,
2915 3534 3290 3583 testamentum

1737 3609 1872 3663 dans
1896 3610 2024 3672 illis,
2060 3610 2186 3663 hinc
2209 3601 2630 3666 misericordiam
2657 3615 2758 3668 sibi
2805 3619 3075 3675 attrahere
3095 3634 3293 3676 conan-

1735 3709 1842 3753 tur.
1878 3698 2018 3764 Quia
2045 3701 2227 3769 repleti
2282 3711 2404 3754 sunt
2430 3705 2520 3773 qui
2548 3697 2820 3758 'obscurati
2849 3718 2968 3760 sunt
3019 3717 3171 3764 teme
3197 3714 3291 3765 do-

1735 3793 1900 3847 mibus
1931 3793 2289 3862 iniquitatum.
2325 3793 2477 3861 Quod
2518 3796 2592 3851 ait
2616 3797 2881 3867 ejusmodi
2913 3808 3030 3854 est:
3067 3800 3288 3859 Etiamsi

1734 3884 1916 3939 multa:
1964 3885 2161 3941 domus
2186 3887 2256 3941 ob
2284 3887 2620 3957 iniquitatem
2655 3905 2782 3960 erga
2808 3899 2858 3946 te
2901 3891 3160 3961 ipsarum,
3212 3903 3292 3950 te-

1733 3976 1914 4031 nebris
1942 3977 2113 4046 plena:
2143 3977 2385 4033 fuerunt:
2446 3989 2501 4034 at
2535 3996 2718 4049 quzeso
2761 3997 2828 4036 ne
2855 3984 3032 4038 omnis
3059 3987 3288 4055 populus

1730 4067 2036 4137 abjiciatur,
2089 4078 2144 4123 et
2190 4069 2426 4124 infamia:
2475 4072 2739 4126 tradatur.
2779 4071 3097 4130 Habuerunt
3140 4079 3284 4132 enim

83 4143 333 4212 σωτηρίας
356 4142 568 4206 ἐλπίδα,
623 4145 672 4198 οἳ
713 4147 806 4198 καὶ
843 4147 930 4200 διὰ
957 4149 1064 4202 τῶν
1093 4153 1400 4207 ἀποστόλων
1424 4157 1630 4228 ἐσώθη-

1752 4157 1947 4226 luidam
1975 4157 2030 4211 in
2055 4159 2248 4228 seipsis
2274 4175 2424 4229 spem
2460 4162 2675 4227 salutis,
2710 4163 2804 4232 qui
2858 4164 3021 4218 etiam
3071 4179 3286 4236 aposto-

83 4246 179 4292 σαν,
212 4234 305 4285 καί
324 4233 558 4302 μάλιστα
590 4235 674 4288 διὰ
691 4237 894 4308 Πέτρου
916 4241 973 4291 ὲν
1003 4244 1119 4305 ταῖς
1143 4243 1629 4318 πρώταιςδημηγο-

1730 4245 1906 4300 lorum
1936 4261 2099 4317 opera
2153 4250 2382 4303 salutem
2432 4250 2577 4304 nacti
2623 4259 2750 4305 sunt
2805 4270 2818 4304 :

2881 4254 3120 4309 Inaxime
3160 4272 3285 4310 vero

84 4322 222 4387 ρίαις,
250 4324 327 4387 ὡς
357 4325 497 4377 κατά
529 4327 860 4396 τρισχιλίους
907 4330 1002 4383 καὶ
1034 4335 1500 4405 πεντακισχιλίους
1536 4340 1627 4392 καὶ

1752 4337 2001 4393 prioribus
2051 4337 2195 4393 Petri
2250 4341 2627 4407 concionibus,
2661 4342 2751 4396 ubi
2785 4343 2945 4398 modo
2988 4355 3069 4401 ter
3117 4347 3282 4412 mille,

83 4413 318 4482 μυριάδας
346 4417 544 4480 αὐτοὺς
567 4419 837 4484 γενέσθαι.

1726 4429 1889 4483 modo
1922 4430 2213 4500 quinquies
2242 4432 2406 4497 mille,
2431 4433 2592 4487 modo
2619 4433 2782 4486 etiam
2807 4435 3075 4506 myriades
3104 4453 3283 4494 acet-s-

1654 4531 1698 4585 1)
1723 4532 1842 4572 sere
1865 4520 1930 4573 ad
1969 4520 2148 4574 ﬁdem.

137 4586 404 4660 [Πτωχὸς
453 4593 548 4644 καὶ
596 4593 782 4662 πένης
817 4598 1127 4653 αἰνέσουσι
1158 4604 1222 4655 τὸ
1251 4604 1440 4674 6ιόμά
1482 4625 1620 4666 σου.

1796 4609 1918 4681 [21.
1975 4610 2184 4680 Pauper
2225 4623 2274 4667 et
2322 4616 2467 4682 inops
2521 4617 2813 4675 laudabunt
2863 4639 3048 4676 nomen
3110 4633 3279 4678 tuum.

81 4676 359 4745 Σκυθίντων,
428 4685 582 4753 φησι,
629 4684 737 4738 τῶν
779 4689 1048 4758 σωτηρίας
1103 4691 1287 4757 ἀξίων,
1336 4699 1364 4748 6
1415 4703 1624 4771 πτωχὸς

1752 4676 2040 4773 ’ostquam,
2100 4707 2295 4775 inquit,
2357 4709 2584 4764 salutem
2615 4715 2892 4769 consecuti
2937 4716 3180 4785 suntqui
3213 4732 3276 4769 ea

83 4767 342 4837 πνεύματι,
365 4772 644 4826 τουτέστιν
675 4774 703 4826 6
735 4773 838 4827 τῶν
890 4776 1201 4830 ἀποστόλων
1261 4783 1438 4854 χορὸς,
1482 4767 1620 4841 κατὰ

83 4859 119 4877 -ι
173 4865 216 4877 l-
311 4863 322 4876 ο
519 4868 531 4877 ⁸
764 4865 774 4877 ¹
863 4866 883 4877 δ
1061 4872 1070 4877 ’
1307 4876 1310 4877 ⁷

1760 4793 1868 4862 igni
1902 4803 2051 4859 sunt,
2111 4810 2316 4866 pauper
2371 4799 2593 4867 spiritu,
2642 4804 2851 4860 scilicet
2905 4808 3274 4877 apostolorum

81 4859 142 4919 τδ,
167 4863 445 4932 Μακάριοι
476 4868 531 4918 οὶ
558 4865 778 4933 πτωχοὶ
815 4866 911 4933 τῷ·
925 4872 1232 4940 πνεύματι,
1255 4876 1351 4939 τάς
1376 4894 1454 4931 σοι
1491 4897 1621 4950 πρε-

1752 4859 1953 4950 herus,
1994 4859 2292 4941 secundum
2318 4859 2471 4956 illud,
2523 4859 2679 4947 Beati
2723 4859 3274 4967 paupere§spivrituw°£

84 4952 252 5017 πούσσς
279 4956 665 5026 ἀντιπέμπουσι
687 4958 1034 5034 δοξολογίας.]

1752 4985 2074 5042 ongruentes
2104 4979 2198 5033 tibi
2227 4979 2414 5036 laudes
2435 4952 2679 5056 elnittit.]

143 5046 402 5110 Ἀνάστα,
442 5053 474 5103 ό
502 5050 666 5116 Θεὸς,
698 5051 951 5107 δίκασον
982 5056 1096 5124 τὴν
1147 5058 1324 5128 δίκην
1360 5078 1494 5116 σου.
1527 5064 1619 5129 Εἰς

1784 5063 1872 5118 22.
1920 5063 2178 5139 Exsurge,
2234 5068 2397 5138 Deus,
2455 5046 2912 5142 judica‘causam
2953 5090 3117 5136 tuam.
3161 5081 3274 5140 llac

83 5139 157 5204 τήν
183 5139 281 5191 τῶν
308 5141 710 5211 ἀπατησάντων
737 5146 828 5198 τὸν
875 5147 1000 5200 λαὸν
1042 5152 1309 5220 τιμωρίαν
1365 5155 1616 5209 ἱκετεύων

86 5222 100 5241 ρ
178 5225 188 5241 .
407 5229 419 5241 .
483 5229 518 5241 Α
566 5231 576 5241 .
657 5235 708 5241 --
765 5233 775 5241 .
841 5237 857 5241 Α
1060 5238 1074 5241 -
1253 5240 1258 5241 ,

1752 5157 2108 5225 upplicatione
2161 5161 2328 5216 Deum
2369 5139 2571 5220 excitat
2617 5169 2682 5223 ad
2736 5171 3060 5241 supplicium
3106 5174 3172 5229 de
3203 5139 3270 5230 iis

83 5222 340 5297 διανίστησι
371 5229 462 5282 τὸν
480 5229 630 5283 Θεὸν.
649 5233 954 5302 Μνήσθητι
980 5238 1086 5291 τοῦ
1112 5240 1451 5310 ὀνειδισμοῦ
1477 5263 1608 5301 σου.

1752 5247 2033 5301 umendum
2063 5251 2155 5319 qui
2221 5255 2477 5323 populum
2527 5257 2875 5329 deceperunt.
2931 5262 3132 5319 Memor
3160 5281 3268 5322 esto

85 5314 217 5370 Πάλιν
245 5318 330 5371 διὰ
369 5319 464 5372 τοῦ
501 5321 663 5373 αὑτὸν
697 5323 1042 5389 ὀνειδίζεσθαι
1085 5332 1164 5394 εἰς
1212 5326 1388 5386 οἶκτον
1421 5341 1613 5390 ἐπικα-

85 5401 192 5426 1-!_,,
268 5410 281 5426 ι
366 5409 408 5426 Λ
453 5412 467 5426 ι

1754 5341 2014 5407 nproperii
2067 5342 2162 5395 tui.
2228 5341 2462 5400 Rursum
2517 5314 2674 5418 quia.
2721 5351 2837 5422 ipse
2876 5356 3268 5426 improperatus

83 5401 218 5459 λεῖται
237 5410 323 5462 τὴν
365 5409 522 5465 Θεόν.

1752 5431 1814 5482 iit
1842 5431 1906 5484 ad
1942 5433 2366 5490 misericordiam
2403 5436 2568 5493 Deum
2599 5452 2775 5497 vocat.

85 5491 164 5557 εἰς
217 5497 276 5551 τὸ
345 5495 559 5567 τέλος,
631 5505 718 5572 μὴ
787 5505 1164 5578 διαφθείρῃς,
1248 5513 1325 5579 τῷ
1409 5518 1608 5588 Ἀσάφ.

1752 5519 1864 5573 ,1η
1916 5523 2094 5590 ﬁnem,
2148 5542 2208 5579 ne
2280 5491 3011 5598 corrumpam-VEéZlLMUS
3067 5541 3263 5610 Asaph.

575 5597 897 5654 ΨΑΛΜΟΣ.
952 5605 1070 5654 ΟΝ.

2354 5597 2540 5676 LXXI
2559 5624 2616 5679 ν.

665 5685 980 5756 Ύπόθεσις.

2277 5713 2670 5783 Argumentum.

109 5763 159 5816 Εν
188 5772 338 5830 τούτω
379 5776 437 5828 τὸ
465 5778 754 5849 πρόσωπον
803 5780 905 5833 τῶν
940 5783 1244 5841 ἀποστόλων
1277 5791 1605 5862 εἰσφέρεται,

1752 5814 1765 5851 ι
1825 5797 1926 5854 hoc
1969 5801 2179 5869 psalmo
2229 5821 2456 5874 persona
2527 5812 2896 5878 apostolorum
2953 5815 3256 5883 inducitur,
