4102 6312
782 356 886 412 359

851 576 913 615 ac
945 571 1338 631 reprzesentans
1374 564 1503 617 iusis
1555 565 1879 620 horrendum
1938 570 2067 623 illud
2099 585 2161 625 ac
2190 572 2328 625 divi-

847 668 976 707 num
1006 654 1257 707 tribunal.

848 741 901 804 2,
938 744 989 799 ὅ.
1016 742 1390 811 Conﬁtebimur
1414 746 1531 812 tibi,
1567 744 1703 799 Deus
1727 786 1742 801 .
1778 789 1791 802 .
1830 788 1842 801 .
1881 748 2127 805 Narrabo
2158 756 2331 808 omnia

776 836 1043 888 mirabilia
1075 847 1184 890 tua.
1218 839 1312 891 Dei
1364 838 1631 891 mirabilia
1661 851 2039 895 enartaturum
2085 860 2143 897 se
2178 846 2333 913 polli-

777 936 928 979 cetur
954 930 1283 996 apostolicus
1308 930 1503 984 chorus
1527 946 1555 983 a
1585 935 2029 999 persequentibus
2054 936 2329 991 liberatus.

778 1014 888 1085 Ego
912 1020 1151 1084 justitias
1173 1020 1443 1087 judicabo.
1478 1020 1602 1077 Haec
1627 1024 1702 1077 ait
1729 1024 1973 1081 Salvator
2002 1031 2331 1099 respondens

773 1120 959 1159 eorum
983 1110 1347 1175 promissioni.

844 1292 894 1345 4.
928 1290 1231 1362 Liquefacta
1276 1308 1348 1350 est
1386 1308 1525 1351 terra
1567 1309 1613 1352 et
1661 1317 1833 1353 omnes
1869 1305 1955 1371 qui
1997 1304 2231 1358 habitant
2278 1308 2328 1360 in

772 1400 853 1437 ea.
887 1385 1183 1454 Cumjusta
1205 1390 1498 1457 iudicares,
1532 1392 1723 1460 inquit,
1756 1394 2075 1462 liquefcc'sti
2109 1408 2327 1463 terram,

774 1477 1016 1531 videlicet
1046 1478 1433 1551 Jerosolymam
1454 1524 1467 1546 ,
1503 1494 1549 1536 et
1586 1500 1758 1538 omnes
1784 1488 1871 1554 qui
1895 1487 2132 1540 habitant
2162 1490 2213 1540 in
2246 1506 2326 1544 ea.

773 1565 957 1621 Potest
981 1578 1157 1622 autem
1194 1571 1319 1623 illud
1368 1571 1568 1641 duplici
1601 1575 1761 1627 modo
1804 1576 2047 1645 intelligi,
2083 1588 2241 1645 atque
2276 1581 2326 1631 iu

776 1658 972 1711 bonam
1021 1669 1250 1727 partem,
1284 1662 1489 1716 scilicet
1536 1663 1818 1732 liquefacta
1852 1676 1948 1729 est,
1995 1668 2043 1720 id
2079 1678 2181 1731 est,
2215 1686 2331 1722 ma-

774 1751 901 1807 litite
928 1754 1280 1819 condonavit;
1317 1763 1370 1808 et
1414 1756 1467 1808 in
1501 1759 1719 1824 malam,
1752 1767 1810 1811 ut
1855 1760 2088 1814 declaret
2127 1762 2329 1831 suppli-

1621 358 1677 415 S.
1722 360 2088 417 ATHANASII
2128 364 2277 419 OPP.
2319 365 2497 420 PARS
2535 366 2622 420 111.
2665 396 2734 405 —-
2772 365 3184 420 EXEGETICA.

850 472 1143 526 cohortans
1162 469 1409 525 homines
1459 482 1515 525 ut
1562 474 1854 543 impietatis
1886 480 2044 532 tinem
2103 479 2322 543 faciant,
2355 487 2400 542 Α

3899 363 3993 417 340

2501 482 2795 551 παραινοῦν
2816 484 2941 544 τοὺς
2962 480 3276 551 ἀνθρώπους
3298 481 3392 549 τῆς
3415 480 3668 539 ἀσεϐείας
3702 477 3992 532 παύεσθαι.

2503 570 2883 639 ὑποτιθέμενον
2917 572 3097 632 αὑτοῖς
3130 571 3188 621 το
3229 568 3452 639 φοϐερὸν
3505 570 3681 620 ἐκεῖνο
3712 567 3810 618 καί
3864 568 3995 619 θεῖον

2499 665 2859 735 δικαστήριον.

2510 752 3091 823 Έξομολογηῃσόμεθά
3114 766 3232 815 σοι,
3274 755 3306 804 ό
3361 752 3522 816 Θεός.
3554 792 3567 804 .
3609 790 3621 802 .
3658 790 3672 803 .
3703 751 4000 827 dam-iicre-

2425 864 2527 915 μαι
2564 846 2756 897 πάντα
2794 847 2863 897 τὰ
2903 844 3200 913 θαυμάσια
3236 860 3369 897 σου.
3404 840 3711 910 Διηγεῖσθαι
3743 841 3838 892 τοῦ
3868 842 3997 893 Θεοῦ

2432 938 2498 989 τὰ
2543 937 2815 1007 θαυμάσια
2850 938 3189 1004 ὑπισχνεῖται
3222 935 3249 984 ὁ
3283 933 3630 995 ἀποστολικὸς
3681 934 3862 1004 χορὸς,
3898 934 3997 984 τῶν

2430 1027 2729 1079 διωκόντων
2778 1026 3127 1093 ἀπαλλαγείς.
3197 1025 3342 1092 Ἐγὼ
3405 1026 3727 1089 εὐθύτητος
3799 1023 3994 1092 κρινῶ.

2432 1118 2611 1170 Ταῦτα
2662 1120 2689 1169 ὁ
2740 1118 2928 1189 Σωτήρ
2971 1135 3133 1188 φησιν
3185 1116 3471 1169 ὑπακούων
3522 1117 3698 1170 αὑτῶν
3757 1121 3824 1186 τῇ
3872 1120 3997 1170 ὑπο⁹

2434 1212 2630 1280 σχέσει.

2514 1301 2716 1369 Ἐτάκη
2753 1303 2789 1368 ή
2822 1301 2893 1369 γῆ
2931 1302 3025 1354 καὶ
3054 1301 3273 1366 πάντες
3302 1304 3354 1354 οι
3383 1301 3688 1365 οἰκοῦντες
3714 1302 3789 1353 ἐν
3821 1298 3997 1369 αὐτῇ.

2430 1393 2640 1453 Δίκαια,
2680 1394 2828 1462 φησι,
2872 1394 3070 1463 κρίνων
3126 1392 3425 1462 κατέτηξας
3464 1392 3557 1462 τὴν
3612 1393 3735 1461 γῆν,
3798 1393 4000 1461 δηλαδὴ

2428 1484 2524 1552 τὴν
2569 1483 2937 1555 Ἰερουσαλὴμ,
2972 1484 3065 1535 καὶ
3098 1484 3329 1547 πάντας
3370 1484 3508 1547 τοὺς
3545 1484 3615 1535 ἐν
3661 1483 3821 1550 αὐτῇ
3866 1500 4001 1535 κατ-

2429 1574 2763 1637 οικοῦντας.
2813 1573 3041 1626 Δύναται
3109 1573 3163 1625 δὲ
3202 1574 3358 1625 τοῦτο
3380 1572 3571 1635 διττῶς
3624 1574 3869 1626 νοεῖσθαι
3910 1573 4001 1625 καὶ

2428 1664 2520 1716 ἐπὶ
2548 1663 2771 1729 ἀγαθοῦ,
2826 1664 2906 1724 το,
2965 1662 3164 1728 ἐτάκη,
3208 1664 3326 1716 ἀντὶ
3384 1662 3498 1724 τοῦ,
3546 1665 3889 1717 ὑπενδέδωκε
3939 1666 3999 1731 τῇ

2430 1755 2680 1825 πονηρία·
2712 1756 2801 1807 καὶ
2849 1756 2940 1807 ἐπὶ
2974 1756 3173 1817 κακοῦ,
3226 1757 3311 1807 ἵνα
3344 1756 3555 1827 δηλώσῃ
3588 1758 3689 1826 τὴν
3729 1756 4001 1825 τιμωρίαν

773 1842 915 1894 cium
962 1842 1029 1896 de
1085 1843 1150 1897 iis
1200 1854 1492 1911 sumptum.
1548 1844 1657 1915 Ego
1704 1850 2006 1917 conﬁrmavi
2058 1852 2325 1905 columnas

2426 1845 2521 1915 τὴν
2549 1845 2843 1915 γενομένην
2870 1846 2988 1897 κατ’
3035 1846 3229 1898 αὑτῶν.
3285 1846 3430 1915 Ἐγὼ
3479 1848 3819 1914 ἑστερέωσα
3863 1851 4003 1912 τοὺς

772 1931 904 1997 ejus.
956 1931 1237 1986 Columnae
1288 1934 1584 1990 Jerusalem
1636 1948 1764 1991 sunt
1828 1941 1998 1993 sancti
2060 1943 2321 2011 apostoli,

770 2020 922 2088 juxta
958 2020 1007 2075 id
1045 2024 1186 2091 quod
1227 2025 1427 2079 dictum
1468 2035 1549 2080 est
1582 2044 1593 2076 :
1624 2026 1879 2082 Columna
1930 2039 1978 2082 et
2021 2030 2325 2098 ﬁrmamen-

772 2127 879 2169 tum
908 2120 1142 2183 veritatis
1162 2120 1227 2172 δι.
1250 2120 1695 2201 [AitApostolus:
1734 2122 1799 2176 Et
1830 2140 1947 2176 cum
1976 2127 2324 2193 cognovissent

772 2213 998 2279 gratiam
1046 2230 1161 2280 qua:
1207 2215 1331 2266 data
1381 2225 1455 2267 est
1508 2217 1633 2268 mihi
1677 2217 1904 2270 Jacobtts
1936 2229 1979 2270 et
2028 2217 2226 2287 Cepltas
2276 2229 2324 2270 et

770 2299 1020 2364 Joannes,
1052 2303 1139 2367 qui
1170 2303 1473 2356 videbantur
1500 2306 1754 2360 columna:
1782 2324 1890 2359 esse
1918 2305 2012 2377 ".]

842 2393 893 2447 ὅ.
924 2392 1051 2445 υἱ.τὶ
1088 2395 1279 2463 iniquis
1312 2411 1329 2447 :
1364 2394 1541 2449 Nolite
1574 2398 1745 2457 inique
1778 2415 1926 2465 agerc
1987 2397 2082 2451 llic
2112 2408 2327 2466 aposto-

772 2488 946 2540 lorum
992 2503 1221 2555 persona
1262 2488 1508 2551 cll'ertur,
1539 2505 1657 2557 quze
1700 2489 1945 2544 homines
1992 2491 2240 2544 hortatur
2272 2501 2327 2545 ut

771 2579 1052 2646 quiescant
1077 2579 1145 2631 ah
1177 2580 1465 2648 impietate.
1512 2579 1792 2651 [llumiliat
1825 2592 2000 2635 autem
2040 2582 2322 2637 Judaicum

774 2668 1028 2737 populum
1065 2670 1133 2723 oh
1157 2669 1273 2738 ejus
1300 2672 1605 2739 superbiam
1639 2688 1651 2723 :
1687 2673 1885 2725 exaltat
1909 2688 2037 2727 vero
2069 2675 2322 2742 populum

771 2776 833 2816 ex
862 2761 1109 2829 gentibus
1136 2762 1205 2815 ob
1235 2761 1590 2814 humilitatem
1618 2761 1781 2833 ejus]

842 2851 891 2905 6.
924 2851 1101 2905 Nolite
1126 2853 1371 2906 extollere
1415 2854 1466 2905 in
1504 2854 1670 2905 altum
1716 2870 1874 2905 cornu
1907 2866 2151 2907 rastrum.
2192 2853 2325 2908 Nam

771 2959 801 2999 c
826 2952 998 2995 :rnula
1037 2942 1289 2995 animalia
1338 2943 1562 2995 multum
1594 2942 1660 2996 de
1707 2944 1963 2998 cornibus
2004 2945 2322 3014 gloriantur.

771 3031 999 3087 labetur
1045 3042 1222 3087 autem
1275 3033 1493 3103 iniquis,
1528 3046 1584 3087 ut
1617 3050 1683 3088 ne
1728 3036 2035 3104 arrogantia
2073 3036 2326 3105 iniquita-

2426 1938 2691 2000 στύλους
2735 1936 2942 2003 αὐτῆς.
2997 1936 3181 1989 Στῦλοι
3217 1938 3315 2006 τῆς
3372 1937 3731 2008 Ἰερουσαλὴμ
3778 1940 3826 1989 οἱ
3860 1939 4002 2004 ἆγιοι

2424 2028 2727 2087 ἀπόστολοι,
2750 2027 2889 2080 κατά
2915 2027 2971 2078 τὸ
2997 2027 3302 2097 εἰρημένον·
3336 2027 3564 2092 Στῦλος
3590 2029 3687 2079 καὶ
3706 2027 4001 2096 ἑδραίωμα

2424 2117 2532 2183 τῆς
2558 2119 2857 2183 ἀληθείας.
2880 2116 3063 2189 [Φησὶν
3085 2120 3111 2169 ὁ
3135 2118 3592 2180 ἈπόστολοςΚαὶ
3614 2120 3856 2187 γνόντες
3889 2120 4001 2185 τὴν

2423 2204 2700 2257 δοθεῖσάν
2711 2224 2809 2273 μοι
2838 2206 3105 2271 Ἰάκωϐος
3123 2207 3217 2259 καὶ
3238 2204 3443 2274 Κηφᾶς
3469 2208 3565 2259 καὶ
3604 2207 3918 2275 Ἰωάννης,
3954 2212 4003 2261 οἱ

2424 2294 2563 2345 δεκο
2575 2294 2743 2360 ῦντες
2767 2296 2976 2348 στῦλοι
2994 2296 3193 2367 εἷναι.]

2498 2382 2649 2438 Εἷπα
2682 2387 2800 2451 τοῖς
2833 2389 3265 2456 παρανομοῦσιο
3289 2390 3382 2456 Μὴ
3423 2392 3838 2458 παρανομεῖτε.
3894 2394 4004 2445 Ἐν-

2426 2479 2607 2531 τεῦθεν
2635 2480 2737 2531 τῶν
2772 2481 3079 2533 ἀποστόλων
3113 2480 3172 2533 τὸ
3208 2482 3493 2551 πρόσωπον
3564 2483 3872 2551 παραινοῦν
3909 2486 4003 2552 τῆς

2426 2571 2675 2633 ἀσεϐείας
2729 2576 2839 2634 τοῖς
2887 2574 3191 2645 ἀνθρώποις
3225 2576 3551 2629 παύσασθαι.
3605 2577 3895 2646 ΙΤαπεινοῑ
3950 2577 4001 2626 δὲ

2437 2664 2719 2717 Ἰουδαϊκὸν
2763 2665 2886 2717 λαὸν
2916 2665 3000 2718 δια
3025 2668 3119 2736 τὴν
3168 2670 3539 2737 ὑπερηφανίαν
3568 2668 3751 2722 αὑτοῦ·
3790 2670 3918 2736 ὑῴοἰ
3948 2670 4002 2721 δὲ

2423 2756 2514 2808 τὸν
2544 2754 2600 2818 ἐξ
2634 2754 2799 2806 ἐθνῶν
2832 2754 2917 2806 διὰ
2947 2756 3043 2825 τὴν
3077 2757 3570 2827 ταπεινοᾳροσὺνην
3606 2757 3819 2827 αὑτοῦὴ

2497 2844 2589 2911 Μὴ
2628 2845 2897 2910 ἑπαιζρετε
2932 2848 3018 2910 εις
3051 2846 3205 2912 ὕψος
3242 2846 3708 2914 τὸνκέίαςύμῶν.
3747 2848 3857 2898 Καὶ
3896 2847 4002 2916 γὰρ

2425 2934 2492 2987 τὰ
2522 2934 2835 3006 κεραστόρα
2862 2934 2972 2995 ζῶα
3014 2935 3215 3005 σσοδρα
3246 2935 3337 2985 ἐπὶ
3393 2939 3503 2998 τοῖς
3538 2937 3730 3007 κέρασι
3772 2938 3999 3007 γαυριᾷ.

2426 3025 2719 3092 Παρεγγυᾷ
2758 3024 2813 3075 δὲ
2852 3025 3032 3085 αὐτοῖς
3058 3027 3085 3076 ὁ
3120 3025 3274 3091 λόγος
3308 3027 3379 3095 μὴ
3402 3026 3583 3091 αὑξειν
3611 3029 3675 3096 τῇ
3704 3026 4001 3097 ἀλαζονείᾳ

773 3137 877 3180 tem
926 3137 1191 3197 augeant,
1236 3142 1410 3197 neque
1470 3137 1719 3181 moveant
1769 3128 2003 3197 linguam
2067 3129 2325 3183 adversus

2426 3114 2523 3183 τὴν
2565 3113 2810 3182 ἀνομίαν,
2838 3114 2969 3182 μηδὲ
3001 3114 3138 3167 κατά
3166 3115 3257 3167 τοῦ
3288 3115 3417 3167 Θεοῦ
3449 3116 3694 3183 γλῶτταν
3729 3122 3930 3172 κινεῖν.

772 3217 960 3271 Deum.

843 3311 895 3362 7.
930 3308 1066 3374 Quia
1107 3327 1267 3378 neque
1315 3312 1379 3366 ab
1430 3313 1677 3378 exitibus,
1722 3331 1881 3384 neque
1928 3316 1991 3367 ab
2044 3314 2325 3379 occidente,

775 3417 934 3468 neque
961 3419 993 3455 a
1018 3402 1234 3457 desertis
1265 3405 1541 3460 utentibus.
1584 3405 1741 3461 Hisce
1782 3418 1951 3461 totum
1995 3408 2179 3461 orbem
2221 3416 2328 3461 ter-

776 3509 956 3551 rarum
1007 3494 1291 3564 signiﬁcat.
1341 3495 1532 3551 Exitus
1584 3507 1760 3551 autem
1807 3497 1937 3552 dicit
1980 3498 2262 3561 orientem,
2297 3512 2325 3550 a

774 3607 884 3660 quo
920 3590 1000 3645 sol
1038 3592 1181 3656 exit;
1226 3592 1558 3646 occidentem
1596 3604 1773 3647 autem
1806 3594 2077 3661 vcsperias
2115 3602 2323 3662 partes;

773 3690 1013 3735 ocsertos
1052 3691 1284 3743 montes.
1325 3684 1743 3751 septentrionem
1773 3696 1824 3737 et
1864 3683 2177 3747 meridiem;
2208 3698 2327 3751 qua:

774 3782 950 3843 partes
996 3772 1065 3826 ob
1108 3774 1501 3828 vehementiam
1549 3774 1764 3844 frigoris
1798 3783 1849 3829 ct
1891 3786 2053 3829 aestus
2097 3773 2322 3827 habitari

775 3872 1067 3932 nequeunt,
1099 3861 1211 3925 Ne,
1246 3865 1435 3933 inquit.
1470 3866 1651 3934 inique
1692 3867 1883 3935 agatis,
1922 3868 2047 3935 quia
2079 3882 2236 3920 nemo
2273 3867 2323 3919 in

774 3962 885 4009 toto
909 3955 1037 4008 orbe
1068 3953 1235 4007 Deum
1262 3955 1494 4018 latuerit,
1531 3958 1573 4009 si
1602 3957 1822 4025 impium
1853 3957 1978 4025 quid
2008 3956 2242 4026 proferat
2272 3956 2323 4009 in

772 4061 918 4099 eum.
953 4044 1105 4100 Hunc
1136 4046 1461 4109 ltumiliat,et
1493 4048 1625 4099 lmnc
1651 4047 1870 4100 exultat.
1895 4048 2024 4100 (Sum
2056 4046 2124 4101 sit
2153 4047 2327 4101 bonus

768 4136 951 4205 judex,
985 4135 1077 4201 ait,
1106 4135 1299 4205 impios
1342 4136 1609 4201 humiliat,
1640 4138 1840 4193 exaltat
1879 4147 2056 4191 autem
2094 4139 2325 4205 humiles

771 4230 950 4283 corde.
986 4227 1110 4283 Haec
1160 4244 1322 4296 porro
1367 4229 1675 4298 accipienda
1716 4239 1841 4284 sunt
1883 4230 1946 4283 de
1984 4230 2195 4284 duobus
2230 4247 2325 4300 po-

771 4320 931 4387 pulis.
979 4318 1286 4373 Judmorum
1319 4320 1525 4375 scilicet
1562 4330 1615 4374 et
1656 4322 1917 4391 gentium.
1964 4320 2055 4375 llle
2094 4337 2325 4391 namque

772 4410 1083 4465 humiliatus
1119 4409 1218 4464 fuit
1263 4422 1480 4480 propter
1520 4413 1910 4482 arrogantiam,
1944 4413 2031 4466 hic
2057 4414 2324 4470 exaltatus

2499 3317 2779 3369 ’⁸οτιοῦτε
2804 3317 2870 3379 ἐξ
2908 3317 3163 3378 ἐξόδων,
3222 3320 3359 3370 οὔτε
3408 3319 3525 3371 ἀπὸ
3552 3317 3819 3385 δυσμῶν,
3863 3322 4005 3371 οὐτε

2427 3407 2543 3459 ἀπὸ
2587 3407 2819 3475 ἐρήμων
2852 3407 3051 3474 (τρέων.
3108 3408 3205 3460 Διά
3240 3409 3441 3461 τούτων
3473 3411 3563 3462 τὸν
3596 3410 3771 3461 πάντα
3798 3410 4004 3476 κόσμον

2427 3500 2525 3568 τῆς
2557 3500 2873 3569 οἰκουμένης
2900 3500 3065 3570 δηλοῖ·
3105 3500 3279 3566 ἔξοδον
3314 3501 3412 3570 μὲν
3437 3499 3533 3570 τὴν
3579 3499 3863 3569 ἀνατολὴν,
3912 3502 4004 3567 ἀφ’

2425 3588 2491 3663 ἦς
2533 3593 2561 3643 ὁ
2596 3590 2743 3660 ἥλιος
2793 3589 2975 3655 ἔξεισι,
3032 3591 3239 3661 δυσμὰς
3269 3592 3325 3643 δὲ
3351 3592 3448 3660 τὴν
3501 3593 3758 3660 ἑσπέραν·
3798 3592 3905 3662 ὅρη
3949 3592 4003 3642 δὲ

2427 3682 2605 3752 ἔρημα
2653 3683 2720 3735 τά
2756 3700 2813 3735 τε
2858 3684 3081 3754 ἀρκτῷα
3120 3684 3213 3733 καὶ
3245 3684 3313 3734 τὰ
3350 3684 3516 3734 νότια·
3571 3683 3741 3753 ταῦτα
3784 3685 3901 3754 γὰρ
3932 3686 3998 3736 δι’

2428 3776 2692 3845 ἀμετρίαν
2741 3774 2939 3845 κρύους
2967 3791 3022 3825 τε
3053 3775 3143 3826 καὶ
3174 3774 3451 3836 καύσωνος
3480 3774 3711 3842 ἀοίκητά
3738 3777 3879 3827 ἐστι.
3909 3776 4001 3843 Μὴ

2430 3869 2790 3935 παρανομεῐτε
2844 3866 3040 3927 τοίνυν,
3101 3867 3282 3933 φησὶν,
3319 3866 3399 3917 ὅτι
3455 3866 3627 3928 οὐδεὶς
3662 3870 3717 3919 ἐν
3745 3868 3896 3936 πασῃ
3936 3871 4001 3936 τῇ

2426 3957 2716 4027 οἰκουμένῃ
2747 3956 2896 4009 λάθοι
2928 3956 3019 4008 τὸν
3055 3957 3184 4008 Θεὸν
3226 3956 3540 4026 βλάσφημον
3592 3976 3644 4009 τι
3675 3958 3846 4025 λέγων
3876 3960 4000 4011 κατ’

2424 4049 2607 4101 αὑτοῦ.
2640 4050 2855 4103 Τοῦτον
2888 4049 3171 4112 ταπεινοῖ,
3202 4050 3298 4101 καὶ
3334 4049 3548 4102 τοῦτον
3578 4050 3741 4117 ὐψοῖ.
3762 4051 4001 4119 Κριτὴς,

2426 4141 2609 4209 φησιν,
2645 4141 2903 4209 ὑπάρχων
2931 4139 3152 4206 ἀγαθὸς,
3192 4142 3437 4192 ταπεινοί
3464 4140 3563 4209 μὲν
3589 4142 3712 4202 τοὺς
3758 4141 3999 4203 ἀσεϐεῖς,

2424 4233 2549 4301 ὑψοῖ
2572 4233 2627 4285 δὲ
2674 4233 2800 4294 τοὺς
2842 4234 3124 4295 ταπεινοὺς
3151 4232 3247 4303 τὴν
3275 4232 3520 4303 καρδίαν.
3563 4234 3894 4303 Ἐκλητττέον
3943 4234 3999 4285 δὲ

2423 4322 2593 4375 ταῦτα
2623 4323 2716 4375 καὶ
2767 4324 2857 4374 ἐπὶ
2905 4324 3030 4385 τοὺς
3074 4322 3167 4374 δύο
3218 4322 3398 4384 λαοὺς,
3452 4322 3561 4374 τῶν
3630 4321 3901 4375 Ἰουδαίων
3941 4322 4000 4372 τέ

2426 4432 2564 4483 φημι
2597 4416 2689 4467 καὶ
2718 4414 2807 4465 τὸν
2838 4413 2896 4477 ἐξ
2927 4414 3111 4466 ἐθνῶν·
3161 4416 3186 4465 ὀ
3228 4413 3326 4482 μὲν
3350 4412 3455 4483 γὰρ
3494 4413 3885 4465 τεταπείνωται
3910 4413 4001 4465 διά

771 4510 984 4570 propter
1015 4502 1392 4555 humilitatem.
1427 4501 1543 4570 Ipse
1570 4519 1803 4572 namque
1830 4505 2112 4559 constituit
2147 4522 2319 4577 rcges,

2424 4505 2521 4581 τὴν
2554 4506 2887 4559 ἀλαζονείαν·
2921 4507 2947 4557 ὁ
2974 4504 3028 4556 δὲ
3066 4504 3289 4573 ὑψοῦται
3317 4504 3403 4557 διὰ
3440 4505 3537 4576 τὴν
3570 4503 3999 4573 ταπεινοφροσύ-

768 4605 820 4646 ct
850 4594 1121 4659 deturbat,
1145 4596 1370 4649 suscitat
1394 4596 1459 4649 de
1490 4604 1629 4648 terra
1658 4597 1893 4663 inopem,
1916 4607 1968 4651 et
1993 4598 2059 4651 de
2090 4607 2327 4652 stercore

768 4687 922 4754 erigit
962 4702 1271 4758 pauperem.
1321 4685 1434 4740 lmo
1482 4687 1642 4740 etiam
1685 4698 1971 4757 postquam
2022 4688 2329 4747 humiliavit

766 4792 859 4832 eos
888 4782 977 4847 qui
1015 4795 1079 4832 ex
1112 4778 1525 4833 circumcisione
1547 4790 1692 4843 sunt,
1724 4789 1908 4851 gentes
1942 4781 2217 4835 cxaltavit.

835 4958 885 5012 9.
922 4957 1057 5021 Quia
1095 4957 1237 5011 calix
1283 4959 1337 5010 in
1381 4975 1539 5011 manu
1582 4958 1789 5011 Domini
1833 4959 1937 5011 vini
1982 4958 2109 5010 meri
2139 4958 2321 5025 plenus

768 5052 944 5106 misto.
982 5051 1153 5118 Calix,
1186 5052 1380 5121 inquit,
1409 5062 1491 5107 est
1523 5055 1574 5107 in
1613 5070 1774 5109 manu
1802 5052 2039 5115 Domini,
2074 5055 2126 5106 in
2162 5069 2319 5121 quem

767 5142 970 5199 fructus
994 5145 1228 5198 hominis
1256 5145 1368 5197 sive
1403 5144 1572 5197 honos
1605 5144 1719 5198 sive
1745 5143 1916 5197 malos
1950 5144 2103 5213 quasi
2139 5142 2320 5211 expri-

766 5250 917 5288 mens
946 5245 999 5291 et
1025 5235 1163 5288 bona
1193 5236 1349 5289 malis
1378 5234 1758 5298 commiscens,
1786 5236 1965 5303 ipsum
1999 5235 2214 5303 plenum
2245 5231 2322 5285 ef-

765 5327 895 5380 licit.
936 5322 1138 5379 Eximio
1171 5341 1295 5378 vero
1342 5340 1572 5394 quotum
1620 5326 1717 5380 faex
1770 5342 1875 5379 non
1916 5324 2227 5389 etl‘unditnr,
2266 5322 2316 5376 id

762 5427 864 5481 cst,
898 5416 931 5468 ii
969 5415 1019 5467 in
1064 5417 1261 5488 quibus
1290 5428 1507 5485 peccata
1559 5424 1855 5479 remanent,
1885 5416 2060 5483 ipsum
2106 5415 2315 5477 bibunt,

768 5509 815 5562 id
859 5516 960 5569 est.
1004 5507 1234 5576 propriis
1285 5507 1697 5560 inebriabuntur
1739 5507 1926 5569 malis,
1960 5508 2098 5561 sicut
2131 5516 2317 5560 contra

767 5600 937 5655 sancti
970 5598 1152 5652 bibent
1178 5599 1396 5653 calicem
1437 5598 1558 5652 vita:
1606 5600 1658 5652 in
1703 5613 1868 5667 regno
1899 5599 2158 5654 caelorum
2195 5616 2317 5654 cum

834 5775 922 5827 “l
960 5775 1096 5832 Tim.
1129 5792 1203 5840 ut,
1235 5776 1312 5830 l5.
1394 5776 1437 5807 ³²
1470 5774 1641 5831 Galat.
1678 5790 1737 5839 lt,
1774 5775 1827 5828 9.

2429 4613 2544 4666 νην.
2586 4596 2931 4665 (Corderins.)
2974 4596 3143 4657 Αὑτὸς
3180 4596 3287 4666 γὰρ
3336 4596 3568 4665 meme
3596 4594 3851 4663 βασιλεῖς,
3906 4596 4001 4647 καί

2429 4688 2672 4757 μεθιστᾷ,
2711 4688 2910 4757 ἐγείρει
2944 4687 3051 4739 ἀπὸ
3084 4688 3184 4757 γῆς
3215 4688 3445 4756 πτωχὸν,
3484 4686 3575 4737 καὶ
3615 4686 3722 4738 ἀπὸ
3763 4687 4003 4755 κοπρίας

2424 4780 2671 4849 ἀνίστησι
2700 4778 2925 4847 πένητα.
2978 4777 3136 4829 Ἀλλά
3161 4779 3253 4830 καὶ
3286 4777 3623 4840 ταπεινώσας
3656 4778 3783 4840 τοὺς
3806 4779 3869 4830 ὲκ
3898 4794 4001 4829 πε-

2431 4872 2674 4951 ριτομῆς,
2715 4874 2837 4933 τοὺς
2877 4871 2985 4925 ἀπὸ
3022 4871 3127 4922 τῶν
3162 4871 3329 4923 ἐθνῶν
3359 4870 3589 4939 ὕψωσεν.

2499 4964 2615 5014 Ὅτι
2646 4960 2927 5028 ποτήριον
2956 4960 3023 5011 ἐν
3052 4960 3197 5027 χειρὶ
3247 4960 3465 5025 Kvplov
3519 4959 3688 5012 οἴνου
3732 4960 4002 5027 ἀκράτου

2425 5052 2652 5121 πλῆρες
2684 5052 3070 5121 κεράσματος.
3121 5051 3405 5120 Ποτήριον,
3440 5051 3623 5120 φησιν,
3662 5052 3811 5102 ἐστὶν
3854 5054 3913 5103 ὲν
3930 5057 4000 5123 τῇ

2422 5142 2515 5194 τοῦ
2578 5142 2779 5210 Κυρίου
2815 5141 2988 5212 χειρὶ,
3046 5141 3125 5201 εἰς
3173 5139 3199 5190 ὃ
3254 5140 3483 5191 ὲκάστου
3533 5138 3822 5210 ἀνθρώπου
3866 5143 4002 5203 τοὺς

2425 5234 2665 5301 καρποὺς
2693 5233 2781 5283 καὶ
2820 5233 2941 5292 τοὺς
2974 5230 3209 5298 ἀγαθοὺς
3244 5230 3334 5284 καὶ
3366 5230 3491 5291 τοὺς
3526 5246 3797 5298 πονηρους
3828 5232 4002 5283 οἱονεὶ

2425 5323 2708 5386 ἐκπιέζων,
2753 5324 2843 5374 καὶ
2875 5323 2941 5374 τὰ
2990 5320 3165 5389 ἀγαθὰ
3222 5324 3332 5383 τοῖς
3366 5323 3620 5389 πονηροῖς
3662 5320 4001 5389 ἀνακιρνῶν,

2427 5417 2628 5486 πλῆοες
2655 5416 2783 5468 αὐτὸ
2816 5414 3083 5468 ἀποτελεῖ.
3117 5409 3247 5465 Εἶτα
3287 5406 3360 5464 ὧν
3380 5412 3480 5464 οὑκ
3521 5412 3762 5481 ἐκχεῖται
3798 5415 3826 5464 ὁ
3865 5429 4005 5480 τρυ-

2426 5509 2569 5575 τίσις.
2595 5508 2866 5560 τουτέστιν
2897 5500 2971 5559 ὧν
3002 5504 3422 5574 ὲναπομένουσεν
3455 5504 3509 5554 αἱ
3530 5504 3821 5572 ἁμαρτίαι,
3847 5497 4000 5554 οὗτοι

2427 5599 2556 5651 αὑτό
2585 5598 2878 5651 ἑκπίονται·
2911 5596 3153 5653 τουτέστι
3208 5596 3317 5656 τοῖς
3370 5591 3518 5655 ἰδίοις
3562 5591 4003 5663 μεθυσθήσονται
