4102 6312
145 355 231 414 541

1210 353 1579 408 EXPOSITIO
1621 353 1686 406 IN
1720 353 2052 410 PSALMUM
2095 355 2299 411 LXXV.

3267 357 3370 410 542

147 473 345 534 κακοῖς·
381 472 570 542 ὥσπερ
599 472 786 542 ἀμέλει
821 472 912 524 καὶ
945 472 993 524 οἱ
1034 470 1175 538 ἅγιοι
1213 471 1426 524 πίονται
1453 471 1511 523 τὺ
1545 471 1709 540 ποτή-

1821 471 2043 527 Domino
2097 472 2256 534 Jesu,
2305 473 2600 527 secundum
2655 474 2826 543 ipsius
2876 473 3087 527 Domini
3132 487 3320 527 vocem

149 578 250 629 ριον
272 561 374 631 τῆς
401 560 546 632 ζωῆς
569 565 624 614 ὲν
652 565 717 633 τῇ
746 562 987 632 βασιλείᾳ
1023 561 1130 612 τῶν
1164 563 1404 631 οὐρανῶν
1438 561 1572 630 μετὰ
1605 561 1698 612 τοῦ

1811 560 1986 615 Donec
2019 563 2192 615 bibam
2223 562 2372 614 illum
2403 565 2664 616 uobiscum
2695 565 2748 616 in
2783 580 2934 633 regno
2963 562 3210 616 caelorum
3235 562 3300 613 ⁸³.

149 653 341 721 Κυρίου
390 653 563 722 Ἰησοῦ
602 653 739 706 κατὰ
770 653 866 724 τὴν
908 654 998 706 τοῦ
1040 654 1243 724 Κυρίου
1277 650 1442 704 αὑτοῦ
1490 652 1690 720 φωνήν·
1735 651 1890 716 Ἕως
1915 649 1986 709 οὗ
2010 654 2123 706 πίω
2159 655 2303 708 αὐτὸ
2347 655 2414 706 ἐν
2443 654 2516 722 τῇ
2544 657 2829 724 βασιλείᾳ
2859 655 2975 708 τῶν
3034 655 3305 724 οὐρανῶν

143 743 255 811 μεθ’
285 742 476 811 ὑμῶν.

220 840 365 909 Ἐγὼ
401 839 470 892 δὲ
490 839 925 909 ἀψλλιάσομαι
943 841 1028 903 εἰς
1062 839 1166 892 τὸν
1194 836 1399 896 αἰῶνα.
1427 834 1602 904 ψαλῶ
1628 834 1708 897 τῷ

151 931 258 996 Θεῷ
309 929 535 985 Ἰακώϐ.
607 930 819 1000 Ἐπειδὴ
861 930 962 992 ἂν,
991 932 1143 998 φησι,
1173 929 1266 981 τοῦ
1317 927 1575 998 ποτηρίου
1611 943 1706 994 με-

151 1023 358 1077 uiatico
417 1022 516 1090 τῆς
576 1020 759 1089 ζωῆς,
818 1020 1121 1090 εὐφροσύνη
1177 1038 1262 1090 μοι
1301 1020 1586 1088 γενήσεται
1649 1014 1709 1079 ἐξ

149 1115 326 1168 αὐτοῦ.

215 1199 319 1252 Kal
386 1195 582 1250 πάντα
645 1198 715 1249 τὰ
753 1195 980 1262 κέρατα
1010 1194 1126 1246 τῶν
1171 1189 1532 1261 ἁμαρτωλῶν
1557 1205 1708 1242 συν-

151 1290 366 1343 θλιὶσω.
395 1291 478 1352 Εἰ,
499 1287 931 1357 ταπεινουμένων
964 1287 1070 1338 τῶν
1096 1283 1432 1354 ἁμαρτωλῶν
1468 1284 1546 1342 εἰς
1579 1280 1710 1348 ὕψος

151 1381 354 1451 αἴρεται
386 1380 446 1432 τὸ
485 1380 671 1450 κέρας,
732 1377 971 1447 δηλονότι
1019 1377 1112 1429 και¹
1163 1375 1480 1444 ὑψουμένων
1520 1371 1708 1439 ἁγίων,

155 1471 593 1541 συντριϐήσονται
617 1471 724 1524 τῶν
750 1469 1086 1542 ἁμαρτωλῶν
1111 1468 1181 1521 τὰ
1210 1468 1434 1537 κέρατα.
1471 1465 1628 1526 Τίνες
1652 1463 1708 1516 δὲ

154 1565 212 1616 ἂν
234 1561 341 1615 εἷεν
370 1565 418 1614 oi
449 1563 761 1631 ἁμαρτωλοὶ
788 1563 821 1631 ἢ
851 1565 898 1615 oi
932 1560 1292 1630 ἀντικείμενοι
1319 1561 1429 1619 τοῖς
1460 1554 1552 1608 τοῦ
1573 1553 1707 1608 Θεοῦ

154 1653 451 1724 ἀνθρώποις
484 1653 707 1724 πονηροὶ
757 1653 1036 1723 δαίμονες;
1088 1651 1193 1704 Καὶ
1233 1646 1611 1716 ὑψωθήσεται
1642 1643 1706 1696 τὸ

153 1743 321 1812 κέρας
349 1744 458 1798 τοῦ
489 1743 738 1798 δικαίου.
765 1743 941 1813 Κέρας
972 1742 1070 1811 μὲν
1091 1741 1187 1812 τὴν
1217 1737 1486 1810 βασιλείαν
1522 1735 1705 1804 φησιν,

154 1839 260 1902 ἦτοι
287 1838 387 1906 τὴν
444 1835 778 1888 δυναστείαν.
837 1833 1050 1904 Ἐπειδὴ
1105 1833 1170 1886 ἂν
1207 1828 1320 1892 οῦν,
1388 1826 1552 1897 φησὶ,
1610 1825 1706 1894 τὴν

156 1927 296 1996 ἰσχὺν
350 1926 588 1980 λίιὸωσιν
621 1928 670 1978 οἱ
720 1925 934 1987 δίκαιοι,
981 1924 1334 1996 ἀνῃρημένων
1370 1919 1567 1990 δηλαδὴ
1600 1917 1707 1970 τῶν

1883 834 1971 888 10.
2026 831 2135 902 Ego
2181 843 2354 886 autem
2399 834 2672 889 exsultabo
2713 837 2767 888 in
2816 836 3101 897 sa'culum,
3150 835 3379 888 cantabo-

1815 924 1922 977 Deo
1968 923 2154 976 Jacob.
2213 925 2348 978 Cum
2405 926 2560 980 calici
2616 927 2736 980 vita:
2784 927 3196 996 participavero,
3249 934 3374 978 tunc

1816 1016 1948 1070 mihi
1974 1016 2156 1070 laetitia
2189 1017 2313 1071 hinc
2344 1020 2572 1073 eveniet.

1890 1192 1974 1244 II.
2007 1190 2074 1243 Et
2115 1193 2292 1244 omnia
2329 1208 2524 1246 cornua
2571 1203 2898 1261 peccatorum
2939 1194 3284 1263 confringant.
3317 1194 3372 1247 Si

1817 1282 2116 1336 humiliatis
2162 1283 2401 1346 sanctis,
2455 1292 2800 1352 peccatorum
2857 1299 3029 1337 cornu
3095 1284 3146 1336 in
3206 1284 3371 1338 altum

1815 1373 2114 1434 extollitur,
2151 1387 2282 1426 sane
2305 1373 2553 1428 exaltatis
2582 1375 2784 1428 sanctis
2817 1373 3224 1444 eonfringentur
3254 1390 3374 1430 cor-

1818 1477 1924 1516 nua
1970 1469 2336 1530 peccatorum.
2376 1459 2608 1527 Quinam
2665 1463 2861 1517 fuerint
2906 1475 3237 1532 peccatores,
3271 1464 3373 1518 nisi

1817 1552 2036 1621 maligni
2086 1552 2400 1614 deamones,
2456 1552 2764 1606 hominibus
2825 1553 2914 1606 Dei
2972 1553 3242 1622 oppositi?
3302 1553 3372 1608 Et

1813 1641 2136 1695 exoltabitur
2180 1658 2342 1694 cornu
2387 1643 2536 1706 iusti.
2582 1643 2765 1698 Cornu
2815 1644 2946 1698 dicit
2985 1661 3232 1714 regnum,
3264 1645 3377 1699 sive

1815 1732 2133 1802 potentiam.
2159 1731 2453 1801 Postquam
2493 1733 2672 1803 igitur,
2706 1734 2809 1798 ait,
2837 1735 2968 1803 justi
3006 1734 3374 1789 fortitudinem

1816 1824 2141 1892 acceperint,
2175 1823 2401 1877 sublatis
2435 1823 2684 1878 videlicet
2713 1825 2959 1893 malignis
2983 1825 3340 1894 potestatibus
3361 1863 3374 1885 ,

1815 1923 1943 1968 tunc
1978 1913 2070 1967 Dei
2101 1915 2365 1967 mirabilia
2393 1915 2766 1970 ostendentur.
2795 1915 2972 1982 Quare
3007 1916 3159 1970 initio
3184 1917 3377 1986 psalmi

154 2021 397 2090 πονηρῶν
450 2021 750 2088 δυνάμεων,
782 2021 902 2071 τότε
933 2018 997 2086 δὴ
1025 2018 1146 2070 τότε
1175 2018 1267 2070 καὶ
1299 2016 1392 2069 τοῦ
1437 2013 1569 2068 Θεοῦ
1609 2013 1713 2065 δει-

1821 2005 1981 2059 dixit:
2015 2003 2259 2057 Narrabo
2291 2005 2561 2058 mirabilia
2593 2018 2704 2068 tua,
2736 2023 2853 2058 cum
2885 2024 3126 2077 accepero
3158 2017 3376 2075 tempus.

152 2114 433 2182 χιιήσονται
482 2112 553 2164 τὰ
594 2111 885 2182 θαυμάσια,
928 2111 1017 2164 Διὸ
1069 2112 1158 2164 καὶ
1194 2111 1490 2182 ἀρχόμενος
1535 2107 1627 2162 τοῦ
1671 2099 1884 2175 ψαλμοῦ
1923 2099 2124 2168 ἔλεγεν·
2167 2096 2529 2167 Διηγήσομαι
2571 2097 2644 2152 τὰ
2680 2098 2980 2152 θαυαάσιά
3014 2116 3151 2164 σου,
3193 2101 3276 2153 ὅτ’
3303 2100 3380 2152 ἂν

153 2205 305 2257 λάϐω
337 2205 566 2271 καιρόν.

149 2315 245 2379 Εἰς
277 2315 339 2367 τὸ
371 2313 568 2379 τέλος,
608 2313 678 2366 ἐν
710 2315 946 2383 ὕμνοις,
1002 2317 1306 2371 ΨΑΑΜΟΣ
1356 2315 1436 2381 τῷ
1498 2315 1710 2381 Ἀσάφ,

458 2406 583 2474 ᾠδὴ
612 2407 758 2474 πρὸς
782 2408 888 2460 τὸν
919 2409 1258 2475 Ἀσσύριον.
1299 2412 1422 2463 οΕ’.

777 2521 790 2539 '
803 2523 1109 2589 Υπόθεσις.

155 2619 256 2671 Καὶ
282 2613 436 2682 οὗτος
471 2621 502 2672 ὁ
532 2619 741 2690 ψαλμὸς
766 2623 861 2691 τῆς
892 2623 1056 2694 αὐτῆς
1089 2623 1270 2694 ἔχεται
1305 2621 1612 2685 ὑποθέσεως
1640 2621 1717 2692 τῷ

216 2711 410 2763 ὑγεία-ω’
443 2712 538 2764 καὶ
563 2712 721 2775 αὐτὸς
767 2714 872 2783 γὰρ
899 2714 967 2766 τὰ
995 2715 1122 2785 περὶ
1147 2713 1238 2766 τοῦ
1265 2713 1408 2766 Οεξου
1463 2713 1716 2782 δικαστη-

221 2802 334 2871 ρίου
361 2802 652 2871 διηγεῖται.

217 2889 500 2954 Γνωστὸς
529 2890 598 2943 ἐν
617 2889 689 2957 τῇ
718 2892 975 2959 Ἰουδαίᾳ
1000 2896 1031 2946 ό
1054 2892 1216 2958 Θεὸς,
1241 2895 1340 2945 καὶ
1365 2895 1434 2947 ἐν
1475 2894 1720 2962 Ἰσραὴλ

147 2979 292 3050 μέγα
312 2980 379 3034 τὸ
424 2981 610 3051 ὄνομα
659 2985 860 3039 αὑτοῦ.
917 2987 1173 3041 Ἰουδαίαν
1219 2987 1448 3041 ἐνταῦθα
1477 2989 1568 3042 καὶ
1619 2989 1716 3042 Ἰσ-

154 3070 284 3140 ραὴλ
315 3070 414 3141 τὴν
465 3073 764 3140 ὲγνωκυῖαν
822 3076 912 3128 τὸν
950 3078 1081 3130 Θεὸν
1127 3078 1301 3150 ψυχήν
1352 3098 1532 3150 φησιν·
1574 3079 1711 3149 αῦτη

152 3163 253 3229 γάρ
287 3163 436 3214 ἐστιν
471 3165 505 3233 ἠ
545 3163 746 3234 ἀληθὴς
788 3167 1013 3220 Ἰουδαία
1044 3172 1135 3222 καὶ
1172 3173 1199 3224 ὀ
1234 3171 1438 3242 ἀληθὴς
1475 3171 1707 3242 Ἰσραήλ.

229 3252 519 3322 Ἐγεννήθη
569 3253 868 3324 ἐνεὶρήνῃ
912 3259 942 3309 ὁ
1005 3263 1185 3325 τόπος
1228 3261 1436 3314 αὑτοῦ.
1498 3263 1560 3314 Εἰ
1610 3262 1786 3332 γὰρϐ

151 3343 274 3412 περὶ
321 3343 427 3412 τῆς
474 3344 586 3396 ἄνω
645 3346 899 3411 Ἰουδαίας
948 3350 1276 3420 γέγραπται,
1327 3352 1454 3406 ἔνθα
1508 3353 1720 3422 ἀπέδρα

150 3432 327 3503 ὀδύνη,
357 3435 503 3506 λύπη
544 3435 636 3488 καὶ
671 3440 991 3509 στεναγμὸς,
1048 3442 1289 3513 δηλονότι
1323 3447 1544 3516 εἰρήνης
1573 3446 1720 3502 ἔσται

150 3527 329 3589 τοπος.
367 3525 479 3580 Καὶ
526 3526 592 3581 τὸ
622 3531 1077 3600 κατοικητήριον
1109 3535 1295 3588 αὐτοῦ
1322 3535 1391 3588 ἐν
1433 3537 1604 3590 Σιών.
1643 3539 1718 3608 Τῇ

150 3619 310 3685 νοητῇ
346 3633 534 3688 φησιν,
562 3619 678 3689 ἦτοι
706 3624 771 3692 τῇ
792 3622 923 3685 ἄνω,
960 3624 991 3694 ἦ
1025 3627 1090 3694 τῇ
1125 3625 1232 3678 τῶν
1271 3627 1441 3695 ἁγίων
1475 3629 1642 3701 ψυχῇ.

216 3706 234 3778 [
253 3709 546 3777 Ἔγενήθη
562 3711 630 3762 ἐν
653 3711 858 3780 εἰρήνῃ
878 3717 909 3766 ό
928 3715 1109 3780 τόπος
1126 3717 1412 3788 αὐτοῦ.Τῇ
1431 3719 1538 3770 τῶν
1556 3721 1722 3787 ἁγίων

147 3795 314 3868 ψυχῇ.
341 3798 416 3850 To
445 3799 736 3870 Ἐϐραῖκὺν
758 3802 966 3873 Σαλὴμ
990 3804 1124 3874 ἔχει,
1151 3807 1242 3858 καὶ
1272 3809 1319 3860 οἱ
1352 3806 1524 3862 λοιποὶ
1552 3810 1722 3874 οὕτως

147 3893 523 3962 ἡρμήνευσαν·
538 3893 566 3946 ὃ
593 3897 736 3946 ἐστιν
757 3895 985 3964 εἰρήνη.
1014 3898 1101 3950 Ἐν
1121 3899 1289 3970 ταύτῃ
1307 3896 1398 3953 οὖν
1420 3902 1450 3971 ἢ
1475 3905 1537 3972 τῇ
1554 3903 1719 3977 ψυχῇ,

152 3982 177 4052 ἦ
221 3987 288 4054 τῇ
338 3985 634 4055 Ἐκκλησία
653 3987 718 4039 τὰ
747 3990 1115 4060 πεπυρωμένα
1155 3992 1301 4061 βέλη,
1338 3992 1373 4046 ὃ.
1417 3997 1446 4047 ὁ
1493 3995 1723 4066 πονηρὸς

147 4075 380 4144 πέμπει,
407 4077 798 4147 ουντρίϐονται,
829 4080 863 4150 ἦ
883 4084 948 4152 τῇ
967 4081 1076 4135 ἅνω
1112 4083 1512 4158 Ἰερουσαλήμ]

226 4225 391 4279 Ἐκεῖ
414 4225 739 4296 συνέτριψε
765 4228 836 4282 τὰ
866 4229 1048 4298 κράτη
1073 4231 1189 4284 τῶν
1218 4233 1427 4297 τόξων.
1463 4237 1721 4307 Σημαίνει

144 4315 227 4368 διὰ
257 4317 476 4370 τούτων
523 4318 622 4382 τὰς
658 4320 1037 4387 ἀντικειμένας
1084 4323 1360 4393 δυνάμεις
1406 4328 1460 4379 αἳ
1504 4329 1721 4399 συντρί-

145 4409 352 4471 ϐονται,
403 4411 594 4482 ἐπειδὴ
625 4412 690 4465 ἂν
729 4415 776 4466 οἱ
819 4413 961 4482 ἆγιοι
993 4413 1091 4478 τὰς
1129 4417 1244 4470 ἐκεῖ
1287 4417 1492 4490 λάχωσι
1539 4438 1720 4474 κατοι-

146 4505 260 4553 κεῖν
295 4503 494 4572 μονάς.

1815 2300 1864 2354 I.
1903 2297 1966 2352 In
2000 2299 2153 2366 ﬁnem
2176 2337 2191 2362 ,
2225 2299 2279 2350 in
2321 2297 2602 2364 laudibus,
2633 2299 2974 2354 PSALMUS
3018 2301 3214 2370 Asaplt,
3249 2317 3377 2353 can-

2176 2387 2334 2441 ticum
2367 2388 2435 2440 ad
2461 2391 2754 2457 Assyrium.
2789 2388 2938 2442 LXX
2958 2389 3012 2440 V.

2397 2497 2796 2567 Argumentum.

1819 2607 1915 2663 llic
1945 2625 2162 2679 quoque
2199 2610 2442 2679 psalmus
2481 2609 2533 2662 in
2565 2611 2752 2664 eodem
2786 2619 3030 2665 versatur
3064 2619 3381 2677 argumento

1887 2714 1995 2767 quo
2034 2699 2307 2768 superior;
2352 2713 2474 2751 nam
2523 2715 2643 2768 qua:
2689 2701 2928 2754 divinum
2985 2701 3219 2757 tribunal
3261 2717 3381 2772 spe-

1887 2800 2033 2846 ctant
2062 2801 2294 2845 enarrat.

1885 2887 1939 2941 2.
1978 2885 2149 2940 Notus
2191 2888 2242 2938 in
2287 2885 2481 2940 Jurlwa
2516 2885 2677 2950 Deus,
2709 2886 2760 2938 in
2809 2883 2977 2940 Israel
3009 2902 3255 2956 magnum
3285 2903 3379 2940 no-

1821 2994 1934 3030 men
1963 2977 2094 3046 ejus.
2121 2975 2359 3032 Iudaeam
2407 2979 2494 3032 hic
2533 2988 2586 3032 et
2613 2976 2774 3034 Israel
2812 2987 2965 3032 vocat.
2993 2977 3229 3031 animam
3261 2993 3381 3046 qua

1820 3068 1986 3121 Deum
2030 3069 2178 3120 novit
2212 3086 2224 3121 :
2256 3069 2372 3138 ipsa
2407 3083 2638 3138 namque
2671 3079 2752 3122 est
2785 3084 2906 3122 vera
2931 3066 3113 3122 Judata
3139 3078 3190 3123 et
3220 3083 3378 3122 verus

1819 3159 2001 3213 Israel.

1891 3252 1943 3307 ’5.
1977 3249 2175 3306 Factus
2215 3261 2289 3305 est
2332 3250 2387 3304 in
2414 3265 2538 3319 pace
2585 3251 2725 3304 locus
2754 3248 2885 3318 ejus.
2915 3247 2971 3302 Si
3016 3248 3160 3302 enim
3190 3248 3255 3302 de
3287 3263 3377 3303 su-

1821 3361 1984 3416 perna
2017 3345 2201 3400 Judaea
2236 3345 2440 3400 dictum
2480 3353 2562 3399 est
2595 3363 2608 3398 :
2639 3344 2763 3398 hinc
2787 3343 2967 3412 eﬂ‘ugit
3001 3343 3174 3405 dolor,
3208 3340 3377 3396 tristi-

1823 3440 1894 3491 tia
1923 3446 1974 3493 et
2009 3438 2273 3509 gemitus;
2303 3452 2434 3491 sane
2477 3437 2626 3504 pacis
2673 3436 2823 3488 locus
2862 3435 2984 3488 erit.
3021 3431 3084 3485 Et
3117 3432 3373 3485 habitatio

1818 3533 1929 3602 ejus
1964 3535 2017 3586 in
2045 3531 2191 3586 Sion.
2233 3530 2288 3584 In
2340 3531 2605 3601 spirituali
2650 3530 2926 3595 videlicet,
2977 3529 3089 3585 sive
3120 3544 3370 3598 superna,

1821 3631 1913 3676 aut
1951 3624 2000 3675 in
2033 3632 2343 3676 sanctorum
2376 3622 2574 3674 anima.

1893 3713 2115 3785 [Factus
2147 3724 2222 3767 est
2265 3715 2319 3767 in
2363 3731 2484 3783 pace
2517 3715 2660 3768 locus
2697 3715 2828 3782 ejus.
2859 3712 2915 3767 In
2954 3715 3130 3768 anima
3164 3723 3374 3768 sancto-

1821 3822 1958 3860 rum.
2004 3805 2298 3861 Hebraicus
2333 3816 2510 3861 textus
2547 3806 2705 3860 habet
2748 3805 2947 3870 Solent,
2976 3820 3040 3859 ac
3074 3805 3264 3874 reliqui
3299 3805 3377 3858 sic

1823 3896 2158 3966 interpretati
2197 3906 2325 3952 sunt
2356 3913 2369 3948 :
2406 3895 2550 3966 quod
2585 3903 2669 3949 est
2693 3911 2817 3965 pax.
2846 3893 2902 3949 In
2933 3895 3034 3950 ista
3066 3895 3230 3965 igitur
3253 3895 3376 3949 ani-

1822 4003 1929 4052 ma,
1962 3997 2056 4042 aut
2088 3988 2141 4041 in
2189 3986 2446 4050 Ecclesia,
2489 3984 2590 4040 tela
2627 3986 2802 4056 ignea,
2835 4002 2956 4058 quae
2989 3987 3256 4056 malignus
3288 3985 3375 4039 ille

1820 4077 2046 4142 emittit,
2104 4085 2488 4143 conteruntur;
2539 4077 2622 4131 vel
2668 4076 2981 4147 intelligitur
3036 4079 3090 4130 in
3141 4092 3374 4146 superna

1821 4165 2164 4237 Jerusalem]

1891 4259 1943 4313 4.
1980 4257 2063 4311 Ibi
2112 4258 2366 4329 confregit
2407 4259 2664 4327 potentias
2708 4273 2950 4312 arcuum.
2991 4255 3084 4313 llis
3111 4257 3376 4328 signiﬁcat

1823 4349 2156 4405 adversarias
2176 4360 2491 4419 potestates,
2517 4367 2638 4421 quae
2657 4351 3071 4422 conlringuntur
3095 4362 3376 4422 postquam

1824 4442 1994 4497 sancti
2047 4441 2098 4496 id
2143 4445 2417 4499 consecuti
2473 4452 2619 4511 sunt,
2670 4453 2730 4498 ut
2773 4444 2824 4497 in
2869 4444 2976 4499 illis
3005 4445 3379 4500 mansionibus

1825 4532 2086 4586 habitent.

211 4593 494 4659 Φωτίζεις
539 4595 620 4648 σὺ
663 4598 1014 4666 θαυμαστῶς
1063 4601 1180 4654 ἀπὸ
1231 4601 1413 4670 ὀρέων
1449 4603 1716 4657 αἰωνίων.

1895 4624 1947 4678 5.
1996 4622 2281 4678 Illuminas
2331 4631 2385 4678 tu
2424 4625 2734 4680 mirabiliter
2769 4644 2802 4680 a
2850 4629 3112 4682 montibus
3146 4628 3377 4682 wternis.

148 4685 288 4755 Ὄρη
341 4684 544 4739 αἰώνια
574 4687 695 4749 τοὺς
741 4689 999 4758 οὐρανούς
1043 4708 1195 4760 φησι.
1224 4692 1444 4756 Φωτίζει
1488 4694 1543 4746 δὲ
1576 4695 1720 4764 ἡμᾶς

143 4775 356 4830 ἄνωθεν
383 4779 413 4830 ὁ
445 4776 597 4841 Θεὸς,
615 4778 674 4830 τὸ
697 4779 918 4850 Πνεῦμα
945 4783 1072 4852 ἡμῖν
1093 4783 1454 4854 καταπέμψας
1480 4785 1538 4850 ἐξ
1569 4788 1723 4858 οὐρα-

142 4868 267 4924 νῶν.
311 4870 628 4939 Φωτισμὸς
661 4872 742 4924 σὺ
777 4875 1180 4944 ὑπερμεγέθης
1215 4876 1331 4930 ἀπὸ
1368 4879 1549 4945 ὀρέων
1573 4877 1721 4932 ἀλώ-

143 4975 317 5027 σεως.
350 4961 624 5027 Φωτίζεις
655 4963 736 5016 σὺ
772 4964 1123 5035 θαυμαστῶς
1163 4968 1278 5021 ἀπὸ
1313 4968 1494 5036 ὀρέων
1515 4969 1718 5037 θήρας.

143 5053 402 5122 Φοὸερὸς
432 5049 495 5108 εἴ
519 5057 871 5125 θαυμαστῶς
899 5060 1015 5112 ἀπὸ
1059 5059 1242 5128 ἐρέων
1275 5063 1600 5130 καρπίμων.

209 5143 518 5215 Ιφωτίζὲις
563 5146 646 5199 σὺ
688 5147 1036 5217 θαυμαστῶς
1079 5150 1198 5204 ἀπὸ
1229 5150 1410 5218 ὀρέων
1452 5155 1718 5208 αἰωνίων.

149 5234 399 5290 Ἐκεῖθεν
427 5237 853 5308 καταπέμπειτὸ
869 5239 1089 5310 Πνεῦμα
1115 5241 1175 5294 τὸ
1217 5243 1368 5311 ἆγιον
1422 5245 1527 5298 ἀπὸ
1558 5247 1722 5314 ὀρέων

140 5329 403 5381 αἰωνίωψ
423 5331 525 5399 τὴν
539 5328 677 5382 Σιὼν
691 5329 858 5400 λέγει,
877 5333 966 5400 ἀφ’
981 5329 1049 5404 ἦς
1078 5333 1244 5403 ᾤοντο
1271 5336 1361 5388 τὸν
1387 5337 1517 5389 θεὸν
1545 5336 1722 5408 ὁρμώ-

143 5435 307 5486 μενον
359 5419 539 5472 ταῦτα
569 5422 766 5472 ποιεῖν·
788 5415 848 5476 οὗ
870 5423 962 5477 καὶ
987 5424 1112 5489 ναὸς
1143 5425 1288 5495 αὐτῷ
1313 5426 1664 5498 ᾠκοδόμηται

174 5701 220 5732 ’³
244 5701 464 5758 Matth.
504 5719 653 5766 xxvr,
683 5703 774 5760 29.

1827 4716 2031 4772 Montes
2082 4726 2310 4773 aeternos
2353 4719 2481 4773 dicit
2523 4719 2710 4776 caelos.
2747 4718 3019 4774 Illuminat
3062 4728 3240 4773 autem
3285 4734 3382 4772 nos

1830 4807 2112 4872 Dominus,
2136 4809 2356 4877 quando
2386 4808 2550 4862 mittit
2576 4809 2834 4880 Spiritum
2869 4807 2938 4862 tle
2965 4809 3137 4864 caelis.
3169 4807 3382 4861 Illumi-

1828 4903 1969 4952 natio
2005 4910 2060 4952 tu
2087 4915 2138 4952 es
2171 4915 2417 4970 perquam
2446 4902 2699 4964 maxima,
2728 4917 2758 4952 a
2781 4902 3042 4954 montibus
3073 4901 3380 4954 venationis.

1831 4989 2110 5043 llluminas
2145 5000 2198 5044 tu
2233 4990 2547 5044 mirabiliter
2572 5010 2602 5044 a
2635 4993 2893 5046 montibus
2923 4994 3229 5048 venationis.
3259 4994 3382 5048 Ter—

1832 5079 1999 5135 ribilis
2025 5097 2076 5133 es
2103 5080 2414 5134 mirabiliter
2440 5098 2470 5133 a
2500 5083 2758 5135 orantibus
2787 5083 3092 5151 fructuosis.

1901 5170 2205 5240 [llluminas
2259 5181 2328 5226 tu.
2367 5172 2681 5228 mirabiliter
2730 5191 2761 5225 a
2826 5175 3086 5228 montibus
3150 5176 3380 5231 cateruis.

1830 5261 1955 5315 Inde
1982 5264 2178 5317 emittit
2216 5260 2473 5332 Spiritum
2502 5275 2770 5326 sanctum,
2803 5266 3010 5320 scilicet
3033 5282 3061 5318 a
3105 5266 3384 5320 montibus

1828 5353 2044 5408 aeternis
2077 5373 2088 5407 :
2121 5354 2251 5408 Sion
2294 5355 2445 5422 dicit,
2473 5371 2534 5409 ex
2572 5372 2676 5424 qua
2710 5357 2974 5426 putabant
3003 5340 3167 5412 Deum
3199 5356 3378 5427 prote-

1827 5451 1971 5496 ctum
2019 5445 2142 5498 talia
2189 5453 2438 5513 patrare:
2477 5445 2565 5500 ubi
2612 5447 2772 5502 etiam
2824 5448 3076 5516 templum
3121 5447 3220 5516 ipsi
3249 5461 3381 5500 con-

1826 5543 2088 5592 Structum
2115 5535 2308 5594 fuerat.
