4086 6308
765 379 868 436 διδ

835 499 887 552 6.
925 495 1146 552 Turbati
1169 505 1291 551 sunt
1321 512 1495 551 omnes
1537 498 1836 568 insipientes
1863 499 2038 552 corde.
2072 498 2173 564 Qui
2206 514 2312 552 non
2344 505 2388 560 Α

763 599 1081 662 receperunt
1109 590 1552 646 illuminationem
1578 607 1698 661 quae
1726 607 1820 662 per
1847 591 2105 662 Spiritum
2135 593 2313 655 datur,

762 683 815 736 in
865 681 1266 753 perturbatione
1316 692 1370 738 et
1415 683 1707 753 agitatione
1764 685 2142 750 versabuntur,
2191 700 2314 738 cum

762 774 1008 827 divinum
1058 773 1288 828 tribunal
1349 775 1645 843 apparebit.
1692 774 2028 828 Dormierunt
2076 792 2314 829 somnum

759 883 936 930 suum,
972 873 1021 919 et
1070 864 1202 918 nihil
1242 865 1562 918 invenerunt.
1600 864 1943 936 Negligentla:
1987 876 2042 920 et
2073 865 2312 936 segnitiei

759 955 923 1010 dediti
970 955 1024 1010 in
1065 956 1194 1013 vita.
1229 965 1469 1026 tempore
1504 957 1667 1011 divini
1704 957 1890 1027 judicii
1921 958 2052 1011 nihil
2097 959 2313 1011 invene-

761 1053 888 1098 runt
924 1045 1173 1100 manibus
1221 1046 1335 1100 suis
1365 1047 1676 1111 retinentes,
1713 1047 1804 1116 qui
1840 1047 1966 1100 olim
2011 1063 2065 1100 m
2098 1049 2310 1101 mortali

760 1136 867 1188 vita
899 1135 1092 1191 divites
1126 1145 1278 1190 erant
1315 1156 1329 1191 :
1363 1137 1631 1204 quomodo
1665 1138 1805 1190 enim
1832 1137 2068 1190 invenire
2096 1145 2313 1206 possent

759 1241 878 1293 quae
912 1239 1018 1280 non
1065 1225 1270 1295 operati
1319 1226 1480 1279 sunt?
1535 1225 1720 1280 Omnes
1766 1227 1864 1280 viri
1910 1227 2212 1280 divitiarum
2257 1226 2310 1278 in

759 1315 999 1368 manibus
1035 1317 1163 1368 suis.
1212 1313 1570 1385 Symmachus
1608 1317 1686 1370 sic
1737 1317 1892 1370 habet
1930 1335 1942 1370 :
1979 1316 2166 1370 Omnes
2212 1317 2311 1369 uiri

759 1406 915 1474 fortes
947 1407 1185 1459 manibus
1215 1408 1343 1460 suis.
1367 1406 1532 1469 Nihil,
1572 1410 1765 1476 inquit,
1812 1409 2011 1475 profuit
2055 1409 2159 1462 illis
2211 1407 2313 1462 for—

758 1497 929 1551 titudo
962 1512 1244 1559 manuum,
1291 1500 1488 1568 quibus
1532 1515 1590 1552 se
1625 1514 1868 1552 omnium
1912 1499 2126 1555 divitias
2169 1500 2311 1554 dire-

757 1595 942 1654 pturos
970 1585 1278 1656 sperabant.
1310 1589 1374 1643 Et
1396 1589 1595 1643 docens
1623 1605 1744 1658 quae
1785 1605 1949 1645 causa
1979 1589 2308 1660 fueritquod

755 1680 889 1732 nihil
917 1679 1051 1734 lucri
1083 1679 1386 1746 habuerint,
1413 1682 1716 1752 subjungit:

827 1859 876 1912 7.
907 1859 983 1913 Ab
1019 1861 1368 1929 increpatione
1418 1871 1538 1923 tua,
1587 1860 1726 1914 Deus
1772 1859 1960 1924 Jacob,
1999 1859 2310 1913 dormitaue-
2341 1856 2383 1910 Β

756 1962 871 2003 runt
902 1952 990 2020 qui
1029 1952 1369 2004 ascenderunt
1399 1969 1572 2021 equos.
1617 1950 1770 2014 Lato,
1816 1952 2009 2021 inquit,
2046 1953 2306 2006 adversus

752 2058 845 2095 eos
889 2042 1037 2110 justo
1064 2043 1298 2112 judicio,
1346 2045 1500 2112 quasi
1536 2058 1729 2098 SumIIO
1771 2052 1824 2098 et
1867 2056 2086 2098 veterno
2124 2043 2306 2097 traditi

751 2141 897 2196 sunt,
925 2134 975 2189 id
1003 2143 1085 2188 est
1107 2136 1340 2188 excitare
1374 2151 1431 2189 se
1456 2152 1561 2189 non
1597 2145 1906 2204 potuerunt.
1943 2135 2172 2201 Quinam
2207 2153 2305 2190 au—

751 2233 854 2275 tem
893 2223 966 2276 illi
1008 2235 1153 2289 sunt,
1203 2225 1304 2277 nisi
1347 2226 1438 2293 qui
1483 2225 1840 2279 ascenderunt
1886 2225 2094 2295 equos?
2125 2227 2306 2295 Equos

748 2322 928 2366 autem
955 2312 1136 2367 divina
1173 2313 1448 2384 Scriptura
1473 2332 1570 2386 pro
1606 2332 1755 2371 more
1795 2330 1951 2372 vocat
1976 2335 2071 2372 eos
2101 2321 2194 2388 qui
2225 2320 2304 2374 ef-

751 2404 957 2459 frenate
996 2408 1060 2458 ad
1096 2406 1396 2476 voluptates
1428 2408 1735 2475 declinant;
1784 2410 1931 2478 iuxta
1974 2412 2136 2464 illud:
2169 2411 2304 2480 Equi

749 2495 1034 2561 eﬁ'eminati
1083 2497 1211 2563 facti
1254 2507 1394 2554 sunt.
1432 2497 1797 2568 Unusquisque
1829 2501 1897 2552 ad
1933 2516 2146 2553 uxorem
2183 2517 2304 2569 pro-

746 2585 878 2637 ximi
911 2586 993 2636 sui
1025 2584 1287 2637 hinniebat
1323 2585 1387 2637 ⁸⁸.

817 2675 868 2727 8.
911 2674 984 2728 Tu
1034 2676 1282 2729 terribilis
1312 2693 1384 2741 es,
1416 2687 1464 2730 et
1494 2678 1611 2746 quis
1643 2679 1846 2732 resistet
1887 2679 2020 2732 tibi?
2047 2678 2100 2732 Si
2135 2681 2301 2742 enim,

747 2766 939 2834 inquit,
987 2767 1240 2821 clauserit
1271 2777 1457 2822 contra
1490 2770 1759 2825 hominem
1781 2811 1796 2835 ,
1831 2771 1954 2841 quis
1996 2772 2304 2840 aperiet”?

739 2857 893 2925 juxta
927 2857 1077 2913 Isaia:
1102 2875 1308 2914 vocem.

813 2951 865 3004 9.
904 2949 976 3004 De
1007 2951 1133 3004 caelo
1177 2953 1415 3004 auditum
1460 2953 1630 3019 fecisti
1654 2953 1937 3019 judicium.
1970 2953 2180 3022 Nullus,
2215 2955 2300 3010 in-

745 3042 877 3109 quit,
926 3042 1030 3095 erit
1080 3041 1158 3095 eis
1205 3041 1536 3097 delensionis
1582 3044 1732 3098 locus
1772 3062 1894 3099 cum
1945 3048 2236 3116 punientur
2283 3067 2297 3102 :

1585 376 1642 432 S.
1684 375 2058 432 ATHANASII
2093 375 2242 432 OPP.
2288 375 2470 430 PARS
2502 374 2588 431 Ill.
2627 406 2695 416 —
2735 372 3128 431 EXEGETICA

3873 374 3966 428 ειι

2498 498 2949 566 Ἐταρὰχθησαν
2991 497 3212 562 πάντες
3256 499 3309 549 ol
3332 499 3611 551 ἀσύνετοι
3642 494 3717 561 τῇ
3741 494 3965 561 καρδίᾳ.

2415 591 2477 643 Οἱ
2515 591 2588 660 μὴ
2622 590 2901 660 δεξάμενοι
2933 590 3025 643 τὸν
3055 589 3329 659 φωτισμὸν
3361 590 3450 642 τὸν
3481 589 3569 642 διὰ
3596 588 3691 641 τοῦ
3727 587 3968 655 Πνεῦμα-

2414 697 2528 742 τος,
2556 684 2611 732 ἐν
2635 681 2858 751 ταράχῳ
2891 681 2984 733 καὶ
3017 680 3160 750 σάλῳ
3192 681 3528 750 γενήσονται.
3569 678 3661 731 τοῦ
3687 677 3832 730 θείου
3858 681 3969 730 ἑπι-

2414 772 2670 839 φανέντος
2701 772 3071 842 δικαστηρίου.
3124 773 3456 823 ’Υπνωσαν
3501 771 3700 823 ὕπνον
3758 767 3966 828 αὐτῶν,

2413 862 2510 916 καὶ
2539 865 2651 930 οὐχ
2681 859 2858 930 εὗρον
2881 862 3078 916 οὐδέν.
3118 861 3392 932 Ἀμελείᾳ,
3429 863 3582 931 φησὶ,
3618 861 3712 913 καί
3739 860 3968 930 ῥᾳθυμίᾳ.

2413 953 2848 1022 παραδεδωκότες
2901 955 2990 1006 τὸν
3030 954 3144 1023 βίον
3175 954 3315 1007 κατὰ
3345 954 3435 1006 τὸν
3466 954 3653 1024 καιρὸν
3697 953 3799 1022 τῆς
3831 952 3970 1014 θείας

2414 1045 2667 1114 κρίσεως,
2691 1045 2768 1108 ὡς
2784 1046 2934 1097 οὐδὲν
2965 1041 3120 1116 εὗρον
3149 1046 3372 1107 ἑαυτοὺς
3399 1046 3478 1107 εἰς
3505 1045 3603 1106 τὰς
3631 1047 3819 1115 χεῖρας
3843 1061 3968 1096 κατ-

2411 1135 2648 1202 έχοντας,
2707 1136 2758 1187 οἱ
2801 1135 2964 1188 πάλαι
2996 1138 3054 1187 ὲν
3085 1135 3163 1205 τῷ
3205 1135 3382 1204 θνητῷ
3409 1134 3507 1205 βίῳ
3540 1135 3803 1187 πλούσιοι.
3851 1135 3969 1197 Πῶς

2410 1225 2515 1296 γὰρ
2544 1227 2637 1279 καὶ
2670 1225 2811 1296 εἶχον
2840 1229 3018 1299 εὑρεῖν
3047 1227 3082 1280 ἃ
3123 1229 3223 1280 οὐκ
3269 1230 3618 1299 εἰργάσαντο;
3672 1226 3894 1291 Πάντες
3920 1230 3969 1279 oi

2410 1316 2622 1383 ἄνδρες
2651 1320 2754 1370 τοῦ
2782 1319 3048 1372 πλούτου
3070 1320 3284 1388 χερσὶν
3310 1319 3526 1373 αὐτῶν.
3573 1319 3629 1372 '0
3661 1319 3717 1372 δὲ
3751 1319 3970 1388 Σύμμα-

2410 1418 2504 1470 χος
2531 1401 2721 1466 οὕτως’
2759 1404 2986 1470 Πάντες
3021 1409 3074 1458 ol
3103 1405 3316 1474 ἄνδρες
3365 1409 3419 1460 ol
3458 1408 3692 1475 ισχιιροὶ
3719 1408 3825 1472 τὰς
3856 1407 3968 1475 χεῖ-

2402 1510 2516 1560 ρας
2534 1493 2752 1549 αὐτῶν.
2772 1496 2936 1549 Οὐδὲν
2961 1498 3176 1560 αὐτοὺς.
3211 1499 3395 1568 φησὶν,
3427 1499 3604 1569 ὢνησε
3635 1499 3743 1551 τῶν
3776 1499 3968 1570 χειρῶν

2409 1585 2440 1653 ὴ
2468 1582 2644 1654 ῥώμη,
2674 1584 2738 1638 δι’
2763 1580 2830 1656 ἧς
2851 1587 2959 1640 τῶν
2985 1588 3237 1642 ἁπάντων
3266 1589 3535 1660 ἁρπάσειν
3566 1590 3968 1659 προσεδόκησαν

2411 1673 2656 1732 πλοῦτον.
2713 1679 2821 1730 Καὶ
2885 1678 3147 1733 διδάσκων
3200 1680 3253 1733 τί
3285 1682 3486 1752 δήποτε
3536 1681 3685 1734 οὐδὲν
3725 1681 3968 1734 ἐντεῦθεν

2411 1763 2713 1829 ἀπώναντο,
2749 1769 3044 1837 ἐπήγαγεψ

2493 1857 2632 1910 Ἀπὸ
2667 1858 3059 1927 ἐπιτιμήσεὼς
3086 1877 3223 1924 σου,
3253 1865 3285 1915 ὁ
3309 1861 3450 1928 Θεὸς
3484 1863 3704 1926 Ἰακὼϐ,
3722 1864 3971 1918 ἐνύστα-

2407 1946 2522 2010 ξαν
2561 1951 2614 2001 ol
2651 1950 3063 2018 ἐπιϐεϐηκότες
3095 1953 3219 2020 τοῖς
3248 1955 3472 2019 ἵπποις.
3544 1954 3968 2025 Ἐξενεχθείσης.

2406 2040 2556 2107 φησὶ,
2606 2041 2705 2110 τῆς
2731 2045 2846 2093 κατ’
2879 2043 3056 2096 αὐτῶν
3110 2035 3324 2108 δικαίας
3351 2045 3548 2114 ψήφου,
3612 2047 3776 2099 οἱονεὶ
3823 2048 3969 2117 ὕπνῳ

2407 2131 2498 2183 καὶ
2552 2133 2705 2202 κάρῳ
2761 2135 3166 2204 παραδέδονταιο
3223 2138 3499 2190 τουτέστιν
3555 2139 3833 2192 ἀνανεύειν
3874 2142 3970 2192 οὐκ

2410 2221 2651 2290 ἴσχυσαν.
2673 2224 2826 2288 Τίνες
2844 2226 2898 2278 δὲ
2915 2220 3058 2279 οὗτοι
3079 2228 3110 2298 ἦ
3139 2228 3187 2280 οἱ
3204 2226 3589 2298 ἐπιϐεϐηκότες
3610 2231 3723 2291 τοῖς
3750 2231 3935 2292 ἵπποις
3955 2247 3968 2293 ;

2407 2311 2639 2375 Ἵππους
2691 2313 2746 2365 δὲ
2773 2316 2805 2382 ἡ
2839 2313 2959 2367 θεία
2993 2315 3179 2385 Γραφὴ
3199 2315 3258 2380 ἐξ
3290 2316 3441 2378 ἔθους
3466 2317 3619 2368 καλεῖ
3647 2317 3773 2378 τοὺς
3807 2317 3966 2384 ἀσχέ-

2403 2415 2510 2462 τως
2539 2402 2919 2465 ἐκκεκλικὸτας
2951 2404 3080 2474 πρὸς
3108 2404 3320 2474 ἡδονάςο
3357 2404 3497 2457 κατὰ
3529 2406 3608 2469 τὸ,
3638 2407 3844 2459 Ἵπποι
3872 2409 3965 2472 θη-

2404 2490 2688 2555 λυμανεῖς
2713 2490 3088 2560 ἐγενήθησαν
3111 2510 3123 2522 ·
3153 2493 3413 2559 ἕκαστος
3449 2495 3545 2547 ἐπὶ
3576 2493 3689 2562 τὴν
3715 2495 3963 2565 γυναῖκα

2404 2580 2511 2633 τοῦ
2541 2584 2808 2648 πλησίον
2851 2585 3033 2637 αὑτοῦ
3057 2585 3444 2653 ἐχρεμέτιζεν.

2474 2669 2556 2723 Σὺ
2587 2673 2837 2739 φοϐερὸς
2863 2669 2934 2736 εἴ,
2966 2675 3060 2726 καὶ
3096 2677 3184 2741 τίς
3212 2675 3638 2740 ἀντιστήσεται
3664 2691 3806 2738 σοι;
3845 2676 3967 2728 Ἐὰν

2405 2762 2510 2829 γὰρ
2560 2761 2745 2836 κλείσῃ
2795 2764 2932 2817 κατὰ
2963 2765 3269 2838 ἀνθρώπου,
3323 2767 3405 2830 τίς
3433 2767 3635 2830 ἀνοίξει
3661 2784 3675 2830 ;
3706 2768 3846 2820 κατά
3872 2769 3968 2838 τὴν

2415 2851 2631 2904 Ἡσαΐου
2672 2855 2873 2924 φωνήν.

2483 2944 2584 2996 Ἐκ
2617 2945 2723 2999 τοῦ
2756 2947 3013 3014 οἰιρανοῦ
3045 2949 3370 3014 ἠκούτισας
3396 2952 3617 3017 κρίσιν.
3676 2953 3965 3024 Οὑδεμίαν,

2401 3035 2584 3103 φησὶν,
2623 3036 2918 3104 ἀπολογίαν
2970 3038 3149 3103 ἕξουσι
3196 3041 3565 3109 κολαζόμενοι·
3624 3044 3966 3116 προεκήρυξε

745 3132 1121 3198 praanuntiavit
1168 3135 1309 3186 enim
1345 3134 1449 3188 illis
1489 3150 1608 3203 quae
1640 3136 1880 3189 divinum
1911 3138 2142 3194 tribunal
2175 3153 2299 3207 spe-

2402 3121 2506 3193 γὰρ
2545 3125 2726 3187 αὐτοῖς
2750 3124 2817 3177 τὰ
2853 3125 2977 3196 περὶ
3012 3125 3106 3179 τοῦ
3142 3125 3284 3179 Gelon
3312 3128 3680 3200 δικαστηρίου.
3713 3132 3804 3200 Γῆ
3831 3134 3968 3203 ἐφο-

743 3230 912 3275 ctant.
964 3220 1123 3276 Terra
1155 3226 1386 3291 tremuit,
1431 3235 1482 3279 ct
1522 3226 1732 3295 quievit.
1761 3225 1978 3280 Terram
2029 3227 2117 3281 hic
2141 3239 2298 3283 vocat

2402 3211 2570 3279 σήθη,
2606 3214 2702 3266 καὶ
2733 3214 3032 3281 ἡσύχασε.
3081 3216 3187 3285 Γῆν
3249 3215 3480 3269 ἐνταῦθα
3513 3199 3694 3271 πᾶσαν
3727 3199 3832 3272 τῶν
3863 3199 3964 3272 αν-

745 3323 911 3368 totam
945 3315 1224 3369 hominum
1273 3327 1545 3379 naturam,
1581 3333 1701 3385 quae
1740 3327 1865 3372 tunc
1904 3317 2293 3376 reformidabit.

743 3401 912 3458 Nemo
943 3404 1087 3458 enim
1117 3413 1245 3458 tunc
1269 3405 1372 3458 erit
1400 3405 1528 3474 quin
1556 3406 1919 3473 pertimescat,
1949 3406 2036 3459 illa
2062 3407 2296 3462 instante

740 3494 845 3547 die.

813 3582 969 3652 [Cum
1017 3583 1191 3645 enim,
1233 3585 1436 3653 inquit,
1471 3584 1611 3641 Deus
1642 3587 1717 3641 sis
1747 3587 2004 3651 ccclesiis,
2040 3589 2294 3658 judicasti

738 3683 790 3727 et
817 3673 1080 3742 judicium
1116 3674 1287 3731 fecisti
1331 3676 1675 3731 manifestum
1696 3717 1710 3742 ,
1749 3678 1895 3732 ultus
1927 3679 2176 3738 inimicos
2203 3680 2294 3738 Je-

739 3762 1065 3838 rosolymaa.]

813 3851 893 3907 10.
924 3853 1052 3907 Cum
1094 3865 1390 3925 exsurgeret
1425 3855 1480 3909 in
1515 3856 1781 3924 judicium
1812 3858 1984 3926 Deus,
2031 3871 2090 3914 ut
2123 3862 2292 3919 salvos

738 3945 928 4010 faceret
972 3961 1144 3999 omnes
1189 3957 1486 4000 mansuetos
1535 3958 1706 4004 terra.
1749 3948 2036 4016 Divinum,
2087 3953 2291 4021 inquit,

738 4031 969 4092 tribunal
999 4035 1292 4090 mansuetis
1321 4036 1545 4091 salutem
1576 4039 1810 4092 tribuet:
1839 4041 2292 4109 quemadmodum

736 4137 919 4177 revera
951 4125 1208 4195 supplicia
1237 4127 1385 4181 dabit
1410 4129 1802 4196 peccatoribus.

807 4278 890 4331 Η.
946 4279 1206 4343 Quoniam
1239 4281 1487 4350 cogitatio
1533 4284 1756 4338 hominis
1791 4288 2126 4356 conﬁtebitur
2173 4292 2286 4345 tibi.

736 4367 1005 4426 Sistemur
1036 4381 1159 4425 ante
1187 4372 1511 4427 horrendum
1543 4376 1670 4429 illud
1705 4379 1957 4442 tribunal,
1984 4396 2089 4434 non
2115 4383 2290 4437 solum

732 4461 798 4515 de
833 4463 898 4517 iis
926 4479 1046 4532 quae
1077 4463 1321 4529 fecimus,
1353 4467 1444 4520 sed
1484 4468 1644 4521 etiam
1680 4470 1745 4523 dc
1778 4471 1843 4524 iis
1875 4488 1994 4540 qua:
2032 4474 2292 4544 cogitavi.

735 4567 874 4614 mus,
912 4555 1174 4608 rationem
1206 4555 1404 4610 daturi.
1437 4556 1501 4610 Et
1532 4558 1765 4628 rcliqula.’
1793 4564 2122 4631 cogitationis
2151 4566 2290 4619 diem

731 4642 919 4709 festum
949 4655 1099 4712 agent
1136 4647 1252 4699 tibi.
1287 4645 1546 4715 Reliqui-.L-
1579 4651 1924 4720 cogitationis
1950 4665 2076 4708 sunt
2102 4657 2289 4726 puriﬁ-

729 4745 848 4788 cata
893 4738 1164 4805 cogitatio,
1197 4739 1248 4790 in
1291 4755 1356 4793 eo
1402 4742 1544 4808 quod
1594 4744 1868 4798 residuum
1914 4746 2016 4800 erit
2060 4763 2154 4815 per
2186 4749 2290 4803 ele-

730 4826 959 4878 ctionem
1001 4826 1204 4895 gratia.
1237 4824 1292 4880 Si
1333 4827 1493 4898 igitur
1542 4829 1632 4884 illo
1664 4841 1900 4899 tempore
1938 4848 2068 4900 pura
2106 4833 2290 4900 depre-

730 4915 996 4967 hendatur
1025 4917 1280 4985 cogitatio
1321 4933 1460 4982 esse,
1492 4928 1619 4975 tunc
1655 4921 1958 4976 festivitatis
1983 4933 2089 4977 tua:
2119 4925 2286 4992 parti-

729 5019 853 5074 cepe
881 5005 1003 5061 erit.

800 5094 1084 5167 [Quoniam
1116 5101 1366 5169 cogitatio
1388 5101 1612 5154 hominis
1639 5103 1970 5171 confitebitur
2000 5107 2112 5160 tibi.
2139 5105 2284 5172 Quo-

728 5190 871 5243 niam
905 5191 1084 5245 omnis
1117 5191 1320 5261 lingua,
1347 5192 1524 5246 omnis
1563 5194 1837 5263 cogitatio,
1870 5211 2030 5250 omne
2063 5198 2284 5251 ratioci-

727 5282 876 5334 nium
944 5281 1284 5337 coniitebitur
1345 5282 1572 5339 Domino
1638 5286 1692 5339 in
1756 5295 1998 5355 tempore
2055 5289 2278 5358 judicii,

725 5372 942 5439 quando
971 5374 1132 5427 etiam
1165 5376 1374 5428 occulta
1411 5375 1462 5429 in
1494 5375 1768 5444 publicum
1799 5377 2185 5452 proferentur.]

795 5461 881 5515 12.
923 5462 1107 5517 Vouete
1145 5478 1194 5518 et
1241 5467 1439 5520 reddite
1474 5467 1694 5520 Domino
1729 5467 1833 5522 Deo
1864 5482 2047 5524 vestro.
2078 5473 2155 5526 Ad
2190 5491 2281 5529 co-

724 5551 1078 5608 hortationem
1132 5571 1310 5610 sermo
1359 5558 1707 5610 convertitur.
1756 5559 2051 5628 Quoniam,
2085 5562 2276 5633 inquit,

794 5726 840 5758 "
861 5726 1054 5782 Jerem.
1085 5744 1132 5791 ν,
1167 5728 1216 5784 8.
1297 5731 1339 5762 ⁸⁸
1379 5728 1482 5786 lsa.
1523 5748 1657 5796 xxii,
1681 5731 1768 5786 2‘2.

2397 3301 2627 3374 Θρὼπων
2654 3305 2750 3375 τὴν
2777 3305 2937 3374 φύσιν
2953 3307 3135 3376 φησὶν,
3161 3307 3194 3376 ἢ
3225 3308 3318 3360 καὶ
3344 3307 3597 3362 δειλιὰσει
3617 3309 3760 3362 τότε.
3781 3310 3965 3373 Οὐδεὶς

2396 3393 2502 3464 γὰρ
2540 3394 2687 3447 ἔσται
2720 3396 2839 3448 τότε
2874 3396 2932 3459 ὃς
2966 3398 3026 3449 οὐ
3062 3397 3344 3468 φοϐηθείη,
3396 3399 3610 3468 ἐκείνης
3668 3403 3965 3471 ἐπιστάσης

2394 3485 2492 3553 τῆς
2522 3486 2750 3556 ἡμέραςο

2468 3575 2748 3647 [Οὐράνιος
2775 3578 2902 3649 γὰρ,
2947 3580 3099 3650 φησὶ,
3138 3578 3268 3643 Θεὸς
3302 3578 3397 3644 ὢν,
3429 3579 3674 3652 ἔκρινας,
3724 3583 3820 3635 καὶ
3867 3584 3964 3655 τὴν

2397 3668 2574 3738 κρίσιν
2614 3669 2872 3739 ἐποίησας
2911 3670 3146 3742 ἔνδηλον,
3179 3673 3496 3743 τιμωρήσας
3526 3673 3648 3734 τοὺς
3677 3674 3960 3744 πολεμίους

2326 3780 2328 3782 τ
2394 3762 2494 3830 τῆς
2532 3761 2936 3833 Ἰερουσαλήμ]

2457 3851 2562 3915 Εἰς
2611 3851 2678 3904 τὸ
2723 3852 3055 3917 ἀναστῆναι
3089 3855 3176 3916 εις
3229 3854 3430 3921 κρίσιν
3483 3856 3587 3909 τὸν
3631 3857 3802 3917 Θεὸν,
3856 3855 3960 3909 τοῦ

2394 3938 2587 3991 σῶσαι
2641 3939 2871 4004 πάντας
2919 3941 3059 4007 τοὺς
3099 3942 3300 4009 πραεῖς
3343 3943 3453 4011 τῆς
3508 3944 3638 4015 γῆς.
3687 3945 3762 3998 Τὸ
3798 3946 3958 4009 θεῖον,

2394 4031 2545 4099 φησὶ,
2579 4029 2924 4102 δικαστήριον
2945 4024 3057 4096 τοῖς
3082 4035 3309 4104 πραέσιν
3354 4036 3619 4089 ἀποδώσει
3649 4038 3749 4108 τὴν
3786 4055 3957 4106 σωτη-

2397 4119 2536 4190 ρίαν*
2569 4119 2756 4191 ὥσπερ
2782 4121 2975 4192 ἀμέλει
3015 4123 3107 4176 καὶ
3163 4127 3273 4189 τοῖς
3298 4125 3637 4196 ἁμαρτωλοῖς
3671 4127 3769 4190 τὰς
3801 4127 3956 4181 κολά-

2395 4226 2506 4272 σεις
2539 4211 2879 4266 ἀποδίδωσιν.

2465 4303 2590 4356 Ὅτι
2619 4302 2902 4373 ἐνθύμιον
2937 4305 3248 4374 ἀνθρώπου
3285 4307 3794 4378 ἐξομολογήσεταί
3839 4328 3953 4366 σοι.

2397 4394 2858 4466 Παραστησόμεθα
2912 4399 2968 4449 ἐν
3019 4399 3209 4469 ἐκείνῳ
3248 4399 3326 4469 τῷ
3376 4399 3592 4470 φοϐερῷ
3636 4399 3864 4470 βήματι,
3896 4402 3954 4456 οὐ

2397 4484 2554 4554 μόνον
2608 4479 2682 4538 ὧν
2715 4486 3056 4557 ἐπράξαμεν,
3093 4489 3230 4542 ἀλλὰ
3293 4491 3384 4543 καὶ
3441 4485 3515 4544 ὧν
3558 4491 3956 4568 βεϐουλεύμεθα

2393 4572 2617 4636 εὐθύνας
2645 4575 3051 4645 ἀπαιτούμενοι.
3079 4578 3183 4630 Kal
3208 4578 3642 4650 ἐγκατάλειμμα
3669 4583 3954 4652 ὲνθυμιόυ

2392 4661 2659 4730 ἑορτάσει
2687 4679 2805 4718 σοι.
2857 4666 3300 4740 Ἐγκατάλειμμα
3332 4670 3585 4741 ὲνθυμέου
3623 4672 3651 4724 ὁ
3684 4676 3955 4747 κεκαθαρ·

2395 4753 2552 4821 μένος
2578 4755 2692 4807 ὲστί
2725 4755 3001 4826 λογισμὸς,
3041 4759 3177 4812 κατὰ
3226 4760 3287 4813 τὸ
3312 4761 3518 4831 λεῖμμα
3565 4763 3683 4815 κατ’
3721 4765 3953 4838 ἐκλογὴν

2391 4843 2629 4914 χάριτος.
2688 4845 2902 4918 Ἐπειδὴ
2931 4847 2996 4900 ἂν
3021 4845 3132 4914 οὖν,
3169 4851 3351 4921 φησὶν,
3381 4853 3438 4906 ὲν
3462 4852 3654 4924 ἐκείνῳ
3675 4855 3752 4927 τῷ
3780 4861 3953 4932 καιρῷ

2390 4933 2626 5004 καθαρὸς
2662 4935 2855 5004 εὑρέθη
2886 4937 3163 5010 λογισμὸς,
3193 4943 3310 4996 τότε
3347 4943 3409 5014 δὴ
3436 4944 3557 4997 τότε
3605 4947 3698 4998 καὶ
3723 4948 3828 5019 τῆς
3856 4953 3952 5022 n+5

2388 5026 2676 5094 μετα).ἁὸοι
2703 5027 2915 5098 ἑορτῆς.

2453 5117 2596 5188 [Ὅτι
2625 5119 2874 5190 ἐνθύμιον
2899 5121 3181 5193 ἀνθρώπου
3223 5124 3673 5200 ἐξομολογήσεται
3697 5149 3802 5186 σοι.
3836 5136 3950 5186 Ὀτι

2382 5209 2529 5260 πᾶσα
2555 5209 2770 5276 γλῶσσα
2795 5249 2810 5274 ,
2851 5212 2942 5265 καὶ
2976 5215 3082 5276 πᾶς
3113 5214 3367 5287 λογισμὸς
3399 5221 3492 5273 καὶ
3517 5221 3816 5294 ἐνθύμημα
3870 5225 3950 5289 ἐξ·

2382 5299 2768 5370 ομολογήσεται
2799 5301 2875 5372 τῷ
2900 5303 3082 5376 Κυρίῳ
3111 5308 3168 5360 ἐν
3180 5308 3255 5378 τῷ
3274 5309 3372 5380 τῆς
3388 5311 3620 5384 κρίσεως
3637 5317 3839 5388 καιρῷ,
3866 5321 3948 5370 ὅτε

2388 5390 2479 5442 καὶ
2507 5389 2575 5442 τὰ
2603 5393 2817 5462 κρυπτὰ
2843 5392 3309 5472 θριαμϐεύονται.]

2453 5479 2746 5545 Εῡξασθε,
2805 5487 2903 5539 καὶ
2947 5487 3201 5542 ἀπόδοτε
3231 5493 3426 5559 Kvpltp
3473 5492 3549 5558 τῷ
3595 5497 3718 5563 Θεῷ
3763 5499 3943 5566 ὑμῶν.

2399 5569 2518 5623 Ἐπὶ
2548 5575 2860 5644 παραίνεσιν
2882 5581 2909 5631 ὁ
2944 5579 3098 5648 λόγος
3131 5581 3408 5652 τρέπεται.
3467 5586 3686 5661 Ἐπειδὴ
3715 5591 3781 5644 τὰ
3803 5594 3946 5664 εἰρη-
