4094 6312
735 388 840 445 547
1577 376 1634 430 S.
1680 370 2049 429 ATHANASII
2089 368 2217 429 OPP
2277 367 2457 424 PARS
2493 368 2578 421 ΙΙΙ.
2621 399 2690 408 -
2729 359 3136 419 EXEGETICA.
3844 348 3946 402 548

741 501 802 556 Et
828 505 930 555 hoc
961 512 1044 551 me
1071 495 1124 548 in
1151 499 1474 548 anxietatem
1506 488 1670 542 animi
1695 487 2050 555 conjiciebat:
2087 499 2153 537 ne
2183 482 2295 536 for-

2426 483 2544 534 ουτό
2579 497 2666 551 μοι
2696 477 2791 548 τὴν
2842 471 3076 542 ἀθυμίαν
3113 467 3295 524 ἐκίνει,
3329 465 3388 517 τὸ
3425 463 3496 533 μὴ
3530 463 3634 533 ἄρα
3668 461 3749 524 εἰς
3786 460 3846 511 τὸ
3873 461 3948 563 δι-

737 595 794 648 te
825 593 878 644 in
918 595 1232 658 perpetuum
1265 583 1462 637 deserti
1506 580 1703 636 forent.
1745 577 2149 632 Reminiscehar
2180 576 2298 628 illo-

2426 573 2592 644 ςνεκὲς
2621 569 2799 623 αὐτῶν
2825 570 2856 636 ἡ
2887 561 3200 632 ἀποστροφὴ
3226 559 3468 626 γένηται.
3511 556 3948 624 ’Υπεμιμνησκο-

739 697 860 738 rum
896 681 1106 735 dierum
1138 677 1510 744 antiquorum.

2426 678 2507 730 ιην
2537 659 2757 712 ἐκείνων
2785 656 2892 709 τῶν
2934 651 3172 705 παλαιῶν
3199 651 3436 720 μερῶν.

814 775 898 828 Η.
942 771 1067 826 Hac
1121 739 1344 822 mutatio
1399 767 1626 819 dextera:
1659 762 1886 816 Excelsi.
1918 760 2057 813 Dum
2087 776 2296 814 meeum

2468 753 2627 819 Αὕτη
2674 753 2712 818 ἡ
2763 748 3088 810 ἀλλοίωσις
3121 742 3230 810 τῆς
3255 739 3454 806 δεξιᾶς
3498 739 3604 793 τοῦ
3640 739 3951 805 ’Υψίστοι-σ.

744 875 1043 923 versarem,
1070 853 1267 927 inquit,
1299 855 1655 924 cogitationes
1689 853 1809 906 illas
1843 852 1907 906 de
1933 851 2114 920 populi
2149 851 2301 918 abje-

2426 843 2599 906 ἱινῶν,
2633 841 2785 911 φησι,
2815 839 2939 900 τοὺς
2958 837 3083 908 περὶ
3108 836 3204 903 τῆς
3246 832 3515 902 ἀποϐολῆς
3541 831 3633 883 τοῦ
3662 831 3844 894 ἔθνους
3875 830 3956 880 λο-

743 953 944 1016 ctione,
981 965 1103 1005 sero
1126 949 1341 1002 tandem
1384 945 1642 1010 intellexi,
1692 945 2044 998 mutationem
2085 942 2229 994 illam
2270 957 2300 994 a

2426 936 2648 1005 ἰσμους,
2685 933 2781 1000 ὀψέ
2827 946 2953 982 ποτε
2996 927 3220 996 συνῆκα,
3247 926 3383 994 ὼςή
3434 923 3701 994 μεταϐολὴ
3747 923 3885 991 αὕτη
3925 925 3957 991 ὴ

746 1041 902 1096 bonis
941 1040 1004 1094 ad
1040 1039 1203 1102 mala,
1244 1053 1362 1107 qua:
1386 1037 1582 1107 populo
1606 1035 1854 1104 contigit,
1885 1035 1954 1088 oh
1977 1032 2112 1086 nihil
2152 1032 2298 1086 aliud

2433 1027 2460 1092 Ξ
2488 1027 2703 1094 ἀγαθῶν
2733 1027 2810 1087 εἰς
2847 1021 2992 1076 κακὰ
3045 1019 3380 1088 γεγενημένη
3421 1017 3497 1087 τῷ
3531 1017 3668 1069 ἔθνει
3695 1016 3761 1068 δι’
3809 1016 3958 1067 οὐδὲν

746 1134 1014 1195 evenisse,
1050 1132 1154 1185 nisi
1211 1139 1430 1199 propter
1485 1127 1748 1180 Altissimi
1802 1127 2097 1180 dexteram.
2134 1123 2300 1188 Quasi

2426 1137 2584 1190 τερον
2613 1117 2897 1186 γεγένηται
2930 1113 2962 1183 ἦ
2988 1111 3074 1164 διὰ
3098 1109 3192 1181 τὴν
3221 1110 3312 1162 τοῦ
3353 1109 3604 1177 Ὑψίστου
3633 1107 3835 1171 δεξιάν.
3877 1108 3961 1169 Ὠς

749 1225 990 1294 apertius
1024 1224 1259 1277 diceret:
1305 1221 1531 1289 Propter
1561 1233 1624 1272 ea
1659 1233 1780 1286 qua:
1819 1226 2005 1272 contra
2053 1215 2299 1269 Salvato-

2437 1215 2450 1264 ἱ
2482 1211 2807 1279 σαφέστερον
2839 1206 3041 1272 ἔλεγεν·
3068 1203 3162 1254 Διὰ
3187 1200 3252 1253 τά
3278 1201 3418 1253 κατὰ
3438 1200 3528 1252 τοῦ
3558 1199 3808 1267 Σωτῆρος
3834 1200 3964 1268 Χρι-

749 1292 861 1372 rem
896 1315 1197 1379 Christum,
1230 1313 1323 1384 qui
1358 1324 1442 1366 est
1478 1313 1698 1366 dextera
1732 1309 1928 1372 Patris,
1955 1308 2095 1363 facta
2121 1314 2267 1363 sunt.

2426 1304 2529 1357 πτοῦ
2567 1299 2950 1371 πεπραγμένα,
2993 1297 3051 1358 ὃς
3091 1296 3205 1347 ἐστι
3235 1292 3382 1356 δεξιὰ
3419 1292 3510 1344 τοῦ
3535 1292 3768 1361 Πατρός.

822 1495 908 1548 12.
947 1494 1084 1560 Quia
1107 1510 1300 1547 memor
1333 1508 1420 1545 ero
1449 1491 1514 1544 ab
1547 1490 1697 1542 initio
1724 1488 2044 1542 mirabilium
2073 1496 2300 1540 tuorum.

2475 1482 2601 1533 Ὅτι
2629 1481 3053 1546 μνησθησομαι
3098 1472 3215 1528 ἀπὸ
3247 1469 3351 1539 τῆς
3381 1469 3574 1540 ἀρχῆς
3602 1469 3721 1522 τῶν
3745 1473 3971 1536 θαυμα-

749 1584 1015 1655 Cogitavi,
1071 1585 1265 1652 inquit,
1317 1590 1520 1651 quanta
1562 1582 1696 1650 ipsis
1733 1581 1872 1633 bona
1931 1579 2202 1644 tribuerit,
2253 1587 2305 1632 et

2426 1573 2553 1624 νέων
2583 1585 2718 1623 σου.
2772 1568 3074 1636 Ἐνενόησα,
3111 1565 3293 1634 φησὶν,
3351 1565 3450 1616 ὅσα
3479 1561 3638 1622 αὐτὸς
3664 1561 3846 1621 αὐτοῖς
3889 1562 3970 1612 ὲν-

750 1675 930 1745 qualia
970 1674 1206 1728 vicissim
1259 1673 1539 1726 intulerint
1582 1672 1628 1724 ei
1671 1671 1832 1724 mala.

2426 1661 2638 1726 ιδείξατο
2663 1660 2860 1729 ἀγαθὰ,
2885 1655 2970 1712 οἷα
2998 1659 3054 1711 δὲ
3076 1656 3222 1726 αὐτῷ
3245 1655 3628 1709 ἀνταπέδωκαν
3657 1652 3824 1704 κακὰ.

822 1767 908 1821 15.
947 1765 1014 1818 Et
1065 1765 1352 1818 meditabor
1395 1766 1450 1817 in
1493 1764 1730 1818 omnibus
1755 1763 1996 1831 operibus
2037 1761 2161 1814 tuis.
2190 1759 2301 1814 Etsi

2475 1753 2580 1808 Καὶ
2598 1751 2910 1822 μελετήσω
2962 1751 3030 1802 ἐν
3056 1747 3205 1803 πᾶσι
3233 1746 3354 1812 τοῖς
3383 1745 3576 1814 ἔργοις
3615 1759 3753 1797 σου.
3788 1745 3850 1794 ΕΞ
3879 1743 3977 1831 καὶ

751 1856 896 1909 enim
924 1856 998 1908 illi
1021 1856 1093 1908 ita
1125 1870 1183 1908 se
1209 1855 1493 1923 gesserint,
1551 1863 1605 1906 at
1632 1867 1732 1921 ego
1778 1867 1840 1905 ea
1893 1866 2013 1919 qua:
2056 1851 2123 1904 ab
2151 1850 2304 1904 initio

2426 1845 2595 1909 ιῦτως,
2629 1845 2809 1914 φησὶν,
2858 1842 3073 1902 ἐκεῖνοι,
3125 1839 3236 1892 ἀλλ’
3280 1836 3388 1906 ὲγὼ
3436 1837 3542 1888 ἀπὸ
3564 1834 3662 1904 τῆς
3690 1833 3869 1904 ἀρχῆς
3898 1825 3978 1883 ὧν

755 1945 911 1998 nobis
937 1945 1212 2006 contulisti
1243 1943 1502 1997 beneﬁcia
1523 1943 1586 1996 ad
1610 1942 1767 1994 linem
1794 1957 1964 2010 usque
1991 1942 2301 1995 recensebo:

2426 1940 2484 2001 :t;
2517 1939 2659 2008 ἡμᾶς
2684 1935 2830 2006 ἧρξω
2853 1930 3197 2003 εὐεργεσιῶν,
3229 1929 3388 2000 μέχρι
3413 1928 3598 1988 τέλους
3627 1925 3977 1995 διεξέλθοιμιο

756 2036 940 2095 idest.
988 2036 1197 2090 nullum
1255 2050 1318 2089 ex
1372 2035 1527 2088 nobis
1586 2033 1797 2088 collatis
1829 2033 1991 2088 bonis
2048 2031 2306 2086 oblivioni

2426 2029 2695 2089 τουτέστιν,
2718 2026 2865 2079 οὐδὲν
2889 2025 2993 2077 τῶν
3020 2025 3074 2076 ἐν
3090 2025 3222 2092 ἡμῖν
3244 2021 3625 2092 γεγενημένων
3644 2017 3827 2071 καλῶν
3838 2017 3981 2088 λήθῃ

760 2125 986 2179 ttadam.

2426 2119 2656 2192 παραδῶ.

831 2216 913 2269 14.
962 2217 1118 2278 Deus,
1151 2218 1205 2268 in
1252 2226 1432 2268 sancto
1469 2217 1552 2268 via
1590 2226 1701 2268 tua.
1737 2214 1994 2269 Sanctum
2028 2223 2182 2269 vocat
2216 2228 2310 2269 aut

2489 2212 2540 2261 Ὀ
2567 2209 2728 2274 Θεὸς,
2767 2209 2836 2261 ἐν
2862 2208 2938 2271 τῷ
2982 2207 3126 2275 ἁγίῳ
3150 2208 3188 2272 ὴ
3239 2204 3378 2269 ὁδός
3406 2219 3541 2257 σου.
3581 2202 3773 2269 ’Ἀγιόν
3814 2216 3982 2268 φησιν

757 2308 1152 2362 sanctiﬁcatum
1201 2309 1567 2376 apostolorum
1622 2309 1873 2372 chorum,
1926 2308 2143 2377 quicum
2196 2318 2309 2360 stu-

2426 2301 2441 2370 ἢ
2471 2302 2560 2353 τὸν
2609 2299 2938 2368 ἡγιασμένον
2968 2298 3072 2349 τῶν
3102 2295 3410 2349 ἀποστόλων
3451 2292 3629 2363 χορὸν,
3684 2292 3803 2362 μεθ’
3829 2292 3886 2343 ὃν
3913 2287 3982 2360 ἦν

760 2400 932 2469 penda
959 2399 1044 2452 illa
1081 2407 1134 2453 et
1161 2399 1341 2452 divina
1376 2399 1529 2468 signa
1561 2400 1783 2464 edebat;
1845 2407 1937 2452 aut
1977 2399 2102 2466 quia
2153 2414 2310 2453 nemo

2426 2392 2670 2446 επιτελῶν
2723 2391 2818 2453 τὰς
2869 2389 3197 2460 παραδόξους
3240 2385 3580 2454 θεοσημείας·
3615 2384 3647 2454 ἢ
3677 2385 3762 2436 ὅτι
3806 2383 3983 2444 οὐδεὶς

758 2501 936 2560 potest
964 2491 1144 2544 venire
1171 2491 1234 2544 ad
1269 2491 1477 2544 Patrem
1505 2492 1606 2542 nisi
1646 2505 1740 2558 per
1775 2490 2072 2554 Christum,
2105 2491 2195 2559 qui
2229 2507 2305 2544 re-

2426 2487 2625 2538 Ξυναται
2651 2483 2819 2536 ἐλθεῖν
2857 2483 2990 2552 πρὸς
3020 2481 3110 2533 τὸν
3134 2478 3346 2549 Πατέρα
3374 2480 3420 2529 εξ
3475 2477 3548 2547 μὴ
3592 2475 3679 2528 διὰ
3711 2473 3980 2545 Χριστοῦ,

757 2597 881 2637 vera
916 2593 1140 2637 sanctus
1171 2592 1275 2648 est,
1301 2591 1483 2649 utpote
1524 2580 1684 2635 Dens.
1729 2582 1858 2648 Quis
1910 2581 2048 2635 Deus
2091 2599 2309 2652 magnus

2426 2580 2466 2640 ὃς
2505 2579 2618 2630 ἐστι
2646 2576 2784 2629 κατά
2812 2575 3065 2644 ἀλήθειαν
3099 2572 3249 2638 ἅγιος
3270 2570 3342 2632 ὡς
3371 2569 3518 2631 Θεός.
3576 2567 3677 2633 Τίς
3715 2568 3864 2631 Θεὸς
3884 2565 3979 2635 μέ-

757 2675 894 2725 sicut
927 2673 1058 2726 Deus
1083 2675 1306 2725 noster?
1344 2670 1606 2726 Omnibus
1636 2673 1937 2737 antecellis,
1972 2688 2004 2726 o
2039 2671 2265 2726 Domine
2294 2691 2306 2725 :

2426 2684 2518 2736 ι’(ις
2547 2669 2625 2731 ὡς
2651 2669 2681 2718 ό
2717 2665 2858 2730 Θεὸς
2884 2663 3084 2732 ήμῶν;
3117 2662 3338 2714 Πάντων
3366 2661 3464 2711 ὑπε
3476 2658 3674 2728 ρέχεις,
3710 2658 3959 2710 Δέσποτα

760 2766 908 2818 solus
943 2765 1084 2817 enim
1115 2781 1232 2833 quae
1267 2766 1346 2820 vis
1378 2766 1644 2818 mirabilia
1675 2765 1938 2832 operaris.

2426 2761 2571 2830 μόνος
2604 2759 2709 2829 γὰρ
2738 2758 2878 2826 ειπερ
2907 2755 3076 2818 θέλεις
3110 2749 3585 2820 θαιιμίιτουργεῖς.

831 2853 918 2907 16.
959 2853 1244 2908 Redemisti
1294 2857 1345 2908 in
1383 2855 1594 2909 brachio
1627 2865 1714 2908 tuo
1757 2855 2004 2922 populum
2056 2862 2222 2917 tuum,
2249 2855 2315 2922 ﬁ-

2499 2849 2841 2919 Ἐλυτρὼσω
2862 2850 2928 2900 ἐν
2963 2846 3039 2912 τῷ
3074 2845 3355 2916 βραχίονί
3385 2861 3497 2897 σου
3529 2843 3630 2894 τὸν
3657 2842 3816 2894 ,λαόν
3847 2855 3986 2900 σου.

786 2947 858 2996 ios
891 2944 1053 2997 Iacob
1093 2956 1141 2998 et
1165 2945 1377 3013 Ioseph.
1415 2947 1550 3013 Ipsis
1588 2946 1730 2998 enim
1782 2945 1971 3014 primis
2003 2945 2315 3014 praedicavit

2426 2941 2553 3006 ῐοὺς
2596 2939 2760 3003 υἱοὺς
2813 2937 3020 2991 Ἰακὼϐ
3048 2935 3144 2986 καὶ
3190 2930 3430 2999 Ἰωσήφ.
3469 2929 3660 2989 Αὑτοῖς
3690 2926 3803 2996 γὰρ
3838 2924 3988 2995 πρώ-

760 3035 1110 3104 Evangelium
1156 3038 1308 3106 regni
1343 3038 1624 3091 cmlorum.
1662 3035 1949 3091 Brachium
1990 3035 2223 3105 Domini,
2261 3039 2311 3093 id

2426 3049 2526 3092 τοις
2553 3027 2782 3098 ἐκήρυξε
2809 3027 2867 3078 τὺ
2894 3023 3221 3092 Εὑαγγέλιον
3246 3022 3343 3089 τῆς
3381 3018 3653 3088 βασιλείας
3675 3016 3787 3069 τῶν
3815 3015 3986 3086 οὐρα-

761 3137 842 3183 est
863 3126 1135 3180 Christus.

2426 3125 2542 3177 νῶν.
2607 3121 2663 3172 Ὁ
2699 3117 2931 3189 βραχίων
2963 3114 3185 3186 Κυρίου,
3215 3111 3484 3164 τουτέστιν
3518 3111 3546 3161 ὁ
3577 3108 3836 3179 Χριστός.

847 3219 930 3271 17.
972 3217 1220 3272 Viderunt
1277 3229 1322 3272 te
1369 3238 1537 3290 aquas,
1586 3220 1746 3284 Deus,
1802 3231 1865 3276 et-
1903 3224 2207 3280 timuerunt.
2252 3223 2315 3277 Et

2484 3209 2746 3266 Εῖδοσάν
2789 3225 2861 3262 σε
2913 3206 3119 3266 ὕδατα,
3160 3206 3192 3256 ό
3223 3200 3383 3265 Θεὸς,
3434 3198 3530 3252 καὶ
3571 3197 3986 3264 ἐφοϐήθησαν.

762 3311 1107 3378 quandonam
1140 3327 1294 3382 aqua:
1326 3313 1568 3366 videntes
1600 3314 1919 3378 timuerunt,
1960 3315 2062 3368 nisi
2098 3316 2315 3384 quando

2426 3303 2525 3356 Καὶ
2560 3302 2688 3354 πότε
2717 3298 2876 3352 αὑτὸν
2909 3297 3085 3348 ἰδόντα
3122 3293 3358 3362 ἐφοϐήθη
3390 3291 3454 3342 τὰ
3485 3289 3670 3350 ὕδατα,
3712 3287 3745 3358 ἢ
3771 3289 3865 3340 ὅτε
3894 3289 3991 3339 ἐπ-

760 3419 912 3458 mare
937 3405 1231 3474 increpavit
1259 3413 1311 3458 et
1345 3406 1655 3458 obmutuit?

2426 3393 2641 3461 ετίμησε
2673 3392 2736 3458 τῇ
2773 3387 3012 3454 θαλάσσῃ
3037 3385 3129 3436 καὶ
3153 3383 3466 3451 πεφίμωτος

833 3494 920 3548 18.
966 3494 1148 3548 Vocem
1191 3496 1440 3549 dederunt
1473 3497 1646 3548 nubes.
1702 3496 1908 3550 Etenim
1962 3499 2167 3566 sagittae
2214 3509 2315 3551 tua:

2487 3479 2698 3547 Φωνὴν
2752 3477 2981 3531 ἔδωκαν
3009 3479 3065 3527 αἱ
3106 3473 3368 3541 νεφέλαι.
3425 3470 3536 3522 Καὶ
3584 3470 3694 3538 γὰρ
3721 3467 3791 3521 τὰ
3827 3468 3990 3531 ,ϐέλη

764 3595 1057 3638 transeunt.
1094 3584 1276 3639 Nubes
1299 3586 1386 3639 hic
1431 3594 1585 3640 vocat
1615 3595 1836 3640 sanctos
1890 3588 2182 3656 apostolos,
2224 3589 2315 3657 qui

2426 3590 2532 3626 σου
2559 3569 3025 3638 διαπορεύονται.
3048 3563 3289 3634 Νεφέλας
3317 3564 3373 3615 ἐν
3406 3561 3614 3623 τούτοις
3646 3561 3771 3623 τοὺς
3799 3559 3992 3627 ἁγίους

763 3682 1040 3735 caelestem
1077 3689 1131 3734 et
1159 3680 1528 3750 evangelicum
1568 3696 1872 3735 sermonem
1914 3681 2313 3735 administrant.

2426 3663 2739 3724 ἀποστόλους
2796 3659 2928 3730 φησὶ
2954 3658 3079 3719 τοὺς
3120 3657 3208 3708 τὸν
3237 3655 3482 3724 οὐράνιον
3514 3653 3606 3704 καὶ
3635 3651 3995 3719 εὐαγγελικδν

767 3774 1004 3844 Sagittas
1037 3782 1214 3827 autem
1253 3781 1409 3828 vocat
1462 3774 1805 3842 operationes
1841 3773 2012 3827 sancti
2058 3771 2314 3842 Spiritus.

2426 3755 2789 3814 διακονοῦντας
2821 3752 2994 3818 λόγον’
3022 3748 3147 3817 βέλη
3177 3747 3231 3798 δὲ
3261 3745 3356 3807 τὰς
3390 3744 3666 3814 ἐνεργείας
3701 3744 3795 3794 τοῦ
3833 3744 3993 3811 ἁγίου

764 3866 994 3920 Perinde
1024 3866 1188 3933 igitur
1209 3874 1292 3919 est
1321 3881 1384 3919 ac
1403 3866 1454 3936 ,εἰ
1483 3865 1685 3920 diceret
1720 3884 1732 3918 :
1767 3866 2120 3934 Operationes
2148 3867 2199 3918 in
2230 3865 2315 3918 di-

2426 3847 2748 3914 [Ινεύματος.
2779 3845 2999 3911 Ὅμοιον
3019 3835 3109 3892 οὖν
3135 3838 3266 3890 ὡσεὶ
3293 3837 3518 3904 λέγοιεν·
3544 3838 3607 3887 Αἱ
3635 3836 3913 3905 ἐνέργειαι
3940 3836 3996 3887 αἱ

766 3957 989 4024 seipulis
1019 3928 1126 4010 tuis
1164 3957 1340 4021 editae,
1378 3929 1474 4025 per
1503 3965 1671 4009 totum
1714 3928 1900 4010 orbem
1938 3957 2134 4010 audita:
2171 3965 2315 4010 sunt.

2426 3939 2497 4000 εἰς
2545 3938 2669 3998 τοὺς
2711 3935 2895 4002 ἁγίους
2944 3949 3037 3984 σου
3075 3929 3317 4001 μαθητὰς
3367 3928 3676 3994 ἐξάκουστοι
3728 3928 3883 3996 πασῃ
3929 3929 3996 3994 τῇ

768 4047 1060 4103 Sciendum
1093 4057 1270 4103 autem
1305 4050 1482 4118 ipsum
1504 4047 1781 4102 Christum
1811 4049 2058 4114 sagittam
2091 4049 2315 4102 electam

2426 4028 2707 4100 οἰκουμένῃ
2736 4025 3038 4094 γεγόνασιν.
3083 4021 3276 4074 ’ἰστέον
3321 4020 3398 4081 δὲ,
3429 4019 3502 4082 ὡς
3525 4020 3618 4071 καὶ
3646 4018 3807 4080 αὐτὸς
3842 4018 3999 4087 βέλος

765 4140 907 4208 apud
969 4137 1162 4192 Isaiam
1224 4139 1542 4209 pr0phetam
1592 4149 1961 4208 nuncupatum
2025 4139 2194 4193 fuisse
2243 4139 2312 4192 ⁸⁷.

2426 4116 2671 4170 ἐκλεκτὸν
2701 4113 2848 4184 παρά
2866 4111 2943 4181 τῷ
2972 4111 3222 4181 προφήτῃ
3247 4107 3442 4178 Ἡσαΐᾳ
3462 4107 3788 4176 ὠνόμασται.
3816 4107 3999 4170 Φωνὴ

775 4229 887 4283 Vox
920 4232 1140 4282 tonitrui
1175 4232 1250 4282 tui
1303 4231 1356 4283 in
1404 4240 1541 4283 rota.
1600 4230 1825 4284 Tonitru
1869 4231 2002 4286 dicit
2045 4233 2315 4303 evangeli-

2426 4209 2529 4277 τῆς
2559 4203 2824 4274 ,ϐροντῆς
2857 4220 2972 4256 σου
2997 4202 3066 4254 ἐν
3099 4199 3175 4264 τῷ
3200 4199 3406 4267 τροχῷ.
3441 4199 3676 4268 Βροντὴν
3710 4199 3800 4248 τὸν
3831 4200 4003 4264 εὐαγ-

765 4337 889 4375 cum
921 4337 1247 4384 sermonem,
1274 4323 1364 4391 qui
1412 4338 1505 4391 per
1544 4330 1713 4375 totum
1750 4323 1934 4376 orbem
1976 4324 2315 4379 vehementer

2426 4299 2629 4368 γελικὸν
2661 4297 2814 4364 λόγον
2859 4295 3022 4364 φησὶ,
3078 4291 3168 4344 τὸν
3206 4294 3704 4358 κατακτυπὴσαντα
3758 4289 3866 4359 τὴν
3907 4291 3986 4341 ὑπ

766 4412 1028 4466 insonuit.
1064 4411 1432 4477 Quamobrem
1455 4413 1862 4482 evangelistam,
1891 4413 2060 4466 tilium
2097 4414 2315 4467 tonitrui

2426 4391 2662 4462 οὐρανόν.
2706 4389 2794 4440 Διὸ
2841 4388 2934 4438 καὶ
2975 4386 3064 4437 τὸν
3108 4381 3490 4450 εὐαγγελιστὴν
3532 4382 3645 4433 υίὺν
3683 4382 4004 4434 ἀπεκάλεσε

765 4503 1056 4573 appellavit
1088 4504 1153 4558 ⁸⁸.
1207 4503 1400 4558 Rotam
1442 4516 1620 4558 autem
1658 4507 1786 4559 dicit
1816 4506 2098 4559 hominum
2132 4508 2315 4572 vitam,

2429 4485 2672 4555 βροντῆς.
2717 4478 2920 4551 Τροχὸν
2954 4477 3008 4528 δὲ
3041 4475 3145 4527 τῶν
3192 4473 3488 4542 ἀνθρώπων
3522 4472 3612 4526 τὸν
3659 4472 3772 4542 βίον
3803 4474 4003 4543 φησίν·

767 4605 825 4650 ut
853 4611 917 4649 ex
946 4593 1224 4649 Ezechiele
1275 4596 1516 4650 ediscere
1553 4606 1635 4650 est
1675 4597 1742 4650 δ’.
1778 4596 2004 4652 Perinde
2036 4598 2214 4666 itaque
2239 4608 2315 4653 est

2426 4579 2499 4640 ὡς
2540 4576 2630 4628 καὶ
2665 4576 2727 4625 ἐκ
2774 4571 2864 4624 τοῦ
2907 4568 3163 4638 Ἰεζεκιὴλ
3198 4567 3308 4620 ἔστι
3360 4568 3568 4636 μαθεῖν.
3623 4568 3854 4636 ὐμοιον
3911 4567 4010 4618 οὖν

767 4701 830 4743 ac
867 4686 912 4741 si
949 4685 1190 4740 diceret:
1231 4685 1421 4741 Sermo
1459 4696 1584 4741 tuus
1636 4689 1976 4758 evangelicus
2013 4692 2106 4743 toti
2139 4691 2315 4746 homi-

2426 4670 2554 4722 ὡσεὶ
2587 4668 2751 4735 λέγοι·
2790 4667 2846 4717 Ὀ
2881 4664 3036 4730 λόγος
3071 4678 3163 4713 σου
3196 4662 3224 4712 ὁ
3252 4659 3603 4727 εὑαγγελικὸς
3626 4661 3792 4711 παντὶ
3824 4660 4011 4713 διαδέ-

769 4794 898 4832 num
929 4780 1113 4849 generi
1142 4780 1372 4835 traditus
1397 4789 1498 4836 est.
1534 4753 1829 4835 “luxerunt
1853 4782 2065 4852 fulgura
2090 4794 2180 4836 tua
2205 4788 2315 4837 ονῡι

2426 4763 2568 4815 δοται
2592 4757 2908 4830 ἀνθρωπίνῳ
2937 4755 3098 4822 γένει.
3144 4755 3412 4820 Ἕφαναν
3443 4754 3499 4806 αἱ
3546 4753 3854 4818 ἀστραπαί
3888 4771 4011 4806 σου

2473 4853 2497 4858 _
2559 4855 2568 4858 -
2743 4850 2753 4858 .
2889 4850 2928 4858 --
2975 4848 2985 4858 .
3075 4849 3085 4858 .
3225 4845 3244 4858 ..
3339 4839 3359 4858 τ
3496 4845 3509 4858 .
3550 4843 3561 4858 ,
3797 4843 3810 4857 .
3888 4845 3912 4858 ..
3997 4846 4008 4858 .

768 4869 1298 4940 terrw.'Ecqua:nam
1334 4872 1548 4940 fulgura
1578 4873 1795 4937 fuerint,
1824 4875 1928 4928 nisi
1955 4891 2016 4928 ea
2046 4892 2166 4944 qua:
2209 4877 2313 4943 spi-

2426 4853 2497 4921 τῇ
2520 4850 2852 4918 οἰκουμένῃ.
2889 4848 2996 4901 Καὶ
3035 4849 3176 4909 τίνες
3220 4845 3285 4898 ἂν
3313 4843 3419 4895 εἷεν
3455 4845 3510 4894 ai
3539 4843 3824 4912 ἀστραπαὶ
3882 4845 3918 4912 ἢ
3955 4846 4011 4896 αἱ

766 4962 949 5016 rituali
987 4978 1085 5016 nos
1134 4963 1338 5017 lumine
1388 4964 1684 5030 illustrant,
1725 4964 1896 5019 sancti
1949 4935 2154 5019 scilicet
2201 4981 2315 5032 apo-

2426 4945 2479 4997 τὸ
2528 4943 2712 5012 νοητὸν
2749 4943 2878 5010 ἡμῖν
2905 4939 3308 5009 ἀστράπτουσαι
3339 4935 3472 5004 φῶς,
3506 4935 3554 4986 οἱ
3578 4935 3722 5002 ἆγιοι
3757 4935 4012 4988 ἀπόστο-

768 5055 891 5110 stoli
927 5067 980 5109 et
1028 5057 1413 5125 evangelista?
1471 5056 1671 5126 quibus
1725 5057 1974 5111 Salvator
2006 5058 2175 5110 dixit:
2223 5057 2315 5109 Vos

770 5153 894 5184 p.93.
936 5151 1027 5184 lum
1070 5152 1250 5184 mounrl.‘
1279 5152 1324 5183 90
1377 5150 1649 5184 Γηνκηηιοη
1684 5163 1757 5184 οη
1795 5162 1841 5184 ΔΙ
1889 5154 2198 5184 ρηηιεηηνιιὸι
2231 5166 2304 5184 ιη..

2426 5035 2502 5087 λοι
2555 5034 2648 5085 καὶ
2678 5027 3059 5098 εὐαγγελισταί
3088 5044 3102 5090 ;
3149 5021 3228 5088 οἷς
3264 5025 3444 5091 ἔλεγεν
3471 5025 3498 5075 ὁ
3536 5024 3750 5094 Σωτήρ,
3812 5025 4014 5093 Ὑμεῖς

2426 5125 2562 5176 ἐστε
2595 5121 2660 5174 τὸ
2695 5119 2817 5184 φῶς
2850 5118 2956 5172 τοῦ
3004 5117 3250 5184 κόσμου.
3307 5116 3630 5179 Ἐσαλεύθη
3662 5115 3761 5166 καὶ
3797 5115 4016 5184 MF?

2456 5140 2562 5176 στε
2595 5135 2660 5174 το
2695 5139 2817 5189 φως
2850 5137 2956 5172 του
3004 5135 3250 5184 κοσμου.
3318 5135 3630 5179 cornuum]
3662 5135 3761 5166 και
3797 5135 3950 5184 mp

2425 5233 2531 5286 μσς
2557 5212 2805 5283 ἐγενήθη
2832 5211 2870 5276 ὴ
2902 5210 2996 5279 γῆ.
3015 5209 3160 5261 ’Λντὶ
3196 5207 3310 5270 τοῦ,
3361 5205 3713 5270 Ἐξάκουστον
3748 5209 3876 5270 τοῖς
3907 5208 4015 5261 ἀνὰ

2429 5309 2598 5360 πᾶσαν
2626 5305 2723 5375 τὴν
2755 5307 2855 5374 γῆν
2885 5303 3073 5370 γέγονε
3146 5299 3206 5352 τὺ
3232 5301 3489 5370 σωτήριον
3527 5300 3818 5369 κήρυγμα,
3857 5302 3928 5356 δι’
3953 5296 4015 5354 οὗ

2423 5399 2517 5450 καὶ
2540 5396 2700 5465 φόὸος
2729 5395 2886 5462 ἁγνὸς
2909 5392 3110 5452 πάντας
3141 5390 3317 5455 ἔλαϐε,
3347 5391 3484 5443 κατὰ
3503 5391 3581 5442 τόο
3611 5396 4018 5448 Δουλευσατε

2428 5485 2505 5551 τῷ
2559 5485 2747 5553 Κυρίῳ
2802 5485 2870 5537 ἐν
2905 5483 3101 5552 φόϐῳ,
3158 5481 3254 5533 καὶ
3300 5479 3670 5548 ἀγαλλιᾶσθε
3713 5484 3896 5550 αὐτῷ
3949 5487 4019 5540 ἐν

2434 5579 2642 5647 τρόμῳ.

768 5153 894 5206 estis
934 5151 1027 5204 tua;
1070 5152 1251 5206 mundi
1279 5152 1344 5204 ’°.
1377 5150 1650 5205 Commota
1682 5163 1757 5204 est
1793 5162 1841 5205 et
1887 5154 2199 5207 contremuit
2228 5166 2304 5206 ter

771 5260 852 5296 ra.
886 5241 1051 5308 Quasi
1082 5243 1244 5309 dicat,
1277 5244 1472 5297 Audita
1506 5253 1589 5299 est
1609 5245 1677 5298 ab
1705 5245 1958 5298 omnibus
2007 5245 2190 5298 orbem
2233 5246 2315 5297 in-

771 5335 1075 5391 colentibus
1113 5336 1368 5391 salutaris
1411 5335 1722 5404 praedicatio
1754 5375 1767 5399 ,
1807 5350 1903 5404 per
1938 5350 2097 5404 quam
2138 5346 2321 5389 castus

774 5428 940 5482 timor
977 5442 1168 5483 omnes
1207 5429 1511 5498 occupavit,
1559 5427 1712 5498 juxta
1763 5429 1891 5482 illud
1923 5448 1937 5483 :
1973 5427 2169 5482 Servite
2216 5429 2321 5480 Do-

775 5521 913 5574 mino
939 5523 992 5574 in
1015 5522 1216 5587 timore,
1246 5531 1294 5576 et
1317 5521 1574 5575 exsultate
1595 5521 1641 5574 ei
1673 5537 1789 5574 cum
1822 5530 2040 5574 tremore
2080 5520 2143 5572 ⁹¹.

852 5767 894 5799 ⁸⁷
926 5764 1028 5823 lsa.
1064 5784 1204 5832 xux,
1235 5766 1285 5821 ‘2.
1384 5764 1428 5798 "
1454 5763 1616 5820 Marc.
1644 5779 1726 5831 tu,
1758 5765 1838 5818 Π.
1918 5766 1958 5796 ⁸⁷
1990 5762 2183 5818 Ezeelt.
2221 5759 2362 5825 L20.
2441 5758 2483 5790 ’°
2520 5755 2708 5812 Matth.
2743 5773 2794 5820 ν,
2832 5754 2912 5810 Η.
2954 5756 2994 5787 ⁹¹
3023 5753 3165 5810 Psal.
3206 5769 3260 5812 ll,
3306 5749 3382 5804 l1.
