4094 6312
176 386 271 440 349

1204 377 1565 434 EXPOSITIO
1607 376 1671 432 IN
1709 376 2037 434 PSALMUM
2077 378 2329 434 LXXVII.

3278 386 3381 439 350

250 498 353 553 Ἑν
380 496 453 566 τῇ
482 497 764 563 θαλάσσῃ
792 495 928 560 ὁδός
944 509 1077 559 σου,
1101 494 1196 547 καὶ
1229 496 1287 547 αι
1318 494 1497 561 τρίϐοι
1525 509 1641 546 σου
1664 494 1724 545 ἐν

1904 493 1991 546 20.
2025 491 2089 545 1η
2115 496 2247 546 mari
2288 495 2370 545 via
2424 503 2514 545 tua
2553 501 2601 545 et
2630 496 2829 547 semita:
2853 494 3030 548 tumin
3059 494 3207 563 aquis
3242 496 3381 547 mul-

174 588 347 643 ῦδασι
386 585 658 652 πολλοῖς.
704 586 987 638 Θάλασσαν
1018 582 1114 653 μὲν
1158 584 1248 636 τὸν
1304 584 1525 651 κόσμον,
1567 582 1731 635 ὕδατα

172 685 223 736 δὲ
257 682 424 735 πολλὰ
457 680 524 732 τὰ
553 683 607 732 ἐν
636 676 785 747 αὐτῷ
834 678 1064 745 διάφορα
1096 675 1200 726 τῶν
1230 672 1526 744 ἀνθρώπων
1578 674 1726 743 γένη.

183 771 395 840 Ἐπειδὴ
424 771 479 822 δέ
508 772 534 822 6
564 768 792 837 Χριστὸς
842 765 1139 817 ἐνετείλατο
1170 764 1340 830 λέγων
1364 767 1471 827 τοῖς
1504 765 1730 816 ἀποστό-

171 861 293 925 λοις·
330 857 741 926 Πορευθέντες,
773 856 1183 925 μαθητεύσατε
1234 854 1428 907 πάντα
1456 855 1527 907 τὰ
1559 854 1726 920 ἔθνη.

171 954 277 1014 καὶ,
346 950 501 1004 Ἰδοὺ
528 952 655 1017 μεθ’
704 948 867 1016 ὑμῶν
923 949 1038 1015 εἰμι
1080 946 1280 1012 πάσας
1328 946 1433 1011 τὰς
1486 946 1725 1014 ἡμέρας

166 1042 446 1111 διέδραμον
472 1041 524 1092 δὲ
553 1041 650 1109 τὴν
676 1039 763 1090 ὑπ’
788 1037 1138 1108 οὐρανὸνριαὶ
1159 1035 1425 1106 ἐκήρυξαν
1447 1037 1525 1097 εἰς
1556 1036 1729 1088 πάντα

168 1132 228 1182 τὰ
254 1131 403 1199 ἔθνη,
453 1130 698 1188 συνόντος
729 1127 905 1188 αὐτοῖς
939 1126 1181 1203 ψάτως
1215 1124 1453 1195 δηλονότι
1481 1125 1572 1177 τοῦ
1621 1126 1727 1177 Ku-

171 1218 301 1287 ρίου,
339 1216 482 1269 κατὰ
540 1216 638 1276 τὰς
683 1214 927 1283 ἀψευδεῖς
966 1213 1126 1266 αὑτοῦ
1162 1212 1508 1280 ἐπαγγελίας
1539 1212 1725 1265 τούτου

167 1308 317 1378 χάριν
341 1309 601 1376 ἐπήγαγε·
621 1305 728 1358 Καὶ
755 1306 825 1357 τὰ
859 1306 996 1372 ἴχνη
1020 1321 1134 1356 σου
1164 1306 1234 1357 οὐ
1255 1304 1722 1371 γνωσθήσονται,

164 1400 245 1452 διά
276 1401 337 1452 τὸ
368 1401 594 1469 ἀόρατον
628 1401 725 1468 τῆς
762 1398 876 1467 μετ’
923 1396 1101 1450 αὐτῶν
1127 1396 1347 1466 πορείας
1371 1396 1462 1448 τοῦ
1501 1397 1722 1466 Κυρίου.

164 1492 305 1560 Πλὴν
332 1492 428 1544 καὶ
483 1492 639 1559 μόνος
687 1490 847 1551 αὐτὸς
882 1489 955 1552 ὡς
989 1489 1118 1552 Θεὸς
1169 1490 1457 1559 ἐποιήσατο
1506 1490 1597 1540 ἐπὶ
1628 1490 1726 1559 τῆς

164 1583 418 1651 αἰσθητῆς
471 1582 741 1652 θαλάσσης
772 1580 867 1652 τὴν
906 1580 1147 1650 πορείαν,
1195 1579 1269 1643 ὣς
1306 1597 1464 1650 φησιν
1505 1582 1532 1633 ὁ
1561 1580 1724 1648 εὐαγ-

163 1675 431 1743 γελιστής.

238 1767 575 1835 Ὠδήγησας
601 1767 681 1832 ὡς
715 1766 974 1833 πρόϐατα
1005 1762 1111 1816 τὸν
1132 1765 1285 1818 λαόν
1308 1775 1443 1817 σου.
1480 1763 1589 1816 Καὶ
1619 1763 1724 1815 ὦσ-

162 1876 260 1929 περ
302 1859 550 1928 πρόϐατα
596 1859 696 1910 οὐκ
731 1856 909 1909 εἰδότα
948 1857 1069 1909 ὁποι
1105 1872 1163 1909 τε
1220 1856 1405 1909 ἄπεισι
1454 1858 1545 1909 καὶ
1593 1858 1722 1908 ’ὅποι

161 1951 480 2020 πορεύεται,
541 1951 713 2009 οὕτως
764 1950 910 2017 ἡμᾶς
955 1948 1113 2010 αὐτὸς
1157 1948 1362 2017 διῆγες,
1428 1949 1722 2019 ὑπηρέταις

160 2042 291 2112 πρὸς
317 2041 475 2094 τοῦτο
498 2045 610 2104 τοῖς
631 2040 756 2110 περὶ
772 2039 859 2091 τὸν
892 2039 1127 2092 Μωῡσέα
1161 2040 1253 2093 καὶ⁸
1282 2040 1489 2110 ’Λαρὼν
1528 2057 1723 2110 κεχρη-

164 2134 334 2202 μένος.
368 2132 553 2185 Πάντα
609 2132 787 2201 μέντοι
826 2130 931 2183 ἀπὸ
960 2130 1073 2183 τοῦ’
1117 2132 1451 2200 Ἐμνήσθην
1484 2132 1600 2185 τῶν
1634 2135 1724 2201 ἕρ-

161 2239 275 2289 γιοον
329 2222 572 2289 Κυρίου,
640 2221 884 2273 ἀπέδωκε
926 2220 1060 2291 πρὸς
1106 2222 1187 2273 τό’
1246 2221 1587 2289 Ἐμνήσθην
1618 2223 1722 2276 τοῦ

162 2310 324 2377 Θεοῦ,
344 2314 441 2365 καὶ
466 2311 1047 2381 εὐφράνθηνἸούτων
1062 2312 1189 2383 γὰρ,
1216 2316 1397 2383 φησὶν,
1425 2315 1725 2384 ὑπομιμνη-

164 2406 443 2475 σκόμενος,
485 2404 905 2474 παρεκαλούμην
925 2405 1021 2474 τὴν
1050 2405 1283 2457 διάνοιαν
1312 2407 1404 2458 καὶ
1438 2407 1721 2474 εὐφραινό-

163 2512 282 2563 μην.
320 2494 545 2546 Ἐννοῶν
600 2493 705 2563 γὰρ
745 2493 844 2545 ὅσα
885 2509 942 2544 τε
983 2494 1075 2545 καὶ
1109 2488 1194 2545 οἷα
1235 2497 1367 2563 ἡμῖν
1401 2495 1608 2565 ὑπῆρξε
1654 2497 1718 2565 τῇ

161 2587 222 2654 σῇ
259 2583 498 2654 βοηθείᾳ,
532 2584 847 2653 ἐπειθόμην,
876 2583 949 2646 ὡς
974 2584 1073 2635 οὐκ
1094 2585 1158 2637 ἄν
1190 2594 1317 2638 ποτε
1346 2587 1581 2638 τοσαῦτα
1623 2604 1721 2637 πε-

160 2674 395 2745 ποιηκὼς
443 2675 536 2726 ἐπὶ
562 2677 624 2743 τῇ
658 2674 897 2743 ἡμετέρα
928 2674 1167 2743 σωτηρία
1204 2676 1296 2727 καὶ
1334 2679 1399 2746 τῇ
1430 2675 1535 2727 τῶν
1594 2693 1722 2729 κατ-

160 2767 379 2835 εχόντων
408 2766 525 2817 τότε
552 2764 1234 2835 ἀπαλλαγῇ,νῦν’άνάσχοιο
1260 2768 1433 2836 πάντη
1457 2768 1722 2838 {map-ﬁetu

159 2862 296 2928 ἡμᾶς
324 2862 382 2912 ἐν
430 2858 644 2928 δουλείᾳ
676 2875 732 2909 τε
759 2859 915 2920 ὄντας
946 2860 1037 2910 καὶ
1082 2862 1426 2930 αἰχμαλωσίᾳ
1470 2864 1561 2913 καὶ
1590 2879 1723 2931 συμ-

160 2953 309 3021 φορᾷ.
352 2952 454 3004 Ἐν
496 2949 645 3018 χειρὶ
669 2948 893 3016 Μωῦσῇ
921 2950 1015 3002 καὶ
1055 2950 1292 3017 Ἀαρών.
1325 2953 1394 3003 Σὺ
1426 2952 1604 3016 αὐτὸς,
1629 2971 1724 3023 φη-

163 3044 254 3100 σὶν,
280 3035 324 3093 ὧ
353 3042 617 3099 Δέσποτα,
641 3043 668 3093 ό
698 3042 832 3110 μετὰ
862 3041 967 3094 τῶν
998 3042 1163 3109 ἁγίων
1193 3044 1499 3095 ἀποστόλων
1528 3044 1717 3107 συνὼν,

1832 587 1922 639 tis.
1957 585 2103 639 Mare
2130 598 2287 639 vocat
2317 589 2600 649 mundum,
2640 603 2810 657 aquas
2836 596 3012 641 autem
3046 588 3262 649 multas,
3301 588 3354 641 di

1830 693 1980 730 versa
2040 679 2091 729 in
2141 692 2205 731 eo
2257 678 2533 732 hominum
2588 695 2806 748 genera.
2870 678 3135 743 Quoniam
3202 690 3378 731 autem

1827 765 2080 822 Christus
2109 770 2360 839 praecepit
2396 770 2653 838 apostolis
2697 768 2885 823 dicens
2912 770 2993 822 9':
3046 767 3241 821 Euntes
3286 769 3382 821 do-

1828 867 1933 909 cete
1966 874 2141 912 omnes
2168 870 2375 928 gentes;
2400 870 2471 925 et,
2509 860 2644 913 Ecce
2682 861 2945 913 vobiscum
2988 876 3101 912 sum
3144 860 3380 912 omnibus

1828 949 2040 1013 diebus;
2075 950 2175 1019 ipsi
2224 966 2350 1005 vero
2397 960 2565 1005 totum
2625 951 2811 1005 orbem
2870 959 3277 1020 percnrrerunt,
3327 959 3381 1002 et

1828 1039 2253 1107 praedicaverunt
2301 1042 2551 1095 omnibus
2588 1042 2838 1111 gentibus
2861 1082 2875 1105 ,
2924 1040 3155 1093 Domino
3186 1040 3377 1093 invisi-

1827 1131 2028 1195 biliter,
2068 1133 2363 1186 secundum
2388 1148 2608 1187 veraces
2643 1149 2770 1187 suas
2800 1132 3208 1201 promissiones.
3245 1131 3379 1199 ipsis

1826 1218 2148 1285 assi'stente;
2179 1221 2300 1275 ideo
2332 1222 2547 1274 intulit:
2582 1220 2650 1272 Et
2683 1220 2896 1289 vestigia
2935 1230 3022 1272 tua
3054 1236 3152 1271 non
3183 1236 3375 1287 cogno-

1825 1320 2053 1375 scentur,
2107 1311 2176 1365 ob
2231 1312 2555 1366 invisibilem
2615 1310 2825 1364 Domini
2866 1325 3207 1378 progressum
3251 1324 3373 1362 cum

1824 1404 1921 1455 eis.
1946 1400 2209 1455 Caeterum
2247 1402 2362 1469 ipse
2413 1403 2585 1467 solus,
2636 1410 2821 1470 utpote
2854 1399 3017 1463 Deus,
3070 1400 3213 1454 viam
3247 1398 3376 1456 fecit

1824 1494 1877 1547 in
1910 1493 2046 1547 mari
2075 1492 2341 1560 sensibili,
2378 1502 2437 1547 ut
2459 1494 2533 1547 ait
2570 1492 2920 1562 evangelista.

1894 1770 1982 1823 21.
2017 1768 2297 1822 Deduxisti
2326 1770 2460 1821 sicut
2494 1785 2606 1822 oves
2628 1768 2876 1837 populum
2911 1777 3077 1822 tuum.
3107 1768 3377 1834 Quemad-

1824 1862 2041 1915 modum
2066 1876 2193 1914 oves
2226 1876 2343 1929 qua:
2375 1862 2623 1914 nesciunt
2654 1876 2760 1929 quo
2814 1859 3083 1914 vadantet
3118 1861 3206 1914 ubi
3231 1861 3375 1914 ince—

1822 1952 1970 2014 dant,
2012 1952 2091 2005 sic
2152 1966 2251 2004 nos
2300 1952 2414 2019 ipse
2449 1951 2743 2014 deduxisti,
2782 1952 3115 2005 administris
3150 1952 3215 2006 ad
3262 1954 3375 2006 haec

1826 2058 1960 2095 usus
1984 2040 2163 2112 Moyse
2188 2051 2241 2094 ct
2269 2043 2500 2095 Aarone.
2531 2042 2720 2095 Omnia
2752 2043 2929 2111 itaque
2957 2044 3023 2095 ah
3048 2043 3130 2096 his
3162 2043 3371 2097 verbis:

1825 2133 2025 2187 Memor
2050 2134 2128 2199 fui
2154 2149 2366 2200 operum
2398 2132 2629 2197 Domini,
2674 2132 2837 2185 refert
2871 2134 2935 2185 ad
2969 2134 3131 2186 illud:
3173 2132 3377 2186 Memor

1823 2222 1899 2288 fui
1926 2220 2040 2281 Dei,
2070 2230 2117 2273 et
2154 2221 2440 2273 delectatus
2468 2237 2603 2273 sum.
2639 2219 2862 2284 Horum,
2905 2222 3097 2290 inquit,
3128 2225 3377 2275 recorda-

1824 2320 1928 2374 tus,
1965 2311 2264 2365 consolatio
2306 2312 2436 2364 mihi
2465 2321 2519 2364 et
2558 2312 2742 2365 laetitia
2775 2312 2894 2365 fuit.
2920 2311 3056 2365 Cum
3088 2315 3230 2366 enim
3263 2329 3373 2367 me-

1822 2418 1943 2456 cum
1975 2410 2281 2470 reputarem
2329 2410 2531 2468 quanta
2592 2412 2643 2454 et
2697 2403 2876 2469 qualia
2915 2405 3071 2458 nobis
3099 2420 3192 2472 per
3224 2405 3371 2457 auxi-

1822 2495 1954 2547 lium
2012 2504 2163 2547 tuum
2212 2492 2548 2557 obvenerint,
2591 2492 2926 2547 conﬁdebam
2966 2511 3241 2563 nunquam
3291 2495 3372 2548 fu-

1823 2594 2000 2639 turum
2040 2600 2180 2649 esse,
2208 2593 2268 2637 ut
2316 2594 2602 2653 postquam
2646 2599 2743 2654 pro
2773 2595 2956 2638 nostra
2988 2587 3162 2640 salute
3191 2596 3243 2640 et
3276 2602 3373 2656 pro

1822 2675 2137 2730 liberatione
2171 2690 2355 2728 eorum
2392 2676 2484 2743 qui
2517 2676 2643 2729 olim
2693 2677 3072 2730 detinebantur
3117 2687 3262 2731 tanta
3292 2676 3370 2730 ef-

1823 2766 2015 2829 fecisti,
2063 2782 2207 2820 nunc
2260 2765 2401 2819 feras
2432 2776 2485 2819 ut
2537 2766 2805 2834 despicias
2858 2782 2957 2821 nos
3004 2769 3054 2821 in
3094 2770 3371 2834 servitute,

1823 2858 2132 2926 captivitate
2186 2866 2239 2910 et
2294 2858 2600 2911 calamitate
2661 2860 3042 2913 consistentes.
3098 2860 3161 2911 In
3215 2877 3373 2911 manu

1825 2950 1995 3018 Moysi
2021 2959 2068 3003 et
2096 2952 2296 3003 Aaron.
2338 2949 2416 3003 Tu
2450 2951 2581 3019 ipse,
2615 2949 2811 3018 inquit,
2848 2950 3092 3014 Domine,
3131 2952 3220 3019 qui
3268 2966 3373 3005 una

1823 3058 1943 3095 cum
1976 3041 2177 3096 sanctis
2203 3043 2460 3110 apostolis
2491 3059 2569 3104 es,
2606 3043 2733 3096 olim
2773 3058 2865 3111 per
2893 3041 3108 3112 Moysen
3141 3044 3374 3099 etluxisti

160 3134 246 3185 καὶ
280 3133 442 3185 πάλαι
476 3133 606 3185 ποτέ
635 3133 719 3185 διὰ
758 3135 1030 3196 Μωῦσέως
1072 3132 1334 3203 ἐξήγαγες
1365 3135 1420 3201 ἐξ
1451 3136 1718 3199 Αἰγύπτου

1823 3134 2075 3203 populum
2106 3140 2256 3186 tuum
2293 3147 2358 3186 ex
2392 3132 2647 3203 Egypto,
2674 3134 2906 3187 ducihus
2961 3132 3137 3202 Moyse
3166 3144 3220 3188 et
3264 3135 3373 3189 Aa-

158 3226 240 3276 τὺι
259 3224 381 3277 λαόν
417 3242 532 3285 σου,
567 3223 991 3295 στρατηγοῦντος
1018 3225 1290 3287 Μωῦσέως
1314 3228 1404 3277 καὶ
1449 3226 1676 3296 Ἀαρών.

357 3312 671 3379 Συνέσεως
702 3312 781 3378 τῷ
806 3311 1016 3380 Ἀσάφ.
1056 3314 1361 3365 ιιᾺΛΜΟΣ.
1386 3315 1508 3364 OZ'.

797 3405 810 3423 '
823 3408 1128 3469 Υπόθεσις.

158 3497 348 3550 Τοῦτον
373 3498 489 3567 ᾄδει
514 3498 605 3549 τὸν
626 3495 835 3565 ψαλμὸν
871 3496 1061 3564 Ἀσάφ,
1082 3495 1159 3565 τῷ
1181 3494 1280 3561 νέῳ
1306 3494 1417 3564 λαῷ
1448 3494 1721 3565 παραινῶν

227 3589 300 3659 τῷ
328 3589 479 3659 νόμῳ
511 3588 798 3657 προσέχειν
823 3586 1270 3657 τῷεὐαγγελικῴ,
1298 3587 1388 3639 τοῦ
1416 3603 1473 3638 τε
1494 3586 1720 3640 παλαιοῦ

230 3681 435 3733 ἐκείνου
481 3679 589 3731 τῶν
647 3678 912 3731 Ἰουδαίων
945 3677 1118 3747 δήμου
1158 3678 1511 3748 κατηγορῶν,
1550 3679 1616 3730 δι’
1661 3673 1721 3733 οὗ

224 3772 388 3824 πολλά
411 3771 845 3841 εὐεργετημένοι,
879 3770 1090 3832 οὐδενὸς
1131 3769 1555 3838 ἐμνημόνευσαν,
1599 3770 1725 3840 μᾶλ-

224 3860 311 3913 λον
350 3863 407 3915 δὲ
438 3865 533 3914 καὶ
588 3864 666 3924 εἰς
704 3862 1006 3915 τούναντίον
1057 3860 1288 3932 ἔτρεψαν
1357 3861 1454 3924 τὰς
1506 3863 1725 3933 εὐχαρι-

226 3953 395 4015 στίας,
428 3954 719 4023 ἀχαριστίᾳ
746 3952 835 4005 τὸν
865 3953 1156 4022 εὐεργέτην
1179 3954 1544 4024 ἀμειϐόμενοι.

224 4045 577 4113 Προσέχετε,
612 4047 760 4111 λαός
780 4064 922 4114 μου,
947 4048 1053 4097 τὸν
1080 4046 1265 4114 νόμον
1284 4064 1422 4113 μου.
1458 4047 1566 4097 Καὶ
1589 4046 1725 4115 ποίῳ

156 4136 267 4206 λαῷ
303 4137 438 4209 ῆτῷ
468 4137 528 4201 ἐξ
564 4137 731 4190 ἐθνῶν
772 4141 1055 4209 rupae/ei;
1084 4138 1192 4189 Καὶ
1221 4138 1355 4206 ποίῳ
1380 4138 1528 4207 νόμῳ
1560 4154 1726 4207 προσ-

154 4228 297 4297 έχειν
324 4228 753 4299 παρακελεύεται
787 4230 818 4299 ἢ
860 4230 936 4300 τῷ
970 4229 1339 4299 εὐαγγελικῷ;
1371 4230 1493 4281 Ὅτι
1518 4228 1572 4281 δὲ
1600 4229 1725 4292 λαὸς

155 4320 315 4374 αὑτοῦ
341 4322 409 4373 τά
435 4321 584 4390 ἔθνη,
614 4324 643 4374 6
667 4323 946 4393 προφήτης
987 4321 1260 4392 Ζαχαρίας
1301 4321 1456 4390 φησί·
1486 4319 1593 4375 Καὶ
1623 4337 1727 4373 κα-

154 4410 550 4479 τα;;εὑξονται
592 4409 735 4476 Eam
780 4410 978 4463 πολλὰ
1028 4411 1125 4462 ἐπὶ
1178 4411 1283 4462 τὸν
1331 4411 1584 4477 Κύριον,
1627 4409 1723 4462 καὶ

153 4504 397 4557 ἔσονται
450 4501 611 4567 αὐτῷ
652 4505 739 4567 εις
788 4504 959 4556 λαόν.
1010 4504 1264 4556 lilii-are
1309 4501 1375 4555 τὸ
1419 4498 1525 4567 οὖς
1562 4501 1726 4571 ὑμῶν

154 4594 303 4660 πρὸς
353 4594 426 4646 τὰ
474 4592 713 4662 ῥήματα
768 4592 872 4645 τοῦ
921 4594 1217 4661 στόματός
1251 4610 1388 4661 μου.
1429 4591 1726 4663 Προθύμως

151 4686 281 4756 γὰρ,
314 4686 469 4755 φησι,
496 4685 604 4736 τῶν
636 4685 765 4755 παρ’
799 4684 931 4754 ἐμοῦ
961 4684 1265 4753 λεγομένοιν
1296 4683 1581 4737 ἀκούσατε.

220 4774 461 4838 Ἀνοίξω
498 4775 571 4827 ὲν
614 4773 977 4841 παραϐολαῖς
1020 4774 1082 4826 τὸ
1122 4775 1315 4843 στόμα
1348 4792 1488 4843 μου.
1533 4774 1723 4843 Σαφῶς

148 4864 310 4917 τοῦτο
335 4866 365 4917 6
405 4863 795 4933 εὐαγγελιστὴς
834 4865 1141 4934 ἡρμήνευσε
1176 4864 1480 4935 πληρωθὲν,
1511 4864 1598 4917 ὅτε
1624 4864 1725 4925 τὰς

152 4956 352 5020 πολλὰς
392 4954 709 5027 παραϐολάς
740 4950 890 5008 εἶπεν
927 4959 955 5009 ὁ
996 4955 1195 5027 Κύριος
1240 4957 1297 5008 ἐν
1338 4959 1449 5019 τοῖς
1481 4957 1721 5024 Εὑαγγε-

149 5047 307 5109 λίοις.

217 5133 331 5186 Καὶ
377 5135 433 5186 οι
480 5133 729 5202 πατέρες
780 5134 947 5204 ἡμῶν
988 5134 1351 5205 διηγήσαντο
1393 5136 1554 5204 ἡμῖν.
1585 5137 1724 5190 Ὅσα

148 5224 297 5293 παρὰ
345 5222 455 5275 τῶν
492 5225 764 5295 πατέρων,
816 5225 967 5295 φησὶ,
1000 5226 1352 5297 δεδιδάγμεθα
1377 5226 1722 5291 ἀκούσαντες,

148 5314 329 5367 πάντα
356 5313 529 5367 ταῦτα
562 5313 650 5368 δια
688 5315 797 5369 τῶν
833 5318 1007 5388 ἔργων
1052 5319 1142 5372 καὶ
1180 5317 1281 5387 τῆς
1314 5318 1476 5371 αὑτοῦ
1525 5336 1726 5391 παρου-

149 5405 267 5469 σίας
298 5405 644 5476 ἐγνώκαμεν.

218 5502 348 5552 Οὐκ
384 5499 603 5565 ἐκρύϐη
637 5498 752 5552 ἀπὸ
787 5498 902 5553 τῶν
930 5501 1155 5556 τέκνων
1180 5501 1375 5557 αὐτῶν
1400 5505 1482 5568 εἰς
1516 5501 1727 5570 rei-ear

144 5588 380 5659 ἑτέραν.
413 5593 524 5661 Οὐχ
575 5592 757 5667 ἑτέρα,
794 5593 946 5663 φησὶ,
989 5595 1168 5665 γενεᾷ,
1200 5593 1333 5646 ἀλλὰ
1370 5597 1476 5658 τοῖς
1518 5593 1725 5657 τέκνοις

213 5790 256 5820 ³²
287 5788 488 5844 Matth.
522 5805 717 5857 urtn,
757 5790 839 5856 19,
872 5791 961 5846 20.
1020 5794 1066 5827 ³³
1096 5792 1257 5849 Zach.
1295 5809 1351 5855 ιι,
1392 5792 1475 5848 12.

1822 3242 1972 3280 mne.
2001 3316 2302 3370 Intellectus
2329 3315 2525 3384 Asaplt.
2558 3312 2913 3369 PSALMUS.
2944 3312 3235 3368 LXXVII.

2391 3407 2431 3457 Α
2442 3417 2788 3474 rgumentum.

1822 3498 1974 3554 Hunc
2000 3499 2146 3554 canit
2178 3499 2446 3568 psalmum
2490 3498 2691 3567 Asaph,
2731 3513 2927 3551 novum
2981 3499 3238 3566 pOpulum
3283 3500 3375 3552 atl-

1892 3606 2139 3655 monens,
2182 3599 2240 3644 ut
2281 3590 2604 3659 evangelicae
2648 3589 2747 3658 legi
2788 3590 3057 3655 attemlat;
3100 3591 3379 3659 populum-

1895 3698 2001 3751 que
2052 3682 2203 3734 illum
2263 3683 2546 3748 antiquum
2603 3680 2887 3734 Judaicum
2942 3691 3181 3743 accusat,
3234 3682 3378 3749 quod

1892 3774 2078 3829 multis
2111 3773 2344 3841 acceptis
2392 3771 2689 3833 beneﬁciis,
2732 3772 2934 3825 nullius
2968 3787 3233 3826 memores
3262 3773 3379 3826 fue-

1900 3866 2033 3927 rint,
2074 3865 2164 3919 sed
2191 3873 2377 3918 contra
2421 3869 2541 3918 loco
2571 3864 2863 3932 gratiarum
2911 3862 3164 3926 actionis,
3195 3862 3379 3931 ingra-

1899 3956 2129 4010 titudine
2154 3955 2450 4009 beneﬁcum
2484 3955 2903 4009 remnnerarint.

1895 4050 1945 4103 l.
1984 4047 2266 4107 Attendite,
2297 4046 2482 4116 popule
2511 4061 2675 4107 meus,
2722 4049 2881 4115 legem
2920 4061 3109 4098 meam.
3143 4043 3379 4114 Ecquem

1826 4140 2077 4209 populum
2112 4140 2447 4203 cohortatur,
2481 4136 2583 4191 nisi
2629 4136 2720 4204 qui
2747 4152 2813 4190 ex
2845 4136 3094 4204 gentibus
3124 4135 3385 4189 est‘P-Ec-

1825 4233 1911 4287 cui
1938 4232 2037 4301 legi
2071 4230 2345 4284 attendere
2370 4230 2523 4298 jubet
2570 4230 2673 4283 nisi
2714 4228 3067 4298 evangelicaa?
3093 4228 3246 4294 Quod
3281 4244 3385 4282 au-

1828 4332 1932 4377 tem
1968 4331 2152 4390 gentes
2184 4322 2293 4375 sint
2322 4321 2554 4390 populus
2592 4320 2729 4389 ejus,
2780 4320 2829 4372 id
2865 4321 2938 4375 ait
2988 4320 3248 4388 pr0pheta
3281 4318 3385 4376 Za-

1827 4415 2073 4469 charias:
2112 4411 2180 4465 Et
2210 4411 2504 4481 confugient
2536 4423 2707 4480 gentes
2744 4410 2922 4465 multa:
2951 4412 3019 4462 ad
3057 4409 3337 4467 Dominum
3366 4454 3381 4468 .

1759 4490 1800 4545 D
1825 4516 1872 4561 et
1901 4517 2046 4560 erunt
2077 4506 2175 4571 ipsi
2210 4505 2262 4557 in
2292 4504 2541 4574 populum
2571 4503 2637 4554 ”.
2671 4500 2931 4555 Inclinate
2957 4517 3140 4555 aurem
3159 4516 3382 4560 vestram

1826 4600 1877 4652 in
1910 4598 2065 4651 verba
2118 4598 2227 4649 oris
2278 4597 2396 4649 mei.
2443 4595 2738 4661 Alacriter,
2785 4592 2993 4663 inquit,
3052 4598 3212 4650 verba
3263 4614 3383 4653 mea

1936 4707 2025 4744 Ile.

1936 4707 1947 4740 ι
2012 4731 2025 4744 .

1826 4692 2238 4848 a“guinem-iam
2283 4777 2339 4829 in
2396 4774 2665 4844 parabolis
2709 4790 2764 4826 os
2802 4790 2993 4831 meum.
3040 4776 3154 4833 Hoc
3203 4786 3385 4847 aperte

1824 4873 2147 4941 evangelista
2175 4869 2461 4939 explicavit
2487 4877 2543 4921 ut
2588 4868 2865 4939 impletum
2891 4871 2960 4934 ",
2996 4872 3215 4939 quando
3246 4872 3384 4925 mul-

1825 4974 1907 5020 tas
1932 4962 2216 5034 parabolas
2245 4962 2380 5015 dixit
2404 4958 2666 5016 Dominus
2696 4965 2746 5015 in
2777 4961 3103 5032 Evangeliis.

1898 5146 1951 5199 3.
1987 5141 2058 5195 Et
2084 5151 2257 5212 patres
2286 5145 2453 5197 nostri
2482 5150 2829 5197 narraverunt
2864 5140 3033 5195 nobis.
3082 5139 3383 5208 Quotquot,

1833 5234 2032 5304 inquit,
2064 5251 2093 5287 a
2124 5234 2367 5304 patribus
2395 5232 2738 5296 edidicimus,
2773 5233 2885 5285 hac
2911 5230 3094 5285 omnia
3134 5244 3226 5299 per
3253 5244 3380 5299 opea

1828 5342 1887 5379 ra
1921 5336 1975 5380 ct
2009 5341 2103 5395 per
2136 5326 2253 5395 ejus
2288 5326 2574 5379 adventum
2607 5323 2875 5378 novimus.

1896 5502 1948 5555 4.
1989 5500 2109 5554 Non
2140 5512 2259 5555 sunt
2292 5501 2554 5555 occultata
2608 5516 2640 5551 a
2691 5498 2820 5567 ﬁliis
2848 5512 3026 5550 eorum
3066 5497 3122 5549 in
3164 5485 3381 5566 genera:-

1832 5596 1968 5646 tione
1999 5595 2187 5647 altera.
2242 5592 2361 5648 Non
2398 5608 2493 5665 pro
2523 5594 2713 5658 altera,
2767 5590 2960 5661 inquit,
3010 5588 3357 5659 generatione

1552 5792 1594 5823 "'
1626 5792 1813 5847 Matth.
1844 5808 1961 5857 xm,
1989 5792 2073 5845 56.
