4076 6308
695 360 792 416 351

1529 360 1585 414 S.
1628 361 1997 418 ATHANASH
2037 365 2184 422 OPP.
2226 367 2408 424 PARS
2445 370 2531 426 lli.
2574 404 2641 412 —
2679 373 3084 434 EXEGETICA.

3798 388 3896 442 352

695 473 788 526 sed
842 486 937 540 pro
991 470 1116 526 ﬁliis
1149 487 1334 526 eorum
1378 474 1557 526 omnia
1617 473 1918 532 Salvatoris
1975 480 2284 538 mirabiliai

2363 485 2518 538 ιῦτῶν
2563 491 2738 542 πάντα
2776 493 3084 561 πέπρακται
3118 494 3181 545 τὰ
3225 503 3373 566 παρά
3403 495 3494 547 τοῦ
3539 497 3782 567 Σωτῆρος
3813 515 3897 565 με·

695 578 857 632 opera
893 573 1098 632 patrata
1130 574 1286 618 sunt:
1318 581 1486 634 quare
1519 582 1624 618 non
1661 580 1945 623 cessarunt
1971 571 2102 641 ipsis
2128 590 2253 625 nar-

697 665 872 708 rantes
899 656 1079 710 laudes
1111 655 1322 709 Domini
1353 667 1401 710 et
1428 661 1642 712 virtutes
1663 659 1795 727 ejus.

767 837 820 890 5.
848 835 915 888 Et
950 837 1112 906 legem
1142 838 1313 904 posuit
1367 839 1420 888 in
1457 836 1647 892 Israel.
1686 837 1900 906 Legem,
1934 840 2129 909 inquit,
2160 842 2253 897 de-

695 927 772 982 dit
827 929 1068 996 putribus
1108 942 1297 980 eorum
1327 968 1341 989 ,
1377 936 1432 980 et
1469 927 1877 982 tabernacumm
1933 931 2249 996 testimonii,

698 1019 988 1072 instituens
1019 1032 1110 1072 eos
1142 1027 1197 1071 ut
1229 1033 1323 1086 per
1363 1019 1534 1087 legero
1567 1029 1954 1088 cognoscerent
2006 1019 2252 1076 Salvato-

698 1125 832 1174 rem,
868 1111 958 1179 qui
990 1112 1042 1164 in
1072 1121 1314 1180 tempore
1339 1111 1404 1163 ad
1436 1126 1606 1180 genus
1637 1113 1916 1165 hominum
1943 1112 2176 1167 advenit.

768 1281 814 1335 6.
859 1281 986 1337 Filii
1010 1287 1098 1353 qui
1126 1295 1427 1338 nascentur.
1471 1285 1564 1340 llis
1593 1286 1858 1355 signiﬁcat
1883 1297 2101 1342 sanctos
2131 1287 2252 1340 Sal-

700 1375 903 1428 "atoris
929 1376 1247 1444 discipulos,
1271 1378 1364 1446 qui
1399 1377 1663 1430 mirabilia
1689 1393 1779 1445 per
1803 1375 2078 1432 Christum
2107 1378 2251 1432 edita

701 1467 824 1519 nliis
855 1467 965 1522 suis
997 1470 1351 1536 annuntiant;
1386 1471 1435 1521 id
1457 1481 1560 1535 est,
1589 1468 1654 1523 iis
1691 1470 1790 1539 qui
1815 1471 2056 1539 ipsorum
2088 1485 2253 1540 opera

697 1559 763 1612 ad
791 1559 944 1613 ﬁdem
979 1560 1260 1613 accedunt.

769 1651 819 1705 7.
857 1650 923 1702 Et
974 1669 1075 1704 non
1114 1652 1491 1706 obliviscantur
1537 1670 1751 1722 operum
1795 1653 1909 1707 Dei.
1947 1653 2069 1709 Haec
2120 1654 2255 1723 ipsis

701 1742 1052 1806 enarrabunt,
1101 1759 1167 1798 ex
1211 1745 1407 1814 quibus
1457 1746 1590 1799 solis
1625 1755 1878 1814 poterunt
1926 1744 2095 1800 Deum
2151 1747 2253 1802 sibi

702 1850 852 1904 spem
879 1835 1171 1889 ascribere.

769 1926 821 1978 8.
862 1924 943 1979 Ne
967 1927 1098 1994 ﬁant
1128 1927 1263 1978 sicut
1294 1937 1469 1994 patres
1493 1942 1692 1980 eorum.
1713 1925 2145 1986 Annuntiabunt.
2172 1926 2252 1980 in-

699 2018 836 2086 quit,
867 2017 1096 2086 apostoli
1123 2016 1311 2069 laudes
1338 2017 1427 2070 Dei
1462 2017 1528 2072 iis
1563 2019 1656 2085 qui
1691 2033 1784 2088 per
1808 2018 1983 2087 ipsum
2020 2017 2254 2071 instituti

700 2117 860 2161 sunt:
898 2115 956 2159 ut
977 2109 1264 2176 exquirant
1285 2106 1375 2162 Dei
1408 2109 1680 2172 mandata,
1705 2121 1758 2164 et
1789 2126 1853 2164 ne
1883 2118 2094 2179 patrum
2128 2125 2258 2162 suo-

701 2215 819 2252 rum
856 2197 1224 2255 infelicitatem
1258 2200 1558 2255 imitentur.
1590 2201 1682 2255 llla
1716 2217 1947 2272 namque
1978 2201 2256 2270 generatio

699 2310 799 2348 cor
842 2305 1044 2349 rectum
1085 2311 1192 2349 non
1247 2296 1436 2349 habuit
1472 2311 1598 2364 erga
1634 2295 1824 2359 Deum,
1874 2311 2048 2366 neque
2093 2293 2253 2348 ﬁdem

703 2386 891 2440 habuit
926 2403 1046 2441 cum
1077 2386 1184 2441 Deo
1238 2388 1461 2455 spiritus
1501 2388 1639 2457 ejus.
1677 2387 1954 2442 Generatio
1999 2407 2116 2459 quae
2156 2407 2258 2444 non

701 2479 895 2532 direxit
925 2495 1013 2531 cor
1040 2495 1212 2532 suum.
1250 2477 1328 2532 llli
1364 2495 1598 2548 namque
1634 2495 1783 2548 spem
1817 2480 1870 2532 iu
1907 2479 2013 2533 Deo
2046 2481 2257 2534 [inuam

704 2584 812 2622 non
871 2569 1216 2634 habuerunt,
1272 2568 1401 2637 quia
1452 2569 1745 2621 noluerunt
1796 2578 1997 2623 rectam
2055 2569 2258 2640 ingredi

705 2660 881 2721 viam;
930 2659 1023 2712 sed
1083 2658 1403 2714 sententiam
1455 2660 1687 2715 habuere
1729 2661 1929 2716 divinis
1964 2661 2258 2716 adversan-

706 2761 810 2804 tem
844 2750 1069 2819 legibus.

774 2930 827 2987 9.
861 2927 992 2981 Filii
1025 2927 1273 2998 Ephraim
1300 2929 1618 2980 intendentes
1648 2934 1697 2979 et
1729 2926 1989 2980 mittentes
2013 2927 2256 2980 arcubus.

707 3019 806 3072 Per
833 3019 1001 3073 solam
1037 3019 1234 3070 tribum
1288 3016 1542 3085 Ephraim
1594 3024 1764 3069 totum
1802 3015 2056 3083 populum
2094 3015 2260 3070 Israel

2353 577 2622 648 γαλουργή
2634 597 2773 648 ματα
2790 598 2803 610 ·
2834 582 2911 633 διὸ
2933 581 3030 634 οὐκ
3055 582 3354 636 ἐπαύσαντο
3381 585 3561 646 αὐτοῖς
3593 588 3902 654 προαπέλ-

2353 671 2560 732 λοντες
2603 669 2706 734 τὰς
2754 671 3011 738 αἱνέσεις
3055 672 3158 726 τοῦ
3193 674 3408 742 Κυρίου
3453 674 3550 728 καὶ
3592 677 3695 739 τὰς
3723 676 3900 729 δυνα-

2353 760 2556 824 στειίις
2585 761 2791 813 αὐτοῦ.

2422 851 2529 902 Καὶ
2577 853 2762 919 νεῖμον
2810 853 2970 905 ἔθετο
3022 853 3091 905 ἐν
3152 853 3403 920 Ἰσραήλ.
3451 855 3660 925 Νόμον,
3713 857 3901 926 φησὶν,

2355 940 2517 993 ἔδωκε
2569 946 2676 1006 τοῖς
2729 945 2992 1014 πατράσιν
3039 945 3237 1010 αὐτῶν,
3285 947 3376 998 καὶ
3415 963 3510 1016 την
3562 949 3765 1017 σκηνὴν
3813 947 3902 998 τοῦ

2358 1035 2670 1104 μαρτυρίου,
2714 1035 3068 1103 παιδαγωγῶν
3113 1038 3304 1100 αὐτοὺς
3335 1039 3414 1100 εἰς
3464 1037 3523 1089 τὸ
3570 1038 3770 1106 γνῶναι
3821 1039 3906 1090 διὰ

2353 1121 2447 1173 τοῦ
2481 1123 2642 1192 νόμου
2688 1125 2776 1175 τὸν
2807 1125 2945 1177 κατά
2991 1127 3214 1196 καιροὺς
3247 1128 3650 1198 ἐπιδημήσαντα
3683 1129 3906 1198 Σωτῆρα

2354 1211 2430 1281 τῷ
2461 1212 2603 1279 γένει
2631 1214 2736 1264 τῶν
2763 1215 3075 1284 ἀνθρώπων.

2435 1301 2549 1353 Υἱοὶ
2585 1304 3020 1370 τεχθησιτμενοι.
3057 1305 3313 1374 Σημαίνει
3345 1306 3399 1358 δὲ
3438 1305 3524 1358 διὰ
3557 1307 3759 1359 τούτων
3786 1310 3905 1370 τοὺς

2355 1391 2540 1458 ἁγίους
2565 1391 2654 1443 τοῦ
2687 1393 2936 1463 Σωτῆρος
2969 1394 3230 1464 μαθητὰς,
3257 1397 3448 1458 οἵτινες
3475 1397 3540 1449 τά
3566 1397 3840 1466 θαυμάσια
3877 1399 3907 1450 ἃ

2356 1483 2710 1556 κατώρθωσεν
2739 1487 2767 1537 ό
2798 1483 3046 1557 Χριστὸς,
3093 1491 3200 1550 τοῖς
3243 1489 3373 1550 υἱοῖς
3413 1489 3587 1541 αὐτῶν
3636 1490 3910 1556 ἀπαγγέλ-

2355 1575 2522 1627 λουσι·
2555 1576 2791 1628 τουτέστι
2815 1580 2924 1638 τοῖς
2952 1578 3302 1647 προσελθοῦσι
3326 1579 3390 1631 δι’
3416 1579 3591 1631 αὐτῶν
3610 1583 3676 1650 τῇ
3706 1581 3907 1632 πίστει.

2425 1665 2532 1718 Καὶ
2555 1665 2639 1734 μὴ
2664 1667 3049 1723 ἐπιλάθωνται
3072 1669 3186 1721 τῶν
3207 1670 3392 1738 ἔργων
3415 1669 3520 1722 τοῦ
3541 1671 3705 1724 Θεοῦ.
3727 1671 3912 1724 Ταῦτα

2356 1756 2699 1827 διηγήσονται
2746 1759 2946 1822 αὐτοῖς,
2976 1760 3042 1812 δι’
3081 1755 3154 1813 ὧν
3187 1761 3498 1832 δυνήσονται
3538 1763 3694 1832 μόνον
3723 1763 3913 1816 ἐλπίδα

2287 1829 2328 1884 Β
2355 1847 2445 1898 τὸν
2473 1846 2603 1898 Θεὸν
2631 1849 3053 1919 ἐπιγράψασθαι.

2426 1936 2547 1989 Ἵνα
2567 1938 2652 2005 μὴ
2679 1937 2957 2005 γένωνται
2989 1941 3067 2004 ὡς
3100 1943 3152 1993 ol
3185 1942 3430 2009 πατέρες
3459 1941 3673 1995 αὐτῶν.
3713 1944 3915 2009 Ἄπαγ-

2352 2024 2587 2093 γελοῦσι,
2625 2029 2774 2097 φησι,
2807 2028 2904 2091 τὰς
2947 2029 3175 2092 αίνέσεις
3216 2030 3307 2082 τοῦ
3341 2030 3472 2084 Θεοῦ
3502 2035 3614 2095 τοῖς
3642 2032 3708 2084 δι’
3749 2031 3916 2084 αὑτοῦ

2355 2116 2885 2186 παιδαγωγουμένοις
2913 2121 2960 2172 οἱ
2992 2120 3296 2174 ἀπόστολοι·
3331 2123 3416 2176 ἵνα
3447 2124 3538 2176 καὶ
3573 2123 3916 2193 ἐκζητήσωσι

2355 2203 2452 2267 τὰς
2480 2204 2571 2256 τοῦ
2600 2205 2733 2258 Θεοῦ
2765 2207 3001 2272 ἐντολὰς,
3033 2210 3125 2262 καὶ¹
3158 2210 3230 2280 μὴ
3261 2211 3357 2280 τὴν
3384 2211 3490 2265 τῶν
3529 2213 3780 2282 πατέριον
3821 2231 3920 2265 κα-

2357 2294 2698 2364 κοδαιμονίαν
2751 2302 3110 2368 μιμήσωνται.
3175 2302 3385 2372 Ἐκείνη
3434 2303 3572 2373 γὰρ,
3630 2306 3827 2372 φησὶν,
3885 2307 3917 2373 ἡ

2356 2385 2518 2451 γενεά
2559 2386 2657 2438 οὐκ
2699 2387 2850 2456 ἔσχεν
2897 2389 3024 2460 εὺθῆ
3056 2390 3153 2460 τὴν
3189 2391 3413 2462 καρδίαν
3445 2393 3580 2464 πρὸς
3611 2373 3766 2459 Θεὸν,
3801 2395 3920 2447 οὐδὲ

2358 2473 2536 2526 πίστιν
2569 2474 2693 2544 ἔσχε
2720 2476 2780 2528 τὸ
2808 2476 3022 2547 πνεῦμα
3052 2479 3220 2550 αὐτῆς
3261 2481 3395 2550 μετά
3422 2482 3515 2535 τοῦ
3542 2482 3697 2539 Θεοῦ.
3727 2486 3921 2539 Γενεὰ

2359 2565 2488 2632 ἣτις
2533 2568 2603 2618 οὐ
2648 2569 2969 2622 κατεύθυνε
3010 2569 3123 2638 τὴν
3151 2572 3400 2640 καρδίαν
3438 2576 3646 2643 αὐτῆς.
3692 2577 3920 2631 Ἐκεῖνοι

2357 2654 2465 2725 γὰρ
2499 2654 2716 2724 βεϐαίαν
2744 2658 2842 2726 τὴν
2874 2660 2948 2722 εἰς
2988 2660 3077 2711 τὸν
3106 2660 3234 2713 Θεὸν
3263 2663 3361 2714 οὐκ
3394 2665 3687 2734 ἐκτήσαντο
3713 2669 3920 2727 πίστιν,

2358 2749 2453 2817 τὴν
2482 2748 2690 2800 εὐθεῖαν
2734 2751 2832 2802 οὐκ
2865 2751 3212 2821 ἐθελήσαντες
3253 2755 3473 2825 πορείαν
3506 2758 3742 2822 ὁδεῦσαι,
3790 2761 3927 2813 ἀλλά

2359 2839 2578 2909 γνώμην
2605 2841 2891 2912 ἐσχηκότες
2918 2845 3027 2906 τοῖς
3055 2843 3216 2908 θείοις
3241 2847 3646 2920 ἐναντιουμένην
3681 2850 3923 2921 θεσμοῖς.

2440 2932 2554 2982 Υἱοὶ
2589 2933 2825 3000 Ἑφριιῒμ
2848 2934 3211 3002 ἐντείνοντες
3231 2938 3324 2990 xui
3352 2939 3685 3006 βάλλοντες
3705 2943 3924 3007 τόξοις.

2374 3022 2501 3073 Ἀπὸ
2544 3022 2706 3092 μόνης
2747 3025 2841 3093 τῆς
2887 3023 3057 3095 φυλῆς
3105 3027 3195 3079 τοῦ
3240 3029 3474 3098 Ἐφραῒμ
3516 3030 3634 3083 ὅλον
3665 3032 3756 3084 τὸν
3801 3033 3929 3086 λαὸν

705 3127 734 3163 a
760 3109 895 3164 Juda
929 3117 1262 3179 segregatum
1290 3118 1343 3162 et
1365 3108 1596 3161 divisum
1623 3107 1961 3177 signiﬁcavit.
1993 3107 2094 3174 Ipsi
2117 3107 2257 3160 enim

2363 3110 2451 3162 τοῦ
2497 3112 2708 3180 Ἰσραὴλ
2733 3111 2822 3163 τὸν
2861 3114 3252 3182 ἀποσχισθέντα
3295 3117 3388 3169 τοῦ
3427 3118 3592 3172 Ἰούδα
3635 3120 3927 3190 ἐδήλωσεν.

707 3209 760 3254 et
788 3201 982 3255 vitulos
1012 3207 1317 3264 erexerunt,
1356 3209 1409 3252 et
1452 3214 1481 3251 a
1523 3197 1683 3267 legali
1712 3197 1857 3252 cultu
1889 3197 2256 3250 desciverunt.

707 3291 999 3361 Postquam
1035 3300 1158 3344 ante
1191 3292 1437 3358 tetigerat
1467 3300 1684 3359 patrum
1719 3287 2262 3357 malignitatem,jam

707 3402 896 3440 eorum
951 3385 1351 3454 improbitatem
1393 3401 1459 3439 ex
1498 3386 1709 3454 integro
1766 3391 2046 3444 recenset,
2103 3389 2264 3449 atque

709 3480 974 3533 honorum
999 3477 1210 3547 cepiam
1241 3492 1270 3529 a
1310 3475 1419 3529 Deo
1450 3476 1557 3530 illis
1589 3490 1937 3538 concessam;
1966 3488 2156 3527 eorum
2186 3488 2266 3524 er-

709 3586 772 3638 ga
801 3569 967 3624 Deum
999 3568 1394 3630 inﬁdelitatem,
1425 3567 1656 3635 denique
1697 3565 1988 3634 perniciem
2030 3579 2149 3632 qua:
2181 3562 2266 3616 his

708 3661 775 3714 de
797 3660 980 3713 causis
1005 3658 1126 3712 illus
1156 3657 1383 3726 excepit.
1435 3655 1504 3711 Ut
1552 3658 1620 3712 iis
1664 3656 1920 3721 instituti,
1949 3655 2151 3709 malum
2181 3667 2266 3706 ze-

710 3751 818 3804 lum
848 3749 1161 3820 emugerent.
1193 3748 1330 3804 Dicit
1359 3761 1536 3803 autem
1591 3750 1728 3802 lilios
1779 3747 2057 3814 Ephraim,
2090 3745 2143 3800 id
2173 3755 2258 3799 est

714 3851 882 3896 totum
915 3843 1167 3896 lsraelem
1195 3881 1209 3904 ,
1238 3841 1328 3910 qni
1363 3840 1670 3893 didicerunt
1717 3855 1839 3893 cum
1889 3838 2138 3906 malignis
2165 3838 2267 3890 da:-

713 3935 963 3988 monibus
991 3947 1248 4001 pugnare,
1274 3940 1434 4000 atque
1464 3930 1528 3983 ad
1560 3946 1679 3983 eam
1706 3946 1818 3982 rem
1850 3931 1904 3982 in
1933 3930 2150 3984 modum
2179 3943 2268 3980 ar-

715 4045 810 4084 cus
835 4029 1080 4083 adornati
1116 4036 1290 4091 erant,
1344 4027 1460 4094 ipso
1505 4041 1697 4094 pugnae
1757 4034 2000 4094 tempore
2031 4032 2268 4078 mutasse

715 4122 1073 4186 sententiam,
1132 4129 1295 4190 atque
1351 4118 1635 4171 Dominum
1687 4128 1739 4173 et
1783 4117 1948 4172 Deum
2017 4131 2264 4186 negasse,

719 4215 1059 4268 utvoluntate
1084 4212 1149 4266 ad
1179 4210 1501 4276 Barabbam,
1527 4212 1578 4265 id
1605 4220 1686 4265 est
1711 4211 1777 4265 ad
1801 4210 2078 4275 Satanam,
2107 4207 2270 4262 decli-

717 4315 928 4359 narent.

788 4398 871 4451 10.
924 4396 1046 4450 Non
1087 4397 1446 4451 custodierunt
1489 4405 1856 4450 testamentum
1906 4393 2024 4449 Dei.
2061 4393 2266 4448 Novam

2364 3196 2519 3255 Οὗτοι
2551 3202 2658 3273 γὰρ
2687 3205 2779 3256 καὶ
2812 3204 2906 3267 τὰς
2933 3205 3191 3275 δαμάλεις
3225 3207 3474 3279 ἔστησαν,
3522 3211 3615 3262 καὶ
3653 3211 3756 3280 τῆς
3790 3214 3930 3266 κατὰ

2363 3294 2520 3364 νόμον
2548 3294 2799 3365 λατρείας
2846 3296 3181 3366 ἀπέστησαν.
3223 3298 3518 3368 Ἀψάμενος
3548 3304 3647 3371 τῆς
3687 3303 3795 3354 τῶν
3827 3321 3929 3355 πα-

2361 3387 2531 3455 τέρων
2562 3387 2838 3456 πονηρίας,
2874 3387 3066 3457 ἐφεξῆς
3091 3388 3371 3456 καταλέγει
3405 3392 3576 3444 πᾶσαν
3607 3393 3705 3462 τὴν
3735 3395 3931 3446 κακίαν

2364 3477 2562 3540 αὐτῶν,
2610 3486 2706 3549 τήν
2751 3496 2809 3530 τε
2859 3480 3007 3550 παρὰ
3047 3479 3138 3532 τοῦ
3186 3480 3320 3534 Θεοῦ
3358 3484 3437 3544 εἰς
3480 3484 3678 3546 αὐτοὺς
3711 3485 3932 3553 ἀγαθῶν

2364 3568 2661 3636 δαψίλειαν,
2709 3569 2806 3639 τήν
2844 3586 2903 3622 τε
2952 3571 3084 3642 πρὸς
3132 3571 3222 3623 τὸν
3264 3571 3395 3624 Θεὸν
3428 3572 3606 3625 αὐτῶν
3639 3575 3894 3626 ἀπιστίαν
3917 3614 3931 3635 ,

2365 3662 2454 3714 τόν
2483 3679 2540 3714 τε
2583 3662 2960 3733 διαδεξάμενον
2992 3665 3186 3726 αὐτοὺς
3214 3663 3300 3716 διὰ
3339 3664 3509 3716 ταῦτα
3551 3664 3804 3736 ὄλεθρον
3848 3668 3930 3718 ἵνα

2364 3753 2452 3806 διὰ
2485 3753 2686 3807 τούτων
2730 3754 3259 3822 παιδαγωγηθέντες,
3309 3753 3397 3806 τὸν
3447 3755 3682 3825 πονηρὸν
3722 3757 3933 3825 φύγωσι

2368 3843 2543 3915 ζῆλον.
2577 3845 2736 3912 Λέγει
2772 3843 2862 3908 δὲ,
2893 3843 2968 3906 ὼς
3000 3846 3049 3896 οἱ
3094 3844 3185 3898 τοῦ
3227 3845 3462 3916 Ἐφραῖμ
3489 3846 3621 3907 υἱοὶ,
3655 3848 3934 3900 τουτέστιν

2369 3934 2509 3997 ἄπας
2538 3935 2770 4006 Ἰσραὴλ,
2797 3938 2844 3988 οἱ
2869 3935 3231 4007 δεδιδαγμένοι
3256 3940 3362 3999 τοῖς
3390 3939 3640 4008 πονηροῖς
3667 3937 3933 4008 μάχεσθαι

2367 4027 2602 4096 δαίμοσι,
2629 4028 2719 4079 καὶ
2753 4030 2830 4092 είς
2864 4028 3020 4081 τοῦτο
3059 4029 3244 4099 ὥσπερ
3284 4027 3434 4092 τόξον
3467 4030 3912 4083 κατασκευασθέν

2367 4135 2478 4183 τες,
2513 4122 2641 4190 παρ’
2669 4120 2829 4172 αὑτὸν
2858 4120 2948 4172 τὸν
2990 4118 3082 4171 τοῦ
3114 4119 3342 4189 πολέμου
3376 4121 3562 4190 καιρὸν
3601 4121 3932 4192 μετεϐλήθη-

2370 4226 2487 4272 σαν,
2519 4210 2608 4263 τὸν
2647 4210 2741 4280 μὲν
2769 4209 3040 4279 Δεσπότην
3069 4211 3160 4262 καὶ
3186 4210 3316 4263 Θεὸν
3347 4210 3730 4281 ἀρνησάμενοι,
3767 4228 3932 4282 προσ-

2371 4301 2644 4365 κλίναντες
2671 4302 2890 4365 ἑαυτοὺς
2915 4302 2990 4372 τῷ
3021 4302 3299 4373 Βαραὸὁᾷ,
3331 4303 3569 4356 τουτέστι
3592 4302 3671 4372 τῷ
3694 4304 3936 4373 Σατανᾷ.

2448 4395 2568 4447 Οὐκ
2611 4393 2919 4461 ἐφύλαξαν
2953 4392 3077 4460 ’τὴν
3121 4391 3410 4460 διαθήκην
3456 4394 3562 4448 τοῦ
3609 4394 3781 4447 Θεοῦ.
3825 4396 3937 4465 Τὴν

717 4488 992 4557 Evangelii
1019 4488 1364 4542 traditionem
1396 4489 1548 4549 dicit,
1578 4500 1740 4557 atque
1786 4487 1946 4541 illud:
1988 4486 2118 4539 Ecce
2155 4487 2265 4540 dies

2370 4486 2559 4555 καινὴν
2585 4485 2676 4537 τοῦ
2703 4485 3027 4553 Εὐαγγελίου
3053 4484 3343 4556 παράδοσίν
3367 4503 3516 4555 φησι,
3542 4485 3633 4538 καὶ
3666 4486 3746 4538 τό·
3791 4487 3938 4539 Ἰδοὺ

716 4579 870 4643 venit,
911 4587 959 4631 et
991 4578 1265 4646 disponam
1311 4594 1427 4630 cum
1466 4579 1539 4631 eis
1573 4585 1942 4631 testamentum
1981 4593 2171 4630 novum
2199 4578 2266 4632 ⁸⁸.

719 4669 893 4722 Causa
946 4679 1124 4722 autem
1173 4668 1259 4722 hic
1289 4669 1546 4733 redditur,
1593 4669 1721 4737 quia
1767 4667 1900 4722 illud
1933 4683 2043 4722 non
2088 4678 2272 4723 custo-

717 4760 947 4819 dientes,
998 4759 1143 4827 quod
1197 4772 1279 4812 cst
1323 4775 1457 4813 nova
1504 4762 1585 4814 lex
1639 4760 1757 4825 Dei,
1794 4761 2024 4814 conversi
2061 4772 2179 4813 sunt
2217 4763 2272 4814 in

718 4849 802 4901 die
825 4847 966 4901 belli.
1001 4846 1115 4901 Non
1141 4849 1282 4901 enim
1326 4847 1621 4902 credebant
1668 4849 1717 4903 ei
1760 4848 2005 4903 dicenti:
2055 4848 2166 4919 Ego
2207 4865 2271 4903 ex

720 4944 880 4995 Patre
902 4941 1036 4994 exivi
1067 4950 1117 4994 et
1158 4939 1300 4993 venio
1335 4942 1400 4995 “.
1437 4939 1570 4994 Cum
1617 4941 1760 4994 enim
1800 4956 1896 5011 par
1934 4941 2128 4996 fuisset
2177 4943 2271 4995 ad-

721 5049 908 5086 versus
946 5049 1038 5086 eos
1073 5048 1309 5102 pugnare
1334 5034 1425 5101 qui
1466 5043 1652 5088 contra
1687 5032 1855 5087 Deum
1892 5033 2089 5088 bellum
2117 5049 2271 5102 gere-

722 5134 841 5178 rent
860 5123 975 5190 ,‘illi
1003 5123 1256 5179 adversus
1283 5122 1448 5178 Deum
1472 5124 1671 5178 bellum
1696 5135 2001 5178 moverunt.

794 5215 878 5268 Η.
909 5215 974 5269 Et
1004 5214 1154 5268 obliti
1195 5227 1314 5270 sunt
1347 5215 1735 5283 benefactorum
1767 5216 1900 5284 ejus.
1944 5215 2096 5270 Licet
2122 5218 2266 5271 enim

722 5309 889 5361 multa
915 5306 1171 5362 beneﬁcia
1213 5307 1544 5376 acceperint,
1584 5307 1762 5361 omnia
1795 5322 1824 5360 a
1862 5307 2122 5361 memoria
2171 5323 2268 5362 sua

724 5398 1053 5466 abjecerunt.
1104 5397 1168 5452 Et
1221 5399 1402 5467 ejusce
1438 5399 1516 5453 rei
1559 5407 1934 5466 argumentum
1983 5398 2112 5452 illud
2166 5407 2271 5463 est,

723 5489 867 5559 quod
890 5505 1013 5543 cum
1045 5489 1358 5543 tradiderint
1394 5488 1584 5542 Pilato.
1624 5488 1786 5542 Oblili
1832 5497 1958 5543 sunt
2002 5487 2271 5558 quomodo

798 5757 840 5790 ”
861 5755 1072 5813 Baruch
1109 5771 1168 5823 II,
1191 5757 1278 5812 55.
1353 5759 1397 5790 ⁹⁴
1426 5754 1582 5812 Joau.
1620 5770 1728 5821 xw,
1760 5756 1846 5812 9-7.

2373 4577 2559 4645 ἡμέρα
2589 4576 2848 4645 ἔρχεται,
2892 4575 2988 4628 καὶ
3020 4575 3368 4646 διαθήσομαι
3411 4576 3611 4642 αὐτοῖς
3641 4577 3936 4645 διαθήκην

2373 4667 2606 4734 καινήν.
2638 4668 2821 4731 Αίτίας
2848 4668 2904 4721 δέ
2951 4670 3095 4722 ἐστιν
3139 4671 3418 4733 ἀπόδοσις,
3461 4671 3576 4735 ὅτι,
3619 4670 3828 4740 ταύτην
3866 4671 3938 4741 μὴ

2375 4759 2740 4828 φυλάξαντες,
2791 4760 2912 4829 ἥτις
2981 4761 3096 4812 ἐστὶ
3165 4762 3349 4825 καινὸς
3394 4762 3553 4831 νόμος
3608 4761 3701 4814 τοῦ
3757 4762 3938 4825 Θεοῦ,

2373 4850 2764 4919 ἐστράφησαν
2792 4851 2862 4902 ἐν
2885 4851 3072 4920 ἡμέρῃ
3102 4852 3384 4921 πολέμου.
3415 4853 3488 4909 Οὐ
3514 4852 3621 4922 γάρ
3650 4853 3941 4907 ἐπίστευον

2376 4942 2522 5012 αὐτῷ
2565 4942 2795 5010 λέγοντιο
2838 4942 2983 5010 Ἐγὼ
3026 4943 3094 4994 ἐκ
3137 4944 3242 4996 τοῦ
3275 4943 3500 5010 Πατρός
3528 4943 3796 5012 ἐξῆλθον
3837 4945 3938 4998 καὶ

2374 5032 2517 5098 ἥκω.
2550 5033 2675 5083 Δέον
2719 5032 2848 5101 γὰρ·
2875 5032 3083 5102 βάλλειν
3125 5035 3216 5086 καὶ
3248 5034 3498 5104 πολεμεῖν
3527 5036 3653 5097 τοὺς
3691 5034 3814 5105 Θεῷ
3843 5054 3939 5088 πο-

2370 5124 2686 5193 λεμοῦντας·
2726 5127 2774 5176 οἱ
2800 5125 2855 5176 δὲ
2881 5125 3018 5178 κατά
3050 5125 3180 5178 Θεοῦ
3211 5127 3408 5197 ἤραντο
3432 5127 3683 5197 πόλεμον.

2439 5215 2549 5270 Καὶ
2573 5216 2932 5270 ἐπελάθοντο
2960 5216 3077 5270 τῶν
3103 5218 3454 5286 εὐεργεσιῶν
3483 5219 3690 5274 αὑτοῦ.
3717 5217 3939 5283 Καὲτοι,

2378 5307 2528 5376 φησι,
2559 5306 2725 5358 πολλά
2755 5307 3187 5377 εὐεργετημένοι,
3225 5309 3396 5362 πάντα
3435 5309 3539 5362 ἀπὸ
3567 5310 3668 5378 τῆς
3715 5313 3941 5383 μνήμης

2379 5396 2752 5466 ἀνερῤίπισαν.
2798 5397 2908 5449 Καὶ
2947 5395 3133 5450 τούτου
3183 5398 3448 5463 ἀπόδειξις
3494 5399 3554 5452 τὸ
3603 5400 3942 5470 παραδοῦναι

2380 5488 2610 5559 unum).
2653 5488 3002 5542 Ἐπελάθοντο
3035 5489 3094 5541 τὸ
3127 5489 3239 5553 πῶς
3265 5491 3474 5561 διῆλθεν
3502 5491 3807 5561 εὐεργετῶν
3844 5495 3942 5546 αὑ-
