4094 6312
151 357 243 408 355

150 471 262 531 τοῦς
295 468 518 530 πάντας,
547 468 640 520 καὶ
667 467 886 537 ἰώμενος
918 466 1041 527 τοὺς
1069 461 1687 531 καταδυναστευομένους
1715 459 1763 513 Α

150 562 245 611 ὑπὸ
275 558 367 612 τοῦ
392 558 656 612 διαϐόλου.

212 650 520 704 Ἐναντίων
545 648 664 702 τῶν
693 648 956 716 πατέρων
981 646 1176 701 αὐτῶν
1205 646 1240 700 ἃ
1273 647 1521 712 ἐποίησε
1551 649 1692 699 θαυ-

143 741 342 811 μάσια.
392 741 565 804 Οὕτω,
615 743 773 813 φησὶ,
809 742 914 794 τῶν
946 741 1268 812 εὐεργεσιῶν
1299 741 1394 793 καὶ
1432 739 1537 791 τῶν
1569 738 1694 790 θαυ-

149 834 352 902 μασίων
401 833 721 886 ἐπελάθοντο
762 831 851 884 τοῦ
882 832 1132 902 Χριστοῦ,
1163 832 1350 903 ὥσπερ
1376 832 1564 902 ἀμέλει
1602 831 1694 883 καὶ

145 927 187 976 oi
217 923 452 993 πατέρες
477 923 652 976 αὐτῶν
679 924 784 976 τῶν
812 925 868 975 ὲν
899 922 1154 992 Αἰγύπτῳ
1185 923 1579 993 γεγενημένων,
1607 923 1693 974 ὅτε

145 1013 333 1074 αὐτοὺς
385 1011 673 1081 ἠλευθέρου
717 1014 744 1064 ὁ
774 1012 922 1074 Θεός.
971 1012 1218 1064 Τοιοῦτον
1261 1013 1367 1083 γάρ
1419 1029 1468 1064 τι
1524 1012 1694 1064 ἔοικεν

145 1105 530 1174 ὑποσημαίνειν
567 1104 657 1167 τὸ,
702 1105 1002 1157 Ἐναντίων
1035 1103 1149 1156 τῶν
1192 1104 1454 1171 πατέρων
1478 1104 1690 1158 αὐτῶν·

145 1196 265 1247 ὡσεὶ
300 1195 632 1266 σαφέστερον
665 1194 866 1262 ἔλεγεν·
910 1195 1277 1266 Ὀμοιότροποι
1309 1196 1385 1266 τῷ
1418 1195 1562 1266 ζήλῳ
1587 1195 1694 1249 τῶν

146 1285 392 1354 πατέρων
437 1284 613 1336 αὐτῶν
653 1285 902 1352 γεγόνασι
946 1283 1024 1354 τῷ
1075 1284 1324 1354 πονηρῷ⁸
1372 1286 1465 1337 καὶ
1508 1284 1694 1354 ὥσπερ

147 1380 332 1429 ἐκεῖνοι
366 1375 684 1429 ἐπελάθοντο
711 1375 802 1428 τοῦ
830 1374 985 1436 Θεοῦ,
1009 1374 1146 1428 οὕτω
1169 1376 1261 1428 καὶ
1293 1369 1456 1429 οῦτοι.

209 1469 485 1536 Διέῤῥηξε
517 1466 852 1529 θάλασσαν,
879 1468 976 1519 καὶ
1011 1466 1289 1535 διήγαγεν
1315 1467 1551 1532 αὐτούς.
1587 1467 1696 1520 Καὶ

147 1562 197 1613 οὐ
241 1560 400 1614 τοῦτο
441 1561 603 1630 μόνον
650 1558 830 1627 φησιν,
876 1558 1010 1612 ἀλλὰ
1060 1559 1153 1612 καὶ
1197 1558 1466 1612 θάλασσαν
1511 1557 1694 1612 διελὼν

148 1652 380 1712 ἅπαντας
430 1648 748 1702 διεϐίϐασεν.
788 1647 1059 1703 Ἐντεῦθεν
1103 1650 1325 1719 ἄρχεται
1366 1649 1436 1702 τὰ
1480 1651 1570 1702 ὲπὶ
1597 1652 1695 1720 τῆς

150 1744 408 1812 προτέρας
451 1740 766 1811 λυτρώσεως
810 1741 1108 1812 διηγεῖσθαι
1141 1743 1432 1811 θαυμάσια.
1463 1742 1697 1795 Καταδι-

148 1832 448 1903 αιρεθείσης
491 1833 597 1902 γὰρ
637 1834 716 1894 εἰς
747 1832 1033 1902 διαιρέσεις
1063 1831 1255 1894 πολλὰς
1293 1833 1388 1901 τῆς
1433 1832 1694 1902 Ἐρυθρᾶς

148 1923 432 1994 Θαλάσσης,
465 1924 558 1976 καί¹
578 1923 683 1976 τῶν
717 1923 918 1977 ὑδάτων
946 1922 1319 1994 διοριζομένων
1347 1925 1440 1977 καὶ
1473 1923 1530 1989 ἐξ
1564 1924 1692 1978 ἐκά-

149 2032 259 2068 στου
317 2014 521 2085 μέρους
578 2013 1086 2085 μετεωριζομένων,
1135 2014 1226 2066 καὶ
1273 2014 1569 2086 αἰρομένων
1616 2017 1694 2077 εἱς

148 2106 298 2168 ὕψος,
350 2104 554 2172 ὥσπερ
592 2105 661 2157 ἐν
692 2104 858 2169 ἀσκῷ
888 2121 992 2157 τινι
1038 2104 1374 2157 συνέκλεισεν
1408 2105 1546 2157 αὐτὰ
1578 2103 1697 2175 θείᾳ

145 2196 240 2247 τινὶ
301 2195 564 2266 δυνάμει,
609 2195 756 2258 ὅπως
821 2195 894 2265 μὴ
955 2194 1270 2265 διαχεόμενα
1317 2195 1581 2268 ὲπικλύσῃ
1637 2195 1696 2247 τὸ

149 2284 356 2354 πλῆθος.

209 2377 306 2430 Διά
335 2375 514 2430 τοῦτο
551 2375 779 2444 ἤκουσε
809 2375 1018 2444 Κύριος
1049 2375 1143 2429 καὶ
1175 2374 1510 2430 ἀνεϐάλετο,
1554 2376 1695 2429 Ἀντὶ

145 2467 248 2520 τοῖν
287 2467 620 2539 ’Υπερέθετο
659 2468 881 2537 μικρὸν,
911 2469 1000 2521 καὶ
1033 2467 1194 2520 οἱονεὶ
1222 2467 1449 2536 ἁνέκοψε
1475 2468 1571 2538 τὴν
1610 2469 1696 2521 εὐ-

146 2575 166 2610 ε
174 2559 424 2628 ργετικὴν
435 2545 441 2553 ’
452 2562 627 2630 χεῖρα.

205 2649 308 2702 Kal
355 2649 540 2717 ἄρτον
593 2647 848 2717 οὐρανοῦ
893 2647 1112 2702 ἔδωκεν
1156 2647 1379 2714 αὐτοῖς.
1405 2647 1478 2700 Οὐ
1517 2647 1691 2717 μόνον,

148 2739 288 2808 φησι,
315 2739 396 2810 τῷ
447 2739 620 2810 μάννα
664 2738 730 2791 τὰ
765 2737 990 2807 σώματα
1021 2738 1260 2809 ἔτρεφεν,
1303 2737 1436 2791 ἀλλὰ
1465 2738 1573 2808 γὰρ
1603 2737 1696 2790 καὶ

147 2828 322 2900 λογικῇ
371 2848 478 2882 τινι
525 2829 619 2882 καὶ
659 2831 891 2901 οὐρανίῳ
931 2829 1153 2898 δυνάμει
1197 2829 1472 2899 διέτρεφεν
1520 2828 1695 2881 αὐτῶν

145 2920 237 2982 τὰς
265 2920 461 2990 ψυχάς·
497 2919 684 2992 ὥσπερ
720 2920 906 2990 ἀμέλει
937 2919 1213 2990 διατρέφει
1257 2919 1349 2972 καὶ¹
1377 2919 1502 2982 τοὺς
1530 2919 1693 2987 ἀγγέ-

145 3009 278 3073 λους.
310 3013 421 3064 Καὶ
451 3011 607 3064 τοῦτό
634 3013 746 3064 ὲστι
783 3011 879 3081 μὲν
906 3011 996 3063 καὶ
1021 3013 1082 3063 ἐκ
1106 3009 1197 3062 τοῦ
1229 3009 1518 3081 συνδέσμου
1549 3010 1692 3075 ίδεῖν,

142 3100 213 3170 τῷ
234 3101 422 3172 ὥσπερ
448 3104 505 3154 ὲν
527 3103 784 3172 ἐπαγωγῇ
810 3103 979 3154 εἰπεῖν
1004 3101 1082 3154 τό’
1111 3099 1218 3154 Καὶ
1239 3099 1420 3168 ἄρτον
1439 3099 1694 3168 οὐρανοῦ

143 3189 360 3243 ἔδωκεν
404 3191 626 3254 αὐτοῖς.
656 3191 808 3242 Ἐστι
837 3190 892 3243 δὲ
915 3189 1062 3242 οὐδὲν
1091 3185 1251 3260 ἦττον
1286 3190 1377 3242 καὶ
1403 3189 1494 3242 τοῦ
1538 3189 1693 3242 ’Δποο

143 3282 323 3334 στόλου
357 3280 570 3351 μαθεῖν,
600 3282 724 3350 περὶ
755 3280 929 3335 αὐτῶν
958 3281 1254 3351 εἰρηκότος,
1286 3282 1362 3344 ὡς
1395 3298 1689 3351 πνευματι-

141 3372 228 3425 κ⁵ιν
259 3373 462 3441 ἔφαγον
491 3371 704 3443 βρῶμα.
727 3370 896 3424 Τοῦτο
927 3371 980 3425 δὲ
1010 3367 1077 3442 ἦν
1099 3373 1127 3425 ὁ
1155 3371 1247 3425 νῦν
1269 3372 1429 3436 ἄρτος
1451 3372 1692 3443 ἀγγέλων

137 3466 550 3535 ὀνομαζόμενος.
1667 3461 1670 3463 Α

202 3555 314 3608 Καὶ
361 3537 506 3607 ὡσεί
541 3555 733 3623 ἄμμον
776 3554 1101 3608 θαλασσῶν
1129 3553 1368 3609 πετεινὰ
1411 3556 1689 3624 πτερωτά.

138 3643 242 3714 Τὴν
275 3645 696 3719 ὀρτυγομήτραν
721 3645 881 3714 φησιν
903 3645 1152 3701 ἐνταῦθα.

189 3737 465 3806 ,Ἕτιτῆς
484 3735 766 3806 βρώσεως
789 3739 978 3804 οὔσης
1003 3738 1072 3790 ἐν
1096 3735 1175 3803 τῷ
1200 3739 1446 3808 στόματι
1476 3736 1688 3792 αὐτῶν.

133 3827 326 3896 Γέγονε
375 3828 488 3900 γὰρ
533 3830 713 3891 αὐτοῖς
759 3830 837 3892 είς
884 3828 1106 3899 χολέραν
1154 3829 1264 3894 ἓξιν
1301 3831 1334 3900 ἡ
1370 3829 1562 3902 τροφὴ,
1597 3827 1692 3882 ἅτε

131 3919 244 3972 ὅλον
295 3921 474 3974 διόλου
523 3920 912 3974 ἑκνενευκότων
953 3923 1034 3984 είς
1060 3921 1158 3991 τὴν
1192 3922 1298 3975 τῶν
1346 3921 1520 3992 κρεῶν
1561 3921 1694 3993 πλη-

133 4015 358 4086 σμονήν.

191 4107 307 4160 Καὶ
341 4103 616 4176 ἐμνήσθη
635 4143 651 4168 ,
678 4103 766 4157 ὅτι
792 4103 946 4175 σάρξ
973 4107 1148 4167 εἰσιν,
1183 4103 1414 4174 πνεῦμα
1447 4105 1691 4170 πορευό-

123 4213 308 4264 μενον
349 4196 455 4252 καὶ
487 4198 599 4250 οὐκ
635 4195 1011 4264 ἐπιστρέφον.
1059 4196 1230 4250 Ἠλέει
1276 4196 1492 4261 αὐτοὺς,
1537 4193 1689 4266 φησὶ,

125 4288 298 4341 adito:
331 4288 484 4358 ὁρῶν
511 4287 703 4353 αὐτοὺς
733 4287 1034 4358 ὁλοτρόπως
1065 4286 1442 4351 ὲκκεκλικότας
1466 4288 1545 4350 είς
1573 4286 1693 4357 σάρ-

125 4395 238 4443 ne,
266 4380 398 4432 ἀντὶ
423 4377 519 4431 τοῦ
557 4378 637 4440 είς
667 4377 727 4430 τὺ
752 4377 823 4431 τὰ
864 4377 1061 4450 σαρκὸς
1095 4378 1448 4447 φρονεῖν,’καὶ
1478 4377 1692 4447 πνεῦμα

123 4471 368 4539 ἔχοντας,
402 4473 487 4534 είς
514 4467 802 4539 ἐπιθυμίαν
838 4470 1034 4540 σαρκὸς
1064 4470 1150 4523 ἀεὶ
1191 4470 1571 4541 πορευόμενον.
1599 4469 1692 4523 καὶ
1721 4495 1769 4550 D

122 4555 224 4615 οὐκ
258 4561 603 4633 ἐπιστρέφον
647 4564 728 4625 εἰς
774 4561 834 4615 τὸ
874 4563 1184 4632 μετανοεῖν,
1215 4561 1306 4613 καὶ
1343 4561 1588 4631 ἐκζητεῖν
1630 4559 1689 4626 ἐξ

121 4655 243 4724 ὅλης
275 4655 475 4727 ψυχῆς
501 4654 589 4706 τὸν
619 4654 769 4708 Θεόν.
809 4655 886 4707 Δι’
913 4654 1061 4707 οὐδὲν
1093 4649 1185 4706 οὖν
1215 4654 1397 4723 ἕτερον
1425 4652 1570 4724 ἠλέει
1599 4654 1692 4706 καὶ

121 4746 344 4811 ἔσωσεν,
379 4745 418 4816 ἢ
459 4744 546 4797 διὰ
587 4745 684 4815 τὴν
714 4744 916 4798 οἰκείαν
958 4744 1116 4813 μόνον
1146 4743 1566 4814 φιλανθρωπίαν.
1602 4743 1693 4796 Διὸ

121 4841 206 4892 καὶ
245 4836 558 4911 προλαϐὼν
596 4832 766 4890 εἶπεν*
805 4835 996 4902 Αὐτὸς
1035 4834 1145 4905 γάρ
1179 4834 1347 4890 ἐστιν
1389 4835 1695 4904 οἰκτίρμων

119 4931 206 4984 καὶ
245 4929 560 4998 ἐλεήμων.

185 5025 309 5076 Οὐκ
353 5018 763 5090 ἐμνήσθησαν
800 5015 909 5085 τῆς
933 5016 1126 5085 χειρὸς
1152 5016 1335 5072 αὐτοῦ
1367 5015 1584 5086 ἡμέρας
1617 5011 1693 5084 ἧς

117 5108 512 5178 ἑλυτρὼσατο
541 5106 758 5172 αὐτοὺς
778 5105 846 5158 ἐκ
873 5105 1066 5175 χειρὸς
1091 5106 1414 5173 θλίϐοντος.
1451 5105 1693 5160 Καταλέ-

118 5202 203 5267 ξας
233 5204 305 5256 τὰ
335 5204 404 5255 ὲν
440 5201 514 5270 τῇ
551 5197 786 5269 θαλάσσῃ
821 5199 910 5250 καὶ
934 5199 990 5250 ὲν
1019 5199 1206 5269 ἐρήμῳ
1232 5198 1412 5262 αὐτοῖς
1437 5197 1691 5268 δεδομένα

114 5295 308 5363 ἀγαθὰ,
350 5294 557 5362 ἕτερον
593 5290 902 5361 εὐεργεσίας
934 5288 1218 5357 καταλέγει
1246 5289 1463 5360 τρόπον.
1510 5289 1692 5342 Ταῦτα

113 5383 162 5438 δέ
190 5387 308 5439 ἐστι
338 5384 418 5437 τὰ
481 5379 808 5451 περιστάντα
845 5379 990 5433 δεινὰ
1035 5380 1159 5442 τοὺς
1186 5377 1428 5449 ἐχθρούς·
1453 5378 1488 5448 ἦ
1519 5395 1579 5431 τε
1613 5381 1693 5442 είς

114 5470 244 5543 αἷμα
282 5468 584 5545 μεταϐολὴ
617 5466 711 5520 τοῦ
751 5465 1017 5537 ποταμοῦ,
1050 5467 1143 5520 καὶ
1170 5467 1204 5536 ἡ
1227 5465 1509 5535 κυνάμυια,
1542 5465 1636 5518 καὶ
1663 5465 1693 5517 ὀ

116 5560 407 5633 βάτραχος,
441 5558 544 5612 καὶ
570 5558 603 5627 ἡ
628 5555 877 5628 ὲρυσίόη,
898 5556 1045 5627 καὶὴ
1077 5557 1258 5627 arpi-4.
1290 5556 1382 5609 καὶ
1403 5556 1436 5626 ἡ
1461 5554 1688 5623 χάλαζα.

115 5655 197 5703 καὶ
235 5656 268 5723 ἡ
298 5655 523 5722 πάχνη,
562 5650 654 5701 καὶ
681 5649 741 5702 τὸ
768 5647 897 5719 πῦρ,
931 5648 1021 5702 καὶ
1048 5649 1081 5719 ἡ
1105 5648 1211 5701 τῶν
1250 5649 1494 5718 πονηρῶν
1523 5647 1688 5716 ἀγγέ-

115 5743 208 5797 λων
239 5743 556 5814 ἀποστολή-
597 5741 689 5795 καὶ
717 5741 783 5796 τὰ
814 5741 971 5796 λοιπὰ
1013 5741 1168 5814 μέχρι
1204 5743 1299 5814 τῆς
1338 5742 1442 5796 τῶν
1489 5759 1692 5814 πρωτο-

100 5838 274 5894 ⁸τβιίῑιιιιν
300 5834 621 5897 ἀπωλείας.

1726 1803 1768 1858 Β

1721 3145 1762 3201 C

1111 348 1471 407 EXPOSlTlO
1511 344 1571 399 ΙΝ
1613 343 1940 401 PSALMUM
1980 348 2232 402 LXXVII.

3241 353 3346 408 εει

1789 461 2156 536 pertransierit
2179 460 2451 515 beneﬁciis
2474 475 2567 514 eos
2590 460 2898 521 cumulans.
2929 470 2983 516 et
3015 476 3215 519 sanans
3249 481 3344 522 eos

1790 553 1880 621 qui
1915 552 2015 606 sub
2045 561 2307 622 potestate
2342 553 2538 606 diaboli
2563 562 2760 607 essent.

1865 642 1949 698 12.
1983 642 2174 697 Coram
2199 644 2434 711 patribus
2462 660 2641 698 eorum
2678 645 2797 704 fecit
2829 643 3116 700 mirabilia.
3145 645 3221 700 Ita
3251 645 3346 700 be-

1791 735 2105 790 neliciorum
2137 745 2190 790 et
2238 736 2563 790 niirabiliuin
2594 737 2794 790 Christi
2818 737 2969 790 obliti
3001 745 3148 801 sunt,
3203 740 3347 794 sicut

1791 836 1972 895 patres
2000 842 2184 880 eorum
2222 828 2312 897 qui
2361 829 2412 881 in
2468 827 2699 899 Egyptu
2736 827 2886 882 fuere
2918 830 3134 898 quando
3157 830 3348 883 libera-

1792 917 1868 969 vit
1887 933 1982 972 eos
2022 917 2299 971 Dominus.
2329 917 2517 973 Simile
2537 920 2679 972 enim
2708 920 2988 988 quidpiam
3026 919 3237 975 videtur
3277 921 3349 975 si-

1791 1006 2046 1074 gniﬁcare
2072 1007 2233 1060 illud:
2262 1007 2453 1060 Coram
2492 1009 2730 1075 patribus
2765 1025 2980 1072 eorum;
3011 1025 3073 1063 ac
3107 1010 3153 1064 si
3193 1024 3346 1077 aper-

1793 1108 1901 1149 tius
1932 1097 2133 1151 diceret
2162 1115 2174 1150 :
2201 1097 2420 1152 Similes
2452 1097 2696 1166 pati-ibus
2742 1099 2857 1153 suis
2889 1099 2940 1153 in
2965 1099 3122 1152 malis
3150 1099 3344 1153 studiis

1792 1185 1970 1253 fuere;
2002 1199 2056 1242 et
2083 1189 2220 1243 sicut
2252 1189 2324 1242 illi
2346 1189 2497 1244 obliti
2521 1200 2645 1244 sunt
2669 1189 2858 1256 Deum,
2885 1191 2957 1244 ita
2981 1200 3033 1244 et
3057 1191 3166 1246 isti.

1865 1457 2038 1511 15-15.
2077 1458 2360 1526 Interrupit
2409 1475 2550 1512 mare
2591 1469 2640 1513 et
2686 1463 2931 1528 perduxit
2964 1479 3070 1516 eos.
3101 1461 3218 1517 Non
3253 1480 3343 1519 so-

1794 1547 1902 1600 lum
1936 1547 2054 1610 hoc,
2095 1548 2288 1616 inquit,
2326 1549 2416 1602 sed
2447 1550 2610 1602 etiam
2661 1566 2808 1605 mare
2845 1552 3112 1616 dividens,
3155 1569 3345 1610 omnes
3426 1562 3429 1565 '

1794 1641 2125 1709 pertransire
2170 1639 2317 1694 fecit.
2361 1639 2497 1694 Hinc
2522 1642 2707 1712 incipit
2750 1658 2810 1696 ea
2851 1660 2973 1712 qua:
3005 1644 3054 1697 in
3082 1646 3246 1712 priori
3276 1645 3344 1700 li-

1797 1731 2077 1787 beratione
2120 1733 2260 1787 edita
2311 1742 2439 1787 sunt
2485 1734 2743 1789 miracula
2799 1751 3102 1792 recensere.
3161 1737 3346 1793 Divisa

1795 1825 1937 1878 enim
1971 1825 2022 1878 in
2047 1825 2242 1880 multas
2265 1826 2558 1882 divisiones
2587 1826 2770 1882 Rubro
2797 1829 2956 1894 mari,
2982 1845 3046 1884 ac
3079 1832 3345 1900 separatis

1795 1915 1948 1982 aquis
1977 1923 2029 1968 et
2051 1931 2115 1970 ex
2145 1926 2373 1987 utraque
2421 1927 2573 1988 parte
2610 1918 2663 1971 in
2700 1919 2931 1974 sublime
2961 1921 3139 1988 elatis,
3192 1924 3346 1990 quasi

1794 2008 1848 2059 in
1879 2016 1992 2059 utre
2023 2009 2258 2076 quodam
2293 2010 2474 2062 divina
2522 2009 2717 2064 virtute
2768 2012 3036 2066 conclusit
3089 2028 3220 2079 eas,
3275 2030 3343 2069 ne

1794 2095 1979 2151 effusa:
2005 2097 2402 2153 multitudinem
2434 2097 2827 2170 demergcrcut.

1863 2349 1951 2402 21.
1991 2348 2115 2403 Ideo
2162 2351 2362 2405 audivit
2397 2352 2655 2407 Dominus
2693 2363 2742 2407 ct
2774 2353 3005 2412 distulit.
3063 2357 3228 2426 Quasi
3261 2362 3348 2416 di-

1795 2451 1958 2503 ceret,
1999 2441 2310 2510 Supersedit
2365 2461 2577 2514 parum,
2612 2457 2664 2502 et
2717 2451 3071 2518 operatricem
3125 2470 3346 2512 manum

1794 2532 1949 2600 quasi
1977 2533 2222 2587 cohibuit

1861 2621 1949 2677 24.
1977 2621 2044 2674 Et
2068 2638 2253 2690 panem
2293 2628 2408 2678 coeti
2439 2628 2582 2680 dedit
2616 2631 2710 2682 eis.
2747 2629 2864 2687 Non
2917 2634 3116 2702 solum,
3150 2637 3344 2708 inquit,

1795 2729 1989 2768 manna
2018 2730 2245 2784 corpora
2277 2717 2570 2782 nutriebat,
2628 2721 2722 2775 sed
2762 2731 2820 2799 et
2867 2725 3172 2782 rationabili
3207 2745 3344 2799 qua-

1795 2805 1919 2860 dam
1947 2815 2000 2861 et
2029 2808 2233 2863 caelesti
2263 2811 2458 2866 virtute
2489 2812 2664 2866 alebat
2710 2798 2897 2868 eorum
2935 2817 3167 2887 animas,
3203 2798 3346 2878 sicut

1795 2913 1978 2953 revera
2007 2901 2168 2954 etiam
2220 2903 2315 2956 alit
2359 2905 2598 2974 angelos.
2658 2906 2835 2975 Atque
2882 2908 3011 2962 illud
3052 2920 3228 2980 potest
3275 2928 3345 2968 ex

1794 2990 2180 3060 conjunctione
2223 2995 2600 3062 animadverti,
2648 3013 2769 3068 quae
2804 3001 2958 3069 quasi
3007 3002 3060 3057 in
3109 3005 3342 3075 quadam

1795 3082 2066 3139 additione
2086 3085 2231 3154 jacet
2276 3101 2397 3141 cum
2443 3089 2678 3142 dicitur:
2719 3090 2788 3143 Et
2817 3109 3003 3160 panem
3045 3097 3158 3149 caeli
3202 3098 3348 3153 dedit

1796 3175 1890 3227 eis.
1925 3171 2290 3228 Nihilominus
2323 3163 2501 3229 autem
2547 3193 2837 3246 possumus
2890 3181 2941 3235 id
2989 3197 3055 3237 ex
3087 3186 3346 3254 Apostolo

1796 3264 2057 3330 ediscere,
2090 3264 2183 3334 qui
2209 3266 2276 3320 de
2309 3267 2415 3321 illis
2455 3267 2588 3322 dicit
2618 3272 2763 3339 quod
2797 3273 3131 3343 spiritualem
3162 3279 3344 3335 cibum

1796 3357 2158 3412 cometlerent.
2200 3357 2332 3414 Illud
2356 3370 2533 3414 autem
2556 3371 2671 3416 erat
2705 3365 2849 3431 quod
2876 3365 2964 3421 hic
2993 3369 3150 3437 panis
3179 3386 3344 3441 ange-

1799 3447 1974 3502 lorum
2006 3459 2250 3504 vocatur.

1865 3534 1952 3587 27.
1989 3535 2055 3587 Et
2081 3537 2216 3588 sicut
2245 3554 2460 3591 arenam
2503 3543 2664 3597 maris
2701 3545 2940 3600 rotatilia
2973 3559 3220 3618 pennata.
3268 3550 3345 3608 De

1797 3624 2075 3679 coturnice
2104 3624 2192 3678 hic
2228 3626 2488 3696 loquitur.

1866 3716 1958 3770 50.
1999 3717 2181 3771 Adhuc
2203 3734 2332 3774 esca:
2351 3736 2530 3774 eorum
2555 3732 2703 3777 erant
2735 3724 2791 3778 in
2820 3743 2908 3781 ore
2930 3728 3182 3798 ipsorum.
3211 3731 3348 3789 Ver-

1798 3823 1893 3863 sus
1919 3817 2003 3864 est
2025 3809 2133 3864 illis
2162 3809 2315 3865 cibus
2347 3810 2402 3865 in
2437 3811 2799 3879 iracundiam,
2841 3829 3023 3890 utpote
3044 3822 3141 3893 qui
3170 3826 3348 3881 omni-

1797 3915 1868 3954 no
1895 3904 1960 3955 ad
1983 3901 2324 3956 saturitatem
2357 3905 2603 3960 carnium
2633 3907 2979 3969 declinarint.

1865 4102 1952 4157 59.
1980 4101 2048 4157 Et
2074 4104 2378 4158 recordatus
2411 4115 2508 4169 est,
2534 4108 2655 4177 quia
2678 4124 2802 4162 caro
2841 4119 2982 4175 sunt,
3007 4114 3221 4181 spinus
3252 4132 3347 4170 va-

1795 4195 1920 4248 deus
1949 4205 1998 4249 et
2031 4212 2133 4248 non
2160 4196 2384 4250 rediens.
2415 4195 2790 4267 Miserabatur,
2834 4184 3030 4271 inquit,
3069 4205 3214 4267 illos.
3243 4207 3347 4261 etsi

1795 4287 2001 4342 videret
2034 4303 2128 4343 eos
2157 4288 2378 4343 omnino
2404 4288 2706 4346 declinasse
2739 4292 2803 4345 ad
2826 4307 3040 4361 carnes,
3067 4297 3119 4352 id
3151 4309 3253 4362 est,
3288 4310 3348 4355 ut

1795 4394 1857 4434 ea
1885 4395 2006 4449 qua
2034 4380 2215 4434 carnis
2242 4390 2367 4435 sunt
2390 4390 2662 4450 saperent,
2693 4395 2756 4436 ac
2783 4383 3032 4452 spiritum
3057 4387 3254 4444 habere
3279 4390 3347 4445 ad

1795 4471 2284 4540 concupiscentiam
2310 4471 2491 4527 carnis
2521 4487 2732 4544 semper
2763 4475 3067 4541 vadentem,
3091 4495 3191 4534 nec
3211 4496 3346 4536 con-

1793 4570 2084 4616 vertentem
2123 4577 2180 4616 se
2217 4561 2283 4615 ad
2309 4563 2681 4630 paenitentiam
2707 4606 2723 4630 ,
2771 4577 2830 4620 ut
2871 4579 3138 4637 quaereret
3169 4570 3338 4627 Deum

1790 4670 1856 4709 ex
1894 4663 2004 4710 tota
2044 4655 2246 4709 anima.
2279 4654 2433 4710 Nulla
2481 4657 2643 4728 igitur
2691 4658 2794 4713 alia
2825 4659 2893 4715 de
2922 4677 3086 4717 causa
3121 4664 3345 4719 misera-

1796 4756 1882 4800 tus
1906 4754 2064 4801 estet
2097 4747 2305 4802 salvum
2352 4747 2481 4803 fecit
2543 4749 2718 4812 illum,
2771 4753 2873 4806 nisi
2937 4764 3154 4822 pr0pter
3185 4771 3341 4810 suam

1795 4834 1970 4888 solum
1999 4834 2359 4890 clementiam.
2409 4836 2588 4902 Quare
2627 4841 2778 4909 prius
2824 4841 3004 4896 dixit:
3055 4842 3175 4913 Ipse
3205 4847 3346 4900 enim

1797 4925 2072 4977 miserator
2093 4934 2142 4977 et
2173 4926 2491 4981 misericors.

1865 5015 1954 5082 42,
1981 5016 2070 5071 49.
2109 5015 2231 5070 Νοη
2259 5030 2379 5073 sunt
2417 5020 2679 5073 recordati
2720 5037 2907 5076 manus
2947 5023 3081 5091 ejus,
3126 5025 3212 5078 die
3236 5042 3339 5096 qua

1797 5109 2013 5163 redemit
2042 5125 2127 5164 eos
2155 5109 2218 5164 de
2243 5126 2401 5164 manu
2441 5112 2767 5168 tribulantis.
2797 5113 3087 5184 Postquam
3121 5133 3344 5173 enume-

1796 5202 1936 5254 ravit
1988 5200 2131 5255 bona
2187 5201 2243 5256 in
2295 5203 2432 5257 mari
2480 5212 2534 5258 et
2578 5205 2631 5258 in
2667 5206 2881 5261 deserto
2938 5208 3071 5277 ipsis
3123 5210 3339 5275 collata.

1795 5293 1964 5346 alium
2007 5301 2250 5348 recenset
2278 5293 2664 5349 beneﬁciorum
2711 5296 2954 5352 modum.
2997 5297 3120 5352 Hac
3166 5309 3341 5354 autem

1797 5392 1925 5438 sunt
1957 5383 2097 5439 mala
2131 5384 2366 5439 inimicis
2408 5385 2575 5450 illata,
2612 5387 2820 5442 scilicet
2847 5389 3075 5442 mutatio
3101 5389 3343 5446 ﬂuminis

1796 5475 1852 5529 in
1915 5475 2254 5544 sanguinem,
2285 5477 2588 5547 cynomyia,
2626 5492 2791 5544 ranaa,
2838 5492 3039 5549 aerugo,
3092 5480 3298 5534 locusta
3326 5522 3341 5542 ,

1795 5566 2021 5633 grando,
2045 5566 2259 5636 pruina,
2296 5567 2457 5637 ignis,
2505 5566 2771 5622 immissio
2804 5567 3116 5635 angelorum
3169 5571 3341 5622 maln-

1798 5673 1952 5720 rum,
2014 5667 2067 5713 et
2115 5658 2322 5728 reliqua
2358 5673 2528 5726 usque
2578 5658 2644 5713 ad
2689 5657 3172 5729 primogenitorum
3223 5659 3343 5714 exi-

1796 5759 1950 5804 tium.
