4076 6308
735 359 844 418 355

1580 348 1636 402 S.
1679 342 2044 400 ATIIANASlI
2084 339 2232 394 OPP.
2272 336 2450 390 PARS
2490 339 2574 393 ΙΙΙ.
2619 370 2687 379 -—
2725 339 3131 394 EXEGETICA.

3819 341 3906 400 556

808 472 896 526 50.
933 467 1080 524 Viam
1118 468 1237 536 fecit
1277 465 1476 519 semin
1515 464 1610 516 ira:
1642 477 1769 514 sure.
1805 459 1941 513 Cum
1995 458 2229 512 dedisset
2263 493 2276 515 ,
2308 457 2340 511 Α

2463 454 2804 521 Ὠδοποιήσε
2846 457 3042 520 τρίϐον
3093 455 3164 522 τῇ
3212 455 3356 523 ὀργῇ
3400 459 3601 508 αυτοῦ.
3650 457 3910 520 Δεδωκὼς,

739 563 937 634 inquit,
969 561 1288 632 mysterium
1325 557 1471 628 agni,
1501 557 1706 610 exitum
1746 552 1893 606 dedit
1934 553 2048 615 irae,
2088 558 2146 602 ut
2192 563 2285 616 po-

741 657 922 723 pulum
953 667 1110 708 sunm
1147 647 1676 719 prmtergrederetur,
1711 654 1761 697 et
1788 658 1853 695 ne
1885 641 2168 709 attingeret
2193 652 2288 691 eos

738 746 828 814 qui
853 745 968 811 ejus
999 741 1311 812 mysterium
1347 739 1699 792 celebrarent.
1753 733 1856 788 Sed
1904 747 2027 787 cum
2059 729 2291 785 custodi-

740 845 822 891 ret
845 851 938 890 eos
973 833 1152 888 dando
1181 831 1424 884 semitam
1459 829 1552 881 ira:
1584 842 1728 890 sure,
1772 825 2059 878 animabus
2077 837 2283 882 eorum,

741 926 946 981 scilicet
979 922 1376 991 Egyptiorum,
1418 935 1516 970 non
1546 917 1767 986 pepercit
1811 933 1843 968 a
1877 924 2074 975 morte;
2123 913 2288 966 tradi~

740 1017 820 1072 dit
849 1017 993 1070 enim
1022 1011 1449 1068 exterminatori.

813 1110 899 1164 54.
929 1107 992 1159 Et
1020 1107 1226 1160 induxit
1257 1120 1341 1156 eos
1367 1105 1415 1155 in
1442 1111 1665 1154 montem
1695 1099 2134 1167 sanctiﬁcationis
2163 1113 2290 1149 sum.

744 1201 1037 1255 Jerusalem
1069 1199 1144 1250 ait
1167 1207 1220 1250 et
1256 1196 1512 1264 templum
1552 1204 1734 1263 postea
1769 1194 1820 1246 in
1857 1193 1943 1245 illa
1977 1191 2291 1245 excitatum.

747 1292 971 1344 Montem
1025 1290 1160 1340 hunc
1205 1303 1354 1356 quem
1409 1287 1682 1355 acquisivit
1731 1285 1942 1336 dextera
1995 1282 2127 1350 ejus.
2179 1279 2296 1348 Ipse

747 1400 982 1452 namque
1011 1381 1258 1435 Christus
1285 1388 1384 1442 est,
1420 1379 1636 1432 dextera
1670 1375 1864 1438 Patris,
1894 1374 1985 1442 qni
2016 1373 2142 1426 olim
2174 1380 2298 1424 ante

745 1477 1002 1545 p0pnlum
1031 1473 1330 1534 incedebat,
1361 1480 1412 1523 et
1443 1479 1589 1524 sorte
1630 1469 1776 1522 dedit
1828 1469 1908 1521 eis
1946 1478 2141 1521 terram
2178 1481 2300 1534 pro-

747 1566 1046 1621 missionis.
1083 1564 1152 1618 Et
1189 1565 1337 1632 ejecit
1391 1580 1421 1615 a
1466 1563 1599 1629 facie
1651 1576 1831 1613 eorum
1885 1567 2079 1628 gentes.
2111 1557 2303 1610 Amor-

749 1662 976 1717 rhteum.
1027 1658 1324 1711 Chettreum
1357 1697 1370 1720 ,
1419 1665 1471 1708 et
1510 1653 1601 1722 qui
1651 1658 2047 1720 consequenter
2079 1660 2304 1702 enume-

750 1762 958 1806 rantur.
999 1749 1068 1803 Et
1101 1759 1238 1802 sorte
1268 1748 1444 1799 divisit
1479 1747 1552 1798 eis
1583 1756 1776 1797 terram
1816 1744 1868 1796 in
1915 1739 2148 1810 funiculo
2187 1740 2301 1790 dis-

2389 547 2538 614 φησὶ,
2587 547 2678 598 τοῦ
2711 547 2880 615 ἀμνοῦ
2921 547 2981 598 τὸ
3033 549 3356 615 μυστήριον,
3399 547 3624 611 διέξοδον
3655 548 3838 600 δέδωκε
3861 553 3914 617 τῇ

2387 636 2542 706 ὀργῇ,
2578 639 2723 699 ὅπως
2747 637 2836 689 τὸν
2867 637 3028 688 αὐτοῦ
3062 637 3298 706 παρέλθῃ
3327 637 3452 689 λαὸν
3471 678 3484 698 ,
3519 638 3609 688 καὶ
3647 639 3717 707 μὴ
3743 640 3918 707 ἄζηται

2389 729 2495 780 τῶν
2541 728 2701 781 αὑτοῦ
2746 728 3035 780 τελούντων
3067 730 3126 780 τὸ
3163 730 3475 798 μυστήριον.
3517 729 3672 782 Ἀλλὰ
3711 731 3920 797 φυλάξας

2389 817 2606 881 τούτους
2642 819 2730 871 διὰ
2769 819 2859 871 τοῦ
2905 820 3077 882 ἔξοδον
3117 818 3296 871 δοῦναι
3345 823 3408 889 τῇ
3443 822 3609 890 ὀργῇ,
3639 821 3922 873 αὐτῶντῶν

2391 910 2596 980 ψυχῶν,
2630 911 2828 980 δηλαδὴ
2869 911 2975 963 τῶν
3014 911 3355 978 Αἰγυπτίων,
3390 913 3497 963 οὐκ
3527 912 3802 978 ἐρείσατο
3825 914 3922 964 ἀπὸ

2392 999 2669 1052 θανάτου·
2694 999 2970 1068 παρέδωκε
2999 999 3105 1068 γὰρ
3138 1001 3214 1068 τῷ
3248 998 3612 1068 eameam-3;.

2463 1089 2568 1141 Kal
2605 1089 2918 1156 εἰσήγαγεν
2942 1089 3160 1154 αὐτοὺς
3181 1092 3264 1154 εἰς
3291 1089 3426 1156 ὅρος
3459 1089 3815 1158 ἁγιάσματος
3841 1093 3930 1143 ai:-

2393 1179 2518 1233 τοῦ.
2557 1181 2903 1251 Ἰερουσαλήμ
2930 1198 3059 1250 φησι
3085 1182 3178 1232 καὶ
3203 1182 3288 1232 τὸν
3325 1180 3458 1248 μετὰ
3485 1181 3655 1234 ταῦτα
3676 1181 3931 1250 oixoﬁopr-

2396 1269 2552 1322 θέντα
2596 1272 2652 1321 ἐν
2695 1271 2827 1340 αὐτῇ
2878 1271 3021 1323 ναόν.
3071 1272 3236 1337 Ὄρος
3281 1270 3454 1321 τοῦτο
3499 1271 3528 1322 ὂ
3572 1270 3856 1333 ἐκτήσατο
3900 1271 3930 1334 ή

2397 1361 2561 1424 δεξιὰ
2605 1362 2807 1415 αὑτοῦ.
2850 1362 3017 1424 Αὐτὸς
3048 1363 3166 1432 γάρ
3199 1363 3344 1413 ἐστιν
3385 1364 3412 1413 6
3452 1362 3680 1431 Χριστὸς
3729 1363 3760 1430 ἡ
3805 1360 3934 1424 δεξιὰ

2397 1453 2490 1505 τοῦ
2541 1454 2769 1524 Πατρὸς,
2807 1456 2833 1506 ὁ
2862 1453 2954 1506 καὶ
2989 1453 3151 1506 πάλαι
3180 1453 3645 1522 προπορευόμενος
3682 1453 3769 1505 τοῦ
3801 1452 3934 1517 λαοῦ,

2401 1545 2491 1596 καὶ
2519 1545 2755 1613 κατακλη
2766 1544 2988 1615 ροδοτῶν
3015 1546 3192 1605 αὐτοῖς
3220 1544 3316 1612 τῆς
3352 1543 3679 1610 ἐπαγγελίας
3703 1544 3796 1612 τὴν
3826 1543 3936 1610 γῆν.

2402 1637 2509 1690 Καὶ
2557 1637 2841 1700 ἐξέϐαλεν
2882 1636 2997 1690 ἀπὸ
3048 1636 3365 1702 προσώπου
3411 1635 3606 1689 αὐτῶν
3646 1638 3801 1701 ἐθνη.
3851 1637 3939 1687 Τὴν

2417 1728 2734 1798 Ἀμορραἰον
2763 1729 2855 1780 καὶ
2889 1727 2978 1779 τὸν
3009 1729 3262 1780 Χετταῖον
3283 1767 3297 1789 ,
3342 1728 3431 1779 καὶ
3467 1729 3590 1790 τοὺς
3625 1728 3746 1795 ἑξῆς
3776 1727 3918 1797 δηλου

752 1843 1072 1896 tributionis.
1123 1839 1372 1908 Expulsis
1420 1852 1482 1890 ac
1538 1835 1728 1889 deletis
1769 1809 1971 1902 septem
2031 1830 2298 1901 gentibus.
2339 1811 2340 1857 ί

2417 1822 2615 1889 μένους.
2664 1821 2771 1875 Kal
2816 1820 3294 1887 ἑκληροδότησεν
3335 1821 3551 1884 αὐτοὺς
3598 1821 3666 1872 ἐν
3715 1821 3942 1887 σχίσινίῳ

751 1933 884 1989 Nam
906 1936 1187 2004 pulsorum
1218 1931 1376 1986 urbes
1409 1931 1708 1998 domosque
1743 1926 2120 1997 possederunt.

823 2192 909 2249 56.
951 2191 1015 2245 Et
1059 2198 1378 2244 tentavcrunt
1425 2196 1472 2240 et
1521 2183 1960 2238 exacerbarentur
2007 2183 2171 2238 Deum
2214 2199 2296 2237 e1-

757 2283 967 2338 celsum.
1014 2279 1394 2341 Idololatriam,
1421 2292 1540 2346 quae
1577 2275 1824 2344 judicum
1861 2284 1914 2328 et
1946 2290 2129 2344 regum
2175 2283 2309 2327 tem-

756 2387 883 2441 pore
932 2370 1146 2423 inducta
1182 2367 1300 2426 fuit.
1346 2376 1580 2420 enarrat.
1626 2364 1692 2416 Et
1722 2365 2019 2416 testimonia
2055 2362 2165 2431 ejus
2210 2381 2311 2418 non

758 2457 1134 2512 custodierunt.

829 2548 918 2603 57.
973 2546 1036 2598 Et
1070 2551 1365 2597 averterunt
1414 2558 1500 2606 se,
1547 2557 1650 2594 non
1689 2549 2017 2596 servaverunt
2062 2552 2310 2608 pactum,

757 2638 1192 2711 quemadmodum
1223 2647 1396 2705 patres
1431 2649 1677 2687 eorum...
1723 2631 2186 2697 Quemadmodum
2222 2649 2316 2702 pa-

759 2739 870 2783 tres
906 2743 1123 2791 eorum,
1155 2727 1257 2787 ait,
1288 2727 1340 2777 in
1378 2725 1620 2784 deserto,
1663 2723 1998 2789 redemptore
2031 2722 2312 2790 abnegato,

760 2822 986 2876 vitulum
1023 2819 1300 2874 fecerunt:
1337 2813 1407 2870 ita
1455 2825 1508 2870 et
1544 2815 1631 2869 isti
1667 2815 1862 2868 erectis
1900 2813 2080 2867 vitulis
2108 2814 2315 2868 sacrili-

762 2915 977 2974 cabant,
1010 2911 1119 2966 Deo
1149 2909 1424 2964 derelicto.

831 3001 918 3055 58.
965 2999 1029 3050 In
1052 3000 1186 3050 iram
1223 2998 1611 3050 concitaverunt
1635 3011 1749 3048 eum
1777 2995 1829 3047 in
1860 2995 2080 3048 collibus
2105 2997 2234 3050 suis.
2260 2995 2317 3050 In

2402 1912 2822 1979 κληροδοσίας.
2865 1911 3048 1963 Αὐτῶν
3093 1911 3199 1962 τῶν
3231 1911 3586 1974 ἐξελαθέντων
3632 1911 3723 1963 καὶ
3763 1913 3945 1980 ἀνῃρη-

2411 2003 2581 2071 μένων
2609 2003 2744 2054 ὲπτὰ
2771 2001 2956 2054 ἐθνῶν.
2988 2002 3096 2064 Τὰς
3122 2002 3229 2071 γὰρ
3259 2003 3438 2064 πόλεις
3466 2003 3643 2054 αὐτῶν
3675 2002 3779 2054 τῶν
3803 2001 3943 2053 £7.65.-

2407 2093 2682 2163 ϐλημένων
2711 2095 2802 2146 καὶ
2833 2095 2956 2156 τοὺς
2990 2093 3168 2156 οἴκους
3200 2093 3655 2164 ὲκληρονὺμησαν.

2475 2185 2580 2238 Καὶ
2603 2186 2926 2253 ἐπείρασαν
2953 2185 3049 2238 καὶ
3078 2187 3526 2252 παρεπίκραναν
3552 2185 3656 2238 τὸν
3687 2183 3830 2237 Θεὸν
3856 2183 3950 2235 τὸν

2409 2275 2686 2343 ὕψιστον.
2724 2276 2832 2344 Τὴν
2873 2276 2962 2327 ἐπὶ
2992 2274 3097 2327 τῶν
3143 2275 3341 2344 κριτῶν
3369 2274 3664 2344 γενομένην
3695 2274 3952 2325 εἰδωλολα-

2409 2363 2589 2433 τρείαν
2639 2364 2926 2433 σημαίνει,
2975 2365 3070 2415 καὶ
3111 2364 3208 2434 τὴν
3245 2365 3336 2415 ἐπὶ
3381 2363 3487 2414 τῶν
3536 2362 3828 2432 βασιλειῶν.
3853 2361 3950 2416 Kal

2412 2455 2480 2507 τὰ
2507 2457 2794 2522 μαρτύρια
2825 2455 3008 2508 αὑτοῦ
3047 2457 3157 2508 οὐκ
3186 2455 3582 2523 ἐφυλάξαντο.

2482 2547 2590 2600 Καὶ
2623 2546 3030 2615 ἀπέστρεψαν,
3067 2547 3162 2600 καὶ
3209 2547 3530 2614 ἠθέτησαν,
3563 2547 3755 2613 καθὼς
3788 2546 3878 2598 καὶ
3907 2547 3954 2598 cl

2414 2637 2658 2705 πατέρες
2700 2638 2914 2692 αὐτῶν.
2953 2639 3160 2708 Ὠσπερ
3190 2641 3238 2690 οἰ
3285 2639 3513 2710 πατέρες
3552 2639 3749 2698 αὐτῶν,
3786 2638 3954 2707 φησὶν,

2416 2730 2472 2780 ἐν
2499 2731 2562 2798 τῇ
2596 2729 2785 2800 ἐρήμῳ
2829 2730 2919 2780 τὸν
2966 2730 3162 2799 μόσχον
3205 2731 3550 2798 πεποιήκασι,
3585 2731 3675 2782 τὸν
3701 2730 3958 2800 λυτρωτὴν

2417 2819 2809 2890 ἀρνησάμενοι·
2857 2818 2998 2872 οὕτω
3044 2821 3137 2873 καὶ
3179 2813 3321 2872 οὗτοι
3374 2821 3533 2874 πάλιν
3579 2822 3679 2884 τὰς
3719 2821 3959 2890 δαμάλεις

2418 2910 2699 2973 ἀναθέντες
2729 2910 2901 2972 ἔθυον,
2935 2911 3386 2978 ἐγκαταλιπόντες
3407 2912 3554 2964 Θεόν.

2490 3003 2596 3056 Kal
2631 3000 3008 3070 παρὼργισαν
3033 3002 3216 3056 αὑτὸν
3242 3004 3311 3055 ἐν
3341 3004 3462 3068 τοῖς
3487 3005 3740 3069 ,βουνοῖς
3758 3002 3957 3056 αὐτῶν.

765 3094 1018 3148 omnibus
1057 3091 1200 3146 enim
1243 3090 1506 3143 montium
1553 3088 1925 3143 cacuminibus
1972 3088 2319 3142 inmolabant

2433 3093 2556 3146 Ἐπὶ
2607 3093 2785 3143 πᾶσαν
2842 3093 2950 3163 γὰρ
3011 3095 3250 3164 κορυφὴν
3292 3094 3450 3164 ὅρους
3496 3097 3605 3158 τοῖς
3654 3095 3964 3164 ἀκαθάρτοις

764 3184 1123 3246 daemonibus,
1161 3190 1220 3235 ut
1245 3181 1318 3234 ait
1347 3178 1516 3233 Oseas
1549 3178 1810 3247 propheta
1831 3178 1899 3231 ³⁷.

835 3277 923 3331 59.
951 3275 1164 3328 Audiuit
1196 3272 1333 3324 Deus
1364 3281 1412 3324 et
1443 3271 1655 3338 sprevit,
1695 3279 1744 3322 et
1775 3270 1844 3322 ad
1873 3269 2091 3323 nihilum
2126 3270 2320 3340 redegit

768 3369 917 3422 valde
948 3366 1136 3421 Israel.
1157 3365 1364 3419 Traditi
1389 3365 1534 3416 enim
1560 3369 1688 3416 sunt
1709 3362 1872 3416 variis
1901 3362 2318 3415 cantivitatihus.

838 3547 926 3602 60.
949 3546 1012 3600 Et
1045 3544 1232 3613 repulit
1268 3542 1656 3596 tabernaculum
1686 3540 1872 3596 Silam.
1905 3539 1960 3592 In
1989 3538 2156 3593 Silom
2180 3538 2323 3592 enim

770 3648 889 3693 erat
921 3640 1070 3708 prius
1100 3636 1531 3696 tabernaculum,
1565 3649 1672 3702 quo
1699 3645 1939 3701 tempore
1966 3631 2322 3686 sacerdotium

773 3731 1092 3786 exercebant
1120 3727 1234 3781 Heli
1277 3736 1331 3780 et
1359 3724 1596 3779 Samuel.
1632 3721 2042 3776 Tabernaculum
2068 3720 2155 3773 ubi
2185 3721 2327 3773 habi-

774 3821 902 3875 tavit
931 3821 982 3872 in
1009 3817 1326 3872 hominibus.
1351 3813 1778 3868 Tabernaculum
1815 3813 1944 3867 dicit
1971 3826 2172 3875 arcam,
2207 3825 2328 3879 qua:

777 3909 1086 3965 hominibus
1119 3907 1224 3960 illis
1251 3913 1432 3975 erepta
1465 3912 1566 3968 est,
1595 3919 1625 3956 a
1659 3903 1900 3972 quinque
1934 3901 2184 3970 satrapiis
2209 3914 2328 3970 qua:

773 4001 1113 4059 abstulerunt
1150 3998 1316 4052 illam.

845 4093 934 4147 6i.
977 4090 1043 4144 Et
1084 4089 1302 4143 tradidit
1339 4088 1394 4140 in
1429 4086 1786 4156 captivitatem
1838 4085 2083 4138 virtutem
2128 4098 2328 4146 eorum,

777 4195 826 4242 et
859 4181 1300 4253 pulchritudinem
1335 4193 1536 4231 eorum.
1569 4174 1752 4231 Virtus
1783 4184 1834 4230 et
1859 4173 2202 4244 pulchritudo
2240 4188 2329 4227 eo-

781 4292 902 4332 rum
922 4283 1036 4330 erat
1057 4288 1201 4337 arca,
1225 4287 1344 4341 quze
1365 4269 1559 4324 tradita
1587 4277 1670 4323 est
1691 4267 1745 4320 in
1770 4282 1963 4322 manus
1991 4265 2330 4319 Azotiorum.

2422 3185 2572 3240 ἔθυον
2599 3187 2863 3258 δαίμοσιν,
2891 3187 2966 3249 ὼς
2997 3187 3024 3238 6
3057 3187 3333 3256 προφήτης
3374 3187 3528 3256 Ὠσηέ
3559 3205 3740 3256 φησιν.

2493 3279 2783 3331 Ἤκουσεν
2809 3280 2840 3330 ὀ
2871 3276 3012 3342 Θεὸς
3045 3277 3140 3328 καὶ
3173 3275 3457 3344 ὑπερεῖδε,
3489 3279 3584 3330 καὶ
3614 3277 3967 3340 ἐξουδένωσε

2420 3367 2651 3434 σφόδρα
2705 3365 2959 3434 Ἰσραήλ.
3005 3365 3383 3436 Παρεδόθησαν
3421 3367 3527 3436 γὰρ
3575 3370 3654 3430 εἰς
3700 3367 3970 3438 διατόρους

2422 3458 2808 3528 αἰχμαλωσίας.

2491 3548 2598 3602 Kal
2630 3547 2910 3601 ἀπώσατο
2957 3546 3070 3616 τὴν
3113 3548 3355 3616 σκηνὴν
3394 3548 3625 3620 Σηλὼμ.
3668 3550 3756 3604 Ἑν
3783 3549 3966 3622 Σηλὼμ

2423 3638 2529 3708 γὰρ
2571 3632 2636 3707 ἦν
2699 3637 2760 3690 τὺ
2813 3637 3072 3708 πρότερον
3121 3639 3152 3708 ἡ
3205 3639 3412 3709 σκηνὴ,
3461 3640 3623 3709 ἡνίκα
3670 3640 3973 3709 ίερὰτευσαν

2436 3727 2580 3781 Ἠλεὶ
2608 3729 2700 3780 καὶ
2729 3728 2994 3797 Σαμουὴλ.
3030 3727 3317 3795 Σκήνωμα
3355 3729 3384 3780 ὃ
3429 3729 3884 3798 κατεσκήνωσεν
3913 3731 3974 3782 ἐν

2426 3817 2768 3888 ἀνθρώποις.
2803 3819 3071 3888 Σκήνωμα
3095 3819 3193 3887 τὴν
3229 3818 3456 3872 κιϐωτόν
3491 3837 3650 3892 φησιν
3669 3861 3683 3883 ,
3715 3821 3855 3892 ἥπερ
3880 3820 3974 3873 ἀπὸ

2427 3909 2533 3961 τῶν
2561 3906 2859 3978 ἀνθρώπων
2895 3907 3116 3961 ἐκείνων
3149 3910 3428 3982 ἀφῄρηται
3460 3911 3565 3965 τῶν
3600 3912 3761 3966 πέντε
3787 3928 3974 3983 σατρα-

2430 3998 2594 4052 πειῶν
2624 3999 2729 4052 τῶν
2756 3998 3029 4052 λαὸουσῶν
3055 4001 3241 4070 αὑτήν.

2500 4091 2608 4145 Kal
2660 4090 2998 4159 παρέδωκεν
3047 4094 3133 4156 εἰς
3181 4094 3592 4160 αἰχμαλωσίαν
3647 4094 3762 4162 τὴν
3808 4095 3978 4164 ἰσχὺν

2432 4183 2660 4248 αὐτῶν,
2709 4184 2806 4236 καὶ
2848 4185 3160 4252 καλλονήν
3212 4184 3429 4239 αὐτῶν.
3471 4187 3643 4256 Ἰσχὺς
3684 4189 3860 4240 αὐτῶν
3895 4189 3980 4240 καὶ

2439 4276 2542 4346 μὴν
2570 4276 2663 4328 καὶ
2691 4275 2919 4347 καλλονὴ
2944 4277 2977 4346 ἡ
3011 4275 3239 4338 κιϐωτὸς
3259 4271 3328 4347 ἦν
3359 4277 3394 4347 ἢ
3429 4278 3780 4349 παραδέδοται
3821 4279 3980 4342 Ἀζω-

2436 4367 2564 4420 τίων
2593 4367 2671 4429 εἰς
2697 4369 2898 4437 χεῖρας.

851 4473 941 4528 62.
980 4472 1043 4526 Et
1075 4469 1326 4525 conclusit
1374 4469 1427 4522 in
1473 4467 1650 4538 gladio
1687 4464 1934 4535 populum
1975 4479 2146 4517 suum.
2195 4462 2332 4516 Cum

2503 4459 2612 4513 Kal
2633 4458 3024 4513 συνέκλεισεν
3050 4460 3134 4524 εἷς
3156 4460 3459 4528 ῥομφαίαν
3478 4461 3582 4514 τὸν
3604 4461 3759 4514 λαὸν
3782 4462 3980 4516 αὐτοῦ.

783 4566 1106 4619 ducerentur
1139 4563 1283 4616 enim
1323 4561 1378 4613 in
1408 4559 1770 4628 captivitatem
1819 4555 2204 4616 moriebantur,
2245 4567 2338 4605 ne-

786 4655 932 4708 mine
977 4653 1306 4715 auxiliante,
1352 4651 1478 4718 quia
1511 4647 1808 4702 l'amiliares
1839 4660 2027 4701 eorum
2079 4645 2201 4714 igne
2243 4643 2339 4697 ab-

787 4744 986 4812 sumpti
1025 4741 1258 4794 fuerant.

858 4832 948 4886 64.
989 4829 1294 4885 Sacerdotes
1329 4843 1507 4882 eorum
1536 4829 1588 4879 in
1615 4827 1790 4896 gladio
1816 4825 2130 4880 ceciderunt.
2177 4823 2342 4878 Filios

791 4924 906 4980 Heli
951 4920 1246 4978 sacerdotis
1279 4920 1408 4974 dicit
1443 4917 1546 4974 :Et
1587 4920 1756 4972 vidua
1797 4934 1974 4971 eorum
2017 4931 2122 4969 non
2161 4915 2342 4984 plora-

795 5019 1004 5070 buntur.
1050 5012 1329 5067 Perierunt
1362 5013 1506 5065 enim
1547 5011 1733 5064 eodem
1781 5009 1946 5063 exitio
1968 5047 1983 5068 .
2019 5017 2180 5076 atque
2211 5006 2342 5060 viris

796 5107 852 5161 in
882 5113 1053 5158 morte
1085 5101 1386 5168 conjunctae
1417 5107 1574 5162 sunt,
1619 5112 1792 5166 neque
1829 5096 2080 5166 lacrymis
2114 5106 2172 5149 ut
2209 5095 2348 5151 solet

798 5202 853 5255 in
883 5197 1110 5253 mortuis
1141 5199 1252 5248 liert
1283 5192 1568 5262 deplorata:
1595 5200 1742 5246 sunt.

870 5287 960 5342 66.
1003 5285 1069 5338 Et
1098 5280 1348 5354 percussit
1386 5281 1622 5334 inimicos
1651 5296 1772 5333 suos
1802 5279 1856 5332 in
1881 5281 2193 5349 posteriora.
2235 5277 2350 5333 Hoc

802 5381 877 5436 ait
911 5378 1038 5450 quia
1077 5375 1295 5429 Azotios
1327 5381 1381 5425 et
1412 5371 1750 5427 Ascalonitas
1800 5371 1853 5424 in
1897 5370 2179 5439 podicibus
2224 5385 2346 5440 per-

801 5472 990 5535 cussit,
1016 5469 1187 5522 donec
1212 5463 1544 5520 remitterent
1571 5477 1774 5517 arcam.

873 5561 963 5616 67.
1007 5559 1069 5614 Et
1099 5558 1284 5626 repulit
1312 5554 1702 5610 tabernaculum
1730 5551 1942 5624 Ioseph.
1985 5550 2098 5611 Hoc
2122 5553 2196 5610 ait
2225 5553 2350 5624 quia

911 5763 953 5792 ⁹⁷
993 5759 1116 5817 Ose.
1158 5778 1230 5827 χι,
1273 5760 1358 5820 12.

2450 4551 2724 4621 Ἀγόμενοι
2751 4551 2860 4622 γὰρ
2892 4550 3240 4620 αἰχμάλωτοι,
3263 4553 3620 4622 ἀπέθνησκον,
3653 4554 3864 4616 οὐδενὸς
3895 4556 3981 4607 αὑ-

2438 4646 2549 4706 τοῖς
2595 4641 3039 4713 ἐπικουροῦντος,
3083 4641 3168 4695 διά
3212 4643 3272 4696 τὸ
3311 4644 3810 4715 προδεδαπανῆσθαι
3865 4647 3987 4717 πυρὶ

2440 4734 2564 4796 τοὺς
2596 4733 2926 4803 ἐπιτηδείους
2953 4733 3149 4788 αὐτῶν.

2514 4829 2577 4879 Ol
2610 4825 2781 4894 ἱερεῖς
2811 4823 3008 4879 αὐτῶν
3036 4827 3105 4880 ἐν
3119 4828 3381 4896 ῥομφαίᾳ
3411 4827 3652 4881 ἔπεσον.
3681 4828 3821 4890 Τοὺς
3853 4828 3990 4888 υἱοὺς

2457 4915 2603 4969 Ἠλεὶ
2645 4915 2738 4967 τοῦ
2787 4916 2973 4985 ἱερέως
3017 4917 3185 4986 λέγει.
3217 4916 3325 4970 Kal
3371 4921 3428 4970 al
3477 4915 3655 4986 χῆραι
3686 4915 3887 4970 αὐτῶν
3924 4920 3989 4970 οὐ

2445 5005 2899 5070 κλαυθήσονται,
2927 5005 3302 5059 Συνδιολώλασι
3323 5007 3429 5079 γὰρ
3452 5010 3516 5077 τῇ
3543 5007 3718 5060 αὐτῶν
3735 5008 3990 5078 ἀπωλείᾳ,

2446 5097 2640 5166 καὶτῷ
2677 5097 2784 5149 τῶν
2827 5097 3031 5168 ἀνδρῶν
3070 5097 3280 5168 θανάτῳ
3313 5097 3684 5169 συνήφθησαν,
3730 5100 3864 5171 μηδὲ
3895 5098 3992 5151 τῶν

2447 5191 2539 5242 ἐπὶ
2564 5192 2772 5260 νεκροῖς
2796 5190 3104 5256 ἀξιωθεῖσαι
3127 5191 3392 5262 δακρύων.

2518 5279 2625 5334 Kal
2652 5280 2910 5345 ἐπάταξε
2937 5281 3077 5348 τοὺς
3109 5281 3358 5350 ἐχθροὺς
3381 5281 3564 5335 αὐτοῦ
3587 5284 3674 5346 είς
3698 5281 3770 5336 τὰ
3792 5280 3993 5334 ὀπίσω.

2450 5369 2618 5423 Τοῦτό
2665 5387 2794 5440 φησι
2831 5371 2916 5424 διὰ
2958 5372 3018 5424 τὸ
3059 5372 3340 5436 Ἀζωτίους
3374 5373 3466 5425 καὶ
3500 5371 3897 5433 Ἀσκαλωνίτας
3926 5371 3998 5430 ei;

2448 5462 2546 5526 τὰς
2567 5463 2725 5535 ἕδρας
2749 5463 3003 5530 πατάξαι,
3029 5463 3185 5536 ἄχρις
3210 5459 3270 5518 οὗ
3289 5463 3386 5534 τὴν
3410 5463 3638 5518 κιϐωτὸν
3661 5462 3997 5516 ἀπέστειλαν.

2530 5553 2634 5608 Kal
2678 5552 2954 5610 ἀπώσατο
2998 5556 3062 5608 τὸ
3091 5555 3373 5624 σκήνωμα
3414 5552 3644 5623 Ἰωσήφ.
3679 5553 3853 5607 Τοῦτό
3880 5567 3996 5622 φησι
