4076 6308
118 359 206 411 557
1126 348 1489 404 EXPOSITIO
1522 347 1584 402 IN
1622 347 1951 403 PSALMUM
1994 347 2272 402 LXXVIII.

3223 346 3324 401 558

118 478 189 529 διὰ
226 474 280 525 τὸ
319 473 417 543 τὴν
458 471 652 541 Σηλὼμ
702 471 759 523 ἐν
804 472 869 539 τῇ
908 468 1081 539 μερίδι
1127 464 1262 521 εἶναι
1304 468 1396 521 τοῦ
1445 468 1660 537 ’ῐωσήφο

1769 467 1934 519 Silom
1966 477 2082 520 erat
2118 468 2169 519 in
2208 467 2452 535 portione
2479 464 2710 535 Joseph;
2746 465 2997 536 Ephraim
3046 476 3225 521 autem
3262 468 3324 521 tl-

127 564 345 633 Ἐφραῒμ
372 564 427 615 δὲ
461 562 574 623 υἱὸς
614 560 825 628 Ἰωσήφ.

175 655 271 709 Καὶ
314 653 635 717 ἐξελέξατο
692 654 803 718 τὴν
849 651 1053 720 φυλὴν
1106 650 1316 705 Ἰούδα.
1378 650 1508 703 Ἀπὸ
1554 649 1662 720 γὰρ

114 748 293 816 ταύτης
339 747 467 808 τοὺς
518 744 768 814 βασιλέας
816 745 1087 815 ἐποίησεν,
1119 737 1193 796 ὧν
1225 743 1437 814 πρῶτος
1480 742 1659 795 Δαυτδ.

126 840 303 890 Ἰστέον
351 838 443 900 δὲ,
491 839 565 898 ὡς
612 836 782 906 φυλὴν
825 837 944 888 ἀντὶ
994 837 1162 905 φυλῆς
1213 835 1522 899 ἐξελέξατο,
1567 835 1663 903 τὴν

125 930 275 981 Ἰούδα
321 928 445 980 ἀντὶ⁹
489 928 588 997 τῆς
630 929 844 996 Ἰωσήφ·
882 927 974 979 καὶ
1018 928 1179 979 τόπον
1214 928 1332 979 ἀντὶ
1378 928 1573 989 τόπου,
1604 927 1664 979 τὸ

115 1020 221 1088 690;
248 1016 386 1069 Σιὼν
414 1018 534 1069 ἀντὶ
568 1017 663 1085 τῆς
693 1016 906 1087 Σηλώμ.

175 1108 275 1165 Καὶ
311 1108 697 1177 ᾠκοδόμησεν
742 1110 821 1173 ὡς
859 1109 1264 1178 μονοκέρωτος
1307 1111 1372 1163 τὸ
1405 1111 1665 1179 tif-larga

116 1201 300 1255 αὑτοῦ.
361 1201 630 1269 Ἀγὶασμα
700 1202 795 1271 μὲν
856 1203 945 1254 τὸν
1001 1202 1140 1255 θεῖον
1204 1206 1259 1255 ἐν
1318 1204 1664 1275 Ἰερουσαλὴμ

117 1292 511 1363 ιξ›κοδομηθέντα
536 1292 677 1360 λέγει
707 1292 847 1344 ναόν·
876 1293 1191 1363 Μονόκερως
1218 1293 1273 1346 δὲ
1308 1292 1489 1363 θηρίον
1522 1293 1665 1344 ἐστὶν

118 1386 538 1455 ἀκαταμάχητον,
563 1386 649 1437 διά
674 1385 732 1436 τὸ
757 1386 847 1450 ὀξὺ
876 1386 1041 1457 κέρας
1067 1388 1156 1438 ἐπὶ
1180 1385 1429 1455 μετώπου
1458 1386 1661 1455 φέρειν,

118 1481 197 1531 καὶ
228 1480 402 1531 πάντα
428 1478 600 1547 τούτῳ
632 1480 871 1547 ἀναιρεῖν
902 1478 968 1529 τὰ
998 1477 1178 1548 θηρία.
1206 1477 1365 1544 Λέγει
1395 1474 1504 1537 οὖν,
1538 1478 1663 1528 Ὅτε

116 1567 267 1631 οὕτως
309 1571 338 1621 ὁ
380 1569 518 1631 θεῖος
572 1570 888 1640 ᾠκοδομήθη
938 1570 1084 1631 ναὸς,
1128 1568 1199 1631 ὡς
1247 1569 1421 1621 πάντα
1448 1569 1515 1621 τὰ
1542 1568 1662 1639 ἔθνη

115 1662 201 1731 τῆς
224 1662 446 1730 ἐνούσης
476 1665 532 1713 ἐν
566 1662 713 1731 αὐτῷ
748 1662 927 1730 ἰσχύος
952 1662 1174 1729 δεύτερα
1210 1661 1504 1728 φαίνεσθαι.

184 1750 525 1813 Ἐξόπισθεν
570 1750 685 1803 τῶν
732 1751 1147 1819 λοχευομένων
1199 1752 1411 1804 ἔλαϐεν
1460 1753 1659 1804 αὐτόν.

115 1842 439 1912 Τικτομένων
468 1845 560 1895 καὶ
588 1845 954 1914 γεννωμένων.
1004 1845 1133 1897 Ἀπὸ
1164 1846 1258 1915 τῆς
1282 1848 1659 1916 ποιμαντικῆς,

114 1935 290 2001 φησὶν,
344 1937 675 2005 ἐπιστήμης,
718 1937 809 1988 καὶ
858 1937 950 1989 τοῦ
998 1937 1195 1989 εἰδέναι
1228 1937 1297 1989 τὰ
1339 1938 1662 2009 λοχευόμενα

112 2024 205 2077 τῶν
257 2026 537 2097 προϐάτων
584 2028 993 2095 διαφυλάττειν,
1039 2028 1214 2092 καλῶς
1259 2029 1539 2083 ἀναλαϐὼν
1572 2031 1663 2083 καὶ

111 2116 205 2167 τῶν
233 2117 463 2184 λογικῶν
494 2118 821 2189 θρεμμάτων
851 2120 1085 2187 ποιμένα
1117 2122 1400 2192 πεποίηκε.
1429 2122 1664 2191 [Impat-

112 2224 225 2261 νειν
268 2209 471 2262 Ἰακὼό
494 2211 598 2263 τόν
622 2210 845 2264 δοῦλον
876 2212 1079 2265 αὑτοῦ.
1115 2213 1387 2274 Τουτέστι,
1413 2214 1662 2267 διδάσκα-

110 2301 186 2365 λος
227 2303 405 2366 αὐτοῖς
440 2304 657 2371 ἀγαθῶν
702 2306 914 2377 τρόπων
955 2307 1186 2374 ἐγένετο,
1236 2308 1299 2360 δι’
1343 2300 1415 2358 ὧν
1462 2305 1662 2358 ἐπεδεί-

113 2410 257 2445 κνυτο
282 2395 575 2457 παιδεύσας
601 2396 811 2459 αὐτούς.

173 2482 276 2536 Καὶ
304 2485 377 2536 ἐν
416 2484 543 2549 ταῖς
586 2486 874 2539 σι’νέοεσι
910 2485 1026 2538 τῶν
1055 2486 1264 2554 χειρῶν
1297 2486 1479 2541 αὐτοῦ
1510 2486 1662 2555 ὡδή-

111 2588 283 2637 γησεν
321 2576 565 2640 αὐτούς.
609 2575 828 2628 Σύνεσιν
876 2578 1071 2647 χειρῶν
1118 2580 1295 2630 πᾶσαν
1337 2578 1433 2649 τὴν
1480 2581 1536 2631 ἐν
1588 2578 1663 2648 τῷ

110 2667 427 2735 προσήκοντι
450 2666 647 2734 πρᾶξιν
671 2668 956 2738 γινομένην
983 2669 1163 2738 φησίν.

471 2760 779 2812 ΨΑΛΜΟΣ
808 2757 887 2822 τῷ
927 2759 1127 2827 Ἀσάφ.
1168 2764 1295 2814 011'.

744 2852 1060 2916 Ύπόθεσις.

111 2940 291 2993 Τοῦτον
328 2942 443 3012 ᾄδει
475 2941 566 2993 τὸν
606 2942 813 3012 ψαλμὸν
847 2944 985 3014 ὑπὲρ
1026 2944 1135 2996 τῶν
1162 2945 1548 3015 ἀναιρεθέντων
1579 2965 1665 2998 πι-

172 3031 312 3101 κρῶς
355 3032 499 3085 κατὰ
528 3035 654 3096 τοὺς
695 3036 919 3105 καιροὺς
950 3035 1042 3088 τοῦ
1089 3038 1379 3106 Ἀντιόχου·
1412 3038 1574 3091 αἰτῶν
1606 3055 1663 3090 τε

170 3122 251 3174 διὰ
294 3123 400 3193 τῆς
449 3124 681 3188 ἱκετείας
727 3127 1000 3195 ἐκδίκησιν
1055 3128 1306 3195 γενέσθαι
1356 3128 1454 3197 τῆς
1503 3131 1580 3191 εἰς
1606 3132 1665 3181 τὺ
1694 3161 1734 3218 C

167 3214 309 3278 ἔθνος
351 3217 645 3288 γινομένης
693 3218 1018 3287 μιαιφονίας.
1065 3218 1540 3288 μεταστραφεισῶν
1578 3219 1668 3291 δη-

168 3307 333 3360 λονότι
363 3309 473 3363 τῶν
516 3310 807 3381 συμφορῶν
853 3312 929 3372 εἰς
968 3309 1160 3371 αὐτοὺς
1208 3311 1333 3373 τοὺς
1371 3312 1669 3378 ἐπάγοντας

171 3402 355 3464 αὐτᾶς.

182 3492 231 3544 Ὀ
276 3494 444 3559 Θεὸς,
483 3493 759 3561 ἤλθοσαν
803 3494 947 3561 ἔθνη
997 3497 1084 3560 εἷς
1130 3494 1241 3562 τὴν
1272 3496 1671 3565 κληρονομίαν

109 3602 230 3638 σου.
264 3586 505 3650 Πολλοὺς
537 3587 644 3659 γὰρ
682 3588 993 3657 εἰσαγαγὼν
1042 3591 1069 3641 ὁ
1107 3589 1394 3659 Ἀντίοχος.
1427 3588 1670 3657 εἰσῆλθεν

112 3680 175 3739 εἰς
215 3679 564 3750 Ἱεροσόλυμα
589 3681 681 3733 καὶ
716 3681 983 3753 ἐνέπρησε
1008 3681 1098 3733 τὸν
1129 3681 1268 3733 θεῖον
1295 3682 1439 3733 ναόν.
1479 3682 1671 3748 Ἐμία-

108 3785 209 3820 ναν
234 3770 344 3823 τὸν
368 3770 522 3825 ναὸν
550 3772 654 3825 τὸν
678 3772 848 3841 ἅγιόν
880 3788 1016 3826 σου.
1063 3773 1213 3832 Ἰδοὺ,
1245 3771 1399 3841 φησὶ,
1423 3771 1529 3823 τῶν
1563 3771 1668 3824 σῶν

109 3860 407 3930 ἐκράτησαν
453 3860 623 3923 ἄλλοι,
670 3862 761 3913 καὶ
803 3862 870 3915 τὰ
918 3861 987 3914 σά
1037 3862 1141 3914 ὑπὸ
1182 3860 1488 3929 ἀλλοφύλων
1538 3878 1668 3913 κατ·

109 3947 297 4017 έχεται.
334 3952 578 4005 Ἐθεντο
612 3952 1006 4023 Ἰερουσαλὴμ
1039 3956 1128 4019 εις
1160 3951 1664 4020 όπωροςςυλάκιον.

109 4040 406 4109 Λιθολόγιος
431 4043 596 4107 τόπος
624 4044 754 4096 ὅπου
786 4044 885 4116 τὴν
914 4046 1117 4116 σκηνὴν
1148 4044 1256 4115 ἔχει
1279 4047 1306 4098 ὀ
1334 4045 1429 4108 τὰς
1450 4043 1668 4114 ὀπώρας

111 4130 407 4196 φυλάσσων.

174 4222 415 4277 Ἔθεντο
456 4223 530 4277 τὰ
574 4226 891 4294 θνησιμαῖα
938 4226 1057 4279 τῶν
1096 4227 1331 4282 δούλων
1361 4246 1476 4283 σου
1514 4229 1666 4296 ,ϐρώ-

107 4324 246 4373 ματα
274 4311 406 4376 τοῖς
444 4313 737 4379 πετεινοῖς
779 4314 884 4367 τοῦ
923 4316 1200 4383 οὐρανοῦ.
1237 4316 1333 4369 Διὰ
1367 4318 1477 4388 γὰρ
1503 4320 1667 4389 ὑπερο

112 4399 255 4470 6ολὴν
297 4402 701 4473 ἀπανθρωπίας
734 4406 854 4458 οὺδέ
902 4405 1126 4459 θάπτειν
1184 4410 1296 4472 τοῖς
1325 4409 1542 4472 οἰκείοις
1570 4412 1665 4461 ἐπ-

1764 557 1869 611 lius
1896 565 2012 611 erat
2036 556 2258 625 Joseph.

1832 646 1917 699 68.
1961 644 2061 700 Sed
2107 648 2258 716 elegit
2306 646 2498 699 tribum
2544 644 2707 699 Iuda.
2753 644 2831 699 Ex
2879 660 2939 699 ea
2984 646 3127 700 enim
3174 662 3328 717 reges

1764 740 2080 803 constituit,
2123 754 2352 808 quorum
2385 742 2592 807 primus
2626 738 2722 793 fuit
2780 738 2969 793 David.
3028 739 3323 794 Sciendum

1764 839 1941 882 autem
1971 830 2169 883 tribum
2202 846 2297 899 pro
2330 831 2469 883 tribu
2493 831 2718 899 elegisse
2745 829 2933 889 Deum.
2957 832 3153 884 tribum
3185 830 3322 884 Juda

1765 936 1863 989 pro
1891 922 2028 973 tribu
2059 920 2313 991 Josephi;
2346 933 2397 975 et
2427 923 2602 976 locum
2639 937 2737 991 pro
2762 923 2897 986 loco,
2924 934 3160 977 montem
3192 922 3322 978 Sion

1766 1028 1861 1081 pro
1891 1010 2081 1065 Silom.

1833 1103 1920 1157 69.
1968 1102 2035 1156 Et
2081 1104 2361 1171 wdiﬁcat'it
2408 1106 2541 1156 sicut
2591 1105 2922 1157 unicornium
2976 1105 3325 1173 sancti/icium

1765 1212 1939 1249 suum.
1966 1194 2333 1250 Sanctiﬁcium
2363 1197 2513 1258 dicit,
2540 1198 2780 1249 divinum
2813 1197 2866 1250 in
2899 1194 3197 1251 Jerusalem
3230 1213 3326 1250 ex-

1766 1284 1983 1337 citatum
2022 1286 2299 1353 templum.
2336 1284 2620 1341 Unicornis
2654 1272 2831 1340 autem
2855 1327 2869 1351 ,
2913 1286 3023 1340 fera
3056 1297 3139 1340 est
3175 1288 3326 1339 inex-

1765 1376 2087 1445 pugnabilis,
2117 1378 2243 1444 quia
2277 1388 2491 1429 acutum
2526 1377 2579 1429 in
2614 1377 2791 1430 fronte
2823 1394 2991 1431 cornu
3030 1379 3212 1441 habet,
3246 1388 3327 1431 at-

1764 1484 1868 1536 que
1915 1468 2004 1521 illo
2046 1469 2248 1522 belluas
2294 1484 2484 1523 omnes
2521 1470 2789 1525 interﬁcit.
2834 1471 2921 1524 Ait
2955 1471 3138 1540 igitur,
3180 1470 3317 1523 Cum

1765 1570 2098 1615 exstructum
2138 1561 2238 1616 fuit
2275 1563 2528 1631 templum
2577 1562 2727 1629 illud,
2766 1581 2955 1619 omnes
2986 1575 3171 1634 gentes
3214 1564 3326 1616 vir-

1766 1662 1875 1706 tute
1904 1653 1954 1705 in
1986 1654 2074 1707 illo
2102 1664 2351 1709 contenta
2384 1654 2667 1710 inferiores
2703 1656 2871 1711 fuisse
2903 1659 3068 1712 visas.

1842 1741 1927 1807 70,
1950 1743 2038 1798 7|.
2061 1742 2132 1797 De
2152 1754 2265 1813 post
2283 1746 2501 1813 fetantes
2526 1748 2723 1815 accepit
2747 1748 3175 1803 illum.Fetantes
3196 1748 3325 1802 dicit

1765 1843 1919 1886 natas
1952 1843 2003 1886 et
2026 1851 2213 1894 recens
2235 1837 2482 1890 emissas.
2504 1836 2779 1900 Davidem,
2807 1840 2950 1907 quod
2973 1852 3116 1895 esset
3143 1854 3327 1912 pasto-

1764 1924 1898 1977 ritite
1932 1926 2065 1979 artis
2098 1927 2325 1994 peritus,
2372 1935 2424 1980 et
2457 1929 2585 1996 quia
2616 1930 2781 1983 sciret
2810 1930 2946 1985 fetas
2980 1948 3109 1989 oves
3142 1946 3325 1990 custo-

1763 2014 1913 2078 dire,
1959 2016 2151 2070 merito
2202 2021 2525 2088 assumpsit,
2573 2030 2627 2074 et
2681 2023 3087 2079 rationabilium
3141 2030 3323 2083 ovium

1766 2117 2030 2174 pastorem
2062 2110 2361 2163 constituit.
2394 2111 2610 2165 Pascere
2639 2112 2801 2166 Jacob
2833 2131 3036 2169 servum
3064 2135 3241 2174 suum.
3270 2120 3325 2173 Id

1764 2209 1863 2261 est,
1889 2198 2079 2253 doctor
2112 2200 2244 2268 ipsis
2275 2205 2570 2270 proborum
2603 2222 2815 2261 morum
2844 2209 2965 2276 fuit,
2990 2226 3085 2279 per
3110 2226 3172 2265 ea
3204 2228 3327 2282 quae

1764 2286 1894 2341 fecit
1919 2290 2169 2345 erudiens
2193 2307 2304 2348 eos.

1836 2468 1920 2522 72.
1964 2467 2032 2522 Et
2060 2472 2401 2527 intellectibus
2433 2490 2681 2527 manuum
2718 2492 2932 2528 suarum
2968 2475 3188 2528 deduxit
3216 2492 3324 2529 eos.

1765 2558 2092 2614 Intellectum
2158 2579 2459 2628 manuum,
2515 2582 2703 2621 omnes
2768 2577 2923 2621 actus
2980 2569 3324 2623 convenienti

1764 2660 2003 2720 tempore
2032 2653 2207 2706 editos
2235 2653 2383 2708 dicit.

2040 2745 2089 2796 I.
2133 2742 2471 2800 PSALMUS
2505 2747 2702 2816 Asaplt.
2744 2747 3075 2805 LXXVIII.

2335 2838 2733 2907 Argumentum.

1765 2942 1920 2999 IIunc
1944 2948 2091 3000 canit
2120 2950 2386 3016 psalmum
2420 2966 2516 3018 pro
2550 2951 2616 3004 iis
2645 2953 2738 3020 qui
2784 2952 2836 3005 in
2873 2961 3110 3022 tempore
3139 2952 3326 3008 Antio-

1836 3038 1923 3091 chi
1952 3039 2066 3091 dirc
2092 3041 2217 3093 caesi
2251 3050 2394 3095 sunt.
2431 3040 2649 3112 Rogans
2680 3046 3077 3113 supplicatione
3113 3062 3208 3101 sua
3242 3047 3327 3101 ul-

1841 3130 2038 3183 tionem
2069 3132 2233 3185 caedis
2275 3133 2325 3185 in
2372 3136 2567 3203 popqu
2600 3134 2785 3204 facta,
2816 3140 3095 3193 conversis
3123 3139 3328 3195 scilicet

1838 3221 2236 3278 calamitatibus
2271 3224 2323 3276 in
2352 3240 2444 3281 eos
2473 3227 2565 3296 qui
2594 3227 2742 3297 ipsas
2768 3229 3098 3286 intulissent.

1840 3487 2002 3553 Deus,
2042 3493 2284 3540 venerunt
2320 3495 2491 3554 gentes
2523 3501 2575 3536 ιη
2608 3486 2961 3538 [nereditatem
2999 3496 3165 3541 tuam.
3195 3488 3331 3542 Mul-

1771 3592 1851 3635 tas
1884 3582 2025 3634 enim
2052 3579 2326 3632 adducens
2356 3589 2541 3644 gentes
2587 3578 2908 3643 Antiochus,
2945 3578 3218 3648 ingressus
3248 3589 3333 3637 est

1768 3672 2179 3740 Jerosolymam,
2207 3678 2259 3723 et
2292 3669 2533 3722 divinum
2556 3671 2811 3738 templum
2838 3671 3095 3725 incendit.
3120 3670 3331 3727 Pollue-

1768 3773 1888 3817 ruut
1920 3761 2171 3829 templum
2202 3771 2436 3814 sanctum
2477 3770 2639 3814 tuum.
2676 3761 2841 3825 Ecce,
2876 3762 3082 3831 inquit,
3116 3772 3203 3818 tua
3237 3764 3330 3818 alii

1766 3864 2127 3925 occuparunt,
2172 3864 2224 3910 et
2268 3870 2388 3925 quae
2422 3862 2513 3907 tua
2558 3865 2684 3908 sunt
2723 3854 2791 3908 ab
2832 3855 3147 3924 alienigenis
3186 3857 3329 3912 deti-

1768 3957 1983 4003 nentur.
2014 3948 2301 4001 Posuerunt
2321 3945 2614 4000 Jerusalem
2642 3948 2694 3999 iu
2714 3964 2987 4014 pomorum
3009 3950 3325 4004 custodiam.

1767 4036 2062 4104 Lapidibus
2108 4036 2295 4091 electis
2325 4045 2669 4090 constructus
2697 4046 2779 4090 est
2810 4035 2994 4104 locus',
3025 4038 3115 4093 ubi
3153 4039 3330 4093 taber-

1766 4128 2018 4183 naculum
2054 4127 2215 4181 habet
2249 4127 2342 4197 qui
2373 4142 2530 4197 poma
2568 4129 2823 4182 custodit.

1831 4218 1887 4280 2,
1917 4220 1967 4271 3,
2011 4215 2304 4274 ngucrunt
2332 4218 2611 4271 morticina
2641 4235 2905 4273 servorum
2936 4230 3144 4274 tuorum
3182 4239 3329 4277 escas

1766 4312 2067 4366 volatilibus
2100 4310 2235 4364 caeli.
2266 4310 2347 4365 Ob
2376 4312 2790 4367 inhumanitatis
2820 4314 3236 4379 vehementiam,
3260 4332 3330 4372 ne

1768 4404 2135 4459 concedebant
2154 4405 2370 4475 quidem
2395 4405 2640 4473 cognatis
2660 4414 2721 4459 ut
2748 4415 2990 4462 mortuos
3017 4409 3327 4463 humarent.

112 4489 317 4560 ἔτρεπον
338 4493 390 4545 οἱ
429 4492 679 4563 πολέμιοι
704 4496 827 4558 τοὺς
852 4494 1094 4567 νεκρούς.
1139 4498 1249 4564 Τὰς
1280 4500 1511 4567 σάρκας
1552 4499 1667 4552 τῶν

1770 4497 1963 4550 Carnes
2008 4506 2306 4549 sanctorum
2356 4507 2561 4547 tuorum
2607 4494 2786 4548 bestiis
2830 4507 3000 4550 terra.
3043 4497 3330 4563 Quomodo

113 4582 279 4632 έσίων
322 4598 447 4636 σου
500 4583 625 4647 τοῖς
672 4587 897 4651 θηρίοις
938 4583 1045 4652 τῆς
1095 4586 1229 4654 γῆς·
1261 4589 1384 4652 Πῶς
1422 4589 1527 4659 γὰρ
1571 4592 1667 4661 οὐχ

110 4669 226 4723 ὅσιοι
252 4674 301 4726 οἱ
332 4676 397 4727 τὸ
422 4669 566 4745 αἷμα
596 4676 912 4744 ἐκχυθέντες
950 4678 1091 4747 ὑπὲρ
1122 4678 1220 4748 τῆς
1242 4680 1336 4732 τοῦ
1372 4681 1533 4750 νόμου
1567 4698 1667 4749 φυ-

112 4760 279 4833 λακῆς,
311 4762 391 4820 ὧν
423 4763 568 4837 ἦσαν
599 4768 648 4819 oi
681 4767 1017 4836 Μαχαδαίοι;

181 4855 654 4925 Ἑκκαυθήσεται
680 4860 757 4923 ὡς
794 4858 911 4926 πῦρ
942 4862 974 4911 ό
1012 4858 1189 4928 ζῆλος
1229 4874 1365 4915 σου.
1399 4863 1664 4933 Ζήλωσον,

114 4948 246 5013 φησι,
292 4948 385 5001 διά
436 4949 501 5001 τὸ
548 4949 639 5001 σὺν
685 4948 854 5019 ὄνομα
894 4950 956 5002 τὸ
1003 4950 1486 5023 βλασφημούμενον
1517 4956 1668 5024 παρά

114 5031 203 5084 τῶν
227 5036 464 5105 ἐχθρῶν.

168 5126 255 5193 Μὴ
293 5126 587 5196 μνησθῇς
630 5128 797 5197 ἡμῶν
830 5130 1090 5200 ἀνομιῶν
1134 5132 1414 5201 ἀρχαίων.
1458 5130 1569 5196 Τὰς
1611 5136 1667 5189 ἐν

115 5216 349 5290 Αἰγύπτῳ
375 5219 532 5287 λέγει
568 5220 838 5290 ἁμαρτίας
866 5221 1116 5291 ἀρχαίας.

172 5395 407 5461 Μήποτε
438 5398 657 5449 εἷπωσι
695 5400 765 5448 τὰ
792 5397 955 5463 ἔθνη·
987 5399 1107 5452 Ποῦ
1139 5400 1309 5453 ἔστιν
1333 5404 1365 5454 ό
1395 5400 1537 5467 Θεὸς
1564 5403 1667 5454 αὐ-

120 5482 246 5545 τῶν;
272 5486 334 5538 Εἰ
364 5486 468 5537 καὶ
513 5485 815 5556 ἐμποδίζει,
857 5488 1008 5556 φησὶ,
1048 5490 1113 5558 τῇ
1148 5489 1390 5560 ἡμετέρᾳ
1426 5491 1667 5561 σωτηρία

119 5578 384 5651 τὸ·πλῆθος
411 5578 527 5633 τῶν
556 5579 839 5650 ἡμετέρων
871 5580 1165 5651 ἁμαρτιῶνσ
1204 5580 1337 5633 ἀλλά
1373 5582 1459 5635 διὰ
1488 5583 1547 5635 τὸ
1578 5582 1667 5635 σὺν

120 5667 259 5740 (mea
292 5674 527 5745 ποίησον
541 5673 681 5741 ἡμῖν
708 5671 796 5724 διὰ
827 5672 914 5725 τὸν
937 5672 1233 5727 ὀνειδισμὸν
1265 5672 1322 5725 ὃν
1352 5674 1665 5745 ἐπιφέρουσι

1768 4588 1912 4642 enim
1964 4588 2135 4642 sancti
2179 4601 2287 4639 non
2338 4584 2539 4639 fuerint
2589 4602 2824 4656 quorum
2868 4589 3089 4657 sanguis
3119 4590 3328 4647 eITusus

1766 4689 1848 4735 est
1874 4695 1973 4748 pro
2002 4680 2135 4749 legis
2164 4678 2528 4747 observantia,
2558 4694 2624 4733 ex
2652 4695 2883 4750 quorum
2916 4694 3073 4736 erant
3105 4699 3330 4737 numero

1767 4772 2075 4826 Machabtei.

1837 4861 1891 4925 5,
1926 4862 1979 4916 6.
2022 4860 2337 4915 Exardescet
2380 4862 2515 4915 sicut
2550 4861 2685 4931 ignis
2716 4861 2857 4915 zelus
2896 4870 3036 4915 tuus.
3084 4861 3209 4918 Zeto
3239 4880 3330 4919 ac-

1766 4952 2013 5020 cendere,
2067 4954 2259 5023 inquit,
2306 4963 2526 5024 propter
2572 4968 2769 5007 nomen
2799 4964 2951 5008 tuum
2982 4955 3051 5008 ab
3094 4955 3332 5013 inimicis

1768 5042 2218 5112 blasphematum.

1839 5132 1894 5187 8.
1937 5132 2019 5187 Ne
2051 5134 2345 5187 memineris
2372 5133 2711 5203 iniquitatum
2740 5143 3041 5189 nostrarum
3084 5136 3332 5205 antiqua-

1770 5241 1905 5278 rum.
1930 5224 2153 5280 Peccata
2180 5226 2311 5281 dicit
2337 5227 2556 5296 antiqua
2591 5242 2711 5297 quae
2742 5226 2795 5280 in
2825 5226 3056 5298 Egypte
3089 5229 3327 5283 admissa

1768 5325 1912 5372 SUﬂl.

1842 5404 1929 5457 10.
1975 5405 2056 5458 Ne
2086 5405 2218 5473 forte
2239 5408 2418 5460 dicant
2452 5409 2505 5461 in
2532 5409 2767 5479 gentibus
2794 5425 2813 5463 :
2846 5408 2945 5464 Ubi
2972 5421 3050 5464 est
3081 5410 3219 5466 Deus
3243 5432 3331 5468 eo-

1771 5498 1931 5549 rum?
1970 5497 2229 5564 Etiamsi,
2277 5499 2489 5567 inquit,
2534 5500 2823 5554 multitudo
2852 5512 3197 5570 peccatorum
3233 5520 3333 5557 no-

1771 5599 2007 5643 strorum
2052 5590 2493 5658 impedimentum
2555 5601 2636 5645 est
2681 5602 2880 5647 nostra:
2939 5593 3131 5649 salutis
3172 5609 3186 5645 :
3234 5596 3329 5649 sed

1772 5690 1989 5752 propter
2027 5697 2223 5739 nomen
2266 5694 2416 5738 tuum
2468 5684 2659 5754 adjuva
2707 5699 2829 5751 nos,
2878 5696 3097 5755 propter
3144 5687 3331 5742 eonvi-
