4076 6308
795 328 903 383 359
1025 336 1032 341 ”
1641 327 1700 380 S.
1741 324 2116 380 ATHANASII
2161 325 2314 381 ()Pl’.
2361 326 2535 380 PARS
2576 326 2661 379 Ill.
2697 357 2764 366 κ-
2802 326 3225 409 ΕΧΕΟΕΤΙΕΑ..
3901 331 3981 384 360

795 446 937 501 cium
970 443 1113 513 quod
1143 443 1418 513 proferunt
1447 444 1497 498 in
1527 453 1596 509 te,
1638 454 1852 514 promer
1884 446 2196 515 sanguinem
2233 461 2347 498 ser-
2378 454 2405 507 Α

2378 454 2418 507 Α
2451 446 2550 508 σοὶ,
2589 446 2676 499 διὰ
2722 447 2783 500 τὸ
2828 442 2963 516 αἷμα
3005 447 3065 499 τὸ
3106 447 3459 515 ἐκχυνὸμενον
3495 445 3602 498 τῶν
3645 445 3753 498 σῶν
3792 445 3979 512 δούλων,

797 552 985 590 verum
1037 545 1250 590 tuorum
1294 537 1385 606 qui
1427 536 1631 590 eil'usus
1681 547 1792 600 est,
1841 545 2057 607 propter
2093 537 2353 610 gemitum

1943 545 2057 606 pter
2093 537 2353 610 gemitum
2457 536 2542 589 διὰ
2571 537 2660 589 τὸν
2693 536 2987 606 στεναγμὸν
3012 536 3116 588 τῶν
3151 536 3553 606 πεπεδημένων.

795 642 913 680 com
922 627 1161 695 peditoru
1171 642 1252 680 m.

868 718 953 771 Η.
993 717 1288 771 Secundum
1332 717 1740 787 magnitudinem
1786 715 1982 768 brachii
2025 715 2102 767 tui
2149 716 2354 783 posside

2524 706 2682 759 Κατὰ
2728 707 2839 773 τὴν
2888 709 3327 776 μεταλωσύνην
3374 709 3478 762 τοῦ
3519 710 3847 778 ,ϐραχίονός
3892 728 3982 764 σου

796 808 935 876 ﬁlios
973 810 1428 874 mortiﬁcatorum.
1457 808 1664 863 \‘irtute
1699 808 1904 862 brachii
1933 808 2031 872 tui,
2058 807 2153 870 ait,
2176 808 2353 861 salvos

2453 798 2830 865 περιποίησαι
2863 798 3004 863 τοὺς
3033 799 3202 865 ιιιοὺς
3239 800 3356 853 τῶν
3399 800 3898 869 τεθανατωμένων.
3921 803 3979 870 Τῇ

797 899 882 953 fac
904 915 996 953 eos
1027 901 1115 969 qui
1148 916 1176 952 a
1205 900 1348 954 cede
1378 902 1576 955 residui
1609 912 1754 954 sunt.

2451 888 2699 957 δυνάμει,
2737 889 2886 958 φησὶ,
2920 889 3014 943 τοῦ
3064 890 3340 961 βραχίονός
3378 909 3469 944 σου
3501 891 3669 942 σῶσον
3695 893 3818 954 τοὺς
3847 909 3961 944 κατα

2451 978 2762 1046 λειφθέντας
2793 982 2855 1032 ἐκ
2884 981 2990 1032 τῶν
3017 981 3388 1052 ἀνῃρημένων.

799 1075 848 1128 1.
875 1074 938 1128 In
959 1075 1134 1144 ﬁnem,
1163 1093 1255 1144 pro
1278 1076 1341 1128 iis
1373 1078 1463 1146 qui
1487 1077 1969 1137 conunulabuntur,
1994 1075 2348 1130 testimonium

2451 1072 2553 1135 Εἰς
2597 1069 2769 1136 τέλος
2813 1071 2962 1138 ὑπὲρ
2997 1072 3113 1124 τῶν
3152 1075 3740 1142 ἀλλοιωθησομὲνωτκ
3786 1077 3986 1144 μαρτύ-

957 1167 1149 1234 Asaph,
1185 1165 1517 1220 PSALML'S
1540 1183 1632 1235 pro
1661 1168 1913 1236 Assyriis.
1944 1165 2200 1227 LXXIX.
2508 1172 2566 1221 θ’

2508 1172 2643 1236 pter
2677 1153 2782 1207 τοῦ
2835 1155 3036 1223 Ὰσὰςρ,
3085 1158 3388 1209 ΨΑΛΜΟΣ
3437 1158 3585 1225 ὑπὲρ
3633 1157 3752 1209 τῶν
3803 1159 3987 1210 Ἀσσυ-

2511 1234 2679 1300 [νίων.
2709 1238 2831 1288 06'.

1364 1300 1761 1369 Argumentum.

3076 1303 3393 1370 Ὑπόθεσις.

795 1387 869 1441 Ex
910 1391 1081 1458 prima
1114 1395 1399 1446 verborum
1442 1396 1703 1446 sententia
1739 1403 1890 1464 rogat
1922 1394 2347 1450 misericordiam

2449 1391 2603 1444 Κατὰ
2638 1393 2735 1462 μὲν
2771 1394 2831 1445 τδ
2875 1395 3160 1464 πρόχειρον
3203 1393 3300 1464 τῆς
3331 1393 3526 1459 λέξεως
3556 1393 3832 1463 ἐλεηθῆναι
3871 1393 3989 1457 ἀξιοῖ

868 1484 1082 1552 assequi
1115 1500 1207 1537 eos
1240 1484 1331 1551 qui
1367 1485 1434 1537 ab
1465 1485 1686 1555 Assyrio
1721 1487 1772 1538 in
1805 1489 2116 1542 servitutem
2150 1491 2348 1544 redacti

2519 1483 2643 1544 τοὺς
2688 1484 2790 1535 ὑπὸ
2838 1484 2932 1537 τοῦ
2978 1484 3258 1553 Ἀσσυρίου
3303 1481 3820 1546 καταδουλωθέντας·
3868 1483 3987 1533 κατὰ

858 1582 1029 1625 erant.
1083 1572 1184 1626 Sed
1236 1575 1548 1627 sublimiore
1596 1575 1899 1641 sententia,
1946 1586 2098 1644 rogat
2144 1592 2241 1646 pro
2283 1579 2348 1632 iis

2517 1571 2572 1623 δὲ
2600 1573 2693 1640 τὴν
2722 1573 3057 1644 ὑψηλοτέραν
3094 1575 3346 1641 διάνοιαν,
3376 1575 3512 1645 ὑπὲρ
3552 1574 3655 1626 τῶν
3684 1575 3989 1642 ὑπομεινάν-

861 1663 952 1732 qui
1006 1665 1336 1733 spiritualem
1378 1666 1739 1734 captivitatem
1791 1667 1938 1737 passi
1987 1677 2148 1733 sunt,
2201 1678 2349 1738 post-

2517 1683 2621 1717 των
2651 1665 2746 1736 τὴν
2786 1668 3159 1737 αἰχμαλωσίαν
3205 1670 3301 1738 τὴν
3344 1669 3557 1737 νοητὴν,
3594 1667 3727 1736 μετὰ
3752 1667 3838 1718 τὸν
3871 1667 3991 1718 κατὰ

861 1771 1022 1823 quam
1056 1756 1106 1808 in
1143 1772 1356 1810 crucem
1387 1767 1537 1811 actus
1573 1767 1656 1811 est
1682 1757 1944 1813 Dominus
1992 1776 2020 1812 a
2052 1759 2347 1830 spirituali-
2379 1791 2420 1848 Β

2379 1791 2420 1848 Β
2516 1755 2608 1806 τοῦ
2644 1756 2845 1825 Κυρίου
2896 1758 3123 1828 σταυρὸν
3166 1758 3269 1810 ὑπὸ
3312 1757 3417 1810 τῶν
3447 1758 3647 1822 νοητῶν
3688 1756 3987 1826 Ἀσσυρίων,

858 1844 958 1899 bus
1011 1848 1267 1916 Assyriis,
1322 1859 1371 1900 et
1425 1849 1492 1901 ab
1541 1863 1728 1902 eorum
1789 1851 2049 1918 principe,
2102 1852 2348 1904 videlicet
2383 1844 2413 1848 ἡ

2383 1844 2413 1848 ἡ
2519 1846 2613 1898 7.1".
2641 1847 2801 1899 αὑτοῦ
2846 1847 2936 1900 τοῦ
2986 1848 3237 1918 ἄρχοντος
3270 1847 3464 1911 αὐτῶν,
3499 1847 3639 1917 φημὶ
3671 1847 3731 1916 δὴ
3771 1847 3862 1899 τοῦ
3902 1849 3990 1899 Σα-

859 1934 1078 1990 Satana.
1108 1937 1567 2006 Supplicationem
1599 1955 1726 2008 ergo
1756 1941 2001 2004 ell‘undit,
2031 1958 2228 2013 rogans
2253 1943 2349 1995 ad-

2519 1937 2673 1988 τανᾶ.
2711 1937 2960 1989 Ἰκετείαν
2983 1931 3072 1991 οὖν
3102 1938 3478 2009 προϐάλλεται,
3504 1938 3664 2003 ἀξιῶν
3691 1938 3989 2006 ἐπιφάνειαν

861 2038 1077 2081 ventum
1124 2029 1419 2085 Salvatoris
1459 2032 1630 2085 nostri
1674 2040 1727 2086 et
1775 2032 2144 2086 liberationem
2183 2033 2348 2088 totius

2519 2027 2766 2094 γενέσθαι
2795 2028 2886 2082 τοῦ
2911 2030 3158 2102 Σωτῆρος
3188 2031 3341 2101 ἡμῶν
3359 2070 3372 2092 ,
3401 2031 3493 2082 καὶ
3521 2029 3871 2097 ἐλευθέρωσιν
3909 2028 3989 2080 τοῦ

863 2122 1073 2190 generis
1108 2119 1405 2176 lsraelitici.

2513 2121 2709 2184 παντὸς
2745 2122 2932 2189 γένους
2967 2123 3060 2174 τοῦ
3110 2123 3338 2193 Ἰσραήλ.

857 2211 912 2264 2.
951 2210 1055 2274 Qui
1085 2213 1216 2279 regis
1248 2211 1438 2275 Israel,
1466 2214 1691 2266 intende.
1715 2212 1809 2275 Te,
1849 2213 2090 2277 Domine,
2121 2216 2211 2284 qui
2249 2233 2344 2286 pa-

2527 2212 2580 2262 Ὁ
2615 2215 2940 2280 ποιμαίνων
2981 2213 3086 2267 τὸν
3131 2216 3403 2282 Ἰσραὴλ,
3445 2217 3723 2281 ποόσχες.
3769 2213 3868 2273 Σὲ,
3905 2211 3992 2271 Λέ-

790 2304 952 2358 storis
997 2305 1185 2369 instar,
1217 2306 1395 2373 populi
1434 2307 1846 2360 sollicitudinem
1879 2308 2020 2375 geris
2042 2347 2055 2368 ,
2094 2324 2221 2375 rogo
2255 2310 2348 2360 ad-

2450 2317 2638 2362 σποτα,
2672 2303 2761 2352 τὸν
2797 2303 3044 2373 ποιμένος
3074 2303 3226 2374 δίκην
3252 2303 3342 2355 τοῦ
3376 2302 3503 2354 λαοῦ
3530 2300 3990 2371 προμηθούμενον,

791 2397 969 2449 mittas
999 2396 1426 2466 deprecationem
1461 2414 1657 2450 meum.

2446 2391 2693 2457 δέξασθαί
2730 2410 2828 2462 μου
2857 2393 2954 2464 τὴν
2983 2395 3211 2445 ἱκετειαν
3236 2393 3513 2446 ἀντιόολῶ.

857 2484 911 2538 5.
949 2485 1050 2549 Qui
1101 2487 1244 2538 sedes
1274 2501 1427 2552 super
1456 2486 1716 2538 cherubim
1741 2526 1756 2551 ,
1797 2486 2128 2554 manifestare
2169 2504 2346 2541 coram

2526 2483 2577 2535 Ὀ
2641 2483 2970 2552 καθήμενος
3029 2484 3124 2536 ἐπὶ
3174 2483 3292 2536 τῶν
3349 2484 3660 2553 χερουόὶμ,
3709 2480 3993 2551 ἐμεράνηθι

792 2575 1064 2644 ΙσῙρΙιναὶηι,
1110 2577 1388 2644 Benjamin
1419 2587 1467 2630 et
1505 2576 1930 2630 Manasse.Dum
1969 2577 2235 2632 incederet
2265 2587 2346 2632 ta-

2445 2575 2716 2625 ἐναντίον
2755 2575 3020 2642 Ἔφραῒμ,
3057 2574 3150 2626 καὶ
3188 2575 3486 2642 Βενιαμὶν,
3534 2574 3630 2625 καὶ
3675 2569 3990 2634 Μανασσῆ.

791 2671 1171 2734 bcrnaculum,
1209 2687 1313 2724 una
1351 2672 1735 2741 gradiebantur
1782 2681 1890 2726 tres
1933 2673 2135 2733 tribus,
2180 2671 2346 2726 Judas

2458 2666 2543 2716 Ἐν
2586 2668 2647 2735 τῇ
2699 2666 2888 2735 πορείᾳ
2935 2665 3032 2734 τῆς
3089 2668 3291 2735 σκηνῆς
3344 2662 3584 2728 ἐϐάδιζον
3627 2667 3772 2734 τρεῖς
3813 2662 3991 2730 φυλαὶ.

790 2776 998 2830 nempe,
1044 2760 1288 2818 Issachar
1335 2773 1387 2816 et
1436 2762 1698 2817 Zabulou.
1755 2761 2232 2831 Subsequebanlur
2279 2763 2344 2817 ad

2459 2753 2640 2816 Ἰούδα,
2689 2755 2778 2806 καὶ
2821 2754 3053 2826 Ἰσαχαρ,
3100 2757 3188 2807 καὶ
3221 2753 3520 2810 Ζαϐουλὼν.
3557 2753 3907 2807 Ἦκολούθουν
3945 2753 3993 2803 δὲ

791 2853 1068 2906 meridiem
1120 2864 1227 2907 tres
1276 2855 1415 2918 alia,
1467 2853 1754 2922 Ephraim,
1809 2852 2085 2921 Benjamin
2135 2863 2188 2906 et
2235 2853 2344 2906 Ma-

2446 2847 2582 2898 xattit
2612 2847 2758 2898 νότον
2784 2851 2928 2916 τρεῖς
2953 2847 3154 2918 ἕτεραι·
3183 2849 3214 2917 ὴ
3248 2847 3338 2899 τοῦ
3385 2847 3650 2918 Ἐφραῒμ,
3686 2849 3718 2916 ή
3747 2846 3837 2900 τοῦ
3875 2847 3994 2898 Βεν-

790 2961 966 3000 nasse.
997 2944 1126 2998 Erat
1159 2955 1334 2998 autem
1366 2946 1418 2998 in
1447 2946 1723 3000 cherubim
1755 2947 1934 2999 aureis
1965 2961 2126 3014 supra
2160 2963 2342 3001 arcam

2448 2939 2596 3007 ιαμὶν
2646 2938 2738 2990 καὶ
2788 2938 2881 2990 τοῦ
2929 2940 3210 3009 Μανασσῆ.
3251 2935 3357 2991 Ἦν
3402 2939 3459 2991 δὲ
3499 2940 3587 2990 ἐπὶ
3628 2938 3734 2992 τῶν
3783 2938 3995 3007 χρυσῶν

791 3035 980 3103 positis
1012 3035 1178 3104 gloria
1226 3034 1339 3095 Dei,
1380 3037 1471 3104 qui
1508 3035 1652 3104 ipsos
1683 3035 2015 3105 praecedebat
2044 3051 2165 3088 cum
2199 3035 2344 3088 ince-

2444 3028 2704 3098 χερουϐὶμ
2745 3028 2851 3080 τῶν
2891 3029 3073 3081 ἐπάνω
3106 3029 3204 3097 τῆς
3248 3028 3478 3081 κιϐωτοῦ
3525 3029 3647 3094 δόξα
3679 3028 3830 3081 Θεοῦο
3870 3045 3995 3098 προ-

789 3126 996 3181 dercnt.
1039 3128 1116 3179 Tu
1173 3126 1352 3195 itaque
1395 3126 1485 3195 qui
1531 3127 1684 3182 sedes
1729 3141 1892 3194 super
1935 3124 2252 3189 cherubim,
2291 3135 2343 3179 et
2369 3119 2399 3180 ί

2386 3119 2413 3180 3
2444 3119 2650 3172 εϐάδισε
2684 3119 2788 3192 γὰρ
2820 3120 2993 3172 αὐτῶν
3019 3121 3158 3174 κατὰ
3186 3121 3284 3192 τὴν
3317 3121 3558 3192 πορείαν.
3586 3122 3657 3173 Συ
3691 3116 3783 3174 οὖν
3807 3121 3836 3172 6
3871 3120 3996 3173 καθ-

789 3220 1046 3289 praecedis
1074 3235 1278 3280 arcam,
1312 3220 1382 3272 ita
1415 3231 1473 3272 ut
1500 3220 1574 3272 sis
1603 3227 1727 3272 ante
1754 3216 2033 3286 Ephraim,
2067 3215 2344 3286 Benjamin

2446 3216 2640 3281 ἡμενος
2675 3213 2764 3264 ἐπὶ
2795 3213 2902 3264 τῶν
2935 3212 3215 3282 χερουϐὶμ,
3253 3213 3345 3265 καὶ
3389 3214 3860 3282 προπορευόμενος
3904 3212 3996 3279 τῆς

789 3319 844 3363 et
874 3309 1118 3364 Manasse
1139 3309 1281 3380 (nam
1309 3327 1484 3362 coram
1509 3309 1776 3380 signiﬁcat
1806 3310 1859 3363 in
1891 3311 2225 3378 conspectu),
2251 3323 2344 3378 per

2445 3303 2708 3366 κιϐωτοῦ,
2751 3305 2825 3366 ὡς
2857 3300 2994 3356 εἶναι
3029 3303 3330 3373 ἔμπροσθεν
3369 3303 3462 3355 τοῦ
3504 3302 3768 3373 Ἐφραῖμ,
3813 3303 3997 3355 Βενια-

791 3409 937 3454 tuam
963 3401 1258 3470 potentiam
1291 3401 1516 3454 salutem
1549 3402 1696 3454 dato.

2448 3391 2537 3458 μἰν
2588 3392 2678 3442 καὶ
2725 3392 2987 3459 Μανασσῆ
3053 3391 3131 3461 (τὸ
3174 3391 3280 3462 γὰρ
3319 3391 3594 3444 ἐναντίον
3643 3390 3891 3460 σημαίνει
3941 3391 3997 3441 τὸ

2444 3480 2789 3552 ἔμπροσθεν),
2818 3483 2903 3536 διὰ
2925 3484 3019 3555 τῆς
3044 3483 3237 3537 σαυτοῦ
3264 3484 3576 3547 δυναστείας
3601 3483 3698 3553 τὴν
3729 3485 3996 3554 σωτηρίαν

2444 3573 2702 3627 ἐπιδίδου.

860 3657 913 3711 9.
964 3655 1178 3709 Vincam
1204 3658 1267 3711 de
1289 3655 1519 3726 Egypto
1547 3658 1884 3711 transtulisti.
1915 3657 2166 3712 lsraclem
2193 3658 2342 3714 dicit.

2514 3665 2805 3732 Ἄμπελον
2847 3664 2914 3728 ἐξ
2961 3667 3254 3734 Αίγύπτου
3299 3663 3578 3734 μετῇρας.
3627 3666 3730 3717 Τὸν
3785 3666 3995 3734 Ἰσραήλ

790 3745 1009 3814 Ejecisti
1042 3757 1211 3816 gentes
1233 3788 1249 3812 ,
1283 3757 1332 3801 et
1364 3750 1616 3817 plautasti
1658 3766 1791 3802 eam.
1820 3747 1952 3802 Nam
1981 3765 2102 3804 cum
2143 3766 2345 3820 prince-

2445 3772 2624 3824 φησιν.
2673 3755 2977 3820 Ἐξέΰαλες
3001 3758 3166 3822 ἔθνη,
3197 3757 3291 3808 καὶ
3320 3758 3765 3825 κατεφύτευσας
3785 3756 3994 3819 αὐτὴν.

789 3836 945 3892 deres
963 3853 1078 3901 eos,
1109 3838 1314 3907 ejecistt
1345 3854 1374 3891 a
1397 3837 1536 3891 facie
1567 3854 1754 3892 eorum
1787 3849 1996 3909 gentes.

2444 3846 2914 3917 Προπορευόμενος
2941 3846 3067 3917 γὰρ,
3097 3846 3343 3912 ἐξέϐαλες
3374 3849 3480 3901 ἀπὸ
3500 3846 3790 3917 προσώπου
3821 3847 3997 3899 αὐτῶν

2445 3935 2510 3988 τὰ
2535 3936 2680 3990 ἔθνη.

863 4014 946 4068 Η.
990 4013 1203 4084 Operuit
1237 4024 1431 4068 montes
1460 4015 1644 4068 umbra
1679 4015 1812 4083 ejus.
1844 4014 2041 4069 Umbra
2065 4016 2235 4070 vinea:
2262 4024 2347 4071 est

2445 3954 2510 3988 τα
2535 3954 2625 3988 ευν
2667 3978 2680 3990 .

2525 3954 2856 4095 Fugin-15's?-
2879 4029 2983 4097 ὄρη
3013 4029 3049 4095 ἠ
3079 4031 3221 4082 σκιὰ
3246 4027 3448 4097 αὐτῆς.
3477 4029 3608 4083 Σκιὰ
3643 4029 3742 4099 μὲν
3771 4029 3866 4099 τῆς
3891 4030 3999 4099 ἁμ-

789 4107 974 4176 legalis
1006 4108 1216 4172 cultus,
1262 4108 1387 4176 quia
1423 4107 1503 4161 lex
1540 4109 1786 4162 umbram
1819 4107 2126 4162 futurorum
2175 4110 2346 4162 bono-

2444 4118 2602 4170 πέλου
2637 4121 2668 4189 ὴ
2707 4123 2845 4173 κατὰ
2884 4122 3042 4190 νόμον
3075 4120 3315 4192 λατρεία,
3344 4121 3433 4175 διὰ
3469 4123 3527 4175 τὺ
3554 4123 3710 4174 σκιὰν
3737 4122 3876 4191 ἔχειν
3907 4122 3998 4172 τὸν

790 4214 910 4252 rum
954 4200 1212 4253 continet.
1260 4199 1464 4253 Montes
1516 4199 1646 4252 dicit
1691 4198 1858 4252 Silom
1893 4209 1948 4253 et
1991 4200 2141 4253 Sion.
2189 4201 2242 4253 In
2275 4201 2344 4254 iis

2443 4209 2602 4277 νόμον
2621 4209 2726 4261 τῶν
2758 4211 3051 4279 μελλόντων
3077 4211 3311 4279 ἀγαθῶν·
3342 4213 3439 4283 ὅρη
3466 4213 3520 4265 δὲ
3553 4213 3609 4265 τό
3631 4231 3688 4265 τε
3715 4215 3772 4265 ὲν
3799 4211 3999 4284 Σηλὼμ

791 4307 1023 4361 namque
1072 4293 1283 4346 duobus
1335 4291 1470 4346 locis
1526 4292 1933 4345 tabernaculum
1991 4292 2340 4346 constitutum

2445 4299 2616 4351 καὶτὸ
2641 4301 2696 4352 ὲν
2728 4301 2863 4353 Σιών
2889 4319 3070 4371 φησιν.
3113 4303 3199 4355 Ἐν
3223 4301 3429 4366 τούτοις
3458 4303 3564 4373 γὰρ
3603 4307 3712 4367 τοῖς
3755 4304 3872 4356 δυσὶ
3911 4304 3999 4354 τό·

791 4385 910 4438 l'uit.
943 4385 1086 4439 Nihil
1130 4401 1256 4456 ergo
1303 4385 1445 4439 aliud
1475 4385 1759 4454 signiﬁcat,
1807 4385 1910 4437 nisi
1955 4384 2095 4452 quod
2129 4384 2338 4453 legalis,
2373 4449 2401 4464 _

2385 4449 2411 4464 ﬂ
2443 4407 2564 4452 ποις
2598 4391 2828 4461 ἵδρυτοή
2875 4394 3064 4463 σκηνή.
3093 4393 3254 4446 Οὐδὲν
3298 4389 3389 4446 οὖν
3433 4394 3613 4464 ἕτερον
3655 4394 3924 4462 σημαίνει,
3965 4393 3995 4460 ἦ

791 4494 910 4547 qua:
942 4477 1248 4532 futurorum
1291 4477 1557 4530 bonorum
1592 4478 1780 4529 umbra
1826 4483 2010 4540 erant,
2047 4475 2098 4528 iu
2130 4476 2340 4529 duobus
2373 4449 2401 4503 ί

2391 4449 2415 4503 )
2442 4480 2523 4531 ὅτι
2546 4449 2616 4532 τὰ
2649 4449 2710 4534 ἓν
2749 4449 2915 4552 νόμῳ,
2946 4449 3100 4535 άτινα
3127 4479 3192 4553 ἦν
3233 4482 3359 4535 σκιὰ
3400 4483 3505 4536 τῶν
3524 4449 3836 4552 ,μελλόντων
3862 4449 4001 4549 ἅναξ

792 4571 939 4624 hisce
987 4569 1259 4622 montibus
1299 4568 1562 4622 celebrata
1613 4565 1831 4620 fuerint.
1878 4564 1943 4617 Et
1985 4569 2197 4619 arbusta
2230 4567 2341 4635 ejus

2442 4571 2568 4633 ϐῶν,
2604 4572 2661 4623 ὲν
2689 4574 2798 4634 τοῖς
2835 4573 2953 4626 δυσὶ
2996 4573 3201 4636 τούτοις
3228 4575 3456 4626 ἐτελεῖτο
3495 4574 3664 4645 ὄρεσι.
3698 4576 3805 4629 Καὶ
3847 4577 3999 4627 dra-

790 4664 969 4716 cedros
1017 4660 1128 4713 Dei.
1168 4659 1326 4714 Cedri
1370 4667 1496 4713 sunt
1537 4659 1784 4714 emlcstcs
1823 4658 2082 4722 virtutes;
2122 4658 2341 4713 arbusta

2441 4661 2757 4732 δενόράδες
2795 4665 2982 4732 αὐτῆς
3029 4665 3136 4732 τὰς
3175 4666 3415 4733 κέδρους
3455 4667 3559 4720 τοῦ
3600 4667 3766 4720 Θεοῦ.
3801 4668 3998 4736 Κέδροι

790 4764 968 4808 autem
997 4754 1164 4807 vineae
1187 4793 1201 4815 ,
1233 4751 1505 4822 propheta:
1537 4751 1590 4805 in
1643 4752 1838 4820 populo
1871 4751 1962 4819 qui
2007 4751 2059 4803 in
2110 4751 2342 4805 sublime

2446 4755 2541 4823 μὲν
2584 4755 2638 4806 αἱ
2678 4755 2922 4826 οὐράνιαι
2955 4757 3226 4826 δυνάμεις·
3269 4756 3644 4826 ἀναδενδράδες
3676 4755 3732 4807 δὲ
3759 4756 3856 4825 τῆς
3885 4759 3999 4825 ἁμ-

790 4844 1166 4907 eiferebantur,
1197 4853 1248 4897 et
1275 4842 1625 4911 quiescebant
1653 4843 1705 4896 in
1747 4841 1995 4912 supernis
2019 4853 2072 4897 et
2106 4842 2342 4896 rationa-

2443 4846 2604 4898 πέλου
2653 4848 2702 4898 οἱ
2744 4849 2808 4900 ὲκ
2849 4848 2941 4900 τοῦ
2988 4846 3116 4900 λαοῦ
3159 4847 3428 4917 προφῆται
3473 4848 3551 4910 εἰς
3589 4846 3720 4914 ὓψος
3747 4848 3997 4918 ἠρμένοι,

792 4939 932 4992 libus
959 4937 1333 5006 potestatibus.

2445 4938 2536 4989 καὶ
2559 4937 2868 4991 ἐπαναπαυό
2875 4955 3021 5007 μενοι
3045 4938 3162 5000 ταῖς
3183 4938 3293 4990 ἄνω
3317 4939 3410 4990 καὶ
3428 4937 3666 5005 λογικαῖς
3684 4937 3997 4992 δυνάμεσιν.

863 5029 948 5082 ιε.
986 5027 1232 5081 Extendit
1268 5026 1509 5096 palmites
1557 5041 1678 5079 suos
1722 5040 1880 5093 usque
1910 5023 1977 5076 ad
2026 5040 2187 5077 mare.
2217 5021 2340 5077 Pal-

2528 5028 2812 5091 Ἐξέτεινε
2853 5029 2924 5082 τὰ
2955 5029 3228 5098 κλήματα
3275 5028 3462 5098 αὐτῆς
3499 5029 3608 5092 ἕως
3657 5028 3998 5098 θαλάσσης.

793 5119 951 5173 mites
1006 5126 1060 5171 et
1103 5117 1424 5185 propagines
1471 5115 1642 5168 vinea:
1705 5114 1831 5167 dicit
1876 5128 2090 5166 omnem
2156 5112 2338 5181 populi

2443 5119 2704 5190 κλήματα
2733 5122 2825 5174 καὶ
2852 5121 3198 5191 παραφυάδες
3223 5121 3321 5189 τῆς
3344 5119 3586 5190 ἀμπέλου
3614 5119 3674 5172 τὸ
3704 5120 3810 5172 πᾶν
3854 5118 3999 5186 πλῆ-

791 5207 1212 5269 multitudinem,
1243 5222 1362 5274 quae
1391 5205 1724 5274 pertingebat
1748 5219 1777 5256 a
1819 5202 2038 5257 ﬂumine
2067 5201 2341 5272 Euphrate

2442 5208 2530 5272 θος
2552 5209 2642 5261 τοῦ
2674 5210 2800 5262 λαοῦ
2832 5227 3026 5279 φησιν,
3085 5209 3113 5262 ὃ
3155 5209 3415 5280 κατέσχεν
3460 5209 3567 5262 ἀπὸ
3616 5207 3862 5279 ποταμοῦ
3892 5209 4001 5261 Εὑ-

793 5304 856 5358 ad
889 5316 1059 5371 usque
1091 5314 1239 5352 mare
1266 5299 1525 5352 Indicum.

2440 5300 2646 5371 φράτου
2673 5302 2830 5372 μέχρι
2861 5301 3131 5370 θαλάσσης
3153 5301 3253 5369 τῆς
3295 5301 3537 5370 Ἰνδικῆς.

863 5393 1084 5458 l5,-H.
1129 5390 1325 5461 thuid
1367 5389 1678 5443 destruxisti
1710 5389 1989 5440 maceriam
2020 5386 2132 5456 ejus
2157 5388 2182 5440 ?
2222 5385 2338 5439 Ma-

2509 5395 2631 5446 Ἵνα
2658 5395 2714 5445 τί
2742 5393 3009 5459 καθεῖλες
3026 5394 3132 5446 τὸν
3172 5393 3441 5462 φραγμὸν
3477 5389 3700 5458 αὐτῆςὶ
3737 5390 4003 5462 Φραγμὸς

793 5485 935 5541 ceria
960 5485 1081 5554 ejus
1120 5492 1235 5537 erat
1269 5483 1584 5551 angelorum
1629 5479 1893 5542 custodia,
1945 5493 2106 5547 quam
2141 5477 2342 5530 amovit

2435 5479 2503 5554 ἦν
2529 5484 2661 5553 αὐτῇ
2689 5487 2722 5554 ἡ
2754 5483 2861 5536 τῶν
2893 5484 3137 5552 ἀγγέλων
3171 5483 3403 5553 φυλακὴ,
3455 5482 3521 5552 ἢν
3557 5482 3864 5552 ἀπέστησεν
3895 5482 4001 5534 ἀπ’

792 5579 860 5630 ab
890 5577 968 5632 eis
1003 5576 1161 5630 Deus.
1193 5573 1261 5627 Et
1303 5573 1620 5628 vindemiant
1651 5587 1767 5626 eam
1814 5587 1987 5624 omnes
2009 5570 2097 5639 qui
2125 5578 2339 5638 prater-

2437 5576 2614 5629 αὐτῶν
2642 5579 2670 5629 ὁ
2698 5577 2847 5640 Θεός.
2879 5578 2988 5630 Καὶ
3018 5576 3310 5645 τρυγῶσιν
3332 5575 3525 5641 αὐτὴν
3547 5573 3762 5639 πάντες
3792 5577 3846 5626 οι
3882 5589 4003 5626 πα-

794 5669 1094 5739 grediuntur
1115 5669 1272 5722 viam.
1307 5667 1437 5721 Data
1465 5665 1664 5735 quippe
1713 5663 1816 5719 fuit
1865 5663 1918 5718 in
1953 5660 2208 5732 pabulum
2238 5659 2338 5714 im-

2434 5669 2891 5739 ραπορευόμενοι
2922 5668 3037 5738 τὴν
3068 5666 3230 5722 ὀδόν.
3265 5665 3474 5719 Δέδοται
3501 5665 3608 5736 γὰρ
3633 5667 3712 5728 εἰς
3745 5663 4001 5735 βόσκημα
