4094 6312
154 358 239 412 561
1235 353 1600 410 EXPOSITIO
1642 353 1709 409 IN
1749 353 2077 410 PSALMUM
2120 355 2328 411 LXXX.

3275 362 3374 417 362

152 474 249 534 τοῖς
279 470 609 541 ἀκαθάρτοις
651 469 918 541 δαίμοσιν,
944 469 1139 534 οἵτινες
1184 471 1280 524 καὶ
1320 470 1575 541 νέμοντα-ι
1614 471 1709 524 αύ-

1818 473 1962 541 pnris
1985 473 2342 539 (immunibus,
2377 476 2468 545 qui
2502 477 2663 530 etiam
2711 479 3008 548 depascunt
3035 494 3224 535 eorum
3254 491 3374 538 ant-

150 563 247 615 τῶν
268 563 367 625 τὰς
383 562 582 632 ψυχὰς,
602 562 696 633 τῆς
712 561 910 633 νοητῆς
921 562 1225 634 εὐκαρπίας
1246 562 1708 633 ἀπογυμνοῦντες.

221 656 275 706 Ὁ
338 655 482 720 Θεὸς
516 654 843 723 δυνάμεων,
892 655 1281 725 ἐπίστρεψον.
1357 657 1602 710 Ἱκετεύω
1653 676 1711 711 σε

148 746 317 799 τοίνυν
345 747 439 800 τὸν
475 747 697 800 δυνατὸν
729 749 1005 818 Δεσπότην
1030 748 1157 801 ἰδεῖν
1179 749 1383 804 ἄνωθεν
1410 750 1510 820 τῆς
1536 751 1715 821 ἀμπέ-

148 836 229 890 λου
261 837 365 908 τὴν
384 836 584 907 λώϐην,
619 840 709 892 καὶ
736 838 1028 909 θεραπείας
1056 840 1286 907 ἀξιῶσαι
1313 842 1374 895 τὸ
1402 842 1593 905 πάθος.
1650 844 1711 895 Ἦ

150 928 210 999 σὴ
244 930 355 1001 γὰρ
383 929 523 1002 αὕτη
554 932 779 1002 πρόνοια
822 930 921 1002 τὴν
966 934 1234 1005 προτέραν
1270 933 1467 987 ἔδωκεν
1516 934 1712 1005 εὐκλη-

152 1022 283 1093 ρίαν.

210 1114 317 1169 Καὶ
346 1114 691 1184 κατάρτισαι
724 1116 917 1185 αὐτὴν
963 1114 1045 1184 ἣν
1084 1117 1421 1187 ἐφύτευσεν
1459 1120 1498 1186 ἡ
1548 1117 1715 1181 δεξιά

147 1221 272 1262 σου.
317 1207 539 1278 Ἐπειδὴ
574 1209 637 1261 σὺ
671 1209 861 1280 αὐτὴν,
903 1210 1056 1280 φησὶ,
1109 1210 1545 1279 κατεφύτευσας,
1595 1205 1712 1262 εἶτα

148 1297 364 1365 γέγονεν
412 1300 900 1369 ἐμπεπυρισμένη
947 1301 1043 1353 καὶ
1098 1301 1553 1371 κατεσκαμμένη
1620 1303 1713 1355 καὶ

148 1388 409 1452 ἀπόλωλε,
437 1389 530 1442 σοῦ
561 1390 727 1461 αὐτὴν
759 1392 1196 1462 ἐπιτιμήσαντος,
1250 1392 1574 1463 κατάρτισαι
1615 1393 1713 1445 αύ-

148 1480 234 1551 τὴν
262 1482 360 1534 καὶ
387 1481 611 1553 ἑτοίμην
636 1484 714 1544 εὶς
744 1483 1016 1553 σωτηρίαν
1047 1483 1462 1553 παρασκεύασον
1486 1501 1497 1514 ·
1540 1500 1716 1555 παρα-

152 1572 409 1626 σκεύασον
437 1572 494 1626 δὲ
517 1574 605 1626 διὰ
626 1572 718 1625 τοῦ
749 1573 864 1627 υἱοῦ
891 1573 982 1628 τοῦ
1012 1574 1320 1647 ἀνθρώπου.
1355 1576 1427 1629 Τὸ
1456 1577 1586 1648 γὰρ,
1613 1576 1712 1629 ἐπὶ

149 1665 271 1719 υίόν
326 1665 666 1734 ἀνθρώπου,
699 1666 786 1720 διὰ
812 1666 905 1719 τοῦ
948 1668 1063 1720 υίοῦ
1104 1667 1393 1741 ἀνθρώπου
1438 1670 1709 1741 σημαίνει.

150 1757 235 1821 Τίς
270 1758 327 1811 δέ
364 1760 514 1810 ἐστιν
545 1760 574 1810 ὁ
608 1759 723 1823 υίὸς
752 1758 844 1812 τοῦ
874 1760 1157 1830 ἀνθρώπου
1192 1761 1410 1831 ῆαύτὸς
1443 1764 1471 1815 ὁ
1511 1761 1716 1832 Κύριος

151 1846 317 1919 ἡμῶν,
332 1848 409 1910 ὼς
426 1847 588 1911 αὐτὸς
606 1850 732 1920 περὶ
750 1849 940 1903 ἑαυτοῦ
961 1852 1019 1902 ὲν
1036 1853 1144 1914 τοῖς
1163 1851 1517 1918 Εύαγγελίοις
1541 1852 1673 1921 φησί
1699 1869 1712 1917 ;

211 1938 535 2007 Γενηθήτω
584 1941 622 2007 ἡ
660 1940 788 2008 χείρ
828 1956 944 1994 σου
983 1940 1076 1993 ἐπ’
1102 1940 1293 2008 ἄνδρα
1332 1939 1534 2007 δεξιᾶς
1578 1956 1713 1997 σου.

150 2035 310 2105 Αὓτη,
360 2035 609 2105 φησ¹ιν,ή
648 2035 843 2105 πρᾶξις
876 2038 909 2108 ἡ
952 2036 1049 2107 τῆς
1097 2036 1371 2107 σωτηρίας
1420 2034 1512 2090 τοῦ
1551 2036 1714 2102 λαοῦ,

149 2129 260 2197 ἥτις
280 2129 378 2181 καὶ
405 2127 495 2180 διὰ
521 2126 619 2189 τῆς
662 2127 840 2199 χειρὸς
880 2126 1226 2197 σημαίνεται,
1269 2128 1361 2180 ἐπ’
1403 2127 1592 2194 ἄνδρα
1622 2127 1716 2181 δε-

152 2218 274 2285 ξιᾶς
304 2234 424 2273 σου
476 2220 796 2289 γενηθήτω,
844 2220 1087 2273 τουτέστι
1137 2219 1225 2273 διὰ
1270 2218 1364 2273 τοῦ
1406 2219 1596 2289 ἀνδρὸς
1623 2219 1716 2272 τοῦ

148 2311 288 2374 ύντος
318 2310 503 2375 δεξιᾶς
527 2328 639 2365 σου.
673 2312 781 2364 Καὶ
812 2312 898 2375 τίς
918 2306 1126 2383 οὗτοςῆ
1157 2314 1185 2364 ὁ
1225 2312 1353 2374 Υἱὸς
1388 2312 1479 2364 τοῦ
1506 2310 1715 2381 ἀνθρὼ-

149 2418 265 2467 που,
295 2403 353 2466 ὃς
388 2404 508 2455 ὲστι
540 2402 688 2468 δεξιά
718 2400 811 2455 τοῦ
858 2402 1090 2472 Πατρὸς,
1130 2403 1178 2454 εί
1222 2403 1315 2456 καὶ
1363 2403 1585 2471 γέγονεν
1623 2405 1717 2459 ἄν·

148 2494 358 2567 θρωπος
382 2511 397 2559 ;
434 2494 680 2546 Ἐπειδὰν
713 2493 770 2546 δὲ
797 2493 954 2545 τοῦτο
979 2494 1221 2565 γένηται,
1258 2494 1351 2548 καὶ
1380 2494 1528 2568 σώσῃ
1547 2497 1714 2567 ἡμᾶς,

149 2586 325 2654 φησιν,
355 2586 391 2655 ή
416 2583 568 2649 δεξιά
594 2600 704 2649 σου,
738 2583 766 2635 ὁ
789 2584 1132 2655 χρηματίσας
1155 2587 1294 2656 ἀνὴρ
1327 2588 1422 2639 καὶ
1464 2588 1590 2650 Υίὸς
1626 2588 1717 2639 ἀν-

150 2675 384 2748 θρώπου,
424 2678 527 2731 οὐκ
574 2676 639 2730 ἄν
675 2694 801 2729 ποτε
836 2678 1162 2749 ἅποστῶμεν
1195 2678 1303 2731 ἀπὸ
1338 2678 1453 2744 σοῦ,
1487 2678 1583 2733 ἆτε
1620 2679 1717 2750 τῆς

150 2770 241 2841 σῆς
272 2769 421 2841 ζωῆς
458 2768 850 2839 μεταλαϐόντες
876 2812 890 2837 ,
936 2770 1033 2823 καὶ
1080 2769 1159 2841 τῷ
1207 2770 1284 2841 σῷ
1332 2769 1717 2841 ἐπικληθέντες

149 2860 385 2932 ὀνόματι,
417 2859 666 2913 τουτέστι
691 2859 1025 2929 Χριστιανοί.

213 2955 392 3021 Κύριε
421 2954 455 3006 ὁ
489 2949 633 3017 Θεὸς
652 2949 770 3003 τῶν
792 2948 1124 3018 δυνάμεων,
1149 2950 1519 3018 ἐπίστρεψον
1537 2947 1714 3018 ἡμᾶς.

151 3045 391 3115 Συνεχῶς
424 3044 524 3115 τὴν
552 3042 760 3095 ἱκεσίαν
789 3042 1182 3114 προϐάλλεται,
1234 3042 1575 3096 ἐπισπεύδων
1618 3042 1718 3112 τὴν

1812 580 1953 626 tuas,
1982 572 2035 617 et
2067 566 2334 632 spirituali
2367 564 2639 620 fructuum
2666 569 2821 636 capia
2851 570 3175 637 exspoliant.

1884 653 1972 707 15.
2003 652 2143 707 Deus
2172 655 2445 717 virtutum,
2483 666 2793 709 convertere.
2834 657 3102 728 Deprecor
3132 671 3184 715 te
3215 663 3377 731 igitur

1812 755 2085 815 potentem
2135 745 2445 809 Dominum,
2505 758 2564 803 ut
2618 750 2879 818 respicias
2912 751 2978 804 de
3033 752 3170 806 coelo
3206 755 3378 808 vinem

1813 839 2129 908 perniciem,
2154 848 2207 894 et
2229 840 2525 895 remedium
2556 842 2765 895 vulneri
2794 843 3052 910 applices.
3086 843 3200 898 Tua
3229 847 3373 899 enim

1814 931 1929 999 ipsa
1962 931 2298 1000 providentia
2332 933 2566 1003 priorem
2602 934 2750 987 illam
2799 935 3056 1004 optimam
3111 937 3377 992 conditio-

1814 1038 1935 1076 nem
1960 1023 2198 1078 dederat.

1886 1112 1973 1178 16,
2005 1113 2090 1167 i7.
2120 1111 2190 1166 Et
2208 1116 2398 1184 perﬁce
2418 1132 2532 1169 eam
2561 1132 2718 1186 quam
2741 1116 2995 1187 plantavit
3019 1118 3234 1173 dextera
3263 1131 3373 1173 tua.

1813 1201 2080 1267 Quoniam
2117 1214 2195 1267 tu,
2236 1205 2433 1274 inquit,
2458 1205 2713 1274 plantasti
2750 1207 2921 1273 illam,
2954 1223 3017 1262 ac
3043 1208 3236 1262 deinde
3277 1208 3381 1263 fuit

1813 1296 2024 1350 incensa
2058 1298 2165 1366 igni
2196 1307 2244 1350 et
2271 1298 2502 1365 su/fossa
2536 1304 2700 1368 atque
2731 1300 2912 1369 periit.
2942 1311 2994 1354 te
3025 1301 3169 1355 illam
3204 1304 3379 1355 corri-

1813 1387 2015 1457 piente,
2048 1388 2235 1457 perﬁce
2262 1404 2377 1440 eam
2409 1396 2464 1441 et
2494 1399 2736 1457 paratam
2784 1390 2946 1444 redde
2986 1392 3051 1444 ad
3107 1392 3334 1445 salutem
3362 1410 3377 1457 ;

1814 1494 2057 1547 praepara
2110 1489 2289 1533 autem
2342 1478 2489 1532 illam
2540 1494 2636 1548 per
2687 1479 2858 1533 ﬁlium
2913 1481 3189 1536 hominis:
3248 1483 3379 1537 illud

1814 1571 1981 1635 enim,
2017 1587 2172 1639 super
2202 1571 2377 1640 ﬁlium
2416 1570 2664 1633 hominis,
2700 1586 2793 1638 per
2824 1572 2995 1625 lilium
3040 1573 3275 1627 hominis
3307 1576 3381 1627 si-

1815 1662 2058 1729 gniﬁcat.
2107 1661 2241 1727 Quis
2291 1672 2472 1717 autem
2508 1672 2590 1716 est
2640 1662 2786 1715 lilius
2838 1663 3079 1717 hominis
3108 1664 3211 1717 nisi
3268 1664 3381 1733 ipse

1816 1758 2081 1811 Dominus
2136 1766 2361 1822 noster,
2426 1766 2486 1810 ut
2553 1757 2666 1826 ipse
2721 1755 2788 1810 de
2850 1770 2909 1811 se
2956 1757 3010 1809 in
3075 1756 3382 1829 Evangeliis

1746 1834 1788 1888 B
1816 1850 1990 1906 dicit?

1888 1940 1975 2004 18,
2013 1939 2098 1994 19.
2136 1938 2263 1993 Fiat
2293 1955 2479 1994 manus
2505 1949 2594 1992 tua
2617 1956 2773 2009 super
2795 1939 2965 1993 virum
2996 1939 3226 1994 dexterie
3254 1949 3377 1993 tum.

1817 2031 1965 2097 llaec,
1999 2031 2198 2102 inquit,
2240 2042 2323 2085 est
2366 2032 2610 2101 operatio
2645 2032 2837 2085 salutis
2875 2032 3083 2101 populi,
3136 2046 3257 2100 qua:
3288 2047 3383 2100 per

1818 2140 2039 2180 manum
2083 2124 2371 2188 indicatur,
2404 2139 2558 2192 super
2582 2124 2749 2176 virum
2768 2121 2999 2175 dextera:
3042 2132 3145 2177 tua:
3182 2124 3300 2192 ﬁat,
3330 2122 3382 2176 id

1817 2227 1900 2272 est
1931 2231 2027 2284 per
2061 2216 2236 2270 virum
2265 2215 2359 2285 qui
2392 2225 2475 2271 est
2508 2215 2729 2269 dextera
2782 2223 2894 2267 tua.
2931 2212 3135 2283 Ecquis
3168 2214 3257 2268 ille
3298 2224 3380 2269 est

1820 2310 1922 2363 nisi
1949 2308 2118 2364 Filius
2147 2309 2407 2374 hominis,
2440 2311 2535 2377 qui
2562 2318 2646 2365 est
2681 2310 2901 2363 dextera
2932 2307 3132 2376 Patris,
3167 2311 3379 2365 etiamsi

1820 2399 1998 2454 factus
2034 2401 2105 2455 sit
2143 2399 2349 2453 homo?
2375 2397 2511 2453 Cum
2549 2409 2729 2453 autem
2768 2400 2870 2452 hoc
2904 2398 3106 2453 factum
3136 2399 3299 2455 fuerit
3331 2410 3385 2455 et

1820 2492 2005 2548 salvos
2050 2506 2153 2546 nos
2195 2490 2383 2545 fecerit
2422 2490 2640 2545 dextera
2674 2499 2786 2557 tua,
2818 2490 2912 2559 qui
2957 2491 3172 2545 vocaris
3205 2492 3286 2546 vir
3331 2504 3385 2547 et

1820 2584 1993 2640 Filius
2029 2583 2144 2650 Dei,
2178 2598 2456 2652 nunquam
2499 2582 2843 2638 discedemus
2873 2590 3005 2647 a'r‘te,
3060 2591 3243 2653 utpOte
3290 2587 3383 2653 qui

1821 2677 1944 2730 vita:
1972 2687 2076 2730 tuae
2108 2675 2397 2746 participes
2431 2675 2623 2741 simus,
2662 2684 2714 2729 et
2748 2685 2841 2728 tuo
2883 2676 3107 2730 nomine
3153 2678 3420 2747 appone--

1820 2784 1963 2835 mur,
1996 2768 2048 2821 id
2075 2774 2157 2822 est
2183 2766 2503 2821 Christiani.

1888 2961 1978 3018 ΞΟ.
2014 2962 2231 3016 Domine
2253 2961 2395 3017 Deus
2430 2964 2703 3031 uirtutum,
2737 2974 2972 3019 converte
3007 2982 3119 3019 nos.
3154 2966 3385 3022 Assidue

1821 3054 2273 3124 supplicationem
2300 3056 2502 3108 emittit
2533 3056 2793 3125 gestiens,
2831 3065 2893 3111 ut
2940 3055 3261 3127 Unigenitus
3295 3076 3386 3130 ap-

149 3137 467 3205 ἐπιφάνειαν
492 3133 743 3203 γενέσθαι
769 3133 862 3186 τοῦ
893 3132 1251 3201 Μονογενοῦς,
1289 3134 1357 3187 δι’
1386 3130 1447 3188 οὗ
1478 3135 1573 3188 καλ¹
1611 3150 1715 3187 σω-

1820 3156 2026 3216 pareat,
2060 3163 2155 3202 per
2179 3162 2339 3201 auem
2366 3147 2595 3202 salutem
2632 3147 2732 3218 ipsi
2769 3163 3193 3219 consequentur.

149 3228 421 3299 θήσονται.

314 3323 422 3385 Ely
455 3318 631 3384 τέλος
668 3317 819 3385 ὑπὲρ
847 3316 966 3372 τῶν
999 3316 1205 3385 ληνῶν
1236 3319 1545 3372 ΨΑΛΜΟΣ

513 3408 594 3475 τῷ
636 3409 836 3478 Ἁσὰρ,
867 3409 1223 3475 ἀλληλούτα.
1262 3411 1344 3461 II'.

774 3500 1096 3563 ’Υπόθεσις.

150 3590 283 3661 Ἤδη
335 3590 433 3643 τὸν
468 3589 651 3656 θγδοον
706 3574 1097 3659 ἑρμηνεύοντες
1129 3586 1552 3662 ἀποδεδώκαμεν
1580 3586 1717 3645 εἶναι

208 3680 409 3751 ληνοὺς
445 3680 544 3743 τὰς
599 3679 941 3750 Ἐκκλησίας.
979 3680 1164 3734 Ἔστιν
1195 3678 1394 3735 οὖνκαὶ
1430 3684 1493 3735 ἐκ
1530 3683 1717 3736 τούτου

208 3772 304 3826 τοῦ
330 3772 553 3844 ψαλμοῦ
581 3773 728 3835 ίδείν,
767 3772 843 3835 ὡς
866 3772 1020 3826 καλεῖ
1038 3772 1107 3825 τὰ
1139 3772 1264 3844 ἔθνη
1303 3774 1441 3843 πρὸς
1482 3775 1578 3846 τὴν
1625 3776 1717 3829 πί-

208 3881 331 3919 στιν
361 3865 463 3937 τὴν
495 3867 574 3929 είς
595 3864 686 3917 τὸν
706 3864 907 3935 Κύριον
926 3879 940 3892 ⁶
958 3866 1139 3927 αὐτοῖς
1164 3865 1509 3920 διδασκαλίαν
1539 3869 1718 3921 ποιού-

204 3976 372 4029 μενος
411 3956 506 4009 τοῦ
546 3958 753 4027 μήποτε
786 3956 1086 4026 ἀποστῆναι
1115 3956 1300 4022 αὑτοῦ,
1336 3958 1434 4029 τὴν
1474 3957 1565 4012 τοῦ
1593 3977 1718 4031 προ-

204 4050 373 4113 τέρου
406 4045 540 4101 λαοῦ
570 4046 656 4100 διὰ
682 4045 780 4118 τὴν
813 4046 1009 4101 κακίαν
1036 4047 1305 4119 ἀποϐολὴν
1340 4048 1533 4118 λέγων.

216 4138 616 4213 Ἄγαυιᾶσθε
652 4139 733 4205 τῷ
754 4138 875 4205 Θεῷ
898 4137 978 4205 τῷ
1002 4139 1207 4209 ,βοηθῷ
1243 4140 1413 4209 ἡμῶν
1432 4182 1447 4207 ,
1487 4142 1717 4196 ἀλαλά-

134 4234 275 4295 ξατε
308 4232 398 4299 τῷ
440 4230 559 4297 Θεῷ
612 4230 820 4285 Ἰακώϐ.
880 4232 1214 4302 Ἀλαλαγμός
1258 4235 1405 4286 ἐστιν
1456 4234 1718 4298 ὲπινίκιος

136 4324 325 4394 ὕμνος.
360 4322 803 4395 Παρακελεύεται
831 4317 923 4376 οὗν
944 4325 1056 4386 τοῖς
1081 4323 1255 4377 ἔθνεσι
1287 4323 1363 4395 τῷ
1394 4324 1717 4396 βοηθήσαντι

131 4414 283 4489 θεῷ,
339 4415 443 4467 καὶ
471 4416 534 4466 ὲκ
567 4417 666 4484 τῆς
697 4414 803 4467 τῶν
855 4413 1124 4485 δαιμόνων
1178 4416 1373 4479 αὐτοὺς
1430 4418 1718 4488 ῥυσαμένῳ

133 4507 626 4569 κεταδυναστείας,
655 4507 752 4570 τὰς
786 4505 1079 4569 ἐπινικίους
1098 4506 1255 4581 ,ᾄδειν
1287 4506 1446 4578 ᾠδάς.

198 4601 441 4656 Λάϐετε
466 4599 740 4667 ψαλμὸν,
786 4599 881 4653 καί
935 4599 1072 4653 δότε
1109 4601 1436 4669 τύμπανον.
1491 4600 1719 4672 Ψαλμὸν

131 4695 185 4744 ἐν
212 4693 445 4754 τούτοις
470 4691 568 4759 τὴν
592 4688 740 4743 θείαν
766 4689 1115 4743 διδασκαλίαν
1155 4691 1308 4761 φησι.
1342 4690 1633 4761 Τύμπανον
1663 4691 1719 4744 δὲ

128 4783 372 4854 ὗργανόν
402 4785 525 4835 ἐστι
553 4781 618 4833 ὲκ
648 4780 930 4852 δερμάτων
963 4780 1351 4851 πεποιημένον.
1388 4782 1553 4850 Λέγει
1600 4775 1717 4834 οὖν’

140 4877 415 4947 Ἑπήκοοι
472 4876 587 4937 τοῖς
632 4872 794 4937 θείοις
850 4873 1049 4941 λογίοις
1081 4873 1382 4944 γενόμενοι,
1413 4874 1721 4943 παραστή-

129 4984 278 5023 σατε
302 4967 384 5021 τὰ
420 4966 669 5034 σώματα
693 4962 857 5035 ὑμῶν
893 4966 1112 5020 θυσίαν
1135 4965 1329 5027 ζῶσαν
1349 5006 1364 5031 ,
1397 4966 1724 5035 εὐπρόσδε-

128 5077 278 5115 κτον
311 5056 407 5123 τῷ
435 5056 581 5121 Θεῷ.
627 5056 968 5125 Ψαλτήριον
996 5058 1253 5128 τερπνὸν
1275 5060 1425 5127 μετὰ
1456 5058 1719 5126 κιθάρας.

1979 3327 2030 3381 1.
2062 3325 2127 3380 1η
2156 3327 2333 3396 ﬁnem,
2363 3345 2456 3397 pro
2482 3328 2831 3384 torcularibus
2871 3329 3209 3385 PSALMUS

2306 3419 2409 3487 ipsi
2439 3423 2477 3472 Α
2490 3421 2639 3486 sapit.
2668 3409 2891 3477 LXXX.

2404 3513 2442 3565 Α
2458 3524 2804 3583 rgumentum.

1818 3599 1936 3657 Jam
1974 3619 2097 3657 cum
2134 3613 2385 3658 octavum
2423 3604 2906 3673 interpretaremur
2937 3607 3172 3663 diximus
3206 3618 3356 3664 loreu

1891 3695 2027 3749 laria
2058 3694 2327 3749 Eeclesias
2384 3711 2527 3752 esse.
2580 3694 2779 3751 Videre
2828 3697 2992 3767 igitur
3038 3709 3122 3753 est
3172 3715 3237 3753 ex
3286 3699 3387 3755 hoc

1889 3801 2106 3855 quoque
2132 3787 2343 3855 psalmo
2373 3787 2549 3856 ipsum
2586 3802 2784 3841 vocare
2829 3799 3013 3857 gentes
3042 3788 3107 3842 ad
3142 3790 3297 3844 lidem
3331 3792 3383 3844 in

1890 3873 2200 3929 Dominum.
2232 3873 2363 3928 Eam
2397 3876 2699 3929 doctrinam
2746 3877 2992 3945 pra:bens
3020 3878 3123 3932 illis
3158 3887 3218 3933 ut
3248 3896 3387 3934 nun-

1889 3981 2051 4036 quam
2083 3964 2366 4019 discedant
2405 3966 2473 4019 ab
2506 3965 2645 4035 ipso,
2678 3967 2879 4036 prioris
2913 3968 3095 4037 populi
3133 3968 3383 4037 impieta-

1892 4058 1960 4112 tis
1988 4072 2151 4111 eausa
2181 4057 2535 4126 abjectionem
2574 4058 2914 4126 signiﬁcans.

1888 4148 1941 4201 2.
1983 4146 2262 4201 Exsultale
2310 4148 2418 4201 Deo
2469 4148 2704 4219 adjutori
2744 4158 2964 4214 nostro,
3006 4148 3233 4217 jubilate
3281 4149 3385 4204 Deo

1818 4238 2288 4294 Jacob.Jubilatio
2332 4248 2415 4293 est
2467 4242 2709 4295 victoriae
2760 4256 3001 4294 carmen.
3054 4240 3383 4294 Coltortatur

1821 4334 2001 4401 itaque
2029 4338 2214 4401 gentes
2249 4339 2309 4383 ut
2342 4328 2452 4383 Deo
2506 4333 2813 4397 auxilianti,
2868 4333 2960 4401 qui
2996 4348 3024 4385 a
3074 4331 3381 4386 daemonum

1824 4430 2090 4491 potestate
2158 4420 2306 4490 ipsos
2390 4421 2767 4487 liberaverat,
2846 4422 3076 4493 hymnos
3149 4422 3387 4476 victoria:

1753 4514 1792 4568 ι)
1822 4524 2039 4569 canant.

1894 4606 1928 4661 5
1976 4605 2178 4662 Sumite
2203 4608 2483 4675 psalmum,
2518 4615 2568 4657 et
2598 4605 2720 4656 date
2763 4613 3087 4673 tympanum.
3111 4601 3386 4658 Psalmum

1823 4696 1910 4751 hic
1941 4705 2119 4762 vocat,
2166 4696 2405 4750 divinam
2443 4694 2793 4761 doctrinam;
2845 4703 3158 4765 tympanum
3209 4703 3386 4747 autem

1822 4801 1907 4846 est
1933 4791 2353 4845 instrumentum
2409 4788 2644 4858 pellibus
2694 4786 3024 4840 confectum.
3059 4786 3149 4838 Ait
3182 4786 3342 4855 igitur
3373 4805 3385 4839 :

1825 4880 2199 4952 Obsequentcs
2243 4880 2443 4935 divinis
2477 4880 2736 4950 eloquiis,
2783 4880 3016 4933 exhibete
3060 4894 3277 4947 corpora
3309 4894 3390 4931 ve—

1825 4986 1936 5029 stra
1968 4976 2195 5028 hostium
2225 4975 2497 5039 viventem,
2526 4972 2635 5027 Deo
2664 4974 2955 5042 placentem
2968 4973 3031 5024 "'.
3066 4970 3387 5024 Psalterium

1817 5068 2109 5136 jucundum
2131 5082 2247 5121 cum
2265 5066 2488 5119 cithara.
2509 5064 2832 5119 Psalterium
2854 5078 3069 5117 rursum
3091 5077 3290 5130 corpus
3310 5060 3391 5115 di—

126 5148 469 5221 ’ῒαλτήριον
500 5145 662 5198 πάλιν
699 5147 757 5199 τὸ
789 5146 948 5217 σῶμά
981 5165 1135 5217 φησι,
1170 5147 1257 5201 διὰ
1296 5147 1393 5219 τὴν
1432 5149 1715 5219 γινομένην

1826 5160 1916 5221 cit,
1937 5158 2004 5212 ob
2026 5171 2348 5211 consensum
2373 5163 2427 5209 et
2455 5154 2855 5225 eoaptationem
2884 5153 3082 5206 auimze
3106 5167 3227 5205 cum
3261 5150 3351 5202 illo
3375 5193 3388 5212 ,

131 5243 479 5313 συμφωνίαν
509 5239 603 5291 καὶ
632 5240 992 5311 συναρμονίαν
1025 5241 1159 5312 πρὸς
1193 5241 1325 5294 αὐτὸ
1376 5242 1471 5313 τῆς
1502 5241 1681 5311 ψυχῆς
1701 5258 1717 5274 ·

129 5334 190 5386 ἶν’
224 5335 426 5407 ἄρτιοι
462 5332 724 5401 γένωνται
752 5333 799 5385 οί
831 5333 924 5387 τοῦ
953 5331 1087 5386 Θεοῦ
1137 5332 1409 5403 ἂνθρωποι
1432 5374 1446 5398 ,
1496 5333 1589 5386 καὶ
1626 5333 1720 5397 τὰς

125 5428 305 5498 Ψυχὰς
335 5424 702 5487 ἀνατιθέντες
733 5424 809 5495 τῷ
833 5424 971 5495 Θεῷ,
1002 5425 1094 5478 καὶ
1124 5424 1184 5477 τὸ
1220 5424 1398 5494 σῶμα,
1432 5426 1489 5477 οὐ
1529 5423 1607 5495 τῷ
1635 5425 1726 5478 κά-

130 5532 270 5587 σμῳ,
297 5515 457 5572 ἀλλὰ
482 5515 690 5587 Κυρίῳ.

198 5607 571 5663 Σαλπίσατε
591 5606 659 5657 ἐν
684 5606 963 5673 νεομηνία
996 5607 1300 5677 σάλπιγγι.
1329 5607 1534 5676 Ὥσπερ
1558 5606 1719 5660 πάλαι

209 5778 254 5810 ⁸³
290 5776 471 5830 Rom.
520 5786 617 5828 xu.
650 5767 698 5820 Ι.

482 5864 752 5923 ΡΑτιιοι..
786 5860 900 5918 Gn.
938 5859 1192 5923 XXVII.

1827 5261 1887 5307 ut
1922 5251 2013 5305 Dei
2043 5250 2296 5303 homines
2329 5246 2553 5318 perfecti
2582 5247 2711 5312 sint,
2744 5256 2795 5301 et
2832 5245 3041 5297 animas
3071 5241 3179 5296 Deo
3205 5242 3391 5297 dican-

1830 5352 1910 5396 tes
1941 5352 1991 5397 et
2019 5356 2240 5411 corpus,
2299 5355 2404 5395 non
2436 5338 2661 5401 mundo,
2695 5337 2786 5392 sed
2808 5335 3061 5391 Domino.

1907 5603 1960 5667 4,
1996 5603 2045 5657 5.
2081 5599 2369 5655 Bnrrinnte
2389 5601 2443 5653 in
2481 5602 2748 5654 neomenia
2784 5598 2931 5653 tuba.
2970 5598 3120 5651 Sicut
3152 5596 3283 5650 olim
3316 5590 3392 5649 li-

3084 5855 3153 5913 12
