4094 6312
712 344 818 402 365

1509 347 1565 400 S.
1609 347 1972 404 ATHANASII
2011 347 2160 402 OPP.
2195 343 2378 400 PARS
2418 343 2506 399 Ill.
2549 371 2618 381 —
2655 340 3064 396 EXEGETICA.

3842 340 3946 397 364

713 458 825 513 rael
877 457 1164 513 sensibites
1204 473 1426 512 sumens
1452 459 1610 514 tubas
1655 462 1710 514 in
1761 461 2048 516 neomenia
2095 459 2280 514 bucci-

2385 458 2510 509 ποτέ
2531 457 2560 508 6
2597 455 2809 528 Ἰσραὴλ
2834 454 3097 525 αἰσθητὰς
3125 453 3416 524 λαμϐάνων
3460 454 3772 522 σάλπιγγας
3806 456 3862 508 ἐν
3886 460 3946 526 τῇ

712 549 897 614 nabat,
925 549 1055 618 quia
1087 549 1190 602 hoc
1219 557 1545 618 praeceptum
1581 550 1806 605 dederat
1856 550 2003 606 Deus
2035 551 2086 605 in
2125 552 2278 605 testi-

709 640 954 694 monium
981 640 1126 711 quod
1161 640 1370 694 liberali
1403 640 1634 696 fuissent
1656 657 1721 696 ex
1758 641 2076 712 Egyptiaca
2105 643 2278 698 servi-

711 740 866 798 tute;
905 733 977 786 ita
1007 741 1062 786 et
1093 747 1266 787 novus
1313 733 1545 802 populus
1593 735 1905 805 evangelica
1949 750 2080 792 usus
2128 735 2277 799 tuba,

711 823 870 893 cujus
921 839 1091 879 sonus
1145 826 1196 879 in
1241 839 1459 878 omnem
1511 833 1709 879 terram
1770 827 1985 890 exivit,
2023 826 2175 896 jubet
2222 826 2276 880 in

711 915 1014 970 neomeniis
1049 916 1175 969 tuba
1204 929 1421 978 canere,
1459 915 1511 968 id
1545 925 1629 970 est
1660 916 1714 969 in
1750 917 2103 970 renovatione
2127 931 2278 968 men-

713 1005 784 1060 tis
810 1006 950 1076 ejus,
981 1007 1246 1061 conﬁtens
1277 1007 1392 1075 ipse
1424 1016 1588 1075 atque
1617 1007 1916 1063 testiﬁcans
1946 1009 2091 1078 quod
2125 1008 2276 1062 illum

711 1111 778 1152 ex
812 1098 1079 1168 spirituali
1108 1097 1344 1170 Egypto
1372 1099 1638 1166 liberarit,
1684 1099 1736 1154 id
1787 1109 1872 1156 est
1916 1116 1981 1154 ex
2014 1109 2279 1171 potestate

710 1189 1080 1242 tenebrarum.

779 1365 831 1417 6.
862 1363 1120 1435 Linguam
1149 1380 1302 1432 quam
1336 1380 1438 1417 non
1489 1373 1698 1418 noverat
1744 1363 1966 1417 audivit.
2012 1360 2274 1431 Populus,

710 1453 907 1524 inquit,
939 1469 1191 1523 egressus
1218 1469 1282 1507 ex
1319 1454 1577 1522 Egypto,
1609 1451 1814 1506 audivit
1847 1451 2085 1519 linguam
2112 1464 2276 1518 quam

709 1547 840 1602 olim
893 1561 1002 1600 non
1049 1554 1227 1599 norat.
1265 1544 1448 1614 Ecqua
1477 1544 1566 1597 illa
1616 1541 1720 1598 fuit
1759 1543 1864 1596 nisi
1916 1557 2019 1595 vox
2076 1539 2170 1594 Dei
2224 1541 2277 1593 in

709 1648 893 1694 monte
923 1639 988 1693 ad
1018 1639 1279 1708 populum
1322 1637 1524 1692 emissa
1551 1636 1574 1688 ?

781 1731 832 1784 7.
865 1729 1092 1784 Divertit
1114 1729 1177 1782 ab
1211 1728 1451 1782 oneribus
1485 1727 1702 1780 dorsum
1729 1726 1862 1796 ejus.
1908 1723 2074 1791 Quasi
2111 1723 2274 1788 dicat,

2385 547 2642 618 νεομηνία
2669 547 2946 609 ἐσάλπιζε,
2971 545 3129 600 τοῦτο
3155 545 3476 617 πρόσταγμα
3521 545 3819 609 δεδωκότος
3862 548 3948 602 τοῦ

2383 637 2541 703 Θεοῦ,
2573 639 2666 690 καὶ
2699 636 2996 707 μαρτύριον
3019 634 3112 688 τοῦ
3155 635 3582 708 ἐλευθεῳθῆναι
3621 636 3821 700 αὐτοὺς
3859 637 3948 706 τῆς

2386 727 2445 792 ἐξ
2470 727 2745 796 Αἰγύπτου
2765 727 3007 788 δουλείας
3023 742 3037 756 ο
3063 724 3204 779 οὕτω
3221 725 3314 778 καὶ
3339 726 3500 789 ὁνὲος
3516 725 3665 790 λαὸς,
3697 729 3764 796 τῇ
3798 726 3950 794 εὐαγ-

2383 821 2570 891 γελικῇ
2606 819 2887 891 χρώμενος
2929 819 3210 886 σάλπιγγι,
3250 813 3318 890 ἦς
3347 821 3375 872 6
3411 818 3642 888 φθόγγος
3668 822 3748 881 εἰς
3783 821 3949 872 πᾶσαν

2385 913 2483 982 τὴν
2518 914 2620 980 γῆν
2649 909 2892 980 ἐξῆλθεν,
2917 910 3194 963 κελεύεται
3218 912 3274 964 ἐν
3298 913 3416 973 ταῖς
3446 911 3759 981 νεομηνίαις
3778 909 3950 963 σαλπί-

2385 1001 2528 1068 ζειν,
2577 1003 2853 1056 τουτέστιν
2907 1003 2964 1054 ἐν
2998 1005 3065 1072 τῇ
3096 1002 3432 1056 άνακαινίσει
3463 1000 3557 1054 τοῦ
3605 1002 3725 1064 νοὸς
3759 999 3948 1053 αύτοῦο

2382 1094 2659 1166 ὁμολογῶν
2688 1095 2782 1147 καὶ
2811 1094 2972 1157 αὐτὸς
3005 1095 3100 1147 καὶ
3127 1093 3447 1166 μαρτυρῶν,
3496 1094 3577 1146 ὅτι
3610 1092 3676 1163 δὴ
3704 1093 3866 1146 αὐτὸν
3893 1093 3950 1143 ἐκ

2383 1188 2480 1256 τῆς
2503 1187 2698 1258 νοητῆς
2727 1185 3097 1258 ἠλευθέρωσεν
3129 1186 3425 1254 Αἰγύπτου,
3456 1185 3734 1238 τουτέστιν
3763 1186 3830 1237 ἐκ
3858 1185 3951 1254 τῆς

2385 1277 2638 1344 ἐξουσίας
2674 1277 2767 1330 τοῦ
2796 1277 3040 1341 σκότους.

2452 1371 2756 1424 Γλῶσσαν
2783 1369 2862 1438 ἣν
2887 1371 2996 1423 οὐκ
3025 1370 3178 1440 ἔγνω
3210 1367 3499 1436 ἤκουσεν.
3527 1369 3584 1422 '0
3599 1368 3750 1432 λαὸς,
3772 1365 3952 1436 φησὶν.

2385 1461 2618 1528 ἐξελθὼν
2651 1464 2714 1514 ἐκ
2740 1461 2837 1526 τῆς
2866 1460 3163 1529 Αἰγύπτου,
3193 1461 3391 1529 ἢκουσε
3415 1459 3664 1527 γλῶσσαν
3692 1460 3763 1528 ἢν
3787 1456 3950 1512 πάλαι

2381 1551 2481 1604 οὐκ
2515 1551 2676 1621 ἔγνω.
2714 1552 2824 1606 Καὶ
2885 1551 3013 1604 ποία
3042 1549 3180 1622 αὕτη
3227 1550 3260 1620 ἢ
3313 1553 3346 1621 ἡ
3381 1549 3474 1604 τοῦ
3507 1548 3640 1604 Θεοῦ
3680 1548 3822 1621 πρὸς
3867 1548 3955 1603 τὸν

2384 1640 2510 1696 λαὸν
2538 1641 2792 1712 γινομένη
2817 1643 2874 1694 ἐν
2905 1642 2981 1714 τῷ
3006 1643 3119 1714 ὄρει
3151 1644 3331 1713 φωνῆς
3867 1653 3871 1662 ’

2472 1732 2835 1802 Ἀπέστησεν
2855 1735 2974 1789 ἀπὸ
3000 1733 3233 1804 ἇρσεων
3251 1733 3359 1787 τόν
3375 1734 3565 1787 νῶτον
3585 1733 3798 1788 αὐτοῦ.
3816 1733 3957 1786 ’Δντὶ

709 1837 771 1875 ex
804 1821 1084 1875 oneribus.
1110 1819 1249 1872 Dicit
1273 1832 1436 1888 porro
1462 1816 1606 1886 quod
1627 1815 1747 1870 illos
1777 1830 1806 1869 a
1829 1814 2062 1870 sarcinis
2085 1812 2280 1866 libera-

2385 1825 2502 1889 τοῦ,
2538 1826 2599 1890 ἐξ
2624 1826 2856 1898 ἄρσεων.
2889 1825 3049 1894 Λέγει
3076 1826 3154 1890 δὲ,
3185 1825 3398 1879 ὅτιτῶν
3433 1825 3835 1896 βασταγμάτων
3860 1825 3955 1880 αὐο

708 1912 868 1976 verit,
905 1926 1042 1979 quas
1065 1909 1380 1965 deferebant
1410 1923 1533 1964 cum
1561 1912 1909 1961 exstrucrent
1937 1904 2099 1958 urbes
2128 1901 2272 1956 Pha-

710 2001 919 2058 raonis.
955 1999 1146 2054 Manus
1177 1999 1289 2067 eius
1317 2001 1371 2052 in
1416 1997 1636 2067 cophino
1685 1996 1991 2050 servierunt.
2043 1991 2156 2048 Hoc
2200 1995 2277 2046 ait

711 2096 841 2164 quia
874 2095 1048 2148 lutum
1077 2101 1131 2146 et
1168 2093 1352 2162 paleas
1401 2091 1455 2144 in
1489 2089 1740 2160 copliiuis
1779 2089 1844 2144 ad
1893 2102 2029 2158 opus
2062 2084 2275 2140 delere-

712 2190 862 2244 bant.

785 2281 841 2334 8.
874 2278 941 2332 In
976 2278 1315 2332 tribulatione
1347 2275 1603 2330 invocasti
1633 2290 1734 2337 me,
1768 2283 1817 2328 et
1852 2271 2066 2325 liberavi
2093 2278 2158 2323 te.
2193 2266 2280 2321 Si-

717 2374 841 2427 mile
863 2381 946 2426 est
977 2371 1051 2423 illi
1091 2387 1105 2424 :
1143 2370 1282 2434 Quia
1315 2369 1491 2422 audivi
1539 2368 1758 2439 gemitus
1793 2379 1972 2417 eorum
2015 2371 2064 2416 et
2105 2374 2277 2414 vocem

713 2480 893 2518 eorum
915 2463 1114 2527 audivi,
1142 2469 1190 2514 et
1220 2460 1463 2514 descendi
1493 2459 1561 2511 ad
1591 2455 1922 2510 liberandum
1947 2468 2032 2507 eos
2059 2452 2098 2506 ¹.

779 2551 1040 2605 Exaudivi
1065 2559 1111 2603 te
1136 2551 1190 2603 in
1211 2547 1520 2602 abscondito
1545 2544 1891 2614 tempestatis.
1919 2541 2088 2607 Quasi
2110 2539 2276 2602 dicat,

713 2661 776 2699 ex
811 2658 1006 2714 magna
1037 2651 1092 2696 et
1123 2639 1602 2695 vehementissima
1639 2647 1688 2692 te
1733 2635 1982 2706 angustia
2027 2630 2274 2688 liberavi.

717 2731 944 2786 Probavi
973 2740 1028 2788 te,
1048 2727 1186 2797 apud
1215 2744 1407 2799 aquam
1453 2725 1909 2782 contradictiouis.
1950 2721 2180 2789 Quando
2207 2721 2280 2777 si-

718 2822 974 2878 tibundus
1004 2823 1236 2892 populus
1267 2822 1333 2876 ad
1363 2819 1586 2891 Moysen
1611 2820 1819 2874 diceret
1851 2836 1863 2869 :
1899 2815 1981 2868 Da
2025 2814 2171 2866 nobis
2223 2829 2281 2864 a-

714 2933 871 2989 quam
889 2928 945 2972 ut
971 2917 1230 2980 bibamus,
1283 2913 1597 2983 respondit:
1619 2911 1760 2977 Quid
1791 2926 1870 2964 me
1894 2907 2135 2963 conviciis
2157 2922 2277 2960 one-

715 3009 850 3062 ratis
881 3016 930 3060 et
967 3006 1176 3058 tentatis
1210 3004 1489 3056 Dominum
1515 3003 1580 3056 '1’

786 3099 936 3154 9-H.
968 3098 1126 3161 Audi,
1185 3096 1407 3166 populus
1444 3112 1607 3152 meus.
1642 3094 1906 3164 Populum
1941 3091 2279 3155 cohortatur,

2379 1917 2505 1981 τοὺς
2529 1917 2926 1990 ἠλευθέρωσεν,
2956 1911 3032 1971 ὧν
3073 1919 3400 1989 ἐπεφέροντο
3425 1917 3836 1988 οἰκοδομοῦντες
3861 1917 3956 1980 τὰς

2382 2008 2563 2071 πόλεις
2587 2008 2663 2078 τῷ
2691 2009 2907 2079 Φαραώ.
2939 2012 3008 2063 Δί
3041 2008 3238 2078 χεῖρες
3282 2007 3466 2063 αὐτοῦ
3512 2009 3582 2061 ὲν
3611 2006 3692 2072 τῷ
3729 2008 3954 2076 κοφίνφ

2381 2099 2777 2153 ἐϐούλευσαν.
2823 2099 2992 2152 Τοῦτό
3040 2118 3172 2172 φησι
3199 2101 3332 2155 διότι
3384 2099 3474 2153 τὸν
3533 2099 3703 2171 πηλὸν
3751 2099 3852 2152 καὶ
3894 2099 3958 2151 τά

2382 2191 2560 2262 ἄχυρα
2581 2193 2638 2244 ἐν
2662 2193 2902 2262 κοῳίνοις
2928 2193 3018 2245 ἐπὶ
3049 2193 3109 2245 τὸ
3143 2193 3302 2264 ἔργον
3325 2191 3672 2264 ἐπεφέροντο.

2464 2285 2565 2338 Ἑν
2592 2284 2792 2351 θλίψει
2814 2285 3163 2337 ὲπεκαλέσω
3199 2301 3297 2352 με,
3331 2284 3430 2337 καὶ
3467 2281 3824 2352 ἐρρυσάμην
3865 2296 3958 2338 σε.

2387 2373 2607 2443 Ὅμοιον
2630 2372 2728 2443 τῷ,
2763 2373 2892 2426 Ὅτι
2924 2372 3163 2441 ἤκουσα
3199 2369 3316 2425 τῶν
3350 2370 3702 2441 στεναγμῶν
3736 2369 3956 2431 αὐτῶν.

2385 2464 2482 2516 καὶ
2514 2462 2622 2529 τῆς
2660 2463 2863 2532 φωνῆς
2907 2463 3105 2518 αὐτῶν
3147 2463 3408 2533 ἤκουσα,
3439 2463 3537 2517 καί
3563 2463 3826 2530 κατέϐην
3857 2462 3960 2516 τοῦ

2383 2552 2698 2618 ἐξελέσθαι
2729 2555 2969 2620 αὐτούς.
3004 2553 3342 2619 Ἐπήκουσὰ
3377 2568 3491 2608 σου
3517 2553 3586 2606 ἐν
3633 2552 3962 2620 ἀποκρύφῳ

2383 2645 2492 2713 τῆς
2523 2645 2880 2714 καταιγίὸος.
2922 2645 3066 2698 Ἀντὶ
3095 2643 3210 2707 τοῦ,
3252 2645 3344 2697 Ἐκ
3375 2643 3617 2714 μεγάλης
3669 2645 3767 2696 καὶ
3796 2644 3962 2714 ὑπερ-

2386 2735 2686 2806 ϐαλλούσης
2715 2737 3032 2806 ἐρρυσάμην
3074 2751 3132 2786 σε
3174 2732 3426 2802 Θλίψεως.
3474 2732 3846 2801 Ἑδοκίμασὰ
3890 2749 3960 2786 σε

2385 2827 2484 2879 ἐπὶ
2516 2825 2732 2892 ὕδατος
2754 2825 3118 2894 ἀντιλογίας.
3158 2825 3289 2877 Ὅτε
3325 2823 3552 2894 διψήσας
3595 2824 3622 2876 6
3652 2821 3786 2886 λαὸς
3812 2821 3962 2889 ἐλεγι

2386 2918 2521 2988 πρὸς
2573 2917 2809 2988 Μωσῆν·
2836 2917 2946 2984 Δὸς
2970 2917 3115 3002 ἠμσῖν
3144 2915 3302 3002 ὕδωρ
3348 2915 3448 2968 ἵνα
3475 2915 3703 2983 πίωμεν
3721 2954 3736 2980 ,
3772 2915 3927 2983 ἔλεγε
3945 2929 3959 2944 ·

2391 3011 2434 3061 Τ
2432 3009 2452 3060 ι
2482 3005 2852 3074 λοιδορεῖσθέ
2870 3023 2947 3074 με
2974 3001 3075 3058 καὶ
3107 3001 3402 3071 πειράζετε
3430 3004 3534 3057 τὸν
3567 3005 3827 3072 Κύριον;

2461 3099 2775 3164 Ἄκουσον,
2814 3097 2964 3164 λαός
2988 3114 3127 3166 μου.
3159 3095 3249 3166 Τῷ
3283 3094 3398 3164 λαῷ
3423 3093 3743 3164 παραίνεσιν
3786 3093 3964 3162 alapi-

734 3200 779 3245 ιι
805 3200 957 3246 curet
982 3205 1105 3245 esse
1133 3190 1443 3259 obsequens
1497 3189 1596 3242 illi.
1649 3185 1784 3240 Nam
1837 3185 1884 3240 si
1932 3185 2036 3237 hoc
2096 3180 2280 3241 faciat.

2390 3207 2469 3262 ρει
2519 3189 2687 3258 λέγων
2717 3189 3157 3262 παρεσκευάσθαι
3195 3188 3431 3257 ἐπήκοον
3483 3186 3738 3255 γενέσθαι
3791 3185 3961 3257 αὐτῷ.

717 3297 1060 3352 nequaquam
1093 3281 1292 3335 serviet
1319 3279 1412 3332 alii
1449 3276 1555 3330 Deo
1583 3296 1595 3329 :
1633 3291 1810 3344 neque
1839 3273 1941 3328 crit
1965 3272 2067 3343 ipsi
2101 3271 2284 3325 Domi-

717 3390 821 3428 nus
849 3375 902 3425 in
931 3371 1099 3426 Deum
1128 3379 1423 3424 recentem.
1467 3368 1586 3438 Ipse
1620 3382 1856 3437 namque
1901 3375 1986 3420 est
2008 3365 2102 3435 qui
2154 3364 2282 3419 olim

717 3478 812 3516 cos
839 3476 904 3514 ex
941 3459 1174 3531 Egypto
1205 3459 1452 3514 redemit.
1489 3457 1668 3512 Dilata
1694 3474 1750 3511 os
1785 3468 1954 3522 tuum,
1983 3467 2029 3509 et
2063 3455 2283 3524 implebo

717 3550 875 3606 illud.
907 3550 1183 3604 Promittit
1210 3548 1639 3620 obsequentibus
1665 3547 1913 3601 carnales
1946 3553 2000 3598 et
2033 3544 2285 3613 spiritua-

717 3645 795 3699 les
836 3643 1006 3698 cibos.

794 3823 986 3878 12-15.
1020 3821 1089 3874 Et
1119 3835 1222 3874 non
1245 3818 1446 3873 audivit
1475 3817 1697 3887 populus
1721 3833 1862 3870 meus
1897 3833 2066 3870 vocem
2090 3830 2278 3876 meam,

721 3927 829 3970 etc.
863 3914 1001 3980 Quia
1037 3929 1120 3968 me
1151 3913 1256 3968 hoc
1298 3911 1602 3982 pollicente,
1666 3909 1770 3980 ipsi
1815 3908 1967 3964 surdi
2025 3906 2280 3972 luerunt;

722 4007 842 4061 ideo
872 4005 1150 4075 repudiavi
1178 4019 1294 4067 eos,
1318 4003 1619 4071 dignasque
1643 4001 1710 4054 de
1737 3997 2070 4053 facinoribus
2093 4012 2282 4052 eorum

719 4112 911 4166 poenas
941 4095 1171 4164 sumpsi.

795 4186 880 4241 l6.
912 4185 1126 4239 Inimici
1163 4183 1374 4236 Domini
1406 4180 1612 4237 mentiti
1639 4190 1761 4234 sunt
1797 4181 1866 4246 ei,
1889 4188 1936 4233 et
1959 4180 2056 4233 erit
2085 4187 2282 4246 tempus

719 4293 899 4331 eorum
921 4277 973 4329 in
997 4274 1212 4329 sarcula.
1245 4272 1410 4339 Quasi
1444 4273 1684 4342 apertius
1719 4271 1926 4325 diceret
1956 4288 1970 4324 :
2019 4267 2154 4335 Quia
2184 4281 2284 4335 po-

721 4371 882 4440 pulus
921 4369 1177 4422 mentitus
1208 4375 1289 4421 est
1325 4364 1579 4430 Domino,
1607 4366 1711 4418 erit
1740 4363 1786 4417 ei
1813 4370 2027 4430 tempus
2074 4357 2274 4428 suppli-

722 4459 814 4524 cii,
845 4459 896 4510 id
932 4467 1013 4511 est
1040 4465 1252 4525 tempus
1280 4455 1448 4508 futuri
1480 4453 1686 4508 saeculi.

795 4637 884 4691 17.
917 4635 984 4688 Et
1017 4635 1207 4688 cibavit
1244 4650 1328 4687 eos
1369 4649 1430 4686 ea:
1452 4633 1604 4701 adipe
1632 4631 1904 4701 frumenti.
1953 4629 2052 4691 Illi,
2087 4629 2281 4698 inquit,

723 4726 932 4782 mentiti
964 4732 1094 4780 sunt
1124 4726 1172 4780 ei
1202 4741 1216 4792 ;
1258 4724 1370 4794 ipse
1406 4737 1556 4785 vero,
1600 4729 1787 4792 utpote
1830 4721 2026 4783 bonus,
2059 4718 2285 4789 replevit

725 4833 819 4872 eos
845 4815 1113 4886 spirituali
1144 4816 1302 4869 cibo:
1351 4815 1442 4883 qui
1493 4822 1576 4867 est
1628 4813 1742 4882 ipse
1787 4809 2073 4875 Dominus,
2130 4809 2282 4878 panis

727 4913 868 4964 vivus
893 4909 982 4977 qui
1006 4908 1068 4960 de
1095 4908 1221 4960 caelo
1265 4905 1550 4968 descendit,
1601 4914 1652 4958 et
1681 4906 1774 4958 dat
1819 4904 1981 4957 vitam
2021 4902 2216 4954 mundo
2240 4901 2280 4953 ³.

728 4998 796 5052 Et
823 4999 883 5053 de
914 5007 1063 5067 petra
1092 4996 1241 5049 melle
1287 4997 1542 5050 saturavit
1569 5011 1677 5048 eos.
1709 4993 1868 5048 Petra
1896 5001 1980 5048 est
2010 4992 2125 5062 ipse
2176 4989 2282 5044 Do-

728 5087 908 5140 minus
977 5103 992 5150 ;
1025 5085 1288 5153 me|,ejus
1319 5084 1499 5137 o’ivina
1525 5084 1763 5153 eloquia.
1796 5083 1882 5137 Ait
1912 5083 2096 5154 igitur,
2134 5081 2282 5152 quod

722 5193 819 5230 eos
854 5177 1058 5230 sanctis
1087 5175 1317 5244 eloquiis
1345 5175 1460 5229 suis
1495 5174 1796 5244 repleverit.

1079 5361 1411 5418 PSALMUS
1441 5363 1638 5431 Asaplt.
1673 5362 1871 5418 LXXX

1323 5456 1719 5526 Argumentum.

725 5542 1022 5617 Postquam
1045 5563 1098 5601 tn
1116 5549 1436 5606 oI-zeccdeuti
1461 5549 1670 5619 psalmo
1691 5549 1757 5603 de
1780 5550 1961 5618 populi
1984 5550 2284 5619 abjcctione

796 5745 817 5780 ¹
845 5745 1017 5802 Exod.
1046 5764 1104 5812 η,
1135 5748 1224 5802 24.
1302 5751 1320 5780 ⁸
1347 5747 1516 5804 Exod.
1547 5766 1678 5814 xvu,
1711 5752 1762 5802 2.
1845 5751 2032 5805 'Joan.
2078 5768 2150 5818 νι,
2193 5753 2279 5806 35.

2385 3280 2494 3333 Καὶ
2526 3278 2654 3349 γὰρ,
2682 3281 2730 3332 εἰ
2777 3279 2934 3332 τοῦτο
2980 3279 3216 3350 ποιήσει,
3262 3278 3366 3330 οὐκ
3401 3277 3467 3332 ἂν
3514 3277 3686 3339 ἑτέρω
3735 3276 3964 3348 δουλεύει

2384 3370 2522 3441 Θεῷ,
2559 3371 2679 3424 ούδέ
2709 3371 2995 3441 γενήσεται
3021 3370 3167 3439 αὐτῷ
3193 3369 3354 3433 αὐτὸς
3396 3371 3425 3421 6
3459 3368 3660 3441 Κύριος
3698 3370 3783 3434 εἰς
3835 3370 3964 3422 Θεὸν

2385 3461 2714 3532 πρόσφατον.
2752 3461 2920 3524 Αὐτὸς
2953 3460 3060 3533 γάρ
3111 3461 3258 3513 ἐστιν
3303 3461 3332 3511 6
3363 3458 3456 3511 καὶ
3486 3459 3650 3512 πάλαι
3678 3459 3884 3522 αὐτοὺς
3910 3458 3964 3524 ἐξ

2383 3553 2657 3621 Αἰγύπτου
2678 3551 3111 3624 λυτρωσάμενος.
3143 3553 3462 3608 [Utitur-or
3483 3550 3550 3604 τὸ
3587 3552 3791 3620 στόμα
3821 3565 3962 3612 σου,

2383 3644 2481 3698 καί
2509 3643 2803 3712 πληρὼσω
2829 3647 2996 3700 αὐτό.
3035 3646 3408 3716 ’Υπισχνεῐται
3430 3646 3540 3707 τοῖς
3569 3641 3964 3714 πειθαρχοῦσιν

2383 3734 2534 3805 αὐτῷ
2561 3735 2656 3789 καὶ
2690 3735 2960 3806 σαρκικὰς
2989 3735 3195 3806 τροφὰς
3217 3737 3310 3789 καὶ
3343 3733 3744 3804 πνευματικὰς.

2451 3823 2692 3879 Καίοὐκ
2729 3825 2994 3894 ἤκουσεν
3019 3828 3052 3879 d
3084 3828 3232 3893 λαός
3265 3844 3383 3896 μου
3419 3824 3525 3894 τῆς
3567 3823 3782 3894 φωνῆς
3821 3843 3961 3895 μου.

2395 3917 2614 3988 Ἐπειδὴ
2641 3916 2814 3970 ταῦτα
2843 3919 2940 3988 μὲν
2963 3917 3278 3989 ὑπεσχόμην
3314 3917 3453 3986 ἐγὼ,
3478 3918 3630 3972 αὐτοὶ
3657 3917 3718 3970 δὲ
3749 3917 3824 3972 τά
3855 3912 3965 3971 ὦτα

2383 4009 2727 4076 ἐκὼφευσανο
2753 4007 2940 4062 τούτου
2973 4010 3132 4079 χάριν
3156 4009 3505 4080 ἀπεόαλόμην
3546 4009 3773 4076 αὐτοὺς,
3801 4009 3958 4075 ἀξίαν

2382 4097 2492 4151 τῶν
2518 4097 2967 4170 ἐπιτηδευμάτων
2999 4099 3181 4162 αὐτοῖς
3208 4098 3305 4170 τὴν
3329 4100 3598 4170 τιμωρίαν
3624 4099 3832 4164 διδούς.

2451 4191 2516 4243 Ol
2539 4189 2738 4258 ἐχθροὶ
2763 4189 2985 4256 Κυρίου
3016 4189 3358 4256 ἐψεύσαντο
3395 4187 3585 4253 αὐτῷ,
3626 4191 3731 4244 καὶ
3795 4191 3966 4245 ἔσται

2383 4282 2418 4334 ό
2465 4279 2668 4346 καιρός
2688 4277 2886 4332 αὐτῶν
2915 4280 3003 4344 εις
3029 4277 3136 4331 τὸν
3181 4277 3383 4332 αἰῶνα.
3423 4277 3564 4330 ’0σεί
3624 4279 3966 4350 σαφέστερον

2383 4370 2598 4438 ἐλεγενο
2644 4370 2790 4422 ’Λντὶ
2838 4370 2928 4423 τοῦ
2957 4369 3258 4440 ψεύσασθαι
3313 4369 3390 4440 τῷ
3438 4369 3628 4440 Κυρίῳ
3679 4371 3781 4424 τὸν
3816 4371 3963 4432 λαὸν,

2385 4462 2538 4515 ἐσται
2595 4463 2778 4534 καιρὸς
2831 4462 2980 4533 αὐτῷ
3021 4464 3318 4536 τιμωρίας·
3358 4457 3510 4527 οὗτος
3546 4463 3603 4516 δέ
3633 4463 3793 4518 ἐστιν
3821 4466 3851 4517 6
3876 4463 3966 4518 τοῦ

2391 4553 2672 4624 μέλλοντος
2707 4552 2922 4616 αἰῶνος.

2457 4645 2567 4698 Καὶ
2594 4644 2897 4714 ἐψώμισεν
2920 4645 3142 4712 αὐτοὺς
3163 4645 3230 4698 ἐκ
3257 4646 3507 4712 στέατος
3549 4645 3774 4714 πυροῦ.
3805 4644 3969 4698 Αὐτοί

2393 4736 2510 4806 μὲν,
2542 4736 2724 4806 φησὶν,
2765 4736 3058 4805 ἐψεύσαντο
3109 4735 3286 4806 αύτῷ·
3317 4737 3477 4800 αὐτὸς
3506 4737 3560 4789 δέ
3581 4776 3595 4800 ,
3623 4735 3723 4789 ἅτε
3767 4734 3969 4805 ἀγαθὸς

2393 4829 2672 4898 ὑπάρχων,
2707 4827 3000 4898 ἐνέπλησεν
3022 4831 3218 4893 αὐτοὺς
3248 4829 3442 4900 νοητῆς
3463 4827 3665 4898 τροφῆς
3689 4843 3706 4858 ·
3741 4827 3887 4897 αὕτη
3912 4826 3968 4880 δέ

2393 4918 2540 4971 ἐστιν
2568 4917 2727 4980 αὐτὸς
2752 4919 2780 4970 6
2807 4918 3030 4988 Κύριος,
3053 4924 3085 4974 ό
3111 4921 3288 4988 ἄρτος
3325 4922 3357 4973 ὀ
3390 4919 3518 4983 ζῶν,
3546 4921 3577 4973 6
3605 4919 3673 4983 ἐξ
3698 4917 3968 4989 adparet-1

2392 5008 2669 5074 καταϐὰς,
2703 5007 2800 5060 καὶ
2834 5008 2984 5077 ζωὴν
3013 5010 3215 5078 διδοὺς
3241 5010 3320 5078 τῷ
3345 5013 3567 5082 κόσμῳ.
3623 5014 3738 5067 Καὶ
3769 5016 3842 5068 ἐκ
3869 5013 3971 5068 πέ-

2391 5116 2531 5168 τρας
2557 5097 2697 5167 μέλι
2734 5100 3060 5169 ἐχόρτασεν
3096 5105 3334 5169 αὐτούς.
3372 5104 3555 5177 Πέτρα
3593 5105 3764 5169 αὐτὸς
3788 5109 3819 5160 6
3855 5106 3968 5159 Κύ-

2394 5207 2528 5262 ριος,
2569 5190 2691 5260 μέλι
2736 5190 2791 5243 δέ
2831 5191 2901 5244 τὰ
2940 5191 3057 5246 θεῖα
3091 5193 3255 5248 αὑτοῦ
3279 5194 3452 5262 λόγια.
3487 5194 3648 5262 Λέγει
3693 5195 3858 5264 γοῦν,
3890 5198 3970 5250 ὅτι

2392 5281 2499 5334 τῶν
2527 5281 2685 5335 ὁσίων
2712 5281 2871 5335 αὐτοῦ
2895 5283 3090 5352 λογίων
3118 5286 3410 5356 ἐνέπλησεν
3440 5285 3656 5349 αὐτούς.

2768 5374 3070 5428 ΨΑΑΜοΣ
3101 5374 3178 5440 τῷ
3217 5376 3418 5445 Ἀσάφ.
3445 5379 3568 5432 ω’.

3013 5464 3334 5536 ’Υπόθεσις.

2393 5554 2503 5624 Τὴν
2529 5553 2796 5625 ἀποϐολὴν
2829 5555 2922 5608 τοῦ
2947 5555 3075 5609 λαοῦ
3099 5558 3154 5609 ἐν
3179 5557 3254 5626 τῷ
3289 5559 3392 5629 πρὸ
3415 5557 3580 5612 αύτοῦ
3621 5557 3853 5628 ψαλμῶ.
3882 5556 3968 5616 ὲν-

2364 5755 2424 5809 ιι
2458 5753 2583 5808 Cor.
2616 5771 2670 5821 ι,
2704 5756 2749 5810 4.
