4076 6308
141 338 254 397 365

1212 345 1575 404 EXPOSITIO
1605 345 1669 402 IN
1705 347 2033 409 PSALMUM
2075 355 2329 413 LXXXII.

3271 364 3376 421 366

215 457 391 512 ταῦθα
426 458 523 512 καὶ
563 458 660 523 τὰς
689 458 865 523 αἰτίας
901 460 1230 532 σαφέστερον
1269 462 1534 528 ἐκδίδωσι,
1559 463 1624 516 δι’
1655 463 1688 517 ἃ

1793 517 1794 521 η
1895 467 2107 525 locutus
2133 483 2236 536 est,
2276 470 2363 526 hic
2391 486 2507 540 qua!
2539 486 2718 527 causae
2749 474 2855 528 sint
2881 474 3023 544 quod
3052 489 3080 529 a
3134 474 3244 534 Deo
3285 481 3378 533 ab-

215 546 414 610 αὑτοὺς
446 547 474 599 ὁ
496 545 626 609 Θεὸς
650 547 970 604 ἀπεϐάλετο.

224 635 293 690 '0
335 636 479 702 Θεὸς
507 636 655 704 ἔστη
703 638 772 691 ἐν
812 640 1134 711 συναγωγῇ
1178 642 1348 698 θεῶν.
1401 643 1564 708 Θεοὺς
1594 645 1718 708 τοὺς

135 728 413 799 ἄρχοντας
437 728 544 782 τῶν
581 729 848 784 Ἰουδαίων
878 731 1125 798 ἐκάλεσε,
1159 737 1285 799 τοὺς
1310 737 1458 800 υίοῦς
1487 736 1715 808 κληθέν-

133 833 240 879 τας
259 816 417 869 Θεοῦ.
460 819 625 888 Ἔστη
650 815 741 872 οὖν
774 821 828 872 ὲν
854 820 1003 893 μέσῳ
1033 823 1209 876 αὐτῶν
1245 828 1273 879 ὀ
1320 826 1470 890 Θεὸς,
1501 828 1588 880 ὅτε
1617 827 1715 899 τὴν

136 909 414 979 σωτήριον
443 912 744 981 παρουσίαν
777 912 1089 983 πεποίηται,
1137 917 1285 980 ὅπως
1331 917 1578 990 διακρίνῃ
1627 921 1717 973 αὑ-

131 999 290 1062 τοὺς,
319 999 536 1070 ἔλεγχον
561 1001 670 1055 τῶν
693 1003 872 1067 αὐτοῖς
891 1007 1298 1077 πεπραγμένων
1331 1009 1522 1062 ποιῶν.

211 1091 372 1158 Ἕως
403 1093 546 1146 πότε
574 1095 805 1162 κρίνετε
832 1095 1072 1150 ἀδικίαν
1087 1113 1106 1161 ;
1132 1099 1243 1167 Τὴν
1269 1099 1481 1152 ἀδικίαν
1507 1101 1606 1172 τὴν
1629 1119 1713 1170 γι-

132 1182 376 1252 νομένην
408 1187 488 1246 εἰς
508 1183 595 1236 τὸν
623 1184 746 1237 λαὸν
779 1187 906 1256 παρ’
931 1187 1109 1242 αὐτῶν
1137 1190 1216 1252 είς
1248 1189 1411 1258 μέσον
1435 1193 1577 1260 ἄγει.

203 1350 689 1415 Σαλευθήτωσαν
722 1353 916 1407 πάντα
948 1355 1020 1409 τὰ
1053 1354 1292 1426 θεμέλια
1316 1357 1424 1429 τῆς
1456 1359 1586 1430 γῆς.
1612 1361 1710 1414 Θε-

132 1437 301 1505 μέλια
339 1439 441 1507 τῆς
464 1441 563 1511 γῆς
588 1443 712 1506 τοὺς
734 1443 998 1514 ἄρχοντας
1030 1446 1123 1500 τοῦ
1161 1447 1355 1511 αἰῶνος
1385 1449 1572 1503 τούτου
1607 1468 1710 1522 φη-

129 1528 217 1580 σίν
242 1546 257 1560 ο
293 1531 490 1595 οἵτινες
518 1533 610 1585 καὶ
642 1534 748 1604 πρό
771 1551 832 1603 γε
864 1537 957 1588 τοῦ
981 1536 1106 1590 λαοῦ
1141 1538 1248 1591 τῶν
1285 1540 1549 1595 Ἰουδαίων
1578 1542 1706 1596 ἔδω-

127 1637 232 1672 καν
256 1621 437 1694 δίκην,
465 1623 816 1694 ὲκὸληθέντες
835 1627 933 1698 τῆς
955 1629 1073 1682 καθ’
1103 1630 1257 1702 ἡμῶν
1286 1633 1596 1703 τυραννίδος
1618 1634 1707 1688 διά

124 1711 223 1764 τοῦ
245 1714 532 1785 λεχθέντος
555 1718 690 1789 πρὸς
717 1721 863 1791 ἡμᾶς
888 1721 1066 1789 λογίου
1094 1739 1107 1752 ο
1143 1723 1275 1778 Νῦν
1301 1727 1334 1778 ό
1363 1724 1561 1794 ἅρχων
1594 1726 1698 1780 τοῦ

123 1807 366 1874 κόσμου
395 1810 606 1863 τούτου
630 1812 1069 1880 ἐκϐληθήσεται
1109 1815 1244 1880 ἐξω.
1310 1817 1704 1890 Ἐσαλεύθησαν
1737 1807 1777 1858 Β

123 1897 238 1966 γὰρ
269 1892 338 1968 ἧς
371 1899 537 1954 πάλαι
575 1903 706 1956 ποτὲ
731 1899 875 1974 εἶχον
902 1907 1162 1970 στάσεως.
1197 1909 1325 1961 "Are
1364 1909 1426 1979 δὴ
1456 1910 1531 1974 ὡς
1557 1911 1705 1982 πρώ-

122 2005 235 2041 των
262 1990 449 2043 αὐτῶν
477 1995 930 2066 καταργηθέντων
971 1998 1057 2051 διὰ
1094 1999 1187 2052 τοῦ
1241 2000 1473 2072 σταυροῦ
1501 2002 1665 2056 αὐτοῦ
1685 2045 1699 2069 ,

123 2076 245 2133 εἶτα
272 2083 377 2154 τῆς
405 2083 632 2155 ἐκδολῆς
669 2089 964 2159 γενομένης
987 2090 1080 2143 τοῦ
1119 2091 1335 2162 Ἰσραὴλ
1363 2091 1500 2163 μετὰ
1524 2093 1585 2146 τὸ
1613 2111 1706 2165 κη-

123 2174 396 2246 ρυχθῆναι
425 2178 502 2239 είς
531 2176 710 2232 πάντα
742 2180 810 2234 τά
843 2181 969 2252 ἔθνη
1008 2182 1068 2234 τὸ
1095 2183 1443 2252 Εὑαγγέλιον,
1499 2186 1704 2255 ἐπήγα-

120 2278 219 2328 γεν
246 2281 258 2293 ·
301 2265 452 2334 Ἐγὼ
481 2263 618 2322 sieta
640 2285 653 2298 ·
685 2271 817 2323 Θεοί
843 2271 1003 2326 ἐστε.
1048 2272 1234 2338 Ὑμεῖς
1268 2272 1337 2325 δὲ
1367 2274 1448 2339 ὼς
1483 2273 1702 2341 ἄνθρω-

119 2365 223 2405 ποι
248 2353 669 2426 άποθνήσκετε
686 2376 699 2389 °
728 2362 972 2414 πίπτετε
1014 2361 1082 2414 δὲ
1123 2364 1220 2417 καὶ
1242 2364 1321 2428 ὡς
1349 2361 1436 2429 εἷς
1458 2363 1576 2418 τῶν
1602 2365 1702 2433 ἀρ-

117 2447 380 2512 χόντων.
421 2452 528 2504 Καὶ
552 2453 720 2505 ποίων
745 2454 1038 2524 ἀρχόντων,
1069 2456 1101 2527 ἢ
1132 2450 1206 2510 ὧν
1266 2457 1447 2530 μικρῷ
1509 2460 1704 2530 πρότε-

119 2554 214 2606 ρον
249 2539 487 2609 ἐδήλωσε
507 2542 593 2595 διὰ
618 2544 724 2596 τῶν
744 2547 1118 2616 σαλευομένων
1146 2547 1408 2619 Θεμελίων
1431 2550 1532 2620 τῆς
1558 2550 1660 2620 γῆς
1683 2567 1699 2615 ;

429 2633 566 2702 ’ῼδὴ
614 2638 929 2692 ΨΑΛΜΟΥ
953 2638 1032 2704 τῷ
1055 2639 1256 2710 Ἀσάφ.
1281 2641 1418 2696 HB’.

758 2729 1080 2797 Ὑπόθεσις.

118 2813 296 2885 Εὑχὴν
330 2817 564 2871 ἐνταῦθα
594 2819 859 2874 ἀνατείνει
891 2822 1026 2893 πρὸς
1058 2822 1210 2887 Θεὸν,
1245 2825 1346 2896 τῆς
1377 2820 1698 2890 ἀλαζονείας

184 2907 355 2970 ἀξιῶν
391 2908 459 2961 τὰ
489 2908 615 2981 ἔθνη
650 2913 1068 2984 τιμωρήσασθαι
1121 2916 1190 2968 τά
1231 2917 1340 2970 τῶν
1401 2919 1696 2990 Ἀσσυρίων

190 2999 272 3059 εἰς
295 2997 389 3049 τὸν
418 2999 558 3052 κατὰ
588 3001 687 3070 τῆς
722 3002 1078 3076 Ἰερουσαλὴμ
1111 3008 1508 3079 συμπράξαντα
1534 3009 1694 3062 πόλε-

1890 560 2067 625 jectus
2097 563 2261 616 fuerit
2285 562 2484 618 clarius
2525 574 2781 619 recenset.

1885 651 1936 704 1.
1975 651 2114 706 Deus
2147 655 2290 706 stetit
2348 655 2400 707 in
2441 671 2704 725 synagoga
2757 655 2991 709 deorum.
3049 658 3188 714 Deos
3221 673 3377 717 vocat

1819 740 2086 811 principes
2113 741 2445 808 Iudaeorum,
2475 747 2566 814 qui
2593 746 2686 800 ﬁlii
2710 745 2804 801 Dei
2829 749 3180 804 vocabantur.
3213 751 3376 808 Stetit

1817 830 1979 902 igitur
2009 834 2060 887 in
2090 834 2265 888 medio
2296 851 2483 890 eorum
2536 837 2700 896 Deus.
2750 836 2803 891 in
2859 840 3083 894 salutari
3137 857 3239 897 suo
3274 845 3373 898 ad-

1814 931 1998 985 ventu,
2034 933 2092 977 ut
2119 924 2391 993 judicaret
2438 941 2554 992 eos,
2607 924 2912 982 facinorum
2948 944 3136 984 eorum
3186 934 3374 987 convi-

1813 1015 2046 1069 ctionem
2077 1015 2325 1072 aﬁ‘erens.

1876 1105 1932 1170 2,
1965 1106 2016 1159 3.
2071 1105 2341 1177 Usquequo
2368 1107 2636 1177 ‘judicatis
2683 1112 3013 1180 iniquitatem
3039 1115 3064 1167 ἵ
3115 1123 3220 1168 etc.
3261 1113 3368 1170 lni-

1811 1197 2093 1266 quitatem,
2129 1214 2234 1268 qua
2265 1215 2391 1272 erga
2423 1203 2681 1271 populum
2736 1205 2819 1257 usi
2866 1216 3012 1272 sunt,
3048 1211 3099 1262 in
3136 1213 3372 1266 medium

1813 1290 2050 1344 adducit.

1882 1382 2006 1448 5:7.
2042 1380 2354 1436 Moneantur
2379 1386 2557 1440 omnia
2589 1387 2930 1456 fundamenta
2959 1400 3126 1445 terrm.
3162 1392 3374 1448 Funda-

1810 1483 1990 1528 menta
2028 1483 2181 1529 terrze
2208 1474 2339 1529 dicit
2369 1477 2641 1547 principes
2675 1481 2856 1535 saeculi
2886 1481 3046 1551 hujus
3073 1521 3086 1547 ,
3118 1485 3210 1554 qui
3245 1495 3371 1540 ante

1807 1561 2118 1619 Judzeorum
2153 1568 2409 1636 populum
2443 1584 2633 1638 pcenas
2679 1572 2968 1636 dederunt,
3010 1591 3039 1627 a
3093 1578 3372 1645 tyrannide

1809 1673 1916 1725 qua
1952 1673 2052 1711 nos
2100 1661 2477 1728 opprimebant
2524 1664 2759 1731 expulsi,
2808 1680 2903 1734 per
2953 1666 3084 1720 illud
3119 1668 3366 1724 dictum:

1825 1748 1981 1802 Nunc
2000 1751 2238 1818 princeps
2265 1751 2418 1819 hujus
2459 1743 2638 1808 mundi
2670 1756 2909 1821 ejicietur
2940 1757 3085 1825 foras
3107 1759 3147 1812 ⁸.
3184 1757 3370 1816 Exacti

1807 1851 1935 1895 sunt
1969 1858 1998 1896 a
2040 1844 2162 1898 loco
2199 1860 2362 1915 quem
2389 1846 2538 1915 prius
2591 1851 2947 1919 occupabant.
3003 1855 3138 1909 Cum
3187 1857 3366 1928 itaque

1805 1935 1958 2004 prius
1987 1936 2065 1989 illi
2097 1939 2399 2007 compressi
2435 1937 2668 1994 fuissent
2707 1957 2804 2010 per
2836 1958 3049 1999 crucem
3101 1945 3220 2016 ejus
3244 1987 3260 2012 ,
3301 1965 3366 2004 ac

1804 2023 1998 2080 deinde
2049 2026 2294 2095 abjcctus
2347 2029 2417 2081 sit
2470 2027 2634 2084 Israel
2682 2041 2969 2102 postquam
3011 2036 3358 2106 Evangelium

1804 2131 1900 2184 per
1925 2125 2094 2171 totam
2121 2127 2320 2172 terram
2360 2121 2710 2188 praedicatum
2744 2122 2866 2190 fuit,
2904 2125 3221 2195 subjunxit:
3251 2128 3362 2197 Ego

1803 2205 1952 2260 dixi:
1992 2207 2080 2261 Dii
2107 2210 2250 2263 estis.
2281 2208 2379 2264 Vos
2405 2222 2579 2264 autem
2612 2215 2749 2266 sicut
2777 2213 3010 2269 homines
3043 2221 3361 2284 moriemini,

1802 2307 1850 2350 et
1885 2300 2021 2353 sicut
2053 2318 2187 2355 unus
2215 2304 2277 2356 de
2300 2305 2622 2374 principibus
2647 2307 2868 2363 cadetis.
2899 2309 2963 2364 Et
2987 2311 3185 2380 quibus
3215 2313 3363 2382 prin-

1803 2391 2032 2460 cipibus,
2079 2395 2182 2448 nisi
2234 2396 2301 2449 iis
2336 2412 2474 2464 quos
2523 2399 2684 2467 paulo
2727 2411 2854 2456 ante
2911 2401 3234 2472 signiﬁcavit
3265 2417 3362 2476 per

1801 2495 2074 2540 commota
2103 2487 2451 2543 fundamenta
2486 2502 2642 2546 terra:

1969 2639 2019 2690 l.
2059 2636 2334 2694 Canticum
2368 2641 2647 2696 PSALMI
2675 2647 2872 2715 Asaplt.
2901 2645 3195 2704 LXXXII.

2378 2737 2776 2805 Argumentum.

1797 2819 2173 2879 Precationem
2203 2824 2294 2880 hic
2342 2826 2569 2882 cﬁ'undit
2605 2829 2672 2883 ad
2721 2830 2912 2897 Deum,
2963 2850 3159 2904 rogans
3189 2842 3249 2890 ut
3292 2836 3359 2891 de

1872 2917 2186 2987 arrogantia
2229 2919 2492 2988 gentium,
2545 2937 2667 2991 quae
2712 2938 2837 2977 cum
2887 2925 3124 2996 Assyriis
3154 2924 3355 2982 bellum

1868 3018 2147 3076 gesserant
2201 3011 2464 3066 adversus
2518 3009 2854 3081 Jerusalem,
2907 3026 3087 3070 sumat
3143 3032 3353 3087 poenas.

231 3107 309 3143 ον.
342 3083 503 3144 Οὗτοι
529 3091 587 3145 δὲ
610 3089 750 3164 ἦσαν
773 3097 821 3148 οἱ
852 3095 980 3166 ἑξῆς
1009 3099 1066 3150 ἐν
1093 3097 1171 3169 τῷ
1197 3099 1398 3170 ψαλμῷ
1428 3100 1692 3173 δηλούμεο

1868 3098 1960 3154 Ha:
1989 3109 2172 3155 autem
2208 3109 2394 3172 gentes
2435 3101 2664 3160 inferius
2695 3106 2746 3159 in
2782 3106 2992 3175 psalmo
3025 3107 3353 3163 indicantur.

215 3198 289 3236 οε.

215 3276 258 3324 0
294 3273 464 3340 Θεὸς,
501 3274 594 3340 τίς
637 3277 1066 3345 ὁμοιωθήσεται
1105 3293 1245 3340 σοις
1282 3278 1369 3349 μὴ
1427 3281 1692 3351 σιγήσῃς

107 3363 263 3432 μηδὲ
296 3368 745 3436 καταπραῢνῃς,
779 3373 811 3423 ό
841 3371 1004 3437 Θεός.
1031 3372 1121 3424 Σοὶ
1153 3371 1271 3443 μὲν,
1300 3373 1482 3443 φησὶν,
1518 3374 1691 3438 οὐδεὶς

111 3457 262 3509 ἔσται
311 3458 536 3528 ὅμοιος,
603 3459 979 3532 ἀμνησίκακος
1032 3464 1125 3516 καὶ
1179 3465 1545 3536 μακροθυμῶν
1599 3469 1691 3521 ἐπὶ

112 3553 228 3613 ταῖς
259 3553 500 3617 ἀδικίαις
521 3569 536 3583 ⁸
567 3553 676 3622 ἐγὼ
703 3555 760 3609 δὲ
789 3555 1018 3628 εὔχομαι
1061 3557 1137 3629 μὴ
1186 3559 1407 3629 σιγῆσαι
1436 3561 1528 3612 ἐπὶ
1570 3562 1690 3622 ταῖς

113 3643 230 3694 καθ’
267 3645 427 3714 ἡμῶν
477 3646 628 3717 παρά
677 3646 783 3702 τῶν
847 3647 1056 3719 ἐχθρῶν
1107 3651 1429 3719 γενομέναις
1480 3651 1688 3714 ἀδίκοις

112 3734 342 3802 εφόδοις.

178 3827 311 3880 Ὅτι
344 3826 475 3882 ἰδοὺ
503 3832 556 3883 οἱ
587 3829 789 3898 ἐχθροί
820 3844 936 3884 σου
979 3830 1245 3900 ἤχησαν.
1303 3831 1682 3899 Ἐξάκουστος,

109 3920 292 3989 φησὶν,
333 3922 368 3992 ὴ
392 3921 513 3974 καθ’
541 3922 698 3993 ἡμῶν
732 3925 859 3995 παρ’
881 3923 1060 3976 αὐτῶν
1089 3925 1273 3978 ἀδικία
1300 3927 1610 3998 γεγένηται.

192 4017 610 4085 Ἐγενήθησαν
654 4020 736 4084 εἰς
771 4019 1106 4086 ἀντίληψιν
1153 4019 1278 4085 τοῖς
1326 4020 1478 4085 υἱοῖς
1533 4021 1679 4074 Λώτ.

119 4104 524 4170 ’Δντελάϐοντο,
551 4107 701 4177 φησὶ,
728 4109 821 4161 καὶ
855 4111 1299 4180 συνεμαχήσαντο
1329 4113 1408 4173 είς
1437 4111 1528 4163 τὸν
1559 4111 1680 4164 καθ’

107 4199 260 4268 ἡμῶν
286 4199 520 4271 πόλεμον
539 4201 586 4252 οἱ
613 4200 1050 4272 προδηλωθέντες
1077 4203 1189 4266 τοῖς
1218 4204 1353 4265 υἱοῖς
1382 4201 1525 4255 Λώτ.
1564 4203 1681 4256 Υἱοὶ

106 4290 159 4344 δὲ
184 4291 308 4345 Λὼτ
344 4293 630 4346 Μωαϐῖται
659 4292 752 4346 καὶ
785 4293 1133 4363 Ἀμμανῖται.
1196 4293 1473 4346 Ἐντεῦθεν
1499 4294 1555 4346 δὲ
1592 4311 1680 4362 γι-

107 4384 408 4455 νώσκομεν,
444 4385 526 4438 ὅτι
564 4385 992 4454 προσκαλοῦνται
1022 4383 1284 4455 ἀλλήλους
1331 4387 1379 4437 οἱ
1426 4385 1678 4454 δαίμονες

1861 3276 1912 3329 2.
1947 3277 2106 3341 Deus,
2143 3280 2258 3348 quis
2287 3279 2477 3333 similis
2509 3283 2610 3334 erit
2660 3283 2793 3335 tibi?
2850 3300 2913 3338 ne
2969 3295 3142 3340 taceas
3194 3304 3356 3358 neque

1791 3370 2160 3438 compescaris,
2190 3371 2348 3426 Deus.
2382 3370 2573 3438 Nemo,
2609 3374 2805 3445 inquit,
2840 3375 2938 3430 tibi
2989 3377 3183 3432 similis
3227 3379 3350 3440 erit,

1793 3459 2078 3515 immemor
2104 3462 2355 3518 videlicet
2389 3464 2736 3532 iniuriarum,
2765 3476 2818 3519 et
2862 3469 3236 3536 aequanimiter
3271 3480 3354 3524 to-

1791 3549 1970 3607 lerans
1992 3551 2329 3622 iniquitates.
2354 3553 2468 3625 Ego
2495 3564 2677 3610 autem
2704 3571 2899 3626 precor
2931 3570 2992 3613 ut
3034 3574 3141 3613 non
3172 3569 3351 3616 taceas

1789 3655 1952 3708 super
2015 3642 2221 3711 iniquis
2271 3644 2683 3702 incursionibus
2736 3647 3104 3718 inimicorum,
3152 3653 3351 3721 quibus

1789 3744 1888 3783 nos
1918 3729 2260 3786 adoriuntur.

1859 3821 1910 3874 5.
1949 3820 2210 3886 Quoniam
2239 3841 2354 3879 ecce
2376 3826 2579 3881 inimici
2606 3829 2682 3882 tui
2704 3841 3010 3886 sonuerunt.
3044 3832 3343 3899 Publicata,

1787 3911 1984 3981 inquit,
2019 3912 2122 3968 fuit
2148 3931 2337 3970 eorum
2367 3918 2656 3974 adversum
2689 3935 2789 3975 nos
2819 3921 3097 3991 iniquitas.

1858 4007 1909 4061 9.
1942 4006 2101 4060 Facti
2129 4020 2249 4062 sunt
2282 4009 2338 4061 in
2365 4010 2692 4078 adjutorium
2719 4013 2848 4081 ﬁliis
2882 4013 3000 4068 Lot.
3050 4014 3152 4082 Qui
3188 4034 3347 4088 supe-

1784 4097 1900 4151 rius
1936 4100 2219 4153 memorati
2261 4109 2386 4154 sunt
2430 4102 2694 4155 auxilium
2734 4112 2788 4157 et
2839 4119 2995 4174 opem
3047 4109 3342 4164 attulerunt

1784 4191 1911 4246 ﬁliis
1942 4190 2062 4246 Lot.
2105 4192 2227 4246 Filii
2251 4203 2429 4249 autem
2466 4193 2566 4249 Lot
2599 4205 2725 4251 sunt
2753 4196 2998 4252 Moabitae
3039 4211 3091 4255 ct
3120 4203 3345 4258 Ammo-

1783 4283 1927 4337 nitaa.
1984 4282 2121 4338 Hinc
2183 4295 2363 4339 autem
2414 4289 2839 4357 cognoscimus,
2896 4291 3170 4348 daemones
3223 4311 3344 4350 sese

1783 4383 1974 4428 mutuo
2003 4390 2301 4443 provocare
2326 4377 2391 4430 ad
2429 4379 2722 4444 perniciem
2753 4381 2968 4448 animae,
3001 4394 3059 4436 ut
3093 4399 3191 4438 nos
3216 4385 3340 4439 fun-

108 4476 187 4531 ἐπ’
219 4475 473 4546 ἀπωλείᾳ
499 4475 696 4546 ψυχῆς,
732 4477 1103 4550 πανωλεθρίαν
1131 4479 1262 4547 ἡμῖν
1292 4477 1519 4544 ἐπάγειν
1541 4519 1555 4541 ,
1583 4478 1675 4530 καὶ

1793 4469 1927 4523 iitus
1953 4467 2198 4535 perdant,
2233 4476 2289 4522 ct
2321 4467 2590 4523 famosum
2624 4471 2775 4526 illum
2820 4470 3074 4529 lsraelem
3121 4475 3174 4528 in
3205 4478 3342 4530 obli-

106 4566 236 4640 λήθῃ
269 4565 606 4639 παραδοῦναι
636 4568 725 4620 τὸν
767 4568 1198 4640 πολυθρύλλητον
1256 4567 1490 4639 Ἰσραήλ.
1539 4565 1672 4622 Εἶτα

105 4659 390 4729 καταλέγει
414 4659 666 4729 ὁμόρους,
692 4661 781 4730 ὑφ’
813 4654 887 4713 ὦν
914 4660 1306 4730 συγκληθέντες
1329 4663 1421 4715 καὶ
1449 4662 1497 4714 οἱ
1521 4661 1668 4715 ἄλλοι

107 4752 383 4822 συνῆλθον.

167 4845 438 4911 Ποίησον
468 4842 672 4910 αὐτοῖς
711 4845 790 4910 ὡς
830 4841 904 4911 τῇ
927 4844 1159 4912 Μαδιάμ
1180 4845 1276 4896 καὶ
1311 4843 1390 4908 τῷ
1417 4843 1662 4910 Σισὰρα.

107 4933 308 5005 Ὥσπερ
351 4934 481 4988 ποτὲ
508 4933 734 5005 Μαδιάμ
755 4934 848 4987 καὶ
879 4936 907 4986 ὀ
927 4935 1151 5004 Σισάρα,
1181 4933 1261 4986 ἔτι
1293 4950 1350 4986 τε
1382 4934 1474 4986 καὶ
1499 4936 1526 4986 ὁ
1563 4936 1667 4987 Ἰα-

105 5023 207 5076 ϐεὶν
229 5025 628 5090 ἐξαναστάντες
649 5025 790 5078 κατά
813 5023 906 5076 τοῦ
935 5023 1146 5095 Ἰσραὴλ
1176 5023 1666 5095 ὲξωλοθρεύθησαν,

105 5119 146 5167 οἱ
173 5118 267 5186 μὲν
293 5119 355 5170 ἐν
383 5115 464 5187 τῷ
508 5117 793 5188 χειμάρρῳ
833 5114 1071 5179 Κισσὼν,
1107 5117 1156 5169 οἱ
1204 5117 1261 5170 δὲ
1297 5118 1355 5168 ὲν
1394 5115 1626 5187 Ἀενδώρ
1653 5132 1665 5145 ·

104 5209 183 5260 τὸν
216 5210 384 5263 αὑτὸν
422 5210 620 5280 τρόπον
653 5211 747 5265 καὶ
781 5212 829 5264 οἱ
879 5211 1188 5282 ἐπιθέμενοι
1226 5212 1358 5280 ⁴Ιιμῖν
1403 5208 1540 5279 μετά
1574 5208 1666 5262 τοῦ

117 5301 362 5374 Ἀσσοὺρ,
387 5301 486 5372 τῆς
514 5301 705 5370 ὁμοίας
732 5302 998 5375 τιμωρίας
1045 5301 1278 5372 τύχοιεν.
1313 5301 1516 5370 Σισάρα
1569 5301 1666 5369 μὲν

105 5391 276 5460 ἄρχων
302 5391 407 5460 τῆς
460 5389 760 5460 δυνάμεως.
802 5390 994 5444 Ἰασεὶν
1033 5391 1089 5445 δὲ
1143 5390 1393 5461 βασιλεὺς
1421 5390 1658 5445 Χαναὰν.

107 5481 143 5531 Τ
152 5480 435 5549 geminat
471 5483 526 5533 ὲν
560 5480 638 5551 τῷ
668 5483 953 5554 χειμάρρῳ
985 5482 1197 5535 Κισσὼν
1227 5485 1282 5535 ἐν
1305 5484 1414 5544 τοῖς
1432 5483 1660 5552 Κριταίς

109 5570 158 5621 ἐν
184 5573 326 5640 χειρὶ
360 5572 584 5641 Βαραάκ
610 5573 704 5625 καὶ
734 5573 974 5641 Δεσόρῤα
1005 5572 1259 5641 γυναικὸς
1310 5571 1544 5644 Ἰσραήλ.

144 5756 336 5814 'Joan.
377 5775 475 5823 xu,
510 5758 597 5813 δι.
678 5754 898 5811 ‘Judic.
942 5772 1010 5823 Iv,
1042 5755 1126 5807 Η.

1779 4561 1995 4614 vionem
2027 4559 2249 4614 ducant.
2285 4556 2491 4614 Deinde
2522 4560 2780 4618 ﬁnitimos
2809 4577 3110 4632 enumerat,
3159 4583 3187 4620 a
3218 4570 3339 4637 qui-

1777 4651 1879 4705 bus
1909 4651 2115 4705 evocati
2145 4651 2234 4704 alii
2262 4661 2650 4709 convenerunt.

1851 4829 1937 4883 10.
1970 4829 2080 4885 Fac
2108 4831 2217 4884 illis
2251 4832 2386 4887 sicut
2425 4831 2648 4886 Madian
2671 4844 2719 4887 et
2755 4832 2972 4900 Sisaraz,
3020 4846 3124 4891 etc.
3180 4837 3329 4894 Sicut

1771 4925 1900 4980 olim
1933 4924 2165 4986 Madian,
2198 4923 2381 4978 Sisara
2411 4935 2465 4979 et
2482 4923 2638 4980 Jabin
2670 4926 3009 4996 insurgentes
3037 4941 3220 4983 contra
3252 4930 3331 4988 ls-

1769 5019 1968 5073 raelem
2014 5018 2400 5087 disperierunt,
2454 5018 2547 5072 alii
2601 5019 2653 5071 in
2709 5028 2948 5074 torrente
2982 5019 3198 5084 Cisson,
3237 5022 3329 5076 alii

1772 5108 1825 5162 in
1857 5107 2075 5174 Endor;
2109 5109 2297 5163 eodem
2335 5110 2497 5164 modo
2544 5111 2636 5179 qui
2701 5126 2825 5166 cum
2868 5112 3040 5165 Assur
3087 5129 3186 5167 nos
3228 5113 3326 5166 ad-

1769 5200 2020 5255 oriuntur
2049 5201 2264 5255 easdem
2294 5215 2483 5269 poenas
2517 5201 2687 5256 luant.
2729 5200 2909 5258 Sisara
2927 5202 3037 5256 dux
3057 5205 3328 5259 exercitus

1769 5305 1885 5346 erat
1913 5309 1928 5357 ;
1957 5290 2114 5346 Jabin
2143 5302 2325 5348 autem
2358 5309 2450 5346 rex
2472 5293 2754 5348 Chanaan.
2786 5293 2888 5359 Qui
2919 5294 2972 5348 in
3006 5295 3183 5364 fugam
3214 5311 3329 5350 ver-

1771 5394 1958 5438 tuntur
2019 5385 2074 5440 in
2130 5394 2368 5440 torrente
2411 5384 2629 5449 Cisson,
2681 5386 2748 5442 de
2806 5401 2914 5456 qua
2971 5402 3028 5441 re
3080 5387 3132 5441 in
3189 5387 3324 5444 libro

1764 5475 2037 5545 Judicum,
2091 5494 2253 5534 manu
2304 5477 2474 5534 Barac
2503 5486 2556 5533 et
2607 5475 2827 5534 Debortc
2881 5479 3122 5536 mulieris
3152 5477 3331 5538 Israc-

1767 5573 1873 5629 lita:
1895 5572 1925 5624 ‘.
