4076 6308
773 329 875 383 367

832 444 928 498 M.
959 440 1316 511 Disperierunt
1347 443 1400 495 in
1427 441 1626 496 Endor.
1660 442 1717 496 In
1752 443 2022 498 indecenti
2054 443 2190 498 loco.
2224 443 2321 496 En-
2360 449 2403 504 Α

770 536 869 590 dor
919 535 1064 590 enim
1127 536 1473 588 indecentiam
1550 535 1842 606 signiﬁcat.
1890 534 2047 588 Facti
2091 546 2213 589 sunt
2271 546 2327 588 ut

769 637 968 679 stercus
999 635 1168 679 terrae.
1191 623 1451 694 lnsepulti
1472 627 1616 681 enim
1639 628 1879 695 jacentes
1905 627 2152 682 dissoluti
2177 636 2326 692 sunt,

770 723 822 769 et
849 717 1003 784 quasi
1036 725 1267 779 stercus,
1305 725 1462 771 terrae
1496 718 1737 771 admisti.

841 807 926 861 12.
966 807 1106 861 Pone
1136 809 1392 876 principes
1418 825 1599 861 eorum
1629 811 1765 862 sicut
1795 807 1952 862 Oreb.
1998 807 2157 862 Paria
2197 809 2325 862 ldu-

772 901 943 967 maais,
971 900 1275 965 lsmaelitis,
1306 901 1577 965 Moabitis,
1621 905 1883 971 Agarenis
1924 916 1976 958 et
2011 905 2325 958 memoratis

768 1007 957 1047 eorum
986 995 1146 1047 sociis
1174 995 1402 1048 immitte
1434 999 1574 1048 mala
1611 996 1663 1048 in
1712 995 1855 1050 Oreb
1884 1005 1938 1049 et
1977 996 2030 1048 in
2065 995 2321 1065 reliquos.

770 1085 876 1154 Ipsi
896 1088 1038 1142 enim
1067 1088 1194 1142 mali
1229 1088 1366 1141 male
1398 1088 1692 1157 perierunt.

842 1265 1020 1320 14-16.
1055 1266 1192 1319 Deus
1219 1281 1380 1331 meus,
1410 1280 1539 1333 pone
1565 1264 1682 1317 illos
1717 1275 1773 1318 ut
1804 1274 1996 1320 rotam.
2031 1263 2086 1319 Id
2126 1274 2228 1328 est,
2257 1280 2324 1320 ne

765 1373 1021 1413 maneant
1059 1359 1112 1412 in
1146 1359 1334 1414 eodem
1368 1368 1536 1421 stato,
1575 1358 1670 1413 sed
1698 1359 1752 1411 in
1781 1357 2114 1412 contrarium
2145 1358 2324 1412 revol-

762 1459 979 1503 vantur.
1018 1448 1164 1503 Sicut
1217 1449 1469 1518 stipulam
1516 1459 1638 1502 ante
1687 1449 1875 1518 faciem
1929 1451 2089 1515 venti,
2141 1449 2192 1502 id
2241 1458 2324 1504 est

761 1546 1043 1600 versatiles
1072 1544 1218 1606 ﬁent,
1259 1553 1320 1596 ut
1362 1552 1446 1598 est
1482 1559 1662 1597 revera
1706 1544 1905 1613 stipula
1943 1543 2126 1612 spicae.
2173 1542 2324 1596 Sicut

761 1639 896 1706 ignis
943 1638 1034 1707 qui
1083 1638 1339 1691 comburit
1387 1637 1592 1691 silvam.
1639 1636 1936 1700 Fruantur,
1977 1636 2172 1706 inquit,
2201 1637 2322 1705 igne

759 1745 921 1799 quem
954 1731 1055 1798 ipsi
1085 1730 1469 1793 accenderunt,
1515 1739 1678 1799 atque
1707 1729 1823 1799 ipse
1877 1729 2018 1799 ignis
2045 1744 2140 1784 eos
2189 1744 2319 1783 con-

761 1829 961 1883 sumat,
991 1821 1133 1875 sicut
1171 1831 1224 1875 et
1273 1821 1545 1875 sensibilis
1594 1821 1735 1890 ignis
1784 1820 2054 1875 comburit
2106 1819 2319 1875 silvam.

761 1915 948 1970 Simile
978 1923 1061 1970 est
1087 1924 1267 1969 autem
1298 1917 1426 1969 huic
1457 1916 1638 1970 dicto:
1670 1915 1802 1969 Ecce
1834 1933 1918 1970 vos
1943 1933 2120 1970 omnes
2151 1918 2322 1986 ignem

760 2009 1066 2072 accenditis,
1110 2010 1242 2061 eatis
1299 2009 1366 2061 ad
1411 2008 1583 2063 lumen
1616 2010 1751 2080 ignis
1792 2011 1973 2071 uestri,
2005 2015 2054 2064 et
2091 2010 2321 2078 ﬂamma:

759 2117 916 2169 quam
939 2101 1250 2154 accendistis
1273 2102 1314 2154 ⁷.
1343 2099 1489 2155 Sicut
1525 2103 1742 2170 ﬂamma
1767 2102 2070 2155 comburens
2098 2113 2316 2155 montes.

760 2194 1108 2250 Parabolicus
1157 2202 1239 2248 est
1288 2209 1490 2248 sermo.
1547 2193 2051 2259 Quemadmodum,
2098 2193 2274 2262 inquit
2303 2236 2318 2257 ,

760 2285 902 2354 ignis
935 2285 1190 2341 decidens
1222 2285 1497 2339 comburit
1526 2299 1738 2341 montes
1762 2327 1776 2352 ,
1809 2286 1882 2340 ita
1929 2286 2320 2341 comburentur

758 2379 834 2432 illi
871 2394 967 2449 per
992 2379 1314 2447 supplicium
1351 2393 1380 2432 a
1433 2387 1482 2431 te
1512 2378 1797 2440 indictum,
1845 2379 1992 2448 quod
2034 2379 2106 2433 ob
2155 2380 2321 2434 vehe-

759 2472 1018 2526 mentiam
1043 2481 1096 2526 et
1129 2471 1449 2542 gravitatem
1483 2471 1789 2540 tempestati
1813 2471 2166 2540 comparavit.

832 2626 916 2680 I7.
954 2624 1122 2695 Imple
1180 2625 1340 2693 facies
1396 2640 1574 2677 eorum
1611 2623 1920 2692 ignominia.
1968 2623 2127 2692 Lapsi
2172 2624 2316 2678 enim

758 2717 960 2787 optatis
988 2720 1124 2782 suis,
1152 2724 1204 2769 et
1231 2715 1437 2785 pudore
1464 2715 1674 2783 repleti,
1707 2723 2002 2783 agnoscent
2044 2725 2191 2770 tuam
2220 2730 2318 2785 po-

757 2818 1027 2864 testatem.
1060 2807 1128 2861 Et
1158 2815 1390 2878 amarent
1424 2823 1607 2859 nomen
1649 2816 1818 2870 tuum,
1861 2805 2103 2859 Domine.
2135 2806 2187 2860 Id
2219 2806 2314 2870 ait,

755 2902 884 2971 quia
908 2916 974 2955 ex
1002 2899 1141 2955 datis
1183 2899 1356 2969 pmnis
1393 2898 1682 2952 utilitatem
1725 2897 2030 2965 percepturi
2073 2905 2218 2951 sunt.
2250 2895 2316 2949 ll-

755 2993 868 3059 lud,
901 3001 1157 3063 quaerent,
1190 2991 1426 3060 positum
1455 2997 1538 3044 est
1567 3003 1686 3058 pro,
1719 2997 2068 3058 cognoscent.

935 3167 980 3222 l.
1018 3166 1082 3220 In
1117 3167 1291 3236 ﬁnem,
1320 3181 1413 3233 pro
1442 3165 1816 3229 torcularibus,
1839 3164 1968 3233 ﬁliis
1992 3164 2144 3231 Core,

1199 3255 1534 3314 PSALMUS
1562 3255 1893 3311 LXXXIII.

1327 3351 1719 3418 Argumentum.

757 3443 990 3497 Rursum
1023 3455 1121 3510 pro
1153 3437 1408 3494 Ecclesiis
1441 3439 1492 3492 in
1524 3438 1628 3494 hoc
1675 3438 1885 3508 psalmo
1936 3439 2101 3493 verba
2153 3437 2310 3498 facit.

822 3545 876 3587 et
925 3532 1102 3602 palam
1134 3539 1311 3584 estex
1361 3543 1427 3581 eo
1475 3527 1622 3596 quod
1669 3541 1767 3596 pro
1815 3526 2176 3582 torcularibus
2229 3526 2312 3579 in-

825 3626 1116 3681 scribatur.

825 3719 877 3785 2,
910 3720 962 3773 ’5.
998 3717 1169 3782 Quam
1202 3716 1396 3769 dilecta
1427 3713 1766 3767 tabernacula
1807 3723 1918 3774 tua,
1947 3711 2167 3765 Domine
2208 3713 2314 3765 vir-

753 3817 941 3865 tutum.
988 3807 1362 3863 Tabernacula
1407 3806 1542 3860 dicit
1601 3813 1819 3860 sanctas
1868 3805 2126 3858 ecclesias
2182 3803 2311 3865 Dei,

755 3919 848 3973 per
873 3903 1085 3956 diversa
1115 3901 1232 3953 loca
1259 3907 1622 3960 constructas,
1652 3911 1778 3966 erga
1812 3912 1948 3966 quas
1998 3897 2178 3951 studio
2209 3895 2313 3950 ler-

751 4007 841 4050 tur
869 3993 1116 4063 religiosa
1148 3993 1348 4046 anima.
1379 3991 1483 4047 Cor
1511 4007 1679 4044 meum
1701 4001 1748 4043 et
1777 4007 1898 4042 caro
1935 4006 2046 4042 mea
2072 3989 2310 4042 exsulta-

752 4097 932 4142 verunt
955 4087 1008 4140 in
1043 4085 1209 4140 Deum
1240 4086 1430 4139 vivum.
1467 4083 1696 4138 Perinde
1744 4091 1827 4136 est
1876 4097 1941 4136 ac
1985 4081 2030 4136 si
2068 4083 2308 4137 diceret:

751 4181 817 4234 Et
848 4193 1074 4249 corpore
1102 4185 1155 4231 ct
1181 4178 1361 4230 anima
1397 4191 1482 4229 me
1512 4175 1682 4229 obtuli
1723 4174 1788 4227 ad
1819 4173 2162 4228 serviendum
2203 4172 2312 4228 Deo

748 4272 949 4326 viventi
992 4280 1043 4324 et
1073 4284 1199 4324 vero
1223 4268 1264 4322 ⁸.
1295 4268 1425 4322 Illud
1452 4275 1655 4333 autem,
1684 4265 1791 4321 Deo
1827 4265 2051 4329 viventi,
2092 4266 2158 4320 ad
2198 4265 2311 4321 dis-

749 4364 954 4418 crimen
987 4363 1253 4416 idolorum
1285 4360 1490 4413 dictum
1519 4368 1642 4424 est,
1689 4373 1814 4427 qua:
1847 4367 2064 4411 mortua
2102 4365 2231 4410 sunt
2258 4368 2310 4410 et

748 4471 811 4508 ex
845 4454 1070 4507 materia
1105 4459 1516 4505 sensu'carente
1555 4447 1870 4503 fabrefacta.

818 4632 872 4684 4.
923 4629 1128 4683 Etenim
1166 4644 1344 4696 passer
1382 4628 1577 4682 invenit
1623 4627 1722 4680 sibi
1773 4626 2012 4689 domum,
2041 4634 2091 4678 et
2134 4635 2310 4677 turtur

743 4725 930 4778 nidum
958 4723 1058 4774 sibi
1090 4721 1178 4774 ubi
1211 4729 1370 4790 ponat
1412 4721 1582 4787 pullos
1627 4736 1770 4773 suos.
1814 4719 2029 4772 Altaria
2061 4728 2174 4781 tua,
2203 4717 2310 4769 Do-

748 4819 904 4870 mine.
941 4814 1134 4870 Passer
1171 4814 1450 4868 hominum
1487 4814 1722 4867 animam
1756 4811 2065 4877 adumbrat,
2099 4811 2188 4866 cui
2216 4825 2307 4864 ve-

749 4909 929 4962 nando
963 4907 1249 4961 insidiatur
1276 4906 1574 4974 spiritualis
1605 4918 1848 4968 venator,
1879 4903 2035 4973 juxta
2068 4902 2120 4956 id
2159 4901 2304 4971 quod

745 5002 946 5056 dictum
970 5009 1086 5054 est:
1129 4999 1317 5052 Anima
1349 5009 1528 5051 nostra
1562 4999 1695 5051 sicut
1725 5012 1908 5066 passer
1937 5005 2114 5063 erepta
2137 5003 2214 5047 est
2243 4995 2306 5046 de

746 5093 929 5160 laqueo
953 5090 1246 5143 venantium
1268 5089 1310 5140 '.
1345 5086 1635 5141 Tortorem
1671 5099 1851 5142 autem
1880 5098 2035 5140 vocat
2065 5085 2300 5140 animam

746 5201 867 5253 quae
893 5186 947 5237 in
979 5183 1224 5238 castitate
1245 5193 1298 5236 et
1324 5182 1679 5249 temperantia
1709 5188 1978 5234 versatur.
2008 5180 2096 5232 Ait
2141 5178 2306 5246 igitur

746 5288 960 5330 omnem
1010 5272 1243 5324 animam
1293 5271 1398 5324 hoc
1445 5271 1786 5324 inventuram
1838 5267 2169 5339 perfugium,
2222 5267 2303 5320 iu-

747 5380 986 5436 gressum
1022 5363 1230 5419 scilicet
1257 5363 1311 5416 in
1343 5363 1557 5418 altaria.

814 5739 836 5774 ⁷
863 5739 969 5793 lsa.
1007 5741 1162 5806 1.,11.
1240 5741 1260 5772 ⁸
1284 5739 1443 5796 Hebr.
1469 5757 1543 5804 ix,
1582 5740 1663 5794 l4.
1696 5741 1878 5797 ’Psal.
1909 5757 2101 5809 cxxm,
2133 5743 2183 5795 7.

1577 328 1632 383 S.
1670 327 2037 384 ATHANASII
2079 330 2228 384 OPP.
2271 329 2452 385 PARS
2490 328 2572 383 lll.
2616 360 2680 370 —
2719 330 3126 386 EXEGETICA.
3888 342 3975 393 368

2513 441 3071 511 Ἔξωλοθρεύθησαν
3086 445 3155 496 ἐν
3172 443 3432 513 Ἀενὸἶιῖῃ
3469 446 3554 499 Ἐν
3575 447 3802 519 omne,
3821 451 3974 520 τόπῳ.

2444 535 2667 607 ⁹Αενδὼρ
2723 537 2830 608 γὰρ
2903 539 3174 608 ἀπρέπεια
3231 538 3504 608 δηλοῦται.
3585 541 3972 612 Ἐγενήθησαν

2427 625 2570 678 ὡσεὶ
2598 628 2818 693 κόπρος
2845 625 2919 694 τῇ
2948 626 3043 696 τῇ.
3085 629 3313 697 ’Λταφοι
3360 629 3468 701 γὰρ
3523 631 3773 700 μένοντες
3818 634 3972 685 διελύ-

2429 716 2616 785 θησαν,
2641 719 2736 771 καὶ
2762 714 2872 772 οἷόν
2898 737 2982 782 τις
3015 721 3220 790 κόπρος
3246 723 3311 791 τῇ
3335 726 3403 792 γῇ
3433 724 3813 793 συνεμίγησαν.

2496 810 2612 863 8οῦ
2645 810 2786 876 τοὺς
2841 811 3137 880 ἄρχοντας
3167 812 3364 867 αὐτῶν
3402 816 3480 879 ώς
3513 816 3618 868 τὸν
3649 815 3837 883 Ὠρήϐ.
3871 813 3977 870 Trin

2441 901 2748 972 Ἰδουμαίων
2766 905 2860 957 καὶ
2889 906 3244 976 Ἰσμαηλιτῶν
3271 908 3364 961 καὶ
3395 909 3696 963 Μωαϐιτῶν
3723 911 3814 963 καὶ
3831 913 3979 978 Ἀγαο

2427 993 2602 1064 ρηνῶν
2635 995 2728 1046 καὶ
2755 994 2863 1049 τῶν
2906 995 3251 1068 δηλωθέντων
3293 999 3521 1070 ἑταίρων
3573 1001 3640 1054 τὰ
3677 1001 3764 1053 ἶσα
3803 1001 3980 1054 παθεῖν

2426 1086 2941 1157 παρασκεύασοντῷ
2979 1088 3133 1159 Ὠρέὅ
3176 1090 3407 1152 καὶτοῖς
3460 1091 3685 1162 ἑτέροις.
3741 1085 3902 1145 οὗτοι
3933 1094 3981 1145 δὲ

2424 1177 2518 1230 καὶ
2548 1179 2706 1231 κακοὶ
2735 1179 2924 1242 κακῶς
2952 1180 3311 1235 ἀπολώλασιν.

2501 1266 2554 1318 '0
2582 1269 2725 1334 Θεός
2749 1287 2885 1334 μου,
2922 1270 3027 1323 θοῦ
3060 1271 3280 1336 αὐτοὺς
3311 1272 3390 1335 ὡς
3422 1274 3658 1341 τροχόν.
3707 1272 3979 1335 Τουτέστι,

2422 1357 2512 1427 Μὴ
2543 1359 2775 1428 μείνοιεν
2821 1361 2878 1411 ἐν
2911 1363 2975 1430 τῇ
3008 1361 3143 1431 αὐτῇ
3195 1361 3420 1424 στάσει,
3451 1362 3585 1415 ἀλλὰ
3619 1363 3981 1415 κυλιέσθωσαν

2423 1448 2501 1510 εἰς
2533 1449 2856 1520 τοῦμπαλιν.
2905 1451 2996 1516 Ὠς
3024 1451 3298 1520 καλάμην
3319 1454 3465 1506 κατὰ
3504 1456 3824 1523 ,πρόσωπον
3857 1457 3982 1508 ἀνέ-

2416 1558 2554 1608 μου.
2585 1542 2871 1595 Τουτέστιν
2915 1543 3216 1614 εὑρίπιστοι
3249 1547 3565 1616 γενήσονται
3592 1587 3606 1611 ,
3635 1545 3822 1617 ὥσπερ
3855 1548 3982 1614 aps.

2421 1635 2500 1687 λει
2524 1636 2616 1688 καὶ
2644 1637 2675 1705 ἡ
2704 1636 2921 1706 καλάμη
2958 1637 3049 1689 τοῦ
3080 1638 3329 1708 στάχυος.
3372 1638 3527 1691 Ὠσεὶ
3549 1638 3667 1707 πῦρ
3686 1639 3716 1691 ὃ
3745 1638 3980 1708 διαφλέ-

2422 1726 2511 1791 ξει
2531 1725 2775 1795 δρυμόν.
2817 1726 3280 1794 Ἀπολαυέτωσαν,
3307 1729 3459 1800 φησὶ,
3484 1729 3577 1782 τοῦ
3607 1729 3778 1799 πυρὸς
3816 1729 3844 1780 ὃ
3891 1732 3972 1783 αὖ·

2420 1819 2503 1871 τοὶ
2526 1817 2844 1882 ἐξέκαυσαν,
2872 1820 2962 1871 καὶ
2992 1819 3122 1872 αὐτὸ
3152 1819 3212 1872 τὸ
3238 1819 3345 1892 πῦρ
3369 1822 3563 1884 αὐτοὺς
3592 1823 3978 1891 καταφάγεται,

2421 1908 2729 1979 ὡσπερανεὶ
2763 1910 2857 1961 καὶ
2910 1908 3162 1980 αἰσθητὸν
3222 1909 3331 1980 πῦρ
3389 1912 3700 1978 καταφάγει
3763 1911 3983 1982 δρυμόν.

2422 2001 2644 2071 Ὅμοιον
2691 2000 2746 2053 δέ
2770 1999 2881 2071 τῷ·
2921 2001 3068 2054 Ἰδοὺ
3124 2001 3351 2068 πάντες
3393 2001 3562 2072 ὑμεῖς
3609 2002 3729 2070 πῦρ
3775 2004 3978 2062 καίετε.

2421 2092 2745 2158 πορεύεσθε
2771 2091 2851 2156 τῷ
2870 2093 3012 2160 φωτί
3039 2093 3142 2145 τοῦ
3159 2094 3348 2160 πυρὸς
3370 2092 3557 2163 ὑμῶν,
3583 2094 3681 2146 καί
3718 2091 3795 2160 τῇ
3813 2095 3984 2161 φλογὶ

2417 2176 2458 2253 ᾖ
2478 2183 2859 2246 ὲξεκαύσατε.
2899 2184 3054 2236 Ὠσεὶ
3078 2183 3236 2252 φλὸξ
3259 2186 3630 2240 κατακαῦσαι
3652 2185 3779 2253 ὄρη.
3807 2188 3982 2256 Παρα-

2420 2273 2630 2336 δολικὸς
2662 2274 2691 2325 ὁ
2734 2273 2908 2341 λόγος.
2955 2275 3166 2346 Ὠσπερ
3206 2275 3317 2346 πῦρ
3346 2279 3605 2347 ἐμπεσὸν,
3653 2279 3807 2348 φησὶ,
3843 2280 3977 2330 καίει

2417 2364 2539 2436 ὅρη,
2568 2364 2710 2418 οὕτω
2763 2365 3264 2436 κατακαυθήσονται
3307 2367 3409 2420 ὑπὸ
3438 2368 3537 2438 τῆς
3568 2369 3718 2440 παρὰ
3766 2367 3860 2420 σοῦ
3892 2371 3980 2420 ἐπ-

2420 2454 2860 2526 ενεχθησομένης
2883 2457 3063 2519 αὐτοῖς
3081 2458 3367 2530 τιμωρίας,
3386 2460 3574 2529 ἥντινα
3599 2460 3694 2512 καὶ
3721 2461 3979 2529 καταιγίδι

2418 2547 2689 2618 παρέϐαλε
2713 2547 2800 2601 διὰ
2827 2549 2886 2601 τὸ
2919 2550 3144 2620 σφοδρὸν
3179 2552 3268 2603 καὶ
3295 2552 3701 2622 ἐπιτεταμένον.

2484 2637 2816 2705 Πλήρωσον
2846 2640 2916 2693 τὰ
2940 2643 3229 2708 πρόσωπα
3247 2641 3444 2694 αὐτῶν
3462 2644 3716 2711 ἀτιμίας.
3743 2647 3974 2714 Διαμαρ-

2415 2730 2600 2792 τόντες
2634 2729 2742 2800 γὰρ
2772 2724 2846 2783 ὧν
2869 2730 3182 2800 βούλονται,
3231 2732 3321 2785 καὶ
3353 2733 3612 2802 αἰσχύνης
3645 2734 3972 2805 ἐμπλησθέν-

2414 2838 2524 2884 τες,
2549 2821 2939 2890 ἐπιγνώσονταί
2971 2839 3063 2876 σου
3091 2821 3188 2896 τὴν
3227 2823 3472 2893 δύναμιν.
3516 2825 3624 2878 Kal
3657 2824 3976 2894 ζητήσουσι

2414 2913 2479 2966 τὸ
2507 2912 2690 2982 ὄνομά
2712 2929 2850 2978 σου,
2876 2915 3071 2982 Κύριε.
3109 2914 3278 2968 Τοῦτο
3301 2916 3468 2985 λέγει,
3501 2916 3574 2979 ὼς
3618 2916 3772 2970 ἔσται
3804 2920 3976 2978 αὐτοῖς

2419 3007 2485 3059 ἐκ
2509 3007 2619 3058 τῶν
2640 3009 2916 3079 τιμωριῶν
2941 3009 3297 3077 ώφέλεια.Τδ,
3323 3009 3710 3079 ζητήσουσιν,
3727 3011 3847 3064 ἀντὶ
3865 3011 3974 3072 τοῦ,

2415 3095 2732 3162 γνώσονται.

2447 3187 2552 3252 Εις
2583 3187 2648 3240 τὸ
2676 3188 2848 3255 τέλος
2875 3187 3025 3256 ὑπὲρ
3054 3187 3172 3242 τῶν
3193 3188 3396 3256 ληνῶν
3433 3189 3558 3256 τοῖς
3595 3190 3746 3256 υίοῐς
3777 3189 3940 3259 Κορὲ,

2961 3261 3266 3314 ΨΔΛΜΟΣ
3303 3263 3437 3313 III".

3028 3349 3346 3415 Ὑπόθεσις.

2415 3433 2581 3486 Πάλιν
2601 3435 2739 3506 ὑπὲρ
2769 3434 2877 3487 τῶν
2921 3437 3248 3506 Ἐκκλησιῶν
3275 3439 3367 3492 κάι
3406 3441 3460 3490 ἐν
3493 3439 3663 3509 τούτῳ
3679 3440 3756 3511 τῷ
3787 3440 3976 3512 ψαλμῷ

2485 3529 2714 3578 ποιεῖται
2737 3526 2826 3579 τὸν
2852 3527 3029 3596 λόγον,
3065 3529 3156 3581 καὶ
3183 3530 3338 3600 δῆλον
3371 3533 3435 3583 ἐκ
3464 3531 3556 3583 τού
3581 3532 3722 3604 ὑπὲρ
3753 3533 3860 3586 τῶν
3884 3534 3974 3602 iq-

2486 3615 2590 3667 νῶν
2616 3617 2775 3670 αὑτὸν
2804 3619 3231 3688 ἐπιγεγράφθαι.

2494 3711 2587 3777 Ὡς
2613 3713 2884 3782 ἀγαπητὰ
2909 3715 2979 3766 τὰ
2999 3713 3361 3783 σκηνώματά
3385 3730 3522 3779 σου,
3542 3717 3717 3784 Κύριε
3743 3715 3859 3769 τῶν
3885 3717 3974 3771 δυ-

2413 3805 2680 3871 νάμεων]
2705 3805 3042 3875 Σκηνώματά
3070 3823 3201 3876 φησι
3226 3808 3320 3870 τὰς
3354 3807 3495 3860 κατὰ
3519 3809 3685 3860 τόπον
3717 3809 3972 3880 ἰδρυνθεί-

2414 3914 2511 3960 σας
2533 3897 2693 3965 ἁγίας
2726 3897 3015 3961 ἐκκλησίας
3037 3897 3129 3949 τοῦ
3162 3897 3320 3964 Θεοῦ,
3360 3901 3438 3962 εἰς
3469 3900 3534 3961 ἃς
3565 3901 3658 3954 καὶ
3683 3902 3830 3954 πᾶσα
3862 3901 3975 3954 θεο-

2414 3991 2570 4062 φιλὴς
2617 3991 2999 4054 ἐπισπουδάζει
3047 3989 3213 4062 ψυχή.
3276 3991 3337 4046 Ἡ
3381 3990 3591 4058 καρδία
3639 4011 3759 4061 μου
3793 3995 3888 4047 καὶ
3933 3995 3964 4056 ἡ

2412 4084 2566 4152 σάρξ
2591 4102 2707 4154 μου
2725 4083 3174 4152 ἠγαλλιάσαηο
3202 4086 3289 4150 είς
3319 4085 3468 4138 Θεὸν
3505 4082 3707 4145 ζῶντα.
3753 4088 3968 4156 Ὅμοιον

2411 4177 2541 4228 ὡσεὶ
2588 4175 2769 4244 λέγοι·
2820 4176 2928 4229 Καὶ
2971 4176 3048 4242 τῷ
3089 4175 3300 4246 σώματι
3332 4177 3425 4228 καὶ
3463 4175 3606 4245 ψυχῇ
3657 4177 3968 4247 παρέστησα

2411 4264 2645 4334 ἐμαυτὸν
2673 4267 2752 4328 εἰς
2784 4264 2845 4317 τὸ
2861 4264 3134 4318 δουλεύειν
3166 4265 3283 4337 Θεῷ
3309 4265 3470 4328 ζῶντι
3499 4266 3591 4318 καὶ
3611 4265 3867 4337 ἀληθινῷ.
3901 4268 3968 4319 Τὸ

2410 4357 2486 4422 δὲ,
2521 4357 2638 4428 Θεῷ
2668 4357 2849 4422 ζῶντι,
2881 4359 3016 4428 πρὸς
3047 4358 3450 4429 ἀντιδιαστολὴν
3497 4359 3604 4411 τῶν
3632 4359 3864 4413 εἰδώλων
3895 4362 3965 4411 εἵ-

2337 4471 2386 4530 D
2415 4467 2573 4520 ρηται
2599 4468 2610 4478 ο
2645 4450 2738 4503 ἆτε
2770 4449 2976 4520 νεκρῶν
3001 4450 3166 4503 ὄντων
3195 4450 3436 4514 ἐκείνων,
3466 4451 3560 4504 καὶ
3585 4449 3644 4516 ἐξ
3679 4451 3810 4522 ὕλης
3838 4451 3968 4520 ἀψύ-

2416 4556 2510 4608 χου
2538 4541 2931 4608 τυγχανόντων.

2483 4629 2589 4684 Kal
2611 4633 2718 4699 γὰρ
2743 4631 3059 4698 στρουθίον
3085 4628 3261 4700 εὗρεν
3286 4632 3474 4698 ἑαυτῷ
3489 4633 3701 4697 οἰκίαν,
3729 4634 3822 4687 καί
3842 4651 3967 4703 τρυ-

2415 4719 2534 4789 γὼν
2561 4721 2823 4774 νοσσιὰν
2859 4719 3064 4789 ἑαυτῇ,
3093 4718 3163 4777 οὗ
3195 4721 3367 4790 θήσει
3397 4723 3467 4776 τὰ
3494 4724 3717 4786 νοσσία
3734 4720 3962 4790 ἑαυτῆς.

2415 4813 2486 4866 τὰ
2529 4812 2928 4882 θυσιαστήριά
2983 4827 3100 4867 σου
3125 4854 3139 4877 ,
3181 4815 3375 4882 Κύριε.
3414 4815 3699 4886 Στρουθίον
3733 4816 3828 4887 μὲν
3873 4816 3966 4886 τὴν

2409 4905 2517 4959 τῶν
2549 4905 2847 4976 ἀνθρώπων
2872 4905 3159 4959 αἰνίττεται
3177 4905 3378 4977 ψυχὴν,
3405 4907 3501 4979 τὴν
3536 4909 3639 4961 ὑπὸ
3661 4908 3752 4962 τοῦ
3781 4907 3963 4977 νοητοῦ

2411 4996 2672 5068 θηρευτοῦ
2702 4997 3094 5068 ἁγρευομένην,
3117 4998 3258 5052 κατὰ
3279 4999 3339 5052 τὸ
3358 4999 3644 5072 εἰρημένον
3664 5017 3675 5029 '
3722 5003 3781 5054 Ἠ
3801 5000 3962 5070 ψυχὴ

2408 5085 2579 5156 ἡμῶν
2601 5087 2681 5153 ὡς
2707 5087 3027 5154 στρουθίον
3051 5089 3309 5157 ἐρῤύσθη
3340 5091 3408 5143 ἐκ
3440 5089 3549 5157 τῆς
3577 5091 3822 5161 παγίδος
3853 5091 3964 5144 τῶν

2409 5179 2781 5246 θτιρευόντων
2799 5194 2811 5207 ο
2837 5179 3071 5248 τρυγόνα
3097 5179 3154 5231 δὲ
3177 5181 3276 5251 τὴν
3310 5184 3366 5234 ἐν
3395 5182 3584 5253 ἁγνείᾳ
3624 5185 3716 5236 καὶ
3761 5199 3961 5251 σωφρο-

2413 5269 2544 5340 σύνῃ
2598 5267 2845 5334 συζῶσαν
2897 5270 3094 5342 ψυχήν.
3150 5273 3312 5340 Λέγει
3366 5269 3478 5340 οὖν,
3517 5275 3600 5328 ὅτι
3654 5277 3796 5328 πᾶσα
3823 5274 3960 5347 ψυχὴ

2409 5361 2611 5431 ταύτην
2643 5361 2861 5432 εὑρήσει
2897 5363 3234 5435 καταφυγὴν,
3270 5365 3368 5436 τὴν
3392 5368 3471 5430 εἰς
3511 5367 3577 5422 τὰ
3616 5367 3960 5434 θυσιαστήρια

2410 5473 2433 5508 ί
2442 5455 2609 5508 ἵσοδον
2615 5495 2630 5508 .
