4076 6308
112 389 202 443 369
1104 385 1472 443 EXPOSITIO
1511 385 1579 441 IN
1618 385 1951 446 PSALMUM
1992 388 2279 448 LXXXIV.

3247 390 3351 445 370

176 503 463 569 Μακάριοι
488 506 542 556 οι
577 502 993 569 κατοικοῦντες
1020 502 1089 557 ὲν
1127 502 1207 568 τῷ
1254 504 1397 569 olunt
1424 519 1540 560 σου
1562 520 1573 533 ·
1608 505 1686 577 τῷ

1859 508 1911 559 5.
1944 507 2098 562 Beati
2138 510 2227 579 qui
2272 507 2512 561 habitant
2556 508 2611 560 in
2643 506 2798 562 domo
2828 517 2939 564 tua.
2971 506 3239 565 suirituali
3272 508 3354 562 vi-

116 594 411 664 ἐπουρανίῳ
440 592 701 663 δηλονότι.

175 684 476 754 Μακάριος
525 688 559 740 ό
598 684 753 754 ἀνὴρ
805 680 875 741 οὗ
925 685 1097 740 ἐστιν
1155 686 1480 756 ἀντίληψις
1522 684 1684 751 αὐτῷ

115 782 260 850 παρὰ
312 782 452 836 σοι’
489 780 812 847 ἀναϐάσεις
856 782 927 835 ἐν
969 779 1045 850 τῇ
1088 781 1303 852 καρδίᾳ
1352 782 1542 837 αὑτοῦ
1596 782 1683 835 δι-

118 874 298 929 έθετο.
364 874 450 938 Ὧς
498 874 884 946 ἀντιλήπτορα,
926 873 1089 944 φησὶν
1117 914 1131 937 ,
1181 873 1683 945 ἐπιγεγραμμένος,

116 964 344 1033 ἀγαθοὺς
373 964 666 1034 λογισμοὺς
716 962 893 1035 ἑαυτῷ
943 963 1064 1016 καθ’
1112 963 1349 1032 ἑκάστην
1388 963 1680 1031 οἰκοδομεῖ,

114 1057 361 1120 οὕστινας
394 1058 488 1110 καὶ
506 1056 798 1121 ἀναϐάσεις
822 1056 956 1127 πρὸς
986 1054 1048 1108 τὸ
1070 1054 1241 1126 παρὸν
1274 1055 1486 1126 εἴρηκε,
1516 1054 1602 1108 διὰ
1625 1055 1685 1109 τὸ

115 1155 164 1203 ὲν
204 1151 394 1213 αὐτοῖς
423 1151 583 1203 οἱονεὶ
614 1150 723 1203 ἀπὸ
749 1149 856 1204 τῶν
904 1149 1109 1217 γηΐνων
1139 1148 1401 1201 ἀνάϐασιν
1434 1144 1573 1201 εἶναι
1606 1151 1686 1211 είς

117 1243 426 1313 ἐπουράνια.
476 1244 581 1308 Εἰς
636 1241 751 1308 τὴν
805 1238 1057 1293 κοιλάδα
1115 1239 1221 1294 τοῦ
1269 1240 1680 1310 κλαυθμῶνος.

116 1334 341 1388 Κοιλάδα
364 1332 457 1387 τοῦ
489 1332 840 1404 κλαυθμῶνος
868 1331 959 1386 τὸν
991 1331 1184 1403 θνητὸν
1210 1331 1321 1402 βίον
1346 1333 1500 1403 φησί.
1524 1334 1685 1402 Λέγει

116 1423 229 1480 οὖν·
276 1428 371 1481 Ἐν
406 1426 485 1496 τῷ
527 1424 705 1495 θνητῷ
750 1423 848 1495 βίῳ
882 1424 1110 1495 πλήσεις
1164 1423 1383 1492 ἀγαθῶν
1411 1424 1686 1495 λογισμῶν

115 1518 300 1581 αὑτοὺς
328 1516 673 1587 καθεκάστην
693 1514 1010 1586 οἰκοδομῶν.
1030 1514 1290 1585 Αἴσθησις
1315 1516 1499 1580 αὐτοῖς
1525 1516 1685 1585 γέγο-

116 1627 193 1663 νιν
220 1611 286 1663 ὲκ
325 1610 429 1679 τῆς
460 1608 560 1680 σῆς
584 1607 943 1679 ἀντιλήψεως.

178 1702 285 1755 Καὶ
322 1701 436 1771 γὰρ
457 1701 735 1771 εὐλογίας
757 1698 936 1755 δώσει
963 1703 997 1753 ό
1048 1699 1383 1769 νομοθετῶν
1406 1718 1418 1731 ·
1476 1701 1686 1769 ,πορεύ-

117 1814 317 1851 σονται
351 1798 422 1851 ἐκ
450 1796 759 1868 δυνάμεως
785 1798 871 1862 είς
896 1794 1172 1865 δύναμιν.
1213 1794 1491 1866 ’Ᾱμοιόἀς,
1527 1795 1681 1864 φησὶ,

112 1890 213 1941 τῶν
242 1888 430 1943 καλῶν
451 1887 727 1958 λογισμῶν
749 1886 910 1941 δώσει
927 1887 1109 1951 αὐτοῖς
1128 1888 1156 1939 ό
1180 1885 1506 1955 νομοθετῶν,
1538 1902 1686 1939 τουτ-

116 1980 251 2033 έστιν
284 1983 313 2033 ό
342 1981 434 2033 τὸν
458 1979 619 2048 νόμον
639 1979 823 2041 αὐτοῖς
848 1978 950 2049 τῆς
980 1976 1191 2047 Καινῆς
1219 1976 1472 2040 δεδωκὼς
1500 1976 1689 2048 Διαθὴ-

116 2089 226 2141 κης.
258 2073 425 2134 Τίνες
447 2072 491 2124 δ’
532 2070 599 2125 ἀν
627 2066 736 2124 εἷεν
768 2071 822 2124 ai
855 2069 1112 2138 εὐλογίαι,
1150 2069 1184 2141 ἢ
1216 2069 1277 2122 τὸ
1312 2071 1375 2123 ὲκ
1407 2069 1689 2139 δυνάμεως

116 2166 187 2225 εἰς
219 2162 455 2232 δύναμιν
486 2162 854 2233 πορευθῆναις
884 2161 1043 2231 Λέγει
1075 2161 1131 2215 δὲ
1159 2160 1267 2215 ἀπὺ
1312 2162 1413 2232 τῆς
1457 2160 1689 2214 ἐνταῦθα

112 2252 387 2316 πολιτείας
418 2252 518 2322 τῆς
554 2252 694 2305 κατά
722 2252 855 2305 Θεὸν
898 2255 976 2317 είς
1014 2253 1112 2325 τὴν
1160 2253 1273 2307 ἀνω
1311 2253 1685 2324 Ἰερουσαλὴμ,

114 2344 231 2397 ἔνθα
265 2346 365 2397 καὶ
394 2343 719 2406 ἀπελθόντες
750 2343 974 2413 ὄψονται
1007 2344 1099 2398 τὸν
1137 2344 1270 2398 Θεὸν
1306 2343 1486 2407 καθώς
1517 2347 1683 2397 ἐστιν.

176 2435 543 2503 Ἐπίϐλεψον
581 2437 670 2499 είς
708 2437 1034 2502 οτρόσωιιόιν⁹
1075 2436 1183 2489 τοῦ
1231 2436 1489 2503 Χριστοῦ
1544 2450 1683 2490 σου.

113 2527 338 2597 Χριστὸν
367 2524 602 2581 ἐνταῦθα
629 2526 721 2579 τὸν
756 2526 1093 2597 κεκλημένον
1133 2526 1261 2581 λαὸν
1306 2528 1386 2592 είς
1420 2526 1688 2597 βασίλειον

116 2619 411 2690 ίεράτευμά
444 2634 598 2690 φησι.

179 2713 299 2765 Ὅτι
327 2712 636 2779 κρείσσων
675 2708 867 2780 ἡμέρα
889 2709 998 2779 μία
1034 2710 1104 2763 ἐν
1153 2709 1284 2776 ταῖς
1326 2710 1541 2775 αὐλαῖς
1571 2724 1688 2764 σου

113 2802 255 2870 ὑπὲρ
283 2800 585 2871 χιλιάδας.
621 2801 867 2871 Ἦμέραν
901 2800 1028 2868 μίαν
1057 2799 1166 2851 τῶν
1197 2800 1376 2851 αὐλῶν
1407 2799 1500 2853 τοῦ
1529 2798 1685 2864 Θεοῦ,

112 2896 349 2948 τουτέστι
395 2890 505 2945 τῶν
545 2890 884 2960 ἐκκλησιῶν,
932 2889 1029 2959 τὴν
1071 2890 1438 2960 ἀναπάσιμον
1476 2891 1688 2962 ἡμέραν

113 2985 197 3039 τοῦ
228 2985 483 3054 Σωτῆρος
527 2982 797 3053 ὑποδηλοῖ.
843 2982 1101 3046 Χιλιάδας
1148 2981 1204 3035 δὲ
1231 3022 1245 3047 ,
1280 2983 1399 3055 ἤτοι
1452 2984 1686 3054 χιλιάδα,

112 3076 247 3130 οὕτω
276 3076 385 3147 γὰρ
419 3075 651 3147 εὓρηται
684 3075 743 3127 ὲν
773 3077 838 3146 τῇ
880 3073 1145 3147 Ἐϐραίων
1173 3076 1358 3149 Γραφῇ
1381 3118 1394 3141 ,
1419 3076 1518 3148 τὴν
1552 3077 1690 3131 κατὰ

1786 600 1998 655 delicct.

1856 690 1911 752 6,
1942 691 1992 743 7.
2033 689 2224 744 Beatus
2256 691 2336 745 vir
2360 691 2509 759 cujus
2541 700 2617 746 est
2641 692 2905 745 auxilium
2930 691 3021 747 abs
3050 700 3131 745 te:
3170 706 3351 743 ascen—

1786 784 1960 838 siones
1992 783 2049 836 in
2086 784 2241 837 corde
2266 800 2360 837 suo
2394 784 2673 853 disposuit.
2709 783 2811 851 Qui
2847 784 2972 847 sibi,
3009 783 3203 854 inquit,
3254 783 3350 836 ad-

1782 874 2019 945 jutorem
2049 877 2319 946 ascripsit,
2365 877 2538 931 bonas
2572 876 2675 932 sibi
2713 876 3073 941 cogitationes
3113 874 3354 945 quotidie

1788 968 2048 1034 instituit,
2073 984 2211 1039 quas
2238 984 2382 1024 nunc
2413 971 2763 1025 ascensiones
2791 970 2947 1034 dixit,
2980 969 3108 1039 quia
3140 968 3191 1022 in
3224 968 3355 1037 ipsis

1787 1070 1871 1116 est
1899 1061 2059 1131 quasi
2086 1076 2351 1117 ascensus
2379 1076 2409 1116 a
2457 1062 2687 1117 terrenis
2731 1061 2799 1117 ad
2829 1061 3090 1116 coelestia.
3122 1060 3186 1115 In
3222 1058 3355 1114 valle

1789 1154 2171 1224 lacrymarum.
2212 1151 2419 1209 Vallem
2450 1154 2816 1225 lacrymarum
2858 1153 3142 1207 mortalem
3188 1152 3353 1204 vitam

1787 1245 1940 1301 dicit.
1981 1245 2068 1298 Ait
2098 1245 2282 1313 igitur,
2312 1246 2367 1300 in
2411 1246 2628 1300 mortali
2662 1246 2772 1298 vita
2807 1244 3041 1313 replebis
3072 1259 3167 1297 eos
3199 1241 3357 1296 bonis

1788 1337 2232 1407 cogitationibus,
2277 1336 2521 1407 quotidie
2569 1336 2857 1391 instituens
2906 1334 3049 1389 illos.
3089 1332 3198 1405 (55)
3226 1329 3359 1400 Qua:

1789 1430 1894 1485 sibi
1924 1446 1989 1485 ex
2022 1439 2116 1484 tuo
2149 1428 2451 1499 patrocinio
2480 1427 2763 1484 advenisse
2801 1427 2941 1483 bona
2968 1432 3258 1482 senserunt

1860 1693 1913 1747 8.
1942 1694 2151 1745 Etenim
2176 1690 2585 1745 benedictionem
2608 1689 2757 1741 dabit
2780 1688 3093 1759 legislator;
3124 1685 3267 1739 ibunt
3294 1686 3358 1739 de

1788 1783 1979 1838 virtute
2008 1783 2062 1835 in
2094 1782 2359 1835 virtutem.
2392 1779 2817 1843 Retributiones,
2848 1778 3043 1848 inquit,
3091 1778 3356 1831 bonarum

1788 1874 2179 1945 cogitationum
2200 1873 2352 1927 dabit
2381 1872 2486 1927 illis
2517 1872 2826 1942 legislator,
2858 1869 2913 1924 id
2943 1879 3028 1925 est
3065 1870 3157 1940 qui
3187 1869 3356 1939 legem

1788 1964 1923 2020 Novi
1951 1964 2284 2020 Testamenti
2308 1964 2456 2018 dedit
2486 1963 2610 2018 illis.
2645 1962 2778 2028 Quae
2815 1972 2993 2017 autem
3025 1959 3225 2015 l'uerint
3253 1958 3357 2013 illa:

1789 2058 2216 2125 benedictiones,
2262 2056 2366 2111 nisi
2424 2054 2571 2127 quod
2623 2054 2690 2109 de
2736 2054 2938 2109 virtute
2994 2053 3049 2106 in
3102 2050 3356 2105 virtutem

1788 2149 1958 2203 eant?
1985 2147 2041 2202 Id
2076 2159 2156 2202 est
2196 2148 2265 2203 ab
2293 2149 2396 2203 hoc
2427 2148 2554 2201 vitae
2584 2145 2831 2201 instituto
2858 2144 3156 2200 secundum
3188 2141 3356 2197 Deum

1788 2248 1933 2305 acto,
1960 2239 2027 2293 ad
2062 2254 2352 2307 supernam
2383 2236 2711 2302 Jerusalem,
2762 2252 2874 2307 quo
2922 2250 3045 2291 cum
3091 2248 3353 2303 pervene—

1789 2332 1922 2396 rint,
1953 2330 2213 2386 videbunt
2231 2329 2401 2385 Deum
2423 2330 2580 2385 sicuti
2610 2342 2714 2385 εει.

1855 2422 1942 2477 l0.
1976 2420 2189 2486 Respice
2228 2422 2285 2475 in
2327 2421 2517 2490 [aciem
2558 2418 2757 2473 Christi
2803 2418 2901 2471 tui.
2955 2414 3231 2470 Christum
3271 2411 3360 2466 hic

1791 2513 2023 2585 appellat
2076 2514 2336 2583 populum
2403 2521 2653 2567 vocatum
2716 2510 2783 2565 ad
2864 2508 3039 2580 regale
3106 2505 3360 2562 sacerdo-

1790 2609 1949 2663 tium.

1862 2701 1950 2755 ll.
1987 2698 2127 2764 Quia
2157 2696 2341 2750 melior
2366 2705 2443 2750 est
2478 2696 2588 2749 dies
2634 2712 2741 2748 una
2776 2696 2832 2747 in
2874 2692 3027 2746 atriis
3070 2693 3175 2746 tuis
3206 2707 3360 2760 super

1792 2793 1989 2847 millia.
2024 2790 2151 2845 Dies
2179 2804 2288 2843 una
2328 2788 2380 2842 in
2410 2788 2565 2842 atriis
2596 2785 2834 2851 Domini,
2878 2784 2931 2838 id
2977 2792 3060 2838 est
3092 2783 3146 2836 in
3183 2782 3359 2837 eccle-

1794 2887 1914 2953 siis,
1944 2885 2085 2941 diem
2114 2880 2528 2938 resurrectionis
2551 2878 2848 2933 Salvatoris
2877 2874 3167 2946 signiﬁcat.
3186 2871 3352 2927 Millia

1790 2993 1942 3045 vero,
1986 2977 2100 3032 sive
2147 2974 2316 3040 mille,
2369 2973 2443 3027 ita
2492 2970 2637 3025 extim
2688 2970 2888 3040 legitur
2926 2968 2979 3021 in
3011 2965 3360 3021 Hebraeorum

1795 3068 2122 3136 Scriptura,
2163 3063 2390 3132 legalem
2444 3060 2649 3115 cultum
2692 3065 2868 3124 vocat,
2922 3056 3015 3127 qui
3064 3070 3162 3125 per
3215 3054 3362 3108 mille

114 3172 268 3239 νόμον
297 3144 561 3239 λατρείαν
592 3167 778 3238 φησὶν,
812 3144 933 3238 ἣτις
978 3144 1064 3229 *είς
1085 3144 1296 3237 χιλιάδα
1330 3144 1687 3238 ἐτῶν-κεκρά-

1791 3170 1963 3209 annos
1992 3153 2354 3223 perseveravit
2381 3165 2540 3205 orsus
2576 3165 2607 3203 a
2649 3147 2981 3217 temporibus
3025 3144 3360 3212 Salomonis,

112 3277 291 3331 τηκεν,
320 3260 607 3332 ἀρξαμένη
638 3259 746 3311 ἀπὸ
787 3259 896 3312 τῶν
944 3259 1037 3311 τοῦ
1079 3257 1420 3329 Σολομῶντος
1460 3258 1687 3329 χρόνων,

114 3353 199 3420 ἀφ’
225 3345 288 3405 οὗ
321 3352 719 3422 τεθεμελίωται
745 3349 927 3413 όθεῖος
942 3348 1095 3415 ναδς,
1128 3350 1290 3420 μέχρι
1318 3348 1417 3419 τῆς
1454 3348 1546 3401 τοῦ
1581 3349 1692 3401 Σω-

111 3448 269 3515 ait”;
290 3442 616 3515 παρουσίας.
632 3441 914 3494 Δείκνυσιν
924 3436 1038 3504 οὗν,
1057 3440 1133 3503 ὡς
1148 3440 1280 3493 πολὺ
1299 3440 1358 3493 τὸ
1378 3438 1562 3511 μεῖξον
1579 3439 1689 3509 (56)

112 3537 203 3606 τῆς
222 3533 587 3604 εὒαηελικῆς
613 3533 749 3602 πρὸς
769 3532 866 3603 τὴν
881 3530 1109 3603 νομικὴν
1134 3530 1410 3603 λατρείαν.
1466 3530 1695 3595 Ἐξελε-

112 3627 304 3696 ξάμην
325 3624 824 3694 παραριπτεῖσθαι
854 3624 924 3678 ἐν
953 3622 1032 3690 τῷ
1057 3622 1200 3688 οἴκῳ
1241 3623 1344 3677 τοῦ
1378 3622 1525 3677 Θεοῦ
1549 3640 1689 3691 μου.

114 3714 229 3771 Οἴου
263 3718 339 3782 ῶς
374 3717 593 3786 εἱλέγοι
619 3734 632 3747 ⁸
668 3717 878 3789 Μικρός
915 3733 998 3779 τις
1021 3714 1359 3785 καὶεὺτελὴς
1397 3710 1535 3767 εἶναι
1561 3712 1694 3784 μᾶλ-

112 3791 197 3865 λον
229 3812 296 3866 ἂν
327 3810 623 3881 βουλοίμην
648 3808 755 3861 τῶν
788 3811 843 3861 ὲν
876 3811 941 3876 τῇ
988 3805 1281 3877 Ἐκκλησία
1310 3807 1343 3876 ἢ
1392 3805 1561 3876 μέγας
1583 3804 1691 3858 τῶν

113 3905 166 3954 ὲν
192 3903 269 3973 τῷ
301 3900 617 3973 ἁμαρτωλῷ
637 3898 771 3969 λαῷ.
802 3898 987 3951 Ταῦτα
1010 3900 1122 3961 τοῖς
1146 3900 1203 3950 ἐν
1232 3895 1509 3949 Βαϐυλῶνι
1534 3896 1694 3966 πρόσ-

112 4011 269 4066 φορα,
295 3993 396 4046 καὶ
421 3993 552 4063 ἡμῖν
572 3990 869 4061 ἐπιτήδεια.
890 3989 999 4041 Καὶ
1026 3987 1133 4059 γὰρ
1157 3987 1396 4050 ἐκείνους
1416 3987 1693 4040 ἐδίδασκεν

112 4087 141 4153 ή
174 4086 337 4157 χάρις
387 4084 483 4137 τοῦ
520 4081 835 4152 Πνεὺματος
874 4078 948 4151 μη
998 4076 1371 4151 παραϐλέπειν
1420 4077 1514 4130 τοῦ
1545 4076 1691 4131 θείου

111 4179 255 4232 οἴκου
280 4178 386 4248 τὴν
413 4176 669 4248 ἐρημίαν,
715 4175 810 4227 καὶ
857 4174 1019 4244 ἡμεῖς
1048 4170 1414 4241 παιδευόμεθα
1456 4170 1582 4232 τοὺς
1614 4168 1693 4239 τῷ

112 4267 224 4338 Θεῷ
257 4266 680 4337 ἀφιερωμένους
713 4264 914 4333 σηκοὺς
944 4262 1028 4314 ἀεὶ
1061 4260 1245 4313 ποθεῖν
1271 4262 1364 4313 καὶ
1389 4260 1624 4331 ἀγαπᾷν.

1790 3261 1820 3301 a
1859 3261 1967 3316 quo
2009 3243 2294 3299 fundatum
2345 3250 2429 3295 est
2468 3240 2717 3294 divinum
2757 3239 3017 3308 templum
3070 3251 3243 3307 usque
3293 3237 3360 3290 ad

1790 3340 2081 3394 adventum
2129 3335 2450 3390 Salvatoris.
2502 3332 2752 3387 Declarat
2804 3333 2968 3402 igitur
3014 3331 3172 3400 longe
3225 3346 3334 3397 prte

1792 3430 2107 3486 stantiorem
2135 3443 2258 3483 esse
2279 3426 2647 3497 evangelicum
2676 3439 2839 3495 quam
2867 3423 3091 3493 legalem
3128 3422 3357 3477 cultum.

1798 3521 1946 3591 Elegi
1970 3519 2203 3588 abjectus
2232 3534 2342 3572 esse
2370 3519 2423 3569 in
2454 3517 2609 3568 domo
2637 3515 2730 3569 Dei
2757 3516 2877 3579 mei,
2907 3522 3010 3569 etc.
3043 3515 3120 3569 Ac
3146 3514 3192 3569 si
3224 3512 3344 3567 dice

1793 3623 1910 3667 ret:
1948 3610 2089 3665 Malo
2115 3609 2346 3680 pusillus
2382 3617 2435 3662 et
2482 3608 2606 3662 vilis
2655 3622 2777 3662 esse
2811 3607 2864 3661 in
2901 3605 3162 3672 Ecclesia,
3197 3621 3359 3676 quam

1793 3710 2097 3771 prapotens
2120 3700 2173 3753 in
2210 3700 2409 3769 populo
2456 3706 2758 3769 peccatore.
2788 3695 2913 3752 Haec
2944 3698 3010 3752 iis
3054 3698 3147 3767 qui
3174 3696 3228 3750 in
3259 3694 3363 3749 Ba-

1794 3793 1990 3864 bylone
2030 3799 2184 3845 erant
2235 3789 2428 3854 utilia,
2482 3799 2539 3843 et
2596 3788 2753 3844 nobis
2807 3788 3158 3858 congruentia
3210 3795 3359 3841 sunt.

1793 3884 1929 3939 Nam
1971 3891 2026 3938 et
2078 3882 2201 3939 illos
2244 3883 2506 3938 edocebat
2539 3884 2712 3952 gratia
2764 3882 3022 3952 Spiritus,
3071 3891 3131 3935 ut
3165 3879 3361 3935 divina:

1793 3977 1990 4031 domus
2024 3974 2332 4027 vastitatem
2359 3988 2426 4027 ne
2454 3973 2795 4042 despicerent
2822 3991 2834 4026 :
2866 3980 2919 4027 et
2954 3987 3055 4026 nos
3080 3970 3361 4026 erudimur

1794 4074 1853 4121 ut
1893 4066 2005 4119 Deo
2043 4079 2198 4120 sacra
2253 4064 2451 4133 templa
2495 4078 2707 4133 semper
2753 4072 3092 4133 exoptemus,
3137 4072 3191 4117 et
3236 4061 3361 4117 dili—

1791 4173 2003 4230 gamus.

176 4359 399 4425 Κύριος
437 4357 509 4409 οὐ
538 4354 823 4421 στερήσει
861 4353 933 4405 τὰ
969 4350 1161 4421 ἀγαθὰ
1204 4350 1327 4416 τοῖς
1377 4350 1687 4420 πορευομέ-

1870 4354 1957 4420 12,
1990 4354 2079 4411 15.
2117 4353 2376 4407 Dominus
2426 4370 2527 4407 non
2559 4354 2786 4424 privabit
2822 4354 2968 4407 bonis
2996 4369 3082 4407 eos
3114 4356 3203 4425 qui
3240 4369 3357 4409 am-

116 4467 236 4515 γοις
258 4449 333 4501 ἐν
356 4447 596 4514 ἀκακία.
622 4448 685 4498 Oi
714 4446 823 4516 γάρ
850 4443 1052 4513 ταύτην
1080 4444 1289 4513 ἔχοντες
1318 4443 1414 4513 τὴν
1434 4443 1687 4508 διάθεσιν,

1796 4447 1978 4500 bulant
2004 4449 2057 4499 in
2094 4448 2412 4501 innocentia.
2450 4444 2587 4499 Nam
2635 4444 2727 4515 qui
2762 4445 3075 4515 huiusmodi
3106 4446 3357 4501 allectum

115 4542 320 4596 τούτων
346 4539 607 4594 ἁπάντων
623 4538 955 4592 ἀπολαύουσι
980 4536 1088 4590 τῶν
1117 4535 1357 4605 ἀγαθῶν.
1376 4535 1565 4600 Ἔλεος
1586 4536 1687 4605 γὰρ

1799 4539 2017 4603 habent,
2067 4538 2153 4592 his
2200 4540 2454 4594 omnibus
2486 4538 2645 4593 bonis
2682 4536 2954 4593 fruuntur.
2992 4538 3359 4596 Misericordia

118 4639 175 4688 ὲκ
194 4635 307 4689 τῶν
328 4633 494 4687 θείων
520 4632 913 4687 ἀναόλαστάνει
938 4629 1141 4700 σηκῶν,
1167 4632 1263 4683 καὶ
1290 4630 1456 4700 πολλὴ
1484 4630 1687 4684 ἐκεῖθεν

1797 4632 1942 4687 enim
1973 4648 2036 4686 ex
2068 4632 2264 4687 divinis
2296 4633 2507 4703 templis
2554 4633 2751 4698 oritur,
2801 4642 2965 4702 atque
3011 4633 3231 4704 largiter
3268 4650 3353 4689 ex-

112 4725 342 4799 ἀφθονος
374 4724 475 4793 τῆς
501 4721 758 4792 ἀληθείας
786 4724 819 4792 ἡ
849 4721 1102 4792 χορηγία.
1160 4721 1401 4773 Ἐκεῖθεν
1444 4719 1554 4792 γάρ
1581 4720 1687 4773 τῶν

1799 4725 1928 4779 hinc
1951 4725 2154 4781 veritas
2184 4726 2576 4795 suppeditatur.
2607 4725 2773 4781 Istinc
2798 4726 2943 4781 enim
2972 4740 3228 4781 sanorum
3260 4727 3351 4781 do-

116 4816 331 4883 ἀγαθῶν
361 4815 648 4886 δογμάτων
669 4814 766 4884 τὴν
786 4813 1132 4868 διδασκαλίαν
1152 4812 1436 4886 δεχόμεθα,
1472 4814 1563 4865 καὶ
1592 4813 1687 4884 χά·-

1799 4828 2039 4883 gmatum
2069 4814 2371 4870 doctrinam
2404 4816 2722 4886 accipimus,
2754 4825 2809 4870 et
2858 4816 3096 4870 divinam
3132 4816 3360 4887 gratiam

120 4926 193 4976 ριν
222 4909 279 4961 δὲ
316 4908 475 4961 θείαν
504 4910 569 4961 ἐκ
589 4907 697 4961 τῶν
727 4905 821 4959 τοῦ
865 4907 1134 4975 παναγίου
1169 4907 1483 4979 Πνεύματος
1531 4925 1687 4979 κρου-

1800 4924 1865 4962 ex
1922 4908 2255 4962 sanctissimi
2304 4907 2539 4978 Spiritus
2590 4908 2833 4965 fontibus
2893 4909 3195 4963 haurimus.
3245 4908 3357 4964 lmo

118 5002 212 5052 νῶν
245 4999 561 5071 ἀρυόμεθα·
608 5000 702 5053 καὶ
746 4999 928 5067 μέντοι
988 5000 1079 5051 καὶ
1126 5000 1473 5069 περίϐλεπτοι
1515 5000 1687 5053 ἐντεῦ-

1796 5000 1993 5053 exinde
2032 4999 2273 5069 praeclari
2314 5002 2614 5068 evadimus,
2649 5011 2704 5057 et
2728 5002 2880 5056 valde
2913 5002 3171 5069 illustres,
3202 5010 3278 5068 et,
3301 5015 3359 5058 ut

118 5093 198 5143 θεν
222 5091 513 5163 γινόμεθα,
568 5094 661 5145 καὶ
707 5091 826 5143 λίαν
862 5095 1199 5162 περιφανεῖς,
1247 5093 1342 5145 καὶ
1396 5092 1687 5165 συλλήϐδην

1800 5108 1911 5147 uno
1940 5092 2103 5147 verbo
2133 5093 2330 5157 dicam,
2361 5095 2507 5147 omni
2540 5094 2809 5148 bonorum
2844 5095 2998 5164 copia
3027 5094 3279 5161 fruimur,
3306 5106 3361 5151 et

118 5186 306 5246 εἰπεῖν,
335 5187 520 5238 πᾶσαν
541 5184 649 5237 τῶν
680 5182 902 5252 ἀγαθῶν
930 5182 1199 5253 δεχόμεθα
1244 5183 1343 5255 τὴν
1376 5183 1687 5245 ἀπόλαυσιν,

1796 5200 1825 5237 a
1856 5185 2061 5239 malitia
2110 5184 2561 5255 improbitateque
2596 5186 2911 5251 liberamur,
2953 5187 3113 5241 vitam
3158 5188 3353 5257 eligen—

118 5277 311 5340 κακίας
350 5276 451 5346 μὲν
482 5276 577 5328 καὶ
602 5274 865 5344 πονηρίας
900 5273 1348 5345 ἀπαλλαττόμεθα
1370 5317 1384 5341 ,
1430 5274 1687 5347 ἁπλότητι

1800 5288 1878 5333 tes
1907 5280 1957 5332 in
1987 5279 2329 5349 simplicitate
2361 5287 2416 5333 et
2445 5280 2666 5332 veritate
2695 5296 2873 5349 agere.

120 5369 170 5423 δὲ
196 5371 290 5422 καὶ
322 5368 555 5438 ἀληθεία
584 5366 752 5437 συζῇν
780 5366 1220 5437 προαιρούμενοι.

221 5461 325 5523 Ε’ίς
343 5455 542 5522 τέλος,
567 5456 693 5522 τοῖς
718 5453 868 5520 ὐἱοῖς
909 5457 1079 5524 Κορέ.
1126 5458 1429 5515 ΨΑΛΜΟΣ
1460 5459 1585 5513 HA’.

1866 5458 1914 5512 l.
1960 5454 2021 5508 In
2049 5458 2225 5525 ﬁnem,
2259 5457 2384 5528 (iliis
2411 5456 2561 5512 Core.
2593 5457 2933 5513 PSALMUS
2972 5458 3284 5514 LXXXIV.

2371 5550 2770 5622 Argumentum.

1790 5638 1894 5696 Per
1932 5642 2075 5695 hunc
2107 5641 2373 5711 psalmum
2409 5645 2744 5700 vocationem
2795 5646 3033 5717 gentium
3064 5643 3334 5715 signiﬁcat

744 5548 757 5565 '
771 5546 1077 5612 Υπόθεσις.

122 5638 211 5694 Διά
234 5640 431 5693 τούτου
459 5636 555 5692 τοῦ
576 5638 793 5709 ψαλμοῦ
824 5638 923 5709 τὴν
958 5635 1145 5709 κλῆσιν
1184 5637 1287 5690 τῶν
1320 5636 1488 5691 ὲθνῶν
1520 5637 1688 5706 δηλοῖ,

186 5816 297 5889 (35)
338 5815 522 5875 Locus
544 5816 793 5873 vitiosus.
1866 5808 1974 5885 (36)
2016 5814 2172 5873 Forte
2203 5817 2385 5887 μέσον.
