4094 6312
725 379 824 435 371
1540 376 1595 431 S.
1628 377 1997 434 ATHANASII
2035 379 2185 436 OI’P.
2230 379 2412 434 PARS
2451 379 2532 436 III.
2580 409 2648 420 —
2687 374 3100 432 EXEGETICA.
3870 378 3968 432 372

797 510 850 557 et
878 515 1248 554 renussnoncm
1283 499 1352 554 ob
1382 514 1534 553 suam
1566 500 1629 553 ad
1662 499 1827 556 Deum
1877 502 2286 558 conversionem
2323 505 2363 556 Α

2350 526 2363 556 ι
2461 503 2556 554 καὶ
2575 502 2673 572 τὴν
2706 498 3004 568 γενομένην
3047 496 3230 558 αὐτοῖς
3285 495 3372 549 διὰ
3405 496 3503 566 τῆς
3537 495 3674 568 πρὸς
3717 497 3809 549 τὸν
3839 497 3967 549 Θεὸν

797 590 927 658 ipsis
955 605 1290 643 concessam.
1323 587 1402 641 Ad
1431 587 1543 644 hac
1566 590 1773 646 inducit
1800 589 2084 647 Judaicum
2119 607 2289 661 popu-

2459 593 2792 664 ὲπιστροφῆς
2816 590 3026 660 ἄφεσιν.
3068 589 3186 641 Ἔτι
3235 605 3293 640 τε
3323 589 3534 656 εἰσάγει
3565 589 3659 641 τὸν
3705 588 3970 641 Ἰουδαίων

797 681 939 741 lum,
965 682 1056 750 qui
1109 690 1230 750 post
1271 681 1603 736 vocationem
1638 683 1875 751 gentium
1921 692 2140 752 peccata
2190 699 2288 737 sua

2464 684 2591 739 λαδν
2623 683 2761 755 μετὰ
2791 682 2888 752 τὴν
2914 680 3025 733 τῶν
3053 678 3224 732 ἐθνῶν
3247 678 3436 748 κλῆσιν
3483 677 3971 748 ὲξομολογούμενον

795 774 1099 839 confitetur,
1132 782 1186 828 et
1221 783 1372 843 rogat
1410 774 1522 842 ipse
1546 789 1763 844 quoque
1789 781 1848 828 ut
1883 791 1978 846 per
2011 776 2288 830 Christum

2462 777 2546 843 ἐφ’
2596 770 2677 838 οἷς
2704 774 2971 844 ἥμαρτεν,
3005 768 3258 833 ἀξιοῦντα
3309 769 3403 822 καὶ
3435 769 3596 822 αὑτὸν
3623 767 3720 822 τοῦ
3746 769 3838 821 διὰ
3887 765 3971 821 τοῦ

796 866 1222 920 misericordiam
1259 875 1646 934 consequatur.

1528 875 1646 921 itur.
2464 864 2700 936 Χριστοῦ
2732 864 2913 928 ὲλέους
2941 865 3145 934 τυχεῖν.

796 959 849 1015 2.
893 959 1239 1025 Benedixisti,
1276 959 1516 1023 Domine,
1545 966 1738 1012 terram
1781 969 1944 1012 tuam.
1999 959 2063 1013 Et
2105 975 2292 1015 revera

2464 959 2840 1024 Εὐδόκησας,
2874 958 3068 1024 Κύριε,
3117 955 3234 1022 τὴν
3272 953 3388 1024 γῆν
3407 971 3543 1008 σου.
3573 954 3684 1006 Καὶ
3702 954 3816 1024 γὰρ
3845 953 3972 1024 ἁλη-

726 1050 870 1106 Deus
894 1061 946 1106 et
979 1050 1136 1105 Pater
1169 1050 1464 1114 benedixit,
1500 1050 1613 1105 sive
1645 1051 1846 1121 placuit
1880 1051 1981 1120 ipsi
2011 1052 2194 1107 omnia
2237 1052 2293 1106 in

2397 1049 2504 1114 θῶς
2532 1049 2823 1120 εὐδόκησεν
2868 1050 2896 1101 ό
2937 1048 3069 1110 Θεὸς
3102 1047 3196 1100 καὶ
3249 1047 3440 1117 Πατὴρ
3490 1045 3975 1114 ἀνακεφαλαιώσα-

726 1146 944 1198 Christo
1001 1145 1322 1198 instaurare.
1380 1145 1630 1198 Avertisti
1693 1146 2051 1214 captivitatem
2104 1143 2290 1198 Iacob.

2397 1139 2519 1192 σθαι
2553 1137 2622 1192 τὰ
2645 1137 2819 1191 πάντα
2869 1137 2926 1188 ὲν
2990 1136 3068 1207 τῷ
3109 1135 3349 1207 Χριστῷ.
3418 1135 3824 1203 Ἀπέστρεψας
3868 1134 3978 1202 τὴν

724 1235 860 1290 Nam
889 1252 1009 1290 cum
1039 1235 1241 1290 Judteis
1273 1236 1505 1305 primum
1537 1236 1931 1306 pradicaverit,
1967 1238 2165 1291 multos
2207 1253 2295 1292 re-

2396 1230 2814 1298 αἰχμαλωσίαν
2850 1229 3061 1284 Ἰακώϐ.
3088 1229 3279 1290 Αύτοῖς
3326 1227 3434 1298 γὰρ
3493 1226 3707 1297 πρῶτον
3738 1225 3979 1296 κηρύξας

727 1330 896 1383 demit
929 1346 958 1383 a
995 1329 1258 1399 spirituali
1301 1330 1616 1397 captivitate
1646 1330 1699 1384 in
1731 1343 1894 1400 quam
1922 1329 2139 1383 abducti
2176 1328 2294 1382 fue-

2397 1320 2508 1381 τοῖς
2547 1317 2840 1381 Ἰουδαίοις,
2867 1317 3199 1388 λελύτρωται
3230 1317 3456 1380 πολλοὺς
3491 1316 3590 1385 τῆς
3637 1315 3978 1369 καταλαϐού-

728 1431 872 1477 rant.
922 1421 1047 1476 Haec
1075 1423 1187 1491 (37)
1225 1423 1548 1490 significavit
1579 1421 1845 1475 Dominus
1894 1431 2018 1491 post
2067 1422 2298 1490 prophe-

2398 1427 2497 1480 σης
2543 1410 2742 1473 αὐτοὺς
2775 1410 2971 1480 νοητῆς
3021 1409 3415 1480 αἰχμαλωσίας.
3467 1408 3768 1479 Ἐδήλωσεν
3816 1409 3980 1461 62w-

729 1517 860 1569 tiam
902 1514 1073 1580 Isaiae,
1108 1531 1227 1584 quae
1261 1516 1340 1570 sic
1378 1515 1540 1569 habet
1573 1533 1586 1570 :
1624 1514 1859 1583 Spiritus
1896 1513 2109 1567 Domini
2144 1531 2298 1581 super

2395 1503 2498 1572 τὴρ
2543 1502 2682 1572 μετὰ
2717 1503 2814 1574 τὴν
2861 1502 3080 1555 Ἡσαΐου
3128 1502 3494 1574 προφητείαν,
3555 1503 3652 1571 τὴν
3705 1502 3977 1570 φήσασανσ

731 1625 829 1672 me,
870 1623 928 1661 eo
981 1607 1118 1677 quod
1162 1611 1370 1661 unxerit
1419 1624 1529 1670 me,
1584 1606 1942 1677 evangelisare
1985 1606 2296 1674 pauperibus

2396 1593 2637 1664 Πνεῦμα
2667 1593 2888 1661 Κυρίου
2943 1591 3176 1661 ἐπ’ἐμὲ,
3227 1587 3299 1646 οὗ
3337 1592 3568 1645 εἵνεκεν
3614 1591 3832 1660 ἔχρισέ
3891 1607 3981 1659 με,

729 1698 871 1750 misit
920 1713 1019 1761 me,
1049 1696 1336 1766 prredi'care
1385 1696 1602 1766 captivis
1649 1695 2006 1748 remissionem
2049 1704 2096 1747 et
2144 1696 2296 1748 cwcis

2395 1686 2901 1754 εὐαγγελίσασθαι
2931 1684 3187 1753 πτωχοῖς
3223 1682 3570 1738 ἀπέσταλκέ
3595 1699 3690 1752 με,
3727 1684 3983 1752 κηρῦξαι

730 1790 1108 1843 restitutionem
1134 1790 1271 1842 visus
1289 1790 1330 1819 ¹⁰
1351 1831 1365 1854 ,
1399 1789 1584 1843 dicens
1611 1806 1624 1841 :
1654 1787 1821 1841 Hodie
1842 1787 2055 1855 impleta
2080 1796 2156 1840 est
2176 1803 2298 1856 pro-

2397 1774 2791 1844 αἰχμαλώτοις
2841 1773 3089 1844 ἄφεσιν,
3158 1773 3255 1827 καὶ
3305 1771 3555 1842 τυφλοῖς
3623 1773 3983 1844 ἀνάϐλεψιν,

729 1883 903 1954 pltetia
935 1882 1043 1936 hac
1074 1882 1128 1934 in
1154 1881 1370 1934 auribus
1402 1882 1584 1934 vestris
1605 1881 1665 1932 ¹¹.
1704 1879 1821 1950 Ipse
1873 1881 2017 1934 enim
2067 1888 2172 1943 est,
2199 1880 2292 1949 qui
2328 1871 2346 1924 ε

2396 1865 2582 1919 εἱπών·
2616 1864 2885 1935 Σήμερον
2928 1864 3314 1932 πεπλήρωται
3373 1865 3411 1930 ἠ
3476 1864 3810 1932 προφητειά
3835 1865 3984 1929 αὕτη

729 1989 831 2029 nos
866 1989 896 2027 a
929 1974 1222 2028 multorum
1254 1973 1478 2027 deorum
1505 1988 1734 2027 erroneo
1767 1973 1915 2027 cultu
1952 1983 2004 2026 et
2033 1988 2062 2025 a
2093 1971 2296 2025 daemo-

2399 1959 2468 2012 ὲν
2500 1958 2623 2023 τοῖς
2659 1958 2810 2010 ὠσὶν
2833 1957 3018 2026 ὑμῶν.
3054 1957 3226 2020 Δύτὸς
3256 1956 3364 2027 γὰρ
3390 1959 3418 2009 ὁ
3442 1955 3657 2020 παύσας
3707 1956 3987 2009 δουλεύον-

731 2079 859 2117 num
891 2065 1148 2118 servitute
1180 2063 1447 2125 liberavit,
1476 2071 1531 2117 et
1556 2071 1778 2116 catenas
1810 2072 2152 2132 peccatorum
2185 2062 2296 2116 sol-

2400 2050 2664 2120 ταςήμᾶς
2694 2048 2943 2119 πολυθέῳ
2979 2048 3154 2119 πλάνῃ
3213 2049 3306 2101 καὶ
3357 2048 3594 2119 δαίμοσι,
3643 2049 3744 2112 τὰς
3784 2065 3849 2102 τε
3885 2047 3987 2100 τῶν

731 2155 826 2208 νὴ,
2401 2140 2808 2213 ἁμαρτημάτων
2844 2140 3012 2202 λύσας
3042 2140 3245 2212 σειράς.

804 2241 1106 2313 Utrumque
1147 2243 1236 2298 hic
1268 2244 1529 2314 propheta
1573 2244 1837 2316 praedicit,
1868 2245 2104 2301 liliorum
2133 2246 2299 2303 Israel

2483 2233 2789 2302 Ἀμφότερα
2827 2231 3063 2286 ἐνταῦθα
3111 2230 3510 2302 προφητεύεται
3559 2232 3593 2301 ἥ
3622 2249 3682 2285 τε
3735 2234 3850 2287 ἀπὸ
3884 2237 3983 2288 Βα-

731 2351 796 2388 ex
830 2333 1100 2406 Babylone
1124 2335 1380 2401 reditum,
1417 2347 1466 2390 et
1504 2337 1734 2392 salutem
1761 2339 1947 2392 mundi
1980 2357 1992 2391 :
2027 2354 2091 2393 ac
2121 2339 2300 2409 dupli-

2401 2320 2634 2383 ϐυλῶνος
2665 2320 2773 2372 τῶν
2813 2320 2947 2373 υἱῶν
2988 2319 3206 2391 Ἰσραὴλ
3255 2320 3510 2382 ἐπάνοδος
3540 2321 3635 2374 καὶ
3673 2323 3778 2392 τῆς
3811 2327 3992 2378 οἱκου-

731 2427 778 2480 Cl
809 2426 969 2481 modo
1004 2435 1174 2480 totum
1202 2436 1440 2481 enarrat.
1469 2427 1676 2484 Sensus
1705 2439 1882 2483 autem
1908 2438 1990 2484 est
2021 2446 2034 2481 ζ
2070 2429 2179 2484 Deo
2210 2446 2301 2484 ac-

2405 2413 2572 2484 μένης
2601 2411 2863 2481 σωτηρίαο
2895 2412 2990 2464 καὶ
3021 2411 3212 2474 διττῶς
3255 2411 3375 2464 ὅλον
3412 2411 3707 2483 ἐξηγεῖται.
3757 2416 3912 2486 Πρὸς
3939 2417 3993 2470 δὲ

731 2528 946 2587 ceptum
996 2528 1078 2572 est
1122 2533 1218 2572 cor
1247 2518 1447 2572 bonum
1486 2534 1549 2573 ac
1585 2521 1912 2586 studiosum,
1939 2521 2084 2590 quod
2130 2521 2298 2590 ipsius

2398 2504 2652 2558 διάνοιαν’
2690 2503 2916 2556 Εύδοκεῖ
2947 2502 3149 2573 Κύριος
3181 2504 3279 2573 τὴν
3314 2503 3525 2574 ἀγαθὴν
3553 2505 3648 2557 καὶ
3693 2509 3995 2562 σπουδαίαν

734 2619 874 2664 terra
902 2618 1006 2672 est,
1028 2610 1153 2682 quia
1177 2609 1370 2680 recipit
1394 2611 1513 2681 ejus
1542 2627 1749 2680 semen,
1773 2627 1837 2668 ac
1861 2611 2038 2669 reddit
2061 2612 2296 2668 fructum

2399 2594 2646 2664 καρδίαν,
2676 2594 2778 2662 γῆν
2835 2591 2999 2644 αὐτοῦ
3055 2594 3447 2661 τυγχάνουσαν,
3507 2593 3595 2646 διὰ
3636 2595 3697 2647 τὺ
3737 2597 3995 2666 δέχεσθαι

731 2698 1060 2769 centuplum.
2397 2685 2488 2738 τὸν
2537 2685 2733 2754 σπόρον
2785 2684 2876 2736 τὸν
2919 2684 3048 2754 παρ’
3102 2683 3286 2747 αὑτοῦ,
3321 2685 3415 2738 καὶ
3457 2687 3998 2744 ἑκατονταπλασίονα

2399 2779 2786 2849 καρποφορεῖν.

801 2881 859 2938 3.
899 2880 1165 2935 Remisisti
1205 2881 1534 2948 iniquitatem
1576 2880 1737 2949 plebis
1775 2888 1896 2935 tum.
1934 2880 2064 2947 Quae
2098 2898 2193 2952 per
2233 2883 2297 2937 li-

2481 2871 2730 2942 Ἀφῆκας
2796 2871 2902 2936 τὰς
2939 2872 3190 2939 ἀνομίας
3238 2869 3317 2936 τῷ
3371 2869 3498 2935 λαῷ
3541 2887 3678 2925 σου.
3743 2875 3855 2926 Τοῦ
3904 2877 3991 2928 διὰ

736 2976 859 3029 dem
892 2973 958 3028 ad
990 2973 1162 3042 ipsum
1192 2973 1441 3035 accessit,
1478 2973 1552 3025 ait
1579 2980 1760 3027 autem
1795 2973 2048 3042 populum
2086 2989 2151 3028 ex
2177 2990 2302 3045 gen-

2397 2964 2496 3033 τῆς
2544 2963 2778 3026 πίστεως
2809 2962 3102 3032 γενομένου
3159 2962 3322 3016 αὑτοῦ
3357 2962 3506 3016 λαοῦ·
3551 2963 3700 3033 λέγει
3755 2965 3816 3018 δὲ
3842 2967 3908 3019 τὸ
3933 2968 3989 3032 ἐξ

735 3066 880 3123 tibus
908 3077 1176 3130 coactum,
1209 3065 1362 3135 juxta
1400 3065 1528 3118 illud
1565 3081 1594 3118 a
1627 3063 1888 3120 Zacharia
1916 3067 2174 3136 propheta
2203 3067 2299 3120 di-

2397 3053 2586 3117 ὲθνῶν,
2646 3055 2786 3108 κατὰ
2813 3055 2874 3107 τὸ
2903 3057 3190 3126 εἰρημένον
3250 3055 3355 3108 ὑπὸ
3415 3055 3684 3128 Ζαχαρίου
3715 3057 3817 3111 τοῦ
3857 3075 3993 3130 προ-

737 3170 882 3214 clum
915 3176 929 3211 :
965 3156 1030 3210 In
1078 3157 1172 3210 illa
1223 3158 1306 3210 die
1361 3157 1658 3224 confugient
1693 3157 1762 3208 ad
1810 3156 2095 3211 Dominum
2123 3167 2295 3228 gentes
2338 3222 2354 3228 _

2400 3147 2590 3218 φήτουο
2660 3149 2761 3202 Ἐν
2799 3147 3000 3217 ἐκείνῃ
3032 3146 3102 3216 τῇ
3136 3145 3322 3215 ἡμέρᾳ
3365 3149 3850 3215 καταφεύξονται
3895 3150 3994 3202 ἐπὶ

737 3250 936 3317 multae,
962 3264 1009 3303 et
1035 3257 1187 3302 erunt
1221 3249 1322 3317 ipsi
1348 3249 1402 3300 in
1429 3222 1676 3316 populum
1701 3249 1762 3301 ¹¹.
2123 3222 2142 3228 ⁷
2327 3222 2354 3279 ί

2404 3239 2512 3290 τὸν
2539 3238 2761 3306 Κύριον
2792 3238 2939 3305 ἔθνη
2991 3238 3212 3300 πολλὰ,
3255 3236 3355 3291 καὶ
3415 3236 3660 3291 ἔσονται
3702 3239 3876 3305 αὐτῷ
3914 3242 4001 3304 εἱς

808 3406 860 3459 5.
903 3401 1151 3458 Converte
1185 3420 1296 3467 nos,
1335 3402 1471 3456 Deus
1515 3404 1767 3456 salutaris
1807 3414 2004 3458 noster.
2040 3402 2306 3474 Depreca-

2407 3331 2580 3383 λαόν.

2491 3420 2623 3472 Ἐπί
2625 3422 2894 3488 στρεψον
2912 3416 3090 3487 ἡμᾶς,
3110 3421 3142 3472 ό
3164 3419 3307 3485 Θεὸς
3332 3420 3452 3473 τῶν
3469 3420 3780 3486 σωτηρίων
3807 3419 4001 3487 ἡμῶν.

739 3500 942 3551 tionem
979 3496 1134 3550 oﬂ‘ert
1162 3512 1226 3550 ex
1261 3511 1490 3566 persona
1519 3497 1698 3565 populi
1734 3495 2066 3564 Iudaeorum,
2105 3511 2299 3566 rogan~

2425 3507 2704 3562 Ἐντεῦθεν
2763 3509 2997 3562 ἱκετείαν
3051 3509 3358 3579 ἀναπέμπει
3430 3512 3495 3562 ὲκ
3550 3508 3851 3580 προσώπου
3908 3510 4003 3562 τοῦ

741 3590 876 3642 tium
905 3595 962 3642 ut
990 3595 1043 3642 et
1074 3588 1172 3658 ipsi
1204 3590 1430 3658 gratiam
1466 3597 1893 3658 consequantur.

2416 3601 2541 3654 λαοῦ
2593 3600 2701 3653 τῶν
2765 3601 3053 3668 Ἰουδαίων,
3112 3600 3406 3666 ἀξιούντων
3439 3600 3531 3654 καὶ
3581 3601 3781 3663 αὐτοὺς
3816 3605 4004 3671 τυχεῖν

2415 3695 2514 3763 τῆς
2550 3692 2789 3761 χάριτος.

811 3766 920 3820 8-9.
969 3764 1195 3820 Ostende
1219 3765 1390 3830 nobis,
1426 3763 1667 3832 Domine,
1697 3765 2112 3820 misericordiam
2137 3778 2303 3819 tuam.

2482 3784 2688 3849 Δεῖξον
2715 3783 2880 3853 ἡμῖν,
2907 3784 3103 3851 Κύριε,
3142 3783 3212 3838 τὸ
3268 3784 3443 3851 ἔλεός
3491 3801 3632 3838 σου.
3662 3785 3858 3857 Κύρου
3911 3786 4005 3838 τοῦ

741 3857 879 3910 Cum
910 3855 1083 3927 Cyrus
1118 3855 1411 3911 Persarum
1443 3873 1557 3923 rex,
1587 3857 1745 3927 juxta
1771 3857 1921 3913 Isaiae
1949 3857 2307 3928 pr0phetiam,

2412 3877 2634 3949 Περσῶν
2695 3875 3126 3946 βασιλεύσαντος,
3163 3877 3304 3930 κατὰ
3331 3875 3427 3947 τὴν
3463 3876 3556 3929 τοῦ
3599 3877 3829 3931 Ἦσαῖου
3865 3895 4008 3950 προ-

742 3949 1002 4004 redeundi
1043 3957 1362 4018 potestatem
1393 3950 1651 4014 dedisset,
1682 3949 1940 4004 festinant
1969 3952 2196 4019 patriam
2233 3966 2311 4004 re-

2411 3967 2667 4040 φητείαν,
2733 3966 3025 4030 δεδωκότος
3087 3967 3186 4037 τῆς
3241 3967 3501 4020 ἐπανόδου
3557 3967 3655 4038 τὴν
3721 3968 4005 4033 ἐξουσίαν,

745 4051 928 4111 petere
974 4056 1166 4106 suam,
1215 4045 1270 4095 et
1313 4049 1594 4109 propterea
1645 4039 1811 4095 Deum
1884 4051 2209 4111 precantur,
2254 4052 2312 4096 ut

2414 4061 2718 4128 ἐπείγονται
2742 4059 2840 4130 τὴν
2868 4057 3192 4126 ὲνεγκοῦσαν
3228 4058 3576 4120 καταλαϐεῖν.
3609 4058 3709 4111 Διὰ
3750 4060 3818 4130 δὴ
3845 4061 4012 4115 τοῦτο

745 4145 1049 4206 Ρτοῐηβίθπι
1101 4133 1234 4203 iI’Sis
1267 4148 1363 4224 ΡΨ
1391 4133 1677 4224 aequm“?
1711 4148 1808 4186 ⁸⁸⁸³
1862 4134 2091 4224 δ³¹υίθ¹η
2129 4132 2310 4187 εοηίθ·
2411 4153 2500 4206 τὸν
2530 4151 2665 4204 Θεὸν
2714 4150 3033 4216 ἱκετεύουσι,
3070 4155 3292 4222 ταχεῖαν
3339 4153 3523 4214 αὐτοῖς
3567 4151 3655 4205 διὰ
3690 4152 4012 4224 φιλανθρω-

749 4235 850 4278 rat.
883 4223 1176 4289 Citissime,
1214 4223 1406 4293 inquit.
1432 4238 1464 4276 o
1491 4221 1737 4288 Domine,
1773 4233 1919 4277 tuam
1973 4223 2127 4277 nobis
2155 4223 2311 4278 boni-

2414 4247 2541 4308 πίας
2575 4247 2877 4316 παρασχεῖν
2915 4221 3206 4315 σωτηρίαν.
3262 4245 3521 4316 Τάχιστα,
3583 4246 3772 4316 φησὶν,
3825 4239 3876 4298 ὦ
3903 4221 4007 4299 Ᾰέ-

747 4323 910 4366 tatem
943 4313 1186 4378 ostende,
1222 4322 1280 4366 ut
1334 4323 1480 4366 tuam
1531 4314 1762 4368 salutem
1809 4327 2231 4384 consequamur,
2261 4323 2313 4367 et

2416 4355 2607 4401 σποτα,
2764 4313 2864 4408 σὴν
2891 4339 3022 4407 ἡμῖν
3049 4313 3375 4406 haee-mut
3403 4337 3594 4403 δεῖξον,
3627 4313 3712 4390 ῖνα
3741 4338 4010 4408 τύχωμεν

747 4421 812 4458 ex
852 4405 936 4460 his
985 4405 1120 4460 locis
1169 4405 1529 4474 commigrare
1577 4405 1874 4474 possimus.
1902 4405 2038 4459 Cum
2080 4405 2158 4459 sic
2189 4421 2314 4474 pro-

2413 4429 2511 4499 τῆς
2541 4430 2642 4501 σῆς
2672 4405 2944 4500 σωτηρίας
2965 4429 3059 4482 καὶ
3080 4429 3180 4498 τῆς
3203 4429 3449 4483 ἐντεῦθεν
3479 4405 4011 4499 ἀπαλλαγῆςξτυῦτω

751 4497 909 4565 pheta
941 4497 1388 4565 supplicationem
1435 4498 1593 4566 quasi
1627 4512 1694 4550 ex
1726 4496 1940 4550 illorum
1977 4514 2204 4567 persona
2238 4497 2314 4549 of-
2345 4556 2368 4613 ῐ

753 4586 882 4613 σω.-.
950 4584 1036 4613 nn:
1091 4601 1408 4613 ..ηρ-ιηηη...“
1462 4587 1653 4613 ..-ηελη
1697 4595 1746 4613 Α.
1781 4586 1851 4613 ..ἕο
1890 4607 1901 4613 -
1949 4588 2160 4613 A..J:_...
2193 4587 2311 4613 -...‘J

2414 4496 2511 4588 τήν
2543 4496 2773 4577 ἱκετείαν
2892 4518 2951 4583 se
2975 4496 3197 4572 ἐκείνων
3224 4521 3252 4572 6
3275 4520 3556 4590 προφήτης
3586 4496 4010 4590 προσενεγκὼν,

752 4586 906 4650 lerat,
947 4584 1040 4639 Dei
1091 4601 1409 4655 responsum
1461 4587 1749 4677 accipit.et
1780 4586 1856 4640 ait
1890 4607 1902 4640 :
1935 4588 2162 4641 Audiam
2189 4587 2311 4658 quid
2348 4584 2369 4613 ι

2415 4584 2626 4680 δέχεται
2659 4609 2750 4662 τοῦ
2784 4609 2918 4663 Θεοῦ
2948 4610 3045 4680 τὴν
3066 4584 3356 4682 ἀπόκρισιν
3378 4584 3471 4664 καί
3493 4584 3674 4680 ιρησιν·
3713 4584 4014 4666 Ἀκούσο-

749 4677 994 4746 loquatur
1023 4681 1077 4733 in
1125 4694 1203 4730 me
1251 4677 1508 4731 Dominus
1554 4676 1716 4731 Deus.
1750 4677 1888 4732 Cum
1920 4678 2077 4732 linem
2105 4679 2312 4748 suppli-

2409 4676 2515 4771 μιῇ
2542 4703 2596 4755 τι
2619 4701 2877 4768 λαλήσει
2928 4676 3148 4770 erepat
3192 4676 3407 4770 ιέύριος
3439 4705 3471 4755 d
3496 4676 3658 4766 θεός.
3695 4701 4013 4774 Παυσάμε-

748 4769 906 4825 candi
957 4769 1171 4823 fecisset
1213 4771 1498 4841 propheta,
1532 4784 1856 4840 responsum
1883 4786 1912 4824 a
1952 4769 2154 4840 Spiritu
2190 4786 2312 4826 cum

2413 4769 2502 4854 νος
2535 4793 2563 4844 ό
2606 4792 2887 4863 προφήτης
2937 4769 3164 4855 ἱκεσίας,
3196 4793 3292 4864 τὴν
3340 4792 3490 4864 παρὰ
3550 4792 3644 4845 τοῦ
3673 4769 4015 4864 Πνεύματος

751 4860 964 4915 silentio
995 4860 1214 4930 excipit.

2154 4951 2163 4956 _
2415 4860 2702 4956 ἀπόκρισιν
2732 4860 3006 4956 ἐκδέχεται
3032 4860 3267 4941 σιωπῶνὶ

823 4951 907 5004 10.
963 4949 1328 5007 Verumtamen
1383 4969 1539 5024 prope
1595 4954 1832 5008 timentes
1905 4967 2025 5007 eum
2083 4951 2316 5006 salutare

2487 4949 2660 5043 Πλὴν
2685 4949 3012 5046 ἐγγὺς-τῶν
3061 4976 3443 5046 φοϐουμένων
3473 4977 3660 5031 αὐτὸν
3704 4977 3775 5030 τὸ
3812 4979 4017 5047 σωτή-

750 5042 935 5102 ipsius.
969 5040 1256 5112 Excipiens
1308 5045 1569 5114 propheta
1621 5060 1944 5115 responsum
1977 5044 2122 5114 quod
2163 5045 2317 5098 audi-

2409 5085 2546 5135 ριον
2597 5040 2806 5122 αὑτοῦ.
2841 5040 3289 5140 ’Ἑκδεχό-μενοςνό
3319 5069 3604 5140 προφήτης
3630 5068 3728 5140 τήν
3765 5040 4018 5145 ἀπόκρί-

753 5145 906 5186 turus
939 5142 1051 5185 erat
1084 5147 1113 5186 a
1148 5131 1257 5186 Deo
1286 5136 1350 5187 de
1382 5150 1577 5204 genere
1624 5149 1723 5190 suo
1745 5173 1760 5198 ,
1809 5135 1938 5188 illud
1970 5142 2141 5193 notat,
2173 5133 2316 5202 quod

2421 5177 2522 5225 σιν,
2558 5162 2623 5230 ήν
2649 5159 2952 5230 ἀκούσομαι
2977 5161 3104 5232 περὶ
3151 5159 3246 5213 τοῦ
3296 5160 3484 5229 γένους
3537 5177 3640 5231 μου
3689 5163 3859 5233 παρὰ.
3922 5165 4016 5218 τοῦ

751 5235 975 5292 paratus
1009 5225 1079 5277 sit
1107 5225 1362 5280 omnibus
1393 5240 1560 5296 prope
1590 5227 1805 5289 adesse,
1840 5227 1885 5281 si
1923 5225 2042 5295 ejus
2071 5226 2315 5280 timorem

2418 5225 2591 5317 Θεοῦ,
2618 5253 2792 5305 έκεῖνο
2835 5225 2995 5319 ἔγνω,
3041 5225 3117 5315 ὧς
3160 5225 3324 5305 πᾶσιν
3368 5225 3586 5322 ἕτοιμος
3615 5252 3699 5322 εἴη
3742 5225 4017 5320 γενέσθαι

755 5316 985 5383 amplexi
1024 5314 1222 5370 fuerint
1263 5334 1277 5370 :
1311 5317 1586 5388 continget
1615 5327 1793 5372 autem
1827 5319 1891 5372 iis
1916 5318 2009 5388 qui
2041 5317 2127 5371 Dei
2156 5318 2316 5372 timo-

2420 5314 2604 5412 ὲγγὺτ,
2636 5343 2689 5398 εἴ
2737 5363 2798 5413 γε
2828 5314 2919 5399 τόν
2957 5314 3123 5399 αὐτοῦ
3177 5345 3340 5415 φόϐον
3391 5314 4019 5420 ἀσπάζοιντοδσυμδή-

758 5425 866 5463 rem
898 5409 1129 5478 amplexi
1162 5408 1384 5474 fuerint,
1417 5410 1565 5479 quod
1603 5411 1655 5464 in
1687 5411 1859 5478 gloria
1894 5410 2214 5465 inhabitent.
2252 5409 2317 5463 Ut

2423 5408 2571 5487 σεται
2616 5435 2671 5488 δὲ
2701 5408 2810 5499 τοῖς
2843 5408 3237 5507 ἀσπαζομένοίς
3264 5435 3323 5489 τὺ
3369 5438 3426 5490 ὲν
3473 5435 3601 5509 δόξῃ

758 5503 1008 5557 inhabitet
1045 5502 1213 5572 gloria
1252 5503 1306 5556 in
1348 5514 1485 5557 terra
1519 5515 1720 5558 nostra.
1753 5504 1847 5561 His
1879 5506 2144 5576 signiﬁcat
2177 5521 2321 5561 ωοο-

2425 5545 2532 5581 σαι.
2570 5527 2676 5582 Τοῦ
2725 5502 3185 5600 κατασκηνιῦσαι
3232 5529 3418 5595 δόξαν
3448 5529 3517 5582 ἐν
3677 5527 3756 5600 γῆ

831 5678 874 5710 ¹⁰
914 5681 1012 5733 lsa.
1047 5695 1157 5744 ut,
1187 5680 1236 5733 l.
1315 5681 1353 5711 “
1394 5679 1528 5736 Luc.
1562 5698 1634 5748 tv,
1661 5684 1748 5739 2i.
1831 5685 1871 5717 ¹¹
1916 5684 2079 5739 Zach.
2116 5681 2281 5749 ",11.

829 5790 941 5866 (57)
983 5792 1106 5850 llaec
1137 5793 1301 5852 dubia
1332 5806 1478 5858 sunt,
