4076 6308
193 369 298 424 373

1210 367 1574 427 EXPOSITIO
1612 366 1677 421 IN
1727 366 2053 425 PSALMUM
2096 368 2355 425 LXXXV.

3322 364 3424 417 374

194 480 306 551 Τὴν
345 480 483 551 μετά
534 481 731 553 σαρκὸς
781 481 1087 552 οίκονομιαν
1135 482 1228 536 τοῦ
1290 481 1626 551 Μονογενοῦς
1673 480 1754 534 διὰ

1864 486 2101 538 nomiam
2141 482 2410 553 Unigeniti
2466 496 2588 537 cum
2631 494 2813 535 carne.
2847 479 3006 535 Facta
3043 481 3239 557 quippe
3271 482 3424 538 nobis

192 570 399 626 τούτων
431 572 701 643 σημαίνει.
751 571 939 641 Γέγονε
971 572 1078 644 γὰρ
1126 574 1258 643 ἡμῖν
1293 572 1445 644 παρὰ
1488 571 1581 626 τοῦ
1626 570 1761 625 Θεοῦ

194 666 289 718 καὶ
341 666 553 740 Πατρὸς
596 666 908 737 δικαιοσύνη
977 667 1071 719 καὶ
1102 668 1293 739 εἰρήνη
1352 666 1444 719 καὶ
1502 666 1647 729 ἔλεος
1671 665 1763 717 καί⁵

193 757 441 829 ἀλήθεια.
497 758 749 829 Ἑλεήσας
783 759 839 813 δὲ
884 762 1030 831 ἡμᾶς
1088 759 1292 824 ἐδίδαξε
1339 759 1438 830 τὴν
1481 758 1758 830 ἀλήθειαν·

189 851 286 902 καὶ
317 848 425 921 μὴν
450 851 542 905 καὶ
568 850 807 914 δικαίους
860 851 1157 923 ἀπέφηνεν,
1201 850 1662 919 είρηνοποιήσας
1690 849 1763 904 τὰ

186 938 391 992 πάντα
417 940 487 994 ἐν
511 939 671 1006 αὐτῷ
716 940 789 995 τά
812 959 877 995 τε
904 943 973 996 ὲν
1020 940 1100 1007 τῷ
1133 939 1364 1011 οὐρανῷ
1406 941 1502 996 καί
1538 942 1608 996 τὰ
1661 940 1759 995 ἐπὶ

187 1026 301 1098 τῆς
331 1026 464 1097 τῆς·

264 1122 480 1186 Ἔλεος
531 1119 630 1173 καὶ
659 1121 909 1187 ἀλήθεια
963 1120 1378 1188 συνήντησαν.
1434 1121 1628 1192 Σαφῶς
1661 1121 1762 1192 τὴν

186 1210 276 1264 διὰ
302 1212 400 1282 τῆς
425 1212 684 1266 Θεοτόκου
714 1213 806 1266 κα)⁵
847 1211 1225 1283 Ἀειπαρθένου
1280 1212 1634 1267 ἀνατείλασαν
1682 1212 1762 1283 τῷ

183 1302 381 1375 κόσμῳ
409 1304 666 1376 κηρύττει
712 1305 989 1377 ἀλήθειαν.
1022 1305 1191 1369 Αὐτὸς
1232 1306 1340 1377 γάρ
1386 1308 1532 1359 ἐστιν
1562 1307 1593 1377 ὴ
1624 1305 1759 1376 ἀλή-

184 1396 329 1460 θεια,
373 1399 420 1450 εί
458 1398 550 1452 καὶ
610 1398 897 1469 γεγένηται
957 1398 1021 1451 ἐκ
1076 1399 1355 1466 γυναικός.
1400 1399 1757 1465 Δικαιοσύνη

185 1488 296 1560 γάρ
318 1489 417 1543 καί
448 1490 695 1558 ἀλήθεια
758 1491 1171 1559 κατεφέλησαν
1226 1488 1413 1558 σαφῶς
1442 1490 1531 1543 διὰ
1563 1489 1661 1560 τὴν
1694 1490 1758 1541 ὲκ

183 1581 287 1651 τῆς
326 1581 705 1653 ’Δειπαρθένου
736 1583 995 1636 Θεοτόκου
1039 1580 1393 1637 ἀνατείλασαν
1444 1582 1520 1653 τῷ
1570 1582 1759 1653 κόσμῳ

182 1672 464 1744 ἀλήθειαν.

251 1765 365 1818 Καὶ
420 1764 771 1834 δικαιοσύνη
826 1766 895 1820 ἐκ
976 1767 1084 1821 τοῦ
1143 1764 1404 1835 οὐρανοῦ
1448 1763 1753 1833 διέκυψεν.

1865 585 1946 629 est
1970 590 1999 627 a
2036 573 2147 628 Deo
2181 583 2234 627 et
2261 572 2417 627 Patre
2436 572 2646 642 justitia
2675 579 2729 625 et
2751 586 2855 640 pax
2884 580 2937 625 et
2969 570 3340 625 misericordia
3374 584 3427 627 et

1865 665 2084 719 veritas.
2112 662 2334 732 Nosque
2362 663 2647 717 miseratus
2672 662 2855 716 docuit
2887 661 3203 729 veritatem;
3233 664 3341 716 imo
3375 674 3428 717 et

1859 756 2034 825 justos
2060 753 2289 809 reddidit
2320 768 2441 819 nos,
2466 754 2749 823 paciﬁcans
2787 753 2964 806 omnia
3005 752 3056 805 in
3104 754 3271 823 seipso
3307 769 3425 826 quc

1862 849 1916 901 in
1957 848 2082 902 caelo
2111 857 2160 902 et
2182 864 2299 917 qua
2331 847 2385 901 in
2421 855 2557 901 terra
2578 845 2630 904 ".

1940 1111 2027 1166 ll.
2070 1109 2433 1164 Misericordia
2466 1121 2512 1163 et
2561 1105 2752 1163 ueritas
2791 1108 3120 1163 obuiaverunt
3168 1109 3289 1161 sibi.
3318 1106 3425 1163 Ve-

1861 1203 2075 1257 ritatem
2136 1218 2257 1273 qua:
2310 1218 2407 1271 per
2463 1202 2744 1271 Deiparam
2806 1210 2859 1254 et
2904 1216 3115 1270 semper
3155 1200 3425 1270 Virginem

1862 1296 2065 1349 mundo
2095 1302 2284 1350 exorta
2314 1303 2397 1351 est
2425 1304 2608 1364 aperte
2634 1293 2907 1363 praedicat.
2934 1291 3052 1361 Ipse
3085 1307 3317 1361 namque
3344 1300 3427 1347 est

1861 1388 2079 1453 veritas,
2110 1387 2323 1441 etiamsi
2353 1402 2415 1441 ex
2446 1385 2672 1441 muliere
2705 1393 2867 1439 natus
2906 1385 2995 1439 sit.
3020 1382 3243 1437 Iustitia
3280 1383 3425 1438 enim

1859 1490 1907 1534 et
1941 1496 2047 1549 pax
2075 1495 2199 1535 vere
2246 1479 2498 1534 osculata:
2540 1488 2685 1547 sunt,
2720 1493 2815 1549 per
2837 1477 3114 1531 veritatem
3168 1476 3315 1530 illam
3360 1492 3425 1530 ex

1860 1588 2073 1642 semper
2106 1571 2323 1641 Virgine
2349 1569 2575 1641 Deipara
2606 1570 2808 1624 mundo
2838 1569 3121 1623 orientem.

1931 1755 2019 1810 l2.
2064 1753 2128 1808 Et
2174 1755 2391 1823 justitia
2436 1754 2501 1807 de
2556 1753 2683 1806 caelo
2720 1752 3006 1821 prospexit.
3044 1750 3232 1805 Simile
3262 1760 3345 1805 est
3373 1750 3425 1804 id

184 1854 410 1926 Ὅμοιον
433 1856 496 1910 τὸ
528 1829 813 1929 εἰρημένον
875 1858 1013 1929 πρὸς
1048 1858 1147 1929 τὴν
1185 1829 1482 1927 Ιίαρθένονσ
1521 1829 1754 1925 Πνεῦμα

1859 1848 2003 1916 quod
2034 1847 2099 1901 ad
2127 1845 2404 1918 Virginem
2433 1846 2636 1900 dictum
2665 1845 2765 1898 fuit
2793 1862 2806 1898 :
2832 1843 3061 1915 Spiritus
3091 1852 3304 1896 sanctus
3330 1858 3422 1897 au-

180 1945 357 2013 ἇτιον
402 1947 788 2001 ἐπελεύσεται
813 1948 909 2001 ἐπὶ
945 1948 1038 2012 σὲ,
1067 1948 1161 2001 καὶ
1191 1949 1257 2001 τὰ
1301 1948 1449 2017 ἑξῆς.

256 2034 367 2089 Καὶ
408 2036 516 2103 γὰρ
556 2038 588 2089 ό
638 2037 851 2104 Κύριος
888 2035 1066 2090 δώσει
1119 2036 1511 2105 χρηστότητα.
1567 2036 1754 2098 Ὅταν.

180 2125 339 2194 φησι,
377 2125 498 2178 καθ’
543 2126 843 2198 ὑπερϐολὴν
901 2129 1266 2199 χρηστότητος
1314 2126 1595 2197 ἐπιλάμψῃ
1643 2129 1755 2189 τοῖς

179 2217 276 2270 ἰπὶ
308 2217 406 2287 τῆς
430 2218 532 2289 γῆς
564 2219 592 2269 ὁ
624 2217 845 2288 Κύριος,
876 2220 997 2272 τότε
1042 2220 1136 2274 καὶ
1162 2222 1343 2291 ἡμεῖς,
1375 2221 1538 2291 νοητὴ
1578 2220 1755 2292 ὑπάρ-

180 2323 368 2375 χοντες
396 2307 487 2377 γῆ,
527 2309 655 2373 τοὺς
680 2311 1078 2380 πνευματικοὺς
1131 2312 1376 2381 καρποὺς
1406 2309 1753 2383 ἀποδώσομεν

176 2398 279 2469 τῆς
308 2399 669 2471 δικαιοσύνης.

251 2492 604 2560 Δικαιοσύνη
673 2491 928 2547 ἐνώπιον
997 2493 1185 2549 αὐτοῦ
1260 2497 1752 2564 προπορεύσεται.

176 2581 385 2645 Εἰπὼν,
414 2582 489 2646 ὡς
514 2581 730 2654 δώσειή
761 2583 925 2653 νοητὴ
970 2583 1043 2654 γῆ
1098 2583 1190 2636 τὸν
1233 2586 1465 2656 καρπὸν,
1514 2585 1755 2640 διδάσκει

174 2675 498 2739 ταῦςδώσει.
526 2677 651 2739 Πῶς
677 2676 732 2728 δὲ
773 2675 952 2739 δώσει,
1005 2677 1037 2747 ἢ
1070 2678 1196 2730 ὅταν
1239 2678 1402 2731 αὑτοῦ
1441 2678 1535 2732 τοῦ
1587 2682 1753 2751 ὲργα-

174 2765 407 2836 ζομένου
457 2766 516 2819 τὸ
562 2764 763 2834 ἀγαθὸν
792 2766 824 2835 ή
854 2766 1187 2835 δικαιοσύνη,
1245 2768 1619 2838 προσαδίσασα
1674 2772 1755 2833 είς

173 2861 274 2929 τὴν
297 2858 408 2913 ἂνω
434 2858 671 2926 ἄγουσαν
691 2857 827 2923 ὁδὸν,
844 2858 1144 2934 κατευθύνῃ
1169 2860 1261 2914 τοῦ
1284 2862 1452 2933 αὐτὴν
1468 2863 1754 2935 πορευομέ-

172 2967 269 3005 νου
299 2950 371 3004 τά
393 2950 696 3021 διαδήματα
715 2967 729 3016 ;

353 3042 666 3112 Προσευχὴ
715 3042 794 3110 τῷ
846 3043 1044 3098 Δαυτδ.
1086 3044 1390 3098 unum:
1439 3047 1576 3101 HE'.

797 3138 1132 3202 Ὑπόθεσις.

172 3224 469 3288 Φωτισθεὶς
501 3224 589 3279 διὰ
610 3226 704 3279 τοῦ
745 3227 1057 3296 Πνεύματος
1085 3227 1151 3280 τὰ
1176 3228 1304 3297 περὶ
1332 3227 1431 3297 τῆς
1453 3229 1756 3299 παρουσίας

244 3317 339 3372 τοῦ
390 3317 727 3386 Μονογενοῦς
772 3320 799 3371 ὁ
827 3318 1092 3390 μακάριος
1132 3318 1312 3382 Δαυῒδ,
1371 3320 1463 3374 καὶ
1513 3320 1611 3391 τὴν
1640 3322 1755 3373 ὲσο-

244 3409 415 3479 μένην
470 3411 632 3462 παντὶ
693 3409 771 3481 τῷ
824 3409 1217 3479 καταφεύγοντι
1269 3410 1407 3482 πρὸς
1461 3412 1620 3465 αὐτὸν
1650 3411 1755 3465 τῶν

240 3501 655 3570 ἁμαρτημάτων
692 3502 906 3569 ἄφεσιν,
962 3503 1183 3567 εἰκότως
1230 3503 1545 3574 ἀναπέμπει
1590 3521 1756 3577 προσ-

241 3592 437 3663 ευχὴν,
492 3593 587 3645 ἓνα
629 3593 724 3645 καὶ
766 3592 929 3645 αὐτὸν
966 3593 1133 3657 ἀξιῶν
1178 3595 1467 3665 εὑρεθῆναι
1509 3596 1618 3650 τῶν
1653 3613 1756 3649 σω·-

243 3684 491 3755 ζομένων
519 3685 607 3739 διὰ
636 3685 736 3756 τῆς
772 3685 1014 3757 χάριτος.

242 3778 494 3839 κλῖνον,
543 3779 741 3846 Κύριε,
785 3778 852 3832 τὸ
905 3773 1015 3844 οὖς
1078 3794 1194 3832 σου
1257 3778 1357 3832 καὶ
1408 3778 1755 3835 ἐπάκουσον

166 3887 311 3939 μου.
346 3869 510 3937 Μέγα
551 3871 661 3939 γάρ
692 3872 767 3932 ὼς
794 3870 1008 3940 ἀληθῶς
1040 3870 1251 3939 ἑφόδιον
1274 3870 1409 3942 πρὸς
1437 3872 1496 3925 τὸ
1532 3872 1756 3943 εὐχόμε-

174 3978 267 4014 νον
299 3960 670 4014 ὲπακούεσθαι
715 3961 749 4031 ή
802 3961 1288 4034 ταπεινοφροσύνη.
1338 3963 1464 4016 Ὅτι
1523 3964 1756 4033 πτωχὸς

173 4053 273 4107 καί
299 4051 494 4122 πένης
527 4052 645 4122 ειμι
673 4051 804 4122 ἐγώ.
836 4053 1419 4126 Ταπεινοφρονήματος
1450 4054 1549 4125 τῆς
1584 4073 1755 4125 προσ-

170 4145 341 4216 ευχῆς
397 4146 459 4199 τὸ
520 4146 822 4217 προοίμιον.
882 4146 994 4217 Τῆς
1039 4147 1147 4217 γὰρ
1211 4147 1553 4218 δικαιοσύνης
1591 4149 1754 4219 ἄμφω

170 4236 509 4307 κεκτημένοι
536 4236 627 4290 τὸν
658 4235 905 4301 πλοῦτον,
945 4239 1053 4291 ὅτε
1104 4236 1266 4291 Δαυτδ
1307 4239 1401 4293 καὶ
1434 4241 1462 4293 ὁ
1508 4239 1755 4304 Ἐζεκίας

170 4326 309 4396 πρὸς
338 4325 530 4380 τοῦτον
566 4327 665 4398 μὲν
691 4329 793 4399 οὐχ
814 4326 1022 4399 ἐώρων,
1072 4330 1151 4393 είς
1195 4329 1252 4382 δὲ
1282 4330 1380 4401 τὴν
1404 4331 1503 4401 τῆς
1540 4330 1752 4400 φύσεως

172 4418 368 4471 πενίαν
393 4417 721 4483 ἀπέϐλεπον,
741 4419 945 4473 καὶτὸν
960 4418 1091 4472 Θεὸν
1121 4420 1369 4493 ἠντιϐόλη
1378 4439 1474 4475 σαν
1494 4423 1753 4492 οίκτεῖραι

1857 1940 2112 2009 perveniet
2148 1940 2201 1992 in
2231 1939 2354 2007 te“,
2388 1948 2493 1993 etc.

1935 2034 2021 2089 i5.
2065 2032 2268 2087 Etenim
2296 2032 2550 2086 Dominus
2576 2030 2721 2084 dabit
2745 2029 3137 2099 benignitatem.
3162 2026 3319 2088 Cum,
3342 2025 3425 2078 iu-

1856 2128 1995 2198 quit,
2044 2126 2114 2181 ob
2161 2141 2429 2181 summam
2464 2124 2875 2195 benignitatem,
2905 2136 3001 2177 eos
3033 2121 3126 2191 qui
3174 2118 3227 2172 in
3278 2128 3423 2173 terra

1856 2229 1983 2275 sunt
2020 2218 2410 2273 illuminaverit
2457 2216 2719 2271 Dominus
2745 2256 2760 2281 ,
2794 2224 2925 2269 tunc
2955 2222 3009 2269 et
3032 2229 3131 2267 nos
3155 2211 3249 2281 qui
3281 2220 3424 2265 terra

1856 2327 2049 2368 sumus
2077 2310 2398 2382 spiritualis,
2427 2309 2738 2379 spirituales
2773 2306 3001 2377 iustitia:
3026 2304 3238 2360 fructus
3266 2303 3423 2359 dabi-

1855 2420 2000 2460 mus.

1927 2498 2013 2552 14.
2048 2496 2272 2550 Iustitia
2322 2505 2442 2549 ante
2504 2510 2621 2548 eum
2674 2491 2984 2547 ambulabit.
3030 2489 3165 2545 Cum
3199 2488 3424 2542 dixisset

1854 2589 2189 2660 spiritualem
2246 2598 2443 2642 terram
2499 2587 2748 2641 daturam
2801 2600 2921 2640 esse
2950 2583 3187 2638 fructum
3238 2594 3422 2657 suum,

1849 2684 1959 2753 jam
1997 2680 2154 2733 docet
2199 2693 2309 2749 quo
2359 2687 2518 2749 pacto
2568 2677 2763 2732 datura
2800 2677 2891 2732 sit.
2930 2674 3215 2742 Quomodo
3251 2673 3420 2731 dabit.

1854 2775 1957 2829 nisi
2012 2789 2134 2828 cum
2189 2771 2401 2843 justitia
2448 2770 2870 2841 praeamhulans,
2902 2785 3123 2841 gressus
3174 2770 3293 2839 ejus
3328 2768 3424 2839 qui

1854 2875 2113 2937 operatur
2152 2866 2352 2919 bonum
2382 2873 2436 2918 et
2468 2863 2670 2918 incedit
2701 2863 2754 2916 in
2782 2862 2863 2917 via
2895 2876 3015 2932 quae
3052 2876 3270 2916 sursum
3306 2868 3424 2915 ten-

1854 2961 1952 3028 dit,
1988 2961 2040 3013 in
2073 2960 2189 3028 ipsa
2218 2957 2307 3011 via
2339 2955 2636 3011 direxerit?

2017 3052 2202 3109 Oratio
2230 3051 2332 3121 ipsi
2369 3049 2562 3103 David.
2602 3044 2943 3102 PSALMUS
2982 3042 3261 3098 LXXXV.

2438 3144 2840 3212 Argumentum.

1855 3233 1991 3287 Cum
2026 3248 2119 3302 per
2154 3231 2414 3303 Spiritum
2451 3232 2789 3285 illuminatus
2812 3238 2998 3284 nosset
3035 3228 3228 3281 beatus
3255 3223 3423 3280 David

1926 3341 2047 3395 qua:
2089 3326 2380 3381 adventum
2411 3321 2683 3393 Unigeniti
2717 3323 3053 3393 spectabant,
3086 3331 3245 3390 atque
3274 3319 3423 3374 l'utu-

1926 3433 2043 3472 ram
2092 3417 2347 3471 omnibus
2396 3413 2489 3485 qui
2541 3414 2607 3469 ad
2640 3429 2764 3468 eum
2799 3412 3153 3482 confugerent
3184 3421 3427 3479 peccato-

1930 3524 2048 3561 rum
2088 3508 2490 3572 remissionem,
2514 3507 2637 3576 jure
2668 3505 2967 3560 orationem
3019 3504 3194 3569 offert,
3224 3516 3424 3574 rcgans

1926 3610 1984 3653 ut
2022 3599 2136 3669 ipse
2166 3613 2309 3653 unus
2343 3613 2463 3653 esse
2490 3599 2927 3667 deprehendatur
2971 3612 3160 3652 eorum
3206 3597 3297 3667 qui
3330 3611 3427 3666 per

1926 3692 2155 3762 gratiam
2189 3691 2419 3746 salutem
2452 3699 2877 3759 consequuntur.

1926 3784 1976 3837 1.
2025 3782 2251 3847 Inclina,
2298 3783 2540 3849 Domine,
2584 3798 2765 3835 aurem
2803 3790 2968 3846 tuam,
2998 3790 3046 3833 et
3091 3777 3284 3832 exaudi
3323 3793 3421 3831 me.

1854 3875 2169 3947 Opportuna
2196 3890 2328 3931 sane
2357 3876 2441 3929 via
2472 3885 2531 3929 ut
2566 3874 2691 3944 quis
2719 3873 3064 3937 exaudiatur,
3093 3880 3177 3928 est
3205 3870 3425 3925 humili-

1856 3979 1956 4026 tas.
1986 3967 2252 4032 Quoniam
2288 3967 2435 4033 inops
2465 3973 2515 4019 et
2550 3979 2748 4033 pauper
2786 3979 2903 4016 sum
2927 3978 3039 4033 ego.
3096 3961 3209 4031 (58)
3236 3958 3427 4015 Humi-

1855 4062 2023 4116 litatis
2055 4070 2139 4115 est
2164 4058 2488 4131 prommium
2518 4057 2572 4111 in
2600 4053 2859 4111 oratione.
2894 4051 3028 4107 Nam
3057 4052 3282 4123 iustitia:
3308 4068 3426 4106 am-

1854 4154 1923 4209 bo
1973 4152 2192 4208 divitias
2237 4152 2578 4223 possidentes
2633 4148 2800 4203 David
2843 4157 3004 4218 atque
3043 4145 3325 4212 Ezechias,
3356 4147 3425 4201 ad

1854 4263 1947 4302 eas
1994 4262 2103 4301 non
2146 4246 2529 4315 respiciebant,
2571 4244 2667 4298 sed
2714 4252 2921 4297 naturae
2948 4241 3185 4311 inopiam
3214 4250 3425 4311 specta-

1854 4340 2003 4404 bant,
2040 4349 2093 4394 et
2128 4337 2239 4392 Deo
2266 4337 2642 4407 supplicabant
2672 4344 2732 4389 ut
2764 4351 2882 4390 eam
2931 4342 3247 4405 paupertate
3290 4334 3425 4389 aﬂ’e—

1854 4442 1997 4487 etam
2042 4431 2417 4486 miseraretur.
2461 4428 2593 4483 Illud
2629 4436 2807 4481 autem
2847 4423 3125 4495 :Inclina,
3176 4425 3420 4491 Domine,

169 4509 379 4582 ταύτην
430 4511 671 4599 πτωχείᾳ
722 4512 1172 4583 συνεζευγμένην.
1238 4514 1311 4567 Τὸ
1375 4515 1432 4568 δὲ
1456 4555 1472 4579 ,
1509 4515 1748 4580 Κλῖνον,

1855 4542 2036 4579 aurem
2076 4535 2243 4589 tuam,
2273 4540 2339 4579 ex
2376 4521 2690 4592 metaphora
2725 4521 2958 4590 positum
3007 4527 3111 4586 est,
3160 4520 3317 4590 quasi
3356 4537 3423 4575 ex

168 4604 371 4670 Κύριε,
405 4603 475 4654 τὸ
502 4596 609 4667 οὖς
636 4615 774 4664 σου,
830 4603 895 4655 ὲκ
938 4606 1247 4675 μεταφορᾶς
1294 4604 1535 4659 τέθεικεν
1567 4604 1749 4677 ἀρρώ-

1856 4615 2165 4671 inﬁrmitate
2212 4631 2318 4670 non
2372 4614 2545 4685 possit
2587 4612 2752 4667 altius
2784 4613 3040 4679 clamare,
3071 4621 3125 4668 et
3150 4612 3423 4669 medicum

170 4712 300 4748 στου
330 4694 482 4757 τινὸς
516 4693 619 4747 ὑπὸ
644 4693 923 4759 ἀσθενείας
951 4696 1319 4769 γεγωνότερον
1348 4698 1409 4750 οὐ
1450 4697 1747 4767 δυναμένου

167 4786 375 4851 λαλεῖν,
410 4786 507 4838 καὶ
552 4784 643 4837 τὸν
671 4786 853 4858 ἰατρὸν
887 4786 1230 4857 προσκλίνειν
1289 4786 1367 4857 τῷ
1394 4788 1623 4859 στόματι
1649 4788 1749 4859 τὴν

168 4877 342 4948 ἀκοὴν
372 4874 794 4943 ἀναγκάζοντος.

236 4968 529 5031 φύλαξον
588 4966 701 5036 τὴν
745 4969 956 5038 ψυχήν
1013 4988 1160 5039 μου,
1219 4969 1309 5023 ὅτι
1377 4968 1548 5036 ὅσιός
1610 4972 1746 5041 ειμι.

180 5059 297 5127 Ἀφ’
328 5051 408 5111 ὧν
439 5056 797 5129 κατώρθωσεν
824 5058 1043 5127 ἀγαθῶν
1087 5059 1491 5131 ἐπακουσθῆναι
1524 5061 1743 5128 ἐξαιτεῖ.

167 5147 386 5201 Σῶσον
425 5147 533 5200 τὸν
557 5146 782 5202 δοῦλόν
810 5163 947 5213 σου,
992 5150 1023 5201 ὁ
1064 5150 1206 5215 Θεός
1256 5167 1405 5217 μου,
1445 5150 1552 5204 τὸν
1581 5152 1750 5206 ἐλπί-

167 5238 344 5298 ζοντα
391 5237 491 5291 ἐπί
531 5237 653 5291 σοί.
698 5237 914 5309 Ἐπειδὴ
954 5238 1096 5292 ὅσιον
1140 5238 1330 5293 ἑαυτὸν
1362 5240 1745 5313 ἀνηγόρευσεν,

166 5330 260 5383 ἐπὶ
292 5329 358 5382 τὸ
381 5329 635 5383 ταπεινὸν
678 5330 837 5383 πάλιν
886 5329 1179 5402 καταφέρει
1214 5331 1307 5384 τὸν
1352 5329 1526 5400 λόγον,
1566 5333 1747 5387 δοῦλον

168 5420 361 5473 ἑαυτὸν
396 5420 847 5492 ἀπογραφόμενος
876 5420 967 5473 τοῦ
998 5420 1152 5485 Θεοῦ,
1180 5422 1274 5475 καὶ
1312 5421 1398 5475 ἐπ’
1426 5422 1573 5493 αὐτῷ
1605 5426 1747 5494 μόνῳ

169 5511 265 5581 τὴν
296 5512 493 5565 ἐλπίδα
520 5512 621 5583 τῆς
645 5513 919 5584 σωτηρίας
950 5512 1092 5584 ἔχειν
1119 5514 1601 5586 ἐπαγγειλάμενος.

207 5664 251 5698 ’⁸
289 5664 504 5721 Coloss.
538 5684 575 5732 I,
610 5664 700 5719 20.
776 5664 818 5697 ⁸⁸
856 5664 988 5722 Luc.
1021 5684 1058 5735 ι,
1090 5668 1179 5724 54.

1855 4714 2012 4777 cogat
2042 4714 2101 4761 ut
2131 4722 2291 4762 aures
2314 4707 2395 4761 ori
2426 4706 2730 4761 admoveat.

1922 4968 1971 5020 2.
2017 4967 2237 5022 Custodi
2268 4970 2501 5021 animam
2542 4984 2729 5034 meam,
2761 4970 3009 5037 quoniam
3039 4980 3249 5022 sanctus
3279 4984 3417 5025 sum.

1850 5057 1931 5113 Ob
1960 5058 2101 5113 bona
2129 5074 2293 5128 opera
2320 5074 2442 5129 quae
2468 5060 2636 5114 edidit
2663 5060 2903 5129 postulat
2927 5061 3170 5116 exaudiri
3200 5060 3421 5116 se.Sal-

1851 5166 1969 5203 vum
2001 5150 2087 5217 [ac
2119 5166 2321 5205 servum
2366 5161 2534 5215 tuum,
2562 5148 2702 5205 Deus
2738 5166 2903 5215 meus,
2944 5160 3239 5219 sperantem
3267 5151 3323 5205 in
3351 5162 3417 5206 te.

1852 5237 2144 5309 Postquam
2193 5256 2251 5295 se
2289 5252 2536 5296 sanctum
2588 5257 2708 5297 esse
2753 5242 2910 5307 dixit,
2939 5242 3007 5297 ad
3059 5242 3419 5297 humilitatem

1856 5348 2072 5386 rursum
2113 5348 2419 5387 sermonem
2450 5334 2734 5401 convertit,
2771 5349 2987 5388 servum
3027 5348 3147 5389 sese
3192 5333 3423 5387 Domino

1854 5424 2153 5489 aseribens,
2186 5434 2349 5494 atque
2381 5440 2531 5496 spem
2566 5425 2755 5482 salutis
2792 5426 2847 5481 in
2892 5427 3043 5481 illum
3074 5433 3284 5481 tantum
3322 5425 3417 5479 ha-

1854 5518 1981 5573 bere
2006 5533 2064 5573 se
2093 5518 2410 5575 testiﬁcatus

240 5782 355 5853 (38)
398 5780 579 5837 Locus
624 5793 928 5854 suspectus,
960 5793 1040 5839 est
1087 5785 1137 5838 in
1185 5800 1291 5838 uno
1320 5789 1526 5841 tantum
1558 5789 1739 5847 codice
1778 5789 1997 5845 nomine
2021 5788 2325 5843 Athanasii.
