4076 6308
709 350 812 402 575

712 552 975 610 Doccmur
1002 557 1168 618 hisce,
1201 571 1322 609 eum
1346 557 1490 625 quia
1521 555 1630 609 Deo
1657 556 1934 626 quidpiam
1965 556 2092 610 boni
2132 558 2275 611 acci-

711 663 837 716 pere
866 648 1118 711 voluerit,
1153 648 1349 701 debere
1394 648 1733 703 incessanter
1767 649 1820 703 in
1865 649 2118 719 precibus
2150 665 2274 702 ver-

711 741 841 793 sari.

780 830 832 884 5.
878 830 1137 895 Quoniam
1171 842 1248 897 tu,
1275 832 1515 896 Domine,
1536 834 1710 886 suavis
1737 843 1784 886 et
1811 835 1976 886 mitis.
1996 832 2159 886 Docet
2179 848 2274 887 eos

711 924 802 992 qui
836 925 900 976 ad
930 923 1095 976 Deum
1120 924 1404 986 accedunt,
1426 933 1484 976 ut
1507 940 1572 978 ne
1600 925 1746 978 anxii
1781 926 1908 983 sint.
1929 927 1972 978 si
2001 926 2142 978 dona
2165 935 2276 978 tan-

713 1014 878 1081 tisper
898 1014 1126 1067 dill‘erat.
1156 1014 1270 1068 Erit
1298 1016 1495 1083 quippe
1525 1015 1632 1070 illis
1667 1016 1954 1085 prOpitius,
1976 1024 2160 1085 utpote
2181 1016 2272 1086 qui

711 1114 1023 1161 mansuetus
1059 1105 1127 1159 sit
1159 1114 1212 1158 et
1243 1104 1392 1159 dives
1425 1106 1477 1158 in
1512 1106 1903 1160 misericordia.

779 1279 830 1332 8.
875 1279 997 1335 Non
1027 1293 1101 1335 est
1129 1284 1318 1336 similis
1366 1285 1444 1336 tui
1484 1284 1536 1336 in
1565 1284 1690 1349 diis,
1729 1284 1966 1338 Domine.
2009 1283 2146 1338 Deos
2176 1299 2273 1337 vo-

709 1381 794 1425 cat
848 1384 1063 1428 sanctos
1099 1376 1390 1443 prophetas
1437 1375 1504 1429 ad
1553 1391 1693 1444 quos
1741 1392 1919 1430 sermo
1950 1375 2163 1429 Domini
2195 1377 2274 1430 la-

706 1476 846 1519 ctus.
875 1466 963 1519 Ait
991 1476 1166 1520 autem
1201 1468 1467 1522 neminem
1499 1469 1880 1537 prophetarum
1921 1472 2162 1538 potuisse
2204 1469 2270 1522 li-

706 1555 896 1612 berare
943 1558 1189 1612 homines
1223 1574 1251 1611 a
1281 1569 1525 1628 peccato,
1572 1561 1675 1614 nisi
1734 1561 1907 1614 solum
1959 1560 2270 1624 Dominum,

702 1647 857 1714 juxta
901 1648 952 1700 id
991 1648 1136 1716 quod
1181 1650 1309 1703 alibi
1353 1651 1559 1704 dictum
1590 1660 1714 1704 est:
1756 1649 1875 1702 Non
1920 1651 2141 1721 legatus,
2171 1667 2271 1704 non

707 1737 942 1807 angelus,
976 1740 1064 1792 sed
1097 1741 1201 1807 ipse
1236 1740 1492 1794 Dominus
1521 1742 1742 1795 salvavit
1777 1760 1869 1796 nos
1891 1743 1952 1795 ¹⁵.

778 1916 862 1970 11.
905 1915 1133 1969 Lwtetur
1159 1933 1248 1968 cor
1280 1934 1448 1970 meum
1477 1928 1532 1970 ut
1557 1920 1735 1973 timeat
1770 1938 1955 1974 nomen
1982 1932 2147 1976 tuum.
2167 1921 2269 1987 Qui

705 2009 900 2076 pietate
950 2023 1075 2080 erga
1128 2009 1294 2064 Deum
1350 2012 1649 2066 instructus
1683 2022 1784 2076 est,
1823 2014 2117 2082 legitimum
2151 2017 2272 2069 vitae

705 2103 1010 2156 institutum
1053 2106 1414 2173 amplectitur.
1446 2105 1767 2168 Huiusmodi
1796 2115 1976 2158 autem
2021 2107 2128 2159 vita
2159 2121 2271 2158 ma-

704 2204 786 2246 ter
831 2203 915 2247 est
965 2195 1180 2250 laetitiae.
1210 2197 1398 2250 Merito
1451 2199 1633 2268 itaque
1672 2197 1939 2266 Propheta
1989 2198 2172 2251 divino
2213 2196 2274 2250 ti-

706 2300 858 2338 more
903 2300 999 2338 cor
1053 2302 1210 2340 suum
1259 2287 1517 2343 laatilicari
1569 2303 1726 2357 posse
1757 2289 1978 2355 putavit.
2017 2287 2092 2341 Ita
2127 2288 2269 2341 enim

705 2374 831 2427 alibi
871 2391 1086 2444 quoque
1113 2378 1188 2430 ait
1209 2378 1250 2407 "
1281 2398 1292 2432 :
1332 2378 1566 2432 Laetetur
1595 2395 1684 2430 cor
1717 2379 2060 2446 quaerentium
2092 2378 2273 2431 Domi—

704 2482 847 2531 num,
872 2477 925 2522 et
952 2469 1201 2522 iterum"
1229 2484 1243 2522 :
1274 2469 1473 2522 Memor
1495 2470 1576 2538 fui
1608 2469 1724 2533 Dei,
1743 2481 1790 2523 et
1823 2470 2109 2523 delectatus
2133 2487 2268 2523 sum.

776 2643 1171 2711 12.Con/itebor
1194 2644 1309 2709 tibi,
1334 2643 1549 2696 Domine
1576 2643 1713 2696 Deus
1733 2659 1897 2706 meus,
1925 2645 1976 2694 in
1997 2651 2098 2694 tote
2120 2641 2274 2693 corde

704 2753 838 2791 meo.
899 2735 1100 2791 Mutata
1130 2747 1350 2806 repente
1375 2740 1620 2791 oratione
1652 2736 1706 2789 in
1737 2735 2138 2791 confessionem
2160 2775 2175 2800 ,
2209 2750 2272 2788 eo

705 2829 846 2898 quod
884 2829 1148 2884 liberatus
1179 2827 1343 2882 fuerit
1372 2829 1442 2881 ab
1466 2827 1681 2881 inferno
1703 2867 1718 2892 ,
1769 2841 1992 2881 causam
2028 2827 2275 2880 enuntiat

704 2938 802 2974 cur
834 2921 1160 2990 peccaverit,
1196 2920 1426 2974 insidias
1457 2919 1751 2973 multorum
1784 2928 1949 2988 atque
1973 2919 2271 2988 potentium

707 3026 1143 3067 commemorans
1169 3053 1182 3073 ,
1222 3011 1398 3079 iisque
1429 3010 1759 3064 adumbrans
1791 3009 2090 3065 invisibiles
2119 3019 2272 3080 pote-

707 3115 896 3171 states,
925 3120 1045 3173 qum
1073 3103 1244 3158 Deum
1276 3111 1400 3157 ante
1435 3103 1626 3158 oculos
1657 3117 1766 3156 non
1800 3103 2160 3156 constituunt.
2193 3101 2269 3155 Tu

705 3209 912 3261 autem,
946 3195 1196 3260 Domine,
1232 3196 1326 3260 ait,
1361 3194 1684 3248 concessisti
1714 3209 1778 3248 ea
1805 3211 1923 3262 quae
1953 3195 2173 3247 minime
2197 3194 2269 3247 illi

706 3287 1111 3358 exspectabant,
1135 3296 1226 3340 tua
1256 3286 1541 3340 clementia
1568 3285 1804 3338 liberans
1834 3285 2068 3337 animam
2098 3301 2271 3338 meam

709 3395 772 3434 ex
824 3379 1038 3433 inferno
1097 3377 1367 3433 infcriori.
1435 3376 1560 3432 Haec
1619 3386 1800 3431 autem
1848 3376 1980 3431 dicit
2023 3376 2274 3431 Christus

709 3473 1015 3529 astantibus
1047 3472 1268 3542 regibus
1317 3480 1473 3525 terra:
1506 3480 1560 3524 et
1591 3470 1926 3540 principibus
1968 3471 2171 3526 coactis
2220 3472 2274 3524 in

710 3582 878 3620 unum
911 3577 1100 3619 contra
1138 3565 1339 3634 ipsum.

780 3658 866 3711 15.
937 3656 1075 3721 Quia
1132 3658 1498 3713 misericordia
1530 3669 1622 3712 tua
1653 3675 1843 3728 magna
1873 3669 1949 3711 est
1986 3676 2140 3728 super
2174 3677 2270 3714 me.

710 3749 874 3816 Quasi
933 3751 1045 3820 jam
1079 3761 1411 3807 consecutus
1460 3753 1603 3821 quod
1660 3753 1911 3820 precibus
1962 3754 2273 3822 postulavit,

712 3859 967 3912 magnam
1003 3843 1096 3897 Dei
1131 3845 1564 3899 misericordiam
1601 3859 1659 3898 se
1693 3846 1746 3899 in
1800 3847 1992 3902 saecula
2025 3847 2276 3900 laudatu-

711 3952 832 3988 rum
863 3937 958 4000 ait,
1015 3937 1142 4006 quia
1177 3953 1367 3992 eorum
1402 3938 1614 3993 animas
1647 3938 1713 3992 de
1743 3954 1907 3994 manu
1943 3937 2100 3992 inferi
2141 3939 2276 3993 libe—

710 4027 868 4080 ravit.

785 4119 870 4173 1L.
912 4119 1092 4184 Deus,
1151 4120 1320 4190 iniqui
1375 4121 1772 4176 insurrexerunt
1823 4139 1976 4190 super
2026 4140 2123 4178 mc.
2184 4123 2279 4179 Ilis

711 4212 951 4266 ostendit
1009 4228 1067 4268 se
1127 4212 1181 4266 in
1244 4223 1523 4282 peccatum
1577 4214 1709 4268 illud
1761 4215 2038 4284 delapsum
2089 4216 2276 4272 fuisse.

712 4303 1001 4368 Quomodo
1030 4313 1207 4357 autem
1232 4346 1243 4366 ,
1272 4305 1372 4360 nisi
1405 4307 1533 4376 quia
1571 4322 1842 4377 synagoga
1886 4308 2134 4377 quaedam
2167 4326 2282 4364 ma-

714 4395 981 4464 lignorum
1007 4396 1294 4464 spirituum
1328 4400 1646 4463 insurrexit,
1679 4408 1732 4452 et
1762 4401 2125 4470 supplantavit
2156 4417 2279 4457 eum

715 4503 782 4540 ne
815 4487 1031 4543 virtutis
1064 4505 1283 4544 cursum
1327 4493 1573 4546 teneret?

787 4579 874 4642 15,
910 4579 995 4632 16.
1035 4579 1099 4632 Et
1128 4591 1182 4633 tu
1206 4623 1218 4645 ,
1251 4581 1471 4637 Domine
1507 4584 1646 4638 Deus
1682 4602 1848 4649 meus,
1894 4588 2206 4653 miserator,
2239 4598 2286 4643 et

718 4670 1013 4724 misericors
1040 4713 1053 4736 ,
1088 4684 1193 4751 etc.
1233 4673 1496 4742 Etiamsi,
1539 4677 1750 4747 inquit,
1789 4681 2196 4751 insurgentibus
2231 4683 2284 4736 in

716 4777 803 4815 me
834 4747 1425 4834 malignis'spiritibus,
1459 4769 1510 4821 in
1545 4781 1826 4838 peccatum
1862 4773 2102 4842 dejectus
2141 4790 2284 4835 sum,

717 4869 780 4906 ac
814 4870 908 4923 per
941 4855 1074 4910 illud
1111 4858 1161 4910 in
1200 4859 1470 4914 infernum
1509 4864 1659 4916 illum
1707 4864 2042 4929 inferiorem,
2109 4867 2201 4920 sed
2231 4877 2286 4920 tu

718 4943 833 5013 ipse
854 4987 869 5009 ,
899 4946 1132 5003 Domine
1155 4993 1169 5014 ,
1204 4960 1324 5004 tuas
1355 4954 1474 5008 illas
1508 4955 1882 5010 miserationes
1915 4957 1966 5009 in
2000 4974 2083 5011 me
2114 4959 2286 5010 cllun-

719 5035 855 5089 dens
886 5037 1124 5095 liberasti
1153 5043 1392 5097 animam
1431 5062 1642 5110 meam;
1679 5065 1847 5116 quare
1876 5064 2095 5103 rursum
2131 5051 2287 5104 mise—

721 5128 1012 5183 ricordiam
1040 5135 1272 5200 postulo.
1311 5135 1500 5192 Veniet
1519 5147 1697 5194 autent
1732 5141 1865 5194 mihi
1890 5141 2282 5205 misericordia,

720 5234 842 5272 eum
873 5238 956 5276 me
986 5227 1263 5291 respicias.

797 5312 880 5365 17.
918 5313 1029 5368 Fac
1065 5334 1264 5370 mecum
1295 5322 1503 5390 signum
1538 5323 1591 5375 in
1623 5323 1833 5377 bonum.
1891 5323 2043 5379 Sicut
2069 5327 2198 5380 olim
2237 5328 2290 5380 in

722 5402 958 5476 [Egypto
995 5410 1120 5463 tiliis
1156 5409 1319 5465 Israel
1356 5413 1570 5482 signum
1595 5415 1742 5469 dedit
1777 5416 2057 5481 Dominus,
2094 5426 2152 5470 ut
2182 5433 2290 5471 non

728 5496 1042 5552 laederentur
1093 5501 1161 5555 ab
1203 5505 1652 5570 exterminatore;
1708 5505 1778 5560 ita
1823 5516 1875 5560 et
1921 5507 2024 5561 sibi
2075 5507 2287 5574 signum

1509 348 1564 401 S.
1605 347 1976 402 ATHANASII
2019 347 2168 403 OPP.
2211 348 2388 402 PARS
2429 348 2514 403 Ill.
2561 379 2627 388 —
2665 348 3075 405 EXEGETICA.
3831 349 3914 402 316

779 467 831 518 3.
875 463 1117 517 Miserere
1146 465 1266 529 mei,
1298 463 1535 531 Domine,
1563 467 1812 535 quoniam
1846 467 1912 518 ad
1941 475 1988 518 te
2013 466 2271 519 clamabo.
2303 472 2347 526 Α

2458 465 2750 533 Ἐλέησόν
2797 483 2892 535 με,
2925 467 3121 532 Κύριε,
3148 464 3234 517 ὅτι
3281 462 3430 534 πρὸς
3455 461 3528 516 σὲ
3560 462 3914 530 κεκράξομαιο

2375 559 2621 610 Διδάσκει
2652 560 2796 628 ἡμᾶς
2830 560 2857 610 ό
2894 557 3069 625 λόγος,
3112 555 3186 619 ὡς
3240 556 3329 608 τὸν
3368 553 3691 625 βουλόμενόν
3719 571 3770 605 τι
3792 555 3919 623 παρὰ

2375 647 2465 698 τοῦ
2492 647 2624 699 Θεοῦ
2641 648 2822 701 λαϐεῖν
2844 648 3069 715 ἀγαθὸν,
3091 646 3428 703 ἀδιάλειπτον
3448 646 3529 699 δεῖ
3543 641 3751 697 εἶναιὲν
3776 661 3920 715 προσ-

2375 740 2579 805 ευχαῑς.

2448 829 2571 881 ’Ὁτι
2594 830 2694 892 σὺ,
2728 831 2920 896 Κύριε,
2945 830 3209 897 χρηστὸς
3237 827 3332 881 καὶ
3371 824 3655 891 ἐπιεικής.
3691 824 3920 877 Διδάσκει

2372 917 2497 979 τοὺς
2520 919 2984 988 προσερχομένους
3016 918 3134 987 Θεῷ
3184 917 3256 987 μὴ
3308 917 3552 988 ἁκηδιᾷν,
3578 919 3627 967 εί
3666 917 3760 968 καὶ
3804 917 3919 985 πῴς

2373 1009 2551 1075 ὀλίγον
2603 1011 2700 1079 τὴν
2749 1011 2892 1064 δόσιν
2944 1009 3319 1062 ἁναὸάλλεται.
3352 1008 3674 1078 ’Ἑσταιγάρ
3721 1008 3920 1070 πάντως

2374 1102 2554 1163 αὐτοῖς
2588 1102 2838 1170 ἐπήκοος,
2891 1101 2985 1154 ἁτε
3033 1101 3266 1170 χρηστὸς
3305 1099 3379 1153 ῶν
3427 1102 3521 1152 καὶ
3551 1100 3684 1152 πολὺ
3716 1099 3829 1151 λίαν
3854 1101 3919 1160 εἰς

2373 1192 2518 1254 ἕλεος
2552 1191 2820 1252 πλούσιος.

2446 1286 2564 1336 Οὺκ
2591 1282 2760 1336 ἔστιν
2782 1284 2979 1352 ὅμοιός
3009 1299 3105 1337 σοι
3133 1285 3204 1335 ἐν
3231 1282 3404 1347 θεοῖς,
3436 1284 3630 1350 Κύριε.
3651 1282 3814 1344 Θεοῦς
3837 1282 3919 1351 μὲν

2372 1377 2478 1448 γὰρ
2509 1380 2633 1441 τοὺς
2666 1377 2849 1445 ἁγίους
2880 1379 3160 1448 προφήτας
3215 1377 3367 1446 φησὶ,
3411 1377 3544 1447 πρὸς
3591 1374 3683 1438 οὓς
3711 1377 3740 1428 ό
3785 1375 3922 1442 λόγος

2371 1469 2462 1522 τοῦ
2482 1468 2615 1521 Θεοῦ
2649 1470 2880 1536 ἐγένετο.
2909 1470 3068 1537 Λέγει
3094 1469 3172 1535 δὲ,
3206 1470 3285 1522 ὅτι
3317 1469 3487 1531 οὐδεὶς
3507 1468 3615 1520 τῶν
3645 1466 3924 1536 προφητῶν

2373 1559 2644 1623 ἐξελέσθαι
2674 1562 2798 1622 τοὺς
2853 1560 3166 1632 ἀνθρώπους
3205 1561 3301 1631 τῆς
3355 1561 3624 1631 ἁμαρτίας
3655 1559 3866 1628 ἴσχυσεν
3895 1558 3922 1627 ἦ

2375 1650 2532 1720 μόνος
2560 1650 2718 1714 αὐτὸς
2748 1652 2775 1702 ό
2803 1651 3024 1722 Κύριος,
3057 1651 3198 1706 κατὰ
3250 1652 3309 1705 τὸ
3361 1651 3646 1722 εἰρημένον
3675 1647 3922 1719 ἀλλαχοῦ·

2375 1747 2455 1797 Οὐ
2489 1744 2773 1812 πρέσϐυς,
2811 1748 2920 1798 οὐκ
2971 1744 3241 1814 ἅγγελος,
3284 1744 3420 1799 ἀλλ’
3463 1743 3643 1807 αὐτὸς
3674 1744 3705 1795 ό
3729 1743 3928 1809 Κύριε(-

2301 1816 2341 1870 B
2369 1835 2602 1889 ἔσωσεν
2626 1835 2802 1905 ἡμᾶς.

2442 1928 2844 1997 Εὑφρανθήτω
2883 1927 2922 1993 ἡ
2961 1927 3171 1994 καρδία
3211 1944 3350 1996 μου,
3404 1926 3510 1980 τοῦ
3541 1926 3848 1995 φοϐεῖσθαι
3872 1925 3929 1976 τὸ

2372 2020 2555 2090 ὄνομά
2586 2036 2722 2074 σου.
2761 2021 2819 2072 Ὁ
2852 2019 2949 2089 τὴν
2977 2020 3104 2090 περὶ
3132 2019 3262 2072 Θεὸν
3289 2018 3570 2072 εὐλάϐειαν
3606 2017 3930 2086 κεκτημένος

2370 2113 2469 2182 τὴν
2497 2112 2716 2181 ἔννομον
2747 2111 3053 2175 ἀσπάζεται
3099 2111 3390 2164 πολιτείαν.
3420 2111 3617 2180 Μήτηρ
3653 2109 3710 2161 δὲ
3750 2110 3932 2177 εὐφρο-

2373 2204 2594 2274 σύνηςή
2624 2203 2843 2273 τοιαύτη
2880 2203 3008 2274 ζωή.
3057 2203 3295 2265 Εἰκότως
3352 2203 3529 2255 τοίνυν
3579 2203 3606 2254 ὁ
3662 2203 3932 2272 προφήτης

2369 2296 2447 2366 τῷ
2477 2295 2627 2366 φόϐῳ
2649 2295 2744 2366 τὴν
2777 2295 2980 2348 οἰκείαν
3011 2294 3374 2365 εὐφρανθῆναι
3398 2293 3622 2364 καρδίαν
3658 2290 3934 2344 ὑπώπτευ-

2374 2404 2484 2440 σεν.
2519 2387 2675 2440 Οὕτω
2723 2386 2832 2457 γὰρ
2888 2386 2982 2439 καὶ
3028 2385 3259 2456 ἀλλαχοῦ
3314 2401 3495 2456 φησιν’
3540 2381 3934 2452 Εὐφρανθήτω

2371 2478 2582 2546 καρδία
2603 2478 2930 2546 ζητούντων
2976 2478 3083 2531 τὸν
3118 2480 3352 2547 Κύριον·
3386 2481 3480 2532 καὶ
3517 2478 3698 2531 πάλιν·
3739 2475 3936 2545 Ἐμνή-

2370 2575 2530 2637 σθην
2557 2572 2663 2625 τοῦ
2701 2572 2868 2634 Θεοῦ,
2899 2571 2995 2624 καί
3026 2570 3384 2640 εὐφράνθην.

2456 2663 3004 2732 Ἑξομολογήσομαι
3057 2678 3176 2727 σοι,
3225 2664 3403 2730 Κύριε
3432 2665 3466 2716 ό
3516 2664 3659 2728 Θεός
3681 2678 3820 2730 μου,
3873 2661 3938 2713 ἐν

2372 2756 2483 2825 ὅλῃ
2512 2756 2720 2824 καρδίᾳ
2740 2773 2876 2825 μου.
2930 2754 3264 2810 Μεταὸαλὼν
3296 2757 3394 2828 τὴν
3453 2755 3761 2825 προσευχὴν
3787 2752 3938 2816 εὐθὺς

2372 2852 2451 2912 είς
2477 2849 2881 2920 ἐξομολόγησιν,
2913 2850 2997 2917 ἐφ’
3048 2845 3129 2911 οἷς
3179 2848 3417 2921 ὲρῤύσθη
3444 2846 3536 2900 τοῦ
3564 2847 3711 2918 ᾅδου,
3741 2846 3836 2917 τὴν
3862 2846 3938 2899 αί-

2372 2942 2492 2995 τίαν
2522 2942 2916 3013 ὲξαγορεύειδι“
2941 2944 3006 3013 ἢν
3037 2943 3272 3012 ἥμαρτε,
3303 2942 3475 3010 λέγων
3505 2940 3794 3009 ἐπιϐουλὴν
3823 2941 3940 2992 πολ-

2373 3035 2476 3088 λῶν
2498 3052 2557 3088 τε
2583 3035 2676 3087 καὶ
2711 3034 3002 3105 κραταιῶν,
3035 3035 3397 3104 αἰνιττόμενος
3427 3032 3525 3095 τὰς
3565 3033 3828 3102 άοράτους
3859 3032 3939 3083 δυ-

2301 3152 2341 3209 C
2374 3129 2584 3200 νάμεις,
2624 3127 2698 3198 μὴ
2730 3127 2962 3198 θεμένας
3007 3127 3112 3197 πρὸ
3165 3125 3271 3177 τῶν
3302 3123 3593 3194 ὀφθαλμῶν
3651 3123 3740 3176 τὸν
3794 3122 3940 3175 Θεόν.

2379 3224 2449 3274 Σὺ
2478 3223 2554 3284 δὲ,
2586 3221 2780 3292 Κύριε,
2811 3220 2996 3288 φησὶν,
3028 3219 3169 3287 άπερ
3204 3219 3399 3270 ἐκεῖνοι
3442 3217 3513 3286 μὴ
3543 3216 3942 3285 προσεδόκησαν

2381 3313 2779 3386 συνεχώρησας,
2833 3313 3134 3384 ῥυσάμενος
3180 3311 3279 3379 τὴν
3340 3308 3516 3377 ψυχήν
3579 3324 3678 3376 μου
3728 3307 3787 3372 ἐξ
3823 3306 3944 3376 ᾅδου

2379 3406 2690 3459 κατωτάτου
2717 3402 3097 3475 φιλανθρωπία
3125 3404 3189 3471 τῇ
3231 3403 3318 3470 σῇ.
3351 3399 3511 3467 Λέγει
3536 3400 3593 3450 δὲ
3630 3398 3799 3452 ταῦτα
3821 3399 3946 3468 Χρι-

2383 3499 2523 3563 στὸς,
2556 3496 2949 3568 παραστάντων
2973 3494 3080 3547 τῶν
3116 3492 3376 3562 βασιλέων
3427 3492 3524 3560 τῆς
3553 3490 3676 3560 γῆς,
3705 3491 3797 3544 καὶ
3847 3490 3946 3543 τῶν

2380 3589 2651 3660 ἀρχόντων
2682 3585 3051 3657 συναχθέντων
3089 3585 3181 3638 ἐπὶ
3208 3585 3269 3636 τὸ
3301 3583 3431 3636 αὐτὸ
3461 3586 3579 3635 κατ’
3602 3582 3789 3637 αὑτοῦ.

2454 3680 2579 3731 ’Ότι
2616 3677 2682 3730 τὸ
2717 3679 2890 3741 ἔλεός
2933 3691 3048 3729 σου
3091 3674 3244 3743 μέγα
3289 3674 3381 3726 ἐπ’
3430 3672 3551 3740 ἐμέ.
3598 3673 3684 3734 Ὡς
3744 3672 3844 3742 ἤδη
3877 3671 3948 3733 είς

2383 3769 2554 3840 πέρας
2604 3767 2781 3820 αὐτῶν
2833 3766 3091 3835 ἀχθείσης
3144 3764 3244 3833 τῆς
3297 3762 3626 3833 προσευχῆς,
3689 3761 3750 3814 τὺ
3812 3763 3947 3832 μέγα

2382 3860 2528 3922 ἕλεος
2548 3858 2641 3911 τοῦ
2669 3857 2801 3910 Θεοῦ
2827 3861 2906 3920 είς
2929 3859 3053 3920 τοὺς
3079 3855 3280 3918 αἰῶνας
3303 3855 3533 3909 αἰνέσειν
3568 3855 3749 3925 φησίν·
3786 3855 3866 3906 ὅτι
3891 3853 3948 3923 δὴ

2385 3953 2478 4006 καὶ
2504 3951 2683 4005 αὐτῶν
2714 3953 2777 4005 ὲκ
2813 3951 2992 4022 χειρὸς
3025 3949 3152 4021 ᾅδου
3179 3948 3278 4012 τὰς
3304 3949 3478 4018 ψυχάς
3508 3945 3895 4016 ἠλευθέρωσεν.

2431 4129 2492 4180 '0
2510 4126 2673 4192 Θεὸς,
2693 4123 3016 4194 παράνομοι
3035 4124 3462 4188 ἐπανέστησαν
3479 4121 3570 4174 ἐπ’
3582 4119 3699 4190 ἐμέ.
3715 4119 3950 4174 Δείκνυσι

2385 4219 2474 4272 διὰ
2497 4216 2813 4280 τούτων,ῶς
2851 4218 2928 4279 είς
2960 4216 3055 4286 τὴν
3088 4215 3360 4285 ἁμαρτίαν
3393 4214 3605 4282 ἐκείνην
3638 4213 3948 4266 κατέπεσεν.

2370 4303 2512 4375 ίΙΙῶς
2543 4310 2620 4373 δὲ,
2655 4309 2688 4380 ἢ
2717 4312 2780 4362 ὲκ
2799 4307 2892 4360 τοῦ
2921 4307 3241 4377 συναγωγήν
3281 4322 3402 4358 τινα
3443 4303 3692 4374 πονηρῶν
3719 4303 3948 4373 πνευμά-

2390 4422 2497 4458 των
2525 4404 2898 4474 ὲπαναστῆναι
2961 4401 3054 4454 καὶ
3104 4399 3455 4453 ὑποσκελίσαι
3490 4398 3653 4452 αὐτὸν
3698 4396 3792 4450 τοῦ
3841 4399 3950 4451 κατ’

2317 4495 2358 4548 D
2388 4496 2585 4567 ἀρετὴν
2619 4497 2814 4567 δρόμου
2831 4512 2845 4560 ;

2460 4590 2569 4643 Καὶ
2628 4588 2729 4653 σὺ,
2781 4588 2955 4660 Κύριε
3005 4590 3036 4640 ό
3099 4587 3240 4650 Θεος
3281 4603 3420 4654 μου,
3493 4584 3805 4652 οἰκτίρμων
3862 4583 3947 4634 καὶ

2388 4679 2674 4749 ἐλεήμων.
2708 4681 2768 4731 El
2821 4679 2934 4743 καὶ,
2988 4677 3400 4731 ἐπαναστάντων
3435 4693 3522 4745 μοι
3555 4674 3662 4726 τῶν
3713 4674 3953 4744 πονηρῶν

2393 4772 2739 4842 πνευμάτων,
2772 4772 2924 4840 φησὶ,
2952 4769 3288 4839 κατηνέχθην
3325 4771 3403 4831 είς
3435 4768 3730 4838 ἁμαρτίαν,
3757 4769 3847 4822 καὶ
3891 4767 3951 4820 δι’

2392 4866 2560 4935 αὐτῆς
2605 4865 2683 4928 εἰς
2725 4865 2814 4917 τὸν
2875 4864 3228 4935 προκείμενον
3281 4860 3591 4914 κατώτατον
3641 4862 3792 4932 ᾇδηνο
3829 4859 3954 4914 άλλὰ

2395 4959 2480 5020 σὺ,
2510 4957 2703 5028 Κύριε,
2734 4957 2913 5021 αὐτὸς,
2947 4958 3072 5020 τοὺς
3116 4956 3345 5017 οἰκείους
3386 4955 3699 5023 οίκτιρμοὺς
3733 4954 3826 5006 καὶ
3874 4951 3952 5004 ἐπ’

2393 5051 2515 5119 ἐμοὶ
2543 5048 2884 5117 ὲφαπλὼσας,
2916 5050 3130 5121 ipsum
3163 5049 3259 5119 τὴν
3284 5048 3458 5117 ψυχήν
3494 5064 3593 5115 μου
3639 5046 3716 5097 διὸ
3741 5045 3832 5097 καὶ
3859 5042 3953 5097 πά-

2393 5142 2474 5194 λιν
2509 5141 2772 5195 ἐλεεῖσθαι
2806 5142 3021 5208 egomt).
3074 5141 3263 5193 Ἔσται
3314 5139 3369 5192 δέ
3409 5155 3498 5208 μοι
3522 5140 3551 5189 ό
3577 5138 3721 5198 ἕλεος
3754 5136 3840 5188 διὰ
3867 5132 3950 5187 τοῦ

2396 5227 2682 5302 ἐπιϐλέψαι
2718 5251 2773 5285 σε
2800 5237 2878 5296 εἰς
2898 5233 3012 5303 ἐμέ.

2465 5328 2729 5392 Ποίησον
2765 5328 2885 5386 μετ’
2909 5326 3054 5396 ἐμοῦ
3082 5323 3333 5394 σημεῖον
3366 5324 3450 5387 εἰς
3473 5320 3711 5390 ἀγαθόν.
3751 5321 3951 5388 ’Ὠσπερ

2395 5416 2560 5468 πάλαι
2610 5416 2665 5467 ὲν
2715 5418 2974 5487 Αίγυπτῳ
3031 5419 3141 5478 τοῖς
3187 5415 3319 5476 υἱοῖς
3373 5409 3586 5481 Ἰσραὴλ
3626 5411 3848 5478 σημεῖον
3877 5407 3952 5460 δέ·

2393 5509 2562 5562 δωκεν
2594 5510 2622 5561 ὁ
2651 5508 2800 5571 Θεὸς,
2827 5507 2920 5562 τοῦ
2951 5507 3024 5578 μὴ
3071 5504 3386 5578 ἀδικηθῆναι
3432 5501 3630 5565 αὐτοὺς
3677 5500 3830 5571 παρὰ
3865 5498 3948 5552 τοῦ
