4094 6312
114 355 205 407 377
1130 365 1496 427 EXPOSITIO
1537 371 1602 428 IN
1645 372 1972 434 PSALMUM
2011 380 2314 440 LXXXVII.

3228 396 3332 450 378

115 466 614 570 όλοθρε-ιηοῦχοῦτω
637 475 729 528 καὶ
773 476 921 548 αὑτῷ
948 481 1171 551 σημεῖον
1209 485 1429 556 δοθῆναι
1453 487 1667 560 ἐξαιτεῖ,

1774 495 1892 550 dari
1930 509 2107 568 rogat,
2139 508 2197 554 ut
2223 514 2320 570 per
2345 499 2478 557 illud
2512 511 2778 570 servetur,
2822 513 2877 560 et
2906 504 3160 562 inimicos
3201 522 3333 566 con-

115 560 246 708 ῗκὲνς
272 559 342 666 αν
375 563 471 616 καὶ
495 565 738 639 φυλαχθῇ
767 567 834 622 δι’
858 571 1044 637 αὐτοῦ,
1076 574 1170 628 καὶ
1191 579 1526 655 καταισχύνῃ
1549 559 1674 649 τοὺς

140 671 166 708 γ
201 671 351 708 ρους.

114 653 351 726 ἐχθρούς.

280 743 413 811 Τοῖς
439 745 592 814 υἱοῖς
623 751 770 818 Κορὲ
801 754 1107 810 ΨΑΛΜΟΣ
1139 756 1318 828 ᾠδῆς.
1353 761 1494 831 [ις’.

732 847 744 866 '
755 848 1059 915 Υπόθεσις.

117 929 323 998 ’ᾼδουσι
355 933 518 988 πάλιν
540 936 629 989 τὸν
662 937 872 1009 ψαλμὸν
929 941 1118 996 τοῦτον
1171 946 1220 998 oi.
1252 944 1347 1001 τιὸ
1384 948 1526 1020 Κορὲ
1572 951 1674 1004 uio}.

166 1025 246 1085 εἰς
308 1025 412 1097 τὴν
461 1028 802 1101 Ἐκκλησίαν,
832 1033 900 1085 δι’
928 1034 1093 1088 αὑτοῦ
1153 1039 1516 1108 κηρύσσοντες
1569 1041 1673 1094 τῶν

171 1112 346 1168 ἐθνῶν
376 1118 480 1188 τὴν
508 1119 719 1190 κλῆσιν,
780 1125 874 1177 καὶ
908 1125 1006 1195 τὴν
1043 1129 1342 1200 γενομένην
1378 1131 1673 1202 ὲπίλαμψιν

168 1208 233 1275 τῇ
287 1207 592 1282 Ἐκκλησία
623 1213 717 1267 τοῦ
750 1217 1082 1284 Μονογενοῦς
1107 1219 1194 1274 διὰ
1226 1222 1322 1290 τῆς
1371 1223 1507 1292 μετὰ
1540 1240 1672 1294 σαρ-

170 1296 261 1360 κὸς
289 1301 626 1372 οίκονομίας.

172 1390 233 1440 οι
268 1390 532 1458 θεμέλιοι
577 1395 763 1450 αὐτοῦ
817 1399 886 1453 ἐν
937 1401 1060 1468 τοῖς
1102 1403 1268 1470 ὄρεσι
1303 1405 1427 1471 τοῖς
1458 1406 1669 1476 ἁγίοις.

110 1480 271 1532 Αὑτοῦ
310 1484 415 1552 μὲν
443 1486 538 1539 τοῦ
569 1487 867 1558 κληθέντος.
883 1493 970 1547 διὰ
1001 1495 1098 1565 τῆς
1135 1498 1370 1562 πίστεως
1400 1499 1548 1553 λαοῦ.
1578 1501 1674 1554 Λὲ·

107 1589 183 1666 γει
208 1572 285 1636 δὲ,
326 1577 409 1630 ὅτι
446 1580 506 1643 ἐξ
533 1580 703 1636 ἐθνῶν
725 1582 849 1649 λαὸς
878 1588 1270 1663 ἐπῳκοδομήθη
1301 1593 1392 1646 ἐπὶ
1414 1593 1492 1664 τῷ
1523 1593 1675 1666 θεμεο

107 1663 194 1727 λίῳ
229 1666 339 1719 τῶν
376 1671 690 1728 ἀποστόλων
725 1677 816 1730 καὶ
847 1681 1160 1750 προφητῶν.

183 1756 408 1826 ’Δῃτιπᾷ
446 1763 662 1831 Κύριος
690 1767 795 1834 τὰς
847 1771 1043 1838 πύλας
1074 1773 1226 1827 Σιὼν
1281 1778 1430 1844 ὑπὲρ
1477 1777 1671 1832 πάντα

107 1850 169 1902 τὰ
210 1853 574 1924 σκηνώματα
631 1859 851 1915 Ἰακώϐ.
917 1864 1095 1928 Πύλας
1135 1866 1270 1920 Σιὼν
1299 1868 1394 1939 τὴν
1438 1871 1668 1938 εἰσαγω-

107 1947 257 2014 γικὴν
309 1948 408 2000 καὶ
446 1950 758 2023 στοιχειώδη
813 1954 1162 2011 διδασκαλίαν
1200 1960 1302 2029 τῆς
1346 1961 1669 2032 Ἐκκλησίας

109 2040 247 2105 φησί·
285 2040 620 2112 σκηνώματα
642 2044 698 2098 δὲ
721 2047 912 2100 Ἰακὼϐ
931 2048 1027 2120 τὴν
1045 2051 1186 2104 κατὰ
1206 2051 1368 2122 νόμον
1393 2053 1662 2124 λατρείαν.

106 2132 260 2200 Φησὶν
287 2129 386 2187 οὖν
413 2133 491 2197 ὡς
513 2137 848 2211 αἱρετωτέρα
897 2141 1144 2213 κέκριται
1191 2145 1339 2216 παρὰ
1372 2145 1448 2216 τῷ
1471 2146 1588 2218 Θεῷ
1633 2149 1665 2218 ή

105 2223 423 2295 εὖαγγελικὴ
458 2226 703 2281 πολιτεία
725 2230 824 2299 τῆς
875 2233 1016 2286 κατὰ
1066 2235 1227 2306 νόμον
1254 2235 1526 2306 λατρείας.

169 2311 592 2385 Δεδοξασμένα
616 2318 883 2387 ἐλαλήθη
908 2322 1039 2390 περὶ
1093 2325 1232 2387 σοῦ,
1276 2327 1315 2394 ἡ
1355 2327 1531 2393 πόλις
1562 2327 1668 2382 τοῦ

107 2402 267 2456 Θεοῦ.
314 2405 482 2468 Πόλις
538 2408 638 2476 μὲν
695 2411 1071 2482 ἡἘκκλησία.
1122 2416 1256 2468 Ποῖα
1308 2417 1668 2487 δεδοξασμένα

107 2494 326 2566 ἐλαλήθη
349 2499 481 2568 περὶ
533 2499 722 2571 αὐτῆς,
765 2502 797 2572 ἢ
851 2503 912 2556 τὸ
935 2505 1256 2574 κατοικῆσαι
1300 2507 1358 2560 ὲν
1404 2508 1540 2579 αὐτῇ
1575 2509 1667 2562 τὸν

106 2588 397 2661 Μονογενῆ,
428 2591 574 2646 κατὰ
597 2594 657 2647 τὸ
683 2596 988 2666 εἰρημένονο
1011 2592 1153 2653 Ὧδε
1193 2599 1550 2667 κατοικήσω,
1579 2601 1668 2654 ὅτι

106 2683 466 2754 ῄρετισάμην
501 2688 729 2757 αὐτήν;

169 2775 605 2844 Μνησθήσομαι
677 2778 858 2831 Ῥαὰό
928 2779 1026 2832 καὶ
1099 2781 1471 2848 Βαϐυλῶνος.
1547 2782 1668 2836 Τῶν

105 2867 534 2934 ἐπιστρεφόντων
579 2869 658 2932 εἰς
703 2869 824 2938 ἐμὲ,
862 2871 1014 2941 φησὶ,
1059 2873 1278 2944 μνήμην
1338 2875 1417 2937 εἰς
1467 2875 1669 2944 ἀγαθὸν

107 2959 412 3028 ποιήσομαι,
451 2960 486 3028 ἦ
539 2961 635 3013 καὶ
677 2960 784 3014 τῶν
812 2963 1054 3027 ἐκτόπως
1108 2966 1188 3028 εἰς
1233 2965 1543 3036 φιληδονίαν
1577 2969 1669 3021 ὲκ-

107 3050 448 3113 κεκλικότων,
486 3052 581 3105 καὶ
601 3043 710 3106 τῶν
739 3053 876 3123 ἄγαν
906 3055 1454 3128 εἰδωλολατρούντων.
1487 3058 1670 3114 Ταῦτα

105 3141 202 3211 γὰρ
245 3144 376 3212 ἡμῖν
424 3145 664 3216 ὲσήμανε
699 3145 788 3199 διὰ
834 3147 935 3215 τῆς
995 3147 1162 3200 Ῥαὰϐ
1207 3150 1300 3202 καὶ
1332 3149 1664 3212 Βαϐυλῶνος.

105 3232 205 3283 Καὶ
243 3233 401 3288 Ἰδοὺ
444 3235 784 3304 ἀλλόφυλοι
842 3236 939 3290 καὶ
998 3238 1178 3304 Τύρος
1238 3238 1332 3290 καὶ
1374 3238 1522 3304 λαὸς
1550 3237 1668 3292 τῶν

103 3328 406 3382 Αἰθιόπων.
436 3331 687 3383 Διδάσκει
713 3331 860 3401 ἡμᾶς
889 3332 917 3384 ὁ
961 3329 1118 3398 λόγος
1149 3330 1354 3400 σαφῶς,
1385 3332 1467 3384 δτι
1505 3331 1570 3403 δὴ
1604 3334 1669 3385 ὲκ

103 3419 308 3474 πάντων
340 3423 452 3478 τῶν
481 3423 652 3477 ἐθνῶν
684 3425 717 3494 ὴ
757 3424 1048 3494 Ἐκκλησία
1078 3423 1423 3495 συνέστηκεν.

170 3513 369 3582 Μήτηρ
427 3514 581 3568 Σιὼν
610 3515 748 3581 ἐρεῖ·
804 3517 1177 3583 Ἀνθρωπος,
1209 3517 1307 3569 καὶ
1359 3515 1670 3586 ἅνθρωπος

102 3605 382 3672 ἐγεννήθη
406 3608 478 3659 ἐν
505 3605 680 3674 αὐτῇ.
720 3607 946 3678 Μητέρα
995 3607 1147 3677 φησὶ,
1205 3607 1358 3677 δῆλον
1385 3608 1461 3672 δὲ,
1509 3610 1590 3662 ὅτι
1617 3610 1666 3662 οἱ

105 3697 526 3760 πεπιστευκότες
569 3695 664 3767 τὴν
692 3695 830 3749 Σιὼν
862 3698 979 3766 ἦτοι
1011 3697 1109 3767 τὴν
1163 3695 1484 3768 Ἐκκλησίαν
1543 3700 1667 3752 ὲπι-

103 3785 435 3857 γραφόμεθα,
458 3789 516 3840 ὲν
548 3781 630 3859 ﬁs
658 3786 959 3859 ἄνθρωπος.
983 3786 1016 3858 ἢ
1036 3789 1064 3841 ὁ
1094 3786 1253 3852 αὐτὸς
1280 3792 1308 3843 ὁ
1336 3787 1667 3859 θεμελιώσας

104 3877 281 3947 αὑτήν.
326 3874 498 3942 Οὗτος
552 3879 610 3933 δέ
659 3881 807 3932 ἐστιν
850 3882 881 3934 ὁ
940 3883 1230 3954 γενόμενος
1289 3883 1356 3936 δι’
1385 3882 1532 3952 ἡμᾶς
1570 3880 1665 3935 ἄν·

104 3967 330 4039 θρωπος,
363 3971 460 4024 καὶ
496 3971 964 4040 ἐπαγγελλόμενος
994 3975 1087 4028 ἐπὶ
1115 3974 1214 4046 τὴν
1268 3974 1474 4046 πέτραν
1508 3972 1669 4044 θεμε-

102 4059 281 4115 λιῶσαι
329 4062 430 4133 τὴν
482 4063 826 4133 Ἐκκλησίαν.

170 4158 384 4224 Κύριος
441 4156 788 4226 ὄιηγῑὶιηξται
844 4157 916 4211 ἐν
960 4157 1158 4228 γραφῇ
1198 4157 1365 4213 λαῶν
1412 4159 1510 4213 καὶ
1561 4159 1668 4226 ἀρ-

101 4247 341 4314 χὸντων.
380 4248 501 4302 Τῶν
534 4249 698 4314 λαῶν,
743 4251 898 4321 φησὶ,
943 4251 1035 4304 καὶ
1069 4249 1177 4303 τῶν
1237 4251 1512 4322 ἀρχόντων
1559 4251 1667 4304 τῶν

102 4338 153 4390 ἐν
189 4340 318 4408 αὐτῇ
377 4342 446 4408 τῇ
491 4340 785 4412 Ἐκκλησία
815 4341 1141 4412 γενομένων,
1173 4342 1200 4394 ὁ
1247 4340 1450 4410 Κύριος
1477 4340 1669 4411 διηγή-

101 4446 245 4483 σεται
272 4431 370 4499 τὴν
389 4432 631 4501 γραφήν.
687 4434 796 4487 Καὶ
826 4433 942 4496 πῶς
990 4432 1076 4497 ἂν,
1106 4432 1290 4502 φησὶν,
1331 4431 1364 4502 ἢ
1395 4430 1491 4502 τὴν
1527 4431 1663 4483 ἀπο-

1775 588 1986 644 fundat.

1869 765 1922 822 1.
1957 766 2113 823 Filiis
2145 784 2277 824 νοτε
2307 767 2646 828 PSALMUS
2677 773 2904 830 Comici.
2936 773 3254 834 LXXXVI.

2352 864 2750 934 Argumentum.

1775 948 1927 1031 l'lunc
1951 966 2142 1008 rursus
2165 953 2432 1021 psalmum
2463 968 2667 1011 emunt
2699 958 2792 1012 ﬁlii
2821 957 2959 1013 Core
2991 959 3045 1013 in
3078 958 3331 1015 Ecclesiae

1843 1045 2102 1114 gratiam,
2140 1048 2476 1102 vocationem
2528 1051 2772 1119 gentium
2827 1052 3219 1121 praedicantes,
3277 1061 3333 1107 et

1846 1138 2262 1194 illustrationem
2307 1140 2581 1211 Uuigeniti
2619 1142 2672 1196 in
2706 1141 2949 1200 Ecclesia
2975 1145 3208 1199 futuram
3237 1161 3332 1215 per

1844 1233 2202 1285 oeconomiam
2235 1233 2416 1288 carnis

1846 1409 2216 1466 Fundamenta
2243 1411 2356 1481 ejus
2390 1415 2444 1468 iu
2475 1415 2737 1469 montibus
2784 1417 3003 1470 sanctis.
3060 1415 3193 1484 Ejus
3225 1417 3334 1472 sci-

1773 1501 1896 1556 licet
1930 1503 2116 1572 populi
2158 1503 2253 1574 qui
2297 1519 2392 1574 per
2427 1506 2585 1561 [idem
2619 1517 2844 1562 vocatus
2876 1519 2978 1563 est.
3030 1507 3119 1562 Ait
3148 1516 3330 1561 autem

1771 1609 1838 1647 ex
1867 1596 2120 1664 gentibus
2152 1595 2475 1652 aediﬁcatum
2511 1597 2679 1652 fuisse
2711 1599 2969 1667 pupulum
3013 1596 3175 1668 super
3205 1595 3332 1651 lun-

1771 1685 2083 1742 datncntum
2114 1690 2482 1759 apostolorum
2513 1699 2566 1744 ct
2592 1691 3001 1759 prophetarum.

1840 1775 1895 1830 2.
1921 1775 2110 1848 Diligit
2135 1779 2392 1834 Dominus
2420 1789 2600 1849 portas
2627 1778 2755 1834 Sion
2780 1796 2934 1849 super
2959 1781 3135 1833 omnia
3163 1780 3336 1833 taber-

1771 1870 1961 1924 nacula
1991 1870 2180 1926 Iacob.
2229 1869 2421 1926 Portas
2457 1870 2589 1927 Sion
2626 1871 2889 1928 initialem
2938 1881 2992 1926 et
3034 1871 3334 1926 elementa—

1771 1978 1881 2017 rem
1917 1963 2172 2019 Ecclesiae
2214 1965 2515 2020 doctrinam
2565 1967 2719 2028 dicit,
2775 1965 3123 2021 tabernacula
3154 1973 3332 2018 autem

1770 2054 1940 2111 Jacob
1977 2054 2202 2125 legalem
2247 2056 2476 2112 cultmn.
2537 2057 2626 2112 Ait
2675 2057 2843 2127 igitur
2873 2057 3164 2126 optabilius
3193 2053 3334 2125 apud

1773 2148 1940 2203 Deum
1971 2163 2091 2204 esse
2114 2149 2490 2220 evangelicum
2527 2149 2839 2205 institutum
2876 2147 3028 2218 legali
3058 2148 3227 2203 cultu.

1838 2327 1892 2381 3.
1926 2325 2170 2381 Gloriosa
2202 2325 2346 2380 dicta
2377 2335 2498 2382 sunt
2529 2327 2592 2382 de
2624 2335 2692 2393 te,
2728 2327 2911 2380 civitas
2951 2324 3064 2378 Dei.
3125 2321 3335 2378 Civitas

1770 2427 1851 2472 cst
1882 2415 2143 2471 Ecclesia.
2193 2417 2452 2482 Quaenam
2482 2418 2716 2487 gloriosa
2764 2418 2906 2472 dicta
2952 2425 3080 2472 sunt
3121 2413 3189 2468 de
3220 2414 3333 2480 illa,

1771 2509 1876 2561 nisi
1911 2508 2054 2577 quod
2099 2508 2152 2561 in
2202 2523 2266 2563 ea
2299 2509 2506 2564 habitet
2538 2506 2862 2578 Unigcuitus
2885 2549 2900 2569 ,
2943 2508 3098 2578 juxta
3129 2506 3334 2561 dictum

1770 2598 1901 2652 illud
1930 2616 1944 2651 :
1972 2597 2074 2650 Hic
2098 2597 2346 2652 habitabo
2375 2601 2624 2668 quoniam
2649 2599 2785 2668 elegi
2808 2596 3018 2652 eam"?

1837 2775 1892 2828 4.
1930 2773 2133 2828 Memor
2177 2790 2265 2828 ero
2313 2773 2496 2828 Raltab
2545 2783 2593 2828 et
2640 2773 2947 2843 Babylonis.
3008 2772 3204 2827 Eorum
3237 2774 3332 2844 qui

1770 2871 1836 2926 ad
1861 2887 1947 2926 me
1967 2879 2379 2936 convertuntur,
2406 2870 2499 2934 ait,
2531 2869 2850 2924 memoriam
2880 2869 2947 2923 ad
2976 2869 3178 2923 bonum
3209 2883 3335 2922 con-

1769 2963 1998 3019 servabo
2030 2983 2043 3017 :
2078 2971 2172 3017 aut
2196 2977 2382 3017 eorum
2413 2963 2508 3033 qui
2549 2962 2859 3016 indecenter
2889 2960 2954 3015 ad
3006 2959 3333 3028 voluptatem

1769 3055 2130 3118 declinarunt,
2157 3055 2271 3108 sive
2293 3069 2482 3108 eorum
2507 3053 2598 3122 qui
2622 3052 2936 3107 idololatriae
2955 3051 3108 3104 valde
3132 3047 3332 3104 addicti

1772 3146 1942 3201 fuere.
2005 3144 2129 3200 llaec
2173 3144 2318 3198 enim
2355 3145 2512 3198 nobis
2548 3143 2875 3213 signiﬁcavit
2919 3157 3014 3210 per
3049 3140 3236 3194 [labab
3277 3149 3331 3194 et

1770 3234 2121 3306 Babylonem.
2181 3235 2314 3290 Ecce
2353 3236 2658 3304 alienigena:
2700 3243 2749 3287 et
2804 3231 2973 3303 Tyrus
3009 3242 3056 3285 et
3108 3231 3330 3300 papulus

1768 3325 2100 3396 Ethiopum.
2191 3324 2375 3380 Palam
2409 3325 2496 3380 bis
2524 3325 2702 3379 verbis
2733 3324 3025 3378 educentur
3053 3336 3118 3376 ex
3153 3320 3330 3374 omni-

1768 3419 1871 3475 bus
1899 3419 2146 3491 gentibus
2177 3417 2472 3472 Ecclesiam
2500 3426 2771 3470 constare.

1839 3511 1890 3566 5.
1927 3510 2099 3564 Mater
2125 3508 2255 3562 Sion
2290 3508 2465 3560 dicet:
2497 3506 2666 3558 Ilomo
2686 3545 2702 3569 ,
2733 3515 2781 3558 et
2813 3505 2963 3558 homo
2989 3515 3146 3557 natus
3173 3511 3250 3557 est
3277 3504 3334 3555 in

1767 3619 1845 3656 ea.
1877 3600 2100 3654 Matrem
2131 3597 2300 3660 dicit,
2354 3595 2704 3650 manifestum
2753 3606 2932 3649 autem
2963 3601 3048 3650 est
3093 3609 3194 3647 nos
3238 3593 3333 3663 qui

1767 3691 2044 3748 credimus
2077 3689 2128 3744 id
2159 3686 2312 3742 Sioni
2339 3688 2453 3744 sive
2476 3686 2730 3741 Ecclesiae
2755 3685 3111 3754 aseripturos,
3143 3683 3194 3735 in
3225 3699 3332 3752 qua

1766 3795 1850 3841 est
1871 3785 2054 3847 homo,
2091 3782 2203 3838 sive
2225 3781 2271 3838 is
2297 3781 2412 3851 ipse
2439 3779 2530 3850 qui
2561 3777 2804 3832 fundavit
2836 3791 2955 3832 cam
3030 3774 3130 3830 llic
3152 3783 3330 3828 autem

1765 3890 1843 3932 est
1875 3875 1968 3947 qui
1995 3890 2092 3946 pro
2130 3875 2285 3930 nobis
2317 3873 2482 3926 homo
2506 3869 2681 3925 factus
2711 3878 2793 3924 cst
2813 3911 2827 3933 ,
2852 3877 2904 3922 et
2936 3883 3028 3938 qm
3064 3867 3334 3937 pollicitus

1767 3977 1851 4024 cst
1883 3983 1941 4023 se
1965 3982 2127 4036 supra
2157 3975 2365 4036 petram
2399 3964 2790 4018 tediticaturum
2821 3960 3138 4014 Ecclesium.

1836 4145 1889 4200 6.
1931 4144 2184 4199 Dominus
2217 4139 2454 4194 narrabit
2505 4142 2560 4194 in
2605 4139 2886 4211 scripturis
2931 4138 3243 4209 populorum
3280 4145 3330 4191 et

1767 4239 2084 4307 principum.
2141 4234 2498 4302 Populorum,
2526 4232 2721 4304 inquit,
2746 4241 2797 4286 ct
2825 4231 3129 4301 principum
3158 4229 3251 4300 qui
3277 4229 3330 4282 in

1767 4331 1884 4399 ipsa
1913 4326 2149 4382 Ecclesia
2183 4335 2344 4380 cruut
2385 4326 2708 4394 scripturam
2746 4323 3008 4376 Dominus
3030 4321 3328 4376 cnarrabit.

1769 4420 1834 4475 Et
1863 4437 1968 4490 qua
2005 4418 2213 4472 ratione
2247 4416 2401 4481 illud,
2431 4417 2532 4470 nisi
2560 4415 2687 4486 quia
2721 4413 3139 4483 descriptionem
3182 4413 3330 4464 illam

100 4523 306 4594 νραᾳὴν
330 4524 430 4593 τὴν
467 4525 765 4595 γενομένην
798 4527 855 4577 ἐν
907 4527 1018 4588 τοῖς
1068 4525 1335 4597 οὐρανοῖς,
1376 4525 1442 4594 ἣν
1506 4521 1667 4585 αὐτὸς

1769 4518 1822 4570 iu
1851 4514 2001 4571 cmlis
2032 4513 2229 4566 factam
2272 4511 2380 4564 illis
2433 4510 2545 4578 ipse
2586 4506 2831 4561 narrabit
2858 4505 3043 4560 dicens
3069 4504 3112 4534 ¹⁹
3141 4521 3154 4557 :
3185 4501 3330 4555 ϐακε

102 4614 274 4677 αὐτοῖς
303 4614 622 4684 διηγήσεται
652 4614 823 4682 λέγων
848 4633 861 4646 ·
896 4615 1158 4684 Χαίρετε,
1189 4615 1279 4669 ὅτι
1305 4615 1379 4669 τὰ
1406 4612 1666 4681 ὀνόματα

104 4704 264 4773 ὑμῶν
287 4706 516 4776 ἐγράφη
540 4706 611 4759 ἐν
636 4706 761 4773 τοῖς
784 4707 1095 4777 οὐρανοῖς;

181 4794 274 4860 Ὠς
306 4795 792 4865 εὐφραινομένων
823 4798 1064 4851 πάντων
1096 4799 1134 4865 ἡ
1162 4797 1434 4852 κατοικία
1453 4796 1521 4850 ἐν
1542 4795 1662 4849 σοί.

101 4884 284 4947 Ὅταν,
321 4888 520 4955 φησὶν,
577 4889 634 4940 ὲν
676 4887 758 4940 σοὶ
819 4890 1037 4944 πάντων
1094 4891 1127 4960 ἠ
1181 4889 1433 4944 κατοικία
1471 4886 1579 4940 τῶν
1606 4888 1664 4938 ὲν

99 4982 159 5049 τῇ
201 4979 489 5052 Ἐκκλησία
516 4980 758 5051 γένηται,
791 4980 912 5035 τότε
956 4984 1050 5038 καὶ
1095 4983 1427 5053 εὐφροσύνης
1457 4981 1666 5033 ἔσονται

101 5071 346 5143 πλήρεις-

111 5165 240 5232 ᾬδὴ
284 5169 603 5222 ΨΑΛΜΟΥ
628 5167 751 5234 τοῖς
776 5168 927 5234 υἱοῖς
960 5167 1124 5237 Κορέ.
1169 5169 1272 5233 Εἰς
1295 5162 1467 5234 τέλος
1513 5169 1664 5237 ὑπὲρ

162 5258 396 5312 nucleo
418 5259 523 5314 τοῦ
568 5259 978 5328 ἀποκριθῆναι,
1019 5245 1324 5327 συκέσεως
1380 5263 1556 5327 Ἐθὰμ
1583 5261 1664 5326 τῷ

179 5350 546 5417 Ἰσραηλίτῃ.
581 5349 713 5404 HZ'.

701 5441 717 5461 '
727 5445 1028 5509 Υπόθεσις.

129 5533 163 5586 Γ
168 5552 195 5584 ν
237 5532 411 5603 τούτῳ
449 5550 529 5602 τῳ
595 5531 794 5602 ψαλμῷ
839 5534 867 5584 ό
903 5533 996 5586 τοῦ
1053 5533 1287 5603 Χριστοῦ
1353 5536 1663 5608 εἰσφέρεται

168 5625 408 5690 θάνατος,
439 5625 499 5678 ὃν
530 5625 670 5694 ὑπὲρ
699 5623 852 5696 ἡμῶν
910 5624 1207 5691 ἀνεδέξατο·
1241 5627 1387 5691 ὅπως
1429 5627 1522 5684 καὶ
1555 5631 1663 5695 τοῖς

170 5767 210 5798 ³⁸
264 5765 406 5823 Psal.
437 5782 628 5833 cxxxr,
664 5766 746 5821 ll.
827 5767 868 5798 ¹⁹
892 5763 1022 5822 Luc.
1061 5783 1112 5836 ι,
1143 5766 1230 5821 20.

1766 4607 1880 4661 dcte
1908 4605 2034 4676 quia
2066 4604 2284 4658 nomina
2326 4611 2498 4656 t'cslra
2522 4601 2720 4670 scripta
2753 4607 2874 4654 sunt
2909 4598 2962 4650 in
2990 4595 3129 4651 ca'lis
3151 4597 3177 4651 7

1840 4783 1890 4834 7.
1949 4779 2096 4835 Sicut
2136 4780 2432 4836 la’tantium
2480 4780 2712 4832 omnium
2754 4774 3012 4829 habitatio
3046 4785 3120 4827 est
3157 4774 3211 4826 in
3257 4782 3325 4825 te.

1769 4872 2019 4940 Quando,
2056 4874 2166 4935 ait,
2197 4871 2438 4926 omnium
2479 4871 2570 4939 qui
2604 4871 2656 4922 in
2688 4867 2927 4922 Ecclesia
2959 4877 3086 4921 sunt
3121 4865 3328 4918 habita-

1769 4966 1842 5018 tio
1875 4963 1928 5016 in
1962 4973 2013 5018 te
2042 4963 2226 5026 fuerit,
2261 4972 2389 5016 tunc
2419 4961 2598 5016 laetitia
2631 4959 2772 5028 pleni
2805 4969 2983 5012 cruut.

1773 5163 1819 5216 1.
1856 5160 2131 5215 Canticum
2164 5156 2459 5213 PSALMI.
2518 5155 2583 5209 1η
2621 5157 2775 5226 ﬁnem
2829 5173 2921 5225 pro
2967 5156 3227 5210 Maheleth
3259 5156 3327 5208 ad

1841 5254 2277 5324 respondendum,
2301 5252 2598 5306 intellectus
2629 5251 2819 5303 lit/tam
2851 5248 3114 5307 Israelita
3141 5247 3323 5320 [ναις.

1837 5363 1959 5402 cum
1987 5347 2147 5403 llebr.
2180 5338 2367 5399 Etltam
2406 5344 2718 5415 Ιίιταήἰιαν].
2749 5341 2952 5397 LXXX
2973 5341 3098 5396 ΠΙ.

2349 5439 2746 5506 Argumentum.

1765 5531 1820 5586 In
1851 5533 1953 5588 hoc
1999 5532 2207 5603 psalmo
2251 5529 2451 5584 Christi
2485 5545 2656 5593 mors,
2689 5545 2849 5598 quam
2883 5545 2981 5598 pro
3014 5527 3168 5582 nobis
3201 5544 3322 5583 sus-

1836 5630 2013 5699 cepit,
2072 5636 2406 5684 memoratur
2449 5643 2461 5680 :
2501 5636 2560 5682 ut
2597 5637 2881 5696 postquam
2919 5624 3200 5694 spiritibus
3229 5623 3320 5695 qui
