4094 6312
771 340 878 399 379

1588 347 1643 403 S.
1685 348 2054 408 ATHANASII
2092 353 2241 409 OPP.
2284 354 2464 410 PARS
2501 354 2588 411 ΙΙΙ.
2626 384 2694 394 -
2730 351 3139 410 EXEGETICA.
3898 359 3978 416 380

828 458 878 510 in
914 458 1130 514 inferno
1165 475 1325 516 erant
1356 464 1740 532 prtedicasset,
1786 466 1939 522 daret
1970 471 2304 525 resurrectio

2498 472 2556 524 ἐν
2590 470 2718 542 ᾅδου
2750 469 2990 541 κηρύξας
3017 467 3288 539 πνεύμασι
3319 467 3629 539 δωρήσηται
3654 468 3755 539 τὴν
3773 470 3978 524 ἀνάστα·

827 566 972 604 nem.
1022 551 1192 608 Deﬂet
1220 563 1399 609 autem
1434 554 1735 613 Jerusalem
1758 600 1772 623 ,
1803 570 1988 630 utpote
2017 578 2139 632 quae
2172 565 2326 619 exci—

828 643 1046 699 «lisseta
1075 661 1169 715 spe
1197 646 1250 700 in
1290 648 1490 717 ipsum.
1523 651 1642 720 lpsa
1672 662 1853 708 autem
1883 653 2183 710 Jerusalem
2211 658 2326 712 sive

826 737 1086 805 populus,
1108 739 1236 792 olim
1262 756 1358 796 ceu
1387 743 1607 812 quidam
1635 745 1835 802 chorus
1860 758 1997 814 erat,
2023 752 2322 805 secundum

818 829 962 896 quod
994 832 1165 897 portio
1190 841 1241 886 et
1268 849 1390 888 sors
1414 834 1533 904 ejus
1578 839 2029 908 nuncupabatur;
2061 843 2325 911 quamob-

825 936 939 974 rem
985 938 1083 991 pro
1118 924 1385 980 Maheleth
1420 928 1715 999 inscriptus
1747 941 1829 987 est
1861 934 2139 1001 psalmus,
2175 937 2323 1006 quod

822 1012 1043 1079 dicitur,
1076 1015 1292 1072 eborea:
1326 1019 1437 1073 sive
1468 1021 1643 1077 chori.
1693 1022 1962 1090 Quoniam
1997 1036 2178 1083 autem
2202 1045 2325 1099 pro-

826 1103 1055 1160 fundum
1101 1118 1185 1162 est
1228 1108 1427 1176 Christi
1460 1115 1776 1183 mysterium
1805 1159 1820 1183 ,
1854 1120 2010 1175 valde
2056 1122 2238 1177 subtili
2271 1133 2325 1179 et

826 1200 1097 1270 spirituali
1131 1215 1308 1259 mente
1334 1221 1471 1275 Opus
1504 1218 1589 1263 est
1616 1210 1683 1265 ad
1717 1212 1847 1268 illud
1873 1214 2319 1286 intelligendum;

827 1307 1030 1361 quare,
1088 1294 1432 1365 Intellectus,
1484 1300 1818 1360 inscribitur.
1885 1304 2091 1363 Dicitur
2139 1319 2320 1365 autem

817 1385 1063 1450 psalmus
1092 1387 1292 1442 Eman
1321 1406 1442 1444 esse
1463 1432 1476 1456 ,
1511 1393 1565 1447 in
1598 1393 1833 1465 Egypto
1856 1413 1885 1451 a
1909 1397 2090 1471 Moyse
2123 1400 2317 1456 factus.

820 1472 918 1530 Hie
951 1489 1132 1532 autem
1160 1478 1359 1535 c’Eman
1395 1500 1561 1554 nepos
1590 1497 1708 1541 erat
1736 1487 1949 1544 lsraelis
1973 1532 1986 1556 ,
2018 1500 2202 1561 utpote
2224 1496 2319 1563 qui

811 1566 1169 1710 :lescenderet
1200 1588 1268 1627 ex
1327 1573 1491 1643 Zara,
1543 1579 1636 1649 qui
1672 1591 1789 1637 erat
1842 1582 1987 1640 [ilius
2037 1584 2190 1642 Juda:
2223 1588 2318 1643 lilii

835 1660 1048 1710 sraelis.

835 1660 1048 1714 sraelis.

813 1750 868 1804 ‘1.
908 1750 1125 1809 Domine
1184 1755 1320 1811 Deus
1371 1765 1561 1816 satutis
1610 1781 1770 1831 mea,
1836 1772 1890 1820 in
1940 1770 2026 1823 die
2070 1772 2315 1828 clamavi.

747 1837 942 1910 Utpote
962 1843 1175 1912 bonus,
1212 1862 1337 1902 cum
1362 1849 1569 1905 videret
1590 1856 1773 1924 populi
1811 1858 2021 1928 lapsum
2061 1871 2115 1915 et
2156 1862 2316 1918 disci-

744 1933 856 1999 puli
888 1936 1179 2003 perniciem
1203 1979 1219 2004 ,
1269 1956 1458 2009 preces
1489 1960 1587 2012 pro
1622 1947 1690 2001 iis
1713 1948 1940 2005 eil'undit
1967 1952 2033 2005 ad
2073 1950 2313 2020 Patrem,

743 2031 821 2087 ut,
866 2024 1233 2096 improbitatis
1276 2032 1499 2088 minime
1527 2039 1841 2109 participes,
1873 2042 2101 2098 salutem
2136 2053 2190 2100 et
2210 2047 2314 2117 ipsi

742 2128 834 2182 per
860 2131 983 2169 eum
1020 2122 1489 2179 nanciscerentur.

806 2297 861 2352 ι.
906 2300 1045 2364 Quia
1091 2303 1287 2372 repleta
1315 2315 1391 2359 est
1433 2308 1589 2361 malis
1628 2312 1809 2364 anima
1862 2329 1996 2368 mea.
2074 2314 2313 2372 Tametsi

741 2386 857 2456 ipse
883 2400 1103 2458 peccata
1132 2403 1316 2449 nostra
1345 2398 1589 2465 pertulit,
1620 2410 1674 2454 et
1697 2416 1795 2469 pro
1822 2402 1977 2457 nobis
2000 2404 2162 2470 dolet,
2190 2406 2315 2475 jure

740 2495 796 2536 se
812 2483 969 2539 malis
998 2486 1259 2555 repletum
1291 2489 1386 2543 ait.
1440 2488 1505 2543 Et
1534 2492 1643 2544 vita
1674 2508 1786 2547 mea
1810 2496 2016 2564 inferno
2039 2501 2312 2568 appropin-

738 2577 934 2643 quavit.
981 2575 1095 2631 Hoc
1122 2578 1199 2632 ait
1226 2580 1352 2648 quia
1386 2596 1480 2650 per
1510 2586 1737 2653 gratiam
1784 2584 1878 2641 Dei
1913 2604 2011 2657 pro
2055 2591 2314 2647 universo

738 2670 939 2725 mundo
968 2673 1204 2742 gustavit
1242 2685 1497 2730 mortem.

802 2846 856 2903 5.
888 2846 1085 2904 Factus
1109 2867 1228 2905 sum
1254 2854 1391 2905 sicut
1416 2853 1569 2907 homo
1595 2855 1708 2909 sine
1732 2856 1999 2926 adjutorio
2025 2858 2162 2912 inter
2183 2876 2317 2913 mor-

734 2951 852 2997 tuos
884 2943 1037 2998 liber.
1067 2944 1230 2999 Solus
1253 2945 1412 3002 Jesus
1440 2958 1492 3002 et
1516 2957 1765 3004 mortuus
1790 2960 1872 3005 est
1896 2968 1992 3021 pro
2016 2954 2318 3022 iniquitati—

735 3048 833 3090 nus
858 3037 1039 3106 populi
1070 3038 1268 3093 ductus
1288 3041 1353 3093 ad
1381 3052 1634 3103 mortem,
1656 3043 1811 3111 juxta
1846 3045 1999 3098 Isaiae
2022 3047 2273 3099 vocem."
2300 3064 2313 3100 :

734 3136 792 3181 et
816 3138 1061 3184 mortuus
1085 3146 1209 3184 cum
1233 3140 1379 3185 esset
1409 3133 1558 3186 solus
1582 3143 1700 3187 erat
1724 3134 1939 3188 liber".
1968 3134 2147 3205 Neque
2167 3138 2310 3191 enim

732 3230 1011 3288 peccatum
1048 3221 1281 3276 habebat
1308 3223 1454 3291 quod
1485 3226 1658 3293 ipsum
1697 3227 1859 3280 morti
1892 3227 2095 3283 faceret
2135 3229 2308 3283 obno-

733 3311 900 3365 xium.
934 3311 1272 3383 Quapropter
1295 3315 1489 3371 dixit"
1518 3335 1532 3371 :
1564 3318 1885 3373 Potestatem
1915 3321 2080 3374 habeo
2110 3339 2305 3388 ponen-

731 3402 787 3456 di
806 3404 1039 3457 animam
1071 3392 1261 3471 meam,
1286 3417 1334 3461 et
1363 3409 1554 3461 iterum
1572 3420 1881 3479 potestatem
1910 3413 2071 3466 habeo
2094 3430 2303 3467 sumen-

731 3494 786 3548 di
815 3512 953 3549 eam.

800 3586 855 3640 6.
909 3587 1059 3641 Sicut
1089 3590 1346 3646 vulnerati
1381 3593 1696 3651 dormientes
1730 3598 1785 3651 in
1816 3598 2090 3667 sepulcris.
2137 3598 2302 3655 Simi-

733 3677 802 3732 lis
822 3719 836 3743 ,
874 3678 1085 3749 inquit,
1123 3682 1297 3738 factus
1333 3700 1453 3738 sum
1482 3686 1795 3743 hominibus
1822 3690 2120 3748 vulneratis
2142 3704 2195 3747 ct
2220 3694 2303 3762 ja-

729 3770 981 3825 centibus
1012 3773 1065 3825 in
1101 3775 1395 3841 sepulcris,
1443 3777 1532 3846 qui
1567 3793 1691 3832 eum
1721 3788 1871 3835 tuum
1898 3784 2160 3837 auxilium
2194 3800 2300 3838 non

731 3861 1106 3929 accepissent,
1142 3878 1246 3916 non
1282 3875 1607 3934 acceperunt
1650 3870 2127 3925 resurrectionem.
2188 3871 2301 3943 Ego

729 3963 911 4008 autem
947 3954 1264 4011 vulneratus
1295 3972 1438 4021 sum,
1473 3959 1671 4027 inquit,
1708 3971 1928 4030 pmpter
1954 3971 2175 4032 peccata
2206 3980 2300 4035 po-

727 4046 862 4115 puli,
898 4054 951 4100 et
979 4046 1031 4099 in
1069 4049 1334 4115 sepulcris
1364 4048 1472 4113 fui,
1508 4051 1602 4105 sed
1638 4068 1745 4107 non
1782 4053 1853 4106 ibi
1882 4056 2141 4119 remansi,
2171 4073 2241 4126 qu
2270 4073 2297 4110 υ

730 4146 787 4192 et
822 4146 946 4207 post
980 4138 1435 4208 vulnerationem,
1463 4152 1516 4197 et
1543 4153 1663 4212 post
1692 4143 2083 4213 depositionem
2117 4148 2169 4200 in
2210 4164 2298 4203 se-

727 4229 951 4299 pulcro,
1004 4230 1109 4285 mei
1164 4232 1478 4289 meministi.
1550 4232 1841 4290 Resurrexi
1889 4239 2033 4293 enim
2093 4240 2298 4295 calcata

727 4330 925 4375 morte.

797 4412 851 4467 8.
897 4412 1067 4483 Super
1098 4430 1178 4468 me
1211 4417 1552 4484 conﬁrmatus
1578 4428 1653 4472 est
1680 4420 1829 4489 furor
1862 4430 2002 4475 tuus.
2034 4421 2295 4477 Furorem

2496 578 2601 617 σιν.
2644 561 3021 614 Ἀποκλαίεται
3048 559 3106 613 δὲ
3133 558 3228 613 καὶ
3269 558 3369 630 τὴν
3408 559 3781 631 Ἰερουσαλὴμ,
3810 559 3903 615 ἀτε
3928 563 3977 631 δὴ

2495 650 2902 720 ἐκπεσουμένην
2934 648 3034 719 τῆς
3071 648 3153 709 εἰς
3204 646 3366 700 αὐτὸν
3401 646 3633 710 ἐλπίδος.
3674 646 3825 717 Αὕτη
3878 647 3977 719 δέή

2506 740 2879 813 Ἰερουσαλὴμ,
2936 741 3055 812 ἦτοι
3098 741 3127 791 ό
3158 738 3307 802 λαὸς,
3358 737 3523 793 πάλαι
3581 734 3691 791 οἷόν
3723 756 3809 803 τις
3846 741 3980 812 χορὸς

2493 831 2583 907 ἦν,
2623 835 2757 889 καθὸ
2811 834 2906 888 καὶ
2938 834 3095 905 μερὶς
3127 831 3292 887 αὐτοῦ
3338 833 3431 885 καὶ
3480 831 3680 904 κλῆρος
3726 850 3980 905 προσηγο-

2493 926 2697 1000 ρεύετοο
2723 926 2803 980 διὸ
2833 926 2927 980 καὶ
2962 925 3099 997 πρὸς
3146 923 3360 978 Μαελέθ
3386 925 3789 995 ἐπιγέγραπται
3813 929 3843 979 ό
3870 927 3983 995 tical-

2496 1020 2617 1091 p/bc,
2646 1019 2812 1071 ὅέστι
2850 1017 3067 1088 χορείας
3114 1016 3232 1086 ἢτοι
3281 1016 3467 1087 χοροῦ.
3519 1017 3735 1089 Ἐπειδὴ
3777 1017 3835 1071 δὲ
3868 1018 3981 1087 βαθὺ

2491 1111 2553 1164 τὸ
2574 1109 2811 1182 Χριστοῦ
2848 1109 3166 1180 μυστήριον,
3193 1108 3282 1162 καὶ
3340 1108 3457 1162 λίαν
3506 1109 3707 1180 λεπτῆς
3764 1109 3983 1172 διανοίας

2492 1202 2574 1255 δεῖ
2619 1199 2994 1272 πνευματικῆς
3038 1198 3172 1269 πρὸς
3228 1198 3287 1250 τὸ
3337 1199 3573 1252 συνιέναι
3630 1200 3983 1253 abeo-106mb

2488 1292 2648 1364 χάριν
2677 1291 2989 1356 Συνέσεως
3015 1288 3442 1360 ἐπιγέγραπται.
3500 1291 3735 1359 Λέγεται
3794 1290 3854 1344 δὲ
3901 1290 3982 1343 τοῦ

2492 1386 2670 1456 Δίμάν
2712 1380 2851 1438 εἶναι
2882 1384 2911 1436 ό
2955 1381 3190 1453 ψαλμὸς,
3216 1382 3274 1433 ἐν
3313 1380 3572 1452 Αίγύπτῳ
3601 1381 3738 1453 πρὸς
3759 1381 3987 1444 Μωσέως

2491 1477 2879 1547 πεποιημένος.
2913 1468 3080 1538 Οὗτος
3112 1473 3168 1525 δὲ
3206 1474 3235 1526 ὁ
3272 1473 3450 1543 Αίμάν
3488 1473 3599 1543 (59)
3636 1474 3899 1542 ἀπόγονος
3928 1469 3985 1544 ἦν

2491 1569 2586 1623 τοῦ
2629 1568 2866 1640 Ἰσραὴλ,
2903 1568 2997 1621 ἀτε
3020 1566 3241 1633 ἔκγονος
3273 1562 3348 1617 ὣν
3374 1563 3469 1617 τοῦ
3502 1564 3673 1634 Ζαρὰ,
3699 1564 3760 1628 δς
3794 1560 3864 1632 ἦν
3887 1566 3988 1627 υἱὸς

2486 1660 2580 1713 τοῦ
2615 1660 2802 1724 Ἰούδα,
2837 1659 2934 1711 τοῦ
2973 1656 3086 1712 υἱοῦ
3121 1656 3362 1728 Ἰσραήλ.

2490 1754 2665 1821 Κύριε
2693 1756 2725 1806 d
2757 1752 2900 1818 Θεὸς
2920 1750 3030 1819 τῆς
3064 1751 3362 1819 σωτηρίας
3414 1767 3557 1818 μου,
3603 1748 3835 1817 ἡμέρας
3871 1748 3988 1803 ἐκέ-

2350 1822 2391 1878 Β
2420 1844 2628 1912 κραξα.
2666 1845 2797 1897 Ἀτε
2830 1842 3032 1911 ἀγαθὸς
3087 1840 3183 1906 ὢν,
3235 1838 3393 1903 εἰδὼς
3435 1839 3533 1911 τὴν
3575 1837 3852 1892 ικπτωσιν
3904 1836 3988 1891 τοῦ

2414 1932 2545 1988 λαοῦ
2579 1934 2674 1989 καὶ
2705 1934 2802 2005 τὴν
2822 1932 2915 1986 τοῦ
2950 1931 3193 2003 μαθητοῦ
3238 1929 3537 1994 ἀπώλειαν,
3571 1928 3670 1993 τὰς
3709 1929 3857 2000 ὑπὲρ
3905 1929 3992 1982 αύ-

2414 2025 2524 2079 τῶν
2550 2026 2936 2096 ἀναπέμπεται
2965 2024 3101 2096 πρὸς
3136 2024 3228 2076 τὸν
3267 2023 3490 2093 Πατέρα
3512 2024 3696 2092 εὐχάς⁶
3724 2022 3879 2085 ὅπως
3910 2020 3989 2083 ἀν,

2413 2118 2513 2187 τῆς
2547 2118 2746 2180 κακίας
2788 2117 2864 2187 μὴ
2917 2114 3332 2186 μεταλαϐόντες,
3378 2114 3473 2167 καὶ
3496 2114 3647 2167 αὐτοὶ
3672 2114 3775 2183 τῆς
3806 2113 3875 2167 δι’
3904 2114 3995 2166 αύ-

2413 2210 2507 2266 τοῦ
2540 2210 2811 2282 σωτηρίας
2840 2208 3072 2280 τύχοιεν.

2489 2300 2617 2353 Ὅτι
2648 2297 2926 2365 ἐπλήσθη
2952 2296 3154 2353 κακῶν
3198 2296 3238 2365 ἡ
3284 2294 3455 2365 ψυχή
3496 2313 3635 2365 μου.
3688 2296 3755 2348 Et
3797 2295 3893 2348 καὶ
3914 2308 4001 2347 αυ-

2413 2391 2505 2455 τὸς
2536 2390 2635 2454 τάς
2672 2390 2948 2463 ἀμαρτίας
2977 2389 3136 2461 ἡμῶν
3169 2388 3458 2454 ἐϐάστασε,
3515 2388 3610 2442 καὶ
3662 2388 3797 2459 περὶ
3845 2385 3996 2458 ήμῶν

2412 2487 2687 2549 όδυνᾶται,
2744 2485 2968 2549 εἰκότως
3008 2485 3102 2538 καὶ
3163 2485 3351 2539 κακῶν
3400 2482 3791 2555 ἐμπέπλησται
3844 2499 3994 2555 φησι.

2414 2580 2525 2634 Καὶ
2568 2580 2606 2646 ἡ
2665 2577 2778 2645 ζωή
2826 2595 2946 2647 μου
2996 2576 3077 2642 τῷ
3138 2576 3252 2646 ᾄδῃ
3285 2577 3519 2646 ἧγγισε.
3584 2576 3758 2629 Τοῦτό
3811 2594 3992 2647 φησιν,

2414 2668 2602 2739 ἐπειδὴ
2656 2668 2797 2739 ὑπὲρ
2864 2668 3063 2731 παντὸς
3131 2668 3313 2739 χάριτι
3361 2666 3497 2722 Θεοῦ
3566 2668 3835 2736 ἐγεύσατο
3901 2666 3995 2720 θα-

2415 2762 2595 2815 νάτου.

2500 2853 2826 2924 Ἐτενήθην
2864 2853 3007 2909 ὡσεί
3064 2853 3375 2924 ἅνθρωπος
3416 2856 3747 2925 ἀϐοήθητος
3804 2857 3878 2912 ἐν
3900 2874 3998 2913 γε·

2415 2946 2578 3014 σιροῖς
2602 2948 2933 3015 ἐλεύθερος.
2978 2947 3153 3010 Μόνος
3196 2946 3400 3017 Ἰησοῦς
3436 2947 3529 3000 καὶ
3560 2949 3835 3002 ἀπέθανεν
3860 2951 4000 3017 ὑπὲρ

2416 3038 2526 3091 τῶν
2553 3038 2790 3109 ἀνομιῶν
2841 3038 2935 3092 τοῦ
2973 3038 3101 3093 λαοῦ
3148 3039 3415 3109 ἀγόμενος
3443 3041 3524 3104 είς
3558 3040 3813 3107 θάνατον,
3858 3059 4001 3095 κατα

2414 3127 2514 3197 τὴν
2547 3128 2768 3180 Ἡσαΐου
2796 3130 2997 3199 φωνήν*
3040 3130 3134 3183 καὶ
3172 3131 3365 3201 νεκρὸς
3394 3131 3461 3185 ἂν
3487 3130 3772 3202 ἐλεύθερος
3794 3128 3867 3206 ἦν
3916 3136 4001 3204 μό-

2415 3236 2504 3283 νος
2527 3236 2538 3251 ’
2600 3220 2660 3273 ού
2711 3220 2820 3292 γάρ
2877 3215 3022 3291 εἶχεν
3062 3222 3334 3293 ἁμαρτίαν
3388 3225 3489 3294 τὴν
3536 3224 3766 3295 κάτοχον
3836 3227 4001 3281 αὑτὸν

2413 3313 2670 3367 ποιοῦσαν
2700 3314 2934 3384 θανάτῳ.
2970 3313 3060 3366 Διὸ
3115 3315 3210 3367 καὶ
3256 3314 3461 3384 ἔλεγεν·
3507 3316 3839 3381 Ἐξουσίαν
3884 3322 4003 3390 ἔχω

2412 3406 2598 3461 θεῖναι
2628 3407 2742 3472 τὴν
2777 3408 2993 3478 ψυχήν
3009 3426 3151 3479 μου,
3181 3409 3277 3463 καὶ
3318 3389 3503 3463 πάλιν
3540 3409 3844 3475 ἐξουσίαν
3884 3414 4002 3483 ἔχω

2410 3493 2620 3551 λαϐεῖν
2644 3498 2854 3565 αὐτήν.

2494 3588 2647 3642 Ὠσεὶ
2676 3592 3023 3660 τραυματίαι
3070 3593 3462 3661 καθεύδοντες
3500 3597 3571 3649 ἐν
3613 3596 3800 3665 τάφῳ.
3852 3599 4003 3669 Παρ-

2409 3681 2615 3751 όμοιος,
2648 3683 2802 3751 φησὶ,
2837 3683 3036 3751 γέγονα
3076 3684 3381 3756 ἀνθρώποις
3430 3691 4006 3760 τετραυματισμένους

2410 3772 2505 3824 καὶ
2538 3774 2810 3842 κειμένοις
2839 3775 2895 3826 ἐν
2945 3776 3242 3846 μνήμασιν,
3290 3777 3361 3843 οἳ,
3392 3779 3491 3850 τῆς
3533 3780 3631 3851 σῆς
3690 3781 3769 3854 μὴ
3802 3785 4003 3854 τυχόν-

2408 3880 2497 3927 τες
2523 3865 2860 3937 ἐπικουρίας,
2909 3867 2968 3920 οὐ
3030 3871 3392 3941 τετυχήκασιν
3440 3874 3817 3940 ἀναστάσεως.
3861 3878 4006 3944 Ἐγὼ

2406 3955 2464 4008 δὲ
2516 3958 3011 4028 τετραυμάτισμαι,
3085 3961 3240 4031 φησὶ,
3296 3961 3384 4016 διά
3428 3964 3525 4028 τὰς
3576 3967 3865 4038 ἁμαρτίας
3908 3970 4006 4021 τοῦ

2406 4046 2536 4099 λαοῦ
2560 4087 2574 4112 ,
2608 4048 2702 4101 καὶ
2752 4051 2809 4102 ἐν
2845 4051 3037 4119 τάφοις
3074 4051 3304 4120 γέγονα,
3340 4054 3401 4107 ού
3437 4055 3542 4126 μὴν
3571 4059 3664 4110 καὶ⁵
3688 4060 4007 4132 ἀπέμεινα·

2408 4140 2542 4194 διότι
2571 4159 2672 4212 μου
2696 4143 2788 4195 καὶ
2812 4143 2949 4213 μετὰ
2978 4142 3073 4215 τὴν
3112 4142 3317 4214 τρῶσιν
3355 4147 3449 4200 καὶ
3487 4147 3586 4219 τὴν
3618 4150 3677 4201 ἐν
3718 4151 3801 4223 τῷ
3841 4155 4007 4225 τάςῳ

2406 4234 2701 4288 κατάθεσιν
2772 4235 3067 4307 ἐμνήσθης.
3124 4237 3379 4310 ’Δνέστην
3426 4239 3535 4309 γὰρ
3589 4245 3852 4314 πατήσας
3912 4249 4009 4301 τὸν

2405 4322 2651 4381 θάνατον.

2489 4416 2613 4468 Ἐπ’
2639 4414 2744 4485 ἐμὲ
2772 4418 3173 4487 ἐπεστηρίχθη
3203 4422 3236 4472 ό
3284 4421 3471 4489 θυμός
3498 4437 3634 4475 σου.
3677 4422 3875 4495 Θυμδν
3911 4428 4009 4481 τοῦ

726 4502 824 4559 Dei
857 4516 1013 4559 vocat
1045 4507 1481 4563 maledictionem
1522 4514 1747 4578 mortis,
1796 4514 2078 4568 hominum
2114 4516 2297 4585 generi

2410 4507 2539 4561 θεοῦ
2565 4525 2697 4579 φησι
2725 4510 2824 4581 τὴν
2856 4510 3237 4581 ἐπενεχθεῖσαν
3285 4511 3361 4583 τῷ
3388 4513 3497 4567 τῶν
3536 4514 3855 4586 ἀνθρώπων
3916 4522 4011 4588 γέ-

724 4594 954 4649 illatam.
986 4594 1125 4661 Quia
1158 4596 1321 4666 igitur
1353 4600 1658 4655 maledictio
1688 4618 1786 4670 pro
1810 4605 1969 4659 nobis
2000 4603 2175 4660 factus
2197 4615 2299 4673 est,

725 4686 849 4742 ideo
882 4685 1122 4742 furorem
1156 4688 1251 4743 Dei
1282 4705 1446 4760 super
1472 4706 1530 4746 se
1568 4696 1954 4749 conﬁrmatum
1988 4696 2139 4753 dicit.

794 4868 862 4922 Et
885 4886 1060 4923 omnes
1086 4869 1278 4939 ﬂuctus
1319 4881 1433 4925 tuos
1469 4870 1729 4925 induxiin
1761 4889 1919 4941 super
1940 4890 2038 4927 me.
2078 4873 2301 4932 Fluctus

723 4961 840 5018 sive
864 4962 1128 5017 elationes
1161 4971 1351 5024 vocat,
1384 4964 1756 5019 vehementem
1806 4982 2021 5035 pmnam
2055 4967 2294 5021 homini-

722 5051 826 5106 bus
848 5052 1314 5122 praivaricationis
1343 5067 1511 5109 causa
1543 5052 1823 5110 inﬂictam.
1856 5054 2139 5127 Signiﬁcat
2169 5056 2296 5111 item

725 5154 981 5199 mortem.

798 5336 851 5391 9.
908 5335 1083 5407 Longe
1125 5334 1297 5406 fecisti
1324 5347 1476 5393 notos
1505 5354 1645 5393 meos
1672 5356 1704 5392 a
1734 5355 1833 5393 me.
1918 5337 2032 5396 Hoc
2065 5342 2141 5395 ait
2167 5344 2297 5412 quia

726 5437 970 5496 tempore
998 5426 1271 5497 passionis
1292 5442 1486 5483 omnes
1522 5428 1859 5499 reliquerunt
1882 5444 2029 5484 eum.
2091 5428 2294 5485 Posue-

728 5527 850 5573 runt
877 5534 958 5572 me
986 5518 1427 5574 abominationcm
1454 5521 1575 5575 sibi.
1634 5519 1767 5576 Vide
1793 5522 2065 5592 quomodo
2097 5524 2293 5577 etiam-

805 5656 853 5689 ²⁰
878 5657 981 5710 lsa.
1020 5673 1136 5719 Llll,
1174 5656 1226 5711 8.
1304 5659 1346 5688 "
1384 5657 1528 5713 Psal.
1564 5674 1809 5727 Luxvn,
1844 5661 1895 5714 6.

2409 4615 2489 4652 νει
2536 4599 2629 4653 τοῦ
2672 4600 2900 4655 θανάτου
2950 4603 3216 4676 κατάραν.
3288 4603 3503 4678 Ἐπειδὴ
3554 4608 3732 4661 τοίνυν
3766 4611 4013 4679 γέγονεν

2411 4692 2551 4764 ὑπὲρ
2602 4693 2758 4763 ἡμῶν
2816 4695 3049 4765 κατάρα,
3101 4695 3292 4750 τούτου
3335 4698 3496 4771 χάριν
3548 4700 3641 4754 τὸν
3674 4700 3862 4772 θυμὸν
3914 4706 4011 4759 τοῦ

2406 4786 2541 4840 Θεοῦ
2571 4788 2657 4839 ἐπ’
2705 4788 2864 4841 αὑτὸν
2899 4790 3284 4861 ἐπεστηρίχθαι
3306 4794 3456 4863 φησί.

2478 4879 2588 4933 Καὶ
2616 4877 2847 4946 πάντας
2883 4880 3023 4948 τοὺς
3049 4886 3488 4954 μετεωρισμούς
3526 4901 3645 4941 σου
3686 4888 4015 4961 ἐπήγαγες

2405 4972 2497 5023 ἐπ’
2521 4970 2646 5040 ἐμέ.
2681 4972 3105 5044 Μετεωρισμοὺς
3143 4975 3243 5046 τὴν
3292 4977 3429 5047 μετά
3489 4978 3865 5051 σφοδρότητος
3906 4985 4016 5038 ἐπ-

2405 5062 2721 5133 ενεχθεῖσαν
2771 5063 2849 5135 τῷ
2880 5063 2990 5118 τῶν
3033 5065 3338 5139 ἀνθρώπων
3379 5070 3522 5139 γένει
3568 5072 3709 5143 ὑπὲρ
3740 5074 3861 5144 τῆς
3908 5094 4019 5131 πα-

2408 5152 2688 5223 ραϐάσεως
2720 5153 2876 5224 δίκην
2920 5155 3072 5227 φησί.
3126 5157 3386 5229 Σημαίνει
3433 5159 3490 5215 δὲ
3538 5163 3703 5217 πάλιν
3741 5165 3851 5221 τὸν
3906 5167 4017 5224 θά-

2403 5262 2579 5299 νατον.

2491 5336 2864 5406 Ἐμάκρυνας
2907 5338 3043 5408 τοὺς
3121 5345 3429 5413 γνωστούς
3486 5363 3605 5415 μου
3649 5346 3751 5400 ἀπ’
3822 5350 4013 5421 ἐμοῦ.

2403 5428 2572 5482 Τοῦτό
2609 5446 2793 5499 φησιν,
2827 5431 3012 5505 ἐπειδὴ
3054 5434 3253 5499 πάντες
3302 5436 3463 5489 αὐτὸν
3520 5438 3823 5494 κατέλιπον
3858 5448 4018 5499 κατὰ

2402 5524 2490 5577 τὸν
2522 5523 2616 5578 τοῦ
2651 5525 2853 5590 πάθους
2884 5527 3091 5597 καιρόν.
3120 5530 3365 5583 Ἕθεντό
3380 5546 3455 5599 με
3506 5530 3837 5605 βδέλυγμα
3863 5533 3989 5594 ἔξω

1975 5664 2019 5692 ¹¹
2060 5659 2216 5715 Joan.
2256 5677 2311 5725 χ,
2342 5661 2424 5715 l8.

800 5775 915 5833 (39l
955 5776 1042 5833 Sic
1092 5776 1309 5836 Vulgata
1361 5777 1551 5834 Eman.
1606 5780 1708 5836 Sed
1736 5779 1921 5838 Graeca
1957 5780 2294 5841 Psalmorum
2335 5784 2895 5856 exemplaria,'l§07'.;s.
