4094 6312
197 379 289 436 381
1233 378 1595 435 EXPOSITIO
1634 378 1699 432 ΙΝ
1738 378 2063 435 PSALMUM
2103 379 2386 435 LXXXVII

3309 384 3413 440 382

194 496 330 562 τοῖς.
362 497 507 566 Ὅρα
541 495 655 557 πῶς
681 495 774 547 καὶ
812 494 973 565 μέχρι
1003 494 1097 549 νῦν
1138 495 1378 550 Ἰουδαῖοι
1428 497 1490 549 τὸ
1520 496 1746 567 Χριστοῦ

1856 512 1984 550 num
2010 495 2181 551 ιιιάωὶ
2228 494 2430 550 Christi
2466 509 2661 552 nomen
2706 507 3074 553 exsecrentur.
3161 497 3413 555 Traditus

193 590 355 657 δνομα
397 585 787 655 βδελύσσονται.
831 584 1192 655 Παρεδόθην,
1241 587 1341 640 καί
1391 590 1502 641 οὐκ
1544 587 1752 652 ἐξεπο-

183 680 466 746 ρευόμην.
504 677 670 733 Τοῦτό
708 694 859 747 φησι,
885 677 972 730 διὰ
998 677 1058 731 τὸ
1078 678 1458 734 κατάκλειστον
1486 682 1645 735 αὑτὸν
1665 698 1756 749 γε-

190 771 370 823 νέσθαι
399 772 458 824 ὲν
488 773 554 841 τῇ
584 770 728 839 οἰκίᾳ
753 770 845 823 τοῦ
874 771 1336 841 ἀρχισυναγώγου.

260 867 325 917 οι
370 864 664 932 ὀφθαλμοί
708 882 826 933 μου
871 866 1222 932 ἠσθένησαγ
1272 865 1390 918 ἀπὸ
1439 866 1751 933 πτωχείας.

200 956 615 1025 Ἀπεκλαιόμην,
653 957 834 1026 φησιν,
866 957 1003 1029 ὑπὲρ
1043 958 1135 1010 τοῦ
1186 956 1337 1021 λαοῦ,
1385 956 1506 1010 ίδὼν
1561 958 1756 1021 αὐτοὺς

186 1048 278 1101 τοῦ
309 1048 451 1101 κατὰ
492 1048 621 1101 Θεὸν
651 1049 876 1102 πλούτου
908 1050 1339 1120 ἐκπεσουμένους
1369 1051 1460 1104 καὶ
1503 1052 1582 1112 εἰς
1610 1067 1756 1103 πτω-

189 1143 339 1212 χείαν
370 1143 867 1212 κατενηνεγμένους
898 1143 1148 1214 ἐσχάτην.

268 1233 594 1300 Ἐκέκραξα
624 1234 772 1300 πρὸς
803 1232 895 1295 σὲ,
930 1235 1123 1300 Κύριε,
1152 1234 1303 1299 ὅλην
1348 1232 1462 1300 τὴν
1504 1232 1749 1301 ἡμέραν.

192 1325 326 1376 Ἕνα
376 1326 556 1379 τοίνυν
591 1328 753 1395 πόρον
801 1325 889 1387 δὸς
930 1325 1031 1394 τῆς
1063 1325 1170 1377 τῶν
1200 1324 1385 1377 δεινῶν
1411 1324 1749 1393 ἀπαλλαγῆς,

188 1418 282 1487 τὴν
338 1416 458 1485 σὴν,
488 1417 750 1478 Δέσποτα,
787 1418 1141 1488 προμηθειαν.
1182 1416 1464 1470 Ἐκτείνων
1513 1418 1620 1488 γὰρ
1668 1417 1753 1469 ἀεὶ

189 1506 279 1570 τὰς
315 1510 501 1579 χεῖρας
538 1506 797 1559 ἀντιϐολῶ
832 1524 907 1560 σε.
938 1508 1048 1577 Τὴν
1094 1506 1292 1577 πικρὰν
1336 1507 1392 1560 δὲ
1441 1508 1539 1578 τῆς
1578 1507 1753 1577 ψυχῆς

188 1599 375 1668 ὀδύνην
416 1598 572 1654 τοῦτο
608 1600 667 1651 τὸ
701 1598 887 1668 σχῆμα
935 1597 1253 1669 δηλοῖ.⁹Υπὺ
1305 1598 1412 1669 γὰρ
1446 1600 1539 1668 τῆς
1568 1599 1753 1671 χρείας

188 1692 644 1760 ἀναγκαζόμενος,
668 1691 978 1744 σπουδαιότε
988 1691 1076 1763 ρόν
1096 1710 1178 1756 τις
1200 1692 1427 1744 ἱκετεύει
1450 1692 1539 1744 τὸν
1554 1690 1752 1745 ’δοῦναι

189 1784 503 1853 δυνάμενον.

1856 605 1994 648 sum.
2023 600 2071 642 et
2101 604 2204 641 non
2230 588 2550 658 egrediebar.
2592 588 2711 643 Hoc
2737 590 2813 644 ait
2840 591 2967 661 quia
2997 590 3286 649 conclusus
3312 592 3415 647 fuit

1857 678 1909 731 in
1939 679 2101 733 domo
2128 678 2389 748 principis
2417 691 2721 748 synagoga.

1930 856 2015 910 l0.
2059 855 2213 911 Oculi
2270 857 2371 909 mei
2416 855 2731 927 languerunt
2782 873 2891 925 prce
2925 857 3126 926 inopia.
3170 856 3411 926 Flebant,

1854 949 2050 1017 inquit,
2091 964 2189 1016 pro
2219 948 2423 1017 populo
2455 961 2684 1002 cernens
2714 962 2808 1001 eos
2837 963 2865 1001 a
2902 947 3136 1013 divitiis,
3181 963 3302 1017 qua:
3328 963 3414 1003 se-

1858 1040 2096 1094 cundum
2122 1038 2290 1092 Deum
2325 1048 2472 1105 sunt,
2506 1038 2572 1093 ad
2600 1048 2899 1093 extremam
2928 1048 3297 1110 paupertatem
3321 1041 3415 1095 de-

1853 1131 2053 1200 lapsos.

1925 1222 2011 1275 ll.
2037 1220 2274 1276 Clamavi
2300 1221 2368 1274 ad
2393 1230 2461 1285 te,
2488 1219 2727 1287 Domine,
2762 1232 2873 1275 tota
2903 1223 3006 1276 die.
3048 1221 3227 1277 Unum
3258 1222 3412 1278 nobis

1853 1312 2055 1367 exitum
2093 1320 2152 1365 ut
2192 1327 2220 1365 a
2253 1311 2406 1365 malis
2436 1310 2731 1365 liberemur
2776 1311 3034 1380 praabeto,
3084 1320 3255 1374 tuam,
3302 1308 3412 1366 Do-

1853 1405 2020 1469 mine,
2044 1402 2461 1473 providentiam.
2496 1400 2629 1456 Nam
2666 1418 2880 1472 semper
2901 1420 3094 1459 manus
3117 1404 3413 1458 extendens

1853 1506 1906 1551 te
1935 1498 2214 1565 deprecor.
2248 1494 2346 1549 Hic
2384 1508 2548 1564 porro
2576 1493 2796 1548 habitus
2824 1496 3079 1549 acerbum
3120 1495 3285 1549 animi
3315 1496 3414 1549 do-

1851 1589 2020 1643 lorem
2057 1588 2279 1643 indicat.
2334 1585 2661 1641 Necessitate
2700 1587 2900 1656 quippe
2943 1596 3162 1643 coactus
3187 1587 3413 1655 quilibet

1852 1678 2037 1741 homo,
2076 1678 2372 1733 ferventius
2394 1678 2442 1732 ei
2461 1678 2726 1748 supplicat
2748 1678 2839 1749 qui
2867 1678 2919 1732 id
2953 1677 3184 1732 tribuere
3213 1688 3409 1748 potest.

252 1840 349 1943 Mi;
402 1876 527 1941 τοῖς
575 1875 807 1943 νεκροῖς
851 1874 1122 1942 ποιήσεις
1174 1873 1513 1944 θαυμάσαις
1550 1873 1746 1942 Ἰατροί

1922 1874 2006 1926 12.
2040 1870 2293 1941 Nunquid
2323 1871 2542 1925 mortuis
2560 1872 2721 1940 facies
2747 1870 3013 1924 mirabilia
3033 1872 3056 1923 1'
3075 1869 3264 1924 Medici
3293 1887 3411 1924 sus-

189 1966 640 2031 (ἱναστήσουσι;
664 1967 775 2030 Τάς
810 1969 985 2030 αἰτίας
1003 1969 1147 2037 ἡμᾶς
1169 1966 1405 2020 διδάσκει
1427 1968 1526 2038 τῆς
1555 1969 1635 2030 εἰς
1659 1967 1751 2019 τὸν

190 2058 410 2109 θάνατον
465 2056 628 2109 αὐτοῦ
683 2057 930 2121 καθόδου,
962 2059 1237 2128 μονονουχὶ
1282 2058 1485 2125 λέγων·
1531 2058 1748 2129 Ἐπειδὴ

187 2147 300 2201 οὔτε
347 2152 562 2218 νεκροῖς
616 2149 854 2214 δυνατὸν,
888 2152 1040 2222 φησι,
1078 2152 1404 2223 ποιήσασθαι
1451 2151 1745 2221 θαυμάσια,

188 2240 301 2294 οὗτε
344 2243 551 2313 ἰατροῖς
578 2243 917 2313 ἀναστῆσαι,
968 2245 1051 2296 ἵνα
1095 2241 1588 2313 ὲξομολογήσωνταί
1642 2260 1746 2305 σοι⁹

186 2332 299 2385 οὔτε
332 2334 439 2403 μὴν
472 2336 520 2386 oi
553 2336 610 2387 ὲν
638 2338 704 2404 τῇ
734 2335 976 2404 ἀπωλείᾳ
1000 2334 1213 2387 δυνατοὶ
1242 2328 1382 2404 ἦσαν
1425 2333 1627 2402 γνῶναί
1656 2350 1746 2387 σου

185 2421 273 2489 τήν
318 2423 605 2491 ἀλήθειανο
645 2423 832 2475 τούτου
879 2424 1055 2495 χάριν,
1082 2418 1127 2477 ὧ
1161 2424 1358 2495 Πάτερ,
1388 2425 1482 2477 καὶ
1531 2427 1641 2486 τοῖς
1691 2427 1749 2476 ἐν

183 2512 301 2580 ᾅδου
334 2513 795 2585 καταλελόγισμαι
816 2532 829 2545 ·
877 2517 963 2568 ἵνα
996 2517 1323 2579 ἀναστάντες
1351 2517 1400 2568 οἱ
1434 2516 1490 2567 ὲν
1529 2517 1593 2586 τῇ
1632 2516 1747 2567 ἐπι-

184 2604 484 2680 λελησμένῃ
535 2610 605 2678 γῇ
650 2608 743 2661 καὶ
789 2608 897 2660 τῶν
948 2608 1265 2679 θαυμασίων
1306 2625 1400 2661 σου
1429 2611 1620 2678 πεῖραν
1648 2607 1745 2661 λά-

182 2696 340 2759 δοιεν,
376 2700 473 2750 καὶ
517 2699 882 2769 διηγήσωνται
927 2702 977 2752 oi
1032 2701 1196 2753 πάλαι
1243 2702 1300 2752 ὲν
1330 2699 1408 2770 τῷ
1438 2700 1617 2753 σκότει
1647 2700 1745 2771 τὴν

182 2786 431 2856 ἀλήθειάν
461 2804 575 2840 σου.

244 2879 337 2945 Μὴ
367 2878 721 2947 διηγήσεταί
757 2899 845 2948 τις
883 2881 953 2935 ἐν
984 2881 1063 2948 τῷ
1093 2883 1253 2951 τάφῳ
1275 2882 1358 2936 ’τὸ
1395 2883 1566 2950 ἔλεός
1596 2899 1745 2948 σου;

180 2968 260 3038 Μὴ
286 2969 534 3033 δυνατὸν,
562 2973 714 3041 φησι,
733 2973 857 3034 τοὺς
882 2973 959 3034 εἰς
981 2972 1125 3024 κόνιν
1152 2970 1496 3035 διαλυθέντας
1522 2974 1745 3044 νεκροὺς

180 3061 263 3113 καὶ
298 3064 357 3113 ἐν
404 3061 484 3132 τῷ
519 3061 666 3131 ζόφῳ
715 3062 807 3115 τοῦ
862 3063 1089 3115 θανάτου
1143 3064 1447 3131 διάγοντας,
1482 3066 1574 3117 καὶ
1605 3064 1742 3135 λήθῃ

1850 1965 2126 2019 citabunt?
2164 1962 2273 2018 Nos
2299 1962 2487 2017 edocet
2528 1978 2648 2033 quae
2687 1978 2849 2018 causa
2892 1964 2964 2018 sit
3027 1961 3168 2032 quod
3225 1965 3412 2017 mortis

1849 2070 2091 2128 tempore
2146 2055 2506 2119 descenderit,
2572 2063 2779 2109 tantum
2840 2069 2948 2108 non
3007 2052 3080 2107 ita
3142 2052 3406 2122 loquens:

1848 2150 2137 2218 Quoniam,
2184 2148 2379 2219 inquit,
2412 2160 2588 2217 neque
2619 2145 2822 2200 mortui
2868 2155 3097 2214 possunt
3142 2143 3409 2199 mirabilia

1848 2245 2046 2310 facere,
2080 2259 2254 2314 neque
2285 2242 2477 2297 medici
2509 2240 2772 2295 suscitare
2801 2247 2858 2292 ut
2888 2237 3246 2292 conﬁteantur
3267 2234 3363 2289 tibi
3391 2272 3408 2299 ,

1849 2354 2023 2408 neque
2046 2337 2081 2391 ii
2112 2336 2205 2406 qui
2234 2335 2288 2389 in
2322 2332 2560 2404 pernicie
2592 2338 2747 2387 erant
2788 2343 2950 2383 nosse
2986 2336 3241 2396 poterant
3267 2326 3411 2380 veri-

1848 2442 2011 2485 tatem
2053 2440 2224 2493 tuam,
2283 2425 2448 2495 bujus
2498 2425 2573 2479 rei
2607 2423 2799 2493 gratia,
2828 2436 2861 2475 o
2903 2419 3095 2484 Pater,
3126 2425 3412 2488 reputatus

1847 2538 1966 2577 sum
2015 2536 2137 2575 cum
2187 2520 2255 2574 iis
2280 2519 2372 2588 qui
2408 2526 2536 2571 sunt
2586 2516 2641 2569 in
2691 2512 2945 2577 inferno;
2980 2520 3043 2565 ut
3066 2510 3316 2567 suscitati
3369 2509 3409 2563 ii

1846 2613 1939 2681 qui
1978 2618 2104 2664 sunt
2142 2608 2197 2662 in
2238 2618 2381 2663 terra
2436 2606 2748 2669 oblivionis,
2802 2603 3134 2657 mirabilium
3188 2612 3407 2655 tuorum

1845 2703 2272 2773 experimentum
2325 2699 2611 2768 accipiant,
2662 2706 2716 2751 et
2750 2697 2842 2766 qui
2900 2694 3028 2749 olim
3069 2695 3122 2749 in
3169 2695 3410 2751 tenebris

1845 2803 1999 2852 erant
2022 2803 2273 2851 enarrent
2303 2794 2579 2847 veritatem
2612 2802 2778 2845 tuam.

1919 2889 2003 2941 l3.
2038 2886 2293 2955 Nunquid
2316 2886 2580 2938 enarrabit
2612 2884 2804 2952 aliquis
2833 2883 2887 2936 in
2938 2880 3173 2950 sepulcro
3201 2878 3407 2932 miseri-

1846 2979 2079 3033 cordiam
2111 2979 2300 3031 tuam?
2322 2976 2460 3029 Num
2496 2985 2692 3045 potest,
2720 2975 2915 3043 inquit,
2948 2974 3083 3039 ﬁeri,
3117 2984 3173 3027 ut
3206 2972 3406 3027 mortui

1846 3072 1898 3125 iu
1938 3072 2210 3142 pulverem
2249 3069 2450 3123 redacti
2496 3068 2589 3137 qui
2634 3068 2688 3121 in
2730 3066 2919 3120 umbra
2956 3066 3148 3120 mortis
3180 3065 3402 3134 degunt,

176 3152 655 3223 παραδεδομένους,
688 3153 786 3222 τῆς
817 3156 914 3223 σῆς
945 3153 1162 3205 ἔσεσθαι
1194 3154 1616 3225 φιλανθρωπίας,
1652 3158 1744 3208 καὶ

1847 3172 1898 3216 et
1933 3163 2191 3217 oblivioni
2215 3162 2393 3215 traditi
2423 3171 2568 3227 sunt,
2596 3169 2697 3215 tuae
2724 3160 2833 3215 sint
2861 3158 3159 3214 clementia:
3184 3158 3407 3227 partici-

173 3244 273 3295 τῶν
303 3246 415 3297 σῶν
438 3246 728 3314 θαυμάτων
760 3245 953 3307 θεατὰς
978 3245 1316 3315 καταστῆσαι
1344 3262 1358 3310 ;

239 3341 336 3408 Μὴ
393 3341 810 3409 γνωσθήσεται
853 3341 924 3393 ἐν
968 3340 1048 3405 τῷ
1090 3340 1289 3393 σκότει
1331 3340 1403 3393 τὰ
1448 3338 1746 3409 θαυμάσιά

173 3445 320 3494 σου;
350 3433 565 3499 ’Ὠσπερ
606 3433 662 3483 ὲν
707 3432 816 3492 τοῖς
843 3428 1172 3482 ἀπολωλόσιν
1200 3430 1298 3482 οὐκ
1327 3429 1469 3482 ἔστιν
1499 3428 1742 3500 ἀλήθεια,

168 3516 334 3580 οὕτως
383 3522 442 3570 ὲν
490 3521 600 3581 τοῖς
631 3519 1028 3588 ἐσκοτισμένοις
1060 3519 1159 3569 ούκ
1189 3517 1301 3570 ἔστι
1332 3519 1627 3589 θαυμάσια.
1665 3522 1741 3590 Γῆ

170 3609 568 3680 ἐπιλελησμένη
600 3609 715 3661 ἐστὶ
740 3608 883 3680 ψυχὴ
917 3609 1107 3681 λογικὴ
1140 3609 1248 3662 τῶν
1272 3608 1365 3663 τοῦ
1392 3610 1546 3678 ἁγίου
1570 3611 1741 3664 Πνεύ-

168 3717 332 3770 ματος
364 3703 569 3771 ἐστερη
580 3702 714 3771 μένη
741 3702 986 3774 καρπῶν.

232 3795 357 3848 Ἵνα
407 3796 488 3858 τί,
532 3796 727 3863 Κύριε,
766 3794 1017 3861 άπωθεῖς
1047 3795 1161 3863 τὴν
1192 3796 1402 3867 ψυχήν
1427 3814 1567 3866 μου,
1593 3797 1741 3850 ἀπο-

164 3886 441 3955 στρέφεις
472 3884 542 3937 τὸ
571 3887 889 3951 πρόσωπόν
920 3901 1035 3941 σου
1058 3889 1159 3941 ἀπ’
1180 3888 1356 3956 ἐμοῦ;
1391 3889 1447 3942 '0
1485 3890 1580 3958 μὲν
1604 3889 1740 3961 ὑπὲρ

159 3976 246 4027 τοῦ
279 3974 419 4028 λαοῦ
459 3974 818 4045 προσηύχετο,
842 3977 889 4026 oi
916 3975 969 4028 δὲ
997 3976 1243 4041 ἀναξίους
1272 3979 1493 4041 ἑαυτοὺς
1518 3978 1616 4048 τῆς
1639 3996 1741 4031 σω-

156 4070 349 4138 τηρίας
401 4068 473 4120 δι’
511 4065 812 4137 ύπερῦολὴν
868 4067 1064 4130 κακίας
1111 4069 1527 4139 ἀποφαίνονται·
1580 4072 1741 4122 οἱονεὶ

160 4174 443 4213 ιποακτον
499 4157 666 4213 αὑτοῦ
711 4158 807 4229 τὴν
856 4159 994 4232 ὑπὲρ
1039 4160 1215 4213 αὐτῶν
1268 4161 1627 4226 καθιστῶντες
1654 4164 1739 4215 εύ-

154 4255 269 4320 χήν.

215 4344 473 4413 Πτωχός
500 4344 618 4409 εἰμι
640 4343 752 4413 ἐγὼ
771 4344 869 4398 καὶ
892 4346 962 4398 ἐν
981 4346 1189 4411 κόποις
1208 4346 1275 4399 ἐκ
1298 4346 1575 4414 νεότητός
1594 4365 1733 4415 μου.

150 4439 368 4509 Πτωχὸς
400 4439 511 4508 μὲν
539 4436 625 4487 διὰ
655 4436 714 4486 τὸ
743 4437 925 4490 δούλου
956 4437 1137 4489 λαϐεῖν
1174 4440 1415 4510 μορφήν
1450 4441 1507 4492 ὲν
1548 4438 1732 4502 κόποις

1844 3268 1957 3323 pes,
1986 3262 2039 3307 et
2078 3262 2291 3306 tuorum
2326 3252 2653 3306 mirabilium
2682 3249 3089 3319 speculatores?

1916 3344 2004 3399 14.
2042 3342 2296 3414 Nunquid
2351 3353 2725 3413 cognoscentur
2775 3342 2829 3393 in
2871 3340 3093 3393 tenebris
3133 3338 3404 3392 mirabilia

1846 3436 1979 3491 tua?
2020 3435 2483 3503 Quemadmodum
2519 3434 2659 3503 apud
2697 3448 2791 3488 eos
2843 3433 2935 3503 qui
2966 3434 3245 3504 perierunt
3296 3451 3402 3488 non

1843 3538 1925 3582 est
1944 3528 2170 3591 veritas;
2200 3527 2270 3580 ita
2298 3528 2435 3593 apud
2461 3541 2553 3579 eos
2586 3525 2680 3593 qui
2735 3525 2787 3577 in
2836 3524 3074 3579 tenebris
3109 3537 3254 3587 sunt,
3293 3541 3403 3579 non

1842 3626 1969 3672 sunt
1994 3617 2280 3670 mirabilia.
2314 3616 2810 3684 Terrapblivionis,
2838 3625 2921 3670 est
2945 3617 3124 3670 anima
3158 3618 3400 3670 rationa-

1842 3708 1907 3763 lis
1938 3707 2201 3761 fructibus
2237 3705 2472 3777 Spiritus
2500 3707 2673 3762 sancti
2709 3709 2932 3776 privata.

1914 3800 1999 3853 15.
2043 3798 2259 3869 thuid,
2310 3800 2564 3863 Domine,
2616 3798 2819 3867 repellis
2876 3799 3164 3853 orationem
3210 3815 3398 3855 meam.

1842 3895 2032 3947 avertis
2067 3893 2254 3962 faciem
2286 3902 2428 3943 tuam
2453 3907 2485 3942 a
2516 3890 2639 3943 me?
2668 3890 2763 3945 ille
2805 3890 3023 3960 quidem
3071 3906 3169 3959 pro
3202 3893 3400 3960 populo

1841 3986 2181 4054 precabatur,
2233 3982 2333 4050 ipsi
2384 3996 2512 4033 vero
2556 3980 2624 4034 ob
2659 3980 2927 4049 ingentem
2984 3981 3243 4034 malitiam
3281 3996 3400 4034 sese

1841 4077 2013 4130 salute
2044 4073 2295 4141 indignos
2330 4072 2582 4138 reddunt,
2619 4071 2691 4125 ita
2727 4080 2785 4125 ut
2811 4071 2928 4141 ejus
2961 4071 3262 4125 orationem
3298 4085 3394 4141 pro

1840 4164 1970 4231 ipsis
1998 4162 2233 4216 oblatam
2262 4161 2417 4231 quasi
2452 4161 2695 4215 inutilem
2724 4159 2976 4216 elliciant.

1912 4338 1996 4392 l6.
2040 4336 2255 4409 Pauper
2284 4354 2399 4393 sum
2448 4355 2539 4408 ego
2566 4348 2613 4391 et
2652 4340 2706 4391 in
2751 4337 3019 4393 laboribus
3058 4356 3091 4393 a
3122 4350 3396 4410 Juvenum

1838 4450 1971 4487 mea.
2012 4430 2223 4501 Pauper
2247 4432 2461 4501 quidem
2500 4431 2627 4501 quia
2674 4432 2815 4487 servi
2867 4432 3097 4487 formam
3149 4436 3392 4504 accepit;

148 4530 196 4581 δῖ’.
228 4533 288 4582 ὲκ
320 4533 612 4598 νεότητος,
655 4527 786 4580 διότι
830 4530 893 4581 ἐκ
940 4528 1265 4597 σπαργάνων
1311 4530 1487 4583 αὐτῶν
1513 4530 1736 4583 ἐπεϐου-

1847 4528 1890 4580 iu
1924 4526 2200 4581 laboribus
2240 4536 2419 4580 autem
2471 4541 2500 4579 a
2528 4527 2829 4596 juventute,
2867 4529 2994 4597 quia
3029 4530 3097 4584 ab
3132 4530 3265 4598 ipsis
3306 4530 3393 4584 in-

148 4623 326 4677 λεύετο
378 4621 551 4693 παρά
599 4636 658 4671 τε
718 4620 953 4691 Ἡρώδου
1011 4619 1105 4673 καὶ
1159 4620 1267 4673 τῶν
1318 4624 1514 4692 ὁμοίων
1564 4623 1728 4694 αύτῷ.

1847 4620 2139 4685 cunabulis,
2167 4617 2399 4674 Herodis
2427 4630 2480 4673 et
2512 4620 2769 4674 similium
2802 4620 2903 4691 ipsi
2944 4622 3225 4676 hominum
3254 4623 3392 4678 insi-

156 4716 437 4783 Ὺψωθεὶς
476 4713 554 4766 δὲ
582 4711 978 4779 ἐταπεινώθην
1015 4711 1112 4765 καὶ
1147 4712 1734 4783 ἐξηπορήθην.Ὓψω-

1853 4711 1937 4765 liis
1971 4712 2241 4780 appetitus
2279 4720 2382 4766 est.
2429 4710 2713 4765 Exaltatus
2744 4723 2918 4766 autem
2946 4714 3255 4768 humiliatus
3274 4729 3391 4769 sum

146 4824 220 4861 σιν
250 4810 352 4879 μὲν
384 4806 499 4878 τὴν
552 4805 643 4857 ὲπὶ
689 4802 782 4857 τοῦ
817 4803 1046 4876 σταυροῦ
1092 4804 1275 4858 ἀνοδόν
1308 4822 1459 4875 φησι,
1502 4806 1638 4859 κατά
1672 4804 1728 4860 τὸ

1847 4812 1878 4854 τι
1940 4802 2300 4856 conturbatus.
2354 4801 2742 4857 Exaltationem
2795 4802 2926 4857 dicit
2972 4820 3257 4859 ascensum
3320 4805 3387 4859 ad

143 4901 433 4971 εἰρημένον
464 4898 568 4951 ὑπ’
585 4895 780 4950 αὐτοῦ’
815 4897 993 4950 Ὅταν
1017 4895 1301 4964 ὑψώσητε
1328 4896 1436 4950 τὸν
1468 4896 1608 4950 Υιύν
1621 4897 1728 4951 τοῦ

1847 4909 2043 4949 :rucem
2068 4938 2083 4961 ,
2114 4894 2270 4963 juxta
2314 4895 2364 4948 id
2407 4896 2550 4965 quod
2587 4896 2653 4949 ab
2683 4895 2773 4949 illo
2828 4896 3031 4950 dictum
3086 4906 3168 4951 est
3206 4916 3219 4951 :
3254 4896 3387 4952 Cum

142 4992 482 5063 ἀνθρώπου.
537 4988 611 5041 Τὸ
658 4989 733 5052 δὲ,
785 4986 1202 5056 ἐταπεινώθην,
1252 4987 1340 5041 διά
1384 4987 1483 5060 τὴν
1537 4988 1728 5059 μέχρις

1847 4988 2181 5041 ’ωιιαυενὶιίε
2217 4986 2411 5040 Filium
2446 4987 2671 5040 hominis
2705 4986 2767 5038 “.
2799 4984 2932 5040 Illud
2963 4996 3167 5053 autem,
3208 4988 3385 5043 humi-

143 5082 257 5134 Ξιδου
289 5081 546 5136 κάθοδον
578 5078 748 5145 λέγει.

1847 5081 1985 5135 iatus
2016 5096 2153 5146 sum,
2183 5080 2251 5135 de
2276 5094 2376 5135 suo
2408 5080 2461 5133 in
2495 5080 2767 5133 infernum
2796 5081 3059 5135 descensu
3091 5082 3186 5135 ait.

210 5174 329 5226 Ἐπ’
353 5171 474 5242 ἐμὲ
524 5166 783 5235 διῆλθον
828 5173 887 5223 al
931 5168 1099 5238 ὀργαί
1127 5186 1263 5223 σου.
1300 5155 1507 5234 Πᾶσαν,
1545 5168 1726 5239 φησιν,

145 5266 391 5336 ἐκίνησας
444 5263 579 5317 κατ’
611 5259 747 5331 ἐμοῦ
776 5262 871 5331 τὴν
898 5263 1064 5333 ὀργήν
1085 5277 1098 5292 ·
1145 5263 1239 5315 καὶ
1276 5264 1393 5323 ταῖς
1419 5262 1729 5333 φοϐερωτά-

1898 5172 1987 5237 l7,
2029 5171 2114 5225 l8.
2146 5169 2213 5224 In
2252 5186 2331 5223 me
2375 5172 2694 5224 transierunt
2726 5174 2821 5225 irae
2848 5182 2973 5235 tua,
3008 5182 3113 5227 etc.
3155 5172 3383 5228 Omnem

1824 5265 1983 5328 iram,
2012 5264 2207 5333 inquit,
2236 5264 2523 5318 adversum
2569 5278 2655 5317 me
2682 5263 2968 5330 excitasti;
3012 5274 3065 5318 et
3103 5264 3385 5320 terribilis-

142 5367 243 5417 ταις
275 5373 341 5426 με
378 5350 728 5422 διετάραξάς
753 5354 1060 5423 τιμωρίαις,
1089 5353 1180 5405 καὶ
1218 5352 1438 5416 ταύταις
1476 5352 1725 5425 καθάπερ

1847 5355 1980 5408 ιίηιίε
2025 5370 2111 5408 me
2159 5354 2435 5424 suppliciis
2487 5350 2847 5420 conturbasti,
2894 5356 3069 5426 iisque
3098 5371 3195 5411 ceu
3222 5358 3380 5425 aquis

142 5443 311 5499 ὕδασιν
340 5444 697 5517 ὐποῦρύχιόν
728 5462 795 5516 με
828 5446 1152 5515 πεποίηκας.

211 5538 599 5611 Ἐμάκρυνας
623 5536 725 5590 ἀπ’
757 5536 902 5607 ἐμοῦ
938 5540 1119 5607 φίλον
1162 5537 1257 5592 καί
1304 5540 1569 5607 πλησίον
1617 5540 1714 5594 καὶ

197 5757 422 5818 ⁸³]οιιι.
452 5774 587 5822 vm,
613 5755 705 5810 28.

1828 5462 1912 5500 tne
1942 5446 2263 5502 demersisti.

1894 5540 1977 5595 l9.
2011 5537 2286 5610 Elougasti
2310 5557 2340 5593 a
2371 5556 2449 5595 me
2478 5541 2705 5595 amicum
2730 5551 2780 5596 et
2816 5542 3134 5612 proximum,
3155 5550 3203 5596 et
3226 5546 3381 5597 notos
