4094 6312
700 362 808 420 385

1543 362 1600 415 S.
1642 361 2006 417 ATHANASII
2047 365 2197 421 OPP.
2238 363 2415 420 PARS
2455 361 2543 416 Ill.
2577 391 2646 401 —
2678 358 3081 413 EXEGETICA.

3823 353 3920 408 384

701 494 839 532 meos
889 494 920 530 a
954 481 1184 532 miseria.
1237 478 1504 532 Miser-iam
1545 489 1700 532 vocat
1734 481 2001 548 passionis
2027 491 2259 549 tempus.

2363 478 2500 544 τοὺς
2540 477 2842 547 γνωστοῦ-ς
2881 493 2998 542 μου
3041 473 3156 526 ἀπὸ
3201 469 3612 537 ταλαιπωρίας.
3645 469 3921 522 Ταλαιτιω-

699 572 789 624 Ait
816 570 978 639 igitur
1037 578 1278 639 tempore
1309 571 1575 638 passionis
1610 573 1817 626 amicos
1859 584 1911 627 et
1952 584 2108 628 notos
2140 576 2263 628 reli-

699 662 888 730 quisse
928 663 1127 731 ipsum.
1184 661 1261 714 Ac
1319 661 1577 730 quoniam
1634 662 1806 730 factus
1839 673 1915 715 est
1954 662 2103 716 Patri
2145 664 2263 717 obe-

699 753 848 806 diens
882 768 1043 823 usque
1070 753 1139 805 atl
1169 763 1409 817 mortem,
1446 763 1664 806 mortem
1687 765 1858 806 autem
1881 756 2053 807 crucis
2089 756 2135 786 "
2159 795 2173 818 ,
2208 757 2260 809 in

702 859 864 900 cruce
900 855 1078 898 autem
1113 846 1335 901 relictus
1363 857 1445 901 est
1472 861 1501 898 a
1533 847 1849 914 discipulis,
1904 847 2024 901 ideo
2049 845 2259 902 Patrem

702 953 862 991 suum
891 937 1177 1008 elongasse
1207 939 1414 993 amicos
1447 947 1500 992 et
1530 948 1688 994 notos
1709 939 1858 993 dicit.

699 1190 748 1244 Ι.
791 1188 1124 1246 ΡεΑιιιυε
1171 1193 1460 1245 intellectus
1497 1192 1719 1245 Aftham
1769 1189 2031 1243 Israelin
2079 1189 2260 1260 [Vulg.

812 1292 936 1331 cum
966 1276 1153 1340 Hebr.,
1175 1277 1397 1330 Ait/tam
1427 1274 1740 1347 Ezraltitw].
1772 1273 2156 1328 LXXXVIII.

1290 1360 1329 1412 A
1341 1377 1545 1430 rgumen
1556 1370 1685 1412 tum.

697 1448 749 1502 In
790 1452 1142 1522 praesentibus
1171 1451 1373 1506 Christi
1404 1467 1468 1505 ex
1514 1451 1718 1506 semine
1751 1449 1914 1505 David
1967 1451 2264 1521 generatio-

765 1560 922 1604 nem,
973 1554 1027 1598 et
1079 1547 1196 1614 ejus
1234 1560 1482 1614 regnum,
1523 1544 1872 1608 vaticinatur,
1926 1543 2259 1610 insuperque

765 1638 1058 1689 salutarem
1091 1637 1400 1705 passionem
1435 1650 1595 1705 quam
1634 1649 1730 1704 pro
1778 1634 1937 1688 nobis
1979 1634 2259 1689 sustinuit.

769 1725 1076 1782 Intellectus
1123 1737 1302 1781 autem
1335 1727 1629 1796 inscriptus
1665 1735 1781 1788 est,
1823 1726 1952 1795 quia
1996 1725 2261 1795 spirituali

2366 565 2485 635 ρίαν
2511 563 2600 614 τὸν
2621 561 2714 614 τοῦ
2738 559 2940 622 πάθους
2969 559 3157 629 καιρὸν
3187 559 3600 628 κατασημαίνει.
3630 556 3790 624 Λέγει
3811 553 3919 617 οὖν,

2363 656 2437 719 ὡς
2469 655 2621 725 παρὰ
2661 653 2724 705 τὸ
2756 653 2926 714 πάθος
2961 652 3120 705 αὑτὸν
3149 650 3241 703 καὶ
3268 652 3313 702 οἱ
3348 649 3489 718 φίλοι
3518 650 3610 702 καὶ
3645 652 3691 701 οἰ
3726 647 3921 718 γνώρι-

2365 764 2452 818 μοι
2503 743 3104 814 ὲγκατέλιπον.Ἐπειδὶι
3147 743 3204 796 δὲ
3249 742 3490 812 γέγονεν
3536 741 3807 805 ὑπήκοος
3852 739 3923 804 τῷ

2362 839 2541 906 Harp!
2575 837 2749 908 μέχρι
2781 836 3063 900 θανάτου,
3095 833 3351 890 θανάτου
3383 833 3450 885 δὲ
3481 831 3770 900 σταυροῦ,
3798 833 3854 883 ἐν
3875 831 3923 883 δὲ

2362 931 2440 1001 τῷ
2471 931 2685 1001 σταυρῷ
2711 929 3127 984 καταλέλειπται
3159 927 3308 994 παρὰ
3335 925 3440 978 τῶν
3483 923 3740 1000 μαθητῶν
3760 941 3772 952 ·
3809 921 3923 974 τού·

2361 1039 2453 1075 του
2503 1024 2660 1094 χάριν
2706 1024 2796 1075 τὸν
2844 1022 3060 1090 Πατέρα
3095 1018 3258 1073 αὑτοῦ
3294 1016 3715 1089 μακρῖωαιτοὺς
3748 1015 3922 1083 φίλους

2363 1117 2455 1168 καὶ
2482 1118 2603 1177 τοὺς
2625 1113 2928 1185 γνωρίμους
2957 1113 3120 1182 λέγει.

2443 1209 2538 1260 ΨΑ
2558 1209 2757 1259 ΛΜοΣ
2802 1204 3107 1270 συνέσεως
3160 1201 3338 1270 “eam
3378 1200 3456 1265 τῷ
3512 1200 3863 1266 Ἰσραηλίτῃ.

3081 1291 3218 1340 ΠΙΡ.

2990 1372 3310 1436 Ὑπόθεσις.

2375 1469 2461 1521 Ἐν
2502 1470 2614 1530 τοῖς
2655 1466 2884 1539 παροῦσι
2925 1466 3021 1535 τὴν
3049 1466 3112 1516 ἐκ
3141 1463 3449 1533 σπέρματος
3479 1459 3642 1514 Δαυῒδ
3679 1459 3923 1529 γέννησιν

2429 1560 2521 1614 τοῦ
2554 1559 2812 1630 Χριστοῦ,
2855 1559 2947 1611 καὶ
2989 1559 3088 1626 τὴν
3142 1554 3412 1626 βασιλείαν
3456 1552 3618 1607 αὐτοῦ
3662 1550 3926 1616 θεσπίζει,

2432 1653 2525 1704 καὶ
2575 1650 2678 1721 μὴν
2722 1651 2816 1703 καὶ
2872 1650 2932 1702 τὸ
2978 1647 3147 1710 πάθος
3194 1647 3252 1699 τὸ
3287 1648 3546 1715 σωτήριον
3580 1644 3607 1696 ὃ
3643 1644 3930 1712 ὑπέμεινεν

2434 1744 2572 1814 ὑπὲρ
2626 1742 2798 1813 ἡμῶν.
2831 1739 3142 1807 Συνέσεως
3173 1739 3229 1791 δὲ
3281 1737 3699 1807 ἐπιγέγραπται,
3752 1735 3931 1802 ἐπειδὴ

766 1829 946 1874 mente
974 1835 1110 1889 opus
1141 1821 1476 1875 estmaxime
1505 1821 1568 1873 ad
1610 1819 2012 1889 intelligendam
2059 1829 2259 1889 myste-

2429 1833 2795 1906 πνευματικοῦ
2830 1835 3061 1904 μάλιστα
3093 1832 3248 1901 χρεία
3282 1829 3372 1882 νοῦ
3407 1830 3542 1900 πρὸς
3571 1829 3632 1881 τὸ
3662 1831 3857 1899 νοῆσαι
3876 1828 3932 1879 τὸ

766 1912 971 1965 riorum
1026 1912 1146 1980 ejus
1178 1912 1620 1981 profunditatem.
1679 1910 1751 1964 De
1802 1909 1997 1963 Eman
2047 1920 2248 1976 autem,

764 2005 907 2073 quod
949 2013 1000 2058 et
1045 2006 1160 2073 ipse
1193 2006 1454 2074 propheta
1502 2003 1685 2066 fuerit,
1736 2003 1789 2056 in
1819 2003 2255 2071 praecedentibus

766 2095 877 2165 jam
909 2108 1220 2152 enarratum
1255 2107 1358 2153 est.

766 2186 820 2240 2.
856 2186 1247 2243 Misericordias
1278 2198 1415 2248 tuas,
1458 2185 1700 2249 Domine,
1744 2186 1799 2238 in
1834 2195 2089 2240 aeternum
2138 2202 2259 2238 can-

700 2280 838 2333 tabo.
872 2280 936 2334 Et
959 2299 1095 2350 quas
1125 2282 1522 2336 misericordias
1549 2281 1801 2334 Domini?
1831 2297 2097 2349 quasnam
2131 2297 2254 2350 erga

699 2387 800 2425 nos
828 2371 1020 2437 cll‘ccit,
1043 2389 1179 2442 quas
1209 2383 1427 2428 cantare
1456 2373 1793 2428 debeamus?
1824 2373 2080 2424 nimirum
2113 2373 2259 2440 quod

698 2464 1033 2532 principatus
1075 2476 1128 2520 et
1175 2475 1469 2534 potestates
1528 2466 1595 2519 de
1627 2465 1801 2517 medio
1854 2463 2155 2524 sustulerit,
2208 2472 2263 2518 et

698 2555 874 2624 ipsum
903 2555 1102 2609 diaboli
1137 2557 1420 2624 imperium
1459 2575 1470 2609 :
1504 2572 1711 2625 nosque
1744 2556 2052 2610 liberaverit
2081 2571 2110 2609 a
2136 2571 2261 2625 pec-

701 2658 822 2700 cato
845 2658 898 2700 et
927 2658 1114 2703 morte.
1140 2647 1203 2701 In
1233 2651 1614 2718 generationem
1658 2659 1707 2701 et
1737 2651 2120 2719 generationem
2160 2666 2259 2702 an-

700 2739 950 2792 nuntiabo
989 2741 1254 2792 veritatem
1285 2749 1426 2792 tuam
1464 2741 1515 2792 in
1545 2757 1631 2792 ore
1661 2756 1791 2792 meo.
1827 2728 2038 2794 Veritas
2090 2739 2262 2793 Patris

699 2837 784 2883 est
821 2828 1007 2887 Filius,
1041 2847 1199 2901 quem
1230 2833 1403 2886 sancti
1436 2833 1488 2883 in
1518 2830 1918 2899 generationem
1957 2841 2010 2884 et
2038 2846 2263 2898 genera-

699 2921 901 2974 tionem
935 2922 986 2974 in
1023 2938 1117 2974 ore
1147 2932 1358 2991 gestant
1387 2939 1399 2975 τ
1433 2936 1610 2975 sermo
1639 2920 1782 2974 enim
1831 2920 1986 2991 quasi
2031 2921 2099 2976 ab
2133 2936 2262 2992 apo-

699 3009 891 3064 stolico
915 3009 1081 3063 choro
1104 3012 1363 3080 procedit.

770 3102 825 3154 3.
871 3100 1131 3166 Quoniam
1171 3106 1408 3158 dixisti:
1458 3103 1523 3159 In
1587 3114 1840 3159 (uernum
1898 3102 2262 3157 misericordia

2430 1929 2588 1998 βάθος
2614 1927 2719 1981 τῶν
2746 1927 2911 1979 αὑτοῦ
2937 1925 3266 1996 μυστηρίων.
3285 1924 3364 1976 Τὰ
3388 1924 3440 1976 δὲ
3465 1923 3590 1992 περὶ
3615 1921 3708 1974 τοῦ
3735 1920 3933 1990 Αἰμὰν,

2429 2021 2502 2082 ὡς
2532 2021 2624 2072 καὶ
2651 2014 2803 2081 οὗτος
2838 2020 3118 2088 προφήτης
3145 2013 3232 2087 ἦν,
3262 2019 3317 2069 ὲν
3351 2019 3461 2078 τοῖς
3490 2012 3825 2086 προλαϐοῦσι
3847 2027 3919 2064 σαι

2430 2113 2544 2182 φῶς
2567 2113 2929 2182 διηγόρευται.

2437 2204 2509 2257 Τὰ
2534 2203 2674 2270 ἐλὲη
2709 2220 2844 2266 σου,
2868 2203 3062 2269 Κύριε,
3085 2205 3168 2267 εἰς
3203 2201 3307 2254 τὸν
3336 2199 3520 2252 αὶῶνα
3547 2200 3789 2266 ᾄσομαι.
3828 2195 3934 2251 Καὶ

2361 2300 2487 2350 ποῖα
2536 2295 2606 2348 τὰ
2651 2296 2772 2364 ὲλέη
2813 2295 2906 2346 τοῦ
2939 2293 3162 2363 Κυρίου,
3190 2291 3225 2346 ἃ
3266 2292 3561 2360 πεποίηκεν
3593 2293 3670 2352 εἰς
3702 2292 3877 2359 ἡμᾶς,
3905 2288 3938 2342 ἃ

2360 2389 2454 2442 καὶ
2483 2389 2626 2459 ᾅδειν
2655 2388 2974 2455 ὀφείλομεν;
3015 2385 3047 2455 ἢ
3094 2383 3152 2436 τὸ
3191 2383 3433 2436 καθελεῖν
3487 2381 3583 2452 μὲν
3617 2381 3718 2443 τὰς
3765 2381 3938 2450 ἀρχὰς

2363 2482 2454 2534 καὶ
2488 2480 2583 2543 τὰς
2623 2479 2888 2545 ἐξουσίας,
2931 2479 3024 2530 καὶ
3051 2477 3180 2530 αὐτὸ
3212 2475 3306 2528 τοῦ
3337 2475 3577 2527 διαϐόλου
3611 2473 3673 2525 τὸ
3698 2474 3933 2543 κράτος·

2361 2569 2716 2640 ἐλευθερῶσαι
2747 2568 2801 2620 δὲ
2826 2569 2971 2636 ἡμᾶς
3005 2566 3273 2636 ἁμαρτίας
3300 2566 3393 2618 κα¹ι
3421 2564 3670 2616 θανάτου.
3716 2566 3827 2629 Εἰς
3851 2579 3942 2630 τε·

2361 2663 2507 2716 νεὰν
2531 2662 2628 2713 καὶ
2662 2659 2875 2728 γενεὰν
2907 2655 3222 2725 ἀπαγγελῶ
3254 2657 3369 2721 τὴν
3397 2653 3682 2718 ἀλήθειάν
3721 2672 3842 2707 σου
3875 2655 3942 2707 ἐν

2363 2752 2441 2818 τῷ
2469 2751 2716 2820 στόματί
2741 2768 2875 2818 μου.
2896 2748 3141 2818 Ἀλήθεια
3173 2747 3270 2817 μὲν
3292 2745 3383 2798 τοῦ
3411 2744 3621 2816 Πατρὸς
3645 2746 3674 2797 ὁ
3705 2745 3861 2806 Υἱὸς,
3882 2743 3941 2795 ὂν

2366 2845 2456 2895 καὶ
2489 2845 2567 2905 εἰς
2597 2841 2788 2910 γενεὰν
2817 2841 2908 2892 καὶ
2943 2840 3134 2908 γενεὰν
3173 2840 3262 2890 ἐπὶ
3292 2838 3553 2906 στόματος
3582 2838 3630 2888 οἱ
3667 2837 3816 2904 ἅγιοι
3848 2835 3939 2903 (ρέα

2366 2949 2578 3003 ρουσιν·
2629 2929 2742 2982 ἔστι
2789 2929 2897 2998 γὰρ
2941 2932 2969 2981 ὁ
3013 2929 3169 2996 λόγος
3211 2928 3285 2990 ὡς
3315 2927 3422 2979 ἀπὸ
3452 2925 3543 2978 τοῦ
3577 2923 3944 2979 ἀποστολικοῦ

2363 3018 2543 3091 χοροῦ.

2439 3113 2554 3162 ’Ότι
2571 3105 2740 3174 εἶπας
2761 3124 2772 3137 ⁸
2812 3108 2912 3172 Εἰς
2934 3105 3038 3158 τὸν
3059 3103 3241 3158 αἰῶνα
3262 3105 3433 3169 ἕλεος
3467 3102 3942 3172 οἰκοδομηθήσε-

702 3196 1069 3263 adi/imbitur.
1134 3195 1235 3259 Tu,
1269 3197 1461 3265 inquit,
1511 3212 1544 3251 ο
1599 3197 1847 3260 Domine,
1901 3197 2157 3266 dignatus
2203 3211 2261 3251 es

2367 3220 2478 3257 ται.
2495 3204 2587 3264 Σὺ,
2601 3197 2645 3254 ὦ
2657 3201 2918 3262 Δέσποτα,
2937 3201 3115 3268 φησὶν,
3135 3195 3554 3265 ἐπαγγείλασθαι
3566 3196 3938 3265 κατηξίωσας.

700 3286 960 3354 polliceri,
1008 3287 1059 3340 in
1121 3298 1379 3343 aeternum
1439 3288 1868 3342 misericordiam
1927 3304 2175 3358 magnam
2209 3297 2262 3343 et

702 3376 998 3430 mirabilem
1053 3379 1268 3436 assidue
1322 3380 1693 3432 aediﬁcandam
1754 3380 1806 3432 in
1856 3381 2046 3443 caelis,
2097 3380 2146 3432 id
2181 3388 2264 3433 est

700 3470 1131 3539 praeparandam.
1166 3471 1277 3524 sive
1301 3472 1662 3524 excitandam.
1688 3469 1822 3524 Nam
1859 3472 2004 3540 quod
2034 3471 2261 3524 azditica-

703 3569 790 3613 tur
827 3562 1226 3629 quodammodo
1271 3563 1534 3616 excitatur
1565 3571 1616 3616 et
1644 3563 1890 3631 erigitur.
1948 3562 2039 3617 Est
2081 3571 2260 3615 autem

703 3651 833 3704 illud
875 3652 1022 3707 salus
1050 3662 1102 3707 et
1131 3654 1299 3722 gratia
1337 3670 1431 3723 per
1458 3654 1734 3708 Chri‘stum
1765 3654 1907 3708 data.
1954 3653 2262 3710 Misericor-

703 3742 789 3794 dia
819 3742 1032 3811 quidem
1073 3742 1161 3796 Dei
1201 3744 1446 3798 homines
1499 3745 1758 3810 aediticat,
1823 3746 2021 3800 veritas
2076 3755 2258 3801 autem

703 3843 968 3901 praeparat
995 3845 1209 3889 sanctas
1237 3836 1480 3888 virtutes.
1509 3835 1906 3901 Pra'parabitur
1933 3838 2122 3890 veritas
2147 3848 2257 3890 tua.

703 3922 1164 3989 Quemadmodum
1199 3927 1344 3980 salus
1380 3926 1579 3981 Clu-isti
1617 3927 1987 3981 misericordia
2012 3938 2066 3981 et
2091 3930 2259 3996 gratia

702 4023 944 4081 vocatur,
972 4017 1044 4068 ita
1074 4032 1290 4086 quoque
1320 4027 1541 4071 vocatur
1565 4019 1785 4080 veritas,
1819 4034 1938 4086 qua:
1981 4035 2153 4088 usque
2194 4020 2261 4074 ad

703 4105 888 4172 ccelos,
915 4106 1010 4172 ait,
1037 4109 1268 4162 excitata
1289 4119 1370 4162 est
1391 4124 1486 4178 per
1503 4110 1820 4180 sanguinem
1846 4151 1860 4177 ,
1893 4111 2007 4165 sive
2038 4112 2088 4164 in
2121 4124 2259 4166 terra

704 4200 817 4254 sive
845 4202 897 4253 in
926 4203 1083 4255 caelo.

771 4292 822 4347 4.
855 4293 1103 4360 Disposui
1132 4303 1493 4348 testamentum
1522 4295 1696 4349 electis
1737 4298 1862 4349 meis
1883 4338 1896 4361 ,
1929 4297 2255 4364 Ahrahamo,

702 4384 896 4455 inquit.
927 4395 980 4440 et
1003 4385 1204 4441 Jacobo
1233 4404 1244 4438 :
1279 4388 1344 4442 iis
1372 4388 1516 4441 enim
1551 4383 1946 4457 promiSsioues
1988 4389 2052 4444 de
2100 4389 2259 4444 Chri-

702 4485 786 4529 sto
806 4474 971 4540 dedit,
1006 4477 1158 4545 juxta
1186 4478 1235 4531 id
1267 4481 1412 4547 quod
1444 4477 1648 4532 dictum
1681 4489 1766 4534 est
1798 4497 1810 4533 :
1854 4478 1919 4532 Et
1956 4479 2259 4534 benedicen-

703 4576 791 4618 tur
820 4568 872 4620 in
896 4570 1086 4622 semine
1117 4579 1202 4621 tuo
1232 4587 1406 4623 omnes
1437 4570 1601 4624 tribus
1638 4579 1789 4626 terra.~
1820 4573 1885 4626 ".
1929 4572 2115 4626 .luravi
2148 4572 2257 4626 Da-

702 4657 786 4711 vid
817 4675 960 4713 servo
1007 4677 1136 4713 meo.
1168 4660 1232 4713 Et
1263 4662 1479 4716 ubinam
1501 4663 1725 4732 juravit,
1765 4665 1868 4717 nisi
1906 4680 2029 4718 cum
2058 4666 2262 4719 diceret

702 4750 777 4803 illi
813 4769 824 4804 :
859 4749 925 4803 Et
963 4756 1058 4805 erit
1093 4764 1368 4824 postquam
1409 4755 1607 4820 impleti
1657 4756 1852 4824 fuerint
1903 4757 2015 4808 dies
2071 4758 2168 4821 tui,
2210 4764 2257 4808 et

702 4845 977 4898 dormieris
1004 4863 1119 4898 cum
1153 4847 1389 4916 patribus
1416 4849 1517 4900 tuis
1541 4888 1556 4912 ,
1585 4858 1827 4918 exsurget
1852 4850 1914 4902 de
1952 4851 2144 4902 semine
2170 4859 2257 4903 tuo

702 4936 857 5001 alius,
882 4938 971 5008 qui
997 4940 1094 4990 erit
1127 4955 1190 4991 ea:
1226 4951 1397 4994 ventre
1428 4950 1516 4992 tuo
1543 4958 1559 4992 .'
1583 4939 1649 4993 Et
1680 4941 1988 5008 pra’parabo
2017 4942 2069 4994 in
2106 4951 2258 4994 teter-

701 5045 822 5082 num
859 5047 1070 5098 regnum
1124 5032 1255 5097 eius.
1313 5032 1430 5101 Ipse
1480 5035 1762 5102 tedi/icabit
1796 5035 2007 5086 domum
2057 5034 2256 5086 nomini

702 5135 833 5172 meo.
869 5116 935 5172 Et
968 5121 1163 5187 erigam
1193 5139 1403 5190 regnum
1433 5123 1541 5191 ejus
1571 5125 1624 5176 in
1667 5123 1937 5177 saeculum.
2000 5122 2109 5192 Ego
2166 5140 2254 5176 ero

700 5209 778 5261 illi
809 5211 859 5262 in
883 5221 1105 5277 patrem,
1130 5223 1176 5265 et
1214 5215 1319 5281 ipse
1348 5215 1446 5264 erit
1483 5215 1610 5266 milii
1642 5215 1692 5265 in
1729 5215 1897 5281 ﬁlium
1926 5214 2010 5267 "‘3

2366 3299 2446 3351 ὅτι
2492 3299 2572 3359 εἰς
2613 3296 2704 3347 τὸν
2753 3293 2923 3346 αἰῶνα
2958 3289 3219 3361 διηνεκῶς
3253 3289 3399 3351 ἕλεος
3437 3287 3576 3357 μέγα
3602 3288 3696 3342 καὶ
3728 3287 3949 3360 θαυμα.

2369 3389 2488 3441 στὸν
2536 3383 3051 3454 οἰκοδομηθήσεται·
3099 3381 3127 3432 ὅ
3173 3381 3287 3432 ἐστι
3341 3380 3946 3450 κατασκευασθήσεται,

2366 3480 2529 3549 ἡγουν
2562 3476 2931 3546 ἐγερθήσεται.
2954 3473 3025 3525 Τὸ
3055 3471 3163 3543 γὰρ
3191 3470 3635 3553 οἰκοδομούμενον
3665 3471 3949 3541 ἐγείρεταί

2367 3587 2482 3631 πως
2515 3569 2608 3622 καὶ
2630 3566 3093 3621 ἀνίσταται.Ἔστι
3119 3565 3175 3616 δὲ
3205 3562 3358 3615 τοῦτο
3389 3564 3420 3633 ἡ
3449 3561 3535 3614 διὰ
3568 3562 3809 3633 Χριστοῦ
3844 3579 3949 3614 σω-

2362 3661 2523 3733 τηρία
2547 3662 2639 3713 καὶ
2665 3660 2840 3730 χάρις.
2873 3658 2944 3711 Τὸ
2971 3658 3066 3728 μὲν
3107 3657 3253 3718 ἕλεος
3285 3654 3376 3708 τοῦ
3409 3654 3543 3707 Θεοῦ
3575 3657 3699 3717 τοὺς
3728 3656 3950 3723 ἀνθρώ-

2364 3769 2496 3813 πους
2526 3750 2872 3820 οἰκοδομεῖ,ή
2928 3747 2982 3800 δὲ
3031 3747 3256 3819 ἀλήθεια
3306 3745 3581 3814 ὲτοιμάζει
3631 3745 3728 3809 τὰς
3783 3748 3951 3815 ἁγίας

2362 3841 3182 3911 δυνάμεις.Ἐτοιμασθήσεται
3223 3839 3261 3906 ἠ
3310 3838 3559 3907 ἀλήθειά
3583 3840 3953 3909 σου.”Ωσπερ

2364 3934 2503 4005 ήδιὰ
2537 3933 2770 4004 Χριστοῦ
2807 3934 3048 4004 σωτηρία
3079 3933 3224 3996 ἔλεος
3268 3933 3362 3985 καὶ
3397 3935 3574 4004 χάρις,
3607 3932 3750 3986 οὕτω
3784 3935 3886 3986 καὶ
3917 3934 3949 4002 ή

2362 4025 2584 4096 ἀλήθεια
2622 4025 2780 4078 πάλιν
2818 4025 3082 4085 καλεῖται,
3113 4025 3146 4094 ἣ
3179 4026 3270 4076 καὶ
3300 4025 3488 4096 μέχρις
3524 4029 3773 4094 οὐρανῶν
3807 4038 3914 4093 εγη

2364 4134 2577 4188 γερται,
2615 4118 2770 4188 φησὶ,
2798 4117 2887 4169 διὰ
2913 4115 3004 4168 τοῦ
3039 4116 3286 4186 αἵματος,
3318 4117 3426 4168 εἴτε
3470 4116 3563 4168 ἐπὶ
3610 4116 3711 4186 γῆς
3743 4115 3866 4169 εἴτε
3895 4117 3953 4167 ὲν

2363 4207 2596 4278 οὐρανῷ.

2431 4299 2711 4367 Διεθέμην
2757 4297 3048 4366 διαθήκην
3090 4297 3214 4363 τοῖς
3269 4296 3574 4361 ἐκλεκτοῖς
3612 4314 3731 4365 μου
3765 4313 3782 4326 ⁸
3824 4298 3953 4350 Ἀϐ-

2364 4394 2530 4465 ραὰμ,
2555 4393 2706 4461 φησὶ,
2725 4393 2819 4445 καὶ
2848 4391 3037 4446 Ἰακώὸ
3061 4409 3072 4421 ·
3102 4391 3310 4444 τούτοις
3340 4391 3444 4460 γὰρ
3464 4390 3526 4460 δὴ
3540 4389 3635 4453 τὰς
3649 4391 3780 4459 περὶ
3806 4391 3948 4461 Χρι-

2367 4482 2490 4535 στοῦ
2545 4480 2871 4548 ἐπαγγελίας
2928 4479 3126 4532 δέδωκε
3179 4480 3317 4532 κατὰ
3365 4480 3425 4530 τὸ
3467 4480 3788 4549 εἰρημένον·
3829 4481 3944 4533 Καὶ

2362 4571 2942 4641 ἑνευλογηθήσονται
2971 4572 3040 4623 ἐν
3076 4570 3153 4636 τῷ
3185 4570 3476 4639 σπέρματί
3501 4586 3616 4624 σου
3656 4568 3862 4624 πᾶσαι
3894 4574 3955 4623 al

2362 4665 2546 4734 φυλαὶ
2577 4662 2686 4730 τῆς
2732 4649 3100 4732 γῆςῙΩμοσα
3130 4661 3308 4715 Δαυῒδ
3335 4661 3413 4726 τῷ
3440 4661 3637 4727 δούλῳ
3663 4678 3813 4729 μου.
3843 4663 3958 4714 Καὶ

2363 4755 2467 4809 ποῦ
2503 4755 2712 4824 ὤμοσεν
2754 4754 2786 4824 ἦ
2832 4757 2887 4807 ὲν
2917 4754 2993 4824 τῷ
3019 4757 3188 4807 εἰπεῖν
3223 4754 3356 4824 πρὸς
3385 4753 3542 4805 αὐτόν
3564 4771 3576 4781 ·
3619 4753 3725 4805 Καὶ
3770 4754 3958 4807 ἔσται

2361 4846 2506 4898 ὅταν
2539 4844 2934 4913 πληρωθῶσιν
2960 4849 3017 4898 αἱ
3047 4845 3255 4914 ἡμέραι
3285 4862 3420 4906 σου,
3463 4843 3555 4895 καὶ
3597 4845 3956 4912 κοιμηθήσῃ

2356 4937 2504 5007 μετὰ
2553 4937 2671 4990 τῶν
2722 4937 2991 5005 πατέρων
3041 4953 3189 4991 σου·
3249 4937 3653 5001 ἀναστήσεται
3707 4936 3782 4988 ἐκ
3845 4936 3957 4989 τοῦ

2362 5030 2699 5099 σπέρματός
2738 5046 2855 5084 σου
2900 5029 3107 5094 ἄλλος,
3154 5027 3220 5094 ὃς
3259 5029 3427 5082 ἔσται
3459 5028 3523 5080 ἐκ
3559 5024 3671 5093 τῆς
3703 5030 3960 5095 κοιλίας

2361 5142 2495 5177 σου.
2527 5126 2633 5178 Καὶ
2663 5123 2954 5193 ἑτοιμάσω
2988 5126 3075 5189 εὶς
3116 5122 3222 5176 τὸν
3263 5121 3444 5174 αἰῶνα
3471 5119 3583 5188 τὴν
3607 5121 3960 5183 βασιλείαν

2359 5217 2559 5270 αὐτοῦ.
2598 5219 2786 5283 Αὐτὸς
2825 5217 3201 5286 οἰκοδομήσει
3226 5212 3392 5269 οἷκον
3415 5213 3493 5278 τῷ
3520 5213 3773 5281 ὀνόματί
3804 5234 3958 5282 μου.

698 5303 804 5356 Καὶ
834 5302 1148 5371 ἀνορθώσω
1181 5305 1293 5373 τὴν
1317 5307 1640 5371 βασιλείαν
1670 5309 1852 5361 αὐτοῦ
1879 5309 1964 5371 εὶς
2007 5309 2112 5360 τὸν
2135 5307 2333 5362 αὶῶνα.
2355 5311 2498 5379 Ἐγὼ
2533 5313 2742 5380 ἔσομαι
2784 5311 2942 5375 αὐτῷ
2992 5314 3078 5375 εἰς
3126 5310 3369 5378 πατέρα,
3410 5308 3504 5361 καὶ
3543 5306 3730 5372 αὐτὸς
3766 5307 3839 5360 ἕο
3859 5326 3955 5359 ται

693 5410 794 5464 μοι
814 5397 901 5459 εἰς
923 5396 1067 5449 υἱόν.

770 5490 822 5544 5.
859 5488 1254 5559 Conﬁtebuntur
1301 5493 1413 5546 cazli
1459 5494 1726 5548 mirabilia
1782 5504 1892 5548 tua.
1946 5494 2060 5549 Hoc
2084 5496 2250 5550 aitob

699 5581 977 5636 Christum
1007 5594 1212 5650 natum,
1248 5595 1301 5641 et
1329 5586 1471 5656 quod
1501 5588 1675 5656 angeli
1708 5587 2019 5658 pastoribus
2043 5603 2252 5642 annun-

2442 5493 3016 5562 Ἐξομολογήσονται
3037 5508 3089 5546 οι
3117 5498 3356 5561 ουρανοὶ
3380 5510 3449 5545 τα
3475 5489 3784 5560 θαυμάσιά
3804 5508 3955 5547 σου.

2359 5587 2528 5640 Τοῦτό
2554 5604 2683 5658 φησι
2713 5587 2798 5641 διὰ
2827 5587 2911 5642 τοῦ
2939 5586 3287 5657 γεννηθέντος
3307 5583 3564 5657 Χριστοῦ,
3594 5586 3689 5637 καὶ
3713 5586 3961 5655 ποιμέσι

774 5789 815 5822 ³⁸
841 5786 1074 5861 Philipp.
1105 5805 1166 5857 ιι,
1199 5789 1250 5845 8.
1324 5791 1369 5823 "
1397 5789 1531 5847 Gen.
1566 5805 1700 5856 χχιι,
1730 5791 1817 5848 18.
1886 5793 1930 5825 ³⁸
1963 5790 1982 5846 l
2012 5790 2190 5847 Paral.
2227 5806 2357 5860 xvtt,
2395 5789 2571 5844 ll-M.
