4076 6308
733 343 837 399 387

1568 341 1624 396 S.
1666 339 2036 396 ATHANASlI
2076 340 2230 397 OPP.
2266 340 2447 398 PARS
2479 342 2568 399 Ill.
2603 372 2674 385 —-
2706 340 3117 398 EXEGETICA.
3853 340 3937 396 388

734 473 854 527 eius
883 456 1212 527 praestantia.
1243 453 1420 526 Atque
1459 455 1512 510 ld
1543 455 1646 511 sibi
1673 457 1788 510 vult
1816 456 1946 511 illud
1975 474 1988 511 :
2021 453 2290 510 Firmetur

2396 474 2479 522 τος
2502 456 2664 511 αὐτοῦ
2701 457 2962 527 ὑπεροχή.
2991 457 3103 510 Καὶ
3134 455 3290 510 τοῦτό
3317 460 3432 510 ἐστι
3459 456 3552 510 τό·
3589 453 3940 525 Κραταιωθήι

734 561 920 600 manus
945 557 1057 608 tua,
1090 543 1354 598 exaltetur
1376 543 1590 598 dextera
1616 553 1728 598 tua.

806 635 893 700 l6,
923 636 1008 692 17.
1030 635 1225 690 Beatus
1251 635 1471 705 populus
1501 636 1590 704 qui
1610 637 1710 689 scit
1723 635 2120 705 jubilationem.
2145 635 2295 692 Post-

731 743 895 798 quam
949 726 1260 797 praedicavit
1316 726 1745 781 incarnationem
1818 724 2114 797 Unigeniti,
2168 727 2295 796 jure

734 822 920 875 beatos
943 818 1200 889 praedicat
1221 833 1317 872 eos
1340 819 1434 888 qui
1473 818 1576 872 hoc
1601 818 1917 888 mysterium
1949 819 2289 874 edidicerint.

733 910 848 967 Hoc
871 921 1049 966 autem
1079 921 1160 966 est
1189 911 1428 965 victoria:
1457 909 1699 965 carmina
1723 911 1822 980 ipsi
1843 926 2058 965 cauere.
2091 909 2297 965 Jubila-

731 1005 810 1059 tio
837 1006 982 1057 enim
1028 1015 1109 1058 est
1147 1004 1423 1058 canticum
1470 1003 1536 1058 de
1571 1005 1859 1073 prostratis
1905 1003 2141 1058 inimicis
2181 1003 2288 1056 edi-

733 1104 869 1148 tum.
913 1095 1016 1150 Pro
1061 1096 1217 1148 nobis
1248 1096 1390 1148 enim
1437 1110 1672 1164 pugnam
1704 1095 1979 1149 commisit
2019 1109 2083 1148 ac
2104 1094 2296 1148 devicit

733 1186 1071 1241 adversarias
1093 1196 1404 1256 potestates.
1428 1187 1668 1250 Domine,
1699 1187 1752 1239 in
1778 1187 1976 1240 lumine
2010 1187 2180 1240 cultus
2220 1187 2296 1240 tui

733 1280 1097 1344 ambulabunt,
1128 1290 1175 1332 et
1213 1281 1267 1332 in
1316 1281 1523 1333 nomine
1569 1290 1656 1332 tuo
1680 1280 2034 1333 exsultabant.
2066 1278 2294 1334 Sanctos

731 1374 1006 1444 apostolos
1052 1389 1178 1428 suos
1227 1374 1413 1428 beatos
1475 1373 1750 1442 praedicat,
1803 1374 1930 1441 quia
1979 1370 2198 1424 nomine
2244 1378 2296 1425 et

733 1466 926 1520 virtute
951 1465 1069 1534 ejus
1095 1465 1360 1534 stupenda
1390 1465 1482 1518 illa
1515 1479 1679 1534 opera
1712 1463 1966 1518 edeb’ant.

801 1643 888 1699 18.
929 1641 995 1696 Et
1047 1642 1100 1694 in
1151 1641 1468 1710 beneplacito
1519 1651 1607 1694 tuo
1651 1640 1974 1694 exaltabitur
2003 1657 2164 1693 cornu
2205 1655 2299 1693 no-

727 1746 916 1792 strum.
978 1734 1159 1790 Cornu
1219 1736 1351 1790 dicit
1404 1735 1654 1803 gloriam.
1711 1733 1850 1788 Dicit
1913 1733 2076 1803 igitur
2137 1732 2291 1801 quasi

2394 567 2472 603 τω
2502 551 2538 617 ἠ
2562 550 2689 617 χείρ
2717 565 2831 602 σου
2855 564 2868 578 ο
2897 547 3188 617 aeneum
3213 550 3252 617 ἠ
3275 546 3442 613 δεξιά
3470 563 3607 602 σου.

2461 638 2762 708 Μακάριος
2793 643 2825 693 ό
2853 639 3001 705 λαὸς
3039 641 3070 692 ό
3107 638 3414 708 γινώσκων
3445 636 3818 707 ἀλαλαγμόν.
3845 636 3942 706 Κη-

2397 729 2561 803 ρύξας
2599 730 2698 802 τὴν
2743 730 3156 802 ἐνανθρώπησιν
3205 730 3300 784 τοῦ
3338 728 3695 796 Μονογενοῦς,
3743 727 3946 788 είκότως

2398 821 2688 893 μακαρίζει
2735 823 2861 886 τοὺς
2909 823 2972 874 τὸ
3029 821 3192 875 αὑτοῦ
3246 822 3582 892 ἐκμαθόντας
3647 821 3944 893 μυστήριον.

2396 913 2563 968 Τοῦτο
2595 914 2652 966 δέ
2682 917 2798 967 ἐστι
2833 914 2892 966 τὸ
2916 915 3041 978 τοὺς
3066 914 3358 976 ἐπινικίους
3387 913 3528 985 ᾄδειν
3556 910 3726 980 αὐτῷ.
3747 889 3947 962 ’Ἀλιλα-

2395 1004 2532 1075 γμὸς
2569 1003 2677 1075 γάρ
2699 1007 2845 1058 ἐστιν
2872 1006 2906 1073 ἡ
2938 1005 3029 1056 ἐπὶ
3051 1007 3162 1067 τοῖς
3187 1003 3441 1056 πεσοῦσιν
3461 1001 3674 1073 ἐχθροῖς
3705 999 3945 1070 γινομένη

2395 1095 2524 1166 ᾠδή,
2559 1095 2906 1166 Παρετὰξατο
2947 1095 3003 1149 δέ
3049 1096 3188 1167 ὑπὲρ
3234 1097 3409 1168 ἡμῶν,
3440 1095 3534 1148 καὶ
3574 1095 3827 1162 νενίκηκε
3863 1090 3948 1153 τὰς

2396 1187 2770 1258 ἀντικειμένας
2790 1187 3061 1257 δυνάμεις.
3076 1187 3269 1253 Κύριε,
3296 1189 3363 1240 ἐν
3382 1185 3461 1251 τῷ
3481 1185 3628 1255 φωτὶ
3653 1183 3762 1236 τοῦ
3785 1199 3951 1250 προσ·

2394 1278 2558 1332 ώπου
2604 1293 2719 1332 σου
2753 1280 3166 1347 πορεύσονται,
3207 1279 3302 1331 καί
3349 1278 3418 1330 ὲν
3459 1275 3540 1342 τῷ
3577 1275 3822 1343 ὀνόματί
3846 1289 3950 1326 σου

2395 1371 2883 1441 ἁγαλλιάσονται.
2910 1371 3044 1435 Τοὺς
3078 1372 3264 1440 ἁγίους
3296 1369 3456 1423 αὑτοῦ
3495 1367 3824 1428 ἀποστόλους
3854 1382 3949 1435 μα-

2397 1465 2608 1535 καρίζει
2631 1505 2644 1528 ,
2681 1465 2758 1517 ὃτι
2783 1465 2847 1535 δὴ
2875 1463 2952 1533 τῷ
2979 1463 3198 1534 ὀνόματι
3223 1461 3386 1516 αὐτοῦ
3411 1463 3504 1514 καὶ
3529 1464 3594 1532 τῇ
3622 1459 3848 1528 δυνάμει
3866 1458 3952 1510 αὑ-

2396 1555 2488 1609 τοῦ
2519 1557 2734 1609 ἐποίουν
2761 1556 2862 1608 ὅσα
2897 1555 3111 1606 ἐποίουν
3134 1552 3428 1624 παράδοξα.

2466 1649 2574 1703 Καὶ
2623 1650 2693 1702 ἐν
2733 1647 2807 1717 τῇ
2846 1647 3087 1715 εὐδοκία
3127 1662 3241 1699 σου
3276 1643 3659 1713 ὑψωθήσεται
3683 1642 3751 1694 τὸ
3791 1641 3958 1709 κέρας

2399 1739 2586 1811 ἡμῶν.
2619 1740 2798 1810 Κέρας
2820 1740 2915 1810 τὴν
2936 1739 3092 1804 δόξαν
3112 1737 3264 1808 φησί.
3294 1736 3454 1804 Λέγει
3480 1731 3590 1799 οὖν,
3611 1734 3686 1796 ὡς
3715 1733 3850 1802 πρὸς
3875 1735 3957 1784 τὸν

728 1827 942 1882 Patrem
996 1827 1278 1898 alloquens
1316 1846 1328 1880 :
1361 1827 1628 1892 Quoniam
1689 1826 1784 1880 tibi
1838 1826 2040 1896 placuit
2085 1827 2296 1878 mittere

2397 1832 2614 1902 Πατέρα
2632 1847 2646 1860 '
2678 1829 2892 1900 Ἐπειδὴ
2916 1831 2978 1882 σὺ
3006 1829 3308 1900 ηὑδόκησας
3340 1824 3650 1880 ἀποστεῖλαι
3679 1824 3772 1876 τὸν
3799 1823 3958 1876 Μονο-

729 1921 1098 1992 Unigenitum,
1150 1921 1270 1975 ideo
1314 1922 1484 1990 gloria
1525 1931 1709 1974 nostra
1752 1919 1984 1974 excitata
2034 1927 2136 1972 est.
2165 1917 2292 1972 Glo-

727 2014 920 2069 rilicati
948 2015 1093 2069 enim
1131 2028 1322 2068 sumus
1353 2013 1766 2068 conresuscitati
1793 2026 1918 2066 cum
1962 2009 2202 2075 Christo,
2238 2017 2291 2065 et

728 2111 1017 2172 regnantes
1042 2118 1165 2157 cum
1193 2102 1284 2155 illo
1314 2101 1378 2154 ".

797 2194 886 2250 20.
921 2194 1062 2249 Tunc
1108 2195 1313 2248 locutus
1357 2209 1408 2247 es
1454 2193 1506 2244 in
1545 2191 1736 2244 visione
1780 2191 1908 2260 ﬁliis
1952 2193 2075 2245 tuis.
2116 2189 2289 2256 Tunc,

730 2292 867 2357 sive,
899 2291 1051 2356 olim,
1081 2292 1177 2354 ait,
1211 2304 1306 2359 per
1333 2287 1567 2342 visiones
1612 2287 1979 2355 propheticas,
2013 2286 2138 2340 ﬁliis
2165 2288 2289 2353 tuis,

727 2382 795 2437 iis
851 2384 1056 2437 scilicet
1104 2382 1198 2451 qui
1263 2381 1329 2435 ad
1380 2381 1614 2435 liliorum
1687 2378 1781 2435 Dei
1843 2381 2190 2449 adoptionem
2240 2389 2291 2434 et

727 2473 1046 2543 dignitatem
1101 2471 1277 2526 vocati
1323 2481 1469 2536 sunt,
1519 2471 1734 2526 locutus
1786 2486 1864 2524 es.
1915 2469 2056 2535 Quid
2110 2481 2290 2523 autem

727 2566 943 2622 locutus
969 2581 1027 2621 es
1055 2566 1158 2620 nisi
1196 2563 1327 2618 illud
1357 2582 1370 2617 :
1404 2563 1567 2617 Posui
1599 2562 1923 2631 adjuturinm
1953 2565 2008 2616 in
2035 2575 2242 2631 potente
2270 2565 2295 2616 .9

726 2659 960 2714 Perinde
995 2667 1174 2712 autem
1212 2667 1294 2711 est
1324 2672 1386 2711 ac
1415 2657 1459 2711 si
1489 2656 1690 2710 diceret
1728 2677 1740 2708 :
1773 2655 1898 2710 Dedi
1941 2658 2205 2711 auxilium
2239 2657 2290 2710 in

729 2761 948 2822 potente
977 2750 1207 2803 inlirmis
1231 2761 1283 2803 et
1308 2764 1335 2804 a
1367 2751 1579 2802 Satanae
1604 2748 1890 2817 tyrannide
1907 2749 2209 2816 oppressis,
2236 2757 2295 2802 ut

729 2843 1080 2914 confugerent
1112 2843 1178 2896 ad
1215 2851 1508 2912 potentem.
1545 2841 1743 2896 Potens
1781 2851 1960 2895 autem
1993 2842 2102 2903 ille,
2133 2858 2292 2910 quem

728 2939 874 2994 dedit
924 2938 1081 2990 nobis
1123 2935 1279 2990 Pater
1323 2935 1391 2989 ad
1433 2935 1716 3000 auxilium,
1771 2934 2024 2988 Christus
2073 2936 2294 2989 omnino

724 3039 844 3093 est;
876 3044 999 3082 nam
1027 3037 1108 3082 est
1137 3027 1401 3082 Dominus
1430 3028 1687 3080 virtutum
1707 3027 1771 3079 ³⁸.
1803 3025 2051 3081 Exaltavi
2076 3028 2292 3081 electum

726 3124 790 3175 dc
819 3121 960 3190 plebe
983 3137 1115 3175 mea.
1151 3118 1334 3173 Inveni
1375 3117 1547 3172 David
1580 3135 1786 3173 servum
1822 3137 2012 3174 meum.
2055 3119 2294 3187 Intelligo

726 3212 1002 3267 Christum
1031 3228 1095 3266 ex
1132 3213 1338 3267 semine
1367 3209 1556 3274 David,
1583 3213 1675 3280 qui
1704 3211 1908 3265 electus
1943 3221 2166 3264 vocatus
2192 3219 2293 3273 est,

726 3315 939 3374 propter
974 3303 1110 3372 quod
1159 3312 1206 3356 et
1252 3302 1390 3356 Deus
1426 3305 1674 3355 exaltari!
1699 3302 1850 3354 illum
1887 3302 1952 3353 ’9.
1989 3299 2297 3370 lterumque

727 3405 890 3450 vocat
932 3396 1079 3449 illum
1123 3393 1380 3448 Davidem
1429 3404 1698 3464 quatenus
1746 3410 1812 3448 ex
1876 3394 2084 3448 semine
2128 3392 2296 3448 David

728 3497 845 3542 erat
867 3488 957 3552 ἠς
1001 3501 1216 3540 servum
1265 3487 1414 3549 item,
1461 3487 1590 3557 quia
1638 3487 1690 3540 in
1732 3485 1906 3541 forma
1957 3489 2096 3542 servi
2136 3502 2298 3555 appa-

729 3581 838 3634 ruit
874 3581 940 3635 ⁸¹.
976 3578 1102 3634 Oleo
1151 3590 1332 3633 sancto
1389 3597 1500 3634 meo
1545 3581 1674 3633 unxi
1699 3597 1840 3633 eum.
1872 3581 2006 3635 Cum
2059 3578 2296 3633 Verbum

728 3683 872 3727 esset
905 3672 1064 3736 Deus,
1090 3682 1248 3728 natus
1281 3681 1365 3728 est
1399 3675 1694 3729 secundum
1729 3689 1948 3729 carnem
1970 3689 2036 3729 ex
2072 3673 2297 3728 muliere

730 3777 785 3821 et
819 3768 980 3822 homo
1022 3767 1239 3837 prodiit,
1278 3782 1503 3822 manens
1541 3766 1682 3823 Deus
1705 3778 1762 3822 ut
1804 3777 1960 3823 erat:
1993 3779 2123 3823 tunc
2149 3767 2296 3837 judi-

730 3859 874 3913 cium
911 3873 1004 3928 pcr
1049 3866 1100 3911 te
1154 3858 1448 3926 accipiens,
1504 3869 1850 3927 nuncupatus
1887 3868 1971 3914 est
2015 3859 2291 3914 Christus.

729 3946 866 4001 Nam
899 3962 1022 4001 cum
1054 3945 1288 4000 Verbum
1319 3954 1461 4000 esset
1483 3945 1622 4002 Deus
1644 3957 1699 4002 et
1728 3963 1821 4003 rex
1855 3957 1979 4002 ante
2007 3949 2204 4004 saecula
2227 3950 2294 4012 ",

731 4054 853 4110 qua:
875 4048 1055 4092 nostra
1085 4047 1239 4092 erant
1264 4037 1365 4091 sibi
1399 4037 1616 4108 propria
1645 4039 1841 4106 eﬂ‘ecit,
1873 4047 1931 4094 ut
1961 4055 2060 4095 nos
2084 4039 2151 4094 iis
2177 4055 2296 4110 quae

730 4130 832 4202 ipsi
864 4131 1077 4200 propria
1107 4138 1264 4184 erant
1294 4129 1489 4185 divites
1523 4146 1794 4188 essemus.

798 4221 886 4274 9-2.
935 4219 1127 4272 Manus
1154 4221 1294 4272 enim
1334 4235 1447 4271 mea
1490 4219 1844 4273 auxiliabitur
1886 4222 1954 4276 ei.
1987 4221 2079 4275 Ait
2109 4220 2298 4276 Salva-

729 4317 862 4364 tor:
900 4307 1071 4378 Opera
1104 4324 1220 4378 qua:
1258 4308 1400 4363 dedit
1450 4309 1577 4361 mihi
1622 4308 1784 4364 I’ater
1828 4321 1885 4364 ιιι
1929 4313 2148 4380 faciam,
2181 4313 2295 4381 ipsa

730 4417 889 4470 opera
919 4400 1269 4470 testiﬁcantur
1294 4403 1358 4454 de
1393 4417 1492 4465 me,
1527 4401 1650 4469 quia
1685 4403 1794 4472 ipse
1827 4405 1968 4456 misit
2015 4421 2094 4458 me
2131 4404 2195 4459 ".
2232 4405 2297 4460 Et

2394 1923 2544 1993 γενῆ,
2581 1922 2767 1976 τούτου
2802 1921 2958 1992 χάριν
2988 1921 3022 1990 ἡ
3053 1919 3179 1982 δόξα
3207 1916 3362 1987 ἡμῶν
3394 1914 3764 1984 διεγηγερται.
3824 1909 3958 1962 Ἐδο-

2394 2016 2668 2086 ξάσθημεν
2705 2013 2812 2086 γὰρ
2859 2010 3270 2084 συνεγερθέντες
3309 2006 3546 2080 Χριστῷ,
3579 2004 3673 2059 καὶ
3703 2002 3961 2074 ωμῦασι-

2393 2108 2679 2170 λεύσαντες
2707 2106 2873 2177 αὐτῷ.

2470 2201 2605 2253 Tdte
2637 2197 2944 2264 ἐλάλησας
2970 2194 3040 2248 ἐν
3077 2191 3280 2261 ὀρὰσει
3307 2191 3429 2258 τοῖς
3454 2189 3606 2256 υἱοῖς
3637 2206 3778 2243 σου.
3815 2187 3959 2247 Τότε.

2393 2294 2511 2348 ἀντὶ
2548 2290 2662 2354 τοῦ,
2693 2288 2880 2353 πάλαι,
2911 2288 3064 2357 φησι,
3103 2285 3169 2338 δι’
3194 2283 3435 2354 ὁράσεων
3472 2278 3830 2352 προφητικῶν
3863 2277 3962 2337 rei;

2395 2388 2528 2448 υἱοῖς
2555 2401 2670 2447 σου,
2706 2382 2855 2450 λέγει
2882 2381 2940 2433 δὲ
2966 2383 3077 2442 τοῖς
3101 2375 3454 2446 κεκλημένοις
3480 2375 3558 2436 είς
3587 2373 3647 2425 τὸ
3667 2372 3770 2438 τῆς
3796 2369 3962 2422 υἱοθε-

2396 2481 2515 2541 σίας
2553 2476 2788 2545 ἁξίωμα,
2824 2473 3106 2543 ἐλάλησας.
3135 2471 3200 2524 Τί
3220 2469 3276 2522 δὲ
3308 2467 3571 2536 ἐλάλησας
3604 2464 3637 2534 ἢ
3672 2462 3735 2515 τό
3757 2479 3770 2492 ·
3819 2461 3964 2514 Ἑθέ-

2388 2587 2514 2639 μην
2539 2567 2828 2633 ,βοήθειαν
2852 2565 2947 2618 ἐπὶ
2981 2562 3240 2617 δυνατόν
3251 2577 3268 2624 ;
3298 2561 3520 2630 Ὅμοιον
3550 2556 3606 2609 δὲ
3639 2555 3776 2608 ὡσεὶ
3802 2553 3962 2621 λέγοι·

2393 2662 2630 2723 Δέδωκα,
2667 2657 2818 2729 φησὶ,
2860 2654 3108 2726 βοήθειαν
3146 2653 3239 2705 ἐπὶ
3285 2651 3503 2704 δυνατὸν
3555 2651 3669 2712 τοῖς
3703 2645 3966 2714 [ἀσθενέσι

2395 2755 2488 2806 καὶ
2529 2747 3033 2816 πλεονεκτουμένοις
3071 2743 3176 2796 ὑπὸ
3201 2741 3294 2794 τοῦ
3327 2742 3558 2803 Σατανᾶ,
3593 2738 3688 2791 τοῦ
3723 2753 3966 2804 καταφυ-

2394 2847 2509 2912 γεῖν
2555 2843 2647 2895 ἐπὶ
2679 2839 2919 2893 δυνατόν.
2939 2838 2994 2888 Ὀ
3020 2836 3075 2888 δέ
3101 2852 3160 2902 γε
3193 2833 3435 2896 δυνατὸς,
3461 2833 3518 2884 ὃν
3559 2830 3794 2884 δέδωκεν
3843 2829 3967 2899 ἡμῖν

2394 2938 2472 2998 είς
2503 2933 2749 3005 βοήθειαν
2782 2933 2810 2983 ὁ
2842 2929 3050 3000 Πατὴρ,
3079 2926 3310 2997 Χριστός
3331 2942 3433 2978 που
3465 2923 3678 2984 πάντως
3701 2919 3822 2972 ἐστί
3843 2935 3855 2947 ο
3883 2918 3969 2970 καὶ

2394 3030 2501 3100 γάρ
2549 3030 2662 3080 ἐστι
2707 3023 2986 3094 δυνάμεων
3024 3020 3256 3090 Κύριοςο
3288 3020 3530 3085 ’Υψωσα
3572 3011 3870 3091 ἐκλεκτὸν
3903 3010 3967 3062 ἐκ

2395 3122 2501 3178 τοῦ
2540 3120 2692 3176 λαοῦ
2729 3136 2867 3188 μου,
2907 3113 3085 3185 εὗρον
3109 3113 3288 3168 Δαυῒδ
3323 3111 3426 3165 τὸν
3453 3109 3676 3164 δοῦλόν
3699 3126 3843 3177 μου.
3862 3107 3970 3160 Ἐνο

2397 3215 2504 3267 νόει
2532 3211 2762 3283 Χριστὸν
2808 3210 2898 3262 τὸν
2943 3211 3008 3261 ἐκ
3053 3207 3366 3278 σπέρματος
3395 3201 3574 3264 Δαυῖδ,
3607 3200 3866 3253 ἐκλεκτὸν
3894 3216 3971 3251 κε-

2397 3305 2681 3375 κλημένον,
2708 3301 2798 3354 διὸ
2824 3300 2921 3353 καὶ
2953 3303 2984 3352 ό
3014 3298 3157 3362 Θεὸς
3182 3295 3368 3350 αὐτὸν
3389 3294 3770 3362 ὐπερύψωσε.
3812 3289 3972 3344 Δαυῖδ

2395 3398 2450 3451 δὲ
2509 3395 2668 3450 πάλιν
2729 3392 2890 3447 αὑτὸν
2938 3387 3209 3459 ὀνομάζει,
3249 3387 3381 3439 καθὸ
3429 3389 3493 3438 ἐκ
3549 3385 3867 3454 σπέρματος
3909 3379 3971 3452 ἦν

2395 3489 2587 3542 Δαυῖδο
2626 3486 2718 3541 καὶ
2753 3486 2858 3556 μὴν
2893 3482 2984 3536 καὶ
3007 3481 3211 3544 δοῦλον,
3243 3478 3328 3531 διὰ
3376 3476 3435 3530 τὸ
3475 3479 3532 3529 ἐν
3559 3478 3624 3546 τῇ
3653 3475 3750 3528 τοῦ
3786 3474 3970 3528 δούλου

2398 3579 2577 3649 μορφῇ
2619 3575 2933 3645 πεφηνέναι.
2951 3575 3052 3628 Ἑν
3073 3571 3252 3638 ἐλαίῳ
3286 3570 3429 3639 ἁγίῳ
3463 3585 3581 3636 μου
3613 3568 3831 3635 ἐχρισα
3869 3569 3972 3619 αὐ-

2394 3671 2654 3724 τόν.“οτε
2684 3668 2815 3731 Θεὸς
2839 3662 2906 3737 ἦν
2945 3668 2974 3718 ὁ
3000 3665 3190 3732 Λόγος,
3226 3660 3485 3732 ἐγεννήθη
3524 3663 3664 3713 κατὰ
3694 3658 3879 3729 σάρκα
3913 3659 3972 3710 ἐκ

2394 3761 2666 3832 γυναικὸς,
2688 3761 2783 3814 καὶ
2806 3756 3072 3830 προῆλθεν
3094 3752 3399 3822 ἅνθρωπος,
3427 3751 3598 3820 μένων
3620 3751 3696 3812 ὼς
3717 3747 3786 3820 ἦν
3815 3749 3969 3811 Θεό;“

2393 3855 2535 3918 τότε,
2571 3853 2666 3924 τὴν
2713 3851 2891 3925 κρίσιν
2917 3850 3005 3904 διὰ
3052 3851 3111 3902 σὲ
3158 3846 3360 3909 λαϐὼν,
3387 3842 3677 3914 ὠνομάσθη
3710 3842 3968 3912 Χριστός.

2393 3947 2524 4010 Θεὸς
2551 3945 2657 4015 γὰρ
2678 3943 2751 3996 ὢν
2779 3947 2807 3996 ὁ
2830 3944 2998 4011 Λόγος
3021 3942 3114 3994 καὶ
3143 3939 3392 4009 βασιλεὺς
3422 3936 3527 4008 πρὸ
3554 3933 3767 3987 αἰώνων
3792 3933 3970 4001 ὑπάρ-

2395 4057 2522 4111 χων,
2561 4037 2918 4105 ίδιοποιήσατο
2950 4034 3019 4088 τὰ
3042 4033 3305 4103 ἡμέτερα,
3327 4031 3415 4083 ἵνα
3447 4030 3542 4082 καὶ
3581 4029 3740 4098 ἡμεῖς
3775 4025 3848 4078 τὰ
3874 4026 3971 4078 αὺ-

2393 4131 2487 4186 τοῦ
2513 4131 2922 4201 πλουτήσωμεν.

2475 4225 2536 4280 Ἠ
2558 4222 2667 4292 ¹γπὰρ
2709 4221 2836 4290 χείρ
2867 4235 2985 4288 μου
3025 4212 3538 4283 συναντιλήψεται
3571 4208 3826 4275 αὑτῷ.⁹0
3859 4209 3972 4262 Σωο

2394 4315 2496 4388 τὴρ
2524 4314 2728 4383 ἔφασκε
2751 4329 2762 4342 ·
2798 4311 2873 4365 Τὰ
2916 4311 3060 4380 ἔργα
3101 4308 3140 4363 ἁ
3172 4305 3389 4362 δέδωκέ
3411 4321 3510 4373 μοι
3553 4306 3584 4356 ό
3621 4300 3824 4370 Πατὴρ
3875 4302 3972 4354 ἵνα

2396 4407 2648 4476 ποιήσω,
2681 4407 2834 4461 αὐτὰ
2874 4403 2945 4457 τὰ
2991 4404 3134 4472 ἐρτηα
3177 4396 3462 4470 μαρτυρεῖ
3500 4395 3632 4463 περὶ
3675 4393 3847 4462 ἐμοῦ,
3887 4393 3972 4445 ὅτι

730 4493 966 4548 iterum:
999 4493 1040 4545 Α
1081 4495 1272 4562 meipso
1309 4494 1443 4546 nihil
1481 4494 1685 4564 loquor.
1727 4494 1891 4548 Pater
1922 4505 2096 4549 autem
2136 4497 2190 4549 in
2219 4512 2297 4550 me

2399 4499 2580 4563 αὑτός
2619 4514 2694 4566 με
2751 4493 3126 4550 ἀπέσταλκε·
3179 4490 3273 4544 καὶ
3319 4487 3478 4542 πάλιν
3501 4502 3518 4520 ο
3566 4485 3680 4538 Ἀπ’
3709 4483 3970 4575 ἐμαυτοῆ

730 4599 943 4636 manens
975 4583 1082 4652 ipse
1110 4584 1240 4652 facit
1279 4599 1436 4653 opera
1481 4585 1546 4638 “.
1593 4584 1659 4639 Et
1689 4586 1790 4640 hoc
1833 4587 2009 4656 ipsum
2038 4601 2120 4643 est
2152 4590 2298 4658 quod

730 4691 876 4729 nunc
900 4674 1058 4730 Pater
1086 4674 1152 4729 de
1181 4675 1273 4729 illo
1306 4676 1438 4730 dicit
1475 4695 1488 4729 :
1527 4676 1718 4731 Manus
1742 4679 1881 4731 enim
1923 4695 2038 4732 mea
2073 4679 2303 4735 auxilia-

730 4768 871 4821 bitur
897 4769 966 4834 ei,
994 4777 1043 4822 et
1076 4768 1348 4821 brachium
1382 4785 1548 4822 meum
1587 4771 1907 4839 confortabit
1940 4787 2078 4829 eum.

802 4940 891 4994 23.
931 4938 1083 4993 Nihil
1115 4941 1353 5010 proﬁciet
1385 4944 1630 4998 inimicus
1670 4946 1723 4998 in
1760 4961 1840 5000 ea.
1875 4945 2102 5003 Etiamsi
2150 4950 2301 5004 dixe-

736 5036 837 5089 rint
880 5054 892 5088 :
947 5031 1145 5096 Venite,
1195 5036 1491 5088 ocridamus
1542 5053 1683 5101 eum,
1725 5048 1773 5092 et
1828 5039 2111 5094 habeamus
2150 5042 2296 5096 nobis

733 5126 1090 5179 hwreditatem
1119 5127 1231 5196 ejus
1269 5125 1335 5182 ⁸⁸³.
1376 5126 1480 5181 Sed
1513 5129 1824 5198 hujusmodi
1859 5131 2148 5187 consilium
2183 5141 2292 5187 tam

731 5217 944 5270 Satana:
969 5232 1131 5284 quam
1174 5215 1375 5272 Judaeis
1411 5219 1602 5274 inutile
1629 5231 1767 5284 erat,
1811 5235 1866 5276 et
1905 5222 2108 5278 frustra
2131 5226 2298 5280 cessit

732 5309 835 5363 illis
875 5308 1104 5364 facinus.
1141 5307 1678 5383 Resurrexitquippe
1710 5314 1961 5369 Salvator
1988 5317 2144 5370 tertia
2181 5316 2291 5384 die,

731 5407 1016 5468 postquam
1048 5407 1274 5453 mortem
1317 5402 1766 5458 conculcassetct
1809 5405 2099 5476 spoliasset
2126 5405 2292 5461 infer-

732 5505 861 5542 num
889 5506 905 5557 ;
935 5499 982 5544 et
1014 5491 1256 5546 ascendit
1283 5494 1348 5547 ad
1390 5493 1606 5550 Patrem
1651 5506 1706 5551 et
1761 5496 1929 5552 Deum
1974 5502 2067 5568 qui
2118 5509 2203 5555 est
2237 5500 2290 5554 in

732 5583 926 5637 calis:
968 5592 1160 5654 estque
1209 5584 1262 5638 in
1311 5585 1532 5642 dextera
1577 5589 1756 5644 throni
1809 5591 2201 5660 nia-gnitudinis
2235 5593 2290 5646 in

2399 4589 2566 4646 λαλῶ
2597 4587 2871 4643 οὐδέν.⁹0
2912 4585 2981 4638 δὲ
3021 4583 3222 4651 Πατὴρ
3257 4584 3289 4636 d
3326 4582 3396 4634 ὲν
3430 4576 3559 4648 ἐμοὶ
3589 4575 3790 4645 μένων
3819 4574 3974 4628 ποιεῖ

2401 4684 2474 4737 τὰ
2495 4683 2637 4752 ἔργα
2663 4681 2863 4745 αὑτός.
2896 4679 3006 4732 Καὶ
3031 4675 3188 4729 τοῦτό
3211 4677 3358 4727 ἐστιν
3385 4672 3413 4724 δ
3439 4671 3585 4738 λέγει
3607 4667 3701 4721 νῦν
3730 4670 3758 4721 ὁ
3783 4667 3972 4737 Πατὴρ

2401 4772 2530 4842 περὶ
2555 4769 2718 4824 αὑτοῦ
2740 4785 2752 4798 ·
2799 4769 2858 4822 Ἡ
2890 4767 2997 4837 γὰρ
3025 4766 3153 4835 χείρ
3175 4782 3293 4835 μου
3321 4759 3835 4827 συναντιλήψεται
3864 4761 3971 4812 αὺ-

2400 4862 2500 4930 τῷ,
2536 4861 2636 4916 καὶ
2663 4866 2696 4916 ὁ
2718 4861 2988 4930 βραχίων
3015 4876 3135 4928 μου
3167 4855 3520 4923 κατισχύσει
3551 4853 3757 4906 αὐτόν.

2472 4957 2593 5010 Οὐκ
2623 4950 2921 5022 ὠφελήσει
2945 4950 3155 5018 ἐχθρὸς
3185 4947 3255 5000 ἐν
3283 4944 3460 5011 αὐτῷ.
3493 4945 3556 4997 Et
3581 4945 3967 5014 καὶείρήκασι·

2399 5045 2594 5108 Δεῦτε,
2634 5042 3072 5110 ἀποκτείνωμεν
3112 5036 3318 5103 αὐτὸν,
3363 5035 3462 5089 καὶ
3497 5033 3740 5102 σχῶμεν
3766 5033 3973 5097 αὐτοῖς

2400 5137 2514 5205 τὴν
2553 5133 2955 5203 κληρονομίαν
2998 5129 3182 5184 αὑτοῦ
3200 5146 3213 5160 ·
3243 5129 3356 5182 ἀλλ’
3382 5124 3450 5201 ἦν
3478 5128 3733 5197 ἀνόνητος
3763 5125 3844 5195 τῷ
3875 5126 3976 5177 Σα·

2399 5229 2536 5298 τανᾷ
2580 5227 2674 5280 καὶ
2705 5227 2813 5287 τοῖς
2850 5221 3122 5285 Ἰουδαίοις
3152 5223 3185 5291 ἡ
3218 5219 3430 5289 σκέψις,
3464 5219 3556 5272 καὶ
3587 5219 3664 5281 εἰς
3691 5218 3973 5286 ἄφρακτον

2403 5318 2700 5390 ἐκϐέϐηκεν
2728 5317 2907 5379 αὐτοῖς
2948 5314 3010 5368 τὸ
3058 5312 3381 5384 ἐγχείρημα.
3402 5310 3622 5364 Ἀνεδίω
3656 5309 3765 5378 γὰρ
3793 5311 3823 5360 ὁ
3858 5310 3945 5361 Σω

2400 5411 2503 5482 τὴρ
2529 5410 2842 5482 τριήμερος,
2869 5406 3117 5478 πατήσας
3155 5405 3244 5457 τὸν
3285 5403 3514 5457 θάνατον
3543 5403 3637 5456 καὶ
3669 5401 3973 5464 σκυλεύσας

2401 5499 2489 5551 τὸν
2529 5496 2689 5568 ᾇδην·
2727 5497 2820 5550 καὶ⁵
2861 5494 3026 5566 ἀνέϐη
3079 5492 3211 5563 πρὸς
3253 5492 3344 5545 τὸν
3391 5495 3448 5546 ἐν
3486 5493 3729 5562 οὐρανοῖς
3754 5491 3974 5562 Πατέρα

2399 5591 2492 5644 καὶ
2530 5589 2660 5641 Θεόν
2680 5605 2694 5619 ο
2731 5587 2824 5642 καὶ
2871 5587 3015 5640 ἐστιν
3045 5587 3103 5638 ἐν
3136 5583 3282 5656 δεξιᾷ
3314 5585 3404 5638 τοῦ
3437 5583 3624 5656 θρόνου
3653 5581 3753 5651 τῆς
3797 5598 3971 5651 μεγαο

739 5691 838 5798 h”
870 5693 1064 5798 Pipli'es.
1101 5712 1158 5762 ιι,
1185 5696 1238 5752 6.
1306 5698 1348 5729 ³³
1373 5699 1513 5753 Psal.
1553 5716 1708 5764 uin,
1757 5701 1842 5754 lO.
1916 5701 1958 5733 ”
1995 5700 2228 5774 Philipp.
2264 5719 2297 5755 ιι

998 5781 1098 5798 ,λςοη
1129 5785 1160 5798 υ
1206 5768 1272 5798 ἰιξ
1373 5770 1415 5798 M
1453 5769 1578 5798 ΙΑ-..
1632 5789 1718 5798 ...η
1774 5771 1844 5798 ιη
1929 5771 1972 5798 ιι
2000 5770 2162 5798 ιι-..ι.
2217 5789 2297 5798 -..Α

2396 5713 2421 5798 l5
2499 5699 2545 5734 "
2575 5699 2774 5756 liom.r
2825 5700 2879 5754 3.
2921 5699 2963 5731 “
3012 5697 3244 5768 Philipp.
3288 5713 3350 5754 It.
3379 5694 3428 5748 7.
3503 5697 3544 5726 ⁸³
3598 5693 3735 5749 Pssl.
3775 5709 3970 5757 main,

769 5763 822 5819 2.
897 5765 942 5798 ⁵³
965 5764 1180 5832 ΙοιηΝ,
1205 5768 1292 5823 36.
1373 5770 1415 5801 “
1444 5769 1600 5826 Joan.
1632 5763 1740 5835 xiv,
1774 5771 1864 5827 10.
1929 5771 1972 5802 ⁸³
1998 5763 2192 5830 Matth
2217 5763 2332 5838 ut,
2354 5772 2442 5826 '58.
