4094 6312
122 380 211 436 389

1101 371 1462 428 EXPOSITIO
1501 370 1565 426 IN
1605 368 1934 426 PSALMUM
1976 366 2301 423 LXXXVIII.

3227 363 3331 421 390

121 496 347 566 λωσύνης
399 498 456 550 ὲν
500 495 742 566 ὑψηλοῖς,
788 494 1002 549 πάντων
1048 495 1336 565 κατάρχων
1393 489 1532 562 μετὰ
1576 487 1671 542 τοῦ

1786 488 2026 554 excelsis,
2062 485 2317 541 omnibus
2346 498 2621 554 imperans
2648 498 2772 539 cum
2805 482 3050 553 genitore
3075 495 3196 537 suo.
3223 479 3330 536 Ve-

123 589 237 644 ιδίον
280 590 623 661 γεννήτορος.
653 587 859 641 Οὐκοῦν
903 587 1101 657 ἀληθὲς
1145 588 1206 640 τὸ
1245 584 1553 658 εἰρημένον,
1589 583 1670 636 ὅτι

124 685 230 735 οὐκ
256 680 555 750 ὠφελήσει
578 679 790 750 ἐχθρὸς
812 680 883 733 ἐν
918 677 1097 745 αὐτῷ.

178 771 285 826 Kai
319 774 611 840 συγκόψω
646 772 763 826 ἀπὸ
798 772 904 826 τοῦ
943 769 1266 841 προσώπου
1307 767 1493 823 αὐτοῦ
1531 765 1672 832 τοὺς

120 864 355 932 ἐχθροὺς
415 864 620 918 αὑτοῦ.
676 863 1067 933 Παραδίδονται
1110 864 1219 934 γὰρ
1264 863 1331 933 τῇ
1386 859 1673 929 Ῥωμαίων

123 957 383 1027 στρατείᾳ,
408 956 502 1008 καὶ
529 955 814 1009 διολώλασι
840 953 1139 1017 παντελῶς.

178 1048 283 1101 Καὶ
308 1048 346 1113 ἡ
373 1045 622 1113 ἀλήθειὰ
636 1063 755 1115 μου
778 1046 875 1099 καί
899 1045 964 1099 τὸ
982 1045 1155 1111 ἔλεός
1171 1062 1289 1113 μου
1312 1044 1443 1113 μετ’
1463 1040 1670 1096 αὐτοῦ.

133 1137 402 1207 Ἀλήθειαν
424 1137 518 1199 τὴν
538 1139 595 1189 ὲν
620 1137 887 1207 πνεύματι
920 1138 1013 1191 καὶ
1031 1137 1259 1207 ἀληθείᾳ
1291 1134 1545 1207 λατρείαν
1574 1150 1676 1203 φη’

124 1233 194 1284 civ
216 1274 230 1297 ,
265 1232 333 1303 ἣν
361 1234 688 1303 εἰσηγήσατο
716 1235 844 1302 ἡμῖν
870 1235 898 1286 6
925 1232 1158 1301 Χριστὸς
1189 1232 1326 1286 κατὰ
1362 1230 1422 1284 τὸ
1455 1228 1669 1300 είρημέ·

124 1339 197 1374 νον
239 1322 376 1393 πρὸς
426 1322 523 1393 τὴν
569 1325 627 1375 ὲν
669 1326 733 1394 τῇ
778 1323 1058 1393 Σαμαρείᾳ
1082 1326 1340 1391 γυναῖκα·
1368 1321 1610 1390 Πνεῦμα
1644 1327 1676 1378 ὀ

126 1415 270 1480 Θεὸς,
302 1412 403 1466 καί
434 1412 575 1479 τοὺς
617 1412 1109 1482 προσκυνοῦντας
1144 1412 1349 1478 αὑτὸν,
1392 1413 1462 1467 ἐν
1498 1415 1677 1467 πνεύ-

123 1516 241 1568 ματι
268 1500 369 1554 καὶ
396 1502 644 1569 ἀληθείᾳ
669 1501 762 1555 δεῖ
790 1503 1174 1570 προσκυνεῖν.
1209 1504 1318 1557 Καὶ
1349 1503 1410 1557 τὸ
1448 1504 1593 1568 ἔλεος
1620 1504 1677 1557 δὲ

123 1591 173 1643 οὐ
201 1591 265 1645 δι’
292 1592 456 1646 ἄλλου
507 1593 802 1663 πεποίηκεν
838 1596 866 1647 6
909 1594 1040 1658 Θεὸς
1084 1596 1163 1658 είς
1208 1596 1358 1665 ἡμᾶς
1398 1594 1547 1667 sata:
1583 1597 1679 1649 τοῦ

128 1683 432 1752 μονογενοῦς
461 1684 623 1737 αὐτοῦ
654 1685 800 1739 Υίοῦ.
830 1686 908 1739 Δι’
935 1685 1100 1739 αὑτοῦ
1133 1686 1240 1758 γὰρ
1272 1688 1430 1758 μόνον
1461 1689 1554 1743 καί
1581 1690 1680 1760 τὴν

1772 593 1892 632 rum
1932 578 2113 646 itaque
2150 584 2234 631 est
2265 574 2405 645 quod
2440 574 2675 629 dicitur:
2710 572 2862 627 Nihil
2886 572 3121 643 proficiet
3150 572 3328 625 inimi-

1771 686 1862 724 cus
1895 669 1952 723 in
1982 684 2063 723 eo.

1837 761 1928 816 26.
1972 759 2041 814 Et
2060 756 2330 813 concidam
2358 772 2391 809 a
2418 755 2551 825 {acie
2570 754 2734 826 ipsius
2762 754 3004 810 inimicos
3033 757 3167 827 ejus.
3200 754 3335 812 Tra-

1771 851 1869 907 diti
1909 865 2144 920 namque
2175 856 2306 905 sunt
2332 846 2709 902 Romanorum
2737 848 3022 915 exercitui,
3062 859 3116 905 et
3150 851 3333 905 fundi-

1772 950 1861 996 tus
1886 941 2186 1011 perierunt.

1840 1032 1930 1087 25.
1960 1032 2027 1087 Et
2057 1033 2248 1087 veritas
2287 1046 2404 1083 mea
2433 1038 2482 1083 et
2510 1030 2868 1084 misericordia
2904 1046 3019 1085 mea
3046 1047 3165 1085 cum
3199 1032 3333 1100 ipso.

1774 1124 2069 1180 Veritatem
2097 1124 2229 1179 dicit
2248 1123 2453 1178 cultum
2496 1122 2550 1176 in
2590 1122 2785 1192 spiritu
2820 1130 2875 1177 ct
2903 1125 3146 1190 veritate,
3172 1139 3336 1194 quem

1776 1218 1988 1272 induxit
2017 1216 2173 1271 nobis
2206 1214 2473 1281 Christus,
2500 1214 2652 1284 juxta
2680 1213 2732 1267 id
2762 1214 2909 1283 quod
2938 1214 3142 1269 dictum
3166 1224 3251 1269 est
3271 1214 3337 1269 ad

1777 1310 2173 1363 Samaritanam
2212 1307 2493 1361 mulierem
2528 1324 2540 1359 :
2583 1304 2814 1375 Spiritus
2851 1316 2929 1359 est
2974 1305 3137 1370 Deus,
3163 1314 3213 1360 et
3247 1308 3339 1376 qui

1775 1400 2000 1452 adorant
2027 1414 2145 1452 eum
2168 1398 2224 1450 in
2248 1398 2441 1466 spiritu
2462 1404 2510 1450 et
2555 1397 2772 1450 ueritate
2805 1404 3007 1465 oportet
3034 1395 3255 1450 adorare
3269 1395 3337 1451 “.

1776 1486 2205 1544 Misericordiam
2246 1501 2376 1541 vero
2413 1502 2521 1548 non
2567 1500 2664 1555 per
2706 1486 2873 1541 alium
2919 1485 3076 1541 nobis
3110 1486 3341 1542 contulit

1778 1582 1921 1637 Deus
1961 1596 2124 1651 quam
2156 1594 2253 1650 per
2298 1579 2637 1649 unigenitum
2678 1576 2873 1633 Filium
2908 1594 3091 1633 suum.
3125 1577 3229 1634 Per
3256 1578 3338 1650 ip-

1778 1690 1901 1730 sum
1926 1675 2069 1729 enim
2105 1672 2279 1728 solum
2308 1681 2359 1726 et
2392 1671 2762 1727 adorationem
2794 1673 2848 1725 in
2897 1672 3093 1740 spiritu
3118 1682 3172 1727 et
3201 1672 3342 1727 veri-

127 1774 173 1825 ὲν
198 1773 466 1843 πνεύματι
492 1775 585 1828 καὶ
623 1774 849 1846 ἀληθείᾳ
876 1774 1149 1846 ἐμάθομεν
1183 1776 1568 1849 προσκύνησιν,
1588 1778 1680 1830 καὶ

1786 1773 1890 1819 tate
1922 1763 2266 1826 edidicimus,
2298 1771 2353 1817 et
2382 1760 2807 1819 misericordiam
2832 1763 3109 1817 consecuti
3129 1778 3341 1829 sumus,

127 1865 549 1936 κατηλεήθημεν,
587 1844 962 1938 ἀναιρεθέντος
995 1844 1249 1931 θανάτου,
1295 1869 1389 1922 καὶ
1424 1844 1520 1939 τῆς
1547 1869 1676 1939 φθο-

1786 1856 1956 1910 deleta
1985 1863 2157 1909 morte
2182 1864 2234 1909 et
2257 1855 2605 1923 corruptione
2624 1854 2690 1908 de
2722 1854 2901 1909 medio
2924 1855 3154 1909 sublata.
3186 1854 3256 1908 Et
3288 1856 3346 1909 in

128 1957 211 2025 pi;
254 1958 319 2009 ὲκ
366 1958 531 2027 μέσου
562 1960 877 2030 γενομένης.
910 1960 1021 2014 Kal
1054 1961 1125 2013 ἐν
1154 1958 1235 2025 τῷ
1279 1961 1524 2030 ὀνόματι
1559 1979 1678 2031 μου

127 2049 495 2116 ὑψωθήσεται
536 2051 602 2103 τὸ
636 2051 812 2119 κέρας
846 2051 1052 2107 αὑτοῦ.
1082 2053 1206 2115 Τοῖς
1250 2051 1358 2125 γὰρ
1403 2054 1678 2124 ὀνόμασιν,

126 2134 193 2204 οἷς
232 2140 465 2209 μάλιστα
503 2142 769 2211 πρέπουσι
809 2142 886 2213 τῷ
922 2144 1116 2215 Πατρὶ,
1158 2146 1251 2197 καὶ
1302 2146 1462 2210 αὐτὸς
1495 2148 1524 2198 6
1557 2146 1681 2210 Υίὺς

126 2229 423 2293 δοξάζεται·
471 2228 580 2285 οἷόν
629 2232 679 2284 τί
722 2249 889 2302 φημι*
938 2233 1069 2297 Θεὸς
1113 2234 1364 2304 ἀληθινὸς
1395 2237 1423 2287 ὁ
1451 2237 1679 2307 Πατήρ“

125 2320 267 2374 τοῦτό
286 2324 403 2375 ἐστι
428 2324 521 2377 καὶ
551 2325 675 2388 Υἱός
696 2342 710 2355 ·
746 2326 905 2388 αὐτὸς
934 2328 1041 2398 γάρ
1066 2329 1211 2382 ἐστιν
1236 2330 1268 2399 ὴ
1296 2328 1548 2399 ἀλήθεια’
1591 2328 1683 2382 καὶ

127 2413 282 2483 ήζωὴ
311 2415 455 2467 κατά
486 2417 645 2484 φύσιν
680 2419 709 2470 6
739 2418 927 2491 Πατήρ
960 2420 1076 2472 ἐστί
1104 2435 1163 2472 τε
1190 2419 1283 2472 καὶ
1324 2420 1681 2490 ὀνομάζεται,

125 2504 268 2557 τοῦτο
308 2506 368 2558 δὲ
409 2507 571 2561 πάλιν
597 2509 691 2561 καὶ
712 2512 740 2562 6
763 2511 921 2572 Υίὸς·
958 2511 1120 2573 αὐτὸς
1151 2510 1260 2581 γάρ
1293 2528 1455 2581 φησιν
1475 2530 1489 2543 ·
1540 2512 1685 2581 Ἐγώ

126 2599 227 2665 είμι
247 2600 285 2666 ἠ
312 2598 648 2666 ἀνάστασις
680 2602 775 2655 καί
806 2601 843 2667 ἠ
874 2600 1005 2671 ζωή.
1036 2601 1148 2673 (59)
1177 2603 1343 2657 Τοῦτο
1368 2603 1521 2671 ἔλεγε
1548 2604 1685 2674 πρὸς

126 2689 203 2741 τὸν
229 2689 424 2744 ἑαυτοῦ
450 2692 688 2763 Πατέρα,
726 2695 805 2747 ὅτι
839 2694 1041 2748 Πάντα
1071 2694 1142 2749 τὰ
1175 2695 1286 2765 ἐμὰ
1308 2694 1390 2749 σή
1411 2695 1563 2763 ἐστι,
1587 2698 1681 2750 καί

128 2779 190 2833 τὰ
207 2782 287 2835 σὰ
310 2782 446 2851 ἐμά.

189 2872 292 2925 Καὶ
338 2872 600 2941 θήσομαι
635 2874 705 2926 ὲν
738 2875 1017 2944 θαλάσσῃ
1047 2876 1212 2945 χεῷα
1238 2878 1443 2932 αὐτοῦ.
1478 2879 1687 2933 Θάλασ-

128 2977 215 3012 σαν
251 2962 374 3031 μὲν,
403 2960 479 3024 ὡς
524 2964 951 3036 προειρήκαμεν,
988 2966 1084 3037 τὴν
1130 2968 1187 3019 ὲν
1232 2968 1462 3038 δυσμαῖς
1506 2970 1686 3040 χώραν

127 3052 278 3122 φησί’
316 3054 597 3124 ποταμοὺς
638 3055 696 3112 δὲ
734 3056 833 3129 τὴν
876 3058 1046 3129 μέσην
1076 3060 1182 3112 τῶν
1212 3061 1473 3132 ποταμῶν
1516 3062 1684 3130 λέγει,

1784 1948 1991 2001 nomine
2017 1963 2127 2000 meo
2145 1944 2470 2000 exaltabitur
2497 1962 2658 2000 cornu
2690 1947 2823 2015 ejus.
2858 1946 3176 2001 Nominibus
3197 1946 3342 2001 enim

1783 2054 1902 2110 qua
1936 2039 2169 2093 maxime
2206 2036 2351 2090 Patri
2382 2038 2728 2099 conveniunt,
2773 2038 2885 2107 ipse
2923 2052 3143 2107 quoque
3170 2037 3343 2092 Filius

1782 2142 2006 2187 ornatur
2047 2148 2060 2184 :
2106 2129 2336 2199 exempli
2392 2144 2556 2184 causa
2605 2130 2727 2183 dico
2775 2147 2788 2183 :
2845 2128 2988 2184 Deus
3046 2145 3207 2184 verus
3260 2140 3344 2185 est

1783 2221 1976 2287 Pater;
2024 2222 2257 2291 idipsum
2297 2231 2381 2276 est
2414 2219 2583 2276 Filius
2616 2241 2630 2275 :
2665 2222 2780 2291 ipse
2814 2236 3049 2292 namque
3085 2230 3170 2277 est
3198 2223 3341 2277 veri-

1783 2325 1864 2369 tas
1893 2332 1906 2367 :
1933 2322 1987 2368 et
2010 2315 2115 2367 vita
2150 2313 2447 2367 secundum
2496 2322 2745 2367 naturam
2778 2312 2936 2368 Pater
2963 2320 3046 2367 est
3095 2320 3149 2367 et
3180 2327 3344 2367 voca-

1785 2416 1896 2472 tur,
1929 2406 2060 2461 illud
2102 2406 2230 2461 item
2275 2416 2357 2460 est
2397 2404 2567 2461 Filius
2605 2424 2619 2459 :
2662 2408 2778 2475 ipse
2806 2421 3041 2474 namque
3074 2406 3149 2460 ait
3188 2423 3200 2459 :
3233 2403 3345 2475 Ego

1784 2514 1899 2551 sum
1919 2498 2230 2552 resurrectio
2267 2506 2314 2551 et
2346 2498 2471 2552 vita.
2499 2496 2610 2567 (59)
2643 2494 2757 2551 Hoc
2782 2496 2994 2551 dicebat
3031 2494 3119 2551 ille
3148 2496 3215 2550 ad
3244 2494 3349 2550 Pa-

1786 2597 1942 2642 trem:
1974 2586 2167 2642 Omnia
2198 2603 2313 2641 mea
2348 2596 2443 2642 tua
2467 2597 2608 2656 sunt,
2648 2596 2697 2642 et
2727 2597 2819 2642 tua
2840 2603 2955 2641 mea
2978 2596 3100 2642 sunt
3121 2585 3195 2641 -".

1856 2888 1947 2943 26.
2009 2888 2077 2943 Et
2102 2905 2293 2959 ponam
2320 2889 2375 2943 in
2397 2891 2533 2942 mari
2556 2905 2765 2943 manum
2797 2889 2931 2959 ejus.
2957 2889 3125 2955 Mare,
3153 2891 3229 2947 uti
3255 2907 3346 2948 su-

1788 2995 1883 3047 pra
1902 2981 2161 3044 diximus,
2199 2980 2585 3036 occidentalem
2630 2981 2904 3052 regionem
2941 2988 3142 3047 vocat;
3170 2980 3352 3035 ﬂumi-

1791 3086 1860 3126 na
1900 3086 2030 3125 vero
2085 3068 2531 3141 Mesopotamiam
2582 3072 2696 3127 sive
2747 3073 3008 3127 orientem
3051 3081 3345 3143 nuncupat.

124 3146 232 3214 ἦτοι
273 3147 380 3217 τὴν
422 3147 705 3219 ἀνατολήν.
736 3149 903 3219 Φησὶν
927 3146 1038 3215 οὖν,
1068 3151 1150 3205 ὅτι
1176 3153 1255 3215 είς
1281 3153 1459 3207 πᾶσαν
1492 3152 1592 3223 τὴν
1613 3154 1684 3207 ol-

1790 3159 1877 3216 Ait
1897 3161 2079 3232 itaque
2107 3176 2203 3233 per
2234 3176 2450 3217 omnem
2489 3172 2686 3218 terram
2729 3162 2848 3231 ejus
2888 3176 3026 3233 opus
3063 3171 3349 3217 extensum

124 3238 391 3308 κουμένην
420 3239 451 3308 ἡ
483 3237 645 3292 αὑτοῦ
691 3240 888 3311 πρᾶξις
924 3242 1301 3312 ἑκταθήσεται.
1347 3243 1455 3298 Καὶ
1499 3244 1569 3296 ἐν
1590 3258 1684 3298 πο-

1792 3253 1877 3307 iri.
1904 3251 1973 3307 Et
1994 3253 2047 3306 in
2081 3252 2383 3321 ﬂuminibus
2412 3252 2678 3307 dexteram
2704 3252 2838 3321 ejus.
2864 3254 2923 3306 lu
2954 3252 3090 3307 mari
3130 3254 3351 3323 ponitur

121 3326 315 3394 ταμοῖς
344 3326 554 3392 δεξιὰν
583 3328 786 3383 αὐτοῦ.
807 3330 893 3381 Ἐν
922 3330 1019 3399 μὲν
1050 3332 1116 3400 τῇ
1148 3331 1388 3402 θαλάσσῃ
1416 3330 1620 3387 τίθεται
1655 3334 1688 3404 ἡ

122 3418 234 3487 χεὶρ
258 3418 357 3471 τοῦ
390 3418 648 3490 Χριστοῦ,
672 3419 729 3470 ὲν
753 3418 809 3471 δὲ
841 3420 952 3482 τοῖς
981 3424 1242 3492 ποταμοῖς
1268 3424 1301 3493 ἠ
1323 3421 1473 3489 δεξιὰ
1503 3422 1688 3476 αὑτοῦ.

120 3510 255 3582 Πλὴν
287 3511 390 3563 ἐὰν
423 3510 639 3582 θελήσῃ,
672 3511 705 3580 ἡ
740 3509 979 3565 θάλασσα
1020 3513 1228 3581 γίνεται
1273 3514 1551 3585 ποταμός’
1597 3515 1692 3568 καὶ

120 3602 270 3654 πάλιν
301 3603 332 3653 6
374 3601 640 3672 ποταμὸς,
664 3600 758 3655 ἑὰν
783 3605 995 3677 τηρήσῃ
1034 3606 1125 3659 τὸν
1156 3608 1220 3660 tu
1245 3606 1345 3677 τῆς
1372 3608 1577 3673 κοιλίας
1604 3610 1695 3663 ab.

115 3690 201 3743 τοῦ
236 3692 439 3763 ῥέοντα
474 3692 734 3763 ποταμὸν,
756 3694 851 3747 τοῦ
890 3693 1094 3760 ζῶντος
1139 3696 1330 3760 ὓδατος
1353 3698 1563 3766 γίνεται
1596 3698 1692 3753 θά-

116 3781 301 3839 λασσα.

176 3875 380 3941 Αὐτὸς
430 3875 850 3932 ἐπικαλέσεται
896 3895 968 3948 με
985 3894 999 3909 ο
1052 3877 1253 3948 Πατήρ
1302 3898 1422 3950 μου
1479 3877 1537 3936 ετ
1587 3881 1689 3946 σὺ,

117 3967 252 4031 Θεός
272 3984 423 4036 μου.
462 3968 633 4020 Πάλιν
672 3968 900 4023 ἐνταῦθα
936 3970 1293 4042 οίκονομικῶς
1342 3974 1371 4026 6
1416 3990 1694 4046 σεσαρκω-

115 4058 264 4124 μένος
284 4058 428 4113 Θεὸν
455 4060 652 4114 ἑαυτοῦ
664 4061 753 4114 τδν
769 4062 988 4133 Πατέρα
1016 4061 1188 4128 καλεῖ,
1221 4062 1394 4133 λέγων
1417 4081 1431 4096 ·
1453 4066 1697 4133 Πορεύο-

108 4166 205 4213 μαι
235 4152 397 4219 πρὸς
438 4151 552 4205 τὸν
580 4152 808 4219 Πατέρα
834 4170 955 4222 μου
987 4153 1083 4208 καὶ
1121 4154 1351 4225 Πατέρα
1375 4156 1557 4225 ὑμῶν,
1595 4158 1693 4212 καὶ

113 4244 251 4296 Θεόν
289 4262 423 4313 μου
458 4243 561 4297 καὶ
600 4243 746 4297 Θεὸν
772 4245 1032 4314 ὑμῶν.⁹υ
1072 4248 1182 4318 γὰρ
1231 4251 1516 4321 προφήτης
1560 4251 1693 4319 φησὶ

110 4335 229 4403 περὶ
281 4334 485 4402 αὐτοῦ,
517 4335 727 4389 παιδίον
773 4335 1106 4407 γεννώμενον
1151 4340 1522 4410 προφητεύων,
1559 4341 1691 4394 Θεὸν

110 4426 322 4497 ἰσχυρὸν
354 4427 558 4495 ἔλεγεν
590 4427 772 4492 αὑτὸν,
799 4429 1019 4500 Πατέρα
1046 4430 1140 4483 τοῦ
1168 4431 1450 4502 μέλλοντος
1476 4434 1686 4497 αἰῶνος.

1790 3357 1985 3397 manus
2013 3341 2239 3410 Christi,
2281 3341 2336 3397 in
2363 3341 2676 3399 ﬂuminibus
2712 3352 2895 3398 autem
2938 3344 3159 3400 dextera
3202 3344 3344 3415 ejus.

1789 3432 1989 3489 Verum
2016 3433 2062 3488 si
2086 3434 2233 3498 velit,
2259 3450 2409 3490 mare
2433 3436 2660 3492 edicitur
2683 3435 2882 3492 ﬂumen
2912 3454 2926 3491 :
2959 3446 3013 3492 et
3038 3446 3226 3493 contra
3248 3437 3349 3491 ﬂu-

1790 3541 1911 3581 men
1940 3525 1985 3580 si
2019 3525 2157 3581 alvei
2195 3527 2279 3581 sui
2318 3542 2513 3599 aquam
2547 3527 2796 3592 retine’at,
2825 3542 2982 3598 aqua:
3024 3528 3161 3584 viva:
3186 3546 3346 3584 mare

1789 3616 2035 3673 eﬂlcitur.

1858 3878 1949 3934 27.
1995 3876 2117 3945 Ipse
2148 3875 2410 3931 invocabit
2444 3891 2525 3930 nte
2557 3891 2575 3929 :
2616 3874 2781 3930 Pater
2819 3893 2962 3931 meus
3001 3894 3055 3932 es
3086 3888 3163 3942 tu,
3208 3864 3349 3937 Deus

1792 3986 1956 4025 meus.
1995 3967 2109 4024 Hoc
2135 3968 2257 4023 loco
2284 3967 2377 4037 qui
2408 3968 2722 4023 incarnatus
2752 3979 2835 4023 est
2862 3985 2957 4040 per
2987 3976 3346 4030 (economiam

1794 4062 1961 4117 Deum
1995 4069 2151 4115 vocat
2179 4058 2391 4112 Patrem
2425 4074 2583 4113 suum
2608 4060 2794 4115 dicens
2820 4079 2833 4115 :
2871 4060 3018 4116 Vada
3040 4065 3109 4117 ad
3132 4063 3350 4123 Patrem

1792 4170 1963 4208 meum
2011 4162 2061 4207 et
2107 4151 2324 4205 Patrem
2370 4160 2617 4215 uestrum,
2662 4150 2828 4206 Deum
2878 4169 3047 4207 meum
3095 4165 3146 4210 et
3183 4156 3350 4213 Deum

1791 4255 2019 4300 vestrum
2052 4243 2118 4299 “.
2157 4240 2291 4297 Nam
2338 4243 2598 4312 propheta
2626 4243 2691 4299 de
2724 4244 2817 4300 illo
2846 4244 3106 4314 loquitur,
3132 4264 3254 4304 cum
3284 4250 3352 4307 de

1792 4352 1958 4407 puero
2010 4344 2136 4391 nato
2180 4335 2583 4405 pmnuntians,
2645 4337 2813 4391 Deum
2877 4336 3071 4394 fortem
3137 4344 3352 4399 vocavit

1793 4429 1965 4493 illum,
1992 4428 2204 4482 Patrem
2231 4427 2399 4482 futuri
2426 4427 2609 4482 saeculi
2634 4427 2697 4480 δ’.

170 4521 273 4582 Εἰς
304 4518 424 4571 τὸν
448 4516 641 4571 αιῶνα
663 4519 909 4586 φυλάξω
936 4520 1095 4587 αὐτῷ
1125 4521 1192 4575 τὸ
1229 4524 1401 4590 ἔλεός
1437 4542 1557 4593 μου
1598 4525 1684 4578 καί

1864 4521 1955 4575 29.
1998 4519 2064 4573 In
2089 4528 2340 4574 mter-num
2369 4519 2580 4573 servabo
2618 4517 2702 4571 illi
2736 4520 3153 4577 misericordiam
3181 4540 3347 4579 meam

105 4604 403 4677 διαθήκην
432 4626 579 4678 μου.
609 4609 765 4681 Δύτῷ
791 4612 888 4681 μὲν
914 4612 992 4682 τῷ
1022 4615 1399 4668 πεπιστευκότι
1430 4614 1499 4667 δι’
1523 4615 1687 4669 αὑτοῦ

106 4699 206 4772 λιῷ
239 4701 652 4772 φησιν.Ἐλεος
681 4703 737 4757 δὲ
763 4704 862 4774 τὴν
896 4701 983 4757 διὰ
1024 4705 1260 4770 πίστεως
1290 4706 1481 4776 ἄφεσιν
1520 4707 1685 4776 λέγει.

104 4793 376 4867 Διαθήκην
425 4795 492 4848 δὲ
538 4795 636 4865 τὴν
679 4795 805 4849 νέαν
854 4798 1036 4867 φησὶν,
1068 4799 1133 4867 ἢν
1174 4799 1267 4851 καὶ
1296 4799 1493 4870 πιστὴν
1526 4795 1685 4865 εῖναι,

104 4886 212 4936 ἀντὶ
244 4886 384 4948 τῶν,
420 4884 648 4956 ἀσφαλῆ
692 4886 785 4938 καὶ
818 4885 1039 4955 βεϐαίαν
1068 4890 1160 4941 καὶ
1192 4889 1473 4958 μένουσαν.
1493 4888 1556 4943 Ἦ
1590 4889 1689 4961 μὲν

103 4975 197 5046 γὰρ
225 4977 433 5049 πρώτη
476 4976 716 5047 διαθήκη
759 4977 1027 5032 πέπαυται
1071 4979 1158 5033 διὰ
1183 4980 1242 5032 τὸ
1270 4981 1439 5051 αὐτῆς
1470 4981 1690 5048 ἀσθενὲς

105 5068 185 5119 ut
204 5067 508 5138 ἀνωφελές
530 5083 546 5097 ο
575 5067 725 5121 οὐδὲν
751 5067 860 5138 γὰρ
884 5070 1193 5124 ἐτελείωσεν
1216 5072 1244 5124 6
1270 5072 1450 5141 νόμος.

164 5254 268 5305 Καὶ
297 5251 588 5320 θήσομαι
610 5252 699 5317 εις
723 5253 831 5306 τὸν
854 5252 1037 5307 αὶῶνα
1058 5255 1163 5308 τοῦ
1187 5254 1399 5322 αἰῶνος
1422 5256 1487 5309 τὸ
1513 5256 1695 5326 σπέρ-

99 5358 170 5409 μα
190 5345 408 5401 αὐτοῦ.
441 5343 532 5397 Οὐ
570 5342 835 5397 παύσεται
871 5345 980 5415 γὰρ
1028 5345 1087 5399 τὸ
1128 5346 1464 5417 Χριστιανῶν
1502 5347 1691 5418 ὄνομα,

104 5438 184 5489 καὶ
214 5438 314 5508 τῆς
344 5435 733 5506 εὐαγγελικῆσ,
770 5435 1021 5509 λατρείας
1069 5438 1102 5508 ἠ
1149 5438 1405 5509 δύναμις⁶
1442 5440 1693 5511 διηνεκὴς

102 5523 149 5577 δὲ
178 5529 380 5599 μᾶλλον
409 5529 584 5582 ἔσται
614 5527 709 5581 καὶ
735 5528 1127 5599 ἀκατάληκτος.

1791 4621 1840 4667 et
1870 4621 2239 4667 testamentum
2267 4626 2457 4665 meum.
2502 4610 2609 4679 Ipsi
2654 4611 2861 4667 scilicet
2893 4614 3095 4683 popqu
3133 4616 3227 4685 qui
3258 4631 3353 4686 per

1791 4718 1913 4758 eum
1952 4702 2199 4758 credidit.
2225 4702 2653 4757 Misericordiam
2676 4711 2855 4757 autem
2889 4714 3043 4760 vocat
3070 4709 3351 4763 remissio-

1794 4810 1914 4850 nem
1940 4809 2060 4864 quaa
2103 4809 2199 4864 per
2242 4794 2399 4848 fidem
2439 4793 2735 4849 obtinetur.
2775 4793 3179 4852 Testamentum
3223 4814 3352 4855 vero

1796 4900 1994 4940 novum
2025 4886 2121 4950 ait,
2149 4885 2291 4955 quod
2324 4884 2479 4940 ﬁdele
2511 4884 2660 4951 dicit,
2691 4886 2894 4942 scilicet
2923 4887 3159 4956 ﬁrmum,
3192 4906 3351 4946 secu-

1795 4993 1914 5033 rum
1943 4986 1998 5031 et
2028 4993 2274 5032 manens.
2299 4976 2432 5031 Nam
2456 4978 2688 5047 primum
2723 4980 2853 5034 illud
2877 4989 3255 5037 testamentum
3282 4984 3352 5038 ob

1796 5068 2163 5123 infirmitatem
2188 5077 2239 5123 et
2266 5068 2611 5122 inutilitatem
2640 5085 2793 5124 suam
2831 5071 3013 5126 desiit.
3033 5070 3179 5126 Nihil
3205 5072 3351 5129 enim

1795 5160 1859 5216 ad
1888 5158 2183 5227 perfectum
2210 5158 2434 5213 deduxit
2454 5160 2559 5214 lex.

1867 5250 1953 5305 50.
2012 5249 2079 5304 Et
2123 5266 2314 5320 ponam
2360 5252 2415 5305 in
2462 5251 2711 5305 scculum
2759 5253 2941 5305 sweuli
2987 5269 3159 5308 semen
3215 5258 3348 5324 ejus.

1797 5345 2081 5413 Nunquam
2116 5343 2350 5399 cessabit
2390 5345 2534 5399 enim
2572 5344 3008 5400 Christianorum
3050 5361 3268 5414 nomen,
3300 5359 3352 5405 et

1797 5437 1971 5491 virtus
2008 5435 2306 5502 evangelici
2345 5436 2559 5501 cultus;
2599 5436 2711 5493 imo
2753 5437 2933 5507 potius
2968 5448 3225 5509 perpetua
3250 5440 3354 5497 erit

1793 5539 1845 5586 et
1868 5527 2303 5584 interminabilis.

167 5664 208 5695 “
236 5662 404 5721 Joan.
436 5680 523 5725 tv,
561 5663 652 5717 24.
694 5664 737 5695 δ’
769 5662 926 5719 Joan.
974 5682 1103 5733 xvu,
1138 5666 1223 5721 10.
1302 5669 1347 5701 ⁸³
1380 5666 1537 5726 Joan.
1576 5685 1666 5737 xx,
1712 5671 1799 5725 I7.
1877 5670 1920 5701 δ’
1959 5668 2059 5725 Isa.
2102 5685 2175 5733 Ix,
2213 5667 2263 5724 6.

167 5780 273 5850 (59)
314 5782 422 5838 [lic
448 5776 650 5836 deﬁcit
676 5788 985 5833 contextus.
