4076 6308
766 354 862 409 391

1611 349 1667 404 S.
1708 351 2078 407 ATIIANASII
2116 352 2271 408 OPP.
2311 354 2490 411 PARS
2531 354 2615 409 ΙΙΙ.
2659 385 2729 396 —
2764 351 3176 409 EXEGETICA.
3882 360 3961 414 592

838 469 926 536 '56,
953 469 1039 524 57.
1083 469 1438 537 Se'ﬂtetjuravt
1467 468 1522 522 in
1549 484 1730 523 sancto
1758 488 1891 535 meo,
1920 473 1963 525 si
1990 472 2158 526 Dauid
2182 490 2323 527 men.

2497 475 2682 538 Ἀπαξ
2705 473 2910 542 ὤμοσα
2929 474 2998 526 ὲν
3026 473 3106 537 τῷ
3134 473 3278 542 ἁγιῳ
3300 492 3440 543 μου,
3464 478 3516 528 εἰ
3537 473 3618 539 τῷ
3641 473 3821 528 Δαυῖὂ
3848 480 3961 543 Ψεύ-

771 566 895 618 tiar.
921 561 1108 618 Simile
1149 572 1230 617 est
1271 563 1318 616 ei
1358 563 1500 632 quod
1534 565 1642 618 alio
1685 565 1804 619 loco
1845 566 2082 620 dicitur:
2115 565 2326 620 Juravit

775 655 1025 708 Dominus
1054 653 1221 707 David
1253 655 1540 719 veritatem,
1575 665 1622 708 et
1649 673 1748 708 non
1777 657 2204 724 frustrabitur".
2236 657 2330 712 Se-

772 764 886 802 men
914 747 1024 815 ejus
1050 748 1104 800 in
1135 756 1386 800 (eternum
1409 748 1660 800 manebit.
1695 749 1891 803 Semen
1929 749 2149 804 Davidis
2170 750 2330 804 Chri-

773 847 917 894 stum
941 839 1090 901 dicit,
1124 839 1217 906 qui
1257 840 1548 893 secundum
1589 856 1805 894 carnem
1836 856 1899 894 ex
1930 843 2135 897 semine
2161 842 2329 897 David

772 940 934 986 natus
962 940 1063 986 est.
1095 929 1198 997 Qui
1231 940 1284 985 et
1317 932 1369 984 in
1402 944 1660 985 aeternum
1705 933 1963 985 manebit.
2004 929 2122 985 Non
2156 941 2332 1001 potest

773 1023 974 1093 quippe
1021 1023 1134 1078 ﬁeri
1171 1039 1295 1077 eum
1337 1025 1430 1094 qui
1463 1023 1602 1078 Deus
1641 1026 1730 1087 sit,
1772 1034 1825 1078 et
1859 1039 1983 1078 vere
2016 1024 2105 1078 Dei
2138 1024 2328 1089 Filius,

776 1131 880 1169 non
918 1115 1066 1169 omni
1101 1118 1260 1170 modo
1283 1131 1345 1171 ac
1379 1116 1588 1170 ratione
1626 1126 1886 1169 aeternum
1913 1129 2056 1171 esse.

852 1297 939 1353 38.
986 1296 1054 1350 Et
1095 1299 1307 1352 thronus
1350 1299 1460 1367 ejus
1499 1300 1632 1350 sicut
1679 1299 1758 1352 sol
1794 1300 1846 1353 iu
1891 1309 2164 1368 conspectu
2199 1315 2330 1353 meo.

777 1388 1270 1444 ThronumChristi
1304 1390 1537 1458 intellige
1572 1388 1868 1443 Ecclesiam
1905 1408 1916 1442 :
1950 1389 2000 1443 in
2030 1391 2117 1442 illa
2139 1389 2335 1458 quippe

778 1479 1087 1548 requiescit.
1119 1478 1235 1532 Erit
1272 1481 1454 1549 igitur,
1492 1479 1684 1547 inquit,
1721 1479 1957 1534 Ecclesia
1992 1478 2195 1534 Christi
2228 1478 2334 1532 ful-

779 1585 909 1638 gens
937 1577 991 1622 et
1024 1569 1337 1623 illuminans
1382 1568 1592 1632 orbem,
1623 1583 1953 1636 manensqne
1984 1567 2036 1619 in
2076 1577 2334 1620 internum

779 1661 919 1715 sicut
957 1661 1036 1714 sol
1076 1671 1128 1714 et
1160 1661 1305 1713 luna.
1343 1659 1476 1714 Nam
1520 1662 1722 1714 dictum
1764 1660 1893 1712 illud
1936 1660 2006 1712 ita
2037 1674 2092 1711 se
2125 1659 2286 1711 habet
2319 1675 2332 1710 :

780 1752 849 1805 Et
879 1752 1093 1806 thronus
1123 1753 1234 1821 ejus
1263 1754 1396 1806 sicut
1435 1753 1513 1805 sol
1538 1754 1592 1805 in
1635 1761 1907 1820 conspectu
1940 1767 2072 1814 meo,
2115 1759 2162 1802 et
2202 1752 2336 1804 sicut

779 1846 902 1898 luna
929 1846 1157 1914 perfecta
1180 1849 1232 1898 in
1265 1855 1534 1908 wternum,
1561 1853 1610 1896 et
1640 1845 1782 1896 testis
1805 1845 1860 1895 in
1890 1843 2015 1895 caelo
2045 1842 2237 1910 ﬁdelis.

850 2123 938 2178 59.
982 2124 1007 2176 '1
1027 2139 1058 2176 tt
1090 2137 1204 2176 vero
1229 2124 1466 2190 περιωδιί
1487 2130 1533 2173 et
1555 2121 1860 2189 despexisti,
1893 2118 2150 2173 distulisti
2179 2119 2335 2173 Chri-

779 2225 918 2268 stum
944 2224 1110 2268 tuum.
1151 2211 1283 2279 Quae
1327 2214 1378 2266 ih
1407 2213 1710 2266 veneranda
1757 2226 1921 2266 cruce
1967 2212 2335 2280 contigerunt,

779 2309 922 2363 beati
964 2308 1236 2376 prephetze
1277 2307 1621 2360 annuntiant.
1671 2303 1863 2359 Dicunt
1904 2305 2087 2373 itaque
2111 2303 2254 2358 Patri
2286 2313 2340 2358 et

778 2396 890 2453 Deo
926 2397 1271 2453 :Promisisti
1310 2397 1360 2451 in
1401 2406 1659 2452 aeternum
1705 2410 2119 2465 permansurum
2156 2411 2337 2451 semen

777 2489 969 2556 David,
998 2502 1050 2547 et
1086 2493 1338 2546 thronum
1374 2490 1492 2560 ejus
1524 2491 1666 2543 sicut
1697 2489 1864 2542 solem
1888 2497 1942 2542 et
1979 2489 2161 2541 lunam
2198 2489 2340 2541 futu-

779 2599 900 2636 rum
933 2601 945 2636 :
981 2583 1073 2636 sed
1109 2582 1348 2650 repulisti
1388 2591 1435 2634 et
1456 2580 1759 2647 despexisti,
1790 2579 2045 2632 distulisti
2072 2578 2340 2632 Christum

781 2686 948 2730 tuum.
975 2676 1108 2728 Illud
1137 2685 1338 2740 autem,
1367 2675 1605 2744 repulisti
1640 2685 1687 2727 et
1714 2675 2018 2742 despexisti,
2052 2673 2340 2743 signiﬁcat,

782 2765 964 2834 repelli
994 2778 1046 2819 et
1082 2765 1283 2835 despici
1315 2765 1654 2819 concessisti.
1684 2763 1866 2832 Neque
1888 2765 2032 2843 enim
2069 2745 2227 2818 Pater
2258 2779 2342 2816 re-

781 2856 917 2925 pulit
943 2867 995 2910 et
1019 2856 1260 2926 despexit
1282 2858 1556 2926 proprium
1586 2855 1781 2908 Filium
1809 2871 1824 2918 ;
1848 2855 1939 2908 sed
1967 2853 2137 2907 Judaai
2162 2853 2344 2922 potius

783 2948 911 3002 illud
944 2956 1171 3017 egerunt
1203 2963 1219 3000 :
1261 2957 1318 3001 at
1354 2946 1651 3001 secundum
1695 2944 2108 3014 permissionem
2159 2943 2252 2998 Dei
2291 2955 2344 2999 et

782 3038 979 3092 Patris.
1011 3038 1186 3102 Atque
1222 3037 1349 3089 illud
1397 3044 1477 3090 est
1526 3035 1663 3103 quod
1719 3035 1917 3089 dicitur
1947 3052 1958 3088 :
1993 3034 2095 3099 Qui
2131 3037 2341 3104 proprio

784 3126 926 3182 Filio
960 3145 1061 3180 non
1100 3128 1345 3191 aenei-cit,
1399 3126 1488 3180 sed
1523 3142 1614 3178 oro
1654 3126 1798 3179 nobis
1834 3125 2057 3178 tradidit
2093 3125 2244 3178 illum
2273 3125 2338 3177 “.

852 3393 942 3447 ιο.
979 3392 1224 3446 Evertisti
1262 3401 1621 3446 testamentum
1644 3392 1776 3445 servi
1805 3392 1902 3444 tui.
1934 3391 2231 3459 Distulisti,
2262 3392 2344 3446 in-

788 3486 927 3554 quit,
975 3486 1198 3554 implcre
1233 3486 1618 3553 promissioues
1647 3499 1767 3553 qua:
1793 3484 1940 3537 illum
1975 3485 2290 3552 spectabant
2324 3501 2337 3538 :

783 3579 985 3632 interea
1011 3578 1156 3632 enim
1185 3580 1274 3632 ille
1303 3591 1495 3645 passus
1531 3585 1632 3629 est.
1658 3574 1778 3641 Quo
1817 3584 1974 3643 pacto
2015 3585 2193 3629 autem
2223 3575 2341 3630 dis-

782 3672 986 3734 tulerit,
1035 3671 1105 3723 ita
1155 3669 1437 3723 declarat:
1480 3667 1761 3733 Evertisti,
1810 3669 1986 3738 inquit
2015 3711 2027 3732 ,
2063 3678 2343 3722 testamen-

787 3771 896 3813 tum
921 3762 1051 3814 servi
1083 3762 1177 3814 tui.
1224 3759 1562 3814 Promiseras
1617 3761 1760 3814 enim
1805 3777 1928 3813 eum
1985 3761 2038 3813 in
2082 3770 2341 3814 internum

786 3867 1124 3906 mansurum.
1180 3851 1245 3905 Et
1282 3853 1385 3906 hoc
1417 3853 1592 3919 ipsum
1633 3852 1731 3909 fuit
1771 3860 2149 3906 testamentum
2194 3862 2342 3906 tuum

786 3945 852 3999 de
889 3945 998 3997 illo.
1039 3943 1235 3996 Verum
1283 3940 1454 3997 Judwi
1501 3943 1885 3997 cruciﬁxerunt
1909 3958 2032 3998 eum
2056 3987 2070 4011 ,
2108 3955 2160 3999 et
2190 3961 2344 4015 repu-

786 4044 933 4088 tatus
958 4043 1040 4089 est
1065 4050 1188 4088 cum
1223 4036 1468 4089 mortuis.
1512 4033 1715 4091 Passus
1749 4044 1853 4099 est,
1888 4036 2063 4105 inquit
2090 4076 2104 4100 ,
2143 4045 2196 4092 et
2221 4053 2344 4092 cru-

787 4129 980 4181 cilixus
1002 4135 1105 4180 est.
1150 4125 1334 4196 Itaque
1379 4129 1608 4183 evertisli
1657 4136 2022 4182 testamentum
2066 4130 2198 4183 servi
2247 4131 2339 4184 tui.

757 4221 1096 4292 .Profauasti
1140 4224 1194 4275 in
1234 4232 1375 4274 terra
1415 4221 1780 4274 sanctuarium
1839 4220 1974 4287 ejus.
2034 4220 2340 4288 Projecisti,

788 4313 881 4377 ait,
918 4314 970 4365 in
1001 4322 1197 4366 terram
1238 4311 1460 4380 gloriam
1494 4309 1611 4378 ejus
1640 4327 1652 4339 ·
1686 4323 1810 4362 nam
1833 4309 1923 4362 ubi
1951 4309 2095 4363 venit
2121 4308 2186 4362 ad
2214 4326 2338 4379 pas-

790 4405 1029 4466 sionem,
1083 4403 1204 4457 vilis
1249 4403 1408 4456 homo
1450 4401 1517 4455 ab
1558 4399 1758 4469 iniquis
1802 4397 2002 4453 Judzeis
2041 4400 2344 4453 testimatus
2383 4415 2388 4424 ·

2427 569 2853 636 σομαι.”ομοιον
2893 567 2969 636 τῷ
3001 565 3234 637 ἀλλαχοῦ
3283 569 3587 638 εἰρημένῳ·
3625 568 3840 636 Ὠμοσε
3880 570 3964 624 Κύ-

2422 675 2552 725 ριος
2581 657 2659 722 τῷ
2691 657 2870 710 Δαυῒδ
2900 657 3203 723 ἀλήθειαν,
3233 659 3328 711 καὶ
3358 662 3428 712 οὐ
3454 659 3537 728 μὴ
3591 660 3882 726 ἀθετήσει.
3914 663 3967 713 τὸ

2429 751 2665 818 σπέρμα
2705 751 2889 804 αὑτοῦ
2933 753 3020 816 εἰς
3062 752 3166 804 τὸν
3213 751 3397 803 αὶὼνα
3434 751 3621 820 μένει.
3653 753 3878 822 Σπέρμα
3897 755 3968 806 τοῦ

2431 842 2588 894 Δαυῗδ
2619 859 2748 909 φησι
2785 843 2874 894 τὸν
2905 843 2967 893 ἐκ
3004 843 3314 913 σπέρματος
3343 842 3503 896 Δαυῒδ
3530 843 3675 896 κατὰ
3707 844 3876 914 σάρκα
3903 861 3972 912 γε·

2431 935 2756 1003 γεννημένον
2780 934 3135 1003 Χριστόν.⁶“ος
3168 936 3261 987 καὶ
3292 937 3372 998 εἰς
3404 937 3490 987 τὸν
3522 920 3699 989 αἰῶνα
3736 937 3893 1006 μένει.
3915 935 3971 989 Οὺ

2433 1026 2538 1095 γάρ
2581 1028 2695 1078 ἐστι
2735 1025 2840 1079 τῶν
2879 1025 3259 1096 ἐνδεχομένων,
3285 1025 3416 1078 Θεὸν
3441 1027 3569 1078 ὄντα
3597 1027 3694 1079 καὶ⁸
3729 1027 3858 1079 Θεοῦ
3881 1028 3974 1080 κατ’

2433 1116 2686 1186 ἀλήθειαν
2717 1118 2859 1180 Υἰὸν,
2892 1116 2963 1188 μὴ
3002 1118 3178 1187 πάντη
3203 1134 3262 1169 τε
3295 1119 3388 1171 καὶ
3415 1119 3633 1171 πάντων
3685 1114 3824 1172 εἶναι
3874 1119 3976 1171 αἰώ-

2433 1226 2564 1261 νιον.

2503 1299 2611 1351 Καὶ
2659 1302 2691 1352 ό
2735 1300 2946 1366 θρόνος
2975 1299 3158 1353 αὐτοῦ
3191 1299 3268 1365 ὠς
3299 1303 3330 1353 ό
3361 1299 3531 1366 ἣλιος
3559 1301 3840 1354 ἐναντίον
3864 1319 3978 1370 μου.

2433 1391 2631 1461 Θρόνον
2658 1391 2892 1462 Χριστοῦ
2924 1393 3091 1445 ἐννόει
3134 1392 3232 1462 τὴν
3275 1393 3627 1464 Ἐκκλησίαν·
3664 1394 3982 1447 ἐπαναπαύε-

2432 1499 2522 1536 ται
2573 1482 2681 1553 γὰρ
2705 1483 2862 1554 αὐτῇ.
2893 1484 3088 1536 Ἔσται
3112 1479 3223 1548 οὖν,
3261 1486 3444 1556 φησιν,
3480 1487 3512 1556 ἡ
3559 1486 3855 1557 Ἐκκλησία
3879 1487 3984 1558 Χρι-

2438 1575 2558 1628 στοῦ
2597 1577 3086 1646 καταστράπτουσα
3119 1577 3211 1629 καὶ
3243 1575 3548 1644 φωτίζουσα
3586 1577 3685 1648 τὴν
3735 1579 3825 1630 ὑπ’
3849 1579 3985 1648 οὐρα-

2435 1668 2542 1731 νὸν,
2568 1669 2660 1720 καὶ
2677 1668 2908 1738 μένουσα
2935 1669 3198 1740 διηνεκῶς
3232 1669 3342 1739 (40)
3368 1670 3559 1740 ὁῆλιος
3591 1672 3687 1724 καὶ
3725 1673 3758 1741 ἡ
3796 1671 3981 1740 σελήνη.

2437 1758 2510 1810 Τὸ
2539 1757 2647 1828 γὰρ
2671 1758 2830 1828 ῥητὸν
2851 1758 3004 1810 τοῦτο
3021 1759 3162 1812 οὕτω
3191 1760 3321 1830 φησί
3341 1777 3352 1789 ·
3383 1761 3493 1814 Καὶ
3520 1765 3551 1815 ό
3581 1764 3800 1829 θρόνος
3829 1762 3985 1815 αὑτοῦ

2436 1849 2515 1914 ὡς
2554 1851 2586 1902 ὀ
2624 1849 2795 1915 ἣλιος
2824 1850 3100 1902 ἐναντίον
3131 1867 3263 1916 μου,
3296 1851 3392 1903 καὶ
3419 1852 3498 1917 ὡς
3529 1853 3565 1919 ἡ
3608 1853 3847 1919 σελήνη
3877 1870 3984 1906 κατ-

2438 1939 2762 2008 ηρτισμένη
2806 1942 2893 2006 εἰς
2929 1939 3033 1992 τὸν
3057 1937 3260 2004 αἰῶνα,
3299 1941 3392 1993 καὶ
3421 1944 3452 1992 ό
3474 1942 3708 2010 μάρτυς
3733 1943 3804 1995 ἐν
3841 1945 3986 2010 oi'pa-

2439 2029 2523 2093 νῷ
2550 2033 2782 2095 πιστός.

2509 2122 2592 2176 Σὺ
2633 2122 2699 2175 δὲ
2736 2121 2952 2175 ἀπώσω
2984 2125 3082 2176 καὶ
3117 2123 3551 2190 ὲξουδένωσας,
3577 2123 3878 2178 dri-:6de
3907 2123 3989 2177 τὸν

2439 2215 2691 2282 Χριστόν
2719 2227 2852 2266 σου.
2877 2213 2957 2266 Τὰ
2979 2213 3355 2284 συμϐεϐηκότα
3384 2216 3473 2267 ἐπὶ
3506 2214 3584 2284 τῷ
3607 2214 3775 2284 τιμίῳ
3801 2212 3988 2282 σταυρῷ

2439 2306 2488 2357 ot
2526 2304 2782 2374 μακάριοι
2829 2305 3102 2374 προφῆται
3138 2321 3286 2373 φασι.
3334 2304 3592 2371 Λέγουσιν
3619 2300 3736 2366 οὖν,
3764 2305 3841 2365 ὡς
3881 2305 3990 2372 πρὸς

2438 2397 2526 2450 τὸν
2558 2397 2774 2466 Πατέρα
2800 2397 2892 2449 καὶ
2915 2397 3068 2448 Θεόνο
3100 2394 3460 2466 Ἐπηγγείλω,
3496 2396 3679 2466 φησὶν,
3714 2396 3796 2448 ὅτι
3825 2397 3900 2457 εἰς
3921 2394 3990 2446 τὸν

2441 2487 2613 2540 αἰῶνα
2642 2487 2792 2557 μένει
2819 2487 2881 2539 τὸ
2907 2487 3126 2558 σπέρμα
3156 2487 3332 2550 Δαυῒδ,
3362 2486 3454 2539 καὶ
3478 2489 3506 2539 ὁ
3535 2486 3725 2558 θρόνος
3753 2485 3911 2538 αὐτοῦ
3933 2486 3992 2548 ὡς

2438 2579 2466 2630 ὁ
2495 2577 2642 2647 ἥλιος
2680 2579 2774 2632 καὶ
2807 2580 2840 2648 ἡ
2884 2578 3113 2649 σελήνη’
3150 2578 3263 2633 ἀλλ’
3286 2577 3505 2632 ἀπώσω
3548 2579 3645 2633 καὶ
3693 2578 3995 2643 ἐξουόἐνω-

2440 2687 2557 2737 σας
2579 2689 2592 2702 ο
2630 2671 2926 2725 ἀνεϐάλου
2967 2675 3073 2724 τὸν
3113 2672 3371 2739 Χριστόν
3415 2687 3548 2725 σου.
3586 2671 3658 2724 Τὸ
3686 2671 3768 2732 δὲ,
3798 2670 3995 2723 ἀπώσω

2442 2764 2536 2816 καὶ
2571 2761 2996 2826 ἐξουδένωσας,
3029 2762 3149 2813 ἀντὶ
3185 2760 3300 2824 τοῦ,
3334 2762 3674 2831 ἀπωσθῆναι,
3725 2763 3821 2815 καὶ
3865 2761 3993 2826 ἐξου-

2441 2855 2731 2926 δενωθῆναι
2766 2853 3209 2924 συγκεχώρηκας.
3237 2854 3311 2908 Οὐ
3352 2854 3461 2924 γὰρ
3491 2856 3518 2908 ὁ
3543 2855 3735 2926 Πατὴρ
3765 2854 3997 2907 ἀπώσατο

2441 2949 2535 3001 κει)⁵
2585 2947 2900 3013 ἐξουδένωσε
2947 2947 3038 3000 τὸν
3088 2947 3216 3000 ἴδιον
3252 2947 3666 3001 Υἱόν”Ιουδαῖοι
3709 2948 3767 3000 δὲ
3821 2948 3996 3017 μᾶλλον

2440 3037 2598 3092 τοῦτο
2631 3038 2941 3109 πεπράχασι
2965 3055 2979 3068 ο
3018 3037 3153 3106 πλὴν
3183 3040 3323 3090 κατὰ
3371 3038 3716 3109 συγχώρησιν
3760 3041 3853 3092 τοῦ
3881 3039 3995 3092 Θεοῦ

2443 3130 2535 3183 καὶ
2573 3130 2803 3200 Πατρός.
2848 3131 2956 3183 Καὶ
3002 3129 3160 3182 τοῦτό
3200 3132 3316 3183 ἐστι
3354 3131 3417 3183 τὸ
3451 3131 3769 3202 εἰρημένον·
3814 3134 3909 3198 "Oc
3947 3149 3997 3198 re

2443 3220 2547 3275 τοῦ
2582 3222 2732 3276 ἰδίου
2786 3220 2920 3275 Υἱοῦ
2969 3222 3079 3275 οὐκ
3123 3221 3434 3289 ἐφείσατο,
3483 3222 3800 3291 ἁλλ’ὐπὲρ
3852 3221 3997 3292 ἡμῶν

2441 3327 2552 3381 παρ
2561 3313 2782 3367 ἐδωκεν
2814 3316 3022 3368 αὐτόν.

2510 3407 2928 3474 Κατέσὲρεψας
2958 3404 3072 3472 τὴν
3108 3405 3400 3472 διαθήκην
3445 3404 3551 3459 τοῦ
3603 3405 3832 3460 δούλου
3876 3424 3994 3462 σου.

2454 3497 2750 3570 ’Υπερέθου
2782 3496 3085 3568 πληρῶσαι.
3111 3497 3261 3565 φησὶ,
3288 3495 3386 3557 τὰς
3409 3496 3745 3563 ἐπαγγελίας
3766 3498 3863 3559 τὰς
3891 3499 3998 3567 περὶ

2442 3588 2604 3643 αὑτοῦ
2622 3605 2633 3618 υ
2663 3588 2893 3641 πέπονθε
2913 3587 3020 3658 γὰρ
3047 3586 3269 3657 μεταξύ.
3288 3586 3411 3650 Πῶς
3429 3587 3485 3639 δὲ
3504 3587 3824 3658 ὑπερέθετο,
3842 3589 3995 3657 λέγει·

2440 3679 2862 3748 Κατέστρεψας
2895 3680 3120 3748 φάσκων
3154 3678 3268 3746 τὴν
3314 3678 3604 3745 διαθήκην
3657 3680 3768 3734 τοῦ
3797 3679 3999 3734 δούλου

2442 3785 2576 3824 σου.
2624 3769 2959 3838 Ἐπηγγείλω
2992 3769 3120 3836 γὰρ,
3153 3767 3337 3837 φησὶν,
3370 3767 3451 3819 ὅτι
3481 3768 3559 3830 εἰς
3589 3767 3681 3819 τὸν
3713 3768 3883 3820 αἰῶνα
3917 3769 3998 3838 μέ-

2442 3876 2553 3912 νεν
2590 3860 2684 3913 καὶ
2720 3858 2857 3929 αὕτη
2893 3859 3113 3926 γέγονεν
3151 3859 3182 3926 ἡ
3228 3855 3376 3927 παρά
3412 3856 3504 3909 σοῦ
3543 3859 3671 3926 περὶ
3704 3858 3868 3912 αὑτοῦ
3899 3859 3996 3911 δια-

2445 3949 2603 4020 θήκη.
2671 3949 2807 4002 Ἀλλ’
2840 3948 3192 4020 ἐσταύρωσαν
3224 3946 3385 4001 αὑτὸν
3427 3948 3695 4011 Ἰουδαῖοι,
3747 3951 3841 4002 καὶ
3883 3965 3996 4002 κατ-

2445 4041 2693 4113 ελογίσθη
2724 4041 2860 4111 μετὰ
2879 4043 3103 4113 νεκρῶν.
3125 4041 3364 4094 nemo:
3383 4041 3510 4110 γὰρ,
3536 4041 3688 4111 φησὶ,
3716 4043 3813 4095 καὶ
3835 4045 4002 4094 istau-

2446 4134 2590 4207 ρώθη
2611 4153 2623 4164 ·
2648 4134 2840 4188 οὐκοῦν
2871 4133 3279 4202 κατέστρεψας
3301 4132 3414 4200 τὴν
3437 4133 3728 4200 διαθήκην
3754 4133 3861 4186 τοῦ
3882 4133 3997 4186 δούς

2442 4230 2557 4280 λου
2597 4240 2732 4279 σου.
2819 4223 3218 4290 Ἐὄεόήλωσας
3247 4227 3335 4291 εὶς
3367 4223 3481 4291 τὴν
3510 4223 3628 4293 γῆν
3657 4224 3722 4277 τὸ
3757 4225 4000 4292 ariae/Ia

2443 4317 2647 4371 αὐτοῦ.
2683 4318 2948 4389 Ἐῤῥιψας
2968 4359 2982 4383 ,
3012 4317 3204 4387 φησὶν,
3238 4319 3316 4380 εἰς
3340 4316 3437 4387 τὴν
3463 4317 3566 4385 γῆν
3599 4317 3698 4384 τὴν
3731 4317 3890 4383 δόξαν
3920 4317 4000 4368 αὖ·

2444 4408 2568 4462 τοῦ·
2606 4409 2681 4472 ὡς
2728 4409 2836 4479 γὰρ
2867 4405 2999 4480 ἧκεν
3045 4410 3124 4471 εἰς
3172 4408 3232 4461 τὸ
3263 4407 3475 4472 παθεῖν,
3527 4407 3676 4476 ψιλὸς
3736 4408 3999 4479 άνθρωπης

788 4505 890 4549 est.
920 4492 1022 4547 Sed
1058 4508 1164 4546 non
1200 4492 1458 4546 remansit
1486 4501 1737 4544 mortuus
1766 4529 1782 4555 ,
1813 4489 1902 4557 qui
1935 4489 2073 4543 inter
2101 4498 2339 4543 mortuos

2446 4501 2699 4572 ἐνομίσθη
2729 4504 2838 4565 τοῖς
2873 4501 3202 4572 παρανόμοις
3245 4501 3534 4563 Ἰουδαίοις.
3587 4500 3728 4552 Ἀλλ’
3759 4501 3820 4553 οὐ
3848 4501 3998 4570 μεμέ-

791 4588 925 4641 liber
963 4585 1095 4649 fuit,
1143 4584 1296 4653 juxta
1342 4582 1621 4650 Prophetas
1656 4596 1841 4636 vocem
1861 4580 1904 4610 "
1937 4598 1949 4633 :
1986 4596 2161 4650 neque
2206 4580 2344 4634 inia-

792 4680 955 4733 miam
986 4679 1144 4732 ullam
1176 4675 1477 4745 conspersit
1515 4676 1614 4744 ipsi
1647 4676 1828 4744 passio
1868 4674 2024 4744 ejus;
2063 4677 2172 4729 imo
2215 4691 2342 4729 vero

793 4770 1016 4838 gloriam
1057 4769 1235 4838 potius
1281 4767 1518 4837 accepit,
1575 4767 1701 4835 quia
1738 4767 2032 4836 prostravit
2082 4782 2205 4822 eum
2247 4767 2340 4837 qui

794 4861 1076 4931 imperium
1111 4860 1339 4914 habebat
1384 4858 1572 4913 mortis
1601 4857 1668 4921 ⁸³,
1716 4858 1768 4911 id
1816 4867 1898 4913 est
1948 4857 2246 4922 diabolum,
2290 4868 2344 4913 et

793 4948 1036 5012 liberavit
1085 4946 1360 5001 hominum
1407 4961 1597 5016 genus.
1653 4944 1921 5002 Caeterum
1964 4963 2027 5002 ea
2058 4963 2178 5017 qua:
2216 4957 2345 5002 tunc

794 5039 1105 5092 acciderunt
1135 5038 1455 5092 annuntiant
1484 5037 1780 5107 prophetae.

866 5131 952 5182 41.
992 5128 1302 5182 Destruzisti
1331 5144 1503 5181 omnes
1528 5145 1667 5197 sepes
1699 5130 1831 5197 ejus.
1879 5127 2044 5198 Sepes
2076 5139 2129 5183 et
2157 5131 2345 5200 prasi-

794 5222 879 5273 dia
911 5230 1126 5274 sanctos
1156 5221 1429 5288 apostolos
1449 5220 1614 5283 dicit,
1644 5222 1736 5288 qui
1762 5261 1776 5284 ,
1805 5222 1896 5275 illo
1932 5221 2190 5278 derelicto
2213 5263 2225 5282 ,
2260 5221 2346 5275 fu-

797 5321 986 5376 gerunt
1017 5326 1204 5364 unines
1241 5320 1386 5365 metu
1416 5313 1645 5380 perculsi
1677 5313 1741 5374 ⁸⁸,
1773 5327 1835 5367 ac
1867 5321 2148 5382 propterea
2175 5314 2340 5369 dicit:

798 5403 1030 5458 Posuisti
1057 5405 1301 5472 prtesidia
1329 5405 1439 5472 ejus
1468 5406 1813 5475 formidinem.

871 5582 955 5647 ιε,
989 5581 1074 5635 45.
1127 5581 1466 5651 Diripuerunt
1512 5600 1631 5636 eum
1806 5583 2116 5655 ertiﬁeasti
2167 5604 2340 5642 omnes

2447 4610 2577 4662 νηκε
2609 4593 2832 4663 νεκρὸς,
2881 4595 2909 4645 ὁ
2961 4594 3017 4644 ἐν
3045 4596 3256 4663 νεκροῖς
3290 4592 3570 4662 ἐλεύθερος
3599 4593 3745 4645 κατὰ
3787 4592 3883 4663 τὴν
3920 4591 3998 4644 τοῦ

2449 4685 2725 4756 προφήτην
2776 4686 2987 4756 φωνήν
3022 4684 3145 4737 οὔτε
3200 4684 3305 4755 μὴν
3337 4683 3550 4748 ἀδοξίαν
3581 4684 3699 4736 τινὰ
3732 4683 3998 4754 προσετρέ-

2447 4775 2584 4844 ψατο
2614 4775 2674 4827 τὸ
2706 4775 2873 4838 πάθος
2917 4775 3063 4845 αὑτῷ
3085 4815 3100 4838 ,
3135 4775 3247 4828 ἀλλ’
3279 4774 3535 4842 ἐδοξάσθη
3572 4773 3772 4843 μᾶλλον
3811 4775 3894 4828 διὰ
3921 4773 3998 4826 τοῦ

2449 4867 2792 4939 καταργῆσαι
2817 4869 2906 4920 τὸν
2938 4868 2996 4921 τὸ
3020 4868 3216 4938 κράτος
3244 4866 3432 4936 ἔχοντα
3463 4867 3556 4920 τοῦ
3585 4866 3839 4929 θανάτου,
3870 4883 4000 4920 τουτ-

2451 4959 2564 5012 έστι
2619 4959 2710 5012 τὸν
2751 4958 3016 5023 διάϐολον,
3051 4960 3144 5012 καὶ
3188 4958 3549 5028 ἐλευθερῶσαι
3576 4959 3682 5013 τῶν
3715 4960 4000 5031 ἀνθρώπων

2450 5049 2509 5102 τὸ
2533 5049 2705 5116 γένος.
2763 5050 2907 5119 Πλὴν
2947 5051 3013 5103 τὰ
3046 5050 3429 5122 συμϐεϐηκότα
3458 5053 3618 5118 φασὶν
3640 5053 3686 5103 οἱ
3722 5051 3996 5122 προφῆται.

2522 5139 2801 5202 Καθεῖλες
2830 5140 3059 5206 πάντας
3093 5140 3231 5205 τοὺς
3275 5143 3581 5210 φραγμοὺς
3619 5142 3828 5196 αὑτοῦ.
3877 5142 3998 5208 Φρα-

2451 5230 2621 5299 γμοὺς
2653 5230 2814 5283 αὑτοῦ
2849 5232 2943 5284 καὶ
2975 5231 3305 5302 ὀχυρώματα
3325 5235 3451 5297 τοὺς
3475 5235 3662 5302 ἁγίους
3688 5234 3999 5292 ἀποστόλους

2452 5320 2636 5388 φησὶν,
2667 5321 2714 5374 οἳ
2749 5323 2859 5384 καὶ,
2894 5322 3090 5385 πάντες
3120 5324 3347 5392 ἀφέντες
3380 5325 3538 5378 αὑτὸν
3557 5367 3571 5388 ,
3595 5325 3795 5392 ἔφυγον
3825 5324 3999 5378 δειλιάι

2454 5428 2640 5476 σαντες
2664 5430 2676 5443 ·
2709 5415 2800 5467 καὶ
2823 5414 2910 5467 διὰ
2938 5414 3093 5468 τοῦτό
3119 5433 3279 5486 φησιν
3303 5434 3315 5447 ·
3374 5419 3545 5471 Ἔθσυ
3567 5418 3639 5470 τὰ
3671 5417 3998 5487 ὀχιφώματα

2452 5505 2636 5558 αὐτοῦ
2660 5504 2905 5560 δειλίαν.

2524 5595 2846 5665 Διήρπαζον
2863 5601 3049 5652 αὐτόν
3078 5638 3087 5647 .
3123 5638 3136 5651 .
3168 5637 3182 5653 .
3215 5639 3226 5652 .
3263 5642 3276 5656 .
3297 5601 3606 5668 Εὔφρων-ας
3629 5600 3854 5667 πάντας
3878 5597 3999 5664 τοὺς

867 5696 914 5729 ⁵⁸
945 5696 1410 5760 Psal.cxxxl,1l.
1493 5700 1533 5730 ⁸³
1575 5698 1726 5753 Rom.
1758 5716 1873 5766 vm,
1909 5703 1995 5756 32.
2071 5706 2115 5735 "
2157 5704 2339 5761 Psal.l

2447 5727 2576 5779 xru,
2611 5713 2662 5767 6.
2742 5715 2786 5747 ⁵³
2832 5713 2993 5768 llehr.
3031 5731 3087 5778 ll,
3125 5715 3208 5769 Η.
3287 5716 3331 5749 ⁸⁸
3365 5714 3550 5770 Matth.
3597 5733 3744 5782 xxvi,
3783 5716 3870 5773 56.

871 5788 980 5857 (40)
1018 5785 1357 5842 Desideratur
1387 5788 1482 5852 ὡς.
1515 5788 1674 5846 Eutr.
