4094 6312
149 358 248 416 595

1153 360 1506 416 EXPOSITIO
1548 360 1617 414 IN
1651 359 1980 415 PSALMUM
2024 358 2353 415 LXXXVI”.

3253 356 3358 418 394

149 479 388 548 ἐχθροὺς
422 480 627 534 αὑτοῦ.
685 482 938 552 Ἔχαιρον
987 499 1094 553 γαρ
1144 484 1235 537 καὶ
1279 485 1520 538 ἑπέσειον
1560 483 1703 553 αὐτῷ

1812 485 2042 537 inimicos
2069 485 2202 552 ejus.
2239 481 2554 536 Gaudebant
2605 483 2745 537 enim
2780 491 2833 535 et
2869 484 3153 540 movebant
3181 487 3354 557 capit)

149 569 238 631 τὰς
265 569 502 638 κεφαλὰς
527 610 541 634 ,
571 571 802 642 ὁρῶντες
832 571 991 624 αὐτὸν
1020 573 1111 626 ὲπὶ
1143 572 1295 638 ξύλου
1338 575 1699 645 κρεμάμενον.

226 661 633 730 Ἀπὲστρεψας
673 662 783 731 τὴν
805 664 1111 732 ,βοήθειαν
1141 665 1250 734 τῆς
1273 667 1570 736 ῥομφαίας
1601 668 1705 720 αὐ-

147 754 267 807 τοῦ.
313 756 528 826 Ἐπειδὴ
554 755 734 820 ἀξίους
765 757 918 820 ὄντας
951 759 1048 829 τὴν
1079 760 1308 829 ἐσχάτην
1340 760 1493 829 δίκην
1522 761 1702 812 ἀποτί-

151 861 234 898 σαι
278 848 404 910 τοὺς
449 847 865 919 σταυρώσαντας
894 851 984 903 τὸν
1036 853 1291 922 μονογενῆ
1323 852 1416 904 τοῦ
1447 852 1577 904 θεοῦ
1613 852 1705 904 καὶ

149 937 356 1008 Πατρὸς
385 939 511 992 Υἰὸν
542 940 602 992 ού
636 941 1001 1011 τετιμώρηται
1044 946 1379 1014 παραχρῆμα
1399 986 1420 1014 ,_
1446 947 1547 1014 ⁸διὰ
1581 947 1706 999 πο).-

148 1029 238 1100 λὴν
273 1030 677 1102 φιλανθρωπίαν
707 1036 891 1105 καιρὸν
921 1012 1239 1104 μετανοίας
1381 1012 1468 1091 δίᾶ
1520 1037 1708 1107 βαπτί-

150 1138 368 1192 σματος,
403 1125 495 1177 καὶ
527 1126 709 1187 αὐτοῖς
739 1126 1087 1198 χαριζόμενος
1109 1144 1120 1156 ·
1150 1128 1337 1182 τούτου
1387 1131 1543 1200 χάριν
1573 1133 1707 1183 ἁπο-

151 1216 372 1286 στρέῲαι
415 1217 627 1285 λέγεται
661 1217 757 1289 τὴν
790 1219 1036 1290 βοήθειαν
1067 1222 1163 1292 τῆς
1216 1223 1482 1293 ῥομφαίας
1521 1222 1704 1276 αὑτοῦ.

150 1307 215 1357 Τὸ
238 1307 320 1369 δὲ,
352 1306 756 1377 ἀπέστρεψας,
789 1309 936 1374 άντὶ,
972 1310 1223 1381 ἐπέσχες.

210 1398 567 1466 Κατέλυσας
615 1401 732 1454 ἀπὸ
770 1403 1136 1471 καθαρισμοῦ
1169 1403 1371 1457 αὑτοῦ.
1408 1403 1514 1469 Τὸ,
1570 1421 1708 1457 κατ-

150 1490 392 1555 ἐλυσας,
411 1491 530 1544 ἀντὶ
559 1493 672 1555 τοῠ,
704 1495 1062 1565 κατήνεγκας.
1084 1496 1438 1566 Κατήνεγκας
1467 1492 1579 1559 οὖν,
1609 1515 1711 1567 φη-

153 1585 258 1646 σὶν,
293 1586 416 1655 ἦτοι
443 1586 854 1655 παρεσκεύασας
886 1588 967 1650 είς
997 1586 1056 1639 τὸ
1089 1588 1468 1652 πιστεύεσθαι,
1501 1590 1580 1643 ὅτι
1611 1607 1710 1642 κα-

153 1675 307 1746 θαρός
346 1678 514 1730 ἐστιν.
579 1677 868 1750 Ἐπενοήθη
898 1679 1004 1752 γὰρ
1030 1675 1166 1734 εἶναι
1202 1683 1434 1753 πονηρὸς
1459 1723 1472 1746 ,
1517 1683 1607 1735 καὶ
1639 1683 1713 1746 ὡς

153 1768 468 1838 ἁμαρτωλὸς
500 1769 796 1841 κατεκρίθη
823 1810 837 1832 ,
886 1770 984 1823 καὶ
1014 1772 1082 1824 ἐν
1113 1771 1234 1837 τοῖς
1287 1773 1526 1841 ἀνόμοις
1581 1774 1713 1826 ἑλο-

1806 588 1925 638 sua,
1956 575 2198 627 videntes
2225 588 2347 626 eum
2377 573 2428 624 in
2459 573 2601 642 ligno
2641 573 2960 642 pendentem
2978 576 3044 630 ".

1875 667 1961 720 44.
2021 666 2265 718 Avertisti
2311 665 2636 732 adjutorium
2682 665 2847 735 gladii
2896 668 3027 731 eius.
3089 668 3357 733 Quoniam

1804 773 1899 812 eos
1924 759 2016 827 qui
2049 757 2381 826 unigenitum
2414 754 2506 810 Dei
2539 765 2590 810 et
2632 753 2808 811 Patris
2844 756 3038 810 Filium
3074 757 3360 813 crucilixc-

1807 856 1956 910 runt,
1996 857 2236 901 extremo
2273 845 2540 916 supplicio
2569 847 2796 916 dignos,
2848 862 2956 901 non
2997 849 3177 902 statim
3214 850 3360 902 ultus

1805 949 1922 998 est;
1959 939 2051 994 sed
2081 953 2175 1008 per
2209 954 2474 993 summam
2502 938 2836 992 clementiam
2863 947 3073 1008 tempus
3099 940 3360 1010 paeniten-

1809 1033 1896 1087 tiae
1925 1047 2018 1102 per
2043 1031 2369 1100 baptismum
2394 1031 2537 1085 dedit
2566 1029 2706 1095 illis;
2756 1031 2875 1085 ideo
2921 1030 3051 1085 dicit
3101 1030 3362 1086 avertisse

1808 1125 2133 1192 adiutorium
2160 1124 2318 1194 gladii
2347 1124 2462 1191 ejus
2490 1140 2503 1187 ;
2537 1123 2666 1177 illud
2696 1131 2897 1187 autem,
2929 1125 3186 1186 avertisti,
3218 1123 3363 1178 acci-

1810 1219 1950 1288 pitur
1983 1231 2099 1287 pro,
2130 1215 2418 1270 retinuisti.

1880 1396 1969 1450 45.
2005 1395 2326 1448 Destruxisti
2365 1409 2480 1446 eum
2515 1392 2578 1445 ab
2617 1391 3000 1447 emundatlone.
3057 1389 3187 1444 Illud
3211 1427 3226 1451 ,
3269 1389 3360 1440 dc—

1812 1485 2075 1552 struxisti,
2111 1500 2230 1554 pro,
2263 1482 2523 1555 dejecisti,
2557 1484 2792 1553 positum
2824 1493 2926 1546 est,
2959 1482 3007 1536 id
3039 1488 3141 1547 est,
3183 1482 3360 1550 pmvi-

1814 1578 1938 1632 disti
1991 1586 2049 1631 ut
2095 1577 2403 1631 crederetur
2445 1590 2634 1645 purus.
2698 1573 2832 1627 Nam
2862 1573 3121 1643 putabant
3159 1573 3360 1625 malum

1812 1685 1952 1734 esse,
1987 1680 2039 1722 et
2070 1667 2225 1738 quasi
2256 1676 2506 1736 peccator
2535 1667 2820 1720 damnatus
2850 1673 2961 1728 est,
3009 1675 3058 1718 et
3106 1665 3238 1717 inter
3261 1665 3363 1716 iui-

1813 1780 1942 1833 quos
1967 1770 2237 1830 reputatus
2267 1760 2335 1814 ⁸⁸.
2369 1758 2634 1812 Thronum
2659 1759 2770 1828 ejus
2789 1759 2845 1810 in
2876 1767 3069 1810 terram
3097 1755 3359 1808 collisisti.

154 1861 346 1926 γ’σθη.
379 1856 488 1912 Τὸν
505 1839 720 1926 θρόνον
739 1839 923 1913 αὑτοῦ
941 1862 1028 1926 εις
1047 1860 1161 1928 τὴν
1179 1859 1296 1929 γῆν
1321 1839 1706 1930 καντέρῤαξας.

1812 1855 1946 1922 Quia
1975 1854 2265 1909 carnaliter
2291 1867 2486 1921 passus
2512 1861 2614 1912 est,
2649 1860 2701 1904 et
2734 1848 2910 1904 lactus
2937 1857 3022 1903 est
3049 1848 3189 1902 inter
3216 1863 3364 1900 mor-

164 1951 374 2019 Ἐπειδὴ
409 1951 642 2004 πέπονθε
678 1952 981 2022 σαρκικῶς,
1030 1953 1124 2005 καὶ
1162 1953 1383 2020 γέγονεν
1411 1956 1469 2007 ὲν
1501 1958 1710 2026 νεκροῖς

155 2043 451 2114 ἐλεύθερος·
483 2043 797 2114 νομίσαντες
822 2047 869 2097 οί
904 2045 1343 2114 σταυρώσαντες,
1398 2047 1478 2100 ὅτι
1510 2065 1711 2101 πεπον-

153 2133 252 2198 θὼς
280 2135 600 2206 συνεστάλη,
625 2136 720 2189 καὶ
750 2136 1022 2190 πέπαυται
1056 2137 1149 2191 τοῦ
1174 2139 1269 2192 καὶ
1288 2139 1425 2203 ὅλως
1451 2135 1588 2194 εἶναι
1618 2140 1711 2194 καὶ

152 2224 537 2295 ὀνομάζεσθαι·
571 2227 656 2280 διὰ
677 2226 831 2280 τοῦτο
862 2228 960 2292 τάς
984 2229 1092 2282 τῶν
1119 2230 1540 2301 σταυρωσάντων
1581 2232 1710 2284 ὑπο-

153 2316 292 2380 νοίας
323 2318 669 2390 διερμηνεύει
700 2321 905 2391 λέγων·
969 2321 1080 2376 Τὸν
1128 2325 1342 2391 θρόνον
1391 2324 1577 2378 αὐτοῦ
1625 2327 1711 2391 εἰς

153 2408 258 2476 τήν
281 2409 403 2479 γῆν
431 2412 814 2480 κατέρραξας.

220 2503 367 2566 Ἕως
391 2504 554 2567 πότε,
584 2505 776 2572 Κύριε,
804 2505 1151 2574 ἀποστρέφῃ
1181 2509 1267 2572 εις
1295 2507 1485 2573 τέλος,
1509 2508 1712 2562 ἐκκαυ-

155 2589 392 2657 θήσεται
423 2593 504 2657 ὼς
534 2592 723 2661 πῦρ·ή
756 2593 898 2663 ὀργή
930 2610 1076 2657 σου;
1105 2593 1378 2660 Τουτὲστι,
1412 2597 1588 2669 Μέχρι
1629 2596 1710 2650 τί·

155 2699 234 2747 νος
267 2675 477 2754 ἰσχύσει
516 2683 586 2737 τά
616 2684 721 2738 τῶν
775 2686 1038 2740 Ἰουδαίων
1065 2688 1385 2758 τολμήματα
1407 2727 1420 2750 ,
1453 2690 1711 2742 ὲπισπου-

153 2772 414 2837 δαζόντων
457 2774 556 2844 τὴν
604 2774 696 2827 τοῦ
749 2777 1081 2843 Μονογενοῦς
1133 2779 1226 2830 καὶ
1263 2777 1513 2848 Σωτῆρος
1555 2777 1712 2849 ἡμῶν

155 2863 488 2934 σταύρωσινς
549 2864 606 2917 Ὁ
633 2863 689 2916 δὲ
719 2865 1040 2935 Σύμμαχοςο
1105 2867 1251 2930 Ἕως
1287 2869 1477 2933 τίνος,
1513 2871 1710 2937 Κύριε,

153 2954 541 3022 ἀποκρυϐήσῃ
567 2957 653 3022 εὶς
679 2956 877 3023 τέλος,
906 2957 1268 3027 φλεγήσεται
1296 2961 1374 3025 ὼς
1410 2959 1528 3028 πῦρ
1553 2963 1585 3014 ὀ
1613 2964 1712 3015 θυ-

144 3046 255 3112 μός
286 3062 442 3109 σου;
473 3047 647 3119 Μέχρι
677 3049 820 3113 τίνος
841 3091 854 3112 ,
892 3052 1043 3121 φησὶ.
1080 3051 1352 3117 Δέσποτα,
1382 3054 1480 3107 οὐκ
1510 3053 1712 3117 ἐθέλεις

155 3135 276 3239 ίθείν
309 3136 410 3199 τὰς
456 3139 729 3210 ἡμετέρας
753 3140 940 3203 ὀδύνας
961 3181 974 3204 ,
1004 3142 1112 3194 οὐδ’
1147 3143 1404 3215 ὲπιφαίνη
1450 3145 1543 3197 καὶ
1569 3141 1712 3208 λύεις
1737 3180 1780 3239 C

150 3228 240 3292 τὰς
269 3230 556 3299 συμφοράς
578 3245 592 3260 ·
615 3231 751 3284 άλλά
779 3231 1025 3304 καθάπερ
1048 3231 1159 3303 πῦρ
1181 3234 1280 3305 τὴν
1303 3235 1468 3304 ὀργὴν
1492 3239 1557 3307 τῇ
1583 3239 1711 3307 μνή-

151 3336 224 3391 μῃ
251 3322 537 3394 ἡμετέρων
569 3323 893 3395 ἁμαρτάδων
925 3324 1196 3391 ἑκκαίεις;

214 3412 528 3482 llr-rivom:
577 3415 666 3481 τίς
686 3433 805 3484 μου
850 3417 888 3484 ἡ
924 3417 1276 3484 ὑπόστασις.
1353 3419 1467 3472 Ἐπ’
1500 3418 1709 3491 ἀφθαρ-

149 3504 262 3574 σίᾳ,
300 3507 475 3575 φησι,
509 3507 599 3559 τὸν
630 3507 911 3579 ἄνθρωπον
945 3510 1276 3581 πεποίηκας,
1303 3511 1396 3563 καὶ
1424 3512 1542 3564 κατ’
1574 3511 1713 3564 εἰκό-

147 3611 210 3647 να
237 3596 342 3667 τὴν
375 3597 474 3667 σὴν
513 3597 748 3661 ἔπλασας
777 3599 935 3652 αὐτόν
955 3617 968 3629 ·
1027 3600 1160 3653 ἀλλὰ
1187 3602 1407 3669 γέγονεν
1445 3602 1550 3655 ὑπὸ
1585 3603 1713 3672 φθο-

147 3684 241 3752 ράν
273 3686 337 3750 ἐξ
377 3687 618 3757 ἀπάτης,
641 3687 820 3758 φησίν.
845 3688 1049 3742 Οὐκοῦν
1080 3689 1176 3760 τὴν
1203 3691 1506 3763 ἀφθαρσίαν
1535 3694 1713 3757 ἐπίδος

146 3773 227 3828 ἶνα
257 3775 564 3842 σώζωνται,
593 3776 837 3849 καθάπερ
865 3778 1102 3850 ἐπλάσθη
1138 3774 1197 3833 τὸ
1227 3781 1452 3852 ποίημα.

211 3953 311 4019 Τίς
333 3955 516 4008 ἐστιν
540 3953 845 4021 ἅνθρωπος
869 3957 937 4022 ὃς
964 3954 1199 4023 ζήσεται
1230 3961 1325 4014 καὶ
1357 3964 1468 4015 οὐκ
1506 3962 1712 4031 ὄψεται

139 4041 440 4106 mirator;
469 4044 692 4108 Οὐδεὶς,
725 4047 915 4117 φησὶν,
946 4046 1066 4102 οὔτε
1085 4048 1313 4104 θανάτου
1331 4053 1591 4122 κρείττων
1619 4071 1711 4122 γε-

137 4134 381 4204 νήσεται,
405 4135 534 4189 οὔτε
561 4137 665 4209 μὴν
685 4136 753 4190 ἐκ
774 4138 970 4206 χειρὸς
992 4139 1138 4206 ᾅδου
1164 4141 1277 4209 τὴν
1300 4143 1508 4213 ψυχὴν
1527 4145 1726 4199 αὐτοῦ·

129 4225 408 4290 ῥύσεται.
435 4229 487 4280 εί
520 4227 596 4299 μὴ
623 4228 710 4292 σὺ,
733 4229 913 4300 φησὶν,
938 4225 982 4282 ὧ
1006 4231 1268 4297 Δέσποτα,
1303 4233 1400 4305 τὴν
1423 4235 1712 4288 ἀνάστασιν

135 4315 354 4386 ιπιδῷς.

193 4410 321 4464 Ποῦ
349 4412 480 4464 εισι
511 4409 584 4462 τὰ
625 4409 762 4478 ἐλέη
788 4429 904 4466 σου
945 4411 1018 4466 τὰ
1047 4412 1288 4483 ἀρχαῖα,
1318 4415 1532 4483 Κύριε;
1590 4417 1711 4487 Ἀρ-

1812 1958 1933 2002 tuos
1962 1945 2116 2008 liber,
2156 1943 2256 1997 rati
2296 1943 2388 2013 qui
2425 1942 2806 1996 erucilixei‘unt
2844 1954 3003 2003 eum,
3043 1953 3361 2008 oppressura

1812 2035 1982 2092 fuisse
2005 2050 2101 2105 per
2143 2033 2472 2105 passionem,
2526 2048 2589 2087 ac
2616 2031 2839 2086 omnino
2866 2031 3026 2086 linem
3074 2030 3363 2085 exsistendi

1811 2127 2003 2184 fecisse
2034 2142 2133 2182 nec
2158 2127 2296 2180 ultra
2324 2124 2711 2179 nominandum
2749 2121 2894 2176 fore:
2931 2122 3052 2176 ideo
3073 2121 3361 2191 PrOpIieta,

1812 2234 2002 2274 eorum
2047 2219 2138 2288 qui
2171 2217 2559 2273 cruciﬁxerunt
2606 2213 3061 2270 existimationem
3096 2214 3363 2283 interpre—

1812 2317 1955 2364 tatur
1981 2309 2165 2364 dicens
2193 2327 2206 2362 :
2242 2306 2505 2360 Thronum
2531 2306 2643 2375 ejus
2669 2306 2722 2358 in
2755 2315 2947 2359 terram
2969 2305 3230 2360 collisisti.

1875 2510 1964 2564 47.
1999 2507 2291 2579 Usquequo,
2323 2505 2574 2570 Domine,
2618 2507 2806 2560 avertis
2832 2507 2889 2559 in
2927 2505 3110 2574 ﬁnem,
3153 2506 3366 2558 exarde-

1810 2610 1916 2656 scet
1959 2602 2093 2654 sicut
2127 2602 2263 2670 ignis
2298 2601 2382 2652 ira
2418 2600 2554 2653 tua?
2613 2598 2668 2653 ld
2695 2607 2796 2663 est,
2833 2595 3124 2668 Usquequo
3150 2595 3365 2652 Judaeu-

1811 2709 1932 2749 rum
1965 2707 2132 2748 ausus
2171 2692 2570 2762 praevalebunt,
2618 2692 2710 2760 qui
2735 2699 2928 2745 curant
2956 2699 3014 2743 ut
3043 2688 3363 2759 Unigenitus

1811 2794 1865 2840 et
1893 2783 2140 2839 Salvator
2162 2791 2343 2837 noster
2364 2780 2746 2850 cruciligatur?
2768 2779 3125 2850 Symmachus
3146 2788 3323 2832 autem
3348 2798 3359 2831 :

1816 2875 2088 2946 Usquequo
2113 2915 2128 2939 ,
2158 2873 2412 2941 Domine,
2456 2872 2785 2927 absconderis
2831 2872 2886 2924 in
2917 2871 3102 2940 ﬁnem,
3148 2869 3365 2922 exaret:—

1811 2979 1914 3022 scet
1948 2978 2005 3021 ut
2030 2967 2166 3037 ignis
2192 2967 2344 3036 furor
2371 2976 2490 3019 tuus
2510 2967 2534 3019 .9
2552 2965 2862 3035 Usquequo,
2894 2963 3090 3034 inquit,
3120 2961 3366 3027 Domine,

1813 3075 1920 3116 non
1947 3059 2030 3114 vis
2062 3059 2330 3128 respicere
2374 3057 2591 3112 dolores
2632 3066 2872 3122 nostros,
2928 3070 3102 3125 neque
3142 3070 3368 3126 apparzs

1812 3163 1866 3209 et
1892 3153 2040 3209 eruis
2070 3166 2170 3207 nos
2203 3166 2234 3205 a
2261 3149 2694 3215 calamitatibus;
2740 3147 2833 3203 sed
2858 3147 3012 3217 quasi
3061 3145 3200 3216 ignis
3232 3149 3365 3200 iram

1814 3256 1962 3302 tuam
2003 3261 2098 3315 per
2149 3251 2496 3314 peccatorum
2547 3251 2860 3299 nostrorum
2910 3241 3225 3296 memoriam
3278 3257 3368 3294 ac-

1813 3337 2036 3393 cendis?

1879 3425 1968 3482 48.
2018 3425 2307 3481 Memorare
2348 3441 2462 3497 qua:
2498 3442 2610 3480 mea
2639 3425 2956 3482 substantia.
3021 3426 3078 3480 In
3125 3427 3373 3481 incorru-

1814 3519 2018 3592 ptione,
2065 3519 2261 3590 inquit,
2308 3519 2581 3575 hominem
2629 3518 2843 3585 fecisti,
2881 3528 2935 3574 et
2983 3519 3050 3575 ad
3081 3519 3368 3590 imaginem

1813 3621 1962 3668 tuam
2008 3611 2254 3668 formasti
2299 3626 2463 3674 eum;
2522 3611 2614 3666 sed
2651 3610 2841 3668 fraude
2889 3613 3290 3667 circumventus
3319 3612 3370 3664 iu

1815 3704 2216 3773 corruptionem
2254 3701 2473 3757 decidit.
2521 3700 2706 3772 Itaque
2736 3704 2862 3758 dato
2897 3704 2974 3757 illi
3004 3702 3368 3772 incorruptio-

1815 3811 1959 3860 nem,
1993 3804 2053 3849 ut
2088 3795 2315 3850 salutem
2343 3804 2742 3866 consequatur,
2763 3797 2832 3851 'in
2851 3811 3008 3868 quem
3035 3795 3198 3851 linem
3230 3809 3369 3864 opus

1816 3886 1945 3941 illud
1980 3884 2227 3941 elfectum
2262 3895 2366 3941 est.

1886 3979 1973 4034 49.
2009 3977 2139 4044 Quis
2162 3988 2235 4032 est
2260 3978 2412 4032 homo
2437 3979 2526 4047 qui
2549 3977 2744 4030 vivetet
2771 3992 2871 4028 non
2893 3975 3084 4031 videbit
3112 3988 3325 4032 mortem
3349 3980 3374 4032 ἒ

1817 4067 2007 4134 Nemo,
2043 4069 2254 4139 inquit,
2282 4076 2376 4122 aut
2403 4076 2576 4122 morte
2600 4067 2845 4136 superior
2871 4068 3006 4133 erit,
3036 4078 3130 4123 aut
3156 4070 3373 4123 redime:

1817 4161 2048 4214 animam
2070 4176 2219 4214 suam
2246 4159 2309 4214 de
2340 4176 2498 4213 manu
2528 4158 2719 4228 inferi,
2754 4158 2861 4214 nisi
2885 4165 2944 4212 tu
2965 4199 2980 4226 ,
3023 4160 3219 4230 inquit,
3268 4159 3372 4212 Do-

1817 4253 1980 4321 mine,
2013 4254 2469 4309 resurrectionem
2493 4251 2853 4309 concesseris.

1885 4412 1973 4467 50.
2010 4411 2107 4465 Ubi
2133 4420 2253 4465 sunt
2279 4411 2653 4464 misericordiae
2688 4419 2792 4464 tua:
2826 4410 3074 4481 antique,
3106 4408 3373 4465 Domine!

133 4505 254 4569 χαῖα
281 4502 420 4573 euq
453 4499 554 4554 τοῦ
583 4500 736 4562 Θεοῦ,
773 4504 956 4571 φησὶν,
992 4506 1025 4574 ἡ
1054 4505 1158 4574 πρὸ
1184 4505 1486 4577 καταϐολῆς
1512 4507 1712 4577 κόσμου

1816 4504 2079 4574 Antiquas
2129 4503 2224 4557 Dei
2282 4502 2687 4558 misericordias
2717 4511 2906 4568 vocat,
2968 4502 3368 4556 renovatiouem

133 4592 417 4666 ὡρισμένη
455 4594 542 4654 είς
568 4592 870 4664 ἀφθαρσίαν
901 4596 1354 4667 ἀναστοιχείωσις.

194 4776 535 4843 Πνήσθητι
556 4811 572 4837 ,
605 4773 800 4839 Κύριε,
833 4773 942 4828 τοῦ
978 4774 1316 4846 ὀνειδισμοῦ
1341 4775 1459 4830 τῶν
1483 4777 1723 4859 οούλωνλ

131 4883 259 4925 σου.
306 4866 550 4936 Ἐπειδὴ
572 4865 886 4919 ὠνειδισάν
913 4883 978 4937 με
997 4905 1013 4930 ,
1039 4866 1209 4938 Κύριε
1229 4905 1242 4929 ,
1267 4871 1320 4921 οἱ
1345 4869 1543 4938 ἐχθροί
1571 4886 1702 4936 σου,

1816 4595 1962 4649 illam
1981 4595 2034 4648 in
2061 4594 2538 4664 incorruptionem,
2557 4603 2681 4648 ante
2711 4592 2899 4648 mundi
2929 4590 3371 4646 constitutionem

1817 4687 2110 4742 deﬁnitam.

1889 4781 1979 4836 51.
2012 4779 2214 4834 Memor
2236 4790 2366 4844 esto,
2399 4777 2634 4844 Domine,
2679 4776 2944 4848 opprobrii
2964 4793 3227 4832 servorum
3257 4789 3374 4830 tuo-

1821 4884 1961 4922 rum.
2007 4865 2144 4936 Quia
2183 4868 2355 4931 mihi,
2398 4865 2657 4934 Domine,
2690 4867 3132 4936 exprobrauerunt
3168 4868 3371 4920 inimici

131 4960 438 5028 φάσκοντες
485 4958 701 5026 ψευδεῖς
740 4952 877 5010 εἶναι
908 4958 1007 5021 τὰς
1039 4957 1166 5028 περὶ
1209 4958 1342 5029 ἐμοῦ
1382 4963 1494 5023 τοῖς
1541 4959 1712 5015 ἔθνεσι

1820 4961 1917 5022 tui,
1945 4959 2186 5016 dicentes
2216 4960 2380 5015 falsas
2417 4975 2539 5015 csse
2566 4960 2955 5030 promissiones
2997 4959 3245 5030 gentibus
3272 4961 3375 5014 da-

128 5051 424 5122 δεδομένας
461 5047 829 5116 ἐπαγγελίαςο
884 5041 1042 5102 αὗται
1087 5049 1143 5102 δὲ
1181 5043 1319 5121 ἦσαν
1369 5051 1430 5104 τὸ
1477 5051 1712 5122 σωθῆναι

1817 5062 1901 5108 tas
1951 5068 2074 5123 quae
2114 5069 2202 5108 me
2249 5055 2583 5122 spectabant.
2635 5052 2803 5109 Erant
2838 5066 3016 5109 autem
3045 5053 3150 5107 illm
3176 5052 3370 5122 hujus-

129 5143 277 5208 αὐτὰ,
312 5141 416 5197 καὶ
437 5138 826 5210 ἀπαλλαγῆναι
847 5140 1074 5194 θανάτου
1100 5141 1191 5194 καὶ
1216 5142 1487 5214 ἁμαρτίας
1508 5161 1519 5172 ’
1562 5146 1712 5200 ὠνεί-

1820 5143 2001 5208 modi,
2044 5145 2187 5214 quod
2239 5143 2444 5200 scilicet
2487 5145 2713 5200 salutem
2754 5157 3125 5200 consecutura
3168 5155 3370 5207 essent,

129 5234 268 5288 δισαν
301 5237 364 5288 δὲ
409 5229 736 5302 ἀφορῶντες
768 5233 848 5294 είς
895 5231 985 5286 τὸν
1040 5231 1265 5286 θάνατον
1297 5233 1386 5288 τὸν
1427 5235 1586 5305 ὲμόν·
1621 5239 1712 5291 καὶ

1817 5243 1871 5289 et
1907 5234 2198 5290 liberanda:
2237 5250 2268 5288 a
2302 5247 2477 5290 mor-te
2500 5244 2552 5290 et
2578 5251 2606 5290 a
2633 5245 2870 5306 peccato.
2899 5235 3374 5307 Exprobraverunt

133 5325 391 5392 ματαίους
441 5321 626 5385 αὐτάς
658 5316 796 5374 εἶναι
824 5322 1105 5393 ἀπέφηναν
1125 5340 1137 5352 ·
1173 5323 1359 5377 τούτου
1396 5327 1551 5397 χάριν
1580 5327 1712 5380 αἰτῶ

1819 5334 1997 5381 autem
2024 5365 2038 5389 ,
2075 5336 2303 5382 mortem
2335 5343 2508 5383 meam
2555 5329 2928 5400 respicientes,
2960 5338 3014 5383 et
3037 5341 3202 5382 vanas
3251 5340 3375 5380 esse

133 5432 204 5470 σοι
229 5416 592 5489 μνησθῆναιο
637 5411 704 5466 τὸ
727 5413 835 5484 γάρ
901 5412 1286 5484 ἀντάλλαγμα
1330 5416 1434 5470 τοῦ
1458 5419 1712 5486 Χριστοῦ

1818 5417 2214 5490 promissiones
2244 5417 2362 5476 illas
2402 5421 2764 5475 declararunt.
2827 5419 2951 5476 Ideo
3000 5432 3132 5487 rogo
3177 5427 3266 5483 te,
3313 5429 3375 5471 ut

131 5525 234 5565 σου
259 5508 629 5572 ὠνείδισαν,
661 5505 842 5578 φησίν.
897 5506 996 5576 Εῐη
1023 5507 1078 5561 δὲ
1105 5506 1166 5561 τὸ
1185 5506 1530 5581 ἀντάλλαγμα
1550 5509 1712 5564 αὐτοῦ

1820 5525 2027 5566 memor
2048 5510 2153 5576 sis;
2175 5527 2321 5579 nam,
2340 5512 2534 5583 inquit,
2550 5513 2984 5581 exprobrat-erunt
3005 5509 3373 5564 commutatio-

132 5600 156 5650 ὁ
183 5600 414 5664 θάνατος
453 5596 632 5652 αὑτοῦ
667 5597 758 5649 καὶ
790 5594 849 5648 τὸ
872 5589 1036 5659 αἷμα,
1067 5597 1126 5650 τὸ
1159 5597 1468 5670 ἀντίλυτρον
1499 5601 1712 5673 δεδομέ-

1820 5617 1932 5656 nem
1965 5598 2163 5656 Christi
2196 5603 2289 5656 tui.
2341 5602 2702 5658 Commutatio
2750 5611 2926 5656 autem
2959 5601 3110 5671 ejus,
3162 5598 3373 5654 videtur

193 5779 234 5810 ιι
267 5779 472 5833 Matth.
506 5786 692 5833 ςιγιι,
719 5771 808 5825 59,
879 5774 924 5804 ⁸⁵
964 5770 1065 5825 Isa.
1097 5788 1212 5836 Lm,
1241 5775 1323 5828 I2.

443 5875 727 5933 Ριιτιιοι..
774 5868 890 5931 Gn.
937 5869 1198 5931 XXVII.

2897 5866 2972 5928 13
