4076 6308
721 352 826 411 595

1564 344 1616 398 S.
1661 340 2024 397 ATIIANASII
2062 339 2210 394 OPP.
2255 335 2431 392 PARS
2469 334 2552 391 111.
2595 365 2663 376 ——-
2701 335 3111 394 EXEGETICA.
3830 339 3912 396 395

724 482 845 521 esse
877 477 1022 518 mors
1048 471 1101 517 et
1134 459 1354 530 sanguis
1386 459 1583 528 ipsius,
1625 458 1716 527 qui
1763 457 1922 511 datus
1955 463 2036 510 est
2067 456 2118 509 in
2149 467 2273 525 pre-

2391 467 2462 502 ιον
2488 449 2586 519 τῆς
2613 449 2706 502 τοῦ
2738 450 2938 520 κόσμου
2965 452 3233 520 σωτηρίας
3253 469 3265 482 ο
3289 450 3316 502 ὃ
3347 454 3439 504 καὶ
3467 451 3747 505 ῶνείὸισαυ
3770 491 3784 514 ,
3810 454 3895 508 ὑπο

726 559 860 612 tium
889 570 988 626 pro
1021 553 1204 608 mundi
1251 551 1442 605 salute.
1490 549 1768 618 Ejusmodi
1816 548 2044 617 pretium
2080 548 2152 600 illi
2179 562 2276 601 ex-

726 648 1136 717 probraverunt,
1191 642 1446 711 suspicati
1488 656 1613 695 cum
1666 640 1768 694 sub
1810 641 2000 694 mortis
2056 637 2280 707 imperio

724 740 909 794 fuisse.
971 735 1073 790 Sed
1100 749 1208 787 non
1242 731 1502 786 remansit
1534 732 1586 785 in
1614 746 1676 784 ea
1711 731 1803 801 qui
1852 738 1934 784 est
1969 729 2108 783 inter
2137 741 2282 781 mor-

723 841 847 884 tuos
877 828 1046 890 liber,
1085 825 1177 880 sed
1218 824 1396 893 potius
1437 821 1591 876 tertia
1620 821 1705 874 die
1738 821 2052 875 resurrexit.
2102 816 2281 884 Quare

727 929 898 974 totum
940 918 1189 986 obsignat
1225 914 1494 984 psalmum
1520 913 1573 964 in
1608 913 1718 966 hinc
1751 911 1908 964 verba
1940 907 2237 964 desinendo
2265 926 2277 961 :

799 1010 886 1064 55.
941 1008 1252 1062 Benedictus
1287 1005 1541 1058 Dominus
1585 1005 1640 1056 in
1673 1012 1958 1068 (uernum,
2001 1002 2117 1071 ﬁat,
2162 1001 2279 1069 ﬁat.

725 1101 891 1166 Quasi
919 1100 1159 1154 videlicet
1185 1099 1273 1152 ille
1297 1098 1408 1168 jam
1434 1103 1790 1151 resurrexent
1818 1105 1870 1151 et
1897 1093 2199 1149 ascenderit
2227 1093 2278 1146 in

728 1193 914 1257 melos,
947 1199 1002 1246 et
1022 1190 1334 1244 benedictus
1365 1188 1560 1252 fuerit,
1594 1188 1644 1242 id
1677 1197 1793 1250 est,
1824 1184 2165 1241 confessione
2194 1199 2282 1238 ce-

733 1284 966 1338 lebratus
998 1282 1161 1336 fuerit
1195 1283 1246 1334 in
1276 1280 1469 1334 sazcula
1492 1295 1612 1334 cum
1635 1277 1792 1332 Patre
1822 1294 1941 1334 suo.

869 1377 918 1430 1.
964 1375 1150 1432 Oratio
1185 1374 1380 1444 Moysi:
1414 1373 1639 1426 hominis
1671 1370 1789 1424 Dei.
1824 1368 2136 1422 LXXXIX.

1304 1466 1699 1534 Argumentum.

729 1561 900 1625 lianc,
943 1560 1038 1621 ait,
1077 1558 1378 1613 orationem
1423 1557 1475 1610 in
1505 1557 1719 1610 arcanis
1746 1553 2097 1620 descripsisse
2130 1551 2280 1622 Moy-

798 1668 924 1714 sen,
979 1661 1036 1704 ut
1079 1650 1170 1721 qui
1224 1647 1686 1718 consequentibus
1731 1647 2067 1716 temporibus
2111 1645 2282 1700 futuri

795 1751 950 1799 erant
995 1750 1248 1803 nossent,
1292 1739 1569 1808 quomodo
1615 1747 1886 1808 oporteret
1911 1731 2154 1792 contiteri
2185 1737 2279 1791 deo

2379 543 2740 614 λαμϐάνοντες
2777 543 2937 596 αὑτὸν
2970 543 3336 614 κεκρατῆσθαι
3369 545 3601 614 θανάτῳ.
3678 546 3807 598 Ἀλλ’
3835 549 3915 600 οὐκ

2380 635 2672 705 άπέμεινεν
2701 635 2729 687 ὁ
2756 636 2811 686 ὲν
2841 637 3050 704 νεκροῖς
3077 634 3354 706 ἐλεύθερος
3374 653 3389 668 ο
3423 637 3624 704 ἀνέστη
3651 636 3711 688 δὲ
3747 638 3914 708 μᾶλλον

2381 729 2690 801 τριήμερος.
2723 727 2812 780 Διὸ
2841 728 2932 781 καὶ
2964 727 3340 799 ἐπισφραγίζει
3361 731 3390 783 ὀ
3422 727 3631 798 ψαλμὸς
3659 729 3723 782 τό
3742 745 3754 758 '

2452 1001 2793 1070 Εὐλογητὸς
2819 1002 3030 1069 Κύριος
3060 1005 3146 1068 εις
3184 1001 3289 1056 τὸν
3316 1003 3498 1056 αἰῶνα
3518 1044 3532 1069 ,
3560 1003 3812 1074 γένοιτο,
3837 1008 3918 1077 τέ-

2380 1109 2564 1146 νοιτο.
2615 1091 2699 1154 Ὠς
2724 1090 3048 1155 ἀναστάντος
3077 1093 3177 1163 ἤδη
3212 1094 3376 1146 αὑτοῦ
3407 1095 3498 1147 καὶ
3525 1095 3827 1162 ἀνελθόντος
3856 1102 3922 1162 εἰς

2378 1183 2503 1246 τοὺς
2541 1183 2819 1253 οὐρανοὺς,
2867 1183 2959 1236 καὶ
2987 1183 3400 1254 εὑλογουμένου,
3437 1187 3554 1257 ἦτοι
3600 1187 3926 1258 ἐξομολογου-

2383 1275 2543 1345 μένου
2577 1275 2656 1335 είς
2685 1274 2808 1336 τοὺς
2838 1273 3039 1333 αἰῶνας
3075 1275 3210 1344 μετὰ
3237 1275 3332 1328 τοῦ
3362 1277 3490 1330 ἰδίου
3521 1279 3752 1349 Πατρός.

2415 1362 2730 1433 Προσευχὴ
2761 1364 3056 1429 Μωῦσέως
3080 1365 3390 1434 ἀνθρώπου
3424 1367 3528 1421 τοῦ
3561 1369 3730 1424 Θεοῦ.
3769 1373 3896 1425 ΠΘ’.

3005 1457 3019 1477 ⁹
3034 1459 3338 1526 Υπόθεσις.

2382 1547 2628 1618 Ταύτην,
2657 1549 2820 1618 φησὶ,
2849 1548 2946 1620 τὴν
2980 1550 3283 1622 προσευχὴν
3317 1552 3372 1602 ἐν
3397 1551 3733 1622 ἀπορρήτοις
3760 1553 3932 1621 ἀναγε-

2453 1638 2696 1709 γραφότα
2725 1638 2815 1690 τὸν
2841 1638 3044 1692 Μωσέα
3089 1638 3418 1710 παραδοῦναι
3439 1659 3450 1670 ·
3496 1643 3642 1705 ὅπως
3684 1642 3752 1695 ἂν
3781 1643 3935 1713 έχοιεν

2453 1731 2502 1782 oi
2533 1730 2674 1783 κατὰ
2704 1731 2926 1801 καιροὺς
2953 1729 3181 1795 εἰδέναι,
3218 1730 3335 1794 πῶς
3360 1731 3439 1785 δεῖ
3465 1732 3662 1797 αὐτοὺς
3705 1733 3935 1804 ἐξομολορ

796 1833 974 1903 lapsos
1001 1832 1052 1886 in
1085 1830 1441 1891 calamitates,
1469 1843 1590 1898 qua:
1617 1829 1748 1897 ipsis
1779 1827 1832 1882 in
1856 1828 2113 1882 extremis
2149 1837 2282 1882 tem-

2447 1821 2658 1892 γεῖσθαι
2687 1822 3075 1893 περιπεσόντας
3106 1825 3223 1884 ταῖς
3255 1826 3556 1896 συμφοραῖς
3576 1864 3592 1888 ,
3637 1826 3696 1877 αῖ
3727 1827 3930 1895 γεγόνα-

797 1922 1021 1993 poribus
1070 1919 1418 1982 acciderunt,
1466 1926 1750 1988 postquam
1796 1917 2026 1973 Domino
2070 1917 2285 1973 inobse-

794 2021 1024 2083 quentes
1058 2011 1276 2066 fucrunt
1301 2011 1561 2081 illumque
1604 2011 1936 2066 occiderunt.
1991 2009 2060 2065 Ut
2091 2024 2159 2064 ne
2183 2026 2284 2064 au-

798 2117 904 2164 tete
932 2123 1024 2178 per
1058 2106 1317 2176 temporis
1345 2106 1757 2160 diuturnitatem
1805 2104 2064 2159 oblivioni
2104 2104 2285 2159 trade-

798 2209 969 2262 retur,
1000 2196 1233 2253 Psalmis
1262 2198 1463 2251 iuscrta
1497 2195 1625 2260 fuit,
1655 2195 1844 2264 etjure
1870 2204 1992 2266 post
2015 2195 2284 2264 psalmum

798 2290 1188 2361 octogesimum
1216 2298 1464 2344 octavum
1494 2288 1587 2360 qui
1617 2288 1923 2358 passionem
1963 2285 2178 2341 Domini
2212 2283 2288 2340 si-

800 2382 1040 2452 gnificat.

801 2473 1059 2536 Domine,
1108 2471 1365 2540 refugium
1411 2470 1583 2539 factus
1637 2485 1690 2521 es
1758 2468 1940 2532 nobis,
1987 2485 2019 2520 a
2076 2484 2288 2537 genera-

732 2567 867 2620 tione
895 2565 950 2618 in
979 2561 1380 2633 generationem.
1430 2558 1823 2628 lmploraturus
1853 2559 1945 2614 Dei
1978 2560 2288 2615 misericor-

732 2655 876 2710 diam
898 2695 913 2718 ,
949 2653 1070 2722 jure
1097 2651 1422 2722 prooemium
1447 2650 1597 2704 ducit
1622 2664 1650 2702 a
1695 2649 1973 2705 beneﬁciis
2003 2651 2116 2721 jam
2147 2667 2288 2720 sape

732 2746 833 2800 sibi
864 2745 1092 2800 collatis.
1129 2741 1259 2810 Qua:
1287 2752 1466 2798 autem
1491 2742 1753 2797 beneficia
1782 2746 2130 2812 generatione
2159 2761 2289 2800 con-

734 2838 944 2901 tulerit,
997 2838 1275 2892 advertere
1313 2836 1438 2891 licet
1478 2851 1544 2890 ex
1584 2836 1651 2890 iis
1679 2851 1798 2905 qua:
1839 2835 1941 2889 sub
1982 2835 2286 2902 Pharaone,

732 2944 852 3000 qua:
889 2928 991 2983 sub
1023 2926 1149 2982 Jesu
1173 2967 1189 2994 ,
1235 2937 1286 2981 ct
1308 2940 1373 2980 cx
1404 2926 1474 2980 iis
1497 2941 1616 2996 quae
1651 2927 1704 2980 in
1735 2925 2011 2998 Babylone
2043 2932 2288 3002 contige-

733 3031 876 3073 ιυιιι.

801 3109 855 3164 2.
893 3107 1204 3176 Priusquam
1228 3117 1425 3161 montes
1457 3107 1659 3175 fierent,
1701 3118 1747 3162 et
1774 3109 2092 3176 {armaretur
2123 3120 2283 3166 terra.

730 3201 868 3269 Quia
891 3217 1108 3257 carnem
1137 3199 1350 3254 Domini
1395 3207 1695 3268 spectantes
1716 3239 1733 3263 ,
1768 3215 1978 3253 merum
2007 3201 2282 3257 hominem
2313 3182 2354 3240 θ

731 3310 851 3350 esse
876 3293 1152 3363 putabant,
1181 3290 1565 3360 dicebantque:
1605 3287 1841 3359 Triginta
1870 3308 2033 3344 annos
2057 3294 2285 3347 nondum

736 3383 888 3437 habes
927 3391 976 3436 et
1009 3381 1272 3435 Abraham
1305 3381 1540 3435 vidisti"
1566 3381 1589 3435 7
1626 3380 1691 3434 Ει
1720 3381 1824 3437 hoc
1853 3384 2088 3439 maxime
2113 3387 2286 3440 ruina:

734 3487 896 3529 causa
929 3471 1028 3526 fuit
1053 3473 1176 3534 illis,
1207 3473 1354 3543 quod
1378 3473 1690 3542 ignorarent
1717 3473 1995 3529 deitatem.
2039 3475 2288 3548 Quapro-

735 3576 852 3637 pter
894 3566 1001 3637 jam
1034 3565 1351 3622 conﬁtentes
1381 3566 1568 3621 dicunt
1603 3580 1728 3620 cum
1756 3575 1880 3620 ante
1921 3569 2102 3622 omnia
2133 3569 2290 3638 opili-

736 3660 818 3715 cia
837 3657 982 3714 Patri
1011 3658 1355 3715 coexsistere.

802 3839 855 3892 5.
893 3835 974 3890 Ne
1001 3845 1205 3889 avertas
1245 3836 1501 3889 hominem
1530 3837 1582 3890 in
1610 3835 1982 3891 humilitatem.
2035 3838 2116 3898 Ab
2167 3838 2292 3893 hinc

739 3923 1098 3980 confessionis
1141 3924 1424 3980 exordium
1468 3926 1706 3982 ducitur.
1767 3925 1941 3998 Rogat
1993 3938 2174 3982 autem
2233 3937 2292 3981 ut

739 4015 956 4086 quando
997 4025 1181 4086 gentes
1210 4030 1398 4071 omnes
1426 4017 1492 4071 ad
1531 4018 1888 4089 cognitionem
1922 4020 2163 4073 veritatis
2195 4034 2292 4072 vo-

739 4108 899 4172 cavit,
934 4107 1048 4178 ipse
1072 4123 1288 4178 quoque
1319 4117 1681 4164 convertatur.
1719 4107 1798 4162 Tu
1837 4110 2058 4173 dixisti,
2089 4111 2287 4181 inquit,

739 4198 963 4254 Domine
992 4217 1005 4254 :
1037 4197 1428 4262 Convertimini,
1461 4199 1560 4265 ﬁlii
1590 4209 1934 4254 convertentes
1956 4241 1971 4268 ,
2010 4210 2060 4255 et
2087 4203 2287 4256 sanubo

737 4291 1073 4345 contritiones
1103 4299 1300 4344 vestras
1325 4290 1387 4344 “.
1422 4289 1560 4356 Quia
1592 4291 1754 4361 igitur
1792 4292 2041 4348 conversi
2079 4308 2288 4359 sumus,

738 4399 807 4440 ne
827 4392 1108 4440 convertas
1133 4397 1234 4437 nos
1264 4384 1318 4438 in
1353 4384 1709 4440 humilitatem
1742 4400 1836 4440 seu
1863 4384 2237 4455 abjectionem.

806 4476 860 4531 ι.
893 4475 1156 4542 Quoniam
1186 4475 1328 4530 mille
1355 4479 1479 4532 anni
1501 4488 1622 4532 ante
1651 4477 1828 4531 oculos
1861 4489 1977 4534 tuos
1999 4519 2014 4545 ,
2045 4477 2286 4543 Domine,

738 4578 843 4624 etc.
871 4567 1106 4640 Tempus
1129 4568 1316 4639 legalis
1346 4569 1525 4625 cultus
1557 4569 1758 4624 indicat
1780 4609 1796 4632 ,
1829 4586 1926 4639 per
1964 4570 2122 4641 cujus
2163 4586 2289 4640 spa-

744 4662 877 4714 tium
911 4661 1160 4716 absoluto
1181 4660 1418 4716 maxime
1451 4662 1649 4730 templo
1682 4660 1883 4716 floruit.
1921 4663 1965 4715 A
1987 4661 2292 4718 Salomonis

740 4753 884 4808 enim
913 4753 1007 4822 qui
1035 4753 1254 4808 domum
1285 4752 1536 4809 excitavit
1570 4762 1810 4822 tempore
1839 4752 1904 4806 ad
1936 4769 2108 4825 usque
2147 4753 2294 4808 obsi-

741 4845 991 4910 dionem,
1036 4859 1156 4914 qua:
1203 4854 1324 4913 post
1365 4844 1723 4900 venerabilem
1769 4858 1984 4898 cruceru
2044 4845 2290 4915 contigit,

742 4944 1125 5008 computantur
1169 4938 1296 4992 anni
1343 4937 1507 4992 mille.
1571 4938 1676 4992 Sed
1708 4935 1832 5001 isti,
1883 4935 2089 5004 inquit,
2147 4937 2293 4991 mille

745 5031 894 5093 anni,
927 5039 986 5085 ut
1009 5046 1114 5085 una
1146 5030 1262 5085 dies
1290 5029 1343 5083 in
1367 5037 1658 5100 conspectu
1708 5035 1802 5082 tuo
1835 5028 2140 5097 computari
2168 5043 2294 5099 pos-

744 5131 905 5183 sunt,
963 5121 1072 5175 imo
1119 5135 1248 5175 vero
1290 5119 1501 5174 modica
1531 5119 1638 5174 diei
1671 5134 1816 5189 pars.
1878 5116 2070 5172 Merito
2113 5129 2294 5173 autem

743 5212 888 5267 nocti
929 5221 1232 5281 comparat,
1275 5222 1485 5282 tempus
1518 5211 1824 5282 praecedens
1861 5207 2157 5264 Salvatoris
2201 5211 2296 5264 atl-

744 5313 987 5368 vcntum,
1009 5303 1224 5372 eoquod
1260 5304 1311 5358 in
1338 5304 1573 5360 tenebris
1597 5314 1651 5358 et
1681 5304 1731 5357 iu
1765 5300 2083 5357 confusione
2107 5317 2297 5358 omnes

746 5395 992 5450 humiucs
1023 5403 1225 5460 essent,
1253 5397 1378 5464 quia
1405 5397 1643 5452 nondum
1673 5397 1806 5466 ipsis
1826 5405 2052 5451 exortus
2072 5405 2187 5450 erat
2211 5397 2294 5451 sol

738 5485 980 5556 justit'm.

813 5749 857 5783 ³⁷
900 5750 1031 5805 Luc.
1067 5765 1184 5817 \‘ttt,
1218 5752 1306 5809 57.
1375 5753 1420 5786 ³⁸
1450 5752 1646 5810 Jerem.
1676 5768 1756 5820 ιιι,
1786 5754 1870 5809 Η.

2459 1931 2539 1966 σιν
2568 1914 2745 1976 αὐτοῖς
2775 1915 2860 1966 ἐπ’
2889 1912 3132 1984 ἐσχάτων
3161 1912 3268 1965 τῶν
3301 1913 3506 1984 χρόνων
3535 1915 3674 1985 μετὰ
3698 1916 3798 1988 τὴν
3816 1918 3938 1970 κατά

2454 2006 2547 2059 τοῦ
2571 2007 2772 2079 Κυρίου
2795 2006 3076 2060 άπείθειάν
3098 2023 3156 2059 τε
3181 2007 3273 2060 καὶ
3300 2008 3607 2077 μιαιφονίαν
3633 2010 3935 2081 γενομένην.

2453 2097 2638 2161 Ὅπως
2664 2098 2719 2150 δὲ
2741 2100 2814 2168 μὴ
2844 2099 2980 2172 λήθη
3003 2099 3280 2171 παραδοθῇ
3310 2100 3388 2171 τῷ
3413 2101 3610 2172 χρόνῳ,
3634 2102 3937 2159 ἐντέτακται

2457 2192 2514 2243 ἐν
2539 2193 2649 2253 τοῖς
2681 2192 2924 2260 Ψαλμοῖς
2942 2209 2956 2224 ο
2985 2193 3077 2244 καὶ
3108 2193 3330 2256 εἰκότως
3353 2194 3492 2262 μετά
3512 2196 3604 2250 τὸν
3630 2204 3747 2268 πη’,
3775 2199 3830 2264 ὃς
3858 2201 3941 2254 καὶ

2459 2280 2518 2334 τὸ
2548 2281 2715 2345 πάθος
2742 2281 2834 2334 τοῦ
2862 2282 3064 2354 Κυρίου
3094 2285 3508 2354 κατασημαίνει.

2460 2456 2665 2522 Κύριε,
2705 2452 3016 2523 καταφυγὴ
3055 2453 3344 2521 ὲτενήθης
3371 2453 3605 2523 ήμῖνέν
3642 2454 3818 2525 γενεᾷ
3857 2457 3940 2509 καὶ

2386 2543 2579 2614 γενεᾷ.
2605 2543 2826 2598 Μέλλων
2847 2542 3220 2596 ἐπικαλεῖσθαι
3239 2543 3329 2596 τὸν
3349 2544 3479 2597 Θεὸν
3506 2547 3584 2607 είς
3619 2545 3795 2610 ἔλεον,
3823 2545 3944 2598 εἰκό-

2387 2654 2493 2698 τως
2525 2635 2584 2699 ἐξ
2617 2629 2689 2689 ὧν
2721 2635 2819 2704 ἤδη
2854 2633 3111 2696 πολλάκις
3145 2634 3475 2705 εὐηργέτησε
3510 2638 3654 2687 ποιεῖ
3687 2637 3751 2688 τὸ
3781 2637 3944 2706 προοί-

2391 2744 2530 2797 μιον.
2564 2725 2685 2788 Πῶς
2715 2725 2771 2778 δὲ
2800 2724 2940 2778 κατὰ
2965 2725 3157 2794 γενεὰν
3194 2725 3546 2797 εὐηργέτησε,
3573 2726 3734 2779 τοῦτο
3758 2727 3850 2779 ῑδοι
3871 2744 3942 2787 τις

2388 2816 2467 2880 εἷς
2496 2834 2553 2868 τε
2579 2816 2646 2869 τὰ
2677 2815 2769 2869 ἐπὶ
2795 2814 2887 2870 τοῦ
2923 2814 3120 2886 Φαραὼ
3151 2816 3458 2886 ἀποϐλέψας
3527 2817 3605 2880 εἷς
3653 2834 3712 2869 τε
3754 2817 3822 2870 τά
3865 2818 3944 2868 ἐπὶ

2401 2907 2594 2981 Ἰησοῦ,
2624 2909 2701 2972 εἴς
2725 2925 2784 2960 τε
2813 2907 2881 2961 τά
2912 2907 3001 2960 ἐπὶ
3032 2907 3364 2970 Βαϐυλῶνος.

2460 3105 2579 3174 Πρὸ
2625 3105 2729 3160 τοῦ
2775 3106 2879 3174 ὄρη
2917 3104 3272 3175 γενηθῆναι,
3314 3105 3413 3158 καὶ
3459 3107 3805 3177 πλασθῆναι
3843 3109 3946 3177 τὴν

2388 3199 2522 3268 γῆν.
2594 3199 2809 3268 Ἐπειδὴ
2857 3201 2935 3263 είς
2972 3200 3069 3270 τὴν
3103 3199 3280 3269 σάρκα
3326 3200 3558 3270 ὁρῶντες
3587 3201 3681 3255 τοῦ
3727 3204 3944 3274 Κυρίου,

2386 3293 2537 3362 ψιλὸν
2568 3293 2847 3363 ἄνθρωπον
2879 3291 3125 3362 ἐνόμιζον
3163 3291 3408 3360 λέγοντες
3433 3307 3446 3321 ·
3486 3293 3660 3345 Οὔπω
3683 3310 3944 3361 τριακονο

2387 3379 2597 3448 ταετὴς
2625 3379 2894 3449 γέγονας,
2923 3379 3021 3432 καὶ
3061 3379 3313 3447 Ἀϐραὰμ
3339 3378 3638 3448 ἐώρακας;
3669 3382 3782 3434 Καὶ
3805 3383 3947 3436 τοῦτο

2388 3472 2570 3534 αὐτοῖς
2600 3470 2831 3541 μάλιστα
2872 3470 3042 3523 αἴτιον
3091 3469 3190 3541 τῆς
3243 3469 3564 3535 ἐκπτώσεως
3618 3473 3847 3541 γέγονε,
3893 3476 3948 3526 τὸ

2389 3563 2602 3631 ἀγνοεῖν
2631 3562 2726 3634 τὴν
2748 3562 2993 3633 θεότητα.
3026 3561 3125 3615 Διὰ
3156 3562 3312 3616 τοῦτο
3342 3562 3436 3616 νῦν
3459 3563 3945 3637 ἐξομολογούμενοι,

2392 3655 2574 3725 σαφῶς
2606 3655 2766 3708 αὑτὸν
2798 3650 2936 3708 εἶναι
2985 3655 3198 3724 λέγουσι
3245 3655 3335 3708 τὸν
3385 3654 3489 3727 πρὸ
3517 3655 3697 3727 πάσης
3727 3659 3947 3721 κτίσεως

2393 3747 2618 3800 συνόντα
2647 3747 2725 3816 τῷ
2764 3747 2958 3817 Πατρί.

2458 3839 2555 3906 Μὴ
2630 3837 3018 3905 ἀποστρέψῃς
3079 3835 3388 3906 ἄνθρωπον
3444 3840 3529 3903 εις
3580 3839 3949 3894 ταπείνωσιν.

2404 3929 2676 3984 Ἐντεῦθεν
2708 3931 2741 4000 η
2776 3927 3178 3999 ἐξομολόγησις.
3242 3928 3406 3993 ’Δξιοῖ
3431 3928 3487 3982 δὲ
3536 3929 3628 3998 ἀφ’
3658 3923 3734 3984 ὧν
3783 3931 3952 3984 πάντα

2390 4020 2456 4073 τὰ
2489 4020 2614 4090 ἔθνη
2647 4022 2726 4084 είς
2759 4020 3053 4088 ἐπίγνωσιν
3082 4019 3339 4090 ἀληθείας
3367 4020 3590 4074 ἐκάλεσε
3609 4059 3624 4083 ,
3674 4023 3772 4075 καὶ
3799 4024 3951 4084 αὐτὸς

2390 4112 2809 4184 ἐπιστραφῆναι.
2847 4112 2919 4164 Σὺ
2953 4107 3131 4174 εἶπας,
3169 4111 3334 4181 φησὶν
3355 4150 3369 4175 ,
3399 4105 3444 4164 ὦ
3469 4111 3713 4164 Δέσποτα
3734 4128 3748 4142 ο
3811 4112 3952 4164 Ἐπι-

2390 4201 2705 4271 «pegma,
2730 4202 2843 4257 υίοὶ
2861 4200 3339 4271 ἐπιστρέφοντες,
3357 4201 3454 4254 καὶ
3474 4199 3712 4272 ἰάσομαι
3732 4204 3804 4258 τὰ
3822 4222 3952 4260 avr-

2391 4297 2677 4366 τρίμματα
2707 4295 2888 4366 ὑμῶν.
2947 4295 3161 4366 Ἐπειδὴ
3193 4295 3370 4348 τοίνυν
3403 4294 3850 4368 ἐπεστρέψαμεν,
3883 4298 3950 4368 μὴ

2392 4387 2734 4459 άποστρέψῃς
2763 4389 2907 4458 ἡμᾶς
2935 4389 3014 4450 είς
3041 4387 3384 4440 ταπείνωσιν.

2469 4480 2596 4532 Ὀτι
2622 4481 2786 4549 χίλια
2812 4479 2915 4547 ἐτη
2943 4480 3014 4533 ἐν
3037 4477 3361 4548 ὀφθαλμοῖς
3391 4494 3507 4533 σου
3527 4519 3540 4540 ,
3580 4481 3779 4547 Κύριε.
3859 4480 3952 4532 Τὸν

2398 4570 2587 4640 καιρὸν
2615 4571 2712 4640 τῆς
2736 4572 2794 4622 ἐν
2823 4569 2970 4640 νόμῳ
2997 4568 3246 4642 λατρείας
3279 4570 3410 4640 φησὶ
3431 4607 3447 4631 ,
3490 4568 3608 4624 καθ’
3635 4569 3692 4623 ὃν
3729 4570 3954 4641 μάλιστα

2398 4661 2827 4724 ἑπιτελεσθέντος
2871 4659 2964 4714 τοῦ
2999 4661 3140 4715 θείου
3187 4661 3315 4715 ναοῦ
3357 4660 3608 4735 ἤνθησεν.
3684 4662 3820 4714 Ἀπὸ
3855 4660 3954 4731 γὰρ

2398 4752 2738 4822 Σολομῶντος
2768 4751 2858 4804 τοῦ
2887 4752 2976 4806 τὸν
3000 4749 3145 4806 οἷκον
3186 4755 3493 4824 ἐγείραντος
3527 4753 3689 4823 μέχρι
3715 4753 3820 4824 τῆς
3865 4771 3953 4805 ποι

2398 4844 2640 4916 λιορκίας
2667 4845 2762 4915 τῆς
2799 4846 2938 4914 μετά
2964 4847 3057 4899 τὸν
3086 4846 3265 4916 τίμιον
3295 4847 3590 4917 γενομένης
3621 4848 3854 4918 σταυρὸν
3883 4847 3956 4907 εἰς

2396 4935 2552 4989 τοῦτο
2585 4936 2841 4989 συντείνει
2871 4937 2963 5009 ἔτη
2993 4938 3154 5009 χίλια.
3193 4939 3348 4993 Ἀλλά
3372 4938 3563 5002 ταῦτα,
3598 4939 3750 5010 φησὶ,
3788 4940 3856 4992 τὰ
3882 4938 3956 5007 χί-

2399 5029 2487 5081 λια
2532 5028 2626 5098 ἐτη
2668 5029 2762 5097 μία
2791 5031 2969 5101 ἡμέρα
3003 5030 3271 5102 λογισθείη
3307 5030 3532 5083 ἐνώπιόν
3578 5047 3670 5084 σου
3695 5045 3710 5061 ο
3765 5030 3956 5101 μᾶλλον

2404 5122 2501 5191 μὲν
2547 5117 2641 5174 οὖν
2678 5123 2869 5192 μικρὸν
2919 5123 3127 5194 ἡμέρας
3181 5125 3382 5194 μόριον.
3442 5122 3676 5185 Εἰκότως
3718 5121 3779 5174 δέ
3811 5123 3957 5174 νυκτὶ

2403 5213 2720 5283 παρεικάζει
2747 5215 2834 5266 τὸν
2859 5216 2963 5286 πρὸ
2982 5215 3079 5285 τῆς
3109 5215 3397 5286 ἐπιδημίας
3433 5214 3526 5268 τοῦ
3562 5213 3812 5284 Σωτῆρος
3846 5231 3959 5268 καιο

2407 5305 2495 5374 ρόν
2513 5324 2525 5336 ·
2554 5304 2645 5358 ἅτε
2675 5303 2747 5368 ὼς
2774 5309 2831 5358 ἐν
2881 5306 3057 5378 άωρίᾳ
3089 5307 3181 5360 καὶ
3211 5307 3464 5379 συγχύσει
3498 5307 3709 5360 πάντων
3741 5305 3954 5375 ἀνθρὼ-

2402 5414 2518 5450 πων
2542 5397 2707 5450 ὁντων
2725 5437 2740 5461 ,
2772 5399 2858 5452 διὰ
2888 5399 2949 5453 τὺ
2981 5401 3143 5472 μήπω
3169 5401 3350 5465 αὐτοῖς
3387 5398 3658 5456 ἀνατεῖλαι
3683 5399 3780 5454 τὸν
3816 5398 3957 5468 ἥλιον

2399 5490 2495 5560 τῆς
2520 5490 2880 5564 δικαιοσύνης.
