4094 6312
128 361 211 416 597

1149 347 1507 405 EXPOSITIO
1547 347 1609 402 IN
1649 343 1971 402 PSALMUM
2015 342 2297 397 LXXXIX.

3248 339 3352 395 398

189 482 258 537 Τὰ
284 477 735 547 ἐξουδενώματα
764 474 961 530 αὐτῶν
991 473 1094 542 ἔτη
1127 474 1370 528 ἔσονται
1401 471 1469 524 τὸ
1511 470 1678 539 πρωΐ.

1853 467 1904 520 5.
1948 467 2079 531 Qua:
2124 481 2218 532 pro
2271 460 2436 516 nihilo
2483 457 2760 524 habentur,
2810 473 2989 511 eorum
3033 457 3161 512 anni
3203 469 3351 511 erunt

136 574 260 626 Ὡσεὶ
288 571 623 642 σαφέστερον
653 570 803 638 ἔλεγε
826 585 839 598 ⁶
887 569 966 621 Τὰ
1003 567 1098 636 ἔτη
1130 564 1308 619 αὐτῶν
1327 606 1339 626 ,
1369 563 1478 617 τῶν
1515 564 1684 633 ἀρνη-

131 666 356 735 σαμένων
407 680 466 716 σε
500 662 775 733 δηλονότι,
824 663 882 713 ἐν
926 659 1263 729 ἐξουθενήσει
1310 658 1460 710 ἔσται
1493 657 1680 726 πολλῇ.

134 760 378 828 Γεγόνασι
403 757 511 830 γὰρ
541 756 910 826 καταπάτημα
937 755 1030 808 καὶ
1059 753 1358 824 ἀνθρώπων
1387 753 1479 805 καὶ
1499 752 1688 821 δαιμό-

130 871 235 917 νων,
272 855 365 907 ἆτε
399 854 488 905 τὸν
514 850 871 921 λυτρούμενον
900 848 992 902 καὶ
1031 846 1270 909 σώζοντα
1300 847 1495 908 αὐτοὺς
1519 845 1687 915 ἀρνη-

132 947 356 1016 σάμενοι.

188 1038 256 1092 Td
285 1037 439 1106 πρωῒ
477 1033 737 1101 ἀνθῆσαι
773 1033 874 1087 καὶ
910 1032 1210 1100 παρέλθοι.
1257 1034 1409 1100 Πρωι
1467 1031 1564 1102 μέν
1595 1030 1688 1083 τὸν

131 1132 299 1204 καιρὸν
332 1131 429 1200 τῆς
455 1129 752 1199 γενομένης
783 1127 964 1189 αὐτοῖς
996 1125 1314 1194 ἐπιφανείας
1358 1122 1592 1195 Χριστοῦ
1631 1125 1689 1175 ἐν

222 1222 334 1295 ὄρει
359 1224 491 1275 Σινᾶ
516 1221 1001 1292 κατασημαίνουσι.
1030 1220 1231 1286 Χλόην
1262 1218 1316 1270 δὲ
1341 1218 1439 1287 τὴν
1464 1214 1690 1287 νομικὴν

133 1313 363 1384 λατρείαν
389 1313 557 1383 δηλοῖ,
589 1314 682 1367 ἅτε
707 1311 900 1382 μικρὸν
924 1311 1150 1381 ὕστερον
1181 1309 1535 1381 μαραίνεσθαι
1567 1308 1691 1378 μὲλ-

133 1406 323 1456 λουσαν.
379 1404 448 1456 Τὸ
473 1402 731 1470 ἑσπέρας
776 1401 1073 1455 ἀποπέσοι
1099 1441 1114 1464 ,
1141 1400 1545 1468 σκληρυνθείη
1593 1399 1688 1452 καὶ

134 1496 454 1563 mpm-08in.
493 1493 760 1563 Ἑσπέραν
784 1494 915 1563 φησὶ
943 1493 1032 1545 τὸν
1065 1493 1150 1545 ὲπ“
1173 1491 1416 1561 ἐσχάτων
1445 1489 1537 1542 τοῦ
1565 1489 1694 1543 αἰῶ-

134 1603 206 1647 νος
241 1586 435 1656 καιρὸν
458 1625 472 1648 ,
508 1585 627 1636 καθ’
656 1585 714 1638 ὃν
747 1585 840 1637 καὶ
871 1583 1138 1651 ἑπέφανεν
1184 1583 1212 1633 ὀ
1259 1583 1600 1651 Μονογενής·
1635 1582 1694 1633 ἐν

135 1670 169 1743 ᾧ
199 1678 256 1749 δὴ
284 1679 378 1730 καὶ
410 1675 684 1747 παρῆλθεν
715 1677 747 1748 η
779 1677 878 1746 τῆς
902 1675 1042 1727 κατὰ
1075 1675 1237 1744 νόμον
1261 1673 1512 1745 λατρείας
1540 1672 1696 1743 ἄνθη-

136 1785 223 1832 σις,
253 1768 652 1840 σκληρυνθεῖσα
679 1768 859 1838 ἀπάτῃ
889 1767 985 1837 τῆς
1014 1765 1312 1829 ἀπειθείας.

1785 573 1952 609 mane.
1991 554 2155 619 Quasi
2207 551 2446 621 apertius
2487 550 2691 603 diceret
2722 566 2735 602 :
2765 548 2908 602 Anni
2950 562 3140 602 eorum
3179 548 3272 616 qui
3305 557 3356 600 lc

1785 649 2226 716 abnegaverunt,
2273 645 2329 698 in
2393 650 2759 710 contemptum
2810 654 3062 708 magnum
3113 639 3352 693 venient.

1787 737 2027 790 Fuerunt
2072 737 2215 789 enim
2261 735 2316 788 in
2359 732 2824 788 conculcationem
2864 739 2920 786 et
2947 730 3260 785 hominibus
3303 741 3356 784 et

1787 830 2145 892 daemonibus,
2179 836 2364 896 utpote
2396 827 2489 896 qui
2521 840 2646 880 eum
2676 825 2771 895 qui
2803 825 2951 894 ipsos
2989 823 3277 878 redimeret
3301 832 3355 877 et

1789 925 1968 978 salvos
2003 922 2199 975 faceret
2233 919 2634 990 abnegaverint.

1859 1016 1912 1069 6.
1959 1013 2112 1067 Mane
2136 1014 2321 1082 ﬂoreat
2346 1021 2394 1065 et
2421 1018 2671 1064 transeat.
2699 1008 2803 1063 Per
2835 1023 3048 1071 vocem.
3073 1023 3247 1072 mane,
3279 1006 3356 1061 si-

1790 1108 2048 1176 gniﬁcant
2105 1117 2316 1173 tempus
2370 1119 2478 1172 quo
2534 1101 2782 1171 apparuit
2833 1101 2941 1154 illis
3001 1098 3266 1152 Dominus
3301 1098 3355 1151 in

1793 1205 1976 1250 nionte
2000 1197 2150 1250 Sina.
2180 1193 2356 1248 Ilerba
2379 1203 2558 1247 autem
2585 1190 2853 1260 signiﬁcat
2875 1189 3096 1257 legalem
3125 1187 3355 1253 cultum,

1794 1298 1979 1359 utpote
2029 1288 2120 1355 qui
2181 1285 2324 1340 haud
2371 1286 2539 1339 multo
2592 1292 2980 1353 postaresccre
3007 1279 3217 1334 debeat.
3255 1275 3356 1332 Ve-

1791 1395 1934 1448 spere
1985 1377 2212 1442 decidat,
2253 1377 2462 1429 intluret
2504 1384 2553 1429 et
2607 1383 2850 1426 arescat:
2879 1386 3159 1441 vesperam
3203 1381 3360 1425 vocat

1794 1484 2008 1542 tempus
2063 1472 2116 1524 in
2164 1469 2268 1523 [inc
2291 1468 2474 1523 saeculi
2506 1466 2771 1530 futurum,
2805 1480 2913 1535 quo
2946 1463 3195 1534 apparuit
3225 1459 3360 1517 Uni-

1794 1563 2005 1634 genitus
2033 1577 2047 1612 :
2078 1561 2130 1613 in
2158 1574 2266 1630 quo
2290 1557 2600 1629 pertransiit
2626 1554 2726 1611 ﬂos
2754 1555 2941 1623 legalis
2973 1553 3173 1616 cultus.
3207 1551 3361 1607 falla-

1795 1658 1878 1709 cia
1910 1651 2333 1724 inobsequentize
2365 1651 2668 1706 induratus.

197 1863 312 1914 Ὀτι
362 1821 720 1928 έίξελίπομεν
899 1821 981 1928 τέ
1007 1858 1152 1928 ὀργῇ
1184 1821 1318 1910 σου.
1373 1857 1566 1926 Σαφῶς
1598 1855 1694 1919 τὰς

1867 1851 1918 1903 7.
1964 1850 2101 1913 Quia
2123 1849 2406 1917 defecimus
2437 1847 2490 1898 in
2520 1847 2602 1898 ira
2633 1855 2742 1900 tua.
2777 1844 2974 1915 Aperte
3009 1852 3235 1898 narrant
3274 1856 3368 1898 ca-

134 1952 500 2023 ἐπενεχθείσας
546 1953 725 2014 αὐτοῖς
772 1950 1053 2021 συμφορὰς
1096 1949 1182 2002 διὰ
1212 1949 1280 2000 τὰ
1311 1948 1417 2001 ἴδια
1450 1950 1697 2020 ἁμαρτή-

139 2062 266 2115 ματα
292 2043 684 2114 διαγορεύουσι.
718 2044 826 2096 Καὶ
859 2042 1131 2104 Ἰουδαίοις
1154 2041 1356 2102 ταῦτα,
1405 2041 1494 2094 καὶ
1533 2044 1697 2095 πᾶσιν

134 2135 428 2208 ὀγθρώποις
458 2135 711 2206 ἁρμόδια.
741 2135 848 2188 Καὶ
871 2135 979 2205 γὰρ
1002 2133 1110 2185 τῶν
1132 2131 1433 2203 ἀνθρώπων
1456 2134 1488 2204 ή
1516 2134 1696 2202 φύσις,

137 2228 464 2300 παρανομίας
492 2227 710 2280 τίνουσα
738 2227 910 2289 δίκας,
932 2224 1213 2295 ὑπεὸλήθη
1234 2228 1350 2288 ταῖς
1376 2229 1698 2297 συμφοραῖς,

135 2321 220 2372 καὶ
247 2322 369 2382 ταῖς
404 2319 772 2381 παντοδαπαῖς
804 2315 1190 2390 περικλύζεται
1223 2317 1558 2386 τρικυμίαις.
1593 2318 1702 2370 Καὶ

145 2412 400 2476 Ἰουδαῖοι,
435 2412 525 2465 διὰ
546 2411 641 2482 τὴν
676 2409 936 2481 πονηρίαν
967 2411 1067 2481 τῆς
1094 2408 1340 2480 γνώμης,
1368 2410 1470 2480 τῆς
1494 2410 1704 2464 ἐλευθε-

136 2501 248 2569 ρίας
283 2501 563 2564 ἐξέπεσον.

200 2591 376 2643 Ἔθου
404 2589 512 2655 τὰς
528 2589 778 2658 ἀνομίας
800 2587 968 2658 ήμῶν
995 2588 1270 2641 ἐναντιον
1296 2602 1431 2641 σου.
1459 2587 1532 2639 Οὐ
1567 2603 1707 2657 παρ-

130 2680 284 2748 ῆλθες
303 2721 318 2743 ,
351 2683 507 2750 φησι,
536 2681 633 2744 τὰς
657 2681 886 2750 ἀνομίας
912 2681 944 2748 ἡ
955 2678 1090 2749 μῶν,
1150 2677 1244 2731 ἆτε
1271 2678 1425 2750 ἡμῶν
1454 2677 1706 2732 ἐπικαλε-

135 2773 379 2842 σαμένων
406 2772 577 2836 αὐτας
606 2773 688 2834 είς
714 2773 812 2834 τὰς
835 2773 1040 2825 ἑαυτῶν
1066 2770 1305 2839 κεφαλὰς
1325 2811 1338 2835 ,
1363 2770 1450 2823 διὰ
1473 2770 1535 2822 τὸ
1557 2770 1709 2841 εἰρη-

133 2864 308 2917 κέναι·
350 2863 422 2916 Τὸ
451 2857 594 2931 αἷμα
625 2861 810 2915 αὐτοῦ
836 2862 927 2930 ἐφ’
959 2860 1116 2930 ἡμᾶς
1145 2861 1242 2915 καὶ
1271 2861 1368 2913 ἐπὶ
1418 2859 1490 2913 τὰ
1528 2860 1710 2913 τέκνα

131 2955 314 3024 ἡμῶν.
377 2956 438 3007 ’0
462 2953 608 3008 αἰὼν
629 2951 796 3021 ἡμῶν
820 2955 905 3020 είς
924 2952 1230 3022 φωτισμὸν
1252 2953 1358 3006 τοῦ
1387 2952 1709 3020 προσώπου

129 3059 257 3103 συν.
343 3047 494 3099 Ὧσεὶ
538 3045 754 3113 ἔλεγενο
799 3045 858 3099 '0
891 3044 1004 3115 βίος
1033 3045 1191 3116 ἡμῶν
1238 3046 1331 3098 καὶ
1364 3047 1420 3099 αἱ
1474 3048 1531 3099 ἐν
1565 3043 1713 3114 αὑτῷ

1798 1944 2068 1998 lamitates
2114 1941 2244 2010 ipsis
2285 1940 2355 1994 ob
2399 1937 2614 2008 propria
2653 1948 2873 2005 peccata
2923 1935 3122 1990 illatas.
3154 1934 3224 1989 Et
3251 1934 3366 1990 haec

1800 2051 1922 2090 cum
1961 2033 2182 2097 Judazis,
2212 2041 2322 2086 tum
2368 2030 2619 2085 omnibus
2659 2027 2972 2081 hominibus
3012 2027 3362 2082 conveniunt.

1803 2126 2093 2181 Hominum
2150 2125 2350 2193 quippe
2396 2131 2608 2186 natura,
2653 2134 2841 2189 paenae
2887 2120 3024 2172 datis
3067 2118 3369 2188 iniquitatis

1802 2231 1933 2276 suae,
1967 2213 2370 2269 calamitatibus
2394 2211 2637 2280 subjecta
2663 2217 2748 2266 est
2774 2218 2829 2264 et
2848 2209 3164 2264 decumanis
3189 2207 3368 2264 ﬂucti-

1804 2308 1904 2362 bus
1936 2305 2284 2375 demergitur.
2315 2303 2486 2358 Judaei
2517 2316 2638 2356 vero
2683 2302 2754 2356 ob
2800 2301 2998 2356 mentis
3032 2300 3293 2356 malitiam
3334 2314 3369 2355 ει

1805 2398 2050 2452 libertate
2083 2395 2219 2464 lapsi
2246 2402 2393 2449 sunt.

1875 2595 1929 2648 8.
1971 2593 2207 2648 Posuisti
2255 2596 2559 2664 iniquitates
2615 2604 2823 2648 nostras
2872 2595 2925 2647 in
2953 2602 3229 2663 conspectu
3261 2603 3373 2650 tuo.

1807 2682 1923 2739 Non
1978 2685 2414 2753 praetermisisti,
2466 2687 2682 2757 inquit,
2744 2686 3058 2755 iniquitates
3113 2693 3374 2748 nostras,

1808 2776 2006 2846 quippe
2031 2792 2154 2833 cum
2194 2792 2292 2832 nos
2336 2779 2435 2847 ipsi
2465 2793 2560 2832 eas
2588 2777 2640 2831 in
2667 2776 2842 2847 capita
2870 2784 3056 2832 nostra
3086 2791 3377 2831 revocave-

1810 2867 2002 2930 ritnus,
2039 2868 2165 2937 quia
2201 2867 2478 2922 diximus:
2511 2866 2736 2938 Sanguis
2763 2868 2873 2936 ejus
2901 2883 3053 2936 super
3087 2883 3179 2920 nos
3208 2877 3256 2920 et
3288 2882 3378 2920 sst-

1809 2974 1900 3026 per
1948 2957 2087 3026 ﬁlios
2130 2960 2412 3012 nostros".
2447 2957 2712 3013 Surculum
2745 2972 2979 3012 nostrum
3018 2959 3073 3011 in
3103 2958 3379 3012 illumina-

1815 3048 1949 3102 tione
1981 3050 2154 3102 vultus
2190 3049 2288 3102 tui.
2318 3048 2396 3102 Ae
2430 3049 2473 3102 si
2504 3050 2708 3103 diceret
2743 3047 2904 3103 :Vita
2943 3056 3129 3102 nostra
3166 3056 3219 3102 et
3257 3046 3378 3114 ejus

129 3143 356 3214 πράξεις
387 3141 620 3212 πονηραὶ
649 3140 923 3210 φαίνονται
960 3138 1038 3208 τῷ
1063 3138 1340 3210 προσώπῳ
1369 3156 1482 3192 σου.
1550 3136 1711 3190 Οὐδὲν

1814 3139 2160 3210 opera,mala
2194 3139 2445 3194 videntur
2472 3140 2527 3193 in
2561 3149 2854 3209 conspectu
2876 3148 2990 3193 tuo.
3008 3136 3157 3193 Nihil
3177 3139 3379 3209 quippe

130 3235 230 3307 γὰρ
270 3234 556 3306 ηχνόησας
577 3234 682 3287 τῶν
721 3233 780 3285 ἐν
805 3233 934 3302 ἡμῖν
971 3231 1371 3301 πεπραγμένων
1413 3229 1506 3282 ἀπ’
1536 3229 1708 3300 ἀρχῆς

129 3328 288 3397 μέχρι
320 3326 539 3387 τέλους.

195 3418 326 3470 Ὀτι
360 3414 558 3470 πᾶσαι
584 3415 644 3465 αἱ
665 3409 875 3480 ἡμέραι
903 3408 1070 3479 ἡμῶν
1093 3407 1396 3475 ἐξέλιπον,
1414 3407 1512 3461 καὶ
1543 3408 1611 3461 ἐν
1639 3405 1715 3475 τῇ

124 3507 268 3576 (py-ﬁ
316 3524 442 3559 σου
481 3504 860 3573 ἐξελίπομεν.
919 3503 982 3555 Ἥ
1008 3500 1248 3573 ἁμαρτία
1267 3543 1282 3567 ,
1307 3501 1437 3572 φησὶ
1456 3539 1471 3565 ,
1496 3499 1592 3572 τὴν
1621 3499 1717 3569 σὴν

123 3599 290 3669 ὀργὴν
326 3598 562 3670 ἐκίνησε
609 3596 729 3650 καθ’
761 3595 916 3667 ἡμῶν
940 3610 955 3626 ο
1003 3596 1036 3663 ἡ
1067 3595 1123 3646 δὲ
1151 3593 1287 3664 ὀργὴ
1327 3592 1426 3662 τὴν
1451 3590 1718 3665 τιμωρίαν

120 3694 414 3763 ἐπήγαγεν
442 3708 457 3722 ο
497 3692 533 3760 ἠ
556 3690 613 3743 δὲ
633 3690 872 3760 τιμωρία
896 3687 992 3751 τὰς
1017 3687 1203 3749 ὀδύνας
1243 3686 1563 3755 ἐπήνεγκεν.
1629 3683 1719 3736 Ἐν

120 3784 336 3848 ὀδύναις
368 3789 487 3854 γαρ
526 3782 618 3834 τὸν
648 3780 824 3847 ὀλίγον
855 3778 1010 3850 ἡμῶν
1045 3777 1421 3847 διετελέσαμεν
1457 3775 1588 3846 βίον.
1646 3777 1722 3830 Τὰ

118 3880 217 3939 ἐτη
253 3875 446 3946 ἡμῶν
479 3873 623 3927 ὡσεί
652 3871 883 3940 ἀράχνῃ
915 3871 1229 3940 ἐμελέτων.
1290 3868 1453 3921 Οὐδὲν
1485 3866 1718 3937 βὲὁαιον,

118 3970 307 4038 φησὶν.
336 3966 472 4020 οὐδὲ
503 3965 824 4035 στατηρὸνὴ
859 3962 1168 4036 ἀνθρωπεία
1195 3961 1353 4031 φύσις
1386 3960 1527 4032 ἔχει’
1570 3960 1723 4031 δίκην

116 4062 377 4133 ἀράχνης
411 4057 716 4112 διασπᾶται
757 4056 976 4128 ῥᾳδίως.

185 4155 258 4207 Δί
286 4149 527 4219 ἡμέραι
548 4147 665 4200 τῶν
689 4146 840 4199 ἐτῶν
860 4145 1027 4215 ἡμῶν
1049 4146 1120 4198 ἐν
1139 4142 1343 4210 αὐτοῖς
1371 4141 1728 4212 ἐϐδομήκον-

433 4241 626 4292 Ἔοικε
659 4236 832 4292 ταῦτα
854 4239 966 4299 τοῖς
997 4236 1102 4290 ὑπὸ
1126 4235 1221 4288 τοῦ
1249 4235 1587 4306 πατριάρχου
1620 4235 1726 4288 Ἰα-

112 4260 182 4297 ra
206 4244 350 4312 ἐτη.

113 4333 228 4388 7.ὼό
270 4331 615 4406 εἰρημένοις
636 4347 649 4360 ·
687 4332 756 4384 Αἱ
781 4327 992 4399 ἡμέραι
1013 4344 1133 4397 μου
1160 4327 1362 4395 μικραὶ
1413 4325 1513 4379 καὶ
1545 4343 1728 4394 πονη-

106 4428 202 4497 ραὶ
222 4431 347 4482 οὐκ
368 4426 669 4494 ἔφθασαν
687 4423 774 4488 εις
794 4421 900 4486 τὰς
922 4418 1144 4488 ἡμέρας
1165 4417 1281 4471 τῶν
1302 4416 1570 4484 πατέρων
1585 4433 1725 4484 μου.

1815 3230 2032 3301 ignoras
2078 3247 2267 3286 eorum
2302 3246 2422 3301 quae
2467 3230 2522 3284 in
2573 3230 2731 3286 nobis
2776 3241 2893 3286 acta
2947 3242 3076 3286 sunt
3114 3231 3184 3286 ab
3223 3231 3380 3285 initio

1816 3341 1991 3394 usque
2015 3324 2081 3379 ad
2113 3325 2296 3379 linem.

1885 3417 1938 3471 9.
1983 3416 2244 3482 Quoniam
2267 3431 2440 3467 omnes
2468 3413 2576 3466 dies
2601 3417 2767 3466 nostri
2801 3413 3123 3481 defecerunt.
3150 3422 3200 3466 et
3222 3413 3275 3466 in
3299 3413 3382 3467 ira

1819 3520 1910 3564 tua
1934 3510 2239 3579 defecimus.
2275 3505 2584 3572 Peccatum,
2620 3504 2816 3576 inquit,
2853 3505 2988 3559 iram
3020 3515 3170 3560 tuam
3194 3506 3387 3561 adver-

1818 3618 1938 3658 sum
1991 3617 2091 3657 nos
2143 3599 2470 3666 concitavit;
2515 3598 2594 3652 ira
2639 3611 2766 3651 vero
2813 3597 3136 3667 supplicium
3171 3597 3385 3665 intulit;

1821 3694 2144 3764 supplicium
2204 3692 2421 3747 dolores
2469 3688 2701 3743 induxit.
2737 3687 2797 3741 In
2850 3687 3135 3742 doloribus
3185 3689 3387 3758 quippe

1821 3787 2094 3840 modicum
2133 3784 2258 3839 vitae
2305 3790 2507 3835 nostra:
2555 3790 2766 3849 tempus
2814 3781 3201 3850 transegimus.
3246 3781 3388 3835 Anni

1823 3877 1988 3931 nostri
2021 3876 2158 3929 sicut
2182 3889 2376 3927 aranea
2406 3872 2816 3924 meditabantur.
2849 3867 2993 3924 Nihil
3026 3870 3267 3933 ﬁrmum.
3303 3871 3391 3927 in—

1822 3970 1961 4042 quit,
1993 3969 2127 4022 nihil
2156 3967 2348 4023 stabile
2374 3976 2581 4020 naturte
2606 3974 2804 4018 nostra:
2834 3964 2977 4021 inest
3007 3980 3023 4017 :
3059 3963 3233 4019 instar
3269 3978 3391 4019 ara-

1825 4077 1939 4116 nea:
1968 4061 2124 4115 l'acile
2151 4059 2493 4129 discerpitur.

1896 4155 1981 4210 10.
2024 4154 2147 4208 Dies
2192 4169 2450 4206 annorum
2494 4159 2789 4204 nostrorum
2817 4149 2872 4201 in
2901 4149 3029 4218 ipsis
3064 4150 3394 4218 septuaginta

1827 4250 1977 4314 anni,
2007 4255 2111 4302 etc.
2146 4244 2335 4299 lsthazc
2364 4241 2562 4297 similia
2598 4248 2726 4296 sunt
2761 4238 2829 4294 iis
2850 4254 2972 4309 quae
2994 4237 3129 4294 dixit
3165 4241 3396 4309 patriar-

1827 4339 1930 4393 cha
1963 4336 2129 4392 Jacob
2159 4358 2172 4389 :
2205 4334 2330 4388 Dies
2364 4334 2464 4387 mei
2487 4334 2642 4402 pauci
2671 4342 2717 4384 et
2751 4331 2900 4394 mali,
2939 4347 3040 4383 non
3060 4341 3395 4398 peruenerunt

1829 4429 1898 4480 ad
1936 4429 2045 4481 dies
2091 4437 2302 4495 patrum
2347 4441 2577 4478 meorum
2595 4424 2661 4476 °°.
2698 4421 2837 4475 Sunt
2882 4421 3066 4491 itaque
3115 4422 3209 4492 qui
3257 4420 3394 4476 uitra

113 4516 232 4568 Εἰσὶ
264 4516 378 4586 μὲν
408 4508 520 4567 οὖν
547 4513 597 4566 οἶ
630 4510 722 4564 καὶ
755 4510 973 4564 πλείονα
1001 4507 1096 4560 τοῦ
1141 4506 1428 4577 εἰρημένου
1463 4504 1708 4560 διαδιοῦσ

1834 4521 2147 4590 praedictum
2181 4529 2392 4588 tempus
2420 4517 2584 4570 vitam
2629 4513 2954 4578 extrahunt;
3000 4511 3095 4566 sed
3130 4513 3184 4566 id
3213 4514 3397 4582 paucis

111 4609 304 4678 χρόνον
323 4625 337 4637 ·
373 4605 514 4659 ἀλλ’
547 4605 721 4657 ἐκεῖνο
745 4603 833 4654 ἐπ’
869 4601 1064 4669 ὀλίγων
1094 4599 1394 4669 συμϐαίνει.
1431 4596 1504 4653 Τὸ
1530 4597 1587 4649 δέ
1614 4613 1730 4650 κοι-

110 4703 196 4754 νὺν
222 4701 330 4756 καὶ
358 4699 451 4762 ὡς
483 4695 715 4750 ἐπὶτῶν
743 4694 1009 4748 πλείστων
1054 4690 1289 4762 κρατοῦν
1329 4687 1559 4744 ἐνταῦθα
1590 4689 1733 4742 διδὰ·

112 4811 250 4850 σκει.
296 4793 550 4859 Ὠσπερ
571 4787 680 4859 γὰρ
697 4787 807 4841 τῶν
832 4786 1077 4857 πρόωρον
1100 4783 1403 4855 δεχομένων
1432 4781 1530 4852 τὴν
1553 4781 1735 4834 τελευ-

111 4888 202 4957 τὴν
226 4889 339 4940 οὐκ
371 4883 699 4952 ἐποιήσατο
720 4881 941 4951 μνήμην
958 4917 973 4943 ,
1003 4878 1145 4931 οὕτω
1173 4893 1279 4928 των
1303 4874 1508 4944 σφόδρα
1549 4873 1736 4943 γερόν-

111 5000 210 5037 των
234 4980 321 5053 τῷ
356 4974 680 5052 μακροσίῳ
705 4971 1113 5028 καταλέλοιπεν.
1186 4966 1318 5022 Ἀλλ’
1345 4968 1494 5036 ὅμως
1515 5005 1529 5029 ,
1578 4966 1732 5036 φησι,

111 5077 199 5129 καὶ
225 5078 255 5129 ὁ
289 5071 538 5145 βραχὺς
572 5061 724 5130 οὗτος
766 5066 957 5138 χρόνος
995 5063 1186 5134 ὀδύνης
1224 5061 1319 5116 καλ⁹
1363 5059 1538 5113 πόνων
1568 5058 1738 5128 ἐμπέ-

113 5169 380 5242 πλησται.
433 5165 588 5217 Ὅτι
623 5159 847 5228 ἐπῆλθε
882 5157 1142 5226 πραότης
1167 5155 1258 5223 ἐφ’
1281 5149 1456 5221 ἡμᾶς,
1485 5149 1584 5202 καὶ
1611 5164 1742 5202 παι-

112 5241 592 5331 δευθησόμεθα.
637 5250 854 5323 Ἐπειδὴ
881 5251 1070 5322 νεκρός
1094 5265 1178 5312 τις
1204 5246 1298 5299 καὶ
1329 5241 1548 5312 εὐτελὴς
1571 5244 1598 5295 ὀ
1630 5241 1740 5311 βίος

1832 4610 2116 4681 contingit.
2137 4609 2237 4665 Hic
2263 4619 2441 4663 autem
2469 4604 2743 4675 signiﬁcat
2766 4603 2909 4673 quod
2939 4603 3101 4673 vulgo
3125 4603 3324 4668 evenit,
3346 4613 3395 4658 et

1834 4703 1886 4755 in
1927 4701 2174 4774 pluribus
2217 4699 2531 4768 contingere
2573 4694 2728 4753 solet.
2760 4694 3222 4762 Quemadmodum
3252 4697 3398 4751 enim

1833 4794 2164 4848 mentionem
2213 4808 2320 4846 non
2373 4790 2504 4844 fecit
2540 4805 2729 4845 eorum
2758 4788 2849 4858 qui
2873 4796 3197 4857 praematura
3228 4798 3400 4842 morte

1833 4888 2127 4949 tolluntur,
2161 4886 2240 4940 sic
2273 4899 2367 4938 eos
2399 4883 2493 4952 qui
2523 4883 2588 4937 ad
2618 4889 2915 4936 extremam
2946 4888 3278 4936 senectutem
3304 4895 3400 4934 ve-

1836 4981 2012 5042 niunt,
2055 4987 2237 5046 utpote
2263 4976 2580 5048 grandaevos
2615 4973 2978 5044 praetermisit.
3005 4974 3283 5035 Attamen,
3314 4972 3400 5026 in-

1837 5074 1973 5143 quit,
2006 5071 2264 5140 perbreve
2287 5069 2417 5123 illud
2438 5077 2678 5138 tempus,
2705 5067 2912 5122 doloris
2935 5072 2989 5120 et
3010 5063 3258 5119 laborum
3292 5065 3400 5134 ple-

1839 5181 1967 5219 num
2003 5173 2102 5217 est.
2133 5161 2396 5228 Quoniam
2430 5161 2719 5228 supervenit
2745 5157 3109 5222 mansuetudo,
3151 5165 3201 5210 et
3243 5159 3393 5210 corri-

1839 5258 2060 5326 piemnr.
2095 5253 2363 5322 Quoniam
2400 5269 2497 5308 ceu
2526 5262 2737 5308 mortua
2771 5263 2823 5306 et
2851 5249 3142 5305 admodum
3174 5249 3296 5302 vilis
3324 5257 3402 5300 est

112 5353 287 5426 ἡμῶν,
326 5351 438 5407 καὶ
475 5346 555 5401 οὐ
585 5342 925 5413 γινώσκομεν
945 5341 999 5395 τί
1036 5341 1186 5394 ἔσται
1225 5338 1356 5407 ἡμῖν
1395 5332 1530 5404 μετὰ
1569 5332 1711 5386 ταῦτε

1843 5351 1950 5403 vita
1983 5356 2190 5415 nostra,
2230 5359 2283 5403 et
2327 5346 2642 5416 ignoramus
2684 5343 2813 5413 quid
2851 5342 3008 5399 nobis
3042 5350 3168 5410 post
3200 5340 3312 5394 haec
3343 5340 3404 5394 al'

244 5446 347 5500 τοῦ
387 5442 664 5514 κράτους
706 5451 832 5488 σουο
890 5434 1075 5486 τούτου
1113 5431 1271 5502 χάριν
1327 5426 1516 5497 πράως
1538 5464 1553 5488 ,
1588 5423 1742 5496 φησι,

120 5539 422 5596 παίδευσον
455 5532 653 5604 ἡμᾶς.
686 5527 761 5580 Τὸ
783 5531 912 5598 γὰρ,
945 5527 1243 5595 ἐπῆλθεν,
1269 5520 1398 5574 ἀντὶ
1433 5517 1527 5572 τοῦ
1552 5558 1567 5581 ,
1597 5517 1746 5572 ἐπέλ-

186 5825 232 5856 "
271 5818 494 5876 Μαιιιι.
540 5822 724 5873 xxv",
752 5806 843 5860 ‘25.
921 5806 964 5836 “
1003 5806 1136 5861 Gen.
1174 5819 1340 5872 sun,
1378 5803 1426 5857 9.

1844 5441 2072 5514 imperio
2120 5449 2214 5496 tuo
2261 5439 2503 5495 futurum
2536 5438 2642 5505 sit;
2695 5437 2836 5503 ideo,
2867 5434 3065 5505 inquit,
3094 5448 3218 5489 cum
3255 5447 3381 5485 man

1846 5536 2132 5595 suetudine
2175 5535 2388 5606 corripe
2419 5548 2539 5588 nos.
2587 5530 2722 5587 Nam
2759 5529 2910 5596 illud,
2953 5530 3266 5596 supervenit,
3293 5538 3404 5594 pro.
