4094 6312
702 372 806 428 399

1558 357 1614 410 S.
1660 351 2028 409 ATHANASH
2065 348 2217 404 OPP.
2257 346 2436 401 PARS
2478 346 2566 398 ιοιι.
2608 375 2675 384 --
2707 342 3109 397 ΕΧΕῧΕΤΙΩΔ.

3848 336 3946 394 400

702 481 1068 555 superveniat,
1104 477 1196 529 ait.
1222 473 1504 528 Postulaut
1535 482 1715 525 autem
1752 466 2151 536 correptionem
2182 478 2270 516 ac-
2302 468 2319 523 Α

2390 463 2474 524 ioc,
2504 462 2655 531 φηςι.
2688 460 2903 513 Δίτοῦοἰ
2930 460 2987 512 δὲ
3013 462 3110 530 τῆς
3140 458 3226 512 διὰ
3248 458 3479 528 Χριστὸν
3507 457 3755 522 παιδείας
3787 475 3949 528 μετα-

701 580 882 647 ciperc
907 588 1002 643 per
1026 568 1324 630 Christum,
1361 566 1453 635 qui
1487 572 1572 619 est
1598 564 1817 617 dextera
1850 560 2052 621 l’atris,
2087 573 2275 628 qualn-

702 674 889 726 obrem
922 668 996 722 ait
1024 686 1039 721 ι

779 764 983 829 12,15.
1026 761 1308 814 Dexteram
1366 764 1512 807 luant
1566 754 1642 805 sic
1688 762 1865 804 nolani
1919 750 2025 819 fac,
2072 759 2175 803 etc.
2215 746 2270 801 In

702 860 977 917 communi
1009 855 1246 927 positum
1280 860 1363 905 est
1403 849 1551 909 illud,
1590 858 1766 900 notam
1801 845 1907 913 fac,
1944 844 2016 897 ita
2057 851 2114 896 ut
2146 856 2273 895 sen-

704 966 799 1005 sus
825 949 895 1004 sit
929 966 943 1003 :
976 944 1166 999 Notam
1210 942 1295 996 fac
1337 940 1496 994 nobis
1543 939 1821 992 dexteram
1872 944 2042 997 tuam,
2078 934 2128 987 id
2169 943 2272 993 est,

705 1043 1014 1104 Christum;
1049 1045 1204 1090 notos
1233 1033 1318 1087 fac
1345 1030 1498 1085 nobis
1525 1044 1619 1085 eos
1648 1028 1741 1097 qui
1776 1027 1828 1080 in
1856 1026 2017 1080 corde
2055 1024 2274 1093 sapien-

705 1137 835 1188 tiam
883 1132 1124 1186 habent:
1156 1127 1231 1182 illi
1267 1134 1447 1180 autem
1499 1137 1620 1177 esse
1665 1120 1918 1173 videntur
1950 1116 2181 1187 apostoli
2222 1124 2275 1170 et

704 1224 1065 1296 evangelistze,
1097 1235 1327 1292 quorum
1353 1230 1516 1286 Opera
1547 1212 1924 1269 conversionis
1950 1209 2141 1264 modos
2161 1208 2277 1262 edi-

703 1317 956 1373 dicimus.

773 1410 861 1474 Η,
894 1408 979 1463 15.
1022 1404 1222 1476 RepIeti
1249 1420 1430 1457 sumus
1454 1418 1603 1454 mane
1626 1399 1991 1454 misericordia
2016 1408 2126 1453 tua.
2150 1397 2276 1454 Haec

704 1504 855 1556 :iittnt
883 1500 1038 1570 quasi
1062 1500 1172 1568 jam
1204 1496 1469 1552 orationis
1512 1495 1673 1549 linem
1709 1503 1763 1547 et
1809 1508 2033 1562 scopum
2064 1493 2279 1546 invene-

707 1598 832 1649 rint.
866 1595 1083 1650 Orietur
1129 1605 1365 1659 namque
1412 1589 1519 1643 illis
1554 1586 1648 1641 Sol
1678 1586 1903 1656 iustitia:
1931 1587 1985 1640 in
2020 1601 2279 1639 consum-

709 1686 944 1741 matione
981 1684 1163 1738 saeculi
1193 1682 1377 1750 hujus.

776 1778 865 1832 l6.
907 1777 1121 1844 Respice
1150 1777 1204 1828 in
1236 1790 1407 1829 seri-os
1442 1786 1581 1839 tuos,
1613 1782 1660 1825 et
1700 1774 1753 1825 in
1782 1788 1939 1840 opera
1968 1780 2082 1824 tua.
2117 1771 2272 1833 Illud,

2380 555 2594 617 λαϐεῖν,
2631 555 2687 616 ὃς
2722 555 2834 605 ἐστι
2868 551 3016 617 δεξιὰ
3043 551 3135 603 τοῦ
3168 550 3407 621 Πατρὸςο
3436 549 3514 602 διό
3548 566 3713 619 φησι·

2456 735 2572 801 Thr
2604 733 2807 797 δεξιάν
2834 749 2949 788 σου
2982 733 3167 797 οὕτως
3192 731 3483 802 γνώρισον
3502 748 3622 801 μοι.
3680 732 3815 784 Ἀπο
3840 748 3952 784 κοι-

2382 824 2472 878 νοῦ
2502 826 2580 888 τὸ,
2612 824 2923 895 γνώρισον,
2949 824 3035 877 ἴνα
3112 840 3125 854 ·
3159 824 3267 883 Καὶ
3295 822 3559 893 γνώρισον
3592 824 3725 893 ἡμῖν
3750 820 3956 893 τὴνρε-

2383 917 2499 982 ξιάν
2535 934 2625 969 σου
2652 956 2666 980 ,
2697 916 2939 969 τουτέστι
2966 915 3198 987 Χριστόν
3223 935 3235 945 ·
3287 914 3549 985 γνώρισον
3580 915 3639 967 δὲ
3670 916 3805 985 ἡμῖν
3834 915 3955 978 τοὺς

2381 1011 2445 1078 τῇ
2478 1007 2671 1078 καρδίᾳ
2689 1006 2786 1077 τὴν
2808 1008 2996 1076 σοᾳίαν
3020 1007 3238 1078 ἔχοντας
3255 1026 3269 1040 °
3291 1001 3436 1059 οὗτοι
3456 1008 3499 1060 δ’
3523 1007 3589 1061 ἂν
3613 1003 3724 1060 εἷεν
3745 1010 3794 1061 οἱ
3815 1007 3956 1076 ἅγιοι

2382 1097 2662 1151 ἀπόστολοι
2690 1100 2783 1152 καὶ
2812 1098 3214 1168 εὐαγγελισταὶ,
3247 1099 3311 1152 δι’
3342 1092 3415 1153 ὧν
3439 1101 3529 1152 καὶ
3556 1098 3841 1170 ἐμάθομεν
3860 1099 3957 1169 τῆς

2383 1190 2714 1261 ἐπιστροφῆς
2750 1193 2875 1255 τοὺς
2904 1192 3156 1262 τρόπους.

2466 1394 2955 1462 Ἔνεπλιξσθημεν
2992 1392 3057 1445 τὸ
3091 1394 3240 1459 πρωῒ
3276 1391 3383 1446 τοῦ
3412 1392 3624 1457 ἐλέους
3654 1408 3797 1446 σου.
3876 1393 3961 1454 Ὡς

2383 1487 2481 1557 ἥδη
2524 1488 2621 1557 τῆς
2656 1487 2817 1557 εὐχῆς
2867 1487 3116 1557 εὑρόντες
3152 1485 3211 1537 τὸ
3259 1485 3432 1552 πέρας
3455 1484 3521 1538 τά
3550 1484 3731 1537 τοιάδε
3776 1486 3957 1554 φασίν.

2397 1577 2667 1631 ’Λνατελεῖ
2687 1578 2795 1648 γάρ
2811 1579 2905 1629 καὶ
2935 1577 3116 1639 αὐτοῖς
3138 1577 3167 1628 ὁ
3184 1574 3369 1639 Ἤλιος
3379 1576 3477 1647 τῆς
3500 1575 3853 1645 δικαιοσύνης
3875 1577 3964 1629 ἐπὶ

2387 1668 2665 1740 συντελείᾳ
2689 1669 2784 1722 τοῦ
2818 1668 3012 1732 αἰῶνος
3048 1668 3262 1723 τούτου.

2454 1758 2562 1810 Καὶ
2598 1758 2686 1810 ἴδε
2712 1756 2810 1809 ἐπὶ
2850 1757 2988 1822 τοὺς
3011 1756 3268 1823 δούλους
3290 1772 3429 1823 σου,
3458 1757 3559 1811 καὶ
3594 1759 3694 1812 ἐπὶ
3727 1760 3801 1813 τὰ
3826 1759 3969 1827 ἔργα

708 1872 923 1941 respice,
966 1884 1159 1923 rursus
1201 1869 1438 1937 positum
1468 1881 1587 1935 pro,
1622 1865 1928 1933 respexisti,
1976 1864 2028 1917 id
2062 1876 2164 1927 est,
2199 1864 2279 1917 in—
2313 1833 2319 1891 1

2390 1862 2519 1901 σου.
2552 1847 2653 1910 Τὸ,
2681 1846 2771 1899 τὸε
2789 1888 2803 1911 ,
2850 1846 3011 1900 πάλιν
3038 1848 3158 1902 ἀντὶ
3195 1846 3286 1901 τοῦ
3306 1889 3320 1911 ,
3360 1847 3462 1911 ἴδες
3482 1888 3496 1912 ,
3528 1850 3649 1919 ἦτοι
3677 1849 3966 1919 ἐπεσκέψω

709 1963 929 2033 spexisli
960 1976 1143 2016 servos
1175 1969 1296 2015 tuos
1327 1969 1382 2014 ct
1406 1974 1567 2028 opera
1612 1973 1870 2011 manuum
1909 1968 2152 2015 tuarum.
2180 1956 2283 2012 Per

707 2070 870 2127 quam
900 2054 1283 2114 visitationem,
1306 2050 1649 2121 splendorem
1677 2066 1741 2105 ac
1771 2050 1953 2103 lumen
1981 2048 2076 2101 Dei
2108 2049 2281 2103 nostri

710 2151 974 2214 videntes,
1003 2163 1067 2202 ac
1086 2145 1357 2211 conversi,
1382 2152 1589 2198 rectam
1624 2142 1768 2195 viam
1800 2140 2281 2205 incedamus,cum

709 2239 1082 2296 conversionis
1110 2253 1276 2307 opera
1308 2234 1742 2305 impleverimus.

782 2419 866 2474 l7.
913 2415 981 2472 Et
1014 2418 1080 2470 sit
1111 2414 1354 2486 splendor
1393 2413 1602 2468 Domini
1632 2412 1728 2467 Dei
1758 2412 1925 2465 nostri
1968 2425 2122 2479 super
2168 2424 2281 2462 nos.

712 2513 819 2570 Nos
842 2511 1152 2583 splendidos
1191 2526 1254 2565 ac
1279 2510 1519 2563 illustres
1549 2506 1728 2561 etl'ecit
1747 2505 1932 2558 lumen
1958 2501 2285 2574 cognitionis

714 2607 843 2673 Dei;
871 2616 927 2660 et
951 2603 1123 2659 Judaei
1150 2611 1271 2671 post.
1296 2600 1526 2654 reditum
1567 2596 1848 2667 conspicui
1880 2596 2007 2651 item
2040 2595 2280 2650 fuerunt.

715 2698 783 2752 Et
810 2714 966 2767 opera
986 2711 1243 2749 manuum
1272 2701 1573 2747 nostrarum
1603 2691 1793 2760 dirige.
1839 2688 2014 2759 Opera
2046 2699 2172 2744 sunt
2204 2690 2283 2743 le-

715 2794 831 2860 κίεις
869 2804 1006 2859 opus
1049 2797 1251 2850 autem,
1279 2794 1360 2841 est
1390 2784 1519 2838 illud
1545 2783 1690 2853 quod
1723 2783 1775 2835 in
1810 2797 1949 2836 nova
1982 2782 2096 2852 lege
2126 2781 2287 2849 perii-

715 2884 873 2938 citur.
907 2881 1043 2937 Nam
1073 2882 1126 2935 in
1158 2878 1335 2934 Veteri
1372 2878 1508 2947 Lege
1528 2877 1680 2930 varia
1703 2886 1857 2929 erant
1884 2875 2148 2929 sacriticia
2184 2893 2197 2931 :
2230 2875 2283 2928 in

717 2975 860 3030 Nova
899 2983 1079 3029 autem
1131 2972 1281 3025 solus
1322 2967 1491 3023 Filius
1522 2967 1854 3021 immolatur.
1892 2966 1960 3019 Et
1996 2984 2123 3036 opus
2170 2984 2282 3021 ma-

717 3083 880 3121 nuum
927 3076 1228 3118 nostrarum
1275 3058 1463 3131 dirige.
1496 3060 1671 3130 Opera
1719 3077 1977 3116 manuum
2010 3071 2138 3116 sunt
2170 3062 2283 3115 sin-

2379 1941 2507 2002 τοὺς
2539 1939 2757 2003 δούλους
2808 1956 2898 1992 σου
2935 1940 3027 1992 καὶ
3058 1941 3125 1993 τά
3162 1939 3297 2011 ἔργα
3341 1940 3451 1994 τῶν
3481 1940 3680 2012 χειριῖιν
3714 1959 3835 1996 σου.
3894 1947 3966 1995 Δι’

2380 2025 2447 2103 ἦς
2476 2031 2782 2101 ἐπισκοπῆς
2813 2030 2911 2101 τὴν
2944 2030 3300 2102 λαμπρότητα
3338 2033 3432 2085 καὶ
3472 2033 3533 2086 τὸ
3561 2032 3678 2103 φῶς
3702 2034 3801 2088 τοῦ
3832 2034 3967 2088 Θεοῦ

2380 2123 2537 2195 ἡμῶν
2565 2123 2898 2194 ἑωρακότες,
2929 2124 3023 2176 καὶ
3052 2123 3477 2194 ἐπιστρέψαντες
3500 2164 3515 2187 ,
3542 2125 3968 2196 κατευθυνθείη-

2384 2232 2482 2287 μεν
2511 2217 2594 2286 ἐφ’
2623 2211 2704 2279 οἷς
2733 2216 2833 2287 τὴν
2887 2216 2984 2287 τῆς
3013 2217 3347 2288 ἐπιστροφῆς
3375 2214 3573 2288 πρᾶξιν
3607 2218 3967 2290 ἀποπληροῦ-

2386 2324 2506 2377 μεν.

2460 2399 2569 2453 Καὶ
2609 2398 2763 2451 ἔστω
2786 2399 2824 2465 ἡ
2850 2399 3199 2467 ,λαμπρότης
3225 2400 3444 2467 Κυρίου
3471 2398 3579 2453 τοῦ
3619 2398 3772 2453 Θεοῦ
3802 2398 3975 2469 ἡμῶν

2383 2488 2475 2557 ἐφ’
2502 2487 2677 2557 ἡμᾶς.
2721 2490 2831 2543 Καὶ
2858 2490 3005 2559 ἡμᾶς
3045 2487 3330 2559 λαμπροὺς
3363 2489 3454 2542 καὶ
3500 2492 3824 2560 περιφανεῖς
3868 2490 3975 2541 άπ-

2384 2584 2550 2654 ἐφηνε
2582 2584 2678 2653 τῆς
2703 2581 3030 2651 θεογνωσίας
3055 2581 3115 2634 τὸ
3145 2580 3280 2650 φῶς
3307 2580 3400 2634 καὶ
3425 2581 3667 2634 Ἰουδαῖοι
3701 2581 3843 2651 μετὰ
3874 2581 3971 2651 τὴν

2385 2675 2640 2729 ἐπάνοδον
2678 2674 3029 2744 περίϐλεπτοι
3068 2673 3228 2726 πάλιν
3261 2674 3529 2742 ἐγένοντο.
3578 2672 3690 2725 Καὶ
3721 2673 3797 2726 τὰ
3830 2674 3975 2741 ἔργα

2386 2762 2504 2816 τῶν
2534 2761 2745 2832 χειρῶν
2776 2762 2945 2832 ἡμῶν
2972 2763 3360 2816 κατεύθιννον.
3420 2764 3599 2833 Ἔργα
3630 2761 3726 2815 τοῦ
3766 2763 3936 2833 νόμου
3957 2778 3969 2788 ·

2387 2854 2545 2927 ἔργον
2570 2856 2630 2907 τὸ
2658 2858 2714 2908 ἐν
2747 2858 2811 2926 τῇ
2845 2856 2958 2926 Νέᾳ
2992 2854 3311 2926 τελούμενον
3403 2854 3491 2909 Ἐν
3525 2858 3590 2926 τῇ
3618 2854 3731 2927 γὰρ
3760 2854 3979 2924 Παλαιᾷ

2386 2948 2634 3021 διάφοροι
2662 2950 2876 3003 θυσίαι·
2911 2952 2970 3002 ὲν
3000 2951 3057 3003 δὲ
3089 2954 3155 3020 τῇ
3192 2951 3305 3022 Νέᾳ
3333 2951 3491 3021 μόνος
3528 2954 3557 3003 ὁ
3601 2950 3735 3013 Υἱὸς
3760 2949 3976 3004 θύεται.

2388 3041 2496 3095 Καὶ
2525 3042 2589 3093 τὸ
2616 3042 2789 3110 ἔργον
2815 3040 2931 3094 τῶν
2951 3041 3163 3111 χειρῶν
3184 3041 3351 3111 ἡμῶν
3375 3042 3765 3095 κατεύθυνον.
3795 3042 3973 3112 Ἔργα

719 3160 855 3230 gula:
883 3159 1123 3214 actiones
1153 3176 1167 3212 :
1209 3171 1347 3226 Opus
1372 3170 1653 3220 manuum,
1688 3162 1773 3210 est
1806 3155 2044 3226 cognitio
2067 3169 2187 3225 qua:
2216 3169 2280 3208 ex
2310 3186 2319 3232 ⁴

2392 3133 2491 3203 μὲν
2540 3133 2738 3203 χειρῶν
2767 3135 2913 3187 ἐστιν
2954 3136 2985 3204 ἡ
3023 3134 3143 3187 καθ’
3174 3134 3413 3203 ἑκάστην
3441 3132 3641 3204 πρᾶξις
3661 3149 3675 3162 ·
3722 3132 3887 3203 ἔργον
3920 3132 3979 3185 δὲ

720 3253 804 3309 his
824 3252 1019 3307 evenit.

719 3340 861 3396 Laus
886 3340 1078 3393 cantici
1104 3338 1292 3402 David,
1319 3348 1460 3391 caret
1484 3338 1821 3404 inscriptione
1842 3338 1982 3404 apud
2018 3335 2284 3392 llebra'os.

1449 3426 1567 3482 XC.

1301 3520 1701 3591 Argumentum.

724 3614 1015 3685 Postquam
1044 3614 1097 3668 in
1126 3612 1459 3683 octogesimo
1486 3628 1629 3667 nono
1656 3612 1866 3682 psalmo
1888 3609 2096 3666 Judaici
2124 3626 2291 3680 popu-

794 3705 831 3760 li
879 3706 1216 3761 aversionem
1260 3704 1595 3766 declaravit,
1645 3713 2035 3771 consequenter
2086 3703 2139 3756 in
2191 3704 2291 3757 hoc

794 3799 1006 3870 psalmo
1054 3809 1343 3865 personam
1384 3794 1591 3849 inducit
1617 3809 1808 3848 eorum
1854 3795 1948 3862 qui
1999 3811 2093 3864 per
2133 3796 2292 3850 Chri-

799 3900 944 3945 stum
993 3886 1354 3942 consummati
1389 3895 1535 3949 sunt,
1567 3895 1621 3940 et
1666 3902 1761 3955 per
1811 3901 1937 3941 eum
1984 3888 2293 3955 spirituales

797 3981 979 4035 hostes
1020 3985 1296 4047 superant,
1334 3977 1673 4049 principatus
1705 3976 1952 4032 videlicet
1976 3987 2029 4032 et
2059 3988 2294 4047 potesta-

801 4082 901 4132 tes,
931 4078 985 4125 et
1014 4079 1247 4124 rectores
1274 4068 1456 4123 mundi
1489 4070 1830 4124 tenebrarum
1870 4070 2085 4136 barum,
2116 4081 2168 4125 et
2193 4074 2295 4141 spi-

801 4162 1015 4217 ritualia
1046 4162 1317 4230 uequitim,
1346 4161 1631 4230 ipsumque
1675 4162 1940 4216 nefarium
1993 4162 2248 4217 Satanam
2278 4183 2291 4229 ;

800 4256 891 4323 qui
935 4254 1101 4308 variis
1135 4252 1311 4306 modis
1346 4252 1399 4305 in
1427 4252 1677 4321 praesenti
1725 4253 1935 4320 psalmo
1982 4254 2294 4324 signiliean-

806 4357 912 4401 tur.
945 4344 1129 4399 Timor
1175 4345 1379 4400 scilicet
1416 4353 1739 4407 nocturnus,
1775 4346 1969 4415 sagitta
2019 4348 2210 4400 volans
2242 4348 2293 4399 in

801 4439 907 4502 die,
939 4438 1210 4509 negotium
1244 4436 1625 4507 perambulatis
1671 4437 1725 4489 in
1775 4440 2033 4501 tenebris,
2066 4442 2221 4493 ruina
2244 4450 2297 4493 et

802 4531 1125 4585 diemonium
1162 4529 1537 4593 meridianum,
1572 4529 1716 4583 mille
1770 4538 1824 4583 et
1875 4531 2057 4585 decem
2104 4531 2293 4597 millia,
2329 4519 2373 4575 ι)

806 4624 973 4691 aspis,
1017 4622 1324 4683 basiliscns,
1360 4621 1444 4675 leo
1481 4631 1534 4676 et
1577 4622 1762 4676 draco.
1808 4622 2080 4677 Adversus
2137 4624 2300 4679 hosce

807 4728 999 4769 omnes
1030 4714 1233 4768 homini
1268 4713 1361 4766 Dei
1392 4714 1669 4768 victoriam
1698 4716 1942 4769 ascribit.

807 4895 860 4949 1.
903 4892 1006 4958 Qui
1041 4892 1243 4944 habitat
1290 4891 1343 4942 in
1386 4889 1648 4959 adjutorio
1690 4890 1967 4945 Altissimi.
2025 4891 2302 4962 Propltctt-

740 5002 839 5041 cus
868 4986 1112 5054 spiritus,
1147 4983 1418 5038 hominem
1442 4982 1535 5052 qui
1581 4982 1840 5036 auxiliqu
1877 4991 1930 5036 et
1970 4998 2127 5052 opem
2160 4985 2300 5051 tulit,
2330 4963 2341 4973 ’

742 5078 795 5132 id
842 5085 925 5130 est
959 5075 1259 5137 Christum,
1290 5073 1382 5143 qui
1417 5086 1498 5129 est
1528 5074 1689 5127 etiam
1718 5074 2051 5140 Altissimus,
2087 5076 2301 5130 beatum

743 5167 1017 5238 praedicat.
1052 5164 1335 5230 Quomodo
1365 5180 1472 5217 non
1519 5165 1707 5219 beatus
1733 5166 1847 5235 qui,
1887 5174 1943 5218 ut
1978 5166 2144 5221 Deum
2180 5169 2302 5222 coeli

743 5268 1104 5329 protectorem
1154 5256 1373 5311 haberet
1424 5256 1619 5325 dignus
1646 5257 1859 5312 habitus
1885 5259 2009 5312 est?
2039 5258 2105 5315 In
2128 5270 2303 5329 prote-

746 5346 913 5400 ctione
942 5344 1034 5399 Dei
1056 5343 1169 5397 caeli
1199 5344 1622 5399 commorabitur.
1649 5343 1753 5410 Qui
1786 5352 1968 5397 manet
2001 5345 2053 5398 in
2084 5344 2187 5400 hoc
2213 5346 2309 5399 ad-

743 5438 950 5509 jutorio
986 5436 1280 5507 protegitur
1308 5444 1362 5489 et
1388 5437 1709 5489 custoditur.

818 5530 875 5585 2.
920 5528 1065 5582 Dicet
1108 5527 1326 5581 Domino
1358 5542 1376 5579 :
1405 5526 1681 5595 Snsceptor
1725 5544 1865 5582 meus
1902 5545 1953 5582 es
1986 5540 2061 5583 tu.
2111 5529 2308 5601 Ecquis

752 5628 836 5674 est
859 5618 952 5689 qui
988 5618 1088 5671 hoc
1126 5615 1351 5670 Domino
1380 5616 1527 5679 dicit,
1562 5617 1663 5670 nisi
1688 5617 1853 5673 homo
1886 5618 1976 5690 qui
2009 5621 2227 5673 conlidit
2255 5620 2305 5671 in

751 5711 889 5781 ipso,
922 5719 974 5765 et
1002 5710 1161 5765 saluti
1199 5709 1315 5779 ejus
1346 5709 1562 5762 innixus
1591 5711 1709 5766 est?

2389 3227 2610 3298 χειρῶν,
2641 3228 2703 3279 ἐκ
2733 3226 2937 3279 τούτων
2975 3226 3441 3298 ἐπισυμῦαίνουσα
3467 3226 3690 3295 γνῶσις.

2375 3314 2555 3381 Αἶνος
2580 3317 2739 3383 ᾠδῆς
2778 3316 2855 3381 τῷ
2888 3317 3095 3380 Δαυῒδ,
3130 3314 3533 3386 ἀνεπίῃοαφος
3568 3318 3708 3385 παρ’
3754 3316 3981 3387 Ἐϐραί-

3053 3425 3160 3473 οις.
3227 3410 3310 3473 i".

3013 3498 3025 3514 '
3038 3498 3347 3563 Υπόθεσις.

2402 3589 2730 3653 ’Λκολούθως
2764 3588 2899 3661 μετὰ
2922 3590 2983 3642 τὸ
3017 3587 3252 3660 δηλῶσαι
3278 3586 3371 3641 τοῦ
3417 3586 3684 3641 Ἰουδαίων
3712 3586 3847 3642 λαοῦ
3876 3588 3985 3658 τὴν

2460 3682 2807 3754 ἀποστροφὴν
2842 3684 2896 3734 ἐν
2930 3679 3006 3750 τῷ
3047 3679 3391 3751 ὀγδοηκοστῷ
3426 3680 3633 3748 ἐννάτῳ
3655 3680 3887 3751 ψαλμῷ,
3922 3683 3981 3733 ἐν

2458 3774 2633 3843 τούτῳ
2685 3772 2762 3843 τῷ
2816 3771 3014 3841 ψαλμῷ
3066 3772 3126 3824 τὸ
3172 3770 3463 3841 πρόσωπον
3494 3772 3704 3839 εἰσάγει
3734 3773 3846 3826 τῶν
3890 3774 3983 3827 διά

2460 3865 2694 3938 Χριστοῦ
2720 3864 2926 3920 τελειου
2935 3864 3130 3935 μένων,
3157 3863 3249 3917 καὶ
3273 3862 3545 3917 νικώντων
3566 3864 3633 3917 δι’
3659 3864 3829 3919 αὐτοῦ
3851 3868 3983 3929 τοὺς

2464 3960 2686 4031 νοητοὺς
2723 3958 2982 4031 ἐχθροὺς,
3013 3958 3188 4028 ἀρχάς
3219 3957 3417 4029 δηλαδὴ
3448 3958 3541 4010 καὶ
3566 3957 3847 4023 ἐξουσίας,
3885 3960 3983 4012 καὶ

2461 4052 2588 4114 τοὺς
2634 4051 3080 4121 κοσμοκράτορας
3112 4049 3205 4102 τοῦ
3236 4048 3457 4111 σκότους
3490 4049 3681 4102 τούτου
3705 4089 3721 4113 ,
3777 4052 3879 4103 καὶ
3913 4050 3985 4103 τὰ

2465 4144 2808 4213 πνευματικὰ
2828 4142 2926 4212 τῆς
2954 4139 3217 4213 πονηρίας
3233 4179 3247 4202 ,
3275 4140 3367 4193 καὶ
3389 4140 3549 4193 αὐτὸν
3570 4139 3663 4193 τὸν
3691 4140 3982 4213 ἀλιτήριον

2466 4236 2729 4293 Σατανᾶν·
2770 4238 2818 4291 οἳ
2849 4238 2941 4291 καὶ
2970 4238 3321 4309 πολυτρόπως
3352 4238 3437 4292 διά
3456 4238 3563 4292 τῶν
3590 4242 3987 4313 προκειμένων

2469 4332 2983 4405 κατασημαίνονται.
3048 4331 3211 4395 Φόϐος
3249 4349 3309 4385 τε
3341 4334 3649 4403 νυκτερινὸς
3682 4338 3778 4388 καὶ
3825 4336 3985 4405 βέλος

2469 4430 2680 4501 ἡμέρας
2702 4430 3017 4499 πετόμενον,
3044 4430 3135 4483 καὶ
3165 4430 3393 4500 πρᾶγμα
3422 4429 3893 4500 διαπορευόμενον
3929 4432 3989 4482 ἐν

2474 4520 2674 4582 σκότει,
2711 4520 2802 4571 καὶ
2828 4518 3136 4589 σύμπηομα
3160 4521 3252 4573 καὶ
3278 4518 3548 4590 δαιμόνιον
3576 4519 3985 4590 μεσημϐρινὸν,

2472 4613 2565 4664 καὶ
2595 4612 2826 4681 χιλιάδες
2856 4612 2947 4664 καὶ
2980 4613 3234 4683 μυριάδες
3259 4654 3273 4676 ,
3306 4613 3398 4665 καὶ
3444 4614 3607 4675 ἀσπὶς
3634 4654 3648 4675 ,
3684 4614 3783 4665 καὶ
3824 4614 3987 4684 βασι-

2474 4702 2675 4766 λίσκος,
2700 4703 2795 4755 καὶ
2814 4703 2968 4768 λέων,
2987 4705 3076 4756 καὶ
3102 4703 3333 4772 δράκων.
3351 4703 3504 4757 Κατὰ
3525 4703 3731 4757 τούτων
3752 4704 3821 4776 δὴ
3856 4707 3993 4760 πάν-

2469 4813 2576 4847 των
2601 4794 2697 4865 τὴν
2720 4795 2874 4865 νίκην
2921 4794 3235 4865 ἀναγορεύει
3266 4794 3343 4865 τῷ
3373 4794 3465 4847 τοῦ
3497 4793 3630 4847 Θεοῦ
3675 4794 3989 4870 ἀνθρώπῳ.

2486 4889 2547 4939 '0
2582 4885 2866 4941 κατοικῶν
2889 4889 2958 4939 ἐν
2977 4888 3225 4953 βοηθείᾳ
3253 4886 3358 4940 τοῦ
3392 4886 3689 4954 Ὑψίστου.
3736 4888 3817 4943 Τὸ
3853 4908 3991 4961 προ-

2407 4979 2631 5049 φητικὸν
2658 4978 2872 5048 πνεῦμα
2903 4978 2992 5031 τὸν
3021 4978 3303 5047 ἄνθρωπον
3328 4978 3417 5030 τὸν
3446 4981 3821 5050 ποιησάμενον
3856 4980 3991 5052 βοή-

2408 5071 2555 5123 θειαν
2586 5071 2679 5123 καὶ
2704 5070 3016 5139 ἐπικουρίαν
3032 5068 3282 5140 Χριστὸν,
3305 5068 3362 5132 ὃς
3395 5071 3488 5122 καὶ
3520 5070 3664 5123 ἐστιν
3683 5070 3991 5140 ’Υψιστος,

2412 5161 2719 5231 μακαρίζει.
2746 5159 2866 5223 Πῶς
2888 5160 2996 5230 γὰρ
3018 5161 3077 5211 οὺ
3102 5160 3365 5230 μακάριος
3385 5162 3412 5213 ὁ
3431 5160 3521 5212 τὸν
3542 5161 3673 5214 Θεὸν
3692 5162 3792 5214 τοῦ
3818 5165 3995 5235 οὖρα-

2407 5254 2499 5307 νοῦ
2527 5258 2831 5323 σκεπαστὴν
2861 5252 3001 5322 ἔχειν
3029 5250 3276 5316 ἀξιωθείς
3301 5270 3314 5318 ;
3351 5253 3451 5305 Ἐν
3477 5252 3671 5321 σκέπῃ
3693 5254 3809 5307 τοῦ
3836 5257 3997 5311 Θεοῦ

2407 5344 2513 5397 τοῦ
2538 5343 2795 5411 οὐρανοῦ
2826 5342 3275 5409 αὑλισθήσεται.
3326 5343 3385 5393 ’0
3414 5343 3590 5411 μένων
3617 5344 3675 5395 ὲν
3702 5344 3895 5416 ταύτῃ
3927 5349 3997 5417 τῇ

2412 5435 2627 5507 βοηθείᾳ
2657 5434 2910 5487 σκέπεται
2936 5434 3028 5487 καὶ
3061 5433 3404 5501 φυλάσσεται.

2492 5528 2647 5595 Ἐρεῐ
2670 5526 2748 5592 τῷ
2781 5529 3003 5594 Κυρίῳ·
3052 5524 3452 5593 ’Λντιλήτττωρ
3477 5542 3596 5591 μου
3628 5521 3700 5581 εἷ.
3759 5526 3887 5581 Καὶ
3914 5528 4000 5591 τις

2409 5624 2435 5673 ὁ
2465 5620 2538 5694 τῷ
2563 5618 2747 5689 Κυρίῳ
2777 5619 2946 5685 λέγων
2975 5618 3007 5689 ἢ
3036 5617 3315 5686 ἄνθρωπος
3341 5618 3370 5667 ὁ
3401 5602 3784 5681 πεποιθὼςέτε
3814 5620 3996 5692 αὐτῷ,

2412 5708 2501 5765 κάὶ
2528 5714 2618 5765 ἐπὶ
2647 5714 2708 5781 τῇ
2740 5710 2977 5780 conﬁgi;
3005 5709 3166 5763 αὑτοῦ
3192 5709 3633 5780 ἐπ;ρειὸόμενος;
