4094 6312
710 370 820 428 403

783 490 872 544 15.
896 485 1066 557 Super
1108 483 1342 554 aspidem
1369 491 1420 536 et
1468 479 1774 534 basiliscum
1800 477 2116 531 ambulabis.
2154 473 2273 530 Non
2306 481 2350 536 Α

713 579 911 641 solum,
939 577 1136 649 inquit.
1172 589 1206 628 o
1256 575 1422 642 homo
1482 569 1598 632 Dei,
1654 568 1792 623 nihil
1835 568 1962 622 mali
2017 566 2274 637 patieris;

713 673 807 727 sed
830 670 992 725 etiam
1020 669 1193 739 ipsam
1224 666 1511 736 spirituum
1545 662 1943 717 multitudinem
1991 661 2057 715 ad
2117 660 2279 729 pedes

711 778 836 820 tuos
860 763 1121 833 deiectam
1153 759 1381 824 videbis,
1424 759 1498 812 ita
1525 767 1585 811 ut
1611 772 1734 811 cum
1772 754 1920 810 omni
1950 751 2277 809 conﬁdentia

709 871 900 913 eorum
940 854 1118 925 capita
1151 853 1348 907 calces.

783 949 869 1003 ﬂ.
898 948 1162 1014 Quoniam
1198 947 1254 1000 in
1283 953 1362 998 ine
1384 944 1608 1015 speravit
1642 941 1874 996 liberabo
1912 940 2280 996 eum.lnducit

711 1057 1001 1112 personam
1035 1040 1127 1095 Dei
1165 1038 1565 1110 promittentem
1605 1036 1884 1107 praemium
1918 1035 2063 1101 ﬁdei,
2091 1034 2280 1089 videli-

713 1147 798 1191 cet
824 1137 1077 1190 salutem.
1122 1133 1245 1188 Haec
1295 1134 1515 1187 demum
1574 1133 1648 1184 ait
1710 1133 2086 1185 universorum
2113 1127 2276 1193 Deus,

711 1230 914 1283 docens
945 1228 1038 1297 qui
1063 1228 1130 1282 sit
1183 1226 1294 1296 spei
1338 1226 1566 1279 fructus.
1627 1222 1892 1278 Libcrabo
1937 1221 2080 1276 enim
2129 1236 2275 1286 eum,

711 1321 910 1390 inquit,
940 1335 1006 1373 ex
1033 1319 1308 1388 praédictis
1337 1333 1459 1372 cum
1495 1317 1798 1371 visibilibus
1848 1323 1960 1368 tum
1995 1313 2280 1368 invisibili-

711 1413 813 1467 bus
861 1411 1289 1474 insidiatoribus,
1345 1425 1467 1463 eum
1526 1423 1619 1478 spe
1674 1407 1920 1470 vallabo;
1973 1404 2275 1461 custodiam

711 1520 858 1568 eum,
892 1505 1200 1573 loquentem
1247 1501 1464 1556 audiam
1516 1511 1571 1556 et
1621 1499 2070 1568 supplicationem
2128 1498 2278 1550 erci-

709 1598 876 1666 piam.
897 1594 1177 1665 Protegam
1201 1610 1341 1657 eum,
1361 1594 1606 1662 quoniam
1629 1591 1863 1660 cognouit
1881 1604 2064 1641 nomen
2085 1605 2274 1641 meum.

709 1683 827 1736 Non
875 1684 1050 1736 solum
1096 1682 1165 1735 ab
1211 1681 1624 1737 insidiatoribus
1667 1694 1820 1734 meos
1858 1677 2120 1744 liberabo,
2185 1678 2276 1732 sed

709 1775 872 1826 etiam
905 1773 1356 1828 interminabilem
1380 1772 1513 1842 ipsis
1537 1773 1702 1825 vitam
1734 1771 2048 1834 concedam,
2081 1781 2136 1825 et
2157 1785 2278 1825 meo

1550 358 1606 412 S.
1650 354 2020 410 ATIIANASII
2062 353 2210 409 OPP.
2245 352 2424 407 PARS
2466 350 2556 407 Ill.
2598 381 2666 392 -—
2706 348 3120 407 EXEGETICA.

3851 339 3951 396 4οι

2459 472 2581 526 Ἐπὶ
2605 470 2833 527 ἀσπίδα
2857 470 2954 524 καί
2989 465 3360 533 βασιλίσκον
3375 461 3659 531 imbrium.
3693 458 3770 514 Οὐ
3793 459 3948 531 μόνον

2379 566 2553 630 οὐδὲν,
2573 568 2756 637 φησὶν,
2788 565 3079 635 ὑπομενεῖς
3100 560 3291 624 δεινὸν,
3323 552 3368 612 ὦ
3388 556 3641 629 ἄνθρωπε
3668 553 3767 608 τοῦ
3795 552 3949 618 Θεοῦ,

2381 659 2515 713 ἀλλὰ
2544 658 2638 712 καὶ
2666 655 2805 710 αὐτὰ
2841 653 2948 709 τῶν
2997 653 3320 723 πνευμάτων
3355 650 3424 703 τὰ
3465 645 3646 718 πλήθη
3679 646 3786 699 ὑπὸ
3825 644 3951 707 τοὺς

2381 749 2548 812 πόδας
2583 748 2714 812 ῐδοις
2753 744 3163 817 ὲπενηνεγμένα
3211 743 3337 804 τοὺς
3365 740 3523 804 σούς·
3561 737 3637 803 ὡς
3665 737 3763 790 καὶ
3815 735 3951 806 μετὰ

2381 841 2562 911 πάσης
2592 839 2776 903 ἀδείας
2800 839 2900 902 τὰς
2930 837 3108 891 αὐτῶν
3128 835 3388 904 πατήσεις
3408 829 3670 900 κεφαλάς.

2452 937 2578 987 Ὀτι
2595 935 2686 987 ἐπ’
2704 932 2807 1002 ἐμὲ
2824 932 3067 1001 ἤλπισε,
3082 929 3178 984 καί
3193 929 3452 996 ῥύσομαι
3472 925 3677 981 αὐτόν.
3693 919 3950 993 Εἰσφέρει

2379 1027 2438 1082 τὸ
2460 1026 2553 1080 τοῦ
2581 1026 2716 1080 Θεοῦ
2741 1025 3050 1097 πρόσωπον,
3077 1021 3266 1093 μισθὸν
3293 1018 3395 1088 τῆς
3431 1017 3665 1078 πίστεως
3695 1015 3798 1086 τὴν
3839 1030 3945 1066 σω-

2377 1121 2574 1190 τηρίαν
2621 1117 3103 1187 ἐπαγγελλόμενον.
3134 1113 3314 1167 Ταῦτα
3359 1110 3542 1164 λοιπὸν
3576 1111 3606 1163 6
3647 1107 3761 1161 τῶν
3810 1106 3944 1159 ὅλων

2378 1214 2481 1285 ἔφη
2519 1212 2670 1275 Θεὸς,
2709 1211 2969 1264 διδάσκων
2996 1207 3077 1271 τίς
3104 1207 3130 1258 6
3177 1206 3274 1276 τῆς
3308 1202 3518 1266 ἐλπίδος
3547 1199 3781 1273 καρπός.
3827 1197 3949 1251 Ῥύο

2380 1322 2540 1376 σομαι
2566 1305 2671 1374 γὰρ
2700 1303 2880 1364 αὑτὸν,
2906 1301 3086 1370 φησὶν,
3106 1301 3170 1352 ἐκ
3199 1295 3625 1366 τῶνείρημένων
3655 1290 3873 1364 ὁρατῶν
3889 1305 3950 1343 τε

2378 1394 2471 1449 καὶ
2496 1395 2741 1464 ἀοράτων
2773 1391 3088 1454 ἐπιϐούλων,
3123 1391 3189 1460 τῇ
3222 1389 3327 1459 ἐμῇ
3350 1385 3523 1440 ἐλπίδι
3573 1384 3952 1456 φραξάμενος·

2377 1486 2462 1539 διὰ
2478 1485 2634 1538 τοῦτο
2659 1483 2823 1537 αὐτὸν
2849 1481 3056 1551 φρουρὴ
3067 1497 3162 1544 σω,
3193 1479 3288 1532 καὶ
3309 1476 3600 1538 καλοῦντος
3624 1475 3954 1544 ἀκούσομαι,

2379 1579 2473 1630 καὶ
2499 1576 2595 1648 τὴν
2617 1577 2797 1646 δέησιν
2825 1573 3066 1644 δέξομαι.
3100 1571 3390 1626 Excutiam
3417 1567 3606 1622 αὐτὸν
3626 1609 3640 1631 ,
3670 1566 3764 1618 ὅτι
3805 1567 3958 1632 ἔγνω

2379 1668 2445 1720 τὸ
2470 1664 2657 1735 ὄνομά
2676 1683 2814 1733 μου.
2844 1664 2917 1716 Ού
2949 1662 3129 1734 μόνον,
3164 1659 3320 1731 φησὶ,
3357 1657 3465 1711 τῶν
3495 1655 3960 1709 ἐπιϐουλευόντων

2380 1759 2502 1820 τοὺς
2527 1756 2764 1827 ἐμαυτοῦ
2793 1755 3045 1826 ῥύσομαι,
3069 1751 3205 1806 ἀλλά
3226 1752 3335 1820 γὰρ
3358 1749 3452 1803 καὶ
3472 1749 3570 1818 τὴν
3597 1747 3957 1817 ἀτελεύτητον

713 1867 942 1921 salutari
971 1867 1164 1937 dignos
1191 1867 1421 1921 habebo.
1441 1865 1539 1920 Est
1560 1875 1738 1920 autem
1770 1865 2006 1919 salutare
2033 1873 2277 1918 nostrum

2382 1847 2559 1909 αὐτοῖς
2583 1847 2878 1917 χαρίσωμαι
2909 1842 3052 1914 ζωήν
3075 1857 3090 1870 ·
3125 1841 3220 1894 καὶ
3266 1839 3371 1910 μὴν
3415 1837 3507 1892 καὶ
3545 1836 3638 1890 τοῦ
3683 1836 3954 1906 σωτηρίου

709 1959 868 2014 Jesus
899 1959 1167 2026 Christus,
1188 1960 1280 2028 qui
1308 1973 1408 2014 nos
1432 1959 1499 2013 ad
1523 1975 1722 2015 novum
1755 1967 2028 2013 certamen
2047 1957 2274 2024 inducit,

706 2060 761 2104 et
790 2049 950 2104 eﬂicit
979 2060 1038 2106 ut
1068 2068 1192 2105 eum
1224 2051 1316 2107 illo
1351 2066 1661 2122 regnemus.

785 2234 870 2288 l5.
898 2232 1164 2287 Clamabit
1217 2233 1285 2286 ad
1329 2248 1409 2287 me
1440 2243 1488 2288 et
1531 2250 1623 2304 ego
1663 2233 1964 2288 exaudiam.
1993 2231 2126 2286 Cum
2163 2246 2275 2285 ma-

708 2342 814 2397 gna
842 2326 1038 2381 mentis
1068 2341 1198 2381 voce
1219 2326 1534 2382 clamaverit
1579 2327 1645 2380 ad
1685 2341 1794 2388 me,
1843 2340 1931 2378 me
1981 2325 2277 2378 exaudien-

709 2430 818 2474 tem
878 2426 931 2473 et
987 2428 1316 2473 annnentem
1380 2418 1482 2487 ipsi
1552 2415 1803 2486 reperiet.
1856 2413 2080 2485 Semper
2131 2415 2274 2469 enim

709 2515 900 2567 adsum
929 2512 1027 2575 illi,
1062 2513 1114 2566 in
1148 2512 1340 2580 quavis
1368 2511 1658 2565 occasione
1688 2517 1954 2564 versetur.

784 2605 869 2658 16.
906 2604 1255 2673 Longitudine
1279 2604 1480 2657 dierum
1511 2603 1714 2673 replebo
1737 2619 1876 2668 eum,
1929 2612 1977 2657 et
2006 2603 2278 2656 ostendam

709 2695 791 2748 illi
814 2695 1048 2748 salutare
1087 2711 1270 2750 meum.
1322 2693 1571 2748 Salutare
1630 2693 1761 2748 illud
1801 2703 1884 2748 est
1931 2694 2047 2763 ipse
2098 2692 2280 2746 Domi-

710 2803 814 2842 nus
849 2795 1030 2841 noster
1052 2784 1210 2840 Jesus
1237 2785 1512 2847 Christus,
1545 2786 1638 2852 qui
1691 2799 1790 2839 nos
1850 2784 1904 2836 in
1948 2799 2147 2837 novum
2182 2798 2282 2838 sa:-

708 2877 891 2929 culum
957 2874 1204 2937 induxit,
1260 2883 1314 2928 et
1367 2872 1545 2928 eﬂ‘ecit
1601 2882 1660 2926 ut
1728 2887 1851 2926 cum
1924 2873 2017 2926 illo
2089 2889 2282 2944 regna-

710 2981 820 3109 nil.“
828 2981 1072 3110 ‘II’SSALH
1081 3052 1168 3110 US
1192 3055 1383 3108 cantici
1418 3053 1590 3108 David
1627 3054 1682 3106 in
1712 3054 1797 3106 die
1824 3052 2064 3107 Sabbati.
2095 3050 2244 3108 λοι.

1288 3207 1689 3274 Argumentum.

712 3296 1115 3361 Sabbatismus,
1164 3295 1278 3352 sive
1338 3294 1658 3359 Sabbatum,
1689 3295 1904 3350 videtur
1951 3311 2073 3352 esse
2102 3295 2282 3352 futura

783 3389 1094 3448 luereditas.
1143 3389 1272 3459 quia
1335 3389 1550 3443 labores
1626 3389 1853 3457 hujusce
1904 3390 2027 3442 vita:
2070 3390 2286 3459 requies

778 3485 1049 3554 excipiet,
1104 3482 1262 3538 nobis
1344 3482 1568 3552 praemia
1627 3489 1811 3535 nostra
1873 3481 2284 3551 accipientibus.

781 3576 992 3631 Laudat
1020 3575 1182 3645 igitur
1217 3574 1450 3628 futuram
1493 3574 1637 3627 illam
1681 3573 1946 3643 requiem.

782 3738 835 3791 2.
864 3736 1074 3790 Bonum
1098 3743 1174 3788 est
1206 3731 1446 3801 conﬁteri
1500 3729 1741 3784 Domino.
1771 3729 1982 3787 Laudes
2013 3733 2283 3797 enuntiat,

711 3839 766 3884 et
796 3831 864 3884 iis
903 3827 1244 3884 celebrandis
1270 3826 1357 3880 die
1417 3833 1681 3896 nocteque
1732 3826 2102 3880 indesinenter
2127 3842 2288 3880 vaca-

713 3934 894 3979 turum
925 3937 982 3976 se
1035 3920 1322 3991 promittit,
1369 3935 1466 3988 pro
1527 3920 1691 3989 gestis
1724 3919 1931 3975 scilicet
1987 3917 2280 3987 Unigeuiti.

713 4015 918 4086 Ecquid
952 4013 1077 4069 fecit
1104 4013 1248 4068 aliud
1280 4028 1441 4084 quam
1466 4013 1610 4082 quod
1645 4013 2096 4067 resurrectionem
2128 4013 2285 4069 nobis

710 4101 956 4172 paravit?

786 4192 839 4243 5.
870 4190 952 4244 Ad
999 4189 1423 4242 annuntiandum
1472 4200 1621 4242 mane
1671 4190 2086 4244 misericordiam
2116 4200 2281 4248 tuam.

716 4279 798 4335 Ad
827 4281 1259 4335 annuntiandum
1323 4281 1562 4336 diluculo
1625 4282 2055 4336 misericordiam
2110 4290 2281 4348 tuam,

714 4383 767 4428 et
801 4371 1111 4427 ﬁrmitatem
1143 4382 1289 4427 tuam
1323 4375 1374 4427 in
1401 4383 1556 4428 nocte

783 4464 839 4520 4.
866 4463 934 4518 1η
964 4464 1289 4519 decachordo
1321 4465 1594 4533 psalterio,
1613 4480 1728 4518 cum
1756 4467 1958 4519 cantico
1982 4466 2038 4519 in
2053 4463 2279 4521 cithara.

2307 3206 2355 3269 C

2379 1935 2698 2002 καταξιώσω
2730 1935 2823 1989 τοῦ
2859 1931 3118 2005 ἐμαυτοῦ.
3166 1931 3266 2002 Εἴη
3312 1930 3369 1982 δέ
3416 1929 3477 1982 τὸ
3508 1929 3777 1998 σωτήριον
3803 1926 3960 1997 ἡμῶν

2390 2029 2594 2102 Ἰησοῦς
2655 2028 2889 2099 Χριστὸς
2913 2069 2927 2089 ,
2985 2027 3013 2079 6
3051 2027 3145 2079 καὶ
3180 2027 3260 2088 εἰς
3304 2023 3394 2077 τὸν
3427 2022 3544 2076 νέον
3586 2023 3738 2092 ἡμᾶς
3773 2019 3961 2088 ἀγῶνα

2378 2123 2632 2190 εἰσάγων,
2661 2123 2755 2174 καὶ
2787 2119 3203 2191 συμϐασιλεύειν
3225 2116 3374 2188 αὐτῷ
3396 2113 3862 2186 παρασκευάζων.

2448 2212 2805 2281 Κεκράξεται
2832 2211 2979 2280 πρὸς
3007 2211 3107 2280 μὲ,
3141 2211 3240 2264 καὶ
3267 2211 3702 2277 ἐπακούσομαι.
3736 2209 3954 2279 Κεκρα-

2376 2305 2487 2374 γὼς
2514 2305 2570 2358 δὲ
2609 2307 2674 2374 τῇ
2728 2304 2824 2374 τῆς
2855 2303 3030 2374 ψυχῆς
3068 2301 3443 2373 μεγαλοφωνίᾳ
3475 2301 3612 2371 πρὸς
3671 2300 3779 2370 ἐμὲ
3803 2341 3817 2363 ,
3866 2302 3965 2351 ἐπ-

2376 2398 2643 2453 ακούοντά
2665 2415 2752 2469 με,
2783 2398 2876 2450 καὶ
2913 2396 3224 2450 ὲπινεύοντα
3261 2395 3407 2463 αὐτῷ
3430 2395 3671 2466 εὑρήσει.
3705 2395 3823 2448 Ἀεὶ
3849 2392 3959 2464 γὰρ

2377 2491 2524 2561 αὑτῴ
2555 2492 2804 2561 πάρειμι,
2836 2489 2936 2544 κᾶν
2960 2492 3016 2543 ἐν
3048 2489 3366 2561 περιστάσει
3390 2488 3651 2559 τυγχάνῃ.

2444 2584 2796 2650 Μακρότητα
2822 2581 3054 2650 ἡμερῶν
3077 2580 3367 2649 ἐμπλήσω
3390 2579 3596 2642 αὐτὸν,
3626 2580 3728 2632 καί
3781 2578 3960 2643 δείξω

2378 2670 2536 2736 αὐτῷ
2566 2669 2631 2723 τὸ
2660 2670 2954 2737 σωτήριόν
2984 2687 3124 2739 μου.
3168 2671 3264 2740 Εἴη
3313 2670 3368 2722 δὲ
3403 2667 3559 2722 τοῦτο
3592 2668 3653 2720 τὸ
3688 2669 3964 2738 σωτήριον

2378 2761 2536 2824 αὐτὸς
2576 2761 2604 2812 6
2657 2760 2862 2830 Κύριος
2899 2759 3055 2829 ἡμῶν
3102 2758 3306 2830 Ἰησοῦς
3354 2761 3382 2812 6
3409 2759 3660 2831 Χριστὸς,
3694 2760 3724 2810 ὁ
3763 2758 3862 2810 καὶ
3888 2759 3966 2819 εἰς

2379 2854 2469 2906 τὸν
2507 2853 2625 2907 νέον
2669 2853 2815 2922 ἡμᾶς
2844 2851 3013 2904 αἰῶνα
3036 2851 3363 2920 εἰσαγαγὼν,
3395 2851 3488 2903 καὶ
3531 2848 3966 2919 συμϐασιλεῦσαι

2380 2945 2526 3016 αὐτῷ
2551 2947 2645 2999 καὶ
2673 2943 3126 3013 παρασκευάζων.

2601 3039 2906 3090 ΨΑΛΜΟΣ
2933 3034 3091 3101 ᾠδῆς
3135 3038 3222 3102 εἰς
3253 3034 3368 3101 τὴν
3390 3034 3618 3103 ἡμέραν
3640 3033 3746 3087 τοῦ

2928 3105 3248 3159 Σαόὄὰτου.
3293 3107 3407 3171 ι,Α’.

3025 3198 3350 3262 ’Υπόθεσιςκ

2401 3297 2458 3348 ’0
2489 3292 2861 3363 Σαϐϐατισμὸς
2886 3332 2901 3357 ,
2935 3290 3054 3361 ήτοι
3078 3289 3140 3342 τὸ
3173 3290 3449 3343 Σάϐϐατον
3469 3329 3482 3353 ,
3521 3287 3605 3359 εἴη
3653 3288 3720 3340 ἂν
3748 3290 3783 3358 ἡ
3837 3286 3968 3358 μέλ-

2455 3386 2617 3438 λουσα
2648 3381 3001 3454 κληρονομία,
3036 3383 3117 3434 ὅτι
3145 3381 3238 3434 καὶ
3280 3382 3582 3442 ἀνάπαυσις
3611 3380 3739 3441 τοὺς
3770 3379 3968 3434 ἐνθάδε

2456 3478 2648 3541 πόνους
2693 3476 3023 3542 διαδέξεται,
3075 3473 3174 3537 τὰς
3217 3471 3446 3544 ἀμοιϐὰς
3503 3471 3662 3543 ἡμῶν
3712 3472 3965 3543 δηλονότι

2457 3566 2898 3637 ἀποληψομένων.
2927 3565 3078 3617 Αἰνεϊ
3097 3559 3190 3618 οὖν
3213 3563 3423 3635 ἐκείνην
3455 3562 3554 3636 τὴν
3585 3563 3966 3634 γενησομένην

2455 3659 2777 3712 ἀνάπαυσιν.

2469 3747 2705 3817 Ἀγαθὸν
2743 3745 2809 3799 τὸ
2854 3744 3341 3814 ἐξομολογεῖσθαι
3371 3742 3452 3809 τῷ
3494 3744 3707 3812 Κυρίῳ.
3746 3744 3968 3798 Δῐνεσιν

2388 3837 2766 3908 προϐάλλεται,
2797 3819 2949 3907 φησι,
2978 3835 3071 3889 καὶ
3090 3834 3294 3906 ταύτην
3323 3833 3532 3906 ἡμέρας
3550 3851 3609 3887 τε
3637 3833 3733 3888 καὶ
3764 3835 3970 3897 νυκτὸς

2386 3928 2677 3991 ἀπαύστως
2709 3928 3046 3996 ὑπισχνεῖται
3083 3926 3403 3994 καταλέγειν
3429 3925 3514 3996 ἐφ’
3543 3919 3624 3989 οἷς
3658 3926 3969 3997 πεποίηκεν

2387 4021 2414 4073 6
2463 4019 2790 4089 Μονογενής.
2833 4017 2942 4069 Καὶ
2967 4015 3019 4068 τί
3067 4016 3364 4087 πεποίηκεν
3418 4015 3452 4086 ἢ
3503 4016 3603 4086 τὴν
3659 4015 3966 4068 ἀνάστασιν

2388 4112 2516 4180 ἡμῖν
2542 4107 2980 4180 παρεσκεύασεν;
3095 4163 3098 4168 _

2462 4199 2570 4254 Τοῦ
2599 4198 2993 4269 ἀναγηνέλλειν
3018 4197 3081 4251 τὸ
3114 4196 3262 4265 πρωϊ
3293 4195 3355 4250 τὸ
3386 4196 3558 4262 ἔλεός
3578 4210 3716 4250 σου.
3751 4197 3963 4266 Ἀπαγ-

2385 4292 2593 4360 γέλλειν
2628 4291 2747 4344 κατ’
2775 4289 2968 4362 ὄρθρον
2994 4287 3055 4339 τὸ
3084 4287 3228 4351 ἔλεός
3250 4305 3363 4352 σου,
3391 4287 3484 4340 καλ⁸
3506 4287 3602 4356 τὴν
3631 4285 3968 4358 βεϐαιότητα

2389 4398 2479 4434 σου
2505 4380 2643 4434 κατὰ
2681 4377 2868 4434 νύκτα.

2471 4475 2572 4527 Ἐν
2599 4470 2938 4541 δεκαχόρδῳ
2968 4467 3296 4538 ψαλτηρίῳ,
3307 4467 3436 4536 μετ’
3459 4463 3702 4535 ᾠδῆςκέν
3725 4466 3966 4534 κιθάρᾳ.

717 4556 1122 4612 Decaehordum
1160 4557 1474 4627 psalterium
1525 4557 1656 4612 dicit
1688 4572 1910 4628 corpus,
1949 4559 2090 4627 quod
2122 4558 2282 4613 habet

2389 4565 2718 4637 Δεκάχορδον
2757 4563 3054 4634 ψαλτήριον
3103 4562 3165 4614 τὸ
3207 4560 3365 4631 σῶμά
3398 4577 3591 4629 φησιν,
3638 4559 3732 4612 ἅτε
3797 4559 3968 4612 πέντε

714 4648 958 4718 quinque
997 4661 1213 4713 sensus,
1276 4657 1330 4703 et
1383 4649 1623 4718 quinque
1673 4648 1868 4702 anima:
1903 4649 2278 4718 operationes;

714 4755 812 4809 per
843 4739 1087 4810 singulos
1124 4739 1381 4795 nimirum
1425 4753 1618 4795 sensus
1668 4738 1893 4809 singulae
1937 4747 2063 4795 sunt
2088 4739 2282 4794 anima:

715 4834 1078 4902 operationes.

787 4925 840 4977 5.
875 4924 1014 4989 Quia
1074 4923 1349 4978 delectasti
1401 4941 1498 4990 me,
1541 4923 1782 4988 Domine,
1821 4924 1878 4978 in
1926 4926 2136 4993 factura
2167 4933 2279 4979 tua.

712 5013 956 5067 Cerneus
979 5021 1066 5067 tua
1092 5013 1304 5083 opiﬁcia
1326 5023 1380 5068 et
1401 5013 1724 5070 ineffabilem
1743 5014 2106 5070 oeconomiam
2132 5026 2277 5070 tuam

713 5105 928 5159 exsulto
952 5116 1004 5160 et
1045 5106 1255 5176 gaudeo
1277 5149 1291 5172 ,
1350 5117 1513 5177 atque
1539 5122 1605 5162 ex
1640 5109 1837 5164 mentis
1860 5109 2131 5178 voluptate
2180 5108 2283 5163 lin-

713 5212 874 5267 gnam
906 5197 970 5251 ad
1003 5198 1233 5269 hymnos
1266 5201 1538 5255 canendos
1573 5215 1782 5255 moveo.

786 5289 838 5343 6.
856 5290 1028 5356 Quam
1053 5291 1392 5361 magniﬁcam
1416 5303 1535 5346 sunt
1573 5310 1730 5358 Opera
1758 5305 1870 5361 tua,
1887 5294 2238 5359 Domine,etc.
2263 5297 2276 5350 ί

716 5379 830 5451 Ego
855 5382 1096 5451 quidem,
1113 5383 1210 5447 ait,
1230 5398 1390 5452 opera
1423 5395 1509 5438 tua
1536 5385 1834 5450 celebrans,
1859 5386 2277 5455 profunditatem

715 5474 1108 5543 cogitationum
1142 5485 1353 5528 tuarum
1389 5492 1732 5546 summopere
1781 5478 1967 5540 miror,
2012 5478 2199 5533 videns
2217 5493 2277 5531 ea

715 5583 836 5635 qua:
863 5568 916 5620 in
953 5569 1155 5621 mundo
1191 5568 1386 5624 fecisti.
1420 5568 1522 5623 Sed
1562 5570 1880 5635 insipientes
1914 5585 2021 5623 non
2079 5570 2275 5626 intelli-

715 5675 848 5727 gum
894 5659 1309 5726 profunditatem
1350 5662 1612 5731 mysterii.

787 5750 1219 5820 7.Virinsipicns
1263 5770 1363 5807 non
1394 5765 1682 5824 cognoscet,
1738 5767 1839 5809 etc.
1878 5754 2055 5808 Variis
2105 5755 2279 5810 modis

715 5842 817 5898 hoc
844 5846 1108 5914 enuntiat,
1154 5848 1412 5917 quoniam
1471 5849 1560 5918 qui
1612 5859 1787 5905 mente
1815 5858 2046 5919 aegrotus
2097 5859 2178 5905 est
2226 5858 2276 5904 et

2386 4658 2662 4729 αἰσθήσεις
2694 4657 2812 4726 ἔχον
2843 4655 2936 4708 καὶ
2957 4655 3116 4706 πέντε
3148 4653 3425 4724 ἐνεργείας
3468 4650 3647 4721 ψυχῆς
3669 4689 3683 4713 ,
3723 4649 3791 4703 δι’
3823 4652 3966 4704 ἐκά-

2387 4766 2520 4821 στης
2539 4749 2840 4820 αἰσθήσεως
2868 4745 3157 4816 γινομένης
3180 4743 3456 4814 ἐνεργείας
3482 4743 3737 4814 ἑκάστης.

2455 4935 2574 4988 Ὅτι
2606 4932 2907 5002 εὔφρανὰς
2934 4947 3028 5001 με,
3064 4931 3260 4998 Κύριε,
3294 4931 3364 4984 ἐν
3391 4929 3472 4995 τῷ
3502 4929 3787 5001 ποιήματι
3817 4947 3969 4986 σου.

2396 5025 2566 5097 Ὁρῶν
2597 5025 2704 5094 γάρ
2741 5041 2834 5077 σου
2872 5021 2971 5086 τὰς
3008 5021 3368 5094 δημιουργίας
3407 5022 3502 5075 καὶ
3538 5022 3639 5088 τὰς
3683 5023 3973 5096 ἀρρήτους

2383 5119 2690 5189 οἰκονομίας
2721 5117 3023 5188 ἀγάλλομαί
3073 5133 3132 5169 τε
3163 5117 3256 5170 καὶ
3297 5115 3573 5187 γάνυμαι,
3622 5118 3717 5170 καὶ
3747 5119 3816 5190 τῇ
3858 5117 3975 5189 τῆς

2381 5211 2557 5280 ψυχῆς
2588 5210 2742 5279 ἡδονῇ
2776 5207 2874 5280 τὴν
2900 5207 3146 5276 γλῶτταν
3177 5208 3255 5270 εἰς
3280 5207 3548 5278 ὑμνῳδίαν
3584 5207 3742 5262 κινῶ.

2465 5302 2559 5364 Ὠς
2585 5299 2956 5369 ἐμεγαλύνθη
2989 5299 3061 5351 τὰ
3086 5299 3228 5368 ἔργα
3254 5313 3390 5364 σου,
3415 5299 3592 5366 Κύριε
3606 5297 3624 5348 .'
3659 5297 3802 5366 Ἐγὼ
3834 5298 3970 5369 μὲν,

2383 5390 2534 5461 φησὶ,
2572 5391 2640 5443 τὰ
2689 5391 2757 5442 σὰ
2809 5390 2943 5462 ἔργα
2988 5389 3264 5460 ἀνυμνῶν,
3294 5390 3388 5442 καὶ
3422 5388 3484 5442 τδ
3511 5387 3674 5459 βάθος
3699 5389 3808 5442 τῶν
3850 5391 3973 5444 σῶν

2381 5482 2651 5552 λογισμῶν
2681 5482 3074 5552 ἐκπλήττομαι,
3106 5473 3179 5532 ῶν
3206 5480 3262 5533 ἐν
3289 5483 3352 5549 τῇ
3382 5479 3663 5551 οἰκονομίᾳ
3691 5482 3970 5549 εἰργάσω.

2395 5575 2531 5629 Ἀλλ’
2561 5577 2608 5626 οἱ
2639 5575 2868 5644 ἄφρονες
2890 5574 2949 5625 οὐ
2980 5571 3191 5624 συνιᾶσι
3217 5570 3309 5624 τοῦ
3340 5569 3638 5641 μυστηρίου
3667 5570 3728 5622 τὸ
3767 5569 3966 5640 βάθος.

2464 5758 2632 5826 Ἀνὴρ
2659 5757 2860 5827 ἄφρων
2883 5761 2954 5812 οὺ
2986 5758 3289 5827 γνώσεται.
3339 5758 3622 5828 Διαφόρως
3659 5758 3835 5814 ταῦτα
3880 5763 3974 5815 εἵ-

2386 5869 2567 5922 ρηκεν,
2602 5853 2682 5905 ὅτι
2712 5854 2737 5905 6
2761 5850 2856 5915 τὰς
2879 5851 3080 5922 φρένας
3107 5850 3275 5905 νοσῶν
3308 5849 3400 5905 καὶ
3428 5850 3696 5917 συνέσεως
3751 5850 3977 5924 ἔρημος
