4094 6312
141 399 243 452 405

1260 392 1610 448 EXPOSITIO
1651 392 1714 447 IN
1756 391 2081 446 PSALMUM
2126 391 2278 445 XCII.

3268 389 3371 446 406

141 515 346 568 τούτοιν
408 513 555 567 οὐδὲν
608 513 882 580 γινώσκει,
922 511 1041 563 οὔτε
1097 515 1200 582 μὴν
1250 511 1538 565 ἀκούσεται
1586 516 1711 583 περὶ

1822 509 2167 579 intelligentia
2203 521 2426 571 vacuus,
2457 505 2588 559 nihil
2634 505 2827 560 horum
2875 505 3168 574 cognoscit,
3199 520 3370 573 neque

146 622 367 660 τουτων.

226 696 331 749 Ἐν
386 694 467 759 τῷ
510 691 810 746 ἀνατεῖλαι
863 692 1244 760 ἁμαρτωλοὺς
1283 690 1426 743 ὡσεὶ
1476 690 1710 758 χόρτον.

149 789 205 839 Oi
233 787 310 855 μὴ
336 784 626 846 συνιέντες,
677 784 808 852 φησὶ
833 825 846 848 ,
881 784 940 835 τδ
977 785 1274 853 μυστήριον
1321 783 1473 852 δίκην
1521 781 1713 851 χόρτου

148 877 379 937 ἔσονται,
418 874 490 945 μὴ
519 875 730 945 ἔχοντες
759 875 816 926 τὸ
835 874 992 943 βάθος
1016 873 1231 945 δηλαδὴ,
1257 875 1350 927 καὶ
1381 874 1588 943 ταχέως
1615 889 1714 924 πε-

149 967 366 1019 σοῦνται
400 968 494 1018 κα“ι
523 967 584 1033 ξη
594 966 965 1035 ρανθήσονται.

216 1059 324 1111 Καὶ
356 1058 742 1125 ὑψωθήσεται
762 1054 1258 1125 ὼςμονοκέρωτος
1291 1055 1354 1108 τὸ
1388 1058 1562 1122 κέρας
1573 1073 1713 1122 μου.

149 1149 335 1212 Ὅταν,
387 1150 572 1218 φησιν,
611 1148 931 1201 ἀπολοῦνται
965 1152 1012 1201 oi
1045 1147 1227 1217 ἐχθροὶ
1270 1148 1361 1200 καὶ
1403 1148 1718 1218 διασκορπι-

152 1241 459 1309 σθήσονται,
495 1241 613 1293 τότε
645 1240 708 1310 δὴ
739 1241 854 1294 τότε
889 1241 949 1292 τὸ
974 1240 1102 1310 ἐμὸν
1129 1240 1314 1310 κέρας,
1356 1239 1628 1292 τουτέστιν
1681 1243 1713 1308 ἠ

152 1331 439 1401 βασιλείαή
463 1331 856 1401 ἡτοιμασμένη.
879 1331 1178 1402 περιφανὴς
1197 1333 1501 1402 γενήσεται.
1532 1332 1715 1401 Ἡμεῖς

153 1427 201 1478 δὲ
232 1428 278 1478 oi
311 1426 416 1496 τὴν
469 1426 569 1497 σὴν
607 1427 896 1494 ἐπίγνωσιν
936 1426 1166 1495 ἔχοντες,
1222 1427 1320 1495 τὴν
1370 1427 1475 1477 τῶν
1510 1425 1717 1494 ἐχθρῶν

154 1535 242 1570 σου
273 1518 574 1571 κατάλυσιν
608 1518 930 1588 θεασάμενοι
950 1559 962 1581 ,
1005 1519 1372 1590 γαυριάσομεν
1400 1520 1489 1571 ἐπὶ
1518 1518 1596 1570 σοὶ
1627 1519 1719 1570 καὶ

156 1608 291 1678 μέγα
348 1611 732 1680 φρονήσομενο
791 1609 884 1662 ἆτε
939 1610 1002 1680 δὴ
1055 1611 1154 1681 τῆς
1203 1608 1462 1662 πολυθέου
1513 1611 1720 1677 πλάνης

154 1699 580 1769 ἀπηλλαγμένοι,
613 1700 704 1754 καί
736 1717 794 1753 σε
831 1701 922 1753 τὸν
956 1701 1081 1753 ὄντα
1111 1701 1538 1772 προσκυνοῦντες
1569 1701 1717 1753 Θεόν.

155 1791 257 1846 Τὸν
285 1792 398 1863 γὰρ
434 1795 736 1863 μονόκερων
769 1793 998 1846 ἐνταῦθα
1033 1793 1189 1846 πάλιν
1230 1795 1580 1865 παρήγαγεν,
1635 1793 1719 1844 ἵνα

154 1883 236 1935 διὰ
275 1883 370 1936 τοῦ
425 1885 542 1947 ἑνὸς
597 1885 820 1954 κέρατος
869 1885 958 1937 τὸν
1003 1885 1097 1936 ἕνα
1154 1885 1520 1956 παραδηλ.ιῖ)σῃ
1565 1884 1716 1937 Θεόν.

157 1975 364 2045 Ὥσπερ
397 1974 508 2046 γὰρ
538 1978 710 2028 ἐκεῖνο
755 1977 812 2029 τὸ
856 1975 991 2038 ζῶον
1022 1977 1079 2027 ἒν
1113 1975 1268 2027 ἔλαϐε
1316 1975 1464 2056 παρξι
1493 1976 1589 2045 τῆς
1621 1975 1718 2042 φύ-

159 2080 286 2129 ιπως
338 2066 508 2136 κέρας
538 2083 550 2094 ·
593 2065 735 2118 οὕτω
781 2067 878 2136 τῆς
909 2066 1184 2130 εὐσεϐείας
1217 2066 1538 2136 οἱτρόφιμοι
1593 2068 1720 2136 μίαν

158 2156 592 2225 προσκυνήσουσι
612 2155 854 2224 θεότητα.
882 2155 990 2208 Kal
1018 2156 1079 2209 τὸ
1104 2155 1292 2224 γῆράς
1308 2173 1424 2224 μου
1451 2157 1518 2209 ἐν
1546 2157 1721 2223 ἐλαίῳ

160 2248 334 2298 πίονι.
365 2246 524 2300 Μετά
553 2246 678 2308 τοὺς
713 2247 926 2310 πόνους,
963 2246 1144 2317 φησὶν,
1174 2245 1266 2309 οὓς
1296 2248 1566 2317 ὑπομένω,
1602 2248 1719 2299 τότε

157 2331 217 2401 δὴ
254 2333 419 2385 οἱονεὶ
451 2333 613 2402 ἐλαίῳ
659 2334 933 2404 χρήσομαι
962 2337 1041 2398 εἰς
1087 2335 1349 2404 βασίλειον
1393 2338 1718 2407 ἱεράτευμαι

162 2423 252 2476 καὶ
279 2423 441 2476 τοῦτὸ
484 2441 572 2493 μοι
601 2424 752 2476 ἔσται
777 2425 883 2477 τῶν
914 2425 1139 2496 μακρῶν
1161 2428 1336 2479 πόλων
1368 2429 1426 2479 τὸ
1462 2428 1648 2498 γέρας.

225 2515 333 2569 Καὶ
365 2514 606 2569 ἐπεῖδεν
648 2517 1012 2585 ό-ὁρθανιμός
1057 2536 1173 2586 μου
1214 2520 1284 2571 ἐν
1340 2519 1460 2585 τοῖς
1494 2520 1725 2587 ἐχθροῖς

157 2623 289 2673 μου.
323 2607 517 2660 Ἔσται
554 2623 642 2676 μοι
697 2605 854 2660 τοῦτο
902 2608 1039 2678 μετά
1074 2609 1180 2661 τῶν
1219 2610 1390 2662 ἄλλων
1439 2609 1635 2672 καλῶν,
1665 2611 1726 2662 τὸ

159 2697 350 2768 θεατήν
399 2715 468 2767 με
509 2697 761 2766 γενέσθαι
808 2699 1116 2754 πιπτόντων
1156 2701 1264 2753 τῶν
1292 2700 1588 2753 ἐπιϐούλων
1625 2719 1723 2771 μου

163 2790 257 2860 τῆς
287 2789 487 2863 ψυχῆς·

228 2879 666 2949 Περυτευμένοι
695 2881 763 2934 ἐν
786 2881 863 2947 τῷ
891 2883 1032 2946 οἴκῳ
1059 2886 1297 2950 Κιφῖου,
1339 2880 1496 2938 οὗτοι
1519 2885 1593 2947 δὲ,
1626 2902 1728 2954 φη-

165 2974 264 3034 σίν,
297 2973 344 3024 οἱ
369 2970 581 3034 τούτοις
613 2973 999 3042 ἀπεικασμένοι
1025 2976 1133 3037 τοῖς
1171 2974 1400 3044 κέδροις,
1430 2975 1727 3044 φυτουργὸν

167 3064 259 3132 usu
295 3065 478 3132 ἔχουσι
515 3063 604 3116 τὸν
646 3064 796 3129 θεὸν,
844 3066 1163 3135 παράδεισον
1191 3066 1245 3119 δὲ
1273 3066 1361 3118 τὸν
1397 3067 1537 3120 θεῖον
1571 3065 1724 3119 νεών.

176 3150 266 3200 ‘Er
287 3149 418 3216 ταῖς
455 3151 671 3217 αὐλαῖς
697 3151 803 3205 τοῦ
832 3154 978 3207 Θεοῦ
1009 3154 1177 3222 ’ἡμῶν
1198 3155 1594 3220 ἀνθήσουσιν.
1639 3157 1726 3208 Ἐν

1815 602 2087 672 quidpiam
2120 600 2184 654 de
2212 600 2295 653 his
2321 599 2520 652 audiet.

1885 695 1936 748 8.
1971 695 2099 749 Cum
2123 694 2290 746 exorti
2321 693 2516 761 fuerint
2541 701 2829 760 peccatores
2880 691 3012 742 sicut
3046 689 3238 757 fenum.
3269 689 3370 754 Qui

1816 797 1922 836 non
1955 780 2258 848 intelligunt
2289 781 2626 849 mysterium,
2657 780 2751 846 ait,
2779 779 2934 849 quasi
2981 778 3159 832 fetuum
3189 791 3369 840 erunt,

1817 887 1924 925 non
1977 871 2236 926 habentes
2290 870 2730 940 profunditatem,
2781 885 2846 924 ac
2910 870 3017 924 cito
3062 871 3277 932 cadent,
3321 879 3372 923 et

1815 971 2080 1017 arescent.

1889 1054 1972 1107 ll.
2009 1052 2077 1105 Et
2129 1052 2452 1106 exaltabitur
2486 1052 2618 1106 sicut
2663 1053 2927 1106 unicornis
2981 1069 3140 1106 cornu
3183 1069 3370 1105 meum.

1818 1145 2064 1213 Quando,
2099 1147 2291 1213 inquit,
2324 1147 2574 1215 peribunt
2629 1144 2832 1200 inimici
2888 1154 2941 1199 et
2981 1145 3373 1214 dispergentur,

1819 1251 1948 1295 tunc
1992 1255 2160 1294 cornu
2193 1255 2394 1300 meum,
2458 1239 2701 1293 Videlicet
2745 1254 2969 1306 regnum
2999 1247 3375 1307 prcharatum,

1818 1331 2138 1400 praeclarum
2179 1331 2298 1384 erit.
2333 1329 2440 1384 Nos
2479 1341 2680 1394 autem,
2733 1331 2826 1399 qui
2855 1339 2944 1383 tua
2975 1345 3161 1384 sumus
3198 1330 3378 1399 cogni-

1820 1422 1966 1476 tione
2019 1422 2290 1484 instructi,
2345 1438 2466 1474 cum
2515 1421 2724 1474 ruinam
2778 1419 3119 1474 inimicorum
3165 1430 3376 1473 tuorum

1819 1513 2506 1582 viderimus,gloriabimur
2539 1523 2590 1567 et
2614 1514 2778 1566 altum
2815 1512 3088 1581 sapiemus
3116 1512 3169 1565 in
3197 1521 3269 1579 te,
3298 1524 3380 1566 ut-

1822 1618 1943 1676 pote
1973 1622 2002 1660 a
2027 1608 2251 1660 deorum
2285 1606 2580 1659 multorum
2636 1620 2820 1659 errore
2860 1606 3093 1669 liberati,
3128 1615 3181 1658 et
3208 1616 3260 1660 te
3287 1605 3379 1673 qui

1823 1715 1944 1754 Vere
1973 1699 2115 1754 Deus
2150 1713 2208 1752 es
2245 1698 2553 1752 adorantes.
2583 1696 2716 1751 Nam
2770 1699 3031 1752 unicornu
3065 1700 3150 1754 hic
3191 1699 3378 1751 iterutn

1823 1790 2125 1858 proposuit,
2159 1797 2216 1842 ut
2245 1804 2339 1858 per
2390 1803 2560 1842 unum
2615 1803 2804 1851 cornu,
2839 1803 3005 1840 unum
3058 1787 3381 1856 significaret

1755 1864 1792 1920 Β
1824 1884 2012 1938 Deum.
2039 1883 2506 1949 Quemadmodum
2545 1882 2685 1936 enim
2721 1881 2850 1935 illud
2883 1881 3100 1942 animal,
3157 1894 3320 1932 unum
3352 1896 3380 1930 ιι

1822 1985 2016 2029 natura
2066 1991 2234 2030 cornu
2292 1977 2540 2044 accepit;
2575 1975 2652 2028 sic
2696 1975 2898 2028 alumni
2959 1974 3175 2043 pictatis
3220 1989 3380 2026 uuam

1823 2066 2127 2120 adorabunt
2153 2067 2422 2120 deitatem.
2464 2065 2526 2116 Et
2555 2075 2786 2119 senectus
2821 2082 2933 2117 mea
2983 2067 3034 2117 in
3059 2066 3167 2118 oleo
3187 2064 3380 2134 pingui.

1823 2155 1948 2208 Post
1977 2155 2188 2209 labores
2241 2170 2382 2223 quos
2434 2154 2690 2218 sustinui,
2734 2154 2929 2224 inquit,
2981 2165 3106 2208 tunc
3135 2170 3232 2207 ceu
3267 2155 3384 2208 oleo

1824 2257 1943 2300 utar
1978 2248 2042 2300 ad
2075 2246 2251 2316 regale
2311 2247 2710 2313 sacerdotium;
2756 2257 2809 2301 et
2853 2247 2952 2301 hoc
3005 2247 3105 2302 erit
3159 2243 3292 2301 mihi
3333 2247 3383 2298 in

1823 2340 2200 2394 diuturnorqu
2232 2339 2473 2392 laborum
2509 2339 2812 2407 prtemium.

1897 2496 1981 2548 l2.
2045 2494 2109 2547 Et
2160 2494 2380 2563 respexit
2432 2495 2611 2548 oculus
2654 2510 2793 2546 meus
2854 2493 3087 2546 inimicos
3137 2509 3295 2546 meos.
3328 2489 3386 2546 ll

1828 2589 1954 2642 mihi
1988 2590 2127 2640 inter
2153 2589 2257 2640 alia
2283 2588 2424 2642 bona
2458 2586 2878 2656 computabitur,
2901 2584 3043 2655 quod
3072 2585 3387 2640 cadentibus

1827 2680 2235 2734 insidiatoribus
2266 2679 2459 2732 animae
2523 2695 2673 2744 ntere,
2727 2678 2952 2748 hujusce
2987 2679 3062 2732 rei
3121 2687 3386 2748 spectator

1825 2788 1922 2842 ego
1963 2771 2066 2825 iuet
2083 2772 2176 2826 im.

1903 2865 1987 2925 15,
2023 2865 2109 2918 Η.
2139 2862 2375 2916 Plantati
2408 2865 2460 2917 in
2499 2863 2650 2917 donto
2681 2863 2910 2916 Domini.
2945 2861 3029 2924 lli,
3071 2863 3264 2932 inquit,
3296 2863 3388 2932 qui

1830 2957 2005 3010 cedi-is
2035 2957 2140 3010 illis
2171 2959 2376 3012 similes
2414 2968 2559 3023 sunt,
2625 2958 2887 3012 cultorem
2937 2956 3136 3010 habent
3189 2955 3387 3018 Deum;

1829 3047 2140 3114 paradisum
2176 3063 2320 3109 vero,
2367 3048 2607 3100 divinum
2665 3048 2944 3116 templum.
3001 3045 3066 3100 In
3111 3048 3263 3100 atriis
3297 3045 3389 3099 Dei

1833 3138 1999 3191 nostri
2029 3138 2390 3206 ﬂorebunt.lu
2439 3139 2687 3207 supernis
2746 3139 2948 3194 scilicet
2999 3137 3388 3201 mansionibus,

163 3243 276 3305 ταῖς
302 3243 414 3296 ἄνω
438 3243 680 3314 δηλονότι
705 3247 910 3314 μοναῖς,
934 3246 998 3308 ἃς
1025 3247 1116 3299 καὶ
1141 3246 1309 3309 αὐλὰς
1337 3244 1472 3300 εἶναι
1501 3247 1591 3300 τοῦ
1622 3249 1724 3299 Κυ-

1831 3245 1963 3298 quas
1989 3231 2125 3284 atria
2154 3246 2274 3284 esse
2297 3228 2506 3283 Domini
2541 3229 2690 3282 dicit.

168 3333 277 3402 ρίου
306 3334 493 3405 φησίν.

237 3426 368 3479 Ἔτι
397 3425 931 3494 πληθυνθήσονται
957 3426 1025 3479 ἐν
1057 3427 1209 3496 γήρᾳ
1252 3427 1410 3482 πίονι
1432 3467 1445 3489 ,
1487 3427 1584 3482 καί
1629 3429 1729 3482 εὑ-

165 3519 498 3583 ςταθοῦντες
528 3519 796 3572 ἔσονται.
830 3519 920 3581 Τὸ,
955 3517 1344 3582 εὐπαθοῦντες,
1372 3521 1489 3573 ἀντὶ
1521 3520 1635 3583 τοῦ,
1671 3516 1730 3574 εὖ

169 3606 484 3675 πάσχοντες.
532 3605 944 3674 ’Ᾱποδοθὴσεται
985 3606 1092 3676 γὰρ
1125 3609 1306 3670 αὐτοῖς
1345 3607 1383 3662 ἂ
1429 3611 1733 3680 ὀφθαλμιὶς

168 3697 274 3747 οὐκ
293 3691 436 3759 εἶδε,
475 3695 572 3747 καί
597 3689 706 3760 οὖς
729 3696 836 3748 οὐκ
861 3693 1145 3762 ἤκουσεν.

237 3787 365 3840 Ὀτι
395 3787 584 3854 εὺθὴς
611 3790 643 3840 ὀ
680 3789 892 3855 Κύριος
919 3791 950 3841 ό
984 3787 1126 3853 Θεὸς
1155 3787 1338 3857 ἡμῶν.
1395 3788 1642 3842 Ἐπειδὰν
1677 3791 1734 3841 ἐν

166 3880 284 3943 ταῖς
329 3879 444 3934 ἀνω
498 3881 685 3950 μοναῖς
736 3881 1012 3951 γενόμενοι
1063 3881 1374 3935 ἀπολαύωσι
1422 3881 1489 3934 τὰ
1513 3884 1734 3952 ἡτοιμα-

170 3972 336 4042 σμὲνα
366 3961 568 4040 ἀγαθὰ,
600 3973 720 4025 τότε
751 3972 813 4043 δὴ
841 3972 960 4027 τότε
993 3975 1086 4027 καὶ
1141 3973 1339 4043 ταύτην
1377 3973 1735 4042 ἀναγγελοῦσι

167 4065 260 4135 τὴν
283 4065 490 4136 φωνὴν,
522 4064 597 4129 ὼς
616 4065 820 4130 δίκαιος
851 4068 946 4120 καλ⁵
971 4067 1133 4138 εύθὴς
1157 4066 1308 4118 ἔσται
1350 4068 1378 4120 ὁ
1415 4066 1636 4138 Κύριος,
1680 4067 1736 4130 ὃς

169 4157 290 4220 τοὺς
327 4157 430 4226 μὲν
457 4158 807 4227 παρανόμους
833 4158 926 4209 καὶ
954 4157 1169 4221 ἀσεϐεῖς
1198 4157 1353 4227 δίκην
1388 4156 1578 4226 χόρτου
1602 4158 1738 4210 ἀπο-

171 4248 504 4318 ξηρανθῆναι
529 4247 901 4318 παρεσκεύασε
927 4264 940 4277 ι
974 4248 1100 4310 τοὺς
1125 4247 1180 4299 δὲ
1200 4239 1553 4311 δικαίουξκαὶ
1581 4247 1736 4299 εὐσε-

171 4341 280 4404 ϐεῖς
315 4335 406 4393 οἷα
449 4341 675 4411 κέδρους
718 4341 810 4393 καὶ
840 4338 1083 4410 φοίνικας
1116 4342 1173 4393 ὲν
1205 4343 1322 4403 ταῖς
1345 4340 1467 4393 »ἄνω
1503 4339 1738 4408 κατεφύο

171 4446 321 4483 τευσε
360 4431 610 4498 σκηναῖς.
658 4428 870 4482 Ἀδικία
903 4431 1013 4483 οὐκ
1039 4429 1168 4482 ἐστι
1210 4430 1358 4500 παρά
1379 4429 1454 4500 τῷ
1482 4429 1618 4502 Θεῷ,
1652 4431 1739 4484 διὰ

173 4520 230 4571 -ιὸ
253 4515 394 4573 εἶναι
426 4519 589 4572 αὐτὸν
621 4517 814 4582 κακίας
841 4519 1200 4573 ἀνεπίδεκτον.

174 4613 266 4678 Η(
296 4610 418 4679 τὴν
445 4609 674 4678 ἡμέραν
698 4609 804 4663 τοῦ
824 4609 934 4678 πρὸ
969 4610 1072 4662 τοῦ
1113 4609 1434 4672 Σαὸϐἁτου,
1476 4609 1572 4662 ὅτε
1605 4628 1738 4664 κατ-

304 4702 530 4768 ῴκιστο
566 4704 602 4770 ὴ
640 4702 736 4772 γῆ,
769 4702 936 4769 αἶνος
966 4700 1122 4769 ᾠδῆς
1146 4700 1225 4766 τῷ
1253 4702 1451 4755 Actum.
1489 4703 1602 4768 kB'.

794 4793 1112 4856 ’Υπόθεσις.

177 4889 272 4952 Εἲς
294 4886 359 4939 τὸ
389 4885 692 4938 Σάϐϐατον
719 4885 775 4935 ὲν
799 4883 874 4954 τῷ
900 4882 1219 4954 προλαϐόντι
1265 4882 1462 4952 ψαλμῷ
1489 4881 1738 4952 δηλοῦται

240 4983 273 5050 ἡ
301 4979 538 5050 δευτέρα
565 4980 831 5049 παρουσία
863 4979 956 5032 τοῦ
986 4979 1212 5047 Κυρίου,
1261 4979 1380 5032 καθ’
1407 4979 1472 5049 ἣν
1515 4981 1606 5031 καὶ
1641 4980 1736 5048 βα-

243 5071 483 5125 σιλεύσει
535 5070 627 5123 τεῦ
666 5071 785 5123 νέου
820 5070 1012 5134 αἰῶνος
1046 5069 1182 5140 μετά
1208 5070 1313 5122 τῶν
1346 5070 1514 5137 ἁγίων
1553 5070 1736 5125 αὑτοῦ.

239 5164 497 5236 Δηλανότι
525 5162 604 5226 τὸ,
641 5161 750 5230 πρὸ
784 5161 1104 5226 Σαϐϐἀτου,
1146 5163 1212 5216 ἂν
1239 5161 1324 5232 εἴη
1357 5163 1389 5231 ὴ
1423 5159 1608 5232 πρώτη
1641 5163 1739 5212 αύ-

243 5256 337 5308 τοῦ
364 5254 662 5325 παρουσία,
692 5255 778 5305 ὅτε
805 5253 896 5305 καὶ
923 5255 956 5325 ἡ
984 5254 1053 5322 γῆ
1085 5252 1436 5321 κατῴκισται,
1465 5251 1739 5303 τουτέστιν

244 5348 334 5399 ὅτε
359 5349 391 5416 ἠ
433 5343 726 5414 Ἐκκλησία
752 5343 898 5414 πάσῃ
925 5347 991 5416 τῇ
1017 5343 1305 5414 οἰκουμένῃ
1339 5339 1738 5409 τεθεμελίωται,

243 5436 351 5488 τῶν
375 5435 548 5502 ἁγίων
586 5434 893 5487 ἀποστόλων
919 5434 1156 5504 δηλονότι
1199 5433 1293 5487 καὶ
1339 5431 1740 5499 εύαγγελιστῶν

245 5527 334 5581 τὸν
363 5527 494 5598 περὶ
533 5524 766 5597 Χριστοῦ
793 5526 1259 5594 καταγγειλαντων
1290 5528 1351 5595 τῇ
1375 5527 1441 5596 γῇ
1472 5523 1648 5591 λόγον.

256 5791 298 5823 ⁸⁸
339 5793 507 5849 lCor.
563 5806 624 5856 ιι,
657 5789 708 5843 9.

1905 3406 1988 3458 l5.
2027 3406 2207 3458 Adhuc
2243 3405 2733 3474 multiplicabuntur
2777 3408 2832 3459 in
2862 3415 3065 3459 senecta
3121 3403 3287 3470 uberi,
3341 3415 3391 3459 et

1833 3498 1954 3551 bene
1971 3500 2222 3565 patientes
2251 3507 2422 3550 erunt.
2446 3497 2583 3552 Bene
2605 3498 2884 3566 patientes,
2907 3498 3242 3568 quasidicas,
3259 3499 3393 3554 bene

1835 3591 2146 3645 tolerantes.
2179 3589 2456 3644 Dabuntur
2484 3593 2626 3644 enim
2659 3591 2764 3646 illis
2807 3607 2924 3660 qua:
2949 3591 3130 3644 oculus
3174 3607 3278 3644 non
3320 3592 3367 3646 vi

1833 3684 1931 3746 dit,
1981 3701 2069 3736 nec
2100 3685 2246 3736 auris
2273 3683 2471 3736 audivit
2495 3684 2556 3736 δ”.

1906 3773 1991 3826 16.
2017 3771 2282 3836 Quoniam
2325 3782 2496 3825 rectus
2550 3771 2801 3824 Dominus
2852 3771 2988 3825 Deus
3016 3781 3210 3826 noster.
3241 3769 3394 3826 Post-

1836 3879 1996 3933 quam
2047 3864 2102 3917 in
2168 3863 2416 3932 supernis
2457 3863 2823 3918 mansionibus
2882 3862 3152 3917 constituti
3207 3873 3393 3932 parata

1839 3957 1976 4008 hona
2009 3955 2150 4010 nacti
2179 3955 2398 4018 fuerint,
2437 3954 2576 4008 hanc
2599 3953 2996 4008 annuntiabunt
3026 3968 3234 4020 vocem,
3254 3953 3396 4023 quod

1834 4049 2015 4118 justus
2048 4059 2099 4101 et
2135 4056 2313 4101 rectus
2345 4047 2413 4100 sit
2438 4045 2722 4111 Dominus,
2747 4048 2838 4112 qui
2869 4047 3085 4115 iniquos
3117 4054 3170 4100 et
3199 4046 3395 4115 impios

1841 4155 1936 4192 ceu
1982 4138 2163 4192 fenum
2219 4153 2464 4192 arescere
2502 4137 2658 4202 lccit;
2705 4137 2885 4205 justos
2933 4145 3109 4189 autem
3156 4143 3209 4189 et
3255 4136 3395 4204 pios,

1839 4229 1992 4297 quasi
2029 4230 2221 4282 ccdros
2279 4240 2329 4283 et
2363 4229 2599 4297 palmas,
2652 4228 2704 4280 in
2738 4229 2984 4298 supernis
3036 4227 3404 4282 tabernaculis

1843 4321 2124 4390 plantavit.
2171 4319 2236 4372 Et
2265 4337 2362 4374 non
2386 4330 2460 4374 est
2497 4320 2746 4390 iniquitas
2783 4319 2834 4373 in
2869 4317 2996 4386 Deo,
3024 4318 3150 4389 quia
3181 4318 3397 4372 malitize

1841 4430 2005 4484 caan
2037 4430 2144 4467 non
2167 4424 2267 4466 est.

1771 4568 1815 4624 D
1843 4570 1907 4624 In
1945 4570 2082 4624 diem
2127 4578 2245 4623 ante
2287 4567 2594 4631 Subbatum,
2625 4569 2829 4637 quando
2863 4564 3086 4636 fundata
3120 4575 3194 4619 est
3236 4576 3396 4633 terra,

2145 4661 2261 4713 laus
2310 4660 2501 4713 cantici
2545 4660 2643 4728 ipsi
2672 4658 2861 4722 David,
2901 4655 3086 4711 XCII.

2423 4752 2818 4821 Argumentum.

1839 4841 1895 4895 ln
1924 4842 2240 4912 praicedenti
2265 4842 2472 4912 psalmo
2501 4858 2592 4911 per
2621 4841 2733 4895 haac
2749 4840 2906 4894 verba
2942 4856 2957 4892 :
3000 4837 3063 4890 In
3090 4837 3224 4891 diem
3260 4836 3394 4891 Sab-

1911 4937 2039 5002 bati,
2073 4937 2379 4991 declaratur
2428 4934 2699 4988 secundus
2761 4931 3059 4986 Salvatoris
3113 4931 3394 4996 adventus,

1912 5030 2130 5097 quando
2161 5027 2404 5099 regnabit
2427 5027 2480 5078 in
2513 5040 2710 5079 novum
2738 5023 2992 5078 sazculum
3048 5036 3170 5074 eum
3196 5021 3397 5075 sanctis

1916 5119 2047 5173 suis.
2079 5118 2260 5172 Palam
2296 5127 2473 5171 autem
2504 5126 2584 5169 est
2619 5115 2768 5177 illud,
2800 5123 2918 5166 ante
2951 5111 3260 5175 Sabbatum,
3305 5111 3372 5165 de

1914 5211 2129 5278 signare
2184 5209 2416 5280 priorem
2474 5208 2592 5276 ejus
2647 5206 2952 5266 adventum,
3007 5201 3223 5272 quando
3258 5211 3395 5256 terra

1916 5303 2160 5356 habitata
2193 5312 2292 5368 est,
2327 5301 2378 5354 id
2419 5310 2501 5354 est
2534 5297 2750 5370 quando
2775 5294 3013 5349 Ecclesia
3044 5295 3096 5347 in
3126 5302 3239 5347 toto
3263 5293 3393 5348 orbe

1925 5393 2146 5449 fundata
2182 5402 2282 5459 est,
2310 5391 2510 5448 sanctis
2542 5388 2802 5460 apostolis
2837 5395 2890 5441 et
2938 5384 3281 5455 evangelistis
3331 5383 3398 5437 de

1919 5490 2137 5545 Christo
2200 5501 2500 5544 sermonem
2553 5498 2644 5554 per
2697 5488 2865 5535 totum
2943 5479 3126 5532 orbem
3197 5490 3395 5530 renuu-

1919 5580 2192 5638 tiantibus.
