4076 6308
738 355 838 411 ιοτ

810 475 862 527 1.
883 472 1130 528 Dominus
1159 486 1408 547 regnau.‘.‘,
1433 481 1666 534 decorem
1682 481 1893 534 indutus
1911 491 2002 534 est.
2021 481 2284 546 Quoniam
2319 485 2362 540 Λ

743 569 1034 622 humanum
1059 584 1227 638 genus
1256 571 1551 627 abscedens
1575 589 1604 626 a
1633 589 1796 642 regno
1827 572 1942 637 Dei,
1981 574 2081 628 sub
2109 583 2289 644 tyran-

744 661 865 714 nide
890 659 1102 715 Salano:
1132 663 1252 725 fuit,
1284 666 1406 717 ideo
1432 666 1645 719 advenit
1693 664 2031 736 Unigenitus,
2065 676 2121 721 ut
2156 668 2286 722 illud

742 768 954 807 rursum
984 756 1200 824 proprio
1229 765 1440 825 sceptro
1464 757 1770 826 subjiceret.
1812 758 1903 813 Dei
1925 769 2100 812 autem
2124 761 2286 815 deco-

739 846 1071 915 rvm,ipsius
1097 848 1308 917 generis
1353 848 1576 902 salutem
1625 865 1746 904 esse
1773 851 1923 905 dicit.
1977 850 2089 906 Nisi
2143 853 2285 907 enim

741 939 1052 992 incarnatus
1090 938 1317 1004 fuisset,
1348 951 1622 1010 assumpta
1664 952 1854 1010 praeter
1877 954 2153 1014 peccatum
2191 961 2288 999 na-

741 1039 859 1084 tura
887 1040 1094 1094 nostra,
1123 1032 1266 1086 nulla
1302 1049 1431 1088 sane
1457 1035 1614 1088 nobis
1647 1036 1793 1090 salus
1831 1035 2039 1091 fuisset.
2074 1036 2287 1104 Oportet

739 1125 878 1176 enim
915 1140 1031 1176 eum
1062 1141 1272 1194 regnare
1305 1126 1466 1179 donec
1492 1138 1652 1193 ponat
1686 1144 1858 1181 omnes
1887 1130 2126 1182 inimicos
2166 1145 2286 1182 suos

742 1217 834 1267 sub
864 1214 1075 1283 pedibus
1111 1217 1220 1269 suis
1249 1219 1313 1270 ".
1343 1217 1566 1270 Indutus
1593 1228 1668 1272 est
1713 1219 1965 1272 Dominus
2013 1221 2286 1288 fortitudi-

742 1322 854 1358 nem
884 1315 933 1358 et
952 1307 1224 1373 prwcinxit
1247 1323 1318 1360 se.
1353 1305 1508 1362 Hisce
1530 1317 1852 1377 reportatam
1871 1310 1937 1363 de
1967 1311 2288 1367 adversariis

741 1398 1092 1465 potestatibus
1144 1398 1425 1452 victoriam
1483 1399 1636 1453 nobis
1679 1400 1965 1470 signiﬁcat,
2000 1416 2161 1469 quam
2188 1416 2286 1456 ceu

741 1489 1063 1544 militaribus
1110 1492 1277 1544 armis
1302 1492 1598 1548 instructus
1621 1494 1820 1547 retulit.
1857 1474 2062 1548 Etenim
2105 1497 2290 1564 ﬁrma-

739 1583 807 1633 rit
835 1579 1008 1634 orbem
1050 1592 1201 1636 terra:
1238 1587 1324 1652 qui
1374 1603 1475 1638 non
1522 1586 1944 1640 commovebitur.
1997 1586 2287 1657 Postquam

740 1673 883 1734 illos.
937 1676 1273 1731 adversarios
1315 1679 1523 1733 scilicet
1567 1679 1860 1741 dtemones,
1916 1680 2285 1750 proﬂigasset,

739 1765 1035 1824 Ecclesiam
1087 1771 1370 1825 constituit
1423 1786 1584 1840 supra
1636 1781 1882 1840 petram,
1930 1773 2015 1829 cui
2049 1789 2116 1828 ne
2162 1773 2289 1844 ipsae

737 1861 954 1928 quidem
982 1873 1148 1931 porta:
1174 1863 1329 1919 interi
1361 1866 1741 1934 praevalebunt.

804 2133 858 2190 Ω.
889 2133 1121 2191 Paratus
1159 2139 1373 2192 thronus
1417 2148 1538 2193 tuus
1570 2156 1634 2193 ex
1661 2149 1803 2195 tunc.
1841 2142 1955 2199 Hoc
1984 2145 2061 2200 ait
2100 2147 2225 2217 quia
2255 2163 2287 2203 a

735 2229 1124 2284 constitutione
1145 2231 1332 2284 mundi
1361 2229 1596 2287 futuram
1625 2249 1718 2302 per
1750 2236 1975 2292 salutem
2003 2238 2172 2308 ipsius
2187 2239 2284 2296 dc-

737 2321 948 2375 tinierat
980 2321 1255 2376 hominum
1277 2325 1488 2394 generis
1509 2328 1755 2382 salutem.
1775 2326 2053 2384 Thronum
2090 2332 2288 2401 quippe

737 2413 810 2465 ait
827 2419 1142 2481 potestatem
1163 2414 1440 2484 judicandi
1474 2418 1816 2472 adversarios
1837 2430 2055 2474 nostros
2085 2422 2286 2477 δειξωο-

738 2517 850 2556 nes.
898 2500 1371 2559 Resurrectionem
1423 2515 1602 2560 autem
1652 2508 1921 2579 signiﬁcat
1983 2509 2281 2582 Unigeniti.

735 2588 816 2644 Tu
856 2592 1018 2660 igitur
1053 2593 1185 2662 ipse,
1231 2595 1328 2657 ait,
1360 2593 1609 2660 Domine,
1634 2600 1725 2669 qui
1763 2616 1906 2654 nunc
1934 2601 2000 2655 ad
2029 2618 2146 2656 eam
2172 2619 2282 2658 rem

733 2684 890 2752 quasi
920 2684 971 2737 in
992 2683 1232 2754 judiciuli
1267 2689 1461 2744 throno
1495 2690 1671 2756 sedes,
1709 2694 2048 2762 utjudicium
2083 2696 2287 2752 scilicet

741 2773 883 2829 feras
913 2784 967 2830 et
997 2791 1097 2831 nos
1126 2777 1385 2846 vindices,
1412 2790 1538 2836 ante
1567 2783 1762 2837 saecula
1792 2783 1955 2840 Deus.

801 2955 853 3008 5.
887 2954 1230 3012 Eleuaverunt
1262 2960 1505 3028 ﬁumina,
1543 2961 1790 3030 Domine,
1822 2965 2144 3023 elevaoerunt
2177 2971 2284 3040 [lu-

734 3047 875 3098 mina
910 3062 1077 3100 vocem
1099 3064 1268 3105 suam.
1303 3050 1549 3107 Flumina
1583 3055 1667 3109 hic
1692 3066 1909 3111 sanctos
1929 3059 2202 3127 apostolos
2231 3068 2284 3114 et

1559 359 1613 414 S.
1657 356 2025 412 ATIIANASII
2063 355 2212 414 OI’P.
2255 355 2434 412 PARS
2484 355 2571 412 Ill.
2606 386 2675 398 -
2711 356 3118 414 EXECETICA.
3843 354 3924 412 408

2472 482 2534 534 '-0
2553 483 2764 549 Κύριος
2790 482 3204 544 ἐϐασίλευσεν,
3225 478 3586 549 εὐπρέπειαν
3601 477 3921 532 ἐνεδύσατο.

2402 573 2615 644 Ἐπειδὴ
2643 575 2702 626 τὸ
2729 575 3060 646 ἀνθρώπινον
3089 573 3264 642 γένος,
3290 571 3529 625 ἀποστὰν
3561 573 3660 641 τῆς
3687 571 3789 624 ὑπὸ
3813 570 3924 623 Θεοῦ

2390 664 2682 734 βασιλείας,
2732 666 2835 719 ὑπὸ
2870 665 2966 736 τὴν
3003 665 3288 736 τυραννίδα
3333 665 3521 732 γέγονε
3575 661 3669 715 τοῦ
3719 663 3923 728 Σατανᾶ,

2385 754 2573 809 τούτου
2604 757 2762 828 χάριν
2811 758 3150 829 ἐπεδήμησεν
3197 759 3225 809 ὁ
3269 756 3597 828 Μονογενὴς,
3656 756 3748 808 ἵνα
3788 758 3926 809 πάλιν

2388 848 2516 900 αὐτὸ
2547 851 2659 911 τοῖς
2687 849 2836 912 ἰδίοις
2858 849 3098 920 ὑποτάξῃ
3137 851 3455 919 σκήπτροις,
3489 848 3516 900 δ
3562 850 3657 902 καὶ
3698 848 3924 914 ἐγένετο·

2387 940 2520 994 Θεοῦ
2553 942 2882 1012 εὐπρέπειαν
2915 942 2971 995 δὲ
3005 942 3101 1013 τὴν
3144 943 3412 1013 σωτηρίαν
3449 942 3612 995 αὐτοῦ
3637 942 3736 993 τοῦ
3763 942 3928 1008 γένεος

2387 1034 2568 1104 φησίν.
2598 1035 2659 1086 Εἰ
2697 1035 2769 1105 μὴ
2800 1035 2908 1105 γάρ
2943 1035 3280 1106 σεσάρκωται
3305 1076 3319 1098 ,
3360 1035 3457 1104 τὴν
3504 1033 3780 1104 ἡμετέραν
3825 1032 3928 1101 δίχα

2387 1124 2486 1192 τῆς
2514 1126 2782 1195 ἁμαρτίας
2821 1125 2996 1177 λαϐὼν
3043 1126 3234 1194 φύσιν,
3268 1125 3507 1195 δηλονότι
3553 1126 3655 1177 οὑκ
3707 1124 3773 1176 ἂν
3816 1125 3928 1192 ἡμῖν

2389 1219 2418 1286 ἡ
2468 1218 2707 1286 σωτηρία
2768 1218 2998 1285 ἐγένετο.
3050 1217 3145 1270 Δεῖ
3204 1217 3318 1286 τὰρ
3367 1216 3554 1270 αὐτὸν
3591 1217 3930 1280 βασιλεύειν

2389 1305 2560 1375 ἄχρις
2596 1305 2666 1363 οὗ
2701 1307 2774 1361 ἂν
2820 1307 2896 1376 θῇ
2926 1307 3151 1372 πάντας
3175 1308 3313 1373 τοὺς
3355 1305 3606 1376 ἐχθροὺς
3655 1305 3777 1359 ὑπὸ
3807 1305 3930 1369 τοὺς

2389 1403 2578 1467 πόδας
2610 1399 2813 1454 αὑτοῦ.
2871 1397 3228 1452 Ἐνεδύσατο
3281 1399 3492 1466 Κύριος
3532 1397 3794 1466 δύναμιν
3846 1397 3930 1448 καί

2388 1492 2788 1562 περιεζώσατο.
2828 1490 2925 1543 Διά
2954 1491 3156 1543 τούτων
3185 1491 3283 1560 τὴν
3313 1488 3631 1559 καθαίρεσιν
3677 1489 3808 1558 ἡμῖν
3837 1488 3930 1538 τῶν

2388 1584 2775 1654 ἀντικειμένων
2823 1582 3072 1653 σημαίνει
3124 1580 3436 1651 δυνάμεων,
3491 1579 3557 1649 ἦν
3611 1577 3928 1646 πεποίηται,

2391 1677 2576 1747 ὥσπερ
2628 1676 3008 1745 στρατιωτικὸν
3064 1675 3248 1744 σχῆμα
3301 1671 3602 1726 ἀναλαϐών.
3680 1670 3812 1762 Καὶ⁸
3835 1671 3930 1738 γὰρ

2389 1766 2713 1835 ἐστερέωσε
2740 1766 2852 1833 τὴν
2881 1767 3254 1833 οἰκουμένην,
3281 1765 3412 1831 ἣτις
3456 1766 3528 1818 οὺ
3573 1763 3930 1831 σαλευθήσε-

2387 1877 2496 1914 ται.
2533 1859 2798 1923 Ἐκείνους
2821 1858 3146 1931 προανελὼν,
3168 1860 3292 1920 τοὺς
3317 1858 3726 1927 ἀντικειμένους
3760 1857 3930 1926 δηλον-

2385 1953 2466 2006 ότι
2518 1953 2794 2022 δαίμονας,
2827 1952 3052 2024 ἔστησεν
3075 1951 3167 2004 ἐπὶ
3199 1950 3403 2021 πέτραν
3439 1950 3536 2020 τὴν
3598 1948 3928 2019 Ἐκκλησίαν,

2385 2042 2452 2117 ἧς
2478 2045 2595 2097 οὐδὲ
2617 2045 2774 2098 αὑταί¹
2803 2044 3214 2113 κατισχύσουσιν
3243 2044 3299 2096 αἰ
3325 2042 3419 2095 τοῦ
3449 2041 3575 2113 ᾅδου
3609 2041 3799 2094 πύλαι.

2459 2138 2730 2207 Ἕτοιμος
2753 2138 2786 2191 ὀ
2808 2137 3018 2205 θρόνος
3037 2149 3152 2188 σου
3173 2134 3288 2188 ἀπὸ
3315 2135 3463 2188 τότε.
3490 2133 3662 2186 Τοῦτό
3685 2149 3836 2202 φησι,
3858 2131 3934 2183 διὰ

2385 2232 2445 2285 τὸ
2477 2229 2879 2302 προωρίσασθαι
2904 2228 3011 2282 ἀπὸ
3043 2227 3346 2297 καταϐολῆς
3371 2227 3572 2296 κόσμου
3599 2225 3701 2295 τὴν
3721 2224 3816 2276 τοῦ
3851 2223 3934 2276 ἀν·

2387 2321 2657 2392 θρωπίνου
2680 2319 2869 2387 γένους
2893 2317 3162 2388 σωτηρίαν
3188 2316 3450 2386 ἐσομένην
3492 2314 3580 2366 διὰ
3627 2315 3730 2382 τῆς
3775 2330 3936 2382 σωτη-

2388 2412 2508 2482 ρίας
2538 2410 2720 2464 αὑτοῦ.
2755 2409 2952 2480 Θρόνον
2979 2409 3086 2479 γὰρ
3112 2408 3213 2480 τὴν
3240 2411 3321 2470 εἰς
3352 2408 3412 2460 τὸ
3443 2405 3648 2477 κρίνειν
3685 2405 3813 2466 τοὺς
3832 2402 3936 2457 ἀδι-

2386 2505 2658 2574 κήσαντας
2705 2505 2850 2574 ἡμᾶς
2901 2502 3158 2573 δαίμονας
3184 2515 3201 2532 ·
3247 2500 3541 2554 ἀνάστασιν
3585 2498 3643 2550 δὲ
3693 2495 3934 2568 σημαίνει

2383 2594 2476 2646 τοῦ
2501 2593 2852 2662 Μονογενοῦς.
2887 2594 2960 2647 Σὺ
2985 2587 3078 2644 οὖν
3108 2591 3290 2653 αὐτὸς,
3316 2591 3498 2658 φησὶν,
3541 2581 3588 2640 ὣ
3609 2587 3882 2648 Δέσποτα,
3908 2586 3934 2637 ὁ

2385 2685 2476 2739 νῦν
2503 2687 2582 2747 εἰς
2608 2684 2764 2738 τοῦτο
2793 2683 2975 2754 ὥσπερ
3001 2682 3093 2735 ἐπὶ
3115 2678 3420 2733 δικαστικοῦ
3453 2677 3642 2748 θρόνου
3689 2674 3928 2737 καθίσας,

2385 2779 2464 2839 είς
2493 2776 2553 2828 τὸ
2576 2775 2779 2846 κρίνειν
2804 2773 3042 2845 δηλονότι
3072 2774 3164 2826 καὶ
3183 2773 3412 2826 ἐκδικεῖν
3443 2770 3619 2840 ἡμᾶς,
3676 2767 3933 2838 ὑπάρχεις

2385 2871 2412 2921 δ
2437 2867 2542 2940 πρὸ
2564 2867 2669 2921 τῶν
2703 2865 2908 2920 αἰώνων
2937 2865 3085 2928 Θεὸς.

2467 2960 2730 3028 Ἐπῆραν
2758 2961 2810 3013 οἱ
2842 2957 3109 3027 ποταμοί,
3140 2958 3335 3024 Κύριε,
3362 2953 3592 3023 ἐπῆραν
3612 2957 3664 3007 oi
3691 2948 3937 3020 ποταμοὶ

2386 3053 2584 3122 φωνὰς
2610 3051 2823 3106 αὐτῶν.
2857 3051 3138 3120 Ποταμοὺς
3166 3047 3394 3102 ἐνταῦθα
3423 3048 3546 3108 τοὺς
3585 3043 3776 3114 ἁγίους
3808 3045 3939 3096 ἀποο

732 3138 1090 3207 evangelistas
1117 3141 1269 3208 dicit,
1308 3145 1401 3214 qui
1433 3145 1527 3200 Dei
1564 3145 1861 3202 Ecclesiam
1912 3150 2284 3218 spiritualibus

2389 3143 2603 3205 στόλους
2627 3142 2722 3194 καὶ
2740 3139 3122 3209 εὐαγγελιστάς
3147 3154 3330 3208 φησιν,
3357 3138 3405 3189 οἶ
3436 3138 3529 3190 καὶ
3556 3136 3653 3207 τήν
3683 3134 3778 3188 τοῦ
3809 3134 3938 3187 Θεοῦ

734 3228 950 3284 ﬂuentis
972 3231 1332 3288 lmtiﬁcarunt.
1360 3235 1570 3292 Dictum
1604 3254 1838 3308 namque
1855 3239 1956 3293 fuit
1987 3240 2126 3295 illis:
2157 3241 2287 3294 Flu-

733 3323 875 3376 mina
911 3324 974 3376 de
1007 3336 1179 3379 ventre
1205 3327 1317 3394 ejus
1349 3328 1510 3395 ﬂuent
1539 3347 1690 3399 aqua:
1719 3333 1845 3387 view
1865 3329 1930 3387 “.

800 3480 852 3534 4.
891 3479 1162 3536 Hirabiles
1190 3485 1438 3538 elationes
1470 3485 1652 3540 maris.
1689 3485 1890 3554 Multae,
1939 3487 2134 3559 inquit,
2171 3506 2286 3560 my-

732 3572 1006 3642 stagogiaa,
1030 3576 1308 3630 sententia:
1334 3578 1703 3647 apostolorum
1733 3589 1788 3634 et
1827 3581 2281 3650 evangelistarum

731 3662 952 3729 ﬂuenta,
983 3665 1259 3722 mirabiles
1276 3667 1573 3722 effecerunt
1615 3670 1874 3726 elationes
1920 3673 2109 3727 maris.
2138 3672 2284 3729 Mare

731 3760 910 3807 autem
927 3763 1104 3818 vocat,
1125 3756 1362 3826 gentium
1376 3771 1493 3826 qua:
1505 3758 1848 3814 crediderunt
1863 3761 2282 3828 multitudinem,

729 3858 959 3911 quarum
988 3846 1271 3910 elationes,
1298 3847 1349 3901 id
1375 3858 1459 3904 est
1481 3850 1842 3906 sublimitates
1866 3868 2080 3919 sensus,
2125 3855 2285 3908 mira-

729 3935 866 3989 biles
894 3933 1061 3992 fuere.
1087 3935 1202 3992 Non
1232 3941 1377 3994 enim
1406 3943 1544 3996 ultra
1573 3959 1733 4012 parva
1760 3954 1811 3999 et
1835 3945 2057 4000 humilia
2079 3947 2144 4002 de
2173 3946 2282 4002 Deo

728 4028 987 4094 sentiunt,
1021 4030 1115 4086 sed
1142 4045 1335 4102 magna
1358 4041 1412 4088 et
1437 4033 1722 4090 mirabilia.

795 4323 850 4380 5.
893 4322 1211 4383 Testimonia
1235 4336 1325 4381 tua
1348 4329 1618 4383 credibilia
1640 4332 1783 4400 facta
1807 4344 1928 4388 sunt
1963 4338 2142 4393 nimis.
2175 4339 2279 4396 Te-

726 4415 979 4470 stimonia
1007 4415 1138 4472 dicit
1166 4419 1433 4487 promissa
1465 4435 1560 4489 per
1590 4432 1808 4478 sanctos
1829 4427 2120 4495 prophetas
2150 4445 2279 4499 geno

2400 3234 2720 3304 Ἐκκλησίαν
2739 3235 2848 3294 τοῖς
2879 3233 3259 3300 πνευματικοῖς
3287 3227 3662 3298 κατεύφραναν
3682 3226 3938 3297 νάμασιν.

2387 3328 2608 3400 Εἴρηται
2628 3325 2734 3396 γὰρ
2763 3325 2898 3396 πρὸς
2919 3323 3138 3386 αὐτούς·
3175 3321 3429 3390 Ποταμοῖ
3467 3321 3536 3374 ἐκ
3568 3318 3696 3391 τῆςι
3710 3320 3938 3385 κοιλίας

2385 3418 2568 3474 αὑτοῦ
2579 3419 2912 3486 ῥεύσουσιν
2934 3414 3149 3479 ὕδατος
3172 3412 3402 3478 ζῶντος.

2458 3509 2793 3579 Θαυμαστοί
2831 3510 2886 3561 οἱ
2921 3505 3303 3577 μετεωρισμοὶ
3343 3502 3452 3572 τῆς
3476 3502 3816 3568 θαλάσσης.
3877 3503 3938 3555 Δί

2386 3601 2594 3663 πολλαὶ,
2643 3600 2808 3671 φησί,
2862 3597 3253 3668 μυσταγωγίαι,
3285 3597 3378 3648 καὶ
3427 3593 3495 3647 τὰ
3547 3595 3788 3664 νοήματα
3833 3594 3938 3646 τῶν

2385 3690 2690 3743 ἀποστόλων
2735 3689 2829 3742 καὶ
2886 3686 3280 3756 εὐαγγελιστῶν
3311 3685 3559 3756 νάματα,
3593 3685 3940 3755 θαυμαστοὺς

2385 3779 2646 3850 πεποίηκε
2668 3780 2766 3850 τῆς
2795 3776 3069 3848 θαλάσσης
3094 3776 3217 3838 τοὺς
3259 3773 3682 3844 μετεωρισμούς.
3722 3772 3937 3827 Θάλασ-

2387 3889 2482 3926 σαν
2507 3871 2562 3923 δὲ
2592 3870 2737 3938 λέγει
2763 3868 2870 3921 τῶν
2894 3867 3059 3921 ἐθνῶν
3074 3866 3181 3920 τῶν
3207 3865 3606 3918 πιστευσάντων
3632 3864 3701 3918 τὰ
3734 3865 3935 3937 πλήθη,

2382 3959 2454 4017 ὧν
2484 3965 2577 4018 καὶ
2609 3965 2656 4017 οἱ
2716 3962 3113 4035 μετεωρισμοὶ,
3155 3960 3428 4013 τουτέστιν
3479 3960 3535 4011 αἰ
3568 3957 3804 4029 ὑψώσεις
3846 3957 3937 4013 τοῦ

2384 4058 2743 4128 φρονήματος,
2774 4054 3084 4128 θαυμασταὶ
3106 4051 3406 4120 γεγόνασιν.
3457 4051 3654 4104 Οὐκέτι
3691 4051 3802 4122 γάρ
3853 4069 3940 4122 μι-

2382 4149 2489 4220 κρὰ
2516 4148 2606 4202 καὶ
2651 4149 2880 4204 ταπεινά
2911 4145 3164 4220 φρονοῦσι
3202 4147 3328 4218 περὶ
3355 4144 3509 4211 Θεοῦ,
3558 4144 3693 4198 ἀλλά
3726 4144 3938 4216 μεγάλα

2382 4243 2472 4294 καὶ
2500 4241 2803 4311 θαυμαστά.

2455 4335 2530 4388 Τὰ
2552 4333 2841 4403 μαρτύριά
2883 4350 2998 4388 σου
3017 4329 3435 4397 ἐπιστώθησαν
3465 4329 3721 4399 σφόδρα.
3774 4331 3934 4402 Μαρ-

2379 4427 2538 4500 τύρια
2571 4430 2669 4491 τὰς
2691 4424 3019 4496 ἐπαγγελίας
3052 4424 3212 4494 φησὶν
3249 4422 3313 4486 ἃς
3357 4422 3445 4475 διὰ
3471 4422 3577 4474 τῶν
3600 4420 3768 4489 ἁγίων
3802 4438 3937 4492 προ-

727 4508 869 4563 tibus
899 4508 1058 4575 facta,
1081 4527 1200 4579 qua:
1234 4513 1408 4568 ﬁdelia
1440 4524 1493 4568 et
1525 4515 1678 4570 ﬁrma
1707 4533 1828 4573 esse
1876 4519 1928 4572 in
1964 4522 2274 4578 novissimis

2384 4519 2562 4591 φητῶν
2591 4522 2700 4583 τοῖς
2730 4518 2934 4572 ἔθνεσιν
2970 4515 3328 4587 ἐπηγγείλατο
3351 4557 3366 4580 ,
3395 4514 3460 4578 ἃς
3500 4513 3593 4567 καὶ
3628 4512 3826 4576 πιστὰς
3849 4515 3936 4566 ἐπ’

724 4600 914 4655 diebus
945 4601 1200 4664 ostendit,
1235 4618 1330 4656 sua
1365 4607 1649 4672 pra'sentia
1674 4609 1938 4676 promissa
1977 4613 2269 4682 complens.

724 4689 946 4743 Domum
983 4701 1127 4746 tuam
1155 4694 1294 4747 decet
1320 4697 1644 4762 sanctitudo,
1671 4696 1908 4754 Domine.
1937 4701 2135 4760 Domus
2157 4706 2276 4775 ejus

723 4779 962 4836 Ecclesia
1007 4795 1119 4848 est,
1159 4785 1246 4840 cui
1276 4787 1529 4840 convenit
1562 4788 1705 4856 quod
1737 4790 1805 4843 sit
1837 4802 2045 4857 sancta,
2077 4794 2276 4864 quippe

723 4887 844 4940 qua:
888 4888 1012 4928 eum
1065 4874 1455 4931 inhabitantem
1514 4877 1709 4932 habeat
1734 4880 1827 4949 qui
1860 4882 2008 4938 solus
2054 4895 2276 4942 sanctus

722 4973 840 5029 est;
868 4980 992 5019 cum
1014 4975 1192 5020 autem
1216 4965 1268 5019 id
1298 4965 1497 5021 factum
1533 4968 1714 5036 fuerit,
1750 4981 1907 5026 nacta
1943 4977 2273 5044 perpetuita-

725 5063 830 5111 tem
862 5056 1286 5112 sanctiﬁcatione
1318 5057 1542 5114 fruetur.

795 5145 1038 5201 PSALH
1048 5146 1130 5203 US
1157 5148 1349 5212 David,
1376 5162 1563 5220 quarta
1597 5151 1961 5210 Sabbatorum.
1981 5155 2202 5214 XCIII.

1300 5241 1694 5312 Argumentum.

723 5330 800 5386 De
831 5332 1165 5401 providentia
1206 5334 1294 5389 hic
1317 5351 1620 5390 sermonem
1657 5339 1833 5403 habet,
1869 5341 2071 5398 docens
2101 5354 2160 5397 ut
2208 5361 2274 5399 ne

793 5427 938 5478 anxii
1004 5425 1209 5488 simus,
1270 5444 1442 5496 neque
1495 5430 1734 5483 aluimum
1795 5433 2272 5503 despondeamus,

793 5515 1002 5569 etiamsi
1043 5517 1107 5569 ad
1137 5516 1408 5583 quoddam
1443 5521 1701 5588 temporis
1741 5523 1970 5591 spatium
2001 5528 2272 5594 peccanti-

796 5608 895 5672 bus
939 5610 1296 5678 prosperitas,
1341 5609 1440 5678 piis
1495 5614 1798 5680 persecutio
1845 5616 2071 5673 eveniat.
2133 5617 2273 5673 Nihil

795 5779 892 5852 ιιι
926 5780 1051 5839 Cor.
1090 5798 1178 5852 xv,
1208 5783 1296 5839 25.
1356 5781 1576 5849 “Joan.
1612 5799 1682 5837 vn
1713 5824 1726 5846 ,
1768 5783 1853 5836 58.

2379 4614 2618 4684 ἐσχάτων
2643 4610 2949 4677 ἐπεδείξατο
2972 4610 3079 4663 τῶν
3105 4607 3344 4680 ἡμερῶν,
3372 4609 3436 4677 τῇ
3457 4605 3634 4676 οἰκείᾳ
3661 4606 3938 4677 παρουσίᾳ

2377 4708 2523 4778 ἔργῳ
2550 4704 2790 4777 πληρῶν.
2832 4701 2916 4767 Τῷ
2945 4701 3088 4766 οικῳ
3111 4717 3225 4754 σου
3264 4698 3471 4766 πρέπει
3509 4696 3790 4766 striarum,
3817 4695 3937 4751 Κύ-

2368 4816 2480 4867 ριε.
2536 4794 2694 4859 Οἶκος
2747 4795 2842 4866 μὲν
2870 4791 3031 4846 αὐτοῦ
3067 4793 3101 4862 ἡ
3141 4789 3451 4861 Ἐκκλησία,
3488 4787 3683 4859 πρέπει
3712 4785 3757 4838 δ’
3790 4786 3935 4857 αὐτῇ

2375 4890 2434 4940 τὸ
2465 4888 2594 4956 ἀγία
2617 4886 2775 4947 εἶναι,
2801 4885 2894 4938 άτε
2918 4883 3008 4937 τὸν
3031 4883 3188 4953 μόνον
3213 4881 3363 4948 ἇγιον
3380 4879 3575 4948 ἔχουσα
3599 4874 3933 4930 ἐνοικοῦντα·

2375 4978 2593 5032 ἐπειδὰν
2620 4977 2675 5031 δὲ
2704 4976 2859 5029 τοῦτο
2887 4976 3130 5045 γένηται,
3170 4972 3264 5026 καλ⁸
3298 4969 3652 5039 ἀτελευτήτου
3695 4966 3938 5038 μεταλα-

2375 5075 2541 5128 ϐοῦσα
2567 5073 2858 5126 ἀπολαύσει
2878 5072 2968 5126 τοῦ
2997 5071 3350 5141 ἀγιάσματος.

2488 5165 2788 5220 ΨΑΛΜΟΣ
2815 5162 2893 5229 τῷ
2909 5162 3084 5216 Δαυῒδ
3107 5160 3331 5229 τετράδι
3359 5155 3683 5214 Σαϐϐάτων.
3708 5156 3820 5223 LJ‘.

2991 5255 3313 5319 Ὑπόθεσις.

2375 5349 2476 5404 Τὸν
2511 5348 2638 5418 περὶ
2662 5347 2912 5418 προνοίας
2945 5350 3001 5400 ἐν
3023 5346 3196 5416 τούτῳ
3224 5344 3432 5410 εἰσάγει
3464 5341 3640 5409 λόγον,
3661 5339 3936 5394 διδάσκων

2447 5439 2520 5510 μὴ
2570 5440 2842 5495 θλίϐεσθαι
2871 5440 2964 5493 καὶ
2995 5439 3299 5509 ἀδημονεῖν,
3323 5436 3421 5490 κᾶν
3460 5436 3506 5487 εἰ
3559 5433 3694 5504 πρὸς
3738 5436 3933 5505 καιρὸν

2443 5533 2648 5600 γένοιτο
2676 5533 2769 5586 καὶ
2796 5534 2905 5596 τοῖς
2941 5533 3337 5604 ἁμαρτάνουσιν
3373 5527 3660 5599 εὐημερία,
3699 5525 3796 5578 καὶ
3819 5531 3934 5588 τοῖς

2445 5626 2683 5681 εὺσεδὲσι
2715 5625 2966 5695 διωγμὸς.
2997 5623 3159 5677 Οὐδὲν
3181 5622 3288 5694 γὰρ
3311 5619 3514 5675 τούτων
3545 5615 3806 5682 ὡσαύτως
3838 5617 3932 5688 μὲο
