4094 6312
144 370 244 427 409

1232 379 1594 438 EXPOSITIO
1630 384 1696 438 IN
1736 386 2063 444 PSALMUM
2108 388 2288 446 XCIII.

3248 402 3351 456 MO

206 503 304 551 νει,
330 486 466 542 ἀλλά
494 487 871 559 μεταόαλετται
892 504 906 519 ο
934 491 1044 552 τοῖς
1076 492 1172 560 μὲν
1201 494 1231 562 ή
1261 492 1438 562 θλίψις
1464 497 1543 559 εἰς
1563 498 1663 550 αἱὼ

1764 554 1769 562 ,
1864 518 2052 558 eorum
2089 506 2288 575 quippe
2316 507 2502 561 eadem
2543 508 2853 564 conditione
2876 520 3076 576 manet,
3105 515 3198 568 sed
3229 532 3349 570 mu-

206 593 310 631 νιον
340 580 639 633 ἀπόλαυσιν
667 580 883 646 ἀγαθῶν
902 620 916 644 ,
944 586 1054 645 τοῖς
1070 584 1124 634 δὲ
1152 585 1289 653 μετά
1320 588 1380 638 τὸ
1416 588 1601 641 δοκοῦν
1626 593 1693 644 τὰ

204 670 413 740 χρηπά
448 672 529 733 είς
567 671 953 741 ἀτελευτήτους
998 675 1199 738 αίῶνας
1238 680 1270 747 ή
1318 679 1557 743 κόλασις.
1600 686 1694 735 Τε-

200 760 381 828 τρὰδα
407 760 464 814 δὲ
492 762 804 816 Σαϐϐάτων
831 764 1230 835 ἐπιγέγραπται
1250 808 1266 832 ,
1321 769 1407 823 διὰ
1438 771 1499 823 τὸ
1529 773 1585 825 ὲν
1614 774 1692 843 τῷ

197 849 438 919 τετάρτῳ
479 852 639 922 μηνί·
690 852 809 906 ἀντὶ
864 852 973 924 γὰρ
1018 856 1111 908 τοῦ
1146 859 1311 929 μηνὸς
1343 860 1439 930 τὴν
1479 863 1689 933 ἡμέραν

194 939 437 993 τέθεικεν
469 945 528 995 ἐν
627 946 691 1013 τῇ
723 942 817 996 τοῦ
846 944 982 998 Θεοῦ
1016 949 1167 1001 πόλει
1212 950 1310 1021 τὴν
1343 953 1514 1023 ἀρχὴν
1541 957 1689 1022 γενέ-

196 1030 315 1083 σθαι
335 1032 448 1085 τῶν
478 1034 797 1105 συμφορῶν,
829 1036 887 1089 ἐν
936 1038 1110 1109 τούτῳ
1150 1044 1687 1114 ἐπιστρατευσάντων

194 1119 564 1185 Βαϐυλωνίων,
585 1122 659 1187 ὡς
694 1124 955 1193 Ἱερεμίας
986 1129 1207 1199 ίστορεί.

188 1301 327 1366 Θεὸς
369 1301 736 1370 ἐκδικήσεων
791 1306 1024 1373 Κύριος,
1060 1310 1092 1359 ό
1132 1307 1275 1374 Θεὸς
1317 1309 1685 1373 έκδικήσεων

134 1391 629 1459 ἐπαρρησιάσατο.
677 1397 884 1469 Ὠσπερ
927 1398 1057 1460 Θεὸς
1088 1400 1383 1469 οίκτίρμων
1420 1404 1555 1465 ἐστὶ,
1590 1406 1683 1455 καὶ

133 1481 248 1543 Θεὸς
276 1484 692 1556 παρακλήσεων,
720 1486 861 1540 οὕτω
883 1490 975 1541 καὶ
1003 1487 1133 1551 Θεὸς
1163 1489 1514 1560 ὲκδικήσεων.
1574 1494 1683 1545 Καὶ

131 1573 297 1636 πάλιν,
354 1574 514 1628 τοῦτο
549 1576 690 1630 δὲέν
748 1579 1011 1650 προοιμίῳ
1056 1580 1399 1651 παραμυθίαν
1443 1583 1681 1653 μεγάλην

130 1667 223 1727 τοῖς
250 1667 313 1717 ἐκ
335 1665 444 1717 τῶν
479 1666 709 1738 θλίψεων
735 1671 1085 1743 ἀκηδιάσασιν
1113 1674 1571 1745 ἀπεργαζόμενος.
1610 1678 1680 1730 Τὸ

128 1758 177 1809 δὲ
196 1797 209 1819 ,
237 1758 724 1827 ἐπαρρησιάσατο
743 1803 758 1828 ,
798 1763 896 1834 τὴν
924 1763 1059 1834 μετά
1091 1764 1260 1817 ταῦτα
1283 1766 1375 1818 ἐπὶ
1411 1766 1506 1819 τοῦ
1534 1768 1677 1823 θείου

1866 606 2010 651 tatur
2036 618 2047 651 :
2083 599 2165 653 his
2195 601 2435 667 quidem,
2476 603 2722 668 angustia
2752 602 2802 654 in
2840 616 3151 673 perpetuam
3179 608 3347 663 bono-

1865 705 1983 742 rum
2018 694 2452 758 possessionem;
2484 692 2588 746 illis
2611 704 2790 747 autem
2822 711 2917 764 pro
2943 696 3100 753 bonis
3123 716 3243 768 qua:
3274 704 3348 755 vi-

1860 781 2128 837 debantur
2158 784 2376 847 habere,
2415 786 2738 854 supplicium
2796 788 2848 841 in
2880 790 3085 845 inﬁnita
3129 796 3343 849 sarcula.

1863 870 2067 935 Quarta
2112 882 2289 926 autem
2340 872 2689 928 Sabbatorum
2738 878 3031 948 inscriptus
3068 892 3152 935 est
3202 886 3346 950 psal-

1860 978 2017 1023 mus,
2076 962 2203 1031 quia
2241 975 2435 1032 quarto
2470 980 2656 1019 mense
2703 968 2927 1038 contigit
2967 971 3085 1034 (die
3141 974 3345 1029 scilicet

1856 1068 1956 1120 pro
1985 1069 2169 1107 mense
2201 1055 2424 1121 posito),
2456 1065 2512 1108 ut
2540 1057 2742 1110 civitati
2772 1057 2863 1112 Dei
2890 1060 3100 1114 initium
3127 1066 3343 1119 calami-

1858 1150 2025 1194 tatum
2060 1143 2284 1206 veniret,
2314 1144 2689 1201 obsidentibus
2716 1148 3042 1218 Babyloniis,
3072 1162 3131 1206 ut
3160 1169 3342 1211 narrat

1853 1231 2134 1287 Jeremias.

1845 1325 1895 1376 I.
1923 1322 2059 1375 Deus
2083 1325 2341 1378 ultionum
2374 1325 2627 1379 Dominus
2653 1367 2667 1390 ,
2698 1326 2835 1382 Dens
2882 1332 3145 1385 ullionnm
3181 1335 3341 1391 libere

1781 1418 1901 1486 egit.
1949 1414 2417 1481 Quemadmodum
2476 1432 2560 1475 est
2606 1420 2749 1474 Deus
2794 1425 3230 1491 miserationum,
3289 1443 3337 1484 et

1783 1507 1924 1563 Deus
1965 1511 2423 1572 consolationum,
2458 1513 2528 1565 ita
2584 1522 2639 1567 et
2696 1513 2837 1568 Deus
2889 1516 3173 1572 ultionum.
3229 1520 3339 1577 Hoc

1781 1608 1960 1652 autem
1994 1600 2046 1653 in
2072 1602 2336 1670 prooemio
2375 1603 2611 1670 positum
2642 1620 2889 1672 magnam
2921 1608 2985 1661 iis
3008 1612 3337 1666 consolatio-

1780 1707 1901 1746 nem
1949 1691 2102 1747 aﬁ‘ert
2143 1695 2235 1762 qui
2269 1694 2317 1745 vi
2369 1694 2733 1748 calamitatum
2779 1696 2830 1748 in
2876 1712 3130 1768 angorem
3167 1704 3337 1773 conji-

1777 1782 2015 1837 ciuntur.
2072 1784 2207 1838 Illud
2238 1793 2415 1838 autem
2456 1805 2468 1840 :
2510 1784 2690 1839 Libere
2739 1787 2863 1855 egit,
2905 1793 3226 1846 sententiam
3281 1796 3334 1848 in

127 1847 459 1921 δικαστηρίου
496 1855 790 1924 γενομένην
840 1855 1111 1923 ἀπόφασιν
1148 1855 1289 1909 κατά
1321 1858 1428 1911 τῶν
1468 1859 1663 1914 ἀσεϐῶπ

1777 1873 1960 1927 divino
1994 1873 2251 1928 tribunali
2283 1885 2471 1929 contra
2504 1877 2701 1946 impios
2736 1890 2919 1947 postca
2958 1880 3230 1940 ferendam
3260 1888 3334 1941 si—

125 1939 279 2010 δηλοῖ,
317 1936 351 2016 ᾖ
377 1959 538 2013 φησι·
568 1946 897 2012 Πορεύεσθε
920 1947 1020 2001 ἀπ’
1064 1946 1231 2016 ἐμοῦ,
1262 1952 1315 2001 οί
1348 1953 1672 2022 κατηραμέ-

126 2049 208 2085 νοι
216 2072 228 2085 .

193 2124 431 2191 Ἀπόδος
460 2126 871 2182 ἀνταπόδοσιν
927 2129 1052 2195 τοῖς
1095 2133 1517 2204 ὑπερηφάνοις.
1564 2137 1669 2189 Eb-

123 2214 208 2285 χὴν
235 2216 373 2286 ὑπὲρ
400 2215 510 2270 τῶν
536 2216 862 2287 θλιϐομένων
905 2218 1251 2292 ἀναπέμπει,
1298 2222 1461 2275 αίτῶν
1492 2223 1671 2287 αὐτοῖς

121 2307 423 2378 ἐπικουρίαν
452 2308 552 2377 τὴν
590 2309 740 2381 παρά
761 2308 853 2362 τοῦ
885 2310 1043 2380 μόνου
1074 2310 1343 2381 ἰσχύοντος
1372 2313 1526 2367 Θεοῦ.

181 2398 329 2462 Ἕως
355 2399 502 2452 πότε
534 2399 866 2467 ἁμαρτωλοὶ
896 2402 1345 2470 καυχήσονται;
1393 2406 1502 2477 Τὴν
1542 2424 1669 2475 σφο-

117 2488 233 2556 δρὰν
289 2490 692 2561 ἀμνησικακίαν
737 2493 830 2545 καὶ
874 2493 1310 2565 ὑπερϐάλλουσαν
1348 2496 1435 2550 διὰ
1466 2499 1667 2552 τούτων

119 2581 502 2654 κατασημαίνει
531 2583 624 2637 τοῦ
647 2583 802 2637 Θεοῦ.

180 2673 287 2727 Τὸν
310 2676 466 2732 λαόν
487 2692 624 2739 σου,
669 2679 840 2746 Κίφιε
862 2717 875 2741 ,
910 2677 1339 2737 ἐταπείνωσαν.
1380 2682 1472 2745 Ei;
1508 2682 1664 2755 ζῆλον

116 2764 193 2814 τὸν
221 2764 358 2819 κατά
389 2765 499 2818 τῶν
520 2766 727 2837 ἐχθρῶν
760 2768 1012 2840 διεγείρει
1044 2772 1135 2825 τὸν
1158 2772 1308 2838 Θεὸν,
1348 2774 1473 2827 λαὸν
1501 2777 1663 2830 αὐτοῦ

116 2855 194 2907 καὶ
228 2855 589 2927 κληρονομίαν
619 2856 753 2910 εἶναι
792 2859 961 2927 λέγων
1006 2860 1102 2932 τὴν
1142 2865 1483 2937 κακουμένην
1515 2870 1663 2939 παρὰ

118 2946 209 2999 τῶν
237 2947 469 3018 ἐχθρῶν.

171 3037 366 3107 Χήραν
399 3039 499 3094 καί
523 3041 786 3109 ὀρφανόν
808 3043 1179 3101 ἀπέκτειναν.
1204 3048 1419 3102 Τούτων
1449 3049 1661 3123 εἴρηται

115 3130 140 3199 ή
171 3130 428 3201 ἑρμηνεία
458 3132 514 3184 ὲν
541 3132 617 3202 τῷ
650 3134 903 3205 ἀνωτέρω
939 3136 1126 3207 στίχῳ,
1162 3138 1310 3208 ὅμως
1343 3137 1659 3209 λεχθήσεται

1773 1961 2133 2033 gniﬁcat,qua
2161 1965 2236 2017 ait
2270 1982 2281 2014 :
2318 1965 2573 2019 Discedite
2598 1984 2629 2020 a
2663 1984 2761 2032 me,
2794 1970 3060 2025 malediui
3090 1974 3155 2028 ⁸⁷.

1841 2143 1896 2196 2.
1933 2141 2109 2198 Redde
2139 2145 2531 2198 retributionem
2553 2147 2808 2215 superbis.
2845 2149 2945 2203 Pro
2976 2151 3183 2207 aﬂlictis
3210 2170 3332 2223 pre-

1770 2244 1947 2299 catur,
1983 2251 2179 2306 rogans
2205 2252 2284 2292 eis
2321 2238 2583 2293 auxilium
2627 2256 2656 2293 a
2697 2240 2806 2295 Deo
2851 2242 2943 2312 qui
2993 2244 3141 2298 solus
3188 2248 3331 2302 valet

1769 2342 1923 2396 opem
1955 2327 2114 2382 ferre.

1841 2422 1893 2475 5.
1928 2422 2193 2492 Usquequo
2236 2435 2529 2491 peccatores
2582 2427 2988 2496 gloriabuntur?
3046 2429 3202 2486 Hisce
3247 2433 3325 2485 in-

1768 2523 1980 2582 gentem
2017 2514 2110 2567 Dei
2160 2515 2499 2570 clementiam
2547 2529 2600 2570 et
2643 2518 2963 2586 injuriarurn
2997 2522 3323 2576 oblivionem

1766 2602 2053 2671 signiﬁcat.

1838 2692 1889 2744 5.
1936 2692 2199 2762 Populum
2262 2706 2430 2762 tuum,
2490 2696 2728 2765 Domine,
2771 2701 3191 2758 humiliaverunt.
3246 2704 3321 2757 Ad

1767 2785 1901 2839 iram
1938 2786 2197 2841 adversus
2255 2788 2504 2844 inimicos
2563 2790 2730 2843 Deum
2784 2794 3041 2859 concitat,
3075 2794 3202 2849 dum
3248 2800 3324 2849 ait

1765 2877 2021 2949 p0pulutn
2050 2887 2103 2932 et
2136 2878 2500 2934 [nereditatem
2525 2882 2646 2951 ejus
2672 2898 2793 2937 esse
2822 2899 2944 2952 quae
2976 2885 3229 2955 ailligitur
3253 2886 3323 2940 ab

1763 2969 2018 3025 inimicis.

1832 3062 1886 3117 6.
1931 3060 2150 3115 Viduam
2174 3072 2224 3116 et
2266 3066 2519 3118 advenam
2565 3066 2958 3135 interfecerunt.
2995 3065 3197 3122 IIorum
3239 3070 3321 3122 in—

1763 3154 2075 3223 terpretatio
2116 3155 2279 3210 allata
2313 3164 2398 3210 est
2438 3160 2493 3210 in
2537 3160 2805 3227 superiori
2855 3175 3041 3227 versu,
3081 3174 3319 3218 attamen

114 3222 193 3274 καὶ
216 3218 389 3286 αὖθις.
420 3223 609 3293 Χήραν
639 3223 816 3294 ψυχὴν
861 3226 955 3279 καὶ
990 3228 1325 3299 προσήλυτον
1368 3228 1491 3282 νοῦν
1526 3230 1659 3281 ἀπο-

1764 3218 1924 3300 etiam
1958 3262 2103 3302 nunc
2146 3248 2382 3303 dabitur.
2412 3247 2641 3304 Viduam
2680 3251 2915 3305 animam
2964 3262 3019 3307 et
3053 3255 3320 3310 advenam

112 3313 289 3365 κτείνει
309 3314 338 3366 ό
358 3313 545 3377 κακῶς
575 3313 671 3376 τὰς
703 3312 852 3375 θείας
877 3315 1097 3387 Γραφάς
1129 3316 1508 3389 ἐξηγούμενος.
1538 3319 1659 3390 Ὀρ-

1764 3346 1993 3394 mentem
2018 3339 2289 3404 interﬁcit,
2323 3342 2415 3411 qui
2450 3357 2613 3411 prave
2634 3344 2847 3400 divinas
2891 3344 3199 3415 Scripturas
3231 3348 3319 3402 in-

111 3405 258 3474 φανὸς
275 3405 333 3459 δέ
354 3406 474 3459 ἐστι
503 3404 627 3469 νοῦς
651 3407 1013 3479 ἐστερημένος
1037 3409 1289 3481 οὐρανίου
1319 3410 1551 3481 Πατρός.

1764 3440 2108 3501 terpretatur.
2143 3430 2390 3503 Pupillus
2421 3444 2602 3488 autem
2642 3444 2725 3490 est
2749 3439 2965 3492 animus
2988 3430 3192 3493 caelesti
3226 3439 3319 3493 Pa-

1756 3532 1838 3575 tre
1865 3525 2125 3589 privatus.

166 3601 372 3671 Κίφιος
394 3600 666 3671 γινώσκει
687 3602 826 3668 τοὺς
844 3603 1270 3675 διαλογισμοὺς
1293 3605 1412 3661 τῶν
1437 3606 1660 3677 ἀνθρώ·

1828 3612 1913 3665 Η.
1947 3612 2197 3666 Dominus
2220 3615 2319 3667 scit
2355 3617 2694 3684 cogitationes
2724 3619 3022 3684 hominum,
3067 3625 3315 3692 quoniam

106 3705 235 3754 πων,
268 3692 359 3745 ὅτι
397 3692 519 3747 εισι
556 3692 812 3762 μάταιοι.
848 3694 971 3759 Πῶς
1007 3695 1116 3766 γὰρ
1160 3696 1259 3750 οῦκ
1292 3698 1399 3750 είσι
1436 3698 1658 3768 ματαιό-

1764 3721 1900 3759 vana:
1926 3715 2067 3759 sunt.
2094 3703 2379 3772 Quomodo
2405 3719 2582 3763 autem
2608 3724 2716 3763 non
2740 3721 2866 3765 sunt
2892 3716 3127 3769 vanitate
3146 3716 3316 3783 plena:

103 3800 244 3856 τητος
275 3786 509 3859 πλήρεις
528 3788 585 3844 αί
610 3786 890 3859 αἰσθήσεις
913 3789 1150 3853 ἐκεῖναι,
1183 3792 1235 3843 al
1268 3790 1367 3861 τῆς
1404 3792 1657 3862 προνοίας

1764 3798 2113 3869 cogitationes
2147 3798 2273 3861 illae,
2298 3815 2420 3868 quae
2457 3800 2807 3869 providentiae
2838 3804 3125 3859 utilitatem
3156 3822 3314 3877 repu-

102 3878 153 3931 τθ
179 3879 455 3950 ὠφέλιμον
479 3877 740 3949 ἐξορίζειν
765 3880 1139 3951 ὲπιχειροῦσαι
1164 3881 1258 3935 τοῦ
1286 3882 1479 3953 λόγου;

1764 3890 1901 3944 iiare
1922 3889 2140 3943 student
2165 3903 2195 3942 a
2219 3892 2507 3944 sermone?

160 3970 459 4038 Μακάριος
485 3968 789 4038 ἅνθρωπος
825 3970 898 4023 ὃν
935 3971 1012 4023 ἂν
1059 3973 1411 4040 παιδεύσῃς,
1458 3975 1651 4044 Κύριε.

1820 3982 1908 4036 12.
1955 3982 2152 4036 Beatus
2196 3983 2347 4036 homo
2389 4000 2536 4053 quem
2560 3993 2614 4037 tu
2642 3985 2915 4053 erudieris,
2951 3987 3311 4045 DumineJIii.

112 4062 317 4115 Ἐκεῖνοι
341 4063 446 4134 μὲν
470 4061 637 4117 ἄθλιοι
656 4063 748 4115 καὶ
766 4064 1026 4129 ταπεινοὶ,
1048 4067 1230 4136 φησὶν,
1251 4068 1299 4119 οί
1324 4067 1423 4138 τὴν
1453 4068 1551 4140 σὴν
1578 4069 1651 4141 μή

1764 4075 1951 4145 nquit,
1990 4074 2173 4129 miseri
2225 4084 2280 4129 et
2310 4076 2530 4144 abiecti,
2584 4077 2677 4146 qui
2718 4087 2864 4131 tuam
2916 4080 3311 4136 institutionem

98 4153 357 4224 δεχόμενοι
384 4154 654 4208 παιδείαν.
678 4155 949 4226 Μακάριοι
976 4157 1032 4210 δὲ
1056 4158 1107 4210 οἱ
1132 4157 1283 4229 παρά
1313 4158 1407 4213 σοῦ
1437 4160 1651 4215 παιδευ-

1764 4184 1858 4220 non
1888 4166 2202 4221 admittunt.
2228 4163 2375 4220 Beati
2403 4175 2581 4220 autem
2605 4177 2734 4221 sunt
2766 4170 2859 4238 qui
2906 4185 2935 4223 a
2977 4178 3025 4224 te
3050 4171 3310 4225 erudiun-

98 4246 280 4312 θέντες,
302 4248 415 4307 ,καὶ
454 4249 521 4301 ὲκ
545 4246 639 4299 τοῦ
676 4247 770 4300 σοῦ
795 4247 1126 4319 διδαχθέντες
1149 4252 1331 4323 νόμου.
1362 4246 1520 4306 Οὗτοι
1544 4253 1650 4325 γὰρ

1764 4276 1859 4323 .ur,
1887 4268 1941 4313 et
1964 4274 2031 4314 ex
2059 4268 2147 4313 tua
2175 4258 2289 4328 lege
2316 4259 2633 4314 edocentur.
2671 4262 2750 4315 Illi
2774 4264 2923 4316 enim
2968 4264 3021 4317 in
3051 4266 3310 4323 aerumnis

96 4337 148 4407 δὴ
172 4340 258 4393 καὶ
297 4341 358 4393 ὲν
386 4342 515 4403 ταῖς
543 4338 752 4409 θλίψεσι
800 4340 1162 4410 πραῦνθέντες
1201 4344 1648 4417 κουφισθήσονται

1764 4350 2146 4406 :uansuetiores
2188 4350 2361 4405 eﬂecti
2389 4393 2403 4415 ,
2442 4352 2765 4407 levabuntur
2815 4355 3102 4422 molestiis,
3154 4358 3308 4427 gnari

96 4430 184 4482 τῶν
209 4430 477 4503 ἀνιαρῶν,
509 4430 723 4495 εἰδότες,
760 4430 839 4483 ὅτι
874 4433 929 4483 αί
959 4430 1166 4502 θλίψεις
1216 4435 1295 4497 εἰς
1330 4435 1530 4503 ἀγαθὸν
1556 4453 1647 4489 τε-

1773 4442 2125 4497 ribulationes
2158 4442 2278 4497 illas
2307 4443 2522 4497 tandem
2554 4445 2606 4497 in
2639 4444 2840 4499 bonum
2879 4460 3151 4503 cessuras.
3185 4448 3308 4505 Dies

94 4518 334 4575 λευτῶσαι
365 4520 712 4592 ὲκσήσονται.
765 4522 1003 4594 Ἡμέρας
1036 4525 1275 4595 πονηρὰς
1315 4525 1414 4590 τὰς
1435 4528 1645 4599 ἡμέρας

1764 4534 1924 4589 nalos
1945 4534 2076 4588 dicit
2104 4534 2220 4589 dies
2245 4534 2457 4603 judicii.

91 4612 173 4683 τῆς
192 4614 429 4685 κρίσεως
461 4612 630 4681 λέγει.

150 4704 293 4770 Ἕως
326 4700 405 4759 οὗ
460 4702 659 4772 ὠρυγῇ
695 4702 775 4769 τῷ
807 4703 1128 4773 ἁμαρτωλῷ
1175 4705 1413 4774 βόθρος.
1462 4708 1637 4781 Μέχρι

92 4795 342 4858 τοσούτου,
378 4796 571 4866 φησὶν,
595 4798 642 4847 οἱ
672 4794 1045 4859 παιδευθέντες
1078 4794 1408 4868 θαρροῦντες
1446 4800 1641 4870 ὑπομε-

1819 4709 1900 4767 Ιῦ,
1929 4709 2098 4762 Donec
2118 4708 2355 4776 fodiatur
2372 4707 2634 4776 peccatori
2663 4707 2829 4776 lorea.
2874 4706 3183 4781 Hucusque,
3226 4713 3305 4766 in-

1743 4801 1879 4871 quit,
1910 4802 2000 4871 qui
2020 4801 2345 4855 erudiuntur
2366 4816 2489 4855 cum
2523 4802 2719 4855 ﬁducia
2752 4818 3023 4857 aerumnas
3048 4804 3300 4869 tolerant,

94 4885 219 4938 νθῦσι
246 4888 344 4951 τὰς
376 4887 610 4956 θλίψεις,
637 4887 846 4956 μέχρις
892 4884 963 4942 οὗ
998 4886 1076 4951 τῷ
1104 4888 1425 4957 ἀμαρτωλῷ
1441 4890 1637 4962 dumi

1764 4894 1904 4947 lonec
1942 4893 2183 4962 fodiatur
2205 4894 2468 4961 ρει-δαιονὶ
2497 4893 2725 4961 fovea,id
2758 4904 2860 4956 est,
2899 4894 3072 4949 donec
3103 4896 3169 4949 ad
3208 4896 3302 4951 de-

87 4975 302 5045 βόθρος,
327 4978 635 5043 τουτέστιν,
687 4981 765 5042 είς
805 4980 867 5032 τὸ
887 4980 1281 5050 ἡτοιμασμένον
1309 4981 1453 5051 αὐτῷ
1482 4983 1641 5036 κολα-

93 5072 282 5139 στήριον
313 5074 342 5125 ό
360 5070 690 5142 ἁμαρτωλὸς
717 5070 925 5142 βαδίσῃ.
964 5072 1308 5143 Ἀμαρτωλὸν
1328 5074 1384 5127 δὲ
1408 5076 1495 5127 τὸν
1538 5077 1612 5129 Σα
1629 5109 1640 5118 -

90 5160 229 5213 ταιᾶν
259 5178 455 5231 φησιν,
486 5161 603 5231 ήτοι
626 5164 803 5215 πᾶσαν
833 5162 1207 5235 ἀντικειμένην
1230 5166 1476 5237 δύναμιν.

144 5250 260 5306 Ὀτι
306 5256 425 5307 οὐκ
483 5252 781 5308 ἀπώσεται
812 5255 1023 5323 Κύριος
1071 5256 1178 5311 τὸν
1228 5258 1382 5312 λαὸν
1423 5262 1608 5317 αὑτοῦ

1744 4993 1987 5055 putatum
2021 4984 2123 5051 ipsi
2173 4983 2496 5051 supplicium
2536 4996 2785 5052 peccator
2825 4987 3066 5040 accedat.
3098 4985 3296 5041 Pecca-

1746 5088 1914 5131 torem
1941 5084 2121 5129 autem
2148 5076 2277 5129 dicit
2322 5075 2601 5139 Satanam,
2630 5078 2743 5129 sive
2794 5091 3010 5131 omnem
3046 5078 3300 5133 adversa-

1743 5169 1877 5221 riam
1901 5175 2242 5235 potestatem.

1805 5258 1890 5313 M.
1920 5257 2059 5323 Quia
2093 5274 2195 5310 non
2226 5256 2431 5324 repellet
2463 5255 2717 5308 Dominus
2759 5256 2956 5324 plebem
2986 5274 3157 5310 suam.
3187 5255 3298 5312 Iloc

88 5339 227 5398 Τοῦτο
250 5346 467 5401 ἐκείνου
498 5345 563 5399 ἂν
586 5345 669 5415 εἴη
699 5347 947 5410 ἀπόδοσις
981 5346 1072 5400 τοῦ
1113 5350 1401 5420 εἰρημένου
1438 5352 1494 5403 ὲν
1522 5355 1627 5415 τοῖς

1764 5358 1935 5405 bonum
1953 5352 2055 5405 erit
2076 5350 2194 5418 ejus
2212 5351 2278 5404 de
2293 5365 2403 5418 quo
2428 5350 2478 5403 in
2503 5350 2876 5418 superioribus
2898 5350 2941 5379 “
2958 5351 3159 5403 dictum
3179 5361 3291 5405 est:

87 5428 312 5503 ἀνωτέρω
330 5451 347 5464 ο
385 5433 506 5488 Τὸν
532 5435 685 5488 λαόν
707 5450 843 5499 σου,
873 5437 1065 5503 Κύριε,
1100 5437 1505 5493 ἐταπείνωσαν
1532 5442 1630 5496 καί

1764 5440 1996 5511 ὀραίιιηι
2025 5451 2191 5504 tuum,
2224 5440 2464 5503 Domine,
2493 5440 2899 5493 humiliaverunt
2921 5450 2971 5493 et
3004 5441 3292 5495 ltazredita-

87 5516 176 5584 τὴν
207 5526 623 5595 κληρονομίαν
662 5542 777 5580 σου
814 5527 1143 5581 ἐκάκωσαν.
1192 5530 1301 5582 Καὶ
1337 5530 1452 5598 τὴν
1486 5536 1630 5599 κλη-

1736 5542 1836 5586 lent
1894 5542 2036 5585 tuam
2095 5541 2425 5587 vomuerunt.
2471 5531 2541 5584 Et
2586 5532 2945 5586 hereditatem
2990 5549 3140 5586 suam
3188 5549 3290 5589 non

84 5616 339 5681 ρσνομιαν
359 5617 557 5671 αὐτοῦ
596 5619 706 5671 οὐκ
741 5618 1174 5687 ἐγκαταλείψει.
1207 5618 1376 5675 Τοῦτο
1402 5623 1491 5683 τοῦ
1522 5624 1630 5677 ἀνω

1764 5624 2073 5696 ferelinquet.
2114 5625 2227 5682 Iloc
2254 5640 2317 5681 ex
2350 5625 2627 5696 superiore
2660 5640 2815 5683 versu
2848 5627 3042 5683 pendet
3078 5643 3091 5679 :
3151 5624 3289 5693 Quia

137 5786 171 5817 "
213 5787 400 5844 Matth.
450 5801 579 5848 xxv,
616 5785 696 5841 II.
778 5786 822 5817 ⁸⁸
848 5800 985 5841 τετε.
1018 5785 1068 5840 5.
