4076 6308
722 354 818 407 Ml

1549 354 1607 412 S.
1647 354 2018 411 ATIIANASII
2056 356 2206 414 OPP.
2248 358 2427 413 PARS
2466 358 2552 413 Ill.
2593 391 2658 400 —
2698 359 3104 418 EXEGETICA.
3832 368 3916 421 412

723 487 824 522 non
859 467 1065 538 repellet
1091 469 1345 525 Dominus
1374 471 1572 540 plebem
1608 490 1780 528 suam.
1811 474 1976 541 Quasi
2026 477 2229 532 diceret
2260 497 2274 533 :

2403 478 2559 549 ῖτίχου
2600 481 2851 550 ἢρτηται,
2883 478 2997 542 τοῦ,
3041 481 3169 532 ’Ὅτι
3222 482 3330 532 οὐκ
3379 479 3678 534 ἀπώσεται
3735 486 3918 550 Κύριος

723 562 1003 617 Custodiet
1035 565 1290 633 populum
1321 579 1481 618 suum
1527 569 1676 621 enini
1728 569 2092 624 tribulationis
2144 579 2281 624 tem-

723 669 870 722 pore.
897 653 962 708 Et
989 669 1055 708 eo
1081 672 1252 725 usque
1285 658 1610 726 gubernabit
1631 669 1684 712 et
1721 661 1969 725 deducet,
1998 663 2171 715 donec
2200 661 2282 715 di-

722 745 906 800 vinum
939 747 1301 803 constituatur
1325 750 1588 806 tribunal.
1621 751 1850 817 Quando
1876 762 2054 807 autem
2090 754 2142 806 in
2179 754 2285 808 hoc

721 838 932 906 justitia
977 840 1092 893 sive
1123 841 1378 896 Christus
1415 843 1640 906 sedebit,
1701 859 1890 899 omnes
1939 847 2066 899 recti
2121 846 2285 900 corde

723 945 891 999 prope
944 931 1118 999 ipsum
1176 933 1456 999 accedent,
1485 933 1639 1003 juxta
1665 936 1795 988 illud
1827 954 1839 989 :
1873 936 2134 1000 Quoniam
2183 935 2284 1006 ipsi

725 1021 894 1075 Deum
920 1023 1162 1076 videbunt
1190 1027 1267 1076 “z
1302 1025 1373 1078 ita
1390 1025 1535 1079 enim
1565 1043 1678 1081 rem
1708 1027 1984 1082 declarant
2014 1045 2135 1099 qua:
2158 1030 2286 1084 sub-

726 1126 1048 1184 sequuntur.

797 1300 883 1352 15.
908 1299 1255 1368 Quoadusque
1296 1301 1517 1369 justitia
1547 1311 1878 1355 convertatur
1921 1304 1972 1356 in
1999 1304 2284 1373 judicium.

729 1391 909 1444 Donec
942 1390 1192 1444 Christus
1221 1392 1432 1460 judicet
1465 1395 1747 1446 mundum.
1783 1393 1900 1460 Ipse
1925 1411 2161 1464 namque
2206 1396 2288 1464 fa-

723 1491 842 1533 ctus
873 1494 947 1534 est
982 1483 1128 1535 nobis
1158 1484 1416 1551 sapientia
1440 1503 1471 1537 α
1501 1485 1627 1551 Deo,
1650 1487 1884 1554 justitia,
1910 1489 2288 1557 sanctiﬁcatio,

726 1577 1008 1646 redemptio
1030 1578 1073 1608 ⁷⁸
1106 1597 1118 1632 ;
1153 1589 1201 1630 et
1231 1578 1491 1647 judicium
1523 1598 1672 1634 autne
1703 1582 1844 1635 dedit
1871 1583 1955 1635 illi
1986 1582 2148 1636 Pater
2176 1585 2243 1636 ⁷¹.

797 1755 885 1810 16.
924 1756 1054 1823 Quis
1105 1770 1375 1829 consurget
1430 1761 1556 1813 mihi
1611 1761 1858 1816 adversus
1893 1765 2240 1832 malignantes
2266 1768 2291 1820 .9

2384 569 2487 622 τὸν
2521 571 2674 624 λαόν
2712 569 2917 624 αὑτοῦ.
2975 571 3114 622 Ὠσεὶ
3143 569 3288 637 λέγοι
3309 589 3322 600 ’
3349 571 3575 636 Φυλάξει
3598 612 3613 636 ,
3663 575 3810 643 φησὶ,
3845 576 3919 627 τὸν

2384 659 2505 711 λαὸν
2545 659 2708 713 αὑτοῦ
2742 660 2916 712 πάντα
2945 660 3044 729 τῆς
3085 660 3312 727 θλίψεως
3344 660 3434 712 τὸν
3467 662 3678 732 καιρόν.
3710 663 3814 715 Καὶ
3846 665 3920 732 μέ-

2384 767 2471 819 χρι
2493 748 2743 802 τοσούτου
2770 747 3178 820 διακυϐερνήσει
3215 751 3306 803 καὶ
3336 751 3718 821 καοοὸηηγήσει,
3745 753 3840 815 ἕως
3875 757 3922 805 τὸ

2385 840 2524 892 Θείον
2558 840 2756 912 καθίσῃ
2793 841 3158 912 δικαστήριον.
3221 844 3469 896 Ἐπειδὰν
3512 844 3567 897 δὲ
3609 848 3686 908 εἰς
3727 847 3923 916 τοῦτοή

2384 937 2692 1008 δικαιοσύνη
2726 939 2940 1009 καθίσῃ,
2974 939 3214 992 τουτέστι
3258 941 3488 1012 Χριστὸς
3515 982 3529 1004 ,
3575 942 3773 1004 πάντες
3813 942 3927 1012 πλη-

2389 1030 2500 1082 σίον
2532 1031 2698 1100 αὐτῆς
2725 1032 3041 1100 γενήσονται
3062 1033 3111 1084 οἱ
3145 1031 3320 1095 εὑΘεῖς
3352 1034 3418 1102 τῇ
3442 1032 3668 1103 καρδίᾳ,
3705 1033 3840 1085 κατὰ
3859 1033 3925 1091 τὸ,

2389 1120 2514 1172 ’Ὅτι
2546 1116 2708 1174 οὗτοι
2739 1119 2845 1172 τὸν
2885 1120 3032 1174 Θεὸν
3059 1121 3330 1189 ὄψονται.
3361 1120 3518 1174 Οὕτω
3549 1120 3654 1191 γὰρ
3694 1119 3840 1192 δηλοῖ
3875 1122 3928 1174 τὰ

2388 1213 2645 1280 ἑπόμενα.

2461 1306 2613 1371 Ἕως
2643 1301 2715 1361 οὗ
2742 1304 3088 1371 δικαιοσύνη
3104 1302 3435 1373 ἐπιστρέψῃ
3457 1306 3542 1369 εις
3567 1305 3790 1372 κρίσιν.
3811 1303 3932 1364 Ἕως

2388 1391 2448 1449 οἶι
2474 1399 2502 1449 ὁ
2528 1399 2758 1468 Χριστὸς
2782 1399 2956 1468 κρινεῖ
2982 1396 3078 1467 τὴν
3103 1395 3445 1467 οἰκουμένην.
3475 1395 3648 1459 Αὐτὸς
3676 1395 3788 1464 γαρ
3813 1394 3933 1463 ἡμῖν

2388 1487 2637 1556 ἐγενήθη
2659 1489 2844 1557 σοφία
2862 1487 2979 1541 ἀπὸ
3000 1487 3168 1550 Θεοῦ,
3193 1487 3540 1556 δικαιοσύνη
3580 1505 3644 1541 τε
3673 1489 3771 1540 καὶ
3790 1489 3934 1557 ἁγια-

2390 1579 2544 1648 σμὸς
2592 1580 2688 1632 καὶ
2715 1581 3164 1650 ἀπολύτρωσις·
3195 1581 3293 1633 καὶ
3339 1579 3454 1648 τὴν
3501 1581 3706 1648 κρίσιν
3747 1580 3813 1633 δὲ
3840 1580 3933 1634 τιιί-

2391 1687 2511 1724 σαν
2545 1670 2704 1736 αὐτῷ
2730 1671 2986 1725 δέδωκεν
3013 1675 3045 1726 ό
3069 1670 3289 1739 Πατήρ.

2466 1765 2561 1830 Τίς
2584 1763 2990 1829 ἁιάστήσεταί
3007 1780 3109 1831 μοι
3135 1763 3229 1816 ἐπὶ
3253 1763 3786 1832 πονηρευομένοις;
3813 1764 3936 1830 Αὕτη

728 1849 853 1905 llaec
912 1860 994 1904 est
1048 1851 1369 1906 afﬂictornm
1412 1868 1536 1907 vox.
1577 1855 1667 1908 Ait
1717 1863 1941 1910 autem:
1982 1856 2115 1922 Quis
2157 1859 2287 1912 mihi

2403 1855 2496 1909 τῶν
2525 1854 2852 1924 Ολιϐομὲνων
2881 1856 2912 1923 ή
2948 1853 3119 1923 φωνή.
3155 1851 3316 1918 Λέγει
3346 1850 3401 1902 δέ
3429 1869 3440 1881 ο
3471 1852 3565 1914 Τίς
3602 1869 3692 1922 μοι
3735 1853 3937 1920 γένηται

729 1941 1013 1996 auxiliator
1034 1942 1196 1997 fuerit
1222 1945 1485 2000 adversus
1506 1961 1600 2001 eos
1621 1947 1716 2016 qui
1745 1947 1882 2001 male
1908 1948 2065 2002 inme
2086 1949 2294 2019 agunt?

733 2033 991 2103 Deinceps
1019 2036 1109 2089 ubi
1145 2035 1434 2107 derepente
1462 2039 1633 2092 sensit
1666 2039 1791 2107 quis
1849 2041 2142 2094 auxiliator
2199 2041 2292 2104 sit,

728 2125 823 2190 ait,
844 2125 956 2194 jam
981 2127 1108 2180 olim
1133 2130 1370 2182 animam
1403 2129 1520 2198 ejus
1553 2129 1607 2183 in
1635 2129 1906 2184 infernum
1935 2131 2292 2202 dejiciendam

730 2215 920 2281 fuisse,
946 2219 1051 2272 nisi
1086 2218 1178 2271 Dei
1214 2219 1548 2289 adjutorium
1582 2230 1773 2277 nactus
1801 2231 1963 2278 esset.

803 2308 889 2363 18.
924 2306 984 2362 Si
1029 2309 1263 2362 dicebam
1305 2330 1316 2363 :
1371 2309 1548 2364 Motus
1590 2323 1666 2366 est
1701 2329 1788 2381 pes
1822 2330 1982 2366 meus.
2029 2311 2166 2366 Dum
2211 2311 2295 2366 af-

731 2398 929 2462 llictus,
994 2399 1188 2467 inquit,
1244 2400 1614 2468 conspicerem
1677 2415 1762 2453 me
1825 2398 2292 2465 labi,dicebam:

730 2491 962 2557 Quando
1019 2507 1114 2561 pes
1148 2507 1304 2547 meus
1355 2501 1539 2547 motus
1591 2493 1710 2546 est?
1753 2493 1806 2546 id
1840 2500 1942 2557 est,
1977 2491 2220 2546 excidam
2266 2505 2329 2543 a.

730 2594 874 2640 statu
904 2587 996 2640 illo
1033 2586 1124 2654 qui
1162 2585 1460 2640 secundum
1490 2586 1656 2638 Deum
1684 2595 1766 2640 est
1790 2604 1803 2651 ;
1830 2587 2011 2640 statim
2060 2583 2297 2654 patroci-

731 2675 882 2727 nium
917 2684 971 2727 et
995 2675 1426 2729 misericordiam
1465 2683 1614 2728 tuam
1648 2675 1947 2729 sentiebam
1981 2675 2113 2728 mihi
2145 2674 2299 2728 anxi-

732 2765 973 2820 liantem.

808 2857 893 2910 19.
953 2857 1349 2912 Consolationes
1417 2867 1522 2912 tua:
1585 2857 1987 2926 lmti/icaverunt
2065 2859 2299 2911 animam

733 2967 923 3003 ineant.
967 2948 1086 3004 Non
1135 2966 1220 3004 me
1252 2951 1544 3020 reliquisti,
1594 2952 1691 3014 ait,
1721 2951 1838 3004 sine
1881 2950 2296 3005 consolatione:

736 3044 827 3097 sed
851 3052 981 3110 quot
1006 3041 1168 3095 habui
1199 3041 1600 3105 tribulationes,
1634 3042 1856 3096 totidem
1900 3041 2301 3095 consolationes

737 3151 766 3185 ιι
791 3143 841 3186 te
874 3131 1079 3201 accepi.
1113 3130 1245 3197 Quae
1275 3130 1410 3185 mihi
1439 3130 1656 3185 dolores
1680 3130 1734 3184 in
1765 3130 2024 3200 gaudium
2057 3144 2304 3185 commu-

737 3233 943 3279 larunt.

804 3317 894 3372 20.
939 3315 1193 3387 Nunquid
1247 3315 1482 3370 adliceret
1544 3315 1640 3368 tibi
1676 3314 1824 3369 sedes
1874 3315 2173 3384 iniquitatis
2213 3315 2305 3386 qui

737 3415 892 3485 lingis
922 3412 1152 3465 laborem
1185 3411 1238 3463 in
1263 3417 1518 3478 praecepto
1539 3410 1563 3462 ?
1584 3406 1728 3473 Ideo,
1760 3408 1959 3476 inquit,
1989 3407 2307 3460 consolatus

737 3527 798 3563 cs
820 3522 915 3562 cor
939 3520 1120 3559 meum
1151 3503 1204 3556 in
1237 3500 1706 3558 tribulationibus.
1732 3497 1898 3568 Igitur
1934 3513 2042 3552 non
2067 3499 2308 3552 adhaere-

741 3601 820 3653 bit
842 3597 940 3653 tibi
973 3597 1202 3650 thronus
1228 3592 1553 3663 iniquitatis,
1582 3590 1633 3645 id
1662 3601 1766 3654 est,
1798 3590 1925 3660 quia
1956 3598 2141 3659 utpote
2164 3588 2308 3644 Deus

734 3696 919 3765 justus
957 3689 1120 3761 judex
1152 3705 1211 3743 es
1241 3697 1294 3743 et
1335 3687 1480 3740 nulla
1526 3686 1579 3739 in
1613 3683 1835 3753 judiciis
1890 3683 1998 3738 tuis
2050 3683 2309 3752 iniquitas

739 3787 879 3850 erit,
933 3799 1058 3838 nam
1098 3782 1331 3837 thronus
1371 3778 1636 3848 judicium
1670 3775 1944 3845 signiﬁcat
1977 3774 2109 3845 (40).
2140 3773 2309 3828 Secns

740 3889 923 3935 autem
950 3877 1040 3931 ille
1070 3890 1127 3929 se
1153 3875 1315 3927 habet
1347 3873 1442 3942 qui
1475 3870 1631 3939 lingit
1662 3869 1901 3923 laborem
1935 3869 1987 3922 in
2018 3875 2308 3937 precepto,

744 3971 992 4027 videlicet
1013 3964 1355 4022 adversarius
1380 3965 1615 4028 daemon,
1647 3961 1743 4032 qui
1771 3969 2040 4032 praecepta
2065 3958 2160 4013 Dei
2191 3973 2313 4028 qua:

744 4065 880 4121 levia
905 4072 1032 4118 sunt
1056 4061 1236 4132 gravia
1265 4058 1452 4122 etticit,
1486 4056 1810 4125 laboresque
1835 4052 2152 4108 hominibus
2178 4066 2314 4121 prae-

743 4161 834 4214 bet
860 4159 914 4212 in
958 4156 1025 4212 iis
1060 4152 1287 4224 agendis
1312 4192 1326 4218 ,
1365 4152 1620 4205 thronum
1681 4145 1988 4215 iniquitatis
2034 4145 2312 4199 diabolum

747 4253 992 4318 vocavit;
1037 4248 1166 4317 quia
1198 4247 1428 4300 thronus
1449 4241 1674 4313 justitia:
1714 4239 1967 4294 Christus
2003 4245 2087 4291 est
2113 4235 2204 4308 qui
2233 4246 2316 4290 est

746 4344 963 4402 diabolo
997 4339 1299 4412 oppositus.

817 4525 909 4580 2|.
953 4521 1019 4575 Et
1049 4520 1354 4589 sanguinem
1387 4516 1711 4568 innocentem
1743 4508 2180 4565 condemnabunt.
2211 4506 2312 4575 llli,

751 4616 960 4687 inquit,
1015 4610 1233 4680 maligni
1276 4615 1330 4662 et
1376 4602 1672 4659 adversarii
1702 4603 1994 4662 daemones,
2031 4599 2177 4652 omni
2230 4614 2315 4652 ra.

751 4711 900 4765 tione
944 4705 1289 4760 conabuntur
1329 4697 1461 4768 justi
1505 4694 1742 4748 animam
1785 4691 1940 4760 quasi
1983 4699 2179 4742 venatu
2227 4703 2316 4743 ca-

751 4817 897 4876 pere.
925 4799 1028 4854 Sed
1057 4812 1119 4850 c1
1154 4796 1220 4849 de
1247 4807 1437 4855 causa,
1467 4789 1662 4858 inquit,
1694 4783 2222 4840 condemnabuntur.
2259 4781 2314 4835 ld

752 4875 897 4949 enim
928 4889 1219 4960 signiﬁcat:
1242 4884 1309 4939 Et
1327 4884 1634 4953 sanguinem
1661 4880 1984 4932 innocentem
2001 4875 2317 4930 condemna-

757 4989 902 5041 bunt.
962 4984 1052 5038 Ait
1109 4982 1251 5036 enim
1300 4993 1398 5048 pro
1442 4977 1731 5029 innocente
1779 4971 2042 5041 sanguine
2081 4970 2149 5023 ab
2190 4968 2323 5040 ipsis

757 5078 949 5142 eﬂ'uso,
979 5079 1030 5130 in
1058 5074 1323 5145 judicium
1350 5080 1405 5124 et
1437 5065 1762 5136 supplicium
1792 5062 2082 5115 tradendos
2114 5059 2250 5115 fore.

830 5171 922 5225 22.
984 5168 1051 5222 Et
1102 5168 1275 5236 [actus
1320 5171 1397 5216 est
1450 5160 1577 5212 mihi
1630 5157 1884 5210 Dominus
1931 5156 1983 5208 in
2038 5152 2322 5223 refugium.

762 5263 874 5334 Ego
908 5271 1086 5317 autem
1128 5258 1340 5314 Domini
1394 5251 1746 5325 providentiae
1791 5249 2028 5303 fructum
2074 5247 2324 5318 percepi,

763 5366 817 5412 et
848 5357 960 5426 ipse
991 5353 1123 5410 mihi
1155 5361 1237 5406 est
1265 5353 1318 5405 in
1343 5349 1543 5404 vallum
1578 5345 1867 5399 munitum.

1902 5609 1941 5639 τ’
1967 5608 2123 5663 Joan.
2155 5622 2206 5670 γ,
2236 5605 2320 5659 2i.

845 5625 887 5653 '°
921 5620 1111 5677 Matth.
1150 5637 1201 5682 ν,
1236 5618 1290 5672 8.
1368 5618 1412 5646 τ⁰
1445 5614 1459 5668 l
1492 5616 1616 5669 Cor.
1653 5628 1700 5680 I,
1740 5612 1827 5665 50.

850 5801 960 5869 (ιιι)
992 5802 1081 5858 Sic
1103 5801 1415 5869 augurando
1457 5799 1635 5854 locum
1668 5796 1920 5852 \iliosum
1952 5792 2230 5850 vertimus.

2397 1946 2681 2016 σύμμαχος
2709 1945 2848 1997 κατὰ
2877 1944 2984 1995 τῶν
3036 1944 3116 2005 εἰς
3152 1943 3250 2013 ἐμὲ
3286 1942 3776 2013 πονηρευομὲικυν;
3831 1939 3938 1993 Εἶτα

2393 2037 2679 2106 δεξάμενος
2710 2035 2958 2105 αἴσθησιν
3009 2031 3214 2104 ταχέως
3259 2032 3351 2085 τοῦ
3402 2032 3615 2103 βοηθοῦ,
3652 2031 3834 2102 φησιν,
3879 2032 3939 2093 ὼς

2397 2130 2563 2184 παλαι
2592 2129 2656 2181 ἂν
2684 2128 2846 2181 αὐτοῦ
2869 2129 2948 2191 εἰς
2977 2126 3108 2198 ᾅδην
3139 2126 3384 2197 κατήχθη
3417 2130 3449 2196 ὴ
3478 2125 3645 2196 ψυχὴ,
3688 2127 3738 2177 εἰ
3770 2125 3841 2195 μὴ
3860 2124 3940 2192 τῆς

2399 2241 2472 2275 πα
2483 2222 2547 2293 ρὰ
2565 2220 2698 2274 Θεοῦ
2722 2218 3056 2289 ἀντιλήψεως
3088 2218 3295 2287 ἔτυχεν.

2460 2319 2526 2369 Ei
2549 2316 2760 2383 ἔλεγον
2779 2329 2791 2341 ·
2823 2311 3187 2366 Σεσάλευται
3214 2313 3246 2363 o'
3277 2308 3440 2373 ποῦς
3449 2326 3587 2376 μου.
3619 2307 3940 2375 ϐλιδόμενος,

2400 2409 2583 2480 φησιν,
2626 2405 2766 2476 ὁρῶν
2823 2404 3056 2475 ἐμαυτὸν
3096 2400 3498 2463 ὀλισθαίνοντα,
3543 2394 3726 2452 εἷπονο
3775 2398 3944 2451 Πὸτεό

2399 2501 2531 2564 ποῦς
2567 2517 2667 2571 μου
2694 2499 3046 2571 σεσάλευταις
3082 2495 3356 2559 τουτέστι,
3395 2492 3496 2562 τῆς
3539 2485 3843 2548 κατίίθεὸν
3871 2493 3946 2544 ὲκ-

2401 2592 2668 2662 πεσοῦμαι
2700 2591 2940 2652 στάσεως
2966 2607 2976 2619 ·
3010 2589 3168 2650 εὐθὺς
3193 2588 3290 2658 τὴν
3320 2587 3598 2657 ἀντίληψιν
3621 2587 3717 2639 καὶ
3739 2586 3795 2639 τὸ
3823 2583 3947 2645 ἔλεός

2402 2702 2494 2738 σου
2519 2683 2763 2755 ᾐσθόμην
2798 2680 3086 2749 ἐπίκουρον
3113 2681 3135 2730 ὲ
3145 2679 3253 2749 μοί.

2471 2864 2540 2916 Ai
2569 2857 2978 2927 παρακλήσεις
2998 2871 3113 2909 σου
3135 2855 3441 2924 εῦρριιναν
3462 2856 3574 2920 τὴν
3596 2853 3810 2921 ψυχήν
3829 2869 3944 2919 μου.

2403 2955 2517 3007 Uini
2544 2954 2783 3023 ἀφῆκας,
2816 2952 2996 3020 φησὶν,
3037 2947 3463 3018 ἀπαραμύθητον
3486 2964 3499 2975 ·
3541 2945 3655 2998 ἀλλ’
3693 2946 3820 3006 ὅσας
3857 2941 3951 2994 ϐλί-

2401 3046 2522 3115 ψεις
2548 3046 2721 3113 ἔσχον,
2749 3041 3011 3102 τοσαύτας
3046 3042 3138 3093 καὶ⁵
3168 3039 3512 3111 παραμυθίας
3538 3037 3800 3107 ἐδεχόμην
3829 3035 3952 3105 παρὰ

2407 3135 2520 3188 σοῦ.
2557 3135 2620 3187 Ai
2650 3135 2742 3187 καὶ
2768 3135 2848 3197 εἰς
2877 3131 3216 3204 εὐφροσύνην
3244 3130 3343 3194 τὰς
3366 3130 3541 3193 λύπας
3569 3128 3925 3200 μετεϐίϐαζον.

2473 3311 2571 3380 Μὴ
2599 3309 3039 3381 συμπροσέστω
3072 3325 3169 3364 σοι
3202 3310 3411 3375 θρόνος
3433 3305 3685 3375 ἀνομίας
3715 3309 3748 3359 ό
3787 3302 3956 3358 πλάσ-

2406 3422 2533 3459 σων
2564 3403 2755 3456 κόπον
2791 3400 2888 3454 ἐπὶ
2922 3399 3326 3468 προστάγματι
3355 3414 3372 3461 ;
3427 3399 3526 3450 Διὰ
3572 3397 3733 3450 τοῦτο
3756 3436 3770 3460 ,
3823 3397 3954 3464 φησι,

2408 3492 2786 3566 παρεκάλεσάς
2809 3510 2909 3562 μου
2939 3492 3038 3562 τὴν
3055 3491 3277 3563 καρδίαν
3304 3491 3395 3542 ἐπὶ
3421 3492 3540 3553 ταῖς
3568 3489 3829 3558 Ολίψεσιν.
3857 3488 3957 3539 Ὂτι

2406 3589 2470 3660 δὴ
2503 3584 2593 3642 οὖν
2622 3589 2682 3641 οὐ
2723 3586 3150 3658 προστεθήσεταί
3190 3602 3271 3638 σοι
3318 3585 3504 3656 Θρόνος
3534 3583 3795 3653 ἀνομίας,
3828 3598 3958 3634 τουτ-

2407 3682 2575 3745 έστιν,
2603 3683 2685 3734 ὅτι
2720 3681 2927 3741 δίκαιος
2959 3675 3010 3731 εἷ
3035 3678 3228 3748 κριτὴς
3263 3678 3336 3741 ὡς
3373 3676 3534 3740 Θεὸς,
3575 3677 3670 3729 καὶ
3704 3676 3802 3728 οὐκ
3829 3675 3959 3726 ἔσται

2408 3775 2608 3845 ἀνομία
2634 3775 2692 3826 ἐν
2720 3775 2838 3835 ταῖς
2869 3770 3084 3842 κρίσεσι
3111 3786 3203 3822 σου
3225 3787 3238 3799 ·
3264 3771 3291 3822 ό
3309 3768 3417 3840 γὰρ
3453 3768 3642 3841 Θρόνος
3681 3769 3778 3838 τὴν
3805 3768 3960 3838 κρίσιν

2413 3865 2696 3937 σημαίνει·
2732 3864 2919 3936 ὥσπερ
2949 3863 3012 3936 δὴ
3037 3864 3131 3917 καὶ
3165 3865 3293 3934 παρ’
3324 3861 3516 3932 ἐκείνῳ
3547 3861 3623 3932 τῷ
3660 3863 3826 3914 κόπον
3849 3877 3962 3927 συμ-

2412 3957 2704 4010 πλάσσοντι
2735 3957 2826 4009 ἐπὶ
2857 3956 3183 4028 πρόσταγμα
3202 3973 3214 3985 ·
3245 3955 3329 4025 εἴη
3350 3955 3392 4008 δ’
3413 3953 3477 4008 ἂν
3503 3946 3658 4016 οὗτος
3696 3955 3724 4005 ό
3756 3951 3962 4006 ἀντικεί-

2416 4065 2574 4120 μενος
2609 4047 2838 4118 δαίμων,
2873 4047 2931 4110 ὃς
2979 4048 3070 4101 καὶ
3109 4047 3348 4117 ἐλαφρὰς
3385 4045 3548 4106 οὔσας
3594 4045 3694 4107 τὰς
3729 4043 3818 4097 τοῦ
3849 4038 3962 4096 Θεοῦ

2414 4140 2631 4203 ἐντολὰς
2669 4139 2891 4210 βαρείας
2916 4141 3077 4203 ποιεῖ,
3115 4139 3314 4200 κόπους
3339 4137 3395 4190 δὲ
3434 4135 3612 4190 αὐτῶν
3644 4141 3760 4200 τοῖς
3784 4133 3966 4207 ἀνθρώ-

2415 4253 2538 4297 ποις
2570 4233 2841 4305 παρέχων.
2894 4232 3092 4304 θρόνον
3121 4231 3349 4303 ἀνομίας
3391 4231 3639 4300 ὠνόμασε
3672 4231 3766 4283 τὸν
3811 4227 3966 4282 διάῦο-

2416 4327 2506 4379 λον
2523 4343 2534 4356 ο
2573 4324 2758 4395 ἐπειδὴ
2782 4325 2875 4377 καὶ
2898 4324 3083 4397 θρόνος
3105 4323 3447 4394 δικαιοσύνης
3472 4323 3618 4375 ἐστὶν
3659 4324 3687 4376 ὁ
3736 4320 3963 4392 Χριστξ.

2417 4421 2566 4481 ὅστις
2594 4418 2893 4471 ἀντίκειται
2923 4416 3000 4488 τῷ
3022 4415 3270 4485 διαϐόλῳ.

2489 4509 2595 4563 Kal
2618 4505 2760 4578 αἷμα
2784 4508 2979 4563 ἀθῶον
3017 4505 3537 4561 καταδικάσονται.
3575 4499 3769 4571 Οὗτοι,
3805 4504 3964 4575 φησιν,

2421 4603 2468 4654 οἱ
2511 4603 2736 4672 πονηροὶ
2774 4601 2868 4654 καὶ
2897 4600 3257 4670 ἀντικείμενοι
3281 4599 3529 4670 δαίμονες
3550 4600 3615 4651 ὲκ
3649 4597 3844 4660 παντὸς
3867 4597 3967 4664 τρό-

2424 4711 2526 4747 που
2576 4694 2672 4763 τὴν
2715 4691 2811 4745 τοῦ
2873 4692 3078 4746 δικαίου
3139 4692 3429 4762 ζητήσουσι
3481 4692 3746 4763 θηρεῦσαι
3797 4692 3966 4761 ψυχήν.

2433 4786 2572 4839 Ἀλλ’
2607 4785 2697 4838 ἐπὶ
2727 4784 2902 4848 τοῦτο,
2935 4785 3088 4854 φησι,
3124 4785 3638 4856 κατακριθήσονται.
3691 4785 3856 4838 Τοῦτο
3881 4786 3969 4852 γὰρ

2423 4875 2709 4948 σημαίνει·
2743 4877 2851 4930 Kal
2882 4872 3023 4944 αᾷια
3047 4875 3242 4930 ἀθῶον
3273 4876 3793 4931 καταδικάσονται.
3831 4876 3968 4942 Λέγει

2427 4971 2551 5040 γὰρ,
2575 4968 2650 5030 ὡς
2671 4969 2790 5021 ἀντὶ
2821 4967 2913 5021 τοῦ
2949 4967 3137 5032 aeta»;
3163 4969 3487 5040 ἐκχεομένου
3517 4973 3648 5042 παρ’
3684 4970 3877 5034 αὐτῶν,
3904 4969 3969 5025 εἰς

2429 5063 2610 5133 κρίσιν
2639 5062 2733 5113 καὶ
2766 5060 2982 5115 κόλασιν
3004 5061 3489 5134 παραδοθήσονται.

2500 5150 2607 5207 Καὶ
2631 5150 2867 5220 ἐγένετό
2891 5169 2992 5219 μοι
3013 5152 3226 5219 Κύριος
3249 5155 3336 5215 εις
3365 5151 3741 5222 καταφυγήν,
3785 5148 3969 5218 Ἐτὼξὲ

2430 5244 2531 5314 τῆς
2555 5242 2702 5313 παρὰ
2729 5242 2820 5295 τοῦ
2845 5241 3113 5295 Δεσπότου
3145 5244 3395 5313 προνοίας
3423 5244 3712 5315 ὰπήλαυσα
3733 5285 3748 5309 ,
3781 5245 3868 5299 καὶ
3895 5243 3962 5296 σὺν

2433 5339 2524 5393 τὸν
2556 5337 2663 5408 ἔχω
2687 5337 2966 5409 περίὸολον
2991 5336 3202 5408 ὀχυρόν.
