4076 6308
144 376 250 432 H3

1276 368 1634 425 EXPOSITIO
1671 368 1736 423 ΙΝ
1776 369 2097 421 l’SALMUM
2148 370 2320 422 XCIV.

3266 374 3371 425 ιιι

146 486 322 556 Αἶνος
340 485 499 556 ᾠδῆς
526 486 606 553 τῷ
616 486 813 550 Δπῒό,
829 486 1227 553 ἀνεπίγραφος
1244 487 1376 556 παρ’
1402 485 1685 555 Ἑϐραίοις

1812 482 1950 536 Laus
1976 484 2168 536 cantici
2206 484 2306 546 ipsi
2347 481 2534 544 David,
2566 494 2707 535 caret
2735 482 3072 551 inscriptione
3097 484 3235 553 apud
3264 483 3370 539 He-

715 579 1019 630 ΨΑΑΜοΣ
1049 578 1137 641 ιιΔο

769 687 1090 749 Ὑπόθεσις.

157 803 432 859 Ἐντεῦθεν
465 801 620 857 ὁτῶν
648 801 817 870 ἁγίων
848 798 1005 871 χορὸς
1038 798 1131 852 καὶ
1158 797 1283 861 τοὺς
1333 796 1574 860 ἀπειθεῖς
1616 796 1708 850 τοῦ

224 896 439 969 Ἰσραὴλ
474 893 836 966 προτριπεται
869 892 961 944 ἐπὶ
998 889 1095 961 τὴν
1129 889 1217 943 διὰ
1254 887 1490 961 Χριστοῦ
1536 904 1709 959 σωτη-

212 989 336 1061 ρίαν
367 988 537 1041 ἐλθεῖν
557 1002 571 1015 ⁸
598 985 830 1048 δεικνὺς,
865 983 940 1047 ὡς
974 980 1360 1045 ἐπακούσεται,
1391 982 1439 1033 εί
1466 980 1707 1051 προσπέ-

211 1097 357 1134 σοιεν
387 1077 567 1148 αὐτῷ,
623 1078 718 1130 ἅτε
746 1074 906 1137 αὐτὸς
938 1073 1012 1126 ὢν
1042 1072 1269 1143 ποιητὴς
1292 1111 1307 1136 ,
1359 1072 1453 1125 καὶ
1488 1072 1550 1124 τὸ
1579 1072 1706 1125 ῑδιον

211 1171 371 1243 ἔργον
398 1167 644 1237 ἀγαπῶν.
690 1167 1010 1237 Είσφέρεται
1037 1165 1094 1218 δὲ
1123 1166 1259 1234 μετὰ
1278 1164 1378 1235 τὴν
1396 1164 1503 1216 τῶν
1536 1162 1704 1231 ἁγίων

207 1262 530 1333 παραίνεσιν
562 1260 656 1314 καὶ
682 1257 846 1313 αὐτοῦ
877 1258 968 1311 τοῦ
1000 1258 1154 1325 ἁγίου
1189 1255 1500 1324 Πνεύματος
1538 1256 1704 1326 πρόσ-

204 1370 375 1416 ωπον,
398 1354 579 1414 αὐτοῖς
608 1353 719 1413 τοῖς
773 1349 1021 1403 ἀπειθέσι
1067 1348 1569 1419 παρακελευόμενον
1626 1346 1701 1417 μὴ

203 1446 303 1515 τὴν
335 1444 446 1499 τῶν
487 1443 735 1514 πατέρων
767 1440 1103 1513 μιμήσασθαι
1137 1441 1417 1493 ἀπιστίαν.

204 1557 386 1611 Δεῦτε
420 1556 910 1623 ἀγαλλιασώμεθα
939 1552 1015 1617 τῷ
1042 1552 1254 1620 Κυρίῳ.
1290 1552 1378 1615 Ὠς
1399 1551 1491 1604 ἐπὶ
1510 1550 1701 1621 ἑορτὴν

134 1648 310 1701 ἐλθεῖν
342 1649 469 1709 τοὺς
503 1644 745 1708 ἀπειθεῖς
782 1643 1263 1713 παρακελεύονται,
1286 1644 1366 1705 εἰς
1387 1639 1701 1709 ἀγαλλίασιν

130 1741 330 1803 αὐτοὺς
362 1739 670 1802 καλοῦντες,
696 1738 780 1790 ἶνα
809 1737 896 1789 διὰ
943 1736 1146 1789 τούτων
1172 1735 1419 1789 πείσωσι.
1462 1730 1699 1788 Ἀλαλά-

2178 576 2363 629 brteos.
2401 573 2739 628 PSALMUS
2769 573 2895 628 XCI
2914 572 2973 629 V.

2383 687 2780 755 Argumentum.

1807 798 1904 854 His
1946 808 2258 854 sanctorum
2306 800 2506 856 chorus
2539 816 2635 856 eos
2677 802 2769 871 qui
2802 803 3066 857 increduli
3118 814 3271 860 erant
3314 808 3368 860 in

1876 890 2074 947 Israele
2116 892 2435 947 cohortatur
2480 905 2539 946 ιιι
2582 894 2647 947 ad
2682 896 2909 949 salutem
2962 912 3060 965 per
3088 896 3367 953 Christum

1873 985 2088 1038 allatam
2148 984 2442 1051 accedant,
2492 986 2776 1041 declarans
2817 1004 2940 1041 eum
2989 991 3367 1049 esauditnrum

1870 1094 1992 1134 esse
2018 1079 2061 1133 si
2088 1078 2375 1148 procidant
2398 1090 2521 1135 ante
2552 1082 2728 1145 illum,
2758 1085 2886 1154 quia
2914 1085 3028 1154 ipse
3048 1097 3133 1141 est
3161 1087 3366 1157 Opifes,

1883 1185 2154 1240 suumque
2198 1183 2340 1225 amat
2391 1172 2686 1240 opiﬁcium.
2745 1174 2874 1229 Post
2919 1176 3061 1229 illaut
3114 1191 3291 1232 autem
3337 1195 3367 1233 a

1874 1261 2075 1315 sanctis
2102 1260 2282 1314 datam
2318 1260 2676 1316 hortationem
2699 1303 2711 1327 ,
2746 1264 3017 1319 inducitur
3052 1266 3166 1335 ipsa
3192 1269 3365 1321 sancti

1871 1348 2105 1418 Spiritus
2129 1364 2388 1417 persona:
2410 1365 2529 1418 quae
2548 1367 2653 1405 non
2671 1352 3170 1423 obtemperantibus
3185 1360 3368 1426 praeei-

1871 1441 1969 1509 pit,
1991 1450 2127 1495 utne
2143 1450 2357 1509 patrum
2379 1456 2604 1495 suorum
2620 1442 3046 1499 incredulitatem
3063 1448 3363 1502 imitentur.

1874 1554 1925 1607 Ι.
1977 1552 2186 1618 Venite,
2225 1554 2546 1607 exsultemus
2586 1554 2827 1609 Domino.
2866 1556 3030 1623 Quasi
3068 1559 3132 1612 ad
3168 1559 3365 1615 festum

1801 1646 2059 1701 accedere
2101 1646 2457 1701 cohortantur
2480 1661 2573 1701 eos
2606 1648 2698 1716 qui
2749 1662 2857 1701 non
2908 1651 3364 1720 obtemperarent,

1800 1738 1867 1793 ad
1899 1738 2423 1793 lzetitianm'ocantes
2452 1752 2567 1802 eos,
2598 1749 2657 1793 ut
2690 1739 2760 1793 ita
2798 1743 3180 1810 persuadeant.
3205 1740 3363 1796 lubi-

133 1833 329 1903 ξωμεν
352 1830 432 1896 τῷ
454 1829 573 1895 Θεῷ
611 1828 689 1894 τῷ
714 1827 934 1896 Σωτῆρι
956 1826 1140 1896 ήμῶν.
1177 1821 1250 1879 Εὖ
1282 1825 1360 1889 τὸ,
1385 1822 1692 1886 ἀλαλάξω-

1800 1831 1964 1885 lemus
2002 1829 2105 1883 Deo
2141 1830 2370 1884 salutari
2399 1842 2601 1885 nostro.
2650 1830 2822 1885 Probe
2854 1832 3013 1897 dicit,
3051 1832 3362 1900 jubilemus,

126 1942 271 1993 μεν,
320 1923 513 1989 λέγει,
565 1921 629 1991 δὴ
662 1920 885 1990 ἥκοντες
940 1921 1061 1981 τοὺς
1118 1916 1413 1977 ἐπινικίους
1473 1913 1692 1983 ᾷσωμεν

134 2018 356 2087 ὕμνους.
408 2016 464 2067 Ὀ
490 2013 597 2084 γὰρ
629 2012 937 2081 ἀλαλαγμὸς
970 2010 1131 2079 ὕμνος
1157 2008 1303 2061 ἐστὶν
1337 2006 1430 2059 ἐπὶ
1476 2022 1694 2057 πεπτω-

130 2091 281 2161 κόσιν
312 2107 544 2176 ἐχθροῖς.
571 2104 830 2177 Σημαίνει
860 2103 917 2155 δὲ
938 2102 1025 2155 διὰ
1056 2101 1279 2166 τούτων,
1308 2099 1383 2162 ὼς
1420 2098 1518 2161 τὰς
1550 2099 1697 2150 ἀντι-

130 2199 389 2268 κειμένας
417 2198 669 2267 δυνάμεις
688 2194 998 2265 πολεμήσας
1031 2194 1169 2264 ὑπὲρ
1201 2190 1354 2263 ἡμῶν
1384 2194 1412 2245 ὁ
1440 2189 1692 2262 Χριστὸς,

129 2291 195 2342 ἐκ
222 2290 389 2360 μέσου
426 2289 743 2359 πεποίηκεν.

197 2379 642 2449 Προφθάσωμεν
662 2380 725 2432 τὸ
760 2380 1080 2447 πρόσωπον
1105 2376 1291 2429 αὐτοῦ
1319 2375 1387 2429 ἐν
1407 2374 1694 2442 ἐξομολο-

126 2469 322 2537 γήσει.
360 2469 503 2520 ’0σεὶ
524 2469 668 2535 λέγοι
686 2485 701 2498 ’
736 2468 869 2539 Πρὶν
890 2468 967 2529 είς
995 2465 1173 2537 κρίσιν
1197 2464 1416 2535 καθίσῃ,
1443 2464 1503 2517 τὸ
1523 2464 1693 2535 πρόσ-

126 2577 274 2613 ωπον
301 2561 464 2612 αὑτοῦ
482 2602 494 2624 ,
533 2562 646 2612 ἐστι
677 2560 734 2613 δὲ
759 2563 785 2613 ὁ
810 2559 943 2622 υἱὸς,
966 2561 1033 2629 τῇ
1062 2557 1445 2628 ἐξομολογήσει
1492 2556 1695 2627 προλά-

127 2650 337 2722 ϐωμεν,
364 2655 458 2705 καὶ
484 2653 707 2723 εὐμενὲς
730 2652 911 2713 αὐτοῖς
934 2650 1380 2720 καταστήσωμεν.
1413 2648 1567 2701 Οὕτω
1586 2646 1693 2718 γὰρ

127 2743 255 2812 ὑμῖν
286 2744 621 2815 συμϐήσεται
646 2747 724 2806 είς
750 2743 930 2810 ἀγαθὰ
960 2742 1217 2810 τελευτᾷν
1239 2760 1252 2771 ·
1296 2743 1328 2811 ἡ
1369 2738 1476 2808 γὰρ
1504 2738 1693 2808 ἐξομο-

126 2836 350 2905 λόγησις
376 2836 577 2902 ἀγαθὸν
607 2834 716 2903 ἔχει
749 2834 810 2887 τὸ
836 2834 1005 2905 πέρας
1025 2849 1037 2863 ·
1074 2833 1168 2886 καὶ
1196 2832 1353 2885 τοῦτο
1381 2832 1531 2901 δηλοί
1556 2832 1616 2885 τὸ
1635 2830 1695 2884 ὲν

126 2926 378 2995 Ψαλμοῖς
399 2941 411 2953 ο
446 2926 856 2995 Ἁλαλάξωμεν
882 2925 1058 2991 αὐτῷ.

193 3018 303 3072 Καὶ
348 3016 646 3083 βασιλεὺς
689 3017 876 3086 μέγας
919 3017 1017 3070 ἐπὶ
1069 3016 1297 3083 πάντας
1323 3016 1464 3083 τοὺς
1496 3015 1688 3081 θεούς.

124 3109 337 3179 Δηλαὸὴ
357 3110 480 3171 τοὺς
508 3108 935 3172 πιστεύσαντας,
989 3110 1081 3161 καὶ
1121 3106 1309 3177 ὥσπερ
1348 3105 1689 3176 ἀντιμισθίαν

125 3203 315 3256 τούτου
346 3204 607 3273 λαχόντας
633 3203 694 3255 τὸ
713 3203 900 3273 ὄνομα,
946 3202 1006 3255 τὸ
1054 3203 1334 3256 καλεῖσθαι
1363 3202 1494 3264 θεοὶ,
1549 3202 1691 3256 κατὰ
1717 3183 1759 3241 C

125 3295 183 3347 τι
208 3296 497 3365 εἰρημένον
518 3314 530 3325 °
565 3295 711 3349 Θεὸν
731 3294 955 3348 δέδωκά
980 3310 1054 3349 σε
1073 3294 1153 3361 τῷ
1179 3294 1405 3364 Φαραώ.
1450 3295 1573 3348 Ἐὰν
1595 3294 1692 3365 τὴν

126 3388 511 3457 ἐξομολόγησιν
545 3389 1014 3459 προσενέγκωμεν,
1070 3388 1252 3459 φησὶν,
1280 3390 1379 3441 οὐκ
1406 3386 1695 3454 ἀποτευξό-

127 3478 267 3547 μεθα
289 3496 302 3508 ·
335 3480 664 3548 οἰκτειρήσει
701 3477 809 3549 γὰρ
841 3479 914 3540 ὡς
954 3478 1084 3532 [διον
1112 3478 1275 3532 αὐτοῦ
1309 3478 1455 3533 λαόν.

196 3572 319 3622 Ὅτι
350 3568 535 3622 αὑτοῦ
558 3568 725 3622 ἐστιν
744 3571 782 3637 ἡ
807 3569 1107 3623 θάλασσα.
1149 3568 1447 3633 Δείκνυσιν,
1473 3569 1548 3634 ὡς
1592 3572 1691 3625 αὺ-

122 3661 244 3727 τὸς,
290 3660 365 3713 ὢν
408 3659 733 3730 δημιουργὸς
778 3660 957 3729 πάσης
1004 3660 1232 3724 κτίσεως
1270 3661 1468 3731 ὁρατῆς
1490 3678 1547 3714 τε
1599 3662 1691 3715 καὶ

124 3754 376 3824 ἀοράτου,
399 3752 499 3803 οὐκ
538 3750 601 3804 ἂν
632 3751 827 3824 παρίδῃ
853 3750 914 3803 τὸ
946 3750 1074 3805 ἴδιον
1112 3750 1320 3822 ποίημα
1354 3754 1690 3823 προσπίπτον

121 3843 187 3898 δι’
210 3842 506 3913 ἐξομολογή
516 3859 667 3904 σεως.

191 3936 371 3988 Δεῦτε
388 3930 902 4002 προσκυνήσωμεν
924 3932 1021 3985 καὶ
1047 3935 1482 4003 προσπέσωμεν
1508 3932 1686 3999 αὐτῷ.

122 4029 231 4081 Καὶ
261 4027 486 4090 ἑαυτοὺς
515 4026 622 4079 τῶν
649 4026 1090 4097 προσκυνούντων
1112 4027 1205 4079 καὶ
1228 4027 1523 4081 κλαιόντων
1552 4022 1689 4080 εἷναί

123 4138 307 4187 φασιν,
339 4121 487 4181 ὅπως
513 4118 575 4171 ἂν
603 4117 1036 4189 προθυμοτέρους
1068 4120 1145 4181 είς
1175 4119 1271 4189 τὴν
1308 4105 1687 4190 ἐξομολόγησιν

122 4206 585 4277 παρασκευάσωσι
611 4206 737 4268 τοὺς
763 4203 1075 4268 ἀκούοντας.

190 4296 461 4365 Σήμερον
492 4296 599 4349 ἐὰν
619 4294 728 4363 τῆς
762 4295 965 4365 φωνῆς
992 4297 1176 4350 αὐτοῦ
1217 4298 1536 4365 ἀκούσητε.
1570 4300 1687 4353 Ἑν-

120 4388 307 4440 τεῦοεν
346 4387 731 4456 παραινοῦνται
762 4388 889 4458 παρ’
939 4388 1103 4441 αὐτοῦ
1134 4389 1227 4441 τοῦ
1265 4390 1467 4459 Κυρίου
1504 4392 1686 4443 εὐπει-

122 4482 231 4544 θεῖς
265 4476 426 4545 εἶναι,
462 4482 555 4532 καὶ
604 4481 676 4550 μὴ
698 4479 923 4532 τοιοῦτοι
948 4474 1048 4533 οἷοι
1080 4482 1135 4532 ὲν
1160 4483 1224 4552 τῇ
1265 4482 1456 4551 ἐρήμῳ
1496 4483 1545 4534 oi
1582 4500 1686 4535 πα-

120 4573 171 4624 τέ
183 4589 274 4642 ρες
304 4569 480 4621 αὐτῶν
506 4568 909 4639 ἐπεδείχθησαν.

187 4661 501 4729 Κατὰλτὴν
528 4658 753 4729 ἡμέραν
778 4659 882 4712 τοῦ
908 4658 1237 4728 πειρασμοῦ
1270 4660 1339 4712 ἐν
1366 4658 1437 4727 τῇ
1464 4659 1679 4729 ἐρήμῳ,

118 4750 184 4807 οὗ
215 4752 549 4823 ἐπείρασάν
580 4770 655 4821 με
700 4755 752 4805 oi
796 4752 1041 4819 πατέρες
1061 4750 1245 4820 ὐμιῖιν.
1298 4751 1680 4823 Ἑξεπείρασαν

117 4844 222 4913 γὰρ
255 4844 347 4896 τὸν
380 4844 510 4895 Θεὸν
542 4841 725 4896 ἄλλοτε
750 4842 909 4913 ἄλλην
940 4842 1288 4912 πορευόμενοι
1312 4842 1445 4907 ὁδὸν,
1466 4845 1559 4897 καὶ
1580 4845 1680 4897 οὐκ

120 4935 332 4987 εὐθεῖαν
359 4934 455 5005 τὴν
484 4933 577 4987 τοῦ
606 4932 829 5004 Κυρίου.

194 5027 300 5090 Ὧς
314 5025 518 5095 ὤμοσα
546 5026 615 5079 ἐν
635 5024 709 5093 τῇ
737 5022 883 5093 ὀργῆ
888 5040 1031 5092 μου,
1057 5024 1567 5078 εὶείσελεύσοιται
1595 5026 1682 5089 εις

120 5118 229 5187 τὴν
268 5117 652 5171 κατάπαυσίν
669 5134 808 5185 μου.
840 5116 1001 5187 Τρεῖς
1025 5117 1157 5186 ἡμῖν
1176 5118 1206 5169 ό
1228 5116 1382 5182 λόγος
1404 5116 1685 5169 καταπαύ-

122 5227 229 5274 σιις
253 5209 511 5279 σημαίνει
530 5226 545 5240 ·
576 5208 701 5280 μίαν
732 5208 829 5279 τὴν
854 5209 1118 5279 σαρκικὴν
1141 5208 1239 5280 τὴν
1266 5206 1359 5260 τοῦ
1384 5207 1681 5271 Σαὸσάτου,

121 5306 208 5356 καὶ
242 5303 439 5373 ἑτέραν
466 5301 562 5370 τὴν
589 5299 791 5353 εἴσοδον
816 5298 913 5370 τὴν
938 5301 1017 5363 είς
1047 5298 1144 5369 τὴν
1174 5301 1277 5369 γῆν
1317 5298 1415 5367 τῆς
1451 5299 1687 5366 ἐπαγγε-

119 5395 259 5459 λίας,
376 5391 582 5465 Ἰησοῦς
619 5392 960 5446 κατέπαυσεν
1000 5391 1223 5454 αὐτούς’
1253 5392 1345 5444 καὶ
1372 5391 1557 5462 τρίτην
1588 5388 1685 5460 τὴν

120 5484 459 5555 ἐπουράνιον,
491 5482 556 5554 ἡν
582 5480 674 5535 νῦν
698 5482 828 5550 ἡμῖν
853 5484 881 5535 ὁ
912 5480 1065 5557 λόγος
1091 5481 1346 5551 σημαίνει
1366 5496 1380 5509 ’
1406 5481 1505 5533 οὐκ
1532 5479 1596 5533 ἂν
1626 5479 1683 5531 δὲ

121 5575 201 5627 ίτὲ
210 5592 315 5648 ρας
336 5574 608 5645 ἐμέμνητο
632 5572 883 5641 ἐνταῦθα,
902 5576 947 5627 εί
964 5572 1174 5644 ἀληθῶς
1190 5573 1370 5642 ἐκείνη
1401 5575 1493 5643 ὲνῇ
1519 5572 1684 5625 κατά-

223 5772 271 5803 ⁷⁸
312 5770 482 5826 Exod.
527 5786 620 5837 vn,
666 5770 711 5821 i.

1714 4550 1768 4612 Β

1796 1924 2042 1978 videlicet
2070 1923 2343 1977 venientes
2375 1938 2634 1977 canamus
2666 1924 2905 1977 victoria:
2932 1926 3162 1979 cantica.
3213 1923 3365 1978 Jubi-

1797 2015 1929 2068 latio
1970 2014 2146 2075 enim,
2190 2021 2273 2066 est
2312 2013 2546 2083 hymnus
2578 2013 2648 2066 ob
2680 2014 2921 2068 devictos
2950 2015 3132 2070 hostes
3162 2016 3359 2068 editus.

1797 2103 1893 2159 llis
1936 2113 2114 2158 autem
2164 2103 2433 2173 significat
2480 2102 2797 2167 Christum,
2843 2105 2983 2158 bello
3034 2106 3363 2161 adversariis

1794 2195 2148 2267 potestatibus
2173 2211 2271 2263 pro
2303 2197 2459 2251 nobis
2489 2197 2657 2262 illato,
2688 2196 2833 2265 ipsas
2863 2198 2929 2251 de
2965 2197 3143 2251 medio
3178 2208 3364 2252 sustu-

1796 2289 1943 2343 lisse.

1864 2380 1923 2434 2.
1965 2380 2394 2451 Prmoccupemus
2423 2382 2606 2451 faciem
2640 2383 2753 2451 ejus
2778 2385 2832 2435 in
2855 2382 3285 2451 confessione.Ac
3313 2382 3361 2437 si

1793 2470 2365 2541 diceret:Priusquam
2396 2474 2597 2535 sedeat,
2622 2472 2810 2528 faciem
2845 2474 2963 2541 ejus
2992 2474 3083 2543 qui
3109 2483 3191 2527 est
3219 2473 3364 2527 ﬁlius

1794 2564 2140 2621 confessione
2167 2582 2627 2636 prmoccupemus,
2659 2577 2712 2621 et
2733 2569 3019 2638 propitiam
3053 2568 3211 2621 nobis
3242 2567 3362 2619 red-

1792 2654 2005 2709 damus.
2040 2654 2115 2709 lta
2145 2657 2288 2709 enim
2346 2658 2620 2727 continget
2656 2659 2811 2713 vobis
2845 2668 2903 2713 ut
2934 2660 2986 2711 in
3035 2658 3234 2713 bonum
3267 2659 3360 2712 de-

1792 2746 2012 2809 sinatis;
2058 2762 2179 2801 nam
2219 2747 2490 2802 confessio
2520 2750 2720 2802 bonum
2765 2751 2927 2803 habet
2962 2752 3276 2813 terminum,
3306 2758 3359 2804 et

1793 2836 1895 2892 hoc
1926 2839 2100 2907 palam
2134 2836 2265 2893 facit
2295 2840 2423 2894 illud
2454 2842 2505 2894 in
2542 2840 2791 2897 Psalmis.
2816 2840 3106 2909 jubilemus
3130 2842 3198 2894 ei.

1867 3013 1920 3069 3.
1968 3011 2033 3065 Et
2066 3030 2157 3067 rex
2199 3032 2419 3085 magnus
2450 3033 2606 3085 super
2632 3034 2806 3071 omnes
2833 3018 2977 3071 deos.
3012 3017 3226 3071 Scilicet
3259 3031 3355 3073 eos

1790 3104 1883 3175 qui
1918 3104 2182 3169 credunt,
2222 3106 2314 3176 qui
2348 3108 2399 3160 in
2433 3110 2733 3162 mercedem
2779 3110 2883 3163 hoc
2914 3110 3194 3165 consecuti
3228 3117 3355 3163 sunt

1792 3206 1850 3251 ut
1868 3196 1942 3250 dii
1965 3197 2320 3266 appellentur,
2348 3198 2501 3266 juxta
2529 3197 2732 3253 dictum
2760 3198 2888 3253 illud
2920 3219 2930 3253 :
2967 3200 3095 3253 Dedi
3118 3210 3165 3253 te
3190 3201 3354 3255 Deum

1796 3284 2173 3341 Pharaonis".
2221 3287 2277 3341 Si
2328 3289 2726 3345 confessionem
2780 3290 3103 3353 offeramus,
3147 3291 3353 3360 inquit,

1793 3392 1898 3430 non
1926 3393 2021 3446 spe
2045 3378 2290 3431 labemur
2318 3398 2330 3433 :
2366 3395 2489 3433 nam
2527 3396 2630 3435 nos
2658 3391 2713 3434 ut
2739 3382 3017 3450 proprium
3047 3383 3147 3452 ipsi
3178 3398 3353 3453 popu-

1791 3466 1900 3521 lum
1934 3468 2301 3522 miscrabitur.

1858 3554 1910 3610 5.
1956 3556 2219 3620 Quoniam
2252 3558 2413 3624 ipsius
2462 3568 2539 3611 est
2586 3576 2747 3613 mare.
2802 3558 3047 3614 Ostendit
3074 3574 3198 3613 eum
3228 3575 3351 3615 cum

1789 3648 1860 3703 sit
1890 3648 2070 3717 opifex
2106 3650 2273 3703 totius
2299 3659 2560 3704 creatura:
2595 3652 2821 3706 visibilis
2853 3662 3016 3722 atque
3041 3652 3351 3713 invisibilis,

1789 3754 2067 3809 nunquam
2088 3739 2470 3809 despecturum
2492 3756 2614 3797 esse
2638 3757 2776 3813 opus
2800 3759 2983 3809 suum,
3002 3744 3046 3798 si
3072 3743 3196 3813 quis
3221 3757 3353 3797 con-

1789 3832 1987 3886 mendo
2016 3828 2262 3900 procidat
2291 3842 2416 3887 ante
2445 3848 2592 3889 eum.

1863 3920 1917 3976 6.
1969 3920 2169 3984 Venite,
2196 3922 2473 3975 adoremus
2497 3933 2546 3977 et
2575 3923 2910 3993 procidamns
2943 3934 3063 3979 ante
3084 3924 3255 3979 illum.
3280 3926 3351 3979 Se

1788 4030 1853 4070 ex
1886 4015 2230 4070 adorantium
2274 4024 2328 4068 et
2371 4016 2696 4084 plorantium
2735 4032 2961 4071 numero
2989 4032 3108 4071 esse
3133 4018 3347 4082 dicunt,

1788 4116 1848 4161 ut
1876 4106 2149 4161 auditores
2178 4105 2243 4160 ad
2277 4104 2675 4161 confessionem
2703 4110 3065 4177 promptiores
3090 4108 3345 4164 eﬂiciant.

1858 4299 1910 4353 8.
1952 4296 2122 4351 Hodie
2148 4296 2194 4349 si
2225 4312 2393 4350 vocem
2422 4296 2536 4367 ejus
2565 4298 2859 4353 audieritis.
2885 4296 2979 4353 His
3007 4299 3076 4353 ab
3102 4299 3219 4369 ipso
3242 4297 3349 4353 Do-

1788 4390 1937 4444 mino
1967 4397 2254 4442 monentur
2285 4398 2343 4442 ut
2378 4390 2808 4456 obtemperantes
2840 4389 2970 4451 sint,
3010 4404 3187 4459 neque
3214 4390 3347 4445 tales

1788 4477 1977 4541 quales
2006 4486 2186 4546 patres
2216 4492 2401 4533 eorum
2438 4478 2489 4530 in
2517 4478 2731 4533 deserto
2760 4477 2992 4533 fuerant.

1856 4657 1908 4712 9.
1948 4656 2243 4712 Secundum
2272 4658 2409 4711 diem
2444 4658 2763 4713 tentationis-
2786 4659 2840 4712 in
2873 4660 3094 4722 deserto,
3118 4658 3207 4712 ubi
3235 4669 3347 4713 ten-

1788 4761 2028 4805 taverunt
2061 4768 2141 4805 me
2173 4762 2347 4819 patres
2381 4752 2556 4804 vestri.
2600 4749 2963 4805 Tentaverunt
2989 4752 3134 4805 enim
3174 4750 3344 4806 Deum

1786 4843 1921 4897 alias
1960 4841 2012 4895 in
2066 4843 2225 4896 aliam
2276 4843 2584 4897 incedentes
2613 4842 2775 4905 viam,
2809 4842 2901 4896 sed
2934 4857 3041 4896 non
3082 4842 3227 4897 illam
3261 4859 3345 4898 re-

1786 4941 1924 4987 ctam
1955 4932 2096 4984 viam
2130 4930 2364 4984 Domini.

1856 5022 1942 5075 il.
1964 5020 2110 5076 Sicut
2118 5022 2299 5091 juraoi
2326 5023 2379 5075 in
2406 5023 2489 5075 ira
2514 5038 2647 5086 mea,
2669 5024 2713 5075 si
2730 5022 3014 5076 introibant
3042 5022 3094 5073 in
3118 5022 3341 5091 requiem

1784 5130 1974 5171 meam.
2023 5114 2154 5168 Tres
2199 5113 2357 5168 nobis
2416 5114 2621 5182 requiei
2664 5115 2872 5184 species
2916 5113 3337 5183 significantur:

1783 5208 2018 5262 carnalis
2048 5221 2152 5260 una
2184 5222 2306 5276 quae
2335 5216 2419 5260 est
2452 5204 2710 5273 Sahbati;
2759 5205 2923 5259 altera
2951 5213 3033 5259 est
3062 5206 3343 5275 ingressus

1784 5298 1839 5351 in
1890 5306 2088 5352 terram
2139 5298 2536 5367 promissionis,
2582 5312 2689 5367 qua
2723 5296 2843 5351 illos
2891 5297 3168 5365 quiescere
3217 5296 3341 5349 fecit

1782 5386 1942 5444 .lesus
1970 5387 2151 5453 Nave;
2189 5389 2345 5442 tertia
2387 5388 2646 5455 cmlestis,
2685 5404 2802 5458 quae
2850 5388 2935 5443 hic
2976 5390 3088 5457 jam
3119 5388 3340 5443 denota-

1788 5488 1897 5542 tur,
1932 5496 2039 5537 non
2068 5480 2291 5535 alterius
2316 5481 2459 5534 enim
2489 5480 2577 5535 hic
2604 5480 2808 5535 mentio
2836 5489 2936 5546 est,
2969 5496 3014 5535 ει
3044 5490 3223 5534 tamen
3252 5479 3343 5531 illa

1795 5586 1917 5625 vera
1959 5572 2171 5641 requies
2220 5573 2309 5627 sit.
2358 5569 2667 5628 Ostenditur
2710 5574 2889 5643 itaque
2934 5588 3055 5629 vere
3100 5571 3339 5642 requiem
