4076 6308
771 327 874 382 4ίὸ

1603 333 1657 388 S.
1698 336 2070 393 ATHANASII
2113 342 2261 397 OPP.
2306 344 2312 397 l

2410 345 2485 399 iis
2525 346 2608 399 Ill.
2646 376 2715 388 ~—
2752 348 3155 404 EXEGETICA.
3863 358 3949 410 416

770 463 892 502 esse
927 463 1196 502 recessum
1247 464 1312 502 ex
1351 450 1452 504 hoc
1483 452 1685 506 mundo
1731 462 1785 508 et
1832 454 2214 512 habitationem
2263 460 2312 512 in

2423 476 2637 522 παυσις.
2675 459 2934 531 Δηλούται
2987 458 3098 529 οὖν,
3131 463 3205 524 ὡς
3228 463 3438 533 ἀληθῶς
3461 465 3800 528 κατάπαυσις
3831 469 3953 519 ἐστιν

772 540 1020 610 supernis
1048 541 1441 594 mansionibus.

773 737 815 788 1.
862 732 1194 789 PSALMUS
1231 733 1398 788 XCV.
1428 734 1706 789 Canticum
1748 739 1846 806 ipsi
1877 739 2059 792 David.
2099 741 2322 806 Quando

979 829 1163 880 domus
1193 827 1554 896 a'di/icabatur
1583 839 1698 896 post
1729 834 2108 898 captivitatem.

1340 939 1727 1006 Argumentum

766 1050 822 1104 ln
859 1049 1176 1120 prmeedenti
1219 1051 1424 1118 psalmo
1447 1049 1756 1106 Judarorum
1792 1055 2146 1123 abjectionem
2187 1059 2318 1112 vati-

838 1145 1050 1199 cinatus
1096 1143 1141 1197 si
1188 1144 1242 1195 in
1294 1143 1605 1198 infidelitate
1652 1159 2093 1214 perseverarent,
2130 1151 2180 1202 in
2219 1151 2320 1204 hoc

832 1238 1072 1308 gentium
1095 1232 1431 1290 vocationem
1459 1239 1680 1303 inducit,
1703 1255 1821 1308 quae
1850 1251 1972 1308 post
1995 1243 2316 1298 solutionem

834 1330 1130 1400 spiritualis
1164 1331 1374 1382 illorum
1406 1332 1736 1398 captivitatis
1781 1332 1921 1387 facta
1964 1344 2066 1400 est,
2101 1337 2320 1405 quando

827 1439 923 1493 per
951 1432 1120 1478 totum
1149 1423 1333 1476 orbem
1372 1422 1613 1478 Ecclesia
1647 1423 1870 1479 fundata
1905 1425 2024 1479 fuit.

827 1597 883 1659 9.,
913 1598 964 1651 5.
1013 1596 1233 1651 Cantate
1269 1598 1488 1652 Domino
1518 1601 1781 1652 canticum
1815 1617 2020 1653 novum.
2047 1601 2318 1669 Apostolis

755 1689 908 1756 jubet
941 1687 1172 1757 Spiritus
1200 1700 1422 1744 sanctus
1443 1729 1457 1753 ,
1489 1700 1545 1744 ut
1575 1695 1849 1744 canticum
1889 1709 2085 1746 novum
2107 1734 2122 1759 ,
2160 1694 2208 1747 id
2238 1705 2320 1748 est

760 1780 966 1834 Novum
996 1779 1422 1843 Testamentum,
1476 1782 1724 1849 gentibus
1771 1797 1864 1850 per
1911 1793 2083 1838 totum
2132 1785 2312 1838 orbem

2419 1803 2515 1873 τὴν
2543 1779 2688 1856 Νέαν
2711 1779 3000 1876 Διαθηκην,
3029 1806 3334 1877 ἐξηγεῖσθαι

758 1880 1029 1927 enarrent.
1061 1872 1282 1927 Cantale
1311 1873 1528 1926 Domino
1550 1876 1717 1927 omnis
1746 1886 1952 1928 terra...
1990 1873 2314 1929 Annuntiate

756 1967 822 2016 de
867 1965 951 2018 die
980 1965 1030 2016 in
1066 1964 1200 2017 diem
1229 1965 1459 2017 salutare
1489 1964 1621 2034 ejus.
1661 1965 1946 2035 Nunquam
1979 1969 2122 2020 enim
2153 1970 2312 2021 linem

761 2057 956 2110 facient
1001 2056 1068 2110 ad
1115 2073 1287 2126 usque
1346 2059 1868 2112 consummationem
1924 2059 2111 2113 mundi
2180 2058 2312 2114 Novi

2410 2095 2542 2146 ριον
2577 2056 2880 2132 αὐτοῦ.οὑ
2909 2080 3015 2150 γὰρ
3047 2056 3342 2136 παύσονται
3368 2056 3526 2155 μέχρι

759 2147 1087 2203 Testamenti
1122 2151 1376 2219 mysteria
1407 2149 1562 2203 nobis
1596 2151 1930 2205 enuntiandi.

829 2243 881 2295 4.
921 2241 1184 2305 Quoniam
1211 2257 1428 2309 magnus
1456 2241 1712 2293 Dominus
1742 2251 1790 2294 et
1820 2241 2106 2294 laudabilis
2133 2242 2311 2294 nimis.

762 2332 975 2398 Docetc,
1006 2333 1213 2402 inquit,
1245 2345 1463 2401 gentes,
1502 2350 1625 2387 nam
1658 2334 1703 2387 si
1733 2335 1986 2396 audiant,
2023 2342 2317 2403 agnoscent

753 2429 877 2495 ejus
921 2427 1014 2496 qui
1049 2427 1372 2492 praedicatur
1413 2426 1666 2480 deitatem
1699 2434 1752 2481 et
1783 2427 2238 2497 magnitudinem;
2270 2428 2314 2481 si

757 2526 1072 2588 agnoscant,
1103 2519 1402 2573 laudabunt
1428 2534 1574 2572 eum.
1611 2517 1881 2572 Terribilis
1916 2528 1991 2572 est
2021 2536 2174 2588 super
2198 2536 2313 2572 om-

757 2629 844 2666 nes
875 2614 1018 2666 deos.
1061 2611 1194 2666 lllud
1243 2621 1322 2666 est
1367 2612 1660 2665 maximum
1704 2613 1953 2681 gentibus
1997 2613 2064 2666 ad
2100 2611 2314 2666 Domini

756 2707 1006 2759 timerem
1043 2703 1475 2770 incitamentum,
1509 2705 1652 2774 quod
1685 2705 1918 2758 viderint
1941 2720 2130 2758 eorum
2159 2705 2311 2768 deos,

758 2808 813 2852 ut
840 2798 1123 2860 vocabant,
1148 2797 1398 2852 incendio
1429 2799 1675 2851 traditos.
1711 2795 1988 2850 Noverunt
2015 2797 2159 2851 enim
2193 2797 2314 2853 illos

754 2907 946 2947 omnes
975 2907 1081 2946 non
1108 2905 1228 2945 esse
1271 2890 1437 2951 deos,
1471 2889 1565 2943 sed
1609 2889 1892 2943 dmmonia.
1928 2888 2091 2944 Solus
2130 2899 2309 2944 autem

755 2982 1018 3035 Dominus
1049 2978 1348 3034 caelestium
1378 2977 1557 3046 epifex
1581 2985 1685 3033 est.

828 3076 881 3128 5.
937 3072 1198 3137 Quoniam
1242 3088 1415 3125 onmes
1462 3071 1539 3124 dii
1586 3073 1815 3142 gentium
1863 3072 2142 3128 dwmonia.
2207 3072 2310 3138 Qui

2427 552 2457 620 ἡ
2485 551 2620 619 μετὰ
2644 551 2740 621 τὴν
2770 553 2920 604 τοῦδε
2953 553 3044 606 τού
3079 555 3279 622 κόσμου
3319 556 3644 626 ἀπαλλαγὴ,
3696 560 3727 627 ὴ
3770 560 3822 610 ὲν
3854 565 3952 622 ταῖς

2424 640 2533 692 ἄνω
2563 645 2748 710 μοναῖς
2776 644 3109 714 κατοίκησις.

2431 754 2733 806 ΨΑΛΜΟΣ
2755 755 2867 820 νῖν.
2909 755 3044 824 ’ῼδὴ
3085 754 3162 820 τῷ
3197 757 3394 820 Δαυῒὸ,
3446 758 3542 812 ὅτε
3572 763 3603 812 ό
3642 757 3799 827 οἶκος
3829 763 3951 826 ᾠκο-

2702 847 2927 915 δομήθη
2959 848 3108 916 μετὰ
3135 847 3244 914 τὴν
3265 853 3697 918 αἰχμαλωσίαν.

3050 964 3368 1031 ’Υπόθεσις.

2434 1073 2519 1125 Ἐν
2553 1071 2628 1142 τῷ
2659 1074 2761 1144 πρὸ
2787 1074 2972 1127 τούτου
3000 1074 3215 1145 ψαλμῷ,
3253 1075 3349 1146 τὴν
3383 1077 3648 1148 ἀποϐολὴν
3700 1078 3804 1131 τῶν
3842 1083 3952 1132 ’1ου-

2489 1163 2649 1215 δαίων
2683 1163 2962 1227 θεσπίσας,
3015 1167 3067 1218 εῐ
3091 1183 3154 1233 γε
3187 1167 3488 1235 ὲπιμένοιεν
3536 1172 3601 1238 τῇ
3649 1169 3955 1240 ἀπιστίᾳ,

2490 1252 2663 1323 τούτῳ
2691 1255 2789 1323 τὴν
2815 1254 2920 1306 τῶν
2952 1255 3116 1306 ἐθνῶν
3139 1256 3329 1326 κλῆσιν
3359 1259 3564 1325 εἰσάγει
3592 1300 3606 1320 ,
3633 1260 3730 1329 τὴν
3751 1262 3955 1330 γενομέ-

2491 1362 2586 1415 νην
2610 1345 2743 1414 μετά
2767 1345 2861 1416 τὴν
2881 1346 3031 1399 λύσιν
3052 1348 3151 1416 τῆς
3170 1349 3361 1418 νοητῆς
3384 1349 3559 1401 αὐτῶν
3582 1351 3954 1420 αἰχμαλωσίας,

2488 1439 2574 1490 ὅτε
2607 1441 2698 1491 καὶ
2726 1440 2845 1492 καθ’
2867 1439 2992 1510 ὅλης
3024 1440 3120 1505 τῆς
3149 1443 3467 1512 οἰκουμένης
3496 1445 3529 1513 ὴ
3569 1444 3853 1513 Ἐκκλησία
3886 1463 3955 1497 τε·

2489 1529 2829 1598 θεμελίωται.

2493 1622 2710 1690 ’ᾼσατε
2732 1622 2808 1686 τῷ
2835 1623 3026 1690 Ife-pla)
3046 1617 3210 1689 ᾆσμα
3229 1626 3454 1678 καινόν.
3497 1627 3620 1690 Τοῖς
3661 1627 3954 1690 ἀποστόλοις

2419 1710 2478 1762 τὸ
2513 1711 2734 1780 Πνεῦμα
2766 1712 3194 1782 παρακελεύεται
3223 1714 3284 1767 τὸ
3308 1716 3488 1768 καινὸν
3514 1713 3692 1786 ᾆσμα,
3728 1719 3951 1771 τουτέστι

3373 1813 3484 1872 τοῖς
3522 1811 3624 1862 ἀνὰ
3671 1815 3846 1865 πᾶσαν
3876 1814 3953 1883 τὴν

2414 1899 2733 1966 οἰκουμένην
2765 1897 2991 1950 ἔθνεσιν.
3033 1901 3252 1968 ’ᾼσατε
3284 1900 3364 1966 τῷ
3393 1903 3607 1969 Κυρίῳ,
3646 1903 3814 1958 πᾶσα
3839 1907 3872 1971 ἠ
3896 1905 3951 1973 τῆ

2417 2025 2432 2040 .
2471 2025 2485 2040 .
2525 2026 2537 2040 .
2581 2028 2595 2041 .
2631 1989 3088 2057 Εὐαγγιελίζέσθε
3110 1992 3336 2061 ἡμέραν
3355 1994 3422 2058 ἐξ
3449 1994 3671 2062 ἡμέρας
3699 1996 3764 2048 τὸ
3787 1997 3954 2062 σωτή-

3549 2087 3855 2151 συντελείας
3885 2088 3954 2139 κό-

2418 2185 2552 2238 σμου
2572 2169 2638 2222 τὰ
2652 2170 2748 2238 τῆς
2767 2169 2908 2232 Νέας
2934 2171 3204 2242 Διαθήκης
3221 2175 3348 2243 ἡμῖν
3369 2174 3650 2239 λαλοῦντες
3681 2180 3949 2248 μυστήρια.

2487 2261 2612 2311 Ὀτι
2644 2259 2829 2328 μέγας
2860 2263 3072 2328 Κύριος
3104 2264 3198 2316 καὶ
3229 2265 3462 2330 αινετὸς
3511 2265 3750 2334 σφόδρα
3829 2269 3952 2324 Διδά-

2417 2351 2560 2415 ξατε,
2599 2353 2750 2422 φησὶ,
2783 2353 2849 2406 τὰ
2898 2354 3024 2425 ἔθνη
3046 2373 3058 2384 ·
3093 2357 3184 2408 καὶ
3225 2355 3332 2428 γὰρ
3366 2357 3748 2410 ὑπακούσαντα
3807 2361 3950 2426 γνοῖεν

2413 2443 2505 2496 τοῦ
2537 2441 2932 2516 κηρυττομένου
2957 2447 3054 2518 τὴν
3087 2447 3313 2518 θεότητα
3345 2449 3437 2500 καὶ
3461 2448 3556 2518 τὴν
3582 2449 3949 2519 μεγαλοσύνην,

2414 2536 2507 2588 καὶ
2527 2535 2718 2604 γνόντα
2752 2539 3117 2590 ἐπαινέσουσι.
3153 2541 3406 2607 Φοϐερός
3437 2540 3608 2594 ἐστιν
3643 2541 3797 2609 ὑπὲρ
3827 2542 3952 2594 πάν-

2414 2644 2516 2690 τας
2539 2626 2678 2692 τοὺς
2711 2629 2899 2692 θεοὺς.
2925 2629 3094 2681 Τοῦτο
3127 2630 3357 2698 μάλιστα
3381 2631 3445 2683 τὰ
3479 2631 3604 2700 ἔθνη
3639 2633 3732 2684 ἐπὶ
3763 2634 3846 2684 τὸν
3873 2634 3953 2684 τοῦ

2414 2717 2615 2788 Κυρίου
2643 2719 2802 2786 φόϐον
2827 2721 3318 2792 προτρέπεται,τὸν
3347 2724 3670 2793 ἐμπρησμὸν
3700 2725 3952 2793 ἑωρακότα

2414 2813 2554 2866 κατά
2580 2815 2687 2869 τῶν
2719 2816 2884 2868 πάλαι
2906 2817 3317 2888 ὀνομαζομένων
3356 2819 3530 2871 αὐτῶν
3573 2819 3731 2872 θεῶν.
3773 2821 3951 2887 Ἔγνω-

2416 2922 2512 2960 σαν
2539 2906 2666 2977 γὰρ,
2693 2906 2766 2970 ὡς
2796 2907 2994 2972 πάντες
3027 2910 3222 2962 ἐκεῖνοι
3243 2911 3341 2962 οὐκ
3376 2906 3512 2979 ἦσαν
3539 2911 3669 2973 θεοὶ,
3701 2911 3833 2964 ἀλλὰ
3856 2912 3952 2964 δαι-

2416 2996 2593 3066 μόνια.
2625 2998 2799 3061 Μόνος
2825 2997 2882 3049 δὲ
2909 3000 2936 3050 ό
2957 2999 3159 3069 Κύριος
3186 2999 3294 3050 τῶν
3315 2999 3575 3069 οὐρανίων
3620 3002 3860 3070 ποιητής.

2490 3089 2615 3142 Ὅτι
2637 3089 2857 3156 πάντες
2883 3091 2937 3143 ol
2964 3091 3082 3145 θεοὶ
3110 3090 3226 3144 τῶν
3244 3089 3433 3144 ἐθνῶν
3456 3090 3750 3160 δαιμόνια.
3787 3093 3844 3144 Ot
3871 3092 3952 3161 μὲν

751 3168 896 3224 enim
924 3166 998 3222 dii
1024 3166 1377 3230 vocabantur,
1406 3165 1626 3234 maligni
1661 3163 1934 3219 daemones
1965 3165 2134 3220 fuisse
2164 3181 2312 3220 com-

2414 3181 2520 3250 γὰρ
2547 3180 2867 3251 καλούμενοι
2891 3179 3002 3234 θεοὶ
3021 3181 3270 3253 δαίμονες
3296 3181 3549 3252 ὤφθησαν
3585 3183 3830 3254 πονηροὶ,
3858 3183 3950 3236 ό.δὲ

755 3263 890 3333 perti
918 3269 1044 3316 sunt
1070 3277 1086 3315 :
1115 3269 1170 3313 at
1200 3259 1453 3312 Dominus
1486 3267 1662 3311 noster
1689 3257 1842 3310 ctelos
1874 3257 2017 3326 fecit.

826 3354 877 3407 6.
905 3352 1270 3408 Sanctimonia
1304 3360 1353 3403 et
1390 3350 1780 3419 magniﬁcentia
1811 3351 1864 3402 in
1893 3351 2314 3420 sanctiﬁcatione

751 3448 888 3517 ejus.
925 3444 1293 3500 Sanctificatio
1319 3443 1438 3512 ejus
1463 3453 1545 3497 est
1573 3443 1837 3506 Ecclesia,
1865 3459 1986 3513 qua:
2027 3454 2080 3498 et
2123 3453 2309 3498 sancta

750 3550 807 3594 et
857 3537 1141 3608 magniﬁca
1186 3545 1289 3591 est.
1342 3534 1602 3591 Excelsus
1645 3551 1881 3606 namque
1929 3545 2011 3590 est
2061 3535 2313 3590 Ecclesiae

752 3639 997 3685 ornatus.

825 3723 938 3777 7-9.
966 3723 1160 3791 Aﬁ‘erte
1190 3720 1436 3782 Domino,
1469 3720 1657 3786 patria:
1678 3720 1932 3788 gentium,
1970 3729 2074 3773 ete.
2102 3718 2312 3773 Patrias

754 3824 914 3871 vocat
938 3814 1302 3869 Ecelesiarum
1342 3809 1649 3881 praefectos,
1689 3811 1741 3864 id
1771 3820 1882 3874 est,
1921 3811 2230 3865 sacerdotes
2261 3820 2314 3864 et

755 3904 1031 3975 praesides.
1075 3903 1141 3957 Et
1186 3919 1316 3958 sane
1349 3903 1601 3957 convenit
1627 3901 1883 3971 operibus
1928 3901 2089 3956 bonis
2143 3900 2310 3956 Deum

753 3995 1079 4066 glorificare,
1126 4005 1178 4050 et
1223 3993 1386 4064 justis
1416 3992 1691 4048 laboribus
1719 3993 1988 4047 honorare
2023 3993 2195 4054 illum.
2232 4003 2314 4046 at-

753 4101 858 4156 que
899 4087 1118 4153 insuper
1165 4083 1465 4152 spiritualia
1504 4083 1579 4136 illi
1633 4081 1899 4136 sacrificia
1949 4081 2165 4136 offerre.
2213 4081 2310 4135 Of-

755 4177 894 4231 ferre
931 4175 1186 4230 nimirum
1222 4175 1276 4228 in
1304 4175 1455 4229 atriis
1496 4174 1700 4228 sanctis
1728 4174 1868 4241 ejus,
1903 4174 2111 4228 scilicet
2139 4175 2193 4227 in
2223 4191 2312 4228 ec-

753 4267 956 4323 clesiis.
1009 4265 1406 4320 Commoventur
1451 4283 1483 4318 a
1523 4265 1655 4334 facie
1693 4265 1807 4334 ejus
1855 4265 2098 4318 universa
2147 4274 2307 4318 terra.

753 4357 1016 4412 Futurum
1046 4357 1190 4410 enim
1235 4366 1352 4410 erat
1391 4365 1451 4410 ut
1482 4372 1578 4426 per
1602 4370 1816 4411 omnem
1851 4365 2054 4410 terram
2097 4357 2313 4411 audire-

754 4461 841 4503 tur
870 4448 1200 4520 praadieatio,
1233 4458 1285 4502 et
1312 4458 1369 4503 ut
1403 4457 1542 4503 terra
1573 4447 1728 4518 quasi
1757 4464 1784 4501 a
1825 4448 2009 4518 priore
2037 4463 2138 4503 suo
2165 4457 2308 4503 statu

751 4551 1195 4596 commoveretur.

828 4636 913 4712 to:
953 4632 1161 4687 Etenim
1196 4633 1419 4686 correxit
1445 4631 1620 4685 orbem
1654 4638 1808 4684 terra:
1837 4631 1926 4699 qui
1954 4646 2054 4682 non
2083 4646 2312 4682 commo-

753 4725 972 4779 vebitur.
1001 4723 1271 4778 Fundavit
1305 4723 1448 4778 enim
1487 4722 1780 4778 Ecclesiam
1814 4737 1976 4790 supra
2004 4731 2232 4791 petram,
2261 4730 2313 4775 et

755 4827 924 4888 portae
956 4815 1113 4872 inferi
1145 4833 1252 4872 non
1288 4817 1656 4887 praevalebunt
1683 4815 1945 4870 adversus
1974 4830 2116 4868 eam.
2154 4813 2314 4866 ludi-

754 4911 893 4964 cabit
928 4909 1144 4980 populos
1177 4910 1230 4963 in
1263 4911 1528 4980 (equitate.
1573 4907 1733 4962 Venit
1781 4909 1928 4962 enim
1971 4916 2023 4961 et
2051 4907 2316 4976 judicavit

756 5017 976 5057 causam
1007 5012 1272 5067 nostram,
1301 5011 1355 5056 et
1385 5002 1660 5070 improbos
1683 5011 1940 5072 tyrannos
1969 5000 2174 5068 exegit,
2206 4999 2310 5052 im-

758 5108 922 5161 puros
956 5093 1161 5148 scilicet
1201 5094 1496 5146 daemones.

833 5184 917 5239 Η.
960 5183 1226 5238 Lit-lentur
1269 5182 1384 5236 caeli
1425 5192 1475 5236 et
1521 5182 1745 5236 exsultet
1789 5192 1948 5235 terra.
1979 5181 2113 5235 Cum
2147 5181 2314 5235 totius

758 5276 908 5330 orbis
926 5276 1128 5330 bonum
1159 5285 1406 5342 ageretur
1437 5274 1684 5327 caelestes
1713 5274 1936 5328 virtutes
1966 5288 2090 5327 cum
2117 5273 2313 5342 gaudio

759 5366 1043 5422 dicebant:
1079 5364 1255 5419 Gloria
1287 5366 1340 5416 in
1376 5365 1588 5419 excelsis
1633 5365 1734 5418 Deo
1773 5367 1903 5418 etin
1943 5375 2082 5418 terra
2126 5364 2308 5416 nam”.

761 5457 1155 5508 Commoreatur
1183 5470 1325 5506 mare
1371 5464 1414 5506 et
1459 5455 1726 5522 plenitudo
1758 5454 1890 5523 ejus.
1937 5453 2081 5509 Mare
2115 5455 2200 5510 hic
2239 5457 2314 5506 si-

763 5544 978 5617 gniﬁcat
1002 5543 1240 5612 gentium
1290 5543 1703 5613 plenitudinem,
1755 5560 1873 5615 quae
1903 5553 2174 5601 commota
2209 5558 2313 5610 est,

823 5765 866 5796 "
905 5763 1036 5822 Luc.
1077 5777 1137 5827 ιι,
1176 5761 1254 5818 lt.

2413 3272 2692 3342 ἡμέτερος
2715 3274 2928 3340 Κύριος
2964 3272 3100 3338 τοὺς
3124 3273 3416 3340 οὐρανοὺς
3458 3274 3764 3339 ἐποίησεν.

2496 3363 2813 3431 Ἀγιωσύνη
2837 3362 2932 3414 καὶ
2953 3361 3430 3430 μεγαλοπρέπεια
3459 3362 3529 3414 ἐν
3559 3361 3639 3427 τῷ
3659 3362 3950 3432 ἀτιάσματι

2411 3453 2614 3507 αὑτοῦ.
2665 3453 2933 3523 Ἀγίασμα
2954 3453 3118 3505 αὐτοῦ
3147 3455 3179 3523 ὴ
3216 3452 3524 3523 Ἐκκλησία,
3565 3455 3686 3524 ἥτις
3717 3455 3807 3507 καὶ
3841 3454 3950 3522 ἁγία

2412 3542 2526 3594 ἐστὶ
2549 3541 2643 3595 καὶ
2679 3541 3116 3613 μεγαλοπρεπής.
3155 3541 3383 3612 Ὑψηλὸς
3421 3543 3529 3613 γάρ
3561 3544 3588 3595 ό
3643 3543 3843 3612 κόσμος
3871 3543 3951 3611 τῆς

2423 3632 2766 3701 Ἐκκλησίας.

2494 3723 2807 3791 Ἐνέγκατε
2835 3723 2912 3788 τῷ
2931 3724 3142 3790 Κυρίῳ,
3168 3726 3227 3775 al
3249 3724 3481 3791 πατριαὶ
3504 3723 3620 3776 τῶν
3633 3725 3837 3778 ἐθνῶν.
3862 3725 3950 3776 [Is-

2411 3815 2566 3886 τριάς
2595 3815 2746 3867 καλεῖ
2766 3817 2889 3879 τοὺς
2919 3815 3025 3867 τῶν
3055 3814 3386 3885 Ἑκκλησιῶν
3409 3816 3765 3886 ἡγουμένους,
3798 3816 3948 3887 ἱερέας

2412 3906 2554 3975 φημὶ
2578 3905 2670 3958 καὶ
2705 3905 3019 3976 προέδρους.
3051 3906 3160 3958 Καὶ
3187 3904 3388 3976 πρέπει
3410 3904 3498 3957 διὰ
3524 3904 3633 3958 τῶν
3666 3905 3837 3976 ἔργων
3860 3905 3951 3957 τῶν

2411 3995 2630 4064 ἀγαθῶν
2659 3994 2900 4061 δοξάζειν
2924 3997 3013 4049 τὸν
3043 3997 3193 4059 Θεὸν,
3235 3997 3329 4049 καὶ
3364 3995 3467 4067 μὴν
3522 3998 3615 4049 καὶ
3661 4001 3824 4069 τιμᾷν
3862 3997 3950 4051 ἀπὸ

2411 4085 2626 4156 δικαίων
2657 4088 2833 4138 πόνων
2863 4086 3060 4151 αὐτῶν,
3095 4085 3174 4137 ἔτι
3206 4101 3269 4152 γε
3307 4085 3411 4154 μὴν
3453 4084 3546 4136 καὶ
3596 4085 3786 4149 θυσίας
3826 4086 3949 4154 αὐτῷ

2410 4175 2695 4246 ἀναφέρειν
2725 4176 2919 4243 νοητὰς
2941 4192 2954 4202 ·
2991 4175 3278 4246 ἀναφέρειν
3313 4175 3369 4226 δὲ
3391 4177 3446 4227 ὲν
3468 4177 3585 4238 ταῖς
3613 4174 3784 4239 θείαις
3811 4175 3946 4230 αὑτοῦ

2411 4265 2617 4329 αὐλαῖς,
2659 4265 2858 4338 δηλαδὴ
2894 4269 3014 4328 ταῖς
3066 4266 3399 4337 ἐκκλησίαις.
3451 4267 3804 4334 Σαλευθήτω
3850 4265 3947 4319 ἀπὸ

2411 4355 2729 4424 προσώπου
2757 4357 2940 4410 αὑτοῦ
2963 4357 3128 4411 πᾶσα
3161 4359 3195 4424 ἡ
3229 4356 3325 4426 γῆ.
3371 4357 3597 4427 Ἔμελλε
3632 4357 3744 4428 γὰρ
3765 4361 3836 4419 εἰς
3865 4359 3944 4409 πᾶ-

2413 4463 2511 4499 σαν
2541 4446 2639 4503 τὴν
2687 4446 3006 4517 οἰκουμένην
3040 4444 3361 4510 ἐξάκουστον
3403 4445 3654 4514 γενέσθαι
3691 4449 3942 4516 κήρυγμα.

2338 4513 2386 4572 D
2414 4539 2506 4590 καὶ
2534 4537 2692 4589 οἱονεὶ
2727 4537 2827 4607 τῆς
2854 4537 3123 4607 προτέρας
3163 4537 3401 4599 στάσεως
3443 4536 3688 4590 σαλεύειν
3718 4538 3809 4608 τὴν
3837 4537 3939 4603 γῆν.

2481 4628 2591 4682 Καὶ
2613 4628 2721 4697 γὰρ
2747 4626 3089 4695 κατώρθωσε
3110 4627 3222 4695 τὴν
3242 4627 3601 4696 οἰκουμένην
3627 4627 3756 4694 ἥτις
3776 4631 3839 4681 οὐ
3867 4642 3947 4679 σα-

2415 4717 2791 4784 λευθήσεται.
2841 4717 3196 4788 Ἐθεμελίωσε
3227 4717 3333 4787 γὰρ
3374 4716 3467 4769 ἐπὶ
3501 4717 3599 4788 τὴν
3647 4719 3841 4788 πέτραν
3868 4718 3945 4784 τὴν

2431 4809 2774 4879 Ἐκκλησίαν,
2806 4811 2896 4863 καὶ
2923 4808 3085 4861 πύλαι
3110 4809 3234 4880 ᾇδου
3255 4809 3315 4861 οὐ
3340 4809 3754 4878 κατισχύσουσιν
3785 4808 3942 4875 αὐτῆς.

2417 4900 2620 4970 Κρινεῖ
2635 4900 2822 4966 λαοὺς
2849 4901 2919 4953 ἐν
2938 4903 3234 4968 εὐθύτητι.
3276 4897 3441 4954 Ἦλθε
3475 4901 3582 4972 γὰρ
3626 4902 3721 4954 καὶ
3763 4900 3941 4954 ἐδίκασε

2413 4999 2510 5069 τὴν
2543 4997 2720 5070 κρίσιν
2749 4997 2925 5067 ἡμῶν,
2952 4997 3046 5050 καὶ
3073 4997 3198 5061 τοὺς
3257 4998 3524 5068 πονηροὺς
3567 4996 3854 5068 τυράννους
3878 4992 3924 5055 ἐξ

2413 5091 2593 5158 έϐαλε,
2624 5092 2748 5153 τοὺς
2779 5090 3118 5162 ἀκαθάρτους
3153 5089 3284 5159 φησὶ
3310 5089 3594 5160 -δαίμονας,

2481 5181 3021 5252 Εὐφραινέσθωσαν
3049 5187 3099 5236 οι
3139 5183 3399 5250 οὐρανοὶ,
3447 5181 3543 5234 καὶ
3591 5177 3942 5251 (tralaticiaan

2415 5277 2451 5342 ἢ
2488 5276 2582 5344 Τῆ.
2632 5275 2752 5327 Ἐπὶ
2778 5283 2884 5346 γὰρ
2912 5278 2976 5346 τῇ
3025 5271 3356 5345 κατορθώσει
3409 5273 3507 5342 τῆς
3557 5271 3864 5341 οἰκουμένης
3896 5267 3938 5316 αἱ

2417 5367 2659 5436 οὐράνιαι
2689 5366 2941 5436 δυνάμεις
2964 5365 3195 5428 ἔφασκον
3225 5364 3508 5435 χαίρουσαι
3528 5380 3540 5391 ·
3571 5361 3723 5425 Δόξα
3747 5361 3809 5413 ἐν
3828 5358 3938 5424 aest-

2420 5473 2585 5524 στοις
2617 5455 2736 5523 Θεῷ
2763 5458 2858 5510 καὶ
2885 5457 2981 5510 ἐπὶ
3011 5456 3119 5526 γῆς
3147 5455 3372 5523 εἰρήνη.
3405 5452 3754 5520 Σαλευθήτω
3795 5451 3827 5516 ἠ
3856 5445 3935 5500 θά-

2417 5551 2622 5603 λασσα
2641 5546 2734 5600 καὶ
2763 5547 2826 5600 τὸ
2844 5545 3130 5615 πλήρωμα
3149 5541 3355 5612 αὐτῆς.
3379 5542 3664 5598 Θάλασσαν
3689 5543 3743 5593 ἑν
3767 5536 3936 5593 τούτοις
