4094 6312
76 399 167 458 ιιι

451 510 755 563 suam:
795 504 874 569 τῷ
923 500 1119 555 Δαυΐδ.
1150 501 1269 567 ιμ’.

700 599 1022 659 ’Υπόθεσις.

87 699 183 753 Καὶ
212 691 369 757 οὗτος
400 693 494 762 τὴν
527 689 757 762 Χριστοῦ
808 686 1080 759 βασιλείαν
1134 681 1385 752 σημαίνει
1415 679 1506 731 καὶ
1540 678 1639 746 τὴν

457 784 561 836 τῶν
609 780 906 853 ἀρχιερέων
947 776 1250 831 αὐθάδειαν.

160 881 210 931 '0
267 879 483 945 Κύριος
530 874 943 934 ὲόασίλευσεν,
994 866 1422 936 ὀργιζέσθωσαν
1482 862 1637 917 λαοί.

101 971 152 1024 ’0
172 970 404 1041 Χριστός
439 972 581 1019 ἐστιν
607 959 667 1019 οὗ
712 963 809 1033 τὴν
849 960 1120 1031 βασιλείαν
1158 959 1218 1010 ού
1255 955 1642 1028 παραδέχονται

103 1060 338 1113 Ἰουδαῖοι
366 1056 723 1128 ὀργιζόμενοι.
768 1052 827 1103 '0
862 1050 1194 1117 καθήμενος
1240 1046 1339 1100 ἐπὶ
1380 1045 1498 1098 τῶν
1545 1061 1641 1113 χε·-

93 1153 313 1219 ρουὸὶμ,
351 1146 697 1213 σαλευθήτω
730 1146 766 1211 ἡ
800 1143 895 1211 τῆ.
944 1142 1111 1204 Αὐτὸς
1168 1139 1275 1213 γὰρ
1318 1134 1469 1201 οὗτος
1497 1140 1525 1190 ὁ
1556 1138 1645 1207 βα-

98 1244 345 1298 σιλεύσων
370 1243 454 1293 ἐπ’
486 1238 726 1309 ἐσχάτων
770 1236 878 1289 τῶν
905 1233 1112 1305 χρόνων
1140 1232 1245 1285 τῶν
1276 1232 1368 1283 ἐπὶ
1416 1229 1515 1298 τῆς
1545 1229 1645 1299 γῆς

98 1340 249 1397 ἐστιν,
301 1335 329 1387 ό
355 1333 580 1395 καὶτοῖς
602 1330 863 1402 χερουσιμ
891 1325 1273 1397 ἐποχούμενος,
1324 1324 1410 1392 ύερ⁹
1444 1316 1503 1376 οὗ
1553 1322 1646 1375 καὶ

97 1425 349 1495 ἐσαλεύθη
395 1426 428 1494 ἠ
584 1422 749 1491 Φησὶν
784 1415 897 1472 οὖν·
929 1419 999 1472 Σὺ
1020 1414 1068 1471 εἴ
1095 1418 1183 1471 ἐπὶ
1228 1416 1333 1469 τῶν
1364 1413 1644 1485 χερουᾶμ,

97 1523 121 1569 ἦ
159 1519 250 1571 καὶ
286 1517 386 1586 τὴν
434 1516 525 1567 ἐπὶ
571 1512 724 1583 κακῷ
762 1513 949 1566 στάσιν
1009 1510 1372 1581 μετακινήσας
1403 1506 1502 1577 τῆς
1524 1507 1645 1575 γῆς,

100 1608 325 1675 γεγονὼς
358 1607 479 1661 καθ’
508 1606 671 1676 ἡμᾶς.
701 1604 895 1658 Στάσιν
925 1599 1018 1658 οὖν
1063 1602 1208 1671 λέγει
1238 1602 1336 1672 τὴν
1367 1599 1460 1670 τῆς
1495 1599 1647 1652 εἰδω-

101 1697 423 1769 λολατρείας.

161 1790 372 1855 Κύριος
393 1788 459 1840 ἐγ
500 1786 651 1840 Σιὼν
695 1785 901 1855 μέγας.
931 1781 1067 1836 Σιών
1091 1785 1238 1835 ἐστιν
1266 1784 1299 1852 ἡ
1334 1778 1647 1849 Ἐκκλησία,

103 1883 154 1931 ἐν
229 1880 507 1944 δοξάζεται
540 1880 632 1932 κα)⁸
661 1878 884 1947 ὑψοῦται
918 1876 1166 1948 Χριστὸς,
1225 1873 1364 1927 κατὰ
1390 1872 1450 1925 τὸ
1498 1873 1650 1943 εἰρη-

108 1975 283 2043 μένον·
330 1973 583 2042 ’Υψώσω
635 1986 730 2035 σε,
775 1972 808 2023 ό
874 1969 1016 2033 Θεός
1060 1984 1211 2035 μου,
1271 1968 1303 2019 ὀ
1353 1965 1652 2029 ,ϐασιλεὺς

105 2080 225 2129 μου.

180 2148 868 2220 Ἐξομολοτησὰσθωσαν
912 2146 991 2212 τῷ
1023 2146 1265 2215 ὀνόματι
1288 2160 1404 2200 σου
1456 2144 1535 2210 τῷ
1554 2162 1655 2214 με-

109 2244 275 2310 γάλῳ.
310 2242 469 2311 Μέγα
499 2240 658 2297 αὑτοῦ
692 2241 752 2294 τὸ
798 2240 966 2311 ὄνομα
1002 2241 1083 2303 τὸ,
1131 2238 1352 2311 Ἰησοῦς,
1397 2237 1531 2291 καθὸ
1562 2238 1656 2289 καὶ

112 2335 335 2404 σωτηρία
372 2333 504 2387 λαοῦ
532 2332 908 2404 ἑρμηνεύεται.
938 2333 1093 2399 Μέγα
1120 2332 1277 2384 πάλιν
1322 2331 1380 2384 τὸ
1402 2330 1568 2401 ὄνομα
1596 2328 1656 2382 τὸ

111 2425 235 2493 ὑπὲρ
286 2425 391 2475 πᾶν
436 2422 626 2492 ὄνομα,
659 2414 702 2488 ᾧ
752 2421 931 2491 μέλλει
964 2420 1177 2491 κάμψαι
1211 2422 1317 2473 πᾶν
1353 2422 1501 2488 γόνυ,
1564 2419 1659 2472 καὶ

114 2515 248 2566 πάσα
292 2512 743 2581 ἐξομολογήσεται
793 2511 1032 2579 γλῶσσα,
1066 2512 1145 2563 ὅτι
1193 2512 1394 2581 Κύριος
1454 2510 1658 2581 Ἰησοῦς

114 2605 349 2673 Χριστός.
384 2606 512 2656 Ὅτι
564 2602 815 2671 φοϐερὸν
872 2603 965 2657 καὶ
1015 2602 1185 2672 ἅγιόν
1221 2603 1371 2655 ἐστι.
1430 2601 1659 2673 Φοδερὸν

118 2696 203 2764 μὲν
230 2695 367 2749 κατά
390 2696 500 2749 τῶν
531 2694 895 2765 ὀργιζομένων
926 2693 1068 2747 λαῶν
1124 2695 1216 2747 καὶ
1262 2694 1334 2765 μὴ
1368 2694 1658 2765 προσδεχο·

119 2786 277 2852 μένων
310 2784 477 2839 αὑτοῦ
509 2786 606 2855 τὴν
635 2785 925 2855 βασιλείαν·
959 2785 1111 2853 ἆγιον
1137 2785 1195 2839 δὲ
1240 2788 1351 2849 τοῖς
1378 2786 1662 2839 πιστεύου-

120 2892 190 2928 σιν
212 2879 290 2939 εἰς
321 2878 503 2930 αὐτόν.
535 2876 644 2931 Καὶ
698 2876 832 2945 τιμὴ
872 2876 1175 2942 ,βασιλέως
1216 2878 1419 2944 κρίσιν
1444 2875 1661 2945 ἀγαπᾷ.

128 2966 329 3037 Ἐπειδὴ
378 2971 412 3037 ὴ
437 2967 570 3036 τιμὴ
626 2968 741 3036 ἦτοι
790 2969 822 3037 ὴ
870 2967 994 3033 δόξα
1022 2966 1115 3020 τοῦ
1166 2967 1427 3037 βασιλέως
1479 2971 1667 3042 ἀγαπᾷ

122 3060 203 3127 τὴν
229 3058 591 3126 δικαιοσύνην,
616 3058 733 3128 ἣτις
755 3057 841 3111 διὰ
889 3058 987 3129 τῆς
1019 3058 1250 3130 κρίσεως
1287 3060 1661 3132 ἑρμηνεύεται·

121 3148 289 3200 τούτου
316 3148 477 3219 χάριν
503 3152 611 3210 τοίς
641 3150 736 3219 μὲν
765 3149 1088 3221 ἀπειθήσασι
1123 3150 1182 3203 τὸ
1218 3152 1541 3222 πρόσταγμα
1572 3155 1667 3205 αύ-

1076 382 1437 441 εχιδοδιτιο
1477 379 1537 432 IN
1580 376 1901 431 PSALMUM
1943 373 2172 429 XCVIII.

3182 359 3285 415 ηε

2024 482 2356 541 rsuuvs
2394 482 2493 550 ipsi
2526 479 2714 533 David.
2752 476 2843 530 xc
2860 470 3025 528 vm.

2312 577 2711 645 Argumentum.

1740 672 1804 727 Et
1840 672 1924 724 hic
1951 684 2168 738 quoque
2221 669 2462 737 psalmus
2494 665 2696 719 Christi
2736 675 2957 732 regnum
2998 657 3289 727 signiﬁcat,

1811 772 1971 832 atque
1996 762 2297 831 principum
2323 760 2662 814 sacerdotum
2698 752 3086 823 arrogantiam.

1812 856 1860 909 L
1892 856 2146 909 Dominus
2199 855 2447 924 regnavit,
2477 855 2776 905 irascantur
2820 847 3017 916 populi.
3044 843 3293 899 Christus

1740 959 1824 1002 est
1846 948 2000 1016 cujus
2034 961 2254 1015 regnum
2288 943 2455 998 Judaei
2502 942 2626 995 irati
2680 955 2785 993 non
2842 938 3132 1007 accipiunt.
3190 932 3291 999 Qui

1742 1038 1882 1092 sedet
1908 1054 2063 1108 super
2108 1036 2393 1099 cherubim,
2439 1044 2704 1087 moveatur
2731 1042 2887 1084 terra.
2924 1028 2972 1082 ιε
3009 1028 3153 1083 enim
3183 1025 3295 1094 ipse

1742 1141 1825 1186 est
1854 1132 1945 1201 qui
1974 1132 2027 1184 in
2064 1128 2377 1183 novissimis
2413 1126 2747 1195 temporibus
2771 1121 3012 1191 regnabit
3045 1120 3098 1173 in
3129 1128 3295 1176 terra.

1744 1222 1837 1291 qui
1867 1236 2028 1291 super
2064 1220 2343 1274 cherubim
2378 1218 2609 1282 vehitur,
2658 1224 2712 1269 et
2755 1215 2857 1269 sub
2888 1227 2996 1283 quo
3036 1218 3181 1265 mota
3216 1220 3298 1264 est

1747 1321 1907 1365 terra.
1941 1310 2029 1362 Ait
2083 1309 2287 1378 igitur:
2329 1306 2408 1361 Tu
2454 1322 2514 1360 es
2556 1321 2718 1374 super
2772 1303 3077 1364 cherubim,
3116 1299 3209 1371 qui
3240 1308 3295 1353 et

1746 1404 1947 1458 malum
1976 1411 2133 1456 terrm
2165 1409 2365 1455 statum
2397 1395 2765 1461 commutasti,
2801 1410 2924 1449 cum
2961 1393 3027 1447 ad
3058 1400 3296 1447 nostram

1748 1490 2159 1545 similitudinem
2193 1488 2365 1544 factus
2394 1503 2473 1541 es.
2502 1485 2576 1541 De
2605 1495 2747 1541 statu
2776 1484 3094 1539 idololatria
3118 1481 3299 1552 loqui-

1750 1591 1857 1637 tur.

1820 1756 1875 1809 2.
1918 1753 2170 1807 Dominus
2197 1755 2253 1807 in
2291 1753 2420 1809 Sion
2454 1769 2696 1823 magnus.
2723 1750 2854 1806 Sion
2906 1758 2989 1805 est
3040 1750 3303 1816 Ecclesia,

1681 1842 1722 1895 Β
1753 1847 1804 1899 in
1826 1862 1930 1916 qua
1960 1846 2294 1916 gloriﬁcatur
2320 1854 2375 1899 et
2401 1846 2671 1899 exaltatur
2698 1845 2969 1903 Christus,
3022 1844 3174 1912 juxta
3221 1843 3305 1896 di-

1750 1948 1898 1993 ctum
1938 1938 2102 1993 illud:
2144 1936 2405 1990 Exaltabo
2436 1946 2503 2000 te,
2529 1936 2667 1989 Deus
2698 1952 2862 2001 meus,
2888 1949 2979 1989 rex
3015 1951 3157 1989 meus
3185 1936 3257 1989 ’⁷.

1823 2115 1876 2180 3,
1916 2114 1969 2170 ι.
2012 2112 2379 2184 Conﬁteantur
2418 2114 2618 2168 nomini
2667 2124 2757 2168 tuo
2810 2130 3023 2184 magno,
3066 2121 3171 2168 etc.
3198 2111 3310 2168 Ma—

1759 2222 1921 2277 gnum
1945 2215 2030 2261 est
2058 2221 2254 2261 nomen
2280 2206 2400 2276 ejus
2423 2205 2575 2273 illud,
2602 2204 2783 2274 Iesus,
2802 2205 2927 2275 quia
2956 2204 3106 2261 salus
3128 2205 3311 2274 populi

1756 2298 2047 2370 signiﬁcat.
2082 2296 2333 2367 Magnum
2357 2312 2549 2353 rursus
2576 2314 2771 2353 nomen
2803 2297 2931 2351 illud
2952 2297 3097 2367 quod
3120 2305 3206 2352 est
3227 2313 3314 2351 su-

1756 2405 1851 2459 per
1867 2405 2025 2444 omne
2042 2405 2259 2454 nomen,
2278 2389 2362 2444 cui
2384 2390 2697 2443 curvabitur
2713 2404 2873 2444 omne
2891 2404 3050 2461 genu,
3068 2399 3121 2445 ct
3137 2390 3315 2444 omnis

1758 2483 1943 2554 lingua
1962 2483 2324 2549 conﬁtebitur,
2347 2481 2473 2552 quia
2496 2480 2757 2536 Dominus
2780 2480 2938 2537 Jesus
2973 2481 3224 2537 Christus
3244 2482 3311 2546 ’⁸,

1759 2584 1862 2629 etc.
1893 2575 2153 2641 Quoniam
2180 2576 2409 2629 terribile
2438 2584 2487 2628 et
2522 2584 2763 2629 sanctum
2792 2585 2891 2629 est.
2924 2571 3192 2629 Terribile
3220 2574 3317 2631 ad-

1761 2682 1950 2721 versus
1974 2675 2160 2736 gentes
2198 2668 2362 2721 iratas
2396 2682 2517 2737 qua:
2561 2681 2670 2721 non
2722 2675 3040 2738 receperunt
3066 2668 3187 2738 ejus
3230 2684 3317 2722 re-

1763 2774 1962 2828 gnum;
2002 2766 2249 2813 sanctum
2277 2768 2457 2813 autem
2489 2760 2834 2816 credentibus
2867 2761 2922 2817 in
2951 2777 3099 2816 eum.
3127 2760 3196 2815 Et
3226 2763 3319 2815 ho-

1766 2868 1861 2904 nor
1894 2852 2023 2922 regis
2044 2852 2305 2921 judicium
2334 2852 2528 2923 diligit.
2572 2850 2839 2918 Quoniam
2873 2854 3048 2907 bonor
3083 2869 3178 2909 seu
3212 2853 3322 2924 glo-

1766 2947 1844 2999 ria
1874 2946 2015 3014 regis
2042 2944 2311 3014 justitiam
2338 2944 2533 3015 diligit,
2566 2960 2687 3013 quae
2718 2960 2813 3014 per
2853 2944 3117 3015 judicium
3170 2945 3321 3000 intel-

1765 3036 1983 3105 ligitur;
2019 3037 2138 3091 ideo
2189 3036 2671 3106 inobsequeutibus
2712 3036 3022 3091 mandatum
3072 3037 3192 3107 ejus
3221 3045 3320 3091 ter-

1768 3127 1923 3181 ribile
1949 3138 2048 3190 est,
2082 3137 2327 3181 sanctum
2369 3138 2549 3184 autem
2578 3130 2924 3185 credentibus
2958 3132 3011 3184 in
3057 3146 3204 3185 eum.
3241 3128 3320 3185 Tu

319 3203 350 3218 χ
393 3203 405 3219 ,
594 3203 651 3219 ,1
949 3203 959 3221 ι
1265 3203 1275 3221 ,

122 3238 201 3290 τοῦ
226 3239 475 3311 φοϐερὸν,
501 3242 611 3302 τοῖς
634 3239 692 3291 δὲ
720 3240 1081 3294 ὑπακούουσιν
1110 3240 1282 3309 ἆγιον.
1318 3241 1401 3296 Σὺ
1429 3243 1660 3311 ἡτοίμα⁴

1770 3217 1974 3284 parasti
2003 3216 2331 3269 directiones.
2367 3215 2424 3270 In
2447 3216 2660 3288 justitia
2686 3219 2831 3275 enim
2862 3220 3207 3290 judicaturus
3241 3241 3323 3281 est

124 3346 222 3396 σας
240 3335 590 3400 εὐθύτητος.
628 3333 712 3386 Ἐν
742 3334 1051 3405 δικαιοσύνῃ
1100 3334 1207 3405 γὰρ
1260 3335 1440 3407 μέλλει
1468 3335 1670 3408 κρίνειν

125 3423 207 3493 τὴν
225 3427 567 3497 οἰκουμένην.

196 3515 455 3583 ’Υψοῦτε
489 3517 710 3583 Κύριον
737 3517 844 3571 τὸν
868 3516 1019 3571 Θεόν
1056 3516 1242 3587 ἡμῶν.
1291 3518 1349 3572 '0
1381 3519 1578 3590 ὑψηλὸς
1598 3521 1671 3585 ὡς

127 3603 240 3667 Θεὸς
272 3607 364 3659 καὶ
400 3607 507 3659 ὑπὸ
535 3608 699 3669 πόδας
730 3608 867 3678 ἔχων
911 3610 1087 3661 πᾶσαν
1120 3609 1215 3680 τὴν
1250 3610 1425 3663 κτίσιν
1454 3612 1673 3680 γέγονεν

128 3696 391 3765 ἀτρέπτως
423 3696 727 3769 ἄνθρωπος.
780 3697 980 3752 Τοῦτον
1030 3694 1143 3761 οὖν,
1204 3702 1357 3771 φησὶ,
1404 3701 1494 3755 τὸν
1520 3704 1670 3771 γενό-

132 3803 269 3854 μενον
315 3787 603 3861 ἀτρέπτως
651 3789 933 3861 ἄνθρωπον
965 3789 1185 3860 ὑψοῦτε,
1249 3792 1673 3863 προσκυνοῦντες

129 3878 270 3932 αὑτὸν
305 3882 403 3952 μιᾷ
433 3881 796 3952 προσκυνήσει
825 3879 961 3953 μετά
984 3881 1083 3953 τῆς
1109 3881 1244 3945 ιδίας
1278 3883 1493 3955 σαρκός.

188 4034 443 4101 Μωῦσῆς
477 4035 571 4087 καὶ
610 4036 823 4103 Ἀαρὼν
871 4036 941 4089 ἐν
986 4036 1110 4101 τοῖς
1161 4036 1423 4103 ἱερεῦσιν
1467 4038 1673 4092 αὑτοῦ.

132 4117 298 4187 Οὗτος,
334 4126 525 4195 φησιν,
559 4127 587 4177 ὁ
619 4125 734 4187 νῦν,
765 4126 899 4179 καθὸ
928 4125 1169 4195 πέφυκεν
1191 4124 1491 4196 ἄνθρωπος.
1525 4127 1676 4198 βασι-

132 4212 303 4279 λεύσας
328 4216 440 4269 τῶν
484 4216 574 4268 ἐπὶ
614 4217 715 4287 γῆς
742 4212 828 4287 ἦν·
858 4217 917 4268 ὃν
966 4218 1058 4270 καὶ
1092 4218 1255 4271 πάλαι
1296 4220 1533 4290 Μωῡσῆς
1585 4223 1676 4275 καὶ

142 4305 332 4377 Ἀαρὼν
355 4306 454 4360 καὶ
482 4304 731 4376 Σαμουὴλ
783 4305 1163 4363 ἐπεκαλοῦντο.
1218 4308 1399 4361 Εἰπὼν
1443 4304 1555 4374 οὖν,
1595 4310 1675 4362 ὅτι

136 4398 516 4465 Προσκυνεῖτε
544 4397 623 4463 τῷ
649 4397 969 4465 ὑποποδίῳ,
1005 4398 1097 4453 καὶ
1126 4399 1222 4470 τὴν
1270 4399 1675 4471 ἐνανθρώπησιν

134 4490 211 4540 καὶ
233 4491 325 4561 τὴν
360 4488 675 4559 οἰκονομίαν
726 4488 985 4561 κηρύξας,
1044 4489 1200 4544 πάλιν
1251 4489 1674 4560 ἀσφαλιζόμενος

1770 3306 1975 3360 orbem.

1842 3487 1895 3542 5.
1931 3485 2181 3542 Ezaltate
2209 3487 2493 3543 Dominum
2524 3487 2689 3542 Deum
2718 3498 2975 3543 nostrum.
3019 3488 3122 3556 Qui
3147 3492 3325 3545 excelo

1774 3594 1869 3632 sus
1895 3587 1978 3633 est
2006 3585 2190 3648 utpote
2222 3577 2385 3642 Deus.
2432 3588 2487 3634 et
2532 3582 2635 3636 sub
2674 3582 2835 3650 pedes
2898 3582 3057 3637 babct
3107 3598 3325 3639 omnem

1773 3679 2102 3733 creaturam,
2143 3668 2259 3722 sine
2281 3671 2578 3725 mutatione
2614 3670 2790 3726 factus
2824 3681 2909 3727 est
2942 3675 3126 3730 homo.
3169 3675 3326 3731 Hunc

1774 3760 1974 3831 itaque,
2023 3761 2119 3824 ait,
2170 3760 2263 3830 qui
2292 3762 2408 3816 sine
2452 3764 2751 3818 mutatione
2796 3763 2972 3821 factus
3017 3776 3100 3821 est
3143 3769 3323 3832 homo,

1776 3853 2034 3917 exaltate,
2067 3852 2355 3909 adorantes
2383 3868 2507 3909 eum
2544 3870 2652 3911 una
2693 3855 3006 3912 adoratione
3056 3875 3180 3914 cum
3222 3876 3321 3917 sua

1773 3958 1956 3997 carne.

1844 4034 1898 4087 6.
1936 4033 2139 4104 Moyses
2168 4044 2217 4089 et
2247 4036 2421 4089 Aaron
2452 4037 2508 4089 in
2543 4037 2898 4093 sacerdotibus
2926 4039 3060 4099 eius.
3097 4038 3218 4107 Hic,
3250 4043 3330 4096 in-

1774 4123 1913 4192 quit,
1943 4125 2035 4193 qui
2076 4140 2220 4178 nunc
2249 4135 2517 4194 quatenus
2555 4126 2719 4181 homo
2762 4125 2937 4183 factus
2962 4138 3048 4185 est
3086 4134 3330 4201 regnavit

1776 4218 1828 4270 in
1858 4227 2091 4280 terrena,
2130 4219 2175 4272 is
2202 4218 2315 4287 ipse
2346 4225 2462 4271 erat
2494 4232 2654 4287 quem
2680 4218 2806 4271 olim
2831 4218 3041 4291 Moyses
3066 4230 3119 4275 et
3148 4223 3328 4276 Aaron

1774 4316 1827 4360 et
1847 4306 2063 4362 Samuel
2092 4306 2433 4362 invocabant.
2462 4305 2751 4378 Postquam
2772 4307 2907 4363 dixit
2937 4311 3118 4379 itaque
3143 4330 3155 4365 :
3190 4311 3331 4367 Ado-

1777 4408 1891 4453 rate
1919 4399 2199 4453 scabellum
2221 4398 2413 4469 pedum
2433 4399 2547 4467 ejus
2564 4400 2699 4470 (ii),
2722 4409 2883 4472 atque
2906 4402 3329 4459 incarnationem

1775 4490 2242 4561 oeconomiamque
2263 4490 2591 4561 praedicavit,
2616 4505 2834 4546 rursum
2854 4507 2953 4548 nos
2983 4474 3331 4555 conﬁrmans,

135 4581 278 4649 ἡμᾶς,
324 4582 423 4653 τὴν
468 4579 697 4651 θεότητα
771 4581 1022 4652 σημαίνει
1064 4581 1150 4635 διὰ
1209 4580 1300 4634 τοῦ
1357 4581 1660 4651 δηλωθέντο.

1783 4582 2119 4637 divinitatem
2160 4598 2255 4653 per
2292 4591 2531 4636 montem
2557 4582 2709 4637 illum
2738 4584 3003 4654 signiﬁcat
3030 4601 3045 4637 :
3075 4584 3336 4638 remansit

136 4672 285 4740 ὅρους.
339 4672 641 4745 Μεμὲνηκε
672 4672 780 4745 γάρ
824 4672 975 4736 Θεὸς,
1028 4675 1077 4726 ei
1128 4674 1221 4727 καὶ
1267 4674 1422 4727 ἔλασε
1454 4674 1551 4746 τὴν
1582 4676 1677 4730 τοῦ

137 4763 292 4819 δννᾶλου
328 4765 551 4837 μορφὴν
571 4764 658 4816 διά
688 4765 785 4835 τὴν
811 4766 845 4836 ἡ
854 4762 968 4836 μῶν
998 4764 1289 4835 σωτηρίαν.

192 4861 353 4926 Κύριε
379 4863 414 4914 ό
456 4856 604 4924 θεὸς
632 4856 819 4926 ἡμῶν,
845 4856 926 4911 σὺ
964 4855 1309 4923 ἐπήκουσας
1348 4858 1584 4924 αὐτούς.
1615 4859 1679 4913 El

142 4949 214 4999 ul
236 4948 412 5015 ἱδοξάν
471 4967 526 5003 τι
558 4947 890 5018 ἁμαρτάνειν
937 4947 1013 5011 ὡς
1039 4946 1329 5017 ἄνθρωποι,
1378 4948 1437 5001 ού
1467 4946 1681 5018 παρεώ-

146 5057 305 5105 ραιιας,
334 5042 528 5113 φησιν.
580 5040 863 5111 Ἠλὲγχετο
900 5037 991 5095 οὖν
1036 5042 1127 5094 ἐπὶ
1154 5040 1249 5093 τοῦ
1279 5040 1475 5111 μόσχου
1505 5042 1683 5112 ἀμαρ-

144 5134 285 5187 τάνων
328 5134 548 5207 Ἀαρὼν
578 5136 670 5187 καὶ
696 5133 936 5204 Μωῦσῆς
969 5134 1061 5187 ἐπὶ
1081 5134 1172 5187 τοῦ
1225 5132 1415 5197 ὓδατος
1461 5135 1559 5205 τῆς
1587 5135 1681 5187 ἀν-

144 5226 368 5294 τιλογίας,

201 5316 297 5373 Καὶ
318 5317 717 5389 προσκυνεῖτε
750 5321 837 5385 εις
861 5318 995 5386 ὄρος
1042 5317 1211 5387 ἅγιον
1246 5317 1449 5373 αὐτοῦ.
1486 5318 1556 5370 Ἦ
1584 5318 1679 5389 τὴν

148 5410 219 5464 ἐπὶ
260 5413 359 5481 γῆς
406 5414 441 5483 ἢ
512 5411 608 5482 τὴν
659 5412 975 5481 ἐπουράνιον
1036 5410 1385 5481 Ἰερουσαλήμ
1440 5410 1682 5481 φησιν-η

148 5498 245 5566 ἔσρος
269 5504 423 5557 πάλιν
476 5502 642 5558 αὑτὸν
677 5502 891 5572 νοητῶν
942 5504 1033 5555 τὸν
1081 5502 1378 5573 Μονογενῆ,
1426 5500 1563 5555 κατά
1593 5502 1677 5554 τό·

160 5588 375 5663 Ἐ’τμήθη
404 5598 580 5662 λίθος
601 5594 670 5657 ἐξ
696 5594 869 5661 ὅρους
893 5594 1038 5649 ἄνευ
1073 5592 1298 5663 χειρῶν.

1784 4672 1980 4743 quippe
2005 4671 2168 4736 Deus,
2196 4673 2411 4728 etiamsi
2443 4682 2661 4744 propter
2693 4683 2933 4730 nostram
2958 4674 3186 4729 salutem
3224 4689 3336 4729 ear-

1786 4780 1909 4819 nem
1934 4766 2310 4834 assumpscrit.

1859 4856 1913 4912 8.
1948 4856 2169 4911 Domine
2192 4855 2332 4911 Deus
2362 4867 2554 4924 noster,
2582 4869 2639 4912 tu
2657 4856 2973 4913 exaudiebas
2995 4874 3102 4913 eos.
3137 4856 3340 4910 Etiam-

1787 4949 1832 5002 si
1863 4949 1916 5003 in
1947 4949 2128 5019 aliquo
2174 4966 2397 5020 peccare
2429 4950 2528 5006 visi
2562 4959 2688 5007 sunt
2726 4958 2909 5021 utpote
2945 4950 3191 5004 homines
3216 4989 3232 5013 ,
3281 4960 3340 5002 tu

1793 5052 1970 5096 tamen
1999 5058 2105 5097 non
2130 5044 2500 5112 contempsisti
2534 5059 2647 5098 eos.
2680 5042 2887 5098 Peccati
2931 5044 3107 5110 itaque
3148 5058 3339 5113 argue-

1790 5133 1948 5187 batur
1968 5134 2146 5189 Aaron
2173 5134 2243 5189 ob
2273 5134 2497 5187 vitulum
2518 5172 2533 5195 ,
2560 5144 2613 5188 et
2633 5132 2843 5205 Moyses
2878 5142 3096 5203 prepter
3142 5146 3337 5203 aquam

1788 5224 2245 5281 contradictionis.

1859 5317 1911 5371 9.
1946 5316 2014 5369 Et
2042 5318 2257 5371 adorata
2292 5318 2345 5371 in
2376 5328 2544 5372 monte
2572 5326 2753 5372 sancto
2778 5318 2909 5386 ejus.
2938 5316 3043 5371 Aut
3074 5326 3337 5370 terrenam

1792 5419 1885 5465 aut
1917 5412 2189 5465 caelestem
2238 5409 2539 5466 Jerusalem
2571 5411 2701 5466 dicit
2734 5428 2745 5464 :
2783 5421 2877 5465 aut
2926 5424 3144 5464 rursum
3180 5424 3338 5463 mon-

1791 5508 1897 5553 tem
1926 5500 2221 5574 intelligere
2248 5517 2538 5573 possumus
2560 5500 2903 5572 Unigenitum
2929 5541 2944 5565 ,
2969 5502 3123 5571 juxta
3153 5498 3283 5557 illud
3323 5517 3335 5551 :

1791 5593 2014 5649 Excisa:
2041 5606 2114 5651 est
2146 5597 2283 5665 lapis
2314 5598 2377 5651 de
2406 5606 2576 5651 monte
2603 5598 2713 5652 sine
2740 5596 2975 5652 manibus
2988 5599 3053 5653 ".

206 5709 243 5737 "
268 5709 404 5765 εδει.
440 5726 623 5774 ειιιν,
660 5710 711 5763 I.
782 5709 827 5740 ⁷⁸
854 5707 1081 5779 Philipp.
1114 5727 1173 5775 II,
1202 5710 1287 5773 10,
1330 5711 1410 5765 Il.
1488 5711 1532 5742 "
1572 5708 1707 5765 Dan.
1765 5726 1825 5776 tt,
1866 5711 1950 5763 Η.

210 5802 308 5863 (ιι.)
336 5803 463 5860 Ιίεε
490 5802 767 5867 pertinent
797 5802 862 5857 ad
891 5817 1105 5857 versum
1136 5804 1187 5857 9.
