4076 6308
767 360 876 416 λεδ

940 473 990 527 1.
1058 470 1390 526 ΡςΑιιιιῑς
1418 473 1474 524 'in
1523 471 1916 539 confessionem.
1948 473 2152 527 XCIX.

1350 569 1385 618 Λ
1399 579 1740 635 rgumentum.

773 655 828 708 In
861 657 965 712 hoc
988 658 1194 726 psalmo
1216 674 1310 712 eos
1337 660 1426 726 qui
1453 659 1563 728 jam
1592 667 1937 711 accesserant
1960 657 2025 710 ad
2053 657 2209 710 ﬁdem
2243 657 2330 710 ad-

846 747 1083 801 hortatio
1113 749 1408 816 alloquitur
1434 787 1447 810 ,
1496 757 1554 802 ut
1580 749 1871 818 gratiarum
1905 749 2143 802 actiones
2167 749 2232 802 de
2265 748 2330 802 iis

847 854 967 907 quae
1007 849 1154 909 gesta
1189 852 1314 892 sunt
1344 839 1592 893 oﬁ‘erant.
1647 840 1932 894 Confessio
1958 842 2102 894 enim
2138 841 2240 895 hoc
2275 840 2327 894 in

848 928 989 992 loco,
1020 928 1314 997 gratiarum
1347 932 1612 983 actionem
1642 945 1764 984 cum
1797 930 1956 985 laude
1985 931 2328 1001 conjurictam

846 1019 1133 1088 significat.

838 1110 893 1162 Ξ.
919 1109 1154 1164 Jubilate
1189 1110 1500 1175 Deo,omnis
1537 1120 1699 1167 terra.
1735 1111 2060 1184 Redemptos
2087 1116 2237 1185 jubet
2261 1119 2335 1172 vi-

778 1202 959 1256 ctoria:
981 1218 1194 1257 carmen
1221 1219 1432 1257 canere.
1460 1203 1950 1275 Redemptiquippe
1972 1218 2126 1262 erant
2146 1224 2332 1265 omnes

779 1294 1043 1348 homines.
1123 1294 1343 1350 Terram
1402 1305 1580 1350 autem
1638 1298 2127 1354 voeatbabitantcs
2166 1301 2218 1353 in
2246 1316 2329 1355 ea.

780 1383 974 1439 Servite
990 1385 1212 1440 Domino
1236 1389 1288 1440 in
1314 1389 1520 1441 laetitia.
1554 1387 1843 1444 Hominum
1863 1392 2093 1446 servitus
2114 1392 2331 1447 noxium

778 1477 1026 1530 timorem
1069 1478 1261 1543 efﬁcit,
1319 1477 1528 1532 Domini
1567 1490 1745 1533 autem
1801 1482 2030 1536 servitus
2084 1483 2332 1538 timorem

779 1578 1010 1633 castum,
1059 1586 1121 1624 ex
1150 1586 1258 1640 quo
1285 1571 1479 1625 animm
1504 1572 1750 1626 oboritur
1779 1573 1982 1628 laetitia.
2023 1573 2246 1629 Introite
2278 1577 2333 1630 in

781 1672 1053 1729 conspectu
1076 1660 1187 1729 ejus
1220 1664 1272 1715 in
1306 1663 1670 1717 exsultatione.
1729 1663 1829 1730 Qui
1858 1666 1967 1733 jam
2000 1665 2334 1735 jubilationis

782 1752 1017 1806 laetitiam
1055 1764 1230 1807 mente
1265 1757 1543 1823 percepit,
1598 1755 1684 1808 hic
1713 1757 1870 1824 quasi
1919 1770 2066 1810 stans
2104 1758 2156 1810 in
2207 1774 2336 1812 con-

1606 355 1663 409 S.
1706 354 2076 410 ATHANASII
2114 356 2267 411 OPP.
2311 354 2492 409 PARS
2531 354 2616 408 ΙΙΙ.
2660 384 2726 392 —
2766 351 3170 407 EXEGETICA.

3871 346 3962 400 ηδ

2665 472 2968 524 ΨΑΑΜοΣ
2991 471 3076 533 εἰς
3107 466 3558 536 ἐξομολόγησιν.
3605 465 3721 532 ιβ’.

3043 559 3055 576 '
3071 561 3372 622 Υπόθεσις.

2443 657 2530 707 Ἐν
2554 653 2725 723 τούτῳ
2744 652 2817 722 τῷ
2839 649 3036 720 ψαλμῷ
3060 652 3168 711 τοῖς
3200 648 3297 719 ἤδη
3328 647 3682 718 προσελθοῦσι
3717 650 3780 718 τῇ
3808 646 3966 699 πίστει

2504 745 2821 817 παραίνεσιν
2851 742 3110 812 εἰσφέρει,
3135 740 3271 810 ὑπὲρ
3288 737 3380 790 τοῦ
3406 739 3693 808 ἀναφέρειν
3723 738 3854 808 ὑπὲρ
3876 738 3965 789 τῶν

2501 837 2600 908 ἥδη
2628 833 3000 903 γεγενημένων
3033 831 3395 902 εὐχαριστίας.
3441 832 3504 882 'H
3533 830 3640 900 γὰρ
3671 827 3967 897 ἐξομολόγη-

2504 943 2587 988 σις
2613 926 2669 976 ὲν
2695 923 2865 993 τούτῳ
2892 921 2988 992 τὴν
3046 919 3160 991 μετ’
3195 919 3449 983 αἰνέσεως
3497 919 3844 990 εὐχαριστίαν
3890 936 3970 986 ση-

2506 1015 2703 1086 μαίνει.

2517 1105 2877 1170 Ἀλαλὰξατε
2904 1104 2982 1171 τῷ
3009 1106 3149 1169 Θεῷ,
3194 1103 3361 1159 πᾶσα
3385 1104 3422 1171 ὴ
3451 1101 3547 1171 γῆ.
3589 1101 3692 1153 Τὸν
3733 1098 3968 1153 ἐπινίκιον

2433 1200 2556 1261 τοὺς
2583 1198 3015 1270 λελυτρωμένους
3044 1198 3185 1269 ᾅδειν
3235 1193 3680 1267 παρακελεύεται.
3735 1187 3902 1245 Ἦσαν
3923 1191 3967 1242 δὲ

2434 1292 2483 1344 οί
2512 1291 2901 1362 λελυτρωμένοι
2931 1291 3073 1344 ἅπαν
3105 1291 3164 1343 τὸ
3186 1289 3292 1342 τῶν
3337 1285 3638 1359 ἀνθρώπων
3673 1284 3844 1353 γένος.
3879 1283 3970 1351 Γῆν

2436 1385 2542 1455 γὰρ
2573 1387 2697 1448 τοὺς
2719 1383 3097 1448 κατοικοῦντας
3126 1384 3225 1454 τὴν
3274 1383 3374 1452 γῆν
3423 1380 3592 1434 καλεῖ.
3623 1380 3972 1432 Δουλεύσατε

2437 1477 2516 1542 τῷ
2542 1477 2733 1544 Κυρίῳ
2757 1476 2826 1529 ἐν
2854 1476 3221 1544 εὐφροσύνῃ.
3261 1474 3326 1527 Ἡ
3344 1472 3399 1525 δὲ
3420 1470 3526 1525 τῶν
3561 1468 3854 1540 ἀνθρώπων
3881 1469 3974 1521 Eou-

2437 1567 2554 1621 λεία
2583 1567 2743 1636 φόϐον
2777 1565 3094 1638 φθοροποιὸν
3123 1567 3356 1635 ἐμποιεῖ,
3384 1566 3417 1633 ή
3441 1564 3498 1616 δὲ
3524 1562 3616 1614 τοῦ
3642 1561 3842 1632 Κυρίου
3868 1560 3970 1612 δου-

2438 1660 2553 1713 λεία
2598 1659 2755 1728 φόϐον
2777 1657 2957 1726 ἁγνὸν,
2993 1657 3051 1721 ἐξ
3082 1651 3141 1710 οὐ
3173 1655 3379 1723 γίνεται
3406 1657 3470 1724 τῇ
3498 1653 3640 1723 ψυχῇ
3671 1651 3969 1720 εὐφροσύνη.

2435 1747 2746 1800 Εισέλθετε
2778 1744 3031 1799 ἐνώπιον
3071 1744 3254 1798 αὑτοῦ
3295 1744 3366 1796 ἐν
3393 1743 3766 1810 ἀγαλλιάσει.
3808 1740 3859 1792 '0
3890 1743 3972 1809 ἤδη

783 1853 969 1913 spectu
997 1843 1197 1899 Christi
1231 1845 1426 1914 gaudio
1456 1845 1670 1916 gaudet,
1703 1857 1756 1901 et
1791 1848 1894 1903 hoc
1919 1859 2002 1904 est
2026 1851 2336 1906 exsultatio.

2444 1837 2529 1890 τοῦ
2562 1835 2869 1908 ἀλαλαγμοῦ
2906 1836 3003 1906 τὴν
3033 1835 3111 1897 είς
3138 1833 3263 1886 νοῦν
3291 1834 3585 1903 δεξάμενος
3626 1832 3963 1901 εὐφροσύνην,

854 2128 906 2182 3.
942 2128 1137 2183 Scitote
1163 2131 1408 2199 quoniam
1450 2131 1704 2185 Dominus
1735 2133 1841 2202 ipse
1869 2143 1944 2188 est
1977 2133 2113 2189 Deus
2149 2147 2338 2191 noster.

788 2217 885 2276 llic
916 2220 1196 2287 Dominus,
1246 2225 1447 2292 inquit,
1475 2224 1565 2293 qui
1602 2225 1819 2294 proprio
1865 2228 2125 2295 sanguine
2174 2236 2338 2282 totam

785 2315 1011 2368 redemit
1035 2323 1254 2381 terram,
1279 2316 1391 2383 ipse
1419 2322 1500 2369 est
1528 2325 1729 2370 nostrae
1757 2316 1976 2372 factum:
1997 2317 2195 2386 opifex.
2222 2317 2337 2372 Non

786 2405 928 2457 enim
956 2421 1023 2459 ex
1068 2406 1224 2460 nobis
1257 2407 1387 2475 ipsis
1414 2409 1747 2471 exstitimus,
1781 2408 1874 2462 sed
1907 2423 2044 2477 opus
2079 2425 2337 2463 manuum

789 2495 908 2563 ejus
933 2511 1142 2551 sumus.
1171 2496 1510 2566 Quapropter
1528 2507 1581 2553 et
1602 2500 1831 2569 populus
1860 2500 1979 2569 ejus
2000 2510 2052 2554 et
2074 2517 2200 2556 oves
2224 2502 2342 2571 ejus

787 2601 995 2652 sumus,
1029 2588 1100 2643 ita
1133 2598 1192 2642 ut
1219 2589 1305 2642 ille
1333 2589 1551 2658 quidem
1583 2590 1812 2660 populus
1842 2592 1945 2656 sit,
1979 2593 2070 2662 qui
2101 2595 2341 2646 rationa-

793 2679 949 2732 bilior
970 2689 1081 2746 est;
1111 2696 1238 2735 ores
1265 2690 1466 2743 autem,
1497 2682 1588 2750 qui
1623 2683 1674 2735 in
1710 2683 1896 2738 ordine
1923 2684 2345 2739 irrationabilio-

791 2784 910 2823 rum
948 2772 1295 2835 consistunt,
1350 2789 1523 2841 neque
1576 2776 2000 2845 experimentum
2056 2777 2341 2845 quodpiam

789 2859 954 2914 divini
1002 2863 1200 2931 eloquii
1235 2865 1467 2928 habent,
1495 2866 1650 2934 juxta
1697 2867 1898 2921 dictum
1934 2869 2064 2922 illud
2103 2888 2116 2922 :
2155 2869 2344 2924 ΕΠαυὶ

787 2953 922 3006 sicut
957 2955 1063 3007 oris
1093 2970 1206 3022 quw
1238 2957 1474 3021 periit".

854 3044 909 3097 6.
940 3041 1051 3096 Nos
1084 3053 1253 3096 autent
1301 3046 1522 3113 populus
1553 3044 1666 3114 ejus
1714 3055 1761 3099 et
1797 3063 1910 3102 oves
1954 3064 2161 3117 pascua:
2207 3049 2341 3120 ejus.

2440 1921 2591 1992 οὗτος
2622 1929 2807 1998 ὥσπερ
2853 1926 3078 1981 ἐνώπιον
3107 1926 3388 1996 ἱστάμενος
3445 1923 3538 1976 τοῦ
3588 1922 3824 1994 Χριστοῦ
3855 1921 3977 1992 χαρᾷ

2440 2021 2637 2092 χαίρει,
2662 2020 2754 2072 καὶ
2782 2018 2936 2071 τοῦτό
2964 2020 3109 2071 ἐστιν
3142 2015 3478 2086 ἀγαλλίασις.

2509 2111 2708 2165 Γνῶτε
2741 2111 2828 2164 ὅτι
2860 2111 3074 2179 Κύριος
3117 2111 3298 2176 αὑτός
3341 2109 3510 2162 ἐστιν
3550 2109 3582 2161 ὀ
3631 2105 3776 2173 Θεὸς
3809 2103 3975 2174 ἡμῶν.

2482 2198 2622 2267 ὖτος,
2677 2204 2858 2275 φησὶν,
2912 2207 2940 2257 6
2971 2202 3172 2274 Κύριος
3217 2204 3245 2254 6
3298 2200 3372 2271 τῷ
3409 2201 3523 2269 ίδίῳ
3563 2200 3758 2270 αἵματι
3821 2200 3982 2251 πᾶσαν

2439 2296 2848 2367 λυτρωσάμενος
2878 2296 2976 2366 τὴν
3003 2296 3126 2363 γῆν.
3177 2293 3335 2354 αὐτός
3379 2293 3526 2344 ἐστιν
3559 2292 3587 2342 6
3622 2291 3715 2342 καὶ
3746 2289 3834 2342 τοῦ
3861 2292 3982 2360 ἡμε-

2436 2392 2593 2460 τέρου
2621 2389 2918 2459 ποιήματος
2939 2386 3282 2457 δημιουργός.
3303 2384 3374 2436 Οὐ
3401 2383 3508 2453 γὰρ
3531 2377 3844 2452 αὐτομάτως
3875 2397 3981 2431 συν-

2440 2479 2696 2550 έστημεν,
2754 2477 2889 2531 ἀλλὰ
2915 2477 3020 2530 τῶν
3045 2477 3241 2548 χειρῶν
3286 2473 3444 2529 αὐτοῦ
3493 2472 3652 2542 ἔργον
3709 2471 3882 2541 ἐσμέν.
3907 2469 3986 2522 Διὸ

2441 2576 2535 2628 καὶ
2557 2575 2682 2638 λαὸς
2703 2572 2862 2626 αὐτοῦ
2896 2573 2988 2626 καί
3036 2571 3281 2642 πρόϐατα
3331 2567 3493 2623 αὐτοῦ
3540 2564 3888 2636 τυγχάνομεν·
3921 2562 3983 2623 ὡς

2441 2664 2578 2722 εἶναι
2609 2667 2705 2737 μὲν
2752 2667 2781 2718 6
2817 2665 2939 2727 λαὸς
2981 2662 3358 2732 λογικώτερος,
3417 2658 3661 2728 πρόϐατα
3699 2658 3755 2709 δὲ
3808 2658 3852 2708 οί
3901 2655 3983 2723 τὴν

2440 2759 2780 2827 ἀλογωτέραν
2820 2753 2970 2820 τάξιν
2998 2753 3302 2823 ἐπέχοντες,
3334 2749 3428 2802 καὶ
3484 2747 3555 2818 μὴ
3613 2749 3670 2799 ἐν
3715 2747 3869 2815 πείρᾳ
3891 2744 3983 2793 τῶι

2442 2847 2596 2902 θείων
2620 2848 2768 2911 ὄντες
2799 2847 3013 2916 λογίων,
3050 2843 3193 2898 κατὰ
3217 2843 3276 2895 τὸ
3295 2841 3596 2912 εἰρημένον⁸
3629 2835 3990 2901 Ἑπλανήθητί

2443 2940 2522 3005 ὠς
2547 2940 2841 3006 πρόϐατον
2871 2935 3205 3000 ἀπολωλός.

2531 3029 2730 3098 Ἡμεῖς
2789 3027 2856 3080 δὲ
2911 3026 3059 3091 λαὸς
3119 3022 3323 3088 αὑτοῦ,
3359 3021 3454 3074 καὶ
3508 3021 3774 3087 πρόϐατα
3816 3014 3981 3085 νομῆς

789 3135 893 3188 Alii
923 3143 1050 3189 sunt
1078 3142 1133 3188 ut
1163 3108 1392 3205 populus
1419 3108 1683 3207 ejus,vqui
1715 3139 1922 3193 scilicet
1943 3108 2344 3208 praestantiores

2445 3121 2648 3176 αὑτοῦ.
2681 3118 2862 3171 Ἀλλοι
2897 3117 2991 3187 μὲν
3023 3115 3098 3178 ὡς
3144 3114 3268 3177 λαὸς
3325 3111 3508 3170 αὐτοῦ,
3554 3113 3600 3163 οἱ
3635 3111 3922 3181 κρείττους
3945 3108 3982 3158 οἱ

791 3236 952 3292 sunt;
986 3228 1075 3281 alii
1108 3236 1313 3282 utoves
1337 3244 1551 3298 pascua:
1573 3231 1712 3298 ejus,
1748 3231 1839 3298 qui
1873 3231 1925 3282 in
1949 3230 2201 3285 inferiore
2227 3247 2347 3300 gra-

2446 3214 2501 3265 δέ
2526 3213 2599 3275 ὼς
2623 3210 2867 3283 πρόϐατα
2890 3211 3058 3279 νομῆς
3108 3205 3292 3269 αὐτοῦ,
3340 3206 3386 3257 oi
3420 3201 3838 3272 ὑποϐεϐηκότες.
3861 3201 3984 3266 Πλὴν

791 3320 862 3372 du
894 3319 1164 3374 incedunt.
1197 3319 1484 3382 Caeterum,
1505 3336 1628 3374 cum
1663 3321 1905 3374 omnium
1932 3320 2070 3374 Deus
2097 3332 2148 3376 et
2177 3321 2348 3376 factor

792 3407 883 3470 sit,
913 3422 1099 3462 omnes
1128 3420 1283 3462 vocat
1317 3418 1370 3461 et
1395 3409 1644 3478 proprios
1670 3409 1773 3462 sibi
1799 3408 1976 3463 efficit.
2011 3408 2142 3463 Nam
2174 3411 2350 3465 homi-

792 3514 888 3552 nes
915 3499 1232 3568 etjumenta
1277 3500 1445 3555 salvat
1471 3499 1735 3555 Dominus
1755 3501 1831 3566 ⁶¹;
1874 3501 1995 3556 illos
2028 3502 2241 3571 quidem
2292 3513 2351 3556 ut

789 3591 1049 3661 populum
1077 3607 1235 3646 suum
1256 3633 1270 3654 ,
1309 3593 1407 3648 hos
1438 3608 1568 3647 vero
1600 3601 1657 3648 ut
1683 3609 1811 3648 oves
1837 3609 2053 3664 pascuae
2091 3610 2221 3649 suae.
2253 3594 2345 3648 In.

795 3685 948 3738 troite
977 3695 1154 3756 portas
1179 3685 1288 3754 ejus
1315 3687 1365 3739 in
1403 3687 1742 3754 confessione.
1791 3686 1978 3741 Portas
2011 3686 2223 3742 Domini
2253 3687 2351 3742 Ec-

793 3777 1014 3831 clesiam
1071 3793 1192 3847 quia
1248 3778 1300 3830 in
1351 3787 1491 3831 terra
1524 3787 1606 3831 est
1633 3791 1828 3843 vocat,
1864 3779 1917 3832 in
1966 3795 2072 3848 qua
2107 3781 2350 3834 conﬁteri

797 3877 1041 3938 oportet,
1109 3884 1172 3920 ac
1223 3869 1554 3922 denuntiatis
1587 3880 1743 3923 antea
1794 3872 2060 3938 peccatis,
2095 3872 2352 3927 beneﬁcia

797 3961 956 4014 nobis
985 3960 1175 4014 collata
1207 3975 1482 4014 enarrare.

1158 4048 1268 4119 Ipsi
1305 4050 1493 4104 David.
1548 4048 1883 4106 PSALMUS
1934 4052 1994 4106 C.

1385 4145 1777 4212 Argumentum.

798 4231 856 4287 In
892 4234 992 4288 hoc
1019 4235 1226 4302 psalmo
1257 4234 1550 4303 perfectum
1583 4237 1739 4290 nobis
1774 4237 2043 4293 hominem
2074 4239 2352 4305 describit,

861 4326 954 4393 qui
980 4326 1274 4380 secundum
1306 4326 1473 4380 Drum
1503 4329 1666 4382 vitam
1697 4329 1948 4389 instituit.
1973 4331 2231 4398 docetque
2255 4347 2355 4385 nos

865 4416 1010 4484 quod
1042 4417 1161 4468 vita:
1193 4433 1360 4484 genus
1383 4418 1630 4487 amplecti
1658 4418 1885 4473 debeant
1916 4419 1969 4481 ii,
2006 4420 2096 4487 qui
2129 4434 2350 4489 regnum

864 4507 1121 4562 caelorum
1153 4509 1374 4578 adipisci
1403 4519 1672 4579 exoptant.

867 4598 919 4651 1.
945 4597 1364 4653 Misericordiam
1387 4609 1434 4652 et
1460 4600 1711 4662 indicium
1734 4600 1952 4652 cantabo
1975 4598 2088 4663 tibi,
2118 4598 2347 4653 Domine.

798 4687 934 4743 Cum
964 4703 1025 4741 ea
1057 4705 1177 4758 quae
1208 4691 1321 4744 seio
1350 4701 1401 4743 te
1433 4691 1591 4743 nobis
1612 4689 1906 4743 contulisse
1931 4690 2185 4744 beneﬁcia
2214 4706 2354 4744 sem-

797 4781 962 4850 perin
989 4795 1084 4835 ore.
1108 4781 1300 4847 feram,
1322 4782 1538 4835 dabitur
1568 4781 1852 4849 judicium,
1872 4789 2069 4836 etsane
2091 4782 2351 4850 judicium

795 4872 1025 4940 justum.
1087 4870 1409 4927 Justiﬁcavit
1439 4873 1585 4926 enim
1621 4887 1837 4927 causam
1882 4879 2124 4925 nostram
2164 4873 2352 4927 adver-

800 4979 897 5018 sus
924 4964 1172 5018 inimicos
1207 4971 1442 5017 nostros.

867 5054 924 5118 2,
953 5055 1006 5107 5.
1038 5055 1273 5107 Psallam
1314 5065 1358 5107 et
1415 5054 1701 5125 intelligam
1756 5055 1812 5106 in
1864 5053 1947 5106 via
1989 5050 2349 5104 immaculata.

800 5145 1070 5210 Psallam,
1105 5145 1309 5214 inquit,
1338 5146 1603 5215 hymnum,
1647 5161 1710 5199 ac
1739 5142 1783 5199 si
1833 5146 2033 5199 diceret
2073 5144 2348 5212 apertius:

797 5236 915 5292 Non
946 5238 1104 5292 ﬁnem
1132 5237 1325 5290 faciam
1359 5239 1588 5308 hymnos
1619 5238 1884 5303 canendi,
1914 5246 1967 5292 et
2004 5236 2142 5289 viam
2178 5251 2350 5289 meam

799 5345 1010 5398 semper
1065 5329 1466 5383 immaculatam
1497 5329 1861 5392 conservabo,
1894 5338 2067 5388 tuum,
2102 5341 2134 5378 ο
2167 5323 2353 5378 Domi-

799 5438 886 5487 ne,
921 5422 1208 5477 adventum
1234 5432 1572 5490 exspectans.
1598 5421 1818 5489 Oportet
1845 5420 1986 5473 enim
2016 5427 2232 5488 paratos
2252 5432 2350 5471 nos

800 5530 918 5572 esse
949 5515 1013 5569 ad
1049 5514 1264 5568 Domini
1317 5529 1618 5568 accessum.
1676 5511 1902 5566 Tantam
1945 5521 2120 5564 autem
2159 5509 2244 5562 hic
2268 5509 2351 5562 vir

799 5609 1060 5663 mirabilis
1092 5611 1377 5662 puritatem
1413 5607 1690 5661 obtinebat
1767 5613 1824 5658 ut
1851 5618 1974 5657 cum
2006 5603 2198 5657 ﬁducia
2239 5603 2350 5657 cla—

887 5806 931 5838 ³⁰
977 5806 1119 5863 Psal.
1168 5822 1355 5875 cxvm,
1414 5804 1533 5862 176.
1610 5805 1648 5836 ⁸¹
1699 5803 1842 5858 Psal.
1887 5814 2048 5860 xxxv.
2079 5799 2130 5852 8.

2447 3305 2600 3368 ἀλλὰ,
2632 3305 2846 3357 πάντων
2881 3302 3014 3366 Θεὸς
3067 3302 3140 3354 ὣν
3175 3302 3268 3354 καὶ
3321 3298 3564 3367 ποιητὴς.
3622 3296 3828 3357 πάντας
3857 3293 3988 3346 καλεῖ

2447 3397 2538 3449 καὶ
2571 3394 2941 3461 ἐξοικειοῦται.
2995 3389 3334 3462 Ἀνθρὼπους
3379 3386 3484 3456 γὰρ
3533 3387 3625 3439 καὶ
3653 3387 3822 3455 κτήνη
3849 3382 3986 3445 σώζει

2447 3488 2594 3549 Θεός·
2625 3488 2747 3549 τοὺς
2778 3484 2874 3554 μὲν
2902 3483 2977 3545 ὡς
3019 3480 3144 3533 λαὸν
3177 3478 3363 3539 αὐτοῦ,
3421 3477 3488 3529 τὰ
3532 3476 3586 3528 δὲ
3638 3474 3713 3538 ὡς
3768 3472 3985 3545 πρόϐατα

2447 3578 2616 3649 νομῆς
2649 3576 2831 3630 αὐτοῦ.
2869 3572 3184 3627 Εὶσέλθετε
3214 3573 3300 3637 εις
3322 3570 3418 3636 τὰς
3476 3569 3668 3632 πύλας
3720 3564 3897 3619 αὐτοῦ
3933 3564 3989 3614 ὲν

2447 3666 2896 3738 ἐξομολογήσει.
2933 3663 3112 3727 Πύλας
3148 3663 3240 3716 τοῦ
3279 3662 3484 3731 Κυρίου
3512 3661 3607 3730 τὴν
3633 3658 3724 3711 ἐπὶ
3755 3657 3856 3726 γῆς
3890 3655 3989 3707 Ἐκο

2450 3763 2676 3841 κλησίαν
2719 3761 2903 3832 φησὶν,
2931 3753 3050 3831 ἐνῇ
3107 3754 3540 3826 ἐξομολογεῖσθαι
3582 3753 3682 3815 δεῖ,
3734 3752 3827 3802 an
3871 3747 3984 3817 πρό-

2447 3871 2603 3925 τερον
2662 3851 3074 3919 ἐξαγγέλλοντες
3127 3849 3195 3901 τὰ
3242 3846 3633 3916 ἁμαρτήματα,
3682 3842 3782 3904 τάς
3821 3857 3876 3894 τε
3922 3842 3991 3900 είς

2449 3946 2594 4015 ἡμᾶς
2617 3941 2910 4012 γενομένας
2936 3937 3262 4010 ἀφηγεῖσθαι
3288 3935 3621 4007 εὐεργεσίας.

2827 4031 2908 4098 Τῷ
2943 4030 3139 4085 Δαυῖδ.
3206 4029 3514 4083 ΨΑΛΜΟΣ
3550 4029 3630 4080 P'.

3051 4124 3384 4186 ’Υπόθεσιςο

2464 4221 2550 4273 Ἔν
2582 4217 2752 4288 τούτῳ
2790 4217 2867 4287 τῷ
2900 4214 3097 4287 ψαλμῷ
3146 4214 3235 4266 τὸν
3279 4212 3483 4264 τέλειον
3527 4209 3658 4279 ἡμῖν
3703 4201 3988 4280 διαγράφει,

2518 4313 2608 4365 τὸν
2675 4309 2816 4364 κατὰ
2879 4308 3010 4361 Θεὸν
3064 4305 3510 4374 πολιτευόμενον,
3549 4299 3816 4353 διδάσκων
3866 4300 3988 4369 ἡμᾶς

2520 4402 2674 4456 ποίαν
2701 4401 2778 4454 δεῖ
2807 4399 3074 4455 πολιτείαν
3107 4390 3439 4466 ἐπιτηδεύειν
3464 4392 3586 4455 τοὺς
3620 4389 3988 4462 ἐπιθυμοῦντας

2518 4497 2616 4566 τῆς
2645 4494 2749 4547 τῶν
2776 4493 3013 4562 οὐρανῶν
3045 4488 3313 4561 βασιλείας
3335 4487 3628 4554 ἐπιτυχεῖν.

2527 4590 2736 4640 Ἐλεον
2761 4585 2854 4637 καὶ
2878 4584 3077 4651 κρίσιν
3105 4579 3326 4650 ᾇσομαί
3379 4593 3500 4642 σοι,
3560 4577 3759 4645 Κύριε.
3811 4572 3985 4628 Ταῦτι,

2459 4678 2639 4749 φησὶν,
2697 4675 2788 4726 ἐπὶ
2837 4673 3098 4743 στόματος
3149 4670 3327 4742 φέρων
3381 4669 3665 4734 διαπαντὸς
3697 4669 3733 4722 ἃ.
3794 4659 3898 4720 οίδι
3923 4663 3989 4721 είς

2457 4771 2601 4840 ἡμᾶς
2638 4766 3069 4838 κατορθωθέντα,
3106 4763 3390 4836 δοθήσεται
3442 4762 3641 4832 χρίσις,
3676 4756 3985 4820 τουτίστινή

2455 4859 2833 4932 δικαιοκρισία.
2877 4855 3190 4911 Ἐδικαίωσε
3223 4854 3330 4926 γὰρ
3358 4855 3419 4906 ἐκ
3463 4852 3568 4905 τῶν
3613 4848 3821 4922 ἐχθρῶν
3851 4846 3989 4919 ἡμῶν

2453 4949 2548 5021 τὴν
2573 4952 2723 5020 δίκην
2746 4948 2919 5019 ἡμῶν.

2529 5040 2707 5094 Ψαλῶ
2757 5038 2854 5092 καὶ
2899 5038 3148 5104 συνήσω
3189 5037 3257 5090 ἐν
3284 5033 3399 5098 ὀδῷ
3439 5029 3676 5103 ἀμώμῳ.
3726 5025 3989 5100 Τὰψαλῶ

2451 5133 2557 5186 τὸν
2584 5134 2792 5202 ὕμνον,
2831 5133 3012 5202 φησὶν,
3062 5130 3192 5182 ὡσεὶ
3222 5128 3364 5196 λέγοι
3401 5122 3729 5197 σαφέστερον
3755 5142 3768 5155 °
3805 5119 3987 5190 ’Υμνῶν

2457 5225 2519 5278 οὐ
2568 5226 2842 5294 παύσομαι
2904 5225 2997 5278 καὶ
3059 5222 3154 5293 τὴν
3202 5220 3339 5292 ἐμὴν
3401 5219 3517 5273 ὁδὸν
3584 5213 3985 5290 παρασκευάζων

2453 5317 2701 5385 ἄμωμον,
2729 5317 2824 5385 τὴν
2851 5314 2967 5386 σὴν,
2997 5308 3041 5367 ὦ
3068 5313 3330 5375 Δέσποτα,
3354 5310 3655 5382 παρουσίαν
3687 5302 3983 5379 προσδοκῶν.

2455 5410 2543 5462 Δεῖ
2568 5407 2676 5479 γὰρ
2699 5406 3157 5480 ηὐτρεπισμένους
3217 5407 3366 5476 ἡμᾶς
3411 5398 3550 5456 εἶναι
3609 5400 3742 5471 πρὸς
3785 5396 3874 5466 τὴν
3907 5392 3985 5480 τοῦ

2455 5476 2657 5572 Κυρίο“-ί
2690 5476 2891 5572 ἄφιξιν·
2949 5497 3226 5567 Τοσαύτην
3273 5496 3380 5570 γὰρ
3417 5498 3445 5550 6
3492 5491 3886 5563 Θαυμαζόμενος
3909 5476 3985 5537 οὖ-

2456 5613 2545 5658 τος
2567 5596 2702 5666 ὰνὴρ
2730 5596 2993 5664 ἐκτήσατο
3029 5589 3393 5662 καθαρότητα,
3429 5589 3503 5648 ὡς
3545 5581 3686 5654 μετὰ
3711 5576 3985 5651 παρρησίας
