4094 6312
133 364 229 418 425

1249 360 1611 417 EXPOSITIO
1650 361 1716 415 IN
1759 359 2087 416 PSAIJIIUM
2127 359 2209 415 CI.

3251 361 3357 418 426

135 477 317 546 βοῆσαι
355 474 487 546 πρὸς
514 474 603 526 τὸν
645 473 794 526 Θεόν·
829 475 975 527 Πότε
1013 471 1182 540 ἣξεις
1214 475 1364 544 πρὸς
1398 474 1512 544 μέ;
1554 477 1696 530 Ἀντὶ

1818 485 1970 530 narct
1996 476 2060 529 ad
2097 473 2264 528 Deum
2300 493 2310 526 :
2349 473 2572 537 Quando
2605 475 2770 527 venies
2801 473 2869 526 ad
2908 475 3025 527 me?
3057 487 3120 527 ac
3148 473 3193 528 si
3219 475 3358 530 dice

134 569 238 626 τοῦ.
273 567 534 639 Εὺπρεπῆ
562 583 644 619 σοι
678 566 744 620 τὰ
768 566 1010 636 βασίλεια
1063 568 1393 638 κατέστησα,
1431 567 1582 621 ποθῶ
1607 585 1697 621 σου

133 661 223 727 τὴν
247 657 568 728 παρουσίαν,
611 652 655 710 ὦ
681 658 940 723 Δέσποτα,
981 657 1261 730 ἱμείρομαί
1303 677 1392 712 σου
1446 659 1546 729 τῆς
1584 661 1701 712 ἐπι-

135 749 371 816 φανείας·
401 749 536 801 ἀλλά
558 749 646 813 δὸς
672 750 732 802 τὸ
767 749 1117 820 ποθούμενον.
1175 752 1608 820 Διεπορευόμην
1633 752 1702 803 ἐν

136 840 346 905 ἀκακία
382 836 627 907 καρδίας
670 857 788 908 μου
831 843 901 894 ἐν
947 841 1115 910 μέσῳ
1176 842 1280 896 τοῦ
1335 844 1504 895 οἴκου
1558 859 1699 911 μου.

136 929 354 992 Οὐδένα,
385 930 566 1001 φησιν,
594 931 746 1000 ἔσχον
794 932 980 985 ἄδικον
1025 933 1371 986 συνοικοῦντα
1423 933 1701 1003 λογισμόν·

137 1021 241 1072 ἀλλ’
265 1021 404 1084 ὅλως
439 1023 658 1093 ἐμαυτῷ
695 1023 831 1093 μετὰ
865 1024 1236 1096 καθαρότητος
1289 1024 1702 1097 διεπορευὸμην.

137 1113 462 1178 Ποιοῦντας
492 1114 848 1182 παραϐάσεις
874 1116 1156 1184 ἐμίσησα.
1195 1118 1286 1169 Δεῖ
1305 1119 1412 1190 γὰρ
1447 1119 1517 1189 μὴ
1546 1118 1707 1188 μόνον

137 1205 428 1273 ἀπέχεσθαι
455 1206 562 1260 τῶν
612 1208 884 1277 πονηρῶν,
926 1208 1062 1263 ἀλλά
1091 1211 1337 1276 καὶτοὺς
1361 1212 1428 1265 τὰ
1482 1211 1706 1266 τοιαῦτα

138 1296 418 1360 ποιοῦντας
445 1299 901 1368 ἀποστρέφεσθαι.

201 1391 318 1441 Οὐκ
386 1390 690 1458 ἐκολλήθη
744 1409 846 1460 μοι
907 1391 1120 1462 καρδία
1182 1393 1439 1464 σκαμϐή.
1484 1394 1564 1447 Τὰ
1613 1392 1707 1446 τοῦ

138 1476 373 1529 διαϐόλου
428 1479 807 1550 βουλεύματα,
871 1483 964 1535 ire
1032 1484 1199 1554 μηδὲν
1278 1485 1433 1547 seet;
1495 1483 1707 1554 ἔχοντα,

140 1568 352 1639 σκαμδά
377 1570 435 1622 τέ
468 1574 572 1624 εἰσι
608 1573 700 1625 καὶ
737 1573 1162 1644 διεστραμμένα,
1199 1576 1341 1646 ἅπερ
1370 1576 1621 1628 οὐδέποτε
1652 1577 1710 1628 ἐν

139 1661 195 1728 τῇ
224 1662 421 1730 καρδία
442 1661 798 1732 εἰσδέδεγμαι.
857 1665 1274 1731 Ἐκχλίνοντος
1315 1666 1414 1719 ἀπ’
1439 1666 1583 1735 ἐμοῦ
1605 1665 1711 1719 τοῦ

141 1753 398 1820 πονηροῦ
443 1756 552 1806 οὐκ
577 1755 925 1822 ἐγίνωσκον.
968 1756 1142 1820 Οῦτω,
1195 1759 1381 1828 φησιν,
1432 1760 1490 1811 ἐν
1538 1759 1712 1812 οὐδενὶ

1799 573 1884 619 ret
1923 585 1934 619 :
1972 564 2194 634 Regiam
2228 563 2324 617 tibi
2372 575 2685 617 exornatam
2735 579 2798 618 ac
2843 564 3119 617 decentem
3157 567 3336 633 paravi

1801 664 1951 709 tuam
1986 664 2182 723 exopto
2218 654 2583 722 praesentiam,
2619 671 2651 706 ο
2679 637 2935 717 Domine,
2981 663 3129 707 tuum
3165 655 3366 708 adven-

1803 756 1916 802 tum
1948 756 2162 816 expeto,
2195 756 2434 816 optatum
2466 746 2721 801 concede.
2751 745 3190 800 Perambulabam
3212 750 3265 800 in
3292 747 3366 801 in-

1803 841 2044 895 nocentia
2070 839 2241 892 cordis
2267 839 2366 891 mei
2387 841 2441 891 in
2474 839 2641 891 medio
2673 839 2857 891 domus
2886 855 3039 905 mete,
3084 848 3187 892 etc.
3240 837 3369 892 Nul-

1805 930 1933 992 I'am,
1957 929 2151 999 inquit,
2185 929 2442 996 injustam
2469 929 2855 998 cogitationem
2885 944 3094 982 mecum
3125 930 3371 984 habitare

1806 1023 2190 1088 concedebant,
2224 1021 2316 1075 sed
2345 1037 2465 1075 cum
2493 1023 2724 1090 puritate
2747 1021 3116 1074 ambulabam.
3145 1020 3372 1076 Facien-

1808 1128 1881 1171 tes
1916 1115 2371 1184 prwvaricationes
2408 1113 2564 1166 odivi.
2623 1111 2848 1183 Oportet
2877 1113 3019 1166 enim
3053 1129 3160 1166 non
3196 1115 3371 1168 solum

1807 1209 2078 1265 abstinere
2106 1223 2139 1262 a
2170 1207 2326 1261 malis
2348 1246 2362 1270 ,
2405 1207 2499 1261 sed
2531 1207 2694 1261 etiam
2735 1206 2973 1260 aversari
3022 1221 3118 1261 eos
3160 1207 3253 1276 qui
3286 1207 3374 1259 illa

1808 1309 1994 1373 agunt.

1877 1394 1932 1448 4.
1964 1392 2085 1446 Non
2116 1393 2338 1446 adlaesit
2367 1392 2496 1444 mihi
2528 1408 2618 1444 cor
2649 1408 2889 1460 pravum.
2941 1391 3145 1446 Diaboli
3197 1392 3378 1446 consi-

1810 1488 1882 1541 lia
1906 1528 1921 1553 ,
1955 1495 2137 1555 utpote
2159 1501 2278 1554 qua:
2310 1486 2440 1539 recti
2476 1485 2608 1538 nihil
2640 1486 2890 1548 habeant,
2942 1501 3104 1553 prava
3145 1495 3271 1538 sunt.
3325 1493 3379 1537 ct

1812 1589 2086 1646 perversa,
2113 1589 2233 1643 qua:
2257 1589 2532 1642 nunquam
2585 1574 2638 1626 in
2669 1575 2831 1627 corde
2853 1575 3065 1628 admisi.
3099 1574 3380 1628 Declim‘m-

1816 1679 1916 1721 tem
1943 1683 1973 1718 α
2002 1682 2082 1719 me
2112 1665 2398 1734 malignum
2445 1681 2547 1717 non
2589 1666 2977 1734 cognoscebam.
3035 1665 3110 1719 Ita
3134 1709 3147 1728 ,
3183 1667 3380 1734 inquit,

1815 1759 1967 1813 nihili
1992 1756 2252 1811 faciebam
2282 1757 2575 1826 malignos,
2603 1765 2661 1808 ut
2687 1761 2874 1809 corut'n
2908 1758 3020 1810 sive
3045 1758 3381 1825 praesentiant

145 1842 288 1911 μέρει
352 1844 652 1915 ἐποιούμην
692 1845 815 1908 τοὺς
846 1849 1132 1917 πονηροὺς,
1193 1847 1268 1911 ὼς
1321 1851 1413 1901 καὶ
1438 1849 1534 1920 τὴν
1583 1867 1714 1919 παρ-

1818 1852 1931 1906 sive
1966 1851 2266 1905 absentiam
2295 1851 2624 1919 ignorarem.
2662 1849 2842 1914 Quare
2872 1850 3284 1902 alscedentibus
3320 1849 3382 1900 il-

142 1935 319 1984 oueiav
367 1936 605 2009 καὶ-τὴν
659 1937 924 1991 ἀπουσίαν
976 1939 1154 1991 αὐτῶν
1206 1940 1438 2008 ἀγνοεῖν·
1489 1941 1570 1993 διὸ
1619 1942 1713 1993 καὶ

145 2025 486 2096 ἀπαιρόντων
535 2029 633 2081 οὐκ
680 2031 994 2097 ἐγίνωσκον,
1029 2033 1222 2087 ούκοῦν
1272 2035 1392 2088 οὐδὲ
1433 2037 1714 2106 παρόντων

145 2115 187 2164 εξ
219 2117 469 2185 παρῆσαν
493 2118 804 2186 ἐγίνωσκον.
839 2121 1063 2192 Γνώμης
1088 2123 1144 2174 δὲ
1178 2124 1450 2189 ἀπόδειξις
1505 2127 1718 2178 ἀνακει-

147 2206 305 2277 μένης
342 2208 463 2278 Θεῷ
494 2210 554 2262 τὸ
574 2210 680 2263 τῶν
710 2214 859 2265 κάτω
892 2214 1092 2284 μηδένα
1129 2216 1395 2270 ποιεῖσθαι
1449 2218 1602 2284 λόγον
1630 2219 1716 2272 διὰ

144 2299 237 2368 τὴν
261 2299 467 2353 ἀνωθεν
507 2306 779 2375 προσοχὴν

217 2388 326 2442 Τὸν
352 2394 813 2448 καταλαλοῦντα
846 2395 1035 2465 λάθρα
1071 2398 1176 2453 τοῦ
1217 2401 1486 2468 πλησίον
1507 2404 1716 2468 αὐτοῦ,

147 2481 354 2536 τοῦτον
391 2484 730 2548 ἐξεδίωκον.
766 2488 876 2552 Τὰς
916 2489 973 2542 δὲ
1018 2491 1191 2562 λάθρα
1247 2493 1536 2563 γινομένας
1586 2513 1716 2548 κατ-

147 2577 369 2646 ηγορίας
390 2579 450 2630 οὐ
477 2580 799 2652 προσιέμην,
832 2582 967 2636 ἀλλὰ
1005 2584 1128 2646 τοὺς
1161 2585 1319 2638 τοῦτο
1350 2587 1481 2658 δρᾷν
1516 2605 1719 2660 πειρωο

152 2671 339 2736 μένους
402 2669 713 2741 ἐξήλαυνον.
800 2674 1190 2744 ’Υπερηςρὰνῳ
1269 2678 1554 2748 ὀφθαλμῷ
1619 2681 1717 2733 καὶ

149 2758 437 2825 ἀπλήστῳ
469 2761 700 2830 καρδίᾳ,
730 2764 918 2828 τούτῳ
942 2767 1012 2818 οὐ
1048 2766 1408 2834 συνήσθιον.
1445 2768 1582 2821 Οὔτε
1615 2769 1719 2840 μὴν

148 2853 268 2913 τοὺς
315 2851 604 2925 ἀλαζονείᾳ
635 2855 730 2909 καὶ
772 2855 1054 2928 πλεονεξίᾳ
1081 2860 1397 2929 χρωμένους
1423 2863 1720 2933 ἐποιούμην

151 2941 450 3005 συσσίτους.

220 3037 279 3086 οι
309 3037 606 3104 ὀφθαλμοί
629 3056 749 3106 μου
807 3039 903 3093 ἐπὶ
967 3040 1109 3107 τοὺς
1142 3043 1397 3108 πιστοὺς
1459 3043 1568 3112 τῆς
1609 3045 1722 3115 γῆς

149 3126 252 3181 τοῦ
281 3129 700 3198 συγκαθῆσθαι
725 3133 945 3199 αὐτοὺς
967 3137 1094 3203 μετ’
1130 3137 1297 3205 ἐμοῦ.
1341 3139 1636 3209 Συνεδρίων
1663 3139 1720 3193 δέ

154 3235 240 3287 μοι
295 3221 387 3272 καὶ
421 3221 613 3291 βουλῆς
648 3223 963 3279 ἐκοινώνουν
992 3228 1041 3279 oi
1089 3229 1266 3281 πίστει
1327 3231 1710 3301 κοσμούμενοι,

151 3313 243 3364 καὶ
276 3315 402 3383 περί⁹
437 3314 630 3367 πολλοῦ
651 3316 717 3368 τὰ
739 3316 854 3368 θεῖα
887 3319 1217 3390 ποιούμενοι.
1253 3323 1314 3375 Οἱ
1355 3321 1412 3374 δὲ
1445 3324 1520 3394 μὴ
1546 3323 1718 3387 οὕτως

150 3402 496 3472 διακείμενοι,
530 3404 667 3458 ἀλλά
686 3407 938 3461 τάναντία
972 3411 1294 3480 φρονοῦντες
1345 3414 1720 3486 ὑπερηφανείᾳ

151 3492 286 3561 λέγω
317 3498 410 3549 καὶ
441 3498 624 3569 ἀδικίᾳ
660 3502 753 3554 καὶ
785 3501 1152 3570 ἐξουδενώσει,
1211 3507 1401 3576 πόρρω
1447 3506 1718 3560 ἀπέϐαλον

153 3588 242 3640 ἀπ’
273 3589 428 3659 ἐμοῦ,
456 3589 594 3644 ὥστε
626 3594 697 3664 μὴ
746 3596 879 3665 ὁρᾷν
907 3596 1121 3659 αύτούς.

222 3681 322 3745 Εἰς
341 3683 450 3746 τὰς
473 3685 692 3751 πρωΐας
723 3685 1075 3740 ἀπέκτεινον
1104 3688 1333 3755 πάντας
1363 3691 1502 3757 τοὺς
1538 3692 1720 3761 ἀμαρ-

152 3773 374 3839 τωλοὺς
398 3773 512 3842 τῆς
538 3775 668 3844 γῆς.
714 3777 1092 3848 ’Δμαρτωλούς
1122 3799 1251 3851 φησι
1298 3784 1422 3846 τοὺς
1452 3787 1719 3856 πονηρους

153 3859 454 3934 λογισμούς,
486 3865 578 3929 οὓς
601 3871 717 3930 ταῖς
739 3870 986 3934 ἐωθιναῖς
1014 3878 1341 3943 προσευχαῖς
1364 3877 1455 3928 καὶ
1486 3879 1550 3946 τῇ
1585 3877 1721 3947 πρὶς

155 3953 280 4008 Θεὸν
309 3958 602 4030 προσεδρίᾳ
627 3961 866 4026 ἐκόλαζε.
905 3965 1014 4018 Τοῦ
1055 3965 1480 4034 ἐξολοθρεῦσαι
1526 3970 1592 4022 ἐκ
1618 3971 1721 4020 πί-

153 4051 300 4114 λεως
331 4053 578 4127 ,Κυρίου
633 4054 863 4122 πάντας
926 4057 1064 4122 τοὺς
1124 4059 1545 4128 ἐργαζομένους
1609 4061 1723 4128 τὴν

154 4140 422 4209 ἀνομίαν.
460 4145 621 4199 Πόλιν
653 4148 859 4218 Κυρίου
885 4149 982 4220 τὴν
1007 4151 1168 4217 ἁγίαν
1201 4153 1333 4223 φησὶ
1355 4152 1549 4224 ψυχὴν,
1580 4155 1720 4207 κατὰ

153 4231 215 4282 τὸ
245 4235 549 4304 εἰρημένον·
583 4237 1001 4310 Δεδοξασμένα
1036 4243 1302 4311 ἐλαλήθη
1325 4245 1456 4312 περὶ
1490 4245 1626 4310 σοῦ,
1682 4247 1722 4313 ἡ

153 4325 328 4390 πόλις
356 4327 460 4379 τοῦ
488 4329 654 4383 Θεοῦ.

157 4419 468 4488 Προσευχὴ
494 4420 574 4486 τῷ
604 4422 832 4491 πτωχῷ,
874 4425 1019 4478 ὅταν
1065 4425 1386 4495 ἀκηδιάσῃ,
1426 4428 1524 4481 καὶ
1554 4431 1727 4484 ἐναν-

261 4512 387 4563 τίον
410 4513 632 4581 Κυρίου
660 4514 837 4584 ἐκχέῃ
871 4517 984 4583 τὴν
1013 4517 1227 4584 δέησιν
1253 4518 1458 4572 αὑτοῦ.
1487 4523 1616 4574 PA’.

778 4607 790 4624 '
804 4609 1107 4674 Υπόθεσις.

169 4695 228 4744 ’0
254 4697 389 4750 κατὰ
414 4696 547 4749 Θεὸν
578 4699 808 4767 πτωχὸς,
833 4700 1106 4752 τουτέστιν
1131 4704 1158 4754 ὁ
1182 4704 1291 4755 τῶν
1321 4703 1610 4775 προφητῶν
1641 4723 1730 4775 χο-

232 4786 338 4855 ρὸς,
367 4789 396 4838 ὁ
442 4786 619 4852 λύπης
652 4785 1079 4858 πεπληρωμένος
1128 4793 1217 4843 ἐπὶ
1253 4795 1318 4861 τῇ
1365 4791 1458 4844 τοῦ
1511 4793 1726 4863 πρώτου

229 4874 352 4927 λαοῦ
388 4875 760 4948 καταστροφῇ,
823 4880 1183 4950 προσέρχεται
1236 4882 1314 4951 τῷ
1367 4884 1556 4953 Κυρίῳ
1588 4883 1725 4953 ὑπὲρ

230 4967 410 5031 αὑτοῦ,
441 4968 538 5021 τοῦ
559 4967 687 5022 λαοῦ
708 4970 966 5039 δηλονότι,
992 4971 1328 5040 ἀναπέμπων
1353 4973 1562 5043 δεήσεις
1589 4973 1725 5041 μετὰ

229 5063 479 5132 νηστείας
505 5063 600 5114 καὶ
635 5062 904 5134 δακρύων,
935 5064 1080 5127 ὅπως
1113 5064 1178 5117 ἂν
1214 5066 1308 5117 καὶ
1336 5065 1497 5126 αὐτὸς
1524 5066 1721 5117 οἰκτει-

231 5153 363 5224 ρηθῇ
390 5155 419 5205 ὁ
440 5152 589 5216 λαός.
618 5154 890 5225 Κηρύττει
915 5157 971 5208 δέ
1001 5157 1094 5210 καὶ
1123 5157 1223 5226 τὴν
1254 5157 1361 5209 τῶν
1398 5156 1565 5209 ἐθνῶν
1592 5157 1722 5228 κλῆ-

232 5260 332 5306 σιν,
363 5244 462 5315 τὴν
484 5245 784 5314 γενομένην
817 5249 874 5298 ἐν
899 5250 964 5317 τῇ
1018 5249 1307 5318 ἐπιφανείᾳ
1353 5247 1445 5299 τοῦ
1476 5249 1722 5319 Σωτῆρος

232 5333 380 5402 ἡμῶν
418 5335 491 5405 ’ῐη
501 5333 594 5387 σοῦ
628 5334 883 5405 Χριστοῦ.

233 5425 419 5491 Κύριε,
468 5424 840 5478 εἰσάκουσον
890 5424 998 5492 τῆς
1057 5427 1403 5496 προσευχῆς
1455 5446 1590 5496 μου.
1647 5429 1728 5482 Τὰ

164 5515 439 5584 συμϐάντα
507 5516 586 5587 τῷ
647 5517 762 5587 λαῷ
827 5519 1224 5572 οἰκειοποιεῖται
1294 5521 1322 5571 ὁ
1393 5523 1729 5591 προφητικὸς

163 5609 334 5677 κσρόςο

245 5789 283 5819 ⁸³
310 5793 448 5849 Psal.
490 5806 689 5845 ωιιυί
711 5830 726 5853 ,
754 5789 804 5841 '5.

479 5890 753 5950 ΡΔτιιοι..
785 5884 900 5943 Gn.
931 5884 1187 5945 XXVII.

1819 1939 1885 1992 lis
1908 1952 2015 1990 non
2047 1938 2462 2006 cognoscebam,
2492 1953 2556 1990 ac
2581 1938 2833 1991 similiter
2858 1939 3068 1992 etiamsi
3094 1947 3383 2006 prmsentes

1817 2035 2020 2090 essent,
2056 2027 2108 2080 id
2140 2027 2479 2095 ignorabam.
2548 2027 2740 2082 Mentis
2770 2037 2948 2082 autem
2981 2030 3033 2081 in
3067 2027 3176 2082 Deo
3211 2031 3384 2082 consi-

1819 2121 2012 2174 stentis
2057 2130 2435 2190 argumentum
2467 2128 2582 2184 est,
2616 2130 2858 2176 terrenas
2886 2137 2974 2176 res
3006 2122 3139 2175 nihil
3169 2135 3383 2186 curare,

1819 2213 1890 2266 ob
1919 2213 2158 2266 studium
2186 2213 2509 2266 caelestium.

1895 2410 1948 2464 5.
1994 2409 2363 2462 Deira/tentem
2388 2421 2588 2464 secreto
2617 2413 2856 2479 proximo
2889 2428 3012 2475 suo,
3054 2411 3190 2464 hunc
3217 2427 3390 2480 perse-

1820 2501 2035 2572 quebar.
2090 2501 2482 2556 Accusationes
2529 2511 2740 2557 occulte
2787 2503 2957 2556 factas
2984 2518 3091 2555 non
3136 2503 3389 2557 admitte-

1823 2597 1970 2659 bam,
2009 2595 2119 2647 imo
2145 2609 2273 2647 vero
2303 2609 2396 2648 cos
2427 2595 2518 2663 qui
2548 2595 2673 2649 huic
2709 2595 2784 2648 rei
2815 2595 3017 2648 dabant
3042 2609 3258 2663 operam
3290 2610 3388 2648 cx-

1824 2687 2106 2756 peIIebam.
2134 2684 2366 2754 Superbo
2391 2686 2541 2738 oculo
2557 2699 2602 2739 et
2626 2685 2918 2740 insatiabili
2947 2687 3120 2752 corde,
3150 2703 3267 2738 cum
3293 2687 3389 2739 hoc

1825 2795 1927 2832 non
1954 2781 2190 2832 edebam.
2229 2777 2589 2849 Nequaquam
2623 2794 2718 2834 eos
2742 2781 2833 2848 qui
2862 2780 3167 2850 arrogantia
3211 2791 3263 2833 et
3297 2795 3391 2832 su-

1823 2871 2011 2940 perbia
2035 2870 2339 2938 tumebaut,
2366 2871 2624 2926 convivas
2653 2871 3022 2926 admittebam.

1895 3063 1948 3117 6.
1986 3061 2140 3117 Oculi
2179 3063 2281 3115 mei
2318 3059 2387 3114 ad
2419 3061 2598 3130 ﬁdeles
2626 3072 2779 3116 terra:
2827 3072 2882 3113 ut
2926 3061 3137 3115 sedeant
3167 3078 3388 3117 mecum.

1823 3154 2130 3209 Consessus
2164 3163 2326 3221 atque
2373 3152 2589 3207 consilii
2639 3167 2854 3206 mecum
2908 3153 3196 3222 participes
3239 3162 3394 3209 erant

1826 3247 1920 3316 qui
1954 3245 2058 3300 lide
2090 3255 2244 3299 erant
2295 3246 2508 3310 ornati,
2558 3254 2613 3300 et
2661 3246 2841 3300 divina
2880 3247 3058 3316 magni
3094 3245 3389 3301 faciebant.

1821 3337 1928 3392 Eos
1966 3346 2147 3391 autem
2177 3337 2268 3404 qui
2294 3352 2402 3390 non
2444 3337 2519 3389 ita
2551 3335 2726 3390 all‘ecti
2749 3345 2939 3402 erant,
2988 3337 3081 3391 sed
3119 3339 3394 3393 contraria

1821 3431 2115 3483 sentientes
2141 3429 2407 3497 superbia:
2431 3469 2446 3494 ,
2477 3428 2759 3493 injustitia:
2800 3437 2853 3481 et
2881 3428 3248 3483 humihationi
3299 3429 3396 3483 da-

1819 3522 1950 3574 bant
1978 3535 2218 3590 operam,
2248 3519 2405 3588 longe
2429 3534 2459 3571 a
2488 3534 2574 3572 me
2596 3519 2900 3589 exigebam,
2928 3519 3000 3573 ita
3032 3529 3092 3574 ut
3129 3534 3198 3574 ne
3222 3521 3396 3590 respi-

1819 3627 1995 3667 cerent
2026 3612 2247 3681 quidem
2291 3611 2414 3665 illos
3425 3603 3431 3610 ’

1846 3767 1850 3771 ς
1891 3705 1943 3758 8.
1981 3701 2048 3756 In
2081 3703 2338 3755 matutino
2361 3703 2736 3771 interﬁciebam
2768 3719 2941 3756 omnes
2966 3714 3262 3772 peccatores
3293 3715 3395 3756 ter-

1823 3814 1914 3850 rae.
1970 3797 2290 3849 Pcccatores
2321 3805 2478 3849 vocat
2505 3795 2674 3848 malas
2700 3788 3076 3863 cogitationes,
3107 3812 3244 3865 quas
3269 3813 3394 3851 cum

1822 3887 2107 3942 matutinis
2134 3887 2504 3951 orationibus,
2538 3901 2650 3940 tum
2681 3888 2734 3940 in
2765 3886 2860 3941 Dei
2893 3890 3181 3957 praesentia
3213 3891 3398 3942 consi-

1823 3979 2014 4034 stendo
2041 3980 2359 4047 castigabat.
2390 3978 2452 4032 Ut
2477 3979 2830 4048 disperderem
2859 3981 2922 4033 de
2952 3981 3157 4033 civitate
3181 3980 3396 4033 Domini

1821 4090 1998 4126 omnes
2026 4082 2295 4145 oper-antes
2318 4073 2670 4141 iniquitatem.
2697 4072 2983 4126 Civitatem
3015 4072 3231 4126 Domini
3267 4089 3396 4127 san-

1825 4175 1965 4219 ctam
1990 4164 2120 4218 dicit
2167 4164 2435 4228 animam,
2462 4164 2616 4232 juxta
2645 4164 2849 4217 dictum
2881 4163 3011 4217 illud
3034 4164 3079 4200 ⁸²
3110 4182 3121 4216 ;
3154 4161 3397 4218 Gloriosa

1827 4257 1969 4308 dicta
2001 4265 2120 4308 sunt
2150 4256 2214 4307 de
2237 4266 2304 4321 te,
2336 4255 2518 4306 civitas
2553 4253 2671 4307 Dei.

1831 4435 1882 4488 I.
1937 4431 2120 4487 Oratio
2162 4432 2404 4500 pauperis
2437 4447 2553 4483 cum
2603 4433 2792 4484 anxias
2834 4430 3031 4500 fuerit,
3083 4438 3143 4483 ιιι
3182 4429 3237 4482 in
3269 4445 3393 4481 con-

1903 4533 2076 4593 spectu
2107 4522 2321 4576 Domini
2345 4522 2587 4591 eﬁ'aderit
2615 4539 2816 4591 precem
2845 4539 3014 4576 suam.
3053 4522 3145 4577 CI.

2415 4617 2816 4685 Argumentum.

1834 4709 1937 4776 Qui
1969 4724 2171 4780 pauper
2202 4709 2497 4763 secundum
2531 4706 2703 4761 Deum
2734 4716 2853 4773 est,
2909 4707 2961 4760 id
2989 4716 3070 4760 est
3110 4707 3397 4776 propheta-

1905 4818 2025 4857 rum
2056 4801 2277 4866 chorus,
2308 4801 2544 4871 repletus
2568 4800 2753 4855 dolore
2775 4800 2844 4854 ob
2872 4801 3071 4869 prioris
3103 4800 3284 4869 populi
3311 4814 3398 4852 ex-

1906 4893 2105 4947 cidium
2135 4933 2149 4957 ,
2185 4893 2250 4945 ad
2279 4891 2569 4945 Dominum
2618 4891 2828 4946 accedit
2852 4932 2866 4956 ,
2905 4906 3005 4961 pro
3053 4892 3170 4961 ipso
3202 4891 3405 4960 populo

1904 4999 2089 5053 preces
2121 4983 2402 5038 eﬂ‘undens
2430 5000 2553 5037 cum
2577 4984 2788 5053 jejunio
2813 4993 2867 5038 et
2891 4984 3166 5053 lacrymis,
3201 4993 3256 5036 ut
3285 4982 3398 5051 ipse

1901 5073 2133 5143 populus
2162 5073 2583 5128 misericorditer
2621 5074 2945 5143 excipiatur.
2975 5071 3240 5125 Przedicat
3269 5072 3397 5124 item

1904 5166 1992 5218 hic
2044 5165 2287 5233 psalmus
2337 5165 2676 5217 vocationem
2727 5165 3004 5234 gentium,
3063 5165 3117 5216 in
3165 5163 3397 5216 adventu

1906 5252 2202 5307 Salvatoris
2228 5254 2394 5308 nostri
2430 5251 2556 5308 Jcsu
2597 5251 2802 5307 Christi
2834 5252 3071 5307 futuram

1903 5429 1954 5482 2.
1993 5427 2244 5494 Domine,
2273 5430 2466 5482 exaudi
2495 5431 2786 5482 orationem
2820 5446 3007 5483 meant.
3049 5428 3177 5493 Quae
3199 5429 3395 5496 popqu

1836 5523 2176 5593 contigerunt
2227 5522 2327 5576 sibi
2384 5523 2538 5590 quasi
2599 5523 2814 5591 propria
2877 5521 3099 5576 ascribit
3163 5520 3392 5589 proohc-

1835 5614 1974 5667 ticus
2004 5613 2221 5667 chorus.

3118 5873 3191 5934 15
