4076 6308
746 343 851 402 ιε’]

813 466 864 517 4..
898 464 1030 528 Quia
1059 461 1351 529 defecerunt
1386 463 1520 513 sicut
1558 461 1732 528 fumus
1764 463 1872 514 dies
1920 463 2052 525 mei,
2101 472 2147 514 et
2178 478 2295 514 ossa
2325 465 2371 520 Α

744 573 855 608 mea
883 557 1014 608 sicut
1069 556 1315 606 cremiunt
1359 563 1630 606 aruerunt.
1705 552 1908 606 Horum
1966 553 2079 622 jam
2131 555 2301 607 multo

743 658 862 702 ante
889 647 1261 715 interpretatio
1291 645 1417 698 data
1453 654 1638 706 est,-at
1664 661 1878 698 rursum
1904 645 2132 699 dicetur.
2166 645 2299 699 Tota

742 739 909 793 virtus
941 755 1126 793 eorum
1155 753 1256 806 .per
1294 753 1454 806 quam
1500 738 1828 790 consistebat
1859 739 2040 792 cultus
2092 738 2298 806 legalis,

742 831 909 883 fracta
939 838 1020 883 est
1049 839 1100 881 et
1135 828 1309 896 periit.
1348 828 1513 879 Erant
1542 836 1720 879 autem
1775 827 1869 879 illa
1914 827 2296 891 sacerdotium,

742 923 1033 992 templum.
1086 920 1350 974 sacriﬁcia
1399 931 1808 984 armentorum,
1862 920 2086 973 libertas
2118 921 2297 988 populi

739 1016 853 1069 suis
883 1015 1089 1083 legibus
1123 1012 1358 1066 vivendi.

808 1192 856 1243 7.
888 1191 1086 1242 Factus
1117 1204 1231 1240 sum
1268 1188 1400 1241 sicut
1451 1189 1752 1255 nycticorax
1778 1185 1833 1238 in
1869 1186 2157 1239 domicilio.
2185 1184 2298 1239 Hoc

733 1285 863 1338 dicit
917 1285 985 1336 ob
1040 1283 1290 1336 tenebras
1353 1296 1472 1350 qua:
1533 1281 1790 1349 populum
1854 1280 2294 1349 interceperunt;

734 1374 1014 1444 ignorabat
1045 1373 1187 1426 enim
1220 1374 1406 1426 Deum.
1461 1371 1601 1437 Quid
1650 1381 1829 1425 autem
1875 1374 2153 1441 proprium
2199 1389 2294 1443 ny-

734 1467 1007 1528 ctieoraci,
1047 1466 1150 1519 nisi
1185 1473 1244 1517 ut
1274 1465 1470 1518 clamet
1502 1473 1679 1526 nocte,
1710 1446 2063 1532 quamobrem
2103 1465 2294 1533 hujus-

731 1561 875 1614 mndi
907 1558 1225 1613 vocabulum
1258 1558 1482 1612 sortitus
1507 1557 1621 1610 est?
1641 1557 1906 1621 Quoniam
1937 1557 2100 1625 igitur
2127 1566 2292 1609 totam

731 1662 941 1706 noctem
981 1651 1249 1720 precando
1284 1650 1636 1720 transigebat,
1661 1663 1781 1703 sese
1813 1647 1940 1717 jure
1966 1648 2293 1719 nycticoraci

729 1742 960 1796 confert.

797 1835 849 1888 8.
916 1833 1139 1904 Vigilari
1181 1842 1229 1886 et
1263 1833 1434 1902 factus
1464 1848 1579 1884 sum
1621 1832 1756 1884 sicut
1802 1847 1982 1899 passer
2020 1830 2295 1883 solitarius

729 1929 783 1978 in
818 1935 970 1980 tecto.
1028 1926 1156 1994 Ego,
1209 1925 1404 1994 inquit,
1439 1924 1531 1992 qui
1581 1932 1820 1992 tempore
1853 1923 2056 1992 peccati
2103 1929 2295 1990 captus

731 2033 836 2069 non
877 2015 951 2069 iui
974 2058 987 2081 ,
1012 2031 1184 2085 usque
1217 2016 1352 2068 adeo
1381 2015 1669 2067 derelictus
1701 2028 1844 2076 sum,
1884 2022 1943 2066 ut
1967 2012 2168 2080 passeri
2202 2011 2295 2064 uni

727 2108 919 2164 similis
940 2109 1063 2162 sim.
1090 2106 1274 2161 Tanta:
1297 2115 1424 2160 sunt
1455 2105 1598 2158 enim
1625 2105 1892 2173 myriatles
1922 2114 2292 2173 peccatorum,

730 2213 786 2254 ut
813 2201 1023 2254 etiamsi
1065 2199 1283 2268 plurimi
1313 2198 1540 2251 salutem
1579 2203 2007 2264 consequantur,
2045 2210 2187 2250 unus
2216 2204 2296 2249 ta-

729 2307 871 2354 men,
902 2296 979 2342 tot
1011 2287 1344 2358 myriadibus
1369 2285 1690 2352 comparati,
1718 2284 2025 2336 videantur.

799 2382 850 2436 9.
914 2380 1044 2433 Tota
1091 2379 1176 2433 die
1206 2379 1595 2447 exprobrabant
1629 2377 1759 2428 mihi
1797 2373 2001 2426 inimici
2034 2371 2154 2424 mei.
2198 2369 2295 2422 Ri-

725 2474 937 2529 diculus
966 2473 1042 2526 fui
1071 2472 1303 2527 inimicis
1332 2472 1468 2524 meis
1499 2490 1510 2522 :
1554 2478 1606 2522 et
1635 2468 1728 2536 qui
1762 2468 1889 2519 olim
1917 2465 2048 2519 mihi
2084 2463 2293 2517 invide-

727 2569 874 2629 bant,
924 2567 1183 2618 atlversus
1234 2578 1382 2617 meas
1412 2561 1748 2616 calamitates
1787 2559 1993 2629 jnrant,
2041 2565 2295 2626 rogantes

726 2677 793 2713 ne
818 2659 919 2711 sibi
968 2657 1118 2725 paria
1156 2655 1492 2724 contingant.
1533 2653 1664 2705 lllud
1697 2661 1898 2716 autem,
1942 2667 2061 2704 cum
2100 2650 2292 2714 cinere,

725 2749 1007 2803 consimile
1037 2759 1119 2802 est
1164 2745 1562 2816 septuagesimo
1607 2759 1750 2797 nono
1780 2742 2031 2811 psalmo:
2079 2739 2292 2793 Cibabis

725 2861 818 2897 nos
873 2859 1004 2913 pane
1038 2842 1396 2910 lacrymarum
1453 2837 1517 2890 ⁸³.
1574 2835 1732 2901 Quod
1793 2835 1838 2888 si
1883 2834 1987 2887 cibi
2045 2831 2294 2886 sumendi

726 2952 938 3006 tempus
996 2936 1183 2987 dolore
1233 2933 1454 3001 plenum
1508 2927 1632 2992 fuit,
1682 2927 1769 2978 vix
1814 2925 1957 2979 aliud
2003 2923 2291 2992 quodpiam

725 3039 936 3095 tempus
986 3024 1143 3078 malis
1190 3036 1421 3075 vacuum
1456 3018 1579 3073 erit.
1620 3017 1687 3070 Et
1734 3017 1825 3085 qui
1866 3015 2159 3070 laudabant
2211 3030 2290 3068 me

723 3121 1000 3173 adversum
1027 3132 1104 3168 me
1129 3114 1402 3182 jurabant.
1453 3111 1515 3164 Et
1546 3110 1730 3173 amici,
1777 3109 1973 3178 inquit,
2020 3106 2116 3176 qui
2161 3104 2291 3159 olim

725 3211 1015 3265 laudabant
1047 3223 1150 3271 me,
1207 3221 1356 3262 meas
1407 3204 1746 3260 calamitates
1804 3201 1857 3254 in
1906 3198 2290 3269 jusjurandum

724 3302 1053 3356 adhibebant
1095 3299 1378 3352 dicentes:
1417 3293 1574 3348 Absit
1620 3305 1678 3348 ut
1716 3295 1843 3348 talia
1894 3293 2070 3363 patiar
2113 3289 2293 3360 qualia

723 3394 891 3446 lsrael
932 3394 944 3445 !

793 3482 877 3535 19.
942 3481 1082 3546 Quia
1108 3482 1331 3533 cinerem
1369 3490 1621 3548 tanquam
1660 3494 1848 3548 panem
1881 3475 2288 3530 manducabam.

724 3573 832 3626 Aut
860 3572 1195 3626 calamitates
1230 3570 1557 3639 captivitatis
1606 3569 1895 3639 signiﬁcat,
1921 3579 2014 3622 aut
2046 3566 2292 3620 alllictio-

724 3682 845 3720 nem
879 3681 985 3736 qua
1017 3680 1073 3720 se
1098 3664 1463 3730 macerabant,
1508 3672 1568 3717 ut
1592 3664 1825 3734 populus
1855 3660 2288 3717 misericordiam

723 3768 1169 3829 consequeretur.

797 3851 882 3904 11.
944 3849 1083 3913 Quia
1115 3849 1318 3902 elevans
1361 3846 1580 3900 allisisti
1610 3861 1710 3898 me.
1754 3842 1917 3898 Solus
1949 3840 2112 3897 Israel
2143 3840 2288 3895 enim

700 3960 787 3998 ex
818 3941 1072 3996 omnibus
1113 3940 1362 4010 gentibus
1393 3938 1638 3994 excelsus
1674 3943 1809 4002 erat,
1853 3934 2051 4004 quippe
2080 3932 2173 4003 qui
2200 3948 2289 3987 so-

725 4036 808 4090 lus
843 4035 1090 4090 notitiam
1121 4036 1232 4087 veri
1264 4032 1354 4087 Dei
1388 4032 1629 4085 haberet.

793 4127 880 4180 12.
941 4125 1062 4178 Dies
1119 4125 1218 4178 mei
1281 4124 1416 4176 sicut
1452 4122 1638 4175 umbra
1701 4120 2110 4173 declinaverunt.
2162 4115 2287 4172 Dies

723 4231 853 4271 suos
881 4215 957 4267 ait
988 4222 1292 4267 transactos
1318 4214 1371 4264 in
1399 4212 1556 4282 legali
1582 4211 1754 4274 cultu,
1777 4210 1872 4279 qui
1908 4220 2133 4264 vocatur
2165 4224 2287 4262 utn-

723 4308 820 4359 bra
856 4305 1159 4359 futurorum
1193 4305 1485 4358 bonorum.
1534 4303 1601 4356 Et
1637 4319 1728 4372 ego
1764 4303 1898 4356 sicut
1925 4302 2103 4370 fenum
2142 4301 2284 4353 arui.

724 4396 881 4461 Illud,
913 4413 1025 4466 ego,
1053 4397 1286 4465 positum
1328 4404 1412 4450 est
1454 4411 1572 4464 pro,
1601 4394 1843 4464 populus,
1878 4409 2027 4458 nam,
2062 4401 2121 4446 ut
2149 4392 2282 4454 dixi,

1595 345 1650 396 S.
1693 343 2060 399 ATllANASII
2102 342 2250 397 OPP.
2287 342 2465 397 PARS
2503 341 2589 397 Ill.
2625 371 2692 384 -—-
2722 342 3128 398 EXEGETICA.
3861 348 3944 402 ιιι

2471 462 2597 512 Ὅτι
2619 459 2899 524 ἐξέλιπον
2943 460 3083 512 ὡσεὶ
3115 457 3342 523 καπνὸς
3374 460 3432 511 al
3467 459 3672 526 ἡμέραι
3693 477 3827 527 μου,
3863 466 3943 515 καὶ

2406 553 2476 604 τὰ
2509 551 2659 606 ὀστᾶ
2685 571 2801 620 μου
2826 552 2967 604 ὡσεὶ
3000 553 3249 621 φρύγιον
3279 555 3766 620 συνερρύησαν.
3789 554 3946 606 Ταῦτα

2409 640 2506 709 μὲν
2546 640 2888 711 ύπερὰνωθεν
2942 641 3038 710 τὴν
3090 641 3381 711 ἑρμηνείαν
3435 640 3642 701 ἔλαϐον,
3677 640 3946 710 ῥηθήσετει

2403 733 2457 785 δὲ
2494 735 2586 786 καὶ
2613 731 2790 797 αὖθις.
2814 737 2970 788 Πᾶσα
3005 734 3114 803 γὰρ
3163 735 3390 803 δύναμις
3424 734 3622 796 αὐτῶν,
3654 734 3722 786 δι’
3758 730 3821 804 ἧς
3845 750 3946 787 συν.

2404 831 2646 896 ειστήκει
2685 827 2750 879 τὰ
2805 827 2904 894 τῆς
2931 827 3071 879 κατά
3089 827 3248 895 νόμον
3279 825 3552 894 λατρείας,
3588 825 3844 895 διεφθάρη
3869 828 3945 879 καὶ

2403 919 2694 971 ἀπόλωλεν.
2729 914 2834 969 τΗν
2879 918 3133 969 δὲταῦτα
3186 919 3218 986 ἡ
3283 914 3679 986 ἀρχιερωσύνη,
3735 917 3762 966 ό
3819 915 3942 978 ναὸς.

2401 1009 2457 1059 αἱ
2505 1008 2590 1060 διὰ
2638 1008 2744 1060 τῶν
2804 1007 3132 1078 θρεμμάτων
3186 1005 3388 1070 θυσίαι,
3521 1003 3810 1072 αὑτονομία
3867 1003 3944 1054 τοῦ

2399 1101 2603 1164 ἔθνους.

2481 1193 2798 1262 Ἐγενήθην
2826 1193 2963 1245 ὡσεὶ
3001 1190 3354 1258 νυκτικόραξ
3380 1190 3448 1242 ἐν
3469 1187 3773 1252 οἱκξλπέδῳ.
3803 1187 3946 1237 Τοῦτό

2400 1303 2531 1357 φησι
2569 1286 2655 1339 διὰ
2681 1286 2769 1338 τὸν
2798 1284 3156 1354 κατειληφότα
3191 1284 3376 1336 σκότον
3409 1283 3496 1334 τὸν
3528 1282 3676 1333 λαόν·
3701 1279 3946 1346 ἀγνωσίαν

2398 1379 2505 1446 γὰρ
2533 1377 2655 1446 ἔσχε
2680 1375 2838 1430 Θεοῦ.
2886 1376 2950 1427 Τί
2977 1376 3030 1426 δὲ
3066 1375 3158 1427 τοῦ
3204 1373 3592 1442 νυκτικόρακος
3649 1371 3761 1424 ἀλλ’
3797 1370 3826 1438 ἦ
3867 1369 3942 1420 τοῦ

2402 1471 2528 1540 βοᾷν
2555 1469 2695 1522 κατὰ
2715 1468 2812 1531 τὰς
2845 1468 3045 1529 νύκτας
3087 1467 3233 1527 ἴδιον,
3264 1466 3383 1518 ὅθεν
3413 1463 3617 1533 ταύτην
3661 1461 3759 1530 τὴν
3800 1476 3944 1530 προσ-

2398 1562 2623 1632 ηγορίαν
2667 1561 2891 1630 ἔλαχεν;
2964 1559 3178 1626 Ἐπειδὴ
3223 1558 3401 1609 τοίνυν
3457 1554 3746 1623 παννύχιον
3799 1552 3944 1604 ἐποίεε

2399 1652 2853 1723 προσευχόμενος,
2912 1650 3222 1717 ἀναγκαίως
3283 1649 3470 1701 ἑαυτὸν
3506 1643 3840 1716 παραϐάλλει
3882 1642 3945 1709 τῷ

2399 1742 2774 1812 νυκτικόρακι.

2480 1834 2867 1902 Ἥγρύπνησα
2901 1834 2994 1885 καί
3024 1833 3311 1901 ἐγενόμην
3357 1831 3437 1895 ὡς
3502 1828 3819 1896 στρουθίον
3855 1843 3943 1896 μο-

2397 1927 2573 1987 νάζον
2599 1927 2696 1980 ἐπὶ
2747 1927 2984 1994 δώματι.
3051 1924 3208 1991 Ἐγὼ,
3253 1925 3434 1993 φησὶν,
3492 1925 3520 1974 ὁ
3580 1922 3653 1991 μὴ
3683 1921 3760 1990 τῷ
3797 1920 3945 1989 καιρῷ

2394 2021 2493 2089 τῆς
2521 2019 2792 2089 ἁμαρτίας
2821 2018 3271 2088 κατειλημμένος,
3303 2015 3554 2068 τοσοῦτον
3585 2013 3942 2081 κατελείεξθην,

2395 2112 2468 2174 ὡς
2525 2113 2618 2164 καὶ
2667 2111 2747 2162 ἑνὶ
2801 2110 3032 2162 ἐοικέναι
3087 2108 3370 2178 στρουθίῳ⁸
3401 2107 3508 2160 ἀπὸ
3553 2106 3662 2177 γὰρ
3694 2104 3944 2176 μυριάδων

2393 2201 2681 2262 τοσούτων,
2709 2202 2756 2252 εί
2786 2201 2876 2252 καὶ
2901 2199 3116 2260 πλείους
3149 2195 3287 2267 ἦσαν
3339 2201 3386 2248 oi
3438 2197 3756 2266 σωζόμενοι,
3797 2197 3869 2248 ἑνὶ
3893 2195 3944 2246 ἂν

2396 2290 2761 2360 παρεϐάλοντο
2789 2291 2863 2352 ὼς
2899 2289 3032 2359 πρὸς
3060 2289 3154 2350 τὰς
3188 2288 3470 2358 μυριάδας.

2467 2383 2660 2446 ’Ὅλην
2684 2379 2797 2445 τὴν
2823 2379 3050 2446 ἡμέραν
3085 2378 3382 2437 ὠνείδιζόν
3406 2395 3480 2446 με
3509 2380 3562 2430 ol
3593 2379 3798 2446 ἐχθροί
3826 2393 3940 2445 μου.

2395 2472 2808 2540 Καταγὲλαστος
2843 2473 3108 2542 ἐγενόμην
3147 2474 3260 2532 τοῖς
3309 2471 3648 2541 δυσμενέσιν·
3711 2474 3760 2523 οἱ
3786 2471 3838 2523 δὲ
3859 2471 3944 2523 πά-

2393 2565 2480 2617 λαι
2523 2582 2588 2634 με
2634 2562 2920 2633 ζηλοῦντες
2974 2564 3113 2616 κατά
3142 2564 3251 2614 τῶν
3285 2562 3431 2632 ἐμῶν
3461 2563 3724 2631 ὀμνύουσι
3761 2581 3942 2632 συμφο-

2397 2657 2524 2727 ρῶν,
2548 2657 2826 2724 εὐχόμενοι
2856 2655 2931 2725 μὴ
2964 2654 3053 2708 ἴσα
3080 2655 3286 2708 παθεῖν.
3312 2656 3383 2706 Τὸ
3415 2655 3489 2717 δὲ,
3525 2672 3676 2722 μετα
3713 2654 3941 2713 σποδοῦ,

2392 2749 2524 2802 αὐτὸ
2552 2747 2927 2818 παραπλήσιον
2987 2746 3064 2816 τῷ
3103 2747 3484 2818 ἑϐδομηκοστῷ
3517 2748 3724 2816 ivvit-cep
3751 2747 3940 2814 ψαλμῷ·

2400 2838 2647 2906 Ψωμιεῖς
2684 2835 2840 2907 ἡμᾶς
2873 2838 3026 2906 ἄρτῳ
3043 2837 3334 2906 δακρύων.
3380 2839 3441 2890 Εἰ
3472 2838 3527 2889 δὲ
3559 2840 3588 2888 ὁ
3632 2838 3732 2906 τῆς
3766 2836 3945 2906 τροεῆς

2393 2931 2581 3001 καιρὸς
2638 2930 2828 2999 ὀδύνης
2885 2931 3095 3002 ὑπῆρχε
3132 2931 3345 3000 μεστὸς,
3397 2931 3556 3001 σχολῇ
3614 2933 3663 2998 γ’
3699 2930 3766 2984 ἂν
3812 2929 3946 2990 ἄλλος

2391 3025 2704 3094 ἀπήλλακτο
2757 3024 2983 3088 πάθους.
3036 3025 3144 3078 Καὶ
3190 3028 3243 3078 οὶ
3293 3024 3682 3089 ἐπαινοῦντές
3718 3041 3793 3092 με
3836 3023 3942 3075 κατ’

2320 3152 2366 3212 C
2395 3113 2535 3184 ἐμοῦ
2561 3115 2814 3184 ὤμνυον.
2851 3115 2956 3169 Καὶ
2983 3116 3031 3167 οἱ
3063 3115 3224 3184 φίλοι,
3265 3117 3445 3185 φησὶν,
3470 3117 3518 3168 οἱ
3567 3117 3733 3168 πάλαι
3758 3115 3945 3184 θαυμά-

2397 3206 2579 3270 ζοντές
2616 3225 2705 3277 με,
2735 3208 2896 3277 ὅρκον
2952 3207 3228 3259 ἐποιοῦντο
3252 3208 3348 3269 τὰς
3384 3206 3520 3276 ὲμάς
3553 3207 3850 3277 συμφορὰς,
3873 3205 3945 3257 λέ-

2394 3314 2597 3365 γοντες
2630 3299 2721 3367 Μὴ
2760 3298 2827 3351 τὰ
2855 3296 2990 3349 αὐτὰ
3010 3297 3085 3366 τῷ
3124 3296 3337 3367 Ἰσραὴλ
3366 3296 3624 3365 πάθοιμιί

2463 3479 2580 3530 Ὅτι
2604 3476 2836 3530 σποδὸν
2860 3477 3000 3530 ὡσεὶ
3028 3476 3207 3544 ἄρτον
3233 3477 3475 3545 ἔφαγον.
3509 3475 3579 3527 Ἦ
3613 3473 3711 3536 τάς
3758 3487 3945 3542 συμφο-

2396 3569 2495 3640 ρὰς
2521 3569 2620 3632 τὰς
2650 3571 2708 3621 ὲν
2734 3570 2798 3639 τῇ
2847 3568 3189 3638 αἰχμαλωσίᾳ
3223 3567 3494 3638 σημαίνει,
3529 3566 3562 3637 ἢ
3595 3566 3694 3637 τὴν
3725 3565 3946 3618 κακοπά-

2392 3663 2544 3716 θειαν
2590 3663 2657 3734 ἣν
2720 3663 2999 3716 ἐποιοῦντο
3053 3662 3193 3733 ὑπὲρ
3253 3661 3347 3714 τοῦ
3412 3659 3815 3730 οἰκτειρηθῆναι
3868 3656 3947 3709 τὸν

2391 3756 2518 3808 λαόν
2527 3795 2538 3806 .

2465 3847 2592 3898 Ὅτι
2623 3844 2846 3912 ἐπάρας
2876 3843 3238 3912 κατέρῤαξάς
3261 3859 3355 3910 με.
3386 3843 3559 3906 Μόνος
3589 3843 3696 3914 γάρ
3719 3843 3778 3907 ἐξ
3805 3844 3948 3897 ἀπάν-

2390 3956 2496 3992 των
2523 3934 2631 3989 τῶν
2662 3935 2830 3989 ἐθνῶν
2865 3935 3064 4006 ὑψηλὸς
3107 3930 3174 4004 ἦν
3206 3935 3234 3985 ὁ
3288 3934 3412 3997 λαὸς
3459 3935 3691 4007 Ἰσραὴλ,
3741 3937 3829 3989 ἆτε
3866 3935 3946 3987 καὶ

2394 4031 2554 4101 μόνος
2581 4028 2782 4097 γνῶσιν
2810 4027 2948 4099 ἔχων
2971 4026 3065 4079 τοῦ
3095 4025 3346 4096 ἀληθινοῦ
3376 4026 3510 4080 Θεοῦ

2459 4125 2528 4176 At
2563 4120 2772 4190 ἡμέραι
2794 4139 2911 4190 μου
2936 4121 3077 4176 ὡσεὶ
3127 4121 3267 4175 σκιὰ
3315 4122 3664 4186 ὲκλίθησαν.
3726 4119 3944 4190 Ἡμέρας

2390 4211 2554 4266 αὐτοῦ
2588 4213 2684 4282 τῆς
2723 4211 2956 4282 νομικῆς
3006 4212 3260 4281 λατρείας
3322 4208 3461 4265 εἷναί
3497 4229 3680 4282 φησιν,
3724 4213 3838 4282 ἥτις
3867 4210 3946 4263 καὶ

2392 4305 2516 4357 σκιά
2543 4303 2647 4357 τῶν
2677 4304 2972 4374 μελλόντων
3002 4304 3217 4372 ἀγαθῶν
3259 4302 3602 4372 ὀνομάζεται.
3633 4305 3801 4374 Κάγὼ
3821 4301 3946 4356 ὡσεὶ

2390 4400 2601 4466 χόρτος
2632 4395 2988 4465 ἐξηράνθην.
3021 4397 3112 4458 Τὸ,
3173 4395 3306 4464 ἐγὼ,
3350 4396 3469 4448 ἀντὶ
3523 4397 3640 4457 τοῦ,
3703 4399 3737 4449 ό
3794 4396 3944 4458 λαός.

725 4490 903 4542 omnia
952 4504 1072 4558 quae
1121 4490 1186 4542 ad
1239 4489 1496 4559 populum
1554 4489 1823 4558 pertinent
1858 4487 2015 4556 quasi
2069 4485 2287 4555 propria

2396 4491 2806 4542 Οἰκειοποιεῖται
2828 4488 2954 4558 γὰρ,
2985 4487 3058 4550 ὼς
3099 4486 3253 4557 ἔφην,
3288 4487 3462 4540 πάντα
3493 4488 3562 4540 τὰ
3587 4488 3680 4540 τοῦ
3709 4486 3852 4539 λαοῦ.

725 4583 826 4634 sibi
863 4582 1129 4635 attribuit.

797 4672 883 4725 15.
941 4671 1202 4735 Quoniam
1235 4671 1544 4739 placuerunt
1583 4673 1746 4726 servis
1778 4671 1881 4723 tuis
1916 4670 2116 4739 lapides
2156 4670 2292 4739 ejus,

724 4774 774 4818 et
820 4775 973 4818 terra?
1015 4764 1127 4831 ejus
1175 4763 1582 4820 miserebantur.
1619 4764 1848 4832 Lapides
1887 4773 2045 4818 vocat
2074 4779 2168 4818 eos
2201 4765 2293 4833 qui

726 4865 848 4925 post
892 4860 1344 4909 resurrectionem
1402 4856 1757 4911 crediderunt
1804 4857 1857 4909 in
1904 4857 2209 4923 Christum,
2243 4866 2296 4911 et

729 4949 854 5001 tacti
891 4956 1016 5001 sunt
1053 4945 1256 5016 lapides
1300 4947 1494 5010 sancti,
1553 4947 1855 5002 secundum
1895 4946 2177 5001 Zachariae
2199 4963 2296 5000 vo-

728 5053 844 5092 cem
877 5056 888 5090 2
916 5054 1100 5093 εει-νος
1128 5047 1308 5093 autem
1326 5047 1715 5093 vocatsanetos
1742 5039 2034 5106 apostolos,
2062 5053 2294 5108 quorum

730 5145 889 5197 «φιν-ιι
921 5130 1011 5198 qui
1053 5132 1399 5184 crediderunt
1427 5131 1480 5184 in
1510 5131 1786 5185 Christum
1822 5131 1956 5184 salvi
1988 5130 2117 5186 lacti
2147 5141 2292 5186 sunt.

731 5216 954 5270 Terram
998 5228 1198 5278 autem,
1231 5220 1478 5289 populos,
1531 5222 1624 5289 qui
1669 5222 1845 5276 adhuc
1879 5230 2094 5276 terreno
2147 5237 2297 5276 more

732 5308 940 5370 vivunt,
971 5319 1022 5363 et
1075 5310 1250 5363 adhuc
1295 5327 1397 5365 non
1453 5312 1702 5374 credunt,
1751 5329 1888 5382 quos
1939 5315 2295 5368 commisera-

735 5400 882 5452 tione
911 5400 1102 5469 dignos
1145 5400 1239 5455 ait.
1275 5399 1575 5457 Servantur
1605 5413 1784 5458 autem
1833 5405 2073 5474 reliquiae
2105 5406 2170 5459 ad
2197 5421 2296 5459 no-

738 5495 1019 5546 vissimum
1048 5510 1219 5563 usque
1241 5495 1402 5560 diem;
1430 5498 1529 5565 ipsi
1559 5499 1703 5552 enim
1735 5513 1828 5568 per
1857 5496 2027 5553 Eliam
2062 5499 2296 5569 prophe-

737 5594 844 5638 tam
876 5587 1106 5640 salutem
1133 5601 1554 5659 consequentur.

802 5740 847 5770 ⁸³
889 5739 1029 5796 l‘sal.
1068 5761 1259 5806 Lxxtx,
1302 5748 1355 5802 6.

2470 4669 2596 4720 Ὅτι
2644 4665 2993 4733 ηὐδόκησαν
3046 4667 3100 4718 ol
3151 4663 3359 4717 δοῦλοί
3406 4681 3522 4719 σου
3562 4665 3705 4730 τοὺς
3758 4667 3942 4729 λίθους

2397 4760 2606 4829 αὐτῆς,
2634 4760 2730 4813 καί
2760 4759 2864 4812 τὸν
2891 4760 3042 4828 χοῦν
3059 4757 3249 4824 αὐτῆς
3279 4759 3744 4827 οὶκτειρήσουσι.
3771 4759 3943 4818 Λίθους

2400 4854 2499 4922 μὲν
2540 4854 2665 4916 τοὺς
2721 4851 3112 4912 πιστεύσαντας
3145 4852 3224 4912 εἰς
3267 4851 3499 4920 Χριστὸν
3537 4852 3676 4919 μετά
3707 4855 3799 4920 τὴν
3829 4849 3943 4903 ἀνά-

2399 4947 2584 5000 στασίν
2610 4961 2761 5016 φησι,
2797 4946 2886 4998 καὶ
2909 4945 3229 5014 γενομένους
3253 4945 3432 5007 λίθους
3459 4946 3668 5012 ἁγίους,
3702 4946 3832 4999 κατά
3861 4943 3943 5010 τὴν

2399 5038 2668 5110 Ζαχαρίου
2699 5040 2900 5108 φωνήν·
2927 5036 3142 5101 δούλους
3167 5037 3223 5090 δὲ
3269 5038 3393 5099 τοὺς
3425 5037 3611 5105 ἁγίους
3639 5037 3948 5096 ἀποστόλους

2400 5132 2551 5202 φησὶ,
2580 5133 2646 5184 δι’
2676 5127 2749 5184 ὧν
2780 5131 3059 5202 ἐσώθησαν
3085 5136 3132 5184 οἱ
3154 5131 3539 5194 πιστεύσαντες
3584 5135 3666 5195 εἰς
3714 5131 3939 5202 Χριστόν.

2397 5223 2540 5276 Χοῦν
2567 5222 2622 5275 δὲ
2652 5224 2775 5285 τοὺς
2793 5222 2975 5286 λαοὺς,
3007 5224 3131 5286 τοὺς
3161 5223 3240 5276 ἔτι
3265 5223 3585 5294 χοῖκώτερον
3619 5223 3836 5287 ζῶντας.
3863 5219 3942 5273 καὶ

2397 5314 2476 5366 ἔτι
2509 5315 2603 5366 νῦν
2633 5313 3012 5377 ἀπιστοῦντας,
3044 5315 3138 5367 καὶ
3168 5315 3362 5378 αὐτοὺς
3389 5315 3444 5368 δὲ
3476 5315 3770 5385 οἰκτιρμῶν
3797 5330 3942 5383 φησιν

2398 5408 2580 5472 ἀξίους
2609 5402 2768 5459 εἶναι.
2802 5406 3057 5476 Τηρείται
3086 5406 3193 5478 γὰρ
3244 5410 3321 5470 εἰς
3351 5409 3448 5479 τὴν
3494 5407 3726 5478 ἐσχάτην
3752 5406 3940 5476 ἡμέραν

2397 5501 2456 5553 τὸ
2484 5501 2750 5569 λείψανον·
2787 5501 3120 5572 σωθήσονται
3167 5500 3274 5572 γὰρ
3307 5501 3401 5554 καὶ
3453 5501 3604 5553 αὐτοὶ
3660 5500 3746 5553 διὰ
3785 5496 3940 5550 Ἡλίου

2396 5592 2488 5644 τοῦ
2522 5594 2816 5664 προφήτου.
