4094 6312
162 327 271 388 429

1293 336 1654 396 EXPOSITIO
1689 341 1754 395 IN
1795 343 2126 402 PSALMUM
2165 347 2252 401 Cl.

3299 358 3399 411 630

235 445 343 497 Καὶ
375 446 816 514 ροῦηθρξσονται
856 450 927 504 τὰ
951 449 1093 517 ἔθνη
1136 451 1202 504 τὸ
1252 451 1437 521 ὄνομα
1487 457 1695 522 Κυρίοι.

1798 506 1805 517 ,
1907 460 1991 512 16.
2059 460 2124 513 Et
2182 462 2429 514 timebunt
2463 473 2634 532 gentes
2682 481 2866 520 nomen
2922 467 3152 521 Domini.
3202 471 3396 527 Merito

164 536 404 598 ῐῖἰκίττςις
433 540 632 607 μεταξὺ
663 540 753 592 τοῦ
785 543 1092 612 εὑδοκῆσαν
1123 543 1247 606 τοὺς
1276 544 1455 607 λίθους
1482 547 1574 598 τοῦ
1603 564 1731 617 προ-

159 628 321 696 τέρου
354 629 484 681 λαοῦ
520 631 625 681 τῶν
651 630 817 683 ἐθνῶν
849 634 1199 687 ὲπισυνάπτει
1233 636 1331 704 τὴν
1375 637 1586 706 κλῆσιν.
1622 641 1730 693 Καὶ

1837 549 1962 602 dum
1996 552 2209 620 placent
2261 552 2462 621 lapides
2493 556 2686 621 prioris
2712 558 2896 626 populi
2946 560 3224 630 subjungit
3263 577 3392 632 gen-

1836 640 1970 693 lium
2027 643 2382 697 vocationem.
2441 643 2506 696 Et
2559 663 2732 701 omnes
2783 667 2923 718 reges
2977 661 3126 705 terra:
3170 653 3395 722 gloriam

165 717 388 784 πάντες
418 723 472 773 οἱ
512 724 790 790 βασιλεῖς
815 724 921 792 τῆς
974 726 1084 794 γῆς
1126 728 1240 794 τὴν
1271 728 1456 792 δόξαν
1488 748 1622 784 σου.
1671 735 1695 782 ('

1835 741 2001 783 tuam.
2061 731 2232 801 Reges
2265 736 2497 800 positum
2530 752 2628 804 pro
2663 717 2850 807 regna.
2900 737 3015 793 Non
3072 717 3396 812 est'quippe

161 807 405 876 βασιλεῖς
461 813 579 864 ἀντὶ
609 813 723 877 τοῦ,
760 818 814 869 αἱ
862 817 1145 886 βασιλεῖαι.
1183 820 1254 870 Οὐ
1292 819 1398 892 γάρ
1431 823 1545 874 ἐστι
1581 822 1728 888 βασι-

159 895 276 947 λεία
307 898 429 950 οὐδὲ
459 899 664 973 ἔθνοςρ
694 904 766 974 μὴ
798 910 1089 975 προσκυνεῖ
1140 907 1234 977 τὴν
1281 909 1436 972 δόξαν
1466 911 1688 982 Κυρίου.

231 989 768 1073 Ὀτιιοίκοδομήσει
827 999 1035 1065 Κιῖιοιος
1084 999 1198 1066 τὴν
1253 1001 1422 1056 Σιών.
1476 1004 1726 1058 Τουτέστι

153 1080 252 1150 τὴν
288 1081 634 1152 Ἐκκλησίαν.

239 1175 605 1243 Ἑπέϐλεψεν
631 1177 726 1229 ἐπὶ
761 1178 873 1246 τὴν
897 1183 1242 1252 προσευχὴν
1272 1185 1388 1238 τῶν
1411 1188 1719 1243 ταπεινῶν.

157 1265 383 1334 Ἔλεγον
434 1267 541 1337 γὰρ
572 1270 619 1319 οἱ
652 1270 876 1335 ἑαυτοὺς
899 1276 1276 1341 ταπεινοῦντες
1305 1283 1725 1351 προσευχόμενοι

155 1357 449 1424 προφῆται.
488 1358 596 1410 Καὶ
630 1359 713 1422 σὺ,
767 1362 936 1434 Κύριε
975 1367 1002 1417 6
1037 1366 1166 1430 Θεὸς
1213 1369 1443 1442 Ἰσραὴλ,
1492 1375 1724 1445 πρόσχες

148 1445 243 1497 τοῦ
264 1449 664 1515 ἐπισκέψασθαι
703 1454 877 1508 πάντα
901 1457 966 1510 τὰ
992 1458 1138 1530 ἓθνη.

220 1540 517 1608 Γραρ-ήτω
542 1544 690 1612 αὕτη
733 1551 820 1613 εὶς
854 1551 1064 1617 γενεὰν
1110 1553 1338 1621 ἑτέραν.
1385 1556 1448 1608 Ἢ
1491 1557 1578 1612 διὰ
1630 1559 1721 1613 τοῦ

148 1627 362 1697 ψαλμοῦ
396 1637 694 1706 προσευχὴ,
725 1639 816 1690 καὶ⁷
849 1641 879 1710 ἡ
909 1642 1034 1710 περὶ
1082 1643 1187 1695 τῶν
1213 1644 1380 1697 ἐθνῶν
1426 1649 1722 1715 ἐπαγγελία

149 1727 623 1799 προφητευομένη,
661 1731 908 1803 καθάπερ
931 1736 986 1786 ἐν
1022 1735 1189 1806 στήλῃ
1231 1739 1539 1792 τυπωθεῖσα
1578 1741 1720 1794 δέδο-

1832 837 2056 891 regnum
2100 840 2273 894 neque
2303 842 2433 894 gens
2461 843 2581 896 quze
2627 846 2731 882 non
2780 831 2966 885 adoret
3001 832 3226 902 gloriam
3282 836 3389 890 Do-

1833 917 1986 968 mini.

1909 1008 1998 1060 17.
2059 1009 2194 1073 Quia
2242 1012 2522 1079 wdiﬁcabit
2565 1013 2821 1068 Dominus
2852 1015 3000 1070 Sion.
3051 1016 3107 1071 Id
3143 1028 3248 1084 est,
3291 1019 3393 1074 Ec-

1833 1098 2074 1153 clesiam.

1902 1191 1988 1246 18.
2061 1192 2298 1262 Respexit
2339 1197 2394 1248 in
2438 1199 2728 1251 orationem
2781 1199 3081 1255 Immitiuns.
3129 1201 3391 1258 Dicebant

1827 1285 2024 1352 quippe
2061 1275 2335 1354 propheta:
2363 1287 2488 1340 dum
2514 1291 2718 1343 orando
2759 1306 2878 1346 sese
2908 1292 3282 1348 liumiliarent.
3318 1294 3388 1347 Et

1825 1383 1902 1438 tu,
1937 1373 2156 1428 Domine
2187 1375 2322 1429 Deus
2356 1376 2548 1442 Israel,
2587 1381 2813 1448 intende,
2861 1383 2930 1435 ad
2955 1386 3248 1439 visitandas
3276 1403 3389 1438 om-

1826 1480 1914 1519 nes
1939 1479 2112 1535 gentes
2140 1467 2207 1521 ⁸⁵.

1896 1559 1983 1613 19.
2043 1558 2317 1613 Scribatur
2359 1562 2468 1616 haec
2513 1564 2567 1615 in
2599 1566 2929 1633 generatione
2957 1567 3147 1620 altera.
3197 1566 3384 1622 Oratio

1825 1650 2034 1704 scilicet
2057 1668 2178 1720 qua:
2203 1653 2255 1705 in
2282 1654 2492 1722 psalmo
2520 1655 2830 1722 effunditur,
2861 1671 2912 1713 et
2937 1660 3224 1724 promissio
3256 1676 3386 1729 gen-

1823 1742 1968 1796 tibus
1999 1745 2311 1812 pr0phetice
2360 1746 2524 1814 facta,
2583 1750 2740 1817 quasi
2779 1751 2831 1804 in
2889 1753 3048 1821 cippo
3110 1753 3384 1822 insculpta

147 1828 236 1864 ται
297 1820 415 1879 τοῖς
483 1819 774 1886 Ἰουδαίοις,
838 1827 916 1887 εἰς
973 1825 1032 1878 τὺ
1083 1827 1437 1895 φυλάττεσθαι
1482 1833 1560 1903 τῷ
1611 1837 1695 1907 νέιε

1999 1799 2015 1811 .
2100 1799 2116 1812 .
2264 1799 2299 1800 η
2590 1799 2831 1817 τη-
2894 1799 3044 1821 -τιμσ
3110 1799 3384 1822 ηψπ-τη

1822 1836 2016 1890 tradita
2050 1845 2133 1890 est
2175 1837 2396 1902 Judazis,
2457 1849 2516 1892 ut
2557 1853 2864 1897 servaretur
2899 1845 3041 1898 noi'o
3082 1846 3268 1901 lsraeli
3329 1856 3385 1902 et

158 1904 372 1974 Ἰσραὴλ
399 1909 495 1961 καὶ
520 1913 583 1980 τῇ
615 1913 754 1965 κατὰ
773 1914 1004 1985 Χριστὸν
1023 1921 1202 1990 γενεᾷ.
1234 1922 1341 1975 Καὶ
1371 1925 1519 1991 λαὸς
1539 1929 1572 1979 ὀ
1603 1904 1717 1982 κτιν-

143 1994 385 2065 (ﬁgurae
418 2000 643 2055 αἰνέσει
672 2004 776 2058 τὸν
799 2010 1032 2075 Κύριον.

239 2091 338 2143 Οτι
368 2083 668 2162 ἐξέκυψεν
701 2098 770 2162 ἐξ
805 2099 1000 2168 ὕψους
1024 2104 1194 2172 ἁγίου
1225 2108 1427 2162 αὐτοῦ.
1477 2109 1585 2181 Τὴν
1631 2115 1714 2165 αἰ-

141 2176 261 2232 τίαν
284 2182 417 2251 ἡμῖν
447 2184 544 2255 τῆς
569 2186 812 2258 κλήσεως
832 2192 938 2245 τῶν
965 2193 1129 2248 ἐθνῶν
1152 2199 1528 2266 παρατίθεται.
1543 2176 1709 2276 Ἀὕτη

140 2273 195 2327 δέ
226 2278 372 2331 ἔστιν
407 2281 442 2350 ἡ
494 2281 784 2350 ἐπιφάνεια
814 2287 908 2338 τοῦ
942 2288 1191 2361 Σωτῆρος
1246 2293 1404 2364 ἡμῶν
1451 2273 1708 2368 Χριστοῦι

137 2366 202 2434 ἦν
224 2369 449 2438 ἐποίησε
478 2372 662 2436 κλίνας
683 2375 960 2445 οὐρανούς.

210 2459 321 2512 Τοῦ
349 2461 608 2516 ἀκοῦσαι
631 2465 736 2518 τὸν
759 2470 1094 2539 στεναγμὸν
1116 2470 1234 2525 τῶν
1262 2477 1704 2548 πεπεδημένων.

135 2548 242 2642 fiat
280 2551 421 2616 τίνες
445 2557 496 2606 οἱ
526 2558 920 2629 πεπεδημένοι,
978 2562 1010 2633 ἢ
1049 2563 1142 2626 οὒς
1180 2570 1383 2637 σειραῖς
1437 2572 1709 2642 ἁμαρτίας

135 2637 388 2711 ἔσφιγξεν
414 2648 442 2699 ὁ
467 2649 753 2715 μισόκαλος
774 2653 1012 2723 δαίμων;
1048 2655 1155 2709 Τοῦ
1178 2657 1363 2712 λῦσαι
1383 2637 1522 2727 τοῦς
1540 2637 1708 2730 υἱοὺς

137 2731 249 2826 τ’ξῖη·
276 2739 784 2807 τεθαηιτωμένων.
846 2744 908 2796 Oi
932 2746 1053 2798 ,υἱοὶ
1099 2747 1206 2801 τῶν
1255 2751 1706 2826 τεθανατωμὲνων

133 2817 241 2876 εἷεν
263 2824 330 2878 ἂν
362 2829 410 2879 οὶ
445 2829 504 2892 ἐξ
526 2829 714 2894 ἐθνῶν,
750 2832 926 2904 καθὴν
959 2835 1227 2891 ἀπέθανον
1258 2844 1306 2892 οἱ
1349 2817 1580 2916 πατέρες
1608 2850 1704 2901 αὑ-

131 2914 235 2966 τῶν
263 2919 382 2979 ταῖς
415 2917 574 2980 ἰδίαις
607 2921 902 2992 ἁμαρτίαις
935 2925 1440 3000 εἰδωλολατροῦντες
1461 2914 1560 2989 ἔτι.

203 3013 315 3068 Τοῦ
341 3015 685 3085 ἀναγγεῖλαι
735 3020 806 3073 ἐν
837 3020 989 3075 Σιὼν
1015 3023 1081 3076 τὸ
1125 3024 1308 3094 ὄνομα
1350 3031 1552 3086 αὐτοῦ,
1596 3035 1704 3087 Καὶ

1815 1926 2133 1982 Christianae
2181 1931 2538 1998 generationi.
2578 1931 2647 1986 Et
2699 1935 2921 2004 populus
2970 1939 3059 2006 qui
3118 1939 3384 1993 creabitur

1815 2017 2058 2070 laudabit
2082 2017 2384 2071 Dominum.

1883 2109 1973 2164 20.
2050 2110 2190 2175 Quia
2218 2113 2486 2180 prospexit
2527 2115 2591 2166 de
2631 2116 2832 2169 excelso
2874 2129 3056 2172 sancto
3087 2136 3202 2173 suo.
3237 2121 3380 2176 Cau-

1813 2213 1928 2252 sam
1957 2199 2112 2252 nobis
2142 2201 2683 2268 apponitvocationis
2715 2208 2977 2274 gentium.
3020 2208 3144 2264 Haec
3169 2220 3252 2265 est
3279 2229 3378 2266 au-

1811 2299 1918 2343 tem
1945 2290 2205 2344 adventus
2234 2289 2528 2345 Salvatoris
2563 2297 2735 2349 nostri
2771 2297 2994 2362 Christi,
3048 2303 3264 2369 quando
3293 2303 3376 2356 in-

1812 2382 2032 2437 clinavit
2061 2384 2248 2440 caelos.

1880 2475 1969 2528 21.
2031 2475 2097 2530 Ut
2145 2479 2349 2532 audiret
2391 2480 2641 2549 gemitum
2687 2482 3117 2548 compeditorum.
3171 2482 3373 2552 Ecqui-

1809 2581 1932 2620 nam
1986 2570 2296 2637 compediti,
2330 2572 2434 2626 nisi
2468 2589 2606 2641 quos
2634 2575 2840 2628 catenis
2870 2576 3074 2643 peccati
3103 2577 3375 2630 constrin-

1807 2657 1883 2726 git
1926 2658 2189 2712 bonorum
2228 2675 2354 2714 osor
2397 2663 2640 2717 daamon?
2682 2663 2746 2716 Ut
2793 2665 3006 2718 solveret
3038 2665 3177 2732 ﬁlios
3211 2668 3372 2720 inter.

1806 2761 2118 2818 emptorum.
2169 2753 2290 2806 Filii
2355 2755 2800 2823 interemptorum
2855 2755 3056 2810 fuerint
3102 2760 3368 2826 gentiles.

1807 2851 2038 2911 quorum
2104 2856 2282 2914 patres
2349 2847 2403 2900 in
2465 2848 2696 2918 propriis
2758 2848 2996 2918 peccatis
3073 2849 3370 2904 idololatraa

1806 2937 2073 2991 obierunt.

1872 3026 1962 3079 22.
2029 3027 2098 3081 Ut
2125 3031 2433 3082 annuntient
2466 3031 2522 3083 in
2551 3029 2679 3085 Sion
2730 3048 2913 3084 nomen
2958 3032 3090 3100 ejus.
3132 3030 3198 3086 Et
3238 3033 3366 3088 illud

130 3103 283 3157 τοῦτό
312 3123 445 3178 φησι
473 3109 573 3178 τῆς
598 3109 820 3165 καθόδου
853 3112 1206 3180 αἷτιον,ὃπως
1233 3121 1265 3189 ἡ
1308 3120 1596 3192 Ἐκκλησία
1616 3129 1695 3180 ἀνι

1815 3136 2030 3190 quoque
2061 3122 2136 3175 ait
2178 3131 2261 3176 est
2292 3123 2587 3178 descensus
2637 3139 2824 3186 causa,
2877 3133 2936 3176 ut
2965 3122 3204 3179 Ecclesia
3251 3126 3369 3179 edi-

130 3200 313 3291 υμνεῖν
342 3198 564 3268 μάθοιεν
594 3201 655 3254 τδ
697 3201 868 3276 ὄνομα
921 3207 1105 3260 αὐτοῦ.
1155 3209 1300 3281 Αὕτη
1342 3214 1448 3284 γάρ
1476 3218 1621 3271 ἐστιν
1669 3222 1695 3291 ἡ

1806 3221 1977 3268 sceret
2007 3211 2221 3282 hymnis
2265 3213 2539 3267 celebrare
2584 3228 2784 3268 nomen
2817 3214 2957 3283 ejus.
3002 3213 3121 3284 Ipsa
3167 3217 3367 3286 quippe

130 3283 284 3340 Σιών.
1420 3283 1427 3284 ί
1690 3283 1695 3291 1

1803 3313 1886 3359 est
1926 3304 2076 3358 Sion.

209 3379 312 3441 Ἐν
337 3380 418 3446 τῷ
444 3382 921 3455 ἐπισυναχθῆναι
946 3391 1135 3458 λαοὺς
1161 3392 1259 3446 ἐστὶ
1286 3393 1350 3447 τὸ
1375 3399 1540 3452 αὐτό.
1583 3401 1695 3456 Τῶν

1871 3397 1960 3452 25.
2027 3397 2476 3452 1η“εοηινειιίεηόο
2516 3400 2735 3468 poputas
2779 3401 2832 3453 in
2858 3417 3036 3454 unum.
3068 3399 3205 3455 Cum
3236 3417 3366 3471 pro-

129 3472 294 3526 ὲθνῶν
342 3477 650 3546 ἑωρακότες
705 3480 792 3533 διὰ
838 3482 932 3534 τοῦ
984 3483 1290 3555 πνεύματος
1335 3489 1432 3558 τὴν
1483 3494 1575 3544 ἐπὶ
1608 3495 1695 3547 τὸν

1799 3488 1974 3556 pheta:
2003 3504 2098 3557 per
2124 3491 2372 3556 spiritum
2429 3489 2675 3542 viderent
2715 3491 3193 3560 congregationem
3225 3508 3359 3562 gen-

126 3561 325 3633 Κύριον
358 3568 679 3638 συναγωγὴν
726 3571 774 3622 ot
821 3571 1114 3642 προφῆται,
1179 3577 1555 3646 παρεκάλεσαν
1607 3583 1695 3634 καὶ

1798 3580 1934 3634 tium
1981 3579 2048 3633 ad
2077 3579 2376 3638 Christum.
2431 3589 2693 3649 rogarunt
2726 3589 2783 3633 ut
2811 3589 2864 3634 et
2895 3581 3005 3654 ipsi
3061 3582 3167 3637 hoc
3213 3561 3361 3638 felici

127 3655 273 3710 αὐτοὶ
297 3659 702 3732 καταξιωθῆναι
725 3661 927 3734 ταύτης
967 3664 1066 3733 τῆς
1123 3666 1394 3738 μακαρίας
1439 3669 1565 3734 θέας
1601 3674 1694 3725 καὶ

1798 3668 2106 3738 spectaculo
2153 3667 2487 3732 fruerentur,
2541 3677 2594 3723 et
2643 3685 2824 3723 rerum
2881 3670 3049 3725 exitu.

126 3745 218 3816 τῆς
240 3749 354 3803 τῶν
381 3754 721 3823 πραγμάτων
751 3753 1044 3819 ἐκϐάσεως.

201 3841 516 3908 Ἀπεκρίθη
563 3840 722 3906 αὐτῷ
782 3845 852 3898 ἐν
917 3844 1034 3911 όδῷ
1097 3849 1309 3916 ἰσχύος
1357 3851 1562 3905 αὐτοῦ.
1633 3855 1691 3908 '0

1861 3849 1952 3903 ει.
2001 3849 2283 3918 Respondit
2321 3851 2368 3902 ei
2395 3851 2451 3903 in
2481 3851 2564 3903 via
2603 3853 2808 3906 virtutis
2843 3869 2972 3906 sua.
3003 3851 3356 3922 Propheticus

125 3933 459 4003 προφητικδς
486 3934 642 4004 χορὸς
677 3935 776 4005 μέν
824 3941 968 3991 ἐστιν
1023 3940 1051 3991 6
1097 3942 1542 4012 ἀποκρινόμενος,
1573 3945 1688 4014 ἦτοι

1798 3943 1990 3996 chorus
2019 3949 2101 3994 est
2124 3943 2214 4010 qui
2245 3941 2551 4011 respondet,
2594 3943 2734 3996 idem
2771 3943 2884 4012 ipse
2925 3945 3018 4012 qui
3062 3945 3356 4014 interrogat

125 4023 338 4093 ἐρωτῶν
378 4025 470 4079 τὸν
504 4026 654 4081 Θεόν.
703 4027 848 4082 Ὀδὸν
913 4031 1092 4100 ἰσχύος
1137 4031 1301 4085 αὑτοῦ
1331 4032 1428 4103 τὴν
1463 4035 1553 4087 ἐπὶ
1584 4036 1688 4105 γῆς

1798 4035 1979 4090 Deum.
2013 4034 2166 4090 Viam
2202 4035 2417 4089 virtutis
2467 4050 2601 4100 suze,
2661 4051 2817 4089 suum
2870 4036 2923 4089 in
2972 4045 3113 4089 terra
3147 4037 3350 4090 adven-

125 4118 423 4186 παρουσίαν
456 4118 638 4188 φησίν.
679 4115 847 4174 *Ηλθε
885 4121 992 4192 γὰρ
1018 4124 1105 4177 ἵνα
1146 4125 1283 4198 δήσῃ
1325 4129 1414 4180 τὸν
1447 4129 1681 4200 ἰσχυρόν.

127 4206 236 4292 Τῂν
261 4209 584 4279 ὀλιγότητα
619 4211 738 4265 τῶν
767 4212 1001 4282 ἡμερῶν
1021 4234 1140 4284 μου
1170 4218 1524 4290 άνὰγγειλόν
1560 4240 1680 4292 μοι.

123 4290 234 4359 Οἷός
263 4299 406 4362 ἐστι,
461 4300 643 4369 φησὶν,
677 4301 706 4353 6
756 4303 1017 4375 ἡμέτερος
1060 4304 1170 4373 βίος
1221 4310 1537 4378 ἁνάγγειλόν
1563 4290 1677 4381 μοι.

123 4386 320 4458 Ηῦχετο
378 4389 488 4458 γὰρ
523 4392 649 4446 ἰδεῖν
686 4397 733 4447 εἰ
767 4395 956 4464 φθάσει
1002 4399 1081 4460 εἰς
1106 4398 1316 4461 ὲκείνας
1341 4401 1438 4463 τὰς
1470 4403 1680 4474 ἡμέρας

1788 4136 1901 4181 tum
1949 4136 2123 4180 vocat.
2174 4125 2335 4180 Venit
2371 4125 2570 4195 quippe
2607 4133 2666 4178 ut
2697 4125 2887 4195 ligaret
2943 4123 3160 4180 fortem.
3199 4123 3348 4180 Pau-

1784 4223 1996 4274 citatem
2048 4221 2254 4272 dierum
2302 4235 2532 4272 meorum
2569 4220 2756 4272 nuntia
2795 4220 2942 4274 mihi.
2981 4218 3189 4300 ‘Qualis
3241 4219 3346 4283 sit,

1784 4313 1978 4384 inquit,
2013 4313 2123 4365 vita
2161 4321 2344 4365 nostra
2388 4313 2650 4363 annuntia
2690 4310 2843 4364 milii.
2885 4311 3217 4365 Precabatur
3247 4327 3347 4366 au-

1781 4415 1888 4460 tem
1917 4415 1976 4460 ut
2017 4403 2344 4458 indicaretur
2392 4401 2516 4464 sibi,
2563 4416 2691 4454 num
2722 4401 2786 4454 ad
2837 4415 2930 4455 eas
2968 4402 3084 4456 dies
3115 4417 3347 4470 perven-

121 4481 148 4548 ἠ
196 4479 306 4551 ζωὴ
338 4481 529 4545 αὑτοῦ,
578 4484 698 4538 καθ’
725 4485 790 4548 ἃς
846 4486 1067 4556 ἔμελλεν
1121 4489 1543 4563 ὲνανθρωπήσας
1588 4495 1680 4548 ἐπὶ

1798 4513 1900 4551 .ura
1933 4496 2042 4549 vita
2072 4495 2191 4562 ejus
2218 4503 2382 4555 esset,
2427 4493 2623 4562 quibus
2673 4489 2914 4545 futurum
2961 4500 3077 4545 erat
3108 4501 3165 4546 ut
3211 4490 3348 4547 Uni-

120 4570 210 4642 γῆς
237 4572 526 4643 φαίνεσθαι
560 4577 589 4628 6
633 4578 959 4650 Μονογενής.

175 4665 270 4733 Μὴ
301 4667 615 4736 ἀναγάγῃς
644 4687 720 4737 με
739 4671 808 4723 ἐν
830 4672 1032 4740 ἡμίσει
1057 4673 1292 4743 ἡμερῶν
1309 4693 1445 4743 μου.
1471 4677 1677 4746 Ἦμισυ

119 4755 212 4808 τῶν
237 4759 468 4829 ἡμερῶν
498 4761 660 4814 αὑτοῦ
692 4763 808 4830 ἦτοι
857 4763 954 4833 τῆς
991 4765 1130 4835 ζωῆς
1191 4767 1248 4800 -λ
1275 4767 1411 4830 τέως
1444 4770 1502 4820 ὲν
1541 4769 1675 4821 θεω-

123 4849 200 4918 ρίᾳ
225 4850 484 4917 γενέσθαι
541 4853 638 4924 τῆς
691 4855 1008 4923 ἐπιφανείας
1067 4859 1249 4928 φησίν.
1323 4860 1530 4930 Ηῧχετι,
1583 4855 1675 4914 οὖν

118 4941 460 5013 πληρωθῆναι
485 4944 647 4997 αὐτοῦ
677 4945 767 4998 τὸν
804 4947 920 5000 ὅλον
955 4948 1166 5018 χρόνον
1201 4950 1294 5003 καὶ
1354 4953 1401 5004 εί
1453 4948 1562 5005 οἷόν
1614 4969 1672 5004 τε

118 5033 518 5103 παρεκταθῆναι
546 5035 640 5105 τὴν
673 5036 816 5108 ζωὴν
849 5038 1034 5103 αὑτοῦ,
1060 5040 1206 5104 ὅπως
1252 5041 1317 5094 ἂν
1367 5045 1461 5095 καὶ
1507 5043 1674 5112 αὐτῆς

99 5126 200 5194 ’τῆς
226 5129 332 5181 τῶν
364 5129 707 5197 πραγμάτων
728 5129 1000 5192 ἐκϐάσεως
1028 5132 1348 5204 καταξιωθῇ.
1385 5134 1540 5191 Οὕτω
1565 5134 1670 5207 γὰρ

119 5219 171 5269 ἂν
202 5221 426 5292 ἔμελλεν
454 5223 490 5292 ἡ
525 5223 671 5274 πᾶσα
707 5223 868 5278 αὐτοῦ
922 5223 1032 5295 ζωὴ
1064 5225 1419 5297 πληροῦσθαι.
1465 5228 1559 5281 Ἐν
1581 5246 1672 5297 γε-

117 5310 210 5380 νεᾷ
232 5316 458 5383 γενεῶν
477 5314 550 5368 τὰ
575 5313 678 5380 ἐτη
707 5331 843 5369 σου.
879 5318 1043 5380 Γνοὺς
1074 5319 1102 5370 6
1139 5319 1469 5391 προφητικδς
1512 5321 1669 5392 χορὸς

118 5403 190 5456 διὰ
217 5405 307 5458 τοῦ
357 5405 692 5474 πνεύματος,
743 5406 817 5469 ὼς
840 5408 938 5460 οὐκ
976 5408 1040 5462 ἂν
1089 5407 1283 5476 φθάσοι
1332 5411 1410 5470 είς
1463 5411 1522 5462 τὸ
1561 5410 1667 5462 τῶν

119 5496 443 5566 πραγμάτων
463 5497 657 5566 πέρας,
684 5498 864 5567 φησίνν
907 5499 1046 5566 Ἐγὼ
1069 5498 1124 5552 δὲ
1149 5500 1550 5571 κοιμηθήσομαι
1572 5501 1666 5555 an

119 5586 289 5656 θνητὸς
313 5588 412 5643 ὢν·
448 5587 515 5640 σὺ
561 5589 617 5641 δὲ
647 5592 821 5661 μόνος,
847 5584 890 5642 ὢ
918 5591 1179 5656 Δέσποτα,
1226 5594 1318 5646 καὶ
1349 5593 1428 5655 είς
1456 5594 1667 5656 ὲκείνας

187 5743 226 5774 ⁸⁸
277 5742 422 5800 Psal.
475 5762 595 5803 ut.
629 5748 681 5802 8.

1781 4589 1993 4660 genitus
2028 4587 2191 4641 homo
2225 4585 2399 4644 factus
2433 4591 2713 4653 appareret
2748 4583 2800 4666 in
2830 4592 2989 4636 terra.

1848 4679 1938 4733 25.
1993 4676 2075 4731 Ne
2127 4693 2328 4731 revoces
2374 4692 2452 4728 me
2503 4675 2793 4728 indimidio
2840 4673 3044 4727 dierum
3087 4691 3341 4730 meorum.

1779 4769 2071 4824 Dimidium
2116 4769 2325 4823 dierum
2354 4768 2472 4836 ejus
2515 4768 2627 4822 sive
2673 4765 2796 4820 vita:
2827 4765 2967 4834 ejus,
3000 4778 3159 4820 vocat
3209 4767 3341 4820 illud

1778 4861 1919 4931 quod
1979 4861 2343 4915 intercedebat
2387 4868 2598 4929 tempus
2642 4858 2816 4912 donec
2859 4857 3147 4911 adventum
3192 4856 3342 4912 vide-

1778 4962 1916 5007 rent.
1980 4953 2156 5020 Rogat
2201 4952 2380 5020 {igitur
2438 4963 2494 5003 ut
2569 4949 2856 5018 impleatur
2912 4957 3081 5002 totum
3126 4949 3340 5018 tempus

1776 5059 1934 5097 suum
1969 5061 1982 5096 :
2013 5051 2067 5095 et
2117 5043 2162 5095 si
2208 5042 2320 5094 ﬁeri
2366 5041 2558 5111 possit,
2591 5041 2920 5111 producatur
2967 5041 3077 5095 vita
3125 5057 3244 5106 sua,
3282 5052 3341 5094 ut

1775 5135 1950 5203 ipsum
1983 5149 2159 5186 rerum
2206 5133 2414 5186 exitum
2453 5133 2634 5186 videre
2694 5133 2888 5201 dignus
2940 5133 3221 5186 habeatur.
3257 5131 3338 5186 lta

1773 5226 1916 5278 enim
1971 5223 2214 5277 futurum
2264 5233 2381 5278 erat
2422 5232 2483 5276 ut
2513 5223 2827 5292 impleretur
2872 5232 2978 5276 tota
3035 5224 3143 5276 vita
3196 5224 3334 5294 ejus.

1772 5316 1836 5370 In
1869 5319 2252 5386 generationem
2285 5327 2333 5370 et
2383 5319 2768 5387 generationem
2817 5317 2942 5370 anni
2980 5319 3077 5371 tui.
3121 5316 3336 5372 Gnarus

1771 5411 2116 5480 preplieticus
2142 5411 2342 5465 chorus
2366 5426 2460 5480 per
2491 5411 2760 5480 spiritum,
2805 5424 2911 5464 non
2949 5419 3331 5479 perventurum

1771 5517 1830 5556 se
1872 5502 1936 5556 ad
1986 5503 2245 5559 harumce
2292 5519 2471 5558 rerum
2517 5504 2700 5569 finem,
2741 5504 2859 5556 ait:
2915 5501 3028 5572 Ego
3077 5516 3205 5556 vero
3234 5504 3334 5557 ob-

1768 5594 2032 5651 dormiam
2070 5606 2255 5666 utpote
2300 5597 2576 5664 mortalis;
2609 5607 2668 5652 tu
2711 5605 2890 5650 autem
2919 5597 3090 5661 solus,
3144 5610 3178 5650 ο
3220 5594 3330 5650 Do-
