4094 6312
720 349 816 401 Hyl

1555 343 1609 397 S.
1657 343 2031 398 ATHANASH
2073 341 2224 397 OPP.
2271 341 2457 398 PARS
2498 343 2578 396 Ill.
2622 373 2690 425 -_-—
2731 342 3137 399 EXEGETICA.

3842 349 3938 404 432

720 467 881 526 nilne,
920 477 1088 532 usque
1123 462 1188 516 ad
1241 463 1359 517 illas
1401 463 1774 532 generationes
1819 477 2140 530 permanes,
2191 471 2272 515 ut-
2306 513 2311 524 η

2391 463 2564 532 μένεις
2595 461 2691 524 τὰς
2720 462 2930 529 γενεὰς,
2969 463 3061 515 ἁτε
3095 462 3158 532 δὴ
3192 462 3283 514 καί
3321 463 3384 515 σὺ
3417 462 3572 524 αὐτὸς
3609 462 3685 526 ὡς
3721 463 3871 534 Θεὸς,
3912 465 3939 519 ὁ

719 567 839 627 pote
871 555 1010 609 Deus
1039 554 1129 625 qui
1162 555 1330 610 caelos
1357 555 1423 608 ab
1455 556 1609 608 initio
1639 554 1834 608 fecisti.

786 646 875 708 ‘26,
930 645 1016 698 27.
1089 642 1201 714 Lpsi
1229 644 1488 713 peribunt,
1542 655 1597 696 tu
1642 656 1832 696 autem
1861 659 2152 712 permancs.
2199 643 2276 698 Tu

718 739 888 800 solus,
918 736 1114 805 inquit,
1154 751 1187 789 ο
1228 734 1470 800 Domine,
1512 735 1862 788 teternitatcm
1910 743 2094 803 utpote
2140 734 2279 788 Deus

719 831 922 883 habes:
969 830 1091 884 οωιὶ
1126 844 1254 882 vero
1305 829 1406 882 etsi
1455 843 1707 897 magunum
1757 837 1811 881 et
1858 810 2118 880 eximium
2173 828 2280 880 sint

716 921 1009 986 npiticium,
1053 928 1287 972 attamen
1326 927 1379 970 et
1409 918 1508 987 ipsi
1541 917 2277 986 corruptioni‘subjicientur.

717 1009 1006 1077 tlorruptio
1035 1020 1214 1062 autem
1264 1008 1380 1062 haec
1429 1009 1531 1061 erit
1580 1009 1686 1061 illis
1721 1009 1772 1060 in
1825 1009 2275 1061 renovationem:

719 1101 1000 1155 volvcntur
1037 1103 1183 1156 enim
1231 1102 1283 1154 in
1328 1102 1603 1155 meliorem
1662 1099 1893 1154 formam
1932 1101 2275 1155 commutati.

785 1192 855 1247 28
876 1235 891 1258 ,
941 1192 1028 1247 29.
1094 1191 1224 1246 Filii
1253 1209 1516 1246 servorum
1542 1202 1745 1245 tuorum
1777 1192 2108 1245 habitabant.
2144 1191 2277 1245 Nam

717 1300 836 1340 cum
869 1285 990 1339 cceli
1028 1286 1215 1338 mutati
1259 1284 1479 1349 fuerint,
1515 1295 1564 1338 et
1614 1294 1870 1337 renovata
1926 1284 2091 1339 fuerit
2137 1300 2280 1339 crea-

716 1386 859 1442 tura,
893 1387 1021 1430 tunc
1048 1376 1099 1430 in
1128 1377 1348 1430 mternis
1401 1377 1766 1430 tabernaculis
1803 1377 2088 1430 constituti
2119 1385 2281 1430 erunt

715 1467 810 1521 filii
838 1483 1114 1521 servorum
1159 1478 1397 1532 tuorum;
1436 1467 1472 1520 ii
1515 1479 1691 1520 autem
1727 1477 1854 1520 sunt
1892 1467 1985 1536 qui
2028 1482 2124 1536 per
2155 1483 2280 1521 san-

713 1570 833 1613 ctos
858 1560 1132 1627 apostolos
1160 1558 1528 1623 crediderunt,
1559 1567 1604 1611 et
1638 1575 1809 1612 semen
1851 1574 2032 1612 eorum
2082 1559 2137 1610 in
2189 1575 2281 1611 sa:-

714 1651 888 1704 culum
913 1650 1187 1719 dirigetur.
1219 1647 1414 1702 Semen
1454 1658 1765 1702 sanctorum
1798 1650 2167 1718 apostolorum
2199 1658 2282 1702 est

713 1739 1020 1809 evangelica
1049 1748 1103 1794 et
1152 1739 1404 1794 salutaris
1450 1738 1782 1807 praedicatio,
1828 1754 1948 1809 qua:
1997 1748 2182 1792 manet
2224 1738 2278 1791 in

717 1833 991 1888 saeculum.

1036 2030 1367 2089 PSALMUS
1416 2032 1514 2098 ipsi
1577 2030 1767 2082 David.
1833 2027 1963 2082 CII.

1309 2125 1338 2176 4
1353 2134 1700 2194 rgumentum.

717 2219 900 2275 Novus
962 2219 1192 2289 populus
1241 2232 1306 2271 ex
1355 2217 1606 2287 gentibus
1650 2224 1892 2278 coactus,
1945 2215 2170 2269 docetur
2228 2214 2282 2268 in

805 2314 909 2366 hoc
943 2312 1152 2382 psalmo
1208 2311 1372 2364 Deum
1424 2309 1638 2377 hymnis
1691 2310 1989 2373 celebrare,
2029 2308 2122 2377 qui
2169 2301 2286 2360 rna-

801 2421 904 2476 gna
936 2404 1038 2474 ipsi
1063 2403 1324 2459 beneficia
1365 2403 1609 2458 contulit.
1645 2401 1784 2456 Sunt
1825 2409 2006 2454 autem
2045 2414 2130 2463 ca,
2162 2413 2286 2468 pec-

790 2498 894 2550 rati
922 2495 1218 2551 destructio
1249 2504 1302 2550 et
1329 2493 1747 2550 resurrectionis
1779 2492 1974 2561 gloria.

792 2592 843 2644 l.
892 2589 1149 2654 Benedic,
1194 2589 1373 2640 anima
1417 2604 1567 2654 mea,
1612 2585 1859 2643 Domino.
1897 2585 2015 2656 Ipse
2055 2601 2173 2641 sese
2219 2584 2284 2639 ad

723 2685 986 2754 hymnum
1028 2681 1246 2744 excitat,
1307 2679 1571 2749 optimum
1630 2679 1734 2733 sibi
1777 2679 1842 2733 ad
1921 2679 2151 2733 salutem
2196 2691 2285 2731 re-

722 2775 958 2830 medium
990 2787 1466 2844 esse-proponens,
1507 2771 1827 2826 benedicere
1865 2769 2056 2824 Deum.
2094 2767 2171 2822 Ex
2221 2781 2286 2822 eo

721 2879 899 2924 autem
927 2866 1072 2938 quod
1117 2865 1259 2920 Deus
1305 2866 1660 2920 miseraturus
1700 2862 1958 2933 populum
2005 2869 2170 2923 esset,
2221 2858 2287 2913 de

725 2961 928 3027 iustitia
976 2973 1072 3012 sua
1132 2958 1185 3010 in
1225 2956 1523 3025 judicando
1567 2955 1852 3018 laudatur;
1901 2963 2086 3023 utpote
2129 2951 2286 3022 quia

723 3047 1076 3117 corruptione
1105 3045 1294 3100 liberet
1326 3054 1379 3099 et
1410 3059 1634 3116 regnum
1664 3045 1926 3098 caelorum
1961 3044 2085 3107 det;
2120 3041 2193 3095 ita
2229 3049 2287 3094 ut

725 3155 960 3209 praasens
1017 3138 1248 3208 hymnus
1302 3137 1557 3191 omnibus
1615 3135 1919 3190 conveniat.
1973 3133 2042 3187 Et
2110 3132 2287 3186 omnia

722 3245 840 3300 quae
873 3231 1014 3282 intra
1055 3244 1134 3282 me
1165 3237 1287 3282 sunt
1313 3227 1511 3281 nomini
1540 3235 1723 3280 sancto
1759 3227 1898 3294 ejus.
1941 3223 2046 3278 Per
2069 3239 2132 3277 ea
2171 3237 2292 3293 qua:

726 3326 864 3378 intra
911 3330 1053 3380 sunt.
1089 3317 1358 3390 significat
1421 3318 1586 3371 Deum
1628 3334 1692 3371 ex
1720 3328 1832 3371 toto
1867 3317 2050 3381 corde,
2081 3331 2148 3371 ex
2183 3324 2290 3369 tota

729 3416 944 3475 virtute,
976 3422 1028 3466 et
1059 3427 1122 3465 ex
1160 3417 1270 3464 tota
1309 3417 1490 3463 mente
1519 3408 1880 3462 invocandum
1903 3421 2043 3461 esse.

818 3503 874 3556 2.
943 3501 1204 3565 Benedic,
1259 3501 1436 3552 anima
1484 3515 1632 3562 mea,
1692 3498 1934 3550 Domino.
1979 3490 2295 3550 Perseverat

729 3610 847 3649 sese
869 3594 1210 3648 exhortando
1240 3591 1305 3647 ad
1336 3591 1638 3646 canendum
1658 3590 1910 3660 hymnos,
1929 3588 2096 3658 probe
2114 3588 2294 3642 sciens

729 3689 777 3741 id
831 3702 952 3742 esse
983 3685 1141 3740 ofﬁcii
1186 3685 1270 3741 sui
1318 3699 1417 3754 pro
1459 3682 1672 3752 magnis
1705 3681 1941 3750 acceptis
1993 3679 2290 3735 beneficiis.

727 3781 858 3834 Nam
891 3779 982 3849 qui
1012 3777 1321 3830 divinorum
1365 3774 1747 3828 beneficiorum
1792 3772 2129 3833 recordatur,
2158 3787 2291 3824 nun-

727 3886 890 3942 quam
948 3869 1108 3923 ﬁnem
1174 3866 1335 3922 faciet
1381 3866 1544 3937 hujus
1589 3866 1774 3937 hymni
1827 3864 2171 3921 concinendi.
2225 3863 2293 3916 Et

728 3965 835 4019 noli
858 3962 1091 4017 oblirisci
1123 3978 1296 4016 omnes
1345 3961 1713 4014 retributiones
1751 3959 1884 4026 ejus.
1941 3958 2048 4012 Pro
2085 3957 2294 4027 magnis

727 4059 871 4111 enim
903 4055 1141 4127 peccatis
1174 4054 1376 4108 nostris
1418 4051 1669 4106 retribuit
1717 4052 1875 4106 nobis
1924 4049 2296 4104 mansuetudi-

728 4164 875 4212 nem,
916 4144 1386 4210 misericordiam,
1425 4145 1820 4201 miserationes.
1861 4141 1993 4208 Quae
2048 4142 2294 4198 oblivisci

730 4256 839 4296 non
875 4247 1103 4309 oportet.

797 4334 850 4397 5,
879 4332 931 4385 4.
959 4332 1061 4397 Qui
1115 4332 1436 4400 propitiatur
1493 4331 1728 4383 omnibus
1768 4329 2130 4396 iniquitatibus
2159 4329 2292 4390 tuis,

731 4438 832 4480 rte.
859 4423 951 4478 Ha:
981 4434 1107 4479 sunt
1131 4424 1516 4478 retributiones
1540 4421 1629 4476 Dei
1664 4421 1819 4475 nobis
1849 4420 2092 4484 collatae;
2121 4419 2296 4490 primo

2386 556 2478 606 καὶ
2501 555 2627 616 τοὺς
2653 554 2915 622 οὐρανοὺς
2942 551 3258 621 πεποιηκὼς
3293 552 3351 616 ἐξ
3371 553 3562 623 ἀρχῆς.

2452 645 2628 698 Αὐτοὶ
2665 645 3052 707 ἀπολοῦνται,
3081 644 3160 697 σὺ
3193 642 3260 696 δέ
3293 642 3609 712 διαμένεις.
3666 646 3734 696 Σὺ
3772 645 3937 712 μόνος,

2383 738 2564 806 φησιν,
2593 730 2636 788 ὦ
2664 737 2924 797 Δέσποτα,
2971 737 3032 788 τὸ
3084 735 3249 788 ἀΐδιον
3285 735 3376 788 ἆτε
3437 735 3565 796 Θεὸς
3611 735 3771 804 ἔχειςο
3818 735 3942 790 οἱὸὲ

2383 828 2620 897 οὐρανοὶ,
2657 829 2704 878 εί
2761 827 2854 878 καὶ
2891 827 3030 895 μέγα
3085 844 3135 878 τι
3186 828 3279 879 καὶ
3325 825 3595 895 ἐξαίρετον
3652 827 3940 896 ὑπάρχουσι

2384 922 2607 987 κτίσμα,
2639 920 2752 972 ἀλλ’
2775 920 2923 989 ὅμως
2947 921 3040 972 καὶ
3068 919 3221 972 αὐτοὶ
3261 919 3722 988 ὑποϐληθήσονται
3757 920 3936 990 φθορᾷ.

2396 1012 2456 1063 'H
2486 1013 2540 1063 δὲ
2572 1011 2747 1083 φθορὰ
2771 1011 2909 1081 αὕτη
2938 1013 3221 1080 γενήσεται
3241 1012 3420 1072 αὐτοῖς
3440 1012 3516 1072 είς
3542 1011 3934 1080 ἁνακαινισμόν·

2383 1103 2752 1172 ἐλιχθήσονται
2780 1102 2887 1173 γὰρ
2915 1103 2994 1164 είς
3027 1102 3228 1172 βέλτιον
3261 1102 3441 1171 σλῆμα
3475 1100 3938 1170 μεταϐαλλόμενοι.

2458 1198 2519 1247 Οἱ
2558 1193 2671 1246 υἱοί
2709 1191 2827 1245 τῶν
2887 1192 3119 1245 δούλων
3170 1206 3284 1245 σου
3351 1191 3940 1258 κατασκηνὼσουσιν.

2384 1287 2552 1338 Ὅταν
2587 1285 2694 1356 γὰρ
2741 1284 3114 1355 ὲλιχθήσονται
3161 1287 3207 1337 οἱ
3257 1283 3495 1354 οὐρανοὶ,
3530 1284 3624 1335 καὶ
3674 1282 3834 1351 καινὴ
3858 1282 3940 1349 γέο

2383 1394 2537 1445 νηται
2565 1376 2737 1438 κτίσις
2757 1415 2770 1438 ,
2793 1374 2912 1427 τότε
2936 1374 2998 1444 δὴ
3021 1375 3142 1426 τότε
3182 1377 3239 1427 ἐν
3267 1376 3386 1435 ταῖς
3431 1371 3669 1435 αἰωνίοις
3725 1372 3946 1440 σκηναῖς

2383 1469 2660 1538 γενόμενοι
2691 1469 2739 1520 οἱ
2765 1467 2872 1520 τῶν
2900 1467 3007 1519 σῶν
3036 1467 3232 1520 δούλων
3257 1466 3380 1518 υἱοί’
3413 1461 3558 1519 οὗτοι
3589 1465 3633 1517 δ’
3661 1463 3728 1517 ἂν
3753 1459 3859 1516 εἷεν
3901 1466 3943 1516 οί

2380 1561 2467 1614 διὰ
2487 1561 2593 1612 τῶν
2615 1560 2783 1628 ἁγίων
2811 1559 2971 1612 αὐτοῦ
3002 1559 3308 1611 ἀποστόλων
3350 1556 3797 1635 πεπιστευκδτες.
3844 1555 3945 1607 Καὶ

2382 1653 2446 1706 τὸ
2489 1653 2725 1721 σπέρμα
2758 1652 2953 1706 αὐτῶν
2978 1655 3063 1717 είς
3101 1651 3206 1704 τὸν
3256 1648 3438 1703 αἰῶνα
3479 1649 3947 1710 κατευθυνθιξσε-

2384 1762 2491 1799 ται.
2536 1747 2764 1817 Σπέρμα
2788 1745 2894 1799 τῶν
2921 1746 3089 1814 ἁγίων
3133 1744 3445 1798 ἀποστόλων
3492 1742 3552 1796 τὸ
3599 1740 3946 1808 εὐαγγελικὸν

2312 1817 2354 1876 Β
2385 1839 2477 1891 καὶ
2507 1841 2768 1910 σωτήριον
2825 1841 3106 1908 κήρυγμα,
3165 1837 3301 1906 ὅπερ
3357 1837 3436 1898 είς
3493 1836 3584 1887 τὸν
3622 1835 3798 1887 αίῶνα
3841 1833 3948 1884 δια-

2385 1928 2557 1996 μένει.

2776 2045 3081 2096 ΨΑΛΜΟΣ
3118 2040 3197 2105 τῷ
3225 2039 3423 2093 Δαυΐδ.
3455 2041 3583 2091 PB'.

2995 2134 3006 2150 '
3023 2134 3332 2197 Υπόθεσις.

2394 2229 2452 2279 'O
2475 2227 2591 2290 νέος
2619 2227 2678 2290 ἐξ
2708 2226 2874 2278 ἐθνῶν
2901 2225 3028 2288 λαὸς
3083 2227 3140 2278 ὲν
3169 2224 3341 2293 τούτῳ
3371 2224 3678 2276 διδάσκεται
3703 2221 3952 2290 ἀνυμνεεν

2455 2319 2543 2370 τὸν
2591 2318 2721 2370 Θεὸν
2767 2317 2856 2370 τὸν
2897 2317 2962 2370 τά
3019 2315 3225 2384 μεγάλα
3285 2313 3712 2385 εὐηργετηκότα.
3776 2310 3952 2363 Ταῦτα

2455 2410 2510 2462 δέ
2542 2412 2654 2461 ἐστι
2699 2409 2768 2462 τὰ
2798 2410 3207 2479 εὐεργετήματα
3235 2407 3269 2476 ἦ
3300 2423 3358 2458 τε
3389 2407 3486 2477 τῆς
3512 2404 3786 2477 ἁμαρτίας
3818 2401 3955 2455 ἀναί·

2459 2519 2605 2574 ρεσις
2636 2503 2728 2555 καὶ
2754 2502 2849 2571 τῆς
2876 2501 3217 2563 ἀναστάσεως
3241 2499 3301 2551 τὸ
3329 2498 3603 2568 καύχημα.

2451 2594 2718 2661 Εὐλόγει,
2760 2594 2797 2659 ἡ
2845 2591 3010 2660 ψυχή
3041 2609 3180 2658 μου,
3219 2591 3323 2642 τὸν
3357 2590 3591 2652 Κύριον.
3632 2586 3804 2647 Αὐτὸς
3832 2586 3957 2635 ἑαν-

2390 2683 2481 2735 τὸν
2505 2684 2596 2734 ἐπὶ
2625 2683 2713 2734 τὸν
2747 2682 2912 2752 ὕμνον
2933 2682 3207 2752 διεγείρει,
3238 2679 3398 2734 καλὸν
3443 2677 3631 2731 ἑαυτοῦ
3657 2679 3757 2746 τῆς
3786 2692 3956 2746 σωτη-

2392 2774 2509 2844 ρίας
2540 2773 2828 2844 φάρμακον
2857 2773 2953 2843 τὴν
2983 2774 3062 2834 είς
3086 2773 3216 2825 Θεὸν
3239 2771 3484 2839 εὐλογίαν
3508 2767 3956 2839 προδαλλὸμενος.

2401 2867 2516 2935 Ἐφ’
2545 2861 2624 2930 οἷς
2652 2867 2707 2919 δὲ
2735 2866 2866 2929 Θεὸς
2897 2866 2986 2918 τὸν
3012 2865 3137 2918 λαὸν
3180 2864 3408 2935 ἧμελλεν
3441 2864 3608 2916 ἐλεεῖν
3646 2859 3962 2930 δικαιοσύνῃ

2387 2959 2663 3024 δοξάζεται
2703 2961 2946 3028 κριτικῇ,
2985 2957 3188 3028 φθορᾶς
3235 2973 3294 3008 τε
3337 2955 3692 3008 ἀπαλλάττων
3726 2954 3822 3006 καὶ
3869 2951 3962 3020 5a-

2393 3052 2592 3103 σιλείαν
2638 3051 2808 3112 διδοὺς
2860 3047 3124 3120 οὐρανῶνο
3180 3048 3254 3110 ὡς
3315 3048 3407 3101 καὶ
3452 3047 3614 3099 πᾶσιν
3670 3044 3962 3114 ἁρμόττειν

2319 3167 2360 3224 C
2394 3143 2483 3194 τὸν
2507 3143 2864 3212 προκείμενον
2895 3139 3081 3210 ὕμνον.
3136 3143 3243 3196 Καὶ
3286 3140 3480 3194 πάντα
3532 3138 3603 3192 τὰ
3639 3138 3815 3201 ἐντός
3847 3152 3964 3205 μου

2393 3234 2458 3288 τὸ
2487 3234 2670 3303 ὄνομα
2708 3234 2771 3287 τὸ
2813 3234 2983 3303 ἅγιον
3002 3235 3205 3288 αὐτοῦ.
3224 3233 3320 3286 Διὰ
3350 3232 3457 3286 τῶν
3490 3231 3638 3294 ἐντὸς
3663 3230 3722 3282 τὸ
3751 3228 3814 3293 ἐξ
3841 3228 3965 3296 ὅλης

2394 3325 2639 3395 καρδίας,
2681 3327 2774 3378 καὶ
2806 3325 2864 3389 ἐξ
2893 3326 3020 3394 ὅλης
3054 3326 3151 3393 τῆς
3209 3323 3409 3392 ίσχύος,
3458 3322 3551 3374 καὶ
3585 3321 3643 3387 ἐξ
3695 3321 3826 3389 ὅλης
3853 3320 3967 3371 δια-

2395 3419 2540 3481 νοίας
2570 3418 2659 3470 τὸν
2683 3418 2813 3470 Θεὸν
2836 3417 3208 3470 ἐπικαλεῖσθαι
3235 3415 3400 3485 δηλοῖ.

2468 3509 2737 3578 Εὺλόγει,
2773 3510 2812 3575 ἡ
2840 3508 3006 3578 ψυχή
3031 3527 3170 3578 μου,
3195 3507 3300 3561 τὸν
3337 3507 3574 3573 Κύριον.
3615 3501 3970 3574 Ἐνδιατρίϐει

2393 3603 2460 3670 τῇ
2499 3601 2627 3671 περὶ
2673 3601 2764 3653 τὸν
2797 3601 2963 3670 ὕμνον
3013 3601 3205 3653 ἑαυτοῦ
3263 3600 3565 3669 προτροπῇ,
3615 3595 3772 3658 είόὼς
3815 3594 3969 3648 τοῦτο

2397 3694 2515 3746 ἀντὶ
2559 3693 2667 3745 τῶν
2723 3693 2971 3762 μεγάλων
3021 3692 3183 3746 αὑτοῦ
3242 3690 3565 3762 εὐεργεσιῶν
3626 3690 3822 3742 ἑαυτὸν
3877 3689 3973 3740 tr:—

2395 3784 2694 3853 οφείλοντα.
2714 3783 2770 3836 '0
2799 3783 2907 3854 γὰρ
2939 3785 3046 3837 τῶν
3077 3785 3234 3838 θείων
3265 3780 3594 3853 εὐεργεσιῶν
3623 3780 3972 3851 μεμνημένος

2395 3877 2454 3928 οὐ
2503 3876 2763 3930 παύσεται
2839 3876 2996 3930 τοῦτο
3043 3876 3244 3946 ὑμνῶν.
3280 3876 3387 3929 Καὶ
3437 3875 3522 3944 μὴ
3564 3873 3972 3928 exalat-0dron

2396 3967 2596 4032 πάσας
2622 3967 2727 4034 τὰς
2763 3965 3195 4030 ἀνταποδόσεις
3219 3965 3423 4018 αὑτοῦ.
3465 3965 3839 4016 Ἀνταπέδωκε
3868 3963 3972 4033 γὰρ

2395 4061 2527 4129 ἡμῖν
2565 4060 2682 4112 ἀντὶ
2713 4059 2820 4112 τῶν
2848 4059 3094 4128 μεγάλων
3157 4055 3568 4126 ἁμαρτημάτων
3619 4049 3694 4108 ὧν
3725 4057 3974 4126 ἡμάρτο.

2401 4168 2518 4221 μεν,
2571 4151 2933 4221 χρηστότητα,
2985 4149 3153 4212 ἔλεον,
3215 4147 3550 4218 οἱκτιρμούς.
3609 4143 3711 4199 Ὧν
3767 4147 3851 4200 δεῖ
3901 4149 3974 4218 μὴ

2397 4242 2864 4297 ἐπιλανθάνεσθαι.

2473 4333 2583 4386 Tbr
2609 4334 3030 4387 εὑῑλατεύοντα
3070 4330 3295 4396 πάσαις
3335 4329 3462 4396 ταῖς
3512 4330 3793 4399 arati/mc
3836 4345 3972 4383 σοι’.

2401 4421 2570 4478 Αὗταί
2598 4426 2733 4478 εἰσιν
2766 4426 2823 4478 αἱ
2867 4425 2992 4496 περὶ
3031 4423 3185 4494 ἡμῶν
3228 4422 3613 4485 ἀνταποδόσεις
3645 4423 3740 4474 τοῦ
3790 4421 3929 4474 Θεοῦ
3962 4439 3973 4450 ·

731 4516 876 4586 quod
897 4516 1216 4586 propitiatus
1233 4517 1303 4568 sit
1334 4515 1570 4584 peccatis
1596 4513 1834 4578 nostris;
1861 4511 2122 4576 secundo,
2151 4511 2294 4581 quod

2399 4517 2479 4569 ὅτι
2513 4517 2727 4587 πρῶτον
2769 4515 2866 4586 μὲν
2899 4515 3123 4585 ἱλασμὸν
3149 4513 3308 4583 ἔθηκε
3342 4512 3447 4565 τῶν
3472 4512 3759 4583 ἡμετέρων
3792 4513 3976 4582 ἁμαρ-

735 4610 1073 4664 inﬁrmitates
1105 4619 1318 4663 nostras
1340 4607 1646 4672 sanaverit;
1674 4606 1851 4672 tertio,
1879 4605 2022 4676 quod
2042 4605 2108 4659 de
2137 4605 2298 4664 inter-

736 4706 812 4756 itu
861 4700 1149 4754 redemerit
1191 4701 1354 4753 vitam
1410 4707 1677 4760 nostram,
1725 4713 1848 4752 cum
1901 4708 2183 4766 peccatum
2233 4697 2299 4751 de

735 4792 911 4847 medio
934 4791 1184 4856 sustulit;
1215 4801 1436 4862 quarto,
1463 4791 1607 4859 quod
1634 4789 1850 4858 pr0pria
1888 4805 2021 4844 usus
2065 4789 2302 4843 clemen-

736 4887 830 4948 tia,
858 4884 1229 4938 misericordia
1251 4893 1304 4936 et
1333 4881 1797 4946 miserationibus,
1827 4895 1927 4935 nos
1954 4880 2302 4935 coronaverit

738 4978 1048 5046 adoptionis
1091 4977 1292 5045 gratia;
1338 4977 1554 5045 quinto,
1579 4975 1723 5044 quod
1769 4974 2145 5044 spiritualibus
2200 4988 2301 5027 nos

738 5069 895 5122 bonis
933 5069 1232 5137 repleverit,
1259 5083 1376 5121 sese
1407 5059 1560 5122 nobis
1589 5068 1797 5121 donans
1826 5083 2018 5137 panem
2052 5069 2192 5122 vitae.

814 5241 864 5291 :‘i.
893 5239 1238 5294 Renorabitur
1265 5252 1316 5293 ut
1341 5243 1531 5311 aquila'
1545 5244 1790 5309 juventus
1824 5253 1934 5295 tua.
1957 5243 2064 5297 Deo
2097 5259 2191 5312 per
2221 5258 2303 5295 re-

740 5331 1141 5397 generationem
1175 5333 1511 5399 juventutem
1545 5343 1784 5387 nostram
1815 5337 1972 5403 quasi
2003 5334 2199 5402 aquilae
2221 5349 2301 5387 re-

741 5435 995 5476 novante.
1045 5423 1482 5479 Resurrectionis
1529 5427 1757 5495 gratiam
1805 5427 1962 5481 nobis
2011 5426 2300 5496 signiﬁcat.

741 5516 949 5585 Aguilte
992 5525 1170 5570 autem
1198 5533 1292 5572 eos
1328 5518 1420 5586 qui
1457 5519 1696 5573 renovati
1736 5529 1862 5574 sunt
1889 5527 2186 5588 comparat,
2217 5520 2304 5572 avi

741 5607 984 5658 omnium
1010 5607 1243 5661 maxime
1273 5609 1598 5673 altivolanti,
1634 5608 1812 5677 regiae,
1839 5617 1892 5664 et
1915 5624 2034 5679 qua:
2068 5607 2181 5664 sola
2211 5622 2304 5678 po-

741 5703 848 5750 te-.‘.
871 5695 1049 5750 radios
1080 5697 1209 5752 solis
1233 5699 1456 5754 firmiter
1483 5698 1812 5769 conspicere.

2403 4609 2563 4660 τεῶν·
2595 4608 2844 4680 δεύτερον
2873 4608 2930 4660 δὲ
2963 4607 3061 4669 τὰς
3087 4606 3358 4676 ἡμετέρας
3404 4605 3688 4668 ἀσθενείας
3737 4605 3933 4657 ἰάσατο
3963 4619 3974 4629 ·

2403 4702 2581 4772 τρίτον
2609 4704 2672 4754 ἐκ
2704 4701 2907 4772 φθορᾶς
2937 4701 3089 4771 ἡμῶν
3133 4700 3229 4770 τὴν
3270 4698 3412 4767 ζωὴν
3458 4696 3830 4768 ἐλυτρὼσατο,
3890 4699 3979 4750 ἁν-

2404 4795 2536 4848 ελὼν
2555 4794 2649 4864 τὴν
2669 4793 2962 4864 ἁμαρτίαν,
2989 4793 3244 4864 τέταρτον
3271 4791 3445 4860 οἰκεία
3470 4788 3854 4860 φιλανθρωπία
3885 4790 3981 4842 καὶ

2404 4888 2540 4955 ἐλέῳ
2587 4888 2681 4940 καί⁹
2730 4887 3032 4956 οίκτιρμοῖς
3076 4884 3352 4956 χρώμενος
3400 4882 3779 4949 ἐστεφάνωσεν
3833 4884 3981 4952 ἡμᾶς

2403 4976 2480 5046 τῷ
2513 4976 2610 5044 τῆς
2652 4975 2920 5038 υἱοθεσίας
2954 4976 3281 5046 χαρίσματι·
3312 4957 3556 5042 πέμπτον
3591 4972 3697 5023 τῶν
3731 4988 3981 5041 πνευμα-

2403 5066 2570 5120 τικῶν
2605 5067 2750 5136 ἡμᾶς
2781 5066 3078 5134 ἐνέπλησεν
3118 5063 3356 5134 ἀγαθῶν,
3384 5063 3600 5116 ἑαυτὸν
3630 5063 3762 5133 ἡμῖν
3815 5063 3981 5133 ἄρτον

2405 5159 2530 5211 ὅντα
2559 5157 2701 5228 ζωῆς
2731 5157 3020 5220 ἐπιδιδούς.

2489 5248 3074 5314 Ἀνακαινισθήσεται
3118 5247 3197 5312 ὠς
3252 5244 3429 5300 ἀετοῦ
3478 5246 3516 5312 ἡ
3564 5244 3783 5309 νεότης
3838 5262 3979 5298 σου.

2406 5342 2510 5396 T05
2569 5341 2701 5395 Θεοῦ
2761 5341 2850 5394 διά
2909 5342 3007 5411 τῆς
3066 5338 3480 5408 παλιγγενεσίας
3534 5337 3984 5400 ἁνακαινίζοντος

2405 5436 2562 5506 ἡμῶν
2613 5436 2686 5499 ὡς
2721 5435 2879 5488 ἀετοῦ
2915 5437 3013 5506 τὴν
3046 5435 3290 5504 νεέτητα.
3343 5433 3416 5485 Τὸ
3469 5434 3566 5499 τῆς
3623 5432 3985 5490 ἀναστάσεως

2407 5528 2536 5594 ἡμῖν
2568 5525 2965 5594 κατασημαίνει
2992 5525 3257 5594 χάρισμα.
3297 5523 3461 5591 Ἀ;τῴ
3498 5520 3553 5572 δὲ
3586 5522 3712 5582 τοὺς
3752 5521 3987 5572 ἀνακαι-

2407 5615 2694 5683 νονμὲνους
2727 5615 3078 5683 παρείκασεν,
3104 5614 3328 5685 ὀρνίθων
3353 5613 3606 5666 ἁπάντων
3635 5612 3749 5664 δντι
3780 5612 3988 5681 ὑψηλο-

2410 5708 2722 5776 τῖετεστὰτῳ
2755 5708 2846 5758 καὶ
2903 5707 3326 5776 βασιλιιαυτάτῳ,
3389 5705 3480 5756 καὶ
3533 5707 3653 5766 ταῖς
3681 5704 3777 5756 τοῦ
3834 5703 3987 5773 ἡλίου

2412 5801 2798 5869 μαρμαρυγαῖς
2831 5799 2974 5868 μόνῳ
3004 5798 3264 5868 λαμπρῶς
3302 5796 3623 5859 Ξνατεκίζειν
3656 5796 3971 5866 δυναμένῳ.
