4094 6312
167 349 265 402 433

1293 349 1649 404 EXPOSlTlO
1681 350 1747 402 IN
1787 347 2114 411 PSALMUM
2155 359 2298 414 Clll.‘

3279 384 3386 438 434

185 524 188 528 ,
236 467 425 522 Ποιῶν
462 468 874 537 ἐλεημοσύνας
905 472 937 522 o'
971 472 1181 536 Κύριος
1215 470 1310 523 καὶ
1348 469 1522 564 κρῖμα
1581 468 1689 522 πᾶί

1794 504 1806 525 ι
1900 469 1954 524 6.
2001 471 2225 528 Faciem
2268 479 2653 537 misericordias
2701 485 2990 552 Dominus,
3037 501 3085 544 et
3119 496 3383 564 judicium

168 560 282 626 τοῖς
333 561 769 628 ἀδικουμένοις.
824 557 1009 625 Οὗτος,
1042 564 1224 630 φησὶν,
1277 566 1304 614 6
1350 561 1551 632 Κύριος
1589 565 1618 615 6
1646 562 1722 632 τῷ

165 654 321 706 αὖτοῦ
352 654 495 706 ἐλέει
535 654 604 705 τὰ
651 655 1022 724 προειρημένα
1051 655 1180 723 ἡμῖν
1213 655 1594 732 χαρισάμενος,
1625 655 1721 706 αύ-

163 746 246 808 τός
273 749 422 798 ἐστιν
455 748 483 799 6
515 747 606 798 καὶ
661 746 822 798 πάλαι
877 746 1080 798 δίκαιον
1141 749 1312 818 κρῖμα
1358 747 1568 818 κρίνας,
1625 748 1718 799 καὶ

161 838 570 908 λυτρωσάμενος
603 836 661 900 ἐξ
691 837 966 905 Αἰγύπτου
1013 840 1137 900 τοὺς
1165 839 1312 902 υἱοὺς
1357 839 1592 910 Ἰσραὴλ,
1625 839 1716 892 καὶ

158 929 273 990 δοὺς
304 927 382 996 τῷ
425 945 484 980 τε
534 929 734 998 Μωῦσῇ
768 930 859 982 καλ⁵
908 930 1068 981 παντὶ
1106 929 1180 998 τῷ
1214 929 1327 999 λαῷ
1381 929 1580 997 γνῶσιν
1611 931 1715 982 τῶν

161 1020 221 1070 αὖ
229 1018 316 1070 τοῦ
355 1017 601 1070 ἐντολῶν.

227 1111 553 1179 Οἱκτίρμων
582 1111 675 1163 καὶ
705 1110 968 1179 ἐλεήμων
1003 1113 1034 1164 ὀ
1084 1113 1310 1179 Κύριος.
1367 1113 1550 1164 Ταῦτα
1605 1113 1713 1183 γὰρ

157 1205 242 1255 καὶ
271 1204 369 1272 τῆς
395 1202 649 1273 τοιαύτης
683 1205 996 1271 εὐεργεσίας
1032 1205 1123 1257 καὶ
1151 1205 1316 1258 πάλαι
1359 1205 1452 1256 καὶ
1500 1204 1593 1256 νῦν
1621 1206 1712 1272 γέ-

155 1311 301 1362 γονεν
327 1296 494 1361 αἰτία,
520 1299 783 1366 φήσαντος
803 1297 896 1349 καὶ
919 1298 1192 1360 Μωῦσέως
1215 1316 1226 1326 ·
1259 1299 1472 1364 Κύριος
1491 1299 1709 1364 μακρό-

155 1393 347 1454 θυμος,
405 1387 502 1439 καὶ
559 1387 887 1453 πολυέλεος
918 1429 933 1447 .
995 1389 1091 1440 καὶ
1147 1389 1481 1456 ἀληθινός·
1523 1388 1709 1441 ποιῶν

151 1478 316 1542 ἕλεος
339 1480 428 1542 εὶς
456 1472 745 1546 χιλιάδας.
783 1478 994 1544 Ταύτας
1019 1476 1111 1534 οὖν
1138 1480 1299 1533 αὑτοῦ
1323 1480 1421 1545 τὰς
1449 1481 1706 1551 δυνάμεις

153 1567 406 1638 ἐγνώρισε
446 1569 522 1640 τῷ
573 1572 776 1642 Μωῡσῇ
803 1613 816 1637 ,
875 1573 1170 1643 λεγομένας
1220 1573 1409 1637 ὁδοὺς,
1466 1573 1559 1625 καὶ
1609 1573 1705 1635 τὰς

151 1659 342 1727 ἀρετὰς
373 1659 495 1712 καθ’
525 1659 590 1723 ἃς
621 1661 688 1714 τὰ
713 1665 885 1716 πάντα
913 1664 1106 1718 διέπει.
1145 1665 1264 1717 Οὐκ
1295 1667 1382 1729 εις
1408 1664 1580 1728 τέλος
1609 1665 1700 1730 ὀρ-

147 1750 511 1817 τισθήσεται.
531 1753 593 1804 Εἰ
620 1754 711 1806 καὶ
734 1754 998 1824 ὠργίσθη,
1023 1755 1176 1824 φησὶ,
1208 1753 1294 1808 διὰ
1312 1756 1408 1827 τὴν
1437 1759 1493 1808 ἐν
1532 1756 1699 1825 Ἀδὰμ

1829 564 2066 619 omnibus
2091 567 2342 636 injuriam
2378 575 2712 639 patientibus.
2742 577 2842 635 Hic
2876 582 3157 652 Dominus,
3187 589 3380 658 inquit,

1826 655 1920 723 qui
1965 671 2063 712 sua
2110 662 2482 720 misericordia
2526 683 2646 736 quae
2690 671 3002 745 dicta.th
3031 677 3178 733 dedit
3205 655 3381 748 nobis,

1825 743 1942 812 ipse
1973 757 2056 800 est
2087 751 2177 818 qui
2210 753 2336 806 olim
2376 754 2580 823 justum
2611 743 2874 826 judicium
2907 765 3044 832 tulit,
3082 777 3134 822 et
3159 743 3382 829 redemit

1822 851 1889 889 ex
1919 836 2151 910 Egypto
2187 844 2328 900 ﬁlios
2371 845 2552 912 Israel,
2590 868 2652 906 ac
2685 851 2852 923 Moysi
2899 860 3154 930 omnique
3182 868 3379 934 popqu

1823 927 1973 982 dedit
2004 933 2250 988 notitiam
2285 941 2660 996 mandatorum
2694 959 2938 1003 suorum.

1896 1106 1949 1174 7,
1983 1109 2036 1163 8.
2081 1109 2363 1169 Miserator
2394 1129 2442 1172 et
2482 1124 2775 1182 misericors
2805 1129 3081 1201 Dominus,
3119 1147 3222 1192 etc.
3255 1140 3378 1197 Haec

1816 1199 2129 1268 ltujusmodi
2183 1208 2427 1266 beneﬁcii
2473 1226 2527 1270 et
2551 1218 2677 1272 olim
2723 1232 2778 1275 et
2818 1239 2962 1281 nunc
3012 1245 3174 1284 causa
3204 1232 3377 1298 fuere,

1815 1289 2025 1346 dicente
2051 1293 2234 1366 Moyse
2262 1317 2274 1352 :
2309 1299 2566 1359 Dominus
2595 1309 2929 1378 longanimis,
2963 1319 3143 1374 multa
3171 1324 3378 1379 miseriv

1815 1383 2008 1436 cordia:
2036 1396 2085 1439 et
2123 1405 2309 1456 verax;
2341 1394 2537 1462 faciens
2576 1403 2990 1460 misericordiam
3023 1413 3075 1464 in
3110 1415 3280 1471 millia
3304 1418 3371 1473 ⁸³.

1813 1469 1922 1528 Has
1948 1476 2112 1545 igitur
2143 1482 2546 1543 misericordias
2567 1507 2693 1547 suas
2716 1505 2869 1550 notas
2893 1499 3020 1555 fecit
3041 1501 3231 1574 Moysi,
3255 1526 3377 1579 qua

1810 1576 2072 1621 vocantur
2103 1571 2204 1626 viae
2227 1581 2280 1626 et
2307 1576 2534 1633 virtutes
2561 1584 2760 1651 quibus
2791 1590 2970 1644 omnia
3010 1596 3369 1657 administrat.

1811 1651 1933 1708 Non
1955 1657 2011 1710 in
2032 1675 2332 1728 perpetuum
2371 1668 2647 1726 irascetur.
2682 1674 2933 1745 Etiamsi,
2963 1683 3162 1754 inquit,
3199 1689 3372 1748 iratus

1806 1754 1890 1798 est
1917 1748 1986 1803 ob
2012 1751 2204 1805 Adami
2249 1762 2774 1834 praevaricationem,
2821 1780 2869 1825 et
2915 1788 3084 1841 genus
3124 1789 3371 1837 nostrum

146 1841 467 1914 παράϐασιν,
504 1844 599 1898 καὶ
631 1847 953 1901 κατεδίκασε
1004 1847 1214 1920 θανάτῳ
1244 1848 1303 1900 τὸ
1329 1849 1483 1918 γένος
1516 1867 1529 1877 ·
1584 1848 1689 1900 ἀλλ⁴

1806 1846 1978 1891 morte
2023 1840 2333 1911 damnavit;
2361 1849 2453 1903 sed
2483 1866 2592 1907 non
2625 1871 2796 1924 usque
2839 1858 2892 1911 in
2916 1826 3082 1915 linem
3118 1870 3368 1925 extendet

143 1935 233 1986 οὐκ
263 1936 494 1988 ἐκτείνει
521 1939 599 2000 είς
622 1939 777 2002 τέλος
806 1940 901 2010 τὴν
929 1941 1096 2012 ὀργήν
1116 1959 1128 1972 ·
1155 1942 1435 2012 ἐπέλαμψε
1473 1941 1578 2012 γὰρ
1611 1945 1695 1994 ἐπ’

141 2028 374 2096 ἐσχάτων
407 2028 514 2080 τῶν
538 2029 740 2099 χρόνων
769 2033 848 2095 είς
877 2031 1132 2103 ἀθέτησιν
1161 2034 1258 2102 τῆς
1284 2032 1508 2102 φθορᾶς.

205 2119 331 2170 Ὀτι
385 2118 570 2186 αὐτὸς
610 2120 762 2190 ἔγνω
825 2122 888 2174 τὸ
947 2122 1194 2191 πλάσμα
1223 2123 1408 2192 ἡμῶν.
1457 2124 1544 2186 Ὠς
1588 2124 1696 2196 γάρ

140 2210 260 2262 ἴδιον
293 2211 520 2283 πλάσμα
551 2215 644 2267 καὶ
672 2213 806 2283 ἔργα
829 2214 935 2267 τῶν
962 2215 1161 2285 χειρῶν
1195 2215 1357 2268 αὑτοῦ
1401 2218 1697 2286 κατῳκτεί-

142 2317 314 2372 μησεν.

196 2394 264 2447 Τὸ
285 2394 354 2448 δὲ
381 2397 803 2466 ἐλεοςΚυρίου
824 2397 941 2451 ἀπὸ
962 2399 1068 2452 τοῦ
1089 2399 1322 2467 αἰῶνος.
1353 2402 1573 2472 Ὅμοιον
1598 2403 1657 2455 τό
1672 2421 1684 2433 ·

136 2485 235 2538 Kal
277 2485 468 2540 ποιῶν
513 2487 686 2553 ἕλεος
727 2492 813 2554 εις
843 2490 1116 2559 χιλιάδας
1149 2493 1272 2560 τοῖς
1298 2496 1689 2566 φοϐουμένοις

130 2591 217 2641 με.

192 2667 296 2721 Kal
331 2670 370 2737 ἡ
407 2668 761 2740 δικαιοσύνη
800 2674 986 2727 αὐτοῦ
1015 2675 1113 2728 ἐπὶ
1161 2678 1330 2744 υἱοὺς
1381 2677 1529 2732 υἱῶν
1563 2679 1688 2746 τοῖς

132 2760 518 2824 φυλάσσουσι
547 2763 660 2831 τὴν
690 2763 982 2832 διαθήκην
1002 2767 1206 2821 αὐτοῦ.
1246 2769 1432 2836 Ἀγιος
1453 2771 1559 2841 γὰρ
1587 2772 1684 2836 ὢν,

131 2850 182 2901 ἐν
210 2851 385 2918 ἁγίοις
413 2853 772 2918 ἀναπαύεται,
801 2858 920 2918 ταῖς
968 2856 1280 2925 ἀγγελικαῖς
1306 2859 1544 2931 δηλονότι
1591 2862 1682 2915 δυ-

131 2937 371 3008 νάμεσιν.

189 3032 403 3100 Κύριος
433 3035 503 3087 ἐν
542 3035 616 3101 τῷ
639 3038 870 3106 οὐρανῷ
901 3041 1186 3111 ἡτοίμασε
1215 3042 1314 3096 τὸν
1345 3047 1560 3113 θρόνον
1577 3049 1681 3101 αὐ·

1803 1935 1940 1987 lram
1969 1950 2124 1990 suam
2158 1957 2170 1991 :
2204 1939 2379 1996 illuxit
2418 1945 2562 1999 enim
2596 1947 2650 2001 in
2684 1949 3001 2008 novissimis
3030 1960 3366 2027 temporibus

1801 2025 1866 2078 ad
1899 2026 2320 2087 destructionem
2347 2041 2733 2109 corruptionis.

1852 2113 1936 2166 14.
1973 2114 2235 2178 Quoniam
2266 2122 2374 2190 ipse
2403 2131 2640 2197 cognovit
2674 2131 2980 2202 ﬁgmentum
3010 2150 3268 2198 nostrum.
3295 2141 3364 2200 Ut

1801 2199 2113 2271 ﬁgmentum
2140 2224 2298 2265 suum
2333 2224 2384 2268 et
2413 2232 2576 2286 opera
2605 2237 2863 2279 manuum
2891 2243 3110 2284 suarum
3137 2246 3236 2287 nos
3263 2233 3363 2287 mi-

1798 2304 2010 2351 seratus
2038 2308 2140 2352 est.

1868 2387 1956 2441 l7.
1988 2388 2354 2450 Misericordia
2382 2409 2557 2454 autem
2589 2402 2805 2461 Domini
2828 2409 2892 2462 ab
2922 2420 3134 2468 eterna.
3171 2413 3359 2476 Simile

1793 2487 1876 2533 est
1904 2480 2036 2536 illud
2065 2501 2078 2538 :
2108 2483 2174 2538 Et
2204 2487 2402 2556 faciem
2434 2495 2848 2555 misericordiam
2890 2504 2944 2556 in
2969 2506 3138 2561 millia
3166 2511 3355 2565 timen-

1794 2568 1931 2620 tibus
1961 2587 2060 2627 me.

1867 2658 1956 2714 18.
1987 2660 2056 2714 Ει
2093 2664 2311 2732 justitia
2354 2671 2502 2726 illius
2547 2676 2601 2728 in
2647 2678 2787 2746 ﬁlios
2834 2682 3099 2751 ﬁliorum,
3144 2689 3224 2744 Itis
3266 2707 3353 2760 qus

1791 2759 1998 2804 servant
2053 2761 2418 2814 testamentum
2471 2764 2605 2832 ejus.
2641 2765 2872 2827 Sanctus
2919 2776 3063 2829 enim
3105 2793 3228 2834 cum
3259 2759 3350 2850 sit,

1789 2842 1843 2896 in
1895 2846 2098 2902 sanctis
2145 2852 2456 2920 requiescit,
2493 2856 2548 2910 in
2583 2861 2842 2931 angelicis
2881 2867 3129 2925 videlicet
3180 2874 3353 2930 virtu-

1790 2935 1952 2991 tibus.

1857 3029 1943 3085 19.
1969 3029 2222 3086 Dominus
2255 3035 2310 3089 in
2337 3036 2464 3091 cwlo
2486 3045 2691 3109 paravit
2717 3045 2890 3100 sedem
2917 3065 3088 3106 suam.
3124 3053 3353 3125 Requie-

129 3121 239 3177 τοῦ.
284 3125 719 3183 Ἐπαναπαύεται
776 3133 892 3201 μὲν,
926 3134 1079 3204 φησὶ,
1121 3137 1233 3198 τοῖς
1284 3135 1394 3189 ἄνω
1433 3139 1677 3208 πνεύμα-

1794 3121 1906 3187 scit,
1935 3123 2138 3192 inquit,
2176 3125 2228 3179 in
2262 3130 2571 3188 caelestibus
2602 3137 2881 3204 spiritibus
2910 3161 2923 3196 :
2964 3158 3136 3214 neque
3167 3121 3346 3205 tamen

130 3230 201 3266 σιν
222 3234 234 3246 ο
265 3220 326 3271 οὗ
385 3221 494 3290 μὴν
524 3221 641 3274 οὐδὲ
670 3222 738 3275 τά
779 3225 868 3276 ἐπὶ
915 3226 1036 3294 γῆς·
1065 3226 1165 3298 τῆς
1195 3227 1358 3281 αὑτοῦ
1412 3229 1682 3299 βασιλείας

127 3306 442 3379 ἀφέστηκεν.
491 3311 660 3376 Αὐτὸς
711 3315 816 3384 γάρ
859 3317 1003 3370 ἐστιν
1044 3319 1072 3370 6
1103 3321 1532 3386 κατεξουσιάςων
1573 3324 1682 3377 τῶν

126 3397 246 3451 ὅλων
281 3400 356 3465 ὡς
391 3402 545 3466 θεός.
571 3405 680 3458 Kal
713 3407 751 3474 ἡ
770 3407 1060 3470 ,ϐασιλεία
1097 3413 1281 3466 αὑτοῦ
1310 3413 1550 3467 πάντων
1582 3415 1678 3470 δε-

125 3492 332 3550 σπόζει.
396 3495 688 3559 Δεσπόζειν
722 3497 777 3549 δὲ
811 3500 1057 3568 πάντων,
1107 3503 1219 3555 ἀλλ’
1266 3506 1325 3557 οὐ
1378 3508 1678 3577 βασιλεύειν

127 3578 346 3651 εἴρηται,
391 3585 516 3636 ἐπεὶ
553 3587 625 3657 μὴ
659 3587 856 3652 πάντες
890 3590 1029 3654 ἄξιοι
1063 3593 1159 3662 τῆς
1188 3595 1351 3648 αὑτοῦ
1384 3597 1674 3665 βασιλείας.

124 3673 203 3725 Διὸ
240 3680 350 3740 τοῖς
403 3677 498 3731 τὸν
529 3680 875 3748 εὐαγγελικδν
904 3685 1225 3757 κατορθοῦσι
1271 3688 1382 3758 βίον
1436 3690 1533 3761 τὴν
1571 3691 1677 3744 τῶν

123 3765 348 3835 οὐρανῶν
376 3768 657 3840 βασιλείαν
685 3776 712 3827 6
744 3775 933 3848 Σωτὴρ
956 3779 1338 3850 ἐπηγγείλατο.
1366 3783 1579 3854 Κρατεί
1619 3785 1675 3837 δὲ

123 3860 202 3910 καὶ
226 3859 330 3912 τῶν
359 3859 532 3926 ἀξίων
563 3864 591 3915 ὁ
619 3865 841 3936 Κύριος.

174 3951 494 4021 Εὑλοτεῒτε
542 3955 647 4008 τὸν
689 3959 904 4025 Κύριον
934 3961 1153 4028 πάντες
1187 3969 1240 4017 ol
1297 3965 1532 4034 ἄγγελοι
1571 3972 1674 4022 αὺ-

121 4042 229 4095 τοῦ.
260 4043 519 4098 Διδάσκει
547 4046 633 4099 τὸν
668 4051 953 4119 προσιόντα
1005 4057 1069 4125 τῇ
1118 4056 1297 4108 πίστει
1340 4058 1486 4122 λαὸν,
1533 4061 1607 4124 ὼς
1645 4065 1673 4115 6

119 4133 194 4185 τὸν
249 4134 420 4205 ὕμνον
472 4139 803 4210 ἐπιτηδεύων
835 4142 896 4196 τὸ
928 4145 1058 4198 αὐτὸ
1103 4150 1212 4211 τοῖς
1259 4150 1510 4217 ἀγγέλοις
1563 4153 1671 4217 ἕξει

119 4223 336 4295 ἀξίωμα.
371 4228 440 4280 El
472 4229 579 4299 γὰρ
613 4230 749 4302 αὕτη
794 4234 1016 4287 ἐκείνων
1051 4237 1082 4304 ή
1117 4238 1447 4309 λειτουργία,
1481 4243 1540 4294 τὸ
1583 4246 1670 4296 αί-

117 4318 210 4366 νεῖν
234 4319 326 4370 καὶ
351 4319 603 4383 δοξάζειν
647 4323 738 4377 τὸν
765 4324 894 4399 Θεόν
920 4344 932 4357 ·
964 4328 1094 4380 αὐτὸ
1123 4329 1177 4382 δὲ
1214 4332 1371 4385 τοῦτο
1399 4337 1670 4406 προστάτ-

115 4422 246 4460 τεται
277 4414 460 4462 ποιεῖν
495 4413 527 4481 ή
574 4413 738 4485 ψυχὴ,
769 4417 855 4470 ἀεὶ
900 4418 962 4491 δὴ
1008 4419 1178 4488 λέγων
1230 4424 1320 4475 καὶ
1353 4424 1665 4494 δοξολογεῖν,

1786 3219 1998 3268 terrena
2033 3217 2100 3270 ab
2129 3218 2246 3287 ejus
2270 3236 2438 3291 regno
2461 3235 2587 3279 sunt
2607 3228 2813 3284 avulsa.
2839 3230 2956 3300 lpse
2983 3237 3125 3291 enim
3151 3248 3232 3295 est
3251 3243 3343 3312 qui

1783 3314 1968 3375 utpote
1992 3307 2134 3365 Deus
2162 3313 2406 3369 omnium
2450 3317 2778 3381 dominatur.
2817 3323 2887 3377 Et
2926 3343 3137 3397 regnum
3180 3307 3344 3401 ipsius

1781 3399 2020 3453 omnibus
2043 3401 2423 3462 dominabitur.
2448 3405 2719 3464 Dominari
2751 3415 3026 3482 omnibus,
3052 3429 3106 3473 at
3128 3435 3236 3476 non
3259 3439 3345 3479 re-

1781 3507 1966 3561 gnare,
1989 3494 2193 3548 dictum
2224 3506 2324 3563 est,
2353 3501 2787 3571 quandoquidem
2824 3522 2930 3562 non
2963 3524 3152 3568 omnes
3178 3530 3343 3587 regno

1778 3583 1897 3650 ejus
1939 3583 2088 3653 digni
2139 3596 2285 3641 sunt.
2333 3588 2674 3663 Quapropter
2716 3599 2783 3653 iis
2838 3601 2930 3669 qui
2976 3583 3338 3674 evangelicum

1779 3683 1945 3744 agunt
1989 3677 2174 3740 vitam,
2212 3693 2437 3747 regnum
2473 3684 2736 3739 caelorum
2775 3688 3027 3747 Salvator
3065 3696 3340 3763 pollicitus

1777 3773 1879 3819 est.
1909 3764 2138 3835 Imperat
2165 3778 2343 3825 autem
2372 3771 2633 3831 Dominus
2661 3778 2729 3833 iis
2753 3782 2845 3850 qui
2875 3783 3022 3853 digni
3050 3796 3197 3842 sunt.

1840 3944 1930 3998 20.
1969 3945 2265 4005 Benedicite
2310 3953 2556 4022 Domino,
2585 3975 2760 4015 omnes
2807 3964 2979 4032 angeli
3006 3965 3138 4034 ejus.
3171 3966 3340 4024 Docet

1775 4037 2031 4104 populum
2059 4041 2149 4108 qui
2183 4044 2390 4098 accedit
2419 4047 2485 4099 ad
2522 4047 2700 4116 ﬁdem,
2729 4067 2851 4106 eum
2882 4056 2973 4123 qui
3006 4056 3221 4127 hymnis
3239 4075 3337 4113 va-

1776 4135 1893 4190 cat,
1928 4132 2172 4185 eamdem
2223 4150 2384 4202 quam
2427 4140 2599 4209 angeli
2641 4143 2954 4210 dignitatem
3002 4148 3332 4208 habiturum.

1773 4216 1906 4272 Nam
1937 4221 1981 4274 si
2018 4224 2121 4278 hoc
2153 4239 2342 4281 eorum
2387 4231 2747 4289 ministerium
2775 4247 2876 4302 est,
2913 4240 3135 4297 laudare
3163 4252 3213 4298 et
3246 4260 3333 4298 ce-

1773 4312 1983 4368 lebrare
2010 4315 2203 4383 Deum,
2238 4330 2291 4375 et
2319 4323 2420 4378 hoc
2452 4325 2625 4395 ipsum
2661 4332 2838 4384 anima
2871 4331 3046 4389 facere
3072 4337 3329 4405 jubetur;

1773 4419 1896 4459 cum
1924 4406 2010 4461 illa
2041 4410 2344 4478 gloriﬁcare
2383 4431 2598 4486 semper
2625 4418 2792 4475 Deum
2831 4424 3066 4493 dicatur,
3112 4432 3332 4488 manife-

115 4495 335 4566 δηλονότι
370 4504 477 4575 τῆς
525 4505 692 4575 αὐτῆς
738 4507 895 4573 ἀξίας
940 4515 1139 4582 τυχεῖν.
1193 4507 1291 4567 Ὧν
1335 4515 1442 4587 γὰρ
1486 4519 1668 4590 ἐπιτή-

1794 4506 1916 4552 ιιιιιη
1937 4510 2018 4556 εει
2039 4507 2284 4559 eamdem
2301 4511 2559 4579 consequi
2583 4511 2918 4582 dignitatem.
2942 4517 3074 4574 Nam
3097 4539 3328 4591 quorum
3385 4503 3390 4512 λ

114 4590 265 4664 δευμα
295 4597 356 4649 τὸ
389 4597 550 4661 αὐτὸ,
579 4598 780 4657 τούτων
803 4602 893 4654 καὶ
917 4604 975 4657 τὸ
1001 4605 1214 4677 ἀξίωμα
1241 4608 1300 4660 τὸ
1326 4609 1474 4662 αὐτό.

173 4690 494 4759 Erum-sits
541 4693 648 4746 τὸν
677 4695 893 4762 Κύριον
933 4696 1121 4752 πᾶσαι
1161 4702 1220 4754 αἱ
1243 4700 1525 4771 δυνάμεις
1558 4706 1664 4755 αι’)-

115 4775 221 4829 τοῦ.
276 4782 350 4833 Uti
391 4780 560 4851 μόνον
615 4784 833 4853 ἄγγελοι
885 4789 964 4850 είς
1013 4791 1102 4843 τὸν
1159 4787 1306 4845 αἶνον
1355 4794 1663 4860 καλοῦνται,

115 4863 229 4918 ἀλλὰ
260 4872 351 4922 καὶ
397 4872 460 4924 st
499 4889 550 4924 τι
591 4875 773 4946 ἕτερόν
825 4878 973 4930 ἐστιν
1021 4882 1267 4954 οὐράνιον
1297 4885 1501 4956 τάγμα,
1557 4887 1663 4939 εἴτε

115 4956 288 5027 θρόνοι,
323 4967 438 5017 εἴτε
468 4964 652 5035 ἀρχαὶ,
686 4968 794 5021 εἴτε
847 4969 1104 5036 ἐξουσίαι,
1153 4975 1263 5028 εἴτε
1323 4979 1660 5049 κυριότητες.

1771 4592 1911 4645 idem
1942 4594 2197 4661 cilicium,
2225 4601 2409 4654 eadem
2445 4612 2497 4655 et
2524 4603 2774 4675 dignitas.

1833 4685 1923 4738 2L
1949 4684 2243 4743 Benedicite
2292 4693 2532 4760 Domino,
2566 4714 2740 4751 omnes
2788 4702 3003 4756 virtutes
3044 4704 3173 4773 ejus.
3209 4706 3324 4762 Non

1767 4778 1942 4831 solum
1983 4782 2155 4850 angeli
2192 4785 2258 4837 ad
2308 4785 2518 4841 laudem
2571 4800 2860 4857 vocantur,
2901 4811 3085 4849 verum
3122 4799 3166 4850 si
3204 4801 3324 4868 quis

1767 4870 1906 4925 alius
1934 4881 2016 4925 est
2046 4875 2282 4929 caelestis
2313 4879 2466 4943 ordo,
2503 4882 2617 4936 sive
2664 4885 2876 4952 throni,
2908 4888 3020 4942 sive
3050 4891 3322 4961 principa-

1763 4972 1872 5028 tus,
1897 4965 2009 5020 sive
2037 4976 2351 5036 potestates,
2384 4973 2497 5027 sive
2544 4976 2957 5034 dominationes.
3008 4979 3118 5037 llos
3163 4986 3296 5038 nimi

113 5049 271 5104 Tziza
293 5054 349 5107 δὲ
388 5057 578 5110 πάντα.
599 5059 670 5110 τὰ
701 5061 952 5131 τάγματα
983 5064 1067 5118 διὰ
1100 5067 1208 5119 τῶν
1230 5069 1507 5139 δυνάμεων
1533 5074 1663 5142 ἡμῖν

1795 5071 1882 5109 nm
1930 5058 2146 5114 ordines
2181 5077 2368 5119 omnes
2395 5080 2489 5133 per
2521 5067 2744 5124 virtutes
2791 5071 2947 5126 nobis
2977 5076 3300 5143 signiﬁcavit

116 5149 290 5218 κατεσή
301 5164 500 5216 μανεν.

235 5259 342 5314 Τοῦ
363 5260 557 5312 Δαυῖδ
575 5263 673 5316 ἐπὶ
697 5263 806 5334 τῆς
826 5267 930 5321 τοῦ
953 5271 1181 5340 κόσμου
1213 5256 1517 5343 γενέσει-κ.

327 5353 756 5423 Ἀνεπίςφαφος
788 5361 923 5427 παρ’
956 5362 1258 5431 Ἑϐραίοις.
1299 5369 1408 5421 PI"

735 5451 1049 5520 Ὑπόθεσις.

1765 5276 1812 5331 l.
1858 5275 2069 5333 Dauidis
2101 5281 2163 5332 de
2195 5283 2375 5336 mundi
2413 5294 2552 5341 ortu.
2585 5286 2741 5340 Caret
2790 5290 3126 5356 inscriptione
3171 5296 3312 5363 apud

2311 5374 2578 5431 Hebraos.
2611 5377 2771 5434 CIII.

2340 5471 2739 5539 Argumentum.

113 5549 309 5621 Διδάξας
335 5559 427 5612 διὰ
453 5562 552 5613 τοῦ
575 5560 933 5631 προλαϐόντος
953 5567 1163 5640 ψαλμοῦ
1203 5573 1292 5626 τὸν
1331 5576 1655 5646 προελθόντα

1794 5583 2048 5650 ’ostquam
2081 5580 2133 5635 in
2164 5582 2483 5653 praecedenti
2515 5585 2722 5654 psalmo
2751 5587 3008 5656 populum
3037 5589 3128 5659 qui
3158 5605 3288 5643 ειη-ιιι

173 5727 211 5757 ’³
243 5729 408 5788 ΕςοιΙ.
442 5753 632 5804 xutv,
670 5741 719 5795 6.
