4094 6312
725 379 831 436 455

787 486 868 542 dit
891 486 960 541 ad
983 482 1142 541 lidem
1165 485 1351 541 docuit
1370 485 1600 556 hymnos
1623 483 1815 538 oﬂ‘erre
1841 483 1988 550 Deo;
2017 485 2102 539 his
2128 485 2284 540 ducet
2311 492 2358 547 Α

785 587 841 632 et
869 577 1105 631 declarat
1147 587 1349 646 quanta
1379 576 1450 630 sit
1493 589 1582 629 res
1617 574 1738 643 ejus
1772 588 1898 643 erga
1928 588 2120 629 omnes
2151 589 2280 644 pro-

786 669 1050 724 videntis.
1079 669 1218 734 Quia
1246 683 1355 722 non
1379 666 1541 722 modo
1587 665 1892 721 caelestium
1929 675 1984 720 et
2011 665 2282 721 aeriorum

783 767 1180 838 providentiam
1228 765 1398 835 gerit,
1445 763 1539 819 sed
1596 763 1760 818 etiam
1807 771 2144 818 terrenarum
2196 765 2283 818 vel

782 858 1220 914 tenuiSsimorum
1239 875 1252 920 ;
1271 857 1341 910 ita
1360 865 1417 910 ut
1440 870 1506 909 ne
1520 853 1779 909 vilissima
1793 853 2008 923 quidem
2031 854 2283 908 animalia

791 949 1041 1019 negligat,
1073 947 1166 1002 sed
1198 947 1360 1001 etiam
1389 959 1578 1000 eorum
1609 960 1797 1000 curam
1829 955 1998 1015 gerat.

787 1123 1030 1189 Benedic,
1055 1125 1234 1178 anima
1268 1139 1404 1186 mea,
1439 1121 1685 1175 Domino.
1716 1120 1886 1176 Docet
1909 1119 2147 1174 animam
2175 1120 2283 1175 Deo

715 1215 785 1268 ob
816 1230 1066 1283 magnam
1099 1214 1493 1283 providentiam
1527 1214 1649 1283 ejus
1683 1212 2019 1278 benedicere,
2054 1213 2197 1267 sicut
2229 1213 2283 1266 in

715 1311 1036 1377 praecedenti
1073 1309 1140 1365 de
1186 1309 1503 1364 liberatione
1536 1325 1566 1362 a
1591 1308 1850 1378 peccatis.
1881 1307 2100 1362 Domine
2142 1307 2284 1361 Deus

715 1416 881 1465 meus,
922 1402 1292 1471 magniﬁcatus
1331 1417 1384 1454 es
1437 1399 1769 1454 vehementer.
1800 1399 1881 1453 Ad
1916 1413 2066 1453 tuam
2103 1401 2284 1469 provi-

714 1492 950 1547 dentiam
980 1493 1348 1562 respicientes,
1381 1507 1415 1546 ο
1444 1491 1692 1554 Domine,
1723 1493 1968 1561 ejusdem
2005 1492 2288 1560 providen-

716 1583 805 1637 tie
825 1591 931 1636 tute
952 1582 1318 1651 prmstantiam
1341 1581 1754 1649 magniﬁcamus
1776 1591 1996 1650 stupore
2023 1581 2282 1650 perculsi-

715 1673 792 1726 lta
812 1674 956 1728 enim
991 1684 1231 1728 nostram
1268 1672 1662 1728 confessionem
1723 1683 1777 1729 et
1807 1673 2078 1738 decorem,
2119 1673 2172 1727 id
2207 1684 2290 1729 est

715 1765 930 1819 laudem
961 1780 1084 1819 eum
1110 1763 1504 1834 gloriﬁcatione
1549 1763 1728 1819 induit
1756 1779 1853 1817 ceu
1888 1762 2160 1834 quoddam
2192 1779 2286 1818 ve-

716 1855 783 1910 sti
793 1863 1053 1909 mentum.

782 1947 839 2002 2.
876 1949 1116 2000 Amictus
1159 1948 1355 2001 lumine
1397 1948 1532 2001 sicut
1574 1936 1898 2000 uestimento.
1940 1947 1985 1998 A
2016 1944 2285 2014 spirituali

713 2036 920 2090 lumine
970 2037 1229 2106 hymnum
1277 2037 1489 2091 orditur
1536 2038 1660 2106 ipsi.
1705 2035 1774 2090 Ut
1813 2045 1992 2089 autem
2030 2035 2137 2088 alio
2165 2033 2288 2087 loco

712 2127 911 2180 dicitur
945 2125 1119 2181 lucem
1163 2127 1408 2181 habitare
1450 2127 1920 2190 inaccessibilem,
1972 2126 2060 2180 hic
2092 2125 2284 2180 eodem

713 2211 920 2272 lumine
946 2218 1182 2272 amictus
1205 2218 1430 2273 dicitur.

791 2393 845 2448 5.
883 2393 1178 2448 Exlendens
1209 2395 1393 2448 caelum
1416 2397 1554 2450 sicut
1585 2395 1794 2465 pellem.
1834 2394 2149 2449 Secundum
2183 2394 2289 2452 hoc

713 2485 1066 2554 providentia:
1081 2501 1217 2557 opus
1237 2489 1579 2556 preponitur.
1595 2487 1738 2556 quod
1756 2502 1920 2540 manu
1938 2486 2161 2541 artiﬁcis
2177 2502 2290 2541 etn-

713 2580 826 2632 lum
842 2579 997 2648 quasi
1013 2579 1277 2648 quoddam
1291 2593 1588 2646 expansum
1604 2576 2062 2632 extendatur.Una
2075 2593 2290 2647 quoque

715 2673 946 2726 formam
976 2672 1213 2726 declarat
1253 2683 1414 2741 atque
1442 2671 1756 2726 facilitatem
1803 2671 2035 2739 opiﬁcis.
2079 2670 2286 2736 Quem.

714 2758 1008 2812 admodum
1039 2759 1181 2814 enim
1217 2759 1420 2813 homini
1451 2759 1607 2815 facile
1631 2770 1713 2813 est
1744 2760 1934 2828 pellem
1961 2761 2248 2813 extendere
2271 2801 2286 2820 .

715 2850 790 2904 ita
822 2859 876 2905 et
898 2849 1007 2906 Deo
1036 2852 1232 2906 coelum
1265 2851 1505 2904 nondum
1527 2851 1797 2904 exsistcus
1820 2850 2072 2903 condere.
2116 2850 2287 2904 Simul

715 2943 860 2997 aliud
882 2942 1228 2996 adumbravit
1260 2943 1490 2996 sublime
1516 2944 1832 3012 cogitatum,
1864 2941 2009 3011 quod
2034 2945 2099 2997 ad
2127 2944 2285 2997 aliam

715 3033 884 3087 vitam
921 3034 1021 3087 iter
1051 3033 1423 3100 instituamus,
1450 3044 1504 3088 et
1540 3035 1826 3104 prmsentia
1855 3035 1964 3088 sint
1991 3036 2182 3088 umbra
2205 3034 2288 3086 fu-

716 3137 986 3191 turorum,
1012 3140 1078 3180 ac
1111 3127 1352 3181 nondum
1388 3127 1454 3180 ad
1488 3127 1648 3196 adyta
1673 3127 2161 3196 penetraverimus,
2192 3125 2282 3180 sed

1570 372 1628 427 S.
1670 369 2038 426 ATHANASII
2074 371 2224 428 OPP.
2272 371 2451 428 PARS
2486 369 2568 424 Ill.
2621 399 2681 410 —
2721 363 3118 423 EXEGETiCA

3843 358 3939 415 436

2457 484 2523 552 τῇ
2560 481 2739 534 πίστει
2771 479 2897 531 λαὸν
2925 477 3048 538 τοὺς
3096 473 3296 542 ὖμνους
3339 471 3630 540 ἀναφερειν
3677 463 3757 537 τῷ
3808 466 3937 536 Θεῷ,

2455 573 2540 627 διὰ
2567 572 2676 625 τῶν
2709 576 2989 642 παρόντων
3025 566 3284 629 διδάσκει,
3317 562 3532 631 καὶτῆς
3562 561 3706 615 κατὰ
3737 560 3941 612 πάντων

2459 664 2713 736 προνοίας
2741 660 2902 717 αὑτοῦ
2928 661 3050 714 ὅσον
3091 658 3152 710 τὸ
3189 658 3378 728 χρῆμα
3408 653 3700 707 δείκνυσιν.
3736 651 3855 704 Ὀτι
3884 651 3940 703 ού

2460 758 2619 829 μόνον
2667 755 2774 808 τῶν
2818 750 3151 822 ἐπουρανίων
3181 751 3276 802 καὶ.
3321 747 3518 817 ἀερίων
3557 745 3768 798 τίθεται
3821 743 3940 814 πρό-

2453 866 2622 914 νοιαν,
2652 847 2788 901 ἀλλὰ
2815 845 3039 916 γὰρκαὶ
3068 843 3176 896 τῶν
3205 841 3462 908 ἐπιγείων
3495 840 3588 892 καὶ
3623 837 3733 890 τῶν
3761 838 3818 889 ὲν
3852 838 3939 888 αὑ-

2459 945 2569 1005 τοῖς
2595 939 2973 1011 σμικροτάτων
3003 954 3015 966 ⁸
3050 937 3124 998 ὼς
3162 933 3293 1004 μηδὲ
3317 932 3421 986 τῶν
3449 932 3586 985 πάνυ
3636 927 3942 982 εὐτελεστά-

2456 1051 2564 1087 των
2609 1031 2763 1096 ζώων
2815 1029 3055 1099 ἀμελεῖν,
3079 1025 3222 1096 ¹ἀλλὰ
3248 1022 3564 1076 καὶτούτων
3596 1023 3866 1092 προνοεῖν.

2450 1126 2721 1192 Εὑλόγει,
2749 1124 2787 1188 ’ἡ
2816 1119 2982 1190 ψυχή
3008 1135 3148 1187 μου,
3180 1115 3286 1170 τὸν
3309 1117 3546 1182 Κύριον.
3581 1113 3831 1166 Διδάσκει
3859 1112 3946 1165 καὶ

2385 1215 2476 1267 ἐπὶ
2502 1216 2566 1284 τῇ
2603 1211 2814 1284 μεγάλῃ
2846 1209 3069 1283 προνοίᾳ
3098 1207 3192 1260 τοῦ
3237 1206 3372 1259 Θεοῦ
3415 1205 3652 1272 εὐλογεῖν
3684 1206 3749 1273 τῇ
3807 1203 3942 1272 ψυχῇ

2385 1305 2474 1356 τὸν
2495 1303 2646 1367 Θεὸν,
2683 1302 2871 1370 ὥσπερ
2917 1300 3012 1353 καὶ
3039 1299 3128 1350 ἐπὶ
3159 1297 3237 1367 τῷ
3275 1295 3594 1367 προλαϐόντι
3623 1295 3712 1346 ἐπὶ
3737 1297 3804 1364 τῇ
3846 1293 3946 1346 τῶν

2393 1396 2807 1467 ἁμαρτημάτων
2845 1392 3155 1461 ἀπαλλαγῇ,
3205 1390 3379 1457 Κύριε
3407 1393 3439 1442 ό
3491 1389 3633 1452 Θεός
3652 1403 3793 1456 μου,
3823 1387 3948 1456 ἐμε-

2385 1490 2688 1560 γαλύνθης
2719 1484 2972 1554 σφόδρα.
3014 1481 3344 1551 Ἀφορῶντες
3368 1481 3447 1542 είς
3483 1479 3580 1549 τὴν
3614 1478 3714 1547 σὴν
3741 1475 3949 1548 πρόνοι-

2387 1600 2474 1643 αν,
2516 1575 2560 1633 ὦ
2592 1581 2859 1640 Δέσποτα,
2913 1576 3282 1648 μεγαλύνομεν
3327 1573 3423 1644 τῆς
3455 1573 3551 1643 σῆς
3597 1568 3852 1642 προνοίας
3891 1567 3950 1621 τὸ

2391 1669 2616 1740 μέγεθος
2664 1667 3108 1736 ἐκπληττόμενοι.
3169 1662 3325 1717 υῦτω
3373 1662 3482 1731 γὰρ
3527 1659 3624 1732 τὴν
3674 1659 3948 1730 ἡμετέραν

2388 1759 2774 1830 ἐξομολόγησιν
2816 1758 2910 1810 καὶ
2963 1756 3294 1826 εὐπρέπειαν
3321 1795 3335 1818 ,
3387 1751 3636 1804 τουτέστι
3673 1750 3765 1802 τὸν
3809 1750 3950 1820 μετὰ

2310 1855 2353 1910 Β
2379 1851 2683 1920 δοξολογίας
2707 1847 2874 1913 αἶνον,
2902 1850 3090 1920 ὥσπερ
3118 1866 3171 1899 τι
3198 1845 3533 1917 περιϐόλαιον
3571 1842 3946 1914 ἀμφιέννυσιν.

2471 1944 2973 2010 Ἁναϐαλλόμενος
3031 1939 3156 2008 φῶς
3221 1939 3299 2003 ὡς
3355 1934 3607 2005 ἱμάτιον.
3674 1933 3808 1986 Ἀπὸ
3859 1932 3953 1985 τοῦ

2384 2035 2673 2102 νοουμένου
2705 2033 2880 2100 φωτὸς
2913 2033 3138 2102 ἄρχεται
3168 2029 3260 2081 τὸν
3290 2027 3456 2097 ὕμνον
3502 2025 3831 2079 ἀναπλέκειν
3860 2025 3954 2076 αύ-

2383 2126 2480 2197 τῷ.
2515 2127 2722 2196 ’Ὠσπερ
2751 2125 2805 2176 δὲ
2836 2127 2892 2177 ἐν
2925 2125 3094 2194 ἑτέρῳ
3123 2123 3367 2174 λέλεκται
3404 2118 3516 2188 φῶς
3548 2121 3714 2170 οίκείν
3752 2116 3954 2188 ἀπρόσ-

2387 2238 2516 2284 ιτον,
2555 2218 2787 2272 ἐνταῦθα
2837 2216 2967 2270 αὐτὸ
3003 2214 3163 2268 τοῦτο
3201 2213 3260 2266 τὸ
3291 2211 3404 2282 φῶς
3432 2209 3829 2264 ἀναϐάλλεσθαι
3871 2207 3956 2261 λέ-

2385 2329 2560 2378 γεται.

2468 2405 2780 2457 Ἔκτείνων
2801 2400 2907 2454 τὸν
2938 2399 3200 2467 οὐρανὸν
3223 2397 3367 2451 ὡσεί
3419 2395 3638 2464 δέρῤιν.
3692 2391 3956 2461 Δεύτερον

2385 2496 2546 2548 τοῦτο
2564 2494 2819 2567 προνοίας
2843 2491 3049 2545 τίθεται
3065 2491 3244 2562 ἔργον,
3262 2490 3322 2542 τὸ
3338 2486 3670 2542 ὲκτείνεσθαι
3686 2486 3781 2538 τὸν
3797 2484 3957 2555 ούρα-

2387 2591 2474 2643 νὸν
2498 2587 2685 2657 ὦσπερ
2702 2603 2756 2638 τι
2793 2586 3004 2654 ἕκταμα
3027 2587 3083 2635 ὲν
3111 2583 3268 2652 χερσὶ
3283 2581 3544 2650 τεχνίτου.
3579 2578 3746 2648 Ὁμοῦ
3776 2578 3871 2630 καὶ
3900 2577 3960 2628 τὸ

2390 2684 2574 2751 σχῆμα
2592 2677 2901 2748 παρέστησε
2924 2675 3017 2728 καὶ
3039 2675 3135 2742 τὴν
3155 2671 3402 2725 εὐκολίαν
3417 2671 3507 2722 τοῦ
3529 2669 3961 2740 δημιουριίήσανο

2386 2795 2496 2840 τος.
2534 2775 2798 2844 Καθάπερ
2830 2771 2950 2843 ,γὰρ
2972 2765 3245 2837 ἀνθρώπῳ
3279 2761 3456 2834 ῥᾴδιον
3485 2763 3723 2813 ἐκτεῖναι
3753 2757 3957 2828 δὲῥριν,

2387 2871 2526 2924 οὕτω
2550 2868 2642 2920 καὶ
2669 2867 2745 2937 τῷ
2772 2863 2890 2933 Θεῷ
2922 2862 3012 2914 τὸν
3042 2861 3142 2912 οὐκ
3163 2859 3290 2910 ὄντα
3313 2853 3530 2924 ποιῆσαι
3547 2849 3742 2921 οὐρανέ
3750 2849 3962 2915 ν.“’Λμσ.

2387 2964 2443 3016 δὲ
2470 2963 2560 3015 καί
2589 2980 2640 3013 τι
2672 2961 2854 3029 ἓτερον
2878 2953 3094 3025 ᾐνίξατο
3126 2951 3302 3018 νόημα
3329 2946 3549 3016 ὑψηλὸν,
3575 2946 3656 2996 ὅτι
3686 2942 3825 3013 πρὸς
3847 2942 3966 2993 ἓτε-

2390 3071 2480 3126 ρον
2513 3053 2624 3122 βίον
2647 3045 3028 3118 ὁδεύομεν,καὶ
3060 3041 3129 3094 τὰ
3153 3039 3394 3111 παρόντα
3434 3036 3560 3088 σκιὰ
3583 3035 3690 3086 τῶν
3737 3032 3961 3102 μελλόν-

2389 3124 2514 3208 των,
2556 3145 2650 3197 καὶ
2695 3141 2906 3194 οὐδέπω
2950 3137 3084 3207 πρὸς
3123 3134 3191 3188 τὰ
3221 3133 3385 3186 ἄδυτα
3416 3126 3817 3197 ἀφικνούμεθα,
3846 3124 3961 3177 ἁλλ’

716 3215 896 3270 adhuc
937 3216 990 3268 in
1028 3217 1278 3284 praesenti
1318 3218 1448 3280 vita,
1483 3232 1582 3271 ceu
1621 3217 1676 3270 in
1726 3233 1887 3271 scena
1926 3220 2118 3272 simus.
2150 3218 2284 3272 Nam

2391 3239 2470 3290 ἔτι
2505 3239 2561 3289 ἐν
2586 3237 2756 3305 σκηνῇ
2800 3235 2964 3302 ἐσμεν
2997 3228 3074 3298 τῷ
3104 3226 3331 3296 παρόντι
3366 3224 3487 3292 βίῳ.
3532 3222 3596 3273 Ἥ
3639 3219 3752 3289 γὰρ
3787 3218 3964 3287 σκηνὴ

716 3322 879 3362 scena
915 3322 1106 3360 eorum
1137 3317 1220 3361 est
1253 3323 1374 3376 quae
1408 3309 1712 3363 solvuntur.
1748 3307 1816 3360 Et
1846 3320 1960 3378 post
1988 3327 2177 3379 pauca.
2208 3310 2282 3364 lta

716 3400 772 3454 in
815 3399 956 3454 caelo
1000 3410 1337 3456 commutato
1363 3401 1508 3456 aliud
1546 3403 1647 3456 erit
1691 3403 1814 3456 vita:
1841 3411 1894 3457 et
1926 3403 2086 3456 sortis
2117 3419 2285 3471 genus

716 3490 972 3559 presenti
1017 3490 1233 3544 melius.
1278 3491 1390 3544 Erit
1427 3491 1568 3545 enim
1599 3493 1795 3547 caelum
1832 3508 2030 3547 novum
2062 3504 2115 3547 et
2141 3504 2283 3548 terra

718 3595 880 3636 nova.
914 3580 1019 3635 Sed
1048 3583 1335 3639 audiamus
1363 3599 1611 3654 quaenam
1644 3585 1709 3639 de
1737 3587 1877 3640 caelo
1909 3587 2182 3654 propheta:
2199 3587 2282 3639 di-

717 3684 864 3740 cant,
889 3684 950 3727 ut
971 3690 1065 3728 ora
1083 3675 1401 3730 obturemus
1427 3691 1616 3729 eorum
1645 3667 2011 3744 qui‘maguam
2041 3677 2090 3729 in
2119 3678 2284 3732 barba

719 3769 1103 3822 conlidentiam
1141 3771 1362 3832 habent,
1394 3770 1488 3837 qui
1541 3785 1662 3838 quae
1710 3784 1829 3824 sese
1883 3770 2022 3822 ultro
2055 3770 2286 3824 offerunt

721 3860 891 3914 menti
921 3860 1230 3929 loquentes,
1257 3861 1444 3914 dicunt
1463 3861 1622 3927 etiam
1643 3863 1744 3917 sub
1769 3872 1907 3917 terra
1930 3865 2125 3917 ccelum
2145 3880 2284 3927 esse,

722 3960 913 4007 contra
937 3967 1076 4023 quos
1109 3963 1260 4007 stans
1297 3952 1565 4023 Pmpbeta
1592 3953 1839 4009 dicebat:
1868 3953 2164 4008 Extendeus
2189 3972 2288 4008 cae-

723 4044 829 4098 lum
859 4046 994 4098 sicut
1026 4044 1231 4114 pellem.
1263 4043 1426 4100 Pellis
1452 4063 1558 4100 non
1591 4055 1673 4100 est
1697 4047 1902 4115 sphaera
1936 4048 2201 4115 qua-dam,
2228 4058 2288 4102 ut

723 4148 999 4204 nugantur
1031 4135 1166 4204 ipsi;
1195 4135 1288 4187 sed
1333 4136 1508 4188 solum
1544 4134 1926 4202 hemisphaerio
1975 4136 2289 4190 cuidam.si-

724 4227 870 4283 milis
892 4237 996 4283 est.
1041 4225 1195 4294 Quod
1235 4227 1374 4282 alius
1412 4228 1668 4296 propheta
1696 4227 1938 4281 dicebat:
1971 4226 2074 4292 Qui
2105 4230 2289 4281 statuit

722 4330 781 4372 ut
820 4319 1076 4387 fornicem
1112 4317 1319 4384 caelum,
1348 4327 1398 4370 et
1438 4318 1667 4371 extendit
1700 4326 1758 4369 ut
1787 4315 2179 4370 tabernaculum
2219 4318 2288 4370 ad

637 4437 640 4440 ~
723 4411 1071 4464 habitandum
1101 4411 1158 4464 in
1189 4419 1333 4463 terra
1355 4411 1419 4464 ⁸⁸.
1452 4408 1518 4463 Ει
1551 4423 1766 4464 rursum
1795 4426 1808 4461 :
1847 4407 1965 4462 Non
1997 4419 2167 4473 nutat,
2199 4408 2287 4462 sed

723 4513 830 4556 stat
854 4502 994 4571 ﬁxus
1017 4502 1082 4556 ⁸⁷.
1106 4501 1181 4556 ita
1210 4503 1341 4558 dicit
1361 4503 1621 4573 propheta
1644 4521 1656 4555 :
1679 4501 1784 4565 Qui
1811 4501 1928 4568 ﬁxit
1953 4501 2158 4554 caelum.
2183 4498 2288 4554 Te-

2390 3330 2497 3382 τῶν
2522 3327 2813 3390 λυομένων.
2841 3323 2947 3378 Καὶ
2972 3321 3096 3390 μετ’
3125 3319 3316 3386 ὀλίγτυ
3345 3315 3499 3368 Οὕτω
3537 3316 3632 3365 καὶ
3659 3312 3755 3364 τοῦ
3801 3314 3963 3382 ούρα-

2392 3420 2482 3472 νοῦ
2512 3419 2606 3471 τοῦ
2640 3414 3038 3484 ἁλλασσομένου
3069 3411 3252 3481 ἕτερος
3282 3407 3434 3460 ἔσται
3464 3406 3665 3474 τρόπος
3701 3402 3849 3472 ζωῆς
3874 3402 3968 3454 καὶ

2392 3507 2543 3576 λῆξις
2570 3507 2669 3575 τῆς
2689 3503 2966 3575 παρούσης
3001 3500 3257 3571 ἀμείνων.
3295 3498 3486 3550 Ἔσται
3518 3493 3629 3565 γὰρ
3671 3495 3699 3544 ὁ
3737 3492 3971 3563 οὐρανὸς

2395 3598 2576 3660 καινὸς
2603 3598 2698 3648 καὶ
2726 3596 2759 3665 ή
2783 3594 2853 3662 γῆ
2885 3594 3066 3662 καινή.
3115 3589 3253 3641 Ἀλλ’
3301 3584 3660 3655 ἀκουσώμεθα
3685 3584 3787 3635 ὅσα
3839 3580 3971 3652 περὶ

2393 3683 2626 3756 ούρανοῦ
2664 3683 2912 3750 λέγουσιν
2938 3680 2988 3731 οἱ
3017 3678 3312 3750 προφῆται,
3360 3676 3445 3727 ἵνα
3477 3676 3545 3726 τὰ
3572 3673 3816 3741 στόςατα
3859 3671 3972 3724 τῶν

2395 3775 2578 3845 ἐπὶτῷ
2599 3773 2818 3842 πώγωνι
2850 3773 2990 3842 μέγα
3016 3768 3350 3839 φρονούντων
3376 3765 3748 3836 ὲμφράξωμεν
3771 3781 3786 3795 °
3818 3763 3870 3816 οἳ
3901 3762 3972 3814 τὰ

2395 3867 2686 3921 ἐπελθόντα
2731 3864 3111 3934 φθεγξάμενοι,
3151 3861 3245 3915 καὶ
3289 3860 3392 3912 ὑπὸ
3419 3860 3522 3928 γῆν
3555 3857 3789 3927 οὐρανὸν
3825 3851 3972 3908 εἶναι

2394 3961 2638 4029 λέγουσι·
2673 3958 2807 4028 πρὸς
2833 3957 2924 4019 οὓς
2947 3956 3229 4026 ἱστάμενος
3256 3955 3284 4004 ὁ
3306 3953 3591 4022 προφήτης
3620 3950 3795 4017 ἔλεγε·
3840 3951 3974 4002 Ἐπ’

2382 4053 2603 4104 τείνων
2650 4048 2756 4101 τὸν
2797 4047 3056 4114 οὐρανὸν
3105 4044 3247 4097 ὡσεὶ
3299 4042 3518 4110 δέῤῥιν.
3573 4042 3638 4093 Ἡ
3684 4041 3871 4110 asper;
3909 4038 3973 4092 ού

2398 4140 2598 4208 σφαῖρά
2619 4141 2701 4202 τίς
2729 4141 2844 4191 ἐστι
2873 4137 3012 4191 κατὰ
3035 4137 3132 4207 τὴν
3160 4135 3379 4189 ἐκείνων
3428 4132 3698 4204 ληρωδίαν
3719 4147 3734 4160 °
3772 4131 3893 4184 ἀλλ’
3925 4132 3977 4184 εὶ

2400 4231 2473 4302 μὴ
2505 4232 2709 4300 κυκλίῳ
2741 4232 2846 4283 τινί
2874 4231 2967 4282 καλ⁸
2993 4226 3335 4299 ἡμισφαιρίῳ
3377 4225 3720 4295 προσέοικεν.
3792 4223 3976 4294 Ὅπερ

2395 4317 2488 4374 οὖν
2535 4321 2718 4392 ἔτερος
2772 4320 3052 4390 προφήτης
3109 4315 3284 4387 δηλῶν
3342 4314 3562 4382 ἔλεγεν·
3623 4314 3686 4366 '0
3729 4312 3976 4379 στήσας

2395 4414 2475 4477 ὡς
2505 4411 2776 4479 καμάραν
2798 4411 2904 4462 τὸν
2932 4409 3212 4476 οἰιοαιιὸν,
3236 4408 3334 4461 καὶ
3374 4407 3676 4472 διατείνας
3700 4409 3784 4471 ὡς
3824 4423 3976 4472 σκη-

2396 4505 2515 4570 νὴν
2539 4502 2834 4556 κατοικεῖν
2855 4502 2955 4555 ἐπὶ
2980 4500 3088 4568 τῆς
3109 4500 3240 4569 γῆς.
3283 4501 3390 4552 Καὶ
3423 4497 3604 4560 πάλιν,
3637 4499 3719 4550 ὅτι
3759 4500 3844 4550 Οὐ
3874 4512 3979 4550 πε-

645 4653 648 4656 ,
725 4597 1097 4665 unitatemque
1118 4595 1237 4665 ejus
1267 4596 1334 4650 ad
1363 4611 1636 4651 summum
1667 4610 1841 4663 usque
1869 4595 2150 4650 declarans
2169 4594 2244 4646 ait
2275 4608 2289 4646 :

2389 4595 2705 4663 ριδονεῖται
2731 4613 2743 4625 ·
2778 4594 2914 4649 ἀλλ’
2951 4594 3170 4659 ἕστηκε
3218 4589 3514 4660 πεπηγώς.
3558 4588 3714 4642 Οὕτω
3742 4588 3916 4660 φησιν
3951 4591 3981 4642 ὁ

725 4687 928 4742 (Icelum
975 4690 1107 4742 sicut
1155 4689 1329 4757 fumus
1376 4689 1646 4756 firmatum
1699 4697 1796 4742 est.
1843 4687 1947 4750 Qui
1996 4688 2114 4756 tegit
2140 4687 2290 4754 aquis

726 4781 1003 4848 superiora
1040 4779 1174 4848 ejus.
1217 4777 1466 4833 Ostendit
1505 4794 1612 4831 non
1646 4787 1847 4832 temere
1893 4792 2154 4847 aquarum
2186 4777 2294 4832 fre-

725 4871 1004 4940 quentiam
1057 4873 1112 4926 in
1169 4887 1294 4926 aere
1357 4871 1730 4930 circumferri,
1789 4869 1882 4925 sed
1935 4872 2108 4938 ipsum
2176 4886 2290 4924 rem

727 4978 886 5033 agere
929 4964 1270 5033 providentia
1301 4964 1560 5033 quadam,
1597 4962 1670 5016 ita
1709 4971 1767 5016 ut
1795 4961 2020 5015 nubium
2066 4961 2292 5016 eoneiu.

729 5051 898 5106 nitate
920 5063 974 5107 et
993 5052 1261 5123 positione
1279 5053 1560 5106 videantur
1589 5052 1694 5120 tegi
1712 5052 1974 5106 calorum
1999 5059 2199 5119 partes.

2395 4692 2697 4760 προφῄτης,
2743 4687 2804 4739 '0
2827 4685 3026 4754 πήξας
3053 4685 3158 4736 τὸν
3178 4684 3459 4750 οὐρανόν.
3507 4682 3619 4735 Καὶ
3646 4681 3747 4750 τὴν
3779 4680 3982 4733 λεπτόο

2395 4799 2531 4851 τητα
2558 4781 2613 4834 δὲ
2636 4781 2798 4834 αὐτοῦ
2825 4782 2924 4850 τὴν
2956 4782 3036 4840 εἰς
3071 4778 3237 4848 ἄκρον
3267 4774 3546 4846 παριστῶν
3576 4773 3788 4841 ἔλεγεν,
3812 4774 3897 4826 ὅτι
3915 4774 3981 4826 ’0

2396 4873 2649 4941 οὐρανὸς
2681 4873 2822 4927 ὡσεὶ
2847 4871 3075 4936 καπνός
3098 4869 3445 4938 ἐστερεώθη.
3498 4868 3551 4919 '0
3587 4866 3898 4935 στεῃὶζωγ
3911 4867 3984 4918 ἐν

2396 4964 2576 5018 ὕδασι
2603 4967 2673 5020 τὰ
2698 4964 2933 5032 ὑπερῷα
2962 4962 3146 5016 αὑτοῦ
3167 4981 3178 4992 ·
3213 4961 3500 5023 δείκνυσιν,
3526 4959 3600 5021 ὡς
3628 4959 3728 5011 οὐκ
3760 4959 3892 5029 εἰκῆ
3913 4959 3987 5008 τὰ

2399 5057 2504 5109 τῶν
2531 5057 2737 5110 ὑδάτων
2767 5056 3086 5126 συστήματα
3112 5057 3167 5107 ἐν
3193 5054 3316 5127 ἀέρι
3363 5052 3722 5122 περιφέρεται
3747 5067 3762 5081 ο
3814 5051 3981 5110 αὐτος

728 5143 837 5215 γὰρ
890 5143 993 5213 ἰδία
1046 5144 1272 5216 προνοίᾳ
1303 5143 1424 5211 ἄγει
1466 5144 1528 5195 τὸ
1575 5144 1826 5214 πρᾶγμα,
1871 5143 1946 5205 ὡς
1994 5143 2088 5194 καὶ
2128 5142 2303 5194 δοκεῖν
2369 5145 2694 5217 ἐστεγάσθαι
2749 5152 2815 5220 τῇ
2847 5148 2956 5201 τῶν
2986 5147 3162 5216 νεςῶν
3189 5145 3487 5216 εὺαρμονία
3533 5143 3603 5196 τὰ
3667 5145 3800 5213 περὶ
3869 5143 3990 5195 τῶν

726 5236 971 5302 οὐρανῶν
999 5236 1160 5308 μέρη.

805 5330 858 5382 4.
885 5325 989 5392 Qui
1020 5329 1164 5396 ponit
1204 5327 1388 5382 nubem
1424 5342 1698 5380 ascensum
1734 5343 1904 5379 suum.
1933 5324 2096 5390 Quasi
2133 5340 2291 5394 aper-

730 5422 840 5474 tius
875 5420 1079 5474 diceret
1107 5439 1120 5474 :
1148 5417 1250 5484 Qui
1295 5419 1360 5473 ad
1406 5419 1552 5488 ipsas
1585 5433 1756 5487 usque
1795 5417 1967 5470 nubes
2010 5417 2294 5484 providen-

731 5512 862 5564 tiam
897 5511 1166 5575 cxtendit;
1203 5524 1492 5564 ascensum
1522 5508 1668 5561 enim
1695 5521 1792 5576 pro
1833 5505 2167 5576 providentia
2208 5521 2295 5574 po-

732 5604 861 5658 suit.
893 5603 996 5668 Qui
1023 5602 1262 5655 ambulat
1309 5617 1464 5669 super
1505 5616 1696 5669 pennas
1731 5610 2021 5655 ventorum.
2048 5597 2296 5654 Declarat

801 5797 846 5830 "
879 5801 983 5855 lsa.
1023 5817 1104 5868 τι,
1141 5801 1230 5856 ‘32.
1310 5800 1483 5856 "15a.
1519 5818 1593 5869 ιι,
1633 5801 1682 5857 6.

2503 5329 2600 5378 Οτι
2631 5326 2752 5393 θεὶς
2779 5325 2932 5394 νέφη
2984 5324 3097 5392 τὴν
3134 5323 3412 5376 ἐπίϐασιν
3445 5320 3655 5374 αυτοῦ.
3693 5319 3841 5371 Ὡσεὶ
3881 5336 3984 5371 σαν

2401 5418 2658 5488 φέστερον
2686 5417 2917 5481 ἔδειξεν·
2961 5417 3017 5468 ὐ
3050 5417 3142 5469 καὶ
3181 5415 3338 5485 μέχρι
3376 5411 3482 5464 τῶν
3519 5409 3757 5478 νεφελῶν
3794 5411 3986 5463 αὐτῶν

2400 5510 2468 5562 τὰ
2489 5510 2586 5577 τῆς
2606 5508 2857 5580 προνοίας
2876 5506 3146 5560 ἐκτείνων.
3182 5505 3291 5572 Τὴν
3312 5503 3420 5574 γὰρ
3450 5501 3704 5555 ἐπίϐασιν
3727 5500 3855 5551 ἀντὶ
3881 5502 3988 5570 τῆς

2404 5597 2662 5668 προνοίας
2718 5584 2977 5652 τέθεικεν.
3029 5599 3088 5650 ’0
3123 5592 3458 5665 περιπατῶν
3513 5591 3613 5646 ἐπὶ
3664 5592 3987 5662 me:pr
