4094 6312
175 369 268 428 I57
1296 364 1654 422 EXPOSITIO
1695 363 1763 418 lN
1801 365 2131 421 PSALMUM
2169 365 2306 422 Clll.

3280 358 3386 416 ιδε

173 482 420 551 ἀνέμων.
480 479 777 544 Δείκνυσιν,
809 481 884 545 ὼς
939 481 1060 535 οὐδὲ
1092 483 1125 551 ὴ
1174 480 1282 555 τῶν
1320 481 1534 551 ἀνέμων
1584 478 1715 550 φορὰ

1829 495 1937 534 non
1981 489 2182 535 temere
2226 480 2354 534 ferri
2391 488 2672 534 ventorum
2719 478 3016 545 impetum;
3058 476 3152 533 sed
3208 479 3386 548 ipsum

171 575 284 644 εἰκῆ
315 573 574 644 φέρεται·
607 573 721 627 ἀλλ’
752 575 912 638 αὐτός
959 577 1106 628 ἐστιν
1145 574 1332 645 ὥσπερ
1381 591 1463 638 τις
1515 572 1726 643 ἡνίοχος

171 665 341 718 αὐτῶν
393 665 702 734 γινόμενος,
766 664 855 718 διὰ
898 665 992 718 τοῦ
1039 668 1158 730 ταῖς
1201 664 1382 719 αὐτῶν
1430 663 1726 717 ὲπιΰαίνειν

171 758 446 828 πτέρυξιν.

243 851 307 902 '0
350 848 541 903 ποιῶν
571 849 712 909 τσὺς
762 849 1053 920 ἀγγέλους
1085 851 1272 905 αὑτοῦ
1303 851 1626 917 πνεύματα.
1666 849 1724 899 '0

169 941 420 1010 κούφους,
449 944 601 1012 φησὶ,
630 944 724 996 καὶ
753 945 1071 1014 μεταρσίους
1097 945 1221 1007 τοὺς
1247 942 1507 1010 ἀγγέλους
1534 941 1721 995 ποιῶν.

167 1033 270 1085 Καὶ
299 1033 443 1098 τοὺς
468 1035 847 1102 λειτουργοὺς
887 1035 1070 1089 αὑτοῦ
1100 1035 1217 1103 πῦρ
1263 1033 1504 1103 φλέγον.
1541 1032 1725 1095 Οὕτως

168 1117 267 1174 εἶδε
299 1124 540 1194 Massici};
567 1126 626 1178 ὲν
663 1126 795 1196 πυρὶ
828 1125 1021 1194 φλογὸς
1070 1125 1159 1179 τὸν
1207 1125 1434 1193 ἄγγελον
1464 1124 1724 1177 λαλοῦντα

168 1215 329 1285 αὐτῷ.

241 1307 302 1359 '0
324 1309 617 1377 οεμελιῶν
638 1310 752 1378 τὴν
782 1310 900 1381 γῆν
927 1311 1024 1364 ἐπὶ
1046 1310 1162 1380 τὴν
1188 1310 1542 1380 ἀσφάλειαν.
1571 1305 1725 1363 Μετὰ

165 1398 220 1449 τὺ
245 1397 416 1466 δεῖξαι
446 1401 544 1472 τὴν
591 1404 648 1457 ὲν
689 1403 766 1472 τῷ
797 1404 1007 1475 οὐρανῷ
1049 1405 1302 1476 πρόνοιαν
1328 1403 1420 1457 τοῦ
1463 1402 1722 1471 δημιουρ-

166 1487 277 1555 γοῦ,
311 1490 528 1560 πρόεισι
554 1493 646 1544 καὶ
674 1494 801 1562 περὶ
833 1493 940 1546 τῶν
973 1494 1032 1546 ὲν
1065 1498 1131 1566 τῇ
1155 1498 1225 1565 γῇ
1252 1493 1505 1564 πρόνοιαν
1533 1488 1719 1544 αὑτοῦ.

165 1580 299 1632 Αὐτὸ
327 1581 490 1634 τοῦτο
530 1583 624 1648 τὸ,
667 1585 892 1657 στερεὰν
948 1586 1118 1657 αὐτὴν
1163 1582 1325 1639 οὖσαν
1375 1586 1468 1638 καὶ
1504 1583 1722 1654 βαρεῖαν

169 1671 249 1739 ἐφ’
278 1673 451 1743 ὑγρᾶς
488 1674 811 1745 ἑδρασθῆναι
841 1677 1044 1740 οὐσίας.

237 1763 532 1831 Ι’Ἀθνιτσσος
569 1767 648 1831 ὡς
701 1767 930 1837 ἱμάτιον
979 1771 1046 1822 τὸ
1093 1769 1470 1836 περιϐόλαιον
1512 1765 1716 1820 αὐτοῦ.

167 1851 327 1904 ἀὺτοῦ
354 1853 455 1922 μὲν
486 1855 577 1908 τοῦ
604 1857 702 1926 τῆς
735 1859 837 1926 γῆς
869 1857 1131 1928 στοιχείου
1165 1856 1315 1928 φησί.
1349 1855 1511 1922 Λέγει
1539 1855 1614 1919 δὲ,
1639 1855 1719 1906 ὅτι

166 1939 343 2012 ὥσπερ
372 1945 574 2013 ίματίῳ
603 1946 889 2016 περιέϐαλε
909 1951 975 2017 τῇ
1005 1947 1225 2018 ἁϐύσσῳ
1258 1947 1358 2017 τὴν
1377 1947 1498 2016 γῆν,
1521 1944 1719 2011 ἔξωθεν

166 2033 337 2085 πᾶσαν
354 2050 424 2085 πε
431 2035 702 2104 ρικυκλῶν
723 2034 895 2089 ὕδατι.
915 2037 1044 2090 Ἐπί
1066 2036 1185 2090 τῶν
1194 2036 1377 2104 ὀρέων
1389 2033 1720 2099 στήσονται

165 2121 365 2186 ὕδατα,
400 2141 456 2179 κ.
479 2141 530 2177 τ.
558 2123 608 2178 λ.
645 2125 732 2188 Ὦς
760 2127 883 2198 ὄρη,
928 2129 1080 2197 φησι,
1116 2129 1183 2182 τὰ
1213 2128 1316 2197 τῆς
1346 2126 1582 2180 ἀϐύσσου
1629 2129 1721 2178 ἀν-

165 2212 411 2267 ιστῶνται
438 2215 605 2269 ὕδατα
636 2217 934 2288 ὑψούμενα,
972 2221 1065 2272 καὶ
1093 2219 1255 2272 οἱονεὶ
1271 2218 1592 2272 ἀπειλοῦντα
1619 2233 1718 2270 me

163 2298 421 2354 κκλῦσαι
467 2303 567 2373 τὴν
595 2303 728 2373 γῆν·
769 2305 902 2360 ἀλλὰ
928 2307 1006 2377 τῷ
1052 2307 1129 2378 σῷ
1154 2308 1381 2378 νεύματι
1416 2309 1508 2361 καὶ
1555 2310 1619 2377 τῇ
1653 2309 1717 2376 σῇ

160 2387 402 2458 δυνάμει,
427 2392 548 2460 ἥτις
573 2394 667 2445 καὶ
699 2395 786 2446 διὰ
815 2397 914 2464 τῆς
955 2397 1180 2468 βροντῆς
1213 2398 1551 2469 σημαίνεται,
1591 2399 1719 2450 ἁνα-

161 2479 411 2549 χωροῦσι,
445 2483 610 2552 φησιν
632 2501 646 2514 °
675 2485 707 2556 ἢ
742 2487 884 2556 τάχα
909 2490 1002 2541 καὶ
1032 2489 1127 2552 τὰς
1168 2490 1393 2561 βροντὰς
1428 2491 1514 2544 διὰ
1563 2491 1720 2543 τοῦτο

161 2572 481 2642 γεγενῆσθαί
503 2593 658 2646 φησι,
683 2579 819 2650 πρὸς
848 2579 907 2631 τὸ
937 2579 1098 2648 φόϐον
1134 2580 1256 2634 τινὰ
1293 2580 1588 2650 λαμϐάνειν
1615 2580 1720 2633 ἀπὸ

160 2663 259 2714 τῶν
290 2669 591 2737 γινομένων
630 2670 728 2740 τῆς
773 2672 1012 2726 ἁῦύσσου
1037 2674 1106 2727 τὰ
1138 2674 1320 2728 ὖδατα.
1355 2676 1414 2728 Εἰ
1448 2674 1503 2726 δὲ
1538 2675 1719 2727 ἐκεῖνα

159 2755 306 2811 τοῦτο
338 2761 625 2832 ὑπομένει,
667 2763 848 2835 πολλῷ
895 2765 1053 2820 πλέον
1086 2768 1148 2820 τὸ
1186 2766 1423 2820 τοιοῦτον
1451 2768 1530 2819 δεῖ
1574 2767 1719 2836 ἡμᾶς

158 2849 365 2906 παθεῖν.

234 2944 690 2999 Ἀναϐαίνουσιν
732 2947 837 3015 ὄρη
889 2948 988 3003 καί
1045 2953 1471 3005 καταϐαίνουσι
1523 2952 1714 3007 πεδία.

169 3032 493 3104 Ὺψούμενα,
525 3037 675 3107 φησι,
706 3038 774 3092 τὰ
797 3039 964 3094 ὕδατα
987 3043 1373 3116 παρεικασθείη
1399 3045 1465 3099 ἂν
1489 3046 1670 3116 ὄρεσιν
1702 3063 1716 3077 ·

1825 585 1944 624 esse
1967 573 2126 649 quasi
2154 573 2399 641 aurigam
2430 570 2738 641 quemdam,
2761 569 2905 639 quod
2932 569 3188 623 asccndat
3227 585 3388 642 super

1822 675 2030 730 pennas
2055 659 2196 730 ejus.

1896 841 1947 894 5.
1993 840 2098 906 Qui
2141 841 2270 911 facit
2312 840 2522 911 angelos
2555 856 2678 893 suos
2712 839 2950 907 spiritus.
2995 835 3097 902 Qui
3141 835 3383 905 angelos,

1824 932 2018 1002 inquit,
2064 933 2208 989 leves
2241 942 2294 987 et
2341 931 2601 987 sublimes
2647 929 2796 984 facit.
2843 927 2908 984 Et
2958 929 3225 981 ministros
3263 942 3385 980 suos

1824 1021 1994 1091 igneus
2035 1034 2291 1076 urentem.
2332 1021 2408 1076 lla
2449 1021 2582 1074 vidit
2625 1019 2835 1091 Moyses
2866 1021 2923 1075 in
2966 1019 3182 1073 ilatnma
3243 1017 3384 1087 ignis

1824 1115 2072 1183 angelum
2104 1114 2208 1169 sibi
2235 1119 2566 1184 loquentem.

1897 1310 2002 1375 Qui
2051 1307 2294 1378 fundavit
2368 1317 2564 1361 terram
2614 1322 2768 1374 super
2817 1298 3158 1359 stabilitate»:
3213 1317 3382 1355 suam.

1824 1398 2122 1469 Postquam
2148 1396 2383 1453 ostendit
2408 1396 2711 1451 conditoris
2733 1396 2788 1450 in
2813 1396 2950 1450 cmlo
2969 1391 3382 1464 providentiam,

1823 1491 2170 1560 progreditur
2225 1489 2290 1541 ad
2345 1486 2738 1556 providentiam
2796 1485 2917 1555 ejus
2970 1498 3098 1553 erga
3150 1491 3382 1536 terrena.

1822 1581 1977 1648 Quod
2004 1583 2160 1636 ﬁrma
2199 1581 2290 1634 illa
2316 1590 2370 1634 et
2403 1579 2584 1648 gravis
2609 1593 2734 1633 cum
2766 1578 2858 1640 sit,
2893 1577 2948 1630 in
2981 1574 3200 1629 humida
3253 1573 3384 1628 sub-

1822 1673 2022 1729 Stantia
2050 1673 2273 1727 fundata
2303 1671 2486 1725 fuerit.

1892 1764 1948 1828 6,
1987 1764 2037 1818 7.
2069 1764 2298 1834 Abyssus
2323 1765 2458 1818 sicut
2485 1765 2844 1817 uestimentum
2865 1761 3090 1813 amictus
3114 1759 3250 1828 ejus,
3281 1756 3387 1809 ele-

1821 1859 1988 1912 menti
2017 1859 2227 1914 scilicet
2255 1857 2480 1914 terreni.
2528 1858 2617 1911 Ait
2646 1857 2829 1927 igitur,
2857 1855 3055 1926 abysso
3083 1867 3184 1906 ceu
3213 1851 3381 1905 vesti-

1821 1959 2004 2002 mento
2035 1947 2463 2002 circumdedisse
2494 1956 2714 2009 terram,
2750 1955 2918 2000 totam
2957 1941 3196 1999 exterius
3223 1941 3379 2010 aquis

1821 2040 2088 2095 ambiens.
2123 2038 2290 2108 Super
2329 2049 2528 2096 montes
2570 2038 2783 2092 stabunt
2831 2051 3001 2106 aqum,
3049 2043 3156 2088 etc.
3185 2032 3378 2103 AbySsi

1820 2146 1996 2202 aquae,
2021 2133 2116 2200 ait,
2157 2133 2331 2187 instar
2364 2131 2632 2188 montium
2662 2129 2922 2184 sublimes
2969 2127 3274 2196 insurgunt,
3327 2137 3381 2178 et

1819 2223 1977 2292 quasi
2007 2226 2332 2280 minitantur
2363 2226 2708 2294 submergere
2755 2233 2975 2287 terram,
3015 2220 3106 2274 sed
3158 2230 3288 2272 nutu
3326 2227 3380 2271 ct

1819 2323 2086 2382 potestate
2119 2326 2231 2380 tua,
2260 2331 2382 2386 qua:
2423 2331 2518 2385 per
2571 2314 2780 2370 tonitru
2822 2312 3176 2382 signiﬁcatur,
3229 2323 3377 2363 receo

1820 2406 1994 2460 dunt:
2027 2415 2120 2460 aut
2146 2407 2377 2462 fortasse
2404 2408 2526 2462 ideo
2558 2407 2800 2460 tonitrua
2830 2404 2945 2458 ﬁeri
2984 2404 3078 2469 ait,
3113 2410 3173 2455 ut
3196 2415 3259 2454 ex
3286 2415 3378 2469 ge.-

1821 2498 1922 2552 stis
1956 2499 2118 2553 rebus
2151 2498 2343 2554 timore
2375 2498 2610 2568 quodam
2661 2497 2964 2552 adiciantur
2991 2511 3145 2563 aqua:
3175 2493 3374 2564 abyssi.

1821 2587 1975 2653 Quod
2016 2591 2062 2644 si
2095 2591 2146 2644 id
2183 2591 2288 2647 illis
2322 2593 2555 2658 eveniat,
2605 2591 2775 2646 multo
2800 2588 2976 2659 magis
3018 2586 3194 2641 simile
3221 2585 3379 2644 nobis

1820 2681 2134 2750 contingere
2159 2698 2382 2738 necesse
2403 2693 2506 2738 est.

1891 2942 1945 3007 8,
1975 2941 2027 2996 9.
2060 2941 2359 2995 Ascendunt
2386 2949 2587 2996 montes
2625 2951 2673 2995 et
2707 2940 3019 2996 descendunt
3048 2942 3242 3010 campi.
3274 2944 3380 2999 Ex-

1821 3033 2022 3096 altatae,
2065 3034 2160 3097 ait,
2194 3049 2348 3102 aqua:
2371 3036 2495 3105 jure
2524 3035 2806 3088 montibus
2837 3044 3240 3105 comparentur,
3285 3037 3380 3090 sed

158 3121 263 3174 ἀλλ’
297 3123 614 3194 ἁπλούμενα
648 3126 808 3181 πάλιν
840 3129 945 3182 ὑπὸ
967 3129 1060 3183 τοῦ
1092 3130 1184 3184 σοῦ
1217 3131 1401 3200 φόϐου,
1425 3135 1586 3186 οξονεὶ
1618 3151 1715 3187 πε-

1821 3125 2042 3187 εοὰοιαθ,
2072 3124 2270 3193 inquit,
2299 3140 2395 3194 per
2427 3125 2680 3180 timorem
2721 3134 2900 3190 tuum,
2946 3127 3103 3196 quasi
3157 3142 3380 3196 campus

155 3211 267 3278 διὰς
305 3217 400 3269 καὶ
437 3217 612 3290 ὁμαλὴ
655 3221 863 3287 γίνεται
897 3222 988 3293 γῆ.
1035 3221 1428 3292 Ἐθεμελίωσας
1470 3225 1578 3297 γὰρ
1620 3227 1716 3278 αὐ-

154 3308 259 3369 τοῖς
280 3308 445 3362 τόπον
473 3310 533 3363 ὃν
555 3313 654 3382 οὐχ
669 3307 778 3365 οἷόν
798 3330 857 3366 τε
875 3313 1219 3384 ὑπερϐαίνειν
1239 3316 1394 3370 αὐτὰ.
1425 3319 1532 3371 Καὶ
1558 3319 1716 3373 τοῦτό

156 3395 284 3456 ἐστι.
314 3399 409 3451 τόδ
467 3400 670 3469 Ὅριον
713 3403 852 3456 ἔθου
901 3403 932 3456 ὃ
975 3405 1049 3457 οὺ
1099 3408 1592 3474 παρελεύσονται.
1625 3410 1715 3464 Διὸ

155 3487 266 3542 οὐδὲ
289 3490 581 3545 ἐπικλῦσαι
602 3493 851 3547 δύνανται
879 3497 977 3568 τὴν
1005 3499 1127 3570 γῆν.
1155 3501 1376 3571 ’Ὅμοιον
1399 3501 1454 3555 δὲ
1490 3503 1551 3555 τὸ
1578 3503 1716 3574 πρὸς

155 3577 244 3648 ὴν
269 3580 543 3635 θάλασσαν
574 3585 865 3656 εἰρημένον
899 3588 988 3642 διὰ
1024 3591 1118 3644 τοῦ
1161 3594 1439 3663 προφήτου
1467 3611 1482 3626 ·
1525 3595 1714 3665 Μέχρι

152 3673 358 3726 τούτου
384 3674 614 3743 στήσῃ,
650 3679 746 3732 καί
769 3682 881 3750 οὐχ
911 3683 1239 3754 ὑπερϐήσῃ.
1277 3686 1427 3740 Ἀλλ’
1448 3687 1518 3741 ἐν
1537 3702 1714 3742 σεαυ-

153 3765 223 3833 ιθῆ
252 3768 764 3836 συντριϐήσονταί
796 3790 912 3828 σου
942 3779 1013 3831 τὰ
1040 3781 1286 3846 κύματα.

227 3858 360 3912 Ἀνὰ
381 3859 582 3927 μέσον
637 3862 754 3916 τῶν
802 3865 984 3932 ἐρέων
1039 3867 1447 3924 διελεύσονται
1503 3871 1708 3926 ὕδατα.

151 3948 298 4001 Κατὰ
328 3952 501 4022 μέρος
546 3953 838 4023 δοξολογῶν
893 3958 1183 4030 ἐπέρχεται
1229 3965 1295 4032 τῇ
1332 3963 1575 4034 προνοίᾳ,
1619 3966 1712 4017 καὶ

147 4037 239 4107 τὴν
283 4041 424 4110 μετὰ
470 4043 662 4111 σοφίας
710 4045 1052 4117 τεθαύμακεν
1097 4050 1429 4120 ἁγαθὸτητα,
1473 4053 1566 4105 καὶ
1612 4056 1709 4123 τῆς

148 4129 247 4182 τῶν
280 4132 498 4201 ἀλόγων
530 4132 684 4198 ζώων
709 4139 1125 4207 πεφροντικότος
1145 4141 1406 4212 διαμονῆς
1440 4143 1531 4195 τοῦ
1553 4142 1705 4196 Θεοῦ·

149 4224 370 4292 ποιήσας
417 4225 537 4296 ,γὰρ
575 4225 734 4289 αὐτὰ,
769 4229 862 4281 καὶ
909 4231 1097 4302 τρέφει
1126 4232 1220 4284 καὶ
1252 4233 1479 4297 ποτίζει.
1524 4235 1613 4288 Διὸ
1643 4234 1710 4287 τὰ

148 4313 237 4384 Ερη
265 4315 472 4386 τεμὼν,
508 4319 738 4389 πάροδον
776 4322 887 4384 τοῖς
919 4320 1102 4375 ὕδασιν
1133 4324 1476 4395 ἐτεκτήνατο.

207 4490 498 4543 Ποτιοῦσι
527 4492 723 4547 πάντα
749 4496 821 4549 τὰ
847 4497 1020 4564 θηρία
1054 4498 1160 4552 τοῦ
1187 4498 1392 4568 ἀγροῦ.
1429 4500 1583 4554 Οὕτω
1612 4502 1703 4554 καὶ
1734 4495 1780 4551 D

148 4578 244 4632 τῶν
267 4582 482 4650 ἀλόγων
517 4581 668 4645 ζώων
698 4588 791 4640 καὶ
843 4590 1084 4659 ἑρπετῶν
1115 4592 1208 4644 καὶ
1236 4591 1438 4663 θηρίων
1471 4599 1703 4665 προνοεῖ,

146 4671 213 4734 ὡς
243 4676 337 4728 καὶ
371 4675 586 4738 τούτοις
617 4678 678 4730 τὸ
707 4681 843 4750 πρὸς
871 4681 1011 4752 ζωὴν
1037 4668 1306 4756 χρήσιμον
1337 4687 1702 4756 ἐπιχορηγεῖν.

148 4764 583 4830 Ιῖροσδέξονται
606 4766 844 4838 ὅναγροι
867 4774 954 4837 εἰς
973 4773 1159 4840 δίψαν
1181 4776 1398 4829 αὐτῶν.
1423 4778 1530 4829 Καὶ
1551 4778 1705 4830 τοῦτο

146 4854 232 4922 τῆς
258 4855 359 4924 σῆς
401 4859 660 4926 προνοίας
701 4861 846 4913 ἐστὶν
875 4861 1050 4933 ἔργον,
1087 4867 1145 4917 τὸ
1189 4867 1263 4938 μὴ
1298 4869 1457 4938 μόνον
1488 4868 1574 4923 διὰ
1608 4869 1704 4932 τὰς

148 4946 258 5015 περὶ
281 4947 623 5018 χειμάρρους
652 4949 796 5020 ὥρας
827 4954 884 5005 ὲν
914 4957 1030 5017 ταῖς
1063 4958 1300 5028 φάραγξι
1325 4960 1414 5011 καὶ
1450 4965 1560 5024 τοῖς
1581 4959 1704 5012 Οάλ-

147 5049 296 5089 πουσι
345 5038 542 5103 τόποις
576 5039 742 5092 ὕδατα
770 5041 1022 5108 δίδοσθαι,
1052 5047 1184 5100 ἀλλὰ
1204 5050 1311 5120 γᾴρ
1337 5050 1430 5102 καὶ
1473 5051 1574 5104 ἀνὰ
1611 5050 1703 5119 μέ-

147 5137 226 5175 σον
246 5127 356 5180 τῶν
387 5127 584 5199 ὀρέων,
616 5130 761 5192 ὃπως
790 5130 855 5184 ἂν
887 5133 994 5185 τῶν
1019 5137 1224 5206 ἀγρίων
1250 5138 1400 5202 ζώων
1425 5139 1491 5192 τὰ
1521 5142 1702 5210 ἥμερα

143 5212 590 5287 ὁιαδράσκωνται,
626 5222 684 5273 ὲν
703 5221 819 5293 ὥρᾳ
850 5223 1340 5282 διαναπαύσωνται.

205 5309 466 5371 Ποτίζων
514 5310 621 5378 ὄρη
662 5315 729 5366 ἐκ
761 5313 880 5368 τῶν⁵
923 5318 1202 5385 ὑπερῴων
1247 5322 1448 5376 αὐτοῦ.
1487 5325 1698 5388 Ποτὶζει

142 5396 239 5468 γὰρ
267 5397 368 5470 ὅρη
406 5401 508 5455 καὶ
554 5401 710 5455 πεδία
754 5406 851 5482 οὐκ
903 5407 1006 5460 ἀπὸ
1056 5411 1161 5462 τῶν
1206 5411 1263 5462 ἐν
1297 5417 1415 5476 ταῖς
1463 5415 1698 5486 φάραγξι

142 5489 338 5557 πηγῶν.
374 5491 410 5562 ἢ
466 5491 578 5546 τῶν
614 5497 924 5565 φερομένων
951 5500 1089 5568 κατὰ
1123 5501 1226 5568 γῆς
1261 5505 1536 5573 ποταμῶν,
1582 5507 1698 5560 ἀλλ’

143 5576 334 5635 ἄνωθεν
357 5584 490 5646 τοὺς
520 5585 818 5656 αὐτάρκεις
867 5586 1112 5662 χορηγῶν
1147 5593 1350 5657 ὑετούς.
1393 5596 1524 5650 Ἀπὸ
1559 5615 1698 5666 καρ-

209 5757 373 5817 ‘Hob
416 5781 655 5828 xnnu,
706 5767 779 5821 ll.

1819 3227 1870 3270 et
1912 3227 2068 3271 terra:
2100 3218 2354 3286 planities
2383 3218 2708 3274 eﬂiciuntur.
2736 3218 2995 3274 Fundasti
3018 3219 3216 3289 quippe
3247 3221 3380 3289 ipsis

1819 3311 2022 3377 locum,
2051 3327 2214 3380 quem
2246 3314 2591 3381 practergredi
2618 3327 2725 3366 non
2757 3323 3004 3381 possunt.
3045 3311 3221 3381 Atque
3248 3312 3378 3368 illud

1817 3412 1901 3457 est
1953 3403 2098 3473 quod
2154 3403 2401 3457 dicitur:
2456 3402 2759 3455 Terminum
2816 3401 3036 3470 posuisti
3073 3417 3224 3471 quem
3275 3416 3380 3455 non

1819 3496 2298 3565 transgredientur.
2338 3492 2517 3559 Quare
2557 3493 2821 3546 inundare
2861 3501 3056 3546 terram
3097 3507 3203 3547 non
3255 3507 3380 3561 pos-

1817 3595 1965 3642 sunt.
2010 3585 2200 3640 Simile
2228 3596 2407 3639 autem
2439 3585 2568 3640 illud
2605 3593 2688 3639 est
2715 3583 2859 3654 quod
2891 3585 3030 3639 mari
3076 3585 3378 3654 dicit.pro—

1815 3680 2019 3748 pheta:
2060 3678 2330 3732 Hactenus
2359 3679 2546 3741 stabis,
2571 3694 2732 3748 neque
2757 3677 3041 3731 transilies.
3089 3674 3192 3730 Sed
3231 3677 3286 3730 in
3329 3689 3376 3730 te

1815 3773 1928 3840 ipso
1961 3782 2294 3826 conterentur
2322 3773 2514 3842 ﬂuctus
2542 3774 2618 3824 lui
2642 3773 2706 3823 ⁸⁸.

1886 3865 1972 3918 10.
2002 3864 2151 3918 Inter
2187 3867 2415 3919 medium
2469 3863 2724 3916 montium
2771 3864 3164 3932 pertransibunt
3205 3878 3373 3934 aqua.

1813 3957 2220 4012 Providentiam
2257 3957 2496 4013 celebrat
2521 3956 2831 4010 minutatim
2862 3965 3018 4027 gesta.
3039 3955 3158 4024 ejus
3195 3971 3377 4023 perse-

1814 4063 2008 4120 quens,
2052 4050 2262 4105 scilicet
2287 4047 2585 4102 bonitatem
2627 4047 2748 4116 ejus
2781 4062 2904 4100 cum
2943 4047 3207 4114 sapientia
3249 4062 3379 4100 con-

1811 4143 2055 4212 junctam
2100 4142 2347 4204 miratur,
2413 4146 2635 4193 necnon
2665 4139 3123 4208 perseverantiam
3183 4137 3274 4191 Dei
3320 4139 3374 4192 in

1811 4236 2070 4290 curandis
2098 4234 2277 4289 brutis
2327 4233 2732 4287 animantibus:
2767 4247 2890 4285 nam
2939 4239 3224 4301 postquam
3260 4229 3372 4299 ipsa

1811 4329 2085 4393 condidit,
2138 4327 2329 4380 eadem
2379 4325 2552 4379 nutrit
2595 4334 2648 4378 et
2705 4331 2871 4394 potat.
2929 4323 3108 4389 Quare
3162 4331 3373 4376 montes

1813 4422 2084 4485 scindens,
2118 4417 2276 4488 aquis
2303 4419 2592 4473 transitum
2620 4416 2920 4470 fabricatus
2953 4424 3056 4470 est.

1883 4516 1970 4570 il.
2007 4513 2275 4567 Potabunt
2301 4527 2476 4565 omnes
2519 4510 2696 4562 bestia:
2722 4509 2858 4578 agri.
2905 4510 2984 4567 lla
3032 4508 3208 4562 brutis
3257 4510 3376 4562 ani-

1810 4605 2086 4661 mantibus
2135 4611 2246 4658 tam
2296 4602 2580 4671 reptilibus
2633 4605 2796 4669 quani
2848 4599 2980 4656 feris
3013 4601 3281 4669 providet,
3316 4610 3375 4655 ut

1808 4699 1940 4769 ipsis
1982 4697 2288 4752 necessaria
2321 4695 2385 4748 ad
2423 4695 2589 4748 vitam
2621 4693 2945 4762 suppeditet.
2983 4691 3372 4762 Exspectabimt

1808 4789 1993 4857 onagri
2022 4789 2074 4840 in
2099 4789 2190 4842 siti
2221 4803 2339 4839 sua.
2371 4783 2436 4838 Et
2466 4783 2595 4838 illud
2627 4799 2847 4854 quoque
2884 4784 3236 4853 providentia:
3272 4798 3373 4837 nne

1807 4897 1944 4952 opus
1971 4889 2077 4948 est,
2108 4892 2168 4935 ut
2194 4894 2300 4933 non
2334 4879 2509 4932 solum
2543 4878 2608 4932 ad
2639 4877 2888 4932 decorem
2917 4877 3122 4931 circum
3170 4885 3374 4930 torren-

1807 4982 1889 5029 tes
1911 4985 2072 5042 atque
2105 4974 2160 5027 in
2192 4971 2424 5026 vallibus
2465 4986 2529 5025 ac
2570 4968 2875 5033 virentibus
2907 4968 3043 5023 locis
3088 4984 3242 5037 aqua:
3272 4971 3368 5022 da-

1803 5075 2244 5132 rentur;verum
2283 5065 2444 5119 etiam
2489 5064 2631 5118 inter
2671 5062 2910 5117 medium
2940 5061 3228 5126 montium,
3260 5077 3370 5130 quo

1804 5163 2096 5227 agrestium
2157 5157 2514 5211 animantium
2565 5154 2933 5210 mansuetiora
2968 5153 3284 5223 confugiant
3315 5163 3371 5208 et

1803 5251 1856 5302 in
1889 5249 2136 5316 specioso
2167 5249 2287 5301 loco
2315 5248 2617 5317 quiescant.

1878 5341 1963 5395 l5.
2005 5340 2203 5411 Rigans
2231 5351 2431 5394 montes
2471 5341 2535 5394 de
2575 5339 2929 5408 superioribus
2959 5338 3088 5392 suis.
3123 5337 3282 5408 Rigat
3309 5354 3367 5390 eo

1801 5433 1914 5486 nim
1941 5440 2157 5487 montes
2185 5440 2240 5486 et
2265 5446 2507 5500 campos,
2533 5444 2642 5484 non
2670 5445 2734 5482 ex
2766 5428 3011 5482 fontibus
3031 5425 3121 5494 qui
3153 5425 3206 5478 in
3235 5439 3367 5478 cott-

1799 5523 2037 5578 vallibus
2066 5532 2211 5587 sunt,
2243 5527 2337 5577 aut
2369 5537 2434 5577 ex
2464 5521 2782 5577 ﬂuminibus
2811 5521 2866 5575 in
2894 5516 3041 5574 terra
3087 5515 3355 5572 mananti-

1798 5616 1923 5683 bus,
1951 5614 2046 5672 sed
2096 5617 2327 5685 desuper
2359 5614 2698 5670 abundantes
2739 5612 3096 5683 suppeditans
3129 5611 3358 5680 pluxiaS.
