4076 6308
734 321 840 378 439

1572 322 1627 378 S.
1670 324 2044 381 ATHANASII
2081 325 2231 382 OPP.
2271 327 2453 384 PARS
2493 328 2582 384 Ill.
2618 359 2689 373 —-
2727 329 3134 388 EXEGETICA.
3844 334 3919 392 41(

740 441 813 493 Ιιε
859 440 1033 510 fructu
1080 455 1293 510 operum
1340 448 1547 492 tuorum
1591 442 1877 495 satiabitur
1916 452 2076 498 terra.
2142 442 2287 498 Sicut

2395 445 2513 499 ποῦ
2538 445 2658 499 τῶν
2684 446 2872 516 ἔργων
2900 464 3016 501 σου
3046 447 3518 517 χορτασθήσεται
3544 451 3582 516 ἠ
3611 448 3709 519 γῆ.
3749 450 3925 522 Ὠσπερ

736 547 999 601 aquarum
1032 533 1242 601 copiam
1273 531 1437 596 dedit,
1479 532 1551 586 ita
1582 540 1635 586 et
1678 532 1990 588 alimentum
2040 550 2108 590 ex
2151 543 2294 590 terra

736 624 969 693 paravit.

808 717 897 780 14,
940 717 1026 770 15.
1082 715 1385 770 Producens
1431 716 1605 785 fenum
1646 716 1942 785 jumentis,
1981 726 2032 770 et
2083 717 2293 771 herbam

735 808 976 861 servituti
1038 807 1328 862 hominum.
1402 806 1726 862 Scrvitntem
1789 807 2072 862 hominum
2135 817 2293 861 vocat

736 908 1020 953 mansueta
1057 898 1334 965 animalia,
1369 908 1429 953 ut
1457 908 1585 955 sunt
1611 900 1731 963 bos,
1764 900 1952 955 asinus
1993 907 2047 954 et
2072 900 2288 960 similia.

739 990 804 1045 Ut
838 975 1029 1046 educas
1053 1008 1239 1061 panem
1268 993 1331 1050 de
1370 1002 1533 1045 terra.
1582 991 1725 1057 Ideo,
1774 992 1970 1062 inquit,
2014 993 2289 1062 jumento-

733 1098 853 1137 rum
886 1098 1072 1137 curam
1105 1083 1361 1149 habuisti,
1407 1092 1467 1138 ut
1498 1084 1783 1138 orantibus
1824 1084 1931 1139 illis
1983 1086 2290 1140 necessaria

732 1175 799 1226 ad
849 1175 1051 1228 victum
1089 1174 1448 1230 inveniamus.
1494 1172 1676 1229 Nostri
1718 1176 1863 1229 enim
1896 1178 2066 1248 gratia
2105 1178 2289 1231 omnia

732 1266 822 1327 illa
850 1264 1108 1320 beneﬁcia
1138 1264 1367 1321 confert.

804 1357 1014 1421 16,17.
1066 1357 1466 1422 Saturabuntur
1512 1357 1658 1429 ligna
1704 1359 1899 1429 campi.
1953 1348 2197 1415 Declarat
2226 1375 2289 1414 ca

729 1466 851 1520 quas
892 1451 943 1504 in
980 1450 1133 1504 silvis
1169 1456 1419 1520 vegetant
1443 1452 1607 1521 ligna,
1634 1450 1783 1505 verbi
1833 1451 2025 1520 gratia,
2077 1452 2287 1515 cedi-os,

729 1551 783 1593 et
812 1550 1023 1607 caetera,
1054 1542 1174 1609 ejus
1210 1550 1340 1595 nutu
1370 1542 1614 1613 augenda
1648 1540 1786 1596 fore.
1818 1541 1982 1596 Facta
2031 1550 2158 1595 sunt
2188 1558 2288 1595 au-

727 1642 835 1687 tem
872 1634 962 1686 illa
996 1643 1050 1686 et
1078 1642 1295 1703 propter
1318 1634 1425 1688 alia
1468 1634 1739 1703 quaedam,
1794 1648 2028 1702 quorum
2074 1634 2289 1703 experi-

727 1735 973 1780 mentum
1015 1725 1278 1781 habemus
1303 1766 1318 1790 ,
1365 1734 1421 1781 et
1458 1726 1526 1781 ad
1562 1726 1721 1781 nidos
1754 1741 2061 1796 passerum.
2103 1725 2287 1780 Erodii

2396 533 2503 585 τῶν
2534 533 2739 587 ὑδάτων
2766 534 2964 589 δέδωκε
2996 534 3093 606 τὴν
3141 537 3403 607 χορηγίαν
3429 577 3445 602 ,
3492 537 3667 601 οὓτως
3708 541 3797 591 καὶ
3840 541 3925 593 ἀπὸ

2395 623 2497 692 γῆς
2524 622 2814 691 τρέφεσθαι
2847 625 3275 690 παρεσκεύασεν.

2475 715 2529 766 '0
2566 715 2984 779 ἐξανατέλλων
3011 720 3227 785 χόρτον
3258 718 3379 785 τοῖς
3405 718 3672 784 κτήνεσι,
3701 722 3791 773 καὶ
3812 723 3927 790 χλό-

2393 823 2473 873 ην
2493 806 2565 874 τῇ
2593 806 2835 874 δουλείᾳ
2852 808 2971 862 τῶν
2990 809 3331 878 ἀνθρώπων.
3350 810 3509 862 Δουλε
3518 811 3600 863 ίαν
3620 812 3725 864 τῶν
3749 813 3927 883 ἀνθρώ-

2394 916 2510 951 πων
2542 900 2609 952 τὰ
2637 901 2819 971 ἥμερα
2843 900 2949 955 τῶν
2972 902 3181 973 κτηνῶν
3212 919 3392 973 φησιν,
3417 898 3527 955 οἷον
3559 903 3685 972 βοῦς
3715 905 3802 955 καὶ
3830 905 3927 968 ὄνος

2392 990 2580 1043 καὶτὰ
2612 992 2789 1062 ὅμοια.
2827 992 2936 1046 Τοῦ
2979 993 3289 1063 ἐξαγαγεῖν
3332 994 3511 1061 ἄρτον
3555 996 3623 1048 ἐκ
3668 994 3775 1061 τῆς
3816 996 3925 1064 γῆς.

2391 1080 2488 1133 Διὰ
2516 1080 2691 1143 τοῦτο,
2740 1082 2923 1151 φησὶν,
2965 1083 3287 1154 ἐφρόντισας
3336 1082 3443 1136 τῶν
3501 1083 3732 1154 κτηνῶν,
3768 1085 3845 1136 ἶνα
3874 1086 3926 1137 δι’

2391 1173 2572 1225 αὐτῶν
2598 1174 2987 1245 γεωργούντων
3012 1173 3078 1227 τὰ
3110 1173 3245 1244 πρὸς
3278 1173 3420 1244 ζωὴν
3449 1174 3718 1245 εὕρωμεν.
3770 1177 3929 1231 Πάντα

2391 1256 2498 1327 γὰρ
2536 1260 2717 1312 ἐκεῖνα
2743 1258 2898 1329 ἡμῶν
2930 1259 3088 1331 χάριν
3114 1262 3405 1331 εὐεργετεῖ.

2461 1348 2941 1416 Χορτασθήσεται
2976 1351 3049 1405 τὰ
3078 1351 3234 1415 ξύλα
3275 1352 3380 1405 τοῦ
3433 1353 3684 1407 medico.-
3706 1357 3929 1408 ﬁsiz‘mat

2390 1438 2483 1489 καὶ
2512 1436 2580 1489 τά
2607 1438 2665 1490 ἐν
2695 1437 2884 1509 δρυμῷ
2915 1438 3145 1503 αὔξοντα
3172 1438 3321 1505 ξύλα,
3354 1436 3465 1494 οἷον
3503 1443 3726 1514 κέδρους
3755 1445 3841 1495 καὶ
3869 1446 3929 1497 τὰ

2388 1526 2569 1596 ἓτερα,
2597 1530 2708 1590 τοῖς
2735 1526 2901 1581 αὑτοῦ
2924 1526 3185 1599 νεύμασιν
3217 1528 3631 1602 αύξηθήσονται.
3668 1532 3855 1600 Γέγονε
3884 1532 3930 1583 δὲ

2388 1616 2560 1674 ταῦτα
2591 1621 2684 1674 καὶ
2733 1621 2801 1673 δι’
2845 1622 3007 1694 ἕτερα
3045 1622 3143 1693 μὲν
3171 1623 3418 1688 πλεῖστα,
3453 1619 3527 1678 ὧν
3572 1626 3669 1678 καὶ
3705 1627 3799 1697 τὴν
3829 1630 3931 1678 πεῖ-

2394 1726 2492 1781 ραν
2524 1709 2736 1781 ἔχομεν,
2772 1711 2867 1765 καὶ
2906 1712 3014 1767 τῶν
3042 1712 3334 1784 στρουθίων
3365 1712 3421 1765 δὲ
3460 1716 3538 1777 εἰς
3577 1714 3787 1778 καλιάς.
3840 1716 3930 1771 Τοῦ

728 1818 918 1871 domus
947 1818 1057 1870 dua:
1084 1827 1160 1873 est
1203 1833 1404 1872 eorum.
1458 1815 1703 1888 Ipsorum
1750 1833 2030 1888 passerum
2071 1818 2147 1872 ait
2188 1820 2287 1873 du-

2388 1799 2631 1869 ἑρωδιοῦ
2662 1802 2700 1869 ἡ
2732 1803 2892 1856 οἰκία
2935 1803 3159 1873 ἡγεῖται
3208 1803 3423 1858 αὐτῶν.
3470 1805 3658 1858 Αὐτῶν
3708 1806 3804 1876 μὲν
3840 1806 3931 1861 τῦν

728 1923 847 1963 cem
878 1924 999 1965 esse
1050 1924 1145 1964 seu
1188 1918 1447 1978 praestare
1478 1908 1613 1979 ipsis
1664 1908 1841 1963 erodii
1891 1908 2103 1963 nidum.
2152 1907 2289 1974 Quia

727 1999 915 2055 electis
943 1999 1199 2053 arborum
1242 1999 1582 2062 celsissimis,
1632 1999 1686 2052 in
1730 1999 2003 2054 abietibus
2045 2000 2288 2053 omnium

728 2090 1046 2145 editissimis
1078 2098 1136 2143 ut
1162 2089 1459 2159 plurimum
1495 2088 1798 2144 nidiﬁcant.

802 2263 889 2317 18.
922 2260 1125 2317 Montes
1147 2262 1336 2317 excelsi
1370 2263 1555 2319 cerris.
1590 2262 1780 2318 Cervis
1805 2277 2047 2332 quoque,
2096 2262 2191 2327 ait,
2235 2260 2292 2317 in

727 2355 1000 2426 refugium
1043 2366 1254 2411 montes
1286 2357 1454 2423 dedit,
1479 2366 1541 2409 ut
1582 2371 1648 2410 co
1691 2355 2047 2423 confugerent
2083 2369 2113 2407 a
2147 2352 2292 2408 fero-

726 2449 968 2505 cioribus
1022 2450 1415 2505 animantibus.
1477 2449 1641 2504 Petra
1694 2449 1952 2518 refugium
1987 2447 2288 2525 herinaciis.

727 2542 1195 2610 Quemadmodum
1232 2542 1408 2597 cervis
1456 2550 1669 2596 montes
1721 2540 1873 2595 dedit
1918 2539 1985 2595 ad
2017 2539 2245 2596 salutem
2271 2579 2288 2606 ,

732 2634 810 2689 ita
840 2643 894 2688 et
926 2648 1176 2688 recessus
1204 2642 1483 2711 petrarum
1517 2633 1810 2688 berinaeiis
1856 2633 1971 2688 sive
2020 2631 2292 2687 cuniculis

730 2726 894 2782 dedit.
929 2726 1108 2792 Quare
1138 2725 1568 2781 incolumitatem
1600 2725 1748 2780 nacti
1799 2726 1898 2790 illi,
1954 2735 2012 2779 ut
2040 2723 2292 2793 superius

729 2816 935 2873 dictum
973 2827 1090 2872 est:
1119 2816 1196 2871 De
1224 2818 1392 2872 medio
1430 2826 1701 2886 petrarum
1731 2816 1933 2869 dabunt
1962 2830 2126 2869 voces.
2156 2813 2292 2869 Lau-

724 2912 849 2966 dem
882 2911 1132 2965 videlicet
1157 2910 1350 2965 dantes
1381 2911 1619 2965 servanti
1651 2911 1819 2980 ipsos.

798 3069 884 3125 19.
926 3068 1074 3123 Fecit
1111 3069 1293 3123 lunam
1336 3069 1392 3123 in
1422 3079 1677 3139 tempora.
1715 3067 1968 3124 Recurrit
2000 3068 2193 3123 iterum
2222 3067 2289 3123 ad

2391 1892 2685 1964 στρουθίων
2714 1895 2962 1965 ἡγεῖσθαί
3006 1913 3167 1967 φησιν
3196 1897 3313 1967 ἦτοι
3348 1897 3445 1968 τὴν
3471 1896 3664 1951 καλιὰν
3694 1897 3787 1950 τοῦ
3815 1900 3932 1967 ἐρω-

2388 1983 2527 2048 διοῦ,
2552 1983 2641 2038 διὰ
2669 1984 2728 2038 τὸ
2759 1986 2824 2038 τὰ
2856 1984 3163 2057 ὑψηλότατα
3202 1988 3311 2041 τῶν
3339 1987 3567 2058 δένδρων
3605 1988 3934 2058 καταλαμϐά-

2389 2093 2545 2129 νοντα
2569 2076 2864 2131 νεοττεύειν
2895 2077 2971 2141 ὡς
3014 2080 3214 2133 ἐπίπαν
3252 2081 3310 2132 ὲν
3345 2080 3559 2144 ἐλάταις
3600 2083 3722 2146 ταῖς
3766 2080 3933 2134 πασῶν

2390 2168 2753 2239 ὑψηλοτάταις
2783 2169 2892 2223 τῶν
2920 2170 3153 2241 δένδρων

2462 2261 2609 2328 Ὀρη
2633 2260 2705 2313 τὰ
2728 2259 2938 2329 ὑψηλὰ
2964 2260 3091 2327 ταῖς
3112 2260 3379 2331 ἐλάφοις.
3413 2262 3525 2316 Kal
3556 2264 3677 2324 ταῖς
3716 2261 3931 2329 ἐλάφοις,

2390 2352 2543 2421 φησὶ,
2577 2351 2773 2405 δέδωκε
2817 2352 2885 2405 τὰ
2934 2353 3035 2424 ὅρη
3082 2354 3403 2426 καταφυγὴν
3449 2354 3542 2407 ἐπὶ
3588 2353 3650 2407 τὸ
3699 2354 3933 2421 ἐκφυγεῖν

2387 2442 2496 2496 τῶν
2538 2442 2690 2508 ζώων
2725 2443 2794 2497 τὰ
2841 2444 3172 2517 ἀγριώτερα.
3236 2444 3431 2515 Πέτρα
3475 2444 3783 2514 καταφυγὴ
3825 2443 3935 2508 τοῖς

2387 2536 2661 2607 λαγωοῖς.
2716 2536 2929 2607 ’Ὥσπερ
2974 2537 3041 2591 τὰ
3091 2537 3190 2609 ὅρη
3231 2540 3310 2601 εἱς
3351 2537 3620 2607 σωτηρίαν
3675 2539 3793 2601 ταῖς
3828 2536 3935 2589 ἐλά-

2388 2642 2508 2694 φοις
2550 2624 2850 2688 ἀπέδωκεν,
2897 2624 3069 2688 οὕτως
3098 2626 3192 2678 καὶ
3236 2625 3336 2689 τὰς
3368 2624 3686 2689 καταδύσεις
3717 2626 3819 2678 τῶν
3846 2642 3931 2678 τε·

2386 2716 2531 2787 τρῶν
2587 2717 2699 2778 τοῖς
2736 2714 2985 2784 λαγωοῖς.
3048 2716 3138 2769 Διὸ
3180 2716 3244 2787 δὴ
3293 2716 3388 2770 καὶ
3433 2716 3589 2773 αὐτοὶ
3632 2726 3698 2769 εκ
3747 2716 3933 2769 τούτων

2390 2807 2683 2880 σωζόμενοι
2713 2810 2770 2863 ἐν
2798 2812 2910 2872 τοῖς
2932 2810 3107 2876 ὀπίσω
3138 2809 3324 2879 ἔλεγον
3350 2810 3411 2863 τό
3438 2824 3453 2839 ⁸
3493 2809 3588 2862 Ἐκ
3608 2796 3804 2875 μέσου
3830 2807 3933 2861 τῶν

2387 2900 2619 2971 πετρῶν
2650 2899 2920 2954 δώσουσι
2973 2900 3197 2971 φωνάς.
3238 2900 3524 2966 Δξνοῦντες
3572 2900 3812 2972 δηλονότι
3855 2899 3932 2952 τὸν

2390 2992 2646 3057 σώζοντα.

2470 3086 2744 3153 Ἐποίησε
2774 3084 3048 3152 σελήνην
3087 3086 3175 3152 εἰς
3200 3086 3462 3155 καιρούς.
3509 3084 3816 3156 Ἀνατρέχει
3842 3083 3931 3136 πά-

721 3163 1122 3235 providentiam
1155 3180 1277 3234 quae
1321 3164 1377 3218 in
1408 3165 1561 3219 cretis
1607 3172 1849 3234 apparet.
1879 3162 1946 3218 Et
1982 3164 2055 3218 ob
2084 3164 2285 3218 nullam

2389 3178 2469 3230 λιν
2509 3178 2602 3230 ἐπὶ
2627 3176 2724 3248 τὴν
2757 3178 2814 3230 ὲν
2844 3178 2957 3239 τοῖς
2988 3176 3236 3249 οὐρανοῖς
3279 3154 3555 3249 πρόνοιαν.
3590 3154 3682 3230 Διί
3708 3177 3853 3229 οὐδὲν
3884 3174 3932 3228 δὲ

723 3257 885 3312 aliam
916 3271 1139 3331 causam
1176 3256 1372 3311 factam
1398 3271 1522 3311 esse
1550 3255 1736 3310 lunam
1775 3254 1927 3320 dicit,
1956 3255 2063 3311 nisi
2089 3256 2157 3311 ad
2192 3272 2289 3310 nu-

724 3364 938 3404 merum
992 3358 1045 3405 et
1073 3348 1481 3405 distinctionem
1514 3351 1786 3405 mensium
1837 3358 2000 3421 atque
2046 3349 2284 3407 dierum.

728 3440 823 3497 Sol
853 3443 1085 3511 cognovit
1115 3456 1360 3496 occasum
1383 3459 1556 3498 suum.
1585 3441 1779 3498 Divino
1804 3451 1860 3498 et
1888 3443 2003 3512 ipse
2033 3442 2288 3499 mandato

724 3534 1126 3602 obtemperans.

800 3622 888 3678 ΞΟ.
928 3622 1166 3678 Posuisti
1196 3624 1432 3678 tenebras
1455 3632 1505 3677 et
1537 3623 1682 3691 facta
1706 3636 1781 3678 est
1807 3641 1932 3680 nox.
1962 3623 2077 3682 Hoc
2107 3625 2203 3689 ait,
2230 3633 2288 3679 ut

724 3732 793 3770 ne
845 3715 1014 3769 alium
1041 3714 1172 3781 diei,
1227 3715 1395 3770 alium
1443 3716 1624 3773 noctis
1676 3716 1923 3787 opiﬁcem
1967 3731 2090 3773 esse
2137 3717 2286 3772 arbi-

724 3820 952 3864 tremur.
1370 3823 1375 3827 ’

793 3901 884 3957 25.
914 3900 1097 3955 Exibit
1131 3902 1285 3957 homo
1316 3901 1386 3956 ad
1427 3918 1557 3972 opus
1601 3919 1777 3958 suum.
1812 3901 2075 3958 Homines
2127 3914 2288 3960 nocte

723 3993 1157 4064 impediebantur
1214 3995 1510 4063 quominus
1561 4010 1658 4064 per
1714 3994 1830 4050 vias
1889 3995 1955 4048 ad
2005 3994 2283 4049 colendam

723 4095 922 4140 terram
951 4094 1254 4155 pergerent.
1291 4085 1397 4141 Sed
1429 4085 1541 4156 jam
1577 4095 1709 4142 eunt
1761 4087 2048 4157 quaesitum
2082 4102 2286 4153 escam,

723 4177 984 4247 quoniam
1019 4194 1126 4232 non
1170 4177 1279 4233 illis
1322 4187 1468 4233 terra
1511 4178 1766 4249 producit
1806 4178 1989 4235 fenum
2036 4181 2130 4235 aut
2160 4181 2285 4234 ﬁcr-

722 4271 873 4325 bam.

789 4361 882 4426 24,
917 4360 1009 4416 25.
1044 4361 1218 4428 Quam
1263 4362 1605 4431 magniﬁcam
1653 4373 1777 4417 sunt
1814 4380 1973 4434 opera
2020 4373 2134 4429 tua,
2178 4364 2288 4425 Do-

2387 3270 2574 3342 ἒτερον
2601 3270 2925 3345 γεγενῆσθαι
2944 3267 3043 3340 τὴν
3066 3267 3292 3339 σελήνην
3309 3269 3472 3340 φησὶν
3492 3269 3526 3340 ἦ
3558 3269 3696 3339 πρὸς
3724 3267 3934 3339 ἀριθμὸν

2386 3363 2481 3415 καὶ
2505 3361 2793 3431 διάγνωσιν
2832 3359 3014 3431 μηνῶν
3034 3377 3094 3413 τε
3117 3359 3212 3413 καὶ
3231 3358 3475 3431 ἡμερῶν.
3501 3360 3563 3412 ’0
3601 3356 3774 3424 ἣλιος
3802 3359 3933 3425 ἐτνω

2386 3451 2500 3521 τὴν
2517 3451 2697 3505 δύσιν
2710 3451 2914 3505 αὐτοῦ.
2934 3448 3073 3521 Θεεῳ
3090 3449 3181 3504 καὶ⁵
3195 3449 3357 3514 αὐτὸς
3372 3448 3754 3520 προστάγματι
3771 3445 3933 3500 πειθό-

2390 3556 2569 3611 μενος.

2459 3629 2643 3685 ¹’Ἐθου
2670 3627 2890 3694 σκότος
2930 3627 3026 3681 καὶ
3078 3627 3312 3697 ἐγένετο
3357 3625 3497 3691 νύξ.
3551 3624 3722 3680 Τοῦτό
3767 3642 3930 3698 φησιν,

2387 3720 2475 3775 ἵνα
2511 3719 2584 3791 μὴ
2613 3718 2770 3773 ἄλλον
2795 3718 3123 3789 δημιουργὸν
3153 3719 3252 3789 τῆς
3281 3717 3512 3791 ἡμέρας,
3548 3717 3643 3770 καὶ
3671 3716 3823 3771 ἄλλον
3850 3718 3932 3785 τῆς

2386 3808 2578 3872 νυκτὸς
2609 3806 2949 3879 λογισώμεθα
2983 3805 3141 3862 εἶναι.

2469 3900 2885 3966 Ἐξελεύσεται
2930 3899 3238 3969 ἅνθρωπος
3274 3897 3371 3952 ἐπὶ
3420 3897 3489 3952 τὸ
3524 3897 3704 3969 ἔργον
3744 3896 3929 3951 αὐτοῦ.

2386 3990 2448 4043 Οἱ
2476 3988 2750 4059 ἄνθρωποι
2775 3988 2972 4055 ἐξιέναι
2993 3974 3053 4042 τε
3081 3988 3214 4058 πρὸς
3234 3988 3385 4052 ὁδοὺς
3420 3989 3514 4042 καὶ
3546 3988 3649 4059 γῆς
3693 3988 3930 4058 ἐργασίαν

2389 4079 2710 4134 ἐκωλύοντο.
2747 4078 2924 4134 Ta.va
2963 4080 3018 4133 δὲ
3064 4080 3255 4145 νυκτὸς
3286 4079 3452 4146 ἔξεισι
3488 4080 3777 4149 ζητοῦντες
3810 4080 3931 4151 βρῶ-

2389 4190 2472 4227 σιν
2495 4174 2644 4247 παρὰ
2674 4173 2811 4227 Θεοῦ
2837 4191 2850 4204 ·
2883 4175 3002 4228 ἐπεὶ
3036 4175 3110 4246 μὴ
3137 4174 3231 4228 καὶ
3256 4176 3439 4237 αὐτοῖς
3459 4174 3787 4238 ἐξανέτειλεν
3813 4177 3843 4244 ἡ
3870 4176 3928 4242 γῆ

2386 4268 2578 4340 χόρτον
2614 4267 2648 4339 ἢ
2674 4267 2855 4339 χλόην.

2470 4361 2565 4426 Ὧς
2595 4361 2967 4429 ἐμεγαλύνθη
2992 4360 3061 4413 τὰ
3090 4359 3235 4427 ἔργα
3262 4374 3400 4422 σου,
3429 4359 3626 4427 Κύριε.
3670 4356 3773 4410 Τὸν
3821 4354 3931 4425 περὶ

721 4455 879 4507 mine.
910 4452 1210 4523 Postquam
1237 4470 1544 4510 sermonem
1576 4456 1642 4509 de
1673 4456 2010 4525 providentia
2040 4458 2282 4527 comple-

2389 4452 2485 4523 τῆς
2513 4452 2768 4523 προνοίας
2796 4450 3075 4517 διεξελθὼν
3097 4450 3275 4518 λόγον.
3305 4451 3398 4503 ἐπὶ
3422 4448 3588 4520 ὕμνον
3616 4447 3710 4501 τοῦ
3734 4446 3930 4500 κτίσαν-

2391 4557 2436 4560 __
2463 4558 2473 4560 μ
2520 4539 2605 4560 ,λη
2640 4540 2793 4560 κιο--.
2840 4538 3097 4560 ---_1¢-_.\_
3149 4538 3487 4560 βψω-ψη-..
3515 4536 3692 4560 1----
3724 4536 3800 4560 LA.
3826 4533 3905 4560 --.ἰ

721 4546 818 4610 vit,
844 4547 910 4600 ad
941 4545 1323 4603 celebrandum
1352 4562 1476 4601 eum
1502 4548 1596 4617 qui
1625 4548 1725 4603 ista
1756 4548 2126 4617 condiditjam
2154 4565 2287 4605 con-'-

721 4639 973 4703 vertitur,
1020 4639 1148 4693 hinc
1192 4638 1420 4693 auribus
1461 4639 1703 4709 rettuiem
1731 4656 1951 4709 parans.
1982 4639 2186 4696 Deinde
2218 4641 2283 4696 ad

724 4732 887 4786 aliam
920 4732 1270 4800 providentiae
1293 4744 1500 4801 partem
1528 4735 1893 4804 progreditur,
1929 4735 2168 4791 humidae
2196 4751 2288 4789 na-

724 4832 860 4877 turae
908 4823 1197 4878 transitum
1243 4837 1549 4879 enarrans:
1598 4840 1721 4893 qure
1772 4841 2051 4897 nunquam
2098 4826 2288 4896 hujus-

726 4913 870 4967 modi
896 4912 1106 4980 fuisset,
1140 4912 1245 4968 nisi
1274 4912 1366 4968 Dei
1393 4914 1727 4984 providentia
1749 4917 2046 4986 gubernata
2070 4916 2283 4974 fuisset.

729 5004 921 5060 Omnia
952 5007 1008 5059 in
1030 5006 1295 5075 sapientia
1324 5006 1517 5075 fecisti.
1566 5006 1810 5063 Mirabile
1852 5010 1957 5082 hoc
1984 5017 2087 5075 est,
2139 5019 2198 5065 ut
2232 5022 2287 5067 et

727 5098 1133 5168 sapientia,qua
1158 5099 1264 5155 hoc
1286 5098 1495 5157 effecit:
1526 5109 1611 5157 est
1636 5105 1781 5158 enim
1798 5103 2049 5161 Christus
2071 5104 2163 5162 Dei
2180 5106 2287 5161 vir-

729 5196 817 5242 tus
843 5198 897 5243 et
935 5186 1030 5242 Dei
1053 5189 1338 5259 sapientia.

794 5279 886 5332 9.6.
919 5279 1087 5333 Draco
1131 5282 1230 5335 iste
1272 5298 1422 5351 quem
1464 5283 1708 5352 formasti
1749 5286 1818 5339 ad
1858 5287 2187 5342 illudendum
2215 5290 2282 5345 ei.

728 5370 1024 5441 Postquam
1081 5372 1149 5428 de
1208 5376 1345 5429 mari
1403 5376 1568 5431 verba
1624 5376 1752 5434 fecit
1795 5379 2051 5435 draconis
2104 5381 2288 5451 injecit

728 5466 1086 5530 memoriam,
1130 5481 1253 5522 eum
1299 5466 1447 5523 nulla
1487 5468 1590 5524 alia
1637 5470 1704 5525 de
1753 5486 1919 5526 causa
1963 5472 2286 5542 productum

729 5557 879 5613 aiens
908 5573 1071 5628 quam
1096 5567 1155 5613 ut
1184 5559 1521 5615 illuderetur.
1542 5559 1607 5615 Et
1624 5561 1747 5631 jure
1771 5562 1987 5633 quidem
2034 5562 2101 5617 de
2150 5563 2286 5617 mari

729 5648 950 5718 loquens
984 5648 1147 5722 hujus
1192 5652 1459 5717 meminit,
1512 5655 1639 5724 quia
1674 5663 1786 5710 tota
1819 5657 1923 5712 vita
1957 5667 2139 5713 nostra
2188 5673 2285 5713 ceu

2387 4557 2476 4605 τος
2515 4539 2607 4593 τὸν
2640 4540 2796 4609 λόγον
2838 4538 3121 4610 μετέϐαλε,
3145 4538 3487 4593 διαναπαύων
3510 4536 3698 4611 ὥσπερ
3720 4536 3804 4590 διὰ
3824 4533 3931 4587 τού-

2386 4650 2478 4687 του
2528 4632 2627 4704 τὴν
2665 4632 2855 4702 ἀκοήν.
2901 4627 3037 4685 Εἶτα
3083 4631 3243 4684 πάλιν
3286 4631 3371 4700 ἐφ’
3400 4628 3584 4701 ἕτερον
3642 4629 3803 4699 μέρος
3845 4625 3930 4693 τῆς

2390 4724 2642 4797 προνοίας
2691 4722 2926 4795 ἔρχεται,
2962 4724 3062 4796 τὴν
3096 4724 3151 4783 ἐν
3169 4724 3235 4794 τῇ
3269 4722 3413 4793 ὑγρᾷ
3438 4720 3661 4792 πορείαν
3692 4717 3930 4788 ἀναγγέλ-

2386 4814 2492 4868 λων
2529 4815 2661 4885 ήμίν
2684 4830 2698 4844 ο
2749 4813 2871 4883 ἥτις
2913 4813 3014 4865 οὐκ
3057 4810 3122 4865 ἂν
3150 4810 3368 4881 ἐγένετό
3404 4827 3555 4874 ποτε,
3608 4810 3684 4880 μὴ
3720 4810 3815 4879 τῆς
3847 4805 3926 4860 τοῦ

2386 4903 2521 4959 Θεοῦ
2552 4905 2608 4958 ὲν
2659 4902 2807 4973 αὐτῷ
2843 4887 3275 4975 διακυϐερνὼσης
3307 4900 3578 4973 προνοίας.
3629 4897 3826 4954 Πάντα
3868 4898 3929 4951 ἐν

2386 4998 2571 5067 σοφίᾳ
2601 4996 2912 5063 ἐποίησας,
2945 4994 3328 5068 Θαυμαστικὸν
3351 4994 3416 5066 δὴ
3442 4994 3524 5059 τὸ,
3544 4993 3621 5057 ὡς
3658 4993 3750 5046 καὶ
3784 4990 3927 5059 σοφία

2386 5064 2509 5166 ὲν
2543 5090 2721 5145 πάντα
2749 5089 3002 5161 ἐποίησεν
3044 5064 3360 5159 ὁἾΚύριος·
3401 5064 3518 5139 ἔστι
3564 5085 3674 5156 γὰρ
3716 5084 3925 5155 Χριστὸς

2386 5180 2521 5235 Θεοῦ
2543 5180 2773 5253 δύναμις
2796 5182 2891 5234 καὶ
2919 5179 3055 5234 Θεοῦ
3084 5179 3265 5249 σοφία.

2448 5272 2684 5341 Δράκων
2709 5268 2883 5339 οὗτος
2898 5272 2969 5327 ὃν
2988 5273 3258 5337 ἔπλασας
3277 5270 3573 5341 ἐμπαίζειν
3595 5267 3771 5334 αὐτῷ.
3795 5268 3923 5337 Παρ-

2386 5363 2608 5417 ενέϐαλε
2659 5363 2737 5434 τῷ
2762 5364 2864 5434 τῆς
2896 5362 3161 5433 Θαλάττης
3194 5362 3335 5432 λόγῳ
3372 5361 3469 5433 τὴν
3512 5361 3639 5432 περὶ
3681 5357 3773 5412 τοῦ
3811 5355 3926 5429 δρά-

2387 5473 2571 5520 κοντος
2601 5456 2821 5527 μνήμην
2846 5454 3203 5525 γεγενῆσθαι·
3238 5453 3304 5505 δι’
3359 5455 3512 5508 οὐδὲν
3554 5453 3734 5523 ἕτερον
3766 5451 3924 5520 φήσας

2386 5545 2664 5618 παρῆχθαι
2690 5546 2870 5601 αὐτὸν.
2896 5545 2927 5615 ἥ
2966 5530 3127 5608 εἰς’τὺ
3156 5542 3600 5607 καταπαίζεσθαι.
3654 5541 3762 5595 Kal
3796 5536 3925 5592 εἰκό⁴

2388 5656 2492 5703 τως
2529 5640 2584 5690 ὲν
2608 5636 2686 5708 τῷ
2719 5637 2845 5707 περὶ
2876 5636 2972 5707 τῆς
3012 5635 3285 5706 Θαλάσσης
3313 5635 3454 5705 λόγῳ
3484 5634 3669 5689 τούτου
3707 5625 3925 5702 ἑμνημό·
