4094 6312
155 350 256 407 $45

1241 346 1620 402 'EXPOSlTlO
1658 344 1722 400 IN
1756 344 2076 402 PSALMUM
2115 341 2220 400 CV.

3270 335 3376 392 646

155 487 205 538 δὲ
230 484 324 539 τοῦ
367 488 579 558 Ἰσραὴλ
610 489 702 540 καὶ
763 487 976 550 Ἰακὼϐ,
1018 487 1075 548 ὃς
1123 485 1367 554 εἰσῆλθεν
1429 488 1507 549 είς
1549 486 1706 553 Αἴγυ-

1815 493 1980 538 tante.
2016 481 2119 536 Per
2143 481 2392 536 lsraelem
2423 482 2602 534 autem
2629 489 2682 533 et
2714 477 3001 540 Jacobum,
3030 477 3121 546 qui
3154 476 3377 530 intravit

158 593 304 640 τιτον,
331 581 423 630 καὶ
436 581 485 630 οἱ
507 578 692 631 τούτου
715 578 904 641 παῖδες
928 577 1225 647 δηλοῦνται.
1244 577 1329 628 Ἑν
1355 576 1716 646 ἑϐδομήκοντα

157 670 254 738 γὰρ
285 668 485 739 ψυχαῖς
515 670 714 740 κατέϐη
757 670 970 740 Ἰσραὴλ
1001 671 1078 731 είς
1127 669 1423 735 Αἴγυπτον,
1479 665 1630 721 εἷπεν
1683 671 1716 738 ἡ

156 759 361 831 Γραφῇ.
412 761 521 813 Καὶ
567 762 765 814 Ἰαχὼό
800 759 1150 828 παρῴκησεν
1191 763 1260 814 ἐν
1303 761 1378 830 τῇ
1414 760 1552 827 Χάμ.
1591 760 1719 830 Χὰμ

157 852 406 921 ἐγέννησε
438 853 528 904 τὸν
560 854 798 914 Χαναὰν,
835 853 1057 904 Χαναὰν
1092 853 1147 904 δὲ
1194 854 1285 905 τὸν
1320 854 1629 925 Μεστραῒμ,
1661 853 1718 915 ὃς

157 944 513 1013 ἑρμηνεύεται
546 946 835 1012 Αἴγυπτος.
864 945 952 996 Διὸ
986 945 1079 997 καὶ
1112 945 1241 1015 Χὰμ
1283 946 1386 1014 γῆν
1421 947 1519 1016 τὴν
1549 944 1715 1012 Αἴγυ-

160 1054 278 1089 πτον
308 1037 487 1100 καλεῖ,
521 1037 596 1099 ὡς
627 1037 718 1089 τοῦ
740 1039 1002 1106 ἀπογόνου
1027 1034 1191 1090 οὖσαν
1221 1037 1314 1090 τοῦ
1350 1038 1499 1108 Χάμ.

214 1211 322 1266 Καὶ
349 1214 586 1280 ηὔξησε
611 1213 718 1266 τὸν
757 1215 909 1267 λαὸν
946 1213 1131 1267 αὑτοῦ
1158 1214 1409 1283 σφόδρα.
1446 1215 1604 1266 Ὥστε
1629 1213 1716 1265 τὸν

155 1305 342 1374 Φαραὼ
382 1304 586 1372 λέγειν,
634 1307 691 1368 ὃς
733 1307 830 1357 οὐκ
871 1306 983 1374 ᾔδει
1013 1307 1102 1358 τὸν
1143 1307 1374 1376 Ἰωσήφ·
1425 1305 1578 1359 Ἰδοὺ
1602 1304 1717 1358 νῦν

154 1397 532 1463 ἵολυέτληθεῖ
549 1397 611 1450 τὸ
636 1399 832 1463 ἔθνος,
859 1400 955 1451 καὶ
989 1400 1181 1467 ἰσχύει
1212 1399 1362 1466 ὑπὲρ
1389 1397 1564 1466 ἡμᾶς.
1606 1399 1717 1450 Ούκ

156 1487 212 1539 a-.-
235 1488 289 1540 δὲ
319 1489 650 1558 αὐξηθέντες
689 1487 1156 1558 ἐκραταιώθησαν,
1195 1491 1243 1542 εἰ
1275 1488 1349 1558 μὴ
1379 1491 1477 1558 τῆς
1521 1487 1715 1557 Ἰωσὴφ

154 1581 328 1650 ἔτυχον
359 1581 697 1651 ⁴ιιιροιιπασὰις
729 1581 824 1634 καὶ
856 1582 956 1651 τῆς
987 1580 1079 1634 τοῦ
1109 1579 1306 1650 Φαραὼ
1325 1579 1642 1643 δεξιώσεως.

215 1750 318 1802 Καὶ
345 1751 721 1820 persaepe-gis
747 1752 860 1821 τὴν
892 1752 1144 1820 καρδίαν
1171 1752 1380 1816 αὐτοῦ,
1410 1752 1516 1805 τοῦ
1534 1751 1715 1820 μισῆ-

1818 576 1872 629 in
1910 573 2220 643 Aﬂgyptum,
2249 573 2368 640 ejus
2396 574 2556 626 etiam
2597 572 2690 625 ﬁlii
2726 571 3050 625 indicantur.
3082 566 3216 621 Nam
3249 583 3372 622 cum

1820 668 2154 734 septuaginta
2185 664 2474 717 animabus
2495 663 2770 718 descendit
2792 661 2954 716 Israel
2983 661 3033 714 in
3057 659 3372 730 Egyptuni,

1817 758 1891 810 ait
1923 755 2221 822 Scriptura.
2257 752 2322 805 Et
2358 753 2520 806 Iacob
2551 753 2728 806 accola
2775 753 2874 820 fuit
2911 753 2965 804 in
3005 761 3142 803 terra
3185 749 3370 804 Citam.

1816 847 1984 900 (Ibam
2021 845 2206 911 genuit
2248 843 2524 907 Chanaan,
2562 846 2816 897 Chanaan
2862 852 3041 895 autem
3075 840 3372 904 Mrstraim,

1816 940 1907 1008 qui
1938 939 2324 1006 interpretatur
2363 936 2647 1006 .ﬁgyptus.
2679 935 2854 1001 Quare
2890 933 3180 1004 rEgyptum
3205 933 3374 985 Cbam

1815 1038 1992 1093 vocat,
2025 1041 2207 1097 utpote
2251 1045 2371 1098 quae
2404 1031 2696 1098 pertineret
2726 1029 2793 1081 ad
2827 1028 3005 1079 virum
3056 1039 3123 1078 ex
3170 1024 3374 1079 Chamo

1815 1130 2157 1190 prognatum.

1813 1255 1846 1280 ρ
1887 1211 1974 1264 Ξῑ.
2013 1209 2079 1261 Et
2131 1209 2282 1262 auxit
2322 1208 2574 1278 populum
2624 1224 2774 1261 suum
2816 1208 3152 1260 uehementer.
3205 1205 3279 1258 Ita
3317 1218 3376 1261 ut

1814 1299 2027 1355 Pharao
2057 1301 2300 1362 diceret,
2344 1301 2432 1353 ille
2483 1300 2690 1354 scilicet
2743 1301 2833 1367 qui
2867 1315 2973 1353 non
3017 1299 3377 1367 cognoscebat

1815 1391 2140 1461 Josepbum:
2179 1391 2311 1444 Ecce
2341 1408 2476 1443 nunc
2514 1407 2702 1459 magna
2740 1400 2816 1444 est
2853 1389 3154 1451 multitudo,
3194 1397 3240 1441 et
3266 1390 3376 1456 [or-

1818 1485 1920 1536 tior
1951 1484 2094 1536 nobis
2128 1491 2204 1535 est
2234 1482 2299 1534 ".
2331 1480 2619 1550 Nunquam
2649 1482 2790 1533 enim
2827 1480 2971 1534 aucti
3006 1489 3058 1533 ct
3104 1479 3373 1544 praevalidi

1815 1573 1940 1628 facti
1975 1584 2177 1635 essent,
2211 1575 2312 1627 nisi
2343 1573 2563 1642 Joscphi
2589 1573 2950 1642 patrocinium
2987 1582 3040 1627 et
3071 1572 3374 1628 Pharaonis

1816 1666 2042 1737 gratiam
2067 1664 2206 1717 nacti
2233 1675 2436 1718 essent.

1885 1755 1977 1808 25.
2008 1753 2273 1808 Convertit
2317 1771 2406 1806 cor
2443 1755 2556 1822 ejus
2611 1765 2666 1807 ut
2721 1753 2890 1806 adiret
2937 1753 3183 1822 populum
3235 1755 3370 1822 ejus.

154 1856 244 1893 σαι
275 1841 380 1894 τὸν
403 1845 560 1896 λαὸν
589 1845 793 1900 αὐτοῦ.
837 1845 1051 1915 Ἐπειδὴ
1081 1846 1143 1898 ὲκ
1164 1845 1254 1897 τοῦ
1279 1845 1538 1914 τιμᾶσθαι
1565 1844 1706 1913 παρὰ

1812 1843 2082 1910 Quoniam
2114 1846 2167 1897 in
2209 1845 2415 1897 honore
2455 1843 2624 1897 habiti
2688 1845 2829 1912 apud
2872 1843 3174 1914 Egypties,
3207 1844 3259 1898 iu
3295 1846 3371 1897 si-

153 1931 249 1982 τῶν
276 1934 590 2000 Αἰγυπτίων
628 1935 827 1998 αὐτοὺς
871 1939 950 1998 εἰς
980 1937 1076 2007 τὴν
1114 1937 1305 2006 ὁμοίαν
1347 1937 1530 1998 αὐτοῖς
1560 1937 1710 1988 εἰδω-

152 2023 457 2093 λολατρείαν
487 2025 772 2093 ἐξέϐησαν,
806 2026 996 2079 τούτου
1025 2029 1184 2098 χάριν
1211 2028 1588 2097 παρεσκεύασε
1624 2045 1710 2096 μι-

155 2117 305 2183 σῆσαι
346 2116 548 2177 αὐτοὺς
578 2118 670 2169 καὶ
723 2117 792 2168 τὰ
840 2117 1012 2188 βαρέα
1049 2119 1157 2172 τῶν
1202 2119 1376 2192 ἔργων
1424 2120 1704 2183 ἐπιθεῖναι,

153 2206 231 2258 ἵνα
260 2206 604 2269 κακωθέντες
634 2209 986 2277 καταφύγωσι
1019 2210 1151 2280 πρὸς
1177 2211 1265 2263 τὸν
1294 2210 1444 2273 Θεὸν,
1487 2211 1579 2262 καὶ
1619 2208 1708 2260 εὖ·

152 2313 224 2365 ροι
252 2296 438 2368 χώραν
456 2297 808 2369 πληρωθῆναι
832 2303 864 2369 ἡ
898 2301 1192 2368 ἐπαγγελία
1214 2301 1246 2369 ἡ
1270 2300 1402 2370 πρὸς
1440 2298 1705 2368 Ἀϐραάμ.

207 2389 628 2452 Ἑξαπέστειλε
650 2393 913 2458 Μωῢσῆν
930 2394 1032 2444 τὸν
1045 2393 1268 2446 δοῦλον
1283 2393 1489 2457 αὑτοῦ,
1513 2409 1565 2443 κ.
1586 2409 1632 2444 τ.
1654 2391 1704 2444 λ.

150 2481 335 2543 Movet;
363 2482 474 2551 γὰρ
501 2485 614 2544 τοῖς
631 2482 756 2551 περὶ
773 2482 862 2534 τὸν
879 2483 1118 2551 Μωῡσῆν
1150 2484 1243 2535 καὶ
1259 2479 1470 2553 Ἀαρὼν
1498 2481 1705 2534 ἀπεκά-

150 2570 266 2638 luds
301 2569 380 2640 τῷ
422 2570 566 2640 λόγῳ
605 2571 683 2635 τὸ,
716 2573 794 2634 είς
827 2565 985 2642 αἷμα,
1031 2573 1123 2624 καὶ
1160 2571 1226 2624 τὰ
1268 2572 1429 2641 ἔτερα
1473 2570 1578 2623 τῶν
1608 2586 1704 2640 ση-

156 2661 330 2728 μείων.

221 2750 641 2814 Ἐξαπέστειλε
685 2752 904 2815 σκότος
954 2755 1053 2803 καὶ
1089 2751 1443 2804 ἐσκότασεν.
1491 2746 1703 2818 Ἐπειδὴ

147 2843 364 2912 ἀφέντες
403 2843 498 2893 τὸν
533 2841 858 2911 δημιουργὸν
902 2840 1186 2908 Αἰγύπτιοι
1233 2845 1299 2911 τῇ
1358 2841 1530 2894 κτίσει
1582 2839 1703 2891 ἐλά-

148 2954 342 3005 τρευον,
379 2937 576 2989 τούτου
607 2937 762 3006 χάριν
789 2935 854 2988 δι’
884 2935 1054 3006 αὐτῆς
1101 2937 1292 2998 αύτούς
1339 2936 1440 3005 τῆς
1477 2935 1703 2998 κτίσεως

146 3029 408 3093 ἐκόλαζεν,
448 3030 506 3096 ἐξ
541 3030 698 3100 ἀέρος
748 3028 890 3097 λέγω
936 3029 1022 3100 δὴ,
1073 3029 1168 3080 καὶ
1213 3029 1403 3098 πυρδς.
1452 3029 1543 3081 καὶ
1576 3029 1698 3098 γῆς,

147 3125 227 3176 καὶ
260 3124 472 3187 ὓδατος.

200 3173 579 3285 ΜετέστρειρἝ
617 3217 688 3269 τὰ
725 3216 912 3268 ὕδατα
943 3211 1139 3266 αὐτῶν
1170 3215 1255 3278 εἰς
1289 3208 1450 3280 αἷμα.
1489 3213 1562 3264 Ού
1592 3211 1696 3279 γὰρ
1723 3173 1764 3229 C

145 3304 225 3373 τὴν
253 3307 444 3376 χροιὰν
472 3306 576 3358 τῶν
609 3305 812 3356 ὑδάτων
839 3304 1016 3373 μόνον,
1055 3300 1190 3353 ἀλλὰ
1235 3302 1328 3354 καὶ
1364 3300 1529 3370 αὐτὴν
1571 3317 1697 3372 μετ-

141 3394 283 3449 έϐαλε
317 3397 418 3466 τῆς
447 3397 687 3463 γεύσεως
719 3394 815 3465 τὴν
841 3393 1098 3462 ποιότητα
1119 3411 1131 3422 ·
1169 3394 1308 3450 ὣστε
1350 3391 1562 3446 ἅπαντα
1594 3393 1701 3445 δια-

143 3488 400 3559 φθαρῆναι
429 3489 539 3540 τῶν
567 3486 761 3558 ἰχθύων
794 3486 860 3540 τὰ
889 3486 1043 3555 γένη.

652 3582 1034 3647 ⁹Α.ῑληλούϊα..
1063 3577 1171 3631 PE'

743 3675 1082 3736 ’Υπόθεσις.

149 3765 224 3821 Ἑν
247 3768 423 3840 τούτῳ
448 3767 526 3837 τῷ
558 3765 754 3835 ψαλμῷ
797 3765 896 3826 τὰς
947 3761 1220 3833 ἁμαρτίας
1274 3761 1561 3830 καταλέγει
1599 3760 1692 3814 τοῦ

196 3862 460 3932 προτέρου
492 3858 642 3920 λαοῦ,
691 3855 953 3908 διδάσκων
986 3895 999 3918 ,
1047 3855 1122 3917 ὡς
1157 3855 1248 3907 καὶ
1298 3855 1608 3922 διαγέγονεν
1658 3856 1692 3925 ὴ

193 3951 430 4020 ἀποϐολὴ
460 3948 658 4002 αὐτῶν.
692 3948 812 4000 Εἰσὶ
852 3947 907 4000 δὲ
933 3940 1125 4000 αὗται·
1165 3945 1378 4017 πρῶτον
1420 3947 1516 4015 μὲν
1559 3961 1694 4013 παρ-

191 4043 495 4112 επίκραναν
516 4040 675 4093 αὑτὸν
693 4039 1051 4100 διαϐαίνοντες
1068 4041 1124 4090 ἐν
1143 4041 1208 4108 τῇ
1244 4037 1474 4107 Ἐρυθρᾷ
1498 4035 1695 4087 θαλασ-

197 4137 279 4204 σῇ,
335 4134 621 4192 εἰπόντες·
662 4130 825 4197 Παρὰ
881 4131 944 4182 τὸ
979 4129 1064 4198 μὴ
1111 4126 1263 4182 εἶναι
1301 4128 1576 4197 μνήματα
1625 4127 1692 4178 ἐν

182 4229 479 4295 Αἰγύπτῳ,
514 4223 804 4292 ἐξήγαγεν
826 4219 980 4290 ἡμᾶς
1010 4215 1124 4273 ὦδε
1151 4221 1474 4273 ἀπολέσαι·
1511 4220 1691 4272 δεύτε-

192 4336 275 4388 ρον
305 4319 611 4386 ἐπείρασαν
637 4316 725 4367 τὸν
756 4315 886 4367 Θεὸν
908 4317 962 4366 ὲν
990 4316 1054 4383 τῇ
1087 4315 1276 4384 ἐρήμῳ
1299 4327 1311 4338 ·
1350 4311 1528 4380 τρίτον
1554 4328 1690 4379 παρ-

192 4406 431 4474 ὡργισαν
484 4404 721 4473 Μωῦσῆν
780 4405 836 4454 ἐν
899 4405 964 4472 τῇ
1023 4399 1369 4471 παρεμϐολῇ·
1433 4400 1687 4471 τέταρτον

190 4497 450 4567 ἐποίησαν
500 4495 695 4564 μόσχον
728 4497 783 4547 ὲν
829 4492 1062 4563 Χωρήϐ·
1113 4493 1360 4562 πέμπτον
1407 4490 1688 4555 ἐξουδένω-
1722 4521 1764 4574 D

189 4609 278 4643 σιν
309 4592 416 4660 γῆν
449 4587 794 4658 ἐπιθυμητήν
817 4607 828 4617 ·
860 4587 1016 4639 ἕκτον
1054 4585 1411 4656 ἐτελέσθησαν
1437 4586 1512 4654 τῷ
1543 4585 1695 4637 Βεελ-

188 4683 405 4754 φεγώρ·
470 4681 698 4750 ἕϐδομον
750 4679 1106 4752 παρώργισαν
1161 4679 1320 4732 αὑτὸν
1371 4679 1462 4731 ἐπὶ
1499 4678 1688 4740 ὓδατος

187 4775 501 4843 ἀντιλογίας
526 4791 540 4803 ·
572 4773 754 4841 ὃγδοον
793 4772 870 4842 τῷ
915 4772 989 4842 μὴ
1026 4770 1397 4840 ἐξολοθρεῦσαι
1430 4770 1498 4822 τὰ
1538 4770 1685 4840 ἔθνη,

186 4868 216 4919 ει
240 4865 354 4920 εἷπε
389 4867 602 4936 Κύριος
649 4866 847 4928 αὐτοῖς,
885 4864 1018 4917 ἀλλὰ
1053 4865 1144 4916 καὶ
1173 4863 1539 4934 πωσκυνῆσαι
1576 4867 1684 4925 τοῖς

185 4959 438 5022 εἰδώλοις,
473 4959 550 5020 ὡς
595 4959 686 5010 καὶ
729 4959 796 5010 τὰ
833 4958 994 5008 τέκνα
1037 4955 1215 5009 αὐτῶν
1253 4960 1331 5019 εἰς
1365 4954 1552 5008 θυσίαν
1585 4957 1680 5007 αύ-

184 5056 283 5116 τοῑς
321 5055 670 5118 είσαγαγείν.

193 5141 690 5213 Ἐξομολογεῖσσε
730 5140 808 5205 τῷ
839 5141 1049 5208 Κυρίῳ,
1085 5141 1173 5193 ὅτι
1202 5143 1468 5209 χρηστός
1507 5182 1518 5192 .
1559 5182 1570 5194 .
1609 5181 1621 5193 .
1663 5181 1675 5193 .

129 5233 386 5301 Μακάριοι
408 5237 466 5286 cl
483 5232 909 5301 φυλάσσοντες
933 5234 1152 5298 κρίσιν,
1172 5251 1221 5285 κ.
1243 5251 1290 5286 τ.
1313 5234 1360 5286 λ.
1392 5226 1547 5286 Οὗτοι
1571 5233 1676 5303 γὰρ

129 5322 245 5386 ἄξιοι
264 5326 416 5393 μόνοι
446 5323 553 5386 τὰς
582 5322 893 5386 δυναστείας
918 5323 1096 5378 λαλεῖν
1123 5324 1215 5376 τοῦ
1234 5325 1457 5394 Κυρίου,
1475 5325 1606 5377 οἱτὰ
1623 5327 1681 5377 ἐν

129 5417 222 5476 ταῖς
242 5415 492 5486 Γραφαῖς
521 5415 626 5467 ὑπὸ
658 5414 792 5467 Θεοῦ
824 5417 1125 5486 κεκριμένα
1160 5417 1456 5478 ποιοῦντες,
1505 5417 1678 5469 πάντα

130 5516 174 5552 τε
196 5505 359 5574 κρίσει
404 5507 503 5557 καὶ
535 5505 683 5575 λόγῳ
720 5505 1192 5578 διαπραττόμενοι,
1226 5509 1319 5559 καὶ
1351 5506 1438 5558 διὰ
1481 5507 1676 5568 παντὸς

131 5590 308 5660 ῐχοντες
354 5595 453 5649 τού
502 5595 640 5649 Θεοῦ
676 5597 773 5667 τὴν
821 5599 999 5668 κρίσιν
1040 5600 1145 5669 πρὸ
1195 5599 1302 5654 τῶν
1361 5598 1672 5668 ὀφθαλμῶν.

185 5771 218 5800 ⁹¹
245 5769 413 5830 Exod.
445 5791 486 5841 ι,
525 5774 578 5830 9.
662 5775 707 5806 ”
743 5771 913 5831 Exod.
958 5794 1061 5843 ut,
1101 5778 1179 5831 ll.

1810 1937 1990 1990 niilem
2017 1945 2179 2004 atque
2219 1936 2292 1988 illi
2323 1935 2682 1988 iclololatriam
2716 1936 2922 2003 delapsi
2960 1939 3208 2000 fuerant;
3244 1938 3369 1992 ideo

1809 2027 2021 2082 wrmit
2051 2035 2107 2078 ut
2137 2025 2350 2078 odirent
2395 2041 2488 2079 eos
2529 2035 2580 2078 et
2613 2026 2792 2096 gravia
2838 2027 2970 2094 ipsis
3001 2042 3166 2096 opera
3200 2029 3373 2096 impo-

1811 2128 2022 2182 tierent,
2059 2127 2117 2170 ut
2154 2117 2335 2170 aﬂlicti
2371 2118 2435 2170 ad
2486 2115 2655 2170 Deum
2708 2115 3079 2187 confugerent,
3123 2127 3174 2171 et
3221 2119 3371 2173 locus

1807 2220 1950 2264 esset
1976 2209 2259 2277 implendas
2283 2208 2664 2276 promissionis
2688 2211 2755 2262 ad
2785 2209 3156 2262 Abrahamum
3194 2208 3366 2263 factae.

1876 2379 1964 2440 26,
1995 2379 2083 2432 27.
2122 2378 2270 2432 Misit
2308 2379 2539 2448 Moysen:
2585 2395 2789 2432 servum
2833 2397 2987 2432 suum
3014 2420 3028 2442 ,
3073 2393 3177 2436 etc.
3202 2381 3370 2436 -Solis

1807 2469 2005 2541 quippe
2036 2472 2204 2540 Moysi
2239 2481 2291 2524 et
2323 2471 2504 2524 Aaron
2531 2472 2695 2525 verbo
2723 2472 2978 2525 rerelavit
3004 2473 3218 2540 signum
3249 2489 3369 2526 titti-

1807 2559 2027 2613 tationis
2051 2573 2315 2628 aquarum
2348 2560 2404 2613 in
2445 2562 2763 2630 sanguinem
2796 2602 2812 2626 ,
2844 2573 3005 2630 atque
3050 2563 3155 2616 alia
3191 2564 3363 2631 signa.

1875 2743 1964 2795 28.
2005 2743 2152 2796 Misit
2212 2747 2449 2798 tenebras
2494 2757 2544 2799 et
2591 2746 2905 2799 obscuravit.
2943 2747 3079 2814 Quia
3132 2747 3368 2820 Egyptii

1807 2834 1996 2888 relicto
2023 2835 2278 2890 Creatore
2298 2846 2559 2891 creatura:
2577 2837 2876 2892 serviebant
2901 2855 2914 2892 :
2942 2839 3058 2893 ideo
3084 2855 3176 2908 per
3193 2842 3362 2909 ipsam

1803 2939 2112 2983 creaturam
2139 2931 2397 2999 puniebat
2426 2947 2541 2998 eos,
2572 2947 2668 3002 per
2689 2947 2868 2986 acrem
2900 2932 3127 2998 scilicet,
3161 2933 3361 3003 ignem,

1802 3025 2002 3071 terram
2032 3031 2086 3072 et
2114 3035 2334 3087 aquam.

1871 3213 1960 3268 ἓξ).
1994 3214 2262 3270 Convertit
2305 3233 2469 3288 aquas
2511 3234 2690 3271 eorum
2720 3220 2772 3271 iu
2799 3219 3125 3288 sanguinem.
3157 3217 3275 3272 Non
3305 3237 3362 3273 e—

1799 3302 1910 3356 nim
1946 3306 2123 3359 solum
2157 3322 2422 3376 aquarum
2471 3309 2705 3362 colorem
2735 3348 2749 3372 ,
2793 3309 2883 3362 sed
2933 3309 3101 3377 ipsam
3149 3311 3360 3378 saporis

1797 3396 2112 3464 qualitatem
2143 3402 2400 3454 mutavit:
2445 3403 2519 3455 ita
2562 3411 2621 3455 ut
2672 3405 2854 3456 omnia
2896 3403 3128 3472 piscium
3163 3419 3360 3474 genera

1881 3503 2020 3556 aqua
2045 3492 2539 3560 exstinguerentur.

2370 3583 2626 3636 Alleluia.
2661 3581 2701 3636 C
2719 3583 2777 3637 V.

2370 3675 2773 3744 Argumentum.

1795 3761 1852 3813 ln
1888 3761 1990 3815 hoc
2021 3764 2230 3831 psalmo
2261 3776 2506 3820 recenset
2533 3778 2752 3836 peccata
2783 3767 2982 3836 prioris
3011 3771 3216 3839 populi,
3248 3770 3350 3825 do-

1864 3869 1992 3908 cens
2022 3870 2130 3923 quo
2171 3866 2328 3926 pacto
2371 3859 2688 3925 repudiatus
2729 3858 2818 3912 illc
2854 3859 3035 3914 fuerit.
3085 3860 3222 3916 Sunt
3259 3877 3357 3917 au-

1866 3955 1972 3999 tem
2006 3947 2114 4012 illa,
2143 3950 2318 4015 primo
2335 3949 2479 4016 quod
2507 3950 2951 4007 exacerbaverint
2975 3969 3098 4007 eum
3135 3955 3188 4008 in
3218 3958 3355 4009 mari

1863 4035 2046 4091 Rubro
2077 4079 2092 4103 ,
2158 4039 2429 4093 dicentes:
2494 4043 2579 4092 An
2619 4043 2743 4110 quia
2779 4061 2880 4096 non
2919 4055 3070 4099 erant
3116 4047 3356 4114 sepulcra

1861 4128 1914 4181 in
1942 4127 2192 4198 gypto,
2225 4131 2403 4184 eduxit
2427 4147 2518 4184 nos
2549 4132 2650 4184 huc
2673 4144 2729 4186 ut
2757 4152 2845 4189 nos
2875 4137 3106 4205 perderet
3134 4139 3222 4190 "?
3270 4156 3354 4193 se-

1857 4221 2056 4281 cundo.
2089 4225 2231 4292 quod
2255 4225 2580 4278 teutaverint
2611 4225 2776 4280 Deum
2812 4229 2864 4280 in
2894 4229 3139 4296 deserto;
3174 4231 3353 4294 tertio,

1865 4315 2009 4383 quod
2043 4315 2372 4369 irritaverint
2421 4316 2658 4386 Moysen:
2721 4320 2774 4371 in
2816 4323 3053 4386 castris;
3106 4332 3304 4391 quarto
3336 4363 3351 4385 ,

1860 4407 2002 4474 quod
2035 4405 2260 4458 fecerint
2304 4407 2531 4461 vitulum
2572 4408 2624 4461 in
2668 4406 2916 4475 Choreb;
2948 4412 3160 4480 quinto,
3199 4413 3352 4482 quod

1860 4513 1958 4566 pro
1981 4497 2148 4549 nihilo
2181 4497 2470 4551 habuerint
2493 4507 2691 4551 terram
2710 4499 3121 4555 desiderabilem
3145 4512 3354 4569 ;sesto,

1861 4589 2006 4657 quod
2042 4589 2236 4642 initiati
2266 4589 2374 4642 sint
2400 4589 2764 4660 Beelphcgor;
2797 4594 3050 4661 septimo,
3091 4596 3238 4663 quod
3274 4595 3353 4648 ir»

1867 4680 2150 4733 ritaverint
2203 4695 2324 4733 eum
2376 4681 2439 4733 ad
2485 4696 2654 4748 aquas
2693 4683 3169 4750 contradictionis;
3204 4697 3353 4743 octa-

1863 4786 1950 4834 vo,
1980 4770 2126 4838 quod
2177 4787 2285 4824 non
2343 4772 2764 4840 disperdideriut
2813 4785 2999 4843 gentes
3046 4793 3182 4845 quas
3217 4779 3354 4834 dixit

1863 4862 2284 4923 Dominus-illis.
2316 4866 2405 4917 sed
2438 4865 2784 4920 adoraverint
2820 4869 2983 4930 idola,
3014 4870 3086 4923 ita
3122 4880 3180 4924 ut
3209 4872 3350 4927 ﬁlios

1861 4969 1992 5009 suos
2021 4954 2073 5007 in
2108 4956 2436 5009 sacriﬁcium
2474 4957 2605 5026 ipsis
2631 4957 2910 5012 oﬁ‘errent.

1852 5143 1902 5205 1,
1934 5143 1988 5205 9.,
2015 5143 2066 5195 ’5.
2103 5143 2439 5210 Con/itemiui
2462 5143 2684 5196 Domino
2706 5145 2951 5213 quoniam
2978 5143 3137 5198 bonus
3174 5183 3186 5196 .
3223 5181 3239 5196 .
3273 5183 3287 5196 .
3326 5186 3341 5199 .

1781 5229 1932 5287 Beati
1965 5234 2054 5301 qui
2081 5233 2384 5286 custodiunt
2409 5234 2696 5302 judicium,
2721 5243 2824 5286 etc.
2846 5231 2883 5284 li
2915 5233 3058 5286 enim
3087 5233 3344 5302 solidigui

1782 5334 1908 5379 sunt
1940 5325 2033 5393 qui
2065 5334 2321 5378 enarrcnt
2342 5325 2610 5394 potentias
2633 5323 2868 5386 Domini,
2910 5323 3002 5392 qui
3041 5339 3101 5376 ea
3130 5339 3252 5392 quae
3290 5324 3343 5376 in

1790 5415 2088 5484 Scripturis
2110 5431 2140 5468 a
2165 5413 2278 5468 Deo
2309 5417 2524 5469 decreta
2558 5424 2685 5468 sunt
2714 5413 2938 5476 iaciunt,
2973 5423 3133 5480 atque
3160 5413 3340 5466 omnia

1786 5523 1906 5562 cum
1933 5506 2143 5574 judicio
2172 5516 2224 5560 et
2271 5508 2480 5560 ratione
2520 5515 2914 5574 exsequuntur,
2944 5514 2997 5558 et
3032 5520 3243 5572 semper
3269 5505 3341 5556 ob

1783 5598 2005 5674 oculos“
2025 5598 2226 5655 habent
2249 5597 2514 5667 judicium
2552 5597 2667 5652 Dei.
2703 5595 2763 5650 Hi
2808 5611 3044 5666 namque
3090 5605 3215 5650 sunt
3246 5593 3339 5664 qui
