4094 6312
738 358 841 417 M7

1580 352 1634 406 S.
1677 346 2041 404 ATHANASH
2079 344 2228 402 OPP.
2265 340 2449 397 PARS
2487 339 2571 397 111.
2610 371 2681 384 -
2714 337 3121 395 EXEGETICA.
3849 332 3936 392 418

744 465 949 545 [ιιτὶαηί
970 473 1265 542 justitiam,
1296 471 1388 542 qui
1416 471 1559 541 quod
1588 473 1796 540 justum
1832 477 1916 522 est
1954 480 2115 536 opere
2140 480 2286 519 exse-

2396 452 2552 513 Οῦτοι
2572 458 2678 529 γάρ
2701 455 3002 518 ἀκολούθως
3017 454 3110 509 καὶ
3132 453 3367 519 ,ποιηταὶ
3386 449 3779 512 δικαιοσύνης
3803 452 3842 499 2!
3859 452 3936 507 ςὶν,

743 579 1003 622 (ιιιιιηιυτ.

760 610 775 638 ι
812 660 867 713 4.
903 659 1163 712 Memento
1207 656 1394 719 nostri,
1454 654 1694 718 Domine,
1729 654 1783 706 in
1836 651 2155 720 beneplacito
2204 666 2292 719 po-

741 751 852 817 pui'i
886 750 982 801 tui.
1015 748 1226 802 Abhinc
1270 744 1539 798 inducitur
1566 757 1793 811 persona
1820 739 2150 801 Judacoruin,
2178 753 2299 807 pre-

743 844 983 897 cantium
1017 851 1077 894 ut
1104 847 1381 894 consortes
1419 839 1527 891 sint
1557 836 1746 891 salutis
1786 833 2034 903 gentibus
2060 830 2217 884 datae.

816 1016 903 1069 H.
940 1014 1155 1082 Operuit
1180 1030 1314 1080 aqua
1344 1010 1652 1062 tribulautes
1678 1024 1787 1061 eos.
1817 1005 2163 1060 Tribulantes
2186 1005 2295 1057 sci-

742 1106 889 1169 licet,
921 1121 1041 1157 nam
1079 1109 1383 1172 promiscua
1420 1108 1573 1153 turba
1613 1115 1733 1168 qua:
1762 1116 1884 1153 cum
1912 1100 2041 1166 ipsis
2060 1098 2295 1168 egredio-

742 1198 923 1259 batur,
954 1213 1056 1249 non
1089 1197 1458 1249 triliulantium
1492 1195 1581 1247 sed
1623 1194 1952 1245 credentium
1984 1198 2119 1243 crat.

819 1287 903 1347 1'2,
940 1285 1023 1338 i3.
1067 1282 1129 1337 Et
1160 1284 1485 1336 crediderunt
1518 1281 1666 1334 verbo
1695 1281 1829 1348 ejus,
1867 1289 1915 1333 et
1950 1280 2293 1331 laudauerunt

742 1377 952 1430 laudem
984 1376 1117 1444 ejus.
1152 1373 1283 1427 Nam
1324 1391 1445 1427 (‘lllll
1491 1382 1707 1442 propter
1749 1372 2039 1424 bonitatem
2078 1368 2291 1423 Domini

741 1468 905 1521 additi
938 1466 1166 1521 fuissent
1198 1466 1390 1519 ﬂuctus
1440 1466 1493 1517 in
1544 1466 1679 1517 mari
1720 1461 1924 1526 Rubro,
1950 1462 2128 1515 statim
2177 1477 2293 1515 cre-

738 1560 924 1613 dentes
986 1560 1256 1612 canticum
1312 1557 1628 1610 cecinerunt
1688 1554 1742 1607 in
1796 1551 1983 1605 Exodo
2033 1551 2288 1620 positum.

738 1649 1003 1718 Deinceps
1029 1666 1157 1703 vero
1190 1649 1372 1701 omnia
1403 1646 1655 1701 oblivioni
1687 1645 2041 1699 tradiderunt.
2073 1642 2141 1696 Et
2173 1642 2290 1694 lau-

735 1742 987 1795 daterunt
1024 1741 1231 1793 tandem
1264 1740 1397 1801 eius.
1436 1736 1664 1803 Quando
1703 1737 1923 1790 exibant
1970 1735 2292 1790 clioreutrize

2402 549 2774 609 ἐπιτελοῦντες
2803 549 2945 618 ἔργῳ
2968 547 3027 598 τὸ
3054 545 3276 598 δίκαιον.

2466 640 2780 708 Μνήσθητι
2829 637 2997 707 ἡμῶν
3024 678 3039 702 ,
3094 638 3287 703 Κύριε,
3336 635 3406 687 ἐν
3454 632 3526 701 τῇ
3560 631 3805 698 εὐδοκία
3853 632 3938 681 tu"

2399 732 2549 786 λαοῦ
2583 748 2720 786 σου.
2766 728 3042 782 Ἐντεῦθεν
3084 729 3143 780 τὸ
3188 727 3293 778 τῶν
3354 724 3616 778 Ἰουδαίων
3666 725 3939 793 πρήσι-»τω

2402 822 2675 890 εἰσάγεται
2708 862 2721 884 ,
2768 819 3078 889 εὐχομένων
3113 815 3435 888 μεταλαϐεῖν
3479 815 3577 884 τῆς
3613 815 3729 876 τοῖς
3784 812 3939 863 ἔθνεϊ.

2397 912 2674 981 διδομένης
2704 910 2995 980 σωτηρίας.

2482 1002 2819 1070 Ἐκάνῖυψεν
2848 1001 3003 1069 ὕδωρ
3051 999 3190 1065 τοὺς
3234 1000 3545 1063 θλίϐοντας
3581 998 3819 1060 αὐτούς.
3850 998 3940 1063 Δη-

2395 1094 2523 1163 λαδὴ
2548 1095 2655 1145 τῶν
2684 1093 2968 1145 θλιϐόντων
2993 1108 3006 1119 ·
3037 1094 3065 1144 ό
3092 1091 3197 1162 γάρ
3224 1088 3545 1155 συνεξελθὼν
3575 1088 3858 1157 ὲπίμικτος
3884 1089 3937 1138 οὐ

2394 1185 2501 1237 τῶν
2526 1184 2810 1237 θλιϐόντων
2846 1180 2933 1252 ἦν,
2964 1182 3099 1235 άλλά
3129 1182 3237 1233 τῶν
3273 1181 3696 1234 πιστευσάντων.

2463 1276 2567 1331 Kal
2593 1277 2965 1329 ἐπίστευσαν
2990 1272 3068 1339 τῷ
3099 1278 3258 1343 λόγῳ
3288 1273 3493 1335 αὐτοῦ,
3526 1273 3622 1323 καὶ
3652 1266 3816 1342 ᾖσαν
3839 1271 3940 1334 την

2393 1369 2627 1421 αἷνεσιν
2651 1368 2857 1420 αὑτοῦ.
2900 1371 2976 1419 Δι’
3004 1366 3311 1434 ἁγαθότητα
3343 1365 3450 1434 γάρ
3488 1364 3578 1416 τοῦ
3612 1363 3749 1415 Θεοῦ
3794 1381 3943 1433 πρεσ-

2392 1460 2651 1513 τεθέντων
2683 1460 2775 1512 καὶ
2805 1458 2911 1511 τῶν
2961 1459 3017 1509 ὲν
3058 1460 3124 1529 τῇ
3170 1457 3411 1526 θαλάσσῃ
3452 1455 3741 1523 κυμάτων,
3776 1472 3941 1524 πειρα-

2393 1552 2581 1622 χρῆμα
2610 1551 2706 1620 μὲν
2742 1549 3144 1612 πιστεύσαντες,
3187 1545 3325 1621 ⁴ᾖσαν
3366 1549 3513 1620 αὐτῷ
3550 1548 3648 1618 τὴν
3678 1547 3822 1618 ᾠδὴν
3852 1549 3944 1618 τὴν

2392 1646 2449 1695 ἐν
2492 1642 2683 1712 Ἐξόδῳ
2708 1641 2967 1712 κειμένην
2995 1658 3008 1671 ·
3038 1637 3155 1695 εἶτα
3206 1640 3379 1693 πάντα
3408 1641 3732 1711 παρέδωκαν
3790 1639 3942 1710 λήθῃ.

2392 1734 2500 1787 Kal
2544 1729 2710 1804 ᾖσαν
2754 1732 2867 1801 τὴν
2910 1732 3146 1787 αῖνεσιν
3190 1732 3396 1785 αὐτοῦ.
3449 1733 3575 1784 Ὅτε
3624 1731 3845 1802 ἐξῆλθον
3895 1733 3946 1781 αἱ

736 1847 859 1884 cum
904 1816 1067 1883 Maria
1133 1831 1373 1883 dicentes
1420 1847 1433 1881 :
1482 1828 1765 1882 Cantemus
1800 1827 2043 1891 Domino,
2067 1826 2286 1896 gloriose

2393 1823 2709 1897 χορεύουσαι
2769 1822 2907 1893 μετὰ
2945 1822 3176 1895 Μαριάμ
3217 1822 3468 1890 λέγουσαι
3500 1840 3514 1853 ο
3561 1823 3836 1891 ’ᾼσωμεν
3873 1838 3947 1885 τῳ

733 1921 871 1973 enim
900 1916 1374 1989 magniﬁcatus'est
1404 1919 1467 1972 ".

803 2009 891 2062 Li.
924 2009 990 2062 Et
1015 2018 1344 2062 tentavcrunt
1372 2008 1534 2062 Deum
1570 2009 1624 2061 in
1662 2009 1937 2077 innquoso.
1988 2006 2143 2068 Illud.
2185 2015 2291 2059 ten-

737 2109 975 2154 taverunt
1016 2101 1177 2154 Deum
1203 2101 1256 2153 in
1280 2102 1555 2169 inaquoso,
1584 2100 1852 2169 signiﬁcat
1887 2118 1899 2153 :
1941 2098 2290 2153 irritaveruut

731 2207 858 2246 eum
891 2194 1071 2248 statim
1103 2202 1225 2263 post
1250 2195 1531 2248 transitum
1557 2193 1721 2247 maris
1746 2192 1933 2247 Rubri.

796 2284 886 2339 20.
934 2284 1002 2338 Ει
1047 2294 1377 2337 nmtaveruut
1420 2286 1641 2354 gloriam
1690 2301 1839 2337 suam
1892 2285 1943 2337 in
1978 2283 2286 2336 similitudi-

734 2392 850 2429 nem
903 2376 1052 2429 uituli
1102 2378 1417 2431 consulentis
1474 2379 1669 2445 fenum.
1739 2374 1920 2429 Glnria
1981 2375 2110 2443 ipsis
2170 2381 2288 2429 erat

732 2462 897 2529 Deus,
926 2480 1033 2534 quo
1062 2466 1289 2520 dimisso
1318 2467 1677 2519 adoraverunt
1696 2464 1944 2518 vitulum.

810 2556 902 2612 25.
934 2554 995 2611 Si
1025 2573 1127 2609 non
1177 2556 1383 2626 Moyses
1429 2557 1621 2611 electus
1662 2559 1773 2620 eius
1809 2558 2032 2611 stetisset
2061 2558 2117 2610 in
2163 2572 2287 2610 con-

731 2650 1009 2720 {ractione.
1047 2647 1276 2716 Quando
1308 2648 1442 2703 dixit
1475 2668 1488 2703 :
1523 2647 1582 2703 Si
1610 2650 1834 2702 dimittis
1865 2659 2133 2718 peccatum
2154 2687 2170 2712 ,
2200 2649 2286 2703 di-

729 2742 879 2795 mitte
901 2756 920 2795 :
951 2743 996 2795 si
1027 2757 1131 2795 non
1155 2740 1401 2807 dimittis,
1420 2741 1531 2795 dele
1551 2758 1629 2796 me
1659 2744 1721 2796 de
1745 2742 1879 2795 libro
1908 2752 1995 2795 tuo
2018 2741 2113 2794 hoc
2132 2757 2281 2811 quem

730 2832 990 2900 scripsisti
1021 2830 1085 2885 “.

810 2920 901 2974 21.
934 2920 1004 2975 Et
1033 2938 1127 2990 pro
1171 2921 1337 2975 nihilo
1382 2919 1675 2973 habuerunt
1716 2930 1910 2972 terram
1952 2917 2280 2972 desiderabi-

727 3009 851 3062 lem.
882 3010 1083 3076 Quinta
1110 3012 1384 3065 accusatio
1421 3010 1534 3065 hzec
1558 3019 1661 3073 est,
1690 3019 1811 3079 post
1853 3009 2009 3074 alias,
2040 3010 2106 3063 de
2142 3009 2279 3063 mari

728 3099 916 3155 Rubro
938 3103 1161 3165 scilicet,
1182 3103 1248 3158 de
1280 3102 1512 3165 deserto,
1532 3102 1597 3156 de
1621 3100 1802 3172 Moyse
1838 3102 1904 3156 ad
1937 3103 2069 3155 iram
2100 3103 2282 3156 conci-

2393 1916 2622 1981 Κυρίῳ⁸
2655 1913 2913 1977 ἐνδόξως
2933 1914 3043 1983 γὰρ
3074 1913 3450 1977 δεδόξασται.

2461 2006 2570 2059 Kal
2599 2004 2927 2073 ἐπείρασαν
2950 2005 3057 2058 τὸν
3083 2004 3232 2057 Θεὸν
3267 2006 3336 2058 ἐν
3359 2005 3609 2072 ἀνύδρῳ.
3641 2004 3715 2057 Τὸ
3743 2004 3822 2069 δὲ,
3854 2002 3947 2057 καὶ

2390 2098 2715 2165 ἐπείρασαν
2734 2097 2841 2151 τὸν
2864 2095 3011 2150 Θεὸν
3044 2096 3114 2149 ἐν
3163 2096 3396 2163 ἀνύδρῳ
3420 2114 3433 2128 ·
3462 2096 3817 2168 παρώργισαν
3847 2098 3949 2166 γάρ

2391 2189 2551 2243 αὑτὸν
2571 2188 2772 2251 εὐθέως
2800 2190 2935 2259 μετά
2957 2188 3056 2257 τὴν
3100 2186 3364 2259 Ἐρυθρὰν
3388 2188 3680 2242 θάλασσαν.

2465 2278 2571 2332 Kal
2601 2278 2945 2345 ἠλλάξαντο
2967 2277 3082 2343 τὴν
3108 2277 3295 2341 δόξαν
3323 2274 3508 2332 αὐτοῦ
3545 2281 3615 2332 ἐν
3640 2278 3951 2350 ὁμοιώματι

2383 2368 2623 2436 μόσχου
2651 2367 2963 2431 ἐσθίοντος
2990 2369 3225 2435 χόρτον.
3250 2366 3386 2429 Δόξα
3405 2363 3472 2437 ἦν
3504 2369 3686 2430 αὐτοῖς
3720 2368 3751 2420 ό
3796 2369 3948 2431 Θεὸς,

2387 2457 2447 2510 ὃν
2479 2459 2707 2527 ἀφέντες
2741 2456 3151 2528 προσεκύνησαν
3180 2457 3256 2527 τῷ
3290 2458 3492 2529 μόσχῳ,

2456 2549 2525 2601 El
2545 2550 2631 2617 μὴ
2663 2547 2923 2617 Μωῦσῆς
2954 2551 2987 2602 ό
3014 2549 3293 2615 ἐκλεκτός
3316 2549 3466 2617 ἔστη
3490 2550 3561 2603 ἐν
3586 2548 3659 2617 τῇ
3681 2552 3949 2618 θραύσει.

2390 2636 2515 2690 Ὅτε
2558 2632 2741 2689 εἶπεν·
2780 2639 2847 2691 El
2869 2635 2987 2706 μὲν
3018 2636 3192 2705 ἀρεῖς
3221 2637 3424 2703 αὐτοῖς
3477 2638 3592 2704 τὴν
3634 2640 3948 2707 ἁμαρτίαν,

2386 2726 2535 2797 ἄφες
2560 2745 2576 2759 ο
2608 2730 2660 2781 ει
2706 2726 2774 2782 δὲ
2811 2727 2920 2797 μὴ,
2959 2726 3112 2796 κάμὲ
3150 2728 3474 2796 ἐξάλειψον
3492 2729 3559 2782 ἐκ
3588 2727 3695 2797 τῆς
3728 2730 3951 2793 βίϐλου

2384 2834 2502 2873 σου
2527 2820 2743 2886 ταύτης
2774 2815 2849 2889 ἧς
2876 2819 3141 2889 ἔγραψας

2456 2909 2563 2963 Kal
2582 2909 3001 2973 ἐξουδένωσαν
3016 2909 3132 2979 γῆν
3161 2910 3545 2979 ἐπιθυμητήν.
3579 2910 3841 2981 Πέμπτον
3873 2913 3955 2979 έγ-

2384 2998 2570 3069 κλημα
2602 2999 2758 3051 τοῦτο
2792 2996 2929 3067 μετὰ
2974 2996 3072 3067 τὴν
3132 2997 3415 3068 Ἐρυθρὰν,
3468 2999 3562 3050 καὶ
3592 2998 3691 3067 τὴν
3720 2998 3949 3070 ἔρημον,

2386 3092 2480 3143 καὶ
2510 3090 2610 3159 τὴν
2635 3092 2715 3152 εἰς
2743 3089 2981 3158 Μωῦσῆν
3017 3088 3325 3159 παροινίαν,
3374 3088 3467 3140 καὶ
3495 3088 3584 3140 τὸν
3620 3089 3824 3159 μόσχον
3864 3091 3953 3143 τὸν

726 3198 865 3256 tato,
892 3193 958 3247 de
990 3192 1159 3247 vitulo
1200 3194 1255 3247 in
1302 3192 1536 3247 (Ihoreh.
1586 3152 1806 3246 Πενέτεί
1837 3206 2071 3261 namque
2094 3192 2284 3261 explo-

2388 3181 2443 3232 εν
2487 3152 2708 3250 Χωρήϐ.
2750 3152 3161 3242 Ἐπανελθόντες
3194 3178 3302 3250 γὰρ
3334 3180 3383 3231 οἱ
3416 3152 3761 3231 κατάσκοποι
3784 3220 3800 3245 ,
3856 3196 3955 3232 κα-

724 3295 960 3350 ratores,
987 3286 1125 3339 male
1162 3285 1442 3354 loquentes
1467 3284 1532 3338 de
1558 3293 1720 3345 terra,
1745 3283 1879 3337 alios
1911 3299 2093 3367 secum
2121 3285 2285 3338 abdu-

725 3386 946 3443 xerunt,
980 3386 1206 3446 excepto
1229 3375 1355 3430 Jesu
1387 3374 1497 3428 ﬁlio
1532 3372 1701 3437 Nave,
1735 3382 1790 3427 et
1828 3374 2029 3429 Cbaleb
2062 3375 2173 3428 tilio
2210 3373 2285 3427 le-

770 3469 929 3522 bone.

770 3482 929 3522 none.

727 3482 765 3538 Ρ
798 3557 887 3611 25.
908 3556 975 3611 Et
993 3565 1445 3612 murmuraverunt
1466 3559 1522 3612 in
1538 3557 1890 3613 tabernaculis
1906 3558 2284 3624 suis.'Quando

729 3649 937 3705 reversi
993 3649 1361 3720 exploratores
1412 3661 1647 3706 mentem
1704 3650 1887 3722 populi
1953 3660 2280 3705 averterunt.

798 3826 889 3881 28.
924 3826 995 3881 Et
1023 3828 1223 3882 initiati
1260 3838 1382 3882 sunt
1406 3826 1741 3897 Beelphegor.
1795 3826 1909 3881 Hoc
1968 3826 2169 3881 idolum
2199 3837 2284 3881 est

726 3920 1184 3983 Ammonitarum,
1216 3917 1362 3987 quod
1392 3924 1619 3972 vocatur
1659 3932 1691 3970 a
1740 3916 1943 3972 Grzecis
1991 3917 2278 3973 Saturnus.

797 4008 886 4064 30.
911 4007 979 4062 Et
1008 4010 1151 4063 stetit
1174 4007 1392 4063 Pliinees
1414 4018 1464 4063 et
1509 4008 1756 4080 placavit.
1818 4007 2048 4076 Quando
2080 4009 2284 4064 Madia-

730 4100 953 4155 nitidem
986 4112 1111 4156 cum
1163 4101 1380 4155 moecho
1410 4101 1629 4157 occidit.
1664 4098 1933 4156 Docemur
1984 4110 2165 4157 autem
2197 4102 2285 4157 liis

730 4194 919 4265 quanti
948 4194 1017 4249 sit
1049 4192 1193 4264 apud
1215 4190 1383 4247 Deum
1410 4194 1493 4248 vel
1525 4194 1687 4247 unius
1720 4193 1818 4247 viri
1850 4194 2039 4263 pietas.

800 4364 888 4420 59.
924 4363 992 4418 Et
1028 4364 1277 4435 fornicati
1302 4375 1423 4418 sunt
1448 4366 1504 4419 in
1520 4365 1973 4422 adinventionibus
1995 4369 2125 4422 suis.
2158 4366 2284 4423 Huic

2384 3270 2495 3336 κῶς
2520 3272 2764 3339 λέγοντες
2791 3272 2887 3341 τὴν
2920 3270 3043 3341 γῆν,
3077 3271 3170 3324 καὶ
3196 3273 3320 3334 τοὺς
3359 3270 3549 3334 ἄλλους
3575 3271 3948 3342 ἀπέστρεψαν,

2383 3362 2547 3432 χωρὶς
2582 3361 2753 3431 Ἰησοῦ
2780 3360 2873 3412 τοῦ
2902 3361 3054 3429 Ναυῆ
3085 3362 3179 3413 καὶ
3198 3360 3376 3414 Χαλὲϐ
3407 3361 3500 3412 τοῦ
3534 3362 3782 3431 Ἰεφωνῆ.

2450 3537 2559 3590 Kal
2584 3538 2918 3607 ἐγόγγυσαν
2936 3537 3005 3590 ἐν
3026 3537 3149 3604 τοῖς
3177 3540 3572 3609 σκηνώμασιν
3593 3544 3954 3599 αὐτῶν.“’οτε

2381 3631 2430 3682 οἱ
2462 3629 2791 3683 κατάσκοποι
2824 3628 3067 3694 ἐλθόντες
3096 3629 3413 3703 διέστρεψαν
3443 3633 3541 3705 τὴν
3585 3635 3816 3707 γνώμην
3860 3639 3956 3691 τοῦ

2379 3719 2533 3775 λαοῦ.

2452 3812 2557 3866 Kal
2592 3811 3000 3878 ἐτελέσθησαν
3024 3812 3103 3878 τῷ
3129 3813 3493 3884 Βεελςρετπώρ.
3527 3816 3761 3871 Εἴδωλον
3794 3820 3959 3874 τοῦτο

2394 3902 2759 3974 Ἀμμανιτῶν,
2796 3904 3124 3976 καλούμενον
3150 3909 3278 3980 παρ’
3310 3908 3533 3978 Ἕλλησι
3567 3911 3797 3981 Κρόνος.

2450 3996 2560 4049 Kal
2592 3995 2739 4065 ἔστη
2772 3994 2976 4063 Φινεὲς
3002 3998 3099 4051 καὶ
3125 3995 3603 4064 ἐξιλάσατο.”οτε
3637 4005 3824 4062 ἀνεῖλε
3858 4008 3959 4078 τὴν

2381 4086 2696 4141 Μαδιανϊτιν
2727 4088 2862 4158 μετὰ
2892 4089 2985 4142 τοῦ
3016 4091 3423 4160 πορνεύσαντος.
3448 4094 3695 4148 Διδάσκει
3719 4096 3781 4150 δὲ
3808 4100 3961 4169 ἡμᾶς

2381 4180 2410 4231 ό
2456 4176 2609 4246 λόγος
2657 4178 2817 4244 πόσον
2859 4178 3080 4234 δύναται
3128 4181 3246 4245 ἑνὸς
3297 4183 3487 4253 ἀνδρὸς
3530 4185 3787 4240 εὐσέϐεια
3822 4190 3961 4263 πρὸς

2381 4268 2530 4321 Θεόν.

2450 4359 2557 4413 Kal
2581 4359 2954 4429 ἐπόρνευσαν
2988 4362 3057 4415 ἐν
3089 4362 3210 4428 τοῖς
3234 4363 3698 4434 ἐπιτηδεύμασιν
3727 4370 3960 4426 αὐτῶν.

730 4457 927 4512 docent
944 4456 1193 4513 Judicum
1223 4468 1277 4513 et
1301 4456 1607 4527 Regnorum
1630 4460 1770 4521 libri,
1802 4462 1944 4531 quod
1970 4461 2147 4515 traditi
2173 4463 2281 4515 sint

2388 4448 2564 4501 Ταῦτα
2587 4448 2889 4503 διδάσκουσι
2906 4450 3119 4519 Κριτῶν
3140 4467 3199 4504 τε
3233 4452 3325 4505 καὶ
3351 4453 3643 4509 Βασιλειῶν
3668 4458 3725 4511 αἱ
3758 4459 3965 4529 βίϐλοι,

733 4550 866 4605 alias
893 4549 1014 4606 aliis
1040 4550 1272 4620 populis,
1300 4550 1646 4617 Ammonitis,
1695 4550 2026 4617 Amalecitis,
2078 4551 2279 4606 Madia-

733 4638 883 4705 nitis,
906 4639 1246 4711 alienigenis,
1272 4655 1337 4695 eo
1372 4641 1534 4695 modo
1565 4640 1773 4696 scilicet
1802 4644 2074 4715 castigati.

798 4812 886 4866 41.
915 4810 980 4864 Et
1006 4811 1265 4865 dominati
1290 4823 1411 4867 sunt
1458 4828 1642 4867 eorum
1684 4813 1773 4883 qui
1797 4813 2018 4868 oderunt
2042 4830 2149 4868 eos.
2184 4813 2287 4867 Ba-

732 4900 940 4973 bylonii
975 4910 1029 4956 et
1054 4901 1259 4972 Assyrii
1283 4900 1551 4957 dominati
1580 4911 1709 4958 sunt
1743 4901 2007 4959 Israelitis
2036 4906 2108 4960 ob
2134 4905 2284 4975 ipso-

736 5008 853 5048 rum
888 4993 1213 5062 impietates.
1617 5005 1621 5008 ’

803 5082 893 5137 42.
920 5082 1071 5153 Sa'pe
1091 5082 1327 5137 liberavit
1347 5099 1455 5137 eos.
1489 5083 1600 5151 ipsi
1624 5093 1801 5139 autem
1841 5086 2283 5141 exacerbaverunt

2386 4541 2462 4604 ὡς
2489 4541 2859 4612 παρεδόθησαν
2889 4542 3073 4596 ἄλλοτε
3102 4543 3294 4609 ἄλλοις.
3326 4546 3662 4614 Μωαϐίταις,
3680 4550 3966 4622 Ἀμμανίο

2380 4649 2521 4696 ταις,
2564 4633 2973 4705 Ἀμαληκίταις,
2994 4636 3365 4703 Μαδιαναίοις,
3403 4639 3835 4717 ἀλλοφύλοις,τῇ
3863 4664 3969 4699 τεα-

2385 4725 2595 4795 ραδόσει
2628 4726 3020 4798 παιδευόμενοι.

2455 4816 2563 4872 Kal
2604 4817 2963 4887 ἐκυρίευσαν
3008 4820 3226 4886 αὐτοὺς
3265 4825 3317 4875 οὶ
3351 4823 3671 4890 μισοῦντες
3698 4828 3967 4893 αὐτούς.

2386 4908 2711 4963 Βαϐυλώνιοι
2742 4911 2835 4965 καὶ
2870 4910 3139 4982 ’Δσσύριοι
3169 4913 3502 4984 ἐπεκράτουν
3527 4917 3642 4979 τοῖς
3685 4918 3971 4991 Ἰσραηλί-

2382 5019 2502 5065 ταις
2534 5000 2619 5054 διά
2650 5001 2749 5066 τάς
2780 5004 3123 5075 παρανομίας
3150 5003 3347 5062 αὐτῶν.

2450 5093 2750 5160 Πολλάκις
2791 5095 3085 5162 ἐρρύσατο
3118 5097 3359 5165 αὐτούς.
3400 5098 3579 5153 Αὐτοὶ
3609 5099 3680 5154 δὲ
3706 5106 3974 5171 παρεπί-

736 5189 852 5226 eum
878 5173 935 5225 in
958 5174 1177 5227 consilio
1225 5189 1340 5230 suo.
1372 5172 1464 5229 ille
1519 5188 1618 5243 pro
1666 5174 1850 5229 innata
1896 5190 1994 5230 sua
2027 5192 2158 5247 erga
2191 5178 2286 5230 lio-

2388 5200 2607 5252 κράναν
2631 5184 2816 5239 αὐτὸν
2854 5184 2923 5237 ἐν
2960 5185 3035 5255 τῇ
3061 5186 3267 5258 ,ϐουλῇ
3308 5188 3525 5245 αὐτῶν.
3543 5191 3600 5245 '0
3632 5191 3736 5259 μὲν
3762 5188 3841 5265 ἦν
3875 5198 3978 5250 αἱ,⁸

738 5267 914 5320 mines
938 5266 1221 5322 clementia
1250 5272 1570 5323 mansuetus
1600 5266 1706 5321 illis
1727 5276 1863 5331 erat,
1884 5267 1961 5321 illi
1988 5283 2118 5323 vero
2136 5284 2286 5323 rom-

2388 5277 2496 5338 τοῖς
2530 5276 2592 5326 ἐκ
2620 5275 3024 5347 φιλανθρωπίας
3054 5277 3277 5347 γλυκὺς,
3305 5280 3354 5332 ol
3397 5280 3455 5333 δὲ
3499 5280 3696 5351 πικρὸν
3748 5285 3979 5348 ἑαυτοῖς

738 5358 1004 5427 pollebant
1047 5368 1171 5413 eum
1225 5368 1284 5414 ut
1329 5358 1558 5414 acerbus
1595 5368 1737 5412 esset
1769 5360 1921 5430 ipsis.
1950 5357 2017 5416 Et
2063 5375 2283 5415 rursum

2388 5365 2693 5436 ἠνάγκαζον
2738 5367 3038 5435 φαίνεσθαι.
3085 5369 3195 5422 Καὶ
3237 5370 3396 5424 πάλιν
3440 5370 3641 5425 ἔσωσεν
3675 5374 3856 5430 αὐτὸν
3888 5372 3978 5432 οἷα

740 5448 967 5505 saivavit
998 5466 1120 5523 eum
1150 5458 1335 5519 utpote
1358 5448 1633 5505 Salvator.
1660 5450 1736 5503 Illi
1767 5460 1947 5505 autem
1976 5451 2276 5520 perierunt,

2393 5457 2580 5527 Σωτήρ
2600 5474 2613 5486 ·
2648 5458 2698 5510 οἱ
2725 5455 2782 5509 δὲ
2806 5456 3080 5511 ἀπώλοντο
3106 5457 3285 5531 ἔργοις
3315 5458 3587 5522 ἀπωλείας
3614 5461 3861 5527 ἑαυτοὺς
3880 5483 3981 5519 πε-

741 5555 858 5595 sese
920 5541 1175 5610 operibus
1226 5541 1545 5611 perniciosis
1618 5542 2044 5610 complicantes,
2113 5544 2286 5599 donec

2398 5547 2765 5619 ριπείραντεςο
2784 5549 2955 5619 μέχρι
2983 5548 3240 5613 πολλάκις
3274 5550 3470 5613 αὐτοὺς
3497 5552 3788 5617 ποιοῦντες
3820 5556 3984 5621 τέλος

740 5647 863 5687 cum
892 5648 955 5688 ea
984 5635 1181 5704 saepius
1210 5633 1549 5706 repetiissent
1586 5633 1797 5704 penitus
1833 5635 2129 5693 interirent.
2158 5637 2286 5693 Illud

2395 5636 2687 5697 ἀπώλοντο.
2713 5638 2784 5692 Τὸ
2832 5638 2907 5706 δὲ,
2951 5640 3288 5708 πλεονάκις,
3333 5641 3514 5711 ὅμοιον
3561 5642 3671 5713 τῷ’
3694 5645 3983 5715 Ποσάκις

779 5726 825 5760 ⁸³
851 5727 1021 5784 Exod.
1046 5745 1135 5794 xv,
1158 5730 1207 5784 l.
1290 5731 1335 5763 "
1366 5728 1537 5786 Exod.
1572 5746 1741 5796 xxxu,
1768 5730 1857 5797 3i,
1892 5731 1978 5784 32.
