4094 6312
140 372 235 427 449

1274 358 1635 414 EXPOSITIO
1675 359 1739 413 ΙΝ
1781 359 2108 415 PSALMUM
2149 360 2277 416 CW.

3243 364 3345 422 450

140 484 397 550 ἠθέλησα
415 477 876 548 ἐπισυναγαγεῖν
904 478 975 530 τὰ
1002 478 1179 564 τέκνα
1205 493 1353 541 σου;
1386 478 1444 530 τὸ
1469 478 1554 530 δέ·
1582 477 1688 531 Καὶ

1806 488 1990 540 autem,
2027 495 2181 547 sazpe,
2220 478 2398 532 simile
2425 489 2507 532 est
2532 477 2644 532 illi:
2706 476 2920 541 Quoties
2951 477 3091 531 rot'ui
3130 495 3345 547 congre-

140 572 606 639 etttzsts'tbono'ar
638 571 706 622 ἐν
743 568 869 633 ταῖς
895 569 1166 637 ἀνομίαις
1200 567 1414 633 αὐτῶν,
1449 568 1545 638 τῷ,
1571 572 1692 623 Οὐκ

142 664 485 729 ἠθελήσατε.
506 662 751 729 Ἐπάγων
783 664 890 730 γὰρ
922 662 1017 730 τὴν
1050 660 1317 721 παιδείαν,
1366 660 1525 712 πάλιν
1562 677 1690 729 μετ-

142 754 296 805 ιδίδσυ
318 752 724 822 φιλανθρωπίας
748 767 760 779 ⁸
781 752 829 802 οἱ
849 751 902 802 δὲ
926 751 1085 802 αὑτὸν
1106 753 1214 813 τοῖς
1241 749 1513 820 πολεμίοις
1534 749 1692 819 ἡμεί-

143 847 304 896 Gauro.

202 917 305 988 Καὶ
360 934 578 987 ἔδωκεν
625 935 842 999 αὐτοὺς
890 935 977 998 είς
1031 932 1364 1002 οὶκτιρμοὺς
1418 933 1696 985 ἐναντιον

142 1025 371 1076 πάντων
422 1024 538 1077 τῶν
585 1023 1195 1092 αἰχμαλωτευσὰντων
1241 1025 1480 1088 αὐτούς.
1528 1023 1695 1076 Τοῦτό

143 1133 261 1186 φησι
294 1117 384 1168 διὰ
424 1116 604 1186 Κῦρον
635 1117 724 1167 τὸν
761 1115 1106 1169 ἀπολύσαντα
1150 1117 1342 1177 αὐτοὺς
1371 1115 1469 1184 τῆς
1497 1117 1696 1184 αἰχμα-

141 1208 351 1270 λωσίας,
392 1209 484 1259 καὶ
507 1210 725 1278 Δαρεῖον
757 1208 849 1260 καὶ
879 1207 1255 1278 Ἀρταξέρξην,
1284 1207 1408 1270 τοὺς
1445 1209 1538 1259 καὶ
1571 1207 1698 1277 χρή-

146 1314 276 1366 ματα
304 1298 492 1360 δόντας
521 1299 598 1362 εἰς
631 1300 727 1368 τὴν
751 1299 1033 1369 οἰκοδομὴν
1063 1299 1156 1351 τοῦ
1185 1297 1331 1352 ναοῦ.

656 1393 1022 1458 Ἀλληλούϊα.
1058 1393 1196 1458 PG’.

215 1480 694 1549 Έξομολοτεῖσθε
741 1481 819 1546 τῷ
855 1485 1065 1550 Κυρίῳ,
1100 1482 1190 1535 ὅτι
1234 1482 1515 1550 χρηστός.
1546 1482 1700 1535 Μετὰ

143 1569 225 1639 τὴν
260 1571 528 1642 ἀποὸολὴν
562 1572 654 1624 τοῦ
690 1573 954 1627 Ἰουδαίων
983 1575 1110 1627 λαοῦ
1144 1577 1364 1639 εἰκότως
1385 1577 1481 1648 τὴν
1511 1576 1698 1647 κλῆσιν

143 1662 237 1713 τῶν
260 1661 426 1713 ἐθνῶν
452 1680 660 1733 καταση
671 1665 864 1733 μαίνει,
888 1666 984 1736 τὴν
1013 1667 1306 1737 γενομένην
1335 1669 1421 1722 διὰ
1447 1668 1554 1721 τῶν
1577 1670 1702 1721 άπο-

145 1755 353 1806 στόλων.
393 1754 482 1807 Διὸ
516 1757 610 1808 καὶ
639 1759 802 1808 αἰνεῖν
831 1760 1152 1827 προστάττει
1176 1761 1265 1812 τὸν
1297 1761 1450 1824 Θεὸν,
1488 1761 1581 1814 καὶ
1617 1761 1701 1828 ἐξ·

143 1848 505 1915 ομολογεῖσθαι
538 1848 685 1917 αὐτῷ
712 1851 801 1901 ἐπὶ
827 1849 903 1918 τῷ
936 1851 1153 1918 μεγάλῳ
1177 1851 1338 1904 αὑτοῦ
1366 1852 1518 1922 ἐλέῳ.

217 1940 344 1992 Ἀπὸ
380 1939 691 1992 ἀνατολῶν
717 1939 815 1992 καὶ
843 1940 1107 2009 δυσμῶν,
1130 1941 1226 1994 καὶ
1246 1942 1438 2010 βορῤᾱ
1467 1943 1562 1996 καὶ
1601 1946 1700 1995 θα-

143 2031 396 2100 λάσσης.
434 2032 541 2083 Καὶ
568 2031 707 2094 τίνες
737 2033 799 2083 ἐκ
826 2031 931 2084 τῶν
954 2035 1227 2105 τεσσάρων
1256 2035 1352 2104 τῆς
1381 2034 1700 2105 οἰκουμένης

144 2125 412 2195 κλιμάτων
463 2124 811 2193 συναχθέντες
854 2125 886 2195 ἢ
932 2127 1106 2179 πάντα
1139 2127 1206 2179 τὰ
1249 2127 1373 2198 ἔθνη
1424 2128 1491 2181 τά
1534 2129 1701 2181 πάλαι

144 2215 310 2285 ἔρημα
340 2215 647 2278 θεοσεϐείας
673 2214 1023 2285 τυγχάνοντα,
1051 2219 1144 2269 καὶ
1169 2218 1300 2286 μηδὲ
1324 2218 1520 2280 νοτίδος
1552 2217 1702 2280 θείας

148 2307 524 2375 μεταλαϐόντα,
558 2307 670 2362 ἀλλ’
704 2309 760 2359 ὲν
791 2307 968 2378 πολλῷ
996 2309 1134 2377 δίψει
1161 2313 1521 2380 femineum;

217 2397 376 2450 Ὀδὸν
407 2403 640 2462 πόλεως
664 2400 1112 2466 κατοικητηρεόυ
1138 2403 1246 2469 οὐχ
1275 2398 1470 2468 εὗρον.
1499 2403 1572 2453 Οὐ
1595 2399 1701 2470 γάρ

143 2483 202 2555 ἦν
235 2489 412 2551 αὐτοῖς
440 2488 682 2541 πολιτεία
706 2488 1216 2562 χρηστὴ,άλλ’ἦσαν
1236 2495 1293 2545 ἐν
1317 2493 1488 2564 πλάνῃ
1513 2493 1696 2562 πολλῇ.

208 2671 531 2735 Πεινῶντες
577 2673 674 2724 καί
725 2671 1035 2740 διψῶντες,
1086 2673 1122 2739 ’ἡ
1175 2674 1343 2741 ψυχὴ
1391 2675 1587 2727 αὐτῶν
1634 2677 1704 2728 ἐν

144 2759 333 2826 αὐτοῖς
370 2759 705 2824 ἐξέλειπεν.
737 2762 870 2814 Οὐδὲ
896 2763 1004 2831 γὰρ
1035 2758 1176 2832 εἶχον
1203 2763 1364 2834 ἄρτον
1393 2764 1484 2816 τὸν
1519 2767 1705 2834 στηρί-

147 2852 293 2912 ζοντα
320 2851 550 2922 καρδίαν
583 2851 864 2921 ἀνθρώπου
885 2869 898 2882 °
930 2854 1048 2905 οὐδὲ
1070 2856 1130 2906 τὸ
1160 2855 1301 2926 ὕδωρ
1326 2857 1387 2908 τὸ
1413 2855 1537 2920 ζῶν,
1577 2858 1704 2927 περὶ

143 2936 198 2992 οὗ
226 2942 500 2995 ὶέλεκταιο
539 2942 593 2994 '0
621 2944 809 2994 πίνων
834 2944 902 2996 ἐκ
932 2943 1038 2997 τοῦ
1061 2945 1279 3010 ὕδατος
1298 2942 1370 3000 οὗ
1391 2946 1506 3015 ἐγὼ
1532 2946 1702 3000 δώσω

143 3032 312 3097 αὐτῷ,
347 3035 422 3086 οὐ
445 3033 532 3101 μὴ
559 3032 806 3100 διψήσει
837 3037 923 3100 εὶς
943 3033 1050 3087 τὸν
1080 3033 1284 3089 αἰῶνα.

209 3126 311 3179 Καὶ
351 3123 669 3195 ὡδήγησεν
716 3126 936 3193 αὐτοὺς
988 3129 1075 3192 είς
1124 3126 1266 3183 ὁδὸν
1311 3127 1562 3205 εὐθεῖαν.
1594 3128 1703 3201 Τὴν

143 3216 216 3279 είς
262 3217 453 3270 ἑαυτὸν
508 3219 688 3270 πίστιν
716 3219 932 3291 δηλαδή.
957 3220 1126 3285 Αὐτὸς
1157 3221 1265 3292 γὰρ
1298 3221 1483 3290 ἔλεγεν
1503 3240 1516 3254 ·
1559 3222 1704 3290 Ἐγώ

139 3307 253 3374 eius
284 3309 320 3376 ἡ
351 3307 514 3373 ὁδός.
558 3308 665 3361 Τοῦ
693 3310 1057 3379 πορευθῆναι
1085 3314 1172 3377 εὶς
1218 3315 1398 3367 πόλιν
1431 3331 1703 3382 κατοικη-

143 3397 360 3462 τηριόυ.
414 3395 526 3466 Τὴν
571 3399 894 3468 Ἐκκλησίαν
945 3401 1126 3470 φησιν,
1175 3402 1208 3472 ἢ
1245 3402 1341 3473 τὴν
1388 3404 1706 3475 ἐπουράνιον

152 3485 533 3557 Ἰερουσαλήμ.

218 3578 908 3648 Ἐξομολογησάσθωσαν
958 3579 1037 3645 τῷ
1072 3583 1267 3648 Κυρίῳ
1307 3583 1380 3635 τὰ
1423 3582 1562 3649 tu"
1599 3586 1706 3636 αὺ-

141 3668 309 3724 τοῦ...
345 3669 436 3722 ὅτι
469 3670 758 3738 ἐχόρτασε
783 3671 993 3740 ψυχὴν
1025 3673 1226 3738 κενήν.
1270 3673 1379 3740 Καὶ
1418 3675 1501 3737 τίς
1528 3674 1706 3746 ὲκείνη

141 3762 172 3828 ἡ
205 3760 368 3830 ψυχὴ,
398 3761 431 3831 ἦ
459 3762 682 3813 ἐκείνων
712 3762 838 3831 περὶ
863 3756 936 3815 ὧν
966 3762 1241 3817 λέλεκται·
1267 3764 1593 3831 Πεινῶντες
1613 3765 1708 3818 καὶ

140 3850 454 3918 διψῶντες,
493 3854 534 3918 ἠ
564 3853 732 3918 ψυχὴ
760 3852 954 3905 αὐτῶν
995 3855 1064 3906 ἐν
1113 3855 1314 3921 αὐτοῖς
1360 3856 1709 3919 ἐξέλειπεν;

142 3942 244 3994 Καὶ
305 3941 519 4010 ψυχὴν
564 3942 864 3996 πεινῶσαν
907 3941 1248 4008 ἐνέπλησεν
1296 3944 1549 4012 ἀγαθῶν.
1604 3943 1710 3995 Τοῦ

141 4033 330 4102 νοητοῦ
365 4034 534 4104 ἄρτου
559 4031 820 4102 δηλονότι.

205 4126 593 4194 Καθημένους
623 4126 692 4178 ἐν
716 4127 915 4178 σκότει
944 4126 1040 4179 καὶ
1071 4125 1215 4194 σκιᾷ
1252 4128 1528 4182 θανάτου.
1549 4128 1712 4181 Σκιάν

139 4215 372 4268 Θανάτου
399 4217 500 4267 οὐκ
548 4215 611 4267 ἂν
650 4215 914 4285 ἁμάρτοις
949 4218 1123 4286 λέγων
1150 4219 1249 4289 τὴν
1275 4220 1714 4292 εἰδωλολατρείαν

134 4309 229 4360 καὶ
260 4308 365 4371 τὰς
389 4309 448 4360 ὲν
483 4306 730 4378 ἀθεότητι
761 4308 1019 4380 πράξεις·
1052 4303 1211 4364 αὗται
1239 4312 1345 4382 γάρ
1369 4314 1506 4364 εἰσιν
1525 4313 1578 4365 ut
1609 4331 1715 4382 χω-

136 4397 387 4468 ρίζουσαι
435 4401 582 4468 ἡμᾶς
627 4400 724 4470 τῆς
771 4399 1024 4472 ἀληθινῆς
1074 4401 1342 4470 ζωῆς.Ἑν
1390 4401 1615 4465 ταύταις
1659 4402 1714 4454 δὲ

133 4488 276 4558 ἠμέν
312 4491 597 4561 πρότερον,
625 4489 712 4542 διὰ
744 4491 804 4543 τὸ
843 4493 1294 4562 παραπικραίνειν
1323 4494 1413 4546 τὸν
1444 4493 1595 4558 Θεὸν,
1623 4494 1716 4547 καὶ

135 4583 226 4651 τὴν
269 4581 470 4652 βουλὴν
504 4582 595 4634 τοῦ
613 4581 862 4650 Ὑψίστου
894 4584 1231 4654 παροξύνειν.
1259 4585 1385 4637 Δέον
1406 4585 1513 4656 γὰρ
1539 4587 1600 4638 ἐκ
1628 4601 1716 4656 με.

135 4675 332 4738 τέθονς
362 4675 453 4726 καί
482 4673 738 4745 καλλονῆς
762 4675 1071 4744 κτισμάτων
1095 4675 1182 4727 τὸν
1215 4676 1587 4746 γενεσιουργὸν
1608 4676 1713 4728 τῶν

133 4765 267 4819 Ξλων
303 4766 555 4836 θεωρεῖν,
587 4767 680 4818 καὶ
703 4768 800 4837 τὴν
832 4766 1000 4821 ἀΐδιον
1028 4766 1189 4819 αὑτοῦ
1213 4765 1441 4838 δύναμιν
1465 4768 1558 4822 καὶ
1585 4767 1718 4821 θειό-

131 4875 270 4927 τητα
322 4858 437 4912 ἀπὸ
494 4859 722 4920 κτίσεως
756 4858 962 4929 κόσμου
991 4860 1162 4910 νοεῖν·
1189 4859 1346 4928 ἡμεῖς
1385 4854 1472 4911 οἷα
1505 4857 1714 4925 τυφλοὶ,

133 4951 185 5000 ὲν
219 4951 412 5020 σκότῳ
443 4951 536 5003 καὶ
565 4953 692 5021 σκιᾷ
723 4950 950 5006 θανάτου
980 4951 1278 5020 διάγοντες,
1307 4952 1400 5004 καὶ
1441 4953 1539 5015 τὰς
1575 4953 1717 5020 λογι-

134 5047 233 5108 2'1;
259 5046 371 5114 τῆς
408 5043 585 5113 ψυχῆς
629 5043 883 5114 δυνάμεις
916 5043 1273 5114 πεπεδημένοι
1320 5045 1408 5096 καὶ
1458 5062 1716 5114 πεπηρω-

137 5137 308 5203 μένοι,
345 5135 745 5206 ὲνηλλάττομεν
774 5136 871 5206 τὴν
894 5135 1050 5199 δόξαν
1075 5134 1168 5188 τοῦ
1196 5135 1468 5207 ἀφθάρτου
1498 5137 1630 5189 Θεοῦ
1659 5138 1716 5190 ὲν

131 5231 448 5298 ὁμοιώματι
481 5229 686 5283 εἰκόνος
724 5227 963 5298 φθαρτοῦ
994 5227 1301 5296 ἀνθρώπου,
1340 5230 1429 5282 καὶ
1457 5233 1715 5283 πετεινῶν

132 5319 220 5369 καὶ
275 5316 652 5386 τετραπόδων.
682 5316 1135 5385 Πεπεδημένους
1193 5318 1263 5370 ἐν
1312 5321 1568 5388 πτωχείᾳ
1618 5323 1714 5375 καὶ

131 5409 386 5478 σιδήρῳ.
419 5410 551 5473 Ταῖς
599 5411 803 5479 σειραῖς
847 5408 952 5460 τῶν
995 5409 1136 5462 ἰδίων
1185 5411 1464 5481 ἁμαρτιῶν
1490 5412 1717 5478 ἕκαστος

135 5503 455 5571 σφίγγεται,
487 5502 687 5564 παντὸς
715 5501 1005 5570 πτωχεύων
1037 5501 1240 5568 ἀγαθοῦ
1275 5505 1367 5557 καὶ
1396 5505 1582 5560 καλοῦ.

196 5791 243 5823 ⁵⁸
270 5790 412 5844 Luc.
444 5805 563 5853 xm,
594 5791 682 5843 Si.
765 5794 809 5822 ⁹⁶
842 5792 969 5845 ibid.
1041 5793 1084 5823 ⁹⁷
1119 5792 1276 5846 Joan.
1320 5809 1389 5855 l\',
1428 5793 1510 5846 13.

1791 586 1912 638 gare
1932 570 2068 637 ﬁlios
2092 579 2205 622 tuos
2241 569 2320 622 9"?
2343 567 2475 622 lllud
2507 577 2721 622 autem:
2752 568 2818 621 Et
2855 568 3126 622 Immiliati
3143 586 3259 622 sun.
3291 576 3345 622 in

1790 663 2154 730 iniquitatibus
2183 663 2315 726 suis,
2355 661 2431 713 illi
2480 679 2492 713 :
2544 659 2611 712 Et
2660 660 2903 715 noluistis
2932 661 2996 713 ".
3032 660 3169 714 Cum
3201 661 3348 714 enim

1793 754 2199 822 castigationem
2260 753 2599 814 immisisset,
2658 767 2876 805 rursum
2924 751 3351 805 misericorditer

1793 860 1914 898 cum
1949 845 2054 897 illis
2090 844 2301 913 agebat,
2332 843 2432 911 ipsi
2465 857 2592 894 vero
2613 842 2835 896 adversa
2869 842 3262 894 ntribuebant.

1862 937 1949 990 46.
1986 936 2052 988 Et
2081 937 2221 989 dedit
2251 952 2334 988 ees
2355 938 2406 988 ia
2439 935 2828 987 misericordias
2864 935 2916 985 in
2939 941 3213 1000 conspectu
3233 948 3347 984 om-

1796 1031 1936 1082 nium
1969 1030 2057 1099 qui
2088 1038 2325 1097 ceperant
2351 1026 2590 1081 eos.'lloc
2638 1027 2711 1080 ait
2752 1037 2967 1095 propter
2997 1024 3220 1095 Cyrum,
3256 1025 3350 1093 qui

1795 1121 2000 1174 dimisit
2026 1136 2120 1174 eos
2142 1136 2206 1174 ex
2234 1122 2567 1190 captivitate,
2600 1129 2650 1173 et
2681 1118 2898 1172 Darium
2933 1118 3354 1172 etAr-taxerxem

1797 1212 1888 1281 qui
1927 1211 2180 1279 pecunias
2212 1219 2502 1280 erngu-unt
2534 1209 2600 1263 ad
2635 1210 3096 1264 constructionem
3141 1208 3350 1276 templi.

2360 1393 2613 1447 Alleluia.
2644 1389 2794 1446 CVI.

1871 1485 1984 1539 1—9..
2017 1483 2346 1554 Con/itemini
2379 1484 2601 1537 Domino
2618 1483 2863 1553 quoniam
2885 1480 3069 1533 bonus.
3098 1477 3228 1533 Post
3259 1478 3357 1531 ab-

1797 1579 2086 1648 jectioncm
2143 1576 2355 1631 Judaici
2405 1575 2618 1645 populi,
2685 1581 2987 1643 opportune
3016 1572 3357 1626 vocationem

1801 1669 2036 1740 gentium
2093 1683 2187 1736 per
2256 1667 2528 1735 apostolos
2583 1664 2779 1718 factam
2857 1664 3119 1716 declarat.
3175 1659 3358 1725 Quare

1797 1763 1951 1830 jubet
1989 1761 2210 1814 laudare
2243 1759 2408 1812 Deum
2455 1769 2508 1811 et
2567 1755 2812 1812 conﬁteri
2861 1756 2936 1808 illi
2970 1755 3040 1808 ob
3096 1767 3352 1822 magnam

1804 1855 1975 1924 ipsius
2005 1851 2457 1906 misericordiam.
3379 1916 3382 1919 _

1870 1947 1922 2000 5.
1965 1945 1998 1997 Α
2029 1943 2153 1997 solis
2180 1954 2299 1996 ortu
2331 1952 2378 1995 et
2434 1958 2644 2004 occasu,
2702 1940 2765 1992 ab
2816 1939 3056 2010 aquilone
3113 1947 3160 1991 et
3189 1938 3345 1990 mari.

1803 2036 2102 2106 Ecquinam
2163 2050 2228 2088 ex
2282 2042 2515 2104 quatuor
2557 2043 2715 2088 terra:
2749 2033 3008 2087 lateribus
3048 2030 3360 2102 congregati

1803 2137 1929 2185 sunt
1959 2129 2061 2183 nisi
2090 2143 2279 2182 omnes
2305 2134 2510 2197 gentes,
2544 2141 2664 2195 qua:
2722 2125 2851 2178 olim
2897 2125 3096 2193 pietate
3137 2133 3190 2176 et
3223 2123 3355 2178 reli-

1802 2224 1958 2292 gione
1985 2237 2164 2275 vacua:
2210 2229 2384 2286 erant,
2426 2229 2477 2274 et
2517 2234 2583 2272 ne
2641 2217 2836 2271 stillam
2866 2217 3083 2286 quidem
3114 2215 3354 2270 divinam

1804 2313 2150 2380 accipientes,
2177 2311 2268 2363 sed
2293 2310 2494 2376 iungenti
2521 2309 2607 2362 siti
2633 2307 2878 2362 aﬂlictze?

1872 2404 1924 2456 4.
1970 2401 2118 2454 Viam
2147 2401 2378 2453 civitatis
2413 2400 2702 2452 habitaculi
2730 2414 2831 2450 non
2877 2399 3199 2452 invenerint.
3245 2395 3362 2450 hon

1801 2506 1917 2551 erat
1942 2496 2021 2549 eis
2055 2497 2341 2549 honestum
2375 2495 2683 2547 institutum
2739 2491 2881 2556 vitze,
2924 2492 3016 2544 sed
3063 2506 3258 2560 magno
3305 2491 3360 2543 in

1801 2604 1984 2644 errore
2016 2588 2393 2641 versabantur.

1875 2681 1926 2734 5.
1961 2679 2262 2733 Esurtentes
2289 2689 2338 2731 et
2389 2679 2642 2738 sitientes,
2674 2677 2853 2728 anima
2915 2692 3094 2728 eorum
3130 2677 3184 2728 in
3233 2676 3363 2742 ipsis

1804 2774 2010 2843 defecit.
2035 2771 2220 2839 Neque
2246 2771 2390 2823 enim
2429 2768 2694 2820 habebant
2729 2783 2919 2835 panem
2955 2767 3364 2821 conﬁrmantem

1804 2879 1899 2917 cor
1923 2861 2192 2916 hominis:
2226 2873 2399 2927 neque
2432 2872 2628 2926 aquam
2684 2858 2856 2909 vivam
2903 2857 2970 2909 de
2995 2873 3100 2925 qua
3149 2859 3357 2912 dictum

1802 2961 1918 3006 est:
1950 2950 2053 3016 Qui
2084 2949 2300 3003 bibitex
2335 2965 2469 3016 aqua
2521 2963 2676 3016 quam
2725 2964 2816 3016 ego
2860 2948 2995 3001 dabo
3026 2950 3095 3011 ei,
3143 2966 3246 3003 non
3292 2952 3366 3003 si-

1805 3041 1897 3092 tiet
1921 3040 1977 3092 in
2008 3048 2259 3092 wternum
2306 3038 2371 3090 ³⁷.

1877 3130 1928 3186 7.
1962 3129 2030 3184 Et
2057 3129 2274 3185 deduxit
2299 3145 2387 3185 eos
2421 3131 2474 3184 in
2502 3131 2638 3184 viam
2668 3137 2882 3184 rectam.
2917 3128 3102 3186 Fidem
3154 3131 3368 3188 scilicet

1806 3223 1860 3277 in
1893 3224 2090 3292 ipsum.
2135 3223 2251 3291 Ipse
2296 3237 2531 3290 namque
2572 3221 2738 3275 dixit:
2776 3220 2885 3290 Ego
2918 3238 3036 3275 sum
3077 3223 3162 3275 via
3192 3223 3256 3274 ⁸⁸.
3295 3222 3364 3277 Ut

1803 3315 1939 3368 irent
1964 3316 2017 3368 in
2043 3316 2305 3368 civitatem
2331 3305 2699 3369 habitationis.
2737 3311 3033 3368 Ecclesium
3072 3315 3240 3380 dicit,
3273 3326 3368 3369 aut

1769 3405 1771 3407 ’
1805 3412 2076 3462 ccelcstem
2108 3405 2432 3460 Jerusalem.

1875 3586 1991 3640 8-9.
2019 3584 2382 3654 Conﬁteantur
2407 3585 2627 3637 Domino
2646 3585 3020 3639 misericordia:
3034 3602 3217 3667 ejus...
3244 3589 3370 3657 quia

1807 3683 2020 3734 satiavit
2050 3684 2285 3733 animam
2315 3681 2544 3733 inanem.
2588 3678 2846 3746 Quantam
2895 3679 2988 3733 illa
3022 3680 3228 3740 anima.
3260 3682 3369 3734 nisi

1807 3789 1991 3828 eorum
2019 3771 2085 3825 de
2112 3773 2310 3839 quibus
2335 3771 2538 3824 dictum
2566 3780 2680 3824 est:
2709 3769 3015 3824 Esurientes
3050 3780 3100 3824 et
3134 3773 3370 3827 sitientes

1810 3865 1986 3916 anima
2026 3878 2203 3915 eorum
2223 3863 2274 3914 in
2304 3863 2432 3931 ipsis
2460 3860 2687 3930 defecit?
2709 3859 2778 3913 Et
2805 3861 3037 3912 animam
3060 3861 3370 3915 esurientem

1810 3958 2019 4012 satiavit
2049 3956 2215 4021 bonis,
2248 3953 2517 4024 spirituali
2541 3952 2792 4006 videlicet
2835 3966 2996 4020 pane.

1900 4127 1984 4180 10.
2019 4123 2260 4178 Sedentes
2307 4125 2361 4176 in
2417 4122 2636 4176 tenebris
2667 4130 2714 4174 et
2762 4120 2947 4173 umbra
2987 4123 3191 4175 mortis.
3242 4119 3374 4176 Um-

1812 4217 1964 4272 bram
2001 4216 2192 4271 mortis
2211 4216 2256 4269 si
2285 4214 2435 4268 dicas
2463 4229 2581 4268 esse
2607 4212 2964 4268 idololatriam
3012 4221 3064 4266 et
3121 4212 3369 4284 impieta-

1815 4313 1884 4367 tis
1919 4326 2120 4380 opera,
2165 4322 2505 4377 nequaquam
2566 4321 2597 4358 a
2643 4320 2772 4359 vero
2833 4305 3190 4361 aberraret-is.
3242 4305 3373 4375 Ipsae

1815 4417 2049 4472 namque
2073 4409 2201 4455 sunt
2234 4414 2354 4468 quae
2385 4411 2484 4450 nos
2515 4406 2768 4465 separant
2795 4411 2824 4450 a
2860 4411 2986 4451 vera
3015 4398 3146 4450 vita.
3175 4396 3229 4451 In
3261 4399 3375 4452 ltis-

1747 4516 1792 4573 [ι
1817 4511 1878 4550 ce
1904 4493 2253 4548 versabantur
2291 4493 2462 4559 prius,
2499 4491 2625 4560 quia
2677 4489 3134 4544 exacerbabamus
3181 4490 3369 4555 Deum,

1816 4597 1867 4642 et
1890 4584 2174 4639 consilium
2226 4582 2488 4636 Altissimi
2545 4581 2913 4636 irritabamus.
2966 4579 3190 4649 Oportet
3218 4580 3363 4634 enim

1815 4690 1882 4728 ex
1905 4671 2272 4742 magnitudine
2297 4680 2351 4724 et
2376 4669 2782 4739 pulchritudine
2823 4677 3219 4729 creaturarum.
3249 4670 3371 4723 uni-

1818 4780 2099 4820 versorum
2152 4765 2402 4832 opiﬁcem
2455 4762 2831 4832 contemplari,
2882 4770 2935 4815 et
2986 4763 3370 4832 sempiternam

1815 4860 1933 4930 ejus
1956 4860 2207 4914 virtutem
2232 4873 2296 4913 ac
2329 4857 2666 4913 divinitatem
2708 4871 2738 4910 a
2768 4848 3017 4912 creatura
3050 4858 3236 4911 mundi
3284 4858 3372 4911 in-

1822 4952 2085 5021 telligere.
2143 4949 2256 5006 Nos
2293 4960 2477 5021 utpote
2531 4951 2660 5005 caici
2705 4950 2758 5004 in
2805 4951 3042 5006 tenebris
3083 4959 3135 5004 et
3180 4951 3373 5005 umbra

1821 5045 2015 5099 mortis
2045 5044 2323 5112 degentes,
2358 5052 2411 5096 et
2430 5041 2776 5097 facultatibus
2800 5042 2993 5096 animae
3017 5043 3374 5098 rationalibus

1822 5137 2094 5206 praepediti
2127 5144 2181 5190 et
2232 5135 2507 5198 obdurati,
2552 5133 2962 5189 immutavimus
3007 5133 3236 5202 gloriam
3290 5135 3374 5187 in-

1822 5227 2192 5297 corruptibilis
2219 5225 2335 5294 Dei,
2366 5228 2420 5281 in
2453 5226 2866 5280 similitudinem
2896 5225 3149 5294 imaginis
3199 5226 3373 5279 homi-

1823 5321 1909 5374 nis
1939 5319 2307 5389 corruptibilis
2367 5327 2419 5372 et
2448 5318 2749 5373 volatilium
2770 5359 2783 5381 ,
2821 5325 2874 5372 et
2936 5316 3365 5386 quadrupedum.

1834 5409 2044 5463 Vinctos
2080 5411 2132 5461 in
2168 5410 2502 5462 mendicitate
2547 5419 2597 5462 et
2652 5409 2812 5477 ferro.
2849 5406 3069 5462 Catenis
3127 5408 3372 5477 proprio-

1824 5517 1942 5554 rum
1976 5511 2318 5569 peccatorum
2364 5500 2736 5570 unusquisque
2763 5498 3172 5569 constringitur,
3216 5498 3373 5569 inops

1824 5607 2000 5646 Otllnls
2029 5592 2157 5646 boni
2182 5601 2236 5647 et
2283 5592 2514 5647 honesti.

1602 5793 1646 5825 ³⁸
1667 5790 1824 5847 Joan.
1856 5809 1963 5860 xiv,
1989 5792 2038 5846 6.
