4076 6308
752 351 851 405 451

821 467 905 519 Η.
950 462 1087 529 Quia
1134 468 1566 516 exacerbaverunt
1628 459 1834 528 eloquia
1895 456 2013 510 Dei.
2060 455 2305 508 Divinam
2337 460 2384 516 Α

752 564 920 629 ιρεαοιη
951 558 1255 611 nullatenus
1283 554 1649 615 admittentes,
1679 554 1775 605 sed
1822 550 2158 618 sapientibus
2211 549 2310 601 liu-

751 654 836 720 jus
858 650 1040 704 saaculi
1065 662 1186 703 sese
1221 645 1581 699 instituendos
1614 639 1987 695 tradentes.Et
2032 639 2311 692 consilium

1622 343 1675 397 Β.
1718 340 2089 395 ATHANASII
2125 339 2273 394 OPP.
2316 336 2491 391 PARS
2532 336 2617 391 Ill.
2663 367 2729 376 —
2768 334 3173 389 EXEGETICA.
3859 328 3944 386 ιει

2483 454 2610 505 ’Ότι
2639 453 3081 518 παρεπίκραναν
3121 448 3193 501 τὰ
3238 449 3411 516 λόγια
3454 449 3572 498 τού
3588 447 3765 498 ’Θεότλ
3807 443 3948 497 Οὐδα-

2416 545 2529 613 μῶς
2555 544 2643 595 τὸν
2670 542 2807 594 Θεῖον
2837 541 3260 611 παραδεχόμενοι
3291 540 3471 608 νόμον,
3502 537 3636 591 ἀλλά
3657 540 3768 599 τοῖς
3791 541 3947 604 cogi;

2412 635 2503 689 τοῦ
2557 635 2745 696 αἰῶνος
2796 634 2982 685 τούτου
3033 632 3393 702 προνέμοντες
3436 628 3678 689 ἑαυτούς.
3714 628 3819 680 Καὶ
3856 629 3948 690 τὴν

753 741 1015 795 Altissimi
1077 739 1441 791 irritaverant.
1495 734 1779 799 Quodnam
1839 742 1955 785 erat
2025 731 2312 785 consilium

2417 725 2647 791 βουλὴν
2683 723 2787 775 τοῦ
2834 722 3110 790 Ὑψίστου
3149 719 3524 786 παρώξυναν.
3557 718 3665 770 Καὶ
3698 717 3820 768 ποία
3845 712 3949 786 ἦ·λὴ

752 828 1045 893 Altissimi,
1082 827 1185 880 nisi
1222 824 1367 894 quod
1413 824 1539 877 velit
1575 824 1689 891 ipse
1725 838 1897 874 omnes
1922 821 2153 873 homines
2199 818 2312 872 sal-

750 937 838 973 ue:
855 919 991 987 ﬁeri,
1013 928 1061 971 et
1086 918 1152 969 ad
1171 916 1489 987 agnitionem
1510 915 1743 967 veritatis
1764 914 1936 965 venire
1953 912 2035 963 "?

823 1098 907 1151 12.
936 1095 1366 1165 Inﬁrmatisunt,
1398 1110 1489 1147 nec
1510 1094 1611 1161 fuit
1657 1095 1746 1162 qui
1799 1091 2094 1160 adjuvaret.
2146 1087 2313 1143 Nemo

751 1190 893 1242 enim
915 1196 1122 1257 poterat
1150 1196 1432 1256 peccatum
1462 1168 1767 1240 destruere.

823 1280 911 1331 15.
958 1277 1022 1330 Et
1075 1278 1138 1330 de
1189 1276 1586 1331 necessitatibus
1651 1292 1831 1329 eorum
1895 1274 2140 1327 liberavit
2202 1288 2309 1326 eos.

750 1368 1076 1439 Ecquzenam
1113 1369 1285 1436 major
1308 1367 1624 1431 necessitas,
1659 1381 1823 1435 quam
1877 1374 1937 1418 ut
1991 1365 2114 1434 quis
2155 1365 2313 1418 mali-

752 1476 981 1530 gnorum
1021 1460 1303 1529 spirituum
1335 1476 1523 1513 servus
1558 1460 1649 1523 sit,
1680 1460 1732 1511 in
1757 1458 2061 1527 ignorantia
2096 1457 2312 1522 mentis,

751 1554 921 1607 animi
947 1552 1311 1615 mendicitate,
1335 1561 1389 1606 et
1414 1536 1734 1621 paupertate
1782 1565 1877 1618 per
1930 1549 2189 1602 malitiam
2228 1551 2314 1601 in-

752 1647 913 1700 ducta
935 1646 960 1697 τ

822 1737 906 1791 14.
940 1735 1007 1788 Et
1046 1735 1253 1790 vincula
1290 1751 1472 1787 eorum
1528 1734 1770 1794 disrupit.
1834 1730 1988 1797 lllud,
2046 1730 2299 1799 disrupit,

750 1828 1080 1894 repentinam
1114 1826 1314 1894 peccati
1338 1823 1758 1878 destructionem
1793 1822 2013 1876 indicat.

824 1918 1006 1973 15-16.
1068 1916 1434 1986 Conﬁteantur
1487 1916 1711 1969 Domino
1762 1915 2136 1969 misericordia:
2176 1913 2309 1982 ejus.

752 2011 947 2065 Eadem
981 2011 1093 2079 ipsa
1128 2010 1193 2064 de
1223 2009 1496 2063 beneﬁciis
1525 2009 1643 2076 ejus
1673 2008 1881 2077 repetit.
1905 2006 2042 2070 Quia
2071 2005 2314 2058 contrivit

748 2112 928 2171 portas
958 2119 1141 2156 terens.
1207 2100 1534 2154 Descensurn
1574 2096 1869 2152 Salvatoris
1913 2097 1978 2151 ad
2036 2096 2311 2151 infernum

750 2189 1053 2258 signiﬁcat,
1122 2202 1386 2256 quocum
1444 2186 1805 2255 pervenisset,
1876 2196 2059 2255 portas
2116 2185 2312 2239 inferni

752 2280 984 2349 aperuit,
1020 2278 1147 2331 olim
1177 2279 1410 2332 vinculis
1437 2278 1842 2336 insolubilibus.
1879 2277 2133 2330 omnibus
2166 2277 2313 2329 clau-

754 2385 860 2422 sas.
907 2367 1020 2421 Non
1048 2368 1194 2421 enim
1250 2367 1483 2421 facultas
1521 2376 1638 2419 erat
1669 2365 1978 2419 volentibus
2042 2374 2315 2433 retrogre-

752 2459 803 2510 (Ιὶ
837 2458 973 2521 ;sed
1012 2458 1127 2525 ipse
1154 2456 1291 2509 dixit
1312 2458 1377 2510 iis
1404 2458 1491 2524 qui
1524 2454 1682 2507 vincti
1727 2464 1887 2506 sunt:
1933 2452 2106 2514 Exite,
2158 2467 2206 2507 et
2240 2455 2309 2507 iis

752 2551 842 2619 qui
874 2552 929 2601 in
966 2548 1225 2601 tenebris:
1250 2546 1567 2601 Reuelamini
1595 2546 1633 2599 ‘.

828 2639 913 2691 18.
954 2638 1170 2692 Omnem
1201 2654 1373 2690 escam
1405 2636 1710 2689 abominata
1738 2644 1814 2689 est
1868 2638 2047 2689 anima
2110 2652 2310 2689 eorum.

755 2730 872 2784 Non
895 2731 1035 2784 cnim
1060 2731 1247 2784 aderat
1274 2729 1499 2783 verbum
1534 2727 1682 2797 quod
1716 2736 1898 2795 posset
1932 2744 2024 2781 eos
2052 2728 2311 2781 enutrire.

754 2819 931 2875 Porta:
962 2830 1140 2874 autem
1172 2821 1365 2874 mortis
1402 2828 1526 2873 sunt
1552 2828 1772 2887 peccata
1819 2832 1940 2886 quae
1967 2817 2033 2871 ad
2086 2825 2313 2871 mortem

756 2916 984 2967 ducunt.

826 3003 909 3056 22.
941 3002 1006 3055 Et
1030 3004 1324 3072 sacriﬁcent
1354 3005 1401 3057 ei
1415 3004 1735 3072 sacri/icium
1766 3004 1961 3057 laudis.
1985 3003 2065 3057 Ad
2096 3012 2315 3058 sanctos

2415 818 2573 888 βουλὴ
2606 816 2697 867 τοῦ
2745 815 3016 882 Ὑψίστου,
3042 813 3074 883 ἢ
3101 813 3160 864 τὸ
3194 812 3364 863 Θέλειν
3400 810 3560 862 αὑτὸν
3598 808 3823 872 πάντας
3863 810 3948 860 dr-

2413 904 2679 975 θρώπους
2722 903 3023 965 σώζεσθαι,
3066 900 3164 953 καὶ
3209 903 3295 967 εἰς
3337 900 3661 968 ἐπίγνωσιν
3695 900 3950 963 ἀληθείας

2412 996 2608 1051 ἐλθεῖν
2624 1013 2641 1059 ;

2498 1086 2879 1153 Ἠσθένησαν,
2912 1083 3007 1136 καί
3039 1084 3147 1136 οὐκ
3175 1078 3252 1152 ἦν
3274 1084 3306 1135 ό
3326 1080 3583 1147 βοηθῶν.
3604 1080 3679 1132 Οὐ
3700 1078 3805 1150 γὰρ
3827 1079 3952 1147 ἴσχυε

2412 1197 2495 1242 τις
2523 1181 2618 1247 τῆς
2646 1180 2914 1249 ἁμαρτίας
2946 1175 3274 1247 ποιήσασθαι
3308 1174 3407 1243 τὴν
3431 1173 3731 1241 ἀναίρεσιν.

2483 1272 2589 1324 Kal
2639 1270 2705 1322 ἐκ
2746 1270 2863 1322 τῶν
2894 1267 3169 1338 ἀναγκῶν
3211 1266 3405 1319 αὐτῶν
3450 1264 3684 1317 ἔσωσεν
3734 1264 3951 1327 αὐτούς.

2413 1363 2509 1425 Τίς
2555 1362 2660 1431 γὰρ
2712 1363 2908 1432 μείζων
2956 1364 3165 1431 ἀνάγκη
3201 1359 3292 1412 τοῦ
3334 1357 3683 1411 δεδουλῶσθαι
3711 1356 3954 1423 πνεύμασι

2415 1457 2665 1524 πονηροῖς
2703 1456 2759 1507 ὲν
2794 1455 2983 1525 ἀγνοίᾳ
3017 1454 3173 1518 Θεοῦ,
3224 1454 3317 1506 καὶ
3371 1452 3612 1521 πτωχεία
3665 1450 3854 1519 ψυχῆς,
3880 1448 3955 1500 καὶ

2415 1544 2574 1616 πενίᾳ
2606 1546 2801 1607 κακίας
2817 1563 2831 1609 ;

2485 1739 2589 1793 Kal
2608 1739 2749 1805 τοὺς
2766 1739 3025 1809 δεσμοὺς
3043 1737 3241 1792 αὐτῶν
3256 1736 3543 1806 διέρρηξε.
3564 1736 3658 1797 Τὸ,
3684 1733 3954 1802 διέρῤηεε,

2410 1831 2507 1901 τὴν
2540 1824 2736 1901 ἀθρόαν
2758 1830 2856 1899 τῆς
2882 1828 3153 1900 ἁμαρτίας
3172 1827 3488 1899 καθαίρεσιν
3519 1826 3931 1879 καταδείκνυσιν.

2493 1919 3176 1989 Ἐξομολογησάσθωσαν
3191 1918 3271 1983 τῷ
3290 1920 3479 1986 Κυρίῳ
3506 1918 3578 1969 τὰ
3606 1916 3745 1982 ἐλέη
3775 1917 3954 1968 αὑτοῦ.

2413 2012 2491 2066 Τὰ
2526 2012 2664 2067 αὐτά
2690 2012 2936 2082 δεύτερον
2974 2007 3123 2064 εἶπεν
3165 2010 3407 2071 ὲπ“ι’ταῖς
3429 1991 3770 2076 εὐεργεσίαις
3796 2004 3956 2058 αὐτώ.

2416 2105 2532 2155 Ὅτι
2550 2102 2873 2170 συνέτριψε
2898 2102 3094 2165 πύλας
3124 2097 3372 2175 χαλκᾶς.
3397 2096 3504 2166 Τὴν
3530 2096 3716 2166 μέχρις
3744 2094 3863 2164 ᾅδου
3882 2092 3957 2145 τοῦ

2413 2196 2661 2266 Σωτῆρος
2708 2194 2930 2247 κάθοδον
2974 2192 3245 2261 σημαίνει,
3280 2191 3345 2259 ἣν
3373 2188 3757 2258 ποιησάμενος,
3791 2187 3958 2239 ἀνεπέ-

2411 2303 2541 2339 τασε
2586 2285 2677 2338 τοῦ
2722 2286 2846 2356 ᾅδου
2880 2283 2976 2347 τὰς
3024 2282 3216 2345 πύλας,
3244 2281 3408 2334 πάλαι
3444 2279 3660 2349 δεσμοῖς
3691 2280 3959 2349 ἀρρήκτοις

2414 2376 2799 2448 κεκλεισμένας
2840 2377 3022 2429 πᾶσιν.
3059 2376 3133 2428 Οὺ
3171 2370 3369 2444 γὰρῆν
3397 2371 3832 2442 παλινδρομῖβαι
3863 2368 3960 2436 βου-

2414 2466 2655 2537 λομένοις
2674 2484 2686 2496 ·
2716 2466 2829 2519 ἀλλ’
2855 2465 3013 2527 αὐτὸς
3043 2464 3232 2535 εἴρηκε
3256 2462 3462 2527 τοῑςέν
3480 2459 3724 2528 δεσμοῖς
3748 2476 3762 2487 ·
3794 2454 3961 2519 Ἐξέλ-

2413 2560 2569 2621 θατε,
2602 2556 2700 2609 καὶ
2734 2556 2857 2622 τοῖς
2890 2556 2957 2609 ἐν
2986 2554 3062 2618 τῷ
3088 2554 3319 2605 σκότειο
3362 2551 3851 2616 Ἀνακαλύφθητε.

2485 2646 2613 2700 Πᾶν
2655 2645 2866 2713 ,βρῶμα
2919 2642 3277 2706 ὲϐδελύξατο
3334 2642 3372 2708 ἡ
3423 2640 3591 2708 ψυχὴ
3638 2639 3853 2691 αὐτῶν.
3899 2638 3957 2688 05

2416 2734 2524 2806 γὰρ
2564 2732 2631 2805 ἦν
2665 2737 2693 2787 ό
2717 2735 3025 2806 διατρέφειν
3050 2734 3243 2796 αὐτοὺς
3286 2732 3579 2803 δυνάμενος
3609 2730 3786 2796 λόγος.
3814 2727 3959 2781 Πύλαι

2413 2827 2469 2881 δὲ
2497 2828 2725 2881 θανάτου
2755 2830 2808 2881 αἱ
2838 2826 3097 2899 φέρουσαι
3132 2826 3268 2898 πρὸς
3299 2825 3525 2878 θάνατον
3555 2822 3839 2893 ἁμαρτίαι.

2484 3008 2589 3062 Kal
2644 3007 3002 3061 θυσὰτωσαν
3057 3006 3218 3071 αὑτῷ
3267 3006 3487 3060 θυσίαν
3513 3035 3519 3051 ι
3542 3000 3960 3068 αἰνέσεως.Ἐπὶ

757 3096 1029 3164 apostolos
1061 3109 1364 3150 sermonem
1398 3096 1705 3159 convertit;
1748 3094 1847 3163 ipsi
1902 3109 2136 3162 namque
2189 3102 2317 3147 sunt

2417 3098 2540 3160 τοὺς
2581 3096 2763 3164 ἁγίους
2807 3096 3132 3159 ἀποστόλους
3174 3097 3465 3167 μεταφέρει
3496 3095 3587 3147 τὸν
3616 3095 3773 3161 λόγον
3793 3112 3805 3123 ·
3833 3092 3961 3145 αὐτοὶ

756 3188 850 3254 qui
884 3188 1139 3256 mysteria
1195 3185 1327 3241 Novi
1359 3186 1692 3241 Testamenti
1747 3187 1903 3241 nobis
1956 3185 2314 3239 tradiderunt.

826 3359 914 3413 35.
949 3358 1131 3412 Posuit
1154 3357 1375 3425 ﬂumina
1410 3358 1461 3409 in
1486 3360 1769 3411 desertum.
1824 3355 2133 3411 Judazorum
2168 3356 2320 3411 volu-

754 3449 865 3504 bile
893 3464 957 3503 ac
989 3449 1292 3516 improbum
1324 3464 1491 3517 genus
1519 3448 1670 3503 dicit.
1711 3446 1845 3501 Nam
1905 3463 2001 3503 eos
2046 3448 2138 3517 qui
2191 3449 2316 3503 olim

760 3537 903 3591 tame
933 3538 1300 3602 tabescebant,
1333 3546 1387 3592 et
1424 3538 1690 3607 spirituali
1727 3538 1850 3593 cibo
1884 3547 2104 3607 egentes
2133 3548 2315 3605 erant,

757 3637 979 3700 pr0pter
1007 3647 1070 3686 ea
1097 3631 1320 3684 ﬂumina
1350 3631 1659 3686 collocavit.

830 3723 920 3778 54.
959 3722 1173 3776 Terram
1196 3722 1526 3790 fructiferam
1554 3724 1609 3775 in
1635 3722 1972 3791 salsuginem.
2010 3721 2317 3777 Iudaeorum

759 3826 1087 3881 synagogam
1118 3810 1312 3878 inquit.
1354 3808 1522 3863 Erant
1562 3810 1832 3865 daemones
1860 3810 2192 3866 habitatores
2224 3820 2324 3864 ter-

758 3915 906 3953 rena:
931 3899 1184 3963 civitatis,
1220 3914 1378 3967 quem
1406 3897 1642 3954 fructum
1673 3900 1921 3970 impietas
1954 3900 2320 3956 ferebat.Eam

758 3999 937 4043 autem
983 3990 1327 4042 exsiccarunt
1370 3989 1469 4058 ipsi
1513 3991 1743 4058 apostoli
1788 3992 1898 4045 sale
1949 3991 2227 4058 doctrinae,
2256 3992 2323 4046 de

757 4080 957 4149 quibus
990 4080 1064 4133 ait
1092 4096 1104 4131 :
1146 4078 1246 4132 Vos
1267 4080 1390 4133 estis
1423 4079 1505 4133 sal
1534 4081 1748 4134 terrte’.

833 4269 927 4324 '55.
967 4268 1153 4322 Posuit
1174 4270 1435 4323 desertum
1460 4272 1515 4324 in
1538 4282 1727 4342 stagna
1753 4289 2028 4348 aquarum.
2060 4272 2322 4344 Populum

762 4361 1013 4431 gentilem
1064 4360 1359 4431 signiliCut,
1397 4378 1519 4416 nam
1560 4364 1845 4417 commista
1888 4374 1970 4420 est
2019 4366 2321 4435 prophetia,

2419 3190 2525 3259 γάρ
2554 3190 2687 3240 εἰσιν
2733 3189 2781 3240 οἱ
2814 3187 2883 3239 τὰ
2914 3190 3186 3259 μυστήρια
3208 3188 3305 3257 τῆς
3335 3188 3541 3256 Καινῆς
3586 3187 3853 3257 Διαθήκης
3884 3202 3963 3237 παρ

2421 3279 2670 3351 ραδόντες
2704 3280 2853 3349 ἡμῖν.

2492 3373 2691 3427 Ἔθετο
2737 3370 3040 3440 ποταμοὺς
3076 3373 3161 3437 εἰς
3186 3373 3423 3439 ἔρημον.
3465 3369 3536 3423 Τὸ
3576 3367 3687 3420 τῶν
3726 3367 3962 3421 Ἰουδαίων

2417 3461 2641 3534 ιῦρυτον
2670 3462 2924 3533 ἀδόκιμον
2956 3464 3110 3531 γένος
3155 3463 3306 3533 φησί.
3340 3462 3477 3524 Τοὺς
3505 3459 3614 3532 γὰρ
3648 3460 3816 3513 πάλαι
3843 3457 3962 3527 λιμῷ

2417 3552 2750 3623 τηκομένους
2787 3552 2880 3605 καὶ
2926 3552 3027 3621 τῆς
3068 3551 3439 3622 πνευματικῆς
3472 3550 3678 3622 τροφῆς
3703 3550 3888 3611 ἐνδεεῖς
3917 3550 3961 3600 ὲν

2419 3642 2643 3703 ἐκείνοις
2671 3640 2941 3710 κατῴκισε
2967 3643 3079 3704 τοῖς
3111 3644 3393 3710 ποταμοῖς.

2487 3730 2619 3800 Γῆν
2661 3732 3041 3802 καρποφόρον
3064 3734 3151 3798 εἰς
3184 3732 3402 3800 ἅλμην.
3428 3729 3537 3801 Τὴν
3573 3728 3683 3782 τῶν
3726 3729 3961 3782 Ἰουδαίων

2421 3823 2552 3894 φησί
2591 3818 3115 3894 συναγωγήν.¹Ησαν
3163 3820 3271 3893 γὰρ
3313 3821 3364 3874 οἰ
3420 3819 3670 3889 δαίμονες
3710 3820 3962 3888 οἰκήτορες

2418 3912 2516 3982 τῆς
2549 3912 2743 3981 γηῖνης
2782 3912 3057 3975 πολιτείας
3076 3928 3089 3943 ·
3130 3910 3492 3982 ὲκαρποφόρει
3521 3909 3576 3962 δὲ
3602 3909 3769 3979 αὐτὴν
3800 3911 3831 3979 ἡ
3860 3909 3957 3962 ὁ.σέ-

2420 4001 2877 4071 6εια.Ἐξήραναν
2902 4001 2953 4053 δὲ
2985 4002 3153 4072 αὐτὴν
3183 4003 3232 4053 οἰ
3259 4000 3545 4054 ἀπόστολοι
3588 3998 3667 4068 τῷ
3711 3998 3861 4053 ἆλατι
3882 3999 3963 4070 τῆς

2421 4092 2783 4156 διδασκαλίας,
2818 4094 2945 4165 περὶ
2975 4086 3055 4147 ὧν
3097 4109 3290 4163 φησιν’
3339 4091 3519 4162 Ὑμεῖς
3551 4091 3691 4145 ἐστε
3730 4092 3798 4145 τὸ
3834 4092 3963 4154 ἅλας

2422 4183 2532 4252 τῆς
2561 4182 2689 4253 γῆς.

2496 4277 2697 4328 Ἕθετὸ
2729 4274 2950 4344 ἔρημον
2974 4280 3061 4342 εἰς
3085 4277 3302 4346 λίμνας
3334 4275 3585 4331 ὑδάτων.
3609 4279 3710 4332 Τὸν
3739 4277 3795 4344 ἐξ
3820 4274 3961 4330 ἐθνῶν

2423 4368 2762 4438 διασημαίνει
2795 4369 2919 4421 λαόν
2943 4386 2956 4399 ο
2995 4368 3296 4439 σύμμικτος
3332 4368 3438 4438 γὰρ
3475 4371 3506 4439 ὴ
3534 4372 3851 4442 προςοητεία,
3872 4367 3961 4419 τιίν

761 4451 993 4506 duorum
1023 4451 1346 4519 populorum
1380 4449 1559 4505 ferens
1595 4467 1905 4519 personam.
1940 4452 2087 4509 Illius
2116 4456 2318 4510 scilicet

2422 4460 2514 4512 δύο
2545 4459 2686 4528 λαῶν
2712 4460 3038 4530 εἰσφέρουσα
3064 4462 3125 4513 τὸ
3154 4461 3468 4530 πρόσωπον·
3491 4462 3585 4515 τοῦ
3616 4465 3710 4532 μὲν
3736 4464 3830 4530 τὴν
3856 4464 3961 4515 ἀπο-

764 4541 1143 4608 abjectionem,
1173 4539 1337 4607 huius
1361 4539 1838 4593 introductionem.

844 4630 932 4683 56.
961 4630 1025 4683 Et
1052 4632 1432 4683 constituerunt
1456 4632 1692 4684 civitates
1715 4630 2080 4686 habitationis.
2113 4632 2319 4688 Bonam

763 4719 1011 4775 videlicet
1038 4732 1091 4773 et
1112 4722 1384 4775 caelestem
1416 4722 1539 4776 vitae
1566 4724 1852 4777 rationem.

839 4813 929 4868 37.
967 4811 1029 4864 Et
1058 4814 1329 4867 seminavit
1364 4830 1519 4885 agros
1550 4825 1597 4867 et
1632 4814 1890 4883 plantavit
1917 4816 2112 4869 vineas.
2148 4815 2322 4884 Agros

765 4905 1033 4975 intelliges
1067 4906 1136 4959 ab
1168 4905 1477 4975 liujusmodi
1526 4906 1708 4961 dicto:
1747 4907 1895 4961 Exiit
1939 4911 2027 4977 qui
2073 4910 2321 4974 seminat,

767 4995 1024 5048 seminare
1045 5012 1218 5049 semen
1246 5012 1395 5049 suum
1421 4998 1474 5050 ἐ
1506 4998 1691 5052 vineas
1728 5007 1907 5053 autem
1951 4998 2241 5061 Ecclesias.
2266 5009 2323 5053 ut

766 5084 969 5139 dictum
998 5094 1116 5139 est:
1158 5083 1332 5139 Vineae
1364 5086 1675 5153 ﬂoruerunt,
1704 5090 1913 5141 odorem
1943 5088 2257 5143 dederunt‘.

840 5273 927 5329 3'3.
964 5270 1032 5326 Et
1071 5274 1312 5341 jumenta
1361 5290 1539 5328 eorum
1589 5292 1691 5327 non
1740 5275 2037 5328 minorauit.
2072 5275 2322 5329 Iumenta

768 5373 924 5418 vocat
940 5381 1034 5419 eos
1052 5364 1144 5434 qui
1171 5365 1653 5419 irrationabiliores
1677 5372 1806 5418 sunt
1837 5365 1889 5417 in
1914 5363 2149 5419 Ecclesia
2169 5364 2322 5433 juxta

767 5456 900 5511 illud
928 5476 940 5510 :
971 5456 1037 5512 Ut
1052 5458 1347 5527 jumentum
1378 5460 1550 5526 factus
1577 5474 1692 5510 sum
1715 5459 1854 5525 apud
1892 5460 2008 5525 te';
2045 5467 2117 5521 et,
2146 5458 2327 5512 Homi-

768 5566 857 5602 nes
884 5558 933 5601 et
947 5549 1187 5617 jumenta
1209 5549 1455 5614 salvebis,
1488 5551 1707 5612 Domine
1736 5550 1777 5606 ‘.

840 5684 883 5717 ”
918 5686 933 5736 1
959 5682 1097 5739 Tim.
1125 5701 1181 5745 ll,
1208 5687 1260 5741 4.

1859 5690 1879 5720 ⁸
1906 5687 2091 5743 Matth.
2123 5704 2175 5753 v,
2199 5690 2283 5745 15.

770 5755 792 5788 ⁸
813 5754 951 5809 l’sal.
988 5772 1151 5825 xxxv,
1180 5756 1251 5811 7.‘

1362 5688 1377 5718 ¹
1406 5686 1507 5742 lsa.
1542 5704 1689 5752 xux,
1714 5687 1767 5743 9.

2367 5690 2387 5721 ³
2418 5687 2602 5744 Matth.
2638 5706 2757 5759 xm,
2788 5691 2840 5745 3.

2422 4550 2603 4621 ϐολὴν,
2636 4549 2727 4602 τοῦ
2758 4551 2814 4602 δὲ
2840 4551 2936 4621 τὴν
2966 4551 3232 4622 εἰσϐολήν.

2491 4641 2599 4695 Kal
2624 4643 3083 4708 συνεστήσαντο
3110 4644 3318 4710 πόλεις
3346 4648 3737 4711 κατοικεσίας.
3757 4645 3959 4715 Ἀγαθὴν

2420 4734 2661 4804 δηλονότι
2694 4736 2787 4787 καὶ
2814 4736 3063 4807 οὐράνιον
3094 4736 3369 4791 πολιτείαν

2493 4826 2600 4879 Kal
2643 4827 2925 4895 ἔσπειρεν
2965 4828 3185 4897 ἀγροὺς
3226 4830 3323 4882 καί
3356 4830 3687 4899 ἐφύτευσεν
3708 4830 3957 4901 dantem-

2422 4937 2551 4986 νας.
2568 4922 2799 4992 Νοήσεις
2815 4922 2939 4984 τοὺς
2961 4921 3163 4993 ἀγροὺς
3182 4923 3289 4975 ἀπὸ
3308 4923 3399 4976 τοῦ
3427 4925 3703 4996 εἰρηκότος
3723 4943 3735 4956 ·
3781 4926 3867 4988 Ἐξ
3874 4923 3952 4988 27.1-

2425 5014 2527 5065 θεν
2574 5014 2606 5064 ό
2638 5012 2900 5078 σπείρων
2941 5011 3046 5065 τοῦ
3083 5012 3319 5080 σπεῖραι
3366 5014 3474 5066 τὸν
3520 5017 3749 5083 σπόρον
3775 5014 3955 5066 αὐτοῦ·

2424 5102 2549 5164 τοὺς
2598 5102 2655 5154 δὲ
2696 5100 3021 5172 ἀμπελῶνας
3060 5100 3157 5165 τὰς
3190 5104 3527 5175 Ἐκκλησίας,
3561 5106 3694 5160 καθὸ
3734 5109 3953 5177 εἴρηται·

2426 5197 2496 5247 Αἰ
2521 5194 2772 5262 ἄμπελοι
2809 5194 3157 5263 ἐκύπρισαν,
3188 5195 3419 5249 ἔδωκαν
3449 5197 3661 5266 ὀσμήν.

2496 5281 2609 5335 Καὶ
2650 5282 2723 5336 τὰ
2760 5282 2950 5351 κτήνη
2993 5282 3189 5336 αὐτῶν
3220 5286 3747 5355 οὐκ.ἐσμίκρυνεν.
3792 5286 3951 5353 κτήνη

2425 5373 2551 5437 τοὺς
2582 5365 2947 5445 ἀλογωτέρους
2975 5375 3072 5445 τῆς
3112 5375 3431 5445 Ἐκκλησίας
3460 5376 3611 5446 φησὶ,
3644 5377 3782 5431 κατά
3804 5375 3860 5428 τὺ
3889 5376 3950 5427 εί-

2433 5465 2661 5535 ρημένον
2684 5480 2697 5492 ·
2726 5463 3043 5534 Κτηνώδης
3062 5467 3353 5536 ἐγενήθην
3377 5467 3532 5535 παρὰ
3560 5468 3673 5523 σοῦ
3689 5485 3702 5498 ·
3736 5469 3841 5527 καὶ,
3857 5468 3933 5519 Ἂν

2429 5554 2695 5623 θρώπους
2731 5557 2825 5611 καὶ
2854 5558 3043 5626 κτήνη
3064 5557 3301 5624 σώσεις,
3339 5556 3528 5628 Κύριε.

2937 5692 2956 5723 ⁸
2982 5690 3137 5746 Cant.
3170 5707 3229 5760 ιι,
3260 5692 3345 5747 13.
3451 5694 3472 5725 ⁸
3501 5691 3638 5747 Psal.
3688 5706 3849 5757 uxn,
3871 5687 3933 5741 23
