4094 6312
146 369 244 423 455

212 481 321 534 Καὶ
363 481 767 551 (Martha-nomn
817 483 879 536 Oi
937 484 992 535 ὲν
1037 481 1113 551 τῷ
1163 484 1409 552 προτέρῳ
1467 481 1706 552 δηλονότι
1736 487 1781 542 Α

145 591 249 627 Ααω
256 617 269 628 .

221 632 500 737 Ξεξεχύθη
561 667 984 742 ἐξουδένωσις,
1017 668 1107 719 ἐπ’
1137 668 1432 737 ἄρχοντας
1485 665 1700 720 αὐτῶν.

143 762 275 822 τοὺς
309 761 661 832 Γραμματεῖς
711 760 803 812 καὶ
838 761 1162 832 Φαρισαίους
1190 763 1340 831 φησί.
1372 761 1481 814 Ital
1512 759 1699 812 ἐπλά-

140 867 324 914 νησεν
349 851 567 914 αὐτοὺς
594 851 663 901 ἐν
684 850 893 917 ἀϐάτῳ,
925 854 1036 918 οὐχ
1065 851 1198 915 ὀδῷ.
1236 851 1545 904 Πλανῶνται
1571 850 1701 919 γὰρ,

141 943 316 1011 φησιν.
343 944 702 1011 ἀγνοήσαντες
727 944 815 995 τὸν
850 944 1097 996 εἰπόντα·
1138 942 1282 1012 Ἐγώ
1303 946 1415 1012 ειμι
1442 944 1480 1009 7i
1506 942 1661 1006 ὁδός-

207 1033 314 1086 Kai
344 1034 636 1101 ἐϐοήθησε
665 1035 868 1101 πένητι
898 1037 966 1088 ἐν
993 1039 1270 1105 πτωχείᾳ.
1313 1038 1421 1090 Καὶ
1445 1037 1526 1100 τίς
1555 1040 1582 1088 ὁ
1607 1039 1702 1090 πέ-

137 1139 248 1192 νης,
290 1122 322 1191 ἢ
361 1125 567 1186 ἐκεῖνος
600 1125 725 1194 περὶ
767 1117 826 1176 οὗ
858 1124 1101 1196 εἴρηταιο
1133 1125 1420 1193 Μακάριοι
1457 1131 1511 1180 οὶ
1547 1141 1698 1180 πτω-

137 1215 224 1282 χοὶ
260 1211 338 1276 τῷ
363 1215 651 1284 πνεύματι
671 1231 688 1277 ;
713 1214 820 1267 Kal
847 1216 1013 1269 ἔθετο
1039 1218 1119 1281 ὡς
1140 1219 1404 1284 πρόϐατα
1429 1219 1695 1287 πατριάς.

149 1303 318 1366 Ίδὶας,
355 1307 537 1374 φησὶν,
574 1304 851 1373 ἐλογίσατο
876 1308 971 1370 τὰς
1017 1311 1080 1360 ὲκ
1122 1309 1228 1362 τῶν
1263 1311 1503 1380 πατριῶν
1532 1312 1700 1364 ἀπάν-

135 1414 236 1450 των
271 1398 638 1467 συναγομένας
668 1399 885 1466 ἀγέλας.

203 1491 481 1558 Ὄψονται
512 1492 703 1557 εὐθεῖς
732 1494 829 1545 καὶ
854 1495 1390 1562 εὐφρανθήσονται.
1421 1496 1531 1548 Καὶ
1556 1496 1700 1562 τίνες

134 1583 177 1633 οἱ
220 1583 415 1647 ευθεῖς,
460 1584 492 1654 ἦ
527 1586 655 1655 περὶ
702 1579 776 1637 ὧν
809 1586 1054 1655 είρηται’
1103 1586 1285 1654 ’Υμῶν
1320 1588 1386 1642 δὲ
1424 1590 1701 1658 μακάριοι

134 1675 182 1723 ol
217 1674 532 1742 ὀφθαλμοὶ,
581 1675 669 1728 ὅτι
715 1677 1082 1740 βλέπουσιν.
1123 1677 1235 1731 Καὶ
1267 1678 1435 1734 πᾶσα
1485 1683 1700 1751 ἀνομία

133 1761 409 1830 ἐμφράξει
440 1765 506 1818 τὸ
543 1768 735 1836 στόμα
767 1767 976 1836 αὐτῆς.
1013 1768 1157 1835 Θεὸς
1188 1773 1221 1823 ὁ
1255 1770 1514 1838 δικαιῶν,
1541 1777 1631 1841 τίς
1667 1779 1701 1828 ὀ

132 1855 496 1921 κατακρίνων
510 1897 524 1918 ,

376 1939 383 1944 “
415 1948 554 2017 ’ῼδὴ
592 1952 907 2003 ΨΑΑΜοΥ
930 1951 1009 2016 τῷ
1037 1953 1237 2007 Δαυΐδ.
1278 1958 1405 2008 PZ'.

755 2040 1080 2108 Ὑπόθεσις.

130 2125 230 2178 Καὶ
261 2128 317 2178 ἐν
360 2129 534 2199 τούτῳ
585 2134 616 2202 ἡ
665 2137 931 2202 παρουσία
956 2137 1047 2190 τοῦ
1079 2141 1278 2210 Κυρίου
1306 2145 1336 2212 ἡ
1367 2143 1446 2205 εἰς
1472 2146 1536 2195 τὰ
1569 2142 1696 2215 ἔθνη

191 2223 450 2292 γενομένη
483 2224 973 2299 κηρύττεται.Ἥδη
1017 2232 1074 2283 δὲ
1109 2235 1322 2286 πάντων
1361 2235 1467 2288 τῶν
1503 2237 1697 2306 στίχων

190 2311 297 2364 τῶν
339 2315 396 2364 ἐν
424 2314 504 2384 τῷ
534 2319 760 2388 παρόντι
791 2320 988 2394 ψαλμῷ
1035 2325 1091 2375 ὲν
1125 2330 1234 2389 τοῖς
1261 2328 1434 2380 ὀπίσω
1466 2330 1697 2399 ψαλμοῖς

193 2405 659 2476 ἑρμηνευομένων,
691 2415 940 2483 περιττὸν
975 2415 1040 2469 ἂν
1065 2419 1148 2488 εἴη
1185 2420 1345 2473 πάλιν
1377 2423 1489 2484 τοῖς
1514 2421 1696 2482 αὐτοῖς

190 2498 493 2564 χρήσασθαι
518 2502 598 2563 είς
626 2504 918 2575 ἑρμηνείαν
947 2509 1054 2563 τῶν
1090 2513 1480 2582 προκειμένων.

200 2586 428 2660 Ἑτοίμη
458 2594 496 2661 ἠ
527 2596 736 2662 καρδία
767 2617 907 2666 μου,
949 2605 981 2654 o'
1012 2605 1172 2669 Θεός.
1201 2606 1308 2658 Καὶ
1337 2608 1393 2658 ἐν
1420 2607 1594 2677 τούτῳ
1617 2606 1694 2677 τῷ

128 2678 312 2752 ψαλμῷ
341 2687 374 2755 ἡ
411 2689 681 2758 παρουσία
727 2691 818 2743 τοῦ
867 2695 1071 2765 Κυρίου
1105 2699 1136 2765 ἡ
1166 2700 1245 2761 είς
1283 2698 1352 2750 τὰ
1390 2699 1516 2768 ἔθνη
1545 2717 1694 2767 γενο-

132 2774 252 2844 μένη
293 2777 790 2850 κηρύττεται.”Ηδη
836 2784 892 2835 δὲ
942 2785 1049 2836 τῶν
1102 2788 1296 2857 στίχων
1348 2790 1550 2843 τούτων
1594 2792 1692 2862 τὴν

129 2864 409 2935 ἑρμηνείαν
438 2871 494 2921 ὲν
525 2869 601 2939 τῷ
632 2871 703 2922 νϐ’
728 2872 924 2944 ψαλμῷ
956 2876 1299 2948 τεθείκαμεν.

199 2957 580 3026 Ἐξεγέρθητι.
616 2962 654 3028 ἡ
685 2960 832 3026 δόξα
857 2983 996 3032 μου.
1039 2967 1176 3034 Δόξα
1207 2969 1261 3022 δὲ
1291 2969 1455 3022 αὑτοῦ
1490 2972 1522 3043 ἡ
1567 2971 1695 3027 θεω-

130 3050 310 3120 ρητικὴ
365 3053 458 3105 καὶ
506 3057 780 3127 πρακτικὴ
833 3058 963 3124 ἕξις,
993 3060 1112 3112 καθ’
1149 3061 1213 3132 ἢν
1257 3062 1524 3118 διάκειται
1558 3066 1694 3136 πρὸς

127 3143 214 3212 τὴν
245 3143 443 3217 ἠθικὴν
473 3149 566 3202 καὶ
598 3149 980 3222 διακονητικὴν
1005 3154 1228 3225 ἀρετήν.

189 3234 313 3288 ὀτι
347 3237 504 3307 μέγα
545 3239 745 3293 ἐπάνω
787 3241 906 3294 τῶν
934 3243 1204 3309 οὐρανῶν
1246 3245 1314 3296 τὸ
1348 3246 1517 3310 ἔλεός
1549 3261 1685 3302 σευ.

127 3325 374 3380 Τοσοῦτον
427 3347 520 3382 σου
571 3330 632 3383 τὸ
678 3332 844 3395 ἕλεος,
879 3333 954 3396 ὼς
997 3333 1339 3405 ὑπερῦαίνειν
1374 3335 1505 3406 ὕψος
1529 3337 1689 3409 οὖρά-

125 3434 240 3481 νιον,
278 3423 375 3473 καὶ
411 3422 682 3491 πανταχοῦ
729 3423 1030 3496 διᾴττουσιν
1075 3428 1132 3480 αἱ
1163 3427 1260 3499 τῆς
1309 3428 1406 3500 σῆς
1435 3429 1690 3501 ἀληθείας

125 3508 343 3572 ἀκτῖνες,
373 3513 665 3582 προφητῶν
718 3517 810 3566 καί
858 3516 1170 3570 ἀποστόλων
1222 3519 1315 3571 καὶ
1356 3519 1687 3574 διδασκάλων

124 3601 227 3662 ταῖς
259 3603 475 3671 ἐκείνης
517 3603 724 3673 ῥανίσιν
753 3605 1086 3676 ἀρδευόντων
1117 3607 1215 3678 τὴν
1239 3610 1359 3679 γῆν.

199 3692 478 3760 Ὺψώθητι
504 3695 600 3746 ἐπὶ
628 3695 769 3761 τοὺς
789 3696 1100 3764 οὐρανοὺς,
1129 3700 1159 3750 ό
1188 3700 1350 3765 Θεός.
1371 3700 1487 3752 Ἀπ’
1513 3702 1686 3772 ἀρχῆς

124 3785 267 3856 μέχρι
309 3787 414 3856 τῆς
454 3787 731 3857 παρούσης
761 3787 957 3856 λέξεως
984 3791 1012 3842 ὁ
1039 3790 1201 3855 αὐτός
1243 3795 1357 3845 ἐστι
1390 3791 1465 3863 τῷ
1499 3811 1688 3864 πεντη-

124 3879 281 3949 κοστῷ
312 3880 459 3948 ἕκτῳ
479 3880 696 3950 ψαλμῷ,
721 3882 813 3933 καὶ
839 3883 944 3936 ἀπὸ
969 3884 1171 3954 ταύτης
1204 3885 1363 3955 μέχρι
1396 3886 1579 3950 τέλους
1609 3886 1686 3958 τῷ

123 3971 457 4040 πεντηκοστῷ
491 3972 710 4040 ὲννάτῳ.
737 3973 844 4024 Καὶ
873 3974 1083 4046 εἴρηται
1111 3975 1177 4028 τὰ
1201 3977 1402 4030 εἰκότα.

191 4153 604 4221 Ὑψωθήσεμαι
634 4152 729 4205 καὶ
759 4152 1028 4224 διαμεριῶ
1057 4154 1286 4225 Σίκιμα.
1317 4154 1395 4209 Τά
1420 4154 1525 4207 τῶν
1554 4156 1684 4209 Ἰου-

123 4244 266 4297 δαίων
297 4246 532 4317 Ξγκριτα
567 4248 659 4300 καὶ
691 4247 942 4317 ἐξαίρετα
973 4249 1306 4319 διαμερίζειν
1348 4251 1459 4312 τοῖς
1507 4249 1683 4302 ἔθνεσι

122 4339 200 4388 nl.
240 4341 316 4401 είς
357 4339 727 4408 κληρονομίαν
769 4344 1132 4411 καταμετρεῖν
1178 4340 1314 4410 μετὰ
1359 4343 1531 4411 χαρᾶς
1584 4343 1682 4393 ὑπ-

122 4431 426 4499 έσχετοΧΩς
453 4431 561 4501 γὰρ
595 4432 794 4499 ἀγαθὸς
844 4433 1024 4503 πατὴρ
1057 4434 1233 4504 χαίρει
1267 4433 1494 4496 πολλοὺς
1535 4435 1682 4498 υἱοὺς

1233 365 1596 421 EXPOSITIO
1637 365 1702 419 IN
1744 365 2071 423 PSALMUM
2109 366 2271 422 CVll.

3265 375 3374 430 454

1880 482 1968 535 59.
2007 482 2074 534 Et
2098 487 2252 551 pauci
2301 485 2430 553 facti
2475 497 2616 540 sunt.
2641 486 2743 553 Qui
2773 487 2824 542 in
2856 489 3019 557 priori
3047 491 3254 547 scilicet
3285 508 3376 562 po-

1813 576 1939 642 pulo
1961 585 2133 628 erant.

1880 667 1972 719 40.
2000 665 2189 734 E/fusa
2221 675 2297 720 est
2333 673 2649 740 contemptio
2685 688 2839 740 super
2876 675 3132 742 principes
3171 692 3373 734 eorum.

1813 755 2031 812 Scrihas
2047 769 2099 813 et
2117 759 2420 817 Plzarismos
2443 765 2594 818 dicit.
2618 764 2681 816 Et
2700 782 2877 818 errare
2893 767 3009 834 fecit
3033 785 3117 821 eos
3141 771 3192 822 in
3211 773 3371 836 invio,

1808 859 1854 902 et
1901 866 2001 903 non
2037 853 2089 904 in
2132 856 2234 907 ria.
2267 853 2462 908 Errant
2498 857 2643 910 enim
2666 896 2680 920 ,
2711 858 2904 927 inquit,
2948 860 3074 929 quia
3123 863 3376 930 ignorant

1808 956 1929 994 cum
1954 945 2045 1012 qui
2079 945 2215 998 dixit
2250 966 2261 999 :
2300 946 2411 1017 Ego
2438 965 2551 1000 sum
2587 952 2672 1002 via
2695 951 2732 1003 ⁷.

1879 1036 1968 1087 41.
2000 1035 2067 1088 Et
2090 1039 2293 1106 adjuvit
2319 1057 2598 1110 pauperem
2622 1045 2678 1096 in
2702 1047 2899 1114 inopia.
2928 1047 3125 1117 Ecquis
3148 1066 3371 1120 pauper,

1809 1123 1911 1176 nisi
1967 1126 2034 1180 de
2080 1143 2187 1196 quo
2233 1130 2436 1185 dictum
2469 1141 2580 1187 est:
2631 1133 2784 1188 Beati
2816 1154 3065 1206 pauperes
3093 1143 3280 1210 spiritu
3309 1143 3374 1195 ll?

1808 1213 1874 1266 Et
1909 1219 2080 1283 posuit
2107 1221 2240 1272 sicut
2287 1239 2402 1276 oves
2444 1224 2697 1293 familias.
2733 1227 3010 1298 Proprios,
3041 1235 3233 1302 inquit,
3269 1237 3372 1295 sibi

1806 1305 2138 1362 existimavit
2163 1326 2352 1380 greges
2377 1327 2442 1366 ex
2477 1315 2728 1370 omnibus
2770 1317 2990 1375 familiis
3028 1335 3267 1381 coactos.

1877 1492 1965 1547 ιε.
2014 1493 2270 1553 Videbunt
2308 1505 2433 1557 recti
2472 1513 2521 1558 et
2566 1506 2909 1565 lwtabuntur.
2946 1511 3244 1583 Ecquinam
3282 1535 3369 1574 re-

1807 1587 1877 1639 cti
1915 1589 2020 1641 nisi
2058 1591 2123 1644 de
2163 1595 2362 1660 quibus
2389 1597 2592 1653 dictum
2643 1611 2727 1656 est
2761 1622 2774 1656 :
2807 1603 2977 1659 Vestri
3019 1619 3194 1662 autem
3231 1615 3371 1668 oculi

1809 1676 1945 1732 beati
1980 1683 2106 1749 quia
2149 1685 2321 1739 vident
2355 1688 2396 1742 ’.
2423 1687 2492 1741 Et
2521 1694 2688 1745 omnis
2718 1694 2968 1764 iniquitas
3013 1701 3264 1768 oppilabit
3314 1723 3370 1759 os

1806 1786 1956 1824 suum
1986 1774 2048 1826 ¹⁰.
2085 1774 2220 1828 Deus
2242 1779 2332 1846 qui
2359 1772 2637 1849 iustiﬁcat,
2663 1787 2778 1853 quis
2799 1796 2875 1840 est
2898 1791 2987 1856 qui
3012 1793 3358 1849 condemnet?

1973 1952 2010 2005 ῐ.
2039 1950 2315 2007 Canticum
2343 1955 2614 2013 ΡδΑιΜι
2654 1962 2752 2028 ipsi
2782 1961 2972 2018 David.
3005 1964 3191 2019 CVII.

2377 2047 2784 2116 Argumentum.

1797 2127 1852 2182 ln
1886 2131 1988 2185 hoc
2014 2149 2232 2203 quoque
2259 2138 2470 2206 psalmo
2497 2141 2764 2198 adventus
2797 2143 3014 2201 Domini
3067 2151 3133 2204 ad
3178 2162 3365 2220 gente!

1867 2221 2214 2288 praedicatur.
2279 2224 2415 2280 Cum
2475 2239 2658 2284 autem
2708 2247 2902 2288 versus
2957 2252 3148 2293 omnes
3201 2241 3368 2311 hujus

1867 2314 2061 2381 psalmi
2111 2317 2164 2369 in
2213 2322 2643 2386 praecedentibus
2695 2327 2949 2396 explicati
2999 2329 3220 2400 fuerint,
3273 2352 3366 2390 su-

1865 2421 2256 2474 pervacaneum
2293 2423 2437 2468 esset
2468 2415 2658 2471 iisdem
2692 2418 2825 2486 ipsis
2855 2423 2933 2474 uti
2957 2424 3022 2476 ad
3047 2424 3258 2481 horum’
3278 2430 3366 2483 iu-

1867 2502 2306 2567 terpretationem
2321 2543 2334 2556 .

1868 2590 1920 2644 2.
1966 2590 2223 2647 Paratum
2268 2613 2360 2650 cor
2419 2614 2611 2666 meum,
2665 2600 2827 2657 Deus.
2883 2604 2940 2660 In
2999 2609 3104 2665 hoc
3148 2626 3366 2682 quoque

1794 2684 2002 2751 psalmo
2031 2685 2294 2741 adventus
2325 2688 2537 2744 Domini
2569 2691 2635 2744 ad
2665 2704 2851 2762 gentes
2880 2701 3223 2766 praedicatur.
3256 2703 3361 2759 Ho-

1795 2789 1915 2826 rum
1971 2791 2099 2828 vero
2149 2779 2566 2846 explicationem
2618 2783 2673 2836 in
2721 2787 3176 2859 quinquagesimo
3219 2811 3363 2850 nono

1794 2868 2004 2935 psalmo
2038 2870 2341 2925 attulimus.

1866 2959 1917 3013 5.
1937 2959 2196 3031 Exsurge,
2223 2965 2392 3034 gloria
2412 2983 2546 3020 mea.
2569 2968 2751 3024 Gloria
2776 2982 2955 3027 autem
2975 2976 3092 3044 ejus
3107 2987 3188 3033 est
3201 2978 3358 3035 lubi-

1795 3059 1883 3103 tus
1903 3054 2302 3121 contemplandi
2330 3067 2382 3108 et
2412 3060 2626 3127 agendi,
2652 3065 2950 3118 secundum
2979 3083 3138 3135 quem
3156 3071 3220 3123 ad
3247 3086 3362 3126 ino-

1796 3144 1961 3196 ralem
1997 3152 2052 3197 et
2089 3146 2614 3204 administratoriam
2645 3152 2894 3208 virtutem
2923 3168 3002 3210 est
3032 3175 3356 3229 propensus.

1859 3235 1912 3289 5.
1948 3234 2086 3298 Quia
2129 3255 2317 3310 magna
2347 3253 2420 3296 est
2453 3260 2609 3313 super
2641 3247 2796 3299 ctelos
2836 3250 3199 3305 misericordia
3242 3264 3354 3310 tua.

1791 3325 1961 3382 Tanta
1983 3338 2066 3384 est
2093 3332 2468 3390 misericordia
2500 3347 2613 3401 tua,
2639 3349 2699 3394 ut
2725 3342 2986 3397 ccelorum
3017 3347 3356 3404 altitudinem

1789 3431 2103 3491 exsuperet,
2135 3434 2189 3479 et
2226 3428 2426 3498 ubique
2453 3432 2766 3488 transiliunt
2798 3437 3040 3492 veritatis
3062 3448 3166 3494 tua:
3194 3443 3356 3508 radii,

1790 3515 2092 3583 pr0phetis,
2146 3521 2409 3587 apostolis
2456 3530 2512 3576 et
2553 3525 2831 3595 magistris
2867 3535 3067 3583 terram
3111 3546 3206 3600 per
3234 3533 3355 3603 ejus

1789 3606 1965 3659 stillas
1997 3608 2371 3675 irrigantibns.

1859 3697 1911 3750 6.
1950 3698 2202 3755 Exaltare
2229 3721 2384 3773 super
2408 3706 2584 3772 caelos,
2616 3707 2772 3764 Deus.
2802 3710 2885 3765 Ab
2912 3711 3068 3768 initio
3099 3715 3164 3768 ad
3207 3716 3354 3774 hunc

1786 3804 2004 3845 versum
2050 3808 2223 3864 usque
2262 3797 2401 3851 idem
2440 3808 2524 3854 est
2568 3800 2656 3855 hic
2703 3803 2946 3872 psalmus
2990 3813 3154 3876 atque
3191 3810 3353 3878 quin-

1787 3885 2135 3952 quagesimus
2153 3897 2356 3954 sextus,
2376 3891 2444 3944 ab
2462 3892 2562 3947 hoc
2580 3903 2758 3948 autem
2779 3910 2932 3950 versu
2951 3898 3017 3951 ad
3035 3898 3197 3953 ﬁnem
3214 3902 3351 3958 idem

1787 3983 1949 4043 atque
1971 3977 2455 4048 quinquagesimum
2493 3999 2690 4040 nonus.
2720 3985 2786 4040 Et
2819 3987 2932 4056 jam
2967 4006 3088 4060 qua:
3126 4008 3350 4064 compeo

1786 4067 1968 4122 tehant
1999 4068 2140 4125 dicta
2181 4076 2326 4126 sunt.

1853 4163 1904 4216 8.
1944 4162 2242 4219 Exaltabor
2275 4175 2325 4220 et
2367 4167 2599 4221 dividam
2645 4167 2905 4225 Sic/timo.
2961 4171 3237 4230 Promittit
3287 4192 3348 4233 se

1783 4254 2088 4311 Judaeorum
2123 4261 2564 4327 praestantissima
2591 4271 2644 4316 et
2682 4264 3073 4332 pretiosissima
3097 4270 3345 4349 gentibus

1785 4350 2084 4404 divisurum
2122 4362 2174 4405 et
2205 4352 2256 4405 in
2303 4354 2668 4407 haereditatem
2716 4355 3158 4413 distributurum.
3207 4360 3344 4418 Nam

1784 4451 1964 4510 utpote
1988 4444 2160 4498 bonus
2191 4453 2360 4514 pater,
2396 4446 2534 4499 ﬁlios
2565 4448 2761 4501 multos
2797 4466 2918 4504 cum
2946 4454 3142 4521 gaudio
3169 4458 3344 4510 susci-

123 4524 540 4595 προσλαμϐάνων
575 4525 667 4577 καὶ
708 4524 1003 4597 κτώμενος.
1045 4527 1390 4597 Συμϐολικῶς
1427 4529 1482 4580 δὲ
1513 4527 1681 4581 ταῦτα

1788 4534 1862 4601 pit
1889 4542 1944 4588 et
1970 4536 2230 4604 possidet.
2266 4536 2391 4592 Huic
2436 4554 2598 4608 porro
2633 4541 2877 4610 ﬁgurate,
2913 4552 2966 4598 et
2992 4561 3085 4614 per
3111 4549 3341 4616 aenigma

121 4619 199 4668 ml.
237 4617 301 4669 δι’
327 4618 652 4687 αἰνίγματος
699 4618 1062 4688 αἰνιττόμενος
1090 4619 1397 4689 φθέγγεται.
1418 4620 1540 4672 Ἐπὶ
1574 4621 1682 4692 γὰρ

119 4712 172 4778 τῇ
215 4712 424 4766 κοιλάδι
468 4710 575 4763 τῶν
625 4709 791 4763 ἐθνῶν
819 4710 1013 4783 χωρίον
1051 4710 1207 4763 τοῦτο
1249 4713 1346 4783 τῆς
1385 4713 1551 4782 Σιχὲμ
1582 4714 1674 4766 καὶ

119 4803 295 4875 {ixi-ua
327 4807 632 4876 λεγομένης
668 4805 978 4878 ἐτύγχανεν.
998 4808 1055 4859 'U
1101 4806 1313 4873 Ἰακὼϐ,
1346 4809 1408 4859 ἐκ
1437 4808 1675 4859 Μεσοπο-

118 4901 290 4972 ταμίας
318 4903 532 4966 ἀναὸἀς
580 4901 717 4972 μετά
764 4903 872 4955 τῶν
914 4903 1138 4964 τέκνων,
1168 4901 1381 4973 ᾤκησεν
1419 4900 1546 4953 ἔνθα
1575 4899 1670 4970 τὴν

119 4995 250 5046 Δείνα
278 4993 557 5063 Θυγατέρα
578 4993 669 5046 τοῦ
715 4992 907 5045 Ἰακὼό
953 4992 1134 5063 Ἐμὼρ
1170 4994 1197 5043 ὁ
1229 4992 1342 5055 υίὸς
1369 4990 1462 5043 τοῦ
1506 4991 1672 5060 Σιχὲμ

118 5085 340 5153 ἐρασθεὶς
394 5087 614 5156 ἥρπασε
649 5086 742 5138 καὶ
771 5085 1041 5158 ἔφθειρεν.
1073 5085 1134 5136 Ol
1182 5084 1291 5155 γάρ
1339 5082 1430 5135 τοῦ
1480 5082 1668 5134 Ἰακὼϐ

119 5177 278 5240 παῖδες
315 5176 483 5231 αὑτὸν
513 5177 649 5246 μετά
680 5175 874 5238 παντὸς
900 5174 1028 5229 λαοῦ
1059 5172 1400 5242 κατέσφαξαν
1429 5173 1669 5244 ἀπαντή-

120 5284 305 5333 σαντες.
334 5270 498 5326 Οὕτω
546 5270 616 5321 τὰ
661 5270 877 5340 Σίκιμα,
911 5269 1019 5321 τῶν
1070 5267 1282 5339 σκηνῶν
1318 5265 1518 5330 κοιλὰς,
1549 5267 1666 5318 κτί-

119 5375 273 5429 optata
301 5365 398 5417 τοῦ
438 5361 770 5433 πατριάρχου
798 5360 1178 5430 γέγονε.Τοῢτο
1199 5360 1373 5414 τοίνυν
1394 5358 1452 5411 τὸ
1472 5359 1666 5428 χωρίον

121 5455 329 5521 μερίζων
375 5454 576 5508 Ἰακὼὸ
625 5456 736 5514 τοῖς
783 5453 958 5514 παισὶ,
1013 5452 1102 5504 τὸν
1151 5450 1350 5522 κλῆρον
1391 5449 1663 5520 ἐξαίρετον

127 5542 297 5618 Ἰωσὴφ
327 5547 628 5615 ἀπένειμεν
649 5561 662 5574 ⁶
699 5545 881 5614 ἐπειδὴ
913 5547 1022 5607 τοίς
1047 5543 1290 5610 ἀδελφοῖς
1321 5543 1437 5597 νέος
1461 5541 1535 5594 ὢν
1566 5543 1662 5593 οὐκ

118 5634 359 5693 ἐκοινώνει
416 5638 512 5691 τοῦ
555 5638 846 5708 δράματος.
881 5637 988 5688 Καὶ
1018 5635 1205 5688 τούτου
1249 5636 1406 5703 χάριν
1436 5651 1664 5704 καταμε-

173 5750 188 5779 ⁷
216 5751 364 5806 Juan.
391 5769 504 5818 τιν,
525 5750 576 5805 6.
659 5751 681 5783 ⁸
704 5749 888 5806 Matth.
918 5767 970 5816 v,
1006 5750 1058 5804 5.
1134 5753 1155 5782 ⁹
1183 5748 1369 5804 Matth.
1402 5765 1521 5816 xm,
1560 5750 1644 5805 16.

1788 4628 2208 4695 atque.obscure
2241 4632 2503 4700 loquitur.
2540 4633 2596 4687 In
2637 4635 2777 4687 valle
2807 4651 3040 4707 namque
3075 4642 3338 4709 gentium,

1779 4717 1932 4771 locus
1965 4719 2071 4780 hic,
2106 4719 2321 4775 Sichem
2357 4734 2450 4776 aut
2481 4724 2719 4778 Sichima
2751 4726 2887 4782 situs
2927 4740 3042 4783 erat
3073 4748 3086 4783 :
3129 4732 3184 4785 in
3231 4749 3340 4801 quo

1775 4807 1943 4864 Jacob
1978 4826 2100 4865 cum
2138 4828 2203 4866 ex
2247 4814 2632 4885 Mesopotamia
2663 4821 3015 4886 ascendisset,
3048 4838 3172 4877 cum
3212 4823 3338 4880 ﬁliis

1775 4905 1891 4958 suis
1926 4904 2205 4961 habitavit.
2235 4906 2335 4962 Ubi
2373 4908 2562 4964 Di‘uam
2590 4909 2776 4966 Jacobi
2809 4913 2971 4966 ﬁliam
3001 4913 3166 4968 Emor
3192 4914 3335 4970 ﬁlius

1779 4995 2017 5063 Sichem,
2036 4999 2225 5068 puellae
2251 5001 2648 5069 pulchritudine
2674 5014 2883 5074 captus,
2909 5006 3086 5075 rapuit
3105 5019 3159 5061 et
3179 5009 3336 5063 vitia-

1776 5084 1868 5136 vit.
1906 5082 2040 5137 Tum
2070 5086 2162 5139 ﬁlii
2189 5087 2355 5142 Jarob
2389 5106 2510 5144 eum
2541 5105 2665 5144 cum
2701 5094 2846 5146 omni
2879 5096 3076 5162 populo
3113 5111 3211 5150 suo
3236 5098 3333 5150 ub-

1775 5184 2112 5231 truncarunt.
2147 5177 2224 5232 Ita
2257 5178 2517 5244 Sichima,
2549 5185 2808 5239 convallis
2837 5184 3326 5252 tabernaculortnn,

1775 5268 1841 5322 ad
1895 5271 2298 5338 possessionem
2360 5275 2680 5341 patriarcha:
2735 5276 2985 5333 devoluta
3020 5289 3119 5333 est.
3173 5280 3330 5335 Huni;

1773 5360 1957 5428 itaque
1990 5361 2167 5416 locum
2191 5363 2358 5418 Jacob
2381 5380 2502 5420 eum
2527 5375 2723 5420 terram
2754 5367 2880 5424 ﬁliis
2907 5370 3019 5424 suis
3043 5370 3325 5434 divideret,

1766 5453 1922 5521 quasi
1959 5456 2284 5524 praecipuam
2331 5467 2529 5512 sortem
2573 5455 2810 5528 Josepho
2850 5460 2998 5515 dedit
3037 5462 3199 5531 :quia
3235 5463 3328 5531 ju-

1764 5547 1919 5600 venis
1995 5562 2119 5601 cum
2196 5559 2376 5615 esset,
2439 5551 2709 5619 ejusmodi
2778 5554 3035 5609 facinoris
3097 5568 3323 5612 consona

1762 5654 1884 5692 cum
1955 5637 2213 5694 fratribus
2279 5658 2387 5698 non
2458 5640 2666 5700 fuisset.
2717 5641 2947 5715 ideoque
2999 5659 3060 5701 se
3114 5645 3321 5703 divisu-

1726 5753 1765 5780 '°
1794 5748 1949 5804 Rom.
1984 5764 2098 5811 vm,
2143 5751 2230 5806 55.
