4094 6312
763 335 870 391 455

1591 333 1647 386 s.
1689 331 2056 386 ATI‘lANA’SlI
2097 330 2246 385 orp.
2291 328 2469 383 PARS
2493 316 2593 386 ‘nt.
2632 363 2702 372 -
2743 331 3151 390 EXEGETICA.
3881 339 3961 392 t56

763 463 883 500 rum
915 445 1425 509 etdistrihuturum,
1476 453 1532 498 ut
1560 445 1992 515 prazstantiorem
2029 443 2174 497 illam
2199 456 2300 493 nov

2425 445 2575 512 τρεῖν
2627 445 2721 496 καὶ
2765 443 3006 515 μερίζειν
3045 445 3458 514 ἐπαγγέλλεται·
3490 446 3575 499 ἴνα
3598 445 3697 517 τὴν
3727 447 3967 519 ἐξαίρετον

759 540 956 608 Ioseph
995 537 1196 593 Chriin
1228 539 1593 594 lizereditatem
1637 541 1864 610 ﬁgurate
1893 537 2163 606 intelligas
2189 551 2322 603 gen-

763 634 906 688 tibus
928 631 1271 684 dividendam
1299 646 1438 684 esse.

940 720 979 774 Ι.
1015 719 1079 772 In
1111 721 1284 788 ﬁnem,
1319 716 1654 773 PSALJIUS
1685 715 1869 768 David.
1903 710 2123 768 CVIII.

1343 813 1383 866 Α
1396 831 1485 882 rgu
1496 822 1664 865 menta
1676 827 1743 861 m.

756 903 1000 959 Praesens
1034 905 1274 973 psalmus
1320 908 1601 974 passiones
1629 901 1833 956 Christi
1868 899 2158 968 significat,
2195 913 2322 952 ncc-

824 1012 933 1050 non
967 999 1227 1067 supplicia
1265 997 1332 1050 de
1371 996 1505 1049 Iuda
1544 1005 1597 1050 et
1645 995 1711 1048 de
1758 989 2204 1062 populoJudaico
2228 1006 2321 1044 su-

827 1089 1038 1142 menda.
1064 1089 1409 1157 Quaecunque
1440 1102 1601 1154 porro
1621 1088 1673 1139 in
1711 1086 1813 1137 hoc
1841 1084 2050 1152 psalmo
2082 1080 2320 1150 Optando

823 1181 1099 1243 dicuntur,
1127 1181 1432 1249 prophetice
1455 1180 1637 1231 omnia
1667 1177 1806 1230 dicta
1841 1176 2010 1229 fuisse
2039 1174 2318 1228 sciendum

823 1283 925 1328 est.
964 1271 1032 1326 Ut
1069 1288 1190 1326 cum
1235 1273 1363 1326 dicit
1397 1291 1408 1324 :
1442 1270 1694 1323 Diabolus
1731 1278 1830 1322 stet
1869 1285 1901 1320 a
1949 1268 2148 1320 dextris
2182 1265 2316 1328 eius,

823 1365 1043 1433 perinde
1070 1378 1150 1417 est
1171 1379 1233 1418 ac
1265 1366 1309 1418 si
1330 1364 1532 1416 diceret
1564 1383 1576 1414 :
1612 1361 1806 1415 Stabit.
1841 1357 1956 1412 Non
1991 1360 2137 1412 enim
2169 1367 2319 1426 optat

823 1467 880 1510 ut
916 1458 966 1510 id
1009 1457 1256 1520 eveniat;
1295 1456 1389 1509 sed
1425 1471 1544 1524 quae
1583 1456 1701 1524 ejus
1743 1452 2108 1522 improbitatis
2152 1465 2315 1504 causa

821 1560 1081 1603 eventura
1128 1550 1238 1602 sint
1288 1550 1400 1618 ipse
1440 1547 1768 1616 praenuntiat
1807 1563 1820 1598 :
1862 1545 2008 1614 quod
2043 1545 2207 1598 etiam
2253 1543 2318 1594 de

817 1643 941 1696 aliis
991 1643 1240 1696 similiter
1293 1641 1604 1696 dicendum.
1657 1638 1907 1692 Habeant
1963 1637 2062 1702 illi,
2121 1635 2314 1705 inquit,

818 1735 1263 1797 calumniatores,
1284 1733 1375 1800 qui
1402 1748 1506 1785 non
1533 1731 1829 1784 abscedant
1853 1729 1921 1782 ab
1947 1729 2046 1782 eis.
2067 1727 2123 1779 Si
2153 1740 2315 1794 porro

809 1825 1144 1893 judicentur,
1183 1825 1250 1877 ab
1293 1825 1399 1877 illis
1445 1823 1790 1875 damnentur.
1831 1820 1942 1874 lmo
1987 1821 2152 1873 etiam
2190 1817 2234 1871 si
2267 1825 2317 1871 te
2348 1795 2389 1850 Β

823 1916 876 1969 in
905 1927 1146 1985 tempore
1177 1915 1443 1984 angustia:
1473 1914 1862 1977 invocaverint,
1890 1912 1940 1964 id
1969 1911 2075 1964 illis
2109 1911 2162 1962 in
2192 1924 2316 1977 pec-

811 2016 994 2060 catum
1024 2015 1384 2074 computetur,
1410 2013 1658 2058 revocata
1685 2013 2030 2072 peccatorum
2069 2001 2310 2070 ipsorum

817 2098 1102 2152 memoria.
1150 2098 1275 2151 Dies
1316 2113 1506 2150 eorum
1558 2095 1833 2158 abbrevia,
1872 2102 1931 2146 ut
1960 2093 2091 2162 ipsis
2136 2092 2315 2145 adhuc

816 2189 1121 2242 viventibus
1172 2204 1235 2242 ac
1282 2189 1608 2251 videntibus,
1648 2187 1961 2254 dignitatem
2007 2185 2154 2238 illam
2206 2197 2313 2250 qua

817 2295 1094 2348 nunquam
1147 2295 1270 2333 vere
1315 2281 1470 2349 potiti
1513 2289 1642 2336 sunt
1685 2280 1824 2333 alter
1859 2277 2055 2345 rapiat.
2109 2273 2314 2327 Deinde

812 2388 958 2440 .psos
989 2372 1113 2426 tolle
1131 2374 1198 2426 de
1226 2372 1427 2435 medio,
1456 2373 1529 2426 ita
1571 2382 1629 2427 ut
1667 2372 1910 2441 ipsorum
1943 2366 2222 2421 calamitas
2245 2364 2314 2418 ad

808 2480 994 2519 eorum
1031 2474 1276 2534 posteros
1310 2466 1673 2529 devolvatur;
1720 2474 1773 2518 ct
1819 2463 1913 2516 lilii
1959 2475 2151 2515 corum
2199 2457 2312 2512 sint

814 2557 1063 2624 orphani,
1100 2565 1153 2610 et
1189 2572 1324 2608 uxor
1368 2572 1560 2610 eorutn
1603 2557 1866 2610 viduitate
1905 2553 2212 2622 allligatur;
2247 2563 2310 2604 ac

811 2645 905 2698 lilii
937 2645 985 2698 vi
1027 2646 1279 2714 pet-tracti
1308 2655 1470 2715 atque
1504 2646 1720 2716 raptati,
1755 2645 1821 2699 de
1847 2654 2061 2714 patrum
2091 2638 2311 2696 sceleri-

813 2739 915 2791 bus
945 2753 1130 2803 pmnas
1164 2738 1335 2793 luant.

808 2829 862 2883 2.
916 2829 1077 2892 Deus,
1115 2829 1326 2882 laudem
1367 2843 1535 2878 meant
1573 2841 1633 2876 ne
1663 2829 1910 2877 tacueris.
1954 2824 2011 2878 In
2048 2823 2309 2882 Ecclesiis

736 2921 943 2976 Christi
970 2930 1452 2990 quantumcunque
1476 2933 1571 2986 per
1587 2917 1775 2971 orbem
1809 2916 2239 2986 multiplicentnr
2256 2926 2310 2971 et

738 3012 1073 3075 exoriantur,
1120 3011 1303 3066 laudat
1355 3009 1496 3065 Deus
1535 3009 1730 3063 Filium
1777 3024 1958 3062 suum.
2005 3010 2093 3063 Ait
2145 3010 2309 3080 igitur

2426 534 2518 586 τοῦ
2553 535 2671 587 νέου
2712 535 2904 607 Ἰωσὴφ
2953 537 3046 590 τοῦ
3099 537 3334 606 Χριστοῦ
3371 537 3737 608 κληρονομίαν
3786 540 3967 610 μερίζε-

2427 625 2549 677 σθαι
2583 627 2920 696 συμϐολικῶς
2949 629 3146 701 νοήσῃς
3180 632 3291 690 τοῖς
3319 629 3546 684 ἔθνεσιν.

2574 722 2678 784 Εἰς
2708 720 2773 773 τὸ
2808 720 2997 787 τέλος,
3033 724 3338 774 ΨΑΛΜΟΣ
3369 721 3447 787 τῷ
3475 722 3673 777 Δαυΐδ.
3719 727 3847 779 PII'.

3052 815 3314 867 Ὑπόθεσί
3323 835 3370 878 ς.

2433 901 2491 953 '0
2522 902 2711 973 παρὼν
2743 904 2952 974 ψαλμὸς
2983 905 3051 957 τὰ
3087 906 3228 975 πάθη
3262 905 3355 958 τοῦ
3391 907 3625 976 Χριστοῦ
3655 910 3962 978 κατασημαί-

2494 1011 2594 1056 νει,
2639 995 2734 1058 τάς
2777 1013 2834 1047 τε
2861 996 3122 1066 ἐσομένας
3148 998 3412 1067 τιμωρίας
3443 1000 3581 1051 κατά
3604 1016 3662 1050 τε
3692 998 3788 1051 τοῦ
3835 999 3966 1052 Ἰούδα

2491 1089 2583 1139 καὶ
2606 1089 2767 1141 αὑτοῦ
2798 1089 2892 1142 τοῦ
2933 1087 3194 1142 Ἰουδαίων
3223 1089 3519 1142 λαοῦ.”οσα
3541 1090 3595 1144 δὲ
3617 1092 3876 1154 εύκτικῶς
3896 1093 3962 1145 λέ-

2491 1176 2676 1230 λεκται
2697 1181 2753 1231 ἐν
2778 1179 2854 1250 τῷ
2873 1178 3091 1250 ψαλμῷ,
3120 1179 3312 1242 ἰστέον,
3336 1181 3416 1232 ὅτι
3441 1184 3796 1252 προφητικῶς
3821 1184 3967 1236 πάντα

2488 1271 2720 1339 εἴρηται.
2750 1266 2872 1324 Οῗον
2897 1273 3022 1324 ὅταν
3047 1271 3219 1340 λέγει·
3257 1273 3538 1338 Διάϐολος
3568 1273 3770 1336 στήτω
3799 1276 3860 1328 ἐκ
3886 1275 3963 1327 δε-

2489 1360 2634 1424 ξιῶν
2669 1363 2876 1425 αὑτοῦ,
2917 1364 3037 1416 ἀντὶ
3081 1364 3194 1427 τοῦ,
3225 1364 3534 1432 στήσεται,
3569 1365 3736 1433 λέγει.
3769 1368 3839 1419 Ού
3880 1368 3967 1437 γάρ

2489 1452 2709 1522 εὔχεται
2736 1456 2894 1508 τοῦτο
2917 1455 3198 1522 γενέσθαι·
3231 1456 3345 1509 ἀλλ’
3373 1456 3400 1508 ὃ
3431 1457 3580 1527 μέλει
3611 1458 3875 1528 συμϐῆναι
3899 1459 3967 1512 διὰ

2487 1545 2584 1622 τὴν
2611 1546 2817 1598 ἐκείνου
2843 1547 3040 1599 κακίαν
3064 1546 3219 1600 τοῦτο
3245 1547 3629 1618 προαγορεύει’
3657 1548 3754 1600 καὶ
3780 1550 3863 1601 ἐπὶ
3881 1549 3968 1602 τῶν

2487 1636 2661 1690 ἄλλων
2693 1637 2749 1690 δὲ
2778 1637 3293 1702 ώσαύτως;”Εξοιεν,
3331 1640 3481 1708 φησὶ,
3530 1639 3621 1692 καὶ
3670 1634 3814 1693 οὗτοι
3866 1639 3968 1701 τοὺς

2486 1726 2888 1790 διαϐάλλοντας,
2919 1729 3011 1780 καὶ
3047 1728 3120 1798 μὴ
3165 1729 3455 1780 ἀποσταῖεν
3481 1729 3677 1782 αὐτῶν.
3707 1731 3771 1783 Εἰ
3797 1731 3847 1782 δὲ
3877 1732 3970 1801 κρί-

2486 1837 2678 1880 νοιντο,
2733 1820 2868 1890 πρὸς
2915 1819 3111 1882 αὐτοὺς
3161 1819 3556 1890 κατακριθεῖεν.
3586 1821 3749 1874 Ἀλλὰ
3805 1823 3888 1874 καὶ
3929 1822 3967 1872 εί

2486 1893 2878 1965 ἐπεκαλέσαντό
2912 1929 2992 1974 σε,
3017 1912 3200 1983 φησὶν,
3226 1912 3283 1964 ἐν
3305 1911 3380 1980 τῷ
3402 1912 3575 1982 καιρῷ
3603 1914 3701 1982 τῆς
3726 1914 3967 1982 ἀνάγκης,

2483 2004 2564 2065 είς
2597 2003 2869 2073 ἁμαρτίαν
2901 2005 3084 2066 αὐτοῖς
3115 2002 3410 2073 λογισθείη,
3447 2005 3666 2074 μνήμης
3697 2005 3968 2073 γενομένης

2482 2091 2555 2148 ὧν
2592 2097 2856 2166 ἥμαρτον.
2894 2096 3131 2167 Σύντεμε
3173 2097 3229 2149 δὲ
3275 2097 3370 2160 τὰς
3399 2098 3610 2168 ἡμέρας
3648 2097 3846 2161 αὐτῶν,
3877 2099 3969 2156 ἴνα,

2482 2183 2697 2248 ζώντων
2743 2187 2837 2238 καὶ
2881 2185 3130 2255 ὁρώντων
3183 2185 3380 2248 αὐτῶν,
3411 2186 3510 2254 τὴν
3558 2184 3737 2250 ἀξίαν,
3768 2189 3829 2257 ἣν
3865 2186 3968 2238 οὖδέ

2478 2276 2646 2340 ὅντως
2670 2277 2970 2347 ὠνήσαντο,
2999 2278 3085 2329 ἒτε
3097 2295 3184 2348 ρος
3212 2277 3776 2348 ἀφαρπάσῃ.Ἒπειτα
3809 2278 3860 2330 δὲ
3892 2279 3972 2329 καὶ

2477 2369 2672 2432 αὐτοὺς
2704 2368 2878 2428 ἄνελε,
2906 2368 2981 2432 ὡς
3008 2368 3254 2438 διαϐῆναι
3294 2369 3392 2440 τὴν
3422 2370 3707 2441 συμφορὰν
3753 2373 3828 2434 εἰς
3859 2373 3971 2430 τοὺς

2479 2461 2538 2527 ἐξ
2580 2461 2800 2516 ἐκείνων
2820 2478 2832 2491 ·
2859 2459 3000 2514 ὥστε
3030 2460 3408 2532 όρφανωθῆναι
3443 2463 3541 2532 μὲν
3580 2464 3706 2526 τοὺς
3732 2464 3874 2527 υἱοὺς
3898 2463 3976 2514 a5-

2479 2551 2609 2613 τῶν,
2641 2550 2838 2621 χηρείᾳ⁵
2869 2551 2924 2604 δὲ
2953 2551 3238 2621 ἐκδοθῆναι
3266 2552 3364 2623 τὴν
3393 2555 3627 2620 γυναῖκα
3647 2571 3659 2584 ’
3696 2552 3837 2606 ὥστε
3863 2556 3973 2614 τοὺς

2481 2643 2626 2704 υἱοὺς
2655 2642 3003 2712 βιαζομένους
3030 2642 3126 2694 καὶ
3171 2645 3502 2713 συρομένους
3531 2646 3670 2716 ὑπὲρ
3723 2645 3972 2716 πατρῴων

2481 2734 2961 2806 παρανομημάτων
2990 2734 3143 2800 δίκας
3177 2736 3412 2804 ὑφέξειν.

2497 2824 2555 2878 '0
2589 2824 2752 2890 Θεὸς,
2788 2825 2900 2892 τὴν
2925 2826 3163 2880 αἴγεσιν
3191 2844 3314 2895 μου
3360 2826 3446 2896 μὴ
3490 2827 3973 2896 παρασιωπήσῃς.

2410 2910 2575 2968 Ὅσον
2607 2917 2664 2967 αἱ
2710 2915 3027 2985 Ἐκκλησίαι
3052 2916 3288 2987 Χριστοῦ
3320 2917 3647 2970 συνεστῶσιν
3680 2919 3740 2970 αἱ
3773 2917 3977 2971 ἀνατέλ-

2409 3006 2594 3058 λουσαι
2629 3005 2921 3075 πανταχοῦ,
2962 3007 3102 3059 αἰνεῖ
3145 3008 3174 3058 6
3226 3005 3358 3070 Θεὸς
3392 3009 3449 3059 ἐν
3483 3008 3672 3069 αὑταῖς
3719 3008 3812 3061 τὸν
3842 3006 3971 3058 Υἱὸν.

739 3103 889 3158 Patri
923 3119 1023 3159 suo
1065 3102 1315 3158 Christus
1349 3122 1360 3155 :
1400 3101 1622 3155 Etiamsi
1659 3099 1826 3155 Judas
1859 3115 1984 3154 cum
2020 3115 2104 3153 me
2141 3101 2307 3154 tradi-

2411 3095 2570 3164 Λέγει
2595 3092 2687 3149 οῦν
2713 3098 2740 3149 6
2766 3098 2999 3166 Χριστὸς
3025 3098 3161 3166 πρὸς
3193 3098 3282 3151 τὸν
3301 3098 3525 3169 Πατέρα
3545 3113 3557 3125 '
3598 3099 3660 3151 El
3688 3100 3787 3152 καὶ
3818 3098 3977 3169 προδι-

738 3195 813 3252 dit
842 3199 988 3252 visus
1017 3198 1117 3251 sibi
1157 3197 1320 3250 fuerit
1345 3195 1606 3263 impedire
1641 3194 1856 3247 laudem
1894 3206 2068 3245 meam
2104 3209 2118 3257 ;
2153 3203 2209 3247 at
2248 3203 2302 3247 tu

737 3303 825 3342 me
863 3289 1101 3352 laudato,
1134 3287 1429 3356 deitatique
1482 3300 1614 3339 meae
1668 3283 1845 3354 praebe
1899 3283 2301 3350 testimonium,

719 3392 899 3446 quam
928 3378 1054 3445 quia
1087 3393 1192 3431 non
1229 3378 1455 3432 credidit
1479 3376 1668 3442 ludas,
1693 3391 1778 3432 mc
1806 3377 2043 3430 tradidit.
2077 3376 2216 3441 Quia
2246 3396 2301 3434 os

735 3470 1025 3540 peccatoris
1063 3479 1109 3522 et
1134 3485 1188 3522 os
1215 3468 1385 3521 dolosi
1424 3484 1579 3538 super
1602 3485 1680 3520 me
1713 3477 1953 3538 apertum
1988 3477 2085 3521 est.
2115 3467 2310 3523 Pecca-

739 3561 890 3627 toris,
919 3561 1126 3615 scilicet
1153 3560 1354 3614 diaboli
1383 3579 1396 3626 ;
1428 3561 1544 3632 ipse
1572 3576 1808 3629 namque
1827 3568 2077 3630 peccator
2114 3560 2305 3615 adver-

735 3667 830 3706 sus
870 3653 1148 3706 veritatem
1197 3670 1209 3706 :
1251 3652 1422 3705 dolosi
1470 3661 1671 3716 autem,
1699 3650 1850 3706 Iuda:
1881 3667 2112 3722 nempe;
2141 3654 2303 3708 ambo

732 3743 878 3795 enim
913 3751 1098 3796 contra
1122 3741 1397 3795 Christum
1429 3741 1593 3795 locuti
1625 3749 1769 3795 sunt.

806 3833 859 3897 5,
891 3832 944 3890 4.
966 3831 1017 3884 5.
1047 3831 1148 3884 Pro
1173 3849 1230 3884 eo
1252 3841 1306 3884 ut
1324 3848 1403 3884 me
1418 3832 1692 3901 diligerent
1717 3831 2055 3886 detrahebant
2081 3833 2298 3886 mihi....

733 3933 783 3978 et
813 3933 1093 3993 posuerunt
1116 3923 1389 4003 adversum
1412 3938 1490 3974 me
1516 3922 1657 3976 ntala
1685 3939 1778 3992 pro
1807 3922 1976 3986 bonis,
2009 3921 2301 3978 etc.Verba

735 4017 841 4070 alia
872 4015 1075 4069 amoris
1105 4025 1250 4078 sunt,
1281 4016 1386 4068 alia
1417 4014 1550 4079 odii,
1612 4015 1718 4068 alia
1753 4014 1819 4069 ad
1854 4026 2106 4069 neutrum
2134 4015 2300 4085 perti-

735 4117 882 4161 nent.
910 4106 1247 4161 Adulabatur
1265 4122 1499 4175 namque
1528 4107 1617 4161 ille
1646 4123 1742 4161 ceu
1771 4107 2112 4177 magistrum,
2137 4117 2300 4178 atque

735 4199 874 4253 dolis
903 4199 952 4252 id
988 4198 1347 4253 contendebat
1373 4206 1431 4251 ut
1455 4199 1775 4267 magistrum
1800 4199 2070 4267 proderet.

806 4289 858 4343 6.
899 4289 1168 4344 Constitue
1195 4305 1350 4359 super
1385 4305 1502 4342 eum
1526 4297 1872 4358 peccatorem.
1915 4288 2178 4344 Peccator
2217 4299 2299 4344 est

735 4383 850 4451 ipse
878 4381 1081 4450 peccati
1119 4381 1367 4435 inventor
1409 4380 1660 4435 Satanas.
1693 4379 1832 4434 illud
1863 4389 2066 4446 autem,
2099 4381 2295 4433 consti-

2411 3186 2533 3250 δούς
2585 3203 2650 3257 με
2686 3188 2714 3240 6
2759 3183 2973 3249 Ἰούδας,
3008 3185 3146 3250 δόξει
3175 3187 3482 3256 ἐμποδίζειν
3529 3188 3617 3240 τὸν
3649 3183 3802 3241 αἶνόν
3849 3204 3973 3258 μουο

2410 3278 2582 3342 οὕτως
2613 3279 2669 3333 δὲ
2710 3279 2918 3332 αίνεσόν
2956 3296 3043 3350 με,
3080 3279 3372 3349 μαρτυρῶν
3401 3297 3502 3348 μου
3546 3283 3612 3349 τῇ
3657 3279 3894 3350 θεότητι,
3922 3280 3978 3348 ῆν

2413 3372 2488 3444 μὴ
2536 3373 2830 3435 πιστεύσας
2877 3374 2935 3424 ὲν
2985 3374 3106 3443 ἐμοὶ
3145 3371 3359 3435 Ἰούδας,
3406 3371 3714 3443 προδέδωκὲ
3771 3373 3978 3442 με.”υτι

2411 3467 2602 3534 στόμα
2633 3465 2981 3533 άμαρτωλοῦ
3016 3464 3113 3517 καὶ
3137 3465 3329 3532 στόμα
3353 3463 3561 3517 δολίου
3585 3465 3676 3516 ἐπ’
3697 3465 3805 3534 ἐμὲ
3829 3464 3980 3531 ἠνοί-

2409 3560 2543 3625 χθη.
2563 3555 2926 3626 Ἀμαρτωλοῦ
2970 3555 3063 3609 τοῦ
3104 3555 3346 3608 διαϐόλου
3367 3571 3380 3586 ·
3411 3555 3570 3617 αὐτὸς
3602 3556 3714 3628 γάρ
3745 3557 3980 3626 ἁμαρτω-

2409 3650 2497 3714 λὸς
2521 3650 2653 3721 πρὸς
2673 3648 2948 3720 ἀλήθειαν·
2978 3648 3184 3703 δολὶου
3205 3648 3298 3702 τοῦ
3314 3646 3501 3700 Ἰούδα·
3531 3646 3699 3718 ἄμφω
3723 3649 3833 3720 γάρ
3854 3646 3982 3701 κατὰ

2407 3740 2500 3793 τοῦ
2526 3738 2760 3810 Χριστοῦ
2787 3737 3073 3808 ἐλάλησαν.

2489 3831 2636 3884 Ἀντί
2669 3830 2774 3883 τοῦ
2819 3825 3058 3898 ἀγαπᾷν
3097 3843 3173 3898 με
3223 3827 3612 3881 ειν-διέϐαλλόν
3655 3845 3756 3896 με.
3781 3867 3795 3880 .
3826 3868 3839 3881 .
3891 3827 3981 3882 καὶ

2407 3922 2608 3975 ἔθεντο
2634 3921 2759 3974 κατ’
2773 3917 2919 3989 ἐμοῦ
2946 3919 3097 3972 κακὰ
3125 3918 3523 3988 ἀντίάγαθῶν,
3541 3936 3594 3972 κ.
3613 3937 3663 3973 τ.
3679 3919 3732 3972 λ.
3755 3919 3876 3971 Τῶν
3907 3918 3960 3969 λό

2406 4032 2517 4083 γων
2543 4016 2589 4066 oi
2614 4014 2709 4084 μέν
2723 4014 2858 4065 εἰσιν
2876 4013 3117 4080 ἀγάπης,
3135 4014 3184 4064 οἱ
3204 4013 3259 4065 δὲ
3279 4011 3489 4082 μίσους,
3506 4014 3553 4064 ol
3579 4012 3637 4064 δὲ
3661 4013 3776 4084 ούδ⁹
3791 4013 3982 4083 ἑτέρως

2405 4107 2636 4177 ἔχοντες.
2657 4104 2974 4158 Ἑκολάκευε
3004 4105 3110 4174 γὰρ
3141 4105 3215 4166 ὡς
3247 4102 3584 4163 διδάσκαλον,
3620 4106 3719 4156 καὶ
3751 4104 3833 4173 τῷ
3857 4103 3982 4171 δόλῳ

2404 4199 2479 4262 ὼς
2507 4198 2679 4251 ἐδόκει
2709 4195 3006 4266 ἠγωνίζετο
3037 4198 3114 4258 εἰς
3144 4193 3428 4265 προδοσίαν
3457 4194 3549 4246 τοῦ
3583 4195 3932 4250 διδασκάλου.

2473 4287 2872 4356 Κατὰστησον
2917 4288 3009 4340 ἐπ’
3036 4287 3222 4340 αὐτὸν
3247 4287 3617 4356 ἀμαρτωλόν.
3638 4288 3696 4340 Ἀ
3705 4307 3781 4358 μα
3793 4287 3981 4359 ρτωλὸς

2406 4381 2502 4451 μὲν
2532 4380 2693 4444 αὐτὸς
2725 4381 2753 4433 ὁ
2778 4380 2872 4448 τῆς
2901 4379 3170 4449 ἁμαρτίας
3199 4378 3424 4449 εὑρετὴς
3453 4381 3479 4431 6
3506 4379 3759 4442 Σατανᾶς
3780 4399 3792 4409 ·
3826 4381 3885 4433 τὸ
3909 4379 3979 4442 δὲ,

735 4484 842 4538 tue,
878 4475 1114 4542 positum
1152 4479 1235 4526 est
1271 4487 1390 4541 pro,
1430 4469 1676 4524 futurum
1711 4479 1794 4525 est
1825 4480 1883 4524 ut
1909 4471 2294 4525 constituatur.

2404 4471 2806 4538 κατάστησον,
2838 4472 2955 4523 ἀντὶ
2980 4470 3095 4533 τοῦ,
3128 4471 3310 4540 μέλλει
3344 4469 3726 4522 καθίστασθαι.
3750 4472 3984 4523 Ἐπάίθ-

738 4567 904 4633 Super
947 4582 1086 4628 eum,
1134 4579 1297 4634 super
1335 4579 1495 4632 quem
1541 4563 1646 4616 nisi
1691 4563 2020 4630 proditorem
2056 4560 2298 4616 Iudam?

737 4654 806 4708 Et
833 4654 1072 4707 diabolus
1098 4663 1197 4707 stet
1227 4670 1259 4706 a
1297 4653 1493 4704 destris
1520 4651 1655 4720 ejus.
1694 4649 1749 4703 In
1779 4649 2043 4704 Zacharia
2078 4664 2298 4718 quoque

736 4741 993 4810 scriptum
1039 4750 1122 4794 est
1153 4741 1192 4770 "
1229 4761 1242 4794 :
1275 4739 1343 4794 Et
1389 4741 1614 4792 ostendit
1654 4739 1784 4792 mihi
1825 4738 2082 4792 Dominus
2112 4740 2296 4791 Jesuin

733 4832 1056 4886 sacerdotem
1105 4849 1384 4901 magnum,
1441 4841 1668 4885 stantem
1723 4841 1845 4882 ante
1891 4830 2078 4899 faciem
2127 4828 2296 4898 angeli

736 4923 978 4988 Domini,
1020 4935 1066 4978 et
1093 4925 1330 4978 diabolus
1360 4923 1534 4977 s'tabat
1571 4939 1601 4974 ο
1635 4923 1832 4976 dextris
1865 4923 2001 4991 ejus,
2034 4931 2090 4974 ut
2117 4923 2298 4975 adver-

734 5027 940 5070 saretur
971 5018 1090 5086 ipsi.
1121 5014 1236 5068 Non
1267 5018 1587 5068 adversatur
1619 5024 1800 5069 autem
1829 5013 2004 5068 Judaa.

809 5103 858 5158 7.
885 5103 1012 5158 Cum
1034 5105 1313 5174 judicatur
1353 5112 1500 5156 exeat
1527 5102 1936 5156 condemnatus.
1989 5101 2047 5156 In
2090 5101 2293 5169 futuro,

739 5196 933 5268 inquit,
966 5198 1218 5251 tribunali
1253 5197 1454 5250 nullam
1488 5196 1708 5250 habebit
1747 5195 2080 5251 defenswnis
2127 5196 2297 5250 ratio-

738 5305 881 5341 nem.
915 5286 983 5340 Et
1017 5290 1186 5342 oratio
1207 5288 1320 5356 ejus
1355 5287 1449 5358 ﬁat
1479 5288 1535 5342 in
1573 5296 1862 5355 peccatum.
1897 5286 2127 5353 Quidam
2168 5297 2297 5341 sunt

736 5393 966 5448 quorum
990 5381 1073 5435 vel
1098 5379 1212 5449 ipsa
1231 5381 1402 5435 oratio
1424 5381 1477 5434 in
1505 5387 1784 5449 peccatum
1803 5379 2004 5446 evadit,
2022 5392 2101 5446 ut,
2121 5394 2297 5434 exem-

736 5471 808 5540 pli
832 5487 1015 5536 causa,
1043 5473 1345 5542 gentilium,
1377 5473 1468 5542 qui
1502 5471 1661 5526 idolis
1688 5472 1774 5526 vel
1814 5481 2078 5528 creatura:
2109 5487 2297 5542 preces

735 5564 1010 5629 fundunt;
1045 5576 1098 5618 et
1140 5565 1449 5620 Judteorum
1491 5565 1586 5634 qui
1626 5563 1795 5622 Deum
1842 5565 2065 5636 quidem
2112 5573 2295 5634 orant,
2340 5613 2346 5616 .

825 5739 846 5772 ‘
884 5741 1042 5797 Zarb.
1071 5757 1150 5798 nt.
1182 5744 1221 5797 Ι.

2399 4565 2505 4618 τὸν
2531 4565 2586 4618 δὲ
2614 4564 2734 4617 τίνα
2775 4564 2808 4633 ἢ
2850 4564 2940 4616 τὸν
2981 4564 3243 4633 προδότην
3288 4562 3520 4625 Ἰυύδαν;
3556 4565 3672 4616 Καὶ
3705 4564 3981 4628 διάϐολος

2398 4656 2596 4722 στήτω
2640 4655 2709 4707 ἐκ
2755 4651 2969 4716 δεξιῶν
2999 4651 3203 4705 αὑτοῦ.
3243 4652 3350 4704 Καὶ
3400 4654 3455 4703 ἐν
3504 4651 3578 4721 τῷ
3633 4653 3891 4723 Ζαχαρία
3929 4652 3982 4703 δέ

2399 4758 2560 4812 φησι·
2607 4739 2716 4793 Καὶ
2764 4740 2955 4805 ἐδειεέ
2997 4757 3096 4809 μοι
3142 4742 3354 4809 Κύριος
3395 4740 3630 4808 Ἰησοῦν
3678 4743 3793 4795 τὸν
3834 4741 3983 4810 ἱερέα

2399 4833 2504 4886 τὸν
2528 4831 2740 4901 μέγαν,
2769 4831 2976 4884 ἑστῶτα
3019 4832 3120 4902 πρὸ
3150 4832 3439 4902 προσώπου
3471 4832 3712 4899 ἀγγέλου
3756 4834 3980 4906 Κυρίου,

2399 4923 2491 4975 καὶ
2518 4922 2758 4987 διάϐολος
2787 4925 3026 4994 εἱστήκει
3074 4925 3137 4976 ἐκ
3180 4923 3366 4989 δεξιῶν
3394 4923 3577 4987 αὑτοῦ,
3617 4926 3719 4979 τοῦ
3752 4928 3980 4980 ἀντικεῖ-

2401 5013 2521 5066 σθαι
2549 5015 2717 5086 αύτῷ.
2751 5015 2862 5067 Οὐκ
2888 5017 3185 5069 ἀντίκειται
3211 5016 3266 5068 δὲ
3301 5015 3378 5085 τῷ
3413 5015 3600 5088 Ἰούδα.

2405 5143 2412 5148 -
2481 5107 2576 5158 Ἐν
2610 5105 2688 5172 τῷ
2735 5107 3042 5174 κρίνεσθαι
3081 5106 3264 5160 αὑτὸν
3306 5106 3539 5169 ἐξέλθοι
3581 5106 3977 5175 καταδεδικα-

2397 5195 2638 5267 σμένος.
2658 5199 2746 5251 Ἐν
2797 5197 2873 5268 τῷ
2923 5198 3188 5269 μέλλοντι,
3223 5200 3377 5268 φησὶ,
3412 5198 3764 5269 δικαστηρίῳ
3798 5200 3979 5252 οὐδένα

2398 5291 2507 5357 ἕξει
2551 5289 2706 5359 λόγον
2749 5289 3059 5358 ἀπολογίας.
3095 5290 3200 5344 Kal
3246 5291 3283 5356 ἠ
3330 5288 3644 5358 προσευχὴ
3680 5291 3877 5344 αὑτοῦ

2397 5380 2590 5436 νέσθω
2612 5383 2698 5446 εις
2729 5379 3038 5449 ἁμαρτίαν.
3070 5381 3187 5434 Εἰσί
3210 5398 3350 5444 τινες
3368 5375 3441 5436 ὧν
3464 5378 3602 5449 αὑτὴ
3632 5382 3670 5451 ἡ
3702 5382 3977 5454 προσευχὴ

2398 5477 2476 5536 εἰς
2516 5473 2787 5545 ἁμαρτίαν
2820 5471 3046 5540 γίνεται,
3077 5473 3151 5535 ὼς
3191 5472 3357 5524 ἐθνῶν
3391 5473 3865 5540 προσευχιμένων
3907 5471 3975 5520 εἱ-

2398 5563 2638 5635 δώλοις,ἢ
2664 5566 2730 5636 τῇ
2760 5564 2962 5616 κτίσει-
2995 5563 3084 5616 καὶ
3125 5562 3391 5616 Ἰουδαίων
3422 5561 3479 5613 οῦ
3513 5560 3600 5612 διὰ
3638 5561 3828 5630 Ἰησοῦ
3851 5559 3980 5633 Χριο
