  <div class='ocr_page' id='page_1' title='image "/cluster/home/n/w/nwhite01/storage/ocr_20150623/27/pst.000005712182/236.png"; bbox 0 0 4094 6312; ppageno 0'>
   <div class='ocr_carea' id='block_1_1' title="bbox 191 369 290 426">
    <p class='ocr_par' dir='ltr' id='par_1_1' title="bbox 191 369 290 426">
     <span class='ocr_line' id='line_1_1' title="bbox 191 369 290 426; baseline -0.01 -1"><span class='ocrx_word' id='word_1_1' title='bbox 191 369 290 426; x_wconf 61' lang='grc'><strong>857</strong></span> 
     </span>
    </p>
   </div>
   <div class='ocr_carea' id='block_1_2' title="bbox 1278 363 2312 426">
    <p class='ocr_par' dir='ltr' id='par_1_2' title="bbox 1278 363 2312 426">
     <span class='ocr_line' id='line_1_2' title="bbox 1278 363 2312 426; baseline 0.008 -8"><span class='ocrx_word' id='word_1_2' title='bbox 1278 364 1630 420; x_wconf 73' lang='lat' dir='ltr'><strong>EXPOSITIO</strong></span> <span class='ocrx_word' id='word_1_3' title='bbox 1666 363 1730 418; x_wconf 84' lang='lat' dir='ltr'><strong>IN</strong></span> <span class='ocrx_word' id='word_1_4' title='bbox 1771 363 2096 425; x_wconf 76' lang='lat' dir='ltr'><strong>PSALMUM</strong></span> <span class='ocrx_word' id='word_1_5' title='bbox 2135 369 2312 426; x_wconf 72' lang='grc' dir='ltr'>εἰίιι.</span> 
     </span>
    </p>
   </div>
   <div class='ocr_carea' id='block_1_3' title="bbox 3262 373 3365 433">
    <p class='ocr_par' dir='ltr' id='par_1_3' title="bbox 3262 373 3365 433">
     <span class='ocr_line' id='line_1_3' title="bbox 3262 373 3365 433; baseline 0.01 -1"><span class='ocrx_word' id='word_1_6' title='bbox 3262 373 3365 433; x_wconf 72' lang='grc' dir='ltr'>ιιςε</span> 
     </span>
    </p>
   </div>
   <div class='ocr_carea' id='block_1_4' title="bbox 193 480 1729 555">
    <p class='ocr_par' dir='ltr' id='par_1_4' title="bbox 193 480 1729 554">
     <span class='ocr_line' id='line_1_4' title="bbox 193 480 1729 554; baseline -0.004 -12"><span class='ocrx_word' id='word_1_7' title='bbox 193 487 314 542; x_wconf 85' lang='grc' dir='ltr'>στοῦ</span> <span class='ocrx_word' id='word_1_8' title='bbox 347 483 784 554; x_wconf 80' lang='grc' dir='ltr'>προσευχομένων</span> <span class='ocrx_word' id='word_1_9' title='bbox 816 481 888 552; x_wconf 82' lang='grc' dir='ltr'><strong>τῷ</strong></span> <span class='ocrx_word' id='word_1_10' title='bbox 914 480 1057 554; x_wconf 79' lang='grc' dir='ltr'>Θεῷ·</span> <span class='ocrx_word' id='word_1_11' title='bbox 1084 483 1172 535; x_wconf 73' lang='grc' dir='ltr'><strong>καὶ</strong></span> <span class='ocrx_word' id='word_1_12' title='bbox 1199 482 1480 554; x_wconf 81' lang='grc' dir='ltr'>αἰρετικῶν</span> <span class='ocrx_word' id='word_1_13' title='bbox 1505 483 1729 552; x_wconf 79' lang='grc' dir='ltr'>εὐχομέ-</span> 
     </span>
    </p>
   </div>
   <div class='ocr_carea' id='block_1_5' title="bbox 1827 480 3366 555">
    <p class='ocr_par' dir='ltr' id='par_1_5' title="bbox 1834 483 3366 555">
     <span class='ocr_line' id='line_1_5' title="bbox 1834 483 3366 555; baseline 0.009 -19"><span class='ocrx_word' id='word_1_14' title='bbox 1834 483 1925 537; x_wconf 91' lang='lat' dir='ltr'><strong>sed</strong></span> <span class='ocrx_word' id='word_1_15' title='bbox 1955 501 2060 540; x_wconf 89' lang='lat' dir='ltr'><strong>non</strong></span> <span class='ocrx_word' id='word_1_16' title='bbox 2090 501 2182 555; x_wconf 88' lang='lat' dir='ltr'><strong>per</strong></span> <span class='ocrx_word' id='word_1_17' title='bbox 2198 484 2378 540; x_wconf 84' lang='lat' dir='ltr'><strong>Jesum</strong></span> <span class='ocrx_word' id='word_1_18' title='bbox 2404 483 2674 540; x_wconf 76' lang='lat' dir='ltr'><strong>Christum</strong></span> <span class='ocrx_word' id='word_1_19' title='bbox 2708 503 2722 553; x_wconf 89' lang='lat'>;</span> <span class='ocrx_word' id='word_1_20' title='bbox 2753 501 2958 544; x_wconf 85' lang='lat' dir='ltr'><strong>necnon</strong></span> <span class='ocrx_word' id='word_1_21' title='bbox 2990 489 3366 550; x_wconf 78' lang='lat' dir='ltr'><strong>lnereticorum</strong></span> 
     </span>
    </p>
   </div>
   <div class='ocr_carea' id='block_1_6' title="bbox 192 575 1732 647">
    <p class='ocr_par' dir='ltr' id='par_1_6' title="bbox 192 575 1732 647">
     <span class='ocr_line' id='line_1_6' title="bbox 192 575 1732 647; baseline -0.004 -15"><span class='ocrx_word' id='word_1_22' title='bbox 192 596 294 632; x_wconf 83' lang='grc' dir='ltr'><strong>νων</strong></span> <span class='ocrx_word' id='word_1_23' title='bbox 325 575 445 646; x_wconf 83' lang='grc' dir='ltr'><strong>Θεῷ</strong></span> <span class='ocrx_word' id='word_1_24' title='bbox 469 576 566 629; x_wconf 81' lang='grc' dir='ltr'><strong>οὐκ</strong></span> <span class='ocrx_word' id='word_1_25' title='bbox 583 576 694 627; x_wconf 79' lang='grc' dir='ltr'>ὄντι</span> <span class='ocrx_word' id='word_1_26' title='bbox 711 592 724 604; x_wconf 87' lang='grc'><strong>·</strong></span> <span class='ocrx_word' id='word_1_27' title='bbox 750 575 841 626; x_wconf 70' lang='grc' dir='ltr'>καὶ</span> <span class='ocrx_word' id='word_1_28' title='bbox 861 575 1299 644; x_wconf 74' lang='grc' dir='ltr'>προσευχομένων</span> <span class='ocrx_word' id='word_1_29' title='bbox 1324 575 1378 627; x_wconf 79' lang='grc' dir='ltr'>δὲ</span> <span class='ocrx_word' id='word_1_30' title='bbox 1407 578 1544 644; x_wconf 83' lang='grc' dir='ltr'><strong>μετά</strong></span> <span class='ocrx_word' id='word_1_31' title='bbox 1567 577 1732 647; x_wconf 79' lang='grc' dir='ltr'>ὀργῆς</span> 
     </span>
    </p>
   </div>
   <div class='ocr_carea' id='block_1_7' title="bbox 191 665 1732 738">
    <p class='ocr_par' dir='ltr' id='par_1_7' title="bbox 191 665 1732 738">
     <span class='ocr_line' id='line_1_7' title="bbox 191 665 1732 738; baseline -0.002 -14"><span class='ocrx_word' id='word_1_32' title='bbox 191 673 278 724; x_wconf 72' lang='grc' dir='ltr'><strong>καὶ</strong></span> <span class='ocrx_word' id='word_1_33' title='bbox 309 669 395 722; x_wconf 89' lang='grc' dir='ltr'><strong>διά</strong></span> <span class='ocrx_word' id='word_1_34' title='bbox 419 665 761 738; x_wconf 81' lang='grc' dir='ltr'>λογισμῶν,ἢ</span> <span class='ocrx_word' id='word_1_35' title='bbox 791 665 1053 736; x_wconf 68' lang='grc' dir='ltr'>διψυχίας,</span> <span class='ocrx_word' id='word_1_36' title='bbox 1077 669 1108 736; x_wconf 79' lang='grc' dir='ltr'><strong>ἡ</strong></span> <span class='ocrx_word' id='word_1_37' title='bbox 1137 667 1405 738; x_wconf 76' lang='grc' dir='ltr'>προσευχὴ</span> <span class='ocrx_word' id='word_1_38' title='bbox 1429 667 1632 735; x_wconf 80' lang='grc' dir='ltr'>γίνεται</span> <span class='ocrx_word' id='word_1_39' title='bbox 1655 671 1732 733; x_wconf 90' lang='grc' dir='ltr'><strong>είς</strong></span> 
     </span>
    </p>
   </div>
   <div class='ocr_carea' id='block_1_8' title="bbox 192 760 473 833">
    <p class='ocr_par' dir='ltr' id='par_1_8' title="bbox 192 760 473 833">
     <span class='ocr_line' id='line_1_8' title="bbox 192 760 473 833; baseline -0.007 -18"><span class='ocrx_word' id='word_1_40' title='bbox 192 760 473 833; x_wconf 79' lang='grc' dir='ltr'><strong>ἁμαρτίαν.</strong></span> 
     </span>
    </p>
   </div>
   <div class='ocr_carea' id='block_1_9' title="bbox 254 847 1733 918">
    <p class='ocr_par' dir='ltr' id='par_1_9' title="bbox 254 847 1733 918">
     <span class='ocr_line' id='line_1_9' title="bbox 254 847 1733 918; baseline -0.001 -12"><span class='ocrx_word' id='word_1_41' title='bbox 254 849 688 918; x_wconf 69' lang='grc' dir='ltr'>Γενηθήτωσαν</span> <span class='ocrx_word' id='word_1_42' title='bbox 717 852 776 902; x_wconf 78' lang='lat' dir='ltr'><strong>al</strong></span> <span class='ocrx_word' id='word_1_43' title='bbox 811 848 1015 918; x_wconf 78' lang='grc' dir='ltr'>ἡμέραι</span> <span class='ocrx_word' id='word_1_44' title='bbox 1047 847 1229 901; x_wconf 79' lang='grc' dir='ltr'>αὐτοῦ</span> <span class='ocrx_word' id='word_1_45' title='bbox 1275 850 1486 918; x_wconf 73' lang='grc' dir='ltr'>ὀλίγαι.</span> <span class='ocrx_word' id='word_1_46' title='bbox 1520 850 1733 916; x_wconf 79' lang='grc' dir='ltr'><strong>Εὐθέως</strong></span> 
     </span>
    </p>
   </div>
   <div class='ocr_carea' id='block_1_10' title="bbox 188 939 1733 1015">
    <p class='ocr_par' dir='ltr' id='par_1_10' title="bbox 188 939 1733 1015">
     <span class='ocr_line' id='line_1_10' title="bbox 188 939 1733 1015; baseline 0.001 -20"><span class='ocrx_word' id='word_1_47' title='bbox 188 943 290 1015; x_wconf 68' lang='grc' dir='ltr'><strong>γὰρ</strong></span> <span class='ocrx_word' id='word_1_48' title='bbox 321 942 456 1014; x_wconf 81' lang='grc' dir='ltr'><strong>μετά</strong></span> <span class='ocrx_word' id='word_1_49' title='bbox 483 942 579 1011; x_wconf 82' lang='grc' dir='ltr'>τὴν</span> <span class='ocrx_word' id='word_1_50' title='bbox 603 941 885 1012; x_wconf 80' lang='grc' dir='ltr'>προδοσίαν</span> <span class='ocrx_word' id='word_1_51' title='bbox 913 939 1112 1012; x_wconf 81' lang='grc' dir='ltr'><strong>ἀγχόνῃ</strong></span> <span class='ocrx_word' id='word_1_52' title='bbox 1145 941 1329 994; x_wconf 72' lang='grc' dir='ltr'>ἑαυτὸν</span> <span class='ocrx_word' id='word_1_53' title='bbox 1357 943 1733 1014; x_wconf 84' lang='grc' dir='ltr'>μεταχειρίσας</span> 
     </span>
    </p>
   </div>
   <div class='ocr_carea' id='block_1_11' title="bbox 188 1032 1732 1106">
    <p class='ocr_par' dir='ltr' id='par_1_11' title="bbox 188 1032 1732 1106">
     <span class='ocr_line' id='line_1_11' title="bbox 188 1032 1732 1106; baseline 0 -18"><span class='ocrx_word' id='word_1_54' title='bbox 188 1036 488 1106; x_wconf 69' lang='grc' dir='ltr'>ἀπηλλάγη,</span> <span class='ocrx_word' id='word_1_55' title='bbox 518 1035 607 1086; x_wconf 71' lang='grc' dir='ltr'>καὶ</span> <span class='ocrx_word' id='word_1_56' title='bbox 637 1034 734 1086; x_wconf 77' lang='grc' dir='ltr'><strong>οὐκ</strong></span> <span class='ocrx_word' id='word_1_57' title='bbox 767 1034 955 1102; x_wconf 77' lang='grc' dir='ltr'>ἐφάνη.</span> <span class='ocrx_word' id='word_1_58' title='bbox 997 1032 1101 1085; x_wconf 81' lang='grc' dir='ltr'><strong>Καὶ</strong></span> <span class='ocrx_word' id='word_1_59' title='bbox 1124 1033 1237 1098; x_wconf 78' lang='grc' dir='ltr'><strong>τὴν</strong></span> <span class='ocrx_word' id='word_1_60' title='bbox 1264 1035 1601 1104; x_wconf 79' lang='grc' dir='ltr'><em>ἐπισκοπὴν</em></span> <span class='ocrx_word' id='word_1_61' title='bbox 1627 1039 1732 1090; x_wconf 86' lang='grc' dir='ltr'><strong>αὺ-</strong></span> 
     </span>
    </p>
   </div>
   <div class='ocr_carea' id='block_1_12' title="bbox 187 1121 1732 1193">
    <p class='ocr_par' dir='ltr' id='par_1_12' title="bbox 187 1121 1732 1193">
     <span class='ocr_line' id='line_1_12' title="bbox 187 1121 1732 1193; baseline 0 -15"><span class='ocrx_word' id='word_1_62' title='bbox 187 1126 290 1178; x_wconf 81' lang='grc' dir='ltr'><strong>τοῦ</strong></span> <span class='ocrx_word' id='word_1_63' title='bbox 318 1125 490 1178; x_wconf 73' lang='grc' dir='ltr'>λάϐοι</span> <span class='ocrx_word' id='word_1_64' title='bbox 521 1123 737 1190; x_wconf 85' lang='grc' dir='ltr'>ἕτερος.</span> <span class='ocrx_word' id='word_1_65' title='bbox 779 1123 911 1192; x_wconf 80' lang='grc' dir='ltr'>Περὶ</span> <span class='ocrx_word' id='word_1_66' title='bbox 940 1121 1032 1174; x_wconf 82' lang='grc' dir='ltr'><strong>τοῦ</strong></span> <span class='ocrx_word' id='word_1_67' title='bbox 1064 1122 1303 1175; x_wconf 81' lang='grc' dir='ltr'><strong>Ματθίου</strong></span> <span class='ocrx_word' id='word_1_68' title='bbox 1338 1125 1498 1193; x_wconf 84' lang='grc' dir='ltr'>φησίν</span> <span class='ocrx_word' id='word_1_69' title='bbox 1517 1140 1530 1152; x_wconf 76' lang='grc'><strong><em>⁸</em></strong></span> <span class='ocrx_word' id='word_1_70' title='bbox 1575 1127 1732 1190; x_wconf 72' lang='grc' dir='ltr'>αὐτὸς</span> 
     </span>
    </p>
   </div>
   <div class='ocr_carea' id='block_1_13' title="bbox 185 1214 1734 1286">
    <p class='ocr_par' dir='ltr' id='par_1_13' title="bbox 185 1214 1734 1286">
     <span class='ocr_line' id='line_1_13' title="bbox 185 1214 1734 1286; baseline 0.001 -16"><span class='ocrx_word' id='word_1_71' title='bbox 185 1219 290 1285; x_wconf 79' lang='grc' dir='ltr'><strong>γὰρ</strong></span> <span class='ocrx_word' id='word_1_72' title='bbox 308 1214 556 1284; x_wconf 75' lang='grc' dir='ltr'><strong>ἐλογίσθη</strong></span> <span class='ocrx_word' id='word_1_73' title='bbox 579 1217 655 1277; x_wconf 83' lang='grc' dir='ltr'>εὶς</span> <span class='ocrx_word' id='word_1_74' title='bbox 672 1214 1006 1285; x_wconf 76' lang='grc' dir='ltr'>δικαιοσύνην</span> <span class='ocrx_word' id='word_1_75' title='bbox 1034 1218 1113 1278; x_wconf 84' lang='grc' dir='ltr'><strong>είς</strong></span> <span class='ocrx_word' id='word_1_76' title='bbox 1143 1215 1231 1268; x_wconf 70' lang='grc' dir='ltr'>τὸν</span> <span class='ocrx_word' id='word_1_77' title='bbox 1256 1216 1451 1286; x_wconf 76' lang='grc' dir='ltr'>κλῆρον</span> <span class='ocrx_word' id='word_1_78' title='bbox 1478 1217 1584 1270; x_wconf 81' lang='grc' dir='ltr'>τῶν</span> <span class='ocrx_word' id='word_1_79' title='bbox 1606 1222 1734 1272; x_wconf 83' lang='grc' dir='ltr'>ἁπο-</span> 
     </span>
    </p>
   </div>
   <div class='ocr_carea' id='block_1_14' title="bbox 185 1307 402 1359">
    <p class='ocr_par' dir='ltr' id='par_1_14' title="bbox 185 1307 402 1359">
     <span class='ocr_line' id='line_1_14' title="bbox 185 1307 402 1359; baseline 0 0"><span class='ocrx_word' id='word_1_80' title='bbox 185 1307 402 1359; x_wconf 82' lang='grc' dir='ltr'>στόλων.</span> 
     </span>
    </p>
   </div>
   <div class='ocr_carea' id='block_1_15' title="bbox 247 1395 1734 1466">
    <p class='ocr_par' dir='ltr' id='par_1_15' title="bbox 247 1395 1734 1466">
     <span class='ocr_line' id='line_1_15' title="bbox 247 1395 1734 1466; baseline -0.002 -14"><span class='ocrx_word' id='word_1_81' title='bbox 247 1397 681 1464; x_wconf 71' lang='grc' dir='ltr'>Γενηθήτωσαν</span> <span class='ocrx_word' id='word_1_82' title='bbox 705 1398 758 1449; x_wconf 87' lang='lat' dir='ltr'><strong>ol</strong></span> <span class='ocrx_word' id='word_1_83' title='bbox 785 1395 899 1449; x_wconf 79' lang='grc' dir='ltr'>υἱοί</span> <span class='ocrx_word' id='word_1_84' title='bbox 924 1395 1106 1450; x_wconf 85' lang='grc' dir='ltr'>αὐτοῦ</span> <span class='ocrx_word' id='word_1_85' title='bbox 1132 1397 1397 1466; x_wconf 62' lang='grc' dir='ltr'>ὀρφανοί.</span> <span class='ocrx_word' id='word_1_86' title='bbox 1430 1398 1549 1450; x_wconf 73' lang='grc' dir='ltr'>Υἱοὶ</span> <span class='ocrx_word' id='word_1_87' title='bbox 1576 1398 1622 1449; x_wconf 87' lang='grc' dir='ltr'>οἱ</span> <span class='ocrx_word' id='word_1_88' title='bbox 1649 1396 1734 1449; x_wconf 81' lang='grc' dir='ltr'>λο-</span> 
     </span>
    </p>
   </div>
   <div class='ocr_carea' id='block_1_16' title="bbox 182 1487 1733 1560">
    <p class='ocr_par' dir='ltr' id='par_1_16' title="bbox 182 1487 1733 1560">
     <span class='ocr_line' id='line_1_16' title="bbox 182 1487 1733 1560; baseline -0.001 -18"><span class='ocrx_word' id='word_1_89' title='bbox 182 1491 364 1560; x_wconf 78' lang='grc' dir='ltr'>γισμοὶ</span> <span class='ocrx_word' id='word_1_90' title='bbox 393 1487 552 1541; x_wconf 79' lang='grc' dir='ltr'>αὑτοῦ</span> <span class='ocrx_word' id='word_1_91' title='bbox 573 1503 586 1517; x_wconf 79' lang='grc'><strong><em>⁸</em></strong></span> <span class='ocrx_word' id='word_1_92' title='bbox 614 1488 834 1557; x_wconf 73' lang='grc' dir='ltr'>ὀρφανοὶ</span> <span class='ocrx_word' id='word_1_93' title='bbox 867 1487 973 1559; x_wconf 80' lang='grc' dir='ltr'><strong>γὰρ</strong></span> <span class='ocrx_word' id='word_1_94' title='bbox 1004 1487 1246 1554; x_wconf 78' lang='grc' dir='ltr'>ἐγένοντο</span> <span class='ocrx_word' id='word_1_95' title='bbox 1273 1489 1377 1541; x_wconf 86' lang='grc' dir='ltr'><strong>ἀπὸ</strong></span> <span class='ocrx_word' id='word_1_96' title='bbox 1399 1488 1498 1558; x_wconf 86' lang='grc' dir='ltr'>τῆς</span> <span class='ocrx_word' id='word_1_97' title='bbox 1518 1488 1733 1559; x_wconf 74' lang='grc' dir='ltr'>χάριτος</span> 
     </span>
    </p>
   </div>
   <div class='ocr_carea' id='block_1_17' title="bbox 180 1577 1732 1650">
    <p class='ocr_par' dir='ltr' id='par_1_17' title="bbox 180 1577 1732 1650">
     <span class='ocr_line' id='line_1_17' title="bbox 180 1577 1732 1650; baseline -0.001 -16"><span class='ocrx_word' id='word_1_98' title='bbox 180 1581 269 1634; x_wconf 86' lang='grc' dir='ltr'><strong>τοῦ</strong></span> <span class='ocrx_word' id='word_1_99' title='bbox 314 1579 569 1650; x_wconf 85' lang='grc' dir='ltr'>Χριστοῦ.</span> <span class='ocrx_word' id='word_1_100' title='bbox 613 1579 752 1648; x_wconf 82' lang='grc' dir='ltr'>Γυνὴ</span> <span class='ocrx_word' id='word_1_101' title='bbox 782 1578 892 1648; x_wconf 78' lang='grc' dir='ltr'>δὲή</span> <span class='ocrx_word' id='word_1_102' title='bbox 923 1577 1065 1647; x_wconf 76' lang='grc' dir='ltr'>ψυχὴ</span> <span class='ocrx_word' id='word_1_103' title='bbox 1105 1579 1267 1631; x_wconf 81' lang='grc' dir='ltr'>αὑτοῦ</span> <span class='ocrx_word' id='word_1_104' title='bbox 1287 1595 1299 1608; x_wconf 78' lang='grc' dir='ltr'><strong>ο</strong></span> <span class='ocrx_word' id='word_1_105' title='bbox 1342 1580 1600 1649; x_wconf 78' lang='grc' dir='ltr'><strong>ἐχήρευσε</strong></span> <span class='ocrx_word' id='word_1_106' title='bbox 1627 1579 1732 1649; x_wconf 79' lang='grc' dir='ltr'><strong>γὰρ</strong></span> 
     </span>
    </p>
   </div>
   <div class='ocr_carea' id='block_1_18' title="bbox 183 1670 1729 1741">
    <p class='ocr_par' dir='ltr' id='par_1_18' title="bbox 183 1670 1729 1741">
     <span class='ocr_line' id='line_1_18' title="bbox 183 1670 1729 1741; baseline -0.002 -16"><span class='ocrx_word' id='word_1_107' title='bbox 183 1674 270 1726; x_wconf 76' lang='grc' dir='ltr'><strong>καὶ</strong></span> <span class='ocrx_word' id='word_1_108' title='bbox 297 1672 434 1741; x_wconf 81' lang='grc' dir='ltr'>αὐτὴ</span> <span class='ocrx_word' id='word_1_109' title='bbox 465 1671 768 1724; x_wconf 77' lang='grc' dir='ltr'>ἐκπεσοῦσα</span> <span class='ocrx_word' id='word_1_110' title='bbox 789 1670 894 1723; x_wconf 79' lang='grc' dir='ltr'><strong>ἀπὸ</strong></span> <span class='ocrx_word' id='word_1_111' title='bbox 929 1670 1021 1722; x_wconf 88' lang='grc' dir='ltr'><strong>τοῦ</strong></span> <span class='ocrx_word' id='word_1_112' title='bbox 1047 1670 1279 1740; x_wconf 75' lang='grc' dir='ltr'>Χριστοῦ</span> <span class='ocrx_word' id='word_1_113' title='bbox 1314 1670 1401 1723; x_wconf 74' lang='grc' dir='ltr'>διὰ</span> <span class='ocrx_word' id='word_1_114' title='bbox 1428 1672 1524 1740; x_wconf 82' lang='grc' dir='ltr'>τῆς</span> <span class='ocrx_word' id='word_1_115' title='bbox 1554 1688 1729 1741; x_wconf 82' lang='grc' dir='ltr'>παρα-</span> 
     </span>
    </p>
   </div>
   <div class='ocr_carea' id='block_1_19' title="bbox 179 1759 1729 1831">
    <p class='ocr_par' dir='ltr' id='par_1_19' title="bbox 179 1759 1729 1831">
     <span class='ocr_line' id='line_1_19' title="bbox 179 1759 1729 1831; baseline -0.002 -15"><span class='ocrx_word' id='word_1_116' title='bbox 179 1763 386 1831; x_wconf 81' lang='grc' dir='ltr'>νομίας.</span> <span class='ocrx_word' id='word_1_117' title='bbox 423 1765 813 1829; x_wconf 53' lang='lat' dir='ltr'><strong>scaevam-0t</strong></span> <span class='ocrx_word' id='word_1_118' title='bbox 838 1759 1380 1828; x_wconf 77' lang='grc' dir='ltr'>μεταναστήτωοιιν</span> <span class='ocrx_word' id='word_1_119' title='bbox 1404 1762 1456 1814; x_wconf 84' lang='lat' dir='ltr'><strong>ol</strong></span> <span class='ocrx_word' id='word_1_120' title='bbox 1481 1759 1596 1814; x_wconf 85' lang='lat' dir='ltr'><strong>vlol</strong></span> <span class='ocrx_word' id='word_1_121' title='bbox 1626 1761 1729 1813; x_wconf 83' lang='grc' dir='ltr'><strong>αὺ-</strong></span> 
     </span>
    </p>
   </div>
   <div class='ocr_carea' id='block_1_20' title="bbox 1832 575 3359 644">
    <p class='ocr_par' dir='ltr' id='par_1_20' title="bbox 1832 575 3359 644">
     <span class='ocr_line' id='line_1_20' title="bbox 1832 575 3359 644; baseline 0.009 -16"><span class='ocrx_word' id='word_1_122' title='bbox 1832 576 1921 644; x_wconf 93' lang='lat' dir='ltr'><strong>qui</strong></span> <span class='ocrx_word' id='word_1_123' title='bbox 1948 575 2112 631; x_wconf 88' lang='lat' dir='ltr'><strong>Deum</strong></span> <span class='ocrx_word' id='word_1_124' title='bbox 2135 592 2240 631; x_wconf 92' lang='lat' dir='ltr'><strong>non</strong></span> <span class='ocrx_word' id='word_1_125' title='bbox 2259 593 2383 633; x_wconf 81' lang='lat' dir='ltr'><strong>vere</strong></span> <span class='ocrx_word' id='word_1_126' title='bbox 2411 577 2752 634; x_wconf 84' lang='lat' dir='ltr'><strong>exsistentem</strong></span> <span class='ocrx_word' id='word_1_127' title='bbox 2777 591 2933 635; x_wconf 88' lang='lat' dir='ltr'><strong>orant</strong></span> <span class='ocrx_word' id='word_1_128' title='bbox 2962 600 2977 638; x_wconf 90' lang='lat'><strong>:</strong></span> <span class='ocrx_word' id='word_1_129' title='bbox 3017 583 3142 640; x_wconf 90' lang='lat' dir='ltr'><strong>item</strong></span> <span class='ocrx_word' id='word_1_130' title='bbox 3170 601 3359 642; x_wconf 86' lang='lat' dir='ltr'><strong>eorum</strong></span> 
     </span>
    </p>
   </div>
   <div class='ocr_carea' id='block_1_21' title="bbox 1830 669 3362 741">
    <p class='ocr_par' dir='ltr' id='par_1_21' title="bbox 1830 669 3362 741">
     <span class='ocr_line' id='line_1_21' title="bbox 1830 669 3362 741; baseline 0.008 -19"><span class='ocrx_word' id='word_1_131' title='bbox 1830 669 1922 736; x_wconf 90' lang='lat' dir='ltr'><strong>qui</strong></span> <span class='ocrx_word' id='word_1_132' title='bbox 1959 685 2080 722; x_wconf 88' lang='lat' dir='ltr'><strong>cum</strong></span> <span class='ocrx_word' id='word_1_133' title='bbox 2131 669 2209 723; x_wconf 89' lang='lat' dir='ltr'><strong>ira</strong></span> <span class='ocrx_word' id='word_1_134' title='bbox 2255 678 2309 723; x_wconf 90' lang='lat' dir='ltr'><strong>et</strong></span> <span class='ocrx_word' id='word_1_135' title='bbox 2355 669 2772 738; x_wconf 73' lang='lat' dir='ltr'><strong>cogitationibus</strong></span> <span class='ocrx_word' id='word_1_136' title='bbox 2811 673 3018 741; x_wconf 87' lang='lat' dir='ltr'><strong>alienis,</strong></span> <span class='ocrx_word' id='word_1_137' title='bbox 3065 677 3147 732; x_wconf 76' lang='lat' dir='ltr'><strong>vel</strong></span> <span class='ocrx_word' id='word_1_138' title='bbox 3181 681 3362 735; x_wconf 88' lang='lat' dir='ltr'><strong>animo</strong></span> 
     </span>
    </p>
   </div>
   <div class='ocr_carea' id='block_1_22' title="bbox 1831 753 3077 831">
    <p class='ocr_par' dir='ltr' id='par_1_22' title="bbox 1831 753 3077 831">
     <span class='ocr_line' id='line_1_22' title="bbox 1831 753 3077 831; baseline 0.01 -25"><span class='ocrx_word' id='word_1_139' title='bbox 1831 753 2027 824; x_wconf 90' lang='lat' dir='ltr'><strong>duplici</strong></span> <span class='ocrx_word' id='word_1_140' title='bbox 2063 767 2370 825; x_wconf 85' lang='lat' dir='ltr'><strong>precantur,</strong></span> <span class='ocrx_word' id='word_1_141' title='bbox 2407 759 2577 813; x_wconf 82' lang='lat' dir='ltr'><strong>oratio</strong></span> <span class='ocrx_word' id='word_1_142' title='bbox 2606 759 2662 814; x_wconf 87' lang='lat' dir='ltr'><strong>tit</strong></span> <span class='ocrx_word' id='word_1_143' title='bbox 2696 762 2746 814; x_wconf 90' lang='lat' dir='ltr'><strong>iu</strong></span> <span class='ocrx_word' id='word_1_144' title='bbox 2779 773 3077 831; x_wconf 85' lang='lat' dir='ltr'><strong>peccatum.</strong></span> 
     </span>
    </p>
   </div>
   <div class='ocr_carea' id='block_1_23' title="bbox 1900 847 3370 930">
    <p class='ocr_par' dir='ltr' id='par_1_23' title="bbox 1900 847 3370 930">
     <span class='ocr_line' id='line_1_23' title="bbox 1900 847 3370 930; baseline 0.012 -31"><span class='ocrx_word' id='word_1_145' title='bbox 1900 847 1953 900; x_wconf 90' lang='lat'><strong>8.</strong></span> <span class='ocrx_word' id='word_1_146' title='bbox 1995 847 2158 901; x_wconf 78' lang='lat' dir='ltr'><strong>Fiant</strong></span> <span class='ocrx_word' id='word_1_147' title='bbox 2197 851 2305 903; x_wconf 85' lang='lat' dir='ltr'><strong>dies</strong></span> <span class='ocrx_word' id='word_1_148' title='bbox 2358 849 2468 914; x_wconf 76' lang='lat' dir='ltr'><strong>eius</strong></span> <span class='ocrx_word' id='word_1_149' title='bbox 2526 853 2701 918; x_wconf 84' lang='lat' dir='ltr'><strong>pauci.</strong></span> <span class='ocrx_word' id='word_1_150' title='bbox 2740 852 2872 908; x_wconf 87' lang='lat' dir='ltr'><strong>Nam</strong></span> <span class='ocrx_word' id='word_1_151' title='bbox 2917 858 3096 912; x_wconf 90' lang='lat' dir='ltr'><strong>statim</strong></span> <span class='ocrx_word' id='word_1_152' title='bbox 3133 874 3163 914; x_wconf 90' lang='lat' dir='ltr'><strong>a</strong></span> <span class='ocrx_word' id='word_1_153' title='bbox 3189 862 3370 930; x_wconf 88' lang='lat' dir='ltr'><strong>prodi-</strong></span> 
     </span>
    </p>
   </div>
   <div class='ocr_carea' id='block_1_24' title="bbox 1832 937 3373 1010">
    <p class='ocr_par' dir='ltr' id='par_1_24' title="bbox 1832 937 3373 1010">
     <span class='ocr_line' id='line_1_24' title="bbox 1832 937 3373 1010; baseline 0.01 -21"><span class='ocrx_word' id='word_1_154' title='bbox 1832 937 1996 1000; x_wconf 88' lang='lat' dir='ltr'><strong>tione,</strong></span> <span class='ocrx_word' id='word_1_155' title='bbox 2025 939 2215 1008; x_wconf 87' lang='lat' dir='ltr'><strong>laqueo</strong></span> <span class='ocrx_word' id='word_1_156' title='bbox 2241 955 2298 994; x_wconf 90' lang='lat' dir='ltr'><strong>se</strong></span> <span class='ocrx_word' id='word_1_157' title='bbox 2325 939 2622 1010; x_wconf 59' lang='lat' dir='ltr'><strong>praefocans</strong></span> <span class='ocrx_word' id='word_1_158' title='bbox 2665 944 2888 1010; x_wconf 87' lang='lat' dir='ltr'><strong>interiit,</strong></span> <span class='ocrx_word' id='word_1_159' title='bbox 2921 962 3021 1003; x_wconf 89' lang='lat' dir='ltr'><strong>nec</strong></span> <span class='ocrx_word' id='word_1_160' title='bbox 3053 949 3193 1004; x_wconf 88' lang='lat' dir='ltr'><strong>ultra</strong></span> <span class='ocrx_word' id='word_1_161' title='bbox 3222 952 3373 1006; x_wconf 78' lang='lat' dir='ltr'><strong>visus</strong></span> 
     </span>
    </p>
   </div>
   <div class='ocr_carea' id='block_1_25' title="bbox 1831 1028 3370 1104">
    <p class='ocr_par' dir='ltr' id='par_1_25' title="bbox 1831 1028 3370 1104">
     <span class='ocr_line' id='line_1_25' title="bbox 1831 1028 3370 1104; baseline 0.01 -25"><span class='ocrx_word' id='word_1_162' title='bbox 1831 1036 1932 1080; x_wconf 89' lang='lat' dir='ltr'><strong>est.</strong></span> <span class='ocrx_word' id='word_1_163' title='bbox 1960 1028 2027 1081; x_wconf 86' lang='lat' dir='ltr'><strong>Et</strong></span> <span class='ocrx_word' id='word_1_164' title='bbox 2052 1032 2402 1098; x_wconf 73' lang='lat' dir='ltr'><strong>episcopatum</strong></span> <span class='ocrx_word' id='word_1_165' title='bbox 2447 1032 2558 1100; x_wconf 87' lang='lat' dir='ltr'><strong>ejus</strong></span> <span class='ocrx_word' id='word_1_166' title='bbox 2601 1036 2823 1104; x_wconf 85' lang='lat' dir='ltr'><strong>accipiat</strong></span> <span class='ocrx_word' id='word_1_167' title='bbox 2854 1037 3006 1093; x_wconf 76' lang='lat' dir='ltr'><strong>alter.</strong></span> <span class='ocrx_word' id='word_1_168' title='bbox 3038 1038 3113 1095; x_wconf 90' lang='lat' dir='ltr'><strong>De</strong></span> <span class='ocrx_word' id='word_1_169' title='bbox 3154 1040 3370 1098; x_wconf 77' lang='lat' dir='ltr'><strong>Matthia</strong></span> 
     </span>
    </p>
   </div>
   <div class='ocr_carea' id='block_1_26' title="bbox 1833 1119 3373 1200">
    <p class='ocr_par' dir='ltr' id='par_1_26' title="bbox 1833 1119 3373 1200">
     <span class='ocr_line' id='line_1_26' title="bbox 1833 1119 3373 1200; baseline 0.013 -30"><span class='ocrx_word' id='word_1_170' title='bbox 1833 1119 2092 1188; x_wconf 85' lang='lat' dir='ltr'><strong>loquitur,</strong></span> <span class='ocrx_word' id='word_1_171' title='bbox 2119 1123 2211 1190; x_wconf 90' lang='lat' dir='ltr'><strong>qui</strong></span> <span class='ocrx_word' id='word_1_172' title='bbox 2248 1123 2312 1175; x_wconf 88' lang='lat' dir='ltr'><strong>ad</strong></span> <span class='ocrx_word' id='word_1_173' title='bbox 2339 1126 2707 1193; x_wconf 80' lang='lat' dir='ltr'><strong>apostolorum</strong></span> <span class='ocrx_word' id='word_1_174' title='bbox 2740 1129 2943 1183; x_wconf 85' lang='lat' dir='ltr'><strong>clerum</strong></span> <span class='ocrx_word' id='word_1_175' title='bbox 2963 1130 3186 1200; x_wconf 69' lang='lat' dir='ltr'><strong>justitia:</strong></span> <span class='ocrx_word' id='word_1_176' title='bbox 3210 1150 3373 1189; x_wconf 83' lang='lat' dir='ltr'><strong>causa</strong></span> 
     </span>
    </p>
   </div>
   <div class='ocr_carea' id='block_1_27' title="bbox 1831 1213 2184 1269">
    <p class='ocr_par' dir='ltr' id='par_1_27' title="bbox 1831 1213 2184 1269">
     <span class='ocr_line' id='line_1_27' title="bbox 1831 1213 2184 1269; baseline 0.017 -6"><span class='ocrx_word' id='word_1_177' title='bbox 1831 1213 2055 1267; x_wconf 81' lang='lat' dir='ltr'><strong>allectus</strong></span> <span class='ocrx_word' id='word_1_178' title='bbox 2084 1224 2184 1269; x_wconf 89' lang='lat' dir='ltr'><strong>est.</strong></span> 
     </span>
    </p>
   </div>
   <div class='ocr_carea' id='block_1_28' title="bbox 1903 1389 3376 1474">
    <p class='ocr_par' dir='ltr' id='par_1_28' title="bbox 1903 1389 3376 1474">
     <span class='ocr_line' id='line_1_28' title="bbox 1903 1389 3376 1474; baseline 0.013 -34"><span class='ocrx_word' id='word_1_179' title='bbox 1903 1389 2075 1453; x_wconf 65' lang='lat'><strong>9,10.</strong></span> <span class='ocrx_word' id='word_1_180' title='bbox 2119 1391 2280 1446; x_wconf 84' lang='lat' dir='ltr'><strong>Fiant</strong></span> <span class='ocrx_word' id='word_1_181' title='bbox 2329 1395 2429 1463; x_wconf 82' lang='lat' dir='ltr'><strong>ﬁlii</strong></span> <span class='ocrx_word' id='word_1_182' title='bbox 2474 1396 2584 1464; x_wconf 83' lang='lat' dir='ltr'><strong>ejus</strong></span> <span class='ocrx_word' id='word_1_183' title='bbox 2630 1399 2866 1460; x_wconf 83' lang='lat' dir='ltr'><strong>orphani.</strong></span> <span class='ocrx_word' id='word_1_184' title='bbox 2918 1399 3035 1454; x_wconf 86' lang='lat' dir='ltr'><strong>Filii</strong></span> <span class='ocrx_word' id='word_1_185' title='bbox 3095 1413 3223 1457; x_wconf 90' lang='lat' dir='ltr'><strong>sunt</strong></span> <span class='ocrx_word' id='word_1_186' title='bbox 3259 1405 3376 1474; x_wconf 83' lang='lat' dir='ltr'><strong>ejus</strong></span> 
     </span>
    </p>
   </div>
   <div class='ocr_carea' id='block_1_29' title="bbox 1831 1482 3374 1562">
    <p class='ocr_par' dir='ltr' id='par_1_29' title="bbox 1831 1482 3374 1562">
     <span class='ocr_line' id='line_1_29' title="bbox 1831 1482 3374 1562; baseline 0.012 -30"><span class='ocrx_word' id='word_1_187' title='bbox 1831 1482 2180 1550; x_wconf 75' lang='lat' dir='ltr'><strong>cogitationes</strong></span> <span class='ocrx_word' id='word_1_188' title='bbox 2209 1505 2220 1539; x_wconf 91' lang='lat'><strong>:</strong></span> <span class='ocrx_word' id='word_1_189' title='bbox 2249 1489 2474 1556; x_wconf 87' lang='lat' dir='ltr'><strong>orphani</strong></span> <span class='ocrx_word' id='word_1_190' title='bbox 2513 1506 2746 1560; x_wconf 86' lang='lat' dir='ltr'><strong>namque</strong></span> <span class='ocrx_word' id='word_1_191' title='bbox 2776 1493 2946 1562; x_wconf 86' lang='lat' dir='ltr'><strong>gratia</strong></span> <span class='ocrx_word' id='word_1_192' title='bbox 2970 1493 3173 1549; x_wconf 89' lang='lat' dir='ltr'><strong>Christi</strong></span> <span class='ocrx_word' id='word_1_193' title='bbox 3205 1494 3374 1550; x_wconf 75' lang='lat' dir='ltr'><strong>fuere.</strong></span> 
     </span>
    </p>
   </div>
   <div class='ocr_carea' id='block_1_30' title="bbox 1833 1570 3374 1654">
    <p class='ocr_par' dir='ltr' id='par_1_30' title="bbox 1833 1570 3374 1654">
     <span class='ocr_line' id='line_1_30' title="bbox 1833 1570 3374 1654; baseline 0.008 -29"><span class='ocrx_word' id='word_1_194' title='bbox 1833 1570 1980 1628; x_wconf 75' lang='lat' dir='ltr'><strong>Uxor</strong></span> <span class='ocrx_word' id='word_1_195' title='bbox 2024 1587 2227 1642; x_wconf 90' lang='lat' dir='ltr'><strong>autem,</strong></span> <span class='ocrx_word' id='word_1_196' title='bbox 2261 1578 2380 1647; x_wconf 77' lang='lat' dir='ltr'><strong>ejus</strong></span> <span class='ocrx_word' id='word_1_197' title='bbox 2416 1588 2500 1634; x_wconf 89' lang='lat' dir='ltr'><strong>est</strong></span> <span class='ocrx_word' id='word_1_198' title='bbox 2541 1581 2742 1647; x_wconf 85' lang='lat' dir='ltr'><strong>anima,</strong></span> <span class='ocrx_word' id='word_1_199' title='bbox 2778 1599 2902 1637; x_wconf 88' lang='lat' dir='ltr'><strong>nam</strong></span> <span class='ocrx_word' id='word_1_200' title='bbox 2945 1594 2998 1639; x_wconf 84' lang='lat' dir='ltr'><strong>et</strong></span> <span class='ocrx_word' id='word_1_201' title='bbox 3051 1588 3165 1654; x_wconf 88' lang='lat' dir='ltr'><strong>ipsa</strong></span> <span class='ocrx_word' id='word_1_202' title='bbox 3215 1586 3374 1640; x_wconf 83' lang='lat' dir='ltr'><strong>vidua</strong></span> 
     </span>
    </p>
   </div>
   <div class='ocr_carea' id='block_1_31' title="bbox 1832 1665 3378 1743">
    <p class='ocr_par' dir='ltr' id='par_1_31' title="bbox 1832 1665 3378 1743">
     <span class='ocr_line' id='line_1_31' title="bbox 1832 1665 3378 1743; baseline 0.007 -24"><span class='ocrx_word' id='word_1_203' title='bbox 1832 1665 1931 1720; x_wconf 77' lang='lat' dir='ltr'><strong>fuit</strong></span> <span class='ocrx_word' id='word_1_204' title='bbox 1957 1666 2103 1736; x_wconf 79' lang='lat' dir='ltr'><strong>lapsa</strong></span> <span class='ocrx_word' id='word_1_205' title='bbox 2145 1684 2174 1723; x_wconf 89' lang='lat' dir='ltr'><strong>a</strong></span> <span class='ocrx_word' id='word_1_206' title='bbox 2207 1669 2424 1726; x_wconf 88' lang='lat' dir='ltr'><strong>Christo</strong></span> <span class='ocrx_word' id='word_1_207' title='bbox 2450 1687 2544 1741; x_wconf 88' lang='lat' dir='ltr'><strong>per</strong></span> <span class='ocrx_word' id='word_1_208' title='bbox 2583 1675 2918 1743; x_wconf 86' lang='lat' dir='ltr'><strong>iniquitatem</strong></span> <span class='ocrx_word' id='word_1_209' title='bbox 2956 1693 3131 1732; x_wconf 88' lang='lat' dir='ltr'><strong>suam.</strong></span> <span class='ocrx_word' id='word_1_210' title='bbox 3170 1676 3378 1732; x_wconf 85' lang='lat' dir='ltr'><strong>Nutan-</strong></span> 
     </span>
    </p>
   </div>
   <div class='ocr_carea' id='block_1_32' title="bbox 1833 1760 3378 1839">
    <p class='ocr_par' dir='ltr' id='par_1_32' title="bbox 1833 1760 3378 1839">
     <span class='ocr_line' id='line_1_32' title="bbox 1833 1760 3378 1839; baseline 0.01 -30"><span class='ocrx_word' id='word_1_211' title='bbox 1833 1767 1904 1810; x_wconf 83' lang='lat' dir='ltr'><strong>tes</strong></span> <span class='ocrx_word' id='word_1_212' title='bbox 1928 1760 2311 1829; x_wconf 80' lang='lat' dir='ltr'><strong>transferantur</strong></span> <span class='ocrx_word' id='word_1_213' title='bbox 2335 1762 2437 1831; x_wconf 77' lang='lat' dir='ltr'><strong>ﬁlii</strong></span> <span class='ocrx_word' id='word_1_214' title='bbox 2470 1764 2581 1832; x_wconf 84' lang='lat' dir='ltr'><strong>ejus</strong></span> <span class='ocrx_word' id='word_1_215' title='bbox 2603 1777 2651 1819; x_wconf 88' lang='lat' dir='ltr'><strong>et</strong></span> <span class='ocrx_word' id='word_1_216' title='bbox 2676 1767 2982 1823; x_wconf 82' lang='lat' dir='ltr'><strong>mendicent.</strong></span> <span class='ocrx_word' id='word_1_217' title='bbox 3015 1768 3378 1839; x_wconf 80' lang='lat' dir='ltr'><strong>Cogitationes</strong></span> 
     </span>
    </p>
   </div>
   <div class='ocr_carea' id='block_1_33' title="bbox 179 1834 1729 1925">
    <p class='ocr_par' dir='ltr' id='par_1_33' title="bbox 179 1851 1727 1924">
     <span class='ocr_line' id='line_1_33' title="bbox 179 1851 1727 1924; baseline -0.002 -17"><span class='ocrx_word' id='word_1_218' title='bbox 179 1854 281 1907; x_wconf 80' lang='grc' dir='ltr'><strong>τοῦ</strong></span> <span class='ocrx_word' id='word_1_219' title='bbox 327 1853 426 1906; x_wconf 80' lang='grc' dir='ltr'><strong>καί</strong></span> <span class='ocrx_word' id='word_1_220' title='bbox 467 1852 977 1920; x_wconf 76' lang='grc' dir='ltr'>ἐπαιτησάτωσαν.</span> <span class='ocrx_word' id='word_1_221' title='bbox 1011 1855 1073 1905; x_wconf 88' lang='lat' dir='ltr'><strong>Ol</strong></span> <span class='ocrx_word' id='word_1_222' title='bbox 1106 1853 1212 1924; x_wconf 87' lang='grc' dir='ltr'><strong>γάρ</strong></span> <span class='ocrx_word' id='word_1_223' title='bbox 1258 1853 1503 1921; x_wconf 78' lang='grc' dir='ltr'>λογισμοὶ</span> <span class='ocrx_word' id='word_1_224' title='bbox 1546 1851 1727 1916; x_wconf 83' lang='grc' dir='ltr'>αὐτοῦ,</span> 
     </span>
    </p>
   </div>
   <div class='ocr_carea' id='block_1_34' title="bbox 1827 1834 3376 1925">
    <p class='ocr_par' dir='ltr' id='par_1_34' title="bbox 1830 1849 3376 1925">
     <span class='ocr_line' id='line_1_34' title="bbox 1830 1849 3376 1925; baseline 0.006 -25"><span class='ocrx_word' id='word_1_225' title='bbox 1830 1849 1972 1902; x_wconf 82' lang='lat' dir='ltr'><strong>enim</strong></span> <span class='ocrx_word' id='word_1_226' title='bbox 2006 1850 2145 1919; x_wconf 89' lang='lat' dir='ltr'><strong>ejus,</strong></span> <span class='ocrx_word' id='word_1_227' title='bbox 2176 1867 2313 1921; x_wconf 90' lang='lat' dir='ltr'><strong>quas</strong></span> <span class='ocrx_word' id='word_1_228' title='bbox 2342 1868 2464 1908; x_wconf 88' lang='lat' dir='ltr'><strong>esse</strong></span> <span class='ocrx_word' id='word_1_229' title='bbox 2501 1853 2643 1910; x_wconf 88' lang='lat' dir='ltr'><strong>tilios</strong></span> <span class='ocrx_word' id='word_1_230' title='bbox 2664 1856 2782 1925; x_wconf 82' lang='lat' dir='ltr'><strong>ejus</strong></span> <span class='ocrx_word' id='word_1_231' title='bbox 2807 1857 3068 1924; x_wconf 80' lang='lat' dir='ltr'><strong>diximus,</strong></span> <span class='ocrx_word' id='word_1_232' title='bbox 3097 1874 3126 1912; x_wconf 89' lang='lat' dir='ltr'><strong>a</strong></span> <span class='ocrx_word' id='word_1_233' title='bbox 3156 1858 3376 1913; x_wconf 86' lang='lat' dir='ltr'><strong>Christo</strong></span> 
     </span>
    </p>
   </div>
   <div class='ocr_carea' id='block_1_35' title="bbox 176 1938 1730 2015">
    <p class='ocr_par' dir='ltr' id='par_1_35' title="bbox 176 1938 1730 2015">
     <span class='ocr_line' id='line_1_35' title="bbox 176 1938 1730 2015; baseline -0.001 -15"><span class='ocrx_word' id='word_1_234' title='bbox 176 1944 265 2008; x_wconf 78' lang='grc' dir='ltr'><strong>οὓς</strong></span> <span class='ocrx_word' id='word_1_235' title='bbox 312 1945 520 2015; x_wconf 76' lang='grc' dir='ltr'>ἔφαμεν</span> <span class='ocrx_word' id='word_1_236' title='bbox 569 1938 705 1997; x_wconf 80' lang='grc' dir='ltr'>εἶναι</span> <span class='ocrx_word' id='word_1_237' title='bbox 756 1944 926 2007; x_wconf 82' lang='grc' dir='ltr'>υίοὺς,</span> <span class='ocrx_word' id='word_1_238' title='bbox 961 1944 1289 2015; x_wconf 75' lang='grc' dir='ltr'>μετανάσται</span> <span class='ocrx_word' id='word_1_239' title='bbox 1320 1945 1592 2014; x_wconf 82' lang='grc' dir='ltr'>γενόμενοι</span> <span class='ocrx_word' id='word_1_240' title='bbox 1622 1945 1730 1998; x_wconf 79' lang='grc' dir='ltr'><strong>ἀπὸ</strong></span> 
     </span>
    </p>
   </div>
   <div class='ocr_carea' id='block_1_36' title="bbox 174 2033 1730 2106">
    <p class='ocr_par' dir='ltr' id='par_1_36' title="bbox 174 2033 1730 2106">
     <span class='ocr_line' id='line_1_36' title="bbox 174 2033 1730 2106; baseline -0.002 -15"><span class='ocrx_word' id='word_1_241' title='bbox 174 2037 265 2091; x_wconf 76' lang='grc' dir='ltr'><strong>τοῦ</strong></span> <span class='ocrx_word' id='word_1_242' title='bbox 292 2035 547 2105; x_wconf 79' lang='grc' dir='ltr'><strong>Χριστοῦ,</strong></span> <span class='ocrx_word' id='word_1_243' title='bbox 584 2036 662 2096; x_wconf 82' lang='grc' dir='ltr'><strong>είς</strong></span> <span class='ocrx_word' id='word_1_244' title='bbox 689 2034 784 2105; x_wconf 80' lang='grc' dir='ltr'>τὴν</span> <span class='ocrx_word' id='word_1_245' title='bbox 810 2035 1164 2106; x_wconf 75' lang='grc' dir='ltr'><strong>φιλαργυρίαν</strong></span> <span class='ocrx_word' id='word_1_246' title='bbox 1195 2039 1347 2106; x_wconf 69' lang='grc' dir='ltr'>χεῖρα</span> <span class='ocrx_word' id='word_1_247' title='bbox 1370 2033 1633 2100; x_wconf 78' lang='grc' dir='ltr'>ἐξέτειναν</span> <span class='ocrx_word' id='word_1_248' title='bbox 1652 2037 1730 2100; x_wconf 83' lang='grc' dir='ltr'><strong>είς</strong></span> 
     </span>
    </p>
   </div>
   <div class='ocr_carea' id='block_1_37' title="bbox 174 2124 1316 2197">
    <p class='ocr_par' dir='ltr' id='par_1_37' title="bbox 174 2124 1316 2197">
     <span class='ocr_line' id='line_1_37' title="bbox 174 2124 1316 2197; baseline -0.002 -17"><span class='ocrx_word' id='word_1_249' title='bbox 174 2126 235 2180; x_wconf 69' lang='grc' dir='ltr'>τὸ</span> <span class='ocrx_word' id='word_1_250' title='bbox 260 2125 540 2197; x_wconf 78' lang='grc' dir='ltr'>ἀργύριον,</span> <span class='ocrx_word' id='word_1_251' title='bbox 571 2125 644 2187; x_wconf 84' lang='grc' dir='ltr'>ὡς</span> <span class='ocrx_word' id='word_1_252' title='bbox 667 2124 858 2188; x_wconf 81' lang='grc' dir='ltr'><strong>ἐνδεεῖς</strong></span> <span class='ocrx_word' id='word_1_253' title='bbox 887 2127 979 2178; x_wconf 77' lang='grc' dir='ltr'><strong>καὶ</strong></span> <span class='ocrx_word' id='word_1_254' title='bbox 1010 2129 1316 2196; x_wconf 81' lang='grc' dir='ltr'>προσαῖται.</span> 
     </span>
    </p>
   </div>
   <div class='ocr_carea' id='block_1_38' title="bbox 254 2215 1728 2286">
    <p class='ocr_par' dir='ltr' id='par_1_38' title="bbox 254 2215 1728 2286">
     <span class='ocr_line' id='line_1_38' title="bbox 254 2215 1728 2286; baseline -0.001 -16"><span class='ocrx_word' id='word_1_255' title='bbox 254 2218 676 2286; x_wconf 77' lang='grc' dir='ltr'>Ἀναμνησθείη</span> <span class='ocrx_word' id='word_1_256' title='bbox 722 2219 759 2285; x_wconf 77' lang='grc' dir='ltr'><strong><em>ἠ</em></strong></span> <span class='ocrx_word' id='word_1_257' title='bbox 806 2218 1057 2286; x_wconf 76' lang='grc' dir='ltr'>ἁμαρτία</span> <span class='ocrx_word' id='word_1_258' title='bbox 1097 2215 1213 2270; x_wconf 76' lang='grc' dir='ltr'><strong>τῶν</strong></span> <span class='ocrx_word' id='word_1_259' title='bbox 1246 2216 1510 2285; x_wconf 79' lang='grc' dir='ltr'><strong>πατέρων</strong></span> <span class='ocrx_word' id='word_1_260' title='bbox 1545 2216 1728 2270; x_wconf 85' lang='grc' dir='ltr'>αὑτοῦ</span> 
     </span>
    </p>
   </div>
   <div class='ocr_carea' id='block_1_39' title="bbox 173 2307 1729 2378">
    <p class='ocr_par' dir='ltr' id='par_1_39' title="bbox 173 2307 1729 2378">
     <span class='ocr_line' id='line_1_39' title="bbox 173 2307 1729 2378; baseline -0.001 -18"><span class='ocrx_word' id='word_1_261' title='bbox 173 2308 372 2361; x_wconf 70' lang='grc' dir='ltr'>ἔναντι</span> <span class='ocrx_word' id='word_1_262' title='bbox 403 2309 644 2376; x_wconf 83' lang='grc' dir='ltr'>Κυρίου.</span> <span class='ocrx_word' id='word_1_263' title='bbox 674 2309 844 2362; x_wconf 79' lang='grc' dir='ltr'>Αὑτοῦ</span> <span class='ocrx_word' id='word_1_264' title='bbox 886 2309 980 2362; x_wconf 90' lang='grc' dir='ltr'><strong>τοῦ</strong></span> <span class='ocrx_word' id='word_1_265' title='bbox 1026 2309 1151 2362; x_wconf 91' lang='grc' dir='ltr'>λαοῦ</span> <span class='ocrx_word' id='word_1_266' title='bbox 1170 2327 1181 2339; x_wconf 94' lang='grc'><strong>·</strong></span> <span class='ocrx_word' id='word_1_267' title='bbox 1232 2310 1488 2362; x_wconf 80' lang='grc' dir='ltr'>συνάπτει</span> <span class='ocrx_word' id='word_1_268' title='bbox 1521 2307 1627 2378; x_wconf 78' lang='grc' dir='ltr'><strong>γὰρ</strong></span> <span class='ocrx_word' id='word_1_269' title='bbox 1651 2307 1729 2378; x_wconf 80' lang='grc' dir='ltr'>τῷ</span> 
     </span>
    </p>
   </div>
   <div class='ocr_carea' id='block_1_40' title="bbox 173 2399 1727 2472">
    <p class='ocr_par' dir='ltr' id='par_1_40' title="bbox 173 2399 1727 2472">
     <span class='ocr_line' id='line_1_40' title="bbox 173 2399 1727 2472; baseline 0.001 -21"><span class='ocrx_word' id='word_1_270' title='bbox 173 2401 403 2471; x_wconf 81' lang='grc' dir='ltr'>προδότῃ</span> <span class='ocrx_word' id='word_1_271' title='bbox 435 2399 526 2453; x_wconf 80' lang='grc' dir='ltr'><strong>τὸν</strong></span> <span class='ocrx_word' id='word_1_272' title='bbox 557 2401 867 2471; x_wconf 82' lang='grc' dir='ltr'>παράνομον</span> <span class='ocrx_word' id='word_1_273' title='bbox 896 2402 1040 2455; x_wconf 84' lang='grc' dir='ltr'>λαόν.</span> <span class='ocrx_word' id='word_1_274' title='bbox 1060 2402 1309 2472; x_wconf 81' lang='grc' dir='ltr'>Ἀνομίαν</span> <span class='ocrx_word' id='word_1_275' title='bbox 1333 2402 1387 2454; x_wconf 85' lang='grc' dir='ltr'>δὲ</span> <span class='ocrx_word' id='word_1_276' title='bbox 1412 2401 1518 2454; x_wconf 82' lang='grc' dir='ltr'><strong>τῶν</strong></span> <span class='ocrx_word' id='word_1_277' title='bbox 1563 2401 1727 2452; x_wconf 88' lang='grc' dir='ltr'>πατέ-</span> 
     </span>
    </p>
   </div>
   <div class='ocr_carea' id='block_1_41' title="bbox 175 2489 1727 2562">
    <p class='ocr_par' dir='ltr' id='par_1_41' title="bbox 175 2489 1727 2562">
     <span class='ocr_line' id='line_1_41' title="bbox 175 2489 1727 2562; baseline 0.001 -20"><span class='ocrx_word' id='word_1_278' title='bbox 175 2507 281 2562; x_wconf 81' lang='grc' dir='ltr'><strong>ρων</strong></span> <span class='ocrx_word' id='word_1_279' title='bbox 305 2489 452 2558; x_wconf 83' lang='grc' dir='ltr'>λέγει</span> <span class='ocrx_word' id='word_1_280' title='bbox 484 2489 544 2542; x_wconf 79' lang='grc' dir='ltr'>τὺ</span> <span class='ocrx_word' id='word_1_281' title='bbox 576 2491 885 2544; x_wconf 85' lang='grc' dir='ltr'>ἀποκτεῖναι</span> <span class='ocrx_word' id='word_1_282' title='bbox 913 2494 1036 2554; x_wconf 77' lang='grc' dir='ltr'>τοὺς</span> <span class='ocrx_word' id='word_1_283' title='bbox 1065 2494 1366 2562; x_wconf 70' lang='grc' dir='ltr'>προφήτας,</span> <span class='ocrx_word' id='word_1_284' title='bbox 1398 2493 1534 2545; x_wconf 83' lang='grc' dir='ltr'><strong>κατά</strong></span> <span class='ocrx_word' id='word_1_285' title='bbox 1559 2494 1618 2544; x_wconf 86' lang='grc' dir='ltr'><strong>τὸ</strong></span> <span class='ocrx_word' id='word_1_286' title='bbox 1649 2494 1727 2544; x_wconf 88' lang='grc' dir='ltr'>εί-</span> 
     </span>
    </p>
   </div>
   <div class='ocr_carea' id='block_1_42' title="bbox 175 2579 1728 2654">
    <p class='ocr_par' dir='ltr' id='par_1_42' title="bbox 175 2579 1728 2654">
     <span class='ocr_line' id='line_1_42' title="bbox 175 2579 1728 2654; baseline 0.003 -20"><span class='ocrx_word' id='word_1_287' title='bbox 175 2583 406 2654; x_wconf 77' lang='grc' dir='ltr'>ρημένον</span> <span class='ocrx_word' id='word_1_288' title='bbox 449 2582 556 2636; x_wconf 82' lang='grc' dir='ltr'><strong>ὑπὸ</strong></span> <span class='ocrx_word' id='word_1_289' title='bbox 603 2582 709 2636; x_wconf 88' lang='grc' dir='ltr'>τοῦ·</span> <span class='ocrx_word' id='word_1_290' title='bbox 739 2583 941 2654; x_wconf 79' lang='grc' dir='ltr'>Κυρίου</span> <span class='ocrx_word' id='word_1_291' title='bbox 963 2601 974 2614; x_wconf 88' lang='grc'><strong>·</strong></span> <span class='ocrx_word' id='word_1_292' title='bbox 1003 2584 1084 2637; x_wconf 84' lang='grc' dir='ltr'>ὅτι</span> <span class='ocrx_word' id='word_1_293' title='bbox 1117 2585 1223 2636; x_wconf 80' lang='grc' dir='ltr'>πᾶν</span> <span class='ocrx_word' id='word_1_294' title='bbox 1252 2579 1388 2654; x_wconf 78' lang='grc' dir='ltr'>αἷμα</span> <span class='ocrx_word' id='word_1_295' title='bbox 1414 2584 1615 2638; x_wconf 85' lang='grc' dir='ltr'>δίκαιον</span> <span class='ocrx_word' id='word_1_296' title='bbox 1639 2588 1728 2638; x_wconf 80' lang='grc' dir='ltr'><strong>ὲκ-</strong></span> 
     </span>
    </p>
   </div>
   <div class='ocr_carea' id='block_1_43' title="bbox 171 2673 1728 2747">
    <p class='ocr_par' dir='ltr' id='par_1_43' title="bbox 171 2673 1728 2747">
     <span class='ocr_line' id='line_1_43' title="bbox 171 2673 1728 2747; baseline -0.002 -18"><span class='ocrx_word' id='word_1_297' title='bbox 171 2677 462 2745; x_wconf 81' lang='grc' dir='ltr'>χυνόμενον</span> <span class='ocrx_word' id='word_1_298' title='bbox 511 2674 617 2727; x_wconf 84' lang='grc' dir='ltr'><strong>ἀπὸ</strong></span> <span class='ocrx_word' id='word_1_299' title='bbox 654 2674 747 2728; x_wconf 87' lang='grc' dir='ltr'><strong>τοῦ</strong></span> <span class='ocrx_word' id='word_1_300' title='bbox 777 2673 938 2726; x_wconf 78' lang='grc' dir='ltr'>Ἀὄελ</span> <span class='ocrx_word' id='word_1_301' title='bbox 963 2674 1065 2738; x_wconf 79' lang='grc' dir='ltr'>ἓως</span> <span class='ocrx_word' id='word_1_302' title='bbox 1094 2676 1358 2746; x_wconf 82' lang='grc' dir='ltr'>Ζαχαρίου</span> <span class='ocrx_word' id='word_1_303' title='bbox 1397 2674 1489 2728; x_wconf 82' lang='grc' dir='ltr'><strong>τοῦ</strong></span> <span class='ocrx_word' id='word_1_304' title='bbox 1520 2677 1728 2747; x_wconf 82' lang='grc' dir='ltr'>προφή-</span> 
     </span>
    </p>
   </div>
   <div class='ocr_carea' id='block_1_44' title="bbox 169 2765 1726 2839">
    <p class='ocr_par' dir='ltr' id='par_1_44' title="bbox 169 2765 1726 2839">
     <span class='ocr_line' id='line_1_44' title="bbox 169 2765 1726 2839; baseline 0.004 -23"><span class='ocrx_word' id='word_1_305' title='bbox 169 2781 258 2817; x_wconf 83' lang='grc' dir='ltr'><strong>του</strong></span> <span class='ocrx_word' id='word_1_306' title='bbox 303 2765 715 2835; x_wconf 76' lang='grc' dir='ltr'>ὲκδικηθήσεται</span> <span class='ocrx_word' id='word_1_307' title='bbox 762 2765 868 2818; x_wconf 82' lang='grc' dir='ltr'><strong>ἀπὸ</strong></span> <span class='ocrx_word' id='word_1_308' title='bbox 916 2767 1013 2836; x_wconf 81' lang='grc' dir='ltr'>τῆς</span> <span class='ocrx_word' id='word_1_309' title='bbox 1055 2769 1244 2834; x_wconf 79' lang='grc' dir='ltr'>γενεᾶς</span> <span class='ocrx_word' id='word_1_310' title='bbox 1289 2767 1506 2839; x_wconf 85' lang='grc' dir='ltr'>ταύτης.</span> <span class='ocrx_word' id='word_1_311' title='bbox 1549 2771 1655 2822; x_wconf 86' lang='lat' dir='ltr'><strong>Kal</strong></span> <span class='ocrx_word' id='word_1_312' title='bbox 1689 2770 1726 2837; x_wconf 77' lang='grc' dir='ltr'><strong><em>ἡ</em></strong></span> 
     </span>
    </p>
   </div>
   <div class='ocr_carea' id='block_1_45' title="bbox 171 2855 1726 2929">
    <p class='ocr_par' dir='ltr' id='par_1_45' title="bbox 171 2855 1726 2929">
     <span class='ocr_line' id='line_1_45' title="bbox 171 2855 1726 2929; baseline 0.003 -24"><span class='ocrx_word' id='word_1_313' title='bbox 171 2855 422 2923; x_wconf 81' lang='grc' dir='ltr'>ἁμαρτία</span> <span class='ocrx_word' id='word_1_314' title='bbox 457 2855 566 2923; x_wconf 81' lang='grc' dir='ltr'>τῆς</span> <span class='ocrx_word' id='word_1_315' title='bbox 601 2855 825 2924; x_wconf 80' lang='grc' dir='ltr'>μητρὸς</span> <span class='ocrx_word' id='word_1_316' title='bbox 857 2856 1040 2908; x_wconf 86' lang='grc' dir='ltr'>αὑτοῦ</span> <span class='ocrx_word' id='word_1_317' title='bbox 1062 2856 1147 2925; x_wconf 79' lang='grc' dir='ltr'><strong>μὴ</strong></span> <span class='ocrx_word' id='word_1_318' title='bbox 1179 2857 1573 2926; x_wconf 70' lang='grc' dir='ltr'>ἐξαλειφθείη.</span> <span class='ocrx_word' id='word_1_319' title='bbox 1605 2860 1726 2929; x_wconf 87' lang='grc' dir='ltr'><strong>Μη-</strong></span> 
     </span>
    </p>
   </div>
   <div class='ocr_carea' id='block_1_46' title="bbox 171 2947 1726 3021">
    <p class='ocr_par' dir='ltr' id='par_1_46' title="bbox 171 2947 1726 3021">
     <span class='ocr_line' id='line_1_46' title="bbox 171 2947 1726 3021; baseline 0.003 -22"><span class='ocrx_word' id='word_1_320' title='bbox 171 2948 300 3018; x_wconf 83' lang='grc' dir='ltr'>τέρα</span> <span class='ocrx_word' id='word_1_321' title='bbox 346 2947 441 3000; x_wconf 87' lang='grc' dir='ltr'><strong>τοῦ</strong></span> <span class='ocrx_word' id='word_1_322' title='bbox 485 2947 772 3012; x_wconf 80' lang='grc' dir='ltr'>δυσσεὸοῦς</span> <span class='ocrx_word' id='word_1_323' title='bbox 816 2948 943 3001; x_wconf 84' lang='grc' dir='ltr'>λαοῦ</span> <span class='ocrx_word' id='word_1_324' title='bbox 973 2951 1070 3019; x_wconf 79' lang='grc' dir='ltr'><strong>τὴν</strong></span> <span class='ocrx_word' id='word_1_325' title='bbox 1105 2950 1342 3021; x_wconf 78' lang='grc' dir='ltr'>πονηρὰν</span> <span class='ocrx_word' id='word_1_326' title='bbox 1366 2951 1577 3020; x_wconf 79' lang='grc' dir='ltr'>ἐκείνην</span> <span class='ocrx_word' id='word_1_327' title='bbox 1603 2952 1726 3021; x_wconf 74' lang='grc' dir='ltr'>νοή-</span> 
     </span>
    </p>
   </div>
   <div class='ocr_carea' id='block_1_47' title="bbox 172 3039 1727 3114">
    <p class='ocr_par' dir='ltr' id='par_1_47' title="bbox 172 3039 1727 3114">
     <span class='ocr_line' id='line_1_47' title="bbox 172 3039 1727 3114; baseline 0.003 -22"><span class='ocrx_word' id='word_1_328' title='bbox 172 3057 282 3103; x_wconf 86' lang='grc' dir='ltr'>σεις</span> <span class='ocrx_word' id='word_1_329' title='bbox 309 3039 648 3111; x_wconf 78' lang='grc' dir='ltr'>συναγωγὴν,</span> <span class='ocrx_word' id='word_1_330' title='bbox 697 3039 794 3111; x_wconf 78' lang='grc' dir='ltr'><strong>τὴν</strong></span> <span class='ocrx_word' id='word_1_331' title='bbox 840 3040 1094 3105; x_wconf 77' lang='grc' dir='ltr'><strong>πολλάκις</strong></span> <span class='ocrx_word' id='word_1_332' title='bbox 1121 3042 1610 3114; x_wconf 84' lang='grc' dir='ltr'>παραπικράνασαν</span> <span class='ocrx_word' id='word_1_333' title='bbox 1638 3043 1727 3096; x_wconf 84' lang='grc' dir='ltr'><strong>τὸν</strong></span> 
     </span>
    </p>
   </div>
   <div class='ocr_carea' id='block_1_48' title="bbox 168 3131 313 3184">
    <p class='ocr_par' dir='ltr' id='par_1_48' title="bbox 168 3131 313 3184">
     <span class='ocr_line' id='line_1_48' title="bbox 168 3131 313 3184; baseline 0 0"><span class='ocrx_word' id='word_1_334' title='bbox 168 3131 313 3184; x_wconf 77' lang='grc' dir='ltr'>Θεὸν.</span> 
     </span>
    </p>
   </div>
   <div class='ocr_carea' id='block_1_49' title="bbox 1830 1943 3372 2015">
    <p class='ocr_par' dir='ltr' id='par_1_49' title="bbox 1830 1943 3372 2015">
     <span class='ocr_line' id='line_1_49' title="bbox 1830 1943 3372 2015; baseline 0.008 -23"><span class='ocrx_word' id='word_1_335' title='bbox 1830 1951 2069 2005; x_wconf 63' lang='lat' dir='ltr'><strong>remota,</strong></span> <span class='ocrx_word' id='word_1_336' title='bbox 2107 1957 2214 2011; x_wconf 74' lang='lat' dir='ltr'><strong>pra:</strong></span> <span class='ocrx_word' id='word_1_337' title='bbox 2250 1943 2475 1999; x_wconf 78' lang='lat' dir='ltr'><strong>avaritia</strong></span> <span class='ocrx_word' id='word_1_338' title='bbox 2511 1945 2576 1999; x_wconf 87' lang='lat' dir='ltr'><strong>ad</strong></span> <span class='ocrx_word' id='word_1_339' title='bbox 2615 1949 2897 2015; x_wconf 81' lang='lat' dir='ltr'><strong>pecuniam</strong></span> <span class='ocrx_word' id='word_1_340' title='bbox 2941 1963 3162 2004; x_wconf 88' lang='lat' dir='ltr'><strong>manum</strong></span> <span class='ocrx_word' id='word_1_341' title='bbox 3183 1958 3372 2005; x_wconf 80' lang='lat' dir='ltr'><strong>cxten-</strong></span> 
     </span>
    </p>
   </div>
   <div class='ocr_carea' id='block_1_50' title="bbox 1828 2033 2683 2106">
    <p class='ocr_par' dir='ltr' id='par_1_50' title="bbox 1828 2033 2683 2106">
     <span class='ocr_line' id='line_1_50' title="bbox 1828 2033 2683 2106; baseline 0 -16"><span class='ocrx_word' id='word_1_342' title='bbox 1828 2033 2042 2100; x_wconf 84' lang='lat' dir='ltr'><strong>derunt,</strong></span> <span class='ocrx_word' id='word_1_343' title='bbox 2070 2045 2129 2088; x_wconf 88' lang='lat' dir='ltr'><strong>ut</strong></span> <span class='ocrx_word' id='word_1_344' title='bbox 2155 2036 2306 2106; x_wconf 87' lang='lat' dir='ltr'><strong>egeni</strong></span> <span class='ocrx_word' id='word_1_345' title='bbox 2342 2046 2394 2089; x_wconf 90' lang='lat' dir='ltr'><strong>et</strong></span> <span class='ocrx_word' id='word_1_346' title='bbox 2433 2037 2683 2092; x_wconf 90' lang='lat' dir='ltr'><strong>mendici.</strong></span> 
     </span>
    </p>
   </div>
   <div class='ocr_carea' id='block_1_51' title="bbox 1895 2214 3368 2288">
    <p class='ocr_par' dir='ltr' id='par_1_51' title="bbox 1895 2214 3368 2288">
     <span class='ocr_line' id='line_1_51' title="bbox 1895 2214 3368 2288; baseline 0.003 -20"><span class='ocrx_word' id='word_1_347' title='bbox 1895 2216 1978 2269; x_wconf 78' lang='lat' dir='ltr'><strong>H.</strong></span> <span class='ocrx_word' id='word_1_348' title='bbox 2017 2214 2080 2269; x_wconf 85' lang='lat' dir='ltr'><strong>In</strong></span> <span class='ocrx_word' id='word_1_349' title='bbox 2102 2218 2403 2270; x_wconf 82' lang='lat' dir='ltr'><strong>memoriam</strong></span> <span class='ocrx_word' id='word_1_350' title='bbox 2435 2218 2610 2271; x_wconf 83' lang='lat' dir='ltr'><strong>redeat</strong></span> <span class='ocrx_word' id='word_1_351' title='bbox 2646 2219 2895 2288; x_wconf 84' lang='lat' dir='ltr'><strong>iniquitas</strong></span> <span class='ocrx_word' id='word_1_352' title='bbox 2928 2229 3134 2288; x_wconf 89' lang='lat' dir='ltr'><strong>patrum</strong></span> <span class='ocrx_word' id='word_1_353' title='bbox 3166 2220 3275 2286; x_wconf 80' lang='lat' dir='ltr'><strong>eius</strong></span> <span class='ocrx_word' id='word_1_354' title='bbox 3315 2222 3368 2275; x_wconf 63' lang='lat' dir='ltr'><strong>in</strong></span> 
     </span>
    </p>
   </div>
   <div class='ocr_carea' id='block_1_52' title="bbox 1829 2305 3373 2379">
    <p class='ocr_par' dir='ltr' id='par_1_52' title="bbox 1829 2305 3373 2379">
     <span class='ocr_line' id='line_1_52' title="bbox 1829 2305 3373 2379; baseline 0.005 -20"><span class='ocrx_word' id='word_1_355' title='bbox 1829 2315 2109 2375; x_wconf 82' lang='lat' dir='ltr'><strong>conspectu</strong></span> <span class='ocrx_word' id='word_1_356' title='bbox 2129 2305 2363 2361; x_wconf 82' lang='lat' dir='ltr'><strong>Domini.</strong></span> <span class='ocrx_word' id='word_1_357' title='bbox 2385 2306 2574 2377; x_wconf 90' lang='lat' dir='ltr'><strong>Populi</strong></span> <span class='ocrx_word' id='word_1_358' title='bbox 2606 2309 2774 2378; x_wconf 85' lang='lat' dir='ltr'><strong>ipsius</strong></span> <span class='ocrx_word' id='word_1_359' title='bbox 2801 2309 3045 2364; x_wconf 83' lang='lat' dir='ltr'><strong>videlicet</strong></span> <span class='ocrx_word' id='word_1_360' title='bbox 3070 2328 3084 2376; x_wconf 91' lang='lat'><strong>;</strong></span> <span class='ocrx_word' id='word_1_361' title='bbox 3112 2310 3373 2379; x_wconf 87' lang='lat' dir='ltr'><strong>proditori</strong></span> 
     </span>
    </p>
   </div>
   <div class='ocr_carea' id='block_1_53' title="bbox 1828 2398 3369 2472">
    <p class='ocr_par' dir='ltr' id='par_1_53' title="bbox 1828 2398 3369 2472">
     <span class='ocr_line' id='line_1_53' title="bbox 1828 2398 3369 2472; baseline 0.004 -23"><span class='ocrx_word' id='word_1_362' title='bbox 1828 2411 2061 2466; x_wconf 88' lang='lat' dir='ltr'><strong>namque</strong></span> <span class='ocrx_word' id='word_1_363' title='bbox 2092 2398 2554 2467; x_wconf 66' lang='lat' dir='ltr'><strong>praevaricatorem</strong></span> <span class='ocrx_word' id='word_1_364' title='bbox 2580 2400 2835 2468; x_wconf 88' lang='lat' dir='ltr'><strong>populum</strong></span> <span class='ocrx_word' id='word_1_365' title='bbox 2863 2400 3126 2471; x_wconf 84' lang='lat' dir='ltr'><strong>adjungit.</strong></span> <span class='ocrx_word' id='word_1_366' title='bbox 3163 2401 3369 2472; x_wconf 84' lang='lat' dir='ltr'><strong>iniqui-</strong></span> 
     </span>
    </p>
   </div>
   <div class='ocr_carea' id='block_1_54' title="bbox 1826 2489 3373 2563">
    <p class='ocr_par' dir='ltr' id='par_1_54' title="bbox 1826 2489 3373 2563">
     <span class='ocr_line' id='line_1_54' title="bbox 1826 2489 3373 2563; baseline 0.005 -23"><span class='ocrx_word' id='word_1_367' title='bbox 1826 2495 1990 2542; x_wconf 85' lang='lat' dir='ltr'><strong>tatem</strong></span> <span class='ocrx_word' id='word_1_368' title='bbox 2021 2498 2198 2543; x_wconf 88' lang='lat' dir='ltr'><strong>autem</strong></span> <span class='ocrx_word' id='word_1_369' title='bbox 2230 2497 2441 2558; x_wconf 87' lang='lat' dir='ltr'><strong>patrum</strong></span> <span class='ocrx_word' id='word_1_370' title='bbox 2467 2489 2615 2552; x_wconf 89' lang='lat' dir='ltr'><strong>dicit,</strong></span> <span class='ocrx_word' id='word_1_371' title='bbox 2644 2491 2786 2560; x_wconf 91' lang='lat' dir='ltr'><strong>quod</strong></span> <span class='ocrx_word' id='word_1_372' title='bbox 2820 2492 3119 2546; x_wconf 87' lang='lat' dir='ltr'><strong>occiderint</strong></span> <span class='ocrx_word' id='word_1_373' title='bbox 3141 2495 3373 2563; x_wconf 84' lang='lat' dir='ltr'><strong>prophe-</strong></span> 
     </span>
    </p>
   </div>
   <div class='ocr_carea' id='block_1_55' title="bbox 1828 2577 3374 2652">
    <p class='ocr_par' dir='ltr' id='par_1_55' title="bbox 1828 2577 3374 2652">
     <span class='ocr_line' id='line_1_55' title="bbox 1828 2577 3374 2652; baseline 0.005 -21"><span class='ocrx_word' id='word_1_374' title='bbox 1828 2586 1933 2641; x_wconf 83' lang='lat' dir='ltr'><strong>tas,</strong></span> <span class='ocrx_word' id='word_1_375' title='bbox 1963 2577 2112 2648; x_wconf 79' lang='lat' dir='ltr'><strong>juxta</strong></span> <span class='ocrx_word' id='word_1_376' title='bbox 2139 2578 2268 2633; x_wconf 87' lang='lat' dir='ltr'><strong>illud</strong></span> <span class='ocrx_word' id='word_1_377' title='bbox 2294 2579 2506 2634; x_wconf 89' lang='lat' dir='ltr'><strong>Domini</strong></span> <span class='ocrx_word' id='word_1_378' title='bbox 2536 2581 2737 2636; x_wconf 87' lang='lat' dir='ltr'><strong>dictum</strong></span> <span class='ocrx_word' id='word_1_379' title='bbox 2765 2583 2828 2646; x_wconf 81' lang='lat'><strong>&quot;,</strong></span> <span class='ocrx_word' id='word_1_380' title='bbox 2857 2583 3000 2652; x_wconf 84' lang='lat' dir='ltr'><strong>quod</strong></span> <span class='ocrx_word' id='word_1_381' title='bbox 3028 2584 3231 2639; x_wconf 84' lang='lat' dir='ltr'><strong>scilicet</strong></span> <span class='ocrx_word' id='word_1_382' title='bbox 3256 2600 3374 2638; x_wconf 87' lang='lat' dir='ltr'><strong>om-</strong></span> 
     </span>
    </p>
   </div>
   <div class='ocr_carea' id='block_1_56' title="bbox 1828 2671 3373 2746">
    <p class='ocr_par' dir='ltr' id='par_1_56' title="bbox 1828 2671 3373 2746">
     <span class='ocr_line' id='line_1_56' title="bbox 1828 2671 3373 2746; baseline 0.004 -24"><span class='ocrx_word' id='word_1_383' title='bbox 1828 2671 1912 2723; x_wconf 88' lang='lat' dir='ltr'><strong>nis</strong></span> <span class='ocrx_word' id='word_1_384' title='bbox 1939 2671 2217 2740; x_wconf 77' lang='lat' dir='ltr'><strong>sanguinis</strong></span> <span class='ocrx_word' id='word_1_385' title='bbox 2242 2671 2374 2740; x_wconf 88' lang='lat' dir='ltr'><strong>justi</strong></span> <span class='ocrx_word' id='word_1_386' title='bbox 2403 2673 2554 2728; x_wconf 77' lang='lat' dir='ltr'><strong>eﬂ‘usi</strong></span> <span class='ocrx_word' id='word_1_387' title='bbox 2579 2675 2647 2728; x_wconf 89' lang='lat' dir='ltr'><strong>ab</strong></span> <span class='ocrx_word' id='word_1_388' title='bbox 2682 2675 2847 2730; x_wconf 83' lang='lat' dir='ltr'><strong>Abele</strong></span> <span class='ocrx_word' id='word_1_389' title='bbox 2879 2692 3050 2746; x_wconf 84' lang='lat' dir='ltr'><strong>usque</strong></span> <span class='ocrx_word' id='word_1_390' title='bbox 3077 2675 3142 2730; x_wconf 88' lang='lat' dir='ltr'><strong>ad</strong></span> <span class='ocrx_word' id='word_1_391' title='bbox 3170 2675 3373 2732; x_wconf 77' lang='lat' dir='ltr'><strong>Zacha-</strong></span> 
     </span>
    </p>
   </div>
   <div class='ocr_carea' id='block_1_57' title="bbox 1828 2761 3372 2836">
    <p class='ocr_par' dir='ltr' id='par_1_57' title="bbox 1828 2761 3372 2836">
     <span class='ocr_line' id='line_1_57' title="bbox 1828 2761 3372 2836; baseline 0.005 -23"><span class='ocrx_word' id='word_1_392' title='bbox 1828 2761 1962 2814; x_wconf 86' lang='lat' dir='ltr'><strong>riam</strong></span> <span class='ocrx_word' id='word_1_393' title='bbox 1991 2761 2304 2831; x_wconf 88' lang='lat' dir='ltr'><strong>prophetam</strong></span> <span class='ocrx_word' id='word_1_394' title='bbox 2335 2778 2493 2832; x_wconf 70' lang='lat' dir='ltr'><strong>pmna</strong></span> <span class='ocrx_word' id='word_1_395' title='bbox 2525 2765 2784 2818; x_wconf 88' lang='lat' dir='ltr'><strong>sumenda</strong></span> <span class='ocrx_word' id='word_1_396' title='bbox 2816 2765 2886 2818; x_wconf 89' lang='lat' dir='ltr'><strong>sit</strong></span> <span class='ocrx_word' id='word_1_397' title='bbox 2911 2766 2980 2819; x_wconf 94' lang='lat' dir='ltr'><strong>ab</strong></span> <span class='ocrx_word' id='word_1_398' title='bbox 3007 2767 3107 2821; x_wconf 87' lang='lat' dir='ltr'><strong>hac</strong></span> <span class='ocrx_word' id='word_1_399' title='bbox 3147 2783 3372 2836; x_wconf 87' lang='lat' dir='ltr'><strong>genera-</strong></span> 
     </span>
    </p>
   </div>
   <div class='ocr_carea' id='block_1_58' title="bbox 1827 2851 3367 2924">
    <p class='ocr_par' dir='ltr' id='par_1_58' title="bbox 1827 2851 3367 2924">
     <span class='ocr_line' id='line_1_58' title="bbox 1827 2851 3367 2924; baseline 0.005 -18"><span class='ocrx_word' id='word_1_400' title='bbox 1827 2853 1993 2907; x_wconf 82' lang='lat' dir='ltr'><strong>tione.</strong></span> <span class='ocrx_word' id='word_1_401' title='bbox 2030 2851 2093 2904; x_wconf 86' lang='lat' dir='ltr'><strong>Et</strong></span> <span class='ocrx_word' id='word_1_402' title='bbox 2116 2864 2381 2922; x_wconf 86' lang='lat' dir='ltr'><strong>peccatum</strong></span> <span class='ocrx_word' id='word_1_403' title='bbox 2404 2855 2589 2908; x_wconf 81' lang='lat' dir='ltr'><strong>matris</strong></span> <span class='ocrx_word' id='word_1_404' title='bbox 2618 2855 2730 2924; x_wconf 82' lang='lat' dir='ltr'><strong>rjus</strong></span> <span class='ocrx_word' id='word_1_405' title='bbox 2752 2871 2853 2909; x_wconf 87' lang='lat' dir='ltr'><strong>non</strong></span> <span class='ocrx_word' id='word_1_406' title='bbox 2869 2857 3126 2911; x_wconf 83' lang='lat' dir='ltr'><strong>deleatur.</strong></span> <span class='ocrx_word' id='word_1_407' title='bbox 3145 2857 3367 2913; x_wconf 81' lang='lat' dir='ltr'><strong>Matrem</strong></span> 
     </span>
    </p>
   </div>
   <div class='ocr_carea' id='block_1_59' title="bbox 1827 2943 3371 3020">
    <p class='ocr_par' dir='ltr' id='par_1_59' title="bbox 1827 2943 3371 3020">
     <span class='ocr_line' id='line_1_59' title="bbox 1827 2943 3371 3020; baseline 0.006 -23"><span class='ocrx_word' id='word_1_408' title='bbox 1827 2943 1976 3014; x_wconf 90' lang='lat' dir='ltr'><strong>impii</strong></span> <span class='ocrx_word' id='word_1_409' title='bbox 1998 2945 2201 3014; x_wconf 90' lang='lat' dir='ltr'><strong>populi,</strong></span> <span class='ocrx_word' id='word_1_410' title='bbox 2221 2945 2522 3017; x_wconf 89' lang='lat' dir='ltr'><strong>improbam</strong></span> <span class='ocrx_word' id='word_1_411' title='bbox 2548 2946 2692 3001; x_wconf 89' lang='lat' dir='ltr'><strong>illam</strong></span> <span class='ocrx_word' id='word_1_412' title='bbox 2722 2945 3058 3018; x_wconf 82' lang='lat' dir='ltr'><strong>Synagogam</strong></span> <span class='ocrx_word' id='word_1_413' title='bbox 3083 2949 3371 3020; x_wconf 87' lang='lat' dir='ltr'><strong>intelligas,</strong></span> 
     </span>
    </p>
   </div>
   <div class='ocr_carea' id='block_1_60' title="bbox 1827 3035 2864 3108">
    <p class='ocr_par' dir='ltr' id='par_1_60' title="bbox 1827 3035 2864 3108">
     <span class='ocr_line' id='line_1_60' title="bbox 1827 3035 2864 3108; baseline 0.004 -19"><span class='ocrx_word' id='word_1_414' title='bbox 1827 3051 1946 3105; x_wconf 78' lang='lat' dir='ltr'><strong>qua:</strong></span> <span class='ocrx_word' id='word_1_415' title='bbox 1972 3037 2288 3106; x_wconf 89' lang='lat' dir='ltr'><strong>plerumque</strong></span> <span class='ocrx_word' id='word_1_416' title='bbox 2316 3035 2482 3092; x_wconf 89' lang='lat' dir='ltr'><strong>Deum</strong></span> <span class='ocrx_word' id='word_1_417' title='bbox 2506 3039 2864 3108; x_wconf 71' lang='lat' dir='ltr'><strong>exasperavit.</strong></span> 
     </span>
    </p>
   </div>
   <div class='ocr_carea' id='block_1_61' title="bbox 238 3195 1729 3293">
    <p class='ocr_par' dir='ltr' id='par_1_61' title="bbox 238 3223 1725 3292">
     <span class='ocr_line' id='line_1_61' title="bbox 238 3223 1725 3292; baseline 0.002 -16"><span class='ocrx_word' id='word_1_418' title='bbox 238 3223 556 3292; x_wconf 75' lang='grc' dir='ltr'><strong>Γενηθήτω</strong></span> <span class='ocrx_word' id='word_1_419' title='bbox 587 3225 860 3278; x_wconf 79' lang='grc' dir='ltr'>ἐναντίον</span> <span class='ocrx_word' id='word_1_420' title='bbox 879 3225 1096 3292; x_wconf 78' lang='grc' dir='ltr'>Κυρίου</span> <span class='ocrx_word' id='word_1_421' title='bbox 1116 3224 1467 3290; x_wconf 74' lang='grc' dir='ltr'>διαπαντόςο</span> <span class='ocrx_word' id='word_1_422' title='bbox 1497 3225 1595 3280; x_wconf 75' lang='grc' dir='ltr'><strong>καί</strong></span> <span class='ocrx_word' id='word_1_423' title='bbox 1632 3225 1725 3290; x_wconf 80' lang='grc' dir='ltr'><strong>ἐξ·</strong></span> 
     </span>
    </p>
   </div>
   <div class='ocr_carea' id='block_1_62' title="bbox 1827 3195 3374 3293">
    <p class='ocr_par' dir='ltr' id='par_1_62' title="bbox 1898 3215 3374 3293">
     <span class='ocr_line' id='line_1_62' title="bbox 1898 3215 3374 3293; baseline 0.005 -22"><span class='ocrx_word' id='word_1_424' title='bbox 1898 3217 1983 3272; x_wconf 73' lang='grc'><strong>15.</strong></span> <span class='ocrx_word' id='word_1_425' title='bbox 2028 3215 2150 3271; x_wconf 86' lang='lat' dir='ltr'><strong>Fiat</strong></span> <span class='ocrx_word' id='word_1_426' title='bbox 2179 3228 2361 3272; x_wconf 86' lang='lat' dir='ltr'><strong>contra</strong></span> <span class='ocrx_word' id='word_1_427' title='bbox 2392 3216 2670 3272; x_wconf 84' lang='lat' dir='ltr'><strong>Dominum</strong></span> <span class='ocrx_word' id='word_1_428' title='bbox 2706 3237 2903 3290; x_wconf 86' lang='lat' dir='ltr'><strong>semper</strong></span> <span class='ocrx_word' id='word_1_429' title='bbox 2934 3231 2984 3276; x_wconf 91' lang='lat' dir='ltr'><strong>et</strong></span> <span class='ocrx_word' id='word_1_430' title='bbox 3012 3223 3270 3293; x_wconf 83' lang='lat' dir='ltr'><strong>dispereat</strong></span> <span class='ocrx_word' id='word_1_431' title='bbox 3310 3227 3374 3279; x_wconf 80' lang='lat' dir='ltr'><strong>de</strong></span> 
     </span>
    </p>
   </div>
   <div class='ocr_carea' id='block_1_63' title="bbox 167 3314 1723 3386">
    <p class='ocr_par' dir='ltr' id='par_1_63' title="bbox 167 3314 1723 3386">
     <span class='ocr_line' id='line_1_63' title="bbox 167 3314 1723 3386; baseline 0.002 -18"><span class='ocrx_word' id='word_1_432' title='bbox 167 3316 546 3383; x_wconf 72' lang='grc' dir='ltr'>ολοθρευθείη</span> <span class='ocrx_word' id='word_1_433' title='bbox 566 3316 633 3369; x_wconf 81' lang='grc' dir='ltr'>ἐκ</span> <span class='ocrx_word' id='word_1_434' title='bbox 655 3314 765 3384; x_wconf 79' lang='grc' dir='ltr'><strong>γῆς</strong></span> <span class='ocrx_word' id='word_1_435' title='bbox 791 3314 856 3369; x_wconf 89' lang='grc' dir='ltr'>τὸ</span> <span class='ocrx_word' id='word_1_436' title='bbox 879 3316 1272 3386; x_wconf 77' lang='grc' dir='ltr'><strong>μνημόσυνον</strong></span> <span class='ocrx_word' id='word_1_437' title='bbox 1312 3315 1526 3371; x_wconf 86' lang='grc' dir='ltr'>αὐτῶν.</span> <span class='ocrx_word' id='word_1_438' title='bbox 1565 3319 1723 3381; x_wconf 84' lang='grc' dir='ltr'>Ὀσα,</span> 
     </span>
    </p>
   </div>
   <div class='ocr_carea' id='block_1_64' title="bbox 170 3405 1727 3480">
    <p class='ocr_par' dir='ltr' id='par_1_64' title="bbox 170 3405 1727 3480">
     <span class='ocr_line' id='line_1_64' title="bbox 170 3405 1727 3480; baseline 0.003 -24"><span class='ocrx_word' id='word_1_439' title='bbox 170 3406 330 3474; x_wconf 68' lang='grc' dir='ltr'>φησιν</span> <span class='ocrx_word' id='word_1_440' title='bbox 351 3447 364 3468; x_wconf 87' lang='grc'><strong>,</strong></span> <span class='ocrx_word' id='word_1_441' title='bbox 397 3405 699 3477; x_wconf 79' lang='grc' dir='ltr'>ἐτόλμησαν</span> <span class='ocrx_word' id='word_1_442' title='bbox 733 3407 817 3460; x_wconf 82' lang='grc' dir='ltr'>ἀεὶ</span> <span class='ocrx_word' id='word_1_443' title='bbox 843 3405 1110 3478; x_wconf 81' lang='grc' dir='ltr'>θεώμενος</span> <span class='ocrx_word' id='word_1_444' title='bbox 1141 3407 1169 3460; x_wconf 83' lang='grc' dir='ltr'>ὁ</span> <span class='ocrx_word' id='word_1_445' title='bbox 1200 3405 1330 3471; x_wconf 86' lang='grc' dir='ltr'>Θεὸς</span> <span class='ocrx_word' id='word_1_446' title='bbox 1356 3409 1605 3480; x_wconf 76' lang='grc' dir='ltr'>οὐδεμιᾶς</span> <span class='ocrx_word' id='word_1_447' title='bbox 1632 3409 1727 3460; x_wconf 84' lang='grc' dir='ltr'><strong>αὑ-</strong></span> 
     </span>
    </p>
   </div>
   <div class='ocr_carea' id='block_1_65' title="bbox 169 3495 1727 3569">
    <p class='ocr_par' dir='ltr' id='par_1_65' title="bbox 169 3495 1727 3569">
     <span class='ocr_line' id='line_1_65' title="bbox 169 3495 1727 3569; baseline 0.002 -20"><span class='ocrx_word' id='word_1_448' title='bbox 169 3495 261 3549; x_wconf 86' lang='grc' dir='ltr'><strong>τοῦ</strong></span> <span class='ocrx_word' id='word_1_449' title='bbox 293 3496 516 3562; x_wconf 75' lang='grc' dir='ltr'>ἀξιώσει</span> <span class='ocrx_word' id='word_1_450' title='bbox 550 3496 791 3566; x_wconf 74' lang='grc' dir='ltr'>φειδοῦς·</span> <span class='ocrx_word' id='word_1_451' title='bbox 841 3498 915 3561; x_wconf 82' lang='grc' dir='ltr'>ὡς</span> <span class='ocrx_word' id='word_1_452' title='bbox 948 3498 1074 3567; x_wconf 80' lang='grc' dir='ltr'>περὶ</span> <span class='ocrx_word' id='word_1_453' title='bbox 1106 3497 1318 3560; x_wconf 71' lang='grc' dir='ltr'>πάντων</span> <span class='ocrx_word' id='word_1_454' title='bbox 1350 3499 1407 3552; x_wconf 72' lang='grc' dir='ltr'>δὲ</span> <span class='ocrx_word' id='word_1_455' title='bbox 1449 3499 1554 3553; x_wconf 81' lang='grc' dir='ltr'>τῶν</span> <span class='ocrx_word' id='word_1_456' title='bbox 1596 3501 1727 3569; x_wconf 80' lang='grc' dir='ltr'>ἠπι-</span> 
     </span>
    </p>
   </div>
   <div class='ocr_carea' id='block_1_66' title="bbox 174 3586 1727 3657">
    <p class='ocr_par' dir='ltr' id='par_1_66' title="bbox 174 3586 1727 3657">
     <span class='ocr_line' id='line_1_66' title="bbox 174 3586 1727 3657; baseline 0.003 -20"><span class='ocrx_word' id='word_1_457' title='bbox 174 3588 468 3656; x_wconf 76' lang='grc' dir='ltr'>στηκότων.</span> <span class='ocrx_word' id='word_1_458' title='bbox 519 3587 627 3638; x_wconf 77' lang='grc' dir='ltr'>Καὶ</span> <span class='ocrx_word' id='word_1_459' title='bbox 653 3588 715 3639; x_wconf 83' lang='grc' dir='ltr'><strong>οὐ</strong></span> <span class='ocrx_word' id='word_1_460' title='bbox 748 3588 904 3656; x_wconf 84' lang='grc' dir='ltr'>μόνον</span> <span class='ocrx_word' id='word_1_461' title='bbox 933 3586 1104 3653; x_wconf 81' lang='grc' dir='ltr'>λέγων</span> <span class='ocrx_word' id='word_1_462' title='bbox 1147 3587 1342 3639; x_wconf 76' lang='grc' dir='ltr'>Ἰούδαν</span> <span class='ocrx_word' id='word_1_463' title='bbox 1364 3627 1377 3649; x_wconf 88' lang='grc'><strong>,</strong></span> <span class='ocrx_word' id='word_1_464' title='bbox 1407 3589 1473 3640; x_wconf 86' lang='grc' dir='ltr'>τὸ</span> <span class='ocrx_word' id='word_1_465' title='bbox 1500 3591 1727 3657; x_wconf 80' lang='grc' dir='ltr'><strong>μνημό-</strong></span> 
     </span>
    </p>
   </div>
   <div class='ocr_carea' id='block_1_67' title="bbox 168 3675 1726 3748">
    <p class='ocr_par' dir='ltr' id='par_1_67' title="bbox 168 3675 1726 3748">
     <span class='ocr_line' id='line_1_67' title="bbox 168 3675 1726 3748; baseline 0.001 -19"><span class='ocrx_word' id='word_1_466' title='bbox 168 3693 364 3731; x_wconf 72' lang='grc' dir='ltr'>συνον</span> <span class='ocrx_word' id='word_1_467' title='bbox 388 3675 607 3743; x_wconf 76' lang='grc' dir='ltr'>αὐτῶν,</span> <span class='ocrx_word' id='word_1_468' title='bbox 640 3676 740 3748; x_wconf 67' lang='grc' dir='ltr'><strong>ἔφη</strong></span> <span class='ocrx_word' id='word_1_469' title='bbox 775 3677 1165 3747; x_wconf 78' lang='grc' dir='ltr'>πληθυντικῶς.</span> <span class='ocrx_word' id='word_1_470' title='bbox 1204 3678 1392 3746; x_wconf 86' lang='grc' dir='ltr'>Λέγοις</span> <span class='ocrx_word' id='word_1_471' title='bbox 1439 3679 1483 3732; x_wconf 82' lang='grc' dir='ltr'>δ’</span> <span class='ocrx_word' id='word_1_472' title='bbox 1531 3679 1594 3731; x_wconf 86' lang='grc' dir='ltr'><strong>ἂν</strong></span> <span class='ocrx_word' id='word_1_473' title='bbox 1635 3681 1726 3733; x_wconf 73' lang='grc' dir='ltr'>καὶ</span> 
     </span>
    </p>
   </div>
   <div class='ocr_carea' id='block_1_68' title="bbox 168 3767 1728 3840">
    <p class='ocr_par' dir='ltr' id='par_1_68' title="bbox 168 3767 1728 3840">
     <span class='ocr_line' id='line_1_68' title="bbox 168 3767 1728 3840; baseline 0.001 -19"><span class='ocrx_word' id='word_1_474' title='bbox 168 3768 340 3833; x_wconf 67' lang='grc' dir='ltr'>ἄλλως</span> <span class='ocrx_word' id='word_1_475' title='bbox 366 3769 609 3840; x_wconf 82' lang='grc' dir='ltr'>πατέρας</span> <span class='ocrx_word' id='word_1_476' title='bbox 639 3768 806 3822; x_wconf 80' lang='grc' dir='ltr'>’ἰούδα</span> <span class='ocrx_word' id='word_1_477' title='bbox 825 3768 948 3830; x_wconf 87' lang='grc' dir='ltr'>τοὺς</span> <span class='ocrx_word' id='word_1_478' title='bbox 970 3767 1108 3821; x_wconf 85' lang='grc' dir='ltr'><strong>κατά</strong></span> <span class='ocrx_word' id='word_1_479' title='bbox 1124 3768 1406 3840; x_wconf 80' lang='grc' dir='ltr'>προδοσίαν</span> <span class='ocrx_word' id='word_1_480' title='bbox 1427 3769 1584 3822; x_wconf 84' lang='grc' dir='ltr'>αὑτὸν</span> <span class='ocrx_word' id='word_1_481' title='bbox 1605 3786 1728 3838; x_wconf 82' lang='grc' dir='ltr'>γεν-</span> 
     </span>
    </p>
   </div>
   <div class='ocr_carea' id='block_1_69' title="bbox 168 3853 1725 3932">
    <p class='ocr_par' dir='ltr' id='par_1_69' title="bbox 168 3853 1725 3932">
     <span class='ocr_line' id='line_1_69' title="bbox 168 3853 1725 3932; baseline 0.003 -20"><span class='ocrx_word' id='word_1_482' title='bbox 168 3861 454 3932; x_wconf 78' lang='grc' dir='ltr'>νήσαντας.</span> <span class='ocrx_word' id='word_1_483' title='bbox 485 3853 641 3914; x_wconf 78' lang='grc' dir='ltr'>Οὗτοι</span> <span class='ocrx_word' id='word_1_484' title='bbox 663 3860 706 3914; x_wconf 81' lang='grc' dir='ltr'>δ’</span> <span class='ocrx_word' id='word_1_485' title='bbox 732 3859 796 3913; x_wconf 79' lang='grc' dir='ltr'>ἂν</span> <span class='ocrx_word' id='word_1_486' title='bbox 826 3858 933 3914; x_wconf 80' lang='grc' dir='ltr'>εἷεν</span> <span class='ocrx_word' id='word_1_487' title='bbox 957 3862 1005 3912; x_wconf 88' lang='lat' dir='ltr'><strong>ol</strong></span> <span class='ocrx_word' id='word_1_488' title='bbox 1029 3860 1115 3913; x_wconf 92' lang='grc' dir='ltr'><strong>διά</strong></span> <span class='ocrx_word' id='word_1_489' title='bbox 1137 3861 1244 3912; x_wconf 84' lang='grc' dir='ltr'><strong>τῶν</strong></span> <span class='ocrx_word' id='word_1_490' title='bbox 1269 3861 1543 3932; x_wconf 82' lang='grc' dir='ltr'>ἀργυρίων</span> <span class='ocrx_word' id='word_1_491' title='bbox 1566 3861 1725 3916; x_wconf 84' lang='grc' dir='ltr'>αὑτὸν</span> 
     </span>
    </p>
   </div>
   <div class='ocr_carea' id='block_1_70' title="bbox 167 3952 1725 4024">
    <p class='ocr_par' dir='ltr' id='par_1_70' title="bbox 167 3952 1725 4024">
     <span class='ocr_line' id='line_1_70' title="bbox 167 3952 1725 4024; baseline 0.001 -19"><span class='ocrx_word' id='word_1_492' title='bbox 167 3953 642 4023; x_wconf 85' lang='grc' dir='ltr'>παρορμήσαντες.</span> <span class='ocrx_word' id='word_1_493' title='bbox 678 3952 785 4004; x_wconf 70' lang='grc' dir='ltr'>Καὶ</span> <span class='ocrx_word' id='word_1_494' title='bbox 813 3952 1026 4022; x_wconf 85' lang='grc' dir='ltr'>πρῶτος</span> <span class='ocrx_word' id='word_1_495' title='bbox 1053 3954 1080 4004; x_wconf 87' lang='grc' dir='ltr'>ὁ</span> <span class='ocrx_word' id='word_1_496' title='bbox 1107 3952 1353 4021; x_wconf 77' lang='grc' dir='ltr'>ὲμὸαλὼν</span> <span class='ocrx_word' id='word_1_497' title='bbox 1379 3954 1474 4024; x_wconf 78' lang='grc' dir='ltr'><strong>τὴν</strong></span> <span class='ocrx_word' id='word_1_498' title='bbox 1503 3954 1725 4024; x_wconf 85' lang='grc' dir='ltr'>καρδίαν</span> 
     </span>
    </p>
   </div>
   <div class='ocr_carea' id='block_1_71' title="bbox 167 4043 1727 4113">
    <p class='ocr_par' dir='ltr' id='par_1_71' title="bbox 167 4043 1727 4113">
     <span class='ocr_line' id='line_1_71' title="bbox 167 4043 1727 4113; baseline -0.001 -15"><span class='ocrx_word' id='word_1_499' title='bbox 167 4045 332 4098; x_wconf 76' lang='grc' dir='ltr'>αὑτοῦ</span> <span class='ocrx_word' id='word_1_500' title='bbox 361 4046 626 4106; x_wconf 79' lang='grc' dir='ltr'>Σατανᾶς,</span> <span class='ocrx_word' id='word_1_501' title='bbox 644 4044 734 4096; x_wconf 75' lang='grc' dir='ltr'>καὶ</span> <span class='ocrx_word' id='word_1_502' title='bbox 753 4046 799 4095; x_wconf 89' lang='lat' dir='ltr'><strong>ol</strong></span> <span class='ocrx_word' id='word_1_503' title='bbox 824 4044 1033 4113; x_wconf 74' lang='grc' dir='ltr'>ἔχοντες</span> <span class='ocrx_word' id='word_1_504' title='bbox 1064 4044 1251 4113; x_wconf 82' lang='grc' dir='ltr'>σοφίαν</span> <span class='ocrx_word' id='word_1_505' title='bbox 1280 4043 1462 4096; x_wconf 87' lang='grc' dir='ltr'>τούτου</span> <span class='ocrx_word' id='word_1_506' title='bbox 1484 4045 1576 4096; x_wconf 82' lang='grc' dir='ltr'><strong>τοῦ</strong></span> <span class='ocrx_word' id='word_1_507' title='bbox 1601 4045 1727 4097; x_wconf 83' lang='grc' dir='ltr'><strong>αίῶ-</strong></span> 
     </span>
    </p>
   </div>
   <div class='ocr_carea' id='block_1_72' title="bbox 165 4129 1724 4209">
    <p class='ocr_par' dir='ltr' id='par_1_72' title="bbox 165 4129 1724 4209">
     <span class='ocr_line' id='line_1_72' title="bbox 165 4129 1724 4209; baseline 0.002 -20"><span class='ocrx_word' id='word_1_508' title='bbox 165 4155 252 4201; x_wconf 82' lang='grc' dir='ltr'><strong>νος</strong></span> <span class='ocrx_word' id='word_1_509' title='bbox 278 4140 567 4209; x_wconf 75' lang='grc' dir='ltr'>ἄρχοντες,</span> <span class='ocrx_word' id='word_1_510' title='bbox 590 4137 714 4207; x_wconf 77' lang='grc' dir='ltr'>περὶ</span> <span class='ocrx_word' id='word_1_511' title='bbox 737 4129 810 4188; x_wconf 84' lang='grc' dir='ltr'>ὦν</span> <span class='ocrx_word' id='word_1_512' title='bbox 831 4137 858 4188; x_wconf 85' lang='grc' dir='ltr'>ὁ</span> <span class='ocrx_word' id='word_1_513' title='bbox 884 4137 1091 4200; x_wconf 85' lang='grc' dir='ltr'>Παῦλός</span> <span class='ocrx_word' id='word_1_514' title='bbox 1118 4155 1276 4208; x_wconf 76' lang='grc' dir='ltr'>φησιν</span> <span class='ocrx_word' id='word_1_515' title='bbox 1297 4154 1309 4167; x_wconf 88' lang='grc'><strong>·</strong></span> <span class='ocrx_word' id='word_1_516' title='bbox 1327 4139 1393 4189; x_wconf 85' lang='lat' dir='ltr'><strong>El</strong></span> <span class='ocrx_word' id='word_1_517' title='bbox 1419 4137 1525 4206; x_wconf 79' lang='grc' dir='ltr'><strong>γὰρ</strong></span> <span class='ocrx_word' id='word_1_518' title='bbox 1545 4138 1724 4207; x_wconf 74' lang='grc' dir='ltr'><strong>ἔγνω-</strong></span> 
     </span>
    </p>
   </div>
   <div class='ocr_carea' id='block_1_73' title="bbox 165 4226 1726 4304">
    <p class='ocr_par' dir='ltr' id='par_1_73' title="bbox 165 4226 1726 4304">
     <span class='ocr_line' id='line_1_73' title="bbox 165 4226 1726 4304; baseline 0 -22"><span class='ocrx_word' id='word_1_519' title='bbox 165 4245 308 4290; x_wconf 78' lang='grc' dir='ltr'>σαν,</span> <span class='ocrx_word' id='word_1_520' title='bbox 340 4230 414 4281; x_wconf 86' lang='grc' dir='ltr'>οὐ</span> <span class='ocrx_word' id='word_1_521' title='bbox 439 4229 656 4304; x_wconf 57' lang='grc' dir='ltr'>βύριον</span> <span class='ocrx_word' id='word_1_522' title='bbox 687 4226 794 4296; x_wconf 77' lang='grc' dir='ltr'>τῆς</span> <span class='ocrx_word' id='word_1_523' title='bbox 826 4226 1007 4295; x_wconf 81' lang='grc' dir='ltr'>δόξης</span> <span class='ocrx_word' id='word_1_524' title='bbox 1041 4229 1443 4296; x_wconf 81' lang='grc' dir='ltr'>ἐσταύρωσαν.</span> <span class='ocrx_word' id='word_1_525' title='bbox 1500 4230 1606 4284; x_wconf 83' lang='lat' dir='ltr'><strong>Kal</strong></span> <span class='ocrx_word' id='word_1_526' title='bbox 1631 4231 1726 4295; x_wconf 75' lang='grc' dir='ltr'><strong>ἐξ·</strong></span> 
     </span>
    </p>
   </div>
   <div class='ocr_carea' id='block_1_74' title="bbox 165 4319 1727 4391">
    <p class='ocr_par' dir='ltr' id='par_1_74' title="bbox 165 4319 1727 4391">
     <span class='ocr_line' id='line_1_74' title="bbox 165 4319 1727 4391; baseline 0 -19"><span class='ocrx_word' id='word_1_527' title='bbox 165 4319 547 4388; x_wconf 76' lang='grc' dir='ltr'>ολοθρευθείη</span> <span class='ocrx_word' id='word_1_528' title='bbox 571 4320 638 4371; x_wconf 79' lang='grc' dir='ltr'>ἐκ</span> <span class='ocrx_word' id='word_1_529' title='bbox 663 4319 772 4388; x_wconf 73' lang='grc' dir='ltr'><strong>γῆς</strong></span> <span class='ocrx_word' id='word_1_530' title='bbox 796 4319 860 4372; x_wconf 80' lang='grc' dir='ltr'>τὸ</span> <span class='ocrx_word' id='word_1_531' title='bbox 879 4321 1270 4388; x_wconf 75' lang='grc' dir='ltr'><strong>μνημόσυνον</strong></span> <span class='ocrx_word' id='word_1_532' title='bbox 1290 4321 1491 4374; x_wconf 85' lang='grc' dir='ltr'>αὐτοῦ.</span> <span class='ocrx_word' id='word_1_533' title='bbox 1507 4321 1577 4373; x_wconf 88' lang='grc' dir='ltr'><strong>Τὸ</strong></span> <span class='ocrx_word' id='word_1_534' title='bbox 1593 4339 1727 4391; x_wconf 75' lang='grc' dir='ltr'><strong>μνη-</strong></span> 
     </span>
    </p>
   </div>
   <div class='ocr_carea' id='block_1_75' title="bbox 167 4406 1724 4480">
    <p class='ocr_par' dir='ltr' id='par_1_75' title="bbox 167 4406 1724 4480">
     <span class='ocr_line' id='line_1_75' title="bbox 167 4406 1724 4480; baseline -0.001 -18"><span class='ocrx_word' id='word_1_535' title='bbox 167 4408 398 4480; x_wconf 75' lang='grc' dir='ltr'>μόσυνον</span> <span class='ocrx_word' id='word_1_536' title='bbox 427 4406 594 4460; x_wconf 83' lang='grc' dir='ltr'>αὐτοῦ</span> <span class='ocrx_word' id='word_1_537' title='bbox 622 4406 714 4459; x_wconf 92' lang='grc' dir='ltr'><strong>τοῦ</strong></span> <span class='ocrx_word' id='word_1_538' title='bbox 755 4407 920 4462; x_wconf 81' lang='grc' dir='ltr'>Ἰούδα</span> <span class='ocrx_word' id='word_1_539' title='bbox 955 4407 1146 4478; x_wconf 81' lang='grc' dir='ltr'>φησίν·</span> <span class='ocrx_word' id='word_1_540' title='bbox 1177 4409 1209 4480; x_wconf 81' lang='grc' dir='ltr'>ἢ</span> <span class='ocrx_word' id='word_1_541' title='bbox 1254 4409 1344 4461; x_wconf 73' lang='grc' dir='ltr'><strong>καὶ</strong></span> <span class='ocrx_word' id='word_1_542' title='bbox 1373 4408 1544 4471; x_wconf 78' lang='grc' dir='ltr'>ἄλλως</span> <span class='ocrx_word' id='word_1_543' title='bbox 1563 4448 1576 4471; x_wconf 93' lang='grc'><strong>,</strong></span> <span class='ocrx_word' id='word_1_544' title='bbox 1618 4409 1724 4460; x_wconf 80' lang='grc' dir='ltr'>τῶν</span> 
     </span>
    </p>
   </div>
   <div class='ocr_carea' id='block_1_76' title="bbox 165 4496 1718 4570">
    <p class='ocr_par' dir='ltr' id='par_1_76' title="bbox 165 4496 1718 4570">
     <span class='ocr_line' id='line_1_76' title="bbox 165 4496 1718 4570; baseline 0.001 -19"><span class='ocrx_word' id='word_1_545' title='bbox 165 4501 447 4570; x_wconf 77' lang='grc' dir='ltr'>ἀρχόντων</span> <span class='ocrx_word' id='word_1_546' title='bbox 500 4498 718 4552; x_wconf 77' lang='grc' dir='ltr'>ἐκείνων</span> <span class='ocrx_word' id='word_1_547' title='bbox 763 4499 871 4551; x_wconf 82' lang='grc' dir='ltr'><strong>τῶν</strong></span> <span class='ocrx_word' id='word_1_548' title='bbox 929 4499 1066 4552; x_wconf 83' lang='grc' dir='ltr'><strong>κατά</strong></span> <span class='ocrx_word' id='word_1_549' title='bbox 1113 4496 1344 4570; x_wconf 84' lang='grc' dir='ltr'>Χριστοῦ</span> <span class='ocrx_word' id='word_1_550' title='bbox 1397 4499 1718 4554; x_wconf 82' lang='grc' dir='ltr'>συστάντων.</span> 
     </span>
    </p>
   </div>
   <div class='ocr_carea' id='block_1_77' title="bbox 1827 3311 3373 3382">
    <p class='ocr_par' dir='ltr' id='par_1_77' title="bbox 1827 3311 3373 3382">
     <span class='ocr_line' id='line_1_77' title="bbox 1827 3311 3373 3382; baseline 0.007 -21"><span class='ocrx_word' id='word_1_551' title='bbox 1827 3318 1971 3364; x_wconf 88' lang='lat' dir='ltr'><strong>terra</strong></span> <span class='ocrx_word' id='word_1_552' title='bbox 2009 3311 2256 3364; x_wconf 85' lang='lat' dir='ltr'><strong>memoria</strong></span> <span class='ocrx_word' id='word_1_553' title='bbox 2301 3327 2499 3365; x_wconf 88' lang='lat' dir='ltr'><strong>eorum.</strong></span> <span class='ocrx_word' id='word_1_554' title='bbox 2559 3312 2723 3376; x_wconf 91' lang='lat' dir='ltr'><strong>Cum,</strong></span> <span class='ocrx_word' id='word_1_555' title='bbox 2773 3313 2965 3382; x_wconf 88' lang='lat' dir='ltr'><strong>inquit,</strong></span> <span class='ocrx_word' id='word_1_556' title='bbox 3019 3314 3159 3371; x_wconf 87' lang='lat' dir='ltr'><strong>Deus</strong></span> <span class='ocrx_word' id='word_1_557' title='bbox 3192 3321 3373 3372; x_wconf 83' lang='lat' dir='ltr'><strong>omnia</strong></span> 
     </span>
    </p>
   </div>
   <div class='ocr_carea' id='block_1_78' title="bbox 1825 3400 3376 3472">
    <p class='ocr_par' dir='ltr' id='par_1_78' title="bbox 1825 3400 3376 3472">
     <span class='ocr_line' id='line_1_78' title="bbox 1825 3400 3376 3472; baseline 0.005 -17"><span class='ocrx_word' id='word_1_558' title='bbox 1825 3401 1943 3471; x_wconf 93' lang='lat' dir='ltr'><strong>ejus</strong></span> <span class='ocrx_word' id='word_1_559' title='bbox 1972 3400 2213 3456; x_wconf 79' lang='lat' dir='ltr'><strong>facinora</strong></span> <span class='ocrx_word' id='word_1_560' title='bbox 2240 3416 2449 3472; x_wconf 89' lang='lat' dir='ltr'><strong>semper</strong></span> <span class='ocrx_word' id='word_1_561' title='bbox 2481 3401 2702 3468; x_wconf 81' lang='lat' dir='ltr'><strong>viderit,</strong></span> <span class='ocrx_word' id='word_1_562' title='bbox 2744 3405 3048 3460; x_wconf 87' lang='lat' dir='ltr'><strong>nullatenus</strong></span> <span class='ocrx_word' id='word_1_563' title='bbox 3092 3408 3376 3462; x_wconf 84' lang='lat' dir='ltr'><strong>miserabi-</strong></span> 
     </span>
    </p>
   </div>
   <div class='ocr_carea' id='block_1_79' title="bbox 1825 3493 3368 3564">
    <p class='ocr_par' dir='ltr' id='par_1_79' title="bbox 1825 3493 3368 3564">
     <span class='ocr_line' id='line_1_79' title="bbox 1825 3493 3368 3564; baseline 0.005 -17"><span class='ocrx_word' id='word_1_564' title='bbox 1825 3501 1916 3547; x_wconf 89' lang='lat' dir='ltr'><strong>tur</strong></span> <span class='ocrx_word' id='word_1_565' title='bbox 1942 3508 2088 3558; x_wconf 86' lang='lat' dir='ltr'><strong>eum,</strong></span> <span class='ocrx_word' id='word_1_566' title='bbox 2123 3493 2344 3563; x_wconf 88' lang='lat' dir='ltr'><strong>perinde</strong></span> <span class='ocrx_word' id='word_1_567' title='bbox 2369 3503 2527 3563; x_wconf 90' lang='lat' dir='ltr'><strong>atque</strong></span> <span class='ocrx_word' id='word_1_568' title='bbox 2551 3509 2738 3549; x_wconf 89' lang='lat' dir='ltr'><strong>omnes</strong></span> <span class='ocrx_word' id='word_1_569' title='bbox 2764 3495 2855 3564; x_wconf 91' lang='lat' dir='ltr'><strong>qui</strong></span> <span class='ocrx_word' id='word_1_570' title='bbox 2880 3511 2984 3550; x_wconf 91' lang='lat' dir='ltr'><strong>non</strong></span> <span class='ocrx_word' id='word_1_571' title='bbox 3007 3498 3368 3554; x_wconf 87' lang='lat' dir='ltr'><strong>crediderunt.</strong></span> 
     </span>
    </p>
   </div>
   <div class='ocr_carea' id='block_1_80' title="bbox 1825 3581 3368 3658">
    <p class='ocr_par' dir='ltr' id='par_1_80' title="bbox 1825 3581 3368 3658">
     <span class='ocr_line' id='line_1_80' title="bbox 1825 3581 3368 3658; baseline 0.005 -24"><span class='ocrx_word' id='word_1_572' title='bbox 1825 3581 2010 3652; x_wconf 84' lang='lat' dir='ltr'><strong>Neque</strong></span> <span class='ocrx_word' id='word_1_573' title='bbox 2039 3583 2181 3636; x_wconf 89' lang='lat' dir='ltr'><strong>enim</strong></span> <span class='ocrx_word' id='word_1_574' title='bbox 2213 3583 2279 3637; x_wconf 91' lang='lat' dir='ltr'><strong>de</strong></span> <span class='ocrx_word' id='word_1_575' title='bbox 2311 3584 2427 3638; x_wconf 90' lang='lat' dir='ltr'><strong>solo</strong></span> <span class='ocrx_word' id='word_1_576' title='bbox 2452 3582 2588 3637; x_wconf 83' lang='lat' dir='ltr'><strong>Juda</strong></span> <span class='ocrx_word' id='word_1_577' title='bbox 2623 3585 2880 3653; x_wconf 83' lang='lat' dir='ltr'><strong>loquitur,</strong></span> <span class='ocrx_word' id='word_1_578' title='bbox 2917 3602 3038 3640; x_wconf 89' lang='lat' dir='ltr'><strong>cum</strong></span> <span class='ocrx_word' id='word_1_579' title='bbox 3073 3588 3368 3658; x_wconf 84' lang='lat' dir='ltr'><strong>pluraliter,</strong></span> 
     </span>
    </p>
   </div>
   <div class='ocr_carea' id='block_1_81' title="bbox 1827 3673 3373 3749">
    <p class='ocr_par' dir='ltr' id='par_1_81' title="bbox 1827 3673 3373 3749">
     <span class='ocr_line' id='line_1_81' title="bbox 1827 3673 3373 3749; baseline 0.005 -23"><span class='ocrx_word' id='word_1_580' title='bbox 1827 3674 2077 3726; x_wconf 83' lang='lat' dir='ltr'><strong>memoria</strong></span> <span class='ocrx_word' id='word_1_581' title='bbox 2126 3689 2325 3735; x_wconf 88' lang='lat' dir='ltr'><strong>eorum,</strong></span> <span class='ocrx_word' id='word_1_582' title='bbox 2375 3673 2604 3727; x_wconf 88' lang='lat' dir='ltr'><strong>dicatur.</strong></span> <span class='ocrx_word' id='word_1_583' title='bbox 2655 3675 2773 3727; x_wconf 85' lang='lat' dir='ltr'><strong>Alio</strong></span> <span class='ocrx_word' id='word_1_584' title='bbox 2840 3679 2999 3731; x_wconf 90' lang='lat' dir='ltr'><strong>modo</strong></span> <span class='ocrx_word' id='word_1_585' title='bbox 3041 3679 3147 3732; x_wconf 88' lang='lat' dir='ltr'><strong>dici</strong></span> <span class='ocrx_word' id='word_1_586' title='bbox 3199 3692 3373 3749; x_wconf 83' lang='lat' dir='ltr'><strong>potest</strong></span> 
     </span>
    </p>
   </div>
   <div class='ocr_carea' id='block_1_82' title="bbox 1825 3763 3362 3842">
    <p class='ocr_par' dir='ltr' id='par_1_82' title="bbox 1825 3763 3362 3842">
     <span class='ocr_line' id='line_1_82' title="bbox 1825 3763 3362 3842; baseline 0.006 -24"><span class='ocrx_word' id='word_1_587' title='bbox 1825 3775 2005 3834; x_wconf 85' lang='lat' dir='ltr'><strong>patres</strong></span> <span class='ocrx_word' id='word_1_588' title='bbox 2038 3763 2188 3819; x_wconf 69' lang='lat' dir='ltr'><strong>Judze</strong></span> <span class='ocrx_word' id='word_1_589' title='bbox 2234 3765 2481 3832; x_wconf 89' lang='lat' dir='ltr'><strong>indicari,</strong></span> <span class='ocrx_word' id='word_1_590' title='bbox 2517 3766 2610 3834; x_wconf 92' lang='lat' dir='ltr'><strong>qui</strong></span> <span class='ocrx_word' id='word_1_591' title='bbox 2646 3767 2710 3821; x_wconf 89' lang='lat' dir='ltr'><strong>ad</strong></span> <span class='ocrx_word' id='word_1_592' title='bbox 2760 3765 3117 3837; x_wconf 74' lang='lat' dir='ltr'><strong>proditionem</strong></span> <span class='ocrx_word' id='word_1_593' title='bbox 3162 3789 3362 3842; x_wconf 83' lang='lat' dir='ltr'><strong>genue-</strong></span> 
     </span>
    </p>
   </div>
   <div class='ocr_carea' id='block_1_83' title="bbox 1826 3852 3372 3932">
    <p class='ocr_par' dir='ltr' id='par_1_83' title="bbox 1826 3852 3372 3932">
     <span class='ocr_line' id='line_1_83' title="bbox 1826 3852 3372 3932; baseline 0.004 -22"><span class='ocrx_word' id='word_1_594' title='bbox 1826 3864 1953 3910; x_wconf 89' lang='lat' dir='ltr'><strong>runt</strong></span> <span class='ocrx_word' id='word_1_595' title='bbox 1980 3855 2150 3908; x_wconf 91' lang='lat' dir='ltr'><strong>illum.</strong></span> <span class='ocrx_word' id='word_1_596' title='bbox 2205 3852 2269 3907; x_wconf 88' lang='lat' dir='ltr'><strong>Hi</strong></span> <span class='ocrx_word' id='word_1_597' title='bbox 2321 3863 2500 3908; x_wconf 86' lang='lat' dir='ltr'><strong>autem</strong></span> <span class='ocrx_word' id='word_1_598' title='bbox 2535 3854 2757 3923; x_wconf 76' lang='lat' dir='ltr'><strong>fuerint,</strong></span> <span class='ocrx_word' id='word_1_599' title='bbox 2810 3858 2901 3927; x_wconf 91' lang='lat' dir='ltr'><strong>qui</strong></span> <span class='ocrx_word' id='word_1_600' title='bbox 2948 3875 3042 3929; x_wconf 89' lang='lat' dir='ltr'><strong>per</strong></span> <span class='ocrx_word' id='word_1_601' title='bbox 3087 3872 3372 3932; x_wconf 80' lang='lat' dir='ltr'><strong>argenteos</strong></span> 
     </span>
    </p>
   </div>
   <div class='ocr_carea' id='block_1_84' title="bbox 1825 3944 3370 4019">
    <p class='ocr_par' dir='ltr' id='par_1_84' title="bbox 1825 3944 3370 4019">
     <span class='ocr_line' id='line_1_84' title="bbox 1825 3944 3370 4019; baseline 0.003 -22"><span class='ocrx_word' id='word_1_602' title='bbox 1825 3945 2176 4015; x_wconf 88' lang='lat' dir='ltr'><strong>perpulerunt</strong></span> <span class='ocrx_word' id='word_1_603' title='bbox 2216 3944 2388 3996; x_wconf 91' lang='lat' dir='ltr'><strong>illum.</strong></span> <span class='ocrx_word' id='word_1_604' title='bbox 2422 3945 2488 3997; x_wconf 85' lang='lat' dir='ltr'><strong>Et</strong></span> <span class='ocrx_word' id='word_1_605' title='bbox 2519 3945 2724 4012; x_wconf 90' lang='lat' dir='ltr'><strong>primus</strong></span> <span class='ocrx_word' id='word_1_606' title='bbox 2771 3947 2959 4002; x_wconf 89' lang='lat' dir='ltr'><strong>eortim</strong></span> <span class='ocrx_word' id='word_1_607' title='bbox 3013 3947 3240 4006; x_wconf 86' lang='lat' dir='ltr'><strong>Satanas</strong></span> <span class='ocrx_word' id='word_1_608' title='bbox 3268 3964 3370 4019; x_wconf 76' lang='lat' dir='ltr'><strong>esr,</strong></span> 
     </span>
    </p>
   </div>
   <div class='ocr_carea' id='block_1_85' title="bbox 1825 4035 3370 4111">
    <p class='ocr_par' dir='ltr' id='par_1_85' title="bbox 1825 4035 3370 4111">
     <span class='ocr_line' id='line_1_85' title="bbox 1825 4035 3370 4111; baseline 0.007 -25"><span class='ocrx_word' id='word_1_609' title='bbox 1825 4038 1917 4106; x_wconf 83' lang='lat' dir='ltr'><strong>qui</strong></span> <span class='ocrx_word' id='word_1_610' title='bbox 1956 4036 2180 4090; x_wconf 85' lang='lat' dir='ltr'><strong>immisit</strong></span> <span class='ocrx_word' id='word_1_611' title='bbox 2211 4035 2264 4087; x_wconf 93' lang='lat' dir='ltr'><strong>in</strong></span> <span class='ocrx_word' id='word_1_612' title='bbox 2295 4050 2388 4089; x_wconf 88' lang='lat' dir='ltr'><strong>cor</strong></span> <span class='ocrx_word' id='word_1_613' title='bbox 2406 4035 2544 4103; x_wconf 90' lang='lat' dir='ltr'><strong>ejus,</strong></span> <span class='ocrx_word' id='word_1_614' title='bbox 2573 4051 2779 4090; x_wconf 86' lang='lat' dir='ltr'><strong>necnon</strong></span> <span class='ocrx_word' id='word_1_615' title='bbox 2818 4040 3084 4107; x_wconf 86' lang='lat' dir='ltr'><strong>principes</strong></span> <span class='ocrx_word' id='word_1_616' title='bbox 3109 4043 3370 4111; x_wconf 86' lang='lat' dir='ltr'><strong>sapientia</strong></span> 
     </span>
    </p>
   </div>
   <div class='ocr_carea' id='block_1_86' title="bbox 1825 4127 3368 4197">
    <p class='ocr_par' dir='ltr' id='par_1_86' title="bbox 1825 4127 3368 4197">
     <span class='ocr_line' id='line_1_86' title="bbox 1825 4127 3368 4197; baseline 0.003 -17"><span class='ocrx_word' id='word_1_617' title='bbox 1825 4128 2031 4197; x_wconf 72' lang='lat' dir='ltr'><strong>pra:diti</strong></span> <span class='ocrx_word' id='word_1_618' title='bbox 2062 4127 2287 4197; x_wconf 89' lang='lat' dir='ltr'><strong>hujusce</strong></span> <span class='ocrx_word' id='word_1_619' title='bbox 2308 4127 2516 4193; x_wconf 90' lang='lat' dir='ltr'><strong>mundi,</strong></span> <span class='ocrx_word' id='word_1_620' title='bbox 2540 4128 2606 4182; x_wconf 91' lang='lat' dir='ltr'><strong>de</strong></span> <span class='ocrx_word' id='word_1_621' title='bbox 2626 4128 2823 4194; x_wconf 87' lang='lat' dir='ltr'><strong>quibus</strong></span> <span class='ocrx_word' id='word_1_622' title='bbox 2851 4128 2927 4181; x_wconf 86' lang='lat' dir='ltr'><strong>ait</strong></span> <span class='ocrx_word' id='word_1_623' title='bbox 2951 4129 3151 4184; x_wconf 87' lang='lat' dir='ltr'><strong>Paulus</strong></span> <span class='ocrx_word' id='word_1_624' title='bbox 3182 4150 3196 4185; x_wconf 88' lang='lat'><strong>:</strong></span> <span class='ocrx_word' id='word_1_625' title='bbox 3229 4131 3368 4186; x_wconf 87' lang='lat' dir='ltr'><strong>Nam</strong></span> 
     </span>
    </p>
   </div>
   <div class='ocr_carea' id='block_1_87' title="bbox 1825 4215 3371 4293">
    <p class='ocr_par' dir='ltr' id='par_1_87' title="bbox 1825 4215 3371 4293">
     <span class='ocr_line' id='line_1_87' title="bbox 1825 4215 3371 4293; baseline 0.004 -21"><span class='ocrx_word' id='word_1_626' title='bbox 1825 4221 1870 4272; x_wconf 85' lang='lat' dir='ltr'><strong>si</strong></span> <span class='ocrx_word' id='word_1_627' title='bbox 1901 4215 2897 4292; x_wconf 48' lang='lat' dir='ltr'><strong>cognovissent,,nunquam&#39;Dominum</strong></span> <span class='ocrx_word' id='word_1_628' title='bbox 2945 4226 3128 4293; x_wconf 67' lang='lat' dir='ltr'><strong>gloriae</strong></span> <span class='ocrx_word' id='word_1_629' title='bbox 3165 4225 3371 4293; x_wconf 83' lang='lat' dir='ltr'><strong>cruciﬁ-</strong></span> 
     </span>
    </p>
   </div>
   <div class='ocr_carea' id='block_1_88' title="bbox 1823 4311 3374 4380">
    <p class='ocr_par' dir='ltr' id='par_1_88' title="bbox 1823 4311 3374 4380">
     <span class='ocr_line' id='line_1_88' title="bbox 1823 4311 3374 4380; baseline 0.004 -15"><span class='ocrx_word' id='word_1_630' title='bbox 1823 4316 2024 4366; x_wconf 75' lang='lat' dir='ltr'><strong>xissent</strong></span> <span class='ocrx_word' id='word_1_631' title='bbox 2044 4312 2107 4365; x_wconf 84' lang='grc'>¹³.</span> <span class='ocrx_word' id='word_1_632' title='bbox 2137 4311 2204 4364; x_wconf 88' lang='lat' dir='ltr'><strong>Et</strong></span> <span class='ocrx_word' id='word_1_633' title='bbox 2236 4313 2496 4380; x_wconf 86' lang='lat' dir='ltr'><strong>dispereat</strong></span> <span class='ocrx_word' id='word_1_634' title='bbox 2517 4312 2581 4366; x_wconf 78' lang='lat' dir='ltr'><strong>de</strong></span> <span class='ocrx_word' id='word_1_635' title='bbox 2601 4325 2737 4366; x_wconf 88' lang='lat' dir='ltr'><strong>terra</strong></span> <span class='ocrx_word' id='word_1_636' title='bbox 2761 4317 3009 4367; x_wconf 86' lang='lat' dir='ltr'><strong>memoria</strong></span> <span class='ocrx_word' id='word_1_637' title='bbox 3036 4332 3229 4369; x_wconf 88' lang='lat' dir='ltr'><strong>eorum.</strong></span> <span class='ocrx_word' id='word_1_638' title='bbox 3265 4316 3374 4371; x_wconf 86' lang='lat' dir='ltr'><strong>Me-</strong></span> 
     </span>
    </p>
   </div>
   <div class='ocr_carea' id='block_1_89' title="bbox 1826 4401 3371 4477">
    <p class='ocr_par' dir='ltr' id='par_1_89' title="bbox 1826 4401 3371 4477">
     <span class='ocr_line' id='line_1_89' title="bbox 1826 4401 3371 4477; baseline 0.004 -21"><span class='ocrx_word' id='word_1_639' title='bbox 1826 4405 1996 4457; x_wconf 89' lang='lat' dir='ltr'><strong>moria</strong></span> <span class='ocrx_word' id='word_1_640' title='bbox 2047 4401 2198 4457; x_wconf 69' lang='lat' dir='ltr'><strong>ludat</strong></span> <span class='ocrx_word' id='word_1_641' title='bbox 2244 4404 2486 4468; x_wconf 90' lang='lat' dir='ltr'><strong>scilicet;</strong></span> <span class='ocrx_word' id='word_1_642' title='bbox 2547 4413 2640 4458; x_wconf 88' lang='lat' dir='ltr'><strong>aut</strong></span> <span class='ocrx_word' id='word_1_643' title='bbox 2683 4405 2790 4458; x_wconf 89' lang='lat' dir='ltr'><strong>alio</strong></span> <span class='ocrx_word' id='word_1_644' title='bbox 2839 4407 3019 4469; x_wconf 90' lang='lat' dir='ltr'><strong>modo,</strong></span> <span class='ocrx_word' id='word_1_645' title='bbox 3070 4407 3371 4477; x_wconf 88' lang='lat' dir='ltr'><strong>principum</strong></span> 
     </span>
    </p>
   </div>
   <div class='ocr_carea' id='block_1_90' title="bbox 1826 4496 3368 4565">
    <p class='ocr_par' dir='ltr' id='par_1_90' title="bbox 1826 4496 3368 4565">
     <span class='ocr_line' id='line_1_90' title="bbox 1826 4496 3368 4565; baseline 0.003 -15"><span class='ocrx_word' id='word_1_646' title='bbox 1826 4510 2013 4550; x_wconf 89' lang='lat' dir='ltr'><strong>eorum</strong></span> <span class='ocrx_word' id='word_1_647' title='bbox 2055 4496 2146 4565; x_wconf 90' lang='lat' dir='ltr'><strong>qui</strong></span> <span class='ocrx_word' id='word_1_648' title='bbox 2192 4496 2448 4551; x_wconf 87' lang='lat' dir='ltr'><strong>adversus</strong></span> <span class='ocrx_word' id='word_1_649' title='bbox 2492 4496 2766 4551; x_wconf 87' lang='lat' dir='ltr'><strong>Christum</strong></span> <span class='ocrx_word' id='word_1_650' title='bbox 2799 4513 2907 4550; x_wconf 87' lang='lat' dir='ltr'><strong>una</strong></span> <span class='ocrx_word' id='word_1_651' title='bbox 2950 4507 3231 4553; x_wconf 86' lang='lat' dir='ltr'><strong>steterunt.</strong></span> <span class='ocrx_word' id='word_1_652' title='bbox 3264 4499 3368 4554; x_wconf 86' lang='lat' dir='ltr'><strong>Ne-</strong></span> 
     </span>
    </p>
   </div>
   <div class='ocr_carea' id='block_1_91' title="bbox 165 4588 1729 4662">
    <p class='ocr_par' dir='ltr' id='par_1_91' title="bbox 165 4589 1722 4662">
     <span class='ocr_line' id='line_1_91' title="bbox 165 4589 1722 4662; baseline -0.001 -16"><span class='ocrx_word' id='word_1_653' title='bbox 165 4591 297 4646; x_wconf 57' lang='lat' dir='ltr'><strong>osse</strong></span> <span class='ocrx_word' id='word_1_654' title='bbox 341 4591 458 4662; x_wconf 77' lang='grc' dir='ltr'><strong>γὰρ</strong></span> <span class='ocrx_word' id='word_1_655' title='bbox 507 4592 725 4662; x_wconf 82' lang='grc' dir='ltr'>σπέρμα</span> <span class='ocrx_word' id='word_1_656' title='bbox 767 4589 941 4644; x_wconf 78' lang='grc' dir='ltr'>αὐτῶν</span> <span class='ocrx_word' id='word_1_657' title='bbox 999 4591 1208 4661; x_wconf 78' lang='grc' dir='ltr'>ἔμεινεν</span> <span class='ocrx_word' id='word_1_658' title='bbox 1255 4593 1332 4656; x_wconf 73' lang='grc' dir='ltr'><strong>εἰς</strong></span> <span class='ocrx_word' id='word_1_659' title='bbox 1390 4591 1722 4661; x_wconf 70' lang='grc' dir='ltr'>μνημόσυνον</span> 
     </span>
    </p>
   </div>
   <div class='ocr_carea' id='block_1_92' title="bbox 1827 4588 3372 4662">
    <p class='ocr_par' dir='ltr' id='par_1_92' title="bbox 1828 4588 3372 4657">
     <span class='ocr_line' id='line_1_92' title="bbox 1828 4588 3372 4657; baseline 0.005 -17"><span class='ocrx_word' id='word_1_660' title='bbox 1828 4603 1933 4657; x_wconf 89' lang='lat' dir='ltr'><strong>que</strong></span> <span class='ocrx_word' id='word_1_661' title='bbox 1984 4588 2127 4641; x_wconf 83' lang='lat' dir='ltr'><strong>enim</strong></span> <span class='ocrx_word' id='word_1_662' title='bbox 2163 4603 2342 4643; x_wconf 88' lang='lat' dir='ltr'><strong>semen</strong></span> <span class='ocrx_word' id='word_1_663' title='bbox 2387 4603 2575 4644; x_wconf 92' lang='lat' dir='ltr'><strong>eorum</strong></span> <span class='ocrx_word' id='word_1_664' title='bbox 2629 4590 2886 4643; x_wconf 87' lang='lat' dir='ltr'><strong>remansit</strong></span> <span class='ocrx_word' id='word_1_665' title='bbox 2934 4591 2998 4642; x_wconf 89' lang='lat' dir='ltr'><strong>ad</strong></span> <span class='ocrx_word' id='word_1_666' title='bbox 3054 4593 3372 4648; x_wconf 84' lang='lat' dir='ltr'><strong>memoriam</strong></span> 
     </span>
    </p>
   </div>
   <div class='ocr_carea' id='block_1_93' title="bbox 164 4683 388 4738">
    <p class='ocr_par' dir='ltr' id='par_1_93' title="bbox 164 4683 388 4738">
     <span class='ocr_line' id='line_1_93' title="bbox 164 4683 388 4738; baseline 0.009 -2"><span class='ocrx_word' id='word_1_667' title='bbox 164 4683 359 4738; x_wconf 75' lang='grc' dir='ltr'>αὐτῶν.</span> <span class='ocrx_word' id='word_1_668' title='bbox 381 4687 388 4691; x_wconf 83' lang='grc'><em>’</em></span> 
     </span>
    </p>
   </div>
   <div class='ocr_carea' id='block_1_94' title="bbox 241 4768 1718 4842">
    <p class='ocr_par' dir='ltr' id='par_1_94' title="bbox 241 4768 1718 4842">
     <span class='ocr_line' id='line_1_94' title="bbox 241 4768 1718 4842; baseline 0.005 -21"><span class='ocrx_word' id='word_1_669' title='bbox 241 4775 392 4830; x_wconf 78' lang='grc' dir='ltr'><strong>Ἀνθ’</strong></span> <span class='ocrx_word' id='word_1_670' title='bbox 416 4768 508 4828; x_wconf 76' lang='grc' dir='ltr'><strong>ὧν</strong></span> <span class='ocrx_word' id='word_1_671' title='bbox 530 4774 640 4827; x_wconf 79' lang='grc' dir='ltr'>οὐκ</span> <span class='ocrx_word' id='word_1_672' title='bbox 661 4773 929 4842; x_wconf 83' lang='grc' dir='ltr'><strong>ἐμνήσθη</strong></span> <span class='ocrx_word' id='word_1_673' title='bbox 953 4771 1193 4840; x_wconf 82' lang='grc' dir='ltr'>ποιῆσαι</span> <span class='ocrx_word' id='word_1_674' title='bbox 1218 4773 1404 4838; x_wconf 79' lang='grc' dir='ltr'>ἕλεος.</span> <span class='ocrx_word' id='word_1_675' title='bbox 1457 4775 1528 4826; x_wconf 84' lang='grc' dir='ltr'>Τὸ</span> <span class='ocrx_word' id='word_1_676' title='bbox 1555 4774 1718 4838; x_wconf 76' lang='grc' dir='ltr'>ἕλεος,</span> 
     </span>
    </p>
   </div>
   <div class='ocr_carea' id='block_1_95' title="bbox 162 4862 1720 4936">
    <p class='ocr_par' dir='ltr' id='par_1_95' title="bbox 162 4862 1720 4936">
     <span class='ocr_line' id='line_1_95' title="bbox 162 4862 1720 4936; baseline -0.001 -18"><span class='ocrx_word' id='word_1_677' title='bbox 162 4866 351 4935; x_wconf 73' lang='grc' dir='ltr'>φησὶν,</span> <span class='ocrx_word' id='word_1_678' title='bbox 376 4865 480 4916; x_wconf 85' lang='grc' dir='ltr'><strong>οὐκ</strong></span> <span class='ocrx_word' id='word_1_679' title='bbox 507 4863 733 4934; x_wconf 68' lang='grc' dir='ltr'>ἠθέλησε</span> <span class='ocrx_word' id='word_1_680' title='bbox 762 4862 1010 4926; x_wconf 81' lang='grc' dir='ltr'>δέξασθαι</span> <span class='ocrx_word' id='word_1_681' title='bbox 1034 4864 1062 4918; x_wconf 85' lang='grc' dir='ltr'>ὃ</span> <span class='ocrx_word' id='word_1_682' title='bbox 1092 4863 1315 4916; x_wconf 80' lang='grc' dir='ltr'>δέδωκεν</span> <span class='ocrx_word' id='word_1_683' title='bbox 1339 4864 1367 4914; x_wconf 83' lang='grc' dir='ltr'>ὁ</span> <span class='ocrx_word' id='word_1_684' title='bbox 1401 4863 1585 4936; x_wconf 76' lang='grc' dir='ltr'>Πατὴρ</span> <span class='ocrx_word' id='word_1_685' title='bbox 1612 4867 1720 4927; x_wconf 84' lang='grc' dir='ltr'>τοῖς</span> 
     </span>
    </p>
   </div>
   <div class='ocr_carea' id='block_1_96' title="bbox 160 4951 1722 5026">
    <p class='ocr_par' dir='ltr' id='par_1_96' title="bbox 160 4951 1722 5026">
     <span class='ocr_line' id='line_1_96' title="bbox 160 4951 1722 5026; baseline -0.001 -18"><span class='ocrx_word' id='word_1_686' title='bbox 160 4954 495 5026; x_wconf 76' lang='grc' dir='ltr'>ἀνθρώποις,</span> <span class='ocrx_word' id='word_1_687' title='bbox 527 4954 621 5006; x_wconf 74' lang='grc' dir='ltr'><strong>καὶ</strong></span> <span class='ocrx_word' id='word_1_688' title='bbox 644 4953 777 5024; x_wconf 75' lang='grc' dir='ltr'>πρὸς</span> <span class='ocrx_word' id='word_1_689' title='bbox 804 4957 915 5017; x_wconf 79' lang='grc' dir='ltr'>τοῖς</span> <span class='ocrx_word' id='word_1_690' title='bbox 945 4956 1125 5016; x_wconf 80' lang='grc' dir='ltr'>αὐτοῖς</span> <span class='ocrx_word' id='word_1_691' title='bbox 1146 4956 1255 5017; x_wconf 84' lang='grc' dir='ltr'>τοῖς</span> <span class='ocrx_word' id='word_1_692' title='bbox 1277 4951 1571 5007; x_wconf 82' lang='grc' dir='ltr'>ἀπολωλόσι</span> <span class='ocrx_word' id='word_1_693' title='bbox 1593 4973 1722 5026; x_wconf 87' lang='grc' dir='ltr'>προ-</span> 
     </span>
    </p>
   </div>
   <div class='ocr_carea' id='block_1_97' title="bbox 160 5042 1720 5116">
    <p class='ocr_par' dir='ltr' id='par_1_97' title="bbox 160 5042 1720 5116">
     <span class='ocr_line' id='line_1_97' title="bbox 160 5042 1720 5116; baseline 0.001 -21"><span class='ocrx_word' id='word_1_694' title='bbox 160 5045 355 5108; x_wconf 73' lang='grc' dir='ltr'>ϐάτοις</span> <span class='ocrx_word' id='word_1_695' title='bbox 382 5042 479 5096; x_wconf 86' lang='grc' dir='ltr'><strong>τοῦ</strong></span> <span class='ocrx_word' id='word_1_696' title='bbox 522 5043 756 5115; x_wconf 80' lang='grc' dir='ltr'>Ἰσραήλ.</span> <span class='ocrx_word' id='word_1_697' title='bbox 787 5043 858 5095; x_wconf 78' lang='grc' dir='ltr'>Τὸ</span> <span class='ocrx_word' id='word_1_698' title='bbox 880 5042 1017 5114; x_wconf 73' lang='grc' dir='ltr'>γὰρ,</span> <span class='ocrx_word' id='word_1_699' title='bbox 1052 5045 1299 5116; x_wconf 78' lang='grc' dir='ltr'>ποιῆσαι,</span> <span class='ocrx_word' id='word_1_700' title='bbox 1330 5043 1448 5095; x_wconf 73' lang='grc' dir='ltr'>ἀντὶ</span> <span class='ocrx_word' id='word_1_701' title='bbox 1474 5042 1568 5095; x_wconf 89' lang='grc' dir='ltr'><strong>τοῦ</strong></span> <span class='ocrx_word' id='word_1_702' title='bbox 1590 5085 1604 5109; x_wconf 90' lang='grc'><strong>,</strong></span> <span class='ocrx_word' id='word_1_703' title='bbox 1634 5043 1720 5096; x_wconf 84' lang='grc' dir='ltr'>δέ·</span> 
     </span>
    </p>
   </div>
   <div class='ocr_carea' id='block_1_98' title="bbox 158 5134 692 5202">
    <p class='ocr_par' dir='ltr' id='par_1_98' title="bbox 158 5134 692 5202">
     <span class='ocr_line' id='line_1_98' title="bbox 158 5134 692 5202; baseline -0.011 -9"><span class='ocrx_word' id='word_1_704' title='bbox 158 5139 359 5202; x_wconf 72' lang='grc' dir='ltr'>ξασθαι</span> <span class='ocrx_word' id='word_1_705' title='bbox 375 5176 390 5200; x_wconf 91' lang='grc'><strong>,</strong></span> <span class='ocrx_word' id='word_1_706' title='bbox 431 5134 692 5188; x_wconf 80' lang='grc' dir='ltr'>τέθεικεν.</span> 
     </span>
    </p>
   </div>
   <div class='ocr_carea' id='block_1_99' title="bbox 221 5223 1719 5298">
    <p class='ocr_par' dir='ltr' id='par_1_99' title="bbox 221 5223 1719 5298">
     <span class='ocr_line' id='line_1_99' title="bbox 221 5223 1719 5298; baseline -0.005 -12"><span class='ocrx_word' id='word_1_707' title='bbox 221 5232 332 5286; x_wconf 80' lang='lat' dir='ltr'><strong>Kal</strong></span> <span class='ocrx_word' id='word_1_708' title='bbox 371 5228 731 5293; x_wconf 77' lang='grc' dir='ltr'>κατεδίωξεν</span> <span class='ocrx_word' id='word_1_709' title='bbox 754 5229 1060 5298; x_wconf 81' lang='grc' dir='ltr'>ἄνθρωπον</span> <span class='ocrx_word' id='word_1_710' title='bbox 1093 5228 1317 5293; x_wconf 75' lang='grc' dir='ltr'>πένητα</span> <span class='ocrx_word' id='word_1_711' title='bbox 1346 5223 1439 5277; x_wconf 82' lang='grc' dir='ltr'><strong>καί</strong></span> <span class='ocrx_word' id='word_1_712' title='bbox 1466 5227 1719 5294; x_wconf 81' lang='grc' dir='ltr'>πτωχόν.</span> 
     </span>
    </p>
   </div>
   <div class='ocr_carea' id='block_1_100' title="bbox 157 5315 1720 5392">
    <p class='ocr_par' dir='ltr' id='par_1_100' title="bbox 157 5315 1720 5392">
     <span class='ocr_line' id='line_1_100' title="bbox 157 5315 1720 5392; baseline -0.006 -16"><span class='ocrx_word' id='word_1_713' title='bbox 157 5323 327 5376; x_wconf 67' lang='grc' dir='ltr'>Αὐτόν</span> <span class='ocrx_word' id='word_1_714' title='bbox 353 5337 494 5392; x_wconf 84' lang='grc' dir='ltr'>φησι</span> <span class='ocrx_word' id='word_1_715' title='bbox 517 5321 608 5373; x_wconf 83' lang='grc' dir='ltr'><strong>τὸν</strong></span> <span class='ocrx_word' id='word_1_716' title='bbox 628 5321 846 5392; x_wconf 80' lang='grc' dir='ltr'>Κύριον,</span> <span class='ocrx_word' id='word_1_717' title='bbox 868 5322 931 5385; x_wconf 83' lang='grc' dir='ltr'>ὃς</span> <span class='ocrx_word' id='word_1_718' title='bbox 953 5319 1286 5385; x_wconf 84' lang='grc' dir='ltr'>ἐπτώχευσε</span> <span class='ocrx_word' id='word_1_719' title='bbox 1310 5317 1596 5383; x_wconf 75' lang='grc' dir='ltr'>πλούσιος</span> <span class='ocrx_word' id='word_1_720' title='bbox 1619 5315 1720 5379; x_wconf 84' lang='grc' dir='ltr'><strong>ὢν,</strong></span> 
     </span>
    </p>
   </div>
   <div class='ocr_carea' id='block_1_101' title="bbox 155 5409 1721 5483">
    <p class='ocr_par' dir='ltr' id='par_1_101' title="bbox 155 5409 1721 5483">
     <span class='ocr_line' id='line_1_101' title="bbox 155 5409 1721 5483; baseline -0.006 -15"><span class='ocrx_word' id='word_1_721' title='bbox 155 5415 229 5468; x_wconf 76' lang='grc' dir='ltr'><strong>ἵν’</strong></span> <span class='ocrx_word' id='word_1_722' title='bbox 263 5414 446 5483; x_wconf 67' lang='grc' dir='ltr'>ἡμεῖς</span> <span class='ocrx_word' id='word_1_723' title='bbox 488 5411 562 5481; x_wconf 76' lang='grc' dir='ltr'>τῇ</span> <span class='ocrx_word' id='word_1_724' title='bbox 601 5411 785 5466; x_wconf 85' lang='grc' dir='ltr'>αὑτοῦ</span> <span class='ocrx_word' id='word_1_725' title='bbox 815 5412 1069 5479; x_wconf 78' lang='grc' dir='ltr'>πτωχείᾳ</span> <span class='ocrx_word' id='word_1_726' title='bbox 1113 5409 1558 5477; x_wconf 61' lang='grc' dir='ltr'>τελευτήσωμεν.</span> <span class='ocrx_word' id='word_1_727' title='bbox 1613 5409 1721 5463; x_wconf 81' lang='grc' dir='ltr'><strong>Καὶ</strong></span> 
     </span>
    </p>
   </div>
   <div class='ocr_carea' id='block_1_102' title="bbox 156 5499 1722 5574">
    <p class='ocr_par' dir='ltr' id='par_1_102' title="bbox 156 5499 1722 5574">
     <span class='ocr_line' id='line_1_102' title="bbox 156 5499 1722 5574; baseline -0.009 -10"><span class='ocrx_word' id='word_1_728' title='bbox 156 5505 683 5574; x_wconf 72' lang='grc' dir='ltr'>κατανενυτμένον</span> <span class='ocrx_word' id='word_1_729' title='bbox 705 5502 779 5572; x_wconf 78' lang='grc' dir='ltr'>τῇ</span> <span class='ocrx_word' id='word_1_730' title='bbox 807 5503 1016 5571; x_wconf 83' lang='grc' dir='ltr'>καρδίᾳ</span> <span class='ocrx_word' id='word_1_731' title='bbox 1046 5501 1148 5556; x_wconf 88' lang='grc' dir='ltr'><strong>τοῦ</strong></span> <span class='ocrx_word' id='word_1_732' title='bbox 1176 5500 1524 5555; x_wconf 80' lang='grc' dir='ltr'>θανατῶσαι.</span> <span class='ocrx_word' id='word_1_733' title='bbox 1578 5499 1722 5553; x_wconf 67' lang='grc' dir='ltr'>Ἀντί</span> 
     </span>
    </p>
   </div>
   <div class='ocr_carea' id='block_1_103' title="bbox 1826 4694 2034 4733">
    <p class='ocr_par' dir='ltr' id='par_1_103' title="bbox 1826 4694 2034 4733">
     <span class='ocr_line' id='line_1_103' title="bbox 1826 4694 2034 4733; baseline -0.014 0"><span class='ocrx_word' id='word_1_734' title='bbox 1826 4694 2011 4733; x_wconf 89' lang='lat' dir='ltr'><strong>eorum</strong></span> <span class='ocrx_word' id='word_1_735' title='bbox 2023 4720 2034 4730; x_wconf 92' lang='lat'><strong>.</strong></span> 
     </span>
    </p>
   </div>
   <div class='ocr_carea' id='block_1_104' title="bbox 1901 4769 3374 4840">
    <p class='ocr_par' dir='ltr' id='par_1_104' title="bbox 1901 4769 3374 4840">
     <span class='ocr_line' id='line_1_104' title="bbox 1901 4769 3374 4840; baseline 0.002 -16"><span class='ocrx_word' id='word_1_736' title='bbox 1901 4770 1985 4824; x_wconf 80' lang='grc'><strong>16.</strong></span> <span class='ocrx_word' id='word_1_737' title='bbox 2022 4769 2129 4823; x_wconf 86' lang='lat' dir='ltr'><strong>Pro</strong></span> <span class='ocrx_word' id='word_1_738' title='bbox 2160 4788 2218 4824; x_wconf 92' lang='lat' dir='ltr'><strong>eo</strong></span> <span class='ocrx_word' id='word_1_739' title='bbox 2256 4772 2393 4840; x_wconf 85' lang='lat' dir='ltr'><strong>quod</strong></span> <span class='ocrx_word' id='word_1_740' title='bbox 2420 4786 2521 4824; x_wconf 85' lang='lat' dir='ltr'><strong>non</strong></span> <span class='ocrx_word' id='word_1_741' title='bbox 2550 4779 2626 4824; x_wconf 88' lang='lat' dir='ltr'><strong>est</strong></span> <span class='ocrx_word' id='word_1_742' title='bbox 2665 4770 2963 4826; x_wconf 81' lang='lat' dir='ltr'><strong>recordatus</strong></span> <span class='ocrx_word' id='word_1_743' title='bbox 3004 4773 3174 4837; x_wconf 80' lang='lat' dir='ltr'><strong>facere</strong></span> <span class='ocrx_word' id='word_1_744' title='bbox 3221 4776 3374 4827; x_wconf 81' lang='lat' dir='ltr'><strong>mise-</strong></span> 
     </span>
    </p>
   </div>
   <div class='ocr_carea' id='block_1_105' title="bbox 1833 4860 3371 4933">
    <p class='ocr_par' dir='ltr' id='par_1_105' title="bbox 1833 4860 3371 4933">
     <span class='ocr_line' id='line_1_105' title="bbox 1833 4860 3371 4933; baseline 0.003 -19"><span class='ocrx_word' id='word_1_745' title='bbox 1833 4862 2138 4918; x_wconf 84' lang='lat' dir='ltr'><strong>ricordiam.</strong></span> <span class='ocrx_word' id='word_1_746' title='bbox 2165 4860 2368 4924; x_wconf 87' lang='lat' dir='ltr'><strong>Noluit,</strong></span> <span class='ocrx_word' id='word_1_747' title='bbox 2397 4861 2591 4930; x_wconf 89' lang='lat' dir='ltr'><strong>inquit,</strong></span> <span class='ocrx_word' id='word_1_748' title='bbox 2633 4862 3060 4917; x_wconf 87' lang='lat' dir='ltr'><strong>misericordiam</strong></span> <span class='ocrx_word' id='word_1_749' title='bbox 3107 4863 3371 4933; x_wconf 79' lang='lat' dir='ltr'><strong>accipere,</strong></span> 
     </span>
    </p>
   </div>
   <div class='ocr_carea' id='block_1_106' title="bbox 1828 4952 3376 5024">
    <p class='ocr_par' dir='ltr' id='par_1_106' title="bbox 1828 4952 3376 5024">
     <span class='ocr_line' id='line_1_106' title="bbox 1828 4952 3376 5024; baseline 0.001 -16"><span class='ocrx_word' id='word_1_750' title='bbox 1828 4970 1989 5024; x_wconf 88' lang='lat' dir='ltr'><strong>quam</strong></span> <span class='ocrx_word' id='word_1_751' title='bbox 2016 4954 2164 5008; x_wconf 90' lang='lat' dir='ltr'><strong>dedit</strong></span> <span class='ocrx_word' id='word_1_752' title='bbox 2197 4952 2354 5006; x_wconf 89' lang='lat' dir='ltr'><strong>Pater</strong></span> <span class='ocrx_word' id='word_1_753' title='bbox 2398 4953 2730 5017; x_wconf 91' lang='lat' dir='ltr'><strong>hominibus,</strong></span> <span class='ocrx_word' id='word_1_754' title='bbox 2779 4962 2832 5007; x_wconf 90' lang='lat' dir='ltr'><strong>et</strong></span> <span class='ocrx_word' id='word_1_755' title='bbox 2868 4955 3000 5024; x_wconf 90' lang='lat' dir='ltr'><strong>ipsis</strong></span> <span class='ocrx_word' id='word_1_756' title='bbox 3032 4955 3223 5010; x_wconf 80' lang='lat' dir='ltr'><strong>ovibus</strong></span> <span class='ocrx_word' id='word_1_757' title='bbox 3256 4972 3376 5024; x_wconf 72' lang='lat' dir='ltr'><strong>qua:</strong></span> 
     </span>
    </p>
   </div>
   <div class='ocr_carea' id='block_1_107' title="bbox 1827 5040 3379 5114">
    <p class='ocr_par' dir='ltr' id='par_1_107' title="bbox 1827 5040 3379 5114">
     <span class='ocr_line' id='line_1_107' title="bbox 1827 5040 3379 5114; baseline 0.001 -16"><span class='ocrx_word' id='word_1_758' title='bbox 1827 5046 2096 5114; x_wconf 87' lang='lat' dir='ltr'><strong>perierant</strong></span> <span class='ocrx_word' id='word_1_759' title='bbox 2125 5058 2191 5097; x_wconf 74' lang='lat' dir='ltr'><strong>ex</strong></span> <span class='ocrx_word' id='word_1_760' title='bbox 2227 5043 2409 5097; x_wconf 88' lang='lat' dir='ltr'><strong>Israel.</strong></span> <span class='ocrx_word' id='word_1_761' title='bbox 2460 5040 2614 5108; x_wconf 85' lang='lat' dir='ltr'><strong>Nam,</strong></span> <span class='ocrx_word' id='word_1_762' title='bbox 2650 5041 2845 5109; x_wconf 78' lang='lat' dir='ltr'><strong>facere,</strong></span> <span class='ocrx_word' id='word_1_763' title='bbox 2898 5045 2986 5098; x_wconf 90' lang='lat' dir='ltr'><strong>hic</strong></span> <span class='ocrx_word' id='word_1_764' title='bbox 3028 5045 3263 5114; x_wconf 91' lang='lat' dir='ltr'><strong>positum</strong></span> <span class='ocrx_word' id='word_1_765' title='bbox 3296 5057 3379 5100; x_wconf 69' lang='lat' dir='ltr'><strong>est</strong></span> 
     </span>
    </p>
   </div>
   <div class='ocr_carea' id='block_1_108' title="bbox 1827 5135 2244 5206">
    <p class='ocr_par' dir='ltr' id='par_1_108' title="bbox 1827 5135 2244 5206">
     <span class='ocr_line' id='line_1_108' title="bbox 1827 5135 2244 5206; baseline -0.005 -17"><span class='ocrx_word' id='word_1_766' title='bbox 1827 5151 1945 5206; x_wconf 89' lang='lat' dir='ltr'><strong>pro.</strong></span> <span class='ocrx_word' id='word_1_767' title='bbox 1981 5135 2244 5203; x_wconf 87' lang='lat' dir='ltr'><strong>accipere.</strong></span> 
     </span>
    </p>
   </div>
   <div class='ocr_carea' id='block_1_109' title="bbox 1898 5224 3373 5295">
    <p class='ocr_par' dir='ltr' id='par_1_109' title="bbox 1898 5224 3373 5295">
     <span class='ocr_line' id='line_1_109' title="bbox 1898 5224 3373 5295; baseline 0 -15"><span class='ocrx_word' id='word_1_768' title='bbox 1898 5227 1983 5280; x_wconf 80' lang='grc'><strong>17.</strong></span> <span class='ocrx_word' id='word_1_769' title='bbox 2019 5226 2085 5280; x_wconf 84' lang='lat' dir='ltr'><strong>Et</strong></span> <span class='ocrx_word' id='word_1_770' title='bbox 2129 5234 2423 5295; x_wconf 87' lang='lat' dir='ltr'><strong>persecutus</strong></span> <span class='ocrx_word' id='word_1_771' title='bbox 2450 5234 2525 5280; x_wconf 82' lang='lat' dir='ltr'><strong>est</strong></span> <span class='ocrx_word' id='word_1_772' title='bbox 2557 5224 2814 5278; x_wconf 83' lang='lat' dir='ltr'><strong>hominem</strong></span> <span class='ocrx_word' id='word_1_773' title='bbox 2856 5226 3056 5295; x_wconf 87' lang='lat' dir='ltr'><strong>inopem</strong></span> <span class='ocrx_word' id='word_1_774' title='bbox 3105 5236 3152 5279; x_wconf 91' lang='lat' dir='ltr'><strong>ct</strong></span> <span class='ocrx_word' id='word_1_775' title='bbox 3181 5227 3373 5281; x_wconf 85' lang='lat' dir='ltr'><strong>mendi-</strong></span> 
     </span>
    </p>
   </div>
   <div class='ocr_carea' id='block_1_110' title="bbox 1828 5315 3375 5387">
    <p class='ocr_par' dir='ltr' id='par_1_110' title="bbox 1828 5315 3375 5387">
     <span class='ocr_line' id='line_1_110' title="bbox 1828 5315 3375 5387; baseline -0.001 -16"><span class='ocrx_word' id='word_1_776' title='bbox 1828 5335 1964 5372; x_wconf 90' lang='lat' dir='ltr'><strong>cum.</strong></span> <span class='ocrx_word' id='word_1_777' title='bbox 1993 5317 2171 5386; x_wconf 91' lang='lat' dir='ltr'><strong>Ipsum</strong></span> <span class='ocrx_word' id='word_1_778' title='bbox 2222 5319 2296 5371; x_wconf 87' lang='lat' dir='ltr'><strong>ait</strong></span> <span class='ocrx_word' id='word_1_779' title='bbox 2327 5315 2635 5381; x_wconf 89' lang='lat' dir='ltr'><strong>Dominum,</strong></span> <span class='ocrx_word' id='word_1_780' title='bbox 2687 5317 2776 5385; x_wconf 85' lang='lat' dir='ltr'><strong>qui</strong></span> <span class='ocrx_word' id='word_1_781' title='bbox 2826 5315 2996 5384; x_wconf 79' lang='lat' dir='ltr'><strong>factus</strong></span> <span class='ocrx_word' id='word_1_782' title='bbox 3054 5327 3129 5371; x_wconf 88' lang='lat' dir='ltr'><strong>est</strong></span> <span class='ocrx_word' id='word_1_783' title='bbox 3180 5334 3375 5387; x_wconf 76' lang='lat' dir='ltr'><strong>pauper</strong></span> 
     </span>
    </p>
   </div>
   <div class='ocr_carea' id='block_1_111' title="bbox 1828 5407 3374 5477">
    <p class='ocr_par' dir='ltr' id='par_1_111' title="bbox 1828 5407 3374 5477">
     <span class='ocr_line' id='line_1_111' title="bbox 1828 5407 3374 5477; baseline 0.001 -13"><span class='ocrx_word' id='word_1_784' title='bbox 1828 5428 1944 5464; x_wconf 87' lang='lat' dir='ltr'><strong>cum</strong></span> <span class='ocrx_word' id='word_1_785' title='bbox 1974 5410 2112 5462; x_wconf 70' lang='lat' dir='ltr'><strong>dives</strong></span> <span class='ocrx_word' id='word_1_786' title='bbox 2143 5418 2289 5473; x_wconf 81' lang='lat' dir='ltr'><strong>esset,</strong></span> <span class='ocrx_word' id='word_1_787' title='bbox 2322 5419 2378 5462; x_wconf 86' lang='lat' dir='ltr'><strong>ut</strong></span> <span class='ocrx_word' id='word_1_788' title='bbox 2417 5425 2506 5462; x_wconf 85' lang='lat' dir='ltr'><strong>nos</strong></span> <span class='ocrx_word' id='word_1_789' title='bbox 2557 5407 2668 5477; x_wconf 87' lang='lat' dir='ltr'><strong>ejus</strong></span> <span class='ocrx_word' id='word_1_790' title='bbox 2693 5409 2871 5476; x_wconf 80' lang='lat' dir='ltr'><strong>inopia</strong></span> <span class='ocrx_word' id='word_1_791' title='bbox 2914 5411 3277 5463; x_wconf 82' lang='lat' dir='ltr'><strong>ditesceremus</strong></span> <span class='ocrx_word' id='word_1_792' title='bbox 3309 5411 3374 5465; x_wconf 63' lang='grc' dir='ltr'><strong>ιε’.</strong></span> 
     </span>
    </p>
   </div>
   <div class='ocr_carea' id='block_1_112' title="bbox 1829 5501 3372 5572">
    <p class='ocr_par' dir='ltr' id='par_1_112' title="bbox 1829 5501 3372 5572">
     <span class='ocr_line' id='line_1_112' title="bbox 1829 5501 3372 5572; baseline 0.001 -17"><span class='ocrx_word' id='word_1_793' title='bbox 1829 5503 1897 5556; x_wconf 83' lang='grc' dir='ltr'>Ει</span> <span class='ocrx_word' id='word_1_794' title='bbox 1932 5512 2292 5572; x_wconf 76' lang='lat' dir='ltr'><strong>compunctum</strong></span> <span class='ocrx_word' id='word_1_795' title='bbox 2316 5503 2468 5556; x_wconf 88' lang='lat' dir='ltr'><strong>corde</strong></span> <span class='ocrx_word' id='word_1_796' title='bbox 2493 5501 2826 5571; x_wconf 81' lang='lat' dir='ltr'><strong>mortiﬁcare.</strong></span> <span class='ocrx_word' id='word_1_797' title='bbox 2862 5501 2917 5556; x_wconf 85' lang='lat' dir='ltr'><strong>Id</strong></span> <span class='ocrx_word' id='word_1_798' title='bbox 2940 5510 3042 5566; x_wconf 90' lang='lat' dir='ltr'><strong>est,</strong></span> <span class='ocrx_word' id='word_1_799' title='bbox 3067 5502 3333 5558; x_wconf 79' lang='lat' dir='ltr'><strong>dolentem</strong></span> <span class='ocrx_word' id='word_1_800' title='bbox 3357 5521 3372 5572; x_wconf 84' lang='lat'><strong>;</strong></span> 
     </span>
    </p>
   </div>
   <div class='ocr_carea' id='block_1_113' title="bbox 225 5741 1849 5828">
    <p class='ocr_par' dir='ltr' id='par_1_113' title="bbox 225 5741 1849 5828">
     <span class='ocr_line' id='line_1_113' title="bbox 225 5741 1849 5828; baseline -0.007 -22"><span class='ocrx_word' id='word_1_801' title='bbox 225 5750 478 5808; x_wconf 70' lang='lat' dir='ltr'><strong>&quot;Matth.</strong></span> <span class='ocrx_word' id='word_1_802' title='bbox 512 5764 672 5828; x_wconf 78' lang='lat' dir='ltr'><strong>xx_ttl,</strong></span> <span class='ocrx_word' id='word_1_803' title='bbox 706 5749 792 5804; x_wconf 77' lang='lat'><strong>35.</strong></span> <span class='ocrx_word' id='word_1_804' title='bbox 871 5746 1098 5802; x_wconf 78' lang='lat' dir='ltr'><strong>&quot;lCor.</strong></span> <span class='ocrx_word' id='word_1_805' title='bbox 1135 5764 1192 5812; x_wconf 84' lang='lat' dir='ltr'><strong>ll,</strong></span> <span class='ocrx_word' id='word_1_806' title='bbox 1220 5748 1271 5802; x_wconf 85' lang='grc'>8.</span> <span class='ocrx_word' id='word_1_807' title='bbox 1348 5748 1390 5780; x_wconf 65' lang='grc'>⁸³</span> <span class='ocrx_word' id='word_1_808' title='bbox 1417 5745 1456 5801; x_wconf 89' lang='lat' dir='ltr'><strong>ll</strong></span> <span class='ocrx_word' id='word_1_809' title='bbox 1491 5745 1614 5800; x_wconf 80' lang='lat' dir='ltr'><strong>Cor.</strong></span> <span class='ocrx_word' id='word_1_810' title='bbox 1650 5757 1766 5808; x_wconf 79' lang='lat' dir='ltr'><strong>vm,</strong></span> <span class='ocrx_word' id='word_1_811' title='bbox 1797 5741 1849 5796; x_wconf 89' lang='lat'><strong>9.</strong></span> 
     </span>
    </p>
   </div>
   <div class='ocr_carea' id='block_1_114' title="bbox 493 5842 1211 5906">
    <p class='ocr_par' dir='ltr' id='par_1_114' title="bbox 493 5842 1211 5906">
     <span class='ocr_line' id='line_1_114' title="bbox 493 5842 1211 5906; baseline -0.006 0"><span class='ocrx_word' id='word_1_812' title='bbox 493 5846 768 5906; x_wconf 68' lang='grc' dir='ltr'>Ριτιιοι..</span> <span class='ocrx_word' id='word_1_813' title='bbox 802 5844 915 5902; x_wconf 80' lang='lat' dir='ltr'><strong>Cn.</strong></span> <span class='ocrx_word' id='word_1_814' title='bbox 951 5842 1211 5903; x_wconf 69' lang='lat' dir='ltr'><strong>XXVII.</strong></span> 
     </span>
    </p>
   </div>
   <div class='ocr_carea' id='block_1_115' title="bbox 3019 5833 3092 5893">
    <p class='ocr_par' dir='ltr' id='par_1_115' title="bbox 3019 5833 3092 5893">
     <span class='ocr_line' id='line_1_115' title="bbox 3019 5833 3092 5893; baseline 0 0"><span class='ocrx_word' id='word_1_815' title='bbox 3019 5833 3092 5893; x_wconf 77' lang='grc'><strong>15</strong></span> 
     </span>
    </p>
   </div>
  </div>
