4076 6308
758 354 862 406 459

1579 343 1633 395 S.
1676 341 2039 396 ATHANASII
2087 341 2233 398 OPP.
2273 345 2451 398 PARS
2493 343 2577 398 111.
2625 377 2687 386 -—
2727 344 3111 401 EXEGETICA
3851 348 3941 404 460

757 467 970 524 dolebat
1005 466 1146 520 enim
1176 464 1359 519 videns
1385 478 1575 517 eorum
1603 463 1915 533 perniciem.
1953 461 2110 518 Hune.
2143 463 2288 534 igitul

2407 463 2498 517 τοῦ
2519 506 2532 528 ,
2557 463 2889 534 λυπούμενον
2909 482 2921 493 ·
2977 463 3220 517 ἐλυπεῖτο
3247 461 3351 531 γὰρ
3381 458 3520 531 ὁρῶν
3547 458 3723 514 αὐτῶν
3747 460 3841 531 τὴν
3861 465 3952 516 ἁπ-

754 562 846 632 qui
877 568 1094 632 propter
1127 574 1219 614 eos
1252 557 1466 612 dolebat
1496 556 1562 610 ad
1587 565 1813 611 mortem
1845 557 2176 626 quaerebant.

827 744 1002 808 18,l9.
1023 742 1089 797 Et
1104 742 1290 796 dilexit
1305 741 1812 794 maledictionem....
1829 753 1876 794 et
1896 742 2068 794 induit
2086 742 2302 794 maledi-

747 838 969 890 ctionem
1014 837 1149 889 sicut
1182 835 1557 888 vestimentum.
1604 832 1853 898 Quando,
1900 833 2094 902 inquit,
2143 834 2300 886 linem

748 931 1006 984 facientes
1037 943 1123 981 me
1151 925 1522 991 benedicendi,
1566 925 1895 979 maledicunt
1940 925 2069 978 mihi
2118 925 2299 994 quoti-

746 1023 832 1076 die
861 1041 874 1074 :
913 1022 965 1075 id
1004 1036 1236 1090 namque
1270 1019 1337 1074 ad
1364 1021 1507 1073 hunc
1540 1033 1713 1087 usque
1738 1018 1878 1072 diem
1904 1016 2072 1071 Judaei
2102 1028 2298 1087 agunt;

746 1114 867 1168 ideo
903 1114 1084 1168 omnia
1124 1113 1373 1182 superius
1407 1123 1704 1166 memorata
1740 1111 1989 1165 evenient
2035 1110 2189 1180 ipsis.
2231 1110 2299 1164 Et

746 1209 955 1260 intravit
1009 1209 1141 1261 sicut
1187 1223 1323 1277 aqua
1375 1207 1429 1258 in
1487 1207 1737 1259 interiora
1795 1204 1928 1273 ejus.
1969 1201 2088 1257 Non
2143 1204 2300 1257 modo

745 1300 887 1353 enim
916 1299 1156 1354 exterius
1191 1299 1283 1352 sed
1306 1297 1466 1352 etiam
1509 1297 1735 1351 interius
1769 1296 2179 1350 circumsistunt
2204 1310 2300 1349 nos

745 1393 883 1444 mala
921 1391 1258 1444 inundantia.
1314 1388 1381 1443 Et
1420 1390 1553 1442 sicut
1603 1389 1769 1443 oleum
1812 1390 1866 1441 in
1904 1388 2104 1441 ossibus
2137 1387 2293 1468 .ejus.

741 1482 930 1538 Oleum
953 1485 1093 1538 enim
1120 1483 1283 1537 habet
1313 1482 1558 1536 stabilem
1601 1481 1994 1535 humiditatem.
2034 1479 2296 1534 Malorum

743 1591 908 1645 porro
939 1576 1224 1630 colluviem
1252 1575 1402 1629 dicit.
1427 1574 1705 1644 Siquidem
1735 1589 1874 1643 aqua
1903 1573 2296 1626 vehementiam

739 1670 956 1722 denotat
986 1687 999 1734 ;
1039 1668 1215 1722 oleum
1238 1677 1418 1721 autem
1451 1666 1823 1721 stabilitatem.
1867 1662 2075 1730 Quibus
2123 1664 2298 1734 inquit

742 1759 898 1815 malis
953 1759 1109 1830 quasi
1153 1758 1478 1814 vestimento
1525 1758 1818 1826 operiatur,
1874 1763 1928 1809 et
1970 1754 2124 1826 quasi
2159 1770 2292 1810 zona

738 1851 1120 1922 praecingatur.

807 1943 897 1997 20.
935 1941 1050 1995 Ηοε
1096 1957 1222 2010 opus
1269 1957 1445 1994 eorum
1501 1940 1588 2011 qui
1639 1939 1918 1994 detrahunt
1974 1940 2102 1992 inihi
2153 1940 2292 2007 apud

739 2033 1045 2097 Dominum,
1077 2042 1124 2085 et
1160 2033 1248 2102 qui
1279 2032 1566 2102 loquuntur
1609 2032 1752 2084 mala
1785 2033 2031 2084 adversus
2062 2032 2293 2083 animam

740 2142 929 2179 meam.
966 2122 1078 2178 llos
1100 2123 1398 2194 percipient
1424 2122 1633 2177 fructus
1659 2124 1750 2191 qui
1785 2123 1969 2176 odium
2005 2121 2289 2176 adversum

738 2234 825 2273 me
864 2225 1242 2284 susceperunt,
1278 2225 1331 2270 et
1352 2215 1594 2284 proditor
1632 2215 1725 2284 qui
1751 2229 1937 2269 eorum
1977 2213 2293 2269 administer

738 2311 858 2365 fuit.
907 2309 1043 2364 Cum
1082 2309 1226 2364 enim
1261 2323 1386 2361 eum
1425 2306 1536 2362 Deo
1577 2306 1944 2362 adversarium
1985 2321 2048 2360 ac
2082 2321 2288 2376 prava-

736 2405 1021 2457 rieatorem
1066 2407 1340 2466 vocarent,
1376 2399 1499 2470 jure
1555 2399 1669 2453 ait:
1704 2397 1808 2463 Qui
1843 2398 2122 2452 detrahunt
2163 2399 2290 2451 mihi

732 2494 871 2562 apud
899 2491 1202 2546 Dominum.

802 2586 892 2639 9-1.
928 2586 996 2638 Et
1030 2595 1109 2652 tu,
1159 2583 1400 2646 Domine,
1445 2581 1688 2648 Domine,
1729 2583 1815 2650 {ac
1854 2597 2053 2634 mecum
2081 2591 2290 2651 propter

729 2693 915 2730 nomen
956 2686 1125 2730 tuum.
1181 2673 1306 2729 Haec
1355 2675 1485 2728 item
1521 2674 1781 2730 Dominus
1810 2672 2062 2754 Christus
2091 2689 2288 2728 secun-

728 2757 860 2822 dum
908 2768 1302 2824 humanitatem
1337 2767 1600 2837 loquitur.
1635 2765 1883 2821 Humana
1914 2767 2059 2820 enim
2107 2769 2286 2820 omnia

727 2869 920 2930 prmter
964 2870 1242 2930 peccatum
1273 2861 1536 2930 implevit.
1581 2857 1752 2913 Natus
1782 2860 1926 2912 enim
1971 2867 2054 2913 est
2088 2873 2283 2913 secun-

727 2952 856 3004 dum
889 2960 1095 3004 naturae
1123 2951 1314 3019 legem.
1347 2948 1508 3004 Nasci
1535 2949 1678 3002 enim
1709 2964 1774 3002 ex
1808 2950 2056 3016 muliere,
2093 2949 2145 3004 id
2179 2950 2285 3003 bu-

725 3055 902 3095 lnanm
931 3051 1139 3094 natura:
1168 3050 1284 3106 εει;
1316 3057 1479 3110 supra
1499 3041 1792 3095 humanam
1824 3050 2003 3096 autem
2031 3051 2282 3096 naturam

725 3143 830 3193 est,
869 3131 1016 3185 nasci
1051 3146 1116 3185 ex
1155 3131 1381 3200 virgine.
1415 3131 1649 3188 Admisit
1678 3147 1887 3202 pannos
1916 3144 1969 3187 et
1995 3131 2280 3187 circumci-

725 3223 956 3288 sionem,
991 3238 1201 3278 necnon
1234 3223 1388 3278 lactis
1420 3225 1735 3279 alimentum
1763 3244 1776 3279 :
1821 3225 2026 3280 hostias
2062 3225 2277 3292 obtulit,

719 3314 1007 3382 jejunavit,
1049 3314 1294 3379 esurivit,
1345 3315 1535 3374 sitivit.
1583 3315 1760 3370 lassus
1801 3314 1940 3380 fuit;
1988 3316 2061 3369 ita
2092 3314 2182 3368 diu
2217 3331 2280 3370 o-

724 3420 879 3460 rasse
919 3406 1068 3459 illum
1094 3407 1147 3458 in
1179 3406 1349 3460 sacris
1380 3404 1684 3476 Evangeliis
1710 3408 1970 3476 scriptum
2000 3417 2102 3462 est.
2135 3408 2281 3462 Pari-

722 3508 917 3567 terque
957 3513 1102 3552 nunc
1140 3499 1378 3552 humano
1437 3515 1589 3554 more
1617 3499 1859 3554 divinum
1907 3499 2157 3569 implorat
2180 3517 2279 3555 au—

722 3589 933 3641 silium.

791 3681 879 3736 22.
914 3680 1105 3735 Libera
1135 3698 1212 3734 me
1242 3682 1363 3750 quia
1386 3697 1574 3751 egenus
1592 3692 1639 3735 et
1661 3699 1857 3752 pauper
1878 3699 1968 3752 ego
1993 3699 2131 3738 sum.
2167 3680 2281 3738 Hoc

719 3775 788 3828 ab
822 3775 941 3843 ipso
972 3775 1026 3828 in
1050 3775 1222 3829 sacris
1249 3773 1555 3844 Evangeliis
1588 3775 1786 3829 dictum
1819 3775 2145 3829 invenimus.
2177 3775 2280 3830 Ac-

719 3881 978 3920 eessurus
1001 3866 1144 3919 enim
1179 3865 1241 3917 ad
1271 3866 1580 3933 passionem
1617 3866 1692 3919 ait
1718 3884 1730 3919 :
1771 3864 1928 3920 Nunc
1957 3869 2137 3920 anima
2165 3885 2280 3922 mea

719 3959 932 4012 turbata
967 3969 1063 4014 est.
1091 3959 1159 4011 Et
1186 3959 1311 4029 quid
1346 3959 1520 4012 dicam
1548 3961 1572 4012 ?
1602 3960 1780 4026 Pater,
1810 3961 1955 4016 salva
1988 3979 2065 4015 me
2093 3979 2157 4016 ea:
2181 3963 2278 4016 hac

717 4054 866 4106 hora.
896 4051 1068 4116 Abba,
1100 4061 1375 4121 propterea
1409 4053 1521 4106 ueni
1545 4052 1598 4104 in
1630 4053 1763 4106 hanc
1794 4053 1977 4106 horam
2005 4055 2066 4108 ⁸⁸.

785 4226 874 4280 2'5.
916 4225 1063 4278 Sicut
1096 4225 1281 4277 umbra
1322 4241 1438 4277 cum
1474 4225 1703 4279 declinat
1744 4225 1953 4279 ablatus
1981 4243 2114 4280 sum.
2150 4226 2278 4281 Per-

716 4319 842 4372 inde
881 4327 1043 4386 atque
1086 4317 1276 4370 umbra
1315 4317 1616 4381 declinans,
1669 4318 1830 4373 ﬁnem
1873 4319 1997 4373 vitae
2048 4320 2227 4373 inveni
2262 4339 2273 4374 :

715 4408 808 4461 sed
835 4416 888 4461 et
919 4408 1092 4461 insmr
1121 4407 1454 4463 locustarum
1485 4423 1514 4462 a
1547 4418 1706 4463 vento
1739 4409 2164 4481 circumquaque
2191 4427 2278 4466 ra-

2403 556 2612 610 ὠλειαν.
2636 556 2834 611 Τοῦτον
2863 553 2953 610 οὖν
2980 557 3071 609 τὸν
3098 556 3164 608 δι’
3181 555 3372 617 αὐτοὺς
3395 553 3726 624 λυπούμενον
3749 553 3951 608 ἐδίωκον

2403 649 2724 702 θανατῶσαι.

2483 741 2591 795 Καὶ
2611 741 2886 811 ἠγάπησε
2913 742 3178 810 κατάραν
3213 780 3228 796 .
3256 783 3269 795 .
3301 784 3312 796 .
3341 783 3353 794 .
3383 781 3395 793 .
3426 782 3438 793 .
3470 781 3483 794 ,
3517 740 3616 793 καὶ
3639 740 3951 794 ἐνεδύσατο

2400 832 2667 901 κατάραν
2695 835 2835 887 ὡσεὶ
2868 835 3116 903 ἱμάτιον.
3161 836 3397 907 Ἐπειδὴ,
3427 836 3589 906 φησὶν
3609 876 3622 900 ,
3651 835 3876 903 ἀφέντες
3904 836 3951 887 τὸ

2400 925 2636 993 εὐλογεῖν
2658 926 2776 996 ἐμὲ,
2806 927 2924 979 καθ’
2950 927 3184 998 ἑκάστην
3210 927 3420 998 ἡμέραν
3443 928 3792 997 καταρῶνται
3810 947 3824 962 ·
3848 909 3946 978 τοδ-

2399 1033 2460 1069 το
2481 1015 2588 1086 γὰρ
2617 1015 2776 1086 μέχρι
2801 1019 2898 1087 τῆς
2920 1019 3156 1089 σήμερον
3192 1018 3458 1072 Ἰουδαίων
3481 1019 3666 1081 παῖδες
3696 1017 3948 1070 ποιοῦσιν·

2398 1107 2586 1160 τούτου
2617 1108 2773 1178 χάριν
2799 1110 2974 1162 πάντα
3003 1111 3183 1174 αὐτοῖς
3213 1111 3279 1164 τὰ
3311 1111 3718 1183 προλελεγμένα
3750 1112 3950 1180 γενήσε-

2399 1216 2506 1251 ται.
2550 1200 2657 1252 Καὶ
2691 1199 2975 1268 εἰσῆλθεν
3001 1203 3142 1256 ὡσεὶ
3175 1203 3330 1270 ὕδωρ
3361 1207 3448 1269 είς
3484 1204 3555 1258 τὰ
3592 1203 3816 1272 ἔγκατα
3859 1205 3949 1256 αὐ-

2399 1290 2526 1344 τοῦ.
2554 1292 2626 1342 υύ
2647 1292 2754 1361 γὰρ
2776 1291 2969 1355 ἔξωθεν
2996 1295 3172 1364 μόνον,
3191 1295 3325 1348 ἀλλὰ
3349 1297 3442 1348 καὶ
3459 1294 3667 1348 ἔνδοθεν
3697 1295 3951 1366 περίκειν-

2398 1398 2485 1433 ται
2515 1381 2584 1434 τὰ
2605 1385 2748 1437 κακὰ
2778 1384 3184 1456 περικλύζοντα.
3219 1388 3326 1441 Καὶ
3351 1387 3493 1441 ὡσεὶ
3513 1388 3722 1441 ἔλαιον
3753 1389 3825 1441 ὲν
3845 1388 3950 1454 τοῖς

2398 1473 2631 1540 ὀστέοις
2667 1477 2869 1532 αὐτοῦ.
2935 1478 3103 1532 Τοῦτο
3131 1480 3238 1551 γὰρ
3271 1480 3382 1551 ἔχει
3420 1480 3641 1552 μόνιμον
3671 1481 3770 1551 τὴν
3806 1480 3949 1552 ὑγρό-

2397 1583 2552 1636 τητα.
2586 1568 2760 1640 Φορὰν
2785 1570 2842 1622 δέ
2875 1588 3006 1641 φησι
3036 1573 3240 1634 κακῶν,
3272 1574 3364 1627 τοῦ
3401 1574 3498 1643 μὲν
3530 1573 3723 1636 ὓδατος
3747 1574 3810 1626 τὸ
3836 1591 3950 1642 σφο-

2396 1656 2517 1728 δρὸν
2543 1659 2855 1729 δηλοῦντος,
2898 1661 2990 1714 τοῦ
3020 1662 3076 1715 δὲ
3107 1663 3284 1716 ἐλαίου
3312 1664 3372 1716 τὸ
3406 1664 3646 1734 μόνιμον.
3721 1665 3840 1732 Ὑφ’
3869 1658 3949 1728 ὧν,

2398 1749 2551 1819 φησὶ,
2582 1751 2672 1804 καὶ
2703 1752 2778 1816 ὡς
2807 1754 2863 1806 ἐν
2888 1755 3072 1827 ἐσθῆτι
3105 1754 3477 1822 καλυπτέσθω,
3500 1755 3592 1808 καὶ
3618 1755 3696 1820 ὡς
3725 1756 3948 1829 ζωστῆρι

2326 1833 2369 1889 Β
2399 1843 2729 1911 σφιγγὲσθω.

2471 1935 2649 1989 Τοῦτο
2696 1936 2764 1990 τὸ
2807 1937 2984 2009 ἔργον
3007 1939 3124 1992 τῶν
3149 1939 3662 1995 ἐνδιαϐαλλοντων
3704 1940 3805 1994 καί
3851 1938 3950 1993 τῶν

2392 2029 2742 2082 λαλούντων
2764 2031 2993 2099 πονηρὰ
3020 2030 3128 2097 τῆς
3157 2030 3363 2100 ψυχῆς
3383 2051 3521 2101 μου.
3571 2032 3809 2094 Τούτους
3836 2048 3947 2102 τρυ-

2393 2120 2617 2188 γήσουσι
2649 2121 2772 2184 τοὺς
2804 2122 3047 2192 καρποὺς
3071 2121 3118 2173 οί
3147 2120 3209 2172 τὸ
3237 2121 3373 2192 πρὸς
3403 2123 3500 2193 ἐμὲ
3532 2125 3686 2193 μῖσος
3709 2121 3950 2185 ἀναδεξά-

2396 2227 2564 2281 μενοι,
2592 2211 2684 2263 καὶ
2711 2213 2738 2264 ό
2767 2212 2973 2276 τούτοις
3004 2213 3357 2283 ὑπουργήσας
3386 2213 3673 2283 προδότης.
3740 2213 3947 2282 Ἐπειδὴ

2390 2302 2498 2373 γὰρ
2530 2303 2772 2356 ἀντίθεον
2804 2304 2965 2357 αὐτὸν
2997 2305 3089 2357 καὶ
3116 2305 3427 2375 παράνομον
3459 2306 3706 2369 ἐκάλουν,
3740 2308 3950 2368 εἰκότως

2391 2391 2508 2448 εἷπε
2529 2411 2542 2424 ·
2584 2395 2705 2450 Τῶν
2728 2395 3240 2451 ἐτι-διαϐαλλόντων·
3256 2415 3333 2467 με
3365 2398 3523 2467 παρὰ
3544 2400 3789 2466 Κυρίου.

2458 2578 2564 2631 Καὶ
2597 2577 2699 2643 σὺ,
2731 2580 2936 2646 Κύριε,
2974 2582 3178 2648 Κύριε,
3214 2581 3473 2648 ποίησον
3498 2582 3622 2650 μετ’
3650 2583 3801 2650 ἐμοῦ
3833 2583 3945 2637 ἓνε-

2388 2684 2493 2721 κεν
2510 2669 2617 2722 τοῦ
2641 2671 2931 2738 ὀνόματός
2953 2686 3090 2727 σου.
3113 2671 3223 2723 Καὶ
3242 2671 3412 2725 ταῦτα
3437 2673 3793 2743 ἀνθρωπίνως
3815 2677 3947 2746 εἴρη-

2387 2777 2481 2814 κεν
2519 2761 2546 2811 ὁ
2576 2761 2851 2832 Δεσπότης
2877 2762 3125 2833 Χριστός.
3185 2764 3368 2817 Πάντα
3411 2764 3520 2835 γὰρ
3549 2764 3617 2818 τὰ
3645 2765 3946 2836 ἀνθρώπινα

2386 2849 2523 2921 πλὴν
2555 2850 2826 2921 ἁμαρτίας
2853 2851 3235 2923 πεπλήρωκεν.
3293 2854 3515 2926 Ἐτέχθη
3559 2857 3669 2926 γὰρ
3697 2856 3837 2908 κατὰ
3867 2857 3946 2908 νό-

2387 2961 2486 3013 μον
2516 2943 2748 3012 φύσεως.
2783 2943 2854 2996 Τὸ
2883 2944 2980 3014 μὲν
3009 2944 3116 3014 γὰρ
3151 2946 3213 2997 ἐκ
3242 2946 3521 3012 γυναικὸς,
3553 2947 3653 3016 τῆς
3681 2947 3944 3016 ἀνθρωπί-

2385 3052 2482 3104 νης
2508 3036 2720 3104 φύσεως
2739 3053 2753 3065 ·
2785 3036 2925 3104 ὑπὲρ
2943 3035 3146 3105 ταύτην
3172 3037 3248 3100 δὲ,
3279 3040 3343 3091 ἐκ
3366 3039 3663 3109 Παρθένου.
3712 3040 3948 3106 Ἐδέξατο

2389 3127 2678 3198 σπάργανα
2707 3127 2800 3179 καὶ
2829 3125 3130 3198 περιτομὴν
3153 3167 3166 3192 ,
3207 3129 3298 3180 καὶ
3325 3127 3422 3199 τὴν
3453 3133 3517 3183 ἐκ
3538 3131 3813 3199 γάλακτος
3833 3149 3947 3203 τρο-

2387 3223 2492 3289 φην
2515 3237 2526 3249 ·
2555 3220 2648 3273 καὶ
2673 3218 2860 3282 Θυσίας
2889 3219 3198 3289 ἐξήνεγκεν,
3227 3220 3533 3290 ὲνήστευσε,
3561 3222 3655 3274 καὶ
3677 3224 3945 3294 ἐπείνησε,

2385 3312 2477 3364 καὶ
2506 3311 2745 3381 ἐδίψησε,
2771 3313 2864 3364 καὶ
2898 3312 3213 3364 ἐκοπίασεν·
3238 3311 3378 3365 οὓτω
3399 3313 3492 3365 καὶ
3521 3316 3947 3385 προσευχόμενος

2385 3402 2441 3454 ἐν
2487 3406 2598 3464 τοῖς
2635 3403 2812 3469 ἁγίοις
2840 3385 3186 3468 Εὑαγγελίοις
3222 3402 3483 3474 διηνεκῶς
3519 3405 3944 3476 ἀναγέγραπται.

2385 3494 2496 3546 Καὶ
2527 3493 2760 3546 ἐνταῦθα
2792 3493 3147 3566 ἀνθρωπίνως
3163 3495 3261 3566 τὴν
3291 3495 3439 3550 θείαν
3467 3497 3812 3552 ἐπικαλεῖται
3840 3497 3950 3569 βοή·

2385 3585 2550 3639 θειαν.

2463 3678 2675 3732 Ῥῦσαί
2701 3695 2815 3746 με,
2874 3678 2960 3731 ὅτι
3001 3679 3235 3746 πτωχὸς
3286 3680 3383 3733 καί
3432 3681 3620 3750 πένης
3671 3683 3790 3752 ειμι
3822 3681 3945 3751 ἐγώ.

2381 3769 2550 3822 Τοῦτο
2577 3769 2670 3821 καὶ
2699 3769 2788 3821 ὑπ’
2838 3769 3005 3822 αὑτοῦ
3034 3772 3090 3822 ἐν
3119 3773 3230 3832 τοῖς
3260 3771 3422 3840 ίεροῖς
3442 3773 3796 3841 Εὐαγγελίοις
3821 3775 3950 3845 εὑρί-

2383 3877 2582 3931 σκομεν
2615 3860 2919 3932 εἰρημένον.
2964 3861 3190 3915 Μέλλων
3221 3862 3329 3934 γὰρ
3359 3865 3636 3934 προσιέναι
3677 3867 3758 3938 τῷ
3797 3867 3948 3920 πάθει

2382 3947 2501 4005 εἷπε
2521 3969 2534 3981 ·
2569 3950 2699 4005 Νῦν
2728 3952 2765 4018 ἡ
2798 3951 2966 4022 ψυχή
2994 3970 3114 4022 μου
3143 3953 3508 4023 τετάρακται.
3538 3960 3650 4014 Καὶ
3685 3964 3745 4014 τί
3767 3963 3949 4020 size):

2380 4044 2590 4112 Πάτερ,
2619 4044 2828 4098 σῶσόν
2848 4063 2924 4115 με
2940 4047 3007 4098 ἐκ
3039 4045 3148 4115 τῆς
3178 4049 3332 4119 ὧρας
3353 4055 3594 4120 ταύτης.
3632 4055 3828 4118 Ἀϐϐά,
3861 4054 3951 4108 διὰ

2380 4140 2554 4193 τοῦτο
2581 4139 2851 4205 ἐλήλυθα
2882 4142 2968 4205 είς
2995 4140 3110 4208 τὴν
3140 4141 3298 4210 ὤραν
3335 4146 3577 4211 ταύτην.

2459 4232 2621 4286 Ὠσεί
2644 4232 2784 4286 σκιὰ
2805 4231 2874 4285 ἐν
2897 4231 2976 4297 τῷ
3001 4233 3269 4288 ἐκκλῖναι
3296 4235 3491 4304 αὐτὴν
3513 4237 3945 4308 ἀντανῃρέθην.

2379 4326 2515 4395 Σκιᾷ
2544 4323 2785 4398 κλιθείσῃ
2812 4325 3207 4396 παραπλησίως
3231 4325 3496 4399 ἐδεξάμην
3519 4329 3611 4382 τοῦ
3645 4331 3762 4401 βίου
3787 4332 3848 4385 τὸ
3866 4333 3950 4385 τέ-

2378 4415 2468 4480 λος
2487 4435 2499 4446 ·
2529 4415 2662 4469 ἀλλὰ
2684 4418 2776 4469 καὶ
2797 4417 2951 4487 δίκην
2974 4419 3417 4489 περιφερομένων
3440 4421 3532 4472 ὑπ’
3554 4422 3777 4492 ἀνέμων
3799 4423 3925 4493 ἀκρί
3938 4451 3950 4462 -

718 4510 955 4568 ptarum,
986 4502 1149 4554 vitam
1185 4502 1293 4571 egi,
1350 4518 1455 4555 non
1505 4505 1714 4569 urbem,
1760 4520 1866 4558 non
1914 4506 2115 4570 vicum,
2167 4523 2273 4561 non

2388 4508 2481 4561 Βων
2514 4508 2786 4561 διετέλεσα
2815 4509 2874 4560 ού
2908 4507 3062 4561 πόλιν
3095 4504 3253 4579 ἔχων,
3280 4511 3339 4562 οὑ
3371 4509 3594 4580 κώμην,
3619 4513 3721 4565 οὐκ
3752 4515 3948 4576 οίκίαν,

724 4592 946 4644 domum
995 4593 1218 4657 habens,
1258 4592 1390 4646 alias
1416 4593 1483 4646 ad
1528 4594 1632 4648 alia
1680 4595 1799 4649 loca
1843 4604 1896 4650 et
1943 4597 2010 4651 ad
2065 4608 2274 4654 montes

714 4683 1100 4751 commigrans,
1125 4685 1395 4739 interdum
1422 4685 1487 4740 ad
1512 4687 1783 4741 desertum
1817 4704 2152 4753 occurrens-

786 4771 858 4826 25
923 4771 1171 4826 Viderunt
1203 4791 1281 4827 me
1300 4784 1356 4828 .et
1389 4788 1654 4828 moverunt
1678 4778 1855 4846 capita
1887 4795 2004 4833 sua.
2052 4779 2162 4835 Hoc
2199 4781 2275 4836 ait
2357 4777 2361 4782 ”

711 4865 842 4934 quia
867 4865 996 4919 dum
1029 4866 1082 4918 in
1116 4880 1276 4920 cruce
1314 4875 1479 4935 esset,
1523 4870 1811 4924 movebant
1843 4871 2015 4939 capita
2067 4888 2185 4937 sua,
2220 4882 2274 4929 et

709 4957 999 5011 dicebant:
1055 4958 1117 5012 ui
1159 4956 1464 5028 Qtemplum
1528 4962 1728 5028 solvis,
1793 4963 2004 5018 salvum
2060 4963 2144 5021 fac
2193 4975 2274 5022 te-

711 5051 1003 5120 metipsum
1033 5054 1095 5104 '°.

779 5145 870 5199 27,
900 5143 968 5198 Ει
1000 5147 1168 5200 sciant
1198 5149 1322 5218 quia
1359 5164 1545 5201 manus
1584 5157 1679 5201 tua
1719 5149 1848 5203 hac.
1882 5147 2075 5217 Manus
2116 5161 2274 5206 voca'.

711 5253 849 5307 opus
886 5237 1017 5293 illud
1052 5253 1160 5307 quo
1195 5254 1398 5294 seseex
1437 5241 1667 5294 mortuis
1696 5241 1971 5296 excitavit.

780 5410 870 5465 28.
898 5412 1212 5468 Maledicent
1244 5415 1345 5480 illi,
1378 5428 1428 5471 et
1458 5426 1513 5471 tu
1545 5415 1846 5482 benedices;
1877 5419 1965 5488 qui
1995 5420 2272 5489 insurgunt

711 5502 762 5552 in
785 5516 862 5553 me
885 5503 1295 5571 confundantur.
1317 5503 1448 5559 Nam
1475 5509 1678 5575 pudore
1704 5507 1880 5562 all‘ecti
1905 5516 2033 5560 sunt
2058 5522 2268 5572 omnes,

708 5590 853 5660 quod
884 5606 991 5643 non
1020 5604 1162 5649 esset
1193 5595 1325 5664 ipsis
1355 5599 1631 5660 sacerdos,
1659 5613 1759 5653 nec
1783 5597 2137 5666 sacriﬁcium,
2169 5613 2271 5655 nec

817 5749 1033 5807 "Joan.
1080 5770 1176 5820 xu,
1215 5756 1303 5813 27.
1384 5759 1426 5791 ¹⁶
1449 5757 1632 5816 Matth.
1662 5776 1827 5828 xxvn,
1861 5761 1957 5816 '40.

2381 4598 2564 4653 ἄλλοτε
2597 4599 2653 4651 δὲ
2685 4597 2913 4668 ἀλλαχοῦ
2945 4599 3039 4651 καὶ
3065 4599 3144 4661 είς
3173 4599 3274 4670 ὅρη
3316 4599 3686 4670 μεταδαίνων,
3715 4603 3834 4656 ἐσθ’
3868 4605 3951 4657 ὅτε

2379 4689 2473 4742 καὶ
2503 4689 2710 4761 τρέχων
2739 4691 2816 4753 είς
2850 4688 3071 4761 ἔρημον.

2451 4779 2715 4835 Εῑδοσάν
2754 4797 2828 4851 με
2879 4781 2977 4834 καὶ
3009 4780 3356 4836 ἐσάλευσαν
3408 4784 3678 4853 κεφαλὰς
3730 4783 3948 4841 αὐτῶν.

2380 4872 2549 4925 Τοῦτό
2583 4888 2714 4941 φησι
2756 4872 2843 4926 διὰ
2877 4871 2938 4923 τὸ
2971 4872 3061 4924 ἐπὶ
3103 4871 3181 4943 τῷ
3227 4874 3444 4944 σταυρῷ
3468 4875 3580 4927 ὄντι
3608 4876 3762 4946 αὐτῷ
3788 4881 3951 4932 κινεῖν

2379 4962 2478 5023 τὰς
2500 4960 2762 5028 κεφαλὰς,
2793 4960 2888 5013 καὶ
2909 4959 3091 5028 λέγειν
3111 4979 3126 4990 ·
3165 4963 3222 5014 '0
3253 4961 3536 5016 καταλύων
3565 4964 3654 5017 τὸν
3677 4965 3834 5028 ναὸν,
3865 4965 3956 5016 σῶν

2381 5068 2473 5105 σον
2509 5052 2756 5105 σεαυτόν.

2450 5144 2560 5197 Καὶ
2609 5144 2928 5214 γνώτωσαν
2951 5185 2965 5207 ,
3003 5145 3091 5198 ὅτι
3119 5147 3157 5214 ἠ
3191 5146 3320 5214 χείρ
3355 5161 3474 5199 σου
3506 5148 3681 5216 αὕτη.
3756 5151 3953 5221 Χεῖρας

2379 5235 2615 5289 ἐνταῦθα
2639 5235 2735 5307 τὴν
2760 5235 2957 5307 πρᾶξίν
2991 5255 3153 5310 φησιν
3173 5278 3188 5303 ,
3224 5240 3291 5308 ἥν
3321 5240 3616 5312 εἰργάσατο
3639 5242 3952 5314 ἀναστήσας

2379 5327 2566 5381 ἑαυτὸν
2599 5329 2662 5380 ἐκ
2688 5326 2917 5399 νεκρῶν.

2453 5419 2897 5487 Καταράσονται
2948 5419 3150 5484 αὐτοὶ,
3205 5421 3417 5475 καὶσὺ
3448 5423 3850 5493 εὐλογήσας,
3904 5428 3954 5479 οι

2378 5511 2839 5580 ἐπανιστάμενοι
2857 5530 2959 5581 μοι
2983 5512 3503 5581 αίσχυνθήτωσαν.
3558 5516 3953 5589 Κατῃσχύνθηο

2381 5615 2485 5654 σαν
2507 5600 2615 5673 γὰρ
2637 5603 2892 5668 ἅπαντες,
2915 5603 3014 5657 οὐκ
3037 5604 3188 5669 ὄντος
3209 5606 3389 5670 αὐτοῖς
3411 5607 3616 5680 ίερέως,
3635 5609 3768 5663 οὐδὲ
3793 5609 3950 5680 οὔσης
