4076 6308
118 376 218 432 εδι

117 494 313 557 θυσίας
340 519 376 558 ,·
394 495 518 549 οὔτε
549 498 813 568 ἱερατείας
838 540 852 562 ,

118 588 396 656 πρεφήτου
425 591 625 660 φωνήν.
704 591 762 642 '0
792 589 858 642 δὲ
887 591 1105 657 δοῦλός
1137 609 1250 646 σου
1283 597 1685 662 εὐφρανθήσε-

114 691 229 726 ται.
259 676 392 727 υύδὲ
424 677 579 729 τοῦτο
606 680 749 747 ἡμᾶς
775 679 834 730 τὸ
863 682 1008 750 ῥῆμα
1034 680 1214 734 λαϐεῖν
1242 685 1320 746 εἰς
1346 685 1535 754 ἑτέραν
1567 685 1685 738 ὑπό-

113 765 265 818 θεσιν
302 768 633 835 ἀναγκάσει⁸
691 771 900 822 Παύλου
933 772 1176 839 λέγοντος
1203 792 1215 804 δ
1275 775 1438 829 Ἀλλ’
1469 777 1685 829 ἑαυτὸν

107 856 375 912 ἐκένωσε
421 862 666 930 μορφὴν
718 863 941 916 δούλου
998 864 1227 918 delabi"
1281 870 1373 921 καὶ
1429 869 1677 921 ⁹Πσιιῐῐου·

111 949 318 1014 Οὕτως
343 952 504 1021 ,λέγει
533 955 745 1022 Κύριος
783 958 814 1007 ὀ
847 956 1086 1022 πλάσας
1112 976 1188 1025 με
1226 960 1293 1010 ἐι·
1320 961 1511 1026 κοιλίᾳ
1542 961 1681 1014 δοῦ-

107 1044 224 1093 λον
253 1044 475 1108 ἑαυτῷ·
523 1048 613 1097 καὶ
644 1047 800 1109 αὐτὸς
829 1047 882 1098 δέ
913 1065 1074 1118 φησιν
1107 1051 1162 1100 ἐν
1199 1051 1542 1118 Εὐαγγελίοις
1563 1093 1576 1113 ,
1607 1055 1681 1116 ὡς

121 1131 184 1182 Ὀ
241 1133 376 1197 Υἱὸς
407 1134 509 1186 τοῦ
557 1135 864 1202 ἀνθρώπου
901 1140 1010 1190 οὐκ
1043 1135 1189 1208 ἦλθε
1230 1140 1675 1208 διακονηθῆναι,

104 1222 268 1276 ἀλλὰ
301 1224 335 1275 ὃ
340 1224 676 1292 laxari-10m.

189 1299 700 1372 Ἐνδινσάσθωσαν
739 1323 791 1372 cl
833 1320 1322 1388 ἐνδιαϐαλλοντές
1366 1342 1440 1392 με
1482 1326 1676 1391 ἐντρο-

103 1403 245 1469 πὴν.
285 1407 418 1460 Ποία
449 1409 551 1479 γὰρ
578 1411 673 1461 οὐκ
702 1411 846 1462 ἔστιν
881 1412 1150 1476 Ἰουδαίοις
1176 1415 1439 1486 ala-16m;
1470 1418 1545 1469 Τά
1579 1418 1674 1487 μὲν

103 1498 233 1562 ῖιγια
265 1499 334 1550 τά
359 1500 568 1552 ἑαυτῶν
596 1501 790 1570 ὁρῶσιν
819 1505 879 1554 ἐκ
905 1502 1117 1573 βάθρων
1144 1508 1488 1577 ἠφανισμένα
1511 1526 1522 1537 ·
1553 1509 1674 1561 τοῦ-

100 1586 157 1636 ’.ὀ
194 1603 252 1637 τε
295 1588 387 1638 τοῦ
427 1592 556 1658 παρ’
590 1590 764 1642 αὐτῶν
792 1593 1180 1663 ἀτιμασθέντος
1206 1599 1298 1648 καὶ
1334 1599 1670 1670 σταυρωθέν-

100 1691 187 1737 τος
212 1679 680 1749 προσκυνούμενον
698 1684 911 1753 μνῆμα·
938 1687 1028 1737 καὶ
1044 1687 1141 1749 τὰς
1159 1689 1356 1760 Ἐκκλη
1367 1692 1483 1752 σίας
1510 1693 1669 1744 αὐτοῦ

101 1769 380 1838 πάνταχοῦ
435 1771 684 1824 τοσοῦτον
736 1775 1072 1840 ἐπιδιδούσας
1109 1779 1188 1842 εἷς
1240 1798 1296 1832 τε
1343 1781 1544 1852 πλῆθος
1578 1785 1669 1836 καὶ

97 1856 274 1920 ἰόξαν.

182 1950 726 2023 Ἐξομολογηὶσομίιι
756 1956 832 2022 τῷ
859 1961 1052 2026 Κυρίῳ
1073 1962 1306 2029 σφόδρα
1329 1964 1397 2016 ἐν
1427 1965 1505 2031 τῷ
1531 1971 1670 2019 στό-

92 2043 236 2108 ματι
262 2060 403 2111 μου.
448 2043 511 2096 Ἦ
558 2046 937 2120 ἐξομολόγησις
965 2051 1060 2121 τὴν
1089 2053 1435 2124 εὐχαριστίαν
1472 2058 1668 2127 σημαί-

96 2150 195 2196 νει,
226 2135 295 2204 ῆν
324 2137 553 2188 ποιεῖται
582 2137 666 2190 διὰ
690 2139 795 2192 τῶν
819 2141 986 2194 ἐθνῶν
1015 2145 1042 2195 6
1073 2144 1217 2207 Υἱός.
1269 2149 1377 2200 Καὶ
1410 2150 1479 2199 ἐν
1500 2150 1667 2218 μέσῳ

96 2225 577 2281 πολλῶναινέσω
597 2232 797 2286 αὐτόν.
819 2233 916 2285 Διὰ
935 2234 1042 2306 γὰρ
1066 2237 1160 2306 τῆς
1188 2238 1511 2308 Ἐκκλησίας
1532 2245 1666 2294 αἰνεῖ

93 2317 180 2367 τὸν
211 2317 456 2388 Πατέρα.

653 2415 959 2468 ΨΑΛΜΟΣ
1005 2419 1114 2470 ΡΘ¹

162 2493 353 2550 Εἶπεν
385 2502 417 2552 ὁ
457 2503 674 2568 Κύριος
707 2504 786 2569 τῷ
817 2507 1009 2572 Kvpltp
1041 2526 1160 2576 μου
1180 2528 1194 2540 ·
1233 2513 1426 2566 Κάθου*
1459 2514 1526 2565 ἐκ
1567 2515 1660 2568 δε-

95 2586 238 2648 ξίῶν
279 2606 419 2655 μου.
479 2591 588 2662 Τὴν
641 2594 781 2646 κατὰ
817 2597 991 2667 σάρκα
1042 2599 1291 2672 γέννησιν
1322 2604 1413 2656 τοῦ
1454 2607 1658 2676 Κυρίου

91 2677 173 2730 διὰ
202 2679 312 2731 τῶν
347 2682 629 2753 παρόντων
679 2690 1071 2758 κατασημαίνει
1095 2731 1109 2756 ,
1137 2694 1227 2746 καὶ
1259 2695 1348 2747 τὸν
1381 2699 1660 2767 εὐαγγελι-

92 2771 182 2823 κὺν
220 2773 387 2826 αὐτοῦ
419 2775 607 2842 λόγον,
655 2779 742 2831 τὸν
775 2780 988 2833 πάντων
1022 2789 1517 2856 κατακυριεύσαντα
1550 2793 1659 2846 τῶν

93 2864 282 2927 ἐθνῶν,
317 2867 409 2919 καὶ
444 2868 541 2938 τὴν
571 2871 649 2932 el;
669 2872 926 2940 οὐρανοὺς
951 2875 1115 2928 αὑτοῦ
1136 2878 1339 2943 ἄνοδον,
1364 2879 1430 2952 ἧς
1456 2885 1656 2955 κατάρ-

93 2971 238 3023 χεται
270 2958 297 3008 6
324 2956 536 3025 ψαλμὸς
565 2958 736 3026 λέγων
757 2976 769 2988 ·
804 2959 988 3015 Εἶπεν
1032 2968 1065 3017 ὁ
1118 2969 1330 3035 Κύριος
1362 2971 1440 3035 τῷ
1462 2977 1654 3040 Κυρίῳ

84 3065 228 3114 μου·
266 3049 463 3104 Κάθου
501 3052 569 3104 ἐκ
601 3053 813 3116 δεξιῶν
842 3075 978 3124 μου.

158 3142 308 3208 Ἕως
337 3143 415 3196 ἂν
443 3144 523 3198 θῶ
556 3147 694 3211 τοὺς
734 3148 980 3216 ἐχθρούς
1023 3167 1137 3206 σου
1165 3157 1496 3212 ὑποπόδιον
1539 3161 1655 3216 τῶν
1681 3184 1722 3240 c

89 3231 287 3285 ποδῶν
314 3251 451 3288 σου.
502 3236 610 3288 Καὶ
643 3237 785 3299 τίνες
817 3238 880 3290 ἂν
911 3235 1020 3291 εἷεν
1045 3243 1092 3293 οἱ
1121 3245 1304 3314 ἐχθροὶ
1337 3250 1364 3298 6
1408 3251 1651 3305 Ἀπόστο-

88 3320 172 3384 λος
202 3321 354 3390 δηλοί
389 3322 554 3387 βοῶν’
590 3326 764 3378 Ὅταν
800 3329 1144 3400 καταργήσῃ
1189 3334 1293 3400 τὰς
1326 3336 1516 3405 ἀρχὰς
1555 3343 1649 3394 καὶ

87 3412 187 3476 τὰς
219 3411 527 3479 ἐξουσίας,
557 3414 652 3466 καὶ
679 3415 818 3482 τοὺς
847 3421 1328 3491 κοσμοκράτορας
1348 3466 1360 3489 ,
1394 3429 1651 3498 ἔσχατος

85 3502 291 3570 ἐχθρὸς
321 3505 694 3573 καταργεῖται
727 3510 760 3560 ὁ
781 3508 1062 3576 "miratae.

159 3593 408 3647 'PdEt‘Jor
436 3593 742 3663 δυνάμεως
771 3598 1170 3660 ἐξαποστελεῖ
1207 3621 1304 3658 σοι
1331 3611 1543 3676 Κύριος
1582 3613 1650 3666 ἐκ

87 3683 250 3738 Σιών.
313 3686 420 3738 Τὸν
450 3685 800 3755 εὐαγγελικόν
831 3707 962 3760 φησι
989 3690 1143 3760 λόγον
1186 3695 1276 3747 τὸν
1309 3697 1651 3772 ἀπεσταλμέ-

85 3795 184 3841 νον,
217 3777 275 3841 ὃς
304 3778 400 3831 καὶ
434 3779 648 3832 πάντων
680 3780 786 3834 τῶν
816 3781 1024 3854 ἐχθρῶν
1058 3787 1393 3858 ἐκυρίευσεν.

148 3866 308 3919 Μετὰ
339 3865 457 3919 σοῦ
481 3867 518 3931 ἡ
555 3867 709 3937 ἀρχὴ
741 3870 811 3923 ἐν
832 3873 1019 3940 ἡμέρῃ
1047 3874 1156 3942 τῆς
1179 3876 1482 3948 δυνάμεως
1507 3895 1645 3937 σου.

87 3957 152 4042 ᾟ
181 3961 270 4011 τὸν
307 3960 500 4030 καιρὸν
529 3961 627 4030 τῆς
658 3963 890 4031 κρίσεως
917 3965 1002 4019 διὰ
1032 3968 1232 4023 τούτων
1263 3975 1514 4042 σημαίνει
1540 4018 1554 4040 ,
1590 3979 1646 4029 ἐν

82 4041 120 4112 ᾧ
142 4049 368 4120 δυνάμει
398 4050 519 4121 θείᾳ.
546 4052 751 4117 πάντας
780 4058 956 4128 κρινεῖ
981 4058 1147 4111 ἐλθὼν
1174 4041 1453 4131 μεταίτῶν
1479 4069 1646 4137 ἁγίων

83 4151 320 4219 ἀγγέλων
341 4152 539 4206 αὑτοῦ·
570 4154 602 4225 ἢ
636 4154 726 4208 τὸν
760 4156 949 4228 καιρὸν
983 4158 1084 4228 τῆς
1116 4160 1421 4229 γεννήσεως
1454 4160 1642 4225 αὑτοῦ,

83 4241 190 4307 ἥτις
215 4243 310 4294 καὶ
330 4243 513 4315 ἡμέρα
541 4245 822 4312 δυνάμεως
852 4249 1333 4320 προσαγορεύεται.
1369 4253 1521 4305 Μετὰ
1550 4253 1643 4305 σοῦ

83 4330 179 4402 γὰρ
211 4333 370 4386 ἔσται
403 4337 436 4403 ἡ
472 4337 632 4407 ἀρχή.
673 4338 1095 4404 Κατεξουσιάζει
1131 4341 1238 4411 γὰρ
1274 4341 1379 4394 τῶν
1411 4342 1566 4404 ὅλων,
1597 4345 1643 4395 εἰ

85 4423 166 4475 καὶ
205 4425 430 4493 γέγονεν
482 4427 784 4498 ἄνθρωπος.
835 4432 935 4484 Ἐν
964 4432 1090 4498 ταῖς
1119 4434 1496 4501 λαμπρότησι
1528 4434 1644 4487 τῶν

83 4514 253 4582 ἁγίων
271 4532 410 4570 σου-
439 4517 512 4570 Τὸ
536 4519 612 4581 δὲ,
651 4522 745 4573 Ἐν
766 4521 891 4586 ταῖς
919 4525 1295 4592 λαμπρότησι
1317 4525 1434 4578 τῶν
1463 4526 1643 4595 ἁγίων
1678 4529 1720 4580 1)

83 4618 215 4668 σου,
247 4606 404 4659 οὐδὲν
433 4608 618 4681 ἕτερον
648 4610 679 4679 ἢ
715 4612 811 4674 τὰς
843 4630 934 4683 xc...
975 4610 1059 4669 ἀς
1089 4616 1301 4678 ὲκείνας
1328 4616 1437 4669 τῶν
1470 4619 1639 4684 ἁγίων

84 4696 319 4764 ἀγγέλων
355 4699 488 4768 ἡμῖν
535 4704 967 4773 κατασημαίνει,
1017 4705 1114 4768 τάς
1149 4706 1298 4777 παρὰ
1343 4711 1441 4780 τὴν
1473 4707 1642 4762 νύκτα

86 4786 283 4858 ἐκείνην
313 4789 436 4843 καθ’
484 4791 550 4862 ἢν
576 4793 836 4865 ἐγεννήθη
871 4797 898 4846 6
931 4797 1165 4867 Χριστὸς
1197 4797 1434 4868 βοώσας⁹
1493 4801 1644 4864 Δόξα

81 4895 139 4931 μγ
158 4880 441 4947 ὑψίστοις
469 4882 589 4948 Θεῷ
616 4884 711 4937 καὶ
734 4885 832 4938 ἐπὶ
860 4886 973 4954 γῆς
1000 4886 1227 4955 εἰρήνη.
1273 4889 1366 4940 Ἐκ
1390 4891 1644 4958 γαστρὸς

82 4969 181 5034 πρὸ
213 4971 526 5041 ἑωσφόρον
564 4976 861 5044 ὲγέννησά
893 4995 983 5031 σε.
1034 4981 1174 5050 Ὅρα
1201 4979 1314 5045 πῶς
1353 4982 1638 5034 οἰκειοῦται

85 5061 167 5126 τὴν
193 5063 332 5115 κατὰ
362 5064 541 5134 σάρκα
568 5065 818 5137 γέννησιν
862 5068 955 5121 τοῦ
988 5071 1323 5138 Μονογενοῠς
1353 5073 1379 5125 6
1426 5073 1634 5142 Πατήρ.

83 5150 202 5220 Φησὶ
234 5155 344 5226 γὰρ
372 5157 400 5206 6
423 5158 612 5229 Πατὴρ
643 5160 779 5230 πρὸς
807 5161 894 5214 τὸν
923 5161 1046 5215 Υἰόν
1067 5180 1079 5193 ο
1113 5164 1226 5233 Πρὸ
1252 5165 1358 5234 γὰρ
1380 5163 1470 5217 τοῦ
1504 5166 1638 5235 ὀρω-

88 5243 237 5309 μένου
260 5248 468 5318 κόσμου
497 5251 684 5304 τούτου
718 5253 810 5305 καὶ
837 5254 1088 5322 διαυγοῦς
1116 5257 1291 5324 φωτὸς
1315 5259 1634 5326 γεννήσεως,

85 5332 177 5398 ἐγὼ
201 5338 506 5409 γεγέννηκά
536 5358 613 5393 σε.
631 5343 740 5412 Οὐχ
769 5345 849 5396 ὅτι
880 5348 1116 5415 γαστέρα
1139 5345 1248 5415 ἔχει
1278 5348 1304 5399 6
1331 5348 1461 5410 Θεός
1479 5365 1492 5377 ·
1523 5349 1636 5400 ἀλλ’

85 5421 250 5494 ἐπειδὴ
282 5426 353 5480 τὰ
383 5430 577 5500 γνήσια
600 5470 614 5493 ,
649 5434 739 5486 καὶ
783 5435 842 5486 οὐ
873 5435 997 5487 νόθα
1018 5477 1032 5500 ,
1067 5437 1130 5488 ὲκ
1159 5438 1392 5508 γαστρὸς
1423 5455 1632 5508 πρωτο-

84 5516 258 5569 tantin
292 5521 620 5589 πεφύκασιν.

145 5607 356 5676 Ὠμοσε
401 5615 646 5683 Κύριος,
679 5617 772 5669 καὶ
822 5619 892 5670 οὺ
936 5621 1505 5688 μεταμεληθήσεται.
1591 5624 1631 5672 0

143 5783 185 5821 ι’
209 5786 436 5862 Philipp.
482 5807 540 5860 ιι,
566 5794 619 5848 7.
703 5795 744 5826 "
769 5795 870 5850 lsa.
903 5811 1049 5865 mx,
1091 5798 1141 5852 5.

1239 377 1600 437 EXPOSITIO
1638 382 1709 436 ἸΝ
1752 381 2077 438 PSALMUM
2116 382 2247 439 CIX.

898 497 1015 552 οὔτε
1049 499 1224 568 λογίου
1251 543 1264 560 ,
1299 503 1436 555 κατὰ
1464 502 1562 573 τὴν
1593 522 1654 557 το

1790 506 1976 570 altare,
2044 521 2141 560 nec
2191 505 2575 573 sacerdotium,
2631 522 2814 578 neque
2865 508 3147 575 rationale,
3190 513 3344 583 juxta

1223 5799 1263 5830 ¹⁹
1288 5797 1471 5854 Matth.
1509 5813 1598 5862 xx,
1635 5797 1723 5851 9.8.
1798 5796 1840 5828 ¹⁰
1876 5795 1892 5849 l
1927 5796 2052 5851 Cor.
2099 5812 2184 5864 xv,
2228 5796 2314 5851 26.

3241 394 3349 451 46?.

1790 599 2068 668 Propheta:
2097 615 2302 653 vocem.
2341 598 2529 653 Servus
2558 609 2732 653 autem
2765 610 2884 655 tuas
2917 601 3202 656 (celabitur.
3239 606 3342 658 Ne-

1787 706 1891 760 que
1923 691 2025 745 hoc
2055 691 2256 745 dictum
2303 692 2369 744 a'd
2416 690 2562 745 aliud
2617 703 2994 762 argumentum
3049 696 3344 750 transferre

1787 796 2007 836 necesse
2037 782 2192 836 nobis
2228 790 2310 836 est
2343 799 2356 846 ;
2398 797 2520 834 cum
2555 782 2754 838 Paulus
2787 786 2930 839 dicat
2960 805 2972 839 :
3011 785 3114 840 Sed
3153 797 3341 838 semet-

1785 873 1956 939 ipsum
2010 875 2299 926 exinanivit
2370 874 2597 942 formant
2655 882 2791 930 serui
2854 878 3114 946 accipiens
3157 877 3231 943 ’7;
3288 885 3341 931 et

1785 963 1950 1019 Isaias
1978 983 1989 1018 :
2028 964 2115 1019 Sic
2143 966 2274 1019 dicit
2307 965 2561 1020 Dominus
2590 970 2680 1038 qui
2709 968 2953 1036 formarit
2983 986 3061 1022 me
3101 985 3164 1020 ea:
3193 979 3339 1021 utero

1781 1071 1983 1107 servum
2011 1057 2109 1108 sibi
2137 1056 2178 1086 ⁸⁸
2204 1074 2216 1109 :
2242 1066 2294 1110 et
2327 1059 2442 1126 ipse
2468 1059 2518 1110 iu
2552 1059 2857 1128 Evangeliis
2896 1061 2972 1113 ait
2999 1080 3010 1113 :
3049 1059 3223 1115 Filius
3252 1061 3340 1112 Iw-

1781 1148 1938 1200 nténis
1975 1163 2074 1199 non
2107 1149 2241 1202 venit
2273 1150 2589 1214 ministrari,
2631 1150 2719 1202 sed
2741 1153 3040 1205 ministrare
3063 1154 3124 1204 ¹⁹.

1848 1322 1937 1376 29.
1963 1322 2265 1377 lnduantur
2287 1327 2374 1394 qui
2406 1326 2688 1380 detrahunt
2712 1329 2838 1380 mihi
2869 1330 3085 1397 pudore.
3117 1327 3333 1398 Ecquod

1782 1428 1888 1466 non
1926 1424 2007 1468 est
2046 1413 2248 1471 Judieis
2285 1417 2506 1485 pudoris
2553 1421 2766 1487 genus?
2797 1418 2990 1474 Sancta
3027 1436 3124 1474 sua
3159 1421 3338 1474 vident

1777 1521 1806 1557 a
1838 1505 2203 1561 fundamentis
2251 1510 2472 1563 diruta:
2512 1513 2822 1579 sepulcrum
2856 1521 3032 1566 autem
3083 1512 3201 1581 ejus
3242 1514 3331 1581 qui

1775 1599 1843 1650 ab
1872 1598 2001 1666 ipsis
2028 1599 2302 1668 despecturi
2337 1601 2552 1655 habitus
2578 1618 2640 1654 ac
2661 1603 2953 1658 cruciﬁxus
2973 1614 3054 1658 est
3082 1605 3330 1658 adorari:

1776 1688 2152 1752 licelesiasque
2178 1692 2296 1760 ejus
2327 1694 2526 1764 ubique
2568 1705 2830 1767 terrarum
2867 1705 3072 1749 tantum
3106 1712 3332 1751 numero

1773 1791 1823 1833 et
1859 1782 2027 1847 gloria
2061 1784 2267 1852 augeri.

1843 1954 1932 2008 50.
1970 1954 2268 2025 Conﬁtebor
2298 1958 2521 2012 Domino
2564 1961 2716 2014 nimis
2745 1963 2796 2014 in
2831 1978 2918 2014 ore
2945 1978 3076 2016 meo.
3105 1961 3331 2016 Confes-

1771 2046 1854 2099 sio
1877 2048 2172 2116 gratiarum
2208 2050 2472 2104 actionem
2505 2052 2792 2120 signiﬁcat,
2826 2070 2987 2122 quam
3022 2070 3114 2123 per
3139 2064 3326 2124 gentes

1771 2135 1938 2190 Filius
1981 2137 2174 2192 reddit.
2209 2138 2276 2192 Et
2308 2141 2360 2192 in
2411 2142 2578 2194 medio
2613 2144 2900 2195 multarunt
2931 2144 3156 2196 laudabo
3185 2162 3323 2199 eum.

1768 2226 1869 2280 Per
1910 2211 2204 2283 Ecclesiam
2236 2247 2469 2300 namque
2493 2231 2702 2288 Patrem
2735 2235 2936 2290 laudat.

2282 2408 2614 2464 PSALMUS
2646 2412 2797 2465 CIX.

1836 2499 1885 2552 Ι.
1914 2499 2061 2554 Dixit
2109 2500 2361 2554 Dominus
2422 2501 2646 2556 Domino
2693 2503 3004 2559 meo:Sede
3041 2524 3073 2558 a
3121 2508 3321 2562 dextris

1762 2591 1909 2644 meis.
1949 2588 2108 2644 llisce
2131 2592 2311 2645 verbis
2347 2595 2745 2660 generationem
2778 2595 2988 2650 Domini
3019 2599 3318 2652 secundum

1761 2696 1980 2735 carnem
2045 2682 2332 2751 signiﬁcat,
2386 2694 2439 2737 et
2486 2686 2855 2753 evangelicum
2903 2687 3020 2756 ejus
3072 2689 3318 2755 verbum,

1759 2771 1903 2841 quod
1949 2771 2202 2826 omnibus
2236 2773 2485 2841 gentibus
2517 2775 2868 2828 dominatur:
2905 2785 2958 2829 et
2979 2779 3100 2845 ejus
3126 2793 3323 2833 ascen-

1759 2877 1878 2915 sum
1931 2862 1984 2914 in
2044 2860 2250 2924 cmlos,
2297 2877 2455 2930 quem
2490 2872 2707 2916 enarrat
2755 2863 2997 2932 psalmus
3043 2866 3315 2922 dicendo;

1763 2949 1906 3002 Dia'it
1937 2951 2187 3004 Dominus
2228 2950 2449 3004 Domino
2475 2969 2622 3006 meo:
2657 2952 2785 3006 Sede
2812 2971 2842 3006 a
2881 2955 3078 3008 dextris
3109 2958 3256 3010 meis.

1829 3119 2001 3175 Donec
2024 3139 2211 3191 ponam
2244 3126 2486 3180 inimicat
2517 3136 2630 3181 tuos
2655 3128 2939 3184 scabellum
2968 3131 3153 3196 pedum
3197 3141 3318 3186 tuo-

1759 3229 1897 3267 rum.
1942 3214 2173 3281 Quinam
2204 3217 2388 3274 hostes
2422 3219 2533 3274 sint
2578 3221 2816 3276 declarat
2849 3222 3140 3292 Apostolus
3188 3239 3312 3278 eum

1755 3306 1991 3359 clamat:
2026 3306 2158 3360 Cum
2181 3311 2504 3363 evacuaverit
2541 3314 2893 3382 principatum
2933 3324 2981 3366 et
3034 3322 3313 3383 potestates

1753 3404 1802 3446 et
1839 3405 2061 3448 rectores
2096 3399 2299 3464 mundi,
2333 3402 2617 3453 novissima
2653 3404 2884 3455 omnium
2924 3405 3139 3456 inimica
3174 3421 3313 3459 mors

1757 3484 2053 3539 destruetur
2077 3488 2144 3541 ’°.

1824 3576 1878 3630 2.
1926 3576 2139 3648 Virgam
2181 3583 2520 3637 virtutistute
2561 3586 2756 3638 emittet
2797 3585 3056 3640 Dominus
3079 3603 3142 3640 ea:
3161 3585 3308 3642 Sion.

1751 3666 2132 3738 Evangelicum
2163 3672 2294 3725 dicit
2324 3674 2566 3738 verbum,
2599 3674 2743 3742 quod
2781 3676 3041 3729 emissum
3077 3677 3310 3732 inimicis

1753 3762 2008 3816 omnibus
2032 3763 2365 3818 dominatum
2407 3775 2508 3820 est.

1820 3853 1872 3906 5.
1911 3851 2096 3907 Tecum
2131 3856 2447 3924 principium
2474 3857 2530 3910 in
2567 3858 2653 3910 die
2686 3857 2896 3910 virtutis
2940 3867 3063 3911 tute.
3107 3855 3203 3913 llis
3235 3859 3310 3913 si-

1752 3946 1970 4014 gniﬁcat
1998 3955 2092 4000 aut
2115 3946 2304 4016 judicii
2347 3956 2579 4017 tempus,
2605 3963 2713 4018 quo
2747 3950 2945 4002 virtute
2973 3949 3151 4004 divina
3177 3965 3311 4003 om—

1752 4049 1847 4088 nes
1888 4034 2151 4103 judicabit
2203 4037 2427 4090 veniens
2490 4051 2612 4089 cum
2652 4037 2854 4090 sanctis
2901 4037 3108 4106 angelis
3157 4040 3304 4096 suis:

1749 4134 1844 4179 aut
1873 4133 2082 4195 tempus
2110 4127 2475 4196 generationis
2510 4126 2678 4192 illius,
2711 4141 2832 4195 quae
2864 4127 3028 4180 etiam
3067 4126 3183 4180 dies
3207 4128 3309 4180 vir-

1749 4216 1880 4271 tutis
1906 4218 2226 4287 appellatur.
2264 4215 2463 4272 Tecum
2495 4216 2636 4270 enim
2664 4217 2764 4270 erit
2795 4216 3144 4285 principium.
3170 4213 3302 4269 Nam

1747 4309 2061 4374 dominatur
2099 4309 2370 4364 universis
2417 4309 2628 4363 etiamsi
2677 4307 2854 4363 factus
2904 4309 2974 4362 sit
3021 4309 3202 4364 homo.
3240 4307 3305 4361 lu

1748 4399 2106 4468 splendoribus
2141 4410 2688 4454 sanctorumtuorum.
2727 4398 2856 4453 Illud
2887 4418 2899 4453 :
2930 4398 2997 4452 In
3021 4400 3308 4469 splendori-

1751 4490 1843 4543 bus
1873 4501 2175 4544 sanctorum
2211 4503 2437 4553 tuorum,
2486 4490 2619 4543 nihil
2648 4491 2792 4544 aliud
2835 4490 3105 4561 signiﬁcat
3139 4508 3301 4561 quam

1745 4583 1972 4636 choreas
1999 4583 2119 4637 illas
2153 4592 2466 4637 sanctorum
2503 4583 2842 4650 angelorum.
2877 4583 3173 4636 clamantes
3195 4599 3301 4652 qua

1744 4685 1902 4729 nocte
1933 4687 2095 4729 natus
2151 4675 2400 4729 Christus
2431 4683 2551 4727 est:
2585 4673 2764 4727 Gloria
2810 4675 2864 4726 in
2906 4673 3123 4726 excelsis
3157 4672 3263 4727 Deo
3285 4713 3300 4732 ,

1743 4778 1791 4820 et
1826 4769 1880 4820 in
1902 4777 2044 4820 terra
2063 4783 2167 4835 pax
2192 4768 2256 4819 ".
2291 4765 2373 4819 Ex
2411 4776 2557 4819 utero
2590 4776 2707 4818 ante
2739 4764 3016 4831 luciferum
3049 4767 3202 4834 genui
3231 4778 3299 4820 te.

1747 4857 1880 4911 Vide
1910 4873 2016 4927 quo
2048 4867 2204 4927 pacto
2253 4856 2413 4909 Pater
2447 4853 2720 4926 Unigeniti
2744 4886 2749 4890 α
2777 4856 3175 4925 generationem
3225 4872 3305 4910 se-

1745 4949 1980 5003 cundum
2040 4963 2253 5002 carnem
2309 4948 2412 5001 sibi
2464 4951 2733 5017 propriam
2792 4947 2973 5001 cﬂicit.
3031 4948 3122 5001 Ait
3155 4950 3298 5003 enim

1743 5039 1903 5096 Pater
1930 5040 1995 5094 ad
2027 5039 2221 5092 Filium
2251 5059 2262 5092 :
2295 5039 2431 5094 Ante
2461 5039 2895 5093 mundum-hune
2921 5040 3216 5107 visibilem,
3249 5055 3304 5096 et

1743 5133 2082 5201 splendidum
2120 5133 2300 5186 lumen
2331 5147 2433 5202 ego
2456 5140 2508 5186 te
2536 5130 2852 5201 genui.Non
2885 5132 3029 5200 quod
3059 5143 3300 5186 ventrem

1741 5224 1883 5279 Deus
1908 5224 2102 5278 habeat
2129 5241 2143 5287 ;
2169 5223 2262 5277 sed
2293 5224 2420 5290 quia
2453 5238 2731 5292 germana,
2761 5231 2812 5276 ct
2845 5236 2953 5276 non
2988 5223 3199 5292 spuria,
3234 5238 3298 5276 ex

1740 5325 1924 5371 ventre
1959 5316 2398 5385 primogenitum
2429 5315 2561 5368 oriri
2588 5315 2782 5369 solent.

1805 5622 1857 5675 4.
1896 5621 2101 5673 Ικναιιίι
2145 5621 2395 5673 Dominus
2428 5630 2472 5673 et
2514 5636 2613 5674 non
2660 5622 2926 5690 parnilebit
2964 5639 3100 5676 eum.
3144 5619 3298 5678 tu?»

2393 5800 2432 5831 ⁸³
2477 5797 2607 5856 Luc.
2663 5815 2722 5864 ll,
2762 5800 2845 5854 lt.
