4094 6312
761 381 865 438 ιθδ

1597 376 1655 432 S.
1697 372 2062 430 ATIIANASII
2099 369 2252 428 OPP.
2301 369 2479 427 PARS
2513 369 2606 426 111.
2647 399 2716 411 —
2755 367 3164 424 EXEGETICA.

3872 367 3962 422 ιδι

765 514 1005 560 mentum
1037 503 1152 566 Dei,
1185 508 1268 557 est
1294 501 1516 556 verbum
1547 499 1686 568 ejus,
1720 499 1864 570 quod
1898 497 2172 552 auditores
2201 509 2320 550 cer-
2346 542 2351 553 .

2425 493 2582 563 ὅρκος
2622 489 2718 544 τοῦ
2750 490 2882 544 Θεοῦ
2938 490 2966 542 δ
3002 490 3159 558 λόγος
3207 486 3366 540 αὐτοῦ
3411 487 3564 548 ἐστι,
3631 485 3964 556 πληροφορῶν

766 595 931 650 liores
955 591 1105 657 l‘acit,
1139 601 1192 646 et
1220 590 1380 646 ﬁdem
1411 591 1607 660 cuique
1627 589 1739 655 dat,
1768 604 1887 657 quae
1910 585 2022 657 ipse
2053 585 2320 656 promittit

765 685 1089 754 acloquitnr
1122 682 1346 737 omnino
1373 680 1552 735 futura
1585 695 1724 734 esse.
1772 677 1889 733 Non
1917 679 2059 732 enim
2097 676 2320 746 perinde

763 792 924 850 atque
952 780 1116 835 homo
1154 777 1295 832 Deus
1349 777 1532 846 jnrat;
1582 779 1674 830 sed
1722 777 1943 830 verbum
1995 775 2114 843 ejus
2163 771 2321 826 nobis

764 874 939 926 instar
966 868 1264 940 juramenti
1294 877 1378 922 est
1408 865 1474 921 ad
1508 866 1786 920 veritatem
1814 881 1828 930 ;
1871 864 2126 918 nimirum
2163 877 2323 916 onmc

763 962 987 1016 verbum
1019 960 1140 1030 ejus
1173 959 1280 1013 tale
1313 965 1396 1013 est
1429 966 1488 1012 ut
1518 973 1796 1026 nunquam
1835 955 2092 1024 pmnitcat
2124 953 2320 1022 ipsum,

768 1053 972 1123 quippe
1005 1065 1129 1107 cum
1161 1050 1416 1119 promissi
1462 1047 1997 1118 juranientn'tirmati
2032 1045 2186 1098 (idem
2227 1044 2323 1098 lia-

763 1144 908 1198 bcat.
936 1141 1015 1195 Tu
1045 1157 1098 1195 es
1140 1140 1382 1193 sacerdos
1409 1139 1462 1191 in
1491 1149 1741 1192 wternum
1763 1137 2043 1191 secundum
2090 1135 2324 1188 ordinem

765 1233 1128 1290 Melchisedec.
1175 1229 1314 1296 Quia
1351 1245 1460 1285 non
1499 1229 1619 1283 oleo
1657 1226 2012 1282 Melchisedec
2052 1225 2118 1280 ad
2153 1240 2326 1281 sacer-

763 1327 969 1382 dotium
1025 1335 1221 1380 unctus
1265 1332 1371 1386 est.
1434 1321 1890 1393 quemadmodum
1929 1319 2107 1372 Aaron
2141 1358 2156 1384 ,
2196 1321 2323 1389 quia

764 1430 871 1472 non
909 1427 1160 1472 cruentas
1192 1414 1390 1470 obtulit
1425 1414 1665 1477 hostias;
1697 1413 1821 1481 quia
1869 1411 2105 1482 gentium
2149 1411 2328 1482 ponti-

766 1511 851 1564 fex
893 1517 1029 1572 erat,
1086 1515 1141 1562 et
1182 1507 1309 1577 quia
1346 1521 1442 1576 per
1483 1519 1675 1575 panem
1721 1513 1773 1560 et
1824 1504 2007 1558 vinum
2055 1502 2329 1561 benedixit

763 1601 1093 1655 Abrahamo.

835 1692 892 1746 5.
923 1689 1178 1744 Dominus
1205 1705 1238 1742 a
1266 1688 1467 1741 dextris
1493 1685 1595 1739 tuis
1625 1683 1873 1754 confregit
1902 1683 1957 1736 in
1986 1683 2070 1736 die
2096 1683 2192 1737 im
2220 1698 2329 1737 stuc

765 1799 926 1853 reges.
956 1781 1108 1836 Diem
1139 1781 1252 1844 irae,
1281 1777 1473 1849 judieii
1507 1785 1716 1845 tempus
1749 1791 1872 1830 esse
1894 1775 2046 1838 dicit,
2077 1790 2188 1845 quo
2229 1775 2326 1830 lto—

764 1875 940 1930 mines
976 1874 1071 1944 qui
1095 1873 1224 1928 olim
1265 1885 1330 1926 ex
1382 1869 1592 1924 fallacia
1643 1869 1950 1922 daemonum
2003 1868 2322 1937 regnabant,

764 1963 1090 2034 confringet,
1121 1962 1261 2017 intra
1288 1961 1543 2032 abyssum
1569 1959 1900 2015 concludens
1933 1959 2100 2029 ipsos.

833 2142 886 2196 6.
915 2139 1188 2195 Judicabit
1209 2141 1266 2194 in
1293 2135 1619 2199 nationibus,
1650 2133 1884 2203 implebit
1903 2133 2104 2187 ruinas.
2136 2129 2324 2186 Natio-

765 2248 884 2300 nes,
917 2233 1112 2301 inquit,
1145 2232 1484 2298 impurorum
1517 2226 1820 2280 daemonum
1846 2223 2076 2294 puniens
2111 2221 2163 2276 in
2189 2231 2327 2276 tem-

765 2339 898 2394 pore
917 2322 1131 2393 judieii,
1156 2320 1330 2376 ruinis
1359 2319 1546 2390 plenas
1573 2316 1840 2381 ostendet,
1865 2315 1915 2368 id
1939 2322 2022 2369 est
2069 2312 2245 2383 poenis
2270 2313 2326 2366 in

765 2411 1114 2468 inferioribus
1142 2409 1386 2481 partibus
1413 2415 1570 2461 terras
1595 2403 1916 2474 inlligendis.
1943 2399 2325 2470 Conquassabit

764 2507 939 2575 capita
965 2506 1020 2559 in
1048 2513 1186 2558 terra
1217 2501 1524 2554 multorum.
1557 2496 1745 2551 Simile
1782 2495 1912 2548 illud
1937 2503 2021 2549 est
2045 2493 2189 2548 dicto
2222 2490 2328 2546 Do-

765 2597 902 2652 mini
942 2610 1038 2666 per
1067 2592 1298 2649 Isaiam:
1331 2589 1396 2645 Et
1437 2588 1601 2658 dejeci
1648 2587 1953 2658 sanguinem
1997 2585 2231 2654 ipsorum
2272 2583 2326 2636 in

768 2697 966 2740 tenam
988 2685 1056 2740 ι’.

837 2779 888 2834 7,
915 2777 990 2831 De
1014 2783 1237 2830 torrente
1259 2774 1314 2828 in
1341 2773 1425 2826 via
1461 2771 1615 2825 bibet.
1643 2768 1960 2824 Torrentem
1988 2774 2145 2820 vocat
2185 2763 2329 2818 Scri-

766 2880 921 2942 ptura
947 2868 1319 2925 tentationem.
1336 2861 1492 2916 Viam
1511 2870 1688 2915 autem
1712 2860 1844 2914 dicit
1866 2859 2183 2913 descensum
2209 2855 2328 2926 ejus

768 2965 823 3018 in
849 2971 1071 3025 terram,
1108 2962 1163 3014 in
1186 2972 1293 3028 qua
1326 2968 1522 3027 passus
1550 2963 1633 3009 est
1655 2953 1747 3023 qui
1788 2967 1882 3022 per
1916 2959 2208 3006 torrentem
2234 2949 2328 3004 de-

767 3053 994 3111 scendit.
1034 3051 1316 3120 Propterea
1337 3046 1586 3104 exaltabit
1607 3054 1783 3113 caput.
1826 3042 2139 3115 Propterea,
2161 3056 2328 3113 quare

768 3144 875 3199 nisi
897 3142 1023 3213 quia
1054 3156 1248 3212 passus
1271 3147 1355 3193 est
1375 3137 1428 3191 in
1452 3136 1664 3192 carne?
1698 3135 1886 3190 Simile
1915 3142 2094 3188 autem
2126 3140 2209 3186 est
2245 3131 2328 3186 di-
2355 3165 2397 3221 α

2088 3219 2326 3276 obeam,
2355 3194 2397 3221 ν
2432 3199 2627 3272 σάρκες
2661 3199 2886 3270 Ὅμοιον
2920 3198 2977 3252 δὲ
3006 3198 3067 3252 τὸ
3093 3196 3401 3269 εξορημένον,
3426 3194 3514 3261 τὸ,
3561 3195 3988 3248 Ἔταπείνωσεν

768 3245 915 3290 etum
942 3234 1074 3288 illud
1105 3250 1118 3286 :
1145 3229 1461 3284 llumiliavit
1504 3228 1835 3296 semetipsum
1887 3224 2058 3293 factus

768 3341 930 3398 usque
962 3324 1031 3378 ad
1060 3331 1276 3376 mortem
1305 3320 1372 3374 “.

1154 3407 1491 3465 PSALMUS
1527 3406 1644 3464 CX.
1679 3406 1928 3461 Alleluia.

843 3505 896 3561 1.
921 3501 1227 3574 Conﬁtebor
1260 3503 1372 3567 tibi,
1405 3500 1641 3564 Domine,
1673 3500 1728 3552 in
1759 3509 1865 3551 ιοιο
1899 3496 2054 3549 corde
2091 3509 2222 3550 meo.
2249 3491 2328 3546 Ex

771 3610 1006 3668 persona
1051 3593 1426 3665 apostolorum
1466 3603 1704 3661 prmsens
1744 3587 1989 3658 psalmus
2033 3583 2328 3646 inducitur,

771 3685 1145 3746 enarrantium
1185 3692 1389 3755 quanta
1427 3690 1483 3736 et
1519 3680 1701 3751 qualia
1727 3677 1880 3734 luere
1926 3677 1979 3731 in
2028 3674 2330 3732 meonomia

778 3776 1079 3834 Salvatoris
1102 3791 1288 3846 opera.
1322 3773 1448 3828 Haec
1481 3781 1662 3826 autem
1691 3770 1888 3824 docent
1928 3781 2125 3823 novum
2169 3780 2332 3835 popu-

772 3869 907 3930 lum,
941 3866 1102 3922 simul
1127 3865 1330 3936 gratias
1350 3872 1598 3934 agentem
1621 3861 1687 3915 de
1716 3860 1890 3915 salute
1923 3873 2042 3920 sua,
2074 3856 2330 3927 quamob-

775 3974 890 4015 rem
917 3956 1146 4012 Alleluia
1181 3953 1474 4024 inscriplus
1497 3961 1600 4008 est.
1640 3950 1707 4004 In
1748 3950 1968 4004 consilio
1998 3957 2254 4002 rectorum
2282 3955 2330 4000 et

772 4051 1191 4123 congregatione.
1233 4046 1534 4103 Consilium
1581 4053 1850 4100 rectorum
1882 4042 2013 4098 dicit
2050 4056 2203 4096 novas
2231 4038 2332 4111 Sy-

776 4155 999 4214 nagogte
1057 4139 1339 4211 p0pulum,
1383 4136 1449 4191 ad
1490 4136 1847 4192 diﬂ‘erentiam
1895 4132 2078 4203 populi
2133 4133 2331 4188 veteris

781 4235 1101 4306 Synagogae.
1134 4231 1230 4285 Illa
1261 4230 1459 4300 quippe
1493 4236 1638 4283 recta
1680 4243 1786 4281 non
1832 4235 1937 4292 est,
1985 4232 2169 4294 utpote
2213 4238 2333 4294 quae

777 4339 993 4393 semper
1022 4322 1188 4378 corde
1215 4312 1551 4376 erraverit.”

846 4415 902 4470 2.
941 4413 1136 4484 Magna
1176 4429 1330 4482 opera
1366 4410 1618 4466 Domini:
1656 4409 1918 4480 exquisiza
1955 4407 2008 4460 in
2041 4422 2214 4460 omnes
2254 4423 2334 4460 eo-

2417 585 2544 646 τοὺς
2595 582 2926 646 ἀκούοντας,
2969 582 3064 635 καὶ
3113 579 3290 632 πίστιν
3338 578 3552 646 ἑκάστῳ
3585 577 3866 647 παρέχων,
3894 576 3964 629 ὅτι

2418 675 2446 727 δ
2477 675 2808 745 ἐπήγγελται
2839 675 2932 727 καὶ
2959 672 3128 734 λαλεῖ,
3162 671 3376 733 πάντως
3405 671 3711 740 γενήσεται.
3773 669 3842 719 uo
3873 668 3963 736 γὰρ

2419 769 2495 830 ὡς
2523 767 2801 838 ἄνθρωπος
2849 766 3037 836 ὀμνύει
3083 764 3246 828 Θεόςο
3281 763 3392 816 ἀλλ’
3423 763 3552 833 ἡμῖν
3579 764 3607 814 ὁ
3635 761 3789 827 λόγος
3821 759 3964 812 αὐτοῦ

2420 857 2540 910 ἀντὶ
2573 857 2737 928 ὅρκου
2771 857 2905 928 πρὸς
2938 856 3191 926 ἀλήθειαν
3216 853 3454 923 γίνεται,
3484 854 3560 916 ὡς
3587 852 3681 905 τοῦ
3712 855 3966 920 ἁμεταμεο

2421 947 2579 1018 λήτου
2624 947 2822 1011 παντὸς
2854 949 3139 1018 ἐσομένου,
3174 947 3314 1000 κατὰ
3341 946 3438 1016 τὴν
3472 943 3801 1012 ἐπαγγελίαν
3825 943 3966 1012 ὅρκου

2423 1039 2795 1110 τυγχάνοντος.
2858 1040 2941 1094 Σὺ
2969 1039 3159 1108 ἱερεὺς
3205 1040 3292 1104 εἷς
3323 1037 3431 1090 τεν
3460 1034 3644 1089 altis-cr
3687 1035 3831 1086 κατὰ
3872 1030 3970 1098 τὴν

2424 1130 2596 1194 τάξιν
2624 1129 3010 1200 Μελχισεδέκ.
3047 1131 3250 1183 Ὀτιού
3283 1129 3349 1182 δι’
3374 1127 3553 1181 ἐλαίου
3580 1127 3660 1188 εἰς
3694 1123 3970 1196 ἱερωσύνην

2424 1221 2648 1292 ἐχρίσθη
2690 1223 2718 1274 ὁ
2767 1221 3095 1291 Μελχισεδὲκ
3115 1262 3129 1286 ,
3175 1221 3251 1283 ὼς
3290 1219 3496 1291 Ἀαρὼν
3517 1235 3532 1248 ⁸
3567 1217 3663 1272 καὶ
3695 1217 3774 1268 ὃτι
3802 1216 3859 1268 οὐ
3887 1214 3974 1276 τὰς

2423 1307 2488 1361 δι’
2517 1311 2761 1380 αἱμάτων
2793 1313 3107 1381 προσήγαγε
3158 1309 3380 1372 θυσίας’
3421 1307 3515 1361 καὶ
3557 1308 3640 1361 ὅτι
3681 1305 3789 1359 τῶν
3819 1303 3972 1357 ἐθνῶν

2423 1395 2491 1471 ἦν
2519 1401 2834 1473 ἀρχιερεὺς.
2877 1403 2972 1457 καὶ
3003 1404 3084 1456 ὅτι
3122 1401 3186 1454 δι’
3219 1401 3382 1473 ἄρτου
3414 1399 3508 1454 καὶ
3537 1399 3684 1452 οἴνου
3720 1397 3975 1468 ηὐλόγησε

2425 1490 2517 1543 τὸν
2550 1491 2817 1563 Ἀϐραάμ.

2497 1647 2713 1717 Κύριος
2738 1649 2806 1702 ἐκ
2855 1645 3065 1712 δεξιῶν
3097 1663 3210 1701 σου
3268 1645 3651 1701 συνέθλασεν
3693 1643 3762 1696 ἐν
3802 1640 3978 1711 ἡμέρᾳ

2429 1737 2610 1808 ὀργῆς
2633 1737 2818 1792 αὑτοῦ
2842 1737 3139 1804 βασιλεῖς.
3177 1737 3419 1808 Ἢμέραν
3447 1736 3613 1808 ὀργῆς
3635 1734 3727 1786 τὸν
3751 1733 3845 1804 τῆς
3869 1731 3977 1802 κρί-

2355 1837 2399 1892 B
2428 1845 2562 1892 σεως
2590 1831 2778 1901 καιρόν
2814 1847 2976 1899 φησιν
2997 1870 3010 1894 ,
3057 1831 3114 1882 ἐν
3207 1831 3332 1892 τοὺς
3371 1826 3534 1881 πάλαι
3569 1823 3977 1896 βασιλεύσαντας

2427 1920 2487 1986 ἐξ
2512 1922 2726 1992 ἀπάτης
2756 1923 2862 1975 τῶν
2884 1923 3150 1993 δαιμόνων
3178 1920 3494 1993 ἀνθρώπους
3531 1918 3875 1990 συνθραύσει,
3907 1915 3979 1978 είς

2424 2012 2522 2084 τὴν
2549 2012 2782 2068 ἄϐυσσον
2807 2013 3098 2085 καθείρξας
3131 2013 3345 2077 αὐτούς.

2496 2105 2697 2174 ιῲινεῐ
2709 2106 2778 2158 ἐν
2802 2105 2926 2172 τοῖς
2955 2105 3158 2160 ἔθνεσι
3181 2147 3195 2171 ,
3224 2102 3524 2174 πληρώσει
3552 2101 3850 2171 πτώματα.
3907 2096 3979 2152 Τὰ

2425 2194 2576 2267 ἔθνη,
2608 2197 2760 2268 φησι,
2783 2196 2891 2252 τῶν
2916 2195 3240 2269 ἀκαθάρτων
3261 2196 3528 2267 δαιμόνων
3557 2194 3615 2247 ἐν
3639 2193 3718 2264 τῷ
3746 2192 3847 2262 τῆς
3873 2192 3981 2262 κρί-

2428 2304 2565 2351 σεως
2611 2287 2785 2358 καιρῷ
2825 2287 3102 2351 κολάζων.
3153 2287 3457 2356 πτωμάτων
3485 2283 3756 2350 ἀποδείξει
3787 2282 3980 2352 πλήρη,

2424 2377 2668 2431 τουτέστι
2691 2379 2787 2448 τῆς
2813 2381 2891 2441 είς
2913 2379 2978 2431 τά
3000 2377 3280 2448 κατώτερα
3302 2377 3438 2449 μέρη
3457 2377 3557 2446 τῆς
3576 2376 3681 2446 γῆς
3699 2373 3977 2444 τιμωρίας.

2427 2469 2759 2524 Συνθλὰσει
2784 2469 3048 2539 κεφαλὰς
3068 2470 3163 2523 ἐπὶ
3205 2469 3316 2539 γῆς
3338 2466 3604 2522 πολλῶν.
3658 2467 3884 2538 ἰλμοιον
3912 2462 3983 2534 τῷ

2425 2563 2697 2635 εἰρημένῳ
2736 2563 2864 2636 παρ’
2899 2563 3062 2617 αὑτοῦ
3093 2563 3181 2617 διὰ
3222 2563 3471 2616 Ἠσαῖουο
3505 2561 3615 2616 Kal
3660 2560 3984 2630 κατήγαγον

2424 2654 2492 2708 τὸ
2523 2650 2664 2723 αἷμα
2684 2654 2880 2708 αὐτῶν
2908 2656 2994 2720 είς
3026 2653 3140 2721 τὴν
3165 2651 3300 2724 γῆν.

2511 2745 2611 2797 Ἐκ
2642 2741 2958 2812 χειμάῤῥου
2980 2743 3048 2795 ὲν
3068 2739 3184 2807 ὀδῷ
3212 2741 3424 2794 πίεται.
3454 2737 3768 2808 Χείμαρρον
3793 2737 3828 2806 ἡ
3855 2735 3986 2807 Γρα-

2428 2835 2502 2906 φὴ
2530 2836 2620 2889 τὸν
2654 2836 2955 2907 πειρασμόν
2983 2851 3168 2906 φησιν.
3205 2833 3346 2887 Ὀδὸν
3377 2832 3434 2885 δὲ
3459 2831 3556 2901 τὴν
3583 2832 3727 2885 κατὰ
3763 2829 3869 2900 γῆν
3896 2829 3984 2882 αὑ-

2425 2927 2520 2980 τοῦ
2555 2927 2775 3002 πορείαν
2804 2926 3079 2999 σημαίνει,
3105 2927 3162 2979 ἐν
3191 2920 3224 3000 ᾗ
3250 2925 3308 2979 τὸ
3337 2923 3506 2986 πάθος
3531 2922 3825 2993 ὑπέμεινεν
3851 2919 3880 2973 ὃ
3901 2919 3988 2973 καὶ

2426 3018 2514 3072 διὰ
2547 3018 2638 3072 τοῦ
2677 3020 2978 3090 χειμάρρου
3013 3018 3355 3088 κατέρχεται.
3405 3016 3507 3069 Διὰ
3544 3014 3722 3069 τοῦτο
3761 3011 3984 3082 ὑψώσει

2431 3109 2723 3178 κεφαλήν.
2783 3106 2882 3161 me
2926 3105 3116 3170 τοῦτο,
3162 3108 3311 3159 ποῖον
3357 3104 3480 3176 ἢτδ
3519 3103 3712 3158 παθεῖν
3744 3101 3904 3156 αὐτὸν
3935 3101 3984 3152 ὲν

2426 3292 2644 3348 ἑαυτὸν
2674 3293 2990 3363 γενόμενος
3015 3291 3281 3359 ὑπήκοος
3305 3287 3479 3358 μέχρι
3504 3287 3787 3342 θανάτου.

2783 3382 3089 3435 ΨΑΛΜΟΣ
3115 3382 3219 3434 PI'.
3272 3378 3646 3444 Ἀλλοῑησῑούτα.

2511 3468 3059 3540 Ἑξομολογήσομαί
3085 3482 3216 3533 σοι,
3278 3467 3482 3534 Κύριε,
3527 3465 3597 3518 ἐν
3628 3464 3744 3532 ὅλῃ
3790 3461 3990 3532 καρδίᾳ

2423 3581 2563 3633 μου.
2617 3565 2710 3617 Ἐκ
2739 3560 3029 3635 προσώπου
3067 3561 3173 3614 τῶν
3203 3557 3510 3614 ἀποστόλων
3537 3557 3566 3608 ὁ
3599 3554 3795 3627 παρὼν
3819 3553 3988 3622 εἰσφέ-

2434 3674 2582 3730 ρεται
2604 3655 2836 3727 ψαλμδς,
2863 3653 3229 3725 διηγουμένων
3256 3652 3354 3704 ὃσα
3387 3648 3478 3703 τοῦ
3506 3647 3758 3718 Σωτῆρος
3795 3646 3890 3700 καὶ
3914 3640 3992 3698 οἷα

2430 3750 2623 3820 γέγονε
2672 3748 2771 3819 τῆς
2791 3745 3101 3816 οἰκονομίας
3122 3743 3192 3797 τά
3220 3743 3372 3814 ἔργα.
3404 3740 3722 3793 Διδάσκουσι
3749 3738 3810 3792 δὲ
3833 3737 3991 3790 ταῦτα

2429 3843 2524 3895 καὶ
2565 3841 2657 3894 τὸν
2681 3840 2798 3892 νέον
2821 3838 2966 3901 λαὶν,
3003 3836 3118 3906 ἅμα
3140 3830 3586 3905 εὐχαριστοῦντες
3611 3832 3704 3883 ἐπὶ
3729 3832 3803 3900 τῇ
3828 3827 3993 3882 αὐτῶν

2433 3929 2696 4001 σωτηρίᾳ⁹
2713 3927 2791 3981 διὸ
2805 3927 2898 3981 καὶ
2927 3925 3280 3992 Ἁλληλούἵα
3302 3923 3720 3993 ἐπιγέγραπται.
3738 3919 3842 3972 Ἐν
3860 3919 3997 3984 ,ϐουο

2430 4021 2512 4091 λῇ
2542 4020 2762 4076 εὐθέων
2789 4019 2883 4073 καὶ
2906 4013 3245 4085 συναγωγῇ.
3291 4012 3491 4084 Βουλὴν
3513 4011 3716 4066 εὑθέων
3745 4006 3874 4064 εἷπε
3912 4009 3995 4062 τὸν

2431 4116 2529 4185 τῆς
2561 4114 2684 4176 νέας
2714 4109 3034 4178 συναγωγῆς
3059 4107 3185 4162 λαὸν
3218 4108 3351 4178 πρὸς
3379 4106 3479 4176 τὴν
3506 4105 3604 4175 τῆς
3630 4103 3869 4166 παλαιᾶς
3893 4102 3998 4175 διας

2433 4209 2644 4279 στολήν.
2711 4204 2923 4276 Ἐκείνη
2951 4201 3058 4274 γὰρ
3082 4201 3182 4254 οὐκ
3206 4196 3273 4271 ἦν
3302 4199 3518 4265 εὐθεῖα,
3549 4197 3646 4250 ἅτε
3671 4195 3763 4248 ἀεὶ
3791 4195 3998 4250 πλάνων

2435 4301 2569 4372 μένη
2601 4301 2668 4370 τῇ
2703 4296 2920 4368 καρδίᾳ.

2501 4391 2745 4462 Marulla
2767 4388 2840 4443 τὰ
2861 4388 3001 4458 ἔργα
3028 4385 3267 4453 Κυρίου,
3292 4380 3680 4450 ἑξεζητημένα
3702 4382 3751 4432 εἰ
3759 4399 3796 4444 ς
3814 4378 3999 4432 πάντα

776 4508 999 4563 (uiuam
1034 4506 1168 4576 ejus.
1215 4505 1270 4560 In
1305 4518 1576 4576 synagoga
1607 4511 1876 4558 rectorum
1910 4517 2099 4557 onmes
2136 4501 2329 4554 volun-

2433 4483 2504 4539 τὰ
2531 4482 2833 4551 θελήματα
2861 4475 3066 4532 αὑτοῦ.
3134 4476 3222 4530 Ἐν
3247 4477 3313 4546 τῇ
3343 4472 3446 4527 τῶν
3481 4471 3678 4524 εὐθέων
3712 4469 3998 4538 συναγωγῇ

776 4612 914 4657 tates
966 4598 1185 4654 Domini
1239 4598 1532 4668 exquisita.
1577 4603 1722 4652 sunt.
1758 4593 1976 4648 Nullum
2026 4593 2168 4646 enim
2215 4591 2334 4661 ejus

785 4697 1179 4761 p.2ceptorum
1211 4696 1293 4744 cst
1317 4686 1460 4758 quod
1496 4701 1602 4741 non
1634 4684 1877 4753 requirat
1905 4690 1959 4736 et
2001 4682 2220 4752 impleat
2249 4697 2334 4752 sy-

779 4794 984 4851 nagoga
1017 4787 1311 4844 rectorum,
1334 4776 1576 4848 [semper
1605 4773 1810 4829 scilicet
1839 4772 2060 4826 studens
2102 4772 2222 4842 ejus
2250 4785 2337 4824 vo-

777 4871 1038 4926 luntatem
1070 4869 1316 4938 implere.
1676 4908 1689 4920 ..

848 4960 902 5014 5.
933 4959 1204 5028 Confessio
1238 4966 1288 5011 et
1311 4954 1700 5027 magniﬁcentia
1733 4969 1860 5022 opus
1889 4953 2021 5022 ejus.
2050 4949 2222 5022 Opera
2254 4952 2336 5006 di-

776 5054 853 5107 cit
881 5067 946 5106 ea
983 5067 1104 5120 quae
1155 5052 1210 5105 in
1243 5048 1545 5104 meonomia
1599 5061 1696 5101 sua
1728 5043 1972 5115 perfecit.
2023 5042 2336 5099 Laudenlur

777 5143 868 5198 illa
917 5150 1104 5212 utpote
1148 5155 1270 5210 qua:
1327 5137 1609 5210 iiiagniﬂca
1657 5138 1786 5191 sint.
1835 5135 1901 5188 Et
1955 5136 2170 5206 justitia
2222 5136 2335 5204 ejus

779 5244 950 5288 manet
1003 5232 1059 5285 in
1127 5231 1398 5286 saxulum.
1449 5228 1722 5284 Justitiam
1775 5227 1906 5281 dicit
1968 5227 2336 5297 evangelicum

778 5323 1002 5377 verbum
1035 5339 1051 5377 :
1081 5319 1209 5390 quia
1237 5318 1490 5374 omnibus
1515 5316 1791 5386 aequaliter
1825 5313 2132 5368 hominibus
2189 5313 2336 5367 salu-

778 5420 885 5466 tem
920 5408 1220 5479 proposuit.

844 5502 901 5555 4.
932 5499 1232 5556 Misericors
1256 5507 1304 5552 et
1334 5500 1609 5554 miserator
1641 5497 1919 5552 Dominus.
1959 5494 2099 5550 Olim
2131 5493 2336 5565 promi-

777 5593 850 5650 sit
875 5605 971 5664 per
1021 5592 1311 5664 prophetas
1342 5604 1491 5656 suos,
1527 5604 1587 5645 se
1628 5589 1683 5643 in
1727 5599 1972 5659 tempore
2015 5586 2337 5647 oeconomia:

845 5793 1015 5851 "lsa.
1049 5808 1232 5862 xxxiv,
1255 5791 1312 5848 7.
1385 5789 1684 5860 "Philipp.
1713 5802 1775 5856 ιι,
1821 5786 1874 5842 8.

2434 4578 2609 4630 πάντα
2634 4573 2701 4627 τὰ
2733 4571 3009 4642 θελήματα
3030 4568 3123 4622 τοῦ
3149 4566 3284 4621 Θεοῦ
3319 4567 3455 4619 εἰσιν
3486 4561 3888 4633 ὲξεζητημένα.
3931 4560 3998 4613 Οὐ

2433 4669 2540 4740 γάρ
2575 4668 2690 4719 ἐστι
2725 4663 2832 4716 τῶν
2876 4663 3004 4732 παρ’
3043 4658 3204 4714 αὑτοῦ
3257 4657 3553 4728 δεδομένων
3602 4652 3838 4707 ἐντολῶν
3870 4652 3898 4706 ὃ
3930 4650 4000 4722 μὴ

2433 4759 2651 4828 ὲκζητεῖ
2679 4759 2772 4810 καὶ
2810 4753 3066 4825 κατορθοῖ
3101 4755 3134 4824 η
3175 4749 3282 4803 τῶν
3315 4748 3514 4802 εὑθέων
3547 4746 3846 4818 συναγωγὴ
3868 4785 3884 4810 ,
3913 4741 3999 4797 τοῦ

2433 4848 2597 4905 αὑτοῦ
2627 4849 2834 4918 θέλημα
2858 4844 3149 4908 διαπαντὸς
3181 4840 3552 4904 σπουδάζουσα
3579 4836 3876 4891 ἐπιτελεῖν.

2515 4942 2975 5012 Ἐξομολόγησις
3035 4935 3133 4990 καὶ
3185 4927 3663 5003 μεγαλοπρέπεια
3711 4927 3783 4981 τὸ
3836 4927 4003 4995 ἔργον

2432 5035 2634 5090 αὐτοῦ.
2664 5033 2840 5102 Ἔργα
2866 5030 3026 5100 φησιν
3055 5028 3195 5096 ἅπερ
3223 5026 3280 5078 ὲν
3307 5025 3372 5094 τῇ
3405 5018 3684 5090 οἰκονομίᾳ
3712 5016 4004 5090 διεπράξα-

2434 5145 2513 5181 το.
2550 5123 2849 5197 Ὑμνείσθω
2889 5121 2983 5175 ἇτε
3011 5113 3396 5192 μεγαλοπρεπῆ
3436 5112 3770 5183 ὑπάρχοντα.
3829 5109 3939 5164 Καὶ
3965 5106 3999 5171 ἠ

2433 5217 2783 5283 δικαιοσύνη
2811 5210 2994 5268 αὑτοῦ
3014 5210 3180 5281 μένει
3209 5210 3294 5274 εὶς
3325 5207 3430 5259 τὸν
3462 5201 3671 5257 αἰῶνα.
3724 5201 4002 5255 Δικαιοσύ-

2438 5326 2533 5378 νην
2557 5307 2645 5360 τὸν
2673 5301 3019 5373 εὐαγγελικὺν
3042 5299 3196 5367 λόγον
3223 5295 3385 5367 φησίν
3403 5311 3416 5324 ·
3443 5294 3524 5347 ὅτι
3551 5292 3618 5364 δὴ
3639 5294 3730 5345 ἐπ’
3764 5294 3887 5364 ἴσης
3907 5293 4002 5344 πᾶα

2442 5418 2523 5455 σιν
2555 5396 2859 5467 ἀνθρώποις
2891 5395 2986 5464 τὴν
3013 5389 3282 5462 σωτηρίαν
3311 5386 3638 5458 προῦθηκεν.

2521 5487 2822 5557 Ἑλεήμωγ
2849 5484 2945 5538 καὶ
2983 5482 3294 5551 οἰκτίρμων
3325 5481 3358 5533 ὁ
3395 5478 3632 5545 Κύριος.
3699 5476 3879 5532 Πάλαι
3913 5473 4003 5546 μὲν

2442 5580 2800 5656 ἐπηγγείλατο
2823 5577 2908 5632 διὰ
2925 5576 3034 5630 τῶν
3064 5571 3353 5647 προφητῶν
3382 5568 3543 5624 αὺτοῦ
3571 5569 3631 5622 ὲν
3658 5568 3740 5639 τῷ
3757 5569 3860 5642 τῆς
3881 5569 3998 5624 alio
