4076 6308
111 335 215 390 ιδδ

109 543 352 613 πληροῦν
397 544 660 616 ἠθέλησε·
724 554 842 604 ποῖα
888 553 942 605 δὲ
976 551 1044 626 ἦν
1090 557 1124 610 ἂ
1168 562 1557 631 ἐπηγγείλατο,
1619 567 1676 637 ἢ.

111 636 247 686 Τότε
303 635 763 704 ἀναχθήσονται
807 643 1095 716 ὀφθαλμοὶ
1131 651 1409 719 τυφλῶν,
1468 658 1560 710 καὶ
1610 635 1680 712 τά
1784 635 1902 722 ξονι

105 723 269 778 λοιπὰ
319 725 427 778 τῶν
475 731 746 798 aqualem;
779 736 840 787 οὑ
884 739 992 809 μὴν
1025 740 1159 794 ἀλλὰ
1210 746 1301 796 καὶ
1349 747 1456 799 τῶν
1509 748 1677 802 ἐθνῶν

105 817 366 870 ἁπάντων
394 821 426 888 ἡ
458 821 668 891 κλῆσις,
694 826 758 895 ἢν
784 828 875 879 καὶ
905 829 1044 901 λόγῳ
1079 835 1171 886 καὶ
1200 834 1344 905 ἔργῳ
1373 840 1673 896 ἐπετέλεσε.

110 909 170 972 Τί
183 908 345 976 ορὴν
370 910 552 964 ἔδωκε
584 915 707 980 τοῖς
732 921 1122 986 φοϐουμένοις
1161 927 1363 979 αὐτόν.
1421 930 1521 982 Τὸν
1553 949 1676 1002 νοη-

101 999 192 1050 τὸν
219 1001 384 1070 ἀρτον
421 1005 573 1073 φησὶ,
605 1006 693 1059 τὸν
719 1010 776 1074 ἐξ
811 1012 1051 1082 οὐρανῶν
1084 1018 1406 1074 καταϐάντα.
1539 1083 1541 1085 ι

171 1094 600 1161 Μνησθήσεται
651 1101 738 1164 είς
771 1101 877 1153 τὸν
908 1104 1092 1158 αἰῶνα
1139 1107 1429 1176 διαθήκης
1465 1115 1669 1169 αὑτοῦ.

101 1181 376 1253 Διαθήκης
399 1187 496 1255 τῆς
525 1189 658 1258 πρὸς
685 1191 774 1244 τὸν
808 1195 1083 1266 Ἀϐραάμο
1110 1200 1191 1252 ὅτι
1213 1204 1672 1273 Εὑλογηθιξσον-

101 1287 193 1325 ται
225 1275 300 1326 ἐν
323 1276 421 1330 σοὶ
454 1278 648 1332 πάντα
679 1282 746 1335 τὰ
778 1283 943 1354 ἔθνη.
1006 1289 1212 1359 ἰσχὺν
1239 1294 1426 1362 ἔργων
1461 1299 1664 1352 αὑτοῦ.

112 1363 169 1416 '0
198 1366 577 1434 ἀποστολικὺς,
605 1375 755 1442 φησὶ,
781 1377 936 1447 χορὸς
962 1379 1038 1448 τῷ
1063 1382 1310 1453 κληθέντι
1336 1386 1468 1454 πρὸς
1491 1387 1669 1441 πίστιν

100 1454 212 1524 λαῷ
265 1457 364 1528 τὴν
418 1461 568 1530 ἰσχὺν
602 1462 706 1515 τῶν
740 1465 915 1536 ἔργων
948 1471 1232 1542 ἀνήγγειλε
1263 1475 1356 1527 τοῦ
1394 1477 1626 1548 Χριστοῦ
1651 1498 1662 1510 ·

101 1548 217 1600 ἀντὶ
248 1551 344 1604 τοῦ
364 1569 377 1582 ·
429 1555 581 1608 Auri
607 1557 678 1610 τὰ
707 1558 840 1630 ἔργα
866 1561 901 1616 ἂ
941 1566 1025 1618 ἀεὶ
1057 1567 1343 1638 ἐργάζεται
1373 1573 1430 1624 ὲν
1459 1577 1525 1644 τῇ
1562 1574 1666 1646 ἰδία

102 1641 262 1709 ἰσχύϊ.

111 1732 493 1803 Ἀλληλούτα.
528 1741 641 1811 Τῆς
671 1745 1038 1818 ἐπιστροφῆς
1066 1754 1328 1824 Ἀγγαίου
1352 1757 1451 1811 και
1477 1762 1665 1830 Ζαχα-

546 1835 702 1900 ρίου.
735 1840 1032 1896 ΨΑΛΜΟΣ
1054 1848 1215 1901 Ρ1Α’.

167 1918 467 2014 Μακαριος
513 1927 546 1978 ὀ
596 1927 753 1997 ἀνὴρ
793 1934 825 1983 ό
854 1936 1222 2005 φοϐούμενος
1265 1941 1372 1993 τὸν
1415 1943 1669 2014 Κύριον,

96 2003 160 2055 ἐν
219 2009 351 2074 ταῖς
405 2012 681 2080 ἐντολαῖς
724 2021 910 2073 αὑτοῦ
949 2003 1209 2092 θελήσει
1251 2003 1511 2097 σφόδραῖ
1582 2003 1672 2086 Ἐν

103 2099 276 2170 τούτῳ
300 2102 607 2160 διδάσκεται
637 2110 665 2161 6
693 2112 1046 2181 ἁποστολικὸς
1078 2120 1256 2191 χορὸς,
1290 2122 1365 2184 ὼς
1391 2125 1422 2194 ἡ
1454 2123 1560 2177 τῶν
1590 2127 1672 2178 ὲν-

96 2187 261 2282 τολῷν
278 2193 642 2266 ὲκπλήρωσις,
665 2203 962 2274 μακαρίους
982 2187 1109 2272 τοὺς
1123 2187 1516 2282 ἐργαζομένους
1541 2216 1672 2268 ἀπο-

101 2281 360 2344 φαίνουσα
376 2325 392 2349 ,
415 2289 624 2356 ἀγαθὰς
649 2295 972 2363 προσδοκίας
995 2300 1073 2362 είς
1111 2301 1200 2354 τὸν
1223 2281 1480 2373 μέλλοντα
1501 2307 1669 2362 αίῶνα

106 2373 419 2442 παρέχεται.

169 2467 451 2523 Δυνατὸν
491 2471 560 2524 ἐν
608 2472 682 2541 τῇ
730 2475 806 2543 τῇ
838 2476 1006 2533 ἔσται
1057 2481 1122 2534 τὸ
1177 2486 1413 2556 σπέρμα
1459 2491 1664 2548 αὑτοῦ.

95 2556 318 2654 ξπέρμα
354 2561 454 2624 τὰς
485 2565 690 2633 ἀγαθὰς
720 2571 946 2643 πράξεις
972 2575 1134 2644 φησὶν
1159 2616 1174 2640 ,
1211 2578 1267 2631 αἳ
1304 2581 1398 2634 καὶ
1441 2582 1667 2654 δύναμιν

95 2646 273 2711 ἕξουσι
307 2657 679 2730 πνευματικὴν
713 2663 790 2725 εἰς
808 2663 1022 2735 ἐκείνην
1056 2667 1153 2738 τὴν
1187 2672 1407 2741 πραέων
1439 2674 1561 2744 γῆν,
1587 2678 1666 2739 εἰς

94 2739 150 2790 τὸ
178 2741 476 2798 ἀπολαϐεῖν
503 2750 698 2814 αὐτοὺς
726 2748 800 2806 ὧν
827 2758 1150 2826 εἰργάσαντο
1177 2739 1276 2823 τάς
1302 2739 1554 2833 ἀμοιϐάς.

161 2833 315 2897 Δόξα
344 2837 442 2889 καὶ
478 2841 741 2908 πλοῦτος
761 2845 830 2897 ἐν
857 2846 936 2910 τῷ
958 2849 1102 2916 οἴκῳ
1131 2852 1339 2906 αὑτοῦ.
1380 2856 1488 2908 Καὶ
1518 2859 1550 2927 ἡ
1577 2857 1657 2911 δύο

97 2922 285 3016 ξαγκαὶ
309 2929 338 2979 6
371 2928 595 2996 πλοῦτος
624 2933 697 3006 μὴ
729 2937 835 2990 τῶν
868 2943 1291 3013 παρερχομένων
1335 2922 1658 3016 λογιζέσθω·

97 3015 241 3067 οὐδὲν
271 3017 383 3088 γὰρ
414 3019 598 3090 ὅμοιον
634 3027 786 3098 παρὰ
812 3032 923 3093 τοῖς
953 3032 1126 3100 ἁγίοις
1156 3015 1487 3105 εὑρίσκεται.

173 3107 585 3170 Ἐξα-νέτειλεν
626 3118 696 3169 ἑν
737 3121 938 3174 σκότει
968 3121 1093 3189 φῶς
1131 3125 1252 3191 τοῖς
1283 3128 1504 3181 εύθέσι.
1565 3130 1662 3183 Διὰ

95 3197 186 3266 τῆς
214 3200 473 3267 γνώσεως
507 3207 721 3277 καὶτῆς
752 3209 1115 3275 διδασκαλίας.
1169 3215 1263 3278 Τίς
1286 3217 1374 3280 δὲ,
1406 3218 1438 3288 ἢ
1467 3221 1494 3271 6
1528 3221 1661 3274 ἀπο-

98 3289 334 3357 στολικδς
379 3296 538 3367 χορὸς
570 3300 596 3351 6
631 3299 726 3369 τὴν
752 3300 1021 3368 ἀγνωσίαν
1051 3305 1307 3372 ἐξελάσας
1356 3309 1465 3363 τῶν
1498 3311 1663 3366 ἐονῶν

102 3377 182 3432 διὰ
215 3383 309 3436 τοῦ
342 3386 698 3455 εὐαγγελικοῦ
733 3392 1116 3465 κηρύγματος;

162 3474 558 3542 Οἰκονομήσει
593 3477 734 3545 τοὺς
764 3484 983 3551 λόγους
1007 3486 1194 3541 αὐτοῦ
1231 3488 1301 3541 ἐν
1325 3490 1536 3557 κρίσει.
1589 3496 1662 3548 Οὐ

96 3557 171 3610 δεῖ
196 3561 303 3632 γὰρ
335 3563 522 3628 ἁπλῶς
557 3567 648 3620 καὶ
679 3570 915 3642 ἀκρίτως
948 3576 1081 3626 πᾶσι
1124 3577 1402 3647 προθεῖναι
1434 3582 1528 3651 τῆς
1566 3602 1663 3653 μυ-

100 3654 400 3721 σταγωγίας
436 3657 527 3711 τὸν
555 3659 728 3728 λόγον.
766 3664 876 3716 Καὶ
906 3665 1063 3718 τοῦτο
1087 3663 1154 3737 ἦν
1187 3669 1214 3721 ὃ
1243 3666 1395 3723 εἶπεν
1422 3674 1604 3737 αὐτοῖς
1634 3677 1661 3728 ὁ

99 3743 292 3814 Κύριος
316 3763 330 3777 ο
367 3747 463 3816 Μὴ
487 3750 711 3814 ,Βάλετε
734 3755 806 3807 τὰ
829 3756 964 3826 ἅγια
989 3759 1107 3823 τοῖς
1133 3763 1336 3815 κυσίν.

175 3838 312 3893 Ἀπὸ
363 3841 550 3908 ἀκοῆς
597 3845 862 3913 πονηρᾶς
891 3851 961 3902 οὐ
1003 3853 1424 3921 φοϐηθήσεται.
1500 3858 1660 3912 Οὐδὲν

97 3927 195 4000 γὰρ
227 3931 370 4001 πρὸς
400 3933 524 3996 τοὺς
558 3935 741 4002 ἁγίους
769 3937 876 3992 τῶν
903 3941 1274 4015 κολαζομένων
1300 3947 1327 4000 6
1354 3947 1533 4016 φόῦος.

171 4020 581 4090 Ἐσκόρπισεν,
604 4027 785 4084 ἔδωκε
815 4031 937 4099 τοῖς
961 4034 1198 4102 πένησι.
1254 4038 1494 4109 Πένητας
1531 4043 1658 4095 κάν-

96 4111 258 4165 ταῦθα
290 4116 419 4178 τοὺς
449 4117 644 4182 ἐνδεεῖς
671 4123 885 4192 νοήσεις
906 4122 998 4177 τοῦ
1040 4126 1184 4180 Θείου
1211 4128 1365 4198 λόγου
1387 4171 1401 4195 ,
1431 4131 1499 4183 τὰ
1530 4132 1655 4204 ἔθνη

96 4202 330 4274 δηλονότι
354 4223 368 4236 ·
400 4207 448 4260 οἳ
487 4211 746 4280 γεωργῶν
779 4212 931 4284 δίκην
963 4215 1054 4268 τὸν
1082 4220 1268 4289 νοητὸν
1294 4202 1658 4296 κατέσπειραν

96 4295 260 4364 λόγον.
285 4299 454 4354 Οὐδὲν
475 4301 582 4373 γὰρ
602 4303 796 4356 κωλύει
817 4307 910 4358 καὶ⁵
935 4307 1215 4381 ἱατορικῶς
1234 4313 1364 4366 αὐτὸ
1383 4295 1652 4382 δέξασθαι.

108 4386 170 4438 Ἠ
201 4388 555 4458 δικαιοσύνη
584 4395 768 4450 αὑτοῦ
785 4395 949 4465 μένει
971 4401 1056 4465 εὶς
1080 4401 1185 4452 τὸν
1212 4401 1414 4467 (Litora,
1445 4405 1540 4458 καὶ
1590 4407 1655 4459 τὰ

1207 353 1566 411 Εχροδιτιυ
1604 359 1672 413 IN
1709 359 2041 421 PSALMUM
2080 369 2242 425 CXH.

108 453 301 523 νομίας
330 454 504 524 καιρῷ
529 459 774 529 ποιήσειν
799 461 1076 533 οαθδμὰσια
1097 485 1108 498 ·
1138 469 1204 522 τὰ
1226 474 1363 528 αὐτὰ
1389 476 1570 531 ἐκεῖνα
1598 480 1661 531 ὲκ

1790 483 2052 543 mirabilia
2092 490 2378 560 faeturum,

3239 384 3341 440 £66

2411 496 2709 568 eademque
2743 499 2856 570 ipsa
2890 502 3112 571 implere
3149 506 3341 560 voluit.

1787 575 2042 642 Qu:cnam
2087 597 2216 637 vero
2257 587 2525 654 promisit,
2569 589 2671 643 nisi
2701 606 2808 645 ea:
2863 591 3004 646 Tunc
3045 596 3344 661 aperientur

1907 671 1923 723 ἰ
1951 688 2204 727 ca'corum
2231 677 2296 740 “,
2326 687 2378 732 ct
2407 679 2610 750 reliqua
2641 681 2792 752 signa
2820 683 2844 737 ‘l
2872 684 2982 738 imo
3013 700 3140 740 vero
3168 685 3341 755 ipsam

1784 761 2023 828 gentium
2058 766 2301 820 omnium
2333 771 2694 838 vocationem,
2725 787 2887 842 quam
2917 776 3081 829 verho
3107 784 3158 829 et
3179 791 3342 843 Opere

1783 853 2042 924 implevit.
2094 857 2284 912 Escam
2331 861 2475 914 dedit
2523 864 2820 918 timentibus
2866 883 2939 919 se.
2995 865 3340 937 Spiritualem

1780 959 1972 1014 panem
2002 948 2154 1010 dicit,
2191 951 2283 1020 qui
2315 952 2382 1006 de
2421 953 2578 1008 caelis
2616 955 2913 1011 descendit.

1849 1125 1899 1181 5.
1932 1125 2132 1180 Memor
2169 1131 2266 1182 erit
2294 1131 2348 1184 in
2393 1133 2643 1186 steculum
2676 1136 2970 1188 testamenti
2999 1137 3102 1190 sui.
3153 1134 3342 1190 Testa-

1777 1219 1944 1272 menti
1981 1219 2186 1274 scilicet
2223 1237 2346 1275 cum
2385 1224 2693 1279 Ahrahnmo
2723 1226 2862 1294 pacti
2892 1243 2905 1280 :
2939 1225 3006 1279 In
3044 1238 3092 1280 te
3129 1226 3336 1279 benedi-

1776 1319 1955 1362 centur
1980 1327 2153 1366 omnes
2201 1323 2377 1382 gentes
2405 1318 2468 1370 ³⁵.
2539 1316 2790 1371 Virtutem
2834 1334 3047 1387 operum
3101 1336 3335 1374 suorum.

1773 1398 2121 1468 Apostolicus
2153 1403 2374 1471 chorus,
2404 1407 2600 1477 inquit,
2629 1410 2829 1479 populo
2846 1411 2910 1464 ad
2936 1410 3094 1464 (idem
3118 1419 3332 1477 vocato,

1773 1488 2025 1544 virtutem
2069 1507 2290 1561 operum
2347 1495 2548 1552 Christi
2606 1501 2964 1566 annuntiavit,
2997 1501 3205 1557 scilicet
3272 1519 3333 1557 ca

1773 1581 1886 1653 ipsa
1927 1599 2089 1654 Opera
2121 1602 2241 1656 qua:
2276 1591 2488 1658 prapria
2528 1592 2726 1646 virtute
2757 1608 2971 1664 semper
3000 1604 3275 1664 operatur.

1946 1755 2200 1812 Alleluia.
2221 1756 2546 1814 Ret'ersionis
2575 1761 2754 1831 Aggtci
2786 1773 2834 1816 et
2869 1761 3170 1819 Zachariae.

2288 1849 2624 1906 PSALJIUS
2667 1851 2817 1909 CXI.

1846 1937 1894 1992 Ι.
1921 1937 2117 1993 Beatus
2139 1941 2218 1994 vir
2241 1943 2329 2006 qui
2355 1943 2499 1996 timet
2527 1944 2833 2012 Dominum,
2852 1948 2904 2000 in
2931 1948 3190 2002 mandatis
3218 1949 3331 2018 ejus

1772 2028 1904 2083 volet
1953 2032 2130 2084 nimis.
2193 2032 2248 2086 ln
2288 2033 2390 2089 hoc
2442 2035 2666 2090 docetur
2715 2039 3046 2106 apostolicus
3083 2039 3283 2096 chorus
3313 2081 3329 2106 ,

1773 2121 2150 2177 mandatorum
2179 2124 2637 2192 observationem,
2671 2128 2860 2183 beatos
2885 2144 2979 2185 e03
3007 2130 3213 2186 ellicere
3237 2131 3329 2200 qui

1771 2210 1860 2266 illa
1915 2227 2073 2281 opere
2110 2215 2400 2284 complent,
2449 2228 2502 2272 et
2556 2218 2754 2274 bonam
2789 2235 2938 2289 spem
2981 2220 3047 2275 ad
3086 2220 3326 2276 futurum

1769 2304 2027 2358 saeculum
2061 2306 2316 2374 pt'azbcre.

1836 2477 1888 2530 2.
1931 2477 2125 2534 Potens
2160 2482 2210 2534 in
2243 2490 2384 2535 [ενι-α
2431 2483 2533 2536 erit
2574 2500 2742 2538 semen
2782 2485 2914 2554 ejus.
2968 2483 3162 2540 Semen
3196 2487 3327 2542 dicit

1765 2567 1905 2622 bona
1936 2584 2124 2639 opera,
2157 2588 2276 2641 quae
2305 2576 2558 2628 virtutem
2595 2575 2871 2631 habebunt
2900 2577 3232 2647 spiritualcm
3268 2579 3323 2632 in

1765 2656 1855 2710 illa
1883 2669 2296 2715 mansuctorum
2330 2671 2494 2729 terra,
2523 2664 2596 2717 ita
2627 2675 2687 2718 ut
2718 2666 3022 2721 mercedem
3050 2666 3172 2724 istic
3200 2683 3318 2739 ope-

1765 2764 1882 2803 rum
1911 2753 2198 2820 accipiant.
2679 2817 2686 2822 ,

1833 2841 1886 2895 5.
1919 2841 2100 2897 Gloria
2131 2858 2177 2899 et
2208 2847 2404 2902 divitia
2432 2849 2484 2901 in
2518 2849 2672 2902 domo
2697 2850 2832 2918 ejus.
2865 2848 3047 2904 Gloria
3090 2861 3143 2906 et
3187 2853 3325 2907 divi-

1763 2933 1850 2985 tiae
1882 2933 1984 2988 illae
2025 2951 2090 2988 ne
2119 2939 2497 2996 existimentur
2525 2940 2684 2996 ﬂuxa:
2716 2951 2770 2995 et
2804 2942 3128 2999 transitoria:
3155 2959 3277 3017 esse.
3305 2964 3320 3012 ;

1761 3022 1894 3076 nihil
1926 3024 2123 3095 quippe
2144 3027 2319 3083 simile
2353 3031 2408 3082 in
2439 3034 2645 3087 sanctis
2681 3034 2961 3101 reperitur.
3178 3101 3190 3107 _
3212 3103 3227 3113 ἢ
3254 3104 3292 3116 _‘

1830 3113 1883 3166 4.
1916 3113 2174 3170 Exortum
2200 3127 2275 3171 est
2319 3120 2374 3172 in
2406 3122 2627 3175 tenebris
2667 3122 2842 3176 lumen
2874 3125 3047 3177 rectis.
3082 3121 3186 3179 Per
3231 3113 3323 3179 co-

1767 3204 2060 3274 gnitionem
2101 3217 2153 3262 rt
2202 3227 2298 3280 per
2344 3212 2665 3266 doctrinam.
2705 3212 2859 3278 Quod
2893 3224 3070 3270 autem
3107 3215 3320 3281 lit-mea,

1763 3298 1866 3353 nisi
1900 3300 2224 3367 apostolicus
2251 3302 2469 3369 chorus,
2504 3306 2596 3374 qui
2640 3322 2735 3375 per
2772 3307 3146 3376 evangelicum
3187 3322 3320 3377 prae-

1765 3391 2091 3444 dicationem
2125 3393 2485 3462 ignorantiam
2513 3411 2541 3448 a
2571 3399 2821 3466 gentibus
2848 3399 3182 3453 eliminavit?

1831 3482 1884 3537 5.
1941 3483 2189 3554 Disponet
2224 3502 2486 3540 sermones
2523 3504 2644 3544 suos
2675 3491 2730 3542 in
2766 3489 2992 3560 judicio.
3045 3488 3162 3546 Non
3223 3507 3322 3560 par

1763 3584 1847 3630 est
1877 3575 2022 3630 enim
2055 3587 2256 3632 temere
2287 3587 2341 3632 et
2371 3577 2768 3638 inconsiderate
2815 3582 3072 3638 omnibus
3126 3593 3323 3654 myste-

1764 3665 1970 3720 riorum
2001 3668 2160 3723 verba
2190 3685 2509 3739 proponere.
2544 3669 2609 3724 Et
2636 3671 2738 3725 hoc
2771 3681 2890 3727 erat
2925 3673 3068 3743 quod
3111 3674 3323 3729 dicebat

1762 3757 1868 3810 illis
1895 3755 2157 3814 Dominus
2189 3778 2202 3813 :
2234 3758 2414 3815 Nolite
2438 3763 2694 3831 projicere
2725 3774 2912 3818 sancta
2944 3766 3160 3821 canibus
3180 3769 3246 3821 “.

1829 3847 1883 3900 7.
1911 3848 1988 3900 Ab
2019 3849 2287 3904 auditione
2310 3852 2453 3905 mala
2480 3869 2583 3907 non
2615 3854 2834 3909 timebit.
2878 3855 3092 3913 Sanctis
3139 3859 3320 3914 nullus

1760 3939 1901 3995 inest
1930 3942 2094 3996 timor
2124 3943 2385 4012 supplicia
2428 3945 2752 4002 videntibus.

1827 4034 1880 4089 9.
1915 4035 2189 4106 Dispersit,
2219 4039 2358 4092 dedit
2385 4039 3000 4112 pauperibus.Pauperes
3031 4045 3192 4099 etiam
3234 4047 3320 4102 hic

1759 4125 2027 4196 intelligas
2055 4142 2253 4196 egenos
2284 4127 2450 4182 divini
2491 4128 2662 4196 verbi,
2705 4130 2910 4185 scilicet
2939 4143 3125 4203 gentes
3152 4152 3165 4187 :
3197 4150 3317 4204 qua:

1756 4217 2117 4288 agricolarum
2167 4232 2318 4273 more
2362 4219 2642 4288 spirituale
2683 4223 2906 4277 verbum
2955 4226 3312 4280 seminarunt.

1756 4309 1900 4365 Nihil
1937 4311 2081 4366 enim
2124 4321 2290 4376 vetat,
2338 4314 2632 4381 quominus
2663 4315 2778 4369 haec
2830 4315 3086 4372 historice
3121 4319 3320 4375 intelli-

1756 4412 1968 4471 gantur.
2001 4400 2221 4456 Iustitia
2244 4402 2355 4471 ejus
2385 4413 2560 4458 manet
2591 4405 2644 4456 in
2688 4407 2938 4459 sweulum
2970 4408 3171 4476 swculi,
3211 4419 3315 4468 etc.

99 4477 232 4547 ἑξῆς.
304 4479 412 4533 Τοῦ
461 4481 831 4555 διανείμαντπ
899 4488 1136 4560 δηλονότι
1183 4492 1273 4545 τὸν
1310 4494 1655 4563 εὐαγγελικὸν

1769 4493 1893 4564 Ejus
1944 4494 2149 4550 scilicet
2194 4495 2285 4564 qui
2331 4497 2704 4567 evangelicum
2753 4513 3057 4555 sermonem
3103 4501 3320 4572 dispen-

99 4567 262 4638 λόγον.

171 4662 546 4732 Ἀμαρτωλός
573 4667 779 4735 ὄψεται
814 4671 909 4724 καὶ
957 4674 1390 4742 ὁργισθήσεται.
1458 4680 1649 4751 Ἀμαρ-

98 4752 255 4805 τωλδν
293 4755 386 4807 τὸν
419 4755 662 4810 διάϐολόν
707 4779 898 4831 φησιν,
945 4765 1003 4827 ὃς
1048 4766 1140 4818 καὶ
1191 4770 1508 4840 σωζομένων
1549 4773 1656 4826 τῶν

100 4841 254 4897 ὲύνῶν
289 4847 698 4919 ἀγανακτήσει,
732 4853 825 4906 ἅτε
859 4854 957 4925 τὴν
1007 4858 1220 4912 πάντων
1264 4861 1492 4932 διψήσας
1554 4865 1657 4917 ἀπ-

100 4953 282 4990 ωλειαν
291 4981 302 4992 .

410 5035 720 5090 nunc:
752 5039 912 5094 pur.
956 5040 1330 5108 Ἀλληλούτα.

697 5129 710 5142 ’
721 5131 1025 5198 Υπόθεσις.

111 5209 190 5263 Ἐν
216 5213 391 5285 τούτῳ
424 5214 730 5272 διδάσκεται
761 5222 789 5274 6
820 5221 935 5286 νέος
961 5221 1086 5287 λαὸς
1113 5224 1445 5279 ἀδιάλειπτον
1484 5226 1649 5298 ὕμνον

163 5307 492 5376 προσφέρειν
548 5307 626 5378 τῷ
674 5309 1101 5386 λυτρωσαμένῳο
1155 5316 1269 5386 ἆμα
1295 5317 1350 5370 δὲ
1401 5319 1491 5370 καὶ
1543 5320 1649 5372 τῶν

158 5395 318 5448 ἐθνῶν
356 5399 606 5452 ἁπάντων
637 5405 1025 5474 κατασημαίνει
1052 5407 1148 5478 τὴν
1185 5408 1391 5479 κλῆσιν.

160 5489 400 5550 Αἰνεῖτε,
428 5491 653 5557 παῖδες,
709 5493 813 5547 τὸν
839 5497 1055 5565 Κύριον
1079 5540 1092 5563 ,
1127 5500 1339 5555 ait-site
1369 5501 1434 5554 τὸ
1466 5501 1646 5571 ὄνομα

100 5577 193 5633 τεῦ
216 5581 456 5649 Κυρίου.
495 5585 808 5640 Διδάσκει-αι
837 5591 866 5640 6
891 5589 1006 5653 νέος
1031 5591 1174 5657 λαὸς,
1207 5592 1301 5657 ὡς,
1349 5595 1397 5646 εἰ
1428 5593 1518 5647 καὶ
1558 5597 1648 5647 ἀν-

170 5759 326 5816 "lsa.
352 5779 515 5833 uxr,
550 5766 603 5819 Ii.
681 5768 876 5823 "Geni.
916 5786 1047 5833 nan,
1089 5772 1138 5825 5.
1214 5771 1460 5826 "Matth.
1491 5773 1650 5838 “1,6.

1762 4603 1818 4640 sn
1825 4595 1864 4640 ι.

1834 4682 1916 4735 10.
1984 4681 2236 4736 Peccator
2285 4683 2474 4738 videbit
2524 4693 2575 4737 et
2641 4687 2918 4744 irascetur.
2973 4686 3314 4744 Peccatorem
3367 4709 3370 4714 ·

1760 4772 1847 4825 hic
1877 4772 2152 4827 diabolum
2189 4783 2367 4839 vocat,
2423 4775 2515 4843 qui
2569 4778 2820 4844 gentibus
2851 4780 3078 4833 salutem
3127 4795 3318 4837 conse-

1759 4864 2054 4932 quentibus
2089 4865 2374 4932 irascetur,
2411 4875 2597 4936 utpote
2624 4869 2716 4939 qui
2744 4871 2988 4925 omnium
3020 4873 3315 4942 perniciem

1758 4950 1922 5006 sitiat.

2117 5041 2357 5099 PSALM
2369 5044 2455 5100 US
2485 5044 2667 5101 CXII.
2699 5048 2950 5106 Alleluia.

2339 5135 2734 5207 Argumentum.

1757 5220 1812 5275 In
1842 5225 1945 5279 hoc
1977 5223 2200 5280 docetur
2236 5241 2406 5282 novus
2436 5231 2686 5298 populus,
2722 5230 2986 5301 hymnum
3030 5233 3311 5290 incessan-

1827 5323 1906 5370 ter
1939 5315 2216 5371 liberatori
2273 5317 2552 5385 proferre:
2611 5330 2771 5392 atque
2825 5339 2930 5379 una
2978 5325 3312 5395 signiﬁcatur

1826 5408 2068 5460 omnium
2102 5407 2344 5477 gentium
2384 5411 2616 5465 voeatio.

1827 5497 1874 5549 1.
1909 5498 2168 5564 Laudato,
2198 5501 2367 5566 pueri,
2405 5501 2708 5568 Dominum,
2737 5504 2950 5560 laudate
2978 5522 3159 5561 nomen
3208 5507 3310 5561 Da-

1757 5590 1900 5643 mini.
1949 5589 2181 5645 Docetur
2212 5603 2408 5662 _novus
2472 5594 2735 5664 pepulus,
2796 5597 3008 5653 etiamsi
3050 5596 3310 5664 Dominus
