4076 6308
139 350 246 413 469

142 561 287 628 ἔργα
321 560 528 629 χειρῶν
552 563 886 631 ἀνθρώπων.
919 568 1088 620 Τινῶν
1114 571 1217 624 τῶν
1240 573 1582 643 ἀντιγράφων
1603 580 1701 648 ἀρ-

142 651 243 720 χὴν
268 651 379 719 ἔχει
409 653 582 706 ταῦτα
612 655 794 725 ἐτέρου
828 656 1060 728 ψαλμοῦ,
1092 659 1162 722 ὡς
1199 657 1335 714 εἶναι
1370 664 1552 716 τοῦτον
1579 668 1703 718 ἐκα-

141 741 332 794 τοστὺν
374 746 971 814 τεσσαρεσκαιδέκατον.
989 749 1175 820 Ἡμεῖς
1207 752 1282 816 δὲ,
1319 753 1394 823 τῷ
1438 755 1705 825 Ἐϐραῖκῷ

142 835 513 905 παρεπόμενοι
545 837 716 906 μέρει,
755 835 891 892 εἶναι
917 841 1082 894 ταῦτα
1111 843 1368 914 τιθέμεθα
1395 847 1486 899 τοῦ
1519 849 1704 900 ἑκατο-

143 925 270 977 στοῦ
303 928 760 996 τρισκαιδεκάτου.
794 932 1142 987 Παιδεύονται
1169 937 1275 1007 γὰρ
1320 940 1365 989 οἱ
1415 941 1597 1002 παῖδες
1625 934 1703 1003 οἷς

140 1018 324 1084 ἔλεγεν
347 1035 360 1048 °
399 1020 640 1083 Λὶνεῖτε,
670 1022 893 1088 παῖδες,
922 1027 1166 1092 Κύριον
1202 1031 1472 1083 τουτέστιν
1517 1033 1544 1083 ὁ
1588 1033 1703 1095 νέος

139 1105 287 1168 λαός-
331 1107 488 1160 Ποῖον
511 1109 711 1180 Κύριον
746 1115 1010 1183 προσῆκόν
1039 1117 1182 1169 ἐστιν
1211 1120 1407 1183 αἰνεῖν;
1445 1122 1611 1174 Αὐτὸν
1639 1122 1701 1193 δὴ

137 1198 228 1248 τὸν
257 1199 349 1250 ἐπὶ
386 1200 494 1252 τῶν
535 1201 592 1265 ἐξ
631 1204 900 1270 Αἰγύπτου
925 1207 1154 1261 τοσαῦτα
1181 1215 1701 1283 τερατουργήσαντα,

143 1289 283 1356 μετὰ
312 1289 409 1340 τοῦ
444 1290 632 1360 μαθεῖν
656 1295 826 1346 ὁποῖοί
854 1313 995 1360 τινες
1022 1294 1159 1368 ἦσαν
1207 1301 1256 1352 οἱ
1297 1301 1463 1354 πάλαι
1502 1306 1705 1359 τούτων

139 1379 269 1433 θεοί.
311 1379 395 1433 Τὰ
422 1382 530 1452 γὰρ
557 1383 746 1436 εἴδωλα
773 1386 834 1438 οὐ
869 1388 1024 1456 μόνον
1068 1390 1216 1443 οὐδὲν
1258 1388 1400 1462 εἶχον
1423 1394 1605 1463 ὅμοιον
1629 1394 1705 1464 τῷ

140 1472 653 1543 παραδοξοποιοῦντι
699 1475 837 1547 Θεῷ,
867 1479 979 1531 ἀλλ’
1005 1482 1123 1533 οὐδὲ
1175 1485 1284 1545 τοῖς
1323 1483 1427 1537 τῶν
1451 1485 1705 1556 ἐμψύχων

139 1562 415 1629 ἐσχάτοις,
443 1557 522 1626 οἷς
567 1566 868 1637 αἰσθήσεως
908 1572 1139 1641 μετέχει.
1173 1575 1412 1628 Κὰκεῖνα
1448 1577 1544 1646 μὲν
1572 1578 1704 1648 ἔργα

139 1652 297 1713 Θεοῦ,
327 1654 500 1708 ταῦτα
522 1655 576 1708 δὲ
601 1657 792 1728 τέχνης
816 1661 910 1714 ἀνθ
921 1662 1132 1732 ρώπων.
1161 1667 1508 1721 Διδάσκονται
1537 1668 1592 1721 δὲ
1617 1669 1703 1721 λέ-

139 1761 287 1812 γειν’
328 1748 542 1816 Ὅμοιοι
580 1753 782 1819 αὐτοῖς
821 1754 1102 1823 γένοιντο.
1128 1759 1239 1811 Οὐκ
1267 1759 1568 1831 ἀνθρώποις
1603 1765 1701 1815 ἑπ-

140 1835 435 1906 αρὼμενοι.
467 1841 817 1913 Μανθάνομεν
845 1846 900 1897 δὲ
922 1840 1030 1899 οἷον
1055 1849 1116 1900 τὸ
1145 1851 1243 1919 τῆς
1273 1827 1700 1923 εἰδωλολατρείας
1735 1827 1775 1885 Β

139 1927 291 1990 τέλος
322 1930 623 1986 ἀπόκειται.
658 1935 720 1986 Οἱ
747 1936 852 2007 γὰρ
877 1937 1208 2009 ἀναισθήτως
1239 1943 1590 2012 ὲπανέχοντες
1616 1946 1706 1997 οὐ·

135 2016 227 2070 τὲν
260 2019 440 2072 αὐτῶν
466 2023 604 2075 κατὰ
628 2025 848 2096 γνώμην
875 2027 1177 2085 διοίσουσιν.
1199 2033 1472 2104 Τοσαύτην
1503 2035 1704 2107 βλάϐην

141 2109 324 2173 αὐτοῖς
347 2113 444 2182 τῆς
459 2115 868 2190 ὲμφωλευούσης
884 2120 1197 2193 δαιμονικῆς
1214 2125 1488 2196 ἐνεργείας
1521 2130 1704 2182 ποιού-

143 2212 263 2266 σης-

213 2399 442 2466 ’Όμοιοι
491 2403 692 2469 αὐτοῖς
743 2405 1006 2474 γένοιντο
1057 2413 1110 2462 οἱ
1167 2413 1476 2483 ποιοῦντες
1533 2417 1700 2471 αὑτά.

143 2489 399 2543 Ἔσονται
431 2491 600 2557 οὓτως
634 2495 1009 2568 ἀπολλύμενοι,
1045 2501 1118 2564 ὡς
1151 2503 1218 2555 τὰ
1246 2507 1501 2576 χρήματα
1539 2511 1632 2563 καὶ
1656 2512 1704 2563 οἱ

138 2578 556 2652 θησαυρίζοντες
588 2587 745 2641 αὐτά.

211 2667 390 2738 Οἶκος
430 2674 675 2743 Ἰσραὴλ
711 2678 970 2746 ἤλπισεν
1003 2682 1101 2734 ἐπὶ
1144 2682 1382 2752 Κύριον.
1417 2688 1596 2742 Ταῦτα
1639 2691 1706 2744 τὰ

136 2758 262 2833 ὲθνη
311 2765 494 2831 φασὶν,
561 2768 660 2829 ὅτι,
723 2771 909 2841 ὥσπερ
966 2774 1130 2826 πάλαι
1184 2778 1544 2834 πιστεύσαντα
1615 2784 1705 2836 τὸν

148 2848 360 2923 Ἰσραὴλ
386 2854 604 2921 ἔσωσεν,
640 2859 778 2913 οὕτω
800 2864 891 2915 καὶ
913 2863 1006 2916 νῦν
1049 2865 1116 2917 τὰ
1143 2867 1265 2938 ἔθνη
1300 2869 1478 2926 σώσει.
1513 2877 1576 2926 Ol
1597 2874 1703 2946 γὰρ

135 2946 490 3013 φοϐούμενοι
541 2950 647 3002 τὸν
689 2949 928 3020 Κύριον,
960 2955 1026 3009 τὰ
1053 2957 1177 3027 ἔθνη
1211 2955 1318 3012 εἷεν
1349 2961 1430 3017 ἄν.
1450 2963 1702 3031 ’Υπεξαι-

138 3036 401 3104 μυμένου
429 3039 534 3110 γὰρ
565 3041 654 3093 τοῦ
677 3043 823 3096 οἴκου
861 3046 1090 3117 Ἰσραὴλ,
1114 3051 1352 3103 τουτέστι
1387 3055 1583 3119 παντὸς
1610 3058 1703 3110 τοῦ

136 3126 396 3196 πλήθους,
435 3133 526 3182 καὶ
559 3133 650 3185 τοῦ
675 3135 822 3187 οἴκου
860 3138 1066 3208 Ἀαρὼν
1099 3141 1192 3193 καὶ
1228 3142 1321 3194 τοῦ
1355 3144 1501 3198 οἴκου
1535 3150 1698 3200 Λευῖο

133 3217 285 3280 τίνας
317 3220 537 3292 ἑτέρους
579 3219 713 3277 εἶναι
745 3227 1024 3297 συμϐαίνει
1063 3233 1184 3294 τοὺς
1224 3233 1584 3305 φοϐουμένους
1613 3240 1702 3292 τὸν

135 3308 360 3380 Κύριον,
391 3313 423 3381 ἢ
453 3313 540 3366 τὸν
572 3314 626 3382 ἐξ
660 3317 825 3370 ἐθνῶν
856 3319 1014 3384 λαὸνς

200 3404 498 3471 Προσθειή
549 3404 762 3473 Κύριος
799 3409 892 3477 ἐφ’
927 3411 1098 3478 ἡμᾶς,
1128 3413 1219 3482 ἐφ’
1254 3416 1409 3484 ἡμᾶς
1459 3420 1552 3472 καὶ
1603 3422 1700 3475 ἐπὶ

132 3493 271 3557 τοὺς
302 3495 472 3560 υἱοὺς
497 3496 680 3565 ἡμῶν.
722 3501 888 3565 Αὐτὸς
921 3505 1027 3575 γάρ
1054 3507 1196 3558 ἐστιν
1241 3504 1298 3561 οὗ
1347 3512 1469 3569 τοὺς
1508 3515 1702 3584 νόμους

133 3585 615 3657 φυλάττομεν.”1να
643 3591 750 3662 γὰρ
786 3593 858 3666 μὴ
881 3596 1073 3669 νομίσῃ
1102 3617 1183 3661 τις
1206 3599 1362 3653 ἄλλου
1387 3605 1529 3668 τινὸς
1562 3605 1700 3660 εἶναι

129 3677 224 3747 τὴν
246 3676 337 3730 διὰ
363 3679 640 3747 Μωῦσέως
668 3686 1004 3754 νομοθεσίαν,
1028 3689 1132 3761 πρὸ
1160 3691 1254 3761 τῆς
1282 3693 1482 3746 τούτων
1503 3697 1698 3762 δόσεως

129 3767 196 3816 τὰ
247 3769 380 3837 περὶ
411 3770 510 3840 τῆς
544 3775 899 3842 κοσμοποιίας
923 3781 1203 3850 παρέδωκε
1227 3799 1239 3810 ·
1268 3782 1332 3834 δι’
1355 3779 1420 3855 ἧς
1449 3787 1540 3839 ἕνα
1568 3788 1698 3844 Θεὸν

130 3853 265 3910 εἶναι
297 3859 560 3925 διδάσκει,
589 3864 654 3916 τὰ
688 3867 743 3918 δὲ
771 3866 930 3921 λοιπὰ
957 3873 1174 3942 γενητὰ.

203 3954 328 4020 Οὺχ
386 3957 438 4006 ol
492 3960 689 4024 νεκροὶ
734 3961 1046 4017 αὶνέσουσί
1089 3980 1181 4028 σε,
1233 3971 1426 4036 Κύριε.
1458 3973 1696 4044 Νεκροὺς

131 4043 283 4096 κα)ιεῖ
310 4046 437 4110 τοὺς
469 4049 574 4100 τῶν
605 4049 867 4120 δαιμόνων
903 4055 1258 4126 θεραπευτὰς,
1286 4063 1409 4126 τοὺς
1439 4064 1511 4136 μὴ
1545 4066 1697 4135 ἕχον-

128 4154 220 4201 τας
246 4141 306 4191 ἐν
333 4141 516 4206 αὐτοῖς
545 4145 644 4215 τὴν
673 4145 836 4218 ζωὴν,
863 4151 1105 4204 τουτέστι
1134 4155 1231 4224 τὴν
1263 4157 1458 4224 γνῶσιν
1481 4159 1570 4212 τοῦ
1606 4162 1698 4230 μό-

129 4247 217 4282 νου
249 4230 410 4284 Θεοῦ.

472 4326 842 4395 Ἀλληλούτα.
878 4336 1182 4390 suum:
1213 4340 1364 4394 ΡΜ.

761 4424 1076 4494 ’Υπόθεσις.

1226 363 1586 424 EXPOSITIO
1623 370 1688 424 IN
1727 371 2052 430 PSALMUM
2092 374 2272 433 CXIV.

217 471 294 524 Τὰ
335 472 552 527 εἴδωλα
598 468 935 528 “haedi-(Br
978 477 1256 546 ἀργύριον
1297 482 1392 535 καὶ
1431 487 1703 552 χρυσίον,
1737 492 1780 547 Α

3253 380 3355 435 670

1879 488 1930 541 4.
1963 486 2257 541 Simulacra
2293 491 2516 558 gentium
2555 498 2823 559 argentum
2859 498 2904 542 et
2947 507 3156 554 aurum,
3199 508 3354 560 opera

1807 595 2054 631 manuum
2097 581 2378 634 hominum.
2428 580 2481 634 In
2516 580 2858 650 'quibusdam
2913 582 3310 651 exemplaribus
3337 624 3353 650 ,

1807 669 1917 723 haec
1941 680 2064 723 sunt
2099 671 2306 724 initium
2341 671 2561 726 alterius
2591 672 2804 740 psalmi,
2839 672 2910 726 ita
2936 681 2993 727 ut
3025 673 3112 726 hic
3139 675 3208 726 sit
3229 689 3356 728 cen-

1807 761 2030 814 tesimus
2074 762 2317 816 decimus
2359 761 2621 831 quartus.’
2654 763 2764 817 Nos
2800 773 2978 818 autem
3025 763 3351 820 Hebraicum

1805 864 2109 922 sequentes,
2143 859 2256 913 hac
2285 872 2490 930 partem
2519 877 2639 916 esse
2669 863 2957 917 statuimus
2993 864 3186 932 psalmi
3231 879 3358 917 con-

1805 945 1979 998 tesimi
2009 947 2200 1001 decimi
2238 950 2399 1004 tertii.
2435 949 2704 1006 Docentur
2726 954 2868 1005 enim
2897 954 3047 1021 pueri
3071 954 3267 1022 quibus
3285 953 3358 1006 di-

1805 1037 1883 1091 xit
1919 1057 1930 1092 :
1961 1037 2215 1107 Laudate,
2265 1046 2433 1111 pueri,
2489 1044 2766 1097 Dominum
2806 1047 2847 1076 ‘7
2886 1063 2898 1110 ;
2934 1045 2984 1098 id
3035 1055 3138 1106 est,
3182 1062 3356 1099 novus

1804 1129 2056 1197 populus.
2118 1130 2350 1201 Ecquem
2412 1133 2698 1188 Dominum
2765 1135 2984 1190 laudare
3048 1138 3354 1191 convenit?

1805 1220 1982 1288 Ipsum
2013 1237 2160 1286 sane,
2193 1225 2284 1293 qui
2315 1226 2366 1278 in
2397 1225 2678 1296 Aigyptios
2709 1236 2857 1281 tanta
2889 1228 3130 1299 prodigia
3165 1213 3371 1295 edidit,‘

1806 1320 2086 1376 postquam
2138 1312 2438 1367 didicerunt
2489 1315 2677 1383 quales
2723 1315 2922 1370 fuerint
2958 1318 3086 1370 olim
3139 1319 3357 1372 illorum

1805 1397 1896 1449 dii.
1937 1396 2082 1452 ldola
2109 1401 2250 1454 enim
2289 1402 2483 1457 nedum
2508 1405 2800 1473 quidquam
2834 1406 3008 1460 simile
3034 1407 3143 1461 Deo
3169 1409 3356 1476 prodi-

1806 1489 1890 1557 gia
1923 1493 2169 1559 operanti
2202 1494 2482 1557 baberent,
2514 1512 2580 1550 ne
2624 1497 2824 1552 inlimis
2863 1498 3079 1566 quidem
3113 1499 3362 1553 animali—

1807 1581 1905 1636 bus
1937 1583 2134 1651 quibus
2164 1600 2357 1640 sensus
2401 1598 2484 1641 est
2514 1589 2813 1657 quidpiam,
2846 1593 2994 1658 paria
3023 1601 3196 1644 erant.
3226 1590 3357 1645 Nam

1808 1676 1894 1729 illa
1921 1677 2137 1746 quidem
2170 1689 2296 1733 sunt
2333 1679 2424 1733 Dei
2454 1696 2637 1749 opera,
2675 1683 2788 1734 haac
2825 1692 3004 1736 autem
3032 1683 3196 1749 idola,
3226 1685 3358 1738 artis

1808 1767 2056 1822 humanae
2084 1787 2096 1820 :
2129 1771 2394 1824 docentur
2427 1782 2614 1824 autem
2641 1773 2820 1826 dicere
2860 1791 2874 1826 :
2913 1773 3123 1827 Similes
3160 1775 3268 1828 illis
3296 1776 3361 1844 β-
3409 1803 3412 1806 λ

1808 1870 1916 1909 ant.
1948 1857 2064 1912 Non
2098 1860 2240 1929 quod
2270 1861 2580 1916 hominibus
2626 1863 2765 1916 mala
2807 1873 3112 1932 precentur.
3149 1863 3360 1918 Edisci-

1807 1966 1928 2005 mus
1957 1960 2135 2005 autem
2178 1955 2272 2023 qui
2304 1953 2425 2008 linis
2466 1955 2784 2010 idololatriae
2814 1957 3100 2026 deputatus
3135 1958 3224 2010 sit.
3261 1956 3362 2022 Qui

1809 2040 1951 2093 enim
1987 2043 2141 2110 quasi
2172 2059 2335 2098 sensu
2357 2055 2604 2099 carerent
2626 2046 2787 2100 idolis
2819 2047 3060 2099 animum
3085 2046 3359 2108 adhibent,

1809 2129 1943 2182 nihil
1980 2131 2049 2184 ab
2085 2132 2166 2186 eis
2197 2133 2496 2188 secundum
2546 2145 2782 2189 mentem
2815 2136 3086 2189 dill‘crunt.
3131 2135 3360 2190 Tantum

1810 2220 2016 2275 scilicet
2042 2223 2174 2291 ipsis
2202 2227 2510 2280 nocumenti
2552 2227 2784 2282 aﬂerunt
2808 2227 3114 2282 dtemonum
3155 2227 3258 2280 illm
3287 2230 3363 2282 la-

1807 2313 2022 2368 titantes
2059 2315 2284 2371 insidia}.

1874 2405 1925 2458 8.
1959 2404 2166 2461 Similes
2206 2410 2311 2463 illis
2364 2411 2495 2478 ﬁant
2537 2413 2624 2481 qui
2669 2411 2867 2478 faciunt
2916 2428 2997 2464 ea.
3038 2410 3274 2465 Perinde
3311 2412 3361 2465 in

1806 2500 2100 2567 perniciem
2148 2503 2321 2567 ibunt,
2359 2513 2521 2574 atque
2545 2506 2741 2559 divitiae
2775 2514 2828 2560 et
2860 2504 2894 2558 ii
2935 2507 3028 2573 qui
3064 2505 3365 2559 recondunt

1807 2597 1946 2652 illas.

1874 2691 1927 2744 9.
1972 2690 2164 2742 Domus
2195 2687 2366 2742 Israel
2398 2693 2619 2758 speravit
2647 2690 2700 2743 in
2727 2689 2970 2757 Domino,
2997 2700 3102 2744 etc.
3131 2689 3256 2744 Haec
3282 2691 3365 2745 di-

1806 2791 1936 2836 cunt
1964 2791 2151 2850 gentes
2186 2800 2198 2835 :
2225 2782 2368 2852 quod
2398 2783 2605 2836 scilicet
2626 2782 3083 2851 quemadmodum
3101 2783 3229 2836 olim
3252 2798 3365 2838 cre-

1803 2875 2012 2929 dentem
2051 2876 2214 2930 Israel
2257 2877 2462 2930 salvum
2507 2875 2672 2942 fecit;
2721 2876 2792 2930 ita
2839 2881 2892 2929 et
2925 2891 3069 2930 nunc
3116 2875 3365 2941 gentibus

1804 2969 2030 3022 salutem
2069 2969 2286 3022 tribuet.
2328 2968 2458 3022 Nam
2494 2972 2581 3040 qui
2608 2972 2785 3022 timent
2833 2968 3133 3032 Dominum,
3164 2969 3198 3020 ii
3232 2984 3364 3037 gen--

1804 3065 1886 3111 tes
1918 3057 2137 3111 fuerint.
2172 3059 2393 3111 Sublata
2422 3061 2619 3128 quippe
2647 3060 2812 3112 domo
2836 3060 3016 3123 Israel,
3046 3060 3094 3113 id
3115 3071 3197 3113 est
3216 3060 3364 3112 omni

1805 3146 2167 3210 multitudine,
2216 3155 2268 3199 et
2314 3147 2477 3201 domo
2520 3148 2699 3201 Aaron
2745 3159 2906 3216 atque
2944 3148 3068 3202 Levi
3107 3149 3238 3216 ;qni
3272 3149 3361 3200 alii

1803 3250 1921 3290 esse
1950 3236 2158 3305 possint
2178 3238 2268 3307 qui
2303 3239 2492 3294 timent
2527 3240 2834 3305 Dominum,
2871 3240 2976 3294 nisi
3019 3240 3232 3312 gentilis
3261 3255 3361 3309 po-

1801 3328 1980 3397 palus.

1874 3422 1959 3475 14.
1996 3422 2228 3490 Adjiciat
2263 3421 2512 3475 Dominus
2543 3439 2696 3492 super
2733 3441 2845 3489 nos,
2877 3442 3031 3493 super
3070 3442 3160 3478 nos
3190 3437 3238 3479 et
3274 3443 3363 3479 su-

1801 3528 1890 3579 per
1912 3511 2049 3578 ﬁlios
2082 3525 2304 3564 nostros.
2354 3512 2470 3580 Ipse
2506 3528 2740 3582 namque
2765 3523 2847 3568 est
2885 3514 3042 3583 cujus
3088 3514 3231 3584 leges
3263 3516 3361 3568 0b-

1801 3619 2094 3657 servamus.
2152 3601 2228 3657 Ne
2279 3605 2478 3673 cogitet
2531 3607 2674 3659 enim
2723 3608 2994 3675 quispiam
3044 3609 3185 3663 alius
3241 3624 3362 3663 esse

1801 3695 1968 3763 legem
2011 3693 2212 3764 Moysis
2249 3713 2262 3760 ;
2297 3705 2421 3749 ante
2451 3697 2613 3765 leges,
2649 3698 2836 3751 mundi
2874 3699 3207 3754 creationem
3250 3711 3361 3755 tra—

1799 3785 1932 3840 didit
1968 3805 1980 3840 :
2012 3802 2106 3855 per
2147 3803 2309 3856 quam
2343 3788 2500 3842 docet
2541 3805 2709 3842 unum
2752 3803 2873 3844 esse
2916 3789 3108 3855 Deum,
3151 3791 3358 3863 reliqua

1799 3894 1926 3932 vero
1961 3877 2123 3934 facta.

1869 3970 1955 4023 17.
1998 3970 2117 4024 Non
2160 3975 2354 4025 mortui
2388 3972 2677 4025 laudabunt
2720 3983 2786 4036 te,
2834 3972 3072 4028 Domine.
3117 3974 3357 4029 Mortnos

1797 4069 1954 4115 vocat
1983 4060 2289 4116 daamonum
2333 4063 2591 4124 cultores,
2622 4064 2715 4132 qui
2741 4079 2846 4116 non
2878 4064 3077 4120 habent
3106 4067 3158 4120 in
3191 4081 3247 4120 se
3275 4066 3358 4119 vi-

1801 4163 1928 4220 tam,
1963 4153 2014 4208 id
2041 4164 2122 4209 est
2160 4155 2331 4209 solius
2355 4154 2448 4209 Dei
2483 4155 2868 4226 cognitionem.

2160 4339 2400 4397 Alleluia.
2440 4337 2776 4394 PSALMUS
2803 4337 3005 4393 CXIV.

2374 4436 2771 4504 Argumentum.

139 4507 222 4560 Ἐν
251 4507 427 4578 τούτῳ
448 4509 633 4578 ἀγῶνα
658 4513 763 4566 τῶν
782 4515 878 4586 τὴν
898 4520 1251 4592 εὐαγγελικὴν
1276 4524 1545 4578 πολιτείαν
1573 4545 1696 4598 μετ-

1803 4524 1853 4578 ln
1894 4527 1994 4580 h'oc
2027 4525 2295 4597 signiﬁcat
2330 4537 2604 4581 certamen
2635 4542 2823 4581 eorum
2856 4526 2948 4595 qui
2987 4525 3356 4596 evangelicum

191 4600 507 4670 ερχομένων
541 4606 810 4673 σημαίνει,
847 4611 936 4661 καὶ
962 4610 1057 4681 τὴν
1089 4615 1226 4667 κατὰ
1250 4615 1378 4668 Θεὸν
1409 4618 1584 4670 αὐτῶν
1617 4619 1693 4672 vl-

191 4710 316 4762 κην,
356 4695 450 4747 καὶ
479 4696 568 4748 τὸν
600 4698 848 4768 ἐσόμενον
881 4703 1018 4774 ὑπὲρ
1059 4706 1164 4761 τῶν
1203 4709 1377 4761 πόνων
1411 4712 1686 4780 στέψανον.

199 4783 535 4854 Ἡγὰ.τησα,
563 4788 649 4840 ὅτι
679 4794 1088 4849 εἰσακούσεται
1115 4801 1325 4867 Κύριος
1352 4800 1460 4869 τῆς
1487 4805 1690 4871 φωνῆς

122 4878 228 4944 τῆς
260 4881 528 4947 δεήσεώς
550 4902 688 4950 μου.
725 4888 832 4939 Καὶ
862 4888 1295 4961 τίνα·ὴγάπησε;
1349 4893 1548 4964 Κύριον
1599 4895 1688 4948 τὸν

125 4972 248 5024 Θεὸν
297 4973 362 5036 ἐξ
407 4975 533 5046 ὅλης
567 4979 810 5048 καρδίας,
846 4980 935 5032 καὶ
972 4983 1029 5046 ἐξ
1060 4984 1184 5055 ὅλης
1223 4986 1474 5048 διανοίας,
1510 4983 1600 5040 καὶ
1629 4987 1687 5050 ἐξ

125 5063 244 5136 δίξης
287 5065 503 5136 ἰσχύοςο
559 5071 650 5120 καὶ
703 5072 799 5140 τῆς
839 5074 1055 5144 ἀγάπης
1103 5078 1287 5146 μισθὸν
1338 5079 1546 5144 ἐδέξατο
1591 5084 1686 5150 τὴν

126 5159 150 5206 ὑ
159 5160 381 5229 πακοήν.

190 5249 297 5300 Καὶ
337 5251 408 5301 ἐν
456 5251 586 5318 ταῖς
633 5253 873 5321 ἡμέραις
912 5277 1028 5326 μου
1077 5261 1520 5330 ἑπικαλέίισι-δνιαι.
1579 5268 1682 5318 Καὶ

124 5337 299 5400 ποίαις
333 5340 592 5411 ἡμέραις,
623 5344 654 5413 ἢ
692 5349 805 5407 ταῖς
835 5348 925 5399 τοῦ
953 5350 1177 5417 ἀγῶνος,
1205 5353 1290 5404 ὅτε
1320 5356 1682 5409 ἐκινδύνευσεν

123 5429 279 5481 αὐτοῦ
380 5431 566 5502 epuli};

188 5517 524 5587 Περιέσχον
564 5540 642 5589 με
689 5524 892 5593 ὠδῖνες
935 5531 1206 5585 θανάτοιν.
1242 5535 1347 5606 Τὴν
1386 5538 1683 5609 ὑπερϐολὴν

126 5611 518 5679 κατασημαίνει
550 5614 653 5668 τῶν
681 5614 926 5686 θλέψεων,
969 5621 1071 5676 τῶν
1102 5629 1399 5695 γενομένων
1425 5630 1570 5701 αὐτῷ
1596 5631 1680 5684 διὰ

197 5781 234 5816 ⁸⁷
275 5781 422 5838 Psal.
455 5802 589 5850 exn,
625 5788 672 5844 l.

1871 4619 1994 4673 vitae
2031 4619 2332 4674 institutum
2383 4619 2609 4690 ingressi
2662 4628 2808 4680 sunt,
2855 4633 3154 4687 eorumque
3190 4619 3359 4674 victo-

1869 4711 2005 4762 riam
2040 4707 2132 4762 Dei
2168 4719 2298 4762 nutn
2347 4719 2692 4779 reportatum,
2718 4717 2771 4763 et
2803 4708 3039 4762 futuram
3074 4724 3172 4778 pro
3204 4708 3356 4763 labo-

1869 4803 2020 4856 ribus
2052 4817 2326 4856 coronam.

1866 4894 2064 4959 Dilca'i,
2098 4897 2343 4962 quoniam
2373 4897 2612 4947 exaudiet
2644 4894 2893 4948 Dominus
2920 4911 3086 4947 rocem
3105 4895 3357 4947 orationis

1796 5003 1940 5040 mete.
1991 4985 2226 5056 Ecquem
2276 4987 2515 5041 dilexit?
2562 4986 2847 5042 Dominum
2913 4987 3081 5042 Deum
3131 5004 3194 5042 ex
3244 4997 3358 5043 toto

1795 5079 1953 5131 corde
1997 5088 2050 5131 et
2077 5094 2140 5130 ex
2187 5089 2294 5131 tota
2329 5089 2524 5142 mente,
2558 5090 2613 5134 et
2657 5096 2721 5133 ex
2772 5090 2882 5133 tota
2916 5081 3110 5134 virtute
3144 5097 3158 5145 ;
3209 5090 3261 5134 et
3301 5082 3356 5135 in

1798 5171 2101 5225 dilectionis
2136 5173 2411 5238 praemium
2444 5173 2720 5227 exaudivit
2752 5173 2903 5226 illum
2947 5173 3108 5226 Deus.

1861 5264 1911 5316 22.
1951 5263 2014 5315 Et
2045 5265 2096 5315 in
2138 5264 2314 5316 diebus
2349 5267 2473 5319 meis
2507 5268 2772 5322 invocabo.
2811 5267 2874 5320 Et
2915 5268 2967 5319 in
3002 5266 3204 5335 quibus
3240 5268 3353 5320 (lie-

1793 5359 1891 5413 bus
1923 5376 1937 5423 ;
1968 5359 2069 5412 nisi
2112 5360 2162 5412 in
2207 5361 2398 5414 diebus
2429 5361 2744 5417 certaminis
2780 5380 2903 5418 cum
2939 5363 3058 5432 ejus
3088 5361 3268 5416 anima
3301 5367 3350 5417 in

1789 5450 2028 5517 periculo
2055 5451 2370 5504 versabatur
2395 5453 2417 5503 ?

1787 5579 1791 5586 .
1857 5541 1907 5592 5.
1948 5540 2407 5594 Circumdederunt
2439 5558 2516 5594 me
2556 5543 2758 5596 dolores
2805 5542 3005 5595 mortis.
3056 5539 3350 5598 Vehemen-

1792 5630 1918 5684 tiam
1952 5631 2222 5701 signiﬁcat
2252 5630 2623 5702 alﬂictionum,
2660 5653 2779 5706 qua:
2812 5636 2910 5704 ipsi
2940 5634 3155 5705 pietatis
3180 5649 3350 5690 causa
