4076 6308
754 363 853 419 471

1589 351 1646 408 S.
1685 346 2050 404 ATHANASII
2088 343 2236 401 OPP.
2279 339 2454 396 PARS
2490 341 2577 396 111.
2617 374 2681 382 --
2721 341 3124 399 EXEGETZCA.

3837 332 3934 388 472

753 480 1079 542 acciderunt,
1106 491 1265 548 quam
1295 473 1653 530 calamitatem
1683 480 1738 528 et
1769 471 1982 526 dolores
2012 469 2221 530 mortis,
2242 473 2294 518 et
2321 516 2324 525 ,

2406 466 2487 536 τὴν
2518 466 2810 528 εὐσέϐειαν,
2838 467 2904 536 ἣν
2935 467 3027 519 καὶ
3055 465 3244 527 ὠδῖνας
3288 463 3511 517 θανάτου
3556 458 3646 513 καὶ
3672 454 3937 520 κινδύνους

754 571 987 626 -δοι-ἱειιιο
1015 569 1230 632 inferni,
1278 575 1332 622 et
1363 565 1704 620 alllictionem
1749 573 1805 617 et
1847 561 2089 616 dolorem
2116 569 2291 615 vocat.

754 663 857 716 Sed
887 675 952 715 eo
977 660 1120 730 quod
1164 658 1495 712 invocaverit
1524 655 1689 710 Deum
1735 655 1803 708 iis
1848 653 2100 708 omnibus
2139 667 2298 721 supc-

752 755 862 808 rior
901 753 1090 807 evasit.
1143 750 1320 817 Quare
1347 751 1399 802 in
1447 748 1721 818 prommiis
1764 746 1972 801 dicebat
2018 765 2029 799 :
2089 744 2284 808 Dilexi,

751 845 995 914 quoniam
1018 844 1258 896 exaudiet
1291 840 1540 895 Dominus
1567 855 1737 893 vocem
1766 838 2018 892 orationis
2047 852 2190 890 mete.

820 935 872 988 4.
912 932 957 988 0
992 933 1228 997 Domine,
1256 933 1419 986 libera
1451 933 1680 984 animam
1707 947 1893 984 meam.
1940 927 2299 999 Singulariter

753 1026 1034 1095 superius:
1062 1024 1126 1078 Et
1154 1026 1202 1078 in
1221 1025 1396 1080 diebus
1423 1025 1548 1078 meis
1573 1023 1821 1076 invocavi.
1841 1023 1957 1076 Jam
1991 1037 2116 1076 vero
2141 1021 2298 1074 docet

751 1135 872 1190 qua
901 1120 970 1173 sit
1007 1117 1291 1172 invocatio.
1327 1115 1646 1186 Ecquaeuam
1692 1116 1776 1168 illa
1805 1124 1907 1179 est,
1949 1114 2051 1168 nisi
2084 1114 2174 1168 illa
2206 1132 2217 1167 :
2251 1113 2294 1168 0

751 1213 994 1280 Domine,
1029 1213 1190 1266 libera
1229 1214 1458 1266 animam
1495 1227 1662 1264 meam
1697 1210 1722 1262 ?
1769 1207 1892 1263 llaec
1940 1217 2116 1262 autem
2164 1206 2298 1260 dixit

755 1319 954 1373 gnarus
999 1319 1144 1366 eum,
1192 1312 1378 1372 utpote
1439 1299 1869 1360 misericordem,
1913 1296 2294 1352 exauditurum

752 1412 889 1451 esse.
910 1395 972 1448 Et
1013 1395 1148 1450 Deus
1179 1405 1351 1449 noster
1369 1396 1656 1447 miseretur.
1679 1391 1788 1462 (42)
1815 1387 2179 1444 Misericordia
2215 1396 2296 1441 est

755 1487 934 1556 passio
977 1501 1162 1541 eorum
1217 1486 1310 1555 qui
1363 1485 1835 1540 commiseratione
1888 1481 2114 1551 permoti
2171 1476 2299 1534 sunt

755 1595 882 1648 erga
927 1594 1022 1632 eos
1067 1579 1158 1648 qui
1203 1579 1404 1633 amissa
1452 1576 1678 1647 pristina
1723 1575 1982 1644 dignitate
2030 1571 2293 1626 humiliati

757 1677 900 1724 sunt.
931 1667 1065 1734 Quia
1099 1668 1264 1738 igitur
1284 1683 1383 1722 nos
1417 1683 1482 1722 ex
1517 1666 1789 1720 nobilibus
1835 1664 2096 1735 ignobiles
2124 1663 2296 1717 evasi-

757 1777 899 1826 mus,
938 1763 1136 1816 amissa
1165 1761 1399 1830 paradisi
1430 1758 1896 1822 commoratione;
1933 1755 2121 1810 videns
2157 1753 2296 1807 Deus

755 1854 942 1920 quales
973 1867 1038 1907 ex
1081 1852 1331 1922 qualibus
1359 1850 1649 1913 evasimus,
1681 1849 1964 1904 miseratur
2009 1860 2126 1900 nos.
2163 1843 2296 1898 Nam

754 1957 858 1999 vos
885 1943 1265 1998 misericordia:
1280 1942 1545 1996 Adamum
1573 1940 1916 2009 compellavit
1947 1939 2167 1992 dicens:
2203 1937 2300 1990 Ubi

755 2049 808 2085 es
848 2033 892 2064 "
920 2034 943 2084 τ’
986 2033 1224 2088 videlicet
1253 2051 1266 2088 :
1292 2033 1433 2087 unde
1453 2041 1506 2086 et
1527 2047 1636 2100 quo
1671 2030 1923 2099 delapsus
1954 2043 2012 2082 es
2043 2028 2066 2079 ’ἶ

823 2123 876 2178 6.
921 2122 1228 2177 Custodiens
1269 2121 1512 2191 parvulos
1547 2119 1820 2173 Dominus.
1865 2116 2125 2171 Parvulos
2172 2113 2302 2167 dicit

755 2231 850 2270 eos
877 2216 1081 2284 quiper
1103 2215 1362 2283 Spiritum
1403 2220 1647 2266 sanctum
1686 2212 1738 2264 in
1762 2208 1978 2262 Christo
2002 2206 2300 2275 regenerati

759 2314 887 2360 sunt
919 2324 931 2358 :
965 2305 1056 2374 qui
1083 2304 1378 2359 secundum
1406 2302 1535 2357 Jesu
1562 2300 1763 2356 Christi
1804 2308 2152 2368 praeceptum,
2180 2310 2302 2364 par-

759 2396 865 2449 vuli
899 2403 1044 2457 sunt,
1069 2395 1190 2464 quia
1224 2393 1433 2448 scilicet
1461 2390 1708 2446 conversi
1737 2398 1862 2444 sunt
1892 2398 1945 2442 et
1969 2385 2145 2441 effecti
2178 2393 2303 2439 sunt

762 2489 904 2542 sicut
946 2486 1173 2558 parvuli.
1201 2483 1308 2540 Eos
1339 2482 1600 2536 Dominus
1642 2478 1924 2544 custodit;
1971 2491 2144 2545 neque
2184 2489 2305 2544 per-

762 2581 924 2635 mittit
966 2580 1034 2632 ab
1058 2576 1291 2631 inimicis
1319 2573 1636 2644 oppugnari,
1666 2572 1792 2641 quia
1829 2569 2065 2623 nondum
2095 2578 2304 2636 tempus

757 2669 1090 2726 certaminis.
1122 2668 1294 2738 (Alius
1322 2666 1526 2733 codex.)
1548 2663 1808 2718 Parvulos
1847 2663 1990 2717 enim
2017 2668 2174 2713 vocat
2212 2673 2304 2712 eos

760 2763 850 2830 qui
880 2776 973 2830 per
1004 2759 1261 2828 Spiritum
1303 2766 1550 2812 sanctum
1583 2757 1637 2810 in
1670 2755 1889 2809 Christo
1929 2750 2056 2806 Jesu
2094 2764 2306 2819 regene-

762 2852 864 2906 rati
894 2859 1038 2905 sunt.
1085 2848 1149 2903 Et
1192 2851 1344 2918 juxta
1394 2846 1692 2914 simplicem
1730 2841 1997 2896 sermonis
2027 2854 2204 2906 usum,
2251 2840 2304 2892 in

763 2954 916 2998 utero
943 2942 1056 3012 ipse
1082 2939 1313 2994 infantes
1339 2938 1577 2993 custodit
1606 2955 1618 2989 :
1656 2951 1718 2990 ac
1747 2936 1800 2989 in
1831 2948 1896 2988 eo
1918 2933 2038 2987 loco
2072 2942 2175 2985 tam
2217 2947 2308 2984 an.

764 3042 941 3104 gusto,
971 3041 1225 3101 tantaque
1256 3029 1572 3084 humiditate
1595 3028 1774 3098 pleno,
1805 3026 1894 3081 ubi
1931 3039 2029 3079 nec
2060 3021 2304 3078 movendi

2396 556 2540 627 ᾅδου,
2572 556 2663 608 καὶ
2693 557 2864 626 θλίψιν
2910 557 3000 608 καὶ
3040 554 3226 624 ὀδύνην
3252 550 3524 606 ἀποκαλεῖ.
3542 547 3705 602 Ἀλλά
3733 545 3821 600 διὰ
3848 545 3938 598 τοῦ

2396 648 2761 703 ἐπικαλεῖσθαι
2810 648 2897 701 τὸν
2944 647 3074 700 Θεὸν
3118 645 3436 716 ὑψηλότερος
3486 642 3688 695 τούτων
3735 639 3938 707 γέγονε,

2397 741 2544 812 φησί.
2585 741 2672 793 Διὸ
2714 741 2806 794 καὶ
2841 741 2898 792 ἐν
2928 737 3224 809 προοιμίοις
3251 735 3457 801 ἔλεγεν·
3502 730 3821 802 Ὴγὰπησα,
3855 727 3939 781 ὅτι

2394 833 2802 886 εἰσακούσεται
2832 832 3041 898 Κύριος
3071 826 3178 896 τῆς
3209 826 3412 896 φωνῆς
3445 820 3705 890 δεήσεώς
3723 839 3863 890 μου.

2463 920 2538 978 Ὦ
2560 925 2748 990 Κύριε,
2770 922 2951 990 ῥῦσαι
2985 920 3096 988 τὴν
3121 917 3328 987 ψυχήν
3354 934 3488 986 μου.
3505 913 3725 976 Ἐνικῶς
3749 910 3946 964 ἀνωτέ-

2400 1034 2508 1088 ρω,
2539 1018 2620 1070 ὅτι
2650 1014 2759 1068 Kal
2793 1010 3247 1080 ἐπεκαλεσὰμην
3275 1010 3343 1061 ἐν
3374 1006 3500 1071 ταῖς
3526 1003 3768 1072 ἡμέραις
3806 1017 3940 1088 μοι’.

2396 1086 2492 1170 Τίς
2533 1108 2566 1176 ἡ
2609 1105 2887 1176 ἐπίκλησις
2931 1102 3181 1156 διδάσκει.
3211 1099 3320 1154 Kal.
3368 1097 3492 1150 ποία
3536 1093 3697 1163 αὕτη,
3725 1095 3759 1161 ἢ
3793 1086 3942 1151 τὸ,Ὦ

2397 1197 2594 1264 Κύριε,
2609 1197 2795 1265 ῥῦσαι
2820 1195 2932 1263 τὴν
2947 1198 3034 1262 ψυ
3039 1193 3156 1263 χήν
3177 1209 3291 1260 μου
3316 1207 3333 1254 ,'
3357 1186 3488 1243 Εἷπε
3507 1188 3563 1240 δὲ
3584 1185 3754 1238 ταῦτα
3773 1180 3943 1243 εἰδὼς,

2396 1289 2470 1349 ὡς
2497 1285 2740 1356 ἐλεήμων
2785 1282 3157 1337 ἐπακούσεται.
3191 1280 3299 1336 Καὶ
3331 1284 3362 1332 ὁ
3396 1278 3538 1343 Θεὸς
3577 1274 3744 1344 ἡμῶν
3771 1271 3944 1326 ἐλεεῖ.

2401 1381 2584 1444 Ἔλεός
2611 1384 2724 1434 ἐστι
2763 1380 2931 1441 πάθος
2957 1377 3047 1430 ἐπὶ
3083 1377 3206 1437 τοὺς
3232 1374 3357 1442 παρ’
3381 1370 3530 1433 ἀξίαν
3554 1367 3945 1435 τεταπεινωμέ-

2398 1490 2519 1537 νους
2576 1471 2723 1542 παρά
2769 1470 2875 1522 τῶν
2937 1465 3231 1538 συμπαθῶς
3277 1462 3598 1532 τεθειμένων
3649 1458 3942 1528 γινόμενον.

2410 1567 2559 1618 Ἐπεὶ
2599 1561 2691 1616 οὖν
2745 1563 2837 1616 καὶ
2886 1564 3042 1631 ἡμεῖς
3074 1559 3130 1624 ἐξ
3160 1555 3381 1620 ἐνδόξων
3413 1554 3708 1622 γεγόναμεν
3751 1549 3944 1615 ἄδοξοι,

2396 1655 2494 1724 τῆς
2527 1657 2581 1708 ἐν
2609 1653 2684 1724 τῷ
2718 1652 3019 1724 παραδείσῳ
3048 1647 3318 1716 διαγωγῆς
3340 1645 3675 1705 ἐκπεσόντες,
3701 1636 3802 1693 οἷοι
3832 1639 3944 1694 ἀνθ’

2397 1745 2522 1797 οἴων
2552 1744 2847 1813 γεγόναμεν
2876 1742 3015 1812 ὁρῶν
3048 1741 3193 1810 ἡμᾶς
3219 1740 3247 1790 ὁ
3285 1737 3434 1800 Θεὸς,
3463 1735 3614 1788 ἐλεεῖ.
3633 1732 3814 1786 Ἐλέου
3841 1731 3948 1800 γὰρ

2329 1811 2371 1865 Β
2399 1835 2703 1888 ἀνεκαλεῖτο
2726 1811 2872 1902 φωνὴ
2899 1811 2988 1885 τὸν
3021 1831 3212 1900 Ἀδάμ⁶
3241 1828 3360 1883 Ποῦ
3389 1823 3479 1888 ei;
3505 1824 3657 1894 δῆλον
3680 1823 3760 1887 τὸ,
3781 1821 3950 1875 Πόθεν

2402 1931 2492 1980 ποῖ
2515 1927 2804 1989 πέπτωκας
2827 1942 2845 1990 ;

2470 2099 2806 2154 Φυλάσσων
2835 2099 2904 2152 τὰ
2935 2098 3118 2162 νήπια
3147 2100 3179 2151 ὁ
3208 2094 3437 2164 Κύριος.
3462 2091 3648 2163 Νήπιά
3668 2106 3801 2161 φησι
3826 2088 3948 2149 τοὺς

2400 2193 2484 2246 διὰ
2513 2193 2648 2247 Πνεύ
2658 2210 2821 2262 ματος
2843 2191 2994 2258 ἁγίου
3021 2193 3077 2242 ἐν
3102 2188 3316 2258 Χριστῷ
3331 2183 3804 2253 ἁναγεννηθέντας,
3826 2180 3949 2240 τοὺς

2403 2285 2539 2338 κατὰ
2574 2284 2669 2354 τὴν
2716 2281 2886 2350 Ἰησοῦ
2915 2279 3125 2348 ἐντολὴν
3146 2277 3363 2347 νηπίους
3388 2275 3562 2337 ὄντας,
3595 2273 3671 2342 τῷ
3700 2269 3948 2340 ἐπιστρέ-

2402 2376 2530 2442 φθαι
2563 2379 2578 2394 ’
2603 2374 2693 2426 καὶ
2722 2372 2997 2440 γεγονέναι
3022 2368 3096 2431 ὡς
3125 2369 3192 2420 τά
3235 2366 3435 2420 παιδία.
3466 2366 3667 2426 Αὐτοὺς
3693 2365 3721 2416 ό
3751 2361 3950 2431 Κύριος

2403 2465 2680 2533 φυλάσσει,
2701 2464 2797 2516 οὐκ
2820 2462 2920 2516 ἐῶν
2945 2459 3261 2533 προσϐαλεῖν
3288 2459 3468 2520 αὐτοῖς
3494 2456 3618 2518 τοὺς
3639 2453 3946 2524 πολεμίους,

2401 2557 2477 2626 τῷ
2508 2559 2669 2628 μήπω
2695 2557 2878 2626 καιρὸν
2905 2555 3043 2623 ἔχειν
3075 2551 3298 2619 ἀγῶνος.
3330 2551 3511 2620 Νήπια
3537 2548 3643 2617 γάρ
3673 2563 3804 2616 φησι
3827 2546 3949 2607 τοὺς

2401 2649 2488 2702 διὰ
2520 2647 2828 2716 Πνεύματος
2855 2645 3005 2713 ἁγίου
3035 2647 3090 2696 ἐν
3119 2641 3332 2714 Χριστῷ
3375 2639 3545 2710 Ἰησοῦ
3570 2636 3950 2706 ἁναγεννηθέν-

2403 2742 2521 2802 τας.
2560 2739 2668 2791 Καὶ
2700 2736 2837 2791 κατὰ
2877 2736 2967 2788 τὸν
3000 2733 3198 2788 ἁπλοῦν
3240 2733 3345 2802 γὰρ
3374 2730 3545 2798 λόγον,
3577 2727 3734 2790 αὐτὸς
3761 2728 3818 2778 ὲν
3853 2726 3952 2794 μή..

2402 2849 2506 2904 τρα
2535 2831 2788 2900 φυλάττει
2816 2829 2883 2882 τὰ
2924 2828 3124 2899 βρέφη·
3155 2827 3209 2877 ἐν
3248 2818 3292 2892 ᾧ
3335 2823 3409 2893 τῷ
3438 2822 3584 2892 μόρῳ
3621 2815 3837 2890 σμικρῷ
3861 2816 3951 2868 καὶ

2403 2919 2666 2991 τοσαύτης
2701 2919 2992 2989 ὑγρότητος
3022 2915 3228 2984 πλήρης
3259 2915 3351 2965 καὶ
3385 2914 3517 2981 μήτε
3541 2909 3804 2962 κινεῖσθαι
3832 2906 3951 2975 μήτ’

2406 3014 2659 3068 ἀναπνεῖν
2684 3008 3058 3079 συγχωροῦντα
3085 3005 3302 3059 κωλύων
3328 3000 3709 3069 ἀποπνιγῆναι,
3755 2999 3848 3049 καὶ
3874 2995 3951 3048 κί-

765 3085 864 3179 ;ec
893 3085 1190 3192 respirandi
1219 3121 1467 3184 facultas,
1497 3085 1720 3189 impedit
1744 3133 1811 3172 ne
1840 3119 2217 3188 prmfocentur,
2236 3122 2309 3167 at-

2409 3121 2558 3174 νησιν
2592 3100 2760 3163 διδοὺς
2799 3101 2889 3151 καὶ
2929 3096 3152 3168 τροφὴν,
3186 3095 3277 3147 καὶ
3305 3089 3703 3162 περιψυχόμενα
3734 3085 3952 3139 κωλύων

763 3232 868 3286 que
899 3226 1104 3270 motum
1127 3224 1178 3270 et
1208 3230 1386 3269 escam
1412 3213 1624 3276 tribuit,
1659 3209 2015 3279 prohibetque
2042 3221 2108 3260 ne
2132 3222 2196 3259 ex
2221 3205 2311 3258 fri-

764 3323 891 3376 gore
910 3308 1343 3377 exstinguuntur,
1378 3305 1594 3372 quando
1633 3318 1698 3355 ex
1733 3301 1910 3355 calore
1942 3299 2109 3352 vulva:
2138 3298 2190 3350 in
2228 3297 2310 3351 10--

769 3414 893 3451 cum
923 3412 1046 3456 aere
1075 3407 1129 3450 et
1156 3406 1314 3450 vento
1336 3392 1723 3448 circumfusum
1749 3399 2047 3445 transeunt.
2066 3389 2172 3442 Aut
2194 3389 2306 3443 sic:

766 3489 1023 3556 quoniam
1063 3484 1381 3538 humiliatus
1425 3498 1545 3537 sum
1574 3482 1712 3536 sicut
1745 3480 2021 3550 parvulus,
2057 3487 2106 3532 et
2154 3477 2308 3546 quasi

768 3576 946 3631 infans
991 3576 1205 3645 suscepi
1235 3590 1458 3645 regnum
1483 3575 1767 3638 caelorum,
1800 3572 1891 3640 qui
1923 3569 2156 3623 custodit
2189 3583 2313 3638 par-

769 3667 921 3722 vulos
949 3665 1209 3721 Dominus
1232 3667 1455 3722 salvavit
1496 3681 1601 3720 me.
1646 3664 1765 3716 Alio
1809 3664 1935 3716 item
1963 3661 2124 3716 modo
2161 3677 2174 3712 :
2219 3674 2312 3714 eos

768 3758 1028 3828 quijuxta
1057 3769 1374 3828 praeceptum
1414 3756 1540 3810 Jesu
1566 3754 1767 3809 Christi
1805 3755 2048 3808 conversi
2075 3751 2314 3806 efficiun-

769 3859 857 3904 tur
884 3858 944 3902 ut
963 3849 1190 3917 parvuli,
1216 3849 1330 3918 ipse
1353 3847 1616 3901 Dominus
1645 3845 1880 3900 custodit
1904 3866 1918 3899 ς
1957 3853 2009 3898 et
2032 3844 2158 3912 quia
2184 3858 2313 3896 non-

770 3942 897 3995 dum
937 3948 1147 4008 tempus
1190 3938 1311 3992 belli
1349 3947 1454 4002 est,
1504 3937 1695 3991 tentari
1741 3951 1845 3990 non
1879 3935 2026 3989 sinit.
2061 3932 2163 3986 Sed
2207 3946 2312 3994 me,

774 4040 957 4103 utpote
980 4031 1071 4100 qui
1105 4030 1286 4100 pueris
1315 4029 1472 4099 longe
1513 4027 1703 4082 fortior
1722 4040 1917 4088 essem,
1950 4023 2159 4094 magnis
2193 4038 2314 4077 cer-

773 4122 1065 4177 taminibus
1110 4120 1420 4184 humilians,
1463 4116 1930 4188 inexpugnabilem
1973 4125 2150 4170 tamen
2186 4131 2314 4171 con-

772 4216 1024 4269 servavit.

839 4305 890 4360 7.
924 4306 1249 4368 Convertere,
1282 4304 1460 4357 anima
1491 4318 1626 4366 mea,
1655 4301 1708 4353 in
1744 4301 1967 4371 requiem
2009 4310 2172 4352 tuam.
2219 4296 2317 4352 Re-

773 4395 952 4465 quiem
983 4396 1100 4465 ejus
1126 4395 1256 4449 dicit
1289 4406 1552 4464 supernas
1595 4391 1921 4456 mansiones,
1953 4406 2090 4460 quas
2117 4390 2169 4444 in
2196 4406 2315 4445 cer-

2409 3195 2711 3257 ἀποθανεῖν,
2743 3189 2956 3245 ἐπειδὰν
3000 3189 3066 3241 ἐκ
3099 3187 3195 3256 τῆς
3219 3189 3274 3238 ἐν
3316 3185 3491 3255 μήτρᾳ
3523 3181 3852 3253 θερμότητος
3879 3178 3951 3237 είς

2407 3286 2547 3357 ἀήθη
2576 3286 2734 3338 τόπον
2760 3281 3101 3354 προέλθοι.Ἢ
3137 3279 3228 3330 καὶ
3254 3277 3420 3338 οὕτως
3438 3291 3450 3303 ·
3495 3272 3710 3341 Ἐπειδὴ
3738 3274 3952 3324 ἐταπει-

2409 3377 2582 3446 νώθην
2612 3376 2686 3438 ώς
2715 3376 2918 3444 νήπιον.
2952 3371 3044 3424 καὶ
3069 3371 3144 3434 ὡς
3173 3367 3377 3422 παιδίον
3406 3363 3666 3434 ἐδεξάμην
3689 3361 3787 3432 τὴν
3811 3360 3951 3429 βασι-

2410 3468 2556 3521 λείαν
2601 3467 2706 3518 τῶν
2754 3463 3010 3535 οὐρανῶν,
3047 3463 3075 3514 ὁ
3126 3460 3405 3528 φυλάσσων
3450 3455 3516 3509 τὰ
3553 3456 3723 3525 νήπια
3761 3451 3953 3524 Κύριος

2410 3559 2577 3613 ἔσωσέ
2613 3575 2697 3629 με.
2731 3558 2837 3610 Καὶ
2869 3554 3065 3615 ἄλλως·
3097 3551 3232 3614 Τοὺς
3266 3548 3404 3601 κατά
3430 3547 3524 3618 τὴν
3556 3544 3774 3614 ἐντολὴν
3788 3541 3953 3612 Ἰησοῦ

2410 3652 2780 3723 νηπιάζοντας,
2801 3648 2860 3701 τὸ
2883 3645 3213 3718 στραφέντας
3244 3641 3333 3695 καὶ
3355 3640 3429 3704 ὡς
3457 3639 3636 3691 παιδία
3661 3636 3951 3706 γεγονέναι,

2412 3746 2571 3808 αὐτὸς
2597 3747 2624 3796 ὁ
2648 3742 2841 3811 Κύριος
2868 3739 3144 3808 φυλάσσει,
3170 3737 3227 3786 τὸ
3251 3735 3413 3803 μήπω
3437 3730 3623 3802 καιρὸν
3650 3729 3792 3798 ἐχειν
3813 3727 3953 3793 ἀγῶ-

2413 3854 2519 3899 νος,
2555 3833 2909 3904 ἀπειράστους
2938 3828 3133 3898 τηρῶν.
3155 3825 3286 3877 Ἀλλ’
3319 3825 3433 3894 ἐμὲ,
3460 3823 3532 3883 ὼς
3556 3818 3956 3892 ὑπεραναὸεόη-

2413 3928 2543 3980 κότα
2568 3927 2690 3986 τοὺς
2717 3922 2926 3984 παῖδας,
2965 3919 3049 3972 διὰ
3085 3916 3330 3988 μεγάλων
3353 3910 3686 3975 ταπεινώσας
3713 3908 3952 3978 ἀγώνων,

2413 4015 2841 4086 ἀκαταγώνιστον
2869 4014 3012 4083 ὅμως
3049 4010 3140 4079 ὲτή
3151 4025 3214 4079 ρη
3224 4024 3328 4060 σεν.

2496 4305 2899 4372 Ἐπίστρεψονκ
2927 4302 2965 4368 ἡ
3007 4296 3164 4367 ψυχή
3194 4313 3329 4365 μου,
3362 4294 3446 4358 εἷς
3479 4290 3590 4359 τὴν
3620 4284 3963 4342 ἀνάπαυσίν

2413 4415 2545 4453 σου.
2566 4397 2882 4450 Ἀνάπιυσιν
2916 4389 3074 4444 αὐτοῦ
3107 4389 3201 4450 τάς
3230 4386 3338 4439 ἄνω
3360 4383 3502 4450 λέγει
3526 4379 3711 4451 μονάς,
3739 4376 3804 4439 ἃς
3829 4375 3958 4428 ἀπο-

771 4489 1036 4542 tatuiuum
1070 4485 1347 4556 praemium
1393 4483 1753 4539 nanciscetur.
1789 4481 2020 4554 Requies
2049 4483 2174 4539 item
2201 4485 2314 4538 ani-

2415 4490 2637 4559 λήψεται
2671 4485 2777 4537 τῶν
2815 4480 3034 4550 ἀγώνων
3076 4479 3154 4540 εἰς
3184 4470 3882 4544 ἀντιμισθίαν.’Δνάπαυσις
3915 4463 3961 4515 δ’

775 4594 877 4634 ma:
901 4589 983 4634 cst
1013 4577 1359 4649 temperantia
1399 4592 1428 4630 a
1470 4577 1721 4646 peccatis.

852 4671 906 4734 8,
935 4672 988 4726 9.
1018 4670 1158 4735 Quia
1178 4670 1367 4740 eripuit
1389 4671 1619 4723 animam
1643 4683 1806 4722 meam
1834 4669 1896 4722 de
1917 4681 2100 4734 morte,
2123 4676 2224 4724 etc.
2247 4667 2321 4723 De

776 4775 950 4819 morte
977 4765 1203 4834 peccati,
1236 4763 1431 4834 inquit.
1468 4762 1519 4814 in
1551 4777 1713 4832 quam
1752 4770 1996 4816 metuens
2019 4777 2083 4814 ne
2115 4761 2323 4815 decide-

777 4865 879 4921 ret,
929 4855 1342 4925 collacrymandi
1390 4854 1548 4907 tinent
1581 4868 1687 4907 non
1733 4851 1983 4916 faciebat,
2030 4867 2224 4921 rogans
2267 4861 2325 4906 ut

777 4947 948 5017 ipsam
988 4945 1220 5015 effugere
1253 4947 1457 5000 liceret.
1493 4944 1851 5010 Quamobrem
1889 4942 2007 5012 eius
2052 4943 2234 5013 pedes,
2269 4943 2321 4997 id

779 5050 861 5094 est
921 5053 1142 5108 gressus
1189 5039 1402 5100 animae,
1447 5037 1586 5106 apud
1635 5034 1800 5090 Deum
1844 5035 1984 5089 tirmi
2036 5044 2321 5098 steterunt,

779 5131 927 5184 omni
974 5131 1124 5199 lapsu
1157 5129 1307 5184 liberi
1349 5138 1403 5183 et
1447 5128 1770 5197 superiores.
1819 5127 2105 5198 [legionem
2149 5137 2321 5182 autem

781 5223 1024 5275 vivorum
1080 5230 1238 5275 vocat
1280 5221 1550 5276 caelestem
1601 5218 1934 5284 Jerusalem,
1979 5220 2033 5273 in
2075 5235 2179 5290 qua
2231 5221 2323 5289 qui

782 5313 1077 5367 secundum
1134 5311 1298 5367 Deum
1362 5321 1749 5383 pugnaverunt,
1812 5320 1992 5381 utpote
2044 5310 2322 5367 fortissimi

781 5405 1037 5467 victores,
1062 5405 1282 5459 audient
1306 5404 1434 5458 illud
1463 5419 1476 5458 :
1501 5402 1663 5472 Euge,
1686 5420 1824 5458 serve
1847 5405 1971 5457 bone
1997 5414 2041 5458 et
2062 5404 2232 5473 ﬁdelis
2256 5405 2320 5456 ".

859 5631 902 5661 "
941 5627 1073 5682 Gen.
1105 5643 1182 5692 ιιι,
1228 5627 1278 5680 9.
1360 5628 1401 5658 ε’
1443 5624 1631 5680 Matth.
1665 5641 1785 5684 xxv.
1826 5624 1912 5679 ει.

859 5739 966 5808 (Η.)
1001 5737 1056 5794 in
1092 5736 1220 5809 Reg.
1251 5739 1286 5793 ‘3
1325 5739 1433 5793 hare
1469 5739 1717 5793 dicuntur
1751 5736 1957 5794 Didvmi

2419 4576 2486 4634 αὖ
2525 4578 2678 4631 πάλιν
2702 4576 2796 4644 τῆς
2825 4572 2998 4642 ψυχῆς
3031 4571 3063 4642 η
3095 4568 3199 4620 τῶν
3237 4564 3640 4636 ἁμαρτημάτων
3672 4559 3873 4628 ἀποχὴ.

2493 4672 2615 4722 Ὅτι
2642 4666 2898 4730 ἐξείλετο
2926 4661 3037 4728 τὴν
3069 4656 3274 4726 ψυχήν
3303 4671 3419 4724 μου
3457 4655 3523 4706 ἐκ
3541 4651 3829 4704 θανάτου.
3857 4649 3962 4701 ϐας

2423 4762 2579 4815 νάτου
2617 4759 2714 4828 τῆς
2749 4753 3013 4827 ἁμαρτίας
3052 4749 3234 4820 φησίν⁸
3276 4747 3333 4801 ὃν
3376 4747 3467 4798 καὶ
3497 4742 3742 4806 δεδοικὼς
3777 4744 3962 4814 μήπως

2425 4851 2532 4926 ἆρα
2558 4854 2634 4916 εἰς
2679 4849 2837 4903 αὑτὸν
2867 4843 3188 4915 κατηνέχθη,
3215 4842 3274 4894 οὐ
3307 4839 3536 4892 διέλειπε
3565 4836 3836 4906 δακρύων,
3868 4833 3963 4903 τὴν

2426 4947 2482 5010 ἐξ
2509 4942 2668 4999 αὑτοῦ
2713 4939 2883 5010 φυγὴν
2919 4936 3101 4999 αἰτῶν,
3130 4930 3188 4987 οὗ
3215 4932 3278 5004 δὴ
3318 4932 3473 5002 χάριν
3505 4930 3594 4982 καὶ
3617 4929 3665 4980 οἱ
3695 4927 3846 4989 πόδες
3874 4925 3962 4978 αὑ-

2424 5037 2536 5099 τοῦ,
2569 5032 2808 5087 τουτέστι
2853 5028 2918 5082 τὰ
2948 5027 3250 5096 διαδήματα
3278 5024 3375 5094 τῆς
3406 5022 3601 5092 ψυχῆς,
3625 5021 3682 5071 ἐν
3726 5021 3793 5089 τῇ
3828 5015 3965 5070 κατά

2426 5128 2555 5181 Θεὸν
2603 5127 2829 5195 ἔστησαν
2876 5121 3077 5184 στάσει,
3114 5117 3307 5180 παντὸς
3333 5115 3540 5168 ὀλίσθου
3571 5113 3844 5184 κρείττους
3877 5128 3965 5179 γε-

2427 5222 2655 5290 νόμενοι.
2688 5215 2880 5286 Χώραν
2923 5213 2978 5266 δέ
3009 5210 3218 5276 ζώντων
3243 5208 3336 5279 τὴν
3367 5207 3680 5276 ἐπουράνιόν
3706 5221 3833 5273 φησι
3871 5203 3963 5255 Ἰε-

2431 5308 2724 5382 ρουσαλὴμ,
2756 5307 2811 5357 ἐν
2905 5304 2952 5355 οἱ
2986 5302 3123 5355 κατά
3155 5299 3285 5352 Θεὸν
3311 5298 3702 5367 ἀγωνισάμενοι
3740 5294 3814 5358 ὡς
3853 5294 3966 5362 ἀρι-

2433 5418 2543 5454 στοι
2576 5397 2849 5467 νικηφόροι
2878 5392 3191 5447 ἀκούσονται
3218 5390 3295 5455 τὸ,
3323 5386 3432 5453 Εὖ,
3466 5388 3646 5442 δοῦλε
3669 5386 3847 5457 ἀγαθὲ
3872 5382 3963 5438 καὶ

2433 5491 2621 5549 πιστέ.

2494 5740 2510 5758 ⁹
2545 5735 2625 5788 An
2661 5729 3062 5804 ἐπεστράφθαιῖ
3086 5728 3236 5784 Ευιτ.
