4076 6308
138 362 237 417 473

213 556 588 626 Ἐπίστευσα,
629 564 718 618 διὸ
761 564 1053 634 ἐλάλησα.
1095 569 1373 640 Εἰρηκώς·
1411 571 1686 625 Ἐπίστευ-

135 668 220 715 σα,
250 651 331 705 διὸ
363 652 616 724 ἐλάλησα,
652 655 726 718 ὠς
760 657 1122 729 εύαρεστήσας
1143 659 1218 728 τῷ
1250 662 1457 732 Κυρίῳ,
1488 662 1545 714 ἐν
1570 666 1686 726 ταῖς

131 740 240 794 ἄνω
270 744 704 814 παραγενόμενος
730 750 933 816 μοναῖς,
962 750 1122 820 φησίν
1144 767 1156 780 ·
1184 751 1258 814 ὠς
1285 753 1383 805 ούκ
1406 753 1470 806 ἂν
1503 753 1686 806 τοῦτον

134 832 434 905 προσέφερε
468 835 556 887 τὸν
583 836 754 905 λόγον,
787 841 836 891 εί
885 840 1281 913 μὴ’θαρῤήσας
1325 839 1393 914 ἦν
1430 847 1548 908 ταῖς
1592 845 1686 898 τοῦ

133 919 264 973 Θεοῦ
301 923 672 991 ἐπαγγελίαις·
704 928 760 979 αἱ
788 927 842 980 δὲ
867 924 1004 999 ἦσαν
1033 929 1210 993 ἐλέους
1243 932 1532 1001 γέμουσαι·
1563 937 1689 986 Μαη

133 1010 319 1080 χάρισι
352 1017 404 1067 οἱ
441 1017 748 1084 κλαίοντες
767 1019 898 1083 νῦν,
930 1019 1016 1072 ὅτι
1036 1021 1202 1075 αὐτοὶ
1223 1023 1604 1091 χαρήσονται.
1625 1027 1688 1078 Et

131 1104 184 1155 δὲ
215 1103 442 1174 πλήρεις
472 1102 607 1178 ἦσαν
635 1110 684 1160 οἱ
732 1109 994 1180 ὀφθαλμοὶ
1021 1112 1287 1184 δακρύων,
1325 1114 1558 1184 δηλονότι
1590 1117 1689 1186 τὴν

133 1194 446 1262 ἀγαλλίασιν
477 1200 531 1250 ἐν
559 1200 792 1264 ἐκείναις
816 1202 1179 1272 ἀπολήψονται
1209 1208 1326 1268 ταῖς
1358 1210 1560 1275 μοναῖς.
1580 1207 1687 1278 Τὴν

131 1286 180 1338 δὲ
239 1286 384 1352 λέξιν
427 1289 626 1361 ταύτην
684 1293 977 1364 προσφέρει
1019 1295 1318 1366 Κορινθίοις
1377 1299 1404 1350 ὁ
1459 1297 1684 1363 Παῦλος,

135 1377 429 1445 Ἔχοντες,
460 1381 645 1447 εἰπὼν,
685 1383 751 1436 τὸ
799 1385 943 1438 αὐτὸ
997 1385 1230 1456 πνεῦμα
1273 1387 1380 1455 τῆς
1411 1391 1683 1455 πίστεως,

131 1469 276 1522 κατὰ
317 1471 405 1534 τὸ,
433 1473 804 1538 Ἐπίστευσα,
839 1476 928 1529 διὸ
979 1477 1274 1545 ἐλάλησα.
1308 1478 1531 1546 Καρδίᾳ
1576 1480 1685 1549 γὰρ

131 1563 465 1614 πιστεύεται
505 1566 590 1628 εὶς
635 1565 1056 1636 δικαιοσύνην·
1086 1569 1333 1638 στόματι
1370 1570 1437 1622 δὲ
1476 1573 1688 1638 ὁμολο-

131 1651 308 1719 γεῖται
355 1658 440 1722 εις
480 1659 802 1725 σωτηρίαν·
845 1658 940 1712 καὶ
977 1659 1145 1728 ἡμεῖς
1187 1663 1565 1731 πιστεύομεν,
1595 1662 1684 1716 διὸ

131 1745 219 1797 καὶ
271 1747 590 1815 λαλοῦμεν.
638 1748 860 1819 Πνεῦμα
912 1750 1141 1814 πίστεως
1189 1749 1381 1818 λέγων,
1426 1751 1542 1820 ἦτοι
1588 1749 1685 1821 τήν

1266 363 1631 422 EXPOSITIO
1676 364 1739 419 ΙΝ
1781 364 2104 422 PSALMUM
2143 365 2296 424 CXV.

470 473 773 527 ΨΑΛΜΟΣ
810 474 1350 545 P1‘E'.'A.t.tn.lodta.
1708 487 1753 544 Α

3233 368 3340 426 ιη

2159 479 2502 536 PSALMUS
2541 479 2633 535 XC
2652 481 2710 536 γ.
2735 482 2983 536 Alleluia.

1858 568 1940 623 10.
1983 569 2195 624 Credidi
2222 578 2429 638 propter
2460 569 2595 638 quod
2625 568 2828 622 locutus
2866 584 3002 623 sunt.
3043 565 3335 638 Postquam

1783 662 1918 716 dixit
1964 660 2226 714 :Credidi
2284 673 2500 730 propter
2549 660 2693 731 quod
2750 661 2960 714 locutus
3008 675 3150 724 sum,
3204 675 3337 714 cum

1787 751 2013 805 Domino
2051 751 2357 820 placuisset,
2403 753 2458 806 in
2493 752 2742 821 supernis
2784 751 3157 806 mansionibus
3202 766 3336 805 con-

1785 847 2024 907 stitutus,
2048 844 2122 896 ait
2157 862 2167 896 :
2206 859 2262 896 se
2298 859 2571 914 nunquam
2616 843 2799 898 istlnec
2841 844 3176 911 prolaturum
3207 840 3336 896 fuis-

1785 952 1875 999 se,
1937 935 2038 988 nisi
2103 933 2195 989 Dei
2253 935 2705 1004 promissionibus
2767 935 3122 998 conﬁdisset;
3180 942 3337 988 erant

1785 1038 1960 1083 autem
2000 1029 2102 1083 illa:
2149 1028 2525 1084 misericordia
2569 1028 2759 1097 plenae,
2793 1028 3017 1091 scilicet,
3051 1027 3202 1081 Beati
3244 1026 3334 1096 qui

1785 1137 1919 1174 nunc
1952 1122 2072 1189 ﬂent
2102 1122 2344 1190 quoniam
2371 1122 2471 1189 ipsi
2503 1119 2794 1189 gaudebunt
2827 1121 2892 1174 '°.
2929 1118 3083 1184 Quod
3105 1119 3151 1173 si
3191 1118 3335 1172 oculi

1785 1212 2036 1283 Iacrymis
2059 1210 2208 1266 fuere
2241 1211 2404 1281 pleni,
2429 1211 2681 1282 gaudium
2706 1226 2836 1265 sane
2866 1211 2919 1264 in
2952 1210 3057 1264 illis
3101 1209 3336 1264 mansio-

1785 1305 1944 1358 nibus
1972 1304 2270 1374 percepturi
2302 1313 2446 1358 sunt.
2479 1303 2592 1358 Hoc
2614 1319 2773 1374 porro
2799 1303 3005 1357 dictum
3035 1300 3334 1357 Corinthiis

1789 1392 1990 1461 profert
2010 1392 2253 1448 Paulus:
2305 1392 2604 1454 Habentes,
2658 1392 2754 1453 ait,
2804 1390 3038 1445 eumdem
3088 1390 3334 1458 spiritum

1784 1484 1928 1552 fidei,
1989 1485 2268 1538 secundum
2307 1484 2440 1537 illud
2469 1500 2486 1537 :
2524 1481 2758 1546 Credidi,
2786 1491 2992 1551 propter
3027 1481 3165 1550 quod
3189 1480 3338 1532 locu-

1786 1586 1866 1629 tus
1893 1592 2026 1628 sum.
2052 1574 2218 1630 Corde
2233 1577 2365 1629 enim
2394 1575 2625 1628 creditur
2651 1575 2718 1627 ad
2740 1574 3006 1643 justitiam
3025 1589 3041 1626 :
3060 1589 3144 1626 ore
3163 1581 3336 1624 autem

1783 1668 2033 1735 confessio
2072 1667 2128 1734 ﬁt
2174 1668 2242 1719 ad
2275 1667 2541 1731 salutem;
2571 1677 2618 1720 et
2663 1683 2755 1718 nos
2809 1666 3088 1727 credimus,
3125 1673 3337 1732 propter

1784 1759 1919 1828 quod
1947 1767 1995 1812 et
2018 1758 2276 1828 loquimur
2301 1759 2364 1812 ³¹.
2384 1758 2520 1812 Cum
2549 1769 2726 1812 autem
2750 1756 3000 1826 spiritum
3025 1755 3148 1808 ﬁdei
3179 1753 3330 1819 dicit,

131 1834 235 1899 ἕξιν
269 1838 371 1908 τὴν
400 1840 491 1892 ἀπ’
515 1842 682 1912 αὐτῆς
713 1844 1084 1914 ἐγγινομένην,
1119 1844 1233 1915 iij
1257 1844 1682 1916 ἐπιχορηγούμε-

1788 1855 1876 1899 aut
1902 1847 2139 1916 ejusdem
2180 1847 2302 1901 tidei
2341 1846 2582 1901 habitum
2620 1845 2890 1916 intelligit,
2943 1852 3038 1898 aut
3080 1842 3334 1913 spiritum

131 1943 213 1978 νον
243 1930 308 1981 ἐκ
342 1931 474 1984 Θεοῦ
499 1932 576 2002 τῷ
605 1933 784 1986 πίστιν
807 1934 978 2004 ἔχοντι
1004 1935 1236 2005 πνεῦμα.
1261 1937 1475 2008 Συνᾲδει
1503 1937 1558 1990 δὲ
1581 1937 1678 2006 τῷο

143 2014 515 2084 Ἐπίστευσα,
543 2020 631 2072 διὸ
658 2022 950 2089 ἐλάλησα,
970 2024 1204 2078 τοιοῦτον
1223 2025 1314 2078 καὶ
1337 2025 1412 2077 τό·
1449 2024 1680 2094 manu)

132 2109 508 2176 πιστεύσητε,
538 2109 662 2164 οὐδ’
689 2112 759 2165 οὐ
795 2111 880 2179 μὴ
916 2111 1168 2181 συνῆτε.
1199 2114 1418 2185 Πρῶτον
1445 2113 1682 2168 πιστεύει

131 2215 226 2264 τις,
269 2194 390 2252 εἶτα
419 2205 608 2267 συνιεϊ,
631 2205 722 2256 καὶ
750 2204 884 2274 μετὰ
905 2204 1072 2257 ταῦτα
1098 2205 1399 2258 λαλεῖ.“οτε
1425 2206 1501 2270 δὲ,
1529 2205 1683 2276 φησὶ,

133 2289 422 2354 πιστεύσας
444 2291 678 2363 ἐλάλησα
701 2294 929 2364 μεγάλα,
958 2296 1077 2348 τότε
1116 2296 1276 2367 μηδὲν
1309 2297 1540 2366 ἐμαυτὸν
1564 2295 1685 2349 ἰδὼν

129 2379 523 2451 ἐταπεινώθην
548 2387 798 2454 σφόδρα.
837 2386 1084 2439 Τοιοῦτον
1111 2388 1171 2439 τὸ
1200 2388 1289 2440 τοῦ
1329 2374 1569 2442 Ἰωάννου
1598 2404 1687 2439 πε-

132 2472 180 2539 ρὶ
202 2473 297 2524 τοῦ
331 2474 503 2543 Ἰησοῦ
523 2493 534 2504 ·
568 2477 822 2529 Ἐκεῖνον
851 2477 938 2531 δεῖ
968 2479 1269 2542 αὐξάνειν,
1299 2478 1401 2547 ἐμὲ
1425 2478 1491 2531 δὲ
1515 2480 1685 2532 ἐλατ-

130 2563 729 2621 τοῦσθαι.Ἡλαττοῦτο
774 2569 900 2640 γὰρ,
948 2570 1045 2623 οὐκ
1089 2569 1372 2622 ἀποϐαλών
1417 2587 1467 2622 τι
1514 2565 1680 2640 οὗπερ

129 2648 234 2723 εἶχε
273 2654 531 2725 μεγέθους
555 2677 566 2687 ·
596 2659 1014 2732 ἀντιπαραθέσει
1046 2661 1101 2713 δὲ
1128 2663 1225 2732 τῆς
1258 2660 1377 2714 καθ’
1417 2661 1684 2732 ὑπεροχὴν

130 2744 362 2812 Χριστοῦ
385 2746 720 2812 διδασκαλίας
744 2751 835 2801 καὶ
862 2751 1147 2813 πολιτείας.
1167 2750 1322 2803 υῦτω
1343 2750 1434 2803 νῦν
1456 2751 1534 2812 τὸ,
1559 2751 1686 2802 ἑτα-

130 2835 440 2902 πεινώθην,
475 2837 535 2888 οὐ
570 2839 708 2890 κατὰ
739 2838 903 2907 ὕψους
948 2839 1231 2909 ἀφαίρεσιν
1281 2835 1451 2903 εἶπεν,
1482 2839 1593 2892 ἀλλ’
1620 2841 1682 2892 ἐκ

130 2926 220 2995 τῆς
253 2926 495 2995 μείζονος
525 2927 557 2996 ἢ
583 2928 700 2980 καθ’
729 2929 914 2982 ἐαυτὸν
945 2930 1192 3001 θεωρίας.

129 3017 417 3084 quamdam
485 3021 814 3078 celsitudinis
863 3040 974 3079 suae
1015 3023 1396 3079 detractionem
1460 3024 1724 3095 intelligit,

133 3118 292 3161 llUﬂC.

1783 1953 1846 1990 ex
1873 1936 1982 1992 Deo
2007 1939 2053 1992 ei
2085 1940 2175 2007 qui
2227 1937 2382 1991 tidem
2412 1938 2590 2003 habet,
2628 1939 2834 1992 datum.
2871 1934 3118 1991 Concinit
3157 1942 3336 1988 autem

1785 2029 1914 2084 ltuic
1936 2029 2076 2084 dicto
2109 2048 2122 2084 :
2157 2029 2367 2083 Credidi
2398 2040 2605 2098 propter
2633 2031 2768 2098 quod
2801 2030 3006 2082 locutus
3042 2043 3178 2090 sum,
3204 2021 3336 2078 illud

1785 2131 1996 2184 quoque
2017 2117 2216 2171 dictum
2251 2137 2262 2170 :
2303 2115 2424 2172 Nisi
2453 2118 2797 2180 credideritis,
2821 2133 2922 2170 non
2946 2115 3245 2186 intelligetis
3268 2114 3335 2165 ".

1785 2205 2021 2262 Primum
2051 2208 2174 2278 quis
2209 2209 2395 2274 credit,
2424 2221 2607 2279 postea
2644 2209 2910 2278 intelligit,
2940 2223 3003 2262 ac
3035 2207 3227 2262 deinde
3258 2205 3340 2260 lo-

1786 2299 1988 2367 quitur.
2051 2299 2185 2354 Cum
2248 2309 2451 2365 autem,
2504 2302 2699 2371 inquit,
2760 2311 3048 2370 postquam
3107 2296 3336 2360 credidi,

1789 2403 1982 2457 magna
2013 2389 2225 2444 locutus
2252 2406 2392 2455 sum,
2428 2400 2554 2446 tunc
2597 2392 2782 2445 videns
2817 2406 2902 2445 me
2942 2390 3073 2444 nihil
3101 2388 3342 2444 esserhu-

1786 2479 2024 2532 miliatus
2071 2496 2186 2533 sum
2232 2483 2407 2534 nimis.
2462 2483 2648 2536 Simile
2699 2490 2781 2536 est
2818 2481 2955 2535 illud
2999 2478 3223 2535 Joannis
3274 2479 3340 2530 de

1785 2567 1909 2624 Jesu
1959 2571 2228 2640 loquentis
2270 2591 2282 2626 :
2329 2572 2490 2627 Illum
2534 2582 2731 2640 oportet
2771 2588 3014 2634 crescere,
3061 2586 3139 2623 me
3169 2579 3341 2621 autem

1786 2660 1970 2713 minui.
2008 2662 2050 2691 ³³
2085 2661 2422 2718 Minuebatur
2461 2666 2602 2717 enim
2651 2680 2755 2716 non
2802 2662 2942 2732 quod
2967 2661 3045 2715 vel
3071 2659 3338 2714 tantillum

1787 2752 2170 2818 magnitudinis
2201 2771 2311 2809 sua:
2351 2757 2615 2809 amitteret
2649 2773 2662 2820 ;
2699 2755 2793 2809 sed
2832 2757 2886 2808 in
2927 2751 3342 2822 comparatione

1785 2843 2250 2900 excellentissima.-
2273 2846 2474 2900 Christi
2507 2845 2770 2900 doctrinze
2791 2861 2854 2899 ac
2886 2842 3337 2899 conversationis.

1786 2931 1860 2987 Ita
1881 2951 2097 3005 quoque
2114 2955 2256 2993 nunc
2275 2939 2741 3005 illud,ltuntiliatus
2760 2955 2894 3002 sum,
2915 2953 3020 2991 non
3041 2935 3338 2992 secundum

1786 3029 1878 3082 sed
1927 3045 1991 3084 ex
2035 3031 2225 3101 majori
2265 3049 2426 3102 quam
2473 3049 2571 3103 pro
2633 3034 2886 3089 facultate
2929 3033 3047 3104 ejus
3098 3030 3346 3101 specula-

206 3197 354 3269 Ἐγὼ
389 3198 455 3253 δὲ
479 3197 615 3256 εἶπα
639 3201 706 3256 ἐν
738 3202 810 3272 τῇ
839 3204 1119 3258 ἐκστάσει
1145 3223 1263 3274 μου
1286 3222 1299 3236 ·
1328 3204 1448 3271 Πᾶς
1476 3205 1688 3273 ἄνθρωο

1857 3204 1942 3257 11.
1985 3202 2096 3274 Ego
2137 3203 2247 3257 dixi
2277 3205 2328 3256 in
2371 3219 2582 3257 excessu
2623 3220 2732 3257 meo
2759 3220 2776 3257 :
2805 3203 2986 3259 Omnis
3016 3203 3166 3258 homo
3197 3219 3340 3256 men-

132 3304 238 3354 πος
281 3292 575 3361 ⁴ψεύστης.
610 3293 921 3364 Γενόμενος,
971 3296 1152 3366 φησιν,
1201 3296 1339 3366 ὑπὲρ
1385 3295 1684 3366 ἄνθρωπον,

133 3382 306 3436 πάντα
329 3390 399 3436 τὰ
421 3384 731 3456 ἀνθρώπινα
753 3385 1087 3457 ἐξηυτέλισα.
1105 3386 1167 3438 Ἢ
1192 3388 1299 3458 γὰρ
1323 3386 1569 3451 ἔκστασις
1592 3387 1688 3456 τὴν

129 3471 412 3527 ἀλλοίωσιν
441 3476 709 3545 σημαίνει.
735 3478 1004 3552 Είρηκὼς,
1035 3480 1218 3548 φησὶν,
1245 3478 1320 3542 ὡς
1351 3477 1687 3546 Εὐαρεστή-

132 3580 214 3616 σω
243 3564 292 3616 Κ
302 3567 460 3633 ιιρίῳ,
493 3563 607 3620 εἶτα
648 3567 821 3631 εἰδὼς,
860 3568 933 3631 ὡς
967 3570 1072 3630 πᾶς
1104 3568 1385 3637 ἄνθρωπος
1413 3568 1646 3638 ψεύστης
1671 3585 1684 3597 ’

133 3655 380 3725 λογισμοὶ
426 3655 531 3727 γὰρ
573 3658 865 3730 ἀνθρώπων
914 3659 1102 3711 δόλιοι·
1136 3659 1325 3712 τούτου
1368 3661 1525 3731 χάριν
1569 3662 1690 3713 ἐτα-

135 3745 349 3798 πείνουν
396 3747 584 3802 ἑαυτὸν
627 3752 720 3802 καὶ
773 3749 1222 3822 ἐσκληραγώγουν
1271 3755 1387 3814 ταῖς
1446 3768 1689 3806 κακοπα-

132 3832 320 3900 Θείαις,
364 3838 555 3907 μήπως
580 3839 675 3908 τῆς
698 3839 946 3910 τοιαύτης
973 3841 1187 3892 ἐκπὲσω
1223 3842 1479 3903 στάσεως.

204 3929 405 3997 Τιᾷιιος
441 3930 714 3982 ἐναντιον
755 3929 973 3999 Κυρίου
1009 3936 1040 3986 ό
1082 3932 1330 3998 θάνατος
1370 3930 1486 3985 τῶν
1510 3934 1693 3986 ὁσίων

131 4019 540 4090 αὑτοῦ.”Αλλη,
580 4024 759 4092 φησὶν,
800 4024 898 4076 οὐκ
938 4024 1086 4076 ἐσται
1126 4027 1254 4094 ἡμῖν
1288 4024 1485 4096 ἀμοιϐὴ
1515 4019 1588 4077 ὧν
1620 4029 1694 4078 εί-

132 4110 386 4181 λήφαμεν
418 4111 565 4183 παρὰ
595 4113 747 4177 Θεοῦ,
777 4115 809 4185 ἢ
852 4115 989 4185 ὑπὲρ
1013 4114 1172 4167 αὑτοῦ
1200 4117 1482 4187 ὑπομεῖναι
1523 4116 1691 4169 Briva-

132 4219 236 4266 τον,
268 4205 364 4256 καὶ
394 4205 562 4278 ταύτῃ
595 4206 869 4275 μιμεῖσθαι
903 4207 991 4258 τὸν
1034 4206 1236 4260 ἑαυτῶν
1266 4208 1555 4279 Δεσπότην.
1589 4204 1692 4262 05-

129 4311 214 4358 τος
261 4296 320 4349 δὲ
371 4296 431 4367 δὴ
479 4298 505 4348 ὁ
545 4297 769 4360 θάνατος
810 4296 1039 4350 καὶτῶν
1075 4298 1278 4371 σφόδρα
1320 4300 1512 4369 τιμίαν
1543 4300 1692 4354 ἔσται

132 4387 280 4455 παρὰ
311 4385 450 4456 Θεῷ.

197 4471 266 4530 Ὦ
300 4476 500 4544 Κύριε,
542 4477 655 4545 ἐγὼ
694 4477 911 4545 δοῦλος
942 4480 1052 4544 σὸς
1077 4479 1176 4533 καὶ
1213 4481 1338 4547 υίὸς
1367 4481 1476 4551 τῆς
1500 4482 1692 4536 παιδί-

1785 3295 1908 3349 dux.
1936 3294 2106 3366 Supra
2131 3296 2401 3350 hominem
2427 3296 2670 3358 eﬂ'ectus,
2689 3295 2882 3365 inquit,
2905 3296 3084 3350 omnia
3108 3296 3342 3350 humana

1787 3371 1911 3442 vilia
1957 3397 2009 3442 et
2053 3387 2260 3455 abjecta
2292 3401 2412 3440 esse
2438 3387 2588 3440 duxi.
2619 3385 2750 3438 Nam
2796 3401 3050 3440 excessus
3090 3386 3343 3440 immuta-

1790 3481 1985 3533 tionem
2018 3477 2301 3548 signilicat.
2334 3475 2620 3547 Postquam
2655 3476 2918 3542 dixeram,
2964 3476 3136 3546 inquit
3169 3494 3183 3532 :
3217 3475 3344 3529 Pla-

1788 3572 1906 3623 cebo
1941 3569 2181 3635 Domino,
2213 3569 2405 3623 deinde
2433 3568 2620 3622 videns
2653 3583 2867 3622 omnem
2895 3568 3164 3622 hominem
3195 3583 3344 3623 men-

1788 3660 1975 3715 dacem
2019 3676 2136 3716 esse
2181 3677 2194 3714 :
2239 3675 2360 3712 nam
2409 3659 2763 3728 cogitationes
2814 3658 3092 3712 hominum
3146 3659 3346 3714 dolosa:

1790 3764 1953 3816 sunt;
1986 3752 2103 3805 ideo
2131 3751 2504 3819 mcmetipsum
2553 3749 2927 3816 ltumiliabam,
2961 3760 3013 3804 et
3047 3765 3132 3804 me
3169 3764 3345 3804 mace-

1789 3843 2088 3898 rationibus
2117 3840 2436 3911 allligcltam,
2473 3856 2536 3894 ne
2572 3841 2640 3894 ab
2666 3841 2755 3893 illo
2781 3848 2922 3894 statu
2951 3840 3235 3893 dilabercr.

1863 3931 1946 3984 15.
1991 3930 2230 3984 Pretiosa
2255 3934 2305 3983 in
2338 3941 2609 3999 conspectu
2637 3929 2847 3983 Domini
2871 3946 3009 3984 ntors
3045 3940 3345 3986 sanctorum

1789 4023 1920 4092 ejus.
1949 4021 2088 4088 Alia,
2117 4022 2309 4090 inquit,
2346 4021 2648 4085 retributio,
2680 4021 2832 4075 nobis
2863 4037 2966 4075 non
3000 4022 3102 4074 erit
3124 4036 3224 4090 pro
3248 4022 3344 4077 bo-

1792 4115 1877 4168 nis
1921 4130 2039 4184 quae
2087 4114 2393 4182 accepimus
2426 4129 2456 4166 a
2484 4113 2612 4176 Deo,
2645 4114 2746 4168 nisi
2777 4114 2920 4182 quod
2953 4129 3048 4182 pro
3082 4113 3171 4167 illo
3202 4129 3345 4168 mor»

1791 4215 1895 4260 tem
1923 4207 2308 4269 sustineamus,
2339 4213 2499 4274 atque
2532 4205 2602 4257 ita
2634 4203 2919 4257 Dominum
2947 4213 3190 4258 nostrum
3224 4206 3346 4258 imi-

1792 4308 1986 4352 temur.
2014 4295 2138 4350 Hacc
2188 4306 2364 4350 autem
2414 4311 2558 4350 mors
2605 4295 2754 4351 valde
2798 4296 3035 4366 pretiosa
3074 4297 3177 4352 erit
3203 4298 3343 4368 apud

1794 4386 1981 4442 Deum.

1827 4479 1830 4482 ’
1867 4480 1949 4534 16.
1994 4479 2038 4535 0
2061 4479 2294 4540 Domine,
2311 4494 2401 4548 ego
2423 4494 2596 4532 servus
2622 4487 2739 4530 tuus
2762 4487 2809 4530 et
2829 4477 2971 4545 ﬁlius
2989 4477 3196 4532 ancilla:
3218 4489 3341 4534 tua.

133 4581 285 4634 σκης
319 4580 458 4620 σου.
494 4567 715 4639 eappr
761 4568 941 4621 δοῦλον
988 4570 1174 4624 ἑαυτὸν
1225 4568 1359 4624 εἶναί
1393 4591 1520 4643 φησι
1557 4575 1688 4628 κατὰ

1796 4573 1927 4628 Cum
1972 4573 2164 4626 ﬁducia
2214 4584 2332 4626 sese
2365 4584 2577 4625 servum
2611 4568 2758 4634 dicit,
2791 4569 3083 4622 secundum
3117 4569 3344 4637 Aposto-

133 4660 219 4711 τὸν
250 4658 552 4713 ἀπόστολον
574 4675 586 4688 ο
617 4660 902 4729 παιδίσκης
929 4661 986 4714 δὲ
1007 4662 1137 4736 υἱὸν,
1170 4663 1266 4734 τῆς
1290 4665 1552 4735 προτέρας
1579 4668 1692 4718 εἰσ-

133 4752 357 4821 αγωγῆς
391 4751 490 4820 τῆς
516 4749 602 4802 διὰ
628 4752 792 4821 νόμου
821 4754 1004 4822 φησίν.

195 4840 524 4911 Διέῤῥηξας
571 4842 711 4908 τοὺς
759 4842 1016 4912 δεσμούς
1055 4862 1194 4914 μου.
1223 4845 1328 4898 Καὶ
1369 4848 1511 4910 τίνες
1536 4849 1582 4900 oi
1613 4848 1696 4901 δε-

137 4934 261 5001 σμοὶ
287 4934 322 5003 ἢ
350 4935 402 4985 οἱ
431 4931 530 5002 τῆς
557 4934 844 5004 ἁμαρτίας,
872 4935 1011 4988 κατὰ
1035 4935 1096 4988 τὸ
1123 4937 1404 5008 εἰρημένον
1425 4955 1436 4967 ·
1469 4939 1694 5007 Σειραῖς

137 5023 242 5092 τὰρ
309 5024 531 5077 ἑαυτοῦ
573 5024 864 5094 αμαρτιῶν
910 5025 1162 5093 ἕκαστος
1201 5029 1539 5098 σφίγγεται;
1594 5031 1694 5085 Σοὶ

136 5117 299 5168 υύσω
329 5115 552 5168 θυσίαν
577 5113 975 5180 αἰνέσεως-,Ὡς
1023 5118 1079 5170 ἐν
1125 5123 1368 5190 προκοπῇ
1413 5121 1693 5192 γενόμενος

136 5207 230 5270 τὰς
273 5206 381 5277 μὲν
420 5205 487 5257 δι’
521 5207 761 5276 αἱμάτων
809 5213 1162 5278 παραιτεῖται,
1194 5211 1289 5274 τὰς
1336 5212 1392 5264 δὲ
1443 5214 1694 5276 αἰνέσεως

136 5298 410 5349 ἐπιτελεῖν
435 5296 861 5366 ἐπαγγέλλεται..

209 5390 324 5454 Τὰς
351 5386 539 5457 εὐχάς
574 5406 692 5457 μου
730 5390 811 5456 τῷ
841 5390 1031 5460 Κυρίῳ
1055 5392 1358 5447 ἀποδώσω.
1386 5395 1560 5465 Εύχὰς
1599 5397 1694 5458 τὰς

140 5480 474 5548 ἐπαγγελίας
505 5481 656 5550 φησί.
684 5482 749 5534 Τί
778 5482 834 5534 δὲ
863 5485 1238 5553 ἐπηγγείλατο,
1272 5487 1328 5554 ἦ,
1355 5485 1414 5537 τὸ
1443 5487 1692 5557 ποτήριον

141 5570 230 5624 τοῦ
255 5571 462 5642 Κυρίου
494 5571 694 5638 λαϐὼν,
725 5572 1092 5628 ἐπικαλεῖσθαι
1122 5575 1282 5629 αὑτοῦ
1307 5577 1366 5629 τὸ
1394 5575 1592 5647 avolsa;
1629 5578 1690 5629 Ὃ

217 5746 262 5778 ³⁸
288 5745 476 5802 Matth.
507 5765 558 5812 ν,
586 5749 635 5802 5.
716 5749 755 5780 ⁸¹
783 5747 825 5802 ll
851 5749 972 5805 Cor.
1009 5766 1080 5817 tv,
1121 5749 1205 5820 l5;
1239 5749 1390 5806 Rom.
1430 5766 1481 5815 κ,
1521 5749 1600 5806 10.
1646 5751 1686 5783 ³³

1788 5765 1826 5808 t.
1856 5765 1950 5814 vn,
1973 5749 2025 5807 9.
2097 5749 2140 5782 ³³
2177 5747 2330 5804 Joan.
2360 5764 2441 5818 nt,
2473 5749 2524 5803 ’.5.

1798 4664 1904 4717 lum
1937 4679 1948 4714 :
1984 4661 2192 4715 ancilla:
2231 4667 2407 4714 autem
2434 4658 2627 4723 lilium,
2656 4657 2881 4727 loquens
2911 4655 2978 4713 de
3023 4657 3201 4728 priore
3243 4657 3346 4712 ini-

1798 4750 2015 4805 tiatione
2042 4764 2136 4819 per
2166 4748 2336 4818 legem
2366 4749 2524 4802 facta.

1869 4842 1954 4896 17.
1997 4841 2256 4909 Dirupisti
2305 4839 2510 4893 vincula
2555 4854 2688 4892 mea.
2721 4837 2787 4891 Et
2822 4853 2942 4907 qua:
2973 4837 3205 4901 vincula,
3239 4837 3342 4893 nisi

1797 4933 2019 5002 peccati,
2047 4931 2200 5000 juxta
2225 4931 2425 4985 dictum
2459 4931 2629 4984 illud:
2674 4927 2903 4982 Vinculis
2943 4930 3078 4983 enim
3109 4939 3342 4997 peccato-

1799 5041 1914 5078 rum
1940 5040 2152 5077 suorum
2178 5024 2523 5092 unusquisque
2546 5023 2915 5092 constringitur
2933 5021 3000 5073 "?
3029 5020 3141 5074 Tibi
3179 5024 3344 5075 sacri-

1795 5117 1960 5185 ﬁcabo
2011 5115 2234 5169 hostiam
2273 5113 2464 5166 laudis.
2504 5112 2667 5178 Quasi
2700 5113 2752 5164 in
2785 5110 3024 5181 profectu
3056 5121 3108 5165 et
3144 5112 3348 5180 majore

1794 5207 2136 5277 perfectione,
2167 5205 2428 5261 sacrilicia
2459 5220 2552 5273 per
2576 5205 2890 5273 sanguinem
2914 5213 3144 5270 recusat,
3178 5203 3345 5258 sacri-

1796 5299 1914 5353 licia
1951 5312 2079 5352 vero
2111 5297 2282 5352 laudis
2314 5297 2614 5351 oblaturum
2644 5312 2701 5350 se
2725 5295 3008 5364 promittit.

1866 5389 1951 5442 l7.
2005 5389 2132 5442 Vota
2165 5406 2278 5442 mea
2303 5389 2524 5443 Domino
2559 5389 2792 5443 reddam.
2830 5387 2984 5454 Vota,
3013 5388 3063 5440 id
3103 5395 3185 5442 cst
3218 5401 3343 5456 pro-

1798 5481 2101 5537 missiones.
2127 5480 2266 5546 Quid
2308 5490 2483 5535 autem
2514 5481 2779 5551 promisit,
2816 5480 2919 5534 nisi
2950 5481 3091 5550 quod
3125 5487 3344 5548 accepto

1798 5574 1962 5631 calice
1989 5572 2218 5640 Domini,
2245 5574 2588 5630 invocaturus
2614 5582 2757 5629 esset
2781 5587 2976 5626 nomen
3009 5572 3157 5642 ejus?
3186 5569 3339 5639 Quod

2605 5748 2645 5780 ”
2686 5745 2838 5802 Prov.
2873 5762 2925 5808 v,
2966 5745 3052 5799 32.
