4076 6308
714 358 814 413 675

1589 349 1648 404 S.
1685 347 2055 404 ATllANASll
2093 347 2242 404 OPP.
2286 347 2462 402 PARS
2501 346 2585 401 Ill.
2626 378 2696 387 —
2731 344 3133 402 EXEGETICA.

3827 353 3927 407 ιτε

713 479 929 537 tactam,
964 469 1154 539 inquit,
1189 484 1312 524 cum
1361 468 1412 522 in
1447 467 1641 522 divinis
1667 470 1806 522 aulis
1833 484 1957 535 ero;
1992 470 2040 523 id
2073 477 2154 524 est
2210 469 2261 522 in
2293 476 2312 530 Λ

2386 468 2458 520 cui
2489 468 2713 536 ποιήσω,
2747 466 2929 536 φησιν,
2965 465 3179 518 ἐπειδάν
3209 466 3265 516 ἐν
3297 468 3413 528 ταῖς
3447 466 3816 533 (leuga-3hr;
3842 490 3931 537 τε,

714 562 954 617 Ecclesia
993 561 1214 626 Christi,
1251 561 1333 614 vel
1363 561 1414 613 in
1450 575 1683 629 superna
1710 559 2024 615 Jerusalem.

1061 743 1306 795 Alleluia.
1351 740 1685 796 PSALMUS
1725 741 1927 796 CXVI.

785 835 834 896 Ι,
867 834 920 888 9...
964 833 1198 886 Laudate
1228 833 1529 898 Dominum,
1555 850 1727 886 onmes
1762 845 1997 903 gentes...
2030 835 2274 903 quoniam

715 927 1025 993 conﬁrmata
1048 935 1121 977 est
1153 941 1307 992 super
1334 942 1424 978 nos
1455 926 1813 979 misericordia
1842 925 2273 997 ejus.Nunquam

715 1028 898 1087 gentes
950 1020 1108 1073 talem
1161 1020 1509 1072 mutationem
1558 1020 1762 1086 experti
1796 1019 2041 1083 fuissent,
2081 1021 2272 1087 inquit,

716 1111 821 1164 nisi
869 1112 1103 1178 peccatis
1162 1112 1361 1164 nostris
1412 1111 1638 1165 validior
1677 1110 1864 1165 fuisset
1907 1113 2273 1168 misericordia

715 1200 830 1256 Dei.
863 1201 932 1254 Et
957 1203 1146 1255 veritas
1171 1201 1380 1255 Domini
1429 1211 1598 1255 manet
1638 1204 1688 1255 in
1730 1213 2000 1259 wternum.
2036 1203 2272 1258 Salutem

715 1291 859 1343 enim
892 1291 1037 1344 dedit
1065 1307 1224 1361 quam
1253 1308 1345 1360 per
1369 1303 1585 1347 sanctos
1611 1294 1896 1361 prophetas
1935 1295 2272 1361 promiserat.

717 1380 771 1435 Id
821 1391 872 1436 et
913 1382 1100 1438 beatus
1135 1383 1354 1449 Paulus,
1381 1385 1596 1438 ordiens
1633 1385 1840 1440 litteras
1874 1386 1942 1440 ad
1977 1386 2272 1454 Romanos,

716 1472 791 1525 ait
825 1487 840 1525 :
877 1472 1076 1528 Paulus
1119 1493 1294 1530 servus
1328 1475 1452 1529 Jesu
1494 1477 1710 1539 Christi,
1738 1489 1945 1531 vocatus
1973 1479 2272 1548 Apostolus,

715 1575 1011 1633 segregatus
1045 1569 1097 1618 in
1128 1565 1462 1636 Evongelium
1495 1565 1609 1631 Dei,
1641 1568 1776 1635 quod
1811 1579 1932 1622 ante
1968 1572 2275 1637 promiserat

716 1670 805 1721 per
825 1657 1100 1724 prophetas
1123 1673 1243 1709 suos
1272 1658 1325 1709 in
1349 1657 1637 1724 Scripturis
1667 1660 1860 1711 sanctis
1881 1659 1944 1712 ³⁸.
1963 1659 2025 1713 Et
2041 1661 2231 1715 iterum
2260 1679 2273 1715 :

717 1745 846 1800 Dico
877 1746 1143 1801 Christum
1169 1747 1350 1802 Iesum
1381 1751 1677 1802 ministrant
1715 1752 1875 1820 fuisse
1917 1754 2274 1809 circumcisio-

2375 559 2562 626 νοίμην
2583 575 2599 586 ο
2637 557 2734 628 τὴν
2773 557 3091 628 Ἐκκλησίαν
3136 557 3391 626 Χριστοῦ,
3426 558 3457 627 ἢ
3487 557 3583 629 τὴν
3615 561 3932 632 ἐπουράνιον

2388 652 2549 722 Ἱερου
2561 650 2687 720 nisi,
2698 669 2755 720 μ.

2691 741 3058 807 Ἀλληλούἵα.
3097 743 3400 795 Irusz
3431 741 3604 809 91¢.

2445 833 2668 888 Αἰνεῖτε
2699 833 2804 886 τὸν
2844 833 3082 901 Κύριον,
3111 833 3302 889 πάντα
3335 836 3404 887 τὰ
3427 836 3637 902 ἔθνη...
3657 836 3745 889 ὅτι
3765 837 3938 903 ἐκρα-

2376 926 2586 994 ταιώθη
2638 927 2702 979 τὸ
2753 927 2922 991 ἔλεος
2967 925 3150 979 αὐτοῦ
3191 927 3282 994 ἐφ’
3317 925 3490 994 ἡμᾶς.
3522 928 3634 980 Ούκ
3664 927 3748 990 ἂν,
3781 929 3935 995 φησὶ,

2374 1022 2470 1089 τῆς
2501 1019 2755 1090 τοιαύτης
2786 1018 3082 1088 μεταϐολῆς
3105 1017 3361 1088 ἐτύγχανε
3388 1018 3455 1070 τὰ
3483 1017 3630 1088 ἔθνη,
3655 1021 3700 1070 εἰ
3726 1019 3800 1088 μὴ
3821 1021 3941 1070 ἐπι-

2376 1111 2734 1180 κρατέστερον
2768 1109 2872 1162 τῶν
2907 1111 3184 1180 ἡμετέρων
3232 1111 3508 1182 ἁμαρτιῶν
3543 1111 3604 1164 τὸ
3633 1111 3776 1174 ἔλεος
3823 1112 3941 1177 ἐγέ-

2375 1217 2494 1253 νετο
2519 1198 2612 1250 τοῦ
2639 1199 2792 1251 Θεοῦ.
2822 1198 2930 1254 Καὶ
2956 1201 2992 1266 ἡ
3017 1200 3261 1268 ἀλήθεια
3291 1200 3509 1267 Κυρίου
3530 1200 3696 1268 μένει
3723 1203 3806 1266 είς
3837 1201 3944 1253 τόν

2375 1290 2592 1343 αἰῶνα·
2624 1292 2688 1360 ἢν
2717 1289 2823 1361 γὰρ
2853 1290 2938 1343 διὰ
2985 1291 3091 1342 τῶν
3138 1292 3305 1359 ἁγίων
3344 1292 3634 1360 προφητῶν
3676 1291 3944 1360 ὑπέσχετο

2375 1381 2571 1435 δέδωκε
2600 1382 2889 1452 σωτηρίαν.
2908 1382 3073 1434 Τοῦτο
3105 1382 3196 1434 καὶ
3224 1385 3251 1436 6
3283 1384 3546 1453 μακάριος
3570 1383 3801 1446 Παῦλος,
3831 1383 3942 1434 τῶν

2377 1474 2511 1544 πρὸς
2564 1474 2863 1543 Ῥωμαίους
2922 1473 3259 1544 γραμμάτων
3310 1471 3642 1544 ἀρξάμενοςο
3699 1471 3942 1535 Παῦλος

2377 1565 2594 1631 δοῦλος
2631 1565 2822 1632 Ἰησοῦ
2865 1563 3141 1632 Χριστοῦ,
3173 1565 3386 1631 κλητὸς
3429 1565 3788 1629 ἀπόστολος,
3829 1564 3941 1631 ἀξε-

2377 1657 2698 1725 ωρισμένος
2718 1659 2803 1722 είς
2820 1656 3184 1724 Εὑαγγέλιον
3210 1655 3375 1719 Θεοῦ,
3391 1656 3420 1708 ὃ
3439 1657 3943 1725 προεπηγγείλατο

2378 1748 2474 1801 διὰ
2497 1747 2612 1801 τῶν
2640 1747 2955 1816 προφητῶν
2979 1748 3162 1801 αὐτοῦ
3190 1748 3259 1799 ἐν
3287 1747 3548 1815 Γραφαῖς
3591 1749 3782 1816 ἁγίαις
3801 1764 3816 1778 ·
3851 1748 3943 1799 καὶ

716 1839 797 1889 nis
827 1849 1037 1906 propter
1082 1841 1352 1893 veritatem
1392 1839 1505 1905 Dei,
1537 1841 1605 1894 ad
1640 1843 2027 1910 conﬁt-mandas
2054 1849 2279 1914 promis-

2386 1841 2542 1892 πάλιν
2570 1840 2625 1892 δέ
2650 1857 2662 1869 ·
2698 1840 2856 1909 Λέγω
2896 1838 3152 1906 Χριστὸν
3181 1836 3412 1903 Ἰησοῦν
3457 1837 3736 1890 διάκονον
3775 1836 3940 1904 γενέ-

716 1930 885 1980 siones
910 1938 1118 1995 patrum
1147 1945 1163 1981 :
1192 1939 1366 1998 gentes
1404 1941 1575 1983 autent
1611 1948 1764 1999 super
1795 1934 2151 1987 misericordia
2191 1937 2284 1988 ho-

716 2036 906 2072 narare
945 2020 1107 2074 Deum
1127 2023 1192 2074 ³⁸.
1240 2021 1468 2086 Quando
1515 2012 1678 2093 igitur
1724 2024 2095 2079 universorum
2143 2027 2284 2082 Deus

718 2111 960 2181 implevit
1001 2115 1411 2182 promissiones,
1441 2125 1495 2169 et
1545 2117 1773 2170 salutem
1821 2132 1982 2186 quam
2016 2118 2284 2186 pollicitus

716 2216 798 2258 cst
825 2206 993 2270 dedit,
1022 2222 1086 2260 ac
1129 2208 1513 2262 misericordia:
1558 2207 1732 2263 fontes
1761 2211 1969 2278 aperuit
1998 2211 2280 2275 omnibus;

716 2307 771 2350 et
818 2313 911 2352 vos
955 2299 1046 2368 qni
1093 2315 1156 2353 ex
1205 2299 1404 2355 Judaeis
1451 2303 1810 2371 proccssistis,
1844 2312 1898 2356 et
1941 2319 2036 2358 vos
2085 2304 2177 2373 qui
2217 2320 2282 2358 ex

719 2389 970 2459 gentibus
1000 2392 1327 2458 credidistis,
1358 2395 1652 2450 concordes
1683 2397 1910 2464 hymnos
1937 2397 2288 2451 commiscen-

718 2489 821 2546 tes,
856 2481 1093 2538 benetico
1125 2486 1294 2539 vicem
1329 2484 1557 2539 reddite.

1050 2741 1297 2796 Alleluia.
1343 2744 1675 2802 PSALHUS
1715 2747 1808 2803 CX
1826 2749 1956 2804 γιι.

1303 2840 1697 2907 Argumentum.

722 2917 952 2976 Docetur
974 2940 1146 2979 novus
1169 2929 1399 2996 populus
1423 2932 1756 2998 compositus
1780 2949 1844 2987 ex
1869 2932 2071 2990 Judaais
2093 2945 2145 2990 et
2167 2951 2293 3006 gen.

791 3014 955 3078 tibus,
989 3032 1156 3070 unum
1181 3019 1357 3072 solum
1387 3031 1636 3089 oportere
1660 3026 2037 3081 auxiliatorem
2077 3028 2292 3085 invoca-

788 3120 868 3167 re,
903 3108 1079 3174 ipsum
1115 3111 1321 3164 scilicet
1351 3114 1495 3180 quod
1539 3115 1831 3171 humanam
1885 3122 2180 3191 assumpsit
2203 3140 2291 3185 na_
2317 3153 2358 3209 ρ

791 3206 965 3251 turam
1014 3199 1107 3256 Dei
1157 3201 1410 3270 Verbum,
1444 3216 1606 3277 atque
1659 3225 1724 3263 ex
1772 3211 1890 3279 ipso
1940 3212 1994 3267 in
2049 3221 2287 3281 tempore

790 3295 1184 3359 persecutionis
1239 3299 1500 3352 auxilium
1554 3315 1714 3355 omne
1758 3319 2019 3371 quaerere,
2084 3306 2288 3360 scilicet

790 3396 944 3448 opem
977 3399 1039 3437 ex
1068 3385 1203 3438 cado
1227 3386 1448 3439 missam
1482 3407 1494 3440 :
1527 3387 1735 3457 ipsique
1767 3389 1964 3444 referre
1991 3392 2285 3460 gratiarum

790 3473 1032 3527 actiones
1064 3490 1162 3543 pro
1193 3476 1436 3541 victoria,
1471 3488 1632 3549 atque
1681 3481 1748 3534 ab
1785 3482 1901 3550 ipso
1937 3482 2049 3536 vias
2078 3483 2289 3537 virtutis

792 3572 974 3630 petere
1007 3583 1018 3618 :
1055 3574 1108 3619 et
1152 3568 1217 3621 ad
1264 3569 1376 3624 hzcc
1417 3573 1620 3634 omnia,
1665 3573 1908 3628 conﬁteri
1939 3572 2166 3628 Domino
2196 3576 2287 3644 qui

795 3655 1108 3709 nominatur
1135 3658 1269 3727 lapis
1296 3678 1308 3712 :
1336 3662 1654 3730 reprobatus
1683 3664 1900 3733 quidem
1932 3665 1999 3720 ab
2026 3667 2289 3722 aediﬁcan-

795 3744 958 3808 tibus,
992 3748 1087 3801 sed
1120 3748 1293 3804 factus
1333 3751 1386 3803 in
1427 3765 1592 3820 caput
1628 3755 1830 3822 anguli.

795 3835 910 3889 1-4.
947 3835 1276 3907 Con/itemini
1305 3839 1548 3905 Domino,
1567 3847 1810 3913 quoniam
1834 3847 2016 3911 bonus,
2042 3853 2288 3918 quoniam

728 3927 781 3978 in
808 3929 1058 3980 sceculum
1092 3931 1452 3985 misericordia
1475 3934 1608 4002 ejus.
1638 3935 1792 3988 Dicat
1818 3955 1955 3990 nunc
1981 3939 2167 3994 domus
2201 3939 2286 3994 Is-

729 4020 858 4074 rael.
886 4018 1035 4090 Ipsos
1069 4023 1274 4091 priores
1309 4025 1702 4082 confessionem
1740 4029 1875 4082 inire
1901 4031 2074 4100 jubet,
2107 4043 2290 4101 utpote

729 4113 819 4181 qui
845 4113 1001 4181 primi
1027 4118 1199 4169 vocati
1226 4115 1422 4171 fuerint
1443 4134 1536 4187 per
1563 4122 1921 4189 evangelicam
1953 4124 2290 4192 praedicatio-

730 4221 874 4259 nem.

800 4295 915 4348 5-9.
965 4296 1034 4349 De
1055 4299 1393 4353 tribulatione
1417 4300 1658 4354 invocavi
1691 4301 1991 4367 Dominum,
2016 4312 2064 4356 et
2079 4304 2292 4357 exaudi-

729 4397 802 4448 vit
853 4414 930 4449 me
969 4399 1018 4449 in
1061 4393 1357 4448 latitudine.
1398 4393 1513 4446 Duo
1565 4394 1722 4447 docet
1759 4394 1844 4448 hic
1887 4411 2098 4470 versus,
2145 4396 2288 4465 quod

2385 1937 2519 1986 σθαι
2566 1929 2881 1999 περιτομῆς
2921 1929 3071 1998 ὑπὲρ
3103 1930 3382 1997 ἀληθείας
3423 1929 3588 1992 Θεοῦ,
3615 1931 3699 1993 εις
3737 1929 3799 1980 τὸ
3839 1931 3944 1992 ,Βε-

2386 2023 2625 2076 σαιῶσαι
2651 2024 2755 2088 τὰς
2774 2023 3129 2092 ἐπαγγελίας
3149 2021 3264 2074 τῶν
3290 2021 3554 2089 πατέρων
3574 2038 3587 2050 ·
3618 2021 3688 2074 τὰ
3709 2020 3776 2072 δὲ
3797 2019 3941 2086 ἔθνη

2383 2113 2532 2179 ὑπὲρ
2562 2112 2768 2177 ἐλέους
2796 2111 3044 2175 δοξάσαι
3082 2113 3187 2165 τὸν
3215 2114 3379 2164 Θεοτν.
3400 2110 3614 2182 Ἐπειδὴ
3642 2110 3818 2163 τοίνυν
3851 2127 3946 2161 πε-

2385 2206 2638 2274 πλήρωκε
2683 2203 2781 2266 τὰς
2829 2203 3145 2271 ὑποσχέσεις
3191 2205 3218 2254 6
3261 2203 3367 2254 τῶν
3405 2203 3538 2255 ὅλων
3570 2204 3718 2265 Θεὸς,
3752 2203 3844 2254 καὶ
3878 2204 3940 2270 ἣν

2386 2299 2646 2366 ὑπέσχετο
2691 2297 2886 2349 δέδωκε
2933 2296 3221 2366 σωτηρίαν,
3251 2297 3341 2348 καὶ
3382 2294 3612 2366 ἀνέῳξεν
3643 2298 3809 2348 ἄπεισι
3845 2295 3946 2357 τὰς

2383 2392 2474 2444 τοῦ
2505 2393 2684 2454 ἐλέους
2716 2390 2914 2460 πηγάς,
2938 2390 3030 2441 καὶ
3063 2390 3216 2460 ὑμεῖς
3243 2391 3291 2441 οἱ
3311 2389 3367 2454 ἐξ
3398 2389 3660 2441 Ἰουδαίων
3688 2386 3946 2458 προσελη-

2384 2484 2618 2546 λυθὸτες,
2660 2483 2751 2535 καὶ
2786 2483 2939 2552 ὑμεῖς
2964 2482 3011 2534 οἱ
3044 2480 3102 2544 ἐξ
3138 2480 3302 2533 ἐθνῶν
3335 2479 3770 2541 πεπιστευκέτες,
3803 2479 3944 2548 σύμ-

2386 2594 2558 2646 φωνον
2604 2575 2875 2645 ὑμνῳδίαν
2925 2575 3272 2643 κεράσαντες,
3311 2573 3737 2642 τὸν-εὐεργέτην
3782 2571 3943 2641 ἀμεί-

2384 2668 2575 2737 ψασθε.

2722 2759 3080 2825 Ἀλληλούτα.
3131 2759 3434 2812 ΨΑΑΜΟΣ
3472 2758 3625 2810 PIZ'.

3007 2851 3325 2915 Ὑπόθεσις.

2387 2944 2698 2996 Διδάσκεται
2726 2945 2753 2994 6
2774 2943 2890 3004 νέος
2921 2942 3046 3004 λαὸς
3078 2941 3105 2992 ὁ
3136 2939 3477 3010 συνεστηκὼς
3507 2940 3568 2992 ἐκ
3590 2957 3647 2992 τε
3677 2939 3943 2992 Ἰουδαίων

2459 3033 2676 3087 καὶτῶν
2705 3033 2890 3095 ἐθνῶν,
2922 3032 2996 3094 ὡς
3020 3032 3112 3084 ’ένα
3142 3032 3297 3102 μόνον
3321 3031 3400 3083 δεῖ
3421 3030 3790 3083 ἐπικαλεῖσθαι
3815 3031 3944 3100 βοη-

2462 3127 2573 3189 θὸν,
2610 3125 2769 3178 αὑτὸν
2808 3124 2895 3176 τὸν
2927 3125 3416 3194 ἐνανθρωπήσαντα
3456 3123 3547 3175 τοῦ
3578 3122 3710 3176 Θεοῦ
3754 3124 3946 3190 Λόγον,

2459 3220 2552 3274 καὶ
2577 3219 2634 3283 ἐξ
2661 3217 2822 3271 αὐτοῦ
2847 3219 2902 3269 ἐν
2934 3215 3106 3286 καιρῷ
3127 3216 3362 3285 διωγμοῦ
3392 3216 3487 3286 τὴν
3513 3215 3823 3284 ἐπικουρίαν
3853 3214 3948 3282 ζη·

2455 3317 2563 3365 τεῖν
2597 3315 2793 3372 πᾶσαν,
2833 3311 2928 3380 τὴν
2956 3310 3013 3372 ἐξ
3036 3307 3260 3377 ούρανοῦ
3294 3307 3801 3378 παραπεμπομένην
3832 3307 3952 3375 βοή-

2457 3405 2605 3455 θειαν
2623 3421 2634 3432 ·
2663 3403 2810 3472 αὐτῷ
2833 3418 2889 3453 τε
2919 3401 3203 3470 ἀναφέρειν
3223 3399 3320 3469 τῆς
3340 3399 3493 3469 νίκης
3517 3397 3584 3450 τὰ
3601 3401 3947 3468 χαριστήριον

2459 3497 2624 3549 αἰτεῖν
2657 3513 2715 3546 τε
2742 3496 2836 3557 τάς
2859 3492 2947 3546 διὰ
2977 3493 3083 3545 τῶν
3113 3491 3318 3563 ἀρετῶν
3342 3491 3510 3554 ὁδοὺς,
3544 3491 3635 3543 καὶ
3670 3490 3802 3561 πρὸς
3831 3490 3952 3542 τού-

2463 3604 2572 3649 τοις
2604 3585 2805 3638 ἆπασιν
2835 3583 3262 3655 ἐξομολογεῖσθαι
3290 3581 3367 3652 τῷ
3399 3583 3585 3652 Κυρίῳ
3631 3581 3705 3650 τῷ
3750 3582 3948 3651 ὀνομαο

2459 3678 2666 3748 ζομένῳ
2705 3676 2867 3746 λίθῳ’
2901 3673 3332 3744 άπηγορευμένῳ
3363 3674 3458 3741 μὲν
3497 3673 3645 3741 παρὰ
3676 3672 3782 3724 τῶν
3811 3675 3955 3725 οἰκο-

2458 3769 2655 3837 δόμων,
2691 3765 2964 3835 γενομένῳ
2995 3765 3050 3816 δὲ
3080 3766 3161 3828 είς
3194 3764 3431 3834 κεφαλὴν
3459 3764 3674 3832 γωνίας.

2471 3858 2946 3928 Ἐξομολογεῖσθε
2986 3856 3062 3922 τῷ
3104 3855 3316 3923 Κιιρίῳ,
3358 3855 3444 3908 ὅτι
3487 3855 3722 3924 ἀγαθὸς,
3753 3855 3838 3907 ὅτι
3872 3858 3958 3919 εἰς

2388 3952 2493 4004 τὸν
2534 3951 2717 4004 αἰῶνα
2762 3951 2827 4003 τὸ
2869 3949 3037 4015 ἕλεος
3111 3947 3313 4002 αὐτοῦ.
3385 3946 3616 4000 Είπάτω
3665 3945 3740 4014 δὴ
3794 3943 3956 4012 οἶκος

2401 4042 2652 4110 Ἰσραήλ.
2671 4040 2924 4112 Πρῶτους
2937 4041 3128 4102 αὐτοὺς
3142 4039 3240 4102 τῆς
3256 4038 3540 4108 ἐξομολογή
3550 4054 3683 4100 σεως
3695 4037 3956 4107 ἄρχεσθαι

2390 4129 2836 4202 παρακελεύεται,
2887 4130 2980 4182 ἆτε
3029 4127 3273 4198 πρώτους
3314 4126 3675 4196 κεκλημένους
3726 4127 3815 4179 διὰ
3862 4128 3953 4180 τοῦ

2390 4219 2739 4288 εὐαγγελικοῦ
2771 4217 3141 4289 κηρύγματος.

2471 4310 2564 4361 Ἐκ
2617 4309 2875 4376 θλίψεως
2923 4303 3383 4373 ἑπεκαλεσάμην
3431 4302 3536 4353 τὸν
3589 4298 3831 4367 Κύριον,
3859 4299 3955 4350 καὶ

2390 4400 2694 4466 ἐπήκουσέ
2718 4417 2836 4468 μου
2859 4402 2945 4463 είς
2974 4399 3343 4464 πλατυσμόν.
3375 4395 3477 4446 Δύο
3505 4394 3740 4446 διδάσκει
3761 4395 3790 4445 6
3819 4409 3956 4462 παρ-

729 4484 1106 4538 tribulationes
1132 4484 1325 4536 habere
1349 4483 1575 4536 debeant
1602 4484 1693 4552 qui
1716 4485 1976 4537 accedunt
2003 4485 2067 4539 ad
2093 4486 2247 4540 tidem
2276 4506 2287 4540 :

2393 4491 2465 4544 ὼν
2499 4491 2698 4560 στίχος,
2738 4491 2812 4552 ὼς
2846 4489 2939 4541 καὶ
2967 4488 3192 4557 θλίψεως
3219 4487 3358 4556 ἔχειν
3394 4486 3474 4538 δεῖ
3504 4487 3628 4547 τοὺς
3663 4502 3957 4555 προσερχο-

725 4575 880 4644 juxta
913 4575 1042 4631 illud
1067 4594 1079 4628 :
1100 4574 1312 4627 Accetlis
1333 4574 1402 4625 ad
1426 4575 1749 4627 serviendum
1773 4575 2018 4640 Domino,
2050 4593 2291 4646 pra'para

731 4669 964 4719 animum
1000 4677 1144 4718 tuam
1185 4667 1253 4718 ad
1288 4666 1701 4719 tentationem".
1739 4664 1802 4718 Et
1827 4667 1970 4734 quod
2019 4667 2065 4721 is
2115 4668 2206 4738 qui
2238 4668 2290 4722 in

730 4760 991 4814 aerumnis
1029 4769 1298 4822 versatur,
1330 4775 1437 4812 non
1473 4759 1637 4813 alium
1666 4759 2173 4829 debeatadjutorem
2211 4761 2293 4815 in-

730 4866 929 4905 vocare
972 4865 1134 4918 quam
1174 4849 1349 4918 ipsum
1401 4848 1710 4913 Dominum,
1742 4847 1834 4920 qui
1891 4850 2287 4905 tribulationem

733 4956 975 4996 n05tram
1009 4942 1061 4995 in
1096 4940 1436 4995 latitudinem
1469 4957 1718 5010 magnam
1766 4941 2000 4995 deducit.
2033 4939 2137 4995 Pro
2170 4957 2294 5010 par—

733 5039 816 5091 vis
863 5053 1096 5106 namque
1149 5035 1425 5090 laboribus
1459 5049 1682 5107 magnas
1728 5036 2054 5104 accipiemus
2089 5051 2295 5089 merce-

733 5131 848 5184 des.

807 5221 981 5275 10-14.
1029 5219 1216 5274 Omnes
1246 5229 1414 5289 gentes
1446 5220 1764 5273 circuierunt
1809 5235 1954 5270 me...
1999 5217 2295 5271 Circumde-

736 5314 922 5366 derunt
967 5330 1045 5366 me
1076 5316 1210 5365 sicut
1259 5328 1376 5378 apes
1425 5312 1622 5378 forum,
1657 5320 1705 5363 et
1744 5311 1798 5361 in
1836 5311 2039 5362 nomine
2080 5309 2292 5363 Domini

739 5406 878 5458 ultus
921 5421 1037 5456 sum
1075 5422 1179 5458 eos.
1215 5404 1306 5458 Dei
1338 5419 1572 5473 namque
1601 5403 1828 5472 populus
1871 5402 2045 5456 solum
2073 5403 2295 5455 vocabat

741 5499 930 5561 Deum,
962 5507 1017 5553 ct
1055 5514 1247 5552 nomen
1277 5498 1392 5568 ejus
1425 5512 1750 5558 memorans,
1782 5496 1963 5550 hostes
1985 5494 2221 5549 visibiles
2247 5504 2300 5548 et

741 5589 1038 5650 invisibiles
1088 5589 1488 5645 ulciscebatur:
1530 5589 1775 5643 homines
1818 5597 1994 5643 autem
2045 5587 2128 5642 his
2172 5587 2304 5642 insi-

788 5770 830 5803 ⁸⁸
874 5767 1025 5825 Rom.
1059 5785 1096 5837 t,
1142 5769 1187 5833 Ι,
1217 5769 1269 5823 ‘2.
1349 5767 1390 5800 "
1432 5765 1587 5823 Rom.
1633 5782 1719 5835 xv,
1753 5765 1804 5827 8.
1835 5765 1887 5820 9.

2397 4583 2585 4652 μένους
2612 4585 2676 4652 τῇ
2709 4583 2906 4645 πίστει,
2937 4579 3074 4634 κατὰ
3093 4580 3174 4642 τὸ,
3203 4583 3507 4646 ΙΙροσέρχῃ
3535 4576 3848 4628 δουλεύειν
3882 4575 3957 4640 τῷ

2396 4676 2606 4744 Κυρίῳ,
2640 4676 2956 4744 ἑτοίμασον
2985 4673 3096 4740 τὴν
3120 4672 3328 4740 ψυχήν
3351 4687 3465 4722 σου
3488 4672 3573 4734 είς
3601 4670 3952 4735 πειρασμόν.

2396 4769 2503 4822 Καὶ
2535 4769 2843 4837 θλιϐόμενον
2877 4768 2948 4837 μὴ
2975 4767 3158 4836 ἓτερον
3183 4762 3554 4816 ἐπικαλεῖσθαι
3586 4760 3776 4830 βοηθὸν
3803 4761 3834 4830 ἢ
3865 4760 3955 4810 αὖ-

2393 4860 2484 4914 τὸν
2517 4861 2608 4913 τὸν
2640 4859 2863 4930 Κύριον,
2893 4858 2949 4920 ὃς
2981 4858 3072 4910 καὶ
3094 4859 3190 4925 τὴν
3229 4855 3403 4924 θλίψιν
3428 4853 3583 4924 ἡμῶν
3609 4855 3686 4914 είς
3715 4853 3956 4921 εὐρυχω-

2405 4953 2522 5024 ρίαν
2565 4953 2684 5019 ἄγει
2727 4951 2942 5020 πολλήν.
2977 4950 3096 5002 Τῶν
3133 4949 3339 5021 μικρῶν
3369 4947 3475 5018 γάρ
3509 4949 3685 4998 πόνων
3719 4946 3959 5014 μεγάλας

2400 5041 2787 5113 ἀποληψόμεθα
2811 5042 2905 5105 τὰς
2930 5040 3176 5112 ἀμοιϐάς.

2468 5219 2666 5272 Πάντα
2715 5220 2785 5272 τὰ
2825 5218 2966 5286 ἔθνη
3020 5219 3370 5273 ἐκύκλωσαν
3408 5235 3545 5287 με...
3577 5221 3900 5273 Ἐκύκλιυιοι

2395 5330 2468 5379 με
2502 5311 2640 5363 ὡσεὶ
2669 5313 2953 5379 μέλισσαι
2988 5313 3210 5376 κηρίον,
3243 5311 3336 5364 καὶ
3367 5310 3444 5375 τῷ
3470 5312 3708 5380 ὀνόματι
3741 5310 3904 5378 Iit-{it
3929 5331 3961 5362 υ

2401 5401 2715 5471 ἠμυνάμην
2743 5404 2976 5468 αὐτούς.
2997 5403 3052 5455 Ὀ
3089 5403 3184 5472 μὲν
3212 5403 3319 5472 γάρ
3347 5402 3438 5455 τοῦ
3483 5401 3617 5454 Θεοῦ
3652 5402 3778 5465 λαὸς
3809 5405 3966 5470 μόνον

2406 5493 2587 5545 ἐκάλει
2618 5493 2708 5546 τὸν
2735 5491 2883 5555 Θεὸν,
2914 5492 3008 5544 καὶ
3031 5491 3090 5543 τὸ
3118 5491 3284 5560 ὄνομα
3307 5491 3474 5558 λέγων
3522 5487 3685 5540 αὐτοῦ
3729 5489 3966 5558 ἠμύνετο

2408 5587 2529 5649 τοὺς
2560 5585 2909 5656 φαινομένους
2941 5585 3032 5638 καὶ
3062 5585 3282 5654 ἀφανεῖς
3315 5581 3597 5652 πολεμίους
3617 5597 3630 5610 ·
3667 5583 3715 5633 oi
3747 5580 3806 5634 δὲ
3846 5581 3962 5633 τού-

1966 5765 2004 5796 ⁸⁷
2049 5762 2210 5820 Eccli.
2251 5778 2307 5828 ιι,
2340 5761 2388 5814 l.
