4094 6312
203 308 305 362 877

1282 315 1645 375 EXPOSITIO
1685 319 1750 374 IN
1794 320 2129 382 PSALMUM
2171 327 2379 387 CXVII.

3338 346 3445 407 478

202 445 312 491 τοις
340 426 777 495 ἐπιϐουλεύοντες
810 432 1082 505 ἄνθρωποι
1114 436 1304 505 μόναις
1336 439 1627 512 θαρροῦσιν
1672 443 1753 513 ἀρ-

1871 444 2101 513 diantes,
2138 451 2271 506 solis
2291 452 2569 508 confidunt
2597 456 2990 529 principatibus
3007 475 3060 519 et
3084 470 3442 535 potestatibus

201 523 320 590 χαῖς
370 538 427 573 τε
475 521 568 573 καὶ
616 522 953 589 δυναστείαις
986 527 1307 599 ἀνθρώπων.
1342 533 1414 584 Τὸ
1457 533 1536 598 δὲ,
1581 534 1753 587 πάντι

1880 538 2183 596 hominum.
2219 542 2351 598 lllud
2406 521 2609 614 autem,
2664 521 2841 606 omn-es
2880 521 3444 631 gentes,hypt2rholiee

198 613 268 670 τὰ
299 614 467 682 ἔθνη,
491 616 873 684 ὑπερὼλικόνο
908 618 1003 689 τὴν
1033 622 1141 691 γὰρ
1175 624 1428 677 Ἰουδαίαν
1454 628 1630 680 πᾶσαν
1651 627 1775 679 ἐκύ-

198 706 360 758 κλουν
423 708 601 761 πάντα
655 709 723 761 τά
773 709 1013 781 έθνη.Ἢ
1074 714 1335 786 παρέοικε
1381 717 1489 787 τῷ·
1522 721 1625 784 Είς
1669 720 1774 785 τὰς

196 800 418 866 πρωτας
448 799 800 855 ἀπέκτεινον
828 803 1055 871 πάντας
1080 807 1221 873 τοὺς
1249 809 1632 877 ἁμαρτωλοὺς
1663 811 1773 880 τῆς

195 888 305 958 τῆς
326 908 339 920 ·
371 891 568 963 δηλαδὴ
604 895 729 957 τοὺς
758 896 1021 965 ἐμπαθεῖς
1052 897 1343 969 λογισμοὺς
1371 901 1475 954 ὑπὸ
1503 902 1770 972 δαιμόνων

196 985 610 1055 ἐπαγομένους,
676 989 767 1041 καὶ
820 988 1009 1059 λόγους
1090 994 1349 1063 ὲπαφεῖεν
1405 998 1769 1066 σοφιστικούς.

195 1079 380 1133 Ταῦτα
412 1080 521 1152 γὰρ
549 1081 842 1152 ἀνατρέψει
867 1082 936 1134 τά
957 1082 1268 1152 έθνη.Ἕσθ’
1292 1086 1381 1139 ὅτε
1413 1088 1505 1139 καὶ
1535 1089 1770 1158 ἀναιρεῖ-

191 1188 279 1223 ται
332 1171 559 1235 τούτους
609 1173 891 1244 ἐπικλήσει
933 1174 1088 1240 Θεοῦ,
1127 1176 1225 1239 τὰς
1271 1177 1576 1249 παθητικὰς
1607 1179 1765 1232 ἐκκό-

195 1281 342 1317 πτων
377 1263 572 1335 ὁρμὰς,
605 1266 697 1318 καὶ
733 1264 921 1333 λόγους
954 1267 1273 1339 ἀνατρέπων
1313 1270 1673 1338 σοφιστικούς.
1704 1272 1765 1323 Oi

190 1356 245 1407 δὲ
279 1355 545 1427 κηφῆνες,
580 1359 700 1419 ταῖς
731 1356 1003 1427 μελίτταις
1033 1360 1496 1430 παρεοικότες,ὠς
1521 1362 1613 1413 καὶ
1643 1360 1765 1413 λαν-

191 1445 375 1498 θάνειν
410 1448 537 1509 τοὺς
570 1447 911 1515 ἀγνοοῦντας,
941 1450 1002 1501 οὑ
1029 1448 1254 1521 κέντρον
1280 1449 1512 1519 ἔχουσιν.
1544 1450 1642 1503 οὐκ
1671 1453 1763 1521 ἐρ-

190 1537 449 1606 γάζονται
480 1538 636 1604 μέλι·
672 1538 829 1609 σῶμα
863 1538 918 1592 δὲ
965 1539 1146 1608 μεῖζον
1181 1540 1409 1610 ἔχοντες,
1446 1541 1553 1593 τῶν
1585 1542 1765 1612 μελιτ-

189 1625 295 1682 τῶν
334 1630 398 1683 τὸ
439 1630 599 1701 ἔργον
642 1630 935 1684 ἐσθίουσιν·
981 1630 1074 1694 οὓς
1116 1632 1206 1685 καὶ
1247 1632 1612 1704 διαφθείρουσι
1645 1635 1761 1704 μετ’

189 1721 433 1793 ἀλλήλων
468 1723 521 1775 αἱ
559 1721 799 1793 μέλιτται
831 1722 1433 1792 συνιστάμεναι.Ἔστιν
1465 1720 1557 1777 οῦν
1584 1728 1615 1794 ἡ
1649 1726 1762 1778 Ἐκ-

189 1813 385 1885 κλησία
438 1813 697 1884 μέλισσα·
734 1813 1114 1885 μελιττουργὺς
1162 1815 1216 1867 δὲ
1248 1818 1292 1885 ,ἡ
1340 1816 1440 1887 τὴν
1485 1816 1575 1869 τοῦ
1622 1816 1756 1869 Θεοῦ

187 1906 512 1977 προτιμῶσα
536 1907 723 1975 σοφίαν
740 1923 753 1936 ·
774 1902 842 1978 ἦς
863 1908 987 1971 τοὺς
1013 1908 1206 1971 πόνους
1233 1907 1468 1977 βασιλεῖς
1495 1910 1588 1963 καὶ
1616 1910 1758 1963 ista.

185 2012 272 2049 ται
308 1996 447 2066 πρὸς
477 1997 665 2065 ὑγείαν
698 1999 1114 2069 προσφέρονται,
1149 2000 1348 2070 καίπερ
1382 2000 1640 2065 ἀσθενοῦς
1663 2002 1754 2055 οὗ·

188 2104 281 2158 σης
302 2103 315 2115 ⁸
360 2088 503 2141 κατά
534 2090 616 2149 τὸ.
646 2089 742 2156 Μὴ
774 2090 842 2143 ἐν
886 2091 1079 2144 πειθοῖ
1119 2093 1336 2161 σοφίας
1381 2094 1757 2164 ἀνθρωπίνης

183 2180 327 2250 ἔχειν
354 2181 416 2233 τὸ
444 2183 918 2254 κήρυγμα.”ομως
947 2184 1056 2255 ἔχει
1093 2184 1152 2238 τὸ
1195 2186 1415 2258 κέντρον
1456 2189 1513 2242 ἐν
1539 2189 1756 2242 ἀποδεί-

182 2272 262 2338 ξει
291 2273 601 2345 πνεύματος
641 2277 731 2329 καὶ
775 2277 1055 2348 δυνάμεως
1090 2278 1245 2342 Θεοῦ,
1272 2279 1364 2333 τὸν
1394 2280 1491 2350 τῆς
1524 2281 1757 2345 πίστεως

181 2364 376 2435 ἔχουσα
401 2365 556 2434 λόγον
576 2381 590 2395 ⁸
617 2368 692 2430 ὡς
714 2370 806 2420 καὶ
828 2371 1071 2440 ἀναιρεῖν
1097 2370 1195 2435 τάς
1223 2374 1478 2441 αἱρέσεις,
1509 2373 1757 2445 καθάπερ

182 2456 455 2525 κηφῆνας,
490 2457 695 2528 ἐλέγχῳ
720 2458 927 2523 ταύτας·
949 2459 1307 2530 διχοτομοῦσα
1334 2462 1432 2532 τῆς
1460 2464 1715 2533 ἀληθείας
1741 2506 1754 2518 .

179 2546 289 2599 Μία
319 2546 420 2617 μὲν
450 2549 483 2617 ἡ
517 2550 793 2619 τιμήσασα
835 2550 934 2622 τὴν
977 2552 1165 2620 σοφίαν
1194 2553 1288 2605 τοῦ
1328 2554 1458 2607 Θεοῦ
1490 2555 1715 2625 μέλισσα
1737 2571 1753 2587 ⁸

181 2636 367 2691 πολλαὶ
394 2637 451 2690 δέ
478 2639 575 2707 τῆς
604 2638 696 2692 τοῦ
722 2640 856 2694 Θεοῦ
889 2641 1079 2711 σοφίας
1107 2643 1421 2715 ἀπέστησαν
1439 2661 1451 2673 ·
1486 2646 1547 2697 οὑ
1582 2645 1757 2716 μέλισ-

180 2745 287 2794 σαι,
322 2728 440 2783 ἀλλ’
471 2730 547 2793 ὡς
582 2732 832 2801 μέλισσαι
867 2735 1113 2804 κηφῆνες
1160 2737 1531 2807 ὑπάρχουσαι·
1567 2738 1754 2809 βουλό-

179 2839 326 2891 μενοι
375 2822 478 2892 τῆς
526 2825 653 2894 μιᾶς
696 2826 967 2880 ἀναλῶσαι
1014 2828 1074 2879 τὸ
1110 2828 1253 2898 μέλι,
1281 2831 1374 2883 καὶ
1403 2831 1531 2883 ὡσεὶ
1562 2832 1673 2904 πῦρ
1700 2838 1757 2888 ἐν

176 2916 437 2978 ἀκάνθαις
484 2917 824 2972 ἐκκαίονται·
856 2920 917 2973 τὸ
958 2922 1065 2993 γὰρ
1111 2923 1333 2995 αἰσχρὸν
1377 2924 1681 2996 ἐπιθυμιῶν
1706 2931 1754 2981 οί

182 3006 286 3058 ἀπὸ
328 3006 441 3059 τῶν
491 3010 754 3080 αἱρέσεων
804 3013 1084 3066 ἐκκαίουσι
1134 3013 1283 3086 πῦρο
1312 3015 1491 3080 καθώς
1537 3034 1698 3088 φησιν
1726 3018 1753 3069 ὁ

1876 631 2078 687 dictum
2116 652 2128 687 :
2162 650 2284 689 nam
2331 636 2572 694 Iudaeam
2609 657 2822 697 omnem
2875 650 3285 706 circumdabant
3325 670 3444 709 om-

1878 739 1973 779 nes
2000 737 2205 795 gentes.
2248 730 2324 785 Ac
2346 732 2521 787 simile
2548 744 2632 789 est
2657 736 2803 791 dicto
2831 739 2905 793 illi
2942 760 2954 794 :
2985 740 3049 795 In
3075 746 3333 800 matutino
3355 748 3443 802 in-

1875 819 2192 887 terﬁciebam
2230 840 2403 878 omnes
2425 838 2719 894 peccatores
2749 840 2932 896 terraz;
2967 835 3017 888 id
3042 846 3125 891 est
3160 840 3443 907 cogitatio-

1874 928 1971 967 nes
2000 922 2053 967 et
2078 915 2302 971 allectus
2338 936 2429 988 per
2470 920 2743 977 daemones
2774 925 3069 992 immissos,
3114 940 3170 983 et
3214 931 3438 986 subdola

1872 1005 2035 1059 verba
2068 1006 2134 1059 ab
2156 1007 2223 1062 iis
2255 1008 2632 1067 inducta.Hzec
2665 1015 2809 1068 enim
2845 1026 3027 1085 gentes
3052 1018 3434 1090 profligabunt.

1870 1094 2144 1169 Contin'git
2174 1110 2352 1155 autem
2391 1104 2681 1174 aliquando
2716 1117 2773 1161 ut
2796 1122 2889 1163 eas
2919 1125 3013 1178 per
3043 1111 3437 1167 invocationem

1872 1187 1963 1243 Dei
2010 1190 2076 1245 de
2130 1192 2309 1248 medio
2360 1197 2539 1262 tollat;
2570 1199 2883 1268 passionum
2917 1204 3174 1272 impetum
3221 1206 3440 1261 exscin-

1868 1279 2023 1343 dens,
2058 1290 2112 1336 et
2141 1283 2329 1339 dolosa
2363 1288 2524 1341 verba
2560 1288 2867 1358 proﬂigatis.
2890 1289 3080 1361 Vespa:
3104 1303 3281 1347 autem
3316 1309 3438 1363 quas

1868 1376 2058 1443 apibus
2108 1378 2179 1431 ita
2224 1379 2431 1435 similes
2478 1391 2629 1448 sunt,
2665 1392 2725 1438 ut
2758 1384 2848 1455 qui
2877 1399 2969 1439 eas
3001 1386 3169 1455 probe
3199 1402 3305 1443 non
3337 1402 3438 1442 no-

1869 1466 1976 1520 rint
2002 1467 2159 1525 facile
2184 1470 2359 1541 decipi
2393 1474 2624 1542 possint,
2656 1476 2925 1545 spiculum
2951 1492 3059 1531 non
3091 1478 3309 1545 habent,
3343 1496 3439 1533 ne-

1864 1573 1971 1626 que
2014 1560 2119 1614 mel
2157 1572 2478 1632 Operautur;
2525 1564 2619 1619 sed
2667 1581 2789 1620 cum
2831 1568 3101 1623 crassiore
3130 1570 3239 1623 sint
3268 1584 3433 1639 quam

1864 1667 1992 1721 apes
2035 1652 2198 1717 mole,
2230 1667 2368 1723 Opus
2414 1656 2706 1720 comedunt
2738 1676 2750 1709 :
2780 1672 2919 1727 quos
2953 1658 3061 1728 (43)
3105 1674 3271 1713 unum
3312 1670 3433 1729 post

1862 1744 2028 1797 alium
2062 1743 2377 1799 interimunt
2404 1761 2533 1815 apes
2561 1762 2669 1801 una
2694 1757 2917 1802 coactae.
2951 1747 3082 1816 Apis
3116 1758 3199 1804 est
3244 1748 3430 1805 Eccle-

1862 1836 1941 1891 sia
1970 1855 1985 1893 :
2021 1838 2124 1891 mel
2158 1847 2337 1892 autem
2368 1847 2648 1907 operatur,
2674 1856 2796 1910 qua:
2838 1840 2931 1895 Dei
2970 1842 3289 1911 sapientiam
3320 1844 3431 1912 plu-

1863 1929 1984 1983 rimi
2019 1929 2166 1984 facit.
2194 1928 2363 1998 Cujus
2389 1931 2598 1986 labores
2623 1940 2732 1985 tam
2765 1948 2917 1999 reges
2946 1949 3108 2004 quam
3137 1935 3331 2005 privati
3362 1937 3430 1989 ad

1858 2023 2146 2077 sanitatem
2194 2021 2445 2090 afferunt,
2473 2024 2682 2079 etiamsi
2711 2024 2935 2100 “infirma
2983 2026 3096 2090 sit,
3132 2027 3429 2083 secundum

1858 2115 1988 2169 illud
2026 2134 2038 2169 :
2068 2113 2188 2168 Non
2214 2116 2267 2167 in
2287 2114 2719 2183 persuasibilibus
2739 2116 2982 2170 humana
3018 2119 3290 2187 sapientia:
3314 2136 3429 2173 rer-

1858 2206 1993 2260 bia"
2026 2206 2337 2278 praedicatio
2385 2207 2633 2261 elIicitur.
2670 2207 2918 2263 Attamen
2960 2210 3224 2278 spiculum
3268 2211 3429 2265 habet

1859 2301 1912 2355 in
1961 2302 2329 2356 ostensionem
2385 2302 2611 2370 spiritus
2663 2314 2718 2357 et
2765 2303 2980 2358 virtutis
3011 2302 3274 2369 Dei,cum
3304 2304 3428 2359 fidei

1858 2407 2165 2447 sermonem
2213 2392 2437 2459 habeat;
2471 2394 2543 2447 ita
2588 2403 2645 2447 ut
2694 2395 2949 2460 haereses,
2979 2413 3079 2451 ceu
3122 2413 3316 2467 vespas
3361 2398 3430 2453 de

1858 2484 2038 2538 medio
2072 2486 2245 2550 tollat,
2282 2485 2561 2540 dissecans
2618 2487 2737 2541 illas
2789 2497 3112 2556 argumento
3158 2491 3424 2547 veritatis.

1858 2574 1983 2630 Sola
2029 2575 2146 2643 apis
2178 2583 2261 2629 est
2286 2592 2407 2644 quae
2436 2577 2755 2646 sapientiam
2806 2575 2897 2631 Dei
2937 2576 3184 2632 honorat.
3244 2577 3428 2636 Multa:

1856 2676 2035 2722 autem
2063 2684 2091 2721 a
2120 2666 2214 2722 Dei
2240 2668 2502 2738 sapientia
2530 2669 2864 2735 defecerunt,
2892 2685 2998 2725 non
3028 2687 3156 2742 apes
3183 2673 3423 2744 quidem.

1855 2760 1949 2814 sed
1978 2774 2151 2829 vespae
2196 2758 2261 2813 ad
2309 2760 2717 2815 similitudinem
2747 2778 2929 2831 apum.
2966 2762 3096 2829 Quae
3123 2780 3298 2834 vespae
3332 2764 3426 2825 ubi

1857 2854 2043 2907 volunt
2070 2853 2231 2908 unius
2262 2854 2378 2923 apis
2402 2854 2506 2907 mel
2536 2854 2844 2921 absumere,
2871 2857 3029 2925 quasi
3063 2858 3197 2927 ignis
3226 2860 3282 2913 in
3312 2862 3425 2929 spi-

1855 2945 1933 2996 nis
1960 2943 2375 2997 comburuntur.
2395 2941 2528 2997 Nam
2561 2944 2796 2998 haeretici
2826 2953 3033 3013 turpem
3063 2945 3420 3013 cupiditatum

1856 3034 2029 3104 ignei
2066 3035 2388 3099 accendunt,
2440 3036 2898 3102 quemadmodum
2928 3033 3131 3090 Paulus
3160 3037 3235 3089 ait
3257 3054 3269 3089 :
3290 3036 3422 3100 Qua:

175 3090 415 3155 Παῦλοςο
444 3093 541 3149 ’Τά
591 3101 699 3166 γὰρ
750 3100 948 3168 κρυφῆ
981 3103 1258 3171 γινόμενα
1295 3106 1395 3157 ὐπ’
1423 3106 1621 3160 αὐτῶν
1657 3110 1745 3161 αἱ-

1858 3090 1989 3177 εῑτὶηι
2020 3119 2074 3178 in
2117 3124 2322 3177 occulto
2361 3123 2495 3191 ﬁunt
2526 3123 2589 3174 ab
2618 3123 2768 3190 ipsis,
2804 3133 2952 3192 turpe
2983 3134 3061 3178 est
3084 3135 3135 3177 et
3165 3126 3334 3178 dicere
3351 3125 3417 3178 3’.

172 3187 362 3254 σχρὸν
392 3187 523 3241 ἐστι
553 3190 650 3243 καί
682 3190 901 3260 λέγειν.
921 3194 1181 3258 Ἀκάνθας
1210 3196 1265 3248 δὲ
1298 3198 1394 3260 τὰς
1422 3200 1612 3268 ἡδονὰς
1646 3203 1743 3271 ἡρ-

175 3278 407 3347 μήνευσε
439 3280 502 3332 τὸ
533 3282 889 3349 Εὑαγγέλιον”
917 3276 992 3336 ὧν
1021 3285 1145 3348 τοὺς
1191 3284 1378 3354 λόγους
1411 3290 1439 3340 ὁ
1483 3290 1573 3342 τὸν
1610 3292 1740 3343 Θεὸν

170 3372 347 3425 καλῶν
402 3373 711 3443 ἀνατρέπει.
742 3375 822 3427 Τά
861 3376 968 3447 γὰρ
1015 3377 1154 3431 ὅπλα
1202 3380 1364 3433 αὑτοῦ
1388 3382 1448 3434 οὑ
1482 3384 1736 3452 σαρκικὰ,

166 3460 326 3516 ἀλλὰ
366 3462 593 3516 δυνατὰ
644 3463 725 3529 τῷ
770 3467 891 3533 Θεῷ
928 3469 1323 3539 καθαιροῦντα
1364 3472 1485 3526 πᾶν
1526 3474 1741 3542 ὕψωμα

166 3553 556 3621 ἐπαιρόμενον
580 3555 727 3608 κατὰ
753 3554 861 3623 τῆς
886 3555 1157 3626 γνώσεως
1188 3559 1293 3611 τοῦ
1321 3561 1488 3616 Θεοῦ.

233 3643 407 3712 Φωνὴ
439 3645 848 3713 ἀγαλλιάσεως
898 3647 996 3700 καὶ
1052 3651 1340 3717 σωτηρίας
1368 3652 1436 3704 ἑν
1481 3654 1739 3721 σκηναῖς

164 3733 428 3790 δικαίων.
486 3736 573 3798 Ὠς
600 3736 698 3807 ᾔδη
748 3737 1105 3809 ἀνῃρημένων
1136 3740 1244 3793 τῶν
1291 3741 1496 3812 νοητῶν
1529 3745 1737 3815 ἐχθρῶν

164 3827 270 3880 τῶν
318 3829 462 3881 κατά
491 3830 713 3900 καιροὺς
732 3830 1036 3897 διωξάντων
1064 3832 1155 3886 τὸν
1184 3833 1276 3889 τοῦ
1308 3834 1441 3888 Θεοῦ
1489 3836 1636 3903 λαὸν,
1664 3840 1737 3890 εί-

164 3917 336 3980 κὸτως
386 3917 572 3971 λοιπὸν
616 3920 715 3989 τῆς
760 3922 1128 3989 ἀγαλλιάσεως
1171 3927 1225 3978 αί
1288 3927 1462 3995 φωναὶ
1508 3928 1733 3983 ἀκούον-

158 4019 279 4071 «Ἆιι,
312 4009 405 4062 καὶ
468 4012 567 4080 οὐχ
608 4012 833 4084 ἐτέρωθί
878 4032 980 4068 που
1043 4017 1164 4088 ἢέν
1196 4020 1316 4082 ταῖς
1355 4018 1463 4073 τῶν
1514 4020 1735 4075 δικαίων

162 4103 408 4171 σκηναῖς.

228 4195 405 4259 Δεξιὰ
456 4197 676 4264 Κυρίου
734 4198 983 4268 ἐποίησε
1028 4201 1302 4274 δύναμιν.
1362 4208 1505 4280 Αὕτη
1547 4212 1579 4280 ή
1634 4210 1732 4280 τῆς

158 4286 531 4354 ἀγαλλιάσεως
557 4289 706 4358 φωνὴ
736 4292 766 4360 ή
795 4295 1057 4365 γενομένη
1090 4298 1237 4368 παρά
1261 4299 1359 4369 τὴν
1385 4301 1727 4371 Ἐκκλησίαν,

157 4377 214 4429 τὸ
252 4378 555 4447 ὁμολογεῖν,
591 4381 671 4434 ὅτι
717 4384 852 4454 αὑτὴ
917 4385 1051 4457 μόνη
1108 4389 1267 4459 ήτοῦ
1323 4392 1524 4463 Κυρίου
1574 4393 1729 4446 δύνα-

157 4487 251 4538 μις
283 4471 409 4532 τοὺς
470 4472 904 4543 ἀγωνιζομένους
941 4475 1162 4531 διέσωσε
1226 4480 1318 4533 καὶ
1365 4482 1725 4554 ὑψηλοτέρους

152 4561 454 4629 ἀπέδειξεν.

244 4657 552 4720 Ἀνοίεατέ
567 4676 670 4727 μοι
699 4660 897 4727 πύλας
955 4661 1363 4733 δικαιοσύνης.
1419 4668 1597 4731 Πύλας
1643 4669 1723 4722 δι-

1852 3214 2046 3282 Spinas
2080 3223 2261 3268 autem
2288 3215 2590 3284 voluptates
2618 3230 2739 3269 esse
2785 3223 3033 3268 sanctum
3068 3215 3415 3285 Evangelium

1850 3303 2257 3373 interpretatum
2284 3316 2647 3375 est:quorum
2694 3306 2856 3360 verba
2909 3306 3104 3360 evertit
3128 3307 3219 3377 qui
3247 3308 3415 3362 Deum

1850 3406 2022 3449 vocat.
2053 3395 2216 3451 Arma
2244 3406 2425 3451 autem
2454 3396 2575 3467 ejus
2615 3414 2722 3451 non
2769 3399 3029 3462 carnalia,
3064 3399 3152 3453 sed
3183 3401 3414 3469 potentia

1846 3487 1957 3542 Dco
1992 3489 2060 3541 ad
2100 3488 2470 3541 destruendam
2499 3505 2699 3541 omnem
2727 3489 3061 3543 altitudinem
3086 3492 3413 3547 extollentem

1846 3601 1898 3637 se
1931 3585 2178 3637 adversus
2206 3586 2480 3636 scientiam
2513 3583 2603 3636 Dei
2618 3585 2683 3639 ⁸⁸.

1910 3677 1996 3730 15.
2051 3675 2160 3729 Vox
2204 3676 2572 3729 exsultationis
2621 3685 2671 3729 et
2721 3677 2911 3732 salutis
2956 3682 3010 3733 in
3059 3680 3409 3734 tabernaculis

1834 3771 2121 3836 justorum.
2144 3766 2463 3837 Utpmejam
2481 3770 2546 3823 de
2568 3770 2744 3824 medio
2775 3771 3004 3826 sublatis
3034 3773 3408 3842 spiritualibus

1843 3859 2097 3927 inimicis,
2123 3861 2216 3930 qui
2250 3861 2414 3915 variis
2447 3862 2780 3931 temporibus
2804 3862 2898 3917 Dei
2927 3865 3184 3934 populum
3218 3880 3401 3935 perse-

1842 3953 1956 4005 cuti
1994 3950 2227 4017 fuerant,
2255 3951 2377 4021 jure
2415 3952 2670 4022 deinceps
2703 3955 2997 4009 audiuntur
3026 3972 3186 4012 voces
3216 3957 3404 4011 exsul-

1842 4044 2085 4108 tationis,
2113 4060 2216 4098 non
2242 4043 2350 4096 alio
2388 4044 2439 4096 in
2471 4044 2591 4099 loco
2623 4062 2785 4114 quam
2827 4048 2880 4101 in
2924 4047 3287 4103 tabernaculis
3312 4049 3401 4118 ju-

1839 4146 2067 4192 storum.

1916 4229 2001 4284 16.
2038 4227 2265 4282 Dextera
2301 4228 2513 4284 Domini
2548 4231 2669 4300 fecit
2711 4233 2975 4296 virtutem,
3011 4244 3116 4289 etc.
3158 4232 3283 4290 Haec
3316 4242 3401 4290 est

1838 4335 1941 4374 vox
1978 4321 2354 4375 exsultationis
2397 4323 2537 4377 edita
2573 4325 2625 4376 in
2666 4322 2924 4391 Ecclesia,
2955 4342 3061 4395 qua
3118 4326 3403 4381 confitetur

1838 4412 2007 4481 ipsam
2044 4412 2213 4480 solam
2260 4412 2472 4466 Domini
2506 4414 2756 4467 virtutem
2807 4426 3182 4472 couccrtantes
3221 4418 3401 4473 salvos

1758 4505 1801 4559 D
1831 4502 2021 4557 fecisse
2056 4518 2119 4556 ac
2143 4503 2378 4559 inimicis
2404 4504 2731 4561 excelsiores
2767 4507 3099 4562 exhibuisse.

1847 4647 2086 4726 Ἶοζέο.
2108 4666 2317 4734 Aperite
2344 4663 2472 4716 mihi
2496 4666 2928 4735 portasjustitiw,
2957 4665 3401 4738 etc.Porlasjus-

150 4748 444 4817 καιοσύνης
496 4751 593 4814 τάς
652 4754 771 4804 κατ’
804 4754 1003 4824 ἀρετὴν
1035 4757 1246 4828 νοήσεις
1306 4760 1607 4830 προκοπὰς,
1659 4763 1723 4827 ἃς

1858 4757 1959 4810 Ξιίω
2001 4757 2267 4827 intelligas
2306 4757 2606 4827 profectum
2635 4759 2686 4812 in
2719 4759 3035 4825 virtutibus,
3070 4776 3231 4829 quem
3259 4762 3400 4817 obti-

148 4840 239 4891 καὶ
274 4839 550 4895 ὁδεύουσιν
573 4843 621 4894 oi
658 4844 784 4906 τοὺς
832 4849 1058 4915 καιροὺς
1102 4848 1207 4901 τῶν
1239 4849 1468 4920 θλίψεων
1491 4853 1720 4923 ὑπομεί-

1858 4858 1959 4903 nent
1986 4852 2076 4918 qui
2110 4850 2461 4904 afflictionum
2489 4860 2733 4919 tempora
2764 4852 3056 4906 sustinent.
3091 4850 3218 4906 lltee
3242 4865 3397 4921 porta

147 4946 356 4993 ναντες.
386 4931 549 5012 ᾼῦτη
579 4934 618 5000 ὴ
645 4934 807 5002 πύλη
830 4935 934 4988 τοῦ
964 4939 1204 5006 Κυρίου,
1221 4939 1438 4995 δίκαιοι
1458 4946 1722 4998 εἰσελεύ-

1858 4939 2066 5003 ὶοηιὶηἱ,
2099 4939 2234 5009 justi
2283 4941 2557 4994 intrabunt
2606 4942 2659 4994 in
2709 4957 2845 4995 eam.
2900 4940 3004 5008 Qui
3050 4958 3144 5012 per
3173 4944 3398 5001 virtutes

145 5039 357 5077 σονται
380 5006 452 5075 ἐν
475 5022 648 5093 αὐτῇ.
680 5027 741 5079 Οἱ
770 5028 859 5081 διά
901 5029 1012 5083 τῶν
1050 5031 1259 5100 ἀρετῶν
1297 5035 1720 5106 περιπατοῦντες

1858 5006 2111 5095 Incedunt,
2126 5030 2190 5083 ad
2212 5029 2355 5083 illam
2387 5032 2699 5101 pervenient
2728 5006 2963 5101 portam,
2999 5006 3120 5103 quae
3149 5034 3299 5090 ducit
3327 5038 3393 5092 ad

145 5117 223 5178 ιίς
251 5115 469 5185 ἐκείνην
492 5117 859 5189 ἀπαντήσουσι
897 5122 995 5193 τὴν
1050 5124 1243 5195 πύλην,
1280 5126 1379 5198 τὴν
1431 5131 1511 5193 εἰς
1549 5131 1719 5204 αὐτὴν

1858 5137 1999 5190 psam
2054 5121 2267 5176 Domini
2326 5124 2853 5193 contemplationem.
2908 5126 3233 5197 Ecqttaanam
3300 5131 3390 5185 illa

142 5206 379 5270 ἀγουσαν
408 5207 509 5279 τὴν
541 5207 636 5260 τοῦ
661 5210 861 5283 Κυρίου
895 5212 1145 5283 θεωρίαν.
1193 5217 1301 5270 Καὶ
1335 5221 1460 5273 ποία
1493 5223 1649 5294 αὑτὴ,
1681 5225 1714 5295 ἦ

1858 5225 1903 5270 st
1937 5216 2040 5270 nisi
2067 5216 2245 5271 cordis
2272 5219 2513 5288 puritas?
2535 5218 2687 5274 Beati
2709 5222 2902 5280 munda
2933 5224 3109 5291 corde,
3136 5226 3261 5294 quia
3288 5225 3389 5297 ipsi

140 5297 234 5366 τῆς
266 5298 495 5369 καρδίας
544 5300 885 5373 καθαρότηςς
939 5305 1225 5377 Μακάριοι
1249 5315 1302 5365 ot
1359 5317 1601 5384 καθαροί
1640 5318 1715 5387 τῇ

1858 5309 1989 5363 leum
2019 5309 2260 5365 videbunt
2286 5312 2351 5365 “.

139 5387 371 5457 καρδίᾳ,
398 5391 490 5444 ὅτι
521 5393 627 5446 τὸν
649 5396 797 5449 Θεὸν
822 5396 1091 5467 ὄψονται.

205 5566 252 5597 ³³
294 5564 468 5624 lCor.
507 5585 566 5636 ιι,
601 5572 648 5625 4.
726 5573 769 5605 ³⁹
809 5572 1004 5646 Ephes.
1039 5596 1088 5649 v,
1119 5581 1201 5639 l2.
1279 5585 1323 5618 "
1362 5585 1403 5641 ll
1432 5588 1554 5647 Cor.
1590 5608 1639 5659 ς,
1662 5594 1714 5649 5.

1858 5597 1867 5626 '
1906 5595 2068 5653 Matth
2130 5614 2179 5663 ι’,
2205 5600 2257 5653 8.

203 5753 316 5827 (45)
356 5756 538 5815 Locus
570 5761 821 5819 vittatus.
