4076 6308
661 354 763 410 479

731 461 822 517 22.
859 461 1108 531 Lapidem
1147 479 1296 532 quem
1328 462 1726 531 repro‘éaverunt
1765 459 2106 527 cediﬁcantes,
2135 458 2215 509 Inc
2244 460 2292 518 Α

664 555 837 625 factus
864 564 938 606 est
993 555 1048 606 in
1096 562 1252 622 caput
1309 553 1510 622 anguli.
1540 551 1616 607 Te
1651 552 1828 622 ipsum
1881 550 1972 619 qui
2009 557 2227 618 propter

665 661 766 699 nos
794 645 966 699 factus
990 662 1048 699 es
1075 646 1211 714 lapis
1250 645 1513 714 abiectus,
1540 646 1966 715 reprobavcrunt
2009 643 2224 711 quidem

664 737 1024 802 mdilicantes;
1055 737 1148 792 sed
1189 747 1308 805 post
1344 737 1582 806 gentium
1621 735 1974 789 mutationem
2005 733 2228 786 alterius

666 829 848 898 anguli
894 839 1054 898 caput
1097 830 1317 885 clfectus
1346 847 1405 884 es
1431 849 1442 882 :
1473 838 1526 883 et
1558 829 1831 898 quodnam
1862 827 2027 881 illud?
2055 825 2228 894 Copu-

667 922 791 976 lavit
813 923 941 975 duos
967 923 1184 992 populos
1210 925 1263 976 in
1294 940 1457 976 unum
1486 939 1674 976 novum
1703 922 1961 974 hominem
1983 919 2050 972 δ’.

737 1099 826 1154 2i.
859 1100 984 1156 llazc
1006 1103 1113 1156 dies
1137 1120 1293 1171 quam
1317 1105 1437 1173 fecit
1470 1103 1744 1168 Dominus,
1773 1112 1877 1156 etc.
1904 1100 2229 1170 Ecqumnam

667 1188 782 1243 dies
809 1189 970 1245 fuerit
992 1192 1098 1246 nisi
1127 1194 1537 1248 resurrectionis
1563 1190 2087 1256 Domini?Qumnam
2119 1191 2232 1244 haec

667 1281 804 1344 dies,
853 1284 954 1337 nisi
1000 1300 1060 1337 ea
1096 1301 1215 1354 quae
1255 1286 1503 1356 gentibus
1536 1285 1788 1340 omnibus
1832 1285 2086 1337 salutaris
2118 1291 2230 1346 est,

667 1390 774 1442 q-Ia
823 1374 956 1443 lapis
1001 1376 1088 1430 ille
1136 1378 1367 1446 rejectus
1390 1376 1566 1431 factus
1597 1385 1680 1430 est
1715 1377 1767 1429 in
1799 1383 1960 1444 caput
2009 1372 2233 1442 anguli?

670 1464 1017 1536 Signilicatur
1062 1480 1243 1523 autem
1291 1469 1406 1524 dies
1462 1469 1878 1524 resurrectionis
1937 1468 2234 1520 Salvator-is

669 1561 862 1623 nostri,
893 1576 1012 1629 quae
1036 1561 1136 1630 ipsi
1167 1563 1508 1633 cognominis
1546 1571 1646 1627 est,
1682 1561 1890 1616 scilicet
1932 1558 2231 1612 Dominica.

733 1743 922 1802 25-27.
952 1743 995 1800 0
1020 1745 1257 1810 Domine,
1298 1748 1501 1802 salvum
1537 1762 1617 1799 me
1648 1745 1755 1815 fac,
1787 1760 1816 1797 ο
1841 1742 2084 1806 Domine,
2115 1742 2238 1794 bene

1505 348 1562 404 S.
1598 345 1964 402 ATHANASH
2004 341 2155 399 OPP.
2197 341 2378 398 PARS
2416 339 2504 397 Ill.
2537 367 2607 378 —--
2636 332 3042 390 EXEGETICA.

3791 318 3901 377 ιεο

2387 454 2567 507 Λίθον
2590 450 2662 503 ὃν
2685 447 3133 515 ἀπεδοκίμασαν
3149 446 3200 497 οἱ
3223 439 3693 510 οίκοδομοῦντες,
3715 427 3899 497 οὗτος

2328 543 2580 614 ἐγενήθη
2610 544 2695 605 είς
2747 536 3020 607 κεφαλὴν
3051 536 3282 604 γωνίας.
3319 532 3405 584 Σοὶ
3441 529 3590 598 αὐτῷ
3627 525 3705 596 τῷ
3732 539 3899 593 γεγο-

2329 637 2441 689 νότι
2471 635 2537 687 δι’
2573 634 2717 704 ἡμᾶς
2743 631 2875 700 λίθῳ
2900 627 3328 697 άπηγορευμένῳ
3361 620 3766 689 ἀπεδοκίμασαν
3795 614 3899 686 μὲν

2328 727 2377 778 οἱ
2408 721 2827 794 οἰκοδομοῦντες·
2863 717 2997 789 μετὰ
3021 716 3194 784 δὲτὴν
3249 715 3354 766 τῶν
3394 711 3560 766 ἐθνῶν
3595 705 3898 779 μεταϐολὴν

2329 819 2521 889 ἑτέρας
2579 816 2776 886 γωνίας
2837 810 3043 880 κεφαλὴ
3103 810 3348 877 γέγονας·
3410 805 3501 858 καὶ
3546 802 3672 856 ποία
3723 798 3897 868 αὖτης

2330 908 2576 977 Συνῆψε
2634 905 2774 968 τοὺς
2835 900 2941 955 δύο
2993 901 3180 966 λαοὺς
3239 903 3324 965 εἰς
3371 898 3479 951 ἕνα
3535 893 3745 947 καινὸν
3789 890 3900 943 ἆν-

2331 1004 2578 1072 θρωπον.

2401 1095 2561 1162 Αὕτη
2601 1093 2788 1164 ἡμέρα
2827 1092 2905 1162 ἢν
2927 1089 3217 1155 ’ἐποίησεν
3258 1088 3289 1140 ό
3315 1084 3547 1151 Κύριος.
3583 1077 3692 1132 Καὶ
3719 1075 3801 1138 τίς
3834 1072 3902 1164 ay

2333 1186 2499 1256 εἴη,ἢ
2535 1187 2568 1256 ἡ
2601 1163 2966 1254 ἀναστάσιμος
3020 1179 3113 1234 τοῦ
3161 1177 3366 1248 Κυρίου
3419 1173 3637 1245 ἡμέρα;
3677 1167 3815 1222 Ποία
3845 1163 3904 1216 ἃ

2333 1275 2470 1347 αὕτη
2503 1276 2683 1347 ἡμέρα
2716 1274 2884 1345 ἀλλ’ἢ
2915 1276 2947 1343 ἡ
2979 1272 3243 1341 σωτήριος
3275 1266 3381 1320 τῶν
3405 1262 3572 1318 ὲθνῶν
3612 1259 3900 1317 ἁπάντων,

2335 1369 2453 1422 καθ’
2488 1369 2551 1438 ἣν
2584 1371 2611 1420 ὁ
2635 1366 2954 1436 ἀποϐληθεὶς
2986 1364 3130 1426 λίθος
3154 1360 3374 1430 γέγονεν
3404 1357 3481 1418 είς
3514 1351 3754 1422 κεφαλὴν
3784 1366 3901 1415 γω-

2335 1458 2485 1522 νίας;
2521 1459 2593 1527 Ση
2605 1459 2777 1527 μαίνει
2807 1457 2862 1509 δὲ
2895 1459 2923 1509 ὁ
2953 1454 3107 1522 λόγος
3135 1450 3230 1520 τὴν
3261 1445 3627 1514 άναστάσιμον
3659 1441 3752 1494 τοῦ
3785 1440 3904 1491 Σω-

2334 1551 2498 1622 τῆρος
2526 1551 2700 1622 ἡμῶν,
2719 1552 2815 1621 τήν
2843 1565 2905 1617 γε
2933 1547 3213 1614 ἐπώνυμον
3263 1538 3421 1594 αὐτοῦ
3456 1534 3770 1606 γενομένην,
3800 1532 3901 1600 δη-

2335 1642 2467 1712 λαδὴ
2499 1642 2800 1713 Κυριακήν.

2406 1729 2480 1788 Ὦ
2507 1735 2700 1802 Κύριε,
2731 1732 2936 1785 σῶσον
2980 1729 3078 1796 δὴ,
3136 1725 3182 1779 ὦ
3212 1725 3408 1792 Κύριε,
3467 1721 3769 1776 εὐόδωσον
3797 1713 3900 1780 δή.

668 1852 972 1904 prosperare
1007 1855 1024 1892 .'
1063 1838 1361 1893 benedictus
1394 1840 1483 1910 qui
1513 1839 1645 1892 venit
1677 1838 1730 1890 in
1762 1837 1966 1889 nomine
1999 1831 2230 1886 Domini.

2336 1824 2745 1893 Εὐλογημένος
2793 1825 2824 1876 ό
2876 1821 3194 1890 ἐρχόμενος
3252 1817 3320 1869 ἐν
3368 1814 3608 1882 ὀνόματι
3655 1809 3899 1876 Κυρίου.

674 1926 963 1998 Doxologia
1000 1930 1075 1999 (id
1114 1941 1196 1986 est
1219 1939 1410 1986 cantus
1440 1931 1494 1984 in
1526 1931 1786 1984 honorem
1817 1925 2118 1984 Trinitatis)
2144 1922 2232 1978 Je-

669 2021 1054 2092 rosolymitana
1085 2023 1264 2086 docet,
1301 2024 1368 2078 de
1393 2039 1628 2092 quonam
1656 2022 1707 2076 id
1738 2021 1940 2075 dictum
1976 2018 2066 2072 sit.
2099 2014 2233 2069 Illud

671 2123 894 2168 autem:
928 2114 1295 2169 Benediximus
1332 2117 1472 2169 vobis
1515 2116 1578 2168 de
1631 2115 1787 2166 domo
1826 2110 2067 2172 Domini,
2108 2121 2236 2176 pro-

668 2206 843 2276 pheta:
869 2208 1055 2263 dicunt
1090 2209 1156 2263 iis
1189 2209 1281 2278 qui
1317 2209 1546 2262 credunt
1575 2207 1629 2260 in
1659 2205 1936 2259 Christum
1970 2216 1984 2254 :
2015 2201 2231 2263 Beatos,

670 2301 942 2370 inquiunt,
998 2316 1094 2355 vos
1140 2299 1575 2370 praedicabimus,
1619 2298 1746 2368 quia
1798 2295 1979 2350 fuistis
2036 2293 2234 2347 domus

670 2393 968 2462 spiritualis
1007 2411 1020 2447 :
1064 2393 1329 2448 inhabitat
1377 2393 1577 2462 quippe
1631 2390 1894 2445 Dominus
1946 2388 1999 2441 in
2055 2385 2231 2439 vobis.

671 2484 982 2540 Constituite
1011 2489 1148 2542 a'iem
1199 2486 1480 2540 solemnem
1531 2487 1586 2537 in
1632 2482 1904 2535 condensis
1953 2495 2111 2548 usque
2165 2477 2233 2530 ad

671 2595 834 2632 Cornu
860 2579 1072 2633 altaris.
1100 2577 1415 2633 Constituite
1439 2575 1577 2627 diem
1599 2573 1898 2626 solemnem.
1931 2571 2234 2640 Intelligen-

670 2672 798 2725 dum
834 2672 944 2736 dat,
971 2686 1065 2726 eos
1094 2670 1188 2740 qui
1223 2669 1289 2723 ad
1317 2667 1474 2723 ﬁdem
1501 2666 1778 2730 accedent,
1813 2665 1884 2719 ita
1913 2665 2234 2734 impleturus

669 2763 912 2818 divinum
955 2762 1382 2827 tabernaculum,
1424 2769 1483 2814 ut
1516 2774 1626 2829 prae
1669 2757 2017 2812 multitudine
2061 2770 2234 2824 usque

672 2855 739 2911 ad
761 2871 961 2910 cornua
990 2855 1172 2911 altaris
1205 2855 1528 2926 pertingant.
1557 2851 1841 2905 Condensa
1869 2857 2049 2902 autem
2079 2855 2236 2902 vocat

668 2949 970 3012 cherubim,
987 2963 1106 3018 quae
1122 2945 1554 3016 pr0pitiatorium
1575 2941 2000 3007 adumbrabant;
2025 2940 2073 2992 id
2089 2940 2230 2993 enim

669 3042 937 3111 signiticat
960 3039 1111 3102 illud,
1131 3037 1422 3090 condensis.
1440 3033 1576 3088 Nam
1601 3029 1933 3088 condensum
1957 3046 2076 3086 esse
2091 3030 2232 3084 idem

667 3142 750 3187 est
780 3131 922 3202 quod
961 3140 1158 3200 tegere.
1188 3128 1480 3183 Cherubim
1517 3142 1645 3182 vero
1682 3126 1783 3180 alis
1820 3125 1935 3180 suis
1976 3122 2233 3194 propitia-

669 3226 866 3281 torium
901 3225 1164 3294 tegebant.

736 3316 825 3372 28.
850 3317 984 3371 Deus
1016 3331 1157 3368 meus
1180 3332 1232 3368 es
1263 3323 1339 3377 tu,
1365 3324 1410 3367 et
1438 3313 1720 3381 conﬁtebor
1741 3312 1855 3365 tibi.
1876 3309 2027 3366 Hanc
2045 3323 2232 3364 vocem

673 3412 935 3468 Salvatori
957 3409 1177 3464 Christo
1204 3407 1407 3462 referre
1437 3406 1756 3461 edocentur.

1176 3571 1425 3626 Alleluia.
1464 3568 1558 3626 CX
1578 3565 1744 3623 VIII.

1257 3665 1650 3734 Argumentum.

671 3759 731 3815 In
764 3759 867 3814 hoc
890 3761 1099 3829 psalmo
1127 3757 1386 3813 describit
1415 3763 1728 3810 sanctorum
1748 3752 2057 3809 institutum
2090 3751 2233 3818 vitae,

745 3855 1062 3917 certamina,
1085 3867 1356 3907 aerumnas
1382 3869 1396 3918 ;
1426 3849 1646 3903 fraudes
1698 3857 1750 3902 et
1785 3849 2112 3917 irruptiones
2137 3848 2236 3903 da:-

746 3959 991 4010 monum,
1010 3952 1293 3999 sescentas
1305 3942 1661 4013 cogitationes
1677 3937 1968 4005 immissas,
1989 3938 2234 4006 laqueos,

742 4038 1030 4104 venabula,
1065 4051 1272 4091 necnon
1312 4050 1375 4090 ea
1403 4035 1601 4105 quibus
1639 4032 1824 4086 isthmc
1850 4041 2131 4101 superant,
2161 4032 2236 4086 le-

743 4148 884 4201 gem,
903 4132 1116 4201 eloquia
1147 4131 1352 4194 divina,
1382 4128 1716 4198 patientiam,
1739 4141 2032 4197 supernum
2063 4134 2116 4179 et
2134 4141 2239 4181 ca:-

744 4229 876 4283 leste
920 4225 1300 4281 commilitium
1329 4240 1343 4288 ;
1381 4222 1575 4277 deinde
1608 4231 1733 4291 post
1768 4221 2003 4286 labores,
2028 4220 2234 4288 bravia,

746 4335 996 4379 coronas,
1020 4316 1260 4386 praemia.

2261 3181 2308 3243 C

2333 1916 2502 1971 Τοῦτο
2529 1917 2621 1969 καὶ
2670 1918 2702 1986 ὴ
2758 1917 2814 1968 ὲν
2863 1911 3250 1983 Ἱεροσολύμοις
3302 1904 3574 1974 δοξολογία
3633 1900 3725 1952 ἐπὶ
3779 1899 3904 1951 τίνα

2336 2008 2593 2078 φέρεσθαι
2627 2006 2879 2070 ἐδίδαξεν.
2921 2005 2993 2056 Τὸ
3029 2003 3104 2065 δὲ,
3164 1999 3590 2070 Εὐλογήκαμεν
3627 1988 3781 2061 ὑμᾶς
3831 1986 3904 2078 ἐξ

2335 2099 2503 2152 οἴκου
2531 2098 2772 2166 Κυρίου,
2807 2094 2978 2148 ταῦτα
3000 2094 3048 2146 oi
3078 2089 3348 2162 προφῆται
3408 2102 3540 2156 φασι
3593 2081 3729 2153 πρὸς
3771 2077 3903 2139 τοὺς

2335 2189 2680 2252 πιστεύοντας
2703 2188 2780 2259 τῷ
2819 2184 3056 2259 Χριστῷ.
3097 2182 3434 2252 Μακαρίους,
3477 2177 3658 2246 φασιν,
3693 2173 3906 2226 ἀποκα-

2334 2280 2559 2351 λέσομεν
2584 2282 2748 2350 ὑμᾶς,
2773 2281 2854 2332 ὃτι
2903 2279 2966 2347 δὴ
2996 2273 3140 2339 οἶκος
3195 2263 3451 2342 γεγόνατε
3512 2264 3900 2336 πνευματικός·

2337 2374 2531 2424 ἐνοικεῖ
2555 2371 2661 2442 γὰρ
2694 2372 2750 2422 ἐν
2776 2372 2900 2440 ὑμῖν
2928 2370 2956 2421 ὁ
2980 2368 3202 2438 Κύριος.
3264 2361 3660 2428 Συστήσασθε
3689 2354 3906 2424 ἑορτὴν

2335 2459 2403 2512 ὲν
2447 2458 2568 2524 τοῖς
2595 2457 2942 2518 πυκάζουσι.
2976 2455 3374 2524 Συστήσασθε
3405 2449 3634 2521 ἑορτήν.
3659 2447 3906 2501 Συνιέναι

2336 2549 2543 2604 κελεύει
2581 2551 2708 2614 τοὺς
2754 2549 3141 2623 προσελθόντας
3171 2549 3237 2617 τῇ
3291 2546 3489 2609 πίστει,
3523 2543 3614 2595 καὶ
3663 2537 3906 2610 πληροῦν

2333 2644 2432 2716 τὴν
2452 2642 2598 2696 θείαν
2629 2643 2945 2714 σκηνὴν,ὼς
2965 2642 3055 2694 καὶ
3085 2641 3248 2712 μέχρι
3277 2638 3382 2690 τῶν
3413 2637 3656 2706 κεράτων
3682 2634 3907 2701 φθάνειν

2333 2734 2428 2787 τοῦ
2463 2733 2844 2806 θυσιαστηρίου
2877 2732 2962 2786 διὰ
2988 2730 3049 2785 τὸ
3105 2730 3323 2802 πλῆθος.
3379 2725 3695 2788 Πυκάζοντα
3752 2722 3807 2775 δὲ
3840 2722 3912 2774 τὰ

2335 2826 2597 2899 χερουδίμ
2631 2845 2780 2898 φησι,
2806 2826 2871 2880 τὰ
2895 2824 3281 2889 ὲπισκιάζοντα
3311 2822 3372 2875 τὸ
3402 2821 3730 2890 ἱλαστήριον·
3750 2813 3911 2867 τοῦτο

2335 2919 2444 2990 γάρ
2479 2922 2592 2972 ἐστι
2622 2921 2702 2983 τὸ,
2738 2918 3085 2979 πυκάζουσι.
3119 2916 3388 2979 Πυκάζειν
3417 2914 3525 2985 γὰρ
3554 2911 3614 2964 τὸ
3656 2910 3904 2963 σκέπειν.

2337 3012 2418 3065 Τὰ
2481 3011 2746 3082 χερουϐὶμ
2805 3009 2860 3062 δὲ
2921 3009 3149 3062 ἔσκεπον
3209 3010 3329 3070 ταῖς
3397 3004 3626 3075 πτέρυξι
3681 3001 3742 3055 τὸ
3796 2998 3910 3052 ἱλα-

2339 3102 2435 3173 στή
2446 3118 2576 3173 ριον.

2407 3306 2549 3370 Θεός
2571 3321 2687 3372 μου
2724 3297 2779 3356 εἷ
2821 3301 2923 3364 σὺ,
2951 3301 3046 3355 καί
3071 3296 3585 3369 ἐξομολογήσομαί
3623 3307 3742 3346 σοι.
3774 3291 3911 3345 Ταύ-

2335 3415 2432 3469 την
2465 3395 2750 3465 ἀναφέρειν
2779 3393 2855 3465 τῷ
2892 3392 3104 3464 Σωτῆρι
3161 3389 3381 3460 Χριστῷ
3416 3387 3755 3442 διδάσκονται
3803 3385 3904 3453 τὴν

2337 3490 2542 3561 φωνήν.

2835 3578 3212 3646 Ἀλληλούϊα.
3259 3574 3412 3629 ΡΙΗ’.

2962 3673 2976 3689 ”
2988 3671 3294 3735 Υπόθεσις.

2351 3761 2437 3815 Ἐν
2473 3761 2646 3833 τούτῳ
2678 3762 2789 3815 τῶν
2824 3761 2992 3830 ἁγίων
3025 3759 3313 3830 διαγράφει
3335 3755 3431 3827 τὴν
3460 3750 3756 3812 πολιτείαν,
3783 3751 3916 3812 τοὺς

2406 3856 2641 3925 ἀγῶνας,
2673 3856 2770 3919 τὰς
2801 3854 3024 3923 θλίψεις,
3052 3853 3120 3906 τὰ
3148 3851 3466 3921 σκάμματα,
3519 3848 3617 3909 τὰς
3660 3844 3768 3897 τῶν
3798 3843 3912 3896 δαι-

2412 3949 2586 4019 μόνων
2616 3949 3027 4010 ἐπαναστάσεις,
3079 3945 3205 4006 τοὺς
3255 3942 3479 4013 μυρίους
3543 3935 3914 4006 ὐποὸαλλομέ-

2409 4059 2530 4105 νους
2559 4041 2870 4112 λογισμοὺς,
2917 4039 3014 4101 τὰς
3053 4037 3304 4105 παγίδας,
3329 4034 3397 4087 τὰ
3429 4032 3691 4104 θήρατρα·
3718 4030 3780 4082 οὐ
3807 4029 3912 4098 μὴν

2405 4133 2537 4186 ἀλλὰ
2560 4133 2651 4185 καὶ
2683 4133 2750 4184 τὰ
2782 4132 2844 4183 δι’
2870 4125 2941 4183 ὧν
2975 4129 3384 4201 περιγένωνται,
3401 4125 3491 4178 τὸν
3521 4122 3703 4192 νόμον,
3728 4121 3796 4173 τὰ
3821 4119 3913 4171 λό-

2408 4242 2522 4293 για,
2547 4226 2643 4293 τὴν
2672 4222 2967 4293 ὑπομονὴν,
3003 4221 3100 4291 τὴν
3135 4218 3335 4274 ἄνωθεν
3359 4214 3689 4287 συμμαχίαν
3723 4211 3913 4264 ἔπειτα

2412 4317 2549 4387 μετὰ
2581 4315 2701 4378 τοὺς
2749 4315 2960 4377 πόνους,
3002 4312 3248 4384 βραδεῖα,
3275 4312 3400 4374 τοὺς
3447 4308 3764 4377 στεφάνους,
3813 4305 3912 4370 τας

2407 4407 2657 4480 ἀμοιϐάς.

749 4511 800 4558 1.
832 4503 979 4557 Beati
1009 4497 1337 4554 immaculati
1387 4498 1439 4548 in
1477 4497 1578 4549 via.
1621 4492 1723 4559 Qui
1768 4492 2078 4546 nullatenus
2106 4506 2235 4562 pec—

2410 4499 2697 4570 Μακάριοι
2733 4503 2785 4554 οί
2819 4499 3039 4568 ἄμωμοι
3095 4498 3165 4552 ἐν
3193 4497 3328 4564 ὀδῷ.
3371 4497 3430 4550 'O
3476 4495 3698 4566 μηδαμῆ
3740 4492 3911 4564 μηδα-

679 4605 786 4660 cat,
817 4609 864 4647 IS
891 4589 1269 4645 immaculatus
1299 4596 1352 4641 et
1380 4586 1568 4640 beatus
1601 4591 1709 4639 est.

750 4763 804 4817 2.
828 4761 979 4815 Beati
1029 4761 1116 4829 qui
1165 4765 1468 4813 scrutantur
1519 4757 1812 4809 testimonia
1857 4754 1990 4824 ejus,
2026 4758 2081 4808 in
2131 4765 2241 4809 toto

2342 4594 2455 4667 μῶς
2479 4592 2823 4664 ἁμαρτάνων,
2859 4585 3013 4652 οὗτος
3041 4588 3106 4642 ἂν
3130 4589 3216 4660 εἴη
3265 4588 3492 4658 ἄμωμος
3532 4587 3626 4639 καὶ
3661 4585 3769 4656 μὴν
3817 4586 3910 4637 καὶ

2341 4685 2624 4756 μακάριος.

2408 4773 2691 4842 Μακάριοι
2717 4775 2768 4827 οἱ
2800 4771 3227 4841 ἐξερευνῶντες
3254 4771 3325 4825 τὰ
3364 4769 3658 4839 μαρτύρια
3700 4770 3907 4831 αὐτου,

681 4859 834 4914 corde
862 4856 1128 4925 exquirant
1158 4867 1295 4906 eum.
1331 4848 1448 4904 Non
1474 4856 1688 4918 oportet
1714 4848 1857 4902 enim
1883 4847 2044 4901 modo
2070 4849 2238 4916 legem

2336 4867 2538 4934 eram
2586 4864 2796 4933 καρδίᾳ
2853 4862 3292 4932 ἐκζητήσουσιν
3329 4863 3534 4916 αὐτόν.
3575 4861 3651 4913 Οὐ
3690 4860 3800 4931 γὰρ
3831 4859 3914 4911 δεῖ

681 4950 924 5020 implere,
951 4948 1109 5002 modo
1143 4941 1502 5015 praevaricari.
1536 4939 1676 5006 Quid
1703 4941 1846 4996 enim
1873 4941 2009 4994 lucri
2041 4942 2165 5003 erit,
2193 4940 2240 4994 si

683 5041 1002 5110 simpliciter
1043 5038 1332 5108 exquirant
1383 5036 1694 5091 testimonia
1735 5035 1877 5104 ejus,
1909 5042 1963 5089 et
2007 5049 2072 5088 ex
2131 5041 2244 5088 toto

684 5135 845 5189 corde
870 5130 1033 5186 Deum
1069 5147 1175 5184 non
1209 5129 1489 5199 qurerant?

753 5323 804 5377 5.
843 5320 962 5374 Non
984 5323 1119 5373 enim
1148 5321 1234 5389 qui
1266 5327 1546 5387 operantur
1569 5317 1900 5385 iniquitatem
1927 5316 1982 5368 in
2008 5315 2104 5368 viis
2131 5314 2242 5382 ejus

686 5411 1100 5465 ambulaverunt.
1127 5411 1290 5480 Igitur
1312 5411 1546 5464 diVinam
1581 5408 1748 5477 legem
1773 5409 1981 5479 ignorat
2001 5407 2092 5477 qui
2119 5422 2244 5475 pec-

685 5512 811 5568 cat;
843 5519 964 5556 nam
1012 5517 1338 5571 cognoscere
1381 5501 1518 5556 idem
1552 5510 1632 5557 est
1666 5516 1728 5555 ac
1759 5501 2044 5557 observare
2073 5498 2241 5552 illam.

759 5802 802 5832 "
830 5799 1017 5871 Ephcs.
1052 5816 1109 5865 ιι,
1143 5799 1219 5854 15.

2346 4961 2472 5013 ποτὲ
2505 4960 2600 5029 μὲν
2631 4956 2922 5029 κατορθοῦν
2977 4956 3065 5009 τὸν
3094 4957 3275 5027 νόμον,
3312 4955 3440 5009 ποτὲ
3482 4954 3538 5007 δὲ
3585 4952 3912 5024 παραϐάτην

2346 5047 2712 5117 γενέσθαιηΤί
2740 5047 2848 5117 γὰρ
2871 5046 3061 5118 κέρδος
3088 5045 3181 5099 τοῦ
3209 5043 3556 5117 ὲξερευνῆσαι
3601 5045 3669 5098 τὰ
3701 5045 3911 5114 μαρτύ-

2349 5151 2436 5203 ρια
2461 5132 2622 5187 αὐτοῦ
2677 5133 2882 5198 ἁπλῶς,
2917 5133 3009 5187 καὶ
3040 5133 3099 5200 ἐξ
3129 5135 3255 5205 ὅλης
3313 5133 3369 5187 δὲ
3404 5134 3629 5205 καρδίας
3662 5134 3753 5187 τὸν
3780 5133 3913 5185 Θεὸν

2351 5226 2424 5296 μὴ
2454 5225 2729 5295 ὲκζητεῖνς

2421 5319 2502 5371 Οὐ
2546 5317 2652 5388 γὰρ
2689 5322 2738 5371 οί
2792 5319 3157 5390 ἐργῖιζὸμενοι
3215 5318 3330 5386 τὴν
3367 5317 3619 5387 ἀνομίαν
3664 5318 3736 5369 ἑν
3785 5317 3915 5384 ταῖς

2352 5412 2510 5477 ὁδοῖς
2541 5412 2729 5465 αὑτοῦ
2763 5413 3193 5480 ἐπορεύθησαν.
3219 5410 3426 5464 Οὐκοῦν
3451 5410 3541 5463 τὸν
3579 5408 3720 5461 θεῖον
3751 5409 3915 5480 νόμον

2350 5506 2446 5557 οὐκ
2475 5501 2611 5557 οἶδεν
2642 5507 2669 5556 ὁ
2707 5505 3056 5577 ἁμαρτάνων·
3092 5506 3152 5558 τὸ
3197 5503 3304 5574 γὰρ
3346 5501 3635 5572 γινώσκειν
3689 5501 3809 5556 ἐστὶ
3857 5499 3922 5551 τὸ

2349 5595 2541 5668 ἐργάζε
2551 5597 2667 5652 σθαι
2716 5597 2892 5652 αὐτόν.
