4076 6308
173 343 262 400 ιει

1211 350 1575 407 ΕλΡΟΒΗἹΟ
1612 351 1681 405 l.\'
1724 349 2046 408 PSALMCM
2087 352 2314 409 CXVIII.

3288 353 3393 412 482

243 459 322 513 Σὺ
350 460 627 514 ὲνετείλω
660 462 759 525 τὰς
779 463 1026 527 ἐντολάς
1047 479 1158 518 σου
1187 465 1564 533 φυλάξασθαι
1596 468 1713 534 σ’ρό

1906 467 1960 528 4,
1986 466 2035 520 5.
2070 465 2143 519 Tu
2177 468 2437 520 mandasti
2488 469 2734 519 mandata
2785 478 2873 520 tua
2919 469 3170 521 custodiri
3216 471 3393 525 nimis.

170 553 295 621 δρα.
336 555 589 621 Ὄφελον
626 557 1163 622 κατευθυνθείησαν
1193 560 1250 610 at
1303 558 1430 611 ὁδοί
1478 577 1594 625 μοι·
1630 557 1734 610 τοῦ

167 643 547 713 φυλάξασθαι
593 646 663 697 τὰ
715 646 1066 715 δικαιώματά
1126 665 1260 702 σου.
1299 650 1478 711 Γνοὺς,
1509 648 1582 711 ὡς
1633 647 1734 716 τῆς

167 734 370 787 ἄνωθεν
399 736 714 805 ἐπικουρίας
759 738 923 808 χωρὶς
975 739 1034 790 οὐ
1081 738 1300 792 δυνατόν
1355 758 1474 792 τινα
1521 740 1732 808 φύλακα

166 825 416 890 γενέσθαι
436 825 528 878 τοῦ
574 828 757 897 νόμου,
801 829 931 899 εὐχῇ
955 829 1110 882 τοῦτο
1154 831 1327 902 ἐαυτῷ
1352 832 1621 902 κατορθοῖ·
1651 834 1729 896 τὸ,

167 917 408 984 ὄφελον,
440 920 559 971 ἀντί
579 919 692 984 τοῦ,
721 921 946 988 γένοιτο.
978 927 1171 976 κεῖται.

245 1008 793 1079 Ἐξομολογήσσμαί
855 1028 951 1065 σοι
1004 1015 1074 1065 ἐν
1141 1017 1409 1082 εὺθίιτητι
1466 1017 1725 1084 καρδίας.

167 1098 314 1150 Μετὰ
348 1099 447 1168 τὴν
499 1101 662 1171 εὐχὴν
707 1102 800 1153 καὶ
837 1103 896 1154 τὸ
953 1103 1058 1155 άπὸ
1103 1105 1469 1175 προαιρέσεως
1497 1107 1724 1177 τίθησιν.

178 1190 337 1260 Ἀρχὴ
373 1190 427 1241 δέ
450 1190 548 1260 τῆς
573 1193 837 1263 σωτηρίας
859 1193 889 1261 ἡ
919 1193 1319 1265 ἐξομολόγησις.

232 1281 326 1346 Μή
362 1301 438 1350 με
471 1283 904 1351 ὲγκαταλείπῃς
953 1284 1060 1350 ἕως
1096 1287 1346 1355 σφόδρα.
1409 1289 1572 1342 Πάλιν
1631 1291 1726 1360 τὴν

165 1371 361 1424 ἄνωθεν
394 1374 707 1444 συμμαχίαν
733 1375 1083 1428 ἐπικαλεῖται.

242 1465 336 1515 Ἐν
363 1465 482 1517 τίνι
512 1464 865 1532 κατορθώσει
888 1464 1163 1535 νεώτερος
1202 1468 1314 1535 τὴν
1339 1468 1480 1522 ὀδόν
1505 1471 1724 1535 (terei);

166 1552 395 1616 Πολλῶν,
449 1556 632 1625 φησὶν,
680 1557 890 1627 ἐστὶνή
934 1559 1120 1629 νεότης
1171 1559 1481 1613 σκανδάλων
1533 1565 1721 1633 μεστή.

167 1644 282 1708 Πῶς
317 1641 410 1698 οῦν
471 1663 552 1709 τις
577 1646 748 1699 ταῦτα
788 1647 1046 1718 ὑπερέϐη,
1109 1649 1141 1718 ἢ
1181 1647 1266 1700 διὰ
1311 1649 1404 1701 τοῦ
1457 1650 1596 1719 ἔχειν
1628 1651 1723 1720 τὴν

171 1738 381 1806 μνήμην
426 1738 550 1801 τοὺς
602 1737 693 1790 τοῦ
748 1737 880 1790 Θεοῦ
927 1738 1112 1806 λόγους
1169 1739 1488 1801 διαπαντός;
1543 1741 1573 1809 ἡ
1615 1739 1722 1811 γὰρ

163 1829 330 1881 ἔννοια
356 1827 453 1880 τοῦ
481 1828 623 1880 θείου
645 1828 806 1898 νόμου
840 1829 932 1880 καὶ
962 1829 1258 1900 καθαρτικὴ
1300 1849 1390 1884 και
1415 1831 1719 1904 φυλακτικὴ

165 1919 374 1982 πάντως
402 1918 568 1971 ἐστίν.
1623 1987 1627 1992 ἡ

236 2013 335 2063 Ἐν
368 2011 485 2079 ὅλῃ
534 2010 744 2078 καρδίᾳ
761 2028 878 2078 μου
905 2008 1228 2076 ἐξεζήτησιὶ
1256 2024 1346 2062 σε.
1378 2010 1437 2062 Εἰ
1471 2011 1502 2080 ἡ
1537 2011 1718 2083 μνήμη

161 2101 245 2155 τοῦ
290 2101 446 2166 Θεοῦ,
494 2103 656 2172 φησι,
718 2102 844 2165 τοὺς
894 2103 1219 2164 Σατανικοὺς
1281 2101 1494 2154 ἐκδῦναι
1550 2120 1722 2174 παρα-

167 2195 407 2259 σκευάζει
433 2195 674 2267 βρὸχους,
710 2195 818 2264 ἐγὼ
842 2195 897 2248 δὲ
922 2194 1153 2266 ἐμαυτοῦ
1193 2196 1318 2264 ὃλην
1368 2195 1462 2266 τὴν
1486 2196 1719 2250 διάνοιαν

162 2288 391 2358 ἁνέθηκά
420 2305 501 2340 σοι
533 2289 610 2358 τῷ
647 2289 781 2359 Θεῷ·
811 2288 955 2354 ἄξιός
983 2291 1093 2357 είμι
1124 2287 1228 2339 τῶν
1262 2287 1366 2340 σῶν
1393 2288 1494 2352 ἔξω
1521 2289 1593 2361 μὴ
1624 2290 1718 2358 μὲ-

162 2395 260 2430 νιιν
287 2378 534 2431 ἐντολῶν.
572 2381 642 2431 ”Α
689 2398 838 2450 φησι,
893 2381 966 2452 μὴ
1025 2381 1345 2451 άπογνόημά
1384 2399 1465 2444 τις
1587 2382 1718 2452 πρὸς

162 2473 284 2540 ὅπερ
314 2473 567 2542 ἐροῦμεν,
591 2473 849 2543 ἐπιθυμία
875 2477 939 2544 τῇ
974 2474 1100 2542 περὶ
1123 2474 1211 2526 τὸν
1239 2475 1398 2542 νόμον
1426 2474 1713 2544 χρώμενοι,

160 2562 341 2616 δέδωκε
386 2563 486 2633 τὴν
517 2565 827 2616 ἀσυνεσίαν·
883 2565 915 2634 ἢ
971 2565 1184 2627 πολλοῖς
1223 2566 1322 2637 τὴν
1377 2565 1606 2636 σπουδὴν
1640 2568 1718 2630 είς

159 2654 459 2708 τούναντίον
489 2655 815 2725 περιίστησι,
846 2656 936 2708 καὶ
963 2657 1018 2708 ἐν
1045 2651 1126 2719 οἷς
1176 2657 1387 2710 δοκοῦσι
1421 2659 1716 2729 κατορθοῦν

160 2750 478 2819 ἐσφάλησαν,
503 2751 642 2802 κατὰ
665 2750 724 2802 τὸ
744 2750 1030 2819 λεγόμενον
1048 2752 1194 2822 παρᾶ
1219 2753 1577 2823 Σολομῶνι·Ἔ
1582 2771 1719 2806 στιν

159 2841 286 2906 ὁδὸς
314 2841 350 2908 ἢ
378 2841 547 2894 δοκεῖ
568 2842 723 2907 παρὰ
751 2842 1079 2909 (ἱνθοώποις
1116 2843 1258 2910 ὀρθὴ
1305 2841 1473 2897 εἶναι·
1517 2846 1586 2898 τὰ
1647 2844 1716 2897 δὲ

161 2932 457 2986 τελευταῖα
475 2931 664 3000 αὐτῆς
692 2932 922 3002 ἔρχεται
954 2937 1038 3000 εὶς
1084 2937 1350 3004 πυθμένα
1383 2936 1548 3002 ᾅδου.
1574 2936 1711 2989 Οὐκ-

160 3022 242 3078 οῦν
283 3027 428 3088 ὅστις
481 3024 542 3090 ἐξ
588 3026 842 3096 ἡμισείας
908 3026 1134 3097 καρδίας
1167 3027 1254 3080 τὸν
1287 3027 1418 3080 Θεὸν
1447 3026 1710 3098 ἐπιζητεῖ,

1843 556 2055 611 Γιὲηαηι
2089 559 2388 628 dirigantur
2417 560 2513 612 via:
2556 576 2679 612 mea:
2705 559 2772 610 ad
2797 561 3162 613 custodiendus
3183 560 3391 630 justi/t-

1837 652 2061 702 cutiones
2085 651 2238 702 tuas.’
2260 650 2490 714 Gnarus,
2510 651 2624 704 sine
2646 652 2850 704 cmlesti
2881 651 3083 703 auxilio
3107 668 3207 703 non
3235 669 3392 720 posse

1834 743 2137 810 quempiam
2167 743 2298 810 legis
2324 758 2442 796 esse
2475 743 2899 806 obscrvatorem,
2935 743 2983 796 id
3019 745 3262 798 oratione
3287 746 3389 798 snbi

1833 841 2127 901 comparat.
2159 832 2313 897 Illud,
2346 836 2565 898 utinam,
2599 835 2831 903 positqu
2854 827 2951 888 ἐει
2983 850 3079 904 pro
3110 835 3219 891 ﬂat.

1909 1028 1958 1082 7.
1996 1028 2290 1082 Confitebcr
2335 1030 2428 1084 tibi
2461 1033 2512 1084 in
2546 1031 2826 1084 directione
2867 1032 3056 1083 cordis.
3102 1030 3231 1086 Post
3273 1048 3388 1085 ora-

1831 1117 2028 1171 tionem
2053 1119 2283 1187 explicat
2305 1135 2409 1188 qua
2438 1121 2506 1174 sit
2531 1121 2878 1174 inclinatione
2901 1122 3215 1176 voluntatis.
3235 1121 3387 1175 Prin-

1829 1208 2029 1276 cipium
2061 1221 2234 1262 autem
2264 1211 2474 1270 salutis.
2496 1220 2577 1265 est
2600 1210 2889 1264 confessio.

1909 1300 1962 1353 8.
1994 1299 2113 1352 Non
2143 1318 2218 1353 me
2246 1302 2572 1370 derelinquas
2600 1319 2976 1372 usquequaque.
3018 1303 3252 1358 Rursum
3292 1320 3384 1359 su-

1827 1390 2008 1456 perius
2032 1401 2383 1446 memoratum
2415 1393 2650 1461 postulat
2681 1395 2954 1448 auxilium.

1894 1479 1945 1532 9.
1976 1478 2041 1532 In
2069 1497 2168 1549 quo
2193 1484 2404 1552 corrigit
2437 1483 2810 1538 adolescentior
2828 1488 2959 1539 viam
2987 1504 3155 1541 suam.
3176 1487 3378 1556 Multis,

1827 1571 2034 1641 inquit,
2069 1572 2406 1630 oil‘endiculis
2454 1575 2608 1644 plena
2649 1584 2730 1630 est
2765 1577 3042 1645 juventus.
3073 1578 3190 1645 Quo
3220 1591 3377 1649 pacto

1825 1664 1985 1731 igitur
2020 1665 2107 1718 illa
2141 1666 2261 1734 quis
2293 1668 2645 1734 superaverit,
2683 1669 2786 1722 nisi
2829 1671 3200 1725 conservando
3239 1687 3378 1726 sem-

1824 1768 1918 1821 per
1951 1755 2264 1809 memoriam
2293 1757 2574 1810 verborum
2605 1757 2878 1812 Dei?Nam
2902 1761 3157 1829 cogitatio
3181 1761 3378 1816 divinae

1823 1846 1982 1916 legis,
2022 1863 2128 1900 una
2163 1846 2389 1901 mundat
2419 1857 2579 1918 atque
2609 1851 2865 1904 custodit.

1818 2062 1823 2066 .
1903 2022 1988 2077 10.
2016 2021 2080 2075 1η
2112 2033 2214 2076 toto
2243 2025 2395 2076 corde
2433 2040 2543 2077 meo
2590 2027 2845 2093 exquisivi
2878 2037 2943 2080 te.
2975 2025 3030 2081 Si
3060 2027 3152 2082 Dei
3177 2046 3374 2085 memo-

1821 2115 1919 2179 ria,
1957 2114 2150 2185 inquit,
2179 2116 2242 2170 ad
2293 2115 2573 2171 Satanicos
2628 2117 2850 2188 laqueos
2898 2119 3145 2175 vitandos
3183 2122 3368 2190 juvat;

1818 2221 1917 2275 ego
1950 2222 2075 2260 vero
2108 2216 2270 2259 totam
2298 2208 2674 2276 cogitationem
2705 2224 2878 2263 meam
2908 2209 3001 2262 tibi
3034 2209 3138 2265 Deo
3162 2213 3368 2280 obtuli;

1818 2298 2006 2367 dignus
2033 2313 2148 2350 sum
2164 2299 2373 2367 quinon
2395 2314 2635 2352 maneam
2663 2310 2814 2354 extra
2836 2301 3081 2355 mandata
3114 2310 3201 2357 tua
3235 2303 3366 2377 (44).

1818 2387 1946 2455 Qua:
1976 2390 2068 2455 ait,
2118 2405 2185 2444 ne
2232 2391 2283 2444 ir.
2321 2391 2745 2458 desperationem
2787 2392 3088 2448 incidamus
3135 2411 3234 2450 nos
3279 2398 3369 2464 q'Ji

1817 2498 1938 2551 erga
1999 2485 2167 2552 legem
2221 2483 2494 2537 desiderio
2529 2491 2789 2537 tenemur.
2845 2484 2978 2538 Sunt
3029 2487 3174 2539 enim
3231 2503 3369 2556 quos

1818 2571 1958 2627 Deus
1987 2575 2259 2642 permittat
2293 2576 2347 2628 in
2395 2576 2812 2643 imprudentiam
2863 2577 2964 2630 labi
2997 2596 3011 2644 ;
3049 2579 3163 2633 sive
3203 2581 3367 2636 etiam

1817 2665 1999 2719 multis
2035 2665 2270 2720 studium
2307 2666 2360 2718 in
2403 2668 2731 2721 contrarium
2775 2670 3074 2736 convertit;
3107 2672 3178 2724 ita
3225 2680 3280 2725 ut
3313 2673 3368 2726 in

1815 2757 2010 2825 quibus
2062 2773 2118 2811 se
2148 2765 2288 2811 recte
2335 2772 2491 2826 agere
2525 2766 2716 2827 putant
2754 2759 3176 2829 liallucinentur,
3215 2763 3367 2832 juxta

1815 2847 1982 2900 illuda
2003 2847 2292 2902 Salomone
2315 2848 2512 2902 dictum
2536 2848 2579 2878 "
2605 2867 2616 2902 :
2647 2847 2737 2900 Est
2758 2849 2840 2901 via
2868 2865 2982 2919 qua:
3011 2851 3212 2904 videtur
3228 2854 3365 2922 apud

1814 2938 2041 2992 homines
2073 2949 2210 2992 recta
2233 2955 2361 3002 esse,
2390 2938 2536 3007 cujus
2563 2948 2790 2992 extrema
2816 2941 3021 2993 veniunt
3053 2942 3120 2995 ad
3144 2944 3365 3012 profun-

1814 3027 1937 3080 dum
1971 3029 2184 3097 inferni.
2231 3029 2339 3098 (45)
2375 3029 2542 3098 Igitur
2587 3029 2833 3099 quisquis
2865 3046 2928 3084 ex
2967 3033 3141 3086 media
3188 3035 3365 3088 cordis

159 3114 242 3167 νῦν
278 3116 372 3185 μὲν
402 3114 569 3184 αὐτῷ,
596 3114 688 3167 νῦν
734 3115 790 3167 δέ
839 3115 919 3186 τῷ¹
956 3119 1142 3187 κόσμῳ
1203 3118 1480 3188 σχολάζειν
1535 3119 1713 3188 βουλό-

1815 3129 1961 3187 parte
1986 3119 2151 3173 Deum
2179 3121 2389 3188 quierit,
2413 3129 2466 3173 et
2495 3121 2654 3174 modo
2673 3121 2772 3189 ipsi
2799 3136 2922 3176 mox
2951 3124 3153 3177 mundo
3177 3140 3366 3178 vacare

164 3224 325 3275 pavog,
351 3206 538 3259 τοῦτον
566 3206 856 3259 ἀποϐάλλει
899 3207 1004 3261 τῶν
1059 3207 1272 3260 οἰκείων
1322 3209 1568 3272 ἐντολῶν,
1634 3210 1710 3272 ὡς

162 3297 480 3369 στρατιώτην
507 3298 780 3369 ἀδόκιμον.

233 3390 322 3440 Ἐν
353 3389 425 3456 τῇ
465 3389 677 3456 καρδίᾳ
695 3407 814 3457 μου
846 3389 1081 3457 ἔκρυψα
1117 3389 1189 3443 τὰ
1243 3390 1417 3458 λόγια
1469 3408 1604 3445 σου.
1647 3393 1708 3444 Ei

163 3480 226 3548 μὴ
250 3480 353 3550 γὰρ
385 3480 634 3549 καθάπερ
664 3481 720 3530 ‘e’v
745 3480 1032 3549 θησαυροῖς
1083 3498 1168 3542 τις
1202 3485 1266 3552 τῇ
1290 3483 1483 3552 καρδίᾳ
1516 3485 1707 3536 ἐναπο-

160 3570 332 3641 κλείσῃ
356 3570 455 3632 τάς
501 3569 594 3622 τοῦ
641 3569 773 3622 Θεοῦ
823 3570 1058 3633 ἐντολὰς,
1098 3572 1362 3641 ἔρχεταιὸ
1403 3574 1708 3646 κακοῦργος

161 3661 243 3713 καὶ
262 3662 494 3733 ἁρπάζει
525 3662 710 3725 αὐτάς.
763 3662 1083 3734 Ἀμαρτάνει
1134 3663 1211 3733 τῷ
1263 3663 1378 3734 Θεῴ
1403 3665 1430 3715 ὁ
1458 3664 1707 3728 ἀξιωθεὶς

162 3752 339 3822 λογίων
389 3753 859 3826 ἀπορῤητοτέρων,
910 3755 1000 3806 καὶ
1057 3753 1390 3822 κρύπτεσθαι
1433 3756 1540 3809 ἀπὸ
1599 3756 1707 3810 τῶν

164 3848 353 3901 πολλῶν
375 3847 561 3915 ἀξίων,
623 3848 715 3900 καὶ
761 3847 834 3917 μὴ
885 3847 1138 3917 κρύπτων
1187 3848 1325 3900 αὐτὰ
1373 3851 1462 3916 ἀφ’
1496 3843 1569 3901 ὧν
1607 3850 1702 3903 δεῖ.

159 3939 398 4001 Κίνδυνος
423 3938 532 4008 γάρ
560 3939 620 3991 οὐ
650 3939 804 4008 μόνον
847 3939 908 3992 τὸ
937 3939 1004 3992 τὰ
1028 3938 1195 4008 ψευδῆ
1219 3939 1415 4007 λέγειν,
1439 3941 1572 3992 ἀλλὰ
1613 3943 1706 3993 καὶ

159 4031 210 4083 τὸ
235 4031 298 4085 τὰ
341 4029 539 4102 ἀληθῆ,
587 4031 723 4083 ἐπὰν
757 4031 891 4094 ὅλως
951 4028 985 4084 ἃ
1028 4031 1100 4101 μὴ
1133 4030 1213 4081 δεῖ
1264 4031 1571 4105 ἀπαγγείλῃ
1601 4049 1700 4095 τις·

156 4125 226 4176 Οὐ
247 4123 349 4192 γὰρ
381 4122 478 4176 δεῖ
514 4121 655 4188 τοὺς
694 4123 1055 4190 μαργαρίτας
1115 4121 1451 4185 ,ϐάλλεσθαι
1487 4121 1703 4191 ἔμπρο-

160 4217 292 4268 σθεν
340 4215 459 4269 τῶν
510 4216 756 4285 χοίρων,
808 4213 950 4266 οὐδὲ
1001 4212 1229 4265 διδόναι
1283 4213 1354 4266 τὰ
1396 4213 1531 4283 ἅγια
1582 4212 1704 4279 τοῖς

161 4308 556 4466 κυὲίῦῖῖοτητδς
574 4391 645 4459 εἴ,
680 4395 872 4462 Κύριε,
892 4391 1138 4456 δίδαξόν
1153 4410 1228 4461 με
1256 4392 1331 4445 τὰ
1348 4393 1702 4461 δικαιώματά

1814 3209 1992 3278 cupit;
2024 3210 2167 3265 hunc
2201 3211 2287 3265 ille
2313 3225 2342 3264 a
2376 3212 2489 3265 suis
2523 3213 2792 3266 mandatis
2817 3213 3002 3282 abjicit
3043 3223 3100 3267 ut
3139 3216 3363 3271 militem

1815 3300 2085 3370 ignavum.

1892 3393 1977 3446 Η.
2007 3392 2070 3445 In
2095 3393 2246 3447 corde
2275 3411 2384 3448 meo
2425 3393 2672 3448 abscondi
2713 3394 2916 3464 eloquia
2942 3407 3050 3450 tua.
3075 3395 3189 3452 Nisi
3220 3399 3362 3452 enim

1813 3484 2034 3554 quilibet
2069 3484 2159 3540 Dei
2186 3488 2434 3541 mandata
2470 3488 2524 3541 in
2549 3487 2710 3542 corde
2740 3503 2835 3541 ceu
2871 3489 3155 3543 thesauros
3177 3505 3366 3544 recon-

1812 3577 1922 3637 dat,
1949 3576 2092 3630 venit
2122 3577 2389 3645 malignus
2414 3577 2501 3628 ille
2530 3585 2581 3630 et
2610 3577 2749 3644 rapit
2774 3593 2854 3631 ea.
2877 3576 3046 3647 (Alius
3077 3579 3278 3649 codex.)
3307 3579 3363 3634 In

1812 3668 1978 3721 Deum
2009 3676 2193 3737 peccat
2217 3667 2307 3737 qui
2333 3667 2525 3737 dignus
2557 3667 2784 3721 habetur
2805 3670 3095 3723 secretiora
3121 3673 3364 3740 accipere

1811 3759 1992 3820 verba,
2020 3773 2140 3827 quae
2173 3773 2267 3827 par
2292 3767 2408 3812 erat
2451 3758 2779 3813 abscondere
2825 3759 3036 3823 multis,
3071 3775 3242 3829 neque
3278 3770 3360 3815 ta-

1811 3866 1932 3904 men
1963 3849 2245 3905 abscondit
2283 3850 2348 3903 iis
2382 3865 2518 3918 quos
2546 3866 2608 3904 ea
2655 3851 2903 3921 ignorare
2929 3852 3232 3920 oportebat.
3258 3851 3363 3906 Pe-

1810 3943 2102 3996 riculosum
2144 3957 2376 4011 namque
2407 3954 2517 4005 est,
2555 3957 2659 3995 non
2710 3944 2871 3997 modo
2897 3943 3028 3998 falsa
3070 3944 3237 4013 loqui,
3268 3944 3362 3998 sed

1809 4035 1968 4089 etiam
2004 4050 2151 4096 vera,
2185 4033 2404 4104 quando
2445 4033 2711 4103 quispiam
2757 4049 2817 4087 ea
2851 4050 2971 4102 qua:
3002 4050 3106 4087 non
3149 4045 3361 4102 oportet

1811 4127 2081 4181 renuntiat
2119 4145 2130 4180 :
2167 4125 2287 4179 Non
2327 4135 2526 4195 oportet
2563 4127 2698 4180 enim
2744 4128 3057 4196 margaritas
3108 4126 3359 4195 projicere

1809 4230 1927 4272 ante
1955 4236 2157 4288 porcos,
2195 4235 2350 4288 neque
2382 4219 2508 4272 dare
2541 4231 2720 4273 sancta
2753 4220 2968 4273 canibus
2992 4220 3055 4274 “.

1882 4402 1967 4454 12.
2005 4399 2311 4454 Benedictus
2336 4417 2408 4464 es,
2441 4400 2676 4465 Dornine,
2703 4402 2825 4454 doce
2850 4419 2927 4455 me
2947 4403 3352 4472 justi/icationes

161 4503 280 4541 σου.
310 4488 635 4557 Αίσθόμενος
683 4487 781 4556 τῆς
815 4483 1001 4536 ἑαυτοῦ
1038 4485 1314 4556 προκοπῆς
1351 4484 1449 4554 τῆς
1474 4485 1579 4538 ὰπὸ
1606 4485 1698 4538 τοῦ

1815 4502 1942 4545 luas.
1970 4492 2100 4546 Cum
2146 4493 2373 4546 senserit
2418 4493 2712 4562 profectum
2749 4510 3112 4565 suum,quem
3159 4496 3358 4551 fecerat

163 4581 212 4633 ἐν
235 4581 325 4653 ὅλῃ
349 4581 546 4651 καρδίᾳ
596 4577 893 4649 ἐκζητῆσαι
933 4577 1021 4629 τὸν
1067 4578 1214 4640 Θεὸν,
1264 4577 1471 4645 εὐλογεῖ
1522 4578 1703 4641 αὐτὸν,

164 4672 476 4743 εὐχαριστῶν
507 4671 606 4742 ἢδη
641 4670 724 4738 ἐφ’
747 4665 826 4732 οἷς
874 4666 1098 4738 ἠξιώθη·
1141 4669 1232 4721 καὶ
1260 4668 1382 4738 παρ’
1419 4668 1578 4721 αὑτοῦ
1614 4668 1707 4739 ζη-

163 4767 231 4815 τεῖ
265 4764 447 4834 μαθεῖν
466 4764 588 4816 τίνα
618 4761 740 4814 νοῦν
767 4760 875 4831 ἔχει
912 4759 980 4812 τὰ
1005 4758 1340 4828 δικαιώματα
1361 4759 1540 4812 αὑτοῦ.

234 4857 321 4908 Ἐγ
351 4855 472 4919 τοῖς
503 4853 732 4923 χείλεσι
755 4869 872 4921 μου
913 4851 1227 4920 ἐξήγγειλα
1274 4850 1465 4904 πάντα
1488 4853 1557 4905 τὰ
1587 4852 1705 4919 κρί-

161 4960 297 5011 ματα
340 4945 445 4998 toi;
502 4943 794 5012 στόματός
819 4957 954 4994 σου.
995 4941 1060 4992 "A
1104 4939 1201 5010 μὲν
1250 4942 1413 5011 ἐχρῆν
1446 4941 1704 5011 κρύπτειν

165 5037 430 5106 ἔκρυπτον,
468 5034 652 5105 φησὶν,
695 5032 730 5087 ἃ
769 5033 826 5086 δὲ
861 5031 1199 5100 ἐξαγγέλλειν
1251 5031 1588 5102 ἐξήγγελλον·
1622 5034 1702 5086 ὅτι

163 5128 228 5197 τῷ
274 5129 347 5199 σῷ
396 5127 660 5199 κριτηρίῳ
695 5117 820 5190 τοὺς
852 5125 1056 5188 πάντας
1099 5128 1441 5195 παραστῆναι
1475 5125 1570 5178 δεῖ·
1619 5127 1703 5180 ἵνα

167 5219 494 5290 κομισώμεθα
524 5219 657 5289 πρὸς
701 5217 736 5271 ἃ
780 5216 1111 5288 ἐπράξαμεν.

250 5315 326 5364 Er
357 5310 428 5379 τῇ
463 5309 579 5374 ὀδῷ
599 5309 715 5362 τῶν·
734 5308 1066 5378 μαρτυρίων
1106 5307 1236 5359 σου’
1278 5303 1582 5374 ἐτέρφθην,
1621 5307 1701 5372 ὡς

169 5401 249 5452 ἐπὶ
277 5403 446 5455 παντὶ
495 5402 750 5464 πλούτῳ.
782 5399 876 5461 Τίς
903 5400 932 5450 ὁ
980 5395 1118 5450 κατὰ
1149 5395 1279 5449 Θεὸν
1331 5395 1557 5460 πλοῦτος
1580 5414 1702 5449 παι-

165 5486 372 5541 δεύεται·
401 5489 482 5542 διό
515 5503 694 5558 φησιν·
753 5485 914 5540 Οὐδέν
951 5503 1017 5556 με
1065 5479 1206 5537 εἷλεν
1257 5487 1313 5538 ἐν
1356 5484 1432 5553 τῷ
1478 5486 1699 5557 παρόντι

224 5621 264 5654 ⁵⁸
289 5623 439 5679 Prov.
469 5622 688 5690 xv:,25.
762 5621 808 5654 “
838 5620 1022 5678 Matth.
1055 5637 1149 5687 vn,
1182 5623 1232 5677 6.

231 5759 330 5828 (tu
364 5761 565 5816 Locum
601 5761 849 5816 vi'iosum
874 5761 1183 5816 augurando
1221 5761 1497 5818 vertimus.

1808 4581 2139 4650 exquirendo
2189 4581 2355 4635 Deum
2394 4583 2444 4635 in
2491 4591 2601 4636 toto
2634 4585 2793 4638 corde
2839 4599 2958 4647 suo,
2987 4585 3161 4655 ipsum
3197 4587 3359 4640 bene-

1806 4669 1935 4722 (iicit
1957 4670 2155 4739 gratias
2176 4685 2339 4740 agens
2365 4671 2428 4725 de
2450 4672 2658 4727 collatis
2691 4674 2866 4739 bonis,
2897 4684 2949 4727 et
2979 4685 3134 4746 rogat
3155 4677 3221 4730 ab
3239 4678 3354 4746 ipso

1805 4761 2008 4824 doceri,
2045 4777 2206 4830 quam
2243 4773 2472 4816 mentem
2507 4763 2734 4816 habeant
2763 4765 3179 4832 iustiﬁcationes
3212 4767 3350 4836 ejus.

1877 4856 1960 4908 15.
1998 4853 2060 4906 1η
2092 4855 2246 4908 labiis
2296 4857 2420 4908 meis
2465 4855 2792 4924 pronuntiari
2818 4859 2992 4910 omnia
3010 4858 3214 4927 judicia
3247 4860 3353 4913 oris

1806 4948 1901 5000 tui.
1925 4945 2055 5012 Qua:
2082 4947 2335 5001 abscondi
2365 4949 2664 5016 oportebat,
2695 4949 2889 5018 inquit.
2922 4951 3350 5017 abscondebam;

1803 5052 1923 5106 quae
1967 5037 2296 5101 renuntiare,
2339 5040 2750 5105 renuntiabam;
2795 5042 2920 5110 quia
2953 5053 3076 5098 ante
3116 5044 3353 5098 tribunal

1803 5137 1955 5183 tuum
1985 5143 2174 5182 omnes
2197 5127 2433 5185 adfuturi
2461 5147 2679 5197 sumus,
2713 5141 2771 5187 ut
2803 5133 3130 5203 accipiamus
3159 5150 3352 5189 secun-

1801 5219 1926 5273 dum
1954 5235 2115 5288 opera
2148 5230 2350 5274 nostra.
2658 5238 2665 5246 '

1885 5313 1972 5366 Η.
2008 5311 2069 5365 In
2102 5313 2184 5364 ria
2215 5313 2627 5366 testimoniorum
2659 5323 2866 5367 tuorum
2895 5315 3181 5371 delectatus
3210 5333 3348 5380 sum,

1800 5405 1932 5458 sicut
1982 5405 2036 5456 in
2078 5405 2313 5457 omnibus
2353 5404 2572 5458 divitiis.
2629 5404 2897 5461 Edocetur
2931 5423 3176 5476 quaenam
3223 5421 3350 5465 sunt

1800 5498 2098 5552 secundum
2157 5495 2324 5550 Deum
2371 5496 2606 5560 divitize;
2651 5495 3004 5565 quamobrem
3054 5497 3127 5550 ait
3155 5515 3169 5552 :
3202 5495 3346 5552 Nihil

1869 5744 1980 5815 (ιδ)
2008 5745 2061 5802 lu
2094 5748 2221 5813 ιιοα.
2251 5749 2285 5802 2
2315 5750 2424 5806 haec
2450 5709 2700 5827 dicuntur
2722 5747 3002 5822 ¹ιιοεγςιιίί⁸
