4094 6312
721 359 827 417 διεὸ

1530 361 1586 417 S.
1631 360 1998 417 ATHANASII
2041 361 2186 418 OPP.
2225 362 2406 418 PARS
2441 361 2525 416 ΙΙΙ.
2563 392 2632 403 -
2670 359 3074 417 EXEGETICA.

3830 363 3928 420 ‘84

723 490 808 529 me
827 474 967 543 cepit
991 473 1042 528 in
1069 475 1315 544 praesenti
1344 477 1471 542 vita,
1499 493 1605 531 non
1637 493 1852 541 nurum,
1879 493 1985 532 non
2012 479 2263 548 dignitas,

2370 481 2489 551 βίῳ,
2544 481 2604 534 οὐ
2643 480 2861 552 χρυσὸς,
2911 480 3010 531 οὐκ
3042 477 3276 548 ἀξίωμα,
3329 477 3389 530 οὐ
3448 477 3777 531 δυναστεία·
3822 480 3932 532 ἀντὶ

722 581 828 619 non
864 566 1092 635 potentia
1121 586 1133 620 :
1169 567 1260 620 sed
1295 568 1411 621 vice
1442 570 1681 622 omnium
1713 570 1843 623 mihi
1874 580 2000 623 sunt
2026 572 2270 625 testimo-

722 661 806 712 nia
836 669 926 714 tua
954 679 965 714 :
1002 661 1114 714 haec
1147 662 1362 730 gaudia,
1397 663 1476 716 hac
1500 663 1698 717 divitia:
1732 681 1882 718 mem.

797 750 880 806 16.
911 751 974 803 1η
993 754 1597 821 Ῑιωιὶρειιιίοηὲὺιιελιιὶε
1627 757 1933 820 meditabor,
1968 774 2066 810 non
2093 757 2273 810 oblivi-

717 860 836 895 scar
876 860 1135 897 sermones
1191 855 1326 897 tuos.
1366 845 1479 899 NOII
1517 848 1806 900 verborum
1861 857 2065 902 tantum
2117 859 2273 903 tenus

717 936 991 990 meditatio
1022 938 1108 990 illa
1137 955 1149 991 :
1187 938 1276 991 scd
1311 939 1380 992 ita
1426 948 1484 992 ut
1511 940 1601 1009 qui
1638 941 1884 1009 intelligit
1908 957 1967 995 ea
2003 957 2274 1010 exsequa-

717 1035 822 1079 tur.
855 1025 971 1078 Non
1001 1026 1144 1080 enim
1189 1029 1463 1082 auditores
1489 1031 1962 1100 justiticatiouum,
1990 1033 2120 1101 justi
2149 1041 2274 1086 sunt

713 1118 854 1185 apud
885 1117 1072 1181 Deum,
1107 1120 1196 1173 scd
1227 1120 1455 1176 factores
1486 1138 1695 1176 carum.
1721 1123 1796 1177 lta
1817 1125 1959 1178 enim
1995 1139 2153 1179 nemo
2177 1140 2274 1178 un-

714 1224 874 1276 quam
905 1226 1089 1263 carum
1120 1212 1484 1268 obliviscetur.

769 1300 853 1352 l7.
883 1299 1124 1354 Retribue
1149 1320 1292 1356 servo
1320 1316 1426 1363 tuo,
1450 1305 1653 1373 vivi/ica
1683 1324 1780 1362 me.
1796 1307 1998 1379 Ecquid
2023 1311 2270 1367 vnltdari

713 1390 814 1445 sibi
847 1407 942 1460 pro
970 1393 1035 1446 iis
1067 1409 1188 1462 qum
1219 1396 1420 1461 attulit,
1453 1396 1555 1451 nisi
1595 1407 1652 1452 ut
1689 1401 1808 1468 ejus
1840 1417 1994 1455 mens
2031 1403 2272 1460 illustre-

714 1489 823 1545 tur,
850 1482 953 1536 nisi
983 1492 1039 1536 ut
1067 1495 1362 1553 cognoscat
1393 1488 1661 1542 mirabilia
1691 1507 1853 1559 opera
1885 1491 2016 1548 Dei?

777 1572 861 1625 18,
894 1573 1080 1626 Revela
1127 1576 1304 1629 oculos
1347 1594 1504 1644 meos,
1537 1589 1585 1633 et
1625 1582 1962 1636 considerabo
2010 1586 2271 1639 mirabilia

709 1664 771 1715 de
811 1664 916 1732 lege
963 1676 1072 1718 tua.
1117 1665 1443 1734 Vanitatem,
1485 1671 1682 1739 inquit,
1725 1674 1947 1741 hujusce
1993 1677 2115 1730 vita:
2163 1693 2268 1732 non

710 1753 839 1805 mihi
872 1757 1143 1824 propriam
1178 1758 1350 1822 cﬂeci,
1378 1776 1545 1830 quare
1575 1763 1882 1818 divinorum
1908 1769 2267 1836 cognitionem

2372 572 2427 624 δὲ
2461 573 2674 625 πάντων
2732 573 2853 641 ἐμοὶ
2911 569 2978 622 τά
3028 567 3300 639 μαρτύριά
3345 585 3459 627 σου,
3492 567 3800 639 εὐφροσύνη
3851 571 3934 622 καὶ

2373 661 2613 723 πλοῦτος.

2456 754 2550 806 Ἐν
2587 752 2708 818 τοῖς
2747 751 3095 820 δικαιώμασί
3141 765 3256 803 σου
3296 749 3624 819 μελετήσω·
3669 751 3783 802 οὐκ
3821 750 3936 802 ἐπι-

2373 843 2631 914 λήσομαι
2653 842 2771 896 τῶν
2806 843 3000 910 λόγων
3052 859 3187 896 σου.
3217 843 3291 894 Οὐ
3345 841 3503 911 μέχρι
3533 841 3730 904 λέξεως
3782 843 3814 911 ἡ
3852 858 3935 910 μεο

2373 935 2519 1006 λέτη·
2545 935 2679 990 άλλά
2696 936 2784 988 τὸν
2805 934 3091 1004 νενοηκότα
3113 937 3252 987 ποιεῖ
3271 933 3426 986 αὐτά.
3448 933 3521 985 Οὐ
3549 932 3655 1003 γὰρ
3677 933 3936 1002 ἀκροαταὶ

2373 1028 2752 1098 δικαιωμάτων
2783 1026 2916 1079 Θεοῦ
2969 1025 3164 1078 δίκαιοι
3214 1023 3360 1095 παρά
3411 1023 3489 1092 τῷ
3540 1022 3678 1093 Θεῷ,
3731 1023 3844 1075 ἀλλ’
3891 1025 3934 1074 οί

2374 1122 2593 1191 ποιηταὶ
2651 1119 2847 1172 αὐτῶν.
2921 1118 3075 1172 Οὕτω
3130 1116 3237 1186 γάρ
3295 1115 3546 1168 οὐδέποτέ
3608 1130 3691 1177 τις
3765 1112 3934 1166 αὐτῶν

2373 1212 2705 1282 ἐπιλήσεται.

2456 1303 2816 1369 Ἀνταπόδος
2849 1302 2927 1367 τῷ
2958 1302 3153 1368 δούλῳ
3192 1317 3328 1365 σου,
3385 1298 3570 1367 ζῆσόν
3601 1316 3696 1368 με.
3755 1300 3863 1351 Καὶ
3888 1300 3934 1350 τί

2374 1396 2616 1468 βούλεται
2649 1393 2985 1464 ἀντιδοθῆναι
3011 1393 3158 1462 αὐτῷ
3193 1393 3308 1446 ἀνθ’
3335 1385 3408 1446 ὧν
3442 1390 3812 1457 είσενέγκατο,
3861 1391 3935 1453 είς

2371 1490 2430 1542 τὸ
2456 1487 2786 1558 φωτισθῆναι
2830 1485 2993 1538 αὐτοῦ
3025 1484 3122 1553 τὴν
3151 1483 3406 1546 διάνοιαν,
3436 1483 3513 1544 είς
3559 1480 3619 1533 τὸ
3651 1481 3933 1549 γνῶναιτά

2373 1578 2656 1650 θαυμαστά
2703 1578 2836 1646 ἔργα
2895 1575 2987 1629 τοῦ
3057 1575 3224 1640 Θεοῦς
3307 1573 3732 1640 Ἀποκάλυξένον
3799 1573 3935 1637 τοὺς

2373 1672 2714 1741 ὀφθαλμούς
2733 1687 2872 1739 μου,
2912 1669 3006 1722 καί
3067 1665 3418 1732 κατανοήσω
3448 1667 3517 1719 τὰ
3539 1665 3840 1734 θαυμάσια
3872 1666 3935 1717 ἐκ

2373 1763 2478 1816 τοῦ
2522 1764 2708 1830 νόμου
2736 1778 2870 1814 σου.
2909 1761 3020 1813 υὺκ
3049 1759 3272 1821 οἰκείαν,
3301 1758 3454 1828 φησὶ,
3483 1757 3578 1828 τὴν
3631 1758 3688 1810 ἐν
3736 1754 3816 1825 τῷ
3844 1755 3937 1825 βίῳ

711 1847 1076 1902 mandatorum
1110 1862 1323 1922 expeto,
1362 1869 1596 1923 quorum
1631 1857 1736 1910 alia
1777 1868 1925 1921 nota,
1962 1860 2064 1913 alia
2089 1863 2271 1932 ignota

2375 1849 2671 1919 πεποίημαι
2703 1849 3056 1919 ματαιότητα·
3082 1848 3161 1899 διὸ
3214 1846 3351 1900 αἰτῶ
3397 1845 3594 1913 γνῶσιν
3633 1844 3743 1898 τῶν
3783 1845 3935 1898 θείων

708 1949 854 1996 sunt.
891 1939 1029 1997 Nota
1061 1944 1278 2013 quidem
1325 1957 1495 2000 sunt:
1526 1946 1648 2000 Non
1684 1951 1884 2003 occides
1927 1961 1980 2006 et
2022 1969 2141 2023 quae
2190 1971 2275 2010 se-

707 2035 1042 2103 quuntur";
1094 2036 1274 2106 ignota
1334 2051 1459 2092 sunt
1514 2039 1642 2106 alia,
1677 2043 1825 2097 verbi
1870 2045 2064 2111 gratia,
2102 2063 2273 2116 quare

709 2128 860 2193 pueri
893 2135 1084 2181 octavo
1127 2130 1213 2184 die
1253 2129 1752 2199 circumciduntur,
1786 2144 1838 2188 et
1867 2152 1972 2205 qua
2004 2137 2070 2191 de
2108 2154 2271 2195 causa

706 2233 803 2285 ριο
836 2233 1024 2275 recens
1056 2221 1194 2275 natis
1222 2220 1523 2276 oﬂ‘eruntur
1549 2224 1838 2280 sacriﬁcia.

773 2374 863 2426 2f.
889 2374 1179 2442 Increpain
1205 2377 1472 2446 superbos.
1513 2379 1618 2446 Qui
1647 2382 1896 2451 superbis
1928 2385 2156 2451 resistit,
2183 2388 2270 2443 hic

706 2466 948 2539 increpat
978 2472 1238 2540 superbos
1263 2492 1275 2527 :
1305 2479 1454 2544 atqui
1482 2473 1743 2530 Dominus
1767 2478 1975 2534 resistit
1997 2485 2266 2552 superbis,

703 2558 965 2617 Dominus
992 2562 1154 2632 igitur
1179 2565 1424 2634 increpat
1455 2566 1738 2636 superbos.

769 2734 859 2786 22.
882 2734 1047 2803 Aufer
1080 2752 1112 2788 a
1137 2751 1217 2789 me
1259 2738 1589 2804 opprobrium
1617 2749 1666 2793 et
1698 2750 2065 2812 contemptum.
2111 2744 2262 2817 lmpii

705 2825 757 2877 in
800 2834 1038 2896 tempore
1068 2830 1458 2898 persecutionis
1507 2833 1924 2902 exprobrantes,
1976 2853 2062 2891 me
2109 2839 2262 2893 nihili

704 2916 921 2971 facient.
951 2917 1100 2989 Rogo
1131 2921 1309 2989 itaque
1342 2931 1402 2974 ut
1437 2936 1572 2974 vana
1615 2923 1724 2976 sint
1761 2926 2047 2994 opprobria
2076 2943 2262 2983 eorum

703 3006 836 3060 mihi
866 3008 1033 3061 illata.
1059 2995 1116 3062 Si
1137 3010 1373 3078 quando.
1403 3011 1597 3081 inquit,
1628 3023 1816 3068 contra
1849 3031 2065 3070 carnem
2093 3021 2261 3083 sensi,

704 3098 798 3151 sed
821 3113 1115 3154 conversus
1144 3116 1274 3172 rogo
1297 3103 1495 3158 divinis
1530 3105 1707 3161 verbis
1737 3107 2014 3162 viviﬁcari.
2051 3108 2105 3163 Si
2136 3113 2260 3181 qui-

702 3195 823 3242 dem
852 3189 925 3244 ita
965 3190 1030 3245 ad
1063 3201 1362 3247 extremum
1399 3198 1661 3264 angustia:
1702 3199 1952 3257 redactus
1994 3219 2137 3265 sum.
2171 3205 2256 3258 in-

701 3281 840 3349 quit,
863 3297 992 3354 rogo
1015 3283 1227 3338 liberari
1248 3301 1335 3342 me
1364 3288 1432 3342 ab
1455 3289 1820 3359 iniquisjuxta
1843 3295 2256 3361 promissionem

704 3383 874 3428 tuam.

767 3461 860 3528 23,
884 3461 974 3515 24.
1007 3461 1215 3518 Etenim
1246 3465 1489 3524 sederunt
1516 3471 1776 3540 principes
1803 3482 1851 3526 et
1877 3474 2152 3530 adversum
2181 3495 2260 3531 me

701 3555 1067 3624 loquebantur,
1095 3568 1203 3614 etc.
1245 3559 1388 3623 Ideo,
1412 3562 1608 3633 inquit,
1640 3568 1822 3637 rogavi
1856 3581 1908 3622 ut
1955 3568 2261 3625 auferretur

702 3649 1070 3717 opprobrium,
1092 3653 1215 3721 quia
1234 3652 1522 3710 adversum
1540 3673 1624 3712 me
1649 3658 2003 3728 loquebantur
2018 3663 2254 3719 assidue.

700 3740 961 3794 Caeterum
986 3741 1037 3796 id
1064 3746 1347 3813 agentibus
1371 3747 1702 3817 principibus
1727 3752 2048 3821 iniquitatis,
2070 3770 2259 3811 servus

702 3831 795 3886 Dei
826 3847 933 3886 non
985 3834 1227 3890 abscedit
1253 3853 1282 3890 a
1312 3838 1793 3907 justificationibus
1823 3844 1942 3914 ejus
1971 3864 1984 3899 :
2014 3845 2107 3901 Dei
2136 3863 2258 3902 ver-

702 3923 807 3987 bis,
855 3939 976 3992 qua:
1021 3925 1438 3993 justiticationes
1475 3941 1652 3996 vocat,
1683 3935 2117 4004 consiliariorum
2140 3938 2259 3993 loco

700 4014 769 4066 ad
799 4030 919 4069 eam
950 4031 1062 4070 rem
1091 4033 1241 4074 usus.
1277 4019 1598 4092 l-lujusmodi
1640 4035 1820 4081 autem
1851 4029 2016 4083 homo
2052 4030 2258 4086 nullum

701 4105 901 4159 malum
935 4107 1168 4164 admittit
1197 4113 1592 4168 consiliarium.
1644 4115 1750 4192 Sed
1790 4119 2062 4190 principes
2098 4123 2259 4191 hujus

702 4197 905 4263 sta-culi,
928 4199 1072 4254 velut
1102 4211 1288 4256 contra
1321 4203 1600 4261 Christum
1631 4221 1975 4264 convenerunt
2004 4212 2058 4265 in
2098 4229 2258 4267 unum

701 4290 948 4344 adversus
976 4291 1258 4348 Dominum
1287 4305 1336 4350 et
1368 4297 1612 4354 adversus
1645 4300 1912 4356 Christum
1953 4304 2064 4373 ejus
2086 4305 2150 4360 “.
2179 4307 2258 4362 Ad

702 4398 839 4453 quos
860 4385 1092 4454 pertinet
1117 4389 1377 4457 sapientia
1413 4391 1576 4462 hujus
1612 4392 1820 4450 saeculi.

766 4565 1434 4637 25.Adhwsitpavimento
1476 4575 1655 4627 anima
1683 4592 1816 4630 mea.
1869 4579 1950 4634 Ad
2006 4581 2256 4640 ultimum

699 4659 961 4725 angustiae
992 4659 1258 4716 deductus
1289 4679 1431 4730 sum,
1459 4666 1654 4735 inquit,
1679 4671 1994 4738 compulsus
2022 4689 2050 4726 a
2089 4675 2261 4730 scele-

701 4746 852 4811 ratis,
872 4755 925 4801 et
953 4763 1084 4819 rogo
1104 4751 1332 4806 salutem
1363 4755 1494 4809 mihi
1521 4757 1681 4812 tribui
1705 4761 1998 4816 secundmn
2030 4769 2262 4834 promis~

700 4838 905 4892 sionem
939 4848 1083 4894 tuam
1119 4858 1222 4912 qua
1253 4845 1437 4902 dixisti
1464 4866 1477 4901 :
1506 4848 1576 4900 Et
1616 4858 1865 4907 torrentes
1901 4871 2004 4910 non
2045 4860 2260 4913 conclu-

701 4929 822 4982 dant
857 4941 923 4983 te.

767 5019 857 5084 26,
889 5021 976 5075 27.
1020 5022 1144 5078 Vias
1179 5043 1319 5080 mea:
1358 5031 1624 5086 enuntiavi
1661 5044 1709 5088 et
1737 5038 2002 5091 exaudiui
2036 5057 2135 5094 me.
2162 5079 2176 5093 .
2200 5079 2216 5093 .
2243 5082 2256 5094 .

712 5111 864 5166 Viam
881 5114 1327 5184 justiﬁcatiouum
1359 5131 1570 5176 tuarum
1595 5125 1882 5198 intelligere
1914 5147 1994 5183 me
2021 5131 2124 5198 fac.
2162 5132 2261 5187 Ac-

702 5215 852 5273 cepta
895 5206 1039 5259 enim
1087 5209 1438 5280 intelligentia
1471 5216 1865 5286 'mysteriorum
1902 5221 2042 5289 ejus,
2071 5230 2259 5291 potero

701 5295 843 5348 circa
873 5296 1139 5352 mirabilia
1165 5301 1285 5369 ejus
1308 5307 1511 5358 versari
1541 5317 1594 5362 et
1624 5308 1690 5363 de
1733 5310 1799 5364 iis
1831 5326 2134 5368 sermonem
2158 5315 2259 5368 ha-

701 5385 845 5440 bere.

767 5476 858 5531 28.
897 5477 1212 5536 Dormitavit
1260 5486 1437 5539 anima
1473 5504 1586 5542 mea
1621 5505 1730 5558 pra:
1751 5491 1925 5547 mdia.
1960 5491 2124 5549 Docet
2148 5511 2254 5550 non

703 5581 860 5634 posse
889 5570 995 5625 alio
1022 5573 1179 5628 modo
1209 5577 1451 5646 segnitiei
1477 5580 1726 5650 spiritum
1745 5584 2135 5654 expelli,quam
2163 5603 2260 5656 per

702 5655 1100 5718 meditationem
1127 5665 1434 5723 divinorum
1466 5672 1827 5742 eloquiorum.
1862 5675 2053 5734 Sobrie
2076 5655 2259 5750 itaque

768 5769 817 5805 ⁸⁸
841 5769 1006 5831 Exod.
1035 5792 1124 5845 xx,
1151 5779 1216 5836 15
1244 5796 1363 5870 seq.
1405 5783 1451 5814 “
1487 5782 1629 5841 Psal.
1663 5802 1720 5850 ll,
1749 5788 1803 5842 9.

2373 1941 2622 2006 δέξασθαι
2672 1939 2920 1994 ἐντολῶν·
2949 1942 3001 1992 αἱ
3039 1939 3136 2010 μὲν
3182 1939 3289 2006 γὰρ
3335 1937 3571 2005 γνωσταί
3623 1937 3781 1988 είσιν·
3807 1935 3937 1988 αἰδὲ

2373 2033 2655 2100 ἄγνωστοιο
2680 2031 2914 2099 γνωσταὶ
2951 2031 3048 2100 μὲν
3091 2030 3164 2093 ὡς
3205 2023 3288 2091 τδζ
3310 2030 3393 2082 Οὐ
3447 2027 3789 2096 φονεύσεις,
3846 2025 3936 2079 καὶ

2371 2125 2439 2177 τά
2469 2124 2650 2196 ἕτερα·
2682 2124 2945 2191 ἄγνωστοι
2975 2122 3029 2174 δὲ
3062 2121 3141 2180 τὸ,
3191 2122 3333 2181 τίνος
3390 2122 3546 2190 χάριν
3600 2121 3658 2173 ἐν
3684 2122 3752 2190 τῇ
3781 2118 3936 2190 ὀγδόῃ

2370 2215 2551 2287 ἡμέρᾳ
2582 2215 2650 2268 τὰ
2686 2215 2855 2285 βρέφη
2894 2213 3307 2303 περιτέμνεταιχ
3338 2213 3394 2281 ἢ,
3429 2211 3570 2274 τίνος
3612 2211 3772 2282 χάριν
3801 2211 3936 2281 ὑπὲρ

2371 2308 2764 2378 ἁρτιγεννήτων
2793 2299 3147 2375 ἀναφέρονται
3177 2299 3374 2356 θυσίαι.

2455 2399 2840 2466 Ἐπετίμησας
2896 2394 3317 2464 ὑπερηφάνοις.
3377 2395 3435 2447 Ὀ
3487 2396 3936 2464 ἀντιτασσόμενος

2369 2489 2479 2550 τοῖς
2505 2487 2891 2559 ὑπερηφάθοις,
2929 2480 3082 2548 οὗτος
3134 2486 3225 2538 καὶ
3273 2486 3640 2556 ὑπερηφάνοις
3690 2487 3932 2556 ἐπιτιμᾷ.

2369 2580 2570 2651 Κύριος
2616 2581 2672 2632 δὲ
2725 2579 3089 2651 ὑπερηφάνοις
3138 2578 3532 2642 ἀντιτάσσεται,
3580 2576 3787 2648 Κύριος
3831 2577 3934 2646 ἄρα

2367 2672 2459 2722 καὶ
2497 2674 2606 2732 τοῖς
2631 2670 2996 2741 ὑπερηφάνοις
3023 2671 3268 2739 ἐπιτιμᾷ.

2437 2762 2678 2829 Περίελε
2705 2762 2806 2814 ἀπ’
2833 2760 2976 2830 ἐμοῦ
3009 2758 3236 2824 ὄνειδος
3284 2757 3382 2811 καὶ
3417 2756 3838 2822 ἐξουδένωσιν.
3873 2758 3933 2809 Ol

2365 2852 2581 2916 ἀσεϐεῖς
2607 2854 2664 2905 ἐν
2695 2850 2867 2923 καιρῷ
2890 2850 3129 2922 διωγμοῦ
3158 2847 3505 2912 ὀνειδίζοντες
3532 2846 3934 2920 ἐξουδενήσουσί

2368 2966 2455 3019 με,
2491 2945 2756 3014 Αἰτοῦμαι
2789 2941 2880 2997 οὖν
2941 2944 3023 2996 ἵνα
3083 2942 3286 3012 μάταια
3332 2941 3595 3008 γένωνται
3656 2942 3776 2993 κατ’
3799 2939 3935 3012 ἐμοῦ

2365 3040 2560 3110 ὀνείδη.
2597 3039 2706 3090 Καὶ
2765 3039 2815 3089 εἴ
2861 3053 3013 3097 ποτε,
3050 3035 3205 3105 φησὶ,
3265 3033 3582 3103 πεφρόνηκα
3643 3034 3785 3086 κατά
3839 3033 3938 3100 τῆς

2368 3132 2588 3204 σαρκὸς,
2621 3128 2733 3183 ἀλλ’
2751 3126 3083 3198 ἐπιστρέψας
3107 3124 3243 3178 αἰτῶ
3270 3127 3381 3186 τοῖς
3403 3123 3565 3188 θείοις
3603 3121 3941 3195 ζωοποιηθῆ-

2362 3242 2449 3277 ναι
2481 3223 2676 3291 λόγοιςο
2705 3223 2752 3274 εί
2782 3219 2952 3282 οὕτως
2986 3222 3063 3282 είς
3093 3219 3325 3289 ἐσχάτην
3371 3211 3503 3285 ἧκον
3530 3217 3785 3288 ἀπορίαν,
3831 3234 3936 3287 φη·-

2362 3318 2466 3378 σὶν,
2497 3314 2871 3382 ἐλαυνόμενος,
2898 3313 2960 3362 ἐκ
2998 3310 3105 3363 τῶν
3156 3307 3608 3380 παρανομούντων
3661 3307 3798 3372 ἀξιῶ
3833 3326 3938 3362 σω-

2359 3408 2514 3477 θῆναι
2543 3405 2682 3458 κατὰ
2728 3405 2826 3472 τὴν
2856 3401 3182 3470 ἐπαγγελίαν
3222 3419 3334 3454 σου.

2428 3497 2532 3550 Καὶ
2558 3496 2668 3562 γὰρ
2696 3492 2982 3546 ἐκάθισαν
3009 3490 3294 3561 ἄρχοντες
3321 3491 3419 3545 καί
3453 3493 3578 3546 κατ’
3619 3490 3764 3562 ἐμοῦ
3795 3508 3938 3545 κατ-

2358 3585 2640 3639 ελάλουν.
2692 3583 2790 3636 Διά
2849 3582 3038 3647 τοῦτο,
3087 3583 3269 3653 φησιν,
3313 3583 3489 3654 ﬁtque.
3535 3584 3937 3654 περιαιρεῖσθαι

2357 3677 2417 3730 τὸ
2452 3676 2668 3738 ὄνειδος,
2698 3676 2818 3727 ἐπεὶ
2869 3674 3026 3745 ἔργον
3071 3670 3216 3745 εἶχον
3281 3675 3340 3726 τὸ
3389 3675 3566 3728 λαλεῖν
3621 3677 3743 3729 κατ’
3775 3675 3934 3746 ἐμοῦ.

2359 3767 2502 3838 Πλὴν
2527 3769 2620 3820 καὶ
2644 3768 2750 3820 τῶν
2777 3767 3050 3838 ἀρχόντων
3080 3767 3180 3836 τῆς
3219 3765 3432 3828 ἀδικίας
3482 3764 3652 3818 ταῦτα
3713 3768 3938 3840 πριούν-

2359 3850 2487 3924 των,
2514 3861 2543 3912 ό
2571 3858 2663 3911 τοῦ
2694 3858 2827 3911 Θεοῦ
2857 3857 3040 3922 δοῦλος
3065 3859 3163 3912 οὐκ
3194 3857 3485 3928 ἀφίσταται
3505 3856 3613 3910 τῶν
3633 3858 3944 3929 δικαιωμά-

2358 3971 2464 4006 των
2521 3951 2703 4006 αὐτοῦ·
2762 3951 2886 4014 τοὺς
2933 3950 3027 4005 τοῦ
3088 3949 3222 4004 Θεοῦ
3269 3950 3480 4018 λόγους,
3531 3950 3671 4022 ἅπερ
3725 3940 3940 4020 ἐφη-δι-

2359 4044 2666 4116 καιώματα,
2705 4043 3035 4115 συμϐούλους
3067 4043 3204 4114 ἔχων
3253 4042 3390 4113 πρὸς
3437 4041 3612 4095 τοῦτο.
3665 4042 3790 4095 οὐδ’
3839 4042 3938 4094 ἕνα

2358 4139 2413 4191 δέ
2439 4137 2670 4209 πονηρὸν
2699 4138 2728 4189 ὁ
2766 4135 3006 4197 τοιοῦτος
3033 4136 3333 4206 ἐπιδέχεται
3389 4135 3708 4206 σύμϐουλον.
3771 4136 3938 4189 Ἀλλά

2359 4231 2451 4283 καὶ
2494 4230 2544 4281 οἱ
2603 4228 2860 4300 ἄρχοντες
2910 4227 3096 4282 τούτου
3140 4228 3233 4282 τοῦ
3275 4228 3487 4291 αίῶνος,
3541 4228 3791 4300 καθάπερ
3839 4230 3938 4282 ἐπὶ

2360 4321 2592 4390 Χριστοῦ
2657 4320 3057 4389 συνήχθησαν
3111 4320 3208 4373 ἐπὶ
3281 4320 3347 4374 τὸ
3407 4320 3554 4374 αὐτὸ
3616 4322 3769 4376 κατὰ
3823 4321 3938 4376 τοῦ

2360 4415 2579 4481 Κυρίου
2617 4414 2715 4466 καὶ
2745 4413 2895 4490 κατὰ
2924 4413 3028 4466 τοῦ
3069 4411 3323 4481 Χριστοῦ
3365 4413 3571 4469 αὑτοῦ.
3630 4409 3730 4468 Ὧν
3781 4416 3937 4468 ἐστιν

2291 4500 2333 4555 D
2359 4507 2392 4576 ἡ
2421 4505 2578 4573 σοφία
2603 4504 2698 4558 τοῦ
2730 4505 2921 4568 αἰῶνος
2951 4503 3160 4557 τούτου.

2444 4596 2775 4665 Ἔκολλήθη
2806 4597 2887 4661 τῷ
2912 4596 3113 4666 ἐδάφει
3144 4599 3183 4665 ἠ
3227 4597 3397 4667 ψυχή
3447 4615 3585 4668 μου.
3622 4599 3718 4662 El;
3768 4599 3938 4669 ἐσχά-

2360 4704 2458 4759 την
2484 4683 2618 4758 ἦκον
2649 4687 2902 4758 ἀπορίαν,
2935 4688 3117 4757 φησὶν,
3152 4689 3503 4758 ἐλαυνόμενος
3531 4689 3635 4742 ὑπό
3686 4689 3796 4741 τῶν
3827 4709 3938 4743 πα-

2363 4777 2758 4850 ρανομούντων,
2808 4779 2900 4832 καὶ
2939 4779 3074 4846 ἀξιῶ
3106 4781 3341 4851 σωθῆναι
3388 4782 3526 4834 κατὰ
3558 4782 3658 4852 τὴν
3691 4785 3939 4852 ἐπαγγε-

2360 4871 2477 4924 λίαν
2507 4888 2598 4924 σου
2627 4871 2725 4940 τὴν
2753 4869 3033 4939 λέγουσαν·
3065 4873 3173 4927 Kal
3215 4873 3515 4942 χείμαρῤοι
3545 4876 3617 4927 οὐ
3649 4879 3940 4945 quq-x131-

2361 4959 2547 5011 σοι·σί
2572 4973 2662 5011 σε.

2437 5049 2545 5116 Τὰς
2613 5050 2790 5116 ὁδούς
2849 5069 2968 5120 μου
3025 5052 3371 5124 ὲξήττειλα,
3424 5057 3522 5110 καὶ
3579 5057 3942 5125 ἐπήκουσάς

2357 5160 2474 5210 μου
2505 5179 2520 5195 .
2556 5181 2569 5194 .
2607 5182 2620 5194 .
2663 5142 2825 5196 Ὀδόν
2865 5143 3268 5215 δικαιωμάτων
3320 5165 3435 5202 σου
3477 5149 3808 5204 συνέτισόν
3831 5170 3935 5220 με.

2363 5234 2581 5287 Σύνεσιν
2606 5235 2713 5305 γὰρ
2745 5235 2851 5288 τῶν
2873 5238 2930 5289 ἐν
2959 5239 3139 5302 αὐτοῖς
3167 5241 3476 5311 μυστηρίων
3504 5240 3705 5303 λαϐὼν,
3737 5241 3812 5304 ὡς
3841 5247 3942 5298 καὶ

2361 5325 2563 5396 ταύτην
2590 5326 2823 5391 ὁδεῦσαι,
2853 5327 3148 5400 δυνήσομαι
3201 5332 3456 5403 περὶτῶν
3497 5333 3557 5385 ἐν
3590 5332 3777 5396 αὐτοῖς
3801 5333 3942 5387 Θαυ-

2359 5417 2564 5486 μασίων
2586 5419 2791 5489 ὁμιλεῖν
2818 5437 2876 5473 τε
2900 5422 2992 5474 καὶ
3023 5421 3175 5489 λόγον
3204 5424 3489 5478 ποιεῖσθαι.

2441 5509 2807 5574 Ἐνύσταξεν
2856 5512 2896 5577 ἡ
2944 5513 3114 5581 ψυχή
3157 5532 3274 5583 μου
3308 5516 3426 5569 ἀπὸ
3462 5514 3735 5581 ἀκηὸίας.
3775 5515 3940 5568 mas-

2357 5614 2497 5659 σκει,
2526 5598 2602 5662 ὡς
2640 5599 2699 5652 τὸ
2736 5601 2952 5673 πνεῦμα
3004 5605 3104 5674 τῆς
3137 5604 3361 5674 ἀκηδίας
3416 5606 3516 5659 οὐκ
3570 5605 3719 5658 ἐστιν
3754 5604 3940 5669 ἄλλως

2356 5687 2633 5745 ἐκϐάλλειν
2660 5692 2691 5762 ἧ
2729 5694 2790 5745 ἐκ
2821 5694 2920 5764 τῆς
2955 5695 3182 5767 μελέτης·
3213 5697 3318 5750 τῶν
3367 5696 3524 5752 Θείων
3561 5697 3787 5767 λογίων.
3815 5698 3938 5770 Νή-
