4076 6308
126 367 238 423 485

1207 369 1564 426 EXPOSITIO
1605 371 1670 426 IN
1710 371 2036 428 PSALMUM
2073 371 2300 427 CXVI".

3249 386 3353 444 486

127 502 252 550 φειν
280 498 376 534 ουν
421 481 513 535 καὶ
554 484 842 553 γρηγορεῖν
875 483 978 554 χρὴ
1024 483 1112 537 διὰ
1153 484 1243 536 τὸν
1276 485 1510 540 εἰπόντα·
1546 490 1691 556 Γρη-

1801 503 1957 556 agere
1983 496 2034 544 et
2063 488 2288 557 vigilare
2313 489 2562 543 convenit
2587 502 2802 561 propter
2835 507 2957 548 eum
3000 512 3093 566 qut
3118 498 3248 554 dicit
3268 503 3310 534 δ’
3336 522 3349 557 ι

121 571 357 641 repeirri
389 573 483 624 καὶ
524 575 944 642 προσεύχεσθε.

212 663 392 716 Ὀδὸν
450 664 1072 734 ἀδικίαςᾟπόστησον
1117 669 1214 720 ἀπ’
1259 668 1425 737 ἐμοῦ,
1465 671 1561 722 καὶ
1619 670 1696 736 τῷ

123 757 292 823 νόμῳ
315 774 434 808 σου
465 756 723 822 ἐλέησόν
770 776 864 826 με.
907 760 1072 812 Ὁδὸτ·
1095 762 1371 827 ἀληθείας
1427 763 1698 829 ᾐρετισιί-

117 864 267 913 μην.
307 846 384 898 Τὸ
415 848 510 916 μὲν
535 849 672 899 αἰτεῖ
700 849 846 920 παρὰ
874 849 1027 915 Θεοῦ,
1056 851 1114 902 τὸ
1136 851 1192 903 δὲ
1225 852 1399 922 ἑαυτῴ
1427 854 1695 925 είσᾳέρειν

122 937 405 1004 ὁμολογεῖ.

215 1031 630 1097 Ἀπόστρεψον
688 1032 827 1098 τοὺς
884 1035 1224 1105 ὀφθαλμούς
1279 1056 1396 1106 μου
1462 1039 1566 1091 τοῦ
1610 1037 1694 1106 μὴ

127 1121 280 1172 ἰδεῖν
305 1124 688 1190 μιιταιότητιι.
717 1126 1022 1195 Ματαιότης
1068 1129 1265 1198 ἐστὶνή
1294 1130 1419 1200 περὶ
1447 1129 1542 1192 τὰς
1572 1129 1696 1192 Θέας

127 1214 320 1280 μανία,
357 1218 388 1286 ἡ
425 1217 551 1287 περὶ
573 1217 678 1268 τῶν
711 1218 782 1288 μὴ
805 1218 1026 1270 δεόντων
1073 1219 1290 1291 Θεωρία,
1343 1225 1433 1276 καὶ
1470 1224 1502 1293 ὴ
1557 1223 1696 1276 κατὰ

124 1307 371 1360 διάνοιαν
425 1309 479 1361 δὲ
528 1309 721 1373 ἄτοπος
758 1312 1043 1379 φαντασία,
1098 1315 1162 1384 ἣν
1219 1315 1312 1367 καὶ
1364 1314 1696 1387 σαφηνίζειὸ

129 1398 345 1461 Παῦλος
376 1399 564 1466 λέγων·
611 1401 710 1452 Ἐν
766 1404 1110 1470 ματαιότητι
1174 1406 1277 1459 τοῦ
1310 1405 1448 1472 νοὸς
1499 1407 1697 1461 αὐτῶν

124 1491 525 1559 ἐσκοτωμένοι
555 1490 627 1558 τῇ
659 1491 887 1560 διανοίᾳ
921 1494 1108 1562 ὄντες,
1158 1499 1696 1568 ἀπηλλοτριωμένοι

127 1581 240 1647 τῆς
269 1581 419 1650 ζωῆς
445 1583 549 1636 τοῦ
587 1585 752 1638 Θεοῦ.
802 1587 940 1658 Ὅρα
970 1590 1304 1660 ματαιότητα
1331 1591 1448 1654 νοὸς
1473 1591 1697 1662 λεγομέ-

125 1692 246 1743 νην,
279 1676 360 1727 ὅτ’
389 1674 452 1726 ἂν
487 1678 585 1744 σχῇ
622 1693 704 1740 τις
732 1679 874 1741 νοῦν,
911 1682 1003 1732 καὶ
1055 1681 1242 1734 τούτου
1303 1683 1376 1754 μὴ
1429 1687 1695 1756 χρήσηται

124 1767 264 1835 πρὸς
292 1766 393 1836 τὴν
414 1767 519 1818 τῶν
549 1767 761 1839 ἀληθῶν
810 1770 1059 1841 Θεωρίαν,
1089 1774 1221 1827 ἀλλὰ
1266 1776 1490 1846 παρέχει
1538 1778 1696 1831 αὑτὸν

1813 583 2031 652 l’igitate
2063 593 2109 636 et
2139 593 2303 638 orate.

1872 676 1964 739 29,
1993 675 2079 729 50.
2125 675 2276 728 Viam
2319 678 2612 746 iniquitatis
2646 695 2823 734 amove
2864 698 2894 734 a
2942 699 3040 743 me,
3067 694 3115 736 et
3146 685 3209 737 de
3249 686 3353 757 lege

1799 779 1887 822 tua
1917 768 2155 820 miserere
2174 769 2307 821 mei.‘
2329 767 2477 822 Viam
2508 771 2743 824 veritatis
2774 771 2923 840 elegi.
2967 773 3096 826 Illud
3133 775 3354 843 quidem

1794 877 1823 915 ιι
1858 860 1966 916 Dco
1995 861 2248 930 postulat,
2274 863 2374 917 hoc
2400 878 2456 916 se
2481 862 2579 917 sibi
2609 864 2879 919 ascribere
2909 865 3212 920 conﬁtetur.

1867 1029 1954 1083 57.
1987 1032 2166 1083 Averte
2192 1029 2370 1083 oculos
2420 1047 2556 1083 meos
2585 1046 2646 1083 ne
2676 1029 2880 1084 rideant
2919 1031 3225 1085 vanitatem.
3251 1028 3358 1084 Va-

1795 1102 1937 1175 nitas
1952 1129 2034 1175 est
2055 1123 2484 1190 spectaculorum
2517 1123 2738 1176 insanus
2763 1138 2938 1188 amor,
2962 1122 3147 1176 illicita
3176 1138 3358 1177 rerum

1797 1215 2126 1284 speculatiu,
2174 1215 2414 1269 absurda
2463 1215 2743 1283 phantasia
2787 1216 2840 1269 in
2897 1224 3074 1270 mente
3118 1226 3356 1285 recepta,

1795 1321 1956 1376 quam
1982 1307 2248 1376 signiﬁcat
2272 1306 2471 1361 Paulus
2503 1308 2586 1361 his
2617 1308 2793 1362 verbis
2823 1325 2835 1360 :
2870 1307 2936 1360 In
2958 1309 3186 1361 vanitate
3211 1325 3358 1360 men-

1798 1400 1863 1453 tis
1916 1416 2058 1462 sum,
2094 1400 2315 1453 tenebris
2359 1399 2693 1452 obscuratum
2735 1400 2975 1453 habentes
3013 1401 3356 1465 intellectum,

1797 1494 2012 1547 alienati
2041 1511 2072 1545 a
2104 1493 2209 1545 vita
2237 1493 2331 1546 Dei
2356 1492 2421 1546 “.
2452 1492 2834 1548 Animadverte
2851 1493 3139 1546 vanitatem
3162 1494 3358 1548 mentis

1796 1583 1924 1637 dici.
1950 1598 2072 1636 cum
2106 1581 2228 1650 quis
2267 1590 2443 1635 mente
2477 1583 2707 1650 pollens,
2732 1597 2794 1635 ea
2826 1597 2932 1634 non
2973 1582 3141 1634 utitur
3170 1582 3235 1633 ad
3267 1595 3359 1634 ve.-

1797 1674 1975 1728 ritatis
2037 1674 2583 1743 contemplationem;
2617 1673 2709 1726 sed
2751 1673 2951 1742 praebet
2990 1689 3107 1726 eam
3145 1670 3361 1726 Satanae

1799 1766 2091 1836 colliganti.
2148 1764 2262 1820 Hoc
2299 1765 2464 1836 igitur
2497 1764 2770 1835 precando
2798 1765 2874 1818 ait
2905 1783 2919 1818 :
2953 1765 3135 1818 Averte
3184 1766 3361 1818 oculos

123 1855 202 1923 τῷ
250 1855 564 1924 δεσμεύοντι
617 1861 847 1931 Σατανᾷ.
884 1862 1052 1916 Τοῦτο
1077 1859 1566 1936 τοίνυνέὑχόμενός
1595 1887 1691 1938 φη-

1797 1872 1935 1910 meos
1979 1873 2040 1910 ne
2083 1857 2291 1910 videant
2334 1858 2612 1910 vanitates.
2660 1855 2794 1910 Nam
2824 1866 2872 1910 et
2909 1857 3036 1911 illud
3068 1858 3235 1927 gratia
3269 1856 3362 1910 Dei

124 1962 230 1996 σιν·
286 1948 698 2018 Ἀπόστρεψον
739 1953 879 2018 τοὺς
927 1956 1267 2023 ὀφθαλμούς
1308 1974 1426 2025 μου
1456 1959 1560 2012 τοῦ
1609 1960 1695 2029 μὴ

122 2036 279 2089 ἰδεῖν
320 2041 735 2107 ματαιότητος.
788 2044 896 2095 Καὶ
946 2044 1102 2097 τοῦτο
1160 2047 1267 2116 γὰρ
1326 2051 1480 2119 χάρις
1538 2049 1694 2104 Θεοῦ.

130 2130 241 2181 Τοῦ
281 2133 488 2185 αὑτοῦ.
529 2133 607 2186 Τὰ
649 2135 707 2186 ὲν
733 2135 941 2206 σώματι
962 2138 1137 2208 ὡραῖα
1169 2142 1258 2192 καὶ
1284 2142 1482 2213 σαρκὸς
1503 2143 1697 2210 ὀφθαλ-

125 2224 248 2290 μοῖς
284 2222 581 2292 φαινόμενα
607 2225 764 2288 καλὰ,
793 2227 1119 2296 ματαιότητα
1142 2229 1417 2284 ἀποκαλεῖ.

193 2316 438 2385 Στῆσον
482 2319 559 2385 τῷ
601 2320 799 2389 δούλῳ
831 2340 947 2378 σου
986 2325 1052 2377 τὸ
1083 2327 1290 2395 ,λόγιόν
1322 2345 1437 2380 σου
1461 2331 1547 2394 εἰς
1591 2329 1697 2382 τὸν

121 2409 314 2475 φόϐον
362 2427 499 2464 σου.
548 2412 763 2483 Ἐπειδὴ
802 2415 1146 2484 παιδαγωγοῦ
1172 2417 1325 2488 δίκην
1349 2419 1640 2488 ἀναγκαῖος
1669 2421 1697 2471 ὁ

124 2499 289 2564 φόϐος
318 2500 415 2551 τοῦ
444 2501 577 2553 Θεοῦ
624 2505 681 2554 ὲν
731 2506 931 2568 πάσαις
976 2508 1230 2570 ἐντολαῖς·
1306 2509 1493 2562 τούτου
1538 2512 1695 2581 χάριν

123 2588 416 2653 ἐφιστάναι
467 2591 614 2660 αὐτῷ
669 2593 828 2646 αὑτὸν
887 2594 1100 2666 εὔχεται
1150 2597 1240 2650 τὸν
1296 2598 1446 2652 Θεόν.
1497 2600 1568 2652 Τὸ
1617 2601 1692 2663 δὲ,

123 2677 374 2743 Περίελε
406 2678 512 2731 τὸν
559 2681 898 2753 όνειὸισμόν
935 2704 1074 2754 μου,
1123 2687 1258 2756 μετὰ
1297 2689 1357 2741 τὸ
1407 2691 1694 2762 ἐπιστῆσαι

123 2769 315 2842 ὥσπερ
361 2773 481 2825 τινὰ
527 2775 737 2843 φύλακα
796 2777 901 2830 τῶν
960 2779 1112 2831 Θείων
1147 2780 1340 2850 νόμων.
1402 2782 1510 2834 Καὶ
1566 2783 1694 2855 περὶ

123 2856 198 2914 ὧν
233 2864 339 2934 ἤδη
401 2866 661 2937 πρότερον
711 2870 947 2938 συνέγνω
980 2874 1166 2926 ἑαυτὸν
1195 2873 1408 2928 ὀνειδῶν
1447 2874 1693 2946 ἐξομολο-

123 2973 322 3022 γειται.

194 3049 444 3117 Στῆσον
480 3050 559 3116 τῷ
589 3051 784 3124 δούλῳ
821 3069 935 3112 σου
988 3057 1054 3109 τὸ
1106 3059 1312 3128 λόγιόν
1341 3075 1476 3114 σου.
1543 3062 1692 3114 Ἐπεὶ

1799 1957 1900 2004 est.
1941 1947 2212 2016 Ejusdem.
2238 1947 2509 2016 Corporca
2535 1963 2655 2017 qua:
2677 1949 2920 2016 speciosa
2961 1957 3116 2013 sunt,
3145 1958 3198 2001 et
3225 1964 3329 2002 ocu

1799 2042 1866 2097 lis
1889 2042 2069 2096 carnis
2095 2041 2325 2110 pulchra
2351 2041 2620 2104 videntur,
2651 2039 2942 2093 vanitatem
2973 2040 3223 2110 appellat.

1872 2305 1959 2361 58.
1988 2305 2172 2359 Statue
2197 2321 2341 2357 servo
2372 2313 2460 2357 tuo
2490 2304 2752 2373 eloquium
2779 2316 2924 2357 tuum
2951 2308 3005 2358 in
3039 2307 3223 2360 timore
3246 2313 3357 2362 tuo.

1797 2399 2062 2464 Quoniam
2092 2399 2145 2452 in
2175 2399 2427 2453 omnibus
2459 2400 2739 2469 prarceptis
2771 2400 2933 2453 timor
2967 2399 3058 2454 Dei
3088 2403 3361 2474 paedagogi

1800 2489 1971 2543 instar
2012 2491 2353 2545 necessarius
2386 2500 2503 2556 est,
2538 2492 2656 2545 ideo
2695 2501 2849 2561 rogat
2875 2490 3042 2545 Deum
3077 2501 3136 2545 ut
3158 2502 3363 2547 statuat

1796 2581 1899 2635 sibi
1931 2580 2102 2634 illum.
2132 2581 2264 2636 lllttd
2306 2592 2483 2637 autem
2507 2603 2520 2638 :
2544 2585 2772 2653 Amputa
2800 2585 3134 2653 opprobrium
3166 2601 3358 2650 meum,

1795 2671 1926 2728 dicit
1948 2684 2229 2744 postquam
2274 2677 2560 2744 quemdam
2589 2693 2687 2732 ceu
2731 2679 3011 2732 custodem
3046 2678 3358 2733 divinarum

1795 2765 1973 2837 legum
2024 2767 2326 2822 constituit.
2372 2768 2434 2821 Et
2455 2769 2564 2838 jam
2602 2769 2796 2824 iterum
2828 2771 3118 2823 confitetur
3161 2785 3361 2839 oppro—

1795 2859 1912 2915 bria
1935 2860 2002 2916 de
2032 2861 2231 2931 quibus
2265 2862 2417 2932 prius
2446 2877 2504 2918 se
2532 2863 2630 2918 sibi
2672 2864 2951 2918 conscium
2975 2878 3096 2918 esse
3123 2863 3355 2918 dixerat.

1869 3055 2056 3110 Statue
2074 3072 2220 3109 servo
2248 3065 2335 3109 tuo
2363 3057 2624 3126 eloquium
2655 3068 2823 3110 tuum.
2851 3057 2988 3124 Quia
3018 3072 3207 3112 servus
3229 3067 3355 3112 tuus

121 3139 309 3201 δοῦλός
342 3155 436 3191 σου
461 3141 742 3209 τυγχάνων
799 3143 1065 3214 φοϐοῦμαί
1093 3161 1172 3210 σε,
1204 3145 1461 3217 βούλομαι
1504 3148 1560 3201 δὲ
1608 3150 1691 3203 λο-

1795 3161 1917 3201 cum
1946 3148 2067 3207 sim.
2105 3147 2267 3201 timeo
2304 3157 2374 3211 te,
2401 3147 2628 3217 voloque
2657 3148 3051 3203 rationabiliter
3077 3156 3130 3204 et
3161 3164 3360 3204 secun-

122 3230 293 3294 γικῶς
316 3231 415 3284 καὶ
462 3232 599 3285 κατὰ
652 3233 740 3285 τὸν
789 3209 943 3303 λόγον
971 3209 1582 3311 ’φόϐονέχεινίστῆσον
1632 3241 1691 3294 τὸ

1794 3240 1919 3293 dum
1946 3238 2166 3293 verbum
2189 3239 2435 3292 timorem
2461 3239 2681 3302 habere,
2701 3247 2875 3294 statue
2904 3240 3180 3311 eloquium
3208 3249 3358 3294 tuum

123 3323 301 3389 λόγιόν
339 3339 433 3375 σου
462 3325 541 3386 είς
564 3325 654 3377 τὸν
700 3325 861 3395 φόϐον
896 3344 1008 3390 σου,
1030 3329 1120 3381 τὸν
1147 3329 1273 3384 ὄντα
1322 3332 1431 3398 σὸν,
1461 3333 1560 3386 οὐκ
1601 3334 1690 3402 ἀφ’

121 3405 181 3464 οὗ
208 3415 353 3485 φοϐῇ
389 3417 476 3478 σὺ,
503 3416 614 3469 ἀλλ’
645 3417 736 3484 ἀφ’
769 3412 828 3471 οὗ
882 3417 992 3486 ἐγὼ
1038 3419 1305 3491 φοϐοῦμαί
1357 3439 1434 3474 σε.
1469 3424 1586 3477 Ἵνα
1618 3424 1691 3496 μὴ

121 3505 174 3556 δὲ
193 3505 324 3558 ἄνευ
358 3504 515 3572 λόγου
551 3506 732 3573 φόϐον,
764 3509 896 3578 μηδὲ
934 3510 1059 3562 ἄνευ
1085 3512 1248 3577 φόϐου
1278 3513 1432 3581 λόγον
1461 3514 1688 3586 ἔχωμεν·

124 3594 305 3664 ἵστησι
328 3593 387 3645 δὲ
418 3597 446 3646 6
478 3594 609 3657 Θεὸς
630 3595 688 3648 τὺ
722 3596 896 3665 λόγιον
947 3599 1110 3651 αὑτοῦ
1160 3603 1237 3663 είς
1277 3603 1368 3655 τὸν
1409 3605 1570 3671 φόϐον
1597 3606 1692 3658 αὺ-

121 3685 234 3748 τοῦ,
291 3684 524 3754 βεϐαιῶν
561 3687 626 3740 δι’
678 3689 998 3754 ἀποδείξεως
1053 3693 1185 3746 αὐτὸ
1215 3697 1328 3757 τοῖς
1386 3697 1688 3751 εὐλαεέσιν.

123 3777 340 3848 Ὠσπερ
375 3778 481 3849 γάρ
508 3779 651 3843 τινές
687 3783 821 3833 εἰσιν
855 3782 1067 3852 ἔχοντες
1095 3782 1273 3854 ζῆλον,
1322 3785 1435 3838 ἀλλ’
1469 3787 1528 3839 οὑ
1572 3789 1690 3840 κατ’

122 3871 441 3938 ἐπίγνωσιν,
488 3871 660 3935 οὕτως
701 3873 805 3926 είσί
851 3891 997 3938 τινες
1054 3874 1266 3946 ἔχοντες
1322 3877 1484 3939 φόϐον
1533 3879 1689 3943 Θεοῦ,

121 3964 233 4015 ἀλλ’
259 3964 325 4015 οὐ
379 3966 498 4016 κατ’
529 3965 837 4033 ἐπίγνωσιν.
875 3968 1119 4035 Περίελε
1178 3970 1285 4024 τὸν
1353 3971 1694 4041 ὀνειδισμόν

116 4071 233 4119 μου
251 4052 328 4106 ὃν
354 4053 736 4109 ὑπώπτευσα.
765 4058 1001 4128 Ποιήσας
1023 4060 1052 4111 ό
1085 4063 1367 4132 προφήτης
1388 4061 1464 4124 ὡς
1495 4063 1694 4133 ἄνθρω-

123 4163 218 4208 πος
251 4145 551 4217 ἁμαρτίαν,
599 4149 921 4218 παρακαλεῖ,
976 4153 1097 4206 ἐπεὶ
1135 4155 1234 4226 δρᾷ
1269 4154 1357 4206 τὸν
1393 4154 1692 4226 ὀνειδισμὸν

121 4236 631 4306 παρακολουθοῦντα
662 4241 717 4290 ἐν
759 4239 837 4309 τῷ
869 4238 996 4310 θείῳ
1041 4242 1374 4316 δικαστηρίῳ
1407 4245 1541 4315 μετᾶ
1597 4245 1691 4316 τὴν

120 4329 436 4394 ἀνάστασιν,
490 4331 582 4382 καὶ
615 4329 760 4398 λέγει
808 4332 898 4386 τὸν
928 4334 1276 4405 προκείμενον
1331 4338 1529 4408 στίχον.
1581 4339 1693 4390 Οὐκ

119 4421 181 4472 ἂν
206 4420 264 4473 δὲ
282 4420 465 4488 λέγοις
491 4421 650 4475 τοῦτο
675 4423 869 4492 λέγων’
888 4426 1111 4497 Περίελε
1135 4427 1224 4479 τὸν
1244 4427 1544 4499 δνειδισμόν
1574 4445 1688 4480 σου.

1795 3326 1848 3379 in
1889 3325 2136 3378 timorem
2187 3334 2336 3378 tuum
2371 3344 2383 3377 :
2414 3325 2505 3394 qui
2537 3339 2724 3379 revera
2772 3333 2903 3380 tuus
2949 3335 3052 3391 est,
3081 3341 3186 3379 non
3213 3331 3358 3395 quod

1792 3425 1850 3471 tu
1883 3417 2092 3482 timeas,
2121 3417 2211 3471 sed
2232 3416 2357 3485 quia
2384 3431 2482 3486 ego
2511 3416 2674 3470 timeo
2705 3425 2775 3471 te.
2811 3415 2877 3471 Ut
2903 3427 3080 3472 autem
3112 3433 3212 3472 nec
3236 3418 3356 3473 sine

1791 3509 1956 3563 verbo
1979 3508 2248 3574 timorem,
2281 3522 2381 3562 nec
2409 3507 2525 3561 sine
2552 3506 2749 3562 timore
2776 3507 3000 3561 verbum
3030 3507 3356 3572 habeamus,

1793 3600 1982 3654 statuit
2011 3614 2143 3654 sane
2167 3597 2309 3654 Deus
2331 3598 2606 3667 eloquium
2627 3613 2786 3652 suum
2820 3598 2871 3652 in
2897 3599 3144 3653 timorem
3172 3615 3355 3662 suum,

1791 3706 1886 3759 per
1909 3698 2054 3744 certa
2087 3698 2399 3760 argumenta
2433 3690 2656 3742 ﬁrmans
2686 3688 2813 3742 illud
2842 3691 2982 3758 apud
3021 3692 3141 3759 pios
3175 3692 3354 3746 homi-

1791 3799 1906 3838 nes.
1936 3783 2398 3851 Quemadmodum
2446 3783 2590 3837 enim
2629 3783 2846 3853 quidam
2873 3794 2996 3837 sunt
3043 3785 3214 3838 zelum
3256 3785 3354 3839 ha-

1791 3875 2000 3942 bentes,
2044 3875 2138 3930 sed
2179 3890 2288 3930 nou
2343 3875 2641 3929 secundum
2683 3876 2962 3930 scientiam
3009 3875 3087 3941 δ’,
3125 3876 3196 3930 ita
3230 3885 3359 3932 sunt

1792 3962 2011 4031 quidam
2041 3964 2298 4018 habentes
2343 3964 2592 4019 timorem
2628 3965 2753 4031 Dei,
2798 3965 2891 4021 sed
2919 3981 3023 4020 non
3059 3967 3356 4023 secundum

1792 4053 2093 4107 scientiam.
2125 4053 2349 4124 Amputa
2383 4056 2713 4126 opprobrium
2755 4073 2958 4119 meum,
2993 4059 3133 4126 quod
3181 4061 3356 4128 suspi-

1791 4152 1939 4196 catus
1967 4160 2102 4198 sum.
2130 4144 2261 4200 Cum
2297 4133 2560 4215 Propheta
2607 4156 2884 4215 peccasset
2931 4157 2989 4201 ut
3020 4148 3206 4212 homo.
3237 4160 3357 4205 orat

1789 4245 1843 4288 et
1874 4234 2193 4305 deprecatur
2226 4237 2572 4306 opprobrium
2610 4240 2755 4308 quod
2787 4238 3024 4294 futurum
3061 4241 3203 4295 videt
3234 4252 3357 4311 post

1793 4329 2248 4383 resurrectionem
2296 4331 2348 4383 in
2393 4331 2578 4385 divino
2617 4333 2893 4396 tribunali,
2926 4343 2979 4388 et
3000 4334 3188 4389 recitat
3212 4336 3356 4391 hunc

1794 4437 2035 4476 versum.
2069 4419 2252 4493 Neque
2276 4423 2476 4478 dixeris
2506 4426 2607 4479 hoc
2638 4424 2796 4478 modo
2831 4443 2844 4478 :
2877 4426 3109 4495 Amputa
3151 4442 3351 4496 oppro-

121 4512 291 4566 ὐταν
320 4513 430 4583 γὰρ
467 4512 788 4585 ὀνειδίζομαι
837 4517 925 4570 διὰ
969 4518 1059 4570 τὸν
1099 4518 1363 4589 Χριστὸν,
1418 4521 1620 4582 ἐκεῖνος
1663 4520 1690 4571 6

1794 4513 1972 4567 brium
2009 4523 2182 4568 tuum.
2214 4513 2346 4567 Nam
2381 4531 2499 4569 cum
2540 4515 2845 4584 opprobriis
2891 4517 3094 4572 amcior
3137 4528 3355 4588 propter

121 4603 423 4673 ὀνειδισμὸς
442 4603 541 4655 οὐκ
575 4602 720 4656 ἔστιν
753 4605 904 4675 ὲμδς,
953 4606 1088 4659 ἀλλὰ
1117 4607 1210 4660 τοῦ
1255 4608 1512 4678 Χριστοῦσ
1562 4610 1689 4662 ὅταν

120 4696 172 4746 δὲ
204 4697 536 4766 όνειδίζομαι
560 4697 648 4752 διὰ
672 4697 770 4762 τὰς
800 4701 949 4771 ἐμὰς
972 4701 1260 4771 ἁμαρτίας,
1296 4703 1388 4757 καὶ
1418 4704 1491 4775 μὴ
1525 4722 1686 4776 μετα-

121 4786 240 4852 νοεῖ),
265 4789 371 4840 οὐκ
403 4787 600 4856 ὀφείλω
650 4787 846 4856 λέγειν·
901 4793 1143 4861 Περίελε
1191 4793 1298 4848 τὸν
1347 4794 1687 4864 όνειδισμόν

115 4896 228 4945 μου
283 4879 390 4932 ἀπ’
421 4879 588 4948 ἐμοῦ,
623 4880 695 4933 ὃν
749 4879 1129 4948 ὑπώπτευσα,
1178 4884 1266 4954 ὅτι
1322 4885 1394 4939 τὰ
1422 4885 1686 4957 ,κρίματά

119 4984 230 5023 σου
256 4971 516 5039 χρηστά.

197 5061 349 5114 Ἰδοὺ
374 5060 720 5131 ἐπεθύμησα
743 5063 846 5130 τὰς
865 5063 1116 5132 ἐντολάς
1135 5079 1271 5131 σου,
1295 5067 1364 5119 ἐν
1384 5065 1456 5134 τῇ
1471 5067 1688 5122 δικαιο-

120 5153 274 5220 σύνῃ
331 5167 450 5205 σου
495 5151 680 5221 ζῆσόν
716 5172 808 5224 με.
855 5155 1108 5226 Ἀμοιῦὴν
1152 5159 1292 5211 αἰτεῖ
1338 5160 1435 5230 τὴν
1473 5158 1685 5213 δικαίαν

123 5242 259 5314 ζωὴν
288 5247 387 5298 καὶ
420 5245 538 5298 κατ’
568 5246 787 5319 ἀρετὴν,
831 5250 889 5301 οὐ
938 5249 1096 5319 μόνον
1129 5250 1366 5320 φυλάξας
1399 5251 1497 5315 τὰς
1543 5254 1688 5306 ὲντο-

123 5332 232 5396 ὶάς,
267 5334 410 5388 ἀλλά
442 5337 535 5389 καὶ
569 5338 841 5405 ἐρωτικῶς
863 5339 988 5409 περὶ
1015 5340 1182 5403 αὑτὰς
1207 5340 1563 5413 διακείμενος,
1593 5342 1685 5396 καὶ

125 5427 218 5478 οὐκ
250 5427 430 5480 ἄλλων
457 5429 631 5500 χάριν,
674 5429 790 5482 ἀλλ’
815 5432 982 5496 αὐτὰς
1007 5433 1100 5485 καὶ
1136 5433 1202 5486 δι’
1233 5433 1400 5498 αὐτὰς
1429 5435 1680 5490 ἐκτελῶν.

125 5515 227 5570 Καὶ
259 5519 386 5571 ἐπεὶ
417 5518 726 5591 δικαιοσύνη
759 5521 850 5574 τοῦ
908 5523 1116 5595 Πατρὺς
1159 5529 1188 5580 6
1237 5527 1382 5592 Υἱὸς,
1431 5531 1458 5583 δ
1486 5530 1542 5580 ἐν
1572 5529 1685 5601 Υἱῷ

126 5603 187 5673 Si.
194 5622 278 5660 σαι
308 5608 629 5679 βουλόμενος
651 5610 806 5663 τοῦτό
833 5629 982 5682 φησι.

1793 4602 2095 4669 Christum,
2143 4605 2272 4660 illud
2317 4606 2663 4675 Opprohrium
2723 4621 2831 4660 non
2887 4614 2971 4661 est
3019 4623 3222 4672 meum,
3259 4611 3352 4665 sed

1793 4696 1997 4749 Christi
2023 4705 2145 4751 est:
2180 4713 2303 4752 cum
2337 4707 2513 4752 autem
2549 4698 2854 4769 opprobriis
2897 4697 3098 4752 allicior
3139 4711 3355 4770 propter

1792 4796 2010 4855 peccata
2046 4804 2186 4852 mea,
2223 4804 2397 4858 neque
2441 4789 2811 4859 paenitentiam
2843 4805 2965 4858 ago,
3007 4807 3111 4844 non
3145 4800 3354 4861 oportet

1793 4895 1881 4933 me
1911 4879 2090 4934 dicere
2119 4899 2132 4934 :
2170 4880 2397 4950 Amputa
2445 4881 2777 4949 opprobrium
2817 4897 2986 4935 meum
3021 4901 3052 4936 a
3076 4900 3174 4950 me,
3214 4886 3351 4953 quod

1794 4974 2088 5041 suspicatus
2126 4990 2263 5040 sum,
2286 4976 2407 5044 quia
2427 4974 2634 5042 judicia
2667 4984 2757 5026 tua
2779 4974 3036 5044 jucunda.

1871 5063 1959 5117 40.
1990 5062 2122 5117 Ecce
2162 5065 2428 5131 concupiui
2461 5067 2708 5118 mandata
2749 5075 2861 5130 tua,
2888 5067 2942 5119 in
2989 5066 3229 5137 a'quitate
3260 5076 3350 5119 tua

1793 5156 1998 5225 vivi/ica
2049 5172 2148 5210 me.
2194 5155 2425 5210 Proham
2463 5167 2516 5212 et
2555 5159 2606 5211 in
2646 5158 2844 5212 virtute
2882 5169 3054 5212 actam
3091 5159 3254 5212 vitam
3296 5159 3348 5232 ip

1798 5247 2082 5315 praemium
2125 5249 2362 5317 postulat
2389 5266 2401 5302 :
2434 5265 2540 5304 non
2585 5249 2756 5304 solum
2787 5249 2909 5318 quia
2941 5260 3203 5319 praecepta
3236 5265 3351 5302 ser-

1791 5338 1952 5401 vavit,
1995 5338 2086 5391 sed
2117 5339 2244 5408 quia
2279 5339 2483 5395 amoris
2505 5339 2696 5395 al'lectu
2726 5340 2814 5394 illa
2838 5341 3230 5410 complectitur.
3251 5357 3349 5396 nec

1789 5431 2012 5484 alterius
2042 5429 2118 5484 rei
2151 5445 2336 5495 causa,
2363 5431 2463 5495 ,sed
2499 5431 2588 5485 illa
2636 5431 2809 5486 solum
2850 5447 3099 5500 quierens
3133 5440 3188 5486 et
3224 5448 3342 5497 pro-

1787 5531 1904 5590 pter
1937 5521 2024 5575 illa
2060 5535 2243 5590 agens.
2279 5520 2341 5574 Et
2367 5522 2492 5592 quia
2527 5521 2696 5578 Filius
2719 5523 3028 5593 estjustitia
3056 5521 3254 5586 Patris,
3283 5522 3346 5575 il-

1786 5615 1876 5668 lud
1908 5617 1980 5669 ait
2003 5615 2093 5685 qui
2127 5615 2179 5669 in
2208 5612 2344 5675 Filio
2375 5615 2538 5670 vitam
2570 5630 2725 5685 agere
2749 5616 2884 5672 vult.

198 5816 240 5849 ⁵⁷
275 5815 466 5874 ilatth.
502 5834 646 5886 xm,
691 5819 781 5874 Η.
854 5820 898 5852 ⁵⁸
939 5817 1133 5896 Ephes.
1173 5836 1244 5888 tv,
1284 5821 1485 5888 17,18.
1563 5824 1605 5854 δ’
1635 5820 1794 5876 Rom.
1819 5838 1875 5886 ι,
1905 5823 1955 5876 2.
