4076 6308
772 351 874 408 ιιι-ι

1578 351 1633 407 S.
1671 350 2043 406 ATHANASII
2081 351 2229 408 OPP.
2273 354 2452 410 PARS
2493 354 2580 410 lli.
2624 385 2691 396 --
2727 356 3126 416 EXEGETICA.

3883 363 3981 418 488

842 463 929 518 Η.
964 458 1032 516 Ει
1057 463 1222 517 veniat
1249 477 1400 531 super
1445 477 1522 514 me
1547 462 1911 515 misericordia
1935 471 2052 526 tua,
2084 462 2318 518 Domine.

2492 464 2598 518 Kal
2642 465 2802 519 ἔλθοι
2852 467 2943 520 ἐπ’
2970 469 3073 537 ἐμὲ
3105 469 3168 521 τὸ
3195 467 3366 534 ἔλεός
3395 485 3530 532 σου,
3562 471 3753 538 Κύριε.
3795 471 3861 523 Ei
3888 474 3980 526 τοῦ

773 556 829 612 Si
866 554 1288 610 misericordiam
1321 565 1488 618 tuam,
1526 555 1620 618 ait,
1656 569 1977 623 consequar,
2016 569 2136 622 quae
2162 557 2324 610 mise-

772 649 1001 705 ricordia
1031 663 1124 718 per
1150 648 1385 701 salutare
1413 658 1560 700 tuum
1589 648 1653 700 atl
1690 663 1774 699 me
1808 647 2045 711 accedet,
2071 647 2320 701 ﬁduciam

769 743 978 797 habebo
1006 742 1262 795 adversus
1309 755 1402 794 eos
1433 740 1521 808 qui
1561 740 1689 793 mibi
1718 739 2069 810 opprobrium
2114 739 2319 804 dicunt,

764 843 819 888 et
847 833 1127 886 adversum
1153 847 1236 884 me
1260 829 1562 900 insurgunt.

864 921 950 976 42.
983 921 1049 974 Et
1089 920 1401 990 respondebo
1445 920 1873 988 exprobrantibus
1921 922 2048 974 mihi
2089 921 2317 984 verbum,

763 1015 888 1084 quia
919 1016 1120 1083 speravi
1162 1017 1216 1068 in
1249 1015 1573 1067 sermonibus
1623 1014 1746 1068 tuis.
1786 1013 2140 1083 Respondebo
2173 1013 2316 1066 enim

765 1121 871 1160 non
904 1121 1115 1175 mquum
1145 1121 1263 1160 esse
1292 1106 1549 1159 conviciis
1579 1106 1789 1159 onerari
1819 1120 1939 1158 eum
1969 1106 2058 1174 qui
2085 1119 2143 1158 ea
2175 1113 2318 1158 tenet

763 1197 1050 1266 dogmata;
1077 1214 1196 1267 qua:
1231 1196 1454 1251 irrident
1501 1197 1693 1264 impuri
1751 1197 2110 1251 illi.liomines
2147 1211 2174 1250 a
2213 1197 2315 1250 tide

763 1290 944 1344 alieni.
975 1289 1084 1357 Ego
1113 1305 1236 1344 vero
1274 1289 1553 1342 ostendam
1585 1289 1671 1340 illa
1714 1289 2006 1356 prudentia:
2035 1298 2195 1357 atque
2227 1303 2312 1342 sa-

762 1379 976 1448 pientia:
1002 1380 1155 1449 plena
1179 1395 1315 1433 esse.
1343 1377 1696 1444 Respondebo
1717 1389 1893 1432 autem
1925 1379 2167 1444 verbum,
2189 1380 2313 1447 quia

761 1475 815 1527 in
843 1473 1008 1528 verbis
1040 1477 1143 1527 tuis
1167 1473 1544 1541 super-speravi.

835 1564 923 1618 45.
959 1562 1022 1616 Ει
1052 1580 1113 1616 ne
1140 1563 1346 1629 auferas
1375 1561 1437 1613 de
1468 1576 1554 1612 ore
1584 1574 1694 1611 meo
1725 1558 1931 1611 verbum
1962 1559 2194 1611 veritatis
2224 1574 2310 1611 us-

758 1673 1073 1727 quequaque,
1104 1657 1224 1726 quia
1255 1656 1309 1708 in
1339 1653 1559 1723 judieiis
1592 1654 1694 1703 tuis
1723 1652 2097 1719 supersperavi.
2131 1649 2309 1718 Usque

2429 554 2521 606 σοῦ
2567 555 2746 619 ἐλέους
2776 555 2939 627 τύχω,
2987 559 3138 629 φησὶ,
3185 557 3338 611 τοῦτο
3385 558 3441 612 δὲ
3488 560 3548 612 τὸ
3589 559 3732 622 ἔλεος
3769 561 3861 612 διὰ
3890 563 3978 613 τοῦ

2426 648 2688 718 σωτηρίου
2737 665 2827 701 σου
2880 650 3161 720 γενήσεταί
3194 668 3300 719 μοι,
3344 652 3650 723 παρρησίαν
3701 652 3808 716 ἔξω
3841 655 3979 725 πρὸς

2421 739 2546 801 τοὺς
2577 740 2928 805 ὀνειδίζοντας
2978 744 3071 796 καὶ
3102 745 3558 813 ἐπανισταμένους
3584 763 3691 816 μοι.

2491 916 2598 970 Kal
2626 917 3093 987 ἀποκριθήσομαι
3121 918 3243 984 τοῖς
3279 916 3626 979 ὀνειδίζουσί
3639 936 3740 986 μοι
3762 919 3972 988 λότυν.

2420 1006 2504 1060 ὅτι
2543 1008 2771 1076 ἤλπισα
2801 1011 2896 1063 ἐπὶ
2919 1011 3040 1077 τοῖς
3066 1012 3266 1080 λόγοις
3287 1027 3420 1065 σου.
3462 1011 3598 1082 Ἐρῶ
3617 1012 3742 1082 γὰρ,
3769 1013 3848 1076 ὠς
3878 1014 3974 1066 οὐκ

2418 1101 2563 1166 ἄξιος
2589 1101 2938 1165 ὀνειδίζεσθαι
2987 1105 3076 1157 τὸν
3102 1105 3170 1156 τὰ
3210 1104 3429 1157 τοιαῦτα
3474 1103 3714 1174 δόγματα
3760 1106 3972 1174 ἔχοντα,

2417 1193 2572 1247 ἅτινα
2600 1194 2827 1262 γελῶσιν
2870 1198 2917 1248 οί
2947 1197 3043 1267 τῆς
3100 1199 3331 1260 πίστεως
3361 1197 3623 1266 ἀλλότριοι
3674 1199 3724 1249 oi
3775 1199 3969 1267 μωροί.

2428 1283 2567 1351 Ἐγὼ
2612 1286 2666 1338 δὲ
2732 1288 2998 1350 συνέσεως
3048 1288 3310 1354 ἀποδείξω
3341 1289 3433 1342 καὶ
3468 1288 3652 1357 σοφίας
3681 1289 3975 1358 πεπληρω-

2417 1377 2570 1443 μένα.
2615 1376 3067 1450 Ἀποκριθήσομαι
3105 1381 3159 1434 δὲ
3197 1381 3369 1449 λόγον,
3417 1383 3541 1435 ἐπεὶ
3576 1385 3659 1448 εἰς
3705 1383 3846 1448 τοὺς
3873 1384 3974 1436 ..ζόα

2413 1486 2554 1539 γους
2579 1486 2693 1523 σου
2729 1471 3057 1538 ἐπήλπισα.

2480 1562 2585 1615 Kal
2605 1562 2690 1630 μὴ
2723 1561 3002 1632 περιέλῃς
3032 1567 3100 1618 ἐκ
3131 1567 3234 1620 τοῦ
3275 1568 3566 1635 στόματός
3615 1584 3732 1635 μου
3779 1569 3973 1634 λόγον

2410 1654 2691 1721 ἀληθείας
2723 1655 2832 1721 ἕως
2881 1658 3130 1725 σφόδρα·
3165 1657 3252 1711 ὅτι
3290 1659 3388 1711 ἐπὶ
3433 1657 3554 1724 τοῖς
3575 1660 3817 1727 κρίμασι
3850 1674 3970 1712 σου

760 1749 825 1803 ad
853 1758 1173 1809 extremum,
1207 1747 1396 1816 inquit,
1430 1746 1653 1798 halitum
1680 1763 1693 1810 ;
1726 1745 1772 1798 si
1819 1744 2032 1812 indigne
2062 1743 2307 1796 vivamus

2409 1745 2734 1811 ἐπήλπισα.
2765 1748 2935 1819 Μέχρι
2963 1749 3060 1818 τῆς
3108 1749 3338 1821 ἐσχάτης
3391 1751 3574 1820 πνοῆς,
3613 1751 3791 1819 φησίν.
3842 1749 3970 1802 Ἐὰν

758 1843 826 1897 iis
848 1857 966 1912 qua:
997 1851 1136 1896 recte
1163 1842 1453 1910 loquimur,
1477 1837 1618 1892 Deus
1633 1837 1840 1892 auferet
1869 1837 2086 1891 verbum
2113 1835 2307 1889 verita-

2410 1836 2638 1900 ἀναξίως
2683 1834 2756 1890 ῶν
2824 1838 2999 1901 καλῶς
3041 1839 3269 1909 λέγομεν
3298 1819 3304 1821 ν
3335 1819 3648 1911 βιώσωμεν,
3722 1841 3970 1912 περιελεί

759 1933 826 1988 tis
855 1933 920 1988 de
949 1948 1041 1988 ore
1070 1941 1278 1986 nostro.

827 2114 914 2167 44.
946 2111 1014 2165 Et
1039 2112 1328 2164 custodiam
1355 2110 1511 2181 legem
1541 2122 1682 2163 luant
1699 2125 1915 2177 semper.
1951 2107 2064 2178 (47)
2087 2107 2303 2169 Custos,

754 2206 948 2276 inquit,
969 2220 1063 2259 ero
1095 2205 1226 2274 legis
1255 2214 1356 2258 tua:
1386 2222 1397 2257 :
1433 2219 1603 2272 neque
1637 2204 1796 2255 modo
1823 2210 1964 2256 recte
1992 2216 2076 2255 me
2097 2215 2300 2270 geram,

751 2299 911 2354 inodo
946 2313 1136 2362 secus;
1181 2297 1274 2350 sed
1317 2307 1369 2350 et
1410 2297 1461 2348 in
1509 2295 1758 2364 praesenti
1785 2303 1838 2348 et
1872 2296 1925 2347 in
1970 2292 2152 2347 futuro
2183 2293 2305 2346 vita:

751 2406 884 2446 mea:
914 2400 1153 2459 tempore
1189 2389 1359 2457 legem
1388 2387 1638 2456 implebo.

825 2482 916 2537 46.
961 2481 1030 2536 Et
1078 2481 1324 2551 loquebar
1369 2481 1421 2534 in
1465 2481 1770 2533 testimoniis
1800 2480 1900 2532 tuis
1938 2480 1992 2531 in
2028 2486 2300 2547 conspectu

750 2591 951 2646 regum.
983 2573 1131 2627 Talis
1161 2572 1264 2626 fuit
1288 2571 1506 2636 Paulus,
1536 2573 1658 2627 talis
1685 2571 1894 2636 Petrus,
1922 2573 2042 2624 talis
2082 2579 2299 2640 aposto-

749 2667 923 2721 lorum
946 2676 1000 2721 et
1025 2675 1316 2736 martyrum
1341 2665 1559 2718 chorus.
1588 2663 1709 2718 Haec
1733 2668 1953 2734 martyri
1977 2663 2302 2718 conveniunt

748 2757 844 2828 qui
885 2765 1103 2827 propter
1132 2754 1406 2810 Chrlstum
1451 2755 1517 2807 ad
1568 2769 1718 2824 reges
1750 2763 1802 2807 et
1842 2753 2096 2822 praesides
2127 2753 2296 2806 addu-

749 2851 918 2916 citur;
948 2848 1197 2905 convenit
1218 2848 1342 2902 item
1367 2848 1432 2901 iis
1457 2846 1547 2916 qui
1579 2863 1638 2900 os
1660 2847 1905 2915 aperiunt
1929 2845 1979 2898 in
2009 2854 2298 2914 conspectu

746 2949 1058 2998 sanctorum
1083 2939 1264 2994 animo
1285 2939 1430 3009 regio
1461 2937 1825 3007 prmditorum.
1858 2935 2126 2990 Dedecore
2149 2950 2300 2988 nam-

747 3050 854 3106 que
905 3034 1100 3104 dignus
1145 3032 1237 3102 qui
1287 3030 1508 3083 verbum
1558 3029 1825 3096 accipiens
1859 3043 1888 3080 a
1921 3026 2048 3092 Deo,
2079 3041 2186 3080 non
2233 3040 2298 3080 eo

2409 1927 2499 1980 τὸν
2540 1928 2692 1996 λόγον
2734 1929 2832 1998 τῆς
2885 1930 3138 2001 ἀληθείας
3168 1934 3230 1984 ὲκ
3281 1932 3372 1984 τοῦ
3429 1933 3689 2003 στόματος
3737 1933 3902 2003 ἡμῶν
3941 1935 3969 1983 ὀ

2406 2019 2555 2083 Θεός.

2477 2112 2579 2165 Καὶ
2609 2112 2855 2181 φυλάξω
2889 2113 2994 2166 τὸν
3043 2115 3230 2181 νόμον
3276 2131 3390 2167 σου
3433 2114 3528 2169 διὰ
3572 2116 3809 2180 παντὸς.
3863 2115 3968 2169 Φύ-

2404 2201 2521 2266 λαξ,
2553 2204 2736 2273 φησιν,
2758 2204 2947 2274 ἔσομαι
2973 2204 3066 2257 τοῦ
3107 2205 3268 2276 νόμου
3311 2222 3424 2270 σου,
3464 2207 3522 2259 ού
3555 2207 3681 2260 ποτὲ
3711 2208 3808 2277 μὲν
3833 2225 3968 2262 κατ-

2403 2293 2595 2365 ορθῶν,
2639 2296 2768 2348 ποτὲ
2808 2295 2864 2348 δὲ
2906 2294 2987 2348 οὗ·
3019 2295 3154 2349 ἀλλά
3189 2297 3283 2349 καὶ
3323 2298 3381 2349 ὲν
3404 2300 3470 2368 τῇ
3530 2299 3768 2369 παρούσῃ
3825 2301 3963 2372 ζωῇ,

2403 2387 2551 2457 φησὶ,
2585 2387 2678 2439 καὶ
2708 2389 2763 2439 ὲν
2801 2389 2865 2457 τῇ
2901 2387 3164 2460 μελλούσῃ
3191 2387 3376 2441 τοῦτον
3403 2389 3745 2460 κατορθώσω.

2468 2479 2575 2530 Kal
2618 2477 2879 2532 ἐλάλουν
2899 2479 2968 2531 ἐν
2999 2477 3121 2544 τοῖς
3170 2481 3513 2548 μαρτυρίοις
3537 2496 3652 2534 σου
3679 2481 3966 2536 ἐναντίον

2396 2573 2722 2636 βασιλέων.
2774 2575 3020 2638 Τοιοῦτος
3073 2575 3290 2644 γέγονεν
3322 2577 3350 2627 ὁ
3387 2575 3618 2640 Παῦλος,
3666 2575 3913 2639 τοιοῦτος
3939 2580 3964 2628 ό

2404 2666 2628 2737 Πέτρος,
2665 2667 2899 2731 τοιοῦτος
2940 2667 3046 2719 τῶν
3074 2667 3381 2720 ἀποστόλων
3433 2669 3461 2719 ὁ
3518 2667 3674 2739 χορὸς
3722 2669 3818 2720 καὶ
3856 2668 3964 2720 τῶν

2407 2757 2714 2828 μαρτύρων.
2782 2758 3032 2828 Ἀρμόσει
3093 2758 3248 2812 τοῦτο
3291 2758 3368 2829 τῷ
3428 2759 3660 2828 μάρτυρι
3736 2757 3814 2827 τῷ
3870 2759 3964 2810 ἐπὶ

2401 2848 2671 2918 ἡγεμόνας
2693 2849 2784 2902 καὶ
2817 2848 3052 2918 βασιλεῖς
3078 2850 3328 2920 ἀγομένῳ
3375 2850 3461 2902 διά
3507 2850 3757 2920 Χριστόνο
3793 2851 3964 2920 ἁρμό-

2401 2955 2479 2990 σει
2503 2941 2594 2993 καὶ
2620 2943 2728 3002 τοῖς
2756 2939 3024 3008 ἀνοίγουσι
3081 2941 3140 2992 τὸ
3194 2941 3366 3010 στόμα
3414 2942 3504 2995 ἐπὶ
3532 2942 3638 2995 τῶν
3665 2942 3962 3012 βασιλικῶν

2399 3032 2495 3096 τὰς
2524 3031 2701 3101 ψυχὰς
2731 3033 2918 3101 ἁγίων.
2959 3032 3225 3105 Αἰσχύνης
3253 3035 3361 3105 γάρ
3388 3034 3534 3099 ἄξιος
3557 3039 3585 3089 ὁ
3620 3035 3691 3108 μὴ
3731 3037 3870 3108 πρὸς
3897 3038 3961 3089 τὸ

747 3129 919 3186 utitur
943 3127 1007 3181 ad
1045 3125 1385 3197 Evangelium
1420 3121 1851 3177 annuntiandum
1875 3120 2072 3175 virtute
2108 3117 2296 3173 multa.

2401 3123 2840 3194 εὐαγγελίζεσθαι
2870 3125 3092 3195 δυνάμει
3122 3126 3286 3197 πολλῇ
3311 3124 3458 3197 ῥῆμα
3489 3127 3666 3180 λαϐὼν
3702 3131 3766 3181 ὲκ
3792 3128 3954 3182 Θεοῦ·

748 3220 924 3277 Proba
959 3234 1190 3288 namque
1217 3218 1324 3272 vita
1362 3217 1607 3272 tiduciam
1634 3216 1792 3286 parit.

827 3314 916 3369 47.
939 3311 1005 3366 Et
1029 3311 1317 3367 meditabar
1338 3313 1391 3364 in
1411 3311 1669 3363 mandatis
1687 3310 1792 3361 tuis
1814 3323 1928 3377 quia
1951 3306 2115 3360 dilexi
2131 3306 2296 3360 valde.

748 3404 818 3460 Et
851 3407 1012 3462 levavi
1055 3421 1239 3458 manus
1286 3420 1426 3457 meas
1451 3403 1519 3455 ad
1563 3401 1812 3454 mandata
1839 3413 1950 3452 tua.
1973 3399 2157 3453 Manus
2213 3399 2301 3452 hic

746 3506 904 3553 vocat
945 3496 1200 3567 operandi
1266 3494 1514 3548 virtutes.
1557 3491 1810 3560 Operatio
1860 3489 2002 3544 enim
2050 3498 2132 3543 est
2176 3487 2298 3544 ﬁnis

747 3588 1115 3645 meditationis
1140 3587 1534 3640 mandatorum.
1559 3582 1690 3637 Nam
1724 3591 1846 3652 post
1875 3581 2296 3650 assumptionem

750 3680 908 3737 Verbi
939 3680 1336 3740 mandatorum,
1368 3690 1542 3746 operae
1589 3675 1819 3743 pretium
1855 3681 1938 3728 est
1979 3687 2170 3726 manus
2206 3687 2298 3724 ex-

747 3772 965 3828 tendere
999 3771 1065 3826 hd
1097 3771 1473 3825 mandatorum
1519 3767 1921 3836 operationem;
1950 3781 2056 3819 non
2099 3779 2163 3818 ex
2205 3764 2298 3817 tri-

747 3863 893 3919 stitia
918 3872 1010 3918 aut
1042 3877 1108 3918 ex
1139 3863 1479 3924 necessitate,
1504 3858 1597 3913 sed
1625 3873 1692 3914 ex
1738 3857 1948 3912 aﬂ‘ectu.
1987 3860 2063 3911 Ac
2111 3867 2295 3927 postea

746 3957 1055 4028 frequenter
1081 3969 1243 4025 super
1258 3955 1325 4010 iis
1349 3953 1613 4018 meditari,
1635 3967 1698 4007 ac
1719 3953 1784 4007 de
1805 3952 1872 4008 iis
1892 3952 2037 4020 loqui
2060 3960 2292 4022 oportet.

813 4111 899 4167 49.
928 4111 1129 4166 Memor
1161 4122 1265 4166 esto
1300 4113 1437 4166 verbi
1488 4111 1564 4163 tui
1594 4125 1735 4163 servo
1772 4119 1878 4162 tuo.
1913 4107 1976 4162 Et
2015 4107 2292 4178 cujusnam

743 4204 892 4259 verbi
924 4218 1216 4258 memorem
1262 4219 1382 4258 esse
1425 4210 1613 4273 rogat,
1645 4202 1771 4267 nisi,
1805 4210 1864 4254 ut
1910 4200 1980 4254 sit
2018 4216 2139 4253 cum
2191 4199 2295 4254 illis

739 4293 893 4363 juxta
932 4294 1345 4364 promissionem
1391 4309 1567 4357 suam,
1608 4307 1729 4362 qua:
1783 4290 2082 4346 consolatio
2128 4291 2294 4360 ipsius

745 4386 844 4441 fuit
869 4386 921 4441 in
956 4387 1453 4456 persecutionibus‘!

823 4568 909 4623 50.
947 4567 1072 4621 "ree
1106 4584 1184 4620 me
1207 4568 1472 4621 consolata
1500 4578 1573 4620 est
1616 4569 1669 4620 in
1703 4567 1994 4621 humilitate
2029 4583 2160 4620 mea.
2194 4565 2291 4620 See

743 4659 1015 4729 ptuaginta
1046 4677 1056 4711 :
1088 4658 1395 4712 Reviviscere
1433 4658 1592 4725 [acies
1619 4673 1715 4710 me.
1743 4655 1864 4711 Haec
1891 4671 2014 4726 spes
2045 4673 2134 4726 per
2176 4673 2293 4710 ver-

743 4752 868 4806 bum
901 4760 1048 4813 tuum
1083 4750 1260 4804 oblata
1291 4750 1442 4812 mihi,
1475 4750 1749 4804 consolata
1780 4757 1862 4803 est
1893 4765 1996 4814 me,
2024 4760 2076 4804 et
2099 4751 2291 4805 solatio

743 4845 872 4898 mihi
904 4843 1019 4897 fuit.
1045 4841 1176 4897 Nam
1208 4844 1248 4898 si
1277 4843 1494 4913 quando
1525 4858 1704 4907 casus,
1730 4853 1822 4897 aut
1856 4843 2174 4912 periculum,
2200 4851 2292 4896 aut

743 4934 931 4987 mortis
949 4933 1299 5001 exspectatio,
1323 4934 1500 5004 gravis
1521 4934 1764 4996 morbus,
1786 4943 1878 4987 aut
1895 4949 2058 5003 opum
2079 4934 2287 5003 jactura

741 5032 833 5077 aut
861 5024 1161 5092 persecutio
1189 5025 1454 5093 quaelibet,
1483 5033 1575 5079 aut
1600 5025 1826 5078 aliorum
1851 5025 2145 5094 quidpiam,
2171 5041 2288 5094 quae

741 5117 898 5185 vulgo
928 5116 1107 5180 gravia
1133 5115 1530 5182 existimantur,
1562 5117 1740 5171 evenit
1762 5117 1916 5182 mihi,
1942 5133 2062 5186 spes
2090 5133 2214 5188 erga
2240 5127 2289 5172 te

743 5222 860 5260 mea
909 5207 1263 5262 consolationi
1302 5208 1434 5262 mihi
1485 5219 1618 5264 erat.
1649 5211 1786 5278 Quia
1831 5211 2093 5281 eloquium
2143 5221 2287 5266 tuum

741 5299 1014 5366 vieiﬁcavit
1045 5316 1141 5353 me.
1169 5299 1314 5354 Nihil
1335 5317 1484 5371 aeque
1510 5304 1743 5357 animam
1768 5305 2082 5359 rationalem
2111 5306 2287 5360 vivere

741 5387 888 5452 facit,
919 5390 1024 5444 vita
1057 5392 1254 5445 scilicet
1291 5393 1388 5462 ipsi
1421 5394 1655 5462 propria,
1680 5405 1841 5464 atque
1871 5395 2143 5465 eloquium
2167 5395 2281 5450 Dei.

739 5478 872 5534 Nam
905 5483 1029 5537 dum
1075 5493 1295 5552 augetur
1338 5485 1610 5556 eloquium
1639 5485 1751 5552 Dei,
1783 5489 1895 5543 sive
1943 5499 2280 5558 conceptum,

741 5573 855 5626 sive
895 5575 1336 5644 comprehensum
1391 5577 1444 5630 in
1501 5577 1734 5632 hominis
1779 5579 1992 5644 anima,
2022 5587 2284 5650 ,tantumo

742 5662 861 5717 dem
885 5677 1144 5736 augentur
1187 5683 1305 5738 quae
1329 5668 1488 5722 vitam
1523 5680 1780 5740 spectant.
1815 5670 1905 5727 illa
1930 5684 2106 5731 autem
2140 5683 2284 5740 sunt,

814 5779 926 5851 (47)
951 5780 1097 5838 Alius
1122 5783 1285 5840 codex
1309 5782 1422 5839 hac
1448 5781 1678 5842 Eusebio
1707 5786 1912 5844 tribuit.

2402 3219 2434 3287 ἡ
2461 3217 2568 3287 γὰρ
2601 3217 2818 3286 ἔννομος
2855 3216 2965 3287 ζωὴ
2996 3218 3302 3289 παρρησίας
3323 3219 3668 3290 δημιουργός.

2468 3309 2576 3362 Kal
2604 3307 2889 3376 ἐμελέτων
2919 3309 2987 3361 ἐν
3032 3309 3157 3376 ταῖς
3194 3310 3469 3376 ἐντολαῖς
3495 3326 3630 3372 σου,
3689 3306 3784 3376 αῖς
3805 3310 3956 3378 ἠτύ-

2400 3413 2565 3466 πησα
2593 3400 2843 3468 σφόδρα.
2889 3401 2996 3454 Kal
3022 3397 3133 3469 ἦρα
3159 3401 3262 3466 τὰς
3292 3401 3491 3469 χεῖράς
3523 3419 3641 3469 μου
3675 3402 3825 3469 πρὸς
3852 3407 3959 3467 τὰς

2397 3490 2647 3557 ἐντολάς
2674 3507 2806 3544 σου.
2839 3493 3033 3562 Χεῖρας
3083 3491 3310 3544 ἐνταῦθα
3336 3490 3434 3555 τὰς
3467 3490 3772 3561 πρακτικὰς
3799 3492 3957 3562 ἐνερ-

2399 3581 2547 3648 γείας
2599 3578 2735 3635 εἶναι
2774 3599 2952 3653 φησιν.
2997 3584 3058 3635 Ἦ
3106 3584 3213 3654 γάρ
3265 3584 3462 3656 πρᾶξις
3510 3583 3658 3646 τέλος
3727 3583 3956 3655 μελέτης

2397 3672 2544 3724 ἐστὶν
2569 3672 2814 3726 ἐντολῶνο
2850 3672 2983 3744 μετά
3009 3674 3115 3744 γὰρ
3157 3675 3415 3743 ἀνάληψιν
3444 3673 3537 3726 τοῦ
3578 3673 3685 3727 τῶν
3728 3674 3955 3726 ἐντολῶν

2397 3763 2571 3831 Λόγου
2597 3763 2756 3816 καλὸν
2779 3764 2838 3816 τὸ
2869 3766 3065 3836 ἐπᾶραι
3086 3765 3185 3827 τὰς
3237 3768 3423 3836 χεῖρας
3452 3765 3543 3836 ἐπὶ
3578 3764 3677 3828 τὰς
3721 3765 3828 3818 τῶν
3869 3765 3956 3817 ὲν-

2397 3854 2564 3907 τολῶν
2603 3854 2845 3925 πράξεις·
2891 3856 2962 3926 μὴ
3007 3857 3070 3908 ἐκ
3113 3855 3286 3926 λύπης
3326 3857 3358 3927 ἢ
3396 3855 3456 3920 ἐξ
3506 3857 3768 3926 ἀνάγκης,
3815 3856 3956 3910 ἀλλὰ

2396 3947 2488 4000 καὶ
2519 3945 2826 4009 διαθέσεως·
2857 3947 2948 3999 καὶ
2971 3947 3108 4017 μετά
3135 3947 3304 4001 ταῦτα
3357 3948 3590 4019 συνεχῶς
3620 3950 3746 4020 περὶ
3774 3949 3951 4002 αὐτῶν

2394 4037 2694 4107 ἀδολεσχεῖν
2715 4054 2772 4090 τε
2803 4038 2895 4090 καὶ
2925 4037 3281 4105 διαλέγεσθαι.

2465 4127 2774 4195 Μνήσθητι
2807 4128 2913 4181 τὸν
2943 4129 3126 4196 λόγιον
3165 4142 3280 4182 σου
3308 4127 3389 4194 τῷ
3425 4129 3620 4194 δούλῳ
3647 4145 3784 4184 σου.
3840 4130 3950 4182 Καὶ

2394 4220 2589 4280 ποῖοςὸ
2615 4217 2767 4285 λόγος
2818 4212 2878 4272 οῦ
2916 4217 3213 4288 μνησθῆναι
3259 4218 3420 4271 αὑτὸν
3449 4218 3603 4283 ἀξιοῖ,
3650 4219 3682 4290 ἢ
3727 4221 3786 4274 τὸ
3811 4215 3948 4273 εἶναι

2498 4308 2511 4325 .
2604 4306 2692 4336 ._-
2911 4310 2923 4329 .
3111 4308 3159 4334 1-.
3248 4327 3266 4336 _
3404 4311 3415 4328 .
3488 4313 3508 4325 η

2396 4323 2494 4375 μετ
2557 4324 2753 4368 αυιων,
2803 4306 2904 4360 καθ
2964 4308 3029 4378 ἣν
3076 4307 3302 4362 δςοωκεν
3359 4327 3536 4374 αυτοις
3587 4310 3944 4380 ἐπαγγελίαν,

2392 4399 2510 4466 ἥτις
2556 4399 2648 4451 καὶ
2700 4399 3040 4469 παράκλησις
3083 4403 3263 4465 αὐτοῖς
3311 4403 3368 4454 ἐν
3412 4405 3521 4465 τοῖς
3547 4402 3802 4474 διωγμοῖς
3834 4404 3943 4472 ὲγί-

2321 4497 2364 4552 D
2393 4507 2535 4554 νετο;

2463 4582 2621 4650 Αὕτη
2649 4600 2725 4651 με
2756 4584 3163 4651 παρεκάλεσεν
3208 4585 3276 4638 ἑν
3305 4583 3377 4652 τῇ
3427 4587 3772 4640 ταπεινώσει
3804 4603 3940 4656 μου.

2392 4675 2453 4726 Oi
2483 4673 2861 4745 ἐϐδομήκοντα
2917 4675 3279 4742 ἀναζωώσεις
3303 4693 3400 4746 με.
3436 4677 3581 4746 Αῦτη
3601 4694 3684 4740 τις
3709 4681 3740 4747 ἠ
3771 4677 3940 4741 ἐλπὶς.

2390 4766 2709 4836 ἐγγινομένη
2749 4785 2836 4836 μοι
2858 4769 2963 4820 ἀπὸ
2989 4769 3080 4820 τοῦ
3109 4767 3200 4820 σοῦ
3244 4769 3424 4837 λόγου,
3474 4770 3810 4839 παρεκάλεσέ
3854 4788 3940 4840 με,

2392 4859 2483 4911 καὶ
2523 4859 2939 4930 παρεμυθήσατο
2992 4879 3078 4929 με,
3130 4863 3209 4923 είς
3236 4861 3296 4913 τό
3320 4878 3331 4890 ·
3364 4863 3416 4914 εί
3445 4878 3571 4912 ποτε
3601 4863 3940 4934 περιστάσεις

2391 4949 2725 5019 ἢκίνδυνος,
2787 4953 2818 5024 ἢ
2878 4952 3104 5006 θανάτου
3159 4953 3374 5024 δοκιμὴ,
3422 4951 3573 5014 νόσος
3633 4952 3862 5023 χαλεπὴ.
3908 4953 3938 5022 ἢ

2391 5041 2628 5095 ἀπώλεια
2688 5043 2793 5095 τῶν
2850 5044 3276 5115 ύπαρχόντων.ἢ
3327 5042 3587 5112 διωγμοῦ,
3614 5045 3646 5113 ἢ
3678 5044 3730 5096 εῐ
3775 5061 3826 5096 τι
3855 5043 3942 5112 δή-

2390 5152 2516 5187 ποτε
2544 5135 2648 5188 τῶν
2673 5136 3038 5207 νομιζομένων
3064 5137 3310 5208 χαλεπῶν
3352 5134 3726 5206 κατελάμϐανέ
3778 5152 3867 5204 με,
3909 5138 3940 5204 ἡ

2390 5226 2481 5278 ἐπὶ
2506 5226 2563 5278 σὲ
2591 5227 2744 5290 ἐλπὶς
2778 5229 3112 5300 παράκλησίς
3167 5247 3265 5301 μου
3322 5222 3409 5299 ἦν.
3449 5227 3576 5280 Ὅτι
3633 5225 3697 5278 τὸ
3738 5226 3944 5294 λόγιόν

2389 5333 2501 5370 σου
2528 5317 2703 5384 ἐζησέ
2724 5337 2818 5388 με.
2851 5320 3011 5376 Οὐδὲν
3043 5321 3169 5373 ἄλλο
3197 5320 3336 5372 ποιεῖ
3385 5319 3480 5389 ζῇν
3518 5316 3739 5387 λογικὴν
3767 5315 3942 5384 ψυχὴν

2389 5407 2485 5478 τὴν
2511 5409 2702 5478 έαυτῆς
2743 5411 2885 5482 ζωὴν
2915 5412 2988 5474 ὡς
3015 5411 3075 5463 τό
3105 5411 3279 5479 λόγιον
3305 5409 3398 5463 τοῦ
3421 5407 3573 5462 θεοῦ.
3607 5406 3741 5460 Καθ’
3769 5407 3796 5458 ὃ
3831 5404 3941 5473 δ’ἀρ

2392 5498 2544 5563 αὔξει
2568 5500 2628 5552 τὸ
2673 5500 2847 5570 λόγιον
2875 5501 2966 5556 τοῦ
2994 5503 3150 5566 Θεοῦ,
3203 5504 3297 5557 καὶ
3324 5501 3604 5572 νοούμενον
3639 5498 3732 5550 καὶ
3778 5514 3940 5567 παρα-

2390 5589 2788 5662 λαμϐανόμενον
2836 5596 2913 5656 είς
2953 5595 3049 5666 τὴν
3095 5595 3187 5648 τοῦ
3234 5593 3516 5664 ἀνθρώπου
3569 5590 3768 5662 ψυχὴν,
3804 5590 3942 5644 κατά

2393 5682 2546 5736 τοῦτο
2574 5683 2792 5749 αὒξεται
2840 5685 2933 5740 καὶ
2981 5688 3048 5741 τὰ
3073 5691 3170 5760 τῆς
3229 5684 3388 5757 ζωῆς.
3442 5683 3622 5740 Ταῦτα
3651 5682 3709 5737 δὲ
3745 5683 3862 5738 ἐστι
3885 5683 3941 5736 τδ
