4094 6312
138 375 247 426 489

1230 370 1590 426 EXPOSITIO
1631 371 1694 423 ΙΝ
1739 373 2064 426 PSALMUM
2107 371 2340 426 CXVIII.

3272 375 3372 426 £99

140 484 236 535 σὺν
258 484 425 552 ἀρετῇ
452 480 550 552 ζῇν
567 482 792 535 ἐνταῦθα
836 485 970 552 μετὰ
994 483 1158 536 ταῦτα
1178 482 1231 536 δὲ
1259 485 1351 537 καὶ
1374 484 1470 555 τὴν
1491 485 1693 539 ultimm

1808 503 1928 542 cum
1972 489 2165 544 virtute
2209 493 2260 542 in
2297 490 2396 543 hac
2427 499 2529 542 Vlla
2572 506 2760 559 agere;
2800 499 2920 558 post
2951 489 3065 544 haec
3108 499 3287 545 autem
3317 501 3371 546 et

138 574 322 626 δίδωσι
355 571 520 641 ζωήν.

221 663 606 732 ’Υπερήρανοι
639 667 1025 734 παρηνόμουν
1050 665 1159 732 ἓως
1195 668 1450 736 σφόδρα,
1483 669 1600 722 ἀπὸ
1642 669 1711 722 δὲ

137 753 243 807 τοῦ
280 755 467 823 νόμου
499 771 615 809 σου
655 759 764 810 οὐκ
805 758 1101 821 ἐξέκλινα.
1143 759 1231 812 Ἐν
1262 759 1407 830 αὑτῷ
1440 761 1546 830 γὰρ
1578 761 1708 812 ἐπο-

136 846 428 916 λιτευόμην
461 849 642 918 τηρῶν
668 850 726 900 τὸ
750 851 1076 918 ἡγεμονικόν
1109 869 1231 921 μου,
1266 853 1352 905 ἴνα
1379 853 1454 923 μὴ
1488 853 1709 923 γένηται

139 940 290 1010 ῥῆμα
324 941 564 1013 κρυπτὸν
590 942 646 994 ἐν
671 945 736 1012 τῇ
768 943 959 1014 καρδία
990 961 1092 1013 μου
1126 944 1409 1015 ἀνόμιμον.
1456 945 1708 999 Ἐκείνων

133 1032 244 1104 γὰρ
292 1033 415 1086 λίαν
463 1035 950 1106 παρανομούντων,
982 1036 1101 1088 οὐδὲ
1150 1037 1289 1090 κατὰ
1346 1037 1542 1108 μικρὸν
1597 1037 1709 1106 ἐγὼ

131 1125 224 1176 τὸν
252 1124 417 1194 νόμον
449 1141 541 1178 σου
568 1125 914 1195 παρέϐαινον.

206 1215 549 1284 Ἐμνήσθην
561 1216 675 1268 τῶν
690 1215 984 1285 χριμάτων
996 1232 1112 1271 σου
1131 1231 1217 1271 απ
1256 1215 1489 1284 αἰῶνος,
1509 1219 1701 1288 Κύριε,

133 1306 232 1359 καὶ
247 1306 652 1375 παρεκλήθην.
674 1309 753 1360 Με
763 1325 865 1378 μνη
874 1308 1031 1378 μένος
1047 1309 1154 1379 γὰρ
1169 1307 1276 1360 τῶν
1295 1308 1388 1361 ἀπ’
1405 1309 1595 1371 αἰῶνος
1612 1309 1705 1361 καὶ

130 1399 234 1460 ἕως
266 1397 463 1460 αἰῶνος
503 1397 986 1468 ἀποδοθησομένων
1029 1399 1270 1468 ἑκάστῳ,
1305 1399 1702 1468 παρακαλεῖται

130 1491 226 1543 καὶ
276 1489 480 1552 ἄλυπος
527 1492 554 1542 ὁ
593 1490 794 1554 δίκαιος
833 1489 984 1559 μένει
1034 1490 1240 1559 λέγων·
1290 1493 1412 1544 Οὐκ
1459 1490 1596 1554 ἄξια
1634 1489 1704 1542 τὰ

132 1583 451 1652 παθήματα
479 1581 582 1634 νοῦ
609 1581 724 1635 νῦν
754 1582 960 1651 καιροῦ
1002 1583 1151 1649 πρὸς
1191 1581 1307 1650 τὴν
1348 1581 1704 1650 μέλλουσαν

128 1673 323 1738 δόξαν
350 1675 842 1745 ἀποκαλυφθῆναι
865 1679 952 1741 εἰς
982 1675 1156 1746 ἡμᾶς.
1181 1673 1280 1730 Ὧν
1309 1679 1570 1748 ἐποίησας
1597 1677 1701 1730 πά-

130 1765 220 1819 λαι
251 1769 366 1830 τοῖς
398 1767 640 1820 ἀδικοῦσι
683 1769 773 1821 τὸν
807 1769 1039 1839 Ἰσραὴλ,
1076 1768 1454 1840 μνημονεύσας
1496 1767 1700 1839 χριμά-

1811 582 1978 634 vitam
2005 581 2231 650 largitur
2260 591 2533 634 :clernam.

1871 673 1956 726 51.
2003 671 2222 741 Superbi
2276 673 2450 742 inique
2495 672 2713 741 agebant
2760 689 3153 742 usquequaque,
3190 691 3224 726 α
3263 673 3373 744 lege

1809 770 1983 814 autem
2010 771 2101 814 tua
2129 778 2228 814 non
2253 760 2530 814 declinavi.
2572 762 2624 815 In
2658 760 2745 814 illa
2775 762 2918 814 enim
2954 763 3116 816 vitam
3145 763 3370 832 agebam

1809 850 2105 903 observ'ans
2127 849 2232 902 vim
2258 849 2453 902 anima:
2473 849 2845 918 principalem,
2866 866 2932 903 ne
2956 853 3108 904 fieret
3135 852 3188 904 in
3209 852 3373 906 corde

1807 955 1929 994 meo
1958 941 2182 995 verbum
2237 940 2612 995 absconditum
2675 941 3034 1012 illegitimum.
3069 941 3174 997 Illis
3227 943 3370 997 enim

1807 1031 2144 1100 iniquissime
2178 1033 2477 1103 agentibus,
2515 1048 2580 1086 ne
2607 1034 2873 1087 tantillum
2904 1033 3123 1102 quidem
3159 1049 3260 1103 ego
3295 1036 3371 1088 le-

1806 1139 1924 1193 gem
1957 1133 2103 1177 tuam
2135 1133 2503 1194 transgressus
2532 1140 2676 1178 sum.

1887 1213 1974 1268 52.
2004 1212 2208 1266 Memor
2252 1216 2331 1282 [ui
2377 1213 2693 1281 iudiciorum
2727 1223 2934 1268 tuorum
2967 1233 2998 1269 α
3021 1215 3233 1281 swculo,
3263 1216 3372 1270 Do-

1805 1304 1962 1364 mine,
1992 1312 2041 1355 et
2076 1303 2377 1356 consolatus
2409 1321 2544 1359 sum.
2577 1303 2780 1359 Memor
2801 1307 2944 1360 enim
2974 1321 3162 1361 eorum
3197 1321 3368 1376 quaaa

1803 1397 2001 1449 saeculo
2031 1409 2202 1462 usque
2235 1395 2288 1448 in
2321 1397 2576 1449 sreculum
2604 1398 2831 1467 singulis
2857 1398 3030 1452 danda
3066 1408 3211 1460 sunt,
3238 1413 3368 1452 con-

1803 1483 2119 1536 solationem
2148 1484 2330 1552 justus
2368 1485 2597 1553 accipit,
2632 1502 2732 1540 nec
2771 1487 2832 1539 in‘
2873 1488 3086 1542 tristitia
3129 1490 3258 1557 agit,
3289 1491 3369 1542 di-

1803 1587 1931 1626 cens
1965 1591 1976 1626 :
2017 1571 2136 1624 Non
2169 1583 2289 1624 sunt
2336 1573 2605 1641 condignae
2632 1576 2900 1642 passiones
2931 1575 3085 1644 Itujns
3121 1579 3367 1644 temporis

1801 1664 1870 1716 ad
1896 1663 2125 1731 futuram
2147 1663 2370 1734 gloriam
2392 1681 2506 1734 qua:
2528 1665 2835 1717 revelabitur
2866 1667 2918 1718 in
2940 1666 3086 1718 nobis
3101 1667 3166 1719 ⁵⁰.
3193 1667 3365 1735 (Alius

1801 1753 2009 1823 codex.)
2037 1752 2244 1806 Memor
2269 1754 2597 1822 judiciorum
2621 1771 2740 1822 qua:
2756 1756 2882 1808 olim
2914 1757 3081 1811 tulisti
3105 1757 3368 1813 adversus

127 1874 257 1918 των,
285 1859 668 1928 παρεκλήθηνο
696 1857 870 1922 εἰδὼς,
904 1859 978 1922 ὡς
1011 1859 1128 1911 οὐδὲ
1156 1859 1316 1921 αὐτὸς
1343 1860 1400 1910 ἐν
1433 1861 1542 1920 τοῖς
1567 1858 1693 1910 διω-

1799 1858 1894 1897 cos
1938 1845 2030 1912 qui
2061 1845 2312 1912 injuriam
2347 1846 2580 1898 facerent
2610 1845 2815 1906 lsrueli,
2851 1848 3164 1903 consolatus
3188 1865 3308 1904 sum
3347 1869 3360 1904 :

127 1948 288 2016 γμοῖς
318 1948 869 2018 ὲγκαταληφθήσομαι
893 1988 907 2010 ,
939 1950 1032 2000 καὶ
1066 1949 1141 2012 ὼς
1183 1949 1362 2001 πάντα
1393 1948 1531 2003 κατὰ
1566 1948 1698 2001 Θεοῦ

128 2039 311 2107 κρίσιν
342 2040 454 2100 τοῖς
477 2037 779 2122 ἀνθρώποις
809 2039 1115 2107 συμϐαίνει.

212 2223 447 2292 Ἆθυμία
471 2223 724 2292 κατέσχε
744 2240 820 2292 με
847 2223 965 2277 ἀπὸ
993 2223 1355 2292 ἁμαρτωλῶν
1391 2223 1505 2276 τῶν
1527 2226 1698 2292 ἐγκα-

125 2319 618 2384 ταιιμετανόντων
653 2317 758 2369 τὸν
783 2317 970 2383 νόμον
989 2333 1123 2369 σου.
1164 2316 1286 2368 Ἐπὶ
1310 2317 1414 2368 τῶν
1443 2318 1697 2385 ἀμαρτω-

126 2407 253 2471 λῶν,
285 2409 334 2461 oi
368 2410 466 2478 μὲν
497 2409 710 2478 ἀνόμως
741 2408 1132 2477 ἁμαρτάνουσι,
1173 2407 1248 2476 τῷ
1295 2408 1427 2476 μηδὲ
1469 2408 1565 2475 τὴν
1601 2409 1698 2477 ἁρ-

125 2496 225 2565 χὴν
272 2499 626 2569 πειρασθῆναι
674 2499 882 2566 νόμων·
920 2499 966 2548 oi
1013 2497 1067 2549 δὲ
1108 2499 1163 2548 ὲν
1202 2498 1369 2567 νόμῳ,
1401 2499 1476 2567 τῷ
1516 2515 1694 2568 παρα-

124 2588 329 2644 ϐαίνειν
384 2588 563 2641 αὐτόν.
609 2589 715 2642 Καὶ
755 2590 878 2656 μετ’
921 2587 1120 2656 ὀλίγα·
1159 2589 1223 2640 Εἴ
1255 2606 1307 2639 τι
1339 2589 1446 2659 γὰρ
1497 2590 1694 2656 πάσχει

123 2679 182 2732 ἰν
213 2682 393 2750 μέλος,
426 2681 733 2752 συμπάσχει
761 2682 936 2736 πάντα
967 2679 1034 2731 τὰ
1075 2681 1208 2751 μέλη
1235 2697 1247 2709 ·
1285 2682 1376 2732 καὶ
1407 2682 1499 2734 ἐὰν
1532 2681 1690 2747 δοξὰ-

125 2774 281 2844 ζηται
313 2773 370 2826 ἰν
410 2773 590 2843 μέλος,
626 2773 904 2842 συγ-χαίρει
944 2773 1121 2827 πάντα
1153 2773 1221 2825 τὰ
1258 2774 1414 2844 μέλη.
1454 2773 1562 2826 Καὶ
1602 2773 1694 2826 ἐπὶ

122 2866 235 2926 τοῖς
262 2863 510 2931 ἀδελφοῖς
537 2858 628 2915 οὖν
658 2861 811 2931 ἡμῶν
838 2862 948 2922 τοῖς
982 2861 1373 2929 ἁμαρτάνουσι,
1408 2860 1692 2914 λυπεῖσθαι

125 2955 377 3024 καθήκει,
406 2957 488 3008 ὅτι
519 2951 745 3006 τοιοῦτοί
777 2953 903 3012 εἰσι,
931 2951 1022 3004 καὶ
1054 2951 1194 3004 οὕτω
1222 2951 1523 3004 διακεῖσθαι
1551 2950 1691 3005 κατὰ

123 3049 214 3101 τὸν
246 3050 400 3118 ἅγιον
430 3047 638 3101 τοῦτον.

201 3139 408 3200 Talea
437 3136 596 3208 ἦσάν
625 3157 728 3208 μοι
762 3137 833 3192 τὰ
869 3137 1224 3206 δικαιώματά
1268 3155 1382 3194 σου
1425 3139 1498 3191 ἐν
1531 3140 1692 3204 τόπῳ

1803 1950 2039 2004 gnarus.
2089 1951 2264 2004 neque
2302 1952 2386 1989 me
2419 1937 2468 1988 in
2509 1939 2971 2004 persecutionilius
3007 1945 3364 2011 comproben-

1799 2027 2032 2080 dendum
2071 2028 2202 2090 fore,
2233 2037 2394 2095 atque
2422 2027 2603 2079 omnia
2628 2031 2924 2085 secundum
2958 2031 3051 2087 Dei
3090 2033 3354 2104 judicium

1801 2116 2113 2171 hominibus
2143 2119 2473 2187 contingere.

1872 2208 1962 2262 55.
1998 2208 2230 2277 Deiectio
2274 2213 2436 2264 tenuit
2479 2230 2556 2265 me
2597 2230 2690 2281 pro
2731 2217 3081 2281 peccatoribus
3136 2217 3362 2272 derelin-

1797 2301 2069 2366 quentibus
2102 2300 2263 2369 legem
2296 2313 2460 2358 tuom.
2491 2303 2827 2370 Peccatores,
2873 2308 2965 2361 alii
3009 2309 3214 2379 absque
3249 2309 3362 2379 lege

1797 2400 2019 2457 peccant
2065 2394 2157 2461 qui
2196 2409 2470 2461 nunquam
2521 2396 2664 2463 leges
2716 2397 2799 2450 vel
2845 2399 3109 2453 tantillqu
3154 2403 3359 2470 experti

1796 2489 1957 2543 sunt;
1993 2481 2082 2534 alii
2130 2483 2182 2535 in
2222 2483 2334 2551 lege
2381 2495 2601 2553 peccant
2626 2502 2749 2540 cum
2783 2489 3253 2558 transgrediuntur
3293 2490 3359 2542 il-

1796 2569 1924 2624 lam.
1959 2570 2026 2625 Et
2047 2587 2160 2642 post
2191 2591 2398 2644 pauca:
2425 2575 2478 2630 Si
2505 2577 2633 2648 quid
2663 2577 2806 2632 enim
2836 2581 3036 2649 patitur
3055 2582 3356 2635 membrum

1795 2679 1982 2729 unum,
2015 2683 2121 2721 una
2154 2670 2433 2736 patiuntur
2463 2672 2642 2725 omnia
2693 2673 2953 2726 membra.
2991 2671 3051 2726 Et
3088 2673 3132 2726 si
3177 2673 3360 2727 laude-

1795 2765 1882 2810 tur
1904 2771 2068 2810 unum
2098 2761 2422 2825 membrum,
2449 2763 2786 2830 congaudent
2814 2763 2994 2816 omnia
3029 2764 3266 2818 membra
3291 2764 3356 2818 “.

1793 2843 1896 2898 Par
1923 2856 2006 2900 est
2034 2861 2161 2918 ergo
2191 2849 2256 2902 de
2280 2848 2536 2906 fratribus
2568 2853 2730 2905 etiam
2774 2853 2974 2904 nostris
3010 2854 3101 2920 qui
3133 2864 3361 2922 peccant

1790 2936 1992 2999 dolere,
2022 2939 2150 3008 quia
2187 2941 2392 2997 scilicet
2429 2942 2563 2996 tales
2595 2953 2760 3007 sunt;
2791 2952 2845 2997 et
2875 2944 2989 3012 pari
3034 2944 3196 2998 modo
3227 2945 3358 2999 aﬂ‘e-

1792 3037 1910 3084 ctos
1939 3045 2038 3083 nos
2071 3046 2214 3097 esse,
2240 3049 2349 3099 quo
2382 3043 2604 3088 sanctus
2635 3033 2742 3087 ille.

1861 3113 1948 3168 54.
1971 3115 2273 3170 Cantabiles
2294 3118 2420 3170 mihi
2441 3124 2590 3172 erant
2613 3119 3022 3186 justi/icaliones
3041 3129 3145 3174 tuae
3169 3121 3222 3172 in
3245 3119 3356 3172 loro

121 3232 436 3298 παροικίας
459 3205 597 3299 μου.
627 3205 809 3284 νΤόπον
857 3230 1143 3301 παροικίας
1174 3230 1264 3280 τὸν
1303 3231 1542 3300 παρόντα
1575 3229 1689 3298 βίον

1793 3205 2219 3274 peregrinationis
2245 3223 2388 3259 mete.
2414 3206 2614 3261 Locum
2640 3210 3095 3278 peregrinationis
3117 3226 3356 3280 praesen-

124 3323 290 3391 φησί’
343 3323 486 3375 κατὰ
534 3321 620 3374 τόο
679 3319 938 3385 Εἰδότες,
973 3318 1062 3372 ὅτι
1102 3317 1263 3382 ξένοι
1298 3317 1396 3370 καὶ
1442 3319 1687 3387 παρεπί-

121 3413 292 3480 δημοι
327 3412 492 3480 ἦσαν
518 3411 615 3465 ἐπὶ
645 3409 754 3479 τῆς
790 3407 920 3479 γῆς.
971 3409 1057 3462 Ἐν
1085 3401 1130 3476 ᾧ
1150 3407 1435 3480 εὐρύθμως
1458 3409 1687 3478 εὐφραι-

119 3503 287 3572 νομην
315 3502 490 3570 λέγων
517 3500 585 3554 τὰ
602 3499 944 3570 δικαιώματὰ
969 3517 1062 3553 σου
1086 3516 1100 3530 ·
1131 3499 1286 3553 τοῦτο
1319 3500 1418 3571 μὲν
1444 3501 1685 3573 θεωρῶν,

119 3593 274 3646 τοῦτο
299 3594 360 3646 δὲ
393 3593 647 3663 πράττων
670 3591 828 3646 αὐτά.

185 3681 624 3752 Διελοτισὰμην
659 3682 766 3748 τὰς
808 3681 988 3749 ὁδούς
1021 3697 1162 3744 σου,
1207 3682 1298 3735 καὶ
1346 3679 1688 3751 ἐπέστρεψα

119 3776 258 3843 τοὺς
300 3755 495 3842 πόδας
539 3793 658 3846 μου
703 3777 789 3841 εις
836 3774 908 3830 τὰ
948 3772 1239 3845 μαρτύριά
1287 3790 1422 3828 σου.
1472 3773 1685 3847 Ἐπειδὴ

121 3871 296 3923 πᾶσαν
333 3868 434 3939 τὴν
463 3866 686 3938 γνώμην
713 3868 792 3929 είς
821 3865 920 3930 τὰς
951 3866 1077 3932 σὰς,
1102 3867 1263 3936 φησιν
1283 3905 1298 3929 ,
1333 3865 1574 3936 ἀνέθηκα
1604 3869 1686 3919 ὲν-

118 3963 294 4026 τολὰς,
324 3962 518 4015 τούτου
551 3961 708 4031 χάριν
741 3959 849 4011 τῶν
896 3959 1211 4029 μαρτυρίων
1250 3958 1549 4029 ἐπορεύθην
1590 3959 1686 4028 τὴν

119 4054 256 4107 ὣόν.

197 4143 601 4213 Ἠτοιμὰσθην
630 4143 729 4198 καὶ
759 4145 870 4198 οὐκ
909 4141 1263 4211 ἐταράχθην.
1299 4139 1469 4206 Εἰδὼς
1510 4142 1569 4194 τὸ
1604 4143 1682 4193 εἱ-

123 4237 354 4307 ρημένον
376 4252 394 4266 ·
437 4233 675 4297 Τέκνον,
699 4236 750 4288 el
786 4231 1091 4302 προσέρχῃ
1117 4230 1429 4287 δουλεύειν
1455 4229 1537 4296 τῷ
1565 4234 1684 4285 Κυ-

113 4330 238 4396 ρίῳ,
275 4329 605 4398 ἑτοιμασον
641 4327 757 4394 τὴν
790 4323 999 4393 ψυχήν
1038 4337 1154 4378 σου
1193 4325 1281 4389 εὶς
1313 4326 1642 4392 πειρασμόν
1665 4339 1678 4352 ⁸

121 4422 209 4473 καὶ
245 4420 407 4474 τοῦτο
450 4418 690 4488 μελετῶν
736 4416 1027 4479 διαπαντὸς
1077 4416 1134 4468 ὲν
1179 4417 1299 4476 ταῖς
1344 4414 1552 4482 ἐφόδοις
1582 4414 1684 4466 οὐκ

119 4511 515 4583 ἐταραττόμην,
550 4509 645 4562 ac;
691 4505 1077 4579 μεμελετηκὼς
1125 4504 1291 4566 αὑτὰς
1337 4502 1522 4573 φέρειν
1560 4519 1681 4569 γεν-

122 4622 300 4666 ναιως.

184 4696 430 4766 Σχοινέα
469 4691 828 4762 ἁμαρτωλῶν
867 4689 1355 4764 περιρπλὰκησὰν
1395 4706 1517 4759 μοι.
1569 4687 1680 4741 Καὶ

118 4785 228 4838 τίνα
261 4781 327 4855 ἦν
358 4783 430 4835 τὰ
469 4783 672 4852 σχοινία
698 4823 712 4844 ,
752 4783 784 4854 ἢ
827 4783 872 4834 oi
923 4783 1147 4852 πονηροὶ
1191 4779 1460 4850 λογισμοὶ,
1507 4776 1573 4830 δι’
1605 4770 1680 4830 ὧν

118 4877 205 4946 τῆς
235 4876 382 4928 κατὰ
406 4875 539 4928 Θεὸν
572 4874 810 4938 στάσεως
835 4873 1149 4943 ἐπεχείρουν
1175 4869 1498 4925 καταὸαλεῖν
1522 4885 1537 4932 ;

181 4965 464 5020 Macareu
473 4981 596 5017 τιον
613 4965 986 5034 ἑγεγειρόμην
1009 4963 1111 5017 τοῦ
1128 4958 1682 5031 ἐξομολογήσασθαι

119 5074 226 5113 σοι.
266 5057 344 5110 Oti
378 5057 488 5127 γὰρ
522 5057 637 5126 μεθ’
672 5056 881 5128 ἡμέραν
910 5057 1087 5127 μόνον,
1123 5053 1262 5109 ἀλλὰ
1304 5054 1396 5106 καὶ
1446 5051 1679 5121 νύκτωρ,

120 5154 230 5203 κατ’
274 5149 410 5202 αὺτὺ
439 5148 537 5218 τῆς
589 5148 782 5210 νυκτὸς
837 5147 898 5200 τὸ
949 5146 1290 5216 μεσαίτατον,
1339 5146 1396 5196 ὲν
1440 5135 1484 5210 ᾧ
1544 5141 1682 5211 μετὰ

120 5241 357 5304 πλείονος
384 5240 578 5310 ἡδονῆς
609 5239 639 5289 ὁ
689 5238 852 5302 ὕπνος
878 5241 990 5300 τοῖς
1021 5236 1325 5307 ἀνθρώποις
1370 5235 1679 5303 ἐπέρχεται,

119 5332 299 5402 ὑμνιῖιν
349 5348 411 5383 σε
459 5328 742 5395 διετέλουν,
807 5331 902 5382 καὶ
943 5331 1041 5392 τὰς
1089 5329 1299 5391 δικαίας
1350 5344 1440 5380 σου
1473 5325 1682 5395 ψήφους

119 5424 490 5493 ἀνηυφήμουν.
527 5420 694 5474 Τοῦτο
723 5423 815 5474 καὶ
843 5424 871 5475 ὁ
903 5421 1043 5483 θεῖος
1081 5417 1396 5482 Ἀπόστολος
1428 5417 1564 5487 μετὰ
1586 5413 1680 5466 τοῦ

119 5514 232 5570 Σίλα
263 5513 558 5584 πεποίηκε,
602 5513 697 5567 καὶ
748 5513 839 5566 τὸν
871 5513 1005 5566 πόδα
1037 5513 1195 5564 κάκεῖ
1242 5505 1678 5580 προσδεδεμένος,

121 5607 245 5673 μετὰ
278 5605 464 5670 αἰκίας
493 5604 590 5658 καὶ
619 5604 878 5674 μάστιγος
897 5606 964 5674 τῇ
996 5603 1264 5671 προσευχῇ
1289 5600 1384 5668 τὴν
1411 5595 1678 5668 ὑμνῳδίαν

182 5784 223 5813 ⁸⁸
248 5782 410 5836 Rom.
439 5793 559 5839 vul,
585 5777 669 5832 18.
747 5778 790 5807 ’ί
823 5775 838 5826 |
867 5776 994 5830 Cor.
1029 5789 1123 5837 xu,
1155 5774 1240 5828 ‘26.
1314 5775 1356 5805 ⁸³
1386 5770 1546 5826 liebr.
1590 5786 1662 5830 XI,
1692 5769 1774 5824 15.

436 5875 702 5932 ΡΑτιιοι..
743 5872 857 5930 Gn.
903 5870 1164 5933 XXVII.

1786 3302 1892 3348 tem
1941 3297 2104 3350 vitam
2153 3297 2312 3364 dicit;
2349 3299 2502 3368 juxta
2547 3301 2720 3354 illud:
2755 3300 2985 3355 Scientes
3035 3303 3161 3371 quia
3202 3319 3354 3370 pere-

1785 3388 1924 3458 grini
1948 3399 1995 3442 et
2025 3390 2252 3459 hospites
2285 3401 2435 3444 erant
2476 3408 2632 3460 super
2659 3404 2850 3447 terram
2873 3393 2937 3445 ".
2979 3391 3034 3446 In
3083 3408 3192 3462 quo
3239 3409 3358 3448 mo-

1786 3479 1967 3534 dulate
1982 3480 2204 3536 laetabar
2227 3484 2890 3554 narransjustiiicaiiones
2912 3495 3054 3540 tuas.
3080 3485 3206 3540 Sive
3226 3501 3357 3542 con-

1788 3570 2074 3637 templans,
2100 3573 2213 3625 sive
2238 3587 2471 3640 operans
2502 3574 2645 3628 illas.

1857 3659 1943 3714 59.
1983 3659 2220 3730 Cogitavi
2259 3663 2369 3715 vias
2419 3672 2558 3730 tuas,
2587 3673 2634 3716 et
2680 3663 2907 3718 converti
2947 3663 3099 3733 pedes
3127 3681 3266 3720 meos
3299 3667 3354 3718 in

1789 3755 2084 3807 testimonia
2143 3764 2251 3807 tua.
2309 3754 2611 3822 Quoniam,
2660 3757 2857 3828 inquit,
2901 3767 3064 3812 lotam
3116 3767 3351 3814 mentem

1787 3845 2067 3913 praeceptis
2120 3844 2228 3900 tuis
2279 3845 2491 3911 addixi,
2523 3847 2646 3901 ideo
2695 3849 2748 3900 in
2776 3849 2860 3901 via
2911 3848 3347 3902 testimoniorum

1787 3943 2003 3989 tuorum
2039 3936 2261 3992 incessi.

1853 4116 1940 4170 60.
1970 4116 2198 4171 Paratus
2217 4135 2333 4170 sum
2347 4130 2394 4172 et
2413 4137 2511 4171 non
2530 4137 2645 4172 sum
2660 4122 2920 4178 turbatus.
2936 4122 3070 4177 Cum
3095 4124 3260 4178 sciam
3283 4125 3347 4177 il-

1785 4209 1874 4263 lud
1904 4228 1915 4262 :
1949 4208 2092 4273 Fili,
2125 4211 2172 4262 si
2213 4211 2415 4264 accedis
2464 4210 2531 4264 ad
2577 4215 2904 4266 serviendum
2935 4214 3181 4283 Domino,
3211 4233 3346 4285 prte-

1783 4317 1916 4368 para
1955 4301 2187 4352 animam
2230 4310 2370 4353 tuam
2400 4287 2470 4354 ad
2515 4303 2849 4356 lentationem
2875 4303 2956 4354 "z
2990 4304 3103 4359 lucc
3135 4320 3349 4375 semper

1786 4394 2076 4456 meditans,
2117 4395 2171 4448 in
2209 4394 2515 4448 incursibus
2555 4394 2898 4449 inimicorum
2935 4411 3041 4448 non
3074 4411 3192 4450 sum
3236 4404 3349 4451 tur-

1787 4486 1964 4550 batus,
1991 4495 2172 4555 utpote
2200 4485 2545 4540 meditatione
2574 4495 2794 4553 paratus
2825 4487 2892 4541 ad
2933 4503 2995 4542 ea
3032 4487 3244 4543 fortiter
3272 4487 3350 4542 fe-

1712 4570 1760 4626 Π
1788 4578 1975 4634 renda.

1857 4671 1944 4726 61.
1973 4668 2149 4723 Funes
2193 4679 2523 4737 peccatorum
2571 4668 2912 4736 circnmplexi
2959 4679 3082 4724 sunt
3138 4689 3236 4728 me.
3284 4674 3348 4730 Et

1787 4765 2008 4835 quinam
2057 4761 2236 4824 funes,
2268 4762 2368 4815 nisi
2405 4762 2557 4814 malae
2605 4762 2994 4831 cogitationes,
3026 4764 3223 4832 quibus
3263 4784 3347 4822 me

1787 4875 1817 4911 a
1842 4857 1933 4909 Dei
1961 4855 2131 4925 gratia
2162 4853 2450 4909 deturbare
2480 4854 2815 4908 conabantur
2838 4854 2861 4905 ?

1857 4948 1944 5001 62.
1992 4945 2169 5000 Media
2215 4956 2363 5000 nocte
2408 4949 2680 5014 surgebam
2720 4945 2788 4998 ad
2826 4946 3177 5014 conﬁtendum
3228 4950 3343 5005 tibi.

1786 5039 1900 5095 Non
1935 5039 2078 5093 enim
2106 5039 2191 5092 die
2221 5048 2451 5100 tantum,
2480 5039 2572 5092 sed
2605 5038 2767 5092 etiam
2803 5049 2990 5104 noctu,
3024 5047 3079 5094 et
3114 5039 3218 5094 sub
3263 5041 3343 5108 ip-

1784 5147 1904 5187 sum
1932 5131 2105 5184 noctis
2133 5129 2437 5190 dimidium,
2463 5145 2572 5200 quo
2600 5130 2802 5198 majore
2823 5129 3094 5200 voluptate
3118 5146 3342 5186 somnus

1784 5224 2031 5279 homines
2077 5232 2325 5291 occupat,
2368 5221 2580 5291 hymnis
2615 5221 2679 5275 ad
2727 5222 2801 5276 tui
2832 5222 3042 5276 laudem
3081 5225 3340 5276 canendis

1784 5317 2060 5378 vocabam.
2093 5325 2146 5370 et
2171 5317 2306 5385 iusta
2346 5315 2547 5382 judicia
2590 5323 2676 5368 tua
2714 5315 3089 5370 tlecantabam.
3116 5313 3229 5368 Hoc
3259 5315 3341 5367 di-

1783 5412 1942 5464 vinus
1992 5410 2154 5462 etiam
2193 5409 2486 5478 Apostolus
2517 5423 2638 5462 cum
2685 5407 2794 5460 Sila
2829 5405 2976 5471 fecit,
3007 5417 3060 5461 et
3088 5406 3343 5472 alligatus

1785 5499 1937 5570 pede,
1957 5498 2267 5552 vulneribus
2293 5506 2342 5550 et
2365 5497 2545 5568 ﬂagris
2561 5504 2836 5559 oneratus,
2854 5496 3152 5551 orationem
3181 5497 3339 5565 hym-

1785 5605 1976 5646 norum
2007 5598 2167 5644 cantu
2205 5589 2536 5659 temperavit,
2578 5597 2632 5643 et
2669 5589 2994 5657 optimarum
3032 5587 3336 5657 vigiliarum

1849 5768 1892 5797 ⁸³
1928 5765 2088 5822 Eccli.
2127 5781 2186 5828 ll,
2225 5767 2269 5818 l.

2944 5862 3017 5917 16
