4076 6308
705 364 800 416 491

1549 360 1604 409 S.
1650 355 2010 410 ATHANASII
2054 354 2201 408 OPP.
2248 354 2425 410 PARS
2467 356 2552 410 Ill.
2591 389 2652 399 -—
2683 356 3095 415 EXEGETICA.

3828 359 3946 414 492

703 486 939 542 στυειιιηι
986 475 1300 550 percepit".
1355 477 1556 530 Divina:
1601 495 1831 547 namque
1881 479 2258 532 muniﬁcentia:
2288 483 2330 538 Α

2395 478 2604 548 κέρασί,
2641 480 2732 530 καὶ
2755 480 2849 548 τῆς
2869 477 3035 548 καλῆς
3068 479 3366 548 ἀγρυπνίας
3392 477 3653 546 ἐτρύγησε
3677 476 3772 531 τὸν
3801 493 3948 548 καρ-

707 572 866 627 donis
891 579 1082 625 auctus
1105 579 1205 622 est.

778 660 868 716 63.
930 660 1197 727 Particeps
1255 674 1345 727 ego
1392 673 1506 710 sum
1555 657 1782 708 omnium
1841 654 2127 706 timentium
2195 662 2262 706 te.

709 753 989 808 Perfectus
1035 753 1196 804 homo
1247 751 1511 819 particeps
1542 747 1739 802 Christi
1777 745 1967 810 luerit,
1994 745 2145 814 juxta
2180 745 2264 797 di-

711 857 858 900 ctum
901 845 1029 898 illud
1060 862 1072 896 :
1104 841 1242 895 Nam
1289 842 1486 896 Christi
1511 842 1790 908 participes
1825 839 1955 905 facti
1999 855 2175 892 sumus
2198 838 2263 892 ".

715 933 810 988 Hic
837 943 1014 987 autem
1048 933 1203 1002 quasi
1243 932 1506 995 initiatus,
1538 947 1595 985 se
1643 931 1944 984 timentium
1980 928 2266 982 Dominum

714 1025 1028 1095 participem
1057 1039 1176 1080 esse
1205 1024 1367 1089 dicit;
1399 1039 1569 1092 neque
1601 1032 1806 1075 tantum
1835 1019 2269 1085 timentium,sed

713 1118 877 1176 etiam
896 1133 1083 1171 eorum
1107 1118 1195 1186 qui
1222 1125 1439 1185 propter
1462 1116 1710 1170 timorem
1742 1113 1832 1168 Dei
1855 1113 1974 1183 ejus
2006 1122 2269 1183 praacepta

716 1220 950 1268 servant.
981 1211 1370 1280 Argumentum
1401 1218 1578 1263 autem
1619 1208 1828 1264 timoris
1857 1207 1948 1261 Dei
1978 1216 2060 1260 est
2088 1207 2272 1260 obser—

717 1302 858 1354 vatio
887 1309 1295 1370 praeceptorum.

790 1390 880 1444 64.
909 1389 1268 1443 Misericordia
1301 1399 1408 1451 tua,
1436 1388 1675 1454 Domine,
1705 1391 1858 1457 plena
1881 1396 1957 1441 est
1987 1397 2144 1439 terra.
2176 1385 2271 1437 Ju-

717 1483 1058 1552 stiﬁcationes
1114 1491 1228 1534 tuas
1280 1483 1404 1536 doce
1441 1499 1538 1536 me.
1590 1480 1904 1548 PrOphctice
1936 1494 2054 1548 quae
2097 1477 2274 1531 futura

719 1585 846 1631 sunt
869 1574 1138 1638 enuntiat,
1177 1575 1385 1643 plenam
1429 1575 1634 1628 scilicet
1686 1571 1802 1625 fore
1834 1572 2141 1624 universam
2169 1577 2278 1622 ter-

723 1683 838 1723 ram
869 1666 1172 1721 timentium
1220 1664 1527 1719 Dominum.
1562 1663 1624 1717 Et
1673 1664 1793 1726 hoc,
1832 1662 2025 1731 inquit,
2066 1676 2174 1714 non
2213 1675 2277 1712 ex

723 1761 828 1815 alio
851 1775 950 1813 usu
981 1773 1144 1828 quam
1178 1772 1244 1811 ex
1282 1766 1370 1811 tua
1397 1755 1800 1820 misericordia;
1837 1769 1961 1807 nam
1994 1763 2048 1806 tu
2080 1753 2192 1821 ipse
2228 1752 2278 1804 id

723 1818 1145 1906 misericorditer
1190 1847 1344 1915 lacis,
1391 1849 1621 1917 teipsum
1674 1818 1810 1901 dans
1843 1818 2152 1900 hominibus
2186 1845 2282 1898 do-
2313 1818 2353 1873 Β

725 1954 951 1998 ctorem.

795 2033 881 2088 65.
916 2033 1213 2088 Bonitatem
1244 2032 1412 2100 fecisti
1453 2049 1568 2085 cum
1603 2048 1744 2085 servo
1773 2042 1881 2096 tuo,
1911 2031 2150 2084 Domine.
2183 2029 2286 2083 Do-

726 2136 877 2182 cetur
903 2126 996 2195 qui
1019 2126 1217 2180 divinis
1256 2126 1484 2194 eloquiis
1522 2125 1766 2180 eruditus
1810 2135 1911 2187 est,
1949 2140 2014 2178 ne
2044 2124 2286 2193 ingratus

729 2219 799 2278 sit
825 2219 877 2272 in
913 2217 1079 2271 Deum
1115 2215 1370 2271 beneficia
1403 2214 1786 2269 conferentem.
1825 2213 2109 2282 Nunquam
2141 2213 2284 2268 enim

729 2327 758 2363 a
787 2310 1024 2380 peccatis
1053 2309 1314 2363 liberatus
1355 2307 1564 2368 fuisset,
1598 2315 1652 2360 et
1688 2315 2076 2359 annnmeratus
2116 2303 2288 2358 servis

733 2400 848 2466 Dei,
869 2399 974 2453 nisi
1002 2399 1182 2452 divina
1207 2397 1450 2468 quaedam
1475 2397 1646 2467 gratia
1669 2412 1853 2451 eorum
1888 2397 2017 2464 ipsis
2050 2396 2101 2448 in
2126 2409 2288 2448 causa

733 2489 942 2546 fuisset.

801 2581 886 2636 67.
923 2581 1238 2649 Priusquam
1292 2581 1598 2632 Immiliarer
1645 2595 1734 2647 ego
1771 2579 1985 2648 deliqui.
2017 2577 2289 2643 Traditus,

736 2673 931 2742 inquit,
961 2673 1030 2726 ob
1073 2673 1293 2740 pristina
1341 2680 1556 2739 peccata
1609 2686 1748 2735 mea,
1785 2670 2096 2726 humiliatus
2147 2687 2291 2736 sum,

739 2767 840 2820 hoc
883 2780 946 2819 ex
988 2765 1137 2834 justo
1170 2761 1257 2816 Dei
1299 2762 1502 2830 judicio
1546 2777 1757 2831 passus.
1793 2762 2023 2830 Ideoque
2067 2764 2296 2831 castiga-

736 2857 870 2910 tioni
899 2855 1148 2915 traditus,
1182 2871 1313 2924 rogo
1346 2856 1477 2908 mihi
1507 2854 1811 2908 doctrinam
1841 2853 2079 2913 immitti,
2105 2863 2165 2905 ut
2203 2867 2294 2905 co-

737 2963 990 3019 gnoscam
1018 2948 1445 3001 humiliationem
1469 2945 1613 2999 illam
1647 2945 1777 2998 mihi
1809 2960 1900 3014 per
1930 2944 2219 2998 bonitatem
2245 2952 2296 2998 et

739 3042 805 3096 ad
832 3042 1239 3110 castigationem
1268 3039 1534 3095 evenisse.

812 3219 899 3274 68.
929 3218 1105 3274 Bonus
1149 3235 1200 3272 es
1238 3229 1312 3281 tu,
1357 3216 1588 3274 Domine.
1633 3218 1734 3283 Qui
1768 3219 1947 3288 justus
1978 3227 2059 3271 est
2090 3220 2141 3270 in
2173 3234 2290 3272 om-

740 3312 926 3376 nibus,
951 3311 1300 3380 quantumvis
1331 3313 1553 3363 nmlesta
1586 3310 1694 3362 sint
1720 3325 1838 3377 qua:
1871 3309 2138 3372 accidunt,
2169 3310 2290 3361 (lieit

744 3403 854 3458 Deo
885 3423 898 3458 :
926 3403 1102 3457 Bonus
1118 3421 1168 3456 es
1187 3413 1261 3454 lu.
1294 3403 1479 3455 Simile
1497 3413 1576 3455 est
1604 3402 1732 3455 illud
1755 3403 2094 3454 :Benedicum
2113 3400 2296 3454 Domi-

745 3508 868 3544 num
888 3493 941 3544 in
968 3493 1108 3546 omni
1134 3503 1355 3559 tempore
1379 3491 1527 3545 “.-—
1547 3490 1614 3544 Et
1636 3492 1690 3544 in
1713 3493 1939 3544 bonitate
1964 3503 2051 3544 tua
2075 3491 2198 3544 doce
2221 3509 2299 3545 me

740 3579 1141 3648 iustiﬁcationes
1176 3592 1314 3634 tuas.
1346 3579 1410 3634 Et
1437 3590 1589 3651 rogat
1621 3596 1650 3635 a
1682 3582 1919 3636 bonitate
1947 3580 2042 3636 Dci
2063 3582 2297 3646 edoceri,

745 3672 872 3740 quia
913 3670 1066 3726 bonae
1111 3683 1236 3725 sunt
1277 3672 1690 3740 justilicationes
1735 3672 1865 3736 Dei,
1917 3673 1983 3725 ad
2036 3672 2301 3740 cujusque

747 3762 997 3816 meritum
1041 3763 1456 3818 accommodata:
1485 3779 1497 3814 :
1543 3762 1610 3816 de
1667 3763 1865 3831 quibus
1893 3769 2014 3832 apte
2050 3761 2296 3816 dicatur:

751 3852 818 3905 Et
837 3853 1135 3921 justiﬁcata
1162 3863 1280 3905 sunt
1301 3853 1507 3921 judicia
1531 3861 1643 3916 tua,
1679 3851 1816 3906 Deus
1839 3852 1913 3906 ⁸⁷.

819 3943 906 4010 69,
943 3944 1028 3998 70.
1064 3944 1411 4013 Multiplicata
1435 3956 1510 3998 est
1553 3962 1706 4015 super
1736 3963 1814 3999 me
1851 3947 2101 4016 iniquitas
2128 3962 2305 4014 super—

751 4039 952 4090 borum.
1000 4035 1072 4092 Eo
1124 4052 1312 4107 usque,
1367 4039 1460 4103 ait,
1494 4038 1756 4108 superbiae
1804 4049 2203 4108 processerunt,
2248 4048 2306 4093 ut

752 4128 902 4182 cordi
931 4141 1118 4182 eorum
1148 4127 1200 4182 id
1227 4129 1368 4198 quod
1394 4129 1634 4198 sequitur
1658 4127 1934 4182 acciderit.
1954 4126 2303 4194 Coaqulatum

749 4231 824 4272 est
853 4221 984 4273 sicut
1019 4219 1100 4272 lac
1143 4235 1230 4272 cor
1259 4236 1454 4272 eorum.
1484 4218 1893 4273 Tentationibus
1934 4220 2092 4274 malis
2131 4220 2306 4289 gravi-

753 4314 961 4384 busque
989 4314 1238 4377 traderis,
1267 4313 1466 4380 quibus
1496 4312 1550 4365 in
1573 4313 1680 4365 vita
1713 4312 2104 4366 humiliaberis.
2131 4310 2194 4364 Et
2219 4311 2309 4364 do~

751 4405 952 4457 cebunt
1005 4413 1056 4456 te
1097 4417 1294 4472 corpus
1335 4410 1486 4457 tuum
1537 4402 1798 4473 castigare
1829 4411 1880 4458 et
1916 4403 1965 4455 in
1997 4404 2306 4456 servitutem

755 4494 1015 4565 redigere,
1046 4509 1146 4547 nec
1170 4493 1412 4547 incedere
1443 4493 1494 4546 in
1524 4492 1630 4546 lata
1660 4501 1714 4546 et
1743 4491 1980 4562 spatiosa
2011 4492 2097 4545 via
2124 4506 2312 4560 supet'-
2347 4481 2386 4534 θ

757 4586 968 4652 borum,
1001 4585 1093 4639 sed
1120 4586 1172 4638 in
1203 4593 1430 4654 angusta
1460 4590 1511 4636 et
1542 4592 1709 4638 arcta.
1740 4582 1872 4636 Nam
1913 4593 2073 4639 tenue
2107 4594 2188 4640 cst
2221 4599 2312 4638 cor

757 4686 1088 4738 sanctorum,
1119 4690 1213 4729 cor
1247 4683 1427 4728 autem
1459 4675 1815 4743 superborum
1839 4675 2056 4742 pingue.

829 4855 912 4908 7i.
940 4855 1143 4909 Bonum
1175 4857 1299 4908 mihi
1318 4855 1443 4924 quia
1467 4854 1757 4907 liumiliasti
1783 4869 1881 4906 me.
1913 4854 1986 4906 Ae
2009 4857 2053 4908 si
2075 4855 2304 4910 diceret:

761 4947 890 5002 Mihi
916 4949 1098 5016 placeo
1123 4950 1175 5003 in
1208 4948 1628 5008 inlirmitatibus,
1657 4947 1710 5000 in
1737 4947 2102 5008 contumeliis,
2137 4949 2190 5001 in
2222 4964 2316 5003 ne-

761 5041 1137 5104 cessitatibus,
1193 5041 1245 5092 in
1298 5041 1784 5108 persecutionibus,
1834 5039 1889 5092 in
1936 5038 2229 5108 angustiis,
2260 5049 2320 5094 ut

761 5133 957 5202 dignus
981 5131 1652 5201 videarjustilicationibus
1680 5132 1807 5193 tuis,
1832 5145 2079 5199 quaerens
2107 5145 2168 5185 ea
2199 5146 2318 5200 qua:

760 5227 896 5279 alias
923 5224 1089 5277 edisci
1118 5241 1223 5278 non
1255 5234 1497 5294 possunt.

836 5317 921 5370 72.
961 5317 1163 5370 Bonum
1205 5317 1332 5369 mihi
1358 5315 1441 5368 lex
1469 5314 1574 5368 oris
1605 5313 1704 5375 tui,
1735 5327 1889 5381 super
1914 5311 2086 5365 millia
2109 5310 2228 5364 auri
2267 5320 2316 5364 et

767 5411 988 5480 argenti.
1024 5409 1224 5462 Ediscit
1273 5407 1514 5462 initiatus
1567 5407 1732 5459 homo
1760 5412 1967 5474 quanto
2007 5402 2077 5457 sit
2115 5401 2320 5457 honore

769 5502 1019 5554 donatus.

842 5590 926 5644 75.
963 5590 1149 5643 Manus
1174 5603 1272 5643 tua
1298 5590 1525 5658 fecerunt
1558 5605 1652 5641 me.
1684 5586 1864 5640 Altera
1894 5583 2150 5653 dignitas,
2173 5586 2320 5653 quod

829 5773 871 5802 “
904 5774 1017 5825 Act.
1058 5785 1165 5836 xw,
1195 5771 1284 5826 25.

2369 570 2484 622 πον.
2515 569 2622 639 Τῆς
2651 569 2798 632 θείας
2824 570 2930 639 γὰρ
2963 568 3270 638 φιλοτιμίας
3296 567 3614 628 ἀπέλαυσεν,

2435 659 2698 726 Μέτοχος
2727 657 2836 726 ἐγώ
2876 659 2992 726 εἰμι
3035 657 3273 709 πάντων
3293 657 3408 710 τῶν
3429 658 3819 727 φοϐουμένων
3846 673 3950 713 σε.

2381 752 2437 803 Ὀ
2473 752 2570 821 μὲν
2628 751 2827 813 τέλειος
2865 749 3098 822 Χριστοῦ
3148 750 3212 802 ἂν
3248 750 3330 821 εἴη
3397 752 3636 821 μέτοχος,
3683 754 3835 805 κατά
3892 755 3955 805 τὸ

2369 841 2670 912 εἰρημένονο
2702 840 2946 908 Μέτοχοι
2984 843 3092 908 γὰρ
3141 841 3244 894 τοῦ
3297 842 3545 909 Χριστοῦ
3584 846 3950 912 γεγόναμεν.

2383 936 2438 988 Ὀ
2466 936 2521 987 δὲ
2553 933 2758 1007 παρὼν,
2790 935 2864 996 ὼς
2910 934 3288 1004 εἰσαγόμενος,
3321 935 3425 986 τῶν
3465 935 3622 1004 φοϐον
3635 937 3818 1004 μένων
3856 937 3954 985 τὸν

2372 1031 2574 1102 Κύριον
2640 1031 2860 1100 μέτοχον
2917 1029 3102 1082 ἑαυτὸν
3154 1025 3290 1081 εἶναι
3341 1028 3506 1096 λέγει·
3537 1031 3630 1099 οὐχ
3663 1029 3858 1092 ἁπλῶς
3897 1027 3956 1078 δὲ

2373 1124 2478 1176 τῶν
2512 1124 2876 1194 φοϐουμένων,
2908 1122 3039 1175 ἀλλά
3077 1121 3182 1174 τῶν
3212 1122 3298 1174 διὰ
3321 1122 3379 1173 τὸ
3404 1121 3676 1188 φοῦεῖσθαι
3728 1121 3954 1189 c9011:-

2376 1216 2574 1268 σάντων
2605 1216 2703 1277 τὰς
2728 1214 2943 1276 ἐντολὰς
2984 1213 3076 1266 τοῦ
3107 1213 3261 1266 Θεοῦ.
3323 1214 3528 1283 Δεῖγμα
3582 1214 3636 1266 δὲ
3665 1214 3758 1266 τοῦ
3792 1212 3953 1264 θείου

2375 1307 2536 1374 φὸεου
2570 1307 2601 1374 ἡ
2633 1304 2738 1356 τῶν
2769 1303 2990 1356 ἐντολῶν
3027 1303 3255 1373 φυλακή.

2453 1397 2559 1450 Τοῦ
2585 1396 2794 1461 ἐλέους
2851 1412 2986 1456 σου,
3031 1396 3226 1460 Κύριε,
3259 1392 3494 1460 πλήρης
3536 1395 3572 1459 ἡ
3611 1393 3708 1462 γῆ.
3740 1398 3828 1448 Τὰ
3863 1393 3958 1447 δι-

2379 1488 2670 1557 καιώματά
2695 1504 2808 1541 σου
2831 1485 3078 1549 δίδαξόν
3100 1502 3191 1553 με.
3221 1484 3574 1555 Προφητικῶς
3616 1486 3683 1536 τά
3709 1485 3962 1553 ἐσόμενα

2380 1597 2562 1650 φησιν,
2597 1579 2670 1642 ὡς
2704 1579 2850 1630 ἔσται
2883 1579 3030 1629 πᾶσα
3052 1577 3084 1643 ὴ
3113 1574 3184 1643 γῆ
3211 1573 3422 1644 πλήρης
3450 1574 3555 1626 τῶν
3596 1573 3961 1644 φοϐουμένων

2379 1671 2468 1724 τὸν
2491 1671 2713 1740 Κύριον.
2750 1670 2858 1723 Καὶ
2880 1669 2978 1720 οὐκ
3004 1665 3063 1730 ἐξ
3090 1664 3280 1734 ἑτέρας
3311 1665 3440 1734 φησι
3466 1665 3616 1718 τοῦτο
3645 1665 3838 1736 χρείας
3865 1683 3965 1732 7:-

2382 1766 2600 1835 νήσεται
2635 1765 2667 1833 ἦ
2699 1765 2760 1816 ἐκ
2795 1761 2889 1814 τοῦ
2938 1760 3028 1813 σοῦ
3057 1758 3255 1820 ἐλέους’
3309 1760 3402 1812 καὶ⁸
3432 1759 3591 1821 αὐτὸς
3633 1761 3739 1829 γὰρ
3792 1758 3964 1811 τοῦτο

2382 1855 2674 1925 ἐλεητικῶς
2731 1856 2921 1917 ποιεῖς,
2978 1854 3245 1916 ἐπιδιδοὺς
3278 1851 3464 1904 ἑαυτὸν
3498 1849 3602 1902 τῶν
3645 1850 3964 1919 ἀνθρώπων

2384 1944 2520 2000 εἶναι
2553 1946 2886 2000 διδάσκαλον.

2461 2039 2845 2108 Χρηστότητα
2888 2038 3177 2105 ἐποίησας
3198 2037 3344 2105 μετὰ
3400 2036 3505 2089 τοῦ
3555 2035 3776 2088 δούλου
3814 2049 3964 2092 σου,

2387 2134 2579 2200 Κύριε.
2612 2130 2930 2183 Διδάσκεται
2973 2131 3001 2180 ὁ
3037 2128 3104 2181 τά
3154 2127 3272 2181 θεῖα
3332 2127 3484 2194 λόγια
3529 2124 3968 2193 πεπαιδευμένος

2392 2227 2463 2297 μὴ
2493 2223 2831 2292 ἀναισθήτως
2852 2221 2993 2290 ἔχειν
3032 2219 3130 2283 τὰς
3177 2217 3455 2280 τοῦ,Θεοῦ
3503 2216 3842 2286 εὐεργεσίας.
3887 2216 3966 2265 0-2-

2388 2318 2494 2388 γάρ
2520 2316 2690 2376 ἄλλως
2711 2313 3016 2382 ἀπήλλακτο
3042 2312 3138 2380 μὲν
3154 2309 3252 2378 τῆς
3270 2307 3556 2379 ἁμαρτίας,
3579 2305 3970 2376 κατηρίθμητο

2389 2411 2444 2461 δὲ
2473 2412 2528 2461 ὲν
2559 2407 2762 2469 δούλοις
2788 2404 3011 2476 Κυρίου,
3065 2405 3112 2455 εἰ
3166 2402 3239 2472 μὴ
3283 2399 3400 2455 θεία
3430 2417 3511 2463 τις
3566 2400 3720 2469 χάρις
3750 2398 3971 2450 τούτων

2391 2502 2537 2572 αὐτῷ
2566 2499 2711 2554 αἰτία
2733 2499 2973 2566 γέγονεν,

2463 2587 2581 2655 Πρὸ
2631 2586 2734 2640 τοῦ
2767 2602 2842 2652 με
2865 2581 3290 2648 ταπεινωθῆναι
3341 2580 3454 2650 ἐγὼ
3499 2579 3966 2649 ἐπλημμέλησα-

2393 2677 2492 2730 Διά
2533 2676 2632 2738 τὰς
2666 2675 2932 2746 προτέρας
2971 2690 3092 2742 μου,
3143 2672 3295 2741 φησι,
3324 2671 3653 2740 πραχθείσας
3682 2671 3970 2740 ἁμαρτίας

2396 2767 2734 2838 παραδοθεὶς,
2795 2763 3180 2831 ὲταπεινὼθην,
3222 2763 3397 2833 κρίσει
3449 2762 3628 2831 δικαία
3674 2761 3765 2813 τοῦ
3826 2761 3970 2814 Θεοῦ

2394 2863 2551 2917 τοῦτο
2582 2857 2786 2912 παθών.
2834 2848 2908 2909 0'5
2949 2856 3012 2927 δὴ
3043 2855 3134 2908 καὶ
3175 2855 3332 2927 χάριν
3377 2854 3588 2924 παιδείᾳ
3615 2852 3971 2922 παραδοθεὶς,

2394 2953 2582 3024 δέομαι
2627 2947 2968 3010 διδασκαλίας
3018 2947 3092 3010 ὡς
3139 2945 3204 3000 ἂν
3237 2945 3370 3014 γνῶ,
3426 2947 3508 2999 ὅτι
3555 2946 3589 3015 ἡ
3637 2944 3971 3004 ταπείνωσις

2395 3047 2429 3114 ἠ
2487 3041 2750 3111 γενομένη
2821 3055 2908 3107 μοι
2972 3037 3111 3090 κατὰ
3181 3036 3520 3108 χρηστότητα
3580 3036 3674 3089 καὶ
3714 3034 3973 3086 παιδείαν

2324 3150 2366 3207 C
2399 3135 2626 3203 ἐγένετο.

2469 3222 2736 3292 Χρηστός
2765 3217 2818 3275 εἶ
2845 3221 2944 3283 σὺ,
2979 3221 3170 3287 Κύριε.
3223 3217 3282 3270 '0
3304 3217 3508 3279 δίκαιος
3549 3216 3640 3267 ἐπὶ
3682 3217 3838 3276 πᾶσι,
3865 3216 3974 3267 κᾶν

2397 3312 2430 3384 ᾗ
2466 3315 2634 3386 πικρά
2662 3315 2728 3365 τὰ
2760 3311 3142 3380 συμϐαίνοντα,
3199 3308 3345 3373 λέγει
3406 3307 3484 3375 τῷ
3530 3303 3665 3375 Θεῷο
3690 3307 3974 3374 Χρηστές

2398 3403 2454 3454 εἴ
2477 3405 2578 3456 σύ.
2605 3401 2850 3453 Τοιοῦτον
2884 3398 2975 3450 καὶ
3004 3399 3081 3450 τό“
3121 3397 3447 3466 Εὑλυγήσω
3494 3396 3598 3448 τεν
3630 3398 3847 3462 Κύριον
3901 3397 3975 3446 ἐγ

2400 3493 2576 3546 παντὶ
2609 3490 2808 3560 καιρῷ.
2862 3490 2970 3543 Καὶ
3007 3491 3076 3542 ἐν
3100 3489 3174 3556 τῇ
3229 3488 3593 3557 χρηστότητί
3631 3502 3744 3540 σου
3797 3486 3972 3538 dita-

2401 3584 2511 3648 ξόν
2536 3599 2610 3652 με
2645 3583 2716 3635 τὰ
2755 3579 3105 3648 δικαιώματά
3133 3594 3268 3634 σου.
3306 3580 3414 3631 Καὶ
3449 3579 3614 3630 δεῖται
3645 3578 3706 3629 τὸ
3745 3578 3976 3648 χρηστῷ

2401 3677 2534 3728 Θεοῦ
2562 3673 2887 3743 διδαχθῆναι·
2921 3673 3000 3724 ὅτι
3034 3672 3242 3742 χρηστά
3262 3671 3331 3723 τὰ
3361 3669 3697 3739 δικαιώματα
3718 3669 3811 3721 τοῦ
3833 3668 3975 3721 Θεοῦ

2405 3766 2537 3837 πρὸς
2592 3767 2688 3834 τὴν
2735 3765 2887 3830 ἀξίαν
2938 3765 3163 3817 ἑκάστου
3207 3763 3480 3832 γινόμενα*
3541 3763 3626 3828 ἐφ’
3659 3756 3737 3824 οἷς
3789 3761 3975 3828 λέγειν

2407 3858 2570 3924 ἄξιοψ
2614 3854 2955 3921 Ἐδικαιώθη
2983 3855 3051 3908 τὰ
3071 3853 3319 3922 κρίματα
3337 3868 3470 3915 σου,
3494 3855 3526 3905 ό
3545 3852 3708 3916 Θεός.

2486 3947 2819 4016 Ἐπλιιοώθη
2856 3948 2953 3999 ea“
2993 3946 3097 4014 ἐμὲ
3142 3945 3340 3998 ἀδικία
3373 3943 3784 4012 ὑπερηφάνων.
3848 3943 3978 3995 Ἐπὶ

2404 4040 2672 4101 τοσοῦτον,
2704 4041 2885 4108 φησιν,
2944 4036 3146 4106 ἤλασαν
3179 4035 3569 4105 ὑπερηφανίας,
3611 4034 3682 4096 ὡς
3717 4032 3976 4101 γενέσθαι

2405 4134 2501 4202 τὴν
2530 4130 2754 4202 καρδίαν
2781 4133 2836 4183 ὲν
2864 4129 3067 4190 αὐτοῖς.
3125 4125 3414 4195 Ἐτυρώθη
3457 4127 3536 4190 ὡς
3581 4124 3736 4193 τάλα
3762 4127 3798 4192 ἡ
3833 4142 3976 4194 καρ-

2406 4225 2505 4277 δία
2535 4221 2750 4276 αὐτῶν.
2768 4223 2891 4285 Τοῖς
2921 4222 3174 4292 πονηροῖς
3205 4219 3298 4273 καὶ
3328 4219 3616 4290 μοχθηροῖς
3649 4221 3975 4289 πειρασμοῖς

2408 4316 2753 4389 παραδοθήσῃ
2812 4314 2910 4384 βίῳ
2955 4313 3047 4367 καὶ
3093 4311 3334 4382 πολιτείᾳ
3388 4309 3722 4373 ταπεινοῦσι,
3759 4309 3856 4363 καὶ
3893 4310 3973 4362 δι-

2410 4409 2696 4463 δάσκουσιν
2728 4404 3048 4469 ὑποπιάζειν
3074 4404 3134 4455 τὸ
3154 4403 3310 4473 σῶμα
3341 4402 3435 4456 καὶ
3461 4401 3843 4471 δουλαγωγεῖν,
3881 4403 3976 4456 καὶ

2420 4501 2493 4571 μὴ
2548 4499 2748 4553 ὁδεύειν
2798 4495 2895 4567 τὴν
2949 4495 3205 4548 πλατεῖαν
3233 4494 3326 4546 καὶ
3375 4493 3679 4565 εὐρύχωρον
3727 4495 3823 4564 τὴν
3868 4494 3977 4547 τῶν

2418 4589 2807 4659 ὑπερηφάνων,
2869 4585 3005 4640 ἀλλὰ
3066 4584 3160 4656 τὴν
3212 4583 3396 4655 στενὴν
3447 4585 3539 4636 καὶ
3591 4583 3974 4655 τεθλιμμένην·

2416 4679 2583 4748 λεπτὴ
2619 4677 2840 4749 μὲνγὰρ
2871 4675 3038 4747 ἡτῶν
3074 4675 3263 4742 ἁγίων,
3312 4675 3449 4727 πίων
3479 4674 3536 4727 δὲ
3577 4677 3609 4745 ἡ
3661 4674 3768 4727 τῶν
3809 4676 3979 4745 ὑπερ-

2415 4771 2633 4842 ηφάνων
2656 4771 2867 4842 καρδία.

2501 4862 2745 4929 Ἀγαθόν
2759 4877 2880 4928 μοι,
2907 4859 2996 4912 ὅτι
3024 4858 3424 4924 ὲταπείνωσάς
3451 4876 3548 4927 με.
3597 4859 3741 4912 Ὠσεὶ
3773 4859 3975 4928 ἔλεγενο

2423 4951 2638 5004 Εὑδοκῶ
2669 4952 2725 5002 ἐν
2768 4949 3084 5013 ἀσθενείαις,
3141 4953 3197 5002 ὲν
3230 4951 3465 5021 ὕϐρεσιν,
3513 4952 3570 5002 ὲν
3613 4952 3896 5019 ἀνάγκαις,
3922 4955 3979 5004 ὲν

2417 5043 2692 5112 διωγμοῖς,
2745 5045 2800 5094 ὲν
2835 5043 3231 5113 στενοχωρίαις,
3270 5043 3418 5108 ἄξιος
3462 5042 3690 5112 ὀφθῆναι
3719 5044 3825 5096 τῶν
3872 5044 3977 5097 σῶν

2418 5133 2832 5204 δικαιωμάτων,
2888 5131 3065 5204 ζητῶν
3120 5133 3260 5204 ἀπερ
3316 5135 3415 5186 οὐκ
3464 5134 3606 5188 ἐστιν
3654 5134 3826 5196 ἀλλως
3881 5152 3979 5204 μα-

2421 5225 2550 5278 θεῖν.

2503 5317 2744 5384 Ἀγτιθός
2790 5332 2890 5384 μοι
2923 5319 2956 5369 ό
2987 5317 3166 5384 νόμος
3207 5318 3312 5371 τοῦ
3363 5318 3653 5386 στόματός
3679 5331 3796 5371 σου
3831 5319 3974 5385 ὑπὲρ

2425 5407 2695 5474 χιλιάδας
2728 5407 2982 5475 χρυσίου
3011 5407 3107 5460 καὶ
3149 5407 3452 5476 ἀργυρίου.
3490 5410 3658 5477 Ὅσης
3702 5409 3927 5476 ἠξίωται

2425 5499 2705 5570 ἄνθρωπος
2732 5499 3034 5552 διδάσκεται
3059 5498 3421 5568 εἰσαγόμενος.

2499 5591 2567 5642 Al
2598 5587 2788 5657 χεῖρές
2811 5603 2924 5640 σου
2954 5585 3250 5654 ἐποίησάν
3280 5604 3375 5656 με.
3404 5587 3627 5657 Ἕτερον
3671 5585 3889 5655 ἀξίωμα
3925 5587 3980 5637 τὸ

1380 5772 1424 5802 ³⁵
1454 5769 1615 5825 Hebr.
1657 5786 1740 5838 ιιι,
1773 5769 1860 5823 Η.
1937 5771 1982 5804 ³⁸
2012 5767 2156 5824 Psal.
2194 5782 2385 5834 XXXIII,
2412 5767 2464 5821 ἓ.
2543 5770 2582 5799 ³⁷
2617 5766 2755 5824 Psal.
2793 5784 2943 5831 mn,
2979 5769 3061 5822 10.
