4094 6312
141 348 239 405 493

1187 339 1551 395 ΕΧΡΟΒΠΊΟ
1589 337 1651 390 ΙΝ
1692 335 2019 392 PSALMUM
2061 338 2286 394 CXVIII.

3262 339 3363 394 494

139 465 374 518 δεκτικὸν
407 465 566 516 αὑτὸν
592 459 727 518 εἶναι
760 464 852 516 καὶ
887 462 1190 534 χωρητικὸν
1249 462 1346 531 τῆς
1377 459 1540 514 αὑτοῦ
1588 460 1701 512 δια-

1833 459 1872 512 it
1921 475 2088 529 capax
2127 463 2252 516 talis
2299 462 2678 531 intelligentiae.
2721 461 2799 514 Da
2849 461 2974 513 mihi
3022 458 3362 522 intellectum,

142 555 302 619 νοίας.
336 555 663 609 Συνέτισόν
691 571 787 624 με,
818 555 917 608 καὶ
940 551 1285 623 μαθήσομαι
1318 551 1424 617 τὰς
1455 551 1706 615 ἐντολάς

139 660 271 701 σου.
293 645 371 715 Τῇ
395 645 487 697 ἐπὶ
517 645 616 714 τῆς
637 646 905 716 ποιήσεως
925 644 1242 715 εὐχαριστίᾳ
1267 643 1382 694 λίαν
1403 641 1706 704 ἀκολούθως

140 738 172 808 ἡ
196 736 299 805 τῆς
322 736 576 806 νοητικῆς
602 736 882 805 δυνάμεως
924 736 1022 805 τῆς
1054 735 1290 788 συνιέναι
1333 733 1588 803 ποιούσης
1609 734 1706 798 τὰς

142 827 379 890 ἐντολάς.

206 921 272 970 Ol
286 918 644 987 φοϐούμενοί
658 932 750 983 σε,
775 917 1026 986 ὄψονται
1040 933 1133 981 σε,
1155 917 1251 970 καὶ
1271 915 1708 985 εὐφρανθήσον-

140 1021 244 1058 ται.
297 1006 566 1072 Διδάσκει,
593 1006 667 1068 ὡς
696 1005 796 1058 οὐκ
846 1006 1008 1068 αὐτὸς
1036 1007 1193 1076 μόνος
1246 1005 1457 1068 καθέξει
1508 1005 1566 1057 τὺ
1613 1005 1709 1074 χά-

145 1111 330 1166 ρισμα,
373 1097 566 1164 φθάσει
591 1096 647 1149 δὲ
679 1098 771 1150 καὶ
816 1099 895 1160 είς
937 1097 1142 1160 πάντας
1194 1098 1319 1160 τοὺς
1348 1095 1708 1166 φοϐουμένους

141 1188 222 1238 τὸν
250 1188 476 1258 Κύριον.
505 1189 627 1252 Τοῖς
674 1188 782 1260 γὰρ
836 1189 1080 1242 εὐσεϐέσι
1134 1190 1313 1260 μόνοις
1357 1190 1505 1241 ἐστὶν
1557 1189 1706 1256 ἡδὺς,

144 1279 412 1349 αἰσθητῶς
445 1279 501 1332 δὲ
535 1280 752 1350 όραθεὶς
785 1280 878 1332 καὶ
931 1279 1074 1333 κατὰ
1105 1281 1196 1333 τὸν
1251 1279 1406 1347 λόγον
1445 1279 1538 1331 καλ¹
1570 1277 1709 1330 κατὰ

142 1368 201 1420 τὰ
224 1370 471 1438 νοήματα
502 1370 600 1440 τῆς
624 1371 814 1438 σοφίας
837 1372 900 1441 ἣν
925 1370 1054 1442 ἔχει·
1093 1375 1204 1434 τοῖς
1239 1371 1294 1423 δὲ
1338 1371 1514 1434 ἄλλοις
1544 1370 1710 1440 βαρύς

144 1459 248 1509 ἐστι
286 1460 380 1511 καὶ
411 1457 751 1530 βλεπόμενος.
782 1462 901 1514 Ὅτι
924 1463 1168 1532 ἀνόμοιος
1201 1464 1311 1524 τοῖς
1339 1461 1516 1525 ἄλλοις
1543 1462 1570 1513 ὁ
1601 1461 1710 1530 βίος

143 1549 300 1601 αὑτοῦ
333 1551 428 1603 καὶ
460 1550 850 1622 ἐξηλλαγμέναι
878 1553 935 1604 αἱ
978 1553 1150 1624 τρίόοι
1205 1551 1391 1619 αὑτοῦ,
1435 1552 1523 1605 διὰ
1556 1551 1712 1604 τοῦτο

143 1641 402 1711 δέφησιν·
446 1641 996 1710 Ε’ὺρρανθήσονται.
1033 1644 1122 1696 ὅτι
1154 1647 1242 1709 είς
1299 1643 1436 1708 τοὺς
1493 1643 1712 1711 λόγους

144 1750 252 1789 σου
280 1735 614 1801 ἐπήλπισα.

1810 562 1867 602 ut
1891 552 2091 605 discam
2119 555 2372 608 mandata
2403 565 2512 610 tua.
2541 554 2671 610 Post
2695 555 2985 625 gratiarum
3024 555 3264 609 actiones
3303 556 3366 607 de

1809 644 2082 698 creatione
2105 661 2222 710 sua,
2260 646 2413 700 valde
2443 656 2833 717 consequenter
2860 654 3218 699 annectuntnr
3241 660 3365 714 gra-

1809 735 2004 787 tiarum
2055 735 2292 790 actiones
2341 751 2438 804 pro
2470 737 2594 790 data
2631 737 2901 806 cogitandi
2946 734 3217 796 facultate,
3248 749 3370 802 quae

1809 825 2060 876 mandata
2087 823 2380 893 intelligere
2411 823 2560 878 facit.

1884 912 1969 965 74.
2001 912 2104 976 Qui
2138 916 2320 966 timent
2352 925 2397 966 te
2447 915 2685 967 videbunt
2727 923 2790 977 te,
2818 923 2866 966 et
2902 911 3239 966 laetabuntur.
3263 909 3363 961 Do-

1812 1013 1896 1058 cet
1929 1021 2035 1059 non
2077 1021 2135 1060 se
2163 1007 2338 1060 solum
2372 1022 2487 1060 eam
2531 1008 2762 1076 gratiam
2812 1017 3246 1067 consecuturum,
3275 1004 3365 1056 sel

1809 1111 1928 1150 eam
1965 1098 2217 1152 omnibus
2257 1099 2570 1152 timentibus
2619 1097 2785 1151 Deum
2824 1099 3192 1150 obventuram.
3233 1092 3367 1147 Nam

1811 1186 1916 1255 piis
1958 1187 2135 1241 solum
2178 1188 2489 1241 hominibus
2523 1187 2694 1241 dulcis
2723 1197 2836 1254 cst;
2865 1189 2934 1241 ita
2970 1199 3026 1240 ut
3056 1187 3214 1240 etiam
3245 1200 3369 1240 seu.

1812 1276 2036 1330 sibiliter
2060 1277 2320 1341 videatur,
2340 1287 2392 1331 et
2419 1279 2711 1332 secundum
2739 1278 2985 1341 verbum,
3002 1287 3054 1332 et
3076 1277 3368 1331 secundum

1811 1367 2164 1436 cogitationes
2189 1369 2468 1437 sapientia:
2488 1384 2650 1438 quam
2676 1369 2835 1423 habet
2860 1385 2874 1432 ;
2899 1369 3018 1421 aliis
3046 1377 3223 1422 autem
3249 1381 3370 1435 gra-

1812 1458 1894 1511 vis
1922 1468 1974 1511 et
1999 1458 2168 1512 durus
2195 1467 2298 1522 est,
2333 1459 2546 1513 etiamsi
2583 1460 2844 1514 videatur.
2886 1458 3022 1523 Quia
3062 1459 3182 1511 aliis
3211 1457 3371 1511 dissi-

1814 1550 1958 1604 milis
1988 1551 2204 1606 estvita
2229 1553 2346 1621 ejus
2381 1562 2434 1606 et
2469 1551 2698 1607 diversae
2737 1553 2836 1606 viae
2878 1552 3019 1621 ejus,
3047 1551 3167 1606 ideo
3202 1549 3368 1603 dicit:

1815 1642 2180 1709 Lwtabuntur,
2214 1646 2339 1714 quia
2369 1645 2423 1696 in
2447 1645 2610 1697 verbis
2641 1645 2743 1698 tuis
2767 1645 3148 1713 supersperari.

211 1830 461 1896 Ἔτινων,
486 1831 674 1896 Κύριε,
708 1829 794 1882 ὅτι
823 1829 1175 1896 δικαιοσύνη
1203 1830 1272 1883 τὰ
1297 1828 1546 1898 κρίματα
1573 1842 1708 1880 σου.

1883 1822 1970 1877 75.
2012 1825 2258 1895 Cognovi,
2306 1826 2541 1891 Domine,
2568 1829 2692 1897 quia
2740 1828 2959 1899 azquitas
2999 1827 3209 1895 judicia
3259 1834 3370 1880 tua.

144 1921 533 1990 Διδασκόμεθα,
569 1923 644 1984 ὡς
667 1922 842 1974 πάντα
871 1924 1000 1993 ἡμῖν
1034 1924 1062 1975 ὁ
1115 1922 1246 1986 Θεὸς
1273 1921 1493 1983 δικαίως
1524 1919 1715 1988 ἐπιφέ-

150 2030 243 2083 ρει·
304 2013 447 2065 ὥστε
498 2015 790 2081 ἀναγκαῖον
856 2013 930 2084 μὴ
989 2013 1269 2084 ὀλιγωρεῖν
1322 2013 1472 2082 ἡμᾶς
1509 2013 1566 2063 ὲν
1599 2013 1717 2073 ταῖς

148 2107 440 2168 παιδείαις,
490 2106 848 2176 προσπίπτειν
899 2106 955 2157 δὲ
988 2105 1205 2174 μᾶλλον,
1242 2105 1335 2155 καὶ
1389 2105 1453 2156 ἐκ
1496 2103 1594 2172 τῆς
1620 2100 1714 2154 τοῦ

148 2199 304 2267 νόμου
333 2197 580 2266 φυλακῆς
608 2197 696 2249 τὸν
727 2195 872 2247 ἔλεον
899 2195 1152 2260 ἐξαιτεῖν.

214 2287 532 2353 Γενηθήτω
585 2286 662 2354 δὴ
713 2286 778 2338 τὸ
833 2285 1004 2350 ἔλεός
1029 2301 1143 2337 σου
1183 2283 1286 2337 τοῦ
1309 2279 1719 2351 παρακαλέσαι

147 2398 234 2449 με.
273 2381 464 2442 Ἔλεος
495 2378 589 2432 τοῦ
619 2378 829 2448 Πατρδς
860 2380 888 2430 ὁ
932 2376 1078 2437 Υἱὸς,
1109 2374 1168 2437 ὂς
1225 2376 1318 2426 καὶ
1353 2373 1719 2445 παρεκάλεσεν

151 2472 304 2540 ἡμῶν
334 2471 432 2532 τὰς
465 2470 689 2540 καρδίας
747 2467 1178 2538 τυραννουμέναις
1226 2464 1330 2516 ὑπὸ
1362 2463 1455 2515 τοῦ
1488 2465 1717 2515 Σατανᾶ.

157 2559 224 2611 Ἢ
258 2560 357 2612 καὶ
389 2557 578 2616 οὕτως·
612 2558 812 2627 Δέομαι
842 2555 982 2610 κατὰ
1010 2554 1100 2607 τὸν
1141 2554 1232 2606 σὺν
1273 2553 1440 2620 Λόγον
1474 2552 1596 2622 ἐμοὶ
1645 2551 1719 2620 τῷ

157 2648 322 2718 δούλῳ
348 2665 441 2700 σου
469 2647 559 2698 ἐπὶ
592 2645 927 2717 παρακλήσει
971 2643 1067 2695 καὶ
1105 2639 1424 2712 παραμυθίᾳ.
1477 2639 1537 2691 τὸ
1575 2638 1720 2700 ἔλεός

157 2757 246 2794 σου
294 2739 570 2807 γενέσθαι.
631 2738 821 2791 Πολλοὶ
861 2737 968 2808 γὰρ
1033 2735 1427 2804 παρακλήσεως
1473 2731 1718 2801 τυχόντες

154 2830 488 2892 ἀπατῶνται,
522 2828 597 2890 ὼς
629 2827 686 2890 ἐξ
723 2826 853 2888 ίδίας
881 2827 1191 2896 φρονήσεως
1238 2823 1381 2875 τοῦτ’
1412 2821 1718 2890 ἐσχηκέναι.

156 2925 339 2986 Ὅπως
370 2922 444 2992 μὴ
472 2918 730 2980 ὡσαύτως
771 2917 976 2979 τούτοις
1003 2915 1279 2986 πλανηθῶ,
1315 2913 1435 2982 ἐμοὶ
1457 2911 1532 2981 τῷ
1557 2910 1724 2981 δούλῳ

157 3027 246 3064 σου
276 3012 336 3064 τὸ
364 3009 510 3070 ἔλεός
549 3024 663 3071 σου,
695 3006 835 3059 κατὰ
857 3005 916 3058 τὸ
947 3005 1125 3074 λόγιόν
1159 3021 1275 3066 σου,
1311 3001 1569 3071 γενέσθω.

232 3096 607 3156 Ἐλθέτωσάν
633 3114 735 3166 μοι
757 3099 811 3151 οἱ
839 3096 1126 3165 οἰκτιρμοί
1160 3110 1297 3157 σου,
1329 3092 1424 3145 καὶ
1457 3091 1725 3160 ζήσομαι.

1817 1913 2085 1970 Doeemur
2115 1916 2280 1971 Deum
2325 1919 2482 1974 nobis
2523 1922 2701 1973 omnia
2727 1921 2874 1989 juste
2909 1919 3189 1984 conferre;
3213 1919 3292 1972 ita
3319 1926 3377 1971 ut

1816 2008 2119 2062 consultum
2150 2009 2238 2071 sit,
2267 2026 2366 2063 nos
2396 2026 2502 2063 non
2536 2011 2720 2064 animo
2755 2013 3040 2066 concidere
3072 2012 3126 2065 in
3155 2011 3380 2079 castiga-

1818 2097 2077 2165 tionibus,
2111 2100 2204 2153 sed
2233 2115 2323 2154 eas
2347 2102 2522 2169 potius
2551 2102 2819 2170 amplecti,
2847 2111 3007 2171 atque
3044 2117 3108 2156 ex
3137 2102 3267 2171 legis
3286 2116 3380 2153 cu-

1819 2189 1989 2241 stodia
2020 2190 2447 2245 misericordiam
2473 2193 2769 2261 postulare.

1889 2279 1974 2332 76.
2017 2279 2142 2333 Fiat
2169 2283 2532 2336 misericordia
2565 2295 2655 2336 tua
2685 2293 2740 2336 ut
2766 2285 3064 2337 consoletur
3094 2301 3193 2338 me.
3221 2282 3381 2337 Mise-

1823 2373 2049 2427 ricordia
2083 2373 2255 2429 Patris
2284 2374 2472 2440 Filius,
2507 2376 2597 2444 qui
2633 2377 2944 2430 consolatus
2972 2388 3052 2431 est
3091 2377 3256 2430 corda
3282 2391 3384 2430 nov

1824 2473 1933 2517 stra
1993 2464 2206 2519 Satanre
2258 2467 2542 2536 tyrannide
2599 2482 2876 2535 oppressa.
2906 2467 2999 2521 Vel
3047 2467 3209 2521 etiam
3261 2468 3381 2522 sic:

1826 2554 2062 2608 Obsecro
2093 2566 2160 2621 te,
2184 2573 2278 2626 per
2308 2557 2542 2612 Verbum
2573 2570 2744 2626 tuum,
2771 2567 2830 2612 ut
2857 2559 2986 2613 mihi
3013 2575 3168 2613 servo
3199 2569 3289 2614 tuo
3317 2560 3386 2614 ad

1829 2647 2252 2701 consolationem
2287 2650 2655 2704 misericordia
2685 2661 2776 2704 tua
2805 2651 3042 2705 accedat.
3070 2649 3218 2704 Multi
3243 2665 3388 2705 nam-

1830 2751 1932 2805 que
1960 2739 2050 2807 qui
2084 2739 2484 2794 consolationes
2517 2741 2792 2807 accipiunt
2819 2740 3181 2806 decipiuntur,
3231 2742 3388 2810 quasi

1831 2842 1894 2881 ex
1928 2844 2025 2882 sua
2051 2829 2329 2898 prudentia
2361 2830 2412 2883 id
2439 2831 2578 2883 nacti
2607 2830 2826 2883 fuerint.
2854 2829 2928 2881 Ne
2955 2833 3134 2898 itaque
3154 2830 3269 2898 pari
3289 2843 3388 2899 ego

1833 2917 1994 2970 modo
2042 2921 2309 2983 aberrem,
2351 2918 2480 2971 mihi
2529 2932 2686 2972 servo
2727 2926 2820 2971 tuo
2878 2917 2971 2971 ﬁat
3017 2917 3388 2973 misericordia

1832 3016 1943 3069 tua,
1980 3008 2276 3061 secundum
2309 3005 2585 3073 eloquium
2620 3017 2793 3060 tuum.

1906 3097 1990 3150 77.
2009 3096 2224 3151 Veniant
2241 3100 2368 3150 mihi
2388 3099 2744 3151 miserationes
2770 3109 2893 3162 tum,
2917 3110 2963 3152 et
2987 3101 3172 3152 eiram.
3192 3098 3393 3164 Quem-

156 3197 362 3266 Ὠσπερ
381 3192 640 3261 ὑπέσχου,
658 3190 810 3260 φησι,
828 3187 924 3259 τὴν
940 3188 1280 3259 παράκλησιν
1296 3184 1466 3246 οὕτως
1482 3184 1724 3254 ποίησον,

1832 3190 2144 3254 admodum,
2163 3191 2360 3260 inquit,
2383 3192 2807 3245 consolationem
2829 3193 3152 3259 promisisti,
3174 3193 3245 3245 ita
3275 3207 3394 3260 pro-

154 3286 278 3352 τοὺς
309 3287 437 3350 σοὺς
464 3284 747 3355 οἰκτείρων
779 3281 1014 3344 οἰκέτας.

221 3373 738 3446 Λίσχυνθήτωσαν
760 3370 1153 3439 ὑπερήφανοι,
1181 3368 1268 3420 ὅτι
1321 3366 1538 3431 ἀδίκως
1587 3365 1726 3431 ἡνό-

151 3486 360 3540 μησαν
402 3470 488 3533 είς
517 3465 638 3536 ἐμέ.
693 3467 756 3518 Et
798 3464 1033 3533 τύχοιμι,
1091 3461 1244 3529 φησὶ,
1298 3460 1398 3528 τῆς
1444 3457 1594 3529 παρὰ
1636 3455 1727 3508 σοῦ

157 3559 434 3630 βοηθείας,
466 3557 588 3610 τότε
634 3557 683 3608 οἱ
741 3553 966 3625 πονηροὶ
990 3551 1190 3622 δηλαδὴ
1221 3549 1469 3618 δαίμονες
1497 3548 1590 3600 καὶ
1639 3548 1729 3599 ἇνο

155 3651 363 3721 θρωποι
405 3650 501 3719 τῆς
553 3646 808 3718 ἀληθείας
845 3645 1029 3717 ἐχθροὶ
1064 3641 1526 3713 αἱσχυνθήσονται.
1595 3637 1732 3705 Ἐγὼ

154 3742 230 3808 δὶ,
255 3740 482 3795 ἐκείνων
533 3738 957 3809 αἰσχυνομένων,
1019 3736 1118 3788 οὐκ
1174 3731 1570 3803 ὲπαρθήσομαι·
1618 3728 1730 3781 ἀλλ’

150 3832 222 3885 ἐν
241 3833 378 3900 ταῖς
414 3829 685 3894 ἐντολαῖς
716 3843 831 3882 σου
862 3823 1278 3895 ἁδολεσχήσω.

234 3917 809 3988 Ἐπιστρεψάτωσάν
835 3935 935 3987 μοι
983 3920 1037 3970 oi
1091 3915 1448 3984 φοϐούμενοί
1480 3927 1570 3965 σε.
1626 3914 1734 3984 Τῆς

155 4015 309 4088 παρὰ
334 4013 447 4066 τῶν
475 4011 582 4065 σῶν
611 4011 832 4065 οἰκετῶν
863 4007 1207 4071 διδασκαλίας
1255 4007 1491 4076 τύχοιμι.
1545 4007 1734 4059 Ἔστα.

153 4109 210 4163 ἃ
234 4106 488 4177 τοιαύτη,
520 4101 606 4158 οἷα
635 4104 728 4158 καὶ
783 4101 1128 4172 ἐπιστρέφειν
1188 4097 1359 4151 εἰδυῖα
1407 4095 1604 4166 ψυχὰς,
1649 4097 1735 4150 διὰ

154 4201 215 4255 τὸ
254 4199 513 4253 πλουτεῖν
532 4195 623 4250 τὸν
651 4193 811 4264 φόϐον
833 4193 922 4246 τὸν
952 4191 1062 4246 σόν.

221 4289 552 4358 Γενηθήτω
577 4287 615 4354 ἡ
648 4283 860 4354 καρδία
877 4299 994 4352 μου
1048 4280 1300 4350 ἄμωμος.
1356 4279 1470 4331 Οὐκ
1492 4277 1558 4332 ἂν
1602 4277 1737 4347 μετὰ

156 4383 402 4437 τοσαῦτα
428 4379 566 4449 ἔχων
588 4377 809 4449 καρδίαν
860 4373 1086 4444 ἄμωμον
1116 4369 1285 4438 ἔλεγε
1334 4367 1648 4434 Γενηθήτω
1696 4366 1735 4432 ἠ

153 4473 379 4542 καρδία
405 4487 524 4540 μου
552 4468 806 4538 ἄμωμος.
834 4463 1020 4533 Τούτῳ
1046 4462 1445 4534 παραπλήσιον·
1475 4457 1736 4550 Καρδίαν
1767 4493 1814 4550 D

157 4562 438 4632 καθαρὰν
481 4561 691 4614 κτίσον
714 4560 783 4613 ὲν
805 4555 954 4625 ἐμοὶ,
986 4558 1018 4608 ὀ
1042 4555 1205 4620 Θεός.
1263 4552 1398 4607 Τότε
1429 4551 1539 4622 γὰρ
1579 4549 1739 4620 μόνον

155 4658 256 4711 οὐκ
297 4652 760 4724 αἰσχυνθήσομαι,
786 4650 912 4702 ὅταν
955 4645 1199 4718 ἀμώμως
1221 4643 1318 4708 τὰς
1349 4642 1441 4697 τοῦ
1473 4640 1608 4694 Θεοῦ
1637 4657 1739 4709 φυ-

156 4746 307 4814 λάξω
334 4743 580 4807 ἐντολάς.

242 4834 547 4890 Ἐκλείπει
573 4834 657 4898 εις
681 4833 749 4886 τὸ
771 4828 1066 4897 σωτήριόν
1085 4841 1199 4881 σου
1222 4827 1259 4894 ἠ
1283 4824 1451 4894 ψυχή
1476 4841 1614 4893 μου,
1644 4823 1738 4876 καὶ

157 4930 245 4993 είς
277 4926 398 4980 τὸν
436 4925 620 4989 λόγον
669 4936 786 4976 σου
841 4919 1174 4984 ὲπήλπισα.
1223 4917 1474 4970 Διδάσκει
1527 4915 1673 4984 ἡμᾶς
1713 4917 1741 4966 ὁ

161 5020 472 5090 Προφήτης
494 5014 778 5084 ἐπιθυμεῖν
805 5011 896 5066 τοῦ
933 5010 1112 5079 λόγου,
1149 5008 1240 5062 καὶ
1297 5005 1570 5079 ἐρωτικῶς
1599 5003 1740 5074 ἔχειν

160 5111 300 5182 πρὸς
330 5108 402 5162 τὸ
437 5107 699 5178 σωτήριον
721 5103 814 5157 τοῦ
845 5100 998 5156 Θεοῦ.
1028 5101 1138 5154 Καὶ
1164 5099 1214 5153 τί
1237 5098 1303 5152 ἂν
1334 5099 1418 5169 εἴη
1473 5096 1657 5166 ἕτερον
1683 5094 1743 5147 τὺ

163 5205 448 5274 σωτήριον
478 5199 513 5269 ἢ
548 5199 580 5270 ἡ
617 5195 883 5268 παρουσία
912 5192 1005 5246 τοῦ
1038 5193 1275 5264 κυρίους
1309 5192 1408 5256 Εἰς
1431 5188 1537 5241 τὸν
1562 5186 1745 5255 ,λόγον

161 5307 280 5348 σου
314 5288 658 5358 ἐπήλπισα.
687 5286 816 5340 Νόει
835 5285 955 5338 ἀντὶ
987 5282 1102 5347 τοῦ,
1133 5283 1230 5354 τὴν
1259 5278 1604 5350 ἐπαγγελίαν.
1641 5276 1744 5330 Δέ-

161 5402 321 5456 γεται
358 5383 420 5437 δὶ
449 5380 631 5449 λόγιον
662 5380 755 5433 καὶ
787 5381 821 5451 ἡ
860 5363 1207 5439 θεόπνευστος
1234 5375 1441 5445 Γραφή.
1480 5369 1746 5423 Ἐκλείπει

163 5476 350 5533 τοίνυν
371 5474 439 5527 οὐ
473 5472 635 5526 ιιόνον
655 5473 683 5526 ό
702 5471 800 5543 τὴν
822 5471 1112 5540 ὑπόσχεσιν
1136 5467 1234 5538 τὴν
1272 5464 1420 5520 θείαν
1446 5460 1745 5534 ἀναμένων,

230 5653 280 5688 ⁸⁸
306 5649 465 5707 Psal.
492 5667 547 5710 ι.
579 5647 668 5702 12.

236 5747 355 5813 (48)
388 5746 570 5802 Locus
597 5742 839 5799 vitiatus.

1832 3284 2056 3337 missum
2086 3283 2268 3352 imple,
2297 3299 2358 3338 ac
2387 3283 2643 3338 miserere
2672 3284 3005 3337 domesticos
3035 3293 3157 3337 tuos

1901 3373 1987 3426 78.
2012 3373 2415 3442 Confunduntur
2445 3374 2671 3442 superbi,
2693 3375 2817 3442 quia
2846 3375 3037 3441 injuste
3063 3375 3393 3443 iniquitatem

1832 3459 2061 3527 fecerunt
2105 3461 2160 3511 in
2212 3476 2309 3513 me.
2337 3461 2393 3513 Si
2442 3471 2628 3525 tuum,
2665 3462 2857 3531 inquit,
2905 3463 3164 3517 auxilium
3202 3479 3395 3518 conse-

1832 3564 1985 3618 quar,
2027 3559 2156 3602 tunc
2210 3549 2427 3617 maligni
2473 3551 2744 3606 (lzemones
2770 3561 2822 3605 et
2870 3553 3114 3607 homines
3155 3555 3395 3608 veritatis

1835 3639 2036 3692 inimici
2053 3637 2468 3692 confundentur.
2487 3639 2597 3710 Ego
2619 3651 2820 3706 autem,
2853 3642 2915 3695 iis
2941 3645 3145 3710 pudore
3167 3643 3392 3707 aﬂ‘ectis,

1834 3744 1941 3783 non
1962 3731 2202 3784 extollar.
2241 3729 2342 3784 Sed
2373 3731 2429 3783 in
2461 3730 2725 3786 manda‘ir
2755 3733 2858 3784 tuis
2886 3735 3180 3787 exercebar.

1907 3925 1990 3979 79.
2028 3925 2409 3980 Convertuntur
2437 3927 2567 3979 mihi
2599 3929 2833 3981 timentes
2869 3939 2935 3982 te.
2971 3929 3396 3985 Domesticorum

1837 4024 2050 4068 tuorum
2093 4015 2334 4069 doctrina
2374 4015 2615 4079 imbuar,
2646 4033 2766 4084 qtae
2810 4020 2933 4072 talis
2967 4019 3100 4084 erit,
3146 4030 3204 4074 ut
3263 4019 3400 4075 sciat

1836 4107 2046 4160 animas
2072 4117 2401 4169 convertere,
2439 4107 2564 4176 quia
2595 4109 2785 4161 timore
2818 4118 2910 4162 tuo
2937 4110 3086 4164 dives
3115 4120 3217 4164 est.

1906 4282 1993 4337 80.
2029 4281 2152 4336 Fiat
2174 4300 2262 4335 cor
2283 4300 2450 4337 meum
2477 4285 2900 4337 immaculatum.
2921 4285 3033 4354 (48)
3058 4285 3278 4341 Etiamsi
3307 4304 3400 4341 cor

1838 4387 2030 4440 purum
2072 4373 2293 4434 haheat,
2329 4373 2402 4425 ait
2431 4391 2444 4425 :
2480 4371 2606 4425 Fiat
2653 4391 2742 4427 cor
2774 4392 2944 4430 meum
2977 4377 3397 4433 immaculatum.

1841 4461 1976 4515 lIuic
2022 4461 2195 4514 simile
2227 4470 2304 4514 est
2333 4478 2346 4513 :
2378 4460 2484 4516 Cor
2505 4465 2756 4514 mundum
2790 4482 2909 4518 crea
2958 4467 3011 4517 in
3037 4483 3135 4532 me,
3175 4468 3308 4522 Deus
3332 4470 3398 4522 ⁸⁸.

1842 4553 2012 4622 (Atius
2030 4553 2238 4625 codex.)
2264 4552 2671 4624 Tuncpinquit,
2696 4571 2802 4611 non
2834 4555 3151 4626 eonfundar,
3188 4561 3403 4629 q'uando

1842 4643 2184 4698 immaculata
2219 4645 2308 4700 Dei
2346 4656 2608 4716 praecepta
2646 4648 2898 4703 servabo.

1913 4820 1999 4872 8|.
2030 4819 2213 4887 Deﬁcit
2237 4822 2289 4874 in
2325 4821 2558 4874 salutare
2583 4831 2727 4874 tuum
2766 4824 2943 4876 anima
2973 4842 3105 4890 mea,
3133 4835 3182 4878 et
3212 4828 3265 4880 in
3295 4845 3407 4881 ver«

1844 4913 1963 4965 bum
1997 4921 2142 4964 tuum
2174 4915 2553 4981 supersperavi.
2579 4913 2744 4968 Docet
2767 4929 2866 4969 nos
2895 4914 3163 4986 Propheta
3200 4919 3409 4973 desidr-

1847 5020 1968 5060 rare
1993 5005 2234 5065 verbum,
2261 5014 2312 5058 et
2342 5006 2642 5060 vehementi
2681 5021 2863 5061 amore
2904 5009 3139 5063 salutare
3163 5010 3256 5063 Dei
3282 5026 3406 5078 pro-

1849 5098 2022 5164 sequi.
2055 5093 2259 5164 Ecquid
2290 5095 2433 5150 aliud
2463 5095 2625 5151 fuerit
2652 5097 2888 5151 salutare
2929 5097 3043 5163 Dei,
3070 5101 3171 5152 nisi
3207 5101 3407 5153 adven-

1850 5194 1938 5240 tus
1959 5185 2210 5239 Domini?
2242 5189 2306 5238 In
2337 5186 2541 5239 verbum
2570 5197 2716 5239 tuum
2747 5191 3119 5257 supersperavi,
3150 5191 3402 5260 intellige.

1852 5278 1904 5330 in
1949 5275 2377 5345 promissionem.
2427 5275 2710 5347 Eloquium
2756 5288 2933 5331 autem
2977 5290 3201 5333 vocatur
3242 5281 3406 5334 etiam

1854 5363 2131 5435 Scriptura
2163 5365 2418 5420 divinitus
2461 5365 2739 5434 inspirata.
2776 5364 2964 5420 Deﬁcit
3003 5382 3132 5437 ergo
3172 5383 3278 5422 non
3313 5383 3404 5421 so-

1852 5459 1964 5513 lum
1997 5457 2087 5527 qui
2113 5457 2350 5512 divinam
2389 5457 2806 5527 promissionem
2865 5469 3159 5528 exspeuat,
3198 5472 3406 5514 necnon
