4094 6312
735 319 838 372 495

1561 310 1616 362 s.
1659 307 2027 362 ATlIANASll
2067 304 2213 360 ore.
2259 301 2435 356 mus
2473 300 2557 356 ιιι.
2605 331 2668 342 -
2711 259 3122 354 exeuntes.

3840 293 3940 348 ιθι

735 431 1049 491 inst'anttutu
1080 443 1338 483 maiorum
1367 428 1686 481 solutionem
1713 443 1726 488 ;
1761 422 1856 478 sed
1887 422 2050 476 etiam
2076 420 2167 488 qui
2202 419 2286 472 ili-

2392 417 2482 470 καὶ
2510 417 2605 488 τὴν
2659 416 2810 467 λύσιν
2860 413 2966 467 τῶν
2991 412 3348 480 ἐπικειμένων
3376 425 3558 462 κακῶν
3592 407 3942 478 προσδεχόμε-

731 524 860 580 vina
901 521 1026 591 legit
1065 518 1298 588 eloquia,
1329 525 1382 570 et
1426 515 1515 583 qui
1545 528 1732 567 eorum
1775 523 2006 566 mentem
2041 518 2304 564 accurate-

734 613 971 669 ediscere
991 618 1226 680 exoptat,
1251 619 1302 661 et
1323 605 1745 660 consolationem
1772 602 2290 669 oblectationemque

735 706 902 760 animi
927 703 1087 759 habet
1111 717 1233 756 cum
1262 699 1543 754 invenerit.

803 877 891 930 8‘2.
911 876 1216 944 Defecerunt
1245 872 1382 924 oculi
1409 873 1506 923 mei
1537 871 1590 922 in
1615 869 1876 938 eloquium
1903 878 2069 920 tuum.
2102 866 2158 919 In
2187 865 2289 918 Do-

737 969 941 1022 mitium
987 964 1233 1020 videlicet
1276 970 1522 1017 nostrum
1552 960 1734 1015 Jesum
1764 959 2061 1022 Christum,
2094 957 2286 1026 inquit.

737 1057 912 1127 Ipsum
946 1071 1176 1124 namque
1191 1055 1436 1107 habemus
1467 1053 1775 1107 advocatum
1809 1051 1947 1120 apud
1975 1049 2211 1114 Putrem,
2239 1060 2287 1102 et

734 1150 842 1218 ipse
862 1160 935 1201 est
969 1148 1269 1216 propitiatio
1289 1162 1383 1215 pro
1404 1144 1626 1214 peccatis
1651 1143 1864 1206 nostris,
1891 1142 2043 1211 juxta
2065 1140 2291 1210 apostoli

730 1239 998 1295 vocem”.
1049 1238 1307 1300 Dicentea,
1347 1236 1554 1304 quando
1611 1233 1958 1286 consolaberis
2010 1233 2125 1284 me?
2156 1231 2287 1284 Cum

734 1333 954 1386 verbum
989 1329 1240 1385 adveniet
1285 1328 1449 1394 mihi,
1505 1339 1634 1382 tunc
1677 1325 2104 1380 consolationem
2143 1321 2288 1376 acci-

731 1426 897 1493 piam.

801 1515 889 1568 83.
918 1515 1055 1578 Quia
1085 1513 1256 1581 factus
1277 1528 1392 1564 sum
1410 1511 1544 1564 sicut
1568 1519 1681 1562 uter
1703 1509 1757 1560 in
1789 1507 1998 1576 pruina.
2032 1503 2171 1559 Justi
2188 1503 2287 1558 etsi

732 1606 972 1660 viventes
1005 1606 1132 1670 sint,
1168 1603 1322 1673 quasi
1349 1602 1546 1657 mortui
1579 1617 1644 1655 ex
1671 1598 1928 1655 aerumnis
1957 1595 2285 1656 efﬁciuntur,

732 1698 804 1750 ita
840 1707 898 1751 ut
933 1696 1143 1751 utribus
1170 1695 1342 1763 magis
1383 1708 1544 1762 quam
1584 1691 1896 1745 hominibus
1927 1687 2128 1743 similes
2158 1686 2285 1750 sint,

2390 527 2496 572 νος,
2528 509 2662 561 ἀλλὰ
2694 507 2786 560 καὶ
2817 507 2971 568 ότοῖς
3000 504 3160 566 θείοις
3220 501 3553 571 ἐντυγχάνων
3610 499 3829 568 λογίοις,
3860 501 3944 552 καὶ

2389 600 2484 669 τὴν
2507 598 2710 651 τούτων
2733 597 2968 650 διάνοιαν
3017 593 3350 664 καταμαθεῖν
3379 591 3621 664 ἀκριϐῶς
3653 591 3942 660 ἐφιέμενος,

2390 691 2481 743 καὶ
2514 688 2856 760 παράκλησιν
2912 687 3005 740 καὶ
3049 685 3398 755 ψυχαγωνίαν
3447 682 3822 754 ὑπολαμϐάνει
3859 680 3946 752 τὴν

2390 779 2619 849 εῦρεσιν.

2470 869 2782 932 Ἐξέλιπον
2809 868 2862 920 οἱ
2893 865 3184 934 ὀφθαλμοί
3201 882 3319 934 μου
3357 864 3444 928 εις
3468 861 3535 915 τὸ
3587 862 3802 930 λόγιόν
3821 877 3943 914 σου.

2389 960 2481 1023 Εἰς
2504 960 2593 1012 τὸν
2626 958 2826 1030 Κύριον
2846 956 3001 1028 ἡμῶν
3048 955 3251 1025 Ἰησοῦν
3274 955 3526 1025 Χριστὸν,
3573 953 3763 1022 φησίν.
3794 951 3948 1004 Αὑτὸν

2393 1051 2502 1122 γὰρ
2529 1052 2745 1118 ἔχομεν
2790 1046 3172 1116 παράκλητον
3216 1046 3364 1113 πρὸς
3408 1045 3515 1098 τὸν
3539 1043 3796 1110 Πατέρα,
3822 1041 3948 1095 κατὰ

2387 1144 2485 1216 τὴν
2521 1143 2613 1195 τοῦ
2639 1141 2930 1195 ἀποστόλου
2974 1140 3182 1210 φωνήν·
3225 1136 3320 1190 καὶ
3344 1136 3524 1200 αὐτὸς
3551 1135 3811 1203 ἱλασμός
3831 1134 3950 1185 ἐστι

2387 1234 2520 1303 περὶ
2549 1234 2667 1287 τῶν
2697 1231 2993 1302 ἁμαρτιῶν
3017 1229 3204 1298 ἡμῶν.
3237 1228 3546 1296 Λέγοντες,
3597 1226 3747 1278 πότε
3774 1237 3949 1289 παρα-

2389 1326 2663 1391 καλέσεις
2690 1342 2765 1394 με
2789 1341 2806 1388 ;
2835 1325 3003 1377 Ὀταν
3035 1321 3142 1391 γὰρ
3163 1321 3484 1391 ἐπιδημήσει
3517 1334 3606 1388 μοι
3628 1317 3810 1383 λόγος,
3837 1315 3951 1366 τότε

2389 1417 2706 1490 παρακαλοῦ
2715 1435 2831 1486 μαι.

2463 1510 2592 1561 Ὅτι
2619 1506 2910 1578 ἐγενήθην
2935 1505 3077 1560 ὡσεί
3115 1503 3308 1568 ἀσκὸς
3357 1501 3424 1554 ἐν
3476 1499 3707 1567 πάχνη.
3759 1499 3955 1568 Νεκροὶ

2392 1602 2488 1672 μὲν
2514 1600 2709 1672 μᾶλλον
2729 1601 2778 1653 οἱ
2810 1598 3008 1663 ζῶντες
3030 1597 3133 1651 ὑπὸ
3160 1596 3266 1648 τῶν
3307 1591 3596 1647 κακώσεων
3642 1592 3881 1659 γίνονται
3910 1593 3955 1643 οῖ

2388 1692 2603 1757 δίκαιοι,
2633 1692 2708 1756 ὠς
2734 1692 2918 1754 ἀσκοῖς
2948 1690 3180 1743 ἑοικέναι
3213 1687 3408 1757 μᾶλλον
3436 1685 3468 1756 ἢ
3494 1683 3803 1755 ἀνθρώποις
3831 1683 3958 1735 ἁπο-

731 1789 1143 1857 refrigcscentes
1167 1784 1324 1853 quasi
1359 1783 1546 1852 pruina
1575 1780 1876 1850 cougelata,
1913 1777 2002 1848 qui
2040 1777 2286 1830 ardorem

2391 1784 2675 1854 ψυχόμενοι
2698 1782 2945 1853 καθάπερ
2973 1781 3150 1852 πάχνη
3178 1776 3647 1850 περιπηγνυμένη,
3672 1776 3735 1828 τὸ
3764 1775 3958 1845 θερμὸν

730 1878 983 1947 practica:
1020 1876 1141 1930 vitae.
1165 1875 1492 1943 delegerunt.
1527 1870 1795 1941 Ejusdem.
1843 1866 1971 1922 Uter
2007 1868 2058 1921 in
2094 1866 2286 1935 pruina

731 1968 979 2030 eﬂicitur,
1010 1966 1104 2036 qui
1133 1979 1351 2020 carnem
1387 1978 1542 2018 suam
1582 1962 1837 2022 exsiccat,
1867 1970 1921 2015 et
1970 1959 2102 2012 nihil
2139 1958 2193 2010 in
2222 1972 2288 2012 ea

732 2060 943 2113 ardoris
976 2067 1029 2111 et
1057 2055 1507 2125 concupiscentia:
1549 2053 1823 2122 relinquit,
1865 2050 1956 2105 sed
1986 2064 2102 2104 eam
2131 2047 2286 2119 quasi

733 2151 1035 2219 refrigerat.

802 2242 888 2296 84.
923 2242 1060 2304 Quot
1093 2247 1213 2292 sunt
1241 2237 1350 2290 dies
1377 2237 1512 2291 servi
1540 2235 1830 2289 tui?Pauci
1852 2234 1996 2289 enim
2021 2239 2148 2287 sunt
2171 2229 2288 2285 dies

735 2332 1015 2384 hominum
1041 2344 1202 2397 super
1225 2336 1442 2390 terram,
1469 2325 1736 2395 inquibus
1768 2330 1922 2392 rogat
1953 2322 2133 2376 statim
2158 2332 2290 2373 con-

732 2424 831 2478 teri
867 2421 1117 2476 Satanam
1153 2421 1253 2475 sub
1285 2418 1512 2488 pedibus
1562 2419 1703 2484 ejus,
1740 2424 1799 2469 ut
1827 2414 2008 2468 anima
2035 2408 2290 2480 subjicia-

732 2525 819 2568 tur
850 2514 1030 2567 divino
1055 2509 1227 2565 Verbo
1256 2511 1308 2564 in
1339 2524 1458 2562 eam
1486 2508 1753 2561 immisso.

804 2690 892 2744 85.
922 2687 1277 2741 Narraverunt
1296 2687 1422 2739 mihi
1448 2686 1614 2755 iniqui
1640 2682 2010 2753 fabulationes.
2044 2681 2151 2733 Aut
2172 2693 2290 2731 ant-

737 2783 813 2836 Ies
854 2781 1060 2836 fabu‘las
1104 2792 1259 2834 vocat
1300 2777 1608 2833 Judaeorum
1660 2774 1986 2833 doctrinam.
2027 2779 2122 2825 aut
2155 2784 2290 2839 pra:-

735 2879 886 2940 cepta
943 2869 1222 2923 hominum
1279 2875 1332 2921 et
1383 2879 1553 2934 nugas
1593 2861 1916 2933 sapientium
1973 2859 2136 2928 hujus
2189 2872 2290 2912 sa-

736 2962 862 3016 culi.

807 3053 894 3106 86.
936 3050 1124 3106 Omnia
1166 3049 1416 3103 mandata
1445 3055 1535 3101 tua
1567 3047 1778 3110 veritas,
1817 3043 1991 3113 inique
2035 3039 2288 3111 persecuti

735 3153 853 3195 sunt
890 3157 988 3203 me,
1023 3139 1212 3209 adjuva
1237 3155 1335 3192 me.
1387 3135 1600 3192 Gnarus
1643 3149 1701 3188 se
1724 3133 1778 3186 in
1821 3132 2005 3187 divino
2035 3126 2290 3184 tribunali

738 3229 1035 3283 mercedem
1082 3237 1424 3298 accepturum
1473 3240 1571 3295 pro
1615 3225 1681 3278 iis
1709 3235 1829 3291 quae
1858 3221 2057 3290 injuste
2098 3232 2291 3288 passus

734 3333 837 3384 est,
857 3323 1015 3393 gestit
1037 3322 1166 3377 illud
1191 3331 1399 3391 tempus
1425 3318 1627 3373 videre.

806 3414 894 3467 87.
921 3411 1090 3464 Paulo
1116 3414 1284 3464 minus
1307 3416 1791 3464 consummaverunt
1823 3421 1900 3459 me
1923 3406 1977 3458 in
2001 3414 2161 3457 terra.
2183 3400 2290 3455 Pa-

738 3521 856 3560 rum
887 3504 1060 3558 abluit
1083 3504 1214 3573 quin
1249 3517 1316 3557 ex
1358 3517 1455 3556 sua
1490 3499 1862 3571 persecutione
1907 3513 1994 3553 me
2034 3511 2291 3552 consum-

741 3603 970 3649 marent.
1018 3593 1061 3621 “

808 3685 893 3740 33.
924 3683 1218 3738 Secundum
1247 3681 1665 3736 misericordiam
1703 3689 1848 3731 tuam
1885 3678 2088 3747 vieiﬁca
2119 3693 2217 3742 me,
2241 3687 2292 3730 et

739 3776 1029 3829 custodiam
1058 3775 1353 3828 testimonia
1382 3773 1485 3826 oris
1516 3771 1611 3822 tui.
1638 3766 1711 3823 Os
1746 3767 1836 3821 Dei
1868 3777 1992 3822 sunt
2020 3765 2292 3837 propheta:

737 3874 828 3944 qui
855 3872 1235 3927 administrant
1264 3868 1591 3934 testimonia,
1627 3873 1913 3936 praecepta,
1942 3862 2289 3934 iustiﬁcatio—

740 3980 835 4019 nes
865 3963 1002 4032 ejus.

805 4053 1171 4118 In'ceternum,
1204 4051 1446 4116 Domine,
1482 4051 1690 4103 verbum
1743 4059 1888 4100 tuum
1930 4053 2191 4112 permanet
2235 4044 2290 4097 in

742 4152 889 4205 ccelo.
933 4149 991 4203 In
1023 4147 1266 4219 proiectu
1311 4153 1587 4203 versatur.
1618 4150 1672 4194 et
1699 4138 2014 4194 sublimiora
2046 4137 2292 4206 dogmata

739 4242 986 4310 attingit,
1025 4250 1186 4307 atque
1222 4247 1479 4290 aeternum
1514 4230 1690 4285 Patris
1733 4227 1966 4281 Verbum
2028 4226 2290 4291 meminit,

741 4343 795 4385 et
828 4339 1036 4384 tantum
1083 4344 1188 4382 non
1225 4325 1356 4378 illud
1390 4343 1403 4374 :
1441 4320 1508 4374 In
1553 4318 1806 4389 principio
1845 4326 1958 4371 erat
2007 4314 2226 4369 Verbum
2246 4315 2290 4345 ⁶⁰

738 4422 899 4486 dicit;
925 4421 1096 4488 deque
1124 4415 1358 4471 universi
1385 4422 1574 4467 ornatu
1610 4411 1866 4479 loquitur,
1891 4417 1943 4462 et
1972 4407 2115 4463 clare
2135 4416 2293 4460 natu-

740 4528 853 4567 ram
883 4526 1063 4566 rerum
1096 4522 1309 4563 omnem
1340 4519 1550 4561 servam
1578 4503 1695 4569 ejus
1725 4508 1898 4554 vocat.

806 4687 893 4743 89.
918 4685 983 4739 In
1014 4683 1392 4754 generationem
1437 4688 1485 4732 et
1528 4676 1907 4748 generationem
1953 4676 2142 4726 veritas
2175 4682 2288 4725 tua.

741 4779 868 4834 Duae
897 4786 1023 4834 sunt
1043 4773 1416 4847 generationes
1444 4784 1563 4839 quae
1584 4765 1678 4821 Dei
1715 4765 1995 4818 veritatem
2027 4764 2248 4832 capiunt
2274 4779 2288 4814 :

738 4869 1044 4926 Judaorum
1078 4866 1327 4936 populus,
1355 4862 1450 4932 qui
1485 4860 1646 4913 habet
1685 4858 1854 4927 legem
1884 4862 1937 4909 et
1969 4855 2289 4924 prophetas,

741 4969 795 5015 et
825 4958 1086 5014 Ecclesia.
1111 4955 1230 5010 Non
1261 4955 1313 5008 in
1343 4951 1713 5021 generationes
1739 4951 1918 5017 itaque
1949 4947 2147 5000 veritas
2176 4942 2289 5011 Dei,

743 5052 835 5105 sed
860 5053 912 5104 in
944 5047 1342 5119 generationem
1370 5044 1600 5113 primam
1623 5050 1677 5095 et
1709 5041 1760 5094 in
1786 5039 2183 5110 generationem
2211 5053 2285 5091 se-

745 5143 996 5196 cundam.
1037 5140 1170 5193 Aliae
1208 5146 1386 5190 autem
1435 5142 1618 5202 gentes
1665 5131 1717 5184 in
1753 5143 1936 5183 errore
1987 5136 2289 5182 versantur.

743 5236 876 5288 Cum
901 5242 1077 5287 autem
1115 5231 1261 5299 prior
1285 5228 1371 5281 illa
1415 5223 1690 5295 generatio
1713 5221 1899 5290 rejecit
1934 5221 2208 5273 veritatem
2239 5226 2292 5272 et

743 5325 914 5377 dixit:
946 5321 1109 5384 Tolle,
1163 5320 1282 5372 tolle
1308 5320 1348 5349 ⁶²
1399 5318 1465 5371 de
1505 5323 1645 5369 terra
1672 5311 2010 5382 hujusmodi,
2045 5310 2293 5364 transivit

744 5415 939 5468 veritas
967 5414 1035 5466 ah
1065 5411 1151 5465 illa
1180 5411 1230 5462 in
1262 5410 1400 5463 hanc
1430 5405 1853 5477 generationem.
1892 5401 2148 5455 Fundasti
2184 5410 2288 5453 ter-

743 5521 858 5557 ram
879 5513 925 5556 et
948 5513 1229 5570 permanet.
1260 5498 1368 5553 Hac
1401 5499 1620 5552 veritate
1667 5506 1810 5549 terra
1851 5493 2065 5546 fundata
2093 5502 2191 5546 est.
2236 5491 2289 5543 In

745 5597 844 5648 hoc
884 5594 1025 5648 enim
1052 5593 1291 5662 angulari
1347 5588 1521 5658 lapide
1564 5591 1614 5640 in
1655 5585 2059 5639 fundamentum
2093 5583 2289 5651 posito,

812 5704 856 5736 ⁸⁸
887 5701 1080 5759 lJoan.
1115 5705 1249 5762 11.2.
1327 5698 1542 5751 co.ioan.
1577 5714 1613 5762 I,
1649 5697 1695 5748 l.
1753 5696 1793 5726 ⁶¹
1824 5693 1981 5748 Joau.
2017 5710 2125 5748 xm.
2163 5693 2247 5745 15.

2391 1875 2484 1926 καὶ
2520 1873 2814 1945 πρακτικὸν
2867 1870 3304 1942 προαιρούμενοι.
3364 1865 3471 1920 Τοῦ
3516 1865 3725 1918 αὑτοῦ.
3774 1866 3958 1926 ’Ᾱσκὺς

2391 1967 2446 2016 ὲν
2479 1965 2656 2036 πάχνη
2686 1965 2890 2031 γίνεται
2913 1965 2939 2015 ό
2962 1963 3059 2032 τὴν
3086 1959 3276 2013 ἑαυτοῦ
3306 1958 3484 2029 σάρκα
3513 1955 3842 2026 κατατήξας,
3865 1959 3957 2008 καὶ

2396 2058 2558 2128 μηδὲν
2589 2059 2644 2109 ὲν
2675 2055 2822 2125 αύτῷ
2847 2053 3095 2125 πυρῶδες
3147 2051 3238 2105 καὶ
3273 2048 3661 2120 ἐπιθυμητικὸν
3692 2047 3818 2109 ἐῶν,
3847 2046 3958 2099 ἀλλ’

2391 2147 2667 2216 άποψύξας
2695 2144 2880 2215 ὥσπερ
2911 2145 3100 2212 αὑτήν.

2457 2242 2646 2292 Πόσαι
2678 2239 2835 2291 εἰσιν
2865 2239 2920 2287 al
2940 2233 3146 2302 ἡμέραι
3173 2230 3277 2284 τοῦ
3298 2231 3519 2284 δούλου
3547 2245 3663 2282 σου
3685 2245 3704 2291 ;
3755 2227 3960 2294 Ὀλίγαι

2394 2330 2500 2398 γὰρ
2529 2330 2583 2380 αἱ
2611 2327 2717 2380 τῶν
2749 2323 3047 2396 ἀνθρώπων
3079 2322 3281 2392 ἡμέραι
3329 2321 3419 2373 ἐπὶ
3444 2319 3542 2388 τῆς
3576 2319 3700 2388 γῆς,
3756 2321 3816 2371 ὲν
3872 2313 3958 2379 αἷς

2393 2421 2607 2490 εὔχεται
2653 2417 2851 2480 εὐθέως
2893 2415 3244 2486 συντριϐῆναι·
3267 2412 3357 2464 τὸν
3399 2412 3641 2464 Σατανᾶν
3693 2409 3799 2462 ὑπὸ
3840 2410 3962 2471 τοὺς

2393 2512 2558 2573 πόδας
2587 2508 2770 2571 αὑτοῦ,
2803 2507 2876 2570 ὼς
2903 2506 2970 2560 ἂν
2998 2506 3348 2558 ὑποτάσσοιτο
3371 2501 3465 2574 τὴν
3493 2501 3669 2571 ψυχὴν
3701 2499 3796 2552 τοῦ
3821 2499 3960 2552 θείου

2393 2603 2565 2669 Λόγου
2591 2600 2869 2669 γεγονότος
2901 2590 2958 2649 ιν
2977 2596 3132 2666 αὐτῇ.

2464 2689 2834 2760 Διηγήσαντό
2899 2704 3001 2757 μοι
3052 2685 3379 2754 παράνομοι
3438 2681 3824 2750 ἀδολεσχίας.
3884 2681 3955 2733 Ἣ

2393 2786 2516 2847 τοὺς
2542 2782 2804 2855 γραώδεις
2832 2779 3030 2851 μύθους
3054 2777 3162 2830 τῶν
3203 2775 3466 2830 Ἰουδαίων
3510 2775 3644 2845 φησὶ
3691 2772 3792 2836 τὰς
3817 2773 3960 2831 διδα-

2395 2877 2638 2939 σκαλίας,
2665 2877 2698 2947 ἢ
2728 2873 2911 2929 καὶτὰ
2930 2873 3232 2942 ἐντάλματα
3254 2869 3360 2923 τῶν
3389 2866 3712 2937 ἀνθρώπων,
3747 2878 3844 2918 και
3865 2873 3964 2926 τας

2395 2965 2655 3038 φλυαρίας
2685 2965 2793 3018 τῶν
2831 2963 3008 3032 σοφῶν
3034 2963 3127 3016 τοῦ
3150 2961 3340 3022 αἰῶνος
3366 2958 3571 3010 τούτου.

2464 3055 2656 3110 Πᾶσαι
2701 3057 2757 3108 αὶ
2788 3053 3026 3107 errata!
3050 3068 3165 3106 crov
3197 3048 3446 3117 ἀλήθεια
3465 3062 3478 3075 ·
3534 3047 3755 3113 ἀδίκως
3797 3063 3964 3100 κατε·

2392 3147 2614 3213 διωξὰν
2654 3164 2749 3216 με’
2786 3143 3104 3212 βοήθησόν
3154 3159 3275 3212 μοι.
3326 3140 3514 3204 Εἰδὼς,
3551 3139 3629 3202 ὡς
3650 3140 3709 3192 ὲν
3735 3139 3813 3209 τῷ
3838 3138 3966 3208 θείῳ

2391 3241 2721 3311 δικαστηρίῳ
2747 3237 3078 3308 ἀπολήψεται
3105 3235 3241 3306 ὑπὲρ
3275 3229 3348 3290 ὧν
3393 3232 3658 3288 πέπονθεν
3713 3232 3962 3295 ἀδικιῶν,

2391 3330 2697 3383 ἑπισπεύδει
2727 3330 2852 3382 ἰδεῖν
2882 3327 3067 3397 καιρὸν
3089 3327 3312 3379 ἐκεῖνον.

2459 3420 2625 3487 Παρὰ
2650 3417 2849 3486 ,βραχὺ
2879 3415 3289 3472 συνετέλει-σάν
3310 3431 3386 3485 με
3415 3413 3483 3468 ἐν
3510 3411 3584 3480 τῇ
3614 3411 3713 3482 τῇ.
3747 3411 3964 3481 Μικροῦ

2389 3511 2495 3564 δεῖν
2525 3512 2590 3564 ἐκ
2615 3510 2707 3565 τοῦ
2734 3508 2973 3581 διωγμοῦ
2995 3507 3190 3563 αὐτῶν.

2461 3668 2621 3723 Κατὰ
2645 3665 2712 3721 τό
2749 3666 2920 3732 ἔλεός
2955 3681 3068 3719 σου
3091 3663 3274 3731 ζῆσόν
3299 3677 3398 3730 με,
3450 3658 3549 3712 καὶ
3581 3657 3839 3727 φυλάξω
3896 3657 3967 3708 τὰ

2386 3761 2683 3828 μαρτύρια
2731 3758 2838 3811 τοῦ
2871 3757 3168 3823 στόματός
3202 3769 3338 3808 σου.
3374 3751 3554 3823 Στόμα
3585 3749 3723 3804 Θεοῦ
3752 3751 3803 3802 ot
3849 3749 3966 3802 δια-

2393 3851 2714 3920 κονήσαντες
2757 3848 3032 3921 προφῆται
3071 3849 3184 3909 τοῖς
3217 3843 3551 3917 μαρτυρίοις,
3579 3840 3673 3896 καὶ⁸
3695 3840 3960 3904 ἐντολαῖς,

2391 3943 2502 4004 τοῖς
2527 3940 2884 4012 δικαιώμασιν
2914 3937 3100 3993 αὑτοῦ.

2456 4033 2558 4098 Εἰς
2605 4031 2710 4086 τὸν
2755 4031 2956 4096 αἰῶνα,
3004 4030 3198 4096 Κύριε,
3234 4029 3266 4081 ὁ
3299 4026 3483 4094 λόγος
3521 4039 3640 4078 σου
3701 4022 3966 4092 διαμένει

2390 4125 2460 4178 ἐν
2489 4123 2568 4188 τῷ
2600 4121 2849 4190 οὐρανῷ.
2892 4123 2980 4173 Ἐν
3011 4121 3257 4190 προκοπῇ
3293 4116 3593 4186 γινόμενος,
3643 4114 3739 4166 καὶ
3769 4113 3966 4184 ὑψηλο-

2391 4216 2565 4286 τέρων
2593 4214 2817 4268 ἆπτεται
2864 4212 3167 4284 δογμάτων,
3214 4208 3307 4262 τοῦ
3342 4226 3398 4261 τε
3463 4206 3630 4259 άῖδίου
3667 4206 3843 4273 Λόγου
3869 4201 3964 4256 τοῦ

2394 4307 2603 4380 Πατρός
2656 4304 3022 4378 μνημονεύων,
3058 4303 3150 4355 καὶ
3199 4299 3476 4372 μονονουχὶ
3508 4298 3588 4351 τόο
3656 4297 3754 4348 Ἐν
3805 4294 3966 4364 ἀρχῇ

2393 4395 2471 4468 ἦν
2493 4401 2525 4451 ό
2556 4396 2763 4466 Λόγος,
2806 4395 2998 4462 λέγων,
3029 4394 3123 4446 καὶ
3159 4391 3254 4461 τῆς
3273 4388 3678 4458 διακοσμήσεως
3698 4384 3794 4437 τοῦ
3826 4401 3966 4436 παν-

2393 4491 2501 4553 τὸς,
2533 4487 2714 4557 σαφῶς
2767 4503 2826 4540 τε
2872 4484 3062 4555 δούλην
3101 4479 3263 4536 αὐτοῦ
3292 4480 3389 4550 τὴν
3434 4477 3726 4547 σύμπασαν
3779 4475 3968 4527 κτίσιν

2392 4583 2672 4636 ἀποκαλεῖ.

2462 4681 2565 4742 Εἰς
2606 4676 2816 4745 γενεὰν
2841 4671 2936 4726 καὶ
2963 4670 3177 4740 τεν-εὰν
3199 4669 3237 4736 ἡ
3267 4663 3514 4730 ἀλήθειά
3537 4676 3674 4715 σου.
3703 4657 3810 4711 Δύο
3859 4658 3969 4709 εἰσὶ

2391 4769 2592 4838 γενεαὶ,
2643 4769 2697 4821 al.
2730 4767 3044 4837 χωρήσασαι
3068 4761 3164 4831 τὴν
3196 4758 3284 4812 τοῦ
3336 4754 3493 4822 Θεοῦ,
3515 4751 3798 4820 ἀλήθειαν,
3837 4749 3871 4802 ὃ
3906 4766 3966 4801 τε

2389 4860 2496 4913 τῶν
2532 4858 2800 4912 Ἰουδαίων
2857 4854 2983 4916 λαὸς
3021 4853 3156 4922 ἔχων
3185 4851 3274 4902 τὸν
3316 4846 3476 4915 νόμον
3533 4842 3624 4896 καὶ
3663 4841 3791 4902 τοὺς
3822 4856 3965 4908 προ-

2392 4952 2584 5020 φήτας,
2611 4951 2704 5002 καὶ
2728 4950 2762 5020 ἡ
2804 4944 3093 5014 Ἐκκλησία
3171 4941 3283 4994 Οὐκ
3312 4939 3391 5000 είς
3423 4933 3610 5004 γενεὰς
3643 4927 3735 4984 οὖν
3759 4931 3793 5000 ή
3829 4930 3970 5000 ἁλήο

2392 5043 2509 5094 θεια
2538 5040 2629 5093 τοῦ
2659 5038 2815 5100 Θεοῦ,
2843 5037 2954 5089 ἀλλ’
2978 5038 3054 5097 είς
3079 5031 3270 5100 γενεὰν
3305 5029 3401 5100 τὴν
3450 5023 3717 5096 προτέραν
3759 5021 3862 5073 καὶ
3889 5023 3968 5082 είς

2391 5133 2580 5202 γενεὰν
2606 5132 2702 5203 τὴν
2731 5129 3004 5199 δευτέραν.
3040 5128 3118 5180 Τὰ
3155 5125 3212 5178 δὲ
3245 5122 3375 5177 ἄλλα
3404 5120 3529 5188 ἔθνη
3563 5113 3966 5183 πεπλάνηνται.

2393 5228 2518 5279 ’Ὀτε
2541 5225 2596 5276 δὲ
2624 5224 2714 5276 καὶ
2739 5226 2771 5292 ή
2803 5220 3039 5291 προτέρα
3068 5214 3228 5286 γενεά
3285 5211 3503 5278 ἐξέϐαλε
3548 5207 3645 5278 τὴν
3676 5203 3967 5274 ἀλήθειαν,

2391 5317 2483 5369 καὶ
2519 5313 2687 5367 εἷπεν·
2726 5314 2882 5374 Aine,
2910 5307 3037 5377 αἶρε
3079 5307 3185 5361 ἀπὸ
3220 5305 3319 5374 τῆς
3385 5303 3487 5372 γῆς
3537 5297 3626 5352 τδν
3677 5293 3931 5347 τοιοῦτον
3956 5335 3968 5356 δ

2393 5407 2758 5478 μεταϐέϐηκεν
2783 5403 3058 5475 ὴάλήθεια
3113 5401 3208 5452 ἀπ’
3235 5396 3449 5464 ἐκείνης
3496 5391 3594 5461 τῆς
3637 5388 3832 5478 γενεᾶς
3872 5385 3970 5478 lati.

2389 5498 2590 5568 ταύτην
2633 5499 2730 5568 τὴν
2784 5495 2976 5564 γενεάν
3035 5489 3459 5549 Ἐθευελίωσας
3519 5480 3635 5548 τὴν
3687 5477 3813 5548 γῆν
3865 5477 3966 5531 καὶ

2390 5590 2665 5657 διαμένει.
2702 5591 2882 5658 Tuaen
2915 5587 2969 5639 δὲ
3002 5587 3065 5655 τῇ
3121 5581 3343 5651 ἁληθεια
3368 5580 3402 5649 ἡ
3441 5575 3511 5647 γῆ
3545 5568 3964 5642 τεθεμελίωται.
