4094 6312
120 419 210 472 49ῖ

1185 403 1550 462 ΕΧΡΟΞΙΤΓΟ
1591 402 1653 456 IN
1693 399 2023 458 PSALMUM
2063 396 2292 456 CXVIII.

3235 391 3336 446 498

132 533 244 586 Ἐπὶ
265 536 439 587 τούτω
459 531 567 602 γὰρ
584 530 660 599 τῷ
684 527 1053 600 ἀκρογωνιαίῳ
1074 525 1203 596 λίθῳ
1224 522 1526 591 καταϐεϐλη
1536 520 1678 592 μένῳ

1782 517 2113 573 aediﬁcantur
2132 527 2321 569 omnes
2345 511 2625 580 terrigena:
2650 506 2743 578 qui
2765 505 2994 561 salutem
3023 503 3162 558 nacti
3187 510 3332 558 sunt.

120 622 343 692 θεμελίῳ
371 620 770 692 οἱκοδομοῦνται
818 620 1013 681 πάντες
1038 618 1085 670 οἱ
1117 619 1178 670 ὲκ
1226 616 1328 685 γῆς
1362 613 1674 683 σωζόμενοι.

121 715 272 768 Ὅθεν
322 716 415 767 καὶ
447 713 689 783 διαμένει
717 714 750 783 ἡ
780 713 872 781 γῆ,
906 710 1122 782 ἀρραγῆ
1147 709 1241 762 καὶ
1290 706 1504 778 ἀσφαλῆ
1540 723 1645 776 κρη

120 807 239 859 πίδα
264 808 360 860 καὶ
387 805 631 876 θεμέλιον
665 804 878 874 ἔχουσα.
925 800 1082 855 Ἀλλά
1114 801 1208 855 καὶ
1256 800 1358 870 γῆν
1399 798 1679 868 φωτίσασα

119 898 413 969 ὴάλὴθεια
472 898 683 969 ἡμέραν
752 896 1010 966 ἐποίησε,
1066 893 1202 947 Θεοῦ
1275 891 1678 962 ἐπιλάμψαντος

118 992 299 1059 αὑτήν.

184 1082 262 1150 Τῇ
293 1080 554 1144 διατάξει
581 1095 696 1133 σου
742 1077 1000 1147 διαμένει
1051 1074 1257 1144 ἡμέρα,
1313 1074 1402 1127 ὅτι
1431 1072 1501 1125 τὰ
1527 1072 1676 1140 σύμ-

116 1190 308 1226 παντα
356 1171 546 1225 δοῦλα
604 1188 722 1225 σοι.
783 1169 894 1223 Οὐκ
939 1167 1327 1236 ἀλλαττομένη,
1364 1164 1483 1217 οὐδὲ
1527 1162 1678 1224 τέλος

116 1265 480 1335 λαμϐάνουσα,
531 1263 606 1325 ὡς
658 1264 687 1314 ὁ
729 1261 867 1314 κατά
893 1260 989 1330 τὴν
1045 1257 1286 1312 Παλαιὰν
1323 1255 1539 1326 Γραφὴν
1567 1272 1678 1323 φω-

116 1357 318 1424 τισμός.
368 1355 520 1408 Ἐπεὶ
548 1355 641 1406 καὶ
668 1352 828 1423 μέχρι
864 1349 1057 1422 καιροῦ
1091 1347 1423 1420 διορθώσεως
1451 1346 1672 1399 τέθειτο.

119 1446 292 1500 Ταῦτα
318 1447 375 1500 δὲ
404 1446 577 1499 πάντα
605 1445 708 1498 ὑπὸ
748 1441 882 1496 Θεοῦ
920 1441 1213 1512 ὑπῆρκται.
1280 1438 1537 1520 Ἐπείπερ
1563 1438 1678 1489 κτί-

118 1555 237 1591 στου
270 1540 369 1592 καὶ
414 1534 708 1609 προνοητοῦ
731 1535 902 1600 δντος,
927 1533 1086 1599 δοῦλα
1111 1534 1178 1588 τά
1213 1532 1500 1604 σύμπαντά
1530 1534 1676 1583 ἐστιν

116 1631 295 1684 αὑτοῦ.

173 1723 241 1775 El
260 1721 350 1790 μὴ
377 1724 410 1775 ὁ
434 1719 617 1790 νόμος
647 1734 765 1775 σου
810 1721 1032 1789 μελέτη
1056 1718 1173 1788 μού
1199 1717 1330 1772 ἐστι
1351 1758 1367 1782 ,
1423 1716 1555 1768 τότε
1601 1713 1677 1767 ἂν

116 1814 437 1881 ἀπωλόμην
492 1812 561 1866 ὲν
587 1811 663 1880 τῇ
691 1809 1041 1866 ταπεινώσει
1087 1827 1225 1880 μου.
1284 1806 1673 1867 Είσϐαλόντων,

118 1907 261 1976 φησὶ,
297 1905 406 1960 τῶν
434 1904 683 1976 πονηρῶν
706 1903 997 1975 λογισμῶν,
1023 1904 1117 1956 καὶ
1153 1902 1260 1956 τῶν
1294 1900 1676 1970 ἀντικειμένων

115 1998 390 2067 δυνάμεων
423 1996 804 2067 πολεμούντων
832 1997 855 2048 ὲ
865 1995 975 2065 μοὶ,
1002 1991 1146 2064 εἶχον
1174 1991 1240 2046 ἂν
1267 1990 1580 2055 ἀπολέσθαι,
1630 1992 1678 2044 εί

119 2088 186 2158 μὴ
205 2089 233 2140 ὁ
263 2088 355 2152 ob;
382 2087 544 2157 νόμος
575 2089 654 2150 εἰς
685 2088 962 2158 στήριγμα
984 2085 1221 2154 ἐγένετο.

177 2182 281 2246 Είς
305 2178 410 2232 τὸν
435 2178 619 2233 αἰῶνα
648 2182 719 2234 οὐ
768 2178 854 2248 μὴ
882 2177 1246 2246 ἐπιλάθωμαι
1291 2173 1409 2228 τῶν
1453 2173 1678 2227 δικαιω-

111 2283 304 2335 ματων
335 2282 471 2330 σου,
519 2265 609 2320 ὅτι
662 2267 733 2320 ἐν
761 2266 964 2331 αὐτοῖς
1005 2264 1222 2334 ἐζησὰς
1266 2281 1356 2340 με.
1413 2264 1537 2325 Τοῖς
1567 2265 1677 2324 σοῖς

114 2359 292 2428 νόμοις
320 2359 545 2430 ὄψομαι,
578 2359 760 2430 φησίν·
801 2357 906 2422 ’ἐξω
937 2357 1046 2430 γὰρ
1073 2360 1131 2411 έν
1170 2358 1353 2420 αὐτοῖς
1385 2355 1481 2427 τὴν
1511 2354 1675 2425 ζωὴν,

115 2450 252 2504 καθὰ
269 2451 331 2521 δή
360 2468 448 2519 μοι
476 2450 569 2503 καί
596 2449 841 2521 εἴρηκας,
887 2451 973 2503 ὅτι
1021 2453 1052 2504 ό
1094 2449 1352 2518 ποιήσας
1389 2447 1540 2502 αὐτὰ
1578 2449 1680 2501 ἇν-

113 2544 338 2610 θρωπος
382 2541 618 2612 ζήσεται
670 2543 740 2595 ἐν
777 2541 1000 2607 αὐτοῖς.
1058 2541 1173 2594 Ζῶν
1218 2536 1310 2595 οὖν
1363 2541 1519 2610 μόνος
1544 2541 1572 2593 ὁ
1597 2540 1676 2592 δί-

115 2653 282 2700 καιος,
319 2635 424 2689 κᾶν
454 2634 769 2705 τεθνηκέναι
795 2634 944 2705 δοκῇ·
968 2633 1152 2705 νεκροὶ
1181 2633 1237 2686 δὲ
1267 2634 1315 2686 οἱ
1354 2632 1548 2698 ἄδικοι,
1575 2631 1678 2685 κᾶν

115 2722 205 2791 ζῇν
240 2720 558 2789 φαίνωνται.
608 2720 831 2773 Ἐκεῖνοι
890 2719 988 2789 μὲν
1025 2718 1132 2790 γὰρ
1162 2716 1259 2788 τὴν
1289 2717 1383 2788 τῆς
1413 2714 1556 2787 ζωῆς
1588 2715 1679 2769 σύ-

115 2829 298 2868 στασιν
330 2816 392 2867 ὲν
420 2813 631 2875 ἑαυτοῖς
658 2812 858 2881 ἔχουσι,
881 2812 976 2879 τὴν
1007 2811 1364 2880 δικαιοσύνηνο
1389 2810 1436 2862 oi
1467 2808 1523 2862 δὲ
1549 2807 1679 2862 ταύ-

114 2921 207 2971 την
237 2904 340 2956 οὐκ
361 2902 574 2973 ἔχοντες
604 2907 714 2966 τοῖς
768 2902 827 2955 οὐ
873 2901 1000 2972 παρ’
1045 2899 1272 2963 ἑαυτῶν,
1325 2898 1439 2951 ἀλλ’
1483 2899 1677 2965 ἔξωθεν

112 2995 444 3065 κινουμένοις
475 2994 700 3065 ἀψύχοις
726 2993 980 3047 ἐοίκασιν.

177 3084 294 3151 Σός
331 3085 605 3154 ειμιέτὼ,
653 3084 860 3140 σῶσόν
902 3103 997 3156 με.
1051 3085 1530 3158 Προσυπακούεται
1577 3084 1675 3156 τῷ,

1777 610 2140 678 Quamobrem
2166 613 2406 661 remanet
2435 612 2600 668 terra,
2633 599 2918 678 infractam
2951 606 3005 652 et
3045 596 3337 650 inconcus—

1776 675 1892 760 sam
1918 701 2073 756 basin
2104 714 2167 754 ac
2189 697 2602 752 fundamentum
2631 675 2856 748 habens.
2896 689 3007 743 Imo
3029 687 3192 742 etiam
3220 688 3336 757 ipsa

1775 797 1975 852 veritas
2018 803 2213 848 terram
2259 790 2537 846 illustrans
2583 787 2722 842 diem
2761 784 2970 849 effecit,
3031 779 3140 837 Deo
3188 781 3336 835 illam

1775 889 2071 944 emittente.

1842 1081 1930 1137 9i.
1967 1080 2310 1137 Ordinatione
2347 1088 2438 1131 tua
2466 1085 2756 1144 perseverat
2801 1075 2932 1141 dies,
2955 1073 3204 1144 quoniam
3226 1085 3338 1124 om-

1778 1172 1868 1226 nia
1898 1173 2128 1226 seruiunt
2155 1171 2270 1223 tibi.
2295 1167 2412 1224 Non
2438 1175 2640 1223 mutata
2659 1180 2832 1236 neque
2857 1164 3016 1218 linem
3040 1161 3337 1230 accipiens.

1778 1264 1922 1319 sicut
1958 1261 2283 1318 illuminatio
2327 1260 2416 1314 illa
2449 1274 2570 1329 quae
2597 1258 2652 1313 in
2679 1255 2859 1311 Veteri
2901 1253 3182 1325 Scriptura
3218 1265 3337 1308 me-

1777 1363 2042 1410 moratur.
2069 1351 2518 1421 Quandoquidem
2545 1364 2718 1420 usque
2742 1348 2808 1403 ad
2831 1346 3182 1403 correctionis
3205 1355 3338 1399 tem-

1777 1459 1878 1512 pus
1902 1444 2080 1513 posita
2103 1451 2206 1497 est.
2235 1439 2359 1495 Haec
2379 1449 2557 1495 autem
2581 1439 2764 1492 omnia
2787 1436 2898 1492 Deo
2915 1435 3158 1505 subjecta
3188 1445 3335 1489 sunt.

1774 1534 1908 1590 Nam
1936 1551 2056 1590 cum
2082 1543 2291 1589 creator
2314 1533 2668 1604 provisorque
2691 1532 2781 1596 sit,
2813 1529 2996 1585 omnia
3029 1527 3130 1598 ipsi
3159 1526 3336 1581 famu-

1777 1628 1975 1682 lantur.

1847 1718 1936 1774 92.
1967 1716 2089 1771 Nisi
2135 1718 2272 1786 quod
2318 1715 2399 1768 lea:
2444 1723 2535 1766 tua
2582 1712 2859 1766 meditatio
2907 1727 3020 1764 mea
3070 1717 3168 1772 est,
3216 1717 3339 1762 tunc

1778 1811 1912 1879 forte
1955 1809 2224 1877 periissem
2258 1806 2313 1859 in
2362 1804 2660 1858 humilitate
2697 1818 2831 1856 mea.
2886 1799 3337 1869 lrrumpentibus,

1784 1901 1979 1972 inquit,
2007 1899 2165 1955 malis
2197 1896 2636 1970 cOgitationibus,
2669 1904 2722 1950 et
2744 1894 3073 1950 adversariis
3100 1902 3340 1964 potesta-

1783 1993 1930 2048 tibus
1957 2007 2042 2046 me
2075 1989 2530 2061 oppugnantibus,
2566 1987 2806 2042 futurum
2834 1995 2954 2041 erat
2983 1996 3043 2041 ut
3080 1987 3132 2040 in
3167 1985 3344 2054 perni-

1783 2083 1921 2141 ciem
1954 2082 2111 2146 irem,
2143 2081 2247 2137 nisi
2273 2081 2357 2136 lex
2397 2089 2486 2134 tua
2523 2080 2576 2133 in
2600 2077 2833 2132 fulcrum
2860 2076 2992 2130 mihi
3022 2074 3230 2131 fuisset.

1851 2176 1939 2230 95.
1973 2173 2040 2230 In
2075 2185 2327 2229 aeternum
2348 2190 2450 2228 non
2477 2172 2754 2227 obliviscar
2774 2170 3175 2238 iustiﬁcationes
3201 2178 3340 2233 tuas,

1780 2270 1904 2340 quia
1943 2269 1998 2321 in
2037 2267 2164 2336 ipsis
2195 2265 2472 2334 uiviﬁcasti
2507 2279 2605 2316 me.
2652 2261 2819 2328 Tuas,
2857 2261 3049 2330 inquit,
3082 2261 3225 2326 leges
3257 2273 3343 2313 re-

1783 2360 2007 2429 spiciam
2039 2378 2051 2413 :
2081 2359 2135 2412 in
2165 2358 2296 2428 ipsis
2333 2355 2477 2411 enim
2523 2357 2629 2408 vita
2675 2352 2844 2419 fruar,
2885 2350 3339 2422 quemadmodum

1784 2464 1839 2506 tu
1871 2451 1986 2521 ipse
2009 2449 2190 2506 dixisti
2218 2448 2376 2526 mihi,
2399 2449 2522 2519 quia
2551 2447 2640 2517 qui
2668 2446 2846 2516 fecerit
2867 2461 2926 2497 ea
2954 2445 3106 2496 homo
3137 2445 3261 2498 uiuet
3287 2444 3344 2495 in

1782 2543 1891 2598 illis
1913 2545 1978 2596 “.
2015 2542 2177 2598 Solus
2217 2543 2399 2612 itaque
2433 2541 2616 2612 justus
2660 2539 2808 2606 vivit,
2839 2538 3052 2594 etiamsi
3097 2545 3344 2592 mortuus

1781 2649 1903 2691 esse
1941 2635 2189 2689 videatur
2219 2652 2232 2688 :
2264 2633 2454 2703 injusti
2488 2643 2668 2688 autem
2705 2631 2906 2687 mortui
2935 2640 3096 2693 sunt,
3129 2630 3343 2685 etiamsi

1783 2729 1962 2782 vivere
2008 2726 2315 2781 videantur.
2357 2723 2438 2778 Illi
2466 2738 2705 2793 namque
2723 2724 2862 2786 'vita;
2896 2723 3344 2778 constitutionem

1784 2821 1839 2874 in
1872 2834 1930 2875 se
1956 2819 2176 2880 habent,
2203 2817 2470 2888 justitiam
2522 2817 2766 2881 scilicet;
2798 2815 2852 2870 hi
2901 2823 3089 2870 contra
3119 2831 3241 2870 cum
3275 2816 3344 2869 il-

1784 2915 1890 2967 lam
1925 2927 2035 2966 non
2080 2911 2334 2976 habeant,
2361 2908 2524 2964 rebus
2561 2905 2896 2973 inanimatis,
2926 2922 3034 2961 non
3069 2921 3099 2960 a
3127 2921 3206 2972 se,
3249 2909 3343 2961 sed

1781 3002 2120 3059 extrinsecus
2151 3002 2312 3054 vitam
2343 2998 2689 3064 habentibus,
2721 2997 2929 3054 similes
2955 3006 3100 3053 sunt.

1852 3093 1940 3149 94.
1981 3090 2122 3146 Tuus
2159 3107 2275 3144 sum
2311 3106 2423 3160 ego,
2452 3089 2656 3144 salvum
2709 3105 2790 3142 me
2830 3089 2936 3158 fac.
2988 3089 3342 3154 Subauditur,

115 3179 200 3240 σος
219 3179 334 3248 εἰμι
371 3177 575 3241 δοῦλος,
613 3179 702 3242 σός
722 3179 836 3249 εἰμι
886 3181 1025 3232 κατά
1057 3179 1214 3251 χάριν
1252 3179 1388 3243 υίὸς,
1427 3181 1540 3249 εἰμὶ
1587 3180 1678 3243 σὸς

1783 3199 1972 3241 servus
2017 3193 2144 3238 tuus
2179 3196 2325 3249 sum,
2358 3180 2503 3236 ﬁlius
2543 3189 2668 3236 tuus
2697 3195 2793 3250 per
2828 3181 3079 3252 gratiam,
3110 3181 3344 3237 famulus

114 3268 389 3340 θεράπων.

192 3361 326 3431 Ἐμὲ
359 3361 687 3431 ὑπέμειναν
720 3362 1052 3432 ἁμαρτωλοὶ
1095 3362 1199 3415 τοῦ
1247 3361 1540 3416 ἀπολέσαι
1577 3380 1671 3431 με·

114 3453 180 3504 τὰ
195 3452 495 3521 μαρτύριά
540 3469 655 3508 σου
699 3451 954 3521 συνῆκα.
1021 3454 1164 3506 Ἀντὶ
1197 3452 1310 3517 τοῦ,
1359 3453 1676 3524 ὲμελέτησα,

114 3536 204 3589 καὶ
229 3537 318 3590 διὰ
345 3537 448 3606 τῆς
478 3539 575 3606 σῆς
615 3536 843 3607 μελέτης
893 3537 1170 3606 ἄπρακτον
1199 3537 1375 3589 αὐτῶν
1427 3537 1681 3606 ἀπέφηνα

113 3627 208 3696 τὴν
231 3627 543 3696 ἐπιϐουλήν.

185 3717 396 3786 Πάσης
421 3719 775 3783 συντελείας
797 3718 962 3772 εἶδον
994 3719 1198 3788 πέρας,
1242 3719 1490 3773 πλατεῖα
1519 3722 1557 3788 ἡ
1585 3722 1679 3774 ὲν-

114 3809 258 3876 tciri
283 3825 406 3864 σου
427 3808 679 3878 σφόδρα.
712 3809 1021 3863 Συντέλειαν
1054 3810 1153 3881 τὴν
1208 3811 1496 3881 ἐπιϐουλήν
1550 3830 1680 3883 φησι

112 3901 208 3971 τὴν
265 3901 424 3972 παρά
471 3899 582 3954 τῶν
623 3899 906 3971 δαιμόνων.
963 3899 1179 3972 Ταύτης
1235 3897 1372 3955 εἶδον
1425 3901 1483 3955 τὸ
1511 3901 1682 3973 πέρας

113 3989 282 4044 ἐκϐὰν
308 3993 392 4054 εἰς
427 3991 598 4054 οὐδὲν,
630 3991 717 4044 ὅτε
747 3992 841 4045 καὶ
890 3989 1118 4045 πλατεῖά
1150 4008 1240 4062 μοι
1283 3991 1560 4062 γέγονενὴ
1599 3993 1684 4045 ὲν-

111 4082 258 4153 τολή.
289 4079 464 4134 Τοῦτο
488 4079 696 4135 τοῦσδιά
747 4082 926 4154 πάσης
973 4084 1253 4154 προκοπῆς
1302 4085 1382 4146 είς
1423 4085 1483 4136 τὸ
1533 4084 1684 4148 τέλος

113 4173 420 4243 ἀφιγμένου
449 4173 548 4242 τῆς
603 4173 820 4243 ἀρετῆς,
860 4174 953 4227 ἐπὶ
995 4175 1058 4227 τὸ
1087 4173 1287 4228 τέλειον
1329 4174 1529 4244 ἀγαθὸν
1569 4176 1683 4230 δια-

112 4262 412 4325 ϐαίνοντος·
442 4261 638 4323 πολλὰς
662 4262 833 4332 ἀρχάς
864 4261 957 4314 καὶ
1007 4261 1133 4333 τέλη
1191 4262 1680 4334 καταϐαλλομένου.

121 4352 320 4427 Ἠγὰρ
345 4354 448 4424 τῆς
495 4353 760 4424 προτέρας
805 4351 1130 4423 βελτιώσεως
1192 4355 1500 4426 περιγραφὴ
1545 4355 1686 4427 ἀρχὴ

109 4450 210 4518 τῆς
236 4449 508 4520 ἐχομένης
535 4447 669 4510 ἐστὶ,
704 4446 842 4500 κατὰ
873 4445 954 4499 τό·
984 4447 1169 4500 Ὅταν
1217 4448 1554 4518 συντελέσῃ
1581 4449 1686 4503 άν-

112 4545 364 4610 θρωπος,
394 4541 532 4594 τότε
557 4539 810 4609 ἄρχεται.

193 4635 296 4700 Ὠς
320 4632 614 4703 ἠγάπησα
644 4633 750 4687 τὸν
775 4633 961 4703 νόμον
985 4650 1120 4696 σου,
1160 4635 1366 4703 Κύριε;
1392 4636 1544 4705 ὅλην
1572 4636 1685 4705 τὴν

112 4726 348 4794 ἡμέραν
379 4724 604 4795 μελέτη
637 4724 755 4794 μού
778 4725 966 4778 ἐστιν.
1012 4726 1070 4778 '0
1103 4726 1279 4780 πάντα
1325 4727 1466 4780 κατά
1490 4728 1580 4781 τὸν
1603 4727 1687 4781 νό-

115 4830 215 4884 μον
244 4814 347 4867 καὶ
367 4813 547 4882 λέγων
597 4814 691 4866 καὶ
738 4815 987 4884 πράττων
1020 4814 1214 4889 μελετᾷ
1263 4815 1354 4870 τὸν
1406 4817 1564 4888 νόμον
1593 4816 1685 4870 τοῦ

115 4906 274 4962 Θεοῦ.
321 4907 410 4960 Ἐν
434 4907 490 4960 δὲ
515 4905 592 4977 τῷ
614 4906 811 4978 πρώτῳ
858 4907 1055 4978 ψαλμῷ
1081 4911 1145 4979 τῇ
1200 4909 1382 4980 ἡμέρᾳ
1429 4909 1564 4981 πρὸς
1590 4911 1687 4982 τὴν

118 4997 356 5067 μελέτην
399 4997 496 5050 καὶ
529 4996 626 5067 τὴν
653 4995 821 5050 νύκτα
848 4998 1148 5068 προσέθηκε
1188 4998 1264 5068 τῷ
1317 5000 1570 5070 μακαρίῳ
1597 5017 1689 5068 γε-

116 5087 430 5158 νησομένῳ.
473 5087 757 5159 Ἐλέγομεν
796 5088 924 5160 γάρ,
946 5087 1019 5151 ὡς
1047 5089 1233 5159 μικτός
1288 5091 1432 5142 ἐστιν
1459 5090 1690 5144 ἐνταῦθα

117 5179 225 5234 τῶν
250 5178 564 5251 ἀνθρώπων
593 5180 622 5232 ὁ
668 5179 799 5250 βίος.
852 5181 942 5233 Διὸ
988 5180 1080 5233 νῦν
1110 5180 1301 5252 ἔχομεν
1354 5181 1564 5253 ἡμέραν
1599 5184 1690 5237 καὶ

117 5272 320 5326 νύκτα·
356 5270 676 5340 γενομένους
725 5270 781 5322 δὲ
826 5271 1014 5339 ἁγίους
1045 5272 1104 5324 οὐ
1135 5271 1427 5338 διαδέξεται
1457 5271 1572 5337 νύξ.
1633 5273 1690 5326 Ὀ

118 5365 306 5420 τοίνυν
338 5363 660 5433 προκόπτων
705 5361 915 5434 ἡμέραν
954 5362 1050 5433 μὲν
1090 5363 1209 5432 ἄγει
1235 5364 1373 5417 κατά
1396 5364 1485 5417 τὸν
1531 5365 1691 5435 νόμον

122 5457 294 5526 βιούς·
330 5452 500 5508 νύκτα
525 5453 604 5518 δὲ,
637 5454 724 5505 ὅτε
756 5454 830 5526 μὴ
877 5454 1072 5524 μελετᾷ
1097 5456 1152 5508 ὲν
1171 5455 1266 5525 ὅλῃ
1288 5456 1483 5526 καρδίᾳ
1506 5457 1688 5510 αὐτοῦ·

119 5549 216 5618 Μὴ
247 5545 488 5618 πράττῃ
510 5563 566 5599 τι
586 5546 756 5600 κατά.
787 5585 802 5600 .
838 5586 850 5598 .
885 5585 900 5598 .

199 5643 307 5694 ἐκ
340 5638 540 5704 πάσης
572 5638 717 5693 ὀδοῦ
741 5635 1003 5703 πονηρᾶς
1029 5637 1300 5692 ἐκώλυσα
1340 5639 1477 5704 τοὺς
1508 5640 1691 5703 πόδας

194 5821 238 5852 ⁸⁸
265 5816 445 5872 Lcwt.
473 5832 625 5883 mu,
651 5817 704 5872 5.
781 5817 823 5847 ⁸³
852 5815 1013 5872 Echi.
1037 5832 1186 5880 xvttt,
1228 5820 1273 5873 li.

1781 3288 1926 3333 tuus.

1851 3369 1940 3425 95.
1973 3366 2056 3421 Me
2081 3373 2504 3436 exspectaverunt
2530 3377 2824 3433 peccatores
2857 3376 2910 3418 ut
2931 3367 3202 3433 perderent
3226 3383 3343 3431 me;

1781 3458 2080 3514 testimonia
2132 3466 2222 3511 tua
2276 3456 2530 3510 intellexi.
2571 3454 2627 3510 Id
2669 3465 2772 3520 est,
2801 3457 3092 3512 meditatus
3125 3473 3268 3523 sum,
3294 3469 3346 3513 et

1780 3567 1876 3621 per
1909 3550 2314 3606 meditationem
2347 3547 2680 3618 huiusmodi,
2710 3548 2934 3605 insidias
2960 3565 3149 3604 eorum
3176 3567 3345 3606 vanas

1780 3643 1951 3698 ell‘eci.

1851 3734 1940 3789 96.
1967 3733 2150 3789 Omnis
2169 3732 2634 3786 consummationis
2663 3733 2768 3788 vidi
2789 3733 2968 3802 ﬁnem,
3001 3734 3166 3788 latum
3189 3752 3340 3790 man-

1781 3826 1964 3880 datum
2009 3836 2154 3879 tuum
2182 3825 2358 3878 nimis.
2393 3825 2928 3880 Consummationem
2954 3826 3085 3881 dicit
3122 3829 3344 3884 insidias

1782 3917 2110 3972 daemonum.
2150 3914 2352 3970 Harum
2393 3917 2554 3970 linem
2590 3917 2694 3971 vidi
2735 3917 2801 3972 ad
2844 3918 3070 3972 nihilum
3097 3921 3341 3984 evadere.

1783 4026 1907 4065 cum
1943 4010 2108 4064 latum
2151 4010 2283 4062 mihi
2324 4010 2526 4064 factum
2564 4018 2647 4064 est
2681 4011 2994 4065 mandatum
3028 4023 3200 4067 tuum.
3235 4011 3347 4068 Hoc

1784 4111 1963 4158 autem
1993 4102 2058 4156 ad
2085 4117 2207 4155 eum
2239 4102 2486 4171 pertinet,
2516 4102 2609 4171 qui
2641 4103 2786 4155 omni
2821 4102 3064 4171 profectu
3095 4106 3159 4159 ad
3183 4105 3342 4159 linem

1784 4193 2002 4248 virtutis
2032 4193 2296 4262 pervenit,
2327 4203 2379 4247 et
2422 4193 2487 4247 ad
2531 4193 2827 4263 perlectum
2864 4195 3064 4248 bonum
3094 4199 3342 4260 accessit,

1787 4287 1877 4356 qui
1906 4287 2073 4341 multa
2104 4285 2254 4339 initia
2280 4294 2333 4339 et
2359 4287 2560 4340 multos
2587 4286 2718 4340 lines
2749 4287 2952 4357 posuit.
2984 4287 3113 4342 Nam
3151 4291 3347 4358 primis

1785 4377 2059 4447 prolectus
2093 4377 2528 4446 circumscriptio
2574 4377 2788 4432 initium
2829 4389 2907 4433 est
2938 4381 3344 4450 subsequentis,

1782 4469 1937 4538 juxta
1964 4468 2089 4522 illud
2119 4485 2130 4518 :
2159 4466 2290 4521 Cum
2309 4479 2701 4522 consummatur
2719 4471 2892 4538 homo,
2921 4482 3043 4525 tunc
3078 4476 3260 4541 incipit
3279 4477 3343 4532 ⁶³.

1783 4649 1799 4716 |
1855 4648 1942 4701 97.
1984 4648 2254 4711 Quomodo
2289 4649 2450 4701 dilexi
2491 4650 2650 4717 legem
2699 4658 2876 4714 tuam,
2925 4648 3188 4708 Domine?
3237 4665 3346 4708 tota

1785 4741 1868 4793 die
1892 4739 2164 4793 meditatio
2213 4756 2327 4793 mea
2371 4749 2466 4795 est.
2496 4739 2598 4805 Qui
2640 4741 2821 4795 omnia
2851 4745 3148 4798 secundum
3176 4747 3345 4816 legem

1785 4827 1916 4882 dicit
1945 4838 1997 4882 et
2027 4827 2253 4897 perlicit,
2293 4831 2338 4883 is
2383 4828 2674 4884 meditatur
2711 4831 2880 4901 legem
2912 4831 3026 4888 Dei.
3078 4834 3133 4887 In
3173 4837 3346 4904 primo

1786 4929 1963 4972 autem
2005 4919 2237 4989 psalmo,
2274 4920 2339 4973 ad
2373 4920 2772 4978 meditationem
2817 4925 2924 4979 diei
2967 4935 3176 4980 noctem
3211 4929 3347 4999 adji-

1787 5011 1880 5076 cit,
1910 5011 1976 5066 iis
2016 5011 2111 5082 qui
2152 5013 2296 5067 beati
2349 5011 2517 5069 futuri
2557 5025 2702 5071 sunt.
2726 5016 3049 5073 Dicebamus
3075 5021 3220 5075 enim
3260 5023 3346 5077 hic

1787 5103 2101 5172 permistam
2128 5119 2250 5160 esse
2274 5104 2556 5161 hominum
2592 5108 2782 5163 vitam.
2813 5108 3178 5175 Quamobrem
3203 5129 3346 5168 nunc

1791 5195 2052 5252 habemus
2089 5197 2227 5252 diem
2263 5211 2326 5252 ac
2358 5209 2608 5265 noctem;
2650 5210 2931 5270 postquam
2964 5211 3142 5257 autem
3173 5206 3342 5258 sancti

1789 5287 2079 5354 evasimus,
2113 5290 2258 5344 nulla
2289 5293 2639 5362 subsequitur
2669 5309 2798 5348 nox.
2818 5292 2922 5360 Qui
2946 5295 3108 5366 igitur
3136 5297 3345 5364 prolicit

1790 5379 1931 5433 diem
1966 5381 2078 5450 agit
2106 5381 2232 5434 dum
2260 5369 2556 5438 secundum
2595 5385 2762 5456 legem
2797 5387 2966 5441 vivit:
2996 5397 3206 5441 noctem
3244 5403 3345 5442 au-

1792 5479 1919 5536 tem,
1947 5487 2071 5525 cum
2105 5487 2212 5527 non
2245 5474 2532 5530 meditatur
2558 5491 2678 5530 eam
2709 5493 2773 5532 ex
2811 5487 2919 5532 toto
2949 5478 3221 5532 corde.....
3246 5479 3344 5533 llic

1791 5562 1964 5631 deﬁcit
1989 5572 2175 5617 textus.

1865 5651 1981 5706 IOI.
2016 5653 2091 5706 Ab
2122 5657 2262 5710 omni
2306 5658 2388 5710 via
2419 5657 2557 5712 mala
2587 5659 2826 5727 prohibui
2864 5660 3011 5730 pedes
3046 5677 3203 5716 nicas.
3232 5658 3344 5713 Hoc
