4076 6308
750 409 850 464 499
1586 402 1644 458 S.
1687 398 2057 456 ATHANASH
2097 395 2244 451 UPP.
2289 392 2465 448 PARS
2505 393 2595 449 111.
2636 420 2705 432 -—-
2743 390 3158 448 EXEGETICA.
3872 387 3956 441 500

750 534 833 581 est
877 526 1020 579 enim
1059 522 1330 578 custodire
1369 520 1606 575 divinam
1663 521 1857 590 legem,
1898 516 2151 586 operibus
2195 527 2315 568 eam

2443 526 2552 562 ιου.
2603 507 2770 561 Τοῦτο
2793 509 2899 578 γάρ
2929 512 3042 561 ἐστι
3081 509 3142 560 τὸ
3173 505 3398 574 φυλάξαι
3424 506 3514 557 τὸν
3555 505 3692 558 θεῖον
3722 504 3958 576 νόμον,τὺ

758 618 996 687 implere.

2448 618 2595 672 ργοις
2627 602 2787 654 αὐτὸν
2813 600 3218 672 ἀποπληρῶσαι.

825 710 944 765 102.
980 714 1018 763 Α
1045 709 1262 778 judiciis
1313 709 1415 760 tuis
1464 723 1564 760 non
1606 705 1882 759 declinavi.
1939 703 2160 770 Semper
2206 715 2318 753 mc-

757 803 892 857 miui
927 802 1091 856 divini
1121 801 1426 855 tribunalis.

826 897 947 952 105.
989 897 1160 960 Quam
1189 896 1369 946 dulcia
1405 891 1645 961 faucibus
1689 891 1814 942 meis
1839 889 2045 958 eloqma
2074 886 2200 938 tua!
2231 901 2318 938 su-

764 1007 857 1058 per
890 990 1094 1042 metari
1125 1005 1256 1040 meo.
1319 986 1502 1039 Dulcia
1559 986 1628 1038 ob
1675 983 2050 1037 rationabilem
2103 982 2153 1032 in
2213 980 2321 1032 illis

777 1084 1008 1150 positam
1068 1082 1395 1149 voluptatem
1440 1100 1448 1131 :
1501 1079 1610 1130 imo
1652 1092 1804 1137 super
1851 1076 1970 1135 mel,
2035 1091 2126 1142 per
2174 1073 2316 1140 quod

758 1175 942 1227 omnia
975 1174 1149 1226 dulcia
1174 1173 1314 1239 apud
1351 1172 1594 1223 homines
1618 1169 2009 1236 signiﬁcantur.

830 1265 952 1316 105.
988 1263 1221 1314 Lucerna
1273 1263 1486 1327 pedibus
1535 1260 1660 1312 meis
1713 1258 1919 1310 verbum
1965 1266 2132 1306 tuum.
2189 1251 2322 1306 Nam

762 1357 855 1424 qui
891 1355 942 1407 in
973 1357 1175 1407 lumine
1202 1354 1397 1406 divina:
1432 1354 1562 1419 legis
1595 1352 1856 1413 ambulat,
1891 1358 2097 1402 rectum
2149 1357 2201 1399 et
2238 1347 2324 1397 in-

763 1445 1028 1502 oﬂensum
1056 1462 1279 1499 cursum
1309 1447 1426 1498 vitae
1455 1444 1692 1497 coniicit.

839 1537 958 1590 112,
983 1535 1307 1588 Huntiliatus
1338 1551 1454 1588 sum
1486 1551 1870 1602 usquequaque.
1929 1535 2036 1585 Aut
2067 1532 2323 1600 spiritua-

771 1630 904 1686 lium
938 1628 1281 1681 initnicorum
1330 1626 1744 1694 irruptionibus,
1797 1635 1890 1678 aut
1940 1621 2329 1677 macerationi-

764 1720 869 1773 bus
889 1735 954 1772 cx
984 1720 1202 1787 propria
1238 1720 1515 1770 voluntate
1539 1717 1828 1783 susceptis.

837 1813 959 1866 115.
998 1810 1213 1880 luit/uos
1248 1813 1366 1862 odio
1427 1811 1608 1872 habui,
1637 1820 1685 1863 et
1723 1810 1883 1877 legent
1938 1819 2079 1862 tuam
2141 1808 2324 1861 dilexi.

768 1906 1051 1973 Sapientes
1119 1904 1280 1972 hujus
1311 1903 1494 1957 δευουιί
1525 1903 1600 1955 ait
1637 1912 1690 1955 et
1740 1901 2120 1956 haereticorum
2172 1900 2325 1969 prin-

767 2000 940 2052 ciues.

839 2091 960 2144 115.
1003 2089 1268 2142 Declinate
1292 2105 1322 2139 a
1359 2104 1456 2149 me,
1486 2086 1724 2154 maligni.
1776 2086 1882 2137 Aut
1906 2085 2078 2138 malas
2119 2086 2325 2154 cogita-

771 2183 949 2236 tiones
995 2183 1089 2244 ait,
1123 2191 1214 2233 aut
1240 2180 1526 2248 praedictos
1559 2177 1872 2245 magistros.

841 2362 962 2415 117.
1024 2362 1228 2428 Adjuva
1272 2377 1346 2412 me
1383 2371 1428 2412 et
1476 2362 1649 2415 salvus
1692 2377 1799 2414 ero.
1856 2359 2102 2421 Etiamsi,
2137 2359 2330 2427 inquit,

770 2453 986 2522 adiutor
1008 2470 1160 2507 meus
1194 2463 1248 2506 et
1285 2466 1573 2522 susceptor
1598 2468 1755 2506 meus
1787 2468 1846 2506 es
1893 2463 1971 2515 tu,
2015 2462 2069 2504 at
2135 2451 2334 2505 indesi—

770 2547 918 2600 nenti
966 2545 1170 2598 auxilio
1200 2556 1285 2599 est
1311 2561 1470 2613 Opus.
1525 2544 1739 2609 Quanto
1769 2547 1910 2599 enim
1974 2555 2214 2612 tempore
2246 2544 2331 2597 hic

771 2653 985 2701 sumus,
1021 2636 1261 2689 nondum
1309 2637 1609 2704 perfectum
1646 2648 1727 2691 est
1785 2637 1938 2703 illud,
1993 2638 2170 2690 salvus
2221 2654 2330 2691 ero.

772 2727 880 2780 Sed
917 2727 1003 2780 ubi
1033 2743 1153 2780 cum
1185 2729 1391 2797 angelis
1437 2729 1527 2781 Dei
1576 2731 1840 2791 vivemus.
1883 2739 2012 2783 tunc
2056 2729 2335 2782 meditatio

768 2818 1218 2888 justificationum
1248 2821 1350 2873 erit
1373 2819 1510 2874 facie
1536 2821 1602 2873 ad
1640 2819 1860 2884 facient,
1885 2836 1991 2871 non
2026 2821 2079 2872 in
2117 2821 2330 2882 umbra,

775 2912 868 2964 sed
903 2912 959 2963 in
993 2912 1235 2964 veritate.

847 3004 969 3057 118.
998 3004 1251 3070 Sprevisti
1296 3019 1470 3056 omnes
1512 3003 1829 3056 discedentes
1881 3021 1912 3056 a
1951 3005 2171 3073 judiciis
2210 3008 2334 3059 tuis.

779 3095 876 3150 Hic
906 3095 1030 3149 linis
1054 3104 1329 3164 exspectat
1353 3110 1447 3148 eos
1473 3094 1564 3163 qui
1599 3095 1690 3149 Dei
1721 3095 1889 3163 legem
1924 3107 2300 3150 contemnunt.

852 3271 972 3326 119.
1003 3270 1415 3325 Prwvaricantes
1445 3273 1678 3340 reputari
1703 3287 1879 3324 omnes
1905 3283 2199 3339 peccatores
2229 3283 2334 3325 ter-

783 3379 888 3428 rae;
915 3364 1031 3417 ideo
1061 3364 1225 3416 dilexi
1254 3365 1551 3416 testimonia
1584 3373 1695 3415 tua.
1757 3362 2203 3430 (Prazvaricantes
2232 3367 2340 3420 sci-

786 3456 930 3517 |icet)
966 3455 1097 3523 quia
1145 3455 1384 3507 divinam
1426 3456 1599 3523 legem
1631 3455 1952 3509 concu'lcare
2000 3458 2217 3511 vellent.

847 3544 976 3598 120.
1012 3543 1223 3613 Conﬁge
1257 3546 1540 3598 timoretuo
1561 3561 1742 3598 carnes
1764 3562 1923 3599 meas.
1951 3544 2106 3612 Illud,
2126 3549 2339 3617 conﬁge,

787 3636 1017 3706 positum
1047 3652 1164 3705 pro,
1214 3638 1439 3691 obdura.
1471 3636 1687 3690 Obdura
1721 3639 1905 3706 igitur,
1933 3638 2126 3706 inquit,
2155 3641 2221 3692 ad
2253 3656 2342 3694 ca-

785 3727 1020 3782 stitatem
1047 3744 1236 3782 carnes
1273 3744 1442 3782 meas.
1476 3728 1603 3795 lloc,
1621 3729 1764 3780 enim
1794 3729 2132 3783 solummodo
2166 3730 2344 3786 dicere

787 3820 1006 3873 Christo
1032 3828 1246 3887 potero:
1279 3819 1325 3849 "‘
1361 3818 1610 3886 Conﬁxur
1639 3835 1750 3871 sum
1775 3822 1936 3872 cruci.
1972 3852 2034 3861 —
2067 3820 2344 3891 Ajudiciis

787 3910 921 3962 enim
957 3911 1058 3961 tuis
1095 3910 1265 3962 timui.
1305 3908 1551 3961 Divinam
1581 3910 1790 3965 scilicet
1818 3912 1986 3980 legem
2030 3913 2203 3965 timui.
2226 3913 2341 3967 Non

789 4002 934 4054 enim
990 4010 1267 4068 peccatum
1299 4001 1420 4070 quis
1455 4002 1710 4064 admittit,
1750 4003 1856 4056 nisi
1883 4018 2005 4058 sese
2036 4015 2160 4058 ante
2189 4013 2342 4059 extra

796 4093 887 4148 Dei
924 4095 1169 4153 timorem
1197 4094 1564 4148 collocaverit.

863 4185 986 4239 123.
1029 4184 1180 4238 Oculi
1210 4187 1308 4236 mei
1341 4186 1638 4252 defecerunt
1695 4187 1748 4238 in
1812 4187 2045 4240 salutare
2090 4196 2256 4241 tuum.
2289 4188 2344 4241 In

793 4278 1035 4330 divinum
1077 4276 1388 4341 adventum,
1429 4277 1624 4344 inquit,
1653 4293 1773 4343 -quo
1805 4279 2054 4347 Sperabat
2083 4287 2136 4331 et
2175 4297 2233 4333 se
2282 4291 2336 4336 et

797 4379 964 4424 totum
1024 4371 1319 4422 humanum
1369 4384 1539 4438 genus
1614 4370 1840 4423 salutem
1904 4381 2344 4426 consecuturum.

799 4462 865 4515 Et
893 4463 950 4514 in
980 4460 1483 4531 eloquiumjustitia:
1516 4470 1639 4515 tuas.
1669 4460 1893 4515 Etiamsi
1921 4464 2139 4530 quidam
2166 4464 2348 4533 inique

2503 695 2643 746 Ἀπὸ
2672 693 2788 746 τῶν
2811 693 3104 762 χριμάτων
3130 706 3245 746 σου
3279 693 3390 745 οὐκ
3419 690 3714 754 ἐξέκλινα.
3754 691 3961 742 Διαπιιν-

2423 786 2508 848 τὸς
2529 787 2851 860 ὲμεμνῄμην
2878 784 2969 838 τοῦ
3005 784 3144 836 θείου
3170 781 3542 854 δικαστηρίου.

2504 883 2600 946 Ὠς
2625 873 2850 950 γλυκέα
2874 878 2954 943 τῷ
2974 877 3226 947 λάρυγγί
3249 893 3366 945 μου
3395 876 3465 930 τὰ
3490 874 3662 944 λόγιά
3687 874 3841 928 σου]
3866 875 3962 925 Γλυ-

2423 976 2522 1028 κὲα
2555 974 2642 1027 διὰ
2689 975 2786 1044 τὴν
2838 973 2922 1024 ἐπ’
2956 972 3136 1032 αὐτοῖς
3169 969 3390 1037 λογικὴν
3435 967 3649 1038 τέρψιν·
3686 967 3801 1019 ἀλλ’
3838 966 3965 1030 ὑπὲρ

2419 1067 2557 1138 μέλι
2587 1111 2600 1133 ,
2659 1067 2767 1119 τῶν
2803 1065 2928 1135 παρ’
2954 1061 3258 1132 ἀνθρώποις
3293 1060 3509 1113 πάντων
3529 1058 3694 1129 ἡδέων
3729 1057 3797 1109 δι’
3827 1055 3964 1110 αὑτοῦ

2427 1161 2587 1230 δηλον
2597 1158 2790 1228 μένων.

2498 1253 2534 1299 Α
2550 1248 2731 1313 ὐχνος
2762 1243 2884 1308 τοῖς
2912 1243 3055 1294 ποσί
3078 1260 3196 1309 μου
3223 1245 3253 1294 ό
3284 1243 3463 1308 νόμος
3491 1257 3626 1292 σου.
3680 1241 3740 1291 'U
3776 1239 3876 1310 γὰρ
3906 1239 3967 1305 τῷ

2428 1341 2565 1407 φωτὶ
2589 1337 2681 1389 τοῦ
2716 1337 2864 1390 θείου
2889 1335 3052 1403 νόμου
3083 1334 3392 1402 περιπατῶν
3420 1332 3580 1402 ὀρθὴν
3608 1333 3694 1385 καὶ
3716 1331 3968 1397 ἀπρόσκο-

2427 1448 2527 1482 πον
2553 1431 2650 1499 τὴν
2676 1428 2897 1498 πορείαν
2924 1428 3159 1477 ποιεῖται
3179 1423 3272 1474 τοῦ
3307 1422 3440 1492 βίον.

2511 1519 2934 1585 Ἐταπεινώθην
2960 1517 3068 1580 ἕως
3094 1515 3345 1584 σφόδρα.
3400 1514 3468 1565 Ἦ
3494 1515 3610 1574 ταῖς
3642 1511 3749 1562 τῶν
3787 1511 3968 1580 νοητῶν

2430 1615 2638 1684 ἐχθρῶν
2669 1611 2974 1664 ἐπιθέσεσιν
2994 1651 3008 1675 ,
3036 1609 3069 1680 ἢ
3113 1611 3230 1670 ταῖς
3275 1607 3378 1676 ἰδίᾳ⁴
3402 1606 3494 1658 καὶ
3537 1607 3599 1656 ὲκ
3627 1604 3972 1665 ποοαιοέσεως

2429 1704 2742 1775 γινομέναις
2790 1698 3248 1770 σκληραγωγίαις.

2501 1797 2891 1864 Παρανόμους
2910 1791 3192 1859 ἐμίσησα,
3221 1787 3327 1842 τὸν
3346 1786 3413 1839 δὲ
3433 1787 3615 1854 νόμον
3634 1801 3749 1837 σου
3775 1783 3976 1848 ἠγάπη-

2436 1906 2537 1944 σα.
2597 1889 2736 1948 Τοὺς
2763 1886 2956 1954 σοφοὺς
2988 1882 3080 1936 τοῦ
3127 1880 3317 1942 αξῶνός
3351 1895 3480 1948 φησι
3510 1876 3600 1929 καὶ
3628 1877 3752 1937 τοὺς
3782 1875 3882 1927 τῶν
3907 1877 3976 1926 αἱ·

2439 1978 2712 2049 ρεσιωτῶν
2741 1977 3025 2047 ἄρχοντας.

2520 2071 2860 2122 Ἐκκλίνατε
2894 2067 2993 2119 ἀπ’
3019 2065 3162 2132 ἐμοῦ
3189 2104 3202 2125 ,
3233 2061 3711 2128 πονηρευόμενοι.
3779 2059 3848 2110 Ἣ
3875 2059 3978 2119 me;

2429 2164 2709 2232 πονηροὺς
2758 2156 3048 2226 λογισμούς
3097 2172 3292 2223 σῇσιν,
3343 2153 3373 2221 ἦ
3413 2152 3537 2214 τοὺς
3581 2148 3980 2220 προειρημένους

2440 2253 2813 2317 διδασκάλους.

2512 2345 2825 2410 Βοὴθησόγ·
2843 2359 2964 2409 μοι,
2990 2339 3087 2391 καὶ
3107 2336 3471 2402 σωθήσομαι.
3498 2335 3560 2386 Et
3589 2333 3693 2403 γὰρ
3727 2334 3849 2397 καὶ,
3875 2331 3982 2400 ἔφη,

2443 2438 2631 2508 βοηθός
2665 2453 2764 2505 μου
2801 2434 2895 2486 καὶ
2948 2430 3292 2500 ἀντιλήπτωρ
3325 2444 3421 2496 μου
3455 2420 3504 2477 εἴ
3537 2427 3598 2477 σὺ
3620 2465 3632 2486 ,
3662 2425 3797 2476 ἀλλὰ
3838 2425 3982 2476 δεῖται

2443 2529 2689 2600 βοηθείας
2733 2524 3091 2578 ἀδιαλείπτου.
3152 2521 3238 2572 Ἐν
3267 2520 3375 2587 ὅσῳ
3426 2518 3530 2587 γάρ
3563 2518 3725 2586 ἐσμεν
3753 2515 3981 2576 ἐνταῦθα,

2440 2623 2592 2676 οῦπω
2623 2621 2826 2673 τέλειον
2855 2619 2914 2670 τὸ
2939 2656 2952 2679 ,
2981 2613 3328 2680 σωθήσομαι
3347 2627 3361 2640 ⁸
3421 2608 3533 2661 ἀλλ’
3566 2609 3686 2661 ὅταν
3720 2607 3856 2679 μετὰ
3894 2608 3983 2659 τῶν

2443 2713 2687 2781 ἀγγέλων
2717 2713 2970 2779 ζήσωμεν
2995 2705 3087 2759 τοῦ
3114 2704 3269 2765 Θεοῦ,
3303 2704 3422 2755 τότε
3458 2701 3564 2772 γὰρ
3596 2702 3685 2753 καὶ
3711 2700 3902 2770 μελέτη
3927 2698 3984 2749 δι·

2444 2807 2772 2878 καιωμὰτων
2802 2804 3089 2874 πρόσωπον
3124 2797 3261 2867 πρὸς
3295 2795 3578 2864 πρόσωπον
3598 2833 3612 2858 ,
3655 2792 3714 2843 οὐ
3746 2791 3880 2844 κατὰ
3904 2789 3984 2840 sitv

2446 2901 2625 2960 σκιὰν,
2658 2899 2792 2951 ἀλλὰ
2823 2895 2962 2949 κατὰ
2990 2894 3089 2963 τὴν
3115 2888 3390 2959 ἀλήθειαν.

2527 2995 2588 3046 Ἐ
2595 2989 2971 3055 ξουδένωσιις
2989 2985 3218 3047 πάντας
3235 2981 3375 3045 τοὺς
3394 2976 3875 3039 ἁποστατοῦγτας
3887 2972 3983 3025 ἀπὸ

2445 3083 2560 3136 τῶν
2613 3077 3015 3146 δικαιωμάτων
3066 3091 3198 3126 σου.
3273 3071 3442 3124 Τοῦτο
3473 3070 3581 3139 γὰρ
3621 3067 3898 3137 περιμένει
3936 3061 3984 3114 τὸ

2446 3176 2592 3237 τέλος
2617 3173 2742 3234 τοὺς
2769 3171 2858 3222 τὸν
2888 3168 3046 3237 νόμον
3081 3165 3402 3226 ἁθετοῦντας
3434 3163 3527 3215 τοῦ
3564 3161 3715 3214 Θεοῦ.

2518 3266 2993 3334 Παραϐαί-νοντας
3024 3257 3392 3326 ἐλογισάμην
3413 3255 3641 3319 πάντας
3671 3252 3810 3319 τοὺς
3835 3252 3986 3320 ἀμαρ-

2447 3359 2669 3423 τωλοὺς
2702 3356 2810 3424 τῆς
2832 3353 2939 3424 γῆς
2957 3370 2969 3382 ·
2996 3351 3089 3404 διὰ
3127 3351 3298 3404 τοῦτο
3331 3347 3613 3418 ἠγάπησα
3641 3347 3708 3398 τὰ
3724 3341 3988 3414 μαρτύριά

2448 3465 2581 3503 σου.
2616 3449 2688 3501 Τὸ
2721 3447 2961 3515 πατῆσαι
2994 3442 3272 3513 βούλεσθαι
3299 3442 3389 3492 τὸν
3416 3439 3556 3491 θεῖον
3581 3439 3762 3506 νόμον.

2521 3534 2886 3599 Καθήλωσον
2909 3533 2976 3583 ἐκ
3000 3530 3104 3583 τοῦ
3133 3530 3320 3598 φόϐου
3351 3543 3466 3580 σου
3491 3527 3596 3591 τὰς
3622 3525 3850 3592 σάρκας
3867 3540 3983 3591 μου.

2452 3627 2542 3687 Τὸ,
2570 3622 2945 3688 καθήλωσον,
2974 3621 3092 3674 ἀντὶ
3107 3619 3223 3683 τοῦ,
3258 3618 3445 3687 πῆξον.
3477 3617 3650 3686 Πῆξον
3675 3612 3767 3668 οὖν
3789 3657 3801 3679 ,
3827 3615 3984 3683 φησὶν.

2451 3721 2528 3779 είς
2558 3715 2776 3784 ἁγνείαν
2800 3715 2896 3778 τὰς
2920 3714 3126 3785 σάρκας
3160 3728 3279 3782 μου.
3313 3709 3496 3770 Οῦτως
3526 3709 3633 3777 γὰρ
3666 3708 3836 3777 μόνως
3854 3708 3988 3772 δυνη-

2451 3811 2591 3861 θεῖεν
2626 3811 2794 3860 εἱπεῖν
2815 3806 3031 3877 Χριστῷ
3050 3823 3061 3835 ·
3090 3804 3580 3870 Συνεσταύρωσιίαί
3597 3817 3609 3830 ’
3640 3799 3755 3853 ἀπὸ
3771 3799 3872 3867 Τὰρ
3893 3796 3990 3850 τῶν

2454 3898 2743 3968 χριμάτων
2768 3915 2881 3951 σου
2907 3895 3227 3965 ἐφοϐήθην.
3263 3894 3364 3946 Τὸν
3394 3893 3531 3944 θεῖον
3564 3891 3803 3960 δηλονότι
3827 3904 3985 3958 νομον.

2453 3993 2526 4043 Οὐ
2566 3990 2672 4060 γὰρ
2700 3990 2870 4052 ἄλλως
2917 4005 2998 4049 τις
3033 3987 3267 4038 ἐπιτελεῖ
3289 3985 3383 4054 τὴν
3419 3983 3690 4052 ἁμαρτίαν
3712 4021 3726 4043 ,
3787 3981 3858 4051 μὴ
3903 3981 3988 4044 ἔξω

2454 4083 2642 4136 ἑαυτὸν
2678 4081 2936 4151 πρότερον
2965 4078 3307 4147 καταστήσας
3327 4074 3418 4127 τοῦ
3447 4075 3608 4144 φόϐου
3638 4073 3729 4126 τοῦ
3753 4071 3902 4125 Θεοῦ.

2526 4177 2588 4226 Ol
2611 4172 2900 4241 ὀφθαλμοί
2920 4188 3036 4239 μου
3065 4169 3344 4234 ἐξέλιπον
3362 4170 3448 4232 είς
3477 4168 3541 4219 τὸ
3564 4165 3853 4233 σωτήριόν
3870 4178 3984 4216 σου.

2457 4269 2547 4327 Εἰς
2570 4265 2667 4335 τὴν
2695 4263 2843 4315 θείαν
2878 4263 3214 4330 ἐπιφάνειαν,
3247 4261 3399 4329 φησὶ,
3423 4259 3486 4310 δι’
3521 4253 3586 4326 ἧς
3614 4257 3806 4326 ἤλπιζε
3837 4253 3986 4321 σωθὴ-

2457 4356 2642 4408 σεσθαι
2674 4357 2764 4408 καὶ
2801 4355 2958 4416 αὐτὸς
2987 4355 3080 4405 καὶ
3111 4353 3253 4405 ἅπαν
3282 4351 3389 4403 τῶν
3427 4348 3723 4420 ἀνθρώπιον
3750 4349 3809 4400 τὸ
3831 4346 3982 4414 γένος.

2454 4451 2560 4504 Καὶ
2593 4453 2678 4515 εὶς
2709 4449 2770 4501 τό
2797 4450 3000 4516 λόγιον·
3036 4447 3141 4515 τῆς
3187 4447 3575 4513 δικαιοσύνης
3620 4460 3754 4497 σου.
3810 4443 3869 4494 El
3912 4436 3987 4490 καὶ

797 4564 1038 4623 agentes,
1064 4570 1241 4623 neque
1269 4556 1517 4608 timorem
1544 4563 1697 4608 tuum
1745 4564 1871 4608 ante
1928 4557 2116 4611 oculos
2147 4558 2340 4610 haben”-

2456 4540 2888 4612 παρανομοῦντες
2916 4557 3054 4603 τινες
3074 4580 3086 4602 ,
3123 4540 3212 4592 καὶ
3243 4539 3330 4591 τὸν
3354 4539 3443 4590 σὺν
3467 4537 3570 4607 πρὸ
3591 4532 3876 4602 ὀφθαλμῶν
3904 4531 3986 4582 οὐκ

798 4661 899 4712 tes,
925 4646 1092 4714 legem
1121 4656 1265 4698 tuam
1285 4647 1350 4700 de
1376 4645 1556 4700 medio
1583 4649 1940 4711 sustulerint;
1973 4661 2028 4703 at
2049 4667 2149 4720 ego
2200 4653 2349 4705 omni

800 4750 1040 4807 tempore
1077 4738 1216 4792 hanc
1240 4754 1401 4793 unam
1457 4723 1628 4809 legem
1681 4742 2039 4811 exsequebar,
2096 4744 2240 4813 quod
2292 4744 2348 4797 in

801 4830 1146 4885 meditatione
1173 4839 1431 4900 perpetuo
1466 4846 1729 4888 versarer.

869 4921 994 4976 125.
1025 4921 1213 4976 Servus
1253 4932 1374 4975 tuus
1405 4939 1522 4976 sum
1545 4937 1656 4991 ego,
1683 4923 1750 4976 da
1776 4924 1906 4977 mihi
1928 4925 2270 4990 intellectum,
2304 4937 2352 4981 et

799 5017 963 5070 sciam
997 5016 1294 5068 testimonia
1355 5024 1464 5068 tua.
1533 5014 1635 5080 Qui
1669 5017 1976 5072 nullatenus
2032 5034 2222 5074 servus
2272 5028 2355 5074 est

801 5108 1028 5173 peccati,
1055 5107 1231 5162 dicat:
1263 5105 1452 5162 Servus
1505 5118 1625 5160 tuus
1653 5124 1768 5160 sum
1795 5126 1906 5178 ego.
1932 5109 2230 5165 Mercedem
2258 5128 2355 5165 an-

803 5209 907 5250 tem
933 5199 1229 5262 servitutis,
1256 5199 1661 5269 intelligentiam
1712 5217 1906 5270 ncmpe
1940 5204 2197 5270 postulat,
2230 5221 2352 5275 quae

802 5289 962 5342 datur
989 5305 1018 5343 a
1046 5287 1154 5344 Deo
1181 5330 1196 5353 ,
1232 5301 1286 5345 et
1308 5293 1456 5360 apud
1481 5307 1604 5346 eum
1631 5295 1785 5362 quasi
1830 5295 1886 5348 in
1923 5294 2164 5350 thesauri
2195 5298 2350 5351 theca

804 5381 1132 5434 reconditur.
1164 5381 1296 5436 Nam
1324 5383 1555 5452 Spiritus
1582 5385 1860 5454 sapientiae
1882 5394 1935 5441 et
1963 5387 2268 5443 intellectus
2291 5399 2345 5443 et

807 5476 1014 5544 reliqua
1041 5486 1168 5531 sunt
1195 5479 1459 5533 bonorum
1493 5495 1739 5534 munera.
1771 5481 1915 5536 lnter
1956 5482 2102 5536 enim
2140 5484 2280 5538 hanc
2302 5491 2357 5537 et

804 5565 967 5620 aliam
1003 5570 1322 5637 sapientiam
1381 5571 1740 5629 diﬂercutiam
1795 5573 2153 5644 constituens,
2199 5574 2274 5633 ait
2301 5574 2356 5632 in

880 5828 926 5864 “
953 5829 1121 5886 Galat.
1160 5851 1215 5896 tt,
1263 5835 1322 5889 1η

2455 4635 2663 4704 ἔχοντες
2696 4630 2854 4702 φόϐον
2879 4673 2892 4697 ,
2922 4633 3013 4684 τόν
3048 4647 3139 4683 σου
3175 4633 3238 4683 ὲκ
3271 4632 3433 4700 μέσου
3464 4629 3781 4698 πεποίηνται
3812 4624 3982 4694 νόμον·

2453 4727 2564 4780 ἀλλ’
2593 4725 2702 4795 ἐγὼ
2732 4726 2823 4778 τὸν
2857 4726 3029 4778 πάντα
3070 4725 3256 4795 καιρὸν
3277 4725 3371 4776 ’ἐνα
3402 4722 3696 4792 ἐποιούμην
3718 4718 3914 4782 τοῦτον,
3941 4718 3986 4767 ἐν

2457 4819 2654 4891 μελέτῃ
2686 4818 2823 4887 ἔχων
2849 4816 3154 4879 διαπαντός.

2522 4907 2746 4972 Δοῦλος
2771 4920 2883 4960 σου
2907 4906 3043 4974 εἰμὶ,
3066 4903 3387 4959 συνέτισόν
3421 4919 3495 4972 με
3513 4941 3528 4965 ,
3574 4899 3671 4953 καὶ
3715 4897 3986 4967 γνώσομαι

2454 4998 2526 5050 τὰ
2571 4996 2860 5067 μαρτύριά
2909 5011 3044 5050 σου.
3131 4998 3187 5048 ’0
3222 4997 3294 5066 μὴ
3326 4993 3584 5053 δουλεύων
3617 4992 3736 5045 κατ’
3768 4989 3907 5042 οὐδὲν
3932 4986 3984 5054 τῇ

2457 5090 2696 5161 ἁμαρτίᾳ
2725 5089 2958 5156 λεγέτωο
3007 5088 3229 5152 Δοῦλος
3257 5103 3369 5140 σου
3398 5085 3512 5154 εἰμὶ
3543 5083 3673 5153 ἐγώ.
3727 5079 3919 5136 Μιτθὸν
3939 5076 3984 5129 δῖ

2455 5182 2693 5245 δουλείας
2717 5183 2815 5253 τὴν
2850 5180 3060 5233 σύνεσιν
3104 5180 3325 5232 ἀπαιτεί
3368 5176 3645 5247 διδομένην
3678 5172 3825 5244 παρὰ
3849 5167 3982 5256 Θεοῦ,

2457 5271 2550 5323 καὶ
2594 5272 2724 5340 παρ’
2780 5268 2924 5338 αὐτῷ
2979 5268 3233 5339 κειμένην
3265 5268 3340 5331 ὡς
3403 5269 3459 5319 ὲν
3508 5259 3982 5334 θησαυροφυλακίῳ.

2458 5361 2678 5432 Πνεῦμα
2724 5361 2829 5433 γὰρ
2863 5362 3051 5428 σοφίας
3099 5361 3191 5414 καὶ
3225 5361 3487 5422 συνέσεως
3534 5358 3625 5410 καὶ
3659 5354 3727 5408 τὰ
3755 5355 3874 5422 ἑξῆς
3898 5349 3985 5402 τῶν

2458 5451 2673 5520 ἀγαθῶν
2698 5451 2766 5504 τὰ
2793 5451 3119 5522 χαρίσματα.
3147 5450 3288 5522 Πρὸς
3311 5449 3499 5518 ἑτέραν
3520 5444 3626 5515 γὰρ
3655 5437 3982 5496 ἀντιδιαστέλ-

2457 5543 2583 5610 λων,
2615 5544 2671 5598 ὲν
2700 5541 2975 5615 Παροιμίᾳ
3001 5542 3158 5614 φησι·
3194 5541 3444 5606 Σύνεσις
3470 5536 3539 5592 δὲ
3577 5534 3768 5604 ἀγαθὴ
3805 5529 3982 5584 δίδωσι
