4094 6312
160 356 252 411 501

1207 361 1569 417 EXPOSlTlO
1611 361 1676 416 lN
1710 362 2040 419 PSALMUM
2082 363 2309 422 CXVIII.

3274 367 3379 424 502

160 475 348 545 χάριν.
383 477 443 530 Ei
466 479 572 551 γὰρ
597 480 741 531 πᾶσα
771 495 982 542 συνεσις
1010 480 1209 550 ἀγαθὴ,
1233 480 1331 532 οὐκ
1351 480 1416 533 ἂν
1447 480 1713 552 προσέθη-

1841 479 2104 534 ⁵ι·ον‹ει“1›ἰο
2133 482 2209 534 ’δε
2246 481 2599 549 Intelligentia
2624 490 2795 532 autem
2825 481 2957 532 bona
2999 481 3091 533 dat
3123 481 3374 550 gratiam.

160 585 253 622 κεν
281 569 480 640 ἀγαθή.

229 744 445 812 Καιρὸς
465 745 569 798 τοῦ
596 744 838 814 ποιῆσαι
860 744 940 812 τῷ
961 748 1172 816 Κυρίῳ,
1197 749 1595 805 διεσκέδασαν
1617 752 1724 806 τὸν

162 836 347 902 νόμον
375 851 508 888 σου.
561 835 698 902 Ἐγὼ
731 838 826 907 μὲν
859 839 1087 910 ἐποίησα
1119 843 1290 910 κρῖμα
1321 843 1412 895 καὶ
1452 842 1723 895 δικαιοσύ-

162 941 258 995 νην
277 943 292 955 ·
324 925 475 979 ἔσται
505 927 562 979 δέ
595 944 721 980 ποτε
750 930 844 982 καί
871 946 954 984 σοι
984 931 1170 1001 καιρὸς
1195 932 1272 1002 τῷ
1297 933 1413 1003 Θεῷ
1440 933 1530 986 τοῦ
1569 935 1725 1004 ποιῆ-

163 1031 252 1069 σαι
277 1017 520 1087 δηλονότι
547 1022 718 1089 κρῖμα
738 1023 832 1073 καὶ
855 1021 1198 1094 δικαιοσύνην
1222 1024 1361 1077 κατά
1390 1025 1496 1077 τῶν
1517 1025 1725 1078 διασκε-

159 1107 438 1162 δασάντων
467 1111 556 1162 τὸν
587 1111 748 1180 νόμον
772 1129 883 1166 σου.

226 1203 330 1255 Διὰ
361 1202 538 1255 τοῦτο
573 1203 858 1274 ἠγάπησα
885 1206 992 1271 τὰς
1029 1207 1280 1273 ἐντολάς
1316 1222 1434 1262 σου
1470 1207 1619 1275 ὑπὲρ
1660 1207 1724 1260 τὸ

161 1295 421 1362 χρυσίον
452 1295 547 1349 καὶ
587 1296 879 1356 τοπὰᾆον.
928 1297 1112 1352 Ταῦτα
1147 1299 1360 1371 συνᾴδει
1388 1301 1498 1370 τῷ·
1562 1303 1727 1370 Ἀγαο

161 1387 266 1439 θόν
291 1404 394 1455 μοι
425 1391 458 1441 ό
491 1390 673 1457 νόμος
719 1390 826 1443 τοῦ
873 1392 1167 1460 στόματός
1199 1408 1313 1446 σου
1349 1393 1500 1460 ὑπὲρ
1535 1392 1724 1460 χιλιά-

162 1476 269 1543 δας
293 1482 552 1548 χρυσίου
585 1483 678 1534 καὶ
727 1483 1008 1552 ἀργυρίου
1027 1502 1039 1514 ·
1077 1488 1170 1538 καὶ
1201 1484 1276 1554 τῷ
1299 1500 1312 1512 ·
1359 1484 1576 1539 Λάϐετε
1607 1501 1729 1538 παι-

163 1567 349 1633 δείαν,
377 1572 472 1624 καὶ
492 1570 578 1640 μὴ
608 1573 906 1642 ἀργύριον,
937 1574 1032 1627 καὶ
1060 1574 1283 1644 γνῶσιν
1300 1578 1450 1644 ὑπὲρ
1476 1577 1730 1644 χρυσίον

163 1658 687 1730 δεδοκιμασμένον.
739 1649 1048 1731 Κρείσσων
1071 1665 1179 1735 γὰρ
1209 1669 1394 1736 σοφία
1426 1669 1609 1721 λίθων
1635 1683 1732 1721 πο-

163 1749 434 1804 λυτελῶν
456 1769 470 1782 ο
519 1753 639 1807 πᾶν
659 1754 726 1807 δὲ
751 1756 944 1824 τίμιον
976 1760 1086 1810 οὐκ
1109 1758 1282 1823 ἄξιον
1305 1758 1492 1826 αὐτῆς
1539 1761 1723 1814 ἐστιν.

1821 571 1952 626 Nam
1981 573 2025 627 si
2058 574 2236 627 omnis
2265 572 2613 641 intelligentia
2666 573 2806 626 bona
2837 582 2998 637 esset,
3036 588 3376 641 nequaquam

1822 664 2088 734 posuisset
2135 665 2298 719 bona.

1894 757 2012 809 126.
2051 755 2270 824 Tempus
2294 754 2520 822 faciendi
2549 753 2792 817 Domino,
2815 754 3376 823 dissipareruntlcgem

1824 851 1988 895 tuam.
2014 842 2126 911 Ego
2161 843 2374 912 quidem
2419 841 2518 896 feci
2540 842 2800 910 judicium
2862 852 2912 896 et
2938 843 3240 912 justitiam:
3278 844 3379 896 erit

1823 944 2002 988 autem
2033 935 2126 988 tibi
2163 950 2378 1004 quoque
2405 933 2514 986 Deo
2537 942 2751 1001 tempus
2781 932 3008 988 faciendi
3036 933 3300 1002 judicium
3333 944 3384 987 et

1818 1026 2107 1096 justitiam,
2141 1035 2328 1079 contra
2352 1040 2446 1078 eos
2474 1023 2566 1093 qui
2593 1022 2990 1091 dissiparet-unt
3023 1025 3190 1092 legem
3215 1035 3381 1078 tuam.

1899 1211 2018 1263 127.
2053 1209 2178 1263 Ideo
2205 1211 2369 1262 dilexi
2403 1210 2760 1262 ntandatatua
2801 1227 2953 1275 super
2992 1226 3180 1262 aurum
3225 1220 3271 1261 et
3309 1219 3386 1260 to-

1823 1304 2030 1371 pazion.
2068 1299 2189 1354 "me
2223 1302 2513 1354 coneinunt
2553 1299 2626 1353 illi
2659 1288 2801 1354 dicto
2847 1319 2857 1352 :
2904 1300 3106 1353 Bonum
3143 1300 3267 1353 mihi
3306 1299 3390 1351 les

1826 1396 1930 1446 oris
1975 1393 2050 1446 tui
2080 1409 2232 1461 super
2265 1391 2429 1444 millia
2448 1392 2565 1443 auri
2587 1401 2635 1444 et
2671 1394 2870 1461 argenti
2903 1393 2946 1423 °°
2970 1409 2983 1445 :
3011 1401 3063 1446 et
3088 1392 3253 1446 huic:
3287 1392 3388 1444 Ac-

1826 1486 1979 1552 cipite
2008 1483 2350 1536 eruditionem
2375 1493 2419 1535 et
2446 1498 2546 1534 non
2587 1494 2883 1551 argentum.
2941 1495 2988 1536 et
3046 1483 3387 1553 cognitionem

1827 1593 2173 1645 snperaurnm
2198 1573 2638 1644 probatum.Nam
2658 1576 2925 1629 meliorest
2951 1576 3210 1642 sapientia
3226 1574 3388 1628 variis

1828 1671 2120 1739 lapidibus:
2153 1679 2199 1722 et
2225 1683 2371 1721 omne
2388 1668 2670 1736 pretiosum
2690 1682 2789 1720 non
2812 1674 2885 1720 est
2911 1666 3006 1718 illa
3025 1667 3240 1735 dignum
3263 1665 3329 1719 ".

228 1842 334 1895 Διὰ
359 1842 535 1897 τοῦτο
573 1846 720 1913 πρὸς
748 1847 948 1914 πάσας
967 1849 1072 1914 τὰς
1097 1850 1346 1915 ἐντολάς
1367 1867 1483 1905 σου
1514 1868 1729 1918 κατωρ-

1901 1846 2020 1902 1‘28.
2053 1845 2334 1913 Propterea
2367 1845 2435 1897 ad
2467 1845 2646 1896 omnia
2694 1844 3054 1896 mandatatua
3105 1843 3386 1912 dirigebar.

164 1934 413 2002 θούμην.
449 1937 550 1990 Διὰ
569 1938 765 2002 τοῦτο,
802 1943 980 2004 ποῖον,
1029 1941 1062 2012 ἦ
1101 1942 1162 1994 τὸ
1191 1943 1417 2014 μελέτην
1446 1945 1587 2013 ἔχειν
1613 1944 1727 1997 δια-

165 2027 364 2089 παντὸς
394 2026 490 2080 τοῦ
530 2030 690 2099 νόμου
716 2050 729 2096 ;

232 2119 341 2170 Καὶ
370 2121 638 2174 συνετιεῖ
651 2122 853 2189 νήπια.
880 2125 1064 2196 Νήπια
1085 2129 1294 2198 νοήσεις
1317 2129 1440 2190 τοὺς
1465 2129 1520 2180 ἐν
1542 2129 1732 2200 ἀγνοίᾳ.

167 2213 562 2280 κατεχομένους
594 2215 685 2267 καὶ
716 2215 967 2284 βρέφεσιν
999 2220 1259 2282 ἐοικότας.
1296 2220 1529 2283 Τούτους
1561 2221 1670 2292 γὰρ
1706 2225 1733 2274 ὁ

165 2299 320 2369 λόγος
352 2320 443 2356 σου
467 2345 479 2366 ,
510 2307 675 2375 φησὶ,
705 2308 784 2378 τῷ
811 2310 886 2378 σῷ
917 2312 1424 2383 καταυγαζομένους
1452 2316 1587 2382 φωτὶ
1615 2331 1735 2367 συν-

167 2391 340 2457 έσεως
375 2397 625 2467 ὲμφορεῖ.

237 2484 312 2536 Τὸ
361 2485 555 2552 στόμα
601 2505 719 2554 μου
755 2488 988 2555 ῆνιέιξα,
1025 2491 1121 2543 καὶ
1178 2492 1433 2546 εἵλκυσα
1482 2495 1731 2563 πνεῦμα.

167 2577 489 2642 Διανοίξεως
516 2578 572 2631 δὲ
605 2580 772 2633 δεῖται
801 2583 868 2636 τὰ
899 2583 1072 2652 λόγια.
1124 2586 1213 2637 Διὸ
1239 2587 1331 2638 καὶ
1356 2588 1383 2638 ὀ
1409 2587 1595 2657 Σωτὴρ
1622 2589 1735 2658 διή-

167 2667 305 2733 νοιξε
341 2668 434 2721 τὸν
462 2669 585 2722 νοῦν
611 2672 720 2724 τῶν
769 2675 1024 2746 μαθητῶν
1056 2676 1148 2729 τοῦ
1195 2678 1432 2730 συνιέναι
1462 2679 1558 2741 τὰς
1601 2680 1736 2750 Γρα-

169 2757 291 2824 (pic.
343 2760 454 2812 Καὶ
485 2762 582 2830 τὴν
616 2763 683 2814 δι’
712 2765 962 2836 ἡδονῆςῆ
1009 2767 1163 2837 δόξης
1207 2769 1420 2838 ἀπάτην
1451 2771 1481 2839 ὴ
1513 2769 1600 2823 διὰ
1631 2770 1738 2824 τῶν

169 2847 342 2916 λόγων
375 2850 589 2914 σύνεσις
617 2853 927 2924 ἐνδιδομένη
960 2856 1174 2909 κωλύει.

226 2941 592 3011 Ἐπίϐλεψον
604 2945 695 2997 ἐπ’
713 2945 834 3013 ἐμὲ,
854 2947 947 2998 καὶ
965 2947 1224 3013 ἐλέησόν
1231 2967 1325 3016 με,
1345 2966 1397 3005 κ.
1418 2967 1466 3003 τ.
1485 2950 1532 3003 λ.
1553 2951 1636 3014 Ὠς
1651 2952 1741 3005 κέ-

171 3051 390 3105 κρικας,
410 3035 594 3104 φησὶν,
618 3037 924 3106 ἐπιϐλέψαι,
949 3039 1040 3092 καὶ
1056 3039 1252 3108 πολλῆς
1274 3044 1571 3113 ἐπισκοπῆς
1589 3045 1742 3110 ἀξιῶ-

174 3141 260 3178 σαι
292 3127 422 3190 τοὺς
450 3129 774 3195 ἀγαπῶντας
800 3131 860 3182 τὸ
897 3131 1067 3201 ὅνομὰ
1099 3151 1189 3185 σου
1214 3152 1226 3162 ·
1257 3133 1396 3187 οὕτω
1433 3154 1497 3205 με
1523 3138 1618 3207 τῆς
1647 3138 1741 3190 αὐ-

171 3220 267 3288 τῆς
297 3219 531 3284 ἀξίωσον
566 3222 868 3293 ἐπισκοπῆς
889 3265 902 3288 ,
937 3224 1029 3277 τοῦ
1064 3226 1226 3278 αὑτοῦ
1262 3227 1462 3290 ἐλέους.

249 3399 326 3452 Τὰ
358 3399 687 3470 διαϐήματά
710 3419 830 3470 μου
852 3402 1219 3455 κατεύθυνον
1249 3402 1398 3456 κατὰ
1435 3403 1501 3456 τὸ
1541 3405 1744 3474 λόγιόν

175 3507 311 3545 σου.
382 3493 537 3546 Κατά
572 3493 631 3544 τὸ
664 3493 838 3560 λόγιον
876 3493 1039 3546 αὑτοῦ
1069 3496 1098 3547 ὁ
1139 3493 1271 3558 Θεὸς
1316 3495 1629 3549 κατευθύνει
1677 3496 1744 3549 τὰ

176 3584 494 3652 διαδήματα
534 3584 626 3636 τοῦ
660 3585 766 3638 ἀπὸ
797 3585 991 3650 κακίας
1030 3586 1124 3639 καὶ
1169 3585 1390 3654 ἀγνοίας
1433 3587 1511 3649 είς
1547 3588 1744 3657 ἀρετὴν

175 3676 268 3727 καὶ
301 3675 507 3743 γνῶσιν
539 3675 922 3740 διαϐαίνοντος.
993 3677 1051 3730 '0
1094 3677 1202 3747 γὰρ
1234 3677 1391 3747 ὀρθὸς
1436 3676 1591 3744 λόγος
1639 3677 1745 3730 τῶν

175 3767 433 3821 τοιούτων
459 3769 692 3840 ἡγεῖται·
730 3771 791 3822 0i
817 3769 889 3839 μὴ
915 3767 1194 3832 ποιοῦντες
1221 3768 1318 3839 τὴν
1355 3769 1626 3840 ἁμαρτίαν
1647 3770 1746 3823 οὐκ

175 3861 282 3914 sic!
309 3860 489 3914 δοῦλοι
508 3861 611 3931 τῆς
639 3861 926 3930 ἁμαρτίας.

248 3953 562 4020 Λύτρωσαί
584 3970 659 4020 με
686 3951 800 4006 ἀπὸ
835 3954 1242 4022 συκοφαντίας
1264 3953 1603 4022 ἀνθρώπων.
1648 3953 1748 4006 Συ-

178 4044 476 4114 κοφαντίαν
503 4043 804 4116 ἀνθρώπων
835 4046 931 4116 τὴν
960 4045 1067 4099 τῶν
1096 4048 1383 4118 αίρετικῶν
1407 4046 1747 4099 διδασκαλίαν

178 4137 330 4206 φησι,
356 4137 453 4187 καὶ
477 4135 576 4206 τὴν
608 4135 714 4189 τῶν
743 4137 919 4206 σοφῶν
943 4138 1036 4191 τοῦ
1062 4139 1254 4201 αίῶνος
1283 4137 1489 4190 τούτου.
1547 4137 1747 4190 Τούτου

178 4225 478 4296 τετύχηκεν
510 4226 781 4296 αἰσθητῶς
818 4226 1012 4297 Ἰωσὴφ
1037 4228 1129 4280 καὶ
1158 4227 1430 4280 Σωσάννα.
1464 4227 1746 4294 Τροπικῶς

178 4315 236 4368 δὲ
266 4316 596 4388 ἀνθρώπους
640 4316 738 4381 τὰς
788 4318 1028 4389 πονηρὰς
1055 4319 1201 4386 λέγει
1229 4319 1486 4389 δυνάμεις
1511 4357 1523 4382 ,
1555 4321 1646 4387 ἀφ’
1676 4313 1750 4370 ῶν

179 4409 280 4478 τῆς
314 4409 683 4477 συκοφαντίας
713 4411 872 4480 μόνου
905 4409 1226 4481 λυτροῦσθαι
1255 4409 1412 4463 Θεοῦ.

1832 1939 2139 2006 Propterea,
2183 1953 2350 2006 quare
2416 1936 2520 1990 nisi
2575 1935 2700 2005 quia
2730 1949 2943 2003 semper
2990 1935 3288 1989 meditabar
3318 1937 3390 1989 lc-

1833 2048 1947 2098 ;zesn
1968 2032 1990 2083 ?

1903 2123 2020 2175 150.
2059 2121 2125 2174 Et
2171 2121 2491 2173 intellectura
2521 2120 2612 2172 dat
2643 2117 2895 2186 parvulis.
2941 2115 3201 2171 Parvulos
3234 2117 3392 2170 intel-

1832 2215 1964 2279 liges
2011 2229 2104 2268 eos
2131 2214 2223 2283 qui
2279 2214 2332 2266 in
2378 2212 2686 2281 ignorantia
2719 2212 3052 2273 detinentur,
3086 2219 3140 2263 et
3172 2208 3395 2263 infanti-

1836 2306 1936 2358 bus
1961 2305 2168 2359 similes
2193 2314 2338 2358 sunt.
2366 2302 2478 2358 llos
2515 2304 2682 2365 enim,
2711 2304 2907 2373 inquit,
2956 2303 3183 2357 verbum
3212 2310 3389 2365 tuum.

1833 2406 1927 2450 tuo
1956 2397 2250 2451 illustratos
2280 2396 2486 2450 lumine
2513 2395 2866 2466 intelligentia
2889 2395 3077 2464 replet.

1908 2489 2027 2541 1251.
2051 2487 2122 2540 0s
2153 2503 2322 2540 meum
2349 2487 2531 2555 aperui
2558 2495 2606 2539 et
2628 2486 2829 2538 attraxi
2854 2486 3121 2554 spiritum.
3143 2483 3392 2552 Apertio-

1836 2594 1901 2630 ne
1922 2578 2159 2646 indigent
2185 2577 2417 2646 eloquia.
2438 2576 2617 2642 Quare
2639 2575 2894 2631 Salvator
2922 2574 3137 2645 aperuit
3161 2574 3398 2644 discipu-

1836 2672 2008 2722 lorum
2042 2678 2274 2723 mentem
2310 2679 2368 2722 ut
2399 2668 2756 2736 intelligerent
2793 2668 3125 2738 Scripturas.
3143 2664 3209 2720 Et
3238 2664 3393 2719 frau-

1838 2762 1959 2813 dem
1996 2774 2116 2829 quae
2145 2767 2240 2812 aut
2285 2773 2380 2828 per
2419 2757 2749 2826 voluptatem
2789 2765 2884 2810 aut
2905 2770 3002 2826 per
3036 2754 3265 2825 gloriam
3304 2767 3400 2820 pa~

1841 2860 2010 2917 ratur,
2033 2848 2384 2918 intelligentia
2412 2863 2534 2919 qua:
2594 2861 2690 2917 per
2717 2846 2885 2901 verba
2926 2845 3088 2900 datur
3135 2843 3379 2913 impedit.

1914 2942 2036 2995 152.
2064 2941 2276 3008 Respice
2311 2941 2366 2993 in
2389 2955 2489 3003 me,
2529 2947 2578 2993 et
2610 2940 2857 2993 miserere
2894 2937 3018 3003 mei,
3047 2947 3153 2991 etc.
3191 2936 3398 3001 Quem-

1843 3034 2157 3096 admodum,
2191 3034 2287 3097 ait,
2319 3033 2606 3088 decrevisti
2644 3047 2730 3087 me
2792 3032 3084 3102 respicere,
3115 3040 3168 3084 et
3202 3045 3400 3101 magna

1846 3124 2178 3192 providentia
2198 3135 2288 3177 tua
2305 3123 2517 3192 dignari
2539 3137 2634 3177 eos
2646 3123 2739 3192 qui
2757 3123 2988 3194 diligunt
3007 3135 3204 3176 nomen
3223 3130 3397 3178 tuum.

1848 3221 1919 3271 ita
1945 3232 2030 3272 me
2057 3216 2243 3271 eadem
2275 3215 2634 3285 providentia,
2671 3215 2860 3269 eadem
2892 3213 3269 3268 misericordia
3311 3213 3397 3268 di-

1844 3327 2041 3378 guerts.

1918 3417 2017 3469 155
2099 3415 2317 3469 Gressus
2375 3430 2511 3468 meos
2568 3414 2738 3484 dirige
2802 3412 3086 3467 secundum
3142 3412 3405 3484 eloquium

1846 3519 2011 3561 tuum.
2063 3507 2374 3561 Secundum
2439 3507 2719 3576 eloquium
2777 3521 2936 3561 suum
2987 3503 3130 3561 Deus
3183 3520 3405 3576 gressus

1844 3597 2164 3665 dirigitejus
2199 3596 2290 3665 qui
2325 3611 2354 3649 a
2382 3595 2585 3650 malitia
2618 3605 2672 3649 et
2718 3593 3027 3665 ignorantia
3088 3593 3156 3648 ad
3201 3594 3402 3649 verita-

1844 3699 1949 3744 tem
1987 3699 2041 3742 et
2061 3689 2124 3743 ad
2159 3688 2441 3742 scientiam
2504 3685 2741 3741 transiit.
2775 3684 2975 3741 Rectus
3026 3685 3174 3741 enim
3221 3700 3406 3740 sermo

1843 3780 2108 3850 ejusmodi
2140 3781 2301 3834 rebus
2327 3779 2536 3834 anteit:
2579 3777 2681 3844 Qui
2715 3792 2823 3833 non
2856 3777 3066 3833 faciunt
3116 3786 3400 3848 peccatum

1846 3891 1952 3929 non
1972 3884 2099 3929 sunt
2121 3873 2262 3928 servi
2288 3872 2513 3942 peccati.

1920 3966 2042 4020 154.
2082 3963 2294 4017 Redime
2339 3978 2418 4015 me
2445 3979 2478 4014 a
2521 3961 2794 4015 calumnia
2847 3961 3136 4016 hominum.
3185 3961 3407 4016 Calum-

1846 4058 1991 4111 niam
2052 4056 2334 4110 hominum
2395 4063 2554 4108 vocat
2612 4052 3008 4119 haereticorum,
3057 4068 3267 4109 necnon
3318 4069 3407 4108 sae

1848 4147 2108 4218 pientinm
2135 4145 2297 4214 hujus
2327 4144 2531 4209 saeculi,
2555 4141 2883 4197 doctrinam.
2912 4137 3029 4195 Hoc
3051 4139 3256 4194 bonum
3283 4154 3408 4194 sen-

1850 4237 1992 4293 sibili
2025 4236 2187 4291 modo
2226 4243 2422 4290 nactus
2454 4243 2539 4288 est
2560 4232 2760 4302 Joseph
2787 4240 2841 4286 et
2862 4231 3135 4287 Susanna.
3175 4227 3408 4300 Tropice

1849 4337 2025 4384 autem
2056 4327 2302 4383 homines
2325 4334 2483 4379 vocat
2515 4323 2781 4394 malignas
2823 4330 3142 4392 potestates,
3198 4337 3229 4376 a
3274 4337 3411 4392 qua--

1851 4435 1967 4475 rum
1993 4418 2266 4474 calumnia
2295 4416 2524 4470 liberare
2541 4414 2711 4469 solius
2738 4412 2833 4468 Dei
2866 4423 2969 4469 est.

258 4502 328 4555 Τὸ
349 4502 676 4568 πρόσωπόν
693 4515 807 4554 σου
822 4501 1117 4570 ἐπίφανον
1137 4503 1234 4556 ἐπὶ
1252 4502 1358 4555 τὸν
1375 4501 1598 4555 δοῦλόν
1611 4515 1739 4554 σου;

1922 4511 2043 4564 135.
2077 4507 2291 4561 Faciem
2344 4517 2488 4560 tuam
2534 4506 2779 4559 illumina
2835 4521 2987 4573 super
3013 4520 3218 4557 servum
3239 4514 3407 4558 tuum.

178 4593 294 4664 Τὴν
326 4595 630 4663 παρουσίαν
665 4593 916 4646 ἐπιποθεῖ
944 4594 1036 4647 τοῦ
1064 4595 1268 4664 Κυρίου
1304 4595 1615 4649 θεάσασθαι.
1647 4593 1752 4645 Αὑ-

177 4691 271 4751 τὸς
299 4689 405 4758 γάρ
439 4690 584 4740 ἐστιν
607 4690 633 4740 ὀ
656 4688 938 4758 χαρακτὴρ
978 4686 1070 4740 τοῦ
1104 4689 1335 4759 Πατρός.
1360 4690 1470 4741 Καὶ
1505 4686 1752 4750 δίδαξόν

172 4797 254 4849 με
287 4782 360 4835 τὰ
386 4779 745 4847 δικαιώματά
785 4795 920 4833 σου.
968 4779 1077 4849 Τὴν
1109 4780 1253 4833 Νέαν
1282 4781 1551 4851 Διαθήκην
1597 4781 1748 4848 φησὶ,

174 4874 245 4925 δι’
275 4866 346 4943 ἧς
393 4873 740 4926 δεδικαίωκεν
782 4873 810 4924 ὁ
840 4873 971 4935 Θεὸς
1004 4872 1098 4924 καὶ
1126 4871 1315 4942 Πατὴρ
1344 4874 1468 4934 τοὺς
1520 4871 1613 4922 ἐπὶ
1652 4871 1750 4941 τῆς

175 4964 311 5034 τῆςο

251 5053 574 5119 Διεξόδσυς
595 5054 826 5107 ὑδάτων
855 5053 1192 5122 κατέϐησαν
1212 5057 1265 5105 οὶ
1295 5053 1586 5121 ὀφθαλμοί
1612 5069 1752 5120 μου.

177 5147 400 5217 Πλῆθος
432 5147 614 5214 ἠφίειν
638 5145 887 5217 δακρύων
923 5148 1047 5210 τοὺς
1082 5148 1173 5200 τὸν
1205 5144 1294 5198 σὺν
1326 5144 1755 5216 παραϐαίνοντας

175 5237 234 5290 νὸ
242 5253 348 5307 μον
380 5235 723 5306 ἀποθρηνῶν.

253 5329 491 5394 Δίκαιος
527 5324 599 5389 εἴ,
633 5328 827 5395 Κύριε,
849 5328 943 5381 καί
978 5327 1162 5394 εὺθὴς
1188 5329 1225 5396 ὴ
1255 5327 1450 5394 κρίσις
1477 5339 1612 5379 σου.
1646 5325 1756 5394 Τὴν

178 5422 369 5476 αἰτίαν
397 5421 686 5475 ἀποδίδωσι
708 5461 721 5483 ,
768 5421 832 5473 δι’
873 5421 932 5492 ἣν
967 5421 1289 5475 ἀπεκλαίετο
1326 5421 1446 5484 τοὺς
1486 5419 1754 5490 παραϐαί-

179 5532 380 5578 νοντας
404 5514 495 5566 τὸν
519 5515 612 5566 τοῦ
639 5512 769 5567 Θεοῦ
799 5515 958 5585 νόμον
978 5531 990 5544 ·
1027 5517 1109 5567 ὅτι
1137 5514 1200 5584 δὴ
1219 5515 1331 5575 τοῖς
1360 5512 1546 5564 τοῦτον
1581 5528 1756 5581 παρα-

181 5609 468 5665 ϐαίνουσιν
501 5610 558 5660 ἐν
578 5607 656 5675 τῷ
686 5607 812 5678 θείῳ
829 5609 1158 5662 δικαστηρίω
1177 5606 1447 5665 τιμωρίαν
1473 5605 1754 5674 ἠπείλησε,

267 5768 313 5797 ⁸⁸
348 5765 507 5822 Prov.
542 5779 669 5826 stu,
700 5765 778 5818 15.
860 5766 903 5796 ⁶⁶
954 5779 1094 5819 vers.
1133 5765 1216 5817 72.

1856 4602 2069 4658 Domini
2124 4602 2415 4655 adventum
2472 4598 2655 4653 videre
2719 4606 2961 4668 exoptat.
3010 4597 3129 4666 Ipse
3175 4613 3412 4668 namque

1853 4705 1937 4750 est
1970 4694 2267 4749 character
2314 4691 2512 4746 Patris.
2587 4688 2654 4742 Et
2706 4691 2831 4743 doce
2884 4705 2963 4743 me
3001 4689 3412 4757 iustiﬁcationes

1855 4799 1995 4841 tuas.
2030 4783 2240 4839 Novum
2266 4783 2673 4839 Testamentum
2701 4783 2852 4847 dicit,
2883 4796 2994 4852 quo
3030 4780 3170 4835 Deus
3212 4790 3269 4836 et
3310 4780 3414 4835 Pa-

1853 4888 1936 4931 ter
1984 4890 2080 4931 eos
2124 4874 2218 4944 Qui
2258 4888 2422 4944 super
2481 4885 2680 4929 terram
2729 4881 2884 4928 erant
2931 4871 3270 4942 justiﬁcavit.

1948 5053 2069 5106 156.
2101 5052 2288 5106 Exitus
2315 5065 2572 5122 aquarum
2611 5051 2940 5104 deduxerunt
2975 5049 3112 5102 oculi
3150 5051 3270 5100 mei.
3315 5046 3417 5100 La-

1858 5159 2160 5215 erymarum
2179 5143 2288 5197 vim
2317 5141 2650 5207 cmittebam,
2683 5142 2970 5212 deplorans
2996 5153 3090 5194 eos
3114 5139 3209 5209 qui
3233 5150 3384 5193 trans
3406 5170 3415 5178 -

1857 5236 2208 5307 grederentur
2240 5235 2409 5304 legem
2435 5243 2606 5289 tuam.

1934 5327 2054 5388 157,
2083 5327 2203 5381 138.
2233 5325 2420 5381 Justus
2441 5343 2515 5393 es,
2554 5326 2795 5391 Domine,
2839 5335 2888 5380 et
2921 5336 3116 5379 rectum
3151 5325 3416 5394 judicium

1865 5429 2031 5471 tuum.
2063 5417 2295 5474 Causam
2317 5420 2514 5482 reddit,
2534 5436 2633 5474 cur
2662 5419 2969 5489 deploraret
2995 5432 3093 5472 eos
3119 5417 3210 5486 qui
3243 5427 3420 5469 trans-

1865 5509 2216 5580 grederentur
2237 5511 2408 5582 legem
2450 5509 2565 5579 Dei,
2589 5512 2716 5580 quia
2747 5510 2952 5567 scilicet
2978 5524 3100 5564 eam
3143 5508 3416 5576 transgre-

1863 5602 2133 5659 dientibus
2156 5617 2346 5673 pinnas
2381 5618 2438 5659 se
2459 5601 2513 5658 in
2555 5602 2742 5659 divino
2772 5601 2863 5659 illo
2893 5598 3152 5656 tribunali
3184 5593 3421 5653 inllict'uo

1296 5763 1511 5819 "Prov.
1546 5778 1665 5828 vm,
1702 5759 1787 5828 10,
1825 5760 1905 5813 ll.
