4076 6308
733 308 837 364 505

1578 324 1633 377 S.
1675 324 2040 382 ATIHNASH
2085 330 2234 385 OPP.
2278 332 2452 388 PARS
2490 337 2574 391 lll.
2618 370 2683 378 α-
2727 342 3138 399 EXEGETICA.

3831 418 3834 422 Α
3863 340 3949 398 504

738 447 855 485 rum
892 435 1273 499 comminatus,
1306 447 1360 492 et
1385 439 1493 508 jam
1521 443 1664 512 ipsas
1687 445 1968 502 adfuturas
1994 463 2114 504 esse
2144 452 2290 505 testi-

2397 457 2487 507 καὶ
2503 457 2706 529 ταύτην
2735 461 2983 515 ἐντεῦθεν
3001 463 3097 534 ήδη
3115 464 3527 538 διεμαρτύρατο.
3557 471 3860 526 Ἐνετεέλω
3885 475 3953 526 διο

738 526 929 581 llcatus
959 529 1045 582 sit.
1083 529 1351 586 Mandasti
1372 533 1645 601 justitiam
1696 541 1994 594 testimonia
2035 554 2158 609 tua,
2183 554 2288 599 etc.

734 617 993 685 Quanam
1037 621 1165 686 alia,
1213 627 1445 682 testibus
1506 631 1644 684 caelo
1701 641 1753 685 et
1812 642 1976 696 terra.
2024 637 2292 692 mandasti

734 710 1062 775 testimonia,
1088 727 1208 780 qua:
1232 715 1338 768 sint
1357 715 1569 785 justitia
1603 728 1656 772 et
1681 720 1879 776 veritas
1911 725 2292 792 apertissima?

735 800 838 853 Sed
875 817 981 856 non
1009 806 1293 860 occultasti
1317 823 1401 871 ea,
1435 811 1640 865 scilicet
1693 814 2008 870 rectissima:
2040 827 2167 872 sunt
2205 819 2294 888 ju-

734 891 997 946 tliciorum
1029 903 1242 950 tuorum
1287 901 1506 968 regule.
1552 918 1672 968 quae
1718 913 1864 958 tuam
1916 906 2183 975 justitiam
2215 910 2290 962 si-

735 981 1011 1049 gniﬁcant.
1040 981 1224 1055 Itaque
1251 989 1562 1045 testimonia
1591 1003 1682 1047 tua
1700 1003 1825 1048 sunt
1855 1011 2020 1050 sacrae
2052 996 2293 1067 Scriptu-

737 1086 829 1136 ra},
859 1089 977 1141 quae
1001 1085 1127 1129 sunt
1184 1079 1393 1146 justitia
1441 1083 1658 1151 quidem
1720 1088 2021 1141 secundum
2067 1091 2290 1146 moralia

735 1176 998 1234 pra-cepta
1021 1207 1035 1231 ,
1066 1170 1268 1224 vetitas
1293 1181 1477 1227 autem
1525 1177 1823 1231 secundum
1869 1180 2289 1248 speculationem

737 1258 1042 1314 verborum.

818 1351 937 1405 159.
979 1351 1256 1408 Tabescere
1306 1374 1384 1410 me
1441 1361 1730 1426 [ecitzelus
1776 1373 1918 1428 tuus,
1988 1365 2111 1434 quia
2142 1365 2291 1418 obliti

732 1451 856 1493 sunt
875 1444 1026 1496 verba
1052 1455 1141 1498 tua
1176 1447 1380 1502 inimici
1411 1452 1528 1503 mei.
1563 1450 1789 1517 Qualem
1821 1457 2040 1525 suscepi
2092 1458 2288 1523 zelum,

731 1533 778 1586 si
803 1549 963 1604 quem
990 1537 1224 1593 viderem
1252 1541 1545 1612 aliquando
1572 1546 1865 1601 verborum
1911 1556 2127 1603 tuorum
2189 1551 2291 1604 im-

731 1641 1046 1683 memorem.
1081 1628 1263 1700 Neque
1321 1633 1642 1702 simpliciter
1674 1638 1873 1704 zelum,
1905 1639 1998 1693 sed
2029 1640 2193 1695 talem
2229 1651 2288 1695 ut

729 1716 1058 1773 tabescerem
1093 1721 1161 1774 ab
1182 1722 1490 1791 bujusmodi
1515 1727 1630 1780 zelo
1674 1742 1771 1796 pro
1824 1737 1874 1781 te
1922 1741 2195 1800 suscepto,
2242 1732 2289 1786 si

2393 551 2725 617 καιοσύνην
2740 553 2810 605 τὰ
2815 548 3107 621 μαρτύριό
3131 572 3266 621 σου,
3287 575 3336 610 κ.
3359 577 3406 613 τ.
3427 559 3472 612 λ.
3495 561 3574 614 Τά
3606 562 3750 631 μετὰ
3777 568 3953 636 paper

2392 657 2500 709 ρων
2516 641 2741 710 ούρανοῦ
2760 644 2851 695 καί
2877 644 2980 713 γῆς
3012 647 3170 698 τινῶν
3193 647 3363 703 ἄλλων
3386 651 3639 704 ἐνετείλω
3669 655 3952 725 μαρτύρια,

2390 729 2732 802 δικαιοσύνην
2748 733 2873 788 ὄντα
2901 737 2994 790 καὶ
3019 736 3276 808 ἀλήθειαν
3299 744 3652 812 τρανωτάτην
3672 760 3687 807 ;
3708 745 3850 797 Ἀλλ’
3871 750 3951 800 οὐκ

2389 821 2669 893 ἡμαύρους
2688 842 2701 854 ι
2727 825 2893 895 ἦγουν
2923 828 3205 882 εὑθύτατοι
3232 831 3341 884 τῶν
3371 832 3478 884 σῶν
3506 837 3800 905 χριμάτων
3823 843 3954 891 κανό-

2392 931 2478 977 νες
2509 916 2606 985 τὴν
2644 918 2741 988 σὴν
2773 918 3118 992 δικαιοσύνην
3154 923 3435 994 μηνύουσι.
3479 926 3559 978 Τὰ
3589 924 3685 980 οὖν
3727 930 3798 982 σὰ
3832 949 3951 1001 μαρ-

2389 1005 2548 1075 τύρια
2578 1009 2633 1061 αἰ
2673 1007 2811 1062 θεῖαι
2837 1011 3049 1082 Γραφαί
3068 1030 3079 1042 ·
3111 1013 3420 1087 δικαιοσύνη
3455 1018 3552 1088 μὲν
3579 1019 3724 1072 κατὰ
3754 1023 3823 1073 τά
3853 1023 3954 1091 ἠθι-

2391 1098 2461 1150 κὰ
2489 1101 2809 1168 τυγχάνουσι
2837 1106 3300 1176 παραγγέλματα,
3333 1108 3555 1180 ἀλήθεια
3592 1111 3650 1164 δὲ
3694 1112 3836 1166 κατὰ
3869 1113 3952 1185 τὴν

2391 1188 2622 1262 θεωρίαν
2657 1192 2764 1246 τῶν
2789 1195 2978 1264 λόγων.

2475 1371 2745 1438 Ἐξὲτηξέ
2768 1393 2845 1443 με
2877 1379 2911 1429 ό
2938 1374 3115 1444 ζῆλός
3142 1368 3278 1440 σου,
3321 1382 3407 1432 ὅτι
3453 1382 3826 1437 ἐπελάθοντο
3849 1383 3953 1438 τῶν

2387 1464 2583 1532 λόγων
2609 1479 2724 1518 σου
2747 1470 2798 1519 ol
2825 1466 3024 1536 ἐχθροί
3046 1488 3182 1538 μου.
3221 1466 3346 1524 Οἷον
3373 1471 3532 1541 ζῆλον
3562 1474 3949 1544 ἁνελάμὸανον,

2388 1555 2440 1606 εἰ
2467 1569 2592 1607 ποτε
2636 1554 2822 1626 ἐώρων
2852 1560 2972 1612 τινὰ
3005 1561 3424 1633 ἐπιλελησμένον
3455 1564 3560 1618 τῶν
3607 1564 3721 1618 σῶν
3769 1565 3948 1632 λόγων.

2389 1644 2498 1696 Καὶ
2519 1645 2616 1716 οὐχ
2647 1647 2828 1712 ἁπλῶς
2860 1649 3019 1721 ζῆλον
3039 1692 3052 1715 ,
3101 1653 3234 1708 ἀλλά
3264 1655 3351 1708 διὰ
3377 1656 3468 1708 τὸν
3498 1657 3716 1711 τιθέντα
3751 1676 3840 1728 μοι
3869 1660 3950 1711 ἐκ-

2388 1737 2652 1807 τήκεσθαι
2681 1741 2787 1793 ἀπὸ
2818 1741 2911 1794 τοῦ
2937 1742 3098 1814 ζήλου
3123 1746 3216 1798 τοῦ
3242 1747 3376 1817 πρὸς
3405 1749 3483 1810 σὲ,
3510 1750 3557 1801 εἰ
3582 1748 3856 1820 ἐθεώρουν
3881 1767 3952 1802 τι-

728 1823 868 1877 quos
899 1811 1134 1865 viderem
1157 1828 1468 1868 sermonum
1519 1827 1734 1872 tuorum
1770 1821 2138 1877 immemores.
2177 1822 2288 1877 Hu-

2390 1829 2482 1894 νάς
2518 1830 3036 1904 ἐπιλανθανομένους
3066 1851 3158 1887 σου
3191 1837 3297 1890 τῶν
3335 1838 3524 1907 λόγων.
3588 1841 3726 1911 Περὶ
3769 1843 3948 1894 τούτου

721 1900 816 1968 jus
843 1902 942 1956 zeli
973 1904 1238 1958 recordati
1275 1919 1403 1960 sunt
1425 1909 1703 1978 discipuli,
1731 1913 1797 1965 de
1819 1928 1928 1982 quo
1958 1929 2023 1968 ex
2053 1930 2288 1983 persona

2385 1920 2480 1974 τοῦ
2512 1921 2675 1993 ζήλου
2705 1900 3050 1998 ἐμνήσθησαν
3078 1928 3127 1979 οἰ
3159 1928 3395 2000 μαθηταὶ
3407 1900 3426 1992 ⁷,
3459 1933 3522 1984 ἐκ
3551 1900 3846 2002 προσώπου
3865 1935 3948 1986 τοῦ

729 1991 943 2047 Domini
977 1994 1033 2048 in
1094 1997 1302 2065 psalmo
1330 1997 1529 2053 dicitur
1557 2016 1570 2053 :
1597 2001 1861 2065 Quoniam
1916 2005 2055 2059 zelus
2104 2007 2288 2063 domus

2387 1991 2592 2085 Κυρίου
2627 2019 2684 2069 ἐν
2708 1991 2905 2087 ψαλμῷ
2932 1991 3240 2090 εἰρημένου.
3290 1991 3423 2074 ’Ὅτι
3461 2025 3493 2076 ό
3522 1991 3702 2090 (iii/Ioc
3737 2024 3844 2078 τοῦ
3875 2027 3950 2076 ol-

729 2095 835 2138 tuw
849 2086 1070 2139 comedit
1106 2104 1186 2141 me
1221 2089 1286 2143 ⁸⁸.

2387 2124 2496 2160 κου
2521 2125 2636 2161 σου
2670 2111 2969 2179 κατέφαγέ.
2979 2128 3074 2179 με.

816 2176 938 2230 140.
996 2176 1229 2247 Ignitum
1277 2182 1536 2252 eloquium
1581 2195 1728 2239 tuum
1779 2187 2116 2244 vehementer.
2163 2190 2284 2247 Elo-

2455 2176 2887 2270 Πεπιφωμένον
2902 2176 2992 2256 eo
3007 2206 3214 2273 λόγιόν
3239 2222 3355 2259 σου
3392 2207 3646 2275 σφόδρα.
3680 2209 3757 2260 Τὸ
3785 2209 3948 2277 λόγιον

726 2268 916 2338 quium
947 2269 1157 2325 Domini
1203 2273 1431 2343 ignitum
1483 2286 1566 2331 est
1606 2279 1973 2343 vehementer.
2022 2284 2281 2351 sublime,

2384 2289 2478 2343 τοῦ
2507 2291 2641 2344 Θεοῦ
2673 2295 3064 2364 πεπυρωμένον
3095 2298 3210 2348 ἐστὶ
3240 2297 3438 2368 σφόδρα
3469 2299 3561 2350 καὶ
3579 2299 3944 2369 ἐξιστάμενον,

725 2362 876 2415 omni
903 2363 1221 2435 probatione
1241 2367 1510 2436 superius.
1565 2367 1632 2425 Et
1670 2371 1716 2426 si
1760 2372 1886 2442 quis
1921 2373 2024 2430 hoc
2057 2375 2285 2446 ignitum

2386 2384 2477 2436 καί
2504 2384 2652 2457 πάσῃ
2687 2385 2900 2456 βασάνῳ
2926 2387 3262 2456 ἀνέλεγκτον.
3313 2389 3420 2441 Καὶ
3448 2389 3500 2441 εἴ
3521 2406 3604 2452 τις
3638 2391 3753 2459 ἔχει
3782 2409 3945 2444 πεπυ-

724 2455 1002 2523 eloquium
1044 2455 1261 2524 habeat,
1301 2458 1348 2512 is
1408 2462 1592 2516 omnia
1642 2461 1852 2533 judicat
1885 2475 1939 2520 et
1974 2482 2004 2521 a
2065 2468 2303 2523 nemine-

2386 2455 2633 2546 ρωμένον
2648 2477 2803 2531 τοῦτο
2829 2455 2890 2531 to
2905 2455 3101 2546 λόγιον,
3133 2481 3408 2553 ἀνακρίνει
3440 2482 3539 2552 μὲν
3572 2482 3775 2547 πάντα,
3799 2484 3945 2546 αὐτὸς

719 2544 1017 2612 judicatur.

792 2636 916 2692 NI.
942 2638 1372 2696 Adolescentulus
1395 2659 1511 2697 sum
1551 2661 1643 2715 ego
1680 2657 1729 2701 et
1772 2660 2113 2720 contemptus.
2140 2652 2284 2706 Ado-

724 2728 1055 2784 lescentulus
1090 2731 1306 2801 quidem
1342 2745 1424 2789 est
1460 2735 1554 2805 qui
1577 2737 1776 2794 divinis
1795 2740 2029 2808 eloquiis
2051 2757 2150 2795 ceu
2172 2742 2281 2796 ele-

724 2820 922 2875 mentis
949 2822 1193 2877 initiatur
1213 2865 1227 2890 ,
1261 2836 1606 2896 contemptus
1659 2840 1842 2884 autem
1872 2831 2002 2900 quia
2033 2847 2153 2888 sese
2182 2833 2283 2887 hu-

724 2913 917 2968 miliat.

801 3006 924 3061 142.
949 3005 1174 3062 Iustitia
1205 3018 1294 3062 tua
1312 3011 1530 3080 justitia
1559 3014 1612 3066 in
1637 3022 1918 3069 a’ternum.
1954 3012 2087 3069 Nam
2115 3015 2280 3085 justi-

723 3095 798 3150 tia
829 3097 1110 3151 hominum
1144 3101 1234 3168 qui
1259 3100 1405 3170 juste
1432 3102 1702 3172 judicaut,
1734 3105 1800 3158 ad
1861 3105 2025 3160 breve
2067 3115 2280 3176 tempus

718 3186 986 3256 judicium
1013 3191 1156 3256 fert,
1201 3192 1413 3261 justitia
1439 3205 1617 3248 autem
1652 3197 1742 3250 Dei
1789 3195 2056 3265 judicium
2108 3198 2282 3253 reddit

722 3289 1006 3334 alternum.

813 3370 931 3423 H3.
967 3371 1352 3426 Tribulationes
1377 3382 1424 3427 et
1458 3376 1717 3444 angustia:
1737 3378 2038 3432 invenerunt
2091 3395 2190 3433 me.
2219 3378 2280 3434 In

720 3463 1057 3531 quibuslibet
1092 3466 1496 3529 occasionibus,
1521 3468 1616 3534 ait,
1655 3468 1788 3539 legis
1811 3480 1916 3524 tua:
1972 3471 2281 3526 meditatio-

724 3568 847 3606 nem
881 3568 986 3606 non
1021 3554 1396 3623 neglexerunt.

807 3643 927 3697 144.
963 3642 1213 3715 Αῖᾳιιιιιιε
1246 3648 1546 3702 testimonia
1598 3661 1693 3703 tua
1738 3650 1794 3703 in
1840 3659 2115 3706 wternum.
2150 3651 2281 3717 Quae

720 3737 915 3792 dedisti
945 3739 1077 3792 mihi
1110 3740 1441 3802 testimonia,
1473 3742 1670 3811 inquit,
1704 3758 1811 3797 non
1841 3744 1906 3798 ad
1959 3747 2118 3800 breve
2152 3753 2282 3802 tem-

718 3845 822 3898 pus
852 3830 1026 3893 utilia,
1047 3830 1259 3897 justitia
1293 3843 1418 3888 sunt
1445 3833 1496 3886 in
1516 3846 1798 3898 auernum,
1827 3851 1950 3890 nam
1982 3836 2281 3906 justiﬁeant

718 3935 842 3974 eum
869 3922 960 3990 qui
979 3921 1172 3976 all‘ectu
1205 3923 1270 3978 ad
1301 3924 1414 3993 ipsa
1436 3926 1664 3982 accedit.
1685 3924 2013 3980 Intellectum
2035 3928 2104 3981 da
2128 3930 2276 3995 mihi,

717 4024 765 4065 et
791 4013 993 4083 vivi/ica
1017 4031 1114 4068 me.
1135 4013 1267 4070 Nam
1286 4017 1497 4086 justitia
1517 4033 1678 4086 quam
1697 4018 1751 4072 in
1770 4020 2021 4087 praesenti
2038 4031 2279 4090 tempore

715 4126 1055 4174 exercemus,
1086 4112 1405 4166 retribuitur
1431 4113 1606 4176 nobis,
1645 4129 1754 4166 non
1781 4112 1848 4166 ad
1906 4129 2109 4183 paucos
2137 4115 2276 4181 dies,

717 4202 812 4257 sed
843 4201 896 4254 in
931 4212 1213 4257 aeternum.
1251 4205 1354 4258 Sed
1395 4205 1596 4270 vivam,
1637 4205 1834 4275 inquit,
1865 4206 1910 4259 si
1942 4205 2273 4261 intellectum

716 4294 930 4351 dederis
958 4297 1112 4350 milii.
1140 4297 1193 4350 In
1231 4296 1375 4350 illam
1404 4298 1548 4351 enim
1585 4297 1795 4351 beatam
1822 4299 1987 4352 vitam
2019 4298 2278 4368 insipiens

718 4398 827 4437 non
861 4384 1176 4453 ingreditur.
1213 4383 1540 4441 Postulanda
1572 4387 1736 4456 igitur
1783 4387 2139 4457 intelligentia
2193 4397 2278 4444 est

2382 2567 2438 2621 δὲ
2465 2570 2556 2620 ὑπ’
2581 2569 2790 2633 οὐδενὸς
2813 2571 3184 2642 ἀνακρίνεται.

2451 2661 2744 2730 Νεώτερος
2770 2663 2881 2732 ἐγώ
2899 2666 3013 2733 εἰμι
3032 2665 3127 2717 καί
3154 2664 3646 2734 ἐξουδενωμένος.
3674 2666 3945 2737 Νεὼτερος

2387 2751 2482 2820 μὲν
2506 2754 2534 2804 ὀ
2561 2755 2675 2816 τοῖς
2706 2752 2869 2817 θείοις
2893 2754 3074 2824 λόγοις
3108 2756 3557 2827 στοιχειούμενος,
3589 2757 3941 2829 ὲξουδενωμέ-

2383 2859 2470 2906 νος
2496 2842 2551 2895 δὲ
2584 2843 2670 2897 διά
2691 2845 2751 2898 τὸ
2778 2845 3062 2901 ταπεινοῦν
3090 2849 3300 2902 ἑαυτόν.

2463 3016 2524 3072 Ἡ
2554 3015 2902 3082 δικαιοσύνη
2935 3031 3050 3069 σου
3091 3015 3439 3083 δικαιοσύνη
3471 3019 3560 3083 εἰς
3604 3017 3714 3070 τὸν
3745 3018 3937 3070 αἰῶνα.

2393 3107 2456 3159 Ἦ
2494 3106 2591 3176 μὲν
2640 3106 2747 3177 γὰρ
2793 3107 2922 3176 παρ’
2949 3105 3252 3176 ἀνθρώποις
3280 3105 3588 3176 δικαιοσύνη
3615 3107 3754 3178 πρὸς
3774 3107 3940 3175 ὀλίγον

2383 3196 2672 3268 ψηφίζεται
2698 3198 2885 3269 χρόνον
2910 3197 2988 3267 τῷ
3019 3197 3320 3268 κρινομένῳ
3345 3197 3408 3249 τὸ
3436 3198 3673 3261 δίκαιον,
3703 3201 3738 3267 ἠ
3773 3199 3831 3253 δὲ
3854 3199 3938 3251 τοῦ

2383 3291 2516 3343 Θεοῦ
2542 3291 2640 3360 τὴν
2666 3291 2844 3360 κρίσιν
2873 3290 3085 3342 αἰώνιον
3111 3289 3451 3341 ἀποδίδωσιν.

2455 3383 2700 3451 Θλίψεις
2724 3382 2823 3435 καὶ
2857 3379 3106 3451 ἀνάγκαι
3132 3379 3391 3448 εὗρεσάν
3423 3398 3519 3448 με.
3574 3379 3711 3432 Οὐδὲ
3746 3381 3804 3433 ἐν
3829 3382 3937 3442 ταῖς

2382 3475 2765 3547 περιστάσεσι,
2822 3475 2953 3547 φησί
2977 3513 2992 3538 ,
3038 3473 3133 3528 τοῦ
3154 3473 3244 3528 τὸν
3276 3472 3365 3525 σὺν
3389 3473 3620 3542 μελετᾷν
3666 3471 3936 3543 ἠμέλησαν

2380 3569 2559 3640 νόμον.

2449 3659 2807 3726 Δικαιοσύνη
2844 3657 2917 3710 τὰ
2953 3654 3244 3725 μαρτύριά
3291 3672 3407 3708 σου
3454 3657 3539 3719 εἰς
3585 3653 3692 3707 τὸν
3736 3653 3934 3708 αἰῶνα.

2385 3751 2452 3802 Ἀ
2481 3749 2715 3811 δέδωκάς
2748 3764 2859 3819 μοι,
2898 3745 3050 3817 φησὶ,
3086 3745 3376 3816 μαρτύρια,
3407 3745 3467 3798 οὐ
3495 3744 3630 3816 πρὸς
3652 3743 3834 3812 ὀλίγον
3859 3745 3937 3797 δν-

2377 3856 2445 3894 τα
2473 3838 2744 3909 ὠφέλιμα,
2772 3835 3084 3907 δικαιοσύνη
3115 3836 3194 3900 εἰς
3240 3835 3331 3888 τὸν
3376 3836 3544 3889 αἰῶνα
3581 3838 3932 3906 τυγχάνουσι,

2378 3930 2690 3986 δικαιοῦντα
2716 3929 2807 3983 τὸν
2830 3929 3065 3984 διαθέσει
3091 3927 3472 3998 συνεγγίζοντα
3506 3930 3710 3993 αὐτοῖς.
3791 3933 3934 3984 Συν-

2376 4026 2581 4080 ἐτισόν
2598 4041 2705 4094 με,
2741 4024 2839 4077 καὶ
2874 4021 3057 4090 ζῆσόν
3077 4039 3172 4091 με.
3229 4021 3332 4075 Ἦν
3372 4021 3479 4094 γὰρ
3524 4020 3802 4092 ἀσκοῦμεν
3848 4022 3934 4074 ἐπὶ

2375 4115 2465 4170 τοῦ
2500 4116 2762 4186 παρόντος
2790 4111 3129 4184 δικαιοσύνην
3159 4111 3462 4166 ἀποδίδοται
3497 4112 3596 4164 οὐκ
3631 4113 3688 4164 ἐν
3734 4111 3932 4180 ὀλίγαις

2375 4207 2611 4280 ἡμέραις
2641 4206 2800 4277 ἡμῶν
2822 4245 2838 4271 ,
2872 4205 2986 4260 ἀλλ’
3019 4208 3098 4270 εἰς
3123 4206 3214 4259 τὸν
3239 4204 3425 4260 αἰῶνα.
3469 4204 3625 4257 Ἀλλά
3660 4204 3755 4256 καὶ
3783 4203 3933 4275 {iisu-

2378 4314 2475 4366 μαι
2496 4335 2511 4359 ,
2540 4295 2703 4363 φησὶν
2726 4336 2740 4359 ,
2781 4295 2874 4348 ἐάν
2906 4312 2970 4366 με
3006 4295 3286 4366 συνετίσῃς
3305 4311 3319 4327 ο
3351 4297 3430 4357 εἰς
3460 4294 3672 4363 ἐκείνην
3696 4295 3809 4365 γὰρ
3841 4294 3932 4363 τὴν

2379 4389 2653 4460 μακαρίαν
2683 4379 2827 4458 ζωὴν
2849 4387 3071 4456 ἀνόητος
3089 4387 3188 4440 οὐκ
3211 4385 3529 4456 εἰσέρχεται.
3565 4385 3824 4455 Αξτητέον
3845 4381 3931 4438 οὖν

715 4477 786 4531 ab
818 4491 884 4531 eo
907 4476 998 4546 qui
1033 4478 1125 4530 dat
1154 4479 1408 4534 omnibus
1435 4487 1548 4533 toto
1600 4479 1782 4534 animo
1844 4482 2269 4550 postulantibus.
2299 4520 2306 4577 1

2380 4480 2590 4533 σύνεσιν
2627 4478 2778 4550 παρά
2812 4477 2905 4531 τοῦ
2932 4477 3162 4541 διδόντος
3193 4479 3324 4531 πᾶσι
3355 4480 3466 4541 τοῖς
3498 4476 3556 4541 ἐξ
3591 4477 3718 4548 ὅλης
3760 4478 3930 4548 ψυχῆς

787 4656 911 4722 145,
956 4656 1077 4710 146.
1125 4654 1366 4710 Clamavi
1408 4656 1462 4709 in
1491 4666 1599 4710 toto
1640 4657 1796 4711 corde
1843 4674 1976 4714 meo.
2049 4656 2273 4714 Primo:

715 4743 954 4798 Clamavi
994 4746 1046 4798 in
1089 4755 1197 4800 toto
1247 4747 1400 4800 corde
1451 4763 1581 4814 meo,
1631 4747 1828 4802 exaudi
1875 4764 1977 4811 me,
2010 4747 2229 4803 Domine
2255 4764 2275 4801 :

705 4835 1113 4905 justiﬁcationes
1148 4849 1266 4892 tuas
1302 4839 1582 4907 requiram.
1611 4837 1863 4894 Secundo
1892 4857 1906 4894 :
1937 4838 2176 4895 Clamavi
2206 4840 2274 4893 ad

716 4938 783 4993 te,
821 4927 1022 4981 salvum
1061 4945 1136 4981 me
1181 4930 1285 4999 fac.
1326 4928 1458 4984 Nam
1501 4931 1644 5001 quod
1678 4931 1937 5001 loquebar
1974 4935 2271 4987 secundum

713 5020 1039 5090 praecipuam
1083 5021 1249 5075 animi
1297 5032 1524 5090 partem,
1573 5021 1708 5098 nihil
1761 5021 1909 5076 aliud
1945 5031 2062 5076 erat
2106 5037 2271 5092 quam

713 5109 878 5165 Deus.
916 5109 1107 5180 Magna
1157 5110 1317 5180 igitur
1361 5126 1490 5165 voce
1518 5119 1568 5165 te
1605 5111 1884 5176 invocans,
1917 5126 2110 5179 magna
2141 5126 2272 5166 voce

713 5201 969 5271 promitto
998 5218 1083 5256 me
1110 5213 1198 5255 tua
1229 5214 1488 5273 praecepta
1517 5203 1950 5258 observaturum.

786 5293 905 5348 147.
945 5293 1184 5349 Ρνωυεηί
1216 5296 1267 5347 in
1301 5297 1604 5350 maturitate
1635 5306 1683 5349 et
1714 5297 1958 5349 clamavi.
1990 5295 2270 5350 Maturita-

711 5395 817 5439 tem
855 5385 943 5440 hic
986 5396 1140 5440 vocat
1185 5386 1452 5453 tenebras,
1485 5387 1598 5442 sive
1638 5403 1816 5440 rerum
1859 5386 2264 5442 confusionem.

711 5478 836 5534 Haec
864 5487 1042 5533 autem
1065 5479 1176 5532 ait:
1229 5477 1450 5534 Etiamsi
1504 5480 1734 5548 improbi
1783 5495 1906 5534 cum
1947 5479 2267 5536 confusione

706 5570 888 5626 omnia
911 5580 1146 5640 agerent,
1192 5571 1358 5626 multa
1399 5572 1453 5626 in
1494 5582 1584 5627 tua
1620 5573 1732 5642 lege
1763 5573 2016 5629 incedens
2041 5588 2261 5638 pernae-

706 5665 853 5718 bam.

777 5779 821 5811 “
851 5778 989 5834 Fsal.
1019 5795 1201 5836 tum.
1245 5780 1320 5834 lO.

2374 4572 2617 4627 αἰτοῦσιν
2646 4571 2824 4625 αὐτόν.

2457 4663 2862 4733 Ἑκέκραξαὲν
2891 4661 3003 4732 ὅλῃ
3037 4661 3250 4732 καρδίᾳ
3275 4680 3417 4732 μου.
3447 4661 3744 4734 Πρότερον·
3782 4662 3928 4717 Ἐχέ-

2372 4756 2559 4826 κραξα
2585 4757 2654 4810 ἐν
2680 4755 2794 4823 ὅλῃ
2818 4753 3029 4823 καρδίᾳ
3044 4772 3182 4824 μου,
3205 4753 3670 4823 ὲπάκουσόνμου
3687 4792 3700 4817 ,
3723 4756 3893 4823 Κύριε
3909 4771 3922 4783 ·

2372 4849 2442 4902 τὰ
2470 4846 2826 4917 δικαιώματά
2852 4863 2968 4902 σου
2986 4845 3306 4913 ἐκζητήσω.
3343 4843 3602 4914 Δεύτερον
3622 4861 3635 4874 ο
3673 4845 3926 4914 Ἐκέκραο

2371 4939 2448 5003 ξὰ
2473 4953 2570 4993 σοι
2589 4979 2603 5003 ,
2633 4937 2839 4992 σῶσόν
2859 4955 2955 5009 με.
3011 4939 3076 4991 Ὃ
3101 4935 3207 5007 γὰρ
3241 4936 3460 4990 ἐλάλουν
3485 4936 3620 4989 κατά
3643 4935 3706 4988 τὸ
3726 4937 3923 5006 ἡγεμοο

2368 5031 2536 5095 νικὸν,
2565 5031 2665 5083 οὐκ
2688 5029 2814 5084 ἀλλο
2843 5047 2895 5084 τι
2927 5025 2996 5101 ἦν
3021 5029 3052 5100 ἢ
3086 5031 3115 5083 ὀ
3140 5029 3289 5091 Θεός.
3342 5027 3604 5096 Μεγάλως
3628 5024 3722 5080 οὖν
3745 5043 3802 5080 σε
3827 5043 3921 5080 κα·

2367 5124 2528 5187 λέσας
2547 5165 2561 5189 ,
2592 5122 2839 5194 μεγάλως
2874 5122 3274 5193 ἐπαγγέλλομαι
3321 5122 3480 5190 τὰ-σά
3524 5120 3758 5190 φυλάξαι
3786 5136 3922 5189 μαρ-

2365 5234 2546 5269 τυοια.

2435 5234 2788 5375 ῗίέοέφθασα
2838 5307 2906 5360 ὲν
2950 5306 3130 5374 ἀωρίᾳ
3165 5303 3261 5356 καί
3316 5301 3625 5371 ἐκέκραξα.
3699 5299 3887 5371 ’Δωρία

2365 5401 2455 5454 τὸν
2484 5399 2690 5464 σκότον,
2727 5400 2840 5470 ἤτοι
2864 5399 2960 5470 τὴν
2990 5399 3246 5468 σύγχυσιν
3290 5397 3396 5449 τῶν
3442 5396 3778 5466 πραγμάτων
3820 5410 3918 5464 φη-

2368 5493 2439 5545 σί.
2489 5491 2674 5546 Ταῦτα
2699 5493 2756 5546 δὲ
2789 5491 2962 5560 λέγει’
2996 5490 3186 5544 Καίτοι
3215 5488 3323 5542 τῶν
3353 5487 3681 5560 παρανόμων
3709 5489 3765 5539 ἐν
3795 5500 3916 5551 συγ-

2364 5583 2516 5654 χύσει
2549 5585 2721 5640 πάντα
2751 5585 3061 5649 ποιούντων,
3095 5581 3262 5636 πολλά
3293 5575 3349 5636 ὲν
3377 5580 3454 5651 τῷ
3481 5579 3558 5651 σῷ
3586 5580 3732 5650 νόμῳ
3751 5575 3918 5632 ἐστοιο

2361 5693 2510 5746 χουν.
