4076 6308
165 348 271 406 505

1201 344 1573 398 EXPUSITIU
1613 343 1676 397 IN
1717 342 2047 399 PSALMUM
2085 343 2313 400 CXVIII.

3285 346 3386 400 506

233 469 654 536 Προσήττνσαν
679 467 728 515 οἱ
757 462 1213 528 χτιτιιδιώκοντές
1233 478 1308 530 με
1331 463 1562 530 ἀνομίᾳ.
1590 461 1698 513 Συνη

1889 459 2010 514 150.
2043 461 2596 531 Appropinquaveruut
2613 471 2970 530 persequentes
2993 477 3071 514 me
3094 463 3386 529 iniquitati.

161 562 305 631 ἧψαν
358 562 407 612 ot
441 557 800 626 πολεμοῦντες
853 573 918 625 με
959 557 1022 625 τῇ
1074 556 1298 625 ἀνομία,
1346 555 1524 624 φησίν.
1591 552 1724 605 οὐδὲ

158 655 270 723 γάρ
298 670 384 715 τις
414 651 599 705 διώκει
628 650 719 702 τὸν
763 649 968 701 δίκαιον
1005 647 1078 717 μὴ
1109 646 1303 717 ἀνομία
1344 649 1576 698 συνεῖναι
1609 644 1724 714 βου-

158 743 404 812 λόμενος.

243 833 447 902 Ἐγγύς
495 827 553 884 εἴ
595 831 706 892 σὺ,
759 831 954 897 Κύριε.
1045 829 1101 881 Ὀ
1127 827 1256 891 Θεὸς
1290 826 1518 897 ἀλλαχοῦ
1554 839 1720 896 φησιο

159 922 302 989 Θεὸς
328 921 566 991 ἐγγίζων
595 919 708 988 ἐγώ
733 923 847 988 εἰμι
864 959 878 980 ,
925 919 1018 971 καί
1045 919 1176 986 οὐχὶ
1215 918 1357 982 Θεὸς
1401 918 1718 984 πιῇρωθεν,

151 1014 317 1085 λέγει
345 1017 575 1081 Κύριος.
642 1012 703 1066 'H
735 1011 958 1081 δύναμις
1005 1011 1112 1080 γὰρ
1153 1009 1243 1063 τοῦ
1276 1006 1411 1060 Θεοῦ
1443 1005 1718 1075 πανταχοῦ

153 1105 271 1157 ἐστι
293 1145 306 1164 ,
339 1105 478 1156 κατά
505 1103 596 1155 τὸν
631 1101 728 1170 τῆς
758 1099 1115 1170 δημιουργίας
1139 1099 1230 1152 καὶ
1258 1099 1510 1170 προνοίας
1541 1097 1716 1164 λόγον.

225 1195 446 1264 Κρῖνον
483 1195 594 1260 τὴν
627 1195 826 1260 κρίσιν
849 1210 966 1261 μου
990 1231 1004 1255 ,
1039 1193 1131 1243 καί
1163 1190 1464 1259 λύτρωσαί
1481 1205 1587 1258 με,
1624 1187 1719 1240 διὰ

150 1287 258 1338 τὸν
284 1288 472 1353 λόγον
504 1301 616 1339 σου
662 1281 844 1349 CT;ch
881 1300 974 1351 με.
1031 1284 1201 1349 Λόγον
1245 1281 1343 1352 τὴν
1391 1279 1717 1348 ἐπαγγελίαν

151 1377 316 1447 φησίν
336 1394 350 1406 ·
383 1375 740 1446 ἐπηγγείλατο
764 1376 869 1445 γὰρ
895 1375 1064 1444 ἥξειν,
1100 1373 1190 1427 καὶ
1222 1372 1413 1426 σώσειν
1444 1372 1608 1442 ἡμᾶς.

221 1541 468 1609 Μαιρὰν
491 1542 603 1594 ἀπε)
635 1540 998 1610 ἁμαρτωλῶν
1035 1539 1320 1605 σωτηρία.
1390 1538 1492 1590 Ἢν
1531 1534 1716 1586 ἐπλεο-

147 1634 417 1702 νέκτησαν
443 1633 490 1684 οί
515 1631 768 1703 ἄρχοντες
788 1631 878 1684 τοῦ
897 1630 1089 1693 αἰῶνος
1109 1630 1319 1683 τούτου.
1347 1629 1472 1680 ’Ὅτι
1493 1625 1713 1680 δικαιώ-

141 1723 304 1794 ματά
330 1738 446 1778 σου
479 1725 585 1776 οὐκ
613 1721 994 1790 ἐξεζήτησαν.
1028 1722 1172 1791 Αὕτη
1204 1724 1236 1793 ὴ
1267 1721 1412 1774 αἰτία
1435 1719 1528 1772 τοῦ
1554 1733 1714 1770 κατα·

1825 550 1928 618 Qui
1991 553 2124 606 mihi
2192 554 2388 606 bellum
2448 553 2790 614 inferebant,
2844 555 3056 624 inquit,
3113 555 3386 624 iniquitati

1825 644 2021 697 addicti
2055 654 2229 698 erant.
2261 644 2430 698 Nemo
2472 647 2615 699 enim
2645 649 2850 712 justum
2881 648 3246 716 persequitur,
3282 649 3385 702 nisi

1825 735 2097 803 iniquitati
2138 738 2338 789 hzerere
2370 737 2514 790 \'t'III..

1895 827 2015 878 151.
2075 823 2242 892 Prope
2277 841 2328 877 es
2377 836 2454 888 tu,
2491 827 2707 878 Domine
2737 825 2867 892 (-19).
2917 826 3056 879 Dens
3103 827 3227 880 alibi
3260 829 3336 880 ait
3367 845 3381 880 :

1822 915 1961 969 Deus
1994 918 2415 986 appropinquans
2459 935 2549 988 ego
2587 936 2726 979 sum,
2756 928 2803 969 et
2849 934 2949 970 non
2983 917 3120 972 Deus
3144 937 3176 970 a
3213 919 3382 988 longe,

1819 1005 1947 1056 dicit
1972 1003 2226 1058 Dominus
2259 1007 2323 1056 ".
2358 1005 2489 1059 Nam
2535 1007 2623 1059 Dei
2654 1008 2827 1062 virtus
2871 1007 3067 1076 ubique
3096 1018 3199 1071 est,
3226 1009 3382 1078 juxta

1819 1097 2110 1150 creationis
2145 1108 2197 1150 et
2226 1099 2572 1164 providentia:
2601 1100 2888 1153 rationem.

1892 1185 2009 1238 154.
2041 1185 2239 1240 Judica
2261 1189 2527 1255 judicium
2561 1201 2705 1242 tuum
2728 1201 2774 1243 et
2809 1193 3005 1243 redime
3036 1207 3134 1254 me,
3170 1200 3382 1258 propter

1819 1276 2023 1328 uerbum
2068 1287 2215 1330 tuum
2247 1279 2449 1346 riviﬁca
2495 1295 2593 1332 me.
2625 1278 2856 1333 Verbum
2892 1280 3023 1333 dicit
3067 1281 3379 1348 promissio-

1818 1383 1960 1420 nem.
1996 1365 2128 1419 Nam
2157 1369 2402 1436 pI‘OIIlla'II
2429 1385 2487 1422 se
2525 1379 2809 1422 venturum
2860 1381 2914 1423 et
2935 1371 3161 1424 salutem
3193 1371 3380 1424 allatu-

1817 1470 1934 1507 rum
1966 1456 2142 1509 nobis.

1887 1547 2009 1600 155.
2040 1545 2214 1615 Longe
2241 1565 2271 1599 a
2295 1549 2650 1614 peccatoribus
2676 1549 2843 1602 salus.
2869 1547 3071 1602 Contra
3103 1565 3264 1618 quam
3292 1566 3378 1604 ss-

1816 1637 1978 1690 lutem
2007 1639 2236 1706 superbe
2262 1650 2486 1708 egerunt
2515 1641 2782 1708 principes
2815 1640 2996 1694 smeuli
3026 1643 3206 1710 hujus.
3239 1642 3378 1706 Quia

1805 1729 2215 1797 justiﬁcatioues
2255 1740 2373 1782 tuas
2403 1747 2502 1783 non
2529 1733 2906 1800 exquisiertmt.
2947 1730 3071 1786 Haec
3102 1749 3263 1787 causa
3295 1745 3378 1789 est

144 1814 362 1867 διώκειν
392 1813 483 1866 τὸν
522 1813 728 1866 δίκαιον
751 1853 765 1876 ,
813 1812 870 1864 τὸ
897 1812 1112 1882 μακρὰν
1146 1811 1366 1872 ἑαυτοὺς
1403 1807 1698 1876 ἀποστῆσαι

1809 1820 2134 1888 curjustum
2165 1823 2430 1890 persecuti
2460 1834 2606 1885 sunt,
2640 1823 2783 1892 quod
2813 1824 2970 1894 longe
3011 1827 3377 1880 abscesserunt

144 1906 235 1958 τοῦ
276 1904 422 1958 θείου
455 1905 639 1974 νόμου.

226 2001 291 2052 Οί
324 1997 609 2066 οίκτιρμοί
630 2013 744 2050 σου
776 1994 1228 2062 πο.ί.ιοί,’Κύριε.
1263 1994 1493 2062 Ἔγνων,
1519 1993 1701 2064 φησιν,

141 2088 214 2150 ὡς
239 2086 586 2157 διεμαρτύρω
608 2085 704 2148 τὰς
724 2084 937 2147 ἐντολὰς
966 2086 1124 2154 ἡμῖν,
1152 2085 1230 2136 ὅτι
1262 2082 1464 2152 βέεαιοί
1483 2087 1586 2136 sict
1613 2086 1704 2138 καὶ

141 2179 551 2249 ἀμετακίνητοι.
585 2178 753 2230 τοῦτο
775 2177 878 2246 γὰρ
900 2175 1048 2246 δηλοί
1080 2176 1172 2226 καὶ
1195 2175 1251 2224 ἐν
1278 2174 1353 2244 τῷ
1375 2174 1486 2226 ἄνω
1516 2175 1699 2244 στίχῳ,

138 2273 199 2324 τὸ
217 2311 233 2336 ,
261 2271 400 2326 Κατ’
433 2270 621 2340 ἀρχὰς
643 2269 835 2340 ἔγνων
865 2270 930 2321 ἐκ
961 2265 1074 2320 τῶν
1096 2267 1430 2335 μαρτυρίων
1461 2283 1593 2318 σου.

209 2359 392 2416 Εἶδον
421 2361 861 2424 ἀσυνετοῦντας
879 2401 892 2420 .
930 2359 1026 2411 καί
1056 2359 1440 2427 ἐξετηκόμην.
1494 2358 1560 2410 Εἴ
1583 2375 1702 2411 τινα

135 2453 359 2523 ἑώρακα
389 2453 463 2524 μὴ
495 2453 739 2505 συνιέντα
764 2450 873 2517 ἐγὼ
893 2491 907 2513 ,
956 2452 1047 2503 ἐπὶ
1073 2450 1161 2502 τὸν
1198 2450 1431 2502 τοιοῦτον
1453 2449 1702 2520 ἐξετηκό-

139 2561 248 2616 μην
271 2546 383 2597 ἀπὸ
412 2543 503 2597 τοῦ
538 2543 699 2613 ζήλου
729 2545 865 2595 κατὰ
897 2543 992 2611 τὴν
1028 2541 1350 2594 θεοσέϐειαν.

213 2634 353 2698 Ἰδὲ,
405 2633 493 2688 ὅτι
530 2635 633 2701 τὰς
664 2633 915 2699 ἐντολάς
962 2650 1076 2686 σου
1127 2632 1442 2700 ἠγάπησα,
1503 2632 1696 2698 Κύριε.

139 2727 300 2797 Ὀψει
331 2727 437 2796 γὰρ
468 2729 524 2779 ἐν
561 2727 684 2795 ἐμοὶ
714 2726 819 2778 τῶν
851 2725 1068 2792 ἀγαθῶν
1101 2725 1274 2794 ἔργων
1305 2725 1428 2788 τοὺς
1461 2723 1662 2787 τύπους
1681 2741 1694 2754 ·

132 2820 194 2873 οὐ
225 2819 337 2889 γὰρ
370 2817 554 2880 ἁπλῶς
579 2819 844 2887 ἐτήρησα,
875 2815 988 2868 ἀλλ’
1023 2816 1280 2884 ἠγάπησα
1300 2857 1314 2880 ,
1368 2816 1529 2885 μηδὲν
1561 2816 1698 2884 ἔχων

134 2911 274 2980 πρὸς
300 2908 503 2971 ταύτας
525 2907 954 2977 ἠναγκασμένον.
993 2905 1127 2957 Ἀλλ’
1148 2905 1296 2957 οὐδὲν
1314 2901 1472 2977 ἦττον
1500 2904 1698 2956 ἐλεοῦν-

131 3003 222 3067 τός
251 3019 347 3055 σου
379 3000 564 3071 δέομαι
603 3000 738 3070 πρὸς
766 2999 826 3052 τὸ
852 2998 1010 3070 ζῆσαί
1046 3015 1132 3067 με.

215 3089 397 3158 Ἀρχὴ
421 3088 535 3142 τῶν
555 3091 751 3156 λόγων
770 3105 883 3140 σου
907 3087 1173 3151 ἀλήθεια.
1203 3084 1348 3156 Αὕτη
1372 3085 1561 3157 πρώτη
1587 3083 1695 3137 τῶν

133 3181 240 3233 σῶν
267 3181 474 3233 δέδοται
501 3178 748 3240 ἐντολῶν,
777 3178 838 3229 τὸ
859 3178 1141 3246 ἀληθεύειν
1167 3181 1223 3230 ἐν
1250 3180 1402 3243 πᾶσι,
1440 3179 1532 3229 καὶ
1564 3146 1768 3246 ’τειρόι--ίΞ

132 3271 232 3337 ist,
269 3270 364 3324 καὶ
396 3270 556 3341 λόγῳ,
593 3269 686 3323 κα)⁴
711 3268 933 3338 διανοίᾳ.

201 3365 524 3430 Ἄρχοντες
550 3360 910 3423 κατεδίωξὰν
925 3378 999 3430 με
1028 3358 1270 3427 δωρεάν.
1326 3358 1574 3412 Ἐθλιϐόν
1603 3377 1690 3428 με,

128 3454 291 3522 φησὶν
313 3493 330 3516 ,
365 3455 412 3505 oi
441 3452 578 3505 κατὰ
611 3453 830 3521 καιροὺς
865 3452 1121 3522 ἄρχοντες
1147 3491 1158 3513 ,
1208 3451 1389 3523 ἐχθροὶ
1417 3452 1566 3514 ὅντες
1594 3452 1694 3518 τῆς

126 3545 404 3613 ἀληθείας.
455 3543 590 3595 Ἀλλ’
630 3544 690 3595 ού
726 3543 936 3596 δέδοικα
965 3543 1060 3605 τὰς
1088 3545 1310 3596 ἐκείνων
1343 3546 1568 3613 ϐλίψεις,
1602 3546 1692 3598 τὸν

128 3637 218 3690 σὺν
249 3635 408 3703 λόγον
433 3633 701 3697 δεδοικώς.
737 3635 846 3688 Καὶ
879 3637 1028 3698 ποῖος
1060 3628 1233 3698 οὗτος,
1271 3635 1304 3706 ἢ
1333 3637 1393 3688 τό
1413 3654 1424 3665 ·
1459 3636 1554 3701 Μὴ
1583 3653 1688 3703 5:0-

125 3727 348 3794 ϐήθητε
375 3726 492 3780 ἀπὸ
523 3725 639 3778 τῶν
669 3727 1140 3780 ἀποκτεινόντων
1168 3726 1230 3779 τὸ
1264 3726 1461 3796 σῶμα,
1485 3725 1598 3792 τὴν
1625 3724 1692 3778 δὲ

122 3813 340 3882 ⁴ψυχὴν
375 3813 713 3867 ἀποκτεῖναι
756 3813 840 3882 μὴ
879 3814 1255 3884 δυναμένων·
1299 3817 1592 3886 φοϐήθητε
1625 3816 1692 3870 δὲ

118 3902 361 3972 μᾶλλον
382 3905 486 3956 τὸν
509 3903 844 3974 δυνάμενον
869 3905 966 3958 καὶ
995 3906 1205 3975 ψυχὴν
1231 3906 1516 3977 καὶσῶμα
1541 3909 1684 3962 ἀποο

121 3996 302 4050 ,ιέσιιι
334 3999 416 4060 εἰς
446 3995 700 4066 γεέν-νην
719 4013 737 4058 ;

202 4087 668 4157 Ἀτῑιλλιάσομαι
718 4089 836 4158 ἐγὼ
875 4091 972 4143 ἐπὶ
1021 4091 1090 4144 τὰ
1111 4089 1281 4157 λετ]νὰ
1323 4106 1459 4152 σου,
1527 4090 1606 4156 ὡς
1657 4094 1689 4144 ὀ

119 4181 419 4247 εὑρίσκων
462 4182 663 4236 σκῦλα
714 4183 930 4237 πολλά.
994 4185 1067 4236 Οὐ
1124 4185 1272 4254 φόϐῳ
1305 4185 1360 4238 δὲ
1403 4186 1559 4255 μόνον
1592 4184 1689 4255 τὴν

121 4271 367 4343 ὑπακοὴν
399 4273 497 4344 τὴν
531 4273 664 4344 πρὸς
720 4276 842 4338 τοὺς
899 4275 1074 4338 Θείους
1118 4275 1306 4343 λόγους
1364 4277 1686 4347 πεποιῆσθαί

120 4381 284 4433 φησιν
304 4404 319 4428 ,
356 4363 489 4417 ἀλλὰ
521 4365 611 4415 καὶ
637 4367 812 4436 χαρᾷ,
847 4365 965 4434 ἥτις
995 4367 1086 4418 ἐπὶ
1116 4365 1327 4436 πλούτῳ
1353 4373 1530 4439 χαίρει
1555 4368 1684 4420 πολ-

1809 1926 1838 1964 a
1866 1911 2047 1964 divina
2085 1911 2218 1979 lege.

1885 2003 2008 2057 156.
2065 2001 2444 2056 Misericordia
2494 2016 2598 2056 tua,
2656 2005 2867 2069 multa,
2922 2006 3160 2062 Domine.
3218 2005 3373 2069 Novi,

1808 2091 2004 2160 inquit,
2039 2102 2089 2146 te
2112 2095 2456 2147 teStiticatum
2476 2107 2596 2145 esse
2617 2093 2793 2152 nobis,
2828 2107 3092 2165 przecepta
3112 2107 3200 2150 tua
3224 2098 3375 2152 tit-ma

1806 2192 1859 2236 et
1893 2184 2111 2236 immota
2165 2199 2306 2239 esse.
2355 2183 2467 2238 Hoc
2506 2185 2648 2237 enim
2681 2185 2949 2254 signiﬁcat
2990 2190 3042 2242 iu
3097 2189 3374 2258 superiore

1805 2289 1964 2326 versu
1993 2292 2005 2327 :
2037 2273 2200 2327 Initio
2218 2277 2432 2342 cogitari
2462 2278 2526 2331 de
2550 2280 2860 2334 testimoniis
2893 2281 3016 2334 tuis.

1879 2363 2002 2418 158.
2044 2363 2607 2434 Vidiprwvaricautes,
2657 2379 2705 2422 et
2753 2372 3095 2425 tabescebam.
3130 2369 3185 2425 Si
3208 2386 3369 2440 quem

1804 2457 2050 2510 videbam
2081 2472 2188 2510 non
2223 2457 2636 2530 iutelligeutem,
2679 2460 2798 2530 ejus
2825 2477 2989 2517 causa
3011 2478 3074 2516 ex
3109 2463 3225 2516 zelo
3257 2464 3370 2532 pie-

1803 2548 1930 2601 tatis
1949 2563 2048 2617 ego
2077 2549 2441 2602 tabescebam.

1875 2641 1995 2693 159.
2051 2639 2177 2693 Vide
2212 2642 2463 2709 quoniam
2503 2646 2755 2695 mandata
2785 2654 2877 2696 tua
2905 2644 3088 2702 dilexi.
3127 2645 3366 2700 Domine.

1806 2725 2028 2786 Videbis
2044 2731 2186 2786 enim
2219 2733 2270 2786 iu
2296 2749 2380 2786 me
2411 2735 2677 2787 bonorum
2708 2749 2934 2802 operum
2971 2739 3221 2808 vesnigia.
3253 2735 3369 2793 Non

1803 2834 2012 2880 tantum
2036 2827 2180 2880 enim
2210 2827 2513 2891 observavi,
2549 2827 2641 2881 sed
2665 2827 2827 2880 etiam
2847 2827 3029 2891 dilexi,
3069 2831 3214 2883 nulla
3235 2831 3281 2883 vi
3302 2833 3368 2886 a'l

1805 2932 1868 2971 ea
1899 2917 2186 2987 impulsus.
2217 2916 2415 2972 Verum
2445 2919 2801 2974 nihilominus
2834 2936 2963 2990 rogo
3003 2931 3053 2974 te
3086 2923 3358 2976 miseratu-

1801 3025 1915 3063 rem
1957 3019 2015 3064 ut
2039 3011 2286 3066 viviﬁces
2323 3027 2427 3065 me.

1875 3103 1996 3156 160.
2037 3103 2361 3172 Principium
2411 3104 2680 3158 verborum
2734 3115 2943 3158 tuorum
2996 3108 3204 3161 veritas.
3253 3105 3366 3161 Hoc

1799 3194 2033 3261 primum
2071 3203 2155 3246 est
2181 3203 2570 3261 praeceptorum
2597 3204 2836 3258 tuorum,
2869 3203 2927 3249 ut
2948 3211 3168 3252 veraces
3191 3198 3364 3252 simus

1795 3283 1848 3336 in
1879 3283 2156 3346 omnibus,
2188 3300 2370 3354 opere,
2403 3286 2585 3346 verbo,
2622 3294 2820 3340 tuente.

1865 3371 1986 3425 161.
2026 3371 2302 3440 Principes
2341 3376 2593 3442 persecuti
2633 3385 2754 3427 sunt
2797 3392 2875 3429 me
2907 3378 3093 3445 gratis.
3133 3375 3238 3442 Me,
3275 3377 3360 3430 in.

1792 3464 1930 3533 quit,
1978 3463 2304 3533 amigebaut,
2349 3466 2442 3535 qui
2491 3467 2657 3520 variis
2701 3467 3036 3535 temporibus
3086 3467 3358 3537 principes

1793 3555 1963 3619 fuere,
2003 3567 2186 3626 utpote
2225 3559 2467 3614 veritatis
2511 3560 2732 3614 inimici.
2769 3561 2836 3614 At
2876 3577 3064 3614 eorum
3108 3577 3360 3630 persecu-

1791 3647 1966 3700 tiones
2020 3661 2125 3699 nou
2174 3648 2488 3713 reformido,
2534 3651 2625 3703 sed
2685 3651 2858 3701 solum
2907 3649 3128 3704 verbum
3182 3662 3356 3705 tuum.

1791 3737 2076 3804 Quodnam
2106 3740 2236 3794 illud
2277 3751 2380 3805 est,
2415 3741 2520 3796 nisi
2555 3760 2568 3795 :
2615 3739 2795 3794 Nolite
2829 3743 3014 3794 timere
3054 3741 3118 3794 ab
3161 3741 3227 3794 iis
3267 3743 3357 3810 qui

1792 3833 2033 3884 occidunt
2051 3848 2259 3901 corpus,
2294 3834 2525 3887 animam
2543 3844 2717 3887 autem
2742 3851 2841 3887 non
2862 3844 3073 3904 possunt
3091 3834 3321 3886 occidere
3337 3849 3355 3886 :

1792 3925 1882 3978 sed
1906 3925 2080 3992 potius
2113 3928 2288 3979 timete
2320 3942 2437 3979 eum
2481 3928 2570 3991 qui
2600 3935 2768 3995 potest
2799 3939 2846 3981 et
2889 3928 3121 3981 animant
3149 3937 3198 3980 et
3240 3943 3358 3980 cor-

1788 4031 1883 4082 pus
1910 4017 2120 4082 perdere
2143 4017 2197 4067 iu
2226 4017 2507 4085 gehennam
2533 4018 2577 4047 ⁷ο
2602 4017 2625 4069 ?

1865 4106 1987 4160 162.
2023 4105 2270 4161 Ltetabor
2313 4125 2405 4178 ego
2450 4125 2604 4173 super
2655 4107 2862 4179 eloquia
2907 4120 3022 4173 tua,
3072 4110 3209 4160 sicut
3263 4111 3355 4178 qui

1789 4199 1981 4252 invenit
2042 4201 2210 4268 spolia
2266 4201 2454 4254 multa.
2521 4198 2636 4253 Non
2693 4201 2885 4255 timore
2917 4210 3125 4254 tantum
3177 4217 3235 4255 sc
3284 4202 3354 4253 ad

1791 4290 2197 4360 obsequendum
2230 4289 2430 4346 divinis
2459 4292 2641 4346 verbis
2688 4294 2884 4348 adduci
2927 4294 3023 4358 ait,
3062 4294 3153 4347 sed
3186 4293 3348 4346 etiam

1788 4382 2010 4449 gaudio.
2041 4383 2187 4452 quod
2220 4385 2287 4437 de
2334 4384 2572 4452 acceptis
2613 4384 2818 4440 leIIIIS
2860 4401 3210 4454 permagnum
3247 4395 3349 4440 est.

117 4453 202 4508 λά.
265 4453 611 4524 Βεϐαιωτέρα
655 4454 710 4506 δὲ
762 4456 989 4526 τήρησις
1035 4458 1068 4526 ἡ
1108 4459 1163 4509 ἐν
1215 4459 1356 4527 χαρᾷ
1405 4460 1681 4530 γινομένη.

1798 4471 2026 4527 Firmior
2055 4485 2234 4528 autem
2257 4484 2340 4529 est
2368 4475 2676 4529 observatio
2703 4491 2766 4530 ex
2791 4477 2987 4546 gaudio
3017 4486 3188 4546 parta.
3213 4477 3349 4530 Cum

118 4545 401 4616 Πολεμίων
421 4545 476 4598 δὲ
497 4545 797 4599 διωκόντων
822 4547 1096 4618 μνησθεὶς,
1121 4549 1211 4601 καὶ
1238 4549 1444 4602 σκύλων
1467 4551 1690 4615 εἰκότως

117 4637 384 4708 ἐμνήσθη.
417 4637 530 4690 Oi»:
557 4637 622 4690 ἂν
650 4638 775 4708 γὰρ,
802 4640 954 4709 φησι,
981 4639 1186 4703 πάντας
1207 4641 1407 4696 ἀνελὼν
1438 4645 1530 4696 καὶ
1560 4660 1688 4696 σκυ-

115 4729 334 4792 λεύσας,
358 4728 608 4782 τοσοῦτον
633 4729 835 4801 ᾠήθην,
860 4730 935 4793 ὡς
962 4731 1052 4783 ἐπὶ
1074 4735 1184 4793 τοῖς
1213 4733 1388 4801 λόγοις
1411 4738 1524 4798 τοῖς
1554 4739 1682 4798 σοῖς.

116 4823 327 4891 (ϐοτά.)
361 4823 542 4885 Ποίοις
590 4821 800 4889 λόγοις,
851 4822 883 4892 ἢ
921 4824 1047 4895 περὶ
1089 4817 1163 4877 ὧν
1195 4825 1339 4894 λέγει
1369 4828 1398 4879 ό
1439 4827 1680 4890 Παύλοςο

112 4914 338 4984 Πρῶτοι
391 4921 503 4984 γάρ
550 4917 987 4987 ἐπιστεύσαμεν
1018 4916 1090 4970 τὰ
1137 4919 1310 4988 λόγια
1353 4919 1457 4974 τοῦ
1511 4919 1679 4984 Θεοῦ,

111 5009 239 5080 περὶ
267 5007 378 5062 τῶν
423 5008 686 5062 Ἰουδαίων
720 5009 962 5078 φάσκων.

174 5099 443 5155 Ἀδικίαν
456 5101 739 5170 ἐμίσησα,
759 5118 810 5154 κ.
831 5118 880 5154 τ.
900 5101 948 5153 λ.
967 5101 1040 5155 Οὐ
1061 5102 1169 5172 γὰρ
1201 5102 1320 5155 κατ’
1349 5103 1586 5166 ἐκείνους
1606 5121 1682 5156 νε-

109 5193 237 5264 κρὸν
257 5193 444 5263 ἡμυνα
466 5192 558 5244 καὶ
585 5192 755 5246 σκῦλα
780 5191 956 5246 λαϐὼν
983 5191 1363 5264 βδελύττομαι·
1391 5194 1548 5264 μόνον
1569 5195 1676 5266 γὰρ

105 5285 378 5354 ὠφέλιμον
404 5285 616 5338 ἀδικίαν
642 5284 1047 5353 βδελύττεσθαιο
1084 5287 1164 5339 διό
1195 5303 1288 5339 σου
1321 5288 1412 5339 καὶ
1449 5287 1672 5351 δεόντως

107 5377 197 5429 τὸν
219 5379 383 5450 νόμον
400 5381 598 5450 νοήσας
626 5381 904 5453 ἠγάπησα,
933 5383 1192 5453 μηδαμῶς
1217 5383 1378 5436 αὑτὸν
1395 5383 1564 5437 ἕλκων
1581 5385 1671 5436 ἐπὶ

175 5575 218 5606 ⁸⁸
241 5574 443 5630 Icretu.
474 5594 599 5642 xxv,
631 5577 719 5632 “'25.
785 5580 829 5610 '“’
864 5579 1050 5636 Matth.
1088 5600 1140 5643 .v.
1165 5584 1252 5638 ‘18.

175 5756 282 5822 (19)
316 5758 372 5813 In
400 5757 460 5814 Il.
501 5761 532 5814 2
560 5760 677 5816 btet:
704 5759 957 5817 dicuntur
982 5760 1227 5830 Origcnis
1260 5783 1398 5820 esse.

1335 5589 1374 5618 "
1405 5588 1560 5645 Rom.
1593 5609 1673 5658 ιιι,
1715 5594 1762 5649 2.

1786 4574 1966 4617 autem
2017 4575 2404 4635 persequentes
2458 4567 2712 4621 inimicos
2777 4570 3180 4632 memoraverit,
3225 4569 3350 4637 jure

1783 4655 2083 4724 Spoliorum
2111 4657 2442 4712 mentionem
2469 4656 2617 4713 fecit.
2647 4657 2779 4713 Nam
2814 4662 2859 4715 si
2905 4676 3117 4722 omnes,
3147 4662 3343 4731 inquit,

1780 4746 1847 4801 de
1875 4747 2053 4801 medio
2099 4750 2443 4805 sustulissem
2493 4766 2556 4806 ac
2600 4753 2942 4821 spoliassem,
2986 4770 3093 4807 nou
3129 4757 3261 4809 tanti
3292 4757 3344 4810 id

1781 4837 2036 4901 facerem,
2076 4841 2265 4908 quanti
2298 4843 2461 4895 verba
2480 4851 2593 4897 tua.
2623 4831 2979 4913 (Corderius.)
3009 4847 3139 4913 Qua:
3159 4848 3341 4911 verba,

1781 4930 1884 4984 nisi
1913 4930 1981 4985 de
2006 4932 2205 5000 quibus
2236 4930 2436 4988 Paulus
2466 4952 2478 4988 :
2511 4933 2681 4989 Primi
2705 4939 2840 4990 enim
2878 4938 3194 4992 credidimus
3235 4941 3345 4994 elo-

1779 5023 1906 5091 quia
1938 5020 2034 5075 Dei
2073 5024 2141 5089 τι,
2170 5024 2236 5078 de
2264 5022 2467 5082 Iudaeis
2497 5028 2764 5097 loquens?

1850 5115 1973 5169 165.
2019 5114 2366 5186 Iniquitatem
2412 5119 2533 5172 odio
2562 5121 2743 5188 habui,
2770 5133 2873 5177 etc.
2899 5121 3014 5176 Non
3038 5103 3185 5178 enim
3215 5141 3340 5195 per-

1778 5207 1903 5262 inde
1953 5219 2115 5279 atque
2167 5211 2281 5276 illi,
2344 5221 2620 5267 mortuum
2670 5216 2813 5270 ultus
2871 5232 3012 5281 smn,
3059 5227 3111 5271 et
3170 5217 3339 5285 raptis

1779 5300 1987 5371 spoliis,
2029 5302 2208 5371 ipsum
2251 5304 2598 5361 abominatus
2645 5323 2788 5361 sum.
2820 5306 2950 5361 Nam
2994 5308 3336 5377 iniquitatem

1778 5389 1950 5447 solam
1976 5389 2280 5448 abominari
2315 5393 2447 5450 utile
2471 5408 2573 5452 est.
2597 5395 2775 5463 Quare
2809 5408 2954 5452 tuam
2986 5401 3154 5468 legem
3185 5396 3336 5452 nucl-
