4094 6312
718 368 824 423 5οῚ

1548 364 1605 418 S.
1652 363 2023 418 ATHAN‘ASH
2066 362 2216 416 OPP.
2259 359 2438 415 PARS
2480 361 2566 415 lll.
2601 390 2670 401 —
2715 358 3122 417 EXEGETICA.

3834 348 3928 405 508

716 486 910 553 ligens,
945 484 1019 536 uti
1048 498 1140 552 par
1178 492 1294 537 erat
1331 483 1517 544 dilexi,
1563 484 1870 537 nullatenus
1904 499 2021 537 eam
2059 484 2279 536 trahens

2382 481 2448 532 τά
2483 481 2664 548 γήϊνα.
2719 481 2906 550 Ἡμεῖς
2943 479 3047 548 γὰρ
3075 476 3148 539 ὡς
3179 471 3584 543 συνεγερθέντες
3617 465 3835 540 Χριστῷ
3869 468 3929 520 τὰ

717 579 785 631 ad
840 587 1070 632 terrena.
1121 574 1231 630 Nos
1273 577 1415 629 enim
1472 587 1657 644 utpote
1714 593 1818 630 una
1878 593 2000 630 cum
2059 575 2278 630 Christo

717 670 1046 733 resuscitati,
1075 683 1304 737 superna
1328 669 1638 738 quierimus,
1676 687 1780 722 non
1806 680 2036 723 terrena.

790 762 909 816 ιδι.
945 759 1140 830 Septies
1178 761 1229 813 in
1277 761 1360 813 die
1387 760 1595 813 laudem
1625 763 1738 814 dia'i
1789 763 1903 815 tibi.
1961 759 2062 814 Per
2109 769 2277 813 tOIam

717 855 881 908 vitam
914 869 1066 908 suam
1099 853 1433 906 illuminatus
1459 854 1550 920 qui
1588 853 1771 920 justus
1799 863 1900 913 est,
1947 853 1997 904 in
2044 851 2276 919 perfecta

717 947 802 999 die
832 946 1158 1006 versabitur,
1195 959 1300 997 non
1329 945 1624 1012 interrupta
1659 961 1750 1012 per
1776 956 2009 1008 noctem,
2042 954 2092 997 et
2117 957 2278 1010 supra

715 1037 978 1092 mundum
1028 1038 1267 1090 elevatus
1320 1035 1486 1089 Deum
1535 1037 1734 1104 septies
1780 1037 1984 1098 laudat,
2025 1051 2089 1091 eo
2135 1037 2275 1104 quod

715 1149 879 1201 supra
920 1133 1181 1185 mundum
1208 1147 1298 1186 sex
1339 1131 1529 1185 diebus
1575 1132 1847 1184 conditum
1884 1131 2276 1194 insurrexerit;

715 1224 972 1276 nimirum
1017 1224 1069 1276 in
1115 1223 1366 1291 paradiso
1401 1221 1495 1276 Dei
1532 1223 1882 1285 constitutus,
1910 1222 2202 1276 creatiouis
2228 1231 2280 1275 et

714 1314 1062 1380 providentize
1088 1313 1175 1366 Dei
1209 1317 1475 1367 rationem
1508 1313 1928 1381 contemplatus,
1958 1313 2130 1381 ipsum
2159 1312 2278 1365 lau-

714 1405 806 1458 dat
833 1422 994 1474 super
1027 1406 1230 1475 judicia
1273 1406 1497 1474 justitia:
1545 1404 1658 1459 Dei.
1701 1405 2010 1458 Secundum
2047 1420 2108 1458 ea
2151 1419 2280 1458 vero

709 1497 950 1565 judicia,
1036 1499 1374 1566 singulorum
1463 1497 1816 1563 multiplicem
1887 1493 2280 1564 providentiam

713 1593 896 1659 gessit.
921 1591 1090 1658 (.l’ius
1114 1593 1319 1659 codex.)
1346 1589 1439 1644 liis
1462 1590 1731 1658 signiﬁcat
1762 1588 1970 1642 laudem
2003 1602 2279 1655 nunquam

713 1683 1071 1736 desinentem.
1118 1684 1360 1751 semper,
1416 1683 1510 1748 ait,
1573 1698 1781 1736 memor
1826 1681 2278 1750 fui,judiciorum

713 1783 958 1837 tuorum,
991 1792 1110 1841 quae
1132 1777 1274 1840 juste
1305 1775 1477 1828 tulisti
1511 1793 1525 1840 ;
1557 1775 1896 1844 principibus
1927 1772 2019 1842 qui
2052 1771 2279 1841 superbe

2381 570 2490 624 άνω
2519 570 2783 643 ζητοῦμεν
2803 611 2817 635 ,
2845 570 2904 623 οὐ
2932 570 3001 622 τά
3027 569 3116 621 ἐπὶ
3139 565 3242 635 τῆς
3270 565 3389 633 γῆς.

2462 751 2735 814 Ἐπτάκις
2760 749 2868 816 τῆς
2905 748 3126 817 ἡμέρας
3156 744 3345 814 ᾔνεσά
3372 760 3489 798 σοι.
3546 743 3682 812 Παρ’
3705 742 3825 795 ὅλον
3854 740 3932 794 to»

2383 843 2494 911 βίον
2516 843 2679 896 αὑτοῦ
2709 843 2736 894 6
2758 843 2964 904 δίκαιος
2991 840 3350 910 φωτιζόμενος
3375 841 3428 891 ἐν
3461 837 3641 908 ἡμέρᾳ
3673 836 3825 887 ἔσται
3857 851 3932 885 τεο

2380 933 2498 1003 λείᾳ
2519 973 2533 994 ,
2568 933 2628 984 οὺ
2686 930 3122 1002 μεσολαϐουμένῃ
3153 929 3254 981 ὑπὸ
3297 927 3486 990 νυκτός
3508 946 3520 958 ο
3559 927 3654 979 καὶ
3685 928 3825 977 αἰνεῖ
3854 927 3935 976 τὸν

2380 1022 2510 1074 θεὸν
2541 1022 2767 1086 ἑπτάκις
2798 1020 3160 1091 ὑπερκόσμιος
3188 1017 3422 1088 γεγονὼς
3441 1057 3455 1082 ,
3503 1016 3596 1069 τοῦ
3629 1017 3740 1069 ἄνω
3775 1033 3933 1084 κεχω-

2385 1115 2609 1184 ρηκέναι
2628 1113 2719 1166 τοῦ
2747 1115 2803 1164 ἐν
2828 1112 2885 1176 ἓξ
2908 1111 3138 1182 ἡμέραις
3155 1109 3441 1180 γενομένου
3467 1109 3671 1179 κόσμου
3693 1124 3706 1136 ·
3734 1106 3827 1159 άτε
3853 1107 3936 1156 γαί

2384 1209 2440 1259 ὲν
2470 1206 2548 1276 τῷ
2584 1206 2892 1277 παραδείσῳ
2926 1203 3018 1256 τοῦ
3045 1202 3178 1256 Θεοῦ
3204 1202 3581 1271 γεγενημένος,
3612 1200 3703 1251 τὸν
3735 1199 3833 1266 τῆς
3861 1197 3917 1264 δη

2387 1295 2670 1366 μιουργίας
2705 1297 2797 1348 καὶ
2825 1293 3080 1363 προνοίας
3134 1290 3268 1344 Θεοῦ
3307 1291 3461 1358 λόγον
3496 1289 3820 1360 Οεωρήσας,
3857 1289 3934 1348 ἑξ-

2382 1387 2720 1456 ομολογείται
2743 1387 2833 1438 ἐπὶ
2846 1385 2912 1438 τὰ
2931 1384 3173 1455 κρίματα
3187 1382 3282 1453 τῆς
3302 1379 3640 1451 δικαιοσύνης
3660 1379 3756 1432 τοῦ
3779 1378 3908 1430 Θεοῦ
3925 1396 3934 1404 “

2384 1479 2504 1532 καθ’
2552 1480 2587 1532 ἃ
2619 1480 2862 1550 κρίματα.
2896 1478 3137 1531 ἑκάστων
3186 1475 3429 1544 ποικίλην
3461 1474 3820 1544 δημιουργίαν
3852 1473 3936 1522 καὶ

2387 1570 2639 1641 πρόνοιαν
2669 1571 2842 1639 ἔσχεν.
2875 1569 2948 1622 Τὸ
2979 1566 3312 1622 άδιάλειπτόν
3339 1582 3521 1635 φησιν.
3565 1565 3728 1632 Λέγει
3760 1564 3836 1624 δὲ,
3862 1565 3938 1615 ὅτι

2383 1661 2670 1724 διαπαντὸς
2724 1660 3087 1731 ἐμνημόνευον
3119 1659 3224 1710 τῶν
3273 1655 3377 1709 σῶν
3408 1657 3722 1727 κριμάτων,
3773 1648 3844 1708 ὧν
3870 1655 3940 1706 δι·

2384 1754 2552 1818 καίως
2582 1755 2891 1824 ἐπήγαγες·
2947 1752 3073 1814 τοὺς
3119 1753 3213 1820 μὲν
3258 1751 3755 1818 πλεονεκτήσαντας
3786 1747 3938 1801 ὲκόα-

713 1869 943 1934 agebant
980 1867 1183 1934 ejectis,
1237 1868 1303 1920 iis
1352 1881 1478 1921 vero
1525 1868 1616 1936 qui
1661 1867 1857 1936 injuria
1912 1865 2278 1922 adiciebantur

2382 1845 2486 1900 λὼν
2518 1848 2803 1918 ἄρχοντας,
2831 1845 2956 1908 τοὺς
2981 1843 3038 1898 δὲ
3075 1842 3422 1913 ἀδικηθέντας
3457 1842 3886 1912 λυτρωσάμενος.

711 1956 974 2009 liberatis.

785 2046 908 2101 17ος
957 2048 1342 2118 Appropinquet
1371 2049 1663 2117 deprecatio
1691 2065 1868 2100 mea...
1902 2045 2068 2099 Intret
2101 2047 2277 2116 digni-

716 2147 795 2190 tas
836 2155 950 2190 mea
997 2141 1051 2190 in
1101 2149 1376 2209 conspectu
1430 2150 1542 2205 tuo,
1599 2139 1834 2192 Domine.
1886 2136 2019 2192 Vide
2069 2147 2274 2192 rectum

712 2227 1021 2280 divinorum
1051 2229 1338 2282 verborum
1381 2231 1648 2284 ordinem.
1686 2229 1926 2282 Primum
1953 2229 2096 2282 enim
2122 2232 2277 2298 poni-

713 2329 823 2384 tur,
869 2321 1259 2389 appropinquat,
1314 2321 1527 2385 deiude,
1579 2322 1723 2391 quod
1763 2324 1937 2390 majus
1977 2329 2078 2382 est,
2118 2322 2277 2374 intret

714 2409 1005 2476 postulatio
1045 2428 1158 2463 mea
1199 2427 1216 2463 :
1267 2422 1391 2464 ante
1438 2414 1745 2481 ingressum
1792 2416 1935 2466 enim
1984 2416 2276 2484 appropin-

713 2503 1008 2569 quaudum.
1059 2500 1191 2554 Nam
1236 2503 1326 2554 ubi
1369 2504 1820 2571 appropinquavit
1861 2505 2131 2574 quispiam
2183 2505 2279 2558 do-

715 2607 901 2653 mum,
976 2593 1020 2644 si
1075 2594 1145 2646 sit
1201 2594 1410 2648 amicus
1467 2597 1896 2663 patrislamilias,
1959 2597 2278 2665 ingreditur.

713 2683 882 2748 Quam
945 2693 1120 2737 autem
1168 2680 1601 2753 deprecationem
1659 2689 1892 2752 vocarit,
1952 2705 2096 2743 nunc
2150 2689 2280 2742 dicit

711 2775 1047 2844 dignitatem,
1081 2794 1109 2830 a
1139 2779 1422 2846 dignando.
1467 2777 1604 2830 Num
1644 2778 1781 2832 forte
1810 2780 1933 2847 quia
1960 2787 2087 2832 sunt
2123 2795 2280 2832 mun-

712 2868 1196 2936 dantedignitates,
1235 2871 1309 2921 ita
1351 2871 1547 2922 animae
1579 2871 1742 2922 etiam
1784 2871 2073 2939 dignitates
2110 2871 2280 2924 sunt?

713 2957 955 3027 Dignitas
981 2961 1178 3026 quippe
1205 2969 1288 3012 est
1316 2960 1620 3026 apostolum
1648 2976 1768 3012 esse
1799 2979 1809 3011 :
1841 2962 2125 3028 dignitates
2151 2962 2276 3015 item

713 3060 840 3103 sunt
882 3051 1096 3103 ordines
1128 3051 1503 3104 ecclesiastici.
1541 3050 1784 3119 Dignitas
1824 3065 2001 3105 autem
2060 3055 2276 3117 animm,

2457 2047 2780 2118 Ἐγογισάτω
2818 2046 2856 2113 ἠ
2899 2045 3108 2113 δέησίς
3123 2064 3242 2115 ⁴μου
3267 2085 3280 2099 .
3307 2086 3319 2098 .
3347 2087 3360 2098 .
3387 2087 3400 2100 .
3428 2086 3441 2100 .
3468 2086 3482 2099 .
3513 2087 3525 2098 .
3552 2087 3564 2099 .
3590 2086 3604 2099 .
3635 2087 3648 2098 .
3675 2086 3688 2098 .
3714 2086 3727 2098 .
3746 2045 3942 2098 Εισέλ-

2374 2146 2464 2196 θοι
2501 2141 2567 2194 τὸ
2598 2139 2823 2209 ἀξίωμά
2843 2157 2960 2208 μου
2989 2137 3241 2192 ἐνώπιόν
3267 2155 3403 2203 σου,
3437 2141 3631 2207 Κύριε.
3654 2130 3808 2208 ’Ὅρα
3839 2137 3941 2189 τῶν

2376 2232 2534 2284 θείων
2566 2233 2825 2303 ῥημάτων
2854 2229 2914 2282 τὸ
2942 2228 3224 2282 εὔτακτον.
3283 2229 3502 2300 Πρῶτον
3532 2230 3641 2299 γάρ
3672 2228 3732 2280 τὸ
3753 2268 3767 2291 ,
3794 2229 3941 2296 ἐττι-

2375 2324 2536 2376 σάτω
2556 2339 2568 2352 ·
2600 2319 2738 2385 εἶτα,
2761 2322 2821 2372 τὸ
2845 2321 3049 2390 μεῖζον,
3076 2319 3155 2382 τὸ,
3176 2321 3434 2373 εἰσέλθοι
3453 2319 3515 2371 τὸ
3543 2318 3773 2387 ἀξίωμὰ
3795 2337 3907 2387 μου
3925 2335 3938 2346 ·

2377 2415 2480 2486 πρὸ
2513 2414 2621 2485 γὰρ
2652 2414 2744 2467 τοῦ
2771 2453 2785 2477 ,
2821 2415 3047 2468 εἰσέλθοι
3074 2456 3087 2481 ,
3123 2414 3203 2476 τὸ,
3241 2413 3473 2480 ἐγγίσαι.
3533 2412 3790 2478 Ἐγγίσας
3841 2412 3943 2478 γάρ

2376 2525 2457 2571 τις
2484 2507 2680 2571 οἰκίαν,
2716 2507 2810 2560 ἐὰν
2895 2508 3045 2576 φίλος
3065 2505 3158 2559 τοῦ
3185 2505 3554 2559 οἰκοδεσπότου
3577 2543 3591 2566 ,
3619 2503 3940 2572 εἰσέρχεται.

2387 2601 2488 2651 Ἦν
2519 2600 2574 2652 δὲ
2602 2600 2838 2671 κέκληκε
2867 2600 3079 2670 δέησιν,
3113 2598 3206 2650 νῦν
3241 2594 3391 2648 εἶπεν
3423 2595 3668 2664 ἀξίωμα,
3709 2595 3857 2663 παρὰ
3889 2594 3946 2645 τό

2379 2688 2611 2751 ἀξιοῦν.
2629 2691 2853 2759 Μήποτε
2876 2689 2950 2751 ὡς
2966 2689 3077 2740 ἔστι
3101 2674 3339 2758 κοσμικὰ
3364 2685 3482 2738 καθ’
3508 2685 3780 2756 ὑπεροχὴν
3802 2685 3945 2750 ἀξιώ-

2384 2797 2566 2849 ματα,
2600 2779 2742 2832 οῦτω
2789 2781 2882 2832 καὶ
2923 2779 3161 2849 ψυχικά;
3228 2778 3467 2847 ’Ἀξίωμα
3516 2777 3622 2849 γάρ
3657 2777 3946 2829 ἀπόστολον

2380 2868 2518 2927 εἶναι
2550 2875 2785 2946 Χριστοῦ
2807 2892 2820 2904 ·
2855 2874 3141 2944 ἀξιώματά
3173 2875 3265 2928 καὶ
3291 2875 3542 2942 τάγματα
3571 2874 3640 2926 τὰ
3670 2874 3947 2942 ἐκκλησια·

2382 2967 2559 3020 στικά.
2605 2968 2842 3036 Ἀξίωμα
2874 2967 2929 3019 δὲ
2962 2967 3136 3035 ψυχῆς
3166 2967 3259 3018 καί.
3285 2966 3344 3017 τὸ
3370 2965 3510 3034 ἔχειν
3543 2967 3641 3028 τὰς
3671 2968 3887 3036 ἀρετὰς,
3914 2967 3944 3034 ἦ

2384 3057 2511 3128 μίαν
2536 3059 2734 3112 αὐτῶν.
2809 3060 2866 3112 ’0
2903 3056 3141 3110 τοιοῦτον
3171 3056 3308 3126 ἔχων
3353 3055 3563 3126 ἀξίωμα
3595 3057 3665 3110 τὰ
3711 3059 3946 3129 παρόντα

713 3139 938 3193 Virtutes
972 3141 1186 3205 babe:c,
1218 3151 1310 3194 aut
1337 3156 1522 3193 earum
1555 3141 1813 3208 aliquam.
1837 3141 1936 3206 Qui
1969 3143 2274 3210 bujusmodi
2305 3181 2354 3246 ο
2384 3150 2563 3220 φησίν,

711 3231 1025 3299 dignitatem
1059 3233 1266 3285 obtinet
1290 3231 1400 3284 Ιιιρο
1432 3232 1688 3297 loquitur.

785 3322 904 3372 171.
946 3321 1195 3372 Eructcnt
1235 3320 1376 3371 labia
1423 3337 1537 3371 mea
1574 3320 1844 3388 hymnum.
1892 3321 2186 3388 Eructatio,
2223 3332 2280 3375 ut

713 3411 1029 3480 plurimum,
1071 3412 1332 3464 saturatis
1382 3413 1595 3464 accidit.
1637 3410 1795 3466 Novit
1828 3414 1989 3482 igitur
2036 3415 2276 3469 divinum

712 3503 935 3555 verbum
972 3503 1304 3570 spiritualein
1337 3517 1540 3555 escam.
1569 3502 1747 3570 Ipsum
1777 3504 1938 3572 igitur
1961 3505 2196 3558 Verbum
2223 3524 2280 3561 se

712 3613 904 3665 pauent
935 3610 1055 3646 esse
1100 3596 1192 3647 ait.
1224 3593 1333 3659 Ego
1382 3595 1518 3646 enim
1560 3611 1675 3646 sum
1727 3597 1876 3663 panis
1922 3599 2042 3650 vita:
2083 3599 2171 3667 qui
2218 3601 2280 3651 de

714 3689 844 3740 caelo
891 3687 1155 3740 descendit
1199 3688 1260 3738 τ’.
1305 3687 1394 3738 Ait
1437 3687 1562 3739 item
1597 3706 1609 3740 :
1645 3685 1746 3750 Qui
1797 3688 2075 3741 manducat
2117 3707 2280 3742 meum

712 3800 945 3846 carnem,
999 3781 1150 3833 liabet
1213 3782 1376 3834 vitam
1425 3783 1478 3833 in
1507 3783 1797 3849 _semetipso
1841 3782 1906 3834 '3.
1956 3781 2109 3836 Hunc
2155 3799 2278 3836 cum

715 3874 1079 3938 comedimus,
1126 3874 1388 3941 hymnum
1432 3882 1764 3926 cruelamus.
1807 3872 1954 3925 lianc
1984 3884 2110 3943 opto
2148 3876 2280 3928 mibi

711 3966 1105 4019 eruclatiouem
1153 3965 1417 4020 accidere.
1463 3963 1617 4030 Quod
1657 3967 1771 4019 lieri
1816 3951 2000 4037 nequit
2044 3967 2148 4022 nisi
2196 3984 2282 4022 me

712 4059 965 4111 docueris
990 4057 1406 4126 justilicationes
1435 4068 1575 4112 tuas.

785 4152 907 4205 172.
948 4150 1256 4204 Prouuntiet
1309 4153 1490 4221 lingua
1536 4168 1652 4203 mea
1696 4153 1902 4220 eloquia
1945 4161 2054 4207 tua.
2111 4152 2284 4224 Rogat

713 4253 772 4295 ut
792 4259 852 4295 ea
877 4258 997 4312 qure
1025 4242 1136 4310 ipse
1164 4243 1401 4312 loquitur
1422 4244 1528 4296 sint
1553 4243 1778 4295 verbum
1808 4243 1921 4306 Dei,
1939 4244 2092 4311 juxta
2115 4245 2278 4300 illud:

718 4333 872 4401 Aperi
907 4349 962 4386 os
992 4342 1136 4385 tuum
1161 4332 1308 4386 verba
1345 4332 1438 4386 Dei
1468 4336 1530 4384 7‘.
1558 4323 1878 4401 Hujusmodi
1909 4346 2088 4388 autem
2120 4338 2281 4390 homo

713 4427 888 4479 otiosa
917 4426 1076 4479 verba
1104 4443 1208 4479 non
1246 4427 1504 4496 loquitur.
1538 4426 1719 4491 Quare
1749 4427 1948 4482 Paulus
1983 4429 2056 4481 ait
2089 4448 2100 4481 :
2136 4428 2280 4482 Illud

2463 3332 2894 3400 Ἐξερεύξοιντο
2925 3332 2995 3386 τὰ
3024 3333 3195 3400 χείλη
3240 3347 3360 3399 μου
3392 3331 3602 3398 ὕμνον.
3678 3332 3746 3384 Ἦ
3787 3326 3947 3402 {pum

2378 3424 2449 3485 ὡς
2480 3425 2572 3474 ἐπὶ
2606 3425 2712 3476 πᾶν
2741 3424 2946 3491 γίνεται
2991 3425 3101 3484 τοῖς
3131 3422 3564 3493 κεκορεσμένοις.
3631 3418 3788 3475 Οἶδεν
3815 3419 3898 3475 οὖν
3928 3426 3950 3472 <3

2381 3513 2520 3576 Θεῖος
2551 3513 2708 3582 λόγος
2729 3514 3098 3584 πνευματικὴν
3126 3514 3345 3584 τροφήν.
3379 3513 3548 3576 Αὐτὸς
3576 3509 3672 3566 οὖν
3716 3515 3745 3565 ὀ
3788 3514 3948 3577 Λόγος

2382 3607 2545 3676 φησὶν
2573 3605 2734 3676 ἄρτος
2767 3601 2924 3658 εἶναι.
2962 3607 3014 3656 Ἐ
3021 3605 3099 3674 γὼ
3120 3606 3228 3674 γάρ
3258 3608 3370 3674 εἰμι
3400 3608 3432 3658 ὁ
3461 3607 3638 3672 ἄρτος
3678 3602 3788 3670 τῆς
3812 3601 3949 3667 ζωῆς

2382 3701 2413 3751 ό
2442 3698 2510 3762 ἐξ
2561 3698 2818 3765 οὐρανοῦ
2873 3697 3162 3762 καταϐάς·
3201 3697 3345 3763 λέγει
3371 3697 3424 3749 δὲ
3451 3697 3570 3747 καί·
3639 3696 3691 3746 '0
3727 3697 3954 3764 τρώγων

2377 3810 2495 3859 μου
2527 3790 2643 3858 τὴν
2672 3790 2866 3857 σάρκα
2915 3790 3036 3858 ἔχει
3081 3789 3229 3855 ζὶυἱιν
3260 3791 3328 3841 ἐν
3372 3787 3580 3852 ἑαυτῷ.
3643 3788 3843 3840 Τοῦτον
3891 3787 3952 3855 δὴ

2384 3883 2668 3952 φάγοντες,
2702 3882 2867 3953 ὕμνον
2897 3882 3252 3953 ὲρευγόμεθα.
3300 3881 3564 3951 Τοιαύτης
3598 3879 3832 3950 εὔχομαι
3859 3897 3952 3930 tu-

2385 3979 2500 4044 χεῖν
2535 3976 2756 4044 ἐρυγῆς.
2793 3976 2967 4045 Ὅπερ
3004 3973 3280 4035 ἀδύνατον,
3310 3972 3401 4024 ἐὰν
3433 3973 3504 4042 μή
3540 3988 3607 4040 με
3643 3970 3859 4040 διδάξῃς
3893 3971 3955 4021 τὰ

2382 4065 2746 4136 δικαιώματα.

2451 4158 2764 4226 Φθέγξοιτο
2799 4159 2835 4224 ἡ
2870 4156 3114 4226 γλῶσσά
3134 4175 3251 4226 μου
3291 4157 3362 4210 τὰ
3395 4155 3566 4226 λόγιά
3591 4173 3730 4209 σου.
3791 4156 3954 4224 Εὔχε-

2384 4267 2473 4303 ται
2507 4249 2540 4303 ἃ
2566 4250 2608 4301 δ’
2636 4249 2699 4302 ἂν
2730 4249 2868 4302 εἴποι
2891 4249 3044 4316 λόγον
3068 4245 3202 4301 εἶναι
3235 4248 3388 4309 Θεοῦ,
3422 4247 3560 4300 κατὰ
3594 4247 3685 4298 τό·
3722 4249 3957 4313 Ἀνοιγε

2383 4343 2498 4395 σὸν
2527 4342 2717 4410 στόμα
2744 4343 2900 4410 λόγῳ
2932 4341 3097 4394 Θεοῦ.

2382 4436 2441 4487 οὐ
2468 4435 2632 4487 λαλεῖ.
2676 4435 2764 4485 Διό
2819 4450 2978 4503 φησιν
3006 4435 3031 4485 ό
3063 4432 3273 4494 Παῦλος
3296 4448 3307 4460 ·
3346 4432 3412 4484 Τὸ
3444 4431 3581 4498 γὰρ,
3627 4432 3708 4482 Οὺ
3739 4431 3957 4498 φονεύ-

3168 4341 3224 4393 Ὀ
3257 4339 3311 4392 δὲ
3341 4339 3575 4401 τοιοῦτος
3608 4340 3778 4408 ἀργὸν
3804 4339 3956 4408 ῥῆμα

712 4518 871 4581 enim,
908 4516 1029 4569 Non
1079 4519 1316 4582 occides,
1375 4536 1476 4570 nou
1515 4518 1866 4574 mozcliaberis.
1925 4537 2026 4573 non
2077 4522 2273 4589 furtum

2382 4542 2530 4594 σεις,
2558 4529 2628 4579 οὐ
2652 4526 3014 4594 μοιχεύσεις,
3056 4525 3124 4577 οὐ
3156 4523 3422 4591 κλέψεις,
3453 4522 3548 4574 καί
3580 4521 3638 4573 εἴ
3666 4539 3755 4587 τις
3785 4521 3959 4591 ἑτέρα

714 4610 897 4676 facies,
930 4620 975 4662 et
1008 4609 1052 4661 si
1096 4610 1233 4678 quod
1274 4612 1422 4663 aliud
1447 4623 1781 4680 pra-ceptum,
1809 4616 1860 4666 in
1891 4615 1984 4666 hoc
2014 4613 2163 4666 verba
2198 4615 2284 4666 in-

713 4712 987 4753 stauratur
1021 4717 1038 4754 :
1071 4703 1265 4772 Diliges
1297 4707 1594 4770 proximum
1625 4715 1768 4757 tuum
1791 4709 1923 4759 sicut
1964 4710 2184 4776 teipsum
2212 4709 2274 4761 ⁷⁵.

712 4791 848 4847 Nam
882 4795 1010 4848 illud
1035 4794 1246 4864 justitia
1274 4807 1356 4850 est
1383 4815 1396 4849 :
1431 4797 1625 4866 Diliges
1652 4800 1944 4866 proximum
1975 4810 2139 4856 tuum.

787 4975 909 5034 175.
953 4973 1077 5030 Fiat
1110 4993 1296 5029 manus
1326 4987 1416 5030 tua
1459 4986 1514 5030 ut
1539 4979 1702 5031 sulcet
1740 4995 1836 5031 me.
1869 4978 2143 5046 Signiﬁcat
2170 4997 2278 5036 nou

714 5067 911 5122 factam
944 5085 1063 5124 esse
1092 5087 1308 5124 manum
1341 5072 1477 5140 ejus,
1505 5073 1596 5125 sed
1625 5072 1744 5140 ejus
1785 5082 1985 5126 statum
2025 5089 2148 5142 erga
2185 5089 2279 5126 eos

716 5165 806 5230 qui
862 5164 1085 5217 salutem
1131 5171 1558 5233 consequuntur.
1601 5164 1768 5229 Quale
1803 5174 1884 5218 est
1926 5165 2101 5219 illud:
2152 5164 2279 5218 Esto

716 5254 843 5305 mihi
877 5257 929 5306 in
965 5255 1123 5308 Deum
1153 5266 1492 5324 protectorem
1513 5257 1578 5307 ⁷⁸.

789 5344 910 5396 175.
960 5349 1242 5413 Concupivi
1285 5348 1520 5398 salutare
1577 5356 1743 5407 tuum,
1781 5345 2018 5397 Domine.
2055 5342 2109 5397 Si
2150 5343 2282 5398 velis

720 5437 1017 5502 retrogredi
1068 5446 1119 5488 et
1165 5440 1445 5502 snperiora
1490 5439 1791 5505 respicere,
1846 5439 2079 5489 salutare
2129 5445 2279 5488 tuum

723 5526 974 5582 Christus
1001 5540 1102 5580 est.
1128 5527 1284 5582 Jcsus
1317 5532 1458 5581 enim
1485 5530 1749 5594 signiﬁcat
1778 5531 1868 5582 Dei
1901 5530 2068 5582 :alus.
2095 5527 2190 5580 llic
2217 5528 2281 5580 ad

721 5634 821 5675 nos
846 5622 1045 5676 missus
1062 5633 1162 5675 est.
1192 5621 1748 5692 (.-‘n'iuscodex.)0piis
1778 5634 1858 5678 est
1900 5625 2284 5694 c0neupiseere

791 5803 832 5836 ’⁸
862 5801 1014 5857 Jun.
1048 5805 1226 5866 v1.33.
1307 5808 1350 5835 τ’
1390 5806 1517 5859 Ibid.
1547 5807 1632 5860 .33.

1709 5808 1748 5833 ⁷⁸
1778 5805 1931 5859 i'rrw.
1973 5807 2185 5859 sum“.
2236 5807 2278 5835 ""
2316 5805 2469 5858 Rom.
2514 5819 2627 5868 xm,
2655 5802 2705 5854 9.

2379 4617 2620 4684 ἐντολὴ,
2653 4618 2723 4670 ἐν
2751 4616 2829 4681 τῷ
2859 4618 3016 4685 λόγῳ
3047 4617 3232 4681 τούτῳ
3261 4614 3801 4681 ἀνακεφαλαιοῦται
3868 4615 3959 4676 τὸ,

2393 4709 2750 4781 Ἀγαπήσεις
2783 4707 2887 4761 τὸν
2920 4709 3186 4774 πλησίον
3211 4723 3324 4758 σου
3353 4705 3427 4770 ὡς
3458 4705 3690 4756 ἑαυτόν.
3752 4707 3963 4770 Δικαιο-

2383 4802 2516 4870 σύνη
2546 4800 2654 4868 γὰρ
2679 4799 2834 4852 τοῦτό
2862 4802 2978 4852 ἐστι
3009 4799 3069 4850 τό
3087 4815 3100 4826 ·
3163 4795 3520 4866 Ἀγαπήσεις
3548 4793 3655 4846 τὸν
3688 4795 3962 4858 πλησίον·

2381 4912 2518 4948 σου.

2451 4985 2725 5039 Γενέσθω
2759 4986 2794 5049 ἡ
2822 4984 2949 5050 χείρ
2981 4998 3095 5035 σου
3127 4980 3227 5033 τοῦ
3260 4979 3455 5033 σῶσαί
3502 4997 3597 5048 με.
3657 4979 3818 5047 Δηλοῖ
3853 4977 3964 5048 γάρ

2381 5081 2441 5133 οὑ
2475 5079 2572 5148 τὴν
2608 5076 2726 5130 κατ’
2755 5075 2938 5126 οὐσίαν
2965 5072 3175 5140 γένεσιν
3197 5071 3362 5140 αὐτῆς
3381 5109 3394 5130 ,
3440 5069 3573 5122 ἀλλὰ
3599 5069 3695 5139 τὴν
3725 5069 3865 5140 πρὸς
3897 5071 3966 5122 τὰ

2385 5169 2667 5238 σωζόμενα
2703 5165 2904 5235 σχέσιν.
2977 5164 3185 5214 ὐποῖον
3222 5162 3314 5213 καὶ
3359 5161 3446 5211 τό·
3483 5163 3532 5213 Γ
3534 5159 3673 5214 ενοῦ
3724 5177 3829 5229 μοι
3880 5164 3966 5222 εἰς

2385 5261 2531 5315 Θεὸν
2560 5253 3038 5326 ὑπερασπίστήν.

2468 5351 2841 5412 Ἐπεπόθησα
2883 5345 2946 5395 τὸ
2975 5343 3264 5408 σωτήριόν
3309 5357 3445 5400 σου,
3476 5344 3668 5408 Κύριε.
3720 5340 3853 5392 Ἐὰν
3885 5340 3943 5393 θέ

2387 5444 2482 5512 λης
2508 5440 2836 5508 ἐπαναϐῆναι
2858 5437 2933 5506 τῷ
2967 5437 3126 5504 λόγῳ,
3159 5436 3218 5486 τὸ
3240 5435 3502 5503 σωτήριόν
3533 5453 3623 5487 σου
3654 5437 3681 5486 6
3723 5435 3968 5503 Χριστός

2389 5538 2550 5586 ἐστιν.
2571 5531 2771 5599 Ἰησοῦς
2795 5529 2900 5599 γὰρ
2933 5527 3285 5596 ἑρμηνεύεται
3307 5525 3451 5577 Θεοῦ
3478 5527 3743 5592 σωτηέ-ία
3796 5523 3966 5586 Οὗτος

2895 5620 3092 5686 Ἔργον
3145 5617 3256 5667 ἐςτῖ
3293 5617 3350 5667 τὸ
3392 5617 3672 5669 imm-95W
3705 5618 3802 5670 τοῦ
3831 5618 3966 5670 Ετειῖ

2393 5626 2521 5691 ἡμῖν
2556 5620 2824 5690 ἐπέμφθη.

2790 5801 2833 5830 ⁷⁶
2871 5799 3013 5853 Psal.
3052 5814 3177 5862 xxx,
3201 5796 3234 5850 5
