4094 6312
210 381 309 434 509

1293 381 1648 436 EXPOSITIO
1686 380 1748 433 IN
1790 379 2115 438 PSMJJL'M
2149 388 2307 442 (ΛΚ.

3343 383 3444 440 510

212 501 269 555 τὸ
293 503 580 570 σωτήριον.
617 503 680 554 Oi
712 503 819 572 γὰρ
849 502 1030 555 πολλοὶ
1058 501 1117 554 τὸ
1147 503 1286 555 κατὰ
1322 503 1496 572 σαρκο.
1529 503 1770 556 ποθοῦσι.

1878 505 2112 560 salutare
2183 508 2292 561 Dei.
2348 508 2494 562 Multi
2537 507 2681 562 enim
2722 523 2837 577 qua:
2880 507 3177 561 secundum
3225 521 3443 558 carnem

214 589 280 642 Τὸ
303 590 361 644 δὲ
382 591 476 643 τοῦ
506 592 661 653 Θεοῦ,
678 592 740 645 τὸ
760 595 817 644 ὲν
849 591 993 661 αὐτῷ
1018 591 1252 662 σωθῆναι
1269 634 1281 656 ,
1312 595 1372 646 τὸ
1400 596 1455 645 ἐν
1486 594 1632 663 αὐτῴ
1657 597 1777 647 ἁναο

215 681 506 748 παύεσθαι,
539 683 938 753 κληρονομῆσαι
967 685 1035 737 τὰ
1071 683 1215 751 ἅγια.
1251 685 1418 738 Τοῦτο
1445 686 1551 756 γάρ
1578 688 1692 738 ἐστι
1717 686 1778 739 τὸ

213 775 475 842 σωτήριον
496 772 590 826 τοῦ
617 774 770 836 Θεοῦ,
791 777 824 845 ἡ
857 773 1070 837 αἰώνιος
1093 775 1226 845 ζωή.
1266 775 1425 828 Ἀλλὰ
1445 779 1537 830 καὶ
1575 777 1775 846 Ἰησοῦς

210 863 570 932 ἑρμηνεύεται
601 865 748 918 Θεοῦ
763 864 1074 933 σωτήριον,
1097 867 1367 936 πεμφθεὶς
1397 870 1428 938 ἡ
1439 871 1528 937 μίν
1558 870 1647 920 ἐπὶ
1667 885 1770 920 σω-

208 955 370 1025 τηρίῃ.
395 972 408 984 ·
446 947 506 1007 οὗ
532 956 668 1026 πρὸς
694 957 784 1011 τὸν
816 957 976 1022 πόθον
1003 959 1031 1010 ὁ
1053 959 1219 1013 Θέλων
1249 959 1464 1012 ὁδεῦσαι
1493 959 1774 1032 μελετήσει

208 1047 293 1096 τὸν
327 1046 514 1116 νόμον.

278 1220 534 1286 Ζήσεται
593 1224 632 1290 ή
669 1224 840 1290 ψυχή
861 1240 1003 1292 μου,
1067 1226 1167 1279 καὶ
1207 1225 1435 1279 αἰνέσει
1491 1243 1582 1280 σε.
1644 1227 1773 1298 Περὶ

209 1313 507 1383 μελλούσης
531 1315 675 1382 λέγει
701 1315 867 1385 ζωῆς.
915 1317 976 1369 Ἡ
994 1316 1101 1386 γὰρ
1125 1315 1235 1386 ζωὴ
1260 1317 1427 1388 ἡμῶν
1453 1319 1773 1388 κέκρυπται

206 1405 325 1459 σὺν
367 1405 449 1471 τῷ
487 1404 716 1474 Χριστῷ
743 1407 810 1461 ἐν
836 1407 918 1473 τῷ
944 1405 1084 1472 Θεῷ.
1138 1407 1269 1462 Τότε
1322 1411 1523 1482 κυρίως
1553 1411 1770 1475 αἰνέσω,

204 1499 324 1551 τότε
365 1488 627 1570 βοηθῆσαί
673 1517 762 1570 μοι
783 1516 798 1530 ο
828 1500 898 1554 τὰ
928 1501 1188 1574 ὲπιὸόητα
1220 1503 1481 1572 γενόμενα
1511 1501 1618 1556 τῶν
1649 1519 1771 1571 κρι-

205 1591 447 1658 νομένων
480 1608 561 1644 σοι
593 1592 834 1663 κρίματα
865 1592 941 1663 τῷ
969 1594 1065 1664 μὲν
1089 1594 1281 1665 δικαίῳ
1309 1595 1476 1668 χωρὶς
1503 1593 1770 1665 βασάνων,

205 1683 282 1754 τῷ
305 1683 365 1736 δὲ
399 1684 637 1755 δεομένῳ
665 1686 751 1739 διὰ
782 1686 1046 1757 βασάνων.

283 1777 669 1845 Ἐπλανήθην
695 1778 774 1843 ὡς
805 1779 1101 1848 πρόϐατον
1131 1779 1463 1844 ἀπωλολός.
1531 1778 1684 1832 Μετὰ
1712 1777 1774 1830 τὸ

1880 607 2007 654 sunt
2042 600 2452 670 concupiscunt.
2499 599 2654 666 Quod
2698 609 2876 652 autem
2921 597 3216 652 secundum
3251 596 3442 663 Deum,

1878 698 1988 753 est,
2013 691 2062 743 in
2107 693 2222 760 ipso
2259 692 2485 745 salutem
2518 691 2884 759 consequi,in
2927 690 3046 758 ipso
3080 689 3440 757 requiescere.

1877 792 2062 836 saneta
2095 785 2146 836 in
2192 785 2556 838 luereditatem
2603 784 2868 850 accipere.
2918 780 3051 834 Illud
3075 795 3308 848 namque
3359 788 3446 832 est

1877 874 2112 928 salutare
2139 875 2252 940 Dei,
2271 885 2469 928 aeterna
2490 875 2613 926 vita.
2639 875 2750 926 lmo
2775 875 2932 926 etiam
2961 870 3116 924 Jesus
3143 871 3445 938 explicatur

1876 962 1974 1014 Dei
2002 965 2255 1027 salutare,
2284 965 2407 1032 quia
2440 965 2640 1016 missus
2680 970 2762 1014 est
2794 962 2950 1014 nobis
2979 959 3043 1013 ad
3082 962 3334 1012 salutem.
3359 958 3440 1009 Ad

1876 1053 2034 1121 cujus
2056 1054 2386 1108 desiderium
2413 1054 2456 1107 si
2489 1054 2611 1123 quis
2643 1053 2892 1106 incedere
2915 1051 3062 1115 velit,
3089 1049 3442 1103 meditabitur

1874 1141 2066 1210 legem.

1951 1234 2070 1288 175.
2114 1231 2255 1285 Vivet
2306 1233 2488 1284 anima
2530 1248 2643 1284 mea
2673 1241 2721 1283 et
2749 1229 2990 1283 laudabit
3026 1241 3092 1283 te.
3132 1228 3205 1283 De
3255 1227 3440 1281 futura

1875 1327 1981 1380 vita
2022 1327 2274 1395 loquitur.
2312 1323 2454 1376 Nam
2490 1328 2595 1376 vita
2640 1336 2819 1378 nostra
2864 1324 3171 1378 abscondita
3214 1332 3288 1375 est
3320 1338 3438 1375 cum

1875 1417 2078 1470 Christo
2127 1418 2179 1469 in
2232 1415 2338 1468 Deo
2395 1415 2460 1467 ⁷⁷.
2512 1414 2664 1470 Tunc
2717 1416 2934 1484 proprie
2998 1415 3263 1476 laudabo,
3313 1425 3441 1467 tunc

1874 1506 2137 1561 auxiliare
2189 1505 2344 1558 mihi.
2394 1504 2651 1557 Laudabo
2701 1506 2908 1558 scilicet
2954 1504 3158 1573 judieia
3206 1513 3295 1556 tua
3351 1503 3439 1556 illa

1873 1600 2176 1660 decantata,
2227 1599 2292 1651 de
2322 1597 2470 1666 justo
2498 1597 2604 1650 lata
2641 1597 2758 1651 sine
2793 1607 3078 1651 tormentis
3107 1637 3119 1661 ,
3166 1597 3232 1650 de
3276 1595 3440 1649 noxio

1874 1708 1997 1745 cum
2023 1691 2329 1745 tormentis.

1947 1782 2066 1837 176.
2104 1781 2292 1835 Erravi
2314 1782 2446 1835 sicut
2476 1782 2583 1834 oris
2610 1795 2725 1850 qua:
2746 1780 2920 1848 periit.
2954 1778 3248 1848 Postquam
3275 1793 3438 1846 opera

203 1871 375 1922 εἰπεῖν
402 1871 530 1939 περὶ
551 1869 714 1923 αὑτοῦ
744 1870 878 1941 ἔργα
904 1869 1305 1941 κατορθωκότος
1326 1912 1340 1932 ,
1393 1871 1553 1924 πάλιν
1577 1871 1770 1939 1:966:-

1878 1884 2021 1929 recte
2045 1891 2072 1927 a
2101 1891 2158 1929 se
2180 1884 2326 1944 gesta
2356 1875 2618 1936 narravit,
2643 1889 2862 1927 rursum
2891 1873 2967 1926 ait
2986 1889 3042 1926 se
3070 1887 3226 1924 ovem
3251 1885 3440 1923 erran-

202 1977 290 2013 τον
319 1961 513 2014 ἑαυτὸν
545 1962 954 2031 πεπλανημένον
984 1957 1122 2014 εἶναι
1153 1962 1320 2028 λέγει,
1342 1959 1765 2031 ταπεινοφροσύ-

203 2069 297 2120 νην
333 2050 702 2120 ἐπιτηδεύων,
762 2051 902 2104 κατὰ
932 2053 995 2104 τὸ
1043 2052 1326 2122 εἰρημένον
1375 2051 1478 2105 ὑπὸ
1525 2053 1764 2122 Κυρίου·

203 2139 392 2190 Ὅταν
411 2137 608 2192 πάντα
626 2139 1051 2210 καθορθώσητε,
1077 2141 1280 2210 λέγετε
1299 2158 1312 2172 ⁶
1335 2141 1545 2196 Δοῦλοι
1573 2141 1756 2211 ἀχρεῖ-

205 2230 259 2280 οί
291 2229 504 2298 ἐσμεν.

563 2321 685 2391 ῼδὴ
719 2321 837 2375 τῶν
879 2322 1248 2393 ἀναϐαθμῶν.
1291 2327 1446 2378 ΡΙΘν.

827 2413 840 2430 ⁹
853 2413 1158 2476 Υπόθεσις.

204 2501 312 2564 Τὴν
344 2501 568 2571 πρώτην
612 2501 754 2571 ᾠδὴν
789 2502 895 2555 τῶν
931 2503 1256 2574 ἀναϐαθμῶν
1308 2505 1422 2576 ᾅδει
1462 2504 1540 2575 τῷ
1591 2503 1707 2575 Θεῷ
1738 2505 1767 2558 6

274 2591 334 2641 ἐν
379 2589 658 2644 Βασυλῶνι
704 2590 847 2655 λαὸς,
900 2592 1182 2662 ἀδημονῶν
1228 2594 1320 2646 ἐπὶ
1360 2593 1436 2664 τῷ
1463 2596 1623 2666 μήκει
1667 2595 1768 2665 τῆς

273 2679 670 2749 αἰχμαλωσίας,
706 2685 799 2735 καὶ
829 2685 1117 2754 εὐχόμενος
1145 2685 1590 2758 ἐλευθερωίλῆναι.

272 2771 431 2838 Πρὸς
458 2773 673 2841 Κύριον
695 2775 764 2827 ἐν
789 2773 869 2839 τῷ
897 2776 1204 2830 θλίϐεσθαι
1240 2772 1633 2846 με’ἐκέκραξα

205 2863 380 2931 Κύριε
403 2903 418 2925 .
448 2862 634 2930 ῥῦσαι
677 2865 790 2934 τὴν
817 2866 1026 2936 ψυχήν
1050 2885 1168 2933 μου
1206 2869 1324 2921 ἀπὸ
1360 2870 1606 2938 χειλέων
1639 2870 1766 2923 ἀδί-

207 2970 326 3005 κων
360 2953 459 3006 καὶ
489 2954 607 3009 ἀπὸ
640 2955 925 3024 γλώσσης
953 2957 1177 3024 δολίας.
1214 2959 1338 3022 Πῶς
1358 2959 1465 3031 γὰρ
1488 2962 1586 3014 οὐκ
1611 2961 1769 3016 ἄδικα

208 3043 356 3116 χείλη
385 3044 492 3097 τῶν
527 3037 898 3110 Βαϐυλωνίων,
924 3049 991 3101 τὰ
1017 3050 1115 3118 τὴν
1140 3051 1576 3123 είδωλολατρείαν
1621 3055 1768 3124 ὠμο-

206 3132 492 3204 λογηκότα.
528 3136 670 3209 Αὑτῆ
701 3137 757 3191 δὲ
794 3140 885 3191 καὶ
917 3139 1136 3206 γλῶσσα
1179 3141 1403 3214 κληθείη
1437 3143 1621 3209 δολία,
1671 3146 1767 3198 ἅτε

211 3224 378 3293 μηδὲν
411 3225 568 3290 eoos;
602 3228 839 3283 λαλοῦσα
871 3233 998 3303 περὶ
1027 3231 1182 3287 Θεοῦ.

279 3318 342 3370 T1
385 3317 584 3386 δοθειή
638 3335 736 3374 σοι
759 3361 774 3387 ,
823 3324 919 3376 καί
971 3325 1027 3376 τι
1075 3328 1425 3394 προστεθείη
1479 3345 1578 3382 σοι
1627 3331 1774 3399 πρὸς

206 3408 497 3479 γλῶσσαν
521 3411 764 3476 δολίαν-ς
815 3414 890 3468 Τὰ
925 3413 1082 3483 βέλη
1120 3417 1226 3470 τοῦ
1265 3417 1523 3473 δυνατοῦ
1559 3420 1777 3488 ἠκονη-

201 3497 375 3568 μένα.
414 3501 479 3553 Τί
505 3501 665 3554 πλέον
692 3502 908 3572 δοθῆναί
936 3521 1016 3558 σοι
1065 3509 1234 3570 αίτείς
1260 3547 1274 3571 ,
1309 3510 1470 3580 φησὶν
1489 3551 1503 3575 ,
1540 3510 1574 3580 ἢ
1602 3511 1654 3562 τί
1685 3511 1774 3564 Θέ-

207 3591 318 3653 λεις
355 3591 540 3660 ἕτερον
565 3593 925 3665 προστεθῆναι
946 3611 1026 3648 σοι
1047 3597 1141 3650 τοῦ
1167 3599 1308 3651 κατὰ
1336 3599 1444 3652 τῶν
1465 3600 1652 3654 δολίων
1673 3618 1776 3671 χει-

205 3683 340 3738 λέων
365 3701 381 3751 ;
416 3684 554 3756 Βέλη
585 3686 754 3758 πυρὸς
782 3689 955 3758 μεστὰ
987 3689 1284 3761 ἐξαφθῆναι
1315 3691 1465 3761 παρὰ
1495 3691 1588 3745 τοῦ
1609 3691 1778 3746 ¹δυνα-

205 3775 321 3828 τοῦ.
363 3775 624 3846 Σημαίνει
671 3776 728 3829 δὲ
766 3777 863 3849 τὴν
918 3778 1060 3833 κατὰ
1108 3781 1214 3834 τῶν
1262 3781 1612 3836 Βαϐυλωνίων
1652 3784 1774 3840 ὅσον

205 3865 359 3920 οὔπω
379 3867 653 3939 τιμωρίαν
683 3869 967 3940 ἐσομένην.

277 3961 348 4014 οι
367 3978 492 4030 μοι,
517 3959 605 4012 ὅτι
641 3962 680 4028 ἡ
710 3962 988 4029 παροικία
1005 3980 1124 4031 μου
1155 3965 1511 4033 ἑμακρύνθη.
1555 3966 1778 4038 Ἑτέραν

203 4054 417 4120 αἴτησιν
445 4049 661 4121 εὔχεται
692 4052 842 4123 παρὰ
884 4053 1017 4107 Θεοῦ
1042 4097 1057 4121 ,
1106 4057 1204 4127 τῆς
1243 4059 1530 4127 παροικίας
1563 4057 1777 4110 ἐλευθε-

206 4141 466 4212 ρωθῆναι.
513 4145 958 4211 Κατεσκήνωσα
1016 4149 1167 4217 μετὰ
1215 4147 1332 4204 τῶν
1373 4151 1778 4219 σκηνωμάτων

203 4231 423 4300 Κηδὰρ.
457 4231 624 4304 Χώρα
651 4251 732 4297 τις
752 4235 897 4286 ἐστὶν
928 4237 960 4306 ἡ
993 4238 1182 4308 Κηδὰρ
1208 4241 1298 4292 ἐπὶ
1327 4241 1646 4312 τῆςὲρήμου
1679 4243 1777 4313 τῆς

205 4326 344 4397 πρὸς
380 4326 644 4391 ἀνατολὰς
678 4328 901 4398 κειμένη
923 4367 938 4391 ,
975 4328 1068 4381 καί
1109 4330 1268 4402 μέχρι
1299 4333 1398 4402 τῆς
1426 4335 1648 4405 Περσῶν
1677 4351 1778 4386 πα-

201 4421 542 4490 ρατείνουσα,
578 4421 643 4490 ῆν
675 4421 830 4488 γένος
859 4421 1190 4494 Σαρακηνῶν
1219 4427 1375 4480 οἰκεῖ.
1399 4428 1606 4481 Πολλὰ
1632 4444 1778 4495 παρ-

197 4512 440 4580 ῴκησεν
465 4513 503 4579 ὴ
537 4513 708 4580 ψυχή
733 4529 872 4581 μου.

1876 1975 1982 2020 tem
2026 1965 2215 2027 fuisse.
2264 1965 2554 2018 humilitati
2592 1981 2817 2028 vacans,
2847 1965 3000 2033 juxta
3047 1963 3178 2017 illud
3224 1961 3439 2014 Domini

1874 2060 2114 2114 dictum:
2145 2057 2277 2112 Cum
2307 2059 2480 2111 omnia
2503 2058 2846 2127 perfeceritis,
2876 2058 3035 2110 dicite
3061 2071 3077 2108 :
3111 2055 3256 2110 Servi
3280 2054 3442 2106 inuti-

1877 2153 1950 2206 les
1988 2168 2168 2206 sumus
2200 2152 2268 2203 ⁷⁸.

2222 2319 2496 2374 Canticum
2535 2319 2814 2387 graduum.
2880 2314 3063 2370 CXIX

2465 2411 2862 2478 Argumentum.

1873 2502 2116 2556 Primum
2142 2500 2406 2571 graduum
2453 2497 2723 2553 canticum
2779 2496 2886 2550 Deo
2934 2496 3081 2549 canit
3125 2496 3355 2564 populus
3389 2497 3444 2550 iu

1947 2593 2223 2664 Babylone
2256 2593 2607 2656 constitutus,
2639 2600 2898 2660 pertaesus
2927 2591 3198 2644 diuturme
3226 2590 3448 2658 captivi-

1945 2685 2094 2748 tatis,
2129 2692 2183 2736 et
2223 2697 2426 2751 rogans
2461 2682 2786 2735 libertatem.

1945 2776 1998 2838 1,
2023 2775 2078 2828 2.
2115 2775 2195 2826 Ad
2259 2773 2542 2827 Dominum
2589 2789 2706 2825 cum
2753 2772 3038 2825 tribularer
3090 2771 3313 2824 clamavi
3339 2811 3352 2823 .
3385 2810 3400 2823 .
3428 2812 3443 2826 .

1873 2863 2126 2924 Domine,
2169 2863 2599 2929 liberafanimam
2633 2878 2800 2914 meant
2825 2881 2857 2914 ιι
2886 2863 3041 2914 labiis
3075 2863 3269 2930 iniquis
3290 2904 3304 2925 ,
3336 2873 3385 2914 et
3413 2879 3446 2914 a

1874 2956 2056 3027 lingua
2077 2954 2280 3009 dolosa.
2319 2955 2440 3022 Quo
2464 2964 2620 3026 pacto
2647 2970 2753 3008 non
2783 2953 2992 3024 iniqua},
3019 2952 3442 3022 Babyloniorum

1876 3046 2017 3100 labia
2040 3085 2056 3111 ,
2091 3060 2212 3116 quae
2246 3046 2604 3100 idololatriam
2633 3043 3064 3114 proﬁtebantur?
3102 3041 3226 3096 llzee
3266 3054 3444 3097 autem

1875 3138 2058 3208 lingua
2090 3148 2236 3192 recte
2264 3137 2454 3190 dolosa
2491 3143 2750 3202 vocetur,
2803 3145 2986 3204 utpote
3013 3151 3134 3204 qua:
3175 3135 3309 3188 nihil
3363 3151 3448 3188 re—

1799 3247 1843 3304 ς,
1875 3240 2023 3286 etum
2052 3231 2119 3286 de
2154 3231 2264 3284 Deo
2291 3231 2564 3300 loquatur.

1944 3322 1999 3387 3,
2028 3322 2082 3375 ι.
2126 3320 2265 3386 Quid
2307 3321 2460 3373 detur
2491 3319 2608 3384 tibi,
2644 3329 2734 3370 aut
2765 3319 2888 3387 quid
2917 3328 3211 3387 apponatur
3244 3318 3336 3370 tibi
3376 3318 3446 3372 ad

1876 3410 2110 3479 linguam
2157 3410 2444 3464 dolosam?
2493 3409 2714 3478 Sagitta:
2767 3411 2992 3476 potentis
3037 3419 3224 3462 acutis.
3305 3409 3444 3475 Quid

1876 3501 2015 3553 ultra
2047 3501 2164 3554 dari
2196 3501 2288 3553 tibi
2319 3500 2563 3569 postulas
2585 3539 2599 3563 ,
2649 3500 2824 3568 inquit
2845 3539 2859 3560 ,
2895 3507 2989 3552 aut
3021 3501 3152 3568 quid
3183 3500 3326 3553 aliud
3364 3501 3446 3554 vis

1878 3591 2042 3660 adjici
2073 3592 2171 3647 tibi
2201 3593 2466 3647 adversus
2508 3593 2723 3662 linguas
2753 3592 3008 3646 dolosas?
3055 3592 3289 3663 Sagittas
3322 3593 3446 3661 igne

1879 3687 2071 3756 plenas
2098 3701 2128 3739 a
2159 3696 2376 3756 potente
2411 3685 2687 3740 incensas.
2742 3683 3022 3753 Signiﬁcat
3059 3694 3237 3738 autem
3271 3684 3448 3754 Baby-

1880 3777 2155 3831 loniorum
2188 3777 2450 3832 ultionem
2480 3792 2603 3830 mox
2637 3776 2894 3831 futuram.

1948 3955 2001 4018 5,
2033 3954 2086 4008 6.
2117 3953 2236 4006 Heu
2264 3956 2427 4019 mihi,
2461 3956 2586 4024 quia
2624 3955 2884 4008 incolutus
2935 3971 3077 4008 mens
3105 3955 3445 4025 prolongatus

1877 4048 1996 4102 est!
2025 4047 2186 4102 Aliud
2211 4063 2240 4100 a
2268 4047 2380 4101 Deo
2410 4049 2645 4115 postulat
2673 4091 2686 4113 ,
2723 4050 2980 4118 nimirum
3017 4060 3074 4102 ut
3111 4050 3179 4102 ab
3210 4049 3446 4103 incolatu

1879 4139 2157 4198 liberetur.
2208 4138 2464 4192 Habitari
2494 4157 2612 4192 cum
2647 4139 3060 4192 habitationibus
3093 4139 3280 4193 (Iedar.
3338 4141 3442 4194 Ce-

1878 4234 1978 4288 dar
2010 4233 2160 4303 regio
2190 4232 2434 4301 quaedam
2458 4241 2540 4285 est
2569 4232 2633 4284 ad
2663 4246 2904 4283 eremum
2947 4247 3136 4285 versus
3178 4232 3440 4303 orientem

1882 4325 2010 4388 sita,
2043 4302 2097 4377 et
2133 4338 2306 4392 usque
2347 4322 2413 4375 ad
2458 4321 2733 4375 Persidem
2778 4322 3091 4391 pertingens
3115 4365 3129 4387 ,
3165 4302 3325 4390 quam
3357 4325 3444 4376 in-

1879 4416 2424 4473 colitSaracenorum
2449 4429 2641 4484 genus.
2677 4414 2904 4468 Multum
2936 4416 3109 4468 incola
3140 4416 3239 4484 fuit
3265 4417 3446 4470 anima

1879 4524 2014 4562 mea.

267 4603 431 4657 Μετὰ
458 4599 577 4654 τῶν
598 4604 938 4670 μισούντων
973 4601 1221 4670 εἰρήνην
1257 4601 1421 4672 ἤμην
1457 4607 1770 4674 εἰρηνικός.

1953 4600 2004 4652 ’1.
2033 4597 2165 4653 Cum
2201 4598 2280 4650 Itis
2306 4599 2394 4668 qui
2418 4597 2638 4650 oderunt
2659 4613 2837 4664 pacem
2865 4614 3007 4649 eram
3033 4597 3283 4665 paciﬁcus
3306 4597 3439 4666 (50).

199 4695 385 4747 Κακία
432 4691 784 4746 Βαϐυλωνίων
830 4694 891 4746 τὸ
936 4693 1193 4763 πολεμεῖν
1252 4693 1366 4746 ἀντ’
1415 4695 1625 4762 οὐδενὸς
1666 4703 1779 4761 τοῖς

200 4784 597 4856 είρηνεύουσιν.
645 4787 706 4838 Εἰ
731 4788 804 4856 μή
840 4804 892 4839 τι
916 4787 1023 4841 δέοι
1067 4786 1319 4858 κριτικῆς
1353 4790 1616 4859 τιμωρίας
1641 4830 1654 4852 ,
1711 4793 1776 4862 ἢν

198 4879 340 4931 κατὰ
369 4875 692 4930 Χαναναίων
735 4879 829 4931 καὶ
863 4879 1202 4951 Ἀμορραίων
1249 4880 1542 4934 ἐπέταττεν
1569 4885 1596 4936 ό
1622 4882 1771 4948 Θεὸς,

197 4970 296 5040 τὴν
343 4969 481 5038 πρὸς
521 4969 714 5032 αὐτοὺς
756 4971 1116 5042 ἀπαγορεύων
1162 4971 1362 5040 φιλίαν.
1402 4973 1463 5025 Οἱ
1495 4972 1552 5026 δὲ
1584 4973 1752 5042 φαῦλο

197 5061 336 5130 πρὸς
355 5060 581 5122 τούτους
605 5061 926 5130 ἀσύμϐατοι,
964 5063 1060 5133 τὴν
1091 5063 1395 5117 Θεοσέϐειαν
1426 5063 1774 5136 βδελυττόμεη

196 5167 300 5204 νοι.
348 5152 538 5204 Ὅταν
576 5151 841 5205 ἐλάλουν
887 5152 1124 5219 αὐτοῖς,
1168 5154 1503 5222 ἐπολέμουν
1545 5174 1624 5225 με
1667 5157 1746 5210 δω

189 5240 360 5308 ρεάν.

558 5331 696 5402 ’ῼδὴ
730 5334 846 5385 τῶν
877 5333 1249 5403 ἀναϐαθμῶν.
1297 5337 1428 5392 PK'.

828 5423 843 5441 '
855 5426 1160 5491 Υπόθεσις.

199 5511 310 5584 Τὴν
337 5511 600 5583 δευτέραν
627 5513 767 5584 ᾠδὴν
798 5513 932 5583 ᾅδει,
969 5514 1364 5584 προαπολυθεὶς
1410 5519 1505 5588 μὲν
1543 5521 1640 5589 τῆς
1684 5524 1764 5574 αἱ-

266 5603 611 5674 χμαλωσίας,
649 5605 705 5657 ὲν
733 5603 917 5674 ὁδῷ,δὲ
941 5594 1134 5660 ὁδεύων
1158 5608 1254 5677 τῆς
1290 5613 1500 5678 μακρᾶς
1533 5613 1653 5665 ὁδοῦ
1675 5616 1769 5684 τῆς

268 5708 315 5738 ’⁷
346 5707 543 5764 Coloss
597 5722 677 5768 ιιι,
711 5705 764 5761 5.
837 5709 884 5739 ⁷⁸
916 5707 1044 5765 Luc.
1072 5728 1198 5778 xrn,
1231 5713 1312 5766 10.

266 5799 380 5866 (50)
417 5798 663 5853 lacertus
701 5800 868 5855 locus.

1883 4691 1958 4747 Ea
1981 4700 2097 4746 erat
2140 4691 2339 4745 malitia
2365 4690 2807 4760 Babyloniorum,
2836 4701 2893 4744 ut
2919 4692 3062 4744 nulla
3094 4692 3160 4742 de
3186 4706 3348 4744 causa
3377 4692 3444 4746 iis

1881 4789 1973 4857 qui
2008 4802 2191 4856 pacem
2230 4786 2480 4840 colebant
2505 4783 2704 4835 bellum
2739 4778 3023 4836 inferrent.
3069 4781 3181 4836 Nisi
3214 4782 3443 4836 fortasse

1880 4876 2134 4946 respiciat
2173 4875 2494 4944 supplicium
2528 4873 2670 4940 quod
2712 4874 2777 4925 ile
2812 4873 3134 4924 Chanaan-is
3169 4881 3221 4922 et
3250 4876 3442 4923 Amor-

1878 4970 2039 5024 rhzeis
2068 4970 2208 5022 sumi
2239 4969 2491 5036 praecepit
2517 4963 2678 5026 Deus,
2708 4974 2897 5018 vetans
2923 4980 2989 5017 ne
3021 4965 3312 5017 amicitiam
3361 4967 3444 5017 in-

1879 5063 2017 5115 irent
2051 5076 2172 5113 cum
2206 5059 2334 5112 illis.
2369 5056 2524 5109 Nulla
2557 5067 2737 5109 autem
2779 5065 2862 5109 est
2889 5057 3020 5124 ipsis
3052 5057 3284 5108 amicitia
3316 5071 3440 5109 cum

1879 5153 2138 5221 improbis
2175 5150 2268 5217 qui
2303 5164 2484 5202 veram
2517 5149 2834 5216 religionem
2865 5157 3245 5203 exsecrantur.
3307 5149 3441 5203 Cum

1872 5242 2119 5312 loquebar
2152 5241 2279 5304 illis,
2318 5241 2693 5310 impugnabant
2723 5257 2802 5292 me
2834 5240 3021 5309 gratis.

2190 5333 2240 5386 1.
2298 5332 2573 5388 Canticum
2605 5332 2882 5401 graduum.
2955 5330 3120 5389 CXX.

2450 5425 2851 5494 Argumentum.

1877 5516 2188 5573 Secundum
2227 5517 2540 5571 modulatur
2573 5518 2875 5581 canticum,
2899 5516 3026 5568 dum
3057 5522 3176 5580 post
3203 5512 3437 5567 solutam

1946 5610 2305 5680 captivitatem
2350 5613 2564 5680 longum
2617 5611 2717 5664 iter
2749 5618 2932 5679 ageret
2971 5607 3239 5668 Babylone
3282 5604 3440 5661 tero-
