4094 6312
680 360 782 423 511

1492 365 1548 420 S.
1591 365 1959 422 ATllANASll
2002 366 2153 422 ()PP.
2191 366 2368 420 PARS
2403 366 2492 422 ΙΙΙ.
2535 398 2604 408 —
2645 365 3054 422 EXEGETICA.

3795 368 3899 423 5η

753 487 1038 556 solymam.
1089 484 1266 554 Atque
1311 485 1448 540 inter
1484 487 1720 541 medium
1774 489 2034 543 montium
2080 489 2244 542 inter-

2420 487 2619 558 μεταξὺ
2645 487 2958 548 Βαϐυλῶνος
2980 488 3073 541 καὶ
3118 488 3486 558 Ἰερουσαλήμ.
3526 490 3623 552 Ὃς
3643 528 3657 551 ,
3691 491 3786 542 καὶ
3818 487 3903 558 μι-

749 591 940 650 ceptus
958 616 974 642 ,
1000 586 1156 646 rogat
1181 577 1439 631 auxilium
1472 579 1572 632 sibi
1599 579 1855 648 impendi,
1883 597 2045 650 quem
2079 595 2244 634 exau-

749 671 905 727 diens
934 668 1287 738 propheticus
1335 668 1574 739 Spiritus
1619 672 1908 740 respondet
1940 690 1952 726 :
1989 671 2242 727 Dominus

746 764 1004 819 custodiet
1036 762 1312 816 introitum
1345 771 1494 816 tuum
1527 775 1575 818 et
1611 768 1810 818 exitum
1839 777 2002 818 tuum.

754 919 804 982 Ι,
828 918 882 974 2.
915 917 1104 972 Levavi
1154 918 1330 971 oculos
1363 934 1499 971 meos
1551 920 1604 971 in
1637 933 1831 974 montes
1859 961 1873 975 .
1904 965 1915 976 .
1946 963 1957 974 .
1985 922 2245 977 auxilium

679 1024 849 1060 meum
888 1025 920 1061 a
955 1007 1200 1072 Domino,
1232 1010 1319 1076 qui
1349 1009 1472 1076 fecit
1505 1009 1688 1062 caelum
1715 1021 1763 1064 et
1806 1022 2018 1066 terram.
2051 1012 2244 1068 Osten-

676 1096 808 1151 dens
840 1096 932 1151 Dei
961 1097 1254 1166 potentiam
1281 1099 1355 1153 ait
1384 1115 1397 1150 :
1430 1098 1536 1163 Qui
1565 1101 1688 1168 fecit
1737 1103 1917 1155 caelum
1950 1112 1996 1155 et
2026 1114 2239 1159 terram.

746 1375 802 1441 5,
831 1377 882 1429 4.
926 1376 1046 1430 Non
1087 1379 1170 1429 (let
1207 1379 1259 1430 in
1289 1381 1687 1432 commotionem
1718 1383 1893 1445 prdem
1940 1393 2117 1447 tuum,
2150 1400 2238 1437 ne-

672 1483 773 1538 que
802 1469 1049 1522 dormitet
1085 1472 1173 1539 qni
1210 1471 1436 1524 custodit
1476 1482 1542 1526 te.
1614 1472 1748 1526 Ecce
1783 1491 1882 1528 non
1912 1475 2240 1544 dormitabit,

670 1570 779 1616 etc.
807 1561 956 1616 lianc
989 1563 1184 1617 habeto
1216 1580 1387 1633 spem,
1420 1576 1473 1619 et
1507 1567 1827 1621 salvaberis.
1880 1569 2009 1624 Illud
2035 1581 2242 1637 autem,

674 1670 774 1706 non
807 1654 1145 1720 dormitabit,
1176 1672 1281 1709 non
1312 1657 1550 1712 laborem
1585 1674 1774 1713 eorum
1809 1661 1899 1730 qui
1932 1664 2244 1719 custodiunt

672 1744 969 1808 exercitus,
1011 1748 1206 1811 urbes,
1259 1749 1464 1810 ovilia;
1529 1751 1621 1804 sed
1654 1752 2106 1821 impatibilitatem
2147 1754 2239 1808 Dei

2416 597 2506 644 σος
2533 581 2642 634 τῶν
2669 581 2838 652 ὀρέων
2868 579 3224 652 ἀποληφθεὶς,
3251 579 3464 650 εὔχεται
3491 579 3641 649 αὐτῷ
3661 581 3905 652 βοήθειαν

2414 673 2662 740 γενέσθαι
2683 691 2698 708 ο
2724 666 2784 726 οὗ
2807 674 2900 726 καὶ
2933 673 3260 740 ἐπακούσας,
3282 673 3342 726 τὸ
3372 672 3592 743 Πνεῦμα
3611 673 3672 725 τὸ
3701 692 3907 745 προφηο

2409 765 2561 818 τικὸν
2597 765 2999 834 ἀποφθέγγεται
3023 783 3035 794 ·
3083 766 3295 832 Κύριος
3339 764 3594 834 φυλάξει
3633 764 3753 834 τήν
3783 768 3906 819 εισ-

2409 855 2554 908 οδόν
2585 870 2700 910 σου
2727 856 2824 910 καὶ
2844 857 2958 924 τὴν
2985 856 3198 921 ἐξοδόν
3221 871 3355 910 σου.

2410 943 2556 1017 Ἦρα
2575 948 2715 1014 τοὺς
2743 949 3087 1018 ὀφθαλμούς
3110 966 3228 1017 μου
3247 951 3332 1014 εις
3354 950 3425 1002 τὰ
3453 947 3558 1018 δρη
3585 991 3597 1004 .
3627 988 3642 1001 .
3672 989 3688 1003 .
3717 990 3733 1003 .
3763 988 3780 1004 .
3809 993 3822 1007 .
3853 991 3863 1002 .
3895 991 3904 1001 .

2353 1038 2414 1094 Ἠ
2433 1037 2684 1103 βοήθειά
2709 1055 2828 1107 μου
2858 1037 3013 1107 παρὰ
3034 1039 3250 1106 Kvplov
3279 1037 3381 1092 τοῦ
3409 1039 3780 1104 ποιήσαντος
3809 1040 3908 1091 τὸν

2341 1129 2600 1196 οὐρανὸν
2631 1128 2730 1182 καὶ
2768 1128 2882 1195 τὴν
2912 1127 3047 1197 γῆν.
3087 1122 3212 1180 ’Τοῦ
3241 1127 3374 1181 Θεοῦ
3402 1128 3705 1192 δεικνύντος
3739 1128 3800 1181 τὸ
3825 1129 3907 1180 δυο

2340 1219 2496 1274 νατὸν
2516 1259 2531 1283 ,
2577 1219 2686 1273 Τοῦ
2714 1219 3116 1287 ποιήσαντος,
3147 1219 3277 1288 φησι
3299 1259 3314 1284 ,
3349 1217 3455 1273 τὸν
3504 1219 3770 1289 οὐρανὸν
3817 1220 3907 1273 καὶ

2339 1310 2456 1381 τὴν
2487 1311 2622 1380 γῆν.

2411 1403 2507 1470 Μὴ
2539 1401 2657 1468 δῴη
2689 1403 2776 1467 εἰς
2800 1401 2998 1455 σάλον
3025 1401 3132 1455 τὸν
3158 1400 3310 1455 πόδα
3336 1415 3472 1462 σου,
3502 1401 3657 1470 μηδὲ
3690 1400 3908 1456 νυστά-

2342 1493 2417 1560 ξῃ
2450 1497 2481 1546 ὀ
2512 1492 2849 1562 φυλάσσων
2877 1507 2972 1546 σε.
3046 1492 3260 1561 Ταύτην
3285 1492 3374 1562 ἔχε
3409 1491 3506 1562 τὴν
3551 1492 3743 1546 ἐλπίδα
3767 1533 3781 1557 ,
3817 1493 3909 1546 καὶ

2343 1582 2510 1653 σώζῃ.
2543 1584 2616 1635 Τὸ
2639 1583 2718 1647 δὲ,
2755 1584 2826 1636 οὐ
2854 1583 3159 1647 νυστάξει,
3193 1584 3253 1635 οὐ
3283 1581 3343 1636 τὸ
3374 1583 3627 1636 ἐπίπονον
3659 1583 3774 1636 ἀπὸ
3803 1583 3907 1636 τῶν

2343 1675 2715 1745 φυλαττόντων
2745 1675 2843 1738 τὰς
2888 1677 3148 1747 στρατιὰς
3180 1675 3272 1728 καὶ
3318 1675 3496 1740 πόλεις
3525 1677 3618 1729 καὶ
3662 1676 3906 1748 ποίμνια,

2342 1767 2478 1820 ἀλλὰ
2500 1767 2561 1819 τὸ
2587 1765 2793 1829 ἀπαθὲς
2812 1765 2873 1818 τὸ
2896 1767 3047 1819 Θεῐον
3067 1767 3215 1836 δηλοῖ
3235 1766 3314 1833 τὸ,
3350 1767 3422 1820 οὐ
3451 1766 3741 1832 νυστάζει
3771 1766 3909 1823 οὐδὲ

671 1836 942 1908 signiﬁcat
977 1839 1106 1892 illud
1135 1857 1147 1892 :
1179 1838 1297 1892 Non
1343 1841 1648 1896 dormitabit
1692 1861 1852 1914 neque
1883 1846 2105 1900 dormiet
2155 1848 2244 1917 qui

2345 1859 2609 1912 ὐπνώσει
2634 1860 2666 1911 ό
2690 1855 3029 1926 φυλάσσων
3064 1856 3318 1924 Ἰσραήλ.
3344 1859 3500 1910 Δοκεῖ
3519 1858 3575 1911 δὲ
3602 1858 3908 1922 νυστάζειν,

670 1931 902 1982 custodit
938 1929 1127 1984 Israel.
1168 1930 1387 1987 \‘idetur
1420 1943 1598 1989 autem
1626 1937 2081 1995 dormitarecum
2127 1950 2243 1994 tur-

673 2020 916 2075 bulentis
967 2021 1130 2091 hujus
1164 2026 1287 2078 vita:
1318 2027 1550 2095 negotiis
1599 2040 1651 2082 et
1701 2030 1916 2084 insidiis
1950 2033 2238 2098 agitamur.

747 2112 798 2166 5.
835 2111 1089 2168 Dominus
1116 2117 1380 2170 custodiat
1411 2127 1459 2170 te
1483 2157 1497 2181 ,
1536 2117 1789 2171 Dominus
1829 2124 2075 2188 proiectio
2129 2134 2241 2190 tua,

2342 1953 2558 2006 ἐπειδὰν
2570 1955 2680 2015 τοῖς
2696 1951 2946 2016 ἀστάτοις
2971 1951 3063 2004 τοῦ
3092 1952 3206 2021 βίου
3237 1950 3576 2021 σαλευόμεθα
3597 1952 3907 2023 πράγμασι,

2341 2048 2460 2107 ταῖς
2486 2044 2605 2098 καθ’
2633 2044 2788 2114 ἡμῶν
2815 2043 3143 2106 ἐπιϐουλαῖς.

2413 2139 2626 2206 Κύριος
2655 2135 2918 2206 φυλάξαι
2947 2151 3042 2198 σε,
3062 2135 3274 2202 Κύριος
3288 2131 3484 2201 σκέπη
3514 2151 3636 2197 σοι,
3659 2132 3759 2186 ἐπὶ
3789 2132 3906 2200 χεῖ-

672 2217 830 2271 super
865 2219 1074 2256 manum
1126 2205 1395 2257 dexteram
1449 2216 1614 2260 tuam.
1668 2205 1902 2276 ldipsum
1943 2210 1995 2262 in
2031 2211 2243 2265 decimo

2345 2246 2415 2295 pa
2445 2205 2650 2291 δεξιάν
2682 2243 2819 2280 σου.
2870 2225 3045 2278 Τοῦτο
3087 2226 3180 2277 καὶ
3226 2227 3283 2276 ὲν
3309 2223 3387 2295 τῷ
3421 2231 3494 2278 ιε’
3524 2225 3626 2296 ἔφη
3672 2223 3871 2295 ψαλμῷ

671 2293 868 2362 quinto
915 2294 1126 2362 psalmo
1172 2295 1282 2350 ait:
1315 2295 1656 2352 Providebam
1709 2299 1989 2354 Dominum
2021 2303 2074 2354 in
2121 2321 2243 2356 con-

671 2393 850 2451 spectu
889 2401 996 2438 meo
1031 2402 1263 2454 semper,
1299 2391 1549 2459 quoniam
1577 2409 1609 2444 a
1639 2391 1840 2445 dextris
1865 2405 1943 2446 est
1985 2394 2148 2457 mihi,
2181 2410 2244 2446 ne

669 2488 998 2528 commoveor
1025 2474 1089 2532 ⁷⁸.
1123 2476 1186 2529 Ει
1223 2478 1327 2531 hoc
1357 2479 1482 2532 item
1514 2481 1634 2534 loco
1665 2481 1799 2534 dicit
1825 2500 1836 2534 :
1861 2482 1942 2535 Ad
1967 2484 2241 2536 dexteram

671 2583 896 2622 manum
930 2578 1078 2622 tuam
1114 2571 1468 2636 constitutus,
1499 2583 1552 2626 et
1573 2583 1837 2645 proteget,
1874 2583 1928 2630 et
1952 2577 2239 2640 custodiet,

670 2665 727 2712 et
761 2658 910 2712 omni
940 2659 1277 2728 providentia
1309 2662 1638 2732 dignabitur.

1027 2748 1303 2806 Canticum
1332 2756 1611 2822 graduum.
1681 2755 1888 2813 CXXI.

1257 2846 1658 2915 Argumentum.

671 2934 915 2991 Tertium
957 2937 1231 2991 canticum
1286 2938 1389 2991 iter
1445 2941 1731 3005 agentibus
1769 2942 2027 3009 praedicat
2075 2949 2134 2994 ut
2189 2941 2242 2994 in

744 3026 965 3081 domum
997 3023 1092 3079 Dei
1121 3027 1440 3082 concedant.
1499 3028 1678 3094 Quare
1711 3031 1790 3085 sic
1817 3031 2076 3101 loquitur.

671 3296 888 3348 domum
925 3294 1142 3348 Domini
1190 3297 1403 3351 ibimus.

742 3383 798 3438 2.
829 3383 1044 3440 Stantes
1083 3399 1232 3442 erant
1260 3388 1410 3457 pedes
1459 3390 1628 3441 nostri
1671 3390 1723 3442 in
1753 3392 1906 3444 atriis
1936 3393 2064 3460 tuis,
2093 3391 2249 3447 Jeru-

672 3477 862 3532 salem.
916 3478 1032 3534 Vox
1062 3495 1253 3534 senum
1284 3481 1398 3537 haec
1427 3493 1531 3546 est,
1570 3484 1662 3552 qui
1697 3486 2064 3553 captivitatem
2092 3488 2250 3541 susti-

674 3579 943 3634 nuerunt,
1001 3579 1056 3624 et
1098 3580 1324 3626 narrant
1376 3571 1542 3641 pedes
1595 3589 1727 3629 suos
1776 3576 1976 3632 auibus
2002 3577 2115 3648 jam
2150 3578 2247 3633 iter

675 3673 901 3733 agerent
923 3663 1053 3717 olim
1082 3664 1390 3719 stetisse'in
1424 3665 1750 3721 Jerusalem.

750 3839 804 3892 5.
838 3837 1168 3904 Jerusalem,
1196 3858 1312 3909 quw
1337 3843 1638 3910 trdi/icatur
1667 3854 1724 3897 ut
1759 3847 1962 3900 civitas.
2027 3846 2106 3900 Ita
2129 3887 2144 3912 ,
2169 3847 2250 3900 in-

681 3931 823 4000 quit,
857 3932 1051 3985 civitas
1080 3933 1210 3986 olim
1234 3942 1385 3998 erat;
1413 3950 1520 3988 non
1553 3936 1679 3991 hinc
1711 3937 1833 3992 inde
1860 3938 2123 4008 dispersa,
2154 3939 2248 3994 sed

676 4021 752 4075 tta
811 4031 1127 4078 constructa
1149 4060 1165 4085 .
1219 4033 1279 4077 ut
1335 4025 1608 4080 videretur
1635 4042 1743 4082 una
1773 4029 1969 4084 domus
1998 4043 2150 4095 esse,
2181 4045 2247 4084 ex

675 4114 963 4167 domorum
996 4115 1259 4169 continua
1294 4117 1435 4171 serie
1460 4120 1928 4179 et'concinnitatc.

747 4291 802 4345 4.
851 4289 991 4344 Illuc
1020 4293 1158 4345 enim
1183 4294 1529 4348 ascenderunt
1559 4297 1748 4352 tribus.
1810 4296 2011 4356 Omnes
2047 4301 2243 4368 tribus,

677 4385 876 4455 inquit,
919 4401 1040 4455 quae
1065 4401 1128 4440 ex
1162 4384 1394 4456 Egypto
1415 4404 1509 4457 per
1542 4390 1796 4445 virtutem
1831 4391 2047 4447 Domini
2071 4410 2248 4464 egres-

677 4491 752 4529 sa:
789 4485 934 4538 sunt,
971 4476 1038 4528 ad
1063 4490 1181 4529 eam
1211 4477 1400 4530 urbem
1433 4479 1810 4547 properabant,
1852 4482 1918 4536 ad
1957 4481 2237 4538 ferendum

2349 4510 2516 4581 αὐτὴν
2541 4510 2795 4564 ἔσπευδον
2821 4512 2886 4580 τὴ

677 4567 1083 4632 testimonium,
1117 4569 1228 4622 sive
1258 4570 1322 4622 ad
1367 4572 1567 4639 gratias
1610 4573 1849 4640 agendas
1899 4573 2009 4630 Deo
2055 4574 2241 4631 lsracl.

677 4660 760 4713 Ad
793 4661 1149 4728 conﬁtendum
1177 4662 1374 4714 nomini
1403 4663 1632 4718 Domini.
1665 4665 1916 4739 E0_quod
1943 4668 2247 4739 impleverit

677 4750 1052 4807 admirabilem
1095 4755 1515 4822 promissionem
1548 4771 1726 4812 suam.
1754 4736 2039 4816 'Thronos—
2062 4773 2243 4817 autem

676 4845 874 4899 domus
906 4844 1071 4900 David
1109 4861 1271 4915 super
1294 4862 1412 4899 eam
1442 4846 1696 4906 fundatos
1719 4865 1841 4905 esse
1867 4850 1961 4917 ait,
1985 4855 2244 4923 quoniam

677 4937 886 4990 scilicet
919 4951 1144 5005 regnum
1185 4938 1237 4991 in
1269 4953 1459 4994 omnes
1503 4943 1831 5008 praenuntiat
1883 4942 2072 5000 David.
2127 4944 2245 5000 Non

678 5026 846 5080 unius
876 5026 1164 5095 imperium
1200 5043 1536 5094 memorans,
1569 5032 1660 5085 sed
1691 5047 2003 5100 commune,
2035 5035 2086 5088 in
2118 5037 2248 5104 Opti-

681 5135 802 5173 mos
830 5128 882 5173 et
911 5120 1354 5190 religiosissimos
1383 5137 1628 5191 quosque
1656 5163 1670 5188 ,
1705 5138 1735 5178 a
1781 5125 1978 5191 quibus
2021 5141 2246 5196 regnum

682 5211 903 5266 Davidis
929 5213 1157 5282 erigitur
1184 5228 1279 5282 per
1307 5216 1534 5281 gratiam
1566 5215 1767 5270 Christi
1796 5235 1808 5270 :
1838 5218 1932 5285 qui
1961 5219 2245 5274 duodecim

683 5306 943 5373 apostolis
964 5346 979 5370 ,
1013 5319 1176 5374 super
1205 5306 1489 5360 duodecim
1519 5308 1746 5362 thronos
1776 5309 2086 5366 sedentibus
2110 5351 2125 5376 ,
2154 5327 2248 5381 po-

682 5406 930 5451 testatem
966 5397 1112 5451 dedit
1144 5397 1421 5467 judicandi
1449 5396 1720 5452 lsraelem.

756 5488 810 5542 5.
833 5486 972 5550 Quia
1001 5488 1111 5542 illic
1133 5489 1372 5542 sederunt
1403 5490 1575 5542 tltroni
1609 5491 1660 5543 in
1682 5491 1907 5558 judicio.
1942 5493 2246 5550 Secundum

686 5574 970 5630 histeriam
1010 5577 1116 5631 iilic
1155 5577 1298 5646 regia
1351 5577 1481 5642 fuit,
1517 5578 1624 5633 illic
1660 5581 1997 5636 sacerdotum
2031 5581 2246 5644 throni;

754 5757 798 5788 ⁷³
823 5756 958 5811 Ρδέιί.
996 5775 1083 5814 λγ,
1119 5760 1149 5804 8

2343 2319 2737 2386 Προεωρὼμην
2766 2315 2874 2368 τὸν
2901 2317 3118 2383 Κύριον
3139 2315 3392 2368 ἐνώπιόν
3417 2331 3536 2382 μου
3564 2314 3916 2378 διαπαντὸς,

2343 2409 2432 2462 ὅτι
2454 2410 2522 2461 ἐκ
2553 2406 2766 2472 δεξιῶν
2781 2408 2899 2476 μού
2927 2408 3114 2469 ἐστιν,
3148 2407 3249 2460 ἵνα
3265 2404 3352 2475 μὴ
3371 2404 3667 2462 σαλευθῶ.
3703 2406 3812 2460 Καὶ
3835 2406 3910 2457 ἒν-

2342 2499 2514 2552 ταῦϋα
2550 2500 2709 2552 πάλιν
2745 2497 2940 2568 φησὶν,
2990 2497 3072 2550 ὅτι
3109 2497 3266 2569 Παρὰ
3292 2496 3390 2568 τὴν
3417 2494 3595 2562 δεξιάν
3629 2513 3721 2550 σοι
3757 2497 3910 2568 χεῖρα

2342 2591 2646 2659 γενόμενος,
2687 2588 2779 2639 καὶ
2809 2586 3104 2651 dicendast,
3136 2587 3229 2639 καὶ
3257 2586 3585 2657 φρουρήσει,
3615 2587 3711 2639 καὶ
3733 2585 3909 2657 πόσης

2344 2679 2565 2744 ἀξιώσει
2594 2678 2870 2748 προνοίας.

2686 2766 2823 2837 ᾨδὴ
2858 2764 2976 2820 τῶν
3008 2763 3378 2836 ἀναϐαθμῶν.
3417 2767 3596 2821 PKA'.

2965 2858 2978 2876 '
2992 2861 3297 2926 Υπόθεσις.

2355 2951 2419 3002 'H
2456 2949 2612 3022 τρίτη
2641 2949 2749 3021 ᾠδὴ
2775 2951 2900 3013 τοὺς
2932 2949 3009 3002 ἔτι
3053 2949 3462 3021 ὁδοιποροῦντας
3485 2949 3909 3018 εὐαγγελίζεται,

2413 3041 2511 3112 τὴν
2541 3043 2620 3103 εἰς
2647 3041 2735 3094 τὸν
2759 3036 2904 3094 οἷκον
2932 3040 3023 3094 τοῦ
3044 3040 3177 3094 Θεοῦ
3198 3040 3400 3110 ἄφιξιν.
3427 3041 3514 3094 Διὸ
3529 3041 3623 3094 καὶ
3644 3041 3915 3112 ἀναφθέγο

743 3204 799 3258 1.
839 3201 1077 3259 Lanatus
1127 3207 1336 3259 sumin
1374 3208 1439 3260 iis
1489 3225 1606 3277 qua
1643 3210 1786 3262 dicta
1820 3221 1941 3264 sunt
1992 3213 2118 3265 mihi
2148 3229 2163 3265 :
2191 3216 2243 3266 in

2413 3148 2587 3200 γεται.

2407 3227 2587 3277 Ηύεςοε

2407 3225 2771 3294 Εὐφράνθητε
2801 3223 2899 3276 ἐπὶ
2947 3222 3072 3288 τοῖς
3108 3226 3375 3292 εἰρηκόσι
3415 3241 3550 3294 μοι’
3617 3226 3704 3293 είς
3748 3221 3916 3282 οἷκον

2345 3321 2566 3387 Κυρίου
2594 3317 3024 3387 πορευσόμεθα.

2428 3408 2710 3473 Ἐστῶτες
2740 3404 2903 3477 ἦσαν
2933 3410 2986 3459 οι
3031 3406 3210 3472 πόδες
3246 3405 3413 3475 ἡμῶν
3441 3407 3510 3459 ἐν
3543 3407 3670 3474 ταῖς

2347 3513 2488 3561 σου,
2530 3496 2937 3567 Ἰερουσαλήμ.
2964 3497 3108 3568 Αὕτη
3138 3497 3244 3549 τῶν
3272 3498 3656 3569 γεγηρακότων
3679 3502 3712 3571 ἡ
3743 3501 3916 3572 φωνὴ,

2347 3591 2454 3644 τῶν
2480 3591 2573 3645 καὶ
2606 3590 2704 3662 τὴν
2735 3590 3108 3661 αἰχμαλωσίαν
3135 3591 3570 3660 ὑπομεινάντων,
3625 3594 3918 3665 διηγουμέ-

2347 3701 2474 3745 νων,
2502 3683 2578 3744 ὠς
2606 3683 2711 3752 ἄρα
2737 3681 2916 3735 αὐτῶν
2942 3683 2990 3733 οἱ
3019 3682 3196 3744 πόδες,
3231 3683 3280 3734 οί
3306 3681 3400 3734 νῦν
3426 3683 3523 3752 τήν
3545 3685 3771 3748 πορείαν
3793 3703 3917 3739 ποι-

2346 3772 2588 3842 ούμενοι,
2617 3771 2784 3824 πάλαι
2817 3770 3047 3841 ἔστησαν
3073 3773 3128 3825 έν
3164 3772 3534 3844 Ἰερουσαλήμ.

2425 3864 2811 3933 Ἰερουσαλὴμ
2858 3864 3321 3935 οἰκοδομουμένη
3353 3867 3433 3932 ὡς
3482 3867 3677 3930 πόλις.
3738 3867 3917 3932 Οὕτω,

2346 3959 2508 4027 φησὶν
2534 3997 2548 4020 ,
2577 3953 2642 4028 ἦν
2674 3957 2840 4010 πάλαι
2880 3959 2956 4020 ὼς
2985 3957 3138 4020 πόλις
3163 3999 3178 4022 ,
3209 3958 3269 4010 οὐ
3295 3958 3659 4029 διεσπαρμένῃ
3688 3953 3794 4014 ὧδε
3824 3979 3921 4014 κα-

2350 4054 2496 4106 κεῖσε
2517 4070 2531 4082 ο
2575 4051 2688 4104 ἀλλ’
2710 4049 2882 4113 οὕτως
2905 4046 2973 4120 ἦν
2999 4050 3314 4123 ἡρμοσμένῃ
3339 4090 3354 4115 ,
3383 4050 3456 4114 ὡς
3476 4050 3623 4116 δόξαι
3649 4053 3746 4106 ἕνα
3774 4052 3919 4106 οἷκον

2349 4141 2490 4198 εἶναι
2523 4147 2588 4216 τῇ
2625 4143 2883 4215 συναφείᾳ
2912 4143 3004 4197 καὶ
3034 4145 3100 4216 τῇ
3127 4144 3358 4216 ἁρμονίᾳ
3401 4145 3508 4198 τῶν
3545 4145 3917 4218 οἰκοδομημάο

2345 4254 2475 4291 των.

2431 4327 2592 4381 Ἐκεῖ
2607 4327 2718 4398 γὰρ
2747 4327 3051 4394 ἀνέδησαν
3081 4328 3141 4379 al
3167 4327 3373 4396 φυλαί.
3404 4327 3581 4382 Πᾶσαι
3627 4329 3681 4381 αί
3728 4329 3918 4396 φυλαὶ,

2348 4419 2511 4489 φησὶν
2532 4459 2546 4483 ,
2579 4418 2637 4485 ἐξ
2667 4419 2940 4487 Αἰγύπτου
2963 4416 3187 4487 δυνάμει
3217 4416 3420 4488 Κυρίου
3449 4415 3759 4482 ἐξελθοῦσαι
3788 4457 3802 4480 ,
3837 4419 3920 4481 είς

2892 4528 2919 4562 ν
2945 4508 3097 4561 πόλιν
3130 4509 3510 4581 μαρτυρῆσαι,
3543 4508 3660 4578 ἦτοι
3692 4509 3921 4579 εὐχαρι-

2349 4602 2544 4671 στῆσαι
2571 4601 2650 4672 τῷ
2672 4601 2789 4671 Θεῷ
2809 4600 2902 4653 τοῦ
2945 4601 3179 4673 Ἰσραήλ.
3221 4599 3330 4654 Τοῦ
3357 4598 3921 4669 ἐξομολογήσασθαι

2345 4693 2424 4760 τῷ
2457 4694 2698 4764 ὀνόματι
2729 4696 2969 4764 Κυρίου.
3014 4695 3128 4763 Ἐφ’
3163 4687 3243 4755 οἷς
3274 4691 3552 4764 ἐπλήρωσε
3579 4691 3673 4763 τὴν
3703 4693 3922 4762 θαυμα-

2347 4785 2467 4839 σίαν
2501 4785 2811 4856 ὑπόσχεσιν,
2841 4784 3062 4856 Θρόνους
3091 4799 3149 4836 τε
3173 4781 3268 4836 τοῦ
3298 4783 3446 4838 οίκου
3479 4781 3640 4835 Δαυῒδ
3668 4782 3921 4854 ἱδρυνθῆ-

2346 4879 2434 4933 ναί
2466 4896 2628 4951 φησιν
2660 4879 2744 4931 ἐπ’
2786 4878 2988 4947 αὐτῆςο
3040 4877 3161 4931 ἐπεὶ
3191 4876 3286 4929 καὶ
3330 4874 3604 4945 βασιλείαν
3639 4875 3860 4928 πάντων
3890 4877 3923 4930 ό

2346 4970 2505 5025 Δαυῒδ
2534 4969 2863 5042 προφητεύει
2887 4986 2900 4999 ο
2931 4969 3028 5038 οὐχ
3054 4969 3170 5031 ένδς
3195 4967 3367 5035 λέγων
3392 4967 3563 5038 ἀρχὴν
3586 5006 3600 5028 ,
3632 4966 3769 5020 ἀλλὰ
3809 4984 3922 5020 κοι-

2346 5064 2442 5117 νὴν
2462 5101 2477 5125 ,
2503 5061 2643 5131 ὑπὲρ
2674 5061 2909 5133 ἀρίστων
2938 5059 3030 5112 καὶ
3063 5056 3521 5111 θεοσεὸεστάτωνσ
3553 5054 3618 5108 δι’
3651 5049 3725 5108 ὧν
3753 5055 3787 5125 ὴ
3820 5054 3922 5123 βα-

2349 5153 2522 5207 σιλεία
2543 5153 2704 5207 Δαυῖδ
2723 5150 3038 5224 ἁνορθοῦται
3067 5150 3247 5222 χάριτι
3274 5148 3366 5202 τοῦ
3392 5145 3649 5219 Χριστοῦ,
3679 5149 3796 5210 τοῖς
3820 5146 3924 5200 δώ-

2346 5247 2477 5299 δεκα
2507 5246 2794 5307 δεδωκότος
2824 5245 3166 5306 ἀποστόλοις,
3200 5244 3311 5304 τοῖς
3343 5241 3432 5293 ἐπὶ
3463 5239 3668 5293 δώδεκα
3702 5239 3923 5303 θοόνοις

2348 5335 2729 5410 καθεζομένοις
2759 5338 2961 5409 κρίνειν
2987 5335 3076 5388 τὸν
3116 5332 3346 5407 Ἰσραήλ.

2425 5495 2553 5548 Ὀτι
2582 5493 2710 5548 ἐκεῖ
2734 5466 3022 5548 ἐκάθὶσαν
3044 5492 3240 5559 θρόνοι
3264 5491 3351 5552 εἰς
3380 5487 3598 5556 κρίσιν.
3638 5483 3753 5538 Καὶ
3775 5482 3928 5538 κατὰ

2349 5588 2445 5659 τὴν
2477 5587 2714 5641 ίστοοίαν
2741 5586 2857 5639 ἐκεῖ
2878 5585 2946 5638 τὰ
2972 5583 3234 5655 βασίλεια,
3258 5579 3352 5635 καὶ
3371 5579 3478 5634 τῶν
3497 5575 3689 5648 ἱερέων
3715 5579 3769 5631 oi
3796 5574 3934 5651 θρό-
