  <div class='ocr_page' id='page_1' title='image "/cluster/home/n/w/nwhite01/storage/ocr_20150623/27/pst.000005712182/264.png"; bbox 0 0 4094 6312; ppageno 0'>
   <div class='ocr_carea' id='block_1_1' title="bbox 200 352 1817 428">
    <p class='ocr_par' dir='ltr' id='par_1_1' title="bbox 200 352 1817 411">
     <span class='ocr_line' id='line_1_1' title="bbox 200 352 1817 411; baseline 0.002 -3"><span class='ocrx_word' id='word_1_1' title='bbox 200 352 305 409; x_wconf 75' lang='grc'><strong>513</strong></span> <span class='ocrx_word' id='word_1_2' title='bbox 1274 354 1638 411; x_wconf 79' lang='lat' dir='ltr'><strong>EXPOSITIO</strong></span> <span class='ocrx_word' id='word_1_3' title='bbox 1678 355 1743 410; x_wconf 84' lang='lat' dir='ltr'><strong>IN</strong></span> <span class='ocrx_word' id='word_1_4' title='bbox 1783 357 1817 411; x_wconf 86' lang='lat' dir='ltr'><strong>P</strong></span> 
     </span>
    </p>
   </div>
   <div class='ocr_carea' id='block_1_2' title="bbox 1808 352 3425 428">
    <p class='ocr_par' dir='ltr' id='par_1_2' title="bbox 1808 356 3425 428">
     <span class='ocr_line' id='line_1_2' title="bbox 1808 356 3425 428; baseline 0.009 -17"><span class='ocrx_word' id='word_1_5' title='bbox 1808 356 2109 413; x_wconf 71' lang='lat' dir='ltr'><strong>’SALMUN</strong></span> <span class='ocrx_word' id='word_1_6' title='bbox 2151 359 2384 414; x_wconf 75' lang='lat' dir='ltr'><strong>CXXIV.</strong></span> <span class='ocrx_word' id='word_1_7' title='bbox 3318 370 3425 428; x_wconf 76' lang='grc'><strong>514</strong></span> 
     </span>
    </p>
   </div>
   <div class='ocr_carea' id='block_1_3' title="bbox 197 470 1814 548">
    <p class='ocr_par' dir='ltr' id='par_1_3' title="bbox 197 470 1814 544">
     <span class='ocr_line' id='line_1_3' title="bbox 197 470 1814 544; baseline 0.002 -20"><span class='ocrx_word' id='word_1_8' title='bbox 197 486 303 524; x_wconf 84' lang='grc' dir='ltr'>νοι·</span> <span class='ocrx_word' id='word_1_9' title='bbox 336 470 522 542; x_wconf 77' lang='grc' dir='ltr'>ὥσπερ</span> <span class='ocrx_word' id='word_1_10' title='bbox 549 472 652 524; x_wconf 79' lang='grc' dir='ltr'>τινὶ</span> <span class='ocrx_word' id='word_1_11' title='bbox 678 471 846 542; x_wconf 89' lang='grc' dir='ltr'>διπλῷ</span> <span class='ocrx_word' id='word_1_12' title='bbox 870 474 1113 542; x_wconf 81' lang='grc' dir='ltr'>στεφάνῳ</span> <span class='ocrx_word' id='word_1_13' title='bbox 1134 473 1225 526; x_wconf 76' lang='grc' dir='ltr'><strong>καὶ</strong></span> <span class='ocrx_word' id='word_1_14' title='bbox 1245 474 1532 544; x_wconf 74' lang='grc' dir='ltr'><strong>διαδήματι</strong></span> <span class='ocrx_word' id='word_1_15' title='bbox 1560 474 1754 527; x_wconf 75' lang='grc' dir='ltr'>καλλωο</span> <span class='ocrx_word' id='word_1_16' title='bbox 1782 484 1814 541; x_wconf 75' lang='grc' dir='ltr'><strong><em>Α</em></strong></span> 
     </span>
    </p>
   </div>
   <div class='ocr_carea' id='block_1_4' title="bbox 1804 470 3421 548">
    <p class='ocr_par' dir='ltr' id='par_1_4' title="bbox 1804 475 3421 548">
     <span class='ocr_line' id='line_1_4' title="bbox 1804 475 3421 548; baseline 0.007 -20"><span class='ocrx_word' id='word_1_17' title='bbox 1804 484 1830 540; x_wconf 70' lang='grc' dir='ltr'>ι</span> <span class='ocrx_word' id='word_1_18' title='bbox 1860 475 2077 531; x_wconf 94' lang='lat' dir='ltr'><strong>civitate</strong></span> <span class='ocrx_word' id='word_1_19' title='bbox 2098 492 2192 531; x_wconf 89' lang='lat' dir='ltr'><strong>seu</strong></span> <span class='ocrx_word' id='word_1_20' title='bbox 2219 480 2450 547; x_wconf 88' lang='lat' dir='ltr'><strong>quadam</strong></span> <span class='ocrx_word' id='word_1_21' title='bbox 2474 480 2674 548; x_wconf 82' lang='lat' dir='ltr'><strong>duplici</strong></span> <span class='ocrx_word' id='word_1_22' title='bbox 2700 496 2897 535; x_wconf 78' lang='lat' dir='ltr'><strong>corona</strong></span> <span class='ocrx_word' id='word_1_23' title='bbox 2922 498 2984 538; x_wconf 89' lang='lat' dir='ltr'><strong>ac</strong></span> <span class='ocrx_word' id='word_1_24' title='bbox 3006 484 3309 540; x_wconf 88' lang='lat' dir='ltr'><strong>diademate</strong></span> <span class='ocrx_word' id='word_1_25' title='bbox 3333 502 3421 541; x_wconf 90' lang='lat' dir='ltr'><strong>or-</strong></span> 
     </span>
    </p>
   </div>
   <div class='ocr_carea' id='block_1_5' title="bbox 196 561 1813 646">
    <p class='ocr_par' dir='ltr' id='par_1_5' title="bbox 196 561 1757 631">
     <span class='ocr_line' id='line_1_5' title="bbox 196 561 1757 631; baseline 0.001 -16"><span class='ocrx_word' id='word_1_26' title='bbox 196 561 492 631; x_wconf 75' lang='grc' dir='ltr'>πιζομένης</span> <span class='ocrx_word' id='word_1_27' title='bbox 514 561 612 631; x_wconf 84' lang='grc' dir='ltr'>τῆς</span> <span class='ocrx_word' id='word_1_28' title='bbox 638 564 861 627; x_wconf 88' lang='grc' dir='ltr'>πόλεως.</span> <span class='ocrx_word' id='word_1_29' title='bbox 896 564 1008 616; x_wconf 89' lang='grc' dir='ltr'>Νῦν</span> <span class='ocrx_word' id='word_1_30' title='bbox 1029 564 1081 616; x_wconf 79' lang='grc' dir='ltr'>δὲ</span> <span class='ocrx_word' id='word_1_31' title='bbox 1108 564 1319 616; x_wconf 76' lang='grc' dir='ltr'>πάντων</span> <span class='ocrx_word' id='word_1_32' title='bbox 1351 564 1639 630; x_wconf 77' lang='grc' dir='ltr'>ἔκπτωσις,</span> <span class='ocrx_word' id='word_1_33' title='bbox 1665 566 1757 618; x_wconf 75' lang='grc' dir='ltr'><strong>καὶ</strong></span> 
     </span>
    </p>
   </div>
   <div class='ocr_carea' id='block_1_6' title="bbox 1805 561 3422 646">
    <p class='ocr_par' dir='ltr' id='par_1_6' title="bbox 1863 567 3422 646">
     <span class='ocr_line' id='line_1_6' title="bbox 1863 567 3422 646; baseline 0.008 -27"><span class='ocrx_word' id='word_1_34' title='bbox 1863 576 2006 621; x_wconf 89' lang='lat' dir='ltr'><strong>nata.</strong></span> <span class='ocrx_word' id='word_1_35' title='bbox 2057 567 2175 622; x_wconf 83' lang='lat' dir='ltr'><strong>Jam</strong></span> <span class='ocrx_word' id='word_1_36' title='bbox 2204 584 2331 624; x_wconf 88' lang='lat' dir='ltr'><strong>vero</strong></span> <span class='ocrx_word' id='word_1_37' title='bbox 2355 572 2594 625; x_wconf 89' lang='lat' dir='ltr'><strong>omnium</strong></span> <span class='ocrx_word' id='word_1_38' title='bbox 2626 572 2778 626; x_wconf 87' lang='lat' dir='ltr'><strong>ruina</strong></span> <span class='ocrx_word' id='word_1_39' title='bbox 2829 576 3065 629; x_wconf 85' lang='lat' dir='ltr'><strong>cernitur</strong></span> <span class='ocrx_word' id='word_1_40' title='bbox 3095 585 3146 631; x_wconf 89' lang='lat' dir='ltr'><strong>et</strong></span> <span class='ocrx_word' id='word_1_41' title='bbox 3180 578 3422 646; x_wconf 77' lang='lat' dir='ltr'><strong>pristinae</strong></span> 
     </span>
    </p>
   </div>
   <div class='ocr_carea' id='block_1_7' title="bbox 194 652 1811 736">
    <p class='ocr_par' dir='ltr' id='par_1_7' title="bbox 194 652 1758 725">
     <span class='ocr_line' id='line_1_7' title="bbox 194 652 1758 725; baseline 0.003 -19"><span class='ocrx_word' id='word_1_42' title='bbox 194 652 294 723; x_wconf 77' lang='grc' dir='ltr'>τῆς</span> <span class='ocrx_word' id='word_1_43' title='bbox 322 654 561 714; x_wconf 79' lang='grc' dir='ltr'>παλαιᾶς</span> <span class='ocrx_word' id='word_1_44' title='bbox 597 654 932 723; x_wconf 74' lang='grc' dir='ltr'><strong>εὐδαιμονίας</strong></span> <span class='ocrx_word' id='word_1_45' title='bbox 974 656 1225 725; x_wconf 86' lang='grc' dir='ltr'>ἐλάχιστα</span> <span class='ocrx_word' id='word_1_46' title='bbox 1257 654 1500 724; x_wconf 75' lang='grc' dir='ltr'>λείψανα.</span> <span class='ocrx_word' id='word_1_47' title='bbox 1552 658 1758 724; x_wconf 77' lang='grc' dir='ltr'>Θρόνοι</span> 
     </span>
    </p>
   </div>
   <div class='ocr_carea' id='block_1_8' title="bbox 1804 652 3421 736">
    <p class='ocr_par' dir='ltr' id='par_1_8' title="bbox 1860 657 3421 736">
     <span class='ocr_line' id='line_1_8' title="bbox 1860 657 3421 736; baseline 0.008 -26"><span class='ocrx_word' id='word_1_48' title='bbox 1860 657 2133 715; x_wconf 88' lang='lat' dir='ltr'><strong>felicitatis</strong></span> <span class='ocrx_word' id='word_1_49' title='bbox 2186 662 2424 731; x_wconf 77' lang='lat' dir='ltr'><strong>reliquize</strong></span> <span class='ocrx_word' id='word_1_50' title='bbox 2472 664 2696 734; x_wconf 71' lang='lat' dir='ltr'><strong>exiguze.</strong></span> <span class='ocrx_word' id='word_1_51' title='bbox 2765 664 2956 719; x_wconf 80' lang='lat' dir='ltr'><strong>Throui</strong></span> <span class='ocrx_word' id='word_1_52' title='bbox 3004 684 3157 736; x_wconf 81' lang='lat' dir='ltr'><strong>super</strong></span> <span class='ocrx_word' id='word_1_53' title='bbox 3207 670 3421 724; x_wconf 83' lang='lat' dir='ltr'><strong>domum</strong></span> 
     </span>
    </p>
   </div>
   <div class='ocr_carea' id='block_1_9' title="bbox 195 744 1812 825">
    <p class='ocr_par' dir='ltr' id='par_1_9' title="bbox 195 744 1756 817">
     <span class='ocr_line' id='line_1_9' title="bbox 195 744 1756 817; baseline 0.001 -20"><span class='ocrx_word' id='word_1_54' title='bbox 195 744 287 797; x_wconf 73' lang='grc' dir='ltr'><strong>ἐπὶ</strong></span> <span class='ocrx_word' id='word_1_55' title='bbox 309 745 478 799; x_wconf 75' lang='grc' dir='ltr'>οἷκον</span> <span class='ocrx_word' id='word_1_56' title='bbox 500 745 695 798; x_wconf 82' lang='grc' dir='ltr'>Δαυτδ.</span> <span class='ocrx_word' id='word_1_57' title='bbox 733 746 819 797; x_wconf 87' lang='grc' dir='ltr'><strong>Ἐν</strong></span> <span class='ocrx_word' id='word_1_58' title='bbox 840 746 1029 817; x_wconf 71' lang='grc' dir='ltr'>ταύτῃ,</span> <span class='ocrx_word' id='word_1_59' title='bbox 1056 747 1207 817; x_wconf 83' lang='grc' dir='ltr'>φησὶ,</span> <span class='ocrx_word' id='word_1_60' title='bbox 1236 748 1298 815; x_wconf 87' lang='grc' dir='ltr'>τῇ</span> <span class='ocrx_word' id='word_1_61' title='bbox 1324 746 1491 811; x_wconf 86' lang='grc' dir='ltr'>πόλει,</span> <span class='ocrx_word' id='word_1_62' title='bbox 1517 747 1756 799; x_wconf 77' lang='grc' dir='ltr'><strong>τουτέστι</strong></span> 
     </span>
    </p>
   </div>
   <div class='ocr_carea' id='block_1_10' title="bbox 1798 744 3415 825">
    <p class='ocr_par' dir='ltr' id='par_1_10' title="bbox 1864 750 3415 825">
     <span class='ocr_line' id='line_1_10' title="bbox 1864 750 3415 825; baseline 0.009 -23"><span class='ocrx_word' id='word_1_63' title='bbox 1864 750 2049 804; x_wconf 72' lang='lat' dir='ltr'><strong>David.</strong></span> <span class='ocrx_word' id='word_1_64' title='bbox 2086 752 2141 805; x_wconf 92' lang='lat' dir='ltr'><strong>In</strong></span> <span class='ocrx_word' id='word_1_65' title='bbox 2174 752 2293 817; x_wconf 87' lang='lat' dir='ltr'><strong>hac,</strong></span> <span class='ocrx_word' id='word_1_66' title='bbox 2328 753 2526 823; x_wconf 85' lang='lat' dir='ltr'><strong>inquit,</strong></span> <span class='ocrx_word' id='word_1_67' title='bbox 2560 756 2801 821; x_wconf 85' lang='lat' dir='ltr'><strong>civitate,</strong></span> <span class='ocrx_word' id='word_1_68' title='bbox 2831 757 2881 809; x_wconf 82' lang='lat' dir='ltr'><strong>id</strong></span> <span class='ocrx_word' id='word_1_69' title='bbox 2907 767 2987 812; x_wconf 88' lang='lat' dir='ltr'><strong>est</strong></span> <span class='ocrx_word' id='word_1_70' title='bbox 3020 759 3071 811; x_wconf 88' lang='lat' dir='ltr'><strong>in</strong></span> <span class='ocrx_word' id='word_1_71' title='bbox 3095 758 3415 825; x_wconf 73' lang='lat' dir='ltr'><strong>Jerusalem,</strong></span> 
     </span>
    </p>
   </div>
   <div class='ocr_carea' id='block_1_11' title="bbox 192 834 1809 922">
    <p class='ocr_par' dir='ltr' id='par_1_11' title="bbox 192 834 1758 907">
     <span class='ocr_line' id='line_1_11' title="bbox 192 834 1758 907; baseline 0.001 -21"><span class='ocrx_word' id='word_1_72' title='bbox 192 837 255 904; x_wconf 82' lang='grc' dir='ltr'>τῇ</span> <span class='ocrx_word' id='word_1_73' title='bbox 304 835 677 906; x_wconf 79' lang='grc' dir='ltr'>Ἰερουσαλὴμ,</span> <span class='ocrx_word' id='word_1_74' title='bbox 706 834 882 907; x_wconf 86' lang='grc' dir='ltr'>θρόνοι</span> <span class='ocrx_word' id='word_1_75' title='bbox 909 835 1166 907; x_wconf 78' lang='grc' dir='ltr'><strong>ἐτέθησαν</strong></span> <span class='ocrx_word' id='word_1_76' title='bbox 1192 837 1456 906; x_wconf 78' lang='grc' dir='ltr'>βασιλικοὶ</span> <span class='ocrx_word' id='word_1_77' title='bbox 1487 840 1657 906; x_wconf 81' lang='grc' dir='ltr'>κρῖμα</span> <span class='ocrx_word' id='word_1_78' title='bbox 1682 836 1758 889; x_wconf 85' lang='grc' dir='ltr'><strong>δί-</strong></span> 
     </span>
    </p>
   </div>
   <div class='ocr_carea' id='block_1_12' title="bbox 1797 834 3414 922">
    <p class='ocr_par' dir='ltr' id='par_1_12' title="bbox 1859 845 3414 922">
     <span class='ocr_line' id='line_1_12' title="bbox 1859 845 3414 922; baseline 0.005 -24"><span class='ocrx_word' id='word_1_79' title='bbox 1859 845 2036 899; x_wconf 79' lang='lat' dir='ltr'><strong>tlironi</strong></span> <span class='ocrx_word' id='word_1_80' title='bbox 2076 846 2207 912; x_wconf 73' lang='lat' dir='ltr'><strong>regii</strong></span> <span class='ocrx_word' id='word_1_81' title='bbox 2239 847 2396 915; x_wconf 86' lang='lat' dir='ltr'><strong>positi</strong></span> <span class='ocrx_word' id='word_1_82' title='bbox 2438 856 2598 913; x_wconf 89' lang='lat' dir='ltr'><strong>sunt,</strong></span> <span class='ocrx_word' id='word_1_83' title='bbox 2632 848 2683 901; x_wconf 93' lang='lat' dir='ltr'><strong>in</strong></span> <span class='ocrx_word' id='word_1_84' title='bbox 2719 850 2921 918; x_wconf 85' lang='lat' dir='ltr'><strong>quibus</strong></span> <span class='ocrx_word' id='word_1_85' title='bbox 2957 850 3227 918; x_wconf 81' lang='lat' dir='ltr'><strong>jUstorum</strong></span> <span class='ocrx_word' id='word_1_86' title='bbox 3265 853 3414 922; x_wconf 76' lang='lat' dir='ltr'><strong>judi-</strong></span> 
     </span>
    </p>
   </div>
   <div class='ocr_carea' id='block_1_13' title="bbox 192 920 1809 1015">
    <p class='ocr_par' dir='ltr' id='par_1_13' title="bbox 192 920 1756 999">
     <span class='ocr_line' id='line_1_13' title="bbox 192 920 1756 999; baseline 0.002 -21"><span class='ocrx_word' id='word_1_87' title='bbox 192 943 341 979; x_wconf 85' lang='grc' dir='ltr'>καιον</span> <span class='ocrx_word' id='word_1_88' title='bbox 376 926 651 997; x_wconf 86' lang='grc' dir='ltr'>κρίνοντες</span> <span class='ocrx_word' id='word_1_89' title='bbox 674 945 687 958; x_wconf 77' lang='grc' dir='ltr'><strong>ο</strong></span> <span class='ocrx_word' id='word_1_90' title='bbox 728 920 801 981; x_wconf 82' lang='grc' dir='ltr'>ὧν</span> <span class='ocrx_word' id='word_1_91' title='bbox 832 928 1043 999; x_wconf 86' lang='grc' dir='ltr'>πρῶτος</span> <span class='ocrx_word' id='word_1_92' title='bbox 1076 928 1309 998; x_wconf 79' lang='grc' dir='ltr'>κατῆρξε</span> <span class='ocrx_word' id='word_1_93' title='bbox 1339 927 1498 981; x_wconf 77' lang='grc' dir='ltr'>Δαυῖδ</span> <span class='ocrx_word' id='word_1_94' title='bbox 1517 969 1531 992; x_wconf 87' lang='grc'><em>,</em></span> <span class='ocrx_word' id='word_1_95' title='bbox 1568 928 1756 981; x_wconf 76' lang='grc' dir='ltr'>ἔπειτα</span> 
     </span>
    </p>
   </div>
   <div class='ocr_carea' id='block_1_14' title="bbox 1801 920 3418 1015">
    <p class='ocr_par' dir='ltr' id='par_1_14' title="bbox 1856 920 3418 1015">
     <span class='ocr_line' id='line_1_14' title="bbox 1856 920 3418 1015; baseline 0.006 -22"><span class='ocrx_word' id='word_1_96' title='bbox 1856 939 1997 993; x_wconf 87' lang='lat' dir='ltr'><strong>cium</strong></span> <span class='ocrx_word' id='word_1_97' title='bbox 2036 941 2297 994; x_wconf 84' lang='lat' dir='ltr'><strong>redditur.</strong></span> <span class='ocrx_word' id='word_1_98' title='bbox 2386 940 2536 1008; x_wconf 85' lang='lat' dir='ltr'><strong>Quos</strong></span> <span class='ocrx_word' id='word_1_99' title='bbox 2593 942 2741 1015; x_wconf 90' lang='lat' dir='ltr'><strong>prior</strong></span> <span class='ocrx_word' id='word_1_100' title='bbox 2773 947 3057 1014; x_wconf 86' lang='lat' dir='ltr'><strong>occupavit</strong></span> <span class='ocrx_word' id='word_1_101' title='bbox 3112 920 3313 1012; x_wconf 83' lang='lat' dir='ltr'><strong>David,</strong></span> <span class='ocrx_word' id='word_1_102' title='bbox 3354 964 3418 1003; x_wconf 88' lang='lat' dir='ltr'><strong>ac</strong></span> 
     </span>
    </p>
   </div>
   <div class='ocr_carea' id='block_1_15' title="bbox 187 1016 1804 1103">
    <p class='ocr_par' dir='ltr' id='par_1_15' title="bbox 187 1016 1755 1092">
     <span class='ocr_line' id='line_1_15' title="bbox 187 1016 1755 1092; baseline 0.004 -24"><span class='ocrx_word' id='word_1_103' title='bbox 187 1017 235 1069; x_wconf 75' lang='grc' dir='ltr'>οἱ</span> <span class='ocrx_word' id='word_1_104' title='bbox 264 1016 325 1082; x_wconf 80' lang='grc' dir='ltr'><strong>ἐξ</strong></span> <span class='ocrx_word' id='word_1_105' title='bbox 351 1018 517 1070; x_wconf 82' lang='grc' dir='ltr'>αὑτοῦ</span> <span class='ocrx_word' id='word_1_106' title='bbox 559 1019 698 1071; x_wconf 83' lang='grc' dir='ltr'>κατὰ</span> <span class='ocrx_word' id='word_1_107' title='bbox 732 1017 927 1089; x_wconf 82' lang='grc' dir='ltr'>σάρκα.</span> <span class='ocrx_word' id='word_1_108' title='bbox 958 1020 1047 1072; x_wconf 75' lang='grc' dir='ltr'>Διὸ</span> <span class='ocrx_word' id='word_1_109' title='bbox 1080 1022 1171 1073; x_wconf 83' lang='grc' dir='ltr'>καὶ</span> <span class='ocrx_word' id='word_1_110' title='bbox 1200 1017 1342 1073; x_wconf 85' lang='grc' dir='ltr'>οἷκον</span> <span class='ocrx_word' id='word_1_111' title='bbox 1369 1020 1531 1075; x_wconf 78' lang='grc' dir='ltr'>αὐτοῦ</span> <span class='ocrx_word' id='word_1_112' title='bbox 1557 1021 1755 1092; x_wconf 83' lang='grc' dir='ltr'>ὀνομά-</span> 
     </span>
    </p>
   </div>
   <div class='ocr_carea' id='block_1_16' title="bbox 1795 1016 3412 1103">
    <p class='ocr_par' dir='ltr' id='par_1_16' title="bbox 1854 1032 3412 1103">
     <span class='ocr_line' id='line_1_16' title="bbox 1854 1032 3412 1103; baseline 0.007 -18"><span class='ocrx_word' id='word_1_113' title='bbox 1854 1032 2046 1087; x_wconf 88' lang='lat' dir='ltr'><strong>deinde</strong></span> <span class='ocrx_word' id='word_1_114' title='bbox 2097 1037 2189 1103; x_wconf 92' lang='lat' dir='ltr'><strong>qui</strong></span> <span class='ocrx_word' id='word_1_115' title='bbox 2241 1050 2305 1087; x_wconf 78' lang='lat' dir='ltr'><strong>ex</strong></span> <span class='ocrx_word' id='word_1_116' title='bbox 2345 1034 2437 1088; x_wconf 91' lang='lat' dir='ltr'><strong>illo</strong></span> <span class='ocrx_word' id='word_1_117' title='bbox 2500 1036 2792 1089; x_wconf 79' lang='lat' dir='ltr'><strong>secundum</strong></span> <span class='ocrx_word' id='word_1_118' title='bbox 2841 1053 3059 1092; x_wconf 88' lang='lat' dir='ltr'><strong>carnem</strong></span> <span class='ocrx_word' id='word_1_119' title='bbox 3114 1041 3216 1094; x_wconf 84' lang='lat' dir='ltr'><strong>orti</strong></span> <span class='ocrx_word' id='word_1_120' title='bbox 3266 1052 3412 1096; x_wconf 90' lang='lat' dir='ltr'><strong>sunt.</strong></span> 
     </span>
    </p>
   </div>
   <div class='ocr_carea' id='block_1_17' title="bbox 190 1105 1807 1197">
    <p class='ocr_par' dir='ltr' id='par_1_17' title="bbox 190 1105 609 1169">
     <span class='ocr_line' id='line_1_17' title="bbox 190 1105 609 1169; baseline 0.01 -11"><span class='ocrx_word' id='word_1_121' title='bbox 190 1105 266 1169; x_wconf 83' lang='grc' dir='ltr'>ζει</span> <span class='ocrx_word' id='word_1_122' title='bbox 298 1107 394 1160; x_wconf 82' lang='grc' dir='ltr'><strong>τοῦ</strong></span> <span class='ocrx_word' id='word_1_123' title='bbox 427 1109 609 1163; x_wconf 80' lang='grc' dir='ltr'>Δαυῖδ.</span> 
     </span>
    </p>
   </div>
   <div class='ocr_carea' id='block_1_18' title="bbox 1548 1105 3165 1197">
    <p class='ocr_par' dir='ltr' id='par_1_18' title="bbox 1853 1120 3165 1197">
     <span class='ocr_line' id='line_1_18' title="bbox 1853 1120 3165 1197; baseline 0.006 -22"><span class='ocrx_word' id='word_1_124' title='bbox 1853 1120 2190 1193; x_wconf 81' lang='lat' dir='ltr'><strong>Quapropter</strong></span> <span class='ocrx_word' id='word_1_125' title='bbox 2211 1124 2432 1178; x_wconf 91' lang='lat' dir='ltr'><strong>domum</strong></span> <span class='ocrx_word' id='word_1_126' title='bbox 2461 1125 2633 1195; x_wconf 89' lang='lat' dir='ltr'><strong>ipsius</strong></span> <span class='ocrx_word' id='word_1_127' title='bbox 2668 1125 2832 1181; x_wconf 84' lang='lat' dir='ltr'><strong>David</strong></span> <span class='ocrx_word' id='word_1_128' title='bbox 2868 1140 3165 1197; x_wconf 86' lang='lat' dir='ltr'><strong>nuncupat.</strong></span> 
     </span>
    </p>
   </div>
   <div class='ocr_carea' id='block_1_19' title="bbox 265 1197 1882 1285">
    <p class='ocr_par' dir='ltr' id='par_1_19' title="bbox 265 1197 1750 1269">
     <span class='ocr_line' id='line_1_19' title="bbox 265 1197 1750 1269; baseline 0.005 -20"><span class='ocrx_word' id='word_1_129' title='bbox 265 1198 635 1265; x_wconf 78' lang='grc' dir='ltr'>Ἐρωτήσατε</span> <span class='ocrx_word' id='word_1_130' title='bbox 676 1197 751 1266; x_wconf 82' lang='grc' dir='ltr'><strong>δὴ</strong></span> <span class='ocrx_word' id='word_1_131' title='bbox 784 1198 855 1251; x_wconf 87' lang='grc' dir='ltr'>τὰ</span> <span class='ocrx_word' id='word_1_132' title='bbox 883 1200 968 1265; x_wconf 82' lang='grc' dir='ltr'><strong>εἰς</strong></span> <span class='ocrx_word' id='word_1_133' title='bbox 1010 1199 1254 1267; x_wconf 78' lang='grc' dir='ltr'><strong>εἰρήνην</strong></span> <span class='ocrx_word' id='word_1_134' title='bbox 1300 1201 1413 1269; x_wconf 79' lang='grc' dir='ltr'><strong>τὴν</strong></span> <span class='ocrx_word' id='word_1_135' title='bbox 1456 1201 1750 1269; x_wconf 84' lang='grc' dir='ltr'>Ἰερουσα-</span> 
     </span>
    </p>
   </div>
   <div class='ocr_carea' id='block_1_20' title="bbox 1795 1197 3412 1285">
    <p class='ocr_par' dir='ltr' id='par_1_20' title="bbox 1919 1212 3412 1285">
     <span class='ocr_line' id='line_1_20' title="bbox 1919 1212 3412 1285; baseline 0.008 -20"><span class='ocrx_word' id='word_1_136' title='bbox 1919 1213 1971 1266; x_wconf 82' lang='lat'><strong>6.</strong></span> <span class='ocrx_word' id='word_1_137' title='bbox 2003 1212 2202 1284; x_wconf 87' lang='lat' dir='ltr'><strong>Rogate</strong></span> <span class='ocrx_word' id='word_1_138' title='bbox 2229 1232 2344 1284; x_wconf 84' lang='lat' dir='ltr'><strong>qua:</strong></span> <span class='ocrx_word' id='word_1_139' title='bbox 2380 1217 2447 1269; x_wconf 90' lang='lat' dir='ltr'><strong>ad</strong></span> <span class='ocrx_word' id='word_1_140' title='bbox 2490 1233 2669 1285; x_wconf 87' lang='lat' dir='ltr'><strong>pacem</strong></span> <span class='ocrx_word' id='word_1_141' title='bbox 2719 1228 2839 1271; x_wconf 87' lang='lat' dir='ltr'><strong>sunt</strong></span> <span class='ocrx_word' id='word_1_142' title='bbox 2889 1217 3205 1275; x_wconf 79' lang='lat' dir='ltr'><strong>Jerusalem.</strong></span> <span class='ocrx_word' id='word_1_143' title='bbox 3270 1221 3412 1278; x_wconf 78' lang='lat' dir='ltr'><strong>licus</strong></span> 
     </span>
    </p>
   </div>
   <div class='ocr_carea' id='block_1_21' title="bbox 184 1281 1801 1379">
    <p class='ocr_par' dir='ltr' id='par_1_21' title="bbox 184 1281 1747 1363">
     <span class='ocr_line' id='line_1_21' title="bbox 184 1281 1747 1363; baseline 0.004 -26"><span class='ocrx_word' id='word_1_144' title='bbox 184 1284 321 1353; x_wconf 72' lang='grc' dir='ltr'><strong>λήμ.</strong></span> <span class='ocrx_word' id='word_1_145' title='bbox 353 1286 671 1351; x_wconf 82' lang='grc' dir='ltr'>ΜαΘὸντες,</span> <span class='ocrx_word' id='word_1_146' title='bbox 711 1286 756 1340; x_wconf 82' lang='grc' dir='ltr'><strong>ὦ</strong></span> <span class='ocrx_word' id='word_1_147' title='bbox 782 1281 958 1349; x_wconf 72' lang='grc' dir='ltr'>οὗτοι,</span> <span class='ocrx_word' id='word_1_148' title='bbox 993 1288 1075 1351; x_wconf 83' lang='grc' dir='ltr'><strong>τίς</strong></span> <span class='ocrx_word' id='word_1_149' title='bbox 1115 1306 1242 1342; x_wconf 87' lang='grc' dir='ltr'>ποτε</span> <span class='ocrx_word' id='word_1_150' title='bbox 1268 1285 1336 1361; x_wconf 80' lang='grc' dir='ltr'>ἦν</span> <span class='ocrx_word' id='word_1_151' title='bbox 1379 1291 1747 1363; x_wconf 84' lang='grc' dir='ltr'>Ἰερουσαλὴμ,</span> 
     </span>
    </p>
   </div>
   <div class='ocr_carea' id='block_1_22' title="bbox 1791 1281 3408 1379">
    <p class='ocr_par' dir='ltr' id='par_1_22' title="bbox 1849 1308 3408 1379">
     <span class='ocr_line' id='line_1_22' title="bbox 1849 1308 3408 1379; baseline 0.008 -22"><span class='ocrx_word' id='word_1_152' title='bbox 1849 1320 1968 1365; x_wconf 85' lang='lat' dir='ltr'><strong>vos.</strong></span> <span class='ocrx_word' id='word_1_153' title='bbox 2010 1322 2133 1362; x_wconf 90' lang='lat' dir='ltr'><strong>cum</strong></span> <span class='ocrx_word' id='word_1_154' title='bbox 2158 1308 2456 1363; x_wconf 85' lang='lat' dir='ltr'><strong>didiceritis</strong></span> <span class='ocrx_word' id='word_1_155' title='bbox 2477 1325 2725 1379; x_wconf 83' lang='lat' dir='ltr'><strong>quamam</strong></span> <span class='ocrx_word' id='word_1_156' title='bbox 2754 1312 2881 1365; x_wconf 91' lang='lat' dir='ltr'><strong>olim</strong></span> <span class='ocrx_word' id='word_1_157' title='bbox 2912 1310 3211 1369; x_wconf 81' lang='lat' dir='ltr'><strong>Jerusalem</strong></span> <span class='ocrx_word' id='word_1_158' title='bbox 3242 1325 3408 1379; x_wconf 88' lang='lat' dir='ltr'><strong>esset,</strong></span> 
     </span>
    </p>
   </div>
   <div class='ocr_carea' id='block_1_23' title="bbox 186 1376 1803 1476">
    <p class='ocr_par' dir='ltr' id='par_1_23' title="bbox 186 1376 1747 1456">
     <span class='ocr_line' id='line_1_23' title="bbox 186 1376 1747 1456; baseline 0.006 -28"><span class='ocrx_word' id='word_1_159' title='bbox 186 1376 407 1447; x_wconf 76' lang='grc' dir='ltr'>εὔχεσθε</span> <span class='ocrx_word' id='word_1_160' title='bbox 436 1379 573 1450; x_wconf 81' lang='grc' dir='ltr'>ὑπὲρ</span> <span class='ocrx_word' id='word_1_161' title='bbox 598 1383 696 1450; x_wconf 84' lang='grc' dir='ltr'>τῆς</span> <span class='ocrx_word' id='word_1_162' title='bbox 728 1382 946 1452; x_wconf 78' lang='grc' dir='ltr'><strong>εἰρήνης</strong></span> <span class='ocrx_word' id='word_1_163' title='bbox 977 1381 1144 1452; x_wconf 80' lang='grc' dir='ltr'>αὐτῆς</span> <span class='ocrx_word' id='word_1_164' title='bbox 1164 1423 1176 1446; x_wconf 91' lang='grc'><em>,</em></span> <span class='ocrx_word' id='word_1_165' title='bbox 1209 1382 1369 1452; x_wconf 82' lang='grc' dir='ltr'>μηδὲν</span> <span class='ocrx_word' id='word_1_166' title='bbox 1400 1382 1747 1456; x_wconf 80' lang='grc' dir='ltr'>ἐκζητοῦντες</span> 
     </span>
    </p>
   </div>
   <div class='ocr_carea' id='block_1_24' title="bbox 1793 1376 3410 1476">
    <p class='ocr_par' dir='ltr' id='par_1_24' title="bbox 1847 1400 3410 1476">
     <span class='ocr_line' id='line_1_24' title="bbox 1847 1400 3410 1476; baseline 0.009 -26"><span class='ocrx_word' id='word_1_167' title='bbox 1847 1400 2147 1467; x_wconf 88' lang='lat' dir='ltr'><strong>prccamini</strong></span> <span class='ocrx_word' id='word_1_168' title='bbox 2185 1416 2284 1469; x_wconf 92' lang='lat' dir='ltr'><strong>pro</strong></span> <span class='ocrx_word' id='word_1_169' title='bbox 2333 1417 2463 1471; x_wconf 91' lang='lat' dir='ltr'><strong>pace</strong></span> <span class='ocrx_word' id='word_1_170' title='bbox 2516 1403 2636 1470; x_wconf 87' lang='lat' dir='ltr'><strong>ejus</strong></span> <span class='ocrx_word' id='word_1_171' title='bbox 2662 1442 2675 1466; x_wconf 93' lang='lat'><strong>,</strong></span> <span class='ocrx_word' id='word_1_172' title='bbox 2713 1404 2848 1457; x_wconf 86' lang='lat' dir='ltr'><strong>nihil</strong></span> <span class='ocrx_word' id='word_1_173' title='bbox 2880 1405 3024 1458; x_wconf 82' lang='lat' dir='ltr'><strong>aliud</strong></span> <span class='ocrx_word' id='word_1_174' title='bbox 3076 1407 3410 1476; x_wconf 83' lang='lat' dir='ltr'><strong>requirentes</strong></span> 
     </span>
    </p>
   </div>
   <div class='ocr_carea' id='block_1_25' title="bbox 183 1468 1800 1563">
    <p class='ocr_par' dir='ltr' id='par_1_25' title="bbox 183 1468 1535 1542">
     <span class='ocr_line' id='line_1_25' title="bbox 183 1468 1535 1542; baseline 0.007 -22"><span class='ocrx_word' id='word_1_175' title='bbox 183 1468 361 1539; x_wconf 72' lang='grc' dir='ltr'>ἕτερον</span> <span class='ocrx_word' id='word_1_176' title='bbox 391 1468 424 1539; x_wconf 81' lang='grc' dir='ltr'>ἦ</span> <span class='ocrx_word' id='word_1_177' title='bbox 454 1470 522 1522; x_wconf 81' lang='grc' dir='ltr'>τὰ</span> <span class='ocrx_word' id='word_1_178' title='bbox 548 1470 682 1540; x_wconf 78' lang='grc' dir='ltr'>πρὸς</span> <span class='ocrx_word' id='word_1_179' title='bbox 719 1472 938 1542; x_wconf 81' lang='grc' dir='ltr'>εἰρήνην</span> <span class='ocrx_word' id='word_1_180' title='bbox 964 1472 1131 1542; x_wconf 84' lang='grc' dir='ltr'>αὐτῆς</span> <span class='ocrx_word' id='word_1_181' title='bbox 1165 1474 1535 1529; x_wconf 83' lang='grc' dir='ltr'>συντελοῦντα.</span> 
     </span>
    </p>
   </div>
   <div class='ocr_carea' id='block_1_26' title="bbox 1336 1468 2953 1563">
    <p class='ocr_par' dir='ltr' id='par_1_26' title="bbox 1336 1474 2953 1563">
     <span class='ocr_line' id='line_1_26' title="bbox 1336 1474 2953 1563; baseline 0.009 -29"><span class='ocrx_word' id='word_1_182' title='bbox 1336 1474 1535 1529; x_wconf 47' lang='grc' dir='ltr'><strong>ἰλοῦνται</strong></span> <span class='ocrx_word' id='word_1_183' title='bbox 1846 1505 2009 1558; x_wconf 91' lang='lat' dir='ltr'><strong>quam</strong></span> <span class='ocrx_word' id='word_1_184' title='bbox 2039 1505 2159 1560; x_wconf 70' lang='lat' dir='ltr'><strong>qua:</strong></span> <span class='ocrx_word' id='word_1_185' title='bbox 2190 1492 2255 1545; x_wconf 92' lang='lat' dir='ltr'><strong>ad</strong></span> <span class='ocrx_word' id='word_1_186' title='bbox 2286 1508 2469 1561; x_wconf 82' lang='lat' dir='ltr'><strong>parem</strong></span> <span class='ocrx_word' id='word_1_187' title='bbox 2493 1493 2611 1563; x_wconf 87' lang='lat' dir='ltr'><strong>ejus</strong></span> <span class='ocrx_word' id='word_1_188' title='bbox 2645 1495 2953 1549; x_wconf 77' lang='lat' dir='ltr'><strong>conducunt</strong></span> 
     </span>
    </p>
   </div>
   <div class='ocr_carea' id='block_1_27' title="bbox 251 1561 1868 1656">
    <p class='ocr_par' dir='ltr' id='par_1_27' title="bbox 251 1561 1745 1633">
     <span class='ocr_line' id='line_1_27' title="bbox 251 1561 1745 1633; baseline 0.004 -21"><span class='ocrx_word' id='word_1_189' title='bbox 251 1562 531 1614; x_wconf 75' lang='grc' dir='ltr'>Γενέσθω</span> <span class='ocrx_word' id='word_1_190' title='bbox 561 1561 637 1629; x_wconf 77' lang='grc' dir='ltr'><strong>δὴ</strong></span> <span class='ocrx_word' id='word_1_191' title='bbox 664 1562 868 1632; x_wconf 81' lang='grc' dir='ltr'>εἰρήνη</span> <span class='ocrx_word' id='word_1_192' title='bbox 888 1565 957 1616; x_wconf 83' lang='grc' dir='ltr'>ἐν</span> <span class='ocrx_word' id='word_1_193' title='bbox 982 1564 1055 1633; x_wconf 75' lang='grc' dir='ltr'>τῇ</span> <span class='ocrx_word' id='word_1_194' title='bbox 1080 1564 1327 1633; x_wconf 82' lang='grc' dir='ltr'><strong>δυνάμει</strong></span> <span class='ocrx_word' id='word_1_195' title='bbox 1357 1581 1494 1631; x_wconf 84' lang='grc' dir='ltr'>σου,</span> <span class='ocrx_word' id='word_1_196' title='bbox 1523 1565 1619 1619; x_wconf 74' lang='grc' dir='ltr'>καὶ</span> <span class='ocrx_word' id='word_1_197' title='bbox 1651 1567 1745 1618; x_wconf 80' lang='grc' dir='ltr'><strong>εὑ-</strong></span> 
     </span>
    </p>
   </div>
   <div class='ocr_carea' id='block_1_28' title="bbox 1788 1561 3405 1656">
    <p class='ocr_par' dir='ltr' id='par_1_28' title="bbox 1918 1561 3405 1656">
     <span class='ocr_line' id='line_1_28' title="bbox 1918 1561 3405 1656; baseline 0.007 -19"><span class='ocrx_word' id='word_1_198' title='bbox 1918 1586 1967 1641; x_wconf 89' lang='grc'>7.</span> <span class='ocrx_word' id='word_1_199' title='bbox 2004 1585 2129 1639; x_wconf 83' lang='lat' dir='ltr'><strong>Fiat</strong></span> <span class='ocrx_word' id='word_1_200' title='bbox 2158 1604 2263 1656; x_wconf 75' lang='lat' dir='ltr'><strong>pax</strong></span> <span class='ocrx_word' id='word_1_201' title='bbox 2291 1589 2341 1642; x_wconf 85' lang='lat' dir='ltr'><strong>in</strong></span> <span class='ocrx_word' id='word_1_202' title='bbox 2374 1561 2565 1642; x_wconf 83' lang='lat' dir='ltr'><strong>virtute</strong></span> <span class='ocrx_word' id='word_1_203' title='bbox 2610 1598 2700 1642; x_wconf 87' lang='lat' dir='ltr'><strong>tua</strong></span> <span class='ocrx_word' id='word_1_204' title='bbox 2728 1630 2742 1656; x_wconf 94' lang='lat'><strong>,</strong></span> <span class='ocrx_word' id='word_1_205' title='bbox 2771 1600 2819 1643; x_wconf 86' lang='lat' dir='ltr'><strong>et</strong></span> <span class='ocrx_word' id='word_1_206' title='bbox 2856 1591 3186 1646; x_wconf 74' lang='lat' dir='ltr'><strong>abundantia</strong></span> <span class='ocrx_word' id='word_1_207' title='bbox 3213 1594 3267 1646; x_wconf 90' lang='lat' dir='ltr'><strong>in</strong></span> <span class='ocrx_word' id='word_1_208' title='bbox 3296 1602 3405 1647; x_wconf 88' lang='lat' dir='ltr'><strong>tur-</strong></span> 
     </span>
    </p>
   </div>
   <div class='ocr_carea' id='block_1_29' title="bbox 181 1650 1798 1753">
    <p class='ocr_par' dir='ltr' id='par_1_29' title="bbox 181 1650 1744 1723">
     <span class='ocr_line' id='line_1_29' title="bbox 181 1650 1744 1723; baseline 0.004 -22"><span class='ocrx_word' id='word_1_209' title='bbox 181 1650 348 1716; x_wconf 73' lang='grc' dir='ltr'>θηνία</span> <span class='ocrx_word' id='word_1_210' title='bbox 377 1651 451 1703; x_wconf 74' lang='grc' dir='ltr'><strong>ἐν</strong></span> <span class='ocrx_word' id='word_1_211' title='bbox 482 1651 605 1716; x_wconf 82' lang='grc' dir='ltr'>τοῖς</span> <span class='ocrx_word' id='word_1_212' title='bbox 628 1652 1026 1723; x_wconf 72' lang='grc' dir='ltr'>πυργοῧάρεσί</span> <span class='ocrx_word' id='word_1_213' title='bbox 1047 1669 1183 1709; x_wconf 85' lang='grc' dir='ltr'>σου.</span> <span class='ocrx_word' id='word_1_214' title='bbox 1226 1656 1367 1708; x_wconf 76' lang='grc' dir='ltr'>Ἀντὶ</span> <span class='ocrx_word' id='word_1_215' title='bbox 1400 1656 1513 1721; x_wconf 83' lang='grc' dir='ltr'>τοῦ,</span> <span class='ocrx_word' id='word_1_216' title='bbox 1549 1659 1606 1710; x_wconf 87' lang='grc' dir='ltr'><strong>ἐν</strong></span> <span class='ocrx_word' id='word_1_217' title='bbox 1635 1659 1744 1720; x_wconf 85' lang='grc' dir='ltr'>τοῖς</span> 
     </span>
    </p>
   </div>
   <div class='ocr_carea' id='block_1_30' title="bbox 1787 1650 3404 1753">
    <p class='ocr_par' dir='ltr' id='par_1_30' title="bbox 1845 1650 3404 1753">
     <span class='ocr_line' id='line_1_30' title="bbox 1845 1650 3404 1753; baseline 0.007 -25"><span class='ocrx_word' id='word_1_218' title='bbox 1845 1679 1986 1731; x_wconf 86' lang='lat' dir='ltr'><strong>ribus</strong></span> <span class='ocrx_word' id='word_1_219' title='bbox 2019 1650 2259 1733; x_wconf 38' lang='lat' dir='ltr'><strong>tuin-Ac</strong></span> <span class='ocrx_word' id='word_1_220' title='bbox 2287 1680 2332 1734; x_wconf 88' lang='lat' dir='ltr'><strong>si</strong></span> <span class='ocrx_word' id='word_1_221' title='bbox 2365 1680 2540 1744; x_wconf 87' lang='lat' dir='ltr'><strong>dicat,</strong></span> <span class='ocrx_word' id='word_1_222' title='bbox 2572 1680 2624 1733; x_wconf 90' lang='lat' dir='ltr'><strong>in</strong></span> <span class='ocrx_word' id='word_1_223' title='bbox 2665 1680 2807 1751; x_wconf 77' lang='lat' dir='ltr'><strong>regia</strong></span> <span class='ocrx_word' id='word_1_224' title='bbox 2844 1692 2949 1737; x_wconf 89' lang='lat' dir='ltr'><strong>tua.</strong></span> <span class='ocrx_word' id='word_1_225' title='bbox 2996 1682 3178 1751; x_wconf 68' lang='lat' dir='ltr'><strong>R030,</strong></span> <span class='ocrx_word' id='word_1_226' title='bbox 3211 1686 3404 1753; x_wconf 85' lang='lat' dir='ltr'><strong>inquit,</strong></span> 
     </span>
    </p>
   </div>
   <div class='ocr_carea' id='block_1_31' title="bbox 182 1740 1799 1850">
    <p class='ocr_par' dir='ltr' id='par_1_31' title="bbox 182 1740 1799 1850">
     <span class='ocr_line' id='line_1_31' title="bbox 182 1740 1799 1850; baseline 0.005 -58"><span class='ocrx_word' id='word_1_227' title='bbox 182 1740 466 1809; x_wconf 76' lang='grc' dir='ltr'>βασιλείοις</span> <span class='ocrx_word' id='word_1_228' title='bbox 492 1759 605 1795; x_wconf 90' lang='grc' dir='ltr'>σου.</span> <span class='ocrx_word' id='word_1_229' title='bbox 627 1742 866 1814; x_wconf 84' lang='grc' dir='ltr'>Εῦχομαί</span> <span class='ocrx_word' id='word_1_230' title='bbox 896 1762 995 1809; x_wconf 87' lang='grc' dir='ltr'>σοι,</span> <span class='ocrx_word' id='word_1_231' title='bbox 1028 1748 1179 1817; x_wconf 79' lang='grc' dir='ltr'>φησὶ,</span> <span class='ocrx_word' id='word_1_232' title='bbox 1213 1748 1282 1800; x_wconf 84' lang='grc' dir='ltr'>τὰ</span> <span class='ocrx_word' id='word_1_233' title='bbox 1308 1743 1486 1815; x_wconf 80' lang='grc' dir='ltr'>ἀγαθὰ</span> <span class='ocrx_word' id='word_1_234' title='bbox 1509 1747 1595 1801; x_wconf 79' lang='grc' dir='ltr'><strong>διὰ</strong></span> <span class='ocrx_word' id='word_1_235' title='bbox 1617 1747 1742 1809; x_wconf 73' lang='grc' dir='ltr'>τοὺς</span> <span class='ocrx_word' id='word_1_236' title='bbox 1771 1824 1799 1850; x_wconf 48' lang='grc' dir='ltr'>Ἡ</span> 
     </span>
    </p>
   </div>
   <div class='ocr_carea' id='block_1_32' title="bbox 1786 1740 3403 1850">
    <p class='ocr_par' dir='ltr' id='par_1_32' title="bbox 1786 1740 3403 1850">
     <span class='ocr_line' id='line_1_32' title="bbox 1786 1740 3403 1850; baseline 0.006 -29"><span class='ocrx_word' id='word_1_237' title='bbox 1786 1824 1812 1850; x_wconf 52' lang='grc' dir='ltr'><strong><em>Β</em></strong></span> <span class='ocrx_word' id='word_1_238' title='bbox 1846 1768 1939 1823; x_wconf 85' lang='lat' dir='ltr'><strong>tibi</strong></span> <span class='ocrx_word' id='word_1_239' title='bbox 1967 1769 2125 1833; x_wconf 85' lang='lat' dir='ltr'><strong>bona,</strong></span> <span class='ocrx_word' id='word_1_240' title='bbox 2153 1780 2371 1840; x_wconf 90' lang='lat' dir='ltr'><strong>propter</strong></span> <span class='ocrx_word' id='word_1_241' title='bbox 2400 1740 2767 1850; x_wconf 67' lang='lat' dir='ltr'><strong>inhabitantes</strong></span> <span class='ocrx_word' id='word_1_242' title='bbox 2792 1774 2842 1826; x_wconf 94' lang='lat' dir='ltr'><strong>in</strong></span> <span class='ocrx_word' id='word_1_243' title='bbox 2879 1783 2928 1829; x_wconf 90' lang='lat' dir='ltr'><strong>te</strong></span> <span class='ocrx_word' id='word_1_244' title='bbox 2954 1813 2970 1840; x_wconf 93' lang='lat'><strong>,</strong></span> <span class='ocrx_word' id='word_1_245' title='bbox 2999 1776 3089 1843; x_wconf 90' lang='lat' dir='ltr'><strong>qui</strong></span> <span class='ocrx_word' id='word_1_246' title='bbox 3116 1776 3403 1845; x_wconf 81' lang='lat' dir='ltr'><strong>propinqui</strong></span> 
     </span>
    </p>
   </div>
   <div class='ocr_carea' id='block_1_33' title="bbox 179 1824 1796 1938">
    <p class='ocr_par' dir='ltr' id='par_1_33' title="bbox 179 1824 1796 1908">
     <span class='ocr_line' id='line_1_33' title="bbox 179 1824 1796 1908; baseline 0.006 -25"><span class='ocrx_word' id='word_1_247' title='bbox 179 1833 514 1897; x_wconf 78' lang='grc' dir='ltr'>ἐνοικοῦντας</span> <span class='ocrx_word' id='word_1_248' title='bbox 547 1836 606 1887; x_wconf 89' lang='grc' dir='ltr'><strong>ἐν</strong></span> <span class='ocrx_word' id='word_1_249' title='bbox 638 1836 739 1898; x_wconf 77' lang='grc' dir='ltr'>σοὶ,</span> <span class='ocrx_word' id='word_1_250' title='bbox 763 1835 984 1906; x_wconf 79' lang='grc' dir='ltr'>πλησίον</span> <span class='ocrx_word' id='word_1_251' title='bbox 1005 1837 1164 1902; x_wconf 77' lang='grc' dir='ltr'>ὄντας</span> <span class='ocrx_word' id='word_1_252' title='bbox 1184 1839 1276 1892; x_wconf 75' lang='grc' dir='ltr'><strong>καὶ</strong></span> <span class='ocrx_word' id='word_1_253' title='bbox 1299 1838 1575 1908; x_wconf 78' lang='grc' dir='ltr'>ἀδελφούς.</span> <span class='ocrx_word' id='word_1_254' title='bbox 1609 1838 1743 1893; x_wconf 83' lang='grc' dir='ltr'>Ταῦ·</span> <span class='ocrx_word' id='word_1_255' title='bbox 1771 1824 1796 1878; x_wconf 71' lang='grc' dir='ltr'>Ῑ</span> 
     </span>
    </p>
   </div>
   <div class='ocr_carea' id='block_1_34' title="bbox 1787 1824 3404 1938">
    <p class='ocr_par' dir='ltr' id='par_1_34' title="bbox 1787 1824 3404 1938">
     <span class='ocr_line' id='line_1_34' title="bbox 2113 1824 3404 1845; baseline 0.005 -9"><span class='ocrx_word' id='word_1_256' title='bbox 2113 1824 2125 1833; x_wconf 88' lang='grc'><strong>.</strong></span> <span class='ocrx_word' id='word_1_257' title='bbox 2154 1824 2169 1839; x_wconf 88' lang='grc'><strong>.</strong></span> <span class='ocrx_word' id='word_1_258' title='bbox 2230 1824 2269 1840; x_wconf 43' lang='grc' dir='ltr'>κ.</span> <span class='ocrx_word' id='word_1_259' title='bbox 2298 1824 2331 1825; x_wconf 56' lang='grc' dir='ltr'><em>η</em></span> <span class='ocrx_word' id='word_1_260' title='bbox 2717 1824 2763 1827; x_wconf 67' lang='grc' dir='ltr'>η</span> <span class='ocrx_word' id='word_1_261' title='bbox 2882 1824 2925 1829; x_wconf 60' lang='grc' dir='ltr'>η</span> <span class='ocrx_word' id='word_1_262' title='bbox 2955 1824 2970 1840; x_wconf 85' lang='grc'><strong>.</strong></span> <span class='ocrx_word' id='word_1_263' title='bbox 3005 1824 3089 1843; x_wconf 56' lang='grc' dir='ltr'><strong>«ιν</strong></span> <span class='ocrx_word' id='word_1_264' title='bbox 3116 1824 3404 1845; x_wconf 67' lang='grc' dir='ltr'><strong>τ--τ--ιη</strong></span> 
     </span>
     <span class='ocr_line' id='line_1_35' title="bbox 1787 1824 3404 1938; baseline 0.004 -23"><span class='ocrx_word' id='word_1_265' title='bbox 1787 1824 1813 1878; x_wconf 62' lang='grc' dir='ltr'><strong>Β</strong></span> <span class='ocrx_word' id='word_1_266' title='bbox 1841 1870 1893 1915; x_wconf 88' lang='lat' dir='ltr'><strong>et</strong></span> <span class='ocrx_word' id='word_1_267' title='bbox 1924 1858 2119 1916; x_wconf 78' lang='lat' dir='ltr'><strong>fratres</strong></span> <span class='ocrx_word' id='word_1_268' title='bbox 2158 1864 2238 1915; x_wconf 92' lang='lat' dir='ltr'><strong>tui</strong></span> <span class='ocrx_word' id='word_1_269' title='bbox 2272 1874 2418 1918; x_wconf 90' lang='lat' dir='ltr'><strong>sunt.</strong></span> <span class='ocrx_word' id='word_1_270' title='bbox 2450 1862 2571 1918; x_wconf 63' lang='lat' dir='ltr'><strong>Haec</strong></span> <span class='ocrx_word' id='word_1_271' title='bbox 2599 1843 2756 1920; x_wconf 80' lang='lat' dir='ltr'><strong>senes</strong></span> <span class='ocrx_word' id='word_1_272' title='bbox 2803 1865 3151 1938; x_wconf 61' lang='lat' dir='ltr'><strong>Jerosolyma‘.</strong></span> <span class='ocrx_word' id='word_1_273' title='bbox 3181 1883 3404 1937; x_wconf 86' lang='lat' dir='ltr'><strong>precan—</strong></span> 
     </span>
    </p>
   </div>
   <div class='ocr_carea' id='block_1_35' title="bbox 177 1925 1794 2027">
    <p class='ocr_par' dir='ltr' id='par_1_35' title="bbox 177 1925 1740 2002">
     <span class='ocr_line' id='line_1_36' title="bbox 177 1925 1740 2002; baseline 0.006 -27"><span class='ocrx_word' id='word_1_274' title='bbox 177 1940 240 1976; x_wconf 88' lang='grc' dir='ltr'><strong>τα</strong></span> <span class='ocrx_word' id='word_1_275' title='bbox 266 1925 371 1993; x_wconf 81' lang='grc' dir='ltr'><strong>γὰρ</strong></span> <span class='ocrx_word' id='word_1_276' title='bbox 406 1926 455 1977; x_wconf 87' lang='grc' dir='ltr'><strong>οἰ</strong></span> <span class='ocrx_word' id='word_1_277' title='bbox 487 1927 854 1996; x_wconf 80' lang='grc' dir='ltr'>γεγηρακότες</span> <span class='ocrx_word' id='word_1_278' title='bbox 878 1927 1125 1999; x_wconf 72' lang='grc' dir='ltr'>εὔχονται</span> <span class='ocrx_word' id='word_1_279' title='bbox 1157 1933 1222 2000; x_wconf 74' lang='grc' dir='ltr'>τῇ</span> <span class='ocrx_word' id='word_1_280' title='bbox 1265 1930 1647 2002; x_wconf 83' lang='grc' dir='ltr'>Ἰερουσαλὴμ,</span> <span class='ocrx_word' id='word_1_281' title='bbox 1679 1930 1740 1985; x_wconf 81' lang='grc' dir='ltr'><strong>τὸ</strong></span> 
     </span>
    </p>
   </div>
   <div class='ocr_carea' id='block_1_36' title="bbox 1780 1925 3397 2027">
    <p class='ocr_par' dir='ltr' id='par_1_36' title="bbox 1842 1954 3397 2027">
     <span class='ocr_line' id='line_1_37' title="bbox 1842 1954 3397 2027; baseline 0.004 -20"><span class='ocrx_word' id='word_1_282' title='bbox 1842 1962 1949 2019; x_wconf 91' lang='lat' dir='ltr'><strong>tur,</strong></span> <span class='ocrx_word' id='word_1_283' title='bbox 1974 1962 2030 2006; x_wconf 87' lang='lat' dir='ltr'><strong>ut</strong></span> <span class='ocrx_word' id='word_1_284' title='bbox 2057 1954 2262 2008; x_wconf 87' lang='lat' dir='ltr'><strong>scilicet</strong></span> <span class='ocrx_word' id='word_1_285' title='bbox 2284 1970 2385 2025; x_wconf 86' lang='lat' dir='ltr'><strong>pax</strong></span> <span class='ocrx_word' id='word_1_286' title='bbox 2419 1957 2490 2009; x_wconf 87' lang='lat' dir='ltr'><strong>sit</strong></span> <span class='ocrx_word' id='word_1_287' title='bbox 2518 1957 2571 2009; x_wconf 91' lang='lat' dir='ltr'><strong>in</strong></span> <span class='ocrx_word' id='word_1_288' title='bbox 2599 1958 2768 2011; x_wconf 86' lang='lat' dir='ltr'><strong>muris</strong></span> <span class='ocrx_word' id='word_1_289' title='bbox 2792 1959 2944 2027; x_wconf 86' lang='lat' dir='ltr'><strong>ejus:</strong></span> <span class='ocrx_word' id='word_1_290' title='bbox 2970 1975 3065 2027; x_wconf 89' lang='lat' dir='ltr'><strong>per</strong></span> <span class='ocrx_word' id='word_1_291' title='bbox 3092 1960 3206 2015; x_wconf 67' lang='lat' dir='ltr'><strong>lucc</strong></span> <span class='ocrx_word' id='word_1_292' title='bbox 3231 1960 3397 2023; x_wconf 90' lang='lat' dir='ltr'><strong>enim,</strong></span> 
     </span>
    </p>
   </div>
   <div class='ocr_carea' id='block_1_37' title="bbox 177 2016 1794 2121">
    <p class='ocr_par' dir='ltr' id='par_1_37' title="bbox 177 2016 1738 2096">
     <span class='ocr_line' id='line_1_38' title="bbox 177 2016 1738 2096; baseline 0.007 -29"><span class='ocrx_word' id='word_1_293' title='bbox 177 2017 229 2067; x_wconf 90' lang='grc' dir='ltr'><strong>ἐν</strong></span> <span class='ocrx_word' id='word_1_294' title='bbox 256 2018 367 2080; x_wconf 84' lang='grc' dir='ltr'>τοῖς</span> <span class='ocrx_word' id='word_1_295' title='bbox 399 2018 638 2086; x_wconf 84' lang='grc' dir='ltr'>τείχεσιν</span> <span class='ocrx_word' id='word_1_296' title='bbox 668 2019 835 2089; x_wconf 79' lang='grc' dir='ltr'>αὐτῆς</span> <span class='ocrx_word' id='word_1_297' title='bbox 868 2016 1007 2073; x_wconf 82' lang='grc' dir='ltr'>εἶναι</span> <span class='ocrx_word' id='word_1_298' title='bbox 1046 2023 1285 2093; x_wconf 87' lang='grc' dir='ltr'>εἰρήνην.</span> <span class='ocrx_word' id='word_1_299' title='bbox 1346 2024 1600 2093; x_wconf 81' lang='grc' dir='ltr'>Δυνάμει</span> <span class='ocrx_word' id='word_1_300' title='bbox 1631 2024 1738 2096; x_wconf 84' lang='grc' dir='ltr'><strong>γὰρ</strong></span> 
     </span>
    </p>
   </div>
   <div class='ocr_carea' id='block_1_38' title="bbox 1781 2016 3398 2121">
    <p class='ocr_par' dir='ltr' id='par_1_38' title="bbox 1837 2045 3398 2121">
     <span class='ocr_line' id='line_1_39' title="bbox 1837 2045 3398 2121; baseline 0.009 -23"><span class='ocrx_word' id='word_1_301' title='bbox 1837 2045 1905 2099; x_wconf 86' lang='lat' dir='ltr'><strong>In</strong></span> <span class='ocrx_word' id='word_1_302' title='bbox 1942 2047 2161 2112; x_wconf 81' lang='lat' dir='ltr'><strong>virtute,</strong></span> <span class='ocrx_word' id='word_1_303' title='bbox 2188 2063 2377 2104; x_wconf 91' lang='lat' dir='ltr'><strong>muros</strong></span> <span class='ocrx_word' id='word_1_304' title='bbox 2417 2051 2681 2121; x_wconf 79' lang='lat' dir='ltr'><strong>intelligit.</strong></span> <span class='ocrx_word' id='word_1_305' title='bbox 2745 2054 2852 2108; x_wconf 78' lang='lat' dir='ltr'><strong>Aut</strong></span> <span class='ocrx_word' id='word_1_306' title='bbox 2900 2056 3195 2110; x_wconf 89' lang='lat' dir='ltr'><strong>secundum</strong></span> <span class='ocrx_word' id='word_1_307' title='bbox 3238 2058 3398 2112; x_wconf 86' lang='lat' dir='ltr'><strong>aliam</strong></span> 
     </span>
    </p>
   </div>
   <div class='ocr_carea' id='block_1_39' title="bbox 174 2104 1791 2213">
    <p class='ocr_par' dir='ltr' id='par_1_39' title="bbox 174 2104 1734 2186">
     <span class='ocr_line' id='line_1_40' title="bbox 174 2104 1734 2186; baseline 0.008 -31"><span class='ocrx_word' id='word_1_308' title='bbox 174 2104 236 2156; x_wconf 71' lang='grc' dir='ltr'>τὰ</span> <span class='ocrx_word' id='word_1_309' title='bbox 266 2106 422 2174; x_wconf 86' lang='grc' dir='ltr'>τείχη</span> <span class='ocrx_word' id='word_1_310' title='bbox 455 2106 644 2175; x_wconf 83' lang='grc' dir='ltr'>φησίν·</span> <span class='ocrx_word' id='word_1_311' title='bbox 700 2107 731 2178; x_wconf 80' lang='grc' dir='ltr'><strong>ἢ</strong></span> <span class='ocrx_word' id='word_1_312' title='bbox 767 2108 888 2161; x_wconf 88' lang='grc' dir='ltr'>καθ’</span> <span class='ocrx_word' id='word_1_313' title='bbox 934 2110 1118 2181; x_wconf 76' lang='grc' dir='ltr'>ἕτερον</span> <span class='ocrx_word' id='word_1_314' title='bbox 1151 2111 1306 2179; x_wconf 80' lang='grc' dir='ltr'>λόγον</span> <span class='ocrx_word' id='word_1_315' title='bbox 1349 2114 1474 2177; x_wconf 77' lang='grc' dir='ltr'>τοὺς</span> <span class='ocrx_word' id='word_1_316' title='bbox 1504 2116 1560 2167; x_wconf 88' lang='grc' dir='ltr'><strong>ἐν</strong></span> <span class='ocrx_word' id='word_1_317' title='bbox 1600 2115 1734 2186; x_wconf 79' lang='grc' dir='ltr'>αὐτῇ</span> 
     </span>
    </p>
   </div>
   <div class='ocr_carea' id='block_1_40' title="bbox 1318 2104 2935 2213">
    <p class='ocr_par' dir='ltr' id='par_1_40' title="bbox 1349 2114 2935 2213">
     <span class='ocr_line' id='line_1_41' title="bbox 1349 2114 2935 2213; baseline 0.014 -35"><span class='ocrx_word' id='word_1_318' title='bbox 1349 2114 1474 2177; x_wconf 70' lang='grc' dir='ltr'><strong>τοὺς</strong></span> <span class='ocrx_word' id='word_1_319' title='bbox 1504 2116 1560 2167; x_wconf 69' lang='grc' dir='ltr'>έν</span> <span class='ocrx_word' id='word_1_320' title='bbox 1600 2115 1734 2186; x_wconf 73' lang='grc' dir='ltr'><strong>αὖτῇ</strong></span> <span class='ocrx_word' id='word_1_321' title='bbox 1838 2138 2099 2193; x_wconf 88' lang='lat' dir='ltr'><strong>rationem</strong></span> <span class='ocrx_word' id='word_1_322' title='bbox 2124 2178 2139 2203; x_wconf 89' lang='lat'><strong>,</strong></span> <span class='ocrx_word' id='word_1_323' title='bbox 2169 2151 2386 2196; x_wconf 89' lang='lat' dir='ltr'><strong>sanctos</strong></span> <span class='ocrx_word' id='word_1_324' title='bbox 2413 2144 2504 2212; x_wconf 91' lang='lat' dir='ltr'><strong>qui</strong></span> <span class='ocrx_word' id='word_1_325' title='bbox 2536 2144 2589 2197; x_wconf 91' lang='lat' dir='ltr'><strong>in</strong></span> <span class='ocrx_word' id='word_1_326' title='bbox 2618 2145 2731 2213; x_wconf 90' lang='lat' dir='ltr'><strong>ipsa</strong></span> <span class='ocrx_word' id='word_1_327' title='bbox 2764 2157 2935 2200; x_wconf 85' lang='lat' dir='ltr'><strong>erant.</strong></span> 
     </span>
    </p>
   </div>
   <div class='ocr_carea' id='block_1_41' title="bbox 176 2196 381 2261">
    <p class='ocr_par' dir='ltr' id='par_1_41' title="bbox 176 2196 381 2261">
     <span class='ocr_line' id='line_1_42' title="bbox 176 2196 381 2261; baseline 0 -14"><span class='ocrx_word' id='word_1_328' title='bbox 176 2196 381 2261; x_wconf 78' lang='grc' dir='ltr'>ἁγίους.</span> 
     </span>
    </p>
   </div>
   <div class='ocr_carea' id='block_1_42' title="bbox 237 2288 1854 2377">
    <p class='ocr_par' dir='ltr' id='par_1_42' title="bbox 237 2288 1735 2366">
     <span class='ocr_line' id='line_1_43' title="bbox 237 2288 1735 2366; baseline 0.011 -28"><span class='ocrx_word' id='word_1_329' title='bbox 237 2288 451 2341; x_wconf 70' lang='grc' dir='ltr'>Ἕνεκα</span> <span class='ocrx_word' id='word_1_330' title='bbox 498 2290 601 2344; x_wconf 83' lang='grc' dir='ltr'><strong>τοῦ</strong></span> <span class='ocrx_word' id='word_1_331' title='bbox 634 2292 804 2346; x_wconf 79' lang='grc' dir='ltr'>οῖκου</span> <span class='ocrx_word' id='word_1_332' title='bbox 862 2296 1081 2361; x_wconf 82' lang='grc' dir='ltr'><strong>Κυρίου</strong></span> <span class='ocrx_word' id='word_1_333' title='bbox 1116 2298 1220 2349; x_wconf 86' lang='grc' dir='ltr'><strong>τοῦ</strong></span> <span class='ocrx_word' id='word_1_334' title='bbox 1251 2297 1397 2351; x_wconf 86' lang='grc' dir='ltr'>Θεοῦ</span> <span class='ocrx_word' id='word_1_335' title='bbox 1436 2296 1603 2366; x_wconf 77' lang='grc' dir='ltr'>ήμῶν</span> <span class='ocrx_word' id='word_1_336' title='bbox 1634 2297 1735 2362; x_wconf 58' lang='grc' dir='ltr'><strong>ἐξ-</strong></span> 
     </span>
    </p>
   </div>
   <div class='ocr_carea' id='block_1_43' title="bbox 1779 2288 3396 2377">
    <p class='ocr_par' dir='ltr' id='par_1_43' title="bbox 1904 2294 3396 2377">
     <span class='ocr_line' id='line_1_44' title="bbox 1904 2294 3396 2377; baseline 0.011 -28"><span class='ocrx_word' id='word_1_337' title='bbox 1904 2295 1956 2351; x_wconf 88' lang='lat'><strong>9.</strong></span> <span class='ocrx_word' id='word_1_338' title='bbox 1985 2294 2207 2367; x_wconf 81' lang='lat' dir='ltr'><strong>Propter</strong></span> <span class='ocrx_word' id='word_1_339' title='bbox 2228 2299 2439 2352; x_wconf 90' lang='lat' dir='ltr'><strong>domum</strong></span> <span class='ocrx_word' id='word_1_340' title='bbox 2470 2300 2685 2356; x_wconf 79' lang='lat' dir='ltr'><strong>Domini</strong></span> <span class='ocrx_word' id='word_1_341' title='bbox 2711 2302 2807 2358; x_wconf 90' lang='lat' dir='ltr'><strong>Dei</strong></span> <span class='ocrx_word' id='word_1_342' title='bbox 2836 2308 3003 2360; x_wconf 77' lang='lat' dir='ltr'><strong>nostri</strong></span> <span class='ocrx_word' id='word_1_343' title='bbox 3030 2310 3245 2377; x_wconf 71' lang='lat' dir='ltr'><strong>quwsivi</strong></span> <span class='ocrx_word' id='word_1_344' title='bbox 3265 2311 3396 2366; x_wconf 86' lang='lat' dir='ltr'><strong>bona</strong></span> 
     </span>
    </p>
   </div>
   <div class='ocr_carea' id='block_1_44' title="bbox 170 2374 1787 2460">
    <p class='ocr_par' dir='ltr' id='par_1_44' title="bbox 170 2374 1732 2458">
     <span class='ocr_line' id='line_1_45' title="bbox 170 2374 1732 2458; baseline 0.01 -31"><span class='ocrx_word' id='word_1_345' title='bbox 170 2374 423 2445; x_wconf 76' lang='grc' dir='ltr'>εζήτησα</span> <span class='ocrx_word' id='word_1_346' title='bbox 459 2379 648 2449; x_wconf 75' lang='grc' dir='ltr'><strong>ἁγαθὰ</strong></span> <span class='ocrx_word' id='word_1_347' title='bbox 672 2398 792 2435; x_wconf 85' lang='grc' dir='ltr'>σοι.</span> <span class='ocrx_word' id='word_1_348' title='bbox 829 2382 977 2435; x_wconf 79' lang='grc' dir='ltr'>Ἐπεὶ</span> <span class='ocrx_word' id='word_1_349' title='bbox 1002 2384 1059 2436; x_wconf 88' lang='grc' dir='ltr'><strong>ἐν</strong></span> <span class='ocrx_word' id='word_1_350' title='bbox 1086 2387 1168 2437; x_wconf 86' lang='grc' dir='ltr'><strong>σοί</strong></span> <span class='ocrx_word' id='word_1_351' title='bbox 1197 2387 1363 2447; x_wconf 83' lang='grc' dir='ltr'>ἐστιν,</span> <span class='ocrx_word' id='word_1_352' title='bbox 1388 2380 1431 2439; x_wconf 81' lang='grc' dir='ltr'><strong>ὧ</strong></span> <span class='ocrx_word' id='word_1_353' title='bbox 1460 2388 1732 2458; x_wconf 81' lang='grc' dir='ltr'><strong>⁹ῐερουσα--</strong></span> 
     </span>
    </p>
   </div>
   <div class='ocr_carea' id='block_1_45' title="bbox 1780 2374 3397 2460">
    <p class='ocr_par' dir='ltr' id='par_1_45' title="bbox 1836 2387 3397 2460">
     <span class='ocr_line' id='line_1_46' title="bbox 1836 2387 3397 2460; baseline 0.012 -22"><span class='ocrx_word' id='word_1_354' title='bbox 1836 2387 1950 2442; x_wconf 84' lang='lat' dir='ltr'><strong>tibi.</strong></span> <span class='ocrx_word' id='word_1_355' title='bbox 2023 2387 2198 2456; x_wconf 85' lang='lat' dir='ltr'><strong>Quia,</strong></span> <span class='ocrx_word' id='word_1_356' title='bbox 2242 2390 2452 2460; x_wconf 89' lang='lat' dir='ltr'><strong>inquit,</strong></span> <span class='ocrx_word' id='word_1_357' title='bbox 2496 2407 2529 2446; x_wconf 90' lang='grc' dir='ltr'><strong>ο</strong></span> <span class='ocrx_word' id='word_1_358' title='bbox 2556 2391 2855 2449; x_wconf 82' lang='lat' dir='ltr'><strong>Jerusalem</strong></span> <span class='ocrx_word' id='word_1_359' title='bbox 2877 2438 2892 2457; x_wconf 90' lang='lat'><strong>,</strong></span> <span class='ocrx_word' id='word_1_360' title='bbox 2931 2398 2982 2450; x_wconf 91' lang='lat' dir='ltr'><strong>in</strong></span> <span class='ocrx_word' id='word_1_361' title='bbox 3017 2407 3067 2452; x_wconf 90' lang='lat' dir='ltr'><strong>te</strong></span> <span class='ocrx_word' id='word_1_362' title='bbox 3092 2410 3174 2455; x_wconf 89' lang='lat' dir='ltr'><strong>est</strong></span> <span class='ocrx_word' id='word_1_363' title='bbox 3202 2402 3397 2456; x_wconf 85' lang='lat' dir='ltr'><strong>domus</strong></span> 
     </span>
    </p>
   </div>
   <div class='ocr_carea' id='block_1_46' title="bbox 171 2466 1788 2557">
    <p class='ocr_par' dir='ltr' id='par_1_46' title="bbox 171 2466 1735 2548">
     <span class='ocr_line' id='line_1_47' title="bbox 171 2466 1735 2548; baseline 0.008 -28"><span class='ocrx_word' id='word_1_364' title='bbox 171 2466 495 2539; x_wconf 76' lang='grc' dir='ltr'>λημ,ὁοῖκος</span> <span class='ocrx_word' id='word_1_365' title='bbox 522 2471 615 2524; x_wconf 84' lang='grc' dir='ltr'><strong>τοῦ</strong></span> <span class='ocrx_word' id='word_1_366' title='bbox 632 2471 766 2525; x_wconf 86' lang='grc' dir='ltr'>Θεοῦ</span> <span class='ocrx_word' id='word_1_367' title='bbox 787 2474 965 2543; x_wconf 78' lang='grc' dir='ltr'>ἡμῶν,</span> <span class='ocrx_word' id='word_1_368' title='bbox 993 2476 1351 2548; x_wconf 71' lang='grc' dir='ltr'>ἀμειδόμενός</span> <span class='ocrx_word' id='word_1_369' title='bbox 1378 2494 1437 2532; x_wconf 93' lang='grc' dir='ltr'><strong>σε</strong></span> <span class='ocrx_word' id='word_1_370' title='bbox 1463 2478 1735 2548; x_wconf 76' lang='grc' dir='ltr'>ἐξεζήτη-</span> 
     </span>
    </p>
   </div>
   <div class='ocr_carea' id='block_1_47' title="bbox 1777 2466 3394 2557">
    <p class='ocr_par' dir='ltr' id='par_1_47' title="bbox 1831 2476 3394 2557">
     <span class='ocr_line' id='line_1_48' title="bbox 1831 2476 3394 2557; baseline 0.01 -27"><span class='ocrx_word' id='word_1_371' title='bbox 1831 2476 1924 2532; x_wconf 91' lang='lat' dir='ltr'><strong>Dei</strong></span> <span class='ocrx_word' id='word_1_372' title='bbox 1966 2479 2158 2544; x_wconf 86' lang='lat' dir='ltr'><strong>nostri,</strong></span> <span class='ocrx_word' id='word_1_373' title='bbox 2194 2490 2414 2551; x_wconf 89' lang='lat' dir='ltr'><strong>accepta</strong></span> <span class='ocrx_word' id='word_1_374' title='bbox 2444 2481 2685 2539; x_wconf 81' lang='lat' dir='ltr'><strong>referens</strong></span> <span class='ocrx_word' id='word_1_375' title='bbox 2720 2484 2979 2541; x_wconf 69' lang='lat' dir='ltr'><strong>beneficia</strong></span> <span class='ocrx_word' id='word_1_376' title='bbox 3008 2490 3226 2557; x_wconf 70' lang='lat' dir='ltr'><strong>quaesivi</strong></span> <span class='ocrx_word' id='word_1_377' title='bbox 3260 2491 3394 2545; x_wconf 88' lang='lat' dir='ltr'><strong>bona</strong></span> 
     </span>
    </p>
   </div>
   <div class='ocr_carea' id='block_1_48' title="bbox 169 2561 1947 2632">
    <p class='ocr_par' dir='ltr' id='par_1_48' title="bbox 169 2561 1947 2632">
     <span class='ocr_line' id='line_1_49' title="bbox 169 2561 1947 2632; baseline 0.006 -19"><span class='ocrx_word' id='word_1_378' title='bbox 169 2576 245 2613; x_wconf 86' lang='grc' dir='ltr'><strong>σα</strong></span> <span class='ocrx_word' id='word_1_379' title='bbox 260 2561 449 2632; x_wconf 72' lang='grc' dir='ltr'><strong>ἀγαθά</strong></span> <span class='ocrx_word' id='word_1_380' title='bbox 463 2578 582 2616; x_wconf 89' lang='grc' dir='ltr'>σοι.</span> <span class='ocrx_word' id='word_1_381' title='bbox 1831 2568 1947 2624; x_wconf 86' lang='lat' dir='ltr'><strong>tibi.</strong></span> 
     </span>
    </p>
   </div>
   <div class='ocr_carea' id='block_1_49' title="bbox 506 2653 2123 2751">
    <p class='ocr_par' dir='ltr' id='par_1_49' title="bbox 506 2653 1403 2726">
     <span class='ocr_line' id='line_1_50' title="bbox 506 2653 1403 2726; baseline 0.01 -20"><span class='ocrx_word' id='word_1_382' title='bbox 506 2653 629 2725; x_wconf 80' lang='grc' dir='ltr'><strong>ῼδὴ</strong></span> <span class='ocrx_word' id='word_1_383' title='bbox 657 2653 776 2709; x_wconf 82' lang='grc' dir='ltr'>τῶν</span> <span class='ocrx_word' id='word_1_384' title='bbox 805 2655 1177 2726; x_wconf 76' lang='grc' dir='ltr'>ἀναϐαθμῶν.</span> <span class='ocrx_word' id='word_1_385' title='bbox 1214 2661 1403 2715; x_wconf 81' lang='lat' dir='ltr'><strong>PKB&#39;.</strong></span> 
     </span>
    </p>
   </div>
   <div class='ocr_carea' id='block_1_50' title="bbox 1440 2653 3057 2751">
    <p class='ocr_par' dir='ltr' id='par_1_50' title="bbox 2152 2678 3057 2751">
     <span class='ocr_line' id='line_1_51' title="bbox 2152 2678 3057 2751; baseline 0.01 -18"><span class='ocrx_word' id='word_1_386' title='bbox 2152 2678 2430 2733; x_wconf 84' lang='lat' dir='ltr'><strong>Canticum</strong></span> <span class='ocrx_word' id='word_1_387' title='bbox 2476 2684 2760 2751; x_wconf 89' lang='lat' dir='ltr'><strong>graduum.</strong></span> <span class='ocrx_word' id='word_1_388' title='bbox 2817 2685 3057 2743; x_wconf 78' lang='lat' dir='ltr'><em>CXXII.</em></span> 
     </span>
    </p>
   </div>
   <div class='ocr_carea' id='block_1_51' title="bbox 781 2746 2811 2842">
    <p class='ocr_par' dir='ltr' id='par_1_51' title="bbox 781 2746 2811 2842">
     <span class='ocr_line' id='line_1_52' title="bbox 781 2746 2811 2842; baseline 0.015 -45"><span class='ocrx_word' id='word_1_389' title='bbox 781 2746 1103 2842; x_wconf 50' lang='lat' dir='ltr'><strong>’i‘nddeatc</strong></span> <span class='ocrx_word' id='word_1_390' title='bbox 1221 2837 1244 2842; x_wconf 69' lang='lat'><em>_</em></span> <span class='ocrx_word' id='word_1_391' title='bbox 1320 2838 1331 2842; x_wconf 26' lang='grc' dir='ltr'><strong>Δ</strong></span> <span class='ocrx_word' id='word_1_392' title='bbox 1556 2840 1568 2842; x_wconf 67' lang='lat'>_</span> <span class='ocrx_word' id='word_1_393' title='bbox 2412 2746 2811 2842; x_wconf 63' lang='lat' dir='ltr'><strong>Argumentum.</strong></span> 
     </span>
    </p>
   </div>
   <div class='ocr_carea' id='block_1_52' title="bbox 178 2833 1795 2947">
    <p class='ocr_par' dir='ltr' id='par_1_52' title="bbox 178 2833 1727 2947">
     <span class='ocr_line' id='line_1_53' title="bbox 178 2833 1727 2911; baseline 0.007 -27"><span class='ocrx_word' id='word_1_394' title='bbox 178 2833 236 2884; x_wconf 88' lang='lat' dir='ltr'><strong>&#39;H</strong></span> <span class='ocrx_word' id='word_1_395' title='bbox 273 2834 507 2905; x_wconf 82' lang='grc' dir='ltr'>τετάρτη</span> <span class='ocrx_word' id='word_1_396' title='bbox 555 2833 662 2904; x_wconf 82' lang='grc' dir='ltr'><strong>ᾠδὴ</strong></span> <span class='ocrx_word' id='word_1_397' title='bbox 697 2836 860 2905; x_wconf 79' lang='grc' dir='ltr'>εὐχὴν</span> <span class='ocrx_word' id='word_1_398' title='bbox 906 2837 1147 2906; x_wconf 82' lang='grc' dir='ltr'>περιέχει</span> <span class='ocrx_word' id='word_1_399' title='bbox 1178 2837 1285 2889; x_wconf 87' lang='grc' dir='ltr'><strong>τῶν</strong></span> <span class='ocrx_word' id='word_1_400' title='bbox 1316 2838 1375 2891; x_wconf 89' lang='grc' dir='ltr'><strong>ἐν</strong></span> <span class='ocrx_word' id='word_1_401' title='bbox 1412 2842 1483 2911; x_wconf 81' lang='grc' dir='ltr'>τῇ</span> <span class='ocrx_word' id='word_1_402' title='bbox 1520 2840 1727 2895; x_wconf 84' lang='grc' dir='ltr'>ὁδοιπο-</span> 
     </span>
     <span class='ocr_line' id='line_1_54' title="bbox 239 2920 1698 2947; baseline 0.008 -4"><span class='ocrx_word' id='word_1_403' title='bbox 239 2921 318 2947; x_wconf 66' lang='lat'><strong>-.-</strong></span> <span class='ocrx_word' id='word_1_404' title='bbox 377 2920 465 2947; x_wconf 50' lang='lat' dir='ltr'><strong>tut.</strong></span> <span class='ocrx_word' id='word_1_405' title='bbox 503 2921 708 2947; x_wconf 56' lang='grc' dir='ltr'>-..ηιμ</span> <span class='ocrx_word' id='word_1_406' title='bbox 762 2920 895 2947; x_wconf 76' lang='grc' dir='ltr'>ι-.⁴...</span> <span class='ocrx_word' id='word_1_407' title='bbox 928 2922 1025 2947; x_wconf 64' lang='grc' dir='ltr'><strong>-.ιη</strong></span> <span class='ocrx_word' id='word_1_408' title='bbox 1060 2923 1312 2947; x_wconf 31' lang='lat' dir='ltr'><strong>bime--.</strong></span> <span class='ocrx_word' id='word_1_409' title='bbox 1575 2929 1619 2947; x_wconf 39' lang='grc' dir='ltr'>ιν</span> <span class='ocrx_word' id='word_1_410' title='bbox 1694 2946 1698 2947; x_wconf 38' lang='grc' dir='ltr'><strong>κ</strong></span> 
     </span>
    </p>
   </div>
   <div class='ocr_carea' id='block_1_53' title="bbox 1769 2833 3386 2947">
    <p class='ocr_par' dir='ltr' id='par_1_53' title="bbox 1825 2858 3386 2947">
     <span class='ocr_line' id='line_1_55' title="bbox 1825 2858 3386 2947; baseline 0.01 -32"><span class='ocrx_word' id='word_1_411' title='bbox 1825 2858 2089 2927; x_wconf 87' lang='lat' dir='ltr'><strong>Quartum</strong></span> <span class='ocrx_word' id='word_1_412' title='bbox 2128 2866 2397 2920; x_wconf 87' lang='lat' dir='ltr'><strong>canticum</strong></span> <span class='ocrx_word' id='word_1_413' title='bbox 2429 2868 2730 2923; x_wconf 89' lang='lat' dir='ltr'><strong>orationem</strong></span> <span class='ocrx_word' id='word_1_414' title='bbox 2765 2871 3009 2926; x_wconf 88' lang='lat' dir='ltr'><strong>continet</strong></span> <span class='ocrx_word' id='word_1_415' title='bbox 3057 2887 3245 2929; x_wconf 90' lang='lat' dir='ltr'><strong>eorum</strong></span> <span class='ocrx_word' id='word_1_416' title='bbox 3291 2879 3386 2947; x_wconf 89' lang='lat' dir='ltr'><strong>qui</strong></span> 
     </span>
    </p>
   </div>
   <div class='ocr_carea' id='block_1_54' title="bbox 232 2920 1849 3024">
    <p class='ocr_par' dir='ltr' id='par_1_54' title="bbox 232 2920 1849 2998">
     <span class='ocr_line' id='line_1_56' title="bbox 232 2920 1849 2998; baseline 0.008 -26"><span class='ocrx_word' id='word_1_417' title='bbox 232 2921 322 2991; x_wconf 66' lang='grc' dir='ltr'>ρίᾳ</span> <span class='ocrx_word' id='word_1_418' title='bbox 375 2920 467 2973; x_wconf 78' lang='grc' dir='ltr'><strong>διὰ</strong></span> <span class='ocrx_word' id='word_1_419' title='bbox 502 2921 708 2973; x_wconf 83' lang='grc' dir='ltr'>πολλῶν</span> <span class='ocrx_word' id='word_1_420' title='bbox 760 2920 895 2976; x_wconf 90' lang='grc' dir='ltr'>ἐτῶν</span> <span class='ocrx_word' id='word_1_421' title='bbox 928 2922 1025 2994; x_wconf 82' lang='grc' dir='ltr'>τὴν</span> <span class='ocrx_word' id='word_1_422' title='bbox 1057 2923 1313 2978; x_wconf 80' lang='grc' dir='ltr'>ἐπάνοδον</span> <span class='ocrx_word' id='word_1_423' title='bbox 1367 2929 1721 2998; x_wconf 77' lang='grc' dir='ltr'>ποιουμένων.</span> <span class='ocrx_word' id='word_1_424' title='bbox 1835 2920 1849 2923; x_wconf 22' lang='lat' dir='ltr'>ﬁ</span> 
     </span>
    </p>
   </div>
   <div class='ocr_carea' id='block_1_55' title="bbox 1768 2920 3385 3024">
    <p class='ocr_par' dir='ltr' id='par_1_55' title="bbox 1835 2920 3385 3024">
     <span class='ocr_line' id='line_1_57' title="bbox 1835 2920 3385 2947; baseline 0.01 -20"><span class='ocrx_word' id='word_1_425' title='bbox 1835 2920 1870 2927; x_wconf 53' lang='grc' dir='ltr'><strong>τ</strong></span> <span class='ocrx_word' id='word_1_426' title='bbox 2442 2920 2451 2921; x_wconf 42' lang='grc' dir='ltr'><em>κ</em></span> <span class='ocrx_word' id='word_1_427' title='bbox 2536 2920 2543 2921; x_wconf 38' lang='grc' dir='ltr'><em>γ</em></span> <span class='ocrx_word' id='word_1_428' title='bbox 3060 2920 3245 2929; x_wconf 69' lang='grc' dir='ltr'><strong><em>η---η</em></strong></span> <span class='ocrx_word' id='word_1_429' title='bbox 3293 2920 3385 2947; x_wconf 66' lang='grc' dir='ltr'>ιε’·-</span> 
     </span>
     <span class='ocr_line' id='line_1_58' title="bbox 1896 2954 3385 3024; baseline 0.006 -16"><span class='ocrx_word' id='word_1_430' title='bbox 1896 2954 2250 3024; x_wconf 79' lang='lat' dir='ltr'><strong>remigrantes</strong></span> <span class='ocrx_word' id='word_1_431' title='bbox 2271 2957 2457 3013; x_wconf 89' lang='lat' dir='ltr'><strong>multis</strong></span> <span class='ocrx_word' id='word_1_432' title='bbox 2473 2960 2630 3013; x_wconf 90' lang='lat' dir='ltr'><strong>annis</strong></span> <span class='ocrx_word' id='word_1_433' title='bbox 2653 2960 2703 3013; x_wconf 91' lang='lat' dir='ltr'><strong>in</strong></span> <span class='ocrx_word' id='word_1_434' title='bbox 2724 2961 2915 3016; x_wconf 89' lang='lat' dir='ltr'><strong>itinere</strong></span> <span class='ocrx_word' id='word_1_435' title='bbox 2934 2966 3130 3018; x_wconf 86' lang='lat' dir='ltr'><strong>versati</strong></span> <span class='ocrx_word' id='word_1_436' title='bbox 3150 2965 3385 3022; x_wconf 77' lang='lat' dir='ltr'><strong>fuerant.</strong></span> 
     </span>
    </p>
   </div>
   <div class='ocr_carea' id='block_1_56' title="bbox 228 3013 1845 3111">
    <p class='ocr_par' dir='ltr' id='par_1_56' title="bbox 228 3013 1722 3086">
     <span class='ocr_line' id='line_1_59' title="bbox 228 3013 1722 3086; baseline 0.006 -19"><span class='ocrx_word' id='word_1_437' title='bbox 228 3016 290 3067; x_wconf 82' lang='grc' dir='ltr'><strong>Οἳ</strong></span> <span class='ocrx_word' id='word_1_438' title='bbox 322 3014 415 3067; x_wconf 72' lang='grc' dir='ltr'>καὶ</span> <span class='ocrx_word' id='word_1_439' title='bbox 435 3051 452 3077; x_wconf 89' lang='grc'><em>,</em></span> <span class='ocrx_word' id='word_1_440' title='bbox 477 3013 741 3083; x_wconf 83' lang='grc' dir='ltr'>καμόντες</span> <span class='ocrx_word' id='word_1_441' title='bbox 763 3013 903 3067; x_wconf 81' lang='grc' dir='ltr'><strong>κατὰ</strong></span> <span class='ocrx_word' id='word_1_442' title='bbox 921 3014 1019 3086; x_wconf 78' lang='grc' dir='ltr'><strong>τὴν</strong></span> <span class='ocrx_word' id='word_1_443' title='bbox 1049 3016 1166 3070; x_wconf 78' lang='grc' dir='ltr'>ὁδὸν</span> <span class='ocrx_word' id='word_1_444' title='bbox 1181 3056 1195 3081; x_wconf 89' lang='grc'><strong><em>,</em></strong></span> <span class='ocrx_word' id='word_1_445' title='bbox 1227 3017 1409 3083; x_wconf 85' lang='grc' dir='ltr'>ἐλέους</span> <span class='ocrx_word' id='word_1_446' title='bbox 1430 3020 1523 3073; x_wconf 77' lang='grc' dir='ltr'>καὶ</span> <span class='ocrx_word' id='word_1_447' title='bbox 1541 3020 1722 3076; x_wconf 73' lang='grc' dir='ltr'>οἴκτου</span> 
     </span>
    </p>
   </div>
   <div class='ocr_carea' id='block_1_57' title="bbox 1766 3013 3383 3111">
    <p class='ocr_par' dir='ltr' id='par_1_57' title="bbox 1892 3043 3383 3111">
     <span class='ocr_line' id='line_1_60' title="bbox 1892 3043 3383 3111; baseline 0.011 -16"><span class='ocrx_word' id='word_1_448' title='bbox 1892 3043 1995 3109; x_wconf 86' lang='lat' dir='ltr'><strong>Qui</strong></span> <span class='ocrx_word' id='word_1_449' title='bbox 2019 3044 2215 3098; x_wconf 77' lang='lat' dir='ltr'><strong>defessi</strong></span> <span class='ocrx_word' id='word_1_450' title='bbox 2248 3046 2429 3111; x_wconf 88' lang='lat' dir='ltr'><strong>invia,</strong></span> <span class='ocrx_word' id='word_1_451' title='bbox 2454 3048 2879 3103; x_wconf 87' lang='lat' dir='ltr'><strong>misericordiam</strong></span> <span class='ocrx_word' id='word_1_452' title='bbox 2908 3062 2961 3106; x_wconf 88' lang='lat' dir='ltr'><strong>et</strong></span> <span class='ocrx_word' id='word_1_453' title='bbox 2984 3053 3383 3111; x_wconf 87' lang='lat' dir='ltr'><strong>miserationem</strong></span> 
     </span>
    </p>
   </div>
   <div class='ocr_carea' id='block_1_58' title="bbox 225 3106 1842 3217">
    <p class='ocr_par' dir='ltr' id='par_1_58' title="bbox 225 3106 1790 3205">
     <span class='ocr_line' id='line_1_61' title="bbox 225 3106 1790 3205; baseline 0.006 -46"><span class='ocrx_word' id='word_1_454' title='bbox 225 3108 433 3161; x_wconf 77' lang='grc' dir='ltr'>δέονται</span> <span class='ocrx_word' id='word_1_455' title='bbox 459 3109 640 3176; x_wconf 81' lang='grc' dir='ltr'>τυχεῖν</span> <span class='ocrx_word' id='word_1_456' title='bbox 680 3106 830 3178; x_wconf 73' lang='grc' dir='ltr'>παρὰ</span> <span class='ocrx_word' id='word_1_457' title='bbox 858 3107 952 3161; x_wconf 90' lang='grc' dir='ltr'><strong>τοῦ</strong></span> <span class='ocrx_word' id='word_1_458' title='bbox 994 3108 1127 3162; x_wconf 83' lang='grc' dir='ltr'>Θεοῦ</span> <span class='ocrx_word' id='word_1_459' title='bbox 1148 3151 1164 3176; x_wconf 84' lang='grc'><em>,</em></span> <span class='ocrx_word' id='word_1_460' title='bbox 1204 3109 1279 3174; x_wconf 87' lang='grc' dir='ltr'><strong>ὡς</strong></span> <span class='ocrx_word' id='word_1_461' title='bbox 1312 3112 1721 3184; x_wconf 79' lang='grc' dir='ltr'>ἐξουθενημένοι</span> <span class='ocrx_word' id='word_1_462' title='bbox 1748 3149 1790 3205; x_wconf 76' lang='lat' dir='ltr'><strong><em>C</em></strong></span> 
     </span>
    </p>
   </div>
   <div class='ocr_carea' id='block_1_59' title="bbox 1765 3106 3382 3217">
    <p class='ocr_par' dir='ltr' id='par_1_59' title="bbox 1765 3106 3382 3217">
     <span class='ocr_line' id='line_1_62' title="bbox 1765 3106 3382 3217; baseline 0.011 -31"><span class='ocrx_word' id='word_1_463' title='bbox 1765 3149 1790 3205; x_wconf 64' lang='grc' dir='ltr'><strong>ς,</strong></span> <span class='ocrx_word' id='word_1_464' title='bbox 1891 3106 1935 3188; x_wconf 35' lang='lat' dir='ltr'><strong>av</strong></span> <span class='ocrx_word' id='word_1_465' title='bbox 1953 3133 2062 3189; x_wconf 84' lang='lat' dir='ltr'><strong>Deo</strong></span> <span class='ocrx_word' id='word_1_466' title='bbox 2087 3135 2323 3205; x_wconf 85' lang='lat' dir='ltr'><strong>impendi</strong></span> <span class='ocrx_word' id='word_1_467' title='bbox 2367 3106 2470 3192; x_wconf 84' lang='lat' dir='ltr'><strong>sibi</strong></span> <span class='ocrx_word' id='word_1_468' title='bbox 2495 3140 2788 3207; x_wconf 90' lang='lat' dir='ltr'><strong>postulant,</strong></span> <span class='ocrx_word' id='word_1_469' title='bbox 2819 3151 3000 3212; x_wconf 88' lang='lat' dir='ltr'><strong>utpote</strong></span> <span class='ocrx_word' id='word_1_470' title='bbox 3026 3106 3118 3214; x_wconf 82' lang='lat' dir='ltr'><strong>qui</strong></span> <span class='ocrx_word' id='word_1_471' title='bbox 3146 3106 3382 3217; x_wconf 63' lang='grc' dir='ltr'>ἆ</span> 
     </span>
    </p>
   </div>
   <div class='ocr_carea' id='block_1_60' title="bbox 226 3196 1843 3307">
    <p class='ocr_par' dir='ltr' id='par_1_60' title="bbox 226 3196 1790 3273">
     <span class='ocr_line' id='line_1_63' title="bbox 226 3196 1790 3273; baseline 0.003 -21"><span class='ocrx_word' id='word_1_472' title='bbox 226 3197 374 3269; x_wconf 78' lang='grc' dir='ltr'>παρὰ</span> <span class='ocrx_word' id='word_1_473' title='bbox 410 3196 522 3250; x_wconf 90' lang='grc' dir='ltr'><strong>τῶν</strong></span> <span class='ocrx_word' id='word_1_474' title='bbox 557 3196 744 3253; x_wconf 87' lang='grc' dir='ltr'>ἐθνῶν.</span> <span class='ocrx_word' id='word_1_475' title='bbox 780 3197 872 3251; x_wconf 83' lang='grc' dir='ltr'><strong>Διὸ</strong></span> <span class='ocrx_word' id='word_1_476' title='bbox 902 3199 993 3253; x_wconf 73' lang='grc' dir='ltr'>καὶ</span> <span class='ocrx_word' id='word_1_477' title='bbox 1023 3199 1422 3269; x_wconf 80' lang='grc' dir='ltr'>ἀναφθέγγεται</span> <span class='ocrx_word' id='word_1_478' title='bbox 1455 3204 1591 3273; x_wconf 82' lang='grc' dir='ltr'>πρὸς</span> <span class='ocrx_word' id='word_1_479' title='bbox 1623 3206 1723 3258; x_wconf 80' lang='grc' dir='ltr'><strong>αὖ·</strong></span> <span class='ocrx_word' id='word_1_480' title='bbox 1753 3196 1790 3205; x_wconf 49' lang='lat'><strong>&#39;-</strong></span> 
     </span>
    </p>
   </div>
   <div class='ocr_carea' id='block_1_61' title="bbox 1767 3196 3384 3307">
    <p class='ocr_par' dir='ltr' id='par_1_61' title="bbox 1767 3196 3384 3307">
     <span class='ocr_line' id='line_1_64' title="bbox 1767 3196 3349 3217; baseline 0.009 -15"><span class='ocrx_word' id='word_1_481' title='bbox 1767 3196 1790 3205; x_wconf 90' lang='lat'><em>_</em></span> <span class='ocrx_word' id='word_1_482' title='bbox 2164 3196 2180 3205; x_wconf 91' lang='lat'><strong>.</strong></span> <span class='ocrx_word' id='word_1_483' title='bbox 2495 3196 2509 3207; x_wconf 92' lang='lat'><strong>.</strong></span> <span class='ocrx_word' id='word_1_484' title='bbox 2776 3196 2897 3212; x_wconf 83' lang='grc'><strong>..</strong></span> <span class='ocrx_word' id='word_1_485' title='bbox 2982 3196 3349 3217; x_wconf 44' lang='grc' dir='ltr'><strong>κιν-υ---ν-</strong></span> 
     </span>
     <span class='ocr_line' id='line_1_65' title="bbox 1891 3223 3384 3307; baseline 0.011 -29"><span class='ocrx_word' id='word_1_486' title='bbox 1891 3223 1994 3279; x_wconf 87' lang='lat' dir='ltr'><strong>bus</strong></span> <span class='ocrx_word' id='word_1_487' title='bbox 2043 3224 2197 3279; x_wconf 86' lang='lat' dir='ltr'><strong>nihili</strong></span> <span class='ocrx_word' id='word_1_488' title='bbox 2233 3227 2609 3296; x_wconf 87' lang='lat' dir='ltr'><strong>penderentur.</strong></span> <span class='ocrx_word' id='word_1_489' title='bbox 2670 3230 2850 3296; x_wconf 84' lang='lat' dir='ltr'><strong>Quare</strong></span> <span class='ocrx_word' id='word_1_490' title='bbox 2901 3235 3195 3290; x_wconf 89' lang='lat' dir='ltr'><strong>consolans</strong></span> <span class='ocrx_word' id='word_1_491' title='bbox 3238 3238 3384 3307; x_wconf 85' lang='lat' dir='ltr'><strong>ipsos</strong></span> 
     </span>
    </p>
   </div>
   <div class='ocr_carea' id='block_1_62' title="bbox 223 3289 1840 3395">
    <p class='ocr_par' dir='ltr' id='par_1_62' title="bbox 223 3289 1721 3363">
     <span class='ocr_line' id='line_1_66' title="bbox 223 3289 1721 3363; baseline 0.005 -22"><span class='ocrx_word' id='word_1_492' title='bbox 223 3290 343 3352; x_wconf 85' lang='grc' dir='ltr'>τοὺς</span> <span class='ocrx_word' id='word_1_493' title='bbox 369 3289 860 3361; x_wconf 82' lang='grc' dir='ltr'>παραμυθούμενον</span> <span class='ocrx_word' id='word_1_494' title='bbox 885 3290 945 3344; x_wconf 82' lang='grc' dir='ltr'>τὸ</span> <span class='ocrx_word' id='word_1_495' title='bbox 978 3289 1221 3361; x_wconf 83' lang='grc' dir='ltr'>Πνεῦμα,</span> <span class='ocrx_word' id='word_1_496' title='bbox 1253 3292 1345 3345; x_wconf 77' lang='grc' dir='ltr'><strong>καὶ</strong></span> <span class='ocrx_word' id='word_1_497' title='bbox 1368 3290 1548 3361; x_wconf 83' lang='grc' dir='ltr'>λέγον’</span> <span class='ocrx_word' id='word_1_498' title='bbox 1594 3294 1721 3363; x_wconf 62' lang='grc' dir='ltr'><strong>Τοῖξα</strong></span> 
     </span>
    </p>
   </div>
   <div class='ocr_carea' id='block_1_63' title="bbox 1764 3289 3381 3395">
    <p class='ocr_par' dir='ltr' id='par_1_63' title="bbox 1890 3289 3381 3395">
     <span class='ocr_line' id='line_1_67' title="bbox 1890 3289 3381 3395; baseline 0.009 -27"><span class='ocrx_word' id='word_1_499' title='bbox 1890 3312 2127 3383; x_wconf 87' lang='lat' dir='ltr'><strong>Spiritus</strong></span> <span class='ocrx_word' id='word_1_500' title='bbox 2159 3289 2416 3382; x_wconf 80' lang='lat' dir='ltr'><strong>sanctus,</strong></span> <span class='ocrx_word' id='word_1_501' title='bbox 2470 3289 2758 3390; x_wconf 67' lang='lat' dir='ltr'><strong>respondet</strong></span> <span class='ocrx_word' id='word_1_502' title='bbox 2803 3331 2857 3377; x_wconf 81' lang='lat' dir='ltr'><strong>et</strong></span> <span class='ocrx_word' id='word_1_503' title='bbox 2888 3323 2963 3378; x_wconf 88' lang='lat' dir='ltr'><strong>ait</strong></span> <span class='ocrx_word' id='word_1_504' title='bbox 2991 3342 3004 3378; x_wconf 93' lang='lat'><strong>:</strong></span> <span class='ocrx_word' id='word_1_505' title='bbox 3034 3289 3381 3395; x_wconf 55' lang='lat' dir='ltr'><strong>Opprobrrium</strong></span> 
     </span>
    </p>
   </div>
   <div class='ocr_carea' id='block_1_64' title="bbox 223 3380 1840 3461">
    <p class='ocr_par' dir='ltr' id='par_1_64' title="bbox 223 3380 927 3449">
     <span class='ocr_line' id='line_1_68' title="bbox 223 3380 927 3449; baseline 0.003 -17"><span class='ocrx_word' id='word_1_506' title='bbox 223 3380 554 3449; x_wconf 79' lang='grc' dir='ltr'>εὐθηνοῦσι</span> <span class='ocrx_word' id='word_1_507' title='bbox 586 3380 652 3434; x_wconf 86' lang='grc' dir='ltr'>τὸ</span> <span class='ocrx_word' id='word_1_508' title='bbox 681 3380 927 3446; x_wconf 78' lang='grc' dir='ltr'>ὄνειδος.</span> 
     </span>
    </p>
   </div>
   <div class='ocr_carea' id='block_1_65' title="bbox 677 3380 2294 3461">
    <p class='ocr_par' dir='ltr' id='par_1_65' title="bbox 681 3380 2294 3461">
     <span class='ocr_line' id='line_1_69' title="bbox 681 3380 2294 3461; baseline 0.02 -30"><span class='ocrx_word' id='word_1_509' title='bbox 681 3380 927 3446; x_wconf 78' lang='grc' dir='ltr'>ὄνειδος.</span> <span class='ocrx_word' id='word_1_510' title='bbox 1887 3380 2294 3461; x_wconf 76' lang='lat' dir='ltr'><strong>abundantibus.</strong></span> 
     </span>
    </p>
   </div>
   <div class='ocr_carea' id='block_1_66' title="bbox 220 3467 1837 3572">
    <p class='ocr_par' dir='ltr' id='par_1_66' title="bbox 220 3467 1717 3542">
     <span class='ocr_line' id='line_1_70' title="bbox 220 3467 1717 3542; baseline 0.006 -17"><span class='ocrx_word' id='word_1_511' title='bbox 220 3472 374 3541; x_wconf 81' lang='grc' dir='ltr'>Πρὸς</span> <span class='ocrx_word' id='word_1_512' title='bbox 396 3471 475 3526; x_wconf 81' lang='grc' dir='ltr'><strong>σὲ</strong></span> <span class='ocrx_word' id='word_1_513' title='bbox 500 3467 616 3540; x_wconf 76' lang='grc' dir='ltr'>ἦρα</span> <span class='ocrx_word' id='word_1_514' title='bbox 639 3470 779 3536; x_wconf 85' lang='grc' dir='ltr'>τοὺς</span> <span class='ocrx_word' id='word_1_515' title='bbox 809 3473 1151 3542; x_wconf 73' lang='grc' dir='ltr'>ὀφθαλμούς</span> <span class='ocrx_word' id='word_1_516' title='bbox 1184 3492 1304 3542; x_wconf 81' lang='grc' dir='ltr'><strong>μου</strong></span> <span class='ocrx_word' id='word_1_517' title='bbox 1324 3516 1339 3540; x_wconf 88' lang='grc'><em>,</em></span> <span class='ocrx_word' id='word_1_518' title='bbox 1374 3477 1479 3529; x_wconf 78' lang='grc' dir='ltr'>τὸν</span> <span class='ocrx_word' id='word_1_519' title='bbox 1524 3496 1717 3534; x_wconf 83' lang='grc' dir='ltr'>κατοι-</span> 
     </span>
    </p>
   </div>
   <div class='ocr_carea' id='block_1_67' title="bbox 1762 3467 3379 3572">
    <p class='ocr_par' dir='ltr' id='par_1_67' title="bbox 1887 3498 3379 3572">
     <span class='ocr_line' id='line_1_71' title="bbox 1887 3498 3379 3572; baseline 0.009 -22"><span class='ocrx_word' id='word_1_520' title='bbox 1887 3498 1939 3563; x_wconf 78' lang='grc' dir='ltr'><strong>Ι,</strong></span> <span class='ocrx_word' id='word_1_521' title='bbox 1971 3498 2021 3551; x_wconf 76' lang='lat'><strong>2.</strong></span> <span class='ocrx_word' id='word_1_522' title='bbox 2059 3499 2141 3551; x_wconf 79' lang='lat' dir='ltr'><strong>Ad</strong></span> <span class='ocrx_word' id='word_1_523' title='bbox 2171 3509 2221 3552; x_wconf 85' lang='lat' dir='ltr'><strong>te</strong></span> <span class='ocrx_word' id='word_1_524' title='bbox 2244 3499 2407 3552; x_wconf 80' lang='lat' dir='ltr'><strong>levavi</strong></span> <span class='ocrx_word' id='word_1_525' title='bbox 2428 3500 2605 3554; x_wconf 87' lang='lat' dir='ltr'><strong>oculos</strong></span> <span class='ocrx_word' id='word_1_526' title='bbox 2636 3517 2795 3567; x_wconf 88' lang='lat' dir='ltr'><strong>meos,</strong></span> <span class='ocrx_word' id='word_1_527' title='bbox 2843 3503 2934 3572; x_wconf 90' lang='lat' dir='ltr'><strong>qui</strong></span> <span class='ocrx_word' id='word_1_528' title='bbox 2959 3503 3167 3558; x_wconf 78' lang='lat' dir='ltr'><strong>habitas</strong></span> <span class='ocrx_word' id='word_1_529' title='bbox 3194 3508 3247 3561; x_wconf 90' lang='lat' dir='ltr'><strong>in</strong></span> <span class='ocrx_word' id='word_1_530' title='bbox 3276 3525 3379 3563; x_wconf 72' lang='lat' dir='ltr'><strong>cat-</strong></span> 
     </span>
    </p>
   </div>
   <div class='ocr_carea' id='block_1_68' title="bbox 156 3560 1773 3653">
    <p class='ocr_par' dir='ltr' id='par_1_68' title="bbox 156 3560 1719 3636">
     <span class='ocr_line' id='line_1_72' title="bbox 156 3560 1719 3636; baseline 0.004 -19"><span class='ocrx_word' id='word_1_531' title='bbox 156 3563 371 3617; x_wconf 78' lang='grc' dir='ltr'>κοῦντα</span> <span class='ocrx_word' id='word_1_532' title='bbox 394 3562 466 3615; x_wconf 82' lang='grc' dir='ltr'>ἐν</span> <span class='ocrx_word' id='word_1_533' title='bbox 491 3560 573 3626; x_wconf 81' lang='grc' dir='ltr'>τῷ</span> <span class='ocrx_word' id='word_1_534' title='bbox 599 3561 848 3631; x_wconf 84' lang='grc' dir='ltr'>οὐρανῷ.</span> <span class='ocrx_word' id='word_1_535' title='bbox 888 3562 1033 3618; x_wconf 84' lang='grc' dir='ltr'>Ἰδοὺ</span> <span class='ocrx_word' id='word_1_536' title='bbox 1063 3565 1143 3631; x_wconf 83' lang='grc' dir='ltr'>ὡς</span> <span class='ocrx_word' id='word_1_537' title='bbox 1164 3566 1455 3636; x_wconf 74' lang='grc' dir='ltr'>ὀφθαλμοί</span> <span class='ocrx_word' id='word_1_538' title='bbox 1482 3567 1719 3624; x_wconf 73' lang='grc' dir='ltr'>δούλων</span> 
     </span>
    </p>
   </div>
   <div class='ocr_carea' id='block_1_69' title="bbox 1757 3560 3374 3653">
    <p class='ocr_par' dir='ltr' id='par_1_69' title="bbox 1815 3587 3374 3653">
     <span class='ocr_line' id='line_1_73' title="bbox 1815 3587 3374 3653; baseline 0.008 -13"><span class='ocrx_word' id='word_1_539' title='bbox 1815 3587 1901 3644; x_wconf 88' lang='lat' dir='ltr'><strong>lis.</strong></span> <span class='ocrx_word' id='word_1_540' title='bbox 1929 3587 2062 3643; x_wconf 82' lang='lat' dir='ltr'><strong>Ecce</strong></span> <span class='ocrx_word' id='word_1_541' title='bbox 2079 3590 2218 3642; x_wconf 90' lang='lat' dir='ltr'><strong>sicut</strong></span> <span class='ocrx_word' id='word_1_542' title='bbox 2241 3589 2379 3643; x_wconf 85' lang='lat' dir='ltr'><strong>oculi</strong></span> <span class='ocrx_word' id='word_1_543' title='bbox 2402 3606 2669 3644; x_wconf 72' lang='lat' dir='ltr'><strong>servorum</strong></span> <span class='ocrx_word' id='word_1_544' title='bbox 2699 3592 2755 3645; x_wconf 90' lang='lat' dir='ltr'><strong>in</strong></span> <span class='ocrx_word' id='word_1_545' title='bbox 2781 3594 3020 3649; x_wconf 88' lang='lat' dir='ltr'><strong>manibus</strong></span> <span class='ocrx_word' id='word_1_546' title='bbox 3047 3596 3374 3653; x_wconf 89' lang='lat' dir='ltr'><strong>dominorum</strong></span> 
     </span>
    </p>
   </div>
   <div class='ocr_carea' id='block_1_70' title="bbox 152 3653 1769 3753">
    <p class='ocr_par' dir='ltr' id='par_1_70' title="bbox 152 3653 1715 3730">
     <span class='ocr_line' id='line_1_74' title="bbox 152 3653 1715 3730; baseline 0.004 -22"><span class='ocrx_word' id='word_1_547' title='bbox 152 3657 235 3721; x_wconf 81' lang='grc' dir='ltr'><strong>εἰς</strong></span> <span class='ocrx_word' id='word_1_548' title='bbox 262 3655 467 3725; x_wconf 65' lang='grc' dir='ltr'>χεῷας</span> <span class='ocrx_word' id='word_1_549' title='bbox 514 3653 631 3708; x_wconf 75' lang='grc' dir='ltr'><strong>τῶν</strong></span> <span class='ocrx_word' id='word_1_550' title='bbox 671 3657 891 3725; x_wconf 80' lang='grc' dir='ltr'><strong>κυρίων</strong></span> <span class='ocrx_word' id='word_1_551' title='bbox 934 3656 1146 3711; x_wconf 79' lang='grc' dir='ltr'>αὐτῶν.</span> <span class='ocrx_word' id='word_1_552' title='bbox 1202 3658 1321 3711; x_wconf 91' lang='grc' dir='ltr'>Τῶν</span> <span class='ocrx_word' id='word_1_553' title='bbox 1354 3658 1454 3728; x_wconf 80' lang='grc' dir='ltr'>μὲν</span> <span class='ocrx_word' id='word_1_554' title='bbox 1486 3660 1715 3730; x_wconf 87' lang='grc' dir='ltr'>ἐχόντων</span> 
     </span>
    </p>
   </div>
   <div class='ocr_carea' id='block_1_71' title="bbox 1758 3653 3375 3753">
    <p class='ocr_par' dir='ltr' id='par_1_71' title="bbox 1812 3676 3375 3753">
     <span class='ocr_line' id='line_1_75' title="bbox 1812 3676 3375 3753; baseline 0.01 -23"><span class='ocrx_word' id='word_1_555' title='bbox 1812 3695 2046 3734; x_wconf 81' lang='lat' dir='ltr'><strong>suorum.</strong></span> <span class='ocrx_word' id='word_1_556' title='bbox 2070 3676 2225 3734; x_wconf 92' lang='lat' dir='ltr'><strong>Oculi</strong></span> <span class='ocrx_word' id='word_1_557' title='bbox 2246 3694 2436 3735; x_wconf 89' lang='lat' dir='ltr'><strong>eorum</strong></span> <span class='ocrx_word' id='word_1_558' title='bbox 2466 3680 2560 3751; x_wconf 93' lang='lat' dir='ltr'><strong>qui</strong></span> <span class='ocrx_word' id='word_1_559' title='bbox 2591 3680 2788 3736; x_wconf 86' lang='lat' dir='ltr'><strong>habent</strong></span> <span class='ocrx_word' id='word_1_560' title='bbox 2811 3684 3065 3753; x_wconf 81' lang='lat' dir='ltr'><strong>spiritum</strong></span> <span class='ocrx_word' id='word_1_561' title='bbox 3095 3689 3375 3745; x_wconf 83' lang='lat' dir='ltr'><strong>servitutis</strong></span> 
     </span>
    </p>
   </div>
   <div class='ocr_carea' id='block_1_72' title="bbox 155 3746 1772 3848">
    <p class='ocr_par' dir='ltr' id='par_1_72' title="bbox 155 3746 1712 3823">
     <span class='ocr_line' id='line_1_76' title="bbox 155 3746 1712 3823; baseline 0.004 -24"><span class='ocrx_word' id='word_1_562' title='bbox 155 3746 210 3799; x_wconf 81' lang='grc' dir='ltr'><strong>τὸ</strong></span> <span class='ocrx_word' id='word_1_563' title='bbox 236 3747 452 3819; x_wconf 86' lang='grc' dir='ltr'>πνεῦμα</span> <span class='ocrx_word' id='word_1_564' title='bbox 482 3746 579 3818; x_wconf 82' lang='grc' dir='ltr'>τῆς</span> <span class='ocrx_word' id='word_1_565' title='bbox 608 3747 848 3812; x_wconf 82' lang='grc' dir='ltr'>δουλείας</span> <span class='ocrx_word' id='word_1_566' title='bbox 888 3749 968 3812; x_wconf 87' lang='grc' dir='ltr'><strong>εἰς</strong></span> <span class='ocrx_word' id='word_1_567' title='bbox 1001 3748 1164 3817; x_wconf 75' lang='grc' dir='ltr'>φόϐον</span> <span class='ocrx_word' id='word_1_568' title='bbox 1201 3748 1467 3822; x_wconf 69' lang='grc' dir='ltr'>ὀφθαλμοὶ</span> <span class='ocrx_word' id='word_1_569' title='bbox 1494 3753 1573 3816; x_wconf 93' lang='grc' dir='ltr'><strong>εἰς</strong></span> <span class='ocrx_word' id='word_1_570' title='bbox 1600 3756 1712 3823; x_wconf 81' lang='grc' dir='ltr'>χεῖ-</span> 
     </span>
    </p>
   </div>
   <div class='ocr_carea' id='block_1_73' title="bbox 1753 3746 3370 3848">
    <p class='ocr_par' dir='ltr' id='par_1_73' title="bbox 1812 3746 3370 3848">
     <span class='ocr_line' id='line_1_77' title="bbox 1812 3746 3370 3848; baseline 0.008 -24"><span class='ocrx_word' id='word_1_571' title='bbox 1812 3770 1866 3824; x_wconf 91' lang='lat' dir='ltr'><strong>in</strong></span> <span class='ocrx_word' id='word_1_572' title='bbox 1894 3772 2086 3827; x_wconf 89' lang='lat' dir='ltr'><strong>timore</strong></span> <span class='ocrx_word' id='word_1_573' title='bbox 2100 3770 2146 3803; x_wconf 86' lang='lat'><strong>&#39;°</strong></span> <span class='ocrx_word' id='word_1_574' title='bbox 2170 3781 2296 3827; x_wconf 91' lang='lat' dir='ltr'><strong>sunt</strong></span> <span class='ocrx_word' id='word_1_575' title='bbox 2320 3771 2373 3827; x_wconf 92' lang='lat' dir='ltr'><strong>in</strong></span> <span class='ocrx_word' id='word_1_576' title='bbox 2397 3746 2648 3828; x_wconf 74' lang='lat' dir='ltr'><strong>manibus</strong></span> <span class='ocrx_word' id='word_1_577' title='bbox 2666 3774 3010 3831; x_wconf 88' lang='lat' dir='ltr'><strong>dominorum</strong></span> <span class='ocrx_word' id='word_1_578' title='bbox 3029 3788 3081 3833; x_wconf 89' lang='lat' dir='ltr'><strong>et</strong></span> <span class='ocrx_word' id='word_1_579' title='bbox 3103 3779 3370 3848; x_wconf 63' lang='lat' dir='ltr'><strong>dominas;</strong></span> 
     </span>
    </p>
   </div>
   <div class='ocr_carea' id='block_1_74' title="bbox 153 3840 1770 3935">
    <p class='ocr_par' dir='ltr' id='par_1_74' title="bbox 153 3840 1713 3916">
     <span class='ocr_line' id='line_1_78' title="bbox 153 3840 1713 3916; baseline 0.006 -26"><span class='ocrx_word' id='word_1_580' title='bbox 153 3856 247 3908; x_wconf 82' lang='grc' dir='ltr'><strong>ρας</strong></span> <span class='ocrx_word' id='word_1_581' title='bbox 277 3841 482 3912; x_wconf 87' lang='grc' dir='ltr'>κυρίων</span> <span class='ocrx_word' id='word_1_582' title='bbox 524 3857 585 3893; x_wconf 93' lang='grc' dir='ltr'><strong>τε</strong></span> <span class='ocrx_word' id='word_1_583' title='bbox 628 3840 722 3894; x_wconf 76' lang='grc' dir='ltr'>καὶ</span> <span class='ocrx_word' id='word_1_584' title='bbox 770 3840 994 3911; x_wconf 81' lang='grc' dir='ltr'>κυρίας·</span> <span class='ocrx_word' id='word_1_585' title='bbox 1027 3840 1121 3894; x_wconf 88' lang='grc' dir='ltr'><strong>τοῦ</strong></span> <span class='ocrx_word' id='word_1_586' title='bbox 1157 3842 1213 3895; x_wconf 74' lang='grc' dir='ltr'><strong>δὲ</strong></span> <span class='ocrx_word' id='word_1_587' title='bbox 1261 3842 1323 3896; x_wconf 79' lang='grc' dir='ltr'>τὸ</span> <span class='ocrx_word' id='word_1_588' title='bbox 1358 3842 1569 3915; x_wconf 82' lang='grc' dir='ltr'>πνεῦμα</span> <span class='ocrx_word' id='word_1_589' title='bbox 1616 3846 1713 3916; x_wconf 81' lang='grc' dir='ltr'>τῆς</span> 
     </span>
    </p>
   </div>
   <div class='ocr_carea' id='block_1_75' title="bbox 1757 3840 3374 3935">
    <p class='ocr_par' dir='ltr' id='par_1_75' title="bbox 1810 3840 3374 3935">
     <span class='ocr_line' id='line_1_79' title="bbox 1810 3840 3374 3935; baseline 0.008 -20"><span class='ocrx_word' id='word_1_590' title='bbox 1810 3860 1929 3931; x_wconf 88' lang='lat' dir='ltr'><strong>ejus</strong></span> <span class='ocrx_word' id='word_1_591' title='bbox 1961 3871 2140 3917; x_wconf 88' lang='lat' dir='ltr'><strong>autem</strong></span> <span class='ocrx_word' id='word_1_592' title='bbox 2170 3862 2263 3932; x_wconf 90' lang='lat' dir='ltr'><strong>qui</strong></span> <span class='ocrx_word' id='word_1_593' title='bbox 2293 3863 2545 3932; x_wconf 87' lang='lat' dir='ltr'><strong>spiritum</strong></span> <span class='ocrx_word' id='word_1_594' title='bbox 2565 3865 2874 3934; x_wconf 89' lang='lat' dir='ltr'><strong>adoptionis</strong></span> <span class='ocrx_word' id='word_1_595' title='bbox 2894 3866 2939 3899; x_wconf 82' lang='grc'><strong>⁸¹</strong></span> <span class='ocrx_word' id='word_1_596' title='bbox 2964 3866 3148 3935; x_wconf 87' lang='lat' dir='ltr'><strong>habet,</strong></span> <span class='ocrx_word' id='word_1_597' title='bbox 3173 3870 3239 3925; x_wconf 90' lang='lat' dir='ltr'><strong>ad</strong></span> <span class='ocrx_word' id='word_1_598' title='bbox 3267 3840 3374 3927; x_wconf 57' lang='lat' dir='ltr'><strong>Do;</strong></span> 
     </span>
    </p>
   </div>
   <div class='ocr_carea' id='block_1_76' title="bbox 153 3930 1770 4007">
    <p class='ocr_par' dir='ltr' id='par_1_76' title="bbox 153 3930 1365 4002">
     <span class='ocr_line' id='line_1_80' title="bbox 153 3930 1365 4002; baseline 0 -18"><span class='ocrx_word' id='word_1_599' title='bbox 153 3931 416 3994; x_wconf 77' lang='grc' dir='ltr'>υἱοθεσίας</span> <span class='ocrx_word' id='word_1_600' title='bbox 442 3930 675 4000; x_wconf 74' lang='grc' dir='ltr'>ἔχοντος,</span> <span class='ocrx_word' id='word_1_601' title='bbox 705 3930 841 4001; x_wconf 84' lang='grc' dir='ltr'>πρὸς</span> <span class='ocrx_word' id='word_1_602' title='bbox 866 3930 1066 4002; x_wconf 80' lang='grc' dir='ltr'>Κύριον</span> <span class='ocrx_word' id='word_1_603' title='bbox 1096 3931 1187 3983; x_wconf 87' lang='grc' dir='ltr'><strong>τὸν</strong></span> <span class='ocrx_word' id='word_1_604' title='bbox 1214 3930 1365 3984; x_wconf 88' lang='grc' dir='ltr'>Θεόν.</span> 
     </span>
    </p>
   </div>
   <div class='ocr_carea' id='block_1_77' title="bbox 623 3930 2240 4007">
    <p class='ocr_par' dir='ltr' id='par_1_77' title="bbox 623 3930 2240 4007">
     <span class='ocr_line' id='line_1_81' title="bbox 623 3930 2240 4007; baseline 0.009 -16"><span class='ocrx_word' id='word_1_605' title='bbox 623 3947 675 3995; x_wconf 71' lang='grc' dir='ltr'><strong>ς.</strong></span> <span class='ocrx_word' id='word_1_606' title='bbox 705 3930 841 4001; x_wconf 79' lang='grc' dir='ltr'>πρὸς</span> <span class='ocrx_word' id='word_1_607' title='bbox 866 3930 1066 4002; x_wconf 74' lang='grc' dir='ltr'>Κύριον</span> <span class='ocrx_word' id='word_1_608' title='bbox 1096 3931 1187 3983; x_wconf 69' lang='grc' dir='ltr'><strong>τὸν</strong></span> <span class='ocrx_word' id='word_1_609' title='bbox 1214 3930 1365 3984; x_wconf 78' lang='grc' dir='ltr'>θεόν·</span> <span class='ocrx_word' id='word_1_610' title='bbox 1808 3930 2015 4006; x_wconf 84' lang='lat' dir='ltr'><strong>minum</strong></span> <span class='ocrx_word' id='word_1_611' title='bbox 2053 3930 2240 4007; x_wconf 82' lang='lat' dir='ltr'><strong>Deum.</strong></span> 
     </span>
    </p>
   </div>
   <div class='ocr_carea' id='block_1_78' title="bbox 228 4019 1845 4106">
    <p class='ocr_par' dir='ltr' id='par_1_78' title="bbox 228 4019 1710 4092">
     <span class='ocr_line' id='line_1_82' title="bbox 228 4019 1710 4092; baseline 0.001 -16"><span class='ocrx_word' id='word_1_612' title='bbox 228 4021 523 4087; x_wconf 75' lang='grc' dir='ltr'><strong>Ἐλέησον</strong></span> <span class='ocrx_word' id='word_1_613' title='bbox 550 4019 726 4090; x_wconf 78' lang='grc' dir='ltr'>ἡμᾶς,</span> <span class='ocrx_word' id='word_1_614' title='bbox 760 4021 954 4089; x_wconf 80' lang='grc' dir='ltr'>Κύριε,</span> <span class='ocrx_word' id='word_1_615' title='bbox 984 4020 1245 4089; x_wconf 77' lang='grc' dir='ltr'>ἐλέησον</span> <span class='ocrx_word' id='word_1_616' title='bbox 1270 4021 1447 4092; x_wconf 78' lang='grc' dir='ltr'>ἡμᾶς.</span> <span class='ocrx_word' id='word_1_617' title='bbox 1493 4025 1552 4077; x_wconf 89' lang='lat'>&#39;0</span> <span class='ocrx_word' id='word_1_618' title='bbox 1581 4025 1710 4077; x_wconf 88' lang='grc' dir='ltr'>ἀνα-</span> 
     </span>
    </p>
   </div>
   <div class='ocr_carea' id='block_1_79' title="bbox 1754 4019 3371 4106">
    <p class='ocr_par' dir='ltr' id='par_1_79' title="bbox 1878 4038 3371 4106">
     <span class='ocr_line' id='line_1_83' title="bbox 1878 4038 3371 4106; baseline 0.008 -11"><span class='ocrx_word' id='word_1_619' title='bbox 1878 4041 1929 4095; x_wconf 79' lang='grc'>5.</span> <span class='ocrx_word' id='word_1_620' title='bbox 1981 4040 2226 4093; x_wconf 73' lang='lat' dir='ltr'><strong>Miserere</strong></span> <span class='ocrx_word' id='word_1_621' title='bbox 2257 4042 2456 4106; x_wconf 89' lang='lat' dir='ltr'><strong>nostri,</strong></span> <span class='ocrx_word' id='word_1_622' title='bbox 2488 4038 2728 4106; x_wconf 85' lang='lat' dir='ltr'><strong>Domine,</strong></span> <span class='ocrx_word' id='word_1_623' title='bbox 2770 4045 3014 4101; x_wconf 84' lang='lat' dir='ltr'><strong>miserere</strong></span> <span class='ocrx_word' id='word_1_624' title='bbox 3046 4052 3233 4106; x_wconf 87' lang='lat' dir='ltr'><strong>nostri.</strong></span> <span class='ocrx_word' id='word_1_625' title='bbox 3266 4050 3371 4106; x_wconf 78' lang='lat' dir='ltr'><strong>ﬂc-</strong></span> 
     </span>
    </p>
   </div>
   <div class='ocr_carea' id='block_1_80' title="bbox 148 4112 1765 4211">
    <p class='ocr_par' dir='ltr' id='par_1_80' title="bbox 148 4112 1707 4187">
     <span class='ocr_line' id='line_1_84' title="bbox 148 4112 1707 4187; baseline 0.004 -24"><span class='ocrx_word' id='word_1_626' title='bbox 148 4113 537 4183; x_wconf 83' lang='grc' dir='ltr'>διπλασιασμὸς</span> <span class='ocrx_word' id='word_1_627' title='bbox 564 4112 714 4186; x_wconf 75' lang='grc' dir='ltr'>δηλοῖ</span> <span class='ocrx_word' id='word_1_628' title='bbox 736 4113 796 4166; x_wconf 84' lang='grc' dir='ltr'>τὸ</span> <span class='ocrx_word' id='word_1_629' title='bbox 821 4114 1020 4186; x_wconf 73' lang='grc' dir='ltr'>θερμὸν</span> <span class='ocrx_word' id='word_1_630' title='bbox 1054 4117 1153 4186; x_wconf 80' lang='grc' dir='ltr'>τῆς</span> <span class='ocrx_word' id='word_1_631' title='bbox 1182 4116 1445 4187; x_wconf 77' lang='grc' dir='ltr'>αἰτήσεως</span> <span class='ocrx_word' id='word_1_632' title='bbox 1467 4156 1481 4180; x_wconf 92' lang='grc'><em>,</em></span> <span class='ocrx_word' id='word_1_633' title='bbox 1508 4116 1603 4186; x_wconf 80' lang='grc' dir='ltr'><strong>οὐχ</strong></span> <span class='ocrx_word' id='word_1_634' title='bbox 1632 4118 1707 4181; x_wconf 87' lang='grc' dir='ltr'>ὠς</span> 
     </span>
    </p>
   </div>
   <div class='ocr_carea' id='block_1_81' title="bbox 1749 4112 3366 4211">
    <p class='ocr_par' dir='ltr' id='par_1_81' title="bbox 1804 4128 3366 4211">
     <span class='ocr_line' id='line_1_85' title="bbox 1804 4128 3366 4211; baseline 0.01 -29"><span class='ocrx_word' id='word_1_635' title='bbox 1804 4128 2095 4199; x_wconf 88' lang='lat' dir='ltr'><strong>duplicatio</strong></span> <span class='ocrx_word' id='word_1_636' title='bbox 2125 4128 2388 4184; x_wconf 86' lang='lat' dir='ltr'><strong>fervorem</strong></span> <span class='ocrx_word' id='word_1_637' title='bbox 2418 4131 2744 4199; x_wconf 89' lang='lat' dir='ltr'><strong>precationis</strong></span> <span class='ocrx_word' id='word_1_638' title='bbox 2776 4138 3031 4193; x_wconf 90' lang='lat' dir='ltr'><strong>ostendit.</strong></span> <span class='ocrx_word' id='word_1_639' title='bbox 3059 4137 3177 4193; x_wconf 85' lang='lat' dir='ltr'><strong>Non</strong></span> <span class='ocrx_word' id='word_1_640' title='bbox 3207 4144 3366 4211; x_wconf 86' lang='lat' dir='ltr'><strong>quasi</strong></span> 
     </span>
    </p>
   </div>
   <div class='ocr_carea' id='block_1_82' title="bbox 146 4203 1763 4303">
    <p class='ocr_par' dir='ltr' id='par_1_82' title="bbox 146 4203 1707 4275">
     <span class='ocr_line' id='line_1_86' title="bbox 146 4203 1707 4275; baseline 0.002 -18"><span class='ocrx_word' id='word_1_641' title='bbox 146 4203 276 4271; x_wconf 72' lang='grc' dir='ltr'>ἄξιοι</span> <span class='ocrx_word' id='word_1_642' title='bbox 302 4205 392 4258; x_wconf 81' lang='grc' dir='ltr'><strong>τὸν</strong></span> <span class='ocrx_word' id='word_1_643' title='bbox 436 4204 584 4259; x_wconf 76' lang='grc' dir='ltr'>ἔλεον</span> <span class='ocrx_word' id='word_1_644' title='bbox 623 4204 914 4275; x_wconf 76' lang='grc' dir='ltr'>αἰτοῦμεν,</span> <span class='ocrx_word' id='word_1_645' title='bbox 942 4204 1057 4257; x_wconf 77' lang='grc' dir='ltr'>ἀλλ’</span> <span class='ocrx_word' id='word_1_646' title='bbox 1096 4205 1173 4269; x_wconf 84' lang='grc' dir='ltr'><strong>ὡς</strong></span> <span class='ocrx_word' id='word_1_647' title='bbox 1208 4206 1556 4261; x_wconf 85' lang='grc' dir='ltr'>ἐπονείδιστοι</span> <span class='ocrx_word' id='word_1_648' title='bbox 1588 4206 1707 4263; x_wconf 86' lang='grc' dir='ltr'>λίαν</span> 
     </span>
    </p>
   </div>
   <div class='ocr_carea' id='block_1_83' title="bbox 1751 4203 3368 4303">
    <p class='ocr_par' dir='ltr' id='par_1_83' title="bbox 1803 4203 3368 4303">
     <span class='ocr_line' id='line_1_87' title="bbox 1803 4203 3368 4303; baseline 0.011 -30"><span class='ocrx_word' id='word_1_649' title='bbox 1803 4221 1950 4290; x_wconf 79' lang='lat' dir='ltr'><strong>digni</strong></span> <span class='ocrx_word' id='word_1_650' title='bbox 1980 4220 2151 4277; x_wconf 83' lang='lat' dir='ltr'><strong>simus</strong></span> <span class='ocrx_word' id='word_1_651' title='bbox 2180 4221 2606 4279; x_wconf 84' lang='lat' dir='ltr'><strong>misericordiam</strong></span> <span class='ocrx_word' id='word_1_652' title='bbox 2651 4228 3012 4295; x_wconf 64' lang='lat' dir='ltr'><strong>postulamus,</strong></span> <span class='ocrx_word' id='word_1_653' title='bbox 3055 4232 3149 4286; x_wconf 88' lang='lat' dir='ltr'><strong>sed</strong></span> <span class='ocrx_word' id='word_1_654' title='bbox 3183 4203 3368 4303; x_wconf 65' lang='lat' dir='ltr'><strong>uipote</strong></span> 
     </span>
    </p>
   </div>
   <div class='ocr_carea' id='block_1_84' title="bbox 145 4298 1762 4381">
    <p class='ocr_par' dir='ltr' id='par_1_84' title="bbox 145 4298 441 4369">
     <span class='ocr_line' id='line_1_88' title="bbox 145 4298 441 4369; baseline 0.003 -19"><span class='ocrx_word' id='word_1_655' title='bbox 145 4298 441 4369; x_wconf 83' lang='grc' dir='ltr'>γενόμενοι.</span> 
     </span>
    </p>
   </div>
   <div class='ocr_carea' id='block_1_85' title="bbox 757 4298 2374 4381">
    <p class='ocr_par' dir='ltr' id='par_1_85' title="bbox 1802 4312 2374 4381">
     <span class='ocr_line' id='line_1_89' title="bbox 1802 4312 2374 4381; baseline 0.007 -17"><span class='ocrx_word' id='word_1_656' title='bbox 1802 4312 2105 4381; x_wconf 83' lang='lat' dir='ltr'><strong>Opprobriis</strong></span> <span class='ocrx_word' id='word_1_657' title='bbox 2143 4316 2374 4368; x_wconf 90' lang='lat' dir='ltr'><strong>onerati.</strong></span> 
     </span>
    </p>
   </div>
   <div class='ocr_carea' id='block_1_86' title="bbox 467 4386 2084 4483">
    <p class='ocr_par' dir='ltr' id='par_1_86' title="bbox 467 4386 1740 4483">
     <span class='ocr_line' id='line_1_90' title="bbox 467 4386 1740 4483; baseline 0.005 -43"><span class='ocrx_word' id='word_1_658' title='bbox 467 4387 604 4457; x_wconf 81' lang='grc' dir='ltr'><strong>’ῼδὴ</strong></span> <span class='ocrx_word' id='word_1_659' title='bbox 640 4386 756 4441; x_wconf 74' lang='grc' dir='ltr'>τῶν</span> <span class='ocrx_word' id='word_1_660' title='bbox 780 4387 1148 4458; x_wconf 77' lang='grc' dir='ltr'>ἀναϐαθμῶν.</span> <span class='ocrx_word' id='word_1_661' title='bbox 1182 4390 1375 4444; x_wconf 83' lang='grc' dir='ltr'><strong>ΡΚΓ’.</strong></span> <span class='ocrx_word' id='word_1_662' title='bbox 1729 4481 1740 4483; x_wconf 25' lang='grc' dir='ltr'><strong>Δ</strong></span> 
     </span>
    </p>
   </div>
   <div class='ocr_carea' id='block_1_87' title="bbox 1426 4386 3043 4483">
    <p class='ocr_par' dir='ltr' id='par_1_87' title="bbox 1729 4403 3043 4483">
     <span class='ocr_line' id='line_1_91' title="bbox 1729 4403 3043 4483; baseline 0.008 -27"><span class='ocrx_word' id='word_1_663' title='bbox 1729 4481 1740 4483; x_wconf 72' lang='lat'>_</span> <span class='ocrx_word' id='word_1_664' title='bbox 2102 4403 2376 4459; x_wconf 86' lang='lat' dir='ltr'><strong>Canticum</strong></span> <span class='ocrx_word' id='word_1_665' title='bbox 2432 4406 2710 4475; x_wconf 81' lang='lat' dir='ltr'><strong>graduum.</strong></span> <span class='ocrx_word' id='word_1_666' title='bbox 2770 4408 3043 4483; x_wconf 54' lang='lat' dir='ltr'><em>CXXIII.</em></span> 
     </span>
    </p>
   </div>
   <div class='ocr_carea' id='block_1_88' title="bbox 446 4477 2063 4565">
    <p class='ocr_par' dir='ltr' id='par_1_88' title="bbox 446 4477 1774 4551">
     <span class='ocr_line' id='line_1_92' title="bbox 446 4477 1774 4551; baseline 0.002 -18"><span class='ocrx_word' id='word_1_667' title='bbox 446 4480 518 4533; x_wconf 76' lang='lat' dir='ltr'><strong>Et</strong></span> <span class='ocrx_word' id='word_1_668' title='bbox 539 4478 625 4549; x_wconf 82' lang='grc' dir='ltr'>μὴ</span> <span class='ocrx_word' id='word_1_669' title='bbox 656 4479 742 4532; x_wconf 88' lang='grc' dir='ltr'>ὅτι</span> <span class='ocrx_word' id='word_1_670' title='bbox 764 4482 980 4547; x_wconf 77' lang='grc' dir='ltr'>Κύριος</span> <span class='ocrx_word' id='word_1_671' title='bbox 1007 4477 1087 4551; x_wconf 80' lang='grc' dir='ltr'><strong>ἦν</strong></span> <span class='ocrx_word' id='word_1_672' title='bbox 1123 4480 1191 4533; x_wconf 83' lang='grc' dir='ltr'><em>ὲν</em></span> <span class='ocrx_word' id='word_1_673' title='bbox 1218 4479 1381 4550; x_wconf 73' lang='grc' dir='ltr'>ἡμῖν.</span> <span class='ocrx_word' id='word_1_674' title='bbox 1726 4481 1774 4542; x_wconf 86' lang='grc'><strong>1)</strong></span> 
     </span>
    </p>
   </div>
   <div class='ocr_carea' id='block_1_89' title="bbox 1461 4477 3078 4565">
    <p class='ocr_par' dir='ltr' id='par_1_89' title="bbox 1726 4477 3078 4565">
     <span class='ocr_line' id='line_1_93' title="bbox 1726 4477 3078 4565; baseline 0.012 -23"><span class='ocrx_word' id='word_1_675' title='bbox 1726 4481 1774 4542; x_wconf 85' lang='grc'><strong>1)</strong></span> <span class='ocrx_word' id='word_1_676' title='bbox 2075 4496 2199 4551; x_wconf 86' lang='lat' dir='ltr'><strong>Nisi</strong></span> <span class='ocrx_word' id='word_1_677' title='bbox 2232 4499 2357 4565; x_wconf 84' lang='lat' dir='ltr'><strong>quia</strong></span> <span class='ocrx_word' id='word_1_678' title='bbox 2390 4497 2646 4553; x_wconf 85' lang='lat' dir='ltr'><strong>Dominus</strong></span> <span class='ocrx_word' id='word_1_679' title='bbox 2677 4511 2791 4554; x_wconf 89' lang='lat' dir='ltr'><strong>erat</strong></span> <span class='ocrx_word' id='word_1_680' title='bbox 2818 4477 2871 4555; x_wconf 80' lang='lat' dir='ltr'><strong>in</strong></span> <span class='ocrx_word' id='word_1_681' title='bbox 2913 4504 3078 4559; x_wconf 89' lang='lat' dir='ltr'><strong>nobis.</strong></span> 
     </span>
    </p>
   </div>
   <div class='ocr_carea' id='block_1_90' title="bbox 761 4573 2378 4658">
    <p class='ocr_par' dir='ltr' id='par_1_90' title="bbox 761 4573 2378 4641">
     <span class='ocr_line' id='line_1_94' title="bbox 761 4573 2378 4641; baseline 0.006 -17"><span class='ocrx_word' id='word_1_682' title='bbox 761 4573 1080 4635; x_wconf 84' lang='grc' dir='ltr'>Ὑπόθεσις.</span> <span class='ocrx_word' id='word_1_683' title='bbox 2373 4632 2378 4641; x_wconf 23' lang='grc'><strong>1</strong></span> 
     </span>
    </p>
   </div>
   <div class='ocr_carea' id='block_1_91' title="bbox 1152 4573 2769 4658">
    <p class='ocr_par' dir='ltr' id='par_1_91' title="bbox 2373 4591 2769 4658">
     <span class='ocr_line' id='line_1_95' title="bbox 2373 4591 2769 4658; baseline 0.005 -17"><span class='ocrx_word' id='word_1_684' title='bbox 2373 4591 2769 4658; x_wconf 77' lang='lat' dir='ltr'><strong>Argumentum.</strong></span> 
     </span>
    </p>
   </div>
   <div class='ocr_carea' id='block_1_92' title="bbox 138 4656 1755 4753">
    <p class='ocr_par' dir='ltr' id='par_1_92' title="bbox 138 4656 1696 4732">
     <span class='ocr_line' id='line_1_96' title="bbox 138 4656 1696 4732; baseline 0.004 -23"><span class='ocrx_word' id='word_1_685' title='bbox 138 4656 241 4728; x_wconf 79' lang='grc' dir='ltr'><strong>τὴν</strong></span> <span class='ocrx_word' id='word_1_686' title='bbox 261 4658 523 4729; x_wconf 79' lang='grc' dir='ltr'>πέμπτην</span> <span class='ocrx_word' id='word_1_687' title='bbox 544 4658 685 4731; x_wconf 80' lang='grc' dir='ltr'>ᾠδὴν</span> <span class='ocrx_word' id='word_1_688' title='bbox 703 4660 915 4731; x_wconf 82' lang='grc' dir='ltr'>ᾄδοντες</span> <span class='ocrx_word' id='word_1_689' title='bbox 937 4662 986 4713; x_wconf 86' lang='grc' dir='ltr'>οἱ</span> <span class='ocrx_word' id='word_1_690' title='bbox 1011 4661 1294 4725; x_wconf 75' lang='grc' dir='ltr'>ἐπιϐάντες</span> <span class='ocrx_word' id='word_1_691' title='bbox 1313 4664 1411 4732; x_wconf 82' lang='grc' dir='ltr'>τῆς</span> <span class='ocrx_word' id='word_1_692' title='bbox 1440 4663 1696 4725; x_wconf 81' lang='grc' dir='ltr'>Ἰουδαίας</span> 
     </span>
    </p>
   </div>
   <div class='ocr_carea' id='block_1_93' title="bbox 1743 4656 3360 4753">
    <p class='ocr_par' dir='ltr' id='par_1_93' title="bbox 1795 4672 3360 4753">
     <span class='ocr_line' id='line_1_97' title="bbox 1795 4672 3360 4753; baseline 0.013 -27"><span class='ocrx_word' id='word_1_693' title='bbox 1795 4672 2051 4740; x_wconf 89' lang='lat' dir='ltr'><strong>Quintum</strong></span> <span class='ocrx_word' id='word_1_694' title='bbox 2080 4677 2349 4732; x_wconf 86' lang='lat' dir='ltr'><strong>canticum</strong></span> <span class='ocrx_word' id='word_1_695' title='bbox 2377 4694 2634 4737; x_wconf 83' lang='lat' dir='ltr'><strong>canentes</strong></span> <span class='ocrx_word' id='word_1_696' title='bbox 2667 4685 2758 4753; x_wconf 89' lang='lat' dir='ltr'><strong>qui</strong></span> <span class='ocrx_word' id='word_1_697' title='bbox 2790 4685 2841 4738; x_wconf 91' lang='lat' dir='ltr'><strong>in</strong></span> <span class='ocrx_word' id='word_1_698' title='bbox 2886 4687 3127 4742; x_wconf 72' lang='lat' dir='ltr'><strong>Judzeam</strong></span> <span class='ocrx_word' id='word_1_699' title='bbox 3166 4705 3360 4747; x_wconf 87' lang='lat' dir='ltr'><strong>ascen-</strong></span> 
     </span>
    </p>
   </div>
   <div class='ocr_carea' id='block_1_94' title="bbox 198 4748 1815 4847">
    <p class='ocr_par' dir='ltr' id='par_1_94' title="bbox 198 4748 1695 4823">
     <span class='ocr_line' id='line_1_98' title="bbox 198 4748 1695 4823; baseline 0.005 -24"><span class='ocrx_word' id='word_1_700' title='bbox 198 4748 319 4817; x_wconf 76' lang='grc' dir='ltr'><strong>γῆς,</strong></span> <span class='ocrx_word' id='word_1_701' title='bbox 348 4748 516 4816; x_wconf 81' lang='grc' dir='ltr'>εὐχὰς</span> <span class='ocrx_word' id='word_1_702' title='bbox 548 4750 979 4819; x_wconf 77' lang='grc' dir='ltr'>ἀναπέμπουσιν,</span> <span class='ocrx_word' id='word_1_703' title='bbox 1010 4752 1093 4819; x_wconf 78' lang='grc' dir='ltr'><strong>ἐφ’</strong></span> <span class='ocrx_word' id='word_1_704' title='bbox 1113 4748 1193 4815; x_wconf 77' lang='grc' dir='ltr'>οἷς</span> <span class='ocrx_word' id='word_1_705' title='bbox 1220 4751 1561 4823; x_wconf 76' lang='grc' dir='ltr'>ἐρρύσθησαν</span> <span class='ocrx_word' id='word_1_706' title='bbox 1590 4755 1695 4808; x_wconf 81' lang='grc' dir='ltr'><strong>ἀπὸ</strong></span> 
     </span>
    </p>
   </div>
   <div class='ocr_carea' id='block_1_95' title="bbox 1740 4748 3357 4847">
    <p class='ocr_par' dir='ltr' id='par_1_95' title="bbox 1862 4748 3357 4847">
     <span class='ocr_line' id='line_1_99' title="bbox 1862 4748 3357 4847; baseline 0.009 -26"><span class='ocrx_word' id='word_1_707' title='bbox 1862 4767 2073 4827; x_wconf 87' lang='lat' dir='ltr'><strong>derunt,</strong></span> <span class='ocrx_word' id='word_1_708' title='bbox 2113 4781 2294 4835; x_wconf 90' lang='lat' dir='ltr'><strong>preces</strong></span> <span class='ocrx_word' id='word_1_709' title='bbox 2333 4774 2604 4839; x_wconf 83' lang='lat' dir='ltr'><strong>emittunt,</strong></span> <span class='ocrx_word' id='word_1_710' title='bbox 2653 4748 2719 4829; x_wconf 79' lang='lat' dir='ltr'><strong>eo</strong></span> <span class='ocrx_word' id='word_1_711' title='bbox 2760 4780 2902 4847; x_wconf 83' lang='lat' dir='ltr'><strong>quod</strong></span> <span class='ocrx_word' id='word_1_712' title='bbox 2939 4779 3147 4832; x_wconf 89' lang='lat' dir='ltr'><strong>liberati</strong></span> <span class='ocrx_word' id='word_1_713' title='bbox 3181 4780 3291 4834; x_wconf 83' lang='lat' dir='ltr'><strong>sint</strong></span> <span class='ocrx_word' id='word_1_714' title='bbox 3330 4798 3357 4834; x_wconf 90' lang='lat' dir='ltr'><strong>a</strong></span> 
     </span>
    </p>
   </div>
   <div class='ocr_carea' id='block_1_96' title="bbox 194 4838 1811 4939">
    <p class='ocr_par' dir='ltr' id='par_1_96' title="bbox 194 4838 1458 4916">
     <span class='ocr_line' id='line_1_100' title="bbox 194 4838 1458 4916; baseline 0.008 -27"><span class='ocrx_word' id='word_1_715' title='bbox 194 4838 291 4909; x_wconf 83' lang='grc' dir='ltr'>τῆς</span> <span class='ocrx_word' id='word_1_716' title='bbox 330 4838 710 4908; x_wconf 82' lang='grc' dir='ltr'>αἰχμαλωσίας</span> <span class='ocrx_word' id='word_1_717' title='bbox 740 4844 828 4895; x_wconf 80' lang='grc' dir='ltr'><strong>καὶ</strong></span> <span class='ocrx_word' id='word_1_718' title='bbox 857 4843 962 4895; x_wconf 86' lang='grc' dir='ltr'><strong>τῶν</strong></span> <span class='ocrx_word' id='word_1_719' title='bbox 998 4845 1197 4913; x_wconf 80' lang='grc' dir='ltr'>μεταξὺ</span> <span class='ocrx_word' id='word_1_720' title='bbox 1231 4844 1458 4916; x_wconf 89' lang='grc' dir='ltr'>ἐχθρῶν.</span> 
     </span>
    </p>
   </div>
   <div class='ocr_carea' id='block_1_97' title="bbox 1736 4838 3353 4939">
    <p class='ocr_par' dir='ltr' id='par_1_97' title="bbox 1858 4838 3353 4939">
     <span class='ocr_line' id='line_1_101' title="bbox 1858 4838 3353 4939; baseline 0.009 -27"><span class='ocrx_word' id='word_1_721' title='bbox 1858 4858 2179 4929; x_wconf 86' lang='lat' dir='ltr'><strong>captivitate,</strong></span> <span class='ocrx_word' id='word_1_722' title='bbox 2204 4869 2258 4915; x_wconf 90' lang='lat' dir='ltr'><strong>et</strong></span> <span class='ocrx_word' id='word_1_723' title='bbox 2284 4861 2353 4915; x_wconf 88' lang='lat' dir='ltr'><strong>ab</strong></span> <span class='ocrx_word' id='word_1_724' title='bbox 2377 4864 2611 4919; x_wconf 89' lang='lat' dir='ltr'><strong>inimicis</strong></span> <span class='ocrx_word' id='word_1_725' title='bbox 2627 4881 2763 4935; x_wconf 81' lang='lat' dir='ltr'><strong>quos</strong></span> <span class='ocrx_word' id='word_1_726' title='bbox 2779 4838 2977 4937; x_wconf 73' lang='lat' dir='ltr'><strong>postea</strong></span> <span class='ocrx_word' id='word_1_727' title='bbox 3003 4884 3353 4939; x_wconf 81' lang='lat' dir='ltr'><strong>superarunt.</strong></span> 
     </span>
    </p>
   </div>
   <div class='ocr_carea' id='block_1_98' title="bbox 442 4930 2059 5025">
    <p class='ocr_par' dir='ltr' id='par_1_98' title="bbox 442 4930 1389 5002">
     <span class='ocr_line' id='line_1_102' title="bbox 442 4930 1389 5002; baseline 0.011 -21"><span class='ocrx_word' id='word_1_728' title='bbox 442 4930 582 4999; x_wconf 79' lang='grc' dir='ltr'><strong>’ῼδὴ</strong></span> <span class='ocrx_word' id='word_1_729' title='bbox 620 4932 736 4985; x_wconf 79' lang='grc' dir='ltr'>τῶν</span> <span class='ocrx_word' id='word_1_730' title='bbox 764 4933 1133 5002; x_wconf 77' lang='grc' dir='ltr'>ἀναϐαθμῶν.</span> <span class='ocrx_word' id='word_1_731' title='bbox 1203 4938 1338 4991; x_wconf 82' lang='grc' dir='ltr'><strong>ΡΚΔ</strong></span> <span class='ocrx_word' id='word_1_732' title='bbox 1360 4944 1389 4990; x_wconf 89' lang='grc'>’.</span> 
     </span>
    </p>
   </div>
   <div class='ocr_carea' id='block_1_99' title="bbox 1405 4930 3022 5025">
    <p class='ocr_par' dir='ltr' id='par_1_99' title="bbox 2102 4930 3022 5025">
     <span class='ocr_line' id='line_1_103' title="bbox 2102 4930 3022 5025; baseline 0.013 -22"><span class='ocrx_word' id='word_1_733' title='bbox 2102 4950 2377 5006; x_wconf 86' lang='lat' dir='ltr'><strong>Canticum</strong></span> <span class='ocrx_word' id='word_1_734' title='bbox 2427 4930 2707 5025; x_wconf 77' lang='lat' dir='ltr'><strong>graduum.</strong></span> <span class='ocrx_word' id='word_1_735' title='bbox 2763 4930 3022 5015; x_wconf 74' lang='lat' dir='ltr'><strong>CXXIV.</strong></span> 
     </span>
    </p>
   </div>
   <div class='ocr_carea' id='block_1_100' title="bbox 248 5022 1865 5113">
    <p class='ocr_par' dir='ltr' id='par_1_100' title="bbox 248 5022 1545 5096">
     <span class='ocr_line' id='line_1_104' title="bbox 248 5022 1545 5096; baseline 0.008 -23"><span class='ocrx_word' id='word_1_736' title='bbox 248 5024 313 5075; x_wconf 77' lang='lat' dir='ltr'><strong>Oi</strong></span> <span class='ocrx_word' id='word_1_737' title='bbox 346 5022 694 5088; x_wconf 74' lang='grc' dir='ltr'>πεποιθότες</span> <span class='ocrx_word' id='word_1_738' title='bbox 727 5024 824 5077; x_wconf 76' lang='grc' dir='ltr'><strong>ἐπὶ</strong></span> <span class='ocrx_word' id='word_1_739' title='bbox 857 5026 1074 5092; x_wconf 80' lang='grc' dir='ltr'>Κύριον</span> <span class='ocrx_word' id='word_1_740' title='bbox 1103 5028 1183 5093; x_wconf 87' lang='grc' dir='ltr'>ὡς</span> <span class='ocrx_word' id='word_1_741' title='bbox 1211 5027 1345 5096; x_wconf 84' lang='grc' dir='ltr'>ὅρος</span> <span class='ocrx_word' id='word_1_742' title='bbox 1376 5028 1545 5084; x_wconf 77' lang='grc' dir='ltr'>Σιών.</span> 
     </span>
    </p>
   </div>
   <div class='ocr_carea' id='block_1_101' title="bbox 1583 5022 3200 5113">
    <p class='ocr_par' dir='ltr' id='par_1_101' title="bbox 1926 5042 3200 5113">
     <span class='ocr_line' id='line_1_105' title="bbox 1926 5042 3200 5113; baseline 0.013 -20"><span class='ocrx_word' id='word_1_743' title='bbox 1926 5042 2027 5107; x_wconf 76' lang='grc' dir='ltr'>ραι</span> <span class='ocrx_word' id='word_1_744' title='bbox 2058 5046 2327 5113; x_wconf 82' lang='lat' dir='ltr'><strong>conﬁdunt</strong></span> <span class='ocrx_word' id='word_1_745' title='bbox 2353 5049 2405 5100; x_wconf 89' lang='lat' dir='ltr'><strong>in</strong></span> <span class='ocrx_word' id='word_1_746' title='bbox 2435 5048 2657 5103; x_wconf 83' lang='lat' dir='ltr'><strong>Domino</strong></span> <span class='ocrx_word' id='word_1_747' title='bbox 2683 5053 2817 5105; x_wconf 79' lang='lat' dir='ltr'><strong>sicut</strong></span> <span class='ocrx_word' id='word_1_748' title='bbox 2864 5070 3010 5108; x_wconf 88' lang='lat' dir='ltr'><strong>mons</strong></span> <span class='ocrx_word' id='word_1_749' title='bbox 3055 5054 3200 5110; x_wconf 85' lang='lat' dir='ltr'><strong>Sion.</strong></span> 
     </span>
    </p>
   </div>
   <div class='ocr_carea' id='block_1_102' title="bbox 745 5114 2362 5209">
    <p class='ocr_par' dir='ltr' id='par_1_102' title="bbox 745 5114 2362 5190">
     <span class='ocr_line' id='line_1_106' title="bbox 745 5114 2362 5190; baseline 0.014 -23"><span class='ocrx_word' id='word_1_750' title='bbox 745 5114 758 5133; x_wconf 86' lang='lat'><strong>&#39;</strong></span> <span class='ocrx_word' id='word_1_751' title='bbox 772 5117 1074 5179; x_wconf 75' lang='grc' dir='ltr'>Υπόθεσις.</span> <span class='ocrx_word' id='word_1_752' title='bbox 2359 5182 2362 5190; x_wconf 93' lang='grc'><strong>.</strong></span> 
     </span>
    </p>
   </div>
   <div class='ocr_carea' id='block_1_103' title="bbox 1137 5114 2754 5209">
    <p class='ocr_par' dir='ltr' id='par_1_103' title="bbox 2359 5140 2754 5209">
     <span class='ocr_line' id='line_1_107' title="bbox 2359 5140 2754 5209; baseline 0.015 -19"><span class='ocrx_word' id='word_1_753' title='bbox 2359 5140 2399 5191; x_wconf 83' lang='grc' dir='ltr'><em>Α</em></span> <span class='ocrx_word' id='word_1_754' title='bbox 2410 5154 2754 5209; x_wconf 81' lang='lat' dir='ltr'><strong>rgumentum.</strong></span> 
     </span>
    </p>
   </div>
   <div class='ocr_carea' id='block_1_104' title="bbox 132 5200 1749 5309">
    <p class='ocr_par' dir='ltr' id='par_1_104' title="bbox 132 5200 1687 5281">
     <span class='ocr_line' id='line_1_108' title="bbox 132 5200 1687 5281; baseline 0.007 -28"><span class='ocrx_word' id='word_1_755' title='bbox 132 5200 228 5271; x_wconf 69' lang='grc' dir='ltr'><strong>Τὴν</strong></span> <span class='ocrx_word' id='word_1_756' title='bbox 255 5202 426 5273; x_wconf 70' lang='grc' dir='ltr'>ἕκτην</span> <span class='ocrx_word' id='word_1_757' title='bbox 451 5204 593 5275; x_wconf 82' lang='grc' dir='ltr'>ᾠδὴν</span> <span class='ocrx_word' id='word_1_758' title='bbox 623 5204 835 5275; x_wconf 75' lang='grc' dir='ltr'>ᾅδουσιν</span> <span class='ocrx_word' id='word_1_759' title='bbox 863 5207 948 5259; x_wconf 86' lang='grc' dir='ltr'>ἐπ’</span> <span class='ocrx_word' id='word_1_760' title='bbox 972 5207 1102 5260; x_wconf 73' lang='grc' dir='ltr'>αὐτὸ</span> <span class='ocrx_word' id='word_1_761' title='bbox 1128 5208 1189 5260; x_wconf 81' lang='grc' dir='ltr'><strong>τὸ</strong></span> <span class='ocrx_word' id='word_1_762' title='bbox 1210 5208 1537 5279; x_wconf 75' lang='grc' dir='ltr'>ποθούμενον</span> <span class='ocrx_word' id='word_1_763' title='bbox 1565 5213 1687 5281; x_wconf 78' lang='grc' dir='ltr'>ὅρος</span> 
     </span>
    </p>
   </div>
   <div class='ocr_carea' id='block_1_105' title="bbox 1736 5200 3353 5309">
    <p class='ocr_par' dir='ltr' id='par_1_105' title="bbox 1786 5226 3345 5309">
     <span class='ocr_line' id='line_1_109' title="bbox 1786 5226 3345 5309; baseline 0.011 -30"><span class='ocrx_word' id='word_1_764' title='bbox 1786 5226 2004 5281; x_wconf 78' lang='lat' dir='ltr'><strong>Sextum</strong></span> <span class='ocrx_word' id='word_1_765' title='bbox 2037 5231 2305 5284; x_wconf 87' lang='lat' dir='ltr'><strong>canticum</strong></span> <span class='ocrx_word' id='word_1_766' title='bbox 2335 5246 2560 5300; x_wconf 86' lang='lat' dir='ltr'><strong>canunt,</strong></span> <span class='ocrx_word' id='word_1_767' title='bbox 2592 5243 2881 5305; x_wconf 89' lang='lat' dir='ltr'><strong>postquam</strong></span> <span class='ocrx_word' id='word_1_768' title='bbox 2900 5237 2968 5291; x_wconf 84' lang='lat' dir='ltr'><strong>ad</strong></span> <span class='ocrx_word' id='word_1_769' title='bbox 3004 5237 3181 5309; x_wconf 88' lang='lat' dir='ltr'><strong>ipsum</strong></span> <span class='ocrx_word' id='word_1_770' title='bbox 3200 5239 3345 5295; x_wconf 89' lang='lat' dir='ltr'><strong>desi-</strong></span> 
     </span>
    </p>
   </div>
   <div class='ocr_carea' id='block_1_106' title="bbox 190 5291 1807 5394">
    <p class='ocr_par' dir='ltr' id='par_1_106' title="bbox 190 5291 1681 5371">
     <span class='ocr_line' id='line_1_110' title="bbox 190 5291 1681 5371; baseline 0.009 -25"><span class='ocrx_word' id='word_1_771' title='bbox 190 5296 493 5364; x_wconf 78' lang='grc' dir='ltr'>γενόμενοι.</span> <span class='ocrx_word' id='word_1_772' title='bbox 552 5291 683 5350; x_wconf 82' lang='grc' dir='ltr'>Εἶτα</span> <span class='ocrx_word' id='word_1_773' title='bbox 760 5298 990 5366; x_wconf 80' lang='grc' dir='ltr'>ὁρῶντες</span> <span class='ocrx_word' id='word_1_774' title='bbox 1024 5298 1121 5370; x_wconf 81' lang='grc' dir='ltr'>τὴν</span> <span class='ocrx_word' id='word_1_775' title='bbox 1164 5301 1316 5354; x_wconf 78' lang='grc' dir='ltr'>πόλιν</span> <span class='ocrx_word' id='word_1_776' title='bbox 1363 5302 1681 5371; x_wconf 85' lang='grc' dir='ltr'>ἀτείχιστον,</span> 
     </span>
    </p>
   </div>
   <div class='ocr_carea' id='block_1_107' title="bbox 1723 5291 3340 5394">
    <p class='ocr_par' dir='ltr' id='par_1_107' title="bbox 1851 5319 3340 5394">
     <span class='ocr_line' id='line_1_111' title="bbox 1851 5319 3340 5394; baseline 0.009 -22"><span class='ocrx_word' id='word_1_777' title='bbox 1851 5319 2091 5375; x_wconf 86' lang='lat' dir='ltr'><strong>deratum</strong></span> <span class='ocrx_word' id='word_1_778' title='bbox 2144 5332 2380 5377; x_wconf 90' lang='lat' dir='ltr'><strong>montem</strong></span> <span class='ocrx_word' id='word_1_779' title='bbox 2425 5336 2799 5394; x_wconf 88' lang='lat' dir='ltr'><strong>pervenerant.</strong></span> <span class='ocrx_word' id='word_1_780' title='bbox 2852 5326 3054 5384; x_wconf 89' lang='lat' dir='ltr'><strong>Deinde</strong></span> <span class='ocrx_word' id='word_1_781' title='bbox 3098 5331 3340 5387; x_wconf 82' lang='lat' dir='ltr'><strong>videntes</strong></span> 
     </span>
    </p>
   </div>
   <div class='ocr_carea' id='block_1_108' title="bbox 190 5387 1807 5490">
    <p class='ocr_par' dir='ltr' id='par_1_108' title="bbox 190 5387 1683 5465">
     <span class='ocr_line' id='line_1_112' title="bbox 190 5387 1683 5465; baseline 0.008 -27"><span class='ocrx_word' id='word_1_782' title='bbox 190 5390 372 5457; x_wconf 85' lang='grc' dir='ltr'>τεῖχος</span> <span class='ocrx_word' id='word_1_783' title='bbox 400 5387 537 5457; x_wconf 78' lang='grc' dir='ltr'>αὐτῇ</span> <span class='ocrx_word' id='word_1_784' title='bbox 566 5388 667 5457; x_wconf 79' lang='grc' dir='ltr'>τὴν</span> <span class='ocrx_word' id='word_1_785' title='bbox 711 5388 803 5441; x_wconf 84' lang='grc' dir='ltr'><strong>τοῦ</strong></span> <span class='ocrx_word' id='word_1_786' title='bbox 854 5391 1057 5462; x_wconf 82' lang='grc' dir='ltr'>Κυρίου</span> <span class='ocrx_word' id='word_1_787' title='bbox 1088 5394 1402 5465; x_wconf 76' lang='grc' dir='ltr'>ἐπικουρίαν</span> <span class='ocrx_word' id='word_1_788' title='bbox 1437 5393 1683 5465; x_wconf 76' lang='grc' dir='ltr'>εὖχονται</span> 
     </span>
    </p>
   </div>
   <div class='ocr_carea' id='block_1_109' title="bbox 1723 5387 3340 5490">
    <p class='ocr_par' dir='ltr' id='par_1_109' title="bbox 1849 5387 3340 5490">
     <span class='ocr_line' id='line_1_113' title="bbox 1849 5387 3340 5490; baseline 0.009 -27"><span class='ocrx_word' id='word_1_789' title='bbox 1849 5411 2036 5465; x_wconf 85' lang='lat' dir='ltr'><strong>urbem</strong></span> <span class='ocrx_word' id='word_1_790' title='bbox 2070 5412 2273 5480; x_wconf 88' lang='lat' dir='ltr'><strong>absque</strong></span> <span class='ocrx_word' id='word_1_791' title='bbox 2304 5387 2495 5481; x_wconf 80' lang='lat' dir='ltr'><strong>muris,</strong></span> <span class='ocrx_word' id='word_1_792' title='bbox 2532 5432 2747 5472; x_wconf 89' lang='lat' dir='ltr'><strong>murum</strong></span> <span class='ocrx_word' id='word_1_793' title='bbox 2780 5416 2881 5487; x_wconf 89' lang='lat' dir='ltr'><strong>ipsi</strong></span> <span class='ocrx_word' id='word_1_794' title='bbox 2927 5417 3041 5475; x_wconf 86' lang='lat' dir='ltr'><strong>fore</strong></span> <span class='ocrx_word' id='word_1_795' title='bbox 3066 5421 3340 5490; x_wconf 85' lang='lat' dir='ltr'><strong>postulant</strong></span> 
     </span>
    </p>
   </div>
   <div class='ocr_carea' id='block_1_110' title="bbox 185 5477 1802 5581">
    <p class='ocr_par' dir='ltr' id='par_1_110' title="bbox 185 5477 1680 5557">
     <span class='ocr_line' id='line_1_114' title="bbox 185 5477 1680 5557; baseline 0.007 -28"><span class='ocrx_word' id='word_1_796' title='bbox 185 5478 461 5544; x_wconf 84' lang='grc' dir='ltr'>γενέσθαι,</span> <span class='ocrx_word' id='word_1_797' title='bbox 495 5477 648 5546; x_wconf 75' lang='grc' dir='ltr'>φησὶ,</span> <span class='ocrx_word' id='word_1_798' title='bbox 672 5480 766 5533; x_wconf 78' lang='grc' dir='ltr'><strong>καὶ</strong></span> <span class='ocrx_word' id='word_1_799' title='bbox 799 5480 904 5552; x_wconf 86' lang='grc' dir='ltr'>μὴν</span> <span class='ocrx_word' id='word_1_800' title='bbox 930 5484 1023 5535; x_wconf 77' lang='grc' dir='ltr'><strong>καὶ</strong></span> <span class='ocrx_word' id='word_1_801' title='bbox 1048 5483 1157 5537; x_wconf 88' lang='grc' dir='ltr'><strong>τῶν</strong></span> <span class='ocrx_word' id='word_1_802' title='bbox 1185 5483 1393 5556; x_wconf 86' lang='grc' dir='ltr'>ἐχθρῶν</span> <span class='ocrx_word' id='word_1_803' title='bbox 1421 5484 1680 5557; x_wconf 73' lang='grc' dir='ltr'>θαρροῦσι</span> 
     </span>
    </p>
   </div>
   <div class='ocr_carea' id='block_1_111' title="bbox 1725 5477 3342 5581">
    <p class='ocr_par' dir='ltr' id='par_1_111' title="bbox 1850 5503 3342 5581">
     <span class='ocr_line' id='line_1_115' title="bbox 1850 5503 3342 5581; baseline 0.01 -26"><span class='ocrx_word' id='word_1_804' title='bbox 1850 5503 2064 5559; x_wconf 82' lang='lat' dir='ltr'><strong>Domini</strong></span> <span class='ocrx_word' id='word_1_805' title='bbox 2093 5507 2380 5573; x_wconf 78' lang='lat' dir='ltr'><strong>auxilium,</strong></span> <span class='ocrx_word' id='word_1_806' title='bbox 2406 5510 2604 5581; x_wconf 90' lang='lat' dir='ltr'><strong>inquit,</strong></span> <span class='ocrx_word' id='word_1_807' title='bbox 2640 5528 2703 5569; x_wconf 90' lang='lat' dir='ltr'><strong>ac</strong></span> <span class='ocrx_word' id='word_1_808' title='bbox 2729 5512 3074 5569; x_wconf 90' lang='lat' dir='ltr'><strong>inimicorum</strong></span> <span class='ocrx_word' id='word_1_809' title='bbox 3107 5513 3342 5570; x_wconf 76' lang='lat' dir='ltr'><strong>insidias</strong></span> 
     </span>
    </p>
   </div>
   <div class='ocr_carea' id='block_1_112' title="bbox 185 5568 1802 5667">
    <p class='ocr_par' dir='ltr' id='par_1_112' title="bbox 185 5568 1676 5648">
     <span class='ocr_line' id='line_1_116' title="bbox 185 5568 1676 5648; baseline 0.006 -25"><span class='ocrx_word' id='word_1_810' title='bbox 185 5568 468 5639; x_wconf 74' lang='grc' dir='ltr'>διαφυγεῖν</span> <span class='ocrx_word' id='word_1_811' title='bbox 499 5568 598 5632; x_wconf 73' lang='grc' dir='ltr'>τὰς</span> <span class='ocrx_word' id='word_1_812' title='bbox 628 5570 939 5635; x_wconf 77' lang='grc' dir='ltr'>ἐπιϐουλάς·</span> <span class='ocrx_word' id='word_1_813' title='bbox 973 5573 1029 5638; x_wconf 79' lang='grc' dir='ltr'>ἐξ</span> <span class='ocrx_word' id='word_1_814' title='bbox 1058 5577 1225 5648; x_wconf 72' lang='grc' dir='ltr'>αὐτῆς</span> <span class='ocrx_word' id='word_1_815' title='bbox 1252 5576 1305 5628; x_wconf 79' lang='grc' dir='ltr'><strong>δὲ</strong></span> <span class='ocrx_word' id='word_1_816' title='bbox 1328 5578 1425 5647; x_wconf 77' lang='grc' dir='ltr'>τῆς</span> <span class='ocrx_word' id='word_1_817' title='bbox 1460 5580 1676 5632; x_wconf 78' lang='grc' dir='ltr'>ἐπικου-</span> 
     </span>
    </p>
   </div>
   <div class='ocr_carea' id='block_1_113' title="bbox 1724 5568 3341 5667">
    <p class='ocr_par' dir='ltr' id='par_1_113' title="bbox 1845 5595 3341 5667">
     <span class='ocr_line' id='line_1_117' title="bbox 1845 5595 3341 5667; baseline 0.007 -19"><span class='ocrx_word' id='word_1_818' title='bbox 1845 5595 2077 5667; x_wconf 74' lang='lat' dir='ltr'><strong>etl‘ugere</strong></span> <span class='ocrx_word' id='word_1_819' title='bbox 2092 5612 2251 5667; x_wconf 86' lang='lat' dir='ltr'><strong>posse</strong></span> <span class='ocrx_word' id='word_1_820' title='bbox 2268 5601 2544 5658; x_wconf 82' lang='lat' dir='ltr'><strong>confidunt</strong></span> <span class='ocrx_word' id='word_1_821' title='bbox 2570 5621 2665 5660; x_wconf 78' lang='lat' dir='ltr'><strong>:ex</strong></span> <span class='ocrx_word' id='word_1_822' title='bbox 2682 5606 2869 5661; x_wconf 89' lang='lat' dir='ltr'><strong>eodem</strong></span> <span class='ocrx_word' id='word_1_823' title='bbox 2889 5606 3148 5662; x_wconf 87' lang='lat' dir='ltr'><strong>nimirum</strong></span> <span class='ocrx_word' id='word_1_824' title='bbox 3177 5606 3341 5661; x_wconf 80' lang='lat' dir='ltr'><strong>auxi-</strong></span> 
     </span>
    </p>
   </div>
   <div class='ocr_carea' id='block_1_114' title="bbox 187 5725 969 5790">
    <p class='ocr_par' dir='ltr' id='par_1_114' title="bbox 187 5725 969 5790">
     <span class='ocr_line' id='line_1_118' title="bbox 187 5725 969 5790; baseline 0.006 -12"><span class='ocrx_word' id='word_1_825' title='bbox 187 5726 229 5758; x_wconf 80' lang='grc'><strong>⁵⁶</strong></span> <span class='ocrx_word' id='word_1_826' title='bbox 258 5725 419 5780; x_wconf 74' lang='lat' dir='ltr'><strong>Rom.</strong></span> <span class='ocrx_word' id='word_1_827' title='bbox 452 5741 572 5790; x_wconf 79' lang='lat' dir='ltr'><strong>vm,</strong></span> <span class='ocrx_word' id='word_1_828' title='bbox 608 5726 696 5782; x_wconf 78' lang='grc'><strong>15.</strong></span> <span class='ocrx_word' id='word_1_829' title='bbox 774 5726 815 5758; x_wconf 88' lang='grc'><strong>⁸¹</strong></span> <span class='ocrx_word' id='word_1_830' title='bbox 846 5729 969 5783; x_wconf 85' lang='lat' dir='ltr'><strong>ibid.</strong></span> 
     </span>
    </p>
   </div>
  </div>
