4076 6308
703 353 809 410 515
1526 350 1581 403 S.
1630 346 2002 402 ATHANASII
2042 345 2192 399 OPP.
2235 345 2313 398 PA

2310 342 2415 396 lRS
2456 343 2541 396 ιιι.
2582 373 2646 381 -
2687 342 3090 396 ΕΧΕΕΕΤΞΩΛ.
3823 340 3920 400 516

768 473 844 529 lio
871 473 985 540 Dei,
1021 492 1039 524 ι
1095 472 1188 543 qui
1217 488 1326 526 non
1358 473 1615 541 relinquit
1654 473 1861 540 virgam
1913 478 2269 537 peccatorum
2309 473 2356 528 Α

2327 473 2356 527 λ
2457 465 2574 536 ρίας
2604 464 2762 518 πάλιν
2780 465 2870 518 τοῦ
2887 465 3044 528 Θεοῦ,
3079 483 3096 516 ι
3126 465 3199 535 μὴ
3229 464 3476 534 ἀφιέντος
3492 463 3591 533 τὴν
3621 462 3817 533 ῥάϐδον
3841 463 3937 515 τῶν

775 580 937 636 super
958 573 1158 619 sortem
1177 562 1448 632 justorum
1483 573 1537 618 ct
1558 571 1870 618 sanctorum
1897 573 2124 614 suorum
2153 557 2222 606 ⁸³.
2254 574 2274 606 ι

2455 555 2792 626 ἁμαρτωλῶν
2828 556 2920 608 ἐπὶ
2963 556 3052 608 τὸν
3083 554 3282 626 κλῆρον
3317 555 3426 607 τῶν
3468 554 3694 607 δικαίων
3726 553 3939 606 καὶτῶν

2451 665 2618 716 αγιων
2648 665 2832 700 αυτου.
2870 668 2889 700 s

774 738 828 796 5.
889 737 1007 792 Pax
1035 753 1188 806 super
1216 736 1409 792 Israel.
1455 736 1566 790 Pax
1598 735 1741 789 enim
1774 749 1896 804 qua:
1935 746 2153 787 omnem
2187 745 2282 785 su-

2453 739 2680 807 Εἰρήνη
2714 739 2811 791 ἐπί
2867 737 2973 791 τὸν
3023 736 3278 807 Ἰσραήλ.
3344 737 3410 791 Ἥ
3454 736 3561 808 γὰρ
3611 736 3942 807 ὑπερέχουσα

705 844 858 905 perat
886 845 1120 891 mentem
1166 836 1321 901 ",ei
1377 837 1480 892 soli
1536 834 1698 888 datur
1756 833 1848 902 qui
1901 838 2084 886 mente
2119 830 2278 884 valet.

2382 829 2562 883 πάντα
2586 830 2710 884 νοῦν
2739 831 2925 900 εἰρήνη
2953 829 3092 898 μόνῳ
3112 829 3189 899 τῷ
3209 832 3332 882 νοῦν
3358 829 3528 899 ἔχοντι
3553 828 3772 880 δίδοται.
3794 827 3939 880 Ἀλλά

705 928 819 981 lmo
855 927 1018 981 etiam
1055 927 1246 983 deletis
1272 927 1506 982 inimicis
1541 927 1594 980 hi
1625 940 1758 995 pace
1794 922 2143 978 fruebantur.

2384 924 2475 976 καὶ
2505 917 2616 975 τῶν
2640 922 2910 993 πολεμίων
2939 922 3292 975 ἀπολωλότων
3313 961 3328 986 ,
3386 914 3531 973 οὗτοι
3570 920 3673 990 τῆς
3731 921 3938 991 εἰρήνης

2381 1014 2720 1086 ἀπήλαυσαν.

1049 1103 1321 1159 Canticum
1373 1105 1650 1173 graduum.
1720 1100 1942 1159 CXXV.

2706 1104 2842 1175 ’ῼδὴ
2869 1103 2984 1157 τῶν
3012 1101 3380 1171 ἀναϐαθμῶν.
3424 1103 3617 1156 PKE'.

1297 1196 1699 1264 Argumentum.

2997 1197 3007 1214 '
3024 1197 3329 1260 Υπόθεσις.

713 1281 1015 1354 Septimum
1043 1286 1316 1340 canticum
1356 1297 1555 1339 canunt
1589 1286 1679 1356 qui
1714 1300 1838 1339 cum
1881 1284 1947 1339 ad
1979 1285 2154 1354 ipsam
2183 1299 2280 1339 ur-

2382 1289 2492 1360 Τὴν
2527 1289 2758 1359 ἑϐδόμην
2791 1288 3005 1359 ᾁδουσιν
3037 1287 3174 1358 ᾠδὴν
3211 1289 3259 1338 οἰ
3290 1286 3350 1338 τὸ
3391 1285 3627 1353 ἀσφαλὲς
3654 1282 3939 1354 ἐσχηκότες

783 1373 901 1428 bem
935 1377 1294 1443 pervenerint,
1328 1376 1664 1429 liherationis
1697 1391 1725 1427 a
1773 1375 2089 1445 captivitate
2116 1376 2281 1430 certi-

2455 1383 2553 1450 τῆς
2582 1379 2896 1449 λυτρὼσεως
2924 1380 3011 1433 διὰ
3041 1380 3100 1432 τὸ
3135 1381 3190 1433 ὲν
3224 1380 3359 1449 αὐτῇ
3399 1377 3725 1446 γεγενῆσθαι
3758 1378 3824 1446 τῇ
3856 1376 3939 1428 πό-

786 1466 1025 1519 tudinem
1075 1465 1291 1518 habent.
1324 1465 1536 1534 Rogant
1575 1475 1755 1519 autem
1791 1481 1890 1534 pro
1927 1466 2150 1534 reliquis
2189 1464 2283 1534 qui

2452 1472 2551 1525 λει.
2595 1472 2974 1539 Παρακαλοῦσι
3006 1471 3062 1522 δὲ
3113 1471 3249 1541 ὑπὲρ
3294 1470 3401 1523 τῶν
3435 1467 3668 1534 λοιπῶν,
3726 1468 3835 1520 τῶν
3870 1469 3939 1520 ἔτι

786 1557 968 1611 adhuc
1015 1565 1172 1610 erant
1214 1557 1268 1611 in
1320 1557 1615 1628 Babylone,
1675 1566 1732 1611 ut
1785 1558 1888 1627 ipsi
1934 1559 2100 1612 etiam
2137 1556 2282 1612 redi-

2453 1561 2619 1614 ὅντων
2651 1565 2709 1615 ὲν
2736 1565 2802 1630 τῇ
2836 1561 3110 1614 Βαϐυλῶνι
3132 1599 3146 1622 ,
3175 1561 3318 1622 ὅπως
3351 1558 3417 1612 ἂν
3443 1559 3537 1612 καὶ
3563 1557 3719 1612 αὐτοὶ
3744 1557 3939 1628 λυτρω-

785 1655 1085 1703 merentur.

1041 1665 1085 1701 r.
2455 1651 2642 1706 Θῶσιν.

795 1743 846 1796 ί.
900 1741 965 1794 In
1008 1740 1348 1795 convertenda
1382 1740 1637 1794 Dominus
1668 1741 2021 1808 captivitatem
2049 1738 2178 1794 Sion
2207 1739 2284 1808 {a-
2320 1811 2339 1812 ί

2331 1811 2339 1812 7
2469 1744 2571 1797 Ἐν
2606 1741 2685 1807 τῷ
2728 1743 3081 1812 ἐπιστρέψαι
3124 1744 3340 1811 Κύριον
3382 1740 3496 1808 τὴν
3538 1739 3941 1810 αἰχμαλωσίαν

715 1833 787 1885 cti
813 1848 992 1886 sumus
1038 1832 1175 1885 sicut
1221 1832 1500 1886 consolati.
1566 1831 1688 1886 Hzec
1741 1832 1968 1900 apostoli
2033 1811 2325 1900 praenun-1

2330 1811 2357 1866 Β
2385 1830 2537 1887 Σιὼν
2565 1832 2928 1902 ἐγενήθημεν
2953 1833 3092 1886 ὡσεί
3116 1833 3642 1907 παρακεκλημένοι.
3699 1834 3763 1885 Οἱ
3820 1832 3940 1886 exc

717 1924 857 1977 tiant
881 1924 948 1976 de
983 1923 1176 1992 seipsis
1207 1934 1261 1977 et
1305 1923 1370 1976 de
1404 1922 1675 1992 gentibus.
1726 1919 1857 1974 Nam
1899 1921 2116 1974 Davidis
2153 1931 2287 1974 tem-

2387 1921 2560 1974 στολοι
2587 1922 2755 1974 ταῦτα
2795 1922 3220 1993 προφητεύονται
3246 1923 3371 1991 περὶ
3399 1923 3606 1974 ἑαυτῶν
3631 1924 3727 1974 καὶ
3756 1922 3861 1976 τῶν
3889 1924 3939 1974 tv

717 2027 848 2080 pore
875 2013 1020 2066 nulla
1067 2013 1352 2081 captivitas
1392 2021 1529 2066 erat.
1581 2011 1832 2067 Fortasse
1880 2027 2008 2066 vero
2061 2014 2175 2066 haec
2220 2012 2286 2066 de

2383 2014 2493 2075 τοῖς
2521 2012 2717 2065 ἔθνεσι.
2778 2014 2934 2066 Κατὰ
2965 2013 3073 2083 γὰρ
3106 2014 3232 2076 τοὺς
3261 2013 3355 2066 τοῦ
3387 2013 3549 2064 Δαυῒδ
3576 2014 3806 2082 χρόνους
3851 2015 3938 2067 οὒκ

718 2103 988 2172 spirituali
1054 2105 1371 2173 captivitate
1420 2103 1573 2157 dicit.
1648 2103 1782 2158 Illud
1834 2103 1980 2158 enim
2009 2145 2024 2170 ,
2073 2103 2282 2170 dicent,

2382 2096 2449 2172 ἦν
2475 2101 2835 2172 αἰχμαλωσία.
2893 2103 3042 2172 Τάχα
3079 2098 3171 2156 οὖν
3226 2103 3352 2173 περὶ
3401 2103 3500 2171 τῆς
3537 2104 3738 2172 νοητῆς
3782 2103 3939 2157 ταῦτα

719 2193 964 2249 futurum
997 2195 1308 2266 prophetice
1336 2195 1625 2264 signiﬁcat.

2384 2210 2535 2264 φησι.
2593 2193 2665 2246 Τὸ
2695 2191 2835 2264 γὰρ,
2890 2194 3125 2261 ἐροῦσι,
3170 2194 3515 2265 προφητικῶς
3543 2194 3603 2246 τὸ
3639 2195 3832 2264 μέλλον
3856 2196 3939 2264 δη-

2383 2285 2586 2342 λοῦται.

788 2371 904 2425 2-4.
960 2370 1102 2425 Tunc
1125 2371 1296 2426 dicent
1337 2372 1471 2426 inter
1511 2383 1728 2440 gentes:
1768 2370 2126 2440 Magniﬁcavit
2173 2369 2284 2422 Do-

2458 2375 2592 2426 Τότε
2620 2373 2864 2442 ἐροῦσιν
2895 2375 2965 2427 ἐν
2994 2374 3117 2440 τοῖς
3149 2374 3415 2428 ἔθνεσιν-⁸
3450 2373 3814 2443 Ἐμετύλυνε
3840 2373 3941 2425 Κύ-

721 2466 917 2529 minus,
955 2473 1058 2518 etc.
1098 2462 1211 2517 Hoc
1241 2478 1341 2517 nos
1388 2463 1575 2516 multis
1625 2462 1883 2533 lacrymis
1927 2462 2284 2532 deplorandos

2375 2481 2527 2533 ριος,
2545 2481 2599 2520 κ.
2621 2480 2671 2518 τ.
2692 2463 2740 2518 λ.
2761 2463 2928 2517 Τοῦτο
2941 2466 2996 2518 δὲ
3013 2468 3155 2536 ἡμᾶς
3172 2465 3604 2537 πολυθρηνήτους
3619 2481 3697 2516 πα
3706 2462 3775 2536 ρὰ
3790 2465 3940 2516 πᾶσιν

720 2569 840 2609 esse
869 2554 938 2607 ab
965 2553 1219 2607 omnibus
1262 2552 1549 2622 signiﬁcat.
1591 2550 1794 2608 Omnes
1838 2553 1982 2607 enim
2033 2552 2126 2606 Dei
2176 2567 2287 2606 ma-

2381 2552 2679 2624 ἀπέφηνεν.
2709 2554 2980 2617 ’Ἅπαντες
3009 2556 3115 2624 γὰρ
3142 2555 3239 2625 τὴν
3270 2555 3361 2608 τοῦ
3389 2553 3522 2608 Θεοῦ
3552 2551 3941 2624 μεγαλουργίαν

722 2644 1083 2714 gnilicentiam
1133 2643 1422 2710 mirantur,
1483 2644 1628 2713 quod
1682 2659 1781 2698 nos
1834 2659 1901 2698 ex
1952 2645 2146 2698 acerba
2193 2644 2282 2697 illa

2383 2643 2778 2713 Θαυμάζουσιν,
2822 2647 2903 2698 ὅτι
2934 2646 3029 2715 τῆς
3062 2648 3263 2717 πικρᾶς
3289 2647 3500 2715 ἐκείνης
3524 2647 3671 2715 ἡμᾶς
3714 2645 3941 2706 δουλείας

724 2738 984 2789 servitute
1013 2735 1346 2792 liberaverit.
1372 2733 1439 2788 Et
1460 2749 1557 2790 nos
1592 2735 1810 2804 quidem
1835 2734 2160 2796 clamamus,
2189 2748 2285 2787 ne-

2382 2734 2654 2806 ἀπήλλαξε
2676 2733 2689 2766 ⁴
2716 2737 2810 2789 καὶ
2832 2739 2990 2806 ἡμεῖς
3018 2737 3198 2808 μέντοι
3222 2737 3453 2808 βοῶμεν,
3479 2739 3539 2790 ού
3565 2737 3674 2808 γὰρ
3703 2736 3941 2804 ἀναισθη-

725 2840 833 2893 que
859 2827 1006 2882 enim
1053 2842 1308 2881 vacamus
1349 2842 1538 2890 sensu,
1592 2841 1716 2880 cum
1777 2827 2014 2895 reliquos
2042 2829 2283 2897 captivos

2382 2826 2583 2896 τοῦμεν
2605 2867 2619 2887 .
2655 2829 2703 2880 εἰ
2741 2829 2834 2880 καὶ
2871 2830 2943 2899 μὴ
2975 2829 3100 2892 τοὺς
3130 2829 3346 2893 λοιποὺς
3377 2829 3792 2899 ἀπειλήφαμεν·
3829 2829 3942 2895 περὶ

728 2921 969 2973 nondum
1028 2920 1417 2987 receperimus,
1469 2933 1566 2987 pro
1624 2919 1823 2988 quibus
1883 2921 1956 2974 ita
2016 2920 2284 2989 supplica-

2380 2911 2453 2971 ὧν
2487 2919 2795 2990 ἱκετεύομεν
2818 2919 3065 2988 λέγοντες
3090 2935 3103 2949 ·
3144 2920 3564 2989 Ἑπίστρεψον,
3596 2923 3808 2988 Κύριε,
3841 2919 3942 2986 τὴν

728 3026 848 3064 mus
877 3028 890 3063 :
922 3009 1188 3075 Converte,
1213 3009 1444 3074 Domine,
1487 3011 1843 3077 captivitatem
1872 3020 2107 3065 nostram
2149 3011 2282 3063 sicut

2382 3014 2792 3082 αἰχμαλωσίαν
2839 3012 3008 3081 ήμῶν
3051 3013 3131 3078 ὠς
3167 3014 3519 3082 χειμάρρους
3548 3014 3618 3065 ἐν
3663 3009 3748 3076 τῷ
3780 3013 3935 3078 νότῳ.

730 3111 929 3154 torrens
960 3101 1012 3153 in
1070 3110 1269 3154 austro.
1320 3098 1416 3153 His
1465 3100 1769 3171 signiﬁcant
1815 3117 2064 3172 magnam
2108 3101 2284 3157 adhuc
2313 3157 2340 3175 Α,

2328 3157 2350 3175 η
2385 3101 2608 3171 Δηλοῦσι
2637 3101 2698 3154 τὸ
2745 3102 2879 3154 πολὺ
2911 3101 3113 3170 πλῆθος
3146 3105 3498 3175 ὲναπομείναν
3545 3105 3602 3155 ὲν
3647 3101 3938 3161 Βαϐυλῶνι,

731 3195 1127 3248 multitudinem
1160 3195 1210 3245 in
1247 3192 1519 3264 Babylone
1551 3210 1856 3257 remanere,
1887 3195 1957 3247 ita
1987 3203 2047 3248 ut
2080 3193 2284 3248 reditus
2309 3157 2341 3213 ί

2331 3157 2350 3176 η
2447 3157 2457 3171 ι
3008 3157 3019 3170 ι
3093 3157 3109 3165 -
3317 3157 3329 3175 ,
3929 3157 3936 3161 .

2331 3192 2350 3213 ³
2383 3193 2458 3256 ὡς
2487 3194 2580 3246 καὶ
2605 3194 2703 3264 τὴν
2735 3193 3064 3264 ἐπιστροφὴν
3114 3193 3276 3246 αὐτοῦ
3296 3235 3310 3259 ,
3363 3194 3718 3265 παρεικάζων
3761 3195 3941 3254 αὐτοὺς

726 3289 846 3358 ejus
893 3287 1130 3358 Egyptii
1181 3286 1420 3339 ﬂuminis
1487 3286 1742 3340 decursui
1811 3286 2002 3340 similis
2054 3285 2284 3340 dicatur.

2385 3284 2461 3354 τῷ
2490 3284 2721 3354 ῥεύματι
2751 3284 2845 3337 τοῦ
2877 3284 3174 3352 Αἰγυπτίου
3207 3285 3474 3355 ποταμοῦ.
3521 3285 3692 3338 Νότον
3720 3287 3828 3356 γὰρ
3853 3287 3940 3354 τὴν

733 3381 932 3434 Auster
958 3379 1046 3432 hic
1075 3378 1348 3432 desertum
1381 3377 1598 3430 dicitur.

1193 3389 1348 3431 artum
1381 3377 1598 3430 dicitur.
2386 3375 2590 3446 ἔρημόν
2622 3393 2803 3445 φησιν.

800 3472 854 3536 5,
907 3469 959 3524 6.
1015 3469 1121 3536 Qui
1171 3471 1428 3523 seminam
1475 3471 1529 3522 in
1559 3468 1805 3538 lacrymis
1839 3468 1893 3520 in
1939 3466 2289 3521 exsultatione

2463 3470 2526 3519 Ol
2557 3468 2904 3534 σπείροντες
2932 3467 3001 3519 ἐν
3031 3467 3154 3533 τοῖς
3177 3466 3472 3536 δάκρυσίν
3501 3467 3570 3521 ὲν
3597 3468 3941 3537 ἀγαλλιάσει

731 3574 936 3617 nictent.
970 3561 1164 3615 Euntes
1204 3562 1348 3615 ibant
1385 3570 1432 3614 et
1461 3560 1674 3628 flebant.
1709 3559 2047 3629 Rogantibus
2077 3572 2176 3627 pro
2199 3573 2288 3613 re-

2388 3557 2668 3624 θεριοῦσι.
2734 3557 3123 3626 Πορευόμενοι
3165 3558 3516 3627 ἐπορεύοντο
3555 3560 3654 3613 καί
3685 3561 3938 3614 ἔκλαιον.

731 3655 911 3724 liquiis
941 3655 1299 3724 captivorum,
1334 3651 1623 3719 respondet
1651 3649 1883 3718 Spiritus
1922 3649 2286 3718 proliheticus,

2388 3648 2514 3712 Τοῖς
2561 3647 2874 3718 εὐξαμένοις
2920 3648 3047 3718 περὶ
3091 3647 3197 3701 τῶν
3234 3649 3574 3702 καταλοίπων
3601 3651 3941 3722 ἀποκρὲνεται

729 3756 785 3799 et
810 3745 924 3798 ait:
958 3744 1012 3798 Si
1050 3744 1297 3797 ﬁevcrint
1327 3758 1424 3812 pro
1455 3743 1522 3796 iis
1567 3741 1660 3810 qui
1695 3741 1748 3794 in
1795 3741 2065 3812 Babylone
2104 3756 2288 3812 snper-

2386 3737 2448 3790 τδ
2474 3739 2807 3810 προφητικὸν
2834 3737 3074 3807 Πνεῦμα,
3106 3737 3202 3792 καί
3227 3755 3409 3810 φησιν,
3436 3739 3541 3802 ὅτι,
3570 3739 3635 3791 Εἰ
3661 3741 3942 3794 κλαύσαιεν

732 3845 881 3901 sunt,
916 3835 1122 3891 reditus
1159 3833 1267 3887 illis
1291 3833 1634 3888 concedetur.

2389 3829 2528 3898 ὑπὲρ
2578 3827 2686 3880 τῶν
2737 3831 2793 3881 ἐν
2855 3828 3163 3896 Βαϐυλῶνι,
3221 3829 3369 3882 ἔσται
3417 3830 3508 3883 καὶ
3533 3830 3718 3895 αὐτοῖς
3749 3835 3782 3902 ή
3832 3834 3939 3884 ἑπι-

2391 3923 2622 3994 στροφὴ.

894 4011 1169 4066 Canticum
1218 4014 1478 4083 graduum
1533 4012 1824 4068 Salomoni.
1879 4013 2137 4070 CXXVI.
2477 4015 2504 4066 ’Δ

2477 4012 2614 4082 ’ῼδὴ
2650 4012 2767 4066 τῶν
2793 4012 3147 4083 ἀναϐαθμῶν
3173 4012 3253 4079 τῷ
3280 4013 3601 4084 Σολομῶνι.
3662 4015 3818 4080 PKC,’
3847 4050 3863 4066 .

1306 4104 1706 4174 Argumentum.

1696 4145 1706 4160 .
3002 4105 3306 4172 ’Υπόθεσις

732 4196 990 4251 Octavum
1019 4196 1233 4250 canitur
1270 4197 1541 4250 canticum
1574 4196 1736 4265 jactis
1764 4195 2128 4251 fundamentis
2157 4205 2292 4252 temo

2403 4197 2470 4251 Ἥ
2499 4197 2658 4269 ὀγδόη
2683 4197 2866 4270 ᾅδεται
2898 4198 3027 4270 ᾠδὴ,
3056 4197 3546 4269 κατασεὸλημένων
3576 4197 3678 4268 ἠδη
3731 4196 3839 4250 τῶν
3865 4196 3945 4250 Os-

804 4287 901 4356 pli,
940 4285 1291 4356 sperantibus
1315 4283 1516 4341 ludatis
1544 4284 1658 4341 fore
1692 4298 1752 4341 ut
1779 4287 2066 4343 :ndiﬁcium
2096 4289 2293 4344 immo-

2462 4289 2660 4360 μελίων
2705 4290 2799 4344 τοῦ
2847 4291 2993 4363 ἱεροῦ
3018 4308 3032 4322 ’
3068 4290 3392 4354 ἐλπιζόντων
3426 4289 3760 4344 ἀδιάσειστον
3812 4282 3945 4341 εἶναι

805 4387 922 4430 tum
962 4392 1176 4446 semper
1221 4386 1483 4432 maneret.
1531 4377 1784 4435 Latenter
1830 4379 1993 4449 igitur
2042 4395 2294 4449 praenun-

2457 4379 2521 4432 τὸ
2551 4379 2826 4450 τείχισμα.
2870 4379 3182 4450 Λεληθότως
3219 4373 3310 4431 οῦν
3344 4375 3672 4449 προφητεύει
3702 4375 3800 4447 τὴν
3832 4375 3947 4428 ισο-

816 4470 915 4524 tiat
944 4468 1185 4523 futurum
1216 4469 1335 4538 ejus
1362 4469 1539 4523 denuo
1579 4471 1679 4524 sub
1710 4469 1969 4525 Romanis
1996 4471 2287 4524 excidium.
2317 4489 2367 4551 υ

2336 4489 2367 4550 υ
2465 4468 2632 4540 μένην
2665 4469 2829 4522 αὑτοῦ
2869 4469 3074 4523 πτῶσιν
3104 4469 3262 4521 πάλιν
3292 4468 3384 4521 ἐπὶ
3412 4467 3509 4537 τῆς
3543 4466 3827 4536 Ῥωμαίων
3857 4466 3946 4534 ἁρ-

806 4559 1109 4628 Ailjicitqne
1153 4560 1487 4628 pmphetiam
1541 4561 1604 4614 de
1651 4559 1851 4616 Christi
1886 4560 2146 4617 Ecclesia.
2195 4560 2292 4616 Ca-

2462 4559 2584 4630 χῆς.
2630 4559 2898 4613 Συνάπτει
2924 4558 2980 4612 δὲ
3027 4559 3121 4612 καὶ
3165 4556 3495 4629 προφητείαν
3536 4557 3788 4627 περὶτῆς
3817 4554 3947 4627 X90-

817 4652 965 4705 nitur
1000 4665 1158 4719 porro
1191 4651 1501 4719 prophetice
1528 4666 1556 4705 a
1594 4649 1902 4708 Salomone.
1937 4651 2088 4708 Sicut
2125 4653 2290 4708 etiam

2465 4651 2591 4706 στοῦ
2630 4652 2970 4722 Ἐκκλησίας·
3010 4651 3227 4722 ’ᾼδεται
3254 4651 3311 4704 δὲ
3343 4648 3691 4721 προφητικῶς
3718 4648 3820 4702 ὑπὸ
3857 4646 3946 4701 τοῦ

821 4754 1007 4794 revera
1056 4739 1222 4808 aliqui
1269 4740 1464 4807 psalmi
1519 4739 1795 4796 Zacharias
1847 4751 1976 4798 sunt
2007 4752 2060 4796 et
2087 4742 2286 4812 Aggei.

2463 4743 2797 4814 Σολομῶνος·
2851 4743 3099 4814 καθάπερ
3158 4742 3347 4812 ἀμέλει
3392 4741 3484 4794 καὶ
3527 4740 3792 4812 Ζαχαρίου
3847 4739 3946 4792 εἰσί

818 4832 1018 4888 Octava
1056 4843 1233 4886 autem
1262 4832 1385 4902 jure
1419 4832 1750 4904 intelligatur
1791 4850 1913 4890 esse
1963 4835 2290 4905 principium

2463 4833 2666 4903 ψαλμοὶ
2691 4835 2780 4887 καὶ
2817 4833 3088 4901 Ἀγγαίου.
3161 4833 3227 4886 Ἦ
3256 4831 3314 4885 δὲ
3356 4829 3512 4901 ὀγδόη
3559 4831 3783 4894 εἰκότως
3809 4827 3945 4899 ἁρχὴ

818 4921 953 4978 Novi
997 4922 1348 4978 Tcstamenti.

2463 4926 2560 4997 τῆς
2589 4927 2732 4989 Νέας
2759 4926 3046 4997 Διαθήκης.

807 5015 859 5070 1.
922 5013 1044 5070 Nisi
1097 5015 1351 5069 Dominus
1383 5017 1721 5086 (ediﬁcaverit
1755 5018 1989 5082 domum,
2021 5022 2079 5073 in
2100 5037 2294 5076 vanum

2473 5017 2614 5071 Ἐὰν
2639 5017 2724 5086 μὴ
2759 5019 2970 5086 Κύριος
2997 5014 3362 5086 οίκοδομήσῃ
3392 5028 3592 5078 οικον,
3621 5017 3708 5081 εἰς
3755 5012 3945 5082 μάτην

738 5109 1102 5162 laboraverunt
1126 5109 1215 5177 qui
1253 5109 1518 5174 adiﬁcant
1545 5127 1679 5164 eam.
1717 5109 1840 5166 llaec
1868 5109 2071 5168 ludatis
2101 5113 2198 5180 ait,
2227 5114 2296 5170 de

2389 5107 2720 5164 ὲκοπίασαν
2746 5112 2798 5161 οἰ
2826 5107 3289 5177 οἰκοδομοῦντες.
3319 5107 3404 5170 Ὠς
3436 5106 3574 5178 μέγα
3618 5104 3943 5176 φρονούντων

739 5201 992 5257 ﬁrmitate
1017 5201 1230 5256 aediﬁcii
1258 5201 1344 5257 sui
1371 5203 1476 5256 alte
1512 5204 1891 5258 sentientibus.

2388 5199 2496 5252 τῶν
2537 5200 2803 5253 Ἰουδαίων
2862 5199 2953 5252 ἐπὶ
2989 5199 3069 5269 τῷ
3108 5197 3310 5270 στερεῷ
3359 5198 3459 5268 τῆς
3509 5196 3824 5267 οἰκοδομῆς.
3880 5192 3942 5247 τά

2388 5287 2607 5342 τοιαῦτά
2628 5307 2698 5342 (οη
2707 5305 2808 5342 σιν.

2388 5307 2417 5342 τ

807 5376 862 5432 '5.
890 5377 1022 5432 Cum
1045 5379 1245 5433 dederit
1261 5380 1468 5433 dilectis
1484 5382 1591 5434 suis
1607 5397 1865 5444 somnum,
1884 5399 1997 5437 ecce
2011 5383 2290 5439 hereditas

2388 5307 2607 5342 τοιαῦτα
2628 5307 2808 5359 φησιν.

2469 5379 2654 5432 Ὅταν
2685 5378 2769 5444 δῷ
2800 5379 2924 5445 τοῖς
2970 5379 3292 5450 ἀγαπητοις
3326 5378 3514 5433 αὐτοῦ
3562 5378 3779 5440 ὕπνον,
3821 5371 3939 5428 ἰδοὺ

741 5468 974 5534 Domini,
1004 5470 1124 5537 ﬁlii.
1157 5469 1273 5524 Alte
1300 5472 1365 5526 de
1408 5474 1607 5541 templo
1639 5474 1802 5526 nolite
1837 5475 2057 5541 sentire,
2096 5475 2291 5545 inquit,

2398 5471 2439 5538 ἠ
2465 5471 2826 5539 κληρονομία
2873 5472 3091 5538 Κυρίου
3117 5510 3132 5534 ,
3185 5471 3322 5525 υίοί.
3371 5469 3461 5540 Μὴ
3497 5468 3636 5539 μέγα
3684 5469 3937 5538 φρονεῖτε,

741 5561 898 5630 quasi
933 5561 986 5614 in
1021 5560 1112 5615 illo
1140 5562 1295 5616 vobis
1335 5565 1619 5619 haeredilas
1668 5566 1810 5624 data}
1845 5568 1935 5620 sit.
1980 5565 2181 5622 Verum
2227 5583 2289 5623 ea

2401 5563 2564 5634 φησὶν
2587 5603 2602 5628 ,
2631 5564 2723 5617 ἐπὶ
2767 5561 2845 5634 τῷ
2877 5562 3008 5633 ίερῷ
3031 5601 3046 5628 ,
3083 5563 3158 5626 ὡς
3203 5563 3259 5616 ἐν
3285 5561 3432 5634 αὐτῷ
3461 5560 3559 5633 τῆς
3593 5558 3941 5631 κληρονομίας

822 5752 867 5784 ⁹²
918 5753 1066 5810 Vcrs.
1102 5757 1152 5810 3.
1237 5758 1279 5788 ⁸³
1334 5756 1561 5828 Philipp.
1629 5776 1698 5819 tv,
1736 5766 1784 5813 7.
