4094 6312
179 386 271 441 517

1257 381 1620 439 EXPOSlTlO
1654 379 1722 433 ΙΝ
1762 380 2096 435 l’SALMUM
2137 379 2370 434 CXXIX.

3300 375 3402 432 518

175 502 324 575 ὑμῶν
345 503 645 573 διδομένης.
682 502 755 555 Οὐ
789 501 896 573 γάρ
919 502 1064 555 ἐστιν
1094 500 1250 573 αὕτη.
1301 501 1440 554 Ἀλλ’
1463 503 1589 555 ὅταν
1609 501 1736 555 ἀνα-

1842 500 2124 554 lmreditas
2169 513 2293 552 rere
2323 513 2427 550 non
2474 508 2576 550 est.
2617 499 2685 548 At
2730 512 2853 550 cum
2885 496 3111 551 dilectos
3156 508 3286 547 suos
3336 508 3404 546 ex

176 595 352 666 παύσῃ
404 596 526 657 τοῦς
576 596 958 664 ὴγαπημένους
1009 593 1171 647 αὑτοῦ
1228 596 1291 646 ἐκ
1325 593 1418 647 τοῦ
1473 594 1734 666 προτέρου

174 685 338 752 λαοῦ,
389 686 630 739 τουτέστι
681 687 804 746 τοὺς
857 687 1171 757 προφήτας·
1208 686 1327 738 τότε
1374 689 1484 748 τοῖς
1529 687 1735 738 ἐκείνου

175 776 308 830 υἱέσι
343 777 442 846 τὴν
472 777 830 847 κληρονομίαν
856 776 1031 830 δώσει.
1093 776 1247 838 Τίνες
1269 776 1312 828 δ’
1336 775 1400 828 ἂν
1435 773 1541 828 εἷεν
1591 770 1734 828 οὗτοι

171 867 202 937 ἢ
233 869 284 921 οἱ
316 869 593 938 μαθηταί;
630 867 836 937 (Cord.)
884 870 944 920 'll
980 869 1087 937 γὰρ
1117 868 1235 920 Θεία
1290 869 1608 937 ὑπόσχεσις,
1641 868 1734 920 καὶ

171 961 352 1029 ἠπερὶ
377 963 502 1022 τοὺς
534 960 722 1021 παῖδας
753 959 988 1028 εύλογία,
1022 961 1267 1030 καθάπερ
1296 978 1376 1022 τις
1408 960 1592 1030 μισθὸς
1624 963 1735 1022 τοῖς

172 1052 254 1102 ἐπ’
290 1053 453 1104 αὑτὸν
486 1051 736 1120 ἡλπικόσι
769 1051 1082 1122 δεδώρηται.
1126 1053 1186 1104 '0
1211 1054 1425 1120 μισθὸς
1457 1054 1562 1106 τοῦ
1602 1070 1736 1120 καρ-

173 1141 286 1194 ποῦ
336 1141 449 1210 τῆς
490 1144 764 1210 γαστρός.
833 1143 890 1194 '0
922 1143 1129 1210 καρπὸς
1157 1142 1256 1210 τῆς
1285 1145 1517 1214 γαστρὸς
1548 1144 1631 1214 εἱή
1670 1145 1735 1199 ἂν

173 1235 203 1301 ἡ
239 1234 482 1304 σωτηρία
535 1235 626 1286 τοῦ
662 1233 988 1304 πνεύματος,
1014 1236 1151 1286 κατᾷ
1188 1234 1276 1286 τό·
1345 1234 1736 1304 Ὠδινήσαμεν

174 1323 266 1375 καὶ
313 1324 593 1392 ἑτέιιομεν
622 1324 854 1392 πνεῦμα
899 1325 1233 1391 σωτηρίας,
1293 1323 1324 1376 ὃ
1365 1325 1736 1393 ἐποιήσαμεν

171 1411 264 1465 ἐπὶ
295 1412 408 1480 τῆς
434 1413 564 1483 γῆς.
614 1415 814 1467 Τούτου
848 1412 936 1464 τοῦ
968 1414 1178 1483 καρποῦ
1217 1413 1403 1484 μισθὸς
1428 1413 1614 1484 ὥσπερ
1640 1415 1732 1467 καὶ

250 1504 412 1558 Ὠσεὶ
462 1506 618 1574 ,ϐέλη
670 1508 739 1559 ἐν
791 1509 937 1577 χειρὶ
985 1508 1278 1570 δυνατοῦ,
1310 1508 1495 1571 οὓτως
1538 1511 1588 1560 el
1615 1508 1729 1559 υἱοὶ

173 1593 288 1646 τῶν
320 1595 838 1665 ἐκτετιναγμένων.
877 1598 1386 1669 Ἐκτετιναγμένους
1416 1600 1538 1662 τοὺς
1567 1600 1737 1670 ἀπορ-

176 1689 431 1755 ρισὲντας
455 1691 584 1760 φησι
608 1691 698 1743 τοῦ
733 1692 995 1763 προτέρου
1017 1692 1144 1744 λαοῦ
1172 1709 1184 1720 °
1214 1686 1287 1745 ὧν
1318 1693 1367 1743 οἱ
1407 1694 1511 1744 υἱοὶ
1535 1733 1548 1756 ,
1585 1709 1739 1745 τουτ-

175 1781 315 1833 έστιν
344 1782 394 1833 οἱ
428 1783 736 1849 ἀπόστολοι,
767 1787 1019 1853 γεγόνασι
1054 1785 1179 1857 βέλη
1216 1785 1309 1837 τοῦ
1339 1784 1584 1838 δυνατοῦ.
1657 1785 1733 1837 Δι’

174 1873 348 1924 αὐτῶν
377 1877 473 1937 τὰς
501 1877 874 1947 ἀντικειμένας
902 1878 1156 1947 δυνάμεις
1190 1878 1593 1943 κατετόξευσεν.

241 1966 538 2034 Μακάριος
567 1968 634 2034 ὃς
659 1969 956 2036 πληρώσει
986 1970 1099 2037 τὴν
1124 1970 1438 2038 ἐπιθυμίαν
1461 1969 1644 2023 αὑτοῦ
1667 1967 1735 2033 ἐξ

173 2053 387 2106 αὐτῶν.
461 2058 547 2123 Ἐξ
584 2060 756 2111 αὐτῶν
789 2059 1078 2129 μακαρίζει
1116 2063 1241 2124 τοὺς
1275 2063 1337 2113 ἐκ
1360 2062 1455 2128 τῆς
1485 2060 1736 2112 διδασκα-

173 2144 287 2209 λίας
335 2146 869 2220 ὠφεληθησομένους.
958 2155 1039 2204 Οὐ
1095 2151 1735 2220 καταισχυνθήσονται,

174 2236 314 2289 ὅταν
368 2238 601 2292 λαλῶσι
671 2241 793 2308 τοῖς
842 2241 1074 2311 ἐχθροῖς
1121 2241 1319 2295 αὐτῶν
1371 2242 1440 2294 ἐν
1494 2243 1734 2307 πύλαις.

175 2327 365 2398 Σαφῶς
392 2330 490 2402 τὴν
516 2333 815 2402 παρουσίαν
841 2335 932 2386 τοῦ
963 2332 1313 2405 κηρύγματος
1339 2332 1506 2402 δηλοῖ.

497 2424 636 2494 ’ῼδὴ
667 2424 785 2478 τῶν
815 2424 1187 2493 ἀναϐαθμῶν.
1239 2426 1418 2478 PKZ’.

786 2520 798 2539 '
813 2522 1117 2586 Υπόθεσις.

183 2610 244 2661 'H
277 2611 472 2679 ὲννάτη
644 2611 932 2682 μακαρίζει
961 2610 1050 2664 τὸν
1091 2609 1451 2681 προσελθόντα
1486 2607 1564 2679 τῷ
1591 2608 1739 2679 φόϐῳ

250 2700 342 2753 τοῦ
368 2699 525 2753 Θεοῦ.
559 2701 795 2765 Εἰκότως
816 2702 872 2754 δὲ
903 2701 1046 2774 μετὰ
1065 2702 1160 2773 τὴν
1189 2701 1453 2767 ἀνάδειξιν
1483 2703 1589 2756 τῶν
1614 2703 1741 2756 ἀπο-

249 2791 454 2846 στόλων
489 2794 778 2864 μακαρίζει
809 2796 934 2858 τοὺς
961 2795 1370 2860 πιστεύσαντας.

239 2971 524 3040 Μακάριοι
561 2971 780 3039 πάντες
806 2977 859 3028 οἱ
887 2976 1238 3045 φοϐούμενοι
1264 2976 1369 3030 τὸν
1397 2977 1631 3045 Κύριον.

253 3064 322 3116 Ἠ
343 3061 500 3132 γυνή
527 3079 641 3116 σου
667 3064 746 3128 ὡς
769 3064 1033 3132 ἄμπελος
1053 3066 1412 3133 είνθηνοῦσα.
1440 3067 1529 3137 Τῷ
1550 3066 1740 3135 φοὸου-

180 3153 320 3223 μένῳ
342 3153 435 3206 τὸν
459 3152 662 3224 Κύριον
695 3153 864 3224 δῶρον
897 3155 1091 3208 δίδοται
1133 3157 1228 3226 οὐχ
1262 3159 1293 3227 ἡ
1318 3156 1550 3227 τυχοῦσα
1579 3158 1737 3228 γυνὴ,

1840 592 2019 659 priore
2051 591 2251 659 populo
2284 589 2621 658 requiescere
2651 585 2856 653 fecerit,
2886 587 2938 640 id
2964 595 3044 640 est
3077 585 3396 654 prophetas,

1839 694 1971 738 tunc
2023 685 2147 736 liliis
2209 685 2324 736 suis
2371 683 2734 734 Ilﬂ‘l‘t‘titlalt‘m
2785 681 3012 733 daturus
3055 687 3157 733 est.
3203 676 3404 744 Ecqui-

1839 792 1963 828 nam
2023 777 2058 829 ii
2086 774 2304 838 fuerint,
2337 775 2437 827 nisi
2473 773 2770 842 discipuli?
2806 769 3176 840 ((ῖοι·ι1.>Ν;ιηι
3219 769 3402 820 divina

1842 867 2157 936 promissio,
2196 877 2247 918 ct
2300 882 2591 934 puerorum
2645 865 2964 928 benedictio,
3025 879 3123 915 ceu
3158 861 3402 928 quamam

1841 974 2051 1012 merces
2081 958 2429 1026 sperantibus
2471 957 2522 1008 in
2572 972 2694 1009 cum
2739 957 2861 1008 data
2893 963 2992 1007 est.
3043 953 3241 1006 Merces
3292 949 3406 1018 fru-

1842 1062 1952 1104 ctus
1991 1051 2202 1103 ventris.
2268 1048 2500 1104 Fructus
2555 1049 2758 1101 ventris
2808 1057 2889 1101 est
2951 1047 3100 1100 salus
3154 1043 3405 1109 spiritus.

1836 1145 1990 1214 juxta
2042 1145 2216 1197 illud:
2271 1142 2659 1195 Parturirimus
2720 1150 2767 1192 et
2818 1141 3108 1208 peperimus
3161 1136 3406 1203 spiritum

1841 1237 2052 1300 salutis,
2095 1252 2243 1304 quem
2301 1235 2516 1302 fecimus
2549 1235 2603 1285 in
2639 1244 2776 1285 terra
2810 1231 2874 1284 3".
2915 1229 3147 1293 llu',usce
3198 1228 3407 1277 fructus

1842 1343 2071 1389 merces,
2102 1337 2156 1380 ut
2183 1334 2235 1380 et
2265 1327 2555 1379 lucu-ditas
2583 1327 2820 1387 tlﬂilillﬂ',
2862 1323 3070 1378 scilicet
3093 1318 3332 1386 adoptio.

1765 1417 2094 1489 κληρονομία
2122 1418 2401 1487 δοθήσεται
2427 1419 2456 1485 ἡ
2490 1417 2746 1469 υἱοθεσία.

1911 1511 1963 1564 4.
2029 1510 2179 1565 Sicut
2229 1511 2436 1578 sagittae
2467 1510 2518 1560 in
2573 1506 2998 1574 manupotentis,
3037 1505 3111 1556 ita
3160 1503 3261 1570 ﬁlii
3312 1518 3407 1555 ett-'-

1842 1618 2130 1655 rusrorum.
2197 1600 2468 1654 Excussis
2524 1610 2683 1653 \‘ocat
2729 1615 2822 1653 eos
2871 1615 2933 1652 cx
2985 1612 3162 1666 priore
3213 1596 3410 1664 populo

1840 1697 1930 1764 qui
1986 1695 2178 1762 abjecti
2239 1703 2384 1747 sunt.
2441 1691 2682 1757 Quorum
2745 1692 2860 1751 ﬁlii.
2897 1691 3105 1745 scilicet
3154 1688 3407 1756 apostoli,

1841 1786 1990 1839 fuere
2017 1787 2224 1846 sagittae
2258 1786 2508 1853 potentis.
2553 1783 2708 1836 Hisce
2750 1783 2893 1834 enim
2931 1782 3273 1834 adversar-ias
3306 1794 3408 1849 po—

1840 1887 2062 1931 testates
2097 1877 2250 1946 quasi
2293 1877 2508 1946 sagittis
2554 1875 2809 1930 confecit.

1907 1968 1960 2021 5.
2011 1967 2204 2020 Beatus
2251 1971 2330 2019 vir
2376 1969 2464 2036 qui
2510 1968 2737 2034 implevit
2777 1966 3094 2019 desiderium
3140 1983 3294 2020 suum
3345 1985 3408 2022 ex

1834 2057 1980 2125 ipsis.
2009 2056 2200 2110 Beatos
2224 2057 2482 2125 praedicat
2509 2073 2602 2109 eos
2630 2056 2722 2124 qui
2753 2071 2817 2109 ex
2839 2057 3084 2109 doctrina
3117 2057 3407 2111 utilitatem

1837 2147 2151 2216 percipient.
2187 2145 2309 2199 Non
2341 2146 2727 2215 confundantur
2768 2161 2886 2197 cum
2916 2145 3193 2213 loquentur
3234 2149 3408 2200 inimi-

1837 2242 1911 2293 cis
1937 2242 2046 2292 suis
2093 2240 2150 2292 in
2193 2242 2382 2308 portis.
2434 2239 2634 2308 Aperte
2679 2238 3082 2308 praedicationis
3111 2237 3404 2292 adventum

1839 2332 2127 2403 signiﬁcat.

2152 2421 2430 2477 Canticum
2480 2422 2762 2492 graduum.
2796 2420 3073 2476 CXXVII

2422 2515 2820 2584 Argumentum.

1837 2604 2050 2661 Nonum
2078 2607 2351 2661 canticum
2381 2607 2597 2660 beatum
2628 2607 2886 2676 praedicat
2913 2621 3037 2660 eum
3079 2605 3170 2676 qui
3205 2606 3414 2661 accedit

1910 2696 1976 2752 ad
2010 2697 2261 2751 timorem
2293 2698 2406 2750 Dei.
2437 2695 2568 2750 Jure
2598 2707 2783 2752 autem
2825 2708 3110 2768 postquam
3137 2701 3413 2768 apostolos

1913 2786 2128 2843 futuros
2156 2789 2473 2856 declaravit,
2507 2789 2695 2844 beatos
2723 2790 2985 2859 pradicat
3017 2805 3113 2844 eos
3155 2792 3250 2861 qui
3294 2807 3413 2846 cre-

1909 2881 2096 2936 dideru
2108 2890 2184 2936 nt.

1911 2973 1963 3026 Ι.
2020 2972 2174 3026 Beati
2216 2990 2392 3026 omnes
2437 2975 2527 3044 qui
2572 2974 2756 3027 timent
2804 2972 3110 3031 Dominum.

1909 3064 1961 3116 5.
2019 3061 2163 3117 Uxor
2195 3074 2287 3117 tua
2315 3065 2453 3118 sicut
2484 3066 2605 3118 vilis
2646 3067 2940 3120 abundans.
2980 3066 3212 3123 Timenti
3245 3067 3413 3124 Deum

1844 3154 1986 3208 dono
2013 3155 2173 3209 datur
2231 3169 2339 3208 non
2395 3157 2599 3226 qumvis
2656 3157 2873 3224 mulier,
2929 3159 3020 3211 sed
3075 3174 3197 3227 qua:
3257 3160 3416 3214 bonis

177 3245 285 3297 ἀλλ’
309 3247 341 3316 ἡ
371 3248 600 3316 καρποῖς
621 3247 842 3315 ἀγαθοῖς
870 3249 1278 3320 κεκοσμημένη.
1311 3249 1351 3301 Γ
1354 3248 1452 3319 nvi]
1476 3249 1584 3320 γὰρ
1610 3251 1739 3318 ἀγα-

1846 3245 2115 3303 fructibus
2176 3257 2366 3302 ornata
2432 3249 2523 3306 sit.
2581 3246 2716 3302 Nam
2777 3253 2916 3304 bona
2974 3252 3204 3314 mulier,
3273 3253 3415 3307 bona

179 3333 242 3405 0i;
272 3336 430 3406 μερὶς
461 3336 660 3408 ἀγαθή.

181 3494 208 3499 ,ν
242 3425 352 3478 Καὶ
409 3425 564 3492 ἴδοις
611 3428 684 3480 τὰ
728 3425 917 3496 ἀγαθὰ
974 3425 1367 3494 Ἰερουσαλὴμ
1406 3427 1607 3493 πάσας
1638 3427 1745 3493 τὰς

176 3518 398 3586 ἡμέρας
448 3518 559 3587 τῆς
609 3517 756 3586 ζωῆς
811 3534 948 3575 σου.
1011 3519 1091 3572 Τὰ
1139 3519 1303 3590 νοητὰ
1357 3517 1628 3590 δηλονότιθ
1674 3520 1743 3573 Ἀ

178 3609 486 3681 ὀφθαλμὸς
521 3610 632 3661 οὐκ
667 3605 808 3672 οἵδε,
833 3609 927 3662 καὶ
950 3607 1018 3662 τὰ
1057 3609 1200 3680 ἑξῆς.

245 3699 347 3753 Καὶ
389 3698 540 3763 ἴδοις
569 3698 880 3766 υἱοὺς-,τῶν
920 3696 1064 3754 υἱῶν
1089 3716 1204 3754 σου
1223 3740 1238 3764 ,
1268 3698 1472 3770 εἰρήνη
1517 3698 1616 3753 ἐπὶ
1641 3699 1748 3753 τὸν

192 3791 456 3857 Ἰσραηλ,
492 3788 601 3853 Τὰς
633 3790 962 3858 ἐπαγγελίας
998 3790 1164 3859 λέγει.
1226 3791 1435 3863 ’Ὠσπερ
1466 3786 1576 3861 γὰρ
1601 3788 1749 3861 πρῶ-

177 3897 259 3934 τοι
291 3882 496 3953 καρποὶ
529 3882 626 3951 τῆς
661 3880 938 3950 Θεοφιλοῦς
974 3881 1148 3952 ψυχῆς
1188 3881 1292 3933 εἰσι
1318 3882 1386 3935 τὰ
1413 3883 1745 3952 γεννήματα,

178 3971 349 4037 οὕτως
383 3973 481 4027 καὶ
516 3973 756 4044 δεύτεροι
788 3974 842 4025 αἱ
879 3971 1216 4042 ἐπαγγελίαι.

510 4063 648 4134 ’ῼδὴ
682 4063 799 4117 τῶν
828 4062 1195 4133 ἀναϐαθμῶν.
1250 4065 1431 4119 PKH'.

806 4153 820 4171 '
833 4154 1140 4219 Υπόθεσις.

192 4245 257 4300 Ἦ
284 4247 485 4318 δεκάτη
511 4245 620 4318 ᾠδὴ
647 4245 773 4309 τοὺς
799 4245 1024 4310 πολλοὺς
1072 4246 1340 4319 διωγμοὺς
1388 4248 1466 4319 τῷ
1517 4248 1750 4320 Χριστοῦ

251 4335 365 4409 λαῷ
399 4338 737 4402 ἐκδιδάσκει,
787 4336 882 4390 καὶ
931 4336 1118 4409 ὥσπερ
1155 4338 1332 4392 πάντα
1378 4339 1751 4412 ὑπερπηδήσει

250 4430 518 4501 κρείττων
541 4429 628 4482 ἀεὶ
646 4428 753 4482 τῶν
781 4428 1230 4484 ἐπιϐουλευόντων
1259 4431 1566 4502 γενόμενος.
1617 4431 1754 4486 Τοῦ-

247 4523 312 4578 τό
335 4539 470 4595 φησι
504 4522 590 4575 διὰ
610 4521 667 4573 τὸ
700 4523 793 4575 ἀπ’
813 4522 985 4594 ἀρχῆς
1014 4522 1108 4576 τοῦ
1129 4525 1480 4596 κηρύγματος
1501 4525 1751 4594 γενέσθαι

249 4616 378 4679 τοὺς
411 4611 704 4683 διωγμούς.

251 4704 586 4771 Πλεονάκις
640 4703 1028 4773 ἐπολέμησαν
1064 4721 1143 4776 με
1178 4743 1193 4759 .
1228 4744 1243 4760 .
1285 4744 1302 4762 .
1335 4747 1352 4762 .
1397 4708 1612 4778 Κύριος
1664 4706 1751 4761 δι-

181 4813 350 4863 καιος
394 4797 761 4867 συνέτριψεν
805 4796 1067 4865 αὐχένας
1115 4797 1496 4866 ἁμαρτωλῶν.
1544 4800 1752 4863 Πάντες

182 4889 296 4958 γὰρ
323 4889 370 4942 οἱ
398 4886 686 4952 διώξαντες
712 4886 868 4941 κακοὶ
902 4887 1084 4950 κακῶς
1110 4886 1458 4943 ἀπολοῦνται.

515 4978 656 5050 ’ῼδὴ
688 4978 805 5034 τῶν
840 4979 1206 5049 ἀναϐαθμῶν.
1243 4982 1418 5036 ΡΚΘ¹ο

814 5072 827 5090 ⁸
841 5073 1148 5137 Υπόθεσις.

194 5161 263 5217 Ἥ
301 5162 565 5231 ἑνδεκάτη
578 5159 689 5233 ᾠδὴ
721 5161 885 5234 εὐχὴν
904 5162 1145 5233 περιέχει
1168 5162 1477 5235 μαρτύρων,
1506 5165 1599 5218 καὶ
1619 5165 1757 5219 διδα-

257 5255 486 5307 σκαλίαν
536 5253 967 5324 ἐξομολογήσεως
1012 5252 1088 5324 τῷ
1121 5255 1226 5326 νέῳ
1271 5253 1402 5326 λαῷ.
1457 5255 1650 5327 Σαφῶς
1698 5255 1758 5311 δὲ

254 5346 466 5419 ἀρετῆς
513 5346 736 5418 ἱλασμὸν
781 5346 1066 5416 κηρύσσει,
1098 5347 1157 5410 ὃς
1206 5350 1323 5402 ἔστι
1369 5348 1622 5420 Χριστός.
1655 5350 1759 5403 Hs-

254 5441 319 5510 p‘t
349 5437 512 5492 αὑτοῦ
543 5438 651 5509 γὰρ
683 5439 924 5511 εἴρηταιο
963 5441 1072 5495 Καὶ
1105 5440 1285 5508 αὐτὸς
1325 5443 1581 5510 ιλασμός
1626 5443 1759 5498 ἐστι

257 5530 544 5602 περὶτῶν
565 5533 862 5602 ἁμαρτιῶν
888 5533 1075 5603 ἡμῶν.

271 5623 383 5681 Ἐκ
401 5625 641 5689 βαθέων
667 5624 959 5694 ἐξέκραξὰ
995 5640 1092 5681 σοι
1115 5665 1131 5692 ,
1166 5627 1342 5695 Κύριε
1373 5667 1385 5680 .
1426 5669 1438 5681 .
1473 5667 1486 5681 .
1523 5669 1537 5682 .
1577 5670 1592 5686 .
1635 5669 1647 5682 .
1683 5668 1697 5682 .
1735 5663 1756 5684 .

279 5800 337 5837 ⁸⁸
376 5801 480 5860 lsa.
539 5819 688 5873 xm,
732 5804 816 5860 18.
922 5809 965 5840 ⁸⁸
1015 5806 1032 5860 Ι
1083 5805 1206 5863 Cor.
1262 5823 1332 5874 ιι,
1384 5811 1436 5865 9.

1846 3339 2048 3408 portio.

1903 3431 1968 3484 ‘5.
2004 3429 2072 3483 Et
2114 3431 2291 3484 videas
2321 3432 2456 3485 bona
2477 3431 2775 3486 Jerusalem
2816 3435 3056 3487 omnibus
3086 3436 3268 3488 diebus
3298 3437 3420 3491 vita:

1846 3532 1970 3576 tum.
2015 3520 2327 3592 Spiritualia
2378 3524 2586 3578 scilicet
2614 3525 2777 3588 bona,
2822 3541 2939 3594 qua
2968 3526 3153 3579 oculus
3187 3543 3289 3580 non
3341 3530 3433 3581 ci--

1844 3615 1924 3667 dit
1962 3613 2008 3645 ⁸³
2027 3657 2041 3680 ,
2083 3623 2188 3670 etc.

1917 3705 1969 3760 6.
2013 3706 2082 3760 Et
2105 3707 2278 3762 videas
2331 3707 2472 3776 ﬁlios
2527 3707 2761 3778 filiorum
2805 3717 3037 3774 tuorum,
3107 3726 3213 3775 pax
3263 3726 3419 3780 super

1848 3796 2042 3854 Israel.
2072 3799 2472 3855 Promissiones
2502 3801 2655 3856 dicit.
2683 3799 2835 3855 Sicut
2855 3803 2998 3855 enim
3023 3802 3180 3870 primi
3210 3801 3419 3857 fructus

1847 3889 2042 3943 animm
2065 3903 2191 3958 erga
2215 3887 2384 3942 Deum
2417 3889 2686 3957 religiosa:
2714 3898 2843 3945 sunt
2865 3887 3006 3943 fetus
3048 3889 3188 3958 ejus,
3222 3888 3302 3944 sic
3328 3903 3420 3942 se-

1849 3981 2014 4035 cundi
2041 3989 2168 4035 sunt
2197 3980 2607 4048 promissiones.

2123 4068 2400 4126 Canticum
2458 4063 2740 4140 graduum.
2806 4068 3136 4124 CXXVIII.

2439 4164 2838 4233 Argumentum.

1850 4256 2134 4312 Decimum
2174 4254 2447 4310 canticum
2503 4254 2674 4308 multa
2728 4253 3168 4322 persecutionum
3223 4265 3422 4322 genere

1909 4348 2114 4404 Christi
2164 4347 2418 4417 populum
2455 4347 2667 4411 edocet,
2690 4353 2745 4398 et
2770 4360 2880 4413 quo
2914 4354 3074 4415 pacto
3110 4344 3296 4397 omnia
3324 4359 3421 4397 su-

1921 4450 2212 4512 peraturus
2238 4440 2329 4505 sit,
2359 4437 2773 4492 insidiatoribus
2812 4451 3028 4504 semper
3059 4435 3310 4503 superior
3336 4433 3420 4488 ef-

1923 4532 2115 4588 fectus.
2148 4529 2264 4584 Hoc
2291 4540 2471 4584 autem
2504 4529 2580 4582 ait
2607 4529 2734 4599 quia
2766 4529 2835 4582 ab
2880 4528 3036 4582 initio
3081 4526 3424 4597 praedicatio-

1925 4625 2010 4680 nis
2041 4623 2446 4693 persecutiones
2479 4621 2720 4676 fuerunt.

1923 4716 2048 4783 4,4.
2089 4713 2236 4784 Stepe
2273 4721 2697 4785 expugnaverunt
2743 4727 2916 4766 me....
2956 4708 3213 4763 Dominus
3241 4707 3425 4777 justus

1851 4809 2093 4864 contrivit
2139 4809 2357 4861 cervices
2396 4818 2744 4876 peccatorum.
2778 4802 2914 4858 Nam
2943 4815 3137 4856 omnes
3173 4800 3268 4868 qui
3308 4814 3428 4868 per-

1852 4900 2025 4956 secuti
2055 4907 2184 4954 sunt
2211 4899 2335 4952 mali
2366 4898 2506 4952 male
2536 4897 2809 4964 peribunt.

2200 4989 2476 5047 Canticum
2506 4991 2786 5060 graduum.
2813 4984 3075 5044 CXXIX.

2440 5081 2842 5151 Argumentum.

1861 5172 2215 5230 Undecimum
2233 5174 2503 5230 canticum
2532 5173 2832 5228 orationem
2869 5166 3246 5238 complectitur
3283 5181 3432 5221 mar-

1932 5275 2108 5337 tyrum
2137 5274 2190 5320 ct
2213 5265 2514 5321 doctrinam
2547 5263 2908 5320 confessionis
2937 5275 3079 5315 novo
3109 5259 3310 5330 populo
3333 5258 3430 5313 da-

1933 5367 2062 5416 tam.
2096 5358 2252 5413 Clare
2285 5367 2466 5412 autem
2494 5358 2713 5412 virtutis
2748 5355 3186 5427 propitiationem
3228 5349 3430 5421 praedi-

1935 5457 2040 5515 cat,
2058 5464 2179 5519 quae
2196 5449 2445 5505 Christus
2462 5456 2561 5504 est.
2591 5450 2663 5504 De
2682 5449 2798 5518 ipso
2818 5461 3049 5515 namque
3066 5444 3274 5498 dictum
3299 5450 3385 5498 est
3407 5457 3426 5495 :

1934 5539 2002 5594 Et
2025 5556 2132 5610 ipse
2150 5540 2459 5612 propitiatio
2490 5550 2566 5595 est
2595 5557 2690 5611 pro
2716 5539 2942 5609 peccatis
2969 5536 3162 5592 nostris
3181 5534 3248 5587 ”.

1936 5631 1988 5687 Ι.
2015 5631 2086 5686 De
2116 5633 2392 5702 profundis
2422 5633 2647 5687 clamavi
2680 5633 2748 5686 ad
2773 5642 2840 5696 te,
2873 5629 3174 5684 Domina...

1537 5810 1582 5842 ⁸⁸
1610 5809 1628 5863 1
1653 5808 1806 5864 Joan'.
1842 5824 1900 5875 ιι,
1933 5811 1983 5862 ‘2.
