4094 6312
716 390 817 446 519

1520 377 1575 428 S.
1621 369 1985 428 ATHANASH
2029 368 2176 421 OPP.
2221 365 2401 419 PARS
2441 365 2526 420 ΙΗ.
2569 394 2632 407 -—
2678 365 3089 420 ISXEGETICA.

3842 357 3940 412 σεο

779 503 833 554 ⁸3.
868 499 1027 552 Fiunt
1065 511 1217 550 aures
1249 504 1354 547 tute
1379 491 1697 545 intendentes
1741 491 1796 540 in
1831 501 2002 540 vocem
2030 485 2276 550 depreca-

2444 481 2762 548 Γενηθήτω
2787 482 2859 534 τὰ
2885 476 3007 535 ὧτά
3045 497 3160 533 σου
3182 492 3560 547 προσεχοντιι
3583 478 3670 541 είς
3688 473 3805 541 τὴν
3835 492 3943 542 φω-

715 594 872 646 tionis
899 597 1043 644 metr.
1078 591 1251 641 Aures
1277 586 1328 638 in
1361 581 1472 638 Deo
1499 580 1769 650 angelicas
1807 583 2096 648 potestates
2118 571 2276 626 intel-

717 688 930 758 ligimus
977 697 1118 746 esse,
1168 695 1259 751 per
1311 693 1450 748 quas
1492 674 1913 745 supplicationes
1963 679 2160 726 nostra:
2210 667 2275 721 ad

717 779 883 832 Deum
912 775 1194 828 accedunt.

881 866 940 920 Si
976 866 1280 933 iniquitates
1321 860 1705 916 observaveris,
1743 856 1982 918 Domine,
2035 853 2277 918 Domine,

712 962 826 1031 quis
875 957 1190 1012 sustinebit?
1226 955 1316 1008 Illa
1357 963 1534 1006 autem
1587 948 1942 1018 reduplicatio
1977 947 2146 1010 vocis,
2175 945 2280 998 Do-

713 1054 872 1115 mine,
906 1049 1143 1111 Domine,
1168 1044 1487 1100 admirantis
1508 1051 1590 1096 est
1617 1041 1809 1094 divina.-
1840 1037 2139 1093 clementize
2161 1052 2278 1090 ma-

714 1144 1072 1212 gnitudinem,
1113 1139 1253 1209 apud
1292 1152 1452 1207 quem
1499 1149 1620 1189 esse
1659 1132 2093 1203 prepiliationem
2127 1128 2277 1195 dicit,

713 1245 769 1290 at
797 1251 902 1289 non
935 1235 987 1288 in
1025 1231 1181 1285 lienis
1214 1229 1470 1298 eperibus
1503 1225 1727 1280 nostris.

781 1329 835 1381 4.
868 1326 1089 1394 Propter
1118 1339 1298 1376 nomen
1328 1333 1474 1373 tuum
1517 1316 1744 1371 sustinui
1774 1324 1841 1377 te,
1878 1313 2112 1366 Domine.
2156 1309 2279 1366 Haec

715 1428 844 1475 sunt
887 1419 1047 1471 verba
1093 1429 1282 1468 eorum
1335 1412 1426 1481 qui
1471 1425 1577 1464 non
1635 1417 1853 1478 prepter
1901 1405 2278 1459 necessitatem

714 1510 1075 1580 spiritualem,
1100 1507 1192 1560 sed
1227 1514 1446 1574 propter
1473 1500 1834 1555 venerandum
1865 1512 2062 1552 nomen
2101 1496 2278 1564 ipsum

714 1602 1000 1664 accedunt,
1035 1615 1097 1650 ac
1128 1597 1175 1651 si
1204 1598 1254 1648 in
1285 1595 1540 1664 patientia
1568 1601 1786 1646 currunt
1819 1590 2141 1659 prepositum
2165 1605 2278 1641 cer-

716 1706 890 1748 tamen
915 1691 981 1756 ⁸⁷,
1007 1699 1061 1744 et
1088 1689 1236 1742 nullo
1279 1697 1522 1757 tempore
1563 1684 1863 1740 abscedunt
1892 1697 1925 1737 a
1958 1680 2089 1747 Deo,
2127 1689 2179 1735 et
2211 1680 2280 1734 ab

718 1787 784 1840 iis
813 1799 932 1855 quae
957 1783 1056 1853 ipsi
1085 1782 1315 1847 placent.

785 1840 846 1929 6.-
862 1877 902 1928 Α
936 1840 1174 1927 custodia
1197 1872 1455 1925 matutina
1487 1885 1646 1940 usque
1676 1868 1745 1922 ad
1781 1877 1981 1922 noctem
2002 1873 2166 1934 speret
2192 1861 2275 1917 Is-
2301 1840 2350 1901 Β

719 1967 830 2022 ruet
859 1969 913 2019 in
956 1965 1200 2018 Domino.
1235 1961 1457 2031 Oper-tet
1487 1964 1630 2015 enim
1655 1961 1820 2014 etiam
1852 1959 1904 2012 in
1940 1955 2183 2011 molestis
2204 1970 2283 2007 re-

718 2062 818 2115 bus
853 2059 1136 2113 Dominum
1169 2068 1502 2127 exspectare.
1536 2053 1651 2110 Non
1685 2055 1858 2109 solum
1895 2053 2038 2106 enim
2081 2051 2134 2104 in
2168 2064 2282 2102 ma-

716 2153 892 2206 tutina
939 2151 1220 2214 custodia,
1264 2166 1372 2203 non
1414 2148 1709 2215 conspicua
1746 2147 1927 2199 omnia
1975 2153 2136 2201 sunt.
2187 2142 2280 2196 sed

714 2247 878 2299 etiam
935 2259 1106 2312 usque
1137 2242 1203 2296 ad
1247 2240 1531 2294 tenebrosa
1576 2237 1787 2308 negotia
1827 2243 1881 2291 et
1925 2246 2136 2290 eventa.
2175 2232 2280 2287 Sed

717 2341 927 2394 oriente
948 2353 1073 2392 vero
1094 2335 1317 2400 lumine,
1339 2347 1487 2386 meus
1510 2331 1810 2400 perspicax,
1829 2328 2068 2382 laetarum
2099 2341 2280 2380 rerum

717 2440 1087 2501 augmentum,
1127 2427 1363 2481 tristium
1395 2425 1716 2478 vacuitatem
1753 2420 1979 2488 accipit;
2015 2426 2193 2486 speret
2225 2416 2279 2468 in

718 2522 866 2576 illum
898 2519 1055 2590 quasi
1088 2519 1142 2572 in
1171 2517 1374 2571 fontem
1400 2533 1413 2580 ;
1441 2514 1584 2582 apud
1614 2512 1762 2566 illum
1798 2523 2031 2577 namque
2059 2515 2142 2561 est
2178 2507 2280 2559 mi-

716 2612 1012 2668 sericordia
1047 2611 1139 2679 qui
1167 2607 1462 2676 redemptio
1502 2613 1586 2658 est
1619 2612 1672 2657 et
1693 2599 2022 2673 propitiatio,
2051 2598 2144 2668 qui
2167 2597 2279 2650 vir-

715 2713 831 2759 tute
854 2705 1023 2758 multa
1055 2711 1272 2772 peccata
1301 2705 1512 2768 purgat.

1088 2876 1366 2932 Canticum
1391 2873 1672 2944 graduum.
1706 2868 1927 2924 CXXX.

1299 2970 1697 3036 Argumentum.

717 3060 1103 3117 Duodecimum
1136 3066 1406 3114 canticum
1439 3057 1596 3112 docet
1623 3071 1746 3111 eum
1781 3056 1870 3125 qui
1901 3054 2280 3126 propitiatione

786 3153 1020 3206 donatus
1072 3149 1207 3214 fuit,
1244 3164 1312 3204 ne
1354 3147 1526 3204 ﬁdens
1580 3163 1679 3203 suo
1712 3146 1954 3218 profectu
1989 3146 2277 3208 exaltetur,

787 3244 880 3299 sed
912 3243 1189 3298 humiliter
1212 3241 1432 3297 sentiat.

789 3336 1032 3400 Domine,
1062 3352 1163 3388 non
1188 3344 1264 3387 est
1287 3331 1576 3387 exaltatum
1599 3348 1692 3385 eor
1711 3346 1947 3385 meum...
1973 3329 2149 3399 Neque
2165 3345 2279 3382 am-

718 3431 892 3485 bulavi
935 3429 992 3481 in
1036 3427 1275 3497 magnis,
1315 3440 1475 3494 neque
1507 3425 1564 3477 in
1604 3421 1932 3476 mirabilibus
1983 3437 2136 3490 super
2176 3437 2275 3486 me,

717 3533 822 3576 etc.
863 3518 931 3574 Ut
953 3518 1077 3589 quis
1110 3533 1215 3573 non
1249 3516 1534 3583 exaltctur,
1559 3515 1635 3570 ait
1662 3515 1991 3570 contrariam
2024 3518 2277 3569 virtutem

716 3628 838 3668 esse
879 3611 1166 3666 admodum
1214 3609 1421 3671 utilem,
1470 3624 1631 3679 quam
1676 3608 1920 3661 Salvator
1961 3607 2146 3662 docuit
2193 3607 2278 3662 his

718 3703 931 3779 verbis:
966 3701 1086 3756 Nisi
1115 3703 1344 3755 conversi
1375 3701 1580 3769 fueritis
1606 3708 1655 3753 et
1679 3699 1975 3768 eﬂiciamiui
2003 3699 2134 3751 sicut
2155 3715 2279 3766 par-

717 3795 848 3859 uuli,
886 3810 992 3848 non
1020 3791 1283 3846 intrabttis
1314 3791 1368 3843 in
1385 3806 1598 3860 regnum
1615 3790 1861 3843 caelorum
1882 3789 1946 3844 ⁸³.
1963 3790 2277 3845 Ablaetatos

721 3894 904 3940 autem
936 3898 1133 3953 pueros
1158 3883 1309 3948 dicit,
1353 3882 1752 3937 tribulationem
1808 3883 2139 3956 signiﬁcans.
2186 3880 2278 3936 Et-

718 3979 862 4030 enim
889 3975 1105 4031 nonnisi
1157 3990 1280 4030 cum
1312 3974 1523 4028 ﬂetibus
1553 3973 1731 4030 infans
1763 3989 1793 4028 a
1824 3983 1996 4030 matre
2027 3974 2274 4038 discedit,

719 4069 908 4124 dolens
941 4067 1084 4137 quod
1113 4067 1249 4123 lacte
1269 4067 1508 4136 privatus
1540 4067 1719 4120 fuerit.
1755 4066 1831 4122 Ita
1856 4076 1910 4122 et
1932 4083 2053 4139 ego,
2078 4068 2274 4140 inquit,

720 4163 773 4216 in
798 4161 1057 4216 aerumnis
1099 4161 1320 4230 degens,
1352 4173 1562 4227 semper
1597 4157 1762 4213 Deum
1798 4175 2006 4228 precor.
2049 4160 2199 4226 Quod
2231 4161 2276 4216 si

719 4267 827 4305 non
863 4253 936 4306 ita
965 4250 1189 4304 aﬂ'cctus
1221 4265 1418 4317 essem,
1445 4259 1745 4304 extremum
1792 4252 2114 4321 supplicium
2160 4252 2277 4308 lue-

719 4358 854 4398 rem.

1069 4433 1345 4490 Canticum
1373 4437 1650 4504 graduum.
1671 4433 1898 4488 CXXX:
1912 4473 1924 4488 .

1310 4529 1706 4598 Argumentum.

716 4620 1000 4674 Decimum
1024 4619 1240 4673 tertium
1267 4620 1538 4673 canticum
1577 4620 1875 4672 orationem
1913 4631 2154 4674 continet
2180 4636 2279 4692 pro

791 4712 1012 4770 Davide.
1044 4710 1177 4766 Nam
1213 4727 1336 4768 cum
1376 4712 1684 4782 propitiatio
1713 4713 1966 4769 omnibus
1995 4715 2278 4770 remissio-

791 4820 912 4859 nem
932 4814 1279 4874 peccatorum
1295 4804 1565 4869 conciliet,
1582 4805 1892 4859 necessario
1913 4805 2145 4876 Spiritus
2161 4822 2278 4876 pro-

786 4898 1055 4968 pheticus,
1075 4914 1196 4953 cum
1222 4897 1443 4967 reliquis
1458 4897 1548 4966 qui
1566 4899 1790 4953 salutem
1806 4907 2212 4968 consequuntur
2225 4909 2280 4955 et

790 5006 913 5045 eum
946 4989 1147 5046 Davide
1169 4991 1276 5044 ait:
1314 5008 1333 5043 ι
1363 4991 1606 5056 Domine,
1643 5001 1934 5057 memento,
1977 4993 2274 5047 secundum

791 5084 1258 5140 mansuetudinem
1275 5085 1392 5154 ejus
1408 5085 1643 5139 retribue
1661 5085 1757 5139 illi.
1774 5105 1791 5136 ι
1813 5084 2275 5150 Quemadmodum

788 5179 934 5232 enim
958 5178 1065 5241 iile,
1089 5186 1405 5232 mansuetus
1432 5193 1555 5231 cum
1593 5187 1754 5239 esset,
1786 5178 1992 5232 dimisit
2020 5176 2169 5231 Sauli
2193 5178 2278 5233 in-

791 5270 963 5342 iurias
982 5270 1084 5324 sibi
1117 5271 1312 5336 illatas,
1342 5270 1414 5324 ita
1442 5280 1495 5325 et
1527 5271 1628 5341 ipsi
1659 5271 1849 5326 delicta
1885 5273 2116 5327 remitte.

794 5366 845 5429 1,
874 5363 928 5416 2.
963 5361 1240 5428 Memento,
1267 5362 1507 5425 Domine,
1541 5361 1709 5416 David
1754 5373 1804 5415 et
1843 5364 2010 5417 omnis
2038 5380 2277 5418 mansue-

723 5455 919 5508 tudinis
941 5454 1074 5522 ejus.
1112 5452 1261 5508 Sicut
1283 5455 1486 5521 juratn't
1528 5452 1771 5519 Domino,
1797 5465 1970 5509 votum
2004 5457 2136 5510 vovit
2171 5454 2276 5510 Deo

717 5545 908 5606 Jacob,
937 5555 1038 5599 etc.
1076 5544 1212 5600 Cum
1244 5545 1522 5600 didicisset
1547 5546 1692 5598 enim
1735 5563 1800 5599 ex
1829 5546 2029 5616 Spiritu
2065 5558 2276 5615 sancto,

723 5633 1011 5690 Dominum
1046 5637 1186 5706 apud
1221 5637 1468 5691 homines
1511 5636 1885 5701 adventurum,
1918 5639 2276 5710 daturumque

812 5751 855 5781 "
888 5749 1045 5805 Hzlu'.
1075 5766 1169 5813 xu,
1199 5751 1246 5804 i.
1324 5750 1369 5780 ³⁸
1395 5747 1586 5806 Matth.
1610 5768 1737 5807 svnt
1758 5794 1772 5818 ,
1803 5752 1856 5807 5.

792 5843 928 5916 (50')
960 5841 1134 5897 Locus
1162 5841 1398 5898 vitiatus.

2383 573 2502 639 γὴν
2541 573 2649 640 τῆς
2686 573 2950 642 ὂεήσεώς
2971 590 3112 642 μου.
3143 568 3282 626 Ὦτα
3307 571 3398 624 ἐπὶ
3415 569 3575 631 Θεοῦ,
3600 569 3698 622 καὶ
3728 567 3828 629 τὰς
3852 569 3944 633 ἁτ-

2384 666 2602 731 γελικάς
2631 666 2887 736 δυνάμεις
2929 665 3175 735 νοοῦμεν,
3222 664 3288 718 δι’
3337 658 3412 717 ὧν
3455 663 3510 716 αἱ
3543 663 3760 732 δεήσεις
3795 658 3945 730 ἡμῶν

2385 759 2521 829 πρὸς
2543 759 2674 810 Θεὸν
2701 759 3057 829 εἰσέρχονται.

2465 851 2604 904 Ἐὰν
2635 852 2882 919 ἀνομίας
2914 848 3358 919 παρατηρήσῃς,
3398 848 3594 914 Κύριε,
3630 846 3834 914 Κύριε,
3862 843 3946 908 τις

2382 939 2830 1005 ὐποστήσεται;
2872 942 2930 994 '0
2971 941 3028 994 δὲ
3059 939 3173 1002 τοῦ,
3209 942 3403 1008 Κύριε,
3434 940 3627 1007 Κύριε,
3664 937 3944 990 διπλασια-

2387 1031 2518 1102 σμὸς
2546 1031 2909 1100 θαυμαζοντὰ
2939 1033 3053 1084 ἐστι
3083 1030 3180 1099 τῆς
3214 1029 3302 1082 τοῦ
3356 1027 3489 1081 Θεοῦ
3539 1027 3945 1099 φιλανθρωπίας

2384 1123 2473 1175 τὸν
2523 1121 2705 1188 ὄγκον,
2745 1121 2873 1192 παρ’
2923 1117 2989 1194 ἦς
3043 1121 3262 1175 καὶτὸν
3310 1121 3532 1190 ἱλασμὸν
3567 1117 3712 1173 εἷναί
3764 1135 3945 1191 φησιν,

2382 1214 2498 1268 ἀλλ’
2523 1215 2621 1267 οὐκ
2655 1219 2711 1268 ἐν
2740 1217 2851 1275 τοῖς
2878 1214 3164 1284 ἡμετέροις
3195 1211 3627 1283 κατορθώμασιν.

2457 1307 2706 1360 ’Ἕνεκεν
2737 1306 2842 1359 τοῦ
2869 1302 3157 1374 ὀνόματός
3186 1320 3300 1357 σου
3322 1302 3607 1372 ὑπέμεινά
3628 1320 3726 1367 σε,
3753 1304 3946 1369 Κύριε.

2383 1396 2567 1450 Ταῦτα
2593 1396 2700 1449 τῶν
2731 1397 2804 1468 μὴ
2833 1395 2920 1448 διὰ
2948 1395 3135 1467 χρείαν
3183 1393 3573 1463 πνευματικὴν,
3617 1393 3686 1445 δι’
3730 1392 3863 1445 αὐτὸ
3895 1390 3947 1443 δδ

2383 1490 2443 1543 τὸ
2493 1490 2686 1544 σεπτὸν
2725 1491 2894 1559 ὄνομα
2935 1488 3286 1559 προσιόντων,
3337 1487 3488 1539 οὕτω
3540 1485 3639 1538 καὶ
3685 1486 3758 1537 ὲν
3807 1487 3948 1539 ὑιο-

2379 1582 2536 1653 trarii
2562 1584 2893 1652 τρεχόντων
2915 1581 3020 1634 τὸν
3041 1581 3429 1648 προκείμενον
3449 1577 3673 1647 ἀγῶνα,
3695 1575 3949 1630 καὶκατὰ

2388 1676 2511 1744 μηδ’
2533 1676 2628 1726 ἕνα
2660 1675 2846 1744 καιρὸν
2877 1675 3258 1743 ἀφισταμένων
3278 1673 3410 1725 Θεοῦ
3430 1673 3519 1724 καὶ
3548 1669 3656 1724 τῶν
3690 1669 3925 1740 ὰρεσκὸν

2386 1783 2491 1819 των
2524 1765 2690 1835 αὐτῷ.

2461 1859 2594 1912 Ἀπὸ
2623 1858 2902 1928 φυλακῆς
2934 1859 3145 1925 aptatae;
3190 1858 3363 1925 μέχρι
3403 1855 3620 1920 νυκτὸς
3645 1853 3948 1914 eximerer

2395 1950 2641 2020 Ἰσραὴλ
2665 1950 2762 2002 ἐπὶ
2792 1950 2896 2004 τὸν
2924 1952 3161 2018 Κύριον.
3197 1951 3286 2001 Δεῖ
3315 1948 3422 2018 γὰρ
3450 1948 3541 2000 καὶ
3580 1948 3637 1997 ἐν
3668 1949 3785 2008 τοῖς
3820 1962 3921 1997 σκυ

2382 2044 2616 2116 θρωποῖς
2644 2043 2943 2114 προσδοκᾷν
2976 2043 3068 2094 ὲπί
3112 2041 3332 2114 Κύριον.
3381 2040 3456 2092 υὺ
3498 2038 3605 2107 γὰρ
3654 2039 3818 2108 μόνον
3862 2038 3948 2090 ὅτε

2382 2137 2597 2208 φυλακὴ
2630 2135 2769 2206 πρωῒ
2802 2136 2877 2206 μὴ
2909 2136 3004 2189 καὶ
3035 2134 3262 2204 λαμπρὰ
3281 2132 3350 2186 τὰ
3383 2133 3648 2206 παρόντα,
3686 2131 3826 2184 ἀλλά
3857 2131 3950 2184 καὶ

2385 2231 2544 2301 μέχρι
2595 2229 2704 2280 τῶν
2764 2227 3004 2298 Conpeva
3040 2226 3432 2298 περιστάσεων.
3484 2225 3641 2278 Ἀλλὰ
3695 2227 3794 2277 καὶ
3822 2227 3948 2279 ἀνασ

2380 2319 2651 2381 τέλλοντος
2671 2318 2763 2371 τοῦ
2790 2317 3040 2387 ἀληθινοῦ
3068 2317 3243 2384 φωτὸς
3261 2319 3288 2368 ὁ
3311 2315 3610 2386 διορατικὸς
3635 2315 3765 2376 νοῦς
3786 2330 3949 2384 προσ·

2383 2412 2554 2483 θήκην
2616 2412 2876 2481 λαμϐάνει
2926 2412 2988 2462 ἐκ
3039 2409 3174 2463 Θεοῦ
3222 2408 3330 2462 τῶν
3376 2407 3648 2480 φαιδρῶν,
3705 2409 3801 2461 καὶ
3845 2407 3950 2459 τῶν

2383 2503 2718 2575 σκυθρωπῶν
2735 2503 3052 2573 ἀπαλλαγήν
3068 2504 3222 2572 (50⁸)·
3241 2503 3510 2555 ὲλπισὰτω
3526 2503 3656 2572 παρ’
3675 2499 3828 2570 αὐτῷ
3849 2499 3950 2570 γὰρ

2379 2594 2454 2658 ὡς
2487 2597 2544 2648 ἐν
2578 2600 2748 2668 πηγῇ,
2783 2598 2875 2650 καὶ
2907 2599 3035 2666 παρ’
3061 2595 3224 2648 αὐτοῦ
3252 2595 3311 2648 τὸ
3341 2595 3505 2657 ἔλεος,
3541 2592 3620 2662 τῷ
3652 2592 3808 2662 αὐτῷ
3843 2592 3949 2644 ὄντι

2378 2688 2664 2760 λυτρὼσει,
2699 2691 2791 2742 καὶ
2818 2688 2896 2758 τῷ
2940 2689 3172 2759 ίλασμῴ,
3213 2687 3292 2757 τῷ
3328 2686 3578 2740 ἱκανώσει
3631 2686 3806 2753 πολλῇ
3858 2683 3950 2748 τὰς

2382 2782 2652 2852 ἁμαρτίας
2679 2781 3134 2852 περικαθαέροντι.

2734 2875 2872 2946 ᾮδή
2907 2874 3022 2928 τῶν
3045 2872 3411 2941 ἀναϐαθμῶν.
3453 2876 3585 2928 PA'.

2995 2967 3008 2982 ⁹
3022 2968 3325 3028 Υπέθεσις.

2391 3060 2454 3113 Ἦ
2474 3058 2746 3128 δωδεκάτη
2771 3057 2882 3130 ᾠδὴ
2914 3057 3005 3111 τὸν
3045 3056 3446 3124 καταξιωθέντα
3486 3056 3580 3109 τοῦ
3615 3057 3849 3128 ἱλασμοῦ
3874 3058 3950 3111 δι-

2453 3152 2641 3207 δάσκει
2677 3151 2750 3222 μὴ
2794 3149 3136 3223 ἐπαίρεσθαι,
3170 3153 3234 3221 τῇ
3270 3148 3459 3202 ἑαυτοῦ
3509 3149 3792 3220 βελτιὼσῑι
3823 3152 3954 3224 θαρ-

2459 3243 2673 3315 ροῦντα,
2703 3243 2839 3297 ἀλλά
2862 3245 3317 3313 ταπεινοφρονεῦι.

2453 3338 2650 3405 Κύριε,
2684 3338 2795 3403 οὐχ
2842 3335 3050 3403 ὑψώθη
3086 3337 3122 3402 ἡ
3155 3333 3365 3400 καρδία
3404 3351 3522 3403 μου
3554 3376 3566 3388 .
3606 3375 3619 3388 .
3657 3375 3672 3387 .
3707 3374 3721 3386 .
3757 3375 3771 3388 .
3811 3336 3953 3390 οὐδὲ

2383 3427 2713 3494 ἐπορεύθην
2739 3426 2810 3478 ἐν
2825 3423 3109 3494 μεγάλοις
3146 3423 3288 3478 οὐδὲ
3321 3424 3391 3476 ἐν
3425 3425 3782 3493 θαυμασίοις
3799 3425 3954 3495 ὑπὲρ

2382 3517 2505 3588 ἐμέ,
2523 3535 2576 3573 κ.
2595 3535 2643 3570 τ.
2662 3516 2710 3570 λ.
2730 3517 2872 3587 Πρὸς
2886 3516 3014 3569 δὲτὸ
3031 3518 3105 3588 μὴ
3123 3514 3421 3587 ἐπαρθῆναί
3438 3531 3566 3586 φησι
3583 3514 3678 3584 τὴν
3699 3517 3953 3568 ἐναντίαν

2383 3611 2582 3682 ἀρετὴν
2597 3611 2674 3674 είς
2692 3608 2992 3680 ὑπερϐολὴν
3021 3609 3340 3680 ἐπιτήδειον.
3365 3610 3430 3678 ἣν
3454 3609 3547 3661 καὶ
3572 3611 3600 3661 ὁ
3628 3609 3782 3678 Boni;
3792 3626 3826 3678 ρ
3847 3610 3953 3663 ὲδί-

2383 3704 2506 3767 δαξε
2549 3703 2721 3770 λέγων
2746 3719 2760 3734 ο
2807 3703 2939 3756 Ἐὰν
2979 3701 3064 3770 μὴ
3097 3699 3402 3769 στραφῆτε
3439 3700 3534 3753 καὶ
3571 3702 3832 3769 γένησθε
3873 3703 3954 3766 ὡς

2382 3795 2454 3848 τὰ
2498 3795 2722 3853 παιδία,
2768 3797 2840 3847 οὑ
2879 3793 2966 3862 μὴ
3010 3791 3317 3859 εἰσέλθητε
3347 3794 3432 3858 εὶς
3471 3792 3583 3860 τὴν
3615 3793 3955 3856 βασιλείαν

2382 3885 2501 3939 τῶν
2530 3883 2818 3954 οὐρανῶν.
2867 3885 3425 3953 Ἀπογαλακτισθέντα
3451 3885 3508 3938 δὲ
3539 3885 3685 3952 λέγει
3737 3886 3953 3949 παιδία,

2382 3979 2478 4050 τὴν
2507 3980 2684 4049 θλίψιν
2732 3979 2924 4051 δηλῶν.
2981 3980 3058 4033 Οὐ
3109 3979 3216 4047 γὰρ
3265 3977 3551 4045 ἀφίσταται
3583 3977 3683 4048 τῆς
3718 3978 3953 4051 μητρὸς,

2379 4071 2709 4143 ὀδυνώμενον
2735 4073 2827 4125 ἐπὶ
2852 4071 2943 4126 τοῦ
2970 4070 3292 4142 στερηθῆναι
3318 4070 3410 4123 τοῦ
3435 4070 3722 4136 γάλακτος.
3760 4071 3955 4135 Οῦτως

2379 4164 2455 4220 ὢν
2511 4166 2569 4218 ἐν
2617 4168 2917 4237 συμφοραῖς
2967 4163 3138 4232 κάγὼ,
3183 4164 3365 4233 φησιν,
3414 4162 3658 4234 ηὐχόμην
3711 4164 3800 4216 ἀεὶ
3857 4165 3954 4217 τοῦ

2381 4257 2536 4312 Θεοῦ.
2572 4258 2634 4310 El
2657 4257 2712 4310 δὲ
2751 4258 2824 4328 μὴ
2850 4257 3020 4319 οῦτως
3051 4258 3189 4322 εἵην,
3218 4256 3370 4324 δίκην
3408 4255 3553 4325 δοίην
3577 4254 3819 4325 ἐσχάτην

2707 4435 2844 4504 ’ῼὸἶι
2875 4435 2993 4486 τῶν
3016 4432 3383 4502 ἀναϐαθμῶν.
3427 4437 3609 4487 PAA'.

2988 4526 3001 4544 '
3016 4527 3323 4590 Υπόθεσις.

2393 4619 2457 4672 Ἥ
2475 4620 2890 4691 τρισκαιδεκάτη
2907 4619 3014 4689 ᾠδὴ
3033 4618 3196 4690 εὐχὴν
3225 4617 3464 4688 περιέχει
3493 4616 3631 4686 ὑπὲρ
3647 4615 3740 4669 τοῦ
3756 4619 3948 4672 Δαυτδ.

2449 4713 2556 4767 Τοῦ
2607 4714 2715 4785 γὰρ
2775 4711 2996 4785 ἱλασμοῦ
3049 4715 3183 4766 πᾶσι
3233 4710 3613 4781 προξενοῦντος
3656 4712 3954 4783 ἁμαρτιῶν

2447 4807 2660 4875 ἄφεσιν,
2679 4806 2986 4875 ἀναγκαίως
3009 4806 3068 4858 τὸ
3098 4806 3320 4875 Πνεῦμα
3342 4803 3401 4856 τὸ
3435 4804 3770 4874 προφητικὸν
3804 4804 3957 4873 μετά

2446 4895 2554 4948 τῶν
2599 4895 2797 4948 λοιπῶν
2826 4896 2932 4948 τῶν
2964 4893 3301 4964 σωζομένων,
3351 4894 3443 4945 καὶ
3457 4891 3550 4945 τοῦ
3571 4892 3733 4945 Δαυτδ
3761 4911 3905 4963 φησι
3937 4909 3951 4922 ·

2453 5003 2472 5034 ι
2497 4984 2687 5058 Κύριε,
2709 4985 2991 5057 μνήσθητι,
3009 4985 3148 5038 κατὰ
3165 4985 3261 5053 τὴν
3276 4985 3553 5057 πραότητα
3575 4983 3739 5036 αὑτοῦ
3757 4983 3958 5037 ἀποδι-

2448 5081 2571 5142 δοὺς
2590 5077 2756 5148 αὐτῷ.
2787 5097 2804 5128 ι
2823 5077 2910 5140 Ὠς
2931 5077 3036 5146 γὰρ
3054 5077 3212 5140 αὐτὸς
3230 5079 3399 5148 πρᾶος
3415 5075 3487 5129 ὣν
3511 5076 3658 5145 ἠφίει
3675 5075 3753 5145 τῷ
3769 5076 3959 5130 Σαοὺλ

2447 5171 2515 5226 τὰ
2541 5172 2619 5234 εἰς
2653 5170 2809 5222 αὐτὸν
2831 5170 3162 5240 ἀδικήματα,
3188 5169 3328 5223 οῦτω
3359 5169 3452 5222 καὶ
3482 5168 3629 5240 αὐτῷ
3659 5169 3961 5244 συγχώρη-

2454 5283 2546 5319 σον
2573 5263 2670 5326 τὰς
2702 5263 3099 5334 πλημμελείας.

2448 5357 2782 5425 Μνήσθητι,
2827 5357 3021 5423 Κύριε,
3062 5354 3167 5409 τοῦ
3210 5354 3390 5407 Δαυῒδ
3433 5353 3530 5408 καὶ
3574 5352 3783 5419 πάσης
3841 5352 3960 5422 τῆς

2378 5452 2708 5520 πραότητος
2755 5449 2959 5502 αὑτοῦ.
2997 5449 3094 5514 Ὠς
3138 5429 3350 5520 ὤμοσέ
3372 5447 3449 5513 τῷ
3469 5449 3682 5518 Κυρίῳ,
3713 5448 3962 5514 ηὔξητο

2379 5542 2458 5608 τῷ
2503 5542 2624 5606 Θεῷ
2667 5542 2882 5603 Ἰακὼϐ,
2918 5541 3009 5594 καὶ
3037 5540 3107 5594 τὰ
3138 5541 3282 5610 ἑξῆς.
3314 5538 3521 5596 Μαθὼν
3549 5540 3659 5610 γὰρ
3684 5539 3744 5604 ἐξ
3787 5540 3959 5608 ἁγίου

2379 5634 2516 5687 Πνεύ
2526 5651 2712 5704 ματος,
2747 5635 2821 5695 ὡς
2841 5634 3074 5705 ἐπιδημῇ
3086 5651 3163 5688 σει
3187 5635 3296 5696 τοῖς
3322 5631 3630 5704 ἀνθρώποις
3654 5635 3683 5684 ὁ
3715 5632 3960 5705 Κύριος,
