4094 6312
186 369 274 425 521
1235 360 1597 416 EXPOSITIO
1638 361 1703 415 IN
1737 362 2065 418 PSALMUM
2101 362 2335 420 CXXXI.
3304 363 3409 417 522

182 486 366 556 ἄφεσιν
394 485 569 550 διδοὺς
588 486 694 540 τῶν
722 480 930 541 πολλῶν
976 487 1405 558 ἁμαρτημάτων,
1434 487 1528 538 καὶ
1577 485 1736 549 αὐτὸς

1847 486 2129 539 multorum
2156 496 2495 555 peccatorum
2529 484 2925 546 remissionem,
2959 492 3012 537 et
3061 498 3183 538 cum
3220 497 3340 551 sper
3380 510 3405 521 -

182 576 517 647 σωθήσεσθαι
558 578 648 631 διὰ
695 577 902 648 ταύτης
948 577 1173 639 ἐλπίσας
1204 617 1218 641 ,
1277 576 1494 630 σπεύδει
1552 578 1741 647 μαθεῖν

1850 587 1930 630 ret
1964 577 2077 645 ipse
2109 590 2202 643 per
2228 575 2345 645 ejus
2377 575 2663 629 adventum
2714 576 2938 630 salutem
2986 589 3043 628 se
3083 584 3405 629 consecutu-

184 667 303 720 πίιτε
339 666 515 730 ιἕσται,
557 668 649 721 καὶ
676 667 777 720 ποῦ
809 669 1118 738 γενήσεται,
1149 667 1268 720 τίνα
1291 666 1348 718 δὲ
1380 666 1577 737 τρόπον
1620 667 1742 719 ὲπι-

1848 687 1991 735 rum,
2022 672 2263 725 ediscere
2290 671 2468 741 gestit,
2496 672 2843 741 quandonam
2874 671 2927 725 id
2961 672 3085 729 erit.
3116 679 3169 724 et
3198 670 3287 724 ubi
3314 669 3407 722 ad-

178 756 427 827 δημήσει.
458 757 639 811 Ταῦτα
664 757 864 825 γνῶναι
905 757 1104 820 ποθῶν.
1140 758 1220 821 εἰς
1249 756 1518 829 τοσαύτην
1551 757 1741 811 ἑαυτὸν

1847 774 2109 817 venturus
2139 763 2229 827 sit,
2255 771 2309 817 et
2340 777 2577 833 quonam
2605 763 2765 817 modo
2799 762 3265 836 peregrinaturus.
3285 758 3410 814 lla-c

179 851 413 905 ὑπέϐαλε
437 852 699 915 κάκωσιν,
728 852 999 917 ὡςπᾶσαν
1028 853 1126 923 μὲν
1154 852 1533 924 παραιτεῖσθαι
1565 870 1743 925 στρω-

1847 852 2063 906 edoceri
2105 863 2387 921 ex0ptans,
2424 853 2477 906 in
2513 863 2714 908 tantam
2744 869 2863 909 sese
2900 854 3241 907 alﬂicliunem
3275 867 3409 906 con-

180 941 333 1013 μνὴν,
369 942 740 1007 ἀποτάξασθαι
764 943 820 997 δὲ
847 943 927 1014 τῷ
957 944 1111 1015 οἴκῳ,
1147 942 1359 997 κεῖσθαι
1387 943 1445 996 δὲ
1488 944 1597 1015 πρὸ
1646 943 1738 997 τοῦ

1847 941 1994 1011 jecit,
2038 952 2099 998 ut
2150 944 2347 999 lectum
2386 960 2600 999 omnem
2655 946 3009 1010 recusaverit,
3051 944 3236 997 domui
3290 944 3408 998 vale

177 1027 311 1085 Θεοῦ
358 1032 500 1087 κατὰ
536 1034 821 1105 πρόσωπον
861 1034 956 1088 τοῦ
988 1035 1325 1106 άγιάσματος
1356 1035 1442 1087 ἐπ’
1475 1035 1702 1104 ἐδάφους
1724 1076 1740 1100 ,

176 1124 321 1195 ὅρκῳ
350 1125 653 1194 βεϐαιώσας
705 1127 778 1197 μὴ
811 1127 1105 1197 ἀναστῆναι
1147 1127 1276 1198 πρὶν
1301 1126 1473 1180 ταῦτα
1531 1128 1740 1199 μαθεῖν.

187 1213 309 1267 Ἐπὶ
333 1214 391 1266 δὲ
422 1216 489 1284 τῇ
524 1214 711 1268 τούτου
740 1216 951 1287 εὐτονία
975 1214 1151 1269 λαϐὼν
1173 1212 1351 1269 οἶκτον
1383 1218 1412 1269 ὁ
1456 1216 1588 1280 Θεὸς
1620 1219 1741 1270 ἐπι-

176 1305 359 1358 νεύει·
391 1305 466 1369 ὡς
500 1306 557 1359 ἓν
583 1306 726 1374 ἅπαξ
759 1308 979 1379 ὠμόσας
1016 1309 1089 1381 μὴ
1149 1308 1423 1379 ψεύσατο·
1480 1310 1601 1363 ὅθεν
1646 1312 1742 1362 ὲκ-

174 1397 435 1468 ήνεγκενο
485 1397 637 1452 Ἰδοὺ
676 1400 1022 1469 ἠκούσαμεν
1059 1400 1254 1469 αὐτὴν
1288 1402 1359 1454 ἐν
1380 1401 1703 1471 Εὐφρανθά
1723 1419 1737 1431 ο

174 1488 312 1559 αὕτη
339 1488 488 1541 ιστίν
533 1491 566 1560 ή
603 1488 867 1560 Βηθλεέμ.
910 1489 1043 1543 Τίνα
1080 1490 1136 1543 δὲ
1183 1490 1353 1562 αὐτὴν
1395 1490 1427 1560 ἢ
1478 1492 1577 1562 τὴν
1619 1490 1744 1561 μέλ-

175 1576 369 1629 λουσαν
394 1575 611 1629 ἔσεσθαι
638 1577 843 1649 Κυρίου
872 1577 1113 1643 ἕλευσιν;

236 1668 510 1736 Εὗρομεν
539 1668 737 1737 αὐτὴν
777 1670 847 1722 ἐν
891 1668 1008 1735 τοῖς
1067 1669 1295 1736 πεδίοις
1342 1669 1447 1725 τοῦ
1491 1669 1740 1739 δρυμοῦ.

178 1751 245 1811 Τὸ
270 1758 383 1829 γὰρ
427 1759 687 1831 σπήλαιον
720 1763 779 1814 ὲν
880 1762 1169 1833 γεγένηται
1201 1764 1230 1815 ὁ
1262 1762 1494 1833 Χριστὸς
1542 1764 1599 1816 ὲν
1642 1780 1738 1815 πε-

174 1852 302 1915 δίοις
333 1853 502 1917 ἐστὶν,
542 1854 659 1923 ἦτοι
684 1857 797 1919 τοῖς
831 1856 1040 1927 ἀγροῖς.

246 1948 731 2016 Εἰσελευσόμεθα
756 1951 841 2014 εἰς
870 1950 941 2003 τὰ
978 1949 1341 2018 σκηνώματα
1376 1949 1583 2003 αὐτοῦ.
1633 1947 1743 2012 Τὰς

177 2038 316 2091 κατὰ
348 2039 540 2110 καιρὸν
578 2040 842 2110 ἐσομένας
886 2040 1212 2112 Ἐκκλησίας
1244 2041 1521 2111 σημαίνει.
1552 2044 1741 2108 Προσ⁶

176 2130 523 2198 πενθήσομεν
563 2133 650 2196 εις
689 2131 798 2183 τὸν
840 2132 1027 2185 τόπον
1060 2127 1131 2187 οὗ
1164 2132 1437 2199 ἔστησαν
1473 2136 1527 2187 οἱ
1560 2133 1743 2199 πόδες

176 2220 379 2274 αὐτοῦ.
418 2221 491 2273 Τὸ
530 2221 653 2292 ὅρος
673 2221 781 2274 τῶν
820 2222 1040 2275 Ἐλαιῶν
1073 2240 1259 2295 φησιν,
1306 2222 1433 2275 ἔνθα
1458 2226 1563 2286 πᾶς
1597 2242 1739 2294 παρ-

178 2312 466 2385 ερχόμενος
494 2316 808 2385 προσκυνεῖ.

260 2402 603 2471 Ἀνάστηθι,
628 2406 821 2473 Κύριε,
844 2408 931 2473 εις
957 2406 1074 2475 τὴν
1091 2407 1439 2463 ἀνάπαυσιν
1466 2424 1601 2462 σου.
1631 2409 1744 2478 Τὴν

180 2497 258 2560 τις
278 2498 544 2569 οὐρανοὺς
569 2497 833 2566 ἀνάληψιν
867 2498 1278 2551 ὲπισπεύδουσιν
1314 2498 1501 2552 αὑτοῦ.
1533 2500 1616 2554 Σὺ
1644 2499 1743 2552 καὶ

178 2585 215 2652 ἡ
240 2584 484 2650 κιϐωτὸς
512 2585 615 2639 τοῦ
641 2587 1005 2654 άτιὰσματός
1042 2601 1179 2641 σου.
1213 2586 1457 2641 meum
1478 2589 1568 2640 τοῦ
1593 2590 1745 2656 άγιά-

179 2693 377 2750 σματος
407 2678 508 2749 τὴν
535 2678 695 2747 ἁγίαν
729 2679 891 2733 αὐτοῦ
922 2680 1098 2751 σάρκα
1125 2681 1309 2751 φησιν.

246 2773 311 2824 οι
363 2770 537 2838 ἱερεῖς
582 2784 698 2825 σου
726 2770 1081 2826 ὲνδὺσονται
1128 2772 1541 2839 δικαιοσύνην.
1598 2773 1740 2825 Οὐκ-

177 2858 275 2923 έτι,
302 2861 461 2931 φησὶ,
488 2861 628 2913 κατὰ
652 2860 740 2914 τὸν
772 2860 935 2930 νόμον
967 2861 1177 2925 στολάς,
1203 2863 1315 2915 ἀλλ’
1344 2863 1512 2932 αὐτὴν
1538 2862 1633 2932 τὴν
1659 2863 1741 2916 δι-

178 2949 487 3019 καιοσύνην.
525 2947 847 3019 Δικαιοσύνη
874 2949 930 3001 δὲ
958 2952 986 3001 ὀ
1012 2949 1262 3019 Χριστός.

244 3039 493 3093 Ἕνεκεν
518 3038 697 3092 Δαυῒδ
716 3038 822 3094 τοῦ
853 3039 1076 3093 δούλου
1106 3054 1223 3092 σου
1240 3039 1325 3108 μὴ
1351 3039 1744 3109 ἀποστρέψῃ(

176 3129 242 3183 τὸ
266 3132 591 3197 πρόσωπον
610 3130 713 3183 τοῦ
744 3129 996 3198 Χριστοῦ
1022 3146 1159 3185 σου.
1190 3131 1342 3184 Μετὰ
1366 3132 1467 3202 τῆς
1500 3135 1579 3195 εὶς
1615 3134 1745 3185 πάν-

1848 1033 2063 1089 dixcrit.
2091 1046 2144 1089 et
2194 1043 2319 1089 ante
2364 1035 2528 1090 Deum
2570 1035 2735 1090 iaceat
2768 1037 2916 1090 humi
2961 1046 3259 1092 prostratus
3286 1043 3409 1090 ante

1850 1125 2043 1181 [acrem
2073 1129 2617 1198 sanctuarii,juratus
2640 1144 2697 1182 se
2728 1145 3004 1197 nunquam
3037 1138 3368 1181 surrcctnr...
3392 1163 3405 1179 .

1851 1216 1955 1273 nisi
1990 1218 2102 1271 haec
2130 1218 2411 1272 edisceret.
2449 1218 2531 1272 Ol)
2552 1218 2672 1287 ejus
2704 1219 3158 1288 perseverantiam
3198 1219 3409 1271 miseri-

1849 1307 2033 1362 cordia
2061 1317 2242 1363 motus
2265 1307 2429 1371 Deus,
2453 1310 2645 1363 annuit
2675 1310 2772 1379 ipsi
2801 1324 2816 1362 :
2841 1325 2904 1363 ac
2928 1318 3213 1379 postquam
3242 1311 3404 1361 semel

1847 1399 2049 1467 juravit
2096 1415 2201 1452 non
2234 1398 2604 1457 l'rustrabitur.
2635 1400 2812 1467 Quare
2845 1401 3061 1453 intulit:
3096 1398 3223 1451 Ecce
3256 1400 3409 1450 andi-

1852 1489 2016 1541 vimus
2036 1503 2149 1541 eam
2167 1488 2221 1541 in
2246 1487 2538 1557 Ephratha,
2567 1491 2682 1559 ipsa
2709 1500 2792 1545 est
2821 1488 3405 1556 Bethleliem.Ecquarn

1851 1578 2056 1632 audivit
2085 1579 2185 1633 nisi
2221 1579 2454 1633 futuram
2482 1581 2963 1650 peregrinationem
2994 1579 3239 1632 Domini?

1882 1674 1886 1679 ’
1955 1666 2007 1720 ϐ.
2033 1666 2328 1721 Invenimus
2351 1684 2463 1721 eam
2491 1669 2544 1720 in
2575 1669 2773 1735 campis
2806 1667 2971 1720 silum.
2996 1664 3128 1719 Nam
3156 1666 3408 1735 Spelunca

1852 1766 1943 1820 nlii
1993 1775 2151 1820 natus
2202 1776 2285 1820 est
2322 1766 2569 1820 Christus
2618 1765 2671 1818 in
2720 1764 2960 1834 planitie,
2992 1778 3086 1816 seu
3122 1764 3173 1816 in
3205 1764 3412 1829 campis

1776 1849 1816 1903 Β
1845 1865 1946 1910 est.

1920 1952 1970 2004 7.
2029 1950 2370 2003 Introibimus
2414 1949 2471 2000 in
2515 1946 2910 2001 tabernaculum
2955 1944 3086 2013 ejus.
3144 1940 3412 1997 Ecclesias

1849 2041 2196 2112 snbsequenti
2226 2050 2470 2109 tempore
2503 2038 2715 2092 futuras
2743 2038 3030 2105 significat.
3062 2034 3410 2087 Adorabimus

1850 2134 1903 2186 in
1936 2132 2049 2185 loco
2094 2130 2179 2184 ubi
2228 2138 2480 2183 steterunt
2503 2129 2655 2196 pedes
2694 2129 2831 2197 ejus.
2867 2126 3098 2179 Montem
3135 2123 3408 2177 Olivarmn

1849 2224 1999 2289 dicit,
2033 2223 2120 2277 ubi
2144 2223 2324 2276 omnis
2358 2222 2447 2291 qui
2480 2222 2772 2290 pertransit
2816 2219 3026 2273 adorat.

1919 2402 1972 2456 8.
2006 2400 2193 2471 Surge,
2222 2400 2456 2462 Domine,
2482 2400 2536 2452 in
2559 2399 2783 2467 requiem
2814 2408 2981 2452 tuam.
3008 2398 3139 2467 Ejus
3172 2398 3222 2452 in
3245 2400 3412 2452 cmlos

1850 2508 2136 2549 ascensum
2184 2490 2364 2544 videre
2393 2490 2646 2560 gestiunt.
2685 2487 2761 2541 Tu
2790 2499 2841 2541 et
2885 2505 3011 2542 arca
3033 2488 3411 2556 sanctiﬁcatio-

1852 2584 1932 2637 nis
1958 2592 2081 2637 tute.
2126 2582 2321 2634 Arcam
2373 2579 2819 2634 sanctificationis
2855 2588 3097 2633 sanctam
3130 2578 3247 2647 ejus
3288 2594 3409 2632 rar-

1849 2687 1971 2726 nem
1997 2680 2171 2724 νοοαι.

1922 2757 1972 2811 9.
2004 2756 2310 2810 Sacerdotes
2346 2757 2422 2808 tui
2455 2756 2735 2808 induantur
2761 2756 3050 2825 justitiam.
3093 2756 3209 2812 Non
3251 2759 3413 2816 vesti-

1851 2858 2029 2902 menta
2050 2848 2115 2901 de
2143 2846 2527 2914 more,inquit,
2560 2846 2651 2899 sed
2678 2849 2846 2913 ipsam
2872 2846 3169 2913 iustitiam;
3200 2847 3411 2916 justitia

1852 2950 2030 2994 autem
2057 2949 2140 2994 est
2168 2938 2438 2993 Christus.

1925 3033 2009 3085 10.
2060 3030 2283 3098 Propter
2319 3032 2484 3083 David
2530 3047 2733 3083 servum
2770 3040 2915 3084 tuum
2959 3046 3060 3083 non
3092 3040 3294 3084 avertas
3329 3033 3411 3099 {a-

1850 3121 1978 3174 ciem
2031 3120 2230 3176 Clu-isti
2272 3123 2369 3175 tui.
2422 3122 2534 3190 (5|)
2566 3120 2702 3174 Cum
2744 3121 3128 3175 beneﬁciorum
3159 3123 3411 3176 omnibus

176 3237 274 3284 τας
302 3220 622 3292 ἀνθρώπους
654 3221 970 3293 εὐεργεσίας
1002 3222 1096 3276 καὶ
1122 3222 1217 3275 τοῦ
1244 3223 1405 3277 Δαυῖδ
1430 3224 1696 3297 μνήσθητι
1725 3268 1739 3291 ,

1851 3213 2158 3268 hominibus
2184 3214 2520 3276 collatorum,
2554 3220 2666 3265 tum
2698 3208 2913 3266 Davidis
2938 3224 3227 3279 memento,
3251 3230 3408 3283 quem

176 3311 206 3362 ὁ
237 3310 468 3380 ποιήσας
494 3310 657 3364 αὑτὸν
686 3311 1030 3383 ἐπιστρέφειν
1058 3310 1147 3363 διὰ
1176 3311 1272 3381 τὴν
1301 3312 1595 3383 ἁμαρτίαν.
1627 3314 1748 3366 Δοῦ-

176 3400 268 3466 λος
296 3403 401 3475 γὰρ
435 3404 463 3451 ο
493 3400 554 3466 ἐξ
582 3402 743 3455 αὑτοῦ
773 3402 912 3455 κατὰ
949 3402 1127 3472 σάρκα
1150 3402 1327 3455 λαϐὼν
1365 3405 1465 3473 τὴν
1502 3406 1596 3457 τοῦ
1622 3406 1747 3458 δού-

176 3492 273 3547 λου
303 3496 540 3567 μορφήν.

253 3587 473 3655 Ὠμοσε
510 3584 729 3655 Κύριος
772 3585 852 3651 τῷ
901 3585 1081 3640 Δαυῒδ
1129 3585 1434 3652 ἀλήθειαν.
1483 3590 1591 3643 Καὶ
1643 3590 1745 3643 ποῦ

173 3676 256 3739 τὺ,
286 3677 530 3748 ὥμοσεν;
573 3680 632 3730 ἐν
676 3677 755 3749 τῷ
797 3680 968 3733 εἰπεῖν
1009 3693 1143 3751 προς
1182 3680 1375 3733 αὐτόν·
1409 3679 1522 3734 Καὶ
1549 3682 1742 3747 ἔσται,

173 3767 321 3823 ὅταν
353 3768 753 3838 πληρωθῶσιν
784 3773 843 3822 al
870 3770 1081 3840 ἡμέραι
1103 3786 1244 3837 σου,
1278 3772 1377 3826 καὶ
1406 3776 1744 3846 κοιμηθήσῃ

166 3860 320 3925 μετὰ
339 3858 459 3913 τῶν
480 3859 749 3929 πατέρων
766 3877 903 3924 σου,
927 3861 1333 3928 ἀναστήσεται
1346 3865 1414 3917 ἐκ
1440 3864 1543 3917 τοῦ
1563 3866 1745 3932 σπέρ-

165 3952 357 4017 ματός
387 3966 506 4005 σου
536 3951 747 4017 ἄλλος,
795 3950 863 4017 ὃς
893 3953 1063 4006 ἔσται
1094 3955 1163 4007 ὲκ
1206 3952 1313 4022 τῆς
1352 3957 1581 4020 κοιλίας
1601 3972 1741 4011 σου.

174 4038 287 4094 Καὶ
308 4040 604 4112 ἑτοιμάσω
635 4045 722 4108 εὶς
749 4041 856 4095 τὸν
890 4041 1077 4098 αἰῶνα
1112 4043 1229 4113 τὴν
1264 4046 1593 4110 βασιλείαν
1638 4050 1745 4100 αὺ-

170 4132 302 4187 τοῦ.
344 4132 536 4200 Αὐτὸς
575 4133 956 4203 οἰκοδομήσει
999 4136 1167 4190 οἷκον
1212 4136 1291 4203 τῷ
1325 4130 1569 4208 ὀνὸἱιατί
1596 4157 1737 4210 μου·

171 4228 276 4283 καὶ
319 4226 640 4295 ἀνορθώσω
698 4225 812 4294 τὴν
856 4227 1183 4291 ,βασιλείαν
1238 4230 1425 4285 αὐτοῦ
1478 4235 1563 4298 εις
1638 4232 1744 4285 τήν

169 4315 379 4371 αἰῶνα.
420 4314 560 4386 Ἐγὼ
585 4314 798 4383 ἔσομαι
824 4315 984 4383 αὐτῷ
1012 4321 1099 4371 elo
1132 4320 1388 4386 πατέρα.
1420 4322 1518 4376 καὶ
1560 4322 1742 4390 αὐτὸς

167 4408 345 4460 ἐσται
373 4422 475 4474 μοι
507 4407 595 4469 εις
620 4407 774 4458 υἱόν.

254 4494 402 4549 Ἐὰν
455 4493 834 4563 φυλάξωνται
877 4498 933 4550 ol
976 4498 1094 4550 vlo!
1134 4514 1251 4553 σου
1298 4500 1413 4567 τὴν
1448 4501 1739 4571 διαθήκην

158 4602 308 4656 μου.
343 4584 457 4655 Τὴν
499 4584 792 4655 μέλλουσαν
823 4586 1007 4656 σαφῶς
1039 4564 1405 4663 ἀνακηρύττει
1450 4564 1734 4665 διαθήκην,
1772 4564 1822 4621 D

165 4678 235 4747 ἢν
267 4679 320 4731 ει
348 4672 489 4746 ἦσαν
516 4676 847 4745 φυλάξαντες
871 4680 919 4731 οἱ
942 4679 1082 4733 κατὰ
1108 4680 1285 4750 σάρκα
1308 4683 1412 4736 υἱοὶ
1440 4684 1530 4737 τοῦ
1554 4685 1737 4752 Δαυτδ,

164 4767 395 4837 εμελλον
440 4767 507 4822 ἂν
550 4768 626 4839 μὴ
681 4769 932 4822 ἐκπεσεῖν
978 4769 1080 4840 τῆς
1123 4773 1530 4846 ἡτοιμασμένης
1587 4777 1740 4845 βασι-

166 4858 341 4911 λείας.

230 4858 404 5019 Tum
454 4951 493 5018 ἡ
538 4951 915 5019 κατάπαυσις
938 4971 1058 5023 μου
1086 4956 1176 5020 εις
1215 4955 1419 5009 αἰῶνα.
1467 4958 1528 5011 Εἰ
1567 4958 1674 5011 γὰο
1712 4961 1740 5012 ὁ

162 5044 337 5097 πάλαι
363 5042 492 5105 ναὸς
520 5042 725 5113 ἔρημος
753 5044 839 5098 διὰ
891 5047 1088 5115 μανίαν
1134 5047 1241 5100 τῶν
1296 5048 1587 5114 Ἰουδαιων,
1621 5050 1736 5104 αλλ’

160 5127 257 5184 οὖν
286 5133 406 5184 ἐκεῖ
429 5131 595 5184 πάλιν
623 5135 718 5187 καὶ
745 5131 837 5185 τοῦ
860 5135 1115 5205 σταυροῦ,
1133 5137 1227 5189 καὶ
1247 5137 1345 5204 τῆς
1372 5140 1737 5205 ἀναστάσεως,

159 5222 258 5273 καὶ
294 5221 395 5291 τῆς
425 5219 743 5291 ἀναλήψεως
768 5222 837 5276 τά
872 5224 1046 5294 χωρία
1072 5224 1172 5296 τῆς
1204 5224 1351 5289 Θείας
1384 5229 1610 5297 ἠξίωται
1642 5239 1739 5301 χά-

200 5328 341 5374 ιτος.

200 5328 341 5374 ιτος.

163 5328 195 5384 ρ
234 5403 367 5469 Τὴν
390 5401 582 5471 θήραν
613 5403 803 5471 αὐτῆς
819 5408 1084 5477 culorum
1114 5408 1446 5478 εὐλογήσω.
1474 5413 1739 5468 Ἕκαστος

1850 3312 2071 3373 propter
2102 3314 2381 3373 peccatum
2420 3303 2487 3355 ad
2518 3301 2926 3355 conversionem
2956 3302 3247 3357 adduxisti.
3286 3302 3383 3357 Ser

1849 3411 1949 3448 vus
1978 3396 2177 3465 quippe
2207 3403 2287 3449 est
2330 3394 2422 3463 qui
2452 3408 2517 3447 ex
2553 3394 2647 3448 illo
2690 3392 2989 3447 secundum
3022 3409 3239 3448 carnem
3270 3411 3411 3448 εει-γι

1846 3487 2079 3541 formant
2113 3489 2338 3556 accepit.

1921 3579 2004 3633 ll.
2028 3577 2239 3632 Juravit
2265 3579 2519 3632 Dominus
2559 3578 2725 3633 David
2752 3584 3038 3635 veritatem.
3078 3578 3143 3633 Et
3165 3580 3408 3648 quando-

1847 3685 1971 3723 nam
1989 3668 2224 3737 juravit?
2247 3684 2369 3721 cum
2389 3668 2590 3723 diceret
2611 3672 2658 3724 ei
2678 3672 2757 3726 ⁸⁹;
2792 3671 2859 3726 Ει
2882 3673 2983 3725 erit
3005 3681 3280 3741 postquam
3305 3673 3376 3725 im
3398 3701 3407 3710 -

1845 3761 1970 3830 pleti
1995 3761 2189 3830 fuerint
2216 3760 2327 3813 dies
2361 3761 2457 3825 tui,
2492 3770 2539 3812 et
2574 3760 2851 3815 dormieris
2880 3777 2997 3814 cum
3018 3761 3256 3829 patribus
3281 3764 3408 3824 tuis,

1848 3861 2088 3922 exsurget
2121 3866 2184 3903 ea:
2218 3851 2411 3904 semine
2447 3860 2535 3903 tuo
2578 3852 2715 3904 alius
2737 3854 2827 3921 qui
2860 3853 2961 3905 erit
2997 3868 3061 3904 ex
3088 3862 3258 3905 ventre
3282 3864 3406 3906 tuo:

1846 3957 1895 3996 et
1931 3942 2237 4011 prwparubo
2270 3942 2323 3992 in
2351 3941 2600 3993 secutum
2632 3957 2843 4008 regnum
2873 3941 3008 4009 ejus,
3042 3941 3149 4007 ipse
3176 3941 3409 4010 asdiﬁca-

1848 4034 1923 4087 bit
1963 4037 2173 4085 domum
2209 4030 2408 4085 nomini
2441 4047 2552 4084 meo
2584 4047 2601 4085 :
2634 4041 2684 4085 et
2726 4032 2926 4100 erigant
2959 4048 3171 4102 regnum
3214 4034 3327 4102 ejus
3355 4036 3407 4088 in

1845 4125 2117 4179 saculum.
2147 4122 2257 4193 Ego
2284 4140 2371 4180 ero
2398 4124 2478 4177 illi
2520 4126 2572 4176 in
2603 4132 2827 4192 patrem,
2850 4134 2900 4177 et
2926 4124 3034 4190 ipse
3065 4126 3163 4179 erit
3195 4127 3319 4177 milii
3352 4142 3405 4178 in

1846 4217 2039 4284 ﬁlium.

1917 4522 2002 4574 12.
2035 4520 2092 4575 Si
2141 4523 2482 4576 custodierint
2527 4524 2625 4599 ﬁlii
2676 4525 2753 4576 tui
2807 4536 3172 4579 testamentum
3210 4543 3402 4585 meum.

1843 4610 2110 4666 Futurum
2161 4621 2541 4669 testamentum
2579 4627 2761 4687 aperte
2804 4618 3147 4685 praenuntiat,
3176 4621 3318 4688 quod
3354 4621 3401 4675 si

1842 4704 2207 4759 custodissent
2228 4706 2322 4775 qui
2348 4722 2413 4760 ex
2432 4705 2633 4762 Davide
2649 4711 2947 4763 secundum
2982 4725 3199 4765 carnem
3223 4724 3399 4773 erant,

1842 4791 2083 4847 futurum
2126 4802 2243 4849 erat
2294 4804 2353 4850 ut
2396 4811 2427 4850 a
2468 4807 2657 4867 parato
2703 4800 2803 4853 sibi
2838 4816 3004 4870 regno
3034 4816 3141 4854 non
3182 4803 3401 4856 excide-

1841 4894 1977 4942 rent.

1917 4975 2152 5031 14.11am
2198 4980 2394 5048 requies
2436 4997 2550 5034 utea
2597 4982 2647 5034 in
2692 4982 2963 5037 sarculum.
2999 4985 3135 5039 Nam
3184 4986 3229 5041 si
3262 4987 3403 5041 anti-

1840 5082 2007 5136 quum
2040 5067 2170 5122 illud
2207 5070 2487 5139 templum,
2509 5072 2578 5126 ob
2607 5071 2916 5129 Iudaeorum
2945 5076 3184 5131 furorem
3216 5079 3401 5133 deser-

1844 5170 1954 5213 tum
1986 5160 2075 5219 sit.
2096 5172 2150 5214 at
2177 5162 2372 5216 ibidem
2397 5163 2511 5218 loca
2533 5168 2732 5233 crucis,
2752 5170 3184 5235 resurrectionis,
3208 5185 3401 5227 ascen-

1840 5249 2012 5304 sionis
2047 5251 2227 5305 divina
2257 5254 2429 5321 gratia
2465 5256 2662 5310 donata
2685 5267 2831 5312 sunt.

1917 5406 1996 5460 l5.
2032 5406 2223 5462 Escam
2261 5411 2371 5479 ejus
2418 5415 2717 5471 benedicens
2763 5416 3080 5470 benedicam.
3137 5415 3399 5483 Pauperes

156 5497 270 5568 γὰρ
304 5494 411 5547 τῶν
444 5496 719 5560 τοιούτων,
751 5495 959 5551 δικαίου
1012 5500 1233 5570 σπέρμα
1276 5504 1589 5575 τυγχάνων.
1641 5508 1740 5561 οὐκ

1847 5497 1952 5566 ejus
1975 5501 2225 5554 saturabo
2257 5505 2501 5570 panibus.
2537 5504 2746 5576 Singuli
2786 5524 3020 5563 namuue
3055 5522 3243 5561 eorum
3265 5507 3396 5575 justi

226 5648 276 5680 ιν
314 5647 357 5701 ll
386 5646 524 5716 Reg.
550 5663 647 5709 νυ,
683 5647 866 5704 ιε-ιι.

229 5809 355 5877 (5|)
384 5806 701 5876 lmplicatus
722 5809 893 5863 locus.

451 5890 646 5959 Pun.
706 5900 823 5961 Gn.
885 5901 1146 5963 XXVII.

2972 5907 3049 5965 17
