4094 6312
724 342 829 396 5ἳὸ

1563 336 1618 389 S.
1663 333 2034 390 ATHANASII
2074 329 2224 387 OPP.
2269 331 2448 385 PARS
2489 331 2580 388 111.
2621 365 2692 375 -
2733 331 3141 388 EXEGETICA.
3855 333 3943 387 526

754 477 905 513 einen
946 474 1068 512 cum
1101 458 1206 513 sint
1237 473 1340 512 non
1375 465 1532 527 egent
1565 457 1816 526 panibus.
1855 454 2121 511 Scribitur
2143 468 2280 522 quo-

2386 453 2697 507 ὲλαττοῦται
2721 452 2925 524 ἄρτοις.
2959 453 3233 524 Γράφεται
3256 452 3310 505 δὲ
3349 453 3460 515 καὶ,
3490 451 3610 519 Τὴν
3643 451 3840 521 χήραν
3855 455 3944 504 αὑ-

727 570 876 624 .μιε;
932 551 1153 604 Viduam
1204 551 1353 621 ejus,
1399 550 1605 604 scilicet
1651 564 1769 604 eam
1815 564 1936 618 qua:
1980 546 2282 617 patrocinio

724 651 890 699 caret.
921 641 1176 697 Pauperes
1199 642 1311 710 ejus
1333 641 1582 694 saturabo
1601 640 1844 708 panibus.
1869 636 1924 692 ld
1949 649 2050 702 est,
2073 653 2168 691 eos
2189 636 2281 705 qui

725 731 1018 785 secundum
1073 729 1240 783 Deum
1293 744 1557 799 pauperes
1598 737 1746 782 sunt.
1804 727 2044 782 Panibus
2100 737 2282 780 autem

723 820 1117 889 spiritualibus.

792 913 876 966 16.
921 912 1222 967 Sacerdotes
1272 910 1385 979 ejus
1446 911 1663 962 induant
1713 907 1963 962 salutari.
1998 907 2118 975 Ipse
2153 904 2278 957 item

725 1002 973 1057 Christus
1003 1011 1107 1066 est,
1139 1003 1228 1072 qui
1258 1003 1490 1056 salutare
1515 1008 1617 1064 cst,
1639 999 1847 1067 justitia
1869 1011 2085 1067 quoque
2119 1007 2281 1063 supra

723 1105 964 1148 vocatus.

790 1187 870 1239 17.
898 1185 1036 1239 Illuc
1063 1189 1345 1252 producam
1376 1200 1535 1238 cornu
1568 1181 1752 1236 David.
1783 1179 1901 1247 Quo
1927 1189 2167 1248 tempore
2194 1191 2282 1230 sa-

719 1278 890 1333 lutare
920 1279 1213 1348 apparebit,
1247 1277 1414 1346 gloria
1444 1275 1660 1330 Davidis
1693 1275 1917 1328 orietur.
1959 1272 2150 1325 Paravi
2195 1269 2280 1322 lu-

727 1384 924 1421 ‘ernam
950 1367 1157 1424 Christo
1204 1386 1334 1421 meo.
1389 1367 1500 1421 Hoc
1534 1369 1601 1421 de
1636 1366 1843 1420 Joanne
1873 1367 1966 1427 ait,
1992 1365 2146 1434 juxta
2171 1362 2280 1415 Do-

719 1462 847 1516 mini
884 1461 1083 1514 dictum
1115 1479 1125 1513 :
1165 1460 1284 1528 Ipse
1314 1469 1426 1511 erat
1455 1459 1669 1512 lucerna
1701 1458 1890 1511 ardens
1921 1466 1968 1509 et
2003 1457 2180 1508 lucens
2211 1455 2276 1506 ’°.

1053 1731 1328 1784 Canticum
1355 1745 1630 1798 graauum.
1669 1727 1960 1782 CXXXII.

1296 1823 1697 1890 Argumentum.

713 1916 988 1971 Decimum
1017 1925 1272 1985 quartum
1300 1917 1568 1969 canticmn
1597 1914 1835 1968 declarat
1858 1915 2058 1969 bonum
2092 1930 2119 1966 a
2157 1912 2281 1969 Sal-

783 2021 995 2069 vatore,
1042 2016 1328 2075 postquam
1385 2007 1561 2060 illuxit
1605 2006 1953 2071 hominibus,
2003 2006 2278 2070 collatum,

780 2099 966 2151 dicens
1001 2116 1014 2150 :

782 2191 831 2254 1,
853 2189 906 2242 2.
943 2187 1075 2241 Ecce
1120 2205 1275 2257 quam
1301 2189 1489 2241 bonum
1517 2197 1564 2240 et
1600 2203 1756 2254 quam
1776 2187 2088 2257 jucundum.
2129 2186 2277 2242 Sicut

711 2290 1026 2350 unguentum
1057 2281 1109 2331 in
1141 2281 1328 2348 capite,
1346 2279 1484 2349 quod
1511 2278 1772 2331 descendit
1803 2278 1858 2330 in
1886 2277 2121 2330 barbam.
2141 2276 2277 2332 Cum

710 2381 1031 2442 congregata
1054 2410 1070 2436 ,
1133 2373 1308 2440 inquit
1332 2410 1345 2432 ,
1380 2372 1541 2423 fuerit
1599 2369 1835 2424 Ecclesia
1860 2409 1874 2432 ,
1900 2378 1953 2423 et
1989 2371 2276 2438 quemdam

708 2480 808 2520 ceu
833 2473 1152 2518 concentum
1192 2463 1414 2518 fecerit:
1454 2471 1566 2516 tum
1603 2462 1788 2514 unctio
1836 2462 2011 2515 sancti
2040 2460 2278 2530 Spiritus

707 2573 773 2615 ac
801 2558 1162 2612 sacerdotium
1189 2555 1493 2615 inducetur,
1521 2553 1752 2622 primum
1784 2554 2001 2622 quidem
2033 2554 2086 2606 in
2118 2563 2279 2622 caput

712 2649 999 2713 Ecclesiae,
1039 2646 1183 2717 quod
1234 2656 1316 2701 est
1356 2645 1606 2701 Christus
1650 2646 1885 2700 :deinde
1933 2647 1986 2700 in
2030 2645 2272 2711 barbam,

711 2753 832 2806 qua:
879 2746 962 2792 est
1006 2737 1170 2791 decor
1210 2733 1366 2789 faciei
1401 2734 1673 2790 Ecclesiae.
1707 2734 1805 2788 llic
1843 2746 2024 2792 autem
2073 2737 2276 2790 intelli-

713 2837 914 2897 guntur
961 2827 1209 2896 apostoli.
1239 2827 1519 2881 Postremo
1562 2838 1738 2882 autem
1772 2829 1837 2881 ad
1867 2837 2039 2881 totum
2077 2843 2275 2895 corpus

714 2920 1043 2987 pertransiit,
1074 2920 1124 2973 id
1175 2927 1257 2973 est
1287 2920 1352 2972 ad
1401 2934 1587 2972 omnes
1621 2924 1712 2989 qui
1748 2919 1802 2972 in
1843 2917 2081 2974 Ecclesia
2115 2919 2275 2975 Chri-

712 3019 854 3064 stum
887 3010 1198 3063 induerunt.

781 3188 836 3243 5.
856 3187 1115 3252 Quoniam
1138 3189 1247 3241 illic
1270 3189 1536 3241 mandavit
1571 3186 1821 3240 Dominus
1846 3187 2271 3255 benedictionem,

707 3285 760 3334 et
787 3280 947 3333 vitam
977 3295 1136 3348 usque
1165 3281 1220 3330 in
1243 3279 1513 3332 saeculum.
1547 3277 1666 3329 Illic
1684 3318 1699 3342 ,
1726 3278 1834 3340 ait,
1865 3279 2108 3332 videlicet
2134 3281 2274 3347 apud

713 3370 905 3426 fratres
936 3373 1240 3425 habitantes
1285 3372 1337 3423 in
1374 3386 1538 3422 unum
1569 3387 1582 3433 ;
1616 3379 1663 3422 et
1709 3370 1910 3432 vitam;
1946 3386 2050 3423 non
2087 3386 2278 3437 quam-

712 3461 862 3524 libet,
912 3462 1005 3515 sed
1052 3461 1432 3514 immortalem.
1475 3460 1526 3513 In
1577 3458 1704 3513 Sion
1760 3460 1902 3513 enim
1947 3461 2276 3515 sanctissimi

714 3552 950 3618 Spiritus
980 3570 1071 3609 ros
1106 3554 1352 3608 vivilicus
1385 3555 1438 3608 in
1476 3569 1662 3608 sacros
1699 3553 1975 3622 apostolos
2007 3555 2277 3609 demissus

711 3654 817 3712 cst,
848 3661 941 3715 per
976 3661 1136 3716 quem
1190 3661 1378 3700 omnes
1425 3647 1518 3716 qui
1566 3646 1792 3700 credunt
1842 3647 2273 3702 benedictionem

708 3746 965 3793 sternam
997 3749 1422 3808 consequuntur.
1461 3737 1682 3792 Illorum
1709 3736 1853 3790 enim
1889 3751 1982 3790 cor
2011 3746 2065 3791 et
2094 3737 2275 3791 anima

712 3843 844 3885 una.

1027 4009 1300 4064 Canticum
1336 4013 1611 4080 graduum.
1631 4010 1958 4066 CXXXIII.

779 4101 832 4155 1.
885 4099 1014 4156 Ecce
1057 4119 1192 4156 nunc
1236 4105 1516 4159 benedicite
1565 4103 1880 4169 Dominum,
1924 4120 2098 4158 omnes
2142 4105 2276 4162 servi

717 4190 949 4248 Domini.

1291 4285 1331 4338 Α
1344 4297 1691 4355 rgumentum.

714 4370 992 4432 Decimum
1020 4376 1270 4446 quintum
1303 4377 1599 4438 canticum,
1634 4378 1787 4443 jubet
1827 4392 1923 4432 eos
1973 4377 2065 4447 qui
2099 4377 2276 4431 adhuc

786 4465 841 4519 in
869 4464 1106 4521 Ecclesia
1134 4466 1512 4521 catechumeni
1536 4477 1664 4519 sunt
1693 4466 1910 4520 laudare
1933 4465 2124 4520 Deum.
2153 4463 2278 4520 Ser-
2310 4473 2354 4528 D

782 4571 881 4610 vos
913 4566 1090 4611 autem
1129 4566 1285 4611 vocat
1334 4557 1515 4626 ipsos,
1554 4565 1737 4626 utpote
1774 4560 1864 4626 qui
1899 4557 2140 4611 nondum
2187 4556 2275 4611 ad-

783 4652 1003 4722 Optione
1030 4652 1227 4721 dignati
1253 4654 1379 4707 sint.
1404 4651 1458 4705 2.
1488 4650 1553 4705 In
1572 4651 1810 4704 noctibus
1833 4652 2066 4706 extollite
2092 4667 2278 4706 manus

783 4752 980 4796 vestras
1021 4743 1074 4794 in
1110 4752 1312 4796 sancta.
1369 4741 1421 4794 In
1469 4743 1716 4797 noctibus
1760 4742 1936 4797 adhuc
1983 4743 2280 4798 consistere

784 4836 907 4890 illos
945 4838 1039 4895 ait,
1071 4836 1196 4905 quia
1241 4838 1478 4888 nondum
1511 4833 1745 4904 Spiritus
1790 4837 1962 4890 saneti
2003 4836 2277 4890 illumina-

783 4927 931 4982 tione
952 4928 1131 4980 donati
1157 4938 1301 4981 sunt.

787 5018 840 5074 5.
874 5018 1153 5071 Benedicat
1186 5029 1232 5070 te
1263 5017 1511 5071 Dominus
1538 5033 1600 5069 ex
1637 5016 1784 5070 Sion.
1821 5016 1898 5070 Ex
1937 5016 2065 5070 Sion
2104 5016 2233 5070 dicit
2263 5036 2277 5070 :

715 5108 843 5177 quia
886 5109 989 5162 hoc
1035 5124 1229 5162 nomen
1264 5109 1494 5162 amabile
1530 5107 1663 5175 ipsis
1699 5116 1832 5170 erat,
1865 5108 1952 5162 ubi
2000 5118 2115 5162 erat
2146 5105 2279 5175 ipsis

716 5201 895 5254 omnis
941 5201 1388 5255 sanctilicationis
1448 5208 1847 5271 argumentum.
1901 5200 2106 5254 Exinde
2151 5215 2279 5253 vero

716 5292 872 5346 doeet
898 5308 962 5345 ex
989 5295 1451 5362 quocunqueloco
1482 5295 1844 5350 invocantium
1878 5308 2014 5348 esse.
2047 5291 2232 5347 (licens
2262 5310 2275 5347 :

717 5385 823 5453 Qui
859 5385 978 5453 fecit
1008 5385 1192 5439 caelum
1226 5397 1273 5438 et
1309 5395 1522 5441 terram.

1220 5479 1468 5533 Alleluia.
1496 5477 1809 5532 CXXXIV.

789 5569 840 5622 1.
871 5567 1106 5623 Laudate
1151 5587 1334 5624 nomen
1382 5571 1610 5637 Domini,
1637 5570 1874 5634 laudate,
1907 5569 2059 5634 servi,
2099 5567 2281 5622 Domi-

789 5729 836 5761 ”
860 5726 1015 5783 Ioan.
1053 5743 1106 5793 ν,
1138 5728 1226 5783 55.

2385 545 2512 613 τῆς,
2530 549 2621 600 καὶ
2642 547 2883 616 δηλονότι
2904 546 3001 617 τὴν
3023 547 3501 617 άπροστασίαστον.
3528 545 3675 610 Τοὺς
3688 544 3945 612 πτωχοὺς

2384 637 2571 705 αὐτῆς
2603 638 2871 706 χορτάσω
2898 638 3112 706 ἄρτων.
3146 639 3282 699 Τοὺς
3309 636 3448 689 κατά
3478 637 3610 688 Θεὸν
3663 636 3764 705 μὲν
3813 651 3943 688 πτω-

2386 729 2679 798 χεύσαντας
2701 745 2714 759 ·
2748 731 2924 800 ἄρτων
2957 729 3013 782 δὲ
3047 728 3153 780 τῶν
3195 728 3418 797 νοητῶν.

2460 910 2601 974 Τοὺς
2634 910 2806 978 ἱερεῖς
2835 909 3022 976 αὐτῆς
3044 907 3277 961 ἐνδύσω
3304 905 3622 972 σωτηρίαν.
3647 903 3822 965 Αὐτός
3842 903 3944 954 ἐστι

2386 1001 2546 1054 πάλιν
2570 1004 2597 1054 ὁ
2625 1000 2854 1069 Χριστὸς
2881 1003 2914 1070 ἡ
2941 1000 3200 1069 σωτηρία,
3231 999 3260 1049 ὁ
3294 997 3388 1049 καὶ
3410 996 3730 1065 δικαιοσύνη
3759 997 3815 1047 ὲν
3849 995 3943 1058 τοῖς

2384 1095 2673 1165 ἀνωτὲροις
2702 1092 3108 1163 ὠνομασμένος.

2465 1185 2624 1238 Ἐκεῖ
2644 1182 2979 1248 ἐξανατελῶ
3008 1182 3184 1251 κέρας
3212 1177 3290 1244 τῷ
3325 1179 3522 1233 Δαυΐδ.
3580 1179 3720 1231 Κατ’
3753 1178 3942 1229 ἐκεῖνον

2382 1276 2471 1328 τὸν
2495 1275 2681 1346 χρόνον
2708 1275 2823 1328 καθ’
2851 1276 2910 1327 ὃν
2945 1275 3196 1340 ἐπιφανεῖ
3221 1271 3279 1324 τὸ
3313 1273 3576 1341 σωτήριον
3597 1310 3611 1332 ,
3643 1268 3884 1338 δηλονότι
3914 1269 3940 1336 ἡ

2381 1366 2506 1430 δόξα
2522 1366 2764 1418 άνατελεῖ
2795 1365 2887 1418 τού
2919 1366 3099 1418 Δαυῖδ.
3126 1363 3696 1432 Ἠτοίμασαλύχνον
3726 1359 3807 1424 τῷ
3835 1361 3944 1426 Χρι-

2381 1457 2504 1522 στῷ
2513 1477 2649 1526 μου.
2669 1457 2838 1511 Τοῦτο
2854 1458 2980 1528 περ)⁵
3005 1457 3249 1509 Ἰωάννου
3263 1455 3413 1526 φησὶ,
3434 1453 3574 1506 κατὰ
3595 1453 3654 1504 τὸ
3668 1451 3945 1523 είῇμένον

2383 1550 2529 1621 παρὰ
2572 1550 2665 1603 τοῦ
2711 1550 2936 1622 Κυρίου·
2983 1549 3240 1615 Ἐκεῖνος
3273 1544 3350 1616 ἦν
3383 1551 3414 1600 o’
3444 1547 3673 1614 ,κύκνος
3725 1548 3757 1597 d
3802 1545 3945 1597 καιό-

2378 1660 2560 1711 μενος
2609 1643 2706 1693 καὶ
2737 1644 3113 1710 φαινόμενος.

2709 1733 2841 1804 ᾨδὴ
2878 1733 2994 1786 τῶν
3034 1728 3408 1798 ἀναϐαθμῶν.
3439 1724 3620 1781 PAB'.

2997 1822 3010 1840 ’
3023 1823 3334 1886 Υπόθεσις.

2392 1915 2456 1968 Ἡ
2503 1915 3066 1986 τεσσαρεσκαιδεκάτη
3100 1913 3208 1984 ᾠδὴ
3244 1912 3548 1974 ἀκολούθως
3597 1913 3662 1979 τῇ
3713 1907 3806 1961 τοῦ
3854 1908 3948 1958 Σω-

2449 2007 2612 2077 τῆρος
2639 2007 2932 2077 ὲπιλάμψει
2958 2006 3019 2058 τὸ
3062 2005 3121 2070 ἐξ
3155 2000 3318 2058 αὑτοῦ
3350 2001 3690 2074 δωρούμενον
3723 2001 3836 2061 τοῖς
3864 2002 3946 2052 ἁν-

2449 2095 2686 2169 Θρὼποις
2725 2097 2885 2150 καλὸν
2913 2097 3144 2167 φανερὸν
3175 2097 3318 2148 ποιεῖ
3349 2093 3600 2162 λέγουσα.

2463 2190 2614 2246 Ἰδοὺ
2657 2189 2732 2256 δὴ
2778 2189 2833 2241 τί
2868 2189 3079 2251 καλὸν,
3124 2187 3162 2255 ἣ
3207 2188 3264 2240 τί
3301 2186 3579 2253 τερπνόν.
3623 2182 3720 2247 Ὧς
3761 2181 3947 2249 μύρον

2375 2284 2471 2337 ἐπὶ
2509 2280 2778 2350 κεφαλῆς
2826 2281 2891 2333 τὸ
2932 2279 3289 2332 καταϐαῖνον
3315 2276 3413 2329 ἐπὶ
3446 2275 3719 2342 πώγωνα.
3774 2274 3946 2324 Ἐπει-

2375 2375 2491 2438 δὰν,
2522 2373 2673 2442 φησὶ,
2709 2371 2998 2439 συναχθείη
3026 2373 3059 2440 ἡ
3107 2368 3397 2440 Ἐκκλησία
3420 2407 3436 2433 ,
3474 2367 3567 2420 καὶ
3603 2366 3735 2436 μίαν
3766 2365 3947 2432 ὥσπερ

2377 2465 2497 2518 τινὰ
2543 2462 2807 2534 ἁρμονίαν
2863 2464 3175 2533 ποιήσηται,
3205 2461 3325 2514 τότε
3359 2460 3422 2532 δὴ
3478 2459 3598 2512 τότε
3633 2459 3730 2511 καὶ
3778 2459 3945 2527 χρίσις

2376 2557 2469 2610 τοῦ
2510 2556 2662 2625 ἁγίου
2687 2556 3002 2626 Πνεύματος
3035 2555 3128 2607 καὶ
3166 2554 3460 2627 ἱεράτευμα
3489 2551 3776 2623 προσαχθῇ
3807 2549 3947 2620 πρῶ-

2375 2665 2464 2700 τον
2491 2648 2586 2719 μὲν
2619 2647 2710 2699 ἐπὶ
2737 2647 2835 2717 τὴν
2866 2644 3104 2715 κεφαλὴν
3139 2647 3236 2714 τῆς
3274 2642 3618 2711 Ἐκκλησίας,
3646 2643 3770 2711 ἣτις
3803 2641 3942 2694 ἐστὶν

2377 2746 2404 2795 ὁ
2438 2743 2692 2813 Χριστὸς,
2729 2742 2918 2795 ἔπειτα
2967 2742 3058 2794 καὶ
3093 2741 3171 2802 εἰς
3196 2740 3284 2792 τὸν
3315 2736 3571 2804 πώγωνα,
3606 2735 3663 2796 ὃς
3695 2736 3843 2785 ἐστιν
3866 2731 3948 2784 εὖ·

2379 2832 2613 2902 πρέπεια
2641 2832 2734 2884 τοῦ
2769 2830 3059 2903 προσώπου
3089 2830 3184 2900 τῆς
3229 2826 3569 2896 Ἐκκλησίας.
3604 2821 3870 2876 Νοοῦνται
3898 2820 3948 2872 δὲ

2377 2924 2461 2976 διὰ
2490 2923 2677 2976 τούτου
2713 2925 2758 2976 οἱ
2794 2922 3103 2976 ἀπόστολοι.
3161 2920 3233 2972 Τὸ
3279 2918 3582 2971 τελευταῖον
3630 2913 3688 2966 δὲ
3739 2913 3832 2965 καὶ
3877 2912 3950 2971 εἰς

2375 3015 2494 3067 ὅλον
2525 3015 2586 3066 τὸ
2618 3015 2774 3082 σῶμα
2833 3012 3202 3083 μεταϐέϐηκε,
3250 3008 3528 3063 τουτέστιν
3574 3007 3652 3066 εἰς
3709 3005 3948 3062 ἅπαντας

2376 3107 2501 3167 τοὺς
2530 3106 2586 3158 ὲν
2612 3108 2675 3174 τῇ
2717 3104 3009 3173 Ἐκκλησία
3035 3101 3412 3172 ὲνδεδυμένους
3460 3096 3720 3168 Χριστόν.

2452 3199 2574 3249 Ὀτι
2596 3195 2721 3249 ἐκεῖ
2741 3195 3077 3247 ἐνετείλατο
3109 3191 3324 3260 Κύριος
3363 3190 3476 3258 τὴν
3508 3191 3820 3258 εὐλογίαν.
3856 3187 3950 3240 καί

2378 3287 2529 3354 ζωὴν
2567 3287 2674 3351 ἕως
2718 3285 2822 3338 τοῦ
2853 3283 3080 3348 αἰῶνος.
3123 3281 3299 3346 Ἐκεῖ,
3343 3280 3473 3350 φησί
3505 3297 3518 3309 ο
3553 3279 3713 3347 δῆλον
3748 3280 3827 3342 δὲ,
3874 3279 3955 3331 ὅτι

2377 3377 2504 3447 παρ’
2543 3377 2724 3437 αὐτοῖς
2756 3379 2866 3436 τοῖς
2903 3370 3247 3426 κατοικοῦσιν
3281 3368 3525 3436 ἀδελφοῖς
3560 3369 3651 3419 ἐπὶ
3686 3367 3748 3418 τὸ
3781 3365 3916 3418 αὑτό
3940 3384 3953 3397 ·

2377 3469 2472 3521 καὶ
2505 3465 2690 3532 ζωήν·
2740 3465 2800 3517 οὐ
2849 3465 2947 3534 τὴν
2989 3462 3252 3533 τυχοῦσαν
3276 3505 3290 3526 ,
3332 3461 3467 3514 ἀλλὰ
3517 3459 3616 3530 τὴν
3661 3458 3951 3512 ἀθάνατον.

2389 3560 2510 3612 Ἐπὶ
2534 3559 2634 3629 τὴν
2672 3555 2812 3609 Σιὼν
2846 3556 2954 3624 γάρ
2984 3557 3017 3626 ἡ
3046 3553 3139 3607 τοῦ
3174 3554 3438 3622 παναγίου
3491 3551 3814 3622 Πνεύματος
3863 3549 3954 3601 ἐπὶ

2375 3652 2501 3712 τοὺς
2553 3649 2727 3720 ἱεροὺς
2758 3647 3085 3710 ἀποστόλους
3127 3643 3386 3709 ζωοποιὸς
3424 3643 3789 3714 κατεπέμφθη
3830 3641 3955 3712 δρό-

2379 3760 2488 3805 σος,
2516 3743 2580 3796 δι’
2618 3740 2685 3814 ἦς
2718 3742 2954 3803 ἅπαντες
2998 3742 3048 3793 οἱ
3092 3740 3437 3801 πιστεύοντες
3475 3738 3573 3807 τὴν
3606 3736 3828 3790 αἰώνιον
3867 3737 3956 3787 εὑ-

2375 3832 2558 3901 λογίαν
2606 3831 2964 3901 καρποῦνται.
3009 3828 3259 3881 Ἐκείνων
3288 3825 3395 3897 γὰρ
3419 3821 3486 3897 ἦν
3513 3826 3545 3895 ἡ
3571 3823 3769 3894 καρδία
3802 3823 3898 3877 καὶ
3920 3825 3954 3892 ἡ

2374 3922 2520 3994 ψυχὴ
2546 3923 2662 3994 μία-

2706 4013 2843 4084 per;
2889 4012 3005 4066 τῶν
3043 4009 3414 4078 ἀναϐαθμῶν.
3447 4010 3632 4062 ΡΛΓ’.

2459 4103 2603 4158 Ἰδοὺ
2632 4102 2710 4170 δὴ
2739 4102 3039 4172 εὐλογεῖτε
3075 4100 3180 4153 τὸν
3212 4101 3452 4167 Κύριον,
3483 4097 3708 4163 πάντες
3730 4101 3784 4152 οἱ
3818 4097 3956 4153 δοῦ-

2376 4201 2473 4253 λοι
2497 4198 2740 4264 Κυρίου.

2998 4286 3011 4304 ’
3026 4287 3333 4350 Υπόθεσις.

2389 4380 2454 4433 Ἦ
2500 4377 2952 4447 πεντεκαιδεκάτη
2982 4376 3090 4447 ᾠδὴ
3121 4379 3232 4438 τοῖς
3281 4375 3358 4428 ἔτι
3415 4375 3849 4445 κατηχουμένοις
3902 4375 3960 4427 ὲν

2451 4475 2516 4543 τῇ
2560 4471 2853 4541 Ἐκκλησία
2885 4472 3052 4522 αἰνεῖν
3077 4469 3165 4521 τὸν
3190 4468 3321 4520 Θεὸν
3339 4465 3792 4539 παρακελεύεται.
3826 4465 3962 4520 Δού-

2452 4563 2574 4625 λους
2590 4562 2646 4614 δὲ
2663 4563 2856 4624 αὐτοὺς
2875 4561 3043 4624 καλεῖ,
3067 4562 3162 4615 am
3183 4561 3348 4631 μήπω
3365 4562 3463 4630 τῆς
3485 4559 3767 4622 υἱοθεσίας
3789 4559 3963 4629 ἠξιω-

2454 4655 2667 4727 μένους.
2687 4655 2781 4706 Ὲν
2809 4654 2937 4719 ταῖς
2957 4653 3135 4717 νυξὶν
3160 4650 3414 4720 ἐπάρατε
3435 4651 3539 4716 τὰς
3555 4653 3760 4720 χεῖρας
3785 4651 3965 4720 ὑμῶν

2452 4751 2535 4813 είς
2568 4749 2638 4803 τὰ
2666 4747 2820 4815 ἅγια.
2875 4748 2962 4800 Ἐν
2988 4747 3142 4799 νυκτὶ
3176 4745 3255 4798 ἔτι
3283 4745 3503 4798 ἑστάναι
3536 4743 3736 4806 αύτούς
3766 4761 3964 4814 φησιν,

2453 4841 2543 4893 ἆτε
2595 4840 2666 4911 μὴ
2713 4840 3058 4909 φωτίσματος
3094 4838 3185 4892 τοῦ
3234 4836 3388 4906 άγίου
3437 4834 3757 4906 Πνεύματος
3790 4835 3966 4905 ﬂeta)-

2456 4932 2665 5002 μένους.

2445 5020 2788 5089 Εὑλογήσαι
2826 5037 2899 5074 σε
2946 5021 3160 5085 Κύριος
3210 5019 3276 5072 ἐκ
3332 5016 3503 5072 Σιών.
3558 5017 3655 5069 Ἐκ
3706 5014 3856 5069 Σιὼν
3913 5014 3969 5069 δέ

2382 5129 2545 5181 φησιν
2565 5128 2577 5141 ο
2614 5112 2798 5181 ἐπειδὴ
2828 5111 2921 5164 καὶ
2940 5109 3174 5180 τοῦνομα
3202 5107 3446 5162 ποθεινὸν
3471 5107 3720 5177 ὑπῆρχεν
3751 5109 3969 5169 αὐτοῖς,

2382 5204 2508 5258 ἔνθα
2556 5205 2734 5275 πάσης
2779 5204 3056 5272 ἁγιστείας
3102 5201 3355 5264 ὑπόθεσις
3402 5196 3490 5270 ἦν.
3529 5195 3665 5252 Εἶτα
3715 5200 3970 5253 διδάσκει

2383 5291 2715 5363 πανταχόθεν
2749 5292 2930 5345 καλεῖν
2967 5290 3172 5359 λέγων’
3215 5290 3277 5342 Ὀ
3328 5288 3590 5357 ποιήσας
3640 5290 3756 5343 τὸν
3786 5292 3969 5359 οἰζρα-

2380 5382 2491 5436 νὸν
2528 5384 2624 5437 καὶ
2657 5383 2770 5452 τὴν
2799 5383 2935 5453 γῆν.

2877 5474 3248 5532 ἈλληλΟὐϊα.
3278 5473 3412 5525 ΡΛΔ
3438 5512 3451 5525 .

2453 5562 2676 5618 Αἰνεῖτε
2706 5565 2769 5618 τὸ
2800 5565 2984 5634 ὄνομα
3015 5561 3259 5631 Κυρίου,
3297 5561 3541 5628 αίνεῖτε,
3569 5561 3810 5627 δοῦλοι,
3851 5560 3968 5620 Κύ-
