4068 6310
727 342 828 400 527

1566 338 1621 392 S.
1662 337 2030 393 ATHANASH
2063 338 2211 394 OPP.
2253 338 2433 395 PARS
2469 339 2555 395 111.
2595 372 2663 381 -
2701 340 3109 398 EXEGETICA.

3855 346 3953 402 528

725 465 827 508 est.
860 452 1024 508 Multa
1066 452 1262 523 quippe
1306 460 1459 507 erant
1489 466 1607 523 quae
1644 464 1874 509 mortem
1913 456 2277 524 minabantur,

2383 458 2560 511 Πολλὰ
2589 457 2696 528 γὰρ
2725 462 2794 511 τὰ
2828 459 3051 513 θάνατον
3084 458 3405 515 ἀπειλοῦντα
3425 502 3441 525 ,
3485 461 3656 531 λιμὸς,
3712 462 3952 532 αύχμᾲ.

728 544 1115 609 fames,a:stus,
1139 545 1277 606 sitis,
1299 544 1528 597 ferarum
1553 546 1860 609 multitudo,
1880 548 2286 603 commodorum

728 636 970 690 omnium
1045 636 1361 703 indigentia.
1408 634 1483 689 Illi
1536 652 1663 691 vero
1709 638 1921 691 nemine
1968 639 2288 707 perterrefa-

726 729 900 784 ciente
952 730 1051 783 iter
1101 728 1348 798 agebant.
1396 728 1472 783 Ex
1520 729 1731 782 duobus
1768 739 1946 783 autem
1974 729 2287 785 fortissimis

727 822 975 891 regibus,
1005 821 1098 890 qui
1133 821 1198 875 dc
1243 821 1435 875 robore
1482 830 1535 874 et
1568 822 1937 891 magnitudine
1974 822 2281 891 gloriaban-

728 921 835 977 tur,
854 910 1099 965 liberavit
1127 926 1237 965 eos.
1264 910 1341 964 Ex
1366 911 1562 979 quibus
1583 910 1661 982 Og
1688 926 1879 966 novem
1912 912 2282 982 longitudinis,

726 1005 966 1073 quinque
992 1003 1291 1058 latitudinis
1322 1004 1530 1060 cubitos
1571 1005 1826 1069 habebat,
1858 1016 1911 1060 et
1944 1006 2083 1061 lecto
2110 1006 2285 1062 ferreo

728 1096 998 1149 utebatur.
1682 1112 1687 1120 '

796 1188 880 1239 19.
904 1186 1069 1240 Sehon
1087 1201 1254 1255 regem
1271 1186 1711 1251 Amorrlia'orum,
1728 1193 1831 1241 etc.
1851 1185 1965 1242 Non
1985 1187 2103 1242 sine
2121 1203 2285 1243 causa

726 1277 845 1331 aliis
874 1278 1093 1332 omissis
1141 1278 1241 1331 bos
1288 1278 1607 1331 memoravit
1644 1293 1817 1347 rcges,
1850 1279 1943 1334 sed
1994 1289 2053 1334 ut
2087 1282 2285 1350 pepulo

725 1370 778 1423 in
804 1379 1036 1425 mentem
1054 1380 1326 1424 revocaret
1345 1368 1604 1423 divinitus
1622 1385 1938 1426 concessam
1971 1373 2280 1426 victoriam.

723 1462 857 1517 Nam
880 1463 946 1517 de
968 1463 1164 1518 robore
1193 1462 1293 1533 ipsi
1312 1471 1365 1516 et
1393 1463 1634 1532 potentia
1660 1472 1713 1516 et
1742 1464 1991 1533 corporis
2014 1464 2157 1518 mole
2178 1464 2285 1534 glo-

724 1555 1020 1608 riabantur.

790 1647 878 1701 9.5.
913 1644 1050 1711 Quia
1094 1647 1147 1699 in
1183 1646 1478 1699 humilitate
1512 1655 1692 1699 nostra
1739 1661 1937 1699 memor
1982 1646 2081 1714 fuit
2119 1646 2283 1699 nostri

724 1737 996 1791 Dominus.
1025 1736 1147 1793 Haec
1175 1740 1338 1793 verba
1364 1758 1377 1792 :
1406 1737 1541 1802 Quia
1571 1739 1624 1790 in
1648 1738 1946 1791 humilitate
1972 1748 2152 1791 nostra
2178 1755 2283 1791 me-

722 1845 834 1881 mor
859 1830 959 1896 fuit
996 1830 1159 1881 nostri
1203 1829 1479 1893 Dominus,
1507 1829 1681 1897 aptius
1724 1828 2054 1882 conveniunt
2100 1828 2163 1881 iis
2190 1829 2281 1896 qui
2314 1808 2356 1863 Β

721 1935 749 1972 a
781 1919 1045 1989 spirituali
1094 1919 1207 1974 sive
1246 1920 1486 1974 sensibili
1530 1920 1838 1989 captivitate
1876 1918 2088 1974 liberati
2132 1929 2279 1975 sunt.

791 2104 974 2171 25,26.
998 2104 1102 2171 Qui
1125 2104 1217 2158 dat
1261 2122 1432 2159 escam
1455 2106 1595 2158 omni
1620 2105 1792 2160 carni.
1821 2104 1937 2159 Non
1969 2106 2114 2160 enim
2163 2105 2285 2175 pios

722 2210 929 2254 tantum
974 2200 1239 2268 benignus
1284 2198 1428 2253 Deus
1462 2207 1636 2263 curat,
1680 2197 1772 2251 sed
1805 2199 1967 2251 etiam
2010 2214 2183 2268 usque
2217 2199 2283 2253 ad

718 2292 882 2345 bruta
897 2292 1191 2346 animantia
1213 2308 1227 2344 :
1246 2291 1317 2343 ita
1350 2299 1408 2344 ut
1431 2300 1813 2360 congruentem
1842 2291 2072 2361 singulis
2099 2293 2282 2344 cibum

721 2381 1014 2450 dispenset,
1045 2388 1094 2433 et
1132 2381 1519 2449 providentiam
1554 2395 1706 2434 suam
1758 2383 2014 2436 extendat
2058 2397 2087 2434 a
2116 2384 2284 2434 mira—

721 2472 920 2526 bilibus
955 2472 1076 2527 ειειὶ
1123 2487 1295 2541 usque
1344 2472 1409 2525 ad
1457 2473 1721 2527 vilissima
1770 2482 1958 2536 terrm;
2001 2482 2053 2526 ct
2086 2473 2285 2525 exhinc

722 2579 939 2618 rursum
986 2564 1053 2617 ad
1087 2579 1259 2633 usque
1307 2564 1501 2618 coelum
1550 2564 1909 2633 prOgreditur.
1945 2561 2124 2628 Quare
2164 2572 2285 2631 post

722 2655 882 2718 illud,
924 2656 1064 2708 omni
1112 2654 1292 2718 carni,
1342 2654 1525 2722 adjicit
1564 2672 1576 2703 :
1620 2653 1955 2722 Con/ilemini
1993 2653 2098 2707 Deo
2145 2654 2281 2709 caeli.

720 2745 853 2801 Nam
892 2747 1011 2800 licet
1037 2746 1282 2800 omnium
1329 2745 1398 2800 sit
1430 2744 1629 2815 opifex,
1669 2761 1764 2814 per
1800 2748 2177 2801 excellentiam
2205 2755 2285 2799 ta-

722 2854 845 2892 men
873 2835 1016 2893 Deus
1050 2838 1171 2893 caeli
1198 2838 1415 2903 dicitur,
1444 2853 1629 2891 eorum
1662 2837 1754 2907 qui
1789 2837 1952 2891 isthic
1981 2836 2183 2905 degunt
2207 2834 2287 2887 fa-

721 2930 926 2984 mulatu
959 2930 1157 2985 cultus.
1191 2927 1473 2999 Siquidem
1507 2928 1661 2983 locus
1689 2928 1777 2981 ille
1804 2941 1834 2980 a
1863 2936 2086 2997 peccato
2114 2940 2285 2996 purus

721 3031 776 3078 et
801 3037 1002 3076 vacuus
1032 3028 1136 3075 est.

843 3112 1033 3167 Davidi
1058 3128 1147 3182 per
1172 3109 1475 3165 Jeremiam.
1502 3106 1839 3164 PSALMUS
1864 3108 2175 3165 CXXXVI.

792 3205 844 3259 Ι.
887 3202 1055 3273 Super
1081 3202 1302 3272 ﬂumina
1338 3200 1625 3271 Babylonis
1660 3202 1770 3255 illic
1796 3202 2024 3255 sedimus
2057 3212 2103 3254 et
2137 3200 2285 3270 ﬂevi-

724 3312 859 3351 mus.
913 3294 1144 3350 Ducetur
1192 3295 1282 3350 hic
1334 3292 1577 3347 futurum
1633 3301 1691 3346 ut
1742 3292 1780 3344 ii
1827 3291 1921 3360 qui
1956 3291 2140 3344 multis
2168 3298 2287 3359 post

725 3391 880 3445 annis
927 3389 981 3441 in
1026 3386 1297 3457 Babylone
1342 3393 1561 3453 propter
1601 3382 1943 3451 iniquitatem
1991 3382 2284 3436 liabitaturi

722 3490 896 3549 erant,
932 3480 1122 3534 llereut
1150 3487 1199 3533 et
1232 3477 1378 3531 anxii
1419 3485 1622 3542 essent,
1654 3475 1933 3546 cupientes
1966 3475 2107 3529 bona
2134 3490 2286 3545 repe-

724 3584 834 3629 tere
860 3587 979 3627 sua.

791 3665 845 3719 5.
880 3661 940 3717 Si
970 3660 1162 3716 oblitus
1200 3660 1346 3731 fuero
1374 3661 1472 3726 tui,
1504 3658 1826 3725 Jerusalem,
1860 3657 2108 3712 oblivioni
2133 3658 2286 3711 detur

720 3758 935 3812 dextera
970 3771 1103 3809 mea.
1136 3753 1374 3819 Scilicet,
1422 3768 1488 3805 ue
1535 3766 1830 3822 supernum
1864 3751 2128 3805 auxilium
2154 3766 2285 3806 cou-

723 3864 935 3920 sequar.

790 3942 843 3997 6.
891 3940 1169 3993 ΑάΙιωτεαι
1218 3939 1401 4007 lingua
1440 3953 1556 3990 mea
1602 3934 1843 4005 faucibus
1875 3935 2039 3997 meis,
2082 3934 2130 3987 si
2180 3949 2284 3988 non

722 4033 1001 4086 meminero
1044 4030 1144 4085 tui.
1194 4028 1326 4095 Qua:
1370 4027 1514 4081 enim
1564 4026 1766 4081 utilitas
1812 4024 2161 4080 instrumenti
2214 4022 2282 4077 ad

722 4136 1025 4177 sermonem
1062 4118 1315 4174 destinati
1360 4118 1404 4173 si
1452 4116 1520 4171 ad
1563 4115 1797 4171 olIicium
1827 4130 1933 4170 non
1963 4112 2283 4169 moveatur?

720 4212 1083 4281 Quamobrem
1116 4211 1258 4265 beati
1298 4210 1399 4263 viri
1430 4225 1523 4279 per
1570 4218 1737 4261 totam
1782 4206 1943 4260 vitam
1973 4206 2038 4260 de
2069 4206 2281 4276 hymnis

720 4302 1051 4358 celebrandis
1076 4316 1261 4357 curam
1308 4300 1544 4354 habuere
1583 4300 1821 4352 dicentes
1853 4313 1868 4349 :
1903 4294 2142 4352 Cantabo
2173 4296 2283 4349 Do-

722 4397 860 4449 mino
882 4395 936 4447 in
966 4394 1073 4446 vita
1099 4409 1215 4447 mea
1236 4392 1302 4447 ".
1328 4391 1457 4445 Erat
1485 4402 1663 4445 autem
1690 4390 1800 4444 illis
1821 4389 2120 4443 veneranda
2148 4388 2282 4442 civi-

2384 549 2531 618 δίῖλα,
2568 550 2766 620 πλῆοος
2818 550 3051 622 θηρίων,
3090 552 3339 604 ἁπάντων
3375 554 3693 623 ἐπιτηδείων
3739 556 3778 624 ἡ
3830 557 3953 624 ὲρη·

2389 643 2504 711 μία.
2536 641 2677 694 Οίδὲ
2706 642 2935 712 μηδενὸς
2970 642 3257 711 σοϐοῦντος
3306 643 3567 707 ἐϐάδιζον.
3615 646 3707 698 Ἐκ
3754 646 3821 699 δὲ
3864 646 3953 698 δύο

2384 733 2619 786 δυνατῶν
2645 736 2737 787 καὶ
2771 734 3112 803 βασιλέων,οῖ
3134 735 3222 788 ἐπὶ
3256 735 3411 807 ῥώμῃ
3427 736 3520 788 καὶ
3539 736 3830 807 δυναστείᾳ
3864 738 3956 789 καὶ

2389 827 2603 897 μεγέθει
2627 827 2872 897 σώματος
2894 827 3264 896 ἐσεμνύνοντο,
3296 828 3561 899 ἐρρύσατο
3596 829 3821 892 αὐτούς.
3857 830 3957 898 Ὠγ

2386 918 2576 988 πηχῶν
2606 918 2740 988 ἔχων
2772 918 2925 971 ἐννέα
2957 918 3019 970 τὸ
3052 919 3243 988 μῆκος,
3275 918 3368 971 καὶ
3402 918 3561 971 πέντε
3593 919 3653 971 τδ
3695 918 3912 982 πλάτος
3940 959 3957 981 ,

2385 1011 2479 1063 καὶ
2518 1010 2738 1083 σιδηρᾶν
2768 1006 2881 1080 εἶχε
2914 1010 3011 1081 τὴν
3042 1010 3250 1082 κλίνην.

2460 1194 2569 1249 τὸν
2588 1191 2759 1260 Σηὼν
2788 1191 3052 1257 ,ϐασιλέα
3071 1191 3191 1245 τῶν
3213 1193 3590 1261 Ἀμορῤιιιωγ.
3618 1193 3726 1263 Οὐχ
3754 1192 3958 1255 ἁπλῶς

2382 1286 2437 1340 δὲ
2462 1287 2585 1349 τοὺς
2616 1284 2806 1349 ἄλλους
2831 1284 3180 1356 παραλείπων
3212 1282 3466 1354 βασιλέας
3509 1284 3704 1338 τούτων
3750 1286 3959 1353 6mg:-

2387 1376 2583 1445 ρόντως
2614 1375 2878 1447 ἐμνήσθη,
2924 1376 3056 1429 ἀλλὰ
3092 1376 3182 1429 τὸν
3216 1376 3341 1428 λαὸν
3381 1376 3479 1446 τῆς
3517 1376 3751 1429 θεοδότου
3793 1378 3963 1445 νίκης

2384 1471 2831 1540 ἀναμιμνήσκων.
2880 1468 3002 1521 Ἐπὶ
3033 1467 3190 1540 ῥώμῃ
3222 1468 3330 1539 γὰρ
3353 1462 3497 1522 οὗτοι
3527 1470 3616 1522 καὶ
3654 1468 3965 1537 δυναστεία

2384 1563 2479 1615 καὶ
2508 1561 2724 1631 μεγέθει
2752 1559 3001 1633 σώματος
3034 1558 3408 1630 ἐσεμνύνοντο.

2454 1654 2581 1706 Ὀτι
2607 1654 2676 1705 ἐν
2699 1652 2772 1721 τῇ
2797 1650 3145 1706 ταπεινώσει
3176 1649 3342 1719 ἡμῶν
3381 1649 3647 1719 ἐμνήσθη
3693 1649 3881 1719 ἡμῶν
3933 1653 3964 1702 ό

2383 1746 2613 1812 Κύριος.
2641 1744 2809 1797 Πλέον
2837 1744 3067 1815 ἁρμόσει
3093 1746 3121 1796 ὁ
3148 1743 3303 1812 λόγος
3337 1746 3366 1797 ὁ
3405 1743 3595 1810 λέγων,
3625 1744 3751 1795 Ὅτι
3779 1744 3861 1795 ἐν
3888 1741 3965 1807 τῇ

2384 1835 2734 1890 ταπεινώσει
2756 1834 2923 1905 ἡμῶν
2957 1834 3227 1905 ἐμνήσθη
3279 1834 3448 1902 ἡμῶν
3472 1838 3504 1887 ό
3548 1832 3786 1903 Κύριος,
3846 1836 3965 1895 τοῖς

2382 1929 2480 1998 τῆς
2501 1927 2696 1999 νοητῆς
2724 1926 2963 1991 δουλείας
2992 1924 3405 1993 ἀπαλλαγεῖσιν,
3451 1925 3587 1994 ἤτοι,
3627 1924 3720 1993 τῆς
3750 1924 3966 1993 αἰσθη-

2384 2036 2503 2088 της.

2466 2111 2519 2164 '0
2552 2109 2754 2177 διδοὺς
2779 2108 3009 2179 τρυφὴν
3042 2108 3208 2178 πάσῃ
3260 2110 3463 2178 σαρκί.
3518 2107 3589 2162 Ού
3639 2108 3744 2179 γὰρ
3786 2108 3968 2179 μέχρι

2383 2203 2490 2257 τῶν
2520 2201 2884 2256 εὐσεϐούντων
2915 2204 2947 2273 ἡ
2973 2202 3066 2255 τοῦ
3100 2202 3478 2273 φιλανθρώπου
3534 2200 3665 2255 Θεοῦ
3711 2202 3970 2272 κηδεμο-

2385 2298 2492 2359 νία,
2525 2295 2662 2349 ἀλλὰ
2694 2295 2785 2349 καὶ
2820 2298 2979 2366 μέχρι
3003 2294 3110 2347 τῶν
3139 2293 3368 2361 ἀλόγων,
3410 2294 3485 2357 ὡς
3512 2295 3716 2363 ἑκάστῳ
3742 2296 3969 2347 καταλ-

2384 2386 2543 2459 ληλον
2571 2386 2767 2441 διδόναι
2814 2386 3041 2458 τροφὴν,
3086 2384 3419 2438 ἐκτείνεσθαί
3463 2403 3522 2438 τε
3566 2387 3659 2456 τὴν
3689 2389 3967 2457 πρόνοιαν

2385 2477 2492 2531 ἀπὸ
2510 2476 2616 2529 τῶν
2644 2478 2762 2530 κατ’
2790 2475 3014 2546 οὐρανὸν
3061 2474 3353 2544 θαυμάτων
3388 2476 3544 2546 μέχρι
3576 2475 3679 2527 τῶν
3721 2476 3821 2527 ἐπὶ
3856 2477 3969 2545 γῆς

2386 2567 2758 2640 σμικροτάτων
2776 2583 2789 2596 ·
2822 2563 3070 2618 ἐντεῦθεν
3095 2564 3152 2618 δὲ
3178 2565 3339 2618 πάλιν
3385 2566 3568 2635 διῆκεν
3593 2568 3667 2629 είς
3694 2568 3750 2619 ού
3763 2569 3963 2638 pem/av.

2384 2659 2473 2712 Διὸ
2521 2658 2658 2728 μετὰ
2684 2658 2763 2721 τὸ,
2802 2656 2967 2725 πάσῃ
3011 2655 3209 2723 σαρκί,
3257 2658 3606 2727 ἐπενήνοχεν
3638 2658 3968 2727 Ἐξομολο-

2384 2750 2583 2819 τεῖσθε
2611 2746 2692 2813 τῷ
2722 2746 2845 2811 Θεῷ
2875 2746 2980 2800 τοῦ
3008 2746 3288 2814 οἰφανοῦ.
3320 2748 3430 2800 Καὶ
3456 2749 3665 2801 πάντων
3685 2748 3756 2801 ὢν
3796 2767 3969 2820 ποιη-

2383 2842 2481 2912 τὴς
2513 2882 2527 2907 ,
2563 2838 2792 2911 ούρανοῦ
2818 2837 2938 2891 κατ’
2971 2837 3245 2909 ἐξαίρετον
3288 2840 3609 2910 χρηματίζει
3634 2838 3764 2903 Θεὸς
3798 2880 3817 2904 ,
3858 2842 3967 2893 ὑπὸ

2382 2935 2491 2988 τῶν
2518 2936 2634 2987 ἐκεῖ
2676 2931 3045 3002 διαιτωμένων
3074 2930 3527 3003 θεραπευόμενος.
3563 2931 3821 3003 Καθαρὸν
3851 2934 3965 3005 γὰρ

2385 3028 2658 3099 ἁμαρτίας
2682 3026 2797 3079 ἐστὶ
2831 3024 3046 3096 χωρίον.

2531 3117 2615 3183 Τῷ
2629 3117 2807 3172 Δαυῒὸ
2838 3118 2935 3172 διὰ
2952 3119 3250 3189 Ἰερεμίου.
3286 3119 3589 3172 ΨΑΛΜΟΣ
3614 3119 3811 3185 PAtT’.

2459 3209 2585 3261 Ἐπὶ
2603 3207 2722 3261 τῶν
2740 3207 3021 3278 ποταμῶν
3040 3208 3399 3274 Βαϐυλῶνος
3428 3207 3552 3261 ἐκεῖ
3581 3209 3969 3277 ὲκαθίσαμεν

2384 3303 2481 3357 καὶ
2525 3303 2925 3373 ἐκλαύσαμεν.
2986 3302 3236 3355 Διδάσκει
3281 3302 3310 3353 ὁ
3362 3300 3516 3368 λόγος
3566 3302 3688 3364 τοὺς
3732 3302 3967 3365 πολλοῖς

2385 3395 2606 3469 ὕστερον
2629 3396 2839 3467 χρόνοις
2869 3395 3157 3466 ἐσομένους
3180 3396 3237 3447 ἐν
3268 3391 3544 3447 Βαϐυλῶνι
3577 3393 3662 3446 διὰ
3698 3395 3803 3463 τὴν
3833 3397 3967 3447 ἀνο-

2387 3483 2513 3553 μίαν
2541 3482 2763 3547 κλαίειν,
2817 3483 3123 3554 ἀδημονεῖν,
3172 3482 3556 3551 ἐπιζητοῦντας
3586 3482 3693 3535 τῶν
3729 3485 3964 3537 οἰκείων

2384 3573 2603 3642 ἀγαθῶν
2635 3574 2733 3647 τὴν
2758 3575 3048 3646 ἀπόληψιν.

2454 3664 2589 3719 Ἐὰν
2610 3666 2973 3736 ἐπιλάθωμαι
3004 3682 3142 3731 σου,
3168 3667 3569 3738 Ἰερουσαλὴμ,
3595 3670 3962 3735 ἑπιλησθείη

2381 3759 2421 3826 ἡ
2452 3756 2952 3828 δεξιάμου.Ἥτοι,
2979 3758 3054 3829 μὴ
3070 3757 3286 3831 τύχοιμι
3317 3760 3413 3829 τῆς
3445 3759 3647 3813 ἄνωθεν
3673 3759 3960 3829 βοηθείας.

2449 3936 2784 4005 Κολληθείη
2810 3936 2849 4004 ἠ
2878 3934 3125 4007 γλῶσσά
3146 3954 3265 4006 μου
3295 3933 3374 4001 τῷ
3396 3934 3651 4006 λάρυτγί
3676 3952 3820 4002 μου,
3847 3936 3966 3991 ἐὰν

2376 4026 2461 4096 μή
2514 4043 2631 4081 σου
2678 4024 2950 4099 μνησθῶ.
2987 4026 3052 4079 Τί
3098 4026 3207 4097 γὰρ
3252 4026 3441 4095 ὄφελος
3483 4026 3752 4098 ἐρρῶσθαι
3787 4026 3959 4095 λόγου

2381 4120 2641 4192 ὄργανον,
2675 4120 2809 4191 πρὸς
2850 4119 2910 4173 τὸ
2952 4119 3069 4172 δέον
3112 4119 3185 4189 μὴ
3214 4118 3568 4188 κρουόμενον;
3598 4117 3688 4170 Διὸ
3723 4120 3820 4171 καὶ
3853 4120 3959 4189 τὴν

2382 4211 2525 4281 ζωὴν
2556 4212 2767 4265 ἅπασαν
2789 4211 2837 4264 ot
2864 4210 3119 4283 μακάριοι
3144 4209 3333 4281 ἄνδρες
3360 4212 3427 4281 τῇ
3451 4211 3577 4280 περὶ
3598 4212 3721 4274 τοὺς
3747 4210 3960 4281 ὖμνους

2382 4304 2447 4359 ἂν
2488 4300 2626 4375 ἦσαν
2668 4304 2906 4374 φροντίδι
2948 4302 3215 4371 λέγοντες·
3252 4304 3413 4373 ’ᾼσω
3444 4302 3523 4367 τῷ
3554 4302 3748 4370 Κυρίῳ
3771 4302 3847 4354 ἐν
3877 4301 3958 4371 τῇ

2381 4393 2490 4462 ζωῇ
2519 4411 2657 4463 μου.
2684 4390 2791 4447 'Hv
2817 4393 2873 4447 δὲ
2908 4395 2941 4464 ἡ
2970 4393 3121 4457 πόλις
3152 4394 3333 4457 αὐτοῖς
3362 4392 3521 4464 τιμία
3546 4392 3635 4446 διὰ
3659 4394 3759 4464 τὴν
3794 4391 3957 4447 θείαν

716 4496 801 4541 tas
826 4485 895 4540 ob
920 4486 1156 4540 divinum
1185 4485 1412 4549 cultum,
1443 4494 1501 4537 ut
1526 4493 1649 4537 ante
1674 4483 1876 4537 dictum
1900 4493 1981 4537 est
2010 4501 2023 4536 :
2057 4482 2279 4552 Propter

2383 4484 2663 4557 λατρείαν,
2707 4486 2782 4549 ὼς
2828 4485 3150 4557 προείρηται
3193 4485 3273 4545 τὸ.
3324 4486 3536 4539 Ἕνεκα
3576 4485 3794 4553 Κυρίου
3836 4486 3959 4541 τοῦ

715 4580 928 4633 domum
962 4576 1173 4631 Domini
1206 4577 1303 4631 Dei
1330 4578 1493 4630 nostri
1524 4577 1737 4646 qnwsivi
1764 4576 1897 4628 bona
1922 4574 2035 4627 tibi.

788 4669 847 4725 Si
877 4687 977 4725 non
1011 4686 1326 4741 proposuero
1363 4668 1658 4723 Jerusalem
1705 4670 1757 4720 in
1788 4668 2048 4735 principio
2076 4666 2278 4720 latitia

718 4780 864 4819 mea.
901 4762 1095 4829 Tuam,
1126 4764 1319 4834 inquit,
1368 4762 1685 4817 memoriam
1732 4760 1879 4815 omni
1916 4759 2110 4813 laetitia:
2143 4774 2277 4827 pra:-

717 4869 936 4923 ponam.
963 4856 1039 4907 lta
1067 4855 1207 4907 enim
1236 4854 1497 4923 contingit
1529 4862 1584 4907 ut
1617 4854 1834 4922 reliquae
1866 4866 2055 4905 omnes
2083 4852 2277 4904 laetitiae

717 4948 872 5002 bona:
903 4947 1029 5013 sint.
1070 4944 1330 5001 Dominus
1376 4947 1500 5001 item
1545 4961 1731 5001 saeros
1755 4944 1904 4998 cibos
1936 4951 2059 4996 ante
2085 4957 2277 5012 corpo-

716 5039 856 5094 rales
886 5038 1113 5093 inducit.

784 5222 835 5274 7.
868 5219 1075 5275 Memor
1099 5233 1229 5285 esto,
1260 5220 1497 5283 Domine,
1522 5222 1753 5291 ﬁliorum
1796 5220 1989 5285 Edam,
2013 5229 2117 5275 etc.
2151 5218 2275 5273 Filii

710 5310 880 5367 Edom
909 5313 977 5367 ab
998 5312 1138 5368 Esau
1167 5314 1409 5374 ltlnmaai,
1435 5316 1524 5383 qui
1552 5325 1705 5384 capta
1734 5313 2054 5375 Jerusalem,
2082 5312 2273 5367 acerbe

712 5406 1068 5469 insultabant,
1115 5406 1284 5461 donec
1313 5422 1429 5460 eam
1459 5422 1489 5459 a
1530 5405 1895 5460 fundamentis
1922 5406 2157 5460 dirutam
2191 5405 2271 5459 vi-

710 5497 910 5552 derint.

782 5586 835 5642 8.
865 5584 1007 5639 Fi‘tia
1031 5586 1316 5658 Babylonis
1337 5590 1547 5645 misera.
1580 5588 1936 5662 Proplieticus
1959 5600 2043 5649 est
2070 5607 2269 5659 sermo,

777 5742 822 5774 ⁹¹
848 5740 991 5797 Psal.
1023 5758 1139 5806 cm,
1172 5744 1263 5798 25.

2382 4578 2527 4633 Θεοῦ
2550 4577 2718 4647 ἡμῶν
2743 4576 3070 4645 ἐξεζήτησα
3097 4574 3286 4647 ἀγαθά
3318 4592 3437 4631 σοι.

2459 4670 2593 4722 Ἐὰν
2629 4668 2715 4737 μὴ
2758 4667 3247 4737 προανατάξωμαι
3286 4667 3401 4735 τὴν
3446 4666 3832 4736 Ἰερουσαλὴμ
3867 4669 3957 4735 ὡς

2376 4760 2445 4813 ἐν
2464 4759 2621 4829 ἀρχῇ
2652 4759 2762 4827 τῆς
2782 4762 3160 4828 εὐφροσύνης
3178 4776 3318 4829 μου.
3342 4759 3452 4830 Τὴν
3481 4759 3599 4831 σὴν,
3626 4760 3778 4830 φησὶ,
3806 4764 3956 4833 μνή-

2380 4872 2485 4925 μην
2516 4854 2694 4924 πάσης
2728 4853 3061 4925 εὐφροσύνης
3091 4851 3363 4923 προτάξω.
3407 4852 3641 4921 Ἀγαθὰς
3671 4852 3775 4924 γὰρ
3798 4854 3955 4908 οὕτω

2376 4948 2469 5000 καὶ
2499 4946 2595 5009 τὰς
2618 4944 2807 5008 λοιπὰς
2836 4947 2966 5017 ἡμῖν
2995 4944 3327 5013 εὐφροσύνας
3356 4944 3605 5013 γενέσθαι
3635 4944 3949 5014 συμϐαίνει.

2376 5038 2484 5090 Καὶ
2516 5038 2544 5089 ὁ
2572 5036 2772 5107 Κύριος
2803 5036 2859 5088 δὲ
2892 5036 2989 5100 τὰς
3018 5035 3169 5107 ἱερὰς
3199 5035 3404 5106 τροφὰς
3429 5035 3534 5108 πρὸ
3561 5036 3673 5089 τῶν
3698 5053 3951 5105 σωματι-

2376 5128 2486 5181 κῶν
2509 5130 2822 5198 εἰσηγεῖται.

2444 5220 2787 5286 Μνήσθητι,
2835 5222 3012 5285 Κυριε
3036 5258 3049 5277 .
3103 5217 3220 5271 τῶν
3264 5218 3410 5273 υἱῶν
3465 5219 3665 5289 Ἐδώμ.
3721 5220 3778 5273 Ol
3834 5223 3952 5278 υἱοὶ

2390 5311 2564 5381 Ἐδὼμ
2594 5314 2641 5364 oi
2674 5311 2780 5364 ἀπὸ
2816 5311 2985 5363 Ἡσαῦ
3026 5311 3328 5380 Ἰδουμαῖοι.
3377 5311 3426 5363 οἳ
3459 5313 3551 5365 καὶ
3584 5310 3808 5380 ἁλούσης
3842 5315 3950 5383 τῆς

2387 5403 2736 5475 Ἰερουσαλὴμ
2775 5402 3102 5473 ἐπέμϐαινον
3148 5402 3395 5474 πικρῶς,
3441 5403 3545 5466 ἕως
3575 5405 3639 5456 ἐκ
3675 5401 3951 5472 θεμελίων

2375 5497 2543 5566 αὐτὴν
2576 5494 3016 5549 ἀνασπασθεῖσαν
3044 5495 3305 5563 ἔγνωσαν.

2446 5584 2715 5656 Θυγάτηρ
2739 5585 3095 5653 Βαϐυλῶνος
3120 5587 3160 5654 ὴ
3181 5586 3572 5656 ταλαίπωρος.
3598 5587 3948 5657 Προφητεκὺς
