4068 6310
96 373 217 428 529
1128 371 1490 427 EXPOSITIO
1528 370 1591 424 IN
1631 372 1953 430 PSALMUM
1994 374 2324 432 CXXXVIII.
3241 380 3344 436 530

92 489 128 541 ὁ
162 486 329 557 λόγος
355 489 598 550 κάκεῖνος
642 488 739 559 τῆς
772 487 1086 551 Βαϐυλῶνος
1122 488 1374 559 σημαίνει
1413 489 1511 560 τὴν
1544 490 1675 560 πόρ-

1780 493 1870 561 qui
1913 492 2202 563 Babylonis
2245 494 2514 549 excidium
2550 494 2889 563 praenuntiat.
2925 494 3123 548 Beatus
3148 498 3236 561 qui
3267 512 3346 550 re-

93 578 291 649 οησιν.
323 579 623 648 Μακάριος
660 579 727 645 ὃς
760 578 1163 632 ἀνταποδώσω
1201 581 1266 632 τὸ
1305 580 1680 649 ἀνταπόδομά

1787 586 1974 639 tribuet
2007 586 2100 639 tibi
2141 588 2529 639 retributionem
2578 595 2746 645 tuam.
2780 586 2891 653 Ille,
2922 588 3115 657 inquit,
3153 591 3342 645 beatus

94 688 248 727 σου.
266 673 523 732 Ἐκεῖνος,
550 673 703 741 φησι,
724 674 988 742 μακάριος
1011 672 1039 723 ὁ
1061 671 1578 740 ἀνταιχμαλωτεύων
1600 688 1679 725 σε.

1783 678 1874 749 qui
1910 692 1960 732 te
1994 679 2045 731 in
2078 677 2441 747 captivitatem
2475 680 2709 736 duxerit.

249 764 337 830 Τῷ
361 762 540 818 Δαυτό
566 762 662 816 διὰ
700 765 1015 832 Ζαχαρίου.
1060 765 1366 817 ΨΑΛΜΟΣ
1396 766 1573 817 PAZ‘.

1853 768 2045 823 Davidi
2068 788 2159 840 per
2192 770 2531 826 Zachariam.
2564 772 2898 828 PSALMUS
2924 771 3122 827 CXXX
3141 771 3265 830 VH.

745 856 1068 920 ’Υπόθεσις.

2366 863 2408 915 Λ
2419 875 2761 933 rgumentum.

109 946 176 999 ’0
214 946 407 1019 παρὼν
431 947 643 1019 ψαλμδς
666 946 997 1018 προφητείαν
1028 947 1268 1017 περιέχει
1300 947 1397 1017 τῆς
1430 948 1680 1001 ἁπάντων

1781 958 2029 1011 Praesens
2078 959 2322 1027 psalmus
2369 959 2702 1028 prophetiam
2762 968 3001 1012 continet
3045 958 3342 1013 vocationis

177 1038 357 1091 ιθνῶν
389 1040 651 1111 κλήσεως
683 1041 765 1106 ἐφ’
852 1040 945 1090 καὶ
969 1038 1295 1109 εὐχαριστεῖ,
1325 1041 1404 1092 ὃτι
1430 1041 1490 1092 οὐ
1527 1042 1683 1109 μόνος

174 1128 366 1191 αὐτὸς,
403 1129 653 1198 βασιλεὺς
678 1126 772 1191 ὢν,
801 1128 1025 1198 ἠξίωται
1054 1128 1152 1198 τῆς
1174 1129 1322 1192 θείας
1346 1128 1680 1199 θεοφανείας·

174 1221 318 1273 ἀλλά
346 1222 438 1275 καὶ
462 1221 689 1285 πολλοὺς
714 1220 820 1274 τῶν
848 1220 1018 1274 ἐθνῶν
1052 1220 1287 1290 βασιλεῖς
1312 1238 1441 1292 φησι
1470 1221 1569 1291 τῆς
1593 1224 1683 1275 αὐ-

171 1312 279 1381 τῆς
307 1311 703 1383 ἀξιωθήσεσθαι
746 1312 985 1382 χάριτος,
1025 1312 1161 1382 ὅπερ
1206 1313 1364 1383 μόνον
1408 1313 1543 1384 μετά
1583 1314 1681 1383 τὴν

170 1404 473 1473 ἐπιδημίαν
502 1404 809 1473 γεγένηται.

186 1493 732 1563 Ἐεομολοτήσομαί
776 1507 903 1557 σοι,
952 1494 1157 1562 Κύριε,
1198 1492 1267 1547 ἐν
1312 1492 1425 1561 ὅλῃ
1473 1493 1681 1562 καρδίᾳ

89 1602 242 1651 μου.
282 1584 497 1654 Ταύτην
531 1584 606 1654 τῷ
648 1584 885 1654 πλουσίῳ
927 1584 1154 1636 δέδωκεν
1189 1584 1217 1635 ὁ
1249 1584 1436 1656 Σωτὴρ
1468 1586 1566 1655 τὴν
1597 1587 1681 1637 ὲν-

96 1675 286 1745 τοὶπὴν,
316 1674 503 1728 εἰπών·
542 1676 893 1745 Ἀγαπήσεις
924 1677 1139 1743 Κύριον
1158 1675 1265 1729 τὸν
1292 1678 1438 1729 Θεόν
1466 1693 1581 1731 σου
1611 1677 1679 1740 ἐξ

1848 1048 2091 1101 omnium
2122 1049 2382 1119 gentium,
2427 1049 2493 1103 de
2522 1064 2627 1117 qua
2671 1050 2872 1119 gratias
2908 1050 3035 1119 agit,
3061 1050 3205 1118 quod
3237 1065 3340 1104 non

1852 1138 2025 1193 solum
2058 1141 2170 1209 ipse
2198 1141 2288 1209 qui
2317 1156 2407 1194 rex
2436 1150 2569 1203 crat,
2602 1139 2691 1194 Dei
2719 1139 2949 1194 adventu
2971 1149 3023 1193 et
3049 1152 3339 1209 conspectu

1853 1227 2104 1296 dignatus
2146 1232 2244 1291 sit,
2290 1230 2383 1283 sed
2428 1232 2589 1283 etiam
2636 1230 2834 1284 multos
2876 1232 3112 1299 gentium
3158 1244 3339 1297 reges,

1852 1320 2036 1372 eadem
2080 1322 2250 1389 gratia
2288 1320 2569 1375 donandos
2610 1320 2703 1384 ait,
2734 1320 2875 1391 quod
2906 1328 3026 1389 post
3055 1319 3339 1374 adventum

1853 1410 2065 1462 Domini
2098 1412 2358 1463 duntaxat
2386 1409 2582 1463 factum
2610 1419 2711 1465 est.

1852 1501 1903 1554 1.
1936 1500 2234 1569 Conﬁtebor
2266 1501 2380 1565 tibi,
2410 1500 2648 1564 Domine,
2679 1501 2733 1554 in
2760 1510 2865 1553 toto
2892 1502 3046 1554 corde
3075 1518 3205 1554 utea.
3231 1498 3344 1555 Hoc

1781 1599 2107 1660 pra-ceptum
2149 1590 2294 1643 dedit
2352 1590 2597 1645 Salvator
2642 1592 2828 1657 diviti,
2874 1590 3105 1646 dicens:
3150 1590 3342 1661 Diliges

1782 1679 2063 1732 Dominum
2096 1678 2259 1732 Deum
2302 1691 2446 1734 tuum
2489 1698 2553 1735 ex
2585 1693 2692 1735 toto
2732 1683 2885 1735 corde
2916 1691 3023 1747 tuo,
3053 1693 3103 1736 et
3133 1698 3197 1735 ea:
3221 1683 3353 1735 tatis

98 1766 259 1833 ὅλης
292 1765 404 1833 τῆς
432 1766 678 1835 καρδίας
721 1783 836 1821 σου
878 1768 975 1821 καί
1009 1766 1078 1833 ἐξ
1120 1766 1269 1835 ὅλης
1314 1767 1426 1837 τῆς
1467 1770 1679 1837 ἰσχύος

1781 1770 1975 1822 viribus
2009 1770 2110 1822 tuis
2140 1772 2203 1823 ⁸³,

100 1874 245 1911 σου.

173 1948 290 2001 Καὶ
322 1948 598 2003 ἐναντίον
628 1948 899 2017 ἀγγέλων
928 1947 1103 2017 ψαλῶ
1126 1963 1245 2012 σοι,
1275 1947 1680 2016 προσκυνήσω

97 2038 258 2105 πρὸς
288 2040 439 2091 ναὸν
468 2039 638 2107 ᾶγιόν
675 2054 809 2093 σου.
848 2040 937 2103 Ὦς
976 2039 1256 2110 παρόντων
1281 2040 1387 2091 τῶν
1413 2038 1677 2107 ἀγγέλων,

98 2130 197 2181 καὶ
229 2130 332 2197 τὴν
372 2129 515 2183 κατά
545 2130 675 2183 Θεὸν
709 2130 871 2183 αὐτοῦ
905 2131 1061 2201 νίκην
1098 2132 1185 2183 ἀεὶ
1213 2130 1676 2202 ἐπιθεωρούντων.

98 2220 214 2273 Καὶ
261 2219 776 2291 ἐξομολογήσομαι
822 2220 902 2287 τῷ
950 2223 1192 2291 ὀνόματί
1260 2239 1376 2276 σου
1440 2222 1539 2275 ἐπὶ
1602 2221 1681 2287 τῷ

97 2312 261 2366 ἐλέει
287 2328 406 2365 σου
436 2313 531 2366 καὶ
570 2312 643 2381 τῇ
681 2314 933 2380 ἀληθείᾳ
959 2327 1095 2367 σου.
1127 2313 1539 2384 Εὐχαριστήσω,
1572 2329 1677 2382 φη-

101 2403 211 2465 σὶν,
244 2406 334 2471 ἐφ’
360 2397 441 2467 οἷς
471 2404 570 2475 τῆς
613 2404 709 2472 μὲν
741 2406 897 2467 σκιᾶς
934 2403 1296 2473 λελὺτρωμαι,
1328 2405 1426 2473 τῆς
1459 2404 1516 2457 δὲ
1546 2404 1675 2474 ἀληο

100 2495 255 2558 θείας
289 2494 547 2565 ἠξίωμαι.
597 2494 703 2547 Ὀτι
726 2494 1098 2563 ἐμεγάλυνας
1115 2492 1215 2545 ἐπὶ
1245 2492 1366 2546 πᾶν
1397 2493 1460 2545 τὸ
1495 2492 1680 2560 ὄνομα

98 2586 163 2637 τὸ
195 2584 373 2653 ἅγιόν
410 2601 547 2639 σου.
594 2585 717 2639 Ἐπὶ
744 2588 811 2655 τῇ
849 2585 956 2638 τῶν
982 2584 1149 2639 ὲθνῶν
1174 2584 1361 2655 κλήσει
1399 2583 1496 2655 τὴν
1522 2584 1680 2653 εὐχα-

102 2678 322 2748 ριστίαν
352 2678 640 2750 ἀναφέρειν
672 2679 839 2748 λέγει.
883 2680 994 2732 Οὐκ
1023 2678 1106 2746 ἐφ’
1149 2672 1230 2741 οἷς
1262 2674 1321 2730 εὖ
1350 2677 1549 2730 ἔπαθον
1583 2677 1679 2747 μό-

102 2786 194 2822 νον
240 2767 566 2839 εὐχαριστῶ⁸
596 2766 732 2820 ἀλλά
764 2767 860 2820 καὶ
900 2766 966 2818 δι’
996 2765 1114 2819 ὅλου
1144 2766 1243 2835 τὴν
1267 2765 1423 2831 δόξαν
1450 2764 1547 2834 τὴν
1582 2764 1679 2835 σὴν

102 2860 333 2933 θεωρῶν
352 2902 366 2925 ,
412 2860 931 2930 δημιουργήσαντος,
960 2855 1390 2928 εὐεργετοῦντος,
1424 2855 1675 2919 κολάζον-

102 2968 213 3015 τος.
264 2951 432 3004 Οὐδὲν
473 2950 580 3021 γάρ
614 2950 711 3021 τῆς
750 2950 976 3012 κτίσεως
1009 2949 1038 3001 ὃ
1087 2948 1161 3020 μὴ
1193 2947 1291 3019 τὴν
1315 2949 1413 3019 σὴν
1444 2948 1676 3018 μεγαλο-

107 3041 276 3112 σύνην
306 3045 567 3114 κηρύττῃ.

174 3132 599 3211 Πολυωρήσεις
630 3148 707 3202 με
747 3132 817 3185 ἐν
861 3130 1030 3201 ψυχῇ
1082 3148 1200 3199 μου
1246 3130 1489 3221 δυνάμει
1537 3146 1672 3221 σου.
1703 3162 1745 3221 c

104 3226 459 3293 Πολυωρίαν
498 3225 594 3294 τὴν
628 3221 1083 3293 πολυχρονιότητά
1114 3234 1295 3288 φησιν.
1345 3218 1401 3271 '0
1432 3218 1487 3270 δὲ
1529 3218 1670 3279 νοῦς⁸

106 3317 346 3386 Δυναμει
403 3318 468 3387 τῇ
534 3318 601 3385 σῇ
662 3314 1041 3385 μεταποιήσεις
1094 3327 1160 3380 με
1217 3311 1279 3362 ἐκ
1338 3309 1542 3381 φθορᾶς
1599 3310 1675 3370 είς

105 3408 443 3479 ἀφθαρσίαν.

176 3503 291 3555 Καὶ
328 3497 654 3566 ᾁσὰτωσαν
691 3497 761 3551 ἐν
796 3496 925 3561 ταῖς
960 3494 1139 3563 ᾠδαῖς
1166 3495 1415 3563 Κυρίου,
1452 3493 1540 3546 ὅτι
1572 3509 1678 3562 με-

109 3592 261 3662 γάλη
293 3592 332 3657 ἠ
362 3589 511 3654 δόξα
557 3590 798 3657 Κυρίου.
840 3588 994 3660 ’ῼδάς
1034 3588 1238 3658 Κυρίου
1277 3584 1674 3655 ἀναγέγραφεν,

105 3685 168 3747 ἃς
195 3683 345 3755 ᾅδειν
374 3684 500 3746 τοὺς
521 3682 582 3747 ἐξ
603 3681 770 3735 ἐθνῶν
795 3682 999 3744 πάντας
1033 3677 1441 3747 ἐπαγγέλλεται.

179 3870 307 3922 Ὀτι
328 3867 566 3936 ὑψηλὸς
610 3866 824 3933 Κύριος
858 3864 953 3917 καὶ
979 3864 1050 3917 τὰ
1074 3863 1323 3917 ταπεινά
1347 3858 1552 3930 ἐφορᾷ.
1586 3860 1676 3931 Μὴ

111 3957 422 4029 θαυμάσῃς,
451 3958 631 4027 φησιν,
664 3958 711 4009 ει
742 3955 913 4009 ταῦτα
948 3956 1232 4027 γενήσεται
1266 3956 1324 4006 ὲν
1352 3950 1675 4022 ἀνθρώποις·

109 4054 168 4109 οὐ
197 4055 312 4124 γὰρ
336 4052 769 4124 ἀπηλλοτρίωται
795 4051 896 4120 τῆς
923 4051 1016 4104 τοῦ
1051 4048 1184 4103 Θεοῦ
1212 4048 1463 4120 προνοίας
1494 4047 1562 4099 τά
1585 4047 1677 4100 ἀν-

111 4141 378 4212 Θρώπινα.
420 4142 526 4195 Καὶ
562 4142 635 4194 τὰ
665 4138 873 4208 ὑψηλὰ
906 4139 1028 4216 ἀπὸ,
1046 4138 1343 4206 μακρόθεν
1386 4133 1678 4205 γινώσκει.

111 4233 395 4305 Ηροώρισε
424 4232 531 4303 γὰρ
556 4232 663 4285 ἀπὸ
688 4228 988 4298 καταϐολῆς
1024 4228 1225 4296 κόσμου
1256 4226 1394 4279 κατά
1421 4225 1511 4277 τὸν
1542 4223 1681 4276 θεῖον

123 4323 448 4376 ’Δπόστολον
489 4323 589 4391 τὴν
620 4320 810 4391 κλῆσιν
840 4318 945 4373 τῶν
991 4316 1180 4379 ἐθνῶν,
1215 4318 1307 4369 καὶ
1354 4315 1450 4385 τὴν
1499 4315 1578 4375 είς
1612 4312 1682 4364 τά

114 4415 297 4484 ὑψηλὰ
323 4412 633 4481 ἀναγωγήν.

1848 1947 1904 2001 2.
1941 1946 2007 2000 In
2050 1960 2323 2017 conspectu
2370 1950 2670 2019 angelorum
2698 1952 2928 2019 psallam
2954 1952 3071 2016 tibi,
3110 1952 3344 2006 adorabo

1780 2040 1847 2091 ad
1884 2040 2129 2107 templum
2163 2051 2402 2093 sanctum
2451 2052 2616 2095 tuum.
2651 2042 2814 2108 Quasi
2862 2044 3063 2097 scilicet
3109 2059 3343 2112 praesen—

1780 2134 1927 2187 tibus
1975 2134 2200 2199 angelis,
2245 2142 2299 2188 et
2336 2134 2455 2204 ejus
2496 2134 2777 2189 victoriam
2821 2151 2913 2205 per
2945 2134 3038 2190 Dei
3080 2138 3340 2190 auxilium

1780 2231 1989 2293 partam
2037 2238 2249 2290 semper
2290 2226 2655 2281 cernentibus.
2710 2224 2778 2278 Et
2826 2226 3102 2295 conﬁtebor
3144 2229 3343 2281 nomini

1783 2324 1871 2366 tuo
1922 2329 2074 2381 super
2113 2312 2477 2366 misericordia
2513 2326 2604 2366 tua
2646 2324 2695 2368 et
2728 2319 2944 2369 veritate
2986 2327 3099 2371 lita.
3129 2315 3342 2372 Gratias

1780 2421 1957 2475 agam,
1984 2404 2175 2474 inquit,
2210 2405 2350 2473 quod
2379 2404 2445 2458 ab
2470 2405 2659 2461 umbra
2688 2405 2963 2470 liberatus,
2986 2417 3040 2460 et
3062 2408 3341 2461 veritatem

1778 2507 2107 2552 consecutus
2151 2497 2275 2551 sim.
2312 2494 2572 2560 Quoniam
2620 2496 2971 2566 magniﬁcasti
3009 2514 3163 2566 super
3192 2513 3341 2551 omne

1780 2603 1965 2640 nomen
1993 2595 2231 2641 sanctum
2262 2596 2427 2640 tuum.
2467 2585 2541 2641 De
2572 2588 2809 2657 gentium
2836 2588 3118 2641 vocatione
3141 2588 3343 2656 gratias

1780 2694 1835 2733 se
1872 2676 2071 2731 referre
2099 2676 2248 2730 dicit.
2278 2675 2463 2746 Neque
2499 2686 2706 2731 tantum
2744 2678 2810 2731 de
2842 2677 3051 2731 collatis
3086 2678 3219 2733 mibi
3249 2679 3342 2733 be-

1780 2768 1987 2823 neficiis
2018 2769 2220 2839 gratias
2250 2784 2350 2836 ago
2373 2809 2387 2833 ,
2417 2768 2509 2823 sed
2538 2768 2682 2836 quod
2720 2768 2791 2821 tui
2829 2767 3050 2837 gloriam
3082 2769 3136 2821 in
3165 2768 3343 2823 omni-

1780 2859 1882 2915 bus
1929 2860 2290 2928 contemplor,
2344 2858 2605 2913 creatoris
2664 2858 2901 2918 scilicet,
2958 2855 3337 2919 benefactoris,

1780 2949 1991 3002 ultoris.
2026 2947 2171 3000 Nihil
2200 2950 2399 3016 quippe
2427 2958 2507 3002 est
2538 2947 2588 3001 in
2621 2963 2799 3001 rerum
2832 2955 3022 3001 natura
3050 2948 3193 3017 quod
3228 2962 3341 3001 ma-

1779 3037 2110 3104 gnitudinem
2141 3046 2286 3090 tuam
2320 3052 2424 3089 non
2461 3037 2729 3106 praedicet.

1850 3132 1904 3187 5.
1934 3132 2251 3185 Diuturnam
2289 3149 2473 3185 curam
2515 3130 2723 3185 habebis
2766 3130 2958 3185 animae
2997 3146 3123 3185 mea:
3151 3132 3341 3186 virtute

1780 3232 1889 3276 tua.
1919 3222 2228 3295 Πολυωρίαν
2267 3224 2396 3277 dicit
2426 3222 2858 3289 diuturnitatem.
2895 3220 3020 3277 Ilac
3049 3231 3131 3277 est
3161 3234 3339 3277 autent

1777 3317 2044 3371 sententia
2080 3332 2093 3367 :
2125 3314 2334 3370 Virtute
2384 3326 2472 3369 tua
2519 3315 2910 3369 trausmutabis
2956 3330 3042 3369 me
3084 3329 3113 3367 α
3152 3330 3341 3370 corru-

1777 3404 1957 3474 ptione
1989 3404 2042 3457 in
2079 3404 2559 3473 incorruptionem.

1847 3494 1899 3548 5.
1929 3492 1998 3546 Et
2027 3502 2238 3547 cantent
2279 3495 2333 3547 in
2360 3496 2582 3547 canticis
2612 3494 2841 3557 Domini,
2876 3496 3125 3563 quoniam
3150 3510 3341 3566 magna

1776 3594 1855 3639 est
1902 3584 2073 3654 gloria
2120 3584 2349 3641 Domini.
2378 3588 2595 3641 Cantica
2645 3586 2853 3642 Domini
2885 3588 3189 3655 descripsit,
3220 3603 3341 3657 qua:

1777 3678 1846 3731 ab
1873 3678 2127 3733 omnibus
2151 3679 2477 3749 exigentium
2507 3678 2703 3749 populo
2728 3678 3069 3734 credentibus
3101 3681 3338 3735 canenda

1778 3770 2040 3839 praedicit.

1851 3858 1905 3912 6.
1937 3857 2197 3924 Quoniam
2223 3859 2457 3912 excelsus
2491 3858 2746 3915 Dominus
2770 3870 2819 3915 et
2853 3859 3073 3914 humilia
3108 3860 3338 3928 respicit.

1779 3948 1857 4004 Ne
1900 3950 2115 4013 mirere,
2169 3950 2371 4019 inquit,
2423 3952 2469 4005 si
2526 3951 2639 4006 hac
2688 3954 2829 4021 apud
2876 3951 3120 4005 homines
3158 3948 3338 4003 futura

1780 4042 1909 4102 sint,
1943 4043 2178 4095 humana
2217 4043 2415 4112 quippe
2456 4058 2562 4095 non
2605 4057 2633 4097 a
2677 4041 2765 4095 Dei
2799 4041 3131 4110 providentia
3164 4041 3336 4095 aliena

1781 4140 1927 4186 sunt.
1961 4131 2028 4186 Et
2076 4132 2188 4185 alta
2224 4149 2255 4185 a
2286 4133 2433 4201 longe
2474 4132 2754 4200 cognoscit.
2806 4130 3161 4184 Pratdelinivit
3192 4132 3336 4183 enim

1783 4240 1813 4278 a
1859 4227 2243 4281 constitutione
2294 4225 2482 4279 mundi
2524 4226 2858 4279 vocationem
2895 4225 3154 4296 gentium,
3184 4224 3338 4293 juxta

1781 4319 2020 4375 divinum
2050 4319 2390 4390 Apostolum,
2421 4320 2952 4388 assumptionemque
2979 4318 3045 4373 ad
3068 4320 3299 4373 excelsa.

191 4505 332 4559 Ἐὰν
378 4500 644 4571 πορευθῶ
684 4503 752 4555 ὲν
791 4499 958 4569 μέσῳ
1005 4500 1295 4567 θλίψεως,
1344 4496 1542 4561 ζήσεις
1581 4511 1675 4562 με.

1855 4501 1906 4555 7.
1944 4500 2003 4555 Si
2031 4498 2364 4555 ambulavero
2392 4500 2447 4553 in
2470 4500 2638 4552 medio
2669 4498 3021 4553 tribulationis
3049 4500 3339 4569 eiri/icabis

115 4600 341 4669 Ὅμοιον
382 4595 475 4649 τό·
526 4597 744 4662 Θλίψιν
790 4592 955 4657 ἕξετε
996 4592 1067 4644 ἐν
1115 4588 1195 4653 τῷ
1241 4592 1471 4657 κόσμῳ·
1519 4586 1678 4640 ἀλλά

115 4688 409 4758 θαρσεῖτε,
436 4686 550 4757 ἐγὼ
579 4686 867 4750 νενίκηκα
904 4685 1009 4737 τὸν
1046 4683 1293 4749 κόσμον.
1331 4680 1452 4734 Ἐπ’
1494 4676 1679 4746 ὀργὴν

114 4780 343 4851 ἐχθρῶν
376 4798 495 4848 μου
532 4777 829 4844 ἐξέτεινας
858 4776 963 4842 τὰς
987 4772 1187 4844 χεῖράς
1222 4790 1356 4826 σου.
1397 4771 1680 4839 Ἐπενήνε-

118 4887 235 4923 κται
268 4869 385 4940 γὰρ
416 4870 533 4921 κατ’
562 4866 739 4921 αὐτῶν
768 4868 801 4937 ἡ
827 4866 971 4931 δεξιά
1000 4864 1093 4917 τοῦ
1132 4862 1361 4931 Πατρός,
1404 4860 1679 4915 τουτέστιν

116 4964 142 5012 ὁ
170 4961 321 5023 Υἱὸς,
354 4960 476 5028 ἦτις
509 4960 603 5012 καὶ⁵
624 4961 822 5012 ἔσωσεν
851 4960 1015 5027 ἡμᾶς.

184 5054 404 5120 Κύριος
456 5050 859 5105 ἀνταποδώσω
907 5050 1058 5118 ὑπὲρ
1112 5048 1277 5118 ἐμοῦ.
1323 5048 1524 5119 Κρίνας
1571 5045 1679 5116 γὰρ

120 5142 209 5214 τὴν
256 5142 385 5197 καθ’
422 5142 581 5213 ἡμῶν
623 5142 867 5207 ἀδικίαν,
913 5141 1131 5206 ἐξέϐαλε
1175 5141 1266 5193 τὸν
1315 5140 1547 5210 ἄρχοντα
1585 5139 1677 5191 τοῦ

122 5232 344 5302 κόσμου.

124 5328 219 5391 Εις
244 5323 424 5390 τέλος
470 5321 549 5388 τῷ
590 5321 769 5375 Δαυῒδ
803 5325 1106 5377 ΨΑΛΜΟΣ
1147 5322 1243 5375 διὰ
1286 5322 1575 5390 Ζαχαρίου
1612 5320 1680 5372 ἐν

587 5412 661 5483 τῇ
691 5412 1001 5482 διασπορᾷ.
1034 5417 1218 5469 ΡΛΙΡ.

748 5507 1069 5573 Ὑπόθεσις.

135 5596 483 5671 Ἀναφέρεται
537 5598 637 5669 μὲν
689 5602 719 5652 ὀ
765 5598 974 5669 ψαλμὸς
1021 5602 1099 5661 εἰς
1149 5599 1209 5650 τὸ
1253 5596 1346 5649 τοῦ
1412 5592 1678 5663 Ζαχαρίου

195 5690 499 5760 πρόσωπον,
541 5688 621 5742 ἔτι
664 5689 829 5742 ὄντων
860 5691 915 5741 ὲν
940 5691 1004 5758 τῇ
1040 5688 1377 5758 αἰχμαλωσίᾳ
1406 5686 1511 5738 τῶν
1550 5683 1678 5737 υἱῶν

167 5804 209 5835 ’⁸
230 5803 412 5861 Matth.
445 5824 579 5873 stu,
610 5804 676 5859 37
776 5806 819 5837 ’⁸
846 5803 1000 5859 Joan.
1032 5820 1140 5869 xw,
1171 5802 1255 5857 55.

1783 4606 1881 4646 me.
1904 4590 2091 4645 Simile
2110 4600 2193 4644 est
2222 4591 2350 4644 illud
2372 4609 2385 4645 :
2410 4589 2817 4643 Tribulationem
2841 4590 3091 4643 habebitis
3114 4590 3168 4642 in
3190 4606 3347 4642 munt

1783 4683 1882 4745 do;
1912 4682 2000 4737 sed
2044 4681 2312 4751 confidite,
2339 4699 2431 4752 ego
2476 4682 2576 4734 vici
2611 4682 2863 4735 mundum
2907 4682 2975 4736 “.
3008 4680 3175 4749 Super
3202 4682 3339 4734 iram

1785 4777 2115 4831 inimicorum
2144 4792 2373 4829 meorum
2398 4776 2679 4829 extendisti
2709 4791 2892 4828 manus
2919 4786 3061 4829 tuas.
3096 4772 3339 4829 lmmissa

1784 4870 1981 4939 quippe
2010 4878 2091 4923 est
2117 4869 2377 4923 adversus
2414 4869 2535 4922 illos
2563 4869 2778 4923 dextera
2814 4866 3009 4933 Patris,
3049 4868 3101 4923 id
3134 4877 3216 4922 est
3250 4866 3340 4920 Fi-

1786 4962 1911 5023 lius,
1942 4976 2061 5029 quae
2093 4975 2192 5013 nos
2226 4960 2403 5013 salvos
2434 4958 2577 5013 fecit.

1854 5054 1905 5106 8.
1946 5052 2197 5104 Dominus
2229 5051 2474 5103 retribuet
2504 5066 2597 5118 pro
2631 5065 2730 5101 me.
2763 5047 3053 5116 Postquam
3078 5048 3339 5117 judicavit

1784 5142 1926 5195 enim
1955 5141 2019 5195 de
2045 5140 2305 5209 injustitia
2328 5155 2434 5208 qua
2458 5138 2568 5193 laesi
2597 5154 2805 5202 sumus,
2830 5137 3127 5206 principem
3150 5138 3337 5191 mundi

1784 5232 1959 5302 ejecit.

1855 5325 1919 5379 In
1961 5326 2115 5393 ﬁnem
2147 5323 2390 5378 PSALM
2397 5322 2483 5377 US
2516 5321 2703 5375 Davidi
2741 5338 2830 5389 per
2868 5320 3179 5375 Zachariam
3212 5321 3268 5374 in

2191 5413 2523 5480 dispersione.
2553 5409 2749 5464 CXXX
2767 5408 2928 5464 VIII.

2362 5501 2753 5570 Argumentum.

1784 5598 2032 5654 Refertur
2067 5594 2307 5665 psalmus
2338 5592 2403 5647 ad
2436 5607 2716 5661 personant
2759 5591 3050 5653 Zachariae,
3080 5590 3206 5643 dum
3241 5587 3334 5641 lilii

1855 5688 2017 5743 Israel
2064 5688 2240 5742 adhuc
2290 5696 2471 5741 essent
2522 5687 2573 5738 iu
2629 5686 2934 5753 captivitate
2974 5694 3021 5738 et
3072 5681 3342 5753 Propheta
