4090 6312
764 357 861 414 531

840 566 974 620 vina:
1013 583 1139 637 erga
1184 586 1282 622 nos
1316 571 1693 638 providentia,
1734 581 1788 626 et
1819 574 1962 640 quod
2009 587 2114 626 non
2151 574 2322 626 solum

833 660 898 711 ad
930 659 1177 714 universa
1216 662 1554 727 e.\tendatur,
1588 665 1679 716 sed
1712 663 1872 716 rebus
1901 664 2062 716 etiam
2099 664 2324 733 singulis

841 751 1161 819 prospiciat;
1203 752 1273 807 ita
1318 763 1375 825 ut
1411 769 1584 823 neque
1615 765 1795 809 motus
1838 756 2006 808 nostri
2034 770 2206 823 neque
2235 775 2322 808 co-

836 841 1120 907 gitationes
1149 842 1215 895 ab
1239 843 1356 912 ejus
1383 845 1712 911 providentia
1751 845 2106 914 negligantur.
2142 847 2322 899 Admi-

835 939 987 984 ratur
1018 935 1334 987 meonomiu:
1363 934 1802 1002 profunditatem,
1834 937 2167 992 vocationem
2196 953 2321 1008 gen-

835 1023 969 1076 tium
997 1035 1176 1094 aperte.
1202 1027 1491 1093 significat,
1524 1039 1578 1081 et
1602 1031 2012 1097 repugnantiam
2045 1027 2320 1082 lsraelitici

835 1116 1011 1184 populi
1045 1117 1302 1172 adversus
1366 1119 1663 1174 Christum.
1711 1119 1935 1188 Propter
1984 1119 2096 1173 inec
2141 1121 2319 1172 omnia

836 1211 888 1260 in
918 1209 1076 1262 linem
1109 1207 1293 1263 Davidi
1331 1212 1623 1282 inscriptus
1648 1223 1750 1268 est.
1786 1211 2106 1282 Plerumque
2141 1221 2318 1265 autem

836 1296 1094 1358 diximus,
1130 1300 1367 1367 psalmos
1416 1300 1489 1354 ita
1550 1302 1835 1372 inscriptos
1877 1305 1942 1357 ad
1985 1314 2193 1370 tempus
2227 1303 2320 1355 ad-

834 1397 1025 1444 ventus
1053 1388 1260 1444 Domini
1291 1401 1550 1460 spectare.

838 1669 883 1722 1.
921 1669 1158 1732 Domine,
1198 1671 1431 1739 probasti
1466 1686 1545 1722 me
1588 1681 1636 1722 et
1670 1672 1958 1739 cognovisti
1989 1687 2084 1723 me.
2127 1669 2310 1736 Utpotf

761 1760 855 1827 qni
887 1759 1139 1826 conﬁdat,
1175 1776 1233 1814 se
1273 1762 1481 1813 firmam
1523 1760 1574 1812 in
1600 1762 1872 1814 Christum
1909 1761 2064 1814 ﬁdem
2101 1760 2314 1820 habere,

763 1852 1004 1920 nihilque
1032 1853 1132 1905 sibi
1161 1867 1446 1906 commune
1473 1867 1592 1906 esse
1622 1869 1742 1906 eum
1774 1852 2056 1921 iniquitate
2090 1851 2315 1920 improbi

763 1943 967 2010 populi,
1000 1959 1123 1996 eum
1179 1944 1351 2013 ipsum
1395 1945 1488 2014 qui
1531 1944 1693 1998 corda
1748 1943 1996 1998 formavit
2034 1952 2223 1997 evocat
2265 1944 2315 1996 in

764 2043 974 2086 testem.

829 2124 882 2177 3.
914 2123 1227 2177 Intellexisti
1254 2127 1591 2194 cogitationes
1621 2142 1759 2178 meas
1789 2125 1851 2177 de
1881 2125 2048 2193 longe,
2079 2127 2315 2177 semitam

765 2229 931 2267 meam
959 2225 1006 2268 el
1032 2218 1325 2285 funiculum
1351 2235 1520 2271 meum
1547 2220 1886 2288 investigasti.
1919 2218 2144 2272 Etiamsi
2181 2218 2318 2272 Drus

761 2309 1147 2376 cogitationum
1186 2319 1388 2364 motum
1419 2313 1621 2377 videat,
1653 2311 1823 2366 multo
1855 2309 2025 2378 magis
2050 2311 2171 2362 vita:
2199 2325 2318 2362 cur-

760 2413 880 2451 sum
911 2402 1206 2466 cognoscit.
1242 2401 1493 2454 Semitam
1535 2418 1700 2453 meam
1743 2411 1792 2453 et
1826 2400 2119 2468 funiculum
2150 2416 2316 2452 meum

760 2490 1107 2559 investigasti.
1141 2493 1454 2560 Σχοινισμός
1495 2502 1576 2546 est
1625 2507 1876 2546 mensura
1920 2493 2161 2561 quatdam
2197 2493 2311 2547 vis.

759 2578 900 2633 Dicit
929 2590 1106 2634 autem
1140 2596 1260 2635 enm
1291 2598 1503 2636 omnem
1536 2583 1876 2653 cogitationis
1912 2595 2116 2638 motum
2148 2584 2312 2648 scire;

762 2685 853 2739 per
882 2672 995 2726 vias
1016 2673 1158 2726 enim
1196 2685 1373 2729 motus
1413 2677 1694 2745 signiﬁcat.

827 2931 880 2987 4.
912 2931 1178 2997 Quoniam
1214 2949 1315 2986 non
1345 2943 1421 2986 est
1447 2934 1598 2987 dolus
1629 2935 1683 2988 in
1722 2936 1903 3005 lingua
1946 2954 2079 2991 mea.
2117 2937 2180 2990 Et
2214 2939 2315 2991 lioc

759 3033 844 3077 est
883 3039 1045 3092 quam
1094 3026 1388 3080 maximum
1421 3027 1632 3082 Davidis
1666 3029 1939 3092 meritum,
1966 3031 2109 3098 quod
2145 3031 2313 3082 nerui-

1601 363 1658 418 S.
1702 363 2073 420 ATHANASII
2107 364 2254 420 OPI’.
2298 364 2479 418 PARS
2522 363 2606 418 ΙΙΙ.
2649 394 2716 404 --
2751 364 3157 422 EXEGETICA.

838 491 1053 543 quoque
1098 492 1218 530 cum
1276 477 1400 532 illis.
1436 477 1697 534 Describit
1737 491 1918 534 autem
1955 482 2217 536 rationem
2243 481 2324 534 di-
2352 487 2397 540 Α

3888 363 3970 420 532

2511 479 2758 550 Ἰσραὴλ,
2808 481 2899 533 καὶ
2944 482 3048 552 μὴν
3080 483 3171 535 καὶ
3219 481 3378 534 αὑτοῦ
3423 481 3517 534 τοῦ
3563 481 3850 551 Προφήτου
3895 481 3969 534 σὺν

2495 572 2695 632 αὐτοῖς.
2728 571 2929 641 Γράφει
2957 571 3014 624 δὲ
3035 573 3133 642 τῆς
3158 574 3282 642 περὶ
3311 570 3443 625 Θεοῦ
3477 573 3557 634 είς
3585 572 3734 642 ἡμᾶς
3763 570 3969 640 κηδεμοο

2496 668 2613 728 νίας
2644 665 2735 718 τὸν
2782 666 2998 736 τρόπον’
3048 666 3141 718 καὶ
3187 666 3260 728 ὡς
3303 665 3362 716 οὑ
3416 664 3573 733 μόνον
3618 661 3728 712 τῶν
3765 659 3968 712 καοόλου

2495 759 2723 808 ποιεῖται
2757 756 3030 826 ¹ιίᾠνοιαν,
3077 755 3213 808 ἀλλὰ
3239 756 3344 825 γὰρ
3370 755 3461 807 καὶ
3493 753 3601 805 τῶν
3631 750 3776 804 κατὰ
3809 751 3966 820 μέρος·

2495 850 2569 911 ὡς
2604 849 2737 918 μηδὲ
2766 850 2863 912 τὰς
2901 850 3158 919 κινήσεις,
3190 847 3321 918 μηδὲ
3354 847 3450 910 τὰς
3483 843 3808 914 ἐνθυμήσεις
3839 843 3969 913 ἡμῶν

2495 942 2589 1010 τῆς
2635 940 2796 992 αὑτοῦ
2843 941 3121 993 λείπεσθαι
3159 939 3428 1012 προνοίας.
3479 931 3879 1004 Ἀποθαυμάζει
3918 951 3969 1000 γε

2493 1029 2596 1099 μὴν
2619 1030 2710 1082 καὶ
2736 1031 2832 1100 τῆς
2859 1029 3161 1100 οἰκονομίας
3189 1030 3247 1082 τὸ
3276 1029 3456 1098 βάθος,
3486 1029 3586 1098 τήν
3607 1043 3665 1078 τε
3692 1025 3800 1078 τῶν
3825 1023 3969 1076 ἐθνῶν

2497 1120 2683 1188 κλῆσιν
2717 1121 3110 1191 κατασημαίνει
3141 1121 3343 1188 σαφῶς,
3374 1121 3468 1173 καὶ
3491 1119 3589 1189 τὴν
3618 1117 3969 1185 γεγενημένην

2493 1215 2796 1282 ἀντιλογίαν
2824 1213 2900 1283 τῷ
2929 1213 3138 1284 Σωτῆρι
3164 1211 3378 1282 Χριστῷ
3399 1209 3549 1281 παρὰ
3570 1208 3663 1260 τοῦ
3692 1208 3752 1271 ἐξ
3779 1205 3970 1276 Ἰσραὴλ

2492 1305 2638 1360 λαοῦ.
2685 1307 2782 1358 Διά
2831 1306 2893 1376 δὴ
2927 1305 3098 1358 ταῦτα
3141 1304 3316 1356 πάντα
3362 1304 3454 1356 καὶ
3483 1303 3562 1363 εἰς
3589 1300 3650 1352 τὸ
3686 1299 3840 1360 τέλος
3870 1299 3970 1349 ἐπι-

2491 1401 2796 1469 γέγραπται
2835 1396 2912 1466 τῷ
2944 1396 3120 1449 Δαυῖδ.
3159 1395 3396 1463 Εἴπομεν
3428 1393 3485 1446 δὲ
3520 1390 3800 1454 πολλάκις,
3835 1391 3903 1451 ὡς
3930 1389 3970 1439 οἱ

2494 1489 2633 1542 οὕτω
2657 1487 2764 1540 τῶν
2793 1485 3020 1557 ψαλμῶν
3061 1485 3485 1555 ἐπιγραιρόμενοι
3512 1484 3592 1544 εἰς
3615 1483 3704 1534 τὸν
3742 1482 3840 1550 τῆς
3870 1482 3970 1534 ιτε-

2488 1582 2686 1652 δημίας
2713 1581 3122 1651 ἀναπέμπονται
3157 1577 3364 1646 καιρόν.

2486 1673 2680 1738 Κύριε,
2712 1669 3074 1738 ἑδοκίμασάς
3092 1686 3167 1736 με
3196 1669 3290 1720 καὶ
3315 1668 3500 1734 ἔγνως
3522 1682 3616 1732 με.
3651 1663 3744 1726 Ὠς
3772 1661 3971 1732 θαρρῶν

2421 1759 2638 1828 βεϐαίαν
2681 1758 2824 1827 ἔχειν
2866 1759 2962 1828 τὴν
3002 1758 3181 1808 πίστιν
3223 1756 3321 1826 τὴν
3367 1758 3445 1818 εἰς
3485 1754 3749 1824 Χριστὸν,
3786 1753 3874 1804 καὶ
3907 1751 3979 1810 ὡς

2418 1851 2636 1920 οὐδεμία
2687 1850 2830 1919 αὑτῷ
2871 1850 3118 1902 κοινωνία
3156 1849 3339 1916 γέγονε
3389 1850 3453 1916 τῇ
3492 1846 3583 1898 10:3
3620 1845 3824 1914 φαύλου
3856 1843 3970 1896 λαοῦ

2420 1943 2750 2012 παρανομίᾳ,
2787 1942 2963 1994 αὐτῶν
2989 1939 3097 1993 τῶν
3131 1938 3364 2010 καρδιῶν
3394 1939 3482 1990 τὸν
3510 1938 3756 2006 πλάστην
3789 1938 3969 1987 ἐπικα-

2419 2037 2585 2089 λεῖται
2622 2037 2890 2105 μάρτυρα.

2488 2126 2569 2178 Σὺ
2599 2123 2868 2190 συνῆκας
2917 2123 3055 2187 τοὺς
3101 2123 3523 2191 διαλογισμούς
3563 2138 3682 2189 μου
3718 2119 3838 2173 ἀπὸ
3869 2135 3972 2186 μα-

2420 2219 2652 2283 κρόθεν,
2695 2216 2808 2282 τὴν
2837 2217 3038 2282 τρίϐον
3072 2231 3187 2282 μου
3221 2215 3315 2265 καὶ
3349 2215 3452 2265 τὸν
3483 2211 3737 2279 σχοῖνόν
3753 2229 3870 2280 μου
3901 2210 3972 2262 σὺ

2417 2308 2784 2376 ἐξιχνίιισίις.
2821 2308 2881 2358 Εἰ
2919 2307 3012 2359 καὶ
3041 2305 3145 2357 τῶν
3170 2304 3542 2374 διανοημάτων
3569 2299 3676 2355 οἶδε
3701 2303 3798 2372 τὴν
3833 2301 3972 2370 κίνη-

2420 2415 2501 2448 σιν
2540 2399 2567 2448 ὁ
2597 2396 2746 2460 Θεὸς,
2789 2395 2964 2464 πολλῴ
3004 2396 3162 2448 πλέον
3205 2395 3303 2463 τῆς
3337 2395 3473 2447 κατὰ
3498 2393 3586 2445 τὸν
3616 2392 3730 2462 βίον
3762 2391 3972 2462 πορείας

2417 2485 2526 2553 ἔχει
2555 2483 2649 2553 τὴν
2677 2485 2893 2552 γνῶσιν.
2937 2484 3053 2549 Τὴν
3084 2483 3282 2551 τρίϐον
3314 2500 3432 2550 μου
3467 2482 3564 2535 καὶ
3589 2482 3705 2548 τὴν
3736 2479 3974 2548 σχοῖνόν

2410 2593 2528 2641 μου
2569 2575 2648 2625 σὺ
2679 2573 3052 2639 ἑξιχνίασας.
3085 2575 3130 2624 Σ
3133 2571 3442 2639 χοινισμὸς
3487 2572 3583 2640 μὲν
3611 2571 3808 2640 μέτρον
3840 2571 3974 2622 ἐστὶν

2417 2664 2713 2734 ὡρισμένον
2753 2662 2892 2720 ὁδοῦ.
2938 2663 3093 2730 Λέγει
3140 2663 3224 2725 δὲ,
3269 2664 3342 2724 ὡς
3385 2664 3562 2713 πᾶσαν
3594 2662 3808 2730 κίνησιν
3844 2661 3968 2726 λογι·

2419 2756 2552 2826 σμοῦ
2583 2757 2869 2810 ἐπίστασαι
2890 2773 2903 2786 ’
2937 2755 3032 2818 τὰς
3063 2756 3168 2825 γὰρ
3202 2757 3440 2825 κινήσεις
3471 2753 3558 2806 διὰ
3586 2753 3694 2804 τῶν
3723 2753 3856 2805 ὁδῶν
3892 2768 3976 2821 ση-

2419 2847 2612 2915 μαίνει.

2490 2939 2610 2989 Ὄτι
2644 2941 2753 2989 οὐκ
2781 2938 2913 2989 ἐστι
2943 2936 3120 3000 δόλος
3143 2936 3212 2986 ἐν
3238 2937 3485 3003 γλώσσῃ
3509 2954 3650 3001 μου.
3683 2937 3794 2987 Καὶ
3827 2935 3974 2987 τοῦτο

2418 3030 2669 3099 μέγιστον
2696 3028 2803 3082 τῶν
2828 3026 3262 3098 κατορθωμάτων
3294 3027 3371 3096 τῷ
3402 3027 3592 3089 Aut/36,
3628 3029 3704 3097 μὴ
3733 3027 3974 3095 ἀδικῆσαι

761 3131 882 3170 nem
919 3116 1112 3171 laeserit
1141 3119 1340 3188 lingua,
1386 3119 1466 3173 vel
1501 3121 1800 3184 mendacio,
1827 3121 1906 3174 vel
1936 3120 2194 3190 periurio,
2230 3123 2313 3174 vel
2341 3161 2348 3201 η

2417 3124 2510 3192 τὴν
2541 3121 2789 3189 γλῶσσαν
2815 3122 2950 3192 μήτε
2974 3122 3031 3172 ὲν
3060 3119 3264 3188 ψεύδει,
3299 3120 3431 3189 μήτε
3464 3119 3522 3172 ἐν
3548 3120 3824 3188 ἐπιορκία,
3851 3119 3973 3188 μήτε

762 3206 953 3260 fraude
979 3207 1190 3274 dolove,
1222 3209 1436 3278 aliaque
1467 3211 1630 3262 simili
1658 3211 1891 3267 ratione.

829 3299 882 3354 5.
925 3297 1078 3362 Ecce,
1130 3299 1371 3362 Domine,
1420 3310 1476 3352 tu
1509 3301 1790 3369 cognovisti
1829 3302 2005 3354 omnia
2035 3304 2314 3357 novissima

759 3400 808 3442 et
839 3392 1079 3456 antiqua.
1112 3388 1281 3444 Media
1323 3399 1479 3452 tacet,
1507 3393 1631 3461 quia
1667 3392 1719 3445 in
1751 3393 1928 3446 medio
1973 3395 2072 3448 sita
2112 3396 2313 3451 malitia

760 3488 868 3534 est.
893 3478 1009 3533 Non
1036 3480 1102 3534 ab
1133 3481 1285 3534 initio
1305 3483 1446 3535 enim
1475 3481 1595 3548 fuit,
1623 3499 1720 3538 nec
1745 3484 1797 3536 in
1822 3485 1926 3539 ﬁne
1955 3487 2074 3541 crit.
2110 3487 2185 3540 Tu
2215 3489 2315 3556 for-

761 3573 920 3625 masti
963 3588 1042 3625 me
1071 3582 1118 3626 et
1141 3574 1363 3642 posuisti
1390 3591 1542 3643 super
1566 3592 1643 3628 me
1673 3591 1884 3628 manum
1916 3586 2081 3631 tuam.
2113 3577 2315 3633 Etiam-

761 3665 830 3728 si,
883 3665 1073 3734 inquit,
1116 3681 1202 3720 me
1248 3665 1599 3727 formaveris,
1637 3665 1924 3721 formatum
1957 3685 2042 3722 me
2084 3683 2231 3726 tenes
2263 3682 2316 3727 et

761 3774 979 3823 servas;
1017 3775 1140 3812 nam
1178 3759 1451 3828 impositio
1495 3775 1684 3815 manus
1740 3760 1830 3816 Dei
1871 3763 2123 3818 collatum
2162 3768 2315 3822 nobis

766 3845 997 3915 Spiritus
1027 3848 1226 3901 donum
1271 3849 1557 3917 signiﬁcat.
1586 3851 2048 3914 Quemadmodum
2087 3858 2312 3924 apostoli

767 3950 860 4002 per
885 3951 1140 3990 manuum
1173 3937 1568 4006 impositionem
1612 3936 1872 4008 Spiritum
1906 3956 2150 3998 sanctum
2177 3960 2314 4014 prze~

763 4027 978 4082 hebant.

833 4119 886 4172 6.
921 4119 1185 4174 Mirabilis
1216 4123 1356 4188 facta
1385 4134 1460 4176 est
1505 4125 1725 4178 scientia
1761 4134 1851 4177 tua
1888 4140 1951 4177 ea:
1983 4141 2081 4188 me,
2107 4128 2316 4193 confor-

765 4221 878 4262 Iuta
925 4221 999 4264 est
1041 4223 1090 4264 et
1129 4229 1230 4264 non
1263 4224 1439 4281 potero
1479 4216 1547 4268 ad
1578 4233 1713 4270 eam.
1749 4217 2027 4285 Ejusmodi
2055 4226 2140 4272 est
2171 4222 2314 4288 quod

763 4301 894 4354 dicit
928 4302 1132 4355 :multa
1178 4303 1280 4356 alia
1325 4317 1446 4358 esse
1483 4319 1512 4356 a
1539 4303 1648 4358 Deo
1675 4305 1727 4358 in
1759 4321 1818 4359 se
1853 4306 1988 4360 facta
2011 4345 2027 4367 ,
2057 4323 2175 4375 qua:
2205 4309 2317 4378 ipse

763 4404 1087 4460 cognoscere
1128 4408 1235 4446 non
1286 4393 1474 4462 possit.
1517 4391 1652 4447 Nam
1699 4406 2056 4464 exsuperant,
2105 4397 2312 4468 inquit,

2415 3215 2471 3265 ἐν
2501 3213 2682 3282 ἀπάτῃ
2707 3212 2796 3263 καὶ
2829 3211 2982 3278 δόλῳ,
3007 3211 3099 3262 καὶ
3128 3211 3273 3280 πάσῃ
3305 3209 3524 3280 τοιαύτῃ
3551 3209 3686 3280 ἄλλῃ

2497 3299 2639 3352 Ἰδοὺ
2661 3341 2674 3361 ,
2703 3301 2875 3366 Κύριε
2894 3337 2907 3361 ,
2937 3298 3017 3350 σὺ
3061 3299 3246 3366 ἔγνως
3285 3296 3478 3349 πάντα
3514 3298 3584 3350 τὰ
3626 3300 3858 3363 ἔσχατα
3887 3299 3977 3352 καὶ

2412 3391 2484 3442 τὰ
2523 3391 2755 3458 ἀρχαῖα.
2801 3390 2880 3442 Τὰ
2917 3390 3056 3460 μέσα
3104 3387 3616 3460 παρασεσιὼπηται,
3669 3390 3760 3442 διὰ
3803 3392 3864 3442 τὺ
3891 3391 3978 3459 τὴν

2414 3481 2608 3534 κακίαν
2639 3477 2778 3533 εἶναι
2811 3483 2868 3534 ἐν
2895 3480 2972 3552 τῷ
3009 3480 3232 3551 μεταξύ.
3257 3482 3332 3533 Οὐ
3357 3481 3464 3551 γὰρ
3489 3477 3556 3551 ἦν
3588 3481 3644 3533 ἐν
3668 3483 3837 3552 ἀρχῇ,
3866 3481 3979 3533 οὐδὲ

2414 3573 2560 3625 ἔσται
2609 3572 2768 3625 πάλιν
2810 3573 2866 3624 ὲν
2893 3572 3054 3624 τέλει.
3089 3571 3170 3624 Σὺ
3198 3571 3470 3636 ἕπλασάς
3495 3589 3602 3640 με,
3635 3573 3737 3624 καὶ
3767 3574 3978 3638 ἔθηκας

2413 3665 2505 3716 ἐπ’
2536 3664 2640 3733 ἐμὲ
2668 3664 2781 3730 τὴν
2818 3662 2985 3731 χεῖρά
3015 3678 3148 3715 σου.
3190 3663 3250 3714 Εἰ
3293 3664 3385 3715 καὶ
3414 3662 3654 3725 ἐπλασάς
3703 3681 3770 3732 με
3792 3705 3806 3728 ,
3833 3665 3976 3732 φησι,

2416 3756 2512 3808 καὶ
2556 3756 2812 3823 γεγονότα
2838 3755 3162 3826 διακρατείς·
3202 3755 3234 3823 ἡ
3264 3755 3369 3824 γὰρ
3408 3753 3649 3816 ἐπίθεσις
3678 3757 3779 3825 τῆς
3809 3755 3979 3824 χειρὸς

2414 3847 2506 3900 τοῦ
2538 3847 2671 3899 Θεοῦ
2694 3849 2791 3917 τὴν
2819 3845 3210 3918 χορηγηθεῖσαν
3246 3849 3375 3917 ἡμῖν
3406 3846 3498 3899 τοῦ
3535 3847 3856 3918 Ιινεύματος
3885 3848 3978 3901 δω-

2419 3940 2546 4007 ρεὰν
2576 3939 2846 4008 σημαίνει·
2878 3939 2953 4001 ὼς
2999 3941 3047 3990 οἱ
3081 3939 3365 3993 ἀπόστολοι
3405 3939 3493 3992 διὰ
3537 3939 3634 4009 τῆς
3685 3940 3978 4000 ἐπιθέσεως

2414 4029 2520 4080 τῶν
2546 4029 2739 4100 χειρῶν
2765 4033 3020 4099 παρεῖχον
3051 4030 3271 4099 Πνεῦμα
3298 4031 3465 4097 ἆγιον.

2499 4118 2949 4188 Ἐθαιομαστώθη
2987 4123 3025 4188 ἡ
3057 4120 3278 4189 γνῶσίς
3321 4136 3437 4173 σου
3470 4121 3538 4184 ἐξ
3580 4120 3765 4188 ἐμοῦ,
3817 4122 3980 4188 ἐκρα-

2416 4211 2646 4278 ταιώθη,
2672 4213 2743 4264 οὐ
2754 4211 2838 4279 μὴ
2864 4210 3121 4281 δύνωμαι
3146 4212 3292 4278 πρὸς
3310 4210 3517 4278 αὑτήν.
3553 4215 3618 4264 Ὀ
3643 4212 3795 4280 λέγει
3827 4213 3983 4266 τοιοῦ-

2415 4301 2505 4353 τόν
2537 4302 2705 4353 ἐστιν’
2743 4303 2862 4354 Ὅτι
2895 4301 3054 4370 ἔτερα
3089 4301 3312 4354 πλεῖστά
3345 4304 3458 4354 ἐστι
3493 4302 3558 4354 τά
3589 4303 3699 4354 ἀπὸ
3732 4303 3830 4355 τοῦ
3856 4301 3980 4355 Θεοῦ

2417 4396 2495 4455 είς
2529 4393 2686 4446 αὑτὸν
2722 4393 3081 4462 γεγενημένα,
3116 4393 3211 4445 καὶ
3235 4395 3330 4462 οὐχ
3359 4389 3466 4455 οἷός
3493 4393 3551 4444 τέ
3580 4393 3697 4445 ἑστι
3731 4390 3981 4461 διαγινώ-

765 4478 1073 4536 facultatem
1123 4498 1321 4548 meam,
1363 4494 1416 4539 et
1459 4501 1647 4540 eorum
1686 4488 1919 4556 cognitio
1972 4500 2150 4545 mente
2199 4508 2314 4546 mea

2424 4501 2590 4536 σκειν.
2630 4483 2982 4553 ’Υπερδάλλει
3035 4485 3141 4555 γὰρ
3193 4485 3289 4554 τὴν
3338 4484 3476 4555 ὲμὴν
3518 4483 3785 4553 δύναμιν,
3838 4484 3981 4553 φησὶ,

764 4572 923 4640 longe
969 4574 1212 4642 superior
1259 4584 1372 4640 est,
1403 4576 1476 4629 ita
1507 4585 1566 4631 ut
1599 4594 1686 4641 ea,
1728 4593 1827 4631 nec
1874 4581 2192 4649 investigare
2223 4597 2319 4637 nec

766 4664 912 4734 loqui
948 4665 1170 4733 possim.
1201 4664 1544 4737 Quaecunque
1571 4671 1714 4725 enim
1744 4670 1855 4724 dixi
1897 4688 2058 4740 parva
2099 4673 2318 4742 exigua-

766 4771 873 4824 que
897 4765 1041 4810 sunt.
1081 4756 1285 4812 Divina
1311 4759 1581 4828 siquidem
1613 4762 1828 4816 virtutis
1863 4764 2055 4818 notitia
2084 4765 2318 4834 parvita-

765 4859 874 4902 tem
906 4864 1079 4902 meam
1110 4848 1263 4918 fugit.

837 5021 888 5074 8.
922 5022 980 5076 Si
1007 5021 1281 5076 escendero
1311 5027 1362 5078 in
1387 5027 1592 5090 caelum,
1617 5041 1672 5080 tu
1700 5030 1809 5081 illic
1836 5046 1908 5082 es.
1937 5027 2121 5084 Simile
2145 5029 2273 5083 illud
2301 5048 2312 5080 :

766 5109 968 5166 Caelum
1005 5116 1129 5167 milii
1172 5116 1384 5168 thronus
1423 5128 1500 5170 est
1532 5119 1598 5171 ".
1637 5117 1695 5172 Si
1729 5120 2034 5174 descendere
2070 5123 2125 5173 in
2154 5121 2316 5188 infer-

768 5217 916 5265 num,
943 5203 1085 5256 ades.
1129 5202 1374 5260 Przedicit
1398 5205 1636 5262 futurum
1669 5207 1879 5263 Domini
1912 5210 2229 5265 descensum
2265 5212 2317 5264 in

771 5291 1061 5346 infernum.

839 5384 890 5438 9.
919 5383 977 5437 Si
1004 5403 1268 5454 sumpsero
1290 5405 1482 5448 pennas
1507 5407 1642 5444 meas
1673 5391 1922 5455 diluculo,
1951 5402 1996 5446 et
2025 5394 2320 5446 habitavere

767 5474 820 5523 in
871 5477 1113 5534 extremis
1157 5481 1338 5530 muris.
1382 5479 1436 5534 ld
1475 5490 1576 5546 est,
1617 5484 1660 5536 si
1711 5484 1968 5551 accipiam
2001 5485 2178 5537 avium
2211 5484 2322 5538 alas

768 5569 1006 5621 nondum
1033 5567 1301 5635 defessas;
1341 5572 1392 5626 id
1419 5574 1560 5628 enim
1592 5575 1856 5644 signiﬁcat
1893 5577 2040 5641 illud,
2067 5579 2320 5643 diluculo,

840 5741 885 5775 ’⁵⁸
911 5744 1093 5798 Matth.
1129 5763 1176 5799 ν.
1207 5747 1289 5800 54.

2419 4578 2511 4630 καὶ
2557 4575 2811 4628 ὲπέκεινά
2853 4577 2966 4627 ἐστι
3009 4577 3107 4645 τῆς
3151 4577 3290 4646 ἐμῆς
3333 4575 3684 4646 καταλήψεως
3715 4579 3750 4646 ἠ
3786 4576 3982 4628 τούτων

2417 4668 2634 4736 γνῶσις,
2662 4668 2738 4730 ὡς
2771 4669 2843 4738 μὴ
2866 4667 3121 4720 δύνασθαί
3157 4685 3222 4737 με
3245 4667 3481 4737 ἐξευρεῖν
3505 4670 3538 4738 ἦ
3564 4669 3810 4732 ἐξειπεῖν
3829 4669 3979 4721 αὐτά.

2419 4760 2559 4811 Ὅσα
2606 4759 2713 4829 γὰρ
2753 4754 2880 4810 εἶπα
2913 4759 3119 4829 σμικρὰ
3150 4759 3241 4812 καὶ
3281 4760 3534 4829 ἐλάχιστα
3559 4761 3845 4830 τυγχάνειο
3879 4759 3983 4826 ﬁt;

2417 4850 2525 4923 γὰρ
2552 4850 2737 4921 θεῐκῆς
2765 4850 3042 4920 δυνάμεως
3067 4851 3099 4920 ὴ
3136 4851 3433 4920 κατάληψις
3462 4850 3558 4920 τὴν
3591 4852 3734 4922 ἐμὴν
3771 4852 3986 4924 σμικρό-

2417 4961 2554 5014 τητα
2583 4941 2877 5010 διαφεύγει.

2501 5035 2640 5087 Ἐὰν
2665 5033 2860 5087 ἀναϐῶ
2887 5035 2974 5097 εὶς
2998 5034 3101 5085 τὸν
3128 5031 3400 5099 οἰιρανὸν,
3429 5032 3508 5085 σὺ
3535 5032 3663 5085 ἐκεῖ
3677 5030 3984 5102 εἷ.”ομοιον

2417 5124 2496 5181 τὸ,
2532 5124 2585 5174 ’0
2614 5124 2864 5188 οὐρανός
2884 5139 2983 5190 μοι
3007 5123 3235 5188 θρόνος.
3275 5121 3412 5174 Ἐὰν
3439 5119 3667 5175 καταϐῶ
3692 5125 3789 5187 εὶς
3816 5122 3981 5187 ᾅδην.

2421 5214 2608 5279 πάρει.
2651 5212 2986 5282 Προφητεύει
3025 5208 3122 5282 τὴν
3165 5210 3458 5282 γενομένην
3490 5213 3567 5272 εἰς
3595 5210 3727 5280 ᾅδου
3767 5212 3987 5265 κάθοδον

2419 5304 2511 5355 τοῦ
2545 5303 2764 5374 Κυρίου.

2505 5395 2642 5447 Ἐὰν
2686 5393 3033 5462 ἀντιλάϐοιμι
3077 5393 3177 5459 τὰς
3219 5391 3512 5462 πτέρυγάς
3547 5411 3666 5461 μου
3714 5396 3850 5448 κατ’
3897 5393 3985 5459 6p-

2423 5490 2581 5552 θρον,
2622 5484 2715 5536 καί
2765 5483 3207 5552 κατασκηνώσω
3245 5488 3330 5549 εἰς
3367 5486 3438 5537 τὰ
3480 5484 3716 5552 ἔσχατα
3760 5485 3871 5555 τῆς
3899 5489 3986 5538 θα·-

2422 5575 2680 5643 λιὶσσης.
2725 5576 3040 5639 Τουτέστιν,
3085 5578 3130 5628 εἰ
3175 5575 3392 5644 λάϐοιμι
3442 5577 3725 5648 πτέρυγας
3781 5576 3987 5648 πτηνιῖλν
