4068 6310
129 346 235 404 553

1139 342 1499 398 EXPOSITIO
1541 341 1604 396 IN
1645 339 1975 396 PSALMUM
2009 341 2335 398 CXXXVIII.

3269 333 3371 395 534

138 467 307 535 μήπω
335 461 700 533 κεκμηκότας·
733 459 886 514 τοῦτο
911 459 1016 530 γὰρ
1045 461 1294 530 σημαίνει
1324 477 1403 526 το,
1452 460 1574 512 κατ’
1607 459 1698 524 ὄρ·
1727 505 1729 511 .

1832 460 2024 530 ntegris
2073 460 2277 514 scilicet
2323 458 2525 512 viribus
2573 457 2636 511 ad
2690 455 3009 521 -olandum,
3065 461 3118 508 et
3172 453 3369 506 robore

134 562 301 624 υρον,
336 554 533 624 νεαρὰς
575 556 631 606 ὲν
668 552 745 622 τῷ
778 552 1040 604 πέτασθαι
1071 551 1164 604 καὶ
1193 551 1469 622 δυνάμεως
1502 549 1706 620 πεπλη-

137 648 406 718 ρωμένας.
448 648 505 698 Ὀ
537 646 594 698 δέ
631 661 746 707 πως
773 644 896 707 νοῦς
921 640 1091 705 οὗτος·
1129 643 1335 705 Πάντα,
1363 643 1515 711 φησὶ,
1555 658 1706 712 περι-

1806 553 2010 622 plenas.
2042 550 2165 606 Hae
2192 561 2273 606 est
2297 559 2476 606 autem
2510 550 2775 604 sententia
2805 567 2818 602 :
2848 546 2926 602 Tu
2947 590 2961 613 ,
3000 546 3242 609 Domine,
3277 547 3369 616 qui

1806 641 1985 695 omnia
2020 640 2288 706 contines,
2321 640 2504 694 omnia
2535 640 2850 708 priusquam
2889 638 3140 692 eveniant
3169 653 3370 705 cogno-

135 734 374 805 ειὶεηφὼς
415 733 648 804 Κύριος,
693 734 784 786 καὶ
836 734 1008 786 πάντα
1061 731 1336 803 προλαϐὼν
1382 728 1524 792 οἶδας
1545 773 1558 796 ,
1617 732 1707 782 καὶ

1832 730 1936 793 cis,
1982 730 2182 798 ubique
2227 744 2496 799 praesens,
2528 729 2708 783 omnia
2761 726 2948 795 imples
2983 735 3168 795 utpote
3207 725 3366 780 Deus.

136 825 411 896 πανταχοῦ
444 826 628 896 πάρει,
663 825 756 876 καὶ
790 824 965 876 πάντα
1015 825 1239 894 πληροῖς
1270 824 1344 886 ὡς
1378 823 1527 884 Θεὸς.
1553 818 1704 874 Εἶτα·

137 920 232 981 Τίς
285 920 551 988 γένωμαι,
602 916 666 970 ἄν
697 934 749 969 τι
804 915 982 985 συμϐῇ
1033 933 1120 985 μοι
1159 915 1461 985 ἁμάρτημα
1485 953 1498 975 ,
1529 915 1623 966 καὶ
1662 914 1708 965 εἰ

136 1009 348 1075 γένοιτό
379 1025 467 1077 μοι
515 1006 670 1078 χρεία
701 1005 942 1076 δρασμοῦ
985 1005 1079 1058 καὶ
1111 1005 1318 1074 φυγῆς,
1347 1004 1439 1057 σοῦ
1474 1003 1569 1055 τοῦ
1600 1003 1709 1054 Κυ·

141 1100 256 1169 ρίου
288 1100 464 1151 πάντα
489 1097 844 1168 ὑπειληφότας

211 1194 320 1246 Kal
347 1189 503 1244 εἶπασ
529 1188 672 1258 Ἆρα
700 1192 917 1254 σκότος
939 1187 1344 1254 καταπατήσει
1363 1203 1457 1256 με.
1491 1187 1582 1250 Τὸ,
1611 1202 1709 1238 κα-

139 1282 473 1349 ταπατήσει
495 1321 510 1344 ,
548 1283 664 1334 ἀντὶ
695 1280 785 1332 τοῦ
808 1320 823 1343 ,
861 1280 1120 1333 σκεπάσει
1154 1281 1246 1332 καὶ
1272 1277 1572 1349 ἀποκρύψει
1605 1276 1710 1329 τῶν

143 1374 251 1426 σῶν
306 1371 616 1442 ὀφθαλμῶν.
669 1370 825 1423 Ἀλλὰ
868 1371 959 1423 καὶ
1003 1371 1188 1432 τοῦτο,
1224 1373 1375 1440 φησὶ,
1424 1370 1484 1421 τὸ
1523 1369 1710 1429 σκότος

138 1465 316 1528 οὕτως
342 1465 487 1516 ἐστὶν
517 1466 572 1515 ὲν
595 1465 658 1532 τῇ
687 1466 750 1532 σῇ
783 1461 999 1532 γνώσει,
1031 1462 1218 1534 ὥσπερ
1254 1464 1317 1516 ἂν
1342 1464 1424 1532 εἴη
1459 1463 1549 1514 καὶ
1584 1462 1711 1514 αὐτὸ

138 1557 201 1608 τὸ
234 1556 373 1624 φῶς.

224 1648 320 1711 Ὠς
347 1645 412 1698 τὸ
439 1646 654 1710 σκότος
685 1643 871 1711 αὐτῆς
891 1684 904 1708 ,
932 1647 1082 1698 οὕτω
1110 1645 1205 1698 καὶ
1255 1644 1317 1697 τὸ
1353 1643 1476 1713 φῶς
1504 1643 1708 1710 αὐτῆς.

142 1738 415 1808 Καθάπερ
461 1738 567 1807 γὰρ
601 1737 723 1805 ἐμοὶ
776 1735 1019 1805 ζοφώδης
1056 1739 1088 1806 ἡ
1126 1736 1241 1799 νὺξ,
1289 1735 1458 1798 οὕτως
1484 1737 1597 1787 ἐστι
1633 1751 1712 1786 σοι

1809 818 2029 881 Deinde,
2055 834 2166 889 quo
2194 835 2279 872 me
2319 828 2541 882 vertam,
2583 818 2628 872 si
2677 817 2730 871 in
2765 817 3053 886 quodpiam
3091 826 3368 883 peccatum

1811 914 2071 979 incidam,
2097 924 2149 968 et
2175 913 2220 968 si
2250 912 2389 983 fuga:
2423 913 2554 968 mihi
2586 913 2880 967 necessitas
2916 911 3212 974 incumbat,
3248 925 3370 964 cum

1812 1017 1889 1074 tu,
1921 1007 2166 1070 Domine,
2197 1007 2380 1060 omnia
2413 1004 2729 1060 contineas?

1885 1185 1967 1238 ll.
1999 1184 2065 1238 Et
2091 1185 2202 1238 dixi
2241 1202 2259 1237 :
2293 1183 2543 1237 Forsitan
2585 1182 2805 1236 tenebra:
2845 1181 3218 1234 conculcabtmt
3271 1197 3370 1233 me.

1814 1275 2227 1339 Conculcabunt,
2263 1275 2312 1328 id
2351 1284 2453 1337 est,
2495 1281 2783 1342 contegent
2829 1281 2881 1325 et
2911 1272 3259 1325 occultabunt
3292 1285 3382 1323 me»

1814 1366 1986 1419 oculis
2015 1365 2138 1420 tuis.
2172 1361 2276 1419 Sed
2323 1364 2452 1432 ipsa:
2497 1363 2733 1417 tenebrat
2779 1361 2999 1432 perinde
3047 1372 3150 1415 tuae
3196 1361 3376 1431 cogni-

1815 1457 1946 1510 tioni
1980 1465 2105 1510 sunt
2139 1466 2298 1524 atque
2330 1455 2528 1508 lumen.

1889 1660 1973 1713 12.
2024 1660 2174 1716 Sicut
2212 1669 2260 1714 et
2293 1661 2514 1713 tenebra:
2544 1661 2658 1728 ejus
2694 1663 2772 1713 ita
2816 1670 2863 1713 et
2897 1660 3069 1713 lumen
3100 1677 3237 1729 ejus,
3270 1671 3376 1714 etc.

1818 1747 2282 1814 Quemadmodum
2315 1749 2456 1802 enim
2503 1749 2635 1801 mihi
2686 1763 2790 1802 nox
2840 1751 3126 1803 tenebrosa
3168 1760 3271 1812 est,
3307 1750 3379 1803 ita

143 1832 403 1899 φωτεινή.
437 1830 683 1901 Νεφροίις
709 1829 764 1882 δέ
795 1846 956 1898 φησιν
993 1824 1128 1881 εἶναι
1166 1829 1288 1890 τοὺς
1319 1827 1481 1895 φόϐου
1510 1843 1712 1896 ποιητιο

1832 1851 1899 1894 :st
1929 1840 2020 1893 tibi
2054 1839 2252 1896 lucida.
2284 1838 2458 1895 Renes
2490 1850 2670 1894 autem
2718 1841 2883 1905 dicit,
2922 1841 3146 1895 terroris
3195 1841 3381 1895 incus-

144 1923 298 1984 κούς.
348 1921 506 1990 Λέγει
550 1922 625 1976 δὲ.
663 1923 742 1974 ὅτι
787 1923 851 1972 Σὲ
890 1920 1174 1982 διαπαντὸς
1208 1919 1547 1988 ἐφοϐούμην,
1601 1920 1719 1970 ἐπεὶ

145 2015 254 2085 πρὸ
283 2014 572 2084 ὀφθαλμῶν
600 2009 741 2082 εἶχον
775 2014 861 2064 ἀεὶ
889 2012 984 2082 τὴν
1014 2013 1112 2081 σὴν
1141 2011 1339 2081 κρίσιν.
1377 2009 1719 2063 Ἀντελίὶϐου

138 2124 261 2176 μου
308 2108 375 2159 ἐκ
417 2108 672 2174 γαστρὸς
712 2107 935 2174 μητρός
973 2122 1110 2172 μου.
1154 2103 1418 2164 Εἰκότως,
1459 2103 1609 2171 φησι,
1631 2103 1722 2154 τὸν

146 2198 242 2250 σὺν
287 2196 451 2265 φόϐον
484 2196 831 2266 ἐκτησάμην,
869 2193 1056 2264 ἐπειδὴ
1089 2192 1348 2262 κυόμενόν
1378 2208 1443 2262 με
1473 2192 1506 2261 ή
1533 2190 1598 2260 σὴ
1634 2207 1724 2242 πε.

146 2308 244 2362 ριςρ
254 2307 347 2359 pou
357 2293 437 2361 ρεῖ
469 2290 712 2360 πρόνοια.

232 2379 781 2449 Ἔξομολογήσομίιί
810 2393 927 2440 σοι,
959 2377 1046 2429 ὅτι
1069 2375 1328 2444 φοϐερῶς
1351 2372 1725 2442 ἐθαυμαστώ-

147 2477 282 2538 θης.
313 2469 594 2541 Εὑκαίρως
629 2468 763 2539 μετὰ
789 2467 884 2538 τὴν
908 2466 1305 2538 προειρημένην
1335 2463 1604 2532 θεολογίαν
1627 2462 1724 2532 τὴν

148 2560 536 2631 ἐξομολόγησιν
557 2559 972 2629 ἀναφθὲγγεται.
996 2557 1306 2626 Θαιιμὰσια
1329 2557 1399 2609 τὰ
1416 2558 1557 2625 ἔργα
1586 2573 1722 2620 σου,

149 2653 251 2706 καὶ
286 2653 325 2718 ἠ
349 2651 516 2720 ψυχή
538 2668 656 2720 μου
688 2650 963 2718 γινώσκει
995 2649 1246 2718 σφόδρα.
1276 2649 1435 2711 Ἥτις
1465 2648 1599 2710 ἐστὶ,
1631 2665 1727 2716 φη-

151 2748 260 2806 σὶν,
293 2746 417 2814 ἐμοὶ
451 2744 675 2812 δύναμις
714 2744 1052 2812 ἀπόρρητος,
1089 2743 1182 2794 καὶ
1227 2741 1362 2809 αὐτή
1397 2757 1474 2792 σοι
1506 2739 1582 2810 τῷ
1610 2739 1728 2809 Θεῷ

153 2837 368 2907 φανερά
395 2835 664 2904 τυγχάνει.

231 2930 356 2981 Οὐκ
396 2928 613 2993 ἐκρύϐη
657 2926 722 2979 τὸ
755 2924 977 2977 ὀστοῦν
1012 2941 1129 2993 μου
1177 2921 1293 2976 ἀπὸ
1326 2921 1441 2976 σοῦ
1476 2921 1506 2974 ὃ
1531 2921 1729 2986 ἐποίη-

153 3036 275 3084 σας
313 3019 383 3071 ἐν
408 3016 624 3086 κρυφῇ.
671 3018 783 3069 Οὐκ
825 3015 1011 3078 ἔλαθε,
1061 3016 1226 3083 φησι,
1271 3015 1370 3083 τῆς
1413 3013 1661 3082 γυναικὸς
1703 3015 1730 3065 ὁ

154 3109 388 3172 δλισθος,
425 3109 489 3177 ἣν
527 3109 590 3159 ὲκ
635 3107 727 3159 τοῦ
773 3106 956 3158 ὀστέου
993 3122 1092 3174 μου
1123 3104 1420 3171 λεληθότως
1449 3104 1727 3172 ἐποίησας,

158 3202 318 3270 ’ὑπνῳ
350 3200 504 3270 βαρεῖ
531 3197 759 3258 εύνάσας
789 3213 873 3268 με’
902 3196 1014 3249 ἀλλ’
1048 3195 1215 3263 ἔγνως
1242 3194 1310 3247 τὰ
1336 3195 1578 3264 ἡμέτερα
1608 3193 1730 3262 κρύ-

160 3309 281 3363 φια,
315 3295 344 3344 ό
380 3291 593 3360 ἐκείνην
615 3290 856 3361 κρυφίως
884 3289 1342 3357 ὑποστησάμενος.
1373 3285 1480 3339 Kal
1515 3286 1552 3352 η
1584 3285 1730 3338 ὑπό-

156 3384 384 3449 στασίς
409 3401 527 3450 μου
571 3382 640 3434 ἐν
671 3379 794 3446 τοῖς
840 3377 1192 3442 κατωτάτοις
1235 3375 1343 3443 τῆς
1375 3375 1505 3445 τῆς.
1540 3375 1650 3428 Καὶ
1685 3376 1734 3427 εἰ

155 3473 494 3542 διαλυθείην,
523 3473 675 3542 φησὶ,
716 3472 808 3522 καὶ
847 3472 925 3532 εἰς
956 3469 1082 3538 χοῦν
1106 3466 1441 3537 πορευθείην,
1473 3468 1555 3516 σοι
1575 3466 1735 3517 πάλιν

157 3564 407 3635 γνωστὸν
436 3564 498 3615 τὸ
522 3562 756 3615 τοιοῦτόν
779 3563 924 3613 ἐστιν

240 3656 315 3709 Τὸ
349 3653 795 3722 ἀκατέργαστόν
827 3669 946 3722 μου
978 3647 1140 3705 εἶδον
1169 3652 1223 3703 οὶ
1268 3647 1561 3716 ὀφθαλμοί
1597 3662 1733 3700 σου.

163 3747 306 3818 Πρὶν
351 3745 624 3813 γενέσθαι,
653 3743 804 3813 φησὶ,
837 3742 928 3795 καὶ
973 3744 1100 3812 πρὶν
1151 3738 1532 3812 μορφωθῆναι,
1566 3739 1614 3789 οἱ
1656 3737 1736 3789 σοι

161 3840 266 3907 τῆς
300 3836 660 3907 προγνώσεως
689 3835 954 3904 ὀφθαλμοὶ
985 3831 1274 3887 ὲθεάσαντό
1315 3847 1379 3900 με
1425 3830 1517 3884 καὶ
1559 3831 1741 3901 προεῖ-

162 3930 253 3982 δόν
291 3943 380 3999 με,
414 3928 510 3994 οὐχ
538 3925 741 3988 ἁπλῶς,
766 3925 878 3980 ἀλλ’
903 3924 978 3987 ώς
1003 3923 1100 3994 ήδη
1130 3921 1462 3990 ἐγκείμενον,
1497 3920 1589 3973 κα)⁵
1617 3935 1740 3971 συν-

164 4018 584 4093 ηριθμημὲνον,
634 4019 726 4071 καὶ
767 4018 824 4068 ὲν
877 4019 942 4086 τῇ
990 4015 1153 4085 βίϐλῳ
1203 4030 1295 4066 σου
1339 4011 1736 4082 γεγραμμένον.

178 4110 416 4180 Ἡμέραι
473 4108 949 4174 πλασθήσονται,
1003 4105 1102 4158 καὶ
1155 4103 1351 4169 οὐδεὶς
1397 4104 1467 4155 ἐν
1516 4100 1737 4166 αὐτοῖς.

167 4201 332 4256 Κατὰ
359 4201 536 4263 πάσας
569 4200 667 4270 τῆς
696 4198 838 4269 ζωῆς
881 4197 1057 4252 αὐτῶν
1090 4197 1188 4260 τὰς
1216 4197 1428 4268 ἡμέρας
1458 4195 1742 4266 εὐρύθμως

169 4296 267 4352 καὶ
322 4293 637 4354 εύπλάστως
692 4291 912 4353 ἑαυτοὺς
959 4290 1247 4360 διήγαγον,
1293 4288 1386 4340 καὶ
1434 4287 1566 4358 μηδὲ
1616 4287 1742 4357 μίαν

169 4387 392 4460 ἡμέραν
420 4386 614 4446 αὐτοὺς
640 4384 841 4436 ἄτυπον
868 4381 900 4450 ἣ
927 4380 1196 4435 ἄπλαστον
1223 4379 1532 4450 ἐσχηκέναι.

1820 1947 1989 1985 sores.
2021 1929 2117 1994 Te,
2175 1931 2369 2001 inquit,
2433 1947 2646 1999 semper
2717 1932 2996 1992 timebam,
3060 1931 3186 1999 quia
3247 1930 3382 1983 mihi

1821 2036 2031 2090 semper
2060 2021 2323 2090 judicium
2358 2031 2508 2075 tuum
2555 2022 2624 2074 ob
2664 2021 2852 2076 oculos
2885 2023 3221 2076 versabatur.
3253 2021 3384 2076 Sus-

1822 2114 2001 2180 cepisti
2035 2129 2114 2165 me
2153 2112 2215 2165 de
2257 2122 2404 2166 utero
2452 2115 2638 2166 matris
2664 2130 2809 2166 mem.
2860 2110 3007 2177 Jure,
3051 2113 3264 2181 inquit,
3305 2114 3380 2166 tui

1823 2203 2070 2256 timorem
2118 2203 2305 2265 habui,
2340 2203 2780 2272 quandoquidem
2831 2220 2916 2259 me
2961 2204 3018 2258 in
3060 2214 3214 2258 utero
3258 2219 3381 2258 ver-

1823 2304 2029 2349 santem
2057 2294 2390 2364 providentia
2422 2305 2511 2348 tua
2557 2305 2864 2350 conservat.

1896 2387 1980 2439 Η.
2057 2384 2352 2454 Conﬁtebor
2386 2387 2478 2438 tibi
2518 2388 2640 2460 quia
2671 2388 2977 2440 terribiliter
3015 2388 3385 2458 magniﬁcatus

1824 2493 1898 2530 es.
1930 2475 2242 2545 Opportune
2277 2477 2556 2546 praemissa
2603 2477 2693 2531 illa
2742 2477 3032 2547 theologia,
3088 2476 3388 2532 confessio-

1825 2584 1948 2623 nem
1994 2578 2178 2638 postea
2223 2569 2354 2624 edit.
2407 2569 2682 2624 Mirabilia
2729 2587 2886 2638 opera
2933 2580 3064 2636 tua,
3107 2581 3156 2624 et
3207 2571 3389 2623 anima

1825 2677 1940 2714 mea
1978 2661 2238 2729 cognoscit
2287 2661 2465 2713 nimis.
2505 2658 2690 2715 Virtus
2734 2661 2825 2714 illa
2853 2677 2974 2730 quae
3004 2662 3138 2715 mihi
3180 2661 3388 2716 occulta

1827 2762 1928 2818 est,
1966 2752 2064 2807 tibi
2096 2751 2204 2809 Deo
2238 2754 2530 2823 conspicua
2566 2761 2666 2807 est.

1902 2930 1986 2984 15.
2054 2929 2172 2984 Νοη
2200 2940 2275 2984 est
2299 2933 2618 2984 occultatum
2651 2949 2706 2984 os
2753 2948 2920 2984 meum
2948 2947 2980 2984 a
3015 2942 3062 2984 te
3090 2931 3226 3000 quod
3260 2933 3388 3000 feci-

1831 3023 1898 3074 sti
1924 3022 1976 3074 in
2005 3021 2224 3075 occulto.
2267 3020 2383 3075 Non
2428 3021 2602 3083 latuit,
2650 3021 2863 3089 inquit,
2912 3021 3154 3074 mulieris
3188 3021 3390 3090 lapsus,

1832 3127 1994 3180 quam
2020 3127 2083 3165 ex
2112 3127 2234 3166 osse
2279 3127 2401 3166 meo
2433 3112 2572 3166 clam
2619 3109 2938 3173 eﬂ‘ormasti,
2972 3121 3260 3179 postquam
3307 3127 3394 3164 me

1833 3199 1979 3268 gravi
2012 3214 2204 3253 somno
2249 3201 2641 3269 oppressisses;
2689 3201 2780 3256 sed
2832 3200 3150 3256 abscondita
3198 3209 3388 3256 nostra

1833 3290 2134 3359 cognoscis,
2166 3290 2257 3359 qui
2301 3290 2527 3344 latenter
2579 3291 2726 3344 illam
2781 3292 3042 3345 exsistere
3098 3289 3289 3345 fecisti.
3325 3291 3394 3346 Et

1834 3381 2130 3434 substantia
2154 3398 2266 3436 mea
2296 3382 2350 3435 in
2379 3382 2716 3451 inferioribus
2744 3391 2914 3435 terrw.
2950 3381 3171 3437 Etiamsi
3203 3383 3397 3438 dissol-

1833 3487 1950 3532 var,
1979 3471 2171 3539 inquit,
2201 3482 2254 3526 et
2294 3473 2346 3525 in
2376 3473 2650 3541 pulverem
2686 3473 2898 3537 abeam,
2931 3471 3060 3526 illud
3091 3473 3255 3529 etiam
3294 3492 3394 3530 no—

1834 3570 1949 3616 tum
1976 3569 2059 3615 est
2091 3561 2181 3615 tib‘

1910 3653 1998 3708 16.
2053 3651 2422 3723 Imperfectum
2479 3671 2648 3708 meum
2701 3658 2939 3712 viderunt
2976 3663 3115 3715 oculi
3151 3663 3249 3724 tui,
3289 3672 3394 3716 etc.

1838 3746 2137 3814 Antequam
2184 3746 2389 3810 ﬁerem,
2436 3745 2632 3816 inquit,
2679 3757 2732 3802 et
2762 3757 3049 3819 antequam
3099 3751 3388 3810 formarer.

1838 3837 2189 3907 praascientiae
2221 3846 2326 3891 tua:
2355 3837 2497 3891 oculi
2530 3855 2615 3893 me
2638 3842 2984 3911 contemplati
3012 3855 3139 3897 sunt
3171 3858 3234 3898 ac
3262 3857 3398 3912 pra!-

1837 3929 2121 3994 viderunt;
2149 3943 2248 3984 nec
2275 3930 2614 3999 simpliciter,
2634 3933 2726 3986 sed
2752 3943 2812 3986 ut
2837 3933 2948 4002 jam
2977 3935 3233 4003 positum,
3264 3950 3396 3989 con-

1840 4029 2182 4075 numeratum
2212 4031 2266 4075 et
2295 4022 2627 4092 descriptum
2676 4025 2729 4076 in
2777 4023 2916 4080 libro
2966 4037 3080 4080 tuo.
3123 4027 3246 4081 Dies
3283 4028 3399 4094 for-

1841 4113 2123 4166 mabnntur
2162 4124 2209 4167 et
2258 4130 2407 4166 nemo
2444 4115 2498 4166 in
2529 4115 2624 4168 eis.
2663 4113 2930 4171 Omnibus
2965 4118 3086 4171 vitae
3127 4133 3240 4172 sua;
3279 4118 3398 4172 die—

1842 4205 1944 4259 bus
1971 4205 2138 4274 probe
2183 4211 2239 4258 et
2281 4205 2530 4259 ordinate
2578 4221 2697 4261 sese
2747 4218 3053 4274 gesserunt,
3104 4208 3175 4262 ita
3226 4217 3286 4264 ut
3335 4225 3403 4264 ne

1844 4312 2008 4349 unam
2039 4296 2256 4365 quidem
2302 4297 2444 4351 diem
2480 4297 2899 4368 incompositam
2945 4309 2998 4352 et
3040 4299 3399 4353 inordinatam

1843 4387 2066 4457 egerint.

257 4483 420 4552 Ἐμοὶ
447 4480 514 4534 δὲ
536 4481 676 4534 λίαν
696 4479 1062 4547 ἐτιμήθησαν
1089 4479 1142 4530 οὶ
1167 4477 1332 4544 φίλοι
1360 4491 1495 4539 σου,
1521 4478 1553 4528 ό
1579 4473 1729 4538 Θεόςι

1917 4478 2019 4545 17,
2086 4480 2170 4532 18.
2253 4478 2386 4531 Milli
2445 4491 2621 4532 autent
2679 4482 2836 4533 nimis
2889 4481 3220 4548 honori/icati
3282 4492 3403 4534 sunt

173 4576 406 4644 “’ομοιον
443 4571 532 4624 τό’
591 4571 652 4623 '0
695 4569 1016 4637 δεχόμενος
1066 4565 1377 4635 προφήτην
1427 4567 1513 4630 εις
1561 4564 1746 4632 ὄνομα

170 4663 513 4734 προφήτου,
541 4661 759 4730 μισθὸν
792 4659 1098 4727 προφήτου
1117 4653 1748 4726 λήψεται.Ἑξαριθμήι

171 4770 360 4822 σομαι
385 4753 626 4818 αὐτοὺς,
656 4753 754 4804 καὶ
783 4749 933 4820 ὑπὲρ
971 4750 1166 4820 ἄμμον
1202 4747 1743 4815 πληθυνθήσονται.

173 4845 414 4908 Εὗελπίς
463 4846 612 4914 ειμι,
645 4843 776 4912 φησὶ
799 4882 814 4906 ,
864 4843 987 4904 τοὺς
1034 4839 1215 4910 φίλους
1243 4837 1414 4908 τιμῶν
1444 4837 1567 4898 τοὺς
1602 4836 1745 4899 σοὺς,

174 4939 262 4990 ὅτι
295 4936 362 5006 δὴ
391 4939 448 4987 ἐν
478 4937 542 5005 τῇ
569 4933 860 4989 ἀναστάσει
895 4933 1009 5004 μετ’
1035 4932 1210 4985 αὐτῶν
1238 4931 1524 5000 στήσομαι,
1560 4927 1652 4980 καὶ
1682 4927 1746 4979 δι’

171 5030 378 5090 αὐτοὺς
405 5027 502 5096 τὴν
532 5025 680 5099 παρά
706 5025 797 5079 σοῦ
823 5026 1090 5095 κτήσομαι
1119 5024 1300 5093 τιμήν.
1328 5021 1457 5074 Τότε
1484 5021 1568 5091 δὴ,
1596 5021 1747 5090 φησὶ,

174 5120 275 5173 καὶ
319 5119 369 5170 οἱ
408 5117 717 5188 ἁμαρτωλοὶ
752 5118 1148 5177 άποκτενοῖντο,
1177 5113 1438 5176 τουτέστι,
1469 5113 1566 5177 τὰς
1594 5131 1751 5185 προσ-

173 5206 427 5280 ηκούσας
455 5205 816 5277 ἀπολήψονται
845 5205 1016 5268 δίκας.

267 5299 413 5354 Ἐὰν
452 5299 812 5364 ἀποκτείνῃς
861 5295 1273 5364 ἁμαρτωλοὺς,
1312 5297 1344 5348 ὀ
1389 5295 1547 5359 Θεός.
1583 5292 1751 5357 Εἰδὼς

178 5390 286 5451 τὰς
339 5387 596 5457 ἐσομένας
639 5388 757 5439 κατ’
804 5386 980 5438 αὐτῶν
1012 5385 1193 5446 δίκας,
1234 5382 1336 5446 ἔξω
1366 5399 1465 5434 που
1509 5383 1750 5452 ἀφορίζει

180 5480 390 5542 αὐτοὺς
435 5476 645 5530 ἑαυτοῦ.
692 5475 928 5545 Ἄνδρες
966 5475 1256 5544 αἱμάτων,
1299 5473 1611 5527 exulis-ate
1652 5473 1749 5526 ἀπ’

182 5565 359 5638 ἐμεῦ,
392 5566 479 5619 ὅτι
516 5566 744 5635 ἐρισταί
771 5566 909 5620 ἐστε
935 5569 1019 5630 εἰς
1060 5563 1498 5634 διαλογισμούς.
1532 5563 1641 5633 Τὴν
1671 5564 1751 5616 ai-

257 5748 304 5781 "
365 5747 542 5803 Matth.
586 5766 640 5810 ι,
676 5747 763 5802 Η.

1846 4572 2003 4624 amici
2027 4572 2126 4634 tui,
2163 4571 2323 4628 Deus.
2356 4570 2544 4624 Simile
2575 4580 2658 4625 est
2681 4571 2808 4626 illud
2832 4572 2878 4603 "
2909 4591 2922 4626 :
2959 4571 3062 4636 Qui
3080 4574 3261 4640 recipit
3283 4589 3404 4639 pro-

1845 4661 2049 4729 phetam
2105 4661 2158 4713 in
2217 4663 2424 4713 nomine
2461 4661 2741 4729 prophetae,
2806 4662 3085 4715 mercedem
3143 4665 3407 4731 prophetae

1849 4749 2087 4818 accipiet.
2128 4748 2476 4804 Dinumerabo
2512 4768 2596 4804 eos
2625 4761 2672 4804 et
2710 4768 2864 4820 super
2891 4768 3104 4804 arenam
3146 4751 3406 4820 multipli-

1848 4841 2122 4893 cabunlnr.
2167 4841 2320 4909 Spes,
2358 4842 2552 4911 inquit,
2589 4843 2720 4896 mihi
2748 4855 2829 4897 est
2862 4843 3004 4912 quod
3047 4843 3249 4900 amicos
3281 4853 3407 4898 tuos

1850 4931 2054 4984 honore
2100 4946 2418 5000 prosequar,
2478 4931 2721 4985 futurum
2789 4942 2847 4986 ut
2907 4933 2959 4986 in
3012 4935 3407 4989 resurrectione

1851 5035 1972 5073 cum
2003 5019 2106 5073 illis
2133 5022 2450 5083 consistam,
2501 5030 2553 5074 et
2600 5031 2815 5091 prepter
2865 5037 2960 5077 eos
2991 5022 3250 5076 honorem
3295 5040 3323 5076 a
3355 5033 3407 5078 te

1852 5110 2130 5178 accipiam.
2164 5108 2333 5176 Tune,
2363 5111 2556 5181 inquit,
2588 5121 2899 5180 peceatores
2927 5112 3265 5177 occidantur,
3305 5114 3406 5168 hoc

1853 5211 1953 5265 est,
1993 5202 2313 5270 promeritas
2344 5218 2532 5271 poenas
2556 5204 2726 5257 luant.

1925 5294 2010 5350 l9.
2072 5292 2129 5346 Si
2159 5294 2430 5359 occideris,
2473 5294 2627 5358 Deus,
2668 5305 2980 5364 peccatores.
3025 5295 3240 5350 Gnarus
3280 5312 3408 5365 sup-

1855 5387 2141 5456 pliciorum
2194 5386 2392 5454 quibus
2436 5385 2679 5441 futurum
2727 5397 2810 5442 est
2857 5396 2916 5442 ut
2959 5387 3282 5456 adiciantur,
3314 5404 3407 5443 eos

1854 5477 2256 5548 quodammodo
2299 5480 2364 5532 ab
2392 5494 2449 5533 se
2476 5488 2736 5549 segregat.
2795 5479 2904 5533 Viri
2942 5480 3276 5550 sanguinum,
3313 5480 3406 5532 de—

1855 5572 2092 5624 clinatea
2115 5587 2212 5637 me,
2251 5572 2374 5639 quia
2406 5573 2715 5626 contentiosi
2739 5574 2861 5627 estis
2893 5573 2946 5626 in
2979 5571 3404 5642 cogitationibus.
