  <div class='ocr_page' id='page_1' title='image "/cluster/home/n/w/nwhite01/storage/ocr_20150623/27/pst.000005712182/275.png"; bbox 0 0 4090 6312; ppageno 0'>
   <div class='ocr_carea' id='block_1_1' title="bbox 723 329 3956 391">
    <p class='ocr_par' dir='ltr' id='par_1_1' title="bbox 723 329 3956 391">
     <span class='ocr_line' id='line_1_1' title="bbox 723 329 3956 391; baseline -0 -2"><span class='ocrx_word' id='word_1_1' title='bbox 723 333 829 391; x_wconf 75' lang='lat'><strong>535</strong></span> <span class='ocrx_word' id='word_1_2' title='bbox 1575 329 1631 386; x_wconf 88' lang='lat' dir='ltr'><strong>S.</strong></span> <span class='ocrx_word' id='word_1_3' title='bbox 1670 331 2040 386; x_wconf 78' lang='lat' dir='ltr'><strong>ATllANASll</strong></span> <span class='ocrx_word' id='word_1_4' title='bbox 2079 331 2226 386; x_wconf 77' lang='lat' dir='ltr'><strong>Ol’l’.</strong></span> <span class='ocrx_word' id='word_1_5' title='bbox 2272 331 2452 388; x_wconf 76' lang='lat' dir='ltr'><strong>PARS</strong></span> <span class='ocrx_word' id='word_1_6' title='bbox 2491 331 2576 386; x_wconf 86' lang='grc' dir='ltr'><strong>ΙΙΙ.</strong></span> <span class='ocrx_word' id='word_1_7' title='bbox 2619 362 2684 370; x_wconf 94' lang='grc'><strong><em>-</em></strong></span> <span class='ocrx_word' id='word_1_8' title='bbox 2725 331 3130 390; x_wconf 73' lang='lat' dir='ltr'><strong>EXECETICA.</strong></span> <span class='ocrx_word' id='word_1_9' title='bbox 3861 333 3956 388; x_wconf 71' lang='lat'><strong>556</strong></span> 
     </span>
    </p>
   </div>
   <div class='ocr_carea' id='block_1_2' title="bbox 723 447 2250 520">
    <p class='ocr_par' dir='ltr' id='par_1_2' title="bbox 723 450 2250 519">
     <span class='ocr_line' id='line_1_2' title="bbox 723 450 2250 519; baseline -0.005 -9"><span class='ocrx_word' id='word_1_10' title='bbox 723 459 954 510; x_wconf 78' lang='lat' dir='ltr'><strong>Causam</strong></span> <span class='ocrx_word' id='word_1_11' title='bbox 987 455 1186 508; x_wconf 81' lang='lat' dir='ltr'><strong>indicat</strong></span> <span class='ocrx_word' id='word_1_12' title='bbox 1214 469 1312 508; x_wconf 91' lang='lat' dir='ltr'><strong>cur</strong></span> <span class='ocrx_word' id='word_1_13' title='bbox 1339 452 1406 506; x_wconf 87' lang='lat' dir='ltr'><strong>ab</strong></span> <span class='ocrx_word' id='word_1_14' title='bbox 1429 468 1484 505; x_wconf 86' lang='lat' dir='ltr'><strong>se</strong></span> <span class='ocrx_word' id='word_1_15' title='bbox 1515 461 1826 519; x_wconf 84' lang='lat' dir='ltr'><strong>peceatores</strong></span> <span class='ocrx_word' id='word_1_16' title='bbox 1857 450 2110 519; x_wconf 68' lang='lat' dir='ltr'><strong>expellat.</strong></span> <span class='ocrx_word' id='word_1_17' title='bbox 2138 451 2250 504; x_wconf 82' lang='lat' dir='ltr'><strong>ldec</strong></span> 
     </span>
    </p>
   </div>
   <div class='ocr_carea' id='block_1_3' title="bbox 2350 447 3958 520">
    <p class='ocr_par' dir='ltr' id='par_1_3' title="bbox 2350 447 3958 520">
     <span class='ocr_line' id='line_1_3' title="bbox 2350 447 3958 520; baseline 0 -20"><span class='ocrx_word' id='word_1_18' title='bbox 2350 485 2359 508; x_wconf 54' lang='grc' dir='ltr'><strong>ι</strong></span> <span class='ocrx_word' id='word_1_19' title='bbox 2387 447 2506 501; x_wconf 89' lang='grc' dir='ltr'>τίαν</span> <span class='ocrx_word' id='word_1_20' title='bbox 2543 449 2676 520; x_wconf 68' lang='grc' dir='ltr'><strong>φησὶ</strong></span> <span class='ocrx_word' id='word_1_21' title='bbox 2701 448 2768 500; x_wconf 77' lang='grc' dir='ltr'>δι’</span> <span class='ocrx_word' id='word_1_22' title='bbox 2799 448 2863 518; x_wconf 82' lang='grc' dir='ltr'>ῆν</span> <span class='ocrx_word' id='word_1_23' title='bbox 2892 447 3183 500; x_wconf 78' lang='grc' dir='ltr'><strong>ἀπελαύνει</strong></span> <span class='ocrx_word' id='word_1_24' title='bbox 3213 449 3306 517; x_wconf 75' lang='grc' dir='ltr'><strong>ἀφ’</strong></span> <span class='ocrx_word' id='word_1_25' title='bbox 3331 447 3524 500; x_wconf 85' lang='grc' dir='ltr'>ἐαυτοῦ</span> <span class='ocrx_word' id='word_1_26' title='bbox 3557 449 3684 510; x_wconf 71' lang='grc' dir='ltr'>τοὺς</span> <span class='ocrx_word' id='word_1_27' title='bbox 3709 449 3958 518; x_wconf 86' lang='grc' dir='ltr'>ἀμαρτω-</span> 
     </span>
    </p>
   </div>
   <div class='ocr_carea' id='block_1_4' title="bbox 725 537 2250 615">
    <p class='ocr_par' dir='ltr' id='par_1_4' title="bbox 725 541 2250 615">
     <span class='ocr_line' id='line_1_4' title="bbox 725 541 2250 615; baseline -0.001 -16"><span class='ocrx_word' id='word_1_28' title='bbox 725 545 919 615; x_wconf 89' lang='lat' dir='ltr'><strong>inquit,</strong></span> <span class='ocrx_word' id='word_1_29' title='bbox 947 547 1308 615; x_wconf 74' lang='lat' dir='ltr'><strong>expelluntur,</strong></span> <span class='ocrx_word' id='word_1_30' title='bbox 1344 544 1466 613; x_wconf 91' lang='lat' dir='ltr'><strong>quia</strong></span> <span class='ocrx_word' id='word_1_31' title='bbox 1493 544 1756 598; x_wconf 88' lang='lat' dir='ltr'><strong>adversus</strong></span> <span class='ocrx_word' id='word_1_32' title='bbox 1792 541 1957 598; x_wconf 88' lang='lat' dir='ltr'><strong>Deum</strong></span> <span class='ocrx_word' id='word_1_33' title='bbox 1989 543 2250 612; x_wconf 90' lang='lat' dir='ltr'><strong>loquuntu</strong></span> 
     </span>
    </p>
   </div>
   <div class='ocr_carea' id='block_1_5' title="bbox 2350 537 3957 615">
    <p class='ocr_par' dir='ltr' id='par_1_5' title="bbox 2390 537 3957 610">
     <span class='ocr_line' id='line_1_5' title="bbox 2390 537 3957 610; baseline -0.002 -18"><span class='ocrx_word' id='word_1_34' title='bbox 2390 541 2532 603; x_wconf 82' lang='grc' dir='ltr'>λούς.</span> <span class='ocrx_word' id='word_1_35' title='bbox 2562 540 2660 592; x_wconf 87' lang='grc' dir='ltr'>Διά</span> <span class='ocrx_word' id='word_1_36' title='bbox 2696 539 2872 601; x_wconf 77' lang='grc' dir='ltr'>τοῦτο,</span> <span class='ocrx_word' id='word_1_37' title='bbox 2902 540 3083 610; x_wconf 70' lang='grc' dir='ltr'>φησὶν,</span> <span class='ocrx_word' id='word_1_38' title='bbox 3107 539 3438 602; x_wconf 82' lang='grc' dir='ltr'>ἐλαύνονται,</span> <span class='ocrx_word' id='word_1_39' title='bbox 3467 540 3546 593; x_wconf 82' lang='grc' dir='ltr'><strong>δτι</strong></span> <span class='ocrx_word' id='word_1_40' title='bbox 3577 537 3957 607; x_wconf 77' lang='grc' dir='ltr'>ἀντιφθέγγον-</span> 
     </span>
    </p>
   </div>
   <div class='ocr_carea' id='block_1_6' title="bbox 725 629 2250 708">
    <p class='ocr_par' dir='ltr' id='par_1_6' title="bbox 725 636 2250 708">
     <span class='ocr_line' id='line_1_6' title="bbox 725 636 2250 708; baseline 0 -18"><span class='ocrx_word' id='word_1_41' title='bbox 725 639 934 707; x_wconf 82' lang='lat' dir='ltr'><strong>ipsique</strong></span> <span class='ocrx_word' id='word_1_42' title='bbox 968 648 1289 708; x_wconf 80' lang='lat' dir='ltr'><strong>repugnant,</strong></span> <span class='ocrx_word' id='word_1_43' title='bbox 1336 647 1390 692; x_wconf 90' lang='lat' dir='ltr'><strong>et</strong></span> <span class='ocrx_word' id='word_1_44' title='bbox 1419 637 1622 692; x_wconf 80' lang='lat' dir='ltr'><strong>frustra</strong></span> <span class='ocrx_word' id='word_1_45' title='bbox 1658 638 1785 692; x_wconf 81' lang='lat' dir='ltr'><strong>elati</strong></span> <span class='ocrx_word' id='word_1_46' title='bbox 1827 636 2062 706; x_wconf 83' lang='lat' dir='ltr'><strong>superbe</strong></span> <span class='ocrx_word' id='word_1_47' title='bbox 2116 652 2250 706; x_wconf 82' lang='lat' dir='ltr'><strong>agun</strong></span> 
     </span>
    </p>
   </div>
   <div class='ocr_carea' id='block_1_7' title="bbox 2350 629 3955 708">
    <p class='ocr_par' dir='ltr' id='par_1_7' title="bbox 2386 629 3955 700">
     <span class='ocr_line' id='line_1_7' title="bbox 2386 629 3955 700; baseline -0.001 -17"><span class='ocrx_word' id='word_1_48' title='bbox 2386 648 2473 683; x_wconf 86' lang='grc' dir='ltr'><strong>ται</strong></span> <span class='ocrx_word' id='word_1_49' title='bbox 2506 631 2600 684; x_wconf 73' lang='grc' dir='ltr'><strong>καὶ</strong></span> <span class='ocrx_word' id='word_1_50' title='bbox 2643 629 3126 698; x_wconf 61' lang='grc' dir='ltr'>ἀειτιιριλονεικοῦσι</span> <span class='ocrx_word' id='word_1_51' title='bbox 3151 630 3302 700; x_wconf 81' lang='grc' dir='ltr'>Θεῷ,</span> <span class='ocrx_word' id='word_1_52' title='bbox 3335 633 3428 683; x_wconf 75' lang='grc' dir='ltr'>καὶ</span> <span class='ocrx_word' id='word_1_53' title='bbox 3459 631 3633 700; x_wconf 71' lang='grc' dir='ltr'>μάτην</span> <span class='ocrx_word' id='word_1_54' title='bbox 3664 631 3955 700; x_wconf 66' lang='grc' dir='ltr'>ὲπαιρόμευ</span> 
     </span>
    </p>
   </div>
   <div class='ocr_carea' id='block_1_8' title="bbox 720 719 2250 800">
    <p class='ocr_par' dir='ltr' id='par_1_8' title="bbox 720 731 1583 800">
     <span class='ocr_line' id='line_1_8' title="bbox 720 731 1583 800; baseline -0.003 -16"><span class='ocrx_word' id='word_1_55' title='bbox 720 731 1008 786; x_wconf 86' lang='lat' dir='ltr'><strong>adversum</strong></span> <span class='ocrx_word' id='word_1_56' title='bbox 1045 747 1214 800; x_wconf 83' lang='lat' dir='ltr'><strong>genus</strong></span> <span class='ocrx_word' id='word_1_57' title='bbox 1266 731 1583 784; x_wconf 83' lang='lat' dir='ltr'><strong>humanum.</strong></span> 
     </span>
    </p>
   </div>
   <div class='ocr_carea' id='block_1_9' title="bbox 2350 719 3800 800">
    <p class='ocr_par' dir='ltr' id='par_1_9' title="bbox 2385 719 3800 792">
     <span class='ocr_line' id='line_1_9' title="bbox 2385 719 3800 792; baseline 0.001 -18"><span class='ocrx_word' id='word_1_58' title='bbox 2385 738 2464 774; x_wconf 91' lang='grc' dir='ltr'><strong>νοι</strong></span> <span class='ocrx_word' id='word_1_59' title='bbox 2499 721 3040 792; x_wconf 75' lang='grc' dir='ltr'>καταλαζονευόμενοι</span> <span class='ocrx_word' id='word_1_60' title='bbox 3073 721 3165 774; x_wconf 78' lang='grc' dir='ltr'><strong>τού</strong></span> <span class='ocrx_word' id='word_1_61' title='bbox 3196 721 3302 776; x_wconf 82' lang='grc' dir='ltr'>τῶν</span> <span class='ocrx_word' id='word_1_62' title='bbox 3332 719 3630 792; x_wconf 86' lang='grc' dir='ltr'>ἀνθρώπων</span> <span class='ocrx_word' id='word_1_63' title='bbox 3661 720 3800 790; x_wconf 78' lang='grc' dir='ltr'>βίου.</span> 
     </span>
    </p>
   </div>
   <div class='ocr_carea' id='block_1_10' title="bbox 786 820 2284 890">
    <p class='ocr_par' dir='ltr' id='par_1_10' title="bbox 786 820 2284 890">
     <span class='ocr_line' id='line_1_10' title="bbox 786 820 2284 890; baseline -0.003 -13"><span class='ocrx_word' id='word_1_64' title='bbox 786 825 876 886; x_wconf 72' lang='lat' dir='ltr'><strong>Si,</strong></span> <span class='ocrx_word' id='word_1_65' title='bbox 907 824 998 876; x_wconf 75' lang='lat'><strong>‘22.</strong></span> <span class='ocrx_word' id='word_1_66' title='bbox 1057 821 1239 876; x_wconf 83' lang='lat' dir='ltr'><strong>Nonne</strong></span> <span class='ocrx_word' id='word_1_67' title='bbox 1269 824 1357 890; x_wconf 89' lang='lat' dir='ltr'><strong>qui</strong></span> <span class='ocrx_word' id='word_1_68' title='bbox 1383 821 1603 874; x_wconf 89' lang='lat' dir='ltr'><strong>oderunt</strong></span> <span class='ocrx_word' id='word_1_69' title='bbox 1649 832 1717 887; x_wconf 89' lang='lat' dir='ltr'><strong>te,</strong></span> <span class='ocrx_word' id='word_1_70' title='bbox 1750 820 1991 885; x_wconf 85' lang='lat' dir='ltr'><strong>Domine,</strong></span> <span class='ocrx_word' id='word_1_71' title='bbox 2028 821 2284 874; x_wconf 72' lang='lat' dir='ltr'><strong>oderam?</strong></span> 
     </span>
    </p>
   </div>
   <div class='ocr_carea' id='block_1_11' title="bbox 719 913 2278 984">
    <p class='ocr_par' dir='ltr' id='par_1_11' title="bbox 719 913 2278 984">
     <span class='ocr_line' id='line_1_11' title="bbox 719 913 2278 984; baseline -0.001 -17"><span class='ocrx_word' id='word_1_72' title='bbox 719 915 936 969; x_wconf 77' lang='lat' dir='ltr'><strong>Amicos</strong></span> <span class='ocrx_word' id='word_1_73' title='bbox 989 915 1207 984; x_wconf 85' lang='lat' dir='ltr'><strong>quidem</strong></span> <span class='ocrx_word' id='word_1_74' title='bbox 1258 925 1384 969; x_wconf 90' lang='lat' dir='ltr'><strong>tuos</strong></span> <span class='ocrx_word' id='word_1_75' title='bbox 1423 913 1712 982; x_wconf 66' lang='lat' dir='ltr'><strong>diligebam</strong></span> <span class='ocrx_word' id='word_1_76' title='bbox 1774 923 1828 966; x_wconf 89' lang='lat' dir='ltr'><strong>et</strong></span> <span class='ocrx_word' id='word_1_77' title='bbox 1875 914 1928 966; x_wconf 91' lang='lat' dir='ltr'><strong>in</strong></span> <span class='ocrx_word' id='word_1_78' title='bbox 1985 913 2278 967; x_wconf 75' lang='lat' dir='ltr'><strong>amicitiam</strong></span> 
     </span>
    </p>
   </div>
   <div class='ocr_carea' id='block_1_12' title="bbox 719 1004 2280 1076">
    <p class='ocr_par' dir='ltr' id='par_1_12' title="bbox 719 1004 2280 1076">
     <span class='ocr_line' id='line_1_12' title="bbox 719 1004 2280 1076; baseline 0.001 -18"><span class='ocrx_word' id='word_1_79' title='bbox 719 1022 890 1060; x_wconf 84' lang='lat' dir='ltr'><strong>meam</strong></span> <span class='ocrx_word' id='word_1_80' title='bbox 941 1009 1306 1076; x_wconf 81' lang='lat' dir='ltr'><strong>recipiebam:</strong></span> <span class='ocrx_word' id='word_1_81' title='bbox 1363 1008 1615 1061; x_wconf 86' lang='lat' dir='ltr'><strong>inimicos</strong></span> <span class='ocrx_word' id='word_1_82' title='bbox 1648 1017 1827 1061; x_wconf 88' lang='lat' dir='ltr'><strong>autem</strong></span> <span class='ocrx_word' id='word_1_83' title='bbox 1878 1015 2002 1060; x_wconf 85' lang='lat' dir='ltr'><strong>tuos</strong></span> <span class='ocrx_word' id='word_1_84' title='bbox 2047 1004 2280 1074; x_wconf 74' lang='lat' dir='ltr'><strong>perfecte</strong></span> 
     </span>
    </p>
   </div>
   <div class='ocr_carea' id='block_1_13' title="bbox 717 1095 2279 1166">
    <p class='ocr_par' dir='ltr' id='par_1_13' title="bbox 717 1095 2279 1166">
     <span class='ocr_line' id='line_1_13' title="bbox 717 1095 2279 1166; baseline -0.001 -16"><span class='ocrx_word' id='word_1_85' title='bbox 717 1097 955 1152; x_wconf 83' lang='lat' dir='ltr'><strong>oderam.</strong></span> <span class='ocrx_word' id='word_1_86' title='bbox 1006 1098 1212 1150; x_wconf 90' lang='lat' dir='ltr'><strong>Inimici</strong></span> <span class='ocrx_word' id='word_1_87' title='bbox 1245 1107 1424 1153; x_wconf 89' lang='lat' dir='ltr'><strong>autem</strong></span> <span class='ocrx_word' id='word_1_88' title='bbox 1470 1097 1564 1152; x_wconf 85' lang='lat' dir='ltr'><strong>Dei</strong></span> <span class='ocrx_word' id='word_1_89' title='bbox 1601 1107 1729 1151; x_wconf 91' lang='lat' dir='ltr'><strong>sunt</strong></span> <span class='ocrx_word' id='word_1_90' title='bbox 1770 1097 1947 1166; x_wconf 83' lang='lat' dir='ltr'><strong>primo</strong></span> <span class='ocrx_word' id='word_1_91' title='bbox 1971 1095 2186 1164; x_wconf 84' lang='lat' dir='ltr'><strong>quidem</strong></span> <span class='ocrx_word' id='word_1_92' title='bbox 2225 1106 2279 1149; x_wconf 89' lang='lat' dir='ltr'><strong>et</strong></span> 
     </span>
    </p>
   </div>
   <div class='ocr_carea' id='block_1_14' title="bbox 716 1186 2274 1257">
    <p class='ocr_par' dir='ltr' id='par_1_14' title="bbox 716 1186 2274 1257">
     <span class='ocr_line' id='line_1_14' title="bbox 716 1186 2274 1257; baseline 0.001 -18"><span class='ocrx_word' id='word_1_93' title='bbox 716 1189 930 1254; x_wconf 83' lang='lat' dir='ltr'><strong>proprie</strong></span> <span class='ocrx_word' id='word_1_94' title='bbox 967 1189 1163 1257; x_wconf 88' lang='lat' dir='ltr'><strong>impuri</strong></span> <span class='ocrx_word' id='word_1_95' title='bbox 1199 1188 1474 1242; x_wconf 70' lang='lat' dir='ltr'><strong>daemones</strong></span> <span class='ocrx_word' id='word_1_96' title='bbox 1513 1207 1525 1242; x_wconf 94' lang='lat'>:</span> <span class='ocrx_word' id='word_1_97' title='bbox 1562 1188 1781 1243; x_wconf 85' lang='lat' dir='ltr'><strong>secundi</strong></span> <span class='ocrx_word' id='word_1_98' title='bbox 1833 1197 1955 1256; x_wconf 86' lang='lat' dir='ltr'><strong>post</strong></span> <span class='ocrx_word' id='word_1_99' title='bbox 2007 1187 2151 1252; x_wconf 89' lang='lat' dir='ltr'><strong>illos,</strong></span> <span class='ocrx_word' id='word_1_100' title='bbox 2180 1186 2274 1256; x_wconf 94' lang='lat' dir='ltr'><strong>qui</strong></span> 
     </span>
    </p>
   </div>
   <div class='ocr_carea' id='block_1_15' title="bbox 713 1280 2132 1348">
    <p class='ocr_par' dir='ltr' id='par_1_15' title="bbox 713 1280 2132 1348">
     <span class='ocr_line' id='line_1_15' title="bbox 713 1280 2132 1348; baseline -0.001 -14"><span class='ocrx_word' id='word_1_101' title='bbox 713 1280 1071 1334; x_wconf 87' lang='lat' dir='ltr'><strong>idololatriam</strong></span> <span class='ocrx_word' id='word_1_102' title='bbox 1098 1280 1414 1342; x_wconf 80' lang='lat' dir='ltr'><strong>defendunt,</strong></span> <span class='ocrx_word' id='word_1_103' title='bbox 1445 1290 1500 1334; x_wconf 86' lang='lat' dir='ltr'><strong>et</strong></span> <span class='ocrx_word' id='word_1_104' title='bbox 1532 1280 1801 1334; x_wconf 69' lang='lat' dir='ltr'><strong>han-csum</strong></span> <span class='ocrx_word' id='word_1_105' title='bbox 1841 1280 2132 1348; x_wconf 85' lang='lat' dir='ltr'><strong>principes.</strong></span> 
     </span>
    </p>
   </div>
   <div class='ocr_carea' id='block_1_16' title="bbox 889 1369 2097 1440">
    <p class='ocr_par' dir='ltr' id='par_1_16' title="bbox 889 1369 2097 1440">
     <span class='ocr_line' id='line_1_16' title="bbox 889 1369 2097 1440; baseline -0.001 -17"><span class='ocrx_word' id='word_1_106' title='bbox 889 1370 953 1423; x_wconf 88' lang='lat' dir='ltr'><strong>In</strong></span> <span class='ocrx_word' id='word_1_107' title='bbox 989 1373 1144 1440; x_wconf 76' lang='lat' dir='ltr'><strong>ﬁnem</strong></span> <span class='ocrx_word' id='word_1_108' title='bbox 1173 1371 1508 1427; x_wconf 72' lang='lat' dir='ltr'><strong><em>PSALMUS</em></strong></span> <span class='ocrx_word' id='word_1_109' title='bbox 1546 1371 1731 1425; x_wconf 82' lang='lat' dir='ltr'><strong>David.</strong></span> <span class='ocrx_word' id='word_1_110' title='bbox 1785 1369 2097 1426; x_wconf 72' lang='lat' dir='ltr'><strong>CXXXIX.</strong></span> 
     </span>
    </p>
   </div>
   <div class='ocr_carea' id='block_1_17' title="bbox 778 1462 2274 1532">
    <p class='ocr_par' dir='ltr' id='par_1_17' title="bbox 778 1462 2274 1532">
     <span class='ocr_line' id='line_1_17' title="bbox 778 1462 2274 1532; baseline 0 -16"><span class='ocrx_word' id='word_1_111' title='bbox 778 1464 829 1517; x_wconf 81' lang='lat' dir='ltr'><strong>l.</strong></span> <span class='ocrx_word' id='word_1_112' title='bbox 885 1462 1044 1532; x_wconf 78' lang='lat' dir='ltr'><strong>Eripe</strong></span> <span class='ocrx_word' id='word_1_113' title='bbox 1078 1482 1178 1530; x_wconf 83' lang='lat' dir='ltr'><strong>me,</strong></span> <span class='ocrx_word' id='word_1_114' title='bbox 1215 1464 1459 1528; x_wconf 80' lang='lat' dir='ltr'><strong>Domine,</strong></span> <span class='ocrx_word' id='word_1_115' title='bbox 1489 1466 1554 1518; x_wconf 81' lang='lat' dir='ltr'><strong>ab</strong></span> <span class='ocrx_word' id='word_1_116' title='bbox 1587 1465 1797 1518; x_wconf 82' lang='lat' dir='ltr'><strong>homine</strong></span> <span class='ocrx_word' id='word_1_117' title='bbox 1843 1465 2006 1518; x_wconf 87' lang='lat' dir='ltr'><strong>malo.</strong></span> <span class='ocrx_word' id='word_1_118' title='bbox 2061 1464 2274 1519; x_wconf 81' lang='lat' dir='ltr'><strong>Clamat</strong></span> 
     </span>
    </p>
   </div>
   <div class='ocr_carea' id='block_1_18' title="bbox 707 1555 2272 1626">
    <p class='ocr_par' dir='ltr' id='par_1_18' title="bbox 707 1555 2272 1626">
     <span class='ocr_line' id='line_1_18' title="bbox 707 1555 2272 1626; baseline -0.003 -15"><span class='ocrx_word' id='word_1_119' title='bbox 707 1558 773 1611; x_wconf 84' lang='lat' dir='ltr'><strong>ad</strong></span> <span class='ocrx_word' id='word_1_120' title='bbox 809 1555 974 1611; x_wconf 88' lang='lat' dir='ltr'><strong>Deum</strong></span> <span class='ocrx_word' id='word_1_121' title='bbox 1006 1568 1066 1612; x_wconf 91' lang='lat' dir='ltr'><strong>ut</strong></span> <span class='ocrx_word' id='word_1_122' title='bbox 1091 1559 1382 1613; x_wconf 82' lang='lat' dir='ltr'><strong>ulciscatur</strong></span> <span class='ocrx_word' id='word_1_123' title='bbox 1419 1557 1676 1626; x_wconf 88' lang='lat' dir='ltr'><strong>injuriam</strong></span> <span class='ocrx_word' id='word_1_124' title='bbox 1711 1572 1740 1610; x_wconf 90' lang='lat' dir='ltr'><strong>a</strong></span> <span class='ocrx_word' id='word_1_125' title='bbox 1789 1556 2129 1611; x_wconf 62' lang='lat' dir='ltr'><strong>damonibus</strong></span> <span class='ocrx_word' id='word_1_126' title='bbox 2180 1557 2272 1608; x_wconf 88' lang='lat' dir='ltr'><strong>lm-</strong></span> 
     </span>
    </p>
   </div>
   <div class='ocr_carea' id='block_1_19' title="bbox 709 1647 2270 1718">
    <p class='ocr_par' dir='ltr' id='par_1_19' title="bbox 709 1647 2270 1718">
     <span class='ocr_line' id='line_1_19' title="bbox 709 1647 2270 1718; baseline 0.001 -20"><span class='ocrx_word' id='word_1_127' title='bbox 709 1664 882 1703; x_wconf 78' lang='lat' dir='ltr'><strong>mame</strong></span> <span class='ocrx_word' id='word_1_128' title='bbox 913 1658 1121 1705; x_wconf 66' lang='lat' dir='ltr'><strong>natura:</strong></span> <span class='ocrx_word' id='word_1_129' title='bbox 1162 1650 1391 1713; x_wconf 87' lang='lat' dir='ltr'><strong>illatam,</strong></span> <span class='ocrx_word' id='word_1_130' title='bbox 1427 1658 1482 1702; x_wconf 91' lang='lat' dir='ltr'><strong>et</strong></span> <span class='ocrx_word' id='word_1_131' title='bbox 1535 1657 1595 1702; x_wconf 94' lang='lat' dir='ltr'><strong>ut</strong></span> <span class='ocrx_word' id='word_1_132' title='bbox 1638 1647 1980 1718; x_wconf 82' lang='lat' dir='ltr'><strong>iniquitatem</strong></span> <span class='ocrx_word' id='word_1_133' title='bbox 2019 1647 2071 1700; x_wconf 91' lang='lat' dir='ltr'><strong>in</strong></span> <span class='ocrx_word' id='word_1_134' title='bbox 2105 1656 2270 1715; x_wconf 88' lang='lat' dir='ltr'><strong>caput</strong></span> 
     </span>
    </p>
   </div>
   <div class='ocr_carea' id='block_1_20' title="bbox 706 1739 2268 1808">
    <p class='ocr_par' dir='ltr' id='par_1_20' title="bbox 706 1739 2268 1808">
     <span class='ocr_line' id='line_1_20' title="bbox 706 1739 2268 1808; baseline 0.002 -19"><span class='ocrx_word' id='word_1_135' title='bbox 706 1739 1015 1808; x_wconf 86' lang='lat' dir='ltr'><strong>iniquorum</strong></span> <span class='ocrx_word' id='word_1_136' title='bbox 1046 1750 1346 1795; x_wconf 74' lang='lat' dir='ltr'><strong>convertat.</strong></span> <span class='ocrx_word' id='word_1_137' title='bbox 1394 1739 1520 1795; x_wconf 63' lang='lat' dir='ltr'><strong>Hmc</strong></span> <span class='ocrx_word' id='word_1_138' title='bbox 1569 1749 1750 1796; x_wconf 89' lang='lat' dir='ltr'><strong>autem</strong></span> <span class='ocrx_word' id='word_1_139' title='bbox 1782 1741 1946 1795; x_wconf 91' lang='lat' dir='ltr'><strong>etiam</strong></span> <span class='ocrx_word' id='word_1_140' title='bbox 1997 1740 2064 1794; x_wconf 89' lang='lat' dir='ltr'><strong>de</strong></span> <span class='ocrx_word' id='word_1_141' title='bbox 2095 1739 2268 1795; x_wconf 85' lang='lat' dir='ltr'><strong>sensi-</strong></span> 
     </span>
    </p>
   </div>
   <div class='ocr_carea' id='block_1_21' title="bbox 706 1829 1575 1901">
    <p class='ocr_par' dir='ltr' id='par_1_21' title="bbox 706 1829 1575 1901">
     <span class='ocr_line' id='line_1_21' title="bbox 706 1829 1575 1901; baseline 0.003 -20"><span class='ocrx_word' id='word_1_142' title='bbox 706 1829 903 1886; x_wconf 85' lang='lat' dir='ltr'><strong>bilibus</strong></span> <span class='ocrx_word' id='word_1_143' title='bbox 941 1830 1181 1888; x_wconf 88' lang='lat' dir='ltr'><strong>inimicis</strong></span> <span class='ocrx_word' id='word_1_144' title='bbox 1206 1832 1312 1887; x_wconf 91' lang='lat' dir='ltr'><strong>dici</strong></span> <span class='ocrx_word' id='word_1_145' title='bbox 1345 1832 1575 1901; x_wconf 86' lang='lat' dir='ltr'><strong>possint.</strong></span> 
     </span>
    </p>
   </div>
   <div class='ocr_carea' id='block_1_22' title="bbox 770 2007 2268 2078">
    <p class='ocr_par' dir='ltr' id='par_1_22' title="bbox 770 2007 2268 2078">
     <span class='ocr_line' id='line_1_22' title="bbox 770 2007 2268 2078; baseline 0.002 -21"><span class='ocrx_word' id='word_1_146' title='bbox 770 2007 823 2058; x_wconf 71' lang='lat'><strong>2.</strong></span> <span class='ocrx_word' id='word_1_147' title='bbox 886 2008 990 2071; x_wconf 76' lang='lat' dir='ltr'><strong>Qui</strong></span> <span class='ocrx_word' id='word_1_148' title='bbox 1022 2010 1372 2078; x_wconf 83' lang='lat' dir='ltr'><strong>cogitarentnt</strong></span> <span class='ocrx_word' id='word_1_149' title='bbox 1398 2011 1724 2077; x_wconf 78' lang='lat' dir='ltr'><strong>iniquitatem</strong></span> <span class='ocrx_word' id='word_1_150' title='bbox 1748 2011 1804 2062; x_wconf 88' lang='lat' dir='ltr'><strong>in</strong></span> <span class='ocrx_word' id='word_1_151' title='bbox 1833 2009 2008 2072; x_wconf 81' lang='lat' dir='ltr'><strong>corde,</strong></span> <span class='ocrx_word' id='word_1_152' title='bbox 2041 2018 2150 2060; x_wconf 89' lang='lat' dir='ltr'><strong>tota</strong></span> <span class='ocrx_word' id='word_1_153' title='bbox 2183 2009 2268 2060; x_wconf 88' lang='lat' dir='ltr'><strong>die</strong></span> 
     </span>
    </p>
   </div>
   <div class='ocr_carea' id='block_1_23' title="bbox 699 2099 2266 2170">
    <p class='ocr_par' dir='ltr' id='par_1_23' title="bbox 699 2099 2266 2170">
     <span class='ocr_line' id='line_1_23' title="bbox 699 2099 2266 2170; baseline 0 -17"><span class='ocrx_word' id='word_1_154' title='bbox 699 2100 1080 2153; x_wconf 85' lang='lat' dir='ltr'><strong>constituebant</strong></span> <span class='ocrx_word' id='word_1_155' title='bbox 1126 2103 1336 2170; x_wconf 65' lang='lat' dir='ltr'><strong>pratia.</strong></span> <span class='ocrx_word' id='word_1_156' title='bbox 1391 2099 1508 2154; x_wconf 84' lang='lat' dir='ltr'><strong>Non</strong></span> <span class='ocrx_word' id='word_1_157' title='bbox 1561 2108 1771 2154; x_wconf 90' lang='lat' dir='ltr'><strong>tantum</strong></span> <span class='ocrx_word' id='word_1_158' title='bbox 1830 2101 1975 2154; x_wconf 91' lang='lat' dir='ltr'><strong>enim</strong></span> <span class='ocrx_word' id='word_1_159' title='bbox 2029 2101 2266 2153; x_wconf 82' lang='lat' dir='ltr'><strong>humana</strong></span> 
     </span>
    </p>
   </div>
   <div class='ocr_carea' id='block_1_24' title="bbox 701 2192 2266 2263">
    <p class='ocr_par' dir='ltr' id='par_1_24' title="bbox 701 2192 2266 2263">
     <span class='ocr_line' id='line_1_24' title="bbox 701 2192 2266 2263; baseline 0 -19"><span class='ocrx_word' id='word_1_160' title='bbox 701 2192 984 2246; x_wconf 89' lang='lat' dir='ltr'><strong>ratiocinia</strong></span> <span class='ocrx_word' id='word_1_161' title='bbox 1023 2194 1398 2256; x_wconf 89' lang='lat' dir='ltr'><strong>admiserunt,</strong></span> <span class='ocrx_word' id='word_1_162' title='bbox 1439 2194 1532 2247; x_wconf 89' lang='lat' dir='ltr'><strong>sed</strong></span> <span class='ocrx_word' id='word_1_163' title='bbox 1580 2194 1743 2248; x_wconf 89' lang='lat' dir='ltr'><strong>etiam</strong></span> <span class='ocrx_word' id='word_1_164' title='bbox 1788 2209 1951 2263; x_wconf 91' lang='lat' dir='ltr'><strong>opera</strong></span> <span class='ocrx_word' id='word_1_165' title='bbox 1990 2193 2266 2262; x_wconf 85' lang='lat' dir='ltr'><strong>cogitatio-</strong></span> 
     </span>
    </p>
   </div>
   <div class='ocr_carea' id='block_1_25' title="bbox 700 2283 2264 2354">
    <p class='ocr_par' dir='ltr' id='par_1_25' title="bbox 700 2283 2264 2354">
     <span class='ocr_line' id='line_1_25' title="bbox 700 2283 2264 2354; baseline 0 -18"><span class='ocrx_word' id='word_1_166' title='bbox 700 2286 861 2338; x_wconf 88' lang='lat' dir='ltr'><strong>nibus</strong></span> <span class='ocrx_word' id='word_1_167' title='bbox 893 2285 1230 2352; x_wconf 79' lang='lat' dir='ltr'><strong>adjecerunt.</strong></span> <span class='ocrx_word' id='word_1_168' title='bbox 1278 2284 1411 2338; x_wconf 92' lang='lat' dir='ltr'><strong>lllud</strong></span> <span class='ocrx_word' id='word_1_169' title='bbox 1455 2294 1679 2352; x_wconf 90' lang='lat' dir='ltr'><strong>autem,</strong></span> <span class='ocrx_word' id='word_1_170' title='bbox 1723 2297 1834 2338; x_wconf 89' lang='lat' dir='ltr'><strong>tota</strong></span> <span class='ocrx_word' id='word_1_171' title='bbox 1875 2286 1982 2348; x_wconf 85' lang='lat' dir='ltr'><strong>die,</strong></span> <span class='ocrx_word' id='word_1_172' title='bbox 2014 2283 2264 2354; x_wconf 79' lang='lat' dir='ltr'><strong>Symma-</strong></span> 
     </span>
    </p>
   </div>
   <div class='ocr_carea' id='block_1_26' title="bbox 699 2374 1877 2446">
    <p class='ocr_par' dir='ltr' id='par_1_26' title="bbox 699 2374 1877 2446">
     <span class='ocr_line' id='line_1_26' title="bbox 699 2374 1877 2446; baseline 0.003 -21"><span class='ocrx_word' id='word_1_173' title='bbox 699 2374 835 2428; x_wconf 74' lang='lat' dir='ltr'><strong>chus</strong></span> <span class='ocrx_word' id='word_1_174' title='bbox 859 2411 877 2440; x_wconf 87' lang='lat'><strong>,</strong></span> <span class='ocrx_word' id='word_1_175' title='bbox 916 2391 1007 2443; x_wconf 85' lang='lat' dir='ltr'><strong>per</strong></span> <span class='ocrx_word' id='word_1_176' title='bbox 1035 2375 1269 2444; x_wconf 79' lang='lat' dir='ltr'><strong>singulos</strong></span> <span class='ocrx_word' id='word_1_177' title='bbox 1298 2377 1434 2440; x_wconf 86' lang='lat' dir='ltr'><strong>dies,</strong></span> <span class='ocrx_word' id='word_1_178' title='bbox 1472 2379 1877 2446; x_wconf 84' lang='lat' dir='ltr'><strong>interpretatur.</strong></span> 
     </span>
    </p>
   </div>
   <div class='ocr_carea' id='block_1_27' title="bbox 766 2465 2261 2538">
    <p class='ocr_par' dir='ltr' id='par_1_27' title="bbox 766 2465 2261 2538">
     <span class='ocr_line' id='line_1_27' title="bbox 766 2465 2261 2538; baseline 0.002 -18"><span class='ocrx_word' id='word_1_179' title='bbox 766 2467 818 2522; x_wconf 86' lang='lat'><strong>6.</strong></span> <span class='ocrx_word' id='word_1_180' title='bbox 875 2465 1042 2520; x_wconf 75' lang='lat' dir='ltr'><strong>Juxta</strong></span> <span class='ocrx_word' id='word_1_181' title='bbox 1083 2469 1185 2522; x_wconf 87' lang='lat' dir='ltr'><strong>iter</strong></span> <span class='ocrx_word' id='word_1_182' title='bbox 1212 2470 1526 2522; x_wconf 72' lang='lat' dir='ltr'><strong>scandalum</strong></span> <span class='ocrx_word' id='word_1_183' title='bbox 1569 2480 1854 2538; x_wconf 86' lang='lat' dir='ltr'><strong>posuerunt</strong></span> <span class='ocrx_word' id='word_1_184' title='bbox 1919 2469 2067 2521; x_wconf 80' lang='lat' dir='ltr'><strong>mihi.</strong></span> <span class='ocrx_word' id='word_1_185' title='bbox 2137 2467 2261 2523; x_wconf 67' lang='lat' dir='ltr'><strong>Haec</strong></span> 
     </span>
    </p>
   </div>
   <div class='ocr_carea' id='block_1_28' title="bbox 696 2555 2258 2626">
    <p class='ocr_par' dir='ltr' id='par_1_28' title="bbox 696 2555 2258 2626">
     <span class='ocr_line' id='line_1_28' title="bbox 696 2555 2258 2626; baseline 0.001 -18"><span class='ocrx_word' id='word_1_186' title='bbox 696 2557 900 2622; x_wconf 87' lang='lat' dir='ltr'><strong>omnia,</strong></span> <span class='ocrx_word' id='word_1_187' title='bbox 933 2556 1130 2625; x_wconf 87' lang='lat' dir='ltr'><strong>inquit,</strong></span> <span class='ocrx_word' id='word_1_188' title='bbox 1165 2555 1456 2622; x_wconf 80' lang='lat' dir='ltr'><strong>faciebant,</strong></span> <span class='ocrx_word' id='word_1_189' title='bbox 1492 2566 1551 2610; x_wconf 94' lang='lat' dir='ltr'><strong>ut</strong></span> <span class='ocrx_word' id='word_1_190' title='bbox 1577 2573 1798 2612; x_wconf 86' lang='lat' dir='ltr'><strong>cursum</strong></span> <span class='ocrx_word' id='word_1_191' title='bbox 1830 2557 1949 2626; x_wconf 82' lang='lat' dir='ltr'><strong>ejus</strong></span> <span class='ocrx_word' id='word_1_192' title='bbox 1978 2557 2045 2612; x_wconf 90' lang='lat' dir='ltr'><strong>ad</strong></span> <span class='ocrx_word' id='word_1_193' title='bbox 2091 2557 2258 2611; x_wconf 90' lang='lat' dir='ltr'><strong>Deum</strong></span> 
     </span>
    </p>
   </div>
   <div class='ocr_carea' id='block_1_29' title="bbox 695 2649 2258 2721">
    <p class='ocr_par' dir='ltr' id='par_1_29' title="bbox 695 2649 2258 2721">
     <span class='ocr_line' id='line_1_29' title="bbox 695 2649 2258 2721; baseline 0.001 -19"><span class='ocrx_word' id='word_1_194' title='bbox 695 2650 971 2712; x_wconf 85' lang='lat' dir='ltr'><strong>sisterent,</strong></span> <span class='ocrx_word' id='word_1_195' title='bbox 1002 2649 1213 2718; x_wconf 84' lang='lat' dir='ltr'><strong>laqueis</strong></span> <span class='ocrx_word' id='word_1_196' title='bbox 1249 2651 1414 2720; x_wconf 85' lang='lat' dir='ltr'><strong>pedes</strong></span> <span class='ocrx_word' id='word_1_197' title='bbox 1450 2650 1570 2721; x_wconf 89' lang='lat' dir='ltr'><strong>ejus</strong></span> <span class='ocrx_word' id='word_1_198' title='bbox 1596 2651 2005 2721; x_wconf 88' lang='lat' dir='ltr'><strong>complicantcs,</strong></span> <span class='ocrx_word' id='word_1_199' title='bbox 2036 2662 2096 2705; x_wconf 89' lang='lat' dir='ltr'><strong>ut</strong></span> <span class='ocrx_word' id='word_1_200' title='bbox 2133 2666 2258 2705; x_wconf 89' lang='lat' dir='ltr'><strong>eum</strong></span> 
     </span>
    </p>
   </div>
   <div class='ocr_carea' id='block_1_30' title="bbox 693 2738 1530 2812">
    <p class='ocr_par' dir='ltr' id='par_1_30' title="bbox 693 2738 1530 2812">
     <span class='ocr_line' id='line_1_30' title="bbox 693 2738 1530 2812; baseline 0.005 -19"><span class='ocrx_word' id='word_1_201' title='bbox 693 2758 722 2793; x_wconf 84' lang='lat' dir='ltr'><strong>a</strong></span> <span class='ocrx_word' id='word_1_202' title='bbox 757 2738 855 2794; x_wconf 87' lang='lat' dir='ltr'><strong>Dei</strong></span> <span class='ocrx_word' id='word_1_203' title='bbox 893 2749 1186 2810; x_wconf 87' lang='lat' dir='ltr'><strong>conspectu</strong></span> <span class='ocrx_word' id='word_1_204' title='bbox 1213 2741 1530 2812; x_wconf 84' lang='lat' dir='ltr'><strong>dejicerent.</strong></span> 
     </span>
    </p>
   </div>
   <div class='ocr_carea' id='block_1_31' title="bbox 761 2913 2254 2987">
    <p class='ocr_par' dir='ltr' id='par_1_31' title="bbox 761 2913 2254 2987">
     <span class='ocr_line' id='line_1_31' title="bbox 761 2913 2254 2987; baseline 0 -17"><span class='ocrx_word' id='word_1_205' title='bbox 761 2916 816 2970; x_wconf 86' lang='lat'><strong>9.</strong></span> <span class='ocrx_word' id='word_1_206' title='bbox 875 2913 957 2969; x_wconf 81' lang='lat' dir='ltr'><strong>Ne</strong></span> <span class='ocrx_word' id='word_1_207' title='bbox 991 2916 1174 2968; x_wconf 88' lang='lat' dir='ltr'><strong>tradas</strong></span> <span class='ocrx_word' id='word_1_208' title='bbox 1219 2932 1321 2980; x_wconf 88' lang='lat' dir='ltr'><strong>me,</strong></span> <span class='ocrx_word' id='word_1_209' title='bbox 1351 2915 1591 2982; x_wconf 86' lang='lat' dir='ltr'><strong>Domine,</strong></span> <span class='ocrx_word' id='word_1_210' title='bbox 1623 2935 1654 2970; x_wconf 91' lang='lat' dir='ltr'><strong>a</strong></span> <span class='ocrx_word' id='word_1_211' title='bbox 1683 2917 1942 2971; x_wconf 88' lang='lat' dir='ltr'><strong>desiderio</strong></span> <span class='ocrx_word' id='word_1_212' title='bbox 1983 2935 2093 2971; x_wconf 87' lang='lat' dir='ltr'><strong>meo</strong></span> <span class='ocrx_word' id='word_1_213' title='bbox 2134 2935 2254 2987; x_wconf 78' lang='lat' dir='ltr'><strong>pec-</strong></span> 
     </span>
    </p>
   </div>
   <div class='ocr_carea' id='block_1_32' title="bbox 2459 812 3952 882">
    <p class='ocr_par' dir='ltr' id='par_1_32' title="bbox 2459 812 3952 882">
     <span class='ocr_line' id='line_1_32' title="bbox 2459 812 3952 882; baseline 0.001 -17"><span class='ocrx_word' id='word_1_214' title='bbox 2459 812 2604 880; x_wconf 77' lang='grc' dir='ltr'>οὺχί</span> <span class='ocrx_word' id='word_1_215' title='bbox 2635 813 2772 879; x_wconf 84' lang='grc' dir='ltr'>τοὺς</span> <span class='ocrx_word' id='word_1_216' title='bbox 2797 812 3131 882; x_wconf 62' lang='grc' dir='ltr'>μισοῦν·τάς</span> <span class='ocrx_word' id='word_1_217' title='bbox 3155 828 3250 875; x_wconf 86' lang='grc' dir='ltr'><strong>σε,</strong></span> <span class='ocrx_word' id='word_1_218' title='bbox 3276 814 3474 880; x_wconf 75' lang='grc' dir='ltr'>Κύριε,</span> <span class='ocrx_word' id='word_1_219' title='bbox 3502 815 3804 879; x_wconf 72' lang='grc' dir='ltr'>ἐμίσησας</span> <span class='ocrx_word' id='word_1_220' title='bbox 3833 813 3952 867; x_wconf 82' lang='grc' dir='ltr'>Ὀτι</span> 
     </span>
    </p>
   </div>
   <div class='ocr_carea' id='block_1_33' title="bbox 2381 907 3954 979">
    <p class='ocr_par' dir='ltr' id='par_1_33' title="bbox 2381 907 3954 979">
     <span class='ocr_line' id='line_1_33' title="bbox 2381 907 3954 979; baseline 0.001 -19"><span class='ocrx_word' id='word_1_221' title='bbox 2381 909 2506 972; x_wconf 75' lang='grc' dir='ltr'>τοὺς</span> <span class='ocrx_word' id='word_1_222' title='bbox 2543 907 2642 979; x_wconf 78' lang='grc' dir='ltr'>μὲν</span> <span class='ocrx_word' id='word_1_223' title='bbox 2685 908 2810 971; x_wconf 76' lang='grc' dir='ltr'>σοὺς</span> <span class='ocrx_word' id='word_1_224' title='bbox 2839 909 3068 978; x_wconf 73' lang='grc' dir='ltr'>ἠγάπων</span> <span class='ocrx_word' id='word_1_225' title='bbox 3097 908 3189 962; x_wconf 73' lang='grc' dir='ltr'><strong>καὶ</strong></span> <span class='ocrx_word' id='word_1_226' title='bbox 3220 909 3561 979; x_wconf 77' lang='grc' dir='ltr'><strong>ἀπεδεχόμην</strong></span> <span class='ocrx_word' id='word_1_227' title='bbox 3589 908 3796 977; x_wconf 80' lang='grc' dir='ltr'>φίλους·</span> <span class='ocrx_word' id='word_1_228' title='bbox 3829 911 3954 972; x_wconf 75' lang='grc' dir='ltr'>τοὺς</span> 
     </span>
    </p>
   </div>
   <div class='ocr_carea' id='block_1_34' title="bbox 2380 999 3951 1072">
    <p class='ocr_par' dir='ltr' id='par_1_34' title="bbox 2380 999 3951 1072">
     <span class='ocr_line' id='line_1_34' title="bbox 2380 999 3951 1072; baseline 0 -20"><span class='ocrx_word' id='word_1_229' title='bbox 2380 999 2436 1052; x_wconf 85' lang='grc' dir='ltr'>δὲ</span> <span class='ocrx_word' id='word_1_230' title='bbox 2481 999 2706 1072; x_wconf 87' lang='grc' dir='ltr'>ἐχθρούς</span> <span class='ocrx_word' id='word_1_231' title='bbox 2762 1017 2854 1054; x_wconf 91' lang='grc' dir='ltr'><strong>σου</strong></span> <span class='ocrx_word' id='word_1_232' title='bbox 2901 999 3122 1062; x_wconf 76' lang='grc' dir='ltr'><strong>τελείως</strong></span> <span class='ocrx_word' id='word_1_233' title='bbox 3167 1001 3410 1069; x_wconf 87' lang='grc' dir='ltr'>ἐμίσουν.</span> <span class='ocrx_word' id='word_1_234' title='bbox 3476 1000 3689 1071; x_wconf 83' lang='grc' dir='ltr'>Ἐχθροὶ</span> <span class='ocrx_word' id='word_1_235' title='bbox 3743 1000 3801 1053; x_wconf 82' lang='grc' dir='ltr'><strong>δέ</strong></span> <span class='ocrx_word' id='word_1_236' title='bbox 3854 999 3951 1052; x_wconf 76' lang='grc' dir='ltr'>τοῦ</span> 
     </span>
    </p>
   </div>
   <div class='ocr_carea' id='block_1_35' title="bbox 2380 1090 3948 1164">
    <p class='ocr_par' dir='ltr' id='par_1_35' title="bbox 2380 1090 3948 1164">
     <span class='ocr_line' id='line_1_35' title="bbox 2380 1090 3948 1164; baseline -0.001 -21"><span class='ocrx_word' id='word_1_237' title='bbox 2380 1090 2515 1144; x_wconf 81' lang='grc' dir='ltr'>Θεοῦ</span> <span class='ocrx_word' id='word_1_238' title='bbox 2549 1091 2777 1162; x_wconf 79' lang='grc' dir='ltr'><strong>πρώτως</strong></span> <span class='ocrx_word' id='word_1_239' title='bbox 2799 1093 2895 1164; x_wconf 84' lang='grc' dir='ltr'><strong>μέν</strong></span> <span class='ocrx_word' id='word_1_240' title='bbox 2922 1093 3015 1144; x_wconf 80' lang='grc' dir='ltr'>καὶ</span> <span class='ocrx_word' id='word_1_241' title='bbox 3043 1091 3244 1161; x_wconf 91' lang='grc' dir='ltr'>κυρίως</span> <span class='ocrx_word' id='word_1_242' title='bbox 3273 1093 3323 1144; x_wconf 83' lang='grc' dir='ltr'>οἱ</span> <span class='ocrx_word' id='word_1_243' title='bbox 3347 1090 3643 1163; x_wconf 68' lang='grc' dir='ltr'>ἀκάθαρτοι</span> <span class='ocrx_word' id='word_1_244' title='bbox 3676 1092 3948 1160; x_wconf 87' lang='grc' dir='ltr'>δαίμονες·</span> 
     </span>
    </p>
   </div>
   <div class='ocr_carea' id='block_1_36' title="bbox 2379 1182 3951 1255">
    <p class='ocr_par' dir='ltr' id='par_1_36' title="bbox 2379 1182 3951 1255">
     <span class='ocr_line' id='line_1_36' title="bbox 2379 1182 3951 1255; baseline 0 -21"><span class='ocrx_word' id='word_1_245' title='bbox 2379 1182 2619 1254; x_wconf 77' lang='grc' dir='ltr'><strong>δεύτεροι</strong></span> <span class='ocrx_word' id='word_1_246' title='bbox 2657 1183 2714 1237; x_wconf 80' lang='grc' dir='ltr'>δὲ</span> <span class='ocrx_word' id='word_1_247' title='bbox 2755 1185 2872 1253; x_wconf 79' lang='grc' dir='ltr'>μετ’</span> <span class='ocrx_word' id='word_1_248' title='bbox 2915 1183 3154 1246; x_wconf 86' lang='grc' dir='ltr'>ἐκείνους</span> <span class='ocrx_word' id='word_1_249' title='bbox 3201 1182 3256 1235; x_wconf 84' lang='grc' dir='ltr'>οἰ</span> <span class='ocrx_word' id='word_1_250' title='bbox 3295 1198 3354 1235; x_wconf 90' lang='grc' dir='ltr'><strong>τε</strong></span> <span class='ocrx_word' id='word_1_251' title='bbox 3385 1182 3482 1252; x_wconf 79' lang='grc' dir='ltr'>τὴν</span> <span class='ocrx_word' id='word_1_252' title='bbox 3514 1183 3951 1255; x_wconf 79' lang='grc' dir='ltr'>εἰδωλολατρείαν</span> 
     </span>
    </p>
   </div>
   <div class='ocr_carea' id='block_1_37' title="bbox 2380 1273 3689 1348">
    <p class='ocr_par' dir='ltr' id='par_1_37' title="bbox 2380 1273 3689 1348">
     <span class='ocr_line' id='line_1_37' title="bbox 2380 1273 3689 1348; baseline -0.002 -20"><span class='ocrx_word' id='word_1_253' title='bbox 2380 1274 2790 1348; x_wconf 75' lang='grc' dir='ltr'>πρεσϐεύοντες,</span> <span class='ocrx_word' id='word_1_254' title='bbox 2817 1275 2909 1328; x_wconf 76' lang='grc' dir='ltr'>καὶ</span> <span class='ocrx_word' id='word_1_255' title='bbox 2940 1276 2988 1328; x_wconf 81' lang='grc' dir='ltr'>οἱ</span> <span class='ocrx_word' id='word_1_256' title='bbox 3015 1273 3122 1326; x_wconf 82' lang='grc' dir='ltr'>τῶν</span> <span class='ocrx_word' id='word_1_257' title='bbox 3147 1274 3412 1346; x_wconf 75' lang='grc' dir='ltr'><strong>αἱρέσεων</strong></span> <span class='ocrx_word' id='word_1_258' title='bbox 3439 1274 3689 1344; x_wconf 79' lang='grc' dir='ltr'>ἀρχηγοί.</span> 
     </span>
    </p>
   </div>
   <div class='ocr_carea' id='block_1_38' title="bbox 2569 1364 3732 1435">
    <p class='ocr_par' dir='ltr' id='par_1_38' title="bbox 2569 1364 3732 1435">
     <span class='ocr_line' id='line_1_38' title="bbox 2569 1364 3732 1435; baseline -0.004 -12"><span class='ocrx_word' id='word_1_259' title='bbox 2569 1371 2671 1435; x_wconf 81' lang='grc' dir='ltr'>Είς</span> <span class='ocrx_word' id='word_1_260' title='bbox 2707 1367 2883 1433; x_wconf 81' lang='grc' dir='ltr'>τέλος</span> <span class='ocrx_word' id='word_1_261' title='bbox 2917 1368 3222 1421; x_wconf 75' lang='grc' dir='ltr'><strong>ΨΑΛΜΟΣ</strong></span> <span class='ocrx_word' id='word_1_262' title='bbox 3247 1364 3325 1431; x_wconf 84' lang='grc' dir='ltr'>τῷ</span> <span class='ocrx_word' id='word_1_263' title='bbox 3347 1365 3545 1419; x_wconf 79' lang='grc' dir='ltr'>Δαυῖδ.</span> <span class='ocrx_word' id='word_1_264' title='bbox 3573 1368 3732 1419; x_wconf 66' lang='lat' dir='ltr'><strong>PAO</strong></span> 
     </span>
    </p>
   </div>
   <div class='ocr_carea' id='block_1_39' title="bbox 2460 1455 3949 1530">
    <p class='ocr_par' dir='ltr' id='par_1_39' title="bbox 2460 1455 3949 1530">
     <span class='ocr_line' id='line_1_39' title="bbox 2460 1455 3949 1530; baseline -0.003 -16"><span class='ocrx_word' id='word_1_265' title='bbox 2460 1461 2706 1525; x_wconf 76' lang='grc' dir='ltr'>Ἐξέλου</span> <span class='ocrx_word' id='word_1_266' title='bbox 2744 1477 2839 1530; x_wconf 80' lang='grc' dir='ltr'>με,</span> <span class='ocrx_word' id='word_1_267' title='bbox 2870 1461 3065 1527; x_wconf 82' lang='grc' dir='ltr'>Κύριε,</span> <span class='ocrx_word' id='word_1_268' title='bbox 3090 1457 3158 1522; x_wconf 78' lang='grc' dir='ltr'>ἐξ</span> <span class='ocrx_word' id='word_1_269' title='bbox 3186 1456 3496 1527; x_wconf 74' lang='grc' dir='ltr'>ἀνθρώπου</span> <span class='ocrx_word' id='word_1_270' title='bbox 3521 1455 3809 1524; x_wconf 75' lang='grc' dir='ltr'>πονηροῦ.</span> <span class='ocrx_word' id='word_1_271' title='bbox 3840 1457 3949 1528; x_wconf 79' lang='grc' dir='ltr'><strong>Τῆς</strong></span> 
     </span>
    </p>
   </div>
   <div class='ocr_carea' id='block_1_40' title="bbox 2377 1547 3947 1625">
    <p class='ocr_par' dir='ltr' id='par_1_40' title="bbox 2377 1547 3947 1625">
     <span class='ocr_line' id='line_1_40' title="bbox 2377 1547 3947 1625; baseline -0.004 -18"><span class='ocrx_word' id='word_1_272' title='bbox 2377 1555 2671 1625; x_wconf 76' lang='grc' dir='ltr'>γενομένης</span> <span class='ocrx_word' id='word_1_273' title='bbox 2705 1553 2916 1615; x_wconf 80' lang='grc' dir='ltr'><strong>ἀδικίας</strong></span> <span class='ocrx_word' id='word_1_274' title='bbox 2945 1550 3098 1622; x_wconf 86' lang='grc' dir='ltr'><strong>παρά</strong></span> <span class='ocrx_word' id='word_1_275' title='bbox 3129 1549 3237 1603; x_wconf 84' lang='grc' dir='ltr'>τῶν</span> <span class='ocrx_word' id='word_1_276' title='bbox 3265 1549 3534 1621; x_wconf 86' lang='grc' dir='ltr'>δαιμόνων</span> <span class='ocrx_word' id='word_1_277' title='bbox 3558 1552 3625 1620; x_wconf 75' lang='grc' dir='ltr'>τῇ</span> <span class='ocrx_word' id='word_1_278' title='bbox 3658 1547 3947 1619; x_wconf 83' lang='grc' dir='ltr'>ἀνθρώπου</span> 
     </span>
    </p>
   </div>
   <div class='ocr_carea' id='block_1_41' title="bbox 2377 1640 3948 1716">
    <p class='ocr_par' dir='ltr' id='par_1_41' title="bbox 2377 1640 3948 1716">
     <span class='ocr_line' id='line_1_41' title="bbox 2377 1640 3948 1716; baseline -0.004 -16"><span class='ocrx_word' id='word_1_279' title='bbox 2377 1647 2534 1716; x_wconf 82' lang='grc' dir='ltr'>φύσει</span> <span class='ocrx_word' id='word_1_280' title='bbox 2563 1644 2895 1714; x_wconf 84' lang='grc' dir='ltr'>κεκραγέναι</span> <span class='ocrx_word' id='word_1_281' title='bbox 2929 1642 3064 1714; x_wconf 81' lang='grc' dir='ltr'>πρὸς</span> <span class='ocrx_word' id='word_1_282' title='bbox 3107 1642 3196 1695; x_wconf 76' lang='grc' dir='ltr'>τὸν</span> <span class='ocrx_word' id='word_1_283' title='bbox 3237 1642 3369 1695; x_wconf 80' lang='grc' dir='ltr'>Θεὸν</span> <span class='ocrx_word' id='word_1_284' title='bbox 3419 1641 3637 1711; x_wconf 86' lang='grc' dir='ltr'>ποιῆσαι</span> <span class='ocrx_word' id='word_1_285' title='bbox 3675 1640 3776 1711; x_wconf 72' lang='grc' dir='ltr'>τὴν</span> <span class='ocrx_word' id='word_1_286' title='bbox 3807 1641 3948 1694; x_wconf 83' lang='grc' dir='ltr'>ἐκδί-</span> 
     </span>
    </p>
   </div>
   <div class='ocr_carea' id='block_1_42' title="bbox 2375 1733 3947 1808">
    <p class='ocr_par' dir='ltr' id='par_1_42' title="bbox 2375 1733 3947 1808">
     <span class='ocr_line' id='line_1_42' title="bbox 2375 1733 3947 1808; baseline -0.004 -16"><span class='ocrx_word' id='word_1_287' title='bbox 2375 1756 2553 1808; x_wconf 74' lang='grc' dir='ltr'>κησιν,</span> <span class='ocrx_word' id='word_1_288' title='bbox 2589 1738 2680 1791; x_wconf 78' lang='grc' dir='ltr'><strong>καὶ</strong></span> <span class='ocrx_word' id='word_1_289' title='bbox 2712 1735 3078 1807; x_wconf 79' lang='grc' dir='ltr'>μεταστρέψαι</span> <span class='ocrx_word' id='word_1_290' title='bbox 3109 1737 3188 1799; x_wconf 81' lang='grc' dir='ltr'>εἰς</span> <span class='ocrx_word' id='word_1_291' title='bbox 3215 1734 3452 1805; x_wconf 81' lang='grc' dir='ltr'>κεφαλὴν</span> <span class='ocrx_word' id='word_1_292' title='bbox 3483 1734 3590 1786; x_wconf 84' lang='grc' dir='ltr'><strong>τών</strong></span> <span class='ocrx_word' id='word_1_293' title='bbox 3621 1733 3947 1786; x_wconf 75' lang='grc' dir='ltr'>ἀδικούντων</span> 
     </span>
    </p>
   </div>
   <div class='ocr_carea' id='block_1_43' title="bbox 2301 1811 3947 1902">
    <p class='ocr_par' dir='ltr' id='par_1_43' title="bbox 2301 1811 3947 1902">
     <span class='ocr_line' id='line_1_43' title="bbox 2301 1811 3947 1902; baseline -0.004 -17"><span class='ocrx_word' id='word_1_294' title='bbox 2301 1811 2342 1864; x_wconf 79' lang='grc' dir='ltr'><strong>Β</strong></span> <span class='ocrx_word' id='word_1_295' title='bbox 2369 1832 2466 1902; x_wconf 84' lang='grc' dir='ltr'>τὴν</span> <span class='ocrx_word' id='word_1_296' title='bbox 2492 1831 2723 1884; x_wconf 81' lang='grc' dir='ltr'><strong>ἀδικίαν.</strong></span> <span class='ocrx_word' id='word_1_297' title='bbox 2753 1828 2983 1900; x_wconf 80' lang='grc' dir='ltr'>Λεχθείη</span> <span class='ocrx_word' id='word_1_298' title='bbox 3019 1828 3076 1880; x_wconf 84' lang='grc' dir='ltr'><strong>δὲ</strong></span> <span class='ocrx_word' id='word_1_299' title='bbox 3106 1829 3198 1880; x_wconf 78' lang='grc' dir='ltr'>και</span> <span class='ocrx_word' id='word_1_300' title='bbox 3226 1827 3320 1881; x_wconf 80' lang='grc' dir='ltr'>ἐπὶ</span> <span class='ocrx_word' id='word_1_301' title='bbox 3343 1825 3614 1897; x_wconf 77' lang='grc' dir='ltr'>αἰσθητῶν</span> <span class='ocrx_word' id='word_1_302' title='bbox 3641 1825 3856 1897; x_wconf 84' lang='grc' dir='ltr'>ἐχθρῶν</span> <span class='ocrx_word' id='word_1_303' title='bbox 3878 1827 3947 1880; x_wconf 75' lang='grc' dir='ltr'>τὰ</span> 
     </span>
    </p>
   </div>
   <div class='ocr_carea' id='block_1_44' title="bbox 2369 1924 2651 1994">
    <p class='ocr_par' dir='ltr' id='par_1_44' title="bbox 2369 1924 2651 1994">
     <span class='ocr_line' id='line_1_44' title="bbox 2369 1924 2651 1994; baseline 0.004 -20"><span class='ocrx_word' id='word_1_304' title='bbox 2369 1924 2651 1994; x_wconf 80' lang='grc' dir='ltr'>λεγόμενα.</span> 
     </span>
    </p>
   </div>
   <div class='ocr_carea' id='block_1_45' title="bbox 2439 2007 3944 2081">
    <p class='ocr_par' dir='ltr' id='par_1_45' title="bbox 2439 2007 3944 2081">
     <span class='ocr_line' id='line_1_45' title="bbox 2439 2007 3944 2081; baseline -0.004 -13"><span class='ocrx_word' id='word_1_305' title='bbox 2439 2017 2665 2080; x_wconf 76' lang='grc' dir='ltr'>οἵτινες</span> <span class='ocrx_word' id='word_1_306' title='bbox 2711 2013 3068 2081; x_wconf 76' lang='grc' dir='ltr'>ἐλογίσαντο</span> <span class='ocrx_word' id='word_1_307' title='bbox 3112 2010 3350 2065; x_wconf 76' lang='grc' dir='ltr'>ἀδικίαν</span> <span class='ocrx_word' id='word_1_308' title='bbox 3390 2009 3459 2062; x_wconf 83' lang='grc' dir='ltr'>ἐν</span> <span class='ocrx_word' id='word_1_309' title='bbox 3501 2007 3750 2077; x_wconf 79' lang='grc' dir='ltr'>καρδίᾳ,</span> <span class='ocrx_word' id='word_1_310' title='bbox 3791 2007 3944 2074; x_wconf 75' lang='grc' dir='ltr'><strong>ὅλην</strong></span> 
     </span>
    </p>
   </div>
   <div class='ocr_carea' id='block_1_46' title="bbox 2365 2101 3945 2177">
    <p class='ocr_par' dir='ltr' id='par_1_46' title="bbox 2365 2101 3945 2177">
     <span class='ocr_line' id='line_1_46' title="bbox 2365 2101 3945 2177; baseline -0.006 -16"><span class='ocrx_word' id='word_1_311' title='bbox 2365 2108 2479 2177; x_wconf 79' lang='grc' dir='ltr'><strong>τὴν</strong></span> <span class='ocrx_word' id='word_1_312' title='bbox 2509 2107 2738 2176; x_wconf 75' lang='grc' dir='ltr'>ἡμέραν</span> <span class='ocrx_word' id='word_1_313' title='bbox 2777 2103 3168 2173; x_wconf 70' lang='grc' dir='ltr'>παρέτασσεν</span> <span class='ocrx_word' id='word_1_314' title='bbox 3198 2101 3516 2170; x_wconf 72' lang='grc' dir='ltr'>πολέμους.</span> <span class='ocrx_word' id='word_1_315' title='bbox 3547 2103 3621 2154; x_wconf 82' lang='grc' dir='ltr'><strong>Οὐ</strong></span> <span class='ocrx_word' id='word_1_316' title='bbox 3647 2102 3758 2172; x_wconf 89' lang='grc' dir='ltr'>γὰρ</span> <span class='ocrx_word' id='word_1_317' title='bbox 3785 2101 3945 2170; x_wconf 80' lang='grc' dir='ltr'>μόνον</span> 
     </span>
    </p>
   </div>
   <div class='ocr_carea' id='block_1_47' title="bbox 2364 2191 3944 2267">
    <p class='ocr_par' dir='ltr' id='par_1_47' title="bbox 2364 2191 3944 2267">
     <span class='ocr_line' id='line_1_47' title="bbox 2364 2191 3944 2267; baseline -0.002 -18"><span class='ocrx_word' id='word_1_318' title='bbox 2364 2200 2620 2267; x_wconf 84' lang='grc' dir='ltr'>πονηροῖς</span> <span class='ocrx_word' id='word_1_319' title='bbox 2670 2196 2970 2264; x_wconf 79' lang='grc' dir='ltr'>ἐχρήσαντο</span> <span class='ocrx_word' id='word_1_320' title='bbox 3021 2192 3321 2261; x_wconf 86' lang='grc' dir='ltr'>λογισμοῖς,</span> <span class='ocrx_word' id='word_1_321' title='bbox 3365 2191 3501 2244; x_wconf 86' lang='grc' dir='ltr'><strong>ἀλλά</strong></span> <span class='ocrx_word' id='word_1_322' title='bbox 3545 2193 3638 2244; x_wconf 79' lang='grc' dir='ltr'><strong>καὶ</strong></span> <span class='ocrx_word' id='word_1_323' title='bbox 3692 2194 3760 2246; x_wconf 75' lang='grc' dir='ltr'>τὰ</span> <span class='ocrx_word' id='word_1_324' title='bbox 3804 2192 3944 2264; x_wconf 76' lang='grc' dir='ltr'>ἔργα</span> 
     </span>
    </p>
   </div>
   <div class='ocr_carea' id='block_1_48' title="bbox 2364 2281 3941 2359">
    <p class='ocr_par' dir='ltr' id='par_1_48' title="bbox 2364 2281 3941 2359">
     <span class='ocr_line' id='line_1_48' title="bbox 2364 2281 3941 2359; baseline -0.003 -19"><span class='ocrx_word' id='word_1_325' title='bbox 2364 2286 2707 2359; x_wconf 79' lang='grc' dir='ltr'>προσέθηκαν</span> <span class='ocrx_word' id='word_1_326' title='bbox 2756 2287 2866 2348; x_wconf 88' lang='grc' dir='ltr'>τοῖς</span> <span class='ocrx_word' id='word_1_327' title='bbox 2909 2284 3204 2353; x_wconf 82' lang='grc' dir='ltr'>λογισμοῖς.</span> <span class='ocrx_word' id='word_1_328' title='bbox 3249 2283 3322 2335; x_wconf 84' lang='grc' dir='ltr'><strong>Τὸ</strong></span> <span class='ocrx_word' id='word_1_329' title='bbox 3353 2281 3439 2343; x_wconf 80' lang='grc' dir='ltr'><strong>δέ,</strong></span> <span class='ocrx_word' id='word_1_330' title='bbox 3467 2282 3624 2351; x_wconf 81' lang='grc' dir='ltr'><strong>ὅλην</strong></span> <span class='ocrx_word' id='word_1_331' title='bbox 3652 2283 3770 2350; x_wconf 76' lang='grc' dir='ltr'><strong>τὴν</strong></span> <span class='ocrx_word' id='word_1_332' title='bbox 3796 2285 3941 2353; x_wconf 79' lang='grc' dir='ltr'><strong>ὴμέ-</strong></span> 
     </span>
    </p>
   </div>
   <div class='ocr_carea' id='block_1_49' title="bbox 2355 2369 3937 2444">
    <p class='ocr_par' dir='ltr' id='par_1_49' title="bbox 2355 2369 3937 2444">
     <span class='ocr_line' id='line_1_49' title="bbox 2355 2369 3937 2444; baseline -0.001 -16"><span class='ocrx_word' id='word_1_333' title='bbox 2355 2393 2494 2444; x_wconf 79' lang='grc' dir='ltr'>ραν,</span> <span class='ocrx_word' id='word_1_334' title='bbox 2523 2376 2552 2428; x_wconf 96' lang='lat'><strong>6</strong></span> <span class='ocrx_word' id='word_1_335' title='bbox 2583 2374 2873 2444; x_wconf 82' lang='grc' dir='ltr'>Σύμμαχος</span> <span class='ocrx_word' id='word_1_336' title='bbox 2893 2413 2907 2436; x_wconf 92' lang='grc'><strong>,</strong></span> <span class='ocrx_word' id='word_1_337' title='bbox 2939 2371 3090 2425; x_wconf 81' lang='grc' dir='ltr'>κατὰ</span> <span class='ocrx_word' id='word_1_338' title='bbox 3115 2369 3323 2426; x_wconf 74' lang='grc' dir='ltr'>πᾶσαν</span> <span class='ocrx_word' id='word_1_339' title='bbox 3348 2371 3595 2440; x_wconf 76' lang='grc' dir='ltr'>ἡμέραν,</span> <span class='ocrx_word' id='word_1_340' title='bbox 3623 2374 3937 2444; x_wconf 83' lang='grc' dir='ltr'>ἐρμηνεύει.</span> 
     </span>
    </p>
   </div>
   <div class='ocr_carea' id='block_1_50' title="bbox 2443 2462 3934 2536">
    <p class='ocr_par' dir='ltr' id='par_1_50' title="bbox 2443 2462 3934 2536">
     <span class='ocr_line' id='line_1_50' title="bbox 2443 2462 3934 2536; baseline -0.001 -14"><span class='ocrx_word' id='word_1_341' title='bbox 2443 2468 2732 2536; x_wconf 82' lang='grc' dir='ltr'>Ἐχόμενα</span> <span class='ocrx_word' id='word_1_342' title='bbox 2763 2466 2999 2535; x_wconf 78' lang='grc' dir='ltr'>τρίϐους</span> <span class='ocrx_word' id='word_1_343' title='bbox 3027 2462 3344 2519; x_wconf 73' lang='grc' dir='ltr'>σκάνδαλα</span> <span class='ocrx_word' id='word_1_344' title='bbox 3367 2465 3574 2518; x_wconf 75' lang='grc' dir='ltr'>ἕθεντό</span> <span class='ocrx_word' id='word_1_345' title='bbox 3597 2483 3722 2534; x_wconf 81' lang='grc' dir='ltr'>μοι.</span> <span class='ocrx_word' id='word_1_346' title='bbox 3747 2466 3934 2520; x_wconf 78' lang='grc' dir='ltr'>Ταῦτα</span> 
     </span>
    </p>
   </div>
   <div class='ocr_carea' id='block_1_51' title="bbox 2360 2555 3942 2628">
    <p class='ocr_par' dir='ltr' id='par_1_51' title="bbox 2360 2555 3942 2628">
     <span class='ocr_line' id='line_1_51' title="bbox 2360 2555 3942 2628; baseline -0.002 -17"><span class='ocrx_word' id='word_1_347' title='bbox 2360 2559 2568 2620; x_wconf 83' lang='grc' dir='ltr'>πάντα,</span> <span class='ocrx_word' id='word_1_348' title='bbox 2601 2559 2794 2628; x_wconf 75' lang='grc' dir='ltr'>φησὶν,</span> <span class='ocrx_word' id='word_1_349' title='bbox 2823 2558 3058 2618; x_wconf 85' lang='grc' dir='ltr'>ἐποίουν,</span> <span class='ocrx_word' id='word_1_350' title='bbox 3090 2557 3177 2608; x_wconf 90' lang='grc' dir='ltr'><strong>ῖνα</strong></span> <span class='ocrx_word' id='word_1_351' title='bbox 3216 2555 3306 2606; x_wconf 83' lang='grc' dir='ltr'><strong>τὸν</strong></span> <span class='ocrx_word' id='word_1_352' title='bbox 3347 2555 3543 2624; x_wconf 79' lang='grc' dir='ltr'>δρόμον</span> <span class='ocrx_word' id='word_1_353' title='bbox 3574 2559 3814 2620; x_wconf 76' lang='grc' dir='ltr'>στήσωσι</span> <span class='ocrx_word' id='word_1_354' title='bbox 3843 2559 3942 2627; x_wconf 79' lang='grc' dir='ltr'>τῆς</span> 
     </span>
    </p>
   </div>
   <div class='ocr_carea' id='block_1_52' title="bbox 2360 2643 3939 2716">
    <p class='ocr_par' dir='ltr' id='par_1_52' title="bbox 2360 2643 3939 2716">
     <span class='ocr_line' id='line_1_52' title="bbox 2360 2643 3939 2716; baseline -0.002 -15"><span class='ocrx_word' id='word_1_355' title='bbox 2360 2649 2500 2701; x_wconf 79' lang='grc' dir='ltr'>κατὰ</span> <span class='ocrx_word' id='word_1_356' title='bbox 2539 2647 2670 2700; x_wconf 82' lang='grc' dir='ltr'>Θεὸν</span> <span class='ocrx_word' id='word_1_357' title='bbox 2721 2646 2963 2716; x_wconf 87' lang='grc' dir='ltr'>πορείας,</span> <span class='ocrx_word' id='word_1_358' title='bbox 3004 2644 3130 2707; x_wconf 75' lang='grc' dir='ltr'>τοὺς</span> <span class='ocrx_word' id='word_1_359' title='bbox 3163 2643 3327 2707; x_wconf 86' lang='grc' dir='ltr'>πόδας</span> <span class='ocrx_word' id='word_1_360' title='bbox 3359 2643 3524 2697; x_wconf 76' lang='grc' dir='ltr'>αὐτοῦ</span> <span class='ocrx_word' id='word_1_361' title='bbox 3554 2646 3750 2714; x_wconf 84' lang='grc' dir='ltr'>παγίσι</span> <span class='ocrx_word' id='word_1_362' title='bbox 3784 2663 3939 2715; x_wconf 87' lang='grc' dir='ltr'>περι-</span> 
     </span>
    </p>
   </div>
   <div class='ocr_carea' id='block_1_53' title="bbox 2360 2732 3940 2806">
    <p class='ocr_par' dir='ltr' id='par_1_53' title="bbox 2360 2732 3940 2806">
     <span class='ocr_line' id='line_1_53' title="bbox 2360 2732 3940 2806; baseline 0.001 -18"><span class='ocrx_word' id='word_1_363' title='bbox 2360 2737 2667 2801; x_wconf 74' lang='grc' dir='ltr'>ϐάλλοντες,</span> <span class='ocrx_word' id='word_1_364' title='bbox 2714 2736 2802 2788; x_wconf 79' lang='grc' dir='ltr'>ἵνα</span> <span class='ocrx_word' id='word_1_365' title='bbox 2831 2735 2930 2806; x_wconf 84' lang='grc' dir='ltr'>τῆς</span> <span class='ocrx_word' id='word_1_366' title='bbox 2977 2735 3034 2787; x_wconf 88' lang='grc' dir='ltr'><strong>ἐν</strong></span> <span class='ocrx_word' id='word_1_367' title='bbox 3073 2732 3191 2804; x_wconf 85' lang='grc' dir='ltr'>Θεῷ</span> <span class='ocrx_word' id='word_1_368' title='bbox 3237 2735 3476 2798; x_wconf 77' lang='grc' dir='ltr'>στάσεως</span> <span class='ocrx_word' id='word_1_369' title='bbox 3502 2735 3662 2790; x_wconf 76' lang='grc' dir='ltr'>αὑτὸν</span> <span class='ocrx_word' id='word_1_370' title='bbox 3698 2737 3940 2790; x_wconf 80' lang='grc' dir='ltr'>καταεά-</span> 
     </span>
    </p>
   </div>
   <div class='ocr_carea' id='block_1_54' title="bbox 2358 2845 2539 2881">
    <p class='ocr_par' dir='ltr' id='par_1_54' title="bbox 2358 2845 2539 2881">
     <span class='ocr_line' id='line_1_54' title="bbox 2358 2845 2539 2881; baseline 0 -1"><span class='ocrx_word' id='word_1_371' title='bbox 2358 2845 2539 2881; x_wconf 73' lang='grc' dir='ltr'>Λωσιν.</span> 
     </span>
    </p>
   </div>
   <div class='ocr_carea' id='block_1_55' title="bbox 2427 2917 3936 2989">
    <p class='ocr_par' dir='ltr' id='par_1_55' title="bbox 2427 2917 3936 2989">
     <span class='ocr_line' id='line_1_55' title="bbox 2427 2917 3936 2989; baseline -0.001 -16"><span class='ocrx_word' id='word_1_372' title='bbox 2427 2924 2482 2974; x_wconf 85' lang='grc' dir='ltr'><em>Μ</em></span> <span class='ocrx_word' id='word_1_373' title='bbox 2491 2921 2522 2988; x_wconf 71' lang='grc' dir='ltr'>ὴ</span> <span class='ocrx_word' id='word_1_374' title='bbox 2554 2917 2830 2987; x_wconf 80' lang='grc' dir='ltr'>παραδῷς</span> <span class='ocrx_word' id='word_1_375' title='bbox 2849 2934 2947 2987; x_wconf 79' lang='grc' dir='ltr'>με,</span> <span class='ocrx_word' id='word_1_376' title='bbox 2972 2918 3168 2984; x_wconf 79' lang='grc' dir='ltr'>Κύριε,</span> <span class='ocrx_word' id='word_1_377' title='bbox 3198 2917 3316 2970; x_wconf 77' lang='grc' dir='ltr'>ἀπὸ</span> <span class='ocrx_word' id='word_1_378' title='bbox 3341 2917 3449 2985; x_wconf 84' lang='grc' dir='ltr'>τῆς</span> <span class='ocrx_word' id='word_1_379' title='bbox 3475 2918 3936 2989; x_wconf 72' lang='grc' dir='ltr'>ἐπιθυμίας-,μου</span> 
     </span>
    </p>
   </div>
   <div class='ocr_carea' id='block_1_56' title="bbox 690 3006 2250 3082">
    <p class='ocr_par' dir='ltr' id='par_1_56' title="bbox 690 3006 2250 3077">
     <span class='ocr_line' id='line_1_56' title="bbox 690 3006 2250 3077; baseline 0.003 -17"><span class='ocrx_word' id='word_1_380' title='bbox 690 3008 880 3061; x_wconf 86' lang='lat' dir='ltr'><strong>catori.</strong></span> <span class='ocrx_word' id='word_1_381' title='bbox 937 3006 1072 3076; x_wconf 73' lang='lat' dir='ltr'><strong>Ego,</strong></span> <span class='ocrx_word' id='word_1_382' title='bbox 1125 3008 1323 3077; x_wconf 89' lang='lat' dir='ltr'><strong>inquit,</strong></span> <span class='ocrx_word' id='word_1_383' title='bbox 1357 3007 1605 3076; x_wconf 88' lang='lat' dir='ltr'><strong>Domine,</strong></span> <span class='ocrx_word' id='word_1_384' title='bbox 1652 3011 1883 3065; x_wconf 89' lang='lat' dir='ltr'><strong>salutem</strong></span> <span class='ocrx_word' id='word_1_385' title='bbox 1936 3020 2151 3074; x_wconf 80' lang='lat' dir='ltr'><strong>expeto,</strong></span> <span class='ocrx_word' id='word_1_386' title='bbox 2189 3026 2250 3064; x_wconf 88' lang='lat' dir='ltr'><strong>ne</strong></span> 
     </span>
    </p>
   </div>
   <div class='ocr_carea' id='block_1_57' title="bbox 2350 3006 3937 3082">
    <p class='ocr_par' dir='ltr' id='par_1_57' title="bbox 2356 3007 3937 3082">
     <span class='ocr_line' id='line_1_57' title="bbox 2356 3007 3937 3082; baseline 0.001 -19"><span class='ocrx_word' id='word_1_387' title='bbox 2356 3009 2700 3080; x_wconf 76' lang='grc' dir='ltr'>ἁμαρτωλῷ.</span> <span class='ocrx_word' id='word_1_388' title='bbox 2739 3008 2915 3078; x_wconf 87' lang='grc' dir='ltr'>Ἐγὼ,</span> <span class='ocrx_word' id='word_1_389' title='bbox 2945 3009 3098 3079; x_wconf 70' lang='grc' dir='ltr'>φησὶ,</span> <span class='ocrx_word' id='word_1_390' title='bbox 3137 3007 3308 3079; x_wconf 80' lang='grc' dir='ltr'>Κύριε</span> <span class='ocrx_word' id='word_1_391' title='bbox 3345 3008 3634 3080; x_wconf 76' lang='grc' dir='ltr'>ἐπιθυμίαν</span> <span class='ocrx_word' id='word_1_392' title='bbox 3680 3011 3937 3082; x_wconf 84' lang='grc' dir='ltr'>ἐπιθυμῶ</span> 
     </span>
    </p>
   </div>
   <div class='ocr_carea' id='block_1_58' title="bbox 690 3094 2250 3172">
    <p class='ocr_par' dir='ltr' id='par_1_58' title="bbox 690 3099 2250 3171">
     <span class='ocr_line' id='line_1_58' title="bbox 690 3099 2250 3171; baseline 0.003 -18"><span class='ocrx_word' id='word_1_393' title='bbox 690 3099 856 3168; x_wconf 84' lang='lat' dir='ltr'><strong>igitur</strong></span> <span class='ocrx_word' id='word_1_394' title='bbox 887 3100 1233 3171; x_wconf 81' lang='lat' dir='ltr'><strong>derelinquas</strong></span> <span class='ocrx_word' id='word_1_395' title='bbox 1281 3117 1389 3168; x_wconf 87' lang='lat' dir='ltr'><strong>me,</strong></span> <span class='ocrx_word' id='word_1_396' title='bbox 1448 3117 1515 3154; x_wconf 90' lang='lat' dir='ltr'><strong>ne</strong></span> <span class='ocrx_word' id='word_1_397' title='bbox 1556 3119 1622 3155; x_wconf 76' lang='lat' dir='ltr'><strong>ex</strong></span> <span class='ocrx_word' id='word_1_398' title='bbox 1669 3101 1770 3155; x_wconf 87' lang='lat' dir='ltr'><strong>hac</strong></span> <span class='ocrx_word' id='word_1_399' title='bbox 1817 3103 1903 3156; x_wconf 78' lang='lat' dir='ltr'><strong>via</strong></span> <span class='ocrx_word' id='word_1_400' title='bbox 1938 3101 2250 3157; x_wconf 84' lang='lat' dir='ltr'><strong>deturbatus</strong></span> 
     </span>
    </p>
   </div>
   <div class='ocr_carea' id='block_1_59' title="bbox 2350 3094 3936 3172">
    <p class='ocr_par' dir='ltr' id='par_1_59' title="bbox 2359 3094 3936 3172">
     <span class='ocr_line' id='line_1_59' title="bbox 2359 3094 3936 3172; baseline 0 -18"><span class='ocrx_word' id='word_1_401' title='bbox 2359 3101 2650 3172; x_wconf 80' lang='grc' dir='ltr'>σωτηρίας·</span> <span class='ocrx_word' id='word_1_402' title='bbox 2707 3099 2782 3171; x_wconf 79' lang='grc' dir='ltr'>μὴ</span> <span class='ocrx_word' id='word_1_403' title='bbox 2826 3094 2921 3154; x_wconf 81' lang='grc' dir='ltr'><strong>οὖν</strong></span> <span class='ocrx_word' id='word_1_404' title='bbox 2967 3096 3366 3171; x_wconf 80' lang='grc' dir='ltr'>ἐγκαταλείπῃς</span> <span class='ocrx_word' id='word_1_405' title='bbox 3420 3115 3508 3169; x_wconf 91' lang='grc' dir='ltr'><strong>με,</strong></span> <span class='ocrx_word' id='word_1_406' title='bbox 3539 3097 3681 3152; x_wconf 83' lang='grc' dir='ltr'>ὥστε</span> <span class='ocrx_word' id='word_1_407' title='bbox 3731 3101 3936 3172; x_wconf 74' lang='grc' dir='ltr'>ταύτης</span> 
     </span>
    </p>
   </div>
   <div class='ocr_carea' id='block_1_60' title="bbox 689 3188 2250 3264">
    <p class='ocr_par' dir='ltr' id='par_1_60' title="bbox 689 3191 2250 3264">
     <span class='ocr_line' id='line_1_60' title="bbox 689 3191 2250 3264; baseline 0.002 -19"><span class='ocrx_word' id='word_1_408' title='bbox 689 3191 874 3245; x_wconf 88' lang='lat' dir='ltr'><strong>tradar</strong></span> <span class='ocrx_word' id='word_1_409' title='bbox 922 3193 1240 3261; x_wconf 83' lang='lat' dir='ltr'><strong>peeeatori,</strong></span> <span class='ocrx_word' id='word_1_410' title='bbox 1303 3193 1511 3247; x_wconf 88' lang='lat' dir='ltr'><strong>scilicet</strong></span> <span class='ocrx_word' id='word_1_411' title='bbox 1575 3194 1813 3250; x_wconf 88' lang='lat' dir='ltr'><strong>diabolo.</strong></span> <span class='ocrx_word' id='word_1_412' title='bbox 1882 3192 2250 3264; x_wconf 82' lang='lat' dir='ltr'><strong>Cogitaverunt</strong></span> 
     </span>
    </p>
   </div>
   <div class='ocr_carea' id='block_1_61' title="bbox 2350 3188 3936 3264">
    <p class='ocr_par' dir='ltr' id='par_1_61' title="bbox 2357 3188 3936 3263">
     <span class='ocr_line' id='line_1_61' title="bbox 2357 3188 3936 3263; baseline 0.001 -20"><span class='ocrx_word' id='word_1_413' title='bbox 2357 3190 2783 3263; x_wconf 83' lang='grc' dir='ltr'>παρατραπέντα</span> <span class='ocrx_word' id='word_1_414' title='bbox 2802 3188 3172 3259; x_wconf 79' lang='grc' dir='ltr'>παραδοθῆναι</span> <span class='ocrx_word' id='word_1_415' title='bbox 3205 3188 3529 3259; x_wconf 79' lang='grc' dir='ltr'>ἁμαρτωλῷ,</span> <span class='ocrx_word' id='word_1_416' title='bbox 3557 3190 3676 3261; x_wconf 72' lang='grc' dir='ltr'>ἦτοι</span> <span class='ocrx_word' id='word_1_417' title='bbox 3709 3189 3790 3261; x_wconf 83' lang='grc' dir='ltr'>τῷ</span> <span class='ocrx_word' id='word_1_418' title='bbox 3822 3191 3936 3244; x_wconf 87' lang='grc' dir='ltr'>δια-</span> 
     </span>
    </p>
   </div>
   <div class='ocr_carea' id='block_1_62' title="bbox 689 3278 2250 3356">
    <p class='ocr_par' dir='ltr' id='par_1_62' title="bbox 689 3281 2250 3354">
     <span class='ocr_line' id='line_1_62' title="bbox 689 3281 2250 3354; baseline 0.004 -21"><span class='ocrx_word' id='word_1_419' title='bbox 689 3290 874 3335; x_wconf 72' lang='lat' dir='ltr'><strong>contra</strong></span> <span class='ocrx_word' id='word_1_420' title='bbox 894 3298 995 3345; x_wconf 88' lang='lat' dir='ltr'><strong>me,</strong></span> <span class='ocrx_word' id='word_1_421' title='bbox 1035 3298 1098 3335; x_wconf 86' lang='lat' dir='ltr'><strong>ne</strong></span> <span class='ocrx_word' id='word_1_422' title='bbox 1148 3281 1480 3352; x_wconf 81' lang='lat' dir='ltr'><strong>derelinquas</strong></span> <span class='ocrx_word' id='word_1_423' title='bbox 1513 3301 1592 3337; x_wconf 85' lang='lat' dir='ltr'><strong>me</strong></span> <span class='ocrx_word' id='word_1_424' title='bbox 1649 3301 1712 3338; x_wconf 81' lang='lat' dir='ltr'><strong>ne</strong></span> <span class='ocrx_word' id='word_1_425' title='bbox 1749 3286 1884 3354; x_wconf 84' lang='lat' dir='ltr'><strong>forte</strong></span> <span class='ocrx_word' id='word_1_426' title='bbox 1931 3285 2250 3339; x_wconf 66' lang='lat' dir='ltr'><strong>excitentur.</strong></span> 
     </span>
    </p>
   </div>
   <div class='ocr_carea' id='block_1_63' title="bbox 2350 3278 3936 3356">
    <p class='ocr_par' dir='ltr' id='par_1_63' title="bbox 2356 3278 3936 3356">
     <span class='ocr_line' id='line_1_63' title="bbox 2356 3278 3936 3356; baseline -0.001 -19"><span class='ocrx_word' id='word_1_427' title='bbox 2356 3285 2512 3356; x_wconf 81' lang='grc' dir='ltr'>δόλῳ.</span> <span class='ocrx_word' id='word_1_428' title='bbox 2543 3283 2963 3350; x_wconf 77' lang='grc' dir='ltr'>Διελογίσαγτο</span> <span class='ocrx_word' id='word_1_429' title='bbox 3008 3281 3135 3333; x_wconf 81' lang='grc' dir='ltr'>κατ’</span> <span class='ocrx_word' id='word_1_430' title='bbox 3173 3279 3339 3348; x_wconf 80' lang='grc' dir='ltr'>ἐμοῦ·</span> <span class='ocrx_word' id='word_1_431' title='bbox 3373 3278 3458 3349; x_wconf 80' lang='grc' dir='ltr'><strong>μὴ</strong></span> <span class='ocrx_word' id='word_1_432' title='bbox 3490 3280 3936 3350; x_wconf 73' lang='grc' dir='ltr'>ἐγκαταλείκῃς</span> 
     </span>
    </p>
   </div>
   <div class='ocr_carea' id='block_1_64' title="bbox 692 3370 2250 3448">
    <p class='ocr_par' dir='ltr' id='par_1_64' title="bbox 692 3372 2250 3448">
     <span class='ocr_line' id='line_1_64' title="bbox 692 3372 2250 3448; baseline 0.004 -22"><span class='ocrx_word' id='word_1_433' title='bbox 692 3372 806 3427; x_wconf 84' lang='lat' dir='ltr'><strong>Sub</strong></span> <span class='ocrx_word' id='word_1_434' title='bbox 839 3381 1147 3444; x_wconf 82' lang='lat' dir='ltr'><strong>tegumenta</strong></span> <span class='ocrx_word' id='word_1_435' title='bbox 1191 3374 1399 3430; x_wconf 88' lang='lat' dir='ltr'><strong>alarum</strong></span> <span class='ocrx_word' id='word_1_436' title='bbox 1447 3378 1568 3445; x_wconf 86' lang='lat' dir='ltr'><strong>ejus</strong></span> <span class='ocrx_word' id='word_1_437' title='bbox 1614 3376 1824 3448; x_wconf 77' lang='lat' dir='ltr'><strong>contegi</strong></span> <span class='ocrx_word' id='word_1_438' title='bbox 1861 3387 2034 3448; x_wconf 83' lang='lat' dir='ltr'><strong>rogat,</strong></span> <span class='ocrx_word' id='word_1_439' title='bbox 2073 3387 2126 3433; x_wconf 90' lang='lat' dir='ltr'><strong>et</strong></span> <span class='ocrx_word' id='word_1_440' title='bbox 2153 3380 2250 3434; x_wconf 89' lang='lat' dir='ltr'><strong>sub</strong></span> 
     </span>
    </p>
   </div>
   <div class='ocr_carea' id='block_1_65' title="bbox 2350 3370 3936 3448">
    <p class='ocr_par' dir='ltr' id='par_1_65' title="bbox 2350 3370 3936 3446">
     <span class='ocr_line' id='line_1_65' title="bbox 2350 3370 3936 3446; baseline -0.001 -18"><span class='ocrx_word' id='word_1_441' title='bbox 2350 3394 2447 3446; x_wconf 84' lang='grc' dir='ltr'>με,</span> <span class='ocrx_word' id='word_1_442' title='bbox 2478 3375 2710 3444; x_wconf 81' lang='grc' dir='ltr'>μήποτε</span> <span class='ocrx_word' id='word_1_443' title='bbox 2757 3370 3096 3442; x_wconf 52' lang='lat' dir='ltr'><strong>eameam».</strong></span> <span class='ocrx_word' id='word_1_444' title='bbox 3144 3371 3232 3425; x_wconf 86' lang='grc' dir='ltr'>Ἐν</span> <span class='ocrx_word' id='word_1_445' title='bbox 3267 3371 3444 3444; x_wconf 81' lang='grc' dir='ltr'>σκέπῃ</span> <span class='ocrx_word' id='word_1_446' title='bbox 3487 3371 3596 3425; x_wconf 84' lang='grc' dir='ltr'><strong>τῶν</strong></span> <span class='ocrx_word' id='word_1_447' title='bbox 3641 3375 3936 3445; x_wconf 82' lang='grc' dir='ltr'>πτερύγων</span> 
     </span>
    </p>
   </div>
   <div class='ocr_carea' id='block_1_66' title="bbox 688 3461 2250 3540">
    <p class='ocr_par' dir='ltr' id='par_1_66' title="bbox 688 3466 2250 3540">
     <span class='ocr_line' id='line_1_66' title="bbox 688 3466 2250 3540; baseline 0.003 -20"><span class='ocrx_word' id='word_1_448' title='bbox 688 3466 891 3534; x_wconf 86' lang='lat' dir='ltr'><strong>potenti</strong></span> <span class='ocrx_word' id='word_1_449' title='bbox 929 3482 1094 3521; x_wconf 90' lang='lat' dir='ltr'><strong>manu</strong></span> <span class='ocrx_word' id='word_1_450' title='bbox 1127 3469 1266 3537; x_wconf 87' lang='lat' dir='ltr'><strong>ejus,</strong></span> <span class='ocrx_word' id='word_1_451' title='bbox 1297 3483 1326 3520; x_wconf 89' lang='lat' dir='ltr'><strong>a</strong></span> <span class='ocrx_word' id='word_1_452' title='bbox 1358 3482 1462 3536; x_wconf 88' lang='lat' dir='ltr'><strong>qua</strong></span> <span class='ocrx_word' id='word_1_453' title='bbox 1505 3483 1664 3523; x_wconf 90' lang='lat' dir='ltr'><strong>nemo</strong></span> <span class='ocrx_word' id='word_1_454' title='bbox 1696 3470 1903 3538; x_wconf 88' lang='lat' dir='ltr'><strong>eripere</strong></span> <span class='ocrx_word' id='word_1_455' title='bbox 1936 3480 2152 3540; x_wconf 88' lang='lat' dir='ltr'><strong>potest;</strong></span> <span class='ocrx_word' id='word_1_456' title='bbox 2186 3485 2250 3524; x_wconf 90' lang='lat' dir='ltr'><strong>ne</strong></span> 
     </span>
    </p>
   </div>
   <div class='ocr_carea' id='block_1_67' title="bbox 2350 3461 3936 3540">
    <p class='ocr_par' dir='ltr' id='par_1_67' title="bbox 2354 3461 3936 3536">
     <span class='ocr_line' id='line_1_67' title="bbox 2354 3461 3936 3536; baseline -0.002 -15"><span class='ocrx_word' id='word_1_457' title='bbox 2354 3467 2517 3521; x_wconf 84' lang='grc' dir='ltr'>αὑτοῦ</span> <span class='ocrx_word' id='word_1_458' title='bbox 2547 3465 2686 3530; x_wconf 81' lang='grc' dir='ltr'>ἀξιοῖ</span> <span class='ocrx_word' id='word_1_459' title='bbox 2715 3463 3109 3535; x_wconf 78' lang='grc' dir='ltr'>σκεπασθῆναι,</span> <span class='ocrx_word' id='word_1_460' title='bbox 3143 3463 3239 3517; x_wconf 77' lang='grc' dir='ltr'>καὶ</span> <span class='ocrx_word' id='word_1_461' title='bbox 3273 3463 3377 3516; x_wconf 83' lang='grc' dir='ltr'><strong>ὑπὸ</strong></span> <span class='ocrx_word' id='word_1_462' title='bbox 3411 3461 3509 3534; x_wconf 79' lang='grc' dir='ltr'>τὴν</span> <span class='ocrx_word' id='word_1_463' title='bbox 3535 3466 3810 3536; x_wconf 79' lang='grc' dir='ltr'>κραταιὰν</span> <span class='ocrx_word' id='word_1_464' title='bbox 3838 3467 3936 3520; x_wconf 82' lang='grc' dir='ltr'>αύ-</span> 
     </span>
    </p>
   </div>
   <div class='ocr_carea' id='block_1_68' title="bbox 686 3559 2178 3633">
    <p class='ocr_par' dir='ltr' id='par_1_68' title="bbox 686 3559 2178 3633">
     <span class='ocr_line' id='line_1_68' title="bbox 686 3559 2178 3633; baseline 0.003 -23"><span class='ocrx_word' id='word_1_465' title='bbox 686 3559 871 3626; x_wconf 88' lang='lat' dir='ltr'><strong>itaque</strong></span> <span class='ocrx_word' id='word_1_466' title='bbox 907 3567 966 3610; x_wconf 90' lang='lat' dir='ltr'><strong>ut</strong></span> <span class='ocrx_word' id='word_1_467' title='bbox 1007 3559 1060 3612; x_wconf 89' lang='lat' dir='ltr'><strong>in</strong></span> <span class='ocrx_word' id='word_1_468' title='bbox 1097 3559 1204 3612; x_wconf 81' lang='lat' dir='ltr'><strong>alia</strong></span> <span class='ocrx_word' id='word_1_469' title='bbox 1227 3559 1468 3629; x_wconf 87' lang='lat' dir='ltr'><strong>qualibet</strong></span> <span class='ocrx_word' id='word_1_470' title='bbox 1507 3575 1564 3614; x_wconf 90' lang='lat' dir='ltr'><strong>re</strong></span> <span class='ocrx_word' id='word_1_471' title='bbox 1596 3561 1882 3633; x_wconf 82' lang='lat' dir='ltr'><strong>magniﬁce</strong></span> <span class='ocrx_word' id='word_1_472' title='bbox 1920 3563 2178 3617; x_wconf 86' lang='lat' dir='ltr'><strong>sentiant.</strong></span> 
     </span>
    </p>
   </div>
   <div class='ocr_carea' id='block_1_69' title="bbox 759 3734 2247 3806">
    <p class='ocr_par' dir='ltr' id='par_1_69' title="bbox 759 3734 2247 3806">
     <span class='ocr_line' id='line_1_69' title="bbox 759 3734 2247 3806; baseline 0.003 -18"><span class='ocrx_word' id='word_1_473' title='bbox 759 3734 843 3789; x_wconf 76' lang='lat' dir='ltr'><strong>l0.</strong></span> <span class='ocrx_word' id='word_1_474' title='bbox 907 3734 1076 3806; x_wconf 78' lang='lat' dir='ltr'><strong>Caput</strong></span> <span class='ocrx_word' id='word_1_475' title='bbox 1109 3739 1358 3793; x_wconf 79' lang='lat' dir='ltr'><strong>circuitus</strong></span> <span class='ocrx_word' id='word_1_476' title='bbox 1387 3756 1588 3804; x_wconf 86' lang='lat' dir='ltr'><strong>eorum,</strong></span> <span class='ocrx_word' id='word_1_477' title='bbox 1633 3741 1803 3806; x_wconf 84' lang='lat' dir='ltr'><strong>labor,</strong></span> <span class='ocrx_word' id='word_1_478' title='bbox 1833 3747 1938 3794; x_wconf 87' lang='lat' dir='ltr'><strong>etc.</strong></span> <span class='ocrx_word' id='word_1_479' title='bbox 1989 3739 2046 3792; x_wconf 80' lang='lat' dir='ltr'><strong>in</strong></span> <span class='ocrx_word' id='word_1_480' title='bbox 2081 3738 2247 3806; x_wconf 85' lang='lat' dir='ltr'><strong>ipsos,</strong></span> 
     </span>
    </p>
   </div>
   <div class='ocr_carea' id='block_1_70' title="bbox 683 3825 2248 3898">
    <p class='ocr_par' dir='ltr' id='par_1_70' title="bbox 683 3825 2248 3898">
     <span class='ocr_line' id='line_1_70' title="bbox 683 3825 2248 3898; baseline 0.001 -19"><span class='ocrx_word' id='word_1_481' title='bbox 683 3826 881 3896; x_wconf 88' lang='lat' dir='ltr'><strong>inquit,</strong></span> <span class='ocrx_word' id='word_1_482' title='bbox 912 3825 1118 3880; x_wconf 85' lang='lat' dir='ltr'><strong>recidat</strong></span> <span class='ocrx_word' id='word_1_483' title='bbox 1143 3828 1432 3882; x_wconf 85' lang='lat' dir='ltr'><strong>consilium</strong></span> <span class='ocrx_word' id='word_1_484' title='bbox 1467 3843 1680 3883; x_wconf 91' lang='lat' dir='ltr'><strong>eorum.</strong></span> <span class='ocrx_word' id='word_1_485' title='bbox 1712 3827 1827 3883; x_wconf 84' lang='lat' dir='ltr'><strong>Hoc</strong></span> <span class='ocrx_word' id='word_1_486' title='bbox 1853 3829 1998 3883; x_wconf 89' lang='lat' dir='ltr'><strong>enim</strong></span> <span class='ocrx_word' id='word_1_487' title='bbox 2034 3827 2248 3898; x_wconf 84' lang='lat' dir='ltr'><strong>signiti-</strong></span> 
     </span>
    </p>
   </div>
   <div class='ocr_carea' id='block_1_71' title="bbox 680 3919 2248 3992">
    <p class='ocr_par' dir='ltr' id='par_1_71' title="bbox 680 3919 2248 3992">
     <span class='ocr_line' id='line_1_71' title="bbox 680 3919 2248 3992; baseline 0.002 -20"><span class='ocrx_word' id='word_1_488' title='bbox 680 3927 790 3982; x_wconf 90' lang='lat' dir='ltr'><strong>cat,</strong></span> <span class='ocrx_word' id='word_1_489' title='bbox 836 3927 999 3988; x_wconf 91' lang='lat' dir='ltr'><strong>caput</strong></span> <span class='ocrx_word' id='word_1_490' title='bbox 1047 3919 1309 3975; x_wconf 85' lang='lat' dir='ltr'><strong>circuitus</strong></span> <span class='ocrx_word' id='word_1_491' title='bbox 1337 3937 1548 3976; x_wconf 90' lang='lat' dir='ltr'><strong>eorum.</strong></span> <span class='ocrx_word' id='word_1_492' title='bbox 1595 3921 1771 3990; x_wconf 83' lang='lat' dir='ltr'><strong>Caput</strong></span> <span class='ocrx_word' id='word_1_493' title='bbox 1803 3923 1948 3976; x_wconf 88' lang='lat' dir='ltr'><strong>enim</strong></span> <span class='ocrx_word' id='word_1_494' title='bbox 1996 3930 2248 3992; x_wconf 86' lang='lat' dir='ltr'><strong>peccato-</strong></span> 
     </span>
    </p>
   </div>
   <div class='ocr_carea' id='block_1_72' title="bbox 681 4011 2247 4084">
    <p class='ocr_par' dir='ltr' id='par_1_72' title="bbox 681 4011 2247 4084">
     <span class='ocr_line' id='line_1_72' title="bbox 681 4011 2247 4084; baseline 0.004 -21"><span class='ocrx_word' id='word_1_495' title='bbox 681 4024 802 4064; x_wconf 85' lang='lat' dir='ltr'><strong>rum</strong></span> <span class='ocrx_word' id='word_1_496' title='bbox 828 4018 912 4065; x_wconf 89' lang='lat' dir='ltr'><strong>est</strong></span> <span class='ocrx_word' id='word_1_497' title='bbox 937 4011 1191 4081; x_wconf 92' lang='lat' dir='ltr'><strong>cogitatio</strong></span> <span class='ocrx_word' id='word_1_498' title='bbox 1230 4021 1285 4067; x_wconf 89' lang='lat' dir='ltr'><strong>et</strong></span> <span class='ocrx_word' id='word_1_499' title='bbox 1310 4028 1527 4068; x_wconf 84' lang='lat' dir='ltr'><strong>sensus.</strong></span> <span class='ocrx_word' id='word_1_500' title='bbox 1559 4013 1884 4070; x_wconf 89' lang='lat' dir='ltr'><strong>lnsidiarum</strong></span> <span class='ocrx_word' id='word_1_501' title='bbox 1921 4015 2120 4084; x_wconf 89' lang='lat' dir='ltr'><strong>quibus</strong></span> <span class='ocrx_word' id='word_1_502' title='bbox 2162 4030 2247 4070; x_wconf 90' lang='lat' dir='ltr'><strong>me</strong></span> 
     </span>
    </p>
   </div>
   <div class='ocr_carea' id='block_1_73' title="bbox 678 4105 2242 4177">
    <p class='ocr_par' dir='ltr' id='par_1_73' title="bbox 678 4105 2242 4177">
     <span class='ocr_line' id='line_1_73' title="bbox 678 4105 2242 4177; baseline 0.001 -18"><span class='ocrx_word' id='word_1_503' title='bbox 678 4105 1156 4160; x_wconf 88' lang='lat' dir='ltr'><strong>circumdederunt</strong></span> <span class='ocrx_word' id='word_1_504' title='bbox 1197 4106 1526 4176; x_wconf 89' lang='lat' dir='ltr'><strong>principium</strong></span> <span class='ocrx_word' id='word_1_505' title='bbox 1568 4115 1624 4162; x_wconf 90' lang='lat' dir='ltr'><strong>et</strong></span> <span class='ocrx_word' id='word_1_506' title='bbox 1672 4117 1854 4177; x_wconf 90' lang='lat' dir='ltr'><strong>caput,</strong></span> <span class='ocrx_word' id='word_1_507' title='bbox 1914 4108 2024 4162; x_wconf 89' lang='lat' dir='ltr'><strong>imo</strong></span> <span class='ocrx_word' id='word_1_508' title='bbox 2081 4108 2242 4161; x_wconf 89' lang='lat' dir='ltr'><strong>etiam</strong></span> 
     </span>
    </p>
   </div>
   <div class='ocr_carea' id='block_1_74' title="bbox 677 4195 2243 4269">
    <p class='ocr_par' dir='ltr' id='par_1_74' title="bbox 677 4195 2243 4269">
     <span class='ocr_line' id='line_1_74' title="bbox 677 4195 2243 4269; baseline 0.004 -21"><span class='ocrx_word' id='word_1_509' title='bbox 677 4195 994 4266; x_wconf 79' lang='lat' dir='ltr'><strong>defatigatio</strong></span> <span class='ocrx_word' id='word_1_510' title='bbox 1038 4207 1092 4250; x_wconf 90' lang='lat' dir='ltr'><strong>et</strong></span> <span class='ocrx_word' id='word_1_511' title='bbox 1135 4198 1290 4251; x_wconf 88' lang='lat' dir='ltr'><strong>labor</strong></span> <span class='ocrx_word' id='word_1_512' title='bbox 1319 4199 1562 4269; x_wconf 89' lang='lat' dir='ltr'><strong>ipsorum</strong></span> <span class='ocrx_word' id='word_1_513' title='bbox 1597 4199 1884 4254; x_wconf 87' lang='lat' dir='ltr'><strong>adversum</strong></span> <span class='ocrx_word' id='word_1_514' title='bbox 1930 4215 2016 4253; x_wconf 88' lang='lat' dir='ltr'><strong>me</strong></span> <span class='ocrx_word' id='word_1_515' title='bbox 2052 4214 2243 4254; x_wconf 80' lang='lat' dir='ltr'><strong>susce-</strong></span> 
     </span>
    </p>
   </div>
   <div class='ocr_carea' id='block_1_75' title="bbox 676 4288 2241 4365">
    <p class='ocr_par' dir='ltr' id='par_1_75' title="bbox 676 4288 2241 4365">
     <span class='ocr_line' id='line_1_75' title="bbox 676 4288 2241 4365; baseline 0.004 -24"><span class='ocrx_word' id='word_1_516' title='bbox 676 4299 804 4358; x_wconf 86' lang='lat' dir='ltr'><strong>ptus</strong></span> <span class='ocrx_word' id='word_1_517' title='bbox 837 4288 891 4342; x_wconf 88' lang='lat' dir='ltr'><strong>in</strong></span> <span class='ocrx_word' id='word_1_518' title='bbox 927 4289 1079 4359; x_wconf 88' lang='lat' dir='ltr'><strong>ipsos</strong></span> <span class='ocrx_word' id='word_1_519' title='bbox 1106 4290 1331 4346; x_wconf 89' lang='lat' dir='ltr'><strong>recidat.</strong></span> <span class='ocrx_word' id='word_1_520' title='bbox 1376 4290 1526 4358; x_wconf 85' lang='lat' dir='ltr'><strong>Quos</strong></span> <span class='ocrx_word' id='word_1_521' title='bbox 1567 4309 1784 4364; x_wconf 60' lang='lat' dir='ltr'><strong>aequum</strong></span> <span class='ocrx_word' id='word_1_522' title='bbox 1824 4304 1905 4349; x_wconf 88' lang='lat' dir='ltr'><strong>est</strong></span> <span class='ocrx_word' id='word_1_523' title='bbox 1935 4294 2076 4365; x_wconf 87' lang='lat' dir='ltr'><strong>ignis</strong></span> <span class='ocrx_word' id='word_1_524' title='bbox 2109 4308 2241 4363; x_wconf 58' lang='lat' dir='ltr'><strong>sup-</strong></span> 
     </span>
    </p>
   </div>
   <div class='ocr_carea' id='block_1_76' title="bbox 675 4379 1035 4447">
    <p class='ocr_par' dir='ltr' id='par_1_76' title="bbox 675 4379 1035 4447">
     <span class='ocr_line' id='line_1_76' title="bbox 675 4379 1035 4447; baseline 0.006 -15"><span class='ocrx_word' id='word_1_525' title='bbox 675 4379 840 4447; x_wconf 90' lang='lat' dir='ltr'><strong>plicio</strong></span> <span class='ocrx_word' id='word_1_526' title='bbox 877 4381 1035 4435; x_wconf 90' lang='lat' dir='ltr'><strong>tradi.</strong></span> 
     </span>
    </p>
   </div>
   <div class='ocr_carea' id='block_1_77' title="bbox 2351 3552 3932 3632">
    <p class='ocr_par' dir='ltr' id='par_1_77' title="bbox 2351 3552 3932 3632">
     <span class='ocr_line' id='line_1_77' title="bbox 2351 3552 3932 3632; baseline 0.001 -21"><span class='ocrx_word' id='word_1_527' title='bbox 2351 3558 2444 3612; x_wconf 78' lang='grc' dir='ltr'>τοῦ</span> <span class='ocrx_word' id='word_1_528' title='bbox 2494 3561 2681 3629; x_wconf 78' lang='grc' dir='ltr'>χεῖρα,</span> <span class='ocrx_word' id='word_1_529' title='bbox 2713 3558 2806 3626; x_wconf 82' lang='grc' dir='ltr'><strong>ἀφ’</strong></span> <span class='ocrx_word' id='word_1_530' title='bbox 2851 3552 2920 3629; x_wconf 84' lang='grc' dir='ltr'>ἧς</span> <span class='ocrx_word' id='word_1_531' title='bbox 2963 3555 3134 3620; x_wconf 77' lang='grc' dir='ltr'>οὐδεὶς</span> <span class='ocrx_word' id='word_1_532' title='bbox 3165 3555 3386 3611; x_wconf 85' lang='grc' dir='ltr'>δύναται</span> <span class='ocrx_word' id='word_1_533' title='bbox 3418 3555 3660 3629; x_wconf 74' lang='grc' dir='ltr'>ἁρπάσαι</span> <span class='ocrx_word' id='word_1_534' title='bbox 3680 3597 3697 3623; x_wconf 91' lang='grc'><strong>,</strong></span> <span class='ocrx_word' id='word_1_535' title='bbox 3734 3557 3824 3613; x_wconf 79' lang='grc' dir='ltr'>ἵνα</span> <span class='ocrx_word' id='word_1_536' title='bbox 3856 3558 3932 3632; x_wconf 78' lang='grc' dir='ltr'>μὴ</span> 
     </span>
    </p>
   </div>
   <div class='ocr_carea' id='block_1_78' title="bbox 2350 3648 3406 3720">
    <p class='ocr_par' dir='ltr' id='par_1_78' title="bbox 2350 3648 3406 3720">
     <span class='ocr_line' id='line_1_78' title="bbox 2350 3648 3406 3720; baseline 0.002 -18"><span class='ocrx_word' id='word_1_537' title='bbox 2350 3651 2425 3713; x_wconf 84' lang='grc' dir='ltr'><strong>ὡς</strong></span> <span class='ocrx_word' id='word_1_538' title='bbox 2453 3651 2545 3702; x_wconf 85' lang='grc' dir='ltr'><strong>ἐπί</strong></span> <span class='ocrx_word' id='word_1_539' title='bbox 2577 3668 2629 3703; x_wconf 89' lang='grc' dir='ltr'><strong>τι</strong></span> <span class='ocrx_word' id='word_1_540' title='bbox 2655 3648 2784 3703; x_wconf 77' lang='grc' dir='ltr'>ἄλλο</span> <span class='ocrx_word' id='word_1_541' title='bbox 2815 3666 2869 3702; x_wconf 91' lang='grc' dir='ltr'><strong>τι</strong></span> <span class='ocrx_word' id='word_1_542' title='bbox 2902 3651 3406 3720; x_wconf 78' lang='grc' dir='ltr'>μεγαφρονήσωσιν.</span> 
     </span>
    </p>
   </div>
   <div class='ocr_carea' id='block_1_79' title="bbox 2431 3740 3935 3810">
    <p class='ocr_par' dir='ltr' id='par_1_79' title="bbox 2431 3740 3935 3810">
     <span class='ocr_line' id='line_1_79' title="bbox 2431 3740 3935 3810; baseline 0 -14"><span class='ocrx_word' id='word_1_543' title='bbox 2431 3743 2492 3797; x_wconf 84' lang='grc' dir='ltr'><em>Ἠ</em></span> <span class='ocrx_word' id='word_1_544' title='bbox 2535 3740 2769 3810; x_wconf 70' lang='grc' dir='ltr'>κεφαλὴ</span> <span class='ocrx_word' id='word_1_545' title='bbox 2815 3742 2922 3796; x_wconf 81' lang='grc' dir='ltr'>τοῦ</span> <span class='ocrx_word' id='word_1_546' title='bbox 2971 3743 3358 3810; x_wconf 72' lang='grc' dir='ltr'>κυκλώματος</span> <span class='ocrx_word' id='word_1_547' title='bbox 3402 3740 3618 3795; x_wconf 82' lang='grc' dir='ltr'>αὐτῶν.</span> <span class='ocrx_word' id='word_1_548' title='bbox 3661 3743 3781 3796; x_wconf 81' lang='grc' dir='ltr'><strong>Ἐπ’</strong></span> <span class='ocrx_word' id='word_1_549' title='bbox 3835 3742 3935 3796; x_wconf 79' lang='grc' dir='ltr'>αύ-</span> 
     </span>
    </p>
   </div>
   <div class='ocr_carea' id='block_1_80' title="bbox 2347 3829 3935 3905">
    <p class='ocr_par' dir='ltr' id='par_1_80' title="bbox 2347 3829 3935 3905">
     <span class='ocr_line' id='line_1_80' title="bbox 2347 3829 3935 3905; baseline 0.001 -19"><span class='ocrx_word' id='word_1_550' title='bbox 2347 3833 2494 3897; x_wconf 83' lang='grc' dir='ltr'>τοὺς,</span> <span class='ocrx_word' id='word_1_551' title='bbox 2523 3834 2706 3904; x_wconf 69' lang='grc' dir='ltr'>φησιν,</span> <span class='ocrx_word' id='word_1_552' title='bbox 2738 3831 2879 3886; x_wconf 76' lang='grc' dir='ltr'>ἔλθοι</span> <span class='ocrx_word' id='word_1_553' title='bbox 2907 3832 2935 3886; x_wconf 81' lang='grc' dir='ltr'><strong>δ</strong></span> <span class='ocrx_word' id='word_1_554' title='bbox 2960 3829 3367 3886; x_wconf 74' lang='grc' dir='ltr'>ἐϐουλεύσαντο.</span> <span class='ocrx_word' id='word_1_555' title='bbox 3394 3831 3563 3886; x_wconf 82' lang='grc' dir='ltr'>Τοῦτο</span> <span class='ocrx_word' id='word_1_556' title='bbox 3593 3832 3704 3904; x_wconf 82' lang='grc' dir='ltr'>γὰρ</span> <span class='ocrx_word' id='word_1_557' title='bbox 3732 3834 3935 3905; x_wconf 82' lang='grc' dir='ltr'>σημαί-</span> 
     </span>
    </p>
   </div>
   <div class='ocr_carea' id='block_1_81' title="bbox 2348 3921 3930 3996">
    <p class='ocr_par' dir='ltr' id='par_1_81' title="bbox 2348 3921 3930 3996">
     <span class='ocr_line' id='line_1_81' title="bbox 2348 3921 3930 3996; baseline 0.001 -19"><span class='ocrx_word' id='word_1_558' title='bbox 2348 3941 2425 3978; x_wconf 90' lang='grc' dir='ltr'><strong>νει</strong></span> <span class='ocrx_word' id='word_1_559' title='bbox 2459 3926 2492 3994; x_wconf 79' lang='grc' dir='ltr'><strong>ή</strong></span> <span class='ocrx_word' id='word_1_560' title='bbox 2526 3922 2734 3994; x_wconf 80' lang='grc' dir='ltr'>κεφαλὴ</span> <span class='ocrx_word' id='word_1_561' title='bbox 2776 3923 2870 3978; x_wconf 84' lang='grc' dir='ltr'>τοῦ</span> <span class='ocrx_word' id='word_1_562' title='bbox 2905 3921 3262 3993; x_wconf 86' lang='grc' dir='ltr'>κυκλώματος</span> <span class='ocrx_word' id='word_1_563' title='bbox 3310 3922 3510 3977; x_wconf 78' lang='grc' dir='ltr'>αὐτῶν.</span> <span class='ocrx_word' id='word_1_564' title='bbox 3551 3924 3782 3996; x_wconf 74' lang='grc' dir='ltr'>Κεφαλὴ</span> <span class='ocrx_word' id='word_1_565' title='bbox 3815 3925 3930 3996; x_wconf 80' lang='grc' dir='ltr'>γὰρ</span> 
     </span>
    </p>
   </div>
   <div class='ocr_carea' id='block_1_82' title="bbox 2345 4015 3930 4086">
    <p class='ocr_par' dir='ltr' id='par_1_82' title="bbox 2345 4015 3930 4086">
     <span class='ocr_line' id='line_1_82' title="bbox 2345 4015 3930 4086; baseline 0.001 -18"><span class='ocrx_word' id='word_1_566' title='bbox 2345 4015 2456 4068; x_wconf 82' lang='grc' dir='ltr'><strong>τῶν</strong></span> <span class='ocrx_word' id='word_1_567' title='bbox 2482 4015 2821 4085; x_wconf 82' lang='grc' dir='ltr'>ἁμαρτωλῶν</span> <span class='ocrx_word' id='word_1_568' title='bbox 2855 4017 2883 4069; x_wconf 93' lang='lat'><strong>6</strong></span> <span class='ocrx_word' id='word_1_569' title='bbox 2911 4015 3167 4085; x_wconf 85' lang='grc' dir='ltr'>λογισμὸς</span> <span class='ocrx_word' id='word_1_570' title='bbox 3204 4015 3300 4068; x_wconf 73' lang='grc' dir='ltr'>καὶ</span> <span class='ocrx_word' id='word_1_571' title='bbox 3329 4016 3361 4085; x_wconf 80' lang='grc' dir='ltr'><strong>ἡ</strong></span> <span class='ocrx_word' id='word_1_572' title='bbox 3391 4015 3661 4084; x_wconf 78' lang='grc' dir='ltr'>αίσθησις.</span> <span class='ocrx_word' id='word_1_573' title='bbox 3689 4017 3804 4086; x_wconf 80' lang='grc' dir='ltr'><strong>Τῆς</strong></span> <span class='ocrx_word' id='word_1_574' title='bbox 3833 4015 3930 4070; x_wconf 83' lang='grc' dir='ltr'>οὖν</span> 
     </span>
    </p>
   </div>
   <div class='ocr_carea' id='block_1_83' title="bbox 2345 4100 3930 4180">
    <p class='ocr_par' dir='ltr' id='par_1_83' title="bbox 2345 4100 3930 4180">
     <span class='ocr_line' id='line_1_83' title="bbox 2345 4100 3930 4180; baseline 0.003 -22"><span class='ocrx_word' id='word_1_575' title='bbox 2345 4105 2635 4178; x_wconf 79' lang='grc' dir='ltr'>ἐπιϐουλῆς</span> <span class='ocrx_word' id='word_1_576' title='bbox 2663 4105 2844 4160; x_wconf 84' lang='grc' dir='ltr'>αὐτῶν</span> <span class='ocrx_word' id='word_1_577' title='bbox 2871 4106 2969 4176; x_wconf 86' lang='grc' dir='ltr'><strong>τῆς</strong></span> <span class='ocrx_word' id='word_1_578' title='bbox 3001 4108 3122 4160; x_wconf 79' lang='grc' dir='ltr'>κατ’</span> <span class='ocrx_word' id='word_1_579' title='bbox 3147 4106 3304 4177; x_wconf 81' lang='grc' dir='ltr'>ἐμοῦ,</span> <span class='ocrx_word' id='word_1_580' title='bbox 3327 4107 3393 4159; x_wconf 81' lang='grc' dir='ltr'>δι’</span> <span class='ocrx_word' id='word_1_581' title='bbox 3419 4100 3488 4176; x_wconf 78' lang='grc' dir='ltr'>ἦς</span> <span class='ocrx_word' id='word_1_582' title='bbox 3511 4105 3833 4162; x_wconf 75' lang='grc' dir='ltr'>ἐκύκλωσάν</span> <span class='ocrx_word' id='word_1_583' title='bbox 3858 4128 3930 4180; x_wconf 85' lang='grc' dir='ltr'><strong>με</strong></span> 
     </span>
    </p>
   </div>
   <div class='ocr_carea' id='block_1_84' title="bbox 2343 4198 3926 4272">
    <p class='ocr_par' dir='ltr' id='par_1_84' title="bbox 2343 4198 3926 4272">
     <span class='ocr_line' id='line_1_84' title="bbox 2343 4198 3926 4272; baseline 0.002 -20"><span class='ocrx_word' id='word_1_584' title='bbox 2343 4202 2375 4270; x_wconf 81' lang='grc' dir='ltr'>ἡ</span> <span class='ocrx_word' id='word_1_585' title='bbox 2406 4200 2546 4272; x_wconf 84' lang='grc' dir='ltr'>ἀρχὴ</span> <span class='ocrx_word' id='word_1_586' title='bbox 2574 4200 2669 4253; x_wconf 75' lang='grc' dir='ltr'><strong>καὶ</strong></span> <span class='ocrx_word' id='word_1_587' title='bbox 2693 4200 2726 4270; x_wconf 83' lang='grc' dir='ltr'><strong>ἡ</strong></span> <span class='ocrx_word' id='word_1_588' title='bbox 2749 4199 2988 4270; x_wconf 82' lang='grc' dir='ltr'>κεφαλὴ,</span> <span class='ocrx_word' id='word_1_589' title='bbox 3020 4200 3083 4252; x_wconf 88' lang='grc' dir='ltr'><strong>ού</strong></span> <span class='ocrx_word' id='word_1_590' title='bbox 3113 4199 3218 4270; x_wconf 81' lang='grc' dir='ltr'>μὴν</span> <span class='ocrx_word' id='word_1_591' title='bbox 3248 4199 3382 4254; x_wconf 81' lang='grc' dir='ltr'>ἀλλὰ</span> <span class='ocrx_word' id='word_1_592' title='bbox 3425 4198 3518 4252; x_wconf 75' lang='grc' dir='ltr'>καὶ</span> <span class='ocrx_word' id='word_1_593' title='bbox 3565 4201 3596 4253; x_wconf 93' lang='lat'><strong>6</strong></span> <span class='ocrx_word' id='word_1_594' title='bbox 3625 4199 3798 4264; x_wconf 85' lang='grc' dir='ltr'>κόπος</span> <span class='ocrx_word' id='word_1_595' title='bbox 3824 4203 3926 4255; x_wconf 71' lang='lat' dir='ltr'><strong>a6-</strong></span> 
     </span>
    </p>
   </div>
   <div class='ocr_carea' id='block_1_85' title="bbox 2343 4289 3929 4362">
    <p class='ocr_par' dir='ltr' id='par_1_85' title="bbox 2343 4289 3929 4362">
     <span class='ocr_line' id='line_1_85' title="bbox 2343 4289 3929 4362; baseline 0.001 -18"><span class='ocrx_word' id='word_1_596' title='bbox 2343 4292 2470 4355; x_wconf 87' lang='grc' dir='ltr'>τών,</span> <span class='ocrx_word' id='word_1_597' title='bbox 2498 4292 2592 4345; x_wconf 76' lang='grc' dir='ltr'>καὶ</span> <span class='ocrx_word' id='word_1_598' title='bbox 2614 4293 2644 4344; x_wconf 89' lang='lat'><strong>6</strong></span> <span class='ocrx_word' id='word_1_599' title='bbox 2674 4291 2869 4362; x_wconf 84' lang='grc' dir='ltr'>μόχθος</span> <span class='ocrx_word' id='word_1_600' title='bbox 2888 4295 2917 4345; x_wconf 87' lang='lat'><strong>6</strong></span> <span class='ocrx_word' id='word_1_601' title='bbox 2945 4293 3065 4344; x_wconf 88' lang='grc' dir='ltr'>κατ’</span> <span class='ocrx_word' id='word_1_602' title='bbox 3097 4289 3256 4361; x_wconf 86' lang='grc' dir='ltr'>ἐμοῦ,</span> <span class='ocrx_word' id='word_1_603' title='bbox 3289 4292 3368 4354; x_wconf 86' lang='grc' dir='ltr'>εἰς</span> <span class='ocrx_word' id='word_1_604' title='bbox 3399 4291 3594 4354; x_wconf 79' lang='grc' dir='ltr'>αὐτοὺς</span> <span class='ocrx_word' id='word_1_605' title='bbox 3616 4290 3785 4344; x_wconf 72' lang='grc' dir='ltr'>ἔλθοι.</span> <span class='ocrx_word' id='word_1_606' title='bbox 3815 4293 3929 4356; x_wconf 79' lang='grc' dir='ltr'>Οὓς</span> 
     </span>
    </p>
   </div>
   <div class='ocr_carea' id='block_1_86' title="bbox 2344 4380 3408 4454">
    <p class='ocr_par' dir='ltr' id='par_1_86' title="bbox 2344 4380 3408 4454">
     <span class='ocr_line' id='line_1_86' title="bbox 2344 4380 3408 4454; baseline -0.001 -19"><span class='ocrx_word' id='word_1_607' title='bbox 2344 4383 2436 4435; x_wconf 76' lang='grc' dir='ltr'><strong>καὶ</strong></span> <span class='ocrx_word' id='word_1_608' title='bbox 2459 4381 2584 4454; x_wconf 81' lang='grc' dir='ltr'>δίκῃ</span> <span class='ocrx_word' id='word_1_609' title='bbox 2608 4381 2979 4453; x_wconf 86' lang='grc' dir='ltr'>παραδοθῆναι</span> <span class='ocrx_word' id='word_1_610' title='bbox 3005 4384 3072 4452; x_wconf 77' lang='grc' dir='ltr'>τῇ</span> <span class='ocrx_word' id='word_1_611' title='bbox 3099 4380 3190 4434; x_wconf 82' lang='grc' dir='ltr'>διὰ</span> <span class='ocrx_word' id='word_1_612' title='bbox 3217 4381 3408 4451; x_wconf 87' lang='grc' dir='ltr'>πυρός.</span> 
     </span>
    </p>
   </div>
   <div class='ocr_carea' id='block_1_87' title="bbox 758 4471 2250 4564">
    <p class='ocr_par' dir='ltr' id='par_1_87' title="bbox 758 4471 2236 4547">
     <span class='ocr_line' id='line_1_87' title="bbox 758 4471 2236 4547; baseline 0.003 -21"><span class='ocrx_word' id='word_1_613' title='bbox 758 4473 842 4531; x_wconf 13' lang='grc' dir='ltr'>Η..</span> <span class='ocrx_word' id='word_1_614' title='bbox 907 4471 1110 4527; x_wconf 81' lang='lat' dir='ltr'><strong>Cadent</strong></span> <span class='ocrx_word' id='word_1_615' title='bbox 1137 4490 1293 4544; x_wconf 69' lang='lat' dir='ltr'><strong>super</strong></span> <span class='ocrx_word' id='word_1_616' title='bbox 1323 4492 1410 4530; x_wconf 89' lang='lat' dir='ltr'><strong>eos</strong></span> <span class='ocrx_word' id='word_1_617' title='bbox 1441 4478 1687 4531; x_wconf 84' lang='lat' dir='ltr'><strong>carbones</strong></span> <span class='ocrx_word' id='word_1_618' title='bbox 1717 4479 1771 4530; x_wconf 90' lang='lat' dir='ltr'><strong>in</strong></span> <span class='ocrx_word' id='word_1_619' title='bbox 1803 4479 1937 4547; x_wconf 87' lang='lat' dir='ltr'><strong>igne.</strong></span> <span class='ocrx_word' id='word_1_620' title='bbox 1971 4475 2104 4531; x_wconf 82' lang='lat' dir='ltr'><strong>Nam</strong></span> <span class='ocrx_word' id='word_1_621' title='bbox 2139 4493 2236 4532; x_wconf 87' lang='lat' dir='ltr'><strong>ceu</strong></span> 
     </span>
    </p>
   </div>
   <div class='ocr_carea' id='block_1_88' title="bbox 2350 4471 3930 4564">
    <p class='ocr_par' dir='ltr' id='par_1_88' title="bbox 2411 4474 3930 4546">
     <span class='ocr_line' id='line_1_88' title="bbox 2411 4474 3930 4546; baseline 0.001 -17"><span class='ocrx_word' id='word_1_622' title='bbox 2411 4476 2745 4529; x_wconf 79' lang='grc' dir='ltr'>Πεσοῦνται</span> <span class='ocrx_word' id='word_1_623' title='bbox 2787 4476 2880 4529; x_wconf 76' lang='grc' dir='ltr'>ἐπ’</span> <span class='ocrx_word' id='word_1_624' title='bbox 2920 4476 3142 4542; x_wconf 83' lang='grc' dir='ltr'>αὐτοὺς</span> <span class='ocrx_word' id='word_1_625' title='bbox 3183 4475 3474 4546; x_wconf 76' lang='grc' dir='ltr'>ἄνθρακες</span> <span class='ocrx_word' id='word_1_626' title='bbox 3499 4475 3571 4529; x_wconf 75' lang='grc' dir='ltr'>ἐν</span> <span class='ocrx_word' id='word_1_627' title='bbox 3599 4479 3766 4546; x_wconf 71' lang='grc' dir='ltr'>πυρί.</span> <span class='ocrx_word' id='word_1_628' title='bbox 3793 4474 3930 4532; x_wconf 83' lang='grc' dir='ltr'>υἷον</span> 
     </span>
    </p>
   </div>
   <div class='ocr_carea' id='block_1_89' title="bbox 673 4562 2250 4639">
    <p class='ocr_par' dir='ltr' id='par_1_89' title="bbox 673 4562 2239 4637">
     <span class='ocr_line' id='line_1_89' title="bbox 673 4562 2239 4637; baseline 0.004 -21"><span class='ocrx_word' id='word_1_629' title='bbox 673 4562 912 4633; x_wconf 91' lang='lat' dir='ltr'><strong>quodam</strong></span> <span class='ocrx_word' id='word_1_630' title='bbox 958 4565 1082 4635; x_wconf 90' lang='lat' dir='ltr'><strong>igne</strong></span> <span class='ocrx_word' id='word_1_631' title='bbox 1125 4567 1205 4620; x_wconf 89' lang='lat' dir='ltr'><strong>ira</strong></span> <span class='ocrx_word' id='word_1_632' title='bbox 1241 4576 1331 4622; x_wconf 90' lang='lat' dir='ltr'><strong>tua</strong></span> <span class='ocrx_word' id='word_1_633' title='bbox 1365 4569 1620 4623; x_wconf 84' lang='lat' dir='ltr'><strong>absumes</strong></span> <span class='ocrx_word' id='word_1_634' title='bbox 1660 4584 1774 4624; x_wconf 87' lang='lat' dir='ltr'><strong>eos.</strong></span> <span class='ocrx_word' id='word_1_635' title='bbox 1809 4569 2031 4637; x_wconf 86' lang='lat' dir='ltr'><strong>Dejicies</strong></span> <span class='ocrx_word' id='word_1_636' title='bbox 2058 4586 2143 4624; x_wconf 87' lang='lat' dir='ltr'><strong>eos</strong></span> <span class='ocrx_word' id='word_1_637' title='bbox 2182 4571 2239 4623; x_wconf 88' lang='lat' dir='ltr'><strong>in</strong></span> 
     </span>
    </p>
   </div>
   <div class='ocr_carea' id='block_1_90' title="bbox 2350 4562 3932 4639">
    <p class='ocr_par' dir='ltr' id='par_1_90' title="bbox 2350 4566 3932 4639">
     <span class='ocr_line' id='line_1_90' title="bbox 2350 4566 3932 4639; baseline 0.003 -20"><span class='ocrx_word' id='word_1_638' title='bbox 2350 4567 2448 4638; x_wconf 77' lang='grc' dir='ltr'>γάρ</span> <span class='ocrx_word' id='word_1_639' title='bbox 2479 4585 2584 4620; x_wconf 88' lang='grc' dir='ltr'>τινι</span> <span class='ocrx_word' id='word_1_640' title='bbox 2612 4567 2747 4639; x_wconf 82' lang='grc' dir='ltr'>πυρὶ</span> <span class='ocrx_word' id='word_1_641' title='bbox 2770 4569 2837 4637; x_wconf 77' lang='grc' dir='ltr'>τῇ</span> <span class='ocrx_word' id='word_1_642' title='bbox 2871 4567 3008 4639; x_wconf 79' lang='grc' dir='ltr'>ὀργῇ</span> <span class='ocrx_word' id='word_1_643' title='bbox 3042 4566 3442 4632; x_wconf 88' lang='grc' dir='ltr'>καταναλώσεις</span> <span class='ocrx_word' id='word_1_644' title='bbox 3469 4567 3685 4632; x_wconf 84' lang='grc' dir='ltr'>αὐτούς.</span> <span class='ocrx_word' id='word_1_645' title='bbox 3731 4572 3932 4624; x_wconf 78' lang='grc' dir='ltr'>Κατα-</span> 
     </span>
    </p>
   </div>
   <div class='ocr_carea' id='block_1_91' title="bbox 673 4654 2234 4724">
    <p class='ocr_par' dir='ltr' id='par_1_91' title="bbox 673 4654 2234 4724">
     <span class='ocr_line' id='line_1_91' title="bbox 673 4654 2234 4724; baseline 0.006 -18"><span class='ocrx_word' id='word_1_646' title='bbox 673 4654 933 4720; x_wconf 85' lang='lat' dir='ltr'><strong>miserias,</strong></span> <span class='ocrx_word' id='word_1_647' title='bbox 965 4666 1010 4708; x_wconf 90' lang='lat' dir='ltr'><strong>et</strong></span> <span class='ocrx_word' id='word_1_648' title='bbox 1037 4672 1140 4708; x_wconf 88' lang='lat' dir='ltr'><strong>non</strong></span> <span class='ocrx_word' id='word_1_649' title='bbox 1169 4657 1470 4712; x_wconf 83' lang='lat' dir='ltr'><strong>subsistent.</strong></span> <span class='ocrx_word' id='word_1_650' title='bbox 1498 4658 1755 4714; x_wconf 89' lang='lat' dir='ltr'><strong>Decident</strong></span> <span class='ocrx_word' id='word_1_651' title='bbox 1800 4660 1855 4713; x_wconf 87' lang='lat' dir='ltr'><strong>in</strong></span> <span class='ocrx_word' id='word_1_652' title='bbox 1877 4660 2234 4724; x_wconf 83' lang='lat' dir='ltr'><strong>calamitates,</strong></span> 
     </span>
    </p>
   </div>
   <div class='ocr_carea' id='block_1_92' title="bbox 670 4747 2236 4821">
    <p class='ocr_par' dir='ltr' id='par_1_92' title="bbox 670 4747 2236 4821">
     <span class='ocr_line' id='line_1_92' title="bbox 670 4747 2236 4821; baseline 0.003 -20"><span class='ocrx_word' id='word_1_653' title='bbox 670 4763 738 4801; x_wconf 78' lang='lat' dir='ltr'><strong>es</strong></span> <span class='ocrx_word' id='word_1_654' title='bbox 761 4747 963 4817; x_wconf 86' lang='lat' dir='ltr'><strong>quibus</strong></span> <span class='ocrx_word' id='word_1_655' title='bbox 995 4763 1100 4801; x_wconf 92' lang='lat' dir='ltr'><strong>non</strong></span> <span class='ocrx_word' id='word_1_656' title='bbox 1139 4749 1388 4803; x_wconf 89' lang='lat' dir='ltr'><strong>evadent.</strong></span> <span class='ocrx_word' id='word_1_657' title='bbox 1439 4748 1554 4805; x_wconf 83' lang='lat' dir='ltr'><strong>Hoc</strong></span> <span class='ocrx_word' id='word_1_658' title='bbox 1593 4760 1773 4805; x_wconf 87' lang='lat' dir='ltr'><strong>autem</strong></span> <span class='ocrx_word' id='word_1_659' title='bbox 1819 4752 2044 4821; x_wconf 82' lang='lat' dir='ltr'><strong>contigit</strong></span> <span class='ocrx_word' id='word_1_660' title='bbox 2089 4749 2236 4806; x_wconf 89' lang='lat' dir='ltr'><strong>Sauli</strong></span> 
     </span>
    </p>
   </div>
   <div class='ocr_carea' id='block_1_93' title="bbox 673 4838 2237 4913">
    <p class='ocr_par' dir='ltr' id='par_1_93' title="bbox 673 4838 2237 4913">
     <span class='ocr_line' id='line_1_93' title="bbox 673 4838 2237 4913; baseline 0.007 -23"><span class='ocrx_word' id='word_1_661' title='bbox 673 4839 726 4893; x_wconf 83' lang='lat' dir='ltr'><strong>in</strong></span> <span class='ocrx_word' id='word_1_662' title='bbox 762 4839 903 4894; x_wconf 88' lang='lat' dir='ltr'><strong>bello</strong></span> <span class='ocrx_word' id='word_1_663' title='bbox 953 4838 1215 4896; x_wconf 87' lang='lat' dir='ltr'><strong>adversus</strong></span> <span class='ocrx_word' id='word_1_664' title='bbox 1263 4841 1612 4913; x_wconf 87' lang='lat' dir='ltr'><strong>alienigenas.</strong></span> <span class='ocrx_word' id='word_1_665' title='bbox 1653 4841 1728 4898; x_wconf 90' lang='lat' dir='ltr'><strong>lbi</strong></span> <span class='ocrx_word' id='word_1_666' title='bbox 1765 4845 1907 4898; x_wconf 89' lang='lat' dir='ltr'><strong>enim</strong></span> <span class='ocrx_word' id='word_1_667' title='bbox 1952 4845 2237 4901; x_wconf 79' lang='lat' dir='ltr'><strong>confossus</strong></span> 
     </span>
    </p>
   </div>
   <div class='ocr_carea' id='block_1_94' title="bbox 671 4930 1253 5000">
    <p class='ocr_par' dir='ltr' id='par_1_94' title="bbox 671 4930 1253 5000">
     <span class='ocr_line' id='line_1_94' title="bbox 671 4930 1253 5000; baseline 0.005 -19"><span class='ocrx_word' id='word_1_668' title='bbox 671 4932 834 4984; x_wconf 79' lang='lat' dir='ltr'><strong>tinem</strong></span> <span class='ocrx_word' id='word_1_669' title='bbox 868 4930 993 4986; x_wconf 63' lang='lat' dir='ltr'><strong>vitae</strong></span> <span class='ocrx_word' id='word_1_670' title='bbox 1023 4932 1253 5000; x_wconf 90' lang='lat' dir='ltr'><strong>accepit.</strong></span> 
     </span>
    </p>
   </div>
   <div class='ocr_carea' id='block_1_95' title="bbox 759 5103 2232 5182">
    <p class='ocr_par' dir='ltr' id='par_1_95' title="bbox 759 5103 2232 5182">
     <span class='ocr_line' id='line_1_95' title="bbox 759 5103 2232 5182; baseline 0.006 -23"><span class='ocrx_word' id='word_1_671' title='bbox 759 5105 847 5160; x_wconf 75' lang='grc'><strong>12.</strong></span> <span class='ocrx_word' id='word_1_672' title='bbox 898 5103 991 5160; x_wconf 83' lang='lat' dir='ltr'><strong>Vir</strong></span> <span class='ocrx_word' id='word_1_673' title='bbox 1027 5108 1296 5177; x_wconf 82' lang='lat' dir='ltr'><strong>linguosus</strong></span> <span class='ocrx_word' id='word_1_674' title='bbox 1324 5126 1425 5164; x_wconf 82' lang='lat' dir='ltr'><strong>non</strong></span> <span class='ocrx_word' id='word_1_675' title='bbox 1466 5114 1724 5182; x_wconf 75' lang='lat' dir='ltr'><strong>dirigetur</strong></span> <span class='ocrx_word' id='word_1_676' title='bbox 1769 5114 1824 5166; x_wconf 88' lang='lat' dir='ltr'><strong>in</strong></span> <span class='ocrx_word' id='word_1_677' title='bbox 1860 5125 2022 5168; x_wconf 89' lang='lat' dir='ltr'><strong>terra.</strong></span> <span class='ocrx_word' id='word_1_678' title='bbox 2071 5112 2232 5169; x_wconf 75' lang='lat' dir='ltr'><strong>Exci-</strong></span> 
     </span>
    </p>
   </div>
   <div class='ocr_carea' id='block_1_96' title="bbox 667 5199 2228 5278">
    <p class='ocr_par' dir='ltr' id='par_1_96' title="bbox 667 5199 2228 5278">
     <span class='ocr_line' id='line_1_96' title="bbox 667 5199 2228 5278; baseline 0.003 -26"><span class='ocrx_word' id='word_1_679' title='bbox 667 5199 748 5269; x_wconf 88' lang='lat' dir='ltr'><strong>pit</strong></span> <span class='ocrx_word' id='word_1_680' title='bbox 775 5200 972 5268; x_wconf 91' lang='lat' dir='ltr'><strong>impios</strong></span> <span class='ocrx_word' id='word_1_681' title='bbox 1002 5200 1142 5270; x_wconf 83' lang='lat' dir='ltr'><strong>ignis</strong></span> <span class='ocrx_word' id='word_1_682' title='bbox 1165 5213 1423 5258; x_wconf 56' lang='lat' dir='ltr'><strong>aeternus.</strong></span> <span class='ocrx_word' id='word_1_683' title='bbox 1451 5204 1516 5259; x_wconf 86' lang='lat' dir='ltr'><strong>Et</strong></span> <span class='ocrx_word' id='word_1_684' title='bbox 1548 5207 1601 5260; x_wconf 89' lang='lat' dir='ltr'><strong>in</strong></span> <span class='ocrx_word' id='word_1_685' title='bbox 1635 5207 1734 5262; x_wconf 86' lang='lat' dir='ltr'><strong>hac</strong></span> <span class='ocrx_word' id='word_1_686' title='bbox 1764 5208 1873 5262; x_wconf 80' lang='lat' dir='ltr'><strong>vita</strong></span> <span class='ocrx_word' id='word_1_687' title='bbox 1907 5209 1990 5260; x_wconf 85' lang='lat' dir='ltr'><strong>vir</strong></span> <span class='ocrx_word' id='word_1_688' title='bbox 2014 5207 2228 5278; x_wconf 77' lang='lat' dir='ltr'><strong>linguo-</strong></span> 
     </span>
    </p>
   </div>
   <div class='ocr_carea' id='block_1_97' title="bbox 668 5295 2228 5367">
    <p class='ocr_par' dir='ltr' id='par_1_97' title="bbox 668 5295 2228 5367">
     <span class='ocr_line' id='line_1_97' title="bbox 668 5295 2228 5367; baseline 0.006 -21"><span class='ocrx_word' id='word_1_689' title='bbox 668 5308 763 5347; x_wconf 86' lang='lat' dir='ltr'><strong>sus</strong></span> <span class='ocrx_word' id='word_1_690' title='bbox 816 5309 924 5349; x_wconf 91' lang='lat' dir='ltr'><strong>non</strong></span> <span class='ocrx_word' id='word_1_691' title='bbox 989 5295 1254 5365; x_wconf 91' lang='lat' dir='ltr'><strong>dirigetur</strong></span> <span class='ocrx_word' id='word_1_692' title='bbox 1302 5313 1472 5367; x_wconf 82' lang='lat' dir='ltr'><strong>usque</strong></span> <span class='ocrx_word' id='word_1_693' title='bbox 1526 5301 1577 5352; x_wconf 90' lang='lat' dir='ltr'><strong>in</strong></span> <span class='ocrx_word' id='word_1_694' title='bbox 1631 5300 1810 5354; x_wconf 78' lang='lat' dir='ltr'><strong>ﬁnem.</strong></span> <span class='ocrx_word' id='word_1_695' title='bbox 1866 5299 2036 5354; x_wconf 85' lang='lat' dir='ltr'><strong>Nemo</strong></span> <span class='ocrx_word' id='word_1_696' title='bbox 2086 5303 2228 5354; x_wconf 88' lang='lat' dir='ltr'><strong>enim</strong></span> 
     </span>
    </p>
   </div>
   <div class='ocr_carea' id='block_1_98' title="bbox 2341 4657 3930 4729">
    <p class='ocr_par' dir='ltr' id='par_1_98' title="bbox 2341 4657 3930 4729">
     <span class='ocr_line' id='line_1_98' title="bbox 2341 4657 3930 4729; baseline 0.003 -17"><span class='ocrx_word' id='word_1_697' title='bbox 2341 4658 2542 4724; x_wconf 72' lang='grc' dir='ltr'>ϐαλεῖς</span> <span class='ocrx_word' id='word_1_698' title='bbox 2577 4657 2799 4724; x_wconf 82' lang='grc' dir='ltr'>αὐτοὺς</span> <span class='ocrx_word' id='word_1_699' title='bbox 2823 4659 2895 4712; x_wconf 76' lang='grc' dir='ltr'>ἐν</span> <span class='ocrx_word' id='word_1_700' title='bbox 2937 4660 3391 4726; x_wconf 73' lang='grc' dir='ltr'>ταλαιπωρίαις,</span> <span class='ocrx_word' id='word_1_701' title='bbox 3421 4659 3520 4714; x_wconf 74' lang='grc' dir='ltr'>καὶ</span> <span class='ocrx_word' id='word_1_702' title='bbox 3558 4662 3632 4714; x_wconf 82' lang='grc' dir='ltr'>οὐ</span> <span class='ocrx_word' id='word_1_703' title='bbox 3655 4659 3746 4729; x_wconf 77' lang='grc' dir='ltr'>μὴ</span> <span class='ocrx_word' id='word_1_704' title='bbox 3770 4665 3930 4716; x_wconf 73' lang='grc' dir='ltr'>ὑπο-</span> 
     </span>
    </p>
   </div>
   <div class='ocr_carea' id='block_1_99' title="bbox 2337 4750 3930 4826">
    <p class='ocr_par' dir='ltr' id='par_1_99' title="bbox 2337 4750 3930 4826">
     <span class='ocr_line' id='line_1_99' title="bbox 2337 4750 3930 4826; baseline 0.001 -21"><span class='ocrx_word' id='word_1_705' title='bbox 2337 4750 2550 4805; x_wconf 79' lang='grc' dir='ltr'>στῶσι.</span> <span class='ocrx_word' id='word_1_706' title='bbox 2590 4752 3019 4823; x_wconf 82' lang='grc' dir='ltr'>Περιπεσοῦνται</span> <span class='ocrx_word' id='word_1_707' title='bbox 3060 4755 3387 4825; x_wconf 75' lang='grc' dir='ltr'>συμφοραῖς,</span> <span class='ocrx_word' id='word_1_708' title='bbox 3430 4753 3523 4806; x_wconf 76' lang='grc' dir='ltr'>καὶ</span> <span class='ocrx_word' id='word_1_709' title='bbox 3549 4754 3610 4806; x_wconf 85' lang='grc' dir='ltr'><strong>ού</strong></span> <span class='ocrx_word' id='word_1_710' title='bbox 3634 4757 3930 4826; x_wconf 76' lang='grc' dir='ltr'>περιέσονο</span> 
     </span>
    </p>
   </div>
   <div class='ocr_carea' id='block_1_100' title="bbox 2336 4843 3929 4916">
    <p class='ocr_par' dir='ltr' id='par_1_100' title="bbox 2336 4843 3929 4916">
     <span class='ocr_line' id='line_1_100' title="bbox 2336 4843 3929 4916; baseline 0.001 -18"><span class='ocrx_word' id='word_1_711' title='bbox 2336 4861 2426 4898; x_wconf 87' lang='grc' dir='ltr'><strong>ται</strong></span> <span class='ocrx_word' id='word_1_712' title='bbox 2477 4843 2701 4899; x_wconf 90' lang='grc' dir='ltr'>τούτων.</span> <span class='ocrx_word' id='word_1_713' title='bbox 2740 4843 2925 4897; x_wconf 75' lang='grc' dir='ltr'>Ταῦτα</span> <span class='ocrx_word' id='word_1_714' title='bbox 2968 4844 3025 4898; x_wconf 88' lang='grc' dir='ltr'><strong>δέ</strong></span> <span class='ocrx_word' id='word_1_715' title='bbox 3074 4844 3362 4915; x_wconf 81' lang='grc' dir='ltr'>συμδαίνει</span> <span class='ocrx_word' id='word_1_716' title='bbox 3407 4843 3485 4914; x_wconf 83' lang='grc' dir='ltr'><strong>τῷ</strong></span> <span class='ocrx_word' id='word_1_717' title='bbox 3523 4844 3700 4898; x_wconf 77' lang='grc' dir='ltr'>Σαοὺλ</span> <span class='ocrx_word' id='word_1_718' title='bbox 3739 4848 3799 4900; x_wconf 81' lang='grc' dir='ltr'><strong>ἐν</strong></span> <span class='ocrx_word' id='word_1_719' title='bbox 3844 4847 3929 4916; x_wconf 84' lang='grc' dir='ltr'>τῷ</span> 
     </span>
    </p>
   </div>
   <div class='ocr_carea' id='block_1_101' title="bbox 2338 4935 3930 5008">
    <p class='ocr_par' dir='ltr' id='par_1_101' title="bbox 2338 4935 3930 5008">
     <span class='ocr_line' id='line_1_101' title="bbox 2338 4935 3930 5008; baseline 0.001 -18"><span class='ocrx_word' id='word_1_720' title='bbox 2338 4937 2479 4991; x_wconf 76' lang='grc' dir='ltr'>κατὰ</span> <span class='ocrx_word' id='word_1_721' title='bbox 2523 4937 2649 5000; x_wconf 84' lang='grc' dir='ltr'>τοὺς</span> <span class='ocrx_word' id='word_1_722' title='bbox 2695 4935 3023 5004; x_wconf 75' lang='grc' dir='ltr'>ἀλλοφύλους</span> <span class='ocrx_word' id='word_1_723' title='bbox 3073 4935 3312 5007; x_wconf 81' lang='grc' dir='ltr'>πολέμῳ.</span> <span class='ocrx_word' id='word_1_724' title='bbox 3365 4936 3511 4989; x_wconf 81' lang='grc' dir='ltr'>Ἐκεῖ</span> <span class='ocrx_word' id='word_1_725' title='bbox 3535 4936 3646 5008; x_wconf 82' lang='grc' dir='ltr'>γὰρ</span> <span class='ocrx_word' id='word_1_726' title='bbox 3685 4938 3930 5006; x_wconf 80' lang='grc' dir='ltr'>σφαγεὶς</span> 
     </span>
    </p>
   </div>
   <div class='ocr_carea' id='block_1_102' title="bbox 2334 5028 3094 5098">
    <p class='ocr_par' dir='ltr' id='par_1_102' title="bbox 2334 5028 3094 5098">
     <span class='ocr_line' id='line_1_102' title="bbox 2334 5028 3094 5098; baseline -0.003 -14"><span class='ocrx_word' id='word_1_727' title='bbox 2334 5029 2550 5094; x_wconf 77' lang='grc' dir='ltr'>ἐδέξατο</span> <span class='ocrx_word' id='word_1_728' title='bbox 2575 5028 2638 5081; x_wconf 85' lang='grc' dir='ltr'>τὸ</span> <span class='ocrx_word' id='word_1_729' title='bbox 2658 5029 2752 5082; x_wconf 75' lang='grc' dir='ltr'>τοῦ</span> <span class='ocrx_word' id='word_1_730' title='bbox 2786 5029 2901 5098; x_wconf 85' lang='grc' dir='ltr'>βίου</span> <span class='ocrx_word' id='word_1_731' title='bbox 2924 5028 3094 5091; x_wconf 87' lang='grc' dir='ltr'>τέλος.</span> 
     </span>
    </p>
   </div>
   <div class='ocr_carea' id='block_1_103' title="bbox 2419 5120 3931 5193">
    <p class='ocr_par' dir='ltr' id='par_1_103' title="bbox 2419 5120 3931 5193">
     <span class='ocr_line' id='line_1_103' title="bbox 2419 5120 3931 5193; baseline 0 -17"><span class='ocrx_word' id='word_1_732' title='bbox 2419 5121 2590 5190; x_wconf 75' lang='grc' dir='ltr'><strong>Ἀνὴρ</strong></span> <span class='ocrx_word' id='word_1_733' title='bbox 2610 5121 2979 5192; x_wconf 78' lang='grc' dir='ltr'>γλωσσώδης</span> <span class='ocrx_word' id='word_1_734' title='bbox 3003 5123 3075 5175; x_wconf 90' lang='grc' dir='ltr'>οὺ</span> <span class='ocrx_word' id='word_1_735' title='bbox 3103 5120 3646 5188; x_wconf 75' lang='grc' dir='ltr'>κατευθυνθήσεται</span> <span class='ocrx_word' id='word_1_736' title='bbox 3676 5123 3776 5176; x_wconf 73' lang='grc' dir='ltr'>ἐπὶ</span> <span class='ocrx_word' id='word_1_737' title='bbox 3805 5122 3931 5193; x_wconf 77' lang='grc' dir='ltr'>τῆς</span> 
     </span>
    </p>
   </div>
   <div class='ocr_carea' id='block_1_104' title="bbox 2333 5214 3928 5291">
    <p class='ocr_par' dir='ltr' id='par_1_104' title="bbox 2333 5214 3928 5291">
     <span class='ocr_line' id='line_1_104' title="bbox 2333 5214 3928 5291; baseline 0.004 -24"><span class='ocrx_word' id='word_1_738' title='bbox 2333 5215 2464 5285; x_wconf 68' lang='grc' dir='ltr'>γῆς.</span> <span class='ocrx_word' id='word_1_739' title='bbox 2499 5215 2821 5291; x_wconf 76' lang='grc' dir='ltr'>Ἐκδέχεται</span> <span class='ocrx_word' id='word_1_740' title='bbox 2868 5215 2966 5286; x_wconf 79' lang='grc' dir='ltr'>μὲν</span> <span class='ocrx_word' id='word_1_741' title='bbox 3007 5215 3134 5277; x_wconf 79' lang='grc' dir='ltr'>τοὺς</span> <span class='ocrx_word' id='word_1_742' title='bbox 3173 5215 3388 5278; x_wconf 77' lang='grc' dir='ltr'>ἀσεϐεῖς</span> <span class='ocrx_word' id='word_1_743' title='bbox 3424 5215 3484 5268; x_wconf 85' lang='grc' dir='ltr'><strong>τὸ</strong></span> <span class='ocrx_word' id='word_1_744' title='bbox 3515 5214 3734 5269; x_wconf 88' lang='grc' dir='ltr'>αἰώνιον</span> <span class='ocrx_word' id='word_1_745' title='bbox 3779 5218 3928 5290; x_wconf 82' lang='grc' dir='ltr'>πῦρ.</span> 
     </span>
    </p>
   </div>
   <div class='ocr_carea' id='block_1_105' title="bbox 2334 5302 3931 5380">
    <p class='ocr_par' dir='ltr' id='par_1_105' title="bbox 2334 5302 3931 5380">
     <span class='ocr_line' id='line_1_105' title="bbox 2334 5302 3931 5380; baseline 0.002 -21"><span class='ocrx_word' id='word_1_746' title='bbox 2334 5309 2440 5360; x_wconf 79' lang='grc' dir='ltr'>Καὶ</span> <span class='ocrx_word' id='word_1_747' title='bbox 2467 5302 2524 5360; x_wconf 74' lang='grc' dir='ltr'><strong>ἐν</strong></span> <span class='ocrx_word' id='word_1_748' title='bbox 2548 5307 2722 5377; x_wconf 81' lang='grc' dir='ltr'>τούτῳ</span> <span class='ocrx_word' id='word_1_749' title='bbox 2752 5305 2808 5358; x_wconf 87' lang='grc' dir='ltr'>δὲ</span> <span class='ocrx_word' id='word_1_750' title='bbox 2838 5306 2917 5376; x_wconf 79' lang='grc' dir='ltr'>τῷ</span> <span class='ocrx_word' id='word_1_751' title='bbox 2948 5305 3044 5376; x_wconf 80' lang='grc' dir='ltr'>βίῳ</span> <span class='ocrx_word' id='word_1_752' title='bbox 3089 5307 3169 5368; x_wconf 81' lang='grc' dir='ltr'>εἰς</span> <span class='ocrx_word' id='word_1_753' title='bbox 3215 5305 3367 5369; x_wconf 87' lang='grc' dir='ltr'>τέλος</span> <span class='ocrx_word' id='word_1_754' title='bbox 3396 5306 3455 5358; x_wconf 87' lang='grc' dir='ltr'><strong>ού</strong></span> <span class='ocrx_word' id='word_1_755' title='bbox 3487 5306 3931 5380; x_wconf 75' lang='grc' dir='ltr'>κατευθυνθήσε-</span> 
     </span>
    </p>
   </div>
   <div class='ocr_carea' id='block_1_106' title="bbox 2331 5394 3927 5467">
    <p class='ocr_par' dir='ltr' id='par_1_106' title="bbox 2331 5394 3927 5467">
     <span class='ocr_line' id='line_1_106' title="bbox 2331 5394 3927 5467; baseline 0.001 -20"><span class='ocrx_word' id='word_1_756' title='bbox 2331 5413 2421 5447; x_wconf 83' lang='grc' dir='ltr'><strong>ται</strong></span> <span class='ocrx_word' id='word_1_757' title='bbox 2449 5394 2796 5464; x_wconf 81' lang='grc' dir='ltr'>γλωσσώδης.</span> <span class='ocrx_word' id='word_1_758' title='bbox 2825 5394 3015 5458; x_wconf 76' lang='grc' dir='ltr'>Οὐδεὶς</span> <span class='ocrx_word' id='word_1_759' title='bbox 3041 5394 3148 5466; x_wconf 81' lang='grc' dir='ltr'>γὰρ</span> <span class='ocrx_word' id='word_1_760' title='bbox 3181 5395 3414 5465; x_wconf 80' lang='grc' dir='ltr'>μάχιμός</span> <span class='ocrx_word' id='word_1_761' title='bbox 3435 5411 3495 5446; x_wconf 88' lang='grc' dir='ltr'><strong>τε</strong></span> <span class='ocrx_word' id='word_1_762' title='bbox 3523 5396 3619 5448; x_wconf 65' lang='lat' dir='ltr'><strong>irai.</strong></span> <span class='ocrx_word' id='word_1_763' title='bbox 3651 5395 3927 5467; x_wconf 80' lang='grc' dir='ltr'>λοίδορος,</span> 
     </span>
    </p>
   </div>
   <div class='ocr_carea' id='block_1_107' title="bbox 2329 5485 3931 5558">
    <p class='ocr_par' dir='ltr' id='par_1_107' title="bbox 2329 5485 3931 5558">
     <span class='ocr_line' id='line_1_107' title="bbox 2329 5485 3931 5558; baseline 0.002 -18"><span class='ocrx_word' id='word_1_764' title='bbox 2329 5489 2386 5550; x_wconf 82' lang='grc' dir='ltr'>ὃς</span> <span class='ocrx_word' id='word_1_765' title='bbox 2413 5489 2560 5540; x_wconf 86' lang='grc' dir='ltr'>ἐστιν</span> <span class='ocrx_word' id='word_1_766' title='bbox 2588 5489 2646 5540; x_wconf 86' lang='grc' dir='ltr'><strong>ἐν</strong></span> <span class='ocrx_word' id='word_1_767' title='bbox 2679 5489 2743 5558; x_wconf 77' lang='grc' dir='ltr'>τῇ</span> <span class='ocrx_word' id='word_1_768' title='bbox 2778 5485 2968 5554; x_wconf 87' lang='grc' dir='ltr'>γεώδει</span> <span class='ocrx_word' id='word_1_769' title='bbox 3001 5488 3336 5557; x_wconf 86' lang='grc' dir='ltr'>προαιρέσει,</span> <span class='ocrx_word' id='word_1_770' title='bbox 3373 5487 3781 5553; x_wconf 82' lang='grc' dir='ltr'>κατευθύνεται,</span> <span class='ocrx_word' id='word_1_771' title='bbox 3811 5491 3931 5543; x_wconf 74' lang='grc' dir='ltr'>ὑπὸ</span> 
     </span>
    </p>
   </div>
   <div class='ocr_carea' id='block_1_108' title="bbox 2328 5575 3930 5652">
    <p class='ocr_par' dir='ltr' id='par_1_108' title="bbox 2328 5575 3930 5652">
     <span class='ocr_line' id='line_1_108' title="bbox 2328 5575 3930 5652; baseline 0.002 -20"><span class='ocrx_word' id='word_1_772' title='bbox 2328 5579 2421 5632; x_wconf 75' lang='grc' dir='ltr'>τοῦ</span> <span class='ocrx_word' id='word_1_773' title='bbox 2475 5579 2711 5649; x_wconf 82' lang='grc' dir='ltr'>μάχιμος</span> <span class='ocrx_word' id='word_1_774' title='bbox 2758 5575 2897 5632; x_wconf 77' lang='grc' dir='ltr'>εἶναι</span> <span class='ocrx_word' id='word_1_775' title='bbox 2946 5579 3388 5650; x_wconf 73' lang='grc' dir='ltr'>στρεϐλούμενος.</span> <span class='ocrx_word' id='word_1_776' title='bbox 3423 5579 3930 5652; x_wconf 72' lang='grc' dir='ltr'>Φιλαμαρτήμονες</span> 
     </span>
    </p>
   </div>
   <div class='ocr_carea' id='block_1_109' title="bbox 2329 5671 3933 5743">
    <p class='ocr_par' dir='ltr' id='par_1_109' title="bbox 2329 5671 3933 5743">
     <span class='ocr_line' id='line_1_109' title="bbox 2329 5671 3933 5743; baseline 0.002 -19"><span class='ocrx_word' id='word_1_777' title='bbox 2329 5673 2437 5743; x_wconf 72' lang='grc' dir='ltr'>γὰρ</span> <span class='ocrx_word' id='word_1_778' title='bbox 2467 5671 2618 5736; x_wconf 75' lang='grc' dir='ltr'>ὄντες</span> <span class='ocrx_word' id='word_1_779' title='bbox 2651 5673 2700 5724; x_wconf 75' lang='lat' dir='ltr'><strong>oi</strong></span> <span class='ocrx_word' id='word_1_780' title='bbox 2739 5671 3000 5738; x_wconf 76' lang='grc' dir='ltr'>τοιοῦτοι,</span> <span class='ocrx_word' id='word_1_781' title='bbox 3035 5671 3150 5734; x_wconf 82' lang='grc' dir='ltr'><strong>πῶς</strong></span> <span class='ocrx_word' id='word_1_782' title='bbox 3196 5671 3286 5724; x_wconf 86' lang='grc' dir='ltr'><strong>ὑπ’</strong></span> <span class='ocrx_word' id='word_1_783' title='bbox 3327 5671 3528 5743; x_wconf 76' lang='grc' dir='ltr'>ἀρετῆς</span> <span class='ocrx_word' id='word_1_784' title='bbox 3561 5673 3933 5727; x_wconf 72' lang='grc' dir='ltr'>κατευθύνον-</span> 
     </span>
    </p>
   </div>
   <div class='ocr_carea' id='block_1_110' title="bbox 2329 5763 3931 5837">
    <p class='ocr_par' dir='ltr' id='par_1_110' title="bbox 2329 5763 3931 5837">
     <span class='ocr_line' id='line_1_110' title="bbox 2329 5763 3931 5837; baseline 0.005 -20"><span class='ocrx_word' id='word_1_785' title='bbox 2329 5782 2446 5829; x_wconf 77' lang='grc' dir='ltr'>ται;</span> <span class='ocrx_word' id='word_1_786' title='bbox 2484 5764 2694 5833; x_wconf 60' lang='grc' dir='ltr'>Ἄνδρα</span> <span class='ocrx_word' id='word_1_787' title='bbox 2722 5763 2932 5818; x_wconf 78' lang='grc' dir='ltr'>ἄδικον</span> <span class='ocrx_word' id='word_1_788' title='bbox 2961 5765 3114 5819; x_wconf 72' lang='grc' dir='ltr'>κακὰ</span> <span class='ocrx_word' id='word_1_789' title='bbox 3141 5766 3414 5832; x_wconf 81' lang='grc' dir='ltr'>θηρεύσει</span> <span class='ocrx_word' id='word_1_790' title='bbox 3443 5768 3529 5831; x_wconf 70' lang='grc' dir='ltr'><strong>είς</strong></span> <span class='ocrx_word' id='word_1_791' title='bbox 3557 5765 3931 5837; x_wconf 54' lang='grc' dir='ltr'>διαφθοράν.</span> 
     </span>
    </p>
   </div>
   <div class='ocr_carea' id='block_1_111' title="bbox 668 5389 2229 5464">
    <p class='ocr_par' dir='ltr' id='par_1_111' title="bbox 668 5389 2229 5464">
     <span class='ocr_line' id='line_1_111' title="bbox 668 5389 2229 5464; baseline 0.004 -23"><span class='ocrx_word' id='word_1_792' title='bbox 668 5389 1039 5445; x_wconf 84' lang='lat' dir='ltr'><strong>contentiosus</strong></span> <span class='ocrx_word' id='word_1_793' title='bbox 1077 5400 1130 5445; x_wconf 91' lang='lat' dir='ltr'><strong>et</strong></span> <span class='ocrx_word' id='word_1_794' title='bbox 1157 5390 1474 5456; x_wconf 89' lang='lat' dir='ltr'><strong>maledicus,</strong></span> <span class='ocrx_word' id='word_1_795' title='bbox 1504 5395 1596 5462; x_wconf 87' lang='lat' dir='ltr'><strong>qui</strong></span> <span class='ocrx_word' id='word_1_796' title='bbox 1638 5396 1689 5447; x_wconf 88' lang='lat' dir='ltr'><strong>in</strong></span> <span class='ocrx_word' id='word_1_797' title='bbox 1725 5404 1940 5450; x_wconf 91' lang='lat' dir='ltr'><strong>terreno</strong></span> <span class='ocrx_word' id='word_1_798' title='bbox 1974 5396 2229 5464; x_wconf 89' lang='lat' dir='ltr'><strong>quopiam</strong></span> 
     </span>
    </p>
   </div>
   <div class='ocr_carea' id='block_1_112' title="bbox 666 5478 2228 5555">
    <p class='ocr_par' dir='ltr' id='par_1_112' title="bbox 666 5478 2228 5555">
     <span class='ocr_line' id='line_1_112' title="bbox 666 5478 2228 5555; baseline 0.008 -27"><span class='ocrx_word' id='word_1_799' title='bbox 666 5478 943 5546; x_wconf 86' lang='lat' dir='ltr'><strong>proposito</strong></span> <span class='ocrx_word' id='word_1_800' title='bbox 972 5489 1240 5546; x_wconf 81' lang='lat' dir='ltr'><strong>versetur,</strong></span> <span class='ocrx_word' id='word_1_801' title='bbox 1269 5481 1520 5550; x_wconf 63' lang='lat' dir='ltr'><strong>dirigitur</strong></span> <span class='ocrx_word' id='word_1_802' title='bbox 1549 5503 1564 5537; x_wconf 73' lang='grc' dir='ltr'><strong>ι</strong></span> <span class='ocrx_word' id='word_1_803' title='bbox 1608 5501 1671 5537; x_wconf 75' lang='lat' dir='ltr'><strong>ex</strong></span> <span class='ocrx_word' id='word_1_804' title='bbox 1715 5500 1781 5538; x_wconf 92' lang='lat' dir='ltr'><strong>co</strong></span> <span class='ocrx_word' id='word_1_805' title='bbox 1808 5501 2044 5555; x_wconf 90' lang='lat' dir='ltr'><strong>namque</strong></span> <span class='ocrx_word' id='word_1_806' title='bbox 2085 5489 2228 5555; x_wconf 86' lang='lat' dir='ltr'><strong>quod</strong></span> 
     </span>
    </p>
   </div>
   <div class='ocr_carea' id='block_1_113' title="bbox 665 5570 2227 5648">
    <p class='ocr_par' dir='ltr' id='par_1_113' title="bbox 665 5570 2227 5648">
     <span class='ocr_line' id='line_1_113' title="bbox 665 5570 2227 5648; baseline 0.008 -28"><span class='ocrx_word' id='word_1_807' title='bbox 665 5570 1037 5624; x_wconf 89' lang='lat' dir='ltr'><strong>contentiosus</strong></span> <span class='ocrx_word' id='word_1_808' title='bbox 1071 5571 1140 5624; x_wconf 87' lang='lat' dir='ltr'><strong>sit</strong></span> <span class='ocrx_word' id='word_1_809' title='bbox 1173 5574 1517 5640; x_wconf 86' lang='lat' dir='ltr'><strong>pervertitur.</strong></span> <span class='ocrx_word' id='word_1_810' title='bbox 1542 5575 1676 5630; x_wconf 85' lang='lat' dir='ltr'><strong>Cum</strong></span> <span class='ocrx_word' id='word_1_811' title='bbox 1719 5577 1864 5631; x_wconf 90' lang='lat' dir='ltr'><strong>enim</strong></span> <span class='ocrx_word' id='word_1_812' title='bbox 1915 5578 2227 5648; x_wconf 90' lang='lat' dir='ltr'><strong>hujusmodi</strong></span> 
     </span>
    </p>
   </div>
   <div class='ocr_carea' id='block_1_114' title="bbox 666 5659 2229 5736">
    <p class='ocr_par' dir='ltr' id='par_1_114' title="bbox 666 5659 2229 5736">
     <span class='ocr_line' id='line_1_114' title="bbox 666 5659 2229 5736; baseline 0.008 -22"><span class='ocrx_word' id='word_1_813' title='bbox 666 5659 916 5715; x_wconf 80' lang='lat' dir='ltr'><strong>homines</strong></span> <span class='ocrx_word' id='word_1_814' title='bbox 961 5665 1197 5731; x_wconf 84' lang='lat' dir='ltr'><strong>peccatis</strong></span> <span class='ocrx_word' id='word_1_815' title='bbox 1227 5664 1393 5720; x_wconf 86' lang='lat' dir='ltr'><strong>dediti</strong></span> <span class='ocrx_word' id='word_1_816' title='bbox 1430 5666 1557 5731; x_wconf 88' lang='lat' dir='ltr'><strong>sint,</strong></span> <span class='ocrx_word' id='word_1_817' title='bbox 1587 5685 1692 5736; x_wconf 86' lang='lat' dir='ltr'><strong>qua</strong></span> <span class='ocrx_word' id='word_1_818' title='bbox 1727 5669 1934 5724; x_wconf 87' lang='lat' dir='ltr'><strong>ratione</strong></span> <span class='ocrx_word' id='word_1_819' title='bbox 1971 5686 1999 5724; x_wconf 94' lang='lat' dir='ltr'><strong>a</strong></span> <span class='ocrx_word' id='word_1_820' title='bbox 2031 5671 2229 5726; x_wconf 88' lang='lat' dir='ltr'><strong>virtute</strong></span> 
     </span>
    </p>
   </div>
   <div class='ocr_carea' id='block_1_115' title="bbox 665 5749 2228 5829">
    <p class='ocr_par' dir='ltr' id='par_1_115' title="bbox 665 5749 2228 5829">
     <span class='ocr_line' id='line_1_115' title="bbox 665 5749 2228 5829; baseline 0.008 -25"><span class='ocrx_word' id='word_1_821' title='bbox 665 5749 1005 5821; x_wconf 84' lang='lat' dir='ltr'><strong>dirigantur?</strong></span> <span class='ocrx_word' id='word_1_822' title='bbox 1069 5753 1242 5807; x_wconf 85' lang='lat' dir='ltr'><strong>Virum</strong></span> <span class='ocrx_word' id='word_1_823' title='bbox 1281 5756 1531 5823; x_wconf 70' lang='lat' dir='ltr'><strong>injustam</strong></span> <span class='ocrx_word' id='word_1_824' title='bbox 1585 5760 1726 5813; x_wconf 85' lang='lat' dir='ltr'><strong>mala</strong></span> <span class='ocrx_word' id='word_1_825' title='bbox 1755 5763 1956 5829; x_wconf 81' lang='lat' dir='ltr'><strong>capient</strong></span> <span class='ocrx_word' id='word_1_826' title='bbox 1996 5764 2048 5815; x_wconf 88' lang='lat' dir='ltr'><strong>in</strong></span> <span class='ocrx_word' id='word_1_827' title='bbox 2097 5765 2228 5816; x_wconf 83' lang='lat' dir='ltr'><strong>inte-</strong></span> 
     </span>
    </p>
   </div>
  </div>
