4090 6312
191 368 287 428 557

1266 367 1629 424 EXPOSITIO
1682 368 1753 424 ΙΝ
1801 370 2125 428 ΡεΑιΜυδι
2170 373 2323 430 CXL.

3306 375 3405 431 538

192 484 396 554 Ὠσπερ
445 482 555 554 γὰρ
604 482 707 536 ὑπὸ
746 482 949 538 οἰκείας
993 483 1147 536 νόσου
1202 483 1569 556 διαφθείρεται
1614 486 1741 540 ἄνευ

1848 489 1974 543 ritu.
2024 488 2190 555 Quasi
2222 490 2365 543 enim
2419 490 2638 559 proprio
2692 489 2794 544 sibi
2833 488 3023 543 morbo
3058 504 3123 542 ex
3169 502 3267 543 sua
3308 487 3406 541 im-

190 580 282 647 τῆς
320 574 513 630 ἑαυτοῦ
564 575 790 638 κακίας,
827 574 985 644 δίκην
1032 574 1153 637 δοὺς
1200 575 1298 645 τὴν
1346 577 1744 648 προσήκουσαν.

199 667 375 731 Ἰκανὴ
412 665 520 739 γάρ
562 668 706 719 ἐστιν
736 667 854 718 ἀντὶ
884 668 1063 737 πάσης
1103 668 1367 740 τιμωρίας
1397 669 1493 741 τὴν
1522 668 1747 740 ἔχουσαν

189 761 353 832 αὐτὴν
387 760 563 832 ψυχὴν
595 762 629 831 ἡ
663 760 828 812 κακία
854 759 1207 831 διαφθείρειν.

561 855 865 907 ΨΑΛΜΟΣ
896 849 976 917 τῷ
1002 851 1201 906 Δαυΐδ.
1231 854 1371 908 PM'.

807 943 1128 1007 Ὑπόθεσις.

187 1032 400 1103 Ὅμοιος
453 1034 547 1087 καὶ
580 1034 740 1098 αὐτὸς
784 1034 862 1105 τῷ
896 1037 1069 1089 ὀπίσω
1108 1040 1317 1100 κεῖται,
1368 1036 1507 1108 πλὴν
1548 1037 1748 1107 δογμα-

807 1126 1004 1180 τικώτε
1013 1143 1122 1197 ρος.

249 1214 457 1282 Κύριε,
504 1214 797 1283 ἐκέκραξα
844 1217 993 1285 πρὸς
1038 1217 1145 1283 σὲ,
1195 1216 1565 1271 εἰσ-ἄκουσόν
1605 1234 1744 1288 μου·

1851 580 2120 650 probitate
2150 582 2351 645 interit,
2392 581 2713 652 congruenti
2763 598 2921 651 poena
2956 582 3238 635 multatus.
3279 580 3405 636 Sola

1851 671 1997 725 enim
2036 671 2356 739 improbitas
2389 672 2627 725 animam
2653 687 2716 726 ea
2759 671 3026 734 allectum,
3056 671 3173 726 \‘ice
3200 672 3405 741 suppli-

1850 762 1921 818 cii
1947 762 2256 833 cujuslibet,
2298 765 2351 817 in
2392 764 2667 817 interitum
2696 764 2937 833 conjicit.

2235 854 2572 911 PSALMUS
2631 855 2818 910 David.
2860 854 3023 911 CXL.

2430 951 2824 1017 Argumentum.

1854 1038 2061 1095 Similis
2086 1049 2169 1095 est
2202 1040 2288 1095 hic
2327 1042 2569 1119 psalmus
2608 1040 2963 1111 praecedenti;
3001 1056 3185 1095 rerum
3214 1040 3279 1095 ad
3310 1042 3407 1096 do-

2319 1135 2546 1186 ctrinam
2579 1133 2930 1187 commodior.

1936 1223 1988 1278 1.
2049 1223 2291 1289 Domine,
2323 1224 2546 1277 clamari
2593 1223 2660 1275 ad
2694 1234 2761 1289 te,
2804 1223 2998 1276 exaudi
3035 1239 3152 1276 me:
3205 1222 3407 1276 intende

181 1310 445 1378 αρόσχες
472 1308 545 1377 τῇ
571 1309 741 1379 φωνῇ
766 1308 875 1378 τῆς
896 1309 1159 1379 δεήσεώς
1184 1328 1323 1380 μου,
1347 1312 1416 1364 ἐν
1440 1310 1522 1375 τῷ
1550 1328 1741 1379 κεκρα-

1850 1318 1961 1370 uoci
2001 1316 2397 1385 supplicationis
2428 1331 2555 1369 mea:
2592 1333 2709 1369 cum
2756 1318 3047 1369 clamavero
3075 1314 3142 1367 ad
3194 1325 3257 1368 te.
3286 1315 3405 1368 Cla-

181 1399 346 1467 τέναι
386 1417 463 1469 με
493 1401 643 1469 πρὸς
676 1400 768 1454 σέ.
806 1401 871 1453 ’Ῑί
904 1400 1118 1473 κραυγὴ
1145 1401 1207 1454 τὸ
1240 1401 1485 1455 σύντονον
1512 1402 1609 1472 τῆς
1636 1402 1748 1456 δια-

180 1491 330 1555 νοίας
366 1493 580 1555 πάντως
619 1491 787 1563 δηλοῖ.
819 1492 1095 1564 Εὐμενῶς,
1124 1492 1278 1565 φησὶ,
1299 1493 1562 1558 Δέσποτα,
1596 1493 1746 1559 δέξαι

179 1583 278 1653 τὴν
303 1581 440 1653 ἐμὴν
465 1582 719 1637 ἱκετείαν.

248 1676 714 1745 Κατευθυνθήτω
755 1678 794 1746 ή
838 1678 1147 1747 προσευχὴ
1190 1695 1307 1748 μου
1352 1679 1434 1745 ὠς
1489 1677 1746 1747 θυμίαμα

173 1768 435 1824 ἐνώπιόν
461 1787 596 1825 σου.
622 1770 701 1824 Τὰ
729 1770 836 1824 ἀπὸ
872 1771 1107 1833 διανοίας
1149 1770 1453 1841 θυμιάμασι
1480 1770 1745 1842 παρεικά-

1849 1424 1972 1463 tuor
2002 1408 2402 1463 contentionem
2450 1409 2645 1463 mentis
2693 1423 2916 1476 prorsus
2958 1406 3176 1460 indicat.
3232 1404 3407 1459 Bene-

1847 1500 1993 1566 volo,
2034 1499 2227 1569 inquit,
2266 1501 2482 1567 animo,
2534 1497 2779 1564 Domine,
2828 1498 3015 1569 excipe
3060 1496 3407 1567 supplicatio-

1844 1610 1967 1648 nem
2003 1609 2198 1647 meam.

1914 1682 1968 1737 2.
2034 1682 2306 1753 Dirigatur
2338 1680 2506 1733 oratio
2557 1695 2671 1733 mea
2720 1682 2854 1733 sicut
2903 1680 3168 1733 incensum
3203 1678 3257 1730 in
3284 1692 3407 1729 con-

1846 1785 2020 1844 spectu
2055 1784 2161 1825 tuo.
2196 1771 2327 1838 Quae
2348 1786 2413 1825 ex
2439 1779 2616 1826 mente
2654 1770 2971 1841 procedunt,
3004 1770 3226 1823 incenso
3262 1781 3407 1821 com-

172 1862 282 1927 ζει,
330 1865 423 1919 ire
460 1865 631 1918 λεπτὰ
656 1864 805 1929 ὄντα,
835 1866 928 1917 καὶ
972 1863 1048 1935 τῷ
1091 1865 1235 1935 μόνῳ
1276 1864 1636 1934 ἁνατιθέμενα
1667 1864 1741 1935 τῷ

1843 1873 2019 1936 parat,
2054 1874 2237 1933 utpote
2265 1877 2387 1932 qua:
2422 1862 2639 1917 subtilia
2671 1863 2779 1917 sint
2818 1868 2871 1915 et
2898 1860 3005 1913 Deo
3042 1859 3141 1915 soli
3173 1856 3407 1912 offeran-

171 1953 318 2027 Θεῷ.
356 1958 649 2024 Ἔπαρσις
684 1955 803 2010 τῶν
831 1955 1043 2026 χειρῶν
1078 1974 1196 2025 μου
1224 1957 1403 2010 θυσία
1432 1954 1740 2024 ἐσπερινή.

170 2046 289 2110 Τὰς
321 2047 546 2117 πράξεις
582 2047 679 2112 τὰς
711 2047 800 2101 διὰ
844 2049 953 2101 τῶν
1000 2048 1197 2119 χειρῶν
1223 2048 1555 2119 δηλουμένας
1585 2048 1744 2118 θυσία

169 2138 522 2210 παρεικάζει,
556 2138 651 2192 ἅτε
691 2138 971 2211 παχύτερα
1008 2140 1136 2193 ὄντα
1182 2140 1329 2212 παρὰ
1358 2140 1457 2201 τὰς
1498 2141 1593 2210 τῆς
1630 2142 1745 2194 δια-

166 2232 323 2295 νοίας
348 2231 607 2304 αἱρέσεις.
634 2231 708 2284 Τὸ
726 2232 781 2285 δὲ
807 2234 1098 2304 ἑσπερινήν
1125 2249 1309 2303 φησιν,
1339 2234 1421 2286 ὅτι
1446 2234 1552 2305 χρὴ
1582 2233 1741 2307 μέχρι

163 2322 357 2387 τέλους
388 2321 614 2394 πράξεις
645 2322 978 2395 ἐπιτηδεύειν
1002 2322 1230 2391 ἀγαθάς.

239 2413 384 2477 Θοῦ,
416 2415 613 2481 Κύριε,
638 2413 922 2481 φυλακὴν
952 2414 1031 2479 τῷ
1054 2415 1307 2483 στόματί
1327 2433 1468 2484 μου,
1504 2416 1603 2469 καὶ
1642 2417 1741 2469 θύ-

158 2522 282 2573 ραν
326 2502 615 2574 περιοχῆς
656 2504 789 2573 περὶ
830 2504 902 2557 τὰ
947 2506 1117 2574 χειλη
1153 2523 1293 2575 μου.
1339 2507 1552 2578 Ἐπειδὴ
1602 2510 1741 2576 μέγα

161 2590 272 2649 οἶδε
294 2594 357 2648 τὸ
376 2594 673 2666 κατορθοῦν
699 2597 797 2666 τῆς
820 2594 1067 2665 γλώσσης
1088 2597 1185 2663 τὴν
1213 2597 1473 2669 φυλακὴν,
1498 2600 1586 2651 τὸν
1610 2600 1741 2653 Θεὸν

160 2689 312 2740 αἰτεῖ
332 2686 535 2757 ταύτης
558 2686 657 2757 τὴν
682 2688 1004 2759 ἐγκράτειαν
1030 2687 1177 2759 αὐτῷ
1200 2690 1545 2760 χαρίσασθαι.

239 2778 343 2846 Μὴ
369 2778 655 2845 ἐκκλίνῃς
686 2776 801 2844 τὴν
832 2778 1083 2845 καρδίαν
1119 2796 1237 2847 μου
1277 2782 1365 2846 είς
1392 2783 1612 2850 λόγους
1639 2796 1743 2833 πο-

161 2871 399 2935 νηρίας.
430 2868 685 2921 Τουτέστι
720 2869 791 2939 μὴ
822 2869 1182 2942 συγχωρήσῃς
1213 2874 1636 2943 παρατραπῆναι
1663 2875 1742 2935 εἰς

160 2960 225 3011 τὸ
255 2960 503 3012 ἐναντίον
539 2958 638 3031 τὴν
665 2958 812 3022 ἅπαξ
853 2958 1027 3023 καλῶς
1072 2962 1598 3016 κατασκευασθεῖσαν
1641 2981 1740 3034 μου

160 3057 427 3111 διάνοιαν·
452 3057 539 3110 ἵνα
569 3058 641 3130 μὴ
666 3058 1006 3127 νοῶηφησὶν,
1032 3059 1238 3121 ἑννοίας
1264 3056 1624 3128 παρανομίας.

234 3149 558 3203 Παιδεύσει
584 3166 662 3217 με
694 3148 919 3214 δίκαιος
948 3149 1017 3201 ἐν
1046 3148 1218 3213 ἐλέει,
1251 3150 1347 3201 καὶ
1382 3148 1610 3216 ἐλέγξει
1638 3164 1714 3215 με

162 3241 356 3293 Iliam
391 3240 490 3311 μὲν
511 3240 759 3295 παιδείαν
788 3240 1047 3312 δεξαίμην
1083 3239 1175 3293 τοῦ
1200 3239 1427 3301 δικαίου,
1462 3238 1560 3308 τὴν
1582 3237 1733 3289 εὐλο-

158 3333 287 3401 γίαν
319 3332 381 3386 δὲ
414 3334 508 3386 καὶ
548 3334 648 3404 τὴν
686 3334 972 3389 κολακείαν
1020 3332 1111 3387 τοῦ
1163 3330 1485 3403 ἁμαρτωλοῦ
1521 3332 1594 3402 μὴ
1643 3330 1737 3382 λά-

160 3425 339 3496 ϐοιμι,
373 3423 441 3478 δι’
478 3420 548 3496 ἧς
574 3424 763 3496 ὥσπερ
814 3425 992 3479 ἔλαιον
1033 3425 1132 3496 τὴν
1165 3423 1406 3494 κεφαλήν
1435 3440 1537 3494 μου
1570 3438 1738 3476 κατα-

160 3516 435 3587 χρίουσιν.

235 3606 361 3659 Ὄτι
387 3606 477 3659 ἔτι
508 3604 609 3659 καὶ
630 3604 669 3672 ἠ
701 3603 1009 3674 ,προσευχὴ
1040 3620 1157 3673 μου
1186 3602 1256 3655 ἐν
1283 3601 1413 3668 ταῖς
1439 3601 1739 3667 εὐδοκίαις

153 3696 400 3763 αὐτῶν,
438 3697 858 3765 κατεπόθησαν
902 3697 1157 3767 ἐχόμενα
1207 3693 1425 3763 πέτρας
1464 3697 1516 3748 οι
1548 3694 1740 3763 κριταί

152 3788 383 3843 αὐτῶν.
423 3790 640 3858 Ἐγγὺς,
682 3791 845 3860 φησὶ,
873 3790 1077 3858 πέτρας
1109 3787 1385 3857 γενόμενοι
1420 3803 1743 3841 καταποντι-

154 3878 481 3948 σθήσονται.
515 3878 776 3949 Σημαίνει
802 3877 880 3941 δὲ,
912 3878 988 3941 ὼς
1022 3876 1184 3939 αὐτὸς
1211 3876 1408 3939 αὐτοὺς
1436 3880 1463 3930 ὁ
1507 3878 1741 3948 Χριστὸς

153 3968 557 4023 καταποντίσει
594 3970 673 4031 εἰς
726 3967 815 4039 τὴν
842 3968 1095 4021 ἄϐυσσον.
1138 3968 1515 4020 Ἀκούσονται
1543 3966 1613 4021 τὰ
1631 3967 1740 4035 ρή-

143 4060 321 4135 ματὰ
366 4078 523 4130 μου,
570 4057 659 4113 ὅτι
704 4060 1078 4127 ἠδύνθησαν.
1110 4058 1400 4121 Ἐκὸασις,
1448 4059 1612 4129 φησὶ,
1645 4059 1742 4130 τῆς

152 4155 286 4207 κατ’
320 4152 503 4207 αὐτῶν
540 4150 924 4223 προλεχθείσης
948 4152 1235 4221 τιμωρίας,
1272 4150 1453 4204 πίστιν
1487 4149 1742 4221 ἀληθείας

151 4243 258 4297 καὶ
293 4240 628 4311 εὐπρεπείας
656 4242 725 4294 τὰ
762 4241 870 4313 ὲμὰ
896 4239 1110 4294 λάϐοιεν
1141 4244 1378 4312 ῥήματα.

243 4332 410 4386 Ὠσει
454 4331 651 4400 πάχος
701 4331 814 4402 γῆς
864 4330 1084 4401 ἐρράγη
1130 4332 1227 4385 ἐπὶ
1262 4330 1372 4398 τῆς
1418 4329 1553 4401 γῆς.
1595 4332 1739 4398 Πᾶν,

148 4424 335 4495 φησι,
378 4422 438 4475 τὸ
479 4421 679 4490 γεῶδες
724 4420 879 4491 ἡμῶν
920 4418 1315 4493 διερῤήξαμεν,
1364 4420 1743 4485 ταπεινοῦντες

1844 1966 1950 2011 tur.
1996 1953 2235 2009 Elevatio
2274 1970 2523 2006 manuum
2567 1970 2797 2007 mearum
2843 1952 3167 2021 sacri/icium
3204 1966 3407 2027 vesper-

1843 2048 2031 2100 tinum.
2065 2045 2240 2115 Opera
2267 2061 2362 2115 per
2406 2060 2601 2099 manus
2629 2044 2773 2099 edita
2805 2045 3073 2099 sacrilieio
3104 2050 3403 2113 comparat,

1842 2140 1969 2208 quia
2006 2140 2350 2194 sensibiliora
2381 2151 2505 2194 sunt
2535 2138 2701 2191 animi
2742 2139 3131 2193 voluntatibus.
3176 2135 3407 2206 Vesper-

1843 2232 2014 2285 tinum
2048 2240 2225 2284 autem
2271 2231 2366 2295 ait,
2401 2232 2527 2300 quia
2558 2239 2764 2300 oportet
2797 2232 2860 2283 ad
2889 2233 3046 2283 linem
3093 2245 3264 2297 usque
3306 2230 3404 2283 be-

1843 2322 1929 2376 nis
1957 2321 2207 2391 Operibus
2241 2339 2260 2373 κ
2274 2337 2452 2377 acare.

1912 2417 1967 2473 3.
2031 2415 2195 2480 Pone,
2237 2414 2479 2479 Domine,
2508 2415 2803 2467 custodiam
2838 2416 2918 2467 ori
2960 2431 3091 2481 meo,
3122 2427 3168 2468 et
3214 2414 3405 2468 ostium

1842 2509 2257 2562 circumstantia:
2286 2506 2440 2560 labiis
2474 2508 2621 2560 meis.
2654 2504 2791 2573 Quia
2827 2506 2975 2559 novit
3008 2520 3257 2575 magnam
3290 2519 3402 2558 rem

1841 2615 1962 2656 esse
2015 2600 2249 2669 linguam
2301 2598 2538 2668 perfecte
2587 2599 2881 2664 custodire,
2919 2596 3088 2652 Deum
3144 2605 3299 2667 rogat
3349 2608 3406 2649 ut

1844 2691 1948 2747 sibi
1982 2690 2242 2744 concedat
2280 2689 2475 2758 lingua.-
2512 2690 2951 2758 temperantiam.

1913 2783 1968 2837 4.
2026 2781 2146 2836 Νυη
2188 2781 2414 2835 declines
2448 2798 2537 2834 cor
2584 2797 2751 2834 meum
2782 2783 2834 2833 in
2877 2782 3031 2834 verba
3057 2780 3297 2834 malitia.
3348 2774 3404 2832 Id

1841 2887 1945 2942 est,
1982 2893 2049 2931 ne
2081 2875 2346 2931 concedas
2390 2885 2620 2927 mentem
2668 2888 2841 2926 meam
2874 2872 3037 2927 semel
3080 2873 3245 2942 probe
3275 2887 3406 2925 con-

1843 2970 2117 3023 ciunatam
2151 2968 2205 3021 in
2244 2966 2532 3021 adversum
2560 2981 2799 3034 vergere,
2854 2972 2914 3019 ut
2958 2980 3064 3018 non
3098 2964 3401 3031 admittam,

1844 3060 2040 3127 inquit,
2071 3058 2429 3127 cogitationes
2469 3058 2793 3126 iniquitatis.

1914 3152 1967 3205 5.
2024 3150 2282 3219 Corripiet
2329 3166 2407 3202 me
2428 3150 2605 3217 justus
2637 3149 2691 3201 in
2734 3146 3114 3208 misericordia,
3153 3157 3200 3200 et
3236 3148 3404 3199 incre-

1837 3244 1981 3314 pabit
2017 3261 2115 3307 me,
2159 3251 2264 3296 etc.
2305 3239 2534 3295 Omnem
2570 3241 2978 3309 castigationem
3012 3254 3041 3293 a
3081 3239 3227 3307 justo
3261 3239 3402 3293 acci-

1839 3337 1983 3407 piam
2012 3354 2026 3389 :
2064 3335 2493 3389 benedictionem
2527 3342 2706 3386 autem
2737 3341 2787 3385 et
2815 3330 3178 3384 adulationem
3208 3342 3400 3396 pecea-

1839 3425 1977 3480 toris
2026 3441 2093 3479 ne
2126 3425 2435 3491 admittam,
2475 3440 2581 3493 qua
2634 3422 2799 3477 veluti
2839 3424 2959 3476 oleo
3007 3431 3169 3491 caput
3221 3436 3399 3473 meum

1840 3516 2129 3586 inungunt.

1909 3610 1963 3663 6.
2015 3609 2275 3674 Quoniam
2310 3608 2479 3660 adhuc
2510 3618 2556 3661 et
2607 3608 2777 3660 oratio
2817 3622 2930 3659 mea
2977 3607 3031 3658 in
3062 3605 3399 3675 bencplacitis

1838 3717 2038 3765 eorum,
2086 3700 2320 3768 absorpti
2361 3711 2480 3753 sunt
2522 3698 2683 3768 juxta
2726 3706 2927 3767 petram
2958 3697 3163 3763 judices
3197 3711 3398 3749 eorum.

1838 3789 2000 3845 Juxta
2052 3800 2256 3859 petram
2304 3790 2606 3851 constituti,
2646 3789 2741 3849 ait,
2802 3786 3254 3841 absorbebantur.
3318 3781 3402 3838 Si-

1841 3884 2061 3953 gniﬁcat
2088 3890 2268 3936 autem
2301 3882 2475 3949 ipsum
2508 3881 2784 3933 Clu-istum
2820 3893 2913 3932 eos
2944 3878 2996 3930 in
3027 3878 3283 3946 abyssum
3307 3876 3403 3930 de-

1842 3987 2167 4027 met-surum.
2197 3970 2423 4024 Audient
2457 3972 2606 4023 rerba
2642 3985 2756 4023 mea
2788 3968 3032 4038 quoniam
3073 3966 3399 4035 placuerunt.

1844 4064 2116 4128 Eventus,
2174 4065 2268 4129 ait,
2325 4062 2670 4133 prmnuntiati
2730 4072 2916 4117 contra
2977 4061 3096 4115 illos
3153 4060 3402 4129 supplicii

1841 4157 2055 4211 aderit:
2108 4157 2234 4209 hinc
2280 4164 2460 4208 autem
2504 4154 2746 4207 Veritatis
2804 4161 2859 4207 et
2908 4152 3189 4206 modestia:
3238 4151 3400 4206 ﬁdem

1841 4251 2003 4304 verba
2036 4263 2156 4302 mea
2191 4248 2475 4316 accipient.

1914 4341 1965 4394 7.
2022 4339 2167 4394 Sicut
2193 4340 2485 4393 crassitudo
2517 4347 2668 4392 terra:
2693 4347 2877 4407 erupta
2900 4346 2977 4390 est
2999 4352 3156 4406 super
3182 4346 3398 4390 terram.

1840 4435 1997 4503 Quod
2034 4444 2304 4487 terrenum
2335 4442 2451 4486 erat
2496 4432 2549 4485 in
2593 4431 2771 4495 nobis,
2831 4431 3028 4500 inquit,
3078 4431 3401 4500 dirupimus,

143 4514 395 4575 ἑαυτοὺς
418 4510 507 4563 διὰ
530 4510 611 4563 σέ·
644 4509 813 4572 οὕτως
838 4510 913 4573 ὼς
940 4513 1121 4564 πᾶσαν
1151 4510 1374 4580 δύναμιν
1398 4510 1554 4580 ἡμῶν
1580 4510 1737 4581 μέχρι

1844 4528 2204 4597 nosmetipsos
2232 4535 2449 4595 propter
2493 4534 2544 4579 te
2596 4524 2975 4588 bumiliantes;
3018 4524 3089 4577 ita
3121 4531 3180 4576 ut
3223 4526 3404 4580 omnis

142 4601 289 4673 ᾅδου
320 4597 731 4669 κατενεχθῆναι.
758 4600 977 4669 Ὅμοιον
1001 4598 1057 4651 δὲ
1081 4597 1239 4651 τοῦτο
1264 4597 1361 4667 τῷ,
1386 4598 1597 4652 Ἕνεκα
1620 4598 1735 4653 σοῦ

140 4692 579 4762 θανατούμεθα
610 4691 759 4759 ὅλην
792 4690 904 4759 τὴν
929 4690 1175 4760 ἡμέραν.

218 4891 361 4943 Ὅτι
399 4888 548 4955 πρὸς
575 4886 682 4950 σὲ,
720 4887 914 4955 Κύριε,
952 4887 1146 4956 Κύριε,
1190 4890 1245 4942 ol
1278 4888 1571 4957 ὀφθαλμοί
1596 4908 1735 4959 μου.

151 4980 317 5051 Ἐγὼ
349 4980 409 5033 δὲ
431 4979 606 5032 οὐδενὶ
627 4978 733 5031 τῶν
758 4978 1107 5051 ἀνθρωπίνων
1134 4979 1336 5053 0αρρὦ
1362 4979 1494 5034 ἀλλὰ
1519 4982 1615 5051 τὴν
1642 4981 1740 5052 σὴν

1839 4630 2026 4676 nostra
2056 4621 2225 4673 virtus
2259 4619 2322 4671 ad
2353 4616 2624 4670 infernum
2664 4632 2837 4685 usque
2869 4615 3280 4684 deprimeretur.
3317 4615 3404 4669 Si-

1839 4712 1966 4765 mile
1992 4719 2075 4765 est
2105 4722 2281 4764 autem
2333 4708 2452 4761 illi:
2490 4705 2714 4771 Propter
2759 4716 2807 4759 te
2858 4706 3244 4775 mortiﬁcamur
3293 4716 3403 4761 tota

1838 4804 1922 4855 die
1949 4801 2017 4855 ⁸⁷.

1910 4891 1961 4946 8.
2018 4890 2158 4956 Quia
2203 4890 2271 4943 ad
2298 4900 2367 4953 te,
2413 4888 2653 4953 Domine,
2688 4887 2929 4953 Domine,
2957 4886 3099 4939 oculi
3138 4886 3260 4940 mei.
3288 4884 3401 4956 Ego

1840 5000 1968 5039 vero
2000 4984 2130 5039 nulli
2160 4984 2409 5037 humana:
2438 4983 2513 5036 rei
2543 4982 2794 5046 contido;
2824 4982 2915 5035 sed
2951 4990 3101 5032 tuum
3146 4992 3399 5049 exspecto

1839 5077 2122 5143 auxilium,
2163 5086 2215 5130 et
2256 5092 2385 5143 rogo
2415 5084 2475 5128 ut
2519 5090 2586 5128 ne
2616 5074 2796 5127 anima
2842 5088 2961 5126 mea
3010 5072 3102 5126 illo
3144 5072 3397 5126 nudetur.

1843 5168 1908 5222 In
1950 5182 1999 5221 te
2043 5169 2267 5237 speravi,
2307 5184 2409 5220 non
2446 5167 2657 5235 auferas
2704 5167 2940 5218 animam
2989 5178 3174 5216 meam.
3211 5161 3263 5216 Id
3296 5172 3396 5224 est,

1842 5276 1908 5312 re
1949 5257 2192 5311 etl'undas
2224 5267 2318 5311 aut
2342 5271 2570 5312 evacues
2603 5270 2764 5325 quam
2801 5254 2851 5307 in
2888 5262 2939 5308 te
2979 5253 3207 5322 positam
3246 5268 3403 5320 spem

1842 5352 1908 5405 ha
1918 5351 2034 5404 beo.

1912 5444 1998 5496 10.
2059 5441 2258 5496 Cadent
2292 5444 2345 5494 in
2369 5440 2621 5494 retiaculo
2645 5439 2758 5507 ejus
2784 5448 3099 5509 peccatores.
3134 5436 3394 5502 lncidant,

1842 5535 2035 5605 inquit,
2073 5535 2127 5588 in
2159 5550 2255 5588 sua
2304 5535 2434 5588 retia
2485 5546 2798 5603 peceatores
2830 5550 2843 5585 :
2890 5530 3241 5601 Singulariter
3281 5544 3397 5583 sum

1840 5646 1951 5699 ego,
1986 5629 2146 5680 donec
2180 5637 2463 5681 transeam.
2496 5624 2670 5691 Tunc,
2702 5629 2796 5692 ait,
2821 5627 2937 5680 sine
2981 5625 3172 5678 timore
3208 5634 3261 5680 et
3288 5622 3399 5679 sol-

137 5071 461 5143 προσμένω
492 5070 740 5141 βοήθειαν
761 5111 777 5135 ,
805 5071 899 5124 καὶ
928 5070 1226 5141 παρακαλῶ
1256 5072 1452 5141 ταύτης
1485 5073 1581 5143 τὴν
1604 5074 1740 5144 ἐμὴν

138 5168 220 5237 μὴ
261 5161 632 5233 γυμνωθῆναι
666 5162 866 5233 ψυχήν.
907 5164 1027 5215 Ἐπὶ
1062 5163 1161 5216 σοὶ
1191 5163 1455 5232 ἤλπισα,
1481 5164 1566 5232 μὴ
1596 5166 1738 5219 ἀντ-

134 5258 391 5323 ανέλῃς
437 5252 553 5321 τὴν
582 5254 793 5323 ψυχήν
830 5272 968 5323 μου.
1025 5256 1167 5310 Ἀντὶ
1202 5255 1328 5308 τοῦ·
1372 5254 1462 5327 Μὴ
1506 5256 1739 5331 ἐκχύσῃς

133 5349 168 5423 ἢ
204 5344 546 5414 ἐκκενώαῃς
574 5345 673 5415 τῆς
704 5345 915 5408 ἐλπίδος
948 5340 1013 5415 ἦς
1047 5345 1153 5416 ἔχω
1179 5345 1312 5415 πρὸς
1345 5346 1425 5398 σέ.

210 5436 573 5494 Πεσοῦνται
610 5437 681 5489 ὲν
711 5438 1135 5505 ἀμφιϐλήστρῳ
1162 5436 1362 5491 αὐτῶν
1402 5440 1454 5491 οἱ
1480 5438 1740 5507 ἁμαρτω-

132 5535 263 5588 .101.
342 5528 705 5597 ‘Epnécrotsv,
758 5533 941 5600 φησὶν,
986 5532 1065 5592 εἰς
1114 5531 1183 5584 τὰ
1222 5530 1424 5583 ἑαυτῶν
1473 5530 1664 5585 δίκτυα
1689 5534 1738 5585 οἱ

131 5619 501 5696 ἁμαρτωλοί.
544 5623 891 5689 Καταμόνας
916 5623 1028 5691 εἰμὶ
1058 5623 1172 5695 ἐγὼ
1205 5622 1313 5688 ἕως
1341 5622 1417 5677 ἂν
1447 5624 1733 5692 παρέλθω.

174 5806 222 5839 ’τ
261 5801 443 5857 Rom.
478 5812 600 5859 rm,
647 5798 735 5855 56..
