4068 6310
721 364 823 418 539

1539 362 1595 416 S.
1635 362 2007 417 A'l'llANASll
2047 361 2196 417 OPP.
2238 360 2417 416 PARS
2455 358 2541 413 lll.
2585 388 2652 399 —
2691 355 3099 413 EXEGETICA.
3855 353 3944 407 5l0

720 483 996 537 licitutline
1035 483 1397 551 pertransibo,
1444 497 1565 536 cum
1611 483 1712 552 ipsi
1759 494 2068 553 peccatores
2095 485 2146 538 in
2179 500 2276 539 sua

2385 483 2533 548 Τότε,
2570 481 2735 551 φησὶ,
2772 477 3179 548 παρελεύσομαι
3223 471 3439 542 ἀφόϐως
3480 472 3574 523 καὶ
3617 471 3944 541 ἀμερίμνως,

721 574 852 625 retia
914 573 1216 626 inciderint.
1256 571 1369 641 Ego
1407 586 1535 626 vero
1589 574 1658 626 ab
1703 572 1770 628 iis
1817 582 2128 643 segregatus
2183 572 2278 627 de-

720 679 862 732 gam,
899 664 1070 718 d0nec
1107 665 1226 717 vita:
1252 665 1411 717 linem
1444 678 1726 734 accepero.

789 842 839 896 ί.
883 840 1187 894 Intellectus
1242 840 1432 902 David,
1485 857 1603 893 cum
1653 850 1784 894 esset
1840 842 1894 893 in
1940 840 2209 910 spelunca,

1291 926 1483 977 oratio.
1526 922 1721 977 CXLI.

1307 1017 1348 1067 Α
1362 1025 1684 1084 rgumentum
1695 1056 1707 1068 .

717 1104 903 1159 Oratio
930 1116 980 1160 ct
1012 1107 1142 1159 nihil
1171 1105 1313 1159 aliud
1348 1115 1475 1159 sunt
1520 1107 1727 1160 istliaec.
1765 1104 1966 1160 Verum
2009 1105 2280 1159 intellectu

789 1214 924 1266 opus
961 1199 1192 1263 habent;
1237 1207 1293 1251 ut
1323 1197 1632 1253 ediscamus
1672 1214 1772 1252 nos
1804 1213 1914 1266 quo
1949 1206 2108 1267 pacto
2147 1199 2282 1252 inter

785 1289 964 1342 varias
994 1289 1332 1354 occasiones,
1361 1290 1502 1342 mala
1536 1289 1771 1358 ell‘ugere
1798 1289 2092 1344 valeamus.

784 1440 899 1494 2-5.
976 1440 1107 1494 Voce
1158 1459 1271 1494 mea
1309 1442 1377 1494 ad
1411 1441 1690 1494 Dominum
1731 1442 1973 1502 clamavi.
2021 1460 2139 1496 voce
2170 1460 2284 1496 mea

714 1534 784 1585 ad
823 1531 1102 1585 Dominum
1134 1533 1437 1599 deprecatus
1467 1551 1600 1586 sum.
1639 1532 1922 1601 Eﬂ'undam
1969 1537 2022 1588 in
2071 1552 2284 1603 conspe-

715 1637 800 1676 etu
843 1625 955 1693 ejus
1009 1627 1296 1678 oralionem
1353 1643 1538 1680 meam.
1588 1626 1777 1681 Totam
1828 1637 2062 1680 mentem
2105 1642 2281 1692 suam,

715 1715 909 1784 inquit,
956 1713 1184 1770 Domino
1228 1717 1450 1770 dicavit.
1503 1714 1916 1770 Tribulationem
1954 1735 2123 1771 meam
2165 1729 2285 1771 ante

713 1808 884 1870 ipsum
917 1807 1293 1876 pronuntiabo.
1353 1806 1410 1860 ln
1456 1809 1750 1873 curriculo,
1791 1809 1985 1879 inquit,
2023 1824 2120 1879 pro
2171 1809 2280 1878 ipsa

712 1900 893 1952 anima
955 1909 1311 1962 concertans,
1375 1902 1797 1970 supplicationes
1841 1902 2031 1963 oﬂ'ero,
2087 1917 2282 1971 rogans

711 1993 1092 2047 tribulationes
1129 1994 1319 2049 minui.
1365 1992 1518 2050 Nosti
1551 1997 1736 2065 utique
1775 2009 1859 2048 me
1911 1993 2110 2061 injuria
2161 2009 2282 2063 per-

714 2085 1046 2138 secutionem
1078 2087 1205 2154 pati.

785 2177 836 2230 4.
886 2175 952 2230 1η
987 2178 1275 2247 deficiendo
1307 2196 1370 2232 ea:
1401 2196 1478 2232 me
1509 2180 1750 2248 spiritum
1784 2195 1970 2232 meum.
2011 2179 2153 2242 Haec,
2186 2181 2280 2242 ait,

713 2266 998 2332 faciebam,
1032 2270 1300 2322 malorum
1365 2271 1706 2324 vehementia
1762 2282 2091 2341 coaspecta;
2158 2289 2281 2326 nam

711 2374 877 2427 prope
911 2368 1135 2412 mortem
1172 2361 1341 2429 ipsam
1374 2364 1646 2417 versabar.
1685 2361 1755 2415 Et
1783 2374 1838 2416 tu
1875 2365 2162 2431 cognovisti
2199 2381 2283 2417 se-

712 2448 870 2501 mitas
918 2465 1077 2502 meas.
1130 2448 1252 2505 llzec
1303 2453 1465 2505 verba
1502 2471 1513 2505 :
1552 2452 1619 2504 Et
1650 2463 1704 2505 tu
1752 2455 2035 2524 cognovisti
2070 2455 2283 2507 semitas

710 2557 876 2605 meas,
907 2551 1033 2596 sunt
1080 2542 1293 2597 tidcntis
1343 2546 1393 2596 in
1443 2545 1563 2598 vita:
1596 2560 1761 2599 cursu
1793 2556 1845 2600 et
1905 2550 1953 2598 in
1996 2547 2277 2615 operibus.

709 2634 845 2688 Cum
882 2636 1088 2689 videret
1121 2646 1301 2690 autem
1336 2637 1650 2706 spirituales
1692 2639 1877 2693 hostes
1909 2652 2164 2694 curantes
2198 2641 2282 2693 in-

712 2729 923 2782 troduci
973 2726 1188 2784 Saulem
1254 2731 1307 2783 in
1362 2731 1714 2800 speluncam,
1774 2731 1992 2787 Davidis
2040 2734 2282 2802 capiendi

709 2836 897 2883 causa,
925 2822 1045 2891 jure
1092 2822 1351 2876 dicebat:
1402 2823 1792 2876 Absconderunt
1843 2823 2084 2892 laqueum
2133 2825 2282 2890 mihi,

711 2930 873 2983 quem
910 2930 1149 2983 praesens
1182 2916 1357 2968 oratio
1407 2915 1712 2982 dissipavit.
1765 2913 1896 2968 Nam
1931 2915 2073 2984 quod
2110 2917 2285 2970 homi-

713 3022 809 3060 nes
837 3007 1131 3075 spectabat,
1166 3007 1594 3075 comprehensus
1641 3007 1921 3075 spelunca,
1965 3009 2110 3061 omni
2150 3008 2279 3062 ellu-

712 3098 889 3166 giendi
935 3098 1016 3152 via
1064 3099 1385 3152 interclusus
1416 3111 1553 3162 erat,
1596 3115 1696 3153 nec
1739 3110 1852 3153 erat
1889 3101 1982 3170 qui
2030 3101 2284 3155 liberaret

710 3203 857 3254 eum,
891 3205 989 3242 nec
1011 3189 1101 3258 qui
1143 3191 1444 3259 requireret
1485 3192 1720 3244 animam
1761 3192 1900 3261 ejus.

779 3279 833 3332 5.
888 3277 951 3332 In
979 3281 1064 3332 ria
1111 3280 1208 3332 hac
1253 3297 1358 3348 qua
1403 3281 1736 3333 ambulabam
1775 3282 2154 3336 absconderant
2195 3285 2277 3335 la-

711 3385 898 3439 queum
940 3372 1089 3424 mihi.
1137 3369 1194 3423 Si
1243 3371 1367 3439 quis
1400 3371 1671 3439 spelunca
1727 3372 1906 3426 locum
1952 3373 2276 3438 consideret,

717 3462 832 3515 haec
879 3470 1246 3530 congruenter
1278 3463 1419 3515 dicta
1464 3460 1629 3517 fuisse
1671 3466 1923 3532 reperiet.
1963 3462 2280 3518 Considera-

712 3554 833 3607 bam
875 3554 942 3606 ad
973 3556 1239 3609 dexteram
1283 3565 1332 3608 et
1380 3555 1639 3619 videbam,
1684 3565 1733 3608 et
1780 3573 1881 3609 non
1928 3566 2040 3609 erat
2074 3559 2163 3625 qui
2194 3574 2280 3610 co-

712 3657 976 3716 gnosceret
1007 3663 1106 3701 me.
1143 3647 1498 3716 Apponebant
1533 3648 1783 3700 virtutem
1818 3648 2121 3701 colentibus
2147 3665 2279 3702 con.-

714 3740 960 3804 gruentia
1017 3739 1237 3792 malitiae
1287 3738 1748 3806 machinamenta,
1787 3738 2038 3794 videlicet
2083 3740 2134 3794 ei
2191 3742 2281 3810 qui

714 3843 838 3881 cum
883 3828 1143 3896 sapientia
1196 3827 1540 3895 ambulabat;
1594 3828 2001 3884 abscondebant
2055 3846 2153 3899 pro
2204 3832 2280 3883 la-

717 3933 879 3988 queo,
907 3919 1228 3988 sapientiam
1262 3935 1382 3987 quae
1431 3921 1730 3974 secundum
1778 3919 1950 3974 Deum
2004 3937 2111 3974 non
2161 3929 2281 3987 est;

715 4013 976 4078 qumrenti
1018 4013 1379 4079 cognitionem
1440 4012 1786 4081 apponebant
1831 4029 1949 4067 eam
1983 4029 2103 4082 quae
2145 4012 2282 4068 falso

719 4104 793 4156 ita
821 4112 1064 4157 vocatur.
1102 4101 1215 4158 lloc
1245 4119 1407 4173 porro
1436 4105 1637 4158 dictum
1687 4105 1923 4174 aliquam
1955 4105 2117 4159 habet
2151 4122 2274 4159 cum

718 4193 810 4247 illo
866 4192 1201 4258 afﬁnitatem,
1250 4193 1419 4247 Juxta
1475 4196 1574 4248 iter
1627 4195 1938 4248 scandalum
1994 4208 2276 4265 posuerunt

717 4284 866 4338 milii.
922 4284 1158 4340 Possunt
1215 4296 1391 4340 autem
1433 4288 1521 4342 hic
1570 4287 1750 4356 laquei
1797 4303 1893 4357 per
1951 4289 2278 4359 hyperbolen

715 4373 1012 4439 declarari;
1048 4375 1101 4426 in
1131 4390 1266 4442 quos
1297 4375 1504 4430 scilicet
1549 4376 1737 4431 incidit
1768 4377 1858 4445 qui
1891 4393 2002 4432 non
2057 4377 2160 4432 sibi
2195 4393 2279 4432 ca-

2383 571 2511 626 ὅταν
2558 571 2710 624 αὐτοὶ
2753 571 2804 622 οἱ
2851 566 3160 638 ἁμαρτωλοὶ
3204 566 3314 627 τοῖς
3365 562 3568 615 ἑαυτῶν
3620 561 3948 630 περιπέσωβι

2383 662 2636 724 δικτύοις.
2684 659 2822 728 Ἐγὼ
2863 660 2917 713 δὲ
2965 658 3168 712 τούτων
3215 654 3632 725 κεχωρισμένως
3673 653 3946 704 διατελέσω

2383 755 2484 816 ἕως
2516 754 2580 806 ἂν
2610 753 2845 822 δὲξωμαι
2873 751 2966 804 τοῦ
2997 750 3112 820 βίου
3135 747 3195 802 τὸ
3229 749 3415 818 πέρας.

2451 843 2760 907 Συνέσεως
2786 840 2863 905 τῷ
2891 840 3088 904 Δαυῒδ,
3115 840 3184 891 ἐν
3211 837 3291 902 τῷ
3318 834 3465 890 εἶναι
3496 835 3688 888 αὑτὸν
3716 834 3787 887 ἐν
3815 832 3888 897 τῷ

2731 925 3024 991 σπηλαίῳ,
3058 921 3387 990 προσευχὴ.
3415 922 3599 972 ΡΜΑ’.

3019 1010 3336 1074 Ὑπόθεσις.

2384 1104 2664 1176 Προσευχὴ
2703 1105 2798 1175 μὲν
2836 1105 2950 1156 ἔστι
2980 1103 3073 1155 καὶ
3103 1102 3250 1154 οὐδὲν
3277 1103 3457 1172 ἕτερον
3488 1100 3557 1153 τὰ
3602 1098 3948 1170 προκείμενα.

2455 1197 2601 1268 Πλὴν
2634 1197 2766 1248 ἀλλά
2794 1196 2962 1249 δεῖται
2998 1194 3282 1258 συνέσεως
3318 1195 3462 1256 ὅπως
3495 1191 3560 1244 ἂν
3587 1194 3752 1260 ἡμεῖς
3778 1189 3947 1260 μάθω-

2456 1305 2552 1358 μεν
2601 1288 2702 1340 τίνι
2745 1287 2929 1359 τρόπῳ
2973 1289 3029 1338 ἐν
3073 1286 3453 1357 περιστάσεσιν
3497 1283 3648 1345 ὀντες
3679 1281 3946 1349 διαφυγεῖν

2455 1377 2770 1448 δυνηθῶμεν
2799 1377 2867 1430 τά
2893 1394 3028 1447 πονη
3037 1377 3122 1447 ρὰ.

2454 1469 2624 1537 Φωνῇ
2651 1487 2770 1539 μου
2816 1470 2963 1537 πρὸς
2995 1471 3209 1538 Κύριοι·
3249 1468 3568 1536 ἐκέκραξα·
3619 1465 3792 1536 φωνῇ
3841 1485 3945 1535 μου

2384 1559 2533 1626 πρὸς
2556 1562 2772 1628 Κύριον
2798 1559 3070 1626 ἐδεήθην.
3111 1558 3323 1628 Ἐκχεῶ
3349 1558 3603 1612 ἐνώπιον
3632 1555 3821 1611 αὐτοῦ
3845 1556 3948 1620 τὴν

2383 1649 2596 1717 δέησίν
2634 1669 2769 1719 μου.
2810 1650 2976 1721 Ὅλην
3014 1650 3200 1720 ὥσπερ
3225 1650 3322 1720 τὴν
3353 1650 3588 1703 διάνοιαν
3629 1647 3798 1701 αὐτοῦ
3829 1647 3947 1700 ἀνα-

2384 1742 2614 1804 τέθεικε,
2646 1743 2797 1812 φησὶ,
2823 1741 2898 1810 τῷ
2931 1742 3136 1812 Κυρίῳ.
3175 1739 3293 1805 Τὴν
3318 1741 3526 1808 θλίψιν
3549 1756 3669 1807 μου
3706 1737 3947 1791 ἐνώπιον

2384 1835 2569 1888 αὑτοῦ
2597 1832 2928 1902 ἀπαγγελῶ.
2963 1834 3066 1886 Τὸν
3099 1835 3225 1904 περὶ
3249 1833 3438 1903 αὐτῆς,
3470 1834 3624 1903 φησι,
3651 1831 3753 1900 τῆς
3784 1830 3947 1900 ψυχῆς

2383 1925 2774 1995 ἀγωνιζόμενος
2825 1925 3055 1996 δρόμον,
3117 1926 3212 1990 τάς
3261 1927 3471 1996 δεήσεις
3516 1926 3807 1998 ἀναφέρω,
3861 1928 3948 1987 τὰς

2383 2016 2588 2085 θλίψεις
2634 2017 2902 2070 διαδοῦναι
2947 2019 3254 2087 εὐχόμενος.
3298 2019 3382 2081 Ὡς
3418 2019 3477 2070 οὐ
3518 2018 3743 2081 δικαίως
3774 2016 3950 2071 διώκου-

2386 2127 2504 2179 μαι,
2541 2109 2850 2170 ἐπίστασαι,
2885 2111 3065 2179 φησίν.

2467 2200 2568 2253 Ἐν
2593 2201 2673 2267 τῷ
2693 2203 2992 2256 ἐκλείπειν
3017 2202 3085 2267 ἐξ
3113 2202 3255 2271 ἐμοῦ
3276 2203 3341 2256 τὸ
3365 2202 3596 2272 πνεῦμά
3617 2221 3758 2270 μου.
3779 2202 3949 2256 Ταῦτα

2382 2293 2437 2344 δὲ
2466 2293 2650 2362 ἔδρων,
2689 2295 2784 2363 τὴν
2819 2294 3121 2366 ὑπερϐολὴν
3162 2295 3429 2366 θεώμενος
3455 2296 3562 2348 τῶν
3589 2295 3796 2348 κακῶν·
3831 2300 3948 2366 παρ’

2384 2383 2543 2436 nam
2572 2385 2680 2454 γὰρ
2713 2385 3051 2457 ὲσκηνούμην
3083 2386 3172 2438 τὸν
3209 2385 3453 2439 θάνατον.
3497 2387 3606 2440 Kal
3638 2387 3723 2440 σὺ
3772 2388 3947 2455 ἔγνως

2384 2474 2489 2539 τὰς
2534 2476 2768 2542 τρίϐους
2800 2494 2953 2544 μου,
2990 2477 3313 2550 θαρροῦντος
3355 2482 3420 2549 τῇ
3463 2478 3554 2530 τοῦ
3605 2477 3723 2545 βίου
3771 2478 3951 2547 πορεία

2383 2565 2477 2616 καὶ
2508 2569 2624 2628 ταῖς
2666 2566 2895 2637 πράξεσι
2929 2569 3020 2631 τὸ,
3054 2569 3135 2620 Σὺ
3169 2569 3355 2637 ἔγνως
3397 2569 3502 2633 τὰς
3544 2571 3782 2635 τρίϐους
3819 2587 3946 2637 μου.

2396 2655 2565 2724 Ὁρῶν
2584 2656 2640 2708 δὲ
2655 2659 2779 2719 τοὺς
2796 2660 3015 2727 νοητοὺς
3036 2659 3132 2725 τῆς
3156 2658 3332 2727 ψυχῆς
3359 2658 3584 2729 ἐχθροὺς
3610 2660 3950 2730 παρασκευά-

2386 2763 2582 2810 σαντας
2633 2747 2890 2801 εἰσελθεῖν
2939 2749 3028 2801 τὸν
3078 2749 3247 2802 Σαοὺλ
3290 2751 3370 2812 εἰς
3415 2749 3474 2802 τὸ
3525 2751 3788 2820 σπήλαιον
3819 2749 3950 2819 ὑπὲρ

2383 2839 2476 2893 τοῦ
2508 2840 2872 2912 συλληφθῆναι
2898 2843 2987 2895 τὸν
3017 2841 3196 2904 Δαυῖδ,
3227 2843 3447 2906 εἰκότως
3475 2841 3713 2910 ἐλέγετο·
3743 2843 3948 2910 Ἔκρυ-

2383 2935 2509 2998 urar
2557 2931 2778 3000 παγίδα
2815 2950 2938 2999 μοι,
2981 2933 3047 3001 ἣν
3092 2934 3124 3000 ἡ
3151 2931 3400 3002 παροῦσα
3443 2933 3762 3000 κατήργησε
3792 2947 3947 3000 προσ-

2385 3021 2540 3090 ευχή.
2569 3021 2641 3071 Τὸ
2670 3021 2776 3090 γὰρ
2808 3022 2893 3072 ἐπ’
2928 3019 3250 3090 ἀνθρώποις,
3284 3018 3601 3088 συλληφθεὶς
3627 3022 3683 3071 ὲν
3717 3018 3796 3088 τῷ
3825 3034 3948 3085 σπη-

2383 3111 2539 3178 λαίῳ,
2584 3109 2827 3181 δρασμοῦ
2874 3111 3071 3174 παντὸς
3119 3110 3542 3174 ἀποκέκλειστο,
3576 3111 3670 3163 καὶ
3715 3111 3814 3163 οὐκ
3841 3106 3951 3180 ἦνό

2306 3210 2347 3265 C
2383 3203 2663 3274 ῥυόμενος,
2692 3202 2724 3272 ἢ
2757 3200 2998 3270 ἐκζητῶν
3025 3203 3186 3256 αὑτοῦ
3209 3204 3307 3273 τὴν
3329 3203 3526 3273 ψυχήν.

2465 3294 2559 3344 Ἐν
2581 3291 2696 3356 ὀδῷ
2737 3295 2920 3359 ταύτῃ
2951 3286 2989 3363 ᾖ
3015 3293 3387 3359 ἐπορευόμην
3426 3294 3702 3359 ἔκρυψαν
3741 3292 3949 3361 παγίδα

2381 3400 2498 3452 μοι·
2534 3384 2599 3436 Εἴ
2626 3401 2709 3446 τις
2736 3385 2827 3437 τὸν
2855 3386 2911 3436 ἐν
2952 3382 3029 3454 τῷ
3064 3383 3310 3454 σπηλαίῳ
3342 3383 3623 3454 λογίσηται
3656 3384 3834 3446 τόπον,
3871 3386 3952 3435 εὑ-

2387 3478 2542 3546 ρήσει
2573 3477 2968 3545 προσηκόντως,
2988 3476 3054 3529 τὰ
3085 3475 3363 3546 είρημένα.
3407 3477 3747 3530 Κατενόουν
3771 3478 3854 3541 εὶς
3887 3477 3950 3528 τὰ

2385 3566 2551 3630 δεξιὰ
2589 3567 2686 3620 καὶ
2712 3566 3061 3632 ἐπέϐλεπον,
3093 3567 3188 3621 καὶ
3228 3569 3337 3620 οὐκ
3366 3563 3446 3638 ἦν
3489 3572 3523 3622 ὀ
3551 3567 3950 3638 ἐπιγινώσκων

2380 3677 2475 3729 με.
2503 3661 2894 3730 Παρατιθέντες
2920 3661 3018 3724 τὰς
3044 3661 3370 3732 ἀγχιθύρους
3401 3661 3596 3721 κακίας
3622 3665 3737 3723 τοῖς
3763 3663 3949 3714 ἀσκου-

2391 3752 2568 3821 μένοις
2603 3754 2842 3821 ἀρεταῖς.
2887 3747 3011 3804 Οἷον
3049 3751 3280 3804 ὁδεύοντι
3329 3753 3419 3804 ἐπὶ
3448 3752 3658 3821 σοφίαν,
3691 3753 3949 3823 ἔκρυπτον

2385 3841 2606 3909 παγίδα,
2647 3840 2834 3908 σοφίαν
2864 3841 2925 3892 οὐ
2954 3839 3108 3892 Θεοῦ·
3139 3841 3232 3893 καὶ
3260 3838 3504 3910 ζητοῦντι
3538 3840 3739 3908 γνῶσιν
3758 3881 3772 3903 ,
3823 3859 3950 3911 παρ-

2386 3930 2627 3985 ετίθεσαν
2656 3930 2752 4001 τὴν
2797 3929 3164 4000 ψευδώνυμον.
3209 3930 3358 3999 Ἔχει
3394 3929 3454 3983 δέ
3504 3948 3624 3983 τινα
3669 3931 3948 4001 ὁμοιότητα

2383 4022 2445 4073 τὸ
2491 4020 2650 4091 ῥητὸν
2699 4020 2833 4092 πρὸς
2870 4020 2966 4084 τὸ,
3018 4020 3306 4087 Ἔχόμεγα
3357 4020 3556 4086 τρίϐου
3580 4061 3594 4082 ,
3645 4018 3947 4072 σκάνδαλα

2382 4113 2586 4166 ἕθεντό
2608 4129 2728 4180 μοι.
2760 4110 3021 4163 Δύνανται
3049 4110 3104 4162 δὲ
3135 4112 3230 4164 καὶ
3257 4111 3312 4163 αἱ
3341 4109 3636 4178 ὑπερϐολαὶ
3667 4108 3944 4179 δηλοῦσθαι

2385 4203 2626 4271 παγίδες,
2676 4206 2754 4267 είς
2783 4203 2848 4267 ἃς
2882 4205 3138 4276 ἐμπίπτει
3175 4209 3204 4260 ὁ
3247 4206 3320 4277 μὴ
3365 4205 3784 4275 φυλαττόμενος,
3830 4205 3948 4276 περὶ

2385 4287 2462 4347 ὧν
2491 4295 2659 4363 λέγει·
2692 4299 3029 4352 Κατενόουν
3070 4301 3150 4363 εις
3186 4299 3256 4351 τὰ
3293 4296 3478 4362 δεξιά.
3509 4298 3634 4360 Τοῖς
3663 4297 3769 4368 γὰρ
3809 4296 3947 4366 φιλο-

2384 4387 2691 4459 τιμοτέροις
2723 4390 2800 4452 είς
2831 4389 2979 4454 δεξιά
3011 4389 3253 4458 παγίδες.

716 4473 825 4531 vet,
886 4466 953 4521 de
993 4465 1190 4531 quibus
1241 4464 1376 4521 dicit
1417 4486 1429 4520 :
1475 4467 1884 4522 Cousiderabam
1943 4468 2012 4521 ad
2059 4469 2348 4527 dexteram.
2409 4477 2886 4536 Ambitiosioribus
2932 4479 3075 4534 enim
3133 4479 3198 4532 ad
3244 4479 3518 4534 dexteram
3570 4479 3748 4550 laquei
3797 4480 3946 4548 positi

716 4568 845 4616 sunt

786 4671 952 4726 Periit
985 4671 1108 4741 fuga
1135 4689 1166 4724 a
1197 4689 1297 4737 me,
1327 4683 1377 4727 et
1406 4687 1510 4725 non
1542 4679 1617 4723 est
1651 4671 1739 4739 qui
1769 4671 1998 4740 requirat
2041 4673 2276 4726 animant
2312 4681 2351 4734 ι)

718 4782 903 4819 meam.
936 4763 1093 4819 Nulla
1120 4767 1318 4836 quippe
1347 4776 1625 4835 supererat
1671 4764 1909 4835 fugiendi
1939 4765 2022 4817 via
2065 4765 2120 4818 in
2157 4780 2278 4834 spe-

717 4859 898 4916 lunca.
947 4875 1070 4914 cum
1123 4869 1249 4914 ante
1313 4859 1512 4913 ostium
1568 4858 1947 4914 obsiderentur
2006 4872 2037 4911 a
2094 4855 2275 4912 Saule.

714 4948 905 5014 Nemo,
943 4949 1039 5012 ait,
1068 4952 1260 5004 anima:
1294 4964 1428 5002 mea:
1460 4948 1687 5003 salutem
1720 4948 1933 5017 quzerit.

784 5133 838 5190 6.
891 5133 1126 5188 Clamavi
1159 5135 1225 5186 ad
1249 5145 1316 5196 te,
1346 5132 1586 5186 Domine.
1623 5131 1678 5185 ln
1722 5133 1896 5202 ipsum
1927 5131 2072 5186 enim
2102 5131 2277 5185 solum

722 5242 869 5296 spem
908 5226 1097 5280 salutis
1124 5239 1384 5293 reponere
1413 5224 1686 5278 convenit.

791 5319 844 5374 8.
909 5317 1059 5370 Educ
1108 5318 1172 5370 de
1208 5318 1448 5370 custodia
1498 5317 1733 5369 animam
1793 5330 1978 5367 meant.
2035 5312 2157 5368 Haec
2203 5313 2282 5367 ait

720 5410 878 5480 quasi
928 5410 994 5464 ad
1046 5411 1358 5478 speluncam
1406 5409 1720 5478 respiciens.
1774 5406 2136 5478 Symmachus
2183 5421 2283 5459 au-

726 5517 831 5559 tem
869 5523 882 5559 :
924 5504 1073 5558 Educ
1104 5521 1136 5558 α
1168 5505 1497 5558 conclusione
1527 5506 1758 5557 animant
1789 5519 1977 5556 meam.
2001 5502 2081 5556 Ad
2110 5502 2277 5571 conﬁ-

728 5595 940 5648 tendum
974 5595 1174 5648 nomini
1205 5605 1314 5647 tuo.
1348 5593 1580 5659 Quando
1611 5609 1717 5659 me,
1747 5594 1841 5656 ait,
1877 5593 1946 5647 ab
1971 5592 2281 5661 hujusmodi

724 5703 966 5743 aerumna
1015 5696 1068 5741 et
1118 5703 1144 5741 a
1210 5687 1458 5741 custodia
1522 5687 1782 5752 liberasti,
1833 5685 1929 5739 tibi
1985 5685 2277 5754 gratiarum

725 5778 953 5835 actionis
981 5779 1188 5833 cantica
1226 5779 1537 5848 rependam.
1585 5778 1664 5832 Me
1694 5786 1990 5846 exspectant
2013 5776 2146 5840 justi
2187 5775 2282 5829 do-

2464 4674 2746 4729 Ἀπώλετο
2787 4675 2948 4745 φυγὴ
2981 4676 3082 4729 ἀπ’
3111 4674 3290 4744 ἐμοῦ,
3322 4677 3420 4728 καὶ
3454 4679 3565 4730 οὐκ
3595 4677 3768 4731 ἐστιν
3795 4681 3827 4731 ὀ
3854 4679 3942 4730 ἐκ·

2385 4765 2570 4834 ᾣιτῶν
2612 4766 2725 4834 τὴν
2763 4765 2974 4836 ψυχήν
2997 4785 3135 4835 μου.
3169 4768 3244 4819 Οὐ
3278 4767 3385 4838 γὰρ
3426 4763 3493 4838 ἦν
3541 4768 3945 4838 ἀποδιδράσκειν

2384 4858 2447 4910 ὲκ
2469 4857 2560 4910 τοῦ
2589 4857 2851 4928 σπηλαίου
2870 4857 2976 4910 τῶν
3000 4856 3307 4928 ἔμπροσθεν
3334 4859 3707 4929 κατεχομένων
3734 4859 3836 4911 ὑπὸ
3857 4858 3943 4910 τοῦ

2386 4950 2577 5006 Σαούλ.
2612 4951 2826 5014 Οὐδεὶς,
2862 4950 3016 5021 φησὶ,
3051 4951 3149 5021 τῆς
3186 4950 3321 5021 ὲμῆς
3353 4952 3529 5022 ψυχῆς
3557 4951 3653 5022 τὴν
3683 4952 3942 5021 σωτηρίαν

2384 5042 2630 5113 ἐπιζητεῖ

2469 5133 2790 5201 Ἐκέκραξα
2822 5135 2971 5203 πρὸς
2997 5136 3092 5201 σὲ,
3125 5138 3317 5204 Κύριε.
3361 5135 3475 5188 Ἐπ’
3500 5133 3648 5192 αὑτῶ
3677 5133 3782 5207 γὰρ
3806 5135 3941 5204 μόνῳ

2384 5225 2550 5277 δεῖται
2574 5225 2672 5288 τάς
2702 5226 2922 5289 ἐλπίδας
2945 5229 3042 5297 τῆς
3073 5228 3360 5299 σωτηρίας.

2472 5317 2750 5387 Ἐξάγαγε
2791 5321 2858 5372 ἐκ
2905 5318 3184 5389 φυλακῆς
3209 5318 3323 5385 τὴν
3355 5320 3568 5388 ψυχήν
3597 5336 3735 5387 μου.
3766 5317 3942 5371 Ταῦτά

2387 5427 2547 5480 φησιν
2575 5408 2649 5472 ὼς
2682 5421 2815 5481 προς
2846 5411 2935 5464 τὸν
2964 5409 3057 5462 τοῦ
3092 5408 3354 5480 σπηλαίου
3398 5410 3581 5462 τόπον.
3625 5410 3684 5461 Ὀ
3723 5407 3778 5459 δὲ
3807 5407 3937 5475 Σύμ-

2389 5518 2575 5571 μαχος·
2631 5501 2788 5565 Ἕξω
2827 5503 3085 5567 ποίησον
3136 5500 3544 5568 ἀποκλεισμοῦ
3592 5498 3704 5566 τὴν
3742 5496 3940 5566 ψυχήν

2379 5608 2518 5658 μου.
2582 5590 2689 5644 Τοῦ
2748 5589 3304 5660 ἐξομολογήσασθαι
3361 5587 3440 5653 τῷ
3508 5587 3752 5656 ὀνόματί
3809 5603 3934 5640 σου.

2402 5681 2667 5747 Ἐπειδὰν,
2719 5681 2872 5753 φησὶ,
2914 5681 3115 5752 ταύτης
3165 5698 3231 5752 με
3262 5684 3360 5753 τῆς
3409 5681 3637 5750 θλίψεως
3678 5679 3936 5738 ἀπέλυσας

2389 5777 2481 5829 καὶ
2521 5793 2615 5845 της
2663 5777 2913 5847 εἱρκτῆς,
2961 5775 3401 5847 εὐχαριστηρίους
3445 5773 3744 5843 ἀναπέμψω
3780 5769 3932 5840 ᾠδάς.
