4068 6310
147 369 238 423 541
1210 359 1574 417 Ειιροδιτιο
1614 356 1678 412 IN

1821 354 1943 409 ILM
1958 352 2052 411 UH
2089 351 2316 409 CXLIII.

3276 340 3382 398 542

157 487 284 558 Ἐμὲ
311 483 680 554 ὑπομένουσι
710 485 919 538 δίκαιοι
953 483 1062 548 ἕως
1107 479 1178 538 οὖ
1224 479 1570 546 ἁνταποδῷς
1590 496 1711 548 μοι.

1821 492 1909 529 nec
1937 474 2198 528 retribuas
2239 471 2388 524 mihi.
2439 467 2496 521 Si
2532 483 2616 521 me
2650 466 2844 521 exhinc
2876 461 3156 522 eduxeris.
3186 459 3382 528 inquit,

158 579 278 634 Ἐὰν
304 579 574 651 ὲξαγάγῃς
603 595 691 648 με,
722 578 904 647 φησὶν,
938 574 1183 629 ἐντεῦθεν
1213 573 1579 645 ἀμειψάμενός
1607 589 1707 642 μου

145 674 240 738 τὰς
267 671 476 742 ἀγαθὰς
508 671 758 743 πράξεις,
802 670 895 722 καὶ
941 670 991 721 οἱ
1019 668 1193 721 λοιποὶ
1216 666 1412 719 δίκαιοι
1439 667 1536 736 ἐμὲ
1577 664 1708 716 ὑπό-

146 767 337 835 δειγμα
371 765 476 835 πρὸ
503 763 795 834 ὀφθαλμῶν
818 761 1062 832 ἔχοντες,
1097 761 1189 814 καὶ
1227 762 1290 813 ὲκ
1320 760 1429 812 τῶν
1462 761 1580 812 κατ’
1612 758 1710 826 ἐμὲ

147 859 212 911 τὰ
239 859 360 910 κατ’
388 857 585 919 αὐτοὺς
613 855 1124 925 ἀποταμιευόμενοι,
1149 851 1483 906 ἀποδώσουσί
1507 867 1588 902 σοι
1615 849 1713 912 τὰς

147 951 291 1013 λιτὰς
321 950 416 1003 καί
444 967 526 1003 σοι
560 948 1049 1021 προσδραμοῦνται.

155 1059 462 1116 ΨΛΛΜΟΣ
496 1059 654 1128 ᾠδῆς
682 1057 761 1124 τῷ
793 1061 990 1125 Δαυῒδ,
1022 1061 1119 1113 ὅτε
1146 1060 1504 1113 κατεδίωκεν
1529 1059 1714 1113 αὑτὸν

407 1152 441 1202 ό
466 1147 593 1214 υιύς
614 1148 799 1203 αὑτοῦ
837 1150 1230 1219 Ἀϐεσσαλώμ.
1256 1152 1442 1202 PMB'.

768 1241 1092 1307 Ὑπόθεσις.

152 1334 252 1386 Καὶ
278 1325 435 1395 οὗτος
465 1333 656 1404 ὁμοίαν
699 1333 809 1404 ἔχει
848 1333 940 1386 τοῦ
972 1334 1077 1404 πρὸ
1116 1332 1282 1387 αὐτοῦ
1312 1333 1409 1404 τὴν
1439 1333 1711 1388 ὑπόθεσιν.

215 1424 446 1495 Εὔχεται
489 1427 596 1498 γὰρ
638 1427 745 1480 ἀπὸ
777 1426 884 1479 τῶν
926 1426 1228 1480 διωκόντων
1272 1427 1559 1498 ῥυσθῆναι,
1587 1427 1662 1490 ὡς
1688 1431 1716 1481 ὁ

229 1517 544 1581 Ἀπόστολός
588 1536 740 1590 φησι.
788 1518 1042 1580 Τυπικῶς
1069 1519 1124 1572 δὲ
1164 1519 1336 1572 ταῦτα
1377 1519 1571 1588 συνέϐη
1606 1523 1717 1583 τοῖς

214 1606 620 1678 ἀρχαιοτέροις⁸
673 1608 890 1680 ἐγράφη
930 1610 987 1663 δὲ
1039 1609 1175 1681 πρὸς
1221 1608 1502 1662 νουθεσίαν
1537 1607 1712 1678 ἡμῶν.

215 1697 588 1770 Διδασκόμεθα
612 1700 788 1754 τοίνυν
824 1703 881 1753 ὲν
905 1701 1286 1770 περιστάσεσιν
1315 1699 1407 1752 ἐπὶ
1440 1700 1596 1768 μόνον
1620 1717 1718 1751 κα-

215 1789 507 1860 ταφεύγειν
547 1791 636 1844 τὸν
665 1790 815 1845 Θεόν.
860 1792 1056 1844 ’ἰστέον
1087 1791 1143 1844 δὲ
1174 1793 1253 1845 ὄτι
1281 1791 1606 1860 ἀναφέρεται
1639 1792 1718 1851 εἰς

216 1881 275 1934 τὸ
295 1883 392 1953 τῆς
423 1881 834 1957 ἀνθρωπότητος
865 1883 1150 1953 πρόσωπον
1181 1886 1212 1954 ή
1250 1882 1519 1953 προσευχὴ
1551 1899 1717 1935 κατα-

215 1971 546 2042 διωκομένης
577 1973 669 2025 καὶ
701 1972 1018 2044 θλιϐομένης
1048 1974 1150 2025 ὑπὸ
1177 1973 1268 2025 τοῦ
1300 1971 1717 2041 πλεονεκτήσαν-

217 2078 302 2124 τος
330 2062 561 2125 Σατανᾶ,
593 2058 652 2117 οὔ
678 2066 768 2117 καὶ
800 2064 1060 2135 ρυσθῆναι
1089 2063 1307 2134 εὔχεται
1340 2063 1425 2115 διὰ
1451 2065 1548 2133 τῆς
1578 2080 1716 2134 παρ-

216 2153 394 2216 ουσίας
422 2151 517 2204 τοῦ
549 2153 904 2219 Μονογενοῦς.

218 2247 420 2313 Κύριε,
464 2247 830 2301 εἰσάκουσον
873 2247 984 2316 τῆς
1016 2247 1362 2316 προσευχῆς
1399 2265 1539 2316 μου.
1589 2247 1714 2299 Εἰσ-

154 2337 494 2409 ακουσθῆναι,
516 2341 698 2410 φησὶν,
717 2338 851 2403 ἀξιῶ
871 2339 957 2391 διὰ
971 2339 1067 2409 τῆς
1094 2339 1190 2410 σῆς
1210 2338 1713 2408 ἀληθείας.”ομοιον

155 2424 204 2477 δὲ
235 2425 359 2477 ὡσεὶ
387 2427 553 2494 λέγοι·
595 2429 725 2480 Ἐσο
765 2445 850 2496 μοι
884 2429 1149 2497 ὑπήκοος,
1183 2427 1272 2479 τὸν
1307 2428 1584 2497 Μονογενῆ
1620 2445 1712 2480 σου

158 2516 489 2585 ἀποστείλας,
519 2519 576 2581 ὃς
606 2519 750 2572 ἐστιν
774 2518 996 2589 ἀλήθεια
1025 2518 1117 2571 καὶ
1148 2517 1481 2588 δικαιοσύνη.

1814 569 1868 622 in
1901 565 2205 622 mercedem
2249 563 2514 617 bonorum
2544 573 2792 627 operum,
2823 555 3013 624 reliqui
3035 551 3172 623 justi
3211 566 3298 607 me
3327 551 3384 604 in

1814 658 2124 727 exemplum
2159 670 2270 724 prae
2299 652 2471 707 oculis
2495 651 2778 712 habentes,
2807 658 2862 702 et
2896 663 2962 702 ex
2991 646 3056 700 iis
3088 660 3209 715 quae
3247 641 3384 697 mibi

1813 752 2159 818 contigerunt
2195 761 2315 816 qua!
2360 745 2506 814 ipsos
2552 750 2796 811 spectant
2830 755 3012 794 secum
3047 745 3382 805 reputantes,

1815 842 2239 913 supplicationes
2265 837 2488 892 oll‘creut
2519 835 2612 890 tibi
2640 845 2692 890 et
2723 834 2788 887 ad
2816 843 2867 887 te
2896 841 3203 886 accurrunt.

1816 1064 1869 1115 L
1913 1054 2255 1113 PSALMUS
2284 1055 2478 1108 cantici
2518 1048 2711 1115 David,
2742 1049 2949 1122 quando
2980 1059 3384 1117 persequeoatur

2026 1166 2143 1204 eum
2190 1146 2494 1201 Abessalon:
2550 1146 2694 1214 ﬁlius
2748 1144 2882 1212 ejus.
2937 1138 3166 1196 CXLII.

2398 1240 2795 1308 Argumentum.

1822 1337 2027 1392 Similis
2081 1334 2390 1404 argumenti
2445 1348 2567 1386 cum
2626 1331 2808 1400 priore
2855 1337 2939 1382 est
2977 1326 3066 1380 hic
3112 1323 3378 1394 psalmus.

1888 1429 2062 1497 Rogat
2119 1427 2265 1482 enim
2320 1424 2538 1478 liberari
2595 1438 2626 1476 a
2679 1418 3150 1491 persequentibus,
3204 1424 3263 1469 ut
3306 1416 3384 1468 ait

1886 1521 2198 1590 Apostolus.
2249 1517 2502 1585 Figurate
2542 1525 2722 1568 autem
2768 1513 2955 1567 istluec
2983 1507 3382 1578 antiquioribus

1887 1609 2177 1679 contigere,
2219 1607 2531 1675 scriptaque
2579 1613 2705 1658 sunt
2753 1602 2820 1656 ad
2866 1600 3220 1655 monitiouem
3278 1615 3382 1652 no-

1902 1712 2096 1759 stram.
2142 1700 2412 1755 Docemur
2462 1699 2646 1766 itaque
2688 1697 2740 1750 in
2781 1695 3159 1750 occasionibus
3197 1691 3263 1744 ad
3296 1706 3382 1746 so-

1905 1795 2017 1848 lum
2084 1791 2252 1846 Deum
2307 1789 2622 1860 confugere.
2688 1786 2979 1841 Sciendum
3043 1793 3224 1837 autem
3274 1791 3381 1848 est,

1912 1886 2216 1940 orationem
2247 1882 2439 1937 referri
2478 1883 2544 1936 ad
2578 1895 2863 1950 personam
2897 1880 3147 1933 humanae
3173 1886 3383 1931 natura:

1904 1979 2120 2049 agitata
2153 1986 2206 2032 et
2241 1977 2448 2031 alIIicta:
2491 1975 2559 2029 ab
2614 1982 2899 2045 art-Ogante
2945 1973 3035 2025 illo
3079 1968 3303 2034 Satana,
3350 1984 3382 2022 a

1900 2087 2009 2140 quo
2042 2086 2136 2140 per
2168 2067 2438 2138 Unigeniti
2471 2067 2760 2120 adventum
2800 2064 2989 2118 redimi
3031 2077 3092 2118 se
3123 2060 3380 2130 postulat.

1889 2244 1942 2298 ‘2.
2010 2244 2267 2306 Domine,
2321 2244 2514 2296 exaudi
2563 2244 2850 2297 orationem
2893 2257 3082 2295 nteant.
3123 2237 3382 2293 Exandirt

1821 2352 1927 2402 me,
1975 2337 2170 2406 inquit,
2223 2337 2434 2405 postulo
2488 2350 2580 2404 per
2617 2335 2898 2389 veritatem
2932 2343 3102 2388 tuam.
3153 2331 3385 2387 Perinde

1820 2441 1998 2482 autem
2028 2437 2110 2484 est
2144 2443 2206 2482 ac
2236 2429 2281 2482 si
2313 2427 2546 2481 diceret:
2578 2425 2787 2480 Exaudi
2820 2441 2927 2488 me,
2960 2426 3220 2495 mitteque
3253 2422 3384 2478 Uni-

1821 2520 2060 2589 genitum
2089 2529 2264 2584 tuum,
2297 2519 2390 2588 qui
2422 2527 2508 2573 est
2544 2518 2741 2572 veritas
2777 2525 2831 2570 et
2853 2515 3089 2587 justitia.

1165 2635 1346 2705 (Deest
1383 2651 1552 2689 unum
1604 2633 1791 2688 folium
1840 2635 1895 2688 in
1938 2633 2091 2689 Colh.
2137 2634 2172 2687 2
2205 2643 2259 2689 ct
2295 2634 2373 2702 5.)

233 2727 503 2782 Ἐκάθισέ
539 2746 617 2798 με
664 2731 732 2783 ἐν
771 2730 1104 2796 σκοτεινοῖς
1134 2729 1275 2784 ὡσεί
1308 2730 1558 2798 νεκροὺς
1583 2727 1719 2781 αἰῶ-

161 2836 270 2884 νος.
299 2820 523 2874 Σκοτίαν
551 2822 648 2892 τὴν
674 2823 942 2890 ἀγνωσίαν
965 2823 1030 2893 ῆν
1061 2823 1184 2892 ἔσχε
1214 2821 1341 2873 ποτὲ
1363 2820 1528 2891 δηλοῖ.
1556 2821 1720 2873 Οὐδὲν

161 2910 256 2978 γὰρ
286 2911 613 2982 διεφερόμην
647 2914 860 2983 νεκροῦ.
889 2915 1132 2986 Νεκροὺς
1166 2913 1416 2974 αἰωνίους
1460 2914 1584 2975 τοὺς
1616 2913 1720 2966 πά·-

161 3003 238 3054 λαι
267 3003 548 3058 εἱδωλολάτ
558 3023 653 3074 ρας
683 3007 865 3076 φησίν.

228 3179 376 3247 Ταχὺ
410 3179 779 3234 είσὰκουσόν
802 3200 942 3251 μου,
968 3183 1162 3252 Κύριε,
1185 3181 1424 3246 ἐξέλιπε
1447 3181 1509 3236 τὸ
1536 3183 1714 3236 πνεῦ-

159 3270 234 3337 μά
265 3291 402 3340 μου.
453 3274 542 3326 Ἐν
585 3278 706 3337 ταῖς
755 3275 1008 3344 ἐσχάταις
1055 3275 1455 3345 περιστάσεσιν,
1502 3277 1718 3330 ἐπειδὰν

165 3363 547 3418 ἁνακινδυνεύει
590 3367 730 3428 τινὸς
772 3368 804 3436 ἡ
841 3366 1006 3436 ψυχὴ,
1039 3366 1306 3437 προσήκει
1334 3365 1490 3421 τοῦτο
1521 3368 1718 3437 λέγειν,

164 3456 216 3506 οὗ
257 3457 358 3526 μὴν
398 3459 458 3510 ἐν
497 3458 857 3528 ἀνθρωπίνοις
903 3459 1223 3531 πράγμασιν
1269 3462 1579 3530 ἀναγκαίως
1626 3478 1718 3513 κε-

165 3549 398 3621 χρῆσθαι.

237 3640 549 3694 Ἀκουστὼι·
580 3639 838 3707 ποίησόν
858 3660 959 3711 μοι
987 3641 1052 3694 τὸ
1100 3643 1250 3710 πρωϊ
1279 3643 1342 3696 τὸ
1377 3643 1546 3709 ἔλεός
1581 3662 1718 3698 σου.

167 3729 265 3802 Τὴν
308 3732 552 3805 πρωῖνὴν
598 3733 890 3786 ἀνάστασιν
931 3733 1024 3786 τοῦ
1058 3732 1262 3804 Κυρίου
1309 3734 1489 3802 λέγει·
1522 3736 1720 3807 ἢτάχα

169 3824 251 3874 καὶ
291 3825 388 3895 τὴν
443 3825 686 3895 πρωῖνην
726 3825 1021 3876 ἀνάστασιν
1062 3822 1276 3893 εὔχεται
1321 3826 1722 3895 παραγενέσθαι

170 3914 410 3984 Χριστοῦ,
437 3916 505 3967 δι’
537 3909 601 3985 ἦς
635 3913 948 3985 ἑλεούμεθα.

231 4005 532 4074 Γνώρισόν
555 4024 682 4075 μοι,
717 4005 894 4075 Κύριε
915 4050 928 4070 ,
963 4006 1106 4061 ὁδὸν
1147 4008 1216 4062 ἐν
1259 4001 1298 4083 ᾖ
1337 4008 1716 4076 πορεύσομαι.

170 4093 270 4165 Τῆς
302 4099 662 4171 εὐαγγελικῆς
685 4098 1024 4163 διδασκαλίας
1057 4099 1274 4170 εὔχεται
1303 4102 1500 4169 τυχεῖν.

243 4189 482 4252 ἐεέλου
530 4207 610 4260 με
655 4191 722 4243 ἐκ
756 4189 872 4244 τῶν
917 4190 1144 4259 ἐχθρῶν
1181 4209 1322 4260 μου.
1363 4190 1482 4242 Τῶν
1522 4188 1724 4260 νοητῶν

171 4280 412 4352 δηλονότι.

1890 2731 1943 2786 5.
2002 2729 2290 2783 Collocavit
2349 2745 2424 2781 me
2474 2728 2530 2780 in
2579 2727 2815 2782 obscuris
2852 2735 2986 2778 sicut
3021 2733 3254 2776 mortuos
3283 2738 3380 2776 sa:-

1829 2826 1958 2880 culi.
1987 2822 2090 2878 Per
2123 2822 2506 2878 obscuritatem
2537 2820 2737 2874 indicat
2771 2816 3150 2888 ignorantiam,
3187 2815 3238 2867 in
3275 2828 3387 2883 qua

1821 2917 1949 2971 olim
1984 2917 2315 2970 versabatur.
2365 2912 2507 2967 Nihil
2552 2914 2719 2978 enim,
2763 2911 2958 2981 inquit,
3006 2908 3318 2964 dill'erebam
3351 2925 3382 2959 a

1823 3019 2060 3064 mortuo.
2117 3007 2360 3061 Mortuos
2413 3006 2619 3069 saeculi,
2670 3013 2828 3058 vocat
2886 3003 3200 3056 idololatras
3261 3000 3381 3054 illus

1819 3112 2049 3155 ναίει-ες.

1893 3191 1943 3246 7.
2011 3189 2472 3245 Velociterexaudi
2514 3205 2614 3251 me,
2660 3187 2894 3251 Domine,
2934 3187 3122 3256 defecit
3163 3186 3381 3255 spiritus

1822 3301 1985 3340 meus.
2040 3281 2096 3338 Iu
2157 3282 2446 3352 postremis
2497 3281 2875 3336 occasionibus
2929 3280 3148 3350 quando
3197 3279 3373 3346 cujus-

1822 3376 1965 3444 piam
2006 3374 2184 3428 anima
2231 3373 2564 3442 periclitatur
2592 3372 2643 3425 id
2672 3371 2922 3425 convenit
2953 3372 3166 3434 dicere;
3209 3385 3385 3438 neque

1822 3477 1998 3520 tamen
2048 3466 2103 3519 in
2145 3465 2398 3519 humanis
2423 3463 2652 3534 negotiis
2685 3462 2752 3518 iis
2793 3462 2869 3516 uti
2898 3477 3119 3517 necesse
3150 3470 3251 3516 est.

1893 3641 1945 3695 8.
2005 3641 2257 3694 Auditum
2293 3640 2378 3709 [ac
2413 3639 2542 3692 milii
2583 3655 2735 3691 mane
2766 3638 3183 3691 misericordiam
3216 3647 3381 3690 tuam.

1823 3729 2142 3784 Matutinarn
2189 3727 2402 3782 Domini
2450 3728 2902 3782 resurrectionem
2933 3727 3244 3792 signillcat:
3292 3737 3386 3779 aut

1823 3821 2055 3875 fortasse
2105 3827 2257 3888 rogat
2303 3818 2559 3872 advenire
2594 3817 2912 3871 matutiuam
2953 3816 3154 3870 Christi
3201 3831 3384 3870 resur-

1823 3913 2142 3976 rectionem,
2201 3925 2307 3980 qua
2342 3909 2772 3964 misericordiam
2828 3908 3106 3962 consecuti
3171 3923 3381 3961 sumus.

1898 4003 2097 4057 Notam
2123 4003 2206 4072 {ac
2235 4003 2382 4067 mihi,
2413 4001 2654 4065 Domine,
2688 4003 2822 4055 viam
2866 4002 2920 4054 in
2960 4019 3063 4071 qua
3102 4000 3379 4054 ambulem.

1827 4093 2202 4164 Evangelicam
2246 4092 2548 4146 doctrinam
2584 4090 2840 4158 consequi
2876 4097 3047 4158 rogat.

1893 4189 1946 4243 9.
1984 4187 2145 4257 Eripe
2189 4201 2267 4238 me
2298 4183 2361 4236 de
2405 4182 2633 4235 inimicis
2682 4181 2828 4234 meis.
2886 4177 3268 4249 Spiritualibus
3301 4177 3381 4229 vi-

1824 4282 2038 4342 delicet.

1199 4399 1321 4472 (Hic
1352 4401 1548 4458 desunt
1577 4400 1630 4453 in
1668 4400 1819 4455 Colb.
1844 4401 1878 4455 5
1898 4399 2143 4472 quaedam
2171 4396 2342 4465 folia.)

409 4494 496 4561 Τῷ
521 4492 699 4547 Δαυῒδ
730 4494 876 4562 πρὸς
901 4493 1007 4546 τὸν
1032 4492 1275 4547 Γολιιὶθ.
1300 4496 1489 4548 PMI".

235 4583 570 4655 Εὐλογητὸς
599 4585 812 4652 Κύριος
842 4587 873 4636 ό
901 4583 1044 4650 Θεός
1069 4601 1205 4654 μου.
1255 4583 1348 4636 Ἐκ
1374 4583 1724 4656 περιχαρείας

171 4675 226 4730 τὸ
250 4679 544 4749 προοίμιον.
586 4679 647 4730 '0
673 4674 973 4730 διδάσκων
998 4676 1104 4741 τὰς
1129 4674 1328 4743 χεῖράς
1347 4693 1465 4745 μου
1502 4677 1589 4740 είς
1616 4690 1725 4726 πα-

167 4767 420 4835 ράταξιν.
450 4771 653 4840 Χεῖρας
685 4769 783 4831 τὰς
826 4768 1048 4840 πράξεις
1093 4769 1254 4836 φησιν
1293 4765 1429 4820 εἶναι
1457 4766 1553 4829 τὰς
1585 4766 1726 4819 κατὰ

175 4859 462 4915 θεοσέϐειαν
479 4861 795 4932 γενομένας,
818 4859 883 4912 δι’
897 4854 970 4913 ὧν
993 4858 1332 4930 πολεμοῦμεν
1355 4861 1445 4913 τὸν
1462 4860 1721 4913 Σατανᾶν.

239 4954 565 5021 Ἀνθρωπος
601 4954 945 5022 ματαιότητι
984 4952 1267 5022 ὠμοιιίΰη.
1313 4953 1578 5014 Ἕκαστος
1615 4950 1724 5005 τῶν

175 5044 455 5116 ἀνθρώπων
484 5043 564 5115 τῷ
589 5046 778 5116 κόσμῳ
797 5044 971 5116 τούτῳ
990 5043 1265 5115 ὡμοιώθη.

242 5140 583 5208 Ἀστραψον
617 5137 956 5208 ἀστραπὴν,
1006 5138 1104 5191 καί
1143 5136 1445 5205 σκορπιεῖς
1483 5137 1720 5202 αὐτούς.

190 5227 478 5301 Ἀστραπὴν
507 5229 568 5281 τὸ
593 5229 944 5297 εὔαγγελικὸν
975 5226 1235 5300 κήρυγμά
1260 5244 1444 5297 φησιν.

252 5318 708 5384 Ἐξαπόστειλον
747 5320 861 5389 τὴν
889 5319 1055 5388 χεῖρά
1096 5334 1212 5373 σου
1253 5318 1322 5383 ἐξ
1362 5321 1589 5387 ὕψους-ο
1627 5319 1728 5382 ἐξ-

179 5407 308 5465 έλου
327 5430 418 5481 με,
442 5415 539 5468 καί
560 5412 747 5482 ῥῦσαί
765 5430 840 5482 με
860 5413 927 5478 ἐξ
956 5411 1189 5466 ὑδάτων
1219 5410 1482 5474 πολλῶν,
1511 5411 1577 5464 ἐκ
1606 5428 1722 5479 χει-

174 5499 272 5567 ρὸς
301 5501 441 5557 υἱῶν
466 5505 816 5573 ἀλλοτρίων.
848 5497 957 5556 Ὧν
983 5503 1049 5556 τὸ
1087 5506 1280 5571 στόμα
1320 5503 1585 5568 eici-inae
1613 5519 1726 5569 μα-

185 5594 491 5662 ταιότητος.
534 5596 654 5647 Τῶν
689 5594 1210 5666 περικυκλωσάντων
1260 5594 1404 5663 ἡμᾶς
1453 5593 1722 5662 λογισμῶν

185 5682 276 5736 ὑπὸ
301 5690 395 5757 τῆς
433 5687 537 5742 τῶν
579 5687 849 5758 δαιμόνων
880 5687 1186 5758 ἐπιϐουλῆς.
1219 5687 1286 5738 Ἦ
1317 5687 1410 5740 καὶ
1445 5685 1606 5739 ὔδατα
1633 5685 1723 5738 τὸν

187 5770 281 5828 τῶν
321 5775 578 5833 Ἰουδαίων
607 5778 741 5850 φησὶ
782 5778 906 5832 λαὸν
945 5778 1029 5831 τὸν
1059 5775 1409 5830 κυκλώσαντα
1437 5777 1560 5840 τοὺς
1591 5777 1723 5830 ἁπο-

1749 4510 1803 4567 D

2049 4488 2243 4544 Davidi
2293 4487 2540 4542 adversus
2597 4483 2827 4539 Goliatlt.
2887 4482 3130 4537 CXLIII

1897 4585 1948 4638 I.
1996 4581 2308 4636 Benedictus
2342 4579 2594 4634 Dominus
2642 4577 2782 4630 Deus
2837 4592 3001 4630 meus.
3053 4575 3131 4630 Ex
3188 4576 3380 4648 gaudio

1827 4678 1932 4731 tale
1983 4676 2305 4744 prooemium
2349 4671 2632 4727 emittitur.
2670 4670 2776 4735 Qui
2825 4669 2973 4723 docet
3021 4684 3205 4727 manus
3242 4685 3380 4723 utens

1828 4769 1896 4823 ad
1931 4769 2193 4838 pretium.
2243 4764 2436 4819 Manus
2470 4773 2626 4819 vocat
2655 4777 2818 4833 opera
2867 4776 2989 4816 cum
3022 4762 3218 4829 pietate
3253 4774 3382 4830 erga

1831 4861 1994 4914 Deum
2026 4858 2187 4924 facta,
2211 4872 2306 4927 per
2335 4872 2455 4926 qua:
2490 4856 2745 4910 Satanam
2769 4856 3171 4924 impuguamus.

1893 4954 1948 5008 3.
2004 4952 2174 5006 Homo
2201 4951 2424 5004 vanitati
2469 4949 2657 5003 similis
2701 4949 2872 5016 [actus
2901 4960 2996 5002 est.
3029 4947 3238 5017 Singuli
3285 4945 3382 4999 ho.

1824 5046 1998 5101 mines
2036 5044 2160 5098 huic
2187 5042 2388 5096 mundo
2429 5040 2630 5095 similes
2660 5049 2806 5094 sunt.

1893 5139 1946 5194 6.
2031 5137 2272 5207 Fulgura
2337 5134 2779 5193 coruscationem.
2830 5141 2880 5184 et
2932 5130 3216 5200 dissipabis
3269 5146 3379 5186 eos.

1826 5229 2031 5300 Fulgur
2054 5235 2212 5282 vocat
2242 5225 2607 5296 evangelicam
2641 5222 3098 5294 praedicationem.

1894 5317 1945 5373 7.
2006 5316 2204 5371 Emitte
2235 5332 2448 5370 manum
2500 5324 2644 5367 tuam
2674 5313 2736 5367 de
2774 5313 2903 5379 alto,
2939 5313 3077 5381 eripe
3107 5327 3186 5365 me
3221 5322 3272 5364 et
3311 5313 3384 5366 li-

1823 5408 1946 5462 bera
1974 5425 2052 5462 me
2091 5406 2154 5459 ds
2186 5408 2335 5478 aquis
2369 5406 2569 5470 multis,
2604 5406 2666 5460 de
2715 5421 2873 5458 manu
2909 5403 3139 5473 ﬁliorum
3174 5403 3378 5456 alieno-

1825 5515 1961 5553 rum.
2011 5497 2247 5563 Quorum
2303 5513 2360 5551 os
2416 5496 2648 5550 locutum
2700 5507 2775 5550 est
2825 5495 3098 5549 sortitam.
3140 5493 3264 5564 Agit
3312 5494 3380 5549 de

1823 5589 2241 5662 cogitationibus
2282 5603 2403 5658 quae
2442 5603 2508 5643 ex
2541 5589 2844 5642 daemonum
2889 5585 3098 5640 insidiis
3140 5599 3240 5638 nos
3271 5584 3380 5638 cir-

1822 5684 2168 5738 cumsistunt.
2212 5683 2316 5736 Aut
2342 5681 2477 5736 forte
2511 5697 2682 5751 aquas
2705 5679 2832 5734 dicit
2862 5678 3166 5734 Iudaeorum
3202 5692 3379 5746 popu-

1826 5777 1934 5830 lum
1978 5773 2070 5843 qui
2119 5773 2488 5829 circumdabat
2541 5771 2834 5841 apostolos,
2891 5779 2951 5824 ut
2999 5769 3272 5826 cohiberet
3314 5781 3380 5823 ac
