4068 6310
717 361 824 418 545
1564 359 1623 416 S.
1655 357 2023 415 ATHANASII
2061 357 2213 415 OPP.
2254 355 2452 412 PARS.
2495 355 2586 412 Ill.
2626 384 2689 395 —
2733 355 3140 412 EXECETICA.
3841 357 3927 410 544

703 484 968 553 perderet.
1023 483 1194 548 Atque
1250 482 1322 535 illi
1362 482 1463 548 ipsi
1527 479 1727 534 fuerint
1777 479 1870 534 lilii
1931 479 2112 537 alieni.
2172 477 2257 544 qui

2369 475 2608 539 στόλους.
2642 476 2700 526 ἐν
2724 474 2802 544 τῷ
2829 476 3045 543 συσχεϊν
3088 472 3183 526 καὶ
3218 472 3493 529 ἀπολέσαι.
3525 474 3635 528 Καὶ.
3661 464 3808 527 οὗτοι
3835 470 3928 527 εἷεν

702 590 836 630 vana
893 574 1220 642 loquuntur:
1276 582 1328 627 et
1360 587 1480 641 qum
1528 587 1683 634 vana,
1735 571 1838 624 nisi
1882 586 2005 624 cum
2054 569 2257 624 Christc

2374 568 2480 620 υἱοὶ
2533 565 2982 636 ἠλλοτριωμένοι,
3023 567 3074 619 oi
3111 565 3205 618 καὶ
3253 565 3454 635 μάταια
3496 563 3804 628 λαλοῦντες.
3834 565 3930 618 Καὶ

699 668 939 722 dicereut
976 687 989 722 ι
1045 665 1218 732 Quare
1249 677 1324 727 tu.
1386 667 1538 718 homo
1568 681 1683 718 cum
1742 666 1838 731 sis,
1882 664 2014 734 facis
2049 668 2257 732 teipsun:

2371 664 2501 714 ποῖα
2532 662 2753 730 μάταια,
2793 660 2825 730 ἢ
2867 659 2928 712 τὺ
2961 659 3138 726 λέγειν
3176 660 3252 728 τῷ
3282 659 3517 730 Χριστῷ*
3546 657 3682 727 Πῶς
3709 661 3812 724 σὺ,
3839 661 3930 715 dr-

703 763 861 817 Denm
893 761 979 816 "?
2370 755 2600 821 θρωπος
2631 751 2735 813 ὢν,
2766 751 2955 817 ποιεῖς
2981 753 3240 804 σεαυτὸν
3273 752 3450 815 Θεόν;

769 857 819 910 9.
866 854 1023 917 Dens,
1056 856 1314 908 canticum
1357 871 1540 908 novum
1574 853 1794 907 cantabo
1832 854 1946 907 tibi.
1989 852 2270 919 Evangeli-

699 965 820 1003 rum
854 949 1093 1013 scilicet;
1139 965 1318 1002 sermo
1345 956 1523 1003 autem
1556 958 1638 1001 est
1667 963 1729 1000 ex
1765 962 1996 1015 persona
2031 945 2264 1001 Davidis.

706 1039 763 1094 1η
793 1041 1043 1109 psalterio
1064 1041 1387 1095 decachordo
1415 1039 1638 1106 psallam
1672 1039 1787 1092 tibi.
1825 1037 2145 1094 Psalterium
2178 1039 2268 1094 de-

697 1133 1021 1187 cacbordum
1049 1141 1130 1187 cst
1160 1147 1379 1201 corpus.
1416 1131 1555 1199 quod
1590 1131 1831 1198 quinque
1857 1146 2050 1186 sensus
2082 1131 2264 1197 habet,

696 1235 749 1277 et
768 1223 1003 1294 quinque
1030 1222 1224 1278 anima:
1249 1222 1589 1291 operationes
1613 1240 1626 1275 :
1652 1222 1882 1292 singulis
1911 1223 2118 1278 scilicet
2142 1238 2264 1278 sen-

695 1315 844 1370 sibus
872 1315 1059 1369 insunt
1088 1315 1312 1382 singulm
1339 1317 1698 1383 operationes.

764 1405 852 1470 10,
884 1406 970 1462 ll.
1014 1405 1119 1472 Qui
1155 1409 1252 1460 das
1295 1407 1516 1460 salutem
1551 1406 1756 1472 reqibus
1789 1407 1999 1460 nostris.
2045 1405 2261 1462 Sanctis

2451 843 2504 895 Ὀ
2533 843 2695 909 Θεὸς.
2725 843 2889 910 ᾠδὴν
2916 841 3135 908 καινὴν
3164 840 3386 910 ᾄσομαι
3420 861 3536 898 σοι.
3566 845 3680 915 Τὴν
3707 845 3926 912 εὐαγγε-

2367 933 2521 1005 λικὴν
2552 935 2792 1005 δηλονότι
2830 935 2918 1001 ἘΞ
2953 935 3116 989 αὐτοῦ
3145 937 3201 990 δὲ
3225 935 3318 989 τοῦ
3345 936 3632 1008 προσώπου
3662 937 3759 990 τοῦ
3785 938 3929 990 Aeolo

2365 1025 2393 1078 ό
2425 1025 2579 1093 λόγος
2605 1026 2770 1079 ἐστίν,
2789 1027 2891 1080 Ἐν
2915 1027 3222 1094 ψαλτηρίῳ
3249 1025 3584 1095 δεκαχόρδῳ
3612 1026 3792 1096 ψει..ἶῶ
3817 1045 3922 1082 σοι.

2365 1118 2678 1189 Ψαλτήριον
2703 1118 3023 1190 δεκάχορδον
3054 1119 3115 1173 τὸ
3148 1119 3304 1189 σῶμα
3327 1122 3491 1182 ἐστιν,
3522 1121 3615 1174 an:
3664 1121 3825 1174 πέντε
3854 1125 3925 1174 αι-

2366 1210 2584 1280 σθήσεις
2610 1211 2752 1282 ἔχον.
2778 1214 2872 1266 καὶ
2903 1213 3060 1266 πέντε
3091 1213 3369 1285 ἐνεργείας
3387 1214 3582 1285 ψυχῆς,
3607 1214 3674 1269 δι’
3703 1215 3925 1288 ἑκάστης

2362 1301 2668 1373 αίσθήσεως
2694 1303 3022 1376 γιγνομένης
3056 1305 3332 1378 ἐνεργείας
3362 1308 3613 1379 ἑκάστης.

2437 1395 2519 1460 Τῷ
2591 1395 2814 1450 διδόντι
2889 1396 3006 1464 τὴν
3053 1400 3354 1467 σωτηρίαν
3402 1399 3524 1466 τοῖς
3565 1400 3926 1465 βασιλεῦσιν

692 1498 899 1553 scilicet
946 1498 1227 1567 apostolis,
1254 1515 1392 1568 quos
1445 1498 1695 1554 Christus
1747 1499 2019 1566 principes
2066 1515 2256 1555 eorum

2359 1486 2546 1557 ἡμῶν.
2580 1489 2705 1554 Τοῖς
2735 1489 2913 1557 ἁγίοις
2959 1490 3295 1555 ἀποστόλοις,
3322 1490 3416 1556 οὓς
3456 1494 3792 1563 κατέστησεν
3834 1494 3923 1565 ἄρ-

691 1590 989 1646 constituit.
1029 1589 1132 1656 Qui
1165 1589 1431 1644 redemisti
1465 1589 1634 1642 David
1658 1606 1862 1642 servum
1893 1599 2038 1643 tuum
2064 1592 2127 1643 de
2149 1591 2257 1659 gla-

2359 1597 2551 1651 κοντας
2580 1580 2761 1634 αὐτῶν
2789 1581 3083 1651 όΧριστός.
3109 1579 3193 1647 Τῷ
3218 1584 3600 1653 ,ιυτρουμένῳ
3623 1586 3811 1640 Δαυῒδ
3833 1587 3926 1640 τὸν

689 1681 778 1734 dio
808 1680 1059 1750 maligno,
1090 1682 1226 1748 eripe
1256 1697 1354 1742 me,
1382 1689 1430 1734 et
1459 1695 1579 1732 erue
1614 1695 1694 1732 me
1735 1678 1799 1732 de
1837 1695 1994 1732 manu
2025 1680 2257 1748 ﬁliorum

2359 1672 2582 1725 δοῦλον
2629 1673 2816 1727 αὐτοῦ
2851 1673 2920 1727 ἐκ
2954 1675 3258 1743 ῥομφαίας
3296 1675 3560 1743 πονηρᾶς
3586 1693 3600 1707 ·
3626 1676 3824 1744 ῥῦσαι
3859 1697 3926 1746 με

689 1773 999 1827 alienorum.
1034 1771 1258 1842 Propter
1285 1785 1374 1827 tua
1411 1787 1532 1828 cum
1563 1769 1666 1823 illis
1696 1779 1872 1838 pacta.
1912 1785 2126 1824 omnem
2158 1788 2256 1826 no-

691 1866 787 1920 stri
834 1864 1251 1920 sollicitudinem
1299 1881 1476 1934 geras.
1517 1863 1766 1919 Gladium
1819 1879 2050 1930 namque
2096 1865 2252 1918 mali-

691 1975 878 2031 gnum,
915 1960 1235 2014 irruentium
1275 1959 1508 2015 furorem
1557 1971 1610 2016 et
1661 1961 1992 2016 ferocitatem
2029 1960 2254 2014 vocavit.

691 2048 842 2117 Ipsos
870 2056 1049 2104 autem
1079 2049 1285 2104 alienos
1315 2057 1493 2113 vocat,
1528 2059 1712 2120 utpote
1746 2051 1959 2120 impios.

761 2224 847 2278 12.
891 2224 1128 2290 Quorum
1161 2227 1263 2295 ﬁlii
1289 2228 1423 2282 sicut
1461 2230 1674 2284 noeellce
1703 2231 2054 2297 plantationes
2083 2232 2134 2283 in
2165 2231 2258 2298 ju-

690 2325 892 2370 wntnte
919 2334 1035 2373 sua.
1072 2317 1202 2388 Ejus
1233 2320 1324 2390 qui
1356 2321 1650 2391 secundum
1683 2337 1902 2376 carnem
1942 2331 2026 2377 est
2052 2323 2257 2390 populi,

691 2408 885 2474 inquit,
920 2408 1173 2465 ﬂorentes
1217 2420 1386 2476 sunt;
1423 2411 1541 2480 ejus
1588 2422 1767 2466 autem
1817 2414 1909 2480 qui
1959 2411 2258 2467 secundum

688 2497 959 2563 spiritum,
1004 2498 1258 2554 humiles.
1307 2497 1372 2552 lli
1414 2515 1650 2569 namque
1697 2510 1823 2554 sunt
1875 2503 1966 2568 qui
2022 2501 2256 2556 dicunt:

694 2588 920 2643 Etiamsi
967 2592 1196 2644 exterior
1241 2601 1416 2646 noster
1457 2592 1610 2646 homo
1639 2594 2015 2664 corrumpitur,
2041 2595 2259 2648 interior

690 2690 970 2731 renovatur
984 2681 1050 2733 ".

763 2765 920 2823 Filia
949 2785 1127 2823 eorum
1151 2771 1471 2840 compositae,
1501 2773 1900 2828 circumornattc
1931 2783 1985 2826 ut
2008 2775 2260 2828 similitu-

690 2861 758 2913 do
780 2862 975 2922 templi.
1018 2860 1091 2914 Dc
1118 2871 1314 2916 ornatu
1349 2864 1587 2918 terrestri
1612 2866 1866 2931 loquitur.
1894 2866 2255 2931 Quamobrem

691 2968 799 3007 non
835 2953 1093 3022 templum
1130 2952 1222 3007 Dci
1262 2952 1415 3009 factm
1445 2965 1593 3019 sunt,
1622 2957 1761 3012 sicut
1803 2967 2004 3014 sanctte
2033 2960 2258 3016 creden-

689 3048 825 3104 tlum
884 3050 1114 3117 animre;
1168 3051 1260 3106 sed
1306 3051 1603 3108 similitudo
1655 3056 1857 3124 templi.
1921 3055 2258 3113 Simulabant

2359 1763 2455 1817 καὶ
2485 1764 2701 1829 ἐξέλου
2728 1783 2803 1834 με
2830 1766 2897 1820 ἐκ
2931 1766 3128 1835 χειρός
3152 1765 3298 1821 υἱῶν
3323 1768 3670 1834 ἀλλοτρίων.
3708 1770 3806 1824 Διὰ
3829 1773 3924 1843 γὰρ

2355 1856 2453 1919 τὰς
2483 1857 2619 1926 πρὸς
2648 1857 2884 1919 ἐκείνους
2914 1857 3184 1927 συνθήκας
3213 1859 3392 1912 πᾶσαν
3421 1858 3579 1929 ἡμῶν
3610 1860 3923 1928 κηδεμονίαν

2358 1947 2602 2015 ποίησον.
2621 1948 2922 2017 Ῥομφαίαν
2961 1948 3070 2019 γὰρ
3097 1950 3337 2020 πονηρὰν
3367 1949 3474 2004 τῶν
3512 1950 3848 2005 ἐπελθόντων
3872 1954 3923 2007 τδ

2360 2039 2586 2109 μανικὸν
2617 2040 2708 2093 καὶ
2741 2040 3003 2112 θηριῶδες
3034 2041 3287 2096 ἐκάλεσε*
3323 2043 3448 2107 τοὺς
3477 2041 3532 2096 δὲ
3556 2045 3761 2109 αὐτοὺς
3787 2044 3922 2099 ἄλλοι

2354 2130 2558 2202 τρίους,
2586 2131 2659 2197 ὠς
2684 2131 2981 2196 δυσσεϐεῖς.

2423 2221 2536 2279 Ὧν
2573 2229 2626 2279 ol
2662 2225 2780 2280 vlol
2819 2225 3016 2281 αὐτῶν
3042 2227 3123 2292 ὡς
3150 2229 3413 2296 νεόφυτα
3439 2226 3725 2296 ἱδρυμένα
3764 2227 3834 2281 ἐν
3860 2226 3924 2295 τῇ

2355 2319 2588 2382 νεότητι
2625 2317 2839 2370 αὐτῶν.
2883 2316 2988 2370 Τοῦ
3022 2318 3161 2371 κατὰ
3204 2319 3380 2390 σάρκα
3410 2318 3537 2372 λαοῦ
3580 2319 3712 2381 υίοὶ,
3749 2317 3922 2388 φησὶν,

2358 2407 2602 2470 εὐθαλεῖς
2629 2410 2734 2460 εἰσι
2755 2424 2769 2437 ·
2811 2406 2904 2460 τοῦ
2939 2407 2995 2461 δὲ
3028 2407 3168 2461 κατὰ
3202 2407 3416 2476 πνεῦμα
3454 2409 3917 2478 τεταπεινωμένοι.

2361 2494 2533 2552 Οὗτοι
2560 2497 2671 2568 γάρ
2703 2501 2860 2554 εἰσιν
2885 2502 2940 2554 ol
2966 2500 3276 2568 λέγοντες-⁸
3319 2503 3387 2554 Ei
3417 2502 3512 2554 καὶ
3548 2506 3582 2556 ό
3611 2502 3732 2564 ἔξω
3765 2500 3921 2572 ἡμῶν

2356 2591 2663 2660 ἄνθρωπος
2707 2591 3120 2660 διαφθείρεται,
3159 2593 3293 2646 ἀλλ’
3324 2596 3357 2647 ό
3402 2594 3523 2647 ἔσω
3569 2594 3918 2650 ἀνακαινοῦ-

2357 2699 2472 2736 ται.

2427 2777 2497 2829 Al
2525 2774 2842 2843 θυγατέρες
2869 2774 3068 2829 αὐτῶν
3099 2779 3678 2846 κεκαλλωπισμέναι,
3707 2791 3918 2846 περικε-

2356 2865 2725 2935 κοσμημέγαι
2761 2866 2841 2932 ὡς
2873 2867 3130 2935 ὁμοίωμα
3151 2867 3318 2921 ναοῦ.
3343 2866 3428 2937 τῷ
3459 2869 3685 2939 ὲπιγείῳ
3719 2868 3915 2940 κόσμῳ.

2356 2957 2448 3010 se
2480 2958 2576 3010 καὶ
2605 2958 2665 3010 οῦ
2699 2956 2825 3019 ναὸς
2849 2955 2983 3009 Θεοῦ
3013 2959 3314 3024 γεγόνασιν,
3346 2958 3422 3020 ὡς
3440 2962 3495 3011 αἱ
3531 2960 3684 3027 ἅγιαι
3714 2961 3820 3015 τῶν
3842 2979 3919 3015 πι-

2359 3048 2696 3103 στευσάντων
2721 3046 2907 3117 ψυχαὶ,
2933 3048 3045 3101 ἀλλ’
3068 3049 3315 3117 ὁμοίωμα
3339 3048 3467 3102 ναοῦ
3486 3067 3499 3079 ⁸
3539 3052 3918 3118 προσεποιοῦν.

689 3143 833 3195 enim
867 3157 922 3196 se
948 3142 1242 3197 secundum
1279 3145 1446 3213 legem
1470 3146 1632 3200 vitam
1667 3165 1844 3217 agere.
1870 3149 1938 3202 At
1966 3150 2016 3204 in
2042 3167 2100 3206 se
2126 3151 2256 3206 Ver-

2359 3156 2417 3192 το
2448 3138 2556 3209 γὰρ
2577 3137 2674 3206 τὴν
2699 3135 2839 3189 κατὰ
2857 3135 3020 3206 νόμον
3042 3135 3448 3206 ἐπιτηδεύουσαι
3477 3137 3775 3192 πολιτείαν.
3793 3140 3917 3192 Ἀλλ’

690 3232 818 3286 bum
856 3247 960 3285 non
992 3231 1282 3297 habebant,
1317 3233 1408 3287 sed
1442 3234 1735 3304 malignqu
1769 3237 2041 3306 spiritum.

760 3406 847 3462 15.
893 3405 1265 3476 Promptuaria
1281 3427 1458 3464 eorum
1480 3411 1652 3478 plena,
1677 3417 1974 3470 erurlantia
1997 3433 2061 3471 ex
2084 3419 2175 3473 hoc
2204 3421 2258 3474 in

691 3501 841 3556 illud.
884 3501 1324 3559 Recoudiderunt
1348 3507 1494 3560 enim
1521 3521 1629 3560 non
1659 3507 1929 3575 cwlestes,
1962 3509 2055 3564 sed
2089 3519 2253 3565 terre-

689 3607 791 3647 nas
821 3592 1058 3648 divitias.

761 3683 845 3737 14.
891 3685 1020 3739 Oves
1063 3701 1240 3739 eorum
1267 3685 1467 3754 fetostc,
1502 3686 1827 3741 abundantes
1869 3689 1925 3742 in
1971 3693 2259 3760 egressibus

689 3776 821 3840 suis,
852 3786 957 3832 etc.
998 3775 1220 3845 Pinguia
1269 3787 1320 3834 et
1369 3777 1594 3833 fecunda
1633 3789 1759 3834 sunt
1805 3797 1998 3849 pecora
2043 3798 2256 3840 eorum.

693 3863 816 3920 Non
861 3876 938 3920 est
985 3871 1136 3922 ruina
1183 3871 1425 3924 maceria:
1471 3887 1631 3940 neque
1676 3873 1952 3929 transitus.
1992 3873 2258 3946 Magnam,

691 3960 886 4030 inquit,
923 3960 1228 4017 felicitatem
1259 3964 1400 4017 nacti
1443 3975 1605 4030 sunt;
1636 3981 1757 4034 quae
1795 3978 1972 4023 tamen
2002 3970 2066 4023 ad
2100 3971 2260 4025 linem

691 4066 863 4121 usque
897 4069 1005 4106 non
1043 4054 1375 4121 perdurahit.
1419 4055 1550 4108 Illud
1601 4056 1746 4109 enim
1802 4057 1854 4110 in
1902 4059 2009 4113 alio
2053 4062 2264 4129 psalmo

691 4144 877 4200 docuit
907 4145 988 4200 his
1025 4144 1200 4202 verbis
1235 4167 1248 4202 :
1289 4145 1538 4216 Dejecisti
1561 4165 1647 4203 eos
1677 4148 1800 4202 dum
1832 4149 2212 4208 elevarentur‘.

763 4320 848 4374 15.
891 4322 1110 4377 Beatum
1142 4324 1383 4379 dixerunt
1417 4327 1662 4395 populant
1690 4328 1774 4380 cui
1806 4329 1914 4381 liter
1942 4338 2098 4382 sunt:
2125 4329 2262 4384 Bea—

694 4420 775 4461 tus
807 4411 1027 4479 populus
1063 4413 1210 4477 cuius
1247 4413 1500 4468 Dominus
1543 4413 1675 4469 Deus
1720 4416 1852 4479 eius.
1898 4416 1963 4471 Et
2018 4419 2091 4472 illi
2142 4420 2262 4488 qui-

2356 3230 2454 3282 οὗκ
2506 3229 2661 3298 ἔσχον
2714 3229 2772 3280 ὲν
2823 3228 3014 3291 αὑταῖς
3057 3228 3148 3280 τὸν
3180 3229 3370 3297 Λόγον,
3402 3229 3537 3282 ἀλλὰ
3582 3231 3645 3283 τὸ
3695 3232 3920 3303 πονηρὸν

2362 3319 2592 3389 πνεῦμα.

2431 3413 2506 3468 Τὰ
2530 3411 2757 3481 ταμιεῖα
2791 3412 2988 3467 αὐτῶν
3019 3410 3216 3480 πλήρη
3248 3411 3674 3481 ἐξερευγτψενα
3700 3411 3769 3466 ἐκ
3796 3415 3918 3466 τού-

2358 3520 2462 3556 του
2499 3506 2583 3568 εις
2625 3503 3232 3574 τοῦτο.⁹Εθησαύρισαν
3275 3504 3383 3574 γὰρ
3415 3503 3474 3558 οὗ
3522 3503 3615 3558 τὸν
3659 3505 3923 3578 οὐράνιον,

2358 3594 2491 3649 ἀλλὰ
2523 3595 2612 3649 τὸν
2639 3597 2879 3664 ἐπίγειον
2908 3596 3155 3651 πλοῦτον.

2436 3686 2509 3741 Τὰ
2552 3688 2816 3752 πρόϐατα
2859 3687 3057 3742 αὐτῶν
3094 3689 3417 3752 πολυτόκα.
3450 3693 3833 3758 πληθύνων-τα
3860 3693 3923 3745 ἐν

2360 3777 2487 3844 ταῖς
2515 3777 2748 3845 ἐξόδοις
2778 3779 2998 3833 αὐτῶν.
3035 3779 3201 3833 Πίονα
3224 3779 3279 3833 δὲ
3307 3779 3485 3834 αὐτῶν
3525 3784 3620 3837 καὶ
3661 3784 3919 3851 πολύγονα

2359 3869 2429 3923 τὰ
2461 3871 2651 3940 κτήνη.
2675 3872 2795 3923 οὐκ
2821 3870 2952 3925 ἔστι
3003 3871 3357 3944 κατάπτωμα
3379 3878 3651 3946 φραγμοῦ
3680 3879 3822 3934 οὐδέ
3847 3880 3921 3934 ει-

2360 3962 2586 4028 ἐξοδος.
2617 3962 2840 4034 Πολλὴν,
2873 3965 3053 4035 φησὶν,
3074 3964 3228 4036 ἔσχον
3251 3965 3348 4038 τὴν
3381 3969 3698 4041 εὖημερίαψ
3733 3972 3844 4026 ἀλλ’
3866 3974 3919 4026 οὗ

2366 4055 2523 4125 μέχρι
2574 4055 2759 4119 τέλους
2806 4056 2988 4120 αὐτοῖς
3035 4058 3306 4127 στήσεται.
3340 4059 3510 4114 Τοῦτο
3541 4062 3652 4134 γὰρ
3697 4067 3756 4118 ἐν
3787 4067 3920 4134 me

2361 4146 2559 4218 ψαλμῷ
2599 4148 2833 4213 ἐδίδαξεν
2867 4149 3062 4204 εἰπών’
3117 4152 3449 4221 Κατέϐσλες
3484 4157 3706 4224 αὐτοὺς
3743 4160 3813 4213 ἐν
3849 4159 3920 4224 τῷ

2362 4238 2712 4308 ἐπαρθῆναι,

2461 4332 2849 4400 Εμακὰρισαν
2879 4335 2987 4389 τὸν
3025 4337 3179 4391 λαὸν
3221 4329 3270 4402 ᾧ
3302 4339 3484 4393 ταῦτα
3527 4341 3686 4394 ἐστι·
3736 4341 3918 4412 μακά-

2355 4441 2486 4491 ριος
2513 4428 2548 4478 ό
2576 4427 2726 4493 λαός
2749 4423 2822 4481 οὗ
2851 4429 3063 4495 Κύριος
3087 4433 3121 4482 ό
3148 4431 3292 4494 Θεὸς
3323 4433 3526 4487 αὐτοῦ.
3555 4436 3617 4488 Oi
3649 4435 3722 4504 μὴ
3754 4435 3917 4504 ὀρθῶς

690 4502 812 4554 dem
846 4518 954 4556 non
985 4514 1129 4558 recte
1159 4504 1478 4574 iudicantes.
1504 4509 1596 4562 sed
1624 4523 1744 4577 quae
1767 4525 1983 4562 carnem
2016 4521 2257 4580 spectant

2364 4516 2655 4586 κρίνοντες,
2682 4518 2816 4572 ἀλλὰ
2842 4521 2936 4573 καὶ
2961 4520 3097 4574 αὐτὰ
3125 4521 3513 4590 φανταζόμενοι
3539 4524 3607 4578 τὰ
3637 4499 3916 4596 ἁπρπὸςηδ

692 4594 871 4662 magni
907 4593 1187 4660 facientes,
1218 4611 1341 4650 cum
1372 4599 1462 4666 qui
1492 4598 1605 4654 h:rc
1634 4599 1810 4668 ample
1835 4601 2108 4668 possideat
2132 4604 2258 4657 bea-

691 4688 809 4737 tum
841 4698 962 4736 esse
995 4685 1321 4740 existimant.
1351 4685 1547 4742 Verum
1577 4689 1628 4743 id
1663 4706 2002 4759 nequaquam
2033 4692 2260 4749 felicitas

690 4786 792 4828 εει.
825 4772 928 4828 Sed
961 4775 1212 4830 invocare
1239 4776 1527 4833 Dominum
1573 4779 1739 4835 Deum
1770 4797 1926 4837 suum
1977 4784 2146 4853 (illud
2178 4793 2262 4840 est

693 4880 819 4921 vere
845 4865 1120 4938 felicitas).

1023 4959 1284 5014 Laudatio
1312 4963 1414 5030 ipsi
1447 4962 1628 5018 David.
1661 4964 1891 5019 CXLIV

764 5051 814 5104 1.
857 5049 1122 5106 Exaltaba
1146 5063 1211 5118 te,
1245 5053 1380 5107 Deus
1403 5073 1544 5110 meus
1569 5096 1585 5117 ,
1617 5071 1706 5109 rex
1729 5074 1888 5112 meus.
1929 5055 2046 5112 Non
2072 5060 2254 5115 altitu-

688 5139 870 5194 dinem
921 5143 1022 5210 ipsi
1071 5145 1163 5198 dat
1207 5145 1362 5212 quasi
1396 5161 1457 5200 ea
1490 5159 1708 5212 careat;
1744 5150 1835 5203 sed
1867 5150 1988 5206 aliis
2019 5151 2254 5208 declarat

687 5245 808 5286 eam
843 5231 1018 5300 ipsum
1054 5234 1313 5292 ohtiucrc.
1345 5236 1514 5304 Quale
1546 5249 1628 5293 est
1662 5240 1788 5294 illud
1827 5260 1840 5296 :
1882 5240 2060 5308 Pater,
2092 5245 2255 5297 clari-

689 5318 792 5389 ﬁca
822 5337 1005 5375 nomen
1032 5335 1178 5376 tuum
1206 5327 1259 5376 in
1290 5337 1428 5379 terra
1447 5329 1487 5381 '.
1519 5327 1632 5382 Non
1658 5341 1809 5400 rogat
1835 5332 1977 5385 enim
2013 5348 2130 5388 eam
2161 5349 2252 5389 ac-

689 5410 865 5477 cipere
898 5429 1059 5480 quam
1109 5432 1213 5469 non
1264 5416 1442 5480 habet.
1477 5421 1568 5477 sed
1603 5437 1719 5477 eam
1759 5438 1920 5492 quam
1946 5423 2107 5478 habet
2141 5441 2255 5480 ma—

690 5497 957 5563 nil‘estarl.
999 5514 1058 5559 ut
1099 5505 1298 5563 indicat
1358 5510 1487 5564 illud
1525 5530 1537 5563 :
1571 5511 1822 5579 Clariﬁca
1876 5529 1954 5566 me
2004 5513 2250 5569 claritate

687 5608 844 5662 quam
877 5596 1035 5651 habui
1061 5600 1202 5667 apud
1238 5611 1285 5655 te
1317 5613 1594 5674 antequam
1629 5606 1852 5658 mundus
1877 5605 2023 5673 fieret
2042 5605 2082 5660 ³.

2356 4608 2560 4662 τούτων
2592 4609 2649 4662 ὲν
2677 4609 2970 4663 ἀπολαύσει
2994 4611 3244 4677 γενέσθαι
3278 4613 3441 4684 πολλῇ
3480 4615 3746 4686 μακάριον
3787 4613 3915 4671 εἶναι

2360 4699 2688 4768 νομίζουσιν.
2713 4701 2824 4756 Οὐκ
2848 4701 2961 4755 ἐστι
2984 4702 3040 4755 δὲ
3060 4702 3215 4756 τοῦτο
3245 4706 3512 4777 μακάριον
3530 4725 3543 4737 ·
3566 4707 3701 4762 ἀλλὰ
3724 4708 3782 4763 τὺ
3809 4711 3913 4763 ἑπι-

2361 4791 2639 4846 καλεῖσθαι
2665 4792 2866 4865 Κύριον
2893 4793 2985 4847 τὸν
3015 4793 3146 4849 θεὸν
3177 4794 3363 4852 αὑτοῦ.

2754 4975 2997 5041 Αίνεσις
3024 4973 3104 5041 τῷ
3133 4975 3327 5030 Δαυΐδ.
3358 4979 3536 5031 PMJ'.

2438 5065 2676 5134 ’Υψώσω
2716 5081 2808 5129 σε,
2847 5068 2880 5120 ό
2915 5069 3058 5134 Θεός
3082 5086 3220 5137 μου,
3252 5072 3286 5124 ό
3317 5069 3617 5135 βασιλεύς
3645 5089 3779 5139 μου.
3810 5071 3910 5139 οὐχ

2364 5157 2438 5221 ὡς
2475 5157 2550 5229 μὴ
2585 5156 2757 5226 ἔχοντι
2782 5156 2839 5210 δὲ
2867 5157 3080 5212 δίδωσιν
3110 5159 3273 5228 ὕψος·
3314 5159 3448 5214 ἀλλὰ
3482 5164 3592 5223 τοῖς
3622 5162 3795 5225 ἄλλοις
3815 5161 3909 5214 δεί-

2358 5265 2542 5304 κνυσιν
2591 5247 2799 5319 ἔχοντα.
2828 5249 3067 5303 ὀτι-οἶον·
3116 5252 3326 5321 Πάτερ,
3377 5252 3645 5314 δόξασόν
3691 5266 3803 5307 σου
3847 5251 3906 5305 τὸ

2360 5341 2547 5408 ὄνομα
2580 5340 2651 5393 ἐν
2676 5339 2750 5408 τῇ
2783 5341 2878 5411 γῆ.
2909 5342 2984 5395 οὐ
3014 5342 3124 5413 γὰρ
3148 5345 3214 5412 ἢν
3249 5344 3320 5414 μὴ
3360 5339 3500 5413 εἶχεν
3527 5347 3684 5405 αίτεῐ,
3716 5343 3825 5397 ἀλλ’
3849 5345 3907 5410 ἢν

2360 5433 2453 5486 καὶ
2480 5427 2591 5502 εἶχε
2615 5431 2888 5502 δειχθῆναι
2907 5450 2920 5464 ·
2949 5434 3025 5498 ὡς
3048 5435 3198 5504 δηλοῖ
3225 5436 3284 5488 τό
3301 5453 3316 5466 ο
3347 5435 3620 5499 Δόξασόν
3637 5454 3712 5506 με
3736 5435 3810 5502 τῇ
3827 5433 3908 5487 δό-

2355 5523 2434 5590 ξῃ
2558 5519 2724 5595 εἶχον
2749 5527 2906 5596 παρὰ
2945 5527 3044 5581 σοι
3071 5525 3184 5594 πρὸ
3209 5525 3315 5580 τοῦ
3345 5527 3453 5580 τὸν
3481 5528 3708 5599 κόσμον-
3743 5522 3907 5595 τε·νέ-

2357 5617 2518 5669 σθαι.

755 5773 800 5807 ⁶¹
830 5773 983 5833 loan.
1030 5796 1081 5844 ι,
1139 5780 1228 5837 33.
1303 5785 1347 5814 ”
1389 5783 1430 5838 11
1457 5785 1582 5840 Cor.
1621 5803 1692 5854 tv,
1729 5785 1810 5842 l6.
1894 5789 1906 5820 '
1949 5789 2088 5846 Psal.
2129 5805 2301 5856 Lxxu,
2330 5793 2412 5848 18.
2492 5796 2511 5824 ⁸
2551 5793 2706 5852 Joan.
2746 5813 2843 5862 xu,
2879 5796 2966 5852 28.
3045 5795 3232 5851 a.loan.
3276 5813 3400 5860 xvu,
3428 5797 3478 5851 5.
