4068 6310
716 354 820 413 547
1583 359 1640 413 S.
1680 359 2047 416 ATHA‘NASII
2083 359 2231 415 OPP.
2274 361 2451 416 PARS
2481 362 2567 417 Ill.
2606 394 2671 403 —
2712 363 3119 421 EXEliETIlZA.

1457 699 1537 759 IN
1594 700 2091 763 FRAGMENTA
2138 701 2729 776 SUBSEQUENTIA
2795 701 3192 762 MONITUM.

716 1016 846 1083 Qaa
878 1020 1257 1088 subsequuntur
1296 1020 1591 1091 fragmenta
1630 1021 2143 1076 Commentariorum
2180 1024 2461 1077 Athanasii
2488 1025 2539 1077 in
2577 1025 2806 1093 psalmos
2838 1026 2983 1093 prior
3009 1024 3170 1077 edidit
3200 1023 3389 1078 Petrus
3425 1023 3809 1079 Feleltmannus
3845 1027 3933 1080 sub

1027 1119 1185 1186 ﬁnem
1212 1118 1509 1187 appendicis
1542 1120 1609 1171 ad
1638 1118 1914 1175 editionem
1937 1120 2431 1183 Commelinianam,
2463 1121 2558 1173 hac
2586 1123 2862 1189 prtemissa
2892 1120 2960 1173 ad
2992 1121 3230 1174 lectorem
3253 1122 3625 1175 admonitione.

1873 1229 2082 1267 PETRUS
2120 1229 2357 1267 FELCKIA
2367 1229 2498 1268 NNL’S
2534 1228 2782 1267 LECTORI.

792 1334 807 1361 ε
837 1310 967 1365 Cum
994 1312 1321 1377 prtrmissam
1352 1310 1683 1379 appendicem
1714 1312 1975 1381 hucusque
1998 1312 2114 1380 jam
2143 1312 2523 1378 perduxissem,
2547 1312 2707 1363 incidi
2738 1312 2791 1364 in
2818 1327 2971 1377 opera
2996 1311 3224 1379 Luciferi
3258 1311 3483 1378 episcopi
3506 1309 3829 1369 Calaritani,
3850 1328 3932 1363 cu-

710 1403 797 1471 jus
830 1402 1011 1455 crebra
1038 1412 1086 1455 et
1126 1402 1345 1455 laudata
1379 1404 1429 1455 in
1466 1404 1757 1456 Athanasio
1783 1414 1961 1457 nostro
1994 1408 2207 1464 mentio.
2233 1405 2347 1472 jam
2372 1406 2493 1457 olim
2523 1404 2742 1458 Lutetia:
2773 1422 2802 1456 a
2832 1403 3035 1458 Joanne
3070 1404 3204 1458 Tilio
3228 1405 3465 1472 episcopo
3498 1402 3760 1456 Heldensi
3784 1402 3932 1457 edita.

717 1496 845 1560 Qua:
875 1512 989 1547 cum
1021 1499 1385 1564 pervolverem,
1422 1497 1581 1548 incidi
1616 1498 1667 1548 in
1712 1507 1813 1550 tres
1852 1497 2128 1550 Athanasii
2159 1497 2431 1565 epistolas,
2467 1498 2599 1549 duas
2643 1498 2711 1549 ad
2754 1495 3075 1563 Luciferum.
3103 1506 3151 1549 et
3200 1496 3408 1549 tertiam
3442 1495 3510 1548 ad
3540 1496 3802 1548 solitaria
3826 1496 3935 1548 vita

713 1588 995 1649 studiosos,
1024 1603 1247 1655 quarum
1277 1603 1337 1639 ne
1366 1586 1512 1653 fama
1538 1587 1743 1653 quidem
1772 1596 1892 1640 ante
1920 1587 1987 1639 ad
2019 1603 2111 1639 nos
2136 1596 2455 1652 pervenerat.
2492 1585 2637 1649 Quas
2667 1602 2783 1638 cum
2814 1601 2877 1639 ea:
2906 1602 3079 1639 rerum
3108 1602 3221 1639 cum
3250 1587 3371 1640 aliis
3404 1588 3688 1641 Athanasii
3718 1587 3935 1654 epistolis

712 1684 1057 1737 similitudine
1081 1693 1128 1735 et
1160 1685 1468 1736 tractatione
1498 1687 1745 1754 genuinas
1775 1701 1885 1737 esse
1915 1686 2227 1747 existimem,
2256 1685 2339 1737 hic
2372 1683 2757 1753 subjungendas
2788 1700 2897 1737 esse
2927 1685 3125 1752 putavi.
3151 1682 3217 1736 Et
3245 1680 3370 1747 quia
3396 1680 3574 1732 eodem
3594 1694 3795 1746 quoque
3815 1688 3934 1730 tem-

712 1797 833 1846 pore
871 1780 1160 1849 fragmenta
1187 1778 1426 1849 qua'dam
1451 1776 1957 1833 Commentariorum
1990 1778 2159 1830 sancti
2193 1776 2345 1845 hujus
2376 1777 2543 1829 nostri
2570 1777 2621 1827 in
2649 1776 2878 1843 psalmos
2911 1776 2963 1827 in
2992 1772 3267 1843 συλλογῇ
3298 1771 3497 1825 Niceti:
3534 1770 3859 1825 Heracleottr
3890 1770 3936 1822 in

720 1869 967 1924 Biblioth.
1000 1868 1250 1922 Palatina
1282 1870 1468 1937 reperi,
1500 1867 1678 1921 eadem
1701 1869 1966 1928 similiter.
1997 1871 2156 1921 donec
2183 1870 2382 1935 integra
2408 1867 2618 1919 aliunde
2649 1869 2924 1935 prodeant,
2945 1867 3112 1935 artjeci
3146 1866 3488 1920 tumultuario
3510 1880 3663 1932 opere
3688 1865 3935 1933 festinan-

715 1960 847 2013 tibus
871 1961 1029 2028 prelis
1063 1979 1095 2013 a
1120 1977 1198 2013 me
1229 1977 1397 2013 versa.
1436 1959 1749 2029 Quanquam
1784 1960 2007 2028 fortasse
2038 1977 2136 2013 non
2174 1962 2349 2012 omnia
2375 1977 2490 2028 quae
2525 1958 2740 2012 Nicetas
2785 1975 2850 2012 ea:
2890 1959 2997 2014 illis
3048 1958 3325 2028 decerpsit,
3357 1960 3568 2012 damus.
3615 1958 3761 2011 Nam
3792 1958 3938 2011 codex

711 2068 813 2119 quo
843 2054 925 2105 usi
953 2068 1133 2104 sumus
1172 2054 1223 2104 in
1261 2052 1451 2121 psalm.
1488 2067 1645 2105 mm
1672 2052 1963 2119 deficiebat.
1993 2051 2058 2103 Et
2092 2051 2369 2105 verisimile
2406 2068 2506 2103 non
2532 2060 2607 2103 est
2639 2049 2883 2104 Nicetam
2908 2051 2963 2104 in
3002 2052 3203 2121 reliqua
3251 2050 3578 2118 psalmorum
3607 2058 3761 2117 parte
3787 2048 3937 2101 Attia-

712 2151 852 2202 nasii
873 2150 1265 2217 explicationes,
1299 2167 1428 2219 quas
1463 2161 1675 2203 eatenus
1710 2159 1817 2202 tam
1843 2150 2135 2217 frequenter
2158 2150 2307 2208 citat.
2332 2149 2591 2203 omisisse.

784 2262 803 2294 α
835 2242 1062 2312 Denique
1104 2243 1298 2296 brevem
1329 2242 1609 2297 Athanasii
1643 2242 2028 2300 sententiolam.
2056 2253 2104 2295 et
2148 2242 2381 2295 locorum
2429 2242 2781 2311 quorumdam
2814 2243 2986 2295 varias
3025 2240 3267 2293 lectiones
3301 2241 3371 2292 ad
3400 2240 3557 2309 ﬁnem
3594 2237 3825 2298 subdidi.
3860 2238 3936 2290 de-

711 2347 976 2406 promptas
1006 2353 1069 2390 ea:
1092 2339 1436 2391 vetustissimo
1459 2339 1633 2391 codice
1654 2338 1903 2391 Biblioth.
1930 2336 2216 2399 Palatium,
2253 2339 2341 2405 qui
2385 2338 2678 2389 continebat
2713 2338 2935 2390 similem
2960 2346 3195 2389 catenam
3217 2337 3603 2404 expositionum
3633 2334 3687 2385 in
3737 2332 3934 2389 Jobum.

713 2429 776 2483 ab
806 2430 1001 2482 incerto
1039 2437 1251 2481 auctore
1282 2430 1666 2481 concinnatam.
1695 2426 1771 2478 Tu
1797 2442 1934 2491 vero,
1961 2427 2194 2478 benevole
2218 2426 2401 2490 lector,
2432 2427 2730 2479 auctarium
2754 2426 2906 2478 hocce
2930 2424 3165 2477 benevole
3192 2434 3479 2493 acceptare,
3504 2424 3801 2492 nostrisque
3836 2432 3935 2474 stu-

710 2526 816 2578 diis
849 2526 1021 2593 favere
1053 2524 1177 2578 velis
1206 2540 1317 2577 oro.
1343 2544 1367 2575 ι
1405 2522 1532 2575 Ηωε
1567 2520 1975 2575 Felckmannus.

784 2622 1050 2692 Epistolas
1098 2638 1252 2689 porro
1300 2630 1615 2673 memoratas
1653 2637 1685 2671 a
1718 2617 2071 2672 Felchmanno
2124 2618 2192 2671 ad
2239 2616 2542 2686 Luciferum
2588 2628 2635 2671 et
2682 2618 2750 2670 ad
2791 2618 3093 2684 monachos,
3125 2617 3381 2670 edidimus
3406 2631 3585 2682 supra.
3623 2614 3755 2668 Hac
3777 2627 3934 2667 autem

712 2717 1008 2785 fragmenta
1040 2714 1175 2784 quod
1199 2722 1415 2782 spectat,
1440 2711 1816 2765 consimillima
1850 2710 1942 2764 illa
1974 2720 2114 2775 sunt,
2144 2710 2473 2778 paucissimis
2518 2711 2768 2777 exceptis,
2812 2708 3223 2778 expositionibus
3268 2708 3548 2761 Athanasii
3580 2722 3744 2772 supra
3769 2707 3931 2761 editis.

712 2808 865 2873 Quod
894 2809 938 2861 si
962 2807 1271 2876 quandoque
1302 2802 1553 2857 nonnulla
1575 2810 1851 2855 occurrant
1874 2816 1989 2869 qua:
2018 2801 2071 2851 in
2104 2798 2531 2867 Expositionibus
2559 2815 2660 2851 non
2686 2810 3040 2868 compareant,
3068 2816 3169 2853 non
3201 2801 3315 2853 ideo
3337 2799 3685 2870 repudianda,
3713 2800 3931 2853 etAthao

711 2901 861 2951 nasia
890 2897 1282 2967 abjudicanda;
1316 2913 1459 2958 nam,
1490 2901 1626 2965 quod
1650 2897 1947 2949 observasse
1964 2892 2197 2963 juvabit,
2223 2893 2291 2945 ad
2312 2910 2399 2948 eos
2430 2894 2754 2962 psalmorum
2779 2914 2955 2951 versus
2979 2900 3259 2967 pertinent,
3287 2913 3509 2967 quorum
3533 2897 3821 2966 explicatio
3844 2911 3934 2951 non

709 3002 883 3047 exstat
912 2993 964 3045 in
990 2989 1437 3060 Expositionibus,
1466 3002 1641 3059 utpote
1665 3006 1768 3043 non
1813 2991 2027 3059 integris
2049 3005 2110 3041 ac
2144 3004 2371 3058 perstepe
2398 2990 2777 3058 deficientibus.
2813 2992 3072 3047 Cteterum
3103 2994 3211 3047 haec
3245 3006 3488 3062 excerpta
3512 3010 3612 3047 non
3636 2996 3705 3046 ad
3739 2994 3932 3046 verbum

714 3085 871 3154 refert
894 3083 1127 3145 Nicetas,
1159 3083 1250 3138 sed
1269 3084 1564 3153 plerumque
1591 3083 1764 3153 quoad
1790 3082 2101 3135 sententiam
2129 3090 2335 3133 tantum
2361 3098 2452 3135 nec
2481 3099 2601 3136 raro
2629 3084 2877 3152 perntista
2898 3099 3015 3136 cum
3038 3084 3263 3137 aliorum
3291 3085 3510 3138 Patrum
3530 3087 3931 3147 commentariis,

709 3198 766 3253 qi
786 3198 930 3235 orum
959 3183 1066 3252 ipse
1094 3184 1303 3236 nomina
1337 3182 1511 3250 affert.
1538 3180 1742 3235 Etenim
1768 3179 1979 3248 quando
2009 3179 2189 3233 eadem
2213 3182 2445 3245 omnino,
2469 3196 2559 3233 nec
2581 3180 2857 3233 immutata
2898 3196 2988 3233 nec
3027 3181 3265 3233 auctiora
3296 3189 3414 3233 sunt
3443 3196 3600 3250 quam
3636 3179 3693 3231 in
3713 3176 3930 3247 Exposi-

714 3274 958 3339 tionibus,
997 3291 1058 3329 ea
1081 3275 1371 3338 omisimus,
1397 3291 1458 3327 ne
1485 3275 1562 3326 bis
1594 3273 1729 3325 idem
1756 3272 2017 3323 inutiliter
2040 3280 2324 3339 repetatur.

903 3598 1617 3691 FRAGMENTA
1690 3594 2844 3690 COMMENTARIORUM
2931 3600 3040 3688 D.
3108 3590 3759 3689 ATHANASII

2067 3794 2150 3857 IN
2200 3796 2588 3857 PSALMOS.

814 4112 890 4171 Ex
920 4112 1123 4169 Nieeta:
1147 4114 1500 4183 metropolite
1529 4111 1802 4168 Heracleae
1830 4122 2022 4168 catena
2045 4113 2270 4182 expositi

2368 4130 2478 4179 im,
2508 4114 2621 4169 sive
2650 4122 2709 4167 ut
2765 4113 2879 4182 ipse
2919 4118 3094 4175 vocat,
3139 4113 3432 4186 Συναγωγῇ
3485 4112 3823 4184 ἐξηγήσεων,
3865 4126 3923 4166 ex

1761 4203 1963 4260 Graecis
2007 4202 2259 4259 Pattibus
2289 4204 2341 4257 in
2371 4202 2615 4258 Psalmos
2644 4202 2868 4257 collecta

817 4298 1031 4353 Nicetas
1057 4299 1139 4351 hic
1162 4298 1215 4351 in
1242 4300 1486 4368 prooemio
1514 4302 1721 4354 tertiam
1744 4317 1807 4353 ea:
1827 4303 2069 4371 quinque,
2087 4317 2218 4371 quas
2242 4300 2345 4353 sibi
2376 4302 2767 4366 praemittendus
2789 4318 2898 4354 esse
2927 4304 3234 4371 quastiones
3257 4304 3477 4369 censuit,
3503 4305 3659 4369 hanc,
3686 4306 3745 4359 τί
3767 4305 3833 4357 τὸ

1289 4394 1643 4461 Ψαλτήριον,
1680 4393 1966 4462 explicans,
1996 4393 2177 4445 addito
2209 4393 2414 4445 nomine
2449 4392 2823 4458 ‘A0ara0'lov,
2852 4396 3118 4463 sequentia
3143 4396 3374 4465 subjicit.

780 4486 880 4542 Est
946 4488 1109 4557 igitur
1158 4487 1468 4554 psalterium
1526 4490 1945 4543 instrumentum
1998 4488 2267 4542 musicum

2446 4488 2598 4540 Ἐστι
2627 4487 2799 4540 τοίνυν
2823 4489 2883 4541 τὸ
2919 4488 3211 4561 ψαλτήριον
3235 4492 3463 4563 ὄργανον
3492 4496 3752 4565 μουσικὸν
3786 4496 3923 4549 δεκά-

714 4590 967 4634 constans
994 4579 1176 4633 decem
1220 4580 1457 4642 chordis,
1486 4578 1553 4633 de
1598 4579 1824 4634 summis
1857 4579 2026 4648 ipsius
2053 4594 2272 4647 compa-

712 4672 795 4741 gis
832 4671 1072 4740 panibus
1118 4686 1310 4726 sonum
1357 4672 1661 4740 pcrliciens,
1691 4686 1983 4740 vocemque
2030 4685 2270 4725 consona

710 4764 942 4833 quadam
974 4764 1202 4817 melodia
1229 4765 1526 4817 articulatm
1560 4765 1677 4818 voci
1711 4763 1937 4817 similem
1986 4764 2215 4817 reddens
2251 4781 2265 4816 :

712 4871 775 4911 ac
822 4856 1037 4919 dicitur,
1073 4855 1309 4911 Hebraeis
1356 4857 1594 4925 quidem,
1642 4857 1837 4920 naula;
1889 4854 2090 4910 Graecis
2118 4870 2265 4919 vero,

710 4949 914 5003 cithara
979 4948 1275 5002 Conﬁcitur
1300 4963 1427 5003 vero
1480 4948 1581 5002 hoc
1631 4949 1788 5002 modo
1828 4966 1841 5001 :
1874 4956 2091 5015 sumpto
2121 4947 2268 5015 ligno

710 5053 879 5101 recto.
906 5040 1143 5109 nihilque
1168 5041 1381 5108 penitus
1409 5040 1623 5104 inﬂexo,
1652 5041 1837 5094 decem
1880 5040 1931 5092 in
1962 5053 2027 5093 eo
2052 5038 2268 5093 chordae

710 5131 1097 5195 tendebantur;
1152 5145 1216 5183 ac
1265 5131 1489 5198 singula:
1540 5131 1768 5184 seorsim
1834 5130 1886 5183 in
1938 5130 2269 5184 summitate

710 5218 880 5287 ipsius
930 5218 1166 5285 psalterii
1213 5222 1330 5272 lixa:
1374 5219 1882 5288 constringebantur
1918 5234 2141 5273 :earnm
2170 5235 2267 5272 au-

708 5320 814 5363 tem
878 5310 1138 5379 principia
1204 5312 1489 5368 desursum
1542 5316 1919 5369 demittuntur.
1980 5315 2035 5367 In
2084 5315 2267 5369 cubito

706 5399 835 5469 (sive
866 5399 1021 5467 collo)
1058 5415 1289 5470 namque
1314 5404 1481 5472 ipsius
1510 5407 1745 5473 psalterii
1776 5408 1959 5460 decem
1990 5407 2265 5462 claviculas

706 5493 820 5548 sive
851 5492 1027 5559 paxilli
1066 5492 1270 5561 trajecti
1302 5506 1605 5561 vertuntur,
1632 5499 1723 5568 qui
1752 5498 1983 5553 chordas
2016 5498 2261 5565 tendunt,

705 5584 1068 5647 remittuntve,
1101 5594 1256 5651 prout
1282 5602 1471 5642 vocum
1504 5592 1856 5645 consonantia
1898 5600 1949 5646 et
1984 5594 2263 5663 proportio

707 5677 951 5747 requirit,
982 5688 1032 5733 et
1066 5680 1129 5732 ad
1160 5680 1434 5749 psallentis
1483 5683 1711 5740 libitum.
1753 5684 1817 5741 Et
1852 5685 1953 5741 hoc
1978 5696 2081 5751 est,
2114 5688 2258 5758 quod

705 5785 930 5841 magnus
969 5768 1197 5827 Basilius
1230 5774 1321 5840 ait,
1350 5784 1452 5830 etc.

2374 4581 2579 4652 χορδον,
2604 4584 2668 4635 ὲκ
2701 4582 2805 4635 τῶν
2832 4582 3035 4637 ἄνωθεν
3070 4584 3249 4655 μερῶν
3281 4588 3379 4657 τῆς
3420 4590 3765 4661 κατασκευῆς
3802 4592 3920 4644 ἀπο-

2371 4673 2554 4726 τελοῦν
2578 4674 2668 4727 τὸν
2690 4670 2842 4746 ἦχον,
2869 4677 3200 4747 ὲναρμονίως
3231 4678 3355 4741 τοὺς
3383 4678 3651 4748 φθόγγους
3679 4682 3812 4753 πρὸς
3838 4682 3921 4751 τὴν

2371 4768 2435 4818 ὲκ
2455 4766 2553 4835 τῆς
2574 4765 2754 4835 (punit;
2777 4766 3040 4837 μελῳδίαν
3066 4768 3310 4821 ἀποδιδόν
3332 4786 3344 4799 ·
3376 4771 3523 4841 παρὰ
3542 4772 3640 4840 μὲν
3671 4773 3921 4843 Ἐὁραίςις

2370 4856 2537 4909 ναῦλα
2567 4858 2873 4928 λεγόμενον,
2899 4862 3026 4931 παρ’
3055 4860 3275 4931 Ἕλλησι
3304 4861 3358 4915 δὲ
3382 4862 3581 4934 κιθάρα
3606 4864 3918 4933 ὀνομαζόμε-

2370 4967 2477 5003 νον.
2503 4951 2917 5005 Κατεσκεύαστο
2943 4952 3052 5025 γὰρ
3076 4953 3255 5017 αὐτοῖς
3275 4954 3431 5027 ὀρθὸν
3460 4954 3612 5020 ξύλον
3639 4958 3733 5010 καὶ
3762 4957 3917 5027 ἀπαρ-

2370 5042 2631 5110 έγκλιτον,
2674 5044 2859 5114 χορδαὶ
2887 5044 2942 5098 δὲ
2968 5047 3024 5098 ἐν
3052 5044 3221 5116 τούτῳ
3244 5046 3375 5099 δέκα
3404 5048 3683 5101 ὲτείνοντο.
3700 5049 3915 5114 Ἐκάστη

2367 5134 2424 5187 δὲ
2473 5135 2579 5188 τῶν
2622 5134 2820 5206 χορδῶν
2852 5137 2931 5199 εἰς
2964 5136 3024 5188 τὸ
3052 5137 3453 5207 ἀκροτελεύτιον
3499 5138 3591 5191 τοῦ
3635 5138 3914 5209 ψαλτηρίου

2366 5228 2705 5301 διῃρημένως
2734 5231 3159 5298 ὲναπεσςρίγγετο
3177 5246 3191 5260 ·
3232 5231 3290 5282 αἱ
3321 5229 3377 5283 δὲ
3402 5231 3563 5302 ἀρχαὶ
3590 5232 3698 5283 τῶν
3731 5228 3915 5302 χορδῶν

2367 5320 2614 5375 καθίεντο
2637 5321 2856 5376 ἀνωθεν.
2889 5322 3029 5376 Δέκα
3062 5323 3169 5392 γὰρ
3194 5322 3438 5375 uenam
3470 5323 3647 5376 εῑτουν
3675 5320 3914 5376 maculi—

2368 5430 2505 5475 σκοι,
2540 5416 2666 5486 περὶ
2713 5414 2803 5466 τὸν
2850 5414 3028 5484 πῆχυν
3076 5413 3167 5467 τοῦ
3221 5414 3515 5485 ψαλτηρίου
3553 5415 3908 5484 στρεφόμενοι,

2365 5505 2560 5559 ἓτεινόν
2594 5524 2652 5559 τε
2680 5505 2775 5576 τὴν
2799 5506 2989 5578 χορδὴν
3024 5506 3117 5560 καὶ
3150 5508 3352 5578 ὲχάλων
3381 5508 3513 5578 πρός
3531 5523 3591 5560 τε
3614 5508 3703 5561 τὸν
3728 5504 3909 5577 ῥυθμὸν

2364 5598 2460 5662 τῆς
2506 5597 2762 5668 ἁρμονίας
2815 5598 2909 5650 καὶ
2955 5598 3088 5669 πρὸς
3119 5598 3179 5651 τὸ
3221 5597 3313 5651 τοῦ
3350 5598 3627 5669 ψαλτιιεδοῦ
3662 5598 3904 5669 βούλημα.

2364 5689 2469 5742 Καὶ
2492 5688 2646 5741 τοῦτό
2672 5690 2818 5742 ἐστιν
2849 5689 2877 5742 ὅ
2906 5705 3070 5760 φησιν
3101 5690 3129 5742 ὁ
3163 5689 3333 5761 μέγας
3357 5688 3651 5754 Βασίλειος,
3681 5700 3781 5745 etc.
