4090 6312
147 360 252 418 549

1138 364 1558 423 FRAGMENTA
1597 371 1953 427 COMMENT.
1996 373 2058 426 IN
2100 373 2435 431 PSALMOS.

3278 381 3384 439 550

728 475 873 530 Mem
897 477 1164 546 explicans
1189 481 1290 533 ista
1321 482 1514 550 psalmi
1539 480 1623 544 Il,
1658 501 1677 534 ι
1707 483 2060 540 Conrenerunt
2087 505 2225 558 reges
2249 500 2419 552 terrm,
2458 513 2470 543 ι
2501 503 2628 555 ctc.,
2651 495 2833 560 ponit:

231 591 589 656 Ἁθανάσιος.
608 591 706 644 Διὰ
727 592 776 644 τί
805 590 859 643 δὲ
880 592 926 644 οἱ
953 590 1188 660 βασιλεῖς
1201 592 1444 666 Ἡρώδης
1473 599 1500 649 ό
1517 597 1571 649 Ἀ
1582 614 1698 650 σκα-

1885 602 2222 656 Atlianasius.
2265 604 2395 670 Quin
2439 621 2565 659 vero
2619 620 2782 660 causa
2832 615 2968 669 erat,
3011 608 3157 676 quod
3204 625 3380 679 rcges,

146 688 376 756 λωνίτης
399 687 492 740 καὶ
518 686 742 749 Πιλᾶτος
770 688 798 738 ὁ
822 687 1041 750 Πόντιος
1071 688 1440 758 παρέστησαν,
1471 691 1714 744 τουτέστι

146 778 518 847 παρετάξαντο
546 777 639 830 καὶ
664 777 894 848 ἐπῆλθον
923 778 1061 830 κατὰ
1090 777 1358 848 Χριστοῦ;
1391 779 1486 832 Διὰ
1508 781 1559 831 τί
1588 779 1643 832 δὲ
1664 782 1712 833 oi

140 871 405 938 ἄρχοντες
454 869 559 920 τῶν
594 867 857 920 Ἰουδαίων
902 870 950 920 oi
997 868 1231 932 ἀσεϐεῖς,
1267 870 1360 923 καὶ
1392 869 1586 940 λοιμοὶ,
1622 873 1714 924 καὶ

141 960 481 1030 ἁμαρτωλοὶ,
507 960 876 1030 Γραμματεῖς,
908 961 1000 1012 καὶ
1027 961 1328 1031 Φαρισαῖοι,
1354 962 1446 1013 καὶ
1477 963 1710 1031 νομικοὶ,

141 1055 219 1114 εἰς
248 1051 443 1104 ταύτὸν
490 1050 840 1120 συνέδραμον,
874 1051 965 1103 καὶ
1002 1050 1142 1104 κατά
1176 1051 1268 1102 τοῦ
1303 1051 1527 1122 Κυρίου,
1560 1071 1713 1107 τουτ-

140 1146 256 1195 ἐστι
294 1142 390 1195 τοῦ
422 1143 651 1212 Πατρὸς,
682 1142 776 1194 καὶ
823 1141 964 1196 κατὰ
1007 1143 1100 1196 τοῦ
1131 1143 1364 1213 Χριστοῦ
1393 1145 1708 1218 ἐλύττησαν,

137 1236 385 1288 τουτέστι
415 1234 506 1286 τοῦ
537 1233 664 1286 Υἱοῦ
693 1234 893 1299 αὐτοῦς
942 1235 998 1287 '0
1023 1236 1127 1307 γὰρ
1157 1236 1231 1306 μὴ
1256 1236 1432 1306 τιμῶν
1467 1238 1556 1290 τὸν
1588 1239 1710 1292 Υἰὸν

136 1326 256 1379 0563::
282 1325 377 1378 τὸν
407 1324 622 1394 Πατέρα
649 1327 802 1396 τιμᾷ.
833 1324 980 1394 Τάχα
1016 1326 1114 1394 μὲν
1139 1321 1249 1389 οῦν,
1274 1327 1458 1399 ἐπειδὴ
1485 1329 1552 1380 τὰ
1581 1331 1708 1400 παρ’

137 1419 369 1480 ἐκείνοις
413 1417 784 1487 τετολμημένα
829 1416 921 1469 τοῦ
956 1418 1158 1488 Κυρίου
1196 1418 1395 1488 μᾶλλον
1425 1420 1522 1492 τὴν
1553 1420 1710 1474 δύνα-

138 1531 227 1580 μιν
249 1512 444 1577 ἔδειξε,
471 1511 563 1564 καὶ
589 1513 666 1574 εἰς
684 1509 992 1564 τούναντίον
1018 1512 1198 1574 αὐτοῖς
1215 1511 1284 1565 τὰ
1306 1513 1709 1584 ἐπιχειρήματα

135 1603 378 1672 γέγονεν,
411 1602 573 1654 οἱονεὶ
608 1601 925 1672 μυκτηρίζει
973 1603 1168 1664 αὐτοὺς
1220 1602 1248 1654 ό
1291 1603 1470 1667 Δαυῒδ,
1504 1603 1579 1667 ὡς
1628 1606 1708 1668 είς

135 1696 286 1748 κενὸν
311 1695 493 1748 πάντα
519 1693 888 1764 τολμήσαντας
907 1711 921 1723 ·
953 1694 1094 1764 τάχα
1122 1693 1178 1747 δὲ
1205 1695 1299 1748 καὶ
1327 1695 1617 1767 μέμφεται.
1643 1697 1707 1749 Τί

135 1787 238 1858 γὰρ
259 1786 466 1855 δήποτε
489 1785 797 1856 αἰτιώμενοι
817 1787 864 1838 οί
895 1786 1035 1839 κατὰ
1055 1785 1288 1856 Χριστοῦ
1312 1788 1705 1860 συνδραμόντες

136 1876 353 1948 σταυρῷ
395 1875 580 1930 τοῦτον
633 1879 973 1949 ἁνήρτησανς
1026 1878 1136 1948 Ούχ
1183 1874 1334 1943 οὗτός
1367 1881 1563 1932 ἐστινό
1593 1884 1704 1944 τοῖς

135 1945 306 2024 ἔθνεσι
325 1945 436 2040 μὲν
464 1945 837 2039 δεδωκὼς-τὴν
875 1968 1086 2037 σοφίαν,
1106 1945 1233 2032 τοῖς
1257 1971 1312 2023 δὲ
1342 1970 1617 2040 βασιλεῦσι
1643 1972 1703 2024 τὸ
1736 1945 1778 2000 Β

134 2060 330 2130 κράτος
367 2058 682 2131 παρασχὼν,
719 2059 813 2112 καὶ
849 2061 962 2122 τοῖς
994 2059 1215 2129 ἄρχουσι
1237 2060 1334 2130 τὴν
1366 2061 1539 2132 ἀρχὴν
1568 2078 1704 2132 κρα-

133 2153 439 2224 τυνόμενος,
481 2152 574 2205 καὶ
610 2153 722 2215 τοῖς
760 2151 1032 2215 Ἰουδαίοις
1061 2152 1127 2205 τὰ
1161 2151 1390 2222 μέγιστα
1413 2170 1703 2225 τερατουρ-

134 2244 301 2313 γήσας
330 2243 427 2295 καὶ
453 2240 700 2312 βοώμενα
727 2240 1010 2311 Θαύματα;

1817 687 2054 745 Herodes
2087 693 2394 747 Ascalonita
2427 703 2478 748 et
2508 693 2731 748 Pontius
2765 694 2966 750 Pilatus
3003 700 3377 764 convenirent,

1815 783 1917 835 hoc
1963 790 2064 844 est,
2108 784 2502 853 conspirarent,
2537 795 2590 838 et
2619 786 2880 854 impetum
2917 786 3157 843 facerent
3188 801 3382 847 contra

1813 870 2125 926 Christum?
2150 875 2256 926 Aut
2280 874 2410 943 quid
2445 875 2519 928 rei
2546 886 2680 935 erat.
2704 876 2846 944 quod
2873 877 3140 946 principes
3165 878 3379 934 Judaeo-

1814 978 1960 1025 rum,
2003 964 2153 1031 impii
2207 965 2304 1030 illi,
2352 967 2778 1035 pestilentissimi
2827 977 2880 1020 et
2931 967 3376 1024 facinorosissimi

1813 1055 2080 1121 homines,
2117 1057 2336 1112 Scribas
2366 1057 2514 1124 dico,
2544 1057 2843 1112 Phariszeos
2860 1067 2911 1112 et
2941 1060 3299 1132 legisperitos,
3322 1061 3378 1114 in

1812 1163 1975 1201 unum
2004 1149 2310 1219 congregati
2339 1159 2486 1213 sunt,
2517 1161 2566 1206 et
2598 1160 2786 1205 c0ntra
2819 1151 3132 1216 Dominum,
3165 1153 3267 1208 hoc
3295 1165 3379 1207 est

1813 1237 2045 1302 Patrem,
2080 1239 2436 1308 insanierunt,
2476 1251 2772 1310 contraque
2798 1243 3072 1297 Christum
3103 1245 3243 1314 ejus,
3272 1248 3378 1300 sci-

1811 1328 1934 1384 licet
1960 1329 2194 1383 Filium?
2223 1329 2358 1385 Nam
2408 1333 2501 1400 qui
2551 1348 2656 1385 non
2692 1334 2925 1388 honorat
2950 1334 3167 1397 Filium,
3204 1337 3251 1390 is
3281 1352 3376 1390 ne-

1810 1437 1914 1490 que
1939 1421 2149 1476 Patrem
2181 1422 2468 1478 honorat’.
2501 1423 2950 1495 Quandoquidem
2982 1427 3146 1497 igitur
3169 1436 3223 1482 ct
3253 1443 3374 1497 qua:

1808 1515 1876 1569 ab
1910 1515 2014 1568 illis
2044 1524 2247 1582 patrata
2283 1525 2428 1577 sunt,
2464 1515 2676 1570 Domini
2708 1519 3003 1586 potentiam
3043 1520 3222 1574 adhuc
3267 1537 3375 1574 ma-

1807 1607 1890 1676 gis
1917 1607 2381 1670 demonstrarunt,
2415 1609 2768 1678 ipsorumque
2800 1619 3028 1664 conatus
3063 1611 3220 1680 plane
3245 1625 3376 1666 con-

1809 1699 2031 1753 trarium
2073 1700 2276 1754 exitum
2324 1701 2503 1755 sortiti
2554 1711 2680 1755 sunt
2724 1719 2737 1754 :
2775 1701 2978 1756 idcirco
3007 1702 3221 1757 videtur
3253 1705 3374 1758 illos

1808 1789 1974 1845 David
2005 1792 2157 1859 quasi
2196 1791 2442 1852 irridere.
2485 1801 2545 1845 ut
2576 1793 2668 1862 qui
2702 1792 2756 1846 in
2807 1809 3001 1848 vanum
3043 1795 3225 1849 omnia
3259 1805 3375 1848 ten-

1808 1889 1990 1935 tarunt
2034 1901 2047 1935 :
2100 1884 2179 1937 vel
2232 1882 2461 1937 fortasse
2513 1885 2677 1938 etiam
2731 1899 3010 1940 accusare.
3043 1885 3158 1951 Qua
3203 1887 3372 1949 enim,

1803 1989 2008 2043 quaeso,
2038 1991 2202 2030 causa
2253 1976 2476 2044 culpave
2515 1976 2566 2029 in
2601 1975 2818 2030 Christo
2864 1978 3196 2047 deprehensa
3239 1994 3372 2033 con-

1803 2080 1968 2121 cursu
2019 2066 2159 2121 facto
2211 2067 2383 2136 ipsum
2435 2067 2488 2120 in
2533 2082 2750 2122 crucem
2780 2069 3156 2124 sustulerunt?
3184 2068 3376 2124 Nonne

1805 2159 1920 2228 ipse
1947 2168 2048 2220 est,
2071 2158 2165 2227 qui
2196 2158 2447 2228 gentibus
2480 2159 2801 2228 sapientiam
2834 2160 3002 2223 dedit,
3035 2161 3128 2230 qui
3158 2162 3374 2232 regibus

1805 2250 2094 2320 imperium
2131 2249 2339 2311 tribuit,
2366 2250 2458 2318 qui
2485 2250 2820 2320 principibus
2851 2250 3192 2307 dominatum
3237 2270 3372 2308 con-

1803 2343 1977 2397 ﬂrmat
2002 2341 2024 2395 ?
2054 2342 2145 2410 qui
2170 2342 2405 2410 denique
2434 2341 2635 2397 Judmis
2660 2359 2872 2398 summa
2904 2354 2959 2400 et
2994 2346 3370 2416 proclainatis-

1803 2434 1940 2488 sima
1966 2434 2054 2486 illa
2087 2440 2343 2501 Operatus
2371 2440 2456 2487 est
2484 2432 2784 2488 miracula?

1256 2542 1322 2597 Et
1354 2547 1408 2600 in
1440 2562 1642 2600 versum
1672 2558 1964 2616 sequentem
1987 2546 2216 2598 scribens
2236 2559 2255 2597 :

208 2637 569 2704 Ἂθανὰσιος.
589 2637 698 2708 (55)
715 2635 972 2692 Ἐνταῦθα
987 2637 1160 2691 λείπει
1174 2639 1253 2699 τὸ,
1271 2639 1534 2710 λέγοντες,
1554 2642 1638 2695 ἵνα

133 2731 162 2799 ἡ
188 2729 394 2783 διάνοια
426 2727 562 2800 αὕτη
582 2745 594 2757 ·
631 2728 1030 2798 Συνήχθησαν
1054 2731 1202 2784 κατὰ
1222 2731 1327 2786 τοῦ
1359 2731 1578 2801 Κυρίου
1600 2733 1697 2787 καὶ

134 2823 274 2876 κατὰ
319 2821 427 2874 τοῦ
463 2821 718 2888 Χριστοῦ
749 2821 953 2884 αὐτοῦ,
986 2820 1268 2889 λέγοντες·
1316 2826 1700 2894 Διακόψωμεν

133 2913 265 2978 τοὺς
302 2911 566 2981 δεσμοὺς
609 2909 823 2963 αὐτῶν.
854 2911 1056 2976 Τίνων;
1103 2912 1198 2965 τοῦ
1244 2915 1453 2985 Πατρὸς
1484 2917 1576 2968 καὶ
1605 2916 1697 2969 τοῦ

141 3005 252 3057 Υίοῦ
272 3021 286 3034 ο
319 3005 382 3056 ού
413 3004 520 3074 γὰρ
545 3001 731 3072 ήθελον
777 3002 906 3056 εἴσω
935 3003 1033 3072 τῆς
1065 3005 1214 3076 ίερᾶς
1249 3005 1496 3072 γενέσθαι
1529 3009 1696 3078 σαγή-

131 3115 220 3166 νης
238 3114 251 3127 ⁸
291 3097 735 3163 Ἀπορρίψωμεν
767 3093 835 3147 δὲ
866 3094 973 3148 τὸν
998 3095 1193 3164 ζῑιγὸν,
1224 3098 1468 3151 τουτέστι
1495 3096 1584 3153 τὸν
1609 3099 1698 3152 εύ-

131 3189 413 3257 αγγελικὸν
445 3187 604 3257 νόμον
631 3186 722 3239 καὶ
744 3185 841 3256 τὴν
869 3187 1105 3257 ἐντολὴν,
1131 3205 1196 3240 πε
1207 3189 1257 3260 pl.
1279 3183 1339 3244 οὗ
1366 3189 1692 3264 γέγραπταιο

143 3283 189 3333 '0
218 3281 391 3350 ζυγός
418 3295 536 3349 μου
563 3279 823 3347 χρηστός
845 3277 994 3331 ἐστι.
1032 3278 1200 3333 Τοῦτο
1235 3279 1289 3333 δὲ
1322 3281 1482 3346 αὐτὸς
1511 3281 1698 3336 ὀνειδί-

1877 2644 2220 2695 Athanasius.
2262 2640 2424 2695 Deest
2471 2639 2560 2694 hic
2614 2640 2766 2705 illud,
2793 2640 3052 2705 dicentes,
3079 2650 3138 2695 ut
3181 2639 3267 2696 hic
3302 2644 3372 2697 sit

1803 2747 2018 2796 sensus,
2047 2732 2360 2801 Congregati
2404 2741 2524 2784 sunt
2568 2743 2750 2784 contra
2792 2731 3074 2786 Dominum
3107 2742 3153 2786 et
3187 2745 3372 2788 contra

1804 2825 2073 2879 Christum
2117 2823 2251 2893 ejus,
2291 2817 2574 2878 dicentes:
2617 2822 2986 2892 Dirumpamus
3032 2824 3238 2879 vincula
3284 2841 3371 2879 τος

1804 2929 1939 2966 rum.
1975 2911 2254 2979 Quorum?
2296 2910 2472 2967 Patris
2516 2912 2773 2966 nimirum
2815 2922 2868 2966 et
2907 2911 3027 2966 Filii
3068 2931 3080 2965 :
3118 2915 3371 2970 nolebant

1803 3003 1945 3057 enim
1997 3005 2137 3058 intra
2174 3019 2382 3057 sacram
2417 3001 2627 3057 Domini
2663 3019 2915 3073 sagcnam
2948 3019 3067 3059 esse
3099 3024 3112 3059 :
3143 3006 3367 3074 abjicia-

1804 3110 1918 3147 mus
1968 3108 2094 3147 vero
2141 3093 2300 3146 etiam
2334 3093 2522 3161 jugum
2551 3094 2802 3161 ipsorum,
2837 3093 2938 3147 hoc
2981 3105 3082 3157 est,
3116 3094 3283 3163 legem
3314 3101 3369 3149 et

1803 3194 2063 3256 praecepta
2115 3181 2408 3252 Evangelii,
2457 3182 2523 3236 dc
2571 3197 2679 3254 quo
2723 3182 2982 3250 scriptum
3015 3191 3135 3236 est:
3169 3181 3366 3251 Iugum

1802 3293 1971 3330 meum
2010 3292 2163 3328 suave
2186 3275 2318 3331 est'.
2350 3272 2461 3328 Hoc
2491 3289 2619 3329 vero
2653 3275 2814 3328 etiam
2847 3275 3072 3344 ipsemet
3105 3273 3366 3332 Dominus

131 3371 230 3436 ζων
250 3373 432 3436 αὐτοῖς
458 3371 545 3426 διὰ
564 3371 829 3442 Ἰερεμίου
860 3369 1041 3440 ἔλεγεν
1061 3389 1073 3402 ⁸
1108 3369 1329 3438 Εἶπας·
1357 3377 1436 3427 Οὐ
1458 3374 1698 3429 δουλεύ·

1808 3371 1938 3437 ipsis
1989 3369 2280 3436 exprobrat
2315 3383 2409 3436 per
2439 3365 2749 3428 Jeremiam,
2795 3366 2922 3420 dum
2971 3367 3046 3420 ait
3078 3385 3092 3421 :
3123 3366 3320 3421 Dixisti
3347 3381 3366 3422 :

131 3478 212 3516 σω
245 3479 345 3518 σοι
363 3481 374 3492 ·
408 3461 702 3522 τουτέστιν,
729 3459 913 3523 Οὕτως
934 3461 1281 3524 ὲπολιτεύσω,
1309 3462 1446 3514 ὥστε
1475 3462 1692 3515 ἀποσεί-

134 3557 320 3610 σασθαι
360 3557 458 3626 τὴν
500 3555 638 3625 ἐμὴν
664 3553 998 3606 δουλείαν.Ἦ
1032 3554 1209 3607 τοίνυν
1231 3555 1399 3608 ταῦτα
1433 3558 1496 3610 ὲκ
1529 3573 1696 3627 προσ-

131 3646 270 3701 (limo
299 3647 408 3700 τῶν
439 3646 706 3700 Ἰουδαίων
750 3646 960 3717 εἴρηται
990 3645 1320 3701 ἀθετούντων
1351 3649 1450 3721 τὴν
1494 3652 1572 3712 είς
1602 3650 1696 3703 τὸν

133 3738 324 3810 Κύριον
353 3738 652 3810 ὑποταγὴν,
677 3739 770 3792 καὶ
789 3736 910 3791 οὔτε
939 3739 1085 3810 αύτῷ
1113 3739 1235 3793 οὔτε
1264 3740 1341 3811 τῷ
1358 3741 1530 3814 Πατρὶ
1564 3744 1697 3796 ὑπο-

131 3829 344 3902 ζτῦχθαι
369 3831 626 3886 Θελόντων
645 3848 661 3863 ο
707 3832 740 3902 ἢ
777 3831 868 3884 καὶ
899 3834 1010 3895 τοῖς
1040 3832 1356 3886 πιστεύσασι
1379 3833 1440 3886 τὸ
1471 3833 1693 3905 Πνεῦμα

132 3925 410 3996 παρεγγυᾷ
439 3923 531 3976 καὶ
555 3922 732 3991 λέγει·
756 3924 845 3993 Μὴ
875 3924 1226 3995 όμοιωθῶμεν
1246 3927 1358 3988 τοῖς
1383 3925 1696 3978 ἐπιϐουλεύ-

133 4031 247 4068 σασι
277 4014 356 4085 τῷ
390 4013 630 4085 Χριστῷ,
663 4014 796 4085 μηδὲ
842 4015 1184 4086 συώεθῶμεν
1214 4017 1396 4079 αὐτοῖς
1427 4016 1565 4071 κατὰ
1596 4017 1694 4090 τὴν

130 4107 371 4174 ὁμόνοιαν
391 4122 406 4136 ο
433 4103 567 4159 ἀλλὰ
598 4105 692 4159 καὶ
715 4106 805 4158 τὸν
834 4105 1002 4179 βαρὺν
1027 4106 1119 4160 τοῦ
1151 4106 1378 4161 παλαιοῦ
1413 4107 1575 4178 νόμου
1602 4107 1694 4173 ζυ-

129 4198 214 4264 γὺν
249 4195 721 4268 ἀποτιναξώμεθα,
755 4197 917 4268 μηδὲν
964 4197 1255 4269 ἡγούμενοι
1296 4197 1363 4252 τὰ
1396 4198 1453 4254 ἐν
1481 4197 1692 4263 τύποις,

130 4287 171 4337 εί
198 4287 269 4359 μὴ
301 4289 503 4340 νοοτντο
532 4286 931 4357 πνευματικῶς.
950 4289 1260 4352 ’Λσυντελὲς
1288 4291 1395 4362 γὰρ
1417 4289 1549 4361 πρὸς
1571 4289 1694 4362 ὄνη-

132 4393 206 4429 σιν
235 4382 269 4449 ἡ
311 4377 460 4444 σκιὰ,
494 4380 542 4432 τί
576 4378 652 4450 μὴ
685 4377 745 4432 τὸ
778 4378 1010 4451 Χριστοῦ
1046 4381 1336 4450 μυστήριον
1361 4380 1654 4451 ζωγραφεῖ.

1802 3457 1924 3511 Non
1947 3459 2166 3510 serriam
2197 3457 2288 3509 tibi
2304 3457 2513 3526 ',quasi
2535 3457 2696 3516 dicat,
2717 3455 2807 3508 Sic
2839 3464 2888 3508 te
2908 3456 3141 3525 gessisti,
3167 3467 3223 3510 ut
3249 3473 3364 3512 ser-

1797 3552 2019 3606 vitutem
2058 3565 2231 3603 meam
2267 3559 2567 3604 excuteres.
2615 3547 2722 3601 Aut
2755 3548 2916 3618 igitur
2958 3547 3068 3602 haec
3102 3558 3360 3617 tanquam

1797 3658 1863 3698 ex
1890 3639 2199 3695 Judaeorum
2231 3655 2460 3710 persona
2489 3639 2766 3701 dicuntur,
2792 3639 2883 3708 qui
2920 3638 3144 3693 subesse
3177 3638 3364 3693 Domi-

1797 3749 1867 3788 no
1899 3741 2173 3794 recusant,
2203 3739 2256 3786 et
2298 3747 2395 3786 nec
2441 3731 2565 3802 ipsi,
2597 3746 2771 3801 neque
2811 3730 2955 3784 Patri
3001 3732 3118 3800 ejus
3164 3731 3360 3802 subjici

1796 3826 2027 3880 volunt:
2063 3832 2156 3878 aut
2197 3832 2343 3879 certe
2393 3824 2626 3893 Spiritus
2677 3822 2959 3879 credentes
3003 3823 3258 3877 admonet
3307 3832 3363 3877 et

1799 3917 1930 3972 dicit
1954 3934 1967 3970 :
1994 3913 2072 3970 Ne
2100 3915 2464 3970 assimilemur
2491 3915 2559 3969 iis
2584 3915 2677 3985 qui
2701 3915 2916 3971 Christo
2944 3914 3182 3970 insidiati
3207 3926 3357 3980 sunt,

1797 4023 1971 4078 neque
2015 4017 2402 4063 connectamur
2454 4007 2586 4076 ipsis
2617 4006 3006 4062 consentiendo
3039 4025 3053 4060 :
3085 4008 3216 4074 quin
3263 4023 3360 4077 po-

1789 4102 1904 4158 tius
1932 4115 2092 4174 grave
2118 4099 2247 4154 illud
2282 4099 2480 4155 veteris
2508 4098 2642 4168 legis
2674 4113 2813 4153 οηιιε
2847 4096 3192 4168 abjiciamus,
3219 4099 3356 4152 nihil

1794 4194 2123 4250 estimantes
2154 4201 2309 4262 typos
2345 4191 2488 4256 illos,
2515 4190 2621 4245 nisi
2664 4191 3016 4260 spiritualiter
3045 4189 3356 4260 intelligan-

1795 4295 1900 4340 tur.
1932 4282 2134 4338 Umbra
2169 4297 2405 4351 namque
2433 4297 2520 4337 res
2543 4282 2791 4352 quaedam
2816 4291 2900 4336 est
2930 4281 3243 4351 imperfecta
3273 4293 3356 4337 at-

1795 4391 1899 4446 que
1933 4373 2159 4435 inutilis,
2188 4373 2233 4428 si
2259 4372 2460 4428 Christi
2490 4373 2807 4444 mysterium
2836 4389 2942 4428 non
2970 4374 3244 4430 describit.

862 4492 930 4546 Et
968 4493 1024 4546 in
1050 4492 1144 4546 illa
1172 4491 1361 4546 verba:
1389 4514 1408 4540 οι
1441 4491 1583 4546 Tunc
1612 4492 1853 4562 loquetur
1886 4489 1956 4544 ad
1984 4507 2069 4544 eos
2106 4491 2160 4543 in
2187 4490 2268 4542 ira
2295 4505 2411 4554 sua,
2444 4507 2461 4538 ι
2490 4505 2536 4543 υ.
2565 4488 2616 4544 5.

199 4611 566 4668 Ἀθανασίου.
587 4611 695 4681 (54)
710 4613 861 4666 Τότε.
882 4612 1038 4676 Πότε,
1061 4613 1092 4684 ἦ
1117 4614 1202 4666 ὅτε
1221 4612 1402 4680 ἔλεγον
1419 4630 1433 4645 ο
1451 4611 1691 4682 Δωρῤή-

1865 4610 2160 4666 Athanasii.
2193 4608 2364 4665 Tunc.
2395 4608 2640 4676 Quando,
2665 4608 2768 4664 nisi
2796 4623 2918 4663 cum
2945 4608 3222 4665 dicerent:
3251 4609 3350 4665 Di-

130 4699 308 4770 ξωμεν
340 4701 483 4766 τοὺς
509 4698 769 4770 δεσμοὺς
791 4697 1018 4763 αὐτῶν;
1052 4701 1184 4755 Τίνα
1209 4701 1266 4755 δέ
1299 4703 1442 4755 ἐστιν
1463 4704 1520 4755 ὲν
1543 4702 1678 4773 ὀργῇ

130 4795 244 4862 παρ’
278 4793 444 4847 αὑτοῦ
472 4791 797 4862 λαληθέντα;
837 4792 979 4847 Οὐαὶ
1010 4793 1167 4861 ὑμῖν,
1192 4793 1558 4864 Γραμματεῖς
1581 4795 1678 4847 καί

131 4881 443 4948 Φαρισαῖοι,
484 4881 573 4934 ὅτι
616 4878 937 4950 ἀρθήσεται
981 4883 1080 4951 ἀφ’
1109 4879 1276 4951 ὑμῶν
1320 4883 1358 4948 ἠ
1395 4883 1678 4947 ,ϐασιλεία

129 4971 221 5024 τοῦ
250 4973 419 5026 Θεοῦ.
467 4971 574 5026 Καὶ
604 4973 727 5038 τοῖς
751 4973 1033 5041 νομικοῖς,
1059 4973 1291 5028 οὐαί.Ἣ
1316 4973 1395 5038 τὸ,
1425 4975 1575 5031 Τότε.
1599 4975 1678 5035 είς

129 5062 206 5114 τόν
245 5064 435 5135 καιρὸν
479 5063 579 5132 τῆς
617 5063 846 5135 κρίσεως
875 5066 1221 5137 ἀναφέρεται,
1258 5064 1403 5119 ὅταν
1429 5066 1677 5133 ὄψονται

130 5155 203 5217 είς
247 5155 320 5208 ὃν
361 5154 781 5223 ἐξεκέντησαν.
813 5156 943 5209 Τότε
977 5158 1084 5229 γὰρ
1112 5157 1331 5229 ταράξει
1363 5157 1557 5219 αὐτοὺς
1587 5155 1676 5209 λέ-

131 5259 256 5309 γων·
291 5248 623 5317 Πορεύεσθε
667 5248 767 5302 ἀπ’
799 5249 942 5318 ἐμοῦ
974 5254 1027 5304 οι
1066 5250 1475 5320 κατηραμένοι.
1495 5251 1676 5303 Ἐπει-

134 5336 356 5407 ράθησαν
388 5340 447 5392 δὲ
483 5338 631 5402 θείας
661 5341 847 5411 ὀργῆς.
873 5343 963 5396 καὶ
988 5342 1076 5395 ὅτε
1108 5345 1141 5414 ἡ
1190 5342 1469 5413 Ῥωμαῖκὴ
1496 5342 1678 5405 αὐτοῖς

132 5429 379 5486 ἐπιστᾶσα
425 5432 655 5504 στρατιὰ
695 5435 794 5504 τήν
836 5452 895 5487 τε
938 5434 1092 5488 πόλιν
1137 5436 1423 5508 ἐνέπρησε,
1460 5435 1553 5487 καὶ
1583 5432 1674 5486 τὸν

191 5567 290 5637 (53)
330 5565 458 5621 Hac
489 5567 753 5621 habentur
779 5568 1048 5635 superius,
1069 5565 1164 5622 sed
1189 5566 1455 5622 breviora.

190 5681 206 5709 ⁷
241 5679 397 5736 Joan.
430 5696 484 5740 v.
515 5678 606 5733 23.
680 5679 701 5711 ⁸
738 5681 931 5738 Matth.
965 5697 1042 5746 si,
1079 5679 1165 5735 30.
1243 5679 1264 5712 ⁹
1302 5677 1504 5735 Jerem.
1532 5673 1706 5745 11,20.

131 5753 202 5804 3i.
277 5753 318 5784 ³³
359 5749 550 5806 Matth.
585 5765 710 5815 xxv,
746 5752 831 5804 41.

1787 4719 2086 4773 rumpamus
2121 4702 2328 4756 uincula
2358 4700 2632 4772 ipsorum?
2674 4698 2844 4755 Porro
2897 4716 3017 4771 qua:
3061 4710 3188 4755 sunt
3232 4701 3348 4766 illa,

1784 4811 1906 4867 quae
1948 4795 1999 4847 in
2047 4795 2126 4848 ira
2163 4794 2230 4848 ab
2279 4795 2397 4863 ipso
2446 4792 2589 4846 dicta
2622 4791 2784 4845 sunt?
2816 4791 2938 4846 Haec
2968 4791 3214 4846 scilicet:
3259 4790 3350 4846 Vw

1784 4887 1944 4950 vobis,
1978 4883 2177 4940 Scriba:
2215 4895 2264 4939 et
2300 4883 2581 4948 Phariswi,
2628 4885 2752 4954 quia
2787 4883 2997 4936 tolletur
3019 4900 3052 4936 α
3075 4881 3214 4936 vobis
3259 4901 3344 4937 re-

1783 4993 1940 5048 gnum
1968 4975 2062 5029 Dei
2081 4977 2143 5030 ¹⁰.
2181 4974 2246 5028 Et
2273 4974 2410 5028 vobis
2436 4974 2771 5045 legisperitis,
2793 4989 2870 5026 me
2890 4973 2953 5025 ¹¹.
2986 4971 3080 5026 Vel
3105 4981 3250 5027 certe
3282 4973 3348 5026 il-

1781 5067 1892 5131 lud,
1928 5076 2074 5130 tunc,
2107 5066 2337 5121 refertur
2374 5065 2439 5118 ad
2475 5075 2686 5133 tempus
2714 5063 2924 5130 judit-ii,
2959 5063 3176 5132 quando
3197 5063 3344 5117 vide-

1783 5156 1906 5210 bunt
1933 5157 1988 5210 in
2017 5173 2166 5227 quem
2195 5155 2570 5224 transﬁxerunt
2598 5153 2660 5204 ι’.
2697 5152 2850 5207 Tunc
2875 5153 3019 5207 enim
3050 5153 3342 5207 conturba-

1783 5249 1863 5303 bit
1891 5263 2006 5312 eos,
2035 5247 2220 5302 dicens
2254 5263 2266 5298 :
2305 5245 2565 5299 Discedite
2610 5261 2642 5298 a
2688 5260 2786 5307 me,
2833 5243 3098 5297 maledicti
3118 5244 3175 5296 ³³.
3208 5241 3345 5296 Divi-

1784 5355 1905 5394 nam
1940 5348 2118 5394 autem
2149 5337 2283 5390 iram
2309 5334 2478 5390 ,ιιιόωί
2500 5336 2705 5405 experti
2735 5348 2880 5397 sunt,
2911 5350 3033 5389 cum
3064 5334 3338 5388 Romanus

1782 5429 1834 5484 in
1863 5429 2007 5497 ipsos
2037 5430 2248 5483 irruens
2270 5426 2540 5482 exercitus
2567 5428 2752 5482 urbem
2786 5426 3044 5490 incendit,
3076 5425 3336 5495 templum

1847 5561 1955 5634 (54)
1997 5560 2121 5616 Περ
2145 5560 2272 5615 item
2298 5561 2570 5631 superius,
2601 5559 2693 5614 sed
2719 5559 2994 5630 pauciora.

1786 5674 1828 5707 ⁸⁸
1870 5672 2060 5730 Matth.
2097 5687 2212 5739 xxI,
2245 5672 2335 5728 43.
2413 5673 2454 5706 ¹¹
2495 5669 2628 5728 Luc.
2664 5687 2741 5739 si,
2768 5670 2855 5726 46.
2933 5672 2977 5704 ¹¹
3015 5670 3169 5728 Joan.
3216 5686 3331 5736 χιε.
