4090 6312
706 366 805 424 851
1558 365 1617 421 S.
1659 360 2023 417 ATIIA‘SASII
2060 359 2210 415 ΟΡΡ.
2248 360 2428 415 PARS
2464 360 2549 413 Ill.
2593 390 2657 400 -
2701 358 3115 414 EXEGETICA.
3848 367 3941 423 553

707 484 997 553 expilavit,
1045 492 1097 537 et
1140 482 1371 552 denique
1426 485 1717 536 maximam
1776 482 2016 551 ipsorum
2068 490 2272 551 partem

2384 481 2501 532 ναὸν
2556 479 2843 551 ἐπόρθησε,
2889 483 2981 533 καὶ
3029 482 3153 543 τοὺς
3205 480 3451 545 πλείονας
3502 481 3687 535 αὐτῶν
3745 482 3941 553 θανάτῳ

709 587 883 633 morte
916 576 1130 631 delevit.

2384 573 2759 645 παρέπεμψεν.

1792 667 1937 723 Idem
1965 672 2017 722 in
2051 670 2447 738 inscriptionem
2480 668 2673 736 psalmi
2706 668 2870 722 tertii.

779 766 1053 819 Athanasii
1092 776 1139 819 et
1170 764 1379 833 Cyrilli.
1422 766 1583 821 Tertii
1635 769 1828 837 psalmi
1872 770 2152 839 inscriptio
2188 785 2274 822 re-

2466 766 2832 828 Ἀθανασίου,
2858 763 2905 817 Κ
2911 763 3182 830 υρίλλου.
3203 762 3294 816 Sic
3316 762 3505 832 absque
3527 760 3720 830 copula
3752 773 3940 812 utrum-

710 859 873 912 mittit
927 873 1026 911 nos
1072 858 1135 909 ad
1187 858 1489 923 historiam,
1541 874 1663 927 quae
1706 870 1884 915 exstat
1932 860 1984 915 in
2028 860 2270 915 secundo
2381 877 2477 929 que
2515 875 2698 912 nomen
2741 858 3056 926 cettjungcm
3101 874 3119 909 :
3155 856 3289 924 forte
3337 871 3400 909 ex
3431 866 3648 925 utroque
3688 856 3939 922 sequ-una

713 952 849 1003 libro
884 948 1212 1019 Regnorum.
1248 947 1519 1004 Habuerat
1544 950 1708 1007 David
1737 968 1801 1005 ex
1833 952 2061 1007 diversis
2098 952 2276 1005 uxori-
2380 954 2610 1021 conﬂata
2652 968 2763 1005 esse
2805 952 3021 1003 inuuere
3057 950 3332 1003 coleum?!
3375 947 3467 1002 τοῦ
3518 948 3707 1017 τρίτου
3737 944 3938 1015 ψαλμοί

710 1041 809 1098 bus
853 1043 1159 1111 complures
1194 1043 1353 1098 filios.
1392 1044 1534 1097 Inter
1563 1044 1660 1098 hos
1687 1044 1899 1098 Amnon
1930 1052 2047 1098 erat
2075 1045 2277 1114 primo-

2384 1049 2656 1119 ἐπιγραφὴ
2698 1047 2835 1117 πρὸς
2878 1046 2975 1117 τὴν
3025 1046 3082 1098 ὲν
3126 1047 3191 1116 τῇ
3226 1043 3453 1115 δευτέρα
3498 1041 3607 1095 τῶν
3655 1040 3939 1094 Βασιλειῶν

708 1139 953 1205 genitus;
985 1152 1049 1189 ex
1084 1138 1188 1190 alia
1229 1154 1355 1191 vero
1401 1138 1630 1207 conjuge
1659 1138 1894 1207 suscepti
1937 1138 2270 1201 Abessalom,

2384 1141 2619 1211 ἱστορίαν
2660 1140 2806 1210 ἡμᾶς
2854 1137 3233 1208 παραπέμπει.
3265 1136 3355 1205 Τῷ
3384 1134 3543 1189 Δαυτδ
3572 1138 3635 1187 ὲκ
3684 1133 3942 1203 διαφόρων

707 1238 761 1283 et
783 1228 1017 1281 Thamar
1054 1230 1181 1291 filia,
1212 1239 1437 1300 uterque
1460 1230 1633 1284 forma
1657 1232 1890 1302 egregia.
1924 1231 2097 1301 Hujus
2127 1248 2277 1284 amo-

2384 1233 2650 1302 γυναικῶν
2681 1233 2865 1296 παῖδες
2897 1233 3141 1300 ἐγένοντο
3166 1230 3425 1292 πλείονες.
3445 1230 3531 1281 Ἐν
3558 1230 3774 1291 τούτοις
3806 1226 3893 1279 καὶ
3918 1228 3941 1278 ὁ

710 1337 769 1376 re
796 1332 1077 1392 correptus
1124 1324 1357 1389 Amnon,
1389 1339 1451 1379 ac
1508 1325 1759 1379 morbum
1810 1326 2096 1387 simulans,
2150 1340 2273 1379 cum

2388 1326 2599 1397 Ἀμνὼν
2626 1322 2693 1397 ἦν
2720 1326 3058 1397 πρωτότοκος
3076 1342 3089 1354 ·
3120 1323 3177 1389 ἐξ
3226 1324 3417 1394 ἑτέρας
3440 1321 3495 1375 δὲ
3524 1324 3551 1374 ὁ
3595 1318 3943 1386 Ἀϐεσσαλὼμ

707 1429 737 1467 a
771 1413 970 1470 Davide
998 1417 1325 1479 visitaretm-,
1357 1416 1510 1485 petiit
1537 1415 1605 1470 ab
1637 1415 1778 1485 ipso,
1816 1427 1874 1468 ut
1900 1430 2139 1469 sororem
2172 1415 2273 1466 sibi

2384 1416 2475 1471 καὶ
2504 1419 2537 1488 ἡ
2571 1417 2787 1488 Θάμαρ,
2821 1416 2986 1486 ἄμφω
3012 1415 3108 1487 τὴν
3132 1416 3252 1483 ὄψιν
3281 1412 3451 1467 καλοί.
3476 1410 3691 1477 Ταύτης
3742 1408 3940 1479 ἠράσθη

707 1508 1028 1561 curatricetn
1058 1508 1246 1562 adesse
1269 1508 1499 1575 juberct.
1534 1506 1706 1574 Atque
1737 1507 1809 1561 ita
1840 1522 1958 1561 eam
1990 1506 2229 1574 corrupit
2258 1523 2271 1557 :

708 1607 830 1667 post
861 1600 1021 1653 etiam
1056 1601 1182 1654 odio
1213 1600 1435 1665 habens,
1478 1601 1639 1653 domo
1660 1600 1839 1668 ejecit.
1864 1601 1985 1669 ipsa
2017 1614 2144 1652 vero
2176 1598 2277 1652 fra-

709 1690 777 1743 tri.
808 1690 1122 1746 Abessaloui
1153 1692 1218 1746 de
1250 1692 1445 1760 injuria
1474 1692 1845 1761 conqueritur.
1883 1691 1985 1758 Qui
2026 1692 2150 1745 licet
2181 1707 2273 1744 ve-

2379 1510 2408 1562 ό
2453 1508 2663 1579 Ἀμνὼν
2684 1527 2696 1538 ·
2727 1510 2821 1562 καὶ
2844 1511 3019 1561 νοσεῖν
3048 1507 3500 1578 ὑποκρινάμενος,
3526 1503 3715 1571 ἐπειδὴ
3743 1503 3771 1553 ό
3795 1500 3944 1554 Δαυῒδ

2380 1604 2541 1656 αὑτὸν
2567 1602 2924 1670 ἐπεσκέψατο,
2957 1603 3207 1672 παρεῖναι
3231 1598 3382 1668 ἠξίου
3410 1598 3508 1667 τὴν
3531 1596 3770 1663 ἀδελφὴν
3794 1592 3944 1646 αὑτὸν

2382 1693 2842 1764 θεραπεύσουσαν.
2863 1692 2971 1744 Καὶ
2996 1690 3331 1760 διαφθείρας,
3363 1684 3481 1742 εἶτα
3512 1687 3769 1757 μισήσας,
3797 1682 3944 1744 εὐθὺς

708 1781 989 1837 hemeuter
1030 1792 1168 1837 esset
1214 1793 1543 1849 couunotus,
1576 1784 1709 1837 iram
1736 1793 1914 1837 tamen
1941 1782 2272 1837 dissimulat.

2384 1783 2705 1853 ἐξέπεμψεν.
2723 1784 2786 1835 Ἡ
2811 1782 2868 1835 δὲ
2916 1782 2993 1852 τῷ
3041 1780 3251 1850 ἀδελφῷ
3290 1777 3639 1846 Ἀϐεσσαλὼμ.
3661 1775 3763 1846 τὴν
3782 1773 3941 1867 Ϋύϐριν

706 1874 775 1927 At
807 1876 1082 1945 aliquanto
1108 1883 1230 1945 post
1268 1884 1507 1943 tempore
1531 1876 1831 1929 Amnonem
1855 1874 1921 1928 ad
1948 1888 2159 1928 cmnam
2192 1890 2279 1927 vo-

710 1976 890 2019 catum
943 1966 1223 2029 interimit,
1274 1980 1631 2035 metuensque
1680 1968 1847 2035 patris
1890 1967 2047 2032 iram,
2101 1967 2274 2035 fugit:

710 2057 1038 2125 demumque
1085 2064 1207 2125 post
1257 2066 1366 2111 tres
1407 2072 1581 2109 annos
1608 2056 1915 2119 revertitur,
1950 2058 2027 2109 ira
2064 2055 2279 2111 Davidis

703 2147 816 2217 jam
854 2149 1102 2202 remissa.
1138 2147 1256 2201 Non
1295 2148 1441 2202 illico
1476 2157 1654 2201 tamen
1707 2150 1760 2201 in
1796 2156 2147 2215 conspectum
2179 2146 2281 2200 Pa-

712 2240 810 2293 tris
845 2239 1139 2303 admissus,
1177 2239 1271 2293 sed
1299 2240 1517 2292 demum
1566 2248 1690 2308 post
1734 2240 1872 2293 duos
1903 2255 2095 2295 annos.
2127 2239 2281 2293 Tunc

708 2344 839 2383 Vero
866 2329 1096 2384 insidias
1120 2330 1265 2383 Patri
1303 2338 1515 2384 struere
1551 2330 1735 2400 erepit,
1767 2347 2065 2401 currusque
2098 2333 2199 2386 sibi
2225 2341 2280 2386 et

710 2421 921 2487 equites
953 2423 1307 2491 comparavit,
1340 2423 1552 2489 sibique
1578 2424 1889 2477 conciliavit
1915 2440 2032 2486 eos,
2067 2425 2159 2493 qui
2195 2439 2280 2477 re—

710 2528 828 2582 gem
857 2513 1046 2582 judicii
1074 2530 1239 2569 causa
1268 2515 1507 2578 adibant,
1550 2516 1652 2568 sub
1684 2518 1861 2583 specie
1896 2517 2280 2571 benevolentiae

707 2611 761 2657 et
794 2604 1091 2657 clementia:
1115 2604 1409 2671 subjicicns
1434 2605 1535 2657 sibi
1553 2603 1733 2659 Patris
1763 2606 2030 2670 subditos,
2054 2622 2280 2677 cogens-

709 2706 817 2762 que
847 2693 1114 2761 ingentem
1150 2691 1550 2763 transfugarum
1579 2695 2002 2757 multitudinem,
2040 2706 2096 2751 ut
2132 2696 2278 2752 Patri

712 2776 937 2832 insidias
970 2779 1225 2834 tenderet.
1268 2779 1347 2832 Ad
1383 2789 1711 2849 extremum,
1744 2783 1960 2848 defecit,
1994 2800 2160 2854 seque
2196 2802 2280 2839 re-

709 2885 829 2942 gem
874 2872 1223 2941 nuncupavit.
1253 2874 1567 2943 Assumpsit
1610 2890 1739 2928 vero
1772 2891 1896 2929 cum
1938 2877 2125 2931 multis
2158 2880 2279 2934 aliis

708 2963 872 3016 etiam
902 2962 1332 3032 Achitophelem,
1367 2965 1459 3032 qui
1494 2964 1675 3019 Davidi
1704 2976 1819 3020 erat
1857 2980 1887 3020 a
1914 2969 2176 3034 consiliis,
2200 2972 2281 3024 vi-

712 3070 833 3107 rum
859 3052 1072 3107 vafrum
1102 3063 1156 3108 et
1180 3055 1526 3110 industrium.
1554 3055 1673 3121 Quo
1707 3057 1914 3123 audito,
1943 3058 2078 3130 fugit
2110 3060 2276 3117 David

2380 1874 2698 1945 ἀπήγγειλε.
2727 1874 2990 1935 Κάκεῖνος
3023 1872 3320 1939 ἀγανακτεῖ
3361 1870 3477 1939 μὲν,
3505 1867 3736 1939 κρύπτει
3775 1866 3830 1918 δὲ
3856 1865 3943 1933 τὴν

2378 1966 2568 2037 ὀργήν.
2607 1965 2761 2019 Μετά
2793 1982 2913 2017 τινα
2945 1964 3002 2017 δὲ
3045 1962 3230 2033 καιρὸν
3260 1962 3350 2014 τὸν
3391 1960 3600 2032 ’Δμνὼν
3630 1962 3710 2023 είς
3745 1961 3945 2012 δεῖπνον

2380 2058 2634 2120 καλέσας,
2663 2058 2967 2118 ἀπέκτεινε,
2998 2057 3093 2108 καὶ
3122 2054 3375 2124 φοϐηθεὶς
3406 2053 3503 2124 τὴν
3529 2052 3701 2123 ὀργὴν
3723 2052 3818 2104 τοῦ
3847 2067 3945 2103 πα-

2379 2147 2525 2217 τρὸς,
2549 2147 2796 2216 ἀπέφυγε
2814 2162 2828 2175 '
2867 2146 3002 2216 μετά
3029 2145 3083 2198 δὲ
3108 2144 3232 2214 τρία
3255 2144 3347 2213 ἔτη
3370 2144 3633 2205 ἐπάνεισι,
3659 2142 3754 2195 τού
3782 2140 3946 2211 θυμοῦ

2380 2239 2717 2300 κοπάσαντος
2763 2238 2841 2307 τῷ
2885 2236 3065 2289 Δαυῖδ.
3105 2239 3179 2291 Ού
3216 2237 3321 2306 μὴν
3353 2238 3444 2289 καὶ
3486 2236 3661 2305 ὅψεως
3712 2235 3945 2300 ἀξιοῦται

2379 2331 2478 2401 τῆς
2507 2330 2782 2399 πατρικῆς
2820 2329 3035 2390 αὐτίκα,
3061 2327 3195 2380 ἀλλά
3222 2328 3359 2397 μετὰ
3382 2328 3474 2380 δύο
3502 2326 3799 2388 ἐνιαυτούς.
3820 2328 3948 2397 ’ῐίρ⁹

2381 2419 2507 2487 ξατο
2550 2421 2606 2473 δὲ
2655 2420 3025 2473 ἐπιϐουλεύειν
3055 2420 3132 2490 τῷ
3166 2420 3355 2491 πατρὶ,
3396 2420 3489 2473 καὶ
3517 2420 3743 2491 ἅρματα
3779 2418 3948 2489 ἑαυτῷ

2381 2512 2473 2564 καὶ
2509 2512 2693 2574 ἱππεῖς
2722 2511 2961 2580 ἐποίησε,
2999 2512 3089 2563 καὶ
3125 2510 3427 2563 ἰδιοποιεῖτο
3465 2512 3590 2573 τοὺς
3625 2511 3946 2582 ἐρχομένους

2380 2600 2635 2671 κριθῆναι
2668 2601 2802 2672 πρὸς
2834 2602 2924 2654 τὸν
2962 2602 3203 2672 βασιλέα,
3232 2604 3467 2672 σχήματι
3514 2604 3816 2667 ἐπιεικείας
3854 2606 3947 2656 ύπ-

2379 2693 2644 2761 αγόμενος
2675 2694 2800 2754 τοὺς
2827 2693 3118 2761 ὑπηκόους,
3141 2693 3233 2746 καὶ
3262 2692 3462 2757 πλῆθος
3488 2694 3812 2747 ἀποστατῶν
3833 2711 3948 2747 συν-

2379 2778 2666 2849 αθροίζων,
2701 2780 2779 2842 είς
2811 2780 3099 2852 ἐπιϐουλὴν
3131 2780 3222 2834 τοῦ
3274 2781 3495 2852 πατρός.
3529 2782 3638 2837 Καὶ
3664 2782 3821 2846 τέλος
3854 2784 3950 2837 ἀπ-

2380 2868 2531 2939 έστη,
2572 2870 2663 2922 καὶ
2698 2870 2921 2939 βασιλέα
2965 2872 3153 2925 ἑαυτὸν
3184 2874 3535 2944 ἀνηγόρευσε.
3583 2875 3953 2946 Προσελὰϐετο

2379 2959 2436 3012 δὲ
2470 2963 2565 3015 σὺν
2597 2961 2776 3025 ἀλλοις
2820 2964 3030 3027 πολλοῖς
3073 2966 3163 3016 καὶ
3192 2964 3283 3017 τὸν
3321 2966 3618 3034 Ἀχιτόφελ,
3654 2968 3716 3020 δν
3744 2969 3773 3021 6
3798 2968 3954 3021 Δαυῖδ

2383 3046 2496 3121 εἶχε
2528 3052 2848 3122 σύμϐουλον,
2881 3053 3049 3124 ἄνδρα
3084 3053 3255 3108 δεινὸν
3291 3057 3385 3109 καὶ
3416 3056 3769 3127 δραστήριον.
3801 3060 3905 3112 Καὶ
3925 3060 3954 3111 ὁ

710 3158 835 3197 cum
868 3144 955 3207 iis,
978 3144 1070 3213 qui
1094 3144 1236 3199 circa
1262 3145 1435 3215 ipsum
1462 3157 1637 3211 erant,
1671 3148 1832 3203 nudis
1855 3150 2101 3218 pedibus.
2124 3151 2277 3207 Tunc

2384 3142 2543 3196 Δαυῖδ
2566 3145 2821 3206 ἀκούσας,
2852 3146 3038 3214 φεύγει
3086 3146 3221 3217 μετά
3248 3146 3355 3199 τῶν
3385 3151 3511 3218 περὶ
3533 3148 3701 3203 αὑτὸν
3730 3152 3952 3220 γυμνοῖς

710 3238 871 3291 etiam
923 3235 1099 3291 Semei
1148 3238 1327 3306 ipsum
1372 3249 1688 3294 exsecratus
1730 3250 1833 3294 est.
1870 3240 2127 3297 Precatus
2152 3259 2281 3298 vero

712 3326 903 3393 David,
941 3336 1001 3381 ut
1041 3325 1185 3381 Deus
1229 3328 1515 3381 consilium
1546 3329 1921 3399 Acbitoplielis
1948 3334 2075 3387 velit
2104 3333 2282 3389 facere

711 3418 951 3484 irritum,
980 3419 1249 3473 submittit
1280 3420 1441 3473 etiam
1475 3418 1666 3485 Cltusi,
1704 3422 1939 3476 amicum
1973 3438 2154 3489 suum,
2187 3425 2280 3493 qui

710 3511 992 3565 sententia:
1034 3511 1179 3566 illius
1211 3513 1570 3571 contradicat.
1606 3528 1668 3568 ac
1699 3529 1793 3582 per
1842 3517 2151 3572 sacerdotes
2183 3516 2282 3571 Sa-

710 3602 909 3656 docum
941 3612 994 3657 et
1024 3603 1372 3658 Abiatltarcm
1415 3606 1517 3659 sibi
1544 3606 1728 3659 omnia
1764 3606 2026 3677 signiticet
2053 3608 2283 3663 Abessa-

714 3697 855 3750 lonis
901 3696 1148 3751 consilia.
1172 3696 1339 3751 Cbusi
1368 3712 1514 3761 vero,
1546 3697 1638 3749 ubi
1688 3695 1757 3750 ad
1807 3699 2129 3767 parricidam
2157 3716 2283 3769 per-

714 3788 881 3852 venit,
912 3788 981 3841 ab
1030 3786 1147 3856 ipso
1198 3798 1454 3857 tanquam
1487 3787 1659 3841 fidelis
1694 3796 1749 3843 et
1785 3788 2075 3846 benevolus
2107 3792 2284 3847 credi-

714 3889 826 3941 tus,
857 3894 962 3932 una
998 3894 1121 3933 cum
1150 3878 1501 3948 Acbitopbele
1526 3882 1578 3935 in
1612 3881 1849 3936 medium
1883 3884 2171 3939 consulere
2190 3885 2283 3954 ju-

718 3972 895 4031 betur,
927 3984 1036 4039 quo
1067 3976 1225 4040 pacto
1278 3970 1479 4025 bellum
1524 3971 1636 4040 geri
1671 3982 1937 4040 oporteat.
1972 3971 2037 4027 Et
2065 3974 2285 4029 Achito-

716 4058 841 4128 pbel
872 4059 1088 4130 quidem
1120 4072 1307 4115 auctor
1335 4072 1437 4123 est,
1463 4071 1522 4114 ut
1554 4062 1889 4130 Abessalom,
1917 4065 2069 4134 prius
2103 4076 2281 4121 tamen

715 4168 841 4206 cum
878 4151 1049 4222 patris
1080 4152 1363 4223 peliicibus
1392 4167 1739 4224 congressus,
1765 4170 1889 4210 eum
1930 4172 1959 4210 a
1992 4166 2144 4227 tergo
2167 4174 2285 4227 per-

717 4251 998 4314 sequatur,
1025 4252 1187 4313 atque
1218 4243 1540 4313 imparatum
1585 4246 1946 4316 aggrediatur.
1975 4246 2141 4303 Chusi
2183 4265 2283 4304 au-

718 4346 849 4400 tem.
884 4336 952 4394 de
980 4338 1260 4409 peiiicibus
1291 4339 1507 4409 quidem
1542 4340 1677 4393 nihil
1703 4342 1913 4396 consilii
1942 4342 2063 4407 dat;
2088 4353 2143 4398 at
2173 4354 2231 4398 ut
2255 4360 2286 4399 ο

2381 3239 2492 3299 τοῖς
2521 3238 2675 3288 ποσίν
2695 3253 2708 3265 ⁸
2744 3237 2831 3288 ὅτε
2863 3238 2953 3290 καὶ
2984 3238 3172 3307 Σεμεεὶ
3201 3239 3347 3310 αύτῷ
3372 3243 3667 3312 κατηρᾶτο.
3706 3242 3953 3313 Εύχὸμε-

2382 3343 2470 3389 νος
2505 3327 2562 3380 δὲ
2599 3328 2697 3398 τὴν
2742 3326 2835 3380 τοῦ
2879 3329 3156 3399 Ἀχιτόφελ
3198 3330 3647 3402 διασκεδασθῆναι
3696 3334 3893 3407 βουλὴν
3926 3338 3957 3389 ὁ

2381 3417 2561 3482 Δαυῒδ,
2592 3421 2798 3490 πέμπει
2824 3422 2917 3474 καὶ
2944 3421 3035 3475 τὸν
3069 3413 3263 3475 ἑαυτοῦ
3286 3424 3436 3493 φίλον
3455 3426 3626 3478 Χουσὶ
3649 3430 3715 3498 τῇ
3746 3428 3955 3482 ἐκείνου

2382 3510 2575 3581 γνώμῃ
2607 3512 3040 3582 ἀντιταξόμενον,
3065 3516 3158 3567 καὶ
3180 3516 3267 3569 δια
3290 3515 3398 3590 τῷν
3426 3518 3619 3588 ἱερέων
3646 3518 3838 3572 Σαδώκ
3862 3520 3956 3573 καὶ

2395 3600 2653 3673 Ἀϐιάθαρ
2696 3602 3002 3673 δηλώσοντα
3048 3604 3194 3675 αὐτῷ
3230 3608 3337 3659 πᾶν
3385 3607 3413 3661 δ
3438 3608 3504 3661 ἃν
3531 3608 3897 3683 βουλεύσηται
3930 3613 3958 3666 δ

2396 3693 2761 3765 Ἀϐεσσαλώμ.
2781 3696 2837 3749 ’0
2856 3696 2911 3749 δὲ
2931 3697 3118 3757 Χουσὶ,
3137 3698 3323 3769 ἐπειδὴ
3350 3699 3483 3768 πρὸς
3504 3700 3595 3753 τὸν
3620 3703 3962 3774 πατραλοίαν

2381 3784 2567 3839 τοῦτον
2594 3787 2838 3855 ἀφίκετο,
2860 3789 3163 3852 πιστευθεὶς
3193 3789 3269 3852 ώς
3295 3789 3478 3855 εύνους
3504 3792 3673 3862 αύτῷ.
3705 3795 3873 3858 αὑτός
3900 3812 3957 3850 τε

2384 3876 2477 3930 καὶ
2515 3878 2794 3947 Ἀχιτόφελ
2828 3878 3221 3950 προτρέπονται
3252 3880 3281 3932 ὅ
3314 3898 3366 3933 τι
3404 3880 3520 3935 δέον
3565 3885 3693 3953 περὶ
3720 3886 3961 3957 πολέμου

2383 3971 2574 4022 εἰπεῖν.
2609 3971 2717 4022 Καὶ
2755 3972 2784 4024 ό
2822 3970 3104 4041 Ἀχιτόφελ
3133 3974 3515 4043 προτρέπεται,
3544 3979 3664 4041 ταῖς
3711 3977 3809 4032 τοῦ
3855 3997 3964 4033 πα-

2383 4060 2508 4131 τρὸς
2540 4060 2725 4114 τοῦτον
2759 4063 2983 4133 μιγέντα
3026 4064 3345 4127 παλλακαῖς,
3373 4064 3548 4119 ὀπίσω
3579 4065 3823 4134 διώκειν,
3867 4072 3965 4124 καὶ

2383 4151 2700 4223 ἀσυντάκτῳ
2748 4153 3087 4223 προσϐαλεῖν.
3108 4155 3163 4207 ’0
3210 4154 3267 4208 δὲ
3314 4156 3482 4209 Χουσὶ
3529 4158 3655 4229 περὶ
3702 4159 3806 4229 μὲν
3853 4161 3966 4215 τῶν

2386 4241 2673 4295 παλλακῶν
2718 4240 2867 4295 οὐδὲν
2900 4244 3240 4316 ἀπεφήνατο·
3273 4245 3506 4317 ὲξορμᾷν
3538 4246 3593 4299 δὲ
3628 4247 3792 4312 εὐθὺς
3821 4251 3964 4305 κατά

2384 4335 2475 4388 τοῦ
2508 4334 2710 4407 πατρὸς
2744 4337 2805 4389 οὑ
2854 4337 3145 4410 συνεχώρει
3205 4338 3282 4409 τῷ
3320 4338 3695 4411 ’Δϐεσσαλώμο
3728 4342 3819 4396 ἵνα
3867 4345 3968 4416 μὴ.

721 4430 948 4499 vestigio
995 4430 1047 4482 iu
1090 4438 1294 4499 patrem
1328 4431 1586 4498 impetum
1616 4430 1795 4494 faciat.
1836 4431 1940 4487 hoc
1964 4432 2281 4488 Abessaloui

2385 4430 2442 4481 ἐν
2481 4428 2651 4500 δρεσι,
2679 4430 2859 4498 φησὶν,
2890 4430 3139 4501 ἐμπεσὼν
3160 4431 3252 4483 καὶ
3273 4431 3604 4502 δυσφορίαις,
3624 4432 3683 4485 τό
3710 4450 3771 4486 τε
3799 4451 3971 4506 στρα-

720 4520 1015 4576 dissuadet.
1049 4518 1145 4584 Ne,
1180 4519 1376 4589 inquit,
1409 4520 1461 4573 in
1491 4522 1767 4576 montibus
1818 4523 1871 4576 in
1921 4523 2095 4593 ipsum
2149 4524 2282 4578 inci-

2384 4518 2603 4573 τόπεδον
2640 4518 2976 4592 διαφθείρῃς,
3007 4518 3101 4573 καὶ
3145 4520 3303 4584 αὐτὸς
3330 4522 3449 4584 ταῖς
3476 4520 3569 4574 τού
3622 4523 3838 4593 πατρὸς
3871 4524 3971 4593 λη-

721 4614 878 4679 dens,
925 4612 1074 4668 clade
1122 4621 1360 4681 accepta,
1390 4628 1514 4667 cum
1567 4613 1866 4667 exercitum
1918 4616 2130 4684 perdas,
2170 4624 2283 4669 tum

722 4720 853 4759 vero
886 4703 997 4773 ipse
1042 4702 1094 4755 in
1129 4704 1297 4773 patris
1326 4718 1520 4759 manus
1546 4703 1794 4773 captivus
1834 4705 2134 4773 pervenias.
2159 4702 2289 4757 Par-

725 4797 894 4852 ricida
943 4797 1107 4865 igitur
1145 4796 1397 4850 dicente:
1428 4795 1616 4850 Metius
1665 4806 1742 4849 est
1781 4796 2059 4849 consilium
2102 4796 2284 4860 Chusi,

724 4904 881 4959 quam
914 4888 1344 4957 Achitopheiis“,
1377 4902 1611 4944 maerore
1642 4898 1924 4957 correptus
1967 4890 2288 4959 Acbitopbel

725 4978 828 5031 sibi
879 4977 980 5046 ipsi
1020 4977 1214 5047 laqueo
1244 4978 1404 5032 vitam
1453 4978 1667 5047 eripuit.
1712 4978 1881 5033 Chusi
1926 4995 2053 5035 vero
2106 4981 2287 5035 omnia

728 5065 913 5120 Davidi
960 5082 1052 5136 per
1103 5069 1411 5124 sacerdotes
1440 5068 1765 5139 significavit
1792 5087 1805 5121 :
1830 5069 2103 5139 jussitque
2136 5070 2290 5125 insu-

727 5172 822 5224 pcr
868 5158 1029 5211 etiam
1084 5157 1287 5229 fugere.
1319 5158 1582 5227 Deinceps
1618 5174 1746 5213 vero
1800 5174 1923 5213 cum
1967 5160 2283 5214 Abessalom

731 5248 893 5301 rebus
916 5249 1165 5302 omnibus
1186 5250 1485 5313 instructis,
1514 5248 1786 5319 corruptis
1815 5250 1976 5303 etiam
2009 5250 2157 5319 prius
2189 5266 2287 5319 pa-

732 5342 831 5393 tris
863 5340 1144 5410 pellicibns
1172 5340 1329 5410 idque
1348 5342 1580 5411 publice,
1612 5353 1816 5413 patrem
1843 5353 2284 5412 persequeretur,

732 5427 898 5482 David
932 5429 1147 5497 quidem
1202 5430 1316 5499 ipse
1363 5432 1415 5484 in
1448 5432 1616 5485 aciem
1648 5446 1754 5485 non
1788 5433 2023 5500 prodiit;
2057 5433 2289 5487 ducibus

733 5536 862 5575 vero
894 5523 1008 5575 suis
1036 5522 1242 5576 credito
1284 5523 1523 5577 exercitu
1576 5525 1830 5595 pra-cepit
1880 5524 2031 5594 ipsis,
2060 5526 2245 5580 dicens
2273 5543 2286 5578 ι

735 5608 947 5665 Parcite
994 5612 1105 5680 ﬁlio
1153 5628 1263 5666 meo
1303 5612 1691 5668 Abessaloni”.
1744 5613 1938 5669 Prtelio
1990 5629 2119 5671 vero
2177 5616 2290 5669 acri

808 5769 851 5801 “
890 5766 931 5823 ll
962 5768 1089 5843 Reg.
1126 5787 1255 5836 xvu,
1291 5774 1375 5828 14.
1452 5774 1495 5807 ¹³
1536 5772 1574 5828 il
1599 5772 1728 5844 Reg.
1758 5789 1910 5842 xvnt,
1936 5774 1989 5829 5.

2386 4609 2576 4679 φθείης
2617 4609 2793 4680 χερσί.
2826 4609 2931 4661 Τοῦ
2960 4608 3017 4663 δὲ
3056 4608 3383 4680 πατραλοίου
3431 4611 3702 4675 εἰπόντος·
3750 4612 3971 4683 Ἇγαθὴ

2381 4701 2583 4769 ,ϐουλὴ
2617 4701 2805 4756 Χουσὶ
2835 4701 2985 4770 ὑπὲρ
3014 4700 3129 4770 τὴν
3147 4703 3392 4771 ,βουλὴν
3431 4703 3755 4773 Ἀχιτόφαι.
3794 4705 3974 4779 λυπη-

2387 4792 2499 4855 θεὶς
2524 4792 2803 4863 Ἀχιτόφελ
2826 4792 3129 4863 ἀπήγξατο.
3147 4792 3203 4845 '0
3221 4792 3277 4845 δὲ
3299 4794 3468 4847 Χουσὶ
3494 4794 3573 4864 τῷ
3590 4795 3758 4849 Δαυῖδ
3784 4799 3975 4852 πάντα

2386 4883 2471 4937 διὰ
2495 4885 2603 4937 τῶν
2637 4884 2821 4955 ίερέων
2854 4885 3108 4956 ἐδήλωσε,
3144 4885 3237 4940 καὶ
3275 4885 3493 4955 φεύγειν
3524 4885 3603 4939 ἔτι
3646 4887 3971 4945 ἐκέλευσεν.

2400 4977 2550 5029 Ἐπεὶ
2600 4976 2659 5030 δὲ
2708 4976 3265 5048 παρασκευασάμενος
3307 4979 3336 5030 ό
3383 4976 3737 5047 ’Δϐεσσαλὼμ
3786 4981 3978 5035 ὀπίσω

2388 5070 2481 5122 τού
2515 5070 2717 5142 πατρὸς
2762 5069 3073 5136 κατεδίωξε,
3108 5070 3369 5141 πρότερον
3418 5073 3538 5134 ταῖς
3580 5069 3795 5125 ἐκείνου
3836 5074 3979 5126 παλ-

2388 5162 2577 5227 λακαῖς
2619 5166 2677 5217 ὲν
2718 5163 2967 5235 ὑπαίθρῳ
3007 5166 3206 5233 μιγεὶς,
3238 5165 3267 5218 ό
3297 5163 3395 5235 μὲν
3422 5164 3583 5217 Δαυῒδ
3608 5165 3711 5217 οὐκ
3740 5165 3982 5238 ἐξῆλθεν

2390 5255 2549 5317 αὐτὸς
2582 5257 2660 5318 είς
2699 5254 3143 5325 ἀντιπαράταξιν,
3180 5258 3409 5327 ἡγεμόσι
3454 5256 3509 5310 δὲ
3556 5257 3874 5323 πιστεύσας
3922 5262 3983 5313 τὸ

2393 5348 2723 5418 στράτευμα,
2757 5347 3056 5401 ἐνετείλατο
3082 5348 3261 5412 αὐτοῖς
3290 5349 3494 5416 λέγων’
3519 5351 3834 5408 Φείσασθέ
3855 5370 3985 5422 μιν

2390 5439 2494 5493 τοῦ
2524 5438 2837 5507 παιδαρίου
2865 5438 3253 5508 Ἀϐεσσαλώμ.
3278 5438 3384 5493 Τοῦ
3409 5440 3465 5493 δὲ
3492 5439 3733 5511 πολέμου
3764 5446 3984 5515 συρρα-

2390 5530 2577 5599 γέντος
2614 5533 2672 5584 ὲν
2706 5529 2785 5601 τῷ
2821 5528 3011 5601 δρυμῷ
3056 5529 3311 5601 Ἐφραῒμ,
3340 5531 3595 5583 πίπτουσι
3644 5530 3747 5600 μὲν
3798 5531 3982 5585 εἴκοσι

2390 5621 2620 5693 χιλιάδες
2650 5620 2859 5692 ἀνδρῶν
2886 5619 2993 5676 ἀπὸ
3014 5620 3108 5674 τού
3136 5619 3541 5692 στρατεύματος
3572 5620 3668 5674 τού
3710 5622 3991 5677 Ἀϐισσα-
