4068 6310
757 317 864 373 555

1585 320 1640 371 S.
1684 319 2052 372 A'l‘llANASll
2093 320 2242 374 OPP.
2281 320 2458 374 PARS
2512 320 2598 374 Ill.
2628 348 2695 358 —-
2740 320 3154 375 EXEGETICA.
3887 329 3963 384 556

830 445 964 498 Tum
1021 446 1179 500 etiam
1235 444 1544 499 Graecorum
1595 453 1761 512 poetae
1810 452 1863 496 ct
1910 455 2175 508 oratores,
2225 445 2307 513 qui

2493 445 2601 496 Καὶ
2619 445 2664 495 οἱ
2688 445 2814 512 παρ’
2840 442 3058 512 Ἕλλησι
3081 442 3134 493 δὲ
3157 448 3373 514 ποιηταὶ
3400 447 3490 497 καὶ
3512 445 3962 515 λογογράξοῳιαθ

759 552 880 590 eum
913 536 1132 590 omnino
1166 535 1367 589 nullam
1397 534 1515 604 ejus
1537 535 1611 588 rei
1642 550 1825 587 curam
1865 534 2144 597 haberent,
2175 550 2326 587 vera-

759 645 825 682 ne
855 637 1035 683 essent
1065 643 1184 697 qua:
1215 628 1476 690 dicerem,
1510 625 1945 694 conscripserunt
2000 625 2220 694 singuli,
2256 626 2328 679 si-

759 734 826 774 ne
853 719 1051 790 praevio
1079 719 1349 783 examine,
1375 733 1494 786 qua:
1525 716 1654 785 ipsis
1686 718 2024 778 videbantur,
2061 716 2205 770 hunc
2240 731 2328 769 so-

757 813 867 866 lum
915 813 1075 867 ﬁnem
1115 812 1396 872 habentes,
1432 819 1490 864 ut
1534 810 1790 863 nimirum
1843 809 2038 877 linguae
2074 821 2186 859 sua:
2219 808 2329 860 ele-

755 909 994 976 gantiam
1028 915 1387 962 ostentarent.

2422 537 2609 589 οῦδένα
2658 536 2854 605 τρόπον
2895 535 2987 587 τοῦ
3019 535 3233 606 ἀληθεῖς
3273 532 3410 588 εἶναι
3443 539 3849 605 φροντίσαντες,
3876 556 3963 590 ςυν-

2423 623 2724 676 τεθείκασιν
2775 623 3148 686 ἀϐασανίστως
3193 625 3250 677 τὸ
3295 628 3476 689 αὐτοῖς
3523 627 3741 691 δοκοῦν,
3807 629 3965 680 σκοπὴν

2425 715 2636 783 ἔχοντες
2668 716 2782 779 ἕνα,
2816 716 2877 768 τὸ
2911 715 3166 780 ἐπίδειξιν
3197 718 3519 788 ποιήσασθαι
3555 719 3824 787 γλιὶιττης.

1907 996 2038 1050 Item
2063 998 2115 1050 in
2142 996 2332 1064 psalm.
2366 1012 2465 1050 ιιιι
2490 996 2844 1068 ἐπιγραφήν.

788 1162 789 1165 η
828 1098 1123 1151 Athanasii.
1167 1095 1474 1150 Secundum
1516 1108 1790 1163 anagogen
1841 1109 1986 1155 vero,
2038 1093 2210 1161 aperit
2259 1093 2314 1146 in

755 1193 857 1245 hoc
889 1192 1096 1260 psalmo
1130 1199 1182 1243 et
1210 1188 1443 1256 exiilicat
1475 1186 1777 1241 clarissime
1815 1185 2097 1238 hominum
2127 1184 2317 1253 impie-

754 1290 918 1335 tatem
945 1290 998 1334 et
1026 1279 1155 1349 legis
1185 1277 1682 1348 praevaricationem
1710 1277 1762 1329 in
1793 1276 2045 1329 omnibus
2072 1276 2187 1329 suis
2222 1289 2313 1328 co-

756 1373 970 1425 natibus
996 1391 1009 1424 :
1036 1382 1093 1425 ut
1119 1371 1243 1425 hinc
1268 1370 1640 1424 necessitatem
1664 1369 1925 1422 adventus
1951 1366 2156 1421 Christi
2181 1382 2315 1435 pra:-

753 1464 912 1517 dicet.
949 1465 1124 1531 Atque
1150 1462 1229 1517 sic
1258 1461 1475 1530 quidem
1525 1460 1684 1514 divus
1710 1458 2038 1512 Athanasius
2069 1473 2080 1508 :
2117 1471 2312 1512 secun-

751 1557 878 1609 dum
912 1565 1089 1609 autem
1120 1568 1372 1623 magnum
1399 1550 1674 1615 Basiliam,
1703 1559 1808 1604 etc.

2494 1092 2604 1163 (56)
2644 1095 3006 1148 Ἀθανασίου.
3040 1097 3193 1151 Κατὰ
3221 1097 3401 1168 μέντοι
3431 1097 3746 1166 ἀναγωγὴν,
3778 1096 3961 1166 Eupha-

2415 1185 2511 1256 δην
2549 1188 2607 1239 ὲν
2638 1186 2714 1256 τῷ
2750 1189 2972 1256 παρόντι
3003 1189 3201 1260 ψαλμῴ
3229 1190 3511 1258 σαφηνίζει
3538 1189 3648 1242 τῶν
3697 1190 3962 1260 ἀνθρώπων

2417 1278 2513 1346 τὴν
2547 1280 2624 1342 εἰς
2653 1280 2712 1331 τὸ
2742 1280 2998 1342 παντελὲς
3023 1281 3125 1333 τῶν
3159 1282 3602 1352 ἐπιτηδευμάτων
3628 1283 3873 1334 ἀσέϐειαν
3892 1285 3962 1335 καὶ

2416 1372 2780 1440 παρανομίαν,
2817 1374 2902 1425 ἵνα
2938 1374 2996 1426 τὸ
3039 1374 3330 1441 ἀναγκαῖον
3376 1375 3475 1445 τῆς
3511 1376 3832 1442 ἐπιφανείας
3860 1377 3960 1428 ἁνα-

2415 1462 2624 1533 κηρύξῃ
2660 1464 2915 1532 Χριστοῦ.
2955 1465 3062 1516 Καὶ
3094 1465 3264 1528 οὕτως
3296 1466 3392 1535 μὲν
3413 1468 3439 1519 ὁ
3465 1466 3606 1528 θεῖος
3641 1466 3959 1530 Ἀθανάςιος·

2413 1553 2552 1604 κατὰ
2577 1552 2632 1605 δὲ
2658 1553 2745 1606 τὸν
2779 1555 2948 1624 μέγαν
2976 1555 3272 1618 Βασίλειον,
3302 1565 3404 1610 etc.

1292 1665 1547 1720 Similiter
1575 1667 1628 1717 in
1653 1665 1862 1718 titulum
1885 1665 2075 1734 psalm.
2117 1681 2229 1729 xw,
2264 1665 2540 1733 prtemissa
2568 1663 2878 1718 Theodoreti
2907 1667 3184 1731 sententia,
3212 1666 3459 1734 subjicit:

822 1763 1150 1816 Athanasius
1181 1773 1359 1815 autem
1393 1769 1446 1815 et
1472 1760 1724 1824 Basilius,
1755 1761 1933 1830 magni
1982 1761 2056 1814 illi
2095 1759 2300 1825 Patres,
2339 1766 2382 1823 Β

751 1861 922 1916 aiunt,
950 1850 1200 1904 Davidem
1251 1851 1515 1919 psalmum
1563 1851 1706 1904 hunc
1737 1851 2018 1915 cecinisse,
2057 1859 2114 1904 ut
2150 1851 2310 1906 doce-

749 1952 851 2004 ret,
885 1941 1140 2011 quidnam
1179 1941 1309 1994 illud
1339 1941 1429 2004 sit,
1463 1941 1611 2009 quod
1643 1941 1916 1993 hominem
1949 1950 2211 2010 praaparet
2241 1942 2309 1994 ad

750 2031 960 2085 beatam
1005 2032 1150 2085 illam
1191 2031 1426 2101 quietem
1457 2030 1911 2098 consequendam.
1951 2029 2149 2094 Quare,
2184 2045 2308 2084 cum

748 2122 1082 2192 propositum
1139 2127 1284 2174 esset
1339 2120 1393 2172 in
1441 2121 1542 2173 hoc
1573 2118 1781 2188 psalmo
1825 2118 2098 2170 hominem
2138 2117 2311 2186 perfe-

747 2225 894 2269 ctum
946 2212 1272 2276 describere,
1319 2227 1476 2276 eum,
1523 2211 1765 2278 inquam,
1811 2210 1905 2277 qui
1958 2206 2306 2262 beatitudinis

747 2308 1017 2376 particeps
1063 2304 1276 2359 iuturus
1314 2315 1413 2368 est,
1445 2302 1632 2357 ordine
1667 2315 1729 2356 ac
1757 2301 1840 2355 via
1869 2301 2100 2371 quadam
2136 2300 2304 2353 utitur

749 2401 802 2452 in
845 2399 910 2451 iis
953 2413 1073 2467 qua:
1120 2398 1174 2450 in
1227 2397 1344 2465 ipso
1379 2395 1610 2464 spectari
1657 2395 1850 2457 solent,
1882 2392 2198 2462 aproximis
2243 2405 2305 2445 ac

748 2489 936 2560 primis
959 2488 1100 2543 facto
1127 2488 1370 2541 exordio.
1402 2487 1491 2540 Sic
1522 2486 1685 2555 igitur
1709 2484 1916 2555 incipit,
1937 2484 2175 2550 Domine,
2197 2494 2300 2538 ctc.

2483 1759 2592 1830 (57)
2647 1760 2960 1823 Ἀθανάσιος
2993 1761 3047 1813 δὲ
3075 1762 3166 1814 καὶ
3200 1761 3496 1823 Βασίλειος,
3529 1762 3580 1813 οἱ
3623 1761 3846 1830 μεγάλοι
3871 1760 3962 1811 Ila-

2413 1850 2585 1918 τὲρες,
2623 1852 2815 1919 φασίν·
2850 1853 2928 1904 ὅτι
2954 1852 3136 1905 τοῦτον
3161 1851 3272 1922 ᾅδει
3300 1853 3388 1904 τὸν
3413 1851 3623 1921 ψαλμὸν
3667 1854 3696 1905 ὁ
3729 1852 3880 1904 Δαυῖᾰ
3901 1855 3962 1903 ιι-

2409 1941 2641 2004 δάακων,
2673 1941 2723 1993 τί
2766 1942 2829 1994 ἂν
2879 1942 3158 2013 ἄνθρωπον
3205 1943 3612 2014 παρασκευάσω
3669 1943 3769 2012 τῆς
3815 1960 3959 2011 μακα-

2415 2031 2532 2101 ρίας
2566 2031 2779 2100 ἐκείνης
2812 2034 2992 2101 τυχεῖν
3040 2031 3260 2100 λήξεως.
3307 2034 3397 2086 Διὸ
3438 2033 3528 2087 τὸν
3577 2033 3782 2086 τέλειον
3809 2033 3961 2102 ημῖνάέ

2410 2122 2566 2190 λόγος
2614 2123 2922 2194 ὑπογράψαι
2970 2123 3304 2194 βουλόμενός,
3334 2125 3424 2179 τὸν
3455 2125 3563 2178 τῶν
3601 2124 3959 2197 μακαρισμῶν,

2413 2214 2787 2284 ἐπιτυγχάνειν
2818 2215 3095 2286 μέλλοντα,
3127 2215 3276 2280 τάξει
3310 2218 3414 2269 τινὶ¹
3454 2219 3548 2270 καὶ
3577 2218 3684 2287 ὁδῴ
3718 2219 3824 2270 τῶν
3857 2215 3962 2284 mp}.

2412 2305 2573 2359 αὑτὸν
2617 2306 3000 2378 θεωρουμένων
3052 2307 3408 2378 χρησάμενος,
3435 2308 3543 2361 ἀπὸ
3573 2309 3684 2360 τῶν
3727 2326 3961 2378 apocat-

2413 2395 2616 2466 στέρων
2666 2397 2756 2449 καὶ
2791 2395 3018 2466 πρώτων
3063 2397 3160 2466 τὴν
3193 2397 3362 2466 ἀρχὴν
3391 2396 3703 2468 πεποίηται.
3722 2399 3960 2468 Ἀρχόμε-

2411 2504 2496 2550 νος
2526 2483 2615 2540 οὖν
2646 2503 2804 2557 φησι·
2834 2489 3029 2556 Κύριε,
3055 2496 3158 2542 etc.

1295 2602 1519 2656 Rursum
1550 2603 1600 2653 in
1623 2601 1811 2670 psalm.
1841 2617 1908 2654 xv
1936 2601 2029 2654 illa
2068 2602 2237 2662 verba,
2272 2618 2290 2652 ι
2322 2599 2531 2654 Sanctis
2561 2601 2649 2669 qui
2685 2611 2803 2653 sunt
2831 2602 2883 2652 in
2915 2611 3072 2666 terra,
3102 2620 3120 2653 ›
3149 2612 3271 2668 etc.,
3303 2619 3348 2656 υ.
3372 2603 3421 2656 5.

812 2700 1154 2753 Athanasius.
1201 2697 1425 2752 Sanctus
1459 2713 1577 2752 esse
1625 2698 1698 2751 ait
1751 2697 1856 2763 hie,
1886 2697 1976 2766 qui
2017 2696 2068 2748 in
2101 2695 2304 2763 Spiritu

745 2801 872 2846 sunt
912 2791 1234 2846 sanctiﬁcati
1280 2809 1292 2843 :
1327 2789 1530 2843 Christi
1570 2804 1693 2842 vero
1729 2797 1949 2850 terram,
1984 2786 2301 2842 Ecclesium.

745 2878 876 2934 Illud
900 2897 1045 2945 vero,
1078 2879 1400 2947 Miri/icastt',
1433 2892 1552 2945 pro,
1585 2875 1903 2940 Declarasti,
1937 2876 2172 2944 ponitur.
2204 2873 2302 2929 Vo-

745 2976 976 3028 luntates
1026 2986 1187 3042 porro
1233 2971 1401 3039 ipsius
1430 2969 1604 3023 Patris
1636 2969 1901 3039 intelligit.
1934 2967 2002 3022 Ut
2031 2969 2301 3023 universo-

746 3081 866 3118 rum
900 3064 987 3116 hic
1013 3064 1080 3116 sit
1107 3077 1298 3117 sensus
1331 3081 1343 3116 :
1372 3061 1441 3115 Iis
1463 3063 1557 3132 qui
1586 3062 1639 3114 in
1669 3061 1772 3116 ﬁde
1803 3060 2124 3115 sanctiﬁcati
2151 3071 2300 3126 sunt,

745 3155 1015 3225 cognitam
1067 3153 1296 3208 reddidit
1343 3153 1672 3207 voluntatem
1701 3152 1897 3206 Patris.
1929 3150 2089 3204 Potes
2125 3161 2307 3204 tamen

745 3247 890 3300 hunc
930 3259 1145 3299 versum
1189 3244 1268 3298 sic
1314 3243 1641 3312 intelligere:
1677 3241 2037 3296 Admirabiles
2079 3241 2310 3296 reddidit

746 3335 886 3393 Deus
931 3346 1148 3391 sanctos
1194 3350 1341 3390 suos.
1386 3333 1606 3400 Quare?
1647 3332 1784 3400 Quia
1836 3333 2140 3387 voluntates
2187 3331 2306 3402 ejus

743 3445 931 3484 omnes
965 3429 1018 3482 in
1053 3428 1182 3498 ipsis
1208 3437 1381 3490 erant,
1416 3435 1470 3480 et
1495 3427 1562 3480 ab
1598 3427 1730 3495 ipsis
1761 3426 2148 3495 implebantur.

2483 2693 2596 2762 (58)
2630 2693 2987 2758 Ἀθιιι-άσιος.
3019 2695 3229 2762 ⁹Αγίους
3257 2691 3394 2747 εἷναί
3421 2713 3581 2763 φησιν
3603 2697 3836 2749 ἐνταῦθα
3853 2698 3958 2758 τοὺς

2411 2784 2770 2855 ήγιασμένους
2813 2787 2868 2838 ὲν
2913 2787 3221 2858 Πνεῦματιο
3249 2787 3479 2859 Χριστοῦ
3510 2787 3567 2838 δὲ
3601 2787 3704 2856 γῆν
3726 2790 3824 2856 τὴν
3859 2788 3960 2839 Ἐχο

2409 2879 2630 2950 κλησίαν
2646 2896 2657 2908 ·
2677 2879 2736 2931 τὸ
2754 2880 2829 2945 δὲ,
2847 2880 3362 2949 Ἐθαυμάστωσας,
3384 2881 3501 2933 ἀντὶ
3526 2878 3643 2942 τοῦ,
3678 2881 3732 2931 Ἐ
3742 2880 3957 2948 φανέρω-

2409 2987 2524 3032 σας.
2580 2970 2868 3040 Θελήματα
2916 2972 2972 3023 δὲ
3021 2971 3181 3024 αὐτοῦ
3210 2971 3303 3024 τοῦ
3333 2971 3542 3043 Πατρός
3564 2988 3577 3003 ·
3608 2973 3672 3022 ἵν’
3769 2972 3828 3023 τὸ
3859 2972 3958 3024 ξὶιιν

2403 3060 2571 3112 οὕτω·
2599 3061 2719 3124 Τοῖς
2745 3062 3091 3132 ἡγιασμένοις
3117 3065 3172 3115 ἐν
3201 3064 3378 3115 πίστει
3402 3062 3638 3131 γνωστὸν
3670 3063 3885 3133 ἐποίησε
3909 3060 3959 3113 τὸ

2404 3150 2610 3223 θέλημα
2634 3151 2726 3204 τοῦ
2755 3153 2982 3223 Πατρός.
3012 3153 3242 3224 Νοήσεις
3268 3153 3323 3206 δὲ
3343 3153 3432 3206 τὸν
3460 3152 3636 3221 στίχον
3664 3154 3760 3204 καὶ
3781 3153 3954 3213 οὕτως·

2415 3241 2828 3312 Ἐθαυμάστωσε
2859 3244 2983 3307 τοὺς
3011 3243 3196 3311 ἁγίους
3239 3245 3266 3295 ὁ
3312 3243 3458 3304 Θεός.
3491 3241 3589 3293 Διά
3619 3243 3704 3304 τί;
3741 3242 3880 3293 Διὸτι
3902 3241 3960 3292 τὰ

2405 3332 2679 3403 θελήματα
2725 3333 2887 3386 αὑτοῦ
2916 3333 3092 3388 πάντα
3121 3334 3178 3386 ἐν
3203 3333 3381 3396 αὐτοῖς
3409 3328 3570 3403 ἦσαν,
3599 3333 3694 3384 καὶ
3727 3333 3853 3401 παρ’
3883 3333 3959 3384 αὖ·

2401 3425 2515 3486 τοῖς
2547 3423 2802 3490 ἐγίνοντο.

1814 3543 1998 3596 Adhuc
2036 3542 2103 3594 ad
2133 3540 2520 3610 inscriptionem
2559 3542 2700 3611 psal.
2734 3557 2892 3595 xviri.

813 3661 1152 3718 Athanasius.
1187 3657 1635 3727 Quandoquidem
1680 3656 1851 3711 David
1898 3657 2000 3711 hoc
2045 3657 2166 3710 loco
2207 3670 2297 3709 ca-

742 3750 840 3812 nit,
872 3758 930 3802 ut
958 3758 1010 3802 et
1044 3748 1097 3800 in
1115 3762 1248 3800 unt
1270 3746 1502 3815 psalmo,
1527 3760 1704 3800 rerum
1733 3746 1976 3799 omnium
1994 3744 2298 3814 opiﬁcium,

742 3839 1086 3909 reprehendit
1111 3853 1223 3901 eos,
1257 3839 1349 3907 qui
1379 3838 1644 3891 mundum
1674 3853 1705 3893 a
1735 3840 1914 3906 seipso
1952 3846 2007 3892 et
2035 3852 2166 3892 casu
2196 3850 2296 3890 e1-

741 3929 945 3983 stitisse
1003 3928 1208 3989 dicunt,
1268 3937 1322 3980 et
1364 3927 1509 3980 nulla
1581 3928 1692 3996 regi
1736 3927 2072 3998 providentia
2118 3945 2132 3982 :
2179 3927 2298 3981 illos

741 4021 924 4085 etiam,
954 4020 1044 4088 qui
1083 4019 1326 4072 serviunt
1361 4029 1626 4073 creatura:
1669 4034 1780 4089 prae
1831 4018 2105 4074 Creatore.
2157 4018 2295 4084 Quid

742 4113 904 4182 igitur
933 4113 1168 4181 loquitur
1198 4112 1265 4167 ad
1290 4127 1383 4167 eos
1429 4112 1522 4181 qui
1552 4126 1617 4166 ex
1639 4111 1887 4183 gentibus
1913 4111 2089 4166 vocati
2115 4111 2278 4165 sunt?

2479 3655 2590 3726 (59)
2631 3656 3004 3722 Ἀθανάσιος.
3057 3654 3320 3708 Ἐνταῦθα
3374 3651 3554 3722 μέντοι
3596 3653 3624 3704 ὁ
3665 3649 3852 3711 Δαυῖδ,
3890 3647 3957 3711 ὡς

2402 3747 2459 3797 ὲν
2499 3746 2578 3814 τῷ
2621 3746 2849 3814 εἰκοστῷ
2881 3746 3046 3815 τρίτῳ
3077 3743 3274 3813 ψαλμῷ
3296 3785 3310 3808 ,
3341 3741 3554 3812 ψάλλων
3581 3739 3650 3793 τὰ
3688 3742 3790 3808 τῆς
3817 3742 3956 3807 γενέ-

2404 3854 2557 3900 σεως,
2587 3838 2821 3890 αἰτιᾶται
2853 3841 2977 3901 τοὺς
3006 3838 3282 3908 αὐτόματα
3307 3835 3555 3902 λέγοντας
3578 3834 3873 3901 ὑφεστάναι
3899 3833 3955 3882 τά

2402 3929 2531 3981 ὅντα
2563 3928 2654 3981 καὶ
2693 3928 3000 3999 ἀπρονόητα
3028 3923 3186 3991 εἶναι,
3223 3930 3314 3980 καὶ
3343 3927 3464 3988 τοὺς
3493 3923 3855 3995 λατρεύοντας
3897 3923 3954 3989 τῇ

2401 4022 2577 4079 κτίσει,
2608 4021 2758 4092 παρὰ
2784 4020 2872 4073 τὸν
2916 4019 3191 4074 κτίσαντα.
3238 4019 3303 4070 Τί
3337 4013 3427 4072 οὖν
3458 4018 3565 4088 ἄρα
3593 4018 3732 4086 φησὶ
3769 4018 3878 4078 τοῖς
3905 4013 3953 4078 ἐξ

2413 4110 2580 4162 ἐθνῶν
2607 4109 3000 4180 κεκλημένοις;
3037 4109 3125 4164 Sic
3159 4111 3231 4162 ibi
3265 4125 3415 4162 sensu
3439 4108 3776 4176 incomplete.

1394 4221 1530 4278 Item
1560 4225 1615 4278 in
1645 4224 1877 4292 ejusdem
1906 4223 2098 4293 psalmi
2131 4223 2283 4276 verba

2407 4239 2436 4288 ι,
2485 4223 2604 4274 Οὐκ
2630 4220 2747 4275 εἰσὶ
2769 4224 2990 4290 λαλιαί,
3013 4233 3136 4288 etc.,
3165 4239 3210 4277 υ.
3235 4221 3267 4274 4

813 4340 979 4395 Porro
1029 4343 1086 4396 S.
1133 4341 1364 4413 Cyrillus
1417 4350 1471 4396 et
1515 4344 1787 4396 maximus
1834 4342 1922 4395 ille
1969 4340 2301 4395 Athanasius
2334 4347 2377 4396 D

742 4447 837 4504 per
869 4433 1088 4487 modum
1123 4432 1566 4503 interrogationis
1613 4433 1822 4502 legunt,
1852 4433 1999 4501 quod
2029 4432 2117 4486 hic
2165 4432 2299 4485 dici-

745 4533 865 4574 tur:
899 4520 1086 4576 Nonne
1117 4534 1235 4576 sunt
1275 4524 1511 4593 loquela,
1535 4534 1626 4576 aut
1661 4537 1940 4586 sermones,
1973 4537 2197 4590 quorum
2218 4535 2299 4573 vo-

742 4628 821 4665 ces
853 4629 952 4665 non
994 4615 1322 4668 audientur?
1359 4615 1514 4683 quasi
1554 4615 1699 4668 dicat
1727 4612 1931 4666 David:
1977 4610 2167 4666 Nonne
2196 4626 2295 4664 au-

744 4704 970 4758 diuntur
993 4707 1154 4760 etiam
1187 4717 1461 4760 mutarum
1511 4707 1624 4761 sive
1669 4719 1874 4767 rerum,
1929 4703 2043 4759 sive
2071 4717 2297 4772 operum

741 4813 901 4851 voces
943 4799 1144 4868 absque
1201 4814 1450 4854 sermone
1470 4808 1524 4854 et
1572 4798 1798 4868 lingua?
1825 4795 1988 4860 Sane,
2017 4797 2160 4851 dicat
2197 4795 2296 4848 ali-

740 4891 880 4958 quis.
908 4889 1040 4943 Nam
1079 4890 1534 4959 quemadmodum
1571 4889 1799 4947 textoris
1854 4890 2143 4944 artiﬁcium
2183 4890 2294 4944 cla-

743 4993 850 5036 mat
908 4983 1052 5036 varia
1100 4999 1161 5037 ac
1194 4985 1489 5039 versicolor
1521 4984 1721 5046 vestis;
1758 4998 1821 5038 ac
1856 4983 2031 5045 navis,
2088 4984 2142 5036 in
2186 4998 2294 5051 qua

742 5075 874 5127 nihil
907 5075 1223 5145 reprehendi
1268 5088 1461 5142 potest,
1501 5077 1749 5145 opilicem
1796 5091 1955 5129 suum
1987 5076 2243 5144 prmdicat
2276 5093 2290 5140 ;

742 5171 952 5224 fabrum
980 5173 1211 5242 denique
1243 5175 1412 5242 ipsius
1438 5187 1575 5242 opus
1604 5188 1616 5223 :
1658 5171 1736 5224 sic
1762 5181 1815 5225 et
1840 5179 2111 5232 creatura,
2135 5167 2292 5235 cujus

742 5273 1067 5318 mentionem
1120 5263 1380 5326 fecimus,
1413 5267 1513 5319 etsi
1549 5278 1801 5317 sermone
1836 5278 1902 5316 ac
1935 5263 2142 5315 ratione
2199 5260 2293 5314 de-

813 5424 923 5489 (ῐὶὶὶ)
967 5422 1077 5477 lloc
1101 5431 1474 5489 argumentum
1522 5420 1770 5487 superius
1795 5415 2135 5489 prtemittitur
2159 5413 2299 5489 psal-

743 5486 831 5546 mo
868 5510 916 5544 χι
949 5508 984 5552 ι,
1019 5493 1110 5546 sed
1142 5486 1319 5560 priora
1367 5492 1548 5554 verba,
1585 5486 1725 5541 κατὰ
1779 5486 1956 5558 μέντοι
1987 5486 2293 5553 ἀναγωγήν,

742 5564 813 5616 ibi
843 5564 1053 5616 desunt.

813 5633 920 5697 (57)
963 5631 1092 5685 Vide
1125 5632 1257 5699 psal.
1279 5649 1398 5686 .xtv.

813 5706 921 5768 (as)
963 5703 1081 5758 llan-
1111 5704 1354 5771 leguntur
1381 5704 1443 5757 ad
1477 5718 1686 5758 versum
1718 5702 1748 5754 '5
1788 5699 1921 5770 psal.
1958 5714 2043 5753 vv.
2075 5706 2120 5749 et
2161 5711 2286 5766 pau-

2473 4338 2584 4408 (60)
2619 4341 2678 4392 'O
2701 4339 2757 4392 δὲ
2790 4340 2942 4407 ἆγιος
2972 4337 3234 4408 Κύριλλος
3281 4338 3374 4392 καὶ
3405 4340 3432 4391 ὁ
3461 4339 3768 4410 παμμὲγας
3807 4340 3954 4392 Ἀθαο

2399 4431 2582 4495 vitato;
2614 4433 2669 4484 ἐν
2696 4433 2958 4502 ἐρωτήσει
2991 4430 3413 4499 ἀναγινώσκουσι
3445 4432 3522 4496 τὸ,
3554 4433 3675 4487 Οὐκ
3708 4432 3828 4485 εισι
3860 4435 3957 4485 ,ια-

2397 4526 2541 4585 λιαὶ.
2578 4523 2718 4577 οὺδὲ
2746 4525 2934 4591 λόγοι,
2964 4517 3050 4576 ὧν
3095 4525 3228 4593 οὐχὶ
3271 4525 3628 4578 ἀκούσονται
3669 4527 3734 4578 al
3777 4522 3952 4592 φωναί

2398 4616 2626 4680 abab-ir;
2648 4615 2920 4669 τουτέστιν
2943 4632 2955 4645 ·
2988 4611 3132 4687 τΑρα
3165 4615 3264 4667 οὐκ
3289 4616 3395 4668 εἰσὶ
3441 4617 3533 4668 καὶ
3561 4614 3670 4666 τῶν
3705 4615 3952 4682 ἀφώνων,

2399 4709 2433 4780 ἢ
2492 4710 2860 4781 πραγμάτων,
2905 4708 2937 4779 ἢ
2999 4709 3194 4778 ἔργων,
3225 4711 3397 4775 φωναὶ
3439 4709 3601 4778 χωρὶς
3651 4708 3821 4775 λόγου
3872 4709 3956 4761 καὶ

2401 4799 2682 4870 γλώττης;
2718 4799 2843 4861 Ναὶ,
2877 4802 3008 4871 φαίη
3036 4800 3098 4852 ἄν
3124 4816 3226 4862 τις.
3266 4803 3472 4870 Ὥσπερ
3501 4800 3604 4869 γὰρ
3631 4799 3734 4852 τοῦ
3794 4801 3954 4869 ὑφάν-

2401 4911 2492 4948 του
2516 4895 2610 4964 τὴν
2644 4893 2836 4964 τέχνην
2886 4895 2918 4962 ἡ
2967 4892 3343 4954 πολυποίκιλος
3384 4891 3544 4962 ἐσθὴς
3593 4891 3827 4961 ἀναϐοᾷ.
3871 4892 3956 4943 καὶ

2399 4985 2489 5037 τὸν
2518 4985 2793 5053 ναυπηγὸν
2826 4987 2858 5054 ἡ
2892 4983 3223 5054 άδιαὸλήτως
3255 4984 3453 5052 ἔχουσα
3479 4981 3609 5044 ναῦς
3641 4982 3953 5053 ἀνακηρύτ-

2401 5096 2501 5139 τει,
2529 5077 2620 5130 καὶ
2645 5078 2731 5128 τὸν
2767 5076 2987 5148 σιδηρέα
3011 5074 3070 5128 τὸ
3096 5075 3252 5146 ἔργον
3271 5071 3433 5128 αὑτοῦ
3454 5091 3466 5100 ⁸
3495 5074 3631 5126 οὕτω
3659 5077 3760 5128 καὶ
3787 5077 3820 5144 ἡ
3847 5073 3952 5126 κτί-

2403 5165 2600 5240 σις,·ἧς
2629 5169 2826 5240 ἀρτίως
2847 5167 3394 5238 διεμνημονεύσαμεν,
3420 5166 3624 5235 ἄφωνος
3651 5167 3779 5234 μὲν,
3799 5167 3954 5236 ἢγουν

2396 5265 2586 5331 ἄλογος
2605 5279 2617 5293 ο
2647 5262 2802 5315 λαλιὰ
2833 5262 2888 5313 δὲ
2918 5261 3105 5333 ὥσπερ
3133 5261 3299 5330 αὐτῆς
3338 5259 3398 5312 τὸ
3448 5258 3628 5325 θαῦμά
3669 5259 3819 5323 ἐστι,
3869 5259 3952 5309 καὶ

2394 5418 2504 5472 lum
2542 5426 2744 5470 mutata
2774 5427 2827 5470 et
2857 5417 3102 5470 auctiora
3133 5415 3220 5469 liic
3249 5423 3394 5469 sunt.

2465 5488 2573 5550 (59)
2612 5488 2731 5542 lla'c
2784 5504 2890 5540 non
2941 5488 3192 5555 leguntur
3233 5487 3288 5539 in
3339 5483 3822 5553 Expositionibus,
3859 5481 3942 5538 sed

2396 5571 2521 5614 Sunt
2549 5560 2841 5610 Athanasio
2857 5558 3038 5625 digna.

2462 5629 2569 5699 (60)
2602 5627 2730 5682 Vide
2756 5627 2882 5682 ibid.
2908 5624 3157 5695 superius
3188 5626 3254 5682 ad
3286 5640 3503 5682 versum
3541 5624 3594 5678 4.
