4090 6312
174 345 266 399 557
1155 339 1580 395 FRAGMENTA
1615 339 1972 395 COMMENT.
2019 340 2083 395 IN
2127 339 2468 397 PSALMOS.

3299 340 3400 396 558

169 455 274 516 οἷον
295 461 446 532 φωνὴ
469 461 530 514 τὸ
555 459 744 522 κάλλος
777 459 868 511 καὶ
894 457 1134 522 εὐταξία.
1168 459 1241 511 Τὸ
1263 459 1370 530 γὰρ
1400 459 1645 529 διήγημα
1672 459 1732 510 τὸ

1839 460 2099 524 stitnilur,
2153 460 2376 528 loquela:
2404 471 2581 512 tamen
2615 458 2785 511 instar
2821 458 2934 526 ipsa
2953 466 3057 523 est,
3083 455 3401 510 admiranda

170 554 411 626 οὐράνιον
445 555 537 608 καὶ
572 553 630 606 τό
662 554 809 622 ῥῆμα
838 553 897 605 τὸ
942 552 1092 623 παρά
1123 552 1221 621 τῆς
1267 553 1479 622 ἡμέρας
1527 551 1731 622 βοώμε-

172 661 254 696 νον
282 645 434 715 φωνὴ
471 645 569 715 μὲν
601 642 856 714 ἔναρθρος
900 643 998 696 οὐκ
1045 643 1221 707 ἔστιν,
1269 642 1390 696 οὔτε
1443 643 1602 697 λαλιὰ
1647 643 1734 696 διά

172 736 431 805 στόματος
451 754 463 765 ·
495 735 805 789 διδασκαλία
823 736 880 787 δὲ
904 734 1048 800 θείας
1077 736 1357 806 δυνάμεως
1391 736 1598 804 γίνεται
1626 738 1735 800 τοῖς

171 829 379 887 ἐπαΐειν
405 828 787 898 ἐπισταμένοις
813 825 1100 896 σιωπώσης
1123 828 1324 897 φωνῆς.
1354 827 1499 896 Πλὴν
1523 827 1734 896 ἄφωνον

167 916 261 986 τὴν
297 915 475 970 κτίσιν
526 915 692 970 εἰπὼν
731 919 759 970 ὁ
786 916 966 978 Δαυῒδ,
991 917 1301 987 ἀπέφηνεν,
1335 918 1416 970 ὅτι
1458 920 1592 988 μήτε
1632 918 1731 988 ἑμ-

166 1023 349 1070 πνους,
393 1008 528 1076 μήτε
570 1005 782 1076 λογικὴ,
832 1006 970 1058 κατᾶ
1003 1006 1063 1058 τὸ
1096 1005 1285 1058 δοκοῦν
1316 1008 1428 1068 τοῖς
1469 1005 1733 1075 Ἑλλήνων

168 1106 368 1172 σοφοῖς.
394 1101 536 1155 Ζῶον
570 1101 677 1172 γὰρ
703 1097 841 1154 εἷναί
875 1118 1038 1169 φασιν
1064 1101 1121 1153 ἓν
1151 1101 1240 1154 τὸν
1288 1099 1578 1170 σύμπαντα
1607 1098 1733 1152 τοῦ·

164 1211 251 1249 τον
273 1195 477 1266 κόσμον
496 1212 508 1224 ·
542 1194 655 1258 ζῶα
678 1195 731 1247 δὲ
765 1193 961 1266 ὁμοίοις
989 1195 1082 1248 καὶ
1108 1193 1177 1247 τὰ
1211 1194 1372 1265 μέρη,
1402 1194 1461 1257 ἐξ
1492 1187 1565 1246 ὧν
1599 1211 1735 1263 συμ-

168 1287 492 1358 πληροῦται.

1846 553 2019 621 ipsius
2054 553 2389 620 magnitudo,
2422 567 2633 621 voxque
2663 559 2745 606 est
2802 551 3001 604 eximia
3059 550 3232 619 ipsius
3287 552 3406 618 pulv

1843 644 2094 699 chritudo
2141 654 2193 698 et
2252 644 2658 697 ordinatissima
2727 642 3034 712 dispositio.
3123 640 3402 695 leorum

1843 753 2077 806 namque
2123 738 2385 799 narratio,
2438 738 2729 806 verbaque,
2783 750 2904 805 quae
2952 735 3066 789 dies
3116 736 3404 804 loquitur.

1845 828 2195 896 quantumvis
2243 845 2347 881 non
2396 838 2642 883 constent
2699 842 2830 882 voce
2888 827 3190 891 articulata,
3230 843 3406 896 neque

1843 919 1976 973 ﬁant
2015 920 2315 974 ministerio
2365 921 2516 985 oris;
2568 919 2763 973 docent
2795 929 2972 973 tamen
3013 919 3251 972 divinam
3310 935 3406 988 po-

1843 1013 2066 1066 tentiam
2105 1027 2218 1075 eos,
2254 1013 2347 1076 qui
2381 1026 2561 1066 vocem
2596 1019 2800 1065 mutam
2857 1011 3044 1065 audire
3096 1027 3159 1065 ac
3211 1011 3402 1065 intelli-

1844 1119 1971 1174 gere
2009 1114 2226 1158 norunt.
2266 1102 2588 1172 Quanquam
2617 1105 2778 1157 etiam
2817 1104 2921 1158 boc
2946 1104 3179 1157 asseruit
3213 1101 3402 1164 David,

1844 1212 1967 1251 cum
2003 1206 2208 1251 mutam
2242 1198 2445 1252 diceret
2470 1207 2798 1258 creaturam,
2830 1197 2974 1266 quod
3012 1197 3268 1250 nimirum
3308 1213 3402 1248 ne-

1845 1305 1949 1355 que
1990 1289 2248 1350 animata,
2283 1304 2457 1357 neque
2520 1290 2798 1342 rationalis
2835 1290 2900 1342 sit
2933 1331 2945 1350 ,
2985 1297 3038 1340 ut
3093 1288 3401 1340 Cra-corum

164 1384 498 1454 sapientibus
545 1385 734 1454 placet.
795 1382 859 1436 lli
919 1398 1152 1452 namque
1204 1383 1404 1436 animal
1446 1383 1718 1452 quoddam
1764 1399 1929 1436 unum
1968 1401 2086 1438 esse
2115 1385 2302 1437 dicunt
2341 1386 2652 1438 universum
2695 1363 2843 1437 hunc
2884 1383 3178 1435 mundum:
3219 1382 3324 1435 imo
3354 1392 3405 1436 et

169 1485 353 1552 partes
385 1477 524 1546 ejus,
547 1493 610 1531 ex
647 1477 846 1547 quibus
898 1485 1133 1539 constat,
1168 1476 1423 1530 animalia
1457 1475 1790 1530 existimant.

1387 1586 1522 1641 Item
1556 1591 1610 1641 in
1654 1588 1866 1641 titulum
1899 1589 2039 1658 psal.
2072 1607 2184 1643 nx.

228 1708 342 1780 (61)
397 1711 498 1774 Εἰς
536 1707 602 1760 τὸ
652 1708 824 1772 τέλος
875 1707 968 1760 καὶ
1011 1701 1160 1770 οὗτος
1210 1709 1238 1760 ὁ
1282 1706 1494 1776 ψαλμὸς
1539 1707 1724 1774 ἑπιγέ-
1761 1717 1800 1770 ιι

156 1817 424 1873 γραπται,
464 1801 762 1871 μελλόντων
787 1800 946 1853 τινῶν
971 1800 1106 1870 ἔχων
1131 1801 1545 1872 προαγόρευσιν.
1582 1801 1734 1854 Κατά

166 1895 278 1966 γὰρ
306 1895 399 1946 τὸν
433 1895 604 1964 μέγαν
636 1893 969 1955 Ἀθανάσιον,
996 1892 1210 1960 λέγεται
1245 1893 1343 1963 μὲν
1364 1895 1391 1946 ὁ
1420 1893 1631 1963 eam;
1655 1893 1730 1956 ὡς

157 1988 221 2039 ὲκ
253 1985 549 2057 προσώπου
577 1985 683 2036 τῶν
718 1985 844 2055 περὶ
869 1985 957 2038 τὸν
989 1984 1152 2038 Δαυῖδ
1183 1985 1434 2056 ἑταίρων,
1472 1985 1618 2055 αὐτῷ
1656 1984 1734 2053 τῷ

158 2075 321 2130 Δαυτδ
353 2077 735 2147 ἐπευχομένων
763 2075 998 2128 ποιοῦντι
1023 2074 1218 2130 ’θυσίαν
1257 2093 1268 2104 ·
1308 2075 1638 2146 ἀναφέρεται
1677 2074 1732 2127 δὲ

163 2170 254 2222 καὶ
289 2172 370 2233 είς
395 2171 687 2241 πρόσωπον
718 2169 825 2221 τῶν
861 2170 1193 2233 ἀποστόλων,
1218 2169 1291 2232 ὼς
1323 2170 1378 2220 ὲν
1425 2168 1606 2238 ἡμέρᾳ
1639 2166 1731 2219 τοῦ

161 2261 395 2334 σταυροῦ
427 2261 507 2332 τῷ
536 2260 754 2332 Χριστῷ
778 2261 1196 2332 συνευχομένων.

1903 1707 2196 1779 Inscriptio
2224 1712 2385 1763 etiam
2415 1711 2579 1780 hujus
2609 1711 2800 1781 psalmi
2834 1721 2937 1775 est,
2975 1709 3036 1762 In
3068 1711 3244 1778 ﬁnem,
3276 1710 3402 1778 quia

1846 1800 2150 1856 futurorum
2233 1803 2596 1870 quorumdam
2656 1803 3061 1871 prauiietionem
3136 1802 3401 1855 continet.

1843 1890 1977 1946 Nam
2035 1892 2334 1947 secundum
2369 1909 2623 1962 magnum
2657 1894 2806 1946 illum
2858 1893 3238 1955 Athanasium,
3277 1893 3406 1945 diei-

1844 1995 1933 2039 tur
1979 1987 2066 2040 hic
2122 1987 2362 2055 psalmus
2425 1986 2476 2038 in
2539 2000 2765 2054 persona
2805 1985 3104 2039 amicorum
3162 1982 3402 2044 Davidis,

1843 2077 1943 2147 ipsi
1977 2077 2327 2132 sacriﬁcanti
2389 2079 2680 2131 astantium
2743 2078 2986 2146 beneque
3043 2075 3399 2145 precantium.

1841 2168 2050 2222 Referri
2075 2178 2252 2222 tamen
2287 2178 2462 2236 potest
2488 2170 2647 2222 etiam
2680 2169 2744 2220 ad
2774 2169 3069 2235 apostolos,
3101 2167 3193 2235 qui
3249 2166 3406 2219 Chri-

1840 2269 1944 2319 sto,
1985 2274 2106 2313 eum
2135 2257 2562 2326 crucifigeretur,
2599 2272 2784 2325 pret-es
2815 2272 2941 2310 suas
2986 2255 3400 2324 conjungebant.

715 2375 782 2430 Et
812 2378 863 2430 in
897 2377 1034 2447 psal.
1074 2393 1242 2432 xxvm
1271 2377 1380 2430 lia'c
1419 2377 1595 2438 verba,
1634 2393 1651 2426 ι
1691 2373 1757 2426 Et
1791 2381 2018 2427 conteret
2049 2371 2226 2426 cedros
2269 2369 2481 2438 Libani,
2513 2389 2530 2421 ›
2564 2379 2688 2436 etc.,
2720 2386 2765 2422 ιι.
2797 2368 2848 2422 Β.

224 2492 336 2563 (62)
363 2493 526 2548 Κατά
557 2493 613 2545 δὲ
640 2494 729 2546 τὸν
773 2495 943 2563 μέγαν
985 2493 1318 2555 Ἀθανάσιον,
1348 2492 1526 2562 κέδροι
1567 2491 1733 2544 Λιϐά-

161 2603 247 2638 νου
280 2588 330 2638 οί
360 2584 556 2656 ὑψηλοὶ
588 2584 680 2637 τοῦ
724 2584 833 2638 τῶν
873 2583 1137 2637 Ἰουδαίων
1179 2582 1332 2647 λαοῦ,
1379 2582 1463 2635 διὰ
1496 2582 1556 2634 τὸ
1599 2582 1733 2636 ὦνο-

163 2674 366 2744 μάσθαι
425 2673 685 2738 πολλάκις
726 2676 784 2727 ἐν
814 2676 880 2746 τῇ
933 2674 1051 2745 θείᾳ
1103 2674 1293 2744 Γραφῇ
1343 2673 1573 2727 Λίϐανον
1633 2673 1732 2744 τὴν

167 2765 549 2838 Ἰερουσαλήμ.
595 2767 653 2819 ’0
694 2766 750 2819 δὲ
796 2767 991 2838 μόσχος
1030 2766 1091 2818 τὸ
1130 2765 1515 2836 θυσιαστήριον
1561 2764 1727 2836 δηλοῖ.

159 2856 546 2926 Συπρίὸονται
574 2852 666 2910 οὖν
691 2857 841 2911 αὐτοί
874 2874 932 2910 τε
955 2857 1047 2909 καὶ
1075 2856 1137 2909 τὸ
1157 2858 1284 2927 παρ’
1319 2857 1500 2918 αὐτοῖς
1526 2859 1604 2918 εἱς
1643 2855 1730 2907 τέ-

159 2947 248 3011 λος
281 2941 692 3021 θυσηστῆριον.

1912 2491 1980 2544 At
2013 2491 2310 2546 secundum
2342 2505 2597 2557 magnum
2635 2488 3007 2548 Athanasium,
3038 2487 3181 2541 cedri
3215 2486 3402 2541 Libani

1845 2583 2100 2637 dicuntur
2130 2583 2516 2636 eminentiores
2553 2582 2604 2634 in
2637 2581 2835 2649 populo
2862 2579 3105 2642 Jndaico,
3135 2595 3197 2633 eo
3257 2595 3402 2648 quoa

1840 2674 2144 2730 Jerusalem
2173 2690 2412 2746 persalpe
2451 2674 2691 2728 Libanus
2732 2685 2951 2728 vocetur
2981 2675 3032 2727 in
3066 2690 3218 2728 sacra
3252 2672 3402 2730 Seri-

1841 2779 2020 2842 ptura.
2059 2768 2271 2824 Vitulus
2311 2784 2439 2823 vero
2491 2767 2759 2836 signiﬁcat
2809 2770 2994 2820 altare.
3031 2769 3401 2822 C(Hllel'Ullllll'

1849 2860 2014 2930 igitur
2044 2861 2097 2914 in
2134 2860 2293 2916 tinem
2325 2870 2379 2914 et
2413 2861 2512 2930 ipsi
2543 2859 2708 2914 Judaii
2747 2870 2794 2914 et
2823 2876 3009 2912 eorum
3053 2862 3241 2918 altare.

509 3067 579 3118 At
601 3067 652 3119 in
679 3066 816 3135 psal.
851 3082 1034 3132 xxxw,
1071 3066 1223 3120 verba
1263 3067 1386 3132 ista,
1422 3083 1440 3117 ι
1479 3064 1543 3118 Et
1576 3066 1745 3118 oratio
1778 3079 1889 3118 mea
1920 3064 1974 3116 in
1996 3063 2168 3116 sinum
2212 3078 2400 3124 meum,
2437 3078 2453 3110 ι
2487 3075 2610 3124 cla,
2654 3064 2891 3130 adnotat,
2926 3082 2970 3119 υ.
3004 3065 3087 3118 15.

231 3181 342 3251 (65)
387 3179 549 3236 Κατὰ
581 3180 637 3233 δὲ
683 3181 774 3233 τὸν
802 3180 944 3233 θεῖον
998 3182 1330 3248 Ἀθανάσιον,
1366 3183 1425 3235 τὸ
1457 3184 1732 3252 ἀποστρα-

1912 3179 2221 3234 Secundum
2254 3195 2380 3232 vero
2415 3179 2598 3233 divum
2655 3181 3029 3244 Athanasium,
3071 3180 3215 3248 quod
3247 3179 3405 3234 Chri-

161 3274 325 3344 φῆναι
359 3276 442 3338 είς
489 3272 687 3327 κόλπον
718 3274 815 3344 τὴν
861 3274 1002 3346 ὑπὲρ
1045 3275 1312 3328 Ἰουδαίων
1357 3274 1450 3326 τοῦ
1495 3272 1728 3344 Χριστοῦ

157 3368 470 3439 προσευχὴν
505 3368 837 3438 σημαντικὸν
867 3368 931 3420 ἂν
956 3367 1041 3438 εἴη
1076 3366 1170 3420 τοῦ
1200 3369 1545 3436 ὲναπομείναι
1589 3366 1734 3418 ὲκεί-

159 3477 284 3525 νους
313 3463 380 3532 τῇ
413 3461 679 3531 ἁμαρτίᾳ,
716 3461 810 3513 καὶ
843 3462 1008 3531 μηδὲν
1045 3461 1426 3531 ὠφεληθῆναι,
1458 3463 1523 3531 τῇ
1570 3460 1736 3530 ὑπερ-

160 3549 289 3620 δολῇ
320 3550 425 3619 τῆς
456 3550 711 3611 ἀπονοίας
731 3550 829 3620 τὴν
865 3551 1168 3622 προσευχὴν
1201 3550 1387 3622 ὥσπερ
1417 3549 1734 3621 ἀνακάμψαι

159 3642 519 3710 ποιήσαντας.
567 3640 625 3694 '0
658 3641 754 3710 μὲν
786 3641 892 3713 γὰρ
922 3642 1142 3713 Κύριος,
1193 3641 1412 3712 θεωρῶν
1441 3641 1533 3694 τὸν
1568 3657 1735 3694 κατα-

157 3733 469 3805 ληψόμενον
502 3734 697 3797 αὐτοὺς
736 3733 958 3807 ὄλεθρον
985 3777 999 3800 ,
1053 3739 1146 3790 καὶ
1196 3734 1293 3806 τὴν
1350 3734 1581 3806 ἐσχάτην
1631 3735 1734 3788 ἀπ-

158 3825 380 3890 ώλειαν,
421 3827 637 3881 ἐπένθει
669 3827 808 3899 ὑπὲρ
839 3827 1016 3882 αὐτῶν
1049 3845 1062 3858 ·
1095 3829 1142 3880 οἱ
1171 3828 1228 3881 δὲ
1256 3826 1480 3881 τοιαῦτα
1536 3828 1736 3899 ἔπρατ-

156 3918 375 3981 τον,ὡς
402 3917 502 3988 τὴν
539 3918 703 3988 εὐχὴν
732 3919 895 3972 αὑτοῦ
926 3920 1024 3992 τὴν
1064 3920 1202 3990 ὑπὲρ
1231 3919 1410 3973 αὐτῶν
1446 3921 1520 3991 μὴ
1551 3937 1729 3992 παρα-

157 4010 477 4080 τέμπεσθαι
511 4013 588 4074 εἰς
621 4012 687 4064 τὰ
727 4005 842 4066 ὦτα
889 4011 984 4066 τοῦ
1016 4013 1248 4084 Πατρὺς.
1284 4012 1397 4066 ἀλλ’
1427 4011 1615 4082 ὥσπερ
1644 4013 1735 4064 ἁν-

153 4100 560 4170 τικρουομένην
586 4101 688 4154 ὑπὸ
721 4101 811 4154 τοῦ
861 4101 1123 4172 μεγέθους
1170 4102 1270 4173 τῆς
1329 4100 1508 4155 αὐτῶν
1544 4100 1734 4154 δυσσε-

155 4188 332 4252 ϐείας,
374 4188 732 4244 καθέλκεσθαι
763 4192 855 4245 καὶ
884 4192 1308 4263 ἐπαναστρέφειν
1365 4190 1499 4263 πρὸς
1550 4191 1730 4244 αὐτόν.

153 4281 250 4334 Διὸ
279 4281 434 4351 ἔλεγε
467 4297 482 4312 ⁸
513 4282 621 4336 Καὶ
652 4283 690 4350 ἡ
720 4282 1027 4354 προσευχὴ
1076 4301 1194 4353 μου
1223 4286 1309 4350 είς
1340 4285 1571 4336 κόλπον
1613 4301 1732 4352 μου

151 4371 713 4442 ἀποστραφήσεται.
745 4375 805 4427 El
838 4375 948 4446 γάρ
978 4375 1241 4442 σώζεσθαι
1272 4374 1491 4446 ἔμελλον
1517 4376 1607 4428 καὶ
1645 4391 1733 4445 με·

151 4465 414 4521 ταϐαλεϊν
439 4466 548 4519 τῶν
575 4466 954 4538 ἀσεϐημάτων,
991 4465 1396 4539 εὐθυδρομοῦσα
1437 4469 1470 4537 ἡ
1500 4483 1730 4537 προσευ-

1839 3273 1906 3326 sti
1941 3272 2180 3342 precatio
2208 3286 2305 3342 pro
2343 3270 2542 3326 Judaﬂs
2599 3272 2650 3325 in
2706 3273 2884 3327 sinum
2921 3273 3037 3342 ejus
3095 3274 3402 3334 revertitur,

1843 3365 2072 3419 denotat
2100 3379 2194 3419 eos
2226 3372 2448 3433 peccato
2477 3379 2576 3418 suo
2607 3366 2921 3428 immanere,
2956 3381 3053 3420 nec
3103 3366 3403 3435 quidquam

1834 3456 2015 3526 juvari
2048 3472 2113 3510 eo
2140 3457 2284 3524 quod
2332 3456 2556 3509 insania:
2584 3473 2695 3509 sure
2725 3459 3105 3526 exsuperantia
3141 3458 3400 3520 eﬂiciunt,

1838 3555 1899 3600 ut
1926 3562 2114 3616 preces
2157 3545 2360 3600 Christi
2395 3547 2552 3615 quasi
2594 3559 2891 3602 retrorsum
2921 3549 3235 3604 ﬂectantur.
3289 3551 3399 3605 Do-

1836 3639 2018 3693 minus
2047 3638 2213 3704 enim,
2246 3653 2370 3694 cum
2405 3639 2703 3694 intueretur
2751 3650 3045 3695 extremam
3105 3642 3399 3710 perniciem

1837 3745 1958 3800 qua:
1991 3731 2138 3801 ipsos
2170 3734 2630 3800 comprehensura
2652 3741 2789 3796 erat,
2815 3747 3050 3787 maerore
3085 3733 3287 3802 ingenti
3311 3747 3402 3787 eo-

1838 3837 1960 3876 rum
1991 3837 2157 3879 causa
2187 3823 2518 3879 afﬁciebatur
2557 3844 2568 3880 :
2607 3826 2709 3895 ipsi
2738 3841 2865 3880 vero
2893 3826 3017 3879 talia
3063 3825 3311 3896 agebant,
3345 3837 3401 3880 ut

1838 3929 2026 3984 preces
2058 3915 2263 3971 Christi
2293 3931 2388 3987 pro
2440 3918 2572 3985 ipsis
2607 3919 2922 3986 neutiquam
2967 3919 3403 3974 transmitteren-

1839 4015 1925 4059 tur
1946 4005 2011 4060 ad
2042 4021 2202 4061 aures
2233 4022 2402 4076 usque
2431 4005 2626 4071 Patris,
2656 4009 2746 4061 sed
2779 4022 3108 4076 repercussa:
3137 4009 3403 4076 quodam-

1837 4098 2001 4152 modo
2050 4113 2080 4152 a
2116 4100 2486 4169 magnitudine
2531 4099 2820 4168 impietatis
2862 4101 3101 4169 ipsorum
3157 4101 3402 4154 retrahe-

1837 4199 2024 4244 rentur
2056 4206 2120 4244 ac
2163 4200 2558 4247 reverterentur
2593 4193 2656 4246 ad
2692 4191 2999 4247 Dominum.
3041 4190 3274 4263 Ideoque
3301 4193 3402 4247 aie-

1841 4283 1935 4338 bat
1970 4302 1981 4337 :
2019 4281 2087 4335 Et
2117 4285 2287 4337 oratio
2318 4301 2429 4336 mea
2459 4285 2513 4336 in
2542 4285 2714 4336 sinum
2744 4301 2911 4336 meum
2937 4295 3236 4338 revertetur.
3264 4283 3400 4339 Nam

1837 4377 1883 4431 si
1909 4376 2153 4431 salvandi
2187 4375 2418 4432 fuissent
2459 4387 2512 4432 et
2560 4377 2628 4431 ab
2681 4376 2956 4446 impietate
2989 4378 3337 4431 convertendi
3376 4419 3392 4441 ,

1835 4469 2149 4523 transiisset
2181 4469 2365 4539 utique
2421 4473 2660 4538 precatio
2697 4469 2997 4525 Salvatoris
3030 4481 3174 4525 recto
3208 4487 3395 4531 cursu,

149 4558 222 4628 κὴ
242 4558 343 4611 τοῦ
376 4559 632 4630 Σωτῆρος
685 4560 974 4624 ἀκωλύτως
1023 4560 1088 4613 ἂν
1135 4562 1228 4613 καὶ
1272 4559 1730 4630 ἀπαραποδῖστως

1839 4570 2004 4629 atque
2034 4576 2062 4613 a
2093 4562 2306 4616 nemine
2337 4562 2592 4632 impedita
2627 4564 2688 4618 ad
2719 4578 2878 4616 aures
2927 4579 3096 4632 usque
3144 4573 3399 4632 paternas

148 4653 246 4704 ἐπὶ
284 4653 356 4706 τὰ
387 4646 503 4706 ὦτα
534 4652 603 4705 τά
637 4653 878 4724 πατρικά
907 4653 1125 4726 παρῄει.

1836 4650 2176 4704 accessisset.

814 4767 873 4823 In
901 4769 1037 4839 psal.
1068 4785 1273 4823 xxxviii
1302 4768 1477 4829 verba,
1517 4785 1534 4818 ι
1573 4764 1762 4835 Utique.
1798 4766 1852 4816 in
1888 4765 2117 4833 imagine
2141 4765 2376 4819 ambulat
2405 4767 2577 4828 homo,
2613 4786 2630 4818 ι
2663 4785 2706 4820 ιι.
2741 4767 2793 4819 7.

220 4882 282 4952 (6
297 4883 342 4953 ί)
371 4885 528 4936 Κατὰ
557 4883 612 4937 δὲ
645 4885 770 4948 τοὺς
797 4885 934 4938 πάνυ
975 4883 1288 4939 Ἀθανάσιον
1313 4885 1406 4938 καὶ
1439 4883 1726 4953 Κύριλλον·

156 4976 394 5048 Ἐπειδὴ
427 4977 488 5028 ὲν
512 4977 678 5030 εἰκόνι
708 4978 799 5031 καὶ
826 4977 923 5030 οὐκ
950 4980 1008 5031 ὲν
1035 4977 1260 5048 ἀληθείᾳ
1279 4977 1373 5030 νῦν
1406 4975 1726 5046 διαπορεύε-

145 5084 238 5122 ται
270 5065 304 5117 ὁ
334 5066 624 5138 ἄνθρωπος
644 5083 657 5096 ·
689 5070 722 5138 ὴ
752 5068 861 5139 γὰρ
893 5068 1095 5140 ἀληθὴς
1137 5067 1248 5138 ζωὴ
1297 5069 1436 5121 κατᾶ
1469 5068 1558 5120 τὸν
1601 5066 1729 5136 μὲλ-

143 5158 312 5212 λοντα
342 5157 520 5212 αίῶνά
537 5159 684 5211 ἐστιν
705 5174 717 5186 ·
744 5158 963 5221 εἰκότως
991 5161 1020 5210 ὁ
1042 5159 1259 5229 ψάλλων
1284 5161 1383 5230 τὴν
1405 5161 1587 5213 εἰκόνα
1627 5177 1730 5230 μα-

139 5250 421 5318 ταιότητα
468 5249 784 5319 προσεῖπεν.
824 5249 1037 5319 Ἐπειδὴ
1083 5251 1144 5303 οὐ
1186 5251 1283 5320 τὴν
1317 5250 1576 5322 ἀληθινὴν
1631 5249 1725 5303 νῦν

141 5342 338 5413 ζῶμεν
375 5339 546 5408 ζωὴν,
595 5338 730 5393 ἀλλά
762 5339 859 5410 τὴν
899 5341 974 5404 ὡς
1014 5341 1071 5392 ὲν
1103 5342 1290 5403 εἰκόνι,
1326 5342 1446 5394 οὐδὲ
1480 5343 1607 5414 περὶ
1659 5343 1727 5396 τὰ

136 5433 314 5497 ὅντως
343 5430 531 5500 ἀγαθά
559 5430 860 5501 ποιούμεθα
886 5433 981 5503 τὴν
1015 5434 1266 5504 σπουδὴν,
1298 5435 1375 5487 διὸ
1424 5434 1600 5503 μάτην
1634 5453 1726 5488 τα-

210 5612 338 5681 (61)
366 5610 472 5682 _Est
497 5621 877 5681 argumentum
903 5612 1097 5682 psalm.
1133 5627 1241 5666 xu.

210 5680 336 5750 (62)
365 5680 608 5738 llabetu’r
632 5682 761 5736 ibid.

212 5749 338 5823 (65)
368 5750 495 5807 Hec
522 5753 791 5808 habentur
812 5751 1027 5818 ibidem,
1059 5752 1147 5807 sed
1177 5753 1345 5810 multo
1381 5749 1655 5823 pauciora.

1911 4882 2186 4939 Sententia
2239 4900 2367 4939 vero
2421 4901 2739 4962 magnorum
2787 4887 3069 4943 Athanasii
3111 4899 3162 4943 et
3212 4890 3399 4956 Cyl-illi

1838 4975 1954 5030 haec
1987 4986 2107 5029 est:
2145 4975 2596 5046 Quandoquidem
2632 4979 2792 5033 homo
2834 4995 2980 5036 nunc
3011 4998 3117 5037 non
3165 4983 3216 5036 in
3254 4986 3400 5038 veri-

1833 5077 1960 5130 tate,
2001 5069 2094 5122 sed
2127 5069 2180 5121 in
2211 5069 2444 5139 imagine
2471 5069 2818 5133 incedit,vita
2849 5072 2994 5126 enim
3027 5089 3150 5127 vera
3178 5074 3396 5129 demum

1834 5162 1886 5213 in
1919 5160 2102 5214 futuro
2134 5161 2239 5214 erit
2271 5160 2492 5224 saiculo,
2528 5161 2730 5215 idcirco
2769 5161 3022 5218 fortassis
3052 5164 3262 5219 Psaltes
3307 5182 3399 5219 va-

1832 5255 2051 5308 nitatem
2085 5252 2372 5324 appellavit
2403 5254 2718 5321 imaginem.
2750 5252 2886 5319 Quia
2922 5269 3049 5326 ergo
3079 5271 3182 5309 non
3215 5272 3394 5310 veram

1832 5346 1920 5400 hic
1948 5345 2186 5399 vivimus
2214 5345 2404 5406 vitam,
2464 5347 2555 5399 sed
2611 5346 2791 5408 talem,
2827 5361 2948 5414 quae
2993 5354 3076 5399 est
3130 5347 3284 5416 quasi
3343 5350 3393 5400 iu

1833 5438 2087 5509 imagine,
2117 5452 2290 5508 neque
2323 5439 2471 5492 circa
2506 5453 2630 5492 vera
2665 5438 2802 5492 bona
2839 5452 3140 5502 versamur,
3193 5436 3394 5492 ideirco

1901 5620 2011 5745 {64)
2045 5622 2375 5689 Expressum
2415 5636 2478 5677 ex
2517 5621 2958 5690 interpretatione
3015 5621 3177 5675 lurus
3222 5619 3394 5678 versi-

1923 5711 1956 5745 l.
1994 5709 2175 5745 supra.

1830 5708 1956 5758 eun,
1994 5709 2175 5762 supra.
