4068 6310
720 317 824 372 559

1557 314 1616 374 S.
1654 314 2024 372 ATHANASH
2059 317 2210 372 OPP.
2255 317 2433 372 PARS
2471 317 2560 372 111.
2601 346 2672 356 --
2711 313 3117 370 EXECETICA.
3861 319 3956 374 560

731 436 933 490 frustra
967 436 1355 490 conturbamur
1402 433 1544 489 circa
1573 434 1845 489 mundana
1888 435 2157 490 desideria
2189 451 2281 490 nos

2395 433 2708 504 ρασσόμεθα
2753 432 2880 504 περὶ
2915 429 3183 500 κοσμικὰς
3237 429 3534 501 ἐπιθυμίας
3582 428 3956 500 στρεφόμενοι,

735 527 1029 592 volventes,
1057 543 1120 582 ac
1151 537 1503 596 congerentes
1555 527 1863 589 thesauros,
1895 541 2128 594 quorum
2185 527 2288 580 lue-

725 617 883 673 r'edes
903 616 1116 673 futuros
1152 633 1261 672 non
1293 618 1559 673 novimus.

2395 529 2487 580 καὶ
2519 527 2840 594 συνάγοντες
2883 526 3186 598 θησαυροὺς
3223 516 3296 578 ὧν
3345 523 3443 577 οὐκ
3476 525 3639 594 ἴσμεν
3681 521 3811 584 τοὺς
3851 520 3956 574 δια-

2395 618 2604 689 δόχους.

1425 735 1489 790 In
1521 735 1617 788 illa
1646 736 1798 790 verba
1825 736 1964 805 psal.
2001 750 2113 798 xu,
2147 753 2164 786 ι
2208 735 2663 802 Quemadmodum
2694 738 2960 792 desiderat
2997 753 3194 791 cervus.
3227 755 3245 788 ι

792 853 863 907 At
893 853 1190 908 secundum
1221 869 1447 924 magnos
1478 852 1835 907 Athanasium
1875 861 1931 906 et
1972 850 2237 923 Cyrillum
2271 870 2284 905 :

723 944 861 1012 Quia
903 945 956 998 in
989 947 1234 1016 proxime
1276 947 1610 1014 praecedente
1657 945 1868 1014 psalmo
1925 959 1991 996 ex
2052 959 2284 1012 persona

721 1037 923 1092 Christi
956 1039 1022 1092 ad
1071 1036 1288 1092 Patrem
1337 1038 1450 1091 haec
1482 1036 1626 1091 dicta
1660 1044 1787 1091 sunt
1819 1054 1831 1088 :
1870 1033 2062 1088 Excita
2101 1051 2201 1101 me,
2237 1044 2287 1089 et

721 1132 1009 1184 retribuam
1039 1132 1168 1198 ipsis
1205 1131 1270 1196 ",
1303 1129 1505 1183 idcirco
1542 1128 1631 1182 hic
1684 1127 1966 1183 Christum
2000 1127 2150 1182 cruci
2209 1126 2285 1181 af-

718 1225 1001 1294 ligentium
1067 1240 1294 1294 persona
1339 1222 1654 1289 inducitur,
1712 1222 1804 1292 qui
1871 1221 2286 1276 intolerabiliter

717 1316 1071 1380 laborabant;
1105 1333 1228 1371 cum
1253 1315 1603 1370 manifestum
1640 1315 1729 1378 sit,
1754 1331 1848 1369 cos
1877 1315 2091 1369 tandem
2127 1332 2284 1370 assu-

716 1407 944 1462 mendos
976 1423 1116 1469 esse,
1176 1409 1430 1471 insertos,
1475 1417 1532 1460 ut
1586 1407 1661 1459 ait
1712 1406 1915 1462 Paulus
1943 1409 2010 1472 ³³,
2051 1409 2285 1478 propria:

715 1499 864 1555 oleae.
900 1500 1007 1554 lsta
1049 1501 1210 1570 igitur
1235 1498 1398 1553 Israel
1430 1499 1754 1568 resipiscens
1783 1500 2042 1568 loquitur.

2471 853 2582 923 (65)
2615 853 2770 907 Κατὰ
2795 853 2851 906 δὲ
2899 854 3023 916 τοὺς
3055 854 3320 924 μεγάλους
3367 853 3688 908 Ἀθανάσιον
3722 852 3816 907 καὶ
3857 851 3957 906 Κύ-

2397 946 2594 1018 ριλλον·
2633 947 2892 1016 Ἐπείπερ
2939 947 2996 998 ὲν
3029 945 3106 1016 τῷ
3147 947 3254 1017 πρὸ
3290 946 3480 998 τούτου
3525 944 3733 1016 ψαλμῷ
3774 947 3836 998 ἐκ
3872 946 3956 997 τοῦ

2395 1041 2644 1111 Σωτῆρος
2668 1041 2802 1112 πρὸς
2829 1040 2917 1093 τὸν
2941 1040 3157 1111 Πατέρα
3178 1040 3388 1111 εἴρηται
3413 1058 3426 1070 ·
3470 1039 3846 1108 Ἀνάστησόν
3865 1057 3956 1110 με,

2394 1133 2490 1187 καὶ
2525 1132 2923 1186 ἀνταποδώσω
2952 1133 3174 1199 αὐτοῖς,
3223 1133 3317 1186 νῦν
3358 1133 3417 1186 τὸ
3459 1133 3571 1186 τῶν
3626 1135 3960 1206 ὲσταυρωκό-

2393 1244 2500 1280 των
2530 1227 2810 1279 ὑπόκειται
2837 1226 3145 1297 πρόσωπον,
3184 1226 3232 1279 οἳ
3266 1227 3597 1282 πεπόνθασιν
3633 1230 3911 1299 ἀνήκεστα
3944 1267 3958 1291 ,

2395 1319 2659 1390 προδήλου
2679 1319 2849 1386 ὄντος,
2878 1319 2951 1383 ὡς
2977 1319 3199 1391 ὕστερον
3219 1321 3755 1392 προσληφθήσονται,
3788 1324 3963 1388 ἐγκεν-

2395 1411 2723 1483 τρισθὲντες,
2758 1412 2834 1476 ὣς
2867 1430 3000 1484 φησι
3043 1413 3274 1479 Παῦλος,
3321 1418 3386 1486 τῇ
3425 1415 3529 1486 ἰδίᾳ
3573 1414 3756 1485 ἐλαίᾳ.
3790 1415 3961 1469 Μετα-

2397 1502 2680 1570 γινώσκων
2715 1499 2805 1557 οῦν
2831 1506 2858 1557 ὁ
2903 1502 3113 1574 Ἰσραὴλ
3138 1503 3310 1558 ταῦτα
3334 1522 3520 1574 φησιν.

1345 1611 1434 1666 Sic
1464 1629 1518 1664 tn
1555 1628 1727 1665 versus
1756 1621 2016 1665 scauentts
2048 1614 2222 1679 verba,
2261 1633 2278 1665 t
2314 1613 2490 1670 Siltvit
2517 1617 2694 1669 anima
2727 1633 2840 1671 mea
2865 1617 2934 1670 ad
2963 1617 3269 1673 Dominum.
3307 1637 3326 1670 ι

787 1727 1131 1782 Atnanastiet
1166 1725 1375 1796 Cyrillt.
1409 1724 1856 1794 Quandoquidem
1889 1728 1980 1796 qui
2006 1727 2282 1783 Christum
2317 1740 2358 1795 Β

715 1820 767 1874 in
790 1836 1009 1874 erucem
1045 1820 1299 1884 tulerant,
1337 1817 1522 1872 dolent
1573 1818 1639 1872 de
1670 1834 1768 1873 suo
1800 1834 1929 1873 casu
1987 1835 2051 1873 ac
2090 1821 2280 1890 resipi-

713 1921 891 1975 scunt,
928 1912 1129 1966 idcirco
1168 1910 1376 1975 dicunt,
1414 1925 1470 1963 se
1522 1910 1672 1964 sitire
1717 1909 1906 1978 Deum,
1959 1927 2022 1966 ac
2052 1911 2280 1978 fontem,

713 2005 806 2075 qui
857 2004 999 2074 apud
1049 2004 1224 2073 ipsum
1285 2012 1386 2066 est,
1423 2003 1736 2058 desiderare
1771 2025 1780 2058 :
1816 2005 1882 2059 de
1933 2021 2040 2074 quo
2078 2007 2281 2061 dictum

715 2110 835 2156 est:
870 2100 1009 2165 Quia
1033 2100 1171 2169 apud
1196 2111 1243 2154 te
1274 2110 1351 2153 est
1389 2100 1506 2170 fons
1539 2101 1735 2154 vitaz“.
1770 2099 2092 2155 Desiderant
2115 2102 2280 2156 etiam

711 2192 826 2247 Deo
875 2193 1332 2263 appropinquare,
1371 2191 1563 2246 aﬂ'ectu
1616 2193 1821 2248 scilicet
1868 2201 1920 2247 et
1973 2195 2283 2251 sanctiﬁca-

709 2289 862 2342 tione
888 2303 1008 2356 qua:
1063 2295 1144 2340 est
1190 2303 1284 2355 per
1342 2286 1499 2340 tidem
1545 2287 1597 2341 in
1631 2287 1868 2341 Christo.
1921 2285 1985 2340 Et
2022 2302 2182 2357 quem
2215 2286 2282 2341 ad

711 2387 940 2432 mortem
1000 2379 1331 2432 tradiderant
1388 2386 1552 2445 atque
1611 2377 2023 2445 interfecerant,
2079 2378 2283 2447 princia

710 2484 854 2539 pem,
902 2471 1146 2540 inquam,
1183 2470 1307 2523 vita:
1343 2478 1581 2532 nostrae,
1625 2484 1749 2523 eum
1794 2468 2066 2540 appellant
2108 2467 2280 2522 Deum

709 2564 999 2618 viventem.
1031 2563 1163 2617 Illud
1193 2578 1318 2616 vero
1346 2582 1358 2616 :
1411 2562 1637 2628 Quando
1690 2564 1934 2618 veniam?
1963 2561 2284 2616 desideran-

707 2653 844 2707 tium
896 2663 979 2708 est
1031 2655 1367 2709 vocationem
1409 2653 1670 2716 futuram,
1699 2661 1754 2708 ct
1795 2668 2126 2722 cognoscere
2183 2669 2281 2708 cu-

706 2746 972 2815 pientiutn
1014 2755 1226 2816 tempus
1288 2748 1439 2812 illud,
1493 2747 1544 2800 in
1582 2763 1691 2817 quo
1727 2747 1890 2800 etiam
1949 2746 2052 2814 ipsi
2092 2760 2280 2798 coram

707 2833 848 2890 facie
879 2835 974 2890 Dei
1000 2847 1052 2891 et
1077 2835 1255 2891 Patris
1279 2836 1645 2889 versabuntur
1698 2835 1855 2903 (quae
1882 2834 2072 2887 eadem
2107 2835 2276 2887 etiam

709 2926 830 2981 Filii
881 2927 1016 2997 est),
1076 2926 1425 2996 quantumvis
1490 2942 1634 2980 nunc
1691 2926 1800 2980 sint
1855 2941 1885 2979 a
1932 2924 2040 2980 Deo
2077 2925 2275 2980 aversi.

708 3021 962 3072 Avertam
995 3018 1160 3084 enim,
1193 3019 1388 3088 inquit,
1417 3019 1606 3073 oculos
1632 3034 1780 3073 meos
1806 3033 1836 3072 a
1871 3018 2043 3073 vobis.
2069 3017 2277 3084 Quam-

709 3112 935 3167 obrem?
969 3111 1161 3168 Manus
1187 3114 1331 3168 enim
1370 3125 1560 3168 vestrte
1593 3114 1762 3182 plena:
1789 3121 1919 3167 sunt
1965 3112 2252 3183 sanguine.
2305 3109 2348 3166 C

2470 1734 2826 1788 Ἀθανασίου
2870 1735 2968 1787 καί
3016 1736 3342 1803 Κυρίλλου.
3389 1734 3710 1804 Ἀλγοῦντες
3762 1735 3853 1788 ἐπὶ
3899 1737 3958 1806 τῇ

2391 1823 2661 1878 ὲκπτώσει
2699 1827 2746 1878 οἱ
2789 1826 3096 1896 σταυρωταὶ
3127 1824 3220 1877 τοῦ
3269 1825 3472 1895 Κυρίου
3513 1826 3607 1878 καὶ
3660 1825 3959 1896 μεταγινώ-

2394 1933 2630 1980 σκοντες,
2666 1916 2824 1988 διψῇν
2855 1916 3072 1986 λέγουσι
3104 1917 3194 1969 τὸν
3223 1915 3378 1980 Θεὸν,
3407 1916 3497 1969 καὶ
3526 1917 3624 1986 τῆς
3660 1917 3794 1987 παρ’
3822 1915 3960 1985 αὐτῷ

2391 2009 2574 2079 πηγῆς
2603 2008 2916 2079 ἐπιθυμεῖν·
2949 2009 3078 2079 περί
3116 2001 3182 2081 ἧς
3225 2007 3437 2079 εἴρηται
3457 2023 3471 2037 ⁸
3504 2007 3635 2060 Ὀτι
3676 2008 3836 2074 παρὰ
3868 2007 3959 2060 σοι

2389 2100 2550 2170 πηγὴ
2602 2099 2770 2170 ζωῆς.
2825 2101 2935 2155 Καὶ
2985 2099 3240 2155 ποθοῦσιν
3284 2101 3452 2168 ἐγγὺς
3498 2098 3758 2169 γενέσθαι
3810 2098 3956 2160 Θεοῦ,

2389 2192 2531 2245 κατὰ
2569 2192 2806 2245 διάθεσιν
2834 2195 2928 2246 καὶ
2951 2193 3221 2264 ἁγιασμδν
3246 2191 3336 2245 τὸν
3376 2192 3465 2245 διὰ
3506 2193 3751 2254 πίστεως
3783 2192 3882 2260 τῆς
3909 2193 3960 2244 ἐν

2389 2283 2628 2356 Χριστῷ.
2663 2285 2774 2338 Καὶ
2805 2283 2861 2336 ὃν
2892 2284 3243 2347 ἀπεκτόνασι,
3273 2284 3364 2336 τὸν
3398 2283 3638 2355 ἀρχηγὸν
3691 2283 3793 2352 τῆς
3824 2284 3960 2353 ζωῆς

2389 2374 2568 2446 ἡμῶν,
2603 2375 2696 2428 καὶ
2728 2373 2805 2446 τῷ
2832 2374 3044 2445 Θανάτῳ
3078 2374 3421 2445 παρέδωκαν,
3454 2376 3642 2428 τοῦτον
3681 2373 3816 2428 Θεὸν
3847 2376 3959 2428 ὀνο-

2391 2470 2622 2542 μάζουσι
2648 2467 2825 2533 ζῶντα
2853 2466 2987 2538 (66).
3024 2467 3096 2521 Τὸ
3119 2467 3196 2531 δὲ,
3231 2468 3380 2521 Πότε
3407 2466 3530 2533 ἥξω
3557 2483 3574 2529 ,'
3622 2465 3960 2539 γλιχομένων

2387 2563 2480 2616 ἐπὶ
2513 2563 2610 2632 τῆς
2639 2565 2718 2625 είς
2753 2560 2979 2631 ὕστερον
3011 2559 3275 2630 κλήσεως,
3305 2562 3396 2613 καὶ
3422 2559 3732 2630 ζητούντων
3776 2559 3960 2630 μαθεῖν

2386 2656 2476 2710 τὸν
2511 2650 2722 2726 καιρὸν,
2758 2651 2878 2707 καθ’
2918 2650 2976 2704 ὃν
3017 2652 3112 2705 καὶ
3140 2652 3293 2704 αὐτοὶ
3336 2653 3598 2722 ἐμφανεῖς
3626 2652 3845 2705 ἔσονται
3871 2651 3959 2705 τοῦ

2388 2746 2682 2817 προσώπου
2710 2744 2803 2798 τοῦ
2832 2743 2967 2797 Θεοῦ
3002 2745 3094 2797 καὶ
3126 2744 3340 2816 [ἰατρὸς
3392 2744 3606 2814 (ταυτὸν
3629 2744 3690 2797 δέ
3721 2746 3838 2797 ἐστι
3871 2746 3960 2797 καὶ

2385 2840 2462 2912 τῷ
2490 2839 2582 2894 τοῦ
2608 2837 2792 2909 Υἱοῦ)⁶
2822 2840 2868 2892 εί
2901 2837 2994 2890 καὶ
3022 2836 3117 2891 νῦν
3149 2839 3285 2894 εἰσιν
3318 2837 3375 2889 ὲν
3417 2837 3760 2908 ἀποστροφῇ.
3803 2837 3960 2890 Ἀπο-

2388 2933 2604 3006 στρέψω
2633 2933 2765 3002 γὰρ,
2797 2931 2955 3003 φησὶ,
2983 2930 3109 2994 τοὺς
3163 2929 3474 3000 ὀφθαλμούς
3521 2945 3621 3000 μου
3665 2930 3759 2998 ἀφ’
3787 2928 3956 3000 ὑμῶν.

2385 3023 2486 3076 Διὰ
2513 3023 2595 3087 τί;
2625 3023 2691 3075 Αἰ
2714 3021 2820 3093 γὰρ
2852 3024 3032 3093 χεῖρες
3066 3021 3220 3092 ὑμῶν
3242 3021 3472 3091 αἵματος
3496 3022 3745 3092 πλήρεις.

1871 3223 2097 3278 Rursum
2142 3226 2198 3277 in
2241 3239 2444 3278 versum
2488 3232 2801 3294 sequentem.

782 3345 1102 3399 Athanasius
1133 3353 1183 3395 et
1216 3342 1472 3411 Cyrillus.
1513 3340 1649 3407 Quia
1702 3340 1956 3395 Christus
2011 3339 2276 3410 praedixe-

704 3446 811 3501 rat,
841 3435 1096 3505 inquiens
1124 3454 1136 3488 :
1169 3432 1399 3500 Quando
1446 3432 1694 3488 videritis
1725 3433 2119 3505 Jerosolymam
2171 3434 2276 3486 cir-

708 3543 1045 3584 cumsessam
1083 3526 1278 3581 castris
1309 3527 1391 3591 '5;
1426 3526 1516 3579 ubi
1569 3526 1789 3579 verbum
1843 3526 1986 3579 istud
2040 3526 2092 3578 in
2140 3540 2278 3592 opus

710 3621 909 3690 erupit,
938 3619 1200 3675 Romanis
1227 3634 1344 3673 eam
1372 3619 1774 3687 diripientibus,
1809 3619 2086 3687 ejulabant
2112 3635 2124 3670 :
2173 3617 2280 3684 pri-

705 3731 855 3770 mttm
884 3714 1123 3784 quidem,
1155 3712 1300 3781 quod
1333 3720 1522 3765 contra
1551 3709 1719 3763 Deum
1747 3709 2153 3780 quodammodo
2181 3708 2276 3760 im-

706 3809 1015 3877 pegissent;
1047 3806 1242 3860 deinde
1269 3804 1415 3874 quod
1463 3804 1794 3857 excidissent
1842 3819 1870 3856 a
1908 3803 2105 3864 salute,
2155 3815 2276 3870 quae

707 3903 776 3956 ab
803 3902 918 3972 ipso
953 3909 1067 3966 est;
1101 3899 1259 3953 tertio
1287 3899 1541 3967 denique,
1575 3897 1724 3965 quod
1756 3896 1915 3949 vicini
1947 3896 2093 3962 ipsos
2124 3893 2275 3946 iuva-

705 3994 894 4049 denles
923 4007 1082 4061 atque
1109 3991 1372 4048 conviciis
1403 3992 1729 4045 insectantes
1753 3989 2031 4044 dicereut:
2075 3985 2173 4040 Ubi
2197 3993 2273 4039 est

703 4085 841 4140 Deus
875 4086 1032 4138 tuus?

2456 3338 2566 3409 (67)
2632 3335 2978 3402 Ἀθανάσιος
3021 3334 3118 3388 καὶ
3181 3335 3497 3402 Κύριλλος.
3551 3331 3658 3387 Τοῦ
3713 3333 3956 3405 Σωτῆρος

2385 3431 2739 3505 προειπόντος
2763 3446 2775 3460 ·
2815 3430 2982 3484 Ὅταν
3029 3428 3173 3499 ἴδητε
3204 3428 3304 3499 τὴν
3348 3425 3708 3498 Ἰερουσαλὴμ
3741 3427 3956 3481 κυκλουι

2389 3525 2558 3596 μένην
2592 3521 2697 3577 ὑπὸ
2747 3520 3157 3593 στρατοπέδωνο
3205 3521 3295 3574 ὅτε
3343 3519 3479 3584 πρὸς
3530 3519 3692 3590 ἔργον
3741 3518 3956 3590 ὲξέὸηὒ

2387 3616 2564 3686 λόγος,
2613 3613 2898 3685 Ῥωμαίων
2946 3612 3149 3674 αὐτοὺς
3203 3609 3611 3680 πορθησάντων.
3660 3608 3955 3680 ἐθρήνουν·

2386 3708 2601 3782 πρῶτον
2634 3706 2732 3777 μὲν
2761 3705 2836 3767 ὡς
2861 3699 3362 3773 προσκεκρουκότες
3391 3695 3510 3766 Θεῷ
3537 3712 3551 3726 ·
3588 3691 3711 3749 εἶτα
3741 3696 3822 3759 ὡς
3866 3695 3955 3765 τῆς

2383 3802 2443 3869 ἐξ
2476 3799 2640 3854 αὐτοῦ
2674 3797 2946 3868 σωτηρίας
2975 3791 3392 3853 ἐκπεπτωκότες
3412 3806 3425 3819 ·
3459 3790 3553 3842 καὶ
3598 3788 3786 3860 τρίτον
3809 3829 3824 3852 ,
3855 3788 3950 3840 ὄτι-

2384 3910 2491 3965 περ
2525 3889 2705 3954 αὐτοῖς
2733 3891 2782 3943 οἱ
2827 3886 3206 3956 ἀστυγείτονες
3245 3881 3667 3953 ἐπεμϐαίνοντες
3707 3880 3792 3947 τὺ,
3840 3877 3954 3934 Ποῦ

2382 3986 2552 4041 ἐστιν
2577 3986 2611 4038 ὀ
2650 3983 2793 4048 Θεός
2825 3995 2941 4034 σου
2957 3994 2978 4044 ;
3008 3976 3353 4049 διασύροντες
3402 3973 3603 4042 ἔλεγον.

1921 4233 1987 4288 In
2017 4232 2268 4303 ριόωιηὶο
2293 4229 2430 4300 psal.
2463 4242 2574 4282 XLII
2612 4224 2743 4297 (68).

766 4403 1072 4461 Athanasio
1104 4415 1236 4455 vero
1266 4399 1340 4452 illi
1370 4411 1566 4466 magno
1588 4397 1728 4450 idem
1764 4395 1981 4449 videtur
2009 4407 2130 4447 esse
2167 4392 2270 4444 hu-
2307 4396 2349 4449 ι)

698 4498 786 4566 ius
822 4497 1016 4565 psalmi
1046 4504 1421 4564 argumentum
1454 4500 1617 4560 atque
1670 4487 2040 4558 prareedentis.
2092 4486 2268 4539 Israe-

700 4589 809 4642 lita:
837 4588 981 4641 enim
1015 4600 1230 4640 rursum
1262 4582 1545 4640 accedunt.
1571 4580 1826 4641 salutent,
1861 4593 1980 4647 quze
2005 4591 2098 4645 per
2118 4573 2272 4629 Chri-

701 4691 844 4736 stum
882 4685 985 4742 est,
1024 4677 1384 4747 postulantes.
1422 4672 1547 4728 ldco
1603 4672 1957 4740 alloquuntur
2005 4668 2215 4722 Patrem
2251 4686 2262 4720 :

696 4772 900 4828 Emitte
935 4771 1102 4824 lucem
1139 4779 1285 4822 tuam
1322 4777 1370 4820 et
1421 4767 1691 4820 veritatem
1725 4772 1893 4815 luant.
1949 4759 2069 4830 Ipse
2118 4759 2266 4812 enim

697 4880 792 4919 eos
840 4865 894 4918 in
929 4870 1176 4917 sanctum
1209 4867 1448 4914 montem
1483 4856 1746 4910 ducturus
1800 4862 1955 4908 erat:
2024 4851 2126 4904 hoc
2157 4859 2261 4914 est,

697 4960 752 5011 in
788 4958 983 5012 caelum
1018 4964 1071 5009 et
1103 4968 1364 5023 supernas
1393 4951 1513 5004 illas
1540 4949 1849 5002 mansiones
1880 4947 1897 5015 (
1925 4961 2061 5015 quas
2095 4943 2260 4997 etiam

697 5050 1040 5106 tabernacula
1099 5045 1368 5116 appellat)
1404 5053 1457 5098 et
1512 5040 1578 5096 ad
1629 5041 1800 5094 altare
1850 5036 2259 5092 iutellectuale:

695 5146 811 5213 ipse
835 5140 998 5195 etiam
1030 5153 1220 5193 eorum
1245 5135 1646 5189 exhilaraturus
1673 5132 2036 5200 juventutctn.
2065 5125 2262 5181 Juven-

695 5246 861 5289 tutem
895 5248 1024 5286 vero
1080 5231 1314 5300 appellat
1359 5228 1619 5288 laetitiam,
1663 5233 1717 5277 et
1767 5231 2080 5278 renovatam
2122 5221 2262 5289 ipso-

693 5343 815 5382 rum
848 5327 1107 5380 auimam.
1135 5323 1287 5378 [inde
1318 5332 1369 5377 ct
1401 5321 1724 5391 promittunt
1751 5332 1808 5371 se
1835 5315 1936 5384 ipsi
1970 5315 2025 5368 iu
2045 5313 2256 5367 cithara

2462 4384 2766 4454 Ἀθανασίῳ
2797 4381 2854 4434 δὲ
2884 4377 2961 4450 τῷ
3001 4377 3142 4431 πάνυ
3172 4374 3270 4448 τὴν
3299 4372 3471 4444 αὐτὴν
3522 4370 3783 4425 ὑπόθεσιν
3818 4367 3954 4440 ἔχειν

2377 4481 2456 4551 τῷ
2501 4473 2927 4549 προτεταγμένῳ
2957 4472 3051 4526 καὶ
3073 4471 3101 4523 ὁ
3134 4467 3321 4541 παρὼν
3341 4467 3490 4521 δοκεῖ
3514 4464 3750 4536 ψαλμός.
3781 4465 3953 4535 Προσ-

2379 4575 2628 4646 έρχονται
2677 4568 2784 4639 γὰρ
2816 4566 2975 4620 πάλιν
3013 4566 3062 4616 οί
3094 4563 3154 4629 ἐξ
3191 4559 3410 4632 Ἰσραὴλ
3436 4559 3534 4630 τὴν
3579 4557 3669 4611 διὰ
3717 4553 3950 4628 Χριστοῦ

2382 4663 2654 4736 σωτηρίαν
2710 4659 3036 4732 αἰτούμενοι.
3091 4656 3183 4709 Διό
3227 4669 3359 4724 φασι
3393 4651 3528 4722 πρὸς
3557 4650 3647 4704 τὸν
3679 4649 3902 4721 Πατέρα
3934 4661 3950 4678 ⁸

2393 4755 2860 4820 Ἐξαπόστειλον
2911 4749 2977 4803 τὸ
3025 4749 3150 4819 φῶς
3196 4763 3312 4801 σου
3340 4745 3436 4800 καί
3490 4742 3605 4811 τὴν
3659 4741 3950 4808 ἀλήθειάν

2374 4866 2511 4905 σου.
2547 4849 2718 4911 Αὐτὸς
2747 4846 2854 4916 γὰρ
2902 4845 3097 4906 αὐτοὺς
3148 4843 3226 4904 είς
3261 4841 3321 4894 τὸ
3356 4839 3507 4907 ἅγιον
3560 4836 3689 4909 ὅρος
3719 4835 3949 4901 εἰσάξειν

2374 4941 2594 5012 ἔμελλε·
2635 4938 2930 5000 τουτέστιν,
2972 4937 3051 4998 είς
3082 4934 3173 4986 τὸν
3215 4931 3443 5005 οὐρανὸν
3482 4930 3574 4982 καὶ
3607 4929 3691 4991 είς
3716 4927 3818 4990 τὰς
3845 4926 3948 4980 ἄνω

2377 5034 2543 5105 μονὰς
2567 5031 2651 5102 (ἃς
2675 5031 2768 5084 καὶ
2815 5027 3145 5099 σκηνώματα
3173 5023 3472 5096 ὀνομάζει),
3503 5023 3598 5076 καὶ
3622 5023 3706 5084 είς
3736 5020 3799 5074 τὸ
3828 5035 3946 5088 νοη-

2371 5129 2462 5182 τὸν
2497 5125 2908 5194 θυσιαστήριονο
2945 5121 3038 5175 καὶ
3068 5118 3227 5180 αὐτὸς
3256 5114 3434 5169 αὐτῶν
3464 5113 3692 5185 ἔμελλεν
3727 5109 3948 5181 εὐφραί·

2373 5234 2485 5273 νειν
2508 5215 2604 5285 τὴν
2632 5214 2879 5282 νεότητα.
2915 5209 3160 5280 Νεότητα
3187 5208 3242 5260 δὲ
3273 5204 3427 5260 καλεί
3453 5205 3550 5275 τὴν
3586 5204 3944 5274 εὐφροσύνην,

2371 5311 2469 5381 τὴν
2497 5308 2590 5361 καὶ
2612 5304 3012 5375 ἁνανεουμέννν
3045 5301 3224 5358 αὑτῶν
3268 5300 3366 5371 τὴν
3393 5297 3591 5368 ψυχήν.
3627 5294 3722 5348 Διὸ
3776 5296 3835 5348 ὲν
3872 5309 3945 5344 κι-

758 5508 804 5539 ²²
834 5503 974 5559 Psal.
1005 5520 1092 5571 XL,
1125 5505 1210 5558 Η.
1288 5503 1334 5533 ’³
1373 5503 1530 5553 Rom.
1569 5514 1643 5561 SI,
1683 5497 1772 5549 Ἡ.
1852 5493 2060 5548 “Psal.
2099 5507 2264 5554 sxw,

2430 5489 2474 5521 ’⁵
2504 5487 2635 5541 Luc.
2663 5499 2775 5549 xxx,
2809 5482 2897 5538 43.

762 5669 873 5739 (65)
906 5668 1235 5740 Expressttm
1270 5682 1332 5719 ex
1372 5664 1814 5740 interpretatione
1850 5662 2011 5728 hujus
2036 5657 2248 5731 psalmi.

766 5736 876 5810 (66)
913 5736 1033 5797 Htéc
1061 5739 1324 5795 habentur
1349 5753 1507 5806 supra
1533 5736 1596 5790 ad
1630 5737 1770 5792 hunc
1803 5749 2040 5791 versum.

2443 5656 2553 5724 (61)
2589 5654 2711 5707 ηερε
2740 5669 2845 5706 non
2867 5649 3137 5707 habentur
3165 5644 3416 5718 superius
3442 5643 3509 5702 ad
3540 5644 3690 5701 hunc
3709 5651 3941 5702 versum.

2440 5727 2550 5797 (68)
2590 5725 2719 5782 Vide
2751 5725 2880 5778 ibid.
