4090 6312
138 408 234 468 581

1141 408 1564 469 FRAGMENTA
1601 408 1954 466 COMMENT.
1997 406 2065 463 IN
2100 405 2434 462 PSALMOS.

3255 406 3355 460 σεε

139 523 272 595 θάρα
301 521 686 595 ὑπισχνοῦνται
713 521 1040 596 προσφὲρειν
1069 524 1216 595 αὐτῷ
1253 525 1350 597 τὴν
1376 527 1691 596 ἐξομολόγη-

1801 523 2078 576 oblaturos
2125 519 2543 575 confessionem.
2597 517 2700 574 Per
2735 518 2994 574 citharam
3037 532 3169 574 vero
3216 533 3351 588 saepe

139 628 237 668 σιν.
265 613 515 685 Κιθάραν
542 613 598 667 δὲ
625 613 883 676 πολλάκις
908 613 968 666 τὸ
1011 611 1169 684 σῶμα
1200 617 1337 668 νοεῖν
1370 614 1621 680 ἐδίδαξεν.

1802 629 1999 684 corpus
2034 612 2258 681 intelligi
2283 611 2487 667 docuit.

728 767 798 824 Et
824 770 878 822 in
900 769 1133 839 ejusdem
1154 771 1347 838 psalmi
1369 772 1541 838 verba,
1574 790 1592 822 ι
1627 771 1761 834 Quia
1786 780 1841 823 tu
1872 786 1924 823 es
1955 772 2094 827 Deus
2127 769 2384 842 fortitudo
2413 784 2548 836 mea,
2587 785 2604 819 ι
2631 785 2677 822 v.
2712 767 2766 821 2.

203 921 320 999 (69)
353 926 712 993 Ἀθανὰσιος,
743 927 1058 995 Κύριλλος,
1089 926 1472 995 Θεοδώρητος.
1503 926 1611 979 Καὶ
1639 927 1687 979 οί

133 1021 192 1074 ἐκ
213 1022 514 1092 περιτομῆς
535 1018 1024 1091 μεταγινώσκοντες
1040 1021 1364 1092 κραταίωμα
1378 1019 1581 1073 ἑαυτῶν
1600 1020 1688 1072 τὸν

131 1112 258 1167 Θεὸν
305 1113 732 1184 ἐπιγράφονται*
764 1112 857 1165 καὶ
903 1111 952 1164 οἱ
997 1111 1055 1176 ἐξ
1100 1111 1269 1165 ἐθνῶν
1304 1112 1689 1174 πιστεύσαντες

129 1204 314 1258 τοῦτον
365 1204 517 1274 ίσχὺν
571 1205 774 1256 ἑαυτῶν
813 1203 1084 1257 τίθενται’
1135 1204 1228 1256 καὶ
1259 1207 1305 1256 oi
1361 1203 1689 1273 αἰχμάλωτοι

130 1293 256 1364 παρ’
283 1293 444 1347 ἄλλου
480 1292 814 1364 λυτρωθῑψαι
841 1293 939 1346 οὐκ
975 1291 1301 1356 ἐλπίζουσιν.

1866 926 2211 988 Athanasius,
2239 925 2494 994 Cyrillus,
2538 922 2912 976 Theodoretus.
2939 920 3005 976 Et
3029 922 3118 992 qui
3150 937 3213 977 ex
3247 922 3350 977 cir-

1791 1019 2126 1073 cumeisione
2156 1017 2506 1086 resipiscunt,
2556 1013 2725 1068 Deum
2759 1013 3159 1068 ﬁrmamentum
3194 1029 3351 1068 suum

1793 1109 2169 1178 appellantzet
2199 1107 2290 1175 qui
2321 1121 2383 1159 ex
2423 1103 2670 1173 gentibus
2694 1142 2708 1166 ,
2749 1102 2924 1171 ipsum
2981 1101 3353 1157 fortitudinem

1795 1216 1948 1254 suam
1982 1198 2167 1252 dicunt
2198 1216 2209 1249 :
2252 1207 2305 1250 et
2333 1197 2427 1265 qui
2477 1195 2671 1264 captivi
2706 1205 2852 1255 sunt,
2886 1194 2954 1248 ab
2984 1193 3090 1248 alio
3118 1209 3177 1249 se
3223 1193 3356 1248 libe-

1796 1289 1996 1344 randos
2027 1304 2132 1340 non
2167 1296 2405 1355 sperant.

627 1450 760 1507 Item
792 1453 847 1506 in
883 1451 985 1505 ista
1018 1450 1190 1512 verba,
1233 1470 1251 1501 ι
1287 1450 1585 1520 Conﬁtebor
1609 1447 1702 1501 tibi
1729 1449 1781 1500 iu
1815 1449 2044 1511 cithara,
2081 1449 2240 1512 Deus,
2279 1445 2416 1499 Deus
2447 1463 2608 1509 meus,
2652 1467 2670 1498 ι
2699 1465 2744 1501 υ.
2779 1445 2832 1502 ι.

209 1611 586 1678 Ἀθανὰσιος,
614 1608 926 1677 Κύριλλος.
963 1604 1206 1675 Κιθάραν
1235 1604 1294 1658 τὸ
1337 1605 1493 1674 σῶμα
1521 1603 1684 1671 λέγει,

126 1701 188 1754 δι’
217 1696 278 1754 οῦ
307 1701 549 1768 πέφυκεν
589 1700 616 1752 ό
645 1698 765 1761 νοῦς
811 1695 1245 1766 ἀνακρούεσθαι,
1297 1694 1544 1765 καθάπερ
1599 1693 1686 1747 δια

1871 1603 2213 1664 Athanasius,
2248 1601 2500 1670 Cyrillus.
2532 1599 2807 1655 Citharam
2854 1602 3086 1672 appellat
3135 1618 3355 1674 corpus,

1795 1709 1902 1761 quo
1946 1709 2098 1747 mens
2138 1709 2230 1762 per
2281 1686 2474 1748 sens'us
2524 1693 2680 1761 quasi
2711 1707 2804 1761 per
2832 1694 3066 1750 chordas
3094 1696 3354 1765 quasdam

127 1790 331 1862 χορδῶν
362 1790 472 1844 τῶν
498 1787 861 1859 αἰσθητηρίων
897 1785 1158 1856 μελῳδίαν
1187 1784 1521 1854 ἀναπέμπων
1549 1782 1686 1853 Θεῷ.

1798 1788 2068 1841 canticum
2103 1786 2209 1840 Deo
2236 1801 2452 1840 sursum
2481 1787 2662 1839 mittit.
2695 1784 2975 1853 Signiﬁcat
3024 1801 3153 1841 vero
3184 1787 3356 1841 citha»

128 1878 287 1947 Δηλοί
317 1877 377 1930 δέ
408 1878 442 1948 ἡ
482 1874 679 1943 κιθάρα
717 1873 811 1925 καὶ
857 1873 955 1941 τὴν
990 1871 1252 1939 νέκρωσιν
1283 1870 1374 1921 τοῦ
1401 1868 1648 1938 σώματος
1672 1907 1687 1930 ,

126 1971 214 2022 καὶ
241 1969 339 2040 τὴν
355 1966 665 2038 συμφωνίαν
685 1964 791 2018 τῶν
811 1963 1037 2036 ἀρετῶν.
1059 1963 1168 2033 Τὴν
1194 1963 1291 2031 μὲν
1306 1961 1412 2032 γάρ
1427 1961 1691 2032 νέκρωσιν

127 2062 179 2113 al
213 2061 424 2131 νευραὶ,
447 2059 543 2130 τὴν
567 2059 622 2112 δὲ
647 2057 958 2128 συμφωνίαν
991 2058 1047 2108 αἱ
1076 2056 1326 2126 ἁρμονίαι
1349 2056 1687 2110 αἰνίττονται.

128 2151 336 2215 Ἔδειξε
357 2150 414 2203 δὲ
434 2150 529 2222 τὴν
550 2151 646 2220 μὲν
664 2150 989 2220 φαιδρότητα
1003 2151 1068 2218 τῇ
1091 2149 1186 2218 τῆς
1209 2148 1437 2219 κιθάρας
1453 2149 1693 2219 προσθή-

126 2255 215 2311 κῃ,
230 2239 327 2310 τὴν
347 2240 406 2293 δὲ
426 2239 644 2309 ἀγάπην
660 2240 716 2292 ἐν
731 2242 794 2310 τῇ
817 2239 1191 2310 προσφωνήσει
1205 2241 1270 2308 τῇ
1283 2238 1362 2301 δὶς
1383 2237 1692 2308 ἐπαναλαμ-

126 2331 416 2403 6ανομένῃο
435 2331 496 2383 '0
509 2330 650 2395 Θεὸς
665 2329 789 2401 γὰρ,
803 2329 984 2398 φησὶν,
1005 2331 1035 2382 ό
1055 2331 1197 2394 Bede
1213 2329 1474 2397 μου.”1να
1495 2328 1690 2402 μάθῃς,

125 2422 202 2475 ὅτι
221 2423 312 2475 τὸν
335 2422 429 2474 ἐπὶ
447 2422 661 2474 πάντων
679 2421 830 2485 Θεὸν,
849 2419 1033 2474 τοῦτον
1051 2420 1325 2490 ἐξαίρετον
1342 2420 1470 2474 Θεὸν
1491 2420 1577 2473 διὰ
1594 2420 1661 2491 ζῆ
1676 2451 1692 2462 -

128 2513 214 2565 λον
243 2513 341 2565 καὶ
367 2513 546 2564 πίστιν
582 2512 630 2563 οί
656 2513 719 2563 ἐκ
741 2511 1038 2582 περιτομῆς
1062 2508 1576 2579 μεταγινώσκοντες,
1599 2514 1693 2565 καὶ

127 2603 175 2656 ol
206 2601 267 2668 ἐξ
301 2603 470 2657 ἐθνῶν
524 2602 864 2665 πιστεύοντες
920 2601 1316 2672 ,ἐπιγράφονται
1355 2616 1368 2630 ’
1405 2596 1486 2665 οἷς
1521 2606 1612 2655 καὶ
1657 2605 1690 2673 ἡ

129 2695 472 2766 πνευματικὴ
497 2695 683 2763 νεότης
708 2693 1076 2765 εὐφραίνεται,
1097 2693 1480 2763 ἀντικειμένως
1499 2695 1695 2764 ἔχουσα

293 2787 386 2840 τὸν
430 2786 658 2840 παλαιὸν
684 2785 986 2857 ἄνθρωπον.
1016 2786 1190 2848 Μόνος
1239 2785 1346 2856 γὰρ
1375 2789 1403 2839 ὁ
1428 2787 1696 2856 πνεύματι

131 2876 220 2928 καὶ
253 2876 565 2946 φρονήματι
593 2875 795 2939 νεάζων
823 2874 1094 2942 συγγενῶς
1129 2874 1205 2942 τῷ
1231 2875 1400 2944 καινῷ
1428 2876 1697 2949 ἀνθρώπῳ

127 2967 217 3017 καὶ
240 2970 306 3036 τῇ
334 2968 608 3036 καινότητι
634 2965 727 3018 τοῦ
746 2965 1046 3035 πνεύματος
1067 2965 1253 3018 εἴσεισι
1281 2966 1414 3038 πρὸς
1432 2967 1520 3020 τὸν
1543 2967 1693 3035 Θεὸν,

130 3055 216 3108 τὸν
243 3059 608 3130 εὐφραίνοντα
635 3058 731 3129 τὴν
755 3060 1003 3130 τοιαύτην
1036 3060 1282 3128 νεότητα.

1795 1895 1872 1942 ra,
1907 1889 2020 1932 tum
2073 1879 2543 1933 mortiﬁcationem
2601 1877 2867 1948 corporis,
2897 1885 3010 1931 tum
3043 1892 3357 1933 consonan-

1795 1970 1922 2024 tiam
1961 1970 2244 2024 virtutum.
2277 1969 2409 2022 Nam
2457 1970 2954 2031 mortiﬁcationem,
2997 1970 3181 2024 nervi:
3224 1984 3356 2023 con-

1793 2063 2104 2117 sonantiam
2143 2078 2271 2117 vero
2332 2063 2630 2117 harmonia:
2658 2062 2910 2116 innuunt.
2954 2061 3358 2117 Demonstravit

1794 2162 1972 2208 autem
2011 2153 2340 2206 hilaritatem
2369 2152 2584 2222 quidem
2636 2151 2940 2219 adjectione
2970 2152 3225 2207 citharae:
3274 2151 3357 2206 di-

1793 2247 2080 2300 lectionem
2117 2253 2319 2309 autem,
2357 2246 2409 2299 in
2450 2245 2777 2298 allocutione
2827 2244 2916 2296 illa
2965 2244 3050 2297 bis
3107 2244 3353 2313 repetita.

1793 2337 1928 2392 Nam
1976 2339 2197 2407 inquit:
2243 2337 2378 2391 Deus
2436 2335 2574 2390 Deus
2602 2352 2794 2390 meus:
2851 2345 2909 2389 ut
2963 2336 3143 2389 discas
3208 2334 3354 2404 quod

1795 2429 1963 2486 Deum
2001 2432 2174 2496 illum,
2203 2431 2292 2500 qui
2323 2445 2484 2498 supra
2518 2429 2696 2484 omnia
2727 2437 2829 2491 est,
2857 2431 2999 2481 hunc
3038 2426 3208 2480 Deum
3236 2425 3355 2480 exi-

1795 2523 1963 2576 mium
2019 2532 2237 2592 propter
2273 2521 2447 2575 zelum
2480 2530 2532 2575 et
2574 2520 2753 2586 ﬁdem,
2793 2519 2884 2588 qui
2941 2534 3004 2572 ex
3064 2516 3356 2572 circumci-

1796 2615 1946 2669 sione
1972 2615 2334 2683 resipuerunt,
2372 2623 2424 2666 et
2455 2613 2546 2682 qui
2585 2628 2648 2667 ex
2685 2613 2936 2681 gentibus
2969 2610 3314 2665 crediderunt
3338 2650 3353 2672 ,

1797 2705 2085 2773 appellant.
2132 2704 2342 2768 Quibus
2380 2702 2542 2756 etiam
2583 2702 2881 2770 spiritualis
2919 2701 3178 2768 juventus
3203 2699 3354 2752 laeta-

1797 2805 1907 2859 tur,
1934 2810 2245 2866 repugnans
2279 2793 2443 2847 veteri
2481 2793 2708 2847 homini.
2765 2791 2856 2845 llle
2897 2792 3040 2845 enim
3080 2792 3228 2846 solus
3262 2805 3356 2844 ac-

1798 2888 2028 2941 eeditad
2069 2887 2234 2939 Deum
2275 2884 2668 2939 exhilarantem
2731 2883 2996 2953 ejusmodi
3050 2883 3352 2951 juventam,

1797 2976 1888 3041 qui
1925 2977 2117 3044 spiritu
2154 2982 2207 3028 et
2254 2983 2433 3028 mente
2478 2983 2772 3030 renovatur
2825 2973 3182 3029 consimiliter
3213 2986 3355 3028 novo

1800 3065 2008 3118 homini
2043 3074 2096 3119 et
2124 3065 2351 3118 novitati
2381 3064 2626 3134 spiritus.

1327 3216 1393 3271 Et
1423 3219 1473 3272 in
1509 3221 1754 3288 prommio
1783 3220 1920 3290 psal.
1960 3235 2110 3274 sun.

219 3370 308 3442 70)
345 3369 505 3425 Κατὰ
539 3387 633 3440 μεν
655 3387 743 3422 τον
785 3370 952 3440 μέγαν
1001 3369 1335 3433 ’Λθανάσιον,
1363 3372 1443 3423 ἔτι
1475 3373 1568 3425 καὶ
1606 3363 1691 3425 οῦ-

1873 3373 2178 3428 Secundum
2209 3373 2429 3440 quidem
2471 3388 2722 3442 magnum
2775 3373 3152 3434 Athanasium,
3197 3375 3358 3429 etiam

127 3479 215 3526 τος
245 3466 272 3517 ὁ
297 3462 512 3532 ψαλμδς
564 3462 661 3530 τῆς
693 3461 861 3530 αὐτῆς
905 3461 1207 3526 ὑποθέσεως
1259 3462 1458 3532 ἔχεται,
1510 3465 1604 3528 τάς
1638 3482 1695 3516 τε

128 3553 361 3615 παλαιὰς
415 3551 728 3621 εὐεργεσίας
773 3551 1138 3624 διηγουμένων
1187 3554 1293 3606 τῶν
1333 3551 1390 3620 ἐξ
1459 3555 1689 3626 Ἰσραὴλ,

131 3641 645 3711 μεταγινωσκόντων
672 3643 764 3696 καὶ
792 3643 1194 3715 προσληφθῆναι
1224 3643 1512 3709 ἀξιούντων
1546 3647 1692 3716 παρὰ

127 3731 388 3802 Χριστοῦ.
422 3730 511 3784 διὰ
536 3731 595 3784 τὸ
624 3732 769 3802 αὐτῷ
803 3733 1199 3803 ἐπιγράφεσθαι
1225 3737 1323 3805 τὴν
1360 3735 1567 3798 ἐλπίδα,
1601 3735 1693 3788 καὶ

128 3825 220 3878 ἐπὶ
249 3824 326 3895 τῷ
356 3823 581 3894 ὀνόματι
616 3824 776 3876 αὐτοῦ
820 3823 1252 3893 ἐξομολογεῖσθαι
1278 3841 1290 3852 ’
1326 3826 1463 3878 κατὰ
1507 3827 1562 3879 δὲ
1604 3829 1693 3880 τὸν

128 3917 458 3986 χρυσολόγον
485 3914 717 3985 Πατέρα,
754 3931 811 3969 κ.
832 3932 882 3968 τ.
902 3915 950 3967 λ.

892 4073 1025 4129 Item
1056 4077 1107 4129 in
1143 4075 1240 4129 illa
1275 4078 1427 4130 verba
1461 4080 1713 4144 ejusdem,

183 4231 300 4301 (71)
318 4233 681 4297 Ἀθανάσιος.
696 4231 886 4294 Πάλαι,
906 4229 1058 4300 φησὶ,
1083 4235 1534 4302 συνεστρατήγεις
1548 4233 1696 4300 ἡμῖν’

131 4323 220 4379 θῦν
252 4325 309 4377 δὲ
345 4325 406 4378 οὐ
444 4323 601 4395 μόνον
630 4324 689 4374 οὐ
716 4321 944 4394 συνέρχῃ
975 4323 1126 4392 ἡμῖν,
1157 4320 1289 4373 ἀλλὰ
1314 4324 1406 4374 καὶ
1436 4322 1697 4392 ἀπέστρε-

123 4417 233 4484 ςρας
274 4417 421 4487 ἡμᾶς
448 4456 462 4479 ,
512 4413 605 4466 καὶ
649 4414 906 4483 ἐσχάτους
941 4413 1131 4479 ἔταξας
1180 4413 1379 4476 παντὸς
1430 4413 1687 4467 ἐναντίου·

120 4505 198 4571 ὠς
231 4510 330 4561 καὶ
389 4509 499 4570 τοῖς
549 4506 795 4577 μισοῦσιν
841 4507 984 4577 ἡμᾶς
1035 4506 1285 4576 γενέσθαι
1335 4508 1413 4570 εἰς
1465 4508 1691 4579 διαρπα-

124 4601 248 4669 γήν.
329 4600 441 4652 Καὶ
492 4600 846 4671 περιέστηκεν
902 4601 1047 4669 ἡμᾶς
1092 4602 1125 4670 ὴ
1177 4598 1295 4650 τότε
1350 4598 1691 4669 κατασχοῦσα

123 4690 252 4753 τοὺς
280 4689 574 4758 πολεμίους
607 4690 854 4760 αἰσχύνη,
880 4689 972 4742 καὶ
999 4689 1298 4758 γεγόναμεν
1324 4689 1692 4758 ἠλαττωμένοι

123 4783 257 4850 παρ’
289 4780 519 4842 ἐκείνοις
567 4775 640 4832 ὧν
672 4778 1005 4850 ἐκρατοῦμεν
1029 4780 1088 4832 τὸ
1122 4780 1402 4851 πρότερον,
1434 4781 1524 4832 καὶ
1548 4778 1695 4848 διηρ-

122 4868 420 4939 πάσθημιν
452 4870 542 4922 ὐπ’
596 4869 773 4922 αὐτῶν
821 4868 912 4930 οῦς
961 4869 1358 4939 διηρπάσαμεν.
1411 4868 1590 4921 Ταῦτα
1639 4869 1694 4920 δέ

122 4976 290 5032 φησιν
339 4961 368 5012 ό
404 4960 560 5031 χορὸς
590 4961 618 5012 ὁ
649 4961 979 5032 προφητικὺς
1021 4961 1159 5015 κατὰ
1200 4961 1288 5013 τὸν
1333 4962 1501 5030 μέγαν
1540 4960 1694 5014 Ἀθα-

122 5056 312 5106 νάσιον
347 5053 483 5116 (72),
511 5053 873 5124 οἱκοιούμενος
917 5053 1010 5107 τοῦ
1060 5053 1188 5107 λαοῦ
1230 5054 1326 5117 τὰς
1373 5055 1654 5124 συμφοράς
1681 5072 1694 5085 ·

122 5147 264 5199 κατά
296 5146 356 5197 δὲ
380 5146 504 5206 τοὺς
532 5143 742 5209 ἄλλους,
774 5148 802 5198 ὁ
827 5146 933 5198 τῶν
962 5145 1332 5200 Μακκαϐαίων
1374 5149 1620 5216 στρατός.

1805 3464 1891 3517 hic
1923 3466 2162 3533 psalmus
2215 3465 2456 3532 ejusdem
2491 3464 2794 3533 argumenti
2852 3474 2935 3516 est
2982 3479 3103 3516 eum
3160 3480 3357 3533 praece-

1797 3555 2066 3617 dentihns,
2122 3570 2186 3609 eo
2221 3555 2364 3624 quod
2415 3564 2636 3607 narrent
2671 3554 2925 3608 Israelita:
2965 3561 3145 3608 vetera
3182 3553 3272 3609 Dei
3305 3555 3358 3623 in

1801 3664 1857 3701 se
1886 3647 2168 3707 beneﬁcia,
2203 3663 2264 3700 ac
2296 3647 2676 3714 resipiscentes
2707 3652 2862 3698 orent
2901 3645 3069 3714 recipi
3120 3661 3148 3698 a
3199 3647 3360 3699 (Ebri-

1804 3747 1908 3801 sto,
1941 3749 2222 3808 propterea
2287 3738 2428 3806 quod
2465 3750 2613 3803 spem
2671 3751 2824 3789 suam
2860 3736 2912 3788 in
2951 3737 3069 3805 ipso
3108 3746 3311 3805 ponant
3343 3774 3358 3797 ,

1803 3841 1855 3883 et
1887 3831 2090 3882 nomini
2146 3829 2316 3898 ipsius
2370 3830 2730 3881 conﬁteantur
2764 3841 2777 3878 :
2816 3837 2870 3879 at
2913 3827 3212 3880 secundum
3265 3841 3361 3881 au-

1804 3934 1926 3972 reos
1957 3932 2239 3971 sermones
2275 3916 2590 3971 fundentem
2623 3915 2856 3982 Patrem,
2897 3925 3000 3970 etc.

1756 4096 1774 4127 ι
1807 4077 2122 4132 Convertiin
2165 4094 2255 4132 nos
2289 4091 2590 4132 retrorsum.

1883 4234 2222 4288 Athanasius.
2240 4231 2399 4294 Olim,
2419 4229 2611 4299 inquit,
2627 4229 2790 4284 simul
2807 4227 3086 4283 nobiscum
3104 4227 3166 4282 ad
3182 4228 3361 4299 praelia

1804 4325 1990 4379 exibas
2020 4338 2193 4377 :nunc
2222 4339 2346 4376 vero
2370 4337 2473 4375 non
2498 4320 2655 4374 modo
2685 4336 2792 4375 non
2822 4320 3072 4390 adjungis
3103 4329 3155 4373 te
3184 4319 3360 4382 nobis,

1801 4417 1893 4470 sed
1910 4423 1961 4470 et
1980 4412 2218 4468 arertisti
2243 4429 2362 4474 nos,
2385 4420 2438 4466 et
2455 4411 2732 4481 subjecisti
2765 4428 2864 4466 nos
2881 4411 3132 4465 omnibus
3165 4411 3363 4464 nostris

1798 4509 2048 4568 inimicis,
2065 4505 2199 4561 adeo
2213 4516 2272 4559 ut
2292 4507 2452 4560 etiam
2477 4504 2655 4574 prada
2676 4503 2801 4558 facti
2821 4504 2992 4558 simus
3017 4503 3142 4556 odio
3163 4501 3361 4556 haben-

1799 4600 1941 4652 tibus
1965 4613 2084 4652 nos.
2132 4597 2552 4668 Comprehendit
2580 4593 2741 4648 etiam
2772 4611 2871 4650 nos
2911 4593 3363 4665 ignominia,qute

1799 4692 1924 4746 olim
1945 4689 2194 4744 inimicos
2218 4699 2433 4743 nostros
2452 4688 2686 4751 tenebat,
2707 4697 2760 4742 et
2778 4688 2984 4742 subacti
3007 4701 3196 4741 sumus
3211 4685 3279 4738 ab
3298 4687 3362 4739 iis

1801 4781 1995 4848 quibus
2010 4790 2132 4833 ante
2151 4780 2587 4842 dominabamur,
2605 4779 2799 4848 direpti
2821 4779 3054 4847 denique
3078 4791 3269 4830 sumus
3296 4777 3364 4828 ab

1805 4869 1869 4923 iis
1902 4884 2040 4939 quos
2066 4869 2408 4938 diripuimus.
2451 4867 2574 4925 llaec
2601 4883 2763 4939 porro
2785 4866 2948 4921 verba
2979 4881 3042 4920 ex
3095 4864 3362 4920 sententia

1805 4960 1985 5030 magni
2019 4960 2303 5015 Athanasii
2349 4970 2477 5016 sunt
2525 4960 2678 5014 ebori
2722 4956 3045 5027 prOphetici,
3079 4953 3361 5009 calamita-

1805 5064 1885 5108 tes
1918 5053 2102 5122 populi
2161 5054 2316 5123 quasi
2357 5053 2459 5106 sibi
2513 5052 2686 5107 factas
2736 5050 3084 5120 reputantis:
3141 5057 3201 5102 ut
3234 5061 3364 5102 vero

1805 5147 1925 5199 aliis
1957 5147 2153 5215 placet,
2186 5146 2458 5200 exercitus
2489 5143 2941 5198 Machabteorum.

761 5301 986 5354 Rursum
1028 5301 1081 5354 in
1118 5302 1267 5355 verba
1296 5317 1313 5354 :
1349 5320 1367 5352 ι
1400 5301 1734 5356 Oblivisceris
1764 5304 2091 5369 paupertatis
2127 5311 2340 5365 nostra,
2380 5321 2398 5352 ι
2433 5312 2556 5366 εις..
2589 5318 2638 5356 υ.
2668 5301 2756 5354 23.

192 5419 312 5486 (73)
373 5416 731 5483 Ἀθαγὰσιος.
781 5419 973 5489 Ὕπνῳ
1022 5420 1118 5488 μὲν
1165 5416 1260 5472 οὖν.
1302 5419 1702 5492 παραῦάλλουσι

193 5579 311 5650 (69)
340 5575 488 5632 Nihil
521 5578 716 5632 horum
754 5576 982 5633 habetur
1007 5579 1256 5648 superius
1289 5580 1354 5633 ad
1393 5581 1535 5635 hunc
1563 5597 1700 5652 psal-

124 5665 316 5789 ωῗὲῐίί)
351 5717 674 5789 Hujusmodi
702 5731 1108 5789 argumentum.
1130 5721 1270 5789 quod
1305 5721 1515 5777 videtur
1566 5738 1694 5780 sane

172 5788 448 5856 thaliasii,’
479 5805 586 5845 non
627 5788 937 5842 habetur-in
973 5788 1413 5851 Expositionibus.

1881 5421 2230 5475 Athanasius.
2269 5419 2474 5475 Somno
2503 5421 2667 5491 igitur
2704 5424 3022 5488 comparant
3050 5417 3362 5471 diuturram

1881 5582 1990 5651 (71)
2015 5582 2136 5636 Hzec
2154 5582 2402 5650 superius
2433 5581 2494 5633 a.l
2521 5580 2664 5635 hunc
2694 5594 2932 5642 versum,
2955 5574 3047 5631 sed
3082 5571 3357 5644 p'aueicra.

1882 5654 1994 5720 (Η)
2024 5652 2154 5706 Vide
2191 5653 2408 5706 ibidem.

1883 5717 1993 5791 (Ἱὸ)
2021 5722 2140 5778 llaec
2168 5724 2362 5776 desunt
2389 5723 2442 5776 in
2473 5717 2902 5788 Expositionibus
2933 5729 3115 5786 supra.
