4090 6312
779 400 880 454 διεδ

1619 397 1674 453 S.
1717 395 2084 452 ATHANASII
2121 394 2271 448 OPP.
2330 392 2506 448 PARS
2546 391 2631 448 Ill.
2671 425 2741 436 —
2783 392 3184 450 EXEGETICA.
3883 386 3961 443 564

768 517 863 571 Dei
902 513 1236 576 dilationem,
1287 524 1390 581 qua
1427 526 1558 566 usus
1603 521 1685 566 est
1736 526 1862 578 erga
1915 510 2155 579 ipsorum
2196 524 2320 578 pcc-

2425 509 2518 578 τὴν
2559 507 2756 578 πολλὴν
2812 507 3007 577 ἀνοχὴν
3056 507 3151 559 τοῦ
3188 506 3318 560 Θεοῦ
3349 506 3415 577 ἢν
3464 504 3699 559 ἐποιεῖτο
3747 505 3832 558 διά
3885 509 3962 570 τὰς

768 611 909 657 cata.
939 599 1237 654 Preeantur
1270 615 1419 663 vero,
1458 609 1514 654 ut
1543 600 1643 654 sibi
1677 602 1957 668 contingat
1985 600 2073 653 ille
2123 599 2326 654 Christi

765 697 1048 758 adventus,
1083 695 1175 764 qui
1231 694 1333 748 sub
1368 705 1605 749 extrema
1643 703 1887 763 tempora
1921 694 2140 747 futurus
2188 702 2324 757 erat,

765 805 832 843 ne
866 797 1112 857 expertes
1146 788 1255 842 sint
1288 788 1406 841 vita:
1427 826 1443 848 ,
1476 802 1601 855 qua).
1637 788 1703 841 ab
1733 789 1851 857 ipso
1899 794 1981 841 est
2008 805 2018 839 ε
2055 796 2214 854 atque
2245 787 2328 839 in-

765 878 992 948 quiunt:
1021 876 1131 931 Cur
1155 878 1429 930 abscondis
1484 878 1672 945 faciem
1718 887 1883 939 tuam,
1921 888 1971 930 et
2009 877 2325 930 Oblivisceris

763 971 1128 1023 calamitatum
1164 981 1211 1022 et
1234 971 1575 1039 aﬂlictiouum
1599 980 1898 1023 nostrarum
1927 971 1952 1022 ?
1980 968 2060 1022 Tu
2081 969 2322 1039 quidem,

766 1079 797 1107 η
833 1060 989 1122 Deus,
1028 1060 1320 1114 abscondis
1361 1069 1410 1114 et
1442 1060 1642 1115 avertis
1677 1059 1869 1112 faciem
1921 1067 2096 1123 tuam,
2147 1074 2215 1112 ne
2243 1057 2324 1111 vi-

763 1153 891 1205 deas
926 1152 1123 1219 turpia,
1170 1161 1222 1205 et
1270 1149 1488 1218 indigna
1534 1148 1696 1216 facta,
1734 1157 1896 1217 atque
1940 1157 2033 1202 tuo
2081 1147 2321 1201 contuitu

767 1243 960 1295 aliena.
993 1240 1190 1295 Verum
1225 1241 1348 1310 quia
1376 1241 1533 1294 nobis
1558 1241 1610 1293 in
1653 1239 1984 1293 enumeratis
2016 1239 2137 1292 istis
2166 1237 2322 1293 factis

763 1330 1038 1396 praeclaris
1096 1331 1288 1383 liducia
1326 1330 1504 1398 aliqua
1542 1337 1834 1397 superest,
1883 1342 1983 1379 cur
2031 1325 2321 1382 abscondis

764 1420 952 1474 faciem
981 1420 1168 1472 tuam?
1193 1419 1438 1487 Cumque
1479 1427 1556 1473 tot
1591 1419 1735 1487 passi
1767 1419 1906 1470 mala
1943 1418 2116 1472 simus
2140 1417 2321 1472 cultus

763 1512 840 1564 tui
890 1527 952 1564 ac
998 1513 1212 1581 pietatis
1263 1527 1449 1574 causa,
1501 1527 1598 1565 cur
1641 1511 1982 1566 Oblivisceris
2013 1511 2321 1565 aﬂlictionis

761 1609 854 1654 aut
894 1602 1225 1670 paupertatis
1251 1599 1637 1656 nostrae?Nam
1670 1601 1795 1654 licet
1843 1615 1904 1654 ea
1955 1617 2064 1655 non
2095 1601 2319 1670 perinde

759 1707 956 1762 magna
992 1693 1100 1744 sint
1131 1692 1269 1759 apud
1328 1701 1377 1744 te
1404 1731 1419 1755 ,
1454 1699 1512 1744 ut
1550 1691 1690 1758 apud
1728 1706 1828 1744 nos
1854 1730 1868 1754 ,
1925 1690 2018 1744 sed
2051 1705 2216 1759 egena
2264 1701 2319 1746 et

759 1797 924 1848 parva
977 1790 1029 1835 et
1075 1781 1438 1849 paucissima:
1477 1795 1668 1850 magna
1705 1788 1908 1842 tamen,
1943 1789 2208 1850 quatenus
2250 1796 2317 1835 ex

2430 600 2698 670 ἁμαρτίας
2731 599 2928 652 αὐτῶν.
2971 598 3229 669 Εὓχονται
3283 598 3340 651 δὲ
3391 597 3606 667 δοθῆναι
3659 598 3840 661 αὐτοῖς
3885 601 3966 669 τὴν

2429 692 2745 758 ἐπιφάνειαν
2774 689 2867 741 τοῦ
2897 688 3129 762 Χριστοῦ
3163 689 3257 759 τὴν
3304 688 3390 741 ἐπ’
3438 687 3680 756 ἐσχάτων
3718 687 3824 739 τῶν
3870 705 3970 740 και-

2431 782 2557 851 ρῶν,
2595 781 2679 832 ἵνα
2717 781 2792 850 μὴ
2820 779 2915 849 τῆς
2942 778 3072 848 παρ’
3116 777 3277 831 αὑτοῦ
3311 779 3650 849 ἀμοιρήσωσι
3683 779 3827 847 ζωῆς
3848 795 3864 809 ⁸
3892 780 3971 832 καί

2426 888 2588 939 φασιν
2610 887 2623 901 ο
2656 870 2780 923 Ἵνα
2809 870 2864 922 τι
2898 868 2963 921 τὸ
3010 870 3332 936 πρόσωπόν
3369 883 3484 922 σου
3537 869 3932 939 ἀποκρύπτεις
3958 913 3970 935 ,

2426 962 2525 1015 καί
2577 957 2946 1029 ἐπιλανθάνῃ
2981 959 3090 1027 τῆς
3131 959 3444 1026 κακώσεως
3485 959 3653 1030 ἡμῶν
3704 963 3806 1015 καὶ
3861 963 3971 1017 θλί-

2424 1055 2584 1121 ψεως
2602 1070 2619 1116 ;
2652 1050 2931 1123 Κρύπτεις
2969 1051 3064 1122 μὲν
3093 1051 3152 1104 τὺ
3180 1050 3403 1104 σεαυτοῦ
3435 1053 3743 1124 πρόσωπον,
3773 1056 3804 1107 ὀ
3834 1054 3970 1120 Θεὸς,

2423 1143 2517 1196 καὶ
2548 1141 2924 1212 ἀποστρέφεις,
2957 1140 3090 1212 πρὸς
3112 1140 3172 1192 τὸ
3203 1141 3276 1210 μὴ
3312 1140 3522 1210 βλέπειν
3554 1142 3621 1194 τὰ
3649 1144 3860 1214 αἰσχρά
3896 1146 3973 1198 καὶ

2421 1233 2667 1301 ἀπρεπῆ.
2704 1231 2798 1282 καὶ
2827 1231 2922 1298 τῆς
2948 1230 3043 1300 σῆς
3074 1229 3199 1292 θέας
3223 1230 3472 1300 ἀλλότρια
3495 1247 3507 1259 ·
3533 1231 3646 1283 ἀλλ’
3676 1235 3805 1286 ἐπεὶ
3831 1235 3975 1304 ἡμεῖς

2422 1325 2514 1376 ἐπὶ
2551 1325 2661 1385 τοῖς
2691 1321 2924 1392 λεχθεῖσι
2957 1321 3339 1393 κατορθώμασι
3379 1325 3688 1394 παρρησίαν
3737 1327 3939 1398 ἀγομεν
3961 1367 3974 1388 ,

2420 1413 2506 1466 ἴνα
2537 1412 2588 1464 τί
2612 1412 2670 1465 τὸ
2699 1410 2983 1481 πρόσωπόν
3036 1428 3127 1466 σου
3171 1411 3460 1481 κρύπτεις;
3502 1415 3753 1468 Τοσαῦτα
3790 1416 3850 1469 δὲ
3887 1435 3975 1471 πα-

2421 1503 2652 1573 σχόντων
2685 1503 2777 1555 καὶ
2813 1501 3261 1555 κακοπαθούντων
3295 1504 3390 1574 τῆς
3439 1504 3535 1575 σῆς
3584 1505 3773 1559 ἕνεκεν
3827 1509 3971 1561 εὐσε-

2419 1594 2590 1657 ϐείὰς.
2615 1596 2700 1646 ἵνα
2718 1594 2769 1646 τί
2789 1594 3114 1668 ἐπιλανθάνῃ
3137 1595 3234 1663 τῆς
3255 1595 3543 1660 κακώσεως
3558 1598 3590 1667 ή
3599 1597 3735 1666 μῶν,
3754 1599 3878 1668 ἦτοι
3894 1601 3975 1669 τῆς

2421 1686 2721 1755 πτωχείας;
2753 1686 2813 1738 Et
2844 1686 2949 1756 γὰρ
2982 1688 3074 1739 καὶ
3106 1687 3313 1756 μεγάλα
3343 1687 3513 1742 ταῦτα
3545 1689 3620 1752 ὡς
3653 1691 3794 1761 πρὸς
3841 1693 3974 1760 ἡμᾶς

2416 1775 2484 1828 τὰ
2517 1773 2930 1846 κατορθώματα,
2981 1776 3096 1829 ἀλλ’
3147 1777 3220 1841 ὡς
3273 1778 3408 1848 πρὸς
3461 1779 3519 1830 σὲ
3558 1781 3737 1833 πάντα
3791 1781 3972 1850 πτωχὰ

760 1875 915 1927 nobis
965 1882 1109 1926 sunt.
1163 1872 1347 1941 Itaque
1398 1874 1808 1943 supplicamus,
1863 1889 1931 1928 ne
1978 1873 2315 1928 obliviscaris

2425 1869 2513 1921 καὶ
2545 1867 2748 1939 σμικρά
2783 1869 2873 1920 καὶ
2903 1868 3172 1937 ὀλίγιστα·
3207 1870 3346 1942 πλὴν
3374 1871 3447 1935 ὼς
3469 1871 3526 1935 ὲξ
3562 1872 3720 1943 ἡμῶν
3749 1874 3970 1942 μεγάλα.

759 1965 1094 2036 paupertatis
1121 1973 1338 2029 nostrae,
1375 1981 1408 2019 o
1438 1965 1666 2020 Domine
1699 1983 1712 2018 :
1746 1964 1876 2034 quin
1931 1965 2113 2035 potius
2152 1966 2315 2019 remi-

759 2057 990 2111 niscaris
1015 2056 1339 2119 aﬂlictionis,
1363 2073 1522 2127 quam
1555 2058 1920 2112 sustinuimus
1953 2058 2028 2110 tui
2057 2072 2241 2112 causa.

2422 1961 2512 2014 Διὸ
2551 1960 2856 2030 ἱκετεύομεν
2892 1961 2963 2029 μὴ
2997 1961 3164 2032 λήθην
3206 1961 3529 2033 ποιήσασθαι
3576 1963 3678 2031 τῆς
3708 1963 3972 2033 ἡμετέρας

2422 2052 2688 2122 πτωχείας
2713 2068 2725 2080 °
2760 2051 3056 2122 μνησθῆναι
3081 2053 3136 2106 δὲ
3175 2056 3268 2107 καὶ
3293 2055 3392 2125 τῆς
3432 2055 3659 2126 θλίψεως
3708 2056 3884 2126 ἡμῶν,
3910 2051 3970 2126 ἦς

2424 2144 2792 2214 ὑπεμείναμεν
2819 2143 2974 2213 χάριν
3004 2144 3117 2207 σοῦ,
3149 2139 3192 2198 ὧ
3221 2148 3480 2202 Δέσποτα.

1953 2295 2025 2350 Et
2057 2299 2108 2349 in
2138 2314 2338 2351 tersum
2364 2309 2652 2369 sequentem
2681 2301 2767 2354 25.

826 2452 1167 2504 Athanasius.
1224 2451 1389 2508 Porro
1420 2455 1730 2522 depressam
1781 2454 1883 2508 sibi
1925 2463 2158 2508 mentem
2194 2469 2314 2509 esse

758 2542 943 2594 dicunt
971 2542 1131 2595 etiam
1164 2542 1331 2598 Judzei
1362 2564 1373 2596 :
1408 2547 1533 2613 quia
1567 2556 1853 2615 postquam
1883 2561 1944 2600 ea
1990 2563 2110 2615 qua).
2156 2545 2314 2600 Chrio

759 2633 824 2683 sti
860 2640 986 2683 sunt
1015 2633 1218 2687 sentire
1256 2645 1595 2704 recusarunt,
1631 2637 1948 2692 deciderunt
1995 2638 2048 2691 in
2084 2653 2308 2692 sensum

757 2722 1054 2774 carnalem.

2493 2456 2605 2525 (74)
2657 2455 3016 2523 Ἀθανάσιος.
3076 2456 3512 2512 Τεταπεινῶσθαι
3558 2457 3615 2512 δὲ
3660 2456 3841 2513 αὐτῶν
3882 2459 3970 2529 τὴν

2420 2548 2594 2617 ψυχήν
2640 2565 2769 2617 φασι
2800 2550 2891 2602 καὶ
2946 2549 3214 2602 Ἰουδαῖοι·
3268 2549 3482 2621 ἐπειδὴ,
3531 2550 3880 2622 ἀπωσάμενοι
3918 2554 3972 2606 c5

2423 2642 2634 2708 φρονεῖν
2667 2638 2736 2690 τά
2780 2639 3012 2708 Χριστοῦ
3041 2678 3055 2702 ,
3092 2643 3168 2702 εἰς
3218 2640 3468 2711 φρόνημα
3506 2640 3806 2695 κατέπεσον
3853 2658 3972 2713 cap—

2421 2728 2589 2783 κικόν.

1978 2878 2108 2934 Item
2140 2882 2189 2935 in
2225 2899 2424 2937 versum
2453 2887 2725 2942 ultimum.

825 3032 1165 3084 Athanasius.
1213 3030 1415 3085 Deinde
1457 3031 1697 3088 indicant
1731 3033 1782 3088 hi
1845 3051 2030 3092 versus
2069 3038 2306 3093 vocatio—
2340 3046 2382 3106 ο

763 3153 881 3190 nem
943 3133 1093 3188 illam
1150 3140 1202 3188 et
1252 3147 1665 3187 coorersionem
1725 3130 2095 3184 Israelitarum
2128 3168 2144 3192 ,
2199 3144 2316 3196 quae

759 3232 966 3285 ultimis
994 3228 1329 3296 temporibus
1367 3225 1597 3281 accidet.
1633 3224 1738 3289 Qui
1761 3226 1922 3278 etiam
1950 3225 2134 3277 dicunt
2167 3242 2178 3276 :
2207 3222 2316 3278 Rc-

758 3326 877 3390 cipe
904 3334 1026 3384 nos,
1073 3327 1128 3372 et
1159 3319 1234 3372 sis
1282 3318 1437 3371 nohis
1474 3317 1762 3386 propitius.
1818 3316 2053 3386 Tempus
2100 3329 2318 3384 quoque

757 3411 1135 3466 conversionis
1166 3427 1297 3476 sum,
1326 3408 1484 3462 ﬁdem
1510 3409 1718 3464 scilicet
1751 3408 1804 3461 in
1839 3417 1910 3469 te,
1961 3424 1993 3462 o
2028 3406 2190 3473 Deus,
2224 3421 2318 3461 ve-

762 3520 874 3557 ram
931 3504 1294 3568 conﬁtentur;
1336 3503 1688 3572 subjicientes
1730 3498 1856 3553 illud
1902 3521 1911 3552 :
1955 3497 2175 3564 Propter
2226 3513 2321 3549 no-

761 3612 877 3649 men
923 3605 1090 3656 tuum,
1139 3595 1342 3649 diserte
1383 3595 1656 3654 fatentur,
1699 3591 1841 3660 quod
1879 3605 1985 3643 non
2031 3589 2139 3642 sint
2174 3586 2321 3655 digni

760 3689 852 3755 qui
898 3686 1326 3741 misericordiam
1382 3692 1812 3752 consequantur,
1865 3679 2008 3750 quod
2062 3678 2320 3733 contrarii

760 3777 980 3832 Christo
1012 3777 1233 3832 fuerint.
1267 3776 1332 3829 Et
1367 3786 1544 3830 tamen
1580 3776 1803 3845 dignum
1847 3779 1928 3826 est
1980 3771 2115 3840 ipso,
2162 3770 2324 3822 misc-

763 3871 868 3923 reri
896 3879 946 3923 et
970 3871 1249 3939 ignoscere
1276 3870 1516 3940 lapsibus
1538 3868 1790 3922 humanis
1816 3871 2033 3934 propter
2061 3861 2321 3930 seipsum.

760 3961 850 4013 Ait
881 3962 1023 4015 enim
1052 3980 1064 4015 :
1113 3961 1231 4015 Non
1260 3963 1398 4030 facio
1430 3970 1642 4029 propter
1687 3975 1795 4021 vos,
1827 3955 1996 4025 inquit
2038 3953 2316 4015 Dominus,

760 4049 850 4104 sed
883 4062 1092 4120 propter
1121 4069 1304 4105 nomen
1347 4066 1510 4103 meum
1533 4051 1598 4102 ".

2487 3041 2595 3113 (75)
2644 3043 2998 3110 'Atlnvdo'rcc.
3035 3046 3144 3097 Καὶ
3170 3046 3268 3114 τὴν
3301 3047 3358 3097 ὲν
3388 3046 3634 3116 ὑστέροις
3665 3048 3724 3100 δὲ
3773 3050 3974 3118 καιροες

2422 3138 2683 3206 ἑπομένην
2711 3138 2800 3190 τοῦ
2841 3139 3054 3209 Ἰσραὴλ
3084 3140 3410 3208 ἐπιστροφὴν
3449 3139 3540 3190 καὶ
3573 3138 3765 3209 κλῆσιν
3793 3143 3841 3192 οἱ
3873 3140 3978 3192 στί-

2422 3243 2505 3294 χοι
2540 3227 2906 3295 σημαίνουσιν.
2938 3229 2999 3279 Οἳ
3024 3231 3114 3281 καί
3141 3245 3300 3297 φασιν
3326 3245 3337 3256 ·
3385 3228 3692 3281 Ἀντιλάϐου
3721 3230 3784 3300 δὴ
3805 3229 3973 3300 ἡμῶν,

2421 3313 2514 3363 καὶ
2544 3311 2681 3364 δίδου
2711 3313 2770 3365 τὸ
2798 3313 3040 3383 εὐμενές.
3067 3315 3175 3367 Καὶ
3206 3314 3392 3384 καιρὸν
3418 3314 3756 3383 ἐπιστροφῆς
3779 3317 3876 3386 τὴν
3903 3317 3978 3377 εἰς

2434 3402 2492 3453 σὲ
2541 3403 2795 3473 ἀληθινὴν
2857 3405 3036 3456 πίστιν
3087 3405 3434 3476 ὁμολογοῦσιν
3473 3423 3484 3435 ·
3523 3406 3820 3472 ἐπάγοντες
3870 3406 3930 3459 τό
3962 3424 3975 3437 ο

2428 3490 2675 3546 ’Ἕνεκεν
2711 3493 2816 3546 τοῦ
2860 3496 3144 3564 ὀνόματός
3182 3512 3318 3560 σου,
3358 3494 3656 3567 διαρρήδην
3695 3495 3979 3566 ὁμολογοῦ-

2427 3603 2508 3639 σιν
2540 3625 2554 3649 ,
2583 3585 2655 3651 ώς
2685 3587 2781 3638 οὐκ
2808 3585 2946 3651 ἀξιοι
2975 3586 3065 3638 τοῦ
3105 3586 3366 3639 ἐλεεῖσθαι
3417 3589 3552 3640 εἰσιν
3588 3588 3636 3639 οἱ
3673 3588 3814 3643 κατά
3853 3590 3979 3657 Χρι-

2426 3677 2550 3730 στοῦ
2579 3677 2872 3747 γενόμενοι.
2905 3678 3109 3748 Πρέπει
3149 3695 3210 3744 γε
3250 3679 3353 3748 μὴν
3378 3678 3436 3730 τὺ
3468 3678 3636 3731 ἐλεεῖν
3686 3680 3856 3749 αὐτῷ,
3892 3680 3980 3731 καὶ

2425 3768 2812 3839 κατοικτείρειν
2846 3771 2957 3830 τοῖς
2987 3768 3344 3838 ἀνθρωπίνοις
3395 3769 3698 3838 πταίσμασι
3744 3770 3812 3822 δι’
3861 3772 3982 3824 ἐαυ-

2424 3861 2533 3912 τὸν.
2567 3861 2704 3930 Φησὶ
2734 3860 2840 3929 γάρ
2861 3876 2873 3889 ο
2909 3863 2988 3912 Οὐ
3015 3858 3087 3912 δι’
3120 3858 3275 3928 ὑμᾶς
3307 3859 3420 3929 ἐγὼ
3450 3859 3616 3927 ποιῶ,
3649 3861 3813 3933 λέγει
3863 3860 3980 3916 Κύ-

2419 3969 2568 4018 ριος,
2597 3952 2730 4005 ἀλλ’
2764 3951 2800 4019 ἦ
2835 3951 2930 4004 διὰ
2953 3951 3015 4004 τὸ
3039 3949 3225 4020 ὄνομά
3250 3969 3387 4020 μου.

840 4191 1030 4244 Deinde
1060 4190 1292 4256 sequitur
1336 4196 1698 4256 argmncntum
1734 4187 1785 4237 in
1820 4185 2078 4253 psalmum
2113 4194 2232 4234 xm
2280 4177 2472 4231 eisdem
2511 4191 2720 4228 prorsus
2739 4174 2915 4226 “verbis
2967 4173 3152 4242 quibus
3205 4172 3423 4224 habetur
3475 4186 3679 4239 supra;
3723 4186 3884 4239 quare

763 4261 1011 4313 omissum
1047 4270 1140 4311 est.

1114 4420 1180 4473 Et
1208 4423 1256 4472 in
1287 4433 1484 4472 versum
1537 4417 1785 4483 primum,
1814 4411 2091 4482 prwmissa
2138 4407 2352 4472 Basilii,
2377 4405 2734 4474 Chrysostomi
2767 4411 2814 4455 et
2863 4399 3075 4454 Eusebii
3102 4402 3377 4462 sententia,
3413 4397 3647 4465 subjicit.

837 4578 1062 4647 Magnus
1093 4591 1220 4630 vero
1255 4570 1676 4632 Athanasius,et
1704 4568 1860 4623 divus
1887 4566 2144 4638 Cyrillus,
2164 4562 2318 4631 quasi

2497 4557 2606 4628 (76)
2643 4557 2953 4620 Ἀθανάσιος
2983 4556 3039 4608 δὲ
3059 4557 3087 4609 δ
3113 4555 3250 4608 πάνυ
3282 4554 3375 4607 καὶ
3395 4554 3423 4606 ὁ
3446 4552 3585 4615 θεῖος
3615 4549 3884 4622 Κύριλλος
3919 4546 3991 4609 ὡς

765 4672 880 4724 haec
913 4685 976 4724 ex
1011 4681 1241 4737 persona
1284 4663 1379 4717 Dei
1435 4671 1490 4714 et
1539 4659 1715 4713 Patris
1754 4658 2082 4718 dicerentur,
2128 4653 2324 4707 intelli-

768 4770 903 4830 gunt
928 4775 989 4813 ea
1027 4757 1094 4811 de
1129 4753 1324 4818 Verbo,
1355 4752 1498 4822 quod
1527 4751 1664 4820 apud
1689 4749 1900 4802 Patrem
1942 4755 2058 4801 erat
2087 4747 2139 4798 in
2173 4745 2323 4813 prin-

769 4854 908 4921 cipio
935 4869 949 4909 :
979 4849 1144 4918 quod.
1181 4846 1454 4914 inquiunt,
1497 4839 1897 4911 quodammodo
1931 4853 1994 4890 ex
2028 4835 2186 4891 corde
2234 4842 2327 4888 aut

769 4939 903 5008 ipsis
939 4934 1242 4989 visceribus
1291 4931 1595 5001 progenuit.
1631 4931 1703 4984 Dc
1745 4942 1852 4997 quo
1881 4926 2042 4980 etiam
2073 4926 2204 4979 dicit
2234 4938 2327 4991 per

773 5029 1024 5084 Davidem
1055 5046 1066 5079 :
1102 5026 1372 5079 Eructavit
1406 5041 1493 5077 cor
1525 5037 1694 5074 meum
1731 5019 1937 5074 uerbum
1967 5018 2175 5070 bonum.
2196 5015 2328 5070 Pro-

771 5130 965 5188 gnatus
989 5133 1223 5188 namque
1269 5126 1349 5173 est
1376 5116 1574 5178 Filius,
1603 5120 1664 5168 ut
1696 5126 1875 5167 sermo
1905 5124 1968 5163 ex
2000 5116 2200 5171 mente,
2229 5106 2328 5161 bo-

771 5225 874 5264 nus
908 5223 972 5262 ex
1009 5209 1172 5273 bono,
1221 5206 1361 5260 Deus
1399 5222 1463 5260 ex
1497 5203 1626 5258 Deo.
1680 5199 2089 5256 Observandum
2145 5213 2327 5267 porro,

770 5301 919 5368 loqui
951 5299 1161 5352 Patrem
1195 5298 1261 5352 de
1287 5297 1422 5350 Filio
1457 5306 1710 5362 tanquam
1738 5293 2038 5349 incarnato.
2074 5305 2201 5344 cum
2234 5289 2328 5343 ait:

773 5391 904 5445 Dico
925 5406 1014 5459 ego
1045 5405 1200 5457 opera
1226 5405 1337 5442 mea
1364 5389 1489 5457 regi.
1531 5383 1664 5439 Nam
1724 5391 1932 5438 tantum
1969 5396 2073 5434 non
2105 5381 2332 5439 promit-

876 5569 920 5598 "
953 5565 1142 5620 Ezech.
1184 5580 1272 5627 xx,
1305 5563 1392 5620 N.

850 5721 958 5786 (74')
991 5725 1109 5778 Haec
1129 5729 1197 5790 ipor
1241 5724 1380 5779 thc.

848 5795 955 5857 (753
988 5794 1103 5846 llrc
1134 5788 1372 5847 auctiora
1409 5801 1531 5848 sunt
1557 5808 1716 5852 quam
1766 5793 1815 5846 in
1842 5787 2290 5846 Ewositionibus.

2426 4655 2488 4706 ἐκ
2517 4649 2805 4719 προσώπου
2841 4648 2933 4700 τοῦ
2973 4646 3107 4700 Θεοῦ
3139 4648 3234 4700 καὶ
3278 4644 3486 4715 Πατρὸς
3516 4642 3772 4709 λέγεσθαι
3818 4641 3993 4695 ταῦτα

2427 4745 2602 4795 νοοῦσι
2638 4742 2763 4811 περὶ
2792 4738 2884 4792 τοῦ
2914 4739 2972 4790 ὲν
2999 4739 3140 4808 ἀρχῇ
3167 4736 3316 4798 ὄντος
3342 4733 3477 4804 πρὸς
3510 4733 3672 4785 αὑτὸν
3705 4731 3908 4800 Λόγου,
3936 4729 3994 4782 ὃν

2428 4836 2492 4887 ἐκ
2523 4835 2621 4903 τῆς
2649 4832 2808 4885 οἱονεὶ
2832 4830 3056 4902 καρδίας
3083 4829 3118 4897 ἣ
3147 4827 3326 4880 αὐτῶν
3346 4826 3451 4879 τῶν
3468 4824 3814 4894 σπλάγχνων,
3839 4822 3994 4893 φασὶ,

2430 4928 2732 4998 προήγαγε.
2783 4923 2916 4994 Περὶ
2947 4913 3007 4973 οῦ
3044 4922 3138 4973 καὶ
3166 4917 3314 4986 λέγει
3356 4917 3443 4970 διὰ
3483 4916 3675 4969 Δαυΐδ·
3723 4915 3998 4985 Ἐξηρεύ-

2433 5017 2582 5082 ξατο
2615 5017 2652 5083 ἡ
2675 5013 2886 5082 καρδία
2903 5029 3019 5081 μου
3041 5012 3225 5079 λόγον
3247 5010 3484 5079 ἀγαθόν.
3506 5007 3840 5078 Γεγέννηται
3866 5007 3996 5076 γὰρ,

2433 5108 2508 5170 ὼς
2530 5106 2685 5173 λόγος
2718 5106 2781 5157 ἐκ
2816 5102 2930 5165 νοῦ,
2965 5102 3165 5170 ἀγαθὸς
3197 5100 3257 5167 ἐξ
3290 5097 3515 5169 ἀγαθοῦ,
3552 5097 3683 5161 Θεὸς
3725 5100 3793 5150 ὲκ
3839 5096 3995 5150 Θεοῦ.

2438 5198 2626 5268 Ἀθρει
2674 5197 2729 5249 δὲ
2763 5195 2836 5258 ὼς
2868 5194 2993 5265 περὶ
3043 5193 3552 5264 ὲνανθρωπήσαντος
3596 5189 3689 5243 τοῦ
3730 5189 3872 5243 Υίοῦ
3920 5189 4003 5242 λέ-

2435 5304 2597 5356 γοντα
2629 5285 2718 5338 τὸν
2752 5283 2969 5354 Πατέρα
2993 5300 3006 5312 ’
3044 5281 3205 5351 Λέγω
3231 5280 3345 5349 ἐγὼ
3375 5280 3446 5333 τὰ
3475 5280 3616 5348 ἔργα
3635 5295 3756 5346 μου
3787 5275 3874 5341 τῷ
3891 5277 4003 5340 ,βα-

2437 5379 2617 5434 ausi.
2636 5376 2931 5446 Μονονουχὶ
2951 5374 3021 5443 γά
3027 5392 3058 5445 ρ
3073 5374 3512 5444 καθυπισχνεῖται
3526 5369 3802 5425 διδάσκειν
3819 5369 4002 5434 αὑτὸν,

2519 5716 2625 5788 (76)
2657 5717 2728 5772 Ex
2742 5731 2987 5787 pressum
3041 5730 3104 5770 ex
3141 5707 3574 5782 interpretatione
3624 5708 3828 5776 psalmi
3863 5721 4002 5766 uzv.
