4068 6310
163 335 250 392 5&5
1153 335 1574 392 FRAGMENTA
1614 335 1972 392 COMMENT.
2020 337 2084 390 IN
2121 331 2461 388 PSAIMOS.
3274 331 3374 388 566

159 452 338 516 ὁποίοις
359 454 466 505 τισὶ
481 451 660 520 λόγοις
701 452 981 524 χρήσεται.
1028 451 1338 524 ἐμϐιϐάζων
1374 457 1518 524 ἡμᾶς
1540 456 1618 515 εἰς
1645 471 1661 505 1

1808 453 1868 506 tit
1901 467 1958 506 se
1991 453 2168 521 ipsum
2201 449 2556 506 edocturum,
2592 446 2896 515 cujusmodi
2951 448 3130 503 verbis
3165 451 3238 503 uti
3279 451 3370 508 de-

157 541 273 613 δρᾷν
305 541 367 594 τὰ
389 541 522 612 ἔργα
542 541 913 613 αὑτοῦ.Ἐργα
934 543 990 595 δὲ
1015 542 1151 595 Θεοῦ
1180 561 1358 614 φαμεν
1387 544 1482 614 τὴν
1509 543 1661 596 ευσεϐ

1806 547 1948 612 beat,
1981 545 2244 598 inducens
2267 557 2388 605 nos,
2438 547 2496 593 ut
2540 537 2806 595 faciamus
2839 555 3002 609 opera
3029 541 3167 610 ejus.
3196 540 3370 612 Opera

156 633 548 703 πολιτείαν,ἥτις
561 634 647 687 διὰ
662 634 1148 702 τῶνεὺαγγελικῶν
1165 635 1528 706 κηρυγμάτων
1546 637 1661 704 γέγι

1805 654 1934 694 vero
1972 637 2064 690 Dei
2114 637 2371 696 dicimus,
2418 633 2562 702 piam
2605 633 3100 699 conversationem,
3131 650 3252 703 quae
3279 649 3372 703 per

155 740 232 777 νιν
251 726 374 794 ἡμῖν
397 725 664 794 ἐμφανής.
699 723 1022 795 Προσλαλῶν
1054 723 1109 776 δὲ
1145 724 1376 796 Χριστὸς
1433 724 1661 776 ἰουδαίοι

1807 729 2241 800 prmdicationem
2280 725 2647 795 evangelicam
2691 725 2849 780 nobis
2881 723 3228 779 manifestata
3266 737 3370 782 est.

153 816 212 870 τὰ
238 819 472 888 χρήσιμα
501 818 639 888 πρὸς
675 818 970 888 σωτηρίαν,
1005 817 1081 888 τῷ
1119 819 1291 888 Πατρὶ
1342 820 1466 882 τοὺς
1507 820 1661 871 ἐαυτο

1803 820 2054 875 Christus
2088 836 2236 883 vero,
2272 835 2394 873 cum
2426 826 2723 886 exponeret
2769 816 2971 873 ludatis
3019 833 3141 886 qua:
3175 818 3242 871 ad
3278 833 3369 871 sa-

154 910 322 978 λόγους
348 910 575 963 ἀνετίθει
609 909 778 977 λέγων
798 927 811 940 ·
853 912 977 964 Ἀπ’
1012 911 1270 979 ἐμαυτοῦ
1304 908 1448 962 ποιῶ
1475 909 1652 962 οὐδέν

1805 915 1969 968 lutem
2013 914 2272 978 facerent,
2323 911 2550 966 ascribit
2594 927 2656 966 ea
2698 909 2842 964 Patri
2882 926 3014 974 suo,
3069 912 3367 980 inquiens:

153 1001 234 1053 καὶ
263 1000 413 1053 πάλιν
438 1019 450 1030 ·
505 1001 558 1051 Ὀ
592 1000 793 1067 Πατὴρ
815 998 1015 1069 ἀγαπᾷ
1050 999 1154 1052 τὸν
1191 999 1344 1061 flor,
1376 999 1470 1051 καὶ
1505 998 1660 1051 πάντ

1807 1009 1845 1057 Α
1893 1022 1972 1058 me
2021 1007 2133 1074 ipso
2164 1005 2295 1057 nihil
2351 1003 2526 1071 facio;
2583 1008 2635 1055 ct
2684 1016 2902 1054 rursum
2950 997 3155 1053 :Pater
3189 1001 3368 1072 diligit

153 1092 440 1146 δείκνυσιν
485 1090 644 1156 αὐτῷ
683 1090 720 1143 ἀ
765 1091 947 1157 αὐτὸς
993 1090 1166 1145 ποιεῖ.
1217 1090 1386 1143 Καλεῖ
1438 1089 1494 1141 δὲ
1540 1089 1661 1142 atth

1804 1097 2026 1158 Filium,
2058 1105 2104 1148 et
2131 1095 2358 1148 ostendit
2394 1095 2494 1161 ipsi
2526 1094 2701 1145 omnia
2727 1109 2856 1162 ,qua:
2890 1091 3018 1161 facit
3036 1093 3100 1144 ’7.
3124 1092 3372 1160 Appellat

154 1181 351 1254 βασιλέα
381 1182 524 1234 κατὰ
559 1182 747 1252 καιρὸν
779 1185 807 1235 6
853 1182 1062 1252 Πατὴρ,
1112 1181 1185 1244 ὡς
1240 1181 1306 1234 ἂν
1365 1181 1438 1251 μὴ
1493 1179 1570 1250 τῷ
1603 1181 1661 1250 τῆ

1801 1204 1929 1242 vero
1981 1188 2142 1241 etiam
2183 1185 2340 1239 Pater
2373 1185 2569 1239 Filium
2610 1197 2788 1254 regem
2839 1199 2937 1253 pro
2983 1194 3243 1253 tempore,
3303 1203 3370 1242 ne

152 1275 598 1346 ὲνανθρωπήσεως
631 1275 813 1346 μέτρῳ
841 1274 964 1344 δόξῃ
1000 1274 1097 1344 τῆς
1125 1273 1350 1344 ἐνούσης
1380 1272 1526 1342 αὺτῷ
1558 1290 1659 1324 κατ

1804 1279 2054 1334 videatur
2085 1279 2463 1332 mediocritate
2501 1275 2897 1331 incarnationis
2946 1275 3158 1345 aliquid
3182 1276 3363 1331 detra-

151 1369 291 1438 φύσιν
322 1369 476 1434 ἀξίας
507 1368 891 1440 ἀποφέρεσθαι.
923 1368 1142 1438 Ἔμεινε
1177 1367 1286 1437 γὰρ
1313 1367 1408 1418 καὶ
1438 1367 1575 1436 μετὰ
1600 1366 1661 1435 τὴ

1802 1372 1928 1424 here
1960 1371 2250 1439 majostati,
2301 1385 2463 1439 quam
2522 1386 2617 1440 per
2649 1381 2898 1424 naturam
2931 1370 3115 1425 habet.
3161 1368 3362 1424 Mansit

148 1463 434 1532 οἰκονομίαν
454 1462 605 1514 οὐδὲν
627 1459 806 1534 ἦττον,
843 1463 905 1513 ἐκ
931 1460 1189 1531 βασιλέως
1219 1459 1293 1510 ὢν
1333 1459 1424 1512 τοῦ
1461 1459 1661 1528 Πατρὸε

1798 1461 1942 1516 enim
1972 1465 2135 1516 etiam
2183 1475 2301 1531 post
2345 1464 2777 1516 incarnationem
2828 1463 3189 1517 nihilominus
3243 1479 3360 1528 rex,

149 1553 400 1623 βασιλεὺς,
438 1555 532 1607 καὶ
579 1554 764 1623 ὥσπερ
813 1552 1060 1622 βασιλεὺς
1096 1553 1352 1622 ὑπάρχων
1405 1551 1498 1603 καὶ
1542 1550 1661 1612 Θεὸς

1801 1566 2040 1609 natusex
2078 1555 2236 1610 Patre
2269 1573 2423 1626 ηερε
2454 1565 2506 1610 et
2541 1557 2658 1610 licet
2703 1570 2791 1609 rex
2835 1567 2996 1627 atque
3025 1555 3192 1616 Deus.
3226 1556 3364 1610 dici-

146 1650 212 1710 είς
239 1645 494 1715 βασιλέως
527 1646 700 1717 ἀρχὴν
733 1646 950 1714 λέγεται
979 1642 1255 1715 ἔρχεσθαι,
1287 1643 1372 1696 διὰ
1406 1643 1466 1696 τὸ
1501 1660 1661 1712 σεσαρ

1801 1656 1888 1700 tur
1921 1648 1983 1700 ad
2019 1651 2217 1716 regiam
2257 1649 2573 1718 dignitatem
2619 1649 2774 1701 erehi
2802 1689 2813 1707 ,
2851 1658 3069 1717 prepter
3113 1649 3360 1700 incarna—

144 1739 350 1792 κῶσθαι.
385 1738 543 1793 Οὕτω
581 1741 674 1793 καὶ
727 1741 868 1810 ἆπερ
927 1734 1033 1791 οἶδε
1084 1738 1324 1808 φυσικῶς
1357 1781 1369 1802 ,
1420 1739 1494 1800 ὡς
1537 1738 1661 1800 Θεὸς

1801 1739 2025 1791 tionem.
2057 1738 2336 1803 Similiter,
2369 1755 2706 1808 quaecunque
2739 1741 3059 1795 naturaliter
3103 1741 3253 1793 novit
3306 1751 3362 1792 ut

144 1832 292 1886 ταῦτα
324 1833 488 1887 πάλιν
517 1833 736 1886 ἀκούειν
765 1833 978 1901 λέγεται
1013 1832 1101 1885 διὰ
1136 1833 1197 1885 τὸ
1230 1831 1565 1902 ἀνθρώπινον
1616 1832 1661 1883 ol

1802 1829 1968 1890 Deus,
2002 1833 2187 1883 eadem
2227 1847 2442 1882 rursum
2478 1831 2666 1884 audite
2694 1833 2892 1886 dicitur
2915 1831 3211 1886 secundum
3259 1833 3360 1884 hu-

142 1924 445 1996 κονομικῶς.
473 1925 708 1997 Χριστὸς
736 1926 844 1995 γάρ
867 1927 1012 1978 ἐστιν
1041 1926 1069 1976 6
1095 1924 1367 1994 βασιλεὺς,
1401 1917 1444 1991 ᾧ
1463 1923 1530 1975 τὰ
1559 1922 1655 1994 ἔργ

1799 1920 2135 1983 manitalem,
2172 1937 2305 1989 prop
2332 1938 2392 1974 er
2413 1921 2895 1990 dispensationem.
2932 1922 3186 1977 Christus
3217 1923 3359 1975 enim

141 2016 342 2095 lerat}
403 2017 614 2086 Πατήρ.
675 2017 768 2068 ‘Ov
815 2016 870 2068 δὲ
926 2016 1113 2086 εἴρηκε
1161 2016 1351 2082 Λόγον,
1386 2013 1571 2066 τοῦτον
1601 2030 1661 2065 κα

1797 2022 1878 2065 est
1901 2013 2142 2073 rex'ille,
2190 2015 2276 2066 cui
2330 2028 2492 2082 opera
2545 2029 2640 2069 Sua
2694 2013 2848 2070 Pater
2900 2016 3141 2085 exponit.
3192 2012 3360 2068 Porro

139 2107 365 2176 γλῶσσαν
388 2106 556 2160 αὐτοῦ
586 2107 883 2160 ἀποκαλεῖ·
905 2107 978 2170 ὡς
1002 2108 1099 2177 οὐχ
1130 2106 1315 2176 ἔτερόν
1346 2123 1400 2157 τι
1430 2104 1661 2158 λαλοῦντι

1795 2121 1956 2176 quem
1996 2105 2229 2160 Verbum
2272 2107 2428 2172 dixit,
2477 2108 2619 2162 hunc
2666 2109 2902 2178 linguam
2945 2125 3098 2164 suam
3147 2124 3363 2179 quoque

140 2201 262 2271 πλὴν
289 2201 316 2253 ὃ
336 2219 386 2254 τι
417 2201 475 2253 ἐν
506 2199 656 2270 αὐτῷ
678 2200 940 2271 πατρικόν
962 2202 1077 2254 ἐστι
1111 2199 1379 2269 βούλημα.
1414 2199 1523 2250 Καὶ
1560 2214 1661 2266 παρ

1795 2199 2061 2268 appellat:
2089 2215 2153 2252 eo
2185 2200 2326 2268 quod
2377 2200 2510 2253 nihil
2565 2201 2708 2254 aliud
2744 2217 2912 2269 quam
2955 2199 3134 2256 Patris
3168 2202 3360 2254 volun-

135 2294 250 2365 ἡμῖν
284 2295 384 2366 γὰρ
416 2295 636 2364 γλῶττα
665 2293 1056 2366 διαπορθμεύει
1093 2296 1204 2356 τοῖς
1253 2292 1357 2356 ἔξω
1407 2291 1496 2343 τὸν
1544 2289 1661 2342 νοῦν

1795 2299 1961 2344 tatem
1991 2291 2264 2360 loquatur.
2293 2289 2423 2344 Nam
2450 2294 2609 2346 etiam
2642 2293 2693 2345 in
2723 2292 2882 2346 nobis
2917 2293 3121 2363 lingua,
3157 2294 3358 2347 mentis

135 2385 390 2456 Κάλαμος
419 2387 490 2440 δὲ
532 2385 914 2456 γραμματέως
946 2383 1287 2454 ὀξυγρὰφου
1327 2384 1639 2453 ὠνόμασται

1794 2398 1953 2438 sensa
1984 2384 2104 2438 aliis
2133 2384 2289 2454 quasi
2321 2385 2673 2439 transfretare
2699 2385 2846 2439 facit.
2881 2385 3088 2440 Dicitur
3120 2401 3357 2455 quoque,

133 2477 208 2529 διὰ
235 2479 289 2530 τὸ
325 2479 507 2548 λέγειν
539 2497 592 2532 τι
621 2480 714 2532 καὶ
742 2478 941 2540 εὐθέως
973 2477 1245 2546 γενέσθαι,
1277 2475 1352 2539 ὡς
1380 2476 1440 2528 τό
1463 2493 1474 2504 ·
1505 2474 1661 2543 Λέγω

1793 2471 2029 2524 calamus
2064 2473 2249 2527 scriba:
2302 2474 2546 2528 velociter
2595 2475 2894 2538 scribentis,
2932 2476 3076 2545 quod
3121 2492 3241 2544 qua:
3276 2475 3358 2528 Io-

134 2567 540 2638 Καθαρίσθητι,
577 2570 675 2624 καὶ
703 2568 921 2635 εὐθέως
945 2569 1310 2635 ἐκαθαρίσθη
1333 2582 1346 2595 ’
1372 2567 1661 2619 Νεανίσκε

1792 2564 1997 2632 quitur,
2033 2565 2177 2619 illico
2211 2566 2372 2619 etiam
2417 2568 2470 2620 in
2503 2565 2751 2620 effectum
2778 2567 3044 2622 deducat:
3089 2569 3347 2638 quemad-

131 2663 217 2714 σοι
269 2662 440 2732 λέγω,
504 2663 795 2733 ἐγέρθητι,
831 2662 929 2715 καὶ
966 2659 1182 2725 εὐθέως
1230 2659 1468 2729 ἠγέρθη.
1532 2657 1661 2710 Ἀλλ

1794 2655 2011 2709 modum
2039 2656 2166 2710 illud
2196 2677 2206 2710 :
2245 2656 2523 2718 Mundare,
2548 2669 2595 2712 et
2637 2661 2816 2714 statim
2856 2659 3138 2712 mundatus
3173 2669 3248 2712 est
3289 2658 3355 2713 “.

134 2755 216 2806 καὶ
242 2754 313 2819 ὼς
343 2755 590 2825 κάλαμος
620 2755 784 2819 ὀξέως
819 2753 1083 2824 ἐγγράφει
1107 2755 1225 2815 ταῖς
1257 2753 1502 2823 καρδίαις
1535 2753 1658 2822 ἠμῶ

1793 2745 2126 2813 Adolescens,
2157 2749 2276 2801 dico
2329 2749 2445 2811 tibi,
2493 2749 2682 2820 Surge,
2719 2760 2769 2803 et
2798 2751 2979 2803 statim
3017 2751 3248 2804 surrexit
3290 2749 3356 2804 ²⁹.

131 2845 183 2894 τὸ
210 2844 451 2915 βούλημα
478 2845 576 2897 τοῦ
613 2843 846 2915 Πατρός.
879 2843 1132 2913 Βούλημα
1177 2844 1255 2904 δὲ,
1311 2844 1474 2911 φησιν
1504 2842 1661 2904 αὐτὸς

1792 2835 2113 2906 Quanquam
2159 2840 2430 2893 etiamoin
2472 2841 2729 2893 cordibus
2781 2840 2982 2895 nostris
3013 2848 3072 2892 ut
3114 2840 3358 2893 calamus

129 2936 211 2988 τοῦ
249 2937 480 3004 Πατρὸς,
517 2938 641 2991 Ἵνα
670 2935 787 2991 πᾶν
824 2935 855 2989 ὃ
885 2935 1102 2988 δέδωκέ
1125 2953 1246 3004 μοι,
1277 2936 1363 3003 μὴ
1407 2934 1661 2987 ἀπολέσι

1792 2929 2049 2984 velociter
2081 2931 2341 2984 inScribat
2383 2933 2714 2986 voluntatem
2741 2930 2937 2984 Patris.
2976 2929 3232 2984 Voluntas
3259 2946 3357 2982 au-

129 3027 189 3091 ἐξ
218 3030 422 3085 αὐτοῦ.
471 3030 624 3095 Ὀξὺς
652 3030 708 3083 δὲ
733 3032 761 3083 6
800 3028 1042 3100 κάλαμος
1065 3028 1160 3081 τοῦ
1207 3027 1436 3098 Πατῴς.
1484 3028 1541 3080 'U
1592 3028 1656 3097 μὲ

1793 3028 1898 3074 tem
1935 3019 2112 3076 Patris
2149 3034 2252 3089 est,
2296 3035 2354 3076 ut
2389 3026 2615 3093 ipsemet
2657 3025 2764 3077 ait:
2805 3023 2865 3078 Ut
2899 3038 3046 3074 ontne
3099 3020 3234 3091 quod
3275 3026 3359 3073 de-

132 3122 228 3192 γάρ
255 3123 497 3186 Μωσέως
527 3123 689 3192 νόμος
709 3123 796 3175 διὰ
824 3122 931 3175 τῶν
955 3123 1094 3176 κατά
1123 3123 1182 3175 τὸ
1205 3122 1439 3194 γράμμα
1473 3121 1657 3176 κύκλω

1792 3113 1869 3165 dit
1889 3113 2040 3176 mihi,
2075 3114 2208 3166 nihil
2230 3117 2447 3183 perdant
2477 3130 2540 3167 ex
2561 3131 2619 3166 eo
2647 3115 2712 3168 ³ο.
2750 3111 2914 3166 Velox
2945 3129 3070 3166 vero
3099 3123 3182 3166 est
3214 3111 3358 3166 caia-

129 3215 366 3286 ἀμυδρῶς
427 3215 616 3285 ἐδήλου
664 3214 734 3267 τὰ
777 3216 1054 3285 χρήσιμαο
1097 3216 1126 3266 6
1169 3215 1225 3266 δὲ
1274 3215 1449 3277 κοινὸς
1496 3214 1661 3284 Σωτὴι

1794 3223 1916 3261 mus
1944 3207 2138 3263 Patris.
2177 3207 2282 3262 Lex
2317 3224 2550 3278 namque
2603 3207 2768 3262 Musis
2803 3223 2897 3277 per
2927 3206 3124 3261 ductus
3154 3205 3360 3259 littera-

131 3306 392 3376 συντόμως
416 3307 652 3378 ἐδήλωσε
681 3307 742 3360 τὸ
776 3306 986 3376 Θὲλημα
1009 3306 1102 3358 τοῦ
1129 3307 1358 3376 Πατρός.
1394 3307 1547 3358 Ἐστι
1580 3309 1661 3378 γάέ

1795 3301 2259 3370 rumperobsenre
2293 3301 2615 3370 signiﬁcavit
2651 3316 2713 3353 ea
2768 3314 2887 3368 (tua!
2940 3297 3008 3352 ad
3063 3299 3354 3353 utilitatem

127 3398 365 3469 Μεγάλης
391 3400 587 3470 βουλῆς
623 3401 866 3468 ἄγγελος.
906 3399 1017 3453 Καὶ
1041 3401 1246 3470 λόγον,
1279 3401 1431 3472 φησι,
1468 3417 1654 3454 συιοτε

1795 3388 2076 3442 hominum
2111 3399 2275 3444 sunt:
2311 3388 2559 3441 Salvator
2595 3404 2721 3442 vero
2765 3387 3066 3442 communis
3098 3389 3148 3440 in
3205 3404 3356 3443 com-

128 3491 410 3559 τμημένον
433 3491 673 3556 ποιήσει
703 3490 752 3544 Κ
761 3493 922 3559 ὐριος
954 3494 1022 3545 ἐν
1048 3491 1122 3562 τῇ
1147 3493 1464 3562 οἰκουμένῃ
1496 3493 1628 3563 ὅλῃ.

1793 3481 1989 3548 pendio
2020 3481 2411 3534 demonstravit
2445 3481 2601 3534 nobis
2642 3481 2977 3536 voluntatem
3018 3477 3213 3534 Patris.
3265 3477 3360 3532 Est

1792 3569 1932 3622 enim
1960 3570 2140 3638 magni
2180 3569 2392 3625 consilii
2434 3571 2681 3642 angi-lus.
2743 3569 2809 3623 Et
2856 3571 3104 3634 verbum,
3147 3569 3355 3638 inquit,

1792 3665 2148 3717 abbret'iatttnt
2182 3663 2341 3732 faciet
2373 3663 2627 3716 Dominus
2651 3664 2702 3714 in
2735 3664 2978 3716 universo
3017 3661 3139 3714 orbe
3163 3661 3226 3713 ³¹.

129 3832 188 3890 Et
221 3838 269 3890 in
297 3837 530 3908 ejusdem
557 3839 884 3905 psalmi/uec
910 3841 1063 3895 verba
1094 3855 1114 3896 :
1150 3859 1168 3893 ι
1207 3841 1367 3907 Audi,
1399 3841 1537 3910 ﬁlia,
1567 3850 1616 3894 et
1653 3840 1783 3900 ride,
1829 3859 1845 3890 ι
1877 3849 2000 3900 etc.,
2037 3848 2310 3908 postquam
2345 3837 2537 3892 Basilii
2571 3847 2618 3891 et
2654 3839 3015 3908 Chrysostomi
3051 3838 3356 3892 explicatio-

652 3926 787 3977 nem,
817 3912 907 3980 qui
942 3920 1107 3965 totum
1136 3912 1272 3966 hunc
1310 3909 1480 3966 locum
1509 3914 1572 3965 de
1605 3910 1842 3964 Ecclesia
1873 3910 2196 3979 intelligunt,
2227 3911 2503 3978 pra'ntisit,
2537 3909 2745 3977 subjicit
2774 3926 2793 3963 .·

210 4067 294 4136 77)
336 4068 651 4133 Ἀθανάσιος
682 4070 738 4123 δὲ
767 4071 795 4123 ὁ
834 4075 974 4125 πάνυ
1020 4073 1110 4125 καὶ
1148 4075 1212 4143 τῇ
1262 4073 1392 4143 ἁγίᾳ
1436 4072 1661 4144 Θεοτόκιε

1862 4071 2190 4124 Athanasius
2225 4085 2351 4123 vero
2383 4069 2471 4122 illa
2503 4085 2750 4138 magnus,
2780 4086 2845 4124 au
2870 4081 3112 4125 sanetam
3137 4087 3355 4144 quoque

121 4160 391 4233 ἀνατίθησι
421 4163 515 4216 τό⁶
551 4165 870 4227 Ἄκουσον,
925 4167 1195 4234 θύγατερ,
1237 4167 1418 4220 καὶτὸ
1442 4184 1454 4196 ο
1491 4168 1661 4231 Αὐτός

1792 4162 2071 4231 Deiparam
2096 4162 2277 4225 refert,
2306 4160 2446 4230 quod
2470 4160 2688 4224 dicitur,
2717 4161 2879 4226 Attdi,
2905 4161 3019 4230 [ilia
3044 4179 3061 4216 :
3090 4174 3142 4217 et
3166 4163 3308 4220 istud
3333 4183 3350 4217 :

120 4249 238 4304 ἐστι
259 4253 472 4321 Κύριός
501 4252 855 4324 σου.⁶Ὡσπερ
883 4252 1064 4323 ὅμοιόν
1094 4255 1207 4306 ἐστι
1241 4254 1320 4306 τό.
1352 4253 1545 4322 Xa7pe,
1579 4270 1661 4306 κε-

1792 4253 1906 4322 Ipse
1939 4255 2071 4307 enim
2108 4252 2365 4306 Dominus
2399 4263 2542 4305 tuus.
2574 4251 2671 4304 Cui
2701 4252 2877 4306 simile
2906 4263 2987 4308 est
3021 4253 3149 4308 illud
3184 4274 3196 4309 :
3228 4255 3352 4322 Ave,

121 4343 497 4412 χαριτωμέγη,
517 4346 549 4397 ό
573 4345 784 4412 Κύριος
798 4345 947 4411 μετὰ
977 4345 1111 4399 σοῦ.
1139 4343 1390 4415 Εἱρηκὼς
1416 4346 1544 4416 γὰρ,
1567 4361 1661 4414 φη-

1792 4346 1954 4415 gratia
1971 4345 2146 4413 plena,
2171 4344 2422 4397 Dominus
2443 4354 2610 4396 tecum
2629 4343 2720 4398 ³¹⁸.
2747 4341 2881 4397 Nam
2905 4355 3190 4415 postquam
3219 4347 3353 4401 dixit

122 4435 217 4496 alv,
235 4437 260 4488 6
275 4435 437 4489 Δαυῒδ
455 4435 688 4506 Χριστὸν
700 4436 788 4488 τὸν
805 4437 976 4505 Λόγον
992 4437 1086 4490 τοῦ
1108 4437 1264 4500 Θεοῦ,
1286 4437 1447 4501 εὐθὺς
1471 4438 1561 4490 καὶ
1579 4438 1661 4508 τὴι

1792 4437 1969 4502 David,
1995 4437 2272 4492 Christum
2305 4452 2426 4491 csse
2453 4433 2691 4490 Verbum
2723 4435 2846 4504 Dei,
2883 4437 3027 4493 illico
3056 4439 3349 4494 humanam

118 4524 454 4597 ἀνθρωπίνην
489 4525 740 4596 γέννησιν
771 4524 1062 4596 δεδήλωκε,
1119 4525 1216 4598 τὴν
1273 4529 1336 4580 ἐκ
1384 4524 1653 4596 παρθένου

1792 4545 1998 4599 quoque
2053 4529 2170 4599 ejus
2200 4544 2264 4583 ex
2309 4527 2519 4597 virgine
2567 4528 2900 4583 nativitatem
2947 4532 3214 4600 exposuit.
3289 4531 3353 4587 Et

116 4617 216 4670 Καὶ
242 4618 269 4670 6
304 4617 406 4688 μὲν
440 4617 680 4689 Γαϐριὴλ
737 4618 1180 4690 κεχαριτωμένην
1231 4617 1416 4681 ἁπλῶς
1475 4617 1628 4670 καλεί
1660 4664 1661 4669 η

1792 4620 1996 4675 Gabriel
2029 4621 2246 4690 quidem
2289 4620 2611 4690 simpliciter
2637 4621 2809 4691 gratia
2850 4621 3064 4693 plenam
3097 4625 3348 4694 appellat,

115 4709 251 4774 ξένος
283 4708 359 4762 ὢν
391 4709 564 4778 αὐτῆς
611 4710 753 4764 κατά
785 4711 880 4780 τὴν
930 4713 1181 4782 γέννησιν
1207 4729 1220 4743 °
1264 4714 1292 4765 ὁ
1323 4713 1378 4766 δὲ
1410 4713 1571 4766 Δαυῒδ
1612 4715 1661 4766 ἐ)

1792 4729 1843 4768 :o
1887 4713 2031 4782 quod
2080 4714 2290 4768 alienus
2341 4713 2410 4766 ab
2443 4727 2508 4766 ea
2543 4722 2689 4768 esset
2721 4716 2898 4784 quoad
2948 4731 3156 4786 genus:
3185 4715 3349 4770 David

115 4797 198 4851 τοῦ
229 4799 540 4870 σπέρματος
570 4798 734 4854 αὑτοῦ
764 4802 1136 4871 τυγχάνουσαν
1183 4801 1455 4872 θυγατέρα
1509 4821 1661 4874 προσ-

1792 4823 1909 4860 νοτο
1945 4807 2110 4861 tiliam
2151 4807 2324 4870 dicit,
2382 4806 2526 4875 quod
2570 4822 2692 4861 eam
2734 4824 2802 4864 ex
2843 4810 3052 4864 semine
3080 4824 3182 4866 suo
3230 4824 3351 4864 esse

113 4895 286 4960 φωνεῖ.

1792 4899 1957 4954 sciret.

1238 5053 1302 5104 At
1339 5053 1389 5104 in
1422 5054 1809 5123 inscriptionem
1837 5058 2032 5126 psalmi
2067 5076 2208 5114 .\‘L\'l.

173 5211 278 5280 (78)
329 5213 684 5282 Ἄθανάσιος’
707 5215 805 5269 καὶ
848 5213 1168 5282 Κύριλλος.
1198 5216 1401 5287 Κλῆσιν
1434 5216 1601 5269 ἐθνῶν
1642 5219 1661 5269 ἐ

1848 5221 2168 5276 Athanasius
2192 5230 2239 5274 et
2267 5222 2518 5291 Cyrillus.
2567 5220 2956 5295 Przesignilicat
2992 5223 3078 5279 hic
3106 5224 3350 5294 psalmus

112 5301 309 5373 ιζραλμδς
344 5307 622 5377 σημαίνει,
653 5305 908 5378 ᾁδόμενος
936 5308 1000 5359 ἐκ
1036 5307 1328 5378 προσώπου
1364 5307 1469 5359 τῶν
1502 5307 1661 5374 ἁγίων

1792 5315 2115 5368 iocationem
2161 5315 2437 5384 gentium,
2489 5330 2612 5370 eum
2655 5330 2718 5370 ex
2753 5331 2984 5386 persona
3036 5326 3346 5370 sanctorum

113 5394 411 5454 ἀποστόλων
463 5399 869 5470 παραινούντων
918 5403 1029 5464 τοῖς
1078 5399 1285 5453 ἔθνεσιν
1336 5401 1661 5472 ἁνασκιρτᾷν

1792 5409 2142 5475 ipostolorum
2176 5417 2405 5462 canatur
2431 5450 2444 5474 ,
2495 5408 2585 5476 qui
2623 5419 2808 5479 gentes
2837 5409 3192 5463 cohortantur
3214 5445 3228 5470 ,
3289 5420 3345 5462 ut

181 5557 222 5587 ”
249 5555 408 5612 Joan.
442 5574 494 5624 v,
521 5558 609 5615 20.
692 5561 736 5592 ’⁸
769 5558 954 5615 Matth.
1033 5577 1150 5626 vm,
1190 5563 1240 5615 5.
1331 5563 1374 5594 ³⁸
1415 5562 1545 5618 Luc.
1580 5581 1650 5617 vn

1877 5569 1920 5599 ³⁰
1954 5567 2109 5622 Joan.
2144 5585 2216 5630 vt,
2249 5569 2334 5622 '59.
2408 5568 2447 5598 ³¹
2483 5569 2582 5622 lsa.
2624 5569 2813 5634 xt,25.
2919 5571 2984 5601 ³¹⁶
3012 5567 3144 5624 Luc.
3183 5586 3221 5636 ι,
3252 5567 3342 5622 28.

175 5710 279 5778 (Π)
313 5712 851 5795 _ll_a2_e_d_ive-t;sa.sunt
880 5715 1320 5795 abeamus-itione
1356 5717 1516 5794 hujus
1549 5735 1667 5772 ver-
1849 5724 1958 5795 (78)
1987 5723 2118 5780 Vide
2145 5735 2522 5795 argumentum
2556 5725 2743 5794 psalmi
2780 5742 2920 5779 vat.

112 5796 196 5834 sus
226 5802 237 5836 :
274 5784 361 5838 ubi
400 5783 452 5838 id
486 5784 551 5839 de
587 5782 824 5839 Ecclesia
860 5782 1086 5855 explicat
1123 5782 1451 5844 Athanasius
1479 5805 1661 5858 supra.
