4090 6312
705 337 804 390 567

1555 333 1612 389 S.
1653 335 2020 391 ATHANASII
2063 335 2211 392 OPP.
2249 335 2426 392 PARS
2460 339 2550 394 Ill.
2591 366 2661 379 —-
2700 337 3111 396 EXEGETICA.
3847 343 3934 400 568

697 468 790 522 per
814 453 1056 506 actiones
1091 449 1258 505 bonas
1289 465 1351 505 ae
1378 451 1664 520 prreclaras
1691 453 1962 506 exsultent
1985 467 2046 505 ac
2083 453 2276 506 trium-

2375 453 2462 506 διὰ
2508 453 2757 524 πράξεων
2807 455 3027 523 ἀγαθῶν
3077 456 3170 509 ἐπὶ
3202 458 3266 528 τῇ
3299 455 3564 528 γενομένῃ
3623 455 3753 530 νίκῃ
3811 459 3937 512 κατὰ

699 543 865 612 phent
895 543 960 596 de
995 551 1147 612 parta
1180 543 1408 597 victoria
1455 543 1520 597 de
1553 544 1890 599 demonibus
1921 545 2272 613 perniciosis-

697 633 876 690 simis.
934 633 1234 705 lnscriptus
1284 649 1448 704 porro
1495 644 1599 698 est,
1637 635 1742 688 Pro
1776 636 1906 705 [iliis
1945 634 2078 689 Core
2111 652 2129 688 .'
2166 649 2274 689 non

697 728 844 796 quod
875 729 1117 798 ipsorum
1151 742 1316 782 causa
1351 728 1652 796 composita
1687 728 1799 784 haec
1833 726 1934 780 oda
1960 768 1973 787 ,
2009 727 2104 780 sed
2129 725 2273 794 quod

695 835 793 890 per
829 821 975 892 ipsos
1008 820 1391 891 praecineretur
1417 861 1431 885 ,
1471 829 1655 889 utpote
1721 821 1785 872 ad
1825 819 2011 874 laudes
2045 817 2155 872 Deo
2188 817 2271 871 of-

699 911 952 966 ferendas
983 913 1331 967 constitutos.
1385 911 1649 965 Dicuntur
1677 923 1856 965 autem
1895 912 1996 964 ista
2017 951 2031 973 ,
2073 920 2131 963 ιιι
2155 913 2268 980 jum

700 1005 1077 1072 praemissum,
1129 1003 1180 1056 in
1229 1018 1462 1072 persona
1516 1012 1825 1057 sanctorum
1879 1003 2269 1070 apostolorum,

700 1102 885 1164 utpote
927 1096 1020 1166 qui
1064 1096 1203 1166 jussi
1233 1105 1389 1149 erant
1418 1095 1615 1149 docere
1643 1110 1834 1148 omnes
1866 1103 2072 1164 gentes.
2133 1094 2270 1160 Quia

697 1203 825 1242 vero
869 1189 1000 1244 ﬁdes
1053 1189 1413 1259 plurimorum
1463 1198 1516 1241 et
1586 1187 1946 1240 maximorum
2004 1187 2270 1241 bonorum

700 1281 1040 1336 conciliatrix
1076 1282 1325 1349 gentibus
1357 1280 1531 1335 fuerat
1563 1299 1575 1334 :
1610 1296 1706 1350 per
1747 1282 1885 1336 hanc
1917 1281 2062 1335 enim
2096 1281 2270 1334 vocati

696 1380 850 1422 erant
883 1371 934 1422 in
967 1370 1308 1439 adoptionem
1348 1369 1477 1435 Dei,
1518 1385 1581 1424 ac
1608 1371 2075 1440 participationem
2109 1370 2275 1440 Spiri-

695 1472 784 1514 tus
822 1461 995 1515 saucti
1022 1501 1035 1524 ,
1085 1463 1281 1516 divinae
1331 1477 1550 1532 quoque
1585 1472 1792 1518 natura:
1827 1465 2268 1518 communionem

697 1553 910 1618 sortiti,
950 1569 1012 1608 ac
1045 1555 1284 1624 opulenti
1321 1554 1510 1608 redditi
1549 1555 1737 1622 gratiis
1766 1555 2076 1609 caelestibus
2100 1597 2114 1618 ,
2145 1569 2271 1623 par-

696 1648 888 1714 ticipes
917 1648 1148 1716 denique
1181 1647 1303 1702 facti
1339 1657 1496 1703 erant
1527 1648 1642 1718 spei
1676 1656 2026 1710 sanctorum,
2069 1647 2272 1702 idcirco

697 1738 866 1806 igitur
895 1751 948 1793 et
980 1741 1199 1809 quidem
1229 1757 1336 1797 non
1370 1743 1574 1810 absque
1599 1741 1807 1795 ratione
1830 1782 1843 1806 ,
1875 1740 2137 1811 iubentur
2169 1755 2269 1810 pu-

695 1833 864 1888 blicas
894 1831 1214 1890 festivitates
1245 1849 1514 1904 peragere.

2296 1802 2347 1862 Β

2374 543 2483 597 τῶν
2538 547 2830 617 ἀλιτηρίων
2871 548 3162 618 δαιμόνων.
3221 548 3654 620 Ἐπιγέγραπται
3687 547 3745 601 δέ
3785 547 3938 617 ’Υπὲρ

2376 637 2494 691 τῶν
2532 638 2675 691 υἱῶν
2710 640 2879 707 Κορέο
2909 641 3007 710 οὐχ
3034 640 3110 703 ὼς
3137 641 3276 710 ὑπὲρ
3297 641 3519 693 ἐκείνων
3549 641 3771 704 πάντως
3797 657 3940 709 γεγε-

2375 729 2614 801 νημένης
2643 730 2738 801 τῆς
2765 730 2926 801 ᾠδῆς,
2963 731 3076 785 ἀλλ’
3101 731 3177 794 ὡς
3215 733 3280 786 δι’
3326 732 3502 786 αὐτῶν
3532 732 3834 803 ὑπηρετεῖν
3866 750 3940 786 τε·

2374 821 2661 892 ταγμένων
2690 824 3030 895 τῇ¹ἀναφορᾷ
3057 825 3154 895 τῆς
3175 824 3340 895 ᾠδῆς.
3387 825 3542 877 Ἐστι
3567 824 3647 885 δὲ.
3674 824 3754 888 ὼς
3799 827 3940 897 εἴρη-

2373 931 2495 977 ται,
2521 913 2631 968 τῶν
2662 915 2832 983 ἁγίων
2861 916 3172 969 ἀποστόλων
3217 916 3276 969 τὸ
3325 917 3634 987 πρόσωπον,
3673 916 3754 979 ὡς
3793 934 3939 970 κεκε-

2373 1003 2684 1074 λευσμένων
2717 1004 2894 1058 πάντα
2951 1004 3288 1075 μαθητεῦσαι
3328 1004 3396 1058 τά
3432 1003 3578 1076 ἐθνη.
3623 1005 3846 1076 Ἐπειδὴ
3892 1005 3940 1059 δὲ

2373 1096 2642 1150 πλείστων
2675 1097 2814 1150 ὅσων
2847 1097 3027 1161 αὐτοῖς
3052 1098 3144 1150 καὶ
3170 1096 3419 1167 μεγάλων
3452 1096 3673 1164 ἀγαθῶν
3703 1097 3940 1169 προμνή-

2375 1205 2534 1260 στρια
2567 1189 2790 1257 γέγονεν
2821 1190 2853 1259 ὴ
2887 1189 3088 1252 πίστις·
3107 1189 3400 1259 κέκληνται
3429 1188 3537 1260 γὰρ
3569 1189 3636 1242 δι’
3666 1189 3839 1259 αὐτῆς
3869 1192 3938 1252 εἰς

2374 1280 2647 1333 υἱοθεσίαν
2699 1281 2870 1347 Θεοῦ,
2916 1283 2994 1346 εἰς
3037 1281 3250 1352 μέθεξίν
3288 1299 3348 1334 τε
3401 1281 3555 1350 ἁγίου
3604 1281 3939 1352 Πνεῦματος,

2373 1374 2522 1438 θείας
2552 1391 2610 1426 τε
2637 1373 2850 1443 φύσεως
2877 1375 3130 1443 γεγόνασι
3165 1376 3430 1438 κοινωνοὶ,
3468 1375 3539 1428 τά
3569 1392 3631 1428 τε
3682 1375 3744 1439 ἐξ
3795 1375 3936 1445 οὐρα-

2372 1466 2464 1520 νοῦ
2502 1467 2816 1538 χαρίσματα
2866 1465 3294 1536 πεπλουτήκασι,
3329 1467 3422 1520 καὶ
3473 1465 3575 1536 τῆς
3624 1466 3734 1520 τῶν
3780 1466 3937 1534 ἁγίων

2373 1557 2582 1621 ἐλπίδος
2619 1559 2950 1630 συμμέτοχοι
2979 1557 3382 1630 καθεστήκασι·
3413 1559 3585 1629 ταύτῃ
3615 1575 3696 1611 τοι
3721 1560 3814 1613 καὶ
3846 1557 3937 1628 μά-

2372 1651 2438 1704 λα
2465 1651 2688 1715 εἰκότως
2713 1651 3100 1724 πανηγυρίζειν
3131 1653 3312 1715 αὐτοῖς
3335 1651 3738 1707 ἐπιτάττουσιν.

1249 1988 1310 2043 Et
1341 1991 1390 2042 in
1423 1990 1652 2060 ejusdem
1686 1991 1877 2059 psalmi
1903 1992 2055 2045 verba
2083 1991 2226 2044 ista:
2258 2008 2276 2041 ι
2313 1987 2545 2060 Subjecit
2571 1990 2787 2060 populos
2814 1989 2961 2044 nobis
2985 2031 3000 2058 ,
3030 2007 3050 2042 ι
3098 1998 3221 2055 etc.,
3256 2006 3302 2042 υ.
3339 1988 3373 2042 ι

767 2145 932 2201 Divus
967 2163 1092 2202 vero
1125 2147 1454 2200 Athanasius
1477 2188 1489 2208 ,
1521 2161 1615 2215 per
1640 2147 1868 2216 populos
1899 2155 1950 2201 et
1979 2156 2163 2217 gentes
2187 2145 2269 2198 in-

699 2240 892 2309 telligit
926 2237 1206 2302 Satanam,
1235 2250 1288 2295 et
1313 2256 1432 2310 qua:
1458 2255 1581 2293 cum
1623 2255 1688 2293 eo
1725 2250 1850 2294 sunt
1878 2241 2143 2308 malignas
2175 2255 2270 2306 po-

2445 2145 2556 2215 (79)
2595 2147 2654 2198 '0
2681 2146 2736 2198 δέ
2771 2145 2912 2210 θεϊος
2947 2145 3263 2208 Ἀθανάσιος
3286 2145 3446 2209 λαοὺς
3473 2145 3567 2199 καὶ
3601 2145 3731 2217 ἔθνη
3759 2145 3849 2200 τόν
3883 2163 3938 2200 τι

2375 2237 2614 2290 Σατανᾶν
2645 2238 2737 2290 καὶ
2773 2236 2872 2301 τὰς
2920 2237 3016 2292 σὺν
3049 2237 3198 2307 αὑτῷ
3241 2237 3481 2309 πονηρὰς
3509 2238 3771 2308 δυνάμεις
3811 2232 3939 2292 εἶναι

699 2339 938 2384 testates.
973 2328 1044 2384 De
1074 2330 1272 2400 quibus
1301 2331 1434 2384 dixit
1465 2328 1712 2384 Salvator
1741 2349 1753 2384 :
1785 2330 1913 2384 Ecce
1960 2332 2079 2383 dedi
2128 2332 2269 2383 vobis

2375 2347 2507 2400 φησι
2530 2347 2539 2356 ·
2575 2330 2701 2401 περὶ
2727 2323 2802 2383 ὧν
2828 2330 3013 2398 ἔλεγεν
3035 2332 3064 2382 ό
3089 2331 3280 2401 Σωτήρ
3305 2346 3318 2360 ⁸
3369 2331 3514 2385 Ἰδοὺ
3552 2330 3787 2385 δέδωκα
3807 2330 3938 2399 ὑμῖν

691 2429 1003 2487 potestatem
1038 2420 1309 2472 incedendi
1343 2437 1494 2487 super
1535 2421 1856 2488 serpentibus
1883 2429 1932 2473 et
1981 2421 2271 2486 scorpioni-

2376 2420 2586 2474 πατεῖν
2611 2422 2810 2475 ἐπάνω
2836 2422 3032 2490 ὄφεων·
3059 2422 3156 2476 καὶ
3206 2423 3533 2491 σκορπίων.
3565 2422 3648 2476 Τά
3681 2423 3792 2494 γάρ
3822 2423 3940 2479 ἔθνη

700 2509 795 2562 bus
817 2511 925 2563 "".
963 2508 1275 2564 Dtcmonum
1311 2526 1542 2580 namque
1568 2524 1754 2579 gentes
1779 2512 2004 2581 subjecit
2041 2512 2267 2580 pedibus

2373 2513 2480 2566 τῶν
2507 2513 2774 2568 δαιιιόνων
2796 2514 3028 2580 ὑπέταξε
3061 2515 3172 2577 τοῖς
3205 2515 3310 2569 τῶν
3342 2515 3654 2569 ἀποστόλων
3699 2515 3874 2567 ποσίν.

699 2602 1088 2669 apostolorum.

1905 2692 2031 2747 Item
2063 2695 2115 2746 in
2145 2694 2390 2763 prooemio
2419 2693 2552 2762 psal.
2586 2708 2751 2748 van.

771 2854 1112 2907 Athanasius.
1151 2851 1377 2906 Canitur
1402 2850 1563 2920 igitur
1594 2860 1647 2904 et
1676 2850 1763 2904 ltic
1790 2850 2029 2918 psalmus
2058 2863 2120 2902 ex
2155 2864 2270 2918 per-

2446 2848 2557 2919 (80)
2591 2851 2960 2918 Ἀθανάσιος.
2985 2851 3200 2904 Ἀδεται
3221 2850 3402 2922 μέντοι
3420 2851 3510 2906 καὶ
3522 2846 3680 2916 οὗτος
3697 2853 3727 2906 ό

698 2962 829 3000 sona
883 2954 1197 3001 sanctorum
1246 2944 1616 3012 apostolorum
1645 2983 1658 3006 ,
1714 2942 2083 2996 enarrantium
2129 2957 2265 3011 quas

2372 2943 2436 2996 ἐκ
2489 2943 2780 3016 προσώπου
2829 2944 2938 2997 τῶν
2982 2943 3152 3012 ἁγίων
3193 2943 3525 3009 ἀποστόλων,
3575 2944 3943 3016 διηγουμένων

698 3038 846 3108 passi
877 3045 1003 3091 sunt
1030 3037 1440 3105 persecutiones
1468 3042 1686 3103 propter
1715 3033 2179 3102 praedicationem,
2215 3043 2268 3089 et

2373 3035 2498 3096 τοὺς
2533 3035 2624 3088 διὰ
2649 3035 2710 3088 τὸ
2742 3036 3002 3107 κήρυγμα
3040 3034 3330 3103 διωγμοὺς,
3367 3033 3461 3088 καὶ
3497 3034 3596 3098 τάς
3640 3037 3798 3099 νίκας
3850 3034 3943 3098 τὰς

697 3129 956 3184 victorias
1003 3143 1138 3199 quas
1176 3129 1228 3182 in
1282 3125 1753 3196 persecutionibus
1800 3127 2118 3180 retulerunt.
2183 3123 2269 3180 In-

2375 3127 2467 3180 ἐπὶ
2495 3125 2703 3189 τούτοις
2730 3126 3044 3196 γενομένας.
3087 3122 3226 3194 ’ῼδὴ
3276 3125 3332 3178 δέ
3369 3125 3616 3194 ψαλμοῦ
3650 3127 3942 3200 ἐπιγέγρα-

697 3223 956 3276 scribitur
989 3231 1166 3276 autem
1218 3219 1491 3275 Canticum
1525 3220 1751 3287 psalmi,
1799 3233 1863 3272 eo
1900 3221 2043 3287 quod
2089 3219 2268 3274 ethica

2377 3236 2529 3282 πται,
2568 3218 2643 3282 ὡς
2670 3218 2768 3288 τῆς
2799 3217 2994 3290 ἠθικῆς
3028 3215 3344 3288 φιλοσοφίας
3386 3218 3523 3289 πρὸς
3556 3217 3657 3289 τὴν
3685 3219 3943 3290 θεωρητι-

698 3315 1038 3384 philosophia
1077 3329 1200 3369 cum
1239 3312 1532 3366 theoretica
1563 3311 1616 3363 in
1641 3326 1705 3365 eo
1728 3312 2017 3381 conjuncta
2047 3314 2135 3373 sit.

2381 3309 2481 3379 κὴν
2514 3307 2940 3380 συνδραμούσης.

1192 3469 1258 3524 Et
1288 3472 1341 3525 in
1375 3473 1527 3526 verba
1559 3470 1672 3538 ejus
1697 3487 1716 3525 :
1749 3490 1768 3523 ι
1801 3470 2062 3536 Quoniam
2091 3485 2204 3524 ecce
2233 3485 2373 3540 reges
2407 3477 2560 3524 terra:
2590 3467 2890 3540 congregati
2918 3473 3064 3531 sunt,
3093 3485 3111 3518 ι
3146 3475 3243 3522 etc.
3265 3508 3281 3536 ,
3310 3485 3359 3522 tt.
3395 3465 3448 3522 5.

772 3633 839 3686 At
868 3631 1163 3686 secundum
1198 3645 1454 3701 magnum
1502 3631 1856 3685 Athanasium
1885 3672 1899 3696 ,
1933 3630 2267 3700 signiﬁcatur

697 3726 785 3780 hic
819 3723 1046 3787 bellum,
1076 3723 1217 3792 quod
1249 3724 1317 3778 ob
1353 3723 1792 3793 prazdicationem
1830 3732 2016 3777 contra
2051 3733 2266 3790 aposto-

698 3818 780 3872 los
812 3825 1024 3886 gestum
1061 3823 1144 3869 est
1168 3853 1182 3877 ,
1213 3823 1325 3868 tam
1364 3829 1393 3868 a
1424 3813 1728 3868 visibilibus
1763 3814 2000 3885 gentium
2027 3813 2266 3882 regibus,

698 3923 864 3979 quam
895 3907 962 3960 ab
994 3906 1358 3960 invisibilibus
1407 3907 1778 3971 darmouibus,
1814 3907 1906 3975 qui
1932 3906 2058 3960 olim
2087 3906 2264 3960 domi-

698 4000 988 4054 nabantur.
1017 3998 1118 4064 Qui
1143 4009 1196 4053 et
1221 3999 1529 4053 conturbati
1555 4010 1680 4053 sunt
1702 4015 1764 4053 ac
1787 4008 1963 4052 mente
1986 3999 2262 4064 commoti,

701 4091 790 4145 ubi
821 4091 1072 4144 viderunt
1105 4089 1274 4144 Deum
1321 4091 1524 4146 sanctis
1569 4091 1684 4145 suis
1718 4091 1988 4144 auxiliari.
2053 4089 2266 4159 Insigne

697 4183 842 4238 enim
879 4183 1044 4236 robur
1074 4183 1343 4238 servantis
1371 4198 1497 4248 eos,
1538 4183 1949 4236 admirationem
1996 4191 2048 4236 et
2081 4191 2264 4251 stupoo

699 4288 810 4326 rem
844 4273 1043 4327 attulit.
1104 4272 1304 4326 Deinde
1337 4272 1497 4327 etiam
1529 4270 1831 4327 conturbati
1869 4280 1995 4324 sunt
2019 4311 2034 4334 ,
2085 4279 2144 4325 ut
2174 4271 2265 4340 qui

2447 3629 2557 3700 (8|)
2589 3627 2745 3682 Κατά
2770 3629 2825 3682 δὲ
2858 3629 2946 3682 τὸν
2977 3629 3148 3700 μέγαν
3195 3627 3530 3692 Ἀθανάσιον,
3584 3630 3614 3683 ό
3649 3630 3795 3685 κατὰ
3839 3633 3942 3685 τῶν

2373 3723 2687 3776 ἀποστόλων
2713 3721 2799 3776 διὰ
2828 3723 2887 3776 τὸ
2914 3724 3178 3792 κήρυγμα
3196 3721 3483 3791 γενόμενος
3511 3721 3752 3793 πόλεμος
3767 3724 3872 3777 ὑπο
3887 3741 3940 3776 τε

2373 3810 2482 3863 τῶν
2508 3810 2780 3882 αἰσθητῶν
2803 3811 3064 3880 βασιλέων
3085 3810 3191 3863 τῶν
3211 3810 3400 3874 ἐθνῶν,
3436 3811 3529 3864 καὶ
3565 3811 3675 3882 μὴν
3707 3813 3803 3866 καὶ
3839 3814 3943 3866 τῶν

2373 3902 2619 3973 ἀοράτων
2646 3902 2912 3972 δαιμόνων
2937 3901 3044 3954 τῶν
3078 3902 3243 3955 πάλαι
3264 3901 3677 3972 βασιλευόντων,
3712 3904 3943 3958 ἐνταῦθα

2375 3992 2714 4063 σημαίνεται.
2745 3991 2804 4045 02
2828 3993 2921 4046 καὶ
2951 3991 3369 4062 κατεπλάγησαν
3396 3991 3486 4044 καὶ
3511 3991 3832 4063 ἐξέστησαν,
3849 3995 3942 4064 τὴν

2375 4085 2674 4156 γενομένην
2705 4085 2950 4156 βοήθειαν
2980 4087 3129 4156 παρὰ
3159 4082 3253 4137 τοῦ
3280 4082 3414 4136 Θεοῦ
3447 4086 3555 4146 τοῖς
3588 4085 3771 4151 ἁγίοις
3815 4085 3943 4139 θεω-

2373 4178 2609 4250 ροῦντες.
2659 4178 2722 4230 Ἦ
2751 4178 2859 4248 γὰρ
2886 4176 3156 4248 ὑπερϐολὴ
3180 4177 3279 4246 τῆς
3320 4175 3500 4246 ἰσχύος
3537 4175 3631 4231 τοῦ
3677 4177 3944 4244 σώζοντος

2367 4271 2428 4323 τὸ
2461 4270 2645 4340 θαῦμα
2677 4271 2856 4335 αὐτοῖς
2878 4270 2968 4322 καὶ
2988 4269 3087 4338 τὴν
3105 4269 3442 4339 κατάπληξιν
3470 4267 3781 4339 εἴργασται.
3812 4269 3943 4324 Εἶτα

701 4365 898 4418 bellum
928 4363 1042 4418 Deo
1067 4363 1410 4428 intulissent,
1459 4378 1523 4418 ac
1558 4363 1609 4418 in
1641 4363 1871 4417 summis
1917 4361 2068 4417 fuere
2114 4364 2267 4417 dolo-

2371 4363 2765 4433 ἐταράχθησαν,
2789 4362 2864 4424 ὡς
2893 4361 2957 4415 ἂν
2979 4360 3114 4414 Θεοῦ
3144 4363 3512 4424 καταστάντες
3548 4361 3825 4432 πολέμιοι,
3849 4364 3941 4416 καὶ

696 4456 871 4510 ribus.
907 4455 1058 4522 Quod
1097 4469 1224 4509 vero
1257 4455 1513 4524 deinceps
1537 4455 1854 4524 subjicitur,
1888 4455 2028 4510 scias
2051 4495 2064 4517 ,
2099 4471 2262 4511 naves

696 4545 921 4602 Tharsis
947 4548 1054 4601 dici
1080 4561 1202 4614 qua:
1230 4545 1472 4615 ingentes
1497 4546 1716 4601 divitias
1753 4545 2028 4600 Salomoni
2069 4545 2262 4600 aﬂ‘ere-

694 4639 821 4693 bant
844 4679 856 4702 ,
897 4637 1350 4708 quemadmodum
1381 4638 1435 4691 in
1464 4637 1688 4692 historia
1723 4636 2031 4707 Regnorum
2064 4653 2262 4706 cogno-

693 4727 897 4781 vimus.
950 4727 1129 4794 Quare
1155 4729 1316 4783 etiam
1361 4728 1448 4783 hic
1477 4743 1572 4798 per
1603 4729 1866 4783 contritas
1896 4743 2060 4783 naves
2090 4727 2262 4782 Thar-

693 4821 770 4875 sis
795 4860 807 4882 ,
843 4820 1163 4891 signiﬁcavit
1189 4823 1693 4877 exterminationem
1722 4837 1884 4891 opum
1911 4830 1964 4876 et
2009 4824 2260 4891 potentia:

695 4928 880 4984 regum
913 4914 1313 4982 prardictorum.
1360 4913 1616 4983 Spiritum
1653 4928 1782 4967 vero
1825 4914 2118 4968 violentum
2164 4932 2258 4970 su-

697 5018 808 5058 mes
839 5019 936 5074 pro
961 5005 1214 5075 potentiis
1242 5005 1715 5072 intellectualibus,
1745 5021 1838 5076 per
1868 5022 2006 5076 quas
2039 5015 2258 5077 aposto-

697 5099 867 5151 lorum
904 5098 1089 5153 hostes
1114 5097 1413 5152 debellavit.

2368 4447 2508 4522 ἧσαν
2535 4453 2609 4515 ὡς
2644 4453 2698 4504 ἐν
2728 4450 2902 4505 ὠδῖσι.
2948 4451 3020 4503 Τό
3065 4467 3126 4519 γε
3170 4452 3276 4522 μὴν
3319 4452 3445 4522 ἑξῆς
3479 4453 3773 4524 εἰρημένον
3821 4455 3944 4508 ἐπι-

2370 4546 2571 4615 στήσας
2600 4545 2830 4615 νοήσεις,
2864 4543 2939 4607 ὡς
2965 4544 3089 4614 νῆες
3131 4542 3363 4614 Θαρσεῖς
3387 4544 3655 4612 ἐλέγοντο,
3707 4546 3944 4602 πλοῦτον

2368 4638 2629 4707 φέρουσαι
2659 4639 2829 4708 μέγαν
2867 4637 2943 4708 τῷ
2981 4636 3304 4707 Σολομῶντι,
3346 4637 3598 4710 καθάπερ
3637 4639 3698 4691 ἐν
3729 4643 3799 4712 τῇ
3832 4641 3942 4694 τῶν

2368 4728 2665 4781 Βασιλειῶν
2695 4727 3012 4799 ἐγνώκαμεν
3046 4727 3274 4800 ἱστορίᾳ.
3307 4730 3397 4782 Διὸ
3426 4730 3520 4783 καὶ
3570 4729 3667 4783 νῦν
3709 4731 3803 4786 διὰ
3832 4733 3943 4786 τῶν

2371 4817 2803 4890 συντριϐομένων
2848 4817 3046 4872 πλοίων
3088 4819 3320 4890 Θαρσεῖς
3369 4819 3466 4890 τὴν
3513 4821 3795 4876 ἀπώλειαν
3846 4822 3942 4879 τοῦ

2367 4909 2601 4963 πλούτου
2637 4911 2728 4963 καὶ
2756 4910 2853 4980 τῆς
2885 4911 3202 4973 δυναστείας
3236 4909 3345 4964 τῶν
3370 4911 3782 4983 προλεχθέντων
3815 4915 3940 4986 ἐδή-

2363 5003 2501 5057 λωσε
2540 5002 2824 5073 βασιλέων.
2875 5002 3098 5074 Πνεῦμα
3141 5005 3197 5058 δέ
3226 5004 3400 5075 βίαιον
3431 5003 3627 5075 νοητὰς
3675 5007 3940 5078 δυνάμεις

2365 5096 2514 5158 τινάς
2551 5097 2785 5166 νοήσεις,
2831 5095 2896 5149 δι’
2923 5089 2997 5149 ὧν
3027 5098 3150 5160 τοὺς
3200 5097 3427 5169 ἐχθροὺς
3474 5096 3583 5150 τῶν
3623 5096 3940 5153 ἀποστόλων

2368 5185 2834 5257 κατεπολέμησεν.

1546 5316 1675 5372 Item
1704 5319 1757 5372 in
1791 5319 1882 5372 illa
1914 5319 2064 5373 rerba
2094 5335 2112 5372 :
2149 5337 2166 5369 ι
2198 5316 2420 5389 Propter
2446 5319 2656 5391 judicia
2685 5328 2798 5385 tua,
2823 5318 3064 5375 Domine.
3103 5339 3123 5374 ι

765 5456 1063 5513 Athanasii.
1105 5458 1262 5524 Quia,
1299 5459 1492 5529 inquit,
1523 5459 1828 5530 dijudicaus
1855 5463 2093 5534 gentium
2121 5480 2252 5522 cau-

763 5573 805 5605 τ⁹
836 5573 964 5630 Luc.
986 5593 1015 5631 ι
1036 5577 1160 5634 .19.

763 5668 870 5747 (Ῑῼ)
899 5668 1028 5747 fide
1051 5675 1102 5747 in
1121 5681 1444 5747 argumento
1468 5674 1628 5746 hujus
1655 5676 1887 5747 psalmi.

763 5739 870 5805 (80)
907 5741 1031 5797 Vide
1062 5739 1278 5803 ibidem.

2434 5463 2542 5530 (εει
2579 5464 2955 5518 Ἀθανασίου.
2977 5465 3098 5521 Ὀτι
3121 5465 3308 5539 κρίνας
3330 5466 3427 5540 τὴν
3438 5467 3599 5542 δίκην
3612 5469 3724 5527 τῶν
3747 5470 3942 5540 leva",

2431 5673 2539 5736 (8|)
2574 5672 2646 5726 Ibi
2684 5675 2898 5731 videsis.

2429 5743 2536 5815 ise)
2576 5741 2703 5800 Vide
2735 5745 2865 5803 ibid.
