4090 6312
142 370 240 426 569

1089 368 1510 426 FRAGMENTA
1566 372 1922 428 COMMENT.
1965 373 2031 428 IN
2070 373 2409 430 PSALMOS.

3251 382 3357 437 570

141 490 402 560 ἐξήλασας
430 493 520 543 τὸν
548 491 664 544 κατ’
707 487 885 543 αὐτῶν
925 487 1178 558 πολέμιον
1225 489 1472 561 δαίμονα.
1523 493 1585 544 Εἰ
1638 493 1694 546 δὲ
1725 499 1757 553 Α

1831 511 1935 561 am,
1968 494 2174 566 ejecisti
2214 495 2513 549 daemonem
2546 507 2689 563 Ipsas
2718 494 3120 566 impugnautem
3173 495 3358 561 Quod'

142 581 337 654 ᾕύλεῖ,
359 583 484 652 ὅρος
517 582 652 636 Σιὼν
674 584 722 635 οἱ
743 582 804 635 τὸ
830 581 960 652 ὕψος
981 583 1078 652 τῆς
1109 582 1386 651 θεολογίας
1406 600 1668 637 πεπιστευ
1684 612 1700 623 -

145 673 293 744 μένοι
315 690 328 702 ·
361 671 656 744 θυγατέρες
696 673 753 726 δὲ
792 673 889 743 τῆς
949 674 1201 738 Ἰουδαίας
1231 675 1286 727 αί
1330 675 1471 728 κατά
1499 673 1594 744 τὴν
1623 675 1702 727 οἰ-

143 765 413 837 κουμένην
449 765 786 836 Ἑκκλησίαι,
814 766 888 830 ὡς
911 767 1014 820 ὑπὸ
1043 768 1151 820 τῶν
1175 767 1486 821 ἀποστόλων
1509 770 1703 836 παγεῖ-

145 840 255 922 aut,
283 859 334 911 οἳ
357 857 418 911 τὸ
447 857 600 926 γένος
628 858 686 924 ἐξ
723 859 988 912 Ἰουδαίων
1031 860 1286 930 κατῆγον.
1330 861 1621 931 Παρεγγυᾷ
1649 859 1705 913 δὲ

145 951 236 1002 καὶ
274 952 388 1013 τοῖς
434 950 797 1022 κηρύττουσιν
841 951 1224 1022 εὐφραίνεσθαι
1275 951 1438 1004 ἕνεκα
1494 951 1604 1004 τῶν
1635 952 1707 1004 δι-

147 1041 313 1094 καίων
335 1043 427 1096 τοῦ
449 1042 582 1096 Θεοῦ
611 1043 912 1113 χριμάτων,
943 1039 1022 1106 οἷς
1067 1043 1430 1114 χρησάμενος,
1462 1042 1558 1113 τὴν
1606 1043 1705 1113 τῆς

148 1134 468 1206 οἰκουμένης
489 1135 758 1206 σωτηρίαν
784 1135 1291 1206 ἐπραγματεύσατο.

1804 589 1849 643 si
1881 590 1954 644 ita
1975 587 2078 648 vis,
2103 601 2262 641 mons
2287 585 2439 652 Sion,
2464 587 2574 643 sint
2599 587 2794 656 quibus
2815 601 3062 656 suprema
3094 586 3359 656 theologia

1805 677 2114 732 concredita
2138 687 2222 731 est
2249 695 2261 730 :
2288 676 2410 732 tiliae
2443 693 2570 733 vero
2595 677 2811 740 Judaeae,
2846 677 3098 732 Ecclesiae
3125 692 3246 747 qua!
3268 691 3362 744 per

1805 769 1992 824 orbem
2034 777 2303 823 terrarum
2352 767 2609 838 dispersae
2658 778 2816 832 sunt,
2844 769 2911 822 ab
2937 767 3230 838 apostolis,
3268 763 3363 835 qui

1806 876 1976 932 genus
2004 877 2071 916 ex
2098 858 2301 916 Judazis
2333 860 2599 914 ducebant
2619 902 2633 925 ,
2664 861 2988 916 constilutae.
3049 857 3207 912 lubet
3237 872 3366 912 vero

1808 956 1970 1010 etiam
1994 945 2379 1024 praedicatores
2411 954 2646 1020 gaudere
2681 961 2896 1021 propter
2916 951 3061 1020 justa
3101 949 3193 1004 Dei
3221 949 3366 1021 judi-

1812 1047 1913 1113 cia,
1945 1059 2065 1115 qua:
2097 1058 2358 1099 exercens
2382 1043 2530 1098 orbis
2559 1043 2786 1097 salutem
2806 1050 3060 1113 operatus
3081 1049 3186 1096 est.

683 1290 817 1346 ltcm
849 1295 903 1344 in
933 1290 1070 1358 psal.
1103 1305 1228 1344 χιιι
1264 1289 1359 1344 illa
1387 1288 1538 1343 verba
1566 1306 1583 1344 :
1617 1308 1636 1342 ι
1666 1287 1750 1342 Ea:
1773 1286 1902 1345 Sion
1931 1289 2119 1358 species
2145 1289 2345 1343 decoris
2370 1289 2481 1358 ejus
2504 1331 2516 1352 ,
2555 1306 2575 1340 ι
2605 1296 2725 1353 etc.,
2751 1301 2796 1338 υ.
2826 1284 2880 1340 2.

215 1454 330 1524 (85)
371 1455 529 1509 Κατά
559 1455 613 1507 δὲ
640 1453 729 1506 τὸν
759 1452 930 1522 μέγαν
972 1449 1282 1504 Ἀθανάσιον
1305 1488 1322 1516 ,
1366 1451 1429 1503 ἐκ
1473 1452 1571 1520 τῆς
1603 1450 1713 1504 ἀνω

151 1544 286 1599 Σιὼν
319 1549 347 1599 ὁ
380 1546 580 1617 Κύριος
615 1545 710 1615 τὴν
739 1543 995 1614 δευτέραν
1043 1542 1342 1613 παρουσίαν
1392 1544 1672 1613 ποιήσεται
1697 1581 1712 1603 .

151 1639 246 1707 τὴν
273 1639 512 1707 ἐπιφανῆ
536 1639 626 1690 καὶ
660 1636 888 1703 ἔνδοξον,
930 1638 994 1705 ἢν
1039 1637 1132 1688 καὶ
1165 1634 1494 1704 εὐπρέπειαν
1524 1635 1718 1702 ὡραιό-

152 1744 309 1797 τητος
341 1729 626 1800 κέκληκεν.

1890 1447 1958 1501 At
1993 1447 2286 1501 secundum
2321 1462 2573 1517 magnum
2614 1445 3002 1511 Athanasium,
3036 1460 3101 1500 ex
3129 1444 3377 1515 superna

1823 1539 1985 1593 Sione
2017 1540 2312 1592 secundum
2364 1540 2652 1593 adventum
2684 1555 2840 1594 suum
2870 1540 3163 1593 constituet
3190 1537 3378 1593 Domi-

1821 1648 1946 1694 nus,
1983 1632 2269 1697 illustrem,
2299 1631 2518 1698 inquam
2541 1671 2555 1695 ,
2587 1631 2736 1684 illum
2769 1639 2822 1685 et
2851 1631 3183 1701 gloriosum,
3215 1644 3378 1701 quem

1820 1727 1984 1781 etiam
2014 1726 2214 1781 idcirco
2247 1727 2480 1796 speciem
2515 1727 2727 1781 decoris
2765 1725 3071 1795 appellavit.

856 1884 919 1938 In
949 1886 1085 1956 psal.
1121 1901 1149 1938 ι
1182 1883 1332 1939 verba
1356 1901 1374 1940 ,τ
1408 1902 1425 1935 ι
1457 1885 1561 1940 Cor
1586 1885 1835 1943 mundum
1861 1905 1975 1941 creo
2000 1889 2053 1942 in
2084 1904 2202 1951 me,
2235 1885 2369 1940 Deus
2393 1923 2410 1945 ,
2449 1904 2469 1936 ι
2501 1902 2548 1940 υ.
2591 1882 2684 1941 12..

223 2047 333 2118 (84)
360 2047 516 2101 Κατά
545 2047 600 2101 δὲ
641 2047 730 2100 τὸν
767 2047 937 2118 μέγαν
984 2047 1317 2114 Ἀθανάσιον,
1369 2051 1586 2122 Πνεῦμα
1614 2053 1707 2104 τὸν
1741 2054 1757 2108 Ι

1881 2049 2188 2106 Secundum
2243 2061 2423 2107 autem
2484 2067 2741 2122 magnum
2797 2051 2950 2107 illum
3002 2052 3382 2120 Athanasium,

156 2140 278 2191 νοῦν
305 2140 600 2194 ἐκάλεσεν·
634 2140 789 2203 εύθές
838 2141 895 2194 δὲ
926 2140 1089 2195 αὑτοῦ
1138 2142 1198 2195 τὸ
1247 2143 1490 2214 ἑδραῖον·
1518 2143 1719 2198 ὠσανεὶ

155 2229 335 2299 λέγοι*
379 2233 698 2302 Ἀσςράλισαί
736 2251 834 2304 μου
855 2233 946 2288 τὸν
978 2233 1123 2299 νοῦν,
1151 2236 1245 2289 τοῦ
1283 2237 1477 2308 μηκέτι
1500 2237 1719 2291 εὔκολον

159 2319 294 2379 εἶναι
325 2327 688 2380 καταπίπτειν
725 2330 802 2391 εἰς
827 2329 1123 2399 ἁμαρτίαν.

1827 2142 2086 2212 Spiritum
2133 2147 2422 2215 appellarit
2474 2146 2645 2216 ipsam
2680 2157 2946 2210 mentem;
3009 2146 3387 2200 rectitudinem

1824 2251 1952 2288 vero
1986 2252 2081 2303 pro
2110 2237 2363 2292 ﬁrmitate
2389 2238 2506 2307 ejus
2536 2238 2690 2301 dixlt,
2715 2239 2870 2306 quasi
2893 2237 3114 2294 dixisset
3139 2257 3153 2294 :
3178 2239 3388 2293 Conﬁr-

1824 2340 1910 2379 ma
1942 2338 2174 2379 mentem
2208 2343 2401 2391 meam,
2429 2338 2486 2383 ut
2509 2344 2849 2397 nequaquam
2874 2330 3127 2400 proclivis
3149 2331 3220 2386 sit
3239 2329 3389 2388 dein-

1825 2433 1949 2488 ceps
1979 2418 2045 2472 ad
2085 2419 2475 2488 prolabendum
2515 2420 2570 2474 i-n
2604 2429 2904 2489 peccatum.

758 2572 822 2628 In
859 2573 997 2645 psal.
1028 2589 1098 2630 ιι
1133 2576 1228 2630 illa
1259 2577 1412 2632 verba
1442 2593 1463 2631 :
1494 2595 1514 2627 ι
1547 2575 1590 2629 Α
1617 2576 1757 2644 [inibi

1837 2584 1992 2630 terra
2021 2573 2090 2626 ad
2119 2583 2168 2629 le
2205 2573 2451 2636 clamavi,
2484 2593 2502 2625 ι
2539 2581 2663 2637 etc.,
2692 2589 2741 2627 υ.
2772 2571 2826 2629 5.

263 2731 607 2786 Αθανασισυ
651 2733 747 2786 καί
800 2733 1112 2788 Ε’ίοσεϐἰου.
1160 2733 1382 2803 ’Λκηδιᾷ
1428 2733 1482 2786 δὲ
1518 2731 1730 2800 ἀληθῶς

165 2821 258 2874 καὶ
296 2821 555 2890 ἀδημονεί
599 2823 707 2884 πᾶς
747 2821 996 2892 θεοφιλὴς
1035 2823 1112 2893 τῷ
1157 2823 1333 2893 θνητῷ
1382 2822 1730 2893 ἐνδιατρίϐων

165 2912 270 2982 βίῳ
295 2929 307 2941 ⁸
340 2912 601 2983 ἀδημονεῖ
626 2913 682 2966 δὲ
720 2914 812 2966 καὶ
837 2913 925 2966 διὰ
952 2914 1376 2983 φιλανθρωπίαν,
1432 2913 1491 2965 τὸ
1530 2913 1728 2982 πλῆθος

159 3019 275 3056 των
317 3005 704 3078 ἀπολλυμένων
738 3004 976 3076 θεωρῶν.
1025 3006 1239 3077 Ἐπειδὴ
1273 3002 1363 3058 οὖν
1393 3006 1487 3057 καὶ
1527 3003 1688 3057 Δαυῒδ
1711 3045 1726 3068 ,

162 3097 246 3157 είς
313 3096 412 3165 τὴν
462 3089 920 3149 καταδυναστείαν
972 3097 1065 3149 καὶ
1115 3095 1402 3166 τυραννίδα
1451 3095 1557 3149 τῶν
1607 3095 1723 3148 δαι-

165 3191 346 3257 μόνων
393 3187 633 3257 θεωρῶν,
692 3188 919 3257 ἀκηδίας
952 3189 1308 3260 πεπλήρωτο,
1346 3189 1533 3242 τούτου
1569 3191 1725 3261 χάριν

161 3278 424 3340 ἱκετεύει,
451 3280 617 3341 ὃπως,
653 3279 932 3347 ἐπιφανεὶς
966 3281 995 3332 ὁ
1036 3278 1257 3351 Κύριος,
1288 3281 1386 3350 τῆς
1413 3281 1520 3334 τῶν
1550 3281 1724 3350 βιαζοο

165 3370 348 3438 μένων
377 3372 528 3440 ἡμᾶς
553 3369 798 3440 ἐξέληται
840 3371 1019 3443 χειρός
1048 3371 1180 3443 (85).
1232 3372 1304 3425 Τὸ
1349 3372 1426 3436 δὲ,
1465 3374 1582 3426 ἀπὸ
1611 3371 1728 3426 τῶν

1901 2731 2180 2787 Athanasii
2234 2739 2283 2782 et
2339 2727 2573 2782 Eusebii.
2633 2729 2842 2781 Anxius
2883 2738 3030 2784 certe
3060 2738 3220 2785 estet
3251 2726 3395 2786 dolet

1837 2824 2016 2877 onmis
2051 2822 2142 2874 Dei
2176 2835 2384 2885 amans,
2409 2821 2535 2874 dum
2561 2819 2670 2889 agit
2703 2819 2754 2872 in
2790 2820 2889 2872 hac
2916 2821 3023 2873 vita
3051 2839 3062 2872 :
3090 2820 3234 2874 dolet
3267 2835 3394 2876 vero

1833 2917 1996 2969 etiam
2039 2916 2108 2969 ob
2151 2914 2571 2967 benevolentiam
2595 2953 2610 2976 ,
2645 2912 2834 2965 videns
2880 2920 3080 2964 tantam
3115 2911 3396 2965 hominum

1831 3006 2228 3061 multitudinem
2263 3005 2457 3073 perire.
2495 3002 2632 3070 Quia
2665 3003 2827 3074 igitur
2856 3003 3016 3057 etiam
3047 3000 3210 3056 David
3231 3043 3247 3066 ,
3272 3017 3398 3056 cum

1829 3098 2123 3166 respiceret
2156 3095 2220 3149 ad
2253 3096 2545 3164 potentiam
2592 3111 2655 3149 ac
2699 3094 3035 3166 tyrannidem
3069 3095 3398 3162 daamonum,

1833 3191 2104 3245 anxietate
2143 3187 2536 3258 corripiebatur
2560 3227 2574 3252 ,
2631 3187 2834 3242 idcirco
2861 3188 3128 3256 supplicat
3165 3185 3276 3241 Deo
3299 3228 3314 3252 ,
3342 3196 3400 3240 ut

1836 3284 2099 3340 Dominus
2129 3285 2185 3338 in
2211 3301 2368 3338 carne
2399 3300 2456 3339 se
2483 3282 2838 3338 manifestans
2858 3325 2874 3348 ,
2909 3297 3009 3337 nos
3037 3280 3103 3335 de
3150 3279 3401 3335 manibu'

1835 3375 2205 3442 torquentium
2227 3383 2401 3427 cruat.
2432 3373 2563 3426 Illud
2592 3389 2741 3438 vero,
2765 3392 2794 3426 a
2825 3373 3016 3443 ﬁnibus
3042 3383 3214 3435 term,
3239 3370 3399 3441 signi-

161 3461 448 3527 περάτων
479 3461 588 3529 τῆς
616 3461 747 3532 γῆς,
776 3463 1027 3534 σημαίνει
1058 3466 1198 3536 ὑπὲρ
1244 3467 1419 3537 πάσης
1457 3465 1617 3518 αὑτὸν
1640 3467 1736 3536 τῆς

1842 3466 1964 3520 licat
1995 3466 2169 3534 ipsum
2209 3481 2306 3535 pro
2335 3467 2589 3519 universo
2623 3474 2887 3520 terrarum
2915 3467 3044 3519 orbe
3070 3478 3257 3534 preces
3281 3462 3398 3517 fun-

159 3553 497 3622 οἰκουμένης
528 3554 844 3622 ποιούμενον
875 3554 973 3617 τὰς
1001 3554 1168 3618 λιτάς.
1201 3558 1274 3610 Οὐ
1303 3558 1460 3627 μόνον
1483 3559 1560 3619 δὲ,
1605 3559 1737 3612 ἀλλὰ

159 3644 263 3696 καὶ
289 3644 349 3696 τὺ
384 3643 549 3715 μέσον
589 3645 722 3699 Θεοῦ
765 3646 859 3700 καὶ
891 3646 1190 3718 ἀνθρώπων
1222 3650 1409 3713 οὐσίας
1436 3651 1569 3703 πολὺ
1598 3668 1739 3722 παρ-

163 3736 436 3800 ιστῶντα,
492 3738 631 3791 κατὰ
676 3737 736 3791 τὸ
779 3741 836 3792 ἐν
868 3739 945 3810 τῷ
994 3732 1424 3812 Ἐκκλησιαστῇο
1487 3742 1548 3794 '0
1593 3742 1737 3808 Θεὸς

159 3823 236 3877 ἐν
267 3822 351 3890 τῷ
381 3825 616 3893 οὐρανῷ
643 3825 785 3889 ἅνω,
825 3827 924 3879 καὶ
967 3826 1047 3881 σὺ
1092 3827 1160 3882 ἐν
1202 3825 1272 3896 τῇ
1308 3825 1383 3898 γῇ
1418 3827 1591 3882 κάτω.
1633 3827 1738 3881 Τοῦ

165 3919 367 3986 μέντοι
399 3918 699 3988 Σύμμαχον
733 3919 1067 3989 σαφέστερον
1103 3919 1368 3986 εἰπόντος,
1398 3921 1468 3973 ἐν
1493 3919 1570 3986 τῷ
1601 3921 1743 3989 ἀδη-

153 4011 404 4082 μονεῖν,
441 4010 829 4081 ἐναργέστερον
863 4012 954 4063 καὶ
995 4010 1462 4081 ἐμφαντικώτερον
1506 4007 1658 4067 εἷπον
1697 4014 1745 4067 οἱ

171 4101 618 4172 Ἐὃδομήκοντα,
660 4101 755 4153 Ἑν
791 4099 870 4166 τῷ
897 4101 1239 4169 ἀκηδιὰσαι.
1289 4105 1598 4175 ’Δδημονεῖν
1637 4105 1744 4176 γὰρ

161 4197 267 4248 καὶ
314 4195 409 4248 ἐπὶ
438 4197 550 4257 τοῖς
599 4196 814 4265 μικροῖς
847 4195 1096 4262 λέγεται·
1138 4196 1364 4268 ἀκηδιᾷν
1405 4197 1462 4250 δὲ
1489 4198 1582 4250 ἐπὶ
1630 4199 1744 4262 τοῖς

160 4286 440 4357 μεγάλοις
465 4286 700 4349 πάντως,
732 4287 859 4340 ὅταν
885 4286 973 4343 διὰ
996 4287 1056 4341 τὸ
1086 4288 1287 4358 πλῆθος
1313 4288 1419 4342 τῶν
1441 4289 1625 4343 κακῶν
1645 4289 1748 4343 λοι·

157 4379 272 4432 πδν
305 4378 419 4431 τῶν
453 4379 511 4430 ἐν
559 4377 706 4447 μέσῳ
757 4393 841 4440 τις
890 4377 1384 4449 περιλαμϐάνεται,
1434 4377 1748 4450 ἀπαγορεύῃ

155 4472 314 4543 πρὸς
338 4469 483 4523 αὐτὰ
511 4472 604 4523 καὶ
633 4465 744 4523 οἷον
768 4470 1153 4541 ἀπογινώσκει,
1184 4472 1343 4542 ῥίψας
1370 4471 1464 4525 τοῦ
1497 4471 1615 4535 νοὸς
1638 4472 1752 4541 βους

153 4563 450 4635 λεύματα,
470 4562 545 4627 ὡς
579 4562 775 4633 μηκέτι
804 4562 989 4635 φέρειν
1019 4558 1130 4628 οἷός
1162 4581 1219 4617 τε
1247 4562 1342 4616 ὢν.

1845 3557 1990 3612 dere.
2041 3555 2225 3626 Neque
2252 3557 2352 3611 hoc
2377 3566 2584 3611 tantum
2610 3596 2626 3620 ,
2676 3557 2770 3611 sed
2804 3565 2857 3611 et
2880 3555 3117 3610 ntedium
3148 3554 3404 3622 quiddam
3509 3576 3517 3589 ι

1846 3650 1984 3703 inter
2045 3650 2136 3704 Dei
2191 3665 2253 3704 ac
2308 3650 2586 3705 hominum
2647 3649 3004 3706 substantiam
3054 3648 3405 3709 constituere.

1845 3739 2139 3794 secundum
2191 3740 2319 3792 illud
2356 3738 2692 3794 Ecclesiasta:
2721 3758 2734 3792 :
2768 3737 2902 3792 Deus
2944 3739 2998 3791 in
3044 3740 3170 3792 coelo
3200 3750 3407 3790 sursum

1845 3840 1922 3886 est
1945 3847 1962 3884 :
1987 3841 2036 3885 et
2081 3840 2135 3884 tu
2166 3831 2219 3883 in
2263 3839 2400 3884 terra
2428 3830 2571 3899 infra
2599 3831 2663 3882 “.
2705 3829 2770 3884 Et
2795 3829 3154 3901 Symmachus
3187 3828 3406 3898 quidem

1848 3924 1930 3978 sic
1957 3924 2102 3978 clare
2130 3923 2278 3978 hunc
2306 3923 2484 3977 locum
2513 3922 2766 3988 reddidit,
2797 3921 2929 3978 Cum
2961 3921 3210 3976 dolerem.
3239 3919 3390 3990 Signi

1847 4016 2062 4070 cantius
2099 4029 2230 4069 vero
2260 4023 2312 4068 et
2343 4015 2579 4085 apertius
2611 4014 2958 4084 Septuaginta
2995 4032 3008 4066 :
3051 4012 3183 4065 Dum
3216 4012 3408 4066 anxius

1845 4123 2027 4160 essem.
2066 4105 2226 4160 Dolor
2248 4107 2392 4162 enim
2421 4107 2581 4161 etiam
2619 4106 2686 4160 de
2724 4105 2950 4159 minutis
2988 4105 3146 4159 malis
3175 4101 3408 4158 dicitur:

1853 4198 2097 4253 anxietas
2152 4213 2282 4253 vero
2321 4199 2387 4253 de
2430 4199 2643 4270 magnis
2689 4199 3066 4253 tantummodo
3094 4237 3109 4262 ,
3170 4195 3411 4266 quando,

1848 4292 2190 4346 multitudine
2218 4291 2480 4344 malorum
2520 4292 2922 4346 circumventus
2963 4289 3122 4360 quis,
3172 4292 3410 4343 animum

1847 4383 2144 4452 despondet
2182 4398 2246 4438 ac
2271 4383 2428 4453 quasi
2474 4383 2760 4452 desperat,
2811 4382 3022 4452 abjecto
3064 4382 3214 4438 omni
3245 4381 3412 4437 animi

1847 4477 2100 4544 consilio,
2135 4485 2194 4531 ut
2229 4477 2322 4548 qui
2356 4477 2498 4532 malo
2525 4476 2750 4533 ferendo
2779 4491 2878 4548 par
2903 4491 3009 4531 non
3041 4476 3130 4530 sit.

987 4744 1056 4798 Et
1086 4747 1135 4799 in
1167 4762 1299 4802 vers.
1329 4755 1614 4805 sequentem
1649 4761 1668 4799 .·
1703 4764 1720 4797 ι
1754 4744 1818 4798 In
1851 4755 1997 4813 petra
2023 4746 2270 4800 exaltasti
2295 4761 2374 4800 me
2396 4788 2412 4814 ,
2446 4765 2466 4800 ι
2498 4762 2544 4801 ν.
2575 4746 2627 4801 5.

234 4909 368 4982 (86)
407 4908 778 4973 Ἀθανὰσιος.
820 4906 964 4980 Πρὸς
993 4906 1051 4962 δὲ
1080 4907 1314 4961 διάνοιαν
1348 4907 1628 4978 κρείττους
1656 4923 1750 4974 γε·

1927 4909 2268 4961 Athanasius.
2309 4905 2616 4963 Secundum
2651 4907 2978 4963 intellectum
3008 4923 3156 4973 vero,
3184 4909 3286 4962 sive
3308 4924 3418 4963 sen-

149 5007 421 5076 γόναμεν
449 5001 561 5058 τῶν
605 5001 1016 5073 ἐπηρεαζόντων
1048 5001 1315 5070 δαιμόνων
1359 5001 1444 5053 διὰ
1489 4999 1746 5071 Χριστοῦ,

1857 5019 1972 5054 sum
2002 5002 2352 5070 spiritualem,
2382 5003 2660 5056 victoriam
2693 5001 3089 5071 reportavimus
3120 5001 3188 5056 de
3217 5000 3418 5055 daemo-

149 5099 213 5164 δς
246 5098 448 5168 πέτρα
480 5093 559 5170 τῷ
587 5097 837 5166 μακαρίῳ
858 5095 1268 5165 κατωνόμασται
1296 5094 1508 5164 Παύλῳ.
1536 5095 1645 5146 Καὶ
1665 5094 1751 5146 ἵνα

1860 5094 2042 5156 nibus,
2091 5095 2181 5163 qui
2238 5109 2336 5148 nos
2370 5093 2717 5159 infestabant,
2758 5109 2852 5163 per
2895 5092 3191 5158 Christum,
3244 5093 3335 5161 qui
3386 5107 3416 5144 a

144 5195 250 5249 τὸν
288 5189 430 5246 νοῦν
463 5189 680 5243 ἅπαντα
719 5188 820 5258 τῆς
864 5187 1180 5257 ψαλμῳδίας
1212 5186 1368 5249 εἴπω,
1402 5185 1749 5255 εὐχαριστίαν

1859 5184 1920 5241 D.
1943 5185 2109 5240 Paulo
2136 5196 2284 5256 petra
2311 5185 2607 5255 appellatur
2634 5185 2694 5238 ³³.
2720 5183 2784 5238 Et
2808 5194 2865 5239 ut
2890 5184 3081 5254 psalmi
3115 5184 3275 5253 hujus
3292 5197 3419 5236 sen-

147 5294 178 5344 ὁ
208 5291 396 5356 λόγος
429 5284 695 5355 περιέχει.
747 5283 929 5336 Ταῦτα
972 5282 1079 5352 γάρ
1113 5299 1221 5352 μοι.
1274 5282 1455 5351 φησὶν,
1506 5279 1748 5350 ὑπῆρξαν

1858 5295 1976 5333 sum
2014 5280 2324 5334 universum
2359 5294 2664 5349 exponam,
2724 5279 2964 5332 continet
3017 5277 3063 5332 is
3117 5275 3414 5347 gratiarum

148 5383 267 5437 ὅσα
300 5378 647 5449 προείρηκα,
686 5374 870 5445 ἐπειδὴ
891 5376 952 5428 σὺ
971 5373 1152 5437 αὐτὸς,
1186 5373 1214 5424 ό
1246 5372 1398 5435 Θεὸς,
1419 5371 1627 5442 ἐπῆράς
1659 5389 1748 5440 με,

1861 5372 2148 5426 actionem.
2170 5370 2273 5425 Ista
2302 5372 2445 5426 enim
2477 5373 2685 5436 omnia,
2709 5371 2901 5443 inquit,
2935 5387 3053 5442 qua:
3080 5367 3416 5426 enumeravi.

224 5518 278 5549 ³¹
328 5513 522 5570 Eccle.
555 5528 609 5575 ν,
645 5511 694 5564 1.
774 5508 817 5540 ³³
847 5507 866 5561 l
897 5508 1023 5564 Cor.
1057 5525 1112 5572 ι,
1138 5508 1190 5562 εί.

1862 5653 2095 5694 versum.

225 5658 370 5717 {83)
404 5653 541 5708 Vide
570 5651 700 5705 ibid-
1862 5653 2114 5719 '“"§‘.'.."‘:.
2140 5709 2151 5719 .
2226 5709 2234 5718 .
2260 5709 2272 5719 .
2502 5707 2513 5716 .

1931 5713 2037 5781 (86)
2081 5709 2153 5766 lbi
2188 5709 2306 5767 vide
2339 5709 2608 5780 superius.

227 5728 369 5786 (84)
415 5724 551 5778 Vide
591 5737 752 5789 supra
787 5720 850 5775 ad
879 5719 1022 5774 hunc
1050 5719 1247 5772 locum.

228 5798 368 5871 (85)
414 5794 542 5850 llaec
595 5786 862 5849 habentur
912 5791 964 5844 in
1013 5789 1442 5860 Expositionibus
1491 5787 1556 5844 ad
1608 5786 1749 5842 hunc
