4068 6310
716 365 815 423 571

1559 365 1614 418 S.
1658 362 2026 419 ATHANASII
2059 363 2210 420 OPP.
2253 364 2433 419 PARS
2460 364 2549 420 lll.
2578 394 2648 405 -—
2689 362 3096 420 EXEGETlCA.

3846 361 3934 419 57‘2

711 484 1024 540 acciderunt
1064 485 1193 538 mibi
1220 485 1474 553 quoniam
1512 494 1589 547 tu,
1623 500 1655 538 ο
1684 484 1847 550 Deus,
1877 486 2125 541 exaltasti
2167 501 2276 553 me,

2379 487 2471 540 καὶ
2500 486 2718 556 ὖψωσας
2752 489 2807 540 ἐν
2839 490 2902 558 τῇ
2932 487 3080 557 παρά
3115 489 3195 539 σοὶ
3227 485 3416 554 πέτρᾳ,
3441 484 3561 553 ἥτις
3592 484 3748 535 ἐστὶν
3796 482 3824 533 ὁ
3860 483 3937 544 σος

705 586 764 633 et
783 577 1019 633 extulisti
1053 591 1140 631 me
1182 579 1235 629 in
1261 585 1433 646 petra,
1473 593 1594 646 qua:
1629 579 1769 646 apud
1808 585 1861 632 te
1888 588 1990 644 est,
2022 580 2075 634 in
2113 580 2274 634 verbo

710 670 918 727 scilicet
947 679 1037 724 tuo
1067 687 1080 722 :
1109 669 1360 724 Christus
1388 672 1534 724 enim
1567 679 1685 724 crat
1710 681 1858 740 petra
1885 672 1997 727 illa.
2023 671 2156 739 Quia
2182 672 2276 741 igi-

707 769 798 818 tur
820 761 987 816 verbo
1020 770 1116 815 tuo
1147 775 1231 814 me
1256 760 1532 822 exaltasti,
1567 772 1726 830 atque
1756 761 1828 816 ita
1850 763 2132 818 sublimem
2153 761 2276 816 feci-

708 857 802 921 sti,
840 863 900 909 ut
925 869 1029 909 non
1065 854 1297 922 amplius
1327 855 1380 908 in
1411 854 1588 908 medio
1610 865 1788 921 terrae,
1819 855 1910 919 sed
1936 856 1987 908 in
2019 854 2275 908 extremis

707 949 829 1018 ejus
853 947 1088 1002 habitem
1128 967 1139 1000 :
1181 948 1401 1016 insuper
1433 949 1595 1000 etiam
1621 950 1748 1017 quia
1788 949 2056 1002 deduxisti
2084 962 2188 1009 me,
2218 955 2277 1000 ut

701 1041 818 1109 jam
871 1041 1204 1109 propinquus
1230 1039 1326 1092 tibi
1367 1038 1540 1093 factus
1581 1041 1705 1104 sim,
1742 1049 1797 1094 et
1828 1041 1953 1109 quia
1984 1055 2108 1108 spes
2139 1055 2277 1107 quo-

706 1147 813 1202 que
843 1146 958 1184 mea
992 1129 1167 1184 factus
1197 1146 1255 1184 es
1281 1172 1295 1195 ,
1333 1147 1436 1200 qua
1487 1131 1768 1186 conlidens
1813 1146 1919 1184 non
1957 1131 2277 1194 confundar,

707 1221 833 1291 quia
884 1220 1118 1287 denique
1158 1235 1279 1273 cum
1319 1222 1501 1276 hostes
1555 1221 1706 1274 multi
1739 1236 1822 1274 me
1871 1221 2184 1290 impeterenl
2219 1237 2282 1276 ac

706 1326 1014 1390 quaererent
1045 1316 1284 1370 animam
1337 1328 1548 1376 meam,
1592 1321 1646 1366 tu
1689 1314 1837 1367 solus
1863 1323 2050 1367 contra
2092 1329 2282 1367 omnes

709 1409 1036 1472 suﬂiciebas,
1069 1405 1244 1460 factus
1263 1405 1392 1458 mihi
1424 1405 1591 1458 turris
1614 1403 1982 1467 fortitudinis;
2019 1405 2152 1465 haec,
2189 1406 2271 1456 in-

703 1517 892 1573 quam,
933 1500 1114 1554 omnia
1145 1512 1265 1550 cum
1306 1512 1335 1549 a
1366 1504 1416 1550 te
1441 1506 1763 1551 consecutus
1795 1487 1919 1558 sini,
1950 1498 2141 1549 merito
2177 1496 2271 1548 tibi

706 1594 939 1665 hymnos
959 1590 1145 1656 oﬂ'ero,
1169 1597 1228 1644 ut
1252 1586 1349 1657 qui
1373 1585 1504 1640 mihi
1529 1588 1771 1640 omnium
1797 1587 2272 1640 honorumanctor

707 1686 894 1744 tueris.

2379 582 2536 650 λόγος
2559 600 2571 612 ’
2609 585 2642 653 ἡ
2680 585 2852 654 πέτρα
2881 584 2988 656 γὰρ
3016 581 3080 655 ἦν
3112 586 3140 636 ὁ
3167 584 3410 655 Χριστός.
3461 582 3610 634 Ἐπεὶ
3651 581 3834 632 τοίνυν

2378 671 2520 743 λόγῳ
2555 690 2646 726 σου
2687 674 2905 744 ὔιζιωσάς
2952 692 3038 744 με,
3089 676 3183 727 καὶ
3237 673 3503 743 μετέωρον
3544 671 3846 740 ἐποίησας,
3874 671 3938 733 ὡς

2383 765 2579 836 μηκέτι
2613 768 2882 818 κατοικεῖν
2909 765 2976 819 τὰ
3014 765 3151 835 μέσα
3183 763 3283 833 τῆς
3334 762 3457 831 γῆς,
3505 761 3617 814 ἀλλ’
3655 762 3714 812 ὲν
3763 761 3938 829 ἇκφις

2384 859 2551 929 αὐτῆς
2577 857 2866 926 γενέσθαι·
2916 858 3014 929 ἢδη
3054 858 3108 910 6‘s
3167 858 3260 909 καὶ
3315 855 3599 925 ὠδὴγησάς
3653 871 3760 922 με,
3812 851 3936 904 ὥστε

2384 950 2609 1021 πλησίον
2658 967 2748 1002 σου
2781 949 3001 1019 φθάσαι.
3033 948 3260 1016 γέγονάς
3304 964 3360 999 τε
3410 946 3561 1008 ἐλπίς
3611 963 3738 1014 μου,
3787 945 3834 996 δι
3883 946 3938 1013 ἦν

2382 1041 2568 1095 ἐλπίδα
2590 1040 2650 1092 ού
2682 1039 3218 1109 καταισχυνθήσομαι
3240 1054 3252 1068 '
3282 1035 3415 1089 ἀλλά
3451 1036 3541 1088 καὶ
3573 1035 3788 1087 πολλῶν
3834 1037 3939 1085 ἑπι-

2384 1133 2650 1204 κειμένων
2681 1132 2881 1200 νοητῶν
2907 1130 3133 1202 ἐχθρῶν,
3167 1129 3276 1182 τῶν
3311 1128 3611 1198 ζητούντων
3643 1129 3745 1197 τὴν
3772 1127 3938 1195 ψυχήν

2387 1243 2508 1295 μου,
2542 1226 2661 1277 ἀντὶ
2690 1223 2902 1275 πάντων
2930 1223 3166 1293 ἧρκεσας
3197 1222 3260 1274 σὺ
3304 1221 3480 1290 μόνος,
3515 1219 3726 1290 πύργος
3768 1221 3938 1288 ἰσχύος

2388 1334 2475 1387 μοι
2499 1318 2783 1385 γενόμενος
2805 1333 2817 1345 ·
2847 1315 3071 1377 εἰκότως
3104 1314 3305 1366 τούτων
3331 1313 3582 1366 ἀπάντων
3627 1312 3829 1381 τυχῶν,
3882 1313 3939 1364 σὺ

2376 1415 2392 1476 (
2417 1409 2551 1477 forte
2585 1409 2697 1473 σοι)
2727 1408 2851 1468 τοὺς
2882 1405 3081 1476 ὕμνους
3111 1404 3436 1474 ἀναπέμπω,
3466 1401 3541 1468 ὡς
3565 1404 3826 1458 ἁπάντων
3859 1419 3942 1475 μοι

2374 1500 2479 1553 τῶν
2509 1500 2726 1568 ἀγαθῶν
2747 1499 3020 1573 γενομένῳ
3055 1497 3231 1567 αἰτίῳ.

1551 1774 1618 1827 Et
1651 1777 1701 1830 in
1725 1790 1925 1829 versum
1960 1783 2284 1842 sequentem:
2322 1792 2339 1822 ι
2379 1770 2656 1825 Drdttxisti
2684 1788 2780 1834 me,
2812 1791 2829 1822 ι
2872 1781 2994 1838 etc.,
3023 1789 3069 1826 υ.
3100 1773 3134 1823 ι

787 1944 1066 2000 Athanasii
1089 1953 1136 1998 et
1163 1941 1372 2012 Cyrilli.
1413 1939 1548 2006 Quia
1582 1955 1708 1994 vero
1756 1939 1856 1992 VllB
1908 1936 2106 1991 ducum
2154 1951 2278 2005 pro-

2451 1937 2560 2004 (87)
2606 1938 2950 1992 Ἀθανασίου
2997 1937 3092 1990 καὶ
3145 1937 3464 2006 Κυρίλλου.
3536 1935 3693 1991 Ἐπὶ
3744 1938 3802 1991 δὲ
3847 1939 3942 1991 τῶν

706 2037 883 2108 prium
912 2044 995 2088 est
1019 2035 1413 2096 demonstrare,
1449 2047 1695 2100 quaenam
1725 2032 1807 2082 via
1859 2039 1974 2082 tuta
2025 2029 2115 2089 sit,
2153 2044 2272 2095 ηυδε

710 2143 835 2183 vero
870 2126 1169 2198 periculosa
1202 2133 1254 2178 et
1299 2124 1597 2193 perniciosa
1628 2141 1639 2175 :
1677 2123 1840 2175 etiam
1876 2121 1978 2173 hoc
2019 2119 2271 2174 Christus

709 2219 903 2274 fecisse
935 2216 1287 2285 compcritur,
1340 2213 1465 2266 dum
1509 2213 1620 2265 ait:
1662 2211 1770 2277 Ego
1798 2225 1913 2262 sum
1959 2209 2041 2262 via
2090 2218 2138 2261 et
2181 2225 2267 2261 os-

710 2311 840 2362 tium
886 2306 951 2362 “.
990 2307 1123 2361 Illud
1151 2321 1300 2368 vero,
1331 2305 1496 2358 turris
1532 2301 1881 2363 fortitudinis,
1914 2301 2050 2354 idem
2095 2308 2178 2354 est
2207 2314 2271 2354 ac

707 2402 752 2455 si
781 2400 1047 2455 dixisset:
1091 2396 1277 2452 Murus
1328 2412 1391 2450 ac
1437 2404 1675 2448 tutamen
1704 2393 1836 2448 mihi
1873 2392 2047 2446 lactus
2097 2407 2178 2453 es,
2212 2399 2271 2444 ut

706 2492 838 2546 nihil
876 2491 1007 2545 mihi
1045 2489 1256 2545 accidat
1285 2488 1432 2552 mali,
1468 2502 1592 2541 cum
1629 2486 1680 2539 hi
1715 2484 2015 2539 molestiam
2052 2483 2269 2552 pariunt

707 2583 928 2637 inimici.
958 2580 1207 2636 Christus
1235 2594 1470 2650 namque
1518 2579 1683 2632 turris
1717 2585 1799 2632 est
1849 2575 2059 2631 stabilis
2106 2585 2267 2647 atque

705 2675 1049 2732 inconcussa.

1391 2785 1458 2838 Et
1489 2785 1542 2839 in
1576 2784 1846 2854 sequentia
1878 2795 1900 2838 :
1938 2800 1958 2835 ι
1998 2781 2266 2835 Habitabo

777 2950 1123 3016 Athanasius,
1151 2951 1406 3023 Cyrinus.
1444 2949 1523 3005 Ad
1557 2965 1776 3006 sensum
1806 2965 1936 3007 vero
1967 2949 2080 3005 :Ex
2109 2950 2268 3006 bonis

705 3057 827 3112 qua
849 3044 959 3113 jam
985 3060 1014 3098 a
1041 3047 1149 3100 Deo
1173 3053 1475 3114 acceperat,
1518 3059 1665 3113 spem
1701 3043 1802 3098 sibi
1840 3043 1968 3099 facit
2009 3043 2170 3097 etiam
2201 3043 2268 3097 de

706 3136 927 3202 futuris,
964 3137 1108 3207 quod
1145 3137 1401 3192 nimirum
1447 3146 1694 3205 receptus
1726 3137 1779 3189 in
1812 3151 2045 3205 superna
2086 3137 2266 3188 taber-

704 3227 922 3290 nacula,
957 3243 1170 3298 semper
1206 3229 1307 3283 sub
1335 3228 1426 3282 Dei
1466 3229 1568 3281 erit
1603 3226 1957 3295 protectione.
2000 3224 2271 3291 Quemad-

705 3316 926 3369 modum
982 3317 1126 3370 enim
1179 3317 1273 3386 qui
1323 3314 1519 3369 festum
1567 3315 1783 3383 aliquod
1816 3315 1988 3368 aeturi
2025 3323 2170 3380 sunt,
2207 3330 2270 3370 eo

699 3407 810 3476 jam
843 3407 1188 3477 praetoribus
1238 3409 1552 3473 exSistente,
1604 3409 1942 3477 iucunditate
1990 3425 2053 3463 ac
2087 3409 2270 3463 laetitia

705 3499 937 3568 quadam
976 3499 1396 3570 perfunduntur,
1446 3508 1501 3555 et
1553 3500 1700 3570 quod
1736 3500 1975 3553 nondum
2032 3515 2272 3568 praesens

704 3592 860 3661 quasi
890 3607 1129 3661 praesens
1184 3593 1507 3646 intuentur:
1559 3591 1638 3646 sic
1685 3591 1848 3645 etiam
1897 3591 2089 3653 sancti,
2144 3605 2268 3644 cum

705 3684 878 3741 bonas
925 3698 1049 3753 spes
1092 3683 1324 3738 habeant
1373 3683 1438 3738 de
1479 3682 1662 3738 futura
1707 3682 1813 3736 vita
1841 3723 1858 3747 ,
1910 3683 2154 3736 laetantur
2199 3681 2267 3736 de

703 3778 839 3846 ipsa.
875 3777 1001 3832 Alas
1022 3791 1150 3831 vero
1176 3777 1410 3846 appellat
1430 3775 1785 3831 Providentiae
1807 3775 2002 3830 divinae
2032 3784 2267 3845 potesta-

705 3875 851 3920 tem:
887 3881 918 3919 a
951 3882 1058 3935 qua
1100 3875 1274 3921 tectus
1307 3867 1484 3921 omnis
1533 3865 1626 3920 Dei
1662 3882 1851 3938 amans
1885 3881 2160 3936 nunquam
2197 3881 2263 3919 ex

705 3955 1054 4011 tabernaculo
1100 3953 1193 4011 Dei
1241 3955 1473 4022 excedit,
1516 3957 1606 4011 sed
1656 3956 1710 4010 in
1747 3965 2007 4011 aeternum
2062 3955 2114 4009 in
2148 3955 2263 4024 ipsa

705 4056 1004 4116 permanet.

2371 2028 2705 2098 ὀδηγούντων
2756 2029 2885 2080 ῑδιον
2919 2029 2979 2081 τὸ
3024 2028 3309 2093 δεικνύειν,
3367 2029 3497 2082 ποία
3557 2030 3658 2099 μὲν
3706 2031 3940 2098 ἀσφαλὴς

2371 2120 2507 2184 ὁδὸς,
2533 2120 2742 2173 ποὶαδὲ
2771 2121 3012 2191 σφαλερά
3041 2122 3133 2174 καὶ
3159 2120 3394 2193 βλαϐερά
3427 2121 3841 2193 μαρτύρεσθαι·
3863 2124 3942 2174 καὶ

2369 2211 2526 2262 τοῦτο
2557 2211 2790 2281 Χριστὸς
2823 2211 3134 2279 πεποιηκὼς
3159 2211 3471 2282 εὑρίσκεται
3499 2251 3512 2274 ,
3537 2213 3599 2264 ἐν
3625 2211 3710 2281 τῷ
3735 2211 3940 2278 λέγειν·

2386 2301 2532 2368 Ἐγώ
2551 2305 2666 2369 εἰμι
2695 2305 2732 2369 ἡ
2757 2301 2894 2366 ὁδὸς
2923 2302 3019 2354 καὶ
3046 2302 3084 2367 ’ἡ
3113 2303 3278 2371 θύρα.
3311 2303 3382 2355 Τὸ
3404 2304 3480 2363 δὲ,
3511 2304 3726 2374 πύργος
3753 2305 3940 2373 ἰσχύος,

2373 2395 2556 2464 ὅμοιον
2590 2394 2719 2444 ὡσεὶ
2742 2392 2920 2460 λέγοι·
2953 2394 3141 2464 Τοῖχος
3175 2393 3265 2446 καὶ
3295 2394 3562 2461 ἀσφάλεια
3594 2395 3850 2462 γέγονας,
3875 2398 3939 2457 sl;

2372 2483 2433 2536 τὸ
2470 2483 2632 2554 μηδὲν
2659 2485 2849 2536 παθεῖν
2882 2483 3424 2556 ἐπηρεαζόντωντῶν
3467 2484 3700 2555 ἐχθρῶν.
3737 2485 3938 2556 Πύργος

2371 2576 2480 2647 γὰρ
2512 2577 2742 2648 ἑδραῖος,
2776 2575 3166 2638 ἀκατάσειστος
3190 2577 3218 2628 ὁ
3258 2577 3508 2647 Χριστός.

2298 2783 2352 2836 in
2383 2777 2724 2835 tabernacqu
2752 2788 2862 2846 tuo,
2906 2798 2927 2830 ›
2955 2789 3080 2846 etc.,
3111 2797 3157 2834 τ.
3191 2781 3244 2834 5.

2448 2947 2556 3020 (88)
2603 2946 2962 3013 Ἀθανάσιος,
2988 2945 3304 3011 Κύριλλος.
3337 2944 3477 3015 Πρὸς
3496 2944 3551 2997 δὲ
3578 2945 3727 3009 νοῦν,
3764 2935 3938 3013 ἀφ’ὧν

2376 3040 2476 3110 ἤδη
2507 3039 2724 3110 εἴληφεν
2745 3037 2984 3106 ἀγαθῶν,
3006 3037 3099 3089 καὶ
3132 3037 3260 3107 περὶ
3306 3036 3412 3090 τῶν
3459 3036 3766 3105 μελλόντων
3798 3036 3933 3089 ὲλπίο

2378 3128 2480 3194 ζει,
2513 3130 2592 3183 ὅτι
2627 3129 2711 3202 δὴ,
2771 3132 2848 3192 εἰς
2896 3128 2992 3192 τάς
3019 3129 3129 3182 ἀνω
3163 3128 3366 3198 σκηνὰς
3401 3127 3657 3196 γεγονὼς,
3697 3129 3802 3180 ὑπὸ
3848 3127 3937 3198 τὴν

2377 3220 2538 3274 αὑτοῦ
2566 3220 2654 3273 διὰ
2687 3220 2886 3282 παντὸς
2924 3219 3211 3288 γενήσεται
3249 3217 3476 3286 σκέπην.
3517 3217 3732 3287 Ὥσπερ
3765 3217 3869 3288 γάρ
3893 3217 3936 3268 oi

2375 3314 2654 3383 μέλλοντες
2679 3311 2946 3366 ἐπιτελεῖν
2980 3311 3192 3380 ἑορτὴν,
3226 3310 3390 3376 ἐγγύς
3420 3326 3478 3361 τε
3503 3311 3594 3361 καὶ
3627 3311 3723 3361 ἐπὶ
3757 3308 3934 3380 θύραις

2368 3405 2579 3473 ἔχοντες
2598 3405 2788 3474 αὐτὴν,
2820 3399 3372 3473 προαναπίμπλανται
3400 3399 3690 3471 θυμηδίας,
3736 3402 3829 3453 καὶ
3847 3400 3934 3469 τὴν

2368 3498 2519 3551 οὔπω
2553 3495 2831 3567 παροῦσαν
2860 3497 2934 3558 ὼς
2966 3496 3068 3566 ἤδη
3097 3494 3376 3566 παροῦσαν
3405 3494 3604 3563 ὁρῶσιν
3627 3510 3638 3523 ·
3673 3493 3820 3546 οὕτω
3851 3493 3934 3546 καὶ

2365 3590 2414 3642 οἱ
2445 3589 2608 3656 ἆγιοι,
2638 3587 2878 3660 χρηστὰς
2916 3586 3132 3656 ἔχοντες
3177 3586 3397 3649 ἐλπίδας
3425 3588 3516 3639 ἐπὶ
3561 3589 3626 3656 τῇ
3669 3586 3934 3658 μελλούσῃ

2368 3680 2502 3753 ζωῇ,
2534 3681 2811 3751 χαίρουσιν
2840 3679 2926 3730 ἐπ’
2952 3679 3111 3748 αὐτῇ.
3145 3678 3426 3749 Πτὲρυγας
3449 3678 3506 3730 δὲ
3533 3678 3694 3730 καλεῖ
3723 3677 3824 3741 τὰς
3846 3678 3932 3730 τοῦ

2365 3772 2499 3825 Θεοῦ
2535 3769 2892 3842 προνοητικάς
2919 3769 3176 3841 δυνάμεις
3200 3786 3212 3799 °
3249 3771 3337 3838 ὑφ’
3365 3768 3432 3832 ἃς
3469 3768 3734 3822 σκέπεται
3759 3772 3788 3823 ὁ
3822 3770 3932 3822 θεοι-

2369 3864 2546 3933 φιλὴς,
2591 3862 2857 3933 μηδέποτε
2902 3861 2999 3932 τῆς
3053 3862 3254 3932 σκηνῆς
3305 3860 3603 3932 ἀναχωρῶν
3638 3860 3734 3914 τοῦ
3782 3858 3931 3928 Θεοῦ,

2370 3955 2503 4009 ἀλλά
2539 3955 2603 4008 δι’
2639 3953 2832 4017 αἰῶνος
2856 3954 2914 4006 ὲν
2939 3953 3076 4025 αὐτῇ
3106 3953 3391 4006 κατοικῶν.

1230 4163 1300 4217 Et
1326 4165 1495 4220 adhuc
1528 4166 1580 4217 in
1612 4165 1804 4219 verba:
1850 4183 1868 4215 ι
1903 4163 2107 4218 Dedisti
2143 4164 2495 4218 hwreditatem
2529 4163 2834 4219 timentibus
2861 4179 3046 4218 nomen
3074 4170 3241 4230 tuum,
3274 4172 3408 4216 sete.

777 4317 990 4373 Eusebii
1025 4328 1074 4373 et
1128 4319 1424 4373 Athanasii.
1480 4319 1771 4374 Sciendum
1806 4333 1993 4388 porro,
2043 4332 2165 4373 esse
2210 4318 2262 4373 in

706 4409 794 4465 his
838 4410 1015 4465 verbis
1069 4411 1355 4467 obscuram
1419 4411 1866 4480 significationem
1920 4425 2060 4465 verte
2120 4409 2265 4464 illius

706 4502 1052 4557 hereditatis.
1086 4503 1160 4556 Ea
1193 4518 1322 4557 vero
1359 4504 1576 4557 estvita
1617 4511 1838 4556 aeterna.
1879 4499 1982 4556 Sed
2013 4516 2136 4555 cum
2160 4501 2263 4554 ista

704 4595 921 4648 demum
954 4593 1004 4648 in
1038 4593 1222 4648 futuro
1249 4595 1448 4648 saeculo
1472 4593 1646 4647 damla
1691 4593 1782 4658 sit,
1833 4593 2104 4663 quomodo
2135 4606 2265 4663 ergo

704 4686 781 4740 ait
813 4685 999 4754 David,
1039 4685 1235 4740 Dedisti
1260 4688 1283 4740 ?
1312 4686 1432 4740 Ideo
1462 4687 1741 4750 nimirum,
1765 4687 1890 4754 quia
1921 4688 2044 4740 licet
2073 4701 2134 4740 ea
2167 4701 2262 4739 ex-

703 4787 977 4847 spectetur
1025 4788 1148 4846 post
1201 4778 1650 4833 resurrectionem
1682 4817 1696 4842 ,
1749 4775 1872 4830 data
1927 4786 2109 4830 tamen
2158 4784 2260 4838 est,

705 4869 832 4938 quia
858 4868 970 4938 jam
1003 4869 1130 4922 olim
1166 4881 1352 4939 parata
1385 4879 1462 4922 cst
1495 4869 1561 4923 iis
1587 4868 1680 4938 qui
1722 4883 1822 4922 suo
1859 4877 2099 4938 tempore
2141 4881 2262 4922 eam

705 4969 831 5013 sunt
875 4959 1139 5029 adepturi.
1193 4958 1430 5014 Observa
1489 4967 1692 5026 autem,
1741 4959 1904 5013 etiam
1950 4958 2264 5012 timentibus

705 5047 874 5103 Deum
901 5051 1081 5104 datam
1123 5066 1245 5104 esse
1295 5049 1682 5104 Itazreditatem.
1721 5047 1776 5102 Si
1806 5048 1988 5117 itaque
2039 5045 2123 5099 his
2171 5044 2263 5114 qui

704 5141 864 5212 longe
904 5142 1188 5197 inferiores
1213 5152 1345 5204 sunt
1368 5158 1429 5196 ca
1461 5141 1582 5196 data
1616 5151 1733 5195 est:
1773 5141 1941 5194 multo
1974 5152 2105 5209 ergo
2146 5153 2263 5190 ma-

706 5235 787 5302 gis
816 5235 882 5291 iis
912 5235 1002 5304 qui
1038 5235 1197 5306 longe
1249 5235 1409 5290 altius
1450 5235 1903 5298 conscenderunt,
1937 5228 2039 5284 hoc
2066 5239 2147 5284 est
2176 5229 2258 5281 di-

703 5323 994 5393 ligentibus
1027 5324 1214 5379 Deum.
1247 5325 1402 5390 Quod
1433 5340 1560 5379 vero
1584 5324 1856 5378 indeﬁnite
1886 5322 2038 5383 dixit,
2073 5323 2260 5373 timen-

705 5416 868 5476 tibus,
916 5432 1016 5471 nec
1059 5414 1265 5470 addidit
1310 5415 1510 5471 Judazis
1545 5425 1638 5470 aut
1684 5415 1932 5486 gentibus
1961 5454 1973 5477 ,
2023 5428 2088 5467 eo
2141 5414 2256 5482 ipso

702 5505 958 5574 expandit
1015 5508 1242 5576 gratiam
1278 5523 1431 5563 suam
1468 5524 1631 5578 super
1674 5507 1956 5563 universos
1989 5506 2253 5560 homines.

773 5640 818 5674 “
834 5639 991 5696 Joan.
1024 5658 1127 5707 xiv,
1153 5642 1215 5709 6;
1246 5660 1300 5711 x,
1327 5645 1378 5699 9.

773 5758 883 5833 (87)
923 5762 1048 5817 Vide
1077 5765 1324 5832 supetius
1355 5766 1405 5818 in
1443 5762 1886 5832 EJ‘posilionibus.

2440 4318 2735 4373 Εὐσεϐίου
2784 4318 2882 4371 καὶ
2936 4319 3302 4373 Ἀθανασιου.
3366 4319 3556 4374 ’ἰστέον
3594 4321 3798 4392 μέντοι,
3855 4341 3906 4377 ο.

2370 4404 2542 4459 ταῦτα
2568 4406 2794 4476 αἴνιγμα
2842 4406 2954 4476 ἔχει
3001 4406 3094 4459 καὶ
3143 4407 3242 4478 τῆς
3275 4408 3504 4479 ἀληθοῦς
3557 4411 3923 4484 κληρονομίας.

2369 4497 2517 4568 Αὕτη
2545 4499 2602 4551 δέ
2637 4500 2784 4551 ἐστιν
2822 4500 2856 4570 ἡ
2909 4497 3125 4563 αἰώνιος
3170 4499 3303 4571 ζωή.
3372 4502 3532 4556 Ἀλλά
3572 4506 3677 4575 μὴν
3711 4505 3842 4577 αὕτη
3875 4507 3926 4558 ὲν

2370 4591 2445 4661 τῷ
2471 4591 2713 4662 μέλλοντι
2745 4591 2900 4645 αἰῶνι
2926 4591 3209 4662 δοθήσεται
3229 4609 3244 4623 ο
3281 4593 3398 4657 πῶς
3435 4589 3528 4648 οὖν
3559 4591 3680 4648 εἷπε
3701 4637 3715 4661 ,
3751 4596 3924 4650 Λέδω-

2369 4698 2520 4749 κιιςς
2552 4683 2696 4746 Ὅτι,
2731 4685 2780 4736 εἰ
2806 4683 2899 4736 καὶ
2933 4683 3295 4753 προσδοκᾶται
3333 4685 3474 4755 μετὰ
3501 4686 3599 4757 τὴν
3619 4688 3920 4751 ἀνάστασιν,

2368 4773 2504 4826 ἀλλά
2530 4790 2590 4841 γε
2607 4772 2682 4843 τῷ
2703 4773 2801 4844 ήδη
2823 4772 3210 4843 εύπρέπεσθαι,
3240 4773 3445 4830 δέδοται
3464 4779 3574 4840 τοῖς
3601 4778 3771 4850 αὐτὴν
3795 4777 3922 4830 κατά

2369 4866 2557 4935 καιρὸν
2589 4863 2676 4917 τὸν
2697 4864 2883 4918 δέοντα
2915 4863 3255 4935 ληψομένοις.
3286 4867 3425 4938 Ὅρα
3474 4867 3556 4934 δὲ,
3586 4869 3666 4922 ὅτι
3703 4871 3921 4929 καὶτοῖς

2369 4956 2720 5027 φοϐουμένοις
2743 4956 2834 5008 τδν
2854 4956 2983 5009 Θεὸν
3010 4956 3216 5009 δέδοται
3247 4960 3280 5028 ἡ
3332 4959 3684 5030 κληρονομία.
3736 4962 3796 5014 Εἰ
3833 4955 3919 5013 οὖν

2368 5051 2548 5112 αὐτοῖς
2590 5049 2994 5120 ὑποδεεστέροις
3025 5045 3140 5102 οὖσι
3161 5091 3175 5111 ,
3211 5049 3388 5122 πολλῷ
3421 5051 3582 5105 πλέον
3626 5057 3738 5116 τοῖς
3767 5055 3920 5123 ὕπερ-

2365 5138 2772 5208 αναΰεϐηκὸσιν,
2796 5139 2969 5191 εῐτουν
3002 5137 3254 5206 ἀγαπῶσι
3274 5137 3361 5191 τὸν
3384 5138 3535 5194 Θεόν.
3555 5140 3842 5212 Ἀορίστως
3863 5138 3916 5190 δὲ

2366 5229 2554 5290 εἰπὼν,
2581 5234 2692 5294 τοῖς
2715 5230 2876 5300 φοϐον
2885 5231 3084 5301 μένοις,
3109 5231 3198 5284 καὶ
3226 5233 3285 5283 οὐ
3318 5230 3592 5302 προσθεὶς,
3633 5230 3910 5291 Ἰουδαίοις,

2363 5323 2395 5392 ἢ
2440 5321 2710 5391 Ἕλλησιν,
2746 5323 2964 5392 ἥπλωσε
3000 5323 3098 5394 τὴν
3135 5323 3291 5392 χάριν
3325 5323 3417 5375 ἐπὶ
3467 5323 3673 5386 πάντας
3714 5319 3912 5392 ἀνθρώ-

2365 5429 2497 5475 πους
2515 5429 2529 5442 ο
2557 5414 2788 5481 μάλιστα
2827 5412 2884 5464 δὲ
2925 5413 3048 5475 τοὺς
3071 5411 3128 5478 ἐξ
3157 5410 3321 5464 ἐθνῶν
3350 5413 3687 5482 προσιόντας,
3731 5411 3909 5481 $060.:-

2367 5505 2563 5569 μένους
2590 5506 2680 5558 τὸν
2713 5504 2938 5575 Κύριον,
2971 5503 3159 5557 εἴωθεν
3181 5504 3473 5557 ἀποκαλεῖν
3510 5505 3538 5556 ὀ
3564 5503 3733 5572 λόγος.
3781 5499 3912 5556 Ποία

2429 5757 2537 5828 (88)
2583 5756 2657 5813 lla
2692 5758 2801 5814 fere
2829 5758 2880 5814 in
2913 5758 3337 5827 Expositionibut
3369 5775 3548 5829 supra.
