4068 6310
178 364 282 419 573

1130 368 1554 424 FRAGMENTA
1595 368 1951 426 COMMENT.
1991 371 2053 426 ΙΝ
2092 368 2428 426 PSALMOS.

3302 374 3403 430 5η

174 474 283 547 ζ’ξὴ
316 476 654 549 κληρονομία
689 478 799 533 ἀλλ’
832 480 863 551 ἦ
890 483 921 552 ἡ
956 481 1195 551 βασιλεία
1236 484 1342 535 τῶν
1378 483 1653 555 οὐρανῶν;
1681 486 1727 555 ἧς

1849 488 1982 540 Cum
2015 488 2206 555 primis
2238 500 2439 546 autem,
2478 485 2730 541 timentes
2761 486 2926 541 Deum
2962 488 3098 542 solet
3142 489 3409 556 appellare

172 568 233 625 ἓν
259 574 371 633 τοῖς
398 576 769 643 μακαρισμοῖς
798 575 1014 645 εἴρηκεν
1038 577 1065 628 6
1091 575 1300 649 Σωτήρ.

1852 579 2152 648 Scriptura,
2197 580 2288 648 qui
2317 595 2380 632 cx
2411 578 2658 648 gentibus
2685 580 2965 633 accedunt.
2993 578 3123 644 Qua:
3156 595 3283 633 vero
3307 580 3408 634 alia

1848 674 2133 727 hau-editas
2155 682 2256 733 est,
2280 688 2442 741 quam
2471 688 2691 741 regnum
2722 673 3027 726 etelorum?
3055 688 3217 743 quam
3242 674 3407 728 etiam

1847 769 1900 823 in
1936 767 2353 823 bealitndiuibus
2382 766 2672 821 celebravit
2703 765 2972 820 Salvator.

853 932 917 985 Et
943 934 993 986 in
1020 935 1324 1003 sequentia:
1354 954 1372 984 ι
1402 933 1549 986 Diem
1578 948 1734 1001 supra
1761 929 1899 982 diem
1932 929 2066 997 regis
2098 943 2341 997 oppones,
2370 947 2395 980 s
2425 937 2548 991 etc.,
2580 944 2628 982 υ.
2667 926 2716 979 7.

242 1090 349 1159 (89)
385 1090 703 1150 Ebc‘sﬁt'ov,
743 1091 1107 1153 ‘Aﬁaram'av.
1144 1093 1463 1161 Κινρίλλου.
1512 1091 1651 1161 Πρὸς
1685 1091 1739 1143 δὲ

175 1181 294 1233 νοῦν
320 1183 580 1249 σημαίνει
614 1184 640 1233 6
670 1182 842 1249 λόγος,
874 1182 947 1246 ὡς
977 1185 1067 1235 καὶ
1104 1183 1261 1236 τοῦτο
1286 1185 1451 1253 μέρος
1478 1183 1734 1252 κληρονο-

178 1270 300 1339 μίας
338 1272 489 1323 ἐστὶν
522 1274 554 1339 ἡ
584 1271 795 1334 αἰώνιος
816 1272 949 1342 ζωή.
987 1273 1155 1326 Τοῦτο
1174 1274 1279 1344 γάρ
1298 1277 1409 1326 ἐστι
1442 1274 1500 1326 τὸ
1529 1274 1739 1343 ἡμέρας

174 1360 389 1430 ἡμερῶν
412 1364 524 1423 τοῖς
552 1362 694 1414 ἔτεσι
720 1362 810 1414 τοῦ
839 1363 1099 1431 βασιλέως
1130 1365 1452 1435 προσθῆναι.
1478 1366 1735 1433 Σημαίνει

173 1452 273 1521 γὰρ
305 1452 392 1504 διὰ
422 1454 532 1505 τῶν
564 1454 780 1524 ἡμερῶν
809 1455 1032 1525 χρόνους
1062 1458 1209 1520 τινὰς
1250 1458 1342 1509 καὶ
1381 1457 1600 1519 αἰῶνας.
1652 1456 1735 1526 Μὴ

174 1540 447 1615 ὑπολάὸῃς
481 1544 555 1606 δὲ,
586 1546 666 1596 ὅτι
691 1547 815 1614 περὶ
845 1546 961 1609 ἑνός
993 1565 1133 1610 τινος
1170 1549 1430 1617 βασιλέως
1476 1548 1542 1601 τὰ
1564 1548 1736 1600 τοιάδε

174 1636 328 1705 φησίν
346 1654 357 1665 ·
386 1636 499 1689 ίσθι
527 1636 584 1688 δὲ
617 1636 833 1706 μᾶλλον,
857 1638 937 1690 ὅτι
960 1641 1086 1709 περὶ
1114 1639 1312 1701 παντὸς
1344 1639 1435 1691 τοῦ
1467 1639 1738 1708 κεκλημέ-

172 1743 257 1778 νου
281 1730 360 1789 εἰς
389 1727 669 1797 βασιλείαν
700 1731 943 1799 οὐρανῶν
970 1748 981 1759 ·
1012 1731 1070 1783 ὃν
1111 1732 1204 1784 καὶ
1258 1731 1526 1799 διαμένειν
1575 1732 1737 1801 φησὶν

173 1819 246 1881 είς
267 1818 356 1870 τὸν
387 1820 562 1873 αἰῶνα
588 1819 817 1875 ἐνώπιον
844 1821 937 1874 τοῦ
964 1822 1119 1875 Θεοῦ.
1180 1824 1241 1875 Οἱ
1276 1822 1382 1895 γὰρ
1425 1823 1734 1892 σύμμορφοι

1909 1095 2142 1159 Eusebii,
2174 1093 2476 1155 Athanasii,
2513 1088 2721 1159 Cyl-illi.
2757 1088 2959 1144 Sensus
2995 1103 3123 1141 vero
3155 1088 3403 1158 spiritua-

1840 1187 1907 1242 lis
1930 1197 2011 1242 est
2038 1209 2049 1241 :
2086 1187 2323 1241 indicant
2359 1186 2470 1237 haec
2511 1183 2695 1246 verba,
2726 1182 2868 1250 quod
2892 1182 3048 1233 etiam
3082 1181 3195 1233 haec
3226 1181 3404 1249 portio

1842 1278 2167 1333 hareditatis
2219 1276 2327 1331 vita
2361 1284 2559 1329 aeterna
2616 1274 2704 1327 sit.
2758 1270 2870 1326 lloc
2904 1274 3044 1326 enim
3081 1282 3178 1333 est,
3242 1272 3402 1325 annis

1840 1369 1981 1437 regis
2016 1368 2249 1436 adjicere
2284 1368 2401 1420 dies
2446 1366 2684 1419 dierum.
2718 1364 2982 1421 Denotant
3015 1381 3245 1435 namque
3284 1365 3403 1420 dies

1842 1467 2080 1525 tempora
2119 1456 2365 1525 quredam
2409 1466 2460 1509 et
2493 1456 2711 1509 saecula.
2764 1457 2905 1509 Cave
2935 1473 3061 1509 vero
3111 1472 3177 1510 ne
3220 1456 3404 1511 existi-

1835 1566 1949 1603 mes
1982 1550 2093 1603 haec
2125 1549 2249 1602 talia
2276 1548 2341 1600 de
2368 1547 2549 1614 aliquo
2577 1561 2700 1615 rege
2723 1546 2829 1600 dici
2861 1564 2873 1599 :
2904 1548 3031 1610 quin
3057 1548 3234 1616 potius
3263 1549 3400 1603 scito

1832 1642 1947 1696 hate
1982 1642 2047 1695 de
2080 1641 2357 1704 omnibus,
2392 1640 2481 1708 qui
2513 1638 2565 1690 in
2602 1654 2824 1708 regnum
2858 1636 2949 1691 Dei
2988 1650 3275 1703 vocantur,
3305 1654 3399 1694 ac-

1832 1733 2077 1802 cipienda
2135 1746 2294 1785 esse:
2344 1745 2487 1798 quos
2556 1730 2742 1796 utique
2791 1729 2953 1782 etiam
3011 1744 3398 1797 permansuros

1833 1827 1909 1879 ait
1941 1825 1994 1877 in
2028 1834 2290 1878 atternum
2334 1822 2387 1875 in
2424 1832 2715 1888 conspectu
2760 1819 2871 1873 Dei.
2916 1820 3017 1885 Qui
3070 1820 3213 1874 enim
3266 1836 3398 1875 con-

171 1910 446 1979 τενόμενοι
497 1911 607 1964 τῶν
659 1912 994 1983 παθημάτων
1024 1913 1186 1966 αὑτοῦ
1232 1914 1327 1967 καὶ
1375 1912 1727 1980 συμϐασιλεύ-

1837 1915 2039 1971 formes
2066 1916 2257 1969 redditi
2304 1922 2433 1968 sunt
2465 1912 2815 1982 passionibus
2848 1913 2985 1981 ejus.
3023 1912 3059 1965 ii
3100 1913 3403 1981 regnabunt

175 2016 347 2053 σουσον
375 2001 522 2070 αὐτῷ
542 2001 818 2071 διηνεκῶς.
847 2004 1126 2075 Προειπὼν
1151 2003 1331 2073 μέντοι
1362 2005 1389 2055 ὁ
1425 2003 1733 2073 Προφήτης,

170 2094 245 2145 ὅτι
261 2095 352 2153 Σὺ,
367 2096 393 2145 6
410 2094 566 2156 Θεὸς,
586 2096 905 2164 εἰσήκουσας
920 2096 1027 2150 τῶν
1046 2096 1215 2167 εὐχῶν
1234 2113 1357 2165 μου,
1374 2096 1493 2148 καθ’
1508 2093 1738 2163 ὑπερϐα-

170 2185 251 2235 τὸν
269 2184 468 2254 συνῆψε
484 2184 549 2237 τό
565 2200 577 2212 ·
604 2184 842 2255 Ἡμέρας
860 2188 940 2254 ἐφ’
962 2186 1067 2257 ἡμέ
1076 2204 1173 2256 ρας
1187 2185 1280 2239 τοῦ
1296 2185 1553 2256 βασιλέως
1573 2201 1737 2255 προσ-

172 2276 367 2346 θήσεις.
404 2278 684 2340 Ἤκουσας
717 2279 845 2349 γὰρ,
879 2279 1029 2349 φησὶ,
1064 2279 1171 2331 τῶν
1186 2278 1358 2348 εὐχῶν
1381 2296 1477 2349 μου
1498 2295 1511 2309 ο
1532 2277 1738 2347 ἡμέρας

171 2368 247 2435 ἐφ’
281 2368 491 2437 ἡμέρας
553 2367 913 2437 προσέθηκας.
957 2369 1055 2422 Διὰ
1108 2368 1273 2438 μέσου
1299 2368 1355 2420 δὲ
1386 2365 1645 2436 ἐνεϐλήθη
1694 2367 1727 2434 ἡ

173 2459 411 2528 περὶτῶν
433 2458 783 2527 φοϐουμένων
800 2461 859 2512 τὸ
874 2460 1041 2530 ὄνομα
1065 2460 1267 2531 Κυρίου
1298 2460 1484 2529 μνήμη
1507 2475 1517 2485 ·
1546 2457 1730 2527 ἐπειδὴ

172 2550 259 2603 καὶ
284 2550 467 2611 αὐτοῖς
495 2549 827 2619 ἐπήγγελται
841 2552 940 2620 τὴν
969 2551 1379 2623 κληρονομίανή
1408 2550 1727 2623 προφητεία.

172 2636 274 2695 Ἦν
298 2642 353 2694 δὲ
386 2644 419 2712 ἡ
453 2640 670 2705 αἰώνιος
692 2643 827 2714 ζωή.

1836 2023 2053 2078 quoque
2098 2024 2220 2062 cum
2269 2008 2388 2075 ipso
2420 2006 2471 2059 in
2525 2014 2863 2073 perpetuum.
2898 2004 3034 2069 Quia
3071 2005 3233 2074 igitur
3264 2004 3398 2057 Pro-

1836 2101 1995 2170 pheta
2034 2098 2311 2169 praemisit.
2365 2098 2491 2167 quia
2527 2096 2628 2161 Tu,
2676 2110 2708 2148 ο
2743 2095 2883 2148 Deus
2914 2110 3089 2157 meus,
3129 2094 3397 2149 exaudisti

1838 2207 2025 2261 preces
2052 2205 2235 2253 meas;
2271 2189 2467 2255 adjecit
2496 2203 2589 2256 per
2623 2186 2907 2256 quemdam
2948 2185 3233 2238 verborum
3286 2193 3400 2239 tra-

1834 2286 2033 2351 jectum
2060 2284 2214 2347 illud,
2245 2283 2363 2337 Dies
2398 2284 2463 2337 ad
2502 2283 2616 2336 dies
2645 2282 2787 2351 regis
2814 2282 3052 2350 adjicies.
3098 2278 3253 2345 Nam,
3309 2280 3395 2334 in-

1836 2375 1978 2443 quit,
2009 2376 2135 2442 quia
2161 2372 2427 2425 exaudisti
2461 2386 2648 2439 preces
2676 2386 2845 2431 meas,
2878 2369 3133 2424 addidisti
3162 2370 3277 2424 dies
3305 2385 3397 2426 su-

1835 2481 1931 2535 pra
1981 2466 2116 2519 dies.
2174 2462 2488 2532 Interposita
2542 2477 2671 2515 vero
2718 2468 2800 2515 est
2848 2460 2985 2513 inter
3030 2459 3146 2514 hare
3191 2460 3395 2514 mentio

1835 2556 2138 2609 timentium
2194 2569 2390 2607 nomen
2453 2551 2709 2616 Domini,
2760 2550 2885 2620 quia
2951 2550 3112 2605 etiam
3185 2549 3304 2605 istis
3362 2564 3396 2606 ι

1836 2644 2099 2713 Propheta
2138 2643 2409 2711 promissa
2461 2650 2547 2696 est
2596 2639 2903 2696 hereditas.
2954 2637 3079 2694 Haec
3123 2652 3252 2693 vero
3309 2643 3395 2693 est

1835 2734 1943 2786 vita
1979 2742 2199 2787 aeterna.

838 2892 905 2945 Et
937 2896 1105 2947 adhuc
1140 2896 1193 2947 in
1219 2906 1510 2964 sequentem
1538 2910 1739 2948 versum
1765 2908 1783 2946 :
1819 2911 1836 2943 ι
1867 2891 2199 2948 Pertnanebit
2231 2894 2283 2948 in
2304 2894 2572 2960 swculum,
2611 2914 2629 2945 ι
2655 2903 2751 2948 etc.

236 3002 339 3071 (90)
381 3003 747 3069 Ἀθανὰσιος.
782 3003 871 3067 Ἐξ
901 3007 1241 3077 ἀναστροφῆς
1276 3007 1331 3059 δὲ
1360 3008 1389 3058 ὁ
1418 3007 1593 3074 λόγος,
1644 3005 1727 3059 ἵνα

1901 3007 2244 3061 Athanasius.
2280 3005 2494 3061 Inversa
2537 3016 2619 3061 est
2665 3004 2875 3059 oratio:
2926 3005 3048 3061 talis
3080 3005 3223 3060 enim
3271 3020 3395 3061 esse

174 3087 203 3163 ᾖ
235 3093 467 3157 τοιοῦτος
488 3109 502 3123 ·
541 3094 608 3146 Εἴ
634 3112 715 3158 τις
743 3096 1035 3167 ὲκζητήσει
1062 3098 1119 3150 τὺ
1142 3098 1287 3160 ἔλεος
1321 3097 1483 3151 αὑτοῦ
1514 3098 1605 3151 καὶ
1636 3098 1731 3169 τὴν

176 3185 435 3254 ἀλήθειαν,
465 3179 622 3250 οὗτος
655 3188 717 3239 ὲν
743 3190 856 3251 τοῖς
886 3188 1260 3259 ἁτελευτήτοις
1298 3190 1456 3241 αἰῶσι
1489 3190 1732 3259 διαμενεί

171 3276 385 3331 ἐνώπιον
412 3279 509 3331 τοῦ
544 3279 697 3331 Θεοῦ.
733 3278 903 3331 Τοῦτο
930 3279 987 3331 δὲ
1011 3279 1343 3350 σαφέστερον
1370 3282 1398 3332 ό
1439 3280 1728 3349 Σύμμαχος

170 3372 520 3443 ἡρμήνευσε-ν
576 3372 787 3435 Ἔλεος
812 3371 909 3424 καὶ
952 3371 1201 3439 ἀλήθεια
1256 3370 1729 3439 διατηρήσουσιν

170 3466 358 3517 αὐτόν.
384 3464 573 3517 Ταῦτα
597 3463 703 3533 γὰρ
728 3462 826 3533 τῆς
853 3463 1147 3528 ἀθανασίας
1179 3463 1328 3535 αὐτῷ
1374 3464 1524 3518 ἔσται
1556 3466 1723 3532 αἴτια,

172 3555 330 3608 τὸτοῦ
356 3554 489 3607 Θεοῦ
518 3554 664 3616 ἔλεος
692 3555 833 3625 καὶὴ
862 3554 1107 3625 ἀλήθεια.
1133 3556 1289 3609 Κατὰ
1316 3557 1371 3609 δὲ
1391 3558 1515 3621 τοὺς
1547 3541 1725 3609 Ἐδδοὲ

175 3648 428 3714 μήκοντα’
467 3646 585 3709 Τίς,
625 3647 805 3717 φησιν,
833 3646 1013 3708 ἱκανὸς
1035 3646 1127 3699 τὸν
1155 3649 1476 3717 κεκριμένον
1520 3648 1613 3699 καὶ
1639 3646 1720 3699 δί-

172 3752 311 3788 καιον
340 3737 430 3790 τοῦ
456 3737 593 3790 Θεοῦ
625 3737 771 3789 ἔλεον
802 3736 1135 3806 καταμαθεῖν
1184 3738 1463 3808 ἀκριόὦςς
1496 3736 1576 3790 Τὰ
1608 3738 1719 3807 γὰρ

173 3828 394 3899 κρίματα
418 3828 585 3881 αὑτοῦ
619 3828 850 3891 ἄϐυσσος
882 3827 1070 3898 πολλή.

1836 3095 1995 3149 debet
2021 3113 2033 3147 :
2067 3094 2390 3164 Quicunque
2416 3097 2769 3165 exquisiverit
2800 3096 3225 3151 misericordiam
3272 3096 3392 3166 ejus

1831 3195 1885 3240 et
1912 3187 2212 3254 veritatem,
2245 3188 2288 3242 is
2317 3187 2652 3258 permanebit
2681 3188 2732 3241 in
2765 3196 3056 3255 conspectu
3094 3187 3183 3241 Dei
3212 3189 3264 3241 in
3290 3203 3393 3242 sa:-

1831 3279 1952 3333 cula
1984 3295 2259 3349 nunquam
2289 3278 2649 3334 terminanda.
2702 3278 2814 3332 Hoc
2854 3293 3016 3347 porro
3063 3280 3234 3349 magis
3270 3294 3392 3348 pcr-

1831 3373 2019 3441 spieue
2061 3373 2324 3440 expressit
2362 3370 2740 3442 Symmachus,
2788 3369 2905 3425 sic:
2950 3370 3314 3424 Misericordia
3339 3380 3390 3424 et

1827 3462 2021 3515 veritas
2062 3461 2353 3515 custodiant
2401 3462 2592 3529 ipsum.
2642 3458 2736 3515 Hae
2782 3461 2924 3515 enim
2975 3477 3153 3516 causa:
3206 3470 3387 3523 erunt.

1828 3554 1972 3625 quod
2009 3555 2123 3624 ipse
2155 3555 2613 3609 immortalitatem
2664 3562 3051 3621 consequatur,
3083 3552 3175 3606 Dei
3224 3553 3389 3608 mise-

1826 3646 2058 3701 ricordia
2093 3655 2147 3701 et
2196 3646 2414 3702 veritas.
2448 3645 2517 3698 At
2547 3644 2846 3698 secundum
2905 3643 3255 3714 Septuaginta
3296 3644 3386 3700 hic

1825 3748 1909 3793 est
1937 3754 2129 3793 sensus
2155 3756 2169 3791 :
2206 3736 2339 3803 Quis
2369 3744 2546 3805 potest
2574 3745 2824 3790 accurate
2854 3749 3180 3805 cognoscere
3206 3735 3388 3791 occul-

1827 3837 1935 3883 tam
1970 3837 2025 3882 et
2073 3829 2277 3898 justam
2328 3826 2424 3882 Dei
2466 3828 2943 3882 misericordiam?
2990 3825 3199 3882 Iudicia
3238 3827 3384 3883 enim

1826 3920 1945 3989 eius
1974 3919 2202 3990 abyssus
2226 3918 2413 3973 multa.

241 4052 429 4131 Exinde
459 4054 694 4125 sequitur
726 4065 1086 4126 argumentum
1109 4058 1301 4126 psalmi
1338 4073 1469 4112 um
1499 4058 1568 4111 ad
1591 4058 1799 4113 verbum
1830 4068 1887 4113 ut
1916 4059 2109 4131 legitur
2146 4063 2203 4115 in
2234 4057 2687 4129 Expositionibus,
2727 4059 2941 4130 ideoque
2970 4060 3138 4130 ipsum
3164 4070 3381 4129 prater-

176 4126 416 4180 misimus.

878 4211 1008 4266 ltem
1035 4213 1089 4264 in
1121 4212 1217 4264 illa
1244 4212 1433 4266 verba:
1468 4229 1486 4264 ι
1524 4211 1630 4277 Qui
1656 4226 1909 4270 acuerunt
1934 4225 1991 4269 ut
2025 4217 2282 4287 gladium,
2323 4238 2342 4269 ι
2374 4226 2497 4283 etc.,
2521 4236 2569 4274 ο.
2592 4219 2646 4272 4.

236 4336 337 4401 (91)
374 4342 730 4408 Ἁθανὰσιος.
772 4344 913 4415 Πρὸς
942 4342 998 4396 δὲ
1024 4340 1150 4396 νοῦν
1181 4341 1353 4396 ταῦτά
1380 4358 1510 4412 φησι
1542 4340 1629 4394 διὰ
1653 4341 1713 4393 τὸ

1888 4342 2227 4397 Athanasius.
2262 4340 2434 4397 Sensu
2473 4356 2605 4397 vero
2642 4343 2935 4398 secretiore
2972 4342 3229 4398 dicuntur
3260 4345 3382 4403 has

176 4426 602 4502 βλασφημοῦντας
627 4437 823 4500 αὐτοὺς
858 4437 949 4490 τὸν
995 4437 1199 4508 Ἰησοῦν
1226 4437 1402 4505 λέγειν
1442 4439 1553 4501 τοῖς
1579 4438 1715 4490 ἀπο-

176 4521 360 4587 στόλοις
380 4542 392 4554 ·
425 4529 508 4580 οὐ
521 4530 886 4598 παραγγελία
904 4531 1383 4598 παρηγγείλαμεν
1398 4528 1557 4597 ὑμῖν,
1570 4527 1721 4597 μηδ-

173 4610 251 4663 ενὶ
289 4615 493 4669 λαλεῖν
528 4618 628 4671 ἐπὶ
663 4617 742 4683 τῷ
784 4619 1025 4687 ὀνόματι
1076 4619 1296 4683 τούτῳ;
1349 4619 1487 4681 Τοὺς
1536 4617 1717 4689 μέντοι

176 4702 343 4771 λόγους
363 4711 455 4781 τῆς
476 4711 723 4781 διαϐολῆς
750 4712 1016 4781 ῥομφαίαν
1043 4714 1209 4781 ἠκονη
1220 4712 1387 4781 μένην
1413 4711 1713 4777 ὠνόμασεν,

176 4795 253 4849 in.
274 4798 412 4874 δείξῃ
441 4802 501 4855 τὸ
522 4803 772 4874 ὀξύτερον
805 4804 941 4874 πρὸς
969 4803 1245 4872 ἀναίρεσιν
1265 4821 1277 4833 ·
1312 4803 1404 4855 καὶ
1452 4802 1589 4872 τόξῳ
1617 4800 1713 4871 τὴν

176 4886 401 4967 γλῶσσαν
444 4893 538 4967 τοῦ
580 4896 911 4963 συκοφάντου
943 4897 1296 4967 παρείκασεν,
1331 4897 1411 4948 ὅτι
1447 4896 1540 4948 καὶ
1586 4896 1713 4957 τοὺς

176 4978 343 5050 πόρρω
391 4983 633 5052 βλάπτει.
696 4987 921 5050 Οὐδενὸς
953 4987 1059 5059 γὰρ
1117 4986 1240 5039 οῦτε
1270 4988 1533 5057 παρόντος
1588 4985 1710 5039 οὔτε

177 5070 380 5137 ἀπόντος
405 5078 432 5128 6
454 5077 687 5150 λοίδορος
724 5080 816 5132 καὶ
848 5080 1185 5149 συκοφάντης
1210 5078 1461 5146 φείδεται.

1827 4433 1881 4487 in
1930 4432 2238 4487 Judaeorum
2287 4435 2594 4505 principes,
2638 4450 2704 4490 eo
2735 4435 2880 4505 quod
2914 4434 3277 4505 blasphemias
3324 4437 3380 4491 in

1822 4523 2003 4579 Jesum
2036 4523 2322 4593 jacicntes,
2363 4524 2608 4580 dicerent
2635 4524 2896 4595 apostolis
2926 4543 2940 4579 :
2977 4524 3164 4579 Nonne
3190 4528 3379 4596 praci-

1820 4618 2006 4686 piendo
2048 4619 2377 4687 praecipimus
2432 4621 2608 4683 vobis,
2664 4636 2729 4673 ne
2773 4620 3025 4674 docentis
3073 4622 3129 4673 in
3172 4622 3379 4675 nomine

1822 4715 1923 4763 isto
1942 4710 2028 4762 ³⁵⁴ἔ
2057 4709 2231 4764 Verba
2258 4710 2440 4781 itaque
2465 4711 2800 4766 calumniosa
2826 4750 2843 4777 ,
2900 4711 3188 4781 appellavit
3232 4727 3379 4766 rom-

1822 4803 2027 4872 phaeani
2062 4810 2299 4865 acutam,
2329 4813 2387 4857 ut
2417 4805 2609 4859 innuat
2634 4813 2688 4858 et
2718 4805 2832 4873 ipsa
2858 4815 3015 4857 acuta
3048 4818 3170 4858 esse
3198 4811 3253 4858 ct
3298 4804 3379 4858 fa-

1819 4896 1921 4949 cile
1950 4896 2235 4964 perimere.
2286 4894 2547 4964 Linguam
2585 4910 2713 4949 vero
2751 4894 3101 4965 sycmphantze
3150 4910 3376 4964 compa-

1819 4988 1959 5041 ravit
1985 4990 2217 5058 sagittae,
2244 5002 2311 5041 eo
2336 4988 2480 5057 quod
2508 4988 2669 5041 etiam
2710 4988 2865 5057 longe
2906 4988 3157 5042 absentes
3197 4987 3372 5041 laedat.

1819 5078 2114 5136 Maledieus
2155 5081 2299 5134 enim
2334 5090 2386 5134 et
2412 5080 2741 5151 sycophanta
2772 5080 2926 5146 nulli,
2980 5093 3077 5133 nec
3099 5080 3373 5149 praesenti,

1824 5190 1925 5229 nec
1952 5175 2159 5229 absenti
2189 5174 2381 5243 parcit.

622 5298 755 5353 Item
789 5302 841 5353 in
869 5301 963 5353 illa
992 5300 1185 5369 psalmi
1222 5300 1475 5369 ejusdem,
1513 5319 1531 5351 ι
1567 5302 1882 5356 Conturbati
1912 5314 2029 5358 sunt
2061 5321 2237 5359 omnes
2264 5306 2352 5375 qui
2375 5305 2503 5366 vid.,
2545 5323 2564 5357 s
2595 5315 2716 5365 εις..
2741 5322 2787 5358 υ.
2820 5305 2905 5359 10.

237 5410 334 5481 (92.)
377 5416 729 5482 Ἄθανάσιος.
759 5418 820 5469 Οί
850 5416 1196 5487 θεωροῦντες,
1221 5416 1373 5485 φησὶ,
1392 5416 1517 5477 τοὺς
1538 5395 1713 5469 tam;

237 5518 277 5552 ³⁸
294 5521 404 5578 Aet.
428 5542 459 5578 v
501 5528 591 5582 28.

371 5637 495 5711 Ϊίάθ
521 5641 573 5696 in
606 5641 1053 5711 Expositionibus.

185 5702 534 5830 ‘iol’misllujus
565 5714 665 5768 loci
690 5702 837 5770 nulla
866 5727 945 5771 est
986 5718 1353 5787 interpretatio
1385 5720 1437 5774 in
1473 5719 1697 5783 Exposi-

1893 5420 2234 5474 Athanasius.
2261 5417 2538 5489 Quotquot
2567 5420 2769 5484 vident,
2802 5418 2978 5489 inquit
3048 5419 3181 5473 tales
3229 5434 3375 5474 Viros

1886 5638 1997 5721 (9t)
2026 5647 2168 5721 yide
2197 5652 2589 5721 expositionem
2621 5654 2671 5707 in
2710 5654 2851 5709 hunc
2886 5671 3126 5710 versum.

1879 5720 1991 5794 (lli)
2022 5720 2188 5791 llujus
2219 5720 2319 5777 loci
2362 5724 2503 5777 nulla
2536 5732 2617 5778 est
2654 5724 3021 5793 interpretatio
3053 5728 3105 5781 in
3141 5724 3369 5794 Exposi-

1816 5791 2059 5845 tionibus.
