4090 6312
651 360 755 414 575

1505 360 1562 415 S.
1607 360 1981 416 A'HIANASII
2020 362 2170 418 OPP.
2215 365 2396 423 PARS
2435 367 2521 424 111.
2561 401 2632 411 -
2668 369 3076 430 EXEGETICA.

3796 377 3889 431 576

651 476 817 531 tantis
846 477 1093 535 excidere
1149 478 1380 550 negotiis
1421 487 1474 532 et
1523 494 1552 532 a
1600 481 1881 548 proposito
1931 482 2208 547 aberrare,

2322 503 2441 550 τους
2469 487 2562 540 καὶ
2587 488 2872 555 τοσούτους
2907 491 3014 544 τῶν
3044 493 3453 564 ἐγχειρημάτων
3494 493 3890 566 διαμαρτόντας

651 571 1047 625 conturbantur
1095 587 1158 626 ac
1219 571 1590 640 corripiuntur
1632 581 1800 636 metu,
1856 582 1915 628 et
1978 573 2217 628 divinam

651 658 922 714 mirantur
957 662 1379 731 providentiam.
1411 659 1547 712 Dum
1580 661 1725 714 enim
1769 663 2006 716 divinam
2036 673 2220 732 prote-

652 751 886 806 ctionem
943 753 1085 823 apud
1140 768 1200 809 se
1251 754 1620 820 considerant,
1673 762 1944 808 terrentur
1999 753 2222 809 horrore

651 842 822 897 divini
862 843 1076 912 judicii,
1115 859 1178 900 ac
1230 844 1541 916 intelligunt
1587 861 1780 901 omnes
1811 843 1980 900 Deum
2032 844 2219 911 fuisse,

651 935 744 1004 qui
772 935 927 991 dolos
956 947 1008 991 et
1040 937 1266 993 insidias
1309 953 1497 992 eorum
1543 938 1726 993 irritas
1771 937 1915 1002 fecit,
1961 953 2025 991 eo
2075 938 2219 1006 quod

651 1043 776 1097 quae
805 1038 995 1083 contra
1024 1045 1112 1084 me
1153 1030 1387 1084 inierant
1427 1030 1651 1086 consilia
1684 1045 1822 1084 vana
1851 1030 2222 1084 demonstrata

651 1131 798 1173 sunt.
833 1119 984 1174 Adeo
1008 1121 1194 1190 utjam
1223 1136 1416 1177 omnes
1438 1122 1812 1191 pronuntient,
1842 1129 1997 1175 tuum
2030 1121 2220 1185 fuisse,

651 1225 686 1265 ο
749 1209 997 1279 Domine,
1056 1213 1156 1268 hoc
1217 1228 1375 1282 opus,
1423 1214 1630 1284 tibique
1680 1207 1872 1268 cuncta
1918 1212 2214 1267 ascribant.

651 1299 786 1368 Quis
819 1305 965 1359 enim
998 1321 1107 1360 non
1143 1315 1366 1370 metuat,
1420 1307 1510 1360 ubi
1564 1306 1707 1361 videt
1745 1305 1839 1360 Dei
1883 1304 2222 1358 animadver-

2330 583 2426 634 καὶ
2458 584 2866 655 ἀστοχήσαντας
2898 585 3127 656 θορύὸου
3173 587 3273 641 ’καὶ
3317 588 3469 652 δέους
3519 589 3889 660 ἐπλήσθησαν,

2326 673 2417 724 καὶ⁷
2449 673 2545 742 τὴν
2579 673 2727 727 θείαν
2751 674 3066 746 ἐθαύμασαν
3095 679 3365 750 πρόνοιαν.
3404 676 3490 731 Ἐν
3516 681 3767 751 περινοίᾳ
3790 681 3893 752 γὰρ

2324 764 2424 834 τῆς
2444 763 2536 816 τοῦ
2567 765 2701 819 Θεοῦ
2739 766 3063 838 κηδεμονίας
3091 769 3385 838 γενόμενοι,
3423 770 3485 823 τὸ
3517 770 3658 823 θεῖον
3698 773 3890 841 κριτὴ-

2327 873 2440 927 ριον
2484 856 2714 921 ἔδεισαν,
2747 860 2839 911 καὶ
2888 859 3084 922 πάντες
3133 861 3390 930 συνῆκαν,
3440 863 3521 915 ὅτι
3577 863 3731 933 παρά
3761 862 3890 915 Θεοῦ

2327 948 2722 1020 κατεργάζεται
2755 951 2818 1002 τὸ
2842 951 2941 1020 τῆς
2962 949 3136 1004 αὐτῶν
3168 952 3463 1024 δολιὸτητος
3495 953 3798 1024 ἄπρακτον,
3816 956 3890 1006 ὅτι

2323 1041 2391 1096 τὰ
2425 1043 2542 1095 κατ’
2577 1041 2708 1112 ἐμοῦ
2740 1042 2942 1112 μάταια
2962 1042 3222 1115 ἠλέγχθη.
3257 1045 3344 1105 Ὠς
3371 1045 3575 1106 πάντας
3617 1045 3892 1112 ἀπαγγὲλο

2322 1131 2455 1195 λειν,
2479 1132 2560 1183 ὅτι
2589 1132 2705 1196 Σὺν,
2736 1126 2780 1185 ὦ
2811 1134 3074 1198 Δέσποτα,
3101 1135 3258 1206 ἔργον
3284 1133 3460 1196 τοῦτο,
3485 1137 3578 1188 καὶ
3604 1137 3687 1188 σοί
3713 1137 3780 1187 τά
3808 1152 3891 1202 γε·

2325 1223 2524 1293 νόμενα
2551 1224 2932 1294 ἐπιγράφουσι.
2963 1226 3074 1296 (93)
3113 1226 3209 1288 Τίς
3241 1227 3349 1297 γάρ
3374 1228 3473 1280 οὐκ
3506 1228 3572 1280 ἂν
3607 1227 3888 1298 φοϐηθείη,

2326 1315 2628 1387 ἐπισκοπὴν
2654 1317 2717 1368 ὲκ
2738 1316 2871 1390 Θεοῦ
2886 1317 3027 1388 ὀρῶν
3055 1318 3343 1390 γινομένην
3367 1318 3505 1371 κατά
3524 1321 3632 1373 τῶν
3658 1319 3889 1387 ἀσεὸὦν,

651 1393 858 1449 sionem
901 1395 955 1450 in
996 1397 1227 1468 impios.
1279 1406 1333 1454 et
1387 1397 1650 1453 ultionem
1694 1412 1793 1469 pro
1839 1396 2039 1467 injuste
2086 1396 2230 1452 actis.

2327 1409 2422 1462 καὶ
2452 1408 2729 1477 ἐκδίκησιν
2758 1409 2897 1480 ὑπὲρ
2923 1407 3030 1462 τῶν
3068 1409 3429 1480 ἀδικουμένων
3454 1427 3468 1476 ;

649 1486 872 1542 relatam
896 1487 918 1540 ἳ

1389 1603 1526 1659 Item
1551 1605 1606 1658 in
1643 1604 1853 1658 titulum
1889 1619 2029 1673 psa..
2062 1618 2207 1666 utv,
2231 1613 2506 1671 prtenttssa
2540 1595 2841 1648 Theodoreti
2872 1599 3145 1650 sententia.

723 1716 1063 1774 Athanasius.
1105 1718 1404 1790 Conjuncta
1431 1737 1594 1792 porro
1621 1731 1704 1777 est
1733 1738 1857 1778 cum
1899 1722 2089 1776 harum
2126 1737 2212 1777 re-

2392 1717 2500 1785 (9-5)
2557 1713 2918 1781 Ἆθανὰσιος.
2961 1715 3352 1785 ’Δναμέμικται
3393 1716 3447 1769 δὲ
3489 1721 3553 1789 τῇ
3602 1721 3731 1792 περὶ
3764 1721 3893 1774 τοὺ..

650 1827 772 1866 rum
807 1813 1158 1882 praedictione
1201 1816 1364 1869 etiam
1429 1815 1709 1884 prophetia
1759 1815 1824 1869 de
1853 1815 2028 1870 salute
2079 1830 2214 1885 gen-

647 1903 808 1955 tium.
837 1902 1004 1957 David
1038 1918 1274 1972 namque
1304 1903 1599 1958 introducit
1626 1904 1712 1959 hic
1741 1920 1835 1959 eos
1868 1904 1960 1973 qui
1993 1919 2056 1958 ex
2088 1919 2218 1972 gen-

649 1995 794 2049 tibus
817 1995 869 2048 in
897 1993 1173 2048 Christum
1202 1994 1567 2061 crediderunt,
1597 1996 1753 2066 quasi
1782 1994 2216 2050 contradicentes

647 2086 982 2155 sapientibus
1017 2087 1179 2156 hujus
1208 2087 1413 2149 saeculi,
1445 2102 1509 2141 ac
1541 2097 1761 2142 orantes
1795 2088 1993 2156 prioris
2026 2087 2217 2157 impie-

647 2178 774 2232 tatis
807 2179 1206 2234 dimissionem.
1261 2179 1396 2234 Orat
1447 2178 1644 2233 deinde
1671 2179 1834 2233 etiam
1878 2194 1974 2248 pro
2022 2179 2089 2234 iis
2122 2179 2214 2248 qui

646 2271 774 2322 olim
807 2271 1020 2325 steriles
1043 2281 1096 2324 et
1121 2269 1449 2326 infructuosi
1480 2282 1654 2336 erant,
1682 2286 1825 2324 nunc
1853 2286 1978 2325 vero
2010 2269 2214 2326 fertiles

649 2362 776 2415 facti
815 2371 944 2417 sunt
973 2377 1067 2432 per
1099 2363 1258 2417 [idem
1297 2362 1350 2416 in
1376 2363 1678 2418 Christum.
1726 2362 1939 2418 Dictum
1972 2377 2102 2418 vero
2134 2370 2218 2415 est

645 2452 754 2522 jam
809 2463 952 2519 ante,
1009 2454 1154 2524 quod
1203 2455 1447 2524 psalmus
1495 2455 1710 2523 praxin,
1761 2455 2033 2507 canticum
2087 2467 2216 2506 vero

645 2544 911 2600 theoriam
965 2545 1206 2600 denotet.
1271 2544 1502 2608 Quando
1556 2544 1720 2614 igitur
1776 2559 1870 2614 per
1923 2555 2216 2613 utrumque

645 2635 874 2691 istorum
916 2649 1005 2690 res
1034 2635 1215 2704 aliqua
1251 2636 1511 2705 praclare
1541 2649 1689 2708 gesta
1720 2645 1836 2701 est,
1868 2636 2044 2690 ethica
2073 2636 2212 2691 scili-

645 2736 730 2781 cet
760 2723 1102 2796 philosophia
1144 2739 1266 2778 cum
1301 2725 1596 2779 theoretica
1630 2733 2010 2785 concurrente,
2063 2725 2214 2791 psal-

645 2834 770 2876 mus
801 2818 998 2873 cantici
1032 2817 1266 2873 exsistit.
1304 2815 1429 2871 Vita
1460 2817 1603 2871 enim
1637 2816 2054 2885 contemplativa
2085 2829 2210 2884 ope-

645 2914 800 2966 ribus
827 2919 1038 2975 ornats,
1079 2909 1257 2965 reddit
1287 2907 1583 2978 perfectum
1626 2906 1926 2961 hominem.

2321 1827 2426 1862 των
2456 1808 2756 1878 προρρήσει
2789 1807 2884 1859 καὶ
2910 1806 3008 1877 τῆς
3044 1807 3153 1859 τῶν
3186 1808 3354 1861 ὲθνῶν
3390 1811 3665 1882 σωτηρίας
3701 1815 3734 1883 ἡ
3763 1831 3892 1888 προ-

2322 1899 2535 1970 φητεία.
2565 1898 2786 1966 Είσάγει
2821 1897 2929 1969 γὰρ
2957 1899 2984 1950 ὁ
3004 1897 3165 1951 Δαυῒδ
3197 1898 3428 1953 ἐνταῦθα
3455 1903 3579 1964 τοὺς
3619 1903 3679 1966 ἐξ
3724 1904 3892 1958 sava»,

2319 1990 2716 2054 πιστεύσαντας
2747 1994 2823 2054 είς
2854 1991 3120 2062 Χριστὸν,
3163 1992 3542 2056 καταόοῶντας
3570 1993 3680 2046 τῶν
3716 1996 3892 2064 σοφῶν

2319 2084 2412 2139 τοῦ
2443 2084 2638 2147 αἰῶνος
2663 2082 2873 2145 τούτου,
2921 2083 3205 2148 αίτοῦντάς
3230 2103 3286 2138 τε
3310 2084 3407 2155 τῆς
3443 2087 3715 2159 προτέρας
3765 2090 3891 2142 ἀσε-

2321 2177 2473 2240 ϐείας
2503 2177 2726 2244 ἄφεσινο
2755 2175 2832 2228 ἔτι
2863 2192 2921 2228 τε
2953 2177 3116 2247 εὐχὴν
3153 2177 3464 2248 ἀναπέμπει
3511 2179 3648 2249 ὑπὲρ
3689 2180 3889 2244 αὐτῶν,

2319 2268 2487 2320 ὄντων
2523 2267 2622 2336 μὲν
2652 2264 2814 2317 πάλαι
2863 2263 3131 2334 ἀκάρπων
3156 2305 3170 2326 ,
3208 2264 3512 2334 γενομένων
3539 2265 3599 2317 δὲ
3645 2262 3892 2336 εὐφόρων

2317 2356 2404 2410 διὰ
2431 2357 2529 2427 τῆς
2559 2359 2636 2419 είς
2663 2356 2898 2426 Χριστὸν
2950 2355 3202 2416 πίστεως.
3236 2353 3462 2426 Εἴρηται
3516 2355 3574 2408 δὲ
3603 2356 3891 2426 πρότερον.

2317 2449 2391 2513 ὼς
2430 2449 2626 2521 πρᾶξιν
2685 2450 2780 2520 μὲν
2809 2450 2838 2501 ὁ
2874 2446 3107 2518 ψαλμὸς,
3157 2445 3388 2518 θεωρίαν
3427 2445 3481 2500 δὲ
3510 2449 3541 2518 ἡ
3722 2448 3873 2518 δηλοῖ

2319 2542 2488 2596 Ὅταν
2518 2537 2610 2596 οὖν
2637 2541 2704 2594 δι’
2727 2536 3100 2613 ἀμφοτέρωνῇ
3125 2541 3183 2593 τὸ
3207 2539 3408 2608 ἀγαθὸν
3439 2540 3892 2610 κατορθούμενον,

2317 2634 2418 2702 τῆς
2443 2632 2637 2704 ἠθικῆς
2672 2632 2982 2700 φιλοσοφίας
3016 2633 3149 2702 πρὸς
3170 2633 3267 2702 τὴν
3293 2631 3630 2704 θεωρητικὴν
3665 2634 3893 2704 συνδρα-

2326 2724 2550 2796 μούσης,
2589 2723 2801 2795 ψαλμδς
2847 2723 2989 2794 ᾠδῆς
3023 2723 3249 2790 γίνεται.
3292 2723 3350 2775 Ὀ
3406 2724 3738 2795 θεωρητικὸς
3789 2725 3894 2793 γὰρ

2320 2817 2436 2885 ἅμα
2481 2815 2557 2886 τῷ
2591 2815 2876 2886 πρακτικῶ
2900 2811 3327 2877 κατοοθούιιενος
3355 2813 3453 2884 βίῳ
3493 2815 3659 2885 ἄνδρα
3697 2814 3895 2868 τέλειον

2315 2907 2706 2962 ἀποδείκνυσιν.

645 3063 714 3120 In
735 3066 972 3136 ejusdem
1001 3067 1194 3136 psalmi
1231 3066 1407 3131 verba,
1439 3083 1457 3116 ι
1493 3064 1696 3120 Beatus
1722 3080 1874 3135 quem
1916 3064 2145 3135 elegisti,
2177 3075 2439 3188 sfthbu.
2561 3065 2852 3137 Postquam
2893 3083 2957 3122 ea:
3004 3065 3325 3120 Theodoreto
3359 3081 3567 3121 sensum
3610 3067 3894 3124 litteralem

2013 3153 2226 3188 unum:
2255 3177 2270 3188 .
2303 3153 2362 3188 su
2404 3152 2490 3188 ιιει
2547 3152 2566 3188 :

2013 3152 2270 3206 exposuit,
2303 3152 2514 3204 suojtctt
2547 3152 2566 3189 :

715 3253 1061 3308 Athanasius.
1092 3253 1460 3325 Spiritualiter
1483 3267 1614 3308 vero
1640 3250 1926 3306 adumbrat
1952 3253 2211 3322 populum
2244 3263 2285 3319 C

645 3347 800 3402 illum
837 3364 1058 3414 novum,
1093 3349 1186 3418 qui
1214 3347 1436 3403 Christo
1468 3347 1523 3401 in
1558 3356 1758 3402 sortem
1794 3345 2122 3400 hzereditatis
2151 3363 2218 3403 ex

645 3440 896 3510 gentibus
922 3442 1131 3496 electus
1173 3447 1278 3494 est.
1328 3439 1495 3496 Anlas
1545 3455 1672 3494 vero
1717 3438 2016 3508 intelligere
2057 3439 2222 3493 debe-

645 3549 772 3588 mus
815 3533 1092 3588 Ecclesias
1143 3547 1240 3603 per
1278 3533 1527 3602 regiones
1570 3534 1864 3602 dispersas.
1911 3533 2060 3587 Alias
2091 3547 2220 3586 vero

646 3625 866 3681 beatum
903 3627 1066 3681 etiam
1098 3627 1350 3697 praedicat
1386 3627 1474 3681 hic
1501 3625 1770 3694 Propheta
1799 3640 1944 3688 eum,
1976 3625 2069 3694 qui
2108 3625 2220 3678 vir-

647 3719 854 3774 tuﬁbus
892 3729 977 3775 est
1021 3728 1456 3774 consummatus.
1497 3716 1638 3771 Deus
1693 3716 1837 3770 enim
1871 3731 1995 3770 eum
2049 3716 2218 3786 eligit,

646 3813 740 3881 qui
775 3813 840 3866 ad
871 3812 1192 3867 certandum
1225 3819 1278 3864 et
1316 3827 1479 3865 cursu
1525 3809 1963 3865 contendendum
1993 3820 2076 3863 cst
2106 3809 2222 3863 ido-

647 3919 823 3969 neus;
868 3905 961 3974 qui
1009 3919 1138 3958 vero
1171 3903 1453 3958 victoriam
1501 3903 1613 3972 jam
1643 3903 1957 3972 reportavit,
1997 3903 2222 3972 prtecla-

645 4011 819 4066 raque
847 3996 954 4051 line
1003 3996 1170 4050 vitam
1225 3995 1516 4058 conclusit,
1567 3995 1712 4046 hunc
1743 3994 1973 4046 assumit
2002 3993 2055 4046 in
2105 4009 2218 4050 ca:-

646 4088 785 4153 lum,
834 4089 926 4143 ubi
954 4088 1118 4142 etiam
1154 4088 1255 4157 ipsi
1299 4087 1710 4140 tabernaculum
1764 4087 1975 4150 tribuit,
2011 4087 2063 4139 in
2095 4101 2220 4154 pto-

648 4181 783 4250 ptiis
807 4179 907 4234 sibi
949 4179 1112 4244 aulis,
1149 4178 1216 4234 de
1247 4179 1447 4248 quibus
1478 4179 1680 4232 dictum
1714 4189 1832 4232 est:
1885 4178 2065 4233 Multae
2092 4189 2221 4232 sunt

648 4271 962 4326 mansiones
1009 4272 1150 4341 apud
1187 4269 1400 4325 Patrem
1429 4271 1492 4324 ³⁸.
1531 4269 1598 4323 Ut
1646 4272 1714 4325 ita
1748 4270 2039 4341 perfectius
2070 4271 2222 4340 quiil-

648 4361 774 4416 dam
812 4362 881 4416 sit
908 4362 1114 4416 assumi
1154 4360 1223 4412 ab
1253 4361 1484 4429 eligente
1521 4375 1684 4428 quam
1737 4362 1880 4429 eligi.
1937 4360 2071 4414 Nam
2126 4362 2218 4415 ubi

647 4455 740 4525 qui
788 4455 991 4508 electus
1040 4463 1126 4508 est
1169 4453 1351 4506 omnia
1399 4453 1698 4509 secundum
1744 4451 1836 4505 Dei
1886 4454 2218 4507 voluntatem

647 4545 949 4615 peregerit,
1002 4555 1134 4599 tune
1177 4541 1394 4597 demum
1445 4558 1570 4597 cum
1614 4542 1780 4612 gloria
1839 4543 1890 4596 in
1951 4543 2218 4612 promissa

649 4637 791 4690 bona
843 4636 1186 4701 assumitur,
1238 4645 1334 4700 et,
1384 4635 1664 4689 domicilio
1714 4636 1831 4704 ejus
1882 4637 1947 4690 de
1989 4638 2218 4690 terrenis

651 4729 788 4783 locis
822 4728 1108 4794 translato,
1140 4729 1249 4782 illic
1280 4729 1686 4782 tabernaculum
1728 4729 1859 4798 ligit,
1897 4730 1949 4782 in
1985 4730 2219 4799 palatiis,

651 4821 904 4890 inquam,
967 4820 1216 4892 eligentis
1268 4835 1348 4875 se.
1397 4818 1636 4885 Quorum
1679 4820 1949 4875 desiderio
2000 4822 2218 4890 quidam

652 4915 761 4968 illic
788 4916 966 4970 adhuc
1004 4917 1336 4971 constitutus
1369 4930 1492 4969 cum
1541 4924 1844 4980 teneretur,
1897 4917 2176 4986 inquiebat
2205 4936 2217 4971 :

650 5009 845 5060 Anima
894 5024 1010 5061 mea
1051 5004 1228 5078 deﬁcit
1261 5009 1317 5062 in
1363 5009 1504 5061 atria
1539 5007 1748 5060 Domini
1765 5007 1830 5062 ³⁷.
1865 5006 2038 5062 Verba
2093 5024 2222 5079 ergo

653 5097 1033 5153 haec:Beatus
1078 5117 1230 5172 quem
1261 5101 1461 5170 elegisti
1506 5109 1556 5153 et
1613 5101 1966 5170 assumpsisti,
2022 5102 2216 5155 merito

2391 3259 2503 3330 (95)
2571 3260 2930 3325 Ἆθανὰσιος.
2991 3258 3130 3330 Πρὸς
3186 3257 3242 3312 δὲ
3299 3257 3536 3311 διάνοιαν
3599 3258 3893 3312 αἰνίττεται

2319 3349 2412 3402 τὸν
2465 3350 2591 3403 λαὸν
2651 3349 2741 3403 τὸν
2796 3350 2936 3414 νέον,
2991 3349 3082 3402 τὸν
3137 3349 3195 3416 ἐξ
3259 3348 3425 3402 ὲθνῶν
3472 3349 3767 3416 ἑκλεγέντα
3816 3348 3892 3419 τῷ

2320 3441 2540 3513 Χριστῷ
2580 3444 2658 3505 είς
2709 3441 3090 3512 κληρονομίαν.
3141 3440 3318 3505 Αὑλάς
3357 3441 3412 3494 δὲ
3456 3439 3556 3504 τὰς
3591 3440 3737 3494 κατά
3783 3439 3889 3511 χὼ-

2325 3551 2422 3604 ραν
2466 3534 2790 3604 Ἐκκλησίας
2822 3535 3178 3605 ὑποληπτέον.
3223 3534 3456 3606 Ἑτέρως
3482 3534 3538 3589 δὲ
3567 3535 3663 3589 καὶ
3699 3537 3790 3588 τὸν
3812 3551 3894 3588 τε·

2321 3625 2606 3680 λειωθέντα
2637 3629 2693 3678 ὲν
2723 3628 2965 3698 ἀρεταῖς,
2999 3626 3185 3680 τοῦτον
3209 3626 3300 3679 καὶ
3324 3629 3352 3679 ὁ
3388 3627 3679 3696 Προφήτης
3721 3644 3897 3697 μακα-

2326 3717 2478 3787 ρίζει.
2521 3717 2829 3786 Ἐκλέγεται
2883 3718 2980 3788 μὲν
3028 3717 3136 3788 γὰρ
3193 3720 3221 3771 ὁ
3250 3718 3380 3781 Θεὸς
3410 3717 3498 3771 τὸν
3532 3717 3896 3786 ἀγωνίζεσθαι

2323 3808 2416 3860 καὶ
2453 3807 2679 3878 δραμεῖν
2709 3809 3013 3880 ἐπιτήδειον
3034 3826 3046 3837 ·
3081 3809 3171 3862 τὸν
3199 3810 3255 3863 δὲ
3282 3811 3382 3881 ήδη
3424 3813 3768 3882 νενικηκότα,
3805 3814 3900 3865 καί

2324 3900 2473 3970 καλῷ
2521 3901 2662 3952 τέλει
2715 3902 2815 3972 τὴν
2873 3901 3016 3973 ζωὴν
3071 3903 3506 3976 περικλείσαντα,
3567 3908 3648 3970 εἱς
3667 3907 3898 3979 οὐρανὸν

2324 3992 2822 4064 προσλαμϐἀνεται,
2849 3994 2978 4049 ένθα
3011 3995 3106 4049 καὶ
3156 3996 3357 4068 σκηνὴν
3411 3996 3558 4068 αὐτῷ
3590 4001 3707 4062 ταῖς
3739 3999 3899 4063 ἰδίαις

2320 4086 2510 4147 αὐλαῖς
2537 4085 2874 4157 ἀποκληροῖ’
2901 4088 3029 4159 περὶ
3072 4081 3145 4140 ὧν
3198 4090 3440 4160 εἴρηται·
3488 4090 3685 4144 Πολλαὶ
3740 4093 3898 4162 μοναὶ

2323 4178 2471 4248 παρά
2508 4176 2583 4246 τῷ
2613 4175 2808 4248 Πατρί.
2854 4177 3015 4233 Ὥστε
3048 4178 3378 4250 τελειότερον
3399 4179 3490 4232 τοῦ
3519 4180 3811 4250 ἐκλεγῆναι
3838 4180 3898 4234 τὸ

2324 4271 2733 4342 προσληφθῆναι
2769 4271 2919 4342 παρὰ
2947 4271 3039 4325 τοῦ
3077 4273 3460 4343 ὲκλεξαμένου.
3505 4274 3673 4326 Ὅταν
3716 4275 3828 4346 γὰρ
3871 4276 3900 4327 δ

2321 4362 2565 4430 ἐκλεγεὶς
2590 4363 2764 4415 πάντα
2787 4363 2925 4416 κατά
2950 4363 3201 4434 βούλησιν
3220 4364 3354 4416 Θεοῦ
3379 4363 3580 4436 πράξη,
3611 4366 3730 4418 τότε
3761 4366 3900 4437 μετά

2322 4454 2478 4521 δόξης
2503 4456 2578 4517 εἰς
2611 4453 2711 4517 τὰς
2758 4455 3083 4523 ἐπαγγελίας
3116 4456 3608 4526 προσλαμϐἀνεται,
3635 4459 3728 4510 καὶ
3764 4475 3900 4529 μετ-

2324 4547 2581 4608 οικισθεὶς
2609 4544 2702 4598 τοῦ
2738 4548 2864 4617 περὶ
2893 4548 2994 4617 γῆν
3050 4549 3236 4607 τόπου,
3278 4550 3396 4600 ἐκεῖ
3443 4554 3795 4620 κατασκηνοῐ,
3840 4553 3899 4603 ὲν

2324 4642 2442 4702 ταῖς
2475 4638 2662 4702 αὐλαῖς
2689 4639 2784 4692 τοῦ
2819 4639 3195 4710 ἐκλεξαμένου.
3231 4637 3326 4694 Ὧν
3354 4641 3598 4695 ἐντεῦθεν
3629 4643 3709 4695 ἔτι
3733 4644 3899 4696 πόθον

2323 4745 2406 4789 τις
2434 4727 2594 4796 ἔχων,
2637 4725 2820 4781 εἶπεν·
2889 4731 3182 4785 Ἐκλείπει
3233 4733 3271 4799 ὴ
3303 4732 3470 4800 ψυχή
3504 4751 3624 4803 μου
3670 4737 3760 4801 εὶς
3791 4736 3900 4802 τὰς

2326 4820 2518 4882 αὐλὰς
2551 4819 2655 4872 τοῦ
2691 4821 2930 4889 Κυρίου.
2971 4822 3130 4874 Ὥστε
3157 4823 3254 4886 τὰς
3290 4822 3460 4887 λέξεις
3496 4823 3718 4888 ταύτας,
3753 4827 3902 4896 φημὶ

2322 4910 2386 4980 δὴ
2411 4911 2490 4974 τὸ,
2513 4911 2827 4980 Μακάριος,
2848 4913 2920 4966 ὃν
2939 4914 3193 4979 ἐξελέξω
3217 4916 3313 4969 καὶ
3333 4917 3734 4986 προσελάϐου,
3756 4917 3903 4971 sintd-

2325 5019 2432 5065 τως
2465 5005 2827 5076 προφέρουσιν
2863 5008 2912 5059 οἱ
2939 5007 3064 5071 τοὺς
3099 5007 3506 5079 ἀπαλλαγέντας
3529 5010 3623 5064 τοῦ
3656 5010 3770 5083 βίου
3801 5012 3905 5083 ζη-

2323 5097 2539 5159 λοῦντες
2566 5099 2656 5150 καὶ
2696 5100 3105 5170 μακαρίζοντες.

653 5187 1001 5255 protulerint,
1031 5189 1123 5261 qui
1160 5188 1411 5258 praesenti
1436 5189 1544 5243 vita
1577 5188 1880 5244 abstractos
1915 5189 2218 5253 imitantur,
2247 5205 2311 5246 ac
2348 5189 2530 5243 beatos
2555 5189 2870 5258 praedicant.

922 5299 990 5354 Et
1023 5303 1074 5355 in
1100 5317 1302 5354 versum
1335 5313 1628 5372 sequentem
1654 5319 1672 5356 :
1705 5306 1976 5372 prwmissa
2005 5321 2212 5357 rursum
2245 5303 2466 5356 litterali
2495 5303 2840 5372 explicatione
2869 5322 2934 5360 ea:
2960 5307 3279 5365 Theodoreto
3302 5353 3317 5377 ,
3356 5315 3608 5383 sequitur.

725 5416 1022 5470 Athanasii.
1076 5414 1280 5471 Horum
1329 5417 1594 5472 sententia
1649 5419 1782 5473 luec.
1839 5419 1983 5474 Bona
2018 5419 2214 5474 domus

725 5531 768 5562 ³⁸
790 5529 948 5584 Joan.
973 5545 1083 5595 xw,
1121 5530 1176 5584 2.
1253 5531 1296 5561 ³⁷
1323 5529 1466 5586 Psal.
1495 5547 1722 5598 Lxxxm,
1750 5533 1801 5586 5.

727 5644 836 5711 (95)
866 5641 990 5767 [Illaec
1023 5643 1074 5699 in
1120 5643 1545 5713 Expositionibus
1579 5647 1642 5702 ad
1671 5645 1960 5702 secundani
2009 5657 2210 5716 partem

727 5729 846 5767 rsus
954 5757 966 5767 .

658 5728 846 5768 νει-ωε
881 5728 966 5767 Ιυ.

740 5784 847 5853 till)
885 5783 1007 5839 linat-
1039 5789 1277 5844 auctiora
1316 5797 1436 5843 sunt
1469 5802 1629 5857 quam
1672 5787 1722 5840 in
1761 5783 2206 5852 Ezpositionibus.

2408 5419 2516 5488 (96)
2591 5420 2956 5475 Ἄθω-ασίου.
3015 5423 3155 5496 Πρὸς
3205 5426 3261 5479 δὲ
3315 5427 3470 5480 νοῦνο
3541 5429 3744 5496 Ἀγαθά
3801 5441 3906 5499 τοῦ

2397 5648 2509 5722 (θᾷ)
2531 5645 2654 5722 llaec
2678 5665 2781 5702 non
2802 5649 3070 5706 habentur
3097 5654 3351 5722 superius
3385 5656 3449 5711 ad
3483 5656 3627 5712 hunc
3651 5672 3904 5716 versum.

2393 5720 2503 5786 (υὸ)
2534 5717 2733 5774 llorum
2767 5724 3010 5791 quadam
3049 5717 3298 5794 Superius
3347 5726 3614 5783 habentur
3642 5729 3713 5782 ad
3755 5731 3907 5784 hunc

2321 5804 2553 5845 versum.
