4068 6310
127 347 219 403 5⁸17

1097 338 1517 394 FRAGMENTA
1557 336 1911 393 COMMENT.
1953 335 2018 390 IN
2055 332 2389 390 PSALMOS.

3247 333 3351 389 578

130 464 264 518 οἴκου
317 462 412 516 τοῦ
467 462 600 516 Θεοῦ
653 462 723 516 τά
760 461 854 516 τοῦ
888 459 1201 532 Πνεῦμα-ξος
1247 461 1479 532 διάφορα
1527 461 1685 534 χαρί-

1804 459 1904 526 Dei,
1925 458 2203 521 dicuntur,
2229 457 2439 512 diversa
2465 453 2701 526 Spiritus
2728 456 2899 511 sancti
2929 455 3091 510 dona.
3120 452 3356 512 Donmm

131 574 319 629 σματα.
378 552 540 610 Οἶκον
586 556 643 608 δὲ
685 555 819 609 Θεοῦ
866 556 964 626 τὴν
1021 555 1342 627 Ἐκκλησίαν
1398 557 1428 609 ὁ
1483 555 1691 620 Παῦλος

132 644 292 697 καλεῖ.
338 645 426 698 Ἐν
452 645 508 698 δὲ
531 644 703 714 τούτῳ
732 644 1056 714 θαυμαστῶς
1083 645 1408 701 ἐπιτελεῖται
1431 649 1462 717 ή
1499 647 1688 718 ἀρετὴ,

133 735 427 806 καλουμένη
450 735 781 805 δικαιοσύνη.
823 735 881 788 '0
903 735 1079 789 τοίνυν
1101 737 1370 791 πιστεύων
1398 740 1487 792 καὶ
1517 739 1691 810 ἔργων

133 826 338 894 ἀγαθῶν
367 825 672 896 πληρωθεὶς
705 826 816 896 ἔχει
845 825 936 878 τὸν
966 825 1167 897 Κύριον
1202 830 1260 881 ἐν
1290 828 1487 899 ἐαυτῷ.
1523 831 1692 900 Εἴρηο

133 938 214 973 ται
244 920 351 990 γάρ
382 919 468 972 διὰ
491 920 588 989 τῆς
618 919 852 984 πίστεως
881 925 1152 976 κατοικεῖν
1193 923 1283 976 τὸν
1328 923 1562 993 Χριστὸν
1614 927 1692 990 εἰς

134 1013 216 1065 τὸν
244 1012 350 1065 ἔσω
369 1012 672 1082 ἄνθρωπον,
709 1013 803 1065 καὶ
833 1013 968 1084 πρὸς
998 1014 1088 1067 τὸν
1112 1015 1380 1086 τηροῦντα
1409 1017 1499 1069 τὸν
1535 1017 1689 1086 λόγον

136 1104 288 1160 αὐτοῦ
320 1103 458 1174 μετά
478 1102 571 1156 τοῦ
606 1105 818 1176 Πατρὸς
869 1104 1159 1175 ἐρχόμενος
1211 1107 1376 1176 μονὴν
1432 1112 1686 1164 ποιεῖται.

136 1199 236 1252 Καὶ
262 1197 468 1265 γίνεται
497 1199 524 1250 ὁ
544 1197 780 1261 τοιοῦτος
813 1197 957 1260 ναὸς,
996 1198 1156 1264 (κατά
1193 1199 1253 1252 τό
1273 1213 1285 1226 ⁸
1332 1202 1451 1254 Οὐκ
1472 1202 1688 1268 οἴδατε,

137 1291 216 1344 ὅτι
240 1289 385 1356 ναὸς
402 1291 548 1345 Θεοῦ
573 1291 713 1344 ἐστε
734 1291 772 1359 ;)
815 1290 872 1354 ὃς
899 1292 988 1344 καὶ
1003 1291 1345 1364 δικαιοσύνην
1367 1294 1694 1365 θαυμαστῶς

137 1383 400 1455 κατορθοῖ,
419 1384 516 1456 τὴν
541 1384 627 1437 διὰ
658 1385 892 1448 πίστεως
922 1385 1335 1456 συνισταμένην.
1365 1388 1550 1455 ’Ἄγιος
1581 1389 1701 1458 μὲν-

137 1493 211 1528 τοι
241 1477 388 1530 ἐστὶν
421 1477 497 1540 ὡς
528 1475 782 1546 καθαρὸς,
816 1475 1124 1547 θαυμαστὸς
1160 1475 1217 1530 δὲ
1260 1479 1354 1531 ἐπὶ
1400 1482 1466 1551 τῇ
1499 1480 1700 1536 δικαιο-

137 1566 283 1643 cum.

1789 559 1970 606 autem
2001 549 2093 604 Dei
2131 557 2290 603 vocat
2326 547 2528 602 Paulus
2569 549 2740 617 ipsam
2795 546 3116 602 Ecclesium.
3149 545 3208 600 In
3257 547 3360 603 hae

1789 657 1916 696 vero
1964 641 2127 695 domo
2178 638 2500 692 mirabiliter
2542 638 2818 708 perficitur
2850 639 3025 692 virtus
3075 638 3186 702 illa,
3236 653 3358 706 quae

1789 732 2093 802 appellatur
2130 731 2362 800 justitia.
2390 729 2492 796 Qui
2528 730 2693 800 igitur
2722 731 2915 797 credit,
2947 745 3011 785 ac
3042 730 3200 785 bonis
3232 744 3361 800 ope—

1791 827 1942 880 ribus
1965 825 2223 883 abundat.
2253 824 2298 877 is
2331 822 2796 876 habetDominum
2827 824 2879 876 in
2912 824 3112 893 seipso.
3144 821 3360 875 Dictum

1793 932 2026 986 namque
2059 924 2141 970 est
2171 914 2321 977 alihi,
2365 914 2508 982 quod
2535 911 2787 966 Christus
2821 913 3025 967 habitet
3056 913 3109 966 in
3143 912 3363 965 homine

1794 1008 2047 1062 interiore
2080 1022 2172 1074 per
2199 1005 2356 1058 fidem
2385 1013 2468 1058 :et
2490 1005 2633 1072 quod
2659 1013 2919 1058 venturus
2950 1004 3017 1056 sit
3048 1019 3170 1057 cum
3203 1002 3365 1056 Patre

1795 1101 1861 1155 ad
1893 1115 2015 1153 eum
2052 1099 2143 1167 qui
2173 1112 2482 1154 sermonem
2527 1096 2646 1165 ejus
2686 1106 2884 1152 servat.
2919 1111 2981 1149 ac
3023 1095 3364 1150 mansionem

1799 1192 1938 1260 apud
1982 1191 2158 1260 ipsum
2192 1189 2459 1242 facturus.
2489 1189 2666 1256 Atque
2696 1188 2766 1240 ita
2795 1188 2852 1240 fit
2882 1187 2970 1240 hic
3004 1187 3125 1240 talis
3167 1186 3366 1241 domus

1801 1284 1934 1337 Dei:
1970 1284 1985 1348 (
2013 1284 2308 1337 secundum
2354 1281 2482 1335 illud
2513 1301 2524 1334 :
2566 1279 2799 1334 Nescitis
2839 1281 3083 1350 quoniam
3117 1281 3368 1346 templum

1801 1373 1898 1427 Dei
1927 1375 2049 1427 estis
2069 1374 2197 1444 “‘i)
2229 1374 2321 1443 qui
2357 1374 2518 1427 etiam
2553 1372 2876 1424 mirabiliter
2921 1381 3175 1440 operatur
3205 1370 3369 1440 justi-

1801 1467 1952 1531 tiam,
1986 1467 2156 1529 illam,
2200 1468 2442 1536 inquam,
2476 1480 2596 1535 quae
2628 1480 2722 1533 per
2752 1463 2907 1516 ﬁdem
2951 1463 3179 1517 exsistit.
3228 1459 3370 1516 San—

1803 1566 1924 1610 ctus
1959 1556 2122 1625 igitur
2150 1565 2253 1618 est,
2286 1556 2413 1626 quia
2453 1568 2621 1625 purus
2649 1570 2664 1618 ;
2696 1551 2964 1606 mirabilis
2997 1565 3126 1606 vero
3155 1559 3371 1620 propter

1796 1647 2087 1718 justitiam.

286 1740 360 1796 Et
402 1743 456 1796 in
489 1742 724 1812 ejusdem
745 1742 939 1813 psalmi
963 1745 1115 1798 verba
1145 1760 1163 1797 :
1199 1765 1218 1796 α
1258 1746 1361 1812 Qui
1383 1764 1651 1820 prcparat
1680 1771 1908 1821 utentes,
1948 1779 1966 1812 ι
2000 1770 2124 1820 etc..
2152 1776 2199 1816 υ.
2231 1759 2284 1813 7.
2331 1757 2594 1813 Similiter
2626 1758 2901 1828 praemissa
2926 1755 3233 1812 Theodoreti

1096 1841 1384 1906 sententia,
1435 1847 1953 1915 subjectoAthanasii
1979 1853 2212 1916 nomine,
2255 1853 2374 1905 ait:

200 1949 340 2020 Πρὸς
366 1947 423 2002 δὲ
453 1948 686 2002 διάνοιαν
706 1963 720 1977 ·
753 1946 847 2009 Σὺ,
883 1949 1066 2020 φησὶν,
1091 1944 1143 2003 εἷ
1172 1953 1201 2004 ὁ
1242 1953 1309 2007 τά
1354 1955 1480 2028 ὅρη,
1528 1959 1694 2030 ἤγουν

1871 1943 1949 1997 Ad
1977 1952 2208 1996 mentem
2241 1957 2366 1996 vero
2395 1963 2407 1996 :
2437 1941 2538 2004 Tu,
2560 1940 2755 2011 inquit,
2781 1955 2860 2004 es,
2890 1940 2981 2008 qui
3017 1952 3248 2002 montes,
3275 1942 3376 1998 hoc

134 2043 228 2106 τάς
252 2041 634 2111 ἀντικειμένας
659 2041 936 2112 δυνάμεις,
976 2043 1282 2113 ὲτοιμάζων
1306 2049 1386 2110 εἰς
1429 2052 1700 2122 τιμωρίαν

140 2133 496 2204 (ἡτοίμασται
542 2131 648 2204 γὰρ
715 2131 904 2197 αὑταῖς
974 2135 1007 2206 ὴ
1059 2132 1359 2200 ἄϐυσσοςΓ
1424 2139 1579 2194 τοῦτο
1642 2143 1700 2197 δὲ

140 2234 398 2297 ποιήσεις,
435 2225 658 2288 δυνατὸς
687 2223 783 2281 ὢν.

1807 2043 1892 2087 est
1937 2033 2275 2088 adversar-ias
2326 2042 2635 2103 potestates,
2682 2046 2954 2101 przeparas
2997 2035 3064 2085 ad
3113 2033 3375 2101 supplicia

1809 2127 1826 2195 (
1850 2125 1968 2179 istis
1997 2126 2140 2180 enim
2184 2137 2483 2196 praeparata
2510 2135 2592 2182 est
2611 2125 2882 2196 abyssus)
2917 2141 2932 2178 :
2969 2131 3023 2180 et
3051 2124 3154 2180 hoc
3185 2123 3377 2194 facies,

1807 2218 1931 2287 quia
1963 2228 2153 2286 potens
2180 2231 2262 2271 es.

804 2381 872 2436 Et
910 2383 963 2436 in
993 2401 1195 2439 versum
1227 2399 1517 2459 sequentem
1557 2390 1864 2447 Theodoreti
1887 2395 2224 2464 explicationi
2254 2397 2362 2449 hazc
2388 2394 2639 2463 subjicit:

215 2495 568 2549 ’AOaraO'iov
614 2495 710 2549 καὶ
769 2497 1092 2564 Κυρίλλου.
1145 2500 1290 2571 Πρὸς
1318 2502 1374 2554 δὲ
1429 2503 1707 2558 διάνοιαν·

141 2584 506 2658 Συνταράσσει
533 2585 762 2657 Χριστὸς
784 2580 893 2638 οἷόν
914 2604 964 2639 τι
993 2587 1150 2652 κύτος
1175 2591 1267 2642 καὶ
1292 2591 1490 2656 πλάτος
1508 2593 1710 2647 θαλάσ-

143 2694 236 2748 σης
259 2677 327 2730 τά
362 2675 542 2748 πλήθη
572 2677 681 2730 τῶν
709 2675 897 2742 ἐθνῶν,
930 2675 1004 2748 μὴ
1040 2681 1398 2750 συγχωρήσας
1425 2682 1562 2736 αὺτά
1589 2684 1714 2754 ἠρε-

143 2771 256 2839 μεῖν
287 2771 348 2822 ἐν
376 2772 500 2832 ταῖς
534 2768 789 2840 ἀρχαίαις
831 2769 1066 2832 ἀπάταις
1088 2787 1102 2800 ’
1140 2773 1446 2842 κεκινηκὼς
1477 2774 1534 2826 δὲ
1581 2775 1715 2844 μᾶλ-

142 2858 225 2911 λον
256 2861 334 2922 εὶς
360 2858 657 2927 ἐπίγνωσιν
693 2858 793 2929 τῆς
838 2859 1030 2912 ἐαυτοῦ
1076 2859 1376 2932 δυνάμεως,
1406 2864 1499 2916 καὶ
1527 2863 1714 2936 ὥσπερ

141 2952 284 3015 τινὰς
311 2952 482 3023 ἦχους
513 2949 790 3021 κυμάτων,
825 2950 1194 3016 ἀνασαλεύσας
1227 2953 1480 3007 ἁπάντων
1499 2955 1596 3019 τὰς
1627 2956 1713 3008 ἐπ’

142 3045 284 3116 αύτῷ
332 3042 663 3112 δοξολογίας.
702 3044 771 3097 Ἢ
805 3041 1079 3097 θάλασσαν
1126 3045 1358 3099 ἐνταῦθα
1407 3047 1467 3100 τὸ
1514 3048 1714 3120 πλῆθος

142 3137 243 3189 τῶν
281 3135 616 3207 ἀκαθάρτων
640 3135 967 3206 πνευμάτων
1000 3139 1185 3208 φησιν,
1224 3138 1253 3190 ὃ
1286 3139 1715 3210 συνταράσσεται

140 3233 202 3300 τῇ
231 3228 324 3282 τοῦ
349 3227 589 3299 Χριστοῦ
620 3229 910 3300 παρουσία.
936 3229 1026 3282 Διὸ
1049 3232 1140 3284 καὶ
1160 3231 1481 3303 φοϐούμενοι
1508 3233 1713 3303 ἐλεγονυ

1885 2509 2161 2563 Athanasii
2198 2522 2249 2564 et
2276 2511 2488 2580 Cyr-illi.
2522 2509 2644 2565 Haec
2668 2521 2846 2567 autem
2877 2513 2957 2569 sic
2984 2515 3379 2588 intelliguntur,

1814 2597 2093 2654 Christum
2141 2617 2260 2656 esse
2307 2604 2399 2672 qui
2458 2605 2745 2658 conturbat
2798 2606 3198 2664 multitudinem
3253 2627 3386 2682 gen-

1818 2693 1951 2745 tium
1986 2694 2156 2748 instar
2190 2695 2354 2748 maris
2384 2695 2635 2764 profundi
2667 2711 2731 2750 ac
2776 2697 3054 2766 latissimi,
3102 2703 3229 2756 dum
3277 2720 3383 2758 non

1818 2785 1948 2838 sinit
1977 2801 2071 2841 eas
2111 2787 2503 2856 conquiescere
2555 2789 2607 2840 in
2642 2788 2878 2858 antiquis
2923 2794 3240 2848 erroribus:
3291 2796 3385 2849 sed

1817 2877 1999 2945 potius
2031 2889 2335 2934 commovet
2363 2888 2417 2934 et
2464 2879 2709 2950 perducit
2754 2881 2817 2935 ad
2873 2885 3235 2954 cognitionem
3275 2902 3387 2942 sua!

1817 2967 2090 3034 potentiae,
2123 2984 2187 3022 ac
2218 2984 2410 3022 omnes
2460 2968 2525 3022 ad
2570 2971 2654 3024 sui
2685 2969 2901 3026 laudem
2935 2974 3092 3042 quasi
3139 2973 3388 3032 fremitus

1817 3050 2079 3108 ﬂuctuum
2106 3055 2323 3110 excitat.
2361 3055 2456 3110 Vel
2483 3058 2718 3127 appellat
2767 3060 2856 3115 hic
2905 3078 3076 3128 mare,
3118 3065 3387 3136 ingentem

1818 3143 1968 3199 illam
2001 3147 2404 3202 multitudinem
2434 3148 2722 3217 spirituum
2749 3151 3106 3220 impurorum,
3141 3159 3232 3226 qui
3264 3173 3392 3212 con-

1819 3238 2110 3294 turbantur
2137 3239 2341 3296 Christi
2385 3241 2638 3296 adventu.
2690 3241 2844 3298 Unde
2872 3244 3037 3299 etiam
3087 3259 3391 3306 metuentes

140 3316 354 3386 Ἦλθες
371 3313 492 3373 ὧδε
517 3319 631 3387 πρὸ
668 3320 876 3388 καιροῦ
893 3321 1230 3385 βασανίσαι
1261 3324 1437 3394 ἡμᾶς.
1503 3327 1573 3379 Ἦ
1623 3327 1706 3381 θά-

1822 3335 2077 3390 dicebant
2108 3351 2121 3387 :
2157 3332 2356 3387 Venisti
2385 3344 2506 3387 ante
2533 3344 2732 3404 tempus
2779 3347 3017 3407 torquere
3052 3355 3144 3393 nos
3168 3341 3234 3395 ".
3293 3340 3389 3397 Vel

141 3415 341 3468 λασσαν
395 3413 497 3484 μὲν
529 3412 592 3465 τὸ
641 3410 840 3482 πλῆθος
897 3411 1052 3464 καλεῖ
1092 3413 1200 3466 τῶν
1238 3416 1512 3486 τυράννων
1539 3417 1626 3470 διὰ
1658 3417 1706 3471 τὲ

1820 3435 1966 3482 certe
1994 3440 2142 3478 mare
2171 3409 2391 3494 quidem
2421 3426 2554 3482 dicit
2586 3428 2988 3483 multitudinem
3015 3440 3391 3502 tyrannorum,

143 3503 382 3574 ἁλμυρὸν
408 3503 512 3573 τῆς
535 3499 977 3574 σίδωλόλατρείας
998 3502 1198 3566 αὐτῶν,
1229 3504 1393 3574 ἤχους
1439 3507 1495 3558 δὲ
1540 3509 1706 3577 κῦμά.

1818 3524 2041 3587 propter
2057 3515 2382 3570 salsedinem
2411 3518 2523 3570 sive
2541 3519 2888 3574 acerbitatem
2908 3499 3225 3578 idololatria:
3249 3525 3393 3594 ipso-

140 3612 244 3649 των
269 3594 370 3658 τάς
404 3594 550 3647 κατά
576 3593 684 3646 τῶν
718 3591 1008 3666 μαρτύρων
1061 3591 1352 3659 ἐπιϐουλὰς
1409 3597 1502 3649 καὶ
1553 3596 1706 3665 βασά-

1823 3623 1943 3662 rum
1978 3625 1992 3673 ;
2025 3606 2274 3663 fremitus
2298 3623 2426 3662 vero
2463 3607 2750 3673 (luctuum,
2787 3612 3012 3668 insidias
3046 3625 3100 3670 et
3125 3591 3393 3671 tormenta

140 3701 282 3749 νους.
317 3687 423 3750 ‘Ac
449 3683 534 3748 τίς
557 3685 878 3753 ὑπέμεινεν,
907 3685 955 3738 εἰ
999 3684 1075 3758 μὴ
1109 3687 1174 3758 τῇ
1222 3686 1446 3760 δυνάμει
1478 3687 1706 3762 Χριστοῦ

1820 3700 2024 3756 sanctis
2059 3701 2383 3770 martyribus
2429 3702 2498 3755 ab
2530 3702 2662 3771 ipsis
2696 3701 2918 3761 inﬂicta.
2954 3705 3085 3771 Quae
3111 3708 3233 3776 quis
3272 3724 3396 3763 sus-

142 3775 538 3848 ἐνεδυναμοῦτο
567 3776 662 3830 καὶ
693 3772 1047 3846 ἐστηρίζετος

1833 3791 2073 3856 tinuerit,
2110 3791 2215 3846 nisi
2259 3792 2355 3861 qui
2403 3793 2640 3863 potentia
2666 3793 2870 3851 Christi
2913 3772 3198 3854 roboratus
3232 3808 3396 3856 atque

1835 3885 2086 3943 suffultus
2113 3883 2315 3940 fuerit?

784 4015 852 4072 Et
886 4016 1056 4073 adhuc
1085 4017 1140 4073 in
1168 4035 1372 4074 versum
1400 4029 1694 4090 sequentem
1736 4019 2044 4076 Theodoreti
2070 4021 2416 4092 explicationi
2448 4021 2717 4093 subjungit
2744 4041 2762 4076 :

217 4129 600 4188 Ἄθανασίου.
653 4131 1014 4204 Παρεδήλωσε
1051 4131 1108 4186 δέ
1161 4132 1255 4186 καὶ
1301 4130 1363 4187 τὸ
1415 4132 1522 4186 τῶν
1554 4132 1706 4200 ἁγίωη

1893 4135 2191 4190 Athanasii.
2229 4134 2567 4206 Signiﬁcavit
2594 4152 2724 4192 vero
2755 4137 2917 4194 simul
2969 4139 3131 4194 etiam
3163 4147 3386 4196 sancto-

142 4223 460 4279 ἀποστόλων
489 4227 752 4298 κήρυγμα
774 4240 788 4254 ·
818 4226 954 4298 ὅπερ
974 4224 1065 4279 διὰ
1091 4225 1152 4278 τὸ
1195 4224 1361 4296 ἄηθες
1392 4227 1485 4280 καὶ
1531 4227 1621 4281 διὰ
1663 4228 1706 4281 τί

1823 4243 1944 4283 rum
1987 4229 2358 4298 apostolorum
2402 4230 2867 4298 praedicationem,
2914 4247 3036 4302 qua:
3083 4242 3196 4287 tum
3245 4233 3392 4304 quod

142 4312 515 4368 καταλύεσθαι
537 4314 599 4367 τὸ
632 4313 883 4386 πατρῷον
907 4313 1015 4368 τῶν
1048 4313 1216 4369 ἐθνῶν
1245 4314 1430 4378 σέὸας,
1472 4317 1566 4368 καὶ
1621 4318 1706 4388 rip

1826 4319 2145 4374 inconsueta
2176 4327 2340 4385 esset,
2375 4328 2485 4374 tum
2529 4322 2690 4374 etiam
2729 4322 2874 4391 quod
2905 4322 3256 4378 demoliretur
3280 4323 3395 4378 avi-

142 4410 420 4465 πολιτείαν
455 4408 638 4464 αὐτῶν
676 4406 1019 4479 ἀμείϐεσθαι,
1047 4407 1289 4478 ταραχὴν
1319 4407 1479 4470 εὐθὺς
1511 4409 1605 4461 καὶ
1629 4410 1706 4472 ζά

1826 4422 1942 4467 tum
1993 4413 2272 4484 gentilium
2335 4413 2565 4477 cultum,
2617 4413 2891 4484 vitamque
2947 4429 3135 4469 eorum
3166 4431 3228 4470 ac
3261 4430 3394 4469 con-

141 4503 236 4575 λην
278 4507 398 4568 τοῖς
459 4501 770 4574 ἀνθρώποις
823 4502 1040 4574 ἐκίνησε
1073 4503 1212 4556 κατὰ
1264 4501 1362 4573 τὴν
1388 4501 1480 4556 τοῦ
1514 4502 1706 4573 Κυρίοι

1824 4507 2183 4560 versationem
2261 4506 2592 4576 corrigeret,
2662 4505 2809 4560 illico
2868 4507 3052 4562 turbas
3104 4521 3168 4562 ac
3213 4515 3395 4562 motus

142 4595 349 4668 φωνὴν,
381 4593 623 4666 χωρίζον
650 4593 870 4665 νύμφην
893 4594 957 4646 ἐκ
984 4591 1268 4664 πενθερᾶς,
1294 4593 1387 4646 καὶ
1415 4592 1628 4663 πατέρα
1661 4589 1706 4655 ἐξ

1827 4595 1973 4650 dedit
1999 4594 2141 4650 inter
2186 4594 2457 4661 homines,
2507 4609 2572 4649 ac
2623 4596 2919 4650 secundum
2975 4595 3123 4650 illam
3175 4595 3392 4651 Domini

144 4685 276 4741 υἱοῦ.
306 4685 475 4741 Μετά
494 4685 549 4738 δὲ
566 4685 667 4757 τὴν
700 4685 869 4754 ζάλην
890 4685 1222 4751 κατέπαυσε,
1253 4687 1347 4740 καὶ
1377 4685 1476 4756 τὴν
1501 4686 1706 4757 είρήνηη

1827 4701 2043 4749 vocem,
2071 4701 2267 4742 nurum
2298 4703 2329 4741 a
2379 4702 2562 4751 socru,
2597 4698 2652 4742 et
2686 4688 2855 4742 tilium
2887 4703 2918 4741 a
2960 4696 3112 4756 patre
3145 4702 3396 4758 segrega-

143 4777 344 4831 ἆπασιν
375 4775 808 4848 ἐπρυτάνευσεν.
836 4777 962 4830 Ὅτε
985 4769 1098 4839 οῦν,
1125 4776 1277 4848 φησὶ,
1301 4775 1369 4829 τά
1398 4774 1524 4847 ἔθνη
1559 4790 1706 4846 ταρακ

1827 4776 1922 4832 bat
1945 4776 2011 4833 ⁸⁸.
2048 4775 2372 4847 Quanquam
2398 4787 2523 4848 post
2547 4778 2709 4832 etiam
2741 4786 2919 4832 motus
2951 4777 3071 4833 illos
3101 4777 3391 4840 sedaverit,

144 4868 462 4941 χθήσονται,
518 4868 763 4922 τουτέστι
819 4867 928 4922 τῶν
970 4867 1236 4938 δαιμόνων
1287 4868 1354 4922 τά
1383 4868 1699 4939 συστήματα

1828 4877 1882 4922 et
1910 4882 2096 4937 pacem
2125 4868 2342 4923 cunctis
2371 4868 2684 4923 reddiderit.
2717 4868 2942 4935 Quando
2977 4870 3159 4940 igitur,
3192 4869 3387 4937 inquit,

142 4960 257 5014 τότε
300 4961 367 5032 δὴ
405 4961 534 5014 τότε
586 4962 679 5014 καὶ
703 4963 750 5014 oi
784 4963 841 5015 ἐν
870 4962 983 5022 τοῖς
1032 4959 1233 5032 πέρασι
1273 4961 1372 5031 τῆς
1402 4959 1706 5030 οἱκουμένηι

1831 4968 2038 5031 gentes,
2089 4959 2195 5014 hoc
2231 4968 2316 5014 est
2338 4960 2644 5015 daemonum
2689 4962 2941 5016 examina
2972 4959 3394 5017 commovebun-

145 5051 419 5126 ἀνθρωττοι
455 5050 856 5123 φοϐηθήσονταί
884 5069 962 5118 σε,
1005 5053 1073 5106 τὰ
1113 5050 1324 5122 μεγάλα
1367 5053 1565 5122 σημεῖα
1592 5050 1706 5104 θεω

1831 5058 1939 5114 tur,
1983 5059 2113 5104 tunc
2148 5059 2199 5104 te
2242 5058 2482 5104 metuent
2530 5051 2778 5107 homines
2826 5051 2879 5105 in
2925 5050 3183 5105 extremis
3235 5056 3396 5102 terra:

148 5147 435 5220 ρήσαντες,
465 5145 539 5199 τά
571 5144 665 5198 ἐπὶ
690 5147 756 5217 τῇ
793 5148 857 5216 σῇ
887 5145 1158 5219 παρουσίᾳ
1186 5143 1543 5214 γεγενημένα·

1834 5142 2039 5196 finibus
2067 5139 2370 5202 constituti,
2408 5141 2670 5194 miracula
2704 5143 2942 5213 ingentia
2976 5139 3394 5211 conspicientes,

1834 5247 1956 5303 quae
1983 5231 2086 5287 sub
2116 5230 2407 5286 adventum
2443 5240 2594 5286 tuum
2633 5234 2878 5289 edentur.

1428 5371 1564 5427 Item
1592 5372 1646 5426 in
1677 5381 1972 5443 sequentem
2003 5386 2050 5423 υ.
2081 5369 2135 5424 9.

225 5473 611 5534 Ἆθανασιου,
648 5469 938 5523 Εὑσεϐἰου
978 5470 1076 5523 καὶ
1106 5469 1429 5540 Κυρίλλου.
1466 5470 1575 5523 Καὶ
1609 5467 1706 5539 μέν

1913 5465 2212 5531 Athanasii,
2261 5463 2475 5518 Eusebii
2523 5473 2573 5519 et
2624 5462 2835 5535 Cyrilli.
2894 5462 2959 5517 Et
3001 5461 3219 5532 quidem
3276 5479 3399 5521 cum

141 5577 218 5618 τοι
247 5563 469 5617 ὅταντά
497 5559 715 5631 μεγάλα
744 5565 938 5633 σημεῖα
964 5559 1336 5632 θεωρήσαντες
1360 5561 1408 5612 οἱ
1432 5561 1531 5632 τὴν
1549 5561 1706 5611 οἰκου·

1841 5557 2074 5617 viderint
2097 5571 2293 5628 magna
2333 5557 2423 5613 illa
2447 5556 2598 5628 signa
2630 5556 2724 5627 qui
2772 5553 2958 5611 orbem
3006 5564 3283 5610 terrarum
3314 5553 3401 5612 in-

212 5694 453 5754 1“lCor.
491 5693 690 5766 m,i(i.
764 5695 806 5729 "
831 5694 1019 5753 Matth.
1062 5710 1176 5760 vni,
1211 5693 1300 5749 2|.
1379 5694 1422 5726 ⁸ο
1447 5692 1634 5751 Matth.
1661 5708 1717 5765 ι,
1747 5691 1832 5750 35.
