4068 6310
730 339 835 397 579

1566 333 1621 387 S.
1651 331 2019 388 ATIIANASH
2057 332 2205 388 OPP.
2246 330 2427 386 PARS
2467 326 2557 385 Ill.
2597 355 2665 366 -—-
2703 324 3110 381 EXEGETICA.
3850 314 3936 367 580

734 457 937 521 colunt,
971 470 1031 509 ac
1061 457 1341 509 timuerint
1380 454 1481 508 sibi
1511 453 1703 506 timore
1732 452 1891 518 bono,
1922 464 2049 505 tunc
2100 451 2286 521 utique

2400 448 2554 517 μένην
2610 445 2881 507 οἰκοῦντες
2912 442 3186 513 φοϐηθῶσι
3236 441 3326 492 τὸν
3379 437 3578 503 ἀγαθὸν
3612 435 3801 504 φόῦον,
3834 433 3937 485 τότε

735 560 843 601 tam
897 545 1179 600 matutinis
1222 558 1382 612 quam
1438 541 1756 612 vespertinis
1788 541 2095 608 egressibus
2144 540 2289 609 (hoc

733 649 833 701 cst,
867 638 1015 693 omni
1048 636 1328 705 tempore)
1379 636 1621 688 lactantes
1661 633 2069 686 oblcctabuntur
2122 634 2173 685 iu
2222 632 2289 686 iis

732 744 853 799 qua:
882 728 1086 782 Christi
1119 726 1378 780 adventus
1417 722 1701 792 reparavit.
1729 721 1896 776 Porro
1934 723 2102 791 ipsius
2128 722 2288 777 etiam

732 820 935 875 Christi
986 818 1095 871 duo
1135 826 1260 872 sunt
1308 831 1581 887 egressus,
1631 822 1723 869 aut
1769 829 2123 884 progressus:
2160 815 2291 869 alter

731 912 951 982 quidem
988 924 1165 974 mane,
1195 911 1296 963 hoc
1322 917 1406 961 est
1455 917 1578 961 ante
1607 921 1819 961 omnem
1849 906 2196 960 aeternitatem
2225 922 2293 961 ex

732 1002 893 1057 Patre
931 1000 1128 1064 factus,
1173 999 1469 1053 secundum
1522 995 1693 1050 illud:
1743 994 2077 1065 Egressiones
2108 999 2221 1064 ejus
2260 1013 2293 1048 a

733 1093 990 1163 principio
1036 1109 1068 1144 a
1112 1092 1291 1144 diebus
1328 1089 1531 1143 internis
1556 1089 1598 1120 “
1638 1106 1653 1155 ;
1698 1085 1833 1142 alter
1881 1103 2010 1141 vero
2050 1088 2290 1156 vesperi,

733 1185 825 1239 ille
851 1185 1112 1240 nimirum
1164 1200 1230 1236 ex
1276 1182 1501 1251 virgine,
1535 1181 1628 1251 qui
1661 1180 1888 1250 contigit
1939 1179 1991 1232 in
2036 1195 2292 1233 consum-

732 1278 975 1333 matione
1033 1275 1377 1330 saeculorum.
1429 1272 1669 1343 Uterque
1714 1282 1894 1325 autem
1954 1272 2293 1325 delectationi

731 1381 815 1425 est
838 1378 891 1423 et
921 1368 1137 1440 gaudio.
1172 1365 1531 1437 Symmachus
1558 1365 1774 1433 quidem
1820 1363 2065 1425 reddens,
2108 1364 2294 1415 Acces-

730 1463 906 1516 siones
957 1460 1212 1513 matutini
1258 1467 1306 1511 et
1341 1474 1562 1527 vesperae
1612 1456 1857 1510 laudibus
1904 1456 2143 1523 e/ferunt,
2194 1455 2295 1509 hoc

732 1553 915 1607 dicere
962 1551 1195 1613 videtur,
1225 1551 1369 1620 quod
1410 1560 1462 1603 et
1493 1549 1770 1602 exoriente
1822 1556 1875 1601 et
1906 1547 2181 1601 desinente
2210 1547 2297 1600 die

732 1652 1010 1713 acceptam
1043 1642 1151 1697 Deo
1186 1641 1411 1697 oﬂ'erent
1440 1640 1652 1693 laudem
1694 1640 1752 1705 ii,
1788 1639 1881 1708 qui
1928 1653 2110 1691 errore
2140 1638 2296 1691 dere-

733 1733 883 1801 licto,
917 1746 1110 1791 natura
1142 1734 1311 1789 Deum
1346 1740 1733 1804 cognoverunt.

2388 543 2451 612 δὴ
2487 543 2577 593 καὶ
2602 542 2681 603 εἰς
2728 541 2824 603 τὰς
2850 539 3060 609 πρωῖας
3089 537 3179 588 καὶ
3208 535 3287 596 εἰς
3312 532 3405 593 τὰς
3439 530 3681 598 ἑσπέρας
3721 526 3939 591 ἐξόδους,

2389 634 2663 686 τουτέστιν
2692 634 2749 685 ἐν
2788 631 2949 683 παντὶ
2969 628 3163 699 καιρῷ,
3195 626 3383 696 τέρψις
3411 624 3558 675 ἕσται
3584 623 3768 681 αὐτοῖς
3792 617 3941 685 ἀγαλ-

2390 725 2689 795 λιωμένοις,
2719 724 2803 793 ἐφ’
2840 716 2921 785 οἷς
2948 719 3308 792 κατώρθωσεν
3340 712 3631 786 ἡΧριστοῦ
3663 711 3943 781 παρουσία.

2390 819 2499 871 Καὶ
2526 818 2687 871 αὐτοῦ
2708 817 2763 869 δὲ
2804 814 2895 868 τοῦ
2924 811 3155 885 Χριστοῦ
3186 810 3277 864 δύο
3295 809 3481 875 ἔξοδοι,
3512 807 3681 876 ἤγουν
3712 800 3941 869 πρόοδοι·

2391 912 2425 983 ὴ
2456 912 2551 981 μὲν
2588 909 2797 981 πρωῖας
2820 947 2838 974 ,
2882 907 2986 977 πρὸ
3018 907 3232 958 πάντων
3269 902 3376 953 τῶν
3404 900 3611 952 αἰώνων
3647 899 3713 949 ὲκ
3742 893 3946 983 Πατρὶς

2392 1001 2671 1071 γενομένη,
2694 999 2834 1052 κατὰ
2861 998 2922 1049 τό
2946 1016 2959 1027 ·
2996 998 3063 1048 Αἱ
3090 992 3285 1058 ἔξοδοι
3316 988 3499 1045 αὑτοῦ
3525 989 3625 1041 ἀπ’
3664 982 3860 1053 ἀρχῆς
3888 983 3945 1042 ἐξ

2392 1092 2624 1163 ἡμερῶν
2650 1090 2890 1156 αἰῶνος·
2928 1090 2960 1159 ὴ
2986 1088 3041 1140 δὲ
3065 1086 3325 1156 ἑσπέρας,
3352 1086 3384 1152 ὴ
3410 1083 3473 1134 ὲκ
3511 1079 3808 1149 παρθένου,
3842 1076 3947 1144 ἣτις

2394 1190 2485 1240 ἐπὶ
2512 1186 2788 1256 συντελείᾳ
2833 1185 2940 1237 τῶν
2970 1181 3180 1235 αἰώνων
3220 1180 3545 1249 ἀπήντησεν.
3602 1171 3871 1237 Ἐκατέρα
3900 1167 3949 1220 δὲ

2394 1278 2582 1348 τέρψις
2628 1276 2743 1329 ἐστὶ
2799 1274 2890 1328 καὶ
2949 1273 3283 1341 ἀγαλλίασις.
3337 1269 3395 1321 Ὀ
3449 1266 3631 1336 μέντοι
3666 1262 3951 1331 Σύμμαχος

2394 1366 2582 1431 εἰπὼν,
2632 1366 2740 1432 Τὰς
2795 1368 3221 1433 πρυσελεὺσεις
3277 1362 3381 1417 τοῦ
3434 1361 3646 1427 ὄρθρου
3700 1354 3799 1406 καὶ
3852 1350 3952 1417 τῆς

2395 1459 2655 1527 ἑσπέρας
2680 1458 3103 1528 ύμνολογοῦσι,
3141 1456 3298 1511 τοῦτο
3323 1456 3469 1509 δοκεί
3503 1452 3707 1518 λέγειν,
3750 1450 3832 1501 ὅτι
3869 1446 3951 1496 καὶ

2396 1547 2701 1618 ἀρχομένης
2732 1548 2823 1601 καὶ
2845 1546 3113 1617 ληγούσης
3132 1546 3344 1617 ἡμέρας
3368 1544 3463 1614 τὴν
3486 1538 3723 1612 ἀρεστὴν
3748 1536 3823 1605 τῷ
3844 1534 3955 1602 Θεῴ

2400 1640 2773 1709 προσοίσουσιν
2804 1639 3070 1711 ὑμνῳδίαν
3089 1640 3135 1691 οἱ
3164 1638 3260 1709 τὴν
3309 1637 3513 1706 πλάνην
3548 1628 3933 1686 καταλιπόντες

2398 1728 2486 1781 τὸν
2516 1728 2570 1781 δὲ
2604 1729 2761 1797 φύσει
2807 1731 3024 1798 γνόντες
3055 1729 3203 1782 Θεὸν.

1079 1848 1149 1901 Et
1186 1849 1239 1901 in
1266 1864 1466 1901 versum
1498 1846 1666 1900 adhuc
1695 1854 2006 1915 sequentem,
2038 1842 2258 1897 litterati
2282 1843 2602 1911 expositione
2630 1859 2694 1897 ea:
2730 1841 3047 1897 Theodoreto
3071 1843 3406 1909 prazcedente,
3436 1857 3477 1893 υ.
3516 1840 3579 1893 10
3608 1857 3621 1890 :

808 1964 1150 2017 Athanasius.
1188 1961 1510 2017 Secundum
1545 1961 1873 2015 intellectum
1916 1970 2093 2015 autem
2123 1978 2136 2014 :
2190 1959 2295 2013 Ex-
2327 1971 2369 2026 Β

725 2054 1016 2121 saturasti,
1049 2055 1241 2125 inquit,
1286 2064 1483 2109 terram
1514 2055 1821 2109 universam
1863 2052 2019 2108 bonis
2065 2053 2170 2105 tuis
2202 2052 2295 2105 de-

734 2162 976 2213 sursum,
1007 2147 1295 2216 implevisti
1324 2146 1512 2217 gratiis
1555 2146 1923 2215 spiritualibus
1964 2160 2151 2199 omnes
2202 2144 2294 2213 qui

734 2239 839 2295 sub
880 2239 1019 2294 coelo
1051 2239 1293 2308 degunt;
1343 2252 1444 2291 nos
1497 2252 1622 2292 vero
1678 2247 1804 2292 tunc
1841 2236 2197 2298 errabundus,
2234 2250 2298 2289 ac

736 2333 910 2388 instar
935 2341 1091 2387 terra:
1120 2331 1283 2386 arida:
1311 2340 1366 2386 et
1386 2331 1662 2400 inaquosze
1698 2330 2044 2391 constitutos,
2076 2327 2296 2393 fertiles,

734 2425 848 2479 ﬁmo
879 2421 1296 2479 fecundissimos
1320 2438 1384 2478 ac
1426 2436 1549 2477 vere
1575 2435 1764 2477 sacros
1790 2418 2092 2475 reddidisti.

2480 1959 2836 2025 Ἄθανάσιος.
2897 1959 3038 2031 Πρὸς
3091 1959 3146 2012 δὲ
3190 1958 3455 2011 διάνοιαν·
3525 1957 3955 2025 Κατεκόρεσαςι

2403 2053 2555 2124 φησὶ,
2591 2052 2695 2106 τῶν
2723 2051 2923 2107 ἄνωθεν
2948 2051 3167 2120 ἀγαθῶν
3207 2052 3303 2122 τὴν
3355 2054 3645 2120 σύμπασαν
3697 2049 3835 2116 γῆν·
3872 2063 3954 2096 πε-

2402 2146 2696 2216 πλήρωκας
2725 2145 2831 2198 τῶν
2857 2144 3235 2215 πνευματικῶν
3268 2143 3621 2213 χαρισμάτων
3655 2143 3784 2200 τοὺς
3829 2138 3955 2191 κατὰ

2404 2240 2582 2290 πᾶσαν
2612 2236 2771 2299 ὄντας
2818 2236 2914 2306 τὴν
2947 2237 3037 2289 ὑπ’
3068 2237 3291 2307 οὐρανόν
3313 2254 3325 2267 ·
3357 2237 3503 2305 ἡμᾶς
3558 2234 3613 2286 δὲ
3676 2235 3805 2295 τοὺς
3848 2229 3955 2282 τότε

2402 2327 2803 2397 πλανωμένους,
2832 2328 2932 2396 γῆν
2955 2326 3099 2380 ὥσπε
3110 2344 3141 2397 ρ
3163 2326 3283 2378 τινὰ
3312 2326 3479 2395 ξηρὰν
3510 2324 3669 2386 ὄντας
3732 2326 3831 2375 καὶ
3873 2323 3954 2374 ἇν-

2390 2420 2578 2491 ὐδρον,
2608 2420 2948 2491 καρποφόρον
2975 2418 3249 2485 ἀνέδειξας
3267 2458 3280 2481 ,
3316 2418 3408 2471 καὶ
3431 2417 3834 2488 γονιμωτάτην,
3873 2414 3955 2467 καὶ

2394 2512 2553 2582 -ίερὰν
2583 2511 2815 2584 άληθῶς.

1745 2620 1774 2675 1
1780 2624 1937 2676 tidem
1967 2632 2015 2676 et
2041 2622 2095 2676 in
2134 2638 2332 2677 versum
2357 2627 2592 2694 proxime
2619 2637 2928 2695 sequentem.

791 2734 1152 2789 Athanasius.
1191 2730 1495 2789 Secundum
1545 2743 1721 2789 autem
1763 2735 2165 2805 intelligentiam
2196 2735 2296 2789 llu-

2480 2736 2839 2800 Ἀθανάσιος.
2879 2735 3020 2808 Πρὸς
3065 2733 3122 2786 δὲ
3164 2730 3287 2786 νοῦν
3330 2732 3574 2801 ποταμὸς
3621 2730 3760 2785 Θεοῦ
3796 2733 3825 2784 ὁ
3857 2734 3955 2786 Mo-

732 2825 864 2882 vius
917 2824 1008 2880 Dei
1064 2834 1146 2880 est
1195 2826 1501 2893 unigenitus
1552 2826 1670 2894 cjus
1697 2823 1884 2879 Filius.
1935 2825 2298 2890 Quemadmo-

2400 2828 2640 2898 νογενής.
2682 2825 2769 2890 Ὦς
2789 2825 2894 2897 γάρ
2913 2825 3017 2878 ἀπὸ
3040 2823 3219 2894 πηγῆς
3248 2823 3461 2893 ἔρχεται
3508 2824 3773 2892 ποταμὸς,
3832 2822 3957 2877 οὕτω

737 2919 866 2975 dum
912 2918 1056 2972 enim
1102 2932 1165 2971 ex
1201 2915 1351 2969 fonte
1384 2915 1603 2985 proﬂuit
1647 2919 1881 2984 ﬂuvius,
1924 2920 1995 2973 ita
2038 2921 2197 2974 etiam
2233 2936 2299 2975 ex

2403 2919 2496 2975 καὶ
2521 2919 2679 2983 αὐτὸς
2702 2921 2766 2971 ὲκ
2795 2918 2891 2988 τῆς
2910 2916 3003 2970 τοῦ
3035 2916 3282 2978 τεκόντος
3305 2914 3512 2977 οὐσίας,
3542 2916 3636 2967 καὶ
3663 2915 3816 2967 έττιν
3841 2918 3957 2985 ὀμο-

738 3010 1042 3067 substantia
1093 3008 1398 3076 generantis
1448 3009 1685 3064 nascitur
1720 3009 1911 3075 Filius,
1961 3020 2015 3067 et
2065 3020 2148 3067 est
2198 3012 2299 3083 ipsi

2403 3008 2582 3071 ούσιος
2615 3006 2788 3076 αὐτῷ·
2815 3006 2871 3068 ὃς
2910 3005 3120 3075 πλήρης
3146 3005 3351 3058 ὑδάτων
3380 3004 3526 3057 ἐστίν
3548 3019 3561 3031 ·
3596 3004 3721 3057 ἐπεὶ
3748 3004 3811 3057 τὸ
3835 3005 3957 3074 πλη-

739 3101 1242 3158 c0nsubstantialis.
1279 3098 1376 3154 Est
1400 3100 1561 3156 etiam
1595 3102 1784 3172 plenus
1810 3104 1987 3173 aquis,
2028 3105 2153 3174 quia
2186 3105 2299 3173 ple-

737 3192 928 3249 nitudo
963 3192 1178 3248 deitatis
1208 3192 1417 3247 habitat
1442 3193 1495 3246 in
1526 3194 1683 3262 ipso:
1716 3192 1783 3245 Et
1816 3194 2039 3247 vidimus
2080 3196 2302 3263 gloriam

733 3284 869 3355 ejus,
889 3285 978 3355 qui
1009 3284 1191 3353 plenas
1222 3292 1334 3336 erat
1373 3284 1551 3353 gratia
1578 3292 1625 3335 et
1651 3283 1863 3336 veritate
1883 3283 1948 3337 ".
1982 3282 2301 3356 Quanquam

739 3377 900 3431 etiam
928 3390 1025 3445 per
1052 3373 1274 3427 ﬂuvium
1311 3373 1483 3444 possit
1511 3374 1736 3445 intelligi
1769 3375 1883 3444 ipse
1913 3372 2145 3445 Spiritus
2173 3393 2302 3432 san-

739 3476 885 3525 ctus.
920 3467 1013 3536 qui
1066 3467 1258 3537 plenus
1295 3476 1377 3521 est
1418 3468 1597 3537 aquis,
1653 3470 1756 3522 hoc
1794 3478 1878 3522 est
1923 3468 2085 3523 variis
2121 3470 2304 3538 gratia:

740 3558 920 3614 donis.
955 3557 1297 3628 Prmparatus
1325 3568 1504 3613 autem
1548 3574 1673 3614 esse
1719 3560 1915 3613 dicitur
1959 3560 2110 3613 cibus
2146 3559 2304 3623 spiri-

738 3650 925 3712 tualis,
960 3662 1027 3702 eo
1070 3647 1215 3716 quod
1248 3656 1372 3701 ante
1398 3648 1546 3716 jacta
1581 3648 1765 3701 mundi
1816 3646 2184 3712 Iuridamenta,
2207 3647 2303 3703 de-

740 3740 955 3795 ﬁnitum
992 3754 1056 3794 ac
1088 3738 1363 3794 decretum
1421 3748 1538 3794 erat
1581 3738 1785 3795 Christi
1835 3740 2172 3811 mysterium,
2209 3740 2302 3811 qui

738 3833 891 3900 panis
919 3841 1020 3895 est,
1054 3832 1144 3902 qui
1169 3831 1232 3885 de
1255 3831 1380 3884 caelo
1405 3830 1687 3895 descendit.
1731 3849 1793 3885 ac
1826 3834 1919 3885 dat
1957 3834 2120 3886 vitam
2150 3849 2303 3887 utun-

738 3923 888 3977 do".
928 3921 1087 3988 Quia,
1134 3922 1329 3991 inquit,
1376 3925 1490 3978 haec
1530 3933 1614 3979 est
1657 3924 1745 3977 illa
1796 3925 2136 3994 praeparatio,
2190 3924 2303 3978 veri

739 4016 889 4070 cibi:
938 4016 1081 4084 quod
1121 4017 1237 4087 ipse
1281 4030 1405 4070 eum
1449 4016 1802 4085 praeparasti,
1859 4025 1912 4069 et
1952 4030 2060 4069 non
2105 4016 2299 4071 aliter:

739 4106 897 4179 quasi
936 4108 1159 4171 diceret,
1189 4123 1401 4161 summa
1436 4106 1768 4176 providentia
1818 4122 1880 4161 ac
1928 4104 2089 4175 digne
2140 4106 2303 4173 maie-

742 4207 882 4255 state
931 4199 1130 4253 divina.
1169 4199 1278 4253 Deo
1314 4199 1457 4253 enim
1504 4199 1754 4254 convenit
1802 4200 1927 4253 talia
1975 4212 2300 4268 praeparare,

742 4305 977 4360 quorum
1024 4290 1117 4360 qui
1160 4289 1295 4345 ﬁunt
1343 4290 1649 4361 participes,
1700 4291 1735 4344 ii
1782 4306 1875 4360 per
1932 4292 2299 4360 paenitentiam

744 4384 1114 4439 conscendunt
1148 4385 1215 4438 ad
1245 4384 1481 4438 divinant
1515 4385 1902 4455 dignationem.

2402 3111 2564 3167 ρωμα
2597 3096 2692 3164 τῆς
2718 3094 2966 3163 θεότητος
2994 3096 3050 3147 ὲν
3073 3094 3220 3163 αὐτῷ
3262 3097 3523 3147 κατοικεῖ.
3582 3093 3695 3148 Καὶ
3725 3095 3958 3149 ἐθεασὰ-

2399 3187 2550 3255 μεθα
2577 3185 2689 3253 τὴν
2720 3184 2904 3250 δόξαν
2925 3184 3108 3237 αὐτοῦ
3132 3198 3147 3212 ο
3174 3185 3408 3252 πλήρης
3426 3185 3665 3255 χάριτος
3688 3187 3790 3241 καὶ
3822 3190 3957 3253 ἀλη-

2404 3276 2585 3343 θείας.
2617 3275 2849 3346 Νοηθείη
2904 3273 2947 3327 δ’
2976 3274 3041 3327 ἂν
3089 3273 3326 3345 ποταμὸς
3377 3277 3469 3329 καὶ
3511 3278 3572 3329 τὸ
3631 3279 3859 3349 Πνεῦμα
3907 3280 3959 3331 τὸ

2404 3370 2576 3435 ἅγιον,
2631 3367 2833 3439 πλῆρες
2877 3366 3080 3421 ὑδάτων
3111 3366 3217 3419 τῶν
3267 3367 3536 3440 διαφόρων
3588 3372 3957 3442 χαρισμάτων.

2415 3459 2767 3530 Ἦτοιμάσθαι
2793 3458 2849 3513 δέ
2882 3475 3011 3530 φησι
3038 3461 3137 3529 τὴν
3166 3463 3535 3533 πνευματικὴν
3577 3462 3806 3533 τροφὴν,
3833 3463 3954 3517 διότι

2405 3551 2511 3622 πρὸ
2542 3551 2840 3623 καταϐολῆς
2867 3551 3073 3620 κόσμου
3102 3550 3329 3622 ὥρισται
3379 3554 3440 3606 τὸ
3463 3555 3701 3623 Χριστοῦ
3748 3556 3953 3627 μυστή-

2407 3661 2539 3715 ριον,
2570 3644 2629 3708 ὃς
2656 3645 2826 3699 ἐστιν
2857 3646 3035 3716 ἄρτος
3064 3648 3133 3699 ἐκ
3151 3646 3255 3699 τοῦ
3276 3645 3532 3713 οὐρανοῦ
3566 3647 3849 3713 καταϐὰς,
3871 3647 3960 3701 καὶ

2405 3734 2557 3803 ζωὴν
2575 3735 2777 3802 διΰοὺς
2810 3736 2889 3801 τῷ
2916 3738 3135 3805 κόσμῳ.
3176 3737 3297 3790 Ὅτι
3320 3735 3509 3800 οὕτως,
3545 3740 3733 3808 φησὶν,
3763 3742 3796 3808 ἠ
3832 3741 3960 3792 ἑτοι-

2406 3827 2577 3897 μασία
2616 3828 2719 3897 τῆς
2760 3827 3017 3901 ἀληθινῆς
3049 3827 3287 3900 τροφῆς,
3316 3828 3392 3893 ὡς
3439 3829 3601 3893 αὐτὸς
3648 3831 3958 3901 ἡτοίμασας,

2405 3921 2498 3974 καὶ⁵
2521 3921 2618 3975 οὐκ
2631 3920 2802 3984 ἄλλως
2820 3920 2881 3990 (Ῑ.
2899 3920 3095 3985 ἆλλοςι·
3122 3922 3239 3975 ἀντὶ
3253 3921 3365 3985 τοῦ,
3386 3923 3863 3993 προνοητικιὶπατα
3878 3924 3959 3976 καὶ

2405 4010 2737 4082 θεοπρεπῶς.
2762 4010 2880 4083 Θεῷ
2906 4016 3013 4083 γάρ
3038 4011 3235 4083 πρέπει
3261 4011 3482 4065 τοιαῦτα
3507 4011 3820 4083 ἑτοιμάζειν
3844 4055 3857 4075 ,
3888 4008 3954 4066 ὧν

2403 4102 2452 4155 οἳ
2489 4102 2987 4174 μεταλαμϐάνονται
3020 4105 3099 4165 είς
3118 4101 3271 4167 ἀξίαν
3291 4102 3425 4157 Θεοῦ
3440 4103 3526 4157 διὰ
3556 4106 3651 4175 τῆς
3687 4106 3958 4175 μετανοίας

2405 4193 2799 4250 ἀναϐαίνουσιν.

1269 4497 1452 4550 Adhuc
1479 4498 1533 4549 in
1556 4514 1755 4550 versant
1790 4508 2101 4563 sequentem,
2132 4504 2404 4568 prarmissa
2430 4521 2610 4558 rursus
2645 4503 2951 4559 Theodoreti
2977 4507 3250 4573 sententia,
3278 4525 3326 4563 υ.
3356 4508 3442 4560 ii.

816 4590 1099 4645 Athanasii
1120 4598 1167 4642 et
1192 4588 1422 4643 Eusebii.
1451 4590 1639 4643 Altiori
1670 4605 1796 4643 vero
1813 4593 2298 4660 contemplatione:

2488 4597 2828 4652 Ἄθανασίου
2854 4597 2953 4651 καί
2983 4599 3292 4652 Εὐσεσίου.
3321 4598 3680 4671 Θεωρητικῶς
3700 4600 3787 4653 δέ·
3830 4599 3961 4653 Ἐπί-

746 4681 957 4737 Μοτπο
989 4682 1186 4745 adhuc,
1230 4682 1425 4750 inquit,
1454 4695 1487 4733 o
1529 4681 1773 4743 Domine,
1824 4697 1886 4735 ac
1928 4682 2039 4751 riga
2077 4684 2301 4753 profun-

742 4773 940 4828 ditates
972 4772 1216 4827 cordium
1258 4772 1619 4827 humanorum
1674 4779 1730 4823 ut
1764 4772 1963 4835 sulcos,
1998 4784 2053 4827 et
2098 4775 2303 4828 inebria

742 4880 837 4920 eas
870 4879 935 4919 ac
968 4865 1131 4919 redde
1172 4864 1396 4928 fertiles,
1434 4874 1491 4918 ut
1521 4864 1942 4933 multiplicemur
1974 4865 2179 4922 fructus
2214 4868 2304 4936 ju-

744 4956 905 5012 stitia
928 4955 1211 5025 ipsorum;
1252 4972 1359 5011 non
1394 4956 1568 5010 solum
1606 4972 1698 5025 per
1750 4956 1971 5011 [luvium
2018 4960 2035 5027 (
2070 4961 2171 5014 hoc
2222 4968 2306 5015 est

744 5061 840 5116 per
866 5046 1091 5117 gratiam
1118 5048 1290 5101 sancti
1322 5045 1600 5117 Spiritus),
1634 5049 1726 5102 sed
1771 5060 1824 5104 et
1863 5065 1957 5120 per
2010 5050 2180 5106 stillas
2213 5066 2302 5105 ro-

746 5146 928 5193 rantes
945 5153 975 5191 a
991 5138 1283 5209 magistris,
1306 5148 1560 5208 tanquam
1590 5155 1656 5193 ex
1685 5140 1918 5196 nubibus
1941 5142 2295 5212 quibusdam:

746 5228 854 5285 hoc
912 5238 995 5283 est
1052 5246 1147 5299 per
1215 5231 1462 5287 notitiam
1508 5240 1562 5286 et
1614 5232 1943 5288 intellectum
1996 5235 2303 5290 divinarum

750 5317 1175 5390 Scripturarum.

2410 4705 2609 4760 μεινον,
2641 4692 2791 4759 φησι,
2819 4688 3079 4754 Δέσποτα,
3114 4688 3183 4742 τὰ
3207 4688 3342 4760 βάθη
3368 4690 3465 4759 τῆς
3492 4690 3717 4759 καρδίας
3745 4690 3851 4743 τῶν
3878 4691 3959 4743 άν-

2408 4779 2637 4850 θρώπων
2666 4779 2914 4851 καθάπερ
2949 4780 3098 4843 τινὰς
3132 4778 3375 4844 αὔλακας
3402 4780 3600 4850 ἄρδων,
3657 4782 3753 4833 καὶ
3804 4780 3958 4851 μεθύ-

2412 4888 2575 4936 σκων,
2603 4875 2698 4925 καὶ
2722 4873 2801 4935 είς
2824 4873 3187 4944 καρπογονίαν
3216 4872 3525 4942 διεγείρων
3559 4872 3703 4926 ὥστε
3739 4873 3959 4943 πληθυν-

2409 4963 2568 5033 θῆναι
2605 4963 2671 5018 τά
2698 4966 3011 5035 γεννήματα
3040 4965 3138 5035 τῆς
3164 4964 3506 5035 δικαιοσύνης
3538 4964 3750 5029 αὐτῶν,
3781 4968 3841 5018 οὐ
3872 4966 3958 5033 μό-

2407 5072 2496 5110 νον
2542 5055 2627 5110 διά
2670 5054 2762 5110 τοῦ
2800 5056 3039 5127 ποταμοῦ
3070 5057 3344 5127 (τουτέστι
3396 5055 3494 5125 τῆς
3530 5054 3624 5109 τοῦ
3656 5055 3960 5125 Πνεύματος

2405 5148 2666 5219 χάριτος),
2717 5149 2850 5203 ἀλλὰ
2877 5150 2970 5203 καὶ
3007 5149 3092 5203 διὰ
3124 5149 3230 5203 τῶν
3260 5148 3571 5221 φερομένων
3591 5146 3861 5216 ψεκάδων,
3895 5146 3959 5206 ὡς

2405 5239 2554 5310 παρά
2576 5258 2735 5293 τινων
2761 5240 2996 5309 νεφελῶν
3042 5241 3149 5293 τῶν
3186 5238 3517 5293 διδασκάλων
3539 5278 3554 5302 ,
3594 5238 3837 5291 τουτέστι
3883 5234 3960 5287 διά

2404 5329 2510 5383 τῶν
2534 5331 2815 5402 νοημάτων
2842 5330 2948 5384 τῶν
2975 5331 3133 5384 θείων
3165 5331 3410 5401 Γῳφὼν.

1918 5439 1980 5492 Et
2004 5440 2058 5493 in
2089 5443 2325 5513 proxime
2358 5461 2615 5499 annexum
2642 5463 2691 5503 υ.
2727 5444 2806 5501 12.

820 5525 1161 5587 Athanasius.
1215 5531 1370 5598 Quod
1412 5534 1574 5605 igitur
1626 5534 1689 5589 ad
1744 5533 2029 5588 verborum
2082 5550 2301 5591 sensum

746 5620 960 5689 attinet,
1008 5638 1207 5680 annum
1245 5628 1588 5696 benignitatis
1621 5628 1961 5683 benedictum
2016 5628 2305 5699 appeilavit

818 5734 1044 5790 “Mich.
1085 5754 1133 5802 ν,
1174 5739 1228 5797 9..
1298 5738 1579 5802 "Joan.i,
1622 5742 1701 5795 ιιι.
1778 5742 1821 5775 ⁴³
1851 5740 2003 5795 Joan.
2040 5757 2108 5806 νι,
2137 5742 2220 5795 55.

2491 5537 2855 5604 Ἀθανὰσιος.
2909 5539 3067 5595 Κατὰ
3114 5542 3209 5610 μὲν
3248 5540 3339 5595 οὖν
3393 5542 3452 5595 τὺ
3509 5541 3689 5613 ῥητὸν,
3722 5534 3955 5594 ἐνιαυτὸν

2410 5630 2770 5701 χρηστότητος
2799 5629 3179 5701 εὐλογούμενον
3205 5634 3292 5685 τὸν
3320 5632 3414 5703 τῆς
3463 5632 3710 5705 εὐθηνίας
3750 5630 3955 5703 ὠνόμα-
