4090 6312
164 377 258 431 581
1141 368 1556 425 FRAGMENTA
1597 366 1949 424 COMMENT.
1995 365 2060 420 IN
2101 363 2438 420 PSALMOS.

3283 361 3389 414 582

159 509 273 555 ων,
307 494 381 554 ὡς
418 494 482 562 τῇ
513 490 604 543 τοῦ
649 489 782 542 Θεοῦ
820 488 1141 559 χρηστότητι
1176 488 1276 558 τὴν
1312 488 1597 559 εὐετηρίαν
1646 487 1729 540 δε-

1835 501 1950 541 cum
1979 485 2072 554 qui
2103 498 2387 554 prosperos
2425 495 2709 537 successus
2742 479 2955 546 habuit,
2987 489 3046 534 ut
3090 479 3180 549 qui
3213 494 3240 532 a
3297 479 3385 531 Dei

160 581 407 652 χόμενον,
434 582 527 633 καὶ
552 581 794 647 εὐλογίας
827 579 911 632 διὰ
938 580 1034 648 τῆς
1056 579 1303 650 εὐθηνίας
1330 578 1720 650 πληρούμενον·

161 674 298 743 πρὸς
332 672 388 723 δὲ
418 672 563 725 νοῦν.
606 671 885 741 διηυεηιία
909 671 1098 739 Cyrilli
1123 680 1262 725 sunt.
1300 670 1365 724 Et
1395 671 1552 740 paulo
1587 679 1722 740 post,

164 762 544 830 Θεοδωρήτου
585 763 678 815 καὶ
717 763 1088 817 Ἀθανασίου.
1120 762 1217 832 Εῖη
1255 763 1298 815 δ’
1333 763 1396 815 ἂν
1424 764 1517 816 καὶ
1549 766 1576 815 ὁ
1599 763 1725 833 μὲλ-

165 857 267 909 λων
315 856 453 910 αἰὼν
493 857 750 923 στέφανος
804 857 1186 927 χρηστότητος,
1230 855 1315 909 διὰ
1377 856 1436 909 τὸ
1469 858 1525 911 ὲν
1561 858 1724 930 πολλῇ

165 949 493 1020 χρηστότητι
519 950 642 1010 τούς
666 947 848 1017 ἁγίους
877 949 934 1001 ὲν
953 947 1100 1018 αὐτῷ
1131 947 1540 1017 στεφανοῦσθαι.

1826 578 2152 646 benignitate
2181 576 2516 630 commodam
2553 573 2694 627 aeris
2727 574 3035 642 temperiem
3066 571 3290 639 accepit,
3325 584 3389 624 ac

1827 673 1972 726 omni
1990 671 2354 726 benedictione
2366 674 2578 738 propter
2595 681 2900 737 prosperam
2921 681 3096 720 rerum
3112 663 3179 720 io.
3198 674 3386 720 tunam

1827 763 1929 819 fuit
1960 765 2225 833 impletus.
2253 762 2315 815 Et
2337 761 2496 830 paulo
2520 770 2653 829 post,
2683 759 2989 813 Theodoreti
3015 768 3062 812 et
3086 756 3382 810 Athanasii.

1829 856 2014 911 Fuerit
2045 872 2171 912 vero
2210 871 2410 912 corona
2443 855 2784 926 benignitatis
2823 854 2985 908 etiam
3017 851 3254 906 futurum
3286 864 3387 903 saec

1828 949 2034 1010 culum,
2073 962 2137 1002 eo
2165 947 2310 1017 quod
2340 948 2392 1002 in
2421 961 2488 1002 eo
2508 962 2700 1018 magna
2737 946 3064 1015 benignitate
3102 943 3272 998 sancti
3302 955 3384 996 co-

1828 1038 2054 1092 ronandi
2085 1038 2211 1091 sint.

166 1171 295 1226 Item
321 1174 377 1226 in
415 1170 512 1225 illa
536 1187 554 1224 :
585 1192 602 1223 ι
629 1170 690 1225 Et
718 1171 888 1241 campi
911 1172 990 1224 tui
1011 1173 1404 1241 complebantur
1431 1173 1760 1243 pinguedine.
1787 1192 1806 1226 ι
1843 1173 2130 1229 Prwmissa
2165 1174 2472 1230 Theodoreti
2498 1173 2718 1228 litterati
2745 1171 3092 1240 explicatione
3129 1169 3366 1223 subtexit

240 1288 624 1340 Ἀθανασίου.
671 1287 813 1358 Πρὸς
871 1287 926 1340 δὲ
976 1286 1098 1340 νοῦν
1157 1286 1360 1349 πεδίοις
1397 1287 1492 1339 καὶ¹
1547 1285 1731 1355 γαίαις

165 1378 487 1449 παρεικάζει
516 1381 613 1443 τὰς
666 1380 774 1431 τῶν
824 1379 1184 1433 πιστευόντων
1232 1379 1426 1449 ψυχας.
1482 1380 1578 1440 "A;
1618 1381 1730 1441 τοῖς

165 1472 327 1534 θείοις
361 1474 455 1526 xui.
484 1475 867 1542 πνευματικοῖς
886 1472 1186 1542 χαρίσμασι
1213 1471 1554 1524 καταπιαίνει
1577 1469 1725 1535 Θεὸς,

161 1562 244 1615 ’ἵνα
264 1563 527 1618 δύνωνται
549 1564 730 1634 φέρειν
758 1565 881 1627 τοὺς
915 1565 1011 1636 τῆς
1049 1562 1327 1626 εὐσεϐείας
1351 1560 1616 1633 καρπούς.

1906 1289 2204 1342 Athanasii.
2234 1286 2405 1342 Sensu
2438 1303 2563 1342 vero
2607 1285 2870 1356 spirituali
2904 1293 3183 1354 comparat
3223 1281 3386 1337 David

1834 1381 2044 1434 animas
2075 1381 2404 1436 credentium
2434 1381 2639 1449 campis
2663 1389 2716 1433 et
2738 1381 2899 1450 agris.
2929 1378 3075 1444 Quas
3107 1375 3248 1430 Deus
3278 1375 3385 1444 spi-

1831 1472 2123 1525 ritualibus
2156 1483 2206 1525 et
2246 1472 2444 1525 divinis
2478 1472 2632 1525 donis
2667 1471 2738 1525 ita
2769 1467 3116 1540 pitiguefacit,
3156 1476 3216 1522 ut
3261 1481 3386 1536 pro-

1830 1560 1970 1616 ferre
2000 1563 2206 1633 possint
2246 1562 2461 1632 pietatis
2493 1563 2721 1617 (ructus.

962 1699 1027 1753 Et
1057 1703 1110 1754 in
1131 1699 1282 1754 verba
1305 1715 1323 1752 :
1358 1718 1378 1750 ι
1419 1698 1761 1768 Pinguescant
1792 1702 2022 1768 speciosa
2051 1700 2262 1764 deserti,
2305 1720 2324 1750 ι
2358 1707 2487 1763 etc.,
2522 1714 2571 1752 υ.
2604 1697 2688 1750 15.

229 1821 342 1891 (97)
378 1819 754 1874 Ἀθανασίου.
789 1818 929 1890 Πρὸς
958 1818 1013 1871 δὲ
1042 1817 1163 1870 νοῦν
1188 1817 1362 1888 ὡραῖα
1388 1818 1511 1882 τοὺς
1543 1820 1728 1884 ἁγίους

1902 1817 2198 1870 Athanasii.
2252 1815 2559 1869 Secundum
2607 1829 2736 1868 vero
2791 1812 3217 1883 intelligentiam,
3268 1828 3390 1882 spe-

161 1912 492 1974 ἀποστόλους
526 1911 618 1964 καὶ
679 1909 1070 1979 εὐαγγελιστάς
1113 1926 1264 1980 φησι,
1289 1912 1412 1972 τοὺς
1444 1912 1728 1980 εὐτραφεῖς

160 2007 555 2076 γεγενημένους
573 2007 684 2065 τοῖς
712 2005 1095 2071 πνευματικοῖς
1117 2003 1446 2072 χαρίσμασιν
1464 2003 1550 2054 .“Ἐ
1561 2019 1623 2074 ρη
1633 2019 1728 2072 μον

161 2097 216 2150 δὲ
242 2098 341 2167 τὴν
372 2093 691 2163 Ἐκκλησίαν
721 2093 1000 2158 ἀποκαλεῖ,
1023 2093 1120 2166 τὴν
1142 2092 1306 2145 πάλαι
1331 2092 1533 2165 ἔρημον
1565 2088 1729 2146 οὖσαν

161 2187 260 2257 τῆς
292 2187 422 2256 περὶ
450 2183 585 2238 Θεοῦ
618 2183 893 2252 γνώσεως.

1834 1909 1981 1965 ciosa
2025 1910 2098 1961 ait
2138 1909 2284 1978 ipsos
2335 1916 2554 1960 sanctos
2593 1905 2868 1975 apostolos
2912 1914 2965 1957 et
3008 1903 3386 1971 evangelistas,

1835 2003 1926 2071 qui
1971 2000 2105 2054 bene
2140 1998 2365 2066 saginati
2413 1997 2624 2050 fuerant
2668 1995 3042 2065 spiritualibus
3071 1995 3245 2049 donis.
3285 1994 3388 2047 De-

1837 2103 2038 2146 sertum
2077 2103 2253 2152 autem
2289 2099 2445 2146 vocat
2476 2089 2787 2153 Ecclesiam,
2818 2089 2962 2158 quod
3013 2088 3141 2141 oliui
3175 2087 3386 2141 deserta

1836 2199 1900 2239 ac
1935 2200 2102 2237 vacua
2133 2196 2273 2239 esset
2298 2183 2605 2252 cognitiOne
2631 2180 2744 2237 Dei.

734 2324 805 2379 Et
835 2325 886 2378 in
910 2323 1061 2379 verba
1098 2322 1385 2394 sequentia,
1415 2338 1463 2378 υ.
1491 2321 1544 2376 5.
1578 2318 1885 2374 Theodoreti
1933 2318 2273 2388 explicationi
2310 2319 2662 2386 subjiciuntur
2698 2319 2828 2374 ha'c.

218 2442 594 2504 ’Aaaraa'lov,
622 2441 946 2508 Κυρίλλου.
965 2441 1105 2510 Πρὸς
1121 2439 1177 2493 δὲ
1193 2437 1335 2492 νοῦν·
1351 2438 1462 2508 Τῆς
1482 2437 1574 2491 τοῦ
1591 2435 1722 2490 Θεοῦ

163 2535 430 2604 φανείσης
458 2533 839 2602 χρηστότητος,
864 2534 897 2602 ή
933 2532 1097 2584 πάλαι
1140 2530 1343 2601 ἔρημος
1375 2529 1726 2600 καρποφορή-

164 2643 267 2688 cst,
291 2626 386 2677 καὶ
402 2625 450 2677 οί
493 2623 689 2693 βουνοὶ,
724 2624 770 2674 οί
808 2623 927 2684 ταῖς
955 2620 1254 2684 είδωλικαῖς
1285 2620 1494 2682 θυσίαις
1526 2619 1727 2689 μιαινό-

165 2733 335 2786 μενοι,
366 2715 494 2777 τοὺς
520 2714 611 2766 τὸν
643 2711 928 2781 ἀγγελικὺν
975 2711 1326 2783 αἱρουμένους
1359 2710 1468 2780 βίον
1503 2709 1728 2779 δεξάμε-

163 2823 262 2871 νοι,
287 2805 768 2876 εὐφρανθήσονται.
801 2805 870 2857 Ἢ
901 2803 1105 2874 βουνοῖς
1137 2803 1416 2866 ἀπεικάζει
1444 2804 1568 2866 τοὺς
1590 2801 1728 2854 κατὰ

163 2901 389 2970 καιροὺς
413 2899 519 2952 τῶν
537 2899 706 2966 ἁγίων
737 2896 1066 2968 Ἐκκλησιῶν
1093 2895 1444 2967 ἡγουμένους,
1469 2895 1561 2946 καὶ
1587 2892 1729 2946 λαῶν

1904 2434 2207 2496 Athanasii,
2261 2431 2468 2501 Cyr-illi.
2523 2432 2602 2486 Ad
2643 2432 2968 2486 intellectum
3008 2447 3175 2487 vero:
3208 2435 3387 2504 Appa-

1832 2538 1983 2582 renle
2027 2529 2114 2582 l'tei
2166 2528 2493 2598 benignitate
2521 2566 2536 2590 ,
2583 2541 2702 2595 quae
2752 2525 2879 2578 olim
2927 2525 3140 2580 deserta
3194 2526 3388 2593 fuerat,

1833 2624 2066 2678 fructum
2102 2617 2254 2682 feret,
2290 2627 2343 2672 et
2371 2618 2536 2672 colles
2577 2616 2840 2670 idolorum
2869 2614 3152 2670 sacriﬁciis
3178 2618 3390 2685 pollut.,

1833 2714 2186 2782 suscipientes
2229 2725 2323 2764 eos
2363 2710 2454 2779 qui
2503 2710 2799 2778 angelicam
2843 2709 3007 2762 vitam
3070 2715 3345 2766 sectantur
3371 2752 3386 2773 ,

1834 2807 2198 2862 exsultabnnt.
2242 2801 2336 2856 Vel
2384 2812 2529 2856 certe
2573 2801 2804 2854 collibus
2852 2803 3117 2857 assimilat
3148 2819 3262 2867 eos,
3295 2806 3388 2873 qui

1835 2898 2116 2968 quibusvis
2140 2895 2470 2964 temporibus
2491 2902 2801 2948 sanctarum
2828 2891 3191 2948 Ecclesiarum
3223 2896 3390 2950 duces

164 2993 593 3065 προεστηκότας,
613 2991 730 3060 ἦτοι
750 2990 1012 3059 ποιμένας
1038 2989 1129 3043 καὶ
1142 2989 1506 3051 διδασκάλους.
1529 2988 1733 3056 Ὥσπερ

1838 2999 1996 3053 sunt,
2050 3002 2113 3041 ac
2164 2986 2484 3059 poPulorum
2537 2984 2834 3054 praesides,
2891 2984 3003 3038 sive
3042 2997 3287 3054 pastores
3339 2999 3393 3042 οι

164 3083 270 3152 γὰρ
299 3080 400 3149 τῆς
427 3078 590 3148 ἄλλης
617 3078 833 3147 ἀπάσης
862 3078 964 3147 γῆς
990 3078 1382 3149 ὑπερανέχουσι
1411 3078 1479 3130 τά
1510 3078 1610 3148 ὅρη
1641 3078 1732 3130 καὶ

164 3173 210 3224 οί
239 3171 448 3242 βουνοί·
486 3170 574 3223 τὸν
595 3170 753 3223 αὐτὸν
785 3170 984 3240 τρόπον
1009 3171 1100 3222 καὶ
1126 3171 1158 3240 ή
1183 3169 1291 3220 τῶν
1330 3169 1497 3236 ἀγίων
1525 3185 1727 3238 μυστα-

164 3263 358 3330 γωγῶν
387 3262 513 3326 ἀξία
541 3261 846 3334 ὑψηλοτέρα
889 3260 995 3314 τῶν
1047 3259 1218 3316 ἄλλων
1245 3260 1410 3312 ἐστίν.
1440 3252 1596 3311 υῦτοι
1639 3259 1731 3312 καὶ

164 3354 489 3423 ἁγαλλίασιν
513 3353 953 3425 περιζώννυνται,
974 3352 1217 3407 τουτέστι
1248 3352 1345 3424 τὴν
1371 3350 1463 3404 τοῦ
1493 3351 1733 3423 πνεῦμα-

165 3463 254 3511 τος
288 3445 652 3518 παράκλησιν.

1835 3081 2100 3134 doctores.
2150 3075 2612 3142 Quemadmodum
2669 3077 2813 3133 enim
2870 3088 3079 3131 montes
3130 3087 3183 3131 et
3227 3077 3393 3132 colles

1835 3179 2055 3224 czeteras
2079 3181 2265 3220 omnes
2297 3173 2450 3218 teri-ie
2471 3174 2651 3233 partes
2679 3163 2963 3218 altitudine
2983 3165 3272 3232 ext-edunt,
3319 3167 3391 3221 ita

1833 3263 1994 3316 etiam
2059 3258 2215 3312 altior
2278 3267 2361 3312 est
2420 3255 2652 3326 dignitas
2713 3265 3025 3311 sanctorum
3065 3256 3390 3322 doctorum,

1837 3365 1999 3420 quam
2049 3350 2278 3402 aliorum
2325 3348 2625 3400 hominum.
2674 3346 2740 3400 Et
2778 3347 2829 3400 hi
2884 3350 3238 3403 exsultatione
3285 3351 3391 3403 eir-

1837 3440 2271 3509 cuincinguntur,
2307 3437 2411 3493 hoc
2435 3447 2519 3492 est
2540 3437 2910 3493 consolatione
2931 3440 3176 3508 spiritus.

891 3581 1118 3635 Rursum
1150 3582 1204 3634 in
1237 3581 1388 3634 verba
1415 3581 1555 3634 ista:
1599 3598 1617 3629 ι
1656 3576 1726 3632 Et
1755 3577 1911 3632 valles
1946 3576 2281 3630 abundabunt
2308 3576 2591 3646 frumento.
2624 3597 2642 3628 υ

237 3698 571 3766 l‘pnroplov
623 3698 914 3767 Θεολόγου
961 3699 1057 3753 καὶ
1093 3699 1468 3755 Ἀθανασίου.
1530 3701 1593 3752 Αἱ
1632 3697 1729 3768 μὲν

163 3793 264 3860 τῆς
296 3792 401 3861 γῆς
431 3791 521 3844 τὸν
549 3791 801 3860 αἰσθητὸν
833 3792 927 3846 καὶ
981 3795 1274 3864 ἐφήμερον·
1306 3796 1361 3846 ai.
1397 3794 1452 3847 δὲ
1489 3794 1596 3846 τῶν
1626 3794 1730 3864 ψυ-

166 3886 278 3954 χῶν
302 3883 413 3936 τῶν
446 3881 624 3946 καλῶς
671 3884 748 3953 τῷ
805 3883 945 3955 λόγῳ
972 3885 1393 3955 γεωργουμένων
1440 3885 1530 3938 τὸν
1577 3902 1736 3938 πνευ-

169 3974 401 4045 ματικὸν
430 3975 524 4026 καὶ
551 3972 783 4028 αἰώνιον.
818 3976 882 4027 Αἰ
931 3975 1038 4046 γὰρ
1080 3976 1266 4040 πάλαι,
1303 3977 1484 4046 φησὶν,
1516 3976 1734 4047 ἀπορώ-

161 4081 326 4118 ταται
356 4064 452 4117 καὶ
483 4064 662 4131 ἄγονοι
687 4062 793 4116 τῶν
820 4063 984 4117 ὲθνῶν
1008 4064 1178 4138 ψυχαὶ
1227 4065 1577 4138 πνευματικῷ
1602 4083 1738 4139 καρ-

166 4157 257 4224 τεῷ
291 4155 504 4208 ἔσονται
531 4155 770 4227 πλήρεις.

1907 3695 2142 3766 Gregorii
2175 3692 2439 3763 Theologi,
2467 3705 2513 3747 et
2554 3693 2854 3748 Athanasii.
2900 3691 3205 3746 Terrestrcs
3233 3694 3394 3746 uimi-

1836 3805 1954 3843 rum
1989 3789 2177 3852 valles,
2213 3786 2467 3841 sensibile
2502 3786 2844 3855 diariumque
2895 3784 3223 3838 frumentum
3276 3783 3393 3840 fun-

1838 3883 2002 3946 dent;
2035 3881 2229 3935 animae
2258 3895 2382 3935 vero
2414 3893 2600 3932 eorum
2636 3879 2729 3949 qui
2764 3878 3020 3948 praeclare
3057 3879 3221 3933 verbo
3260 3879 3392 3933 culti

1841 3981 1985 4032 sunt.
2032 3972 2312 4040 spirituale
2345 3972 2475 4026 illud
2509 3983 2672 4041 atque
2704 3981 2985 4027 aeternum.
3037 3970 3392 4027 Ethnicorum

1841 4067 1983 4120 enim
2021 4067 2231 4129 animae,
2272 4067 2465 4135 inquit,
2513 4082 2634 4135 quae
2662 4067 2789 4119 olim
2839 4067 3199 4138 egentissima:
3238 4078 3394 4123 erant

1832 4169 1991 4227 atque
2021 4155 2340 4221 infecunda,
2371 4155 2548 4210 fructu
2583 4155 2846 4226 spirituali
2877 4156 3248 4210 abundabunt.

1111 4290 1179 4346 Et
1207 4293 1259 4345 in
1289 4292 1442 4347 verba
1466 4291 1675 4359 ultima,
1711 4289 2027 4345 Theodoreto
2059 4290 2415 4361 subjungitur.

254 4403 630 4471 Ἀθανάσιος.
700 4403 908 4468 ’Δπλῶς
949 4405 1024 4459 δέ’
1090 4404 1380 4468 Ἅπαντες,
1444 4407 1627 4477 φησὶν,
1683 4405 1729 4458 oi

1904 4403 2248 4457 Athanasius.
2306 4402 2632 4474 Simpliciter
2683 4421 2813 4461 vero
2857 4426 2870 4460 :
2907 4406 3140 4470 Omnes,
3196 4407 3388 4478 inquit,

163 4495 563 4566 πωλεχθὲντες
611 4497 706 4550 σὺν
761 4496 910 4569 πάσῃ
945 4497 1217 4570 προθυμία
1258 4498 1347 4551 τὸν
1388 4497 1516 4550 Θεὸν
1558 4501 1732 4569 ἀνυμ-

163 4595 414 4663 νήσουσι,
448 4592 548 4663 τὴν
597 4591 852 4665 τοιαύτην
880 4591 1178 4664 μεταϐολὴν
1207 4595 1270 4664 τῇ
1298 4592 1405 4646 τῶν
1434 4592 1734 4665 ἀνθρώπων

161 4683 557 4755 δωρησάμενον
588 4682 769 4751 φύσει.

1837 4498 2077 4568 praedicti
2131 4512 2254 4552 cum
2307 4496 2455 4552 omni
2528 4498 2803 4553 alacritate
2856 4499 3151 4554 laudabunt
3205 4501 3390 4565 Deum,

1835 4589 1929 4658 qui
1984 4591 2143 4644 talem
2197 4589 2648 4659 permutationem
2716 4603 2922 4646 natura:
2979 4593 3261 4647 hominum
3294 4594 3392 4649 do—

1831 4682 1996 4737 navit.

704 4822 766 4879 In
791 4824 980 4894 psalmi
1005 4840 1107 4880 uv
1140 4841 1342 4879 versum
1375 4827 1625 4896 primum,
1651 4835 1765 4896 post
1794 4825 2098 4880 Theodoreti
2150 4827 2550 4897 explicationem
2596 4829 2847 4898 sequitur.

267 4939 642 4994 Ἀθανασίου.
699 4937 830 5011 (98)
886 4941 1040 4995 Κατά
1089 4941 1144 4994 δὲ
1209 4941 1481 5014 θεωρίαν,
1531 4943 1733 4996 ἀλαλα-

159 5033 308 5102 γμός
359 5032 510 5085 ἐστιν
577 5032 836 5097 ὲπινίκιος
883 5032 1050 5103 ὕμνος
1103 5033 1194 5089 ἐπὶ
1256 5035 1468 5105 ἐχθροῖς
1515 5053 1732 5089 πεπτω-

158 5127 322 5177 κόσιν
362 5123 639 5193 ᾁδόμενος.
690 5124 772 5187 Ὠς
816 5120 906 5179 οῦν
942 5126 1295 5198 ἀνῃρημένων
1322 5128 1428 5182 τῶν
1460 5129 1737 5199 ἀρχόντων

157 5213 257 5267 τοῦ
323 5212 520 5276 αἰῶνος
581 5213 767 5268 τούτου
824 5214 912 5269 διά
960 5218 1058 5286 τῆς
1109 5217 1341 5289 Χριστοῦ
1398 5221 1733 5290 παρουσίας,

157 5307 351 5360 πάντα
377 5304 448 5358 τὰ
498 5303 626 5374 ἔθνη
650 5307 774 5369 τοὺς
819 5307 1112 5371 ἐπινικίους
1161 5308 1360 5380 ὕμνους
1390 5311 1735 5380 ἀναπέμπειν

156 5396 607 5469 παρακελεύεται
652 5397 730 5468 τῷ
783 5398 881 5468 τῆς
933 5399 1086 5472 νίκης
1145 5400 1298 5474 αἰτίῳ
1351 5400 1468 5473 Θεῷ
1513 5405 1606 5457 καὶ
1656 5401 1732 5472 τῷ

153 5489 395 5560 ὀνόματι
438 5489 629 5555 αὐτοῦ,
675 5490 915 5544 τουτέστι
973 5492 1049 5560 τῷ
1106 5493 1237 5563 Υἰῷ.

227 5662 359 5734 (97)
389 5663 514 5720 Ilaec
543 5649 796 5734 superius
821 5683 920 5722 suo
956 5666 1078 5723 loco
1106 5669 1392 5724 habentur.

1909 4941 2206 4996 Athanasii.
2248 4945 2317 4997 At
2343 4943 2638 4998 secundum
2675 4943 2918 4998 altiorem
2949 4941 3390 5014 intelligentiam:

1835 5033 2088 5103 jubilatio
2116 5044 2198 5089 est
2238 5035 2496 5105 hymnus,
2541 5036 2632 5104 qui
2665 5045 2917 5088 cantatur
2949 5044 3167 5103 propter
3211 5036 3394 5092 hostes

1841 5127 2098 5181 devictos.
2150 5125 2287 5192 Quia
2344 5127 2505 5197 igitur
2539 5128 2808 5196 principes
2860 5128 3043 5181 sazenli
3092 5127 3253 5197 hujus
3302 5143 3396 5198 per

1841 5219 2040 5273 Christi
2084 5221 2420 5289 praesentiam
2494 5219 2690 5275 sublati
2758 5229 2885 5272 sunt
2932 5237 2945 5273 :
2992 5219 3191 5275 idcirco
3243 5220 3398 5289 jubet

1842 5326 2030 5364 omnes
2062 5321 2266 5380 gentes,
2297 5319 2356 5364 ut
2385 5311 2571 5365 laudes
2611 5309 2962 5379 triumphales
2993 5309 3101 5364 Deo
3145 5307 3394 5377 oll'erant,

1846 5412 1902 5454 ut
1943 5402 2031 5471 qui
2067 5417 2230 5456 causa
2271 5400 2432 5456 fuerit
2465 5401 2698 5456 victoriae
2728 5419 2741 5467 ;
2778 5412 2832 5456 et
2865 5402 3068 5456 nomini
3101 5400 3220 5470 ejus
3244 5439 3258 5462 ,
3294 5401 3397 5456 hoc

1846 5503 1926 5550 est
1949 5493 2102 5549 Filio.
2153 5492 2285 5549 Nam
2310 5494 2760 5566 quemadmodum
2785 5509 2884 5550 nos
2900 5509 2964 5548 ex
2989 5492 3203 5547 nomine
3226 5492 3398 5563 ipsius

227 5733 350 5799 (98)
397 5734 520 5793 Haec
553 5733 821 5794 habentur
864 5740 1110 5804 superius
1136 5757 1235 5797 suo
1283 5742 1419 5808 loco,
1456 5741 1543 5796 sed
1580 5740 1852 5808 pauciora.
