4068 6310
750 337 853 391 585

1590 337 1646 391 S.
1687 336 2055 393 ATHANASlI
2095 336 2237 394 OPP.
2293 340 2470 398 PARS
2509 339 2598 397 lll.
2640 374 2706 384 —
2748 344 3159 403 EXEGETICA.
3883 362 3965 419 584

748 457 1168 526 cognoscimur,
1220 458 1301 513 sic
1367 461 1714 530 cognoscitur
1761 461 1922 515 etiam
1992 461 2149 517 Pater
2218 479 2279 534 pc

2384 520 2386 526 λ
2426 466 2512 529 Ὠς
2543 467 2649 538 γὰρ
2677 471 2838 538 ἡμεῖς
2863 469 2947 522 διὰ
2981 469 3069 522 τοῦ
3098 472 3359 542 ὀνόματος
3400 475 3563 528 αὑτοῦ
3591 479 3959 551 γνωριζόμεθα,

745 547 966 608 Filium.

2417 557 2558 611 οὕτω
2581 561 2674 612 καὶ
2698 563 2725 614 ὁ
2756 562 2941 632 Πατήρ
2973 562 3059 615 διὰ
3080 563 3172 615 τοῦ
3207 565 3351 620 Υἱοῦ.

1313 709 1541 764 Rursum
1573 712 1623 763 in
1649 723 1939 782 sequentem
1971 729 2171 767 uersum
2200 713 2254 767 9..

2384 714 2547 771 Bcedit
2595 717 2843 771 simdilcr
2883 717 3234 777 Tluodoretus
3262 723 3397 794 (99).

816 833 1067 904 Cyrinus,
1113 831 1456 885 Atnanasius.
1505 831 1573 884 At
1621 831 1706 886 hic
1749 833 1966 902 quidem
2017 833 2302 889 verborum

742 946 935 986 sensus
983 937 1066 982 est
1117 926 1429 980 historicus.
1499 927 1567 978 At
1618 927 1914 980 secundum
1971 926 2304 996 spiritualem

741 1022 1140 1091 acceptionem,
1178 1019 1331 1073 valde
1365 1019 1652 1072 metuenda
1687 1030 1814 1076 sunt
1861 1019 2063 1074 Christi
2116 1035 2300 1090 Opera,

739 1114 854 1171 sive
886 1113 1066 1168 divina
1100 1112 1219 1182 ejus
1251 1111 1532 1175 miracula,
1568 1125 1620 1165 et
1648 1112 1794 1182 quod
1824 1112 1891 1166 de
1925 1112 2102 1166 medio
2132 1113 2300 1167 nostri

738 1207 956 1261 sustulit
1025 1205 1364 1273 impnrorum
1415 1204 1807 1259 daemoniorum
1870 1205 2293 1260 multitudinem.

735 1297 1022 1353 Multitudo
1051 1308 1228 1352 autem
1273 1308 1325 1352 et
1376 1297 1703 1351 abundantia
1737 1299 2006 1366 potentiae,
2057 1312 2300 1352 resurre-

734 1393 844 1449 ctio
875 1392 1042 1461 ipsius
1067 1402 1150 1447 est
1178 1406 1191 1444 :
1223 1407 1343 1462 qua!
1377 1392 1592 1461 quidem
1645 1394 1908 1446 subvertit
1949 1393 2112 1445 robur
2153 1407 2300 1446 mor-

737 1486 808 1542 tis
838 1505 852 1551 ;
884 1487 1155 1541 revocavit
1181 1503 1308 1540 vero
1353 1487 1418 1540 ad
1473 1486 1933 1556 incorruptionem
1989 1487 2294 1538 universam

735 1578 976 1634 hominis
1011 1589 1280 1633 naturam.
1315 1580 1450 1645 Quia
1483 1590 1660 1633 autem
1697 1578 1888 1643 Jmhei,
1925 1595 2045 1632 cum
2084 1590 2296 1645 specta-

738 1679 885 1727 tores
933 1681 1114 1727 essent
1171 1674 1561 1726 miraculorum
1623 1672 1868 1734 Christi,
1920 1671 2011 1725 ubi
2079 1681 2294 1739 stupere

738 1762 1040 1831 oportebat,
1069 1762 1171 1831 ipsi
1201 1779 1390 1816 eorum
1425 1771 1699 1817 auctorem
1728 1763 2200 1821 calumniabantur
2232 1778 2294 1815 ac

2455 834 2767 901 Κύριὶλσς,
2788 835 3157 902 Ἀθανάσιος.
3177 839 3282 892 Καὶ
3299 839 3439 893 οὕτω
3459 841 3556 911 μὲν
3575 842 3708 913 πρὸς
3727 846 3958 916 ἱστορίαν

2405 925 2540 996 πρὸς
2555 926 2611 979 δὲ
2626 929 2994 998 πνευματικὴν
3022 930 3245 1001 ἕκληψιν
3273 932 3394 985 λίαν
3407 933 3690 1007 φοϐεράτὰ
3709 936 3844 1006 ἔργα
3864 939 3951 1006 Pist

2406 1017 2554 1080 στοῦ,
2587 1021 2758 1072 εῖτουν
2782 1023 2835 1073 αἱ
2868 1022 3201 1092 θεοσημεῖαι,
3227 1026 3319 1077 καὶ
3348 1026 3428 1089 τὸ,
3461 1027 3710 1078 ἐκποδὼν
3735 1028 3963 1096 γενέσθαι

2400 1109 2510 1161 τῶν
2535 1110 2855 1182 ἀκαθάρτων
2875 1112 3141 1182 δαιμόνων
3159 1115 3223 1166 τά
3246 1115 3446 1186 πλήθη.
3467 1117 3678 1188 Πλῆθος
3704 1119 3759 1171 δὲ
3778 1121 3869 1172 καὶ
3885 1136 3963 1170 πε-

2407 1205 2616 1274 ριουσία
2645 1205 2924 1274 δυνάμεως
2951 1208 2983 1276 ἡ
3010 1207 3301 1271 ἀνάστασις
3324 1209 3507 1273 αὑτοῦ,
3528 1215 3966 1283 καταπρὲσουσσ

2406 1297 2504 1365 μὲν
2532 1295 2622 1348 τοῦ
2655 1295 2883 1349 Θανάτου
2919 1298 2978 1350 τὺ
3011 1299 3227 1370 κράτος,
3272 1301 3486 1354 ἃπασαν
3518 1303 3572 1354 δὲ
3624 1305 3726 1374 τὴν
3773 1304 3965 1368 ἀνθρὼ-

2403 1406 2504 1442 που
2533 1390 2690 1460 φύσιν
2738 1391 2817 1454 εἰς
2873 1391 3179 1462 ἀφθαρσίαν
3234 1395 3677 1459 ἀνακαινίζουσα.
3736 1399 3888 1450 Ἐπεὶ
3921 1399 3970 1452 δὲ

2414 1481 2674 1544 Ἰουδαῖοι,
2705 1480 2812 1533 τῶν
2833 1482 3066 1552 Χριστοῦ
3101 1483 3390 1554 θαυμάτων
3451 1487 3730 1556 γενόμενοι
3764 1487 3970 1560 fletur/oi,

2401 1572 2518 1626 δέον
2543 1573 2956 1645 ἐκπλήττεσθαι,
2981 1575 3073 1627 τὸν
3101 1577 3462 1649 τερατουργὸν
3493 1579 3857 1641 ἐνδιέὁαλλον,
3887 1585 3972 1632 καὶ

2409 1667 2605 1719 πλάνον
2629 1667 2874 1728 ἐκάλουν,
2902 1667 3243 1739 ἐπιπλήττων
3261 1669 3304 1733 νὸ
3333 1669 3546 1736 ψάλλων
3576 1671 3731 1739 φήσί-
3759 1671 3876 1723 Παύ
3889 1688 3968 1723 σα-

2404 1765 2516 1826 σθε,
2547 1764 2734 1836 εἴπατε
2764 1762 2820 1815 δὲ
2878 1761 3074 1832 μᾶλλον
3123 1759 3292 1831 αὐτῷ,
3342 1762 3422 1813 ὃτι
3471 1762 3681 1833 Φοόερὰ
3719 1765 3792 1816 τὰ
3846 1765 3970 1835 ἔργα

730 1852 1082 1924 impostorem
1118 1855 1401 1920 vocabant,
1451 1856 1653 1910 idcirco
1691 1856 1986 1926 ohjnrgans
2025 1871 2117 1909 eos
2150 1853 2279 1908 Psal'

2397 1871 2511 1910 σου.
2549 1851 2681 1908 Εἶτα
2711 1856 2829 1906 ἐπεὶ
2856 1852 3210 1916 ἀπειθοῦντας
3239 1853 3404 1927 ἐώρα,
3433 1855 3589 1924 ἀφεὶς
3614 1854 3678 1907 τὸ
3715 1857 3854 1926 πρὸς
3886 1859 3970 1909 αὐ·

729 1955 811 2001 tes
846 1947 921 2000 ait
951 1966 962 2001 :
995 1946 1265 2013 Desistite,
1297 1966 1359 2005 ac
1394 1951 1572 2017 potius
1613 1950 1775 2003 dicite
1815 1951 1916 2018 ipsi
1945 1968 1957 2003 :
1987 1949 2288 2003 Trcmenda

727 2046 853 2093 sunt
879 2054 1041 2109 opera
1073 2050 1184 2095 tua.
1225 2041 1444 2106 Deinde,
1485 2043 1743 2112 quoniam
1795 2042 2014 2096 videbat
2056 2057 2150 2095 eos
2187 2041 2290 2095 sibi

721 2145 932 2184 morem
977 2147 1084 2185 non
1132 2148 1350 2203 gerere,
1408 2149 1600 2187 averso
1649 2134 1717 2191 ab
1759 2134 1890 2204 ipsis
1927 2120 2179 2187 sermone
2222 2134 2289 2188 ad

722 2221 1000 2276 Christum
1030 2223 1319 2280 calumniis
1356 2226 1658 2295 impetitum
1695 2243 1750 2281 se
1779 2228 2041 2281 convertit
2063 2229 2283 2282 dicens:

724 2312 890 2369 Multa
919 2324 1000 2371 est
1029 2319 1264 2386 potentia
1312 2327 1423 2380 tua,
1461 2330 1946 2388 quantumcunque
1995 2320 2177 2373 hostes
2208 2318 2286 2372 tui

719 2408 786 2462 de
823 2416 875 2463 te
921 2411 1127 2464 mentiti
1169 2411 1306 2474 sint,
1357 2422 1548 2478 sponte
1596 2426 1692 2464 sua
1733 2412 1921 2464 oculos
1968 2411 2283 2465 claudentes

719 2502 785 2555 ad
833 2502 1077 2557 divinum
1127 2513 1282 2557 tuum
1329 2503 1512 2558 lumen
1553 2504 1696 2573 quod
1749 2505 1951 2558 nmndo
1997 2507 2281 2574 apparuit,

717 2594 852 2647 adeo
881 2605 940 2648 ut
975 2610 1042 2648 ne
1088 2595 1304 2663 quidem
1349 2597 1707 2665 praecellentia
1760 2599 2150 2651 miraculorum
2187 2613 2282 2652 eos

715 2683 782 2737 ad
846 2683 1204 2739 obedientiam
1277 2702 1590 2757 permovere
1631 2688 1887 2758 potuerit.
1953 2687 2089 2741 Nam
2154 2705 2278 2743 cum

715 2774 978 2833 Dominus
1034 2787 1218 2834 noster
1285 2780 1628 2837 multitudine
1687 2783 1942 2849 potentiae
2003 2798 2155 2836 suam
2211 2800 2278 2838 ex

2398 1950 2520 2014 τοὺς
2549 1948 2908 2016 διαλέγεσθαι,
2944 1947 3021 2018 τῷ
3047 1948 3527 2018 συκοφαντουμένῳ
3557 1949 3785 2019 Χριστῷ
3811 1966 3970 2019 apoc-

2397 2043 2622 2112 ομιλεί,
2675 2042 2868 2110 λέγων·
2934 2039 3107 2110 Πολλή
3157 2058 3250 2093 σου
3307 2042 3338 2109 ἡ
3397 2040 3644 2110 δύναμις,
3707 2043 3758 2092 εἰ
3811 2044 3970 2094 κα“ιοὶ

2392 2134 2574 2205 ἐχθροί
2602 2150 2693 2186 σου
2716 2133 3008 2202 sessum
3039 2150 3117 2195 σε,
3144 2132 3404 2195 ἑκουσίως
3436 2132 3570 2204 πρὸς
3605 2131 3668 2184 τὸ
3698 2133 3872 2200 φανὲν
3901 2134 3969 2203 τῷ

2392 2229 2580 2297 κόσμῳ
2608 2227 2748 2279 θεῖόν
2784 2243 2875 2278 σου
2911 2224 3025 2294 φῶς
3054 2224 3342 2294 μύσαντες,
3393 2227 3488 2277 καὶ
3531 2225 3664 2294 μηδὲ
3693 2225 3807 2277 τῶν
3844 2227 3967 2278 θαυ-

2393 2320 2578 2388 μάτων
2606 2320 2702 2389 τῆς
2747 2317 3049 2388 ὑπερϐολῆς
3075 2321 3518 2387 παρενεγκουσης
3571 2317 3772 2379 αὐτοὺς
3801 2319 3879 2379 εἰς
3916 2319 3967 2369 τὸ

2389 2412 2688 2466 πείθεσθαι.
2719 2412 2916 2481 Πλήθει
2963 2411 3070 2482 γὰρ
3098 2410 3374 2481 δυνάμεως
3406 2410 3499 2463 τοῦ
3558 2412 3764 2481 Κυρίου
3817 2410 3966 2480 ἡμῶν

2391 2507 2769 2568 ἐκτελέσαντος
2791 2505 2889 2575 τὴν
2907 2504 3112 2556 οἰκείαν
3146 2505 3209 2556 ἐκ
3240 2502 3446 2574 νεκρῶν
3503 2503 3804 2556 ἀνάστασιν
3833 2503 3964 2555 κατά

2389 2599 2449 2652 τὸ
2503 2597 2879 2670 ἀνθρώπινον,
2941 2598 2989 2647 οἱ
3060 2595 3242 2666 ἐχθροὶ
3293 2594 3455 2648 αὑτοῦ
3520 2595 3762 2664 Ἐὅραῖοι
3813 2596 3962 2662 ἐψευ-

2391 2708 2549 2743 σαντο
2615 2688 2808 2742 αὐτόν·
2875 2686 3179 2750 τουτέστιν,
3253 2684 3587 2738 ἑνδιέὸαλλον
3663 2686 3766 2755 τὴν
3837 2686 3963 2738 ἀνά-

2388 2801 2595 2836 στάσιν.

715 2872 945 2928 mortuis
993 2873 1180 2943 (quod
1228 2875 1295 2927 ad
1366 2876 1660 2928 humanam
1731 2886 1982 2930 naturam
2051 2881 2283 2947 attinet,
2337 2878 2800 2936 resurrectionem
2879 2869 3229 2943 perfecisset,
3304 2871 3707 2927 mentiebantur
3788 2871 3856 2926 de
3903 2885 3963 2927 eo

713 2961 922 3020 Hebrzi
976 2965 1161 3022 hostes
1195 2966 1314 3035 ejus
1347 2985 1362 3022 :
1404 2967 1506 3024 hoc
1535 2976 1620 3024 est
1668 2969 2137 3027 calumniabantur
2171 2975 2289 3045 ejus
2321 2970 2797 3028 resurrectionem.

1789 3102 1856 3158 Et
1890 3104 1945 3157 in
1969 3121 2168 3159 versum
2194 3107 2432 3175 proxime
2456 3105 2800 3159 colem-cutem
2829 3100 2862 3155 4

781 3218 1125 3282 Athanasius,
1152 3215 1409 3286 Cyrillus,
1453 3217 1733 3289 Gregorius
1779 3217 2071 3288 Nyssenus.
2109 3220 2277 3286 Licet,
2308 3228 2350 3284 C.

709 3309 905 3381 inquit,
950 3307 1121 3362 Judaei
1170 3315 1225 3362 te
1258 3309 1501 3379 negaturi
1553 3311 1684 3373 sint,
1739 3310 2059 3379 subjicietur
2092 3319 2278 3366 tamen

707 3402 804 3457 tibi
837 3415 935 3471 pro
970 3401 1105 3470 ipsis
1139 3408 1192 3454 et
1215 3400 1464 3455 adorabit
1498 3412 1548 3456 te
1583 3402 1762 3457 omnis
1807 3410 1970 3465 terra,
2003 3404 2115 3457 sive
2149 3420 2277 3473 gen-

707 3505 788 3549 tes
827 3509 948 3563 qua:
975 3493 1354 3547 inhabitabant
1393 3502 1613 3547 terram.
1641 3492 1827 3564 Neque
1865 3495 2009 3550 enim
2039 3497 2274 3566 amplius

704 3585 951 3640 adoratio
1000 3584 1090 3639 tiet
1119 3582 1511 3655 Jerosolymis:
1545 3599 1667 3639 cum
1697 3585 1808 3655 jam
1856 3585 2043 3655 legalis
2079 3587 2271 3640 umbra

705 3679 1003 3734 cessaverit
1026 3679 1325 3734 secundum
1351 3677 1483 3732 illud
1511 3697 1522 3732 :
1559 3677 1868 3732 Adorabunt
1892 3695 2010 3731 eum
2053 3681 2271 3747 quisque

705 3787 769 3824 ea:
798 3771 912 3825 loco
941 3788 1036 3826 suo
1058 3771 1124 3835 “,
1160 3779 1214 3825 et
1242 3770 1487 3825 adoratio
1514 3770 1626 3840 jam
1655 3770 1748 3825 ﬁat
1779 3771 1831 3823 in
1859 3770 2052 3839 spiritu
2102 3782 2154 3825 et
2180 3786 2272 3825 ve-

703 3863 884 3925 ritate,
916 3876 981 3916 eo
1007 3860 1153 3932 quod
1196 3861 1552 3929 congruentia
1598 3869 1932 3930 peraguntur
1977 3874 2141 3930 Opera
2165 3858 2270 3914 'Dei

701 3951 1031 4021 adorationi,
1075 3953 1246 4023 ipsius
1295 3951 1658 4024 appellatione
1700 3952 1809 4007 illis
1854 3953 2124 4023 imposita.
2158 3954 2266 4008 Ista

699 4059 886 4116 porro,
943 4044 1226 4115 praedictio
1267 4053 1397 4099 sunt
1438 4044 1721 4115 praesentis
1765 4045 1930 4114 hujus
1977 4046 2264 4115 temporis,

698 4153 808 4208 quo
838 4138 891 4192 in
923 4137 1176 4192 omnibus
1203 4137 1452 4208 gentibus
1479 4137 1854 4191 universorum
1879 4139 2019 4193 Deus
2050 4138 2266 4208 hymnis

699 4231 1022 4295 celebratur,
1054 4247 1119 4286 ac
1153 4230 1418 4285 Dominus
1467 4239 1650 4284 noster
1680 4228 1838 4285 Jesus
1879 4229 2154 4298 Christus,
2189 4231 2265 4286 al-

698 4323 946 4379 tissimus
961 4323 1030 4378 ab
1059 4321 1312 4378 omnibus
1342 4331 1590 4378 vocatur.

2457 3219 2534 3290 (Ι)
2570 3217 2942 3282 Ἀθανάσιος,
2983 3215 3299 3282 Κύριλλος,
3333 3215 3383 3265 Γ
3377 3213 3657 3282 ρηγόριος
3684 3214 3958 3282 Νύσσης.

2382 3313 2444 3364 Et
2488 3312 2580 3362 καὶ
2621 3309 2881 3374 Ἰουδαῖοι,
2914 3308 3099 3377 φησιν,
3126 3303 3446 3376 ἀρνήσονται
3478 3321 3558 3366 σε,
3592 3307 3708 3357 ἀντ’
3737 3305 3960 3359 ἐκείνων

2382 3401 2803 3473 ὑποκλιθήσεταὶ
2840 3417 2920 3452 σοι
2954 3399 3046 3452 καὶ
3069 3399 3435 3468 προσκυνήσει
3462 3399 3613 3450 πᾶσα
3642 3399 3676 3467 ή
3713 3397 3812 3466 γῆ,
3846 3398 3957 3467 ἢτοι

2379 3495 2445 3550 τά
2473 3495 2598 3566 ἔθνη
2636 3494 2701 3546 τά
2731 3491 3087 3546 κατοικοῦντα
3127 3492 3226 3561 τὴν
3249 3490 3371 3560 γῆν.
3398 3489 3594 3543 Οὐκέτι
3624 3489 3734 3560 γὰρ
3766 3493 3824 3542 ὲν
3868 3490 3958 3542 Ίε-

2380 3588 2660 3660 ρουσαλὴμ
2688 3588 2720 3657 ἡ
2752 3585 3137 3657 προσκύνησις,
3164 3583 3263 3652 τῆς
3311 3581 3539 3653 νομικῆς
3593 3583 3958 3653 παυσαμένης

2377 3682 2553 3745 σκιᾶς,
2590 3680 2729 3733 κατὰ
2753 3678 2834 3730 τό·
2885 3675 3433 3745 Προσκυνήσυυσιν
3485 3671 3648 3738 αὐτῷ
3699 3673 3956 3738 ἕκαστος

2372 3774 2440 3826 ἐκ
2466 3772 2570 3826 τοῦ
2605 3772 2792 3824 τόπου
2825 3769 3032 3832 αὐτοῦ,
3060 3767 3150 3820 καὶ
3180 3767 3304 3837 τῆς
3341 3768 3766 3837 προσκυνήσεως
3798 3782 3953 3833 γενοο

2377 3865 2542 3935 μένης
2565 3864 2619 3916 ἐν
2649 3863 2914 3933 πνεύματι
2945 3860 3037 3914 καὶ
3070 3858 3314 3929 ἀληθεία,
3376 3856 3725 3928 καταλλήλων
3778 3858 3955 3928 ἔργων

2371 3957 2667 4026 γινομένων
2689 3957 2753 4026 τῇ
2789 3953 3153 4026 προσκυνήσει
3177 3950 3333 4004 Θεοῦ.
3360 3949 3460 4019 τῆς
3486 3948 3651 4001 αὑτοῦ
3682 3965 3954 4020 προσηγο-

2377 4049 2495 4120 ρίας
2525 4046 2912 4118 ἐπικληθείσης
2949 4045 3148 4106 αὐτοῖς.
3186 4043 3497 4114 Πρόρρησις
3542 4041 3600 4094 δὲ
3652 4041 3827 4095 ταῦτα
3856 4040 3951 4093 τοῦ

2377 4140 2636 4210 παρόντος
2661 4135 2872 4207 καιροῦ,
2901 4135 3018 4188 καθ’
3045 4135 3102 4187 ὃν
3131 4135 3187 4186 ὲν
3218 4134 3387 4187 ἀπασι
3415 4134 3525 4195 τοῖς
3555 4131 3766 4185 ἔθνεσιν
3789 4133 3816 4184 6
3843 4131 3952 4184 τῶν

2375 4233 2511 4286 ὅλων
2535 4232 2781 4300 ὑμνεῖται
2799 4229 2950 4292 Θεὸς,
2977 4227 3072 4281 καὶ
3101 4229 3128 4280 ὁ
3158 4226 3430 4293 Δεσπότης
3457 4223 3692 4295 Χριστὺς
3726 4223 3952 4281 ὕψιστα·

2375 4323 2525 4394 παρά
2552 4321 2767 4375 πάντων
2797 4320 3060 4374 καλεῖται.

1391 4459 1619 4514 Rursum
1645 4462 1700 4514 in
1725 4459 1828 4513 ista
1858 4459 2009 4516 verba
2035 4477 2054 4514 :
2088 4480 2107 4512 ι
2158 4458 2337 4516 Venite
2358 4472 2406 4515 et
2443 4461 2608 4514 videte
2636 4475 2791 4529 opera
2825 4456 2941 4518 Dei,
2976 4474 2994 4506 ι
3026 4465 3146 4520 etc.,
3183 4455 3238 4509 5.

764 4574 1105 4630 Athanasius.
1158 4572 1370 4631 lnducit
1405 4576 1494 4631 hic
1540 4579 1910 4647 apostolorum
1965 4593 2255 4648 personam
2289 4580 2335 4636 D

691 4669 786 4734 qui
815 4668 1046 4722 doceant
1073 4677 1278 4738 gentes,
1309 4669 1454 4740 quod
1491 4668 1593 4726 iste
1617 4670 1707 4740 qui
1744 4671 1796 4723 in
1829 4673 2115 4734 praesentia
2158 4685 2257 4726 sua

692 4761 990 4817 secundum
1046 4775 1266 4816 carnem
1318 4762 1498 4816 divina
1551 4760 1642 4816 illa
1698 4764 1954 4818 miracula
2001 4771 2258 4832 operatus

689 4861 795 4915 est,
828 4854 943 4923 ipse
973 4852 1114 4907 idem
1147 4852 1236 4916 sit,
1271 4851 1363 4920 qui
1388 4852 1518 4905 olim
1551 4866 1700 4906 mare
1727 4849 1970 4906 Rubrum
2008 4852 2250 4917 arefecit,

689 4950 744 4997 et
767 4940 1017 4996 Jordanis
1043 4940 1244 4997 ﬂuenta
1268 4941 1472 5006 divisit,
1503 4942 1638 4997 adeo
1673 4950 1732 4996 ut
1760 4943 1890 5012 pede
1914 4957 2038 4997 eum
2072 4941 2254 4996 Israe-

688 5034 798 5090 lita:
847 5034 1159 5088 transirent.
1215 5034 1390 5105 Inquit
1441 5033 1640 5102 igitur:
1691 5033 2021 5106 Cognoscite
2059 5034 2247 5088 animo

686 5135 850 5197 atque
882 5125 1161 5196 intelligite
1191 5141 1256 5180 ex
1282 5125 1514 5196 singulis
1541 5141 1662 5195 qua:
1684 5143 1711 5179 ιι
1747 5127 1891 5181 bono
1922 5125 2031 5180 Deo
2058 5125 2246 5180 ell‘ecta

686 5226 832 5284 sunt,
867 5231 1030 5286 quam
1069 5218 1114 5271 is
1145 5216 1214 5271 sit
1241 5218 1293 5270 in
1324 5217 1571 5272 consiliis
1617 5218 1731 5273 suis
1775 5218 2244 5288 incomprehensi~

683 5309 848 5365 bilis:
896 5309 1239 5364 admiremini
1285 5311 1445 5364 etiam
1486 5309 1808 5366 ineﬂ‘abilem
1859 5310 1979 5380 ejus
2026 5312 2249 5380 sapien-

683 5400 834 5468 tiam,
865 5418 961 5472 per
993 5417 1157 5474 quam
1195 5401 1492 5458 humanum
1531 5419 1699 5475 genus
1747 5404 1992 5474 perducit
2036 5404 2103 5458 ad
2131 5404 2243 5474 pie-

749 5578 800 5611 “
823 5577 1060 5646 Sophon.
1095 5595 1156 5643 ιι,
1186 5580 1236 5634 3.

748 5712 1013 5786 (θθυὶωο
1041 5715 1308 5771 habentur
1339 5718 1582 5786 superius
1611 5719 1674 5774 ad
1711 5721 1854 5776 hunc
1881 5734 2123 5776 versum.

750 5788 824 5854 (t)
859 5784 982 5840 llazc
1010 5789 1261 5855 superius
1297 5793 1361 5845 ad
1406 5784 1464 5844 bt

2435 4575 2512 4646 (2)
2567 4573 2942 4638 Ἀθανὰσιος.
2974 4570 3094 4624 Τῶν
3130 4570 3441 4625 ἀποστόλων
3465 4565 3703 4624 ἐνταῦθα
3736 4571 3950 4639 εἰσάγει

2364 4669 2425 4723 τὸ
2458 4669 2766 4739 πρόσωπον,
2786 4665 3142 4719 διδασκόντων
3174 4664 3243 4717 τὰ
3269 4663 3415 4734 ἔθνη,
3432 4664 3506 4728 ὼς
3531 4663 3639 4736 ἄρα
3651 4657 3806 4728 οὗτος
3835 4667 3868 4719 ὁ
3893 4668 3951 4719 ἰν

2364 4764 2430 4833 τῇ
2458 4760 2596 4815 κατὰ
2632 4761 2806 4831 σάρκα
2838 4759 3107 4831 παρουσίᾳ
3143 4757 3241 4822 τὰς
3275 4757 3597 4827 θεοσημείας
3635 4757 3950 4829 ὲργαζὸμευ

2365 4870 2472 4917 νος,
2506 4853 2664 4918 αὑτός
2694 4854 2838 4905 ἐστιν
2895 4853 2922 4905 ὁ
2972 4851 3139 4904 πάλαι
3193 4849 3290 4922 τὴν
3357 4849 3622 4920 Ἐρυθρὰν
3664 4850 3950 4907 θάλασσαν

2365 4945 2625 5018 ξηράνας,
2672 4946 2766 4998 καὶ
2801 4944 2903 5016 μὴν
2955 4944 3050 4998 καὶ
3103 4943 3195 4997 τοῦ
3240 4942 3503 5014 Ἰορδάνου
3549 4943 3836 5014 ἀνακύψας
3880 4946 3949 5001 τὰ

2365 5039 2633 5110 ῥεύματα,
2677 5038 2753 5100 ὠς
2807 5037 2930 5091 ποδὶ
2965 5035 3250 5108 παρελθεῖν
3311 5035 3434 5098 τοὺς
3488 5037 3638 5099 υἱοὺς
3695 5037 3942 5108 Ἰσραήλ.

2361 5130 2527 5200 Φησῖν
2556 5127 2667 5184 οὖν’
2709 5129 3070 5201 Ἑπιστήσατε
3123 5128 3214 5181 τὸν
3249 5127 3374 5180 νοῦν
3427 5126 3521 5181 καῖ⁵
3562 5130 3943 5200 κατανοήσατε

2358 5220 2466 5273 τῶν
2497 5220 2600 5274 ὑπὸ
2628 5219 2718 5272 τοῦ
2750 5219 2952 5288 ἀγαθοῦ
2988 5218 3122 5272 Θεοῦ
3157 5218 3457 5289 γινομένων
3487 5218 3751 5282 ἑκάστων,
3789 5221 3944 5287 ὅπως

2358 5314 2502 5380 ἐστὶν
2536 5315 2591 5365 ἐν
2619 5313 2830 5383 βουλαῖς
2882 5311 3282 5381 ἀκατάληπτος·
3313 5312 3408 5365 καὶ
3444 5312 3542 5380 τὴν
3574 5313 3818 5383 ἄρρητον
3847 5319 3944 5368 αὐ-

2355 5404 2446 5458 τοῦ
2476 5406 2665 5475 σοφίαν
2689 5405 3025 5476 θαυμάσατε,
3059 5405 3124 5458 δι’
3145 5398 3211 5476 ἦς
3234 5405 3295 5458 τὸ
3320 5405 3426 5458 τῶν
3455 5403 3759 5476 ἀνθρώπων
3779 5407 3943 5478 γένος

2419 5717 2493 5789 (2)
2536 5719 2655 5777 Παῖς
2685 5737 2870 5793 supra.
2903 5722 2993 5778 sed
3025 5720 3292 5776 breviora.
