4068 6310
159 354 267 410 585

1128 363 1552 418 FRAGMENTA
1590 360 1939 418 COMMENT.
1981 359 2043 413 IN
2088 355 2428 414 PSALMOS.

3269 342 3373 400 586

160 473 386 542 ποδηγεῖ
419 474 551 544 πρὸς
605 476 904 530 εὐσέϐειαν.
937 479 1195 551 σινοϐεραῖς
1229 479 1334 552 γάρ
1369 485 1460 532 και
1513 481 1722 547 θαυμα-

1836 484 2008 530 .atem.
2046 472 2363 527 Tremendis
2395 482 2627 538 namque
2659 475 2712 521 et
2743 462 3073 520 admirandis
3111 457 3378 515 machinis

159 568 314 627 σταῖς
355 569 624 636 μηχαναῖς
663 570 802 641 ὑπέρ
826 571 923 639 τῆς
953 570 1056 624 τῶν
1109 571 1406 642 ἀνθρώπων
1459 574 1721 641 κέκρηται

160 655 451 726 σωτηρίας.

1831 585 1961 623 usus
1988 577 2068 623 rst
2095 576 2313 637 propter
2342 563 2619 619 hominum
2651 559 2899 614 salutem.

1055 751 1120 804 In
1152 753 1301 805 verba
1328 753 1555 820 ejusdem
1582 768 1597 804 :
1630 771 1647 800 σ
1691 750 1771 803 Ibi
1809 747 2123 810 (tutabimur,
2160 765 2177 795 ι
2213 753 2336 806 etc.,
2369 759 2413 794 υ.
2446 740 2498 793 6.

234 860 522 918 Prwmissa
552 867 899 934 explicatione
918 882 982 920 ea:
1013 867 1352 929 Theodoreto.
1378 868 1723 938 sequiturt'é).

173 953 550 1009 Ἀθανασίου.
588 957 731 1028 Πρὸς
763 959 818 1011 δὲ
853 958 995 1012 νοῦν’
1040 960 1183 1012 Ἐκεῖ
1225 962 1321 1013 σὺν
1379 959 1595 1030 Χριστῷ
1637 959 1731 1029 βα-

161 1044 502 1116 σιλεύσομεν,
540 1049 697 1118 ἡνίκα
725 1049 818 1102 τοῦ
871 1051 990 1102 νέου
1026 1051 1215 1113 αἰῶνος
1250 1051 1574 1122 βασιλεύσει,
1633 1052 1728 1104 καὶ

160 1138 647 1209 εὐφρανθησόμεθα
673 1143 757 1194 ἐπ’
780 1141 946 1212 αὐτῷ.
1001 1142 1413 1213 Εὐφραινόμεθα
1458 1143 1514 1195 δὲ
1547 1144 1603 1194 ὲν
1651 1141 1727 1212 τῷ

160 1231 448 1300 ποιήσαντι
478 1231 544 1284 τὰ
569 1231 798 1304 δυσχερῆ
832 1234 1005 1304 ῥᾴδια.

1899 864 2198 917 Athanasii.
2252 860 2354 915 Sed
2389 859 2452 913 ad
2491 856 2817 911 intellectum
2845 872 2857 906 :
2883 850 2995 906 Illic
3035 847 3376 920 regnabimus

1829 973 1951 1014 cum
1983 957 2222 1019 Christo,
2269 968 2392 1008 cum
2424 965 2564 1006 novo
2596 950 2684 1003 ille
2731 946 2928 1001 saculo
2975 941 3278 1012 imperabit,
3325 942 3379 992 et

1829 1050 2134 1104 laetabitnur
2164 1061 2326 1115 super
2358 1044 2494 1114 ipso.
2545 1039 2872 1095 Laztahimur
2906 1050 3032 1089 vero
3081 1034 3134 1088 in
3167 1046 3252 1098 eo,
3283 1029 3378 1100 qui

1829 1158 1949 1211 qnte
1977 1139 2208 1194 diflicilia
2237 1147 2413 1200 erant,
2447 1137 2580 1190 levia
2610 1131 2858 1187 reddidit.

1295 1324 1548 1380 Similiter
1571 1327 1622 1378 in
1648 1339 1848 1378 versum
1878 1329 2172 1390 sequentem
2201 1316 2249 1372 7.

246 1415 606 1483 Ἆθανὰσιος,
663 1419 967 1485 Εὐσέϐιος.
1022 1422 1178 1474 Κατὰ
1253 1421 1309 1474 δὲ
1361 1420 1729 1492 πνευματικὴν

159 1506 388 1578 ἐκδοχὴν
413 1508 717 1579 ὀφθαλμοὺς
747 1510 881 1564 Θεοῦ
925 1513 1049 1576 τοὺς
1090 1513 1413 1575 ἀποστόλους
1443 1515 1725 1583 νοήσομεν·

160 1600 698 1672 παραπικραίνοντας
731 1602 786 1655 δὲ
815 1605 940 1663 τοὺς
968 1604 1271 1667 Ἰουδαίους,
1298 1603 1387 1667 οὓς
1421 1605 1513 1658 καὶ
1535 1607 1581 1657 οἱ
1605 1621 1729 1674 προ-

159 1691 329 1761 φῆται
373 1688 518 1745 οἷκον
581 1693 803 1747 ἐκάλουν
855 1695 1378 1766 παραπικραξνοντα.
1442 1694 1536 1757 Τίς
1595 1695 1725 1764 γὰρ,

160 1785 348 1854 φησὶν,
389 1786 418 1836 6
449 1785 899 1857 παραπικραίνων
929 1787 1096 1858 ἀλλ’ἢ
1129 1787 1160 1838 6
1185 1783 1330 1850 οἶκος
1373 1787 1587 1858 Ἰσραήλ
1608 1805 1622 1852 ;
1642 1785 1731 1856 Τῷ

159 1874 295 1942 γοῦν
322 1876 725 1949 παραπτώματι
757 1878 850 1930 τοῦ
908 1878 1120 1950 Ἰσραὴλ
1145 1879 1236 1931 ἐπὶ
1267 1878 1335 1931 τά
1365 1878 1490 1949 ἔθνη
1525 1879 1732 1931 ἐπεῖδεν

158 1968 190 2019 6
218 1967 441 2038 Κύριος.
478 1969 633 2023 Ὅθεν
662 1970 732 2040 μὴ
759 1970 1108 2038 ὑψούσθωσαν
1134 1973 1181 2024 οἱ
1212 1970 1445 2034 ἀσεϐεῖς,
1471 1971 1544 2034 ὼς
1578 1970 1734 2024 δυνά-

163 2077 318 2129 μενοι
341 2060 600 2114 ἀπολέσαι
628 2063 751 2121 τοὺς
782 2061 859 2133 τῷ
901 2063 1213 2134 Εὑαγγελίῳ
1247 2064 1729 2135 προσερχομένους·

159 2150 302 2204 ἀλλὰ
331 2152 452 2223 μηδ’
484 2156 511 2205 6
544 2153 850 2226 ὑπερόπτης
883 2154 1027 2218 λαὸς,
1064 2156 1230 2226 ἤγουν
1262 2156 1290 2207 ὁ
1329 2155 1564 2226 Ἰσραὴλ,
1591 2157 1730 2226 μέγα

160 2245 450 2313 φρονείτω,
477 2246 609 2316 μηδὲ
661 2246 798 2300 κατὰ
821 2246 920 2317 τῆς
956 2247 1062 2301 τῶν
1110 2247 1278 2300 ἐθνῶν
1331 2248 1564 2317 πληθύος
1596 2249 1733 2320 ὑψη-

157 2337 262 2408 λὴν
293 2340 563 2410 ἐπαιρέτω
603 2341 698 2412 τὴν
741 2343 930 2414 ὀφρύν.
971 2345 1061 2416 Μὴ
1112 2345 1313 2414 λεγέτω
1368 2345 1485 2399 καθ’
1519 2345 1726 2399 ἑαυτόν·

173 2429 319 2497 Ἐγὼ
350 2431 549 2500 γέγονα
605 2435 940 2503 πρωτότοκος
978 2438 1033 2489 ἐν
1064 2438 1271 2501 τέκνοις
1314 2438 1469 2492 Θεοῦ·
1517 2439 1647 2491 ἴστω
1675 2439 1731 2492 δὲ

163 2523 388 2592 μᾶλλον,
410 2524 491 2576 ὅτι
515 2542 653 2596 παρε
667 2526 888 2598 πίκρανε
919 2528 1008 2580 τὸν
1038 2529 1314 2583 κτίσαντα.
1358 2531 1447 2584 Διὸ
1478 2532 1570 2584 καὶ
1599 2549 1726 2600 μετ-

159 2612 392 2686 έστησεν
424 2616 516 2668 ἀπ’
557 2617 718 2670 αὐτοῦ
758 2618 855 2689 τὴν
888 2621 1206 2692 ἐπισκοπὴν.

1903 1417 2247 1480 Athanasius,
2282 1413 2558 1469 Eusebius.
2615 1412 2669 1466 Si
2718 1426 2842 1465 vero
2874 1408 3222 1478 spiritualitcr
3269 1405 3382 1460 [nec

1830 1511 2205 1580 accipiantur,
2262 1508 2451 1563 oculos
2499 1506 2590 1560 Dei
2651 1503 2924 1573 apostolos
2967 1501 3070 1554 dici
3117 1499 3384 1569 intellige-

1831 1618 1954 1657 mus
1981 1619 1992 1654 :
2019 1599 2404 1654 exacerbantes
2431 1612 2578 1661 vero,
2608 1594 2845 1659 Iudaeos,
2881 1609 3019 1664 quos
3046 1592 3208 1647 etiam
3255 1606 3380 1660 pro

1834 1695 2012 1765 pheta:
2038 1700 2300 1746 vocarunt
2317 1693 2535 1746 domum
2567 1686 2972 1745 exacerbantem
2993 1688 3053 1741 ⁸⁸.
3081 1687 3212 1752 Quis
3237 1686 3380 1740 enim

1832 1793 1935 1850 est,
1959 1785 2033 1838 ait
2066 1782 2224 1847 Deus,
2248 1783 2338 1852 qui
2367 1798 2451 1836 me
2476 1782 2778 1845 exacerbat,
2816 1779 2918 1834 nisi
2953 1778 3146 1833 domus
3185 1776 3385 1832 Israel?

1835 1873 1972 1928 Cum
2005 1872 2168 1942 igitur
2195 1869 2360 1925 Israel
2386 1870 2694 1932 excidisset,
2726 1869 2960 1937 respexit
2990 1867 3133 1922 Deus
3164 1867 3231 1921 ad
3257 1882 3384 1934 gen-

1833 1971 1934 2018 tes.
1983 1961 2249 2028 Quocirca
2308 1976 2414 2015 non
2463 1969 2546 2014 est
2596 1975 2693 2013 cur
2749 1975 2869 2014 sese
2919 1958 3068 2028 impii
3111 1957 3382 2027 jactitent,

1834 2055 1990 2126 quasi
2017 2057 2107 2124 qui
2155 2054 2516 2108 exterminare
2563 2051 2776 2122 possint
2805 2066 2899 2106 eos
2952 2054 3045 2121 qui
3092 2049 3383 2120 Evangelia

1834 2144 2138 2200 accedunt:
2170 2144 2278 2197 imo
2317 2158 2423 2195 non
2469 2151 2572 2205 est,
2609 2149 2666 2194 ut
2717 2139 2982 2209 superbus
3017 2139 3104 2193 ille
3135 2139 3383 2208 populus,

1835 2235 2087 2291 Israelem
2122 2236 2263 2298 dico,
2295 2235 2465 2288 altum
2521 2234 2714 2304 sapiat,
2762 2247 2936 2302 neque
2973 2233 3132 2286 etiam
3184 2231 3384 2284 elatum

1838 2329 1991 2384 tollat
2035 2327 2385 2398 supercilium
2432 2334 2621 2378 contra
2669 2324 2910 2394 gentium
2962 2322 3383 2377 multitudinem.

1836 2419 1913 2474 Ne
1936 2420 2079 2475 dicat
2109 2420 2247 2490 apud
2277 2420 2512 2489 seipsum
2541 2436 2554 2472 :
2586 2417 2696 2487 Ego
2723 2432 2841 2471 sum
2876 2416 3263 2486 primogenitus
3305 2415 3387 2469 in-

1835 2521 1916 2567 ter
1947 2513 2086 2567 filios
2132 2512 2247 2577 Dei,
2288 2512 2419 2582 quin
2450 2511 2631 2581 potius
2678 2511 2815 2565 sciat
2857 2511 3000 2579 quod
3044 2507 3388 2562 exacerbavit

1833 2604 2144 2658 Creatorem
2195 2620 2374 2658 suum.
2420 2602 2779 2669 Quamobrem
2828 2601 2990 2656 etiam
3033 2600 3119 2654 hic
3164 2600 3229 2654 ad
3260 2614 3386 2655 eum

1831 2695 2101 2764 respicere
2129 2695 2345 2751 desinit.

1277 2809 1476 2865 Eadem
1500 2813 1700 2865 ratione
1727 2813 1777 2865 in
1807 2812 1960 2866 verba
1986 2815 2272 2884 sequentia.

245 2900 605 2967 Ἀθανάσιος.
653 2902 794 2973 Πρὸς
836 2903 892 2956 δὲ
941 2903 1064 2955 νοῦν
1119 2905 1168 2956 οἱ
1219 2906 1505 2960 ἀπόστολοι
1535 2912 1645 2971 τοῖς
1675 2907 1732 2972 ἐξ

1904 2911 2246 2965 Athanasius.
2305 2909 2612 2966 Secundum
2667 2918 2898 2964 mentem
2950 2924 3099 2974 vero,
3155 2907 3388 2979 apostoli

158 2987 332 3042 ὲθνῶν
361 3006 540 3057 φασινο
561 2991 724 3043 Ὀταν
750 2991 1014 3062 ἀκούσητε
1043 2995 1166 3063 παρ’
1187 2995 1363 3064 ἡμῶν,
1391 2995 1508 3050 τίνα
1533 2999 1730 3070 τρόπον

1836 3001 1910 3056 sic
1934 3002 2282 3072 alloquuntur
2312 3005 2536 3074 gentiles
2570 3023 2582 3058 :
2617 3001 2716 3057 Ubi
2768 3002 3046 3058 audieritis
3091 3017 3154 3056 ex
3211 3000 3385 3064 nobis,

159 3081 432 3151 προσήκει
483 3081 800 3150 δοξολογεῖν,
851 3083 971 3136 τότε
1022 3084 1136 3154 μεθ’
1173 3087 1327 3156 ἡμῶν
1379 3089 1728 3159 εύλογήσατε,

1836 3094 2110 3161 quomodo
2147 3092 2290 3148 Deus
2316 3095 2385 3148 sit
2415 3095 2666 3148 laudibus
2707 3095 3083 3160 celebrandus,
3114 3104 3243 3148 tunc
3271 3093 3388 3148 lau-

157 3172 262 3225 οὖκ
287 3172 366 3224 ἔτι
392 3173 515 3235 τοὺς
533 3173 915 3245 ψευδωνύμους
941 3174 1114 3239 θεοὺς,
1142 3177 1275 3231 ἀλλὰ
1307 3179 1397 3232 τὸν
1422 3179 1551 3232 Θεὸν
1579 3181 1731 3252 ἡμῶν

1836 3185 1955 3238 date
1990 3185 2295 3248 nobiscum,
2334 3202 2438 3239 non
2467 3185 2579 3254 jam
2627 3186 2859 3256 amplius
2909 3185 3045 3240 falso
3095 3185 3174 3240 sic
3215 3185 3389 3240 dictos

156 3263 253 3318 τὸν
273 3265 374 3334 τῆς
394 3263 536 3336 ζωῆς
557 3265 775 3337 δοτῆρα.
822 3269 942 3340 Ζωὴ
971 3268 1078 3341 γὰρ
1114 3266 1180 3341 ἧν
1213 3273 1243 3341 ή
1275 3271 1365 3324 τοῦ
1411 3275 1731 3345 παραδείσου

1836 3277 1986 3341 deos,
2034 3277 2126 3332 sed
2181 3277 2349 3332 Deum
2405 3288 2650 3334 nostrum
2711 3278 2835 3332 vita:
2884 3277 3213 3347 largitorem.
3273 3274 3392 3336 Vita

157 3357 366 3428 τρυφὴ,
401 3359 459 3409 ὲν
490 3353 533 3426 ᾧ
556 3359 706 3413 ἔθετο
741 3362 770 3412 6
795 3359 926 3424 Θεὸς
964 3362 1054 3414 τὸν
1100 3362 1382 3433 ἄνθρωπον
1410 3367 1731 3436 ἐργάζεσθαι

1837 3384 2074 3438 namque
2109 3378 2229 3423 erat
2281 3371 2516 3440 paradisi
2551 3371 2800 3441 voluptas
2845 3388 2858 3424 :
2895 3370 2948 3424 in
3001 3385 3111 3439 quo
3136 3377 3392 3440 posuerat

158 3450 255 3504 καὶ
281 3449 574 3519 φυλάσσειν
609 3451 790 3504 αὑτὸν.

1839 3458 1982 3514 Deus
2013 3461 2308 3526 hominem,
2343 3470 2400 3516 ut
2425 3477 2549 3517 eum
2585 3463 2788 3517 coleret
2813 3470 2978 3532 atque
3004 3461 3316 3516 custodiret.

939 3567 1134 3623 Eodem
1164 3571 1315 3623 modo
1345 3573 1398 3625 in
1421 3574 1570 3626 verba
1591 3592 1608 3627 :
1646 3595 1663 3624 ι
1704 3578 1950 3630 Probasti
1977 3595 2089 3641 nos,
2122 3577 2282 3641 Deus,
2327 3597 2345 3631 ι
2381 3589 2503 3641 etc.,
2535 3594 2583 3634 υ.
2619 3579 2703 3631 10.

246 3660 628 3723 Ἀθανασίου,
679 3659 1000 3730 Κυρίλλου.
1031 3663 1104 3734 (ιι)
1164 3665 1306 3734 Πρὸς
1340 3665 1396 3720 δὲ
1453 3668 1576 3720 νοῦν
1635 3669 1733 3733 τὰς

160 3751 373 3821 θλίψεις
423 3751 520 3816 τὰς
570 3754 865 3824 γενομένας
905 3754 992 3808 διὰ
1029 3755 1088 3809 τὸ
1138 3758 1394 3828 κήρυγμα
1446 3761 1556 3823 τοῖς
1596 3762 1730 3814 ἀπο-

160 3845 373 3908 στόλοις
399 3845 459 3898 τὸ
514 3843 734 3916 Πνεῦμα
766 3851 1163 3918 προαναφωνεῖ,
1219 3853 1283 3903 ὲκ
1311 3850 1601 3922 προσώπου
1633 3847 1731 3906 αύ-

158 3938 269 3992 τῶν
299 3937 503 3999 ταύτας
533 3937 847 4006 καταλέγον.
879 3939 1087 4011 ’Ὠσπερ
1119 3941 1225 4014 γάρ
1276 3945 1303 3996 6
1335 3943 1571 4014 ἄργυρος
1602 3945 1732 4016 πυρὶ

161 4030 467 4101 τηκόμενος
497 4026 553 4083 εὖ
584 4030 726 4100 μάλα
756 4031 1183 4102 διακαθαίρεται,
1217 4035 1357 4089 οὕτω
1391 4036 1484 4089 καὶ
1537 4039 1589 4090 αἱ
1623 4037 1732 4090 τῶν

161 4123 340 4192 ἁγίων
371 4121 539 4194 ψυχαὶ
565 4122 764 4187 παντὸς
790 4123 1215 4178 ἀπαλλάττονται
1247 4125 1439 4197 ῥύπου,
1473 4132 1593 4191 ταῖς
1629 4129 1736 4182 τῶν

162 4215 488 4287 πειρασμῶν
546 4216 751 4283 ἐφόδοις
794 4215 1221 4287 προσϐάλλουσαι
1250 4218 1530 4282 νεανικῶς.
1567 4221 1736 4293 Καὶή

161 4308 348 4362 αὐτῶν
379 4308 726 4379 εύδοκίμησις
772 4308 859 4362 διὰ
883 4307 1174 4381 πυρώσεως
1196 4309 1423 4378 γίνεται,
1452 4311 1736 4383 δοκιμαζο-

165 4399 349 4470 μένων
377 4399 452 4462 ὠς
475 4398 561 4452 διὰ
586 4400 776 4470 πυρός.
809 4399 1022 4463 Ταύτας
1066 4399 1163 4464 τὰς
1207 4401 1388 4469 φωνὰς
1422 4406 1531 4466 τοῖς
1562 4405 1738 4472 ἁγίοις

1907 3673 2206 3739 Athanasii,
2238 3672 2448 3742 Cyrilli'.
2499 3673 2568 3728 At
2614 3687 2742 3727 vero
2773 3673 2838 3728 ad
2872 3673 3224 3738 intellectum,
3259 3688 3394 3743 prm-

1839 3765 1969 3820 dicit
1996 3765 2227 3835 Spiritus
2258 3776 2477 3822 sanctus
2529 3767 2861 3821 calamitates
2904 3765 3162 3836 apostolis
3194 3767 3392 3820 obvenv

1839 3868 1989 3914 turas
2029 3872 2246 3930 propter
2273 3863 2707 3930 praedicationem
2738 3860 3033 3931 Evangelii,
3066 3876 3394 3915 enumerans

1837 3963 1930 4003 eas
1962 3949 2013 4002 in
2048 3949 2418 4018 apostolorum
2463 3965 2714 4018 persima.
2747 3949 3210 4014 Quemadmodum
3249 3949 3392 4003 enim

1839 4048 2124 4108 argentum
2156 4038 2278 4109 igne
2302 4039 2648 4110 liquefactum
2678 4041 2878 4109 optime
2907 4050 3285 4110 perpurgatur,
3315 4040 3396 4096 sic

1839 4131 2000 4184 etiam
2058 4140 2367 4186 sanctorum
2441 4133 2634 4186 animae
2695 4133 3048 4186 tentatioimm
3106 4132 3395 4187 insultibus

1840 4232 2061 4277 strenue
2103 4224 2436 4289 resistentes,
2484 4226 2551 4279 ab
2575 4225 2829 4280 omnibus
2863 4227 3192 4280 mundantur
3221 4225 3396 4280 sordi-

1839 4312 1961 4368 hus.
1996 4313 2194 4368 Earum
2229 4326 2406 4370 autem
2429 4318 2676 4385 probatio
2704 4333 2798 4386 per
2825 4317 3254 4372 combustionem
3285 4317 3395 4372 ehi-

1840 4407 2018 4461 citur:
2055 4423 2178 4461 nam
2209 4424 2301 4477 per
2333 4409 2507 4478 ignem
2546 4409 2864 4479 probantur.
2897 4409 3004 4466 Has
3029 4426 3188 4479 porro
3241 4426 3396 4465 voces

166 4493 442 4563 μάρτυσιν
475 4493 503 4544 6
538 4491 746 4554 Παῦλος
766 4492 1097 4564 ἀνατίθησιν.
1144 4492 1300 4546 Ἀλλὰ
1330 4495 1424 4549 καὶ
1449 4497 1495 4548 οἱ
1521 4495 1606 4549 διὰ
1635 4513 1731 4549 πυ-

1843 4497 2007 4553 refert
2029 4500 2185 4554 divus
2201 4499 2404 4555 Paulus
2432 4502 2495 4555 ad
2527 4512 2744 4556 sanctos
2773 4511 3054 4572 martyres.
3076 4501 3393 4570 Quanquam

165 4585 258 4656 ρὸς
283 4585 382 4638 καὶ
414 4584 600 4646 ὕδατος
627 4585 720 4638 τοῦ
754 4585 962 4649 ζέοντος
992 4585 1182 4656 θυμοῦ,
1230 4588 1324 4639 καὶ
1356 4588 1455 4657 τῆς
1483 4589 1735 4659 διακεχυ-

166 4679 341 4749 μένης
397 4677 588 4747 ἡδονῆς
646 4679 739 4730 καὶ
797 4676 1086 4748 ἐπιθυμίας
1131 4677 1455 4742 διελθόντες,
1513 4680 1606 4733 καὶ
1659 4680 1734 4750 μὴ

163 4769 622 4838 ὲναπομείναντες
648 4768 856 4833 τούτοις
881 4772 993 4833 τοῖς
1020 4769 1265 4835 πάθεσιν,
1297 4771 1609 4842 εὑρίσκουσι
1639 4772 1735 4842 τὴν

163 4861 455 4931 ἀνάψυξιν.

1843 4593 2004 4644 etiam
2055 4593 2091 4646 ii
2144 4592 2485 4664 refrigerium
2545 4595 2938 4664 inveniuntqni
2980 4610 3072 4664 per
3123 4595 3298 4664 ignem
3344 4605 3397 4649 ct

1842 4698 2038 4752 aquam
2081 4683 2341 4740 ferventis
2376 4687 2486 4752 iras,
2520 4703 2583 4742 ac
2613 4686 2928 4741 diﬂ‘usarum
2963 4687 3297 4756 voluptatum
3333 4700 3398 4739 ac

1843 4777 2202 4845 cupiditatum
2246 4787 2646 4848 pertranseunt,
2693 4779 2738 4833 si
2779 4781 2830 4832 in
2885 4777 3187 4833 istiusmodi
3230 4775 3395 4830 animi

1845 4870 2192 4937 passionibus
2217 4886 2323 4924 non
2356 4871 2773 4940 permanserint.

934 4978 1067 5034 Item
1097 4983 1151 5034 in
1180 4981 1364 5034 verba:
1394 5000 1410 5033 ι
1447 4979 1683 5035 Introibo
1715 4982 1770 5036 in
1801 4983 2015 5038 domum
2043 4994 2207 5050 tuam,
2244 5003 2262 5035 ι
2291 4995 2414 5051 etc.,
2452 5002 2499 5038 υ.
2540 4985 2624 5039 1³5.

235 5095 319 5166 (5)
364 5093 730 5160 Ἀθανὰσιος.
765 5094 908 5166 Πρὸς
969 5094 1092 5147 νοῦν
1121 5096 1282 5164 φασὶν
1330 5096 1378 5148 οἱ
1408 5095 1692 5149 ἀπόστολοι
1722 5114 1734 5127 ·

165 5185 600 5258 Είσελευσόμεθα
624 5189 702 5250 είς
729 5187 818 5240 τὸν
868 5187 992 5241 ναὸν
1044 5188 1136 5241 τὸν
1184 5189 1504 5258 ἐπουράνιον
1535 5189 1632 5241 οὐκ
1681 5190 1738 5243 ὲν

1906 5099 2247 5155 Athanasius.
2304 5101 2383 5154 Ad
2435 5099 2763 5162 intellectum
2819 5114 2946 5154 vero
2983 5119 2995 5154 :
3026 5098 3349 5153 Intrabimus
3379 5141 3394 5161 ,

1838 5191 2090 5262 inquiunt
2135 5193 2394 5264 apostoli,
2452 5193 2504 5246 in
2555 5193 2774 5247 domum
2823 5191 3117 5249 caelestem,
3176 5203 3283 5242 non
3344 5188 3397 5240 in

166 5279 467 5348 αἰσθητοῖς,
523 5278 635 5332 ἀλλ’
669 5280 725 5331 ὲν
779 5282 988 5351 νοητοῖς
1035 5279 1493 5350 ὁλοκαυτώμασιν.
1551 5278 1731 5343 Ὅλους

1842 5287 2210 5351 sensibilibns,
2253 5287 2346 5341 sed
2379 5290 2431 5341 in
2466 5284 2894 5355 intelligibilibus
2923 5279 3395 5338 holocautomatis.

165 5373 276 5443 γάρ
308 5370 534 5432 ἑαυτοὺς
591 5367 858 5439 ἀνέθηκαν
908 5368 986 5438 τῷ
1029 5368 1148 5439 Θεῷ
1185 5372 1239 5424 ἐν
1266 5369 1414 5434 τάξει
1443 5370 1743 5425 ὁλοκαυτωο

170 5466 383 5533 μάτων.

237 5601 285 5632 ⁸³
310 5598 506 5654 Ezech.
544 5615 604 5663 ιι,
641 5599 676 5652 5
721 5608 776 5653 et
808 5613 957 5668 seqq.

240 5713 326 5857 (δῖ
351 5712 475 5769 Ηαξο
507 5714 724 5784 paulum
755 5713 965 5768 diversa
999 5729 1185 5782 supra.

242 5790 299 5857 (4
359 5783 481 5839 Hau:
512 5787 782 5855 superius,
815 5786 1032 5853 paulum
1067 5785 1185 5839 dive

242 5783 326 5858 (4)
359 5783 481 5839 Hau:
510 5783 782 5855 superius,
815 5786 1032 5853 paulum
1067 5785 1300 5840 diversa.

494 5884 763 5942 ΡΑτειοι..
797 5882 913 5939 Gn.
954 5881 1212 5941 XXVII.

1845 5377 1914 5432 Se
1969 5394 2204 5448 namque
2259 5387 2423 5442 totos,
2481 5377 2652 5432 instar
2703 5376 3238 5436 holocautomatum,
3289 5370 3396 5423 Deo

1846 5486 2104 5527 consecra
2115 5481 2255 5525 runt.

1916 5716 1992 5785 (5)
2023 5713 2144 5770 Haec
2178 5716 2447 5785 superius,
2483 5715 2575 5773 sed
2601 5714 2864 5769 breviora.

3089 5872 3165 5934 19
