4090 6312
731 318 832 373 587

1603 320 1655 374 S.
1699 321 2061 377 ATHANASII
2102 321 2249 379 OPP.
2293 325 2467 381 PARS
2505 328 2588 382 111.
2632 362 2696 370 ——
2737 329 3140 388 EXEGETICA.

3755 330 3939 424 ⁴588

2047 435 2229 490 Adhuc
2258 438 2310 490 iu
2342 444 2622 510 sequentia.

798 545 1134 612 Athanasius,
1184 547 1445 618 Cyrillus,
1490 549 1742 602 Basilius.
1808 549 1930 607 Hac
1985 563 2068 608 est
2120 555 2350 620 altiorA

728 640 1035 693 sententia:
1076 638 1268 696 Omnia
1319 651 1446 694 sunt
1489 643 1808 711 spiritualia,
1855 655 1908 698 et
1967 645 2279 699 liolocanto-

727 737 893 794 mata,
920 742 973 784 et
1007 736 1190 795 boves,
1237 743 1286 785 et
1324 733 1480 799 hirci,
1511 750 1648 803 quos
1693 735 1999 789 oblaturum
2048 753 2105 789 se
2150 753 2276 806 pro-

725 822 910 876 mittit.
945 823 1285 877 Sacriﬁcium
1319 842 1534 894 quoque
1562 827 1786 880 oll‘ertur
1837 843 1958 882 cum
1997 828 2278 884 arietibus.

727 912 864 969 Sunt
895 932 1020 970 vero
1068 919 1264 972 arietes
1314 930 1492 974 motus
1533 930 1692 990 atque
1737 922 1968 991 impetus
2001 924 2166 977 animi
2215 923 2282 977 ab

725 1007 987 1064 irascibili
1015 1013 1130 1081 ejus
1178 1023 1326 1082 parte
1359 1015 1575 1069 excitati
1605 1034 1617 1069 :
1664 1026 1756 1070 aut
1792 1027 1936 1071 certe.
1984 1019 2275 1072 ratiocina-

723 1102 899 1156 tiones
939 1107 1178 1159 rectrieis
1217 1109 1412 1162 anima:
1453 1108 1744 1171 facultatis,
1795 1111 2074 1178 passiones
2119 1112 2274 1181 quasi

721 1195 979 1250 cornibus
1017 1207 1258 1264 petentes
1291 1211 1343 1253 et
1377 1200 1772 1269 impugnautes.
1807 1201 1999 1256 Bovem
2035 1218 2160 1256 vero
2189 1220 2274 1256 sa-

719 1289 946 1354 criﬁcat,
981 1293 1066 1359 qui
1101 1293 1339 1361 seipsum
1378 1292 1484 1347 Deo
1509 1294 1658 1346 oll‘ert
1691 1296 1918 1348 hostiam
1954 1296 2148 1359 vivam,
2181 1312 2274 1364 per

721 1381 960 1434 actiones
993 1383 1264 1437 ltouesms.
1313 1383 1482 1438 llabet
1530 1387 1673 1439 enim
1726 1385 1821 1444 bos
1861 1383 2270 1440 similitudinem

717 1474 1004 1539 quamdam
1049 1489 1172 1528 cum
1238 1491 1461 1543 corpore
1511 1491 1575 1529 ex
1625 1484 1764 1528 terra
1824 1474 2095 1538 formato,
2146 1493 2267 1530 cum

717 1570 872 1616 terra:
918 1565 1153 1620 colenda:
1196 1567 1536 1621 adhibeatur.
1586 1565 1726 1621 llirci
1773 1581 1897 1620 vero
1931 1577 2058 1620 sunt
2105 1585 2267 1637 opera

2460 559 2818 626 'Adardo'toc,
2853 558 3170 627 Κύριλλος,
3200 560 3532 624 Βασίλειος.
3567 557 3710 628 Πρὸς
3743 558 3797 611 δὲ
3834 557 3940 612 διά-

2379 666 2541 702 νοιανο
2576 651 2919 719 Πνευματικὰ
2950 651 3123 703 πάντα
3152 651 3243 702 καὶ
3289 649 3355 702 τὰ
3383 647 3821 717 ὁλοκαυτώματα,
3851 649 3940 700 καὶ

2378 745 2426 794 οἱ
2468 743 2605 813 βόες,
2640 745 2728 796 καὶ
2749 746 2796 796 oi
2823 745 3061 813 χίμαροι,
3085 743 3176 806 οὓς
3208 742 3499 796 ἀποδώσειν
3529 741 3936 810 ἐπαγγέλλεται.

2383 835 2489 886 Καὶ
2532 835 2666 903 μετά
2697 834 2862 903 κριῶν
2891 835 2947 888 δὲ
2994 834 3272 905 προσφορά
3315 834 3536 902 γίνεται.
3565 833 3685 885 Εἰσὶ
3714 832 3768 883 δὲ
3799 833 3939 901 κριοὶ

2384 926 2618 994 κινήσεις
2650 927 2740 979 καὶ
2765 926 2931 996 ὁρμαὶ
2956 926 3060 978 ἀπὸ
3109 925 3200 978 τοῦ
3253 923 3482 994 θυμικού
3508 923 3604 990 τῆς
3644 921 3814 992 ψυχῆς
3847 923 3940 988 τὴν

2381 1018 2553 1086 ὁρμὴν
2576 1017 2812 1087 ἔχουσαι,
2853 1019 2884 1089 ἢ
2923 1017 3168 1086 λογισμοὶ
3207 1018 3519 1086 ἡγεμονικοὶ
3557 1016 3624 1068 τὰ
3675 1013 3816 1082 πάθη
3853 1030 3942 1064 κε-

2379 1111 2706 1180 ρατίζοντες.
2740 1108 2873 1162 Βοῦν
2906 1108 2961 1161 δὲ
3011 1109 3284 1180 ίερουργεί
3336 1110 3363 1160 ό
3411 1105 3702 1177 προσάγων
3755 1104 3938 1156 θυσίαν

2376 1201 2552 1264 ζῶσαν
2581 1202 2768 1253 ἐαυτὸν
2797 1200 2882 1253 διὰ
2906 1200 3172 1271 πράξεως.
3215 1200 3487 1268 Ἀναλογεῖ
3511 1199 3616 1269 γὰρ
3649 1198 3726 1268 τῷ
3756 1199 3816 1248 ἐκ
3843 1197 3940 1264 τῆς

2375 1295 2474 1362 γῆς
2509 1293 2792 1346 πλασθέντι
2838 1292 3067 1363 σώματι,
3107 1293 3375 1360 γεωπόνον
3436 1293 3676 1362 ὑπάρχον
3712 1290 3772 1342 τὸ
3804 1290 3938 1352 ζῶον

2372 1387 2399 1438 ό
2431 1385 2574 1454 βοῦς.
2607 1386 2842 1456 Χίμαροι
2882 1385 2938 1437 δὲ
2972 1385 3040 1436 τὰ
3098 1385 3380 1455 μετανοίας
3411 1385 3566 1454 ἔργα·
3601 1383 3728 1453 περὶ
3758 1384 3936 1451 ἀμαρ-

2375 1477 2492 1541 τίας
2530 1478 2637 1549 γὰρ
2683 1478 3096 1548 προσεφέροντο.
3149 1477 3404 1547 Θυμίαμα
3431 1476 3487 1528 δέ
3539 1478 3572 1545 ἡ
3597 1474 3940 1527 ἁποπνέουσα

2374 1570 2478 1621 τῶν
2515 1571 2766 1641 καθαρῶν
2798 1569 2981 1641 ψυχῶν
3017 1569 3231 1622 εὐωδία.

714 1657 1132 1726 resipiscentite:
1169 1663 1242 1714 illi
1284 1677 1516 1731 namque
1571 1677 1667 1731 pro
1716 1671 1931 1730 peccato
1984 1662 2362 1719 oll‘erebantur.
2401 1663 2618 1721 Sumtus
2649 1679 2826 1721 autem
2868 1677 2948 1721 est
2987 1666 3164 1722 bonus
3194 1665 3326 1720 odor
3359 1680 3517 1736 quem
3553 1679 3702 1734 purae
3751 1661 3939 1716 anima

709 1749 980 1804 exhalant.

1709 1846 1775 1900 Et
1799 1850 1850 1901 in
1879 1849 2072 1903 verba:
2109 1867 2124 1898 ι
2172 1847 2369 1914 Venite,
2401 1849 2599 1911 audite,
2640 1867 2657 1898 ι
2691 1858 2813 1910 etc.,
2860 1846 2941 1900 16.

782 1957 1119 2011 Athanasius.
1151 1959 1394 2030 Apostoli
1423 1960 1640 2030 quidem
1673 1975 1777 2014 non
1805 1976 1983 2014 rerum
2017 1961 2264 2030 autiqua-
2299 1971 2338 2025 Β

713 2063 831 2101 rum
874 2063 1134 2104 renovant
1167 2051 1486 2104 memoriam
1519 2068 1530 2103 :
1566 2050 1658 2105 sed
1695 2050 1929 2106 recentia
1970 2050 2264 2105 Salvatoris

713 2143 880 2196 nostri
914 2143 1180 2197 mirantur
1229 2158 1414 2213 opera,
1448 2159 1566 2214 qua:
1621 2143 1666 2200 is
1719 2146 1963 2200 omnium
2016 2155 2262 2199 nostrum

709 2235 994 2290 animabus
1034 2236 1258 2306 largitus
1289 2247 1389 2290 est.

2449 1959 2808 2022 Ἀθανάσιος.
2871 1959 2932 2010 Οἱ
2989 1957 3171 2027 μέντοι
3230 1953 3511 2008 ἀπόστολοι
3561 1954 3660 2006 οὐκ
3702 1954 3940 2024 ἀρχαίων

2369 2055 2717 2126 διηγημάτων
2745 2051 3021 2104 ποιοῦνται
3057 2050 3292 2120 μνήμην·
3328 2048 3460 2102 ἀλλά
3485 2046 3553 2100 τὰ
3582 2047 3678 2100 νέα
3703 2046 3798 2100 τοῦ
3838 2047 3939 2098 Σω-

2369 2147 2530 2219 τῆρος
2579 2145 2733 2215 ἡμῶν
2792 2141 3128 2214 θαυμάζουσι
3186 2139 3606 2211 κατορθώματα,
3667 2141 3769 2193 ὅσα
3822 2140 3939 2202 ταῖς

2368 2237 2618 2290 ἀπάντων
2648 2235 2801 2306 ἡμῶν
2829 2235 3023 2305 ψυχαῖς
3054 2231 3363 2305 ἐχαρίσατο.

1321 2354 1452 2408 Item
1478 2357 1528 2408 iu
1554 2356 1691 2425 psal.
1717 2371 1861 2408 vait
1894 2356 2083 2409 verba:
2117 2375 2133 2407 ι
2175 2353 2320 2410 Sicut
2344 2355 2517 2424 deﬁcit
2556 2355 2751 2423 fumus,
2783 2353 3050 2422 deﬁciant,
3091 2371 3107 2404 ι
3143 2363 3266 2418 etc.,
3299 2351 3348 2406 3.

780 2471 1078 2524 Athanasii.
1119 2470 1434 2524 Peccatores
1460 2487 1584 2526 vero
1619 2471 1853 2527 fortasse
1880 2473 2136 2526 dicuntur
2163 2472 2264 2542 ipsa

707 2562 982 2617 daemones
1016 2561 1222 2631 peccati
1253 2562 1561 2616 inventores
1589 2581 1600 2616 :
1657 2563 1749 2633 qui
1779 2563 1942 2617 etiam
1989 2573 2047 2617 ut
2082 2562 2265 2616 fumus

707 2653 987 2719 deficiunt,
1025 2670 1054 2708 a
1089 2665 1277 2709 sancto
1306 2653 1509 2723 Spiritu
1542 2656 1781 2710 submoti
1807 2672 1869 2710 ac
1895 2657 2128 2725 dispersi
2156 2673 2170 2708 :
2215 2665 2268 2709 et

705 2753 766 2798 ut
812 2761 934 2799 cera
979 2745 1260 2816 liqueﬁunt
1302 2749 1720 2801 succumbentes
1751 2749 2000 2801 adventui
2037 2748 2262 2814 Christi,

701 2838 796 2907 qui
829 2838 967 2907 ignis
997 2839 1197 2890 dicitur
1224 2853 1553 2892 consumens
1587 2839 2009 2906 improbitatem.
2041 2840 2116 2894 De
2156 2857 2263 2895 cas-

703 2937 820 2982 tero
851 2929 1062 2982 sublata
1106 2930 1410 2983 dmmunum
1457 2931 1757 3000 tyrannide,
1787 2933 1880 3002 qui
1926 2948 1988 2986 ex
2042 2933 2145 2986 ﬁde
2174 2935 2261 3004 ju-

701 3020 916 3074 stilleati
944 3031 1088 3085 sunt,
1117 3020 1385 3076 laetantur.

2457 2472 2831 2525 Ἀθανασίου.
2868 2471 3016 2539 Τάχα
3038 2469 3092 2522 δὲ
3117 2466 3426 2539 ἁμαρτωλοὶ
3452 2469 3499 2523 οἱ
3533 2466 3632 2536 τῆς
3668 2467 3936 2538 ἁμαρτίας

2371 2565 2586 2634 εὑρεταὶ
2612 2564 2879 2633 δαίμονες·
2917 2563 2964 2614 οἳ
2997 2561 3088 2613 καὶ
3142 2561 3216 2623 ὡς
3246 2560 3448 2622 καπνὸς
3492 2559 3827 2624 ἐκλείπουσι,
3863 2577 3936 2630 τῳ

2370 2657 2507 2725 ἁγίῳ
2546 2655 2817 2723 Πνεύματι
2852 2654 3191 2721 ἐλαυνόμενοι
3243 2653 3339 2706 καὶ
3377 2651 3813 2719 σκεδαννύμενοι·
3848 2651 3936 2703 καὶ

2367 2750 2440 2811 ὡς
2472 2750 2635 2818 κηρὸς
2693 2748 2946 2816 τήκονται
2998 2745 3353 2815 ὑπορρέοντες
3413 2747 3476 2814 τῇ
3510 2743 3804 2813 ἐπιφανείᾳ
3846 2742 3934 2796 τοῦ

2367 2838 2619 2910 Χριστοῦ,
2651 2838 2707 2902 ὃς
2742 2838 2851 2908 πῦρ
2898 2836 3111 2904 λεγεται
3171 2834 3559 2888 καταναλίσκον
3599 2834 3698 2904 τὴν
3735 2831 3935 2904 μοχθη-

2368 2930 2508 3001 ρίαν.
2559 2931 2664 2983 Καὶ
2692 2928 2872 2981 λοιπὸν
2894 2928 2941 2979 οἱ
2967 2926 3340 2989 δικαιωθέντες
3379 2927 3440 2978 ἐκ
3474 2925 3725 2987 πίστεως,
3771 2941 3936 2977 κατα-

2366 3021 2613 3092 λυθείσης
2665 3023 2762 3092 τῆς
2819 3019 3125 3091 τυραννίδος
3189 3018 3297 3072 τῶν
3353 3017 3652 3087 δαιμόνων,
3707 3017 3934 3088 εὐφραίο

2366 3132 2560 3166 νονται.

1365 3226 1498 3281 ltem
1527 3229 1581 3280 in
1609 3227 1838 3295 ejusdem
1861 3230 2050 3296 psalmi
2078 3229 2263 3282 verba:
2309 3249 2326 3281 ι
2370 3228 2560 3284 Parate
2592 3233 2728 3284 viam
2753 3232 2821 3295 ei,
2852 3230 2960 3298 qui,
3003 3249 3019 3279 ι
3054 3237 3177 3290 etc.,
3209 3228 3260 3280 5.

768 3337 1002 3399 Eusebii,
1038 3337 1335 3391 Athanasii.
1360 3338 1423 3393 Et
1452 3340 1532 3393 sol
1554 3355 1768 3410 quoque
1799 3341 2125 3410 illejnstitize
2148 3341 2259 3394 for-

2428 3347 2739 3407 Εὑσεϐιόυ,
2786 3343 3160 3398 Ἀϐανασίοιο.
3214 3341 3321 3394 Καὶ
3370 3343 3397 3393 ὁ
3434 3340 3532 3409 τῆς
3587 3339 3938 3409 δικαιοσύνης

697 3443 842 3480 mam
873 3425 1014 3482 servi
1055 3428 1380 3496 suscipiens,
1414 3444 1476 3482 ac
1507 3430 1685 3483 radios
1715 3429 1926 3484 deitatis
1959 3447 2070 3485 sua:
2099 3433 2255 3501 quasi

697 3515 1030 3582 subducens,
1076 3517 1250 3587 deque
1299 3518 1437 3572 caalo
1483 3518 1841 3583 descendens,
1897 3519 1948 3572 in
2007 3533 2252 3587 corpore,

694 3609 808 3663 imo
841 3623 972 3662 vero
1015 3608 1177 3662 etiam
1230 3607 1282 3661 in
1332 3609 1447 3676 ipsa
1487 3618 1684 3670 morte,
1736 3608 1955 3662 sustulit
2006 3609 2255 3662 tenebras

694 3698 981 3753 hominum
1010 3698 1207 3752 animis
1240 3697 1465 3751 oﬂ‘usas.
1501 3699 1565 3751 Et
1595 3697 1719 3752 licet
1748 3699 1800 3752 in
1831 3708 2068 3752 nostram
2097 3713 2256 3751 vene-

694 3796 765 3850 rit
791 3802 1186 3864 paupertatem,
1223 3795 1606 3864 propriamquc
1637 3795 1866 3866 gloriam
1914 3811 2006 3852 per
2035 3809 2255 3849 oecono-

693 3889 860 3943 miam
896 3887 1086 3942 umbra
1113 3886 1516 3956 quodammodo
1542 3888 1864 3953 obscurarit,
1899 3902 2020 3941 cum
2057 3887 2119 3940 ad
2152 3886 2253 3940 Ιιο-

690 3981 868 4036 mines
892 3980 1263 4039 descenderet,
1297 3994 1360 4033 ac
1390 3995 1610 4032 carnem
1641 3979 1949 4033 inhabitare
1979 3979 2250 4048 erupisset,

689 4071 1050 4128 nihilominus
1083 4081 1260 4125 tamen
1308 4069 1572 4124 Dominus
1612 4081 1694 4124 est
1725 4086 1916 4124 nomen
1967 4072 2088 4139 ipsi.
2119 4068 2250 4123 Nam

689 4164 854 4217 etiam
885 4163 1048 4217 homo
1075 4161 1251 4216 factus
1280 4175 1386 4215 non
1417 4162 1579 4216 desiit
1627 4177 1746 4216 esse
1791 4159 1952 4216 Deus.
1985 4160 2251 4214 Julientur

690 4256 856 4327 igitur
896 4256 1068 4311 sancti
1101 4255 1328 4326 apostoli
1370 4256 1454 4310 his
1500 4255 1699 4320 verbis,
1749 4263 1806 4309 ut
1837 4255 2169 4309 exsultantes
2202 4265 2254 4309 et

690 4349 977 4404 laudantes
1007 4348 1164 4419 pleno
1196 4365 1356 4403 cursu
1386 4349 1450 4404 ad
1484 4349 1711 4420 gentiles
1739 4347 2000 4412 ferantur,
2020 4363 2082 4402 ac
2107 4349 2250 4402 viam

688 4442 998 4496 animarum
1047 4441 1289 4510 ipsorqu
1326 4457 1420 4509 per
1451 4441 1892 4510 praedicationem
1945 4450 2251 4512 praeparent

688 4536 1068 4591 universorum
1100 4533 1251 4605 Regi.
1284 4532 1523 4589 Occasus
1560 4549 1685 4587 vero
1727 4534 1887 4587 etiam
1921 4549 1984 4589 ac
2036 4542 2247 4596 noctes.

685 4629 938 4686 fortassis
963 4639 1088 4685 sunt
1112 4631 1324 4695 animae,
1349 4646 1470 4700 qua:
1491 4645 1554 4684 ex
1583 4630 1696 4684 sole
1721 4630 1945 4699 justitias
1967 4630 2246 4685 excident:

2358 3439 2524 3510 ἥλιος,
2557 3439 2766 3509 μορφὴν
2803 3438 2986 3490 δούλου
3051 3434 3246 3498 λαϐὼν,
3299 3434 3392 3487 καὶ
3455 3435 3552 3497 τὰς
3580 3435 3807 3498 ἀκτῖνας
3839 3435 3937 3504 τῆς

2356 3531 2516 3584 αὑτοῦ
2551 3530 2736 3600 ῶσπερ
2763 3529 3040 3591 συστείλας
3069 3527 3336 3596 θεότητος,
3372 3527 3464 3579 καὶ
3493 3525 3725 3589 καταδὺς
3773 3529 3834 3580 ἐν

2358 3625 2586 3694 σώματι,
2621 3624 2770 3693 ῆκαὶ
2787 3627 2847 3678 ἐν
2884 3622 3029 3692 αὐτῷ
3059 3621 3134 3691 τῷ
3170 3622 3402 3689 θανάτῳ,
3443 3622 3502 3673 τὸ
3552 3621 3937 3691 κατακεχυμέο

2356 3733 2443 3768 νον
2479 3716 2583 3768 τῶν
2613 3715 2960 3784 ἀνθρωπείων
2999 3714 3182 3783 ψυχῶν
3229 3713 3415 3775 σκότος
3477 3712 3748 3781 ἀπήλασε.
3787 3713 3936 3782 Πλὴν

2355 3809 2400 3860 εί
2427 3807 2520 3861 καὶ
2550 3808 2647 3877 τῆς
2677 3807 2945 3878 ἡμετέρας
2979 3804 3145 3874 ἐπέϐη
3182 3804 3469 3874 πτωχείας.
3489 3804 3584 3856 καὶ
3605 3803 3702 3874 τὴν
3722 3803 3936 3857 οἰκείαν

2352 3898 2702 3968 οἰκονομικῶς
2733 3898 3049 3952 συνεσκίασε
3079 3896 3254 3961 δόξαν.
3314 3896 3410 3966 τὴν
3463 3898 3540 3958 είς
3606 3894 3934 3966 ἀνθρώπους

2355 3989 2718 4060 ποιησάμενος
2762 3987 2989 4059 πάροδον
3031 3988 3123 4041 καὶ
3168 3986 3266 4059 τὴν
3319 3987 3581 4058 ἐνσαρκον
3638 3987 3765 4058 ἐνδη
3777 3987 3933 4057 μίαν,

2352 4082 2462 4134 ἀλλ’
2495 4078 2586 4134 οὖν
2619 4081 2821 4152 Κύριος
2845 4081 3012 4152 ὄνομα
3034 4081 3197 4153 αὐτῷ.
3233 4083 3339 4135 Καὶ
3381 4081 3488 4151 γὰρ
3521 4080 3817 4152 ἄνθρωπος
3846 4097 3936 4149 γε-

2352 4175 2522 4242 γονὼς
2554 4176 2653 4228 οὐκ
2704 4174 2942 4228 ἁπέόαλε
2993 4176 3052 4228 τὸ
3091 4171 3226 4227 εἶναι
3284 4173 3435 4235 Θεός.
3487 4173 3880 4244 Παρακελεύετ
3921 4193 3936 4226 ι

2351 4266 2576 4321 τοίνυνό
2627 4266 2782 4336 λόγος
2810 4271 2921 4331 τοῖς
2975 4269 3135 4338 ἱεροῖς
3178 4266 3494 4327 ἀποστόλοις
3528 4267 3668 4336 μετά
3711 4269 3937 4337 χορείας

2352 4361 2443 4413 καὶ
2473 4361 2742 4430 ύμνῳδίας
2777 4361 2855 4423 είς
2887 4359 2956 4413 τὰ
2977 4359 3100 4431 ἔθνη
3138 4360 3382 4430 δραμεῖν,
3404 4358 3499 4412 καὶ
3528 4358 3625 4429 τὴν
3656 4359 3776 4412 ὁδὸν
3830 4359 3937 4411 τῶν

2350 4451 2534 4522 ψυχῶν
2563 4451 2740 4504 αὐτῶν
2788 4452 3102 4523 εὐτρεπίσαι
3130 4452 3206 4522 τῷ
3250 4451 3357 4504 τῶν
3405 4451 3540 4503 ὅλων
3587 4450 3940 4520 παμϐασιλεῐ

2349 4544 2438 4597 διὰ
2460 4544 2552 4597 τοῦ
2588 4545 2956 4616 κηρύγματος.
2985 4541 3108 4598 Εἶεν
3137 4544 3180 4597 δ’
3201 4544 3266 4597 ἂν
3299 4543 3500 4613 δυσμαὶ
3527 4543 3708 4596 εἴτουν
3736 4544 3938 4604 νύκτες

2351 4635 2443 4687 καὶ
2470 4637 2523 4689 αί
2554 4636 2647 4689 τοῦ
2677 4637 2773 4706 τῆς
2801 4635 3144 4705 δικαιοσύνης
3187 4635 3338 4706 ήλίου
3369 4634 3703 4689 ἐκπεσοῦσαι
3737 4635 3936 4706 ψυχαῦ

685 4737 718 4777 a
747 4723 945 4792 quibus
973 4721 1225 4782 Christus
1247 4723 1451 4777 erroris
1480 4723 1729 4778 tenebras
1758 4721 2061 4793 depulerat,
2090 4723 2243 4777 inha-
2277 4710 2284 4757 λ

2362 4720 2422 4779 ὒν
2450 4727 2680 4798 Χριστὸς
2707 4728 2797 4780 τὸν
2829 4728 2929 4798 τῆς
2957 4727 3163 4798 πλάνης
3193 4725 3353 4797 ζόφον
3386 4726 3672 4796 ἐξήλασεν,
3714 4729 3939 4797 ἐνοική-

683 4819 863 4875 bitans
889 4819 1021 4888 ipsis
1052 4834 1146 4889 per
1179 4818 1359 4873 tidem.

2350 4833 2446 4882 σας
2476 4820 2659 4883 αὑταῖς
2681 4819 2765 4872 διὰ
2790 4820 3041 4882 πίστεως.

1283 4931 1416 4987 Item
1451 4934 1500 4987 in
1539 4934 1728 5002 psalm.
1757 4950 1903 4988 Lxxn
1939 4933 2130 4988 verba:
2163 4936 2270 4988 Kal

2362 4936 2591 4990 τὲλαϐων
2618 4936 2713 4988 τοῦ
2745 4935 2965 4998 γνῶναι,
3000 4945 3124 4998 etc.,
3156 4953 3202 4989 tt.
3233 4933 3317 4988 16.

748 5090 814 5146 At
838 5091 1136 5147 secundum
1168 5089 1228 5143 D.
1259 5089 1612 5144 Athanasium
1640 5091 1716 5144 ait
1749 5090 1938 5151 David,
1969 5105 2092 5145 cum
2122 5091 2239 5144 exi-

680 5185 956 5240 stimarem
1001 5198 1163 5253 posse
1213 5199 1297 5238 me
1345 5199 1677 5252 cognoscere
1713 5193 1818 5238 tam
1853 5182 2118 5253 profunda
2150 5192 2238 5237 tua

673 5282 902 5354 judicia,
939 5279 1146 5350 conjeci
1179 5295 1262 5333 me
1290 5280 1341 5331 in
1375 5277 1650 5332 molestias
1683 5296 1692 5328 :
1729 5291 1852 5330 cum
1889 5276 1976 5331 illa
2008 5276 2118 5330 sint
2151 5276 2227 5328 in-

678 5373 1014 5428 scrutabilia.
1063 5371 1129 5424 Et
1165 5380 1342 5424 tamen
1382 5370 1634 5422 idoneum
1679 5381 1868 5420 eorum
1903 5381 2233 5435 cognoscen-

677 5465 868 5520 dorum
904 5475 1113 5532 tempus
1159 5461 1288 5516 mibi
1323 5460 1608 5529 acquisivi.
1643 5458 1694 5512 Id
1740 5474 1864 5512 vero
1910 5468 1992 5512 est
2021 5467 2230 5526 tempus

678 5548 889 5624 iudicii,
919 5555 1138 5624 quando
1188 5552 1381 5607 reddes
1413 5551 1704 5619 unicuique
1732 5549 2030 5605 secundum
2071 5563 2232 5618 opera

750 5730 824 5803 (6)
847 5728 967 5787 Haec
993 5733 1262 5801 superius,
1299 5730 1390 5784 sed
1424 5729 1691 5782 breviora.

2420 5090 2491 5159 (6)
2523 5091 2675 5144 Κατά
2702 5091 2755 5144 δὲ
2783 5091 2869 5144 τὸν
2892 5091 3030 5144 θεῖον
3057 5091 3388 5152 Ἀθανάσιον,
3416 5091 3752 5161 ὑπονοήσας,
3777 5093 3936 5162 φησὶ,

2348 5181 2413 5234 τά
2443 5181 2584 5234 οὕτω
2617 5181 2784 5251 βαθέα
2823 5180 3025 5249 γνῶναι
3057 5181 3322 5250 κρίματα,
3364 5183 3420 5233 ἐν
3482 5179 3638 5248 κόπῳ
3669 5181 3940 5234 ἐνέὸαλον

2345 5272 2599 5342 ἐμαυτὸν,
2633 5273 2725 5325 ἆτε
2751 5272 3182 5343 ἀνεξερευνήτων
3210 5273 3398 5326 ὄντων.
3445 5270 3592 5342 Πλὴν
3616 5271 3711 5324 τὸν
3743 5272 3939 5325 δέοντα

2345 5366 2422 5427 είς
2453 5365 2550 5436 τὴν
2579 5364 2782 5418 τούτων
2823 5364 3022 5432 γνῶσιν
3084 5364 3302 5435 ἐμαυτῷ
3335 5363 3675 5434 πεπόρισμαι
3713 5365 3935 5434 καιῴν.

2341 5449 2506 5517 Οὗτος
2541 5454 2594 5506 δὲ
2628 5449 2694 5524 ἧν
2717 5456 2743 5506 ό
2768 5454 2859 5507 τοῦ
2890 5455 3235 5525 δικαστηρίου
3265 5455 3472 5526 καιρὸς,
3496 5456 3584 5507 ὅτε
3621 5454 3939 5519 ἀποδώσεις

2342 5547 2553 5616 ἑκάστῳ
2589 5546 2728 5599 κατά
2756 5547 2822 5600 τὰ
2856 5546 2990 5618 ἔργα
3020 5548 3203 5602 αὐτοῦ.
3250 5548 3381 5602 Τότε
3441 5548 3550 5620 γὰρ
3599 5547 3861 5619 ἀκριϐῶς
3890 5548 3940 5603 εί
