4090 6312
123 352 222 408 589
1097 350 1526 408 FRAGMENTA
1564 348 1919 406 COMMENT.
1957 347 2022 402 IN
2067 347 2411 405 PSALMOS.
3283 354 3388 411 590

126 475 441 549 μικρόψυχοι
470 477 727 541 εἴσονται,
785 480 968 531 ὁποῖον
998 478 1098 549 μὲν
1128 481 1161 549 ἡ
1209 478 1400 550 ἀρετὴ,
1436 478 1617 530 ὁποῖον
1648 475 1705 527 δὲ
1736 524 1741 533 ,

1773 490 1933 533 ,sua.
1980 471 2135 527 Tunc
2166 472 2311 526 enim
2360 482 2613 527 accurate
2649 484 3003 543 cognoscent,
3054 475 3148 547 qui
3202 474 3388 530 animo

124 567 367 638 ἡκακία.
1811 563 2033 617 fuerunt
2081 562 2419 624 remissiore,
2467 563 2646 631 qualis
2696 579 2784 618 res
2832 563 2905 617 sit
2942 564 3153 629 virtus,
3206 564 3390 636 qualis

1803 656 1968 710 etiam
1997 653 2227 707 malitia.

726 770 790 825 Et
821 773 875 825 in
919 772 1057 842 psal.
1084 771 1313 841 ejusdem
1337 772 1489 826 verba
1514 786 1530 823 :
1568 789 1584 820 ι
1622 768 1764 835 Quid
1786 771 1923 824 enim
1954 770 2085 823 mihi
2114 781 2190 824 est
2220 770 2274 822 in
2304 770 2452 835 coelo,
2489 790 2506 819 ι
2535 780 2659 836 etc.,
2688 771 2778 826 25.

192 891 266 962 (7)
294 893 453 945 Κατὰ
483 891 540 944 δὲ
588 890 678 943 τὸν
734 892 875 960 ἱερὸν
917 891 1255 945 Ἀθανάτων·
1304 890 1522 963 Ἐπειδὴ
1548 890 1701 943 οὐδέν

1881 892 1951 944 At
1979 891 2276 945 secundum
2309 899 2559 945 sanctum
2591 891 2949 947 Athanasium
2978 912 2991 947 :
3028 892 3384 965 Quandoqui-

126 1003 233 1055 μοι,
267 986 452 1055 φησὶν,
487 984 719 1056 ὑπάρχει
749 987 806 1037 ὲν
852 986 928 1055 τῷ
965 984 1181 1056 οὐρανῷ
1216 986 1356 1056 πλὴν
1392 984 1485 1038 σοῦ
1514 985 1700 1055 μόνου,

1813 982 1962 1048 dem,
2016 984 2215 1053 inquit,
2261 998 2385 1038 cum
2422 984 2476 1038 in
2525 984 2666 1039 cmlo
2701 994 2895 1055 praeter
2940 995 2993 1041 te
3023 987 3201 1042 solum
3246 990 3383 1045 nihil

124 1078 434 1145 ἀναγκαίως
460 1076 582 1130 οὑδὲ
630 1093 682 1129 τι
719 1076 825 1129 τῶν
864 1077 956 1129 ἐπὶ
1007 1076 1112 1146 γῆς
1152 1074 1392 1146 ἠθέλησα
1450 1074 1703 1141 δέξασθαι

1810 1075 2063 1138 habeam,
2094 1092 2204 1130 non
2234 1075 2394 1129 debui
2421 1090 2640 1146 quoque
2672 1076 2806 1131 velle
2845 1078 3087 1147 accipere
3116 1093 3146 1132 a
3174 1087 3224 1135 te
3264 1094 3386 1150 quae

126 1171 270 1239 παρὰ
327 1168 441 1233 σοῦ,
473 1168 566 1221 ἆτε
614 1167 865 1239 φθαρτῶν
903 1168 1071 1220 ὄντων
1122 1169 1338 1221 πάντων
1389 1170 1499 1221 καὶ”
1531 1185 1702 1237 προσ-

1806 1168 2043 1223 interra
2099 1178 2221 1223 sunt
2290 1167 2457 1238 (cum
2508 1169 2691 1224 omnia
2743 1170 3117 1240 corruptibilia
3160 1170 3270 1226 sint
3333 1181 3386 1228 et

128 1261 348 1330 καίρων·
392 1259 510 1323 ἐνὸς
569 1260 625 1313 δὲ
666 1261 827 1329 μόνου
862 1260 1109 1331 ηὐχόμην
1141 1265 1344 1332 τυχεῖν,
1377 1261 1570 1332 καὶτῷ
1591 1262 1707 1315 τού·

1812 1263 2253 1333 momentanea),
2291 1264 2384 1317 sed
2438 1279 2607 1317 unum
2648 1264 3047 1331 tantummodo,
3085 1272 3146 1319 ut
3192 1280 3382 1322 conse-

128 1371 210 1405 του
247 1353 397 1423 πόθῳ
438 1355 766 1425 κατέτρυχον
811 1353 1044 1423 ἐμαυτὸν
1090 1354 1184 1406 ἐπὶ
1231 1354 1329 1425 τῆς
1352 1355 1475 1425 γῆς.
1535 1354 1705 1408 Τοῦτο

1812 1370 1951 1425 quar
1991 1355 2167 1420 oravi,
2199 1355 2356 1426 cujus
2384 1356 2546 1410 etiam
2578 1356 2849 1412 desiderio
2894 1372 2982 1412 me
3026 1358 3206 1429 ipsum
3253 1374 3383 1415 con-

130 1442 176 1494 δέ
202 1444 320 1493 ἐστι
374 1442 436 1493 τὸ
471 1442 529 1495 σὲ
565 1442 755 1513 μερίδα
783 1460 871 1512 μοι
922 1445 1015 1497 καὶ
1077 1444 1238 1513 μόνον
1279 1444 1549 1512 γενέσθαι,
1590 1445 1706 1509 Ἐξ-

1811 1446 1915 1501 feci
1942 1447 1994 1501 in
2029 1456 2196 1502 terra.
2230 1446 2285 1503 Id
2318 1464 2446 1503 vero
2476 1457 2579 1513 est,
2613 1458 2674 1504 ut
2708 1458 2763 1505 tu
2797 1465 2917 1505 mea
2946 1452 3147 1522 portio,
3182 1462 3236 1508 et
3266 1454 3385 1523 qui-

131 1530 278 1584 έλιπε
309 1533 420 1602 γὰρ
453 1534 485 1602 ἡ
520 1531 716 1602 καρδία
767 1550 887 1603 μου·
932 1534 983 1586 τί
1018 1532 1430 1605 ἐπιζητοῦντοςς
1463 1534 1561 1597 τὰς
1593 1534 1705 1588 ἄνω

1811 1540 1932 1595 dem
1967 1541 2118 1596 solus
2169 1542 2266 1596 sis.
2297 1541 2503 1599 Defecit
2532 1544 2679 1599 enim
2722 1544 2902 1599 anima
2945 1561 3102 1609 mea:
3129 1545 3259 1616 quid
3286 1562 3382 1601 cx-

131 1625 425 1697 διατριϐάς.

1812 1640 2002 1700 petens
2028 1632 2050 1684 ?
2080 1632 2201 1688 Illas
2242 1634 2578 1700 mansiones,
2608 1651 2729 1707 qua:
2761 1652 2980 1692 sursum
3013 1648 3159 1693 sunt.

194 1786 467 1841 Hactenus
495 1788 790 1857 fragmenta
819 1802 883 1841 ex
911 1798 1098 1841 catena
1143 1786 1371 1853 Niceten,
1402 1788 1578 1857 cujus,
1608 1798 1665 1841 ut
1692 1790 1827 1857 dixi,
1865 1791 2093 1853 priorem
2126 1792 2313 1845 saltem
2351 1803 2552 1860 partem
2586 1810 2651 1849 ea:
2691 1795 2817 1849 bibl.
2866 1796 3184 1863 archipalat.
3241 1813 3386 1865 nam;

134 1893 326 1931 sumus.
378 1877 532 1944 Quod
582 1880 628 1932 si
680 1880 795 1949 quis
835 1891 884 1933 et
933 1878 1193 1948 reliquam
1238 1880 1433 1946 habet,
1496 1883 1689 1950 poterit
1737 1899 1854 1953 qua:
1899 1883 2269 1937 desiderantur
2328 1886 2578 1955 adjicere.
2648 1885 2931 1957 Sequentia
2979 1904 3094 1941 vero
3140 1888 3386 1942 similiter

135 1984 240 2025 sunt
270 1990 338 2027 ea:
382 1976 500 2030 cod.
547 1975 863 2043 archipalat.
918 1974 1160 2030 bibliotlt.
1212 1977 1588 2043 vetustissimo,
1632 1980 1930 2034 continente
1974 1982 2201 2035 similem
2248 1985 2572 2053 συναγωγήν
2614 1985 3045 2054 explanationum
3102 1987 3154 2037 in
3190 1984 3385 2039 Jobum

134 2082 190 2120 ετ
216 2068 417 2121 στωεὶε
450 2067 703 2121 Patribus
755 2078 1076 2135 contextam,
1119 2069 1183 2121 ab
1239 2078 1456 2124 auctore
1509 2071 1729 2126 incerto.
1786 2070 1843 2125 Is
1890 2072 2057 2142 igitur
2100 2074 2337 2143 quisquis
2362 2076 2466 2144 fuit
2500 2078 2567 2130 ad
2593 2078 2685 2130 illa
2711 2077 2862 2131 verba
2894 2092 3007 2146 cap.
3036 2077 3099 2131 ιι
3132 2096 3145 2131 :
3184 2077 3389 2150 Δένδρα

136 2162 496 2232 φθινοπωρινά
519 2160 762 2233 ἄκαρπα,
805 2162 953 2233 παρὰ
982 2164 1255 2234 πάπυρον,
1294 2162 1389 2215 καὶ
1422 2160 1688 2231 κάλαμον,
1725 2179 1751 2216 κ

1771 2163 1817 2214 ιὶ
1848 2161 2132 2234 βούτομον,
2165 2166 2438 2233 prazmissa
2464 2167 2574 2220 alia
2600 2168 2949 2235 explicatione
2987 2167 3223 2236 subiicit.
3256 2169 3386 2226 Haec

137 2258 534 2313 Felckmannus.

198 2414 605 2489 [Fragmentum
636 2418 914 2472 Athanasii
930 2418 984 2471 in
1005 2416 1247 2472 Psalmos
1270 2426 1326 2471 ut
1347 2419 1603 2473 ineditum
1625 2420 1831 2475 exhibet
1854 2423 1999 2476 card.
2018 2423 2152 2493 Aug.
2174 2423 2285 2478 Mai
2314 2435 2452 2479 tomo
2476 2424 2542 2481 ΙΙΙ
2602 2424 2952 2483 Bibliotheca:
2974 2441 3125 2481 nova:
3139 2423 3389 2493 Patrum;

138 2505 558 2579 incipit:Tpitov
586 2511 871 2582 προέκειτο
896 2510 1126 2582 ζητῆσαι
1155 2510 1208 2564 τι
1234 2510 1313 2583 ,τὸ
1344 2510 1677 2585 Ψαλτήριον,
1706 2522 1753 2571 et

1713 2522 1812 2571 etc.
1848 2516 2006 2570 Ἐστι
2044 2516 2243 2585 τοίνυν,
2273 2528 2374 2575 ctc.
2408 2519 2623 2591 Legitur
2659 2536 2820 2591 supra
2848 2523 2930 2575 col
2986 2520 3110 2575 547.
3143 2516 3328 2590 Eum]

205 2808 281 2880 (1)
307 2806 432 2865 Haec
458 2808 733 2877 superius,
759 2806 853 2863 sed
886 2806 1168 2878 pauciora.
