4090 6312
716 283 814 340 591
1569 278 1625 332 S.
1669 277 2042 335 ATHANASII
2075 277 2221 333 OPP.
2264 278 2443 334 PARS
2483 280 2570 336 Ill.
2625 312 2671 324 —
2707 281 3115 339 EXEGETICA.
3831 281 3932 336 599.

1429 718 1654 802 ΤΟΥ
1726 720 1868 805 ΕΝ
1942 714 2302 805 ΑΓΙΟΙΣ
2375 717 2803 805 ΠΑΤΡΟΣ
2876 719 3199 806 ΗΜΩΝ

1659 929 2970 1069 ΑΘΑΝΑΣΙΟΥ

1058 1219 2340 1339 ΑΡΧΙΕΠΙΣΚΟΠΟΥ
2449 1208 3596 1334 ΑΛΕΞΑΝΔΡΕΙΑΣ

1233 1489 2066 1629 ΕΡΜΗΝΕΙΑ
2210 1496 2545 1624 ΤΩΝ
2672 1489 3392 1627 ΨΑΛΜΩΝ

2300 1744 2346 1795 H

1533 1931 1789 2017 ΠΕΡΙ
1877 1931 2497 2018 ΕΠΙΓΡΑΦΗΣ
2567 1931 3081 2020 ΨΑΛΜΩΝ.

1337 2334 1496 2492 S.
1600 2339 1771 2488 P.
1934 2337 2115 2490 N.
2265 2331 3301 2490 ATHANASII

1797 2601 2322 2660 ARCHIEPISCOPI
2361 2599 2828 2658 ALEXANDRIIE

1139 2780 2415 2912 INTERPRETATIO
2525 2777 3488 2913 PSALMORUM

2243 3041 2383 3084 SIVE

1520 3204 1665 3292 DE
1741 3204 2229 3294 TITULIS
2303 3205 3083 3299 PSALMORUM.

1069 3545 1475 3610 EPISTULA
1532 3547 1926 3609 ΡΒιΕῈῙΧΑ
1983 3546 2376 3613 EDITIONI
2421 3547 2798 3612 ROMANzE
2853 3547 3074 3612 ANNI
3119 3548 3577 3614 MDCCXLVI.

1915 3887 2108 3932 SACRO
2162 3887 2238 3931 AC
2292 3887 2662 3933 VENERABILI

813 3988 1061 4036 SANCTﬁ
1113 3989 1384 4035 ΕΟΜΑΝΛΕ
1441 3988 1740 4034 ΕΩΟΙιΕΒΙλΕ
1793 3989 2215 4034 CARDINALIUM
2243 3989 2560 4047 COLLEGIO,
2617 3988 2945 4045 EPISCOPIS,
2988 3985 3430 4043 PRESBYTERIS,
3490 3986 3802 4034 DIACONIS.

768 4152 990 4222 Magnus
1033 4152 1383 4218 Athanasius,
1417 4169 1578 4224 quem
1615 4153 1837 4208 laudare
1867 4153 2124 4209 virtutem
2179 4153 2404 4209 laudare
2437 4164 2539 4219 est,
2573 4156 2753 4211 aiebat
2789 4153 2847 4209 S.
2892 4154 3186 4224 Gregorius
3215 4153 3589 4209 Nazianzenus
3634 4156 3737 4226 (l),
3770 4161 3922 4213 novis

693 4244 932 4315 quotidie
957 4243 1282 4298 Arianorum
1320 4244 1609 4299 calumniis
1639 4254 1886 4308 vexatus,
1921 4251 1974 4299 et
2011 4259 2303 4314 pravorum
2347 4245 2632 4300 hominum
2669 4247 3077 4301 circumventus
3108 4244 3341 4308 insidiis,
3377 4242 3633 4308 Romam,
3665 4247 3823 4314 quasi
3857 4246 3919 4299 ad

693 4338 1023 4394 tutissimum
1052 4338 1451 4393 communionis
1489 4354 1600 4393 suae
1645 4349 1856 4408 portum
1903 4337 2163 4408 confugit,
2201 4350 2259 4393 ut
2296 4355 2435 4409 quos
2486 4356 2586 4394 nec
2624 4340 2903 4394 hominum
2934 4339 3131 4408 pudor,
3165 4353 3263 4393 nec
3308 4336 3397 4391 Dei
3430 4338 3594 4392 timor
3627 4339 3919 4400 retinebat,

690 4435 902 4504 prolato
931 4449 997 4488 ex
1028 4432 1169 4488 Petri
1218 4433 1474 4488 cathedra
1504 4433 1664 4503 iustae
1697 4433 2066 4488 damnationis
2092 4433 2330 4498 decreto,
2365 4433 2608 4488 Romana
2644 4445 2918 4490 coerceret
2948 4433 3265 4488 auctoritas.
3306 4431 3674 4503 Posteaquam
3703 4450 3836 4489 vero
3871 4436 3921 4487 in

691 4532 890 4589 Urbem
926 4533 1185 4602 pervenit,
1215 4533 1276 4587 B.
1316 4531 1515 4597 Julius,
1554 4532 1647 4601 qui
1689 4542 1799 4586 tum
1836 4531 2092 4587 Romanae
2126 4531 2381 4588 Ecclesia
2425 4543 2676 4601 pra-erat,
2719 4542 2774 4588 et
2801 4531 3204 4587 ecclesiasticus
3236 4536 3480 4592 senatus,
3511 4528 3606 4596 qui
3649 4527 3755 4597 ipsi
3786 4529 3923 4582 assi-

688 4631 868 4696 debat,
902 4638 1245 4700 peramanter
1281 4644 1406 4682 eum
1435 4627 1880 4697 exceperunt(2),
1907 4626 2160 4681 aﬂlictum
2191 4627 2454 4682 consolati
2480 4637 2624 4689 sunt,
2658 4628 2926 4697 deiectum
2952 4627 3326 4686 sublevarunt,
3356 4623 3706 4678 innocentem
3736 4623 3924 4678 defen-

689 4720 904 4783 derunt,
960 4729 1207 4775 sanctum
1252 4727 1306 4772 et
1356 4718 1504 4771 omni
1557 4719 1818 4770 virtutum
1863 4731 2059 4785 genere
2105 4717 2478 4779 cumulatum,
2541 4718 2757 4787 rejectis
2811 4718 3192 4773 lmreticorum
3248 4713 3593 4780 criminibus,
3652 4717 3920 4784 praeclaro

687 4818 999 4876 testimonio
1036 4832 1134 4871 suo
1176 4815 1429 4868 universo
1452 4814 1569 4867 orbi
1601 4813 1967 4867 declararunt.
2005 4811 2122 4866 Duo
2163 4823 2341 4866 autem
2375 4828 2440 4867 ex
2480 4813 2728 4868 Romano
2765 4813 3125 4885 presbyterio,
3158 4810 3400 4879 ejusdem
3439 4806 3569 4863 Julii
3611 4811 3918 4872 voluntate,

686 4913 932 4984 Elpidius
971 4923 1024 4965 et
1057 4908 1390 4963 Philoxenus
1420 4907 1739 4975 legationem
1767 4916 2123 4973 susceperunt
2155 4904 2219 4958 ad
2256 4903 2592 4961 Eusebianos
2626 4906 2931 4975 episcopos,
2965 4913 3023 4956 ut
3051 4917 3145 4957 eos
3184 4904 3249 4958 ad
3282 4903 3583 4958 Romanam
3621 4907 3916 4976 synodum,

685 5021 848 5075 quam
893 5004 995 5073 ipsi
1037 5003 1461 5072 postulaverant,
1499 5012 1810 5056 evocarent.
1848 5001 1952 5056 Sed
1996 5001 2213 5069 expavit
2242 5002 2307 5054 ad
2353 5000 2626 5056 Romanos
2671 5002 2865 5057 aﬂ‘atus
2901 5001 3102 5055 Ariana
3132 5000 3422 5066 calliditas,
3452 5009 3506 5054 et
3534 4998 3916 5056 Romanorum

686 5093 843 5148 fidem
878 5092 1174 5161 pertimuit,
1209 5106 1349 5159 quae,
1388 5091 1650 5160 Apostolo
1692 5091 2038 5159 praedicante,
2069 5089 2285 5145 laudata
2312 5101 2395 5146 est
2431 5109 2444 5155 ;
2489 5104 2541 5146 et
2577 5093 2643 5146 ad
2689 5109 2784 5149 eos
2827 5094 3008 5149 venire
3051 5106 3369 5160 renuerunt,
3408 5099 3474 5150 ad
3508 5112 3650 5165 quos
3692 5101 3917 5168 perﬁdia

687 5185 886 5238 habere
921 5197 1027 5235 non
1062 5189 1241 5250 potest
1269 5195 1572 5235 accessum.
1611 5180 1793 5247 Itaque
1829 5178 2030 5234 frustra
2066 5179 2158 5233 diu
2197 5183 2550 5249 exspectatis,
2583 5199 2705 5237 curn
2737 5184 3062 5240 delictorum
3100 5202 3328 5242 suorum
3367 5189 3711 5243 conscientia
3746 5192 3916 5244 territi

684 5274 750 5329 ad
784 5273 1142 5345 prastitntatn
1178 5273 1341 5338 diem,
1381 5273 1562 5327 varias
1602 5273 1958 5326 contumacia:
2009 5288 2120 5328 sua:
2158 5283 2512 5340 praetexentes
2555 5291 2771 5342 causas,
2815 5278 3024 5347 judicio
3064 5280 3206 5335 sedis
3250 5279 3560 5349 apostolica!
3593 5297 3654 5336 se
3689 5283 3918 5337 minime

753 5473 831 5538 (ll
874 5475 929 5529 In
959 5472 1108 5530 Orat.
1152 5473 1216 5525 de
1257 5470 1312 5525 S.
1349 5473 1545 5526 Athan.
1583 5470 1800 5526 Hieron.
1847 5473 1898 5525 in
1943 5470 2225 5539 Epilaphio
2263 5472 2551 5528 Marcelle.

751 5543 826 5616 (Ξ)
867 5545 938 5622 [)e
969 5543 1464 5622 Athanasiiitin‘ere
1488 5544 1734 5622 Bomano
1763 5541 2233 5622 cis‘ejus‘Apolog.
2267 5546 2740 5622 conjra_A_riqnos,
2776 5558 2907 5622 tom.
2941 5548 2981 5613 l,
3011 5566 3130 5622 pag.
3170 5550 3304 5615 HO,
3339 5560 3391 5604 et
3424 5550 3571 5605 Hist.
3614 5555 3810 5610 Arian.
3853 5556 3915 5607 ad

672 5611 942 5690 mg'n'achn
992 5630 1042 5682 p.
1081 5614 1224 5678 29.7;
1262 5613 1318 5667 S.
1346 5613 1618 5684 LCyprian.
1652 5628 1738 5682 ep.
1801 5614 1889 5676 55,
1935 5613 2003 5663 ad
2043 5611 2301 5677 Cornel.;
2345 5613 2399 5666 S.
2454 5614 2556 5669 Jul.
2611 5618 2663 5670 in
2702 5611 2855 5687 epist.
2919 5611 2985 5672 ad
3012 5611 3557 5690 'Dimium'aliosque
3615 5625 3916 5681 Orientales

671 5689 953 5755 episcopos.
