4068 6310
135 403 248 462 595
775 419 780 425 ‘
862 404 946 458 DE
990 401 1261 458 TlTULlS
1301 403 1739 460 PSALMORUM.
1778 433 1842 440 ——
1884 401 2270 456 ANTONELLI
2312 400 2697 457 PREFATIO.
3287 405 3393 464 594

139 527 429 589 sisterent,
458 533 782 593 congregata
813 532 894 577 est
926 525 1140 577 demum
1173 520 1420 576 Romana
1449 525 1690 594 synodus
1729 525 1782 576 iu
1831 539 1934 574 una
1977 539 2038 576 cx
2085 523 2278 576 vestris
2318 521 2628 576 titularibus
2673 522 2939 589 ecclesiis,
2978 523 3068 577 ubi
3104 521 3388 578 Romanus

139 618 440 688 presbyter
484 617 608 670 V'ito
644 625 942 671 conventus
987 617 1198 685 agebat.
1243 614 1287 668 ls
1320 616 1464 669 enim
1509 630 1614 669 una
1659 629 1779 668 eum
1836 614 2118 669 Vincentio
2153 613 2382 668 Nicaeum
2426 617 2635 686 synodo
2674 613 2941 679 interfuit,
2982 626 3034 669 et
3066 617 3192 686 quia
3227 617 3389 670 ambo

140 719 360 762 rectam
412 708 699 762 Athanasii
747 706 906 758 fidem
957 720 1278 772 morumque
1331 705 1691 774 integritatem
1744 705 1910 774 probe
1957 705 2230 773 cognitam
2281 714 2724 774 perspectamque
2769 705 3058 770 habebant,
3088 709 3387 765 verisimile

137 801 443 853 admodum
472 810 577 864 est,
601 799 742 852 sicut
781 811 877 864 pro
914 791 1164 846 Marcello
1195 793 1483 861 Ancyrauo
1511 794 1787 862 episcopo,
1821 795 1991 846 multo
2033 794 2203 862 magis
2237 809 2334 861 pro
2369 795 2716 848 sanctissimo
2746 793 3114 851 Alexandrino
3142 800 3385 855 antistite

137 888 527 942 testimonium
555 903 650 941 eos
678 887 882 939 dixisse
913 883 964 935 in
997 897 1154 936 sacro
1183 882 1275 936 illo
1311 894 1602 944 conventu,
1640 883 1731 952 qui
1778 884 2019 937 unanimi
2066 899 2428 954 supremoque
2461 885 2670 953 judicio
2697 885 2976 940 Athanasii
3017 892 3380 944 innocentiam

136 982 416 1035 adversus
453 979 779 1032 Arianorum
819 977 972 1031 dolos
1001 992 1064 1031 ac
1098 976 1317 1031 fraudes
1352 979 1666 1046 vindicavit,
1708 994 1942 1048 eamque
1976 980 2240 1034 sententia
2285 996 2382 1035 sua
2431 982 2672 1038 veritatis
2710 998 2773 1037 ac
2809 984 3033 1051 iustitia:
3085 985 3382 1054 ponderata

136 1077 461 1139 libramine,
492 1073 829 1129 manifestam
860 1073 1113 1126 omnibus
1142 1088 1206 1126 ac
1250 1081 1496 1128 trstatam
1521 1089 1643 1128 esse
1678 1075 1870 1128 voluit.
1899 1074 2264 1139 Quamobrem
2309 1075 2547 1144 pontifex
2570 1074 2763 1136 Julius,
2795 1074 2935 1130 datis
2968 1075 3161 1130 deinde
3190 1075 3382 1130 litteris

137 1173 207 1225 ad
247 1173 460 1224 clerum
510 1177 562 1222 et
608 1167 865 1237 populum
901 1154 1354 1231 Alexandrinum,
1409 1168 1610 1236 quibus
1655 1167 1721 1221 de
1770 1167 2053 1222 Athanasii
2099 1168 2166 1220 ad
2205 1181 2300 1220 eos
2331 1168 2508 1222 reditu
2549 1169 2848 1238 gratulatus
2894 1177 2996 1231 est,
3049 1178 3169 1237 post
3198 1167 3381 1238 plures

137 1264 364 1326 laudes,
396 1262 593 1331 quibus
628 1268 874 1315 sanctum
910 1260 1220 1329 episc0puin
1253 1262 1446 1314 merito
1475 1263 1627 1315 etl'ert
1661 1280 1671 1315 :
1711 1260 1850 1326 Quid
1883 1273 2086 1326 autem,
2119 1262 2314 1331 inquit,
2344 1272 2494 1317 tanto
2515 1265 2631 1318 viro
2664 1264 2883 1332 dignum
2915 1263 3146 1334 proferri
3183 1275 3377 1334 potesv

136 1357 238 1425 qui
300 1366 399 1418 l0l,
453 1363 504 1408 et
547 1354 707 1407 tantis
760 1351 1128 1420 periculorum
1175 1353 1462 1406 exantlatis
1512 1353 1793 1408 laboribus
1850 1354 2093 1407 redditur
2133 1353 2348 1408 tandem
2399 1355 2554 1410 vobis
2598 1355 2908 1421 incolumis,
2966 1371 3075 1409 non
3117 1355 3379 1412 beneficio

138 1449 322 1501 nostri
381 1445 773 1506 tantummodo,
823 1459 1007 1496 verum
1054 1443 1216 1494 etiam
1261 1444 1424 1496 totius
1471 1443 1684 1497 concilii
1730 1442 1936 1512 judicio
1971 1443 2095 1498 talis
2138 1443 2500 1500 declaratus?
2537 1444 2666 1502 Post
2712 1448 2826 1501 haec
2866 1457 3068 1513 autem,
3107 1447 3375 1502 malorum

138 1541 434 1593 hominum
470 1539 594 1592 odio
629 1551 691 1590 ac
735 1531 932 1588 invidia
969 1533 1138 1602 magis
1181 1533 1458 1604 magisque
1494 1535 1771 1605 gliscente,
1818 1549 2096 1605 novasque
2146 1550 2358 1604 semper
2391 1537 2617 1593 insidias
2648 1546 2837 1593 contra
2870 1537 3151 1594 Athanasii
3179 1551 3377 1592 nomen

138 1635 501 1688 molientibus
521 1631 756 1696 Arianis,
793 1627 1131 1684 Sardicensis
1157 1631 1492 1684 mcumenica
1523 1629 1762 1701 synodus
1793 1640 2088 1684 convocata
2126 1642 2231 1698 est,
2266 1633 2353 1687 cui
2384 1635 2492 1688 duo
2519 1631 2746 1689 Romani
2770 1635 3069 1706 presbyteri
3093 1636 3359 1690 Archida-

138 1749 270 1786 mus
305 1741 360 1785 et
401 1729 726 1783 Philoxenus
787 1742 908 1782 cum
942 1724 1108 1780 llosio
1141 1728 1476 1781 Cordubensi
1516 1728 1791 1798 episcOpo,
1826 1728 2046 1783 nomine
2073 1745 2136 1783 ac
2169 1732 2284 1785 vice
2308 1729 2436 1784 Julii
2483 1728 2751 1801 pontificis
2777 1725 3149 1798 praefuerunt;
3186 1728 3242 1781 in
3273 1727 3377 1781 hac

134 1843 276 1882 vero
329 1824 614 1877 Athanasii
668 1823 786 1877 tidci
837 1824 1116 1892 integritas
1165 1825 1392 1894 vitaeque
1437 1827 1702 1878 sanctitas
1757 1840 1949 1879 rursus
2004 1825 2072 1878 ab
2129 1827 2380 1881 universa
2420 1827 2629 1896 synodo
2675 1825 2854 1894 agnita
2895 1832 2998 1887 est,
3037 1831 3091 1877 et
3126 1821 3371 1877 omnium

134 1918 423 1986 suffragiis
452 1926 640 1971 contra
687 1916 918 1985 perfidos
944 1925 998 1970 et
1029 1916 1304 1971 catholicae
1342 1918 1585 1971 veritatis
1626 1927 1679 1970 et
1722 1916 2004 1972 Athanasii
2037 1919 2357 1973 innocentia:
2382 1920 2631 1973 inimicos
2657 1919 3025 1988 comprobata.
3073 1917 3177 1972 Sed
3203 1930 3375 1986 quor-

135 2027 270 2065 sum
321 2013 435 2064 haac
485 2019 592 2062 tam
631 2009 787 2078 l0nge
837 2008 1085 2077 repetita.
1124 2017 1176 2062 et
1221 2009 1289 2062 ab
1340 2008 1465 2062 altis
1515 2017 1765 2062 revocata
1819 2009 2146 2079 principiis?
2183 2008 2467 2067 Nimirum.
2516 2021 2574 2062 ut
2610 2023 2798 2062 omnes
2846 2009 3166 2077 intelligant,
3211 2021 3372 2076 quam

133 2116 573 2161 consentaneum
606 2113 660 2160 et
687 2101 1012 2159 conveniens
1064 2099 1245 2162 fuerit,
1285 2110 1341 2154 ut
1381 2115 1516 2169 opus
1551 2099 1607 2153 S.
1640 2099 1947 2164 Athanasii,
1987 2101 2144 2169 cujus
2190 2101 2248 2155 Β.
2296 2099 2654 2171 Hieronymus
2695 2098 2961 2161 meminit,
3005 2097 3152 2167 quod
3195 2096 3270 2168 pii
3311 2111 3376 2151 ac

131 2199 347 2252 eruditi
385 2199 634 2253 homines
678 2183 1199 2256 diu'desiderarunt,
1265 2200 1318 2245 et
1359 2192 1557 2246 frustra
1602 2193 1913 2262 quesitum,
1953 2195 2114 2247 veluti
2167 2196 2429 2248 amissum
2473 2209 2536 2249 ac
2570 2195 2905 2264 deperditum
2943 2194 3372 2264 complorarunt,

131 2307 269 2344 cum
317 2307 464 2344 nunc.
497 2291 730 2360 primum
770 2290 822 2342 in
852 2290 1026 2344 lucem
1075 2288 1320 2358 prodeat,
1357 2287 1486 2342 illud
1522 2299 1701 2342 vestro
1745 2289 1940 2343 illustri
1985 2290 2206 2344 nomine
2251 2290 2594 2358 inscriptum,
2638 2301 2691 2344 et
2734 2291 2910 2355 vobis,
2955 2289 3372 2344 eminentissimi

135 2382 356 2444 Patres,
393 2383 630 2435 dicatum
663 2381 715 2434 in
742 2381 1016 2450 publicum
1048 2383 1260 2436 edatur.
1298 2379 1405 2435 Vos
1432 2383 1577 2435 enim
1609 2382 1751 2437 sacri
1788 2383 1934 2438 illius
1979 2392 2218 2448 senatus,
2243 2382 2334 2451 qui
2361 2397 2616 2451 maguum
2646 2381 3004 2438 Athanasium
3032 2382 3100 2436 ad
3133 2382 3191 2435 Β.
3229 2380 3373 2436 Petri

131 2475 486 2536 Cathedrain,
509 2472 575 2527 ad
609 2482 854 2527 centrum
886 2476 1128 2538 unitatis,
1153 2475 1217 2528 ad
1257 2474 1458 2530 fontem
1494 2477 1777 2530 catholica:
1820 2478 2226 2532 communionis
2273 2477 2673 2548 confugientem
2709 2479 3028 2548 complexus
3069 2488 3174 2542 est,
3216 2477 3372 2542 fovit,

130 2581 356 2625 tutatus
389 2583 507 2634 est,
545 2570 688 2625 vices
735 2571 926 2626 tenetis
959 2583 1010 2627 et
1045 2573 1393 2642 dignitatem;
1450 2575 1561 2627 imo
1597 2589 1723 2627 vero
1758 2589 1882 2628 cum
1910 2575 1962 2627 in
1997 2587 2239 2628 veSIrum
2273 2574 2640 2629 clarissimum
2668 2584 2868 2631 coetum
2916 2585 3110 2643 printer
3139 2581 3369 2644 septem.

132 2683 290 2720 nunc
318 2684 448 2720 vero
479 2683 569 2720 sex
604 2667 908 2722 cardinales
938 2669 1223 2738 episcopos
1261 2670 1497 2722 urbanos
1529 2684 1623 2721 seu
1664 2668 2089 2734 suburbicarios,
2121 2670 2459 2724 seleCtissimi
2499 2685 2565 2724 ex
2600 2678 2714 2723 toto
2748 2669 2879 2722 orbe
2908 2667 3058 2737 juxta
3091 2679 3371 2721 sacrorum

131 2776 418 2815 canonum
447 2761 753 2829 praescripta
777 2759 855 2829 (5)
895 2773 925 2811 a
955 2757 1214 2811 Romanis
1245 2758 1590 2826 pontificibus
1621 2759 1910 2827 cooptandi
1941 2758 2069 2824 sint,
2096 2760 2401 2814 admirabili
2429 2760 2627 2814 divina:
2649 2758 3008 2814 Providentiae
3044 2758 3098 2811 in
3127 2756 3370 2813 Ecclesia

133 2874 236 2912 sua
276 2857 559 2925 dirigenda
585 2873 648 2910 ac
687 2854 1034 2925 gubernanda
1061 2853 1311 2919 consilio,
1342 2868 1405 2907 eo
1431 2853 1690 2922 perducta
1729 2869 1815 2907 res
1838 2862 1941 2919 est,
1969 2864 2026 2909 ut
2052 2855 2427 2924 amplissimus
2453 2863 2634 2910 vester
2669 2854 2804 2909 ordo
2829 2868 2859 2908 e
2889 2853 3062 2907 tribus
3101 2850 3371 2921 supremis

133 2951 186 3005 in
226 2950 474 3005 Ecclesia
518 2950 818 3014 ordinibus,
853 2965 1044 3018 nempe
1076 2949 1366 3018 episcopis,
1401 2949 1732 3020 presbyteris
1776 2959 1830 3004 et
1868 2950 2189 3005 diaconibus
2228 2949 2285 3004 S.
2329 2950 2393 3005 Β.
2427 2949 2895 3006 E.-cardinalibus
2929 2946 3265 3016 compositus
3302 2957 3370 2997 ex

132 3048 402 3100 universo
428 3056 690 3099 terrarum
734 3045 884 3110 orbe,
926 3055 984 3100 ut
1016 3055 1218 3100 sancta!
1266 3043 1520 3099 Ecclesia:
1561 3059 1802 3100 canones
1842 3045 2065 3114 provide
2093 3045 2471 3114 sapienterque
2517 3050 2935 3112 consuluerunt,
2965 3046 3182 3102 selectis
3210 3053 3371 3116 atque

130 3143 441 3206 arcessitis,
478 3157 583 3195 non
613 3143 772 3195 modo
799 3140 1082 3210 antiquum
1130 3139 1434 3193 Romanum
1464 3139 1861 3209 presbyterium
1894 3147 2260 3209 repraesentet,
2290 3141 2385 3194 sed
2425 3138 2684 3196 Romanae
2710 3142 2924 3214 synodi,
2952 3157 3074 3212 qua:
3111 3155 3142 3196 a
3179 3139 3369 3211 primis

130 3238 422 3293 catholicae
456 3236 577 3289 fidei
622 3236 956 3304 temporibus
995 3233 1241 3290 Romano
1285 3234 1524 3304 pontiﬁci
1555 3235 1897 3303 gravissimis
1931 3236 1998 3291 de
2045 3236 2206 3292 rebus
2240 3237 2556 3293 deliberanti
2602 3253 2816 3309 semper
2855 3239 3062 3303 aderat,
3104 3247 3158 3293 et
3205 3251 3368 3307 quam

130 3333 312 3389 Graeci
344 3331 712 3402 ἐπιδημοῦσαν
746 3347 840 3384 seu
870 3329 1204 3400 ὲνδημοῦσαν
1249 3341 1464 3395 vocant,
1521 3338 1579 3384 et
1613 3346 1712 3402 ego

1758 3331 2022 3387 vocabulo
2053 3331 2285 3388 fortasse
2331 3335 2473 3389 haud
2518 3334 2698 3404 inepto
2741 3341 3048 3401 prwsentem
3095 3326 3363 3392 dixerim,

131 3430 318 3482 locum
367 3425 592 3494 adeptus
635 3425 706 3478 sit
745 3433 798 3478 et
840 3421 1214 3477 auctoritatem
1250 3439 1262 3476 :
1292 3421 1422 3490 quin
1465 3422 1651 3488 etiam,
1709 3421 1854 3493 quod
1907 3423 2062 3493 longe
2107 3424 2278 3493 magis
2333 3434 2435 3488 est,
2497 3422 2821 3477 universalis
2871 3419 3278 3490 quodamnodo,
3315 3425 3370 3474 et

131 3519 461 3583 domesdci,
502 3528 560 3572 ut
600 3519 700 3572 hoc
748 3517 962 3571 nomine
1009 3526 1148 3580 utar,
1191 3517 1407 3570 concilii
1452 3516 1695 3571 Romano
1742 3519 1985 3587 pontiﬁci
2029 3520 2281 3572 continue
2324 3518 2616 3573 assidentis
2655 3517 3164 3589 praestantissimam
3209 3514 3368 3570 nobis

132 3613 378 3680 speciem
413 3608 943 3677 palchen-imamque
974 3604 1262 3674 imaginem
1293 3603 1561 3670 exhibeat,
1595 3614 1648 3659 et
1699 3614 2018 3674 potestatein
2047 3606 2208 3659 etiam
2245 3620 2354 3659 non
2385 3606 2609 3660 minima
2650 3623 2716 3661 ex
2755 3614 2908 3677 parte
2945 3605 3368 3675 dignitatemque

131 3704 406 3757 obtineat.
444 3700 524 3753 Ad
553 3699 666 3752 haec
706 3697 935 3762 accedit,
969 3694 1113 3766 quod
1142 3695 1321 3749 tenuis
1353 3694 1466 3749 haec
1507 3695 1707 3764 ingenii
1742 3696 1849 3749 mei
1877 3693 2128 3760 facultas,
2165 3703 2219 3749 et
2254 3696 2306 3749 in
2347 3695 2734 3750 ecclesiasticis
2756 3695 2987 3764 aliisque
3023 3693 3186 3748 rebus
3212 3691 3366 3745 labor

130 3807 183 3852 et
214 3795 512 3857 industria,
551 3806 888 3862 quaecunque
929 3805 990 3845 ea
1037 3790 1128 3857 sit,
1157 3805 1320 3860 quam
1370 3790 1566 3854 sentio,
1602 3806 1767 3860 quam
1818 3791 1890 3846 sit
1935 3793 2154 3862 exigua,
2199 3800 2311 3846 tota
2354 3800 2533 3846 vestra
2581 3801 2683 3847 est.
2735 3799 2852 3844 tum
2904 3789 3116 3844 ratione
3175 3800 3368 3841 mune-

132 3890 231 3949 ris,
287 3902 401 3956 quo
441 3884 654 3955 fungor,
710 3893 822 3936 tum
876 3879 1139 3935 electione
1189 3880 1481 3936 voluntatis
1519 3899 1531 3934 :
1566 3882 1777 3936 ratione
1829 3882 2045 3950 quidem
2081 3884 2342 3950 muneris,
2376 3883 2503 3953 quia
2554 3883 2752 3937 abhinc
2797 3881 3075 3937 biennium
3119 3879 3366 3935 omnium

132 3996 387 4040 vestrum
427 3981 696 4050 suffragiis
743 3993 772 4031 a
817 3977 1042 4031 secretis
1081 3969 1482 4044 praeclarissimi
1517 3976 1727 4045 collegii
1767 3977 1930 4030 vestri
1975 3976 2317 4030 renuntiatus
2358 3992 2502 4042 sum,
2537 3986 2591 4031 et
2625 3975 3020 4031 humanissima
3057 3974 3366 4028 animorum

133 4083 449 4128 vestrorum
497 4066 889 4138 significatione
931 4073 1236 4133 exceptus;
1272 4065 1535 4119 electione
1590 4074 1771 4118 autem
1830 4067 2146 4131 voluntatis,
2173 4069 2297 4135 quia
2341 4083 2441 4138 ego
2486 4082 2699 4136 semper
2726 4065 3237 4136 praestantissimum
3275 4078 3368 4119 ve-

134 4181 313 4223 strum
352 4173 553 4221 emtum
591 4176 803 4217 summo
829 4159 997 4216 animi
1023 4159 1306 4229 obsequio,
1330 4169 1383 4213 et
1410 4175 1472 4213 ea
1508 4159 1876 4224 veneratione,
1911 4175 2018 4228 qua
2050 4175 2147 4230 par
2173 4171 2312 4228 erat,
2348 4171 2671 4230 prosecutus
2705 4169 2846 4212 sum.
2875 4154 3083 4210 Etenim
3125 4169 3155 4208 a
3187 4153 3366 4224 prima

128 4267 444 4334 juventute,
480 4259 729 4330 quamvis
767 4274 834 4313 eo
870 4271 1109 4328 tempore
1149 4256 1426 4310 assiduam
1475 4256 1618 4326 apud
1659 4256 1948 4311 duodecim
1993 4257 2175 4323 viros,
2221 4271 2358 4327 quos
2404 4257 2558 4312 Βοιαὶ
2603 4255 2879 4311 auditores
2912 4260 3144 4315 vocant,
3182 4249 3367 4306 causis

134 4353 534 4424 cognoscendis
563 4365 780 4420 Operam
825 4349 1031 4413 darem,
1074 4346 1140 4401 de
1172 4346 1452 4402 titulorum
1478 4347 1708 4416 origine,
1741 4347 1831 4417 qui
1862 4363 1892 4400 a
1921 4356 2110 4401 sancto
2151 4345 2399 4403 Evaristo
2429 4347 2692 4403 Romanis
2721 4345 3048 4418 presbyteris
3087 4339 3364 4400 distributi

133 4457 286 4514 sunt,
337 4447 517 4516 deque
586 4460 738 4500 sacra
774 4443 1016 4512 liturgia,
1043 4452 1098 4498 et
1139 4443 1206 4499 de
1249 4442 1495 4498 collectis
1533 4458 1626 4496 seu
1659 4443 2044 4515 eleemosynis,
2078 4444 2310 4514 aliisque
2331 4446 2514 4510 rebus,
2547 4459 2668 4515 qua:
2697 4445 2761 4499 ad
2787 4445 2990 4508 titulos,
3027 4451 3082 4497 et
3107 4440 3365 4497 ecclesias

138 4549 355 4595 vestras
387 4539 750 4608 pertinebant,
781 4535 1021 4590 libellum
1053 4542 1105 4590 in
1139 4536 1411 4606 publicam
1435 4537 1610 4590 lucem
1647 4538 1827 4593 emisi.
1857 4536 1968 4593 Nec
1996 4539 2168 4593 multo
2195 4548 2338 4607 post,
2364 4553 2474 4592 uno
2503 4554 2569 4593 ex
2600 4545 2777 4593 vestro
2807 4537 3034 4607 collegio
3067 4543 3122 4590 et
3150 4533 3366 4605 generis

137 4632 447 4695 nobilitate,
496 4637 550 4684 et
588 4643 800 4682 morum
833 4628 1138 4697 integritate
1182 4627 1407 4691 eximio,
1453 4628 1547 4696 qui
1572 4626 1902 4697 jampridem
1951 4644 2012 4682 ex
2065 4629 2166 4682 hac
2213 4629 2430 4682 mortali
2475 4628 2585 4681 vita
2621 4627 2685 4681 ad
2715 4626 2989 4682 caelestem
3022 4624 3277 4695 patriam,
3305 4632 3367 4678 ut

135 4747 365 4801 sperare
393 4730 474 4785 fas
508 4738 611 4792 est,
645 4729 916 4796 migravit,
946 4727 1197 4781 hortante
1222 4743 1285 4781 ac
1314 4727 1596 4791 suadente,
1625 4735 1867 4780 vestrum
1899 4726 2307 4782 sanctissimum
2337 4741 2560 4793 nomen,
2594 4734 2940 4795 vestramque
2963 4722 3362 4786 auctoritatem,

135 4844 258 4898 qure
286 4826 650 4898 quorumdam
700 4822 1068 4894 improborum
1115 4821 1460 4876 sermonibus
1510 4821 1892 4890 impetcbatur,
1928 4821 2067 4874 tueri
2099 4820 2284 4874 curavi
2328 4820 2541 4889 prolixo
2583 4833 2746 4890 Opere
2779 4817 3003 4885 scripto,
3042 4812 3186 4883 quod
3221 4825 3363 4865 nun-

136 4936 300 4990 quam
340 4919 573 4988 prodivit
609 4919 658 4971 in
708 4918 1003 4987 publicum,
1039 4919 1167 4987 quia
1211 4933 1388 4986 neque
1435 4917 1573 4970 ratio
1610 4925 1938 4984 temporum,
1969 4931 2088 4984 qua:
2114 4926 2301 4984 postea
2332 4917 2627 4971 subsecuta
2674 4921 2821 4976 sunt,
2848 4925 3026 4980 neque
3054 4904 3364 4976 reipublicae

137 5009 375 5070 utilitas,
405 5022 580 5075 neque
613 5007 719 5060 ulla
748 5006 991 5075 ejusdem
1027 5005 1206 5074 operis
1237 5005 1552 5074 praestantia
1581 5003 1844 5072 exigebat.
1875 5003 2076 5058 Deinde
2111 5019 2238 5058 vero
2265 5005 2530 5074 singulari
2550 5003 2896 5059 beniticentia
2923 5008 3129 5057 sancta:
3155 5011 3363 5052 memo-

138 5102 229 5155 riae
259 5099 561 5154 Clementis
596 5096 688 5150 Xll
735 5101 938 5153 credita
985 5101 1117 5153 mihi
1149 5109 1233 5154 est
1280 5101 1524 5154 custodia
1571 5099 1864 5154 sanctioris
1902 5100 2109 5154 archivi
2151 5101 2316 5156 castri
2369 5099 2428 5155 S.
2476 5101 2686 5172 Angeli,
2719 5109 2774 5156 et
2801 5099 2964 5170 paulo
2999 5104 3120 5168 post
3161 5109 3364 5149 munus

137 5200 538 5256 abbreviatoris
569 5200 634 5255 de
666 5201 840 5266 curia,
870 5201 1067 5270 quibus
1098 5203 1151 5254 in
1191 5200 1530 5265 muneribus,
1567 5200 1744 5269 quoad
1785 5200 1958 5268 potui,
2004 5215 2067 5254 ea
2113 5216 2246 5255 cura
2289 5214 2352 5253 ac
2392 5200 2670 5269 diligentia
2711 5200 2958 5250 versatus
3003 5203 3148 5252 sum,
3177 5196 3237 5242 ut
3265 5200 3363 5241 vos

139 5294 242 5364 ipsi
265 5292 469 5361 sapius
498 5291 565 5346 de
595 5308 680 5346 me
710 5292 1318 5348 honorificentissimum
1363 5292 1735 5347 testimonium
1767 5292 2054 5362 perhibere
2085 5309 2192 5348 non
2221 5292 2622 5347 dubitaveritis.
2656 5291 2868 5344 Interea
2901 5299 3032 5340 vero
3059 5284 3126 5339 iis
3154 5288 3362 5350 tempo-

138 5405 259 5445 rum
297 5387 620 5454 intervallis,
647 5404 767 5458 qure
790 5389 920 5443 mihi
948 5406 976 5443 a
1000 5390 1226 5461 reliquis
1253 5389 1706 5459 occupationibus
1734 5389 2199 5453 concedebantur,
2228 5389 2458 5444 multum
2488 5403 2666 5459 operae
2694 5381 3008 5451 laborisque
3046 5375 3360 5446 consumpsi

143 5482 194 5534 in
227 5479 566 5534 adornaudis
598 5480 1092 5547 observationibus,
1121 5480 1586 5550 longioribusque,
1627 5479 1672 5534 si
1704 5479 1924 5547 quando
1965 5494 2104 5548 Opus
2143 5478 2268 5542 fuit,
2312 5476 2790 5533 dissertationibus
2819 5473 2958 5545 typis
2985 5472 3147 5526 etiam
3182 5471 3234 5523 in
3261 5483 3362 5538 pu-

143 5572 342 5627 blicum
385 5572 567 5634 editis,
598 5587 696 5641 pro
738 5573 1074 5641 corrigendis
1103 5574 1492 5629 ecclesiasticis
1515 5571 1876 5628 Orientalium
1915 5575 2196 5628 nationum
2239 5575 2416 5638 libris,
2458 5584 2517 5629 ut
2538 5591 2603 5630 ex
2632 5572 2895 5627 sententia
2926 5564 3362 5639 congregationis

144 5667 526 5720 nonnullorum
558 5676 761 5720 sanctae
786 5666 1044 5720 Romanae
1068 5665 1323 5722 Ecclesia:
1360 5664 1740 5728 cardinalium,
1777 5667 1931 5735 cujus
1963 5682 2063 5736 ego
2104 5683 2132 5721 a
2170 5668 2393 5723 secretis
2427 5668 2495 5722 ab
2528 5669 2716 5725 eodem
2753 5667 3027 5723 Clemente
3056 5651 3174 5728 Xll,
3225 5677 3361 5733 pon-

211 5807 286 5875 (ὅ)
327 5807 531 5863 Concil.
559 5805 799 5864 Trident.
834 5807 905 5863 De
935 5806 1167 5876 κίοι-’πη
1201 5824 1334 5865 sess.
1359 5823 1505 5874 xxiv,
1530 5822 1648 5877 cap.
1689 5807 1734 5863 l.
