4068 6310
698 352 803 410 595
1544 353 1600 408 S.
1640 353 2009 412 ATHANASII
2050 359 2199 416 OPP.
2243 361 2420 417 PARS
2457 361 2543 418 Ill.
2576 396 2643 406 —
2673 361 3084 419 EXEGETICA.
3834 364 3929 418 596

701 469 941 526 tiﬂcatus
991 468 1076 525 sui
1127 467 1305 535 initio,
1344 470 1414 524 el.
1454 485 1619 524 mem.
1666 471 1930 526 cardinali
1982 473 2275 530 Francisco
2322 477 2621 532 Barherino
2670 476 2982 547 postulante
3024 473 3376 540 constitutus,
3417 479 3472 527 et
3517 487 3544 526 a
3589 472 3930 529 sanctissimo

701 565 927 622 domino
953 573 1143 620 nostro
1179 563 1473 619 Benedicto
1514 564 1628 618 XIV
1654 567 2006 624 conﬁrmatus
2044 567 2142 635 fui,
2179 571 2452 625 emendati
2493 570 2547 625 in
2579 570 2936 641 typographia
2971 582 3142 622 sacra:
3179 567 3617 638 congregationis
3641 569 3709 624 de
3731 568 3927 637 Propa-

703 664 880 733 ganda
909 662 1040 716 Fide
1067 662 1135 716 ad
1171 676 1518 716 communem
1541 672 1850 716 exterarum
1889 665 2172 719 nationum
2205 666 2491 720 utilitatem
2523 667 2987 735 imprimerentur.
3017 662 3244 717 Demum
3291 679 3384 734 per
3428 664 3618 720 eadem
3651 664 3768 717 haec
3802 675 3932 716 tem-

702 765 859 821 pora,
902 752 1118 820 quoties
1153 750 1285 804 mihi
1314 749 1701 805 demandatum
1733 761 1837 816 est,
1872 764 1924 808 ct
1947 766 2210 824 quantum
2249 756 2448 825 ingenii
2479 758 2581 810 mei
2624 754 2967 809 imbecillitas
2993 755 3219 824 aliaeque
3250 758 3637 826 occupationes
3666 756 3930 818 sinebant,

704 859 814 898 non
846 844 994 900 defui
1021 846 1073 898 in
1106 846 1414 899 asserendis
1441 842 1702 900 Romanae
1745 846 1999 902 Ecclesia:
2029 849 2262 918 jnribns,
2283 850 2728 920 defendendaque
2757 851 2875 919 ejus
2898 851 3161 919 dignitate
3193 859 3248 904 et
3273 850 3623 912 auctoritate,
3645 859 3700 903 et
3723 849 3930 919 potissi-

707 951 857 991 mum
879 938 932 990 in
957 937 1160 992 tuendo
1176 935 1297 1004 ejus
1312 936 1558 991 dominio
1581 949 1742 1008 atque
1766 941 1990 1010 imperio
2009 943 2060 996 in
2083 945 2426 1000 nobilissima
2452 945 2570 1014 ejus
2588 946 2899 1016 patrimonii
2919 954 3087 1015 parte,
3105 960 3225 1014 quae
3242 946 3469 999 aliorum
3487 946 3657 999 armis
3680 955 3932 1012 occupata

707 1035 1003 1090 etiamnum
1024 1035 1296 1090 immerito
1318 1035 1602 1097 retinetur,
1621 1037 1792 1092 donec
1815 1041 2018 1093 sedatis
2041 1049 2316 1095 tantorum
2337 1042 2598 1096 bellorum
2617 1042 2876 1103 motibus,
2893 1051 2940 1095 et
2963 1041 3165 1110 pacatis
3182 1038 3491 1093 bellantium
3512 1036 3822 1105 principum
3838 1051 3933 1087 am-

708 1125 831 1192 mis,
851 1141 945 1195 per
961 1143 1107 1193 eum,
1131 1129 1222 1198 qui
1248 1126 1379 1182 mari
1403 1138 1458 1184 et
1483 1133 1658 1188 ventis
1679 1133 1930 1203 imperat,
1949 1151 2012 1189 ac
2037 1137 2479 1206 tranquillitatem
2511 1137 2658 1200 facit,
2681 1153 2805 1207 spes
2830 1138 3022 1190 metior
3045 1136 3272 1205 Europm
3297 1146 3350 1188 et
3388 1133 3652 1187 Romanae
3686 1131 3932 1186 Ecclesia:

709 1218 872 1274 rebus
917 1219 1192 1292 aﬂ'ulgeat.
1224 1221 1405 1289 Quare
1453 1229 1775 1299 intelligitis,
1823 1232 2244 1287 eminentissimi
2293 1233 2502 1300 Patres,
2553 1251 2670 1289 mea
2707 1234 2912 1299 omnia,
2960 1233 3360 1303 qualiacunque
3398 1231 3527 1293 sint,
3567 1239 3759 1285 vestra
3803 1245 3930 1294 esse,

709 1328 834 1368 cum
869 1331 898 1369 a
927 1319 1120 1387 primis
1142 1321 1444 1390 juventutis
1477 1327 1635 1383 annis
1674 1343 1836 1383 omne
1859 1344 2039 1384 meum
2088 1330 2354 1397 studium,
2393 1331 2692 1401 ingenium,
2725 1346 2972 1400 cperam,
3008 1329 3244 1382 laborem
3283 1338 3444 1395 atque
3497 1325 3827 1379 industriam
3859 1339 3934 1378 ve-

711 1417 827 1463 stro
861 1413 1089 1480 nomini,
1121 1426 1174 1469 et
1198 1420 1510 1486 apostolica;
1541 1423 1653 1476 sedi
1697 1423 1911 1493 penitus
1941 1424 2240 1480 addixerim
2281 1442 2344 1480 ac
2375 1426 2690 1481 dicaverim.
2723 1426 2799 1479 Ex
2845 1426 2928 1481 his
2957 1434 3135 1478 autem
3165 1436 3495 1492 cognoscere
3523 1420 3781 1488 potestis,
3818 1429 3933 1488 quot

714 1502 1028 1559 nominibus
1058 1506 1212 1562 vobis
1235 1509 1517 1565 deberetur
1546 1513 1864 1580 praeclarum
1893 1514 1995 1568 hoc
2022 1515 2201 1584 magni
2235 1514 2519 1571 Athanasii
2555 1533 2715 1585 opus,
2754 1517 2806 1570 in
2854 1532 2964 1584 quo
2997 1532 3027 1570 e
3066 1513 3256 1569 Grrcco
3289 1512 3344 1565 in
3377 1510 3634 1564 Latinum
3663 1509 3930 1571 vertendo,

713 1592 983 1660 corruptis
1011 1593 1064 1646 in
1093 1594 1250 1661 locis,
1278 1602 1456 1667 quoad
1484 1600 1652 1663 valui,
1687 1601 2046 1666 emendando,
2074 1611 2128 1656 et
2157 1603 2436 1658 nonnullis
2468 1606 2651 1673 parvis
2676 1604 2818 1658 notis
2850 1603 3171 1657 illustrando
3195 1603 3510 1671 auctoriquc
3531 1617 3634 1655 suo
3659 1601 3934 1655 asserenda

714 1698 820 1738 non
853 1700 1041 1754 parum
1077 1689 1394 1745 allaboravi.
1437 1691 1504 1745 Ut
1529 1709 1656 1748 vero
1687 1697 2072 1751 munusculum
2103 1698 2227 1762 hoc,
2251 1698 2397 1768 quod
2430 1699 2584 1754 vobis
2620 1700 2923 1753 humillime
2959 1697 3160 1760 offero,
3188 1697 3390 1752 lubenti
3424 1697 3608 1750 animo
3643 1695 3933 1764 excipiatis,

715 1775 849 1831 satis
878 1792 998 1832 esse
1027 1791 1155 1848 puto
1182 1782 1462 1838 Athanasii
1495 1800 1691 1840 nomen
1723 1805 1735 1839 :
1780 1787 1881 1840 hac
1913 1804 2021 1842 una
2057 1789 2202 1843 enim
2244 1789 2737 1855 commendatione,
2802 1799 2984 1843 certus
3021 1803 3140 1842 sum
3191 1787 3345 1840 vobis
3393 1784 3510 1838 fore
3543 1785 3935 1852 gratissimum.

716 1864 852 1921 Nam
873 1871 1338 1928 eminentissimus
1367 1874 1654 1939 Baronius,
1701 1894 1958 1947 magnum
1985 1880 2192 1934 ordinis
2216 1881 2380 1934 vestri
2401 1891 2782 1934 ornamentum
2803 1893 2854 1933 et
2873 1880 3062 1944 decus,
3091 1879 3142 1932 in
3169 1879 3283 1933 suis
3307 1878 3700 1930 Ecclesiasticis
3733 1875 3936 1927 Annali-

719 1956 812 2013 θυδ
830 1959 936 2031 (4)²
963 1981 981 2012 ⁸
1006 1963 1172 2030 Adeo,
1210 1967 1407 2037 inquit,
1431 1982 1554 2041 post
1592 1982 1666 2027 tot
1690 1982 1946 2042 tantaque
1975 1975 2094 2044 ejus
2120 1991 2219 2045 pro
2237 1985 2380 2030 recta
2406 1977 2507 2029 fide
2524 1977 2841 2037 certamina,
2861 1975 3351 2029 Athanasiinomen
3373 1973 3605 2044 posteris
3621 1973 3878 2026 doctrinae
3895 1979 3938 2022 et

719 2050 1028 2108 sanctitatis
1053 2053 1354 2124 fulgoribus
1383 2062 1589 2116 clarum
1629 2063 1851 2130 eﬂ‘ulsit,
1882 2073 1939 2118 ut
1974 2081 2202 2135 quaque
2231 2067 2403 2135 ipsius
2436 2068 2637 2135 scripta
2675 2083 2784 2120 non
2821 2067 2982 2120 modo
3010 2067 3163 2120 avide
3197 2066 3523 2134 legerentur,
3558 2064 3656 2119 sed
3693 2056 3936 2134 singulari

720 2147 953 2214 quadam
988 2151 1292 2206 reverentia
1322 2153 1649 2206 colerentur.
1693 2171 1710 2204 ι
1742 2151 1926 2223 Itaque
1951 2155 2084 2207 nihil
2113 2155 2259 2208 aliud
2300 2156 2432 2209 mihi
2466 2157 2735 2225 reliquum
2767 2165 2873 2218 est,
2907 2157 3009 2210 nisi
3037 2165 3094 2209 ut
3121 2154 3292 2210 Deum
3322 2157 3690 2209 immortalem
3722 2153 3937 2208 submis-

721 2235 796 2291 sis
824 2238 1079 2306 precibus
1107 2255 1279 2307 orem,
1312 2253 1370 2295 ut
1392 2257 1487 2297 vos
1510 2243 1600 2294 diu
1640 2258 1804 2298 sanos
1830 2254 1991 2315 atque
2025 2247 2326 2301 incolumes
2357 2258 2571 2316 praestet
2607 2263 2731 2301 cum
2777 2264 3034 2317 supremo
3083 2257 3289 2310 nostro,
3328 2256 3489 2314 atque
3536 2246 3790 2297 omnium
3819 2241 3930 2296 lide-

723 2326 856 2382 lium
885 2339 1106 2399 pastore
1130 2331 1421 2390 Benedicto
1443 2338 1582 2405 XIV,
1609 2341 1894 2395 catholica:
1920 2341 2191 2408 Ecclesiae,
2217 2344 2598 2412 plaudentibus
2629 2344 2904 2408 omnibus,
2938 2344 3197 2398 divinitus
3236 2342 3383 2407 dato,
3415 2340 3505 2411 qui
3530 2349 3798 2408 quantum
3823 2337 3939 2390 inter

723 2424 960 2496 reliquos
987 2430 1246 2485 mortales
1268 2432 1527 2502 dignitate
1549 2450 1612 2489 ac
1643 2444 1909 2502 potestate
1939 2437 2272 2506 praeminet,
2309 2446 2516 2490 tantum
2550 2437 2764 2507 ingenio
2794 2453 3087 2506 rerumque
3127 2435 3480 2506 intelligentia
3525 2430 3788 2501 pracellit
3817 2447 3829 2481 :
3861 2426 3936 2495 qui

724 2532 846 2572 cum
880 2522 1164 2589 apostolici
1195 2527 1395 2591 gradus
1435 2525 1764 2580 sublimitate
1811 2541 1976 2596 supra
2009 2541 2197 2581 omnes
2238 2528 2328 2593 sit,
2374 2529 2712 2581 humanitate
2744 2543 2810 2582 ac
2846 2528 3176 2597 benignitate
3207 2526 3346 2581 infra
3396 2539 3587 2580 omnes
3639 2537 3764 2577 esse
3806 2519 3934 2572 vide-

724 2620 812 2666 tur
860 2632 874 2668 :
932 2615 1025 2682 qui
1085 2632 1169 2670 me
1221 2617 1399 2671 adhuc
1430 2619 1822 2675 adolescentem
1868 2621 2128 2691 singulari
2179 2622 2550 2676 benevolentia
2585 2622 2901 2691 complexus
2941 2632 3067 2675 est:
3102 2621 3196 2691 qui
3244 2637 3331 2673 me
3364 2634 3471 2672 non
3523 2618 3701 2672 solum
3737 2615 3936 2676 verbis,

726 2708 820 2762 sed
869 2709 1033 2764 etiam
1087 2712 1346 2779 praeclaro
1392 2715 1638 2784 exemplo
1687 2731 1808 2780 suo,
1847 2726 1901 2770 et
1951 2717 2017 2771 ad
2067 2717 2208 2786 juris
2259 2727 2366 2770 tam
2422 2718 2616 2785 privati
2678 2732 2841 2784 quam
2896 2715 3094 2784 publici
3147 2713 3395 2768 notitiam
3431 2708 3853 2778 assequendum,
3894 2715 3936 2760 et

726 2797 794 2851 ad
865 2799 978 2853 haec
1040 2799 1144 2854 alia
1203 2802 1474 2856 sanctiora
1533 2805 1743 2865 studia,
1802 2820 1925 2874 qua:
1983 2806 2036 2858 in
2106 2815 2306 2860 sortem
2373 2806 2466 2860 Dei
2523 2817 2745 2863 vocatos
2812 2807 3048 2863 maxime
3112 2808 3341 2869 decent,
3414 2803 3594 2857 verbis
3658 2803 3774 2856 suis
3843 2799 3935 2862 iam

727 2893 856 2948 olim
893 2894 1106 2964 impulit
1146 2912 1209 2951 ae
1254 2896 1600 2952 stimulavit:
1637 2898 1730 2967 qui
1796 2913 2044 2952 summus
2102 2898 2356 2954 Ecclesia:
2401 2898 2642 2969 pontifex
2687 2898 3055 2959 renuntiatus,
3109 2910 3325 2967 postero
3383 2895 3673 2951 electionis
3739 2893 3843 2957 die,
3888 2904 3938 2946 ut

728 2987 1012 3044 liberiores
1035 2990 1167 3043 mihi
1197 2990 1261 3043 ad
1293 3005 1416 3044 eum
1446 2989 1624 3042 aditus
1665 2997 1870 3055 essent,
1916 2990 2054 3044 inter
2096 2989 2412 3054 familiares,
2454 2989 2543 3060 qui
2589 2989 2658 3042 ab
2699 2989 2890 3042 intimo
2916 2988 3170 3042 cubiculo
3218 2995 3366 3052 sunt,
3419 2985 3660 3054 primum
3713 2982 3934 3036 omnium

726 3081 949 3144 ascivit,
973 3091 1027 3134 et
1063 3083 1445 3151 triennimpost
1474 3097 1504 3134 a
1555 3083 1775 3136 secretis
1803 3097 1971 3136 sacra:
2007 3081 2442 3152 congregationis
2479 3096 2642 3150 super
2673 3079 2836 3134 rebus
2867 3078 3340 3134 consistorialibus
3377 3075 3674 3130 declaravit
3703 3092 3716 3127 :
3743 3073 3832 3142 qui
3857 3071 3936 3126 de-

732 3186 904 3234 mum,
937 3187 1061 3225 cum
1108 3188 1291 3226 rerum
1332 3173 1824 3227 ecclesiasticarum
1871 3173 2173 3247 scientiam,
2205 3181 2256 3226 et
2288 3186 2564 3226 sacrarum
2619 3172 2920 3226 litterarum
2956 3169 3135 3224 studia
3169 3185 3276 3224 non
3331 3167 3494 3222 modo
3531 3166 3585 3219 in
3617 3179 3677 3220 se
3707 3173 3846 3218 amet
3886 3178 3937 3214 ac

731 3261 940 3333 diligat,
973 3262 1064 3316 sed
1088 3263 1248 3316 etiam
1283 3263 1335 3315 in
1362 3262 1483 3317 aliis
1511 3277 1630 3315 esse
1661 3277 1822 3330 quam
1853 3263 2087 3315 maxime
2111 3263 2317 3330 cupiat,
2360 3277 2580 3330 parvam
2633 3276 2805 3314 meam
2838 3259 3220 3313 bibliothecam
3248 3256 3524 3326 prreclaris
3558 3254 3676 3308 suis
3704 3250 3935 3321 operibus

737 3349 810 3404 De
861 3351 1245 3419 beatiﬁcationu
1293 3360 1341 3405 et
1404 3353 1805 3405 canonizatioue
1859 3367 2123 3405 servorum
2176 3351 2310 3415 Dei,
2358 3351 2432 3403 De
2489 3350 2616 3403 Iesu
2664 3350 2860 3404 Christi
2921 3347 3212 3416 Manisque
3261 3350 3374 3417 ejus
3440 3347 3615 3414 festis,
3667 3343 3743 3398 De
3789 3341 3937 3393 misse

733 3444 996 3513 sacriﬁcio
1046 3446 1338 3500 liberaliter
1388 3446 1604 3502 donatis
1662 3447 1940 3512 instruxit,
1991 3464 2100 3517 quo
2126 3461 2351 3502 munere
2379 3445 2510 3499 nihil
2539 3446 2670 3499 mihi
2705 3445 3039 3516 splendidius
3070 3439 3607 3513 magnificentiusque
3639 3449 3761 3489 esse
3797 3434 3936 3488 duco.

739 3533 945 3594 Valete.

981 3697 1162 3758 Romae,
1207 3698 1439 3748 Kalendis
1461 3697 1591 3746 Junii
1632 3698 1747 3746 1746

2900 3751 3126 3801 Nicotaus
3149 3751 3461 3799 Amossuus

2309 3845 2539 3907 Ejusdem
2565 3857 2661 3893 sae.
2693 3844 2900 3904 Collegii
2925 3849 2976 3890 et
2995 3855 3090 3890 sae.
3115 3841 3397 3891 Consistorii
3422 3853 3448 3888 a
3473 3837 3680 3888 secretis

812 3975 890 4046 (ι)
922 3976 1002 4033 Ad
1028 3991 1117 4034 an.
1149 3977 1268 4042 540,
1300 3995 1351 4032 n.
1387 3975 1475 4031 Xl.
