4068 6310
127 367 209 423 601
774 373 857 429 DE
901 376 1172 436 TlTULlS
1215 381 1660 441 PSALMORUM.
1698 414 1768 426 —
1803 380 2609 439 ANTONELLIlPREFATlO.
3213 375 3318 431 602

124 498 326 550 sequor,
354 500 384 540 a
412 486 698 552 sententia,
725 497 777 541 et
811 501 988 546 mente
1021 496 1354 552 sanctissimi
1400 498 1642 554 doctoris
1689 498 2040 553 discederem.
2088 497 2339 551 Albertus
2383 494 2664 548 Fabricius
2695 491 2877 546 scribit
2928 488 3217 560 Hamburgi
3260 491 3316 545 in

125 575 431 631 bibliotheca
458 575 702 632 Joannea
732 590 943 637 exstare
973 587 1394 656 manuscriptam
1430 590 1732 644 versionem
1780 588 2026 643 Latinam
2079 586 2134 641 S.
2179 587 2456 641 Athanasii
2502 587 2555 638 in
2594 586 2830 640 Psalmos
2884 587 3210 641 elaboratam
3249 587 3318 641 ab

125 667 226 722 Elia
263 669 550 740 Eliingero,
593 671 684 740 qui
734 673 919 726 codice
951 674 1138 730 Graeco
1190 677 1528 732 bibliothecae
1571 680 1896 749 Augustanze
1932 694 2063 732 usus
2095 684 2196 730 cst.
2245 678 2325 730 An
2373 677 2460 728 illa
2496 676 2778 729 translatio
2807 675 2875 729 sit
2908 674 3132 742 hujusce
3171 688 3314 727 com-

126 761 381 826 meutarii,
421 777 515 816 seu
546 764 923 834 metaphrasis,
951 784 1110 836 quam
1147 786 1290 826 nunc
1344 772 1394 824 in
1437 773 1606 826 lucem
1635 773 1851 835 damus,
1880 787 1947 825 an
1974 787 2102 825 vero
2133 770 2354 824 alterius
2382 769 2601 823 omnino
2632 769 2874 831 diverse,
2904 778 3050 822 certo
3083 778 3318 822 statuere

127 871 221 911 non
255 859 453 925 ausim,
485 875 607 913 cum
635 860 700 913 ad
731 874 924 914 manus
971 876 1118 916 meas
1152 877 1256 915 non
1303 866 1622 932 pervenerit.
1677 862 1777 917 Sed
1815 864 1859 918 si
1891 864 2202 931 conjectura
2238 877 2393 932 agere
2424 861 2563 924 licet,
2606 860 3067 914 vcrosimillimum
3100 859 3317 929 quidem

126 961 216 1014 est,
251 953 552 1020 hujusmodi
583 955 1030 1008 commentarium
1076 955 1131 1010 S.
1177 957 1474 1011 Athanasio
1509 961 1799 1028 ascriptum
1835 960 1956 1012 aliis
1978 959 2086 1027 jam
2116 960 2165 1011 in
2193 959 2363 1011 lucem
2391 957 2547 1012 editis
2577 956 2796 1009 minime
2819 970 2936 1010 esse
2965 955 3315 1019 dissimilem;

127 1061 236 1098 nam
267 1046 309 1099 si
342 1061 500 1102 secus
531 1048 689 1113 foret,
727 1049 778 1102 id
811 1051 984 1116 ipsum
1011 1048 1463 1113 animadvertere,
1492 1066 1553 1103 ac
1584 1050 1877 1104 lectoribus
1911 1050 2025 1104 suis
2058 1049 2315 1114 indicare,
2349 1059 2409 1102 ut
2435 1052 2484 1102 in
2520 1062 2614 1104 sua
2652 1046 2972 1100 Bibliotheca
3007 1048 3205 1116 passim
3239 1045 3319 1100 fa-

125 1150 231 1190 cere
257 1138 386 1191 solet
410 1139 810 1194 eruditissimus
840 1153 990 1207 atque
1020 1153 1082 1191 ac
1107 1139 1551 1207 diligentissimus
1586 1142 1687 1204 vir,
1715 1157 1821 1194 non
1856 1143 2283 1210 praetermisisset

185 1231 265 1284 IV.
307 1230 408 1285 Sed
440 1231 696 1301 quoniam
731 1233 868 1286 idem
905 1233 1161 1286 Albertus
1193 1230 1473 1288 Fabricius
1508 1235 1685 1287 varias
1715 1232 2052 1287 Psalmorum
2089 1236 2474 1303 expositiones,
2508 1248 2628 1302 quae
2669 1231 2724 1286 S.
2753 1231 3049 1285 Athanasio
3073 1233 3317 1286 tribuun-

125 1338 218 1390 tur,
255 1340 494 1381 recenset
521 1328 620 1398 (5),
648 1343 822 1397 opera:
858 1328 1089 1396 pretium
1119 1339 1202 1382 est
1238 1328 1357 1396 ejus
1389 1329 1547 1382 verba
1576 1330 1676 1383 hoc
1700 1330 1819 1384 loco
1855 1329 2051 1384 referre
2080 1347 2090 1380 :
2122 1350 2138 1380 ι
2166 1329 2541 1400 Expusitiones
2577 1333 2626 1385 in
2661 1333 2920 1398 Psalmos,
2954 1353 2972 1384 ι
2995 1334 3066 1386 ait
3095 1335 3318 1403 loquens

123 1417 179 1469 de
216 1415 465 1484 operibus
496 1417 667 1470 sancti
698 1417 999 1482 Athanasii,
1037 1437 1054 1468 ι
1081 1435 1312 1487 quarum
1344 1419 1537 1489 exigua
1569 1421 1965 1490 apospasmatia
2008 1422 2251 1488 qua-dam
2284 1432 2514 1476 verterat
2544 1420 2866 1491 Politianus,
2911 1434 3071 1494 atque
3109 1427 3319 1494 priores

122 1511 363 1565 editiones
394 1509 595 1564 Graeca:
621 1521 671 1564 et
707 1509 908 1566 Latina:
937 1513 1320 1574 cahihuerant,
1353 1512 1535 1567 Daniel
1566 1515 1692 1567 item
1722 1513 1994 1568 Barbarus
2029 1516 2285 1568 nonnulla
2319 1525 2370 1569 et
2395 1516 2685 1571 Corderins
2716 1519 3055 1588 vulgaverant
3089 1518 3142 1571 in
3173 1530 3320 1575 cate-

124 1604 196 1656 nis
221 1602 432 1658 Patrum
464 1603 534 1656 ad
560 1603 844 1656 Psalmos:
877 1605 968 1658 sed
1001 1602 1334 1657 Benedictini
1372 1605 1526 1673 longe
1561 1606 1896 1674 copiosiores
1934 1605 1985 1658 in
2020 1615 2190 1659 totum
2230 1605 2547 1661 Psalterium
2569 1649 2582 1669 ,
2616 1608 2739 1661 licet
2765 1625 2863 1663 nec
2891 1610 2966 1664 ita
2991 1612 3196 1678 plenas,
3226 1621 3319 1666 aut

124 1698 358 1766 integras,
387 1713 416 1751 e
448 1697 723 1752 codicibus
751 1696 933 1767 Regiis
958 1705 1011 1751 et
1043 1696 1370 1751 Colbertinis
1402 1707 1738 1762 catenarum,
1767 1708 1821 1751 et
1847 1699 2246 1768 expositionum
2290 1700 2344 1750 in
2377 1697 2617 1753 Psalmos
2650 1702 2879 1755 offerunt
2910 1719 2960 1772 p.
2993 1704 3316 1761 1009-1259.

123 1785 385 1841 Mediolani
433 1789 489 1841 in
543 1787 863 1843 bibliotheca
898 1789 1259 1843 Ambrosiana
1290 1798 1585 1842 occurrunt
1638 1791 2028 1844 commentaria
2059 1791 2336 1845 Athanasii
2383 1791 2436 1843 in
2472 1790 2709 1846 l’salmos
2737 1791 2919 1848 Graece
2946 1796 3214 1866 descripta
3253 1815 3321 1853 ex

122 1879 286 1933 codice
316 1879 445 1932 bibl.
481 1878 829 1946 Scorialensi,
867 1891 919 1934 et
946 1880 1134 1935 Latine
1163 1881 1369 1934 reddita
1402 1881 1514 1934 sive
1541 1881 1607 1934 ab
1636 1881 1870 1934 Antonio
1894 1881 2114 1952 Giggeo,
2153 1883 2265 1936 sive
2293 1884 2397 1935 alio
2421 1885 2676 1952 quodam.
2704 1885 2779 1940 Ex
2809 1887 2913 1942 illis
2940 1901 3317 1958 argumentum

121 1970 168 2022 in
187 1969 412 2023 Psalmos
433 1972 658 2042 dignum
689 1973 827 2026 lectu
853 1983 905 2025 et
932 1975 1304 2041 supplementa
1328 1972 1572 2041 quaedam
1605 1976 2120 2028 commentariorum
2147 1974 2292 2027 dedit
2316 1973 2751 2032 Montfaueonius
2780 1979 2833 2032 in
2850 1978 3161 2035 Collectione
3187 2000 3319 2036 nova

126 2060 346 2126 Patrum,
385 2073 522 2116 tom.
555 2061 618 2128 ll,
656 2079 776 2134 pag.
809 2064 1030 2118 70-101.
1056 2062 1606 2116 Animadvertendum
1633 2071 1734 2124 est,
1772 2063 1947 2132 inquit
1978 2063 2116 2115 idem
2151 2063 2233 2114 vir
2260 2063 2594 2119 clarissimus
2618 2067 2671 2119 in
2709 2068 2888 2123 Diario
2913 2070 3122 2136 Italico,
3151 2089 3201 2142 p.
3231 2074 3316 2139 12,

121 2153 266 2206 alium
296 2155 456 2208 etiam
494 2155 947 2210 commentarium
981 2154 1032 2207 in
1065 2154 1165 2207 ista
1197 2153 1544 2215 bibliotheca,
1577 2168 1673 2206 nec
1704 2168 1812 2206 non
1842 2154 1895 2206 in
1929 2152 2113 2206 Museo
2145 2153 2483 2208 Justinianeo
2517 2154 2751 2214 Venetiis
2775 2161 2930 2231 (adde
2959 2180 3078 2234 pag.
3107 2165 3194 2234 69)
3224 2182 3319 2220 oc-

124 2261 336 2309 currere,
362 2247 452 2315 qui
478 2247 763 2302 Athanasii
788 2261 982 2299 nomen
1009 2242 1243 2314 praefert,
1261 2251 1316 2296 at
1345 2243 1624 2297 Athanasii
1657 2243 1835 2313 magni
1862 2260 1985 2298 esse
2017 2245 2220 2314 nequit.
2253 2243 2411 2300 Istius
2435 2247 2646 2302 initium
2667 2260 2747 2304 est
2769 2268 2780 2302 :
2806 2252 3084 2324 Μακάριος
3109 2257 3314 2326 ἀνὴρ...

124 2335 240 2390 αὑτὴ
270 2338 299 2401 ὴ
327 2339 634 2407 προφητεία
667 2337 962 2410 πληροῦται
992 2341 1070 2401 εἰς
1099 2338 1188 2391 τὸν
1240 2337 1436 2408 Ἰωσὴφ
1468 2337 1557 2390 τὸν
1593 2337 1730 2408 Ἀριι

1716 2337 1934 2408 μαθίας.
1981 2337 2307 2394 Athanasius
2361 2341 2415 2392 in
2449 2342 2688 2398 Psalmos
2736 2360 2803 2399 ex
2844 2349 3089 2402 versione
3128 2348 3318 2405 Latina

127 2422 235 2478 Elia;
259 2418 532 2493 Eliingeri,
556 2426 648 2494 qui
679 2426 863 2480 codice
886 2425 1072 2480 Grzeco
1096 2425 1433 2479 bibliotheca:
1474 2426 1802 2494 Augustanae
1827 2443 1958 2482 usus
1989 2426 2108 2494 fuit,
2127 2439 2301 2483 exstat
2328 2446 2428 2484 ms.
2465 2432 2517 2484 in
2549 2432 2864 2489 bibliotheca
2888 2434 3125 2492 Joannea
3161 2439 3320 2507 hujus

123 2517 252 2570 urbis
279 2516 725 2587 Hamburgensis.
765 2517 958 2572 Habuit
995 2519 1158 2572 etiam
1215 2520 1495 2573 Athanasii
1530 2521 1583 2571 in
1619 2518 1859 2572 Psalmos
1898 2526 2350 2576 commentarium
2380 2523 2563 2580 Graece
2589 2526 2914 2598 descriptum
2944 2530 3320 2608 \‘VageuSL-lius

123 2610 488 2680 ὁμακαρίτης,
527 2610 665 2663 unde
695 2619 937 2663 asservat
966 2610 1213 2664 eumdem
1257 2610 1454 2680 Lipsia:
1485 2611 1536 2663 in
1567 2611 1737 2678 patria
1776 2627 1893 2664 mea
1927 2613 2216 2667 thesaurus
2248 2615 2499 2668 librarius
2530 2618 2848 2685 amplissimi
2877 2633 3116 2678 senatus.
3141 2624 3319 2696 Expo-

125 2701 346 2753 sitionem
375 2700 664 2753 Athanasii
698 2701 746 2751 in
770 2699 1011 2754 Psalmos
1042 2702 1301 2756 Serviana
1338 2704 1518 2772 lingua
1550 2707 1652 2770 (est
1682 2703 1794 2756 haec
1818 2703 2029 2757 Slavica
2060 2705 2344 2775 dialectus)
2381 2722 2481 2760 ms.
2511 2707 2561 2760 in
2589 2709 2910 2768 bibliotheca
2937 2713 2994 2768 S.
3024 2716 3318 2775 Salvatoris

127 2789 376 2855 Bononiae,
404 2803 570 2862 atque
600 2794 826 2848 Arabice
853 2811 954 2847 una
981 2810 1102 2849 cum
1130 2794 1369 2863 Epistola
1403 2796 1470 2849 ad
1501 2795 1869 2850 Marcellinum
1901 2799 1952 2852 in
1981 2799 2302 2854 bibliotheca
2331 2801 2685 2856 Ambrosiana
2709 2806 2892 2860 codice
2919 2807 3022 2862 500
3051 2826 3317 2867 annorum

128 2895 362 2938 memorat
402 2886 542 2938 idem
581 2883 1017 2939 Montfauconius
1053 2884 1119 2938 ad
1163 2885 1519 2941 Athanasium
1554 2893 1684 2938 tom.
1731 2885 1786 2952 Ι,
1842 2903 1962 2957 pag.
1999 2887 2135 2943 1005
2176 2900 2227 2942 et
2264 2888 2419 2944 1006.
2455 2889 2773 2963 Fragmenta
2808 2900 3316 2955 commentarioer

126 2978 379 3033 Athanasii
410 2980 462 3030 in
497 2976 740 3031 Psalmos
772 2994 799 3030 a
846 2977 1003 3032 Petro
1031 2978 1396 3035 Felekmanno
1442 2982 1666 3036 collecta
1699 2998 1729 3036 e
1764 2980 1962 3037 Nicetae
1995 2986 2347 3052 metropolita:
2377 2983 2643 3041 Heraclea:
2669 2987 2962 3060 Συναγωγῇ
3009 2990 3322 3064 ἐξηγήσεων

127 3074 169 3124 iu
201 3074 398 3141 priores
433 3073 676 3143 psalmos
707 3073 774 3127 72
805 3085 1170 3147 manuscripta
1197 3077 1249 3131 in
1282 3077 1605 3132 bibliotheca
1638 3077 1903 3145 Palatina,
1941 3095 2060 3149 pag.
2098 3079 2422 3147 12414262,
2466 3082 2558 3135 lib.
2588 3098 2659 3148 ιι,
2686 3098 2805 3152 pag.
2842 3086 2965 3137 5H.
2991 3107 3009 3137 ι
3051 3086 3320 3145 Hactenus

127 3167 395 3224 Fabricius.

185 3265 240 3318 V.
266 3265 650 3331 Quamobrem,
693 3282 815 3323 cum
846 3264 1028 3333 plures
1053 3266 1162 3318 sint
1190 3263 1531 3320 Psalmorum
1558 3266 1945 3336 expositiones,
1975 3284 2094 3337 qua!
2121 3266 2178 3323 S.
2211 3267 2490 3324 Athanasii
2519 3284 2711 3325 nomen
2751 3271 3068 3343 inscriptum
3113 3289 3222 3343 prae
3262 3291 3322 3330 se

128 3355 302 3421 ferunt,
326 3374 545 3414 necesse
566 3367 648 3413 est
669 3358 890 3428 paulum
916 3355 1120 3426 aliquid
1144 3356 1209 3412 de
1243 3356 1351 3412 illis
1377 3358 1665 3420 disserere,
1693 3375 1800 3428 quo
1831 3361 2002 3430 magis
2027 3371 2362 3427 compertum
2391 3362 2500 3428 fiat,
2528 3377 2594 3416 an
2627 3379 2711 3428 ea,
2741 3381 2901 3434 quam
2934 3367 2984 3418 in
3019 3367 3190 3421 lucem
3223 3368 3320 3422 da-

128 3460 248 3504 mus.
275 3457 524 3516 tanquam
551 3449 845 3518 genuinum
893 3447 1012 3516 ejus
1042 3462 1179 3517 opus
1225 3448 1573 3503 sanctissime
1605 3447 1826 3503 Doctori
1857 3452 1926 3503 sit
1959 3449 2297 3505 ascribcnda.
2335 3451 2410 3505 Ac
2444 3454 2674 3520 primum
2704 3454 2861 3507 verba
2898 3454 3093 3509 faciam
3135 3457 3200 3510 de
3234 3457 3324 3514 illa

127 3555 226 3607 qua:
253 3538 527 3594 Mediolani
567 3541 619 3593 in
649 3541 977 3598 bibliotheca
1009 3543 1388 3609 Ambrosiana,
1419 3557 1473 3599 et
1504 3544 1741 3598 Venetiis
1791 3545 1845 3598 iu
1891 3545 2214 3600 bibliotheca
2250 3544 2584 3600 Justinianea
2620 3552 2904 3616 reperitur.
2952 3548 3099 3604 lianc
3139 3561 3327 3608 autem

127 3643 290 3688 sancto
315 3635 613 3692 Athanasio
639 3638 919 3707 abjudieat
949 3635 1107 3690 Pater
1133 3635 1592 3701 Montfauconius,
1616 3637 1998 3704 existimatque
2023 3636 2104 3688 vel
2141 3634 2276 3689 falso
2304 3637 2582 3691 Athanasii
2607 3653 2800 3691 nomen
2830 3637 3146 3706 inscriptum
3176 3657 3320 3708 esse,

128 3730 196 3782 vel
222 3732 428 3787 alterius
472 3734 758 3788 Athanasii
792 3734 958 3787 fuisse
1001 3747 1195 3801 magno
1225 3732 1524 3786 Athanasio
1563 3730 1898 3787 recentior-is.
1963 3729 2096 3783 Nam
2132 3730 2183 3782 in
2217 3731 2586 3786 admonitione
2615 3749 2734 3802 qua:
2762 3734 3034 3803 proposita
3069 3745 3151 3788 est
3189 3751 3321 3807 sup-

129 3822 367 3889 plemento
396 3826 911 3880 commentariorum
941 3828 994 3877 in
1022 3825 1266 3878 Psalmos
1293 3827 1346 3879 in
1377 3824 1529 3878 Nova
1560 3824 1863 3878 collectione
1895 3821 2118 3876 Patrum
2152 3833 2199 3877 et
2232 3825 2546 3893 scriptorum
2573 3823 2894 3891 ercorum,
2928 3827 3053 3881 talia
3090 3827 3281 3882 scribit
3303 3845 3320 3857 ·

134 3913 413 3972 cLectorem
438 3932 658 3971 munere
677 3916 849 3986 juvat,
872 3919 1319 3972 commentarium
1349 3918 1512 3971 alium
1536 3917 1817 3971 Athanasii
1844 3918 2060 3969 nomine
2093 3915 2220 3969 ferri
2259 3916 2310 3967 in
2340 3915 2664 3969 bibliotheca
2695 3913 3032 3970 Justinianea
3061 3915 3320 3984 Venetiis,

129 4007 270 4076 inque
298 4009 650 4063 Ambrosiana
682 4007 990 4072 Mediolani,
1028 4025 1251 4080 prorsus
1277 4010 1551 4063 diversum
1581 4009 1648 4062 ab
1677 4010 1735 4063 ed

1715 4010 1842 4073 dito,
1875 4009 2031 4077 cujus
2062 4008 2274 4061 initium
2303 4026 2315 4060 :
2357 4007 2418 4058 'H
2446 4008 2542 4077 μὲν
2567 4008 2868 4080 προφητεία
2917 4009 3213 4081 πληροῦται
3241 4012 3321 4074 εις

128 4101 205 4152 σὺν
240 4102 424 4174 Ἰωσὴφ
456 4103 547 4157 τὸν
584 4102 934 4175 Ἀριμαθαίον
960 4123 973 4135 ·
1010 4107 1103 4160 sed
1135 4123 1256 4160 cum
1290 4124 1318 4160 a
1355 4107 1568 4160 nemine
1595 4106 1734 4175 scrip

1713 4116 1922 4175 ptorum
1956 4114 2309 4169 memoretur,
2340 4104 2423 4156 vel
2451 4104 2669 4158 alterius
2713 4114 2901 4158 nostro
2931 4109 3144 4176 gentilis
3183 4123 3319 4173 opus

133 4196 285 4259 fuerit,
313 4199 389 4253 vel
424 4201 776 4254 Athanasium
811 4200 960 4254 illum
991 4217 1243 4270 magnum
1275 4200 1582 4255 ementitur.
1609 4221 1625 4250 ν
1648 4198 1711 4253 Ει
1737 4201 1790 4253 in
1826 4199 2009 4252 Diario
2043 4197 2233 4252 Italico
2250 4198 2322 4268 (6)
2351 4213 2636 4252 recensens
2660 4198 2874 4253 codices
2897 4215 2926 4252 a
2959 4215 3015 4254 se
3043 4201 3094 4252 in
3126 4199 3323 4266 biblio-

132 4291 267 4345 theca
294 4294 654 4349 Ambrosiana
685 4295 958 4366 inspectos
991 4312 1003 4347 :
1035 4295 1606 4350 «Animadvertendum
1636 4304 1738 4361 est,
1767 4295 2140 4364 inquit,alinm
2165 4295 2612 4349 commentarium
2645 4295 2696 4348 in
2726 4295 2825 4348 ista
2858 4295 3198 4359 bibliotheca,
3222 4310 3322 4352 nec

132 4397 222 4437 non
251 4387 298 4439 in
324 4387 504 4442 Museo
528 4387 867 4445 Justinianeo
895 4388 1134 4443 Venetiis
1164 4404 1470 4456 occurrere,
1499 4391 1588 4460 qui
1621 4389 1902 4444 Athanasii
1933 4405 2131 4444 nomen
2158 4393 2285 4442 item
2319 4386 2572 4457 praefert:
2603 4397 2656 4440 at
2676 4388 2959 4441 Athanasii
2999 4390 3173 4457 magni
3200 4404 3321 4445 esse

135 4477 309 4545 nequit.
342 4478 670 4534 Germanum
711 4483 856 4536 enim
891 4484 1119 4552 singulis
1151 4482 1320 4537 ferme
1351 4484 1562 4552 paginis
1591 4483 1776 4538 multis
1817 4490 1938 4552 post
1968 4480 2325 4534 Athanasium
2362 4478 2574 4533 sa-culis
2608 4479 2970 4558 patriarcham
3010 4477 3323 4534 Constanti-

136 4573 469 4642 nopolitanum
495 4587 851 4632 memoratum
884 4581 1152 4634 novimus.
1178 4563 1333 4632 lsiius
1362 4579 1574 4632 initium
1600 4585 1681 4631 est
1706 4593 1717 4627 :
1740 4577 2022 4646 Μακάριος
2056 4576 2244 4646 ἀνήρ,›
2275 4582 2377 4628 ete.
2405 4572 2470 4626 Et
2503 4571 2554 4625 iu
2583 4571 2769 4626 eodem
2791 4571 2971 4622 Diario
3001 4571 3228 4641 loquens
3254 4572 3320 4628 de

134 4664 397 4724 bibiothcca
423 4669 759 4748 lustiuianea
789 4673 863 4726 ait
889 4687 902 4723 :
938 4672 1132 4726 «Adest
1153 4687 1367 4741 quoque
1392 4672 1818 4726 commentarius
1844 4670 2122 4723 Athanasii
2157 4671 2212 4722 in
2242 4666 2501 4733 Psalmos,
2525 4669 2681 4737 cujus
2707 4668 2955 4736 scriptor,
2977 4667 3056 4720 vel
3080 4667 3322 4721 Athana-

134 4761 249 4813 sium
277 4766 593 4833 ementitur,
631 4769 713 4821 vel
743 4768 882 4823 alius
913 4767 1198 4838 ὁμώνυμος
1232 4777 1314 4822 est
1344 4768 1532 4822 titulus
1563 4782 1575 4818 :
1610 4766 1737 4819 Βίὸλ

1709 4767 1793 4830 λος
1826 4764 1918 4818 τοῦ
1956 4766 2402 4836 προφητάνακτος
2437 4763 2616 4824 Δαὸὶδ,
2648 4761 2740 4813 καὶ
2775 4759 2915 4812 θείου
2947 4760 3315 4829 ὑμνογράφου,

135 4848 264 4905 Liber
308 4859 563 4923 propheta:
601 4861 754 4928 regis,
804 4877 864 4913 ac
903 4858 1066 4911 divini
1098 4861 1404 4928 hymnorum
1432 4859 1741 4929 scriptorisl

1729 4858 1962 4911 Davidis.
2002 4857 2129 4912 Post
2161 4861 2272 4912 haec
2301 4875 2312 4908 :
2357 4857 2644 4928 Ἐξὴγησις
2681 4853 2773 4906 τοῦ
2816 4855 2872 4906 ὲν
2901 4853 3072 4919 ἁγίοις
3107 4851 3318 4922 Πατρὸς

133 4941 264 5010 ἡμῶν
316 4947 655 5002 ἈΘανασὶου·
710 4947 985 5020 Expositio
1026 4950 1082 5005 S.
1109 4950 1290 5005 Patris
1336 4953 1500 5005 nostri
1537 4950 1834 5005 Athanasii.
1880 4948 2019 5003 Idem
2070 4949 2488 5004 commentarius
2530 4957 2643 5012 est,
2675 4956 2834 5015 atque
2879 4946 2965 4999 ille
3009 4946 3075 4998 de
3103 4961 3211 5014 quo
3263 4946 3317 4998 in

136 5031 453 5093 Ambrosiana
481 5057 700 5110 supra.»
729 5040 793 5095 Et
811 5044 1070 5113 quoniam
1094 5043 1197 5096 erit
1223 5041 1451 5096 fortasse
1477 5043 1672 5111 aliquis
1697 5058 1875 5095 rerum
1901 5039 2382 5094 ecclesiasticarum
2410 5037 2704 5097 studiosus,
2723 5036 2813 5105 qui
2843 5035 3315 5099 commentarium,

137 5123 265 5192 cujus
295 5128 422 5186 locis
451 5147 615 5201 supra
653 5133 882 5189 laudatis
927 5131 1181 5189 meminit
1215 5132 1649 5188 Montfauconius
1670 5173 1684 5197 ,
1728 5133 1772 5187 si
1817 5147 1922 5185 non
1976 5141 2144 5184 totum
2167 5171 2180 5194 ,
2218 5137 2361 5183 certe
2387 5145 2450 5184 ex
2483 5142 2633 5196 parte
2665 5131 2926 5201 inspicere
2951 5130 3314 5195 desiderabit;

137 5212 254 5272 haud
283 5221 537 5293 ingratam
569 5242 657 5281 me
699 5228 888 5284 lectori
919 5227 1339 5284 remJacturum
1367 5229 1593 5295 credidi,
1627 5238 1684 5282 ut
1715 5243 1869 5284 suam
1901 5227 1966 5281 de
1996 5243 2061 5280 co
2093 5223 2416 5281 sententiam
2446 5235 2614 5281 tutius
2647 5225 2790 5281 ferre
2819 5225 3008 5296 possit,
3039 5225 3083 5280 si
3117 5240 3181 5278 ex
3217 5239 3314 5278 eo-

135 5306 235 5363 dem
265 5319 648 5373 commentario
680 5324 1072 5391 expositionem
1103 5326 1156 5379 in
1185 5322 1422 5394 primum
1457 5323 1513 5379 S.
1551 5324 1694 5393 regis
1723 5322 1943 5377 Davidis
1979 5324 2244 5392 psalmum
2283 5324 2384 5377 hoc
2414 5322 2533 5376 loco
2555 5321 2932 5391 ascripserim;
2955 5333 3071 5374 eam
3096 5318 3311 5388 quidem

135 5407 355 5476 scriptam
388 5413 566 5469 inveni
599 5416 650 5469 in
682 5419 884 5488 pagella
916 5420 1120 5474 inserta
1151 5421 1205 5473 in
1236 5428 1485 5475 nostrum
1516 5420 1780 5483 codicem,
1804 5429 1856 5473 et
1886 5420 2108 5474 minime
2127 5435 2248 5473 cum
2275 5419 2393 5472 aliis
2420 5416 2624 5472 codicis
2653 5416 2860 5487 paginis
2889 5421 3073 5469 assuta
3107 5421 3160 5468 et
3183 5428 3317 5468 con-

137 5498 379 5562 gluenata.
413 5509 565 5573 Quod
599 5528 662 5567 eo
695 5513 946 5570 libentius
980 5517 1141 5578 facio,
1179 5516 1306 5586 quia
1339 5516 1392 5569 in
1424 5519 1780 5586 expositione,
1827 5534 1987 5588 quam
2027 5518 2078 5571 in
2109 5518 2384 5586 publicum
2412 5516 2571 5572 edere
2600 5514 2783 5580 statui,
2815 5528 3006 5568 manca
3035 5522 3117 5568 est
3149 5511 3317 5568 inter-

137 5599 331 5658 Pretatio
361 5603 518 5671 primi
555 5609 769 5676 psalmi.
800 5608 985 5681 Itaque
1015 5611 1159 5666 illius
1192 5612 1311 5666 loco
1339 5615 1696 5683 supplementi
1724 5614 1836 5670 vice
1868 5615 1980 5669 haec.
2010 5614 2129 5678 erit,
2159 5629 2278 5683 quae
2303 5612 2425 5668 talis
2457 5620 2559 5668 est.

279 5753 410 5843 “Lib.
430 5777 467 5843 tv
491 5760 635 5816 Bibl.
667 5765 859 5843 Grca,
897 5786 1012 5843 pag.
1040 5772 1146 5826 504
1179 5772 1305 5842 (vet.
1337 5773 1507 5842 edit.).

191 5819 255 5888 (θ)
277 5826 398 5895 Cap.
427 5831 482 5892 2,
514 5846 634 5902 pag.
682 5819 760 5892 12.
