4068 6310
141 374 244 432 6θῦ
810 383 900 440 DE
940 385 1214 444 TITULIS
1253 388 1705 449 PSALMORUM.
1747 425 1819 436 —
1857 392 2246 452 ANTONELLI
2281 392 2670 452 PREFATIO.
3285 392 3387 444 606

139 496 547 565 exscripsimus.
582 499 782 573 Estque
807 508 976 562 codex
1009 510 1096 565 ille
1126 525 1314 567 recens
1340 512 1407 566 ab
1436 515 1733 584 antiquiori
1769 515 2096 572 Scorialensi
2123 517 2467 587 desumptus.
2502 516 2635 571 Nam
2667 524 2727 572 ut
2752 515 2805 572 in
2836 516 3116 572 Athanasii
3152 514 3317 577 edito,
3350 529 3379 566 a

138 586 292 640 nobis
324 589 463 643 haud
513 590 588 645 ita
644 593 850 664 pridem
894 595 1178 666 adornato,
1226 601 1561 669 monuimus,
1605 605 1972 674 expositiones
2000 607 2103 661 illm
2145 586 2424 664 Athanasii
2456 624 2562 664 non
2593 609 2845 663 omnibus
2875 608 2990 663 suis
3028 605 3298 677 partibus,
3328 613 3382 659 et

139 676 382 731 numeris
410 678 676 737 absolutae
701 693 848 752 sunt,
889 687 982 742 sed
1011 693 1426 746 amanuensium
1455 694 1682 749 ausibus
1714 700 1913 765 passim
1945 707 2224 762 truncatur,
2253 711 2305 754 et
2335 700 2386 754 in
2421 702 2798 770 compendium
2829 701 3056 755 redactae
3086 718 3099 753 :
3128 697 3376 767 quaedam

138 767 296 820 etiam
329 785 396 823 ex
431 775 640 829 catenis
669 785 859 832 erutae.
895 775 1036 832 Nihil
1078 797 1260 836 tuoror
1307 785 1624 854 scriptorem
1657 803 1964 856 nuperum,
2014 791 2106 860 qui
2137 792 2505 860 espositiones
2555 794 2672 849 illas
2721 794 2775 846 in
2825 793 3062 846 Psalmos
3108 805 3215 844 non
3255 802 3376 843 esse

137 859 418 917 Athanasii
448 881 789 938 prtepropere
813 877 1222 944 pronuntiavit;
1253 881 1344 934 sed
1381 882 1527 935 nulla
1554 883 1732 938 oblata
1765 888 1993 954 negandi
2025 888 2250 943 ratione.
2281 888 2421 942 Nihil
2465 889 2552 942 ille
2587 888 2815 951 curavit,
2854 887 2964 939 imo
3000 886 3179 956 potius
3212 885 3374 939 dissi-

138 953 386 1016 mulavit,
423 957 526 1012 hoc
559 961 762 1029 operis,
796 965 1052 1020 omnibus
1083 977 1204 1038 post
1233 970 1590 1028 Athanasium
1617 977 1852 1040 sacculis,
1883 979 2165 1033 Athanasii
2199 983 2440 1043 nomine,
2472 982 2648 1035 allatis
2673 981 2990 1050 plerumque
3034 978 3189 1041 locis,
3224 985 3281 1030 ut
3317 976 3370 1030 in

141 1046 399 1104 hodierno
425 1057 818 1111 commentario
846 1069 1081 1126 exstant,
1119 1078 1148 1116 a
1181 1064 1453 1135 plerisque
1487 1071 1844 1140 scriptoribus
1896 1074 2186 1128 memorari
2221 1093 2233 1126 :
2263 1074 2398 1128 nihil
2431 1075 2598 1127 movit
2635 1074 2865 1128 affinitas
2911 1073 3053 1144 styli,
3100 1074 3370 1142 verbaque

139 1136 440 1208 frequentia
473 1144 831 1202 Athanasiani
859 1167 1010 1216 usus,
1043 1155 1174 1209 nihil
1209 1159 1480 1225 codicum,
1513 1163 1652 1216 unde
1676 1163 2014 1231 prodierunt,
2048 1175 2284 1220 vetustas
2311 1184 2324 1231 ;
2357 1182 2476 1232 qua:
2505 1181 2634 1219 sane
2669 1174 2921 1220 accurato
2948 1163 3184 1226 censori,
3217 1171 3371 1216 ante-

136 1243 290 1295 quam
321 1233 644 1288 sententiam
689 1235 870 1306 ferret,
918 1244 1061 1298 serio
1089 1256 1245 1301 erant
1290 1252 1629 1306 excutienda.
1676 1252 1870 1308 Verum
1917 1257 2006 1309 ille
2037 1261 2211 1311 nasuti
2244 1274 2302 1312 se
2344 1258 2515 1311 critici
2553 1268 2726 1326 partes
2751 1257 2925 1326 egisse
2955 1255 3192 1324 putavit.
3219 1270 3366 1317 cum.

137 1323 295 1377 missa
335 1325 646 1394 importuna
696 1332 784 1386 illa
829 1335 1184 1408 investigandi
1215 1351 1269 1396 et
1298 1345 1634 1414 disquiremli
1683 1364 1867 1418 opera,
1916 1352 2290 1407 incunctanter
2317 1355 2721 1422 pronuntiavit:
2752 1351 2871 1405 Non
2900 1363 3021 1406 sunt
3056 1352 3367 1414 Athanasii;

138 1421 218 1472 cui
248 1436 345 1476 nos
379 1427 496 1490 pari
530 1427 785 1484 facilitate
819 1435 1132 1501 reponimus
1164 1456 1175 1490 :
1205 1439 1336 1493 Sunt
1374 1446 1690 1508 Athanasii;
1735 1463 1764 1499 a
1792 1463 1896 1516 qua
1927 1464 1982 1500 re
2007 1450 2185 1502 denuo
2216 1450 2617 1518 comprobanda
2646 1464 2745 1502 nos
2772 1447 3040 1512 exemisti,
3070 1447 3196 1500 dmn
3233 1445 3366 1498 nihil

142 1511 325 1576 affers,
356 1530 468 1582 quo
500 1525 574 1570 tot
604 1520 927 1588 scriptorum
963 1526 1290 1594 testimonia,
1325 1541 1506 1602 totque
1534 1536 1636 1608 alia
1676 1539 2027 1609 yvqotritqto;
2071 1550 2384 1609 argumenta
2413 1541 2704 1595 convellas.
2733 1538 2901 1593 Nemo
2928 1555 3056 1594 sane
3088 1537 3245 1610 ειοὺίε
3283 1536 3367 1590 di-

135 1613 246 1653 cam
276 1602 574 1674 impingat,
611 1612 753 1678 quod
789 1629 852 1666 ev
884 1614 1070 1669 achcta
1121 1620 1200 1672 vel
1237 1623 1584 1691 praejudicata
1620 1606 1875 1697 opinione
1906 1632 2090 1699 spuria
2125 1634 2206 1686 vel
2239 1633 2402 1686 dubia
2436 1648 2599 1702 opera
2628 1648 2724 1701 pro
2759 1631 3032 1700 germanis
3062 1641 3112 1684 ct
3142 1629 3366 1682 assertis

133 1690 468 1760 dederimus;
500 1713 620 1750 nam
664 1716 760 1769 pro
789 1706 950 1768 virili,
987 1718 1038 1759 ct
1075 1721 1132 1762 ut
1162 1714 1299 1781 aequi
1337 1718 1472 1771 ratio
1503 1721 1739 1787 postulai.

1756 1730 1827 1784 at,
1861 1722 2068 1787 νοθείας
2089 1762 2102 1784 ,
2140 1723 2220 1776 vel
2249 1725 2598 1793 γνησιὸτητος
2630 1731 2783 1776 notas
2807 1722 3112 1790 quibusque
3148 1718 3362 1788 ιιι-ωηιί-

134 1788 314 1842 simus.
342 1792 424 1847 Ac
454 1793 576 1848 licet
614 1800 810 1870 cuique
842 1803 1070 1860 liberum
1102 1815 1380 1866 sententia
1407 1815 1692 1870 adversum
1729 1835 1829 1873 nos
1861 1819 2094 1874 ferendae
2129 1821 2411 1874 arbitrium
2447 1821 2755 1880 mittamus,
2794 1818 2839 1871 si
2871 1819 2992 1886 quis
3018 1827 3194 1869 tamen
3228 1813 3365 1867 hanc

135 1882 464 1945 provinciam
497 1886 673 1956 adeat,
710 1896 921 1949 nonnisi
953 1902 1197 1957 excussis
1229 1909 1582 1973 argumentis,
1619 1920 1673 1964 et
1720 1913 1882 1975 notis,
1911 1929 2048 1982 quas
2078 1929 2170 1982 pro
2200 1913 2452 1968 facultate
2489 1913 2805 1966 tractatibus
2839 1910 3065 1980 singulis
3094 1905 3362 1979 prannisi-

134 1990 264 2041 mus,
287 1980 493 2047 judicis
519 1994 571 2038 et
604 1991 849 2045 censoris
884 2004 1066 2060 partes
1101 2011 1347 2068 occupet.
1387 2021 1404 2053 ›

200 2072 302 2128 ΠΙ.
345 2075 542 2133 Postea
576 2097 704 2137 vero
738 2091 1065 2144 severiorem
1101 2111 1385 2151 censuram
1435 2102 1487 2153 in
1537 2107 1984 2160 commentarium
2029 2124 2184 2176 super
2223 2106 2486 2168 Psalmos,
2529 2113 2582 2159 et
2630 2105 2682 2157 in
2732 2100 2835 2153 alia
2869 2113 3029 2166 opera
3060 2096 3112 2149 in
3149 2109 3360 2149 sacram

136 2160 460 2235 Scripturam
493 2171 779 2230 Athanasii
831 2183 1051 2236 nomine
1089 2199 1118 2236 a
1159 2183 1262 2240 PP.
1293 2188 1655 2248 Benedictinis
1688 2211 1780 2248 seu
1817 2196 1872 2250 P.
1909 2197 2292 2254 Montfaucono
2334 2201 2474 2252 edita
2523 2198 2645 2250 tulit
2689 2191 2991 2246 Casimirus
3021 2186 3268 2242 Oudinus
3306 2185 3358 2239 in

137 2255 273 2313 hanc
302 2261 524 2317 modum
563 2268 639 2334 (9)
670 2287 681 2321 :
718 2289 734 2320 ι
766 2269 899 2336 Quis
944 2277 1128 2331 credat
1164 2295 1400 2349 unquam
1441 2301 1696 2355 magnum
1724 2289 2103 2356 Athanasium,
2137 2292 2187 2344 in
2225 2293 2369 2345 omni
2399 2292 2504 2343 vita
2543 2298 2620 2341 tot
2656 2283 2882 2343 exsiliis,
2919 2281 3061 2349 fugis
3091 2288 3144 2332 ct
3175 2294 3360 2347 persc-

136 2353 437 2411 cutionibus
468 2361 731 2429 agitatum
761 2405 775 2428 ,
815 2376 1022 2421 tantum
1057 2371 1312 2429 habuisse
1345 2378 1484 2440 otii,
1521 2353 1578 2434 ut
1610 2384 2030 2437 commentarios
2066 2385 2117 2436 in
2163 2381 2429 2447 Psalmos,
2462 2381 2676 2438 Jobi-m,
2737 2375 2980 2434 Cantica,
3014 2370 3359 2439 Evangelium

133 2444 377 2512 Matthzei,
413 2462 468 2506 et
497 2453 672 2518 Lucze,
706 2458 1004 2528 Epistolam
1041 2467 1106 2520 ad
1156 2466 1442 2535 Hebrreos,
1477 2482 1530 2527 ct
1555 2477 1944 2544 expositionem
1988 2481 2041 2532 in
2088 2479 2400 2550 Symbolum
2449 2477 2744 2529 scriberet?
2782 2473 2918 2526 Sunt
2948 2471 3061 2525 hac
3098 2484 3273 2538 nuge,
3308 2478 3362 2523 et

131 2552 426 2596 commenta
452 2549 775 2604 recentioris
794 2550 1013 2606 Gracia:
1044 2556 1286 2625 antiquis
1313 2561 1589 2632 incognita
1623 2569 2002 2637 scriptoribus,
2028 2549 2258 2640 quorum
2289 2569 2473 2624 nullus
2496 2578 2736 2621 veterum
2763 2563 3088 2619 mentionem
3119 2574 3357 2627 unquam

137 2625 273 2718 fecit.
305 2630 475 2688 Miror
504 2635 883 2696 Benedictinos
915 2646 1212 2704 monachos
1238 2651 1309 2703 ita
1342 2667 1536 2716 pueros
1575 2625 1764 2723 fuisse,
1794 2670 1853 2714 ut
1881 2625 2150 2729 excerptis
2191 2663 2308 2716 istis
2341 2673 2392 2714 et
2417 2659 2823 2716 commentariis
2854 2657 3141 2712 adhibeant
3176 2654 3360 2714 fidem,

134 2719 282 2778 dubio
309 2732 519 2797 procul,
551 2742 610 2787 ut
658 2737 712 2789 in
755 2736 858 2792 hac
893 2753 1029 2791 nova
1065 2755 1160 2793 sua
1207 2743 1464 2809 editione,
1496 2763 1696 2805 novum
1741 2753 1977 2823 aliquid,
2014 2755 2138 2808 licet
2171 2755 2360 2811 falsum
2410 2758 2590 2825 magni
2623 2751 2900 2806 Athanasii
2935 2747 3253 2818 produxisse
3279 2744 3362 2802 vi-

133 2813 368 2875 dcantur.
400 2823 841 2884 Commentarius
869 2830 921 2882 in
947 2830 1193 2885 Psalmos
1223 2835 1447 2892 eductus
1471 2855 1534 2893 ex
1562 2845 1846 2900 recentiori
1879 2847 2215 2902 bibliotheca:
2246 2849 2617 2902 Ambrosiana:
2640 2848 2844 2911 codice,
2873 2846 2964 2914 qui
2994 2854 3358 2897 trecentorum

132 2924 385 2969 annorum
417 2932 527 2972 non
559 2930 662 2986 est,
697 2924 898 2993 quique
944 2929 1145 2982 rectius
1173 2932 1344 2987 multo
1373 2935 1444 2989 ob
1473 2938 1675 2994 codicis
1721 2956 1738 2993 ι

1761 2943 2013 2997 ovitatem
2054 2945 2357 2999 Athanasio
2409 2943 2727 3013 patriarcha:
2759 2937 3360 3005 Constantinopolitano

136 3006 478 3075 tribueretur,
513 3015 604 3083 qui
641 3019 742 3070 sub
775 3017 1087 3077 Andronico
1117 3027 1332 3081 seniore
1359 3028 1502 3084 circa
1548 3047 1750 3087 annum
1785 3036 1920 3090 1300
1973 3036 2186 3103 ﬂoruit,
2217 3039 2374 3108 cujus
2409 3047 2620 3094 aetatem
2659 3037 2840 3092 refert.
2895 3036 3006 3090 lmo
3047 3034 3179 3088 alter
3210 3048 3363 3088 com-

135 3103 420 3159 mentarius
452 3106 512 3158 in
534 3106 778 3163 Psalmos
821 3112 872 3165 in
903 3115 1089 3170 eadem
1141 3119 1468 3177 bibliotheca
1499 3124 1657 3196 longe
1685 3128 1946 3196 prolixior
1977 3129 2079 3183 sub
2118 3129 2398 3184 Athanasii
2430 3131 2672 3200 ejusdem
2702 3131 2941 3196 nomine,
2974 3144 3134 3198 quem
3181 3136 3357 3180 tamen

137 3189 295 3259 ipsius
323 3211 430 3250 non
462 3212 586 3252 esse
630 3201 889 3258 evincunt
913 3206 1205 3264 citationes
1238 3210 1460 3267 Patrum
1491 3189 1791 3274 Athanasio
1829 3221 2216 3289 recentiorum,
2256 3223 2332 3276 uti
2368 3221 2565 3278 fatetur
2595 3225 2709 3292 ipse
2739 3222 3047 3276 Bernardus
3080 3221 3146 3273 de
3177 3215 3360 3271 Mont-

133 3282 368 3343 fauconio
405 3291 459 3344 in
515 3291 703 3349 Diario
731 3295 945 3366 Italico,
978 3316 1099 3371 cap.
1131 3302 1185 3366 2,
1220 3320 1337 3374 pag.
1382 3307 1468 3373 1‘2,
1498 3309 1588 3363 ubi
1615 3309 1945 3366 Germanum
1978 3315 2165 3369 multis
2197 3325 2315 3384 post
2357 3315 2715 3370 Athanasium
2753 3313 2966 3368 saeculis
2993 3310 3358 3380 patriarcham

131 3373 778 3453 Constantinopolitanum
817 3403 1177 3449 memoratum
1226 3398 1408 3453 refert.
1446 3420 1464 3450 ι
1496 3400 1619 3456 Hine
1646 3404 1888 3458 convicia
1922 3406 2100 3474 potius
2141 3422 2303 3477 quam
2355 3415 2640 3462 censuram
2685 3405 2879 3461 acriori
2921 3401 3201 3459 stomacho
3228 3415 3360 3456 evo-

134 3471 255 3524 tnuit
282 3473 362 3526 vir
390 3489 419 3527 a
448 3475 730 3532 catholica:
778 3483 1057 3553 religionis
1091 3490 1287 3544 castris
1323 3493 1603 3563 transfuga
1634 3505 1687 3550 et
1719 3498 1951 3561 rebellis,
1999 3499 2154 3567 cujus
2203 3499 2508 3555 refellenda:
2538 3501 2777 3555 audacia:
2806 3499 3138 3568 provinciam
3189 3494 3361 3548 Bene-

137 3559 336 3616 dictinis
364 3563 619 3621 Patribus
649 3569 918 3641 relinquo.
950 3573 1144 3630 Verum
1175 3578 1304 3634 illud
1332 3587 1847 3651 prmtermittendum
1875 3605 1983 3644 non
2015 3600 2117 3654 est,
2145 3593 2288 3658 quod
2311 3593 2558 3661 superius
2588 3593 2843 3646 admonui
2894 3612 2906 3646 :
2941 3589 3362 3646 commentarios

135 3651 183 3702 in
217 3652 450 3712 Psalmos
487 3660 769 3718 Athanasii
804 3669 1027 3724 nomine
1060 3671 1128 3726 ab
1161 3673 1294 3743 ipsis
1320 3677 1494 3734 editos
1521 3681 1588 3734 ad
1632 3697 1883 3753 magnum
1922 3687 2280 3742 Athanasium
2314 3705 2419 3742 non
2457 3688 2748 3757 pertinere,
2785 3703 2889 3739 non
2920 3687 3040 3754 ejus
3076 3684 3238 3738 unius
3267 3683 3362 3751 ju-

137 3742 320 3801 dicium
348 3758 460 3816 est,
499 3751 592 3807 sed
620 3754 850 3814 aliorum
881 3761 1045 3817 etiam
1087 3764 1368 3823 doctorum
1403 3771 1666 3839 virorum,
1717 3776 1811 3845 qui
1844 3777 1897 3830 in
1931 3778 2174 3849 legendis
2219 3781 2552 3834 sanctissimi
2597 3777 2986 3847 archiepiscopi
3018 3775 3358 3843 aliorumque

137 3845 360 3893 veterum
395 3838 622 3898 Patrum
668 3850 927 3917 operibus
960 3857 1158 3910 versati
1191 3870 1336 3914 sunt.
1373 3859 1752 3921 Tillemontius
1772 3907 1787 3932 ,
1817 3878 1875 3923 ut
1921 3838 2055 3925 alios
2085 3873 2331 3926 omittam
2352 3913 2366 3937 ,
2397 3872 2477 3924 vir
2507 3871 2798 3943 singularis
2827 3866 3171 3925 eruditionis,
3216 3866 3360 3917 allii--

137 3939 236 4032 mat
263 3931 391 4003 (10),
426 3949 488 3988 se
515 3935 571 3990 in
603 3945 1034 4009 commentariis,
1085 3948 1152 4004 de
1184 3952 1384 4019 quibus
1419 3957 1616 4025 agitur,
1653 3960 1832 4029 aliqua
1864 3961 2098 4015 aliorum
2135 3964 2458 4032 scriptorum
2495 3967 2607 4020 loca
2636 4005 2651 4029 ,
2692 3977 2854 4030 quam
2908 3956 3192 4011 Αιιιωίἃδίί
3216 3996 3229 4019 ν
3272 3968 3360 4022 cui

135 4018 456 4090 tribuuntur,
491 4025 834 4084 observasse.
872 4029 978 4087 Sed
1005 4018 1268 4096 hactenus
1293 4041 1359 4096 de
1380 4018 1789 4102 commentariis
1821 4063 1974 4118 super
1995 4018 2297 4108 Psalmosla
2327 4050 2430 4106 PP.
2467 4051 2825 4109 Bcncdietinis
2859 4056 2911 4107 in
2950 4054 3220 4123 publicam
3253 4052 3360 4105 uti-

139 4111 329 4169 litatem
367 4117 666 4188 evulgatis;
701 4137 848 4178 nunc
871 4123 938 4180 de
964 4125 1175 4186 Slavica
1199 4149 1295 4188 seu
1325 4133 1533 4207 Illyrica
1557 4111 1896 4196 Psalmorum
1927 4143 2392 4214 interpretatione,
2423 4146 2475 4200 in
2499 4162 2606 4216 qua
2636 4146 2821 4201 itidem
2853 4146 3137 4201 Athanasii
3161 4159 3360 4200 nomen

140 4202 448 4276 inscriptum
485 4214 748 4281 occurrit,
787 4216 993 4286 aliquid
1025 4221 1160 4275 mihi
1189 4202 1476 4281 dicendum
1515 4240 1782 4300 superest.

206 4297 326 4357 Vlll.
370 4304 603 4362 Exhibet
633 4310 688 4363 in
720 4326 820 4367 suo
851 4313 1038 4369 Diario
1071 4314 1268 4374 Italico
1303 4322 1417 4391 (Η)
1445 4297 1689 4380 ςιπίνὶιθ
1713 4326 1872 4383 Pater
1902 4327 2210 4387 Bernartius
2239 4331 2586 4387 Montfaucon
2620 4339 2805 4387 notam
2840 4329 3086 4386 codicum
3123 4325 3360 4382 emnobii

142 4390 523 4450 Canonicorum
556 4399 911 4469 liegularium
945 4403 1002 4460 S.
1041 4405 1359 4468 Salvatoris.
1396 4413 1541 4470 lnter
1571 4427 1797 4475 caeteros
1831 4429 2011 4476 autem
2045 4427 2494 4484 commentarium
2522 4427 2575 4480 in
2606 4426 2854 4482 Psalmos
2881 4421 3051 4477 sancti
3078 4419 3360 4473 Athanasii

144 4480 335 4542 Slavica
369 4490 556 4561 lingua
591 4495 853 4564 scriptum
893 4499 978 4555 his
1009 4503 1189 4559 verbis
1222 4507 1506 4563 enuntiat:
1545 4529 1563 4561 ι
1595 4508 1775 4566 Codex
1823 4528 1932 4568 non
1980 4517 2298 4585 spernendae
2331 4523 2650 4586 vetustatis,
2686 4523 2740 4576 in
2789 4536 2899 4591 quo
2932 4521 3123 4590 psalmi
3169 4520 3363 4573 chara-

139 4592 267 4640 ctere
295 4585 528 4647 Slavico.
566 4611 582 4644 ι
619 4591 675 4647 In
703 4596 1076 4654 admonitione
1104 4610 1310 4670 autem,
1335 4620 1456 4673 qua:
1481 4606 1825 4675 praemittitur
1850 4607 2187 4665 Εςιτυοεὲιὶοηὶ
2211 4611 2545 4667 Psalmarum
2572 4585 2743 4670 sancti
2776 4613 3080 4677 Athanasii,
3109 4628 3274 4682 quam
3305 4611 3358 4665 in

141 4692 275 4748 parte
301 4688 536 4742 secunda
570 4689 701 4744 tomi
738 4692 898 4761 primi
929 4709 1154 4766 operum
1179 4697 1426 4768 ejusdem
1462 4703 1792 4758 sanctissimi
1826 4703 2073 4761 Doctoris
2107 4709 2222 4777 ipse
2262 4711 2450 4774 edidit,
2483 4712 2608 4766 talia
2637 4712 2940 4766 habentur:
2984 4729 3000 4759 ι
3032 4707 3218 4762 Narrat
3255 4707 3362 4762 Ga-

144 4775 262 4833 briel
292 4781 615 4852 Grodccius,
647 4785 1035 4862 Dantzicanus,
1085 4796 1364 4865 professor
1391 4797 1668 4854 Hebraicte
1718 4801 1913 4873 lingua:
1944 4802 1997 4855 in
2034 4804 2312 4859 academia
2343 4804 2594 4875 Lipsiana
2617 4850 2632 4872 ,
2668 4810 2748 4860 vir
2775 4807 2992 4866 doctus,
3027 4818 3092 4857 ac
3123 4802 3358 4856 necessi-

142 4870 309 4930 tudine
339 4878 471 4932 mihi
521 4878 873 4948 conjunctus,
901 4893 1118 4941 exstare
1149 4886 1202 4940 in
1236 4886 1560 4944 bibliotheca
1605 4888 1663 4944 S.
1699 4870 1998 4947 Salvatoris
2025 4893 2381 4951 Bononiensis
2408 4870 2466 4951 in
2501 4899 2688 4953 codice
2713 4897 3032 4967 pet-antiquo
3063 4893 3358 4964 expositio-

143 4977 252 5018 nem
279 4964 560 5024 Athanasii
584 4971 638 5023 in
667 4969 908 5026 Psalmos
936 4972 1194 5032 Serviana
1228 4977 1432 5049 lingua,
1458 4996 1580 5050 quae
1609 4991 1690 5036 cst
1727 4982 1938 5038 Slavica
1967 4984 2255 5051 dialectus,
2289 4997 2416 5040 sunt
2446 4999 2622 5041 autem
2651 4964 2820 5042 Servii
2848 4964 3031 5060 Mysia:
3049 4987 3354 5057 superioris

144 5057 329 5124 populi,
365 5075 465 5115 nec
493 5061 713 5133 ambigo
745 5078 809 5116 ex
855 5066 940 5119 his
968 5069 1171 5124 nostris
1202 5071 1632 5139 expositionibus
1665 5073 1876 5130 Slavice
1901 5090 2118 5131 versam
2147 5075 2335 5133 fuisse.
2373 5099 2393 5130 ι
2424 5078 2529 5132 Sed
2577 5077 2781 5136 fallitur
2822 5057 3177 5134 vir'eruditus
3209 5097 3222 5133 :
3256 5079 3358 5134 iste

144 5151 273 5206 enim
302 5158 732 5215 commentarius
761 5156 971 5217 Slavica
1001 5179 1094 5218 seu
1130 5163 1362 5238 Illyrica,
1392 5185 1497 5224 non
1528 5178 1706 5225 autem
1742 5170 2002 5228 Serviaea
2026 5175 2208 5246 lingua
2243 5177 2478 5246 scriptus
2505 5185 2625 5244 est;
2665 5188 2838 5244 neque
2873 5182 2958 5227 est
2997 5173 3051 5226 in
3085 5171 3355 5226 Slavicam

145 5241 413 5303 dialectum
449 5251 748 5308 translatus
779 5269 844 5308 ex
888 5252 1092 5310 Graecis
1123 5258 1569 5326 expositionibus,
1604 5274 1742 5331 quas
1786 5262 1902 5331 ipse
1950 5263 2091 5320 inter
2109 5241 2284 5335 ‘opera
2411 5241 2693 5324 Athanasii
2736 5241 2936 5330 edidit,
2968 5265 3061 5321 sed
3106 5263 3246 5318 idem
3274 5272 3357 5317 cst

147 5355 201 5396 ac
227 5344 309 5399 ille
335 5348 426 5418 qui
461 5348 668 5405 Graecis
695 5348 889 5408 litteris
917 5365 982 5406 ae
1015 5348 1194 5405 verbis
1238 5352 1473 5422 scriptus
1507 5361 1562 5406 et
1598 5355 1937 5423 compositus
1965 5354 2206 5413 Venetiis
2236 5358 2290 5411 in
2323 5356 2657 5413 Justinianea
2681 5399 2696 5424 ,
2731 5367 2786 5412 et
2815 5356 3099 5412 Mediolani
3145 5355 3198 5408 in
3225 5353 3355 5408 Am-

147 5433 380 5495 brosiana
409 5441 738 5498 bibliotheca
771 5444 1055 5512 reperitur,
1088 5452 1141 5498 et
1170 5458 1366 5512 quem,
1396 5453 1454 5498 ut
1485 5445 1646 5513 paulo
1680 5457 1803 5501 ante
1829 5448 1963 5511 dixi,
1999 5464 2105 5505 non
2131 5463 2252 5505 esse
2276 5450 2580 5513 Athanasii,
2620 5448 2681 5505 P.
2714 5447 3062 5503 Montfaucon
3098 5444 3351 5500 affirmat.

147 5525 385 5600 Equidem
411 5534 576 5604 hujus
605 5535 978 5590 commentarii
1013 5535 1249 5599 initium,
1291 5551 1481 5604 nempe
1525 5539 1828 5592 orationem
1879 5555 1999 5610 quae
2052 5542 2446 5597 commentario
2475 5542 2830 5612 praeponitur,
2870 5549 2922 5597 et
2951 5537 3350 5610 expositionem

209 5649 511 5732 @jHCQp‘tm.
550 5654 825 5732 descript.
852 5652 1020 5732 E555,
1044 5664 1174 5710 tom.
1207 5653 1402 5732 haec.
1435 5668 1508 5722 tv,
1541 5671 1590 5712 c.
1621 5655 1674 5722 8,
1711 5654 1854 5714 Diu.
1890 5657 1952 5715 de
1976 5675 2058 5730 op.
2090 5657 2148 5716 S.
2186 5661 2406 5728 Alliam,
2439 5675 2562 5732 pag.
2594 5659 2716 5716 εει.

209 5719 311 5863 (lt);
347 5723 505 5780 Mem.
539 5725 690 5788 εδει..
725 5719 855 5781 tom.
887 5723 1016 5790 Vlll,
1047 5741 1167 5797 pag.
1204 5725 1327 5780 257'.

211 5790 286 5859 (ll
343 5796 473 5863 Cap.
503 5796 594 5863 27,
629 5812 748 5863 pag.
788 5796 915 5855 407.

211 5790 311 5863 (ll)
343 5796 473 5868 Cap.
503 5796 594 5864 27,
629 5812 748 5867 pag.
788 5796 915 5855 407.
