4068 6310
660 313 758 368 607
1498 317 1551 372 S.
1597 319 1964 374 ATHANASH
2003 321 2152 375 UPP.
2197 322 2377 378 PAIIS
2417 323 2500 380 Ill.
2544 321 3043 377 —EXI‘IGETICA.
3792 323 3888 376 608

662 448 715 485 in
750 433 984 500 primum
1032 433 1303 503 psalmum
1339 436 1502 499 dabo,
1538 455 1700 506 quant
1740 449 1931 494 nactus
1966 459 2083 494 sum
2143 453 2192 496 et
2235 458 2394 512 Opera
2431 454 2483 497 et
2529 459 2656 498 cura
2707 441 3138 497 reverendissimi
3170 441 3228 494 P.
3265 441 3475 496 abbatis
3529 439 3888 511 Iligliaracca.

662 527 921 581 Canonici
955 527 1236 598 Regularis
1269 531 1479 587 ordinis
1511 532 1567 586 S.
1601 535 1928 600 Salvatoris,
1961 539 2052 606 qui
2087 540 2251 592 etiam
2293 557 2348 592 se
2389 540 2457 591 ab
2487 539 2606 592 aliis
2635 539 2909 592 audivisse
2957 537 3087 591 mihi
3145 538 3386 590 narravit
3417 554 3431 590 :
3468 535 3524 590 P.
3563 534 3892 589 Montfauco-

665 632 818 679 n-nn,
862 634 982 671 cum
1017 636 1111 688 per
1146 620 1445 676 Bononiam
1481 623 1579 676 iter
1608 624 1831 688 iaceret,
1872 631 2184 683 monasterii
2221 630 2277 681 ὃ.
2315 630 2611 686 Salvatoris
2644 632 3022 684 bibliothecam
3055 629 3311 691 adivisse,
3345 639 3505 698 atque
3542 629 3594 681 in
3625 643 3691 681 ea
3721 630 3894 697 inspe-

665 708 767 763 etis
797 710 1032 779 antiquis
1067 713 1350 766 codicibus
1380 717 1794 785 manuscriptis,
1844 719 2045 787 quibus
2095 720 2418 774 bibliotheca
2457 722 2545 774 illa
2601 729 2841 790 praestat,
2891 735 3012 774 cum
3061 722 3205 778 hunc
3239 723 3305 779 de
3352 741 3461 795 quo
3492 723 3671 794 agitur
3703 734 3896 778 attente

667 802 1088 868 considerasset,
1121 806 1364 860 suasisse
1402 805 1835 868 bibliotlierario,
1863 820 1920 862 ut
1949 823 2144 862 nomen
2176 809 2459 864 Athanasii
2490 811 2713 876 deleret,
2747 820 2908 880 atque
2941 812 2991 864 in
3023 811 3199 868 fronte
3228 815 3430 869 codicis
3463 816 3760 870 ascriberet
3802 831 3896 868 no-

668 909 788 949 men
827 894 881 949 S.
917 897 1104 967 Cyl-illi
1140 899 1526 969 Alexandrini;
1560 911 1615 956 et
1643 902 1859 972 quidem
1905 913 1961 957 ut
1992 905 2059 956 ab
2088 906 2265 958 amico
2296 906 2399 958 sibi
2433 907 2726 960 novissime
2754 907 3117 976 signiﬁcatum
3167 923 3287 961 esse
3330 909 3625 972 asserebat,
3665 923 3810 960 nunc
3849 909 3896 959 in

669 1003 830 1059 parva
866 991 1085 1055 scheda,
1123 1008 1244 1058 quae.
1276 993 1324 1045 in
1352 993 1540 1070 eodem
1589 993 1777 1046 codice
1813 992 2062 1055 exsistit,
2113 993 2400 1046 recentiori
2449 995 2761 1048 charactere
2791 996 3048 1065 scriptum
3086 997 3187 1065 legi
3237 1013 3430 1051 nomen
3465 997 3522 1051 S.
3557 997 3740 1068 Cyrilli
3795 999 3904 1065 epi-

670 1086 819 1155 scopi
845 1087 1229 1153 Alexandrini;
1282 1090 1335 1142 in
1372 1089 1609 1160 tegmine
1659 1099 1837 1141 autem
1895 1087 2103 1140 codicis
2148 1087 2327 1141 adhuc
2371 1103 2654 1142 remanere
2703 1103 2897 1143 nomen
2931 1089 3235 1144 Athanasii.
3281 1089 3393 1155 Qua
3425 1090 3490 1143 de
3525 1104 3692 1144 causa
3727 1100 3901 1142 autem

671 1183 915 1238 eruditus
942 1184 1025 1237 vir
1055 1184 1106 1237 id
1137 1183 1442 1239 faciendum
1478 1183 1774 1246 censuerit,
1801 1198 1885 1236 me
1917 1183 2066 1236 latet.
2097 1181 2281 1252 Itaque
2311 1185 2685 1253 cujuscunque
2708 1188 2949 1240 aucturis
2980 1188 3405 1241 commentarius
3441 1188 3526 1240 ille
3557 1187 3647 1251 sit,
3679 1201 3762 1239 me
3793 1201 3905 1237 rem

672 1285 879 1347 gratam
909 1280 1126 1332 curioso
1155 1279 1339 1334 lectori
1394 1277 1658 1330 facturum
1689 1275 1968 1337 existimo,
1997 1275 2041 1329 si
2078 1275 2197 1344 ejus
2236 1276 2450 1330 initium
2500 1276 2741 1348 Illyrica,
2776 1288 2830 1333 et
2858 1278 3049 1334 Latina
3091 1281 3272 1348 lingua
3327 1282 3427 1334 hoc
3459 1280 3600 1345 loco,
3646 1287 3707 1334 ut
3737 1280 3897 1350 paulo

673 1380 795 1424 ante
826 1371 1096 1440 pollicitus
1121 1387 1266 1435 sum,
1298 1371 1582 1426 exhibeam
1615 1369 1742 1438 (l2).

743 1462 850 1518 Ter
885 1476 1072 1520 sancta
1104 1466 1342 1521 Trinitas
1375 1468 1540 1520 totius
1569 1464 1754 1519 mundi
1797 1464 2014 1532 adjuva,
2071 1472 2126 1520 et
2155 1464 2238 1518 di-

674 1535 786 1604 rige
825 1552 917 1589 cor
944 1553 1120 1591 meum
1149 1539 1215 1590 ad
1270 1538 1637 1606 incipiendum
1697 1551 1820 1589 cum
1855 1535 2233 1606 intelligentia,

676 1617 729 1679 et
761 1607 1054 1679 finiendum
1088 1625 1225 1679 opus
1259 1605 1462 1679 bonum
1502 1623 1531 1660 a
1589 1607 1698 1659 Deo
1759 1605 2005 1679 inspirati
2076 1605 2240 1673 hujus

675 1676 999 1746 libri,quem
1044 1675 1268 1732 sanctus
1301 1677 1537 1747 Spiritus
1560 1691 1656 1745 per
1697 1690 1785 1747 os,
1828 1675 1993 1729 David
2029 1684 2242 1729 eructa-

677 1748 774 1806 vit,
801 1745 869 1800 et,
900 1765 1061 1827 quem
1111 1745 1427 1827 aggredior_
1454 1750 1703 1801 recitare.
1763 1745 2078 1815 Agnoscens
2112 1761 2242 1827 vero

680 1833 853 1870 meam
917 1818 1309 1887 ignorantiam,
1363 1818 1533 1872 adoro
1590 1827 1642 1871 te
1695 1832 1954 1880 exorans,
1991 1824 2044 1868 et
2087 1822 2241 1870 tuut'n

679 1886 1186 1951 auxiliuminvoco,
1215 1888 1439 1942 Domine
1466 1887 1592 1942 Jesu
1645 1886 1882 1947 Christe,
1929 1886 2062 1940 doce
2093 1887 2247 1940 intel-

680 1957 875 2012 lectum
903 1974 1084 2014 meum
1137 1975 1242 2013 non
1279 1961 1331 2012 in
1367 1959 1715 2013 sermonibus
1777 1957 2044 2012 labiOrum
2090 1958 2239 2011 oble-

2342 1468 2498 1529 ctari,
2537 1469 2628 1523 sed
2683 1469 2734 1522 in
2776 1470 3084 1538 cognitione
3140 1470 3477 1540 eloquiorum
3544 1471 3801 1540 gaudere,
3860 1481 3911 1524 et

2343 1553 2648 1659 [πωροι-ητα
2693 1556 2779 1593 me
2843 1541 2908 1593 ad
2973 1540 3218 1595 facienda
3273 1557 3458 1607 opera,
3507 1558 3628 1610 qua:
3672 1542 3827 1595 disco
3861 1552 3910 1594 et

2364 1625 2556 1659 ouuor.
2632 1619 2689 1659 ut
2750 1611 2905 1659 bonis
2955 1613 3215 1659 oneribus
3278 1613 3637 1659 illuminatus-
3711 1613 3763 1659 in
3819 1621 3910 1659 tuo

2364 1625 2556 1676 nquor,
2632 1619 2689 1663 ut
2750 1611 2905 1664 bonis
2955 1613 3215 1678 Operibus
3278 1613 3638 1676 illuminatus,
3711 1613 3763 1665 in
3819 1621 3912 1664 tuo

2342 1679 2550 1747 judicio
2589 1682 2824 1734 dextera:
2852 1683 3024 1749 partis
3074 1683 3346 1751 particeps
3377 1680 3521 1734 liam.
3548 1681 3613 1734 Et
3641 1698 3785 1736 nunc
3813 1681 3911 1733 Do-

2347 1751 2506 1813 tnine,
2541 1752 2786 1814 benedic,
2814 1763 2870 1804 ut
2904 1768 2970 1805 ex
2994 1754 3156 1806 corde
3180 1756 3443 1822 producto
3492 1755 3757 1824 suspirio,
3808 1754 3907 1806 lin-

2348 1836 2449 1888 gilii
2475 1838 2699 1875 cauam:

2349 1934 2544 1989 Beatus
2585 1938 2662 1990 t'ir
2692 1937 2782 2007 qui
2806 1952 2905 1990 non
2959 1937 3088 1989 abiit
3114 1938 3163 1989 in
3178 1938 3456 1991 consilium
3485 1939 3913 2007 impiorum,etc.

681 2110 1013 2152 Ρελιτειῑιυιι
1055 2114 1211 2152 DAVID
1265 2112 1421 2153 REGIS
1467 2112 1682 2152 SANCTE
1720 2110 1992 2149 CIVIYATIS
2016 2109 2142 2147 FILII
2183 2109 2291 2148 JESS

2380 2110 2446 2147 ET
2491 2110 2634 2148 ιυυιε
2669 2109 2942 2148 SECUNDUM
2997 2108 3294 2150 PBOGENIEI
3324 2109 3423 2149 PRO
3446 2107 3608 2148 PBIIO
3655 2105 3914 2147 ALLELUIA

1461 2207 1668 2246 ιΝιτιυιι
1697 2207 1843 2246 PRIII
1872 2205 2035 2253 LIBRI,
2073 2206 2160 2252 QUI
2185 2205 2280 2244 εετ
2317 2206 2453 2244 APUD
2491 2205 2698 2246 JIIDEOS
2731 2206 2915 2244 PSALI.
2951 2205 2988 2243 1.

755 2309 806 2364 1.
847 2309 1044 2365 Beatus
1073 2310 1171 2376 vir,
1209 2311 1298 2380 qui
1332 2328 1436 2365 non
1463 2313 1596 2366 abiit
1624 2314 1676 2365 in
1712 2311 1999 2366 consilium
2045 2310 2238 2378 impio-

685 2396 828 2445 rum,
860 2383 983 2433 etin
1017 2382 1099 2434 via
1130 2394 1472 2451 peccaturum
1530 2399 1636 2438 non
1671 2383 1836 2446 stetit,
1887 2382 2019 2434 etin
2051 2383 2234 2434 cathe-

685 2451 781 2505 dra
812 2452 1125 2519 pestilentia:
1156 2469 1260 2506 non
1296 2455 1450 2507 sedit.

754 2522 807 2574 2.
848 2519 950 2575 Sed
984 2523 1034 2575 in
1072 2525 1184 2592 lege
1209 2522 1420 2575 Domini
1454 2524 1706 2576 voluntas
1739 2523 1878 2587 ejus,
1908 2529 1963 2575 el.
2021 2520 2074 2574 in
2127 2521 2242 2592 lege

687 2592 806 2660 ejus
834 2593 1177 2646 meditabitur
1198 2595 1284 2646 die
1318 2609 1380 2648 ac
1414 2605 1588 2648 nocte.

760 2660 901 2734 5.,Ει
921 2667 1024 2714 erit
1061 2672 1318 2730 tanquam
1354 2665 1555 2734 lignum
1577 2662 1719 2734 quod
1746 2663 2047 2732 plantatum
2074 2671 2155 2717 est
2180 2678 2265 2718 se-

692 2748 790 2802 cus
806 2731 1068 2802 decursus
1099 2749 1390 2802 aquarum:

761 2800 812 2855 4.
837 2801 990 2869 Quod
1020 2800 1254 2858 fructum
1294 2820 1452 2860 suum
1501 2803 1654 2858 dabit
1684 2804 1736 2857 in
1761 2815 2004 2871 tempore
2034 2816 2154 2856 suo.

1501 2933 1917 2989 ATHANASII
1963 2932 2559 2990 COMMENTARIUS
2619 2934 2706 2989 IN

1203 3051 1449 3105 Psalmus
1479 3050 1646 3105 David
1700 3069 1739 3109 ι.

767 3187 818 3240 1.
857 3185 1143 3257 Pr0phetia
1174 3186 1288 3242 ha-c
1320 3186 1642 3255 adimpletur
1668 3186 1718 3240 in
1752 3185 1989 3256 Josepho
2038 3189 2106 3242 ab
2135 3189 2260 3245 Ari-

699 3257 950 3319 mathaaa,
978 3259 1238 3326 quoniam
1293 3273 1401 3311 non
1441 3258 1701 3327 venit_ad
1768 3257 2008 3323 Judaeos,
2056 3260 2149 3327 qui
2207 3262 2262 3314 in

701 3328 978 3383 Christum
998 3325 1237 3394 insidias
1270 3327 1560 3382 faciebant.
1600 3325 1914 3396 Proprietas
1946 3325 2126 3382 autein
2148 3345 2262 3384 scr-

701 3401 876 3451 monis
923 3399 1084 3466 hujus
1135 3399 1349 3452 beatum
1378 3398 1512 3468 dicit
1559 3412 1773 3468 omnem
1834 3399 2134 3464 hominem,
2169 3401 2263 3468 qui

698 3482 806 3523 non
833 3469 1223 3532 communicat,
1264 3484 1360 3522 nec
1387 3483 1443 3523 se
1504 3466 1772 3539 immiscet
1829 3470 2012 3539 iniqua
2037 3466 2264 3526 consilia

699 3541 1020 3610 agentibus,
1084 3549 1178 3592 aut
1235 3540 1470 3608 aliquem
1536 3537 1737 3606 injuste
1780 3537 2255 3610 persequentibus.

699 3605 852 3676 Quod
895 3626 1023 3663 vero
1048 3611 1292 3665 additur:
1327 3605 1474 3663 'Etin
1523 3605 1629 3670 via,
1657 3605 1798 3664 viani
1855 3605 1977 3665 esse
2030 3627 2268 3679 prasen-

703 3688 806 3734 tem
840 3682 1003 3735 vitam
1035 3682 1258 3748 asserit;
1293 3699 1393 3736 nos
1441 3681 1583 3733 enim
1615 3680 1856 3735 viventes
1884 3681 1949 3734 ad
1985 3681 2266 3736 interitum

702 3748 826 3804 \itaa
853 3753 1056 3806 sensim
1091 3753 1419 3806 accedimus.

778 3826 832 3879 2.
867 3824 1032 3876 Αιιιοι·
1067 3823 1213 3875 enim
1253 3837 1358 3874 non
1387 3824 1687 3877 instruetur
1707 3821 1892 3884 homo,
1953 3830 2012 3887 ut
2049 3823 2268 3877 recedat

704 3916 733 3952 a
765 3895 932 3955 malo,
975 3892 1077 3945 nisi
1104 3908 1162 3946 se
1189 3895 1494 3947 exercuerit
1523 3891 1753 3948 lecrione
1777 3894 2062 3957 librorum,
2086 3909 2150 3948 ac
2179 3894 2272 3948 do-

705 3969 843 4023 trina
875 3963 1195 4031 sapientum.

775 4039 826 4091 3.
867 4032 999 4087 Nam
1054 4043 1208 4102 prout
1268 4035 1410 4105 ligna
1454 4035 1691 4099 plautata
1739 4033 1805 4088 ad
1848 4049 2020 4102 aquas
2061 4049 2272 4104 semper

705 4117 834 4163 sunt
875 4120 1108 4166 alumna,
1174 4106 1247 4159 ita
1280 4106 1587 4159 intellectus
1636 4119 1800 4158 sacra
1852 4105 2114 4162 librorum
2168 4109 2270 4158 do-

706 4180 878 4233 ctrina
902 4177 1159 4244 irrigatus
1191 4176 1407 4244 pulchre
1444 4175 1618 4238 lloret,
1650 4185 1704 4229 et
1733 4174 2003 4229 salutares
2054 4190 2273 4241 semper

706 4247 1064 4318 cogitationes
1143 4247 1320 4318 habet.
1385 4247 1613 4318 Lignum
1686 4245 1842 4318 etiam
1920 4245 2025 4318 hoc
2076 4246 2277 4300 dicitur

1729 4316 2062 4371 circumdata
2090 4358 2105 4383 ,
2182 4331 2278 4386 per

707 4317 843 4373 crux
916 4317 1154 4370 fontibus
1219 4317 1630 4385 baptismalibus

708 4405 872 4459 quam
928 4401 1026 4441 nos
1082 4386 1420 4441 lzetilicamur
1452 4403 1516 4442 ac
1549 4387 1942 4442 illuminamur.

2435 2310 2486 2363 5.
2514 2308 2577 2362 Et
2610 2308 2798 2362 folium
2834 2311 2954 2378 ejus
2985 2325 3090 2363 non
3122 2308 3326 2362 defluet
3349 2351 3362 2373 ,

2431 2380 2484 2434 6.
2517 2380 2578 2450 EI.
2595 2383 2776 2434 omnia
2793 2377 3128 2450 quaecunque
3144 2379 3345 2438 fecerit,
3373 2377 3836 2450 prosperabuntur
3853 2377 3917 2450 ci.

2437 2450 2486 2504 7,
2524 2448 2640 2504 Non
2695 2451 2771 2504 sic
2796 2451 2967 2521 impii,
3004 2448 3110 2505 non
3140 2453 3236 2516 sic,
3273 2450 3367 2505 sed
3415 2461 3676 2519 tanquam
3728 2448 3918 2517 pulvis,

2365 2521 2771 2593 quem_projicit
2798 2532 2992 2576 ventus
3045 2537 3075 2575 a
3127 2521 3263 2576 facie
3310 2531 3484 2575 term.

2441 2593 2493 2645 8.
2530 2589 2667 2645 Ideo'
2690 2608 2796 2645 non
2844 2600 3127 2662 resurgent
3182 2593 3331 2660 impii
3386 2593 3440 2645 in
3485 2589 3718 2661 judicio,
3755 2603 3920 2658 neque

2375 2670 2684 2731 peccatores
2710 2662 2760 2713 in
2787 2664 3016 2716 consilio
3040 2662 3333 2731 justorum.

2460 2732 2513 2785 9.
2565 2731 2828 2796 Quoniam
2862 2737 3011 2785 novit
3067 2730 3326 2788 Dominus
3382 2731 3521 2786 viam
3548 2730 3920 2802 justorum,et

2374 2801 2476 2855 iter
2508 2803 2794 2871 impiorum
2822 2803 3035 2872 peribit.

2765 2935 2943 2991 PSAL
2956 2936 3007 2988 ,11
3017 2935 3118 2991 08.

2432 3051 2552 3105 1-6.
2611 3049 2668 3104 In
2712 3060 2952 3120 tempore
2988 3066 3090 3105 suo
3125 3049 3468 3105 fructificavit
3499 3065 3636 3106 crux
3690 3061 3922 3106 nostram

2369 3123 2596 3177 salutem
2636 3142 2646 3176 :
2684 3121 2892 3176 fructus
2957 3131 3139 3190 utpote
3187 3121 3422 3184 vivaces,
3481 3131 3536 3176 et
3581 3120 3712 3176 folia
3759 3123 3924 3176 crucis

2365 3204 2495 3247 sunt
2525 3192 2728 3254 fideles,
2765 3192 2857 3260 qui
2901 3208 3017 3261 per?
3050 3191 3194 3244 illam
3254 3193 3471 3254 muniti,
3497 3201 3556 3261 et
3590 3193 3647 3245 in
3691 3193 3782 3246 illa
3818 3208 3927 3261 per-

2365 3271 2672 3325 manentes,
2718 3259 2823 3314 non
2869 3259 3126 3314 decidunt
3178 3277 3271 3314 seu
3325 3277 3431 3314 non
3463 3259 3715 3315 deﬂuunt
3748 3259 3927 3316 abies-

2365 3332 2537 3396 dem;
2613 3331 2796 3385 omnia
2869 3331 3055 3394 enim,
3115 3347 3235 3401 quae
3287 3342 3501 3401 propter
3565 3348 3786 3386 crucem
3841 3348 3928 3387 seu

2365 3402 2572 3457 Christi
2609 3403 2920 3472 passionem
2979 3401 3142 3466 fiunt,
3174 3417 3430 3472 prospere
3475 3404 3802 3458 succedunt.

2441 3494 2488 3546 7.
2526 3493 2671 3549 Crux
2702 3495 2844 3548 enim
2883 3495 2994 3559 illa,
3029 3510 3149 3566 quae
3178 3497 3246 3549 ab
3293 3495 3579 3558 haereticis,
3629 3495 3854 3560 Iudaeis,
3882 3505 3929 3550 et

2370 3566 2602 3622 ethnicis
2659 3581 2766 3618 non
2826 3568 3064 3629 colitur,
3118 3566 3258 3635 apttd
3297 3582 3391 3621 eos
3435 3584 3541 3621 non
3601 3567 3927 3631 fructiﬁcat,

2368 3637 2462 3691 sed
2493 3645 2750 3704 tanquam
2787 3638 3061 3703 pulverem
3093 3651 3186 3690 eos
3216 3637 3462 3706 dissipat.
3491 3636 3581 3692 Sic
3606 3636 3782 3693 Judaei
3814 3653 3927 3692 cum

2371 3708 2442 3760 ob
2489 3707 2923 3759 incredulitatem
2986 3721 3048 3760 ac
3107 3706 3473 3775 insipientiam
3527 3709 3860 3762 defecissent
3901 3723 3926 3760 a

2371 3776 2626 3842 Christo,
2665 3776 2895 3845 dispersi
2944 3787 3071 3831 sunt
3107 3791 3201 3845 per
3231 3778 3542 3832 universam
3603 3788 3831 3832 terram.

2464 3867 2515 3922 8.
2554 3866 2686 3922 Nam
2718 3868 2812 3938 qui
2841 3867 3010 3924 Deum
3061 3883 3169 3922 non
3218 3879 3576 3938 agnoverunt,
3627 3873 3713 3926 vel
3770 3872 3927 3926 solam

2376 3942 2515 3994 hanc
2566 3940 2894 4009 impietatem
2920 3955 3101 3994 secum
3128 3939 3382 4005 ferentes,
3431 3952 3554 4011 post
3583 3945 3930 3997 resurrectio-

2376 4026 2498 4065 nem
2530 4011 2596 4064 de
2625 4011 2746 4064 aliis
2772 4012 2953 4065 causis
2985 4026 3091 4064 non
3115 4011 3627 4081 interrogabuntur;
3648 4014 3762 4080 jam
3793 4014 3925 4068 enim

2378 4083 2656 4135 habebunt
2685 4081 3086 4136 damnationem
3140 4083 3309 4136 libere
3345 4097 3439 4150 per
3491 4085 3818 4152 semetipsos
3846 4099 3930 4135 vo-

2378 4152 2552 4218 litant,
2581 4167 2681 4206 nec
2721 4152 3030 4206 invenietur
3053 4153 3108 4205 in
3154 4153 3286 4220 ipsis
3326 4153 3493 4207 ullum
3530 4155 3930 4223 opusjustitiaa.

2466 4244 2518 4313 9.
2544 4242 2732 4298 Noscit
2753 4245 2897 4298 enim
2924 4259 3141 4298 omnem
3168 4245 3306 4298 viam
3328 4255 3438 4299 tam
3469 4245 3748 4314 justorum
3781 4258 3929 4315 quam

2384 4315 2736 4385 injustorum,
2769 4326 2822 4368 et
2857 4317 3062 4384 primos
3109 4317 3328 4384 quidem
3363 4318 3557 4380 salvat,
3594 4318 3796 4372 alteros
3819 4329 3930 4370 vero

2383 4387 2629 4452 damnat,
2655 4402 2718 4440 ac
2747 4401 2777 4439 a
2803 4402 2861 4440 se
2890 4385 3083 4456 rejicit,
3113 4395 3303 4457 utpote
3329 4387 3567 4442 inutiles.

790 4543 880 4598 IX.
911 4544 1021 4614 Age
1042 4559 1190 4606 vero,
1210 4543 1469 4613 quoniam
1512 4543 1666 4598 locus
1685 4543 1775 4597 hic
1795 4541 1908 4612 jam
1939 4542 2206 4611 postulat,
2235 4541 2304 4597 de
2336 4552 2560 4598 auctore
2588 4543 2948 4614 expositionis
3008 4560 3170 4614 quam
3211 4545 3513 4601 Athanasio
3541 4546 3595 4600 in
3637 4544 3928 4601 Barbcrino

706 4641 896 4695 codice
930 4639 1222 4706 ascriptam
1254 4651 1399 4691 nunc
1433 4636 1670 4705 primum
1725 4636 1780 4691 in
1815 4636 1993 4692 lucem
2035 4641 2224 4704 trado,
2261 4638 2425 4693 verba
2468 4637 2752 4694 faciamus.
2810 4637 3062 4695 Profecto
3116 4649 3174 4693 ut
3216 4656 3337 4695 eam
3395 4656 3593 4712 magno
3641 4639 3929 4696 Athanasio

709 4736 1052 4790 tribuendam
1107 4736 1439 4796 existimem,
1503 4733 1736 4801 primum
1769 4748 1991 4787 moveor
2045 4733 2256 4802 judicio
2312 4733 2548 4788 duorum
2597 4733 3042 4789 doctissimorum
3085 4737 3326 4790 virorum
3353 4735 3583 4789 Andreae
3627 4735 3859 4798 Schotti,
3889 4740 3934 4786 et

710 4827 869 4884 Lucae
900 4828 1187 4891 Ilolstenii,
1213 4842 1445 4896 quorum
1474 4828 1608 4880 alter
1634 4842 1698 4879 ex
1725 4827 1952 4895 antiquo
1976 4827 2166 4881 codice
2198 4827 2530 4897 Augustante
2559 4826 2900 4881 bibliotheca:
2925 4825 3338 4882 describendam
3369 4829 3578 4884 curavit
3603 4843 3618 4893 ;
3659 4826 3798 4881 alter
3823 4836 3931 4878 vero

709 4941 817 4982 non
875 4928 1051 4982 solum
1090 4924 1482 4995 praefationem,
1533 4924 1750 4978 brevem
1791 4923 2047 4993 quidem,
2105 4925 2199 4979 sed
2261 4925 2556 4979 admodum
2609 4925 2932 4994 elegantem,
2977 4931 3031 4977 et
3070 4931 3221 4976 tanto
3266 4921 3383 4974 viro
3405 4920 3623 4989 dignam
3656 4916 3930 4988 ascripsit.

709 5022 803 5078 sed
843 5024 1067 5076 ulterius
1104 5021 1206 5074 hoc
1243 5017 1524 5072 Athanasii
1558 5032 1696 5086 opus
1725 5018 1865 5070 inter
1892 5024 2095 5072 caetera
2129 5018 2465 5072 sanctissimi
2507 5017 2749 5070 doctoris
2796 5029 3072 5086 praecrpue
3100 5014 3393 5071 excellens.
3419 5020 3473 5064 et
3506 5011 3775 5064 eximium
3826 5019 3932 5062 esse

710 5121 942 5182 censuit,
995 5128 1047 5172 et
1086 5130 1142 5172 ut
1177 5117 1361 5173 verbis
1396 5114 1735 5169 Tillemontii
1773 5124 1896 5169 utar
1938 5114 2073 5184 (15),
2115 5132 2313 5169 comme
2362 5115 2408 5168 te
2445 5112 2833 5182 διιεῖ-ἀπηυνέ
2868 5113 2933 5168 de
2966 5112 3025 5168 S.
3068 5111 3358 5165 Athanau.
3399 5104 3611 5160 Etenim
3645 5119 3739 5157 an.
3802 5099 3922 5155 1637

710 5229 834 5268 cum
870 5211 1170 5280 accepisset
1204 5225 1401 5264 novam
1440 5225 1666 5280 operum
1706 5208 1763 5263 S.
1801 5200 2095 5266 Athanasii
2112 5212 2407 5266 editionem
2437 5209 2665 5265 Parisiis
2715 5210 2994 5274 adornari,
3054 5219 3260 5279 septem
3293 5205 3545 5260 homilias
3574 5200 3632 5256 S.
3665 5196 3929 5256 Athanasii

713 5307 930 5360 nomine
964 5306 1278 5372 inscriptas,
1318 5320 1440 5372 qua:
1480 5303 1659 5357 adhuc
1688 5304 1867 5359 lucem
1899 5319 2008 5358 non
2042 5302 2312 5366 viderant,
2359 5303 2426 5358 ad
2498 5301 2899 5374 typographum
2944 5299 3314 5355 Parisiensem
3355 5296 3526 5352 misit.
3571 5293 3668 5365 qui
3703 5308 3765 5347 ea
3796 5292 3857 5346 de
3883 5302 3931 5342 re

713 5398 968 5453 lectorem
1001 5399 1216 5454 monuit
1273 5400 1358 5454 bis
1389 5399 1611 5454 verbis:
1647 5417 1665 5450 ι
1693 5396 1982 5453 Postremo
2012 5398 2094 5452 vir
2124 5397 2374 5453 eruditus
2409 5395 2587 5452 Lucas
2633 5393 2969 5460 llolstenius,
3017 5391 3470 5463 Hamburgensis,
3521 5396 3814 5457 postquam
3850 5393 3932 5436 nos

784 5553 895 5623 (12)
937 5552 1167 5608 Exhibet
1211 5553 1297 5606 ille
1358 5554 1576 5622 quidem
1647 5555 1748 5608 hoc
1792 5555 1912 5608 loco
1970 5553 2184 5607 initium
2257 5554 2637 5624 commentarii
2676 5553 2882 5624 Illyrica
2935 5561 2988 5606 et
3030 5551 3220 5608 Latina
3253 5551 3436 5620 lingua
3464 5562 3614 5624 ;__nos
3653 5540 3930 5624 veroLatif

715 5615 838 5679 nam
875 5615 1081 5677 tantum
1142 5615 1445 5694 versionem
1479 5635 1530 5679 et
1596 5626 2092 5694 interpretationem
2124 5625 2464 5679 exhibemus.
2507 5622 2563 5677 Si
2589 5626 2712 5693 quis
2738 5615 2826 5680 est
2848 5626 3099 5681 curiosus
3135 5615 3360 5694 lector;
3387 5629 3440 5676 et
3470 5618 3697 5674 Slavica:
3757 5615 3930 5685 lingat

718 5705 955 5766 peritus,
971 5694 1111 5766 illud
1146 5696 1322 5748 videat
1346 5697 1400 5752 iu
1433 5693 1676 5766 Romana
1708 5693 1862 5757 edit.,
1903 5713 1952 5766 p.
1984 5712 2094 5749 xrx.

787 5765 899 5835 (Ιῦ)
934 5763 1086 5818 Mem.
1127 5767 1250 5820 ecd.
1307 5777 1433 5822 tom.
1469 5765 1599 5831 VIII,
1647 5784 1697 5836 ρ.
1740 5767 1855 5832 150,
1905 5763 2016 5822 not.
2055 5767 2154 5823 110
2201 5784 2293 5821 sur
2336 5764 2393 5820 S.
2423 5763 2708 5818 Athanase.
