4090 6312
173 356 267 414 609
843 358 929 412 DE
970 359 1247 418 TITULIS
1277 361 1720 422 PSALMORUM.
1757 397 1825 408 -—-
1858 363 2247 422 ANTONELLI
2286 368 2679 430 PR/EFATIO.
3280 386 3390 441 610

170 474 555 539 admonuisset,
609 474 811 530 habere
844 490 902 530 se
933 491 964 529 e
1000 475 1161 546 Regia
1220 489 1270 532 et
1326 478 1620 536 Oxonienst
1674 483 2021 548 bibliotheca,
2048 492 2102 538 et
2133 501 2163 539 e
2197 489 2572 558 manuscripto
2600 489 2765 544 etiam
2820 493 3007 550 codice
3041 494 3106 551 Β.
3160 497 3224 552 Ρ.
3260 497 3382 554 Sir-

171 567 346 620 mondi
383 583 412 621 e
454 565 727 622 Societate
779 564 908 622 Jesu
959 566 1214 623 homilias
1265 586 1496 626 numero
1526 583 1729 643 septem
1755 577 1992 629 nondum
2041 577 2236 640 editas,
2292 594 2430 648 quas
2458 577 2646 634 Latine
2693 585 3067 649 convertisset,
3107 599 3327 660 rogatus
3360 605 3390 644 a

168 662 321 716 nobis
357 663 563 716 lubenti
602 663 786 717 animo
816 665 1107 726 concessit,
1153 673 1211 718 ut
1252 682 1365 733 eas,
1424 671 1550 737 quia
1583 673 1759 726 serius
1793 674 1896 726 hoc
1924 673 2270 737 rescivimus,
2327 676 2490 729 veluti
2530 692 2625 745 per
2689 681 3043 749 appendicem
3101 685 3390 754 posteriori

160 768 310 811 tomo
340 760 752 828 snhjiceremus.
795 779 814 810 ι
852 757 948 816 His
986 770 1163 815 autem
1233 773 1437 834 septem
1501 768 1760 833 homiliis,
1803 783 1941 836 quas
2001 769 2082 823 vir
2133 769 2439 826 eruditione
2500 789 2651 842 aeque
2682 791 2745 829 ac
2803 777 3003 845 pietate
3058 779 3296 832 eximius
3336 779 3390 832 in

167 849 415 907 Latinum
449 861 701 919 verterat,
725 852 1010 922 epistolam
1063 852 1129 906 ad
1177 853 1436 909 lectorem
1487 856 1767 926 praemisit,
1824 872 1942 911 eam
1995 871 2224 912 exorsus
2253 858 2305 912 in
2355 861 2499 915 hunc
2563 863 2783 917 modum
2828 865 2988 935 (14):
3033 884 3052 914 ‹
3086 865 3220 919 Cum
3277 866 3391 924 divi

166 945 446 1000 Athanasii
474 946 647 1015 Opera
675 948 858 1002 recudi
878 961 908 999 a
936 947 1284 1016 typographis
1305 949 1574 1015 audirem,
1609 966 1721 1006 rem
1752 966 1838 1006 me
1862 950 2132 1006 facturum
2150 953 2479 1017 existimavi,
2515 964 2569 1008 et
2605 956 2816 1025 publice
2843 957 3051 1022 utilem,
3079 974 3176 1012 nec
3209 959 3388 1021 bonis,

162 1035 443 1106 doctisque
472 1039 756 1109 ingratam,
786 1040 828 1094 si
853 1052 1048 1097 caetera
1084 1045 1416 1100 sanctissimi
1461 1046 1637 1101 Patris
1689 1048 1952 1102 ἀνέκδοτα
1993 1051 2388 1119 conquirerem,
2425 1060 2477 1105 et
2504 1051 2558 1104 in
2598 1052 2772 1108 lucem
2808 1054 2908 1109 hac
2956 1055 3241 1110 occasione
3272 1072 3395 1126 pro-

163 1133 442 1188 ducerem.
477 1137 678 1206 Collegi
732 1154 862 1208 ergo
917 1153 1080 1208 opera
1133 1142 1485 1196 tumultuaria
1541 1158 1604 1198 ex
1657 1142 2110 1199 Chnstianissimi
2173 1146 2315 1214 regis
2345 1146 2692 1212 bibliotheca,
2745 1157 2908 1216 atque
2937 1164 3003 1203 ex
3036 1150 3169 1202 clar.
3227 1165 3392 1203 mem.

164 1223 230 1279 Β.
285 1225 347 1279 Ρ.
384 1225 680 1294 Sirmondi,
716 1231 958 1302 nit-isque
994 1237 1211 1289 schedis
1244 1238 1495 1293 homilias
1548 1248 1751 1308 septem
1775 1239 2058 1295 Athanasii
2089 1243 2307 1296 nomine
2335 1253 2700 1312 pratnotatas:
2734 1261 2910 1314 neque
2938 1247 3081 1301 enim
3109 1246 3391 1300 Athanasii

161 1339 354 1378 omnes
402 1341 522 1380 esse
577 1327 780 1394 credat,
813 1329 898 1382 cui
950 1332 1030 1385 vel
1079 1333 1362 1388 minimum
1419 1337 1471 1390 in
1511 1337 1657 1391 hisce
1703 1339 1896 1393 studiis
1941 1339 2154 1407 judicii,
2207 1340 2416 1409 quique
2473 1341 2557 1394 vel
2590 1340 2763 1394 obiter
2798 1347 3007 1392 tantum
3045 1349 3238 1393 caetera
3274 1338 3396 1407 ejus

162 1416 364 1485 δοτίριδ
395 1416 722 1487 inspexerit;
751 1440 767 1470 ι
811 1421 864 1476 in
901 1426 1006 1480 fine
1052 1436 1233 1482 autem
1265 1430 1508 1500 ejusdem
1535 1433 1782 1501 epistolae
1812 1434 1878 1488 de
1927 1434 2100 1488 sancti
2151 1434 2437 1489 Athanasii
2471 1436 2872 1489 commentario
2910 1447 3098 1490 nostro
3129 1437 3182 1487 in
3229 1433 3391 1487 Psal-

161 1524 294 1574 mos,
344 1526 526 1578 quem,
578 1522 635 1565 ut
663 1523 814 1578 puto,
879 1516 1108 1579 viderat,
1144 1517 1237 1572 sed
1275 1532 1382 1570 non
1415 1519 1593 1572 adhuc
1623 1520 1690 1574 ab
1750 1519 1954 1574 Andrea
2011 1515 2245 1575 Schotto
2293 1532 2484 1578 nactus
2535 1523 2730 1588 fuerat,
2784 1526 2854 1578 ita
2909 1525 3182 1594 loquitur:
3228 1524 3391 1577 «Ca:-

163 1610 298 1668 tera,
342 1621 460 1673 quae
485 1607 661 1661 adhuc
691 1614 852 1664 latent
916 1614 968 1667 in
1024 1611 1186 1667 Italia:
1229 1622 1284 1666 et
1312 1611 1588 1683 Hispania!
1646 1615 1994 1672 bibliothecis
2029 1617 2121 1671 alit
2156 1619 2384 1679 dabunt,
2433 1621 2734 1688 prmsertim
2785 1617 3388 1685 commentariumper-

161 1706 388 1766 petitum
416 1701 466 1752 in
511 1700 775 1771 Psalmos,
807 1705 952 1774 quod
978 1719 1077 1775 ego
1138 1703 1463 1774 palmarium
1497 1703 1782 1760 Athanasii
1835 1722 1974 1776 opus
2000 1709 2279 1763 existimo.
2311 1728 2328 1759 ›
2389 1707 2512 1764 Ηωο
2562 1708 2896 1765 llolstenius.

231 1791 302 1846 Χ.
360 1795 514 1861 Quod
549 1809 726 1853 autem
764 1817 992 1870 magnus
1022 1801 1356 1857 Athanasius
1380 1802 1660 1871 scripserit
1705 1803 1868 1857 etiam
1901 1821 2058 1874 super
2087 1803 2355 1871 Psalmos,
2406 1821 2566 1860 nemo
2614 1814 2695 1861 cst
2763 1805 2856 1873 qui
2913 1804 3163 1858 dubitare
3196 1801 3390 1872 possit.

164 1887 340 1958 llnjus
362 1894 505 1946 enim
563 1896 637 1948 rei
703 1897 942 1965 locuples
971 1899 1122 1952 testis
1170 1908 1254 1953 est
1309 1899 1498 1952 beatus
1550 1898 1916 1971 Hieronymus
1970 1901 2023 1955 in
2051 1901 2188 1956 libro
2223 1901 2297 1955 De
2332 1901 2672 1972 scriptoribus
2718 1899 3081 1956 ecclesiasticis
3106 1897 3248 1967 (cap.
3277 1895 3392 1963 87),

163 1983 275 2047 ubi,
321 1988 654 2042 enumeratis
690 1989 1017 2042 sanctissimi
1049 1990 1289 2060 episcopi
1340 1989 1625 2044 Athanasii
1685 1991 1965 2059 operibus,
2000 1993 2143 2046 inter
2182 1993 2287 2046 alia
2337 2003 2582 2047 recenset
2639 1992 2836 2046 librum
2885 1989 2961 2042 De
3021 1987 3190 2041 titulis
3238 1986 3391 2040 Psal-

161 2095 390 2138 morum.
420 2084 549 2151 Quae
585 2089 878 2142 beatissimi
921 2087 1158 2141 doctoris
1210 2086 1371 2140 verba
1427 2086 1477 2137 in
1524 2084 1768 2140 Graecam
1815 2087 2053 2157 linguam
2109 2089 2184 2141 ita
2226 2089 2387 2141 vertit
2446 2085 2786 2157 Sophronius
2829 2105 2840 2138 :
2904 2084 3037 2156 Περὶ
3086 2081 3394 2153 ἐπιγραφῆς

160 2177 449 2248 Ψαλμῶν,
529 2177 608 2234 De
681 2182 1017 2250 inscriptione
1089 2179 1426 2233 Psalmorum
1500 2178 1822 2248 llujusmodi
1876 2191 2053 2234 autem
2123 2180 2583 2248 nuncupationem
2652 2197 2760 2234 non
2824 2182 2957 2234 bene
3009 2179 3183 2247 aptari
3246 2193 3395 2232 corn-

162 2273 432 2326 menlario
462 2275 515 2326 in
544 2271 806 2340 Psalntos,
829 2290 987 2345 quem
1010 2272 1292 2328 ediderunt
1318 2270 1500 2326 Patres
1542 2271 1896 2334 Benedictini,
1957 2271 2045 2325 ubi
2094 2272 2162 2326 de
2208 2272 2378 2325 titulis
2413 2270 2750 2326 Psaltnorum
2806 2289 2872 2326 ne
2907 2273 3129 2327 verbum
3154 2269 3395 2341 quidem,

162 2368 262 2437 ipsi
331 2373 564 2440 ingenue
594 2369 723 2425 fassi
756 2379 901 2425 sunt.
937 2369 1006 2423 At
1035 2383 1164 2422 vero
1214 2368 1266 2420 in
1323 2367 1741 2437 expositionem,
1791 2383 1954 2437 quam
2011 2383 2110 2422 nos
2171 2369 2351 2437 magni
2391 2367 2672 2421 Athanasii
2728 2369 2947 2421 nomine
2982 2368 3300 2436 inscriptam
3339 2369 3392 2421 in

161 2461 336 2517 lucem
371 2465 587 2529 damus,
619 2466 819 2534 optime
853 2465 1168 2527 convenire,
1202 2465 1474 2520 neminem
1509 2480 1632 2519 csse
1655 2473 1786 2534 puto
1810 2465 1902 2533 qui
1938 2465 2150 2519 inﬁcias
2182 2465 2360 2519 iverit.
2391 2461 2668 2532 Siquidem
2708 2463 2862 2517 initio
2889 2443 3156 2532 cujusque
3197 2464 3393 2533 psalmi

162 2555 280 2625 ejus
308 2556 504 2611 titulus
531 2573 623 2610 seu
654 2557 937 2628 inscriptio
962 2568 1215 2613 accurate
1240 2573 1304 2612 ac
1335 2557 1621 2628 diligenter
1659 2557 1962 2626 explicatur
2001 2575 2012 2610 :
2067 2557 2262 2611 deinde
2319 2556 2724 2623 convenienter,
2773 2567 3276 2625 consequenterque
3325 2555 3392 2609 ad

162 2646 304 2702 tituli
340 2648 749 2716 inscriptionem
780 2650 1009 2721 eiusque
1033 2634 1548 2719 interpretationem
1569 2650 1809 2719 psalmus
1840 2655 1986 2701 tatus
2019 2647 2338 2716 exponitur.

229 2737 325 2792 XI.
362 2738 748 2793 Commentarii
792 2738 849 2793 S.
906 2741 1191 2794 Athanasii
1230 2741 1284 2793 in
1317 2741 1557 2793 Psalmos
1590 2738 1837 2792 meminit
1865 2739 2029 2792 etiam
2058 2735 2272 2792 Nicaena
2303 2740 2566 2809 synodus,
2607 2748 2661 2793 ct
2693 2756 2855 2810 quem
2909 2741 3266 2812 Hieronymus
3322 2740 3393 2795 De

165 2831 330 2884 titulis
416 2829 748 2882 Psalmornm
814 2837 868 2883 et
939 2826 1282 2894 Sophronius
1344 2825 1426 2878 De
1477 2826 1815 2894 inscriptione
1895 2823 2232 2877 Psalmorum
2313 2827 2554 2897 synodus
2614 2840 2770 2881 vocat
2851 2828 3069 2882 Librum
3138 2831 3392 2899 interpre-

162 2922 386 2977 tationis
423 2919 782 2982 Psalmorum,
817 2918 977 2988 eique
1007 2932 1108 2970 nos
1154 2915 1317 2970 docet
1368 2916 1645 2985 praefixam
1677 2915 1845 2971 fuisse
1892 2917 2136 2986 ejusdem
2196 2917 2476 2973 Athanasii
2528 2915 2820 2985 Epistolam
2880 2921 2948 2974 ad
3001 2921 3392 2982 Marcellinum.

160 3013 326 3090 Unde_
343 3015 506 3070 etiam
555 3022 911 3090 compertum.
950 3010 1029 3076 ﬁt,
1073 3011 1273 3066 librum
1303 3011 1378 3065 De
1412 3012 1581 3065 titulis
1606 3011 1946 3067 Psalmorum
1997 3028 2104 3066 non
2145 3013 2394 3066 eumdem
2437 3012 2606 3069 fuisse
2640 3030 2704 3069 ac
2757 3015 2950 3068 librum
2976 3030 3069 3069 seu
3104 3014 3392 3085 Epistolam

157 3109 228 3161 ad
251 3080 650 3172 Mixrcellinum,
679 3080 738 3160 ut
761 3083 964 3176 aliquis
993 3105 1306 3174 suspicatus
1343 3113 1445 3159 est.
1476 3105 1648 3158 Verba
1677 3114 1858 3158 autem
1893 3119 2015 3172 qua:
2055 3103 2111 3156 in
2164 3104 2377 3157 actione
2417 3105 2609 3175 synodi
2635 3115 2788 3160 sexta
2817 3107 3096 3161 memoriae
3131 3080 3165 3162 ιί
3181 3107 3390 3164 aditum

156 3212 243 3259 est
276 3204 419 3259 lecta
449 3201 620 3258 fuisse
667 3202 734 3256 ab
766 3200 1068 3272 Epiphanio
1122 3201 1374 3264 diacono,
1426 3209 1555 3255 sunt
1603 3198 1956 3267 huiusmodi:
2000 3219 2018 3251 ι
2057 3198 2160 3265 Qui
2205 3213 2334 3253 vero
2384 3199 2452 3253 ab
2508 3199 2918 3256 immortalitate
2965 3217 3165 3256 nomen
3226 3203 3391 3257 habet

153 3301 522 3367 Athanasius,
555 3299 859 3356 clarissime
891 3299 1048 3353 nobis
1077 3297 1130 3351 in
1176 3296 1414 3362 Epistola
1461 3297 1530 3350 ad
1564 3296 1934 3350 Marcellinum
1992 3297 2124 3365 (l5),
2155 3313 2317 3367 quam
2370 3296 2668 3365 praeposuit
2727 3297 2867 3350 libro
2925 3298 3391 3367 interpretationis

151 3392 530 3456 Psalmorum,
555 3391 773 3447 disserit
801 3391 882 3447 sic
906 3391 1123 3445 dicens:
1161 3404 1177 3439 t
1209 3389 1427 3442 Librum
1453 3387 1796 3444 Psalmorum
1833 3390 2031 3459 aliquis
2067 3405 2378 3454 assumens,
2430 3388 2744 3458 prophetias
2782 3390 2849 3442 de
2901 3388 3184 3444 Salvatore
3219 3392 3389 3446 conti-

151 3502 286 3548 nuo,
327 3495 390 3539 ut
435 3485 488 3538 in
534 3485 654 3537 aliis
702 3482 1000 3551 Scripturis
1038 3481 1360 3542 admiratus,
1413 3489 1467 3534 et
1525 3487 1764 3534 adorans
1798 3489 2037 3541 enarrat,
2071 3500 2088 3531 ι
2129 3489 2236 3534 etc.
2269 3478 2422 3534 Hanc
2465 3487 2644 3533 autem
2675 3478 2990 3549 epistolam,
3017 3480 3083 3533 de
3117 3495 3222 3549 qua
3250 3495 3388 3533 men-

150 3582 225 3630 tio
253 3576 408 3631 facta
443 3585 525 3629 est
559 3575 612 3628 in
643 3572 857 3627 Nic-aena
887 3575 1096 3642 synodo
1142 3571 1225 3637 (ut
1279 3573 1568 3626 occasione
1608 3573 1742 3625 mihi
1790 3573 1916 3626 data
1962 3573 2218 3626 lectorem
2278 3572 2621 3634 admoneam,
2665 3569 2904 3640 factique
2955 3571 3056 3625 mei
3118 3571 3384 3626 rationem

147 3668 406 3736 reddam)
438 3664 784 3736 explicationi
824 3663 1370 3732 Psalmornm,quam
1403 3664 1456 3717 in
1483 3665 1766 3733 publicum
1822 3665 2034 3731 emitto,
2083 3664 2397 3736 adjungam,
2431 3674 2491 3719 ut
2522 3664 2792 3735 integrum
2849 3665 3182 3719 sanctissimi
3214 3663 3390 3721 Patris

145 3774 310 3831 Opus,
378 3758 836 3828 quemadmodum
891 3756 960 3811 ab
993 3757 1111 3826 ipso
1166 3756 1370 3810 editum
1401 3770 1520 3809 esse
1574 3755 1828 3822 traditur,
1875 3756 2186 3812 exhibeam.

209 3855 338 3910 XII.
385 3853 762 3924 Eritgfortasse
791 3853 1063 3922 quispiam
1102 3867 1290 3906 eorum
1319 3851 1520 3922 quibus
1549 3852 1745 3923 volupe
1767 3863 1872 3918 est,
1903 3862 1960 3907 ut
1991 3854 2064 3909 ita
2105 3854 2304 3919 dicam,
2348 3853 2562 3925 magnis
2600 3853 2900 3909 clarescere
2965 3854 3286 3920 inimicitiis,
3333 3865 3386 3910 et

137 3963 429 4012 emuncti:
453 3954 604 4005 naris
635 3950 879 4006 censoris
919 3964 1116 4004 nomen
1157 3948 1408 4016 adipisci,
1437 3949 1530 4017 qui
1574 3957 1850 4003 contracta
1890 3949 2086 4015 fronte,
2133 3957 2187 4004 et
2234 3950 2420 4021 grandi
2468 3948 2760 4018 supercilio
2787 3948 3110 4017 opusculum
3139 3959 3386 4005 nostrum

139 4066 169 4105 ι
222 4047 594 4103 sanctissimo
612 4042 1025 4111 archiepiscopo
1056 4040 1480 4110 abjudicandum
1510 4057 1631 4098 esse
1675 4044 1946 4106 decernet,
1977 4044 2055 4096 vel
2094 4043 2221 4110 quia
2267 4051 2460 4096 auctor
2506 4039 2971 4108 interpretationis
3024 4037 3389 4106 Psalmorum,

136 4159 309 4212 quam
345 4145 571 4204 damus,
608 4139 908 4212 pueriliter,
939 4148 996 4193 ut
1020 4137 1159 4192 forte
1180 4137 1282 4194 sibi
1313 4137 1599 4203 videbitur,
1627 4141 1679 4193 in
1707 4139 2046 4209 explicandis
2082 4137 2426 4193 Psalmorum
2463 4135 2630 4190 titulis
2686 4132 3076 4187 Hebraicorum
3109 4134 3389 4189 nominum

135 4232 659 4306 interpretationem
708 4239 968 4293 sectatur,
1001 4229 1086 4283 vel
1125 4228 1250 4297 quia
1294 4230 1537 4298 psalmos
1588 4247 1780 4287 omnes
1805 4235 1857 4286 in
1904 4230 2251 4301 allegoricunt
2310 4246 2530 4286 sensum
2583 4227 2827 4297 exponit.
2880 4224 2991 4295 Ego
3030 4235 3212 4281 autem
3248 4243 3278 4282 e
3308 4229 3389 4283 di-

135 4347 298 4387 verso
361 4338 580 4386 tantum
605 4326 797 4380 abesse
840 4321 1117 4384 existimo,
1166 4330 1226 4376 ut
1274 4322 1424 4378 hisce
1487 4325 1551 4378 de
1591 4327 1772 4382 causis
1824 4325 2107 4380 Athanasii
2159 4341 2354 4379 nomen
2409 4340 2440 4380 ο
2495 4323 2671 4376 fronte
2726 4321 3105 4375 commentarii
3155 4338 3387 4397 expungi

129 4429 375 4490 debeat,
434 4422 562 4493 quin
607 4421 788 4491 potius
825 4417 947 4472 inde
997 4427 1200 4486 putem,
1245 4417 1353 4471 duo
1378 4421 1696 4488 gravissima
1740 4431 2057 4494 argumenta
2100 4431 2406 4492 suppetere,
2438 4420 2639 4490 quibus
2664 4418 2802 4472 liber
2845 4431 3042 4487 magno
3066 4415 3387 4485 Athanasio,

130 4519 294 4588 cujus
353 4529 565 4571 nomen
619 4511 854 4582 prafert,
929 4509 1257 4563 vindicetur.

203 4613 359 4668 XIII.
423 4608 581 4674 Quod
614 4619 671 4661 ut
692 4607 910 4676 planum
947 4603 1163 4668 faciam,
1223 4618 1360 4674 opus
1394 4610 1477 4656 est
1529 4601 1717 4668 paneis
1757 4601 2046 4665 disserere,
2083 4602 2207 4671 quis
2253 4603 2459 4673 primus
2504 4611 2693 4655 auctor
2743 4602 2926 4669 fuerit,
2973 4603 3065 4674 qui
3124 4602 3387 4661 Hebraica

127 4705 363 4758 nomina
397 4700 562 4770 juxta
595 4713 784 4751 eorum
835 4695 1194 4766 etymologias
1245 4695 1438 4748 ordine
1485 4692 1828 4760 alphabetico
1872 4694 1924 4746 in
1964 4693 2211 4747 Graecum
2262 4695 2504 4764 exposita
2548 4695 2766 4763 publico
2814 4697 2956 4759 usui,
2995 4705 3046 4749 et
3095 4712 3380 4753 sacrarum

125 4795 456 4852 litterarum
487 4790 852 4843 studiosorum
887 4788 1259 4842 commoditati
1284 4787 1348 4840 ad
1373 4799 1653 4839 sacrarum
1689 4782 2093 4854 Scripturarum
2129 4787 2540 4857 intelligentiam
2566 4786 2782 4840 facilius
2810 4785 3210 4856 assequendam
3244 4803 3380 4857 pro-

125 4891 356 4947 diderit.
391 4885 560 4952 Quod
599 4897 728 4938 sane
747 4882 961 4936 diﬂicile
989 4883 1128 4936 haud
1157 4894 1272 4946 est;
1309 4879 1638 4950 posteritatis
1697 4881 1841 4932 enim
1879 4880 2155 4933 memoria:
2202 4880 2251 4934 id
2290 4879 2572 4932 mandavit
2626 4877 2995 4949 Hierooymus
3047 4876 3200 4947 (16):
3237 4898 3254 4926 ι
3281 4879 3384 4945 Qui

125 4983 310 5046 Philo,
377 4979 589 5048 inquit,
638 4977 722 5030 vir
760 4975 1157 5031 disertissimus
1180 4974 1517 5039 Judaeorum,
1569 4971 1818 5043 Origenis
1855 4988 2074 5043 quoque
2118 4974 2431 5028 testimonio
2477 4974 2863 5042 comprobatur
2909 4973 3145 5027 edidisse
3188 4973 3383 5029 librum

127 5081 546 5136 Hebraicorum
579 5073 868 5136 nominum,
901 5087 1204 5141 eorumque
1230 5070 1588 5142 etymol0gias
1650 5069 1809 5136 juxta
1862 5069 2109 5122 ordinem
2149 5069 2453 5122 litterarum
2486 5084 2516 5122 e
2565 5068 2735 5122 latere
2766 5067 3073 5136 copulasse.
3107 5065 3212 5133 Qui
3257 5085 3380 5122 cum

125 5181 286 5252 vulgo
317 5174 609 5228 habeatur
631 5184 662 5222 a
689 5167 912 5229 Graecis,
945 5177 997 5221 et
1046 5166 1405 5220 bibliothecas
1434 5167 1586 5219 orbis
1623 5165 1948 5233 impleverit,
2003 5165 2170 5220 studii
2224 5164 2398 5219 nostri
2448 5164 2553 5217 fuit
2609 5165 2661 5217 in
2693 5161 2942 5216 Latinam
2981 5163 3225 5229 linguam
3257 5179 3381 5218 cum

125 5287 362 5332 vertere.
398 5291 420 5322 ι
461 5266 529 5320 Et
559 5275 848 5333 antequam
880 5261 1247 5332 Hieronymus
1282 5261 1354 5314 ita
1383 5262 1667 5326 scriberet,
1700 5259 1971 5315 Eusebius
2001 5261 2355 5315 Caesariensis
2384 5259 2451 5314 de
2487 5259 2676 5313 eodem
2709 5257 2938 5311 Philone
2978 5257 3030 5310 in
3078 5273 3175 5312 sua
3223 5256 3380 5311 eccle-

123 5372 348 5426 siastica
386 5359 649 5418 Historia
676 5357 785 5426 (Π)
827 5356 1021 5412 litteris
1049 5354 1384 5408 tradiderat:
1423 5373 1440 5404 ι
1470 5352 1572 5407 Sed
1607 5362 1663 5407 et
1695 5351 2086 5408 Hebraicorum
2116 5355 2426 5415 nominum,
2478 5367 2600 5422 qua:
2632 5350 2686 5405 in
2734 5351 2850 5421 lege
2891 5361 2944 5404 et
3007 5350 3060 5403 in
3103 5348 3379 5418 prophetis

123 5471 467 5525 occurrunt,
508 5454 988 5523 interpretationes
1022 5453 1093 5506 ab
1123 5452 1244 5522 ipso
1276 5451 1589 5521 composita
1611 5466 1731 5506 esse
1763 5453 2040 5506 dicuntur.
2074 5471 2092 5502 ι
2126 5450 2284 5505 Philo
2311 5461 2514 5512 autem,
2541 5459 2700 5520 gente
2725 5465 2789 5504 ac
2849 5447 3108 5517 religione
3137 5445 3378 5515 ludens,

188 5587 304 5652 (ιε)
330 5579 488 5637 Vide
523 5588 668 5652 t_on_t_._
700 5572 762 5625 IV
794 5571 1028 5652 Operam
1057 5569 1114 5624 S.
1144 5569 1426 5652 Athanasii
1457 5579 1657 5625 nostrae
1687 5570 2040 5637 recensionis,
2077 5570 2179 5626 col.
2209 5568 2331 5624 9M.
2375 5568 2532 5623 Eutr.
2564 5565 2730 5621 Pun.

187 5640 302 5721 its}
346 5648 579 5723 Synod.
606 5645 736 5723 me.
760 5659 817 5708 ιι,
844 5640 956 5723 'a_ct._
982 5643 1034 5723 6,
1071 5657 1124 5710 p.
1160 5640 1317 5723 ιδιε.

187 5709 298 5788 ᾖδ’
337 5709 579 5777 Praefat.
607 5719 661 5769 in
686 5716 821 5768 libro
843 5713 916 5767 De
940 5709 1209 5767 interpret.
1246 5726 1385 5766 nom.
1416 5709 1575 5765 Hebr.

187 5726 300 5866 (Hi
334 5794 472 5848 Lib.
508 5805 569 5851 tt,
595 5802 717 5854 cap.
751 5783 832 5836 18.

185 5783 299 5864 (ηδ
334 5794 472 5848 Lib.
508 5805 569 5851 ιι,
595 5802 717 5854 cap.
751 5783 832 5836 18.
