4068 6310
725 349 818 402 Gll
1564 346 1618 402 S.
1661 345 2028 401 ATHANASII
2068 347 2216 401 OPP.
2262 344 2439 399 PARS
2474 344 2563 399 Ill.
2615 375 2673 387 --
2713 343 3116 398 EXECETICA.
3848 342 3935 395 612

724 467 898 536 patria
929 465 1148 534 quidem
1181 463 1282 518 fuit
1315 464 1736 519 Alexandrinus.
1761 464 1943 531 Quare
1967 467 2008 519 si
2041 465 2161 534 ejus
2200 464 2336 517 liber
2373 463 2446 516 De
2475 463 2768 516 nominibus
2807 461 3078 517 Hebraicis
3106 462 3242 517 adeo
3279 461 3506 517 celebris
3537 469 3590 515 et
3612 459 3867 530 frequens
3893 460 3938 514 in

723 558 1087 614 litteratorum
1116 561 1371 614 manibus
1397 571 1534 623 erat,
1563 569 1621 614 ut
1654 576 1682 614 a
1716 561 1922 614 Gt-rccis
1951 561 2110 630 vulgo
2141 560 2451 625 haberetur,
2513 568 2566 613 ct
2597 559 2744 612 nulla
2799 569 2965 623 esset,
3005 569 3138 612 teste
3172 558 3523 626 Hieronymo,
3573 557 3723 611 orbis
3766 555 3943 610 biblio-

723 655 876 709 theca
911 672 1032 724 qure
1065 657 1242 725 ipsum
1290 672 1396 709 non
1442 667 1710 720 servaret,
1770 656 1894 709 inde
1948 656 2320 724 conjecturam
2363 653 2542 708 facere
2606 655 2729 708 licet
2786 665 2991 723 quanto
3040 653 3092 706 in
3127 655 3300 722 pretio
3359 661 3670 720 quantoque
3736 649 3788 702 in
3856 663 3944 703 usu

723 753 863 816 apud
891 766 1021 804 suos
1052 758 1337 820 populares
1360 750 1782 814 Alexandrinos,
1815 750 2157 806 Christianos
2185 755 2482 821 praesertim
2520 752 2600 804 vel
2638 749 2913 814 Hebrmos,
2943 763 3110 804 esset.
3144 749 3210 802 Et
3239 750 3455 818 quidem
3514 749 3614 800 hac
3665 745 3733 800 de
3763 761 3819 798 re
3855 759 3944 797 non

725 840 839 896 leve
869 854 1250 910 argumentum
1281 844 1363 897 vel
1393 843 1516 896 inde
1541 843 1678 896 sumi
1706 852 1910 913 potest,
1947 843 2092 913 quod
2129 843 2442 912 hujusmodi
2477 843 2611 896 liber
2642 857 2816 911 neque
2867 843 3013 910 ipsos
3048 842 3275 910 gentiles
3305 840 3702 895 Alexandrinos
3733 840 3945 906 set-ipto-

725 949 815 986 res
849 936 1024 996 latuit.
1057 952 1178 990 cum
1209 954 1274 990 ex
1303 952 1368 990 eo
1401 937 1558 1006 plura
1591 937 1640 989 iu
1665 954 1824 991 suum
1857 954 2016 991 usum
2042 939 2434 1006 decerpserint.
2461 935 2594 990 Nam
2628 952 2748 1005 quae
2787 934 3088 1007 llesychius
3119 936 3511 1006 grammaticus
3558 932 3946 986 Alexandrinus

725 1030 791 1085 de
827 1030 1107 1086 Hebraicis
1147 1034 1460 1095 nominibus
1492 1035 1545 1087 itt
1575 1033 1836 1086 Lexicutn
1867 1050 2026 1088 suum
2062 1035 2294 1099 imluxit,
2341 1050 2406 1087 ex
2454 1049 2521 1088 eo
2573 1042 2763 1086 mutuo
2806 1032 3085 1102 accepisse
3141 1031 3441 1085 verisimile
3502 1039 3602 1084 est.
3661 1028 3716 1082 ld
3785 1037 3946 1081 autem

721 1129 832 1197 jam
866 1139 1022 1184 antea
1055 1132 1507 1186 animadvertisse
1542 1133 1782 1203 comperi
1841 1130 2106 1186 Joannem
2165 1132 2558 1197 Martianzeum,
2603 1127 2697 1199 qui
2745 1130 3011 1200 probabili
3067 1129 3380 1198 conjectura
3407 1127 3521 1180 lucc
3550 1127 3775 1181 adnotat
3804 1124 3906 1193 (18)
3936 1143 3945 1176 :

732 1243 748 1274 ι
792 1224 990 1290 Quarta
1015 1227 1220 1295 species
1281 1228 1568 1282 verborum
1598 1238 1650 1282 et
1692 1229 2197 1298 iutcrpretationum
2245 1227 2490 1281 Philonis
2522 1234 2787 1295 superest,
2843 1225 2894 1277 ni
2934 1224 3109 1290 fallor,
3165 1225 3219 1277 in
3242 1223 3429 1277 Graeco
3458 1221 3658 1275 Lexico
3686 1217 3947 1290 llesycbii,

724 1320 1063 1386 grammatici
1096 1321 1469 1384 Alexandrini,
1505 1322 1598 1392 qui
1636 1339 1742 1377 non
1777 1323 1846 1377 ah
1896 1325 2004 1377 alio
2037 1340 2198 1392 quam
2233 1338 2263 1377 e
2293 1323 2432 1377 libro
2460 1323 2650 1377 Graeco
2681 1319 2994 1375 Iudaeorum
3028 1318 3377 1374 disertissimi
3415 1315 3746 1380 llellenistte,
3806 1314 3854 1368 id
3879 1322 3951 1367 est

723 1424 788 1463 ex
824 1412 960 1465 libro
993 1415 1275 1469 nominum
1314 1415 1707 1472 Ilelu-aicorum
1741 1420 1976 1473 mutuari
2027 1420 2204 1489 potuit
2237 1421 2458 1473 nomina
2483 1419 2618 1474 bene
2665 1418 2856 1481 multa,
2899 1432 3021 1487 quae
3069 1418 3183 1484 ipse
3236 1417 3624 1485 interpretatur
3649 1413 3807 1480 juxta
3843 1425 3951 1478 pro-

726 1503 1008 1569 prietatem
1035 1507 1234 1577 linguae
1269 1509 1569 1568 llehraicee.
1604 1512 1736 1568 Nam
1778 1519 1920 1570 unde
1943 1517 2094 1570 lluxit
2121 1517 2263 1584 apud
2298 1515 2629 1587 llesychium
2665 1524 2811 1570 tanta
2864 1514 3019 1584 copia
3050 1512 3609 1578 nominum,quorum
3648 1509 3791 1561 ratio
3820 1507 3950 1575 igno-

726 1607 845 1649 rata
881 1602 1089 1654 eratab
1113 1604 1372 1658 omnibus
1409 1605 1614 1662 Grzecis
1638 1610 2000 1678 scriptoribus
2040 1609 2433 1679 profanis,nisi
2464 1609 2650 1663 abillo
2688 1608 2864 1678 primo
2893 1607 3177 1660 conditore
3217 1603 3510 1657 voluminis
3568 1599 3950 1654 Hebraicarum

724 1703 941 1757 vocum,
989 1694 1101 1748 sive
1128 1695 1314 1751 Lexici
1351 1701 1514 1763 sacri,
1548 1702 1704 1770 cujus
1737 1717 1959 1755 usuram
1984 1702 2236 1756 habuisse
2265 1701 2646 1755 Alexandrinis
2677 1697 2836 1753 facile
2863 1697 3052 1753 licuit?
3083 1716 3101 1748 ι
3133 1696 3190 1750 Si
3214 1705 3394 1750 autem
3419 1693 3761 1747 Alexandriae
3787 1690 3949 1744 Philo-

727 1782 811 1837 nis
843 1784 980 1839 liber
1017 1791 1291 1858 magnoin
1319 1794 1491 1861 pretio
1521 1794 1825 1847 habebatur
1849 1794 1990 1864 apud
2026 1795 2279 1848 homines
2315 1809 2345 1847 a
2379 1791 2606 1864 Judaica
2659 1791 2922 1861 religione
2976 1798 3029 1844 et
3084 1789 3392 1844 Christiana
3454 1786 3676 1840 veritate
3733 1784 3948 1846 alienos,

731 1876 964 1945 quisque
1005 1880 1129 1934 inde
1165 1883 1535 1950 conjecturam
1592 1900 1786 1954 capere
1834 1863 2009 1955 potest
2035 1895 2241 1955 quanta
2292 1882 2435 1954 apud
2489 1863 2837 1938 Christianos
2885 1881 2939 1934 in
2973 1879 3382 1935 existimatione
3417 1884 3737 1946 quantoque
3781 1875 3833 1927 in
3865 1888 3950 1925 usu

730 1970 785 2024 in
817 1974 992 2026 sacris
1029 1971 1330 2043 Scripturis
1348 1977 1683 2044 explicandis
1703 1986 1868 2032 esset.

796 2064 939 2121 XIV.
971 2067 1126 2133 Quod
1156 2070 1199 2124 si
1234 2071 1504 2139 quispiam
1531 2081 1675 2126 esset
1707 2073 1800 2141 qui
1847 2087 1909 2126 ea
1959 2071 2025 2126 de
2068 2085 2128 2125 re
2164 2070 2456 2136 dubitaret,
2495 2068 2654 2125 facile
2715 2071 2896 2125 omnis
2926 2085 2992 2123 ex
3047 2068 3229 2121 animo
3271 2066 3626 2121 dubitationis
3676 2063 3952 2134 scrupulus

724 2162 879 2216 evelli
930 2171 1115 2231 posset
1141 2178 1205 2217 ex
1250 2165 1458 2233 iisquae
1489 2165 1552 2220 de
1582 2163 1814 2237 Origene
1839 2167 2003 2220 tradit
2028 2165 2428 2236 Hieronymus:
2466 2165 2726 2220 nimirum
2767 2166 2913 2234 quod
2941 2165 2994 2217 in
3049 2162 3332 2217 llebraieis
3393 2161 3712 2215 nominibus
3756 2159 3951 2214 Veteris

726 2253 1058 2309 Testameuti
1091 2254 1292 2310 fecerat
1321 2256 1496 2323 Philo,
1546 2259 1598 2312 id
1629 2260 1682 2314 iu
1712 2260 2027 2314 nominibus
2056 2258 2187 2313 Novi
2218 2258 2554 2314 Testamenti
2612 2260 2932 2329 praestitisse
3002 2258 3314 2328 Origenem,
3356 2272 3418 2310 ea
3467 2256 3626 2310 laude
3659 2267 3823 2324 atque
3848 2271 3950 2309 om-

725 2349 878 2402 nium
915 2349 1201 2404 doctorum
1235 2353 1477 2406 virorum
1513 2354 1924 2424 approbatione,
1978 2363 2038 2407 ut
2071 2369 2194 2407 eum
2226 2366 2412 2422 postea
2446 2355 2560 2424 ipse
2586 2354 2951 2424 Hieronymus
2990 2353 3233 2406 imitatus
3266 2349 3617 2406 sitvertendo
3638 2348 3694 2401 in
3723 2348 3949 2418 linguam

725 2443 998 2508 Latinam,
1030 2462 1151 2515 qua:
1174 2446 1359 2502 Graece
1389 2459 1600 2503 tantum
1630 2449 2173 2515 circumferebantur,
2205 2458 2264 2502 ut
2315 2450 2461 2519 quod
2520 2450 2691 2505 (ἓνωοί
2720 2448 2985 2513 Philonis,
3018 2460 3072 2502 et
3117 2446 3370 2519 Origenis
3399 2443 3608 2507 labore,
3673 2451 3837 2510 atque
3875 2441 3948 2492 in-

725 2535 938 2590 dustria
973 2535 1267 2600 habebant,
1313 2535 1367 2591 id
1411 2536 1590 2590 Latini
1629 2537 1880 2593 lectionis
1938 2555 2217 2593 sacrarum
2295 2537 2702 2609 Seripturarum
2746 2540 2976 2595 studiosi
3024 2556 3178 2602 cura.
3211 2549 3374 2608 atque
3430 2553 3594 2607 opera
3639 2532 3955 2590 sanctissimi

729 2625 982 2682 Doctoris
1020 2627 1476 2696 adipiscerentur.
1509 2627 1683 2684 Verba
1728 2628 1788 2684 Β.
1831 2628 2146 2701 Hieronymi
2180 2630 2308 2684 talia
2332 2639 2459 2685 sunt
2494 2630 2640 2700 (l9):
2688 2648 2706 2681 ι
2745 2629 2823 2683 Ac
2851 2644 2919 2683 ne
2947 2628 3089 2682 forte
3113 2636 3496 2683 consummato
3523 2625 3778 2686 aedificio,
3811 2623 3952 2693 quasi

725 2726 971 2772 extrema
1001 2720 1216 2773 deesset
1265 2735 1482 2787 manus,
1523 2721 1656 2776 Novi
1689 2722 2024 2779 Testamenti
2052 2724 2212 2778 verba
2262 2733 2314 2778 et
2342 2723 2564 2777 nomina
2602 2724 2994 2793 interpretatus
3040 2737 3196 2788 sum;
3253 2720 3457 2774 imitari
3499 2719 3694 2774 volens
3727 2734 3794 2772 ex
3822 2726 3956 2786 parte

726 2807 1038 2883 Origenem,
1069 2829 1228 2884 quem
1267 2825 1386 2885 post
1419 2819 1722 2886 apostolos,
1753 2818 2123 2873 Ecelesiarum
2181 2818 2524 2886 magistrum,
2572 2833 2755 2883 nemo,
2805 2818 2909 2872 nisi
2965 2817 3252 2886 imperitus
3311 2794 3549 2886 negabit.
3595 2811 3744 2867 [nter
3777 2821 3955 2868 caetera

729 2906 874 2960 cnim
906 2908 1108 2978 ingenii
1144 2911 1230 2964 sui
1263 2911 1523 2980 przeclara
1553 2922 1904 2965 monumenta
1941 2912 2108 2965 etiam
2165 2911 2217 2964 in
2253 2912 2355 2965 hoc
2384 2911 2674 2976 laboravit,
2723 2922 2780 2966 ut
2828 2911 2975 2980 quod
3023 2909 3180 2964 Philo
3228 2908 3384 2978 quasi
3421 2906 3644 2961 .Iudzeus
3692 2905 3954 2964 omiserat.

732 2999 823 3054 hic
848 3009 907 3054 ut
934 3001 1280 3056 Christianus
1313 3003 1578 3071 impleret.
1613 3021 1631 3052 ι
1669 3001 1745 3056 Ex
1781 3003 1866 3059 his
1898 3018 2027 3058 vero
2068 3019 2190 3073 qum
2241 3001 2604 3073 Hieronymus
2630 3001 2871 3072 scripsit,
2918 3003 3026 3055 duo
3057 3001 3123 3054 ad
3169 3016 3281 3052 rem
3327 3009 3570 3052 nostram
3598 2992 3953 3066 colliguntur:

734 3091 1126 3148 Hebraicorum
1165 3096 1450 3149 nominum
1507 3095 2033 3166 interpretationem,
2072 3112 2187 3150 rem
2219 3097 2484 3166 puerilem
2505 3105 2558 3151 et
2595 3095 2798 3149 nullius
2829 3095 3105 3157 utilitatis,
3162 3101 3219 3146 ut
3252 3092 3476 3160 quidam
3521 3098 3834 3151 autumant,
3865 3085 3955 3140 mi-

729 3187 877 3242 nime
926 3189 1258 3242 censendam
1318 3204 1462 3251 esse.
1495 3204 1620 3244 cum
1671 3190 1727 3244 in
1768 3206 1829 3245 ea
1883 3191 1987 3245 tria
2039 3191 2457 3259 praeclarissima
2505 3191 2752 3246 omnium
2785 3198 3006 3244 aetatum
3063 3186 3276 3254 ingenia
3321 3184 3746 3244 elaboraverint,
3798 3179 3956 3241 Philo,

728 3275 1014 3350 Origenes,
1046 3278 1443 3352 Hieronymus;
1474 3289 1527 3336 et
1557 3291 1800 3336 nostram
1827 3281 2170 3336 Psalmorum
2204 3283 2576 3350 metaphrasin
2614 3297 2714 3336 seu
2746 3279 3199 3336 commentarium
3245 3279 3298 3332 in
3333 3292 3441 3346 quo
3469 3283 3731 3330 accurate
3771 3283 3824 3327 et
3854 3271 3959 3326 dili-

733 3385 923 3442 genter
955 3375 1118 3429 allata
1176 3373 1571 3431 Hebraicorum
1604 3376 1885 3429 nominum
1917 3375 2397 3444 iuterpretatione,‘
2432 3375 2776 3430 Psalmorum
2823 3375 2962 3428 tituli
3021 3381 3387 3441 exponuntur,
3423 3380 3707 3422 auctorem
3775 3379 3949 3436 praeseo

730 3469 875 3525 ferre
909 3470 1235 3538 scriptorem
1297 3468 1753 3535 Alexandrinum,
1789 3471 2123 3542 minimeque
2151 3487 2272 3526 eam
2309 3470 2490 3542 ruagui
2520 3470 2802 3526 Athanasii
2840 3468 2924 3523 vel
2955 3468 3122 3531 artati,
3150 3466 3232 3521 vel
3290 3465 3498 3535 patriae,
3533 3464 3620 3518 vel
3664 3464 3878 3526 studiis,
3902 3471 3949 3515 et

729 3578 901 3620 sacrte
930 3564 1194 3618 doctrinae
1227 3579 1550 3632 repugnare,
1581 3565 1678 3619 sed
1712 3581 1874 3634 quam
1903 3566 2142 3620 maxime
2184 3566 2495 3621 convenire.

802 3652 918 3708 XV.
953 3652 1108 3708 Nunc
1136 3669 1267 3708 vero
1298 3656 1562 3725 agendum
1600 3664 1683 3710 est
1709 3656 1775 3710 de
1804 3657 2094 3726 allegorica
2121 3657 2590 3725 interpretatione,
2615 3656 2771 3726 juxta
2814 3671 2978 3726 quam
3023 3662 3286 3724 perpetuo
3334 3651 3732 3707 commentario
3780 3649 3961 3705 Psalmi

731 3755 1095 3817 exponuntur.
1119 3745 1360 3801 Primum
1387 3748 1688 3817 allegorica:
1705 3765 1983 3803 sacrarum
2011 3750 2419 3820 Seripturarum
2445 3751 2908 3821 interpretationis
2931 3760 3206 3803 auctorem
3229 3755 3439 3801 veteres
3455 3744 3756 3814 scriptores
3778 3745 3963 3800 faciunt

732 3839 1015 3894 Philonem
1043 3839 1346 3895 Hebraeum.
1381 3839 1581 3895 Scribit
1605 3842 1748 3895 enim
1777 3843 1842 3896 de
1872 3858 1936 3896 eo
1979 3843 2031 3897 in
2074 3858 2172 3898 sua
2212 3843 2539 3898 Bibliotheca
2587 3843 2703 3915 (‘20)
2746 3842 3010 3896 Photius:
3047 3859 3064 3892 ι
3104 3838 3578 3895 Circumferuntur
3603 3839 3849 3909 ejusdem
3874 3835 3962 3889 alia

733 3947 950 4001 quoque
980 3934 1125 3987 varia
1159 3935 1421 4003 opuscula
1441 3977 1457 4000 ,
1485 3937 1680 4006 quibus
1709 3937 2106 4005 disputationes
2140 3936 2252 3993 lere
2283 3940 2350 3993 de
2378 3938 2623 3993 moribus
2651 3937 2998 3992 continentur
3018 3979 3032 4000 ,
3060 3934 3382 4005 Veterisque
3407 3933 3747 3988 Testamenti
3797 3930 3963 4000 expla-

735 4025 983 4079 nationes
1010 4025 1074 4079 atl
1104 4027 1416 4098 allegoriam
1451 4038 1509 4081 ut
1535 4029 1828 4097 plurimum
1865 4031 1978 4098 ipsa
2009 4031 2186 4084 littera
2215 4039 2416 4101 aptata.
2448 4028 2515 4082 Et
2543 4045 2667 4083 vero
2703 4030 2770 4083 ab
2792 4029 2893 4083 hoc
2923 4028 3156 4082 arbitror
3183 4042 3397 4082 omnem
3428 4025 3781 4096 allegoricum
3815 4036 3964 4078 sacra:

738 4115 1030 4186 Scriptura:
1060 4134 1367 4174 sermonem
1405 4122 1459 4175 in
1497 4121 1791 4175 Ecclesiam
1825 4122 2488 4190 promanassealsautem
2520 4122 2892 4186 Alexandriae,
2938 4121 3027 4176 ubi
3067 4129 3227 4174 natus
3263 4130 3413 4182 erat,
3467 4119 3720 4187 scripsit,
3772 4129 3826 4171 et
3873 4131 3963 4168 non

736 4207 909 4261 solum
943 4209 1081 4264 inter
1110 4227 1259 4274 suos,
1286 4213 1376 4265 sed
1410 4213 1573 4266 etiam
1609 4213 1746 4265 inter
1771 4213 2114 4268 Christianos
2141 4213 2336 4268 celebri
2369 4214 2587 4266 nomine
2617 4213 2685 4267 ob
2709 4227 2985 4267 sacrarum
3020 4206 3424 4282 Seripturarum
3453 4210 3763 4274 scientiam,
3783 4219 3836 4264 et
3859 4226 3967 4280 pro-

737 4293 988 4354 fanarum
1021 4303 1388 4357 doctrinarum
1414 4305 1773 4362 eruditionem
1811 4307 1931 4367 fuit.
1967 4307 2077 4361 imo
2105 4307 2270 4360 etiam
2301 4305 2624 4360 Christiana:
2659 4305 2902 4375 religioni
2935 4320 3130 4359 nomen
3165 4303 3412 4369 dedisse,
3455 4319 3484 4357 a
3515 4304 3842 4374 quihusdam
3873 4313 3942 4355 ιη

739 4387 911 4445 ditum
947 4404 1049 4448 est.
1087 4395 1228 4450 Sane
1253 4394 1616 4468 Hieronymus
1649 4400 1714 4454 de
1745 4415 1811 4454 eo
1835 4399 2022 4455 scribit
2049 4400 2196 4469 (21),
2229 4399 2426 4453 famam
2460 4398 2625 4454 fuisse
2646 4438 2660 4461 ,
2689 4414 2811 4453 eum
2833 4440 2847 4466 ,
2882 4415 3005 4454 cum
3036 4399 3088 4453 in
3117 4399 3355 4454 secunda
3387 4399 3656 4470 legatione
3694 4398 3762 4452 ad
3791 4398 3964 4452 Caium

743 4482 970 4540 Romam
1001 4490 1255 4555 venisset,
1294 4492 1532 4547 locutum
1555 4509 1676 4548 esse
1709 4509 1830 4547 cum
1862 4494 2106 4564 apostolo
2130 4492 2308 4559 Petro,
2341 4476 2567 4564 ejusque
2601 4493 2855 4548 habuisse
2891 4494 3184 4559 amicitias,
3215 4502 3269 4547 et
3299 4493 3369 4548 ob
3398 4493 3539 4548 hanc
3567 4508 3788 4548 causam
3819 4493 3965 4547 etiam

742 4577 905 4634 Marci
933 4581 1182 4652 discipuli
1213 4584 1379 4647 Petri,
1411 4585 1552 4656 apud
1579 4585 1962 4641 Alexandriam
1996 4595 2293 4642 sectatores
2314 4603 2542 4643 ornasse
2570 4586 2855 4652 laudibus;
2879 4596 3071 4643 etante
3094 4587 3481 4661 Hieronymum
3512 4586 3654 4642 idem
3677 4588 3743 4642 de
3756 4585 3968 4640 Philone

746 4673 1039 4730 tradiderat
1075 4675 1341 4732 Eusebius
1367 4678 1737 4744 Caesariensis,
1762 4677 1854 4746 qui
1887 4677 2262 4734 doctissimum
2291 4676 2533 4733 Judazum
2577 4680 2788 4753 magnis
2830 4679 3080 4735 laudibus
3119 4689 3304 4746 ornat;
3357 4680 3498 4734 unde
3535 4689 3751 4735 constat
3785 4688 3968 4751 quanto

747 4769 964 4822 nomine
987 4779 1039 4822 et
1059 4785 1167 4839 quo
1187 4769 1239 4823 in
1275 4773 1478 4826 honore
1504 4773 1592 4827 ille
1613 4782 1754 4828 esset
1777 4770 1995 4826 Eusebii
2014 4787 2232 4841 quoque
2259 4779 2415 4826 aetate
2440 4773 2582 4842 apud
2606 4772 2977 4828 Christianos:
3013 4771 3113 4827 Hic
3141 4787 3332 4842 porro,
3357 4773 3533 4841 inquit
3562 4770 3830 4826 Eusebius
3850 4770 3966 4843 (ἒξ).

744 4859 826 4910 vir
849 4860 900 4912 in
936 4860 1167 4916 dicendo
1197 4863 1451 4931 copiosus
1472 4904 1486 4928 ,
1521 4862 1572 4915 in
1610 4863 1893 4918 sententiis
1925 4863 2192 4931 locuples,
2228 4862 2280 4915 in
2305 4862 2500 4916 divina:
2525 4860 2818 4932 Scriptura:
2849 4862 3198 4933 intelligentia
3225 4863 3475 4918 sublimis
3509 4873 3673 4933 atque
3703 4866 3967 4920 excelsus.

746 4954 950 5006 variam
976 4969 1038 5008 ac
1075 4954 1422 5022 tnultiplicem
1448 4971 1728 5010 sacrorum
1761 4956 2096 5009 voluminum
2122 4956 2514 5026 expositionem
2537 4957 2726 5012 edidit.
2757 4957 2799 5011 E
2825 4957 3052 5013 Philone
3076 4959 3268 5030 igitur,
3298 4959 3390 5029 qui
3424 4957 3562 5029 ἀνὴρ
3587 4959 3654 5012 τὰ
3687 4960 3860 5011 πάντα
3894 4957 3968 5010 εὖτ

748 5044 914 5109 δοξος,
944 5046 1019 5099 ait
1038 5044 1306 5114 Iosephus
1339 5048 1474 5116 (‘25),
1509 5063 1615 5100 non
1640 5048 1814 5102 solum
1847 5050 1898 5100 in
1920 5048 2092 5103 sacris
2121 5046 2423 5116 Scripturis
2445 5051 2772 5104 excellenter
2807 5060 3078 5117 versatus,
3105 5053 3198 5106 sed
3225 5053 3389 5105 etiam
3421 5053 3661 5106 externis
3684 5051 3968 5121 disciplinis

747 5139 960 5207 egregie
993 5139 1240 5192 excultus
1274 5140 1530 5208 prasclara
1556 5154 1718 5207 opera
1751 5140 1803 5192 in
1836 5139 2110 5206 publicum
2151 5138 2427 5204 ediderat,
2463 5140 2805 5211 allegoricatn
2860 5156 3140 5196 sacrarum
3176 5141 3584 5212 Seripturarum
3623 5145 3966 5212 interpretan-

747 5233 939 5286 darum
977 5231 1236 5284 rationem
1286 5231 1339 5284 in
1379 5231 1799 5285 Alexandrinam
1833 5230 2264 5284 Christianorum
2309 5231 2552 5286 scholam
2602 5235 2781 5303 aliqua
2816 5249 2881 5288 ex
2920 5243 3108 5304 parte,
3142 5246 3194 5290 et
3246 5235 3649 5305 quadamtenus
3686 5236 3965 5290 derivatam

749 5321 935 5382 fuisse,
964 5337 1126 5390 quam
1153 5321 1603 5375 verisimillimum
1634 5337 1775 5385 esse,
1807 5336 1990 5386 nemo,
2022 5330 2082 5375 ut
2105 5333 2254 5391 puto,
2285 5325 2523 5394 negabit.

820 5457 934 5521 (l8)
1000 5457 1154 5511 Tom.
1191 5457 1232 5510 ll
1285 5459 1422 5528 Opp.
1495 5460 1550 5512 S.
1613 5459 1855 5524 Hicron.,
1925 5474 1977 5528 p.
2017 5459 2086 5512 90
2117 5459 2242 5513 edit.
2317 5457 2492 5515 Paris.

821 5529 931 5598 (l9)
959 5529 1076 5600 Lib.
1115 5544 1196 5591 Itt,
1221 5546 1338 5600 cap.
1369 5531 1422 5592 5,
1462 5549 1517 5584 n.
1549 5531 1601 5584 7.

825 5601 935 5667 (‘20)
970 5599 1169 5652 Codice
1193 5615 1276 5652 cv.

825 5670 935 5731 (2|)
974 5669 1044 5722 De
1067 5671 1244 5738 script.
1283 5669 1462 5723 ercles.
1496 5685 1547 5720 ιι.
1581 5668 1663 5720 ll.

823 5739 936 5807 (22)
974 5739 1112 5792 Hist.
1135 5741 1260 5793 errl.
1289 5742 1380 5791 lib.
1416 5756 1471 5800 ll,
1499 5755 1616 5806 (τερ.
1655 5740 1731 5791 l3.

826 5809 940 5874 (95)
975 5811 1146 5862 Antia.
1178 5811 1393 5864 Judat’c.
1421 5826 1536 5864 can.
1569 5810 1618 5861 9.
