  <div class='ocr_page' id='page_1' title='image "/cluster/home/n/w/nwhite01/storage/ocr_20150623/27/pst.000005712182/314.png"; bbox 0 0 4090 6312; ppageno 0'>
   <div class='ocr_carea' id='block_1_1' title="bbox 159 371 3396 432">
    <p class='ocr_par' dir='ltr' id='par_1_1' title="bbox 159 371 3396 432">
     <span class='ocr_line' id='line_1_1' title="bbox 159 371 3396 432; baseline 0.001 -4"><span class='ocrx_word' id='word_1_1' title='bbox 159 376 255 428; x_wconf 76' lang='grc'>613</span> <span class='ocrx_word' id='word_1_2' title='bbox 828 373 913 428; x_wconf 85' lang='lat' dir='ltr'>DE</span> <span class='ocrx_word' id='word_1_3' title='bbox 954 371 1230 427; x_wconf 80' lang='lat' dir='ltr'>TITULIS</span> <span class='ocrx_word' id='word_1_4' title='bbox 1270 371 1716 426; x_wconf 70' lang='lat' dir='ltr'>PSAIMORUM.</span> <span class='ocrx_word' id='word_1_5' title='bbox 1751 403 1816 410; x_wconf 78' lang='lat'><strong><em>--~</em></strong></span> <span class='ocrx_word' id='word_1_6' title='bbox 1854 371 2241 426; x_wconf 73' lang='lat' dir='ltr'>ANTONELLI</span> <span class='ocrx_word' id='word_1_7' title='bbox 2282 373 2676 428; x_wconf 69' lang='lat' dir='ltr'>PIL-EFATIO.</span> <span class='ocrx_word' id='word_1_8' title='bbox 3288 379 3396 432; x_wconf 81' lang='grc'>614</span> 
     </span>
    </p>
   </div>
   <div class='ocr_carea' id='block_1_2' title="bbox 223 489 3403 564">
    <p class='ocr_par' dir='ltr' id='par_1_2' title="bbox 223 489 3403 564">
     <span class='ocr_line' id='line_1_2' title="bbox 223 489 3403 564; baseline 0.002 -20"><span class='ocrx_word' id='word_1_9' title='bbox 223 490 359 544; x_wconf 82' lang='lat' dir='ltr'>XVl.</span> <span class='ocrx_word' id='word_1_10' title='bbox 389 489 545 558; x_wconf 84' lang='lat' dir='ltr'><strong>Quod</strong></span> <span class='ocrx_word' id='word_1_11' title='bbox 581 497 759 544; x_wconf 88' lang='lat' dir='ltr'>autem</span> <span class='ocrx_word' id='word_1_12' title='bbox 791 489 975 544; x_wconf 82' lang='lat' dir='ltr'>schola</span> <span class='ocrx_word' id='word_1_13' title='bbox 1009 489 1368 543; x_wconf 79' lang='lat' dir='ltr'>Alexandrina</span> <span class='ocrx_word' id='word_1_14' title='bbox 1401 489 1746 560; x_wconf 80' lang='lat' dir='ltr'>allegoricam</span> <span class='ocrx_word' id='word_1_15' title='bbox 1784 491 2281 558; x_wconf 71' lang='lat' dir='ltr'>interpretationem</span> <span class='ocrx_word' id='word_1_16' title='bbox 2310 503 2491 546; x_wconf 86' lang='lat' dir='ltr'>secuta</span> <span class='ocrx_word' id='word_1_17' title='bbox 2525 495 2614 554; x_wconf 88' lang='lat' dir='ltr'>sit,</span> <span class='ocrx_word' id='word_1_18' title='bbox 2652 501 2975 564; x_wconf 86' lang='lat' dir='ltr'>argumento</span> <span class='ocrx_word' id='word_1_19' title='bbox 3010 509 3134 550; x_wconf 88' lang='lat' dir='ltr'>esse</span> <span class='ocrx_word' id='word_1_20' title='bbox 3171 508 3403 564; x_wconf 87' lang='lat' dir='ltr'>possunt</span> 
     </span>
    </p>
   </div>
   <div class='ocr_carea' id='block_1_3' title="bbox 156 578 3402 652">
    <p class='ocr_par' dir='ltr' id='par_1_3' title="bbox 156 578 3402 652">
     <span class='ocr_line' id='line_1_3' title="bbox 156 578 3402 652; baseline 0.002 -18"><span class='ocrx_word' id='word_1_21' title='bbox 156 599 315 652; x_wconf 84' lang='lat' dir='ltr'>opera</span> <span class='ocrx_word' id='word_1_22' title='bbox 351 581 646 636; x_wconf 72' lang='lat' dir='ltr'>Clementis</span> <span class='ocrx_word' id='word_1_23' title='bbox 679 590 731 634; x_wconf 93' lang='lat' dir='ltr'><strong>et</strong></span> <span class='ocrx_word' id='word_1_24' title='bbox 760 578 1006 648; x_wconf 88' lang='lat' dir='ltr'>Origenis</span> <span class='ocrx_word' id='word_1_25' title='bbox 1031 621 1045 645; x_wconf 91' lang='lat'>,</span> <span class='ocrx_word' id='word_1_26' title='bbox 1075 581 1167 648; x_wconf 86' lang='lat' dir='ltr'>qui</span> <span class='ocrx_word' id='word_1_27' title='bbox 1199 580 1359 632; x_wconf 83' lang='lat' dir='ltr'>ambo</span> <span class='ocrx_word' id='word_1_28' title='bbox 1387 579 1763 632; x_wconf 57' lang='lat' dir='ltr'>Alexandrina».</span> <span class='ocrx_word' id='word_1_29' title='bbox 1796 579 1994 632; x_wconf 75' lang='lat' dir='ltr'>scholzc</span> <span class='ocrx_word' id='word_1_30' title='bbox 2025 580 2378 645; x_wconf 64' lang='lat' dir='ltr'>praefuerunt.</span> <span class='ocrx_word' id='word_1_31' title='bbox 2423 581 2666 647; x_wconf 87' lang='lat' dir='ltr'>Quorum</span> <span class='ocrx_word' id='word_1_32' title='bbox 2710 583 2919 650; x_wconf 89' lang='lat' dir='ltr'>primus</span> <span class='ocrx_word' id='word_1_33' title='bbox 2953 585 3005 636; x_wconf 91' lang='lat' dir='ltr'>in</span> <span class='ocrx_word' id='word_1_34' title='bbox 3041 585 3218 638; x_wconf 85' lang='lat' dir='ltr'>sacris</span> <span class='ocrx_word' id='word_1_35' title='bbox 3256 582 3402 640; x_wconf 85' lang='lat' dir='ltr'>Scri-</span> 
     </span>
    </p>
   </div>
   <div class='ocr_carea' id='block_1_4' title="bbox 157 670 3401 744">
    <p class='ocr_par' dir='ltr' id='par_1_4' title="bbox 157 670 3401 744">
     <span class='ocr_line' id='line_1_4' title="bbox 157 670 3401 744; baseline -0 -18"><span class='ocrx_word' id='word_1_36' title='bbox 157 675 330 744; x_wconf 86' lang='lat' dir='ltr'>pturis</span> <span class='ocrx_word' id='word_1_37' title='bbox 352 672 690 744; x_wconf 79' lang='lat' dir='ltr'>explicandis</span> <span class='ocrx_word' id='word_1_38' title='bbox 714 671 1012 740; x_wconf 65' lang='lat' dir='ltr'>sepissime</span> <span class='ocrx_word' id='word_1_39' title='bbox 1044 671 1317 743; x_wconf 72' lang='lat' dir='ltr'>allegoriis</span> <span class='ocrx_word' id='word_1_40' title='bbox 1345 672 1532 733; x_wconf 83' lang='lat' dir='ltr'>utitur,</span> <span class='ocrx_word' id='word_1_41' title='bbox 1558 670 1649 723; x_wconf 83' lang='lat' dir='ltr'>sed</span> <span class='ocrx_word' id='word_1_42' title='bbox 1676 671 1726 722; x_wconf 91' lang='lat' dir='ltr'>in</span> <span class='ocrx_word' id='word_1_43' title='bbox 1751 670 1902 723; x_wconf 80' lang='lat' dir='ltr'>libris</span> <span class='ocrx_word' id='word_1_44' title='bbox 1934 670 2260 724; x_wconf 84' lang='lat' dir='ltr'>Slromatum</span> <span class='ocrx_word' id='word_1_45' title='bbox 2285 674 2544 742; x_wconf 78' lang='lat' dir='ltr'>mysticus</span> <span class='ocrx_word' id='word_1_46' title='bbox 2573 671 2977 742; x_wconf 86' lang='lat' dir='ltr'>Seripturarum</span> <span class='ocrx_word' id='word_1_47' title='bbox 3004 689 3199 728; x_wconf 87' lang='lat' dir='ltr'>sensus</span> <span class='ocrx_word' id='word_1_48' title='bbox 3226 671 3401 742; x_wconf 86' lang='lat' dir='ltr'>potis-</span> 
     </span>
    </p>
   </div>
   <div class='ocr_carea' id='block_1_5' title="bbox 154 761 3404 837">
    <p class='ocr_par' dir='ltr' id='par_1_5' title="bbox 154 761 3404 837">
     <span class='ocr_line' id='line_1_5' title="bbox 154 761 3404 837; baseline -0.002 -15"><span class='ocrx_word' id='word_1_49' title='bbox 154 768 349 822; x_wconf 83' lang='lat' dir='ltr'>simum</span> <span class='ocrx_word' id='word_1_50' title='bbox 382 767 665 837; x_wconf 72' lang='lat' dir='ltr'>amplexus</span> <span class='ocrx_word' id='word_1_51' title='bbox 691 779 763 818; x_wconf 85' lang='lat' dir='ltr'>est</span> <span class='ocrx_word' id='word_1_52' title='bbox 791 782 804 828; x_wconf 93' lang='lat'><strong>;</strong></span> <span class='ocrx_word' id='word_1_53' title='bbox 843 765 1107 831; x_wconf 76' lang='lat' dir='ltr'>siquidem</span> <span class='ocrx_word' id='word_1_54' title='bbox 1139 763 1239 816; x_wconf 82' lang='lat' dir='ltr'>tria</span> <span class='ocrx_word' id='word_1_55' title='bbox 1272 779 1368 816; x_wconf 86' lang='lat' dir='ltr'>sua</span> <span class='ocrx_word' id='word_1_56' title='bbox 1402 765 1655 832; x_wconf 55' lang='lat' dir='ltr'>praiclara</span> <span class='ocrx_word' id='word_1_57' title='bbox 1689 777 1885 830; x_wconf 80' lang='lat' dir='ltr'>opera,</span> <span class='ocrx_word' id='word_1_58' title='bbox 1921 761 2285 831; x_wconf 80' lang='lat' dir='ltr'>Protrepticon</span> <span class='ocrx_word' id='word_1_59' title='bbox 2307 805 2320 829; x_wconf 95' lang='lat'>,</span> <span class='ocrx_word' id='word_1_60' title='bbox 2355 762 2689 835; x_wconf 77' lang='lat' dir='ltr'>Prt&#39;dagogou</span> <span class='ocrx_word' id='word_1_61' title='bbox 2714 806 2727 829; x_wconf 95' lang='lat'>,</span> <span class='ocrx_word' id='word_1_62' title='bbox 2781 775 2833 819; x_wconf 94' lang='lat' dir='ltr'>ct</span> <span class='ocrx_word' id='word_1_63' title='bbox 2867 765 3194 819; x_wconf 84' lang='lat' dir='ltr'>Stromutum</span> <span class='ocrx_word' id='word_1_64' title='bbox 3235 765 3404 818; x_wconf 85' lang='lat' dir='ltr'>libros</span> 
     </span>
    </p>
   </div>
   <div class='ocr_carea' id='block_1_6' title="bbox 152 853 3404 924">
    <p class='ocr_par' dir='ltr' id='par_1_6' title="bbox 152 853 3404 924">
     <span class='ocr_line' id='line_1_6' title="bbox 152 853 3404 924; baseline -0.003 -10"><span class='ocrx_word' id='word_1_65' title='bbox 152 875 216 914; x_wconf 87' lang='lat' dir='ltr'>eo</span> <span class='ocrx_word' id='word_1_66' title='bbox 248 860 466 924; x_wconf 84' lang='lat' dir='ltr'>Ordine,</span> <span class='ocrx_word' id='word_1_67' title='bbox 505 869 556 912; x_wconf 89' lang='lat' dir='ltr'>et</span> <span class='ocrx_word' id='word_1_68' title='bbox 580 859 788 911; x_wconf 75' lang='lat' dir='ltr'>ratione</span> <span class='ocrx_word' id='word_1_69' title='bbox 818 855 1049 908; x_wconf 90' lang='lat' dir='ltr'>instituit</span> <span class='ocrx_word' id='word_1_70' title='bbox 1076 853 1208 923; x_wconf 68' lang='lat' dir='ltr'>(S4),</span> <span class='ocrx_word' id='word_1_71' title='bbox 1241 864 1301 908; x_wconf 91' lang='lat' dir='ltr'>ut</span> <span class='ocrx_word' id='word_1_72' title='bbox 1330 854 1610 923; x_wconf 77' lang='lat' dir='ltr'>gentilium</span> <span class='ocrx_word' id='word_1_73' title='bbox 1643 865 2082 924; x_wconf 78' lang='lat' dir='ltr'>mystagogoruin</span> <span class='ocrx_word' id='word_1_74' title='bbox 2105 894 2118 917; x_wconf 91' lang='lat'>,</span> <span class='ocrx_word' id='word_1_75' title='bbox 2151 870 2215 907; x_wconf 89' lang='lat' dir='ltr'>ac</span> <span class='ocrx_word' id='word_1_76' title='bbox 2246 865 2488 908; x_wconf 86' lang='lat' dir='ltr'>veterum</span> <span class='ocrx_word' id='word_1_77' title='bbox 2522 856 2967 924; x_wconf 90' lang='lat' dir='ltr'>philosophorum</span> <span class='ocrx_word' id='word_1_78' title='bbox 3003 856 3255 923; x_wconf 81' lang='lat' dir='ltr'>exemplo</span> <span class='ocrx_word' id='word_1_79' title='bbox 3291 863 3404 906; x_wconf 85' lang='lat' dir='ltr'>tres</span> 
     </span>
    </p>
   </div>
   <div class='ocr_carea' id='block_1_7' title="bbox 151 944 1766 1021">
    <p class='ocr_par' dir='ltr' id='par_1_7' title="bbox 151 944 1766 1021">
     <span class='ocr_line' id='line_1_7' title="bbox 151 944 1766 1021; baseline -0.003 -18"><span class='ocrx_word' id='word_1_80' title='bbox 151 953 352 1021; x_wconf 76' lang='lat' dir='ltr'>gradus</span> <span class='ocrx_word' id='word_1_81' title='bbox 372 991 386 1013; x_wconf 89' lang='lat'>,</span> <span class='ocrx_word' id='word_1_82' title='bbox 417 947 788 1018; x_wconf 67' lang='grc' dir='ltr'>ἀποκάθαρσιν</span> <span class='ocrx_word' id='word_1_83' title='bbox 810 986 824 1008; x_wconf 88' lang='grc'><em>,</em></span> <span class='ocrx_word' id='word_1_84' title='bbox 866 945 1092 1016; x_wconf 79' lang='grc' dir='ltr'>μύησιν,</span> <span class='ocrx_word' id='word_1_85' title='bbox 1122 946 1414 998; x_wconf 73' lang='grc' dir='ltr'>ἐποπτείαν</span> <span class='ocrx_word' id='word_1_86' title='bbox 1448 944 1701 999; x_wconf 78' lang='lat' dir='ltr'>referret.</span> <span class='ocrx_word' id='word_1_87' title='bbox 1733 947 1766 998; x_wconf 79' lang='grc' dir='ltr'><em>Α</em></span> 
     </span>
    </p>
   </div>
   <div class='ocr_carea' id='block_1_8' title="bbox 1788 944 3403 1021">
    <p class='ocr_par' dir='ltr' id='par_1_8' title="bbox 1788 946 3403 1018">
     <span class='ocr_line' id='line_1_8' title="bbox 1788 946 3403 1018; baseline 0.001 -20"><span class='ocrx_word' id='word_1_88' title='bbox 1788 946 1883 999; x_wconf 86' lang='lat' dir='ltr'>lter</span> <span class='ocrx_word' id='word_1_89' title='bbox 1911 962 2037 999; x_wconf 89' lang='lat' dir='ltr'>vero</span> <span class='ocrx_word' id='word_1_90' title='bbox 2074 946 2128 1000; x_wconf 92' lang='lat' dir='ltr'>in</span> <span class='ocrx_word' id='word_1_91' title='bbox 2173 947 2445 1018; x_wconf 84' lang='lat' dir='ltr'>allegoriis</span> <span class='ocrx_word' id='word_1_92' title='bbox 2474 948 2747 1002; x_wconf 88' lang='lat' dir='ltr'>sectandis</span> <span class='ocrx_word' id='word_1_93' title='bbox 2777 949 2911 1002; x_wconf 89' lang='lat' dir='ltr'>adeo</span> <span class='ocrx_word' id='word_1_94' title='bbox 2946 949 3147 1001; x_wconf 91' lang='lat' dir='ltr'>nimius</span> <span class='ocrx_word' id='word_1_95' title='bbox 3175 948 3309 1013; x_wconf 90' lang='lat' dir='ltr'>fuit,</span> <span class='ocrx_word' id='word_1_96' title='bbox 3349 957 3403 999; x_wconf 91' lang='lat' dir='ltr'>ut</span> 
     </span>
    </p>
   </div>
   <div class='ocr_carea' id='block_1_9' title="bbox 149 1038 3405 1109">
    <p class='ocr_par' dir='ltr' id='par_1_9' title="bbox 149 1038 3405 1109">
     <span class='ocr_line' id='line_1_9' title="bbox 149 1038 3405 1109; baseline -0.001 -11"><span class='ocrx_word' id='word_1_97' title='bbox 149 1046 312 1098; x_wconf 87' lang='lat' dir='ltr'>etiam</span> <span class='ocrx_word' id='word_1_98' title='bbox 344 1044 449 1098; x_wconf 89' lang='lat' dir='ltr'>hoc</span> <span class='ocrx_word' id='word_1_99' title='bbox 476 1043 694 1097; x_wconf 81' lang='lat' dir='ltr'>nomine</span> <span class='ocrx_word' id='word_1_100' title='bbox 737 1056 765 1092; x_wconf 84' lang='lat' dir='ltr'>a</span> <span class='ocrx_word' id='word_1_101' title='bbox 811 1040 994 1093; x_wconf 86' lang='lat' dir='ltr'>multis</span> <span class='ocrx_word' id='word_1_102' title='bbox 1023 1039 1467 1107; x_wconf 72' lang='lat' dir='ltr'><strong>reprehendatur.</strong></span> <span class='ocrx_word' id='word_1_103' title='bbox 1519 1039 1699 1104; x_wconf 89' lang='lat' dir='ltr'>Quare</span> <span class='ocrx_word' id='word_1_104' title='bbox 1741 1047 1796 1092; x_wconf 90' lang='lat' dir='ltr'>et</span> <span class='ocrx_word' id='word_1_105' title='bbox 1826 1049 2081 1093; x_wconf 87' lang='lat' dir='ltr'>accurata</span> <span class='ocrx_word' id='word_1_106' title='bbox 2127 1038 2515 1094; x_wconf 87' lang='lat' dir='ltr'>llcbraicorum</span> <span class='ocrx_word' id='word_1_107' title='bbox 2564 1043 2847 1096; x_wconf 89' lang='lat' dir='ltr'>nominum</span> <span class='ocrx_word' id='word_1_108' title='bbox 2900 1042 3309 1109; x_wconf 77' lang='lat' dir='ltr'>interpretatio,</span> <span class='ocrx_word' id='word_1_109' title='bbox 3351 1054 3405 1099; x_wconf 86' lang='lat' dir='ltr'>et</span> 
     </span>
    </p>
   </div>
   <div class='ocr_carea' id='block_1_10' title="bbox 150 1133 3404 1206">
    <p class='ocr_par' dir='ltr' id='par_1_10' title="bbox 150 1133 3404 1206">
     <span class='ocr_line' id='line_1_10' title="bbox 150 1133 3404 1206; baseline -0.001 -15"><span class='ocrx_word' id='word_1_110' title='bbox 150 1139 437 1206; x_wconf 80' lang='lat' dir='ltr'>allegorica</span> <span class='ocrx_word' id='word_1_111' title='bbox 475 1134 860 1205; x_wconf 74' lang='lat' dir='ltr'>interpretandi</span> <span class='ocrx_word' id='word_1_112' title='bbox 898 1133 1034 1186; x_wconf 84' lang='lat' dir='ltr'>ratio</span> <span class='ocrx_word' id='word_1_113' title='bbox 1069 1133 1122 1185; x_wconf 93' lang='lat' dir='ltr'>in</span> <span class='ocrx_word' id='word_1_114' title='bbox 1152 1146 1317 1186; x_wconf 90' lang='lat' dir='ltr'>causa</span> <span class='ocrx_word' id='word_1_115' title='bbox 1365 1147 1484 1186; x_wconf 90' lang='lat' dir='ltr'>esse</span> <span class='ocrx_word' id='word_1_116' title='bbox 1530 1148 1635 1186; x_wconf 92' lang='lat' dir='ltr'>non</span> <span class='ocrx_word' id='word_1_117' title='bbox 1685 1143 1953 1202; x_wconf 88' lang='lat' dir='ltr'>possunt.</span> <span class='ocrx_word' id='word_1_118' title='bbox 2007 1150 2104 1186; x_wconf 90' lang='lat' dir='ltr'>cur</span> <span class='ocrx_word' id='word_1_119' title='bbox 2146 1145 2328 1189; x_wconf 85' lang='lat' dir='ltr'>noster</span> <span class='ocrx_word' id='word_1_120' title='bbox 2369 1135 2708 1189; x_wconf 86' lang='lat' dir='ltr'>Psahnorum</span> <span class='ocrx_word' id='word_1_121' title='bbox 2747 1138 3172 1190; x_wconf 78' lang='lat' dir='ltr'>commentarius</span> <span class='ocrx_word' id='word_1_122' title='bbox 3207 1150 3404 1204; x_wconf 82' lang='lat' dir='ltr'>magno</span> 
     </span>
    </p>
   </div>
   <div class='ocr_carea' id='block_1_11' title="bbox 147 1227 3404 1299">
    <p class='ocr_par' dir='ltr' id='par_1_11' title="bbox 147 1227 3404 1299">
     <span class='ocr_line' id='line_1_11' title="bbox 147 1227 3404 1299; baseline -0.001 -16"><span class='ocrx_word' id='word_1_123' title='bbox 147 1231 453 1285; x_wconf 77' lang='lat' dir='ltr'>Athanasio</span> <span class='ocrx_word' id='word_1_124' title='bbox 484 1230 856 1299; x_wconf 89' lang='lat' dir='ltr'>abjudieetur,</span> <span class='ocrx_word' id='word_1_125' title='bbox 887 1228 979 1281; x_wconf 90' lang='lat' dir='ltr'>sed</span> <span class='ocrx_word' id='word_1_126' title='bbox 1015 1227 1194 1296; x_wconf 78' lang='lat' dir='ltr'>potius</span> <span class='ocrx_word' id='word_1_127' title='bbox 1226 1238 1546 1296; x_wconf 83' lang='lat' dir='ltr'>argumento</span> <span class='ocrx_word' id='word_1_128' title='bbox 1574 1242 1693 1281; x_wconf 88' lang='lat' dir='ltr'>esse</span> <span class='ocrx_word' id='word_1_129' title='bbox 1725 1227 1922 1292; x_wconf 90' lang='lat' dir='ltr'>debet,</span> <span class='ocrx_word' id='word_1_130' title='bbox 1963 1244 2061 1281; x_wconf 82' lang='lat' dir='ltr'>cur</span> <span class='ocrx_word' id='word_1_131' title='bbox 2096 1228 2246 1281; x_wconf 89' lang='lat' dir='ltr'>illum</span> <span class='ocrx_word' id='word_1_132' title='bbox 2294 1230 2640 1284; x_wconf 90' lang='lat' dir='ltr'>sanctissimo</span> <span class='ocrx_word' id='word_1_133' title='bbox 2676 1231 2966 1299; x_wconf 85' lang='lat' dir='ltr'>episcopo,</span> <span class='ocrx_word' id='word_1_134' title='bbox 3006 1229 3162 1297; x_wconf 86' lang='lat' dir='ltr'>cujus</span> <span class='ocrx_word' id='word_1_135' title='bbox 3204 1242 3404 1280; x_wconf 80' lang='lat' dir='ltr'>nomen</span> 
     </span>
    </p>
   </div>
   <div class='ocr_carea' id='block_1_12' title="bbox 148 1316 3404 1391">
    <p class='ocr_par' dir='ltr' id='par_1_12' title="bbox 148 1316 3404 1391">
     <span class='ocr_line' id='line_1_12' title="bbox 148 1316 3404 1391; baseline -0.003 -14"><span class='ocrx_word' id='word_1_136' title='bbox 148 1322 402 1391; x_wconf 70' lang='lat' dir='ltr'>praefert,</span> <span class='ocrx_word' id='word_1_137' title='bbox 432 1337 762 1376; x_wconf 87' lang='lat' dir='ltr'>asseramus.</span> <span class='ocrx_word' id='word_1_138' title='bbox 787 1318 918 1372; x_wconf 84' lang='lat' dir='ltr'>Nam</span> <span class='ocrx_word' id='word_1_139' title='bbox 948 1325 1173 1388; x_wconf 80' lang='lat' dir='ltr'>utraque</span> <span class='ocrx_word' id='word_1_140' title='bbox 1209 1320 1451 1384; x_wconf 90' lang='lat' dir='ltr'>intento,</span> <span class='ocrx_word' id='word_1_141' title='bbox 1485 1329 1540 1371; x_wconf 88' lang='lat' dir='ltr'><strong>ut</strong></span> <span class='ocrx_word' id='word_1_142' title='bbox 1573 1320 1648 1371; x_wconf 84' lang='lat' dir='ltr'>ita</span> <span class='ocrx_word' id='word_1_143' title='bbox 1691 1318 1905 1385; x_wconf 87' lang='lat' dir='ltr'>dicam,</span> <span class='ocrx_word' id='word_1_144' title='bbox 1945 1321 2113 1389; x_wconf 81' lang='lat' dir='ltr'>digito</span> <span class='ocrx_word' id='word_1_145' title='bbox 2148 1320 2388 1374; x_wconf 80' lang='lat' dir='ltr'>iudieare</span> <span class='ocrx_word' id='word_1_146' title='bbox 2424 1321 2662 1385; x_wconf 88' lang='lat' dir='ltr'>videtur,</span> <span class='ocrx_word' id='word_1_147' title='bbox 2705 1329 2983 1374; x_wconf 83' lang='lat' dir='ltr'>auctorem</span> <span class='ocrx_word' id='word_1_148' title='bbox 3025 1316 3404 1373; x_wconf 88' lang='lat' dir='ltr'>commentarii</span> 
     </span>
    </p>
   </div>
   <div class='ocr_carea' id='block_1_13' title="bbox 147 1411 3403 1486">
    <p class='ocr_par' dir='ltr' id='par_1_13' title="bbox 147 1411 3403 1486">
     <span class='ocr_line' id='line_1_13' title="bbox 147 1411 3403 1486; baseline -0.002 -16"><span class='ocrx_word' id='word_1_149' title='bbox 147 1419 470 1486; x_wconf 84' lang='lat' dir='ltr'>scriptorem</span> <span class='ocrx_word' id='word_1_150' title='bbox 502 1416 923 1469; x_wconf 77' lang='lat' dir='ltr'>Alexandrinum</span> <span class='ocrx_word' id='word_1_151' title='bbox 958 1412 1158 1476; x_wconf 85' lang='lat' dir='ltr'>fuisse,</span> <span class='ocrx_word' id='word_1_152' title='bbox 1190 1412 1532 1466; x_wconf 73' lang='lat' dir='ltr'>Alexandria:</span> <span class='ocrx_word' id='word_1_153' title='bbox 1563 1425 1749 1466; x_wconf 91' lang='lat' dir='ltr'>natum</span> <span class='ocrx_word' id='word_1_154' title='bbox 1773 1453 1786 1476; x_wconf 90' lang='lat'>,</span> <span class='ocrx_word' id='word_1_155' title='bbox 1838 1422 1891 1467; x_wconf 91' lang='lat' dir='ltr'>et</span> <span class='ocrx_word' id='word_1_156' title='bbox 1922 1413 1975 1466; x_wconf 92' lang='lat' dir='ltr'>in</span> <span class='ocrx_word' id='word_1_157' title='bbox 2020 1413 2389 1466; x_wconf 73' lang='lat' dir='ltr'>Alexandrina</span> <span class='ocrx_word' id='word_1_158' title='bbox 2433 1415 2619 1467; x_wconf 86' lang='lat' dir='ltr'>schola</span> <span class='ocrx_word' id='word_1_159' title='bbox 2649 1413 2960 1467; x_wconf 90' lang='lat' dir='ltr'>educatum.</span> <span class='ocrx_word' id='word_1_160' title='bbox 2997 1411 3248 1465; x_wconf 82' lang='lat' dir='ltr'>Profecto</span> <span class='ocrx_word' id='word_1_161' title='bbox 3294 1425 3403 1464; x_wconf 89' lang='lat' dir='ltr'>non</span> 
     </span>
    </p>
   </div>
   <div class='ocr_carea' id='block_1_14' title="bbox 145 1503 3404 1576">
    <p class='ocr_par' dir='ltr' id='par_1_14' title="bbox 145 1503 3404 1576">
     <span class='ocr_line' id='line_1_14' title="bbox 145 1503 3404 1576; baseline -0.002 -13"><span class='ocrx_word' id='word_1_162' title='bbox 145 1510 403 1564; x_wconf 84' lang='lat' dir='ltr'>dissimili</span> <span class='ocrx_word' id='word_1_163' title='bbox 432 1512 660 1570; x_wconf 83' lang='lat' dir='ltr'>ratione,</span> <span class='ocrx_word' id='word_1_164' title='bbox 693 1523 794 1576; x_wconf 89' lang='lat' dir='ltr'>qua</span> <span class='ocrx_word' id='word_1_165' title='bbox 822 1507 1149 1560; x_wconf 81' lang='lat' dir='ltr'>Athanasius</span> <span class='ocrx_word' id='word_1_166' title='bbox 1184 1506 1234 1557; x_wconf 90' lang='lat' dir='ltr'>in</span> <span class='ocrx_word' id='word_1_167' title='bbox 1271 1521 1370 1560; x_wconf 89' lang='lat' dir='ltr'>suo</span> <span class='ocrx_word' id='word_1_168' title='bbox 1398 1506 1791 1559; x_wconf 89' lang='lat' dir='ltr'>commentario</span> <span class='ocrx_word' id='word_1_169' title='bbox 1821 1505 2100 1559; x_wconf 84' lang='lat' dir='ltr'>titulorum</span> <span class='ocrx_word' id='word_1_170' title='bbox 2132 1505 2637 1574; x_wconf 78' lang='lat' dir='ltr'>interpretationem</span> <span class='ocrx_word' id='word_1_171' title='bbox 2676 1514 2998 1576; x_wconf 86' lang='lat' dir='ltr'>prosecutus</span> <span class='ocrx_word' id='word_1_172' title='bbox 3027 1514 3129 1568; x_wconf 88' lang='lat' dir='ltr'>est,</span> <span class='ocrx_word' id='word_1_173' title='bbox 3163 1503 3404 1558; x_wconf 87' lang='lat' dir='ltr'>nonnul-</span> 
     </span>
    </p>
   </div>
   <div class='ocr_carea' id='block_1_15' title="bbox 145 1595 3404 1670">
    <p class='ocr_par' dir='ltr' id='par_1_15' title="bbox 145 1595 3404 1670">
     <span class='ocr_line' id='line_1_15' title="bbox 145 1595 3404 1670; baseline -0.002 -15"><span class='ocrx_word' id='word_1_174' title='bbox 145 1604 324 1656; x_wconf 87' lang='lat' dir='ltr'>lorum</span> <span class='ocrx_word' id='word_1_175' title='bbox 351 1602 687 1670; x_wconf 76' lang='lat' dir='ltr'>psalmorum</span> <span class='ocrx_word' id='word_1_176' title='bbox 719 1600 906 1654; x_wconf 80' lang='lat' dir='ltr'>titulos</span> <span class='ocrx_word' id='word_1_177' title='bbox 935 1597 1220 1667; x_wconf 80' lang='lat' dir='ltr'>Origenem</span> <span class='ocrx_word' id='word_1_178' title='bbox 1245 1613 1462 1667; x_wconf 88' lang='lat' dir='ltr'>queque</span> <span class='ocrx_word' id='word_1_179' title='bbox 1489 1598 1820 1668; x_wconf 78' lang='lat' dir='ltr'>explicasse,</span> <span class='ocrx_word' id='word_1_180' title='bbox 1881 1598 2040 1651; x_wconf 86' lang='lat' dir='ltr'>ﬁdem</span> <span class='ocrx_word' id='word_1_181' title='bbox 2082 1597 2212 1653; x_wconf 80' lang='lat' dir='ltr'>facit</span> <span class='ocrx_word' id='word_1_182' title='bbox 2244 1597 2610 1668; x_wconf 80' lang='lat' dir='ltr'>fragmentum</span> <span class='ocrx_word' id='word_1_183' title='bbox 2645 1597 3024 1652; x_wconf 86' lang='lat' dir='ltr'>commentarii</span> <span class='ocrx_word' id='word_1_184' title='bbox 3067 1595 3316 1665; x_wconf 83' lang='lat' dir='ltr'>Origenis</span> <span class='ocrx_word' id='word_1_185' title='bbox 3351 1595 3404 1647; x_wconf 89' lang='lat' dir='ltr'>in</span> 
     </span>
    </p>
   </div>
   <div class='ocr_carea' id='block_1_16' title="bbox 144 1686 3405 1762">
    <p class='ocr_par' dir='ltr' id='par_1_16' title="bbox 144 1686 3405 1762">
     <span class='ocr_line' id='line_1_16' title="bbox 144 1686 3405 1762; baseline -0.002 -18"><span class='ocrx_word' id='word_1_186' title='bbox 144 1691 423 1756; x_wconf 88' lang='lat' dir='ltr'>Psalmos,</span> <span class='ocrx_word' id='word_1_187' title='bbox 447 1691 593 1762; x_wconf 93' lang='lat' dir='ltr'>quod</span> <span class='ocrx_word' id='word_1_188' title='bbox 619 1707 682 1745; x_wconf 81' lang='lat' dir='ltr'>ex</span> <span class='ocrx_word' id='word_1_189' title='bbox 710 1691 893 1745; x_wconf 85' lang='lat' dir='ltr'>codice</span> <span class='ocrx_word' id='word_1_190' title='bbox 922 1687 1184 1741; x_wconf 76' lang='lat' dir='ltr'>Vaticano</span> <span class='ocrx_word' id='word_1_191' title='bbox 1211 1703 1334 1741; x_wconf 92' lang='lat' dir='ltr'>cum</span> <span class='ocrx_word' id='word_1_192' title='bbox 1368 1688 1490 1743; x_wconf 91' lang='lat' dir='ltr'>aliis</span> <span class='ocrx_word' id='word_1_193' title='bbox 1518 1689 1570 1742; x_wconf 92' lang='lat' dir='ltr'>in</span> <span class='ocrx_word' id='word_1_194' title='bbox 1603 1690 1778 1742; x_wconf 91' lang='lat' dir='ltr'>lucem</span> <span class='ocrx_word' id='word_1_195' title='bbox 1812 1686 1980 1744; x_wconf 90' lang='lat' dir='ltr'>edidit</span> <span class='ocrx_word' id='word_1_196' title='bbox 2006 1687 2068 1742; x_wconf 91' lang='lat' dir='ltr'>P.</span> <span class='ocrx_word' id='word_1_197' title='bbox 2101 1687 2565 1756; x_wconf 81' lang='lat' dir='ltr'>Montfauconius,</span> <span class='ocrx_word' id='word_1_198' title='bbox 2585 1699 2636 1743; x_wconf 89' lang='lat' dir='ltr'>ct</span> <span class='ocrx_word' id='word_1_199' title='bbox 2660 1705 2772 1746; x_wconf 78' lang='lat' dir='ltr'>sua:</span> <span class='ocrx_word' id='word_1_200' title='bbox 2791 1688 3156 1758; x_wconf 73' lang='lat' dir='ltr'>Hexaplorum</span> <span class='ocrx_word' id='word_1_201' title='bbox 3183 1686 3405 1742; x_wconf 87' lang='lat' dir='ltr'>editioni</span> 
     </span>
    </p>
   </div>
   <div class='ocr_carea' id='block_1_17' title="bbox 145 1778 3404 1852">
    <p class='ocr_par' dir='ltr' id='par_1_17' title="bbox 145 1778 3404 1852">
     <span class='ocr_line' id='line_1_17' title="bbox 145 1778 3404 1852; baseline -0.002 -16"><span class='ocrx_word' id='word_1_202' title='bbox 145 1783 413 1852; x_wconf 60' lang='lat' dir='ltr'>premisit</span> <span class='ocrx_word' id='word_1_203' title='bbox 441 1783 589 1852; x_wconf 75' lang='lat'>(25);</span> <span class='ocrx_word' id='word_1_204' title='bbox 621 1799 682 1837; x_wconf 90' lang='lat' dir='ltr'>ac</span> <span class='ocrx_word' id='word_1_205' title='bbox 712 1781 937 1852; x_wconf 90' lang='lat' dir='ltr'>proinde</span> <span class='ocrx_word' id='word_1_206' title='bbox 958 1780 1026 1835; x_wconf 93' lang='lat' dir='ltr'>de</span> <span class='ocrx_word' id='word_1_207' title='bbox 1047 1778 1370 1850; x_wconf 82' lang='lat' dir='ltr'>antiquitate</span> <span class='ocrx_word' id='word_1_208' title='bbox 1401 1795 1560 1844; x_wconf 85' lang='lat' dir='ltr'>usus,</span> <span class='ocrx_word' id='word_1_209' title='bbox 1592 1795 1655 1833; x_wconf 92' lang='lat' dir='ltr'>ac</span> <span class='ocrx_word' id='word_1_210' title='bbox 1680 1780 1980 1849; x_wconf 69' lang='lat' dir='ltr'>disciplina:</span> <span class='ocrx_word' id='word_1_211' title='bbox 2010 1781 2400 1852; x_wconf 87' lang='lat' dir='ltr'>interpretandi</span> <span class='ocrx_word' id='word_1_212' title='bbox 2428 1783 2478 1836; x_wconf 91' lang='lat' dir='ltr'>iu</span> <span class='ocrx_word' id='word_1_213' title='bbox 2512 1782 2861 1852; x_wconf 85' lang='lat' dir='ltr'>allegoricum</span> <span class='ocrx_word' id='word_1_214' title='bbox 2889 1797 3110 1837; x_wconf 86' lang='lat' dir='ltr'>sensum</span> <span class='ocrx_word' id='word_1_215' title='bbox 3162 1779 3404 1851; x_wconf 83' lang='lat' dir='ltr'>psalmos</span> 
     </span>
    </p>
   </div>
   <div class='ocr_carea' id='block_1_18' title="bbox 144 1868 2001 1943">
    <p class='ocr_par' dir='ltr' id='par_1_18' title="bbox 144 1868 2001 1943">
     <span class='ocr_line' id='line_1_18' title="bbox 144 1868 2001 1943; baseline 0 -18"><span class='ocrx_word' id='word_1_216' title='bbox 144 1873 594 1943; x_wconf 84' lang='lat' dir='ltr'>psaltnorumque</span> <span class='ocrx_word' id='word_1_217' title='bbox 625 1872 809 1926; x_wconf 90' lang='lat' dir='ltr'>titulos</span> <span class='ocrx_word' id='word_1_218' title='bbox 838 1872 892 1925; x_wconf 89' lang='lat' dir='ltr'>in</span> <span class='ocrx_word' id='word_1_219' title='bbox 921 1870 1107 1925; x_wconf 87' lang='lat' dir='ltr'>schola</span> <span class='ocrx_word' id='word_1_220' title='bbox 1133 1868 1497 1923; x_wconf 77' lang='lat' dir='ltr'>Alexandrina</span> <span class='ocrx_word' id='word_1_221' title='bbox 1531 1869 1766 1923; x_wconf 88' lang='lat' dir='ltr'>dubitari</span> <span class='ocrx_word' id='word_1_222' title='bbox 1794 1871 2001 1940; x_wconf 90' lang='lat' dir='ltr'>nequit.</span> 
     </span>
    </p>
   </div>
   <div class='ocr_carea' id='block_1_19' title="bbox 213 1952 3394 2033">
    <p class='ocr_par' dir='ltr' id='par_1_19' title="bbox 213 1952 3394 2033">
     <span class='ocr_line' id='line_1_19' title="bbox 213 1952 3394 2033; baseline -0.002 -13"><span class='ocrx_word' id='word_1_223' title='bbox 213 1963 381 2020; x_wconf 76' lang='lat' dir='ltr'>XVII.</span> <span class='ocrx_word' id='word_1_224' title='bbox 417 1963 557 2030; x_wconf 81' lang='lat' dir='ltr'>Quin</span> <span class='ocrx_word' id='word_1_225' title='bbox 587 1965 695 2016; x_wconf 89' lang='lat' dir='ltr'>imo</span> <span class='ocrx_word' id='word_1_226' title='bbox 727 1963 882 2032; x_wconf 89' lang='lat' dir='ltr'>longe</span> <span class='ocrx_word' id='word_1_227' title='bbox 904 1969 1030 2015; x_wconf 85' lang='lat' dir='ltr'>ante</span> <span class='ocrx_word' id='word_1_228' title='bbox 1056 1959 1294 2012; x_wconf 74' lang='lat' dir='ltr'>Pautzeni</span> <span class='ocrx_word' id='word_1_229' title='bbox 1319 1997 1334 2021; x_wconf 91' lang='lat'>,</span> <span class='ocrx_word' id='word_1_230' title='bbox 1373 1958 1666 2013; x_wconf 79' lang='lat' dir='ltr'>Clementis</span> <span class='ocrx_word' id='word_1_231' title='bbox 1694 1967 1746 2012; x_wconf 92' lang='lat' dir='ltr'>et</span> <span class='ocrx_word' id='word_1_232' title='bbox 1774 1952 2023 2028; x_wconf 60' lang='lat' dir='ltr'>Ot‘igenis</span> <span class='ocrx_word' id='word_1_233' title='bbox 2049 1970 2262 2024; x_wconf 64' lang='lat' dir='ltr'>aetatem</span> <span class='ocrx_word' id='word_1_234' title='bbox 2282 2003 2295 2026; x_wconf 92' lang='lat'>,</span> <span class='ocrx_word' id='word_1_235' title='bbox 2325 1962 2417 2030; x_wconf 91' lang='lat' dir='ltr'>qui</span> <span class='ocrx_word' id='word_1_236' title='bbox 2448 1963 2775 2017; x_wconf 88' lang='lat' dir='ltr'>suecessivis</span> <span class='ocrx_word' id='word_1_237' title='bbox 2806 1962 3143 2033; x_wconf 88' lang='lat' dir='ltr'>temporibus</span> <span class='ocrx_word' id='word_1_238' title='bbox 3173 1961 3394 2015; x_wconf 75' lang='lat' dir='ltr'>Alexan-</span> 
     </span>
    </p>
   </div>
   <div class='ocr_carea' id='block_1_20' title="bbox 143 2047 3409 2122">
    <p class='ocr_par' dir='ltr' id='par_1_20' title="bbox 143 2047 3409 2122">
     <span class='ocr_line' id='line_1_20' title="bbox 143 2047 3409 2122; baseline -0.001 -12"><span class='ocrx_word' id='word_1_239' title='bbox 143 2056 360 2110; x_wconf 90' lang='lat' dir='ltr'>drinam</span> <span class='ocrx_word' id='word_1_240' title='bbox 385 2053 630 2110; x_wconf 83' lang='lat' dir='ltr'>scholam</span> <span class='ocrx_word' id='word_1_241' title='bbox 663 2058 954 2116; x_wconf 71' lang='lat' dir='ltr'>rexerant,</span> <span class='ocrx_word' id='word_1_242' title='bbox 985 2047 1302 2118; x_wconf 82' lang='lat' dir='ltr'>allegoricas</span> <span class='ocrx_word' id='word_1_243' title='bbox 1331 2061 1384 2101; x_wconf 89' lang='lat' dir='ltr'>et</span> <span class='ocrx_word' id='word_1_244' title='bbox 1416 2049 1672 2118; x_wconf 77' lang='lat' dir='ltr'>mysticus</span> <span class='ocrx_word' id='word_1_245' title='bbox 1699 2047 2108 2118; x_wconf 89' lang='lat' dir='ltr'>Scripturarum</span> <span class='ocrx_word' id='word_1_246' title='bbox 2147 2054 2518 2121; x_wconf 75' lang='lat' dir='ltr'>expositiones</span> <span class='ocrx_word' id='word_1_247' title='bbox 2566 2068 2668 2108; x_wconf 90' lang='lat' dir='ltr'>usu</span> <span class='ocrx_word' id='word_1_248' title='bbox 2717 2055 2859 2122; x_wconf 82' lang='lat' dir='ltr'>apud</span> <span class='ocrx_word' id='word_1_249' title='bbox 2902 2054 3246 2109; x_wconf 88' lang='lat' dir='ltr'>Christianos</span> <span class='ocrx_word' id='word_1_250' title='bbox 3285 2055 3409 2107; x_wconf 75' lang='lat' dir='ltr'>Ale-</span> 
     </span>
    </p>
   </div>
   <div class='ocr_carea' id='block_1_21' title="bbox 143 2140 3402 2216">
    <p class='ocr_par' dir='ltr' id='par_1_21' title="bbox 143 2140 3402 2216">
     <span class='ocr_line' id='line_1_21' title="bbox 143 2140 3402 2216; baseline -0.002 -14"><span class='ocrx_word' id='word_1_251' title='bbox 143 2149 446 2204; x_wconf 81' lang='lat' dir='ltr'>xandrinos</span> <span class='ocrx_word' id='word_1_252' title='bbox 474 2157 718 2216; x_wconf 87' lang='lat' dir='ltr'>receptas</span> <span class='ocrx_word' id='word_1_253' title='bbox 745 2142 935 2207; x_wconf 86' lang='lat' dir='ltr'>fuisse,</span> <span class='ocrx_word' id='word_1_254' title='bbox 965 2140 1274 2195; x_wconf 87' lang='lat' dir='ltr'>testimonio</span> <span class='ocrx_word' id='word_1_255' title='bbox 1298 2155 1417 2194; x_wconf 86' lang='lat' dir='ltr'>esse</span> <span class='ocrx_word' id='word_1_256' title='bbox 1450 2147 1700 2209; x_wconf 88' lang='lat' dir='ltr'>possunt,</span> <span class='ocrx_word' id='word_1_257' title='bbox 1722 2156 1842 2208; x_wconf 67' lang='lat' dir='ltr'>quae</span> <span class='ocrx_word' id='word_1_258' title='bbox 1872 2142 2151 2196; x_wconf 69' lang='lat' dir='ltr'>memoriae</span> <span class='ocrx_word' id='word_1_259' title='bbox 2180 2143 2519 2212; x_wconf 90' lang='lat' dir='ltr'>posteritatis</span> <span class='ocrx_word' id='word_1_260' title='bbox 2541 2143 2739 2197; x_wconf 88' lang='lat' dir='ltr'>tradita</span> <span class='ocrx_word' id='word_1_261' title='bbox 2768 2152 2895 2198; x_wconf 91' lang='lat' dir='ltr'>sunt</span> <span class='ocrx_word' id='word_1_262' title='bbox 2923 2145 2991 2198; x_wconf 92' lang='lat' dir='ltr'>de</span> <span class='ocrx_word' id='word_1_263' title='bbox 3019 2143 3402 2212; x_wconf 81' lang='lat' dir='ltr'>Therapeutis.</span> 
     </span>
    </p>
   </div>
   <div class='ocr_carea' id='block_1_22' title="bbox 141 2231 3402 2310">
    <p class='ocr_par' dir='ltr' id='par_1_22' title="bbox 141 2231 3402 2310">
     <span class='ocr_line' id='line_1_22' title="bbox 141 2231 3402 2310; baseline -0.002 -14"><span class='ocrx_word' id='word_1_264' title='bbox 141 2255 380 2310; x_wconf 88' lang='lat' dir='ltr'>quorum</span> <span class='ocrx_word' id='word_1_265' title='bbox 409 2238 630 2292; x_wconf 89' lang='lat' dir='ltr'>nomine</span> <span class='ocrx_word' id='word_1_266' title='bbox 653 2244 859 2290; x_wconf 88' lang='lat' dir='ltr'>veteres</span> <span class='ocrx_word' id='word_1_267' title='bbox 885 2235 1006 2287; x_wconf 91' lang='lat' dir='ltr'>illos</span> <span class='ocrx_word' id='word_1_268' title='bbox 1027 2231 1372 2287; x_wconf 88' lang='lat' dir='ltr'>Christianos</span> <span class='ocrx_word' id='word_1_269' title='bbox 1395 2232 1557 2285; x_wconf 79' lang='lat' dir='ltr'>Marci</span> <span class='ocrx_word' id='word_1_270' title='bbox 1578 2233 1924 2302; x_wconf 71' lang='lat' dir='ltr'>evangelista:</span> <span class='ocrx_word' id='word_1_271' title='bbox 1944 2234 2247 2306; x_wconf 85' lang='lat' dir='ltr'>discipulos</span> <span class='ocrx_word' id='word_1_272' title='bbox 2272 2235 2607 2307; x_wconf 83' lang='lat' dir='ltr'>signiﬁcatos</span> <span class='ocrx_word' id='word_1_273' title='bbox 2636 2237 2806 2291; x_wconf 89' lang='lat' dir='ltr'>fuisse</span> <span class='ocrx_word' id='word_1_274' title='bbox 2825 2237 3031 2308; x_wconf 89' lang='lat' dir='ltr'>antiqui</span> <span class='ocrx_word' id='word_1_275' title='bbox 3057 2235 3247 2291; x_wconf 86' lang='lat' dir='ltr'>Patres</span> <span class='ocrx_word' id='word_1_276' title='bbox 3267 2234 3402 2305; x_wconf 70' lang='lat'>(26).</span> 
     </span>
    </p>
   </div>
   <div class='ocr_carea' id='block_1_23' title="bbox 144 2325 3405 2403">
    <p class='ocr_par' dir='ltr' id='par_1_23' title="bbox 144 2325 3405 2403">
     <span class='ocr_line' id='line_1_23' title="bbox 144 2325 3405 2403; baseline -0.001 -18"><span class='ocrx_word' id='word_1_277' title='bbox 144 2345 195 2387; x_wconf 88' lang='lat' dir='ltr'>et</span> <span class='ocrx_word' id='word_1_278' title='bbox 225 2335 414 2403; x_wconf 86' lang='lat' dir='ltr'>plures</span> <span class='ocrx_word' id='word_1_279' title='bbox 450 2348 510 2385; x_wconf 80' lang='lat' dir='ltr'><strong>ex</strong></span> <span class='ocrx_word' id='word_1_280' title='bbox 545 2328 941 2384; x_wconf 87' lang='lat' dir='ltr'>recentioribus</span> <span class='ocrx_word' id='word_1_281' title='bbox 965 2326 1322 2395; x_wconf 80' lang='lat' dir='ltr'>scriptaribus</span> <span class='ocrx_word' id='word_1_282' title='bbox 1351 2327 1757 2379; x_wconf 77' lang='lat' dir='ltr'>existimarunt.</span> <span class='ocrx_word' id='word_1_283' title='bbox 1792 2325 1971 2383; x_wconf 83' lang='lat' dir='ltr'>Mores</span> <span class='ocrx_word' id='word_1_284' title='bbox 2010 2330 2152 2383; x_wconf 92' lang='lat' dir='ltr'>enim</span> <span class='ocrx_word' id='word_1_285' title='bbox 2175 2371 2190 2396; x_wconf 93' lang='lat'>,</span> <span class='ocrx_word' id='word_1_286' title='bbox 2240 2340 2291 2382; x_wconf 91' lang='lat' dir='ltr'>et</span> <span class='ocrx_word' id='word_1_287' title='bbox 2343 2330 2591 2384; x_wconf 88' lang='lat' dir='ltr'>instituta</span> <span class='ocrx_word' id='word_1_288' title='bbox 2642 2329 3108 2399; x_wconf 85' lang='lat' dir='ltr'>Thcrapeutaium</span> <span class='ocrx_word' id='word_1_289' title='bbox 3164 2329 3405 2384; x_wconf 85' lang='lat' dir='ltr'>referens</span> 
     </span>
    </p>
   </div>
   <div class='ocr_carea' id='block_1_24' title="bbox 143 2417 3408 2494">
    <p class='ocr_par' dir='ltr' id='par_1_24' title="bbox 143 2417 3408 2494">
     <span class='ocr_line' id='line_1_24' title="bbox 143 2417 3408 2494; baseline -0.001 -15"><span class='ocrx_word' id='word_1_290' title='bbox 143 2427 300 2481; x_wconf 88' lang='lat' dir='ltr'>Philo</span> <span class='ocrx_word' id='word_1_291' title='bbox 332 2427 480 2494; x_wconf 72' lang='lat'>(27):</span> <span class='ocrx_word' id='word_1_292' title='bbox 520 2445 536 2472; x_wconf 76' lang='grc' dir='ltr'><strong>ε</strong></span> <span class='ocrx_word' id='word_1_293' title='bbox 567 2422 759 2475; x_wconf 86' lang='lat' dir='ltr'>Totum</span> <span class='ocrx_word' id='word_1_294' title='bbox 787 2434 947 2484; x_wconf 86' lang='lat' dir='ltr'>vero,</span> <span class='ocrx_word' id='word_1_295' title='bbox 975 2417 1180 2487; x_wconf 82' lang='lat' dir='ltr'>inquit,</span> <span class='ocrx_word' id='word_1_296' title='bbox 1212 2417 1316 2470; x_wconf 89' lang='lat' dir='ltr'>diei</span> <span class='ocrx_word' id='word_1_297' title='bbox 1347 2419 1615 2486; x_wconf 89' lang='lat' dir='ltr'>spatium,</span> <span class='ocrx_word' id='word_1_298' title='bbox 1643 2418 1788 2487; x_wconf 90' lang='lat' dir='ltr'>quod</span> <span class='ocrx_word' id='word_1_299' title='bbox 1819 2420 1889 2473; x_wconf 88' lang='lat' dir='ltr'>ab</span> <span class='ocrx_word' id='word_1_300' title='bbox 1913 2428 2031 2474; x_wconf 91' lang='lat' dir='ltr'>ortu</span> <span class='ocrx_word' id='word_1_301' title='bbox 2062 2421 2190 2475; x_wconf 87' lang='lat' dir='ltr'>solis</span> <span class='ocrx_word' id='word_1_302' title='bbox 2220 2420 2288 2474; x_wconf 87' lang='lat' dir='ltr'>ad</span> <span class='ocrx_word' id='word_1_303' title='bbox 2319 2436 2600 2491; x_wconf 86' lang='lat' dir='ltr'>\espet&#39;um</span> <span class='ocrx_word' id='word_1_304' title='bbox 2637 2424 2939 2492; x_wconf 84' lang='lat' dir='ltr'>interjacet,</span> <span class='ocrx_word' id='word_1_305' title='bbox 2976 2424 3029 2477; x_wconf 91' lang='lat' dir='ltr'>in</span> <span class='ocrx_word' id='word_1_306' title='bbox 3064 2422 3408 2478; x_wconf 86' lang='lat' dir='ltr'>meditatione</span> 
     </span>
    </p>
   </div>
   <div class='ocr_carea' id='block_1_25' title="bbox 143 2512 3404 2589">
    <p class='ocr_par' dir='ltr' id='par_1_25' title="bbox 143 2512 3404 2589">
     <span class='ocr_line' id='line_1_25' title="bbox 143 2512 3404 2589; baseline -0.002 -18"><span class='ocrx_word' id='word_1_307' title='bbox 143 2521 506 2589; x_wconf 64' lang='lat' dir='ltr'>philosophiae</span> <span class='ocrx_word' id='word_1_308' title='bbox 539 2517 847 2570; x_wconf 88' lang='lat' dir='ltr'>traducunt.</span> <span class='ocrx_word' id='word_1_309' title='bbox 883 2513 1048 2566; x_wconf 82' lang='lat' dir='ltr'>Sacra</span> <span class='ocrx_word' id='word_1_310' title='bbox 1076 2513 1218 2566; x_wconf 90' lang='lat' dir='ltr'>enim</span> <span class='ocrx_word' id='word_1_311' title='bbox 1253 2512 1529 2565; x_wconf 84' lang='lat' dir='ltr'>volumina</span> <span class='ocrx_word' id='word_1_312' title='bbox 1560 2512 1864 2566; x_wconf 87' lang='lat' dir='ltr'>lectitantes</span> <span class='ocrx_word' id='word_1_313' title='bbox 1901 2513 2362 2583; x_wconf 87' lang='lat' dir='ltr'>philosophantur</span> <span class='ocrx_word' id='word_1_314' title='bbox 2386 2530 2537 2570; x_wconf 89' lang='lat' dir='ltr'>more</span> <span class='ocrx_word' id='word_1_315' title='bbox 2570 2516 2742 2584; x_wconf 84' lang='lat' dir='ltr'>patrio</span> <span class='ocrx_word' id='word_1_316' title='bbox 2773 2526 3034 2584; x_wconf 51' lang='lat' dir='ltr'>praecepta</span> <span class='ocrx_word' id='word_1_317' title='bbox 3072 2516 3351 2584; x_wconf 79' lang='lat' dir='ltr'>sapientiae</span> <span class='ocrx_word' id='word_1_318' title='bbox 3377 2527 3404 2565; x_wconf 85' lang='lat' dir='ltr'>a</span> 
     </span>
    </p>
   </div>
   <div class='ocr_carea' id='block_1_26' title="bbox 142 2603 3407 2682">
    <p class='ocr_par' dir='ltr' id='par_1_26' title="bbox 142 2603 3407 2682">
     <span class='ocr_line' id='line_1_26' title="bbox 142 2603 3407 2682; baseline -0.002 -16"><span class='ocrx_word' id='word_1_319' title='bbox 142 2613 449 2682; x_wconf 83' lang='lat' dir='ltr'>majoribus</span> <span class='ocrx_word' id='word_1_320' title='bbox 481 2611 675 2665; x_wconf 89' lang='lat' dir='ltr'>tradita</span> <span class='ocrx_word' id='word_1_321' title='bbox 703 2606 990 2678; x_wconf 87' lang='lat' dir='ltr'>allegorice</span> <span class='ocrx_word' id='word_1_322' title='bbox 1013 2605 1354 2676; x_wconf 82' lang='lat' dir='ltr'>explicando.</span> <span class='ocrx_word' id='word_1_323' title='bbox 1389 2604 1597 2672; x_wconf 80' lang='lat' dir='ltr'>Quippe</span> <span class='ocrx_word' id='word_1_324' title='bbox 1629 2603 1942 2658; x_wconf 73' lang='lat' dir='ltr'>existimant</span> <span class='ocrx_word' id='word_1_325' title='bbox 1970 2606 2128 2658; x_wconf 83' lang='lat' dir='ltr'>verba</span> <span class='ocrx_word' id='word_1_326' title='bbox 2166 2607 2281 2676; x_wconf 90' lang='lat' dir='ltr'>ipsa</span> <span class='ocrx_word' id='word_1_327' title='bbox 2313 2608 2448 2661; x_wconf 90' lang='lat' dir='ltr'>nihil</span> <span class='ocrx_word' id='word_1_328' title='bbox 2492 2608 2638 2662; x_wconf 90' lang='lat' dir='ltr'>aliud</span> <span class='ocrx_word' id='word_1_329' title='bbox 2684 2624 2806 2662; x_wconf 86' lang='lat' dir='ltr'>esse</span> <span class='ocrx_word' id='word_1_330' title='bbox 2852 2624 3015 2678; x_wconf 90' lang='lat' dir='ltr'>quam</span> <span class='ocrx_word' id='word_1_331' title='bbox 3047 2608 3312 2674; x_wconf 80' lang='lat' dir='ltr'>imagines</span> <span class='ocrx_word' id='word_1_332' title='bbox 3351 2622 3407 2669; x_wconf 68' lang='lat' dir='ltr'>et</span> 
     </span>
    </p>
   </div>
   <div class='ocr_carea' id='block_1_27' title="bbox 141 2693 3404 2777">
    <p class='ocr_par' dir='ltr' id='par_1_27' title="bbox 141 2693 3404 2777">
     <span class='ocr_line' id='line_1_27' title="bbox 141 2693 3404 2777; baseline -0.002 -17"><span class='ocrx_word' id='word_1_333' title='bbox 141 2708 297 2777; x_wconf 78' lang='lat' dir='ltr'>signa</span> <span class='ocrx_word' id='word_1_334' title='bbox 335 2721 522 2759; x_wconf 85' lang='lat' dir='ltr'>rerum</span> <span class='ocrx_word' id='word_1_335' title='bbox 552 2703 856 2758; x_wconf 87' lang='lat' dir='ltr'>abditarum</span> <span class='ocrx_word' id='word_1_336' title='bbox 882 2741 897 2764; x_wconf 93' lang='lat'>,</span> <span class='ocrx_word' id='word_1_337' title='bbox 930 2714 1052 2769; x_wconf 63' lang='lat' dir='ltr'>quae</span> <span class='ocrx_word' id='word_1_338' title='bbox 1087 2714 1180 2768; x_wconf 88' lang='lat' dir='ltr'>per</span> <span class='ocrx_word' id='word_1_339' title='bbox 1217 2698 1502 2767; x_wconf 79' lang='lat' dir='ltr'>allegorias</span> <span class='ocrx_word' id='word_1_340' title='bbox 1529 2693 1868 2750; x_wconf 63' lang='lat' dir='ltr'>dec&#39;arandaa</span> <span class='ocrx_word' id='word_1_341' title='bbox 1901 2707 2047 2751; x_wconf 91' lang='lat' dir='ltr'>sunt.</span> <span class='ocrx_word' id='word_1_342' title='bbox 2089 2698 2228 2751; x_wconf 90' lang='lat' dir='ltr'>Sunt</span> <span class='ocrx_word' id='word_1_343' title='bbox 2258 2700 2420 2753; x_wconf 91' lang='lat' dir='ltr'>etiam</span> <span class='ocrx_word' id='word_1_344' title='bbox 2454 2699 2597 2768; x_wconf 88' lang='lat' dir='ltr'>apud</span> <span class='ocrx_word' id='word_1_345' title='bbox 2622 2714 2718 2754; x_wconf 90' lang='lat' dir='ltr'>eos</span> <span class='ocrx_word' id='word_1_346' title='bbox 2746 2700 3124 2754; x_wconf 91' lang='lat' dir='ltr'>commentarii</span> <span class='ocrx_word' id='word_1_347' title='bbox 3161 2709 3404 2754; x_wconf 87' lang='lat' dir='ltr'>veterum</span> 
     </span>
    </p>
   </div>
   <div class='ocr_carea' id='block_1_28' title="bbox 140 2790 3406 2870">
    <p class='ocr_par' dir='ltr' id='par_1_28' title="bbox 140 2790 3406 2870">
     <span class='ocr_line' id='line_1_28' title="bbox 140 2790 3406 2870; baseline -0.002 -16"><span class='ocrx_word' id='word_1_348' title='bbox 140 2802 534 2870; x_wconf 86' lang='lat' dir='ltr'>quorumdam,</span> <span class='ocrx_word' id='word_1_349' title='bbox 562 2799 652 2868; x_wconf 92' lang='lat' dir='ltr'>qui</span> <span class='ocrx_word' id='word_1_350' title='bbox 679 2807 840 2852; x_wconf 68' lang='lat' dir='ltr'>sectte</span> <span class='ocrx_word' id='word_1_351' title='bbox 868 2796 1013 2848; x_wconf 91' lang='lat' dir='ltr'>illius</span> <span class='ocrx_word' id='word_1_352' title='bbox 1035 2803 1288 2846; x_wconf 90' lang='lat' dir='ltr'>auctores</span> <span class='ocrx_word' id='word_1_353' title='bbox 1312 2790 1714 2860; x_wconf 84' lang='lat' dir='ltr'>quamplurima</span> <span class='ocrx_word' id='word_1_354' title='bbox 1740 2791 1821 2844; x_wconf 87' lang='lat' dir='ltr'>eis</span> <span class='ocrx_word' id='word_1_355' title='bbox 1847 2803 2198 2846; x_wconf 66' lang='lat' dir='ltr'>monumenta</span> <span class='ocrx_word' id='word_1_356' title='bbox 2226 2793 2490 2847; x_wconf 81' lang='lat' dir='ltr'>doctrime</span> <span class='ocrx_word' id='word_1_357' title='bbox 2522 2793 2686 2859; x_wconf 90' lang='lat' dir='ltr'>illius,</span> <span class='ocrx_word' id='word_1_358' title='bbox 2715 2808 2836 2862; x_wconf 63' lang='lat' dir='ltr'>quae</span> <span class='ocrx_word' id='word_1_359' title='bbox 2863 2794 2914 2847; x_wconf 91' lang='lat' dir='ltr'>in</span> <span class='ocrx_word' id='word_1_360' title='bbox 2942 2794 3212 2864; x_wconf 82' lang='lat' dir='ltr'>allegoriis</span> <span class='ocrx_word' id='word_1_361' title='bbox 3234 2794 3406 2863; x_wconf 90' lang='lat' dir='ltr'>posita</span> 
     </span>
    </p>
   </div>
   <div class='ocr_carea' id='block_1_29' title="bbox 139 2881 3407 2961">
    <p class='ocr_par' dir='ltr' id='par_1_29' title="bbox 139 2881 3407 2961">
     <span class='ocr_line' id='line_1_29' title="bbox 139 2881 3407 2961; baseline -0.001 -16"><span class='ocrx_word' id='word_1_362' title='bbox 139 2908 243 2957; x_wconf 80' lang='lat' dir='ltr'>est,</span> <span class='ocrx_word' id='word_1_363' title='bbox 279 2892 638 2961; x_wconf 88' lang='lat' dir='ltr'>reliquerunt.</span> <span class='ocrx_word' id='word_1_364' title='bbox 668 2888 878 2955; x_wconf 82' lang='lat' dir='ltr'>Quibus</span> <span class='ocrx_word' id='word_1_365' title='bbox 901 2886 989 2940; x_wconf 87' lang='lat' dir='ltr'>isti</span> <span class='ocrx_word' id='word_1_366' title='bbox 1025 2896 1286 2952; x_wconf 85' lang='lat' dir='ltr'>tanquam</span> <span class='ocrx_word' id='word_1_367' title='bbox 1316 2881 1720 2949; x_wconf 76' lang='lat' dir='ltr'>exemplaribus</span> <span class='ocrx_word' id='word_1_368' title='bbox 1753 2891 1965 2937; x_wconf 87' lang='lat' dir='ltr'>utentes</span> <span class='ocrx_word' id='word_1_369' title='bbox 1996 2900 2201 2938; x_wconf 78' lang='lat' dir='ltr'>morem</span> <span class='ocrx_word' id='word_1_370' title='bbox 2227 2886 2366 2940; x_wconf 92' lang='lat' dir='ltr'>hunc</span> <span class='ocrx_word' id='word_1_371' title='bbox 2387 2887 3159 2956; x_wconf 67' lang='lat' dir='ltr'>institutumqueimitantur.r</span> <span class='ocrx_word' id='word_1_372' title='bbox 3189 2887 3268 2939; x_wconf 80' lang='lat' dir='ltr'>Ad</span> <span class='ocrx_word' id='word_1_373' title='bbox 3293 2887 3407 2941; x_wconf 63' lang='lat' dir='ltr'>baac</span> 
     </span>
    </p>
   </div>
   <div class='ocr_carea' id='block_1_30' title="bbox 138 2974 3409 3051">
    <p class='ocr_par' dir='ltr' id='par_1_30' title="bbox 138 2974 3409 3051">
     <span class='ocr_line' id='line_1_30' title="bbox 138 2974 3409 3051; baseline -0.002 -12"><span class='ocrx_word' id='word_1_374' title='bbox 138 2997 323 3040; x_wconf 88' lang='lat' dir='ltr'>autem</span> <span class='ocrx_word' id='word_1_375' title='bbox 353 2984 594 3039; x_wconf 87' lang='lat' dir='ltr'>Philonis</span> <span class='ocrx_word' id='word_1_376' title='bbox 619 2983 783 3038; x_wconf 87' lang='lat' dir='ltr'>verba</span> <span class='ocrx_word' id='word_1_377' title='bbox 810 2980 936 3036; x_wconf 88' lang='lat' dir='ltr'>talia</span> <span class='ocrx_word' id='word_1_378' title='bbox 960 2976 1427 3034; x_wconf 87' lang='lat' dir='ltr'>subditEusebius</span> <span class='ocrx_word' id='word_1_379' title='bbox 1446 2975 1588 3046; x_wconf 68' lang='lat'>(:28):</span> <span class='ocrx_word' id='word_1_380' title='bbox 1619 2994 1634 3026; x_wconf 85' lang='grc'><em>‹</em></span> <span class='ocrx_word' id='word_1_381' title='bbox 1663 2974 1786 3031; x_wconf 73' lang='lat' dir='ltr'>Haec</span> <span class='ocrx_word' id='word_1_382' title='bbox 1811 2987 1952 3031; x_wconf 91' lang='lat' dir='ltr'>certe</span> <span class='ocrx_word' id='word_1_383' title='bbox 1978 2978 2046 3031; x_wconf 91' lang='lat' dir='ltr'>ab</span> <span class='ocrx_word' id='word_1_384' title='bbox 2066 2994 2130 3031; x_wconf 85' lang='lat' dir='ltr'>co</span> <span class='ocrx_word' id='word_1_385' title='bbox 2151 2979 2370 3033; x_wconf 88' lang='lat' dir='ltr'>homine</span> <span class='ocrx_word' id='word_1_386' title='bbox 2392 2980 2534 3034; x_wconf 89' lang='lat' dir='ltr'>dicta</span> <span class='ocrx_word' id='word_1_387' title='bbox 2555 2981 2829 3043; x_wconf 87' lang='lat' dir='ltr'>videntur,</span> <span class='ocrx_word' id='word_1_388' title='bbox 2859 2981 2952 3051; x_wconf 88' lang='lat' dir='ltr'>qui</span> <span class='ocrx_word' id='word_1_389' title='bbox 2977 2989 3191 3034; x_wconf 88' lang='lat' dir='ltr'>nostras</span> <span class='ocrx_word' id='word_1_390' title='bbox 3222 2995 3409 3035; x_wconf 85' lang='lat' dir='ltr'>sacras</span> 
     </span>
    </p>
   </div>
   <div class='ocr_carea' id='block_1_31' title="bbox 139 3059 3405 3146">
    <p class='ocr_par' dir='ltr' id='par_1_31' title="bbox 139 3059 3405 3146">
     <span class='ocr_line' id='line_1_31' title="bbox 139 3059 3405 3146; baseline -0.002 -16"><span class='ocrx_word' id='word_1_391' title='bbox 139 3077 356 3132; x_wconf 88' lang='lat' dir='ltr'>litteras</span> <span class='ocrx_word' id='word_1_392' title='bbox 389 3085 719 3146; x_wconf 81' lang='lat' dir='ltr'>exponentes</span> <span class='ocrx_word' id='word_1_393' title='bbox 751 3073 1039 3129; x_wconf 87' lang='lat' dir='ltr'>audiverit.</span> <span class='ocrx_word' id='word_1_394' title='bbox 1068 3059 1218 3137; x_wconf 82' lang='lat' dir='ltr'>Quos</span> <span class='ocrx_word' id='word_1_395' title='bbox 1257 3081 1439 3123; x_wconf 86' lang='lat' dir='ltr'>autem</span> <span class='ocrx_word' id='word_1_396' title='bbox 1464 3107 1477 3130; x_wconf 87' lang='lat'>,</span> <span class='ocrx_word' id='word_1_397' title='bbox 1518 3068 1624 3133; x_wconf 86' lang='lat' dir='ltr'>ait,</span> <span class='ocrx_word' id='word_1_398' title='bbox 1661 3083 1826 3138; x_wconf 85' lang='lat' dir='ltr'>penes</span> <span class='ocrx_word' id='word_1_399' title='bbox 1875 3069 1997 3124; x_wconf 84' lang='lat' dir='ltr'>illos</span> <span class='ocrx_word' id='word_1_400' title='bbox 2038 3071 2206 3124; x_wconf 88' lang='lat' dir='ltr'>fuisse</span> <span class='ocrx_word' id='word_1_401' title='bbox 2253 3081 2494 3127; x_wconf 87' lang='lat' dir='ltr'>veterum</span> <span class='ocrx_word' id='word_1_402' title='bbox 2537 3073 2900 3143; x_wconf 89' lang='lat' dir='ltr'>quorumdam</span> <span class='ocrx_word' id='word_1_403' title='bbox 2950 3074 3405 3128; x_wconf 71' lang='lat' dir='ltr'>commentarios.</span> 
     </span>
    </p>
   </div>
   <div class='ocr_carea' id='block_1_32' title="bbox 137 3160 3404 3238">
    <p class='ocr_par' dir='ltr' id='par_1_32' title="bbox 137 3160 3404 3238">
     <span class='ocr_line' id='line_1_32' title="bbox 137 3160 3404 3238; baseline -0.001 -16"><span class='ocrx_word' id='word_1_404' title='bbox 137 3169 442 3224; x_wconf 78' lang='lat' dir='ltr'>verisimile</span> <span class='ocrx_word' id='word_1_405' title='bbox 475 3177 588 3232; x_wconf 86' lang='lat' dir='ltr'>est,</span> <span class='ocrx_word' id='word_1_406' title='bbox 616 3167 729 3238; x_wconf 89' lang='lat' dir='ltr'>ipsa</span> <span class='ocrx_word' id='word_1_407' title='bbox 761 3181 882 3222; x_wconf 88' lang='lat' dir='ltr'>esse</span> <span class='ocrx_word' id='word_1_408' title='bbox 915 3163 1203 3234; x_wconf 76' lang='lat' dir='ltr'>Evangelia</span> <span class='ocrx_word' id='word_1_409' title='bbox 1226 3205 1240 3229; x_wconf 94' lang='lat'>,</span> <span class='ocrx_word' id='word_1_410' title='bbox 1273 3169 1326 3216; x_wconf 89' lang='lat' dir='ltr'><strong>et</strong></span> <span class='ocrx_word' id='word_1_411' title='bbox 1351 3161 1720 3230; x_wconf 81' lang='lat' dir='ltr'>apostolorum</span> <span class='ocrx_word' id='word_1_412' title='bbox 1757 3160 1959 3230; x_wconf 90' lang='lat' dir='ltr'>scripta</span> <span class='ocrx_word' id='word_1_413' title='bbox 1982 3201 1996 3225; x_wconf 92' lang='lat'>,</span> <span class='ocrx_word' id='word_1_414' title='bbox 2033 3173 2084 3215; x_wconf 88' lang='lat' dir='ltr'>et</span> <span class='ocrx_word' id='word_1_415' title='bbox 2112 3163 2482 3232; x_wconf 78' lang='lat' dir='ltr'>expositiones</span> <span class='ocrx_word' id='word_1_416' title='bbox 2515 3166 2779 3234; x_wconf 90' lang='lat' dir='ltr'>quasdam</span> <span class='ocrx_word' id='word_1_417' title='bbox 2823 3175 3063 3219; x_wconf 88' lang='lat' dir='ltr'>veterum</span> <span class='ocrx_word' id='word_1_418' title='bbox 3114 3165 3404 3234; x_wconf 74' lang='lat' dir='ltr'>prepheta&#39;</span> 
     </span>
    </p>
   </div>
   <div class='ocr_carea' id='block_1_33' title="bbox 134 3251 3401 3333">
    <p class='ocr_par' dir='ltr' id='par_1_33' title="bbox 134 3251 3401 3333">
     <span class='ocr_line' id='line_1_33' title="bbox 134 3251 3401 3333; baseline -0.003 -15"><span class='ocrx_word' id='word_1_419' title='bbox 134 3280 300 3318; x_wconf 83' lang='lat' dir='ltr'>rum:</span> <span class='ocrx_word' id='word_1_420' title='bbox 336 3262 643 3333; x_wconf 87' lang='lat' dir='ltr'>cujusmodi</span> <span class='ocrx_word' id='word_1_421' title='bbox 673 3261 856 3330; x_wconf 87' lang='lat' dir='ltr'>plures</span> <span class='ocrx_word' id='word_1_422' title='bbox 884 3268 994 3312; x_wconf 90' lang='lat' dir='ltr'>tum</span> <span class='ocrx_word' id='word_1_423' title='bbox 1024 3258 1078 3310; x_wconf 92' lang='lat' dir='ltr'>in</span> <span class='ocrx_word' id='word_1_424' title='bbox 1114 3257 1236 3310; x_wconf 87' lang='lat' dir='ltr'>aliis</span> <span class='ocrx_word' id='word_1_425' title='bbox 1265 3253 1420 3308; x_wconf 89' lang='lat' dir='ltr'>Pauli</span> <span class='ocrx_word' id='word_1_426' title='bbox 1455 3251 1738 3322; x_wconf 87' lang='lat' dir='ltr'>Epistolis,</span> <span class='ocrx_word' id='word_1_427' title='bbox 1771 3264 1888 3309; x_wconf 88' lang='lat' dir='ltr'>tttm</span> <span class='ocrx_word' id='word_1_428' title='bbox 1919 3256 1971 3309; x_wconf 92' lang='lat' dir='ltr'>in</span> <span class='ocrx_word' id='word_1_429' title='bbox 2004 3254 2090 3307; x_wconf 89' lang='lat' dir='ltr'>illa</span> <span class='ocrx_word' id='word_1_430' title='bbox 2115 3271 2236 3323; x_wconf 73' lang='lat' dir='ltr'>qua:</span> <span class='ocrx_word' id='word_1_431' title='bbox 2265 3255 2329 3308; x_wconf 89' lang='lat' dir='ltr'>ad</span> <span class='ocrx_word' id='word_1_432' title='bbox 2354 3255 2609 3310; x_wconf 67' lang='lat' dir='ltr'>Ilebrzeos</span> <span class='ocrx_word' id='word_1_433' title='bbox 2637 3259 2836 3324; x_wconf 88' lang='lat' dir='ltr'>scripta</span> <span class='ocrx_word' id='word_1_434' title='bbox 2859 3265 2960 3322; x_wconf 89' lang='lat' dir='ltr'>est,</span> <span class='ocrx_word' id='word_1_435' title='bbox 2992 3257 3355 3310; x_wconf 90' lang='lat' dir='ltr'>continentur.</span> <span class='ocrx_word' id='word_1_436' title='bbox 3383 3275 3401 3306; x_wconf 75' lang='grc' dir='ltr'><strong>ι</strong></span> 
     </span>
    </p>
   </div>
   <div class='ocr_carea' id='block_1_34' title="bbox 133 3343 3406 3418">
    <p class='ocr_par' dir='ltr' id='par_1_34' title="bbox 133 3343 3406 3418">
     <span class='ocr_line' id='line_1_34' title="bbox 133 3343 3406 3418; baseline -0.002 -10"><span class='ocrx_word' id='word_1_437' title='bbox 133 3356 205 3410; x_wconf 81' lang='lat' dir='ltr'>At</span> <span class='ocrx_word' id='word_1_438' title='bbox 232 3357 380 3410; x_wconf 90' lang='lat' dir='ltr'>enim</span> <span class='ocrx_word' id='word_1_439' title='bbox 410 3354 677 3409; x_wconf 84' lang='lat' dir='ltr'>Henricus</span> <span class='ocrx_word' id='word_1_440' title='bbox 705 3350 952 3406; x_wconf 79' lang='lat' dir='ltr'>Valesius</span> <span class='ocrx_word' id='word_1_441' title='bbox 977 3358 1159 3404; x_wconf 90' lang='lat' dir='ltr'>censet</span> <span class='ocrx_word' id='word_1_442' title='bbox 1191 3347 1359 3400; x_wconf 84' lang='lat' dir='ltr'>libros</span> <span class='ocrx_word' id='word_1_443' title='bbox 1388 3343 1522 3398; x_wconf 89' lang='lat' dir='ltr'>Novi</span> <span class='ocrx_word' id='word_1_444' title='bbox 1552 3343 1887 3399; x_wconf 86' lang='lat' dir='ltr'>&#39;l‘estamenti</span> <span class='ocrx_word' id='word_1_445' title='bbox 1924 3360 1953 3398; x_wconf 88' lang='lat' dir='ltr'>a</span> <span class='ocrx_word' id='word_1_446' title='bbox 1986 3343 2212 3398; x_wconf 82' lang='lat' dir='ltr'>Philone</span> <span class='ocrx_word' id='word_1_447' title='bbox 2252 3346 2396 3399; x_wconf 91' lang='lat' dir='ltr'>haud</span> <span class='ocrx_word' id='word_1_448' title='bbox 2429 3346 2724 3416; x_wconf 79' lang='lat' dir='ltr'>signiﬁcari</span> <span class='ocrx_word' id='word_1_449' title='bbox 2771 3349 3016 3418; x_wconf 91' lang='lat' dir='ltr'>potuisse</span> <span class='ocrx_word' id='word_1_450' title='bbox 3039 3389 3052 3412; x_wconf 94' lang='lat'>,</span> <span class='ocrx_word' id='word_1_451' title='bbox 3090 3360 3214 3401; x_wconf 88' lang='lat' dir='ltr'>cum</span> <span class='ocrx_word' id='word_1_452' title='bbox 3262 3346 3406 3400; x_wconf 87' lang='lat' dir='ltr'>dicat</span> 
     </span>
    </p>
   </div>
   <div class='ocr_carea' id='block_1_35' title="bbox 135 3436 1750 3520">
    <p class='ocr_par' dir='ltr' id='par_1_35' title="bbox 135 3436 1742 3520">
     <span class='ocr_line' id='line_1_35' title="bbox 135 3436 1742 3520; baseline -0.009 -18"><span class='ocrx_word' id='word_1_453' title='bbox 135 3450 552 3520; x_wconf 61' lang='grc' dir='ltr'>συγγράμματα</span> <span class='ocrx_word' id='word_1_454' title='bbox 585 3445 826 3501; x_wconf 73' lang='grc' dir='ltr'>παλαιῶν</span> <span class='ocrx_word' id='word_1_455' title='bbox 857 3442 1084 3512; x_wconf 79' lang='grc' dir='ltr'>ἀνδρῶν,</span> <span class='ocrx_word' id='word_1_456' title='bbox 1109 3440 1298 3509; x_wconf 88' lang='lat' dir='ltr'>quales</span> <span class='ocrx_word' id='word_1_457' title='bbox 1329 3455 1433 3493; x_wconf 90' lang='lat' dir='ltr'>non</span> <span class='ocrx_word' id='word_1_458' title='bbox 1465 3447 1619 3491; x_wconf 68' lang='lat' dir='ltr'>erant</span> <span class='ocrx_word' id='word_1_459' title='bbox 1648 3436 1742 3489; x_wconf 86' lang='lat' dir='ltr'>Phi</span> 
     </span>
    </p>
   </div>
   <div class='ocr_carea' id='block_1_36' title="bbox 1789 3436 3404 3520">
    <p class='ocr_par' dir='ltr' id='par_1_36' title="bbox 1789 3436 3404 3511">
     <span class='ocr_line' id='line_1_36' title="bbox 1789 3436 3404 3511; baseline 0.003 -24"><span class='ocrx_word' id='word_1_460' title='bbox 1789 3436 1891 3490; x_wconf 89' lang='lat' dir='ltr'>mis</span> <span class='ocrx_word' id='word_1_461' title='bbox 1921 3443 2078 3490; x_wconf 84' lang='lat' dir='ltr'>:etate</span> <span class='ocrx_word' id='word_1_462' title='bbox 2107 3438 2337 3504; x_wconf 85' lang='lat' dir='ltr'>apostoli</span> <span class='ocrx_word' id='word_1_463' title='bbox 2360 3447 2412 3494; x_wconf 93' lang='lat' dir='ltr'>et</span> <span class='ocrx_word' id='word_1_464' title='bbox 2443 3440 2807 3509; x_wconf 62' lang='lat' dir='ltr'>evangelistaa.</span> <span class='ocrx_word' id='word_1_465' title='bbox 2834 3439 2947 3511; x_wconf 82' lang='lat' dir='ltr'>Ego</span> <span class='ocrx_word' id='word_1_466' title='bbox 2971 3450 3152 3495; x_wconf 85' lang='lat' dir='ltr'>autem</span> <span class='ocrx_word' id='word_1_467' title='bbox 3186 3440 3404 3495; x_wconf 84' lang='lat' dir='ltr'>Eusebii</span> 
     </span>
    </p>
   </div>
   <div class='ocr_carea' id='block_1_37' title="bbox 135 3523 3404 3610">
    <p class='ocr_par' dir='ltr' id='par_1_37' title="bbox 135 3523 3404 3610">
     <span class='ocr_line' id='line_1_37' title="bbox 135 3523 3404 3610; baseline -0.002 -11"><span class='ocrx_word' id='word_1_468' title='bbox 135 3547 470 3602; x_wconf 86' lang='lat' dir='ltr'>sententiam</span> <span class='ocrx_word' id='word_1_469' title='bbox 502 3542 645 3595; x_wconf 89' lang='lat' dir='ltr'>haud</span> <span class='ocrx_word' id='word_1_470' title='bbox 670 3555 893 3610; x_wconf 86' lang='lat' dir='ltr'>prorsus</span> <span class='ocrx_word' id='word_1_471' title='bbox 921 3523 1271 3608; x_wconf 86' lang='lat' dir='ltr'>rcjiciendam</span> <span class='ocrx_word' id='word_1_472' title='bbox 1297 3553 1416 3592; x_wconf 88' lang='lat' dir='ltr'>esse</span> <span class='ocrx_word' id='word_1_473' title='bbox 1444 3547 1601 3606; x_wconf 90' lang='lat' dir='ltr'>puto:</span> <span class='ocrx_word' id='word_1_474' title='bbox 1640 3551 1761 3588; x_wconf 86' lang='lat' dir='ltr'>nam</span> <span class='ocrx_word' id='word_1_475' title='bbox 1798 3552 1940 3606; x_wconf 84' lang='lat' dir='ltr'>s:epe</span> <span class='ocrx_word' id='word_1_476' title='bbox 1963 3536 2227 3604; x_wconf 84' lang='grc' dir='ltr'>παλαιῶν,</span> <span class='ocrx_word' id='word_1_477' title='bbox 2253 3553 2346 3592; x_wconf 91' lang='lat' dir='ltr'>seu</span> <span class='ocrx_word' id='word_1_478' title='bbox 2380 3548 2606 3593; x_wconf 80' lang='lat' dir='ltr'>veterum</span> <span class='ocrx_word' id='word_1_479' title='bbox 2637 3541 2860 3594; x_wconf 85' lang='lat' dir='ltr'>nomine</span> <span class='ocrx_word' id='word_1_480' title='bbox 2890 3540 3283 3610; x_wconf 79' lang='lat' dir='ltr'>intelliguntur,</span> <span class='ocrx_word' id='word_1_481' title='bbox 3312 3540 3404 3610; x_wconf 90' lang='lat' dir='ltr'>qui</span> 
     </span>
    </p>
   </div>
   <div class='ocr_carea' id='block_1_38' title="bbox 133 3631 3402 3704">
    <p class='ocr_par' dir='ltr' id='par_1_38' title="bbox 133 3631 3402 3704">
     <span class='ocr_line' id='line_1_38' title="bbox 133 3631 3402 3704; baseline -0.002 -10"><span class='ocrx_word' id='word_1_482' title='bbox 133 3657 250 3694; x_wconf 88' lang='lat' dir='ltr'>una</span> <span class='ocrx_word' id='word_1_483' title='bbox 281 3649 490 3694; x_wconf 89' lang='lat' dir='ltr'>tantum</span> <span class='ocrx_word' id='word_1_484' title='bbox 515 3646 670 3693; x_wconf 67' lang='lat' dir='ltr'>aetate</span> <span class='ocrx_word' id='word_1_485' title='bbox 699 3648 792 3690; x_wconf 89' lang='lat' dir='ltr'>seu</span> <span class='ocrx_word' id='word_1_486' title='bbox 832 3635 1180 3704; x_wconf 81' lang='lat' dir='ltr'>generatione</span> <span class='ocrx_word' id='word_1_487' title='bbox 1207 3631 1318 3703; x_wconf 73' lang='lat'>(29)</span> <span class='ocrx_word' id='word_1_488' title='bbox 1352 3647 1448 3685; x_wconf 91' lang='lat' dir='ltr'>nos</span> <span class='ocrx_word' id='word_1_489' title='bbox 1482 3643 1910 3700; x_wconf 56' lang='lat' dir='ltr'>pint-cesserunt:</span> <span class='ocrx_word' id='word_1_490' title='bbox 1949 3632 2241 3702; x_wconf 91' lang='lat' dir='ltr'>etquidem</span> <span class='ocrx_word' id='word_1_491' title='bbox 2265 3672 2279 3696; x_wconf 91' lang='lat'>,</span> <span class='ocrx_word' id='word_1_492' title='bbox 2327 3633 2372 3686; x_wconf 91' lang='lat' dir='ltr'>si</span> <span class='ocrx_word' id='word_1_493' title='bbox 2418 3634 2471 3686; x_wconf 92' lang='lat' dir='ltr'>in</span> <span class='ocrx_word' id='word_1_494' title='bbox 2505 3648 2565 3688; x_wconf 86' lang='lat' dir='ltr'>re</span> <span class='ocrx_word' id='word_1_495' title='bbox 2606 3633 2764 3703; x_wconf 87' lang='lat' dir='ltr'>longe</span> <span class='ocrx_word' id='word_1_496' title='bbox 2802 3634 2975 3703; x_wconf 91' lang='lat' dir='ltr'>posita</span> <span class='ocrx_word' id='word_1_497' title='bbox 3007 3650 3037 3688; x_wconf 90' lang='lat' dir='ltr'>a</span> <span class='ocrx_word' id='word_1_498' title='bbox 3071 3643 3255 3689; x_wconf 85' lang='lat' dir='ltr'>nostra</span> <span class='ocrx_word' id='word_1_499' title='bbox 3289 3651 3402 3687; x_wconf 89' lang='lat' dir='ltr'>me-</span> 
     </span>
    </p>
   </div>
   <div class='ocr_carea' id='block_1_39' title="bbox 133 3724 3403 3803">
    <p class='ocr_par' dir='ltr' id='par_1_39' title="bbox 133 3724 3403 3803">
     <span class='ocr_line' id='line_1_39' title="bbox 133 3724 3403 3803; baseline -0.002 -15"><span class='ocrx_word' id='word_1_500' title='bbox 133 3736 320 3790; x_wconf 88' lang='lat' dir='ltr'>moria</span> <span class='ocrx_word' id='word_1_501' title='bbox 351 3744 514 3803; x_wconf 90' lang='lat' dir='ltr'>atque</span> <span class='ocrx_word' id='word_1_502' title='bbox 544 3739 721 3792; x_wconf 67' lang='lat' dir='ltr'>aetate,</span> <span class='ocrx_word' id='word_1_503' title='bbox 755 3731 828 3783; x_wconf 92' lang='lat' dir='ltr'>uti</span> <span class='ocrx_word' id='word_1_504' title='bbox 867 3729 1176 3798; x_wconf 87' lang='lat' dir='ltr'>conjectura</span> <span class='ocrx_word' id='word_1_505' title='bbox 1212 3730 1355 3789; x_wconf 91' lang='lat' dir='ltr'>licet,</span> <span class='ocrx_word' id='word_1_506' title='bbox 1391 3741 1588 3780; x_wconf 89' lang='lat' dir='ltr'>censeo</span> <span class='ocrx_word' id='word_1_507' title='bbox 1657 3724 1938 3780; x_wconf 89' lang='lat' dir='ltr'>Philonem</span> <span class='ocrx_word' id='word_1_508' title='bbox 1970 3726 2487 3781; x_wconf 91' lang='lat' dir='ltr'>commentariorum</span> <span class='ocrx_word' id='word_1_509' title='bbox 2528 3726 2750 3782; x_wconf 88' lang='lat' dir='ltr'>nomine</span> <span class='ocrx_word' id='word_1_510' title='bbox 2785 3729 2926 3783; x_wconf 90' lang='lat' dir='ltr'>inter</span> <span class='ocrx_word' id='word_1_511' title='bbox 2949 3729 3084 3784; x_wconf 90' lang='lat' dir='ltr'>alios</span> <span class='ocrx_word' id='word_1_512' title='bbox 3117 3728 3283 3783; x_wconf 80' lang='lat' dir='ltr'>libros</span> <span class='ocrx_word' id='word_1_513' title='bbox 3319 3727 3403 3780; x_wconf 91' lang='lat' dir='ltr'>in-</span> 
     </span>
    </p>
   </div>
   <div class='ocr_carea' id='block_1_40' title="bbox 131 3815 3404 3892">
    <p class='ocr_par' dir='ltr' id='par_1_40' title="bbox 131 3815 3404 3892">
     <span class='ocr_line' id='line_1_40' title="bbox 131 3815 3404 3892; baseline -0.003 -10"><span class='ocrx_word' id='word_1_514' title='bbox 131 3831 328 3884; x_wconf 87' lang='lat' dir='ltr'>dicare</span> <span class='ocrx_word' id='word_1_515' title='bbox 354 3826 594 3880; x_wconf 88' lang='lat' dir='ltr'>voluisse</span> <span class='ocrx_word' id='word_1_516' title='bbox 621 3823 968 3892; x_wconf 83' lang='lat' dir='ltr'>Evangelium</span> <span class='ocrx_word' id='word_1_517' title='bbox 999 3821 1296 3875; x_wconf 87' lang='lat' dir='ltr'>secundum</span> <span class='ocrx_word' id='word_1_518' title='bbox 1327 3817 1631 3888; x_wconf 62' lang='lat' dir='ltr'>Egyptios.</span> <span class='ocrx_word' id='word_1_519' title='bbox 1663 3815 1796 3871; x_wconf 81' lang='lat' dir='ltr'>Nam</span> <span class='ocrx_word' id='word_1_520' title='bbox 1824 3821 1877 3870; x_wconf 88' lang='lat' dir='ltr'>in</span> <span class='ocrx_word' id='word_1_521' title='bbox 1906 3833 1971 3872; x_wconf 92' lang='lat' dir='ltr'>eo</span> <span class='ocrx_word' id='word_1_522' title='bbox 1997 3819 2272 3886; x_wconf 88' lang='lat' dir='ltr'>peculiare</span> <span class='ocrx_word' id='word_1_523' title='bbox 2310 3818 2584 3890; x_wconf 90' lang='lat' dir='ltr'>quoddam</span> <span class='ocrx_word' id='word_1_524' title='bbox 2621 3819 2792 3876; x_wconf 89' lang='lat' dir='ltr'>fuisse</span> <span class='ocrx_word' id='word_1_525' title='bbox 2822 3821 3034 3876; x_wconf 91' lang='lat' dir='ltr'>dicendi</span> <span class='ocrx_word' id='word_1_526' title='bbox 3066 3837 3236 3891; x_wconf 84' lang='lat' dir='ltr'>genus</span> <span class='ocrx_word' id='word_1_527' title='bbox 3269 3821 3404 3875; x_wconf 89' lang='lat' dir='ltr'>alle-</span> 
     </span>
    </p>
   </div>
   <div class='ocr_carea' id='block_1_41' title="bbox 131 3905 3402 3989">
    <p class='ocr_par' dir='ltr' id='par_1_41' title="bbox 131 3905 3402 3989">
     <span class='ocr_line' id='line_1_41' title="bbox 131 3905 3402 3989; baseline -0.001 -17"><span class='ocrx_word' id='word_1_528' title='bbox 131 3918 315 3989; x_wconf 72' lang='lat' dir='ltr'>goriis</span> <span class='ocrx_word' id='word_1_529' title='bbox 348 3927 402 3970; x_wconf 90' lang='lat' dir='ltr'>et</span> <span class='ocrx_word' id='word_1_530' title='bbox 423 3912 696 3968; x_wconf 87' lang='lat' dir='ltr'>abstrusis</span> <span class='ocrx_word' id='word_1_531' title='bbox 727 3926 791 3964; x_wconf 88' lang='lat' dir='ltr'>ac</span> <span class='ocrx_word' id='word_1_532' title='bbox 819 3909 1062 3980; x_wconf 83' lang='lat' dir='ltr'>mysticis</span> <span class='ocrx_word' id='word_1_533' title='bbox 1092 3908 1342 3962; x_wconf 74' lang='lat' dir='ltr'>sensibus</span> <span class='ocrx_word' id='word_1_534' title='bbox 1376 3908 1590 3976; x_wconf 75' lang='lat' dir='ltr'>plenum</span> <span class='ocrx_word' id='word_1_535' title='bbox 1612 3945 1625 3968; x_wconf 92' lang='lat'>,</span> <span class='ocrx_word' id='word_1_536' title='bbox 1657 3908 1811 3959; x_wconf 87' lang='lat' dir='ltr'>ﬁdem</span> <span class='ocrx_word' id='word_1_537' title='bbox 1847 3905 2052 3962; x_wconf 85' lang='lat' dir='ltr'>faciunt</span> <span class='ocrx_word' id='word_1_538' title='bbox 2088 3907 2390 3978; x_wconf 84' lang='lat' dir='ltr'>fragmenta</span> <span class='ocrx_word' id='word_1_539' title='bbox 2421 3927 2542 3980; x_wconf 66' lang='lat' dir='ltr'>quae</span> <span class='ocrx_word' id='word_1_540' title='bbox 2575 3912 2644 3964; x_wconf 89' lang='lat' dir='ltr'>ab</span> <span class='ocrx_word' id='word_1_541' title='bbox 2669 3913 2909 3982; x_wconf 89' lang='lat' dir='ltr'>antiquis</span> <span class='ocrx_word' id='word_1_542' title='bbox 2936 3914 3295 3983; x_wconf 90' lang='lat' dir='ltr'>scriptoribus</span> <span class='ocrx_word' id='word_1_543' title='bbox 3334 3917 3402 3968; x_wconf 82' lang='lat' dir='ltr'>ad</span> 
     </span>
    </p>
   </div>
   <div class='ocr_carea' id='block_1_42' title="bbox 131 3998 3401 4076">
    <p class='ocr_par' dir='ltr' id='par_1_42' title="bbox 131 3998 3401 4076">
     <span class='ocr_line' id='line_1_42' title="bbox 131 3998 3401 4076; baseline -0.002 -10"><span class='ocrx_word' id='word_1_544' title='bbox 131 4020 388 4066; x_wconf 91' lang='lat' dir='ltr'>nostram</span> <span class='ocrx_word' id='word_1_545' title='bbox 418 4021 592 4076; x_wconf 89' lang='lat' dir='ltr'>usque</span> <span class='ocrx_word' id='word_1_546' title='bbox 619 4014 832 4059; x_wconf 66' lang='lat' dir='ltr'>aetatem</span> <span class='ocrx_word' id='word_1_547' title='bbox 865 4012 1075 4054; x_wconf 82' lang='lat' dir='ltr'>servata</span> <span class='ocrx_word' id='word_1_548' title='bbox 1108 4011 1255 4055; x_wconf 90' lang='lat' dir='ltr'>sunt.</span> <span class='ocrx_word' id='word_1_549' title='bbox 1287 3998 1658 4068; x_wconf 67' lang='lat' dir='ltr'>Aﬁnigmatum</span> <span class='ocrx_word' id='word_1_550' title='bbox 1689 3999 1832 4052; x_wconf 91' lang='lat' dir='ltr'>enim</span> <span class='ocrx_word' id='word_1_551' title='bbox 1860 4000 2031 4054; x_wconf 81' lang='lat' dir='ltr'>instar</span> <span class='ocrx_word' id='word_1_552' title='bbox 2062 4001 2150 4054; x_wconf 90' lang='lat' dir='ltr'>illa</span> <span class='ocrx_word' id='word_1_553' title='bbox 2181 4013 2310 4056; x_wconf 93' lang='lat' dir='ltr'>sunt</span> <span class='ocrx_word' id='word_1_554' title='bbox 2344 4019 2464 4073; x_wconf 82' lang='lat' dir='ltr'>quae</span> <span class='ocrx_word' id='word_1_555' title='bbox 2488 4019 2554 4056; x_wconf 77' lang='lat' dir='ltr'>ex</span> <span class='ocrx_word' id='word_1_556' title='bbox 2583 4003 2674 4056; x_wconf 91' lang='lat' dir='ltr'>illo</span> <span class='ocrx_word' id='word_1_557' title='bbox 2707 4005 2997 4073; x_wconf 82' lang='lat' dir='ltr'>Evangelio</span> <span class='ocrx_word' id='word_1_558' title='bbox 3033 4005 3324 4061; x_wconf 88' lang='lat' dir='ltr'>laudantur</span> <span class='ocrx_word' id='word_1_559' title='bbox 3350 4008 3401 4062; x_wconf 90' lang='lat' dir='ltr'>in</span> 
     </span>
    </p>
   </div>
   <div class='ocr_carea' id='block_1_43' title="bbox 130 4090 3412 4169">
    <p class='ocr_par' dir='ltr' id='par_1_43' title="bbox 130 4090 3412 4169">
     <span class='ocr_line' id='line_1_43' title="bbox 130 4090 3412 4169; baseline -0 -15"><span class='ocrx_word' id='word_1_560' title='bbox 130 4102 372 4168; x_wconf 74' lang='lat' dir='ltr'>epistola</span> <span class='ocrx_word' id='word_1_561' title='bbox 400 4099 638 4155; x_wconf 91' lang='lat' dir='ltr'>secunda</span> <span class='ocrx_word' id='word_1_562' title='bbox 675 4099 732 4152; x_wconf 91' lang='lat' dir='ltr'>S.</span> <span class='ocrx_word' id='word_1_563' title='bbox 765 4095 1059 4150; x_wconf 74' lang='lat' dir='ltr'>Clementis</span> <span class='ocrx_word' id='word_1_564' title='bbox 1096 4093 1363 4163; x_wconf 89' lang='lat' dir='ltr'>pontilicis</span> <span class='ocrx_word' id='word_1_565' title='bbox 1390 4090 1618 4145; x_wconf 80' lang='lat' dir='ltr'>Reinani</span> <span class='ocrx_word' id='word_1_566' title='bbox 1642 4132 1656 4156; x_wconf 92' lang='lat'>,</span> <span class='ocrx_word' id='word_1_567' title='bbox 1682 4101 1736 4146; x_wconf 91' lang='lat' dir='ltr'>et</span> <span class='ocrx_word' id='word_1_568' title='bbox 1767 4091 1822 4145; x_wconf 90' lang='lat' dir='ltr'>in</span> <span class='ocrx_word' id='word_1_569' title='bbox 1857 4093 1996 4146; x_wconf 87' lang='lat' dir='ltr'>libro</span> <span class='ocrx_word' id='word_1_570' title='bbox 2050 4095 2208 4150; x_wconf 87' lang='lat' dir='ltr'>tertio</span> <span class='ocrx_word' id='word_1_571' title='bbox 2239 4093 2565 4149; x_wconf 85' lang='lat' dir='ltr'>Stromatum</span> <span class='ocrx_word' id='word_1_572' title='bbox 2598 4096 2824 4151; x_wconf 90' lang='lat' dir='ltr'>alterius</span> <span class='ocrx_word' id='word_1_573' title='bbox 2863 4095 3162 4154; x_wconf 89' lang='lat' dir='ltr'>Clementis</span> <span class='ocrx_word' id='word_1_574' title='bbox 3196 4114 3412 4169; x_wconf 84' lang='lat' dir='ltr'>cogno—</span> 
     </span>
    </p>
   </div>
   <div class='ocr_carea' id='block_1_44' title="bbox 131 4187 3403 4266">
    <p class='ocr_par' dir='ltr' id='par_1_44' title="bbox 131 4187 3403 4266">
     <span class='ocr_line' id='line_1_44' title="bbox 131 4187 3403 4266; baseline -0.002 -16"><span class='ocrx_word' id='word_1_575' title='bbox 131 4197 312 4250; x_wconf 88' lang='lat' dir='ltr'>minis</span> <span class='ocrx_word' id='word_1_576' title='bbox 336 4196 636 4266; x_wconf 76' lang='lat' dir='ltr'>presbyteri</span> <span class='ocrx_word' id='word_1_577' title='bbox 661 4193 1033 4254; x_wconf 78' lang='lat' dir='ltr'>Alexandrini,</span> <span class='ocrx_word' id='word_1_578' title='bbox 1067 4206 1130 4244; x_wconf 74' lang='lat' dir='ltr'>ex</span> <span class='ocrx_word' id='word_1_579' title='bbox 1153 4204 1387 4257; x_wconf 90' lang='lat' dir='ltr'>quorum</span> <span class='ocrx_word' id='word_1_580' title='bbox 1416 4187 1632 4257; x_wconf 88' lang='lat' dir='ltr'>scriptis</span> <span class='ocrx_word' id='word_1_581' title='bbox 1655 4191 2000 4263; x_wconf 90' lang='lat' dir='ltr'>aliorumque</span> <span class='ocrx_word' id='word_1_582' title='bbox 2031 4200 2270 4245; x_wconf 83' lang='lat' dir='ltr'>veterum</span> <span class='ocrx_word' id='word_1_583' title='bbox 2306 4190 2526 4245; x_wconf 89' lang='lat' dir='ltr'>Patrum</span> <span class='ocrx_word' id='word_1_584' title='bbox 2557 4192 2719 4246; x_wconf 84' lang='lat' dir='ltr'>nobis</span> <span class='ocrx_word' id='word_1_585' title='bbox 2750 4202 3087 4262; x_wconf 90' lang='lat' dir='ltr'>compertum</span> <span class='ocrx_word' id='word_1_586' title='bbox 3116 4195 3192 4256; x_wconf 85' lang='lat' dir='ltr'>lit,</span> <span class='ocrx_word' id='word_1_587' title='bbox 3225 4189 3403 4246; x_wconf 88' lang='lat' dir='ltr'>Evan-</span> 
     </span>
    </p>
   </div>
   <div class='ocr_carea' id='block_1_45' title="bbox 129 4279 3401 4358">
    <p class='ocr_par' dir='ltr' id='par_1_45' title="bbox 129 4279 3401 4358">
     <span class='ocr_line' id='line_1_45' title="bbox 129 4279 3401 4358; baseline -0 -18"><span class='ocrx_word' id='word_1_588' title='bbox 129 4288 284 4358; x_wconf 73' lang='lat' dir='ltr'>gelio</span> <span class='ocrx_word' id='word_1_589' title='bbox 320 4286 443 4349; x_wconf 92' lang='lat' dir='ltr'>illo,</span> <span class='ocrx_word' id='word_1_590' title='bbox 476 4286 854 4354; x_wconf 86' lang='lat' dir='ltr'>qualecunque</span> <span class='ocrx_word' id='word_1_591' title='bbox 884 4281 1076 4344; x_wconf 88' lang='lat' dir='ltr'>fuerit,</span> <span class='ocrx_word' id='word_1_592' title='bbox 1116 4279 1370 4347; x_wconf 89' lang='lat' dir='ltr'>antiquos</span> <span class='ocrx_word' id='word_1_593' title='bbox 1403 4279 1523 4332; x_wconf 85' lang='lat' dir='ltr'>illos</span> <span class='ocrx_word' id='word_1_594' title='bbox 1549 4279 1752 4334; x_wconf 89' lang='lat' dir='ltr'>Christi</span> <span class='ocrx_word' id='word_1_595' title='bbox 1781 4298 1836 4334; x_wconf 84' lang='lat' dir='ltr'>in</span> <span class='ocrx_word' id='word_1_596' title='bbox 1875 4279 2109 4352; x_wconf 74' lang='lat' dir='ltr'>JEgypto</span> <span class='ocrx_word' id='word_1_597' title='bbox 2138 4283 2376 4338; x_wconf 88' lang='lat' dir='ltr'>asseclas</span> <span class='ocrx_word' id='word_1_598' title='bbox 2400 4298 2529 4339; x_wconf 91' lang='lat' dir='ltr'>usos</span> <span class='ocrx_word' id='word_1_599' title='bbox 2557 4283 2744 4339; x_wconf 88' lang='lat' dir='ltr'>fuisse.</span> <span class='ocrx_word' id='word_1_600' title='bbox 2793 4284 2993 4340; x_wconf 79' lang='lat' dir='ltr'>Verum</span> <span class='ocrx_word' id='word_1_601' title='bbox 3037 4285 3180 4338; x_wconf 88' lang='lat' dir='ltr'>enim</span> <span class='ocrx_word' id='word_1_602' title='bbox 3216 4293 3401 4355; x_wconf 87' lang='lat' dir='ltr'>postea</span> 
     </span>
    </p>
   </div>
   <div class='ocr_carea' id='block_1_46' title="bbox 130 4371 3398 4450">
    <p class='ocr_par' dir='ltr' id='par_1_46' title="bbox 130 4371 3398 4450">
     <span class='ocr_line' id='line_1_46' title="bbox 130 4371 3398 4450; baseline -0.002 -14"><span class='ocrx_word' id='word_1_603' title='bbox 130 4381 432 4450; x_wconf 86' lang='lat' dir='ltr'>temporis,</span> <span class='ocrx_word' id='word_1_604' title='bbox 462 4394 585 4432; x_wconf 91' lang='lat' dir='ltr'>cum</span> <span class='ocrx_word' id='word_1_605' title='bbox 621 4377 672 4429; x_wconf 93' lang='lat' dir='ltr'>in</span> <span class='ocrx_word' id='word_1_606' title='bbox 702 4377 956 4429; x_wconf 88' lang='lat' dir='ltr'>universo</span> <span class='ocrx_word' id='word_1_607' title='bbox 981 4384 1255 4427; x_wconf 84' lang='lat' dir='ltr'>terrarum</span> <span class='ocrx_word' id='word_1_608' title='bbox 1283 4372 1414 4425; x_wconf 89' lang='lat' dir='ltr'>orbe</span> <span class='ocrx_word' id='word_1_609' title='bbox 1438 4371 1548 4426; x_wconf 88' lang='lat' dir='ltr'>fere</span> <span class='ocrx_word' id='word_1_610' title='bbox 1571 4373 1634 4426; x_wconf 89' lang='lat' dir='ltr'>ad</span> <span class='ocrx_word' id='word_1_611' title='bbox 1659 4389 1906 4426; x_wconf 77' lang='lat' dir='ltr'>omnium</span> <span class='ocrx_word' id='word_1_612' title='bbox 1933 4375 2170 4428; x_wconf 87' lang='lat' dir='ltr'>ﬁdelium</span> <span class='ocrx_word' id='word_1_613' title='bbox 2195 4390 2388 4430; x_wconf 90' lang='lat' dir='ltr'>manus</span> <span class='ocrx_word' id='word_1_614' title='bbox 2412 4378 2787 4445; x_wconf 85' lang='lat' dir='ltr'>pervenissent</span> <span class='ocrx_word' id='word_1_615' title='bbox 2834 4389 3066 4448; x_wconf 90' lang='lat' dir='ltr'>quatuor</span> <span class='ocrx_word' id='word_1_616' title='bbox 3091 4376 3398 4446; x_wconf 84' lang='lat' dir='ltr'>Evangelia,</span> 
     </span>
    </p>
   </div>
   <div class='ocr_carea' id='block_1_47' title="bbox 127 4462 3400 4539">
    <p class='ocr_par' dir='ltr' id='par_1_47' title="bbox 127 4462 3400 4539">
     <span class='ocr_line' id='line_1_47' title="bbox 127 4462 3400 4539; baseline 0 -15"><span class='ocrx_word' id='word_1_617' title='bbox 127 4471 374 4537; x_wconf 58' lang='lat' dir='ltr'>aliaeque</span> <span class='ocrx_word' id='word_1_618' title='bbox 400 4467 680 4520; x_wconf 68' lang='lat' dir='ltr'>canonica:</span> <span class='ocrx_word' id='word_1_619' title='bbox 711 4465 1020 4533; x_wconf 68' lang='lat' dir='ltr'>Scripturie,</span> <span class='ocrx_word' id='word_1_620' title='bbox 1053 4478 1173 4529; x_wconf 68' lang='lat' dir='ltr'>quae</span> <span class='ocrx_word' id='word_1_621' title='bbox 1205 4477 1234 4515; x_wconf 91' lang='lat' dir='ltr'>a</span> <span class='ocrx_word' id='word_1_622' title='bbox 1261 4462 1432 4517; x_wconf 88' lang='lat' dir='ltr'>sacris</span> <span class='ocrx_word' id='word_1_623' title='bbox 1466 4463 1839 4532; x_wconf 85' lang='lat' dir='ltr'>evangelistis,</span> <span class='ocrx_word' id='word_1_624' title='bbox 1872 4477 1925 4518; x_wconf 87' lang='lat' dir='ltr'>et</span> <span class='ocrx_word' id='word_1_625' title='bbox 1956 4466 2162 4520; x_wconf 90' lang='lat' dir='ltr'>sanctis</span> <span class='ocrx_word' id='word_1_626' title='bbox 2196 4469 2458 4536; x_wconf 90' lang='lat' dir='ltr'>apostolis</span> <span class='ocrx_word' id='word_1_627' title='bbox 2484 4468 2881 4536; x_wconf 83' lang='grc' dir='ltr'>Θεοπνεύστοις,</span> <span class='ocrx_word' id='word_1_628' title='bbox 2909 4488 2940 4523; x_wconf 90' lang='lat' dir='ltr'>a</span> <span class='ocrx_word' id='word_1_629' title='bbox 2967 4470 3072 4524; x_wconf 89' lang='lat' dir='ltr'>Deo</span> <span class='ocrx_word' id='word_1_630' title='bbox 3106 4471 3400 4539; x_wconf 78' lang='lat' dir='ltr'>inspiratis.</span> 
     </span>
    </p>
   </div>
   <div class='ocr_carea' id='block_1_48' title="bbox 128 4555 3398 4634">
    <p class='ocr_par' dir='ltr' id='par_1_48' title="bbox 128 4555 3398 4634">
     <span class='ocr_line' id='line_1_48' title="bbox 128 4555 3398 4634; baseline -0 -16"><span class='ocrx_word' id='word_1_631' title='bbox 128 4565 187 4618; x_wconf 90' lang='lat' dir='ltr'>in</span> <span class='ocrx_word' id='word_1_632' title='bbox 217 4562 402 4616; x_wconf 82' lang='lat' dir='ltr'>ﬁdelis</span> <span class='ocrx_word' id='word_1_633' title='bbox 433 4559 616 4630; x_wconf 90' lang='lat' dir='ltr'>populi</span> <span class='ocrx_word' id='word_1_634' title='bbox 647 4557 969 4618; x_wconf 89' lang='lat' dir='ltr'>utilitatem,</span> <span class='ocrx_word' id='word_1_635' title='bbox 1007 4564 1060 4608; x_wconf 89' lang='lat' dir='ltr'>et</span> <span class='ocrx_word' id='word_1_636' title='bbox 1094 4555 1346 4610; x_wconf 62' lang='lat' dir='ltr'>Ecclesiae</span> <span class='ocrx_word' id='word_1_637' title='bbox 1375 4555 1793 4610; x_wconf 75' lang='lat' dir='ltr'>aediﬁcationem</span> <span class='ocrx_word' id='word_1_638' title='bbox 1823 4558 1981 4612; x_wconf 90' lang='lat' dir='ltr'>nobis</span> <span class='ocrx_word' id='word_1_639' title='bbox 2009 4558 2180 4612; x_wconf 89' lang='lat' dir='ltr'>divini</span> <span class='ocrx_word' id='word_1_640' title='bbox 2221 4559 2577 4618; x_wconf 88' lang='lat' dir='ltr'>beneﬁcentia</span> <span class='ocrx_word' id='word_1_641' title='bbox 2608 4563 2802 4618; x_wconf 88' lang='lat' dir='ltr'>tradita</span> <span class='ocrx_word' id='word_1_642' title='bbox 2835 4573 2995 4631; x_wconf 87' lang='lat' dir='ltr'>sunt;</span> <span class='ocrx_word' id='word_1_643' title='bbox 3045 4563 3398 4634; x_wconf 78' lang='lat' dir='ltr'>Evangeliuin</span> 
     </span>
    </p>
   </div>
   <div class='ocr_carea' id='block_1_49' title="bbox 129 4647 3399 4729">
    <p class='ocr_par' dir='ltr' id='par_1_49' title="bbox 129 4647 3399 4729">
     <span class='ocr_line' id='line_1_49' title="bbox 129 4647 3399 4729; baseline 0 -16"><span class='ocrx_word' id='word_1_644' title='bbox 129 4658 275 4714; x_wconf 82' lang='lat' dir='ltr'>illud</span> <span class='ocrx_word' id='word_1_645' title='bbox 306 4653 660 4722; x_wconf 78' lang='lat' dir='ltr'>allegoricum</span> <span class='ocrx_word' id='word_1_646' title='bbox 684 4691 698 4715; x_wconf 86' lang='lat'>,</span> <span class='ocrx_word' id='word_1_647' title='bbox 723 4657 776 4705; x_wconf 91' lang='lat' dir='ltr'>et</span> <span class='ocrx_word' id='word_1_648' title='bbox 809 4647 918 4702; x_wconf 86' lang='lat' dir='ltr'>fere</span> <span class='ocrx_word' id='word_1_649' title='bbox 942 4647 1343 4714; x_wconf 67' lang='lat' dir='ltr'>aenigmaticum</span> <span class='ocrx_word' id='word_1_650' title='bbox 1364 4688 1378 4712; x_wconf 94' lang='lat'>,</span> <span class='ocrx_word' id='word_1_651' title='bbox 1411 4648 1489 4702; x_wconf 92' lang='lat' dir='ltr'>uti</span> <span class='ocrx_word' id='word_1_652' title='bbox 1515 4658 1706 4702; x_wconf 82' lang='lat' dir='ltr'>exorto</span> <span class='ocrx_word' id='word_1_653' title='bbox 1732 4660 1780 4703; x_wconf 88' lang='lat' dir='ltr'>et</span> <span class='ocrx_word' id='word_1_654' title='bbox 1819 4649 2164 4707; x_wconf 87' lang='lat' dir='ltr'>illucescente</span> <span class='ocrx_word' id='word_1_655' title='bbox 2199 4654 2314 4709; x_wconf 92' lang='lat' dir='ltr'>sole</span> <span class='ocrx_word' id='word_1_656' title='bbox 2343 4656 2553 4711; x_wconf 67' lang='lat' dir='ltr'>nebulae</span> <span class='ocrx_word' id='word_1_657' title='bbox 2598 4657 2994 4728; x_wconf 86' lang='lat' dir='ltr'>dispelluntur,</span> <span class='ocrx_word' id='word_1_658' title='bbox 3043 4658 3302 4729; x_wconf 90' lang='lat' dir='ltr'>paulatim</span> <span class='ocrx_word' id='word_1_659' title='bbox 3347 4660 3399 4714; x_wconf 91' lang='lat' dir='ltr'>in</span> 
     </span>
    </p>
   </div>
   <div class='ocr_carea' id='block_1_50' title="bbox 126 4742 3402 4824">
    <p class='ocr_par' dir='ltr' id='par_1_50' title="bbox 126 4742 3402 4824">
     <span class='ocr_line' id='line_1_50' title="bbox 126 4742 3402 4824; baseline -0.004 -15"><span class='ocrx_word' id='word_1_660' title='bbox 126 4749 563 4809; x_wconf 79' lang='lat' dir='ltr'>desuetudinem</span> <span class='ocrx_word' id='word_1_661' title='bbox 595 4745 760 4802; x_wconf 87' lang='lat' dir='ltr'>abiit.</span> <span class='ocrx_word' id='word_1_662' title='bbox 789 4751 843 4798; x_wconf 93' lang='lat' dir='ltr'>et</span> <span class='ocrx_word' id='word_1_663' title='bbox 874 4759 904 4798; x_wconf 91' lang='lat' dir='ltr'>e</span> <span class='ocrx_word' id='word_1_664' title='bbox 932 4743 1168 4798; x_wconf 89' lang='lat' dir='ltr'>ﬁdelium</span> <span class='ocrx_word' id='word_1_665' title='bbox 1201 4742 1453 4798; x_wconf 89' lang='lat' dir='ltr'>manibus</span> <span class='ocrx_word' id='word_1_666' title='bbox 1478 4758 1770 4797; x_wconf 76' lang='lat' dir='ltr'>excussura</span> <span class='ocrx_word' id='word_1_667' title='bbox 1801 4755 1903 4799; x_wconf 90' lang='lat' dir='ltr'>est.</span> <span class='ocrx_word' id='word_1_668' title='bbox 1943 4742 2327 4804; x_wconf 86' lang='lat' dir='ltr'>Verumtamen</span> <span class='ocrx_word' id='word_1_669' title='bbox 2356 4762 2711 4824; x_wconf 88' lang='lat' dir='ltr'>posteaquam</span> <span class='ocrx_word' id='word_1_670' title='bbox 2744 4771 2809 4809; x_wconf 82' lang='lat' dir='ltr'>ex</span> <span class='ocrx_word' id='word_1_671' title='bbox 2855 4753 3098 4811; x_wconf 73' lang='lat' dir='ltr'>Ecclesia</span> <span class='ocrx_word' id='word_1_672' title='bbox 3133 4758 3402 4813; x_wconf 56' lang='lat' dir='ltr'>catholica</span> 
     </span>
    </p>
   </div>
   <div class='ocr_carea' id='block_1_51' title="bbox 125 4837 3401 4918">
    <p class='ocr_par' dir='ltr' id='par_1_51' title="bbox 125 4837 3401 4918">
     <span class='ocr_line' id='line_1_51' title="bbox 125 4837 3401 4918; baseline 0.001 -15"><span class='ocrx_word' id='word_1_673' title='bbox 125 4846 504 4915; x_wconf 80' lang='lat' dir='ltr'>Evangelium</span> <span class='ocrx_word' id='word_1_674' title='bbox 531 4839 826 4897; x_wconf 88' lang='lat' dir='ltr'>secundum</span> <span class='ocrx_word' id='word_1_675' title='bbox 852 4837 1131 4909; x_wconf 64' lang='lat' dir='ltr'>Egyptios</span> <span class='ocrx_word' id='word_1_676' title='bbox 1151 4837 1488 4893; x_wconf 75' lang='lat' dir='ltr'>eliminatum</span> <span class='ocrx_word' id='word_1_677' title='bbox 1513 4845 1615 4903; x_wconf 87' lang='lat' dir='ltr'>est,</span> <span class='ocrx_word' id='word_1_678' title='bbox 1643 4838 1908 4909; x_wconf 82' lang='lat' dir='ltr'>benignos</span> <span class='ocrx_word' id='word_1_679' title='bbox 1927 4852 2232 4910; x_wconf 87' lang='lat' dir='ltr'>receptores</span> <span class='ocrx_word' id='word_1_680' title='bbox 2258 4844 2447 4900; x_wconf 90' lang='lat' dir='ltr'>habuit</span> <span class='ocrx_word' id='word_1_681' title='bbox 2476 4847 2792 4915; x_wconf 67' lang='lat' dir='ltr'>haereticos;</span> <span class='ocrx_word' id='word_1_682' title='bbox 2816 4849 2942 4918; x_wconf 89' lang='lat' dir='ltr'>quia</span> <span class='ocrx_word' id='word_1_683' title='bbox 2965 4864 3088 4905; x_wconf 89' lang='lat' dir='ltr'>cum</span> <span class='ocrx_word' id='word_1_684' title='bbox 3117 4851 3401 4906; x_wconf 84' lang='lat' dir='ltr'>abstrusos</span> 
     </span>
    </p>
   </div>
   <div class='ocr_carea' id='block_1_52' title="bbox 125 4925 3397 5011">
    <p class='ocr_par' dir='ltr' id='par_1_52' title="bbox 125 4925 3397 5011">
     <span class='ocr_line' id='line_1_52' title="bbox 125 4925 3397 5011; baseline 0.001 -17"><span class='ocrx_word' id='word_1_685' title='bbox 125 4949 182 4994; x_wconf 92' lang='lat' dir='ltr'><strong>et</strong></span> <span class='ocrx_word' id='word_1_686' title='bbox 212 4934 516 5001; x_wconf 80' lang='lat' dir='ltr'>ambiguos</span> <span class='ocrx_word' id='word_1_687' title='bbox 551 4945 742 4985; x_wconf 88' lang='lat' dir='ltr'>sensus</span> <span class='ocrx_word' id='word_1_688' title='bbox 774 4929 1110 4991; x_wconf 86' lang='lat' dir='ltr'>contineret,</span> <span class='ocrx_word' id='word_1_689' title='bbox 1142 4925 1209 4979; x_wconf 91' lang='lat' dir='ltr'>ad</span> <span class='ocrx_word' id='word_1_690' title='bbox 1234 4942 1364 4982; x_wconf 91' lang='lat' dir='ltr'>suos</span> <span class='ocrx_word' id='word_1_691' title='bbox 1388 4927 1708 4982; x_wconf 86' lang='lat' dir='ltr'>astruendos</span> <span class='ocrx_word' id='word_1_692' title='bbox 1734 4945 1954 4986; x_wconf 87' lang='lat' dir='ltr'>errores</span> <span class='ocrx_word' id='word_1_693' title='bbox 1985 4932 2552 5007; x_wconf 88' lang='lat' dir='ltr'>obtenebrandamque</span> <span class='ocrx_word' id='word_1_694' title='bbox 2584 4940 2907 5004; x_wconf 82' lang='lat' dir='ltr'>veritatem,</span> <span class='ocrx_word' id='word_1_695' title='bbox 2957 4942 3205 5011; x_wconf 88' lang='lat' dir='ltr'>pluribus</span> <span class='ocrx_word' id='word_1_696' title='bbox 3236 4943 3397 4997; x_wconf 91' lang='lat' dir='ltr'>etiam</span> 
     </span>
    </p>
   </div>
   <div class='ocr_carea' id='block_1_53' title="bbox 124 5022 3402 5105">
    <p class='ocr_par' dir='ltr' id='par_1_53' title="bbox 124 5022 3402 5105">
     <span class='ocr_line' id='line_1_53' title="bbox 124 5022 3402 5105; baseline -0 -15"><span class='ocrx_word' id='word_1_697' title='bbox 124 5035 196 5090; x_wconf 79' lang='lat' dir='ltr'>de</span> <span class='ocrx_word' id='word_1_698' title='bbox 219 5045 338 5088; x_wconf 86' lang='lat' dir='ltr'>suo</span> <span class='ocrx_word' id='word_1_699' title='bbox 361 5025 592 5095; x_wconf 89' lang='lat' dir='ltr'>adjectis</span> <span class='ocrx_word' id='word_1_700' title='bbox 625 5023 1047 5093; x_wconf 87' lang='lat' dir='ltr'>suppositisque,</span> <span class='ocrx_word' id='word_1_701' title='bbox 1085 5031 1388 5091; x_wconf 78' lang='lat' dir='ltr'>Opportune</span> <span class='ocrx_word' id='word_1_702' title='bbox 1408 5037 1472 5075; x_wconf 90' lang='lat' dir='ltr'>eo</span> <span class='ocrx_word' id='word_1_703' title='bbox 1505 5022 1579 5074; x_wconf 91' lang='lat' dir='ltr'>uti</span> <span class='ocrx_word' id='word_1_704' title='bbox 1607 5036 1768 5090; x_wconf 89' lang='lat' dir='ltr'>posse</span> <span class='ocrx_word' id='word_1_705' title='bbox 1795 5037 2149 5082; x_wconf 87' lang='lat' dir='ltr'>censuerunt.</span> <span class='ocrx_word' id='word_1_706' title='bbox 2178 5028 2429 5087; x_wconf 89' lang='lat' dir='ltr'>Profecto</span> <span class='ocrx_word' id='word_1_707' title='bbox 2468 5031 2760 5090; x_wconf 88' lang='lat' dir='ltr'>Sabelliani</span> <span class='ocrx_word' id='word_1_708' title='bbox 2795 5035 2996 5105; x_wconf 88' lang='lat' dir='ltr'>aliique</span> <span class='ocrx_word' id='word_1_709' title='bbox 3027 5036 3242 5090; x_wconf 89' lang='lat' dir='ltr'>ﬁrmum</span> <span class='ocrx_word' id='word_1_710' title='bbox 3279 5037 3402 5096; x_wconf 72' lang='lat' dir='ltr'>inde,</span> 
     </span>
    </p>
   </div>
   <div class='ocr_carea' id='block_1_54' title="bbox 201 5245 1458 5334">
    <p class='ocr_par' dir='ltr' id='par_1_54' title="bbox 201 5245 1458 5334">
     <span class='ocr_line' id='line_1_54' title="bbox 201 5245 1458 5334; baseline -0.009 -22"><span class='ocrx_word' id='word_1_711' title='bbox 201 5264 332 5334; x_wconf 65' lang='grc'>(24)</span> <span class='ocrx_word' id='word_1_712' title='bbox 355 5259 500 5334; x_wconf 73' lang='lat' dir='ltr'>I_)_an.</span> <span class='ocrx_word' id='word_1_713' title='bbox 532 5254 716 5334; x_wconf 70' lang='lat' dir='ltr'>Heins.</span> <span class='ocrx_word' id='word_1_714' title='bbox 736 5267 800 5334; x_wconf 50' lang='lat' dir='ltr'>in</span> <span class='ocrx_word' id='word_1_715' title='bbox 820 5248 1085 5334; x_wconf 24' lang='lat' dir='ltr'>praefaad</span> <span class='ocrx_word' id='word_1_716' title='bbox 1104 5245 1458 5334; x_wconf 52' lang='lat' dir='ltr'>Clen1._:}lex.</span> 
     </span>
    </p>
   </div>
   <div class='ocr_carea' id='block_1_55' title="bbox 205 5317 1350 5398">
    <p class='ocr_par' dir='ltr' id='par_1_55' title="bbox 205 5317 1350 5398">
     <span class='ocr_line' id='line_1_55' title="bbox 205 5317 1350 5398; baseline -0.019 -7"><span class='ocrx_word' id='word_1_717' title='bbox 205 5317 339 5398; x_wconf 52' lang='grc' dir='ltr'>δεῖ)</span> <span class='ocrx_word' id='word_1_718' title='bbox 367 5329 505 5382; x_wconf 82' lang='lat' dir='ltr'>Vide</span> <span class='ocrx_word' id='word_1_719' title='bbox 535 5325 696 5398; x_wconf 68' lang='lat' dir='ltr'>hujus</span> <span class='ocrx_word' id='word_1_720' title='bbox 728 5317 1045 5398; x_wconf 61' lang='lat' dir='ltr'>Pati-alogias</span> <span class='ocrx_word' id='word_1_721' title='bbox 1074 5329 1209 5398; x_wconf 70' lang='lat' dir='ltr'>tom.</span> <span class='ocrx_word' id='word_1_722' title='bbox 1230 5317 1350 5398; x_wconf 50' lang='grc' dir='ltr'>με</span> 
     </span>
    </p>
   </div>
   <div class='ocr_carea' id='block_1_56' title="bbox 207 5389 1822 5476">
    <p class='ocr_par' dir='ltr' id='par_1_56' title="bbox 207 5389 1786 5476">
     <span class='ocr_line' id='line_1_56' title="bbox 207 5389 1786 5476; baseline -0.006 -20"><span class='ocrx_word' id='word_1_723' title='bbox 207 5389 334 5476; x_wconf 54' lang='grc' dir='ltr'>αεὶ</span> <span class='ocrx_word' id='word_1_724' title='bbox 373 5400 574 5476; x_wconf 56' lang='lat' dir='ltr'>enses.</span> <span class='ocrx_word' id='word_1_725' title='bbox 609 5389 766 5450; x_wconf 72' lang='lat' dir='ltr'>&#39;um.</span> <span class='ocrx_word' id='word_1_726' title='bbox 795 5393 921 5476; x_wconf 68' lang='lat' dir='ltr'>em.</span> <span class='ocrx_word' id='word_1_727' title='bbox 951 5389 992 5445; x_wconf 43' lang='lat' dir='ltr'>&#39;l.</span> <span class='ocrx_word' id='word_1_728' title='bbox 1031 5407 1080 5442; x_wconf 81' lang='grc' dir='ltr'>ν.</span> <span class='ocrx_word' id='word_1_729' title='bbox 1116 5390 1290 5453; x_wconf 79' lang='lat' dir='ltr'>c.10;</span> <span class='ocrx_word' id='word_1_730' title='bbox 1329 5389 1365 5441; x_wconf 91' lang='lat' dir='ltr'>l.</span> <span class='ocrx_word' id='word_1_731' title='bbox 1398 5404 1541 5455; x_wconf 81' lang='lat' dir='ltr'>vt,c.</span> <span class='ocrx_word' id='word_1_732' title='bbox 1572 5390 1657 5450; x_wconf 73' lang='grc' dir='ltr'>ιιι,</span> <span class='ocrx_word' id='word_1_733' title='bbox 1697 5391 1786 5446; x_wconf 84' lang='lat' dir='ltr'>l5.</span> 
     </span>
    </p>
   </div>
   <div class='ocr_carea' id='block_1_57' title="bbox 928 5389 2543 5476">
    <p class='ocr_par' dir='ltr' id='par_1_57' title="bbox 951 5389 2543 5455">
     <span class='ocr_line' id='line_1_57' title="bbox 951 5389 2543 5455; baseline 0.003 -10"><span class='ocrx_word' id='word_1_734' title='bbox 951 5389 992 5445; x_wconf 32' lang='lat' dir='ltr'>&#39;l.</span> <span class='ocrx_word' id='word_1_735' title='bbox 1031 5407 1080 5442; x_wconf 80' lang='grc' dir='ltr'>ν.</span> <span class='ocrx_word' id='word_1_736' title='bbox 1116 5407 1164 5445; x_wconf 93' lang='lat' dir='ltr'>c.</span> <span class='ocrx_word' id='word_1_737' title='bbox 1194 5390 1290 5453; x_wconf 79' lang='lat'>10;</span> <span class='ocrx_word' id='word_1_738' title='bbox 1329 5389 1365 5441; x_wconf 85' lang='grc' dir='ltr'>Ι.</span> <span class='ocrx_word' id='word_1_739' title='bbox 1398 5404 1471 5455; x_wconf 80' lang='lat' dir='ltr'>vi,</span> <span class='ocrx_word' id='word_1_740' title='bbox 1495 5405 1541 5443; x_wconf 92' lang='lat' dir='ltr'>c.</span> <span class='ocrx_word' id='word_1_741' title='bbox 1572 5390 1657 5450; x_wconf 73' lang='lat'>14,</span> <span class='ocrx_word' id='word_1_742' title='bbox 1697 5391 1786 5446; x_wconf 76' lang='grc'>15.</span> <span class='ocrx_word' id='word_1_743' title='bbox 1823 5390 2042 5448; x_wconf 84' lang='lat' dir='ltr'>Hieron.</span> <span class='ocrx_word' id='word_1_744' title='bbox 2079 5394 2153 5448; x_wconf 81' lang='lat' dir='ltr'>De</span> <span class='ocrx_word' id='word_1_745' title='bbox 2186 5396 2282 5450; x_wconf 80' lang='lat' dir='ltr'>vir.</span> <span class='ocrx_word' id='word_1_746' title='bbox 2331 5396 2543 5452; x_wconf 75' lang='lat' dir='ltr'>illustr-</span> 
     </span>
    </p>
   </div>
   <div class='ocr_carea' id='block_1_58' title="bbox 209 5464 932 5543">
    <p class='ocr_par' dir='ltr' id='par_1_58' title="bbox 209 5464 932 5543">
     <span class='ocr_line' id='line_1_58' title="bbox 209 5464 932 5543; baseline -0.026 -10"><span class='ocrx_word' id='word_1_747' title='bbox 209 5464 332 5543; x_wconf 58' lang='lat' dir='ltr'>i2&#39;7l</span> <span class='ocrx_word' id='word_1_748' title='bbox 367 5471 444 5543; x_wconf 60' lang='grc' dir='ltr'><em>υς</em></span> <span class='ocrx_word' id='word_1_749' title='bbox 509 5470 599 5525; x_wconf 79' lang='lat' dir='ltr'>vit.</span> <span class='ocrx_word' id='word_1_750' title='bbox 654 5464 932 5543; x_wconf 66' lang='lat' dir='ltr'>_Ctl_ntentpl.</span> 
     </span>
    </p>
   </div>
   <div class='ocr_carea' id='block_1_59' title="bbox 445 5532 1099 5591">
    <p class='ocr_par' dir='ltr' id='par_1_59' title="bbox 445 5532 1099 5591">
     <span class='ocr_line' id='line_1_59' title="bbox 445 5532 1099 5591; baseline -0.015 0"><span class='ocrx_word' id='word_1_751' title='bbox 445 5543 525 5591; x_wconf 81' lang='lat' dir='ltr'>ist.</span> <span class='ocrx_word' id='word_1_752' title='bbox 560 5536 684 5591; x_wconf 71' lang='lat' dir='ltr'>(ecl.</span> <span class='ocrx_word' id='word_1_753' title='bbox 712 5535 805 5588; x_wconf 90' lang='lat' dir='ltr'>lib.</span> <span class='ocrx_word' id='word_1_754' title='bbox 841 5550 898 5591; x_wconf 88' lang='lat' dir='ltr'>tt.</span> <span class='ocrx_word' id='word_1_755' title='bbox 935 5532 1099 5586; x_wconf 72' lang='lat' dir='ltr'>c.17.</span> 
     </span>
    </p>
   </div>
   <div class='ocr_carea' id='block_1_60' title="bbox 210 5536 1825 5691">
    <p class='ocr_par' dir='ltr' id='par_1_60' title="bbox 210 5536 1825 5691">
     <span class='ocr_line' id='line_1_60' title="bbox 210 5536 1510 5622; baseline -0.018 -25"><span class='ocrx_word' id='word_1_756' title='bbox 381 5541 525 5594; x_wconf 81' lang='lat' dir='ltr'>Hist.</span> <span class='ocrx_word' id='word_1_757' title='bbox 560 5536 686 5622; x_wconf 62' lang='lat' dir='ltr'>(ecl.</span> <span class='ocrx_word' id='word_1_758' title='bbox 712 5536 805 5588; x_wconf 91' lang='lat' dir='ltr'>lib.</span> <span class='ocrx_word' id='word_1_759' title='bbox 841 5550 898 5591; x_wconf 88' lang='lat' dir='ltr'>tt.</span> <span class='ocrx_word' id='word_1_760' title='bbox 935 5536 1099 5586; x_wconf 74' lang='lat' dir='ltr'>c.17.</span> <span class='ocrx_word' id='word_1_761' title='bbox 1237 5601 1248 5614; x_wconf 41' lang='grc' dir='ltr'><strong><em>ο</em></strong></span> <span class='ocrx_word' id='word_1_762' title='bbox 1446 5603 1456 5612; x_wconf 40' lang='grc'><em>.</em></span> <span class='ocrx_word' id='word_1_763' title='bbox 1503 5603 1510 5611; x_wconf 30' lang='grc' dir='ltr'>ι</span> 
     </span>
     <span class='ocr_line' id='line_1_61' title="bbox 214 5611 1825 5691; baseline -0.009 -21"><span class='ocrx_word' id='word_1_764' title='bbox 214 5622 339 5691; x_wconf 61' lang='grc' dir='ltr'>βω</span> <span class='ocrx_word' id='word_1_765' title='bbox 378 5611 516 5691; x_wconf 80' lang='lat' dir='ltr'>Nam</span> <span class='ocrx_word' id='word_1_766' title='bbox 541 5625 718 5691; x_wconf 38' lang='lat' dir='ltr'>faves}.</span> <span class='ocrx_word' id='word_1_767' title='bbox 758 5614 836 5691; x_wconf 35' lang='lat' dir='ltr'>est</span> <span class='ocrx_word' id='word_1_768' title='bbox 869 5618 1320 5691; x_wconf 23' lang='lat' dir='ltr'>dimittat/itaista,</span> <span class='ocrx_word' id='word_1_769' title='bbox 1367 5611 1603 5691; x_wconf 29' lang='grc' dir='ltr'>Διιιίιίξηιιςι</span> <span class='ocrx_word' id='word_1_770' title='bbox 1646 5619 1825 5691; x_wconf 47' lang='lat' dir='ltr'>fauor</span> 
     </span>
    </p>
   </div>
   <div class='ocr_carea' id='block_1_61' title="bbox 1784 5536 3399 5691">
    <p class='ocr_par' dir='ltr' id='par_1_61' title="bbox 1784 5599 3399 5691">
     <span class='ocr_line' id='line_1_62' title="bbox 1784 5599 3399 5691; baseline -0.002 -38"><span class='ocrx_word' id='word_1_771' title='bbox 1784 5621 1918 5691; x_wconf 54' lang='lat' dir='ltr'>mini</span> <span class='ocrx_word' id='word_1_772' title='bbox 1979 5613 2127 5691; x_wconf 52' lang='lat' dir='ltr'>tetas,</span> <span class='ocrx_word' id='word_1_773' title='bbox 2167 5601 2584 5691; x_wconf 45' lang='lat' dir='ltr'>l&#39;ll&#39;Ptt‘tyitylidlS</span> <span class='ocrx_word' id='word_1_774' title='bbox 2632 5611 2779 5655; x_wconf 87' lang='lat' dir='ltr'>notat</span> <span class='ocrx_word' id='word_1_775' title='bbox 2825 5599 3215 5691; x_wconf 53' lang='lat' dir='ltr'>inLﬂ&#39;omcricis</span> <span class='ocrx_word' id='word_1_776' title='bbox 3256 5614 3399 5691; x_wconf 55' lang='lat'>9:18-</span> 
     </span>
    </p>
   </div>
   <div class='ocr_carea' id='block_1_62' title="bbox 125 5669 3397 5746">
    <p class='ocr_par' dir='ltr' id='par_1_62' title="bbox 125 5669 3397 5746">
     <span class='ocr_line' id='line_1_63' title="bbox 125 5669 3397 5746; baseline -0.009 1"><span class='ocrx_word' id='word_1_777' title='bbox 125 5669 438 5746; x_wconf 48' lang='lat' dir='ltr'>stid—nibus.</span> <span class='ocrx_word' id='word_1_778' title='bbox 465 5669 636 5733; x_wconf 78' lang='lat' dir='ltr'>Aulus</span> <span class='ocrx_word' id='word_1_779' title='bbox 680 5676 881 5730; x_wconf 77' lang='lat' dir='ltr'>Gellius</span> <span class='ocrx_word' id='word_1_780' title='bbox 912 5669 1039 5739; x_wconf 52' lang='lat' dir='ltr'>(lib.</span> <span class='ocrx_word' id='word_1_781' title='bbox 1072 5690 1104 5725; x_wconf 88' lang='lat' dir='ltr'>tt</span> <span class='ocrx_word' id='word_1_782' title='bbox 1159 5670 1314 5746; x_wconf 66' lang='lat' dir='ltr'>Noct.</span> <span class='ocrx_word' id='word_1_783' title='bbox 1352 5674 1610 5746; x_wconf 79' lang='lat' dir='ltr'>Attic.,_e.</span> <span class='ocrx_word' id='word_1_784' title='bbox 1646 5672 1724 5735; x_wconf 77' lang='grc' dir='ltr'>ὃ).</span> <span class='ocrx_word' id='word_1_785' title='bbox 1768 5675 2005 5746; x_wconf 80' lang='lat' dir='ltr'>codicem</span> <span class='ocrx_word' id='word_1_786' title='bbox 2030 5673 2288 5727; x_wconf 61' lang='lat' dir='ltr'>Afueidos</span> <span class='ocrx_word' id='word_1_787' title='bbox 2316 5669 2522 5742; x_wconf 77' lang='lat' dir='ltr'>Virgilii</span> <span class='ocrx_word' id='word_1_788' title='bbox 2546 5713 2590 5746; x_wconf 12' lang='grc' dir='ltr'>,γ</span> <span class='ocrx_word' id='word_1_789' title='bbox 2623 5688 2780 5740; x_wconf 90' lang='lat' dir='ltr'>quem</span> <span class='ocrx_word' id='word_1_790' title='bbox 2828 5672 2927 5725; x_wconf 88' lang='lat' dir='ltr'>sibi</span> <span class='ocrx_word' id='word_1_791' title='bbox 2962 5670 3146 5722; x_wconf 63' lang='lat' dir='ltr'>Bonae</span> <span class='ocrx_word' id='word_1_792' title='bbox 3179 5669 3397 5746; x_wconf 52' lang='lat' dir='ltr'>qjtidam</span> 
     </span>
    </p>
   </div>
   <div class='ocr_carea' id='block_1_63' title="bbox 128 5739 3402 5832">
    <p class='ocr_par' dir='ltr' id='par_1_63' title="bbox 128 5739 3402 5832">
     <span class='ocr_line' id='line_1_64' title="bbox 128 5739 3402 5832; baseline -0.008 -15"><span class='ocrx_word' id='word_1_793' title='bbox 128 5739 550 5832; x_wconf 56' lang='lat' dir='ltr'>gratiiiriatiqus</span> <span class='ocrx_word' id='word_1_794' title='bbox 580 5746 898 5832; x_wconf 51' lang='lat' dir='ltr'>emptuni&#39;iu</span> <span class='ocrx_word' id='word_1_795' title='bbox 940 5743 1227 5832; x_wconf 59' lang='lat' dir='ltr'>sigillariis</span> <span class='ocrx_word' id='word_1_796' title='bbox 1285 5759 1348 5822; x_wconf 54' lang='lat' dir='ltr'>ss</span> <span class='ocrx_word' id='word_1_797' title='bbox 1380 5743 1579 5823; x_wconf 40' lang='lat' dir='ltr'>.aurris</span> <span class='ocrx_word' id='word_1_798' title='bbox 1649 5744 1960 5823; x_wconf 76' lang='lat' dir='ltr'>ostenderat</span> <span class='ocrx_word' id='word_1_799' title='bbox 1992 5787 2004 5800; x_wconf 94' lang='lat'>.</span> <span class='ocrx_word' id='word_1_800' title='bbox 2038 5746 2296 5798; x_wconf 66' lang='lat' dir='ltr'>mirande</span> <span class='ocrx_word' id='word_1_801' title='bbox 2345 5739 2617 5796; x_wconf 48' lang='lat' dir='ltr'>ret—ustum</span> <span class='ocrx_word' id='word_1_802' title='bbox 2647 5739 2837 5806; x_wconf 77' lang='lat' dir='ltr'>vocat,</span> <span class='ocrx_word' id='word_1_803' title='bbox 2870 5751 2920 5795; x_wconf 86' lang='lat' dir='ltr'>rt</span> <span class='ocrx_word' id='word_1_804' title='bbox 2970 5754 3148 5796; x_wconf 85' lang='lat' dir='ltr'>tamen</span> <span class='ocrx_word' id='word_1_805' title='bbox 3202 5739 3402 5791; x_wconf 78' lang='lat' dir='ltr'>Gellius</span> 
     </span>
    </p>
   </div>
   <div class='ocr_carea' id='block_1_64' title="bbox 128 5814 1435 5892">
    <p class='ocr_par' dir='ltr' id='par_1_64' title="bbox 128 5814 1435 5892">
     <span class='ocr_line' id='line_1_65' title="bbox 128 5814 1435 5892; baseline -0.02 -2"><span class='ocrx_word' id='word_1_806' title='bbox 277 5829 432 5884; x_wconf 89' lang='lat' dir='ltr'>adeo</span> <span class='ocrx_word' id='word_1_807' title='bbox 471 5821 628 5892; x_wconf 77' lang='lat' dir='ltr'>ionge</span> <span class='ocrx_word' id='word_1_808' title='bbox 656 5827 772 5885; x_wconf 80' lang='lat' dir='ltr'>post</span> <span class='ocrx_word' id='word_1_809' title='bbox 805 5814 1009 5884; x_wconf 74' lang='lat' dir='ltr'>Virgilii</span> <span class='ocrx_word' id='word_1_810' title='bbox 1042 5825 1251 5867; x_wconf 62' lang='lat' dir='ltr'>atatem</span> <span class='ocrx_word' id='word_1_811' title='bbox 1287 5814 1435 5865; x_wconf 83' lang='lat' dir='ltr'>vixit.</span> 
     </span>
    </p>
   </div>
  </div>
