4090 6312
762 373 866 429 615
1593 373 1648 428 S.
1699 373 2067 428 ATIIANASII
2108 373 2256 430 OPP.
2302 375 2478 429 PARS
2519 374 2602 430 Ill.
2644 405 2710 414 —
2748 375 3157 431 EXEGETICA.
3885 377 3974 433 6I6

764 497 1146 564 patrocinium,
1187 508 1246 550 ut
1275 495 1375 565 ipsi
1407 498 1784 561 autumabant,
1818 497 1898 550 vel
1933 497 1995 550 ad
2022 496 2306 552 Trinitatis
2341 499 2654 569 mysterium
2681 497 3128 561 subvertendum,
3155 495 3235 550 vel
3269 495 3334 549 ad
3361 495 3628 566 legitimas
3659 495 3877 566 nuptias
3907 511 3977 549 re-

763 587 1024 658 jiciendas
1049 589 1150 643 sibi
1181 597 1586 657 compararunt.
1621 586 1808 656 Itaque
1837 589 1961 643 hinc
1984 587 2186 643 factum
2217 601 2318 655 est,
2348 598 2407 643 ut
2438 600 2623 658 postea
2652 588 2810 658 hujus
2842 587 3118 658 Evangelii
3149 603 3177 640 a
3206 587 3450 642 sectariis
3473 585 3717 654 corrupti
3741 594 3796 638 et
3825 585 3977 639 inter-

766 680 927 749 polati
949 721 964 745 ,
1001 679 1053 733 in
1089 695 1392 748 pravosqne
1425 695 1619 734 sensus
1649 679 1766 749 ejus
1794 683 1971 735 verbis
1996 682 2280 751 expositis,
2313 689 2571 750 tanquam
2586 679 2725 734 .libri
2763 681 3077 751 apocryphi,
3109 690 3162 735 et
3186 679 3349 734 veluti
3385 677 3582 748 putida:
3614 677 3978 732 haereticorum

764 774 963 826 mercis
992 773 1333 826 meminerint
1362 771 1418 827 S.
1449 771 1810 841 Epiphanius,
1841 771 1896 826 S.
1923 772 2314 844 Hieronymus,
2340 774 2597 844 Origenes
2617 813 2630 838 ,
2659 771 2812 829 Titus
2849 773 3183 839 Bostrensis,
3229 771 3664 841 Theophylactus
3698 770 3835 840 (30).
3889 767 3981 822 Sed

761 878 824 916 eo
855 875 1114 927 revertor,
1159 866 1299 920 unde
1329 866 1490 934 paulo
1516 874 1641 917 ante
1673 865 1948 934 digressus
1979 882 2121 918 sum.

833 954 1018 1008 XVIII.
1051 956 1341 1011 Enimvero
1374 973 1479 1010 nou
1505 957 1679 1010 solum
1707 958 2067 1022 Alexandria,
2101 957 2194 1013 sed
2227 957 2388 1012 etiam
2417 958 2616 1028 ubique
2647 957 3010 1012 Ecclesiarum
3039 955 3276 1012 Orientis
3310 955 3498 1026 primis
3526 955 3854 1010 Christiana
3877 952 3984 1007 ﬁdei

764 1048 977 1101 saeculis
1006 1050 1296 1119 allegorica
1329 1066 1609 1103 sacrarum
1641 1048 2043 1118 Scripturarum
2081 1052 2449 1120 interpretatio
2476 1052 2728 1106 obtinuit.
2763 1051 2825 1105 Et
2861 1051 3079 1121 quidem
3113 1049 3566 1120 quemadmodum
3599 1049 3808 1104 nimius
3839 1059 3988 1118 atque

765 1139 1159 1195 immoderatus
1187 1142 1499 1210 huiusmodi
1530 1142 1992 1211 interpretati-onis
2015 1158 2168 1205 usus,
2203 1158 2325 1196 cum
2353 1143 2555 1197 scilicet
2580 1143 2775 1196 abditis
2811 1142 3215 1212 Scripturarum
3247 1142 3495 1198 sensibus
3519 1141 3858 1211 explicandis
3893 1143 3986 1194 mi—

763 1232 908 1287 nime
940 1233 1196 1298 inservit,
1233 1235 1324 1288 sed
1352 1249 1417 1290 ea
1444 1236 1676 1304 scriptor
1699 1236 1765 1288 ad
1801 1251 1902 1288 suo
1939 1234 2322 1302 indulgendum
2353 1235 2566 1305 ingenio
2595 1235 2838 1288 abutitur
2858 1277 2872 1298 ,
2905 1236 3327 1304 reprehensione
3354 1235 3548 1305 dignus
3580 1234 3832 1287 videtur:
3868 1235 3935 1288 ita
3964 1248 3989 1286 e

761 1326 978 1380 diverso
1009 1327 1165 1380 laude
1190 1329 1540 1397 excipiendus
1565 1339 1680 1395 est,
1709 1345 1832 1384 cum
1878 1327 2105 1397 receptis
2131 1338 2370 1382 veterum
2411 1327 2631 1382 Patrum
2668 1329 2870 1397 regulis
2898 1345 2960 1383 ac
3001 1329 3280 1398 przeceptis
3312 1329 3540 1391 insistit,
3585 1334 3640 1381 et
3691 1327 3836 1379 intra
3871 1339 3989 1379 suos

759 1417 962 1473 limites
991 1433 1050 1472 se
1083 1421 1340 1474 continet.
1377 1422 1556 1490 Itaque
1588 1423 1694 1473 duo
1731 1422 1782 1474 in
1821 1422 1920 1474 hac
1955 1437 2012 1474 re
2048 1423 2254 1490 scopuli
2283 1437 2629 1492 summopere
2657 1424 2858 1476 vitandi
2893 1432 3052 1486 sunt,
3086 1423 3139 1476 in
3179 1437 3411 1492 quorum
3445 1421 3671 1476 alterum
3708 1419 3989 1488 impegisse

761 1511 1041 1575 videntur,
1067 1513 1157 1580 qui
1189 1523 1476 1581 sequentes
1508 1514 1764 1584 iuysticos
1793 1529 1988 1568 sensus
2011 1556 2025 1578 ,
2057 1525 2109 1568 et
2139 1514 2460 1584 allegoricas
2486 1516 2955 1584 interpretationes
2987 1515 3054 1569 ab
3085 1515 3342 1570 historica
3377 1526 3654 1567 sacrarum
3691 1511 3986 1564 litterarum

760 1601 986 1656 veritate
1020 1603 1426 1668 discesserunt;
1459 1607 1598 1674 apud
1633 1606 1861 1659 alterum
1892 1621 2020 1660 vero
2055 1607 2248 1660 misere
2280 1605 2622 1675 naufragium
2650 1607 2864 1671 fecisse,
2901 1609 2992 1678 qui
3022 1608 3293 1662 mordicus
3316 1605 3528 1659 litterali
3563 1602 3988 1672 interpretationi

758 1691 1114 1761 inhaerentes,
1139 1698 1342 1750 relictis
1373 1707 1612 1750 veterum
1641 1707 1952 1752 sanctorum
1983 1697 2202 1752 Patrum
2233 1699 2472 1767 vestigiis
2493 1740 2507 1764 ,
2545 1699 2599 1753 in
2647 1699 2798 1754 devia
2827 1715 2890 1754 ac
2934 1709 3204 1770 praerupta
3242 1699 3501 1754 abeuntes
3549 1696 3602 1750 in
3649 1696 3771 1750 luce
3802 1695 3989 1749 divina:

756 1805 943 1842 eorum
968 1793 1244 1861 sapientiae
1269 1809 1331 1847 ac
1364 1793 1602 1848 caelestis
1623 1794 1884 1849 doctrina:
1914 1795 2299 1866 caligaverunt.
2336 1794 2513 1865 Atque
2537 1796 2608 1850 ita
2629 1839 2644 1862 ,
2675 1797 2875 1851 clausis
2909 1794 2976 1848 ad
3017 1794 3385 1862 evangelicum
3420 1792 3599 1846 lumen
3650 1788 3860 1853 oculis,
3906 1800 3990 1854 per

759 1880 986 1935 humilia
1023 1895 1320 1952 reptantes,
1351 1885 1524 1938 solum
1555 1885 1789 1939 humana
1819 1901 1882 1940 ac
1912 1894 2124 1941 terrena
2154 1885 2535 1956 percipientes,
2565 1887 2900 1956 majestatem
2933 1884 3024 1939 Dei
3059 1885 3111 1938 in
3140 1884 3358 1938 Christo
3384 1883 3610 1937 Domino
3632 1881 3820 1935 animo
3851 1894 3993 1932 com-

759 1972 1091 2039 prehendere
1115 1976 1474 2044 nequiverunt
1494 2018 1508 2040 ,
1543 1977 1663 2032 ideo
1689 1993 1885 2047 negare
1913 1979 2028 2033 ausi
2059 1990 2187 2033 sunt
2213 1995 2226 2043 ;
2255 1988 2307 2032 ct
2337 1988 2607 2034 sectantes
2639 1980 2995 2033 humilitatem
3025 1977 3214 2031 litterae
3240 1991 3270 2030 a
3296 1975 3628 2030 sublimitate
3675 1973 3991 2028 exciderunt

759 2062 1085 2120 Divinitatis.
1128 2065 1203 2121 Ex
1249 2069 1444 2122 horum
1479 2085 1707 2122 numero
1741 2068 1964 2123 fuerunt
2000 2069 2240 2123 Ebionazi
2268 2109 2282 2134 ,
2329 2068 2709 2136 Paulianistre,
2747 2069 3124 2125 Socinianista:
3149 2110 3164 2134 ,
3198 2067 3397 2139 aliique
3442 2065 3668 2120 istorum
3712 2077 3988 2145 sequaces.

757 2155 1118 2224 Quamobrem
1155 2176 1222 2213 ne
1247 2170 1392 2214 recto
1425 2162 1616 2215 itinere
1644 2161 1832 2214 relicto
1855 2200 1869 2221 .
1906 2161 1957 2213 in
1995 2161 2173 2216 brevia
2206 2177 2269 2216 ac
2300 2171 2474 2232 syrtes
2504 2163 2851 2226 aberremus,
2888 2161 2940 2214 in
2974 2177 3031 2215 re
3067 2170 3173 2214 tam
3205 2159 3436 2220 difﬁcili,
3465 2158 3710 2226 tantique
3737 2152 3991 2207 momentl

759 2252 981 2304 omnino
1009 2254 1272 2307 servanda
1303 2269 1332 2306 a
1361 2254 1517 2307 nobis
1545 2262 1627 2307 est
1659 2253 1864 2322 regula,
1893 2269 2056 2323 quam
2087 2255 2187 2308 sibi
2220 2256 2556 2324 sequendam
2591 2253 2875 2323 proposuit
2902 2261 3124 2307 sanctus
3151 2251 3444 2322 Gregorius
3474 2248 3873 2311 Nazianzenus,
3905 2246 3991 2314 qui

758 2342 812 2395 in
837 2345 1082 2396 oratione
1111 2345 1524 2416 quadragesima
1549 2346 1821 2400 secunda:
1859 2366 1876 2397 ι
1902 2344 2032 2411 Nos,
2053 2346 2248 2415 inquit,
2277 2348 2451 2401 media
2479 2346 2712 2415 quadam
2740 2346 2826 2398 via
2852 2345 2992 2398 inter
3016 2359 3110 2399 eos
3127 2346 3220 2415 qui
3246 2345 3513 2399 crassiore
3533 2343 3760 2396 omnino
3783 2340 3994 2410 ingenio

757 2443 905 2496 sunt,
941 2445 992 2488 et
1022 2449 1116 2489 eos
1143 2438 1232 2505 qui
1265 2437 1431 2490 nimio
1458 2438 1933 2506 contemplationis
1959 2448 2011 2490 et
2041 2439 2320 2507 anagogia:
2356 2440 2536 2492 studio
2566 2438 2860 2503 ducuntur,
2895 2437 3224 2500 incedentes,
3251 2447 3434 2492 utnec
3461 2449 3685 2506 prorsus
3710 2433 3914 2486 inertes
3938 2446 3992 2485 ac

758 2528 954 2596 torpidi
993 2545 1309 2585 maneamus
1331 2572 1346 2593 .
1381 2548 1480 2587 nec
1511 2548 1705 2586 rursus
1736 2531 2068 2586 curiosiores
2095 2533 2267 2586 simus
2295 2547 2457 2601 quam
2487 2549 2584 2603 par
2613 2533 2717 2599 sit,
2754 2542 2915 2603 atque
2946 2547 2975 2586 a
3013 2532 3288 2603 proposito
3316 2539 3634 2602 argumento
3681 2526 3992 2581 excidamus

756 2630 808 2675 et
837 2637 1126 2693 evagemur
1154 2625 1406 2692 (alterum
1438 2627 1580 2680 enim
1606 2624 1891 2681 Judaicunt
1922 2626 2324 2696 quodammodo
2351 2637 2401 2682 et
2428 2629 2698 2697 ahjectum
2722 2667 2736 2691 ,
2773 2627 3004 2681 alterum
3039 2626 3276 2694 ineptum
3299 2666 3313 2691 ,
3349 2639 3411 2678 ac
3441 2623 3779 2677 somniorum
3811 2618 3992 2686 conje-

753 2726 906 2773 ctore
937 2719 1158 2788 dignum
1178 2761 1193 2778 .
1220 2735 1510 2791 paremque
1539 2732 1832 2792 utrumque
1858 2723 2332 2792 reprehensionem
2370 2727 2628 2791 meretur)
2654 2763 2668 2786 ,
2694 2722 2758 2775 ad
2793 2721 2937 2775 hunc
2967 2719 3186 2773 modum
3219 2721 3285 2770 de
3328 2716 3412 2769 his
3456 2714 3619 2767 rebus
3652 2726 3753 2781 pro
3801 2711 3992 2762 virium

757 2823 1067 2868 nostrarum
1099 2814 1318 2868 modulo
1351 2831 1458 2869 non
1493 2817 1656 2870 nimis
1683 2817 1918 2870 absurde
1940 2831 2038 2869 nec
2073 2814 2299 2868 ridicule
2322 2815 2709 2868 disseremus.»
2746 2812 3017 2868 Teneatur
3045 2811 3207 2865 etiam
3246 2809 3414 2862 altera
3434 2802 3994 2875 interpretationislex

757 2923 788 2962 a
815 2921 1009 2977 magno
1041 2908 1344 2977 Augustino
1378 2908 1607 2978 aliisque
1638 2905 1892 2960 Patribus
1920 2905 2115 2959 tradita
2136 2945 2150 2968 ,
2186 2915 2243 2959 ut
2291 2913 2403 2959 tum
2433 2905 2606 2959 solum
2640 2904 2942 2974 proprietas
2975 2904 3164 2957 littera:
3194 2901 3564 2969 relinquatur,
3597 2897 3644 2950 si
3675 2911 3744 2950 ex
3777 2895 3995 2950 litterali

755 3001 1105 3072 intelligentia
1130 3002 1400 3056 absurdus
1433 3001 1728 3071 Scriptura:
1758 3014 1978 3065 sensus,
2017 3001 2099 3054 vel
2131 3000 2415 3054 catholica:
2438 2998 2694 3055 Ecclesiae
2721 2999 2982 3054 doctrinae
3005 3009 3058 3052 et
3082 2995 3356 3052 traditioni
3389 2992 3696 3049 contrarius
3723 2990 3991 3045 eliciatur.

757 3095 854 3150 Sin
880 3111 1039 3150 secus
1060 3137 1073 3161 ,
1102 3097 1173 3150 ita
1209 3096 1494 3167 mysticum
1525 3105 1577 3150 et
1605 3095 1954 3166 allegoricum
1986 3111 2204 3151 sensum
2236 3112 2266 3150 a
2298 3095 2550 3150 Patribus
2576 3095 2860 3164 probatum
2897 3093 3051 3164 sequi
3085 3093 3293 3163 placeat
3318 3129 3334 3152 .
3366 3100 3424 3144 ut
3462 3089 3762 3159 proprietas
3807 3087 3996 3140 litterae

756 3199 865 3239 non
894 3186 1225 3254 repudietur.
1262 3184 1434 3240 Verba
1469 3186 1756 3256 Augustini
1790 3186 1843 3240 in
1879 3186 2018 3240 libro
2062 3203 2181 3250 VIII,
2210 3201 2330 3255 cap.
2375 3186 2399 3239 I
2453 3185 2528 3239 De
2565 3186 2747 3240 Genesi
2787 3187 2854 3238 ad
2889 3187 3157 3248 litteram,
3186 3184 3276 3237 ubi
3317 3182 3558 3252 loquitur
3598 3181 3664 3234 de
3707 3179 3993 3249 paradiso,

757 3275 883 3330 talia
913 3285 1072 3330 sunt:
1118 3295 1133 3327 t
1162 3275 1303 3330 Sane
1330 3275 1374 3328 si
1408 3275 1555 3329 nullo
1590 3275 1753 3328 modo
1784 3288 2006 3343 possent
2027 3276 2176 3329 salva
2208 3277 2309 3329 fide
2338 3276 2581 3330 veritatis
2602 3292 2664 3330 ea
2684 3317 2698 3342 ,
2729 3292 2850 3345 quae
2880 3275 3234 3344 corporaliter
3259 3274 3345 3327 hic
3379 3273 3656 3325 nominata
3689 3281 3855 3332 sunt,
3885 3285 3996 3324 cor-

754 3368 1018 3439 poraliter
1039 3369 1202 3423 etiam
1228 3367 1423 3436 accipi,
1455 3367 1585 3436 quid
1616 3368 1762 3420 aliud
1792 3376 2127 3427 remaneret,
2161 3367 2263 3420 nisi
2301 3376 2358 3420 ut
2383 3383 2443 3420 ea
2468 3369 2647 3436 potius
2679 3369 2903 3436 ﬁgurate
2937 3367 3081 3421 dicta
3131 3365 3590 3435 intelligeremus,
3641 3379 3805 3432 quam
3855 3362 3995 3416 Scri-

753 3468 970 3528 pturam
1003 3469 1247 3514 sanctam
1280 3457 1444 3527 impie
1468 3458 1851 3526 culpat-emus?
1883 3457 2051 3512 Porro
2070 3469 2250 3512 autem
2284 3458 2329 3513 si
2367 3474 2470 3512 non
2503 3459 2677 3513 solum
2715 3475 2818 3513 non
2847 3460 3184 3530 impediunt,
3219 3472 3407 3512 verum
3442 3457 3603 3511 etiam
3648 3456 3882 3511 solidius
3915 3469 3996 3509 as-

754 3561 944 3609 serunt
972 3551 1140 3607 divini
1173 3551 1375 3620 eloquii
1403 3552 1766 3606 narrationem
1801 3551 1914 3606 hec
1944 3552 2104 3605 etiam
2137 3551 2490 3620 corporaliter
2520 3553 2789 3608 intellecta
2811 3596 2826 3619 ,
2858 3569 3018 3608 nemo
3041 3554 3179 3617 erit,
3215 3561 3273 3607 ut
3301 3553 3494 3621 opinor
3515 3591 3528 3616 ,
3565 3563 3674 3606 tam
3711 3553 3997 3607 inﬁdeliter

755 3646 1024 3717 pertinax,
1059 3643 1174 3714 qui,
1205 3659 1327 3697 cum
1361 3658 1424 3697 ea
1458 3643 1755 3698 secundum
1788 3643 2027 3710 regulam
2058 3641 2180 3695 ﬁdei
2201 3644 2445 3711 exposita
2471 3645 2685 3712 proprie
2712 3645 2926 3710 viderit,
2953 3646 3105 3699 malit
3140 3646 3192 3698 in
3225 3645 3441 3714 propria
3467 3659 3750 3699 remanere
3775 3655 3996 3699 senten-

753 3741 857 3805 tia,
888 3738 933 3794 si
962 3735 1101 3792 forte
1136 3737 1210 3791 illi
1240 3739 1353 3791 visa
1383 3737 1633 3798 fuerant,
1671 3733 1891 3787 nonnisi
1925 3733 2148 3800 figurate
2181 3747 2337 3800 posse
2365 3734 2557 3802 accipi.
2587 3754 2604 3786 ›
2661 3734 2884 3790 Demum
2920 3737 2985 3789 ad
3039 3737 3153 3790 haac
3195 3746 3247 3790 et
3299 3736 3429 3788 illud
3480 3737 3786 3791 addendum
3829 3746 3996 3806 puto,

751 3834 896 3905 quod
926 3833 1082 3888 docet
1116 3833 1305 3885 beatus
1331 3828 1568 3883 Joannes
1592 3827 2051 3898 Chrysostomus,
2089 3828 2332 3879 omnium
2366 3827 2457 3894 qui
2504 3844 2742 3897 unquam
2794 3829 3013 3883 fuerunt
3063 3838 3156 3882 aut
3202 3841 3328 3884 sunt
3377 3831 3779 3900 Scripturarum
3829 3831 3998 3886 inter—

752 3938 952 3999 pretes,
984 3926 1487 3998 praastantissimus,
1518 3933 1569 3978 et
1595 3922 1740 3993 quod
1774 3937 1965 3976 omnes
2007 3936 2118 3990 pra:
2144 3921 2317 3975 oculis
2354 3921 2551 3975 habere
2581 3923 2797 3988 debent,
2836 3924 2927 3994 qui
2961 3940 3147 3980 sacras
3178 3924 3487 3995 Scripturas
3518 3925 3871 3994 interpretari
3905 3941 3998 3980 aut

752 4021 929 4092 legere
954 4021 1371 4092 aggrediuntur:
1409 4036 1425 4066 i
1451 4016 1634 4085 Neque
1677 4014 1821 4069 enim
1847 4056 1861 4080 ,
1911 4015 2088 4084 inquit
2129 4017 2270 4084 (3i),
2318 4016 2580 4084 sapientia
2638 4017 2874 4072 humana
2927 4035 3064 4088 opus
3097 4018 3258 4074 habet
3283 4020 3462 4074 divina
3499 4020 3814 4090 Scriptura,
3851 4031 3910 4074 ut
3936 4035 3996 4073 ea

751 4130 875 4186 qua:
903 4115 1100 4183 scripta
1130 4123 1277 4172 sunt,
1311 4109 1698 4177 intelligantur,
1736 4106 1827 4159 sed
1855 4105 2182 4160 revelatione
2211 4104 2467 4174 Spiritus,
2498 4115 2556 4160 ut
2581 4122 2766 4161 verum
2798 4123 3018 4162 sensum
3042 4124 3230 4164 eorum
3261 4126 3382 4181 quas
3407 4111 3459 4165 in
3486 4112 3592 4167 illis
3621 4115 3995 4170 continentur:

753 4209 1130 4281 percipientes,
1166 4219 1416 4275 magnam
1449 4202 1571 4255 inde
1602 4199 1901 4254 referamus
1934 4198 2240 4252 utilitatem.
2268 4219 2284 4248 ι

823 4301 963 4356 XIX.
997 4299 1262 4354 Caeterum
1314 4295 1575 4366 mysticus
1622 4310 1714 4348 seu
1758 4292 2080 4361 allegoricus
2117 4290 2522 4360 Scripturarum
2553 4307 2747 4348 sensus
2798 4297 3122 4350 auctoritate
3156 4294 3289 4348 Novi
3342 4294 3674 4349 Testamenti
3719 4297 3994 4351 innititur.

751 4400 964 4455 Passim
989 4399 1134 4452 enim
1161 4403 1456 4450 occurrunt
1480 4395 1531 4445 in
1572 4389 1881 4462 Evangeliis
1913 4398 1965 4441 et
1989 4387 2264 4442 canonicis
2296 4388 2551 4458 Epistolis
2582 4389 2794 4459 mystici
2827 4405 2996 4445 sacrae
3027 4389 3320 4459 Scriptura:
3345 4406 3538 4444 sensus
3585 4401 3640 4445 et
3689 4392 3997 4464 allegorica.-

751 4495 1159 4568 explicationes.
1183 4490 1359 4557 Quare
1393 4501 1620 4555 magnus
1647 4483 1941 4554 Gregorius
1967 4497 2246 4553 exponens
2276 4481 2524 4538 Romano
2552 4483 2753 4554 populo
2785 4483 3094 4553 parabolam
3120 4484 3266 4538 illam
3297 4484 3362 4539 de
3390 4483 3608 4538 homine
3635 4486 3731 4552 qui
3755 4487 3997 4543 exiverat

750 4587 816 4640 ad
841 4582 1216 4640 seminandum
1235 4620 1248 4642 ,
1280 4587 1422 4632 recte
1455 4577 1665 4630 aiebat:
1695 4596 1712 4625 ι
1744 4573 1800 4628 Si
1835 4587 1932 4628 nos
1957 4573 2109 4628 vobis
2134 4588 2318 4627 semen
2345 4574 2567 4629 verbum
2593 4613 2608 4637 ,
2642 4590 2831 4644 agrum
2867 4574 3128 4630 mundum
3147 4614 3162 4638 ,
3192 4577 3439 4629 volucres
3465 4575 3734 4629 dmmonia
3763 4617 3778 4640 ,
3809 4579 3998 4647 spinas

748 4677 968 4733 divitias
995 4674 1300 4745 signiﬁcare
1329 4671 1667 4730 diceremus,
1695 4667 1760 4721 ad
1787 4667 2118 4721 credendum
2158 4666 2314 4720 nobis
2357 4683 2508 4723 mens
2544 4666 2771 4722 forsitan
2807 4678 2983 4722 vestra
3020 4669 3324 4735 dubitaret;
3358 4670 3497 4724 unde
3529 4679 3580 4724 et
3616 4669 3760 4724 idem
3807 4670 3996 4725 Domi-

750 4783 854 4822 nus
881 4782 974 4835 per
1013 4761 1362 4830 semetipsum
1395 4757 1645 4826 dignatus
1671 4765 1756 4810 est
1787 4771 2058 4824 exponere
2089 4754 2232 4824 quod
2266 4756 2478 4811 dicebat
2499 4799 2513 4823 ,
2546 4766 2604 4810 ut
2638 4758 2826 4813 sciatis
2859 4774 3038 4813 rerum
3081 4760 3504 4830 significationes
3531 4776 3780 4828 quaerere
3827 4763 3880 4817 in
3932 4765 3998 4818 iis

747 4863 912 4916 etiam
945 4873 1065 4927 quae
1092 4873 1186 4926 per
1215 4854 1564 4922 semetipsum
1595 4847 1769 4903 noluit
1794 4847 2089 4915 explicare.
2120 4846 2450 4915 Exponendo
2481 4865 2608 4920 ergo
2636 4852 2779 4922 quod
2815 4852 2985 4918 dixit,
3017 4852 3243 4923 ﬁgurate
3275 4867 3333 4907 se
3367 4853 3512 4922 loqui
3547 4853 3788 4907 ittnotuit
3811 4894 3826 4918 ,
3862 4872 4002 4925 qua-

749 4967 906 5009 tenus
935 4959 1114 5005 certos
1140 4963 1237 5002 vos
1270 4947 1546 5006 redderet,
1582 4957 1703 4996 cum
1734 4940 1886 4995 vobis
1924 4947 2107 4992 nostra
2136 4937 2399 5008 fragilitas
2432 4942 2716 4995 verborum
2755 4945 2900 4998 illius
2933 4945 3130 5015 ﬁguras
3159 4946 3413 5015 aperiret.
3443 4965 3460 4996 »
3506 4945 3571 4999 Et
3597 4949 3820 5016 quidem
3873 4960 3999 5018 quis

751 5058 988 5113 unquam
1025 5040 1127 5095 sibi
1155 5037 1499 5107 persuaderet
1528 5049 1621 5104 per
1646 5033 1786 5086 duos
1822 5030 2053 5084 Abrahae
2085 5029 2224 5084 ﬁlios
2247 5071 2260 5093 ,
2290 5046 2523 5099 quorum
2560 5050 2699 5088 unus
2726 5048 2885 5088 natus
2907 5037 3077 5091 estde
3105 5037 3299 5092 ancilla
3322 5079 3336 5105 ,
3368 5038 3502 5092 alter
3537 5038 3603 5092 de
3643 5039 3815 5093 libera
3843 5083 3860 5104 ,
3889 5041 4001 5094 duu

749 5136 1092 5192 Testamenta
1117 5129 1444 5201 signiﬁcari,
1479 5142 1645 5180 unum
1673 5125 1892 5193 quidem
1928 5138 1978 5174 in
2005 5130 2187 5176 monte
2217 5121 2345 5175 Sina
2375 5123 2425 5175 in
2462 5126 2778 5178 servitutem
2828 5141 3093 5196 generans
3120 5145 3134 5192 ;
3165 5128 3394 5183 alterum
3422 5145 3550 5184 vero
3582 5131 3635 5182 in
3681 5130 3997 5186 libertatem

747 5232 982 5284 ﬁliorum
1017 5225 1144 5290 Dei,
1179 5239 1284 5292 qua
1314 5221 1568 5276 Christus
1600 5233 1699 5272 nos
1726 5215 1949 5268 donavit
1976 5215 2029 5266 ‘?
2058 5213 2192 5280 Qnis
2218 5216 2459 5269 crederet
2485 5233 2580 5285 per
2607 5217 2942 5273 sacerdotem
2968 5219 3358 5276 Melchisedech
3386 5231 3648 5275 atomum
3679 5225 3996 5290 pontiﬁcem

745 5322 1023 5376 Christum
1053 5316 1397 5377 Dominum’,
1427 5328 1523 5382 per
1545 5307 1953 5363 tabernaculum
1988 5307 2186 5359 caelum
2207 5307 2244 5370 ³,
2273 5320 2365 5373 per
2393 5307 2713 5376 sanguinem
2753 5312 3050 5374 hircorum,
3085 5321 3138 5365 et
3170 5310 3463 5364 vitulorum
3494 5312 3822 5382 sanguinem
3851 5315 4001 5383 ejus-

745 5411 868 5466 dem
901 5406 1106 5462 Christi
1129 5404 1340 5458 Domini
1363 5443 1375 5464 ,
1409 5416 1496 5471 per
1533 5397 1733 5452 Sancta
1765 5403 2080 5448 sanctorum
2110 5393 2336 5449 interius
2364 5396 2485 5448 cteli
2527 5397 2732 5453 aditum
2767 5401 3150 5455 adumbratum’
3187 5399 3432 5457 fuisse“!
3475 5400 3609 5468 Quis
3662 5401 3715 5454 in
3746 5404 3998 5458 animum

816 5527 833 5558 ¹
862 5525 1035 5581 Galat.
1074 5539 1145 5585 Iv,
1179 5521 1270 5580 22,
1301 5520 1393 5582 23,
1430 5535 1579 5588 seqq.
1656 5517 1675 5546 ²
1703 5513 1864 5568 Hebr.
1905 5528 2023 5575 vin,
2055 5511 2079 5564 I
2119 5527 2272 5580 seqq.
2370 5513 2390 5544 ³
2418 5512 2580 5568 Hebr.
2609 5532 2722 5582 vin,
2752 5517 2784 5570 5
2811 5533 2961 5588 seqq.
3041 5519 3062 5549 δ
3093 5515 3255 5572 Hebr.
3283 5533 3356 5583 Ix,
3383 5517 3439 5581 5,
3465 5518 3524 5570 II
3565 5533 3722 5588 seqq.

817 5640 929 5712 (30)
954 5639 1148 5712 Epiph.
1180 5640 1307 5693 haar.
1343 5653 1489 5691 uexit
1521 5678 1534 5700 ,
1567 5651 1684 5705 cap.
1717 5633 1750 5686 2
1776 5651 1791 5698 ;
1821 5631 1964 5686 Hier.
1991 5630 2143 5699 praef.
2179 5632 2325 5685 hom.
2347 5633 2399 5685 in
2428 5634 2652 5700 Matt/L;
2680 5636 2825 5707 Orig.
2858 5639 3004 5692 hom.
3031 5639 3082 5692 in
3115 5637 3240 5693 Luc.
3264 5656 3281 5703 ,'
3304 5637 3408 5692 Tit.
3436 5636 3714 5703 Bostren.,
3743 5637 4001 5711 Theoph.

743 5715 812 5768 ad
829 5711 918 5781 ’pr.
943 5711 1073 5764 Luc.

818 5777 931 5851 (⁷51)
960 5781 1113 5836 Ηοηι.
1150 5781 1203 5833 in
1235 5777 1417 5833 Cenes.
