4090 6312
189 372 284 425 617
884 368 970 422 DE
1011 365 1286 423 TlTULlS
1325 364 1771 423 PSALMORUM.
1809 396 1877 404 —
1919 365 2300 421 ANTONELLI
2342 364 2728 422 FRACFATIO.
3292 367 3392 421 ωδ

190 504 343 545 suum
379 487 656 542 induceret
686 503 778 556 per
814 489 1060 541 animalia
1085 530 1099 552 ,
1133 504 1359 556 quorum
1392 488 1611 557 sanguis
1639 487 1964 541 inferebatur
1993 503 2090 557 pro
2115 497 2336 557 peccato
2368 488 2418 540 in
2453 486 2648 541 Sancta
2681 502 2774 557 per
2798 487 3098 556 pontiﬁcem
3123 525 3137 550 ,
3170 502 3392 556 corpora

187 588 361 632 autem
389 579 765 633 cremabantur
787 589 936 632 extra
971 588 1147 632 castra
1175 622 1189 644 ,
1221 579 1510 632 iudicatum
1539 593 1657 632 esse
1686 577 1889 643 Jesum,
1923 588 1981 632 ut
2004 578 2363 632 sanctiticaret
2408 594 2502 648 per
2528 594 2683 633 suum
2738 579 3051 648 sanguinem
3089 579 3346 646 populum
3375 617 3390 641 ,

187 682 334 725 extra
379 683 585 741 portam
619 672 849 726 cisitatis
875 672 1171 727 Jerusalem
1215 690 1500 742 passurum
1545 689 1696 736 esse;
1760 675 1862 727 nisi
1908 675 2021 728 lucc
2047 675 2225 728 divina
2256 684 2308 728 et
2331 674 2642 728 admiranda
2669 675 2919 744 mysteria
2943 675 3095 727 nobis
3117 673 3391 742 apostolus

186 760 386 818 Paulus
415 765 718 833 aperiret“!
751 764 915 834 Cujus
946 765 996 818 in
1029 774 1260 820 mentem
1296 781 1534 835 unquam
1567 766 1816 830 venisset,
1846 781 1937 834 per
1963 765 2164 828 Adam,
2199 766 2290 835 qui
2318 765 2561 820 immisso
2600 781 2628 818 a
2662 764 2886 818 Domino
2927 778 3119 833 sopore
3141 805 3156 828 ,
3194 771 3247 816 et
3295 771 3380 830 pc!

187 855 346 910 Eram
369 898 384 920 ,
411 873 571 926 quam
602 872 666 911 ex
711 858 1028 912 dormientis
1058 867 1208 912 costa
1245 857 1298 911 in
1324 859 1602 912 mulierem
1634 857 1775 915 Deus
1803 859 2143 922 aediﬁcavit“,
2174 867 2228 913 et
2257 859 2322 911 de
2355 872 2458 926 qua
2499 856 2701 911 dictum
2735 858 2848 910 cst."
2879 876 2890 910 :
2926 855 3273 922 Quamobrem
3304 871 3387 906 re-

187 951 384 1018 linquet
415 951 565 1003 homo
589 960 785 1019 patrem
827 968 978 1004 suum
999 992 1013 1017 ,
1037 961 1085 1004 et
1116 962 1328 1004 matrem
1351 992 1365 1015 ,
1392 961 1439 1004 et
1469 953 1750 1006 adlia'rebit
1775 955 1928 1007 uxori
1950 969 2077 1018 suae,
2098 961 2146 1005 et
2176 959 2326 1004 erant
2352 951 2453 1003 duo
2488 950 2540 1001 in
2568 967 2724 1004 carne
2746 967 2848 1002 una
2873 965 2889 1002 :
2914 949 3190 1004 Christum
3222 947 3386 1016 signi-

187 1043 330 1094 licari
355 1049 409 1094 et
435 1039 748 1106 Ecclesium,
779 1058 900 1112 qua:
931 1058 995 1097 es
1027 1043 1190 1096 latere
1212 1041 1415 1097 Christi
1439 1043 1648 1098 Domini
1674 1045 1938 1115 sanguine
1967 1054 2020 1100 et
2047 1060 2184 1114 aqua
2206 1044 2404 1099 ﬂuente
2433 1042 2822 1097 obdormientis
2854 1043 2904 1095 in
2927 1058 3108 1105 cruce,
3142 1040 3387 1094 immisso

188 1137 508 1190 voluntaria:
542 1138 730 1192 mortis
757 1151 950 1207 sopore
972 1179 987 1202 ,
1017 1137 1291 1193 eﬁ‘ormata
1317 1149 1400 1193 est
1422 1177 1437 1205 ,
1467 1149 1520 1194 et
1553 1141 1813 1210 sanguine
1841 1141 2009 1209 ipsius
2042 1141 2312 1205 redempta
2331 1179 2346 1202 ,
2373 1145 2427 1192 et
2459 1153 2597 1207 aqua
2625 1138 2871 1206 baptismi
2904 1135 3233 1190 sanctiﬁcata
3257 1173 3272 1197 ,
3318 1134 3390 1187 ob

187 1245 350 1299 quam
389 1231 604 1299 reliquit
634 1229 744 1300 (52)
781 1241 1039 1286 aeternum
1079 1247 1236 1285 suum
1273 1231 1482 1286 Patrem
1509 1275 1524 1297 ,
1561 1232 1892 1287 descendens
1923 1233 2034 1302 ipse
2063 1234 2126 1287 de
2149 1233 2306 1293 coelo,
2338 1242 2396 1286 ut
2421 1233 2708 1286 humanam
2737 1245 2951 1285 carnem
2997 1228 3310 1296 susciperet,
3338 1234 3389 1278 rt

182 1326 420 1380 deseruit
453 1336 698 1393 matrem,
723 1342 912 1396 nempe
943 1327 1205 1397 ingratam
1229 1339 1282 1382 et
1308 1328 1638 1382 iucrcdulam
1667 1326 2023 1397 Synagogam,
2048 1329 2185 1384 unde
2210 1328 2492 1397 originem,
2519 1337 2578 1381 ut
2607 1328 2789 1390 homo,
2819 1325 3068 1385 ducebat,
3102 1332 3160 1376 ut
3186 1322 3387 1376 scilicet

181 1418 480 1473 adiuereret
513 1418 764 1474 Ecclesia:
792 1418 1062 1483 ﬁdelium,
1095 1429 1149 1473 et
1172 1420 1292 1488 ejus
1326 1431 1487 1490 caput
1513 1421 1778 1475 exsistens
1811 1420 2094 1489 mysticum
2132 1420 2260 1476 illud
2289 1436 2484 1490 corpus
2508 1418 2846 1483 eﬁ‘ormarct;
2892 1416 2994 1469 nisi
3030 1416 3168 1468 idem
3199 1414 3386 1468 beatus

181 1514 460 1582 apostolus
488 1512 841 1567 admiratione
876 1512 1284 1581 obstupefactus
1313 1515 1376 1566 ad
1407 1514 1496 1566 illa
1523 1513 1684 1568 verba
1719 1513 1960 1568 clamans
1992 1514 2195 1568 diceret
2222 1532 2234 1567 :
2277 1513 2675 1567 Sacramcntum
2715 1513 2808 1563 hoc
2852 1525 3097 1578 magnum
3127 1518 3243 1571 est;
3297 1523 3387 1577 ego

181 1617 360 1658 autem
381 1607 498 1657 dico
525 1605 579 1657 in
603 1602 830 1669 Christo,
861 1611 907 1656 et
941 1605 996 1656 in
1030 1605 1321 1660 Ecclesia“.
1351 1605 1483 1671 Quis
1505 1605 1638 1666 hinc,
1663 1612 1718 1657 et
1745 1604 1975 1673 plurima
2005 1604 2130 1670 alia,
2164 1621 2282 1674 qua:
2313 1606 2366 1658 in
2391 1606 2588 1658 divinis
2608 1603 2756 1657 Pauli
2792 1604 2984 1657 litteris
3019 1603 3386 1667 continentur,

181 1717 422 1771 unquam
453 1700 720 1757 crederet.
751 1699 854 1754 nisi
883 1716 946 1755 ea
978 1716 1075 1755 nos
1104 1702 1289 1754 beatus
1316 1701 1592 1769 apostolus
1621 1700 1908 1754 edoceret?
1933 1699 2114 1770 Neque
2147 1699 2265 1754 ideo
2291 1697 2545 1768 Origenes
2577 1698 2985 1768 reprehenditur
3009 1697 3076 1750 ab
3106 1695 3387 1750 Eustathio

179 1805 420 1864 martyre
443 1794 775 1848 Antiocheno
808 1795 917 1864 (33)
941 1834 954 1858 ,
984 1810 1014 1848 a
1045 1810 1240 1863 magno
1269 1793 1465 1849 Basilio
1489 1795 1598 1864 (54)
1620 1835 1634 1856 ,
1663 1794 1870 1849 Joanne
1899 1795 2284 1866 Chrysostomo
2312 1794 2421 1863 (55)
2443 1834 2457 1855 ,
2489 1793 2816 1863 Epiphanio,
2852 1791 3168 1861 TheOphilo,
3201 1791 3390 1845 Hiero-

177 1903 347 1958 nymo
373 1886 483 1958 (56)
507 1925 521 1950 ,
548 1887 795 1956 aliisque,
829 1886 972 1954 quod
999 1885 1293 1954 spiritalem
1327 1885 1728 1955 Scripturarum
1761 1902 1978 1941 sensum
2004 1885 2334 1954 exposuerit,
2371 1885 2449 1939 vel
2473 1884 2616 1953 quod
2648 1883 2846 1953 ingenii
2875 1883 3091 1936 solertia
3129 1882 3384 1945 caruerit,

178 1995 290 2051 qua
318 1980 595 2050 mysticus,
629 1993 773 2048 quos
802 1993 986 2033 revera
1021 1978 1391 2047 complectitur
1427 1978 1704 2047 Scriptura
1731 1993 1943 2043 sensus,
1971 1978 2348 2046 investigaret;
2383 1977 2475 2031 sed
2499 1976 2640 2046 quod
2665 1991 2725 2029 ea
2753 1976 2804 2028 in
2835 1988 2894 2029 re
2921 1974 3145 2027 nimium
3174 1973 3388 2041 ingenio

178 2087 285 2126 suo
317 2072 614 2134 indulserit,
645 2079 698 2125 et
735 2078 914 2140 spreto
937 2071 1148 2125 litterali
1177 2086 1337 2126 sensu
1367 2071 1648 2140 allegorias
1674 2070 1943 2139 quaesierit
1974 2069 2106 2124 locis
2128 2070 2508 2139 propemodum
2534 2067 2850 2132 innumeris,
2885 2082 2915 2120 a
2946 2065 3140 2135 quibus
3166 2080 3384 2134 prorsus

176 2164 375 2217 alienae
405 2170 550 2217 sunt.

248 2253 370 2308 XX.
396 2251 455 2308 Et
483 2252 696 2324 quidem
727 2261 933 2310 veteres
971 2251 1222 2309 Ecclesiae
1261 2251 1512 2308 doctores
1539 2253 1699 2307 etiam
1727 2253 1820 2308 ubi
1854 2253 2023 2308 sacris
2055 2252 2347 2323 Scripturis
2375 2253 2704 2322 explicandis
2735 2252 3016 2306 litteralem
3045 2251 3222 2321 potius
3261 2265 3386 2305 sen-

174 2363 302 2404 sum
333 2364 496 2419 quam
529 2349 872 2420 allegoricum
898 2349 1066 2403 secuti
1101 2355 1258 2412 sunt,
1289 2347 1583 2417 spiritalem
1617 2356 1793 2403 tamen
1817 2364 1881 2403 ac
1911 2349 2194 2418 mysticum
2231 2358 2530 2416 agnoscunt
2553 2365 2615 2402 ac
2641 2351 2888 2417 probant,
2913 2361 2965 2404 et
2997 2349 3226 2418 primum
3264 2362 3386 2402 cor-

175 2441 326 2511 pori,
356 2441 583 2494 alterum
615 2455 741 2494 vero
768 2439 960 2494 anima:
975 2447 1308 2507 comparant.
1330 2438 1694 2494 Tertullianus
1720 2455 1883 2510 agens
1899 2441 1965 2495 de
1992 2438 2246 2494 Oratione
2273 2439 2550 2496 Dominica
2579 2441 2691 2509 (57)
2716 2460 2727 2494 :
2765 2461 2780 2492 ι
2806 2440 3149 2510 Quanquam,
3183 2441 3381 2510 inquit.

174 2535 384 2589 Panem
436 2543 669 2588 nostrum
716 2536 1076 2603 quotidianum
1127 2535 1197 2588 da
1247 2535 1393 2590 nobis
1445 2535 1618 2600 hodie,
1675 2536 1988 2606 spiritaliter
2036 2532 2217 2604 potius
2288 2535 2669 2605 intelligamus.
2723 2536 2970 2590 Christus
3027 2536 3169 2588 enim
3225 2535 3379 2603 panis

175 2636 365 2682 noster
395 2635 494 2688 est,
529 2626 654 2695 quia
690 2626 791 2680 vita
816 2624 1085 2691 Christus,
1115 2636 1168 2682 et
1193 2628 1299 2682 vita
1322 2628 1494 2697 panis,
1519 2635 1620 2680 etc.
1651 2625 1833 2694 Itaque
1859 2628 2085 2694 petendo
2109 2643 2298 2695 panem
2327 2629 2722 2697 quotidianum,
2761 2627 3164 2697 perpetuitatem
3196 2637 3384 2695 postu-

175 2718 360 2774 lamus
389 2720 442 2773 in
475 2718 710 2787 Christo,
744 2730 796 2774 et
824 2721 1249 2776 iudividuitatem
1279 2738 1310 2776 a
1342 2736 1566 2790 corpore
1589 2720 1727 2791 ejus.
1763 2719 1868 2775 Sed
1912 2731 1964 2775 et
1997 2723 2121 2790 quia
2163 2723 2449 2777 carnaliter
2481 2723 2784 2776 admittitur
2815 2722 2916 2777 ista
2972 2738 3098 2782 vox.
3127 2737 3234 2775 non
3267 2721 3385 2776 sine

173 2816 442 2886 religione
464 2824 637 2885 potest
661 2815 774 2870 ﬁeri
801 2825 854 2870 et
886 2816 1142 2884 spiritalis
1167 2816 1481 2886 disciplime.
1519 2815 1719 2870 Panem
1747 2815 1891 2871 enim
1921 2817 2029 2870 neti
2066 2817 2303 2882 mandat,
2338 2817 2481 2886 quod
2523 2817 2696 2872 solum
2745 2816 2989 2872 ﬁdelibus
3017 2818 3380 2872 necessarium

172 2919 293 2974 est;
318 2917 509 2963 caetera
540 2909 683 2963 enim
715 2909 959 2962 nationes
988 2909 1288 2978 requirunt.
1325 2909 1427 2966 Ubi
1465 2911 1699 2966 dictione
1729 2911 1818 2965 illa
1850 2913 2162 2981 spiritaliter
2190 2913 2536 2982 allegoricum
2564 2921 2616 2967 et
2640 2914 2921 2983 mysticum
2945 2913 3227 2966 verborum
3257 2928 3379 2966 sen-

175 3019 330 3066 sum,
368 3003 458 3057 illa
486 3017 612 3057 vero
642 3003 923 3057 carnaliter
951 3003 1226 3060 lilteralem
1269 3006 1552 3076 signiﬁcat.
1585 3025 1603 3059 ι
1642 3005 1751 3062 Nec
1781 3007 2112 3062 dissimiliter
2139 3009 2512 3064 sanctissimus
2551 3018 2752 3079 martyr
2781 3007 3079 3079 Cyprianus
3101 3009 3384 3063 Tertullia-

178 3114 340 3164 num,
374 3113 532 3168 quem
580 3099 894 3169 magistrum
924 3101 1166 3167 vocabat,
1201 3112 1440 3167 secutus,
1475 3103 1700 3171 loquens
1725 3101 1792 3156 de
1820 3103 2005 3156 eadem
2040 3101 2312 3157 Orationis
2355 3103 2646 3158 Dominicae
2678 3104 2932 3173 petitione
2975 3105 3086 3174 (38)
3125 3123 3138 3158 :
3179 3123 3197 3156 ‹
3229 3107 3382 3171 Quod

175 3200 386 3264 potest,
411 3193 504 3258 ait,
539 3202 591 3248 et
619 3195 951 3264 spiritaliter,
999 3204 1051 3248 et
1080 3195 1396 3264 simpliciter
1428 3197 1650 3268 intelligi
1687 3215 1701 3251 :
1733 3197 1860 3266 quia
1891 3206 1944 3253 et
1973 3206 2198 3268 uterque
2247 3198 2554 3254 intellectus
2586 3200 2815 3254 utilitate
2850 3200 3030 3255 divina
3079 3201 3288 3270 proﬁcit
3315 3203 3380 3255 ad

175 3290 434 3345 salutem.
466 3287 597 3343 Nam
627 3290 779 3359 panis
805 3290 925 3344 vitae
967 3287 1218 3344 Christus
1254 3299 1355 3354 est,
1402 3301 1454 3345 et
1485 3293 1639 3361 panis
1678 3293 1765 3347 hic
1799 3293 2042 3348 omnium
2076 3309 2183 3348 non
2207 3301 2310 3360 est,
2346 3294 2437 3350 sed
2469 3301 2652 3349 noster
2679 3303 2782 3358 est,
2816 3303 2919 3350 etc.
2953 3293 3132 3350 Potest
3168 3308 3293 3349 vero
3330 3305 3384 3348 et

175 3385 260 3440 sic
288 3384 532 3454 intelligi,
568 3395 622 3438 ut
650 3384 739 3453 qui
771 3384 967 3439 saeculo
999 3386 1445 3453 renuntiavimus,
1482 3395 1535 3442 et
1573 3389 1789 3444 divitias
1819 3390 1959 3461 ejus,
2005 3398 2060 3445 et
2091 3405 2313 3460 pompas
2363 3390 2464 3444 ﬁde
2510 3390 2693 3461 gratiae
2727 3391 3021 3461 spiritualis
3065 3391 3379 3459 abjecimus,

172 3479 363 3532 cibum
397 3477 552 3532 nobis
584 3488 788 3532 tantum
830 3489 1074 3549 petamus
1106 3489 1161 3535 et
1199 3482 1421 3539 victum.
1461 3483 1833 3551 sQuibuscum
1870 3486 2138 3540 consentit
2170 3486 2357 3540 beatus
2384 3485 2714 3556 Augustinus
2739 3485 2872 3557 (59),
2905 3487 2998 3556 qui
3046 3485 3269 3556 loquens
3316 3487 3381 3542 de

174 3569 438 3639 paradiso
466 3571 533 3624 ah
561 3567 788 3640 Origene
811 3572 1034 3642 ejusque
1061 3572 1339 3643 discipulis
1369 3592 1474 3629 non
1498 3577 1731 3646 pr0prie,
1767 3577 1858 3631 sed
1882 3578 2105 3645 ﬁgurate
2134 3577 2405 3632 intellecto
2434 3595 2447 3630 :
2484 3596 2502 3628 ε
2538 3577 2703 3642 Quasi
2722 3587 3023 3648 propterea,
3055 3579 3248 3649 inquit,
3272 3593 3380 3633 non

173 3661 554 3730 potueritesse
582 3665 861 3732 paradisus
885 3665 1199 3733 corporalis,
1222 3665 1347 3734 quia
1381 3675 1556 3735 potest
1601 3666 1763 3720 etiam
1811 3665 2067 3735 spiritalis
2098 3667 2359 3738 intelligi?
2389 3667 2670 3737 Tanquam
2713 3668 2834 3723 ideo
2876 3683 2984 3722 non
3035 3667 3235 3723 fuerint
3263 3669 3382 3724 dum

176 3753 461 3818 mulieres,
504 3753 645 3824 Agar
682 3763 734 3808 et
761 3753 914 3820 Sara,
941 3764 994 3809 et
1024 3770 1089 3810 ex
1121 3756 1227 3811 illis
1268 3757 1375 3811 duo
1407 3757 1501 3811 ﬁlii
1539 3755 1787 3820 Abrahae,
1820 3773 1962 3812 unus
1991 3758 2057 3812 de
2095 3758 2312 3822 ancilla,
2342 3767 2396 3815 et
2423 3758 2563 3814 alius
2593 3759 2659 3814 de
2684 3759 2886 3824 libera;
2924 3759 3050 3829 quia
3079 3759 3187 3812 duo
3217 3766 3382 3812 testa-

175 3859 364 3903 menta
400 3850 456 3902 in
491 3850 571 3903 eis
603 3849 824 3920 ﬁgurata
861 3850 990 3904 dicit
1018 3853 1459 3921 Apostolus;aut
1505 3854 1624 3908 ideo
1649 3854 1714 3908 de
1746 3855 1890 3908 nulla
1930 3862 2102 3924 petra,
2129 3854 2310 3926 Moyse
2355 3855 2706 3921 percutiente,
2740 3869 2876 3924 aqua
2907 3852 3208 3916 deﬂuxerit,
3253 3853 3379 3921 quia

172 3949 360 4008 potest
401 3940 508 3995 illic
568 3940 790 4011 ﬁgurata
834 3941 1221 4012 signiﬁcatione
1253 3944 1412 3998 etiam
1457 3944 1704 3999 Christus
1741 3944 1984 4014 intelligi,
2036 3945 2222 3999 eodem
2270 3946 2528 4014 Apostolo
2572 3946 2821 4000 dicente:
2856 3943 3013 3997 Petra
3063 3953 3236 3996 autem
3268 3951 3380 3995 erat

173 4036 424 4092 Christus
441 4037 503 4092 δ’.
535 4035 700 4092 Nemo
728 4038 904 4106 itaque
946 4039 1189 4108 prohibet
1222 4039 1512 4110 intelligere
1541 4041 1873 4109 paradisum,
1910 4039 2072 4093 vitam
2107 4039 2424 4103 beatorum;
2456 4048 2687 4109 quatuor
2718 4039 2835 4107 ejus
2868 4037 3109 4104 ﬁumina,
3147 4044 3379 4106 quatuor

173 4135 433 4195 virtutes,
469 4140 570 4187 etc.
601 4130 725 4186 Haec
765 4131 896 4186 etsi
941 4148 1045 4201 qua
1096 4134 1199 4186 alia
1245 4134 1582 4188 commodius
1629 4133 1735 4189 dici
1765 4143 1991 4203 possunt
2021 4132 2088 4186 de
2135 4132 2480 4202 intelligendo
2529 4132 2836 4202 Spiritaliter
2860 4131 3131 4200 paradiso,
3165 4128 3378 4184 nemine

171 4228 522 4301 prohibente,
556 4226 804 4280 dicantur
832 4245 846 4282 :
872 4228 1000 4282 dum
1027 4237 1202 4281 tamen
1235 4228 1379 4284 illius
1413 4229 1648 4284 historiae
1673 4230 1867 4284 veritas
1901 4227 2213 4283 ﬁdelissima
2248 4244 2426 4282 rerum
2459 4237 2728 4299 gestarum
2761 4228 3070 4281 narratione
3108 4238 3379 4280 commen-

169 4328 304 4383 data
337 4333 602 4379 teneatur.
637 4343 656 4375 ι
677 4322 770 4379 llis
793 4335 968 4380 autem
999 4325 1119 4379 addi
1156 4333 1382 4395 possunt
1407 4326 1585 4380 caeteri
1609 4342 1796 4382 omnes
1817 4325 2003 4381 Patres
2029 4334 2292 4394 quotquot
2314 4325 2368 4378 in
2395 4325 2629 4380 Ecclesia
2662 4323 2756 4380 Dei
2772 4322 3066 4379 ﬂoruerunt
3095 4322 3163 4377 ab
3185 4326 3376 4376 exortu

167 4417 505 4473 Christiana:
525 4414 648 4470 ﬁdei
673 4415 738 4469 ad
759 4424 1026 4484 postrema
1049 4430 1218 4484 usque
1251 4425 1304 4470 et
1323 4416 1467 4470 aetati
1503 4425 1703 4470 nostra:
1729 4420 1981 4486 pr0piora
2016 4416 2226 4471 sacula.
2258 4416 2618 4481 Quamobrem
2651 4425 2860 4470 tantum
2901 4418 3070 4482 abest,
3107 4424 3166 4470 ut
3192 4422 3378 4470 nostra

170 4509 518 4563 Psalmorum
545 4506 843 4571 translatio,
872 4522 966 4562 seu
993 4507 1381 4576 interpretatio,
1412 4523 1520 4577 qua
1549 4507 1886 4562 Psalmorqu
1943 4508 2103 4562 verba
2139 4507 2204 4561 de
2234 4507 2456 4562 Christo
2480 4517 2532 4562 et
2555 4508 2794 4562 Ecclesia
2826 4509 3184 4577 explicantur,
3206 4507 3375 4561 Atha-

168 4605 362 4669 nasio,
391 4603 546 4673 cujus
569 4618 766 4660 nomen
805 4604 1118 4673 inscriptum
1157 4614 1260 4666 est,
1309 4605 1475 4660 adimi
1515 4606 1725 4671 debeat,
1770 4607 1854 4660 vel
1889 4611 2147 4674 tauquam
2188 4605 2364 4673 inepta
2401 4619 2465 4658 ac
2502 4604 2726 4673 puerilis
2764 4619 2794 4658 a
2826 4606 3056 4660 sensatis
3084 4604 3213 4658 viris
3237 4611 3292 4658 et
3325 4602 3377 4655 in

250 4765 276 4797 '
297 4763 461 4819 Hebr.
492 4779 606 4829 stu,
638 4763 718 4827 Η,
749 4761 834 4816 12.
908 4763 928 4793 ⁸
954 4761 1148 4818 Cenes.
1179 4779 1236 4828 ιι,
1261 4765 1348 4818 2|.
1422 4766 1443 4796 ν
1471 4765 1598 4819 ibid.
1621 4762 1710 4816 2t.
1785 4762 1806 4794 ⁸
1837 4764 1865 4818 Ε

1095 4778 1148 4816 :s.
1179 4779 1236 4828 ιι,
1261 4765 1348 4818 21.
1422 4766 1443 4796 ⁷
1471 4765 1598 4819 ibid.
1621 4762 1710 4816 2L
1785 4762 1806 4794 ⁸
1837 4764 2031 4834 Ephes.
2062 4781 2114 4829 ν,
2136 4766 2220 4820 52.
2297 4765 2339 4797 ⁸·
2368 4764 2384 4817 l
2414 4763 2542 4818 COr.
2575 4781 2628 4828 χ,
2660 4764 2710 4818 4.

239 4909 363 4985 (δὲ)
403 4908 459 4985 Si
478 4924 604 4985 ergo
647 4905 885 4985 Christus
949 4908 1166 4985 adh/esit
1226 4906 1491 4985 Ecclesia,
1520 4916 1577 4959 ut
1617 4913 1782 4985 essent
1818 4904 1921 4957 duo
1943 4907 1994 4958 in
2016 4922 2171 4960 carne
2191 4925 2314 4985 una,
2336 4907 2589 4985 quomodo
2621 4905 2824 4973 reliquit
2849 4903 3102 4958 Patrem?
3126 4908 3378 4985 quomodo

164 4975 692 5046 matremﬁieiiquit
742 4975 971 5034 Patrem.
1010 4979 1130 5045 quia
1171 4995 1188 5027 ι
1220 4994 1332 5031 cum
1381 4979 1434 5028 in
1466 4978 1635 5045 forma
1670 4975 1760 5028 Dei
1799 4986 1948 5046 esset,
1977 4993 2074 5029 non
2100 4979 2338 5044 rapinam
2393 4976 2676 5046 arbitratus
2702 4985 2776 5027 est
2826 4992 2934 5028 esse
2968 4975 3214 5042 (aqualem
3253 4975 3374 5034 Deo.

161 5055 266 5109 sed
324 5044 645 5111 semetipsum
687 5048 967 5100 exiuanirit
996 5044 1217 5114 formam
1265 5049 1395 5100 servi
1428 5044 1699 5114 accipiens.
1735 5063 1752 5094 ι
1799 5044 1909 5098 Hoc
1965 5055 2037 5098 est
2087 5049 2244 5109 enim,
2277 5046 2482 5113 reliquit
2515 5045 2746 5108 Patrem,
2777 5062 2876 5098 non
2921 5047 3041 5114 quia
3073 5046 3294 5114 deseruit
3331 5057 3378 5098 et

162 5123 394 5177 recessit
427 5137 458 5172 a
493 5116 796 5175 l’atre;setl
835 5120 955 5187 quia
993 5113 1119 5187 mon
1154 5134 1213 5169 ea
1276 5122 1326 5169 in
1347 5113 1793 5187 forma'apparuit
1831 5116 2144 5187 hominibus,
2170 5119 2220 5170 in
2255 5134 2357 5185 qua
2387 5116 2602 5185 mquulis
2632 5125 2706 5167 est
2737 5115 2908 5167 Patri.
2934 5113 3207 5187 Quomodo
3254 5116 3377 5187 rgi-

161 5159 544 5260 q:iT;natrem
569 5188 593 5239 ?
620 5159 950 5260 re'linqueitdo
979 5185 1305 5260 Synagogam
1331 5159 1746 5260 fudworgiritde
1783 5201 1884 5254 qua
1942 5159 2220 5239 secundum
2259 5159 2466 5260 garriet}:
2532 5194 2685 5237 natus
2711 5195 2826 5260 est;
2855 5196 2903 5238 et
2937 5159 3232 5237 iitlucremlo
3279 5182 3379 5236 Ec-

162 5253 378 5322 clesire,
398 5275 551 5325 quam
574 5272 636 5309 ex
655 5253 888 5309 euntibus
906 5253 1139 5325 gentibus
1152 5253 1493 5325 congregat-it.
1554 5254 1610 5307 S.
1657 5253 1791 5324 Aug.
1833 5264 1986 5310 tract.
2013 5272 2086 5319 Ix,
2116 5259 2170 5308 in
2200 5272 2310 5324 cap.
2339 5271 2374 5309 ll
2407 5255 2590 5320 luam,
2617 5271 2672 5308 n.
2703 5256 2787 5308 10.

247 5331 370 5400 (33)
404 5326 459 5400 in
491 5342 652 5400 εει-ιιι.
682 5326 754 5400 _l)e
773 5328 1094 5400 reatriloqua
1150 5342 1237 5380 seu
1268 5326 1600 5400 Pytlionissa.

248 5395 369 5472 (δι’)
402 5399 557 5472 l_i_om.
591 5397 731 5472 51in
767 5395 1164 5472 I_I_e.rae_meron.,
1197 5413 1249 5449 η.
1284 5399 1336 5450 9.

247 5466 372 5543 (55)
402 5467 566 5543 ῌρηι.
595 5467 659 5519 15
693 5466 1026 5543 ἰηρςιηεξὶῃι.

402 5538 618 5658 ιιιετοὲ.
650 5552 730 5603 ep.
761 5536 826 5589 58
849 5535 916 5587 ad
941 5534 1242 5588 Pammach.
1268 5550 1285 5598 ;
1321 5534 1371 5588 iu
1407 5535 1558 5605 prtef.
1583 5535 1673 5589 lib.
1703 5550 1734 5588 v
1772 5533 2071 5590 Comment.
2099 5536 2152 5588 in
2184 5535 2400 5600 Isaiam,
2427 5544 2481 5589 et
2515 5533 2720 5605 prmfat.
2754 5534 2807 5587 in
2843 5532 3070 5588 Malach.

362 5617 375 5658 l
429 5614 533 5658 Lat).
606 5643 618 5655 .

277 5608 375 5666 37')
407 5614 533 5666 Cat).
566 5608 618 5658 (i.

277 5617 375 5676 37)
407 5617 533 5677 Cap.
566 5617 618 5658 ti.

277 5671 370 5748 '58)
405 5678 461 5732 ln
491 5675 633 5745 expl.
665 5673 812 5748 Orat.
843 5675 995 5748 Dom.

272 5744 367 5821 59)
394 5749 514 5806 ιιι).
543 5744 636 5800 xm
666 5744 738 5799 De
767 5747 905 5798 civit.
945 5744 1057 5804 Dei.
1086 5759 1134 5799 c.
1168 5745 1251 5801 21.

510 5842 777 5900 ΡΑτιιοι..
819 5839 935 5900 Ca.
986 5840 1244 5902 XXVII.

3013 5835 3090 5896 20
