4068 6310
707 336 808 386 619
1529 334 1582 386 S.
1627 330 1994 385 ATIIANASII
2033 330 2182 385 OPP.
2227 330 2403 386 PARS
2443 331 2528 386 III.
2571 362 2630 371 -—-
2679 332 3066 391 EXEGETICA
3825 338 3935 395 620

707 454 1086 510 ecclesiasticis
1116 452 1310 508 studiis
1339 461 1390 507 et
1420 453 1721 508 Christiana
1768 455 1962 523 pietate
1999 452 2228 507 excultis
2273 452 2459 507 eadem
2507 455 2800 519 contemni,
2835 454 2964 524 quin
2997 453 3177 524 potius
3231 469 3350 509 reor
3382 461 3763 524 argumentum
3805 455 3938 507 hinc

707 555 850 600 recte
874 545 1011 598 sumi
1043 559 1199 612 posse
1232 554 1289 596 ut
1316 545 1664 599 sanctissimo
1691 543 1906 599 Doctori
1939 544 2298 613 adjudicetur.

775 639 916 695 XXI.
965 639 1267 694 Cardinalis
1301 639 1647 705 Thomasius,
1676 640 1757 693 vir
1787 651 1838 694 et
1873 640 2177 694 eruditione
2201 647 2254 694 et
2307 655 2518 694 morum
2563 640 2850 696 sanctitate
2911 641 3155 710 illustris,
3216 644 3530 712 allegoricos
3577 640 3933 695 Psalmorum

706 757 898 796 sensus
926 740 1262 795 Christianos
1292 754 1486 792 sensus
1510 746 1666 790 vocat
1693 737 1744 789 in
1771 735 2084 804 praefatione
2115 735 2177 789 ad
2213 734 2557 800 Psalterium,
2581 736 2726 805 quod
2760 751 2882 790 cum
2933 736 3116 792 Latina
3164 738 3600 808 interpretatione
3624 737 3786 790 abeo
3817 733 3934 786 ela-

703 835 885 888 boratu
933 834 982 886 in
1021 833 1285 902 publicam
1313 831 1596 885 utilitatem
1639 829 1818 882 emisit
1851 847 1863 882 ε
1898 846 1916 878 ¢
1954 827 2145 892 Porro,
2183 827 2376 896 inquit,
2415 843 2480 882 ne
2525 828 2706 896 aliqua
2747 829 2932 882 saltem
2983 830 3193 883 deesset
3225 831 3306 884 vel
3349 829 3524 883 brevis
3569 824 3934 881 manuiiuetin

704 927 768 979 ad
805 927 1091 982 secretiora
1126 925 1397 994 mysteria,
1429 937 1693 991 scnsaque
1716 919 2054 976 Psalmorum
2095 930 2208 974 tum
2240 921 2304 974 dc
2325 921 2542 975 Christo
2570 930 2624 976 et
2649 921 2819 990 ipsius
2853 937 3076 990 corpore
3109 923 3345 977 Ecclesia
3375 923 3639 987 universa,
3668 931 3718 975 et
3745 919 3931 990 parti-

703 1019 976 1073 eularibus
1005 1019 1161 1088 hujus
1185 1019 1448 1088 corporis,
1478 1018 1590 1071 sive
1619 1017 1827 1086 collegii
1863 1016 2142 1077 membris,
2176 1016 2225 1069 id
2251 1023 2332 1069 est
2361 1015 2628 1080 fidelibus,
2660 1025 2772 1070 tum
2804 1017 2964 1071 etiam
2997 1018 3061 1070 de
3093 1018 3296 1072 cwlesti
3330 1017 3521 1086 patria,
3551 1030 3686 1086 quos
3715 1026 3929 1068 sensus

703 1120 848 1166 recte
880 1110 1230 1180 appellaveris
1263 1124 1454 1164 sensus
1501 1108 1860 1174 Christianos,
1906 1107 2206 1178 patefactos
2246 1107 2421 1171 nobis,
2465 1116 2723 1178 tanquam
2771 1111 2943 1164 scisso
2972 1111 3152 1178 templi
3186 1112 3322 1174 velo,
3356 1119 3527 1162 morte
3555 1107 3780 1170 Christi,
3829 1093 3926 1176 qni

703 1201 956 1270 apostolis
987 1202 1194 1269 aperuit
1219 1215 1458 1263 sensum,
1487 1207 1544 1252 ut
1569 1199 1924 1267 intelligerent
1955 1196 2286 1267 Scripturas,
2317 1206 2371 1249 et
2405 1211 2526 1265 qua:
2563 1197 2760 1267 scripta
2791 1208 2920 1252 sunt
2961 1198 3011 1251 in
3060 1198 3200 1269 Lege
3232 1198 3420 1268 Moysi,
3451 1209 3502 1254 et
3527 1196 3842 1266 Prophetis,
3874 1202 3928 1248 ct

701 1293 931 1349 Psalmis
960 1293 1025 1348 de
1055 1293 1192 1362 ipso,
1230 1313 1246 1345 ι
1281 1301 1382 1346 etc.
1429 1292 1499 1345 Ita
1536 1299 1677 1345 recte
1711 1306 1774 1344 ac
1806 1292 2074 1359 sapienter
2108 1290 2243 1358 pius_
2267 1300 2317 1344 et
2345 1289 2539 1343 doctus
2569 1291 2863 1347 cardinalis
2906 1308 2969 1345 ex
3018 1301 3252 1347 veterum
3287 1291 3501 1346 Patrum
3553 1290 3800 1346 doctrina
3858 1289 3927 1342 de

702 1385 988 1455 allegorico
1009 1397 1062 1439 et
1092 1385 1320 1454 spiritali
1355 1382 1694 1438 Psalmorum
1725 1394 1778 1437 et
1817 1398 1984 1437 sacrae
2015 1382 2308 1450 Scriptura:
2341 1396 2504 1436 sensu
2540 1382 2750 1437 locutus
2780 1392 2881 1438 est.
2912 1382 3044 1438 Nam
3079 1382 3335 1454 Origenes
3378 1384 3430 1437 in
3473 1384 3606 1437 libro
3643 1381 3717 1435 De
3760 1383 3924 1451 prin-

704 1481 855 1550 cipiis
892 1479 1000 1549 (40)
1031 1495 1263 1549 arguens
1292 1493 1385 1532 eos
1409 1479 1501 1546 qui
1529 1494 1595 1533 ex
1628 1477 2041 1533 circumcisione
2071 1485 2244 1543 erant,
2270 1476 2415 1547 quod
2456 1479 2509 1532 in
2541 1477 2869 1532 Salvatorem
2904 1489 3148 1534 nostrum
3180 1496 3286 1533 non
3323 1479 3679 1543 crediderunt,
3708 1478 3811 1532 sed
3867 1478 3921 1530 in

698 1573 880 1628 varios
904 1588 1114 1626 errores
1147 1573 1275 1642 lapsi
1301 1583 1448 1637 sunt,
1472 1573 1597 1642 quia
1627 1587 1809 1627 sacras
1840 1571 2148 1641 Scripturas
2175 1588 2283 1626 non
2317 1572 2610 1627 secundum
2656 1574 2948 1643 spiritalem
2978 1591 3217 1640 sensum,
3260 1575 3352 1629 sed
3391 1574 3684 1629 secundum
3715 1574 3922 1626 littera:

698 1681 894 1720 sonum
922 1667 1329 1735 interpretantes
1354 1667 1408 1720 in
1442 1667 1526 1720 via
1556 1667 1794 1721 veritatis
1830 1667 2133 1722 voluntario
2162 1682 2293 1721 casu
2348 1667 2699 1722 caacutierunt
2732 1686 2744 1722 :
2790 1688 2808 1718 ι
2852 1669 2919 1725 lis
2963 1679 3142 1725 autem
3195 1671 3448 1724 omnibus
3506 1669 3670 1734 nulla,
3707 1669 3918 1737 inquit,

699 1760 954 1816 falsarum
989 1762 1323 1830 opinionum,
1353 1762 1497 1815 nulla
1533 1761 1817 1832 impietatis
1841 1770 1894 1816 et
1922 1763 2244 1816 stolidorum
2272 1763 2338 1815 de
2365 1761 2472 1817 Deo
2506 1778 2819 1818 sermonum
2848 1779 3012 1819 causa
3037 1780 3159 1819 esse
3183 1765 3287 1819 alia
3314 1765 3542 1826 videtur,
3565 1777 3726 1832 quam
3753 1757 3920 1816 Scri-

695 1863 851 1920 ptura
881 1869 987 1907 non
1016 1853 1310 1908 secundum
1329 1854 1671 1924 'spiritualem
1703 1869 1922 1910 sensum
1951 1855 2241 1918 intellecta,
2277 1855 2370 1909 sed
2413 1856 2711 1910 secundum
2740 1857 3028 1912 Iitteralem
3067 1867 3303 1926 accepta.
3338 1856 3673 1925 Quapropter
3707 1854 3776 1906 iis
3816 1853 3915 1921 qui

698 1965 1014 2019 persuasum
1050 1951 1246 2004 habent
1271 1965 1453 2004 sacros
1483 1950 1647 2005 libros
1694 1932 1801 2005 non
1842 1951 2119 2004 hominum
2153 1965 2272 2005 esse
2315 1953 2755 2018 commentarios,
2785 1955 2877 2008 sed
2909 1954 3080 2008 sancti
3118 1952 3351 2023 Spiritus
3401 1951 3606 2016 afflatu,
3628 1951 3918 2005 voluntate

701 2042 789 2098 Dei
823 2042 1062 2112 parentis
1109 2042 1480 2097 universorum
1521 2058 1616 2111 per
1653 2040 1837 2097 Jesum
1871 2042 2147 2097 Christum
2176 2044 2408 2112 scriptos
2435 2060 2556 2100 esse
2592 2054 2645 2100 et
2684 2048 2750 2099 ad
2783 2062 2879 2101 nos
2905 2048 3236 2116 pervenisse,
3263 2064 3366 2118 qua
3396 2049 3477 2102 via
3518 2051 3570 2102 in
3605 2063 3798 2103 eorum
3839 2048 3919 2102 le-

695 2136 871 2190 ctione
895 2135 1249 2189 insistendum
1284 2151 1402 2189 esse
1434 2135 1588 2189 nobis
1633 2135 1897 2199 videatur,
1943 2136 2186 2190 indicare
2241 2137 2580 2203 conabimur,
2623 2147 2834 2193 servata
2889 2140 3126 2195 caelestis
3171 2141 3465 2195 secundum
3504 2139 3914 2195 successionem

696 2230 1062 2300 apostolorum
1096 2229 1345 2284 Ecclesia:
1391 2228 1516 2284 Jesu
1559 2231 1759 2286 Christi
1806 2231 2010 2301 regula.
2054 2230 2117 2285 Et
2145 2247 2264 2286 esse
2295 2232 2511 2302 quidem
2556 2234 2814 2305 mysticus
2844 2235 3107 2304 quasdam
3145 2234 3593 2302 dispensationes,
3633 2248 3768 2288 uuas
3827 2232 3917 2284 di-

695 2327 833 2380 vinte
863 2325 1154 2394 Scriptura:
1181 2327 1434 2389 indicant,
1468 2327 1627 2380 etiam
1661 2327 2019 2397 simpliciores
2067 2327 2302 2383 ﬁdelium
2352 2330 2596 2384 credunt.
2636 2350 2653 2380 ι
2703 2331 2782 2383 Ad
2815 2331 2930 2387 haec
2962 2340 3140 2386 autem
3183 2331 3432 2403 Origenis
3464 2330 3626 2384 verba
3661 2328 3917 2399 apposite

697 2423 916 2486 subiicit
947 2421 1172 2476 Carolus
1197 2422 1262 2475 de
1302 2421 1476 2476 Larue
1505 2421 1613 2491 (Il)
1651 2441 1663 2475 :
1702 2441 1720 2474 ι
1761 2421 1904 2476 Nihil
1938 2424 2021 2476 his
2058 2423 2234 2478 verbis
2267 2425 2591 2479 accuratius.
2631 2424 2890 2481 Generale
2926 2428 3054 2484 illud
3084 2428 3426 2498 principium,
3459 2425 3603 2497 quod
3646 2425 3916 2495 mysticos

697 2512 752 2566 in
785 2511 965 2566 Veteri
998 2510 1342 2566 Testamento
1382 2527 1573 2566 sensus
1607 2511 1777 2580 ponit,
1814 2512 2119 2581 apostolica:
2141 2511 2397 2568 doctrina:
2423 2529 2549 2584 pars
2579 2523 2680 2577 est,
2711 2522 2764 2568 et
2802 2515 2997 2571 veritas
3030 2527 3195 2583 certa,
3231 2532 3349 2588 quae
3390 2515 3689 2570 ministerio
3720 2523 3917 2584 pasto-

696 2624 816 2662 rum
850 2609 916 2662 ad
943 2622 1042 2662 nos
1069 2624 1239 2679 usque
1267 2607 1527 2678 pervenit.
1557 2626 1574 2659 ι

760 2703 923 2758 XXII.
968 2703 1216 2760 Profecto
1262 2704 1495 2760 dubitari
1546 2705 1731 2776 nequit
1775 2705 1952 2760 omnia
2009 2721 2128 2775 quae
2181 2707 2234 2759 in
2270 2705 2448 2761 Veteri
2483 2705 2830 2762 Testamento
2865 2708 2947 2762 vel
2995 2706 3216 2777 scripta,
3249 2705 3334 2760 vel
3379 2712 3529 2775 gesta
3578 2703 3822 2767 fuerunt,
3857 2703 3913 2757 in

693 2799 860 2866 ﬁgura
892 2798 1058 2854 fuisse
1085 2813 1264 2854 rerum
1287 2815 1405 2868 qua:
1435 2800 1488 2853 in
1515 2797 1662 2853 Novo
1692 2799 1803 2854 fieri
1835 2808 1929 2853 aut
1959 2801 2270 2867 contingere
2292 2800 2578 2864 debebant,
2617 2816 2787 2871 eaque
2817 2801 3084 2871 respicere
3107 2813 3395 2869 personam
3426 2796 3650 2860 Messiae,
3677 2793 3916 2863 ejusque.

691 2888 1025 2955 Passionem,
1051 2890 1543 2954 Resurrectionem,
1569 2899 1621 2941 et
1645 2888 1861 2941 humani
1896 2889 2106 2958 generis
2138 2888 2583 2958 redemptionem,
2611 2891 2928 2960 evangelica:
2958 2892 3215 2944 doctrina:
3245 2888 3704 2959 propagationem,
3731 2883 3916 2953 genti-

691 2981 821 3034 lium
855 2982 1282 3045 conversionem,
1313 2990 1720 3051 etqutecunque
1744 2981 1867 3046 alia,
1895 2995 2015 3051 quae
2041 2981 2107 3034 ad
2149 2982 2266 3051 ejus
2296 2982 2530 3036 divinam
2559 2997 2846 3052 personam
2884 2993 2938 3035 et
2970 2981 3428 3052 dispensationem
3463 2995 3556 3034 seu
3591 2975 3914 3045 οἰκονομίαν

690 3072 978 3142 pertinent.
1009 3071 1186 3139 Quare
1217 3075 1260 3128 si
1292 3073 1345 3128 in
1374 3072 1703 3143 explicandis
1728 3069 2020 3142 Scripturis
2049 3072 2228 3127 omnia
2265 3073 2331 3125 ad
2365 3071 2636 3126 Christum
2665 3072 2892 3142 ejusque
2920 3070 3216 3127 Ecclesium
3247 3069 3539 3140 prudenter
3569 3067 3906 3128 referantur,

691 3181 863 3238 neque
896 3167 1117 3232 erroris,
1151 3182 1324 3237 neque
1354 3167 1565 3237 ineptiae
1587 3167 1639 3221 id
1672 3167 1912 3223 accusari
1946 3165 2122 3229 debet,
2159 3179 2284 3218 cum
2314 3164 2403 3218 illa
2443 3163 2546 3219 hoc
2576 3163 2824 3228 consilio,
2861 3173 2914 3218 et
2957 3164 3057 3219 hac
3099 3172 3293 3227 mente,
3340 3161 3542 3233 Spiritu
3595 3170 3785 3215 sancto
3820 3160 3911 3214 di-

688 3271 888 3326 ctante,
921 3261 1117 3330 scripta
1144 3261 1269 3314 sint.
1298 3259 1363 3312 Et
1388 3260 1604 3329 quidem
1635 3261 1739 3315 huc
1781 3259 2048 3329 pertinere
2089 3258 2339 3311 videntur
2377 3258 2537 3311 verba
2573 3258 2662 3311 illa
2695 3257 2924 3326 apostoli
2959 3255 3134 3319 Pauli,
3181 3255 3359 3310 omnia
3395 3254 3594 3323 scripta
3633 3251 3808 3307 fuisse
3842 3254 3911 3306 ad

691 3368 929 3413 nostram
962 3356 1349 3411 institutionem
1384 3375 1395 3410 :
1430 3355 1759 3424 Quaecunque
1790 3355 1948 3419 enim,
1995 3353 2088 3419 ait,
2120 3353 2313 3422 scripta
2356 3364 2501 3416 sunt,
2537 3353 2604 3405 ad
2651 3362 2884 3405 nostram
2930 3352 3224 3404 doctrinam
3263 3351 3461 3418 scripta
3497 3358 3617 3402 sunt
3665 3348 3708 3400 ’.
3741 3346 3810 3401 Et
3841 3350 3911 3402 de

689 3449 912 3520 spiritali
963 3464 1026 3502 ac
1079 3447 1380 3502 sublimiori
1441 3446 1840 3516 Scripturarum
1896 3445 2251 3514 intelligentia
2308 3457 2416 3496 non
2463 3443 2889 3512 improbabiliter
2917 3443 2984 3496 ab
3034 3443 3304 3511 aliquibus
3348 3440 3686 3510 accipiuntur
3739 3441 3906 3494 verba

689 3543 746 3599 S.
772 3545 950 3609 Lucae,
981 3545 1178 3615 quibus
1206 3542 1369 3598 refert
1410 3541 1687 3597 Christum
1722 3541 2006 3596 Dominum
2033 3548 2152 3609 post
2185 3540 2635 3593 resurrectionem
2667 3554 2822 3593 suam
2852 3539 3126 3608 apostolos
3155 3539 3220 3592 ad
3255 3536 3564 3607 Scripturas
3595 3533 3904 3605 intelligen-

686 3637 782 3690 das
809 3635 1105 3689 instituisse
1137 3650 1149 3687 :
1187 3631 1329 3686 Tunc
1358 3633 1558 3701 aperuit
1595 3634 1701 3684 illis
1748 3646 1975 3695 sensum,
2012 3642 2066 3682 ut
2098 3628 2446 3698 intelligerent
2474 3629 2778 3696 Scripturas
2807 3629 2870 3682 ¹⁰.
2899 3629 2979 3684 Ad
3015 3630 3130 3684 haec
3175 3630 3317 3682 enim
3366 3626 3708 3698 evangelista:
3736 3629 3900 3682 verba

687 3731 980 3801 respiciens
1012 3728 1068 3783 S.
1098 3728 1206 3781 Leo
1236 3728 1504 3782 scribebat
1533 3728 1598 3780 ad
1629 3725 1943 3779 Flavianum
1988 3725 2039 3778 in
2071 3724 2326 3793 praeclara
2369 3723 2458 3776 illa
2491 3723 2720 3792 epistola
2757 3734 2941 3778 contra
2986 3723 3336 3793 Eutychetem
3365 3739 3378 3777 :
3409 3741 3428 3773 ι
3465 3723 3670 3779 Donato
3703 3723 3904 3777 intelli-

685 3827 877 3896 gentiae
907 3826 1129 3889 lumine,
1158 3838 1436 3877 sacrarum
1464 3820 1862 3890 Scripturarum
1899 3820 2104 3874 occulta
2141 3819 2430 3889 pandebat.
2462 3837 2481 3870 ι
2510 3817 2768 3890 Origenes
2806 3829 2983 3876 autem
3015 3821 3067 3874 in
3107 3820 3354 3875 eumdem
3389 3834 3606 3876 sensum
3637 3821 3902 3890 interpre-

686 3931 829 3976 tatur
851 3921 1009 3974 verba
1038 3919 1125 3972 illa
1154 3916 1377 3973 Joannis
1406 3937 1417 3969 :
1451 3918 1632 3970 Adhuc
1659 3917 1824 3970 multa
1856 3917 2015 3969 habeo
2054 3916 2192 3969 vobis
2222 3914 2413 3978 dicere,
2439 3914 2528 3968 sed
2571 3931 2671 3968 non
2709 3917 2921 3985 potestis
2953 3926 3164 3985 portare
3198 3915 3368 3969 modo.
3410 3915 3543 3970 Cum
3591 3925 3766 3970 autem
3810 3933 3900 3970 ee-

683 4015 818 4066 nerit
845 4013 932 4066 ille
967 4012 1198 4080 Spiritus
1225 4013 1479 4074 veritatis,
1503 4013 1701 4065 docebit
1733 4029 1820 4065 vos
1859 4027 2057 4063 omnem
2101 4011 2368 4063 veritatem
2405 4011 2469 4064 ¹¹.
2506 4008 2854 4080 Respondens
2880 4012 3020 4065 enim
3059 4011 3321 4067 conviciis
3347 4026 3410 4066 ac
3441 4012 3730 4067 calumniis
3755 4011 3898 4069 Celsi

684 4106 834 4176 impii
873 4106 1197 4176 philosophi,
1233 4115 1539 4173 sanctasque
1583 4113 1780 4159 nostra:
1812 4103 2087 4170 religionis
2121 4103 2380 4167 irrisoris,
2424 4102 2492 4156 ad
2542 4104 2720 4157 locum
2764 4103 2911 4156 illum
2946 4104 3288 4172 evangelista:
3317 4105 3431 4158 hac
3477 4103 3698 4172 subjicit
3727 4104 3842 4174 (62)
3881 4123 3894 4159 :

689 4217 706 4248 ‹
747 4197 845 4251 IIlc
873 4201 1164 4268 querimus
1199 4214 1442 4267 quaenam
1472 4196 1670 4250 fuerint
1709 4196 1874 4250 multa
1902 4197 2009 4261 illa,
2036 4210 2155 4264 quae
2183 4193 2341 4250 Jesus
2370 4195 2650 4264 discipulis
2676 4197 2790 4250 suis
2822 4196 3002 4250 dicere
3029 4197 3280 4258 habebat,
3309 4205 3362 4251 et
3384 4210 3505 4266 quae
3537 4204 3649 4250 tum
3677 4205 3897 4264 portare

683 4306 790 4345 non
821 4302 1087 4361 poterant.
1120 4292 1184 4346 Et
1213 4295 1334 4347 dico
1367 4311 1379 4346 :
1417 4291 1576 4347 Forte
1606 4291 1728 4362 quia
1755 4290 1922 4347 Judaei
1953 4299 2107 4346 erant
2126 4291 2374 4360 apostoli,
2404 4300 2458 4345 et
2485 4290 2718 4346 Mosaica
2756 4293 2870 4361 lege
2900 4294 3195 4348 secundum
3223 4294 3450 4347 litteram
3481 4301 3699 4361 accepta
3735 4292 3896 4348 innu-

688 4385 823 4450 triti,
855 4387 968 4442 htec
1006 4386 1244 4451 fuerunt,
1278 4403 1397 4457 qua:
1441 4387 1545 4441 illis
1575 4387 1750 4441 dicere
1789 4388 2018 4442 habebat
2055 4405 2069 4440 :
2101 4385 2355 4452 Quaenam
2383 4395 2525 4442 esset
2555 4403 2681 4442 vera
2729 4388 2833 4451 lex,
2863 4403 3090 4459 quarum
3128 4405 3306 4443 rerum
3349 4389 3647 4444 caelestium
3677 4389 3892 4454 umbra,

679 4477 957 4548 signisque
992 4481 1170 4536 cultus
1195 4479 1452 4535 Judaicus
1489 4488 1793 4546 constaret;
1828 4497 1944 4550 qua:
1975 4480 2152 4536 futura
2183 4480 2324 4535 bona
2351 4480 2647 4550 praescripti
2687 4482 2753 4536 de
2783 4483 2923 4548 cibo,
2957 4491 3011 4536 et
3038 4490 3187 4552 potu,
3221 4483 3286 4538 de
3308 4480 3479 4550 festis,
3508 4484 3808 4538 neomeniis
3841 4493 3896 4538 et

688 4569 938 4626 Sabbatis
967 4572 1107 4626 ritus
1146 4572 1553 4628 adumbrarent.
1597 4591 1614 4623 ι
1650 4571 1717 4626 Ει
1743 4574 1997 4641 quoniam
2027 4571 2247 4627 furcifer
2284 4573 2371 4626 ille
2400 4571 2697 4628 afﬁrmabat
2737 4573 3044 4645 Scripturas
3083 4584 3297 4631 nostras
3345 4590 3454 4629 non
3502 4591 3660 4645 posse
3693 4576 3895 4647 allego-

678 4665 812 4719 riam
840 4665 971 4735 pati,
997 4666 1206 4736 reponit
1235 4664 1492 4736 Origenes
1524 4667 1633 4740 μδ)
1669 4687 1683 4722 :
1720 4686 1739 4718 ι
1772 4666 2024 4722 Fortasse
2050 4667 2326 4737 probabile
2353 4667 2480 4737 quid
2515 4668 2620 4723 dici
2664 4669 2733 4723 ab
2772 4685 2837 4724 eo
2868 4669 3158 4732 videretur,
3201 4670 3245 4724 si
3279 4668 3586 4739 Scripturas
3618 4669 3893 4742 allegoriis

677 4761 1014 4829 interpretari
1040 4761 1313 4816 inventum
1341 4769 1485 4816 esset
1513 4779 1718 4817 recens.
1749 4762 1883 4815 Cum
1919 4771 2097 4817 autem
2124 4762 2175 4816 id
2209 4761 2432 4817 fecerint
2462 4762 2542 4816 vel
2571 4764 2672 4832 ipsi
2707 4764 3016 4834 dogmatum
3047 4774 3293 4834 parentes
3321 4773 3374 4819 et
3402 4765 3718 4834 scriptores,
3760 4767 3891 4835 quid

673 4856 819 4910 aliud
847 4857 1190 4927 cngitandum
1221 4866 1322 4922 est,
1350 4873 1509 4928 quam
1535 4858 1624 4912 illa
1650 4857 1820 4912 fuisse
1855 4857 2051 4927 scripta
2084 4857 2182 4922 sic,
2211 4866 2268 4911 ut
2299 4872 2489 4912 eorum
2517 4859 2785 4928 praecipua
2820 4873 2973 4914 mens
2998 4859 3051 4913 in
3084 4859 3355 4930 allegoriis
3386 4860 3754 4916 contineatur.
3797 4880 3815 4913 ι

745 4947 927 5004 XXIII.
958 4949 1108 5016 Quod
1140 4967 1268 5006 vero
1292 4949 1509 5021 pr0pius
1539 4967 1648 5004 rem
1677 4959 1921 5006 nostram
1949 4950 2184 5019 attingit,
2219 4965 2406 5020 nempe
2438 4952 2700 5005 rationem
2742 4951 3127 5022 interpretandi
3159 4950 3401 5006 Psalmos
3427 4949 3494 5006 de
3533 4948 3754 5005 Christo
3777 4951 3887 5006 Do.

675 5045 822 5100 mino
844 5053 896 5099 et
929 5044 1183 5108 Ecclesia,
1214 5047 1401 5116 primis
1425 5046 1744 5101 Christianae
1775 5046 1894 5100 fidei
1930 5045 2262 5116 temporibus
2304 5046 2499 5115 ubique
2551 5056 2840 5116 receptam,
2874 5057 2928 5102 et
2980 5048 3256 5117 probatam
3299 5047 3488 5110 fuisse,
3525 5047 3887 5118 locupletissi-

671 5153 821 5193 mum
848 5139 1003 5196 nobis
1028 5141 1394 5196 testimonium
1420 5139 1700 5209 perhibent
1729 5155 1832 5195 non
1876 5139 2048 5196 solum
2074 5138 2327 5195 Ecclesia:
2349 5138 2636 5197 Orientalis
2664 5144 2990 5214 scriptores;
3021 5159 3205 5198 verum
3234 5145 3393 5198 etiam
3428 5143 3582 5198 multi
3610 5144 3752 5199 inter
3782 5143 3884 5200 Oc-

735 5352 754 5381 ’
780 5348 938 5403 Rom.
971 5365 1062 5414 xv,
1095 5350 1146 5404 4.
1228 5353 1270 5382 ¹⁰
1296 5350 1424 5406 Luc.
1460 5367 1604 5417 utv,
1632 5351 1720 5405 59.
1799 5353 1838 5382 ¹¹
1872 5351 2029 5409 Joan.
2067 5368 2174 5416 xvi,
2214 5350 2302 5406 I2.

740 5508 853 5578 (te)
882 5507 999 5562 Lib.
1028 5527 1100 5574 ιγ,
1134 5528 1186 5568 n.
1217 5512 1267 5564 9.

738 5580 850 5649 (4!)
886 5578 1097 5649 Przefat.
1132 5582 1181 5634 in
1215 5591 1342 5634 tum.
1379 5581 1420 5634 II
1444 5582 1613 5649 Orig.,
1645 5593 1747 5638 art.
1780 5585 1837 5639 5.

740 5648 854 5715 (42)
888 5647 1084 5702 Contra
1111 5651 1247 5703 Cels.
1280 5652 1312 5704 Ι.
1355 5667 1413 5712 ιι,
1445 5669 1497 5705 n.
1533 5647 1582 5705 Ξ.

740 5718 854 5788 (45)
887 5717 1043 5783 Ibid.,
1075 5721 1165 5776 lib.
1201 5737 1271 5783 tv.
1299 5738 1350 5775 n.
1378 5721 1463 5775 49.
