4068 6310
107 368 206 424 621
799 366 884 419 DE
921 363 1194 418 TITULIS
1234 361 1676 418 PSALMORUM.
1723 391 1789 401 μ
1828 354 2209 412 ANTONELLI
2251 349 2637 406 PREFATIO.
3228 343 3332 398 622

108 488 432 552 cidentalcs,
460 487 554 541 sed
580 487 820 540 onmium
849 487 1018 540 instar
1052 501 1194 540 unus
1220 485 1287 538 sit
1315 483 1550 538 Hilarius
1581 481 1822 536 doctrina
1849 488 1901 533 et
1925 476 2206 532 sanctitate
2235 472 2505 540 rebusque
2535 467 2700 539 gestis
2731 463 3055 533 scriptisque
3079 461 3326 529 insignis,

109 583 420 636 Athanasio
448 597 681 646 comvus,
706 593 757 637 et
779 584 1014 636 amicitia
1042 592 1094 637 ct
1119 582 1320 636 foedere
1349 582 1606 635 adversus
1630 578 1748 632 ﬁdei
1783 578 1966 630 hostes
1993 573 2334 641 coujunctus,
2370 569 2460 638 qui
2487 568 2538 620 in
2568 563 2882 635 praefatione
2913 557 3328 615 commentario-

111 690 235 728 rum
272 691 414 745 quos
446 677 502 728 in
534 675 779 728 Psalmos
815 678 1136 744 composuit,
1166 675 1290 728 talia
1334 674 1518 727 scribit
1552 691 1564 724 :
1625 690 1643 722 ι
1700 669 1817 723 Non
1851 679 1933 722 est
1967 681 2094 720 vero
2141 662 2539 731 ambigendum,
2571 674 2631 711 ea
2669 671 2787 724 quae.
2834 654 2885 706 in
2930 649 3157 704 Psalmis
3190 647 3331 745 dicta

113 779 263 833 sunt,
292 743 592 825 secundum
621 771 980 841 evangelicam
1001 772 1432 840 praedicationem
1459 767 1676 836 intelligi
1695 774 1940 835 oportere
1963 780 1975 827 ;
2010 773 2066 817 ut
2088 778 2153 816 ex
2171 773 2493 830 quacunque
2519 757 2638 809 licet
2657 766 2883 823 persona
2908 746 3201 818 prophetia:
3219 743 3335 841 Spi-

120 862 261 916 ritus
285 863 357 916 sit
385 863 616 929 locutus,
638 866 706 919 sit
725 876 898 919 tamen
927 875 1095 919 totum
1115 867 1242 919 illud
1269 865 1332 918 ad
1358 864 1713 934 cognitionem
1745 863 2003 915 adventus
2034 857 2245 910 Domini
2277 853 2441 908 nostri
2463 851 2587 905 .lesu
2620 839 3331 934 Christi,etcorporationis,

113 965 166 1010 et
198 954 504 1022 Passionis,
527 964 579 1009 et
603 957 772 1026 regni,
799 968 851 1009 et
878 956 942 1010 ad
973 957 1384 1010 resurrectionis
1417 964 1615 1007 nostrze
1649 953 1896 1023 gloriam,
1930 950 2287 1016 virtutemque
2313 944 2593 998 referatur.
2626 960 2643 991 ι
2681 938 2901 1000 Hilario.
2937 933 3147 989 εἱεῑθΐίε
3170 931 3335 1026 om?"

115 1049 211 1113 sis,
247 1051 382 1118 quia
409 1051 628 1119 longum
673 1025 813 1105 esset
845 1067 1034 1105 omnes
1067 1051 1287 1115 referre,
1325 1065 1490 1103 unum
1521 1049 1806 1118 adjungam
1851 1043 2214 1114 Augustinum
2254 1041 2390 1111 (44),
2425 1037 2515 1108 qui
2551 1056 2563 1090 :
2597 1056 2613 1087 ι
2649 1033 2748 1087 Vix
2802 1029 3139 1126 est,_inquit,
3174 1025 3332 1126 ut

115 1143 352 1197 Psalmis
382 1143 622 1197 invenias
653 1159 812 1199 voces
840 1145 942 1199 nisi
969 1144 1170 1198 Christi
1196 1154 1247 1197 et
1275 1142 1546 1207 Ecclesite,
1576 1150 1667 1195 aut
1713 1141 1915 1195 Christi
1950 1149 2180 1200 tantum,
2208 1143 2300 1190 aut
2323 1134 2574 1188 Ecclesia:
2597 1139 2825 1183 tantum.
2864 1146 2882 1176 ι
2915 1123 3098 1217 Itaque
3127 1119 3327 1217 nemini

114 1236 344 1290 dubium
370 1253 494 1291 esse
520 1239 676 1292 debet
710 1246 814 1290 tam
840 1234 1128 1290 Orientalis
1161 1252 1321 1305 Quam
1357 1235 1718 1290 Occidentalis
1754 1232 2004 1286 Ecclesiae
2043 1229 2250 1295 Patres,
2279 1228 2370 1297 qui
2396 1227 2585 1296 primis
2615 1221 2933 1277 Christianae
2964 1211 3084 1267 fidei
3118 1207 3330 1264 stimulis

115 1326 440 1391 ﬂoruerunt,
470 1329 767 1398 spiritalem
802 1344 1077 1382 sacrarum
1108 1328 1509 1396 Scripturarum
1542 1344 1759 1383 sensum
1790 1331 2131 1399 potissimum
2166 1327 2266 1381 sibi
2306 1323 2680 1395 exponendum
2717 1318 3084 1387 proposuisse,
3109 1330 3330 1386 praeser-

116 1416 207 1469 tim
249 1416 303 1469 in
332 1416 674 1473 Psalmorum
704 1418 876 1483 libris,
911 1418 964 1471 in
994 1419 1187 1486 quibus
1220 1419 1384 1471 multa
1409 1420 1493 1470 vix
1521 1419 1675 1471 aliter
1703 1435 1861 1488 quam
1888 1420 1952 1474 de
1978 1417 2196 1472 Christo
2227 1425 2280 1470 et
2306 1414 2544 1468 Ecclesia
2573 1409 2826 1480 explicari
2853 1416 3096 1478 possunt.
3129 1405 3244 1470 Qua
3281 1405 3333 1456 in

117 1522 171 1561 re
195 1510 507 1578 exemplum
536 1510 807 1562 habebant
831 1519 884 1562 et
917 1509 1117 1563 Christi
1144 1508 1374 1573 Domini,
1407 1518 1459 1563 et
1488 1509 1878 1578 apostolorum,
1907 1512 1999 1580 qui
2037 1518 2091 1563 et
2141 1510 2194 1562 in
2247 1506 2554 1577 Evangelii),
2587 1515 2638 1557 ct
2680 1505 2731 1556 in
2765 1500 3041 1555 canonicis
3087 1499 3332 1568 epistolis

116 1601 267 1671 plura
295 1602 418 1655 loca
451 1599 654 1655 Veteris
680 1601 1006 1655 Testamenti
1042 1602 1093 1652 in
1123 1601 1406 1671 mysticum
1437 1616 1675 1664 sensum,
1705 1610 1763 1656 ut
1791 1610 1946 1654 antea
1973 1601 2104 1664 dixi,
2133 1598 2461 1668 interpretati
2497 1606 2639 1650 sunt.

187 1696 382 1751 XXIV.
415 1696 480 1750 Et
521 1697 737 1766 quidem
771 1706 892 1750 ante
930 1697 1128 1750 Christi
1165 1698 1452 1750 adventum
1496 1696 1774 1768 Synagoga
1825 1697 1938 1766 ipsa
1968 1709 2260 1766 utrumque
2301 1710 2517 1751 sensum
2549 1701 2603 1746 et
2649 1691 2940 1760 spiritalem
2971 1699 3023 1742 et
3053 1686 3334 1741 litteralem

118 1788 358 1859 agnovit,
391 1804 626 1858 quorum
667 1788 843 1857 primo
879 1786 1160 1848 Pharisrci,
1206 1787 1360 1840 alteri
1394 1803 1520 1840 vero
1554 1786 1834 1843 Sadduczei
1877 1787 2146 1843 studuisse
2178 1787 2444 1850 videntur,
2468 1785 2591 1838 licet
2618 1783 2828 1849 utrique
2856 1779 3160 1848 Scripturas
3183 1778 3334 1831 falsis

123 1882 684 1952 interpretationibus,
731 1881 924 1935 divinat
952 1881 1165 1934 veritati
1206 1879 1415 1935 fabulas
1449 1896 1576 1934 suas
1614 1882 1981 1950 subjicientes,
2031 1882 2388 1951 corruperint.
2418 1877 2666 1932 Profecto
2693 1875 2872 1945 plures
2903 1868 3201 1925 doctissimi
3237 1868 3339 1921 viri

129 1980 181 2033 in
205 1958 427 2034 arcanis
454 1976 760 2031 Judaaorum
790 1976 1092 2046 disciplinis
1116 1992 1178 2030 ac
1203 1976 1396 2030 litteris
1427 1977 1646 2041 versati,
1687 1987 2012 2032 censuerunt
2043 1978 2157 2031 ﬁeri
2201 1992 2308 2030 non
2339 1975 2602 2045 potuisse,
2638 1979 2696 2024 ut
2732 1969 2878 2024 omni
2911 1973 3120 2022 careret
3150 1960 3343 2016 funda-

120 2079 297 2124 mento
330 2069 536 2123 Kabala
563 2067 788 2123 Judaiea
823 2068 959 2139 ($5),
993 2067 1292 2122 foedissime
1317 2069 1442 2122 licet
1475 2079 1730 2138 corrupta
1759 2080 1812 2124 et
1841 2071 2160 2124 adulterata.
2197 2068 2449 2138 Antiquis
2491 2066 2635 2121 enim
2688 2063 2882 2118 fabulis
2930 2061 3089 2131 vulgo
3119 2055 3339 2113 concedi

120 2163 250 2217 solet
277 2162 482 2232 aliquid
517 2161 626 2216 veri
655 2162 773 2217 loco
801 2160 1138 2216 fundamenti
1167 2163 1391 2217 subesse
1418 2181 1430 2214 :
1465 2178 1642 2232 neque
1669 2163 1958 2218 verisimile
1983 2178 2102 2218 esse
2128 2178 2156 2216 e
2183 2162 2353 2215 nihilo
2394 2159 2704 2230 provenisse
2742 2156 2940 2209 famam
2975 2162 3027 2206 et
3056 2148 3332 2204 existima-

123 2258 318 2312 tionem
344 2257 609 2313 doctrinae
632 2255 992 2322 Kabalisticae,
1022 2273 1052 2312 a
1074 2267 1152 2312 tot
1181 2259 1394 2313 seculis
1438 2259 1778 2314 sermonibus
1807 2260 2086 2314 hominum
2116 2259 2348 2329 agitatas.
2382 2255 2590 2323 Quibus
2643 2261 2830 2308 auctor
2881 2249 3099 2321 quidam
3151 2258 3338 2324 rerum.

123 2350 470 2408 Iudaicarum
501 2354 706 2423 peritus
725 2352 871 2407 addit
901 2353 1036 2424 (46),
1065 2355 1109 2408 si
1134 2353 1334 2408 Kabala
1356 2354 1535 2422 aliqua
1573 2370 1601 2407 a
1625 2356 1828 2409 sanctis
1861 2355 1992 2410 viris
2020 2366 2071 2408 et
2108 2353 2385 2424 prophetis
2412 2351 2624 2406 exculta
2655 2358 2708 2403 et
2742 2353 3056 2403 conservata
3092 2341 3180 2406 sit,
3214 2349 3267 2394 et
3295 2330 3342 2392 s'

127 2444 408 2512 Sepbiroth
435 2459 546 2512 qua
571 2443 739 2497 forma
765 2459 910 2498 nunc
948 2445 1091 2514 pingi
1119 2444 1310 2507 solent,
1341 2460 1464 2497 vere
1487 2444 1689 2499 fuerint
1713 2446 1856 2499 illius
1881 2445 2096 2499 Kabalze
2139 2445 2540 2514 compendium,
2584 2457 2690 2496 non
2719 2440 2864 2494 aliud
2901 2437 3068 2491 fuisse
3094 2434 3212 2501 ejus
3251 2448 3338 2484 ar-

129 2545 440 2603 gumentum
468 2549 631 2603 quam
666 2534 961 2588 doctrinam
996 2536 1179 2604 gratiae
1209 2533 1462 2588 Ecclesia:
1487 2551 1516 2587 a
1551 2534 1660 2588 Deo
1692 2536 1978 2589 revelatam
2013 2555 2024 2589 :
2060 2542 2113 2589 et
2144 2535 2453 2603 Sephiroth,
2485 2531 2729 2603 adjungit
2758 2530 2896 2583 alius
2928 2527 3157 2595 scriptor
3189 2521 3340 2574 Rab-

130 2629 316 2684 binicis
345 2629 512 2684 rebus
537 2628 781 2683 eruditus
815 2629 946 2700 (47),
979 2644 1042 2684 ea
1072 2629 1241 2698 ﬁgura
1271 2629 1436 2699 picta,
1485 2645 1591 2700 qua
1635 2630 1892 2685 delineari
1936 2630 2142 2694 solent,
2178 2629 2431 2684 exhibere
2494 2627 2725 2697 speciem
2778 2622 3021 2690 corporis
3080 2615 3341 2678 humani,

131 2718 264 2772 unde
291 2718 453 2772 nobis
476 2712 725 2772 Messiam
755 2733 953 2787 regem,
981 2728 1034 2771 et
1061 2719 1332 2772 hominem
1361 2717 1529 2773 Deum
1556 2721 1951 2788 repraesentari,
1987 2721 2142 2788 cujus
2173 2719 2382 2773 divinas
2410 2719 2633 2772 virtutes
2665 2724 2718 2770 et
2749 2713 3107 2784 perfectiones
3141 2710 3194 2764 in
3239 2719 3341 2760 suo

137 2823 299 2879 regno
340 2819 395 2862 et
422 2824 655 2877 persona
679 2807 1104 2862 manifestandas
1131 2810 1440 2863 summatim
1481 2812 1744 2864 contineri
1770 2813 1953 2866 decem
1982 2813 2086 2866 illis
2121 2811 2430 2881 Sepltiroth,
2465 2825 2655 2880 nempe
2674 2822 2952 2869 coronam,
2987 2803 3333 2874 sapientiam,

137 2897 537 2967 intelligentiam
568 2911 663 2951 seu
706 2897 1026 2960 bonitatem,
1058 2897 1531 2968 magniﬁcentiam,
1565 2902 1924 2963 severitatem,
1962 2902 2211 2971 gloriam,
2242 2901 2542 2965 victoriam,
2608 2899 2965 2968 majestatcm,
3017 2894 3338 2949 fundamen-

143 3003 270 3058 tum,
313 3008 562 3061 regnum.
601 2991 665 3046 Et
708 2991 1039 3047 Reuchlinus
1069 2992 1161 3045 lib.
1194 3006 1232 3045 ιι
1276 2989 1499 3047 Καῡαιτε
1537 3009 1555 3046 :
1613 3011 1632 3044 ‹
1665 2993 1885 3063 Antiqui
1915 2992 2144 3058 Hebrazi,
2178 2994 2373 3063 inquit,
2427 3001 2537 3047 tres
2583 2991 2712 3045 istas
2749 3005 3030 3060 supremas
3075 2989 3337 3058 Sephiras

150 3091 516 3152 cognoverunt
548 3084 603 3136 in
641 3092 740 3141 Ino
757 3091 855 3170 γνκ
891 3099 955 3136 cn
1007 3081 1133 3152 δορὴ
1174 3082 1230 3136 in
1268 3081 1378 3137 Deo
1411 3085 1634 3153 reperiri
1679 3093 1974 3139 cozeternas
2020 3094 2073 3138 et
2124 3084 2608 3140 consubstantiales
2662 3083 2788 3147 Deo,
2819 3098 2956 3153 quas
3015 3082 3085 3137 ob
3141 3098 3334 3136 vocum

138 3175 460 3247 indigentias
496 3186 605 3229 tres
643 3175 792 3229 luces
831 3183 1183 3236 vocaverunt,
1217 3175 1283 3228 de
1329 3176 1528 3244 quibus
1572 3177 1790 3243 aliquod
1839 3176 2120 3244 vestigium
2153 3175 2414 3231 habemus
2464 3177 2604 3244 apud
2634 3174 2916 3241 Joannem,
2951 3176 3043 3246 qui
3076 3175 3142 3230 de
3162 3173 3340 3229 Verbo

136 3282 326 3323 aeterno
369 3276 601 3323 testatur
633 3280 775 3320 vers.
826 3263 880 3327 9,
918 3263 1062 3332 quod
1122 3273 1234 3316 erat
1276 3262 1368 3315 lux
1407 3279 1549 3328 vera,
1578 3273 1726 3322 aetc.
1756 3262 1886 3319 Post
1920 3266 2034 3320 haec
2078 3275 2255 3320 autem
2318 3266 2602 3320 Reuchlini
2656 3267 2814 3320 verba
2866 3267 2940 3322 ita
2994 3270 3341 3338 prosequitur

140 3357 503 3412 Barloloccius
533 3354 677 3427 (48):
728 3372 744 3403 ι
773 3351 846 3406 De
883 3352 965 3405 his
991 3351 1203 3405 lucibus
1226 3366 1524 3420 earumque
1544 3351 1672 3404 reali
1701 3351 2052 3408 distinctione
2087 3355 2228 3409 inter
2278 3370 2355 3420 se,
2386 3367 2440 3409 et
2486 3355 2829 3425 processione
2860 3357 3020 3412 unius
3047 3359 3115 3413 ab
3147 3346 3337 3422 altera,

147 3460 197 3504 et
215 3448 637 3505 identiﬁcatione
667 3459 790 3500 cum
813 3443 1052 3498 essentia
1080 3441 1262 3495 divina
1290 3442 1582 3510 conspicue
1615 3450 1669 3496 et
1694 3443 1894 3499 diserte
1921 3446 2032 3516 egit
2055 3446 2404 3502 doctissimus
2427 3447 2712 3518 episcopus
2740 3448 3085 3505 Marsicensis
3131 3450 3332 3522 Joseph

140 3540 345 3596 Ciantes
406 3539 463 3590 in
497 3551 596 3591 suo
613 3533 793 3587 libello
822 3531 898 3583 De
930 3531 1265 3583 sanctissima
1297 3528 1553 3582 Trinitate
1574 3540 1757 3583 contra
1787 3531 2038 3586 Judmos.
2078 3534 2284 3600 Quibus
2313 3537 2416 3589 rite
2443 3537 2729 3592 intellectis
2778 3540 3037 3610 (loquitur
3064 3543 3131 3598 de
3153 3543 3339 3599 decem

141 3636 239 3689 illis
281 3631 621 3703 Sephiroth),
654 3627 787 3681 nihil
812 3627 967 3680 video
994 3626 1046 3678 in
1077 3639 1140 3679 ea
1182 3623 1427 3678 doctrina
1459 3625 1663 3695 aliquid
1714 3637 1904 3682 contra
1955 3644 2143 3683 sanam
2201 3630 2524 3698 doctrinam,
2563 3634 2675 3687 imo
2716 3635 2898 3688 omnia
2946 3649 3186 3691 consona
3219 3653 3345 3695 esse

142 3723 384 3779 Ecclesia!
439 3721 742 3782 catholicae,
781 3725 836 3772 et
866 3731 989 3771 cum
1015 3716 1080 3769 iis
1113 3730 1233 3784 quae
1258 3715 1523 3770 docentur
1552 3731 1581 3769 a
1633 3717 1896 3787 theologis
1947 3721 2258 3776 convenire.
2316 3720 2512 3777 Verum
2567 3734 2746 3779 tamen
2773 3734 2874 3791 est,
2919 3727 3060 3797 quod
3096 3730 3343 3786 moderni

145 3819 446 3886 Kabalistae,
490 3833 552 3871 ut
569 3816 844 3888 mysteriis
869 3812 1146 3883 religionis
1176 3811 1500 3867 Christianae
1547 3815 1694 3867 omni
1729 3817 1920 3886 spiritu
1969 3832 2026 3872 se
2055 3829 2348 3889 opponant,
2386 3829 2552 3874 totam
2586 3825 2943 3879 eaconomiam
2985 3823 3338 3897 Sephirarum

143 3912 251 3967 suis
302 3913 462 3966 vanis
500 3907 1067 3970 commentationibus,
1095 3914 1149 3959 et
1170 3905 1474 3960 chimericis
1505 3914 1669 3976 atque
1719 3909 1972 3966 inanibus
2024 3914 2336 3968 nominibus
2398 3916 2664 3981 inﬁciunt,
2723 3935 2843 3988 quae
2881 3935 2948 3975 ex
2987 3923 3151 3978 certis
3175 3939 3346 3978 sacrae

153 4001 434 4071 Scriptura:
468 4003 622 4063 locis,
672 4000 823 4069 juxta
879 4007 1072 4062 artem,
1113 4013 1277 4068 quam
1339 4000 1720 4054 modernorum
1752 4001 2095 4060 Hebrteorum
2143 4005 2431 4063 Kabalista:
2463 4012 2701 4078 tradunt,
2737 4013 3045 4069 eliciuntur.
3082 4036 3100 4067 ι
3139 4015 3338 4071 Verum

152 4094 404 4165 quidquid
434 4095 508 4151 sit
545 4095 612 4148 de
653 4090 973 4146 Rabbinicis
1017 4091 1167 4145 hisce
1211 4089 1421 4160 ﬁguris,
1450 4089 1905 4162 quas'Sephiroth
1939 4111 2034 4150 seu
2064 4093 2340 4166 Sephiras,
2379 4101 2519 4169 quod
2552 4115 2746 4156 nomen
2773 4106 3200 4160 numerationem
3242 4121 3339 4160 seu

151 4200 431 4253 personam
466 4185 760 4258 signiﬁcat,
797 4193 1012 4247 vocant,
1048 4183 1178 4237 illud
1207 4190 1414 4238 certum
1438 4194 1538 4249 est,
1571 4185 1735 4256 hujus
1767 4190 1914 4244 vocis
1945 4188 2184 4255 Kabalae,
2213 4202 2272 4246 ut
2321 4193 2628 4250 observavit
2650 4195 2884 4252 Joannes
2934 4197 3176 4254 Morinus
3206 4199 3341 4270 (49).

153 4279 402 4347 triplicem
428 4293 552 4334 esse
572 4277 712 4346 apud
738 4274 1013 4330 inferioris
1037 4273 1210 4328 :etatis
1244 4271 1496 4328 Hebraeos
1550 4275 1998 4345 signiﬁcationem
2048 4299 2060 4334 :
2115 4282 2291 4350 primo
2338 4285 2572 4340 sumitur
2625 4300 2722 4356 pro
2771 4287 3170 4356 traditionibus,
3204 4305 3341 4359 quas

151 4385 333 4425 vocare
365 4370 542 4425 solent
597 4369 764 4437 legem
813 4367 1041 4434 oralem,
1084 4380 1204 4434 qua
1254 4363 1507 4419 Talmude
1562 4367 1872 4425 continetur
1902 4370 2317 4441 (50);secundo
2389 4391 2488 4447 pro
2543 4378 2893 4434 rahbinorum
2919 4388 2971 4434 et
3001 4380 3339 4438 doctoruma

218 4565 321 4636 (μ)
351 4567 430 4622 Ad
462 4568 599 4638 psal.
638 4584 753 4622 LIII.

217 4660 321 4731 (ιδ)
351 4660 610 4746 Hebraiee
635 4647 839 4746 rhapn,
870 4661 1159 4730 Hakabald,
1198 4663 1385 4720 Latine
1414 4666 1648 4718 traditio.

236 4752 318 4827 lii)
346 4741 566 4827 Burnet,
597 4741 917 4827 Are/turalog.
953 4755 1270 4826 philosoph.;
1306 4765 1450 4811 auct.
1488 4756 1677 4809 Kabal.
1719 4755 1842 4810 denu

563 4796 566 4813 .
597 4741 917 4827 Are/turalog.
953 4755 1270 4826 philosoph.;
1306 4765 1450 4811 auct.
1488 4756 1677 4809 Kabal.
1719 4755 1910 4811 denua.
1942 4766 2082 4827 part.
2112 4776 2169 4813 ιι.

239 4823 324 4897 ᾗ)
352 4825 580 4897 Yitring.
621 4824 803 4897 Obser.
840 4823 960 4879 suc.
997 4827 1032 4879 Ι.
1060 4843 1106 4888 ι,
1137 4823 1346 4882 dissert.
1374 4827 1427 4893 2,
1462 4827 1539 4881 De
1562 4827 1840 4897 Sephiroth
1878 4823 2142 4883 Kubalist.

217 4891 320 4966 (ιδ)
354 4894 492 4966 βίω.
525 4891 769 4960 Rabbiu.,
804 4906 952 4965 parte
985 4912 1057 4957 tv,
1093 4913 1211 4966 pag.
1239 4897 1362 4951 232.

217 4963 322 5035 (μ’)
353 4964 585 5035 Exarsit.
618 4966 709 5018 lib.
747 4963 1011 5025 tt._exerc.
1046 4963 1106 5029 9,
1135 4963 1250 5035 cap.
1286 4967 1336 5020 5.

220 5028 324 5108 (59)
351 5033 610 5089 Rabbeuu
645 5035 991 5108 Hakkadosc,
1028 5028 1116 5104 qui
1191 5028 1517 5104 teritporibtis
1547 5035 1806 5108 Antonini
1854 5030 1959 5108 _Pii_.
1999 5028 2069 5081 Μ.
2119 5028 2341 5092 Aurelii,
2386 5028 2624 5108 L._Yeri,
2660 5033 3028 5108 et_Commo_di
3063 5036 3352 5108 imperato-

156 5104 422 5157 ruminter
455 5120 585 5160 suos
617 5109 850 5160 maxime
893 5100 1106 5168 claruit,
1141 5100 1437 5175 priscorum
1476 5107 1778 5175 sapientum
1847 5100 2197 5175 Judae_o_rum._
2245 5109 2302 5175 ut
2349 5101 2574 5175 _rahbi_ni
2632 5103 2884 5166 tradunt.
2915 5100 3197 5164 schedulas
3228 5125 3349 5164 om-

157 5186 264 5245 nes.
307 5175 507 5243 quibus
563 5177 838 5230 memoriae
894 5163 1155 5242 juvand'aal
1199 5192 1385 5236 causa,
1422 5163 1555 5245 gﬂB'
1605 5163 1762 5239 517210
1794 5169 2209 5245 n‘1'{Ij_Th0_ratlt
2242 5165 2457 5223 Scebaitl
2495 5168 2605 5245 Pe,
2647 5175 2809 5245 oralis
2851 5163 2934 5228 lex
2974 5163 3351 5245 scriptaerat,

160 5239 423 5315 diligenter
457 5245 690 5315 collegit,
713 5256 765 5299 et
794 5261 859 5299 ex
891 5239 954 5301 iis
1015 5247 1157 5300 circa
1226 5260 1397 5299 annos
1421 5243 1630 5315 Domini
1658 5248 1755 5299 189
1793 5253 1846 5296 et
1878 5240 1978 5294 194
2003 5239 2254 5315 volumen
2277 5242 2599 5315 composuit,
2629 5244 2772 5315 quod
2799 5245 2867 5298 ab
2896 5245 3013 5311 ipso
3041 5239 3205 5306 nim
3242 5239 3350 5302 Mi;

159 5310 288 5384 ξςιιᾷ.
315 5314 412 5368 hoc
440 5325 525 5368 est
559 5310 791 5381 repetitio
816 5315 943 5384 legis
973 5318 1286 5384 inscriptum
1321 5324 1421 5367 est.
1453 5314 1566 5368 Alia
1592 5326 1768 5369 autem
1798 5310 2080 5384 opuscllla.
2111 5323 2232 5377 qua:
2270 5324 2298 5362 a
2361 5311 2554 5377 priscis
2593 5314 2854 5384 pbbinis,
2915 5310 3036 5383 post
3063 5318 3350 5372 rabbinum

162 5377 457 5438 Hakkadosc
505 5377 797 5452 composita
825 5377 1006 5447 .s'unt,
1051 5377 1270 5439 veniunt
1323 5387 1424 5438 sub
1500 5377 2116 5455 nomincidli‘scndyotlt,
2182 5387 2235 5431 et
2275 5377 2963 5455 vocantur-Burayctltotir,
3032 5402 3220 5455 nempe
3254 5403 3349 5442 ex-

165 5457 344 5526 traneae
401 5447 736 5526 traditiones,
802 5472 1030 5524 quarum
1093 5459 1371 5509 lectioiiem
1430 5471 1534 5508 una
1567 5470 1687 5508 cum
1716 5454 1922 5526 Miscuit
1968 5447 2583 5526 coniunguntnllebrmi.
2620 5447 2823 5526 Ictum
2865 5447 3043 5510 autem
3096 5447 3235 5511 ist'ud
3261 5459 3351 5526 jus

165 5515 454 5596 Judaicum,
516 5539 612 5578 seu
676 5514 834 5595 legis'
874 5526 1123 5593 repetitio
1189 5527 1400 5579 duabus
1431 5526 1668 5596 partibus
1693 5525 1950 5579 coalescit
1979 5514 2194 5596 ngam
2224 5528 2286 5596 et.
2306 5514 2582 5596 Cltemara.
2605 5520 3140 5596 ΔΜίείειιέιεει-ριιιιις
3166 5537 3217 5581 et
3244 5514 3353 5596 pri-

167 5591 349 5666 marius
382 5601 588 5658 textus,
611 5588 753 5666 guo'
772 5588 1080 5649 summatim
1117 5605 1170 5649 et
1208 5596 1369 5649 veluti
1410 5588 1514 5666 per
1571 5595 1914 5664 aphorismos
1979 5588 2294 5666 hujusmodi
2325 5589 2409 5643 lex
2451 5593 2672 5666 repetita
2707 5609 2799 5666 seu
2826 5595 2917 5666 jus
2941 5588 3352 5652 Iudaicum-ex-

169 5655 852 5739 hibetur.m1:_:’C'ltemard
884 5681 1036 5730 vero,
1062 5683 1182 5739 qua:
1237 5667 1309 5720 ita
1369 5655 1511 5739 dicta
1534 5655 1621 5720 est
1665 5676 1918 5739 tanquam
1990 5655 2120 5729 legis
2162 5659 2327 5738 oralis
2377 5655 2656 5739 perfectio,
2689 5655 2958 5739 absolutio
2997 5677 3052 5739 et
3098 5683 3354 5722 consum-

169 5731 338 5796 matio,
368 5741 451 5787 est
500 5735 664 5789 altera
708 5750 852 5804 pars,
920 5752 1024 5806 qua
1073 5731 1289 5790 Miseria:
1354 5737 1516 5790 varia!
1560 5731 1948 5806 explicationes
1990 5740 2044 5785 et
2110 5731 2381 5783 variarum
2429 5731 2743 5801 opinionum
2779 5735 3140 5792 discussioncs
3179 5741 3352 5792 conti-
