4068 6310
746 349 850 403 6‘25
1585 351 1639 403 S.
1683 345 2044 401 ATIIANASII
2084 345 2231 401 OPP.
2272 346 2449 399 PARS
2485 347 2568 401 lll.
2612 379 2675 388 —-
2720 347 3125 403 EXECETICA.
3854 351 3949 407 εει

744 468 927 538 Moyse
962 485 1013 521 ιιι
1052 469 1162 521 lucc
1194 484 1364 537 usque
1399 479 1637 537 tempora
1696 466 2076 526 successione;
2128 466 2286 518 tertio
2336 465 2534 519 liabala
2588 466 2783 519 dicitur
2835 466 3081 521 doctrina
3138 466 3383 535 quaedam
3441 466 3668 536 mystica
3698 481 3764 520 ex
3799 470 3950 523 variis

744 558 1022 613 nominum
1096 561 1402 613 divinorum
1464 557 1960 613 cornbinationilms
2004 566 2056 609 et
2108 556 2529 611 resolutionihus
2601 558 2897 612 litteratum
2948 558 3213 627 alphabeti
3273 558 3422 612 vario
3476 559 3629 620 situ,
3685 570 3951 627 permuta.

744 658 886 712 tione
912 696 925 718 ,
989 657 1384 718 decussatione,
1443 656 1625 709 det-cm
1678 652 1959 721 Scphiroth
1990 693 2004 716 ,
2056 652 2168 706 sive
2220 651 2310 705 Dei
2354 652 2625 707 attributis
2691 653 2834 705 varie
2874 652 3012 707 inter
3054 668 3113 707 se
3159 653 3505 721 comparatis,
3537 652 3777 722 aliisque
3816 652 3951 722 ejus-

740 749 883 802 modi
932 748 1122 802 uteniis
1173 759 1285 800 orta
1348 756 1399 800 et
1457 753 1630 798 eruta.
1683 741 1755 795 lta
1815 740 2075 795 Morinus.
2140 739 2201 793 Et
2240 741 2492 807 quoniam
2548 739 2762 794 Kabala:
2810 756 3027 805 nomen,
3078 749 3137 793 ut
3196 741 3397 794 dictum
3433 748 3559 801 est,
3622 740 3845 809 proprie
3891 740 3951 795 si-

737 841 956 910 gniﬁcat
1015 842 1181 911 legem
1240 855 1330 893 seu
1386 840 1686 893 doctrinam
1720 852 1748 889 a
1782 835 2081 903 majoribus
2104 852 2197 889 ore
2221 836 2496 895 traditam.
2531 836 2790 905 distingui
2840 836 3001 889 etiam
3045 852 3105 889 ea
3148 836 3287 891 solet
3317 836 3368 889 in
3400 845 3634 889 veterem
3664 851 3731 889 ac
3770 850 3945 890 recen-

741 932 950 984 tiarctn.
986 930 1271 985 Rcccntior
1296 932 1537 1001 quidem,
1571 944 1690 997 qua:
1727 928 1779 981 in
1818 928 2015 997 priscis
2050 927 2402 981 rabbinorum
2445 926 2647 981 scholis
2669 935 2848 979 ortum
2902 936 2955 980 et
2999 926 3325 995 principium
3367 926 3578 988 habuit,
3616 926 3763 979 nihil
3812 926 3943 979 aliud

739 1030 840 1080 est.
868 1032 923 1074 ut
971 1022 1135 1091 aliqui
1175 1030 1385 1091 putant,
1410 1036 1569 1089 quam
1600 1018 1942 1087 philosophia
1972 1016 2361 1087 Pythagm-ica,
2387 1026 2656 1086 quatenus
2686 1016 3000 1085 Pythagora:
3024 1017 3274 1085 dogmata
3311 1016 3614 1084 posteritati
3648 1015 3942 1078 innotuere,

739 1117 849 1171 sive
874 1116 1161 1171 Platonica
1198 1117 1264 1171 de
1289 1116 1395 1170 Deo
1424 1126 1473 1169 et
1502 1116 1661 1169 rebus
1710 1112 2043 1183 spiritalibus
2066 1129 2129 1165 ex
2155 1111 2433 1181 Scriptura
2463 1112 2751 1175 illustrata,
2780 1122 2833 1164 et
2856 1112 3193 1180 aznigmatice
3226 1126 3290 1165 ac
3307 1111 3602 1182 symbolice
3631 1113 3941 1180 proposita;

746 1207 828 1261 vel
860 1210 1039 1277 potius
1069 1219 1375 1261 sanctarum
1404 1205 1809 1276 Scripturarum
1843 1204 2108 1272 theologia
2134 1203 2392 1274 symbolis
2443 1201 2843 1256 Platonicorum
2892 1210 2947 1255 et
3007 1200 3493 1272 l’ythagoricorum
3545 1201 3941 1270 :euigmatibus,

735 1312 787 1357 ct
823 1304 1168 1357 rabbinorum
1202 1302 1399 1357 fabulis
1434 1318 1495 1356 ac
1532 1301 1828 1370 pucrililms
1854 1298 2003 1353 tricis
2029 1299 2338 1353 obscurata.
2391 1296 2514 1352 llaec
2541 1296 2941 1351 Kabalistarum
2997 1297 3151 1349 libris
3200 1296 3529 1355 continetur.
3557 1305 3611 1349 et
3640 1296 3711 1348 ad
3741 1309 3861 1347 eam
3886 1294 3939 1345 il-

746 1395 1080 1451 lustrandam
1112 1398 1475 1453 iucubueruut
1501 1396 1736 1449 Joannes
1769 1395 1995 1449 Carolus
2022 1393 2349 1459 Saracenos,
2398 1393 2560 1449 Picus
2606 1392 3036 1456 Mirandulanus,
3075 1390 3311 1446 Joannes
3353 1390 3713 1455 Reuchlinus,
3754 1388 3940 1443 Paulus

734 1491 949 1546 Riceius
979 1502 1033 1545 et
1061 1501 1252 1544 auctor
1281 1504 1581 1559 anonymus
1605 1488 1867 1541 librorum
1892 1484 2117 1538 Kabttlte
2142 1485 2457 1549 denudatw;
2487 1486 2575 1539 cui
2598 1495 2651 1539 et
2676 1485 2781 1538 alia
2808 1483 3024 1539 Kabala:
3054 1484 3259 1553 species
3293 1482 3665 1551 posteriorum
3692 1483 3936 1537 rabbino-

731 1598 851 1636 rum
900 1584 1115 1652 propria
1148 1582 1487 1652 adjungenda
1517 1582 1751 1643 vi.letur,
1782 1584 1827 1636 si
1856 1598 1963 1637 non
1986 1592 2224 1651 tempore
2264 1582 2513 1650 aequalis,
2548 1590 2692 1636 certe
2750 1596 2856 1634 non
2905 1580 3074 1635 multo
3105 1580 3195 1633 illa
3243 1577 3493 1641 inferior,
3526 1578 3593 1631 de
3616 1593 3731 1645 qua
3761 1586 3939 1647 praeter

730 1673 996 1729 Morinum
1032 1692 1059 1727 a
1086 1691 1170 1729 mc
1198 1691 1366 1745 nuper
1385 1677 1681 1741 laudatum,
1711 1676 1957 1745 aliosque
1975 1675 2264 1744 scriptores
2292 1674 2658 1729 Bartoloccius
2682 1674 2928 1743 pluribus
2962 1674 3014 1727 in
3040 1674 3175 1727 locis
3212 1688 3323 1726 sua:
3347 1670 3697 1725 Bibliotheca
3760 1668 3938 1721 Rabbi-

728 1766 859 1819 nij
890 1764 1149 1829 meminit,
1180 1779 1408 1833 eamque
1439 1765 1734 1819 detestatur
1779 1764 1863 1818 his
1894 1764 2104 1817 verbis:
2156 1782 2173 1814 ι
2205 1764 2468 1819 Auctorcs
2499 1762 2721 1818 infamis
2755 1762 2897 1817 illius
2947 1763 3081 1817 artis
3133 1777 3296 1832 quam
3332 1759 3715 1814 kabalisticam
3768 1760 3935 1829 appel-

727 1854 870 1921 lant,
905 1864 957 1911 et
989 1871 1084 1926 per
1133 1872 1296 1925 quam
1348 1854 1561 1925 prolani
1589 1856 1857 1917 homines.
1899 1857 1991 1926 qui
2021 1856 2300 1910 kabalistae
2334 1858 2473 1911 inter
2497 1855 2714 1911 Judaeos
2737 1856 2842 1910 dici
2871 1856 3110 1922 voluere,
3142 1864 3307 1911 totam
3348 1868 3559 1908 Sacram
3608 1851 3934 1922 Scripturam

724 1948 1027 2001 litterarum
1106 1947 1633 2016 permutationibus,
1688 1948 1965 2001 valoribus
2021 1948 2317 2002 numericis
2368 1963 2464 2018 pro
2516 1948 2798 2002 elementis
2850 1946 3239 2016 alphabetariis
3298 1944 3557 2013 acceptis,
3613 1943 3935 1998 dictionibus

728 2039 952 2109 integris
986 2039 1040 2092 in
1066 2052 1323 2092 numeros
1364 2038 1638 2105 resolutis,
1663 2049 1715 2093 et
1746 2040 1797 2093 in
1830 2040 1995 2093 alium
2023 2040 2248 2094 omnino
2283 2056 2438 2094 usum
2470 2040 2767 2106 diversum,
2792 2050 2845 2094 et
2886 2039 3215 2110 quandoque
3263 2036 3620 2099 contrarium,
3655 2045 3713 2091 et
3742 2035 3934 2089 diame-

728 2129 859 2183 triee
888 2128 1192 2199 oppositum
1220 2129 1320 2198 ipsi
1352 2145 1520 2185 sacra:
1540 2130 1856 2203 Scripturte,
1887 2148 2023 2187 ausu
2053 2147 2305 2201 prorsum
2342 2133 2631 2186 temerario
2677 2141 2732 2185 et
2760 2132 2985 2185 omnino
3045 2129 3377 2187 damnando.
3427 2125 3680 2182 eamdem
3738 2142 3932 2182 sacram

726 2223 976 2291 paginam
1015 2223 1302 2292 deturpare
1332 2224 1513 2278 conati
1547 2233 1690 2279 sunt.
1721 2245 1738 2276 ι
1768 2224 1950 2280 Altera
1986 2241 2117 2280 vero
2143 2226 2419 2295 antiquior
2446 2235 2550 2291 est,
2586 2242 2707 2295 quae
2760 2235 2883 2281 ante
2916 2226 3195 2281 Christum
3241 2235 3426 2278 natum
3465 2224 3608 2277 inter
3643 2224 3799 2277 viros
3824 2237 3933 2276 vera

731 2310 1133 2379 Scripturarum
1169 2315 1397 2367 scientia
1434 2314 1731 2370 instructos
1762 2316 1998 2370 obtinuit
2021 2318 2155 2387 (Sil),
2192 2332 2420 2386 quaeque
2452 2318 2770 2372 versabatur
2800 2318 2852 2371 in
2878 2318 3228 2387 intelligendo
3276 2316 3502 2386 mystico
3530 2314 3930 2385 Scripturarum

728 2418 913 2464 sensu,
953 2413 1005 2457 ct
1033 2403 1191 2474 longe
1231 2406 1536 2459 sublimiori
1575 2407 1686 2473 illo,
1719 2410 1809 2477 qui
1838 2408 2139 2461 exlitterali
2164 2417 2217 2462 et
2254 2410 2483 2463 naturali
2515 2409 2806 2463 verborum
2843 2410 3117 2465 intellectu
3142 2410 3334 2478 legenti
3382 2408 3659 2462 occurrit:
3696 2417 3753 2461 et
3809 2408 3933 2462 hanc

724 2495 938 2563 quidem
974 2496 1254 2550 scientiam
1283 2496 1470 2563 fuisse,
1504 2498 1674 2562 aiunt,
1730 2500 2113 2569 prophetarum
2159 2510 2212 2555 et
2243 2512 2550 2556 sanctorum
2576 2500 2783 2557 Veteris
2825 2500 3157 2557 Testamcuti
3215 2519 3244 2556 a
3301 2499 3504 2571 Moyse,
3532 2510 3586 2555 et
3612 2515 3642 2552 a
3692 2498 3806 2554 Dco
3828 2498 3931 2570 ipso

721 2587 894 2640 servis
920 2586 1033 2639 suis
1064 2588 1335 2649 traditam,
1368 2604 1487 2657 qua:
1512 2604 1618 2643 nou
1649 2592 1823 2644 solum
1853 2592 2172 2647 versabatur
2224 2592 2370 2647 circa
2425 2594 2746 2662 allegoricos
2779 2602 2832 2648 et
2889 2595 3148 2665 mysticos
3194 2608 3475 2648 sacrarum
3524 2591 3928 2660 Scripturarum

720 2695 933 2743 sensus,
964 2680 1054 2733 sed
1083 2681 1244 2733 etiam
1280 2683 1739 2752 complectebatur
1765 2685 2021 2753 dogmata
2060 2685 2328 2753 praecipua
2382 2684 2502 2737 ﬁdei
2531 2682 2769 2737 Iudaicae
2821 2686 2886 2738 de
2917 2685 3224 2739 veneranda
3268 2686 3321 2736 in
3380 2683 3489 2737 Deo
3544 2682 3841 2749 Triuitate,
3873 2686 3931 2737 de

724 2773 951 2827 adventu
982 2773 1209 2837 Messiaz,
1241 2785 1401 2844 atque
1425 2778 1643 2831 humani
1680 2779 1895 2847 generis
1921 2780 2311 2848 redemptione,
2344 2780 2648 2833 animarum
2686 2780 3095 2835 immortalitate
3123 2790 3283 2850 atque
3300 2779 3421 2833 aliis
3451 2778 3796 2847 hujusmodi,
3823 2795 3930 2848 qua:

720 2864 933 2918 diﬁicile
960 2880 1026 2918 ex
1055 2868 1220 2920 verbo
1258 2866 1443 2921 divino
1478 2884 1585 2922 non
1618 2870 1794 2925 adhuc
1825 2880 2007 2940 aperte
2038 2869 2255 2935 tradito,
2286 2870 2505 2940 intelligi
2536 2881 2804 2941 poterant.

808 2977 978 3032 XXV.
1021 2978 1269 3035 Proiecto
1303 2982 1551 3040 Christus
1592 2983 1855 3041 Dominus
1895 2995 1948 3040 ct
1989 2986 2217 3056 apostoli
2253 2988 2574 3056 quibusdam
2604 2986 2810 3043 Veteris
2840 2986 3171 3042 Testameuti
3206 2987 3339 3042 locis
3375 2987 3456 3041 usi
3484 2996 3615 3041 sunt
3643 2988 3714 3042 ad
3746 2988 3930 3043 conﬁr-

722 3070 975 3126 mandam
1005 3071 1309 3133 veritatem,
1339 3073 1455 3141 qui,
1483 3075 1689 3130 licctex
1728 3079 1945 3146 proprio
1971 3077 2187 3131 litterali
2217 3092 2376 3132 sensu
2414 3080 2476 3130 ad
2510 3080 2844 3146 probandum
2870 3078 2919 3133 id
2949 3078 3091 3148 quod
3119 3066 3485 3143 intendebant,
3516 3094 3674 3133 suam
3710 3079 3818 3133 vim
3842 3079 3931 3133 ha-

717 3168 906 3225 berent
929 3181 1092 3242 atque
1118 3175 1515 3235 auctoritatem,
1548 3170 1705 3242 longe
1728 3182 1905 3227 tamen
1937 3174 2115 3241 majus
2147 3170 2232 3226 eis
2282 3172 2492 3241 pondus
2515 3174 2801 3229 aecedebat
2831 3189 2895 3228 ex
2922 3172 3209 3227 traditione
3231 3173 3610 3241 prophetarum
3634 3181 3693 3227 et
3724 3182 3934 3229 sancto—

717 3275 837 3317 rum
863 3270 1128 3326 veterum,
1165 3263 1305 3320 unde
1337 3263 1621 3319 constabat
1648 3263 1769 3316 illos
1791 3263 1854 3317 ad
1884 3262 2133 3317 Mcssiam
2170 3264 2458 3330 rcSpicerc,
2497 3273 2658 3333 atque
2694 3266 2744 3318 in
2775 3265 2881 3319 illis
2912 3265 2977 3319 de.
3006 3262 3363 3333 Rcdcmptore
3390 3264 3497 3333 agi.
3526 3263 3661 3330 Qua:
3692 3265 3929 3335 quidem,

718 3352 1002 3407 traditione
1049 3356 1279 3417 seclusa,
1316 3354 1545 3409 minoris
1576 3356 1829 3423 ponderis
1863 3364 1914 3408 et
1942 3354 2160 3409 levioris
2208 3356 2547 3411 auctoritatis
2585 3357 2725 3426 apud
2766 3372 2860 3412 eos
2903 3356 3154 3422 fuissent,
3190 3366 3244 3411 ct
3275 3372 3419 3412 nunc
3450 3356 3772 3426 hujusmodi
3814 3373 3932 3414 esse

718 3444 856 3497 forte
881 3445 1208 3513 quibusdam
1240 3446 1406 3499 videri
1436 3453 1715 3514 poterunt,
1740 3447 1832 3514 qui
1866 3460 1970 3497 non
2007 3444 2139 3497 satis
2168 3445 2410 3498 animum
2436 3448 2722 3501 intendunt
2752 3448 2814 3501 ad
2849 3458 3082 3517 tempus,
3108 3456 3160 3502 et
3182 3448 3383 3510 locum,
3414 3458 3465 3503 et
3489 3464 3779 3518 personas,
3813 3451 3933 3519 qui.

714 3536 816 3591 bus
843 3538 931 3590 illa
966 3538 1169 3606 prolata
1206 3550 1355 3594 sunt.
1382 3538 1650 3601 Profecto,
1687 3553 1807 3607 qua:
1835 3537 1902 3592 de
1932 3539 2162 3608 mystico
2195 3547 2245 3591 ct
2274 3539 2563 3611 allegorice
2596 3540 2999 3611 Scripturarum
3032 3557 3197 3597 sensu
3231 3551 3285 3597 et
3314 3542 3559 3597 doctrina
3592 3542 3738 3612 apud
3771 3540 3930 3597 Vete-

716 3626 789 3680 ris
822 3626 1156 3684 Testanu-nti
1187 3630 1368 3686 Patres
1398 3647 1489 3700 per
1512 3645 1725 3695 manus,
1754 3640 1811 3685 ut
1841 3631 1913 3685 ita
1937 3630 2137 3697 (licam,
2166 3630 2361 3685 tradita
2385 3633 2524 3687 dicta
2558 3642 2705 3699 sum,
2732 3634 2890 3689 ﬁdem
2920 3650 2983 3689 ac
3009 3636 3379 3705 probationem
3409 3635 3653 3704 accipere
3678 3634 3933 3690 videntur

715 3734 781 3774 ex
804 3722 985 3775 verbis
1016 3719 1204 3775 Ililarii
1233 3721 1344 3791 (52)
1370 3741 1383 3775 :
1420 3740 1437 3771 ι
1469 3721 1573 3787 Qui
1603 3721 1839 3791 Moyses,
1871 3722 1968 3783 ait,
1999 3720 2249 3789 quamvis
2272 3719 2486 3777 Veteris
2514 3724 2843 3779 Testamenti
2877 3724 3035 3778 verba
3062 3725 3114 3779 in
3146 3725 3339 3780 litteris
3366 3725 3721 3790 condidisset,
3752 3733 3929 3779 tamen

712 3812 1005 3878 separatim
1055 3813 1299 3882 quaedam
1346 3828 1410 3867 ex
1458 3812 1681 3867 occultis
1714 3812 1847 3882 legis
1872 3813 2163 3867 secretiora
2204 3815 2458 3882 mysteria
2509 3814 2858 3885 Septuaginta
2892 3816 3219 3882 senioribus,
3264 3816 3358 3885 qui
3391 3815 3643 3870 doctores
3672 3814 3930 3884 deinceps

714 3914 1015 3969 manerent,
1045 3904 1405 3958 intiinaverat.
1427 3903 1596 3975 Cujus
1619 3905 1880 3959 doctrinte
1921 3906 2083 3960 etiam
2116 3902 2378 3960 Dominus
2427 3906 2479 3959 in
2537 3907 2840 3977 Evangeliis
2878 3908 3121 3964 meminit
3160 3910 3346 3964 dicens
3376 3927 3387 3961 :
3425 3906 3591 3977 Super
3617 3908 3928 3961 cathedram

715 3999 887 4069 Moysi
932 4000 1173 4053 sederunt
1224 3996 1421 4051 Scriba:
1454 4009 1501 4051 ct
1537 3998 1796 4053 Pharisaei
1828 3998 2045 4051 :omnia
2086 4013 2401 4068 quoscunque
2439 3998 2668 4051 dixerint
2720 4000 2859 4053 vobis
2908 4012 3107 4055 servate
3162 4011 3210 4056 et
3254 4000 3433 4069 facile,
3481 4000 3793 4070 secundum]
3814 4018 3928 4055 vero

718 4098 863 4165 facta
905 4110 1081 4147 eorum
1131 4094 1288 4147 nolite
1329 4095 1517 4163 facere.
1546 4092 1797 4149 Doctrina
1839 4108 1968 4163 ergo
2027 4093 2217 4146 horum
2248 4094 2448 4147 mansit
2468 4095 2520 4149 in
2551 4104 2848 4164 posterum,
2877 4112 2997 4167 quae
3023 4097 3089 4149 ab
3119 4096 3236 4165 ipso
3264 4096 3521 4165 scriptore
3545 4096 3680 4166 legis
3706 4107 3925 4168 accepta

715 4191 772 4242 in
812 4186 914 4241 hoc
942 4185 1218 4240 seniorum
1250 4186 1424 4241 oﬁicio
1454 4194 1507 4239 et
1534 4200 1761 4240 numero
1792 4194 2110 4240 conservata
2146 4192 2229 4238 est
2260 4184 2373 4256 (53)
2410 4203 2429 4236 ι

712 4346 1004 4400 nentur.Ex
1026 4344 1280 4400 Ghemart‘t
1306 4343 1678 4407 autemjuucta
1702 4324 2129 4405 Miscnw'ﬂa‘m,
2156 4340 2400 4406 Talmud,
2419 4356 2537 4411 quae
2559 4357 2660 4396 vox
2691 4342 2985 4395 doctrinam
3008 4340 3290 4411 signiﬁcat,
3318 4339 3691 4411 constituitur.
3697 4341 3923 4411 Talmud

711 4431 838 4471 vero
869 4417 1061 4484 duplex
1094 4426 1194 4479 est,
1222 4416 1448 4470 alterum
1479 4422 1560 4467 est
1602 4412 2003 4482 Babylonicum,
2036 4414 2261 4465 alterum
2300 4408 2450 4465 vero'
2470 4410 3031 4484 Hierosolymitanum.
3076 4410 3379 4484 Babyloniei
3431 4419 3618 4464 auctor
3642 4408 3775 4484 fuit
3808 4410 3923 4466 Rau

710 4486 865 4549 Ascé,
888 4479 1381 4557 BabylonicuALet
1409 4484 1536 4557 quia
1572 4479 1741 4557 morte
1776 4492 2075 4557 praeventus
2107 4479 2855 4557 op_u§__perlicere__nequivit.
2910 4491 3094 4557 postea
3130 4480 3434 4534 absolutum
3481 4490 3615 4557 esta
3640 4479 3923 4547 Marimar,

711 4565 765 4609 et
798 4573 826 4609 a
858 4556 968 4610 Mar
1012 4550 1135 4611 'ﬁlio
1206 4554 1318 4609 Rau
1360 4550 1513 4614 Asce,
1557 4554 1701 4606 circa
1746 4550 1944 4605 annum
1981 4550 2187 4605 Domini
2216 4551 2316 4603 500
2357 4562 2449 4621 aut
2484 4552 2628 4617 505;
2680 4550 3219 4621 Hierosolymitanum
3262 4565 3420 4615 vero,
3454 4550 3596 4617 quod
3647 4561 3734 4605 est
3774 4566 3923 4605 com-

713 4628 1036 4679 mentarium
1061 4642 1221 4694 super
1249 4624 1553 4694 nonnullos,
1586 4638 1693 4694 non
1726 4633 1903 4694 autem
1940 4637 2101 4685 super
2158 4636 2345 4694 omnes
2372 4620 2590 4694 Miseno:
2654 4623 2867 4694 libros.
2916 4637 2995 4694 ει,
3023 4621 3259 4694 diversis
3296 4620 3647 4673 rabbinorum
3701 4631 3918 4694 sentem

711 4698 799 4749 tiis
832 4699 1111 4751 collectum
1132 4689 1190 4748 iu
1220 4706 1357 4749 terra
1393 4693 1679 4746 Israelitica
1713 4707 1808 4759 pro
1840 4692 1904 4745 iis
1934 4693 2250 4761 praesertim,
2292 4692 2383 4760 qui
2410 4708 2527 4746 eam
2558 4695 2827 4761 regionem
2858 4691 3185 4761 incolebant.
3216 4692 3362 4744 circa
3425 4705 3629 4761 annum
3697 4689 3918 4761 Domini

709 4764 811 4820 568
854 4767 1069 4836 scripsit
1137 4765 1304 4820 Rabhi
1362 4762 1637 4836 Jochanau
1689 4762 1915 4815 dialecto
1974 4759 2493 4836 llici'osplyinitatia;
2563 4759 2629 4836 et
2665 4764 2784 4817 ideo
2834 4760 3656 4836 [iterosolymitanttm_dictum_
3693 4769 3797 4836 est.
3847 4760 3919 4813 Dc

709 4829 1223 4905 utroque-Talnam!
1277 4836 1429 4905 plura
1477 4833 1639 4885 videri
1702 4832 2114 4905 poteruutapod
2150 4829 2539 4887 Bartoloceium
2584 4834 2635 4886 iu
2675 4849 2773 4887 sua
2822 4829 3143 4886 Bibliotheca
3192 4830 3501 4892 Rabbinica,
3566 4830 3660 4883 ubi
3711 4829 3835 4886 fuse
3869 4840 3922 4885 et

708 4904 1002 4960 multifaria
1033 4904 1333 4961 eruditione
1366 4905 1512 4957 hisce
1542 4906 1606 4953 de
1640 4904 1797 4955 rebus
1833 4911 2145 4970 pertractat.

779 4976 889 5044 (51)
936 4976 1093 5031 Rich.
1140 4977 1272 5029 Sim.
1326 4972 1458 5027 Crit.
1518 4972 1622 5023 Vo-t.
1663 4964 1995 5037 Testam.,ct
2039 4972 2091 5022 iu
2155 4969 2282 5023 Litt.
2355 4986 2488 5037 resp.
2522 4973 2588 5021 ad
2618 4968 2963 5022 animadvers.
3017 4967 3208 5022 Claud.
3260 4966 3323 5019 de
3357 4964 3515 5028 Veil.;
3545 4964 3785 5021 Cumrus
3832 4967 3908 5023 De

706 5044 923 5112 Republ.
957 5045 1137 5106 Helm,
1163 5046 1254 5098 ιιι».
1285 5060 1363 5104 Ill,
1396 5059 1512 5111 cap.
1549 5044 1599 5093 ὃ.

820 5117 885 5168 ἱΞι
911 5120 1061 5168 Com.
1091 5120 1141 5168 in
1168 5116 1313 5168 Psal.
1341 5130 1399 5168 tt.
1425 5131 1475 5164 ιι.
1508 5112 1562 5165 ‘2.

820 5118 828 5128 “
938 5121 985 5167 'o
1049 5155 1061 5168 .
1097 5120 1107 5128 '
1215 5134 1269 5166 stt
1301 5158 1313 5168 .
1341 5130 1375 5166 tt
1425 5131 1475 5164 ιι.
1508 5116 1562 5165 2.

911 5116 1299 5240 (θυᾟιιιιιηέῖιιιιξ
1348 5153 1715 5257 summopere
1742 5181 2069 5257 cavetu_lun_i__
2093 5190 2175 5257 est
2214 5196 2243 5233 a
2278 5174 2646 5257 recentiorum
2680 5171 3049 5249 rabbinorum
3072 5166 3432 5257 commentis,
3462 5165 3555 5257 qui
3592 5165 3913 5257 ‘hujusnlodi

707 5235 945 5311 his‘tvo'r'ia'
970 5235 1750 5322 L-i'iiéuiiiétiimjmuniamus
1789 5253 1963 5320 prodit
1994 5250 2243 5313 llilarius,
2286 5250 2594 5322 abutuntur
2622 5244 2690 5322 ,ιιι
2733 5257 2869 5322 suas
2917 5242 3201 5322 nit-niasnet
3240 5235 3909 5322 fabulasgconli‘rniandas,

707 5304 1444 5395 casﬂsiinjilicioribus
1481 5304 1862 5375 obtrudi-mlas.
1894 5304 2242 5395 iFabulantnr
2280 5320 2433 5395 enim
2484 5312 2782 5395 rabbiuici'
2804 5308 3272 5395 doctores...Dcum
3301 5308 3358 5386 in
3399 5304 3745 5395 monte§ina
3776 5322 3910 5395 pra:-

708 5376 1331 5463 in)!it-ZLin"s‘éi-i,.i;..u’
1360 5376 1470 5446 alia
1534 5394 1682 5461 plura
1727 5402 1980 5445 oretcnus
2027 5391 2191 5461 Moysi
2240 5388 2549 5463 tradidisse,
2605 5398 2725 5451 qua:
2753 5381 2900 5463 Legi:
2956 5380 3116 5460 oralis
3170 5378 3386 5463 nomine
3437 5376 3905 5463 complectuntur

708 5448 1673 5531 illoys‘enmuteinlosuo,Josuolvero
1696 5464 2028 5531 septuaginta
2059 5452 2382 5531 senioribus,
2430 5448 2672 5509 seniores
2728 5448 3021 5531 prophetis,
3082 5448 3369 5527 prOphetas
3425 5448 3555 5531 viris
3613 5448 3901 5531 Synagogf.

707 5514 932 5606 magna;
982 5554 1105 5604 qum
1125 5554 1210 5588 tzlli
1275 5514 1518 5589 uliimnm
1569 5514 1913 5593 Simeonem?
1955 5540 2315 5606 cognomento
2341 5528 2585 5606 _Justum_,
2613 5514 2931 5606 ιιριιίιιιιιριι
2962 5514 3132 5600 illum,
3160 5514 3249 5606 qni
3276 5514 3711 5606 puerum-losum
3747 5516 3806 5606 iur
3832 5514 3902 5569 ul.

707 5587 1181 5675 biiugo-pii,"suo
1204 5587 1376 5657 Minoi
1414 5604 1578 5655 l.i.ill0
1606 5587 1987 5675 antiquiorem,
2012 5587 2251 5669 {eniporc
2291 5593 2843 5675 Alexandrinlllagui‘.
2897 5592 3166 5675 Antigono
3201 5588 3444 5667 Sochaeo.
3482 5596 3533 5639 et
3564 5587 3686 5667 aliis
3721 5587 3907 5675 subse-

706 5657 1181 5744 quentibus—iiiis:—
1212 5676 1440 5744 synedrii
1474 5674 1671 5743 magni,
1708 5657 1759 5726 ei
1816 5674 1898 5744 sie
1960 5657 2209 5739 deinceps
2277 5667 2557 5744 usque_ad
2598 5657 2848 5744 Rabbcnii
2896 5658 3351 5744 ΙξειιιιξξιιΙοδῡς-(ιιξί
3397 5658 3731 5744 ηοηριηυξινιυ
3776 5657 3905 5744 οῑξξί·

706 5726 1353 5815 liiiiiiiiilictoiiu.3,‘it?
1380 5726 1967 5816 perirent,'sclicdulas
2018 5726 2322 5813 priscorum
2362 5726 2686 5811 sapientum,
2736 5744 2793 5789 ut
2837 5734 2937 5805 ipsi
2988 5730 3273 5790 atlirmant,
3311 5728 3415 5782 huc
3458 5726 3587 5782 illuc
3632 5728 3903 5797 disperso
