4090 6312
177 366 280 422 6‘25
873 367 958 420 DE
1005 368 1281 425 TITULIS
1321 370 1774 428 PSALMORUM.
1817 405 1884 413 —-—
1924 375 2310 433 ANTONELLI
2352 378 2744 435 PREFATIO.
3273 380 3375 436 626

240 480 426 535 XXVI.
461 482 530 536 At
579 498 705 538 vero
754 485 797 540 si
849 503 960 542 rem
1011 499 1174 543 totam
1210 505 1318 558 prm
1356 490 1528 545 oculis
1564 492 1791 560 p0sitam
1830 497 2084 550 attentius
2121 497 2446 562 intueamur,
2489 507 2541 553 et
2570 513 2690 567 qum
2721 498 2771 551 in
2818 495 2990 548 Veteri
3028 494 3379 551 Testamento

173 572 370 639 scripta
400 580 452 624 et
485 587 604 640 quae
632 575 681 626 in
705 574 874 643 Novo,
897 587 950 632 et
975 595 1094 648 quae
1120 597 1152 634 a
1187 581 1485 650 majoribus
1508 593 1725 652 accepta
1753 584 2017 655 nobisque
2048 589 2239 642 tradita
2270 591 2397 653 sint,
2431 589 2740 657 diligentius
2764 590 3192 650 consideremus,
3223 603 3380 645 nemo

171 666 286 730 erit,
305 675 365 718 ut
392 677 538 735 puto,
557 671 648 736 qui
678 671 834 726 facile
863 675 1102 728 animum
1136 689 1291 729 suum
1323 675 1562 743 inducat,
1590 686 1649 730 ut
1679 679 1883 744 credat,
1921 680 2157 751 Moysen,
2184 686 2497 752 prophetas,
2523 695 2682 752 atque
2710 685 2846 738 alios
2875 685 3067 737 veteris
3096 684 3225 751 legis
3263 701 3380 738 ma-

171 756 367 824 gistros
397 767 451 810 et
483 761 765 816 sanctitate
797 773 851 817 et
881 767 1105 819 scientia
1153 776 1469 834 praestantes
1513 768 1746 837 aliquam
1779 782 1980 824 certam
2032 771 2343 842 Scripturas
2376 775 2661 842 allegorice
2695 773 3080 843 interprrtamli
3115 773 3376 827 rationem

171 863 259 902 seu
296 851 594 906 doctrinam
631 870 660 908 a
689 855 796 906 Deo
825 859 1115 926 accepisse,
1145 876 1264 928 qua:
1295 859 1505 914 Kabala
1536 863 1867 916 nominanda
1905 864 2013 929 sit;
2059 865 2150 919 sed
2174 867 2351 934 potius
2377 868 2670 936 generatim
2710 867 2787 920 eis
2832 878 3162 935 compertum
3214 867 3379 920 fuisse

170 937 220 990 in
261 941 687 1011 simplicioribus
731 963 1008 1003 sacrarum
1055 951 1460 1021 Scripturarum
1498 953 1678 1006 verbis
1712 970 1940 1010 arcanos
1985 965 2037 1010 et
2080 957 2425 1011 sublimiores
2471 973 2662 1012 sensus
2698 959 3003 1012 recomlitos
3040 973 3180 1021 esse,
3217 972 3375 1025 quos,

167 1045 428 1101 quantum
462 1038 515 1092 in
546 1054 605 1093 se
633 1050 766 1105 erat,
799 1042 976 1096 rimati
1004 1053 1130 1098 sunt
1174 1053 1336 1114 atque
1379 1047 1854 1116 im'estigaverunt.
1904 1048 2013 1104 Illis
2047 1060 2224 1104 autem
2265 1067 2372 1105 non
2406 1060 2513 1105 tam
2549 1067 2648 1104 suo
2677 1051 2860 1104 labore
2888 1063 3048 1118 atque
3093 1050 3378 1114 industria,

168 1141 326 1192 quam
367 1143 579 1184 summa
612 1133 993 1200 omnipotentis
1033 1133 1122 1188 Dei
1165 1137 1491 1206 benignitate
1521 1139 1713 1208 magis,
1752 1139 2038 1208 minusque
2075 1155 2171 1207 pro
2205 1155 2556 1208 personarum
2589 1139 2920 1200 cooditione,
2954 1138 3157 1208 Spiritu
3192 1146 3380 1192 sancto

169 1217 446 1283 edocente,
480 1222 572 1289 qui
606 1223 776 1291 spirat
803 1224 891 1276 ubi
926 1224 1057 1284 vult,
1091 1225 1269 1293 aliqua
1299 1226 1528 1280 revelata
1561 1227 1746 1287 fuisse,
1780 1227 1884 1281 alia
1919 1242 2047 1280 vero
2081 1242 2175 1295 per
2210 1243 2405 1280 manus
2439 1228 2842 1296 quodammodo
2874 1229 3147 1295 accepisse
3177 1242 3240 1279 ex
3271 1237 3380 1280 tra-

176 1310 380 1366 ditione
411 1316 698 1384 majorum,
725 1319 817 1386 qui
849 1319 1094 1372 similiter
1117 1321 1354 1374 caelestia
1406 1321 1660 1392 mysteria
1705 1320 1969 1374 velamine
2013 1320 2298 1373 verborum
2343 1321 2610 1373 occultata
2645 1334 2706 1372 ex
2746 1329 2894 1388 parte
2929 1321 3107 1388 aliqua
3144 1319 3376 1372 assecuti

170 1412 315 1456 sunt.
343 1403 612 1459 Craterum
641 1407 859 1469 intueri,
896 1409 1108 1464 sublato
1137 1411 1423 1476 velamine,
1453 1413 1631 1465 divina
1675 1420 1727 1465 et
1755 1426 1986 1479 superna
2017 1412 2292 1480 mysteria,
2319 1420 2368 1464 et
2393 1411 2649 1479 dispulsis
2681 1411 2969 1478 ligni-arum
3008 1410 3266 1474 tenebris,
3290 1426 3378 1462 ar-

167 1510 334 1549 canos
375 1495 776 1567 Scripturarum
809 1515 1001 1555 sensus
1030 1502 1401 1570 introspicere,
1439 1504 1502 1556 ad
1540 1502 1590 1555 id
1623 1511 1833 1571 tempus
1860 1511 2131 1556 servatum
2161 1510 2264 1568 est,
2297 1517 2403 1570 quo
2436 1501 2687 1570 splendor
2714 1500 2909 1565 Patris,
2944 1502 3034 1554 lux
3069 1501 3254 1554 mundi
3278 1514 3375 1569 po-

165 1586 306 1653 pulis
334 1586 640 1654 jacentibus
669 1591 719 1642 in
762 1592 996 1645 tenebris
1023 1602 1073 1644 et
1099 1593 1288 1646 umbra
1316 1593 1506 1646 mortis
1527 1593 1831 1646 exoriretur
1862 1593 1912 1644 in
1941 1593 2118 1645 terris.
2149 1589 2264 1645 IIue
2292 1600 2470 1644 autem
2503 1600 2748 1659 spectare
2773 1591 3022 1645 videntur
3053 1591 3214 1642 verba
3235 1588 3378 1658 Apo-

165 1682 289 1734 stoli
323 1682 375 1734 in
412 1679 648 1751 Epistola
684 1686 748 1736 ad
777 1684 1122 1740 Corinthios:
1159 1683 1278 1738 Non
1309 1685 1444 1754 quod
1472 1684 1775 1753 sufficientes
1801 1684 1962 1735 simus
1993 1684 2221 1749 cogitare
2254 1680 2454 1749 aliquid
2485 1697 2548 1733 ex
2584 1681 2749 1743 nobis,
2787 1683 2938 1750 quasi
2972 1697 3035 1734 ca:
3073 1681 3255 1742 nobis;
3290 1680 3379 1732 sed

161 1778 475 1844 sufficientia
507 1788 684 1832 nostra
728 1795 792 1831 ea:
825 1778 928 1831 Deo
959 1789 1058 1841 est,
1094 1782 1181 1847 qui
1211 1793 1260 1832 et
1289 1781 1495 1832 idoneos
1521 1795 1611 1831 nos
1648 1779 1767 1847 fecit
1811 1779 2078 1830 ministros
2109 1774 2245 1827 Novi
2279 1774 2613 1831 Testamenti.
2649 1789 2748 1824 non
2799 1772 3007 1835 littera,
3037 1771 3123 1823 sed
3150 1771 3376 1839 spiritu:

163 1866 340 1920 littera
364 1870 502 1922 enim
531 1870 738 1935 occidit,
773 1875 988 1939 spiritus
1018 1889 1191 1928 autem
1223 1875 1447 1943 viviﬁcat
1479 1874 1554 1938 “;
1583 1883 1636 1927 et
1669 1871 2070 1942 pauloinlerius
2098 1890 2109 1925 :
2141 1869 2208 1922 Et
2237 1886 2338 1922 non
2365 1871 2499 1922 sicut
2538 1868 2741 1936 Moyses
2772 1867 2990 1935 ponebat
3031 1867 3260 1920 velamen
3286 1883 3379 1918 su-

161 1972 254 2022 per
280 1958 472 2026 faciem
495 1977 663 2027 suam,
690 1973 745 2016 ut
775 1980 877 2018 non
911 1967 1230 2019 intenderent
1260 1966 1359 2034 ﬁlii
1403 1964 1574 2019 Israel
1600 1967 1652 2018 in
1680 1965 1867 2032 {aciem
1908 1963 2041 2031 ejus,
2071 1962 2208 2030 quod
2253 1972 2575 2014 evacuatur:
2604 1961 2692 2013 sed
2723 1959 2894 2012 obtusi
2923 1967 3042 2010 sunt
3081 1974 3260 2011 sensus
3291 1974 3382 2010 eo—

164 2067 305 2104 rum.
342 2051 514 2122 Usque
553 2055 608 2108 in
640 2056 944 2113 hodiernum
981 2063 1117 2114 enim
1159 2061 1292 2114 diem
1325 2062 1378 2114 id
1412 2062 1580 2130 ipsum
1608 2059 1832 2112 velamen
1858 2059 1913 2110 in
1942 2057 2158 2110 lectione
2193 2055 2388 2108 Veteris
2417 2052 2734 2105 Testamenti
2763 2059 2935 2102 manet
2968 2065 3069 2102 non
3100 2049 3380 2102 revelatum

165 2141 440 2210 (quoniam
463 2144 516 2196 in
539 2143 745 2198 Christo
764 2149 1088 2218 evacuatur),
1113 2151 1200 2203 sed
1230 2167 1388 2218 usque
1418 2151 1469 2202 in
1494 2148 1800 2200 hodiernum
1826 2148 1983 2210 diem,
2013 2163 2128 2198 cum
2155 2147 2348 2213 legitur
2373 2144 2600 2212 Moyses,
2623 2142 2851 2196 velamen
2877 2143 3104 2212 positum
3126 2151 3201 2195 est
3229 2155 3383 2209 super

165 2250 256 2285 cor
281 2249 534 2290 eorum...
574 2237 683 2291 Nos
713 2256 828 2297 vero
855 2257 1029 2295 omnes
1057 2242 1281 2295 revelata
1310 2241 1442 2310 facie
1466 2241 1686 2310 gloriam
1716 2240 1925 2293 Domini
1956 2238 2278 2307 speculantes
2304 2240 2356 2291 in
2384 2239 2617 2292 eamdem
2640 2238 2916 2306 imaginem
2944 2237 3384 2305 transformamur

162 2342 196 2378 a
222 2324 473 2381 claritate
497 2330 548 2380 in
581 2329 895 2396 claritatem,
929 2342 1176 2403 tauquam
1199 2350 1230 2385 a
1267 2332 1481 2386 Domini
1510 2329 1710 2400 Spiritu
1735 2314 1797 2383 "1
1829 2329 1911 2383 Ad
1947 2330 2035 2383 illa
2064 2338 2242 2384 autem
2276 2329 2512 2396 Apostoli
2544 2328 2702 2382 verba
2725 2328 2790 2382 de
2821 2328 3082 2381 velamine
3108 2342 3268 2397 super
3291 2343 3385 2381 cor

164 2419 500 2483 Judaeorum,
529 2435 649 2472 cum
678 2422 868 2491 legitur
884 2423 1114 2493 Moyses,
1137 2426 1208 2478 ita
1232 2433 1627 2479 commentatur
1644 2423 1902 2492 Origenes
1926 2422 2176 2477 refellens
2197 2422 2410 2476 Celsum
2432 2420 2566 2487 (54),
2585 2419 2699 2488 qui,
2722 2416 3030 2470 Judmorum
3050 2431 3244 2470 sensus
3265 2433 3384 2475 eos-

164 2511 288 2565 dem
321 2526 441 2565 esse
471 2527 533 2566 ac
557 2511 987 2569 Christianorum
1022 2516 1075 2569 in
1111 2517 1312 2570 sanctis
1343 2516 1635 2585 Scripturis
1667 2513 2105 2580 interpretandis,
2138 2523 2337 2566 temere
2365 2511 2682 2564 allirmabat.
2735 2526 2752 2559 ι
2785 2507 3054 2572 Dicemus,
3088 2511 3280 2580 inquit,
3324 2509 3379 2562 in

165 2603 424 2659 confesso
456 2622 574 2661 esse
594 2608 733 2677 apud
767 2617 1046 2679 utrosque,
1084 2609 1249 2664 libros
1278 2611 1459 2663 divino
1493 2608 1690 2677 Spiritu
1718 2607 1886 2661 fuisse
1926 2606 2190 2676 scriptos;
2223 2608 2287 2660 de
2325 2607 2534 2660 illorum
2563 2617 2739 2662 autem
2779 2608 3034 2662 librorum
3065 2609 3382 2675 interpreta-

169 2695 321 2749 tione
347 2711 450 2750 nos
475 2712 598 2750 cum
628 2696 828 2754 ludatis
851 2699 1160 2754 dissentire.
1191 2700 1397 2767 Quippe
1423 2713 1528 2750 non
1555 2707 1611 2750 ut
1631 2695 1797 2751 Judaei
1826 2698 2072 2762 vivimus,
2107 2712 2469 2766 negamusque
2500 2709 2728 2752 mentem
2750 2700 2881 2768 legis
2906 2699 3168 2754 contineri
3198 2714 3382 2767 sensu,

167 2803 333 2859 quem
356 2789 532 2857 legum
562 2789 734 2844 littera
762 2807 869 2860 prae
892 2809 949 2846 se
965 2792 1083 2845 fert.
1107 2792 1361 2857 Quinimo
1394 2791 1743 2853 allirmamus,
1765 2808 1886 2845 cum
1917 2792 2110 2861 legitur
2137 2790 2366 2862 Moyses,
2395 2791 2635 2846 velamen
2672 2794 2906 2861 positum
2944 2808 3062 2848 esse
3097 2809 3256 2862 super
3292 2808 3387 2847 cor

168 2896 386 2944 eorum,
415 2895 533 2934 eam
562 2881 632 2933 ob
655 2895 900 2943 causam,
929 2883 1056 2950 quia
1085 2882 1218 2952 legis
1252 2881 1500 2936 Mosaica:
1535 2898 1686 2937 mens
1714 2883 2016 2936 occultatur
2051 2882 2137 2946 iis,
2168 2883 2259 2951 qui
2285 2884 2422 2935 viam
2455 2900 2482 2937 a
2513 2881 2637 2937 Jesu
2677 2882 2896 2939 Christo
2927 2893 3276 2938 monstratam
3302 2884 3388 2937 in-

169 2973 320 3043 gredi
353 2981 692 3026 recusarunt.
723 2971 934 3026 Scimus
963 2981 1164 3036 autem,
1196 2975 1412 3043 quando
1451 2991 1508 3030 se
1547 2975 1668 3044 quis
1695 2974 1759 3028 ad
1791 2974 2096 3038 Dominum,
2121 2977 2209 3041 qui
2245 2974 2478 3041 Spiritus
2515 2984 2618 3037 est,
2647 2977 2995 3043 converterit,
3020 2977 3260 3030 velamen
3292 2992 3384 3029 au-

170 3067 326 3129 ferri,
357 3079 590 3132 eumque
613 3073 802 3118 retecta
829 3065 963 3134 [acie
991 3066 1204 3120 Domini
1233 3068 1477 3138 gloriam,
1506 3067 1639 3121 velut
1667 3069 1720 3119 in
1744 3065 1972 3133 speculo,
2003 3065 2197 3118 intueri
2223 3065 2276 3118 in
2307 3067 2412 3120 illis
2447 3068 2716 3127 sensibus,
2745 3083 2883 3136 quos
2913 3067 3087 3120 littera
3107 3068 3238 3136 legis
3257 3067 3384 3121 abs-

171 3156 462 3219 condebat,
485 3155 603 3209 etin
627 3171 777 3211 suam
802 3158 970 3227 ipsius
990 3161 1411 3231 gloriamgloriaa
1432 3161 1627 3215 divinae
1653 3158 1964 3227 participem
1989 3156 2124 3211 ﬁeri.
2152 3156 2283 3212 Nam
2313 3159 2386 3223 id,
2412 3160 2553 3230 quod
2578 3161 2663 3214 hic
2688 3175 2781 3229 per
2800 3160 3022 3227 liguram
3053 3168 3276 3212 vocatur
3307 3158 3388 3227 fa-

170 3251 274 3302 cies
297 3289 312 3312 ,
345 3256 530 3317 aperte
558 3247 796 3317 loquenti
830 3261 912 3306 est
935 3253 1257 3317 intellectus,
1287 3253 1338 3304 in
1374 3268 1482 3320 quo
1516 3260 1598 3306 est
1620 3251 1894 3305 interioris
1926 3250 2160 3306 hominis
2184 3253 2370 3317 lacies,
2391 3269 2530 3321 qua},
2557 3261 2839 3322 perspecto
2863 3267 2990 3306 vero
3009 3252 3181 3322 legum
3201 3267 3385 3314 sensu,

172 3351 285 3396 tota
322 3341 528 3394 lumine
564 3349 618 3394 et
658 3341 826 3410 gloria
853 3336 1175 3413 resplendet.
1210 3367 1228 3397 ι
1283 3344 1645 3411 Quamobrem
1676 3345 1830 3414 juxta
1873 3343 2032 3398 verba
2067 3347 2206 3401 beati
2240 3347 2487 3415 Apostoli
2521 3349 2781 3417 spiritalis
2817 3363 3093 3404 sacrarum
3147 3345 3388 3413 Scriptu-

172 3454 362 3494 rarum
402 3441 768 3509 intelligentia,
803 3447 856 3493 et
887 3438 1219 3493 sublimioris
1260 3438 1473 3492 illarum
1500 3454 1694 3493 sensus
1723 3440 1957 3509 perlecta
2004 3453 2229 3510 prorsus
2263 3451 2424 3508 atque
2465 3440 2710 3494 absoluta
2754 3440 2987 3510 cognitio
3033 3453 3218 3493 revera
3257 3437 3387 3493 solis

175 3534 466 3600 apostolis,
491 3533 805 3602 sanctisque
832 3531 1102 3595 Patribus,
1132 3540 1185 3584 et
1213 3529 1467 3585 Ecclesia:
1495 3531 1588 3585 Dei
1624 3532 1752 3596 vivi,
1783 3548 1902 3600 quae
1933 3541 2015 3586 est
2041 3532 2318 3593 columna,
2351 3543 2401 3583 et
2432 3531 2827 3585 ﬁrmamentum
2862 3531 3105 3586 veritatis
3132 3530 3195 3594 ¹³,
3226 3540 3279 3583 et
3321 3528 3389 3582 ad

176 3640 344 3694 quam
379 3641 446 3680 ex
481 3628 777 3695 apostolica
808 3626 1096 3680 traditione
1131 3626 1448 3684 dimanavit,
1483 3626 1645 3677 tribui
1678 3626 1851 3678 debet.
1884 3625 2014 3678 Nam
2054 3639 2120 3678 ex
2153 3625 2219 3679 iis
2244 3640 2365 3692 quae
2403 3625 2546 3678 circa
2586 3624 2862 3679 Christum
2898 3626 3186 3679 Dominum
3217 3623 3392 3677 conti-

178 3725 400 3785 gerunt,
434 3732 631 3787 magna
659 3719 751 3772 lux
781 3732 948 3772 sacrae
979 3714 1290 3784 Scriptum,
1324 3724 1377 3768 et
1401 3715 1668 3784 przecipue
1697 3716 2029 3784 pr0pbeticis
2054 3717 2288 3771 oraculis
2315 3717 2472 3770 allata
2509 3728 2607 3771 est.
2647 3715 2909 3773 Praeterea
2953 3719 3204 3773 Christus
3238 3725 3387 3786 post-

176 3825 344 3879 quam
373 3810 427 3864 in
458 3811 654 3865 caalum
687 3809 946 3868 ascendit,
977 3805 1233 3876 Spiritum
1271 3815 1538 3867 sanctum,
1563 3821 1722 3875 quem
1771 3807 2092 3875 promiserat
2135 3807 2392 3876 apostolis
2415 3847 2429 3870 ,
2463 3808 2628 3871 misit,
2662 3809 2753 3877 qui
2802 3808 3016 3861 doceret
3043 3823 3138 3861 eos
3173 3821 3388 3861 onmem

176 3905 496 3968 veritatem;
523 3903 642 3956 ideo
664 3902 890 3956 docente
914 3901 1116 3968 Spirttn
1148 3901 1390 3955 veritatis
1415 3902 1696 3968 pervenire
1721 3900 1946 3971 apostoli
1973 3910 2262 3970 potuerunt
2291 3901 2356 3955 ad
2387 3903 2731 3971 allegorieum
2765 3917 2859 3956 seu
2891 3902 3185 3971 spiritalem
3209 3914 3390 3954 sacra-

178 4010 300 4048 rum
347 3993 753 4062 Scripturarum
801 4009 1020 4048 sensum
1058 3993 1484 4062 percipiendum,
1517 4003 1570 4046 et
1611 4009 1676 4047 eo
1726 3995 2026 4063 pertingere
2071 4008 2179 4061 quo
2221 3994 2474 4047 Patribus
2501 3994 2710 4050 \eteris
2745 3993 3069 4049 Testamenti
3096 4000 3149 4047 et
3183 3991 3390 4060 magnis

179 4084 464 4153 prOpbetis
492 4094 769 4152 penetrare
803 4102 908 4140 non
942 4086 1115 4140 licuit.

252 4173 476 4228 XXVII.
510 4177 890 4245 Apostolorum
925 4179 1090 4247 igitur
1119 4177 1366 4246 extemplo
1390 4178 1672 4238 excitatos,
1697 4192 1994 4245 eorumque
2025 4177 2261 4247 vestigiis
2279 4186 2333 4232 et
2360 4177 2618 4231 doctrina:
2643 4175 2967 4229 inluerentes
2995 4173 3392 4231 vetustissimos

181 4267 468 4323 orientalis
499 4267 756 4324 Ecclesia:
789 4269 977 4325 Patres
1013 4273 1238 4341 mystico
1284 4270 1706 4339 Scripturarum,
1754 4271 1934 4325 sensui
1963 4271 2246 4339 aperiendo
2271 4269 2606 4339 potissimum
2649 4267 2942 4331 studuisse,
2977 4266 3133 4320 tidem
3165 4263 3388 4328 faciunt,

182 4368 244 4411 ut
274 4362 528 4428 superius
559 4362 692 4428 dixi,
726 4370 919 4432 praeter
963 4363 1243 4434 Origenetn
1276 4373 1327 4418 et
1358 4366 1686 4418 Clementem
1712 4364 2133 4417 Alexandrinum
2173 4364 2400 4434 epistola
2449 4379 2567 4433 qua:
2599 4363 2858 4416 Barnabas
2882 4361 3204 4422 ascribitur;
3233 4357 3389 4412 Com-

183 4451 454 4505 mentaria
489 4453 542 4506 in
563 4466 789 4523 quatuor
812 4454 1098 4524 Evangelia
1127 4456 1409 4526 Theophili
1441 4458 1678 4526 episcopi
1713 4457 2052 4519 Antiocheni,
2101 4458 2182 4511 vel
2217 4455 2438 4512 alterius
2467 4457 2672 4525 antiqui
2711 4454 3012 4522 scriptoris,
3042 4453 3132 4521 qui
3157 4451 3392 4518 Evange-

185 4541 321 4594 Iium
359 4542 588 4612 mystica
623 4543 1064 4612 interpretatione
1091 4548 1344 4616 explicat,
1379 4559 1490 4602 tum
1537 4551 1697 4601 etiam
1726 4547 1984 4602 llebraica
2017 4550 2234 4604 nomina
2262 4566 2382 4617 qua:
2412 4551 2462 4601 in
2496 4546 2645 4600 Novo
2680 4545 3025 4598 Testamento
3051 4545 3393 4598 continentur

185 4633 473 4703 diligenter
497 4635 898 4704 interpretatur,
929 4649 984 4692 ct
1012 4637 1358 4705 allegoricum
1391 4655 1608 4692 sensum
1642 4639 1724 4707 pie
1758 4656 1819 4694 ac
1861 4642 2085 4694 solerter
2114 4643 2368 4709 exponit;
2398 4649 2507 4692 tum
2548 4639 2650 4691 alia
2681 4639 2921 4707 ejusdem
2947 4635 3226 4705 Theophili
3262 4635 3394 4688 alio-

185 4742 424 4795 rumque
459 4734 702 4782 veterum
731 4729 984 4786 Ecclesiaa
1010 4730 1230 4785 Patrum
1256 4735 1515 4801 opuscula
1547 4749 1666 4801 quae
1696 4733 1760 4785 ad
1797 4750 1896 4789 nos
1925 4742 2299 4803 pervenerunt.
2336 4731 2446 4784 Cur
2480 4738 2656 4783 autem
2702 4729 2907 4797 antiqui
2936 4727 3173 4781 Orientis
3211 4725 3394 4780 Patres

188 4817 241 4870 in
271 4818 666 4886 perscrutando
712 4824 939 4890 mystico
973 4839 1067 4876 seu
1113 4825 1338 4892 spiritali
1385 4825 1787 4892 Scripturarum
1838 4841 1998 4880 sensu
2033 4826 2166 4877 adeo
2193 4824 2474 4892 diligentes
2505 4831 2558 4874 ct
2595 4822 2794 4876 assidui
2836 4820 3055 4885 fuerint,
3087 4819 3283 4887 duplici
3331 4834 3392 4872 ex

186 4925 352 4964 causa
391 4910 657 4973 evenisse,
686 4913 936 4982 quisque,
973 4924 1030 4968 ut
1053 4933 1194 4974 reor.
1223 4915 1503 4985 judicabit.
1546 4915 1746 4979 Prima,
1788 4919 1914 4987 quia
1949 4917 2256 4984 hujusmodi
2292 4915 2784 4984 interpretationem
2823 4913 3082 4981 aptiorem
3122 4910 3399 4970 existima,

275 5075 315 5104 “
340 5073 385 5127 II
417 5073 542 5128 Cor.
569 5091 653 5140 ιιι,
676 5076 730 5144 3,
758 5075 810 5131 6.
890 5077 930 5107 "
963 5078 1090 5131 ibid.
1120 5077 1299 5132 15-18.
1380 5078 1422 5108 ¹³
1461 5078 1476 5130 I
1503 5076 1640 5130 Tim.
1669 5091 1744 5142 ιιι,
1771 5076 1853 5130 IEi.

193 5209 433 5278 collegit,
466 5209 778 5277 librumque
804 5208 1003 5261 Miseria
1025 5209 1276 5278 confecit,
1296 5225 1325 5262 a
1371 5225 1479 5277 quo
1518 5224 1639 5263 cum
1695 5208 1950 5261 Ghemart‘r
1973 5209 2261 5278 conjuncta
2321 5207 2544 5261 Talmua’
2582 5211 2940 5277 componitur.
2971 5207 3196 5278 Talmud
3223 5215 3400 5278 autem

195 5277 402 5336 neme
453 5294 611 5348 aeque
657 5295 722 5333 ac
753 5295 982 5348 sacram
1017 5277 1346 5348 Scripturam
1379 5282 1555 5348 magni
1582 5280 1811 5343 fat-lunt;
1854 5281 1961 5332 imo
1989 5277 2151 5333 etiam
2191 5278 2499 5348 pra-lerunt.
2543 5278 2635 5332 Est
2671 5291 2845 5333 autem
2884 5278 3018 5332 liber
3050 5277 3239 5346 plenus
3275 5277 3397 5348 ridi-

195 5352 330 5403 tulis
379 5356 434 5418 et
498 5346 698 5418 putidis
740 5347 958 5410 fabulis,
1001 5346 1518 5417 superstitionibus,
1562 5350 1909 5416 blasphemtis
1951 5360 2002 5400 et
2044 5346 2409 5418 impietatibus
2454 5352 2704 5413 refertus,
2752 5361 2808 5402 ut
2837 5349 3025 5402 merito
3056 5347 3256 5418 pluries
3283 5346 3403 5418 lue-

195 5425 262 5474 rit
325 5437 353 5473 a
403 5415 664 5489 Romanis
714 5415 1084 5487 pontilicibus—
1114 5419 1468 5486 proscriptus,
1538 5429 1586 5471 et
1625 5415 2084 5489 igni_tlatnuatiis,
2116 5415 2168 5470 et
2216 5421 2370 5487 longe
2419 5433 2572 5471 antea
2616 5420 2682 5469 ab
2728 5415 3070 5489 imperatore
3098 5415 3404 5489 Iustiniano

196 5493 312 5558 ejus
336 5489 495 5542 lectio
520 5485 756 5541 Hebrreis
781 5489 1060 5541 interdicta
1081 5490 1289 5541 videtur
1319 5490 1369 5540 in
1413 5490 1616 5542 novella
1648 5485 1792 5550 71.56,
1835 5490 1914 5542 tit.
1950 5489 2021 5540 De
2056 5485 2330 5548 Hebr-teis,
2362 5490 2537 5543 verbis
2571 5490 2708 5543 illis:
2741 5508 2757 5538 ι
2793 5485 2920 5554 Quae
2960 5502 3093 5558 vero
3146 5485 3403 5558 Drutero-

200 5556 294 5619 sis.
327 5559 487 5629 quasi
527 5559 846 5611 sccundaria
892 5559 1121 5612 eruditio
1164 5560 1230 5610 ab
1275 5558 1406 5626 ipsis
1438 5560 1654 5620 dicitur,
1697 5558 1746 5609 in
1790 5560 2099 5612 universum
2145 5558 2536 5622 interdicimus,
2569 5572 2626 5610 ut
2666 5559 2757 5627 qui
2808 5559 2978 5612 sacris
3046 5556 3196 5629 libris
3252 5569 3400 5629 com:

203 5625 464 5698 prehensa
490 5643 597 5680 non
626 5630 716 5691 sit,
747 5644 918 5696 neque
967 5630 1196 5696 desuper
1255 5625 1447 5682 tradita
1501 5644 1592 5696 per
1650 5629 1954 5697 prophetas.
1985 5631 2076 5681 sed
2112 5639 2358 5696 excerpta
2407 5631 2649 5697 quaedam
2685 5625 2936 5683 Virorum
2984 5627 3280 5690 contineat,
3316 5625 3405 5691 qui

206 5712 417 5754 terrena
438 5699 704 5768 duntaxat
738 5699 1044 5768 loquantur,
1084 5700 1572 5768 nequequidquam
1610 5700 1660 5752 in
1691 5716 1746 5752 se
1785 5699 1949 5752 divini
1984 5700 2209 5754 habeant
2238 5698 2502 5760 Numinis,
2535 5709 2636 5752 etc.

283 5769 404 5840 (5i).
419 5767 565 5837 Orig.
593 5779 775 5820 contra
803 5767 934 5821 Cels.
967 5769 1057 5822 lib.
1084 5784 1133 5830 v,
1169 5786 1218 5819 ιι.
1244 5767 1329 5820 60.
