  <div class='ocr_page' id='page_1' title='image "/cluster/home/n/w/nwhite01/storage/ocr_20150623/27/pst.000005712182/321.png"; bbox 0 0 4090 6312; ppageno 0'>
   <div class='ocr_carea' id='block_1_1' title="bbox 772 362 3947 422">
    <p class='ocr_par' dir='ltr' id='par_1_1' title="bbox 772 362 3947 422">
     <span class='ocr_line' id='line_1_1' title="bbox 772 362 3947 422; baseline 0 -6"><span class='ocrx_word' id='word_1_1' title='bbox 772 362 876 416; x_wconf 75' lang='grc'><strong>627</strong></span> <span class='ocrx_word' id='word_1_2' title='bbox 1627 367 1681 418; x_wconf 89' lang='lat' dir='ltr'><strong>S.</strong></span> <span class='ocrx_word' id='word_1_3' title='bbox 1726 365 2092 420; x_wconf 67' lang='lat' dir='ltr'><strong>ATHANASH</strong></span> <span class='ocrx_word' id='word_1_4' title='bbox 2127 366 2276 422; x_wconf 90' lang='lat' dir='ltr'><strong>OPP.</strong></span> <span class='ocrx_word' id='word_1_5' title='bbox 2322 367 2497 421; x_wconf 75' lang='lat' dir='ltr'><strong>PARS</strong></span> <span class='ocrx_word' id='word_1_6' title='bbox 2539 364 2621 419; x_wconf 91' lang='lat' dir='ltr'><strong>Ill.</strong></span> <span class='ocrx_word' id='word_1_7' title='bbox 2662 397 2727 406; x_wconf 89' lang='lat'><strong>-—-</strong></span> <span class='ocrx_word' id='word_1_8' title='bbox 2764 366 3166 422; x_wconf 76' lang='lat' dir='ltr'><strong>EXEGETICA.</strong></span> <span class='ocrx_word' id='word_1_9' title='bbox 3869 362 3947 417; x_wconf 71' lang='lat'><strong>698</strong></span> 
     </span>
    </p>
   </div>
   <div class='ocr_carea' id='block_1_2' title="bbox 775 476 3947 553">
    <p class='ocr_par' dir='ltr' id='par_1_2' title="bbox 775 476 3947 553">
     <span class='ocr_line' id='line_1_2' title="bbox 775 476 3947 553; baseline 0.002 -27"><span class='ocrx_word' id='word_1_10' title='bbox 775 476 903 528; x_wconf 86' lang='lat' dir='ltr'><strong>bant</strong></span> <span class='ocrx_word' id='word_1_11' title='bbox 933 477 996 530; x_wconf 89' lang='lat' dir='ltr'><strong>ad</strong></span> <span class='ocrx_word' id='word_1_12' title='bbox 1020 478 1265 532; x_wconf 84' lang='lat' dir='ltr'><strong>alendam</strong></span> <span class='ocrx_word' id='word_1_13' title='bbox 1299 480 1531 534; x_wconf 83' lang='lat' dir='ltr'><strong>fidelium</strong></span> <span class='ocrx_word' id='word_1_14' title='bbox 1577 481 1826 550; x_wconf 74' lang='lat' dir='ltr'><strong>pietatem</strong></span> <span class='ocrx_word' id='word_1_15' title='bbox 1871 492 1924 535; x_wconf 89' lang='lat' dir='ltr'><strong>et</strong></span> <span class='ocrx_word' id='word_1_16' title='bbox 1954 483 2121 551; x_wconf 84' lang='lat' dir='ltr'><strong>magis</strong></span> <span class='ocrx_word' id='word_1_17' title='bbox 2175 481 2636 536; x_wconf 72' lang='lat' dir='ltr'><strong>accommodatam</strong></span> <span class='ocrx_word' id='word_1_18' title='bbox 2671 482 2989 537; x_wconf 77' lang='lat' dir='ltr'><strong>Christiauze</strong></span> <span class='ocrx_word' id='word_1_19' title='bbox 3022 483 3298 553; x_wconf 77' lang='lat' dir='ltr'><strong>religioni,</strong></span> <span class='ocrx_word' id='word_1_20' title='bbox 3336 499 3455 551; x_wconf 76' lang='lat' dir='ltr'><strong>qure</strong></span> <span class='ocrx_word' id='word_1_21' title='bbox 3493 485 3794 537; x_wconf 86' lang='lat' dir='ltr'><strong>adoratores</strong></span> <span class='ocrx_word' id='word_1_22' title='bbox 3815 481 3947 548; x_wconf 71' lang='lat' dir='ltr'><strong>erigit</strong></span> 
     </span>
    </p>
   </div>
   <div class='ocr_carea' id='block_1_3' title="bbox 772 565 3946 644">
    <p class='ocr_par' dir='ltr' id='par_1_3' title="bbox 772 565 3946 644">
     <span class='ocr_line' id='line_1_3' title="bbox 772 565 3946 644; baseline 0.002 -26"><span class='ocrx_word' id='word_1_23' title='bbox 772 565 826 618; x_wconf 90' lang='lat' dir='ltr'><strong>in</strong></span> <span class='ocrx_word' id='word_1_24' title='bbox 863 568 1053 635; x_wconf 93' lang='lat' dir='ltr'><strong>spiritu</strong></span> <span class='ocrx_word' id='word_1_25' title='bbox 1090 579 1141 623; x_wconf 86' lang='lat' dir='ltr'><strong>et</strong></span> <span class='ocrx_word' id='word_1_26' title='bbox 1175 572 1426 634; x_wconf 85' lang='lat' dir='ltr'><strong>veritate;</strong></span> <span class='ocrx_word' id='word_1_27' title='bbox 1457 581 1568 624; x_wconf 90' lang='lat' dir='ltr'><strong>tum</strong></span> <span class='ocrx_word' id='word_1_28' title='bbox 1595 573 1755 625; x_wconf 88' lang='lat' dir='ltr'><strong>etiam</strong></span> <span class='ocrx_word' id='word_1_29' title='bbox 1779 573 1902 642; x_wconf 86' lang='lat' dir='ltr'><strong>quia</strong></span> <span class='ocrx_word' id='word_1_30' title='bbox 1939 574 2162 626; x_wconf 86' lang='lat' dir='ltr'><strong>omnino</strong></span> <span class='ocrx_word' id='word_1_31' title='bbox 2206 574 2567 626; x_wconf 83' lang='lat' dir='ltr'><strong>necessariam</strong></span> <span class='ocrx_word' id='word_1_32' title='bbox 2614 589 2734 626; x_wconf 85' lang='lat' dir='ltr'><strong>esse</strong></span> <span class='ocrx_word' id='word_1_33' title='bbox 2779 575 3068 627; x_wconf 73' lang='lat' dir='ltr'><strong>censebant</strong></span> <span class='ocrx_word' id='word_1_34' title='bbox 3101 583 3303 628; x_wconf 89' lang='lat' dir='ltr'><strong>rectam</strong></span> <span class='ocrx_word' id='word_1_35' title='bbox 3351 573 3744 644; x_wconf 86' lang='lat' dir='ltr'><strong>Scripturarum</strong></span> <span class='ocrx_word' id='word_1_36' title='bbox 3784 572 3946 625; x_wconf 87' lang='lat' dir='ltr'><strong>intelli-</strong></span> 
     </span>
    </p>
   </div>
   <div class='ocr_carea' id='block_1_4' title="bbox 770 662 3944 736">
    <p class='ocr_par' dir='ltr' id='par_1_4' title="bbox 770 662 3944 736">
     <span class='ocr_line' id='line_1_4' title="bbox 770 662 3944 736; baseline 0 -21"><span class='ocrx_word' id='word_1_37' title='bbox 770 662 1026 732; x_wconf 76' lang='lat' dir='ltr'><strong>gentiam,</strong></span> <span class='ocrx_word' id='word_1_38' title='bbox 1073 680 1194 720; x_wconf 92' lang='lat' dir='ltr'><strong>cum</strong></span> <span class='ocrx_word' id='word_1_39' title='bbox 1229 668 1474 734; x_wconf 62' lang='lat' dir='ltr'><strong>quaedam</strong></span> <span class='ocrx_word' id='word_1_40' title='bbox 1530 669 1583 721; x_wconf 93' lang='lat' dir='ltr'><strong>in</strong></span> <span class='ocrx_word' id='word_1_41' title='bbox 1627 667 1803 721; x_wconf 83' lang='lat' dir='ltr'><strong>Veteri</strong></span> <span class='ocrx_word' id='word_1_42' title='bbox 1839 668 2188 721; x_wconf 86' lang='lat' dir='ltr'><strong>Testamento</strong></span> <span class='ocrx_word' id='word_1_43' title='bbox 2224 679 2535 729; x_wconf 84' lang='lat' dir='ltr'><strong>occurrant,</strong></span> <span class='ocrx_word' id='word_1_44' title='bbox 2567 683 2688 736; x_wconf 76' lang='lat' dir='ltr'><strong>qua:</strong></span> <span class='ocrx_word' id='word_1_45' title='bbox 2725 667 2827 720; x_wconf 87' lang='lat' dir='ltr'><strong>nisi</strong></span> <span class='ocrx_word' id='word_1_46' title='bbox 2878 667 3136 735; x_wconf 81' lang='lat' dir='ltr'><strong>spiritalis</strong></span> <span class='ocrx_word' id='word_1_47' title='bbox 3179 668 3548 735; x_wconf 88' lang='lat' dir='ltr'><strong>interpretatio</strong></span> <span class='ocrx_word' id='word_1_48' title='bbox 3574 667 3881 720; x_wconf 82' lang='lat' dir='ltr'><strong>adhibeatur</strong></span> <span class='ocrx_word' id='word_1_49' title='bbox 3905 667 3944 717; x_wconf 91' lang='lat' dir='ltr'><strong>in</strong></span> 
     </span>
    </p>
   </div>
   <div class='ocr_carea' id='block_1_5' title="bbox 773 755 3941 830">
    <p class='ocr_par' dir='ltr' id='par_1_5' title="bbox 773 755 3941 830">
     <span class='ocr_line' id='line_1_5' title="bbox 773 755 3941 830; baseline 0 -22"><span class='ocrx_word' id='word_1_50' title='bbox 773 755 1064 809; x_wconf 86' lang='lat' dir='ltr'><strong>absurdum</strong></span> <span class='ocrx_word' id='word_1_51' title='bbox 1103 774 1323 813; x_wconf 89' lang='lat' dir='ltr'><strong>sensum</strong></span> <span class='ocrx_word' id='word_1_52' title='bbox 1350 762 1517 830; x_wconf 87' lang='lat' dir='ltr'><strong>accipi</strong></span> <span class='ocrx_word' id='word_1_53' title='bbox 1550 771 1796 830; x_wconf 90' lang='lat' dir='ltr'><strong>possunt.</strong></span> <span class='ocrx_word' id='word_1_54' title='bbox 1831 762 2010 815; x_wconf 87' lang='lat' dir='ltr'><strong>Altera</strong></span> <span class='ocrx_word' id='word_1_55' title='bbox 2049 772 2227 814; x_wconf 90' lang='lat' dir='ltr'><strong>autem</strong></span> <span class='ocrx_word' id='word_1_56' title='bbox 2260 762 2399 814; x_wconf 88' lang='lat' dir='ltr'><strong>haud</strong></span> <span class='ocrx_word' id='word_1_57' title='bbox 2428 761 2588 814; x_wconf 91' lang='lat' dir='ltr'><strong>duhie</strong></span> <span class='ocrx_word' id='word_1_58' title='bbox 2627 776 2688 813; x_wconf 83' lang='lat' dir='ltr'><strong>ea</strong></span> <span class='ocrx_word' id='word_1_59' title='bbox 2717 768 2818 821; x_wconf 86' lang='lat' dir='ltr'><strong>est,</strong></span> <span class='ocrx_word' id='word_1_60' title='bbox 2855 763 2980 828; x_wconf 87' lang='lat' dir='ltr'><strong>quia</strong></span> <span class='ocrx_word' id='word_1_61' title='bbox 3017 775 3108 828; x_wconf 88' lang='lat' dir='ltr'><strong>per</strong></span> <span class='ocrx_word' id='word_1_62' title='bbox 3141 760 3190 812; x_wconf 87' lang='lat' dir='ltr'><strong>id</strong></span> <span class='ocrx_word' id='word_1_63' title='bbox 3219 768 3430 828; x_wconf 87' lang='lat' dir='ltr'><strong>tempus</strong></span> <span class='ocrx_word' id='word_1_64' title='bbox 3457 767 3637 811; x_wconf 81' lang='lat' dir='ltr'><strong>exorta</strong></span> <span class='ocrx_word' id='word_1_65' title='bbox 3663 767 3777 812; x_wconf 88' lang='lat' dir='ltr'><strong>erat</strong></span> <span class='ocrx_word' id='word_1_66' title='bbox 3806 759 3941 809; x_wconf 69' lang='lat' dir='ltr'><strong>haere-</strong></span> 
     </span>
    </p>
   </div>
   <div class='ocr_carea' id='block_1_6' title="bbox 769 845 3945 920">
    <p class='ocr_par' dir='ltr' id='par_1_6' title="bbox 769 845 3945 920">
     <span class='ocr_line' id='line_1_6' title="bbox 769 845 3945 920; baseline -0 -19"><span class='ocrx_word' id='word_1_67' title='bbox 769 845 846 902; x_wconf 85' lang='lat' dir='ltr'><strong>sis</strong></span> <span class='ocrx_word' id='word_1_68' title='bbox 879 847 1279 913; x_wconf 86' lang='lat' dir='ltr'><strong>Gnosticorum,</strong></span> <span class='ocrx_word' id='word_1_69' title='bbox 1317 853 1409 920; x_wconf 93' lang='lat' dir='ltr'><strong>qui</strong></span> <span class='ocrx_word' id='word_1_70' title='bbox 1441 853 1829 906; x_wconf 88' lang='lat' dir='ltr'><strong>catholicorum</strong></span> <span class='ocrx_word' id='word_1_71' title='bbox 1868 853 2156 920; x_wconf 85' lang='lat' dir='ltr'><strong>magistros</strong></span> <span class='ocrx_word' id='word_1_72' title='bbox 2189 861 2240 904; x_wconf 91' lang='lat' dir='ltr'><strong>et</strong></span> <span class='ocrx_word' id='word_1_73' title='bbox 2268 852 2536 910; x_wconf 87' lang='lat' dir='ltr'><strong>doctores,</strong></span> <span class='ocrx_word' id='word_1_74' title='bbox 2568 852 2727 902; x_wconf 84' lang='lat' dir='ltr'><strong>veluti</strong></span> <span class='ocrx_word' id='word_1_75' title='bbox 2768 852 2929 903; x_wconf 89' lang='lat' dir='ltr'><strong>rudes</strong></span> <span class='ocrx_word' id='word_1_76' title='bbox 2963 859 3122 915; x_wconf 82' lang='lat' dir='ltr'><strong>atque</strong></span> <span class='ocrx_word' id='word_1_77' title='bbox 3156 849 3431 917; x_wconf 90' lang='lat' dir='ltr'><strong>imperitos</strong></span> <span class='ocrx_word' id='word_1_78' title='bbox 3467 849 3823 912; x_wconf 81' lang='lat' dir='ltr'><strong>traducentes,</strong></span> <span class='ocrx_word' id='word_1_79' title='bbox 3853 863 3945 916; x_wconf 62' lang='lat' dir='ltr'><strong>spe</strong></span> 
     </span>
    </p>
   </div>
   <div class='ocr_carea' id='block_1_7' title="bbox 771 941 3944 1010">
    <p class='ocr_par' dir='ltr' id='par_1_7' title="bbox 771 941 3944 1010">
     <span class='ocr_line' id='line_1_7' title="bbox 771 941 3944 1010; baseline -0.001 -15"><span class='ocrx_word' id='word_1_80' title='bbox 771 942 850 995; x_wconf 90' lang='lat' dir='ltr'><strong>cie</strong></span> <span class='ocrx_word' id='word_1_81' title='bbox 867 943 1098 1010; x_wconf 87' lang='lat' dir='ltr'><strong>quadam</strong></span> <span class='ocrx_word' id='word_1_82' title='bbox 1130 944 1460 998; x_wconf 89' lang='lat' dir='ltr'><strong>sublimioris</strong></span> <span class='ocrx_word' id='word_1_83' title='bbox 1490 944 1730 997; x_wconf 75' lang='lat' dir='ltr'><strong>scientia:</strong></span> <span class='ocrx_word' id='word_1_84' title='bbox 1760 943 1826 996; x_wconf 88' lang='lat' dir='ltr'><strong>ad</strong></span> <span class='ocrx_word' id='word_1_85' title='bbox 1859 959 1916 997; x_wconf 89' lang='lat' dir='ltr'><strong>se</strong></span> <span class='ocrx_word' id='word_1_86' title='bbox 1946 943 2252 996; x_wconf 86' lang='lat' dir='ltr'><strong>alliciebant</strong></span> <span class='ocrx_word' id='word_1_87' title='bbox 2278 941 2643 1005; x_wconf 87' lang='lat' dir='ltr'><strong>Christianos,</strong></span> <span class='ocrx_word' id='word_1_88' title='bbox 2680 952 2732 994; x_wconf 91' lang='lat' dir='ltr'><strong>et</strong></span> <span class='ocrx_word' id='word_1_89' title='bbox 2755 941 2909 993; x_wconf 90' lang='lat' dir='ltr'><strong>novis</strong></span> <span class='ocrx_word' id='word_1_90' title='bbox 2939 941 3246 1008; x_wconf 84' lang='lat' dir='ltr'><strong>allegoricis</strong></span> <span class='ocrx_word' id='word_1_91' title='bbox 3278 941 3805 1009; x_wconf 83' lang='lat' dir='ltr'><strong>interpretationibus</strong></span> <span class='ocrx_word' id='word_1_92' title='bbox 3826 942 3944 994; x_wconf 88' lang='lat' dir='ltr'><strong>adul-</strong></span> 
     </span>
    </p>
   </div>
   <div class='ocr_carea' id='block_1_8' title="bbox 771 1031 3947 1101">
    <p class='ocr_par' dir='ltr' id='par_1_8' title="bbox 771 1031 3947 1101">
     <span class='ocr_line' id='line_1_8' title="bbox 771 1031 3947 1101; baseline 0.001 -17"><span class='ocrx_word' id='word_1_93' title='bbox 771 1041 1008 1087; x_wconf 89' lang='lat' dir='ltr'><strong>terantes</strong></span> <span class='ocrx_word' id='word_1_94' title='bbox 1033 1032 1364 1101; x_wconf 88' lang='lat' dir='ltr'><strong>Scripturas,</strong></span> <span class='ocrx_word' id='word_1_95' title='bbox 1391 1031 1604 1086; x_wconf 79' lang='lat' dir='ltr'><strong>fabulas</strong></span> <span class='ocrx_word' id='word_1_96' title='bbox 1638 1049 1766 1086; x_wconf 87' lang='lat' dir='ltr'><strong>suas</strong></span> <span class='ocrx_word' id='word_1_97' title='bbox 1815 1048 1910 1101; x_wconf 92' lang='lat' dir='ltr'><strong>pro</strong></span> <span class='ocrx_word' id='word_1_98' title='bbox 1949 1047 2083 1084; x_wconf 86' lang='lat' dir='ltr'><strong>nova</strong></span> <span class='ocrx_word' id='word_1_99' title='bbox 2123 1031 2356 1098; x_wconf 86' lang='lat' dir='ltr'><strong>quadam</strong></span> <span class='ocrx_word' id='word_1_100' title='bbox 2398 1031 2785 1099; x_wconf 88' lang='lat' dir='ltr'><strong>reconditaque</strong></span> <span class='ocrx_word' id='word_1_101' title='bbox 2825 1031 3070 1084; x_wconf 86' lang='lat' dir='ltr'><strong>doctrina</strong></span> <span class='ocrx_word' id='word_1_102' title='bbox 3112 1031 3485 1094; x_wconf 81' lang='lat' dir='ltr'><strong>venditabant,</strong></span> <span class='ocrx_word' id='word_1_103' title='bbox 3515 1041 3567 1084; x_wconf 93' lang='lat' dir='ltr'><strong>et</strong></span> <span class='ocrx_word' id='word_1_104' title='bbox 3600 1048 3705 1086; x_wconf 91' lang='lat' dir='ltr'><strong>non</strong></span> <span class='ocrx_word' id='word_1_105' title='bbox 3739 1049 3880 1088; x_wconf 87' lang='lat' dir='ltr'><strong>secus</strong></span> <span class='ocrx_word' id='word_1_106' title='bbox 3901 1050 3947 1086; x_wconf 82' lang='lat' dir='ltr'><strong>ac</strong></span> 
     </span>
    </p>
   </div>
   <div class='ocr_carea' id='block_1_9' title="bbox 773 1123 3937 1195">
    <p class='ocr_par' dir='ltr' id='par_1_9' title="bbox 773 1123 3937 1195">
     <span class='ocr_line' id='line_1_9' title="bbox 773 1123 3937 1195; baseline 0.001 -20"><span class='ocrx_word' id='word_1_107' title='bbox 773 1125 1027 1180; x_wconf 65' lang='lat' dir='ltr'><strong>Pharisaei</strong></span> <span class='ocrx_word' id='word_1_108' title='bbox 1056 1129 1106 1179; x_wconf 93' lang='lat' dir='ltr'><strong>in</strong></span> <span class='ocrx_word' id='word_1_109' title='bbox 1145 1127 1310 1180; x_wconf 86' lang='lat' dir='ltr'><strong>veteri</strong></span> <span class='ocrx_word' id='word_1_110' title='bbox 1353 1127 1465 1195; x_wconf 84' lang='lat' dir='ltr'><strong>lege</strong></span> <span class='ocrx_word' id='word_1_111' title='bbox 1508 1142 1721 1180; x_wconf 89' lang='lat' dir='ltr'><strong>errores</strong></span> <span class='ocrx_word' id='word_1_112' title='bbox 1764 1142 1892 1181; x_wconf 91' lang='lat' dir='ltr'><strong>suos</strong></span> <span class='ocrx_word' id='word_1_113' title='bbox 1935 1141 1998 1179; x_wconf 89' lang='lat' dir='ltr'><strong>ac</strong></span> <span class='ocrx_word' id='word_1_114' title='bbox 2029 1126 2382 1178; x_wconf 87' lang='lat' dir='ltr'><strong>deliramenta</strong></span> <span class='ocrx_word' id='word_1_115' title='bbox 2432 1125 2854 1192; x_wconf 87' lang='lat' dir='ltr'><strong>simplicioribus</strong></span> <span class='ocrx_word' id='word_1_116' title='bbox 2893 1124 3269 1178; x_wconf 86' lang='lat' dir='ltr'><strong>obtrudebant.</strong></span> <span class='ocrx_word' id='word_1_117' title='bbox 3302 1123 3548 1178; x_wconf 81' lang='lat' dir='ltr'><strong>Profecto</strong></span> <span class='ocrx_word' id='word_1_118' title='bbox 3587 1124 3937 1178; x_wconf 86' lang='lat' dir='ltr'><strong>Gnosticorum</strong></span> 
     </span>
    </p>
   </div>
   <div class='ocr_carea' id='block_1_10' title="bbox 769 1215 3942 1286">
    <p class='ocr_par' dir='ltr' id='par_1_10' title="bbox 769 1215 3942 1286">
     <span class='ocr_line' id='line_1_10' title="bbox 769 1215 3942 1286; baseline 0 -17"><span class='ocrx_word' id='word_1_119' title='bbox 769 1218 991 1272; x_wconf 69' lang='lat' dir='ltr'><strong>hzeresis</strong></span> <span class='ocrx_word' id='word_1_120' title='bbox 1019 1232 1048 1269; x_wconf 90' lang='lat' dir='ltr'><strong>a</strong></span> <span class='ocrx_word' id='word_1_121' title='bbox 1077 1215 1474 1271; x_wconf 78' lang='lat' dir='ltr'><strong>Phariszeorum</strong></span> <span class='ocrx_word' id='word_1_122' title='bbox 1501 1215 1785 1279; x_wconf 82' lang='lat' dir='ltr'><strong>fermento,</strong></span> <span class='ocrx_word' id='word_1_123' title='bbox 1819 1232 1846 1270; x_wconf 91' lang='lat' dir='ltr'><strong>a</strong></span> <span class='ocrx_word' id='word_1_124' title='bbox 1880 1233 1988 1284; x_wconf 91' lang='lat' dir='ltr'><strong>quo</strong></span> <span class='ocrx_word' id='word_1_125' title='bbox 2013 1224 2070 1268; x_wconf 90' lang='lat' dir='ltr'><strong>ut.</strong></span> <span class='ocrx_word' id='word_1_126' title='bbox 2103 1224 2374 1278; x_wconf 79' lang='lat' dir='ltr'><strong>caverent,</strong></span> <span class='ocrx_word' id='word_1_127' title='bbox 2405 1217 2675 1284; x_wconf 81' lang='lat' dir='ltr'><strong>apostolos</strong></span> <span class='ocrx_word' id='word_1_128' title='bbox 2707 1217 2919 1268; x_wconf 90' lang='lat' dir='ltr'><strong>monuit</strong></span> <span class='ocrx_word' id='word_1_129' title='bbox 2943 1216 3190 1270; x_wconf 79' lang='lat' dir='ltr'><strong>Christus</strong></span> <span class='ocrx_word' id='word_1_130' title='bbox 3212 1215 3492 1281; x_wconf 90' lang='lat' dir='ltr'><strong>Dominus,</strong></span> <span class='ocrx_word' id='word_1_131' title='bbox 3528 1218 3789 1286; x_wconf 88' lang='lat' dir='ltr'><strong>originem</strong></span> <span class='ocrx_word' id='word_1_132' title='bbox 3814 1233 3942 1271; x_wconf 84' lang='lat' dir='ltr'><strong>suam</strong></span> 
     </span>
    </p>
   </div>
   <div class='ocr_carea' id='block_1_11' title="bbox 769 1308 3948 1378">
    <p class='ocr_par' dir='ltr' id='par_1_11' title="bbox 769 1308 3948 1378">
     <span class='ocr_line' id='line_1_11' title="bbox 769 1308 3948 1378; baseline 0 -15"><span class='ocrx_word' id='word_1_133' title='bbox 769 1308 1017 1364; x_wconf 87' lang='lat' dir='ltr'><strong>ducebat.</strong></span> <span class='ocrx_word' id='word_1_134' title='bbox 1064 1309 1243 1377; x_wconf 63' lang='lat' dir='ltr'><strong>Neque</strong></span> <span class='ocrx_word' id='word_1_135' title='bbox 1266 1310 1407 1362; x_wconf 92' lang='lat' dir='ltr'><strong>enim</strong></span> <span class='ocrx_word' id='word_1_136' title='bbox 1452 1309 1830 1364; x_wconf 87' lang='lat' dir='ltr'><strong>Gnosticorum</strong></span> <span class='ocrx_word' id='word_1_137' title='bbox 1868 1309 2367 1376; x_wconf 84' lang='lat' dir='ltr'><strong>pseudo-theologia</strong></span> <span class='ocrx_word' id='word_1_138' title='bbox 2408 1308 2553 1360; x_wconf 86' lang='lat' dir='ltr'><strong>aliud</strong></span> <span class='ocrx_word' id='word_1_139' title='bbox 2581 1317 2716 1372; x_wconf 89' lang='lat' dir='ltr'><strong>erat,</strong></span> <span class='ocrx_word' id='word_1_140' title='bbox 2741 1317 2798 1360; x_wconf 91' lang='lat' dir='ltr'><strong>ut</strong></span> <span class='ocrx_word' id='word_1_141' title='bbox 2824 1309 2986 1362; x_wconf 89' lang='lat' dir='ltr'><strong>etiam</strong></span> <span class='ocrx_word' id='word_1_142' title='bbox 3027 1309 3114 1362; x_wconf 90' lang='lat' dir='ltr'><strong>alii</strong></span> <span class='ocrx_word' id='word_1_143' title='bbox 3147 1309 3518 1371; x_wconf 83' lang='lat' dir='ltr'><strong>observarunt,</strong></span> <span class='ocrx_word' id='word_1_144' title='bbox 3553 1325 3715 1378; x_wconf 92' lang='lat' dir='ltr'><strong>quam</strong></span> <span class='ocrx_word' id='word_1_145' title='bbox 3744 1310 3948 1378; x_wconf 63' lang='lat' dir='ltr'><strong>philosoo</strong></span> 
     </span>
    </p>
   </div>
   <div class='ocr_carea' id='block_1_12' title="bbox 770 1398 3948 1471">
    <p class='ocr_par' dir='ltr' id='par_1_12' title="bbox 770 1398 3948 1471">
     <span class='ocr_line' id='line_1_12' title="bbox 770 1398 3948 1471; baseline 0.001 -19"><span class='ocrx_word' id='word_1_146' title='bbox 770 1403 891 1469; x_wconf 80' lang='lat' dir='ltr'><strong>phia</strong></span> <span class='ocrx_word' id='word_1_147' title='bbox 924 1401 1298 1471; x_wconf 81' lang='lat' dir='ltr'><strong>Pythagorica,</strong></span> <span class='ocrx_word' id='word_1_148' title='bbox 1325 1413 1484 1469; x_wconf 89' lang='lat' dir='ltr'><strong>atque</strong></span> <span class='ocrx_word' id='word_1_149' title='bbox 1510 1400 1671 1454; x_wconf 89' lang='lat' dir='ltr'><strong>etiam</strong></span> <span class='ocrx_word' id='word_1_150' title='bbox 1696 1400 1990 1463; x_wconf 86' lang='lat' dir='ltr'><strong>Platonica,</strong></span> <span class='ocrx_word' id='word_1_151' title='bbox 2018 1409 2075 1453; x_wconf 91' lang='lat' dir='ltr'><strong>ut</strong></span> <span class='ocrx_word' id='word_1_152' title='bbox 2108 1400 2174 1451; x_wconf 91' lang='lat' dir='ltr'><strong>ab</strong></span> <span class='ocrx_word' id='word_1_153' title='bbox 2208 1398 2444 1453; x_wconf 66' lang='lat' dir='ltr'><strong>Hebraeis</strong></span> <span class='ocrx_word' id='word_1_154' title='bbox 2484 1399 2766 1452; x_wconf 80' lang='lat' dir='ltr'><strong>kabalistis</strong></span> <span class='ocrx_word' id='word_1_155' title='bbox 2814 1401 3058 1468; x_wconf 79' lang='lat' dir='ltr'><strong>exposita</strong></span> <span class='ocrx_word' id='word_1_156' title='bbox 3081 1408 3132 1453; x_wconf 93' lang='lat' dir='ltr'><strong>et</strong></span> <span class='ocrx_word' id='word_1_157' title='bbox 3164 1399 3479 1468; x_wconf 88' lang='lat' dir='ltr'><strong>interpolata</strong></span> <span class='ocrx_word' id='word_1_158' title='bbox 3508 1409 3611 1466; x_wconf 88' lang='lat' dir='ltr'><strong>est,</strong></span> <span class='ocrx_word' id='word_1_159' title='bbox 3648 1410 3700 1455; x_wconf 89' lang='lat' dir='ltr'><strong>et</strong></span> <span class='ocrx_word' id='word_1_160' title='bbox 3735 1402 3948 1470; x_wconf 88' lang='lat' dir='ltr'><strong>pluribus</strong></span> 
     </span>
    </p>
   </div>
   <div class='ocr_carea' id='block_1_13' title="bbox 774 1491 3944 1563">
    <p class='ocr_par' dir='ltr' id='par_1_13' title="bbox 774 1491 3944 1563">
     <span class='ocr_line' id='line_1_13' title="bbox 774 1491 3944 1563; baseline -0.001 -15"><span class='ocrx_word' id='word_1_161' title='bbox 774 1496 989 1559; x_wconf 77' lang='lat' dir='ltr'><strong>additis,</strong></span> <span class='ocrx_word' id='word_1_162' title='bbox 1017 1496 1263 1556; x_wconf 87' lang='lat' dir='ltr'><strong>inversis,</strong></span> <span class='ocrx_word' id='word_1_163' title='bbox 1291 1496 1604 1562; x_wconf 83' lang='lat' dir='ltr'><strong>amputatis,</strong></span> <span class='ocrx_word' id='word_1_164' title='bbox 1641 1511 1744 1547; x_wconf 93' lang='lat' dir='ltr'><strong>non</strong></span> <span class='ocrx_word' id='word_1_165' title='bbox 1779 1509 1969 1563; x_wconf 92' lang='lat' dir='ltr'><strong>parum</strong></span> <span class='ocrx_word' id='word_1_166' title='bbox 2006 1494 2306 1546; x_wconf 85' lang='lat' dir='ltr'><strong>immutata.</strong></span> <span class='ocrx_word' id='word_1_167' title='bbox 2345 1492 2477 1546; x_wconf 89' lang='lat' dir='ltr'><strong>Nam</strong></span> <span class='ocrx_word' id='word_1_168' title='bbox 2525 1493 2836 1547; x_wconf 63' lang='lat' dir='ltr'><strong>Judreorum</strong></span> <span class='ocrx_word' id='word_1_169' title='bbox 2879 1491 3099 1558; x_wconf 79' lang='lat' dir='ltr'><strong>Kabala,</strong></span> <span class='ocrx_word' id='word_1_170' title='bbox 3129 1492 3196 1546; x_wconf 88' lang='lat' dir='ltr'><strong>de</strong></span> <span class='ocrx_word' id='word_1_171' title='bbox 3231 1508 3337 1562; x_wconf 87' lang='lat' dir='ltr'><strong>qua</strong></span> <span class='ocrx_word' id='word_1_172' title='bbox 3373 1493 3526 1562; x_wconf 90' lang='lat' dir='ltr'><strong>plura</strong></span> <span class='ocrx_word' id='word_1_173' title='bbox 3553 1494 3799 1562; x_wconf 83' lang='lat' dir='ltr'><strong>superius</strong></span> <span class='ocrx_word' id='word_1_174' title='bbox 3831 1493 3944 1558; x_wconf 81' lang='lat' dir='ltr'><strong>dixi,</strong></span> 
     </span>
    </p>
   </div>
   <div class='ocr_carea' id='block_1_14' title="bbox 766 1584 3948 1654">
    <p class='ocr_par' dir='ltr' id='par_1_14' title="bbox 766 1584 3948 1654">
     <span class='ocr_line' id='line_1_14' title="bbox 766 1584 3948 1654; baseline 0 -16"><span class='ocrx_word' id='word_1_175' title='bbox 766 1587 1219 1654; x_wconf 86' lang='lat' dir='ltr'><strong>quemadmodum</strong></span> <span class='ocrx_word' id='word_1_176' title='bbox 1246 1594 1299 1640; x_wconf 88' lang='lat' dir='ltr'><strong>et</strong></span> <span class='ocrx_word' id='word_1_177' title='bbox 1333 1585 1522 1653; x_wconf 88' lang='lat' dir='ltr'><strong>primis</strong></span> <span class='ocrx_word' id='word_1_178' title='bbox 1554 1585 1809 1639; x_wconf 70' lang='lat' dir='ltr'><strong>Ecclesia:</strong></span> <span class='ocrx_word' id='word_1_179' title='bbox 1839 1585 2052 1638; x_wconf 69' lang='lat' dir='ltr'><strong>saeculis</strong></span> <span class='ocrx_word' id='word_1_180' title='bbox 2077 1600 2105 1637; x_wconf 90' lang='lat' dir='ltr'><strong>a</strong></span> <span class='ocrx_word' id='word_1_181' title='bbox 2140 1584 2380 1637; x_wconf 90' lang='lat' dir='ltr'><strong>rabbinis</strong></span> <span class='ocrx_word' id='word_1_182' title='bbox 2423 1586 2754 1649; x_wconf 80' lang='lat' dir='ltr'><strong>tradebatur,</strong></span> <span class='ocrx_word' id='word_1_183' title='bbox 2793 1593 2950 1654; x_wconf 90' lang='lat' dir='ltr'><strong>atque</strong></span> <span class='ocrx_word' id='word_1_184' title='bbox 2980 1585 3271 1638; x_wconf 87' lang='lat' dir='ltr'><strong>etiamnum</strong></span> <span class='ocrx_word' id='word_1_185' title='bbox 3303 1599 3334 1637; x_wconf 88' lang='lat' dir='ltr'><strong>a</strong></span> <span class='ocrx_word' id='word_1_186' title='bbox 3368 1585 3641 1640; x_wconf 91' lang='lat' dir='ltr'><strong>nonnullis</strong></span> <span class='ocrx_word' id='word_1_187' title='bbox 3674 1587 3948 1640; x_wconf 81' lang='lat' dir='ltr'><strong>rahhinica-</strong></span> 
     </span>
    </p>
   </div>
   <div class='ocr_carea' id='block_1_15' title="bbox 766 1677 3949 1748">
    <p class='ocr_par' dir='ltr' id='par_1_15' title="bbox 766 1677 3949 1748">
     <span class='ocr_line' id='line_1_15' title="bbox 766 1677 3949 1748; baseline -0 -17"><span class='ocrx_word' id='word_1_188' title='bbox 766 1693 884 1732; x_wconf 85' lang='lat' dir='ltr'><strong>rum</strong></span> <span class='ocrx_word' id='word_1_189' title='bbox 914 1677 1263 1732; x_wconf 90' lang='lat' dir='ltr'><strong>traditionnm</strong></span> <span class='ocrx_word' id='word_1_190' title='bbox 1295 1677 1568 1746; x_wconf 84' lang='lat' dir='ltr'><strong>magistris</strong></span> <span class='ocrx_word' id='word_1_191' title='bbox 1602 1677 1831 1729; x_wconf 83' lang='lat' dir='ltr'><strong>traditur</strong></span> <span class='ocrx_word' id='word_1_192' title='bbox 1863 1677 1998 1746; x_wconf 80' lang='lat'><strong>(55),</strong></span> <span class='ocrx_word' id='word_1_193' title='bbox 2034 1677 2144 1743; x_wconf 84' lang='lat' dir='ltr'><strong>agit</strong></span> <span class='ocrx_word' id='word_1_194' title='bbox 2191 1677 2530 1745; x_wconf 88' lang='lat' dir='ltr'><strong>potissimum</strong></span> <span class='ocrx_word' id='word_1_195' title='bbox 2576 1679 2640 1731; x_wconf 86' lang='lat' dir='ltr'><strong>de</strong></span> <span class='ocrx_word' id='word_1_196' title='bbox 2679 1693 2859 1731; x_wconf 90' lang='lat' dir='ltr'><strong>rerum</strong></span> <span class='ocrx_word' id='word_1_197' title='bbox 2897 1677 3106 1746; x_wconf 80' lang='lat' dir='ltr'><strong>origine</strong></span> <span class='ocrx_word' id='word_1_198' title='bbox 3135 1687 3188 1731; x_wconf 90' lang='lat' dir='ltr'><strong>et</strong></span> <span class='ocrx_word' id='word_1_199' title='bbox 3224 1677 3452 1739; x_wconf 86' lang='lat' dir='ltr'><strong>ratione,</strong></span> <span class='ocrx_word' id='word_1_200' title='bbox 3479 1693 3542 1732; x_wconf 90' lang='lat' dir='ltr'><strong>ac</strong></span> <span class='ocrx_word' id='word_1_201' title='bbox 3577 1679 3734 1732; x_wconf 92' lang='lat' dir='ltr'><strong>modo</strong></span> <span class='ocrx_word' id='word_1_202' title='bbox 3759 1693 3949 1748; x_wconf 85' lang='lat' dir='ltr'><strong>genera-</strong></span> 
     </span>
    </p>
   </div>
   <div class='ocr_carea' id='block_1_16' title="bbox 766 1767 3949 1842">
    <p class='ocr_par' dir='ltr' id='par_1_16' title="bbox 766 1767 3949 1842">
     <span class='ocr_line' id='line_1_16' title="bbox 766 1767 3949 1842; baseline 0.001 -19"><span class='ocrx_word' id='word_1_203' title='bbox 766 1771 928 1824; x_wconf 88' lang='lat' dir='ltr'><strong>tionis</strong></span> <span class='ocrx_word' id='word_1_204' title='bbox 953 1785 1044 1823; x_wconf 89' lang='lat' dir='ltr'><strong>seu</strong></span> <span class='ocrx_word' id='word_1_205' title='bbox 1073 1770 1473 1839; x_wconf 82' lang='lat' dir='ltr'><strong>progressionis</strong></span> <span class='ocrx_word' id='word_1_206' title='bbox 1507 1778 1559 1821; x_wconf 90' lang='lat' dir='ltr'><strong>et</strong></span> <span class='ocrx_word' id='word_1_207' title='bbox 1595 1767 1772 1820; x_wconf 72' lang='lat' dir='ltr'><strong>ﬂtIXlIS</strong></span> <span class='ocrx_word' id='word_1_208' title='bbox 1804 1783 1984 1820; x_wconf 89' lang='lat' dir='ltr'><strong>rerum</strong></span> <span class='ocrx_word' id='word_1_209' title='bbox 2029 1783 2057 1821; x_wconf 90' lang='lat' dir='ltr'><strong>a</strong></span> <span class='ocrx_word' id='word_1_210' title='bbox 2088 1769 2262 1835; x_wconf 89' lang='lat' dir='ltr'><strong>primo</strong></span> <span class='ocrx_word' id='word_1_211' title='bbox 2305 1782 2442 1833; x_wconf 86' lang='lat' dir='ltr'><strong>ente,</strong></span> <span class='ocrx_word' id='word_1_212' title='bbox 2474 1781 2524 1825; x_wconf 90' lang='lat' dir='ltr'><strong>et</strong></span> <span class='ocrx_word' id='word_1_213' title='bbox 2562 1773 2628 1826; x_wconf 90' lang='lat' dir='ltr'><strong>de</strong></span> <span class='ocrx_word' id='word_1_214' title='bbox 2667 1772 2978 1826; x_wconf 90' lang='lat' dir='ltr'><strong>earumdem</strong></span> <span class='ocrx_word' id='word_1_215' title='bbox 3017 1787 3195 1825; x_wconf 89' lang='lat' dir='ltr'><strong>rerum</strong></span> <span class='ocrx_word' id='word_1_216' title='bbox 3241 1773 3495 1841; x_wconf 78' lang='lat' dir='ltr'><strong>gradibus</strong></span> <span class='ocrx_word' id='word_1_217' title='bbox 3533 1772 3890 1842; x_wconf 89' lang='lat' dir='ltr'><strong>descensuque</strong></span> <span class='ocrx_word' id='word_1_218' title='bbox 3927 1788 3949 1826; x_wconf 84' lang='lat' dir='ltr'><strong>a</strong></span> 
     </span>
    </p>
   </div>
   <div class='ocr_carea' id='block_1_17' title="bbox 766 1860 3949 1935">
    <p class='ocr_par' dir='ltr' id='par_1_17' title="bbox 766 1860 3949 1935">
     <span class='ocr_line' id='line_1_17' title="bbox 766 1860 3949 1935; baseline -0 -17"><span class='ocrx_word' id='word_1_219' title='bbox 766 1864 995 1918; x_wconf 85' lang='lat' dir='ltr'><strong>summis</strong></span> <span class='ocrx_word' id='word_1_220' title='bbox 1019 1865 1082 1916; x_wconf 87' lang='lat' dir='ltr'><strong>ad</strong></span> <span class='ocrx_word' id='word_1_221' title='bbox 1111 1864 1238 1916; x_wconf 92' lang='lat' dir='ltr'><strong>ima.</strong></span> <span class='ocrx_word' id='word_1_222' title='bbox 1274 1861 1389 1916; x_wconf 87' lang='lat' dir='ltr'><strong>Non</strong></span> <span class='ocrx_word' id='word_1_223' title='bbox 1425 1872 1603 1915; x_wconf 90' lang='lat' dir='ltr'><strong>autem</strong></span> <span class='ocrx_word' id='word_1_224' title='bbox 1632 1861 1897 1914; x_wconf 91' lang='lat' dir='ltr'><strong>dissimile</strong></span> <span class='ocrx_word' id='word_1_225' title='bbox 1927 1860 2026 1914; x_wconf 90' lang='lat' dir='ltr'><strong>fuit</strong></span> <span class='ocrx_word' id='word_1_226' title='bbox 2067 1862 2340 1917; x_wconf 74' lang='lat' dir='ltr'><strong>Gnosticze</strong></span> <span class='ocrx_word' id='word_1_227' title='bbox 2383 1865 2892 1934; x_wconf 75' lang='lat' dir='ltr'><strong>pseudo-theologia:</strong></span> <span class='ocrx_word' id='word_1_228' title='bbox 2930 1873 3330 1935; x_wconf 79' lang='lat' dir='ltr'><strong>argumentum,</strong></span> <span class='ocrx_word' id='word_1_229' title='bbox 3366 1873 3424 1916; x_wconf 91' lang='lat' dir='ltr'><strong>ut</strong></span> <span class='ocrx_word' id='word_1_230' title='bbox 3451 1864 3632 1918; x_wconf 88' lang='lat' dir='ltr'><strong>videre</strong></span> <span class='ocrx_word' id='word_1_231' title='bbox 3678 1864 3800 1918; x_wconf 90' lang='lat' dir='ltr'><strong>licet</strong></span> <span class='ocrx_word' id='word_1_232' title='bbox 3836 1864 3949 1933; x_wconf 82' lang='lat' dir='ltr'><strong>apud</strong></span> 
     </span>
    </p>
   </div>
   <div class='ocr_carea' id='block_1_18' title="bbox 766 1953 3948 2024">
    <p class='ocr_par' dir='ltr' id='par_1_18' title="bbox 766 1953 3948 2024">
     <span class='ocr_line' id='line_1_18' title="bbox 766 1953 3948 2024; baseline 0.001 -18"><span class='ocrx_word' id='word_1_233' title='bbox 766 1958 1026 2009; x_wconf 85' lang='lat' dir='ltr'><strong>Irenaeum</strong></span> <span class='ocrx_word' id='word_1_234' title='bbox 1057 1963 1108 2008; x_wconf 92' lang='lat' dir='ltr'><strong>et</strong></span> <span class='ocrx_word' id='word_1_235' title='bbox 1139 1954 1278 2024; x_wconf 91' lang='lat' dir='ltr'><strong>apud</strong></span> <span class='ocrx_word' id='word_1_236' title='bbox 1309 1953 1693 2022; x_wconf 91' lang='lat' dir='ltr'><strong>Epiphanium,</strong></span> <span class='ocrx_word' id='word_1_237' title='bbox 1725 1953 1973 2021; x_wconf 90' lang='lat' dir='ltr'><strong>aliosque</strong></span> <span class='ocrx_word' id='word_1_238' title='bbox 2021 1962 2231 2008; x_wconf 88' lang='lat' dir='ltr'><strong>veteres</strong></span> <span class='ocrx_word' id='word_1_239' title='bbox 2265 1954 2518 2009; x_wconf 73' lang='lat' dir='ltr'><strong>Ecclesia:</strong></span> <span class='ocrx_word' id='word_1_240' title='bbox 2555 1955 2876 2024; x_wconf 90' lang='lat' dir='ltr'><strong>&#39;scriptores.</strong></span> <span class='ocrx_word' id='word_1_241' title='bbox 2923 1954 3037 2008; x_wconf 84' lang='lat' dir='ltr'><strong>Non</strong></span> <span class='ocrx_word' id='word_1_242' title='bbox 3080 1965 3185 2008; x_wconf 90' lang='lat' dir='ltr'><strong>tam</strong></span> <span class='ocrx_word' id='word_1_243' title='bbox 3237 1953 3523 2009; x_wconf 90' lang='lat' dir='ltr'><strong>Gnosticos</strong></span> <span class='ocrx_word' id='word_1_244' title='bbox 3568 1971 3730 2024; x_wconf 89' lang='lat' dir='ltr'><strong>quam</strong></span> <span class='ocrx_word' id='word_1_245' title='bbox 3773 1965 3948 2010; x_wconf 83' lang='lat' dir='ltr'><strong>veteres</strong></span> 
     </span>
    </p>
   </div>
   <div class='ocr_carea' id='block_1_19' title="bbox 763 2044 3943 2115">
    <p class='ocr_par' dir='ltr' id='par_1_19' title="bbox 763 2044 3943 2115">
     <span class='ocr_line' id='line_1_19' title="bbox 763 2044 3943 2115; baseline -0 -15"><span class='ocrx_word' id='word_1_246' title='bbox 763 2047 1068 2102; x_wconf 78' lang='lat' dir='ltr'><strong>Kabalistas</strong></span> <span class='ocrx_word' id='word_1_247' title='bbox 1093 2047 1238 2101; x_wconf 90' lang='lat' dir='ltr'><strong>circa</strong></span> <span class='ocrx_word' id='word_1_248' title='bbox 1269 2047 1405 2099; x_wconf 90' lang='lat' dir='ltr'><strong>duos</strong></span> <span class='ocrx_word' id='word_1_249' title='bbox 1438 2045 1781 2113; x_wconf 90' lang='lat' dir='ltr'><strong>potissimum</strong></span> <span class='ocrx_word' id='word_1_250' title='bbox 1815 2051 2060 2098; x_wconf 87' lang='lat' dir='ltr'><strong>versatos</strong></span> <span class='ocrx_word' id='word_1_251' title='bbox 2085 2044 2252 2098; x_wconf 89' lang='lat' dir='ltr'><strong>fuisse</strong></span> <span class='ocrx_word' id='word_1_252' title='bbox 2275 2046 2407 2113; x_wconf 76' lang='lat'><strong>(56),</strong></span> <span class='ocrx_word' id='word_1_253' title='bbox 2439 2062 2504 2099; x_wconf 82' lang='lat' dir='ltr'><strong>ex</strong></span> <span class='ocrx_word' id='word_1_254' title='bbox 2539 2057 2776 2100; x_wconf 88' lang='lat' dir='ltr'><strong>veterum</strong></span> <span class='ocrx_word' id='word_1_255' title='bbox 2815 2047 3187 2115; x_wconf 81' lang='lat' dir='ltr'><strong>scriptis,qu;e</strong></span> <span class='ocrx_word' id='word_1_256' title='bbox 3212 2046 3275 2099; x_wconf 88' lang='lat' dir='ltr'><strong>ad</strong></span> <span class='ocrx_word' id='word_1_257' title='bbox 3301 2059 3400 2099; x_wconf 92' lang='lat' dir='ltr'><strong>nos</strong></span> <span class='ocrx_word' id='word_1_258' title='bbox 3423 2055 3797 2114; x_wconf 84' lang='lat' dir='ltr'><strong>pervenerunt,</strong></span> <span class='ocrx_word' id='word_1_259' title='bbox 3827 2062 3943 2100; x_wconf 89' lang='lat' dir='ltr'><strong>com-</strong></span> 
     </span>
    </p>
   </div>
   <div class='ocr_carea' id='block_1_20' title="bbox 764 2137 3947 2213">
    <p class='ocr_par' dir='ltr' id='par_1_20' title="bbox 764 2137 3947 2213">
     <span class='ocr_line' id='line_1_20' title="bbox 764 2137 3947 2213; baseline -0.002 -16"><span class='ocrx_word' id='word_1_260' title='bbox 764 2145 988 2213; x_wconf 87' lang='lat' dir='ltr'><strong>peritur.</strong></span> <span class='ocrx_word' id='word_1_261' title='bbox 1017 2141 1276 2204; x_wconf 91' lang='lat' dir='ltr'><strong>Primum,</strong></span> <span class='ocrx_word' id='word_1_262' title='bbox 1304 2149 1363 2193; x_wconf 90' lang='lat' dir='ltr'><strong>ut</strong></span> <span class='ocrx_word' id='word_1_263' title='bbox 1392 2138 1654 2192; x_wconf 86' lang='lat' dir='ltr'><strong>fabulosis</strong></span> <span class='ocrx_word' id='word_1_264' title='bbox 1685 2137 1798 2190; x_wconf 91' lang='lat' dir='ltr'><strong>suis</strong></span> <span class='ocrx_word' id='word_1_265' title='bbox 1826 2138 2149 2192; x_wconf 90' lang='lat' dir='ltr'><strong>commentis</strong></span> <span class='ocrx_word' id='word_1_266' title='bbox 2182 2147 2532 2206; x_wconf 85' lang='lat' dir='ltr'><strong>exponerent,</strong></span> <span class='ocrx_word' id='word_1_267' title='bbox 2565 2154 2673 2206; x_wconf 91' lang='lat' dir='ltr'><strong>quo</strong></span> <span class='ocrx_word' id='word_1_268' title='bbox 2705 2139 2911 2200; x_wconf 90' lang='lat' dir='ltr'><strong>ordine,</strong></span> <span class='ocrx_word' id='word_1_269' title='bbox 2947 2147 3000 2192; x_wconf 91' lang='lat' dir='ltr'><strong>et</strong></span> <span class='ocrx_word' id='word_1_270' title='bbox 3031 2155 3136 2207; x_wconf 91' lang='lat' dir='ltr'><strong>qua</strong></span> <span class='ocrx_word' id='word_1_271' title='bbox 3167 2138 3306 2192; x_wconf 90' lang='lat' dir='ltr'><strong>serie</strong></span> <span class='ocrx_word' id='word_1_272' title='bbox 3332 2152 3416 2191; x_wconf 85' lang='lat' dir='ltr'><strong>res</strong></span> <span class='ocrx_word' id='word_1_273' title='bbox 3444 2151 3634 2192; x_wconf 91' lang='lat' dir='ltr'><strong>omnes</strong></span> <span class='ocrx_word' id='word_1_274' title='bbox 3661 2155 3690 2192; x_wconf 87' lang='lat' dir='ltr'><strong>a</strong></span> <span class='ocrx_word' id='word_1_275' title='bbox 3721 2139 3823 2192; x_wconf 91' lang='lat' dir='ltr'><strong>Deo</strong></span> <span class='ocrx_word' id='word_1_276' title='bbox 3843 2139 3947 2201; x_wconf 89' lang='lat' dir='ltr'><strong>sint,</strong></span> 
     </span>
    </p>
   </div>
   <div class='ocr_carea' id='block_1_21' title="bbox 762 2229 3943 2308">
    <p class='ocr_par' dir='ltr' id='par_1_21' title="bbox 762 2229 3943 2308">
     <span class='ocr_line' id='line_1_21' title="bbox 762 2229 3943 2308; baseline -0.003 -16"><span class='ocrx_word' id='word_1_277' title='bbox 762 2248 1024 2308; x_wconf 91' lang='lat' dir='ltr'><strong>tanquam</strong></span> <span class='ocrx_word' id='word_1_278' title='bbox 1053 2253 1080 2290; x_wconf 89' lang='lat' dir='ltr'><strong>a</strong></span> <span class='ocrx_word' id='word_1_279' title='bbox 1113 2235 1287 2306; x_wconf 90' lang='lat' dir='ltr'><strong>prima</strong></span> <span class='ocrx_word' id='word_1_280' title='bbox 1318 2248 1504 2292; x_wconf 84' lang='lat' dir='ltr'><strong>causa,</strong></span> <span class='ocrx_word' id='word_1_281' title='bbox 1542 2247 1662 2299; x_wconf 84' lang='lat' dir='ltr'><strong>qua:</strong></span> <span class='ocrx_word' id='word_1_282' title='bbox 1700 2229 2006 2283; x_wconf 86' lang='lat' dir='ltr'><strong>necessario</strong></span> <span class='ocrx_word' id='word_1_283' title='bbox 2035 2229 2276 2293; x_wconf 74' lang='lat' dir='ltr'><strong>exsistit;</strong></span> <span class='ocrx_word' id='word_1_284' title='bbox 2304 2230 2622 2295; x_wconf 89' lang='lat' dir='ltr'><strong>secundum,</strong></span> <span class='ocrx_word' id='word_1_285' title='bbox 2649 2241 2706 2283; x_wconf 93' lang='lat' dir='ltr'><strong>ut</strong></span> <span class='ocrx_word' id='word_1_286' title='bbox 2748 2230 3095 2284; x_wconf 88' lang='lat' dir='ltr'><strong>ostenderent</strong></span> <span class='ocrx_word' id='word_1_287' title='bbox 3120 2244 3339 2284; x_wconf 87' lang='lat' dir='ltr'><strong>causam</strong></span> <span class='ocrx_word' id='word_1_288' title='bbox 3372 2229 3596 2297; x_wconf 87' lang='lat' dir='ltr'><strong>primam</strong></span> <span class='ocrx_word' id='word_1_289' title='bbox 3631 2241 3684 2282; x_wconf 91' lang='lat' dir='ltr'><strong>et</strong></span> <span class='ocrx_word' id='word_1_290' title='bbox 3713 2230 3943 2300; x_wconf 78' lang='lat' dir='ltr'><strong>originem</strong></span> 
     </span>
    </p>
   </div>
   <div class='ocr_carea' id='block_1_22' title="bbox 763 2319 3953 2394">
    <p class='ocr_par' dir='ltr' id='par_1_22' title="bbox 763 2319 3953 2394">
     <span class='ocr_line' id='line_1_22' title="bbox 763 2319 3953 2394; baseline -0.003 -12"><span class='ocrx_word' id='word_1_291' title='bbox 763 2332 914 2384; x_wconf 76' lang='lat' dir='ltr'><strong>mali.</strong></span> <span class='ocrx_word' id='word_1_292' title='bbox 945 2329 1099 2394; x_wconf 85' lang='lat' dir='ltr'><strong>Quod</strong></span> <span class='ocrx_word' id='word_1_293' title='bbox 1133 2329 1199 2382; x_wconf 90' lang='lat' dir='ltr'><strong>de</strong></span> <span class='ocrx_word' id='word_1_294' title='bbox 1223 2325 1497 2382; x_wconf 88' lang='lat' dir='ltr'><strong>Gnosticis</strong></span> <span class='ocrx_word' id='word_1_295' title='bbox 1525 2322 1811 2376; x_wconf 87' lang='lat' dir='ltr'><strong>manifesto</strong></span> <span class='ocrx_word' id='word_1_296' title='bbox 1863 2329 2076 2375; x_wconf 86' lang='lat' dir='ltr'><strong>constat</strong></span> <span class='ocrx_word' id='word_1_297' title='bbox 2102 2337 2165 2374; x_wconf 79' lang='lat' dir='ltr'><strong>ex</strong></span> <span class='ocrx_word' id='word_1_298' title='bbox 2195 2321 2436 2389; x_wconf 85' lang='lat' dir='ltr'><strong>ejusdem</strong></span> <span class='ocrx_word' id='word_1_299' title='bbox 2466 2321 2638 2375; x_wconf 90' lang='lat' dir='ltr'><strong>sancti</strong></span> <span class='ocrx_word' id='word_1_300' title='bbox 2669 2320 2852 2375; x_wconf 71' lang='lat' dir='ltr'><strong>lrcnzei</strong></span> <span class='ocrx_word' id='word_1_301' title='bbox 2886 2321 3036 2375; x_wconf 91' lang='lat' dir='ltr'><strong>libris</strong></span> <span class='ocrx_word' id='word_1_302' title='bbox 3074 2321 3332 2373; x_wconf 76' lang='lat' dir='ltr'><strong>Adversus</strong></span> <span class='ocrx_word' id='word_1_303' title='bbox 3385 2320 3624 2385; x_wconf 69' lang='lat' dir='ltr'><strong>hareses,</strong></span> <span class='ocrx_word' id='word_1_304' title='bbox 3684 2321 3772 2374; x_wconf 91' lang='lat' dir='ltr'><strong>ubi</strong></span> <span class='ocrx_word' id='word_1_305' title='bbox 3815 2319 3953 2374; x_wconf 88' lang='lat' dir='ltr'><strong>refert</strong></span> 
     </span>
    </p>
   </div>
   <div class='ocr_carea' id='block_1_23' title="bbox 763 2417 3953 2488">
    <p class='ocr_par' dir='ltr' id='par_1_23' title="bbox 763 2417 3953 2488">
     <span class='ocr_line' id='line_1_23' title="bbox 763 2417 3953 2488; baseline 0 -18"><span class='ocrx_word' id='word_1_306' title='bbox 763 2418 912 2488; x_wconf 92' lang='lat' dir='ltr'><strong>impii</strong></span> <span class='ocrx_word' id='word_1_307' title='bbox 945 2418 1214 2472; x_wconf 81' lang='lat' dir='ltr'><strong>Valentini</strong></span> <span class='ocrx_word' id='word_1_308' title='bbox 1250 2433 1486 2474; x_wconf 89' lang='lat' dir='ltr'><strong>errores.</strong></span> <span class='ocrx_word' id='word_1_309' title='bbox 1526 2418 1598 2472; x_wconf 89' lang='lat' dir='ltr'><strong>De</strong></span> <span class='ocrx_word' id='word_1_310' title='bbox 1624 2417 1914 2471; x_wconf 81' lang='lat' dir='ltr'><strong>Kabalistis</strong></span> <span class='ocrx_word' id='word_1_311' title='bbox 1947 2431 2077 2469; x_wconf 86' lang='lat' dir='ltr'><strong>vero</strong></span> <span class='ocrx_word' id='word_1_312' title='bbox 2107 2431 2169 2470; x_wconf 80' lang='lat' dir='ltr'><strong>ex</strong></span> <span class='ocrx_word' id='word_1_313' title='bbox 2202 2433 2390 2469; x_wconf 91' lang='lat' dir='ltr'><strong>eorum</strong></span> <span class='ocrx_word' id='word_1_314' title='bbox 2423 2418 2576 2470; x_wconf 91' lang='lat' dir='ltr'><strong>libris</strong></span> <span class='ocrx_word' id='word_1_315' title='bbox 2615 2419 2708 2485; x_wconf 89' lang='lat' dir='ltr'><strong>qui</strong></span> <span class='ocrx_word' id='word_1_316' title='bbox 2744 2418 2809 2471; x_wconf 92' lang='lat' dir='ltr'><strong>ad</strong></span> <span class='ocrx_word' id='word_1_317' title='bbox 2842 2434 2942 2472; x_wconf 92' lang='lat' dir='ltr'><strong>nos</strong></span> <span class='ocrx_word' id='word_1_318' title='bbox 2974 2428 3353 2486; x_wconf 89' lang='lat' dir='ltr'><strong>pervenerunt,</strong></span> <span class='ocrx_word' id='word_1_319' title='bbox 3383 2427 3436 2472; x_wconf 90' lang='lat' dir='ltr'><strong>et</strong></span> <span class='ocrx_word' id='word_1_320' title='bbox 3469 2419 3669 2487; x_wconf 92' lang='lat' dir='ltr'><strong>quibus</strong></span> <span class='ocrx_word' id='word_1_321' title='bbox 3710 2418 3953 2488; x_wconf 79' lang='lat' dir='ltr'><strong>explican-</strong></span> 
     </span>
    </p>
   </div>
   <div class='ocr_carea' id='block_1_24' title="bbox 761 2506 3954 2581">
    <p class='ocr_par' dir='ltr' id='par_1_24' title="bbox 761 2506 3954 2581">
     <span class='ocr_line' id='line_1_24' title="bbox 761 2506 3954 2581; baseline 0 -19"><span class='ocrx_word' id='word_1_322' title='bbox 761 2508 846 2562; x_wconf 90' lang='lat' dir='ltr'><strong>dis</strong></span> <span class='ocrx_word' id='word_1_323' title='bbox 873 2523 978 2562; x_wconf 92' lang='lat' dir='ltr'><strong>non</strong></span> <span class='ocrx_word' id='word_1_324' title='bbox 1008 2510 1182 2562; x_wconf 87' lang='lat' dir='ltr'><strong>solum</strong></span> <span class='ocrx_word' id='word_1_325' title='bbox 1221 2509 1319 2577; x_wconf 92' lang='lat' dir='ltr'><strong>ipsi</strong></span> <span class='ocrx_word' id='word_1_326' title='bbox 1352 2507 1543 2569; x_wconf 66' lang='lat' dir='ltr'><strong>Judaei,</strong></span> <span class='ocrx_word' id='word_1_327' title='bbox 1571 2508 1662 2561; x_wconf 92' lang='lat' dir='ltr'><strong>sed</strong></span> <span class='ocrx_word' id='word_1_328' title='bbox 1697 2507 1858 2560; x_wconf 88' lang='lat' dir='ltr'><strong>etiam</strong></span> <span class='ocrx_word' id='word_1_329' title='bbox 1896 2506 2062 2575; x_wconf 90' lang='lat' dir='ltr'><strong>aliqui</strong></span> <span class='ocrx_word' id='word_1_330' title='bbox 2111 2507 2308 2559; x_wconf 87' lang='lat' dir='ltr'><strong>eruditi</strong></span> <span class='ocrx_word' id='word_1_331' title='bbox 2341 2506 2440 2560; x_wconf 90' lang='lat' dir='ltr'><strong>viri</strong></span> <span class='ocrx_word' id='word_1_332' title='bbox 2486 2523 2551 2562; x_wconf 77' lang='lat' dir='ltr'><strong>ex</strong></span> <span class='ocrx_word' id='word_1_333' title='bbox 2593 2507 2921 2562; x_wconf 86' lang='lat' dir='ltr'><strong>Christianis</strong></span> <span class='ocrx_word' id='word_1_334' title='bbox 2950 2509 3204 2563; x_wconf 91' lang='lat' dir='ltr'><strong>inanibus</strong></span> <span class='ocrx_word' id='word_1_335' title='bbox 3238 2510 3401 2564; x_wconf 67' lang='lat' dir='ltr'><strong>variae</strong></span> <span class='ocrx_word' id='word_1_336' title='bbox 3433 2511 3673 2566; x_wconf 64' lang='lat' dir='ltr'><strong>scientiae</strong></span> <span class='ocrx_word' id='word_1_337' title='bbox 3700 2510 3954 2581; x_wconf 82' lang='lat' dir='ltr'><strong>promissis</strong></span> 
     </span>
    </p>
   </div>
   <div class='ocr_carea' id='block_1_25' title="bbox 761 2601 3954 2673">
    <p class='ocr_par' dir='ltr' id='par_1_25' title="bbox 761 2601 3954 2673">
     <span class='ocr_line' id='line_1_25' title="bbox 761 2601 3954 2673; baseline -0 -17"><span class='ocrx_word' id='word_1_338' title='bbox 761 2604 992 2673; x_wconf 90' lang='lat' dir='ltr'><strong>decepti,</strong></span> <span class='ocrx_word' id='word_1_339' title='bbox 1017 2621 1082 2657; x_wconf 82' lang='lat' dir='ltr'><strong>ex</strong></span> <span class='ocrx_word' id='word_1_340' title='bbox 1127 2603 1481 2673; x_wconf 69' lang='lat' dir='ltr'><strong>aenigmaticis</strong></span> <span class='ocrx_word' id='word_1_341' title='bbox 1529 2603 1779 2657; x_wconf 89' lang='lat' dir='ltr'><strong>sensibus</strong></span> <span class='ocrx_word' id='word_1_342' title='bbox 1814 2617 1876 2655; x_wconf 94' lang='lat' dir='ltr'><strong>ac</strong></span> <span class='ocrx_word' id='word_1_343' title='bbox 1917 2601 2202 2671; x_wconf 65' lang='lat' dir='ltr'><strong>praestigiis</strong></span> <span class='ocrx_word' id='word_1_344' title='bbox 2242 2602 2388 2656; x_wconf 89' lang='lat' dir='ltr'><strong>illusi</strong></span> <span class='ocrx_word' id='word_1_345' title='bbox 2428 2603 2814 2656; x_wconf 88' lang='lat' dir='ltr'><strong>allaborarunt.</strong></span> <span class='ocrx_word' id='word_1_346' title='bbox 2850 2601 3098 2657; x_wconf 83' lang='lat' dir='ltr'><strong>Profecto</strong></span> <span class='ocrx_word' id='word_1_347' title='bbox 3137 2604 3295 2672; x_wconf 88' lang='lat' dir='ltr'><strong>primi</strong></span> <span class='ocrx_word' id='word_1_348' title='bbox 3339 2604 3720 2661; x_wconf 88' lang='lat' dir='ltr'><strong>Gnosticorum</strong></span> <span class='ocrx_word' id='word_1_349' title='bbox 3761 2604 3954 2660; x_wconf 75' lang='lat' dir='ltr'><strong>ltzeresis</strong></span> 
     </span>
    </p>
   </div>
   <div class='ocr_carea' id='block_1_26' title="bbox 763 2694 3953 2766">
    <p class='ocr_par' dir='ltr' id='par_1_26' title="bbox 763 2694 3953 2766">
     <span class='ocr_line' id='line_1_26' title="bbox 763 2694 3953 2766; baseline 0 -17"><span class='ocrx_word' id='word_1_350' title='bbox 763 2706 1014 2750; x_wconf 74' lang='lat' dir='ltr'><strong>auctores</strong></span> <span class='ocrx_word' id='word_1_351' title='bbox 1055 2695 1226 2750; x_wconf 63' lang='lat' dir='ltr'><strong>Judmi</strong></span> <span class='ocrx_word' id='word_1_352' title='bbox 1265 2695 1502 2761; x_wconf 88' lang='lat' dir='ltr'><strong>fuerunt,</strong></span> <span class='ocrx_word' id='word_1_353' title='bbox 1536 2711 1600 2750; x_wconf 92' lang='lat' dir='ltr'><strong>ac</strong></span> <span class='ocrx_word' id='word_1_354' title='bbox 1633 2696 1859 2765; x_wconf 90' lang='lat' dir='ltr'><strong>proinde</strong></span> <span class='ocrx_word' id='word_1_355' title='bbox 1892 2695 1945 2748; x_wconf 94' lang='lat' dir='ltr'><strong>in</strong></span> <span class='ocrx_word' id='word_1_356' title='bbox 1975 2694 2312 2749; x_wconf 81' lang='lat' dir='ltr'><strong>kahalisticis</strong></span> <span class='ocrx_word' id='word_1_357' title='bbox 2344 2694 2542 2749; x_wconf 83' lang='lat' dir='ltr'><strong>fabulis</strong></span> <span class='ocrx_word' id='word_1_358' title='bbox 2580 2705 2635 2749; x_wconf 90' lang='lat' dir='ltr'><strong>et</strong></span> <span class='ocrx_word' id='word_1_359' title='bbox 2669 2695 3050 2764; x_wconf 73' lang='lat' dir='ltr'><strong>aznigmatibus</strong></span> <span class='ocrx_word' id='word_1_360' title='bbox 3092 2698 3309 2750; x_wconf 88' lang='lat' dir='ltr'><strong>versati.</strong></span> <span class='ocrx_word' id='word_1_361' title='bbox 3339 2697 3522 2766; x_wconf 88' lang='lat' dir='ltr'><strong>Itaque</strong></span> <span class='ocrx_word' id='word_1_362' title='bbox 3562 2699 3636 2750; x_wconf 92' lang='lat' dir='ltr'><strong>nil</strong></span> <span class='ocrx_word' id='word_1_363' title='bbox 3677 2700 3862 2751; x_wconf 86' lang='lat' dir='ltr'><strong>mirum</strong></span> <span class='ocrx_word' id='word_1_364' title='bbox 3887 2708 3953 2751; x_wconf 87' lang='lat' dir='ltr'><strong>est</strong></span> 
     </span>
    </p>
   </div>
   <div class='ocr_carea' id='block_1_27' title="bbox 763 2787 3952 2858">
    <p class='ocr_par' dir='ltr' id='par_1_27' title="bbox 763 2787 3952 2858">
     <span class='ocr_line' id='line_1_27' title="bbox 763 2787 3952 2858; baseline -0.001 -15"><span class='ocrx_word' id='word_1_365' title='bbox 763 2788 1096 2853; x_wconf 81' lang='lat' dir='ltr'><strong>siGnostici,</strong></span> <span class='ocrx_word' id='word_1_366' title='bbox 1127 2803 1348 2842; x_wconf 88' lang='lat' dir='ltr'><strong>suorum</strong></span> <span class='ocrx_word' id='word_1_367' title='bbox 1373 2789 1754 2858; x_wconf 89' lang='lat' dir='ltr'><strong>magistrorum</strong></span> <span class='ocrx_word' id='word_1_368' title='bbox 1782 2789 2120 2857; x_wconf 69' lang='lat' dir='ltr'><strong>aenigmatica</strong></span> <span class='ocrx_word' id='word_1_369' title='bbox 2155 2788 2401 2841; x_wconf 91' lang='lat' dir='ltr'><strong>doctrina</strong></span> <span class='ocrx_word' id='word_1_370' title='bbox 2436 2787 2649 2850; x_wconf 92' lang='lat' dir='ltr'><strong>imbuti,</strong></span> <span class='ocrx_word' id='word_1_371' title='bbox 2693 2801 2878 2840; x_wconf 90' lang='lat' dir='ltr'><strong>sacras</strong></span> <span class='ocrx_word' id='word_1_372' title='bbox 2921 2787 3230 2856; x_wconf 87' lang='lat' dir='ltr'><strong>Scripturas</strong></span> <span class='ocrx_word' id='word_1_373' title='bbox 3257 2788 3637 2858; x_wconf 74' lang='lat' dir='ltr'><strong>aenigmatibus</strong></span> <span class='ocrx_word' id='word_1_374' title='bbox 3672 2797 3830 2857; x_wconf 88' lang='lat' dir='ltr'><strong>atque</strong></span> <span class='ocrx_word' id='word_1_375' title='bbox 3858 2803 3952 2839; x_wconf 87' lang='lat' dir='ltr'><strong>am-</strong></span> 
     </span>
    </p>
   </div>
   <div class='ocr_carea' id='block_1_28' title="bbox 765 2880 3954 2952">
    <p class='ocr_par' dir='ltr' id='par_1_28' title="bbox 765 2880 3954 2952">
     <span class='ocr_line' id='line_1_28' title="bbox 765 2880 3954 2952; baseline 0 -15"><span class='ocrx_word' id='word_1_376' title='bbox 765 2882 987 2952; x_wconf 82' lang='lat' dir='ltr'><strong>bagibus</strong></span> <span class='ocrx_word' id='word_1_377' title='bbox 1029 2882 1340 2946; x_wconf 89' lang='lat' dir='ltr'><strong>verborum,</strong></span> <span class='ocrx_word' id='word_1_378' title='bbox 1380 2882 1623 2951; x_wconf 79' lang='lat' dir='ltr'><strong>mysticis</strong></span> <span class='ocrx_word' id='word_1_379' title='bbox 1671 2890 1831 2950; x_wconf 87' lang='lat' dir='ltr'><strong>atque</strong></span> <span class='ocrx_word' id='word_1_380' title='bbox 1869 2881 2059 2935; x_wconf 91' lang='lat' dir='ltr'><strong>alienis</strong></span> <span class='ocrx_word' id='word_1_381' title='bbox 2087 2881 2337 2935; x_wconf 81' lang='lat' dir='ltr'><strong>sensibus</strong></span> <span class='ocrx_word' id='word_1_382' title='bbox 2384 2880 2883 2949; x_wconf 85' lang='lat' dir='ltr'><strong>interpretarentur,</strong></span> <span class='ocrx_word' id='word_1_383' title='bbox 2909 2889 2962 2934; x_wconf 93' lang='lat' dir='ltr'><strong>et</strong></span> <span class='ocrx_word' id='word_1_384' title='bbox 3003 2882 3091 2934; x_wconf 90' lang='lat' dir='ltr'><strong>Dei</strong></span> <span class='ocrx_word' id='word_1_385' title='bbox 3119 2881 3354 2936; x_wconf 84' lang='lat' dir='ltr'><strong>Verbum</strong></span> <span class='ocrx_word' id='word_1_386' title='bbox 3399 2881 3662 2938; x_wconf 81' lang='lat' dir='ltr'><strong>fabulosis</strong></span> <span class='ocrx_word' id='word_1_387' title='bbox 3693 2883 3805 2937; x_wconf 90' lang='lat' dir='ltr'><strong>suis</strong></span> <span class='ocrx_word' id='word_1_388' title='bbox 3835 2895 3954 2936; x_wconf 52' lang='lat' dir='ltr'><strong>com&#39;</strong></span> 
     </span>
    </p>
   </div>
   <div class='ocr_carea' id='block_1_29' title="bbox 765 2975 3949 3047">
    <p class='ocr_par' dir='ltr' id='par_1_29' title="bbox 765 2975 3949 3047">
     <span class='ocr_line' id='line_1_29' title="bbox 765 2975 3949 3047; baseline -0.001 -18"><span class='ocrx_word' id='word_1_389' title='bbox 765 2978 962 3032; x_wconf 89' lang='lat' dir='ltr'><strong>mentis</strong></span> <span class='ocrx_word' id='word_1_390' title='bbox 985 2987 1417 3046; x_wconf 88' lang='lat' dir='ltr'><strong>corrumperent.</strong></span> <span class='ocrx_word' id='word_1_391' title='bbox 1458 2976 1818 3042; x_wconf 82' lang='lat' dir='ltr'><strong>Quamobrem</strong></span> <span class='ocrx_word' id='word_1_392' title='bbox 1851 2975 2060 3044; x_wconf 90' lang='lat' dir='ltr'><strong>antiqui</strong></span> <span class='ocrx_word' id='word_1_393' title='bbox 2093 2975 2166 3028; x_wconf 92' lang='lat' dir='ltr'><strong>illi</strong></span> <span class='ocrx_word' id='word_1_394' title='bbox 2198 2977 2495 3044; x_wconf 89' lang='lat' dir='ltr'><strong>primorum</strong></span> <span class='ocrx_word' id='word_1_395' title='bbox 2531 2977 2852 3030; x_wconf 71' lang='lat' dir='ltr'><strong>saeculorum</strong></span> <span class='ocrx_word' id='word_1_396' title='bbox 2891 2975 3094 3041; x_wconf 87' lang='lat' dir='ltr'><strong>Patres,</strong></span> <span class='ocrx_word' id='word_1_397' title='bbox 3123 2985 3182 3029; x_wconf 90' lang='lat' dir='ltr'><strong>ut</strong></span> <span class='ocrx_word' id='word_1_398' title='bbox 3226 2977 3607 3031; x_wconf 88' lang='lat' dir='ltr'><strong>Gnosticorum</strong></span> <span class='ocrx_word' id='word_1_399' title='bbox 3652 2978 3949 3047; x_wconf 87' lang='lat' dir='ltr'><strong>impietatem</strong></span> 
     </span>
    </p>
   </div>
   <div class='ocr_carea' id='block_1_30' title="bbox 762 3065 3947 3136">
    <p class='ocr_par' dir='ltr' id='par_1_30' title="bbox 762 3065 3947 3136">
     <span class='ocr_line' id='line_1_30' title="bbox 762 3065 3947 3136; baseline -0.002 -14"><span class='ocrx_word' id='word_1_400' title='bbox 762 3081 816 3123; x_wconf 78' lang='lat' dir='ltr'><strong>et</strong></span> <span class='ocrx_word' id='word_1_401' title='bbox 841 3069 1124 3123; x_wconf 87' lang='lat' dir='ltr'><strong>audaciam</strong></span> <span class='ocrx_word' id='word_1_402' title='bbox 1159 3071 1211 3124; x_wconf 95' lang='lat' dir='ltr'><strong>in</strong></span> <span class='ocrx_word' id='word_1_403' title='bbox 1236 3069 1538 3124; x_wconf 84' lang='lat' dir='ltr'><strong>adulterina</strong></span> <span class='ocrx_word' id='word_1_404' title='bbox 1565 3083 1626 3122; x_wconf 92' lang='lat' dir='ltr'><strong>ac</strong></span> <span class='ocrx_word' id='word_1_405' title='bbox 1660 3082 1913 3136; x_wconf 89' lang='lat' dir='ltr'><strong>perversa</strong></span> <span class='ocrx_word' id='word_1_406' title='bbox 1953 3065 2110 3118; x_wconf 87' lang='lat' dir='ltr'><strong>Verbi</strong></span> <span class='ocrx_word' id='word_1_407' title='bbox 2147 3065 2240 3120; x_wconf 91' lang='lat' dir='ltr'><strong>Dei</strong></span> <span class='ocrx_word' id='word_1_408' title='bbox 2276 3067 2716 3134; x_wconf 87' lang='lat' dir='ltr'><strong>interpretatione</strong></span> <span class='ocrx_word' id='word_1_409' title='bbox 2747 3067 2974 3122; x_wconf 90' lang='lat' dir='ltr'><strong>rudibus</strong></span> <span class='ocrx_word' id='word_1_410' title='bbox 3003 3083 3066 3121; x_wconf 92' lang='lat' dir='ltr'><strong>ac</strong></span> <span class='ocrx_word' id='word_1_411' title='bbox 3098 3067 3435 3135; x_wconf 89' lang='lat' dir='ltr'><strong>simplicibus</strong></span> <span class='ocrx_word' id='word_1_412' title='bbox 3461 3070 3794 3124; x_wconf 87' lang='lat' dir='ltr'><strong>obtrudenda</strong></span> <span class='ocrx_word' id='word_1_413' title='bbox 3819 3082 3947 3122; x_wconf 85' lang='lat' dir='ltr'><strong>coer-</strong></span> 
     </span>
    </p>
   </div>
   <div class='ocr_carea' id='block_1_31' title="bbox 762 3155 3951 3230">
    <p class='ocr_par' dir='ltr' id='par_1_31' title="bbox 762 3155 3951 3230">
     <span class='ocr_line' id='line_1_31' title="bbox 762 3155 3951 3230; baseline -0.003 -13"><span class='ocrx_word' id='word_1_414' title='bbox 762 3170 967 3228; x_wconf 90' lang='lat' dir='ltr'><strong>cerent,</strong></span> <span class='ocrx_word' id='word_1_415' title='bbox 1002 3170 1057 3216; x_wconf 89' lang='lat' dir='ltr'><strong>et</strong></span> <span class='ocrx_word' id='word_1_416' title='bbox 1084 3160 1354 3230; x_wconf 68' lang='lat' dir='ltr'><strong>pestifera:</strong></span> <span class='ocrx_word' id='word_1_417' title='bbox 1378 3175 1568 3214; x_wconf 90' lang='lat' dir='ltr'><strong>eorum</strong></span> <span class='ocrx_word' id='word_1_418' title='bbox 1597 3157 1858 3210; x_wconf 77' lang='lat' dir='ltr'><strong>doctrinze</strong></span> <span class='ocrx_word' id='word_1_419' title='bbox 1883 3155 2189 3208; x_wconf 91' lang='lat' dir='ltr'><strong>clanculum</strong></span> <span class='ocrx_word' id='word_1_420' title='bbox 2226 3155 2462 3222; x_wconf 88' lang='lat' dir='ltr'><strong>serpenti</strong></span> <span class='ocrx_word' id='word_1_421' title='bbox 2495 3156 2708 3209; x_wconf 84' lang='lat' dir='ltr'><strong>obviam</strong></span> <span class='ocrx_word' id='word_1_422' title='bbox 2744 3157 2904 3218; x_wconf 87' lang='lat' dir='ltr'><strong>irent,</strong></span> <span class='ocrx_word' id='word_1_423' title='bbox 2939 3157 3309 3226; x_wconf 89' lang='lat' dir='ltr'><strong>investigando</strong></span> <span class='ocrx_word' id='word_1_424' title='bbox 3337 3158 3678 3227; x_wconf 90' lang='lat' dir='ltr'><strong>potissimum</strong></span> <span class='ocrx_word' id='word_1_425' title='bbox 3706 3170 3951 3214; x_wconf 86' lang='lat' dir='ltr'><strong>sacrarum</strong></span> 
     </span>
    </p>
   </div>
   <div class='ocr_carea' id='block_1_32' title="bbox 766 3245 3950 3324">
    <p class='ocr_par' dir='ltr' id='par_1_32' title="bbox 766 3245 3950 3324">
     <span class='ocr_line' id='line_1_32' title="bbox 766 3245 3950 3324; baseline -0.003 -15"><span class='ocrx_word' id='word_1_426' title='bbox 766 3257 1172 3324; x_wconf 82' lang='lat' dir='ltr'><strong>Scripturarum</strong></span> <span class='ocrx_word' id='word_1_427' title='bbox 1225 3254 1454 3322; x_wconf 83' lang='lat' dir='ltr'><strong>mystico</strong></span> <span class='ocrx_word' id='word_1_428' title='bbox 1502 3249 1684 3305; x_wconf 90' lang='lat' dir='ltr'><strong>sensui</strong></span> <span class='ocrx_word' id='word_1_429' title='bbox 1714 3249 1953 3303; x_wconf 93' lang='lat' dir='ltr'><strong>studium</strong></span> <span class='ocrx_word' id='word_1_430' title='bbox 1986 3263 2146 3302; x_wconf 90' lang='lat' dir='ltr'><strong>omne</strong></span> <span class='ocrx_word' id='word_1_431' title='bbox 2191 3263 2252 3301; x_wconf 91' lang='lat' dir='ltr'><strong>ac</strong></span> <span class='ocrx_word' id='word_1_432' title='bbox 2298 3247 2628 3316; x_wconf 84' lang='lat' dir='ltr'><strong>diligentiam</strong></span> <span class='ocrx_word' id='word_1_433' title='bbox 2664 3248 3027 3302; x_wconf 89' lang='lat' dir='ltr'><strong>adhibuerunt</strong></span> <span class='ocrx_word' id='word_1_434' title='bbox 3063 3257 3114 3302; x_wconf 90' lang='lat' dir='ltr'><strong>et</strong></span> <span class='ocrx_word' id='word_1_435' title='bbox 3153 3264 3494 3318; x_wconf 87' lang='lat' dir='ltr'><strong>summopere</strong></span> <span class='ocrx_word' id='word_1_436' title='bbox 3523 3260 3802 3312; x_wconf 88' lang='lat' dir='ltr'><strong>curarunt,</strong></span> <span class='ocrx_word' id='word_1_437' title='bbox 3831 3245 3950 3318; x_wconf 85' lang='lat' dir='ltr'><strong>quod</strong></span> 
     </span>
    </p>
   </div>
   <div class='ocr_carea' id='block_1_33' title="bbox 762 3336 3947 3415">
    <p class='ocr_par' dir='ltr' id='par_1_33' title="bbox 762 3336 3947 3415">
     <span class='ocr_line' id='line_1_33' title="bbox 762 3336 3947 3415; baseline -0.003 -15"><span class='ocrx_word' id='word_1_438' title='bbox 762 3346 1048 3415; x_wconf 86' lang='lat' dir='ltr'><strong>pastoralis</strong></span> <span class='ocrx_word' id='word_1_439' title='bbox 1068 3359 1258 3400; x_wconf 90' lang='lat' dir='ltr'><strong>eorum</strong></span> <span class='ocrx_word' id='word_1_440' title='bbox 1283 3343 1524 3398; x_wconf 89' lang='lat' dir='ltr'><strong>muneris</strong></span> <span class='ocrx_word' id='word_1_441' title='bbox 1554 3339 1884 3410; x_wconf 68' lang='lat' dir='ltr'><strong>praecipuum</strong></span> <span class='ocrx_word' id='word_1_442' title='bbox 1919 3347 2055 3403; x_wconf 88' lang='lat' dir='ltr'><strong>erat,</strong></span> <span class='ocrx_word' id='word_1_443' title='bbox 2089 3347 2148 3390; x_wconf 91' lang='lat' dir='ltr'><strong>ut</strong></span> <span class='ocrx_word' id='word_1_444' title='bbox 2183 3336 2584 3405; x_wconf 88' lang='lat' dir='ltr'><strong>Scripturarum</strong></span> <span class='ocrx_word' id='word_1_445' title='bbox 2623 3338 2912 3407; x_wconf 84' lang='lat' dir='ltr'><strong>allegorico</strong></span> <span class='ocrx_word' id='word_1_446' title='bbox 2949 3354 3111 3392; x_wconf 91' lang='lat' dir='ltr'><strong>sensu</strong></span> <span class='ocrx_word' id='word_1_447' title='bbox 3147 3338 3300 3406; x_wconf 82' lang='lat' dir='ltr'><strong>juxta</strong></span> <span class='ocrx_word' id='word_1_448' title='bbox 3338 3338 3587 3394; x_wconf 72' lang='lat' dir='ltr'><strong>Ecclesia:</strong></span> <span class='ocrx_word' id='word_1_449' title='bbox 3616 3341 3685 3394; x_wconf 90' lang='lat' dir='ltr'><strong>ab</strong></span> <span class='ocrx_word' id='word_1_450' title='bbox 3712 3337 3947 3408; x_wconf 84' lang='lat' dir='ltr'><strong>apostolis</strong></span> 
     </span>
    </p>
   </div>
   <div class='ocr_carea' id='block_1_34' title="bbox 763 3431 3954 3509">
    <p class='ocr_par' dir='ltr' id='par_1_34' title="bbox 763 3431 3954 3509">
     <span class='ocr_line' id='line_1_34' title="bbox 763 3431 3954 3509; baseline -0.002 -17"><span class='ocrx_word' id='word_1_451' title='bbox 763 3447 1035 3509; x_wconf 84' lang='lat' dir='ltr'><strong>acceptam</strong></span> <span class='ocrx_word' id='word_1_452' title='bbox 1063 3438 1388 3503; x_wconf 90' lang='lat' dir='ltr'><strong>doctrinam,</strong></span> <span class='ocrx_word' id='word_1_453' title='bbox 1420 3446 1472 3490; x_wconf 90' lang='lat' dir='ltr'><strong>et</strong></span> <span class='ocrx_word' id='word_1_454' title='bbox 1496 3435 1951 3504; x_wconf 72' lang='lat' dir='ltr'><strong>praedecessorum</strong></span> <span class='ocrx_word' id='word_1_455' title='bbox 1989 3431 2202 3500; x_wconf 91' lang='lat' dir='ltr'><strong>regulas</strong></span> <span class='ocrx_word' id='word_1_456' title='bbox 2235 3432 2504 3499; x_wconf 82' lang='lat' dir='ltr'><strong>exposito,</strong></span> <span class='ocrx_word' id='word_1_457' title='bbox 2544 3431 2926 3485; x_wconf 87' lang='lat' dir='ltr'><strong>Gnosticorum</strong></span> <span class='ocrx_word' id='word_1_458' title='bbox 2955 3433 3275 3486; x_wconf 89' lang='lat' dir='ltr'><strong>commentis</strong></span> <span class='ocrx_word' id='word_1_459' title='bbox 3304 3448 3367 3486; x_wconf 91' lang='lat' dir='ltr'><strong>ac</strong></span> <span class='ocrx_word' id='word_1_460' title='bbox 3387 3432 3587 3487; x_wconf 86' lang='lat' dir='ltr'><strong>fabulis</strong></span> <span class='ocrx_word' id='word_1_461' title='bbox 3608 3434 3862 3502; x_wconf 87' lang='lat' dir='ltr'><strong>spiritalis</strong></span> <span class='ocrx_word' id='word_1_462' title='bbox 3887 3433 3954 3485; x_wconf 86' lang='lat' dir='ltr'><strong>in-</strong></span> 
     </span>
    </p>
   </div>
   <div class='ocr_carea' id='block_1_35' title="bbox 766 3521 3956 3602">
    <p class='ocr_par' dir='ltr' id='par_1_35' title="bbox 766 3521 3956 3602">
     <span class='ocr_line' id='line_1_35' title="bbox 766 3521 3956 3602; baseline -0.003 -18"><span class='ocrx_word' id='word_1_463' title='bbox 766 3530 1168 3602; x_wconf 76' lang='lat' dir='ltr'><strong>terpretationis</strong></span> <span class='ocrx_word' id='word_1_464' title='bbox 1188 3528 1469 3583; x_wconf 88' lang='lat' dir='ltr'><strong>veritatem</strong></span> <span class='ocrx_word' id='word_1_465' title='bbox 1499 3533 1852 3594; x_wconf 90' lang='lat' dir='ltr'><strong>opponerent.</strong></span> <span class='ocrx_word' id='word_1_466' title='bbox 1884 3522 2014 3587; x_wconf 71' lang='lat' dir='ltr'><strong>Qua:</strong></span> <span class='ocrx_word' id='word_1_467' title='bbox 2039 3537 2162 3576; x_wconf 88' lang='lat' dir='ltr'><strong>cum</strong></span> <span class='ocrx_word' id='word_1_468' title='bbox 2190 3523 2261 3574; x_wconf 91' lang='lat' dir='ltr'><strong>ita</strong></span> <span class='ocrx_word' id='word_1_469' title='bbox 2289 3521 2418 3585; x_wconf 91' lang='lat' dir='ltr'><strong>sint,</strong></span> <span class='ocrx_word' id='word_1_470' title='bbox 2451 3531 2508 3574; x_wconf 91' lang='lat' dir='ltr'><strong>ut</strong></span> <span class='ocrx_word' id='word_1_471' title='bbox 2538 3523 2726 3590; x_wconf 89' lang='lat' dir='ltr'><strong>paucis</strong></span> <span class='ocrx_word' id='word_1_472' title='bbox 2762 3522 3106 3586; x_wconf 87' lang='lat' dir='ltr'><strong>concludam,</strong></span> <span class='ocrx_word' id='word_1_473' title='bbox 3134 3525 3404 3578; x_wconf 90' lang='lat' dir='ltr'><strong>neminem</strong></span> <span class='ocrx_word' id='word_1_474' title='bbox 3437 3540 3558 3579; x_wconf 86' lang='lat' dir='ltr'><strong>esse</strong></span> <span class='ocrx_word' id='word_1_475' title='bbox 3581 3535 3734 3594; x_wconf 89' lang='lat' dir='ltr'><strong>puto,</strong></span> <span class='ocrx_word' id='word_1_476' title='bbox 3756 3527 3842 3595; x_wconf 90' lang='lat' dir='ltr'><strong>qui</strong></span> <span class='ocrx_word' id='word_1_477' title='bbox 3869 3538 3956 3578; x_wconf 88' lang='lat' dir='ltr'><strong>non</strong></span> 
     </span>
    </p>
   </div>
   <div class='ocr_carea' id='block_1_36' title="bbox 765 3615 3951 3693">
    <p class='ocr_par' dir='ltr' id='par_1_36' title="bbox 765 3615 3951 3693">
     <span class='ocr_line' id='line_1_36' title="bbox 765 3615 3951 3693; baseline -0.001 -16"><span class='ocrx_word' id='word_1_478' title='bbox 765 3623 1048 3693; x_wconf 76' lang='lat' dir='ltr'><strong>intelligat,</strong></span> <span class='ocrx_word' id='word_1_479' title='bbox 1077 3622 1495 3690; x_wconf 84' lang='lat' dir='ltr'><strong>explicationem</strong></span> <span class='ocrx_word' id='word_1_480' title='bbox 1529 3617 1916 3673; x_wconf 88' lang='lat' dir='ltr'><strong>Hebraicorum</strong></span> <span class='ocrx_word' id='word_1_481' title='bbox 1956 3616 2240 3670; x_wconf 89' lang='lat' dir='ltr'><strong>nominum</strong></span> <span class='ocrx_word' id='word_1_482' title='bbox 2280 3624 2333 3670; x_wconf 89' lang='lat' dir='ltr'><strong>et</strong></span> <span class='ocrx_word' id='word_1_483' title='bbox 2365 3616 2708 3684; x_wconf 87' lang='lat' dir='ltr'><strong>allegoricam</strong></span> <span class='ocrx_word' id='word_1_484' title='bbox 2744 3615 3143 3686; x_wconf 87' lang='lat' dir='ltr'><strong>Scripturarum</strong></span> <span class='ocrx_word' id='word_1_485' title='bbox 3183 3619 3677 3688; x_wconf 76' lang='lat' dir='ltr'><strong>interpretationem</strong></span> <span class='ocrx_word' id='word_1_486' title='bbox 3714 3631 3766 3676; x_wconf 92' lang='lat' dir='ltr'><strong>et</strong></span> <span class='ocrx_word' id='word_1_487' title='bbox 3790 3620 3951 3690; x_wconf 75' lang='lat' dir='ltr'><strong>patriae</strong></span> 
     </span>
    </p>
   </div>
   <div class='ocr_carea' id='block_1_37' title="bbox 762 3705 3956 3784">
    <p class='ocr_par' dir='ltr' id='par_1_37' title="bbox 762 3705 3956 3784">
     <span class='ocr_line' id='line_1_37' title="bbox 762 3705 3956 3784; baseline -0.002 -15"><span class='ocrx_word' id='word_1_488' title='bbox 762 3726 925 3784; x_wconf 87' lang='lat' dir='ltr'><strong>atque</strong></span> <span class='ocrx_word' id='word_1_489' title='bbox 970 3711 1220 3766; x_wconf 90' lang='lat' dir='ltr'><strong>instituto</strong></span> <span class='ocrx_word' id='word_1_490' title='bbox 1267 3709 1573 3774; x_wconf 88' lang='lat' dir='ltr'><strong>Athanasii,</strong></span> <span class='ocrx_word' id='word_1_491' title='bbox 1610 3718 1721 3762; x_wconf 91' lang='lat' dir='ltr'><strong>tum</strong></span> <span class='ocrx_word' id='word_1_492' title='bbox 1772 3708 1934 3762; x_wconf 90' lang='lat' dir='ltr'><strong>etiam</strong></span> <span class='ocrx_word' id='word_1_493' title='bbox 1968 3708 2086 3776; x_wconf 88' lang='lat' dir='ltr'><strong>ejus</strong></span> <span class='ocrx_word' id='word_1_494' title='bbox 2120 3706 2266 3760; x_wconf 76' lang='lat' dir='ltr'><strong>aetati</strong></span> <span class='ocrx_word' id='word_1_495' title='bbox 2295 3721 2358 3759; x_wconf 93' lang='lat' dir='ltr'><strong>ac</strong></span> <span class='ocrx_word' id='word_1_496' title='bbox 2381 3705 2640 3759; x_wconf 66' lang='lat' dir='ltr'><strong>doctrinae</strong></span> <span class='ocrx_word' id='word_1_497' title='bbox 2684 3707 2975 3760; x_wconf 90' lang='lat' dir='ltr'><strong>admodum</strong></span> <span class='ocrx_word' id='word_1_498' title='bbox 3023 3718 3440 3763; x_wconf 88' lang='lat' dir='ltr'><strong>consentaneam</strong></span> <span class='ocrx_word' id='word_1_499' title='bbox 3473 3726 3611 3775; x_wconf 90' lang='lat' dir='ltr'><strong>esse,</strong></span> <span class='ocrx_word' id='word_1_500' title='bbox 3653 3715 3956 3781; x_wconf 83' lang='lat' dir='ltr'><strong>minimeque</strong></span> 
     </span>
    </p>
   </div>
   <div class='ocr_carea' id='block_1_38' title="bbox 762 3806 1062 3861">
    <p class='ocr_par' dir='ltr' id='par_1_38' title="bbox 762 3806 1062 3861">
     <span class='ocr_line' id='line_1_38' title="bbox 762 3806 1062 3861; baseline -0.013 0"><span class='ocrx_word' id='word_1_501' title='bbox 762 3806 1062 3861; x_wconf 81' lang='lat' dir='ltr'><strong>adversari.</strong></span> 
     </span>
    </p>
   </div>
   <div class='ocr_carea' id='block_1_39' title="bbox 833 3890 3962 3966">
    <p class='ocr_par' dir='ltr' id='par_1_39' title="bbox 833 3890 3962 3966">
     <span class='ocr_line' id='line_1_39' title="bbox 833 3890 3962 3966; baseline -0 -14"><span class='ocrx_word' id='word_1_502' title='bbox 833 3898 1066 3952; x_wconf 78' lang='lat' dir='ltr'><strong>XXVIII.</strong></span> <span class='ocrx_word' id='word_1_503' title='bbox 1111 3897 1308 3952; x_wconf 92' lang='lat' dir='ltr'><strong>Verum</strong></span> <span class='ocrx_word' id='word_1_504' title='bbox 1355 3913 1448 3965; x_wconf 89' lang='lat' dir='ltr'><strong>per</strong></span> <span class='ocrx_word' id='word_1_505' title='bbox 1487 3895 1673 3949; x_wconf 88' lang='lat' dir='ltr'><strong>eadem</strong></span> <span class='ocrx_word' id='word_1_506' title='bbox 1715 3903 1979 3962; x_wconf 85' lang='lat' dir='ltr'><strong>tempora,</strong></span> <span class='ocrx_word' id='word_1_507' title='bbox 2035 3891 2236 3962; x_wconf 92' lang='lat' dir='ltr'><strong>quibus</strong></span> <span class='ocrx_word' id='word_1_508' title='bbox 2277 3891 2473 3946; x_wconf 90' lang='lat' dir='ltr'><strong>claruit</strong></span> <span class='ocrx_word' id='word_1_509' title='bbox 2515 3890 2871 3956; x_wconf 82' lang='lat' dir='ltr'><strong>Athanasius,</strong></span> <span class='ocrx_word' id='word_1_510' title='bbox 2922 3904 3108 3948; x_wconf 79' lang='lat' dir='ltr'><strong>exorta</strong></span> <span class='ocrx_word' id='word_1_511' title='bbox 3164 3897 3316 3966; x_wconf 91' lang='lat' dir='ltr'><strong>impii</strong></span> <span class='ocrx_word' id='word_1_512' title='bbox 3362 3899 3472 3952; x_wconf 84' lang='lat' dir='ltr'><strong>Arii</strong></span> <span class='ocrx_word' id='word_1_513' title='bbox 3512 3899 3731 3966; x_wconf 71' lang='lat' dir='ltr'><strong>haeresi,</strong></span> <span class='ocrx_word' id='word_1_514' title='bbox 3773 3914 3962 3955; x_wconf 78' lang='lat' dir='ltr'><strong>necesse</strong></span> 
     </span>
    </p>
   </div>
   <div class='ocr_carea' id='block_1_40' title="bbox 763 3989 3961 4060">
    <p class='ocr_par' dir='ltr' id='par_1_40' title="bbox 763 3989 3961 4060">
     <span class='ocr_line' id='line_1_40' title="bbox 763 3989 3961 4060; baseline -0.002 -10"><span class='ocrx_word' id='word_1_515' title='bbox 763 3998 867 4050; x_wconf 86' lang='lat' dir='ltr'><strong>fuit</strong></span> <span class='ocrx_word' id='word_1_516' title='bbox 903 3995 1212 4050; x_wconf 89' lang='lat' dir='ltr'><strong>accuratius</strong></span> <span class='ocrx_word' id='word_1_517' title='bbox 1255 3992 1542 4046; x_wconf 89' lang='lat' dir='ltr'><strong>litteralcm</strong></span> <span class='ocrx_word' id='word_1_518' title='bbox 1600 3989 2004 4059; x_wconf 89' lang='lat' dir='ltr'><strong>Scripturarum</strong></span> <span class='ocrx_word' id='word_1_519' title='bbox 2053 4004 2273 4043; x_wconf 90' lang='lat' dir='ltr'><strong>sensum</strong></span> <span class='ocrx_word' id='word_1_520' title='bbox 2318 3996 2572 4043; x_wconf 75' lang='lat' dir='ltr'><strong>excutere</strong></span> <span class='ocrx_word' id='word_1_521' title='bbox 2621 3997 2782 4057; x_wconf 88' lang='lat' dir='ltr'><strong>atque</strong></span> <span class='ocrx_word' id='word_1_522' title='bbox 2825 3989 3137 4059; x_wconf 80' lang='lat' dir='ltr'><strong>explicare;</strong></span> <span class='ocrx_word' id='word_1_523' title='bbox 3167 3994 3423 4060; x_wconf 90' lang='lat' dir='ltr'><strong>quoniam</strong></span> <span class='ocrx_word' id='word_1_524' title='bbox 3455 3994 3638 4047; x_wconf 86' lang='lat' dir='ltr'><strong>Ariani</strong></span> <span class='ocrx_word' id='word_1_525' title='bbox 3677 4005 3961 4049; x_wconf 75' lang='lat' dir='ltr'><strong>contexium</strong></span> 
     </span>
    </p>
   </div>
   <div class='ocr_carea' id='block_1_41' title="bbox 763 4086 3959 4157">
    <p class='ocr_par' dir='ltr' id='par_1_41' title="bbox 763 4086 3959 4157">
     <span class='ocr_line' id='line_1_41' title="bbox 763 4086 3959 4157; baseline -0.003 -11"><span class='ocrx_word' id='word_1_526' title='bbox 763 4090 1169 4156; x_wconf 87' lang='lat' dir='ltr'><strong>Scripturarum</strong></span> <span class='ocrx_word' id='word_1_527' title='bbox 1225 4087 1446 4141; x_wconf 86' lang='lat' dir='ltr'><strong>subdole</strong></span> <span class='ocrx_word' id='word_1_528' title='bbox 1499 4088 1970 4157; x_wconf 85' lang='lat' dir='ltr'><strong>interpungentes,</strong></span> <span class='ocrx_word' id='word_1_529' title='bbox 2025 4086 2108 4140; x_wconf 87' lang='lat' dir='ltr'><strong>vel</strong></span> <span class='ocrx_word' id='word_1_530' title='bbox 2153 4086 2258 4139; x_wconf 85' lang='lat' dir='ltr'><strong>vim</strong></span> <span class='ocrx_word' id='word_1_531' title='bbox 2317 4087 2606 4139; x_wconf 90' lang='lat' dir='ltr'><strong>verborum</strong></span> <span class='ocrx_word' id='word_1_532' title='bbox 2665 4095 2840 4140; x_wconf 82' lang='lat' dir='ltr'><strong>astute</strong></span> <span class='ocrx_word' id='word_1_533' title='bbox 2891 4101 2953 4139; x_wconf 90' lang='lat' dir='ltr'><strong>ac</strong></span> <span class='ocrx_word' id='word_1_534' title='bbox 2997 4087 3264 4140; x_wconf 88' lang='lat' dir='ltr'><strong>subtiliter</strong></span> <span class='ocrx_word' id='word_1_535' title='bbox 3308 4098 3664 4156; x_wconf 75' lang='lat' dir='ltr'><strong>exponentes,</strong></span> <span class='ocrx_word' id='word_1_536' title='bbox 3711 4103 3959 4144; x_wconf 84' lang='lat' dir='ltr'><strong>sacrarum</strong></span> 
     </span>
    </p>
   </div>
   <div class='ocr_carea' id='block_1_42' title="bbox 764 4179 3963 4249">
    <p class='ocr_par' dir='ltr' id='par_1_42' title="bbox 764 4179 3963 4249">
     <span class='ocr_line' id='line_1_42' title="bbox 764 4179 3963 4249; baseline -0.001 -14"><span class='ocrx_word' id='word_1_537' title='bbox 764 4181 1169 4249; x_wconf 87' lang='lat' dir='ltr'><strong>Scripturarum</strong></span> <span class='ocrx_word' id='word_1_538' title='bbox 1204 4181 1525 4234; x_wconf 82' lang='lat' dir='ltr'><strong>auctoritate</strong></span> <span class='ocrx_word' id='word_1_539' title='bbox 1557 4181 1620 4232; x_wconf 88' lang='lat' dir='ltr'><strong>ad</strong></span> <span class='ocrx_word' id='word_1_540' title='bbox 1651 4196 1762 4232; x_wconf 74' lang='lat' dir='ltr'><strong>sua:</strong></span> <span class='ocrx_word' id='word_1_541' title='bbox 1795 4180 2084 4248; x_wconf 91' lang='lat' dir='ltr'><strong>impietatis</strong></span> <span class='ocrx_word' id='word_1_542' title='bbox 2125 4180 2591 4232; x_wconf 86' lang='lat' dir='ltr'><strong>confirmationem</strong></span> <span class='ocrx_word' id='word_1_543' title='bbox 2641 4179 3023 4232; x_wconf 88' lang='lat' dir='ltr'><strong>abutebantur.</strong></span> <span class='ocrx_word' id='word_1_544' title='bbox 3065 4179 3249 4248; x_wconf 90' lang='lat' dir='ltr'><strong>Itaque</strong></span> <span class='ocrx_word' id='word_1_545' title='bbox 3280 4183 3431 4235; x_wconf 89' lang='lat' dir='ltr'><strong>novis</strong></span> <span class='ocrx_word' id='word_1_546' title='bbox 3469 4182 3702 4235; x_wconf 89' lang='lat' dir='ltr'><strong>subinde</strong></span> <span class='ocrx_word' id='word_1_547' title='bbox 3732 4196 3963 4236; x_wconf 84' lang='lat' dir='ltr'><strong>enascen-</strong></span> 
     </span>
    </p>
   </div>
   <div class='ocr_carea' id='block_1_43' title="bbox 764 4269 3962 4339">
    <p class='ocr_par' dir='ltr' id='par_1_43' title="bbox 764 4269 3962 4339">
     <span class='ocr_line' id='line_1_43' title="bbox 764 4269 3962 4339; baseline -0.002 -15"><span class='ocrx_word' id='word_1_548' title='bbox 764 4275 910 4326; x_wconf 86' lang='lat' dir='ltr'><strong>tibus</strong></span> <span class='ocrx_word' id='word_1_549' title='bbox 937 4271 1236 4335; x_wconf 86' lang='lat' dir='ltr'><strong>erroribus,</strong></span> <span class='ocrx_word' id='word_1_550' title='bbox 1287 4280 1342 4323; x_wconf 89' lang='lat' dir='ltr'><strong>et</strong></span> <span class='ocrx_word' id='word_1_551' title='bbox 1374 4271 1512 4323; x_wconf 87' lang='lat' dir='ltr'><strong>inter</strong></span> <span class='ocrx_word' id='word_1_552' title='bbox 1567 4270 1909 4324; x_wconf 82' lang='lat' dir='ltr'><strong>Christianos</strong></span> <span class='ocrx_word' id='word_1_553' title='bbox 1964 4270 2345 4323; x_wconf 78' lang='lat' dir='ltr'><strong>effervescente</strong></span> <span class='ocrx_word' id='word_1_554' title='bbox 2404 4269 2791 4338; x_wconf 90' lang='lat' dir='ltr'><strong>disputatione,</strong></span> <span class='ocrx_word' id='word_1_555' title='bbox 2875 4285 2998 4322; x_wconf 92' lang='lat' dir='ltr'><strong>cum</strong></span> <span class='ocrx_word' id='word_1_556' title='bbox 3052 4270 3142 4323; x_wconf 90' lang='lat' dir='ltr'><strong>alii</strong></span> <span class='ocrx_word' id='word_1_557' title='bbox 3195 4285 3292 4339; x_wconf 89' lang='lat' dir='ltr'><strong>pro</strong></span> <span class='ocrx_word' id='word_1_558' title='bbox 3353 4272 3594 4334; x_wconf 79' lang='lat' dir='ltr'><strong>veritate,</strong></span> <span class='ocrx_word' id='word_1_559' title='bbox 3649 4272 3745 4324; x_wconf 90' lang='lat' dir='ltr'><strong>alii</strong></span> <span class='ocrx_word' id='word_1_560' title='bbox 3805 4281 3962 4325; x_wconf 83' lang='lat' dir='ltr'><strong>contra</strong></span> 
     </span>
    </p>
   </div>
   <div class='ocr_carea' id='block_1_44' title="bbox 761 4361 3963 4434">
    <p class='ocr_par' dir='ltr' id='par_1_44' title="bbox 761 4361 3963 4434">
     <span class='ocr_line' id='line_1_44' title="bbox 761 4361 3963 4434; baseline -0.002 -16"><span class='ocrx_word' id='word_1_561' title='bbox 761 4373 990 4428; x_wconf 84' lang='lat' dir='ltr'><strong>starent,</strong></span> <span class='ocrx_word' id='word_1_562' title='bbox 1032 4373 1085 4415; x_wconf 88' lang='lat' dir='ltr'><strong>et</strong></span> <span class='ocrx_word' id='word_1_563' title='bbox 1133 4363 1344 4430; x_wconf 82' lang='lat' dir='ltr'><strong>utrique</strong></span> <span class='ocrx_word' id='word_1_564' title='bbox 1399 4363 1450 4414; x_wconf 92' lang='lat' dir='ltr'><strong>in</strong></span> <span class='ocrx_word' id='word_1_565' title='bbox 1504 4362 1754 4413; x_wconf 86' lang='lat' dir='ltr'><strong>humanis</strong></span> <span class='ocrx_word' id='word_1_566' title='bbox 1797 4361 2135 4430; x_wconf 90' lang='lat' dir='ltr'><strong>disciplinis,</strong></span> <span class='ocrx_word' id='word_1_567' title='bbox 2179 4371 2233 4415; x_wconf 90' lang='lat' dir='ltr'><strong>et</strong></span> <span class='ocrx_word' id='word_1_568' title='bbox 2286 4362 2566 4416; x_wconf 89' lang='lat' dir='ltr'><strong>dialectica</strong></span> <span class='ocrx_word' id='word_1_569' title='bbox 2615 4361 2903 4428; x_wconf 89' lang='lat' dir='ltr'><strong>facultate,</strong></span> <span class='ocrx_word' id='word_1_570' title='bbox 2941 4373 2994 4417; x_wconf 89' lang='lat' dir='ltr'><strong>et</strong></span> <span class='ocrx_word' id='word_1_571' title='bbox 3045 4362 3444 4432; x_wconf 88' lang='lat' dir='ltr'><strong>Scripturarum</strong></span> <span class='ocrx_word' id='word_1_572' title='bbox 3478 4365 3714 4419; x_wconf 88' lang='lat' dir='ltr'><strong>lectione</strong></span> <span class='ocrx_word' id='word_1_573' title='bbox 3753 4365 3963 4434; x_wconf 85' lang='lat' dir='ltr'><strong>apprime</strong></span> 
     </span>
    </p>
   </div>
   <div class='ocr_carea' id='block_1_45' title="bbox 762 4453 3962 4528">
    <p class='ocr_par' dir='ltr' id='par_1_45' title="bbox 762 4453 3962 4528">
     <span class='ocr_line' id='line_1_45' title="bbox 762 4453 3962 4528; baseline 0 -18"><span class='ocrx_word' id='word_1_574' title='bbox 762 4457 961 4512; x_wconf 89' lang='lat' dir='ltr'><strong>versati</strong></span> <span class='ocrx_word' id='word_1_575' title='bbox 1003 4463 1206 4519; x_wconf 86' lang='lat' dir='ltr'><strong>essent,</strong></span> <span class='ocrx_word' id='word_1_576' title='bbox 1254 4464 1614 4522; x_wconf 87' lang='lat' dir='ltr'><strong>accurateque</strong></span> <span class='ocrx_word' id='word_1_577' title='bbox 1659 4454 1935 4521; x_wconf 90' lang='lat' dir='ltr'><strong>proprium</strong></span> <span class='ocrx_word' id='word_1_578' title='bbox 1988 4453 2391 4523; x_wconf 84' lang='lat' dir='ltr'><strong>Scripturarum</strong></span> <span class='ocrx_word' id='word_1_579' title='bbox 2432 4471 2654 4510; x_wconf 91' lang='lat' dir='ltr'><strong>sensum</strong></span> <span class='ocrx_word' id='word_1_580' title='bbox 2708 4457 2772 4509; x_wconf 90' lang='lat' dir='ltr'><strong>ad</strong></span> <span class='ocrx_word' id='word_1_581' title='bbox 2823 4459 3189 4526; x_wconf 67' lang='lat' dir='ltr'><strong>grammaticae</strong></span> <span class='ocrx_word' id='word_1_582' title='bbox 3231 4459 3372 4528; x_wconf 83' lang='lat' dir='ltr'><strong>leges</strong></span> <span class='ocrx_word' id='word_1_583' title='bbox 3411 4460 3779 4528; x_wconf 80' lang='lat' dir='ltr'><strong>expenderent</strong></span> <span class='ocrx_word' id='word_1_584' title='bbox 3827 4470 3962 4526; x_wconf 85' lang='lat' dir='ltr'><strong>atque</strong></span> 
     </span>
    </p>
   </div>
   <div class='ocr_carea' id='block_1_46' title="bbox 762 4545 3962 4620">
    <p class='ocr_par' dir='ltr' id='par_1_46' title="bbox 762 4545 3962 4620">
     <span class='ocr_line' id='line_1_46' title="bbox 762 4545 3962 4620; baseline 0.001 -16"><span class='ocrx_word' id='word_1_585' title='bbox 762 4551 1060 4619; x_wconf 76' lang='lat' dir='ltr'><strong>exigerent,</strong></span> <span class='ocrx_word' id='word_1_586' title='bbox 1093 4549 1145 4601; x_wconf 93' lang='lat' dir='ltr'><strong>in</strong></span> <span class='ocrx_word' id='word_1_587' title='bbox 1173 4564 1336 4602; x_wconf 90' lang='lat' dir='ltr'><strong>causa</strong></span> <span class='ocrx_word' id='word_1_588' title='bbox 1375 4545 1478 4600; x_wconf 85' lang='lat' dir='ltr'><strong>fuit</strong></span> <span class='ocrx_word' id='word_1_589' title='bbox 1518 4563 1616 4601; x_wconf 92' lang='lat' dir='ltr'><strong>cur</strong></span> <span class='ocrx_word' id='word_1_590' title='bbox 1653 4546 1868 4608; x_wconf 88' lang='lat' dir='ltr'><strong>deinde,</strong></span> <span class='ocrx_word' id='word_1_591' title='bbox 1909 4546 2293 4614; x_wconf 88' lang='lat' dir='ltr'><strong>disputationis</strong></span> <span class='ocrx_word' id='word_1_592' title='bbox 2345 4548 2668 4602; x_wconf 90' lang='lat' dir='ltr'><strong>necessitate</strong></span> <span class='ocrx_word' id='word_1_593' title='bbox 2701 4549 2981 4616; x_wconf 91' lang='lat' dir='ltr'><strong>suadente,</strong></span> <span class='ocrx_word' id='word_1_594' title='bbox 3015 4551 3261 4604; x_wconf 85' lang='lat' dir='ltr'><strong>litteralis</strong></span> <span class='ocrx_word' id='word_1_595' title='bbox 3289 4549 3698 4620; x_wconf 87' lang='lat' dir='ltr'><strong>Scripturarum</strong></span> <span class='ocrx_word' id='word_1_596' title='bbox 3725 4550 3962 4620; x_wconf 78' lang='lat' dir='ltr'><strong>expositio</strong></span> 
     </span>
    </p>
   </div>
   <div class='ocr_carea' id='block_1_47' title="bbox 765 4638 3962 4714">
    <p class='ocr_par' dir='ltr' id='par_1_47' title="bbox 765 4638 3962 4714">
     <span class='ocr_line' id='line_1_47' title="bbox 765 4638 3962 4714; baseline 0.001 -19"><span class='ocrx_word' id='word_1_597' title='bbox 765 4659 862 4696; x_wconf 90' lang='lat' dir='ltr'><strong>usu</strong></span> <span class='ocrx_word' id='word_1_598' title='bbox 893 4651 1104 4709; x_wconf 84' lang='lat' dir='ltr'><strong>recepta</strong></span> <span class='ocrx_word' id='word_1_599' title='bbox 1141 4641 1194 4693; x_wconf 93' lang='lat' dir='ltr'><strong>in</strong></span> <span class='ocrx_word' id='word_1_600' title='bbox 1224 4639 1443 4693; x_wconf 90' lang='lat' dir='ltr'><strong>Oriente</strong></span> <span class='ocrx_word' id='word_1_601' title='bbox 1476 4641 1566 4703; x_wconf 89' lang='lat' dir='ltr'><strong>sit,</strong></span> <span class='ocrx_word' id='word_1_602' title='bbox 1595 4639 1646 4691; x_wconf 92' lang='lat' dir='ltr'><strong>in</strong></span> <span class='ocrx_word' id='word_1_603' title='bbox 1680 4653 1785 4707; x_wconf 91' lang='lat' dir='ltr'><strong>qua</strong></span> <span class='ocrx_word' id='word_1_604' title='bbox 1813 4638 1949 4692; x_wconf 88' lang='lat' dir='ltr'><strong>inter</strong></span> <span class='ocrx_word' id='word_1_605' title='bbox 1987 4638 2283 4693; x_wconf 75' lang='grc' dir='ltr'><strong>(οιὴοιίοοε</strong></span> <span class='ocrx_word' id='word_1_606' title='bbox 2333 4639 2580 4694; x_wconf 89' lang='lat' dir='ltr'><strong>doctores</strong></span> <span class='ocrx_word' id='word_1_607' title='bbox 2606 4641 2946 4696; x_wconf 69' lang='lat' dir='ltr'><strong>excelluitS.</strong></span> <span class='ocrx_word' id='word_1_608' title='bbox 2983 4641 3219 4697; x_wconf 86' lang='lat' dir='ltr'><strong>Joannes</strong></span> <span class='ocrx_word' id='word_1_609' title='bbox 3247 4644 3695 4714; x_wconf 82' lang='lat' dir='ltr'><strong>Chrysostomus.</strong></span> <span class='ocrx_word' id='word_1_610' title='bbox 3737 4644 3884 4702; x_wconf 77' lang='lat' dir='ltr'><strong>Nam.</strong></span> <span class='ocrx_word' id='word_1_611' title='bbox 3916 4651 3962 4692; x_wconf 84' lang='lat' dir='ltr'><strong>ul</strong></span> 
     </span>
    </p>
   </div>
   <div class='ocr_carea' id='block_1_48' title="bbox 763 4734 3953 4805">
    <p class='ocr_par' dir='ltr' id='par_1_48' title="bbox 763 4734 3953 4805">
     <span class='ocr_line' id='line_1_48' title="bbox 763 4734 3953 4805; baseline 0.001 -17"><span class='ocrx_word' id='word_1_612' title='bbox 763 4735 1039 4789; x_wconf 66' lang='lat' dir='ltr'><strong>memoria:</strong></span> <span class='ocrx_word' id='word_1_613' title='bbox 1074 4735 1329 4788; x_wconf 76' lang='lat' dir='ltr'><strong>tra’ditum</strong></span> <span class='ocrx_word' id='word_1_614' title='bbox 1358 4743 1439 4786; x_wconf 80' lang='lat' dir='ltr'><strong>est</strong></span> <span class='ocrx_word' id='word_1_615' title='bbox 1473 4734 1606 4802; x_wconf 77' lang='lat'><strong>(57),</strong></span> <span class='ocrx_word' id='word_1_616' title='bbox 1640 4744 1692 4787; x_wconf 85' lang='lat' dir='ltr'><strong>et</strong></span> <span class='ocrx_word' id='word_1_617' title='bbox 1717 4734 1935 4786; x_wconf 87' lang='lat' dir='ltr'><strong>Patrum</strong></span> <span class='ocrx_word' id='word_1_618' title='bbox 1963 4735 2162 4803; x_wconf 90' lang='lat' dir='ltr'><strong>scripta</strong></span> <span class='ocrx_word' id='word_1_619' title='bbox 2193 4749 2314 4802; x_wconf 72' lang='lat' dir='ltr'><strong>qua:</strong></span> <span class='ocrx_word' id='word_1_620' title='bbox 2337 4734 2403 4787; x_wconf 90' lang='lat' dir='ltr'><strong>ad</strong></span> <span class='ocrx_word' id='word_1_621' title='bbox 2437 4752 2534 4790; x_wconf 93' lang='lat' dir='ltr'><strong>nos</strong></span> <span class='ocrx_word' id='word_1_622' title='bbox 2574 4738 2894 4792; x_wconf 89' lang='lat' dir='ltr'><strong>transmissa</strong></span> <span class='ocrx_word' id='word_1_623' title='bbox 2931 4749 3077 4802; x_wconf 90' lang='lat' dir='ltr'><strong>sunt,</strong></span> <span class='ocrx_word' id='word_1_624' title='bbox 3107 4739 3416 4805; x_wconf 89' lang='lat' dir='ltr'><strong>ostendunt,</strong></span> <span class='ocrx_word' id='word_1_625' title='bbox 3452 4741 3502 4794; x_wconf 93' lang='lat' dir='ltr'><strong>in</strong></span> <span class='ocrx_word' id='word_1_626' title='bbox 3543 4741 3764 4794; x_wconf 90' lang='lat' dir='ltr'><strong>litterali</strong></span> <span class='ocrx_word' id='word_1_627' title='bbox 3799 4754 3953 4793; x_wconf 81' lang='lat' dir='ltr'><strong>sacra-</strong></span> 
     </span>
    </p>
   </div>
   <div class='ocr_carea' id='block_1_49' title="bbox 771 4825 3953 4899">
    <p class='ocr_par' dir='ltr' id='par_1_49' title="bbox 771 4825 3953 4899">
     <span class='ocr_line' id='line_1_49' title="bbox 771 4825 3953 4899; baseline 0.003 -21"><span class='ocrx_word' id='word_1_628' title='bbox 771 4842 891 4880; x_wconf 89' lang='lat' dir='ltr'><strong>rum</strong></span> <span class='ocrx_word' id='word_1_629' title='bbox 923 4825 1325 4894; x_wconf 89' lang='lat' dir='ltr'><strong>Scripturarum</strong></span> <span class='ocrx_word' id='word_1_630' title='bbox 1370 4826 1808 4894; x_wconf 86' lang='lat' dir='ltr'><strong>interpretatione</strong></span> <span class='ocrx_word' id='word_1_631' title='bbox 1837 4825 2071 4879; x_wconf 80' lang='lat' dir='ltr'><strong>maxime</strong></span> <span class='ocrx_word' id='word_1_632' title='bbox 2099 4825 2282 4879; x_wconf 86' lang='lat' dir='ltr'><strong>ﬂoruit</strong></span> <span class='ocrx_word' id='word_1_633' title='bbox 2313 4827 2498 4880; x_wconf 90' lang='lat' dir='ltr'><strong>schola</strong></span> <span class='ocrx_word' id='word_1_634' title='bbox 2526 4826 2882 4882; x_wconf 77' lang='lat' dir='ltr'><strong>Antiocheua.</strong></span> <span class='ocrx_word' id='word_1_635' title='bbox 2923 4829 3198 4899; x_wconf 89' lang='lat' dir='ltr'><strong>Siquidem</strong></span> <span class='ocrx_word' id='word_1_636' title='bbox 3233 4829 3495 4885; x_wconf 84' lang='lat' dir='ltr'><strong>Eusebius</strong></span> <span class='ocrx_word' id='word_1_637' title='bbox 3543 4831 3846 4893; x_wconf 84' lang='lat' dir='ltr'><strong>Emisenus,</strong></span> <span class='ocrx_word' id='word_1_638' title='bbox 3880 4831 3953 4899; x_wconf 82' lang='lat' dir='ltr'><strong>qui</strong></span> 
     </span>
    </p>
   </div>
   <div class='ocr_carea' id='block_1_50' title="bbox 764 4918 3958 4993">
    <p class='ocr_par' dir='ltr' id='par_1_50' title="bbox 764 4918 3958 4993">
     <span class='ocr_line' id='line_1_50' title="bbox 764 4918 3958 4993; baseline 0.001 -20"><span class='ocrx_word' id='word_1_639' title='bbox 764 4922 1049 4993; x_wconf 86' lang='lat' dir='ltr'><strong>magistros</strong></span> <span class='ocrx_word' id='word_1_640' title='bbox 1083 4921 1269 4973; x_wconf 88' lang='lat' dir='ltr'><strong>habuit</strong></span> <span class='ocrx_word' id='word_1_641' title='bbox 1309 4919 1676 4987; x_wconf 84' lang='lat' dir='ltr'><strong>PatrOphilum</strong></span> <span class='ocrx_word' id='word_1_642' title='bbox 1724 4918 2230 4987; x_wconf 73' lang='lat' dir='ltr'><strong>Scythopolitanum</strong></span> <span class='ocrx_word' id='word_1_643' title='bbox 2259 4929 2309 4972; x_wconf 89' lang='lat' dir='ltr'><strong>et</strong></span> <span class='ocrx_word' id='word_1_644' title='bbox 2351 4919 2642 4974; x_wconf 85' lang='lat' dir='ltr'><strong>Eusebium</strong></span> <span class='ocrx_word' id='word_1_645' title='bbox 2688 4921 3096 4987; x_wconf 69' lang='lat' dir='ltr'><strong>Caesariensem,</strong></span> <span class='ocrx_word' id='word_1_646' title='bbox 3126 4926 3422 4978; x_wconf 74' lang='lat' dir='ltr'><strong>Antiochia:</strong></span> <span class='ocrx_word' id='word_1_647' title='bbox 3463 4927 3552 4979; x_wconf 92' lang='lat' dir='ltr'><strong>diu</strong></span> <span class='ocrx_word' id='word_1_648' title='bbox 3605 4941 3844 4982; x_wconf 75' lang='lat' dir='ltr'><strong>versatus</strong></span> <span class='ocrx_word' id='word_1_649' title='bbox 3874 4934 3958 4987; x_wconf 86' lang='lat' dir='ltr'><strong>est,</strong></span> 
     </span>
    </p>
   </div>
   <div class='ocr_carea' id='block_1_51' title="bbox 763 5014 3959 5093">
    <p class='ocr_par' dir='ltr' id='par_1_51' title="bbox 763 5014 3959 5093">
     <span class='ocr_line' id='line_1_51' title="bbox 763 5014 3959 5093; baseline -0 -21"><span class='ocrx_word' id='word_1_650' title='bbox 763 5020 944 5088; x_wconf 90' lang='lat' dir='ltr'><strong>ibique</strong></span> <span class='ocrx_word' id='word_1_651' title='bbox 1017 5022 1200 5081; x_wconf 87' lang='lat' dir='ltr'><strong>etiam,</strong></span> <span class='ocrx_word' id='word_1_652' title='bbox 1252 5028 1309 5069; x_wconf 88' lang='lat' dir='ltr'><strong>ut</strong></span> <span class='ocrx_word' id='word_1_653' title='bbox 1358 5027 1504 5084; x_wconf 92' lang='lat' dir='ltr'><strong>puto,</strong></span> <span class='ocrx_word' id='word_1_654' title='bbox 1546 5015 1752 5078; x_wconf 91' lang='lat' dir='ltr'><strong>docuit,</strong></span> <span class='ocrx_word' id='word_1_655' title='bbox 1806 5014 2145 5067; x_wconf 90' lang='lat' dir='ltr'><strong>familiariter</strong></span> <span class='ocrx_word' id='word_1_656' title='bbox 2187 5031 2318 5069; x_wconf 86' lang='lat' dir='ltr'><strong>usus</strong></span> <span class='ocrx_word' id='word_1_657' title='bbox 2374 5014 2684 5084; x_wconf 84' lang='lat' dir='ltr'><strong>Euphronio</strong></span> <span class='ocrx_word' id='word_1_658' title='bbox 2711 5031 2761 5071; x_wconf 89' lang='lat' dir='ltr'><strong>et</strong></span> <span class='ocrx_word' id='word_1_659' title='bbox 2806 5018 3028 5073; x_wconf 89' lang='lat' dir='ltr'><strong>Flacillo</strong></span> <span class='ocrx_word' id='word_1_660' title='bbox 3071 5020 3312 5088; x_wconf 87' lang='lat' dir='ltr'><strong>ejusdem</strong></span> <span class='ocrx_word' id='word_1_661' title='bbox 3361 5022 3510 5075; x_wconf 90' lang='lat' dir='ltr'><strong>urbis</strong></span> <span class='ocrx_word' id='word_1_662' title='bbox 3551 5023 3823 5093; x_wconf 88' lang='lat' dir='ltr'><strong>episc0pis</strong></span> <span class='ocrx_word' id='word_1_663' title='bbox 3850 5021 3959 5089; x_wconf 83' lang='lat'><strong>(58).</strong></span> 
     </span>
    </p>
   </div>
   <div class='ocr_carea' id='block_1_52' title="bbox 767 5105 3959 5184">
    <p class='ocr_par' dir='ltr' id='par_1_52' title="bbox 767 5105 3959 5184">
     <span class='ocr_line' id='line_1_52' title="bbox 767 5105 3959 5184; baseline 0.001 -23"><span class='ocrx_word' id='word_1_664' title='bbox 767 5109 1024 5176; x_wconf 83' lang='lat' dir='ltr'><strong>Exemplo</strong></span> <span class='ocrx_word' id='word_1_665' title='bbox 1053 5119 1232 5161; x_wconf 81' lang='lat' dir='ltr'><strong>autem</strong></span> <span class='ocrx_word' id='word_1_666' title='bbox 1269 5118 1320 5161; x_wconf 91' lang='lat' dir='ltr'><strong>et</strong></span> <span class='ocrx_word' id='word_1_667' title='bbox 1353 5107 1693 5160; x_wconf 90' lang='lat' dir='ltr'><strong>institutione</strong></span> <span class='ocrx_word' id='word_1_668' title='bbox 1727 5105 1943 5159; x_wconf 81' lang='lat' dir='ltr'><strong>Eusebii</strong></span> <span class='ocrx_word' id='word_1_669' title='bbox 1974 5106 2278 5168; x_wconf 87' lang='lat' dir='ltr'><strong>historiam,</strong></span> <span class='ocrx_word' id='word_1_670' title='bbox 2305 5107 2406 5160; x_wconf 92' lang='lat' dir='ltr'><strong>hoc</strong></span> <span class='ocrx_word' id='word_1_671' title='bbox 2443 5123 2526 5162; x_wconf 90' lang='lat' dir='ltr'><strong>est</strong></span> <span class='ocrx_word' id='word_1_672' title='bbox 2559 5125 2776 5163; x_wconf 84' lang='lat' dir='ltr'><strong>sensum</strong></span> <span class='ocrx_word' id='word_1_673' title='bbox 2811 5111 3096 5164; x_wconf 90' lang='lat' dir='ltr'><strong>litteralem</strong></span> <span class='ocrx_word' id='word_1_674' title='bbox 3129 5113 3222 5180; x_wconf 88' lang='lat' dir='ltr'><strong>(ita</strong></span> <span class='ocrx_word' id='word_1_675' title='bbox 3253 5114 3392 5166; x_wconf 90' lang='lat' dir='ltr'><strong>enim</strong></span> <span class='ocrx_word' id='word_1_676' title='bbox 3429 5113 3773 5184; x_wconf 82' lang='lat' dir='ltr'><strong>intelligenda</strong></span> <span class='ocrx_word' id='word_1_677' title='bbox 3804 5113 3959 5166; x_wconf 70' lang='lat' dir='ltr'><strong>riden-</strong></span> 
     </span>
    </p>
   </div>
   <div class='ocr_carea' id='block_1_53' title="bbox 769 5199 3957 5277">
    <p class='ocr_par' dir='ltr' id='par_1_53' title="bbox 769 5199 3957 5277">
     <span class='ocr_line' id='line_1_53' title="bbox 769 5199 3957 5277; baseline 0.002 -23"><span class='ocrx_word' id='word_1_678' title='bbox 769 5211 857 5254; x_wconf 89' lang='lat' dir='ltr'><strong>tur</strong></span> <span class='ocrx_word' id='word_1_679' title='bbox 903 5202 1065 5254; x_wconf 88' lang='lat' dir='ltr'><strong>vcrba</strong></span> <span class='ocrx_word' id='word_1_680' title='bbox 1114 5199 1446 5270; x_wconf 79' lang='lat' dir='ltr'><strong>Hieronymi,</strong></span> <span class='ocrx_word' id='word_1_681' title='bbox 1495 5218 1616 5269; x_wconf 71' lang='lat' dir='ltr'><strong>quze</strong></span> <span class='ocrx_word' id='word_1_682' title='bbox 1651 5200 1875 5254; x_wconf 85' lang='lat' dir='ltr'><strong>inferius</strong></span> <span class='ocrx_word' id='word_1_683' title='bbox 1917 5201 2182 5271; x_wconf 76' lang='lat' dir='ltr'><strong>afferam),</strong></span> <span class='ocrx_word' id='word_1_684' title='bbox 2229 5202 2472 5257; x_wconf 88' lang='lat' dir='ltr'><strong>studiose</strong></span> <span class='ocrx_word' id='word_1_685' title='bbox 2509 5215 2830 5272; x_wconf 88' lang='lat' dir='ltr'><strong>prosecutus</strong></span> <span class='ocrx_word' id='word_1_686' title='bbox 2859 5214 2943 5260; x_wconf 88' lang='lat' dir='ltr'><strong>est</strong></span> <span class='ocrx_word' id='word_1_687' title='bbox 2982 5204 3245 5259; x_wconf 88' lang='lat' dir='ltr'><strong>Diodorus</strong></span> <span class='ocrx_word' id='word_1_688' title='bbox 3287 5204 3594 5273; x_wconf 88' lang='lat' dir='ltr'><strong>Tarsensis,</strong></span> <span class='ocrx_word' id='word_1_689' title='bbox 3630 5208 3877 5277; x_wconf 83' lang='lat' dir='ltr'><strong>magister</strong></span> <span class='ocrx_word' id='word_1_690' title='bbox 3915 5203 3957 5255; x_wconf 85' lang='lat' dir='ltr'><strong>S.</strong></span> 
     </span>
    </p>
   </div>
   <div class='ocr_carea' id='block_1_54' title="bbox 772 5293 3961 5371">
    <p class='ocr_par' dir='ltr' id='par_1_54' title="bbox 772 5293 3961 5371">
     <span class='ocr_line' id='line_1_54' title="bbox 772 5293 3961 5371; baseline 0 -22"><span class='ocrx_word' id='word_1_691' title='bbox 772 5293 998 5349; x_wconf 81' lang='lat' dir='ltr'><strong>Joannis</strong></span> <span class='ocrx_word' id='word_1_692' title='bbox 1028 5295 1425 5364; x_wconf 65' lang='lat' dir='ltr'><strong>Chrysostomi,</strong></span> <span class='ocrx_word' id='word_1_693' title='bbox 1461 5295 1731 5350; x_wconf 87' lang='lat' dir='ltr'><strong>Theodori</strong></span> <span class='ocrx_word' id='word_1_694' title='bbox 1755 5294 2142 5366; x_wconf 81' lang='lat' dir='ltr'><strong>Mopsuesteni,</strong></span> <span class='ocrx_word' id='word_1_695' title='bbox 2173 5297 2389 5350; x_wconf 78' lang='lat' dir='ltr'><strong>Maximi</strong></span> <span class='ocrx_word' id='word_1_696' title='bbox 2417 5299 2798 5364; x_wconf 84' lang='lat' dir='ltr'><strong>Seleuciensis,</strong></span> <span class='ocrx_word' id='word_1_697' title='bbox 2837 5311 2888 5354; x_wconf 87' lang='lat' dir='ltr'><strong>et</strong></span> <span class='ocrx_word' id='word_1_698' title='bbox 2911 5299 3140 5355; x_wconf 78' lang='lat' dir='ltr'><strong>Nestorii</strong></span> <span class='ocrx_word' id='word_1_699' title='bbox 3175 5299 3580 5371; x_wconf 81' lang='lat' dir='ltr'><strong>(59-60),quem</strong></span> <span class='ocrx_word' id='word_1_700' title='bbox 3602 5309 3784 5354; x_wconf 86' lang='lat' dir='ltr'><strong>tamen</strong></span> <span class='ocrx_word' id='word_1_701' title='bbox 3813 5297 3961 5370; x_wconf 67' lang='lat' dir='ltr'><strong>potin:</strong></span> 
     </span>
    </p>
   </div>
   <div class='ocr_carea' id='block_1_55' title="bbox 835 5479 1945 5548">
    <p class='ocr_par' dir='ltr' id='par_1_55' title="bbox 835 5479 1945 5548">
     <span class='ocr_line' id='line_1_55' title="bbox 835 5479 1945 5548; baseline -0.001 -16"><span class='ocrx_word' id='word_1_702' title='bbox 835 5479 947 5545; x_wconf 82' lang='grc'><strong>(55)</strong></span> <span class='ocrx_word' id='word_1_703' title='bbox 981 5479 1203 5532; x_wconf 79' lang='lat' dir='ltr'><strong>Burnet.</strong></span> <span class='ocrx_word' id='word_1_704' title='bbox 1236 5479 1560 5548; x_wconf 74' lang='lat' dir='ltr'><strong>Arclm&#39;olog.</strong></span> <span class='ocrx_word' id='word_1_705' title='bbox 1594 5479 1782 5547; x_wconf 80' lang='lat' dir='ltr'><strong>philos.</strong></span> <span class='ocrx_word' id='word_1_706' title='bbox 1816 5494 1861 5532; x_wconf 88' lang='lat' dir='ltr'><strong>c.</strong></span> <span class='ocrx_word' id='word_1_707' title='bbox 1895 5479 1945 5531; x_wconf 82' lang='lat'><strong>7.</strong></span> 
     </span>
    </p>
   </div>
   <div class='ocr_carea' id='block_1_56' title="bbox 832 5548 2562 5618">
    <p class='ocr_par' dir='ltr' id='par_1_56' title="bbox 832 5548 2562 5618">
     <span class='ocr_line' id='line_1_56' title="bbox 832 5548 2562 5618; baseline -0.002 -16"><span class='ocrx_word' id='word_1_708' title='bbox 832 5549 944 5612; x_wconf 75' lang='lat'><strong>(56)</strong></span> <span class='ocrx_word' id='word_1_709' title='bbox 969 5548 1177 5618; x_wconf 85' lang='lat' dir='ltr'><strong>Vitring</strong></span> <span class='ocrx_word' id='word_1_710' title='bbox 1229 5550 1439 5602; x_wconf 77' lang='lat' dir='ltr'><strong>Obserr.</strong></span> <span class='ocrx_word' id='word_1_711' title='bbox 1472 5567 1631 5614; x_wconf 60' lang='lat' dir='ltr'><strong>saria,</strong></span> <span class='ocrx_word' id='word_1_712' title='bbox 1657 5553 1875 5604; x_wconf 80' lang='lat' dir='ltr'><strong>dissert.</strong></span> <span class='ocrx_word' id='word_1_713' title='bbox 1905 5567 1964 5613; x_wconf 90' lang='lat' dir='ltr'><strong>ll,</strong></span> <span class='ocrx_word' id='word_1_714' title='bbox 1997 5550 2087 5602; x_wconf 80' lang='lat' dir='ltr'><strong>lin.</strong></span> <span class='ocrx_word' id='word_1_715' title='bbox 2121 5566 2156 5612; x_wconf 89' lang='lat' dir='ltr'><strong>I,</strong></span> <span class='ocrx_word' id='word_1_716' title='bbox 2198 5549 2318 5610; x_wconf 59' lang='grc' dir='ltr'><strong>αεὶ,</strong></span> <span class='ocrx_word' id='word_1_717' title='bbox 2364 5551 2415 5602; x_wconf 91' lang='lat' dir='ltr'><strong>in</strong></span> <span class='ocrx_word' id='word_1_718' title='bbox 2452 5559 2562 5599; x_wconf 88' lang='lat' dir='ltr'><strong>not.</strong></span> 
     </span>
    </p>
   </div>
   <div class='ocr_carea' id='block_1_57' title="bbox 835 5619 1860 5687">
    <p class='ocr_par' dir='ltr' id='par_1_57' title="bbox 835 5619 1860 5687">
     <span class='ocr_line' id='line_1_57' title="bbox 835 5619 1860 5687; baseline 0.002 -19"><span class='ocrx_word' id='word_1_719' title='bbox 835 5619 948 5687; x_wconf 64' lang='lat'><strong>(3)7)</strong></span> <span class='ocrx_word' id='word_1_720' title='bbox 980 5620 1133 5673; x_wconf 87' lang='lat' dir='ltr'><strong>Socr.</strong></span> <span class='ocrx_word' id='word_1_721' title='bbox 1171 5619 1306 5671; x_wconf 78' lang='lat' dir='ltr'><strong>&quot;ist.</strong></span> <span class='ocrx_word' id='word_1_722' title='bbox 1349 5622 1471 5672; x_wconf 67' lang='grc' dir='ltr'><strong>εει-ί.</strong></span> <span class='ocrx_word' id='word_1_723' title='bbox 1511 5622 1600 5672; x_wconf 89' lang='lat' dir='ltr'><strong>lib.</strong></span> <span class='ocrx_word' id='word_1_724' title='bbox 1635 5637 1694 5683; x_wconf 92' lang='lat' dir='ltr'><strong>tt,</strong></span> <span class='ocrx_word' id='word_1_725' title='bbox 1727 5637 1774 5673; x_wconf 90' lang='lat' dir='ltr'><strong>c.</strong></span> <span class='ocrx_word' id='word_1_726' title='bbox 1810 5620 1860 5671; x_wconf 82' lang='lat'><strong>9.</strong></span> 
     </span>
    </p>
   </div>
   <div class='ocr_carea' id='block_1_58' title="bbox 835 5687 2450 5758">
    <p class='ocr_par' dir='ltr' id='par_1_58' title="bbox 835 5689 2450 5758">
     <span class='ocr_line' id='line_1_58' title="bbox 835 5689 2450 5758; baseline 0 -18"><span class='ocrx_word' id='word_1_727' title='bbox 835 5689 946 5758; x_wconf 74' lang='lat'><strong>(58)</strong></span> <span class='ocrx_word' id='word_1_728' title='bbox 980 5691 1194 5742; x_wconf 85' lang='lat' dir='ltr'><strong>Sozom.</strong></span> <span class='ocrx_word' id='word_1_729' title='bbox 1235 5691 1375 5742; x_wconf 82' lang='lat' dir='ltr'><strong>llist.</strong></span> <span class='ocrx_word' id='word_1_730' title='bbox 1410 5689 1558 5750; x_wconf 64' lang='lat' dir='ltr'><strong>cal,</strong></span> <span class='ocrx_word' id='word_1_731' title='bbox 1595 5691 1685 5743; x_wconf 91' lang='lat' dir='ltr'><strong>lib.</strong></span> <span class='ocrx_word' id='word_1_732' title='bbox 1716 5707 1796 5751; x_wconf 88' lang='lat' dir='ltr'><strong>Ill,</strong></span> <span class='ocrx_word' id='word_1_733' title='bbox 1822 5707 1868 5743; x_wconf 87' lang='lat' dir='ltr'><strong>c.</strong></span> <span class='ocrx_word' id='word_1_734' title='bbox 1895 5689 1959 5755; x_wconf 87' lang='lat'><strong>6;</strong></span> <span class='ocrx_word' id='word_1_735' title='bbox 1995 5691 2141 5743; x_wconf 80' lang='lat' dir='ltr'><strong>Socr.</strong></span> <span class='ocrx_word' id='word_1_736' title='bbox 2179 5689 2320 5744; x_wconf 70' lang='lat' dir='ltr'><strong>(list.</strong></span> <span class='ocrx_word' id='word_1_737' title='bbox 2353 5691 2450 5741; x_wconf 60' lang='grc' dir='ltr'><strong>εδει</strong></span> 
     </span>
    </p>
   </div>
   <div class='ocr_carea' id='block_1_59' title="bbox 1246 5687 2861 5758">
    <p class='ocr_par' dir='ltr' id='par_1_59' title="bbox 1246 5687 2861 5758">
     <span class='ocr_line' id='line_1_59' title="bbox 1246 5687 2861 5758; baseline -0.001 -18"><span class='ocrx_word' id='word_1_738' title='bbox 1246 5691 1375 5742; x_wconf 82' lang='lat' dir='ltr'><strong>llist.</strong></span> <span class='ocrx_word' id='word_1_739' title='bbox 1410 5689 1558 5750; x_wconf 70' lang='grc' dir='ltr'><strong>ραι..</strong></span> <span class='ocrx_word' id='word_1_740' title='bbox 1595 5691 1685 5743; x_wconf 93' lang='lat' dir='ltr'><strong>lib.</strong></span> <span class='ocrx_word' id='word_1_741' title='bbox 1716 5707 1796 5751; x_wconf 87' lang='grc' dir='ltr'>ιιι,</span> <span class='ocrx_word' id='word_1_742' title='bbox 1822 5707 1868 5743; x_wconf 88' lang='lat' dir='ltr'><strong>c.</strong></span> <span class='ocrx_word' id='word_1_743' title='bbox 1895 5689 1959 5755; x_wconf 87' lang='lat'><strong>6;</strong></span> <span class='ocrx_word' id='word_1_744' title='bbox 1995 5691 2141 5743; x_wconf 80' lang='lat' dir='ltr'><strong>Socr.</strong></span> <span class='ocrx_word' id='word_1_745' title='bbox 2179 5689 2320 5744; x_wconf 72' lang='lat' dir='ltr'><strong>(list.</strong></span> <span class='ocrx_word' id='word_1_746' title='bbox 2353 5689 2500 5748; x_wconf 60' lang='grc' dir='ltr'><strong>εδει,</strong></span> <span class='ocrx_word' id='word_1_747' title='bbox 2538 5687 2611 5738; x_wconf 88' lang='lat' dir='ltr'><strong>lib</strong></span> <span class='ocrx_word' id='word_1_748' title='bbox 2645 5703 2718 5758; x_wconf 76' lang='lat' dir='ltr'><strong>vr.</strong></span> <span class='ocrx_word' id='word_1_749' title='bbox 2746 5703 2790 5737; x_wconf 90' lang='lat' dir='ltr'><strong>c.</strong></span> <span class='ocrx_word' id='word_1_750' title='bbox 2831 5687 2861 5739; x_wconf 81' lang='lat'><strong>5</strong></span> 
     </span>
    </p>
   </div>
   <div class='ocr_carea' id='block_1_60' title="bbox 839 5757 2782 5828">
    <p class='ocr_par' dir='ltr' id='par_1_60' title="bbox 839 5757 2782 5828">
     <span class='ocr_line' id='line_1_60' title="bbox 839 5757 2782 5828; baseline -0.002 -15"><span class='ocrx_word' id='word_1_751' title='bbox 839 5759 1051 5828; x_wconf 69' lang='lat'><strong>(59-60)</strong></span> <span class='ocrx_word' id='word_1_752' title='bbox 1080 5763 1295 5813; x_wconf 74' lang='lat' dir='ltr'><strong>Sozom.</strong></span> <span class='ocrx_word' id='word_1_753' title='bbox 1330 5760 1468 5813; x_wconf 77' lang='lat' dir='ltr'><strong>Hist.</strong></span> <span class='ocrx_word' id='word_1_754' title='bbox 1510 5761 1659 5822; x_wconf 73' lang='lat' dir='ltr'><strong>cccl,</strong></span> <span class='ocrx_word' id='word_1_755' title='bbox 1702 5761 1793 5814; x_wconf 90' lang='lat' dir='ltr'><strong>lib.</strong></span> <span class='ocrx_word' id='word_1_756' title='bbox 1830 5777 1948 5825; x_wconf 88' lang='lat' dir='ltr'><strong>vm,</strong></span> <span class='ocrx_word' id='word_1_757' title='bbox 1975 5777 2023 5814; x_wconf 86' lang='lat' dir='ltr'><strong>e.</strong></span> <span class='ocrx_word' id='word_1_758' title='bbox 2059 5761 2124 5822; x_wconf 73' lang='lat'><strong>‘2;</strong></span> <span class='ocrx_word' id='word_1_759' title='bbox 2168 5759 2320 5813; x_wconf 80' lang='lat' dir='ltr'><strong>Socr.</strong></span> <span class='ocrx_word' id='word_1_760' title='bbox 2359 5760 2450 5812; x_wconf 87' lang='lat' dir='ltr'><strong>lib.</strong></span> <span class='ocrx_word' id='word_1_761' title='bbox 2492 5775 2586 5818; x_wconf 79' lang='lat' dir='ltr'><strong>vn,</strong></span> <span class='ocrx_word' id='word_1_762' title='bbox 2623 5773 2670 5808; x_wconf 66' lang='grc' dir='ltr'><strong>θ.</strong></span> <span class='ocrx_word' id='word_1_763' title='bbox 2695 5757 2782 5809; x_wconf 71' lang='lat'><strong>‘29.</strong></span> 
     </span>
    </p>
   </div>
  </div>
