4090 6312
197 355 305 412 629
900 360 985 415 DE
1025 360 1299 417 TITULIS
1336 358 1789 417 PSALMORUM.
1831 390 1901 401 —
1933 358 2319 417 ANTONELLI
2358 360 2741 418 PREFATIO.
3304 367 3406 423 630

194 470 565 541 Theodorum,
592 489 620 528 a
650 491 756 539 quo
779 478 939 531 etiam
966 494 1211 534 errorum
1236 495 1459 534 suorum
1500 481 1652 534 virus
1699 479 1901 543 hausit,
1935 480 2016 535 vel
2050 487 2195 535 certe
2230 490 2518 551 utrumque
2559 482 2831 537 audivisse
2860 482 3203 539 crediderim.
3242 485 3406 542 Joan-

193 580 292 621 nes
340 566 560 633 quidem
616 567 1037 637 Chrysostomus
1080 586 1109 625 a
1160 570 1221 626 Β.
1254 570 1583 642 liieronymo
1630 581 1859 626 vocatur
1916 572 2027 642 (6f)
2080 590 2098 623 ι
2141 571 2356 628 Eusebii
2411 572 2672 637 Emiseni,
2712 572 3041 643 Diodorique
3084 585 3340 631 sectator.
3382 595 3405 630 ι

192 656 541 713 Theodorum
575 675 700 714 vero
732 660 1165 730 Mopsuestenum
1208 664 1544 734 inauspicato
1592 665 1915 735 magistrum
1960 665 2150 720 habuit
2193 665 2565 722 Theodoretus
2602 666 2888 736 episcopus
2916 666 3063 737 Cyri,
3105 668 3197 738 qui
3250 678 3303 723 et
3349 667 3406 723 S.

190 746 457 804 Joannem
492 750 936 822 Chrysostomum
968 755 1193 817 audivit,
1226 755 1451 823 ejusque
1483 754 1844 824 eloquentiam
1878 756 2118 811 imitatus
2142 766 2225 812 est
2260 774 2275 822 ;
2304 758 2585 813 amborum
2627 766 2802 812 autem
2848 759 3162 814 meminisse
3203 761 3413 816 videtur

191 847 245 899 in
272 845 590 915 praefatione
619 863 840 904 suorum
876 851 1387 906 commentariorum
1420 852 1487 904 ad
1515 851 1781 921 Epistolas
1806 851 1983 916 Pauli,
2012 853 2104 907 ubi
2131 854 2204 908 ait
2238 874 2250 909 :
2289 874 2306 903 α
2332 853 2435 909 Sed
2466 855 2695 911 fortasse
2716 870 2800 910 me
2829 858 3147 923 arrogantia!
3168 867 3221 911 et
3246 868 3413 914 teme-

191 942 373 996 ritatis
395 944 748 1008 accusabunt,
780 945 924 1015 quod
953 954 1070 1014 post
1100 947 1244 1001 hunc
1271 956 1323 1000 et
1354 946 1527 1010 illum,
1559 948 1652 1016 qui
1683 948 1852 1001 totius
1894 947 2042 1002 orbis
2074 957 2202 1002 sunt
2248 948 2476 1012 lumina,
2513 950 2742 1003 audeam
2770 951 3121 1019 apostolicam
3149 952 3413 1021 interpre-

189 1038 449 1091 tationem
483 1039 715 1108 aggredi.
758 1040 896 1093 Ἀλλ’
918 1041 1203 1105 αὐθαδείας
1240 1059 1305 1112 με
1334 1043 1514 1111 τυχὸν,
1546 1042 1638 1096 καὶ
1670 1041 2004 1113 θρασύτητος
2030 1044 2351 1114 γράψονταε,
2383 1045 2517 1113 μετὰ
2539 1044 2628 1097 τὸν
2645 1045 2792 1097 δεῖνα
2822 1047 2945 1107 τοὺς
2970 1045 3067 1114 τῆς
3093 1045 3415 1115 οἰκουμένης

190 1130 502 1200 φωστῆρας,
531 1132 630 1202 τῆς
650 1132 1009 1205 ἀποστολικῆς
1037 1135 1330 1205 ἑρμηνείας
1360 1135 1801 1206 κατατολμῶντα.

1798 1176 1801 1189 .
1840 1134 1905 1191 Ει
1953 1135 2221 1191 Theodori
2268 1136 2484 1205 quidem
2527 1135 2869 1205 Mopsuestite
2900 1136 3158 1205 episcopi,
3205 1145 3259 1191 et
3292 1152 3413 1194 ma-

189 1220 347 1288 gistri
386 1222 469 1275 sui
502 1238 717 1278 errores
739 1224 900 1277 etiam
936 1226 1155 1294 scriptis
1177 1226 1439 1281 adversus
1465 1226 1521 1280 S.
1553 1227 1816 1298 Cyrillum
1851 1228 2047 1282 libellis
2088 1227 2375 1282 infeliciter
2407 1235 2610 1283 tutatus
2634 1236 2738 1288 est,
2768 1226 3131 1294 laudibusque
3157 1227 3408 1282 immodi-

189 1311 270 1367 cis
295 1313 347 1366 in
377 1330 474 1367 sua
510 1313 880 1369 Ecclesiastica
903 1317 1125 1371 historia
1150 1319 1363 1372 ornavit
1387 1318 1523 1386 (62).
1556 1319 1629 1373 De
1662 1318 1895 1374 Diodoro
1926 1329 2102 1374 autem
2141 1318 2395 1374 Tarsensi
2427 1320 2541 1374 ham
2574 1320 2849 1375 memoriae
2890 1320 3109 1374 tradidit
3143 1319 3408 1391 Hierony-

190 1418 315 1460 mus
352 1406 465 1477 (65)
495 1425 507 1460 :
552 1427 570 1458 ε
612 1408 840 1464 Exstant
878 1410 995 1479 ejus
1026 1410 1077 1464 in
1104 1411 1415 1480 Apostolum
1440 1413 1838 1473 commentarii,
1870 1422 1922 1467 et
1946 1412 2114 1466 multa
2144 1412 2246 1465 alia
2285 1412 2350 1465 ad
2389 1410 2604 1466 Eusebii
2646 1412 2818 1481 magis
2851 1409 3088 1465 Emiscni
3134 1412 3413 1466 characte-

186 1514 300 1553 rem
326 1500 646 1567 pertinentia
681 1524 691 1557 :
721 1503 878 1572 cujus
925 1520 1049 1559 cum
1094 1520 1312 1560 sensum
1356 1514 1574 1559 secutus
1618 1504 1707 1567 sit,
1744 1505 2106 1575 eloquentiam
2153 1503 2353 1557 imitari
2399 1518 2507 1557 non
2552 1505 2722 1573 potuit
2761 1515 2982 1574 propter
3037 1501 3405 1572 ignorantiam

184 1594 531 1650 saecularium
579 1596 901 1652 litterarum.
941 1617 959 1649 ι
993 1597 1127 1652 Cum
1161 1599 1482 1671 Hieronymo
1521 1602 1867 1655 consentiunt
1898 1600 2150 1654 Socrates
2196 1600 2333 1668 (64),
2388 1616 2451 1655 ac
2499 1599 2835 1655 Sozomenus
2883 1602 3017 1671 (65),
3045 1616 3277 1671 quorum
3301 1599 3415 1669 pri-

185 1702 311 1740 mus
348 1703 362 1738 :
408 1703 429 1737 ς
477 1684 764 1754 Diodorus,
806 1708 825 1740 ι
862 1690 1055 1759 inquit,
1089 1709 1107 1741 ‹
1135 1690 1199 1744 ad
1235 1691 1600 1759 episcopatum
1625 1688 1778 1745 Tarsi
1812 1700 2091 1759 promotus
2118 1690 2315 1745 multos
2350 1691 2676 1759 conscripsit
2704 1692 2892 1753 libros,
2931 1690 3231 1759 simplicem
3273 1688 3412 1742 dun-

184 1785 353 1843 taxat,
383 1788 546 1848 atque
573 1779 791 1835 obvium
818 1780 1218 1851 Scripturarum
1242 1799 1459 1838 sensum
1487 1784 1788 1853 inquirens,
1817 1784 2162 1851 allegoricam
2182 1798 2311 1837 vero
2328 1798 2513 1836 earum
2540 1784 3037 1852 interpretationem
3062 1782 3355 1853 refugiens.
3387 1800 3407 1835 ι

181 1873 444 1945 Διόδωρος
466 1875 522 1928 δὲ
546 1875 837 1941 ἐπίσκοπος
869 1879 1081 1950 Ταρσοῦ
1108 1879 1395 1949 γενόμενος
1427 1879 1594 1933 πολλὰ
1630 1878 1807 1949 βιϐλία
1842 1879 2163 1951 συνέγραψε,
2193 1877 2333 1948 ψιλῷ
2375 1878 2453 1947 τῷ
2490 1878 2773 1948 γράμματι
2800 1877 2908 1931 τῶν
2937 1878 3095 1930 θείων
3130 1877 3410 1949 προσέχων

181 1967 437 2036 Γραφῶν,
465 1970 564 2033 τὰς
587 1971 815 2042 θεωρίας
833 1974 1010 2027 αὐτῶν
1036 1976 1455 2044 ἐκτρεπόμενος.
1491 1974 1641 2027 Alter
1668 1990 1796 2029 vero

1795 1989 1927 2028 lnon
1961 1974 2231 2030 absimilia
2256 1974 2476 2029 tradidit
2503 1974 2748 2029 scribens
2782 1992 2794 2027 :
2826 1992 2844 2025 σ
2877 1973 3194 2037 Diodorum,
3224 1973 3317 2042 qui
3356 1980 3410 2027 et

184 2057 475 2115 Tarsensis
518 2062 772 2119 Ecclesiae
817 2066 1103 2134 episcopus
1146 2065 1267 2129 fuit,
1315 2068 1536 2128 multos,
1574 2065 1779 2131 audivi,
1829 2066 1993 2122 libros
2034 2066 2267 2136 posteris
2313 2067 2546 2135 scriptos
2592 2066 2911 2135 reliquisse,
2956 2078 3010 2121 et
3054 2081 3207 2122 sacra
3254 2066 3409 2121 volu-

181 2157 333 2210 mina
355 2157 422 2211 arl
449 2158 681 2214 litteram
705 2161 1047 2231 exposuisse,
1070 2163 1365 2232 repudiatis
1386 2162 1682 2230 allegoriis.
1713 2162 1796 2215 Διό

1797 2162 1975 2233 ἱδωρον
1993 2164 2083 2216 τὸν
2109 2162 2453 2233 ἡγησάμενον
2476 2163 2573 2231 τῆς
2596 2164 2652 2215 ὲν
2677 2162 2873 2233 Ταρσῷ
2895 2161 3187 2232 ἐκκλησίας
3203 2178 3216 2194 ο
3239 2162 3267 2214 ὃ
3289 2164 3412 2216 ἐπυ-

178 2249 355 2320 θόμην
390 2252 533 2305 ἰδίων
565 2253 1007 2325 συγγραμμάτων
1040 2255 1239 2318 πολλὰς
1273 2254 1591 2309 καταλιπεῖν
1641 2255 1853 2324 βίϐλους
1873 2272 1885 2285 ·
1922 2256 2049 2325 περ).
2090 2254 2146 2307 δὲ
2197 2255 2258 2307 τὸ
2289 2254 2447 2326 ῥητὸν
2481 2254 2587 2308 τῶν
2619 2254 2778 2326 ἱερῶν
2807 2255 2979 2324 λόγων
3008 2256 3104 2319 τὰς
3127 2256 3412 2328 ἐξηγήσεις

178 2343 531 2413 ποιήσασθαι,
549 2343 646 2407 τὰς
673 2345 904 2416 Θεωρίας
932 2347 1325 2417 ἀποφεύγοντα.
1351 2347 1492 2413 Quin
1524 2348 1686 2402 etiam
1714 2363 1793 2402 eui

1794 2349 1965 2403 mdem
2013 2347 2307 2403 Diodorum
2336 2348 2501 2404 refert
2533 2348 2725 2403 Suidas
2756 2348 2869 2420 (66)
2900 2349 3039 2404 inter
3066 2349 3202 2404 alios
3230 2350 3409 2418 plures

177 2433 380 2488 librum
405 2435 795 2504 composuisse,
829 2438 915 2491 cui
948 2439 1091 2493 hunc
1124 2439 1334 2493 titulum
1374 2438 1537 2493 fecit:
1572 2440 1668 2502 Τίς
1696 2440 1792 2494 δια·

1795 2439 1932 2512 φορὰ
1962 2439 2193 2511 θεωρίας
2229 2440 2323 2493 καὶ
2354 2440 2719 2512 ἀλληγορίαςς
2754 2459 2771 2492 ι
2809 2438 2939 2506 Quae
2992 2439 3293 2495 differentia
3339 2441 3410 2496 sit

177 2530 324 2583 inter
357 2530 623 2586 theo'riam
664 2540 719 2587 et
753 2535 1066 2605 allegoriam
1097 2538 1119 2590 ?
1159 2555 1176 2586 ι
1212 2534 1496 2605 Ludolpho
1533 2533 1787 2599 Kustero,
1828 2537 1923 2605 qui
1956 2535 2339 2590 nitidissimam
2396 2534 2577 2590 Suida:
2604 2537 2897 2593 editionem
2927 2537 3230 2602 adornavit,
3266 2549 3409 2606 aqua

178 2626 369 2689 haeret,
403 2641 502 2682 nec
543 2626 700 2682 facile
728 2643 787 2683 se
814 2629 1030 2698 expedit
1057 2630 1111 2683 in
1143 2629 1477 2693 assignaudo
1503 2627 1822 2681 discrimine
1853 2628 1995 2682 inter
2038 2628 2303 2682 theoriam
2346 2634 2401 2680 et
2431 2627 2765 2698 allegoriam.
2805 2627 2863 2683 In
2904 2631 3049 2685 notis
3082 2631 3248 2697 enim,
3284 2632 3412 2699 qui-

176 2718 283 2773 bus
326 2716 506 2774 Suidae
538 2735 676 2791 opus
706 2722 1018 2784 illustravit,
1057 2722 1120 2775 ad
1154 2721 1313 2775 verba
1356 2721 1445 2775 illa
1496 2719 1676 2775 Suidte
1725 2720 1851 2774 talia
1894 2719 2126 2775 scribit:
2180 2738 2197 2769 ι
2235 2721 2464 2792 Θεωρία,
2502 2722 2709 2776 theoria
2743 2723 2905 2790 igitur
2950 2724 3077 2790 quid
3110 2724 3398 2793 significet,

176 2812 307 2867 hinc
342 2822 509 2880 patet.
544 2815 627 2870 Ab
655 2830 718 2870 ea
758 2815 937 2869 differt
970 2815 1245 2884 allegoria,
1289 2813 1433 2884 quod
1471 2814 1586 2869 haec
1627 2816 1680 2868 in
1726 2813 2076 2868 inferioribus
2122 2814 2405 2879 subsistat,
2445 2831 2546 2871 nec
2575 2816 2629 2869 in
2674 2824 2780 2869 tam
2822 2816 3043 2870 sublimi
3089 2826 3409 2888 argumento

172 2920 431 2965 versetur
460 2925 623 2981 quam
657 2912 865 2966 theoria
903 2931 915 2967 :
952 2927 1073 2981 qua;
1114 2913 1258 2968 ratio
1284 2921 1387 2976 est,
1429 2928 1600 2982 quare
1631 2913 1921 2975 Diodorus,
1967 2918 2026 2965 ut
2062 2911 2264 2966 Suidas
2294 2913 2381 2967 hic
2415 2921 2666 2978 testatur,
2690 2913 2757 2966 de
2790 2912 3089 2967 differentia
3116 2914 3337 2968 theori:e
3358 2923 3412 2967 et

174 3004 452 3074 allegoriae
483 3004 783 3072 scripserit.
824 3023 841 3055 ι
878 2986 992 3075 Ego
1034 3020 1163 3059 vero
1200 3007 1453 3062 mendum
1485 3015 1613 3076 puto
1652 3021 1771 3062 esse

1801 3006 1854 3059 in
1900 3012 2071 3067 textu,
2108 3012 2160 3056 et
2194 3018 2292 3072 pro
2325 3004 2555 3074 θεωρίας
2596 3018 2689 3058 seu
2739 3003 3074 3073 ἀλληγορίας
3122 3005 3405 3074 legendum

176 3096 441 3168 ἱστορίας,
474 3096 608 3151 adeo
634 3104 695 3150 ut
744 3097 932 3152 titulus
986 3098 1108 3152 libri
1155 3097 1360 3153 fuerit:
1414 3100 1508 3161 Τίς
1545 3096 1774 3168 διαφορὰ

1816 3095 2045 3166 θεωρίας
2082 3095 2176 3148 καὶ
2210 3095 2466 3166 ἱστορίας,
2504 3096 2586 3149 vel
2627 3094 2709 3156 τίς
2733 3094 2963 3165 διαφορὰ
3012 3096 3249 3166 ἱστορίας
3310 3098 3402 3150 καὶ

174 3189 529 3260 ἀλληγορίας.
578 3208 596 3240 ‹
639 3189 715 3245 De
745 3191 1046 3245 differentia
1075 3207 1270 3247 sensus
1300 3192 1594 3261 allegorici,
1636 3202 1687 3245 ct
1726 3190 1992 3245 litteralis.
2046 3208 2064 3241 ι
2106 3189 2238 3244 Nam
2270 3189 2411 3259 apud
2440 3188 2657 3244 Graecos
2685 3190 3084 3245 ecclesiasticos
3112 3192 3407 3261 scriptores

178 3285 407 3338 theorize
451 3284 672 3340 nomine
698 3284 989 3354 significari
1026 3285 1378 3339 consuevisse
1414 3300 1634 3339 sensum
1689 3284 1987 3354 spiritalem
2024 3293 2077 3338 et
2122 3283 2469 3354 allegoricum
2510 3282 2857 3338 manifestum
2897 3283 2954 3337 fit
2994 3291 3106 3336 tum
3132 3297 3198 3337 ex
3230 3282 3408 3339 allatis

174 3376 361 3432 verbis
428 3378 671 3431 Socratis
734 3386 786 3430 et
836 3375 1145 3441 Sozomcni,
1211 3376 1551 3446 aliorumque
1611 3376 1968 3446 plurimorum
2041 3376 2398 3445 scriptorum‘,
2446 3384 2558 3429 tum
2599 3391 2663 3429 ex
2734 3376 2918 3431 multis
2955 3376 3090 3431 locis
3135 3376 3408 3448 hujusmet

174 3468 558 3523 commentarii
610 3466 666 3521 S.
706 3468 1010 3523 Athanasii.
1046 3468 1085 3521 E
1109 3469 1324 3524 diverso
1354 3470 1589 3541 ἱστορίας
1625 3485 1719 3523 seu
1750 3469 1991 3524 historia:
2016 3468 2235 3521 nomine
2271 3483 2490 3522 sensum
2518 3468 2804 3521 litteralem
2830 3476 2881 3520 ct
2914 3468 3230 3522 historicum
3258 3469 3406 3523 Grae—

173 3579 270 3620 cos
301 3566 597 3632 scriptores
622 3579 984 3633 nuncupasse,
1026 3581 1113 3620 res
1159 3565 1335 3619 notior
1365 3574 1466 3626 est,
1502 3579 1665 3633 quam
1711 3562 1818 3616 ulla
1863 3561 2182 3631 probatione
2214 3561 2631 3629 indigeat,'cum
2674 3562 2826 3628 plura
2849 3570 3091 3615 veterum
3119 3571 3401 3617 auctorum

174 3656 293 3710 loca
331 3656 400 3709 ad
431 3655 481 3709 id
520 3655 859 3724 probandum
905 3656 1159 3710 omnibus
1210 3656 1261 3708 in
1297 3664 1546 3724 promptu
1598 3655 1706 3709 sint
1737 3653 1872 3721 (67).
1905 3652 2009 3707 Sed
2056 3650 2218 3706 redeo
2265 3652 2332 3706 ad
2384 3649 2798 3722 Hieronymum,
2849 3651 3075 3721 ejusque
3127 3652 3285 3705 verba
3339 3650 3406 3708 de

175 3746 413 3803 Eusebio
454 3746 708 3803 Emiseno
736 3748 977 3802 afferam.
1005 3747 1396 3803 Sanctissimus
1438 3747 1602 3818 igitur
1625 3747 1816 3802 doctor
1847 3748 1897 3800 in
1924 3743 2178 3814 Catalogo
2205 3744 2434 3797 virorum
2476 3744 2762 3798 illustrium
2789 3742 2898 3812 (68)
2924 3744 2988 3797 de
3015 3742 3203 3798 eodem
3240 3741 3405 3796 Euse-

176 3841 285 3906 bio,
315 3856 479 3910 quem
503 3840 769 3895 Diodorus
796 3842 896 3894 sibi
926 3840 1261 3910 sequendum
1294 3824 1737 3909 imitandumque
1786 3837 2091 3909 proposuit,
2121 3836 2239 3890 haec
2267 3835 2460 3890 litteris
2497 3835 2815 3922 mandavit:
2846 3854 2862 3885 ι
2894 3834 3163 3889 Eusebius
3198 3833 3402 3888 Emise-

175 3953 277 3991 nus
300 3938 591 4006 episcopus
623 3936 881 4004 elegantis
909 3945 961 3989 et
993 3936 1246 3990 rhetorici
1281 3935 1502 4004 ingenii,
1539 3934 1982 3993 innumerabiles,
2010 3940 2063 3987 et
2088 3931 2180 4000 qui
2220 3930 2284 3984 ad
2323 3931 2574 4000 plausum
2607 3931 2789 4000 populi
2833 3931 3123 3999 pertinent,
3166 3927 3404 3984 confecit

181 4028 377 4088 libros,
412 4029 694 4099 magisque
727 4030 1006 4083 historiam
1040 4038 1281 4092 secutus,
1312 4027 1380 4080 ab
1410 4026 1495 4081 his
1516 4026 1610 4093 qui
1637 4025 1943 4080 declamare
1977 4022 2185 4087 volunt,
2222 4023 2625 4079 studiosissime
2666 4022 2878 4091 legitur.
2923 4040 2940 4073 ν
2977 4021 3171 4076 Verum
3201 4023 3300 4077 hac
3333 4021 3402 4076 de

175 4139 236 4180 re
281 4122 430 4176 haud
459 4123 635 4192 plura,
666 4139 788 4178 cum
817 4124 882 4177 ad
916 4140 1029 4178 rem
1065 4121 1396 4193 propositam
1429 4134 1618 4188 parum
1646 4119 1916 4188 pertinere
1949 4116 2203 4184 cuiquam
2236 4116 2405 4170 videri
2438 4116 2667 4185 possint.
2697 4114 2770 4169 Ac
2800 4130 2928 4168 vero
2958 4133 2985 4170 a
3019 4130 3103 4169 me
3138 4117 3250 4168 haec
3284 4129 3402 4169 om-

177 4216 263 4268 nia
300 4215 567 4268 hactenus
597 4228 662 4267 eo
705 4214 932 4268 consilio
964 4213 1236 4282 diSputata
1270 4219 1395 4263 sunt
1425 4218 1483 4263 ut
1508 4207 1871 4271 ostenderem,
1913 4206 2133 4260 modum
2189 4221 2252 4261 ac
2282 4206 2550 4260 rationem
2613 4221 2796 4261 sacras
2821 4204 3131 4275 Scripturas
3180 4207 3232 4260 in
3272 4208 3399 4261 alle-

175 4309 425 4375 goricum
455 4304 759 4376 exponendi
788 4296 1027 4369 scnsrim,
1057 4319 1167 4358 non
1199 4303 1374 4357 solum
1419 4301 1719 4355 Athanasio
1764 4300 2048 4369 aequalem,
2090 4299 2182 4354 sed
2222 4299 2385 4354 etiam
2423 4299 2542 4369 ejus
2583 4309 2740 4355 aetate
2786 4301 3148 4371 antiquiorem
3208 4299 3397 4356 fuisse.

172 4398 465 4463 Praeterea,
501 4406 562 4453 ut
589 4396 931 4453 manifestum
979 4378 1207 4451 facerem
1246 4393 1443 4463 quibus
1475 4391 1791 4445 auctoribus
1832 4400 1884 4445 et
1933 4406 2042 4461 quo
2081 4399 2323 4461 tempore
2370 4391 2600 4461 intraque
2648 4408 2836 4448 sacros
2873 4393 3041 4449 libros
3100 4394 3400 4462 explicandi

173 4493 314 4547 ratio
352 4500 466 4544 tum
504 4491 787 4561 allegorica
831 4506 926 4545 seu
974 4488 1221 4560 mystica,
1265 4497 1376 4541 tum
1414 4483 1669 4540 historica
1716 4498 1810 4538 seu
1853 4482 2102 4536 litteralis
2153 4483 2375 4551 coeperit
2415 4499 2477 4537 ac
2510 4483 2770 4539 floruerit.
2812 4483 2945 4539 Nam
2986 4486 3039 4540 id
3076 4501 3400 4557 magnopere

173 4583 458 4649 intererat,
510 4588 570 4637 ut
603 4591 844 4635 nostrum
874 4581 1335 4635 (Zornmentarium
1394 4580 1515 4650 jure
1565 4578 1760 4633 merito
1811 4585 1998 4631 sancto
2050 4574 2369 4641 Athanasio,
2405 4575 2564 4641 cuius
2634 4591 2829 4631 nomen
2874 4578 3109 4647 praefert,
3164 4578 3400 4634 vindica-

174 4691 384 4732 remus.

240 4784 437 4841 XXIX.
469 4780 719 4837 Profecto
744 4779 883 4833 inter
908 4787 1097 4833 caetera
1139 4790 1414 4832 sacrarum
1447 4773 1849 4846 Scripturarum
1887 4781 2160 4836 volumina
2195 4783 2540 4853 potissimum
2595 4783 2933 4839 Psalmorum
2977 4783 3116 4837 libro
3144 4783 3398 4851 allegori-

174 4894 295 4935 eum
324 4874 621 4930 convenire
649 4884 867 4926 sensum
908 4866 1222 4922 testimonio
1255 4875 1498 4919 veterum
1535 4864 1781 4929 Patrum,
1816 4869 1909 4937 qui
1951 4870 2003 4923 in
2031 4884 2096 4925 eo
2122 4873 2412 4940 aperiendo
2439 4889 2658 4942 operam
2696 4889 2850 4928 suam
2880 4874 3212 4929 collocarunt
3262 4875 3397 4927 alla-

173 4976 242 5031 tis
272 4969 463 5027 llilarii
506 4978 560 5024 et
598 4964 881 5037 Augustini
915 4962 1114 5027 verbis,
1149 4977 1179 5016 a
1210 4961 1364 5016 nobis
1409 4976 1571 5030 supra
1603 4969 1884 5018 ostensum
1931 4973 2034 5029 est,
2089 4975 2143 5019 et
2185 4966 2343 5021 latius
2380 4968 2424 5021 si
2468 4984 2603 5038 opus
2642 4977 2807 5033 esset,
2849 4967 3006 5023 facile
3037 4968 3395 5023 demonstrari

173 5074 359 5138 posset
393 5082 408 5131 ;
440 5062 534 5119 sed
565 5062 724 5115 inane
747 5076 809 5115 ac
835 5056 1165 5128 superfluum
1200 5065 1281 5111 est
1311 5057 1364 5109 in
1388 5072 1445 5110 re
1474 5057 1699 5111 minime
1741 5056 1904 5111 dubia
1943 5059 2169 5115 testibus
2214 5061 2293 5115 uti
2332 5077 2439 5116 non
2475 5061 2819 5118 necessariis.
2854 5061 3033 5118 Clavis
3059 5072 3233 5117 autem
3265 5077 3364 5133 ape

241 5242 359 5308 (61)
392 5241 451 5294 ln
486 5238 662 5294 Calal.
690 5238 784 5291 vir.
819 5236 1008 5308 illast;
1048 5233 1280 5308 Niceph.‘
1303 5233 1395 5287 lib.
1424 5249 1496 5295 tv,
1529 5248 1574 5288 c.
1603 5232 1692 5286 54.

239 5303 353 5379 (62)
381 5310 588 5364 Theod.
619 5307 760 5379 Hist.
787 5307 911 5379 eccl.
949 5306 1039 5379 lib.
1068 5321 1117 5365 v,
1139 5321 1187 5357 ρ.
1218 5303 1306 5379 40..

239 5372 354 5447 (65)
387 5380 607 5433 llieron.
649 5377 822 5447 Catal.
858 5377 952 5429 vir.
975 5375 1169 5447 illustr.
1198 5388 1245 5427 c.
1278 5372 1398 5427 ll9.

238 5446 353 5519 (6.4)
394 5449 515 5502 Lib.
544 5446 762 5502 vrﬂist.
785 5452 935 5519 cccl.,
969 5464 1014 5499 (ξ.
1048 5446 1099 5499 5.

238 5521 357 5588 (65)
392 5519 511 5572 Lib.
547 5534 664 5577 vm,
702 5534 749 5570 ιτ.
786 5518 839 5569 2.

239 5590 356 5657 (66)
388 5591 442 5644 In
483 5605 611 5642 voce
644 5588 917 5657 Διόδωρος.
1000 5655 1009 5657 _
1049 5655 1057 5657 ξ
1227 5654 1271 5657 __
1346 5655 1362 5657 Δ
1502 5652 1511 5657 _
1604 5651 1637 5657 __
1784 5649 1794 5657 .

670 5588 917 5657 ιιόδωρος.
1000 5655 1009 5657 _
1049 5655 1057 5657 ᾗ
1227 5654 1271 5657 __
1346 5655 1362 5657 Δ
1502 5652 1511 5657 _
1604 5651 1637 5657 __
1784 5649 1794 5657 .
1876 5637 2047 5657 nu“--.
2086 5638 2141 5657 αξ
2212 5635 2285 5657 L1

1048 5655 1098 5708 in
1132 5654 1304 5709 verbis
1337 5652 1571 5721 Θεωρία,
1603 5649 1852 5721 Ἱστορίας

266 5730 355 5793 68)
414 5766 444 5782 ..
483 5730 569 5784 9i.

790 5638 1014 5712 ilSua'tccri
1048 5655 1098 5708 in
1132 5654 1304 5709 verbis
1337 5652 1571 5721 Θεωρία,
1603 5649 1852 5721 Ἱστορίας
1876 5638 2172 5706 Ἀναγωίής
2200 5638 2405 5689 Ατάνθία

266 5729 444 5799 68)C.
483 5730 569 5784 9t.
