  <div class='ocr_page' id='page_1' title='image "/cluster/home/n/w/nwhite01/storage/ocr_20150623/27/pst.000005712182/323.png"; bbox 0 0 4090 6312; ppageno 0'>
   <div class='ocr_carea' id='block_1_1' title="bbox 717 327 3915 388">
    <p class='ocr_par' dir='ltr' id='par_1_1' title="bbox 717 327 3915 388">
     <span class='ocr_line' id='line_1_1' title="bbox 717 327 3915 388; baseline -0 -2"><span class='ocrx_word' id='word_1_1' title='bbox 717 332 806 387; x_wconf 79' lang='grc'><strong>631</strong></span> <span class='ocrx_word' id='word_1_2' title='bbox 1530 329 1584 383; x_wconf 91' lang='lat' dir='ltr'><strong>S.</strong></span> <span class='ocrx_word' id='word_1_3' title='bbox 1627 329 1986 383; x_wconf 65' lang='lat' dir='ltr'><strong>ATllANASll</strong></span> <span class='ocrx_word' id='word_1_4' title='bbox 2029 327 2173 382; x_wconf 64' lang='lat' dir='ltr'><strong>Oi’P.</strong></span> <span class='ocrx_word' id='word_1_5' title='bbox 2215 331 2387 385; x_wconf 74' lang='lat' dir='ltr'><strong>PARS</strong></span> <span class='ocrx_word' id='word_1_6' title='bbox 2430 332 2510 384; x_wconf 93' lang='lat' dir='ltr'><strong>Ill.</strong></span> <span class='ocrx_word' id='word_1_7' title='bbox 2548 363 2614 370; x_wconf 87' lang='lat'><strong>——</strong></span> <span class='ocrx_word' id='word_1_8' title='bbox 2655 332 3058 388; x_wconf 70' lang='lat' dir='ltr'><strong>EXEGETICA.</strong></span> <span class='ocrx_word' id='word_1_9' title='bbox 3818 329 3915 385; x_wconf 81' lang='lat'><strong>63‘2</strong></span> 
     </span>
    </p>
   </div>
   <div class='ocr_carea' id='block_1_2' title="bbox 717 444 3911 516">
    <p class='ocr_par' dir='ltr' id='par_1_2' title="bbox 717 444 3911 516">
     <span class='ocr_line' id='line_1_2' title="bbox 717 444 3911 516; baseline -0.002 -15"><span class='ocrx_word' id='word_1_10' title='bbox 717 447 887 501; x_wconf 81' lang='lat' dir='ltr'><strong>rietnli</strong></span> <span class='ocrx_word' id='word_1_11' title='bbox 921 444 1174 513; x_wconf 73' lang='lat' dir='ltr'><strong>mysticos</strong></span> <span class='ocrx_word' id='word_1_12' title='bbox 1201 458 1477 498; x_wconf 88' lang='lat' dir='ltr'><strong>sacrorum</strong></span> <span class='ocrx_word' id='word_1_13' title='bbox 1507 446 1841 498; x_wconf 77' lang='lat' dir='ltr'><strong>canticorum</strong></span> <span class='ocrx_word' id='word_1_14' title='bbox 1876 461 2090 507; x_wconf 84' lang='lat' dir='ltr'><strong>sensus,</strong></span> <span class='ocrx_word' id='word_1_15' title='bbox 2117 456 2169 498; x_wconf 90' lang='lat' dir='ltr'><strong>et</strong></span> <span class='ocrx_word' id='word_1_16' title='bbox 2198 448 2364 515; x_wconf 85' lang='lat' dir='ltr'><strong>janua</strong></span> <span class='ocrx_word' id='word_1_17' title='bbox 2392 446 2702 514; x_wconf 86' lang='lat' dir='ltr'><strong>penetrandi</strong></span> <span class='ocrx_word' id='word_1_18' title='bbox 2730 463 2924 500; x_wconf 86' lang='lat' dir='ltr'><strong>arcana</strong></span> <span class='ocrx_word' id='word_1_19' title='bbox 2965 447 3342 501; x_wconf 86' lang='lat' dir='ltr'><strong>Davidicorum</strong></span> <span class='ocrx_word' id='word_1_20' title='bbox 3373 447 3704 516; x_wconf 77' lang='lat' dir='ltr'><strong>psalmorum</strong></span> <span class='ocrx_word' id='word_1_21' title='bbox 3738 444 3911 513; x_wconf 70' lang='lat' dir='ltr'><strong>adyta,</strong></span> 
     </span>
    </p>
   </div>
   <div class='ocr_carea' id='block_1_3' title="bbox 716 540 3913 612">
    <p class='ocr_par' dir='ltr' id='par_1_3' title="bbox 716 540 3913 612">
     <span class='ocr_line' id='line_1_3' title="bbox 716 540 3913 612; baseline -0.001 -16"><span class='ocrx_word' id='word_1_22' title='bbox 716 551 801 596; x_wconf 90' lang='lat' dir='ltr'><strong>est</strong></span> <span class='ocrx_word' id='word_1_23' title='bbox 831 541 1016 595; x_wconf 91' lang='lat' dir='ltr'><strong>titulus</strong></span> <span class='ocrx_word' id='word_1_24' title='bbox 1041 540 1303 608; x_wconf 80' lang='lat' dir='ltr'><strong>cujusque</strong></span> <span class='ocrx_word' id='word_1_25' title='bbox 1335 540 1544 609; x_wconf 81' lang='lat' dir='ltr'><strong>psalmi,</strong></span> <span class='ocrx_word' id='word_1_26' title='bbox 1579 549 1710 593; x_wconf 89' lang='lat' dir='ltr'><strong>teste</strong></span> <span class='ocrx_word' id='word_1_27' title='bbox 1750 542 1915 594; x_wconf 86' lang='lat' dir='ltr'><strong>veteri</strong></span> <span class='ocrx_word' id='word_1_28' title='bbox 1955 543 2240 610; x_wconf 86' lang='lat' dir='ltr'><strong>scriptore,</strong></span> <span class='ocrx_word' id='word_1_29' title='bbox 2274 542 2429 610; x_wconf 89' lang='lat' dir='ltr'><strong>cujus</strong></span> <span class='ocrx_word' id='word_1_30' title='bbox 2474 544 2847 596; x_wconf 89' lang='lat' dir='ltr'><strong>commentarii</strong></span> <span class='ocrx_word' id='word_1_31' title='bbox 2876 545 2927 596; x_wconf 81' lang='lat' dir='ltr'><strong>in</strong></span> <span class='ocrx_word' id='word_1_32' title='bbox 2961 543 3201 597; x_wconf 73' lang='lat' dir='ltr'><strong>Psalmos</strong></span> <span class='ocrx_word' id='word_1_33' title='bbox 3227 544 3327 598; x_wconf 90' lang='lat' dir='ltr'><strong>sub</strong></span> <span class='ocrx_word' id='word_1_34' title='bbox 3361 545 3577 597; x_wconf 84' lang='lat' dir='ltr'><strong>nomine</strong></span> <span class='ocrx_word' id='word_1_35' title='bbox 3606 541 3913 612; x_wconf 80' lang='lat' dir='ltr'><strong>Hieronymi</strong></span> 
     </span>
    </p>
   </div>
   <div class='ocr_carea' id='block_1_4' title="bbox 714 635 3910 709">
    <p class='ocr_par' dir='ltr' id='par_1_4' title="bbox 714 635 3910 709">
     <span class='ocr_line' id='line_1_4' title="bbox 714 635 3910 709; baseline -0.001 -17"><span class='ocrx_word' id='word_1_36' title='bbox 714 639 843 692; x_wconf 89' lang='lat' dir='ltr'><strong>editi</strong></span> <span class='ocrx_word' id='word_1_37' title='bbox 873 647 996 692; x_wconf 92' lang='lat' dir='ltr'><strong>sunt</strong></span> <span class='ocrx_word' id='word_1_38' title='bbox 1027 656 1038 689; x_wconf 89' lang='lat'>:</span> <span class='ocrx_word' id='word_1_39' title='bbox 1077 657 1093 686; x_wconf 73' lang='grc' dir='ltr'>ι</span> <span class='ocrx_word' id='word_1_40' title='bbox 1131 636 1271 702; x_wconf 80' lang='lat' dir='ltr'><strong>Quid</strong></span> <span class='ocrx_word' id='word_1_41' title='bbox 1299 647 1381 691; x_wconf 82' lang='lat' dir='ltr'><strong>est</strong></span> <span class='ocrx_word' id='word_1_42' title='bbox 1406 637 1614 698; x_wconf 91' lang='lat' dir='ltr'><strong>titulus,</strong></span> <span class='ocrx_word' id='word_1_43' title='bbox 1652 638 1844 705; x_wconf 89' lang='lat' dir='ltr'><strong>inquit,</strong></span> <span class='ocrx_word' id='word_1_44' title='bbox 1874 639 1978 692; x_wconf 90' lang='lat' dir='ltr'><strong>nisi</strong></span> <span class='ocrx_word' id='word_1_45' title='bbox 2014 638 2216 692; x_wconf 87' lang='lat' dir='ltr'><strong>clavis?</strong></span> <span class='ocrx_word' id='word_1_46' title='bbox 2241 635 2308 690; x_wconf 89' lang='lat' dir='ltr'><strong>Ut</strong></span> <span class='ocrx_word' id='word_1_47' title='bbox 2338 640 2408 691; x_wconf 89' lang='lat' dir='ltr'><strong>ita</strong></span> <span class='ocrx_word' id='word_1_48' title='bbox 2437 638 2687 700; x_wconf 80' lang='lat' dir='ltr'><strong>dixerim,</strong></span> <span class='ocrx_word' id='word_1_49' title='bbox 2725 640 2777 693; x_wconf 91' lang='lat' dir='ltr'><strong>in</strong></span> <span class='ocrx_word' id='word_1_50' title='bbox 2806 643 3024 693; x_wconf 90' lang='lat' dir='ltr'><strong>domum</strong></span> <span class='ocrx_word' id='word_1_51' title='bbox 3061 654 3166 692; x_wconf 89' lang='lat' dir='ltr'><strong>non</strong></span> <span class='ocrx_word' id='word_1_52' title='bbox 3201 640 3511 709; x_wconf 87' lang='lat' dir='ltr'><strong>ingreditur,</strong></span> <span class='ocrx_word' id='word_1_53' title='bbox 3550 639 3652 691; x_wconf 92' lang='lat' dir='ltr'><strong>nisi</strong></span> <span class='ocrx_word' id='word_1_54' title='bbox 3681 654 3778 707; x_wconf 87' lang='lat' dir='ltr'><strong>per</strong></span> <span class='ocrx_word' id='word_1_55' title='bbox 3808 638 3910 690; x_wconf 88' lang='lat' dir='ltr'><strong>cla-</strong></span> 
     </span>
    </p>
   </div>
   <div class='ocr_carea' id='block_1_5' title="bbox 717 731 3913 804">
    <p class='ocr_par' dir='ltr' id='par_1_5' title="bbox 717 731 3913 804">
     <span class='ocr_line' id='line_1_5' title="bbox 717 731 3913 804; baseline 0.001 -23"><span class='ocrx_word' id='word_1_56' title='bbox 717 747 832 785; x_wconf 86' lang='lat' dir='ltr'><strong>vem</strong></span> <span class='ocrx_word' id='word_1_57' title='bbox 862 750 875 785; x_wconf 89' lang='lat'>:</span> <span class='ocrx_word' id='word_1_58' title='bbox 907 734 976 785; x_wconf 71' lang='lat' dir='ltr'><strong>ita</strong></span> <span class='ocrx_word' id='word_1_59' title='bbox 1020 742 1074 784; x_wconf 87' lang='lat' dir='ltr'><strong>et</strong></span> <span class='ocrx_word' id='word_1_60' title='bbox 1113 731 1537 801; x_wconf 85' lang='lat' dir='ltr'><strong>uniuscujusque</strong></span> <span class='ocrx_word' id='word_1_61' title='bbox 1583 732 1775 800; x_wconf 87' lang='lat' dir='ltr'><strong>psalmi</strong></span> <span class='ocrx_word' id='word_1_62' title='bbox 1821 734 2142 794; x_wconf 82' lang='lat' dir='ltr'><strong>intellectus,</strong></span> <span class='ocrx_word' id='word_1_63' title='bbox 2196 750 2287 802; x_wconf 88' lang='lat' dir='ltr'><strong>per</strong></span> <span class='ocrx_word' id='word_1_64' title='bbox 2324 735 2550 796; x_wconf 84' lang='lat' dir='ltr'><strong>clavem,</strong></span> <span class='ocrx_word' id='word_1_65' title='bbox 2605 735 2707 789; x_wconf 90' lang='lat' dir='ltr'><strong>hoc</strong></span> <span class='ocrx_word' id='word_1_66' title='bbox 2754 745 2836 788; x_wconf 89' lang='lat' dir='ltr'><strong>est</strong></span> <span class='ocrx_word' id='word_1_67' title='bbox 2883 752 2974 802; x_wconf 87' lang='lat' dir='ltr'><strong>per</strong></span> <span class='ocrx_word' id='word_1_68' title='bbox 3024 735 3235 789; x_wconf 78' lang='lat' dir='ltr'><strong>titulum</strong></span> <span class='ocrx_word' id='word_1_69' title='bbox 3287 736 3616 804; x_wconf 81' lang='lat' dir='ltr'><strong>intelligitur,</strong></span> <span class='ocrx_word' id='word_1_70' title='bbox 3656 735 3708 786; x_wconf 93' lang='lat' dir='ltr'><strong>in</strong></span> <span class='ocrx_word' id='word_1_71' title='bbox 3765 732 3913 801; x_wconf 80' lang='lat' dir='ltr'><strong>cujus</strong></span> 
     </span>
    </p>
   </div>
   <div class='ocr_carea' id='block_1_6' title="bbox 718 821 3889 894">
    <p class='ocr_par' dir='ltr' id='par_1_6' title="bbox 718 821 3889 894">
     <span class='ocr_line' id='line_1_6' title="bbox 718 821 3889 894; baseline 0 -21"><span class='ocrx_word' id='word_1_72' title='bbox 718 838 948 891; x_wconf 75' lang='lat' dir='ltr'><strong>persona</strong></span> <span class='ocrx_word' id='word_1_73' title='bbox 1026 832 1306 886; x_wconf 80' lang='lat' dir='ltr'><strong>cantatur,</strong></span> <span class='ocrx_word' id='word_1_74' title='bbox 1376 833 1468 876; x_wconf 84' lang='lat' dir='ltr'><strong>aut</strong></span> <span class='ocrx_word' id='word_1_75' title='bbox 1540 823 1591 874; x_wconf 92' lang='lat' dir='ltr'><strong>in</strong></span> <span class='ocrx_word' id='word_1_76' title='bbox 1667 839 1895 890; x_wconf 87' lang='lat' dir='ltr'><strong>persona</strong></span> <span class='ocrx_word' id='word_1_77' title='bbox 1967 824 2202 885; x_wconf 73' lang='lat' dir='ltr'><strong>Christi,</strong></span> <span class='ocrx_word' id='word_1_78' title='bbox 2277 825 2473 877; x_wconf 86' lang='lat' dir='ltr'><strong>autin</strong></span> <span class='ocrx_word' id='word_1_79' title='bbox 2548 841 2774 894; x_wconf 81' lang='lat' dir='ltr'><strong>persona</strong></span> <span class='ocrx_word' id='word_1_80' title='bbox 2841 823 3138 890; x_wconf 68' lang='lat' dir='ltr'><strong>Ecclesim,</strong></span> <span class='ocrx_word' id='word_1_81' title='bbox 3202 833 3292 878; x_wconf 90' lang='lat' dir='ltr'><strong>aut</strong></span> <span class='ocrx_word' id='word_1_82' title='bbox 3354 825 3405 877; x_wconf 93' lang='lat' dir='ltr'><strong>in</strong></span> <span class='ocrx_word' id='word_1_83' title='bbox 3472 838 3702 892; x_wconf 89' lang='lat' dir='ltr'><strong>persona</strong></span> <span class='ocrx_word' id='word_1_84' title='bbox 3775 821 3889 873; x_wconf 80' lang='lat' dir='ltr'><strong>Pru-</strong></span> 
     </span>
    </p>
   </div>
   <div class='ocr_carea' id='block_1_7' title="bbox 717 913 3904 986">
    <p class='ocr_par' dir='ltr' id='par_1_7' title="bbox 717 913 3904 986">
     <span class='ocr_line' id='line_1_7' title="bbox 717 913 3904 986; baseline -0 -20"><span class='ocrx_word' id='word_1_85' title='bbox 717 915 906 982; x_wconf 66' lang='lat' dir='ltr'><strong>phette.</strong></span> <span class='ocrx_word' id='word_1_86' title='bbox 963 934 980 964; x_wconf 83' lang='grc'><strong>›</strong></span> <span class='ocrx_word' id='word_1_87' title='bbox 1039 913 1103 967; x_wconf 88' lang='grc' dir='ltr'><strong>Ει</strong></span> <span class='ocrx_word' id='word_1_88' title='bbox 1149 913 1204 966; x_wconf 90' lang='lat' dir='ltr'><strong>S.</strong></span> <span class='ocrx_word' id='word_1_89' title='bbox 1265 915 1548 984; x_wconf 70' lang='lat' dir='ltr'><strong>Augustini</strong></span> <span class='ocrx_word' id='word_1_90' title='bbox 1605 915 1817 968; x_wconf 84' lang='lat' dir='ltr'><strong>titulum</strong></span> <span class='ocrx_word' id='word_1_91' title='bbox 1877 917 2068 984; x_wconf 81' lang='lat' dir='ltr'><strong>psalmi</strong></span> <span class='ocrx_word' id='word_1_92' title='bbox 2136 933 2431 985; x_wconf 60' lang='lat' dir='ltr'><strong>praeconem</strong></span> <span class='ocrx_word' id='word_1_93' title='bbox 2486 919 2649 971; x_wconf 92' lang='lat' dir='ltr'><strong>totius</strong></span> <span class='ocrx_word' id='word_1_94' title='bbox 2711 917 2899 986; x_wconf 82' lang='lat' dir='ltr'><strong>psalmi</strong></span> <span class='ocrx_word' id='word_1_95' title='bbox 2955 928 3102 971; x_wconf 74' lang='lat' dir='ltr'><strong>vocat</strong></span> <span class='ocrx_word' id='word_1_96' title='bbox 3169 919 3218 970; x_wconf 69' lang='lat' dir='ltr'><strong>in</strong></span> <span class='ocrx_word' id='word_1_97' title='bbox 3292 917 3640 984; x_wconf 73' lang='lat' dir='ltr'><strong>expositione</strong></span> <span class='ocrx_word' id='word_1_98' title='bbox 3726 914 3904 982; x_wconf 78' lang='lat' dir='ltr'><strong>psalmi</strong></span> 
     </span>
    </p>
   </div>
   <div class='ocr_carea' id='block_1_8' title="bbox 717 1007 3898 1079">
    <p class='ocr_par' dir='ltr' id='par_1_8' title="bbox 717 1007 3898 1079">
     <span class='ocr_line' id='line_1_8' title="bbox 717 1007 3898 1079; baseline -0.001 -19"><span class='ocrx_word' id='word_1_99' title='bbox 717 1022 932 1067; x_wconf 69' lang='lat' dir='ltr'><strong>cxxxtv,</strong></span> <span class='ocrx_word' id='word_1_100' title='bbox 986 1016 1037 1058; x_wconf 89' lang='lat' dir='ltr'><strong>et</strong></span> <span class='ocrx_word' id='word_1_101' title='bbox 1086 1007 1225 1060; x_wconf 88' lang='lat' dir='ltr'><strong>idem</strong></span> <span class='ocrx_word' id='word_1_102' title='bbox 1258 1007 1593 1074; x_wconf 68' lang='lat' dir='ltr'><strong>Augustinus</strong></span> <span class='ocrx_word' id='word_1_103' title='bbox 1636 1007 1702 1061; x_wconf 90' lang='lat' dir='ltr'><strong>de</strong></span> <span class='ocrx_word' id='word_1_104' title='bbox 1753 1008 1909 1061; x_wconf 86' lang='lat' dir='ltr'><strong>titulo</strong></span> <span class='ocrx_word' id='word_1_105' title='bbox 1970 1009 2158 1078; x_wconf 84' lang='lat' dir='ltr'><strong>psalmi</strong></span> <span class='ocrx_word' id='word_1_106' title='bbox 2187 1025 2303 1072; x_wconf 84' lang='lat' dir='ltr'><strong>Llll,</strong></span> <span class='ocrx_word' id='word_1_107' title='bbox 2355 1025 2512 1078; x_wconf 87' lang='lat' dir='ltr'><strong>quem</strong></span> <span class='ocrx_word' id='word_1_108' title='bbox 2568 1010 2619 1062; x_wconf 90' lang='lat' dir='ltr'><strong>in</strong></span> <span class='ocrx_word' id='word_1_109' title='bbox 2664 1011 3008 1079; x_wconf 85' lang='lat' dir='ltr'><strong>allegoricum</strong></span> <span class='ocrx_word' id='word_1_110' title='bbox 3045 1025 3261 1064; x_wconf 91' lang='lat' dir='ltr'><strong>sensum</strong></span> <span class='ocrx_word' id='word_1_111' title='bbox 3301 1010 3367 1064; x_wconf 88' lang='lat' dir='ltr'><strong>de</strong></span> <span class='ocrx_word' id='word_1_112' title='bbox 3394 1009 3609 1062; x_wconf 89' lang='lat' dir='ltr'><strong>Christo</strong></span> <span class='ocrx_word' id='word_1_113' title='bbox 3639 1007 3898 1074; x_wconf 71' lang='lat' dir='ltr'><strong>exponit:</strong></span> 
     </span>
    </p>
   </div>
   <div class='ocr_carea' id='block_1_9' title="bbox 721 1103 3904 1175">
    <p class='ocr_par' dir='ltr' id='par_1_9' title="bbox 721 1103 3904 1175">
     <span class='ocr_line' id='line_1_9' title="bbox 721 1103 3904 1175; baseline 0 -21"><span class='ocrx_word' id='word_1_114' title='bbox 721 1122 739 1154; x_wconf 74' lang='grc' dir='ltr'>ι</span> <span class='ocrx_word' id='word_1_115' title='bbox 772 1103 896 1158; x_wconf 90' lang='lat' dir='ltr'><strong>lnde</strong></span> <span class='ocrx_word' id='word_1_116' title='bbox 920 1105 1085 1171; x_wconf 90' lang='lat' dir='ltr'><strong>enim,</strong></span> <span class='ocrx_word' id='word_1_117' title='bbox 1110 1105 1304 1172; x_wconf 87' lang='lat' dir='ltr'><strong>inquit,</strong></span> <span class='ocrx_word' id='word_1_118' title='bbox 1323 1104 1515 1172; x_wconf 82' lang='lat' dir='ltr'><strong>pendet</strong></span> <span class='ocrx_word' id='word_1_119' title='bbox 1539 1105 1723 1159; x_wconf 90' lang='lat' dir='ltr'><strong>omnis</strong></span> <span class='ocrx_word' id='word_1_120' title='bbox 1753 1120 1944 1159; x_wconf 84' lang='lat' dir='ltr'><strong>versus</strong></span> <span class='ocrx_word' id='word_1_121' title='bbox 1970 1106 2059 1174; x_wconf 87' lang='lat' dir='ltr'><strong>qui</strong></span> <span class='ocrx_word' id='word_1_122' title='bbox 2080 1115 2348 1158; x_wconf 87' lang='lat' dir='ltr'><strong>cantatur.</strong></span> <span class='ocrx_word' id='word_1_123' title='bbox 2375 1105 2429 1159; x_wconf 91' lang='lat' dir='ltr'><strong>Si</strong></span> <span class='ocrx_word' id='word_1_124' title='bbox 2451 1107 2572 1175; x_wconf 88' lang='lat' dir='ltr'><strong>quis</strong></span> <span class='ocrx_word' id='word_1_125' title='bbox 2600 1107 2778 1175; x_wconf 87' lang='lat' dir='ltr'><strong>itaque</strong></span> <span class='ocrx_word' id='word_1_126' title='bbox 2803 1115 3079 1175; x_wconf 80' lang='lat' dir='ltr'><strong>agnoscat,</strong></span> <span class='ocrx_word' id='word_1_127' title='bbox 3107 1107 3246 1174; x_wconf 89' lang='lat' dir='ltr'><strong>quod</strong></span> <span class='ocrx_word' id='word_1_128' title='bbox 3271 1107 3324 1159; x_wconf 88' lang='lat' dir='ltr'><strong>in</strong></span> <span class='ocrx_word' id='word_1_129' title='bbox 3348 1105 3539 1160; x_wconf 89' lang='lat' dir='ltr'><strong>domus</strong></span> <span class='ocrx_word' id='word_1_130' title='bbox 3567 1104 3747 1157; x_wconf 91' lang='lat' dir='ltr'><strong>fronte</strong></span> <span class='ocrx_word' id='word_1_131' title='bbox 3779 1119 3904 1172; x_wconf 70' lang='lat' dir='ltr'><strong>prae-</strong></span> 
     </span>
    </p>
   </div>
   <div class='ocr_carea' id='block_1_10' title="bbox 717 1201 3902 1270">
    <p class='ocr_par' dir='ltr' id='par_1_10' title="bbox 717 1201 3902 1270">
     <span class='ocr_line' id='line_1_10' title="bbox 717 1201 3902 1270; baseline -0.001 -17"><span class='ocrx_word' id='word_1_132' title='bbox 717 1202 881 1254; x_wconf 78' lang='lat' dir='ltr'><strong>lixum</strong></span> <span class='ocrx_word' id='word_1_133' title='bbox 911 1207 1014 1264; x_wconf 91' lang='lat' dir='ltr'><strong>est,</strong></span> <span class='ocrx_word' id='word_1_134' title='bbox 1039 1215 1266 1254; x_wconf 89' lang='lat' dir='ltr'><strong>securus</strong></span> <span class='ocrx_word' id='word_1_135' title='bbox 1294 1201 1536 1263; x_wconf 79' lang='lat' dir='ltr'><strong>intrabit,</strong></span> <span class='ocrx_word' id='word_1_136' title='bbox 1571 1215 1669 1254; x_wconf 91' lang='lat' dir='ltr'><strong>nec</strong></span> <span class='ocrx_word' id='word_1_137' title='bbox 1708 1216 1830 1255; x_wconf 91' lang='lat' dir='ltr'><strong>cum</strong></span> <span class='ocrx_word' id='word_1_138' title='bbox 1867 1201 2165 1264; x_wconf 75' lang='lat' dir='ltr'><strong>intraverit,</strong></span> <span class='ocrx_word' id='word_1_139' title='bbox 2195 1202 2396 1254; x_wconf 87' lang='lat' dir='ltr'><strong>errabit</strong></span> <span class='ocrx_word' id='word_1_140' title='bbox 2428 1221 2440 1267; x_wconf 95' lang='lat'><strong>;</strong></span> <span class='ocrx_word' id='word_1_141' title='bbox 2473 1203 2575 1255; x_wconf 93' lang='lat' dir='ltr'><strong>hoc</strong></span> <span class='ocrx_word' id='word_1_142' title='bbox 2611 1202 2752 1256; x_wconf 90' lang='lat' dir='ltr'><strong>enim</strong></span> <span class='ocrx_word' id='word_1_143' title='bbox 2792 1203 2844 1255; x_wconf 92' lang='lat' dir='ltr'><strong>in</strong></span> <span class='ocrx_word' id='word_1_144' title='bbox 2895 1203 3010 1269; x_wconf 91' lang='lat' dir='ltr'><strong>ipso</strong></span> <span class='ocrx_word' id='word_1_145' title='bbox 3054 1211 3203 1267; x_wconf 86' lang='lat' dir='ltr'><strong>poste</strong></span> <span class='ocrx_word' id='word_1_146' title='bbox 3241 1210 3589 1270; x_wconf 73' lang='lat' dir='ltr'><strong>praznotatum</strong></span> <span class='ocrx_word' id='word_1_147' title='bbox 3625 1208 3729 1263; x_wconf 88' lang='lat' dir='ltr'><strong>est,</strong></span> <span class='ocrx_word' id='word_1_148' title='bbox 3771 1212 3902 1267; x_wconf 88' lang='lat' dir='ltr'><strong>quo-</strong></span> 
     </span>
    </p>
   </div>
   <div class='ocr_carea' id='block_1_11' title="bbox 720 1293 3899 1364">
    <p class='ocr_par' dir='ltr' id='par_1_11' title="bbox 720 1293 3899 1364">
     <span class='ocr_line' id='line_1_11' title="bbox 720 1293 3899 1364; baseline -0.001 -19"><span class='ocrx_word' id='word_1_149' title='bbox 720 1294 877 1346; x_wconf 86' lang='lat' dir='ltr'><strong>modo</strong></span> <span class='ocrx_word' id='word_1_150' title='bbox 901 1293 1127 1347; x_wconf 87' lang='lat' dir='ltr'><strong>interius</strong></span> <span class='ocrx_word' id='word_1_151' title='bbox 1157 1307 1263 1346; x_wconf 91' lang='lat' dir='ltr'><strong>non</strong></span> <span class='ocrx_word' id='word_1_152' title='bbox 1287 1302 1502 1346; x_wconf 91' lang='lat' dir='ltr'><strong>errctur</strong></span> <span class='ocrx_word' id='word_1_153' title='bbox 1541 1313 1552 1346; x_wconf 89' lang='lat'>:</span> <span class='ocrx_word' id='word_1_154' title='bbox 1599 1312 1616 1343; x_wconf 71' lang='grc' dir='ltr'>ι</span> <span class='ocrx_word' id='word_1_155' title='bbox 1645 1293 1707 1347; x_wconf 86' lang='lat' dir='ltr'><strong>Et</strong></span> <span class='ocrx_word' id='word_1_156' title='bbox 1740 1309 1927 1349; x_wconf 86' lang='lat' dir='ltr'><strong>rursus</strong></span> <span class='ocrx_word' id='word_1_157' title='bbox 1962 1295 2013 1347; x_wconf 94' lang='lat' dir='ltr'><strong>in</strong></span> <span class='ocrx_word' id='word_1_158' title='bbox 2050 1297 2438 1349; x_wconf 88' lang='lat' dir='ltr'><strong>commentario</strong></span> <span class='ocrx_word' id='word_1_159' title='bbox 2468 1296 2535 1347; x_wconf 90' lang='lat' dir='ltr'><strong>ad</strong></span> <span class='ocrx_word' id='word_1_160' title='bbox 2584 1295 2844 1364; x_wconf 80' lang='lat' dir='ltr'><strong>psalmum</strong></span> <span class='ocrx_word' id='word_1_161' title='bbox 2869 1311 3012 1360; x_wconf 70' lang='lat' dir='ltr'><strong>LXIV,</strong></span> <span class='ocrx_word' id='word_1_162' title='bbox 3039 1296 3193 1364; x_wconf 92' lang='lat' dir='ltr'><strong>cujus</strong></span> <span class='ocrx_word' id='word_1_163' title='bbox 3222 1296 3430 1349; x_wconf 87' lang='lat' dir='ltr'><strong>titulum</strong></span> <span class='ocrx_word' id='word_1_164' title='bbox 3465 1294 3517 1346; x_wconf 95' lang='lat' dir='ltr'><strong>in</strong></span> <span class='ocrx_word' id='word_1_165' title='bbox 3555 1294 3899 1362; x_wconf 77' lang='lat' dir='ltr'><strong>allegoricum</strong></span> 
     </span>
    </p>
   </div>
   <div class='ocr_carea' id='block_1_12' title="bbox 719 1384 3901 1456">
    <p class='ocr_par' dir='ltr' id='par_1_12' title="bbox 719 1384 3901 1456">
     <span class='ocr_line' id='line_1_12' title="bbox 719 1384 3901 1456; baseline -0.001 -20"><span class='ocrx_word' id='word_1_166' title='bbox 719 1398 932 1439; x_wconf 78' lang='lat' dir='ltr'><strong>sensum</strong></span> <span class='ocrx_word' id='word_1_167' title='bbox 962 1384 1338 1439; x_wconf 87' lang='lat' dir='ltr'><strong>sanctissimus</strong></span> <span class='ocrx_word' id='word_1_168' title='bbox 1380 1384 1573 1437; x_wconf 85' lang='lat' dir='ltr'><strong>Ductor</strong></span> <span class='ocrx_word' id='word_1_169' title='bbox 1622 1386 2043 1454; x_wconf 86' lang='lat' dir='ltr'><strong>interpretatur:</strong></span> <span class='ocrx_word' id='word_1_170' title='bbox 2084 1405 2102 1434; x_wconf 75' lang='grc' dir='ltr'><strong><em>ι</em></strong></span> <span class='ocrx_word' id='word_1_171' title='bbox 2139 1386 2489 1454; x_wconf 76' lang='lat' dir='ltr'><strong>Aguoscenda</strong></span> <span class='ocrx_word' id='word_1_172' title='bbox 2516 1395 2616 1450; x_wconf 91' lang='lat' dir='ltr'><strong>est,</strong></span> <span class='ocrx_word' id='word_1_173' title='bbox 2661 1388 2755 1447; x_wconf 83' lang='lat' dir='ltr'><strong>ait,</strong></span> <span class='ocrx_word' id='word_1_174' title='bbox 2802 1402 2903 1440; x_wconf 75' lang='lat' dir='ltr'><strong>vox</strong></span> <span class='ocrx_word' id='word_1_175' title='bbox 2949 1397 3147 1442; x_wconf 72' lang='lat' dir='ltr'><strong>sancte</strong></span> <span class='ocrx_word' id='word_1_176' title='bbox 3185 1387 3472 1456; x_wconf 66' lang='lat' dir='ltr'><strong>prophetiae</strong></span> <span class='ocrx_word' id='word_1_177' title='bbox 3491 1402 3558 1440; x_wconf 81' lang='lat' dir='ltr'><strong>ex</strong></span> <span class='ocrx_word' id='word_1_178' title='bbox 3593 1387 3710 1454; x_wconf 84' lang='lat' dir='ltr'><strong>ipso</strong></span> <span class='ocrx_word' id='word_1_179' title='bbox 3755 1385 3901 1437; x_wconf 69' lang='lat' dir='ltr'><strong>titulo</strong></span> 
     </span>
    </p>
   </div>
   <div class='ocr_carea' id='block_1_13' title="bbox 719 1476 3909 1548">
    <p class='ocr_par' dir='ltr' id='par_1_13' title="bbox 719 1476 3909 1548">
     <span class='ocr_line' id='line_1_13' title="bbox 719 1476 3909 1548; baseline -0.002 -14"><span class='ocrx_word' id='word_1_180' title='bbox 719 1478 934 1548; x_wconf 87' lang='lat' dir='ltr'><strong>psalmi.</strong></span> <span class='ocrx_word' id='word_1_181' title='bbox 971 1497 987 1528; x_wconf 75' lang='grc' dir='ltr'><strong>ι</strong></span> <span class='ocrx_word' id='word_1_182' title='bbox 1016 1476 1226 1531; x_wconf 87' lang='lat' dir='ltr'><strong>Titulos</strong></span> <span class='ocrx_word' id='word_1_183' title='bbox 1259 1487 1436 1530; x_wconf 85' lang='lat' dir='ltr'><strong>autem</strong></span> <span class='ocrx_word' id='word_1_184' title='bbox 1474 1478 1766 1547; x_wconf 90' lang='lat' dir='ltr'><strong>inscriptos</strong></span> <span class='ocrx_word' id='word_1_185' title='bbox 1799 1478 1960 1532; x_wconf 84' lang='lat' dir='ltr'><strong>fuisse</strong></span> <span class='ocrx_word' id='word_1_186' title='bbox 2003 1479 2178 1546; x_wconf 91' lang='lat' dir='ltr'><strong>potius</strong></span> <span class='ocrx_word' id='word_1_187' title='bbox 2220 1479 2285 1531; x_wconf 89' lang='lat' dir='ltr'><strong>ad</strong></span> <span class='ocrx_word' id='word_1_188' title='bbox 2319 1479 2720 1548; x_wconf 83' lang='lat' dir='ltr'><strong>intelligendum</strong></span> <span class='ocrx_word' id='word_1_189' title='bbox 2765 1479 3268 1548; x_wconf 88' lang='lat' dir='ltr'><strong>percipiendumque</strong></span> <span class='ocrx_word' id='word_1_190' title='bbox 3317 1479 3645 1548; x_wconf 84' lang='lat' dir='ltr'><strong>psalmorum</strong></span> <span class='ocrx_word' id='word_1_191' title='bbox 3697 1491 3909 1530; x_wconf 90' lang='lat' dir='ltr'><strong>sensum</strong></span> 
     </span>
    </p>
   </div>
   <div class='ocr_carea' id='block_1_14' title="bbox 717 1571 3907 1642">
    <p class='ocr_par' dir='ltr' id='par_1_14' title="bbox 717 1571 3907 1642">
     <span class='ocr_line' id='line_1_14' title="bbox 717 1571 3907 1642; baseline -0.001 -18"><span class='ocrx_word' id='word_1_192' title='bbox 717 1572 1060 1642; x_wconf 84' lang='lat' dir='ltr'><strong>allegoricum</strong></span> <span class='ocrx_word' id='word_1_193' title='bbox 1102 1583 1152 1624; x_wconf 89' lang='lat' dir='ltr'><strong>et</strong></span> <span class='ocrx_word' id='word_1_194' title='bbox 1196 1572 1514 1639; x_wconf 83' lang='lat' dir='ltr'><strong>spiritalem,</strong></span> <span class='ocrx_word' id='word_1_195' title='bbox 1566 1588 1728 1641; x_wconf 88' lang='lat' dir='ltr'><strong>quam</strong></span> <span class='ocrx_word' id='word_1_196' title='bbox 1769 1572 2052 1625; x_wconf 88' lang='lat' dir='ltr'><strong>litteralem</strong></span> <span class='ocrx_word' id='word_1_197' title='bbox 2095 1582 2148 1626; x_wconf 88' lang='lat' dir='ltr'><strong>et</strong></span> <span class='ocrx_word' id='word_1_198' title='bbox 2197 1574 2534 1636; x_wconf 81' lang='lat' dir='ltr'><strong>historicum,</strong></span> <span class='ocrx_word' id='word_1_199' title='bbox 2575 1575 2800 1642; x_wconf 89' lang='lat' dir='ltr'><strong>ideoque</strong></span> <span class='ocrx_word' id='word_1_200' title='bbox 2850 1576 2914 1627; x_wconf 85' lang='lat' dir='ltr'><strong>ad</strong></span> <span class='ocrx_word' id='word_1_201' title='bbox 2946 1590 3069 1628; x_wconf 90' lang='lat' dir='ltr'><strong>cum</strong></span> <span class='ocrx_word' id='word_1_202' title='bbox 3097 1574 3436 1642; x_wconf 90' lang='lat' dir='ltr'><strong>potissimum</strong></span> <span class='ocrx_word' id='word_1_203' title='bbox 3473 1573 3740 1640; x_wconf 80' lang='lat' dir='ltr'><strong>respicere</strong></span> <span class='ocrx_word' id='word_1_204' title='bbox 3767 1579 3821 1622; x_wconf 90' lang='lat' dir='ltr'><strong>et</strong></span> <span class='ocrx_word' id='word_1_205' title='bbox 3849 1571 3907 1622; x_wconf 88' lang='lat' dir='ltr'><strong>ad</strong></span> 
     </span>
    </p>
   </div>
   <div class='ocr_carea' id='block_1_15' title="bbox 717 1659 3906 1740">
    <p class='ocr_par' dir='ltr' id='par_1_15' title="bbox 717 1659 3906 1740">
     <span class='ocr_line' id='line_1_15' title="bbox 717 1659 3906 1740; baseline -0.002 -18"><span class='ocrx_word' id='word_1_206' title='bbox 717 1670 863 1722; x_wconf 89' lang='lat' dir='ltr'><strong>illum</strong></span> <span class='ocrx_word' id='word_1_207' title='bbox 895 1669 1177 1737; x_wconf 89' lang='lat' dir='ltr'><strong>pertinere,</strong></span> <span class='ocrx_word' id='word_1_208' title='bbox 1214 1659 1524 1722; x_wconf 68' lang='lat' dir='ltr'><strong>testimonio</strong></span> <span class='ocrx_word' id='word_1_209' title='bbox 1556 1677 1680 1722; x_wconf 90' lang='lat' dir='ltr'><strong>sunt</strong></span> <span class='ocrx_word' id='word_1_210' title='bbox 1710 1684 1829 1737; x_wconf 65' lang='lat' dir='ltr'><strong>quae</strong></span> <span class='ocrx_word' id='word_1_211' title='bbox 1858 1669 2042 1723; x_wconf 84' lang='lat' dir='ltr'><strong>scribit</strong></span> <span class='ocrx_word' id='word_1_212' title='bbox 2068 1670 2205 1722; x_wconf 90' lang='lat' dir='ltr'><strong>idem</strong></span> <span class='ocrx_word' id='word_1_213' title='bbox 2239 1671 2570 1740; x_wconf 76' lang='lat' dir='ltr'><strong>Augustinus</strong></span> <span class='ocrx_word' id='word_1_214' title='bbox 2603 1671 2654 1723; x_wconf 90' lang='lat' dir='ltr'><strong>in</strong></span> <span class='ocrx_word' id='word_1_215' title='bbox 2688 1671 2823 1725; x_wconf 89' lang='lat' dir='ltr'><strong>locis</strong></span> <span class='ocrx_word' id='word_1_216' title='bbox 2873 1685 3040 1738; x_wconf 83' lang='lat' dir='ltr'><strong>nuper</strong></span> <span class='ocrx_word' id='word_1_217' title='bbox 3071 1685 3100 1723; x_wconf 91' lang='lat' dir='ltr'><strong>a</strong></span> <span class='ocrx_word' id='word_1_218' title='bbox 3138 1685 3222 1724; x_wconf 90' lang='lat' dir='ltr'><strong>me</strong></span> <span class='ocrx_word' id='word_1_219' title='bbox 3255 1669 3502 1729; x_wconf 90' lang='lat' dir='ltr'><strong>laudatis,</strong></span> <span class='ocrx_word' id='word_1_220' title='bbox 3535 1678 3647 1720; x_wconf 91' lang='lat' dir='ltr'><strong>tum</strong></span> <span class='ocrx_word' id='word_1_221' title='bbox 3670 1665 3833 1719; x_wconf 89' lang='lat' dir='ltr'><strong>etiam</strong></span> <span class='ocrx_word' id='word_1_222' title='bbox 3859 1664 3906 1715; x_wconf 91' lang='lat' dir='ltr'><strong>iu</strong></span> 
     </span>
    </p>
   </div>
   <div class='ocr_carea' id='block_1_16' title="bbox 714 1760 3899 1834">
    <p class='ocr_par' dir='ltr' id='par_1_16' title="bbox 714 1760 3899 1834">
     <span class='ocr_line' id='line_1_16' title="bbox 714 1760 3899 1834; baseline -0.003 -16"><span class='ocrx_word' id='word_1_223' title='bbox 714 1766 1048 1833; x_wconf 80' lang='lat' dir='ltr'><strong>expositione</strong></span> <span class='ocrx_word' id='word_1_224' title='bbox 1073 1766 1263 1834; x_wconf 89' lang='lat' dir='ltr'><strong>psalmi</strong></span> <span class='ocrx_word' id='word_1_225' title='bbox 1301 1781 1408 1829; x_wconf 85' lang='lat' dir='ltr'><strong>Ll\‘,</strong></span> <span class='ocrx_word' id='word_1_226' title='bbox 1439 1765 1524 1818; x_wconf 93' lang='lat' dir='ltr'><strong>ubi</strong></span> <span class='ocrx_word' id='word_1_227' title='bbox 1568 1774 1748 1818; x_wconf 90' lang='lat' dir='ltr'><strong>monet</strong></span> <span class='ocrx_word' id='word_1_228' title='bbox 1780 1781 1886 1834; x_wconf 90' lang='lat' dir='ltr'><strong>qua</strong></span> <span class='ocrx_word' id='word_1_229' title='bbox 1917 1774 2094 1819; x_wconf 86' lang='lat' dir='ltr'><strong>mente</strong></span> <span class='ocrx_word' id='word_1_230' title='bbox 2131 1775 2182 1819; x_wconf 89' lang='lat' dir='ltr'><strong>et</strong></span> <span class='ocrx_word' id='word_1_231' title='bbox 2223 1765 2467 1831; x_wconf 88' lang='lat' dir='ltr'><strong>consilio,</strong></span> <span class='ocrx_word' id='word_1_232' title='bbox 2504 1765 2705 1834; x_wconf 88' lang='lat' dir='ltr'><strong>Spiritu</strong></span> <span class='ocrx_word' id='word_1_233' title='bbox 2744 1776 2932 1820; x_wconf 88' lang='lat' dir='ltr'><strong>sancto</strong></span> <span class='ocrx_word' id='word_1_234' title='bbox 2956 1766 3208 1828; x_wconf 88' lang='lat' dir='ltr'><strong>dictante,</strong></span> <span class='ocrx_word' id='word_1_235' title='bbox 3243 1765 3379 1818; x_wconf 89' lang='lat' dir='ltr'><strong>tituli</strong></span> <span class='ocrx_word' id='word_1_236' title='bbox 3408 1762 3629 1832; x_wconf 88' lang='lat' dir='ltr'><strong>psalmis</strong></span> <span class='ocrx_word' id='word_1_237' title='bbox 3661 1760 3899 1827; x_wconf 88' lang='lat' dir='ltr'><strong>inscripti</strong></span> 
     </span>
    </p>
   </div>
   <div class='ocr_carea' id='block_1_17' title="bbox 714 1851 3898 1924">
    <p class='ocr_par' dir='ltr' id='par_1_17' title="bbox 714 1851 3898 1924">
     <span class='ocr_line' id='line_1_17' title="bbox 714 1851 3898 1924; baseline -0.002 -17"><span class='ocrx_word' id='word_1_238' title='bbox 714 1854 863 1907; x_wconf 86' lang='lat' dir='ltr'><strong>sint:</strong></span> <span class='ocrx_word' id='word_1_239' title='bbox 907 1873 924 1905; x_wconf 72' lang='grc' dir='ltr'>ί</span> <span class='ocrx_word' id='word_1_240' title='bbox 971 1853 1346 1910; x_wconf 74' lang='lat' dir='ltr'><strong>Verumtamen</strong></span> <span class='ocrx_word' id='word_1_241' title='bbox 1395 1855 1533 1909; x_wconf 88' lang='lat' dir='ltr'><strong>sicut</strong></span> <span class='ocrx_word' id='word_1_242' title='bbox 1585 1857 1718 1909; x_wconf 86' lang='lat' dir='ltr'><strong>solet</strong></span> <span class='ocrx_word' id='word_1_243' title='bbox 1763 1857 2104 1924; x_wconf 83' lang='lat' dir='ltr'><strong>propheticus</strong></span> <span class='ocrx_word' id='word_1_244' title='bbox 2150 1857 2372 1922; x_wconf 83' lang='lat' dir='ltr'><strong>spiritus</strong></span> <span class='ocrx_word' id='word_1_245' title='bbox 2429 1858 2480 1910; x_wconf 89' lang='lat' dir='ltr'><strong>in</strong></span> <span class='ocrx_word' id='word_1_246' title='bbox 2525 1858 2855 1923; x_wconf 73' lang='lat' dir='ltr'><strong>psalmorum</strong></span> <span class='ocrx_word' id='word_1_247' title='bbox 2908 1857 3076 1910; x_wconf 85' lang='lat' dir='ltr'><strong>titulis</strong></span> <span class='ocrx_word' id='word_1_248' title='bbox 3111 1855 3354 1910; x_wconf 82' lang='lat' dir='ltr'><strong>recedere</strong></span> <span class='ocrx_word' id='word_1_249' title='bbox 3392 1851 3785 1923; x_wconf 85' lang='lat' dir='ltr'><strong>aliquantulum</strong></span> <span class='ocrx_word' id='word_1_250' title='bbox 3834 1851 3898 1902; x_wconf 87' lang='lat' dir='ltr'><strong>ab</strong></span> 
     </span>
    </p>
   </div>
   <div class='ocr_carea' id='block_1_18' title="bbox 713 1945 3910 2017">
    <p class='ocr_par' dir='ltr' id='par_1_18' title="bbox 713 1945 3910 2017">
     <span class='ocr_line' id='line_1_18' title="bbox 713 1945 3910 2017; baseline -0 -19"><span class='ocrx_word' id='word_1_251' title='bbox 713 1948 1060 2014; x_wconf 77' lang='lat' dir='ltr'><strong>cxpressione</strong></span> <span class='ocrx_word' id='word_1_252' title='bbox 1089 1963 1265 2002; x_wconf 89' lang='lat' dir='ltr'><strong>rerum</strong></span> <span class='ocrx_word' id='word_1_253' title='bbox 1298 1957 1591 2016; x_wconf 88' lang='lat' dir='ltr'><strong>gestarum,</strong></span> <span class='ocrx_word' id='word_1_254' title='bbox 1636 1958 1689 2000; x_wconf 90' lang='lat' dir='ltr'><strong>et</strong></span> <span class='ocrx_word' id='word_1_255' title='bbox 1723 1949 1922 2016; x_wconf 92' lang='lat' dir='ltr'><strong>aliquid</strong></span> <span class='ocrx_word' id='word_1_256' title='bbox 1957 1950 2134 2002; x_wconf 84' lang='lat' dir='ltr'><strong>dicere</strong></span> <span class='ocrx_word' id='word_1_257' title='bbox 2164 1949 2306 2017; x_wconf 90' lang='lat' dir='ltr'><strong>quod</strong></span> <span class='ocrx_word' id='word_1_258' title='bbox 2345 1949 2394 2000; x_wconf 85' lang='lat' dir='ltr'><strong>in</strong></span> <span class='ocrx_word' id='word_1_259' title='bbox 2435 1949 2657 2001; x_wconf 85' lang='lat' dir='ltr'><strong>historia</strong></span> <span class='ocrx_word' id='word_1_260' title='bbox 2710 1966 2811 2000; x_wconf 88' lang='lat' dir='ltr'><strong>non</strong></span> <span class='ocrx_word' id='word_1_261' title='bbox 2845 1949 3131 2008; x_wconf 73' lang='lat' dir='ltr'><strong>invenitur,</strong></span> <span class='ocrx_word' id='word_1_262' title='bbox 3158 1959 3211 2002; x_wconf 90' lang='lat' dir='ltr'><strong>et</strong></span> <span class='ocrx_word' id='word_1_263' title='bbox 3248 1949 3369 2000; x_wconf 88' lang='lat' dir='ltr'><strong>hinc</strong></span> <span class='ocrx_word' id='word_1_264' title='bbox 3401 1948 3578 2015; x_wconf 83' lang='lat' dir='ltr'><strong>potius</strong></span> <span class='ocrx_word' id='word_1_265' title='bbox 3622 1945 3910 1997; x_wconf 80' lang='lat' dir='ltr'><strong>admouere</strong></span> 
     </span>
    </p>
   </div>
   <div class='ocr_carea' id='block_1_19' title="bbox 714 2036 3905 2114">
    <p class='ocr_par' dir='ltr' id='par_1_19' title="bbox 714 2036 3905 2114">
     <span class='ocr_line' id='line_1_19' title="bbox 714 2036 3905 2114; baseline -0.002 -22"><span class='ocrx_word' id='word_1_266' title='bbox 714 2057 818 2094; x_wconf 90' lang='lat' dir='ltr'><strong>non</strong></span> <span class='ocrx_word' id='word_1_267' title='bbox 853 2052 1066 2111; x_wconf 89' lang='lat' dir='ltr'><strong>propter</strong></span> <span class='ocrx_word' id='word_1_268' title='bbox 1093 2042 1493 2110; x_wconf 80' lang='lat' dir='ltr'><strong>cognoscendas</strong></span> <span class='ocrx_word' id='word_1_269' title='bbox 1517 2058 1599 2094; x_wconf 89' lang='lat' dir='ltr'><strong>res</strong></span> <span class='ocrx_word' id='word_1_270' title='bbox 1629 2053 1804 2112; x_wconf 74' lang='lat' dir='ltr'><strong>gestas</strong></span> <span class='ocrx_word' id='word_1_271' title='bbox 1831 2058 1947 2096; x_wconf 88' lang='lat' dir='ltr'><strong>esse</strong></span> <span class='ocrx_word' id='word_1_272' title='bbox 1985 2044 2292 2111; x_wconf 83' lang='lat' dir='ltr'><strong>hujus.n0di</strong></span> <span class='ocrx_word' id='word_1_273' title='bbox 2329 2044 2514 2097; x_wconf 84' lang='lat' dir='ltr'><strong>titulos</strong></span> <span class='ocrx_word' id='word_1_274' title='bbox 2546 2045 2854 2112; x_wconf 84' lang='lat' dir='ltr'><strong>insrriptos,</strong></span> <span class='ocrx_word' id='word_1_275' title='bbox 2879 2045 2968 2098; x_wconf 89' lang='lat' dir='ltr'><strong>sed</strong></span> <span class='ocrx_word' id='word_1_276' title='bbox 2998 2056 3210 2114; x_wconf 79' lang='lat' dir='ltr'><strong>propter</strong></span> <span class='ocrx_word' id='word_1_277' title='bbox 3236 2041 3411 2095; x_wconf 89' lang='lat' dir='ltr'><strong>futura</strong></span> <span class='ocrx_word' id='word_1_278' title='bbox 3445 2036 3858 2109; x_wconf 63' lang='lat' dir='ltr'><strong>prmﬁguranda,</strong></span> <span class='ocrx_word' id='word_1_279' title='bbox 3889 2053 3905 2082; x_wconf 80' lang='grc' dir='ltr'><strong>ι</strong></span> 
     </span>
    </p>
   </div>
   <div class='ocr_carea' id='block_1_20' title="bbox 711 2127 3899 2204">
    <p class='ocr_par' dir='ltr' id='par_1_20' title="bbox 711 2127 3899 2204">
     <span class='ocr_line' id='line_1_20' title="bbox 711 2127 3899 2204; baseline -0.002 -16"><span class='ocrx_word' id='word_1_280' title='bbox 711 2144 816 2189; x_wconf 84' lang='lat' dir='ltr'><strong>etc.</strong></span> <span class='ocrx_word' id='word_1_281' title='bbox 888 2135 1190 2204; x_wconf 79' lang='lat' dir='ltr'><strong>Augustino</strong></span> <span class='ocrx_word' id='word_1_282' title='bbox 1257 2135 1309 2188; x_wconf 93' lang='lat' dir='ltr'><strong>in</strong></span> <span class='ocrx_word' id='word_1_283' title='bbox 1392 2138 1492 2191; x_wconf 88' lang='lat' dir='ltr'><strong>hac</strong></span> <span class='ocrx_word' id='word_1_284' title='bbox 1559 2135 1740 2188; x_wconf 67' lang='lat' dir='ltr'><strong>eadem</strong></span> <span class='ocrx_word' id='word_1_285' title='bbox 1816 2137 2081 2188; x_wconf 75' lang='lat' dir='ltr'><strong>sententia</strong></span> <span class='ocrx_word' id='word_1_286' title='bbox 2164 2137 2228 2189; x_wconf 84' lang='lat' dir='ltr'><strong>de</strong></span> <span class='ocrx_word' id='word_1_287' title='bbox 2304 2136 2471 2189; x_wconf 89' lang='lat' dir='ltr'><strong>titulis</strong></span> <span class='ocrx_word' id='word_1_288' title='bbox 2542 2137 2871 2203; x_wconf 82' lang='lat' dir='ltr'><strong>psalmorum</strong></span> <span class='ocrx_word' id='word_1_289' title='bbox 2941 2138 3144 2204; x_wconf 59' lang='lat' dir='ltr'><strong>punivit</strong></span> <span class='ocrx_word' id='word_1_290' title='bbox 3201 2136 3256 2188; x_wconf 91' lang='lat' dir='ltr'><strong>S.</strong></span> <span class='ocrx_word' id='word_1_291' title='bbox 3325 2134 3579 2192; x_wconf 86' lang='lat' dir='ltr'><strong>llilarius,</strong></span> <span class='ocrx_word' id='word_1_292' title='bbox 3660 2131 3754 2200; x_wconf 89' lang='lat' dir='ltr'><strong>qui</strong></span> <span class='ocrx_word' id='word_1_293' title='bbox 3837 2127 3899 2179; x_wconf 82' lang='lat' dir='ltr'><strong>ad</strong></span> 
     </span>
    </p>
   </div>
   <div class='ocr_carea' id='block_1_21' title="bbox 712 2215 3896 2295">
    <p class='ocr_par' dir='ltr' id='par_1_21' title="bbox 712 2215 3896 2295">
     <span class='ocr_line' id='line_1_21' title="bbox 712 2215 3896 2295; baseline -0.002 -17"><span class='ocrx_word' id='word_1_294' title='bbox 712 2227 979 2295; x_wconf 87' lang='lat' dir='ltr'><strong>psalmum</strong></span> <span class='ocrx_word' id='word_1_295' title='bbox 1036 2241 1166 2278; x_wconf 77' lang='lat' dir='ltr'><strong>unt</strong></span> <span class='ocrx_word' id='word_1_296' title='bbox 1200 2241 1214 2278; x_wconf 90' lang='lat'><strong>:</strong></span> <span class='ocrx_word' id='word_1_297' title='bbox 1254 2244 1271 2275; x_wconf 75' lang='grc' dir='ltr'>ι</span> <span class='ocrx_word' id='word_1_298' title='bbox 1339 2224 1560 2289; x_wconf 85' lang='lat' dir='ltr'><strong>Psalmi,</strong></span> <span class='ocrx_word' id='word_1_299' title='bbox 1605 2226 1701 2286; x_wconf 85' lang='lat' dir='ltr'><strong>ait,</strong></span> <span class='ocrx_word' id='word_1_300' title='bbox 1771 2225 2158 2292; x_wconf 77' lang='lat' dir='ltr'><strong>super-scriptio</strong></span> <span class='ocrx_word' id='word_1_301' title='bbox 2228 2223 2505 2278; x_wconf 87' lang='lat' dir='ltr'><strong>historiam</strong></span> <span class='ocrx_word' id='word_1_302' title='bbox 2579 2240 2683 2276; x_wconf 91' lang='lat' dir='ltr'><strong>non</strong></span> <span class='ocrx_word' id='word_1_303' title='bbox 2755 2225 3025 2284; x_wconf 83' lang='lat' dir='ltr'><strong>continet,</strong></span> <span class='ocrx_word' id='word_1_304' title='bbox 3079 2225 3298 2292; x_wconf 72' lang='lat' dir='ltr'><strong>simplex</strong></span> <span class='ocrx_word' id='word_1_305' title='bbox 3351 2233 3450 2282; x_wconf 80' lang='lat' dir='ltr'><strong>est,</strong></span> <span class='ocrx_word' id='word_1_306' title='bbox 3505 2232 3558 2276; x_wconf 87' lang='lat' dir='ltr'><strong>et</strong></span> <span class='ocrx_word' id='word_1_307' title='bbox 3604 2215 3896 2288; x_wconf 73' lang='lat' dir='ltr'><strong>prophetali</strong></span> 
     </span>
    </p>
   </div>
   <div class='ocr_carea' id='block_1_22' title="bbox 715 2316 3905 2386">
    <p class='ocr_par' dir='ltr' id='par_1_22' title="bbox 715 2316 3905 2386">
     <span class='ocr_line' id='line_1_22' title="bbox 715 2316 3905 2386; baseline -0 -14"><span class='ocrx_word' id='word_1_308' title='bbox 715 2317 906 2385; x_wconf 85' lang='lat' dir='ltr'><strong>spiritu</strong></span> <span class='ocrx_word' id='word_1_309' title='bbox 972 2318 1214 2371; x_wconf 89' lang='lat' dir='ltr'><strong>editus...</strong></span> <span class='ocrx_word' id='word_1_310' title='bbox 1271 2333 1393 2371; x_wconf 93' lang='lat' dir='ltr'><strong>cum</strong></span> <span class='ocrx_word' id='word_1_311' title='bbox 1455 2317 1599 2370; x_wconf 88' lang='lat' dir='ltr'><strong>enim</strong></span> <span class='ocrx_word' id='word_1_312' title='bbox 1669 2317 1744 2369; x_wconf 90' lang='lat' dir='ltr'><strong>illi</strong></span> <span class='ocrx_word' id='word_1_313' title='bbox 1791 2317 1892 2384; x_wconf 89' lang='lat' dir='ltr'><strong>ipsi</strong></span> <span class='ocrx_word' id='word_1_314' title='bbox 1953 2318 2166 2384; x_wconf 81' lang='lat' dir='ltr'><strong>psalmi,</strong></span> <span class='ocrx_word' id='word_1_315' title='bbox 2223 2317 2313 2382; x_wconf 89' lang='lat' dir='ltr'><strong>qui</strong></span> <span class='ocrx_word' id='word_1_316' title='bbox 2349 2317 2645 2371; x_wconf 87' lang='lat' dir='ltr'><strong>secundum</strong></span> <span class='ocrx_word' id='word_1_317' title='bbox 2683 2316 2960 2370; x_wconf 85' lang='lat' dir='ltr'><strong>titulorum</strong></span> <span class='ocrx_word' id='word_1_318' title='bbox 3009 2317 3384 2385; x_wconf 83' lang='lat' dir='ltr'><strong>inscriptiones</strong></span> <span class='ocrx_word' id='word_1_319' title='bbox 3426 2333 3510 2372; x_wconf 90' lang='lat' dir='ltr'><strong>res</strong></span> <span class='ocrx_word' id='word_1_320' title='bbox 3546 2328 3723 2386; x_wconf 82' lang='lat' dir='ltr'><strong>gestas</strong></span> <span class='ocrx_word' id='word_1_321' title='bbox 3777 2333 3905 2371; x_wconf 80' lang='lat' dir='ltr'><strong>eon-</strong></span> 
     </span>
    </p>
   </div>
   <div class='ocr_carea' id='block_1_23' title="bbox 715 2403 3917 2474">
    <p class='ocr_par' dir='ltr' id='par_1_23' title="bbox 715 2403 3917 2474">
     <span class='ocr_line' id='line_1_23' title="bbox 715 2403 3917 2474; baseline 0.001 -18"><span class='ocrx_word' id='word_1_322' title='bbox 715 2405 884 2458; x_wconf 86' lang='lat' dir='ltr'><strong>tinere</strong></span> <span class='ocrx_word' id='word_1_323' title='bbox 909 2405 1224 2468; x_wconf 90' lang='lat' dir='ltr'><strong>creduntur,</strong></span> <span class='ocrx_word' id='word_1_324' title='bbox 1270 2405 1323 2458; x_wconf 90' lang='lat' dir='ltr'><strong>in</strong></span> <span class='ocrx_word' id='word_1_325' title='bbox 1358 2404 1605 2473; x_wconf 87' lang='lat' dir='ltr'><strong>plurimis</strong></span> <span class='ocrx_word' id='word_1_326' title='bbox 1649 2419 1676 2456; x_wconf 91' lang='lat' dir='ltr'><strong>a</strong></span> <span class='ocrx_word' id='word_1_327' title='bbox 1709 2403 1848 2456; x_wconf 90' lang='lat' dir='ltr'><strong>tituli</strong></span> <span class='ocrx_word' id='word_1_328' title='bbox 1899 2405 1980 2457; x_wconf 89' lang='lat' dir='ltr'><strong>sui</strong></span> <span class='ocrx_word' id='word_1_329' title='bbox 2031 2414 2082 2456; x_wconf 90' lang='lat' dir='ltr'><strong>et</strong></span> <span class='ocrx_word' id='word_1_330' title='bbox 2131 2418 2331 2468; x_wconf 91' lang='lat' dir='ltr'><strong>rerum,</strong></span> <span class='ocrx_word' id='word_1_331' title='bbox 2381 2418 2442 2458; x_wconf 87' lang='lat' dir='ltr'><strong>ac</strong></span> <span class='ocrx_word' id='word_1_332' title='bbox 2487 2419 2836 2471; x_wconf 88' lang='lat' dir='ltr'><strong>personarum</strong></span> <span class='ocrx_word' id='word_1_333' title='bbox 2887 2406 3211 2472; x_wconf 83' lang='lat' dir='ltr'><strong>proprietate</strong></span> <span class='ocrx_word' id='word_1_334' title='bbox 3267 2408 3605 2471; x_wconf 86' lang='lat' dir='ltr'><strong>dissentiant,</strong></span> <span class='ocrx_word' id='word_1_335' title='bbox 3642 2407 3917 2474; x_wconf 79' lang='lat' dir='ltr'><strong>magisque</strong></span> 
     </span>
    </p>
   </div>
   <div class='ocr_carea' id='block_1_24' title="bbox 713 2497 3916 2569">
    <p class='ocr_par' dir='ltr' id='par_1_24' title="bbox 713 2497 3916 2569">
     <span class='ocr_line' id='line_1_24' title="bbox 713 2497 3916 2569; baseline -0.001 -18"><span class='ocrx_word' id='word_1_336' title='bbox 713 2513 807 2566; x_wconf 80' lang='lat' dir='ltr'><strong>per</strong></span> <span class='ocrx_word' id='word_1_337' title='bbox 831 2499 1093 2553; x_wconf 87' lang='lat' dir='ltr'><strong>editiones</strong></span> <span class='ocrx_word' id='word_1_338' title='bbox 1123 2500 1422 2562; x_wconf 88' lang='lat' dir='ltr'><strong>nominum,</strong></span> <span class='ocrx_word' id='word_1_339' title='bbox 1454 2507 1612 2563; x_wconf 88' lang='lat' dir='ltr'><strong>atque</strong></span> <span class='ocrx_word' id='word_1_340' title='bbox 1655 2507 1947 2566; x_wconf 86' lang='lat' dir='ltr'><strong>gestorum,</strong></span> <span class='ocrx_word' id='word_1_341' title='bbox 1997 2498 2353 2560; x_wconf 88' lang='lat' dir='ltr'><strong>spiritualium</strong></span> <span class='ocrx_word' id='word_1_342' title='bbox 2397 2499 2768 2567; x_wconf 85' lang='lat' dir='ltr'><strong>operationum</strong></span> <span class='ocrx_word' id='word_1_343' title='bbox 2801 2499 3103 2569; x_wconf 87' lang='lat' dir='ltr'><strong>significent</strong></span> <span class='ocrx_word' id='word_1_344' title='bbox 3133 2500 3372 2556; x_wconf 67' lang='lat' dir='ltr'><strong>eﬂ‘ectus.</strong></span> <span class='ocrx_word' id='word_1_345' title='bbox 3413 2519 3431 2551; x_wconf 84' lang='grc'>›</span> <span class='ocrx_word' id='word_1_346' title='bbox 3467 2498 3559 2554; x_wconf 89' lang='lat' dir='ltr'><strong>llis</strong></span> <span class='ocrx_word' id='word_1_347' title='bbox 3586 2509 3767 2552; x_wconf 87' lang='lat' dir='ltr'><strong>autem</strong></span> <span class='ocrx_word' id='word_1_348' title='bbox 3800 2497 3916 2551; x_wconf 84' lang='lat' dir='ltr'><strong>addi</strong></span> 
     </span>
    </p>
   </div>
   <div class='ocr_carea' id='block_1_25' title="bbox 714 2586 3920 2658">
    <p class='ocr_par' dir='ltr' id='par_1_25' title="bbox 714 2586 3920 2658">
     <span class='ocr_line' id='line_1_25' title="bbox 714 2586 3920 2658; baseline -0 -18"><span class='ocrx_word' id='word_1_349' title='bbox 714 2589 872 2642; x_wconf 87' lang='lat' dir='ltr'><strong>debet</strong></span> <span class='ocrx_word' id='word_1_350' title='bbox 898 2588 1274 2653; x_wconf 87' lang='lat' dir='ltr'><strong>Cassiodorus,</strong></span> <span class='ocrx_word' id='word_1_351' title='bbox 1305 2590 1397 2657; x_wconf 90' lang='lat' dir='ltr'><strong>qui</strong></span> <span class='ocrx_word' id='word_1_352' title='bbox 1433 2590 1484 2642; x_wconf 94' lang='lat' dir='ltr'><strong>in</strong></span> <span class='ocrx_word' id='word_1_353' title='bbox 1516 2588 1836 2642; x_wconf 69' lang='lat' dir='ltr'><strong>Pnefatione</strong></span> <span class='ocrx_word' id='word_1_354' title='bbox 1885 2589 1951 2640; x_wconf 80' lang='lat' dir='ltr'><strong>ad</strong></span> <span class='ocrx_word' id='word_1_355' title='bbox 1986 2586 2225 2641; x_wconf 76' lang='lat' dir='ltr'><strong>Psalmos</strong></span> <span class='ocrx_word' id='word_1_356' title='bbox 2267 2589 2587 2642; x_wconf 89' lang='lat' dir='ltr'><strong>sententiam</strong></span> <span class='ocrx_word' id='word_1_357' title='bbox 2633 2589 2815 2658; x_wconf 83' lang='lat' dir='ltr'><strong>magni</strong></span> <span class='ocrx_word' id='word_1_358' title='bbox 2861 2589 3146 2657; x_wconf 83' lang='lat' dir='ltr'><strong>Augustini</strong></span> <span class='ocrx_word' id='word_1_359' title='bbox 3193 2605 3341 2643; x_wconf 88' lang='lat' dir='ltr'><strong>more</strong></span> <span class='ocrx_word' id='word_1_360' title='bbox 3388 2603 3487 2642; x_wconf 90' lang='lat' dir='ltr'><strong>suo</strong></span> <span class='ocrx_word' id='word_1_361' title='bbox 3535 2598 3774 2646; x_wconf 83' lang='lat' dir='ltr'><strong>secutus,</strong></span> <span class='ocrx_word' id='word_1_362' title='bbox 3810 2587 3920 2640; x_wconf 68' lang='lat' dir='ltr'><strong>haec</strong></span> 
     </span>
    </p>
   </div>
   <div class='ocr_carea' id='block_1_26' title="bbox 717 2679 3916 2750">
    <p class='ocr_par' dir='ltr' id='par_1_26' title="bbox 717 2679 3916 2750">
     <span class='ocr_line' id='line_1_26' title="bbox 717 2679 3916 2750; baseline -0.001 -17"><span class='ocrx_word' id='word_1_363' title='bbox 717 2679 878 2733; x_wconf 86' lang='lat' dir='ltr'><strong>habet</strong></span> <span class='ocrx_word' id='word_1_364' title='bbox 911 2699 921 2733; x_wconf 90' lang='lat'>:</span> <span class='ocrx_word' id='word_1_365' title='bbox 960 2699 977 2730; x_wconf 84' lang='grc'><strong>‹</strong></span> <span class='ocrx_word' id='word_1_366' title='bbox 1019 2681 1292 2748; x_wconf 57' lang='lat' dir='ltr'><strong>Quasdam</strong></span> <span class='ocrx_word' id='word_1_367' title='bbox 1323 2679 1814 2750; x_wconf 73' lang='lat' dir='ltr'><strong>SUpCI&#39;SCt‘ipliOtICS</strong></span> <span class='ocrx_word' id='word_1_368' title='bbox 1850 2680 2182 2747; x_wconf 80' lang='lat' dir='ltr'><strong>psalmorum</strong></span> <span class='ocrx_word' id='word_1_369' title='bbox 2213 2695 2307 2747; x_wconf 89' lang='lat' dir='ltr'><strong>per</strong></span> <span class='ocrx_word' id='word_1_370' title='bbox 2346 2679 2665 2734; x_wconf 87' lang='lat' dir='ltr'><strong>allusionem</strong></span> <span class='ocrx_word' id='word_1_371' title='bbox 2702 2680 3040 2734; x_wconf 89' lang='lat' dir='ltr'><strong>consimilem</strong></span> <span class='ocrx_word' id='word_1_372' title='bbox 3075 2689 3286 2734; x_wconf 85' lang='lat' dir='ltr'><strong>constat</strong></span> <span class='ocrx_word' id='word_1_373' title='bbox 3317 2680 3673 2748; x_wconf 74' lang='lat' dir='ltr'><strong>Spiritualiter</strong></span> <span class='ocrx_word' id='word_1_374' title='bbox 3705 2679 3916 2731; x_wconf 86' lang='lat' dir='ltr'><strong>intuen-</strong></span> 
     </span>
    </p>
   </div>
   <div class='ocr_carea' id='block_1_27' title="bbox 715 2770 3918 2845">
    <p class='ocr_par' dir='ltr' id='par_1_27' title="bbox 715 2770 3918 2845">
     <span class='ocr_line' id='line_1_27' title="bbox 715 2770 3918 2845; baseline -0.002 -17"><span class='ocrx_word' id='word_1_375' title='bbox 715 2773 852 2830; x_wconf 81' lang='lat' dir='ltr'><strong>das:</strong></span> <span class='ocrx_word' id='word_1_376' title='bbox 881 2777 1007 2844; x_wconf 88' lang='lat' dir='ltr'><strong>quia</strong></span> <span class='ocrx_word' id='word_1_377' title='bbox 1041 2778 1085 2831; x_wconf 91' lang='lat' dir='ltr'><strong>si</strong></span> <span class='ocrx_word' id='word_1_378' title='bbox 1108 2777 1336 2831; x_wconf 90' lang='lat' dir='ltr'><strong>litteram</strong></span> <span class='ocrx_word' id='word_1_379' title='bbox 1375 2777 1687 2831; x_wconf 81' lang='lat' dir='ltr'><strong>consideras</strong></span> <span class='ocrx_word' id='word_1_380' title='bbox 1742 2783 2060 2828; x_wconf 75' lang='lat' dir='ltr'><strong>extraneum</strong></span> <span class='ocrx_word' id='word_1_381' title='bbox 2089 2782 2192 2839; x_wconf 89' lang='lat' dir='ltr'><strong>est,</strong></span> <span class='ocrx_word' id='word_1_382' title='bbox 2227 2790 2347 2828; x_wconf 92' lang='lat' dir='ltr'><strong>cum</strong></span> <span class='ocrx_word' id='word_1_383' title='bbox 2405 2791 2509 2828; x_wconf 90' lang='lat' dir='ltr'><strong>non</strong></span> <span class='ocrx_word' id='word_1_384' title='bbox 2559 2789 2620 2828; x_wconf 91' lang='lat' dir='ltr'><strong>ea</strong></span> <span class='ocrx_word' id='word_1_385' title='bbox 2657 2776 2901 2829; x_wconf 82' lang='lat' dir='ltr'><strong>invenias</strong></span> <span class='ocrx_word' id='word_1_386' title='bbox 2943 2775 2996 2828; x_wconf 93' lang='lat' dir='ltr'><strong>in</strong></span> <span class='ocrx_word' id='word_1_387' title='bbox 3044 2775 3267 2845; x_wconf 84' lang='lat' dir='ltr'><strong>psalmis</strong></span> <span class='ocrx_word' id='word_1_388' title='bbox 3319 2789 3438 2842; x_wconf 65' lang='lat' dir='ltr'><strong>qua:</strong></span> <span class='ocrx_word' id='word_1_389' title='bbox 3478 2772 3827 2825; x_wconf 90' lang='lat' dir='ltr'><strong>continentur</strong></span> <span class='ocrx_word' id='word_1_390' title='bbox 3869 2770 3918 2822; x_wconf 91' lang='lat' dir='ltr'><strong>in</strong></span> 
     </span>
    </p>
   </div>
   <div class='ocr_carea' id='block_1_28' title="bbox 715 2864 3919 2936">
    <p class='ocr_par' dir='ltr' id='par_1_28' title="bbox 715 2864 3919 2936">
     <span class='ocr_line' id='line_1_28' title="bbox 715 2864 3919 2936; baseline -0.003 -14"><span class='ocrx_word' id='word_1_391' title='bbox 715 2868 884 2922; x_wconf 91' lang='lat' dir='ltr'><strong>titulis</strong></span> <span class='ocrx_word' id='word_1_392' title='bbox 913 2887 929 2935; x_wconf 88' lang='lat'><strong>;</strong></span> <span class='ocrx_word' id='word_1_393' title='bbox 961 2870 1005 2923; x_wconf 88' lang='lat' dir='ltr'><strong>si</strong></span> <span class='ocrx_word' id='word_1_394' title='bbox 1038 2884 1164 2923; x_wconf 90' lang='lat' dir='ltr'><strong>vero</strong></span> <span class='ocrx_word' id='word_1_395' title='bbox 1187 2869 1473 2921; x_wconf 88' lang='lat' dir='ltr'><strong>trahantur</strong></span> <span class='ocrx_word' id='word_1_396' title='bbox 1503 2867 1567 2918; x_wconf 93' lang='lat' dir='ltr'><strong>ad</strong></span> <span class='ocrx_word' id='word_1_397' title='bbox 1598 2865 1864 2933; x_wconf 85' lang='lat' dir='ltr'><strong>tropicum</strong></span> <span class='ocrx_word' id='word_1_398' title='bbox 1887 2866 2237 2927; x_wconf 86' lang='lat' dir='ltr'><strong>intellectum,</strong></span> <span class='ocrx_word' id='word_1_399' title='bbox 2260 2867 2422 2920; x_wconf 87' lang='lat' dir='ltr'><strong>nitnis</strong></span> <span class='ocrx_word' id='word_1_400' title='bbox 2445 2866 2692 2920; x_wconf 88' lang='lat' dir='ltr'><strong>videntur</strong></span> <span class='ocrx_word' id='word_1_401' title='bbox 2719 2868 3114 2921; x_wconf 67' lang='lat' dir='ltr'><strong>accommode.»</strong></span> <span class='ocrx_word' id='word_1_402' title='bbox 3137 2866 3313 2932; x_wconf 88' lang='lat' dir='ltr'><strong>Quare</strong></span> <span class='ocrx_word' id='word_1_403' title='bbox 3341 2864 3691 2936; x_wconf 80' lang='lat' dir='ltr'><strong>paraphrasis</strong></span> <span class='ocrx_word' id='word_1_404' title='bbox 3716 2872 3919 2924; x_wconf 86' lang='lat' dir='ltr'><strong>nostra,</strong></span> 
     </span>
    </p>
   </div>
   <div class='ocr_carea' id='block_1_29' title="bbox 718 2948 3924 3028">
    <p class='ocr_par' dir='ltr' id='par_1_29' title="bbox 718 2948 3924 3028">
     <span class='ocr_line' id='line_1_29' title="bbox 718 2948 3924 3028; baseline -0.002 -14"><span class='ocrx_word' id='word_1_405' title='bbox 718 2961 770 3014; x_wconf 86' lang='lat' dir='ltr'><strong>iu</strong></span> <span class='ocrx_word' id='word_1_406' title='bbox 805 2975 910 3028; x_wconf 89' lang='lat' dir='ltr'><strong>qua</strong></span> <span class='ocrx_word' id='word_1_407' title='bbox 957 2958 1288 3028; x_wconf 88' lang='lat' dir='ltr'><strong>psalmorum</strong></span> <span class='ocrx_word' id='word_1_408' title='bbox 1321 2957 1583 3026; x_wconf 88' lang='lat' dir='ltr'><strong>cujusque</strong></span> <span class='ocrx_word' id='word_1_409' title='bbox 1613 2957 1799 3009; x_wconf 77' lang='lat' dir='ltr'><strong>titulus</strong></span> <span class='ocrx_word' id='word_1_410' title='bbox 1828 2956 1880 3009; x_wconf 93' lang='lat' dir='ltr'><strong>in</strong></span> <span class='ocrx_word' id='word_1_411' title='bbox 1917 2956 2262 3025; x_wconf 84' lang='lat' dir='ltr'><strong>allegoricum</strong></span> <span class='ocrx_word' id='word_1_412' title='bbox 2307 2973 2527 3012; x_wconf 89' lang='lat' dir='ltr'><strong>sensum</strong></span> <span class='ocrx_word' id='word_1_413' title='bbox 2558 2959 2868 3026; x_wconf 74' lang='lat' dir='ltr'><strong>exponitur,</strong></span> <span class='ocrx_word' id='word_1_414' title='bbox 2904 2975 2966 3010; x_wconf 86' lang='lat' dir='ltr'><strong>ac</strong></span> <span class='ocrx_word' id='word_1_415' title='bbox 2999 2948 3190 3010; x_wconf 78' lang='lat' dir='ltr'><strong>deiud&#39;e</strong></span> <span class='ocrx_word' id='word_1_416' title='bbox 3230 2968 3374 3010; x_wconf 89' lang='lat' dir='ltr'><strong>totus</strong></span> <span class='ocrx_word' id='word_1_417' title='bbox 3411 2957 3652 3024; x_wconf 89' lang='lat' dir='ltr'><strong>psalmus</strong></span> <span class='ocrx_word' id='word_1_418' title='bbox 3688 2954 3742 3008; x_wconf 90' lang='lat' dir='ltr'><strong>in</strong></span> <span class='ocrx_word' id='word_1_419' title='bbox 3775 2972 3924 3010; x_wconf 87' lang='lat' dir='ltr'><strong>eun:-</strong></span> 
     </span>
    </p>
   </div>
   <div class='ocr_carea' id='block_1_30' title="bbox 715 3049 3926 3120">
    <p class='ocr_par' dir='ltr' id='par_1_30' title="bbox 715 3049 3926 3120">
     <span class='ocr_line' id='line_1_30' title="bbox 715 3049 3926 3120; baseline 0.001 -21"><span class='ocrx_word' id='word_1_420' title='bbox 715 3053 836 3104; x_wconf 63' lang='lat' dir='ltr'><strong>t’aem</strong></span> <span class='ocrx_word' id='word_1_421' title='bbox 881 3065 1099 3104; x_wconf 89' lang='lat' dir='ltr'><strong>sensum</strong></span> <span class='ocrx_word' id='word_1_422' title='bbox 1122 3049 1464 3118; x_wconf 86' lang='lat' dir='ltr'><strong>allegoricum</strong></span> <span class='ocrx_word' id='word_1_423' title='bbox 1502 3065 1595 3103; x_wconf 90' lang='lat' dir='ltr'><strong>seu</strong></span> <span class='ocrx_word' id='word_1_424' title='bbox 1624 3050 1910 3116; x_wconf 72' lang='lat' dir='ltr'><strong>mysticum</strong></span> <span class='ocrx_word' id='word_1_425' title='bbox 1941 3049 2006 3102; x_wconf 87' lang='lat' dir='ltr'><strong>de</strong></span> <span class='ocrx_word' id='word_1_426' title='bbox 2035 3049 2272 3114; x_wconf 77' lang='lat' dir='ltr'><strong>Christo,</strong></span> <span class='ocrx_word' id='word_1_427' title='bbox 2317 3061 2369 3103; x_wconf 91' lang='lat' dir='ltr'><strong>et</strong></span> <span class='ocrx_word' id='word_1_428' title='bbox 2424 3049 2684 3114; x_wconf 74' lang='lat' dir='ltr'><strong>Ecclesia,</strong></span> <span class='ocrx_word' id='word_1_429' title='bbox 2722 3053 2947 3120; x_wconf 83' lang='lat' dir='ltr'><strong>ejusque</strong></span> <span class='ocrx_word' id='word_1_430' title='bbox 2983 3051 3238 3103; x_wconf 59' lang='lat' dir='ltr'><strong>membris</strong></span> <span class='ocrx_word' id='word_1_431' title='bbox 3283 3051 3414 3103; x_wconf 88' lang='lat' dir='ltr'><strong>mira</strong></span> <span class='ocrx_word' id='word_1_432' title='bbox 3452 3051 3712 3104; x_wconf 85' lang='lat' dir='ltr'><strong>brevitate</strong></span> <span class='ocrx_word' id='word_1_433' title='bbox 3759 3050 3926 3120; x_wconf 80' lang='lat' dir='ltr'><strong>expli-</strong></span> 
     </span>
    </p>
   </div>
   <div class='ocr_carea' id='block_1_31' title="bbox 717 3141 3923 3212">
    <p class='ocr_par' dir='ltr' id='par_1_31' title="bbox 717 3141 3923 3212">
     <span class='ocr_line' id='line_1_31' title="bbox 717 3141 3923 3212; baseline -0.001 -13"><span class='ocrx_word' id='word_1_434' title='bbox 717 3155 890 3208; x_wconf 83' lang='lat' dir='ltr'><strong>catur,</strong></span> <span class='ocrx_word' id='word_1_435' title='bbox 932 3143 1273 3199; x_wconf 89' lang='lat' dir='ltr'><strong>sanctissimo</strong></span> <span class='ocrx_word' id='word_1_436' title='bbox 1315 3143 1570 3210; x_wconf 85' lang='lat' dir='ltr'><strong>episcopo</strong></span> <span class='ocrx_word' id='word_1_437' title='bbox 1615 3141 1931 3199; x_wconf 74' lang='lat' dir='ltr'><strong>Athanasio.</strong></span> <span class='ocrx_word' id='word_1_438' title='bbox 1961 3142 2116 3207; x_wconf 80' lang='lat' dir='ltr'><strong>cujus</strong></span> <span class='ocrx_word' id='word_1_439' title='bbox 2149 3157 2343 3195; x_wconf 89' lang='lat' dir='ltr'><strong>nomen</strong></span> <span class='ocrx_word' id='word_1_440' title='bbox 2381 3144 2701 3212; x_wconf 88' lang='lat' dir='ltr'><strong>inscriptum</strong></span> <span class='ocrx_word' id='word_1_441' title='bbox 2771 3142 3002 3212; x_wconf 68' lang='lat' dir='ltr'><strong>praefert,</strong></span> <span class='ocrx_word' id='word_1_442' title='bbox 3054 3159 3157 3195; x_wconf 89' lang='lat' dir='ltr'><strong>non</strong></span> <span class='ocrx_word' id='word_1_443' title='bbox 3203 3141 3374 3194; x_wconf 85' lang='lat' dir='ltr'><strong>solum</strong></span> <span class='ocrx_word' id='word_1_444' title='bbox 3418 3141 3576 3209; x_wconf 88' lang='lat' dir='ltr'><strong>digna</strong></span> <span class='ocrx_word' id='word_1_445' title='bbox 3630 3142 3923 3210; x_wconf 80' lang='lat' dir='ltr'><strong>reputanda</strong></span> 
     </span>
    </p>
   </div>
   <div class='ocr_carea' id='block_1_32' title="bbox 716 3237 3926 3306">
    <p class='ocr_par' dir='ltr' id='par_1_32' title="bbox 716 3237 3926 3306">
     <span class='ocr_line' id='line_1_32' title="bbox 716 3237 3926 3306; baseline -0.001 -13"><span class='ocrx_word' id='word_1_446' title='bbox 716 3250 818 3302; x_wconf 85' lang='lat' dir='ltr'><strong>cst,</strong></span> <span class='ocrx_word' id='word_1_447' title='bbox 849 3240 941 3296; x_wconf 89' lang='lat' dir='ltr'><strong>sed</strong></span> <span class='ocrx_word' id='word_1_448' title='bbox 969 3241 1130 3293; x_wconf 89' lang='lat' dir='ltr'><strong>etiam</strong></span> <span class='ocrx_word' id='word_1_449' title='bbox 1166 3238 1335 3291; x_wconf 91' lang='lat' dir='ltr'><strong>multo</strong></span> <span class='ocrx_word' id='word_1_450' title='bbox 1359 3237 1411 3290; x_wconf 90' lang='lat' dir='ltr'><strong>in</strong></span> <span class='ocrx_word' id='word_1_451' title='bbox 1441 3237 1616 3306; x_wconf 89' lang='lat' dir='ltr'><strong>pretio</strong></span> <span class='ocrx_word' id='word_1_452' title='bbox 1638 3245 1798 3304; x_wconf 89' lang='lat' dir='ltr'><strong>atque</strong></span> <span class='ocrx_word' id='word_1_453' title='bbox 1831 3237 2227 3290; x_wconf 56' lang='lat' dir='ltr'><strong>existimatione</strong></span> <span class='ocrx_word' id='word_1_454' title='bbox 2267 3239 2334 3290; x_wconf 88' lang='lat' dir='ltr'><strong>ab</strong></span> <span class='ocrx_word' id='word_1_455' title='bbox 2363 3240 2617 3294; x_wconf 89' lang='lat' dir='ltr'><strong>omnibus</strong></span> <span class='ocrx_word' id='word_1_456' title='bbox 2656 3240 2898 3292; x_wconf 81' lang='lat' dir='ltr'><strong>habenla</strong></span> <span class='ocrx_word' id='word_1_457' title='bbox 2940 3240 3169 3299; x_wconf 74' lang='lat' dir='ltr'><strong>videtur,</strong></span> <span class='ocrx_word' id='word_1_458' title='bbox 3212 3253 3332 3292; x_wconf 91' lang='lat' dir='ltr'><strong>cum</strong></span> <span class='ocrx_word' id='word_1_459' title='bbox 3377 3248 3618 3290; x_wconf 81' lang='lat' dir='ltr'><strong>veterum</strong></span> <span class='ocrx_word' id='word_1_460' title='bbox 3675 3237 3926 3292; x_wconf 75' lang='lat' dir='ltr'><strong>Ecclesia:</strong></span> 
     </span>
    </p>
   </div>
   <div class='ocr_carea' id='block_1_33' title="bbox 719 3329 3943 3401">
    <p class='ocr_par' dir='ltr' id='par_1_33' title="bbox 719 3329 3943 3401">
     <span class='ocr_line' id='line_1_33' title="bbox 719 3329 3943 3401; baseline -0.001 -15"><span class='ocrx_word' id='word_1_461' title='bbox 719 3334 937 3388; x_wconf 74' lang='lat' dir='ltr'><strong>Patrum</strong></span> <span class='ocrx_word' id='word_1_462' title='bbox 970 3335 1137 3388; x_wconf 87' lang='lat' dir='ltr'><strong>menti</strong></span> <span class='ocrx_word' id='word_1_463' title='bbox 1168 3347 1231 3384; x_wconf 92' lang='lat' dir='ltr'><strong>ac</strong></span> <span class='ocrx_word' id='word_1_464' title='bbox 1263 3331 1543 3385; x_wconf 64' lang='lat' dir='ltr'><strong>sentcntiae</strong></span> <span class='ocrx_word' id='word_1_465' title='bbox 1579 3329 1631 3383; x_wconf 87' lang='lat' dir='ltr'><strong>in</strong></span> <span class='ocrx_word' id='word_1_466' title='bbox 1658 3340 1802 3384; x_wconf 89' lang='lat' dir='ltr'><strong>recte</strong></span> <span class='ocrx_word' id='word_1_467' title='bbox 1832 3331 2166 3398; x_wconf 79' lang='lat' dir='ltr'><strong>exponendis</strong></span> <span class='ocrx_word' id='word_1_468' title='bbox 2202 3331 2673 3401; x_wconf 69' lang='lat' dir='ltr'><strong>iutelligendisque</strong></span> <span class='ocrx_word' id='word_1_469' title='bbox 2709 3333 2928 3401; x_wconf 90' lang='lat' dir='ltr'><strong>psalmis</strong></span> <span class='ocrx_word' id='word_1_470' title='bbox 2960 3333 3190 3385; x_wconf 72' lang='lat' dir='ltr'><strong>rnaximc</strong></span> <span class='ocrx_word' id='word_1_471' title='bbox 3232 3331 3555 3385; x_wconf 90' lang='lat' dir='ltr'><strong>conveniens</strong></span> <span class='ocrx_word' id='word_1_472' title='bbox 3583 3330 3676 3394; x_wconf 89' lang='lat' dir='ltr'><strong>sit,</strong></span> <span class='ocrx_word' id='word_1_473' title='bbox 3713 3341 3766 3385; x_wconf 93' lang='lat' dir='ltr'><strong>et</strong></span> <span class='ocrx_word' id='word_1_474' title='bbox 3795 3348 3943 3394; x_wconf 47' lang='lat' dir='ltr'><strong>con-3</strong></span> 
     </span>
    </p>
   </div>
   <div class='ocr_carea' id='block_1_34' title="bbox 719 3437 994 3481">
    <p class='ocr_par' dir='ltr' id='par_1_34' title="bbox 719 3437 994 3481">
     <span class='ocr_line' id='line_1_34' title="bbox 719 3437 994 3481; baseline -0.015 0"><span class='ocrx_word' id='word_1_475' title='bbox 719 3437 994 3481; x_wconf 85' lang='lat' dir='ltr'><strong>sentanea.</strong></span> 
     </span>
    </p>
   </div>
   <div class='ocr_carea' id='block_1_35' title="bbox 787 3511 3931 3582">
    <p class='ocr_par' dir='ltr' id='par_1_35' title="bbox 787 3511 3931 3582">
     <span class='ocr_line' id='line_1_35' title="bbox 787 3511 3931 3582; baseline -0.002 -7"><span class='ocrx_word' id='word_1_476' title='bbox 787 3520 954 3576; x_wconf 78' lang='grc' dir='ltr'><strong>ΧΧΧ.</strong></span> <span class='ocrx_word' id='word_1_477' title='bbox 1003 3518 1266 3573; x_wconf 72' lang='lat' dir='ltr'><strong>Caeterum</strong></span> <span class='ocrx_word' id='word_1_478' title='bbox 1302 3515 1440 3568; x_wconf 90' lang='lat' dir='ltr'><strong>inter</strong></span> <span class='ocrx_word' id='word_1_479' title='bbox 1471 3512 1576 3567; x_wconf 88' lang='lat' dir='ltr'><strong>alia</strong></span> <span class='ocrx_word' id='word_1_480' title='bbox 1619 3520 1933 3581; x_wconf 81' lang='lat' dir='ltr'><strong>argumenta</strong></span> <span class='ocrx_word' id='word_1_481' title='bbox 1989 3527 2110 3581; x_wconf 54' lang='lat' dir='ltr'><strong>quas</strong></span> <span class='ocrx_word' id='word_1_482' title='bbox 2167 3511 2231 3565; x_wconf 90' lang='lat' dir='ltr'><strong>ad</strong></span> <span class='ocrx_word' id='word_1_483' title='bbox 2287 3519 2606 3566; x_wconf 90' lang='lat' dir='ltr'><strong>vetustatem</strong></span> <span class='ocrx_word' id='word_1_484' title='bbox 2665 3521 2864 3565; x_wconf 78' lang='lat' dir='ltr'><strong>nostra:</strong></span> <span class='ocrx_word' id='word_1_485' title='bbox 2913 3511 3288 3566; x_wconf 58' lang='lat' dir='ltr'><strong>translationis</strong></span> <span class='ocrx_word' id='word_1_486' title='bbox 3339 3526 3432 3565; x_wconf 90' lang='lat' dir='ltr'><strong>seu</strong></span> <span class='ocrx_word' id='word_1_487' title='bbox 3470 3512 3931 3582; x_wconf 87' lang='lat' dir='ltr'><strong>interpretationis</strong></span> 
     </span>
    </p>
   </div>
   <div class='ocr_carea' id='block_1_36' title="bbox 720 3606 3928 3685">
    <p class='ocr_par' dir='ltr' id='par_1_36' title="bbox 720 3606 3928 3685">
     <span class='ocr_line' id='line_1_36' title="bbox 720 3606 3928 3685; baseline -0.002 -15"><span class='ocrx_word' id='word_1_488' title='bbox 720 3613 1176 3685; x_wconf 89' lang='lat' dir='ltr'><strong>comprobandam</strong></span> <span class='ocrx_word' id='word_1_489' title='bbox 1218 3610 1395 3664; x_wconf 80' lang='lat' dir='ltr'><strong>afferri</strong></span> <span class='ocrx_word' id='word_1_490' title='bbox 1427 3618 1676 3678; x_wconf 89' lang='lat' dir='ltr'><strong>possunt,</strong></span> <span class='ocrx_word' id='word_1_491' title='bbox 1727 3606 1856 3660; x_wconf 90' lang='lat' dir='ltr'><strong>illud</strong></span> <span class='ocrx_word' id='word_1_492' title='bbox 1903 3622 2012 3660; x_wconf 88' lang='lat' dir='ltr'><strong>non</strong></span> <span class='ocrx_word' id='word_1_493' title='bbox 2042 3608 2252 3660; x_wconf 87' lang='lat' dir='ltr'><strong>minimi</strong></span> <span class='ocrx_word' id='word_1_494' title='bbox 2295 3608 2549 3676; x_wconf 90' lang='lat' dir='ltr'><strong>ponderis</strong></span> <span class='ocrx_word' id='word_1_495' title='bbox 2585 3617 2686 3672; x_wconf 88' lang='lat' dir='ltr'><strong>est,</strong></span> <span class='ocrx_word' id='word_1_496' title='bbox 2716 3607 2862 3676; x_wconf 88' lang='lat' dir='ltr'><strong>quod</strong></span> <span class='ocrx_word' id='word_1_497' title='bbox 2904 3608 3274 3676; x_wconf 88' lang='lat' dir='ltr'><strong>interpretatio</strong></span> <span class='ocrx_word' id='word_1_498' title='bbox 3304 3609 3584 3662; x_wconf 88' lang='lat' dir='ltr'><strong>versiculis</strong></span> <span class='ocrx_word' id='word_1_499' title='bbox 3615 3612 3928 3680; x_wconf 87' lang='lat' dir='ltr'><strong>respondet,</strong></span> 
     </span>
    </p>
   </div>
   <div class='ocr_carea' id='block_1_37' title="bbox 728 3697 3931 3778">
    <p class='ocr_par' dir='ltr' id='par_1_37' title="bbox 728 3697 3931 3778">
     <span class='ocr_line' id='line_1_37' title="bbox 728 3697 3931 3778; baseline -0.002 -14"><span class='ocrx_word' id='word_1_500' title='bbox 728 3712 782 3764; x_wconf 93' lang='lat' dir='ltr'><strong>in</strong></span> <span class='ocrx_word' id='word_1_501' title='bbox 815 3723 956 3778; x_wconf 87' lang='lat' dir='ltr'><strong>quos</strong></span> <span class='ocrx_word' id='word_1_502' title='bbox 992 3703 1332 3760; x_wconf 86' lang='lat' dir='ltr'><strong>membratim</strong></span> <span class='ocrx_word' id='word_1_503' title='bbox 1369 3700 1609 3754; x_wconf 87' lang='lat' dir='ltr'><strong>distincti</strong></span> <span class='ocrx_word' id='word_1_504' title='bbox 1641 3715 1734 3768; x_wconf 89' lang='lat' dir='ltr'><strong>per</strong></span> <span class='ocrx_word' id='word_1_505' title='bbox 1758 3697 1874 3752; x_wconf 90' lang='lat' dir='ltr'><strong>cola</strong></span> <span class='ocrx_word' id='word_1_506' title='bbox 1905 3709 1956 3750; x_wconf 88' lang='lat' dir='ltr'><strong>et</strong></span> <span class='ocrx_word' id='word_1_507' title='bbox 1984 3708 2253 3752; x_wconf 89' lang='lat' dir='ltr'><strong>commata</strong></span> <span class='ocrx_word' id='word_1_508' title='bbox 2293 3698 2485 3766; x_wconf 90' lang='lat' dir='ltr'><strong>psalmi</strong></span> <span class='ocrx_word' id='word_1_509' title='bbox 2514 3699 2815 3767; x_wconf 89' lang='lat' dir='ltr'><strong>antiquitus</strong></span> <span class='ocrx_word' id='word_1_510' title='bbox 2844 3699 3006 3752; x_wconf 91' lang='lat' dir='ltr'><strong>scribi</strong></span> <span class='ocrx_word' id='word_1_511' title='bbox 3045 3699 3308 3762; x_wconf 86' lang='lat' dir='ltr'><strong>solebant,</strong></span> <span class='ocrx_word' id='word_1_512' title='bbox 3342 3714 3448 3753; x_wconf 90' lang='lat' dir='ltr'><strong>non</strong></span> <span class='ocrx_word' id='word_1_513' title='bbox 3474 3711 3656 3755; x_wconf 85' lang='lat' dir='ltr'><strong>autem</strong></span> <span class='ocrx_word' id='word_1_514' title='bbox 3691 3719 3788 3772; x_wconf 86' lang='lat' dir='ltr'><strong>per</strong></span> <span class='ocrx_word' id='word_1_515' title='bbox 3812 3719 3931 3758; x_wconf 84' lang='lat' dir='ltr'><strong>ver-</strong></span> 
     </span>
    </p>
   </div>
   <div class='ocr_carea' id='block_1_38' title="bbox 722 3791 3932 3868">
    <p class='ocr_par' dir='ltr' id='par_1_38' title="bbox 722 3791 3932 3868">
     <span class='ocr_line' id='line_1_38' title="bbox 722 3791 3932 3868; baseline -0.001 -12"><span class='ocrx_word' id='word_1_516' title='bbox 722 3817 816 3856; x_wconf 86' lang='lat' dir='ltr'><strong>sus</strong></span> <span class='ocrx_word' id='word_1_517' title='bbox 845 3799 1136 3868; x_wconf 86' lang='lat' dir='ltr'><strong>longiores,</strong></span> <span class='ocrx_word' id='word_1_518' title='bbox 1179 3805 1236 3850; x_wconf 94' lang='lat' dir='ltr'><strong>ut</strong></span> <span class='ocrx_word' id='word_1_519' title='bbox 1266 3795 1319 3848; x_wconf 90' lang='lat' dir='ltr'><strong>in</strong></span> <span class='ocrx_word' id='word_1_520' title='bbox 1349 3793 1738 3848; x_wconf 88' lang='lat' dir='ltr'><strong>recentioribus</strong></span> <span class='ocrx_word' id='word_1_521' title='bbox 1768 3791 2047 3846; x_wconf 91' lang='lat' dir='ltr'><strong>codicibus</strong></span> <span class='ocrx_word' id='word_1_522' title='bbox 2083 3793 2444 3861; x_wconf 87' lang='lat' dir='ltr'><strong>reperiuntur,</strong></span> <span class='ocrx_word' id='word_1_523' title='bbox 2499 3803 2552 3847; x_wconf 92' lang='lat' dir='ltr'><strong>et</strong></span> <span class='ocrx_word' id='word_1_524' title='bbox 2586 3794 2639 3846; x_wconf 90' lang='lat' dir='ltr'><strong>in</strong></span> <span class='ocrx_word' id='word_1_525' title='bbox 2689 3794 2851 3849; x_wconf 92' lang='lat' dir='ltr'><strong>editis</strong></span> <span class='ocrx_word' id='word_1_526' title='bbox 2901 3795 3075 3858; x_wconf 89' lang='lat' dir='ltr'><strong>libris,</strong></span> <span class='ocrx_word' id='word_1_527' title='bbox 3115 3794 3317 3864; x_wconf 89' lang='lat' dir='ltr'><strong>quibus</strong></span> <span class='ocrx_word' id='word_1_528' title='bbox 3365 3793 3602 3850; x_wconf 81' lang='lat' dir='ltr'><strong>Ecclesia</strong></span> <span class='ocrx_word' id='word_1_529' title='bbox 3637 3807 3692 3851; x_wconf 82' lang='lat' dir='ltr'><strong>et</strong></span> <span class='ocrx_word' id='word_1_530' title='bbox 3741 3814 3932 3853; x_wconf 87' lang='lat' dir='ltr'><strong>omnes</strong></span> 
     </span>
    </p>
   </div>
   <div class='ocr_carea' id='block_1_39' title="bbox 722 3885 3926 3962">
    <p class='ocr_par' dir='ltr' id='par_1_39' title="bbox 722 3885 3926 3962">
     <span class='ocr_line' id='line_1_39' title="bbox 722 3885 3926 3962; baseline -0 -16"><span class='ocrx_word' id='word_1_531' title='bbox 722 3894 882 3962; x_wconf 80' lang='lat' dir='ltr'><strong>vulgo</strong></span> <span class='ocrx_word' id='word_1_532' title='bbox 911 3907 1054 3946; x_wconf 92' lang='lat' dir='ltr'><strong>nunc</strong></span> <span class='ocrx_word' id='word_1_533' title='bbox 1083 3899 1324 3950; x_wconf 90' lang='lat' dir='ltr'><strong>utuntur,</strong></span> <span class='ocrx_word' id='word_1_534' title='bbox 1365 3887 1682 3941; x_wconf 85' lang='lat' dir='ltr'><strong>retinentur.</strong></span> <span class='ocrx_word' id='word_1_535' title='bbox 1744 3885 1986 3940; x_wconf 80' lang='lat' dir='ltr'><strong>Profecto</strong></span> <span class='ocrx_word' id='word_1_536' title='bbox 2039 3888 2104 3940; x_wconf 91' lang='lat' dir='ltr'><strong>de</strong></span> <span class='ocrx_word' id='word_1_537' title='bbox 2158 3887 2425 3942; x_wconf 87' lang='lat' dir='ltr'><strong>divisione</strong></span> <span class='ocrx_word' id='word_1_538' title='bbox 2478 3887 2740 3941; x_wconf 92' lang='lat' dir='ltr'><strong>librorum</strong></span> <span class='ocrx_word' id='word_1_539' title='bbox 2779 3903 2947 3942; x_wconf 67' lang='lat' dir='ltr'><strong>sacra:</strong></span> <span class='ocrx_word' id='word_1_540' title='bbox 2999 3886 3290 3957; x_wconf 73' lang='lat' dir='ltr'><strong>Scriptura:</strong></span> <span class='ocrx_word' id='word_1_541' title='bbox 3326 3905 3418 3958; x_wconf 83' lang='lat' dir='ltr'><strong>per</strong></span> <span class='ocrx_word' id='word_1_542' title='bbox 3455 3891 3779 3952; x_wconf 87' lang='lat' dir='ltr'><strong>versiculos,</strong></span> <span class='ocrx_word' id='word_1_543' title='bbox 3831 3907 3926 3945; x_wconf 84' lang='lat' dir='ltr'><strong>seu</strong></span> 
     </span>
    </p>
   </div>
   <div class='ocr_carea' id='block_1_40' title="bbox 727 3973 3931 4057">
    <p class='ocr_par' dir='ltr' id='par_1_40' title="bbox 727 3973 3931 4057">
     <span class='ocr_line' id='line_1_40' title="bbox 727 3973 3931 4057; baseline -0.002 -18"><span class='ocrx_word' id='word_1_544' title='bbox 727 3983 1036 4057; x_wconf 74' lang='grc' dir='ltr'><strong>στιχηροῦς,</strong></span> <span class='ocrx_word' id='word_1_545' title='bbox 1061 3996 1160 4035; x_wconf 93' lang='lat' dir='ltr'><strong>nos</strong></span> <span class='ocrx_word' id='word_1_546' title='bbox 1188 3981 1343 4033; x_wconf 88' lang='lat' dir='ltr'><strong>docet</strong></span> <span class='ocrx_word' id='word_1_547' title='bbox 1374 3977 1670 4047; x_wconf 84' lang='lat' dir='ltr'><strong>Hesychius</strong></span> <span class='ocrx_word' id='word_1_548' title='bbox 1703 3973 2243 4047; x_wconf 85' lang='lat' dir='ltr'><strong>llierosolymitanus,</strong></span> <span class='ocrx_word' id='word_1_549' title='bbox 2263 3977 2454 4046; x_wconf 88' lang='lat' dir='ltr'><strong>qui,ut</strong></span> <span class='ocrx_word' id='word_1_550' title='bbox 2480 3976 2695 4045; x_wconf 91' lang='lat' dir='ltr'><strong>quidam</strong></span> <span class='ocrx_word' id='word_1_551' title='bbox 2727 3985 2935 4045; x_wconf 92' lang='lat' dir='ltr'><strong>putant,</strong></span> <span class='ocrx_word' id='word_1_552' title='bbox 2968 3976 3164 4030; x_wconf 65' lang='lat' dir='ltr'><strong>smculo</strong></span> <span class='ocrx_word' id='word_1_553' title='bbox 3194 3987 3349 4030; x_wconf 78' lang='lat' dir='ltr'><strong>sexto</strong></span> <span class='ocrx_word' id='word_1_554' title='bbox 3369 3978 3517 4038; x_wconf 77' lang='lat' dir='ltr'><strong>vixit.</strong></span> <span class='ocrx_word' id='word_1_555' title='bbox 3546 3978 3596 4032; x_wconf 94' lang='lat' dir='ltr'><strong>id</strong></span> <span class='ocrx_word' id='word_1_556' title='bbox 3630 3980 3931 4042; x_wconf 88' lang='lat' dir='ltr'><strong>inventum,</strong></span> 
     </span>
    </p>
   </div>
   <div class='ocr_carea' id='block_1_41' title="bbox 728 4072 3932 4151">
    <p class='ocr_par' dir='ltr' id='par_1_41' title="bbox 728 4072 3932 4151">
     <span class='ocr_line' id='line_1_41' title="bbox 728 4072 3932 4151; baseline -0.002 -15"><span class='ocrx_word' id='word_1_557' title='bbox 728 4096 888 4151; x_wconf 78' lang='lat' dir='ltr'><strong>atque</strong></span> <span class='ocrx_word' id='word_1_558' title='bbox 921 4081 1223 4134; x_wconf 89' lang='lat' dir='ltr'><strong>institutum</strong></span> <span class='ocrx_word' id='word_1_559' title='bbox 1258 4076 1424 4130; x_wconf 89' lang='lat' dir='ltr'><strong>fuisse</strong></span> <span class='ocrx_word' id='word_1_560' title='bbox 1469 4090 1498 4127; x_wconf 91' lang='lat' dir='ltr'><strong>a</strong></span> <span class='ocrx_word' id='word_1_561' title='bbox 1550 4073 1754 4128; x_wconf 84' lang='lat' dir='ltr'><strong>sanctis</strong></span> <span class='ocrx_word' id='word_1_562' title='bbox 1809 4072 2060 4128; x_wconf 70' lang='lat' dir='ltr'><strong>Pati-ibus</strong></span> <span class='ocrx_word' id='word_1_563' title='bbox 2106 4074 2327 4142; x_wconf 78' lang='lat' dir='ltr'><strong>majoris</strong></span> <span class='ocrx_word' id='word_1_564' title='bbox 2381 4073 2777 4143; x_wconf 77' lang='lat' dir='ltr'><strong>perspicuitatis</strong></span> <span class='ocrx_word' id='word_1_565' title='bbox 2809 4072 3000 4140; x_wconf 85' lang='lat' dir='ltr'><strong>gratia,</strong></span> <span class='ocrx_word' id='word_1_566' title='bbox 3033 4081 3091 4125; x_wconf 92' lang='lat' dir='ltr'><strong>ut</strong></span> <span class='ocrx_word' id='word_1_567' title='bbox 3126 4072 3305 4141; x_wconf 83' lang='lat' dir='ltr'><strong>legens</strong></span> <span class='ocrx_word' id='word_1_568' title='bbox 3361 4075 3638 4142; x_wconf 89' lang='lat' dir='ltr'><strong>periodum</strong></span> <span class='ocrx_word' id='word_1_569' title='bbox 3693 4092 3790 4144; x_wconf 90' lang='lat' dir='ltr'><strong>per</strong></span> <span class='ocrx_word' id='word_1_570' title='bbox 3835 4093 3932 4132; x_wconf 81' lang='lat' dir='ltr'><strong>sua</strong></span> 
     </span>
    </p>
   </div>
   <div class='ocr_carea' id='block_1_42' title="bbox 726 4165 3925 4236">
    <p class='ocr_par' dir='ltr' id='par_1_42' title="bbox 726 4165 3925 4236">
     <span class='ocr_line' id='line_1_42' title="bbox 726 4165 3925 4236; baseline -0.002 -7"><span class='ocrx_word' id='word_1_571' title='bbox 726 4178 965 4232; x_wconf 85' lang='lat' dir='ltr'><strong>membra</strong></span> <span class='ocrx_word' id='word_1_572' title='bbox 990 4177 1296 4230; x_wconf 88' lang='lat' dir='ltr'><strong>distinctam</strong></span> <span class='ocrx_word' id='word_1_573' title='bbox 1339 4171 1552 4226; x_wconf 83' lang='lat' dir='ltr'><strong>facilius</strong></span> <span class='ocrx_word' id='word_1_574' title='bbox 1579 4168 1842 4224; x_wconf 88' lang='lat' dir='ltr'><strong>orationis</strong></span> <span class='ocrx_word' id='word_1_575' title='bbox 1873 4169 2199 4223; x_wconf 88' lang='lat' dir='ltr'><strong>intellectum</strong></span> <span class='ocrx_word' id='word_1_576' title='bbox 2230 4183 2604 4236; x_wconf 88' lang='lat' dir='ltr'><strong>assequeretur</strong></span> <span class='ocrx_word' id='word_1_577' title='bbox 2650 4167 2782 4236; x_wconf 85' lang='lat'><strong>(69).</strong></span> <span class='ocrx_word' id='word_1_578' title='bbox 2835 4167 2947 4220; x_wconf 92' lang='lat' dir='ltr'><strong>lmo</strong></span> <span class='ocrx_word' id='word_1_579' title='bbox 2989 4181 3114 4220; x_wconf 83' lang='lat' dir='ltr'><strong>vero</strong></span> <span class='ocrx_word' id='word_1_580' title='bbox 3163 4165 3272 4235; x_wconf 86' lang='lat' dir='ltr'><strong>jam</strong></span> <span class='ocrx_word' id='word_1_581' title='bbox 3302 4177 3424 4222; x_wconf 89' lang='lat' dir='ltr'><strong>ante</strong></span> <span class='ocrx_word' id='word_1_582' title='bbox 3465 4168 3665 4223; x_wconf 82' lang='lat' dir='ltr'><strong>Christi</strong></span> <span class='ocrx_word' id='word_1_583' title='bbox 3707 4169 3925 4224; x_wconf 84' lang='lat' dir='ltr'><strong>Domini</strong></span> 
     </span>
    </p>
   </div>
   <div class='ocr_carea' id='block_1_43' title="bbox 724 4260 3936 4337">
    <p class='ocr_par' dir='ltr' id='par_1_43' title="bbox 724 4260 3936 4337">
     <span class='ocr_line' id='line_1_43' title="bbox 724 4260 3936 4337; baseline -0.003 -12"><span class='ocrx_word' id='word_1_584' title='bbox 724 4274 1012 4326; x_wconf 82' lang='lat' dir='ltr'><strong>adventum</strong></span> <span class='ocrx_word' id='word_1_585' title='bbox 1069 4267 1417 4337; x_wconf 85' lang='lat' dir='ltr'><strong>comperitur,</strong></span> <span class='ocrx_word' id='word_1_586' title='bbox 1484 4280 1584 4317; x_wconf 92' lang='lat' dir='ltr'><strong>usu</strong></span> <span class='ocrx_word' id='word_1_587' title='bbox 1633 4275 1908 4333; x_wconf 86' lang='lat' dir='ltr'><strong>receptum</strong></span> <span class='ocrx_word' id='word_1_588' title='bbox 1965 4263 2133 4318; x_wconf 91' lang='lat' dir='ltr'><strong>fuisse</strong></span> <span class='ocrx_word' id='word_1_589' title='bbox 2189 4265 2328 4334; x_wconf 90' lang='lat' dir='ltr'><strong>apud</strong></span> <span class='ocrx_word' id='word_1_590' title='bbox 2370 4263 2644 4330; x_wconf 65' lang='lat' dir='ltr'><strong>Hebraeos,</strong></span> <span class='ocrx_word' id='word_1_591' title='bbox 2689 4273 2747 4318; x_wconf 91' lang='lat' dir='ltr'><strong>ut</strong></span> <span class='ocrx_word' id='word_1_592' title='bbox 2796 4261 3132 4318; x_wconf 86' lang='lat' dir='ltr'><strong>Psalmorum</strong></span> <span class='ocrx_word' id='word_1_593' title='bbox 3180 4261 3377 4330; x_wconf 87' lang='lat' dir='ltr'><strong>aliique</strong></span> <span class='ocrx_word' id='word_1_594' title='bbox 3427 4276 3596 4315; x_wconf 79' lang='lat' dir='ltr'><strong>sacne</strong></span> <span class='ocrx_word' id='word_1_595' title='bbox 3643 4260 3936 4332; x_wconf 66' lang='lat' dir='ltr'><strong>Scriptum.</strong></span> 
     </span>
    </p>
   </div>
   <div class='ocr_carea' id='block_1_44' title="bbox 725 4355 3935 4424">
    <p class='ocr_par' dir='ltr' id='par_1_44' title="bbox 725 4355 3935 4424">
     <span class='ocr_line' id='line_1_44' title="bbox 725 4355 3935 4424; baseline -0.004 -4"><span class='ocrx_word' id='word_1_596' title='bbox 725 4365 849 4420; x_wconf 89' lang='lat' dir='ltr'><strong>libri</strong></span> <span class='ocrx_word' id='word_1_597' title='bbox 885 4364 1168 4419; x_wconf 88' lang='lat' dir='ltr'><strong>versiculis</strong></span> <span class='ocrx_word' id='word_1_598' title='bbox 1216 4360 1455 4415; x_wconf 88' lang='lat' dir='ltr'><strong>distincti</strong></span> <span class='ocrx_word' id='word_1_599' title='bbox 1494 4358 1891 4424; x_wconf 85' lang='lat' dir='ltr'><strong>scriberentur;</strong></span> <span class='ocrx_word' id='word_1_600' title='bbox 1941 4368 1994 4412; x_wconf 91' lang='lat' dir='ltr'><strong>et</strong></span> <span class='ocrx_word' id='word_1_601' title='bbox 2026 4356 2255 4412; x_wconf 87' lang='lat' dir='ltr'><strong>fortasse</strong></span> <span class='ocrx_word' id='word_1_602' title='bbox 2307 4359 2430 4412; x_wconf 88' lang='lat' dir='ltr'><strong>inde</strong></span> <span class='ocrx_word' id='word_1_603' title='bbox 2472 4374 2589 4414; x_wconf 86' lang='lat' dir='ltr'><strong>mos</strong></span> <span class='ocrx_word' id='word_1_604' title='bbox 2632 4359 2732 4413; x_wconf 89' lang='lat' dir='ltr'><strong>iste</strong></span> <span class='ocrx_word' id='word_1_605' title='bbox 2774 4358 2839 4414; x_wconf 87' lang='lat' dir='ltr'><strong>ad</strong></span> <span class='ocrx_word' id='word_1_606' title='bbox 2876 4357 3210 4412; x_wconf 80' lang='lat' dir='ltr'><strong>Christianos</strong></span> <span class='ocrx_word' id='word_1_607' title='bbox 3260 4355 3491 4410; x_wconf 88' lang='lat' dir='ltr'><strong>devenit.</strong></span> <span class='ocrx_word' id='word_1_608' title='bbox 3535 4355 3784 4409; x_wconf 79' lang='lat' dir='ltr'><strong>Veterem</strong></span> <span class='ocrx_word' id='word_1_609' title='bbox 3813 4373 3935 4410; x_wconf 86' lang='lat' dir='ltr'><strong>vcr-</strong></span> 
     </span>
    </p>
   </div>
   <div class='ocr_carea' id='block_1_45' title="bbox 723 4448 3934 4522">
    <p class='ocr_par' dir='ltr' id='par_1_45' title="bbox 723 4448 3934 4522">
     <span class='ocr_line' id='line_1_45' title="bbox 723 4448 3934 4522; baseline -0.003 -7"><span class='ocrx_word' id='word_1_610' title='bbox 723 4475 882 4515; x_wconf 87' lang='lat' dir='ltr'><strong>suum</strong></span> <span class='ocrx_word' id='word_1_611' title='bbox 913 4459 1311 4514; x_wconf 90' lang='lat' dir='ltr'><strong>distinctionem</strong></span> <span class='ocrx_word' id='word_1_612' title='bbox 1343 4460 1560 4510; x_wconf 88' lang='lat' dir='ltr'><strong>secutus</strong></span> <span class='ocrx_word' id='word_1_613' title='bbox 1593 4461 1676 4505; x_wconf 91' lang='lat' dir='ltr'><strong>est</strong></span> <span class='ocrx_word' id='word_1_614' title='bbox 1707 4449 1964 4521; x_wconf 87' lang='lat' dir='ltr'><strong>Origenes</strong></span> <span class='ocrx_word' id='word_1_615' title='bbox 1996 4454 2048 4506; x_wconf 91' lang='lat' dir='ltr'><strong>in</strong></span> <span class='ocrx_word' id='word_1_616' title='bbox 2077 4455 2190 4507; x_wconf 85' lang='lat' dir='ltr'><strong>suis</strong></span> <span class='ocrx_word' id='word_1_617' title='bbox 2223 4451 2496 4522; x_wconf 80' lang='lat' dir='ltr'><strong>llexaplis,</strong></span> <span class='ocrx_word' id='word_1_618' title='bbox 2532 4470 2691 4522; x_wconf 91' lang='lat' dir='ltr'><strong>quem</strong></span> <span class='ocrx_word' id='word_1_619' title='bbox 2726 4453 2965 4507; x_wconf 86' lang='lat' dir='ltr'><strong>imitatus</strong></span> <span class='ocrx_word' id='word_1_620' title='bbox 2994 4460 3077 4506; x_wconf 92' lang='lat' dir='ltr'><strong>est</strong></span> <span class='ocrx_word' id='word_1_621' title='bbox 3102 4448 3460 4521; x_wconf 81' lang='lat' dir='ltr'><strong>Hieronymus</strong></span> <span class='ocrx_word' id='word_1_622' title='bbox 3489 4450 3621 4519; x_wconf 83' lang='lat'><strong>(70),</strong></span> <span class='ocrx_word' id='word_1_623' title='bbox 3659 4454 3752 4520; x_wconf 92' lang='lat' dir='ltr'><strong>qui</strong></span> <span class='ocrx_word' id='word_1_624' title='bbox 3788 4451 3934 4506; x_wconf 81' lang='lat' dir='ltr'><strong>Psal-</strong></span> 
     </span>
    </p>
   </div>
   <div class='ocr_carea' id='block_1_46' title="bbox 723 4548 3934 4622">
    <p class='ocr_par' dir='ltr' id='par_1_46' title="bbox 723 4548 3934 4622">
     <span class='ocr_line' id='line_1_46' title="bbox 723 4548 3934 4622; baseline -0.002 -16"><span class='ocrx_word' id='word_1_625' title='bbox 723 4553 915 4607; x_wconf 88' lang='lat' dir='ltr'><strong>terium</strong></span> <span class='ocrx_word' id='word_1_626' title='bbox 948 4554 1188 4622; x_wconf 88' lang='lat' dir='ltr'><strong>aliosque</strong></span> <span class='ocrx_word' id='word_1_627' title='bbox 1243 4565 1409 4607; x_wconf 68' lang='lat' dir='ltr'><strong>sacrae</strong></span> <span class='ocrx_word' id='word_1_628' title='bbox 1444 4548 1737 4616; x_wconf 67' lang='lat' dir='ltr'><strong>Scripturae</strong></span> <span class='ocrx_word' id='word_1_629' title='bbox 1770 4549 1936 4603; x_wconf 90' lang='lat' dir='ltr'><strong>libros</strong></span> <span class='ocrx_word' id='word_1_630' title='bbox 1972 4567 2064 4618; x_wconf 91' lang='lat' dir='ltr'><strong>per</strong></span> <span class='ocrx_word' id='word_1_631' title='bbox 2098 4565 2288 4603; x_wconf 87' lang='lat' dir='ltr'><strong>versus</strong></span> <span class='ocrx_word' id='word_1_632' title='bbox 2319 4550 2594 4604; x_wconf 80' lang='lat' dir='ltr'><strong>breviores</strong></span> <span class='ocrx_word' id='word_1_633' title='bbox 2633 4550 2922 4619; x_wconf 92' lang='lat' dir='ltr'><strong>disposuit,</strong></span> <span class='ocrx_word' id='word_1_634' title='bbox 2981 4548 3285 4618; x_wconf 89' lang='lat' dir='ltr'><strong>providens,</strong></span> <span class='ocrx_word' id='word_1_635' title='bbox 3319 4558 3376 4601; x_wconf 90' lang='lat' dir='ltr'><strong>ut</strong></span> <span class='ocrx_word' id='word_1_636' title='bbox 3423 4549 3541 4617; x_wconf 88' lang='lat' dir='ltr'><strong>ipse</strong></span> <span class='ocrx_word' id='word_1_637' title='bbox 3587 4550 3934 4616; x_wconf 86' lang='lat' dir='ltr'><strong>inquit,utili-</strong></span> 
     </span>
    </p>
   </div>
   <div class='ocr_carea' id='block_1_47' title="bbox 725 4645 3938 4714">
    <p class='ocr_par' dir='ltr' id='par_1_47' title="bbox 725 4645 3938 4714">
     <span class='ocr_line' id='line_1_47' title="bbox 725 4645 3938 4714; baseline 0 -17"><span class='ocrx_word' id='word_1_638' title='bbox 725 4645 821 4697; x_wconf 91' lang='lat' dir='ltr'><strong>tati</strong></span> <span class='ocrx_word' id='word_1_639' title='bbox 879 4645 1212 4712; x_wconf 87' lang='lat' dir='ltr'><strong>legentium;</strong></span> <span class='ocrx_word' id='word_1_640' title='bbox 1275 4661 1397 4698; x_wconf 89' lang='lat' dir='ltr'><strong>nam</strong></span> <span class='ocrx_word' id='word_1_641' title='bbox 1454 4661 1548 4714; x_wconf 88' lang='lat' dir='ltr'><strong>per</strong></span> <span class='ocrx_word' id='word_1_642' title='bbox 1597 4645 1712 4698; x_wconf 90' lang='lat' dir='ltr'><strong>cola</strong></span> <span class='ocrx_word' id='word_1_643' title='bbox 1760 4646 1978 4714; x_wconf 90' lang='lat' dir='ltr'><strong>scripti,</strong></span> <span class='ocrx_word' id='word_1_644' title='bbox 2031 4657 2083 4699; x_wconf 88' lang='lat' dir='ltr'><strong>ct</strong></span> <span class='ocrx_word' id='word_1_645' title='bbox 2118 4660 2379 4701; x_wconf 87' lang='lat' dir='ltr'><strong>commata</strong></span> <span class='ocrx_word' id='word_1_646' title='bbox 2421 4647 2837 4702; x_wconf 86' lang='lat' dir='ltr'><strong>manifestiorem</strong></span> <span class='ocrx_word' id='word_1_647' title='bbox 2875 4647 3171 4713; x_wconf 74' lang='lat' dir='ltr'><strong>legentibus</strong></span> <span class='ocrx_word' id='word_1_648' title='bbox 3215 4659 3429 4698; x_wconf 90' lang='lat' dir='ltr'><strong>sensum</strong></span> <span class='ocrx_word' id='word_1_649' title='bbox 3467 4645 3732 4698; x_wconf 87' lang='lat' dir='ltr'><strong>tribuunt.</strong></span> <span class='ocrx_word' id='word_1_650' title='bbox 3793 4647 3938 4700; x_wconf 83' lang='lat' dir='ltr'><strong>Anti-</strong></span> 
     </span>
    </p>
   </div>
   <div class='ocr_carea' id='block_1_48' title="bbox 723 4733 3935 4804">
    <p class='ocr_par' dir='ltr' id='par_1_48' title="bbox 723 4733 3935 4804">
     <span class='ocr_line' id='line_1_48' title="bbox 723 4733 3935 4804; baseline 0.002 -19"><span class='ocrx_word' id='word_1_651' title='bbox 723 4736 942 4802; x_wconf 81' lang='lat' dir='ltr'><strong>quior-es</strong></span> <span class='ocrx_word' id='word_1_652' title='bbox 973 4734 1157 4803; x_wconf 89' lang='lat' dir='ltr'><strong>utique</strong></span> <span class='ocrx_word' id='word_1_653' title='bbox 1189 4734 1398 4787; x_wconf 79' lang='lat' dir='ltr'><strong>codices</strong></span> <span class='ocrx_word' id='word_1_654' title='bbox 1446 4733 1614 4786; x_wconf 61' lang='lat' dir='ltr'><strong>Graeci</strong></span> <span class='ocrx_word' id='word_1_655' title='bbox 1663 4733 1806 4787; x_wconf 89' lang='lat' dir='ltr'><strong>mille</strong></span> <span class='ocrx_word' id='word_1_656' title='bbox 1851 4744 1902 4787; x_wconf 91' lang='lat' dir='ltr'><strong>et</strong></span> <span class='ocrx_word' id='word_1_657' title='bbox 1935 4735 2054 4802; x_wconf 89' lang='lat' dir='ltr'><strong>plus</strong></span> <span class='ocrx_word' id='word_1_658' title='bbox 2108 4750 2279 4787; x_wconf 88' lang='lat' dir='ltr'><strong>annos</strong></span> <span class='ocrx_word' id='word_1_659' title='bbox 2327 4745 2450 4787; x_wconf 88' lang='lat' dir='ltr'><strong>ante</strong></span> <span class='ocrx_word' id='word_1_660' title='bbox 2499 4735 2685 4802; x_wconf 87' lang='lat' dir='ltr'><strong>scripti</strong></span> <span class='ocrx_word' id='word_1_661' title='bbox 2725 4749 2975 4787; x_wconf 87' lang='lat' dir='ltr'><strong>versuum</strong></span> <span class='ocrx_word' id='word_1_662' title='bbox 3006 4735 3398 4791; x_wconf 88' lang='lat' dir='ltr'><strong>distinctionem</strong></span> <span class='ocrx_word' id='word_1_663' title='bbox 3431 4739 3702 4804; x_wconf 89' lang='lat' dir='ltr'><strong>retinent;</strong></span> <span class='ocrx_word' id='word_1_664' title='bbox 3742 4750 3800 4794; x_wconf 86' lang='lat' dir='ltr'><strong>et</strong></span> <span class='ocrx_word' id='word_1_665' title='bbox 3832 4757 3935 4794; x_wconf 90' lang='lat' dir='ltr'><strong>non</strong></span> 
     </span>
    </p>
   </div>
   <div class='ocr_carea' id='block_1_49' title="bbox 724 4825 3936 4901">
    <p class='ocr_par' dir='ltr' id='par_1_49' title="bbox 724 4825 3936 4901">
     <span class='ocr_line' id='line_1_49' title="bbox 724 4825 3936 4901; baseline 0.004 -23"><span class='ocrx_word' id='word_1_666' title='bbox 724 4827 898 4879; x_wconf 91' lang='lat' dir='ltr'><strong>solum</strong></span> <span class='ocrx_word' id='word_1_667' title='bbox 935 4825 1141 4885; x_wconf 54' lang='lat' dir='ltr'><strong>Graeca.</strong></span> <span class='ocrx_word' id='word_1_668' title='bbox 1177 4827 1267 4881; x_wconf 87' lang='lat' dir='ltr'><strong>sed</strong></span> <span class='ocrx_word' id='word_1_669' title='bbox 1305 4827 1463 4879; x_wconf 90' lang='lat' dir='ltr'><strong>etiam</strong></span> <span class='ocrx_word' id='word_1_670' title='bbox 1496 4829 1787 4882; x_wconf 86' lang='lat' dir='ltr'><strong>vetustiora</strong></span> <span class='ocrx_word' id='word_1_671' title='bbox 1826 4828 2016 4882; x_wconf 83' lang='lat' dir='ltr'><strong>Latina</strong></span> <span class='ocrx_word' id='word_1_672' title='bbox 2045 4831 2374 4896; x_wconf 78' lang='lat' dir='ltr'><strong>exelnplaria</strong></span> <span class='ocrx_word' id='word_1_673' title='bbox 2410 4830 2721 4898; x_wconf 83' lang='lat' dir='ltr'><strong>bujusmodi</strong></span> <span class='ocrx_word' id='word_1_674' title='bbox 2751 4831 3163 4900; x_wconf 79' lang='lat' dir='ltr'><strong>descriptionem</strong></span> <span class='ocrx_word' id='word_1_675' title='bbox 3199 4848 3292 4901; x_wconf 91' lang='lat' dir='ltr'><strong>per</strong></span> <span class='ocrx_word' id='word_1_676' title='bbox 3318 4834 3430 4888; x_wconf 88' lang='lat' dir='ltr'><strong>cola</strong></span> <span class='ocrx_word' id='word_1_677' title='bbox 3461 4846 3510 4889; x_wconf 88' lang='lat' dir='ltr'><strong>et</strong></span> <span class='ocrx_word' id='word_1_678' title='bbox 3534 4847 3811 4891; x_wconf 85' lang='lat' dir='ltr'><strong>commata</strong></span> <span class='ocrx_word' id='word_1_679' title='bbox 3842 4839 3936 4893; x_wconf 84' lang='lat' dir='ltr'><strong>ha-</strong></span> 
     </span>
    </p>
   </div>
   <div class='ocr_carea' id='block_1_50' title="bbox 723 4917 3936 4998">
    <p class='ocr_par' dir='ltr' id='par_1_50' title="bbox 723 4917 3936 4998">
     <span class='ocr_line' id='line_1_50' title="bbox 723 4917 3936 4998; baseline 0.005 -28"><span class='ocrx_word' id='word_1_680' title='bbox 723 4921 868 4970; x_wconf 85' lang='lat' dir='ltr'><strong>bent.</strong></span> <span class='ocrx_word' id='word_1_681' title='bbox 902 4917 963 4970; x_wconf 84' lang='lat' dir='ltr'><strong>Et</strong></span> <span class='ocrx_word' id='word_1_682' title='bbox 997 4920 1214 4986; x_wconf 85' lang='lat' dir='ltr'><strong>quidem</strong></span> <span class='ocrx_word' id='word_1_683' title='bbox 1261 4917 1580 4972; x_wconf 82' lang='lat' dir='ltr'><strong>Psalteriqu</strong></span> <span class='ocrx_word' id='word_1_684' title='bbox 1645 4935 1708 4971; x_wconf 79' lang='lat' dir='ltr'><strong>ex</strong></span> <span class='ocrx_word' id='word_1_685' title='bbox 1753 4921 1980 4987; x_wconf 89' lang='lat' dir='ltr'><strong>antiquo</strong></span> <span class='ocrx_word' id='word_1_686' title='bbox 2006 4919 2192 4972; x_wconf 82' lang='lat' dir='ltr'><strong>codice</strong></span> <span class='ocrx_word' id='word_1_687' title='bbox 2227 4917 2486 4972; x_wconf 86' lang='lat' dir='ltr'><strong>Vaticano</strong></span> <span class='ocrx_word' id='word_1_688' title='bbox 2518 4921 2799 4973; x_wconf 83' lang='lat' dir='ltr'><strong>versiculis</strong></span> <span class='ocrx_word' id='word_1_689' title='bbox 2838 4923 3176 4979; x_wconf 88' lang='lat' dir='ltr'><strong>brevioribus</strong></span> <span class='ocrx_word' id='word_1_690' title='bbox 3220 4927 3530 4980; x_wconf 89' lang='lat' dir='ltr'><strong>distinctum</strong></span> <span class='ocrx_word' id='word_1_691' title='bbox 3567 4929 3632 4982; x_wconf 91' lang='lat' dir='ltr'><strong>ad</strong></span> <span class='ocrx_word' id='word_1_692' title='bbox 3662 4931 3936 4998; x_wconf 80' lang='lat' dir='ltr'><strong>publicam</strong></span> 
     </span>
    </p>
   </div>
   <div class='ocr_carea' id='block_1_51' title="bbox 725 5009 3935 5092">
    <p class='ocr_par' dir='ltr' id='par_1_51' title="bbox 725 5009 3935 5092">
     <span class='ocr_line' id='line_1_51' title="bbox 725 5009 3935 5092; baseline 0.007 -34"><span class='ocrx_word' id='word_1_693' title='bbox 725 5009 1006 5062; x_wconf 90' lang='lat' dir='ltr'><strong>utilitatem</strong></span> <span class='ocrx_word' id='word_1_694' title='bbox 1039 5021 1091 5062; x_wconf 88' lang='lat' dir='ltr'><strong>et</strong></span> <span class='ocrx_word' id='word_1_695' title='bbox 1121 5010 1355 5064; x_wconf 85' lang='lat' dir='ltr'><strong>fidelium</strong></span> <span class='ocrx_word' id='word_1_696' title='bbox 1391 5013 1604 5081; x_wconf 90' lang='lat' dir='ltr'><strong>pietatis</strong></span> <span class='ocrx_word' id='word_1_697' title='bbox 1660 5015 2052 5068; x_wconf 65' lang='grc' dir='ltr'><strong>ἱιιεωιιιεηιυηι</strong></span> <span class='ocrx_word' id='word_1_698' title='bbox 2085 5013 2134 5065; x_wconf 92' lang='lat' dir='ltr'><strong>in</strong></span> <span class='ocrx_word' id='word_1_699' title='bbox 2175 5016 2344 5067; x_wconf 89' lang='lat' dir='ltr'><strong>lucem</strong></span> <span class='ocrx_word' id='word_1_700' title='bbox 2376 5015 2542 5067; x_wconf 67' lang='lat' dir='ltr'><strong>edidit</strong></span> <span class='ocrx_word' id='word_1_701' title='bbox 2585 5031 2707 5069; x_wconf 85' lang='lat' dir='ltr'><strong>ven.</strong></span> <span class='ocrx_word' id='word_1_702' title='bbox 2762 5032 2922 5070; x_wconf 90' lang='lat' dir='ltr'><strong>mem.</strong></span> <span class='ocrx_word' id='word_1_703' title='bbox 2959 5020 3245 5074; x_wconf 85' lang='lat' dir='ltr'><strong>cardinalis</strong></span> <span class='ocrx_word' id='word_1_704' title='bbox 3274 5018 3618 5088; x_wconf 85' lang='lat' dir='ltr'><strong>Thomasius,</strong></span> <span class='ocrx_word' id='word_1_705' title='bbox 3648 5024 3741 5092; x_wconf 92' lang='lat' dir='ltr'><strong>qui</strong></span> <span class='ocrx_word' id='word_1_706' title='bbox 3773 5026 3935 5080; x_wconf 89' lang='lat' dir='ltr'><strong>etiam</strong></span> 
     </span>
    </p>
   </div>
   <div class='ocr_carea' id='block_1_52' title="bbox 725 5100 3936 5175">
    <p class='ocr_par' dir='ltr' id='par_1_52' title="bbox 725 5100 3936 5175">
     <span class='ocr_line' id='line_1_52' title="bbox 725 5100 3936 5175; baseline 0.007 -24"><span class='ocrx_word' id='word_1_707' title='bbox 725 5115 789 5151; x_wconf 79' lang='lat' dir='ltr'><strong>ex</strong></span> <span class='ocrx_word' id='word_1_708' title='bbox 826 5100 951 5154; x_wconf 90' lang='lat' dir='ltr'><strong>divo</strong></span> <span class='ocrx_word' id='word_1_709' title='bbox 995 5102 1296 5169; x_wconf 79' lang='lat' dir='ltr'><strong>Augustino</strong></span> <span class='ocrx_word' id='word_1_710' title='bbox 1330 5103 1380 5155; x_wconf 93' lang='lat' dir='ltr'><strong>in</strong></span> <span class='ocrx_word' id='word_1_711' title='bbox 1413 5102 1764 5157; x_wconf 66' lang='lat' dir='ltr'><strong>Eum-ratione</strong></span> <span class='ocrx_word' id='word_1_712' title='bbox 1817 5106 2050 5157; x_wconf 85' lang='lat' dir='ltr'><strong>secunda</strong></span> <span class='ocrx_word' id='word_1_713' title='bbox 2101 5106 2150 5156; x_wconf 89' lang='lat' dir='ltr'><strong>in</strong></span> <span class='ocrx_word' id='word_1_714' title='bbox 2211 5106 2474 5172; x_wconf 80' lang='lat' dir='ltr'><strong>psalmum</strong></span> <span class='ocrx_word' id='word_1_715' title='bbox 2540 5123 2624 5159; x_wconf 67' lang='lat' dir='ltr'><strong>XXI</strong></span> <span class='ocrx_word' id='word_1_716' title='bbox 2659 5109 2928 5172; x_wconf 73' lang='lat' dir='ltr'><strong>observat,</strong></span> <span class='ocrx_word' id='word_1_717' title='bbox 2961 5113 3200 5165; x_wconf 83' lang='lat' dir='ltr'><strong>eamdem</strong></span> <span class='ocrx_word' id='word_1_718' title='bbox 3241 5130 3491 5169; x_wconf 85' lang='lat' dir='ltr'><strong>versuum</strong></span> <span class='ocrx_word' id='word_1_719' title='bbox 3526 5119 3936 5175; x_wconf 84' lang='lat' dir='ltr'><strong>distinctionem</strong></span> 
     </span>
    </p>
   </div>
   <div class='ocr_carea' id='block_1_53' title="bbox 730 5189 3937 5283">
    <p class='ocr_par' dir='ltr' id='par_1_53' title="bbox 730 5189 3937 5283">
     <span class='ocr_line' id='line_1_53' title="bbox 730 5189 3937 5283; baseline 0.009 -42"><span class='ocrx_word' id='word_1_720' title='bbox 730 5189 1020 5245; x_wconf 78' lang='lat' dir='ltr'><strong>adhibitam</strong></span> <span class='ocrx_word' id='word_1_721' title='bbox 1058 5190 1225 5246; x_wconf 88' lang='lat' dir='ltr'><strong>fuisse</strong></span> <span class='ocrx_word' id='word_1_722' title='bbox 1281 5195 1330 5247; x_wconf 91' lang='lat' dir='ltr'><strong>in</strong></span> <span class='ocrx_word' id='word_1_723' title='bbox 1364 5194 1625 5262; x_wconf 75' lang='lat' dir='ltr'><strong>Ecclesia,</strong></span> <span class='ocrx_word' id='word_1_724' title='bbox 1658 5200 1784 5252; x_wconf 89' lang='lat' dir='ltr'><strong>dum</strong></span> <span class='ocrx_word' id='word_1_725' title='bbox 1821 5211 2010 5254; x_wconf 85' lang='lat' dir='ltr'><strong>cantor</strong></span> <span class='ocrx_word' id='word_1_726' title='bbox 2041 5218 2106 5253; x_wconf 72' lang='lat' dir='ltr'><strong>ex</strong></span> <span class='ocrx_word' id='word_1_727' title='bbox 2157 5204 2386 5254; x_wconf 80' lang='lat' dir='ltr'><strong>umbone</strong></span> <span class='ocrx_word' id='word_1_728' title='bbox 2436 5205 2697 5270; x_wconf 86' lang='lat' dir='ltr'><strong>psalmum</strong></span> <span class='ocrx_word' id='word_1_729' title='bbox 2744 5207 3100 5273; x_wconf 83' lang='lat' dir='ltr'><strong>particulatim</strong></span> <span class='ocrx_word' id='word_1_730' title='bbox 3151 5214 3503 5279; x_wconf 67' lang='lat' dir='ltr'><strong>pratcinebat;</strong></span> <span class='ocrx_word' id='word_1_731' title='bbox 3555 5219 3702 5283; x_wconf 90' lang='lat' dir='ltr'><strong>quod</strong></span> <span class='ocrx_word' id='word_1_732' title='bbox 3759 5232 3937 5275; x_wconf 84' lang='lat' dir='ltr'><strong>autem</strong></span> 
     </span>
    </p>
   </div>
   <div class='ocr_carea' id='block_1_54' title="bbox 724 5283 3941 5381">
    <p class='ocr_par' dir='ltr' id='par_1_54' title="bbox 724 5283 3941 5381">
     <span class='ocr_line' id='line_1_54' title="bbox 724 5283 3941 5381; baseline 0.007 -45"><span class='ocrx_word' id='word_1_733' title='bbox 724 5283 836 5347; x_wconf 83' lang='lat' dir='ltr'><strong>ipse</strong></span> <span class='ocrx_word' id='word_1_734' title='bbox 872 5285 1274 5349; x_wconf 83' lang='lat' dir='ltr'><strong>pronuntiabat.</strong></span> <span class='ocrx_word' id='word_1_735' title='bbox 1306 5290 1626 5344; x_wconf 82' lang='lat' dir='ltr'><strong>reddebatur</strong></span> <span class='ocrx_word' id='word_1_736' title='bbox 1656 5309 1682 5344; x_wconf 85' lang='lat' dir='ltr'><strong>a</strong></span> <span class='ocrx_word' id='word_1_737' title='bbox 1708 5291 1796 5345; x_wconf 87' lang='lat' dir='ltr'><strong>Dei</strong></span> <span class='ocrx_word' id='word_1_738' title='bbox 1826 5296 1994 5362; x_wconf 83' lang='lat' dir='ltr'><strong>plebe.</strong></span> <span class='ocrx_word' id='word_1_739' title='bbox 2022 5295 2191 5347; x_wconf 74' lang='lat' dir='ltr'><strong>Verba</strong></span> <span class='ocrx_word' id='word_1_740' title='bbox 2221 5297 2504 5365; x_wconf 73' lang='lat' dir='ltr'><strong>Augustini</strong></span> <span class='ocrx_word' id='word_1_741' title='bbox 2538 5299 2658 5351; x_wconf 77' lang='lat' dir='ltr'><strong>talia</strong></span> <span class='ocrx_word' id='word_1_742' title='bbox 2694 5311 2818 5352; x_wconf 83' lang='lat' dir='ltr'><strong>sunt</strong></span> <span class='ocrx_word' id='word_1_743' title='bbox 2858 5320 2869 5354; x_wconf 93' lang='lat'>:</span> <span class='ocrx_word' id='word_1_744' title='bbox 2910 5321 2925 5350; x_wconf 77' lang='grc' dir='ltr'>ι</span> <span class='ocrx_word' id='word_1_745' title='bbox 2956 5300 3114 5358; x_wconf 88' lang='lat' dir='ltr'><strong>Putas</strong></span> <span class='ocrx_word' id='word_1_746' title='bbox 3156 5306 3224 5357; x_wconf 91' lang='lat' dir='ltr'><strong>ibi</strong></span> <span class='ocrx_word' id='word_1_747' title='bbox 3263 5317 3465 5373; x_wconf 83' lang='lat' dir='ltr'><strong>ponunt</strong></span> <span class='ocrx_word' id='word_1_748' title='bbox 3505 5324 3690 5376; x_wconf 84' lang='lat' dir='ltr'><strong>aures,</strong></span> <span class='ocrx_word' id='word_1_749' title='bbox 3722 5315 3941 5381; x_wconf 79' lang='lat' dir='ltr'><strong>quando</strong></span> 
     </span>
    </p>
   </div>
   <div class='ocr_carea' id='block_1_55' title="bbox 781 5479 3944 5570">
    <p class='ocr_par' dir='ltr' id='par_1_55' title="bbox 781 5479 3944 5570">
     <span class='ocr_line' id='line_1_55' title="bbox 781 5479 3944 5570; baseline 0.005 -42"><span class='ocrx_word' id='word_1_750' title='bbox 781 5480 903 5557; x_wconf 44' lang='grc'>,(69)</span> <span class='ocrx_word' id='word_1_751' title='bbox 934 5479 1083 5530; x_wconf 67' lang='grc' dir='ltr'><strong>’Ἐστι</strong></span> <span class='ocrx_word' id='word_1_752' title='bbox 1133 5483 1227 5547; x_wconf 74' lang='grc' dir='ltr'><strong>μὲν</strong></span> <span class='ocrx_word' id='word_1_753' title='bbox 1264 5484 1484 5564; x_wconf 56' lang='grc' dir='ltr'>ᾁρχαῖον</span> <span class='ocrx_word' id='word_1_754' title='bbox 1519 5484 1672 5565; x_wconf 69' lang='grc' dir='ltr'>τοῦςο</span> <span class='ocrx_word' id='word_1_755' title='bbox 1715 5488 2145 5570; x_wconf 42' lang='grc' dir='ltr'><strong>τ.οὶ’ς¹ρενίῃν3ρτίιΙ-ς</strong></span> <span class='ocrx_word' id='word_1_756' title='bbox 2186 5489 2241 5538; x_wconf 68' lang='grc' dir='ltr'>τὸ</span> <span class='ocrx_word' id='word_1_757' title='bbox 2285 5490 2632 5568; x_wconf 53' lang='lat' dir='ltr'><strong>cap-3513;”.</strong></span> <span class='ocrx_word' id='word_1_758' title='bbox 2683 5501 2922 5570; x_wconf 65' lang='grc' dir='ltr'><strong>ςτιχηξὶν</strong></span> <span class='ocrx_word' id='word_1_759' title='bbox 2979 5503 3051 5565; x_wconf 66' lang='grc' dir='ltr'><strong>ὡς</strong></span> <span class='ocrx_word' id='word_1_760' title='bbox 3111 5505 3175 5557; x_wconf 52' lang='grc' dir='ltr'><strong>τί(</strong></span> <span class='ocrx_word' id='word_1_761' title='bbox 3200 5505 3384 5566; x_wconf 50' lang='grc' dir='ltr'>πολλὰ,</span> <span class='ocrx_word' id='word_1_762' title='bbox 3420 5506 3554 5557; x_wconf 52' lang='lat' dir='ltr'><strong>7m};-</strong></span> <span class='ocrx_word' id='word_1_763' title='bbox 3587 5510 3686 5561; x_wconf 61' lang='grc' dir='ltr'><strong>τξμν</strong></span> <span class='ocrx_word' id='word_1_764' title='bbox 3719 5510 3944 5570; x_wconf 52' lang='grc' dir='ltr'><strong>μελετω,</strong></span> 
     </span>
    </p>
   </div>
   <div class='ocr_carea' id='block_1_56' title="bbox 728 5556 2343 5642">
    <p class='ocr_par' dir='ltr' id='par_1_56' title="bbox 728 5556 2311 5642">
     <span class='ocr_line' id='line_1_56' title="bbox 728 5556 2311 5642; baseline 0.009 -46"><span class='ocrx_word' id='word_1_765' title='bbox 728 5556 900 5615; x_wconf 53' lang='grc' dir='ltr'>μενων</span> <span class='ocrx_word' id='word_1_766' title='bbox 936 5565 1224 5642; x_wconf 38' lang='grc' dir='ltr'><strong>σειφὶμγειαν</strong></span> <span class='ocrx_word' id='word_1_767' title='bbox 1250 5556 1342 5621; x_wconf 75' lang='grc' dir='ltr'><strong>τὴς</strong></span> <span class='ocrx_word' id='word_1_768' title='bbox 1376 5556 1705 5623; x_wconf 43' lang='grc' dir='ltr'><strong>προφητείας</strong></span> <span class='ocrx_word' id='word_1_769' title='bbox 1737 5556 2054 5611; x_wconf 53' lang='lat' dir='ltr'><strong>iniit-301:.</strong></span> <span class='ocrx_word' id='word_1_770' title='bbox 2086 5557 2311 5612; x_wconf 78' lang='lat' dir='ltr'><strong>lli.s\cn.</strong></span> 
     </span>
    </p>
   </div>
   <div class='ocr_carea' id='block_1_57' title="bbox 2327 5556 3942 5642">
    <p class='ocr_par' dir='ltr' id='par_1_57' title="bbox 2355 5556 3942 5642">
     <span class='ocr_line' id='line_1_57' title="bbox 2355 5556 3942 5642; baseline 0.012 -30"><span class='ocrx_word' id='word_1_771' title='bbox 2355 5561 2405 5614; x_wconf 78' lang='lat' dir='ltr'><strong>in</strong></span> <span class='ocrx_word' id='word_1_772' title='bbox 2452 5567 2542 5618; x_wconf 88' lang='lat' dir='ltr'><strong>lib.</strong></span> <span class='ocrx_word' id='word_1_773' title='bbox 2582 5556 2840 5639; x_wconf 60' lang='grc' dir='ltr'><strong>Στιχῃρᾷπίι</strong></span> <span class='ocrx_word' id='word_1_774' title='bbox 2889 5589 2960 5624; x_wconf 71' lang='lat' dir='ltr'><strong>xu</strong></span> <span class='ocrx_word' id='word_1_775' title='bbox 3011 5577 3412 5642; x_wconf 55' lang='lat' dir='ltr'><strong>[Way/telarum,</strong></span> <span class='ocrx_word' id='word_1_776' title='bbox 3450 5562 3581 5630; x_wconf 66' lang='lat' dir='ltr'><strong>toni.</strong></span> <span class='ocrx_word' id='word_1_777' title='bbox 3639 5559 3750 5632; x_wconf 65' lang='lat' dir='ltr'><strong>Vill</strong></span> <span class='ocrx_word' id='word_1_778' title='bbox 3807 5580 3942 5634; x_wconf 81' lang='lat' dir='ltr'><strong>Crit.</strong></span> 
     </span>
    </p>
   </div>
   <div class='ocr_carea' id='block_1_58' title="bbox 726 5621 1114 5686">
    <p class='ocr_par' dir='ltr' id='par_1_58' title="bbox 726 5621 1114 5686">
     <span class='ocr_line' id='line_1_58' title="bbox 726 5621 1114 5686; baseline 0.013 -18"><span class='ocrx_word' id='word_1_779' title='bbox 726 5634 854 5677; x_wconf 59' lang='lat' dir='ltr'><strong>sua,</strong></span> <span class='ocrx_word' id='word_1_780' title='bbox 883 5633 998 5686; x_wconf 72' lang='lat' dir='ltr'><strong>pag.</strong></span> <span class='ocrx_word' id='word_1_781' title='bbox 1028 5621 1114 5673; x_wconf 64' lang='lat' dir='ltr'><strong>:l‘ti.</strong></span> 
     </span>
    </p>
   </div>
   <div class='ocr_carea' id='block_1_59' title="bbox 794 5715 1471 5779">
    <p class='ocr_par' dir='ltr' id='par_1_59' title="bbox 794 5715 1471 5779">
     <span class='ocr_line' id='line_1_59' title="bbox 794 5715 1471 5779; baseline 0.01 -16"><span class='ocrx_word' id='word_1_782' title='bbox 794 5715 900 5779; x_wconf 70' lang='lat'><strong>(70;</strong></span> <span class='ocrx_word' id='word_1_783' title='bbox 936 5715 1088 5769; x_wconf 56' lang='grc' dir='ltr'><strong>Ριωῇ</strong></span> <span class='ocrx_word' id='word_1_784' title='bbox 1127 5723 1175 5770; x_wconf 77' lang='lat' dir='ltr'><strong>in</strong></span> <span class='ocrx_word' id='word_1_785' title='bbox 1217 5719 1471 5773; x_wconf 59' lang='lat' dir='ltr'><strong>Ezrr/liel.</strong></span> 
     </span>
    </p>
   </div>
  </div>
