4068 6310
103 379 212 432 (3-7.3
798 366 882 419 DE
922 361 1192 418 TITULIS
1228 358 1670 415 PSALMORUM.

1717 390 1776 398 —
1815 350 2207 409 ANTONELLI
2249 343 2636 402 ΡΒᾸΞΡΑΤΙΟ.
3220 335 3323 395 634

106 497 288 549 lector
343 495 586 561 ipsorum
648 484 822 540 dicit:
865 477 1438 541 Commemorabuntur,
1474 486 1523 528 ct
1553 480 1913 528 convertentur
1951 469 2014 522 ab
2064 467 2344 521 Dominum
2385 461 2607 561 umber-si
2631 453 3024 561 .ﬁnesuter‘raz?
3053 451 3146 553 Eia
3189 449 3325 505 forte

112 545 272 637 unus
295 545 481 636 vei‘sus
514 589 597 635 est
629 596 642 632 :
671 573 885 632 aliunde
913 571 1208 640 cogitabas,
1237 584 1360 623 cum
1401 569 1565 621 fratre
1598 577 1695 621 tuo
1737 561 2086 624 fabulaharis,
2116 559 2332 628 quando
2365 555 2493 608 illud
2537 548 2672 605 dixit
2701 565 2714 600 :
2745 545 2975 607 attende,
3007 545 3130 613 quia
3166 556 3322 610 repe-

101 677 188 736 tit,
225 681 282 728 et
311 675 505 728 surdos
560 672 773 740 pulsat:
802 669 864 724 Et
903 669 1197 723 adorabunt
1253 670 1305 720 in
1355 677 1627 735 conspectu
1659 666 1770 735 ejus
1805 664 2056 718 universo:
2079 658 2264 728 pati-ire
2301 656 2546 725 gentium.
2578 647 2769 701 Adhuc
2827 643 3022 696 surdus
3058 649 3162 704 est,
3214 654 3323 692 non

97 763 304 829 audit;
344 739 586 833 puISetur
626 763 818 816 iterum
855 781 865 814 :
904 760 1164 823 Quoniam
1193 757 1398 810 Domini
1458 767 1533 809 est
1585 771 1816 824 regnum,
1871 761 1917 804 et
1981 753 2090 818 ipse
2136 746 2493 799 dominabitur
2527 745 2772 811 gentium.
2811 740 2942 793 Tres
2978 739 3108 792 istos
3134 749 3326 833 versus

100 868 314 925 tenete,
349 857 564 922 fratres,
585 866 690 911 etc.
731 875 748 908 ›
774 856 983 920 Quibus
1015 855 1348 910 clarissimus
1376 853 1666 907 cardinalis
1693 852 1807 904 hare
1835 847 2051 916 subjicit
2088 864 2100 900 :
2137 863 2158 895 ι
2196 842 2270 895 Ex
2303 857 2410 910 quo
2447 841 2563 894 loco
2600 846 2816 907 apparet
2847 838 2898 888 in
2927 845 3086 889 cantu
3131 831 3320 900 psalmi

98 950 436 1019 responsorii
469 950 598 1004 olim
628 957 739 1003 tum
781 948 834 1002 in
858 947 1095 1013 Oriente,
1128 957 1238 999 tum
1272 948 1322 999 in
1350 945 1639 999 Occidente
1669 942 1966 1006 usitatiore,
2000 939 2053 992 in
2099 951 2206 1007 quo
2234 936 2397 988 lector
2439 931 2760 1002 praacinehat
2799 944 3008 990 versus,
3068 935 3119 978 ct
3149 939 3319 994 popu-

95 1045 185 1100 lus
219 1046 445 1099 eosdem
482 1047 626 1115 ipsos
669 1044 1038 1114 respondendo
1067 1043 1355 1112 repetebat,
1393 1052 1705 1111 usurpatam
1749 1039 1916 1093 fuisse
1962 1037 2238 1106 antiquam
2273 1033 2418 1087 illam
2458 1047 2712 1085 versuum
2759 1028 3177 1091 distinetionem,
3229 1025 3322 1115 qui

97 1136 385 1191 breviores
413 1114 606 1201 erant;
637 1151 741 1190 non
787 1135 1003 1189 alteram
1036 1135 1312 1202 sequentis
1363 1133 1461 1187 aevi
1516 1147 1763 1187 versuum
1813 1131 1972 1200 paulo
2018 1127 2440 1196 prolixiorum...
2487 1121 2620 1176 Nam
2670 1132 3022 1191 praeterquam
3073 1117 3214 1186 quod
3269 1114 3322 1168 id

94 1229 412 1298 postulabat
441 1229 578 1282 ratio
616 1226 880 1297 ejusmodi
920 1225 1291 1287 institutionis,
1339 1239 1530 1293 nempe
1569 1233 1626 1277 ut
1666 1221 1817 1276 rudis
1866 1219 2092 1289 populus
2141 1217 2378 1286 psalmos
2408 1228 2648 1278 caneret,
2684 1227 2825 1283 quos
2855 1227 2951 1266 nec
2982 1211 3045 1264 de
3076 1210 3212 1262 libro
3246 1207 3323 1259 le-

96 1334 266 1393 geret,
307 1339 406 1378 nec
429 1324 685 1379 memoria
715 1332 956 1387 teneret;
995 1323 1136 1375 unde
1178 1329 1232 1374 et
1259 1335 1477 1375 necesse
1507 1330 1619 1374 erat
1655 1319 1817 1372 verba
1843 1317 1889 1370 ei
1928 1330 2097 1384 pauca
2142 1312 2367 1383 praaberi
2417 1308 2722 1379 repetenda,
2749 1315 2810 1359 ιιι
2849 1299 3181 1358 membratim
3214 1312 3320 1352 επ·

96 1422 315 1490 simque
350 1430 518 1475 totum
554 1421 818 1490 psalmum
862 1426 1216 1494 percurreret.
1255 1435 1273 1468 ι
1302 1415 1406 1471 Sed
1437 1417 1502 1470 de
1529 1413 1836 1485 hujusmodi
1865 1413 2130 1467 divisione
2161 1425 2255 1479 per
2282 1408 2495 1478 στίχους
2525 1405 2768 1475 pluribus
2816 1401 3022 1494 erudite
3052 1398 3324 1494 disserunt

96 1517 235 1570 idem
265 1518 560 1573 cardinalis
593 1517 946 1581 Thomasius,
984 1491 1327 1568 et‘Henricus
1359 1512 1602 1568 Valesius
1628 1523 1682 1566 et
1707 1511 1870 1566 Pater
1901 1509 2164 1564 Martiane
2196 1507 2329 1578 (7|).
2360 1505 2579 1572 aliique,
2624 1513 2764 1568 quos
2795 1492 3077 1550 consulere
3103 1491 3320 1558 ροιθνίιν

97 1608 186 1676 qui
237 1610 343 1663 hac
374 1609 438 1663 de
469 1625 524 1663 re
556 1610 710 1678 plura
744 1609 883 1663 scire
909 1607 1194 1662 desiderat.
1243 1605 1400 1671 Quod
1446 1606 1589 1659 enim
1620 1605 1849 1673 pertinet
1881 1602 1948 1656 ad
1984 1617 2117 1666 rem,
2166 1600 2232 1654 de
2263 1613 2369 1668 qua
2405 1597 2600 1667 agitur,
2635 1592 2764 1647 illud
2789 1599 2893 1654 est,
2941 1583 3109 1678 quod
3135 1588 3321 1651 prmler

101 1703 542 1771 antiquissimum
558 1677 888 1758 iVaticanum
928 1701 1190 1766 codicem,
1220 1716 1328 1769 quo
1359 1699 1608 1753 laudatus
1655 1698 1950 1752 cardinalis
1983 1694 2312 1750 Thomasius
2361 1707 2494 1746 usus
2525 1700 2627 1752 est,
2663 1687 2822 1740 etiarn
2869 1680 3039 1737 codex
3087 1677 3324 1731 Alexan-

97 1793 288 1846 drinus
318 1794 510 1865 eodem
561 1794 723 1848 modo
751 1791 910 1847 habet
952 1790 1273 1846 Psalterium
1306 1791 1587 1846 versiculis
1619 1790 1963 1844 distinctum.
1993 1787 2174 1843 Codex
2210 1795 2389 1841 autem
2420 1780 2818 1838 Alexandrinus
2848 1775 3084 1843 scriptus
3130 1779 3234 1836 est,
3266 1777 3324 1822 ut

99 1883 268 1939 fertur
299 1885 440 1955 (72),
473 1902 634 1940 manu
681 1887 894 1942 Theclze
944 1890 1143 1944 nobilis
1187 1887 1401 1942 femina:
1432 1887 1697 1959 Egyptize
1725 1888 1885 1958 panlo
1917 1896 2036 1956 post
2067 1887 2358 1941 concilium
2397 1883 2701 1945 Nicaanum,
2732 1886 2888 1933 aetate
2921 1874 3128 1930 scilicet
3154 1869 3323 1924 Atha-

97 1975 256 2038 nasii,
292 1991 457 2042 quem
515 1977 863 2042 Alexandria,
917 1980 1056 2032 unde
1112 1979 1512 2033 Alexandrinus
1544 1980 1742 2046 dictus,
1810 1994 1993 2032 secum
2050 1975 2574 2045 Constantinopolim
2605 1973 2793 2027 detulit
2829 1969 3060 2041 Cyl-illus
3089 1967 3320 2036 Lucary,

98 2065 328 2133 primum
355 2066 409 2120 in
437 2065 542 2130 ilia,
577 2079 694 2134 post
717 2069 770 2120 in
799 2069 900 2124 hac
934 2071 1064 2124 urbe
1092 2069 1399 2126 Graecorum
1447 2072 1918 2125 schismaticorum
1950 2071 2279 2138 patriarcha,
2317 2084 2346 2122 a
2377 2083 2486 2138 quo
2516 2066 2710 2121 deinde
2737 2063 2978 2119 Carolol
3018 2058 3320 2128 Anglorum

98 2161 205 2229 regi
239 2163 392 2215 dolio
430 2164 631 2218 missus
657 2173 758 2218 est.
817 2164 1002 2230 Quare
1043 2181 1166 2219 cum
1222 2166 1504 2219 translatio
1557 2175 1737 2220 nostra
1773 2181 2027 2220 versuum
2077 2165 2410 2219 distinctioni
2446 2160 2648 2216 codicis
2694 2155 3042 2212 Alexandrini
3080 2153 3324 2222 apprime

101 2251 445 2318 respondeat,
482 2262 534 2306 et
569 2264 907 2318 vetustatem,
937 2263 990 2308 et
1016 2263 1294 2308 auctorem
1325 2269 1446 2308 esse
1477 2255 1858 2322 Athanasium,
1885 2256 2043 2325 cujus
2085 2271 2280 2310 nomen
2324 2252 2557 2324 priefert,
2584 2255 2745 2308 etiam
2773 2268 2838 2306 ex
2866 2251 2967 2304 hac
3005 2256 3156 2318 parte
3182 2261 3319 2314 quo—

98 2341 388 2396 dammodo
417 2345 772 2399 demonstrat.
806 2344 923 2401 Non
955 2356 1134 2400 autem
1165 2350 1316 2416 parvi
1352 2347 1555 2403 laboris
1587 2347 1707 2415 fuit,
1736 2366 1861 2404 cum
1905 2351 1956 2405 id
1997 2350 2523 2414 animadvertissem,
2565 2351 2637 2404 ita
2669 2350 2961 2418 disponere
2991 2340 3320 2400 sanctissimi

101 2437 330 2507 episcopi
366 2440 797 2506 translationem,
845 2452 905 2495 ut
957 2443 1187 2512 singulis
1237 2443 1572 2512 psalmorum
1610 2446 1893 2499 versiculis
1943 2444 2189 2514 subjecta
2239 2443 2482 2512 ejusdem
2512 2440 2796 2495 Athanasii
2834 2434 3206 2506 interpretatio
3236 2445 3322 2485 re-

101 2532 410 2597 sponderet.
451 2531 580 2586 Erat
605 2535 751 2588 enim
783 2534 1010 2590 confuse
1041 2537 1264 2604 scripta,
1301 2551 1442 2605 szepe
1474 2537 1776 2590 commistis
1807 2534 2147 2588 Psalmorum
2179 2550 2304 2588 cum
2339 2535 2511 2603 ipsius
2541 2530 2892 2603 expositionis
2925 2527 3122 2589 verbis,
3163 2536 3217 2579 et
3248 2523 3321 2577 ita

103 2625 353 2693 disposita
382 2667 397 2689 ,
440 2637 496 2682 ut
525 2629 702 2696 potius
732 2646 852 2684 cum
893 2631 1179 2686 recentiori
1215 2630 1520 2699 longiorum
1549 2644 1802 2682 versuum
1829 2628 2192 2690 distinctione,
2221 2642 2340 2696 qua:
2368 2642 2510 2680 nunc
2535 2628 2587 2680 in
2615 2641 2715 2679 usu
2748 2622 2888 2692 apud
2917 2634 3106 2674 omnes
3134 2614 3321 2671 Eccle-

99 2716 200 2769 sias
228 2727 330 2783 est,
362 2719 694 2775 conveniret.
730 2719 888 2776 Plura
925 2734 1176 2792 praetcrea
1210 2722 1454 2785 aderant,
1495 2729 1551 2773 ιιι
1591 2720 1703 2788 jam
1731 2735 1760 2772 a
1806 2717 2072 2787 principio
2118 2717 2326 2782 monui,
2359 2715 2551 2770 menda
2591 2725 2644 2767 et
2675 2720 2885 2776 errata;
2937 2707 3030 2763 sed
3061 2707 3127 2761 de
3170 2715 3322 2759 textu

101 2813 306 2878 quidem
338 2815 475 2868 nihil
510 2816 796 2870 immutare
837 2834 1003 2872 ausus
1029 2823 1190 2886 sunt;
1232 2832 1379 2870 meas
1413 2831 1540 2870 vero
1573 2815 1935 2884 conjecturas,
1968 2812 2183 2868 notulas
2227 2821 2281 2866 et
2308 2810 2715 2865 emendationes
2763 2810 2817 2863 in
2850 2808 3114 2877 margine,
3145 2817 3318 2874 appo-

99 2909 196 2962 sito
244 2910 512 2964 asterisco
552 2927 644 2964 seu
705 2909 961 2970 litterula,
1014 2909 1261 2977 ascripsi.

164 3000 348 3054 XXXI.
411 3001 480 3055 Ut
512 3017 640 3056 vero
668 3019 780 3057 rem
813 3001 946 3056 mihi
973 3002 1305 3070 propositam
1336 3014 1651 3069 prosequar,
1700 2998 1840 3052 hanc
1881 2996 2384 3066 interpretationem
2412 3005 2506 3051 aut
2534 2996 2778 3052 Graecum
2811 2994 3145 3050 Psalmorum
3167 3008 3320 3050 com-

100 3095 444 3157 mentarium,
480 3110 640 3163 quem
675 3095 727 3148 in
759 3097 935 3151 lucem
972 3097 1187 3159 damus,
1229 3095 1544 3150 recentioris
1577 3108 1708 3149 usus
1737 3101 1831 3146 aut
1861 3093 2122 3161 temporis
2153 3092 2295 3146 haud
2344 3093 2631 3162 quisquam
2664 3094 2832 3149 fuisse
2879 3102 3142 3156 autumet,
3193 3092 3320 3162 quia

103 3185 152 3240 in
186 3203 247 3242 eo
279 3190 479 3260 legitur
517 3192 893 3262 inscriptiones
933 3210 1026 3249 seu
1076 3195 1261 3249 titulos
1293 3194 1621 3262 psalmorum
1659 3191 1823 3245 rubro
1881 3192 2061 3246 colore
2090 3208 2184 3247 seu
2217 3193 2498 3248 cinnahari
2549 3192 2779 3259 scriptos
2818 3190 3004 3244 fuisse.
3039 3187 3317 3257 Siquidem

101 3299 293 3339 morem
327 3287 614 3342 adhibendi
651 3305 978 3358 purpureum
1015 3289 1247 3342 colorem
1282 3287 1449 3339 minio
1476 3286 1556 3339 vel
1604 3285 1883 3340 cinnahari
1930 3284 2232 3339 confectum
2281 3287 2333 3340 in
2365 3285 2666 3341 scribendis
2700 3286 2983 3349 librorum,
3023 3298 3118 3338 seu
3165 3281 3315 3351 capi-

101 3393 225 3445 tum,
278 3395 371 3437 aut
407 3387 696 3439 lectionum
740 3385 914 3438 titulis
949 3384 1106 3452 longe
1151 3393 1274 3437 ante
1304 3383 1583 3436 Athanasii
1629 3391 1841 3436 aetatem
1891 3394 2165 3452 receptum
2199 3381 2367 3438 fuisse
2399 3393 2513 3437 tum
2565 3382 2705 3451 apud
2746 3378 3000 3442 Latinos,
3032 3389 3142 3433 tmn
3177 3378 3320 3446 apud

104 3477 326 3544 Grzecos,
358 3491 412 3534 et
443 3483 672 3550 probant
698 3480 1050 3533 vetustissimi
1100 3480 1335 3546 codices,
1379 3489 1433 3533 ct
1464 3479 1710 3548 pluribus
1749 3478 2044 3533 ostendunt
2101 3480 2210 3533 duo
2266 3480 2619 3535 eruditissimi
2655 3479 2752 3533 viri
2803 3477 3044 3548 ejusdem
3093 3475 3322 3530 Benedi-

101 3575 249 3628 Ctina:
286 3575 720 3644 congregationis
764 3573 1100 3629 Mabillonius
1129 3585 1181 3629 et
1240 3573 1653 3628 Montfanconus
1687 3572 1830 3642 (75).
1866 3571 1932 3626 Et
1997 3574 2213 3643 quidem
2252 3575 2304 3628 in
2355 3576 2470 3643 ipso
2504 3573 2865 3629 Alexandrino
2894 3573 3079 3627 codice
3125 3571 3310 3627 titulos

107 3669 428 3736 psalmorum
455 3670 620 3725 rubro
641 3669 823 3725 colore
852 3671 1144 3739 inscriptos
1175 3685 1292 3724 esse
1318 3678 1546 3723 testatur
1574 3667 1806 3723 Joannes
1834 3668 2095 3725 Ernestus
2131 3668 2309 3724 Grabe
2332 3671 2416 3725 his
2450 3672 2628 3725 verbis
2658 3687 2671 3724 :
2709 3689 2727 3721 ι
2789 3669 3046 3740 Sequitur
3075 3669 3200 3723 inde
3234 3668 3318 3738 ip-

107 3776 215 3815 sum
239 3759 588 3826 Psalterium,
627 3764 816 3832 inquo
838 3761 1128 3830 cujuslibet
1146 3762 1338 3831 psalmi
1374 3762 1675 3831 inscriptio,
1708 3770 1799 3816 aut
1834 3762 1927 3816 ubi
1956 3762 2102 3816 nulla
2129 3763 2308 3827 datur,
2339 3763 2498 3817 veluti
2534 3764 2725 3832 psalmi
2755 3763 2936 3833 primi,
2971 3761 3145 3831 prima
3179 3760 3318 3814 linea

106 3856 264 3912 minio
294 3859 500 3929 scripta
525 3867 627 3923 est,
674 3872 774 3912 nec
799 3871 906 3911 non
941 3871 1042 3912 vox
1072 3857 1367 3930 διάψαλμα,
1395 3860 1830 3928 quandocunque
1859 3858 2115 3926 occurrit,
2162 3861 2236 3927 id,
2302 3860 2449 3929 quod
2491 3862 2654 3916 etiam
2687 3862 2752 3915 de
2776 3862 2948 3916 titulis
2976 3862 3225 3926 odarum,
3266 3872 3322 3916 et

107 3952 401 4006 orationum
438 3953 660 4021 psalmis
690 3952 1058 4007 subnexarum
1096 3954 1380 4008 dicendum
1419 3965 1521 4010 est.
1561 3975 1580 4006 ι
1623 3953 1895 4009 Encausto
1939 3965 2138 4019 autem,
2176 3957 2321 4025 quod
2361 3972 2531 4026 genus
2564 3958 2854 4011 atramenti
2884 3967 3004 4011 erat
3061 3959 3317 4028 purpurei

107 4040 289 4095 coloris
323 4057 388 4096 ex
418 4045 560 4096 cocti
585 4043 828 4107 muricis,
859 4043 938 4096 vel
985 4045 1096 4097 triti
1140 4045 1408 4114 conchylii
1439 4060 1632 4098 cruore
1667 4043 2000 4110 confectum,
2035 4054 2094 4100 ut
2125 4047 2330 4101 nemini
2362 4056 2556 4117 printer
2592 4049 2972 4118 imperatorem
3006 4051 3082 4104 uti
3109 4050 3316 4128 liceret,

109 4126 329 4199 illudque
358 4132 576 4198 habere,
621 4144 716 4191 aut
754 4155 1017 4208 quaerere.
1055 4142 1170 4210 lege
1217 4152 1435 4196 cautum
1461 4152 1544 4197 est
1570 4159 1598 4197 a
1636 4142 1816 4198 Leone
1844 4143 2170 4213 imperatore
2215 4145 2270 4199 in
2322 4147 2705 4206 constitutione
2737 4150 3013 4205 Hilariano
3057 4126 3320 4222 magistro

109 4223 414 4296 ofﬁciorum,
446 4241 501 4284 et
528 4235 756 4302 patricio
789 4237 1048 4307 inscripta
1076 4238 1210 4306 (74).
1239 4239 1458 4293 Exstant
1485 4239 1781 4294 etiamnum
1811 4240 1864 4294 in
1905 4241 2129 4296 archivo
2151 4245 2314 4298 castri
2359 4242 2542 4298 Sancti
2582 4244 2769 4312 Angeli
2803 4241 3168 4310 professiones
3194 4239 3316 4296 fidei

111 4316 403 4380 Graecorum
453 4328 841 4398 imperatorum
893 4331 1081 4388 Graece
1109 4343 1342 4398 tantum,
1373 4334 1456 4387 vel
1483 4333 1668 4392 Grmce
1719 4345 1774 4389 et
1827 4333 2017 4391 Latine
2053 4338 2107 4392 in
2135 4337 2320 4392 charta
2361 4353 2683 4408 pergamcna
2732 4337 2963 4406 scripta,
3020 4350 3318 4405 eorumque

111 4431 256 4471 manu
290 4433 552 4478 encausto
586 4427 923 4496 subscripta,
972 4445 1108 4498 quas
1157 4429 1220 4482 ad
1252 4427 1552 4484 Romanam
1586 4431 1792 4501 sedem,
1833 4445 2092 4504 tanquam
2122 4433 2187 4487 ad
2223 4442 2383 4502 caput
2427 4435 2587 4488 totius
2627 4432 2903 4487 catholica:
2933 4429 3184 4486 Ecclesiae
3216 4431 3318 4485 mi-

113 4527 282 4572 serunt
315 4540 327 4575 :
368 4523 460 4576 sed
509 4537 574 4577 eo
606 4535 861 4590 revertor,
893 4526 1034 4580 unde
1071 4525 1345 4595 digressus
1382 4544 1523 4582 sum.

171 4605 372 4664 XXXII.
419 4611 701 4670 Neminem
737 4617 803 4670 ad
835 4629 1034 4671 temere
1061 4616 1473 4686 abjudicandam
1505 4634 1698 4688 magno
1742 4621 2045 4675 Athanasio
2076 4630 2315 4676 nostram
2350 4621 2756 4693 metaphrasim,
2786 4635 2880 4674 seu
2907 4621 3321 4677 translationem

114 4710 168 4748 rx
194 4715 253 4753 eo
277 4705 604 4758 commoveri
632 4707 816 4770 velim,
850 4705 995 4776 quod
1027 4705 1078 4758 in
1112 4720 1172 4758 ea
1206 4721 1311 4758 non
1364 4709 1613 4776 leguntur
1655 4723 1775 4774 qua:
1803 4724 1866 4762 ex
1915 4708 1973 4764 S.
2021 4709 2325 4764 Athanasio
2367 4710 2548 4764 laudat
2580 4707 2637 4763 S.
2671 4708 2975 4764 Germanus
3010 4711 3318 4778 patriarcha

113 4790 611 4869 ilierosolymitanus
651 4804 703 4856 in
732 4804 963 4873 epistola
994 4803 1059 4856 ad
1094 4800 1357 4856 Thomam
1391 4804 1443 4857 in
1469 4805 1612 4857 hunc
1639 4806 1857 4858 modum
1887 4805 1999 4876 (75)
2030 4824 2043 4859 :
2086 4825 2104 4857 ‹
2145 4805 2344 4861 Beatus
2368 4807 2698 4862 Athanasius
2723 4807 2851 4860 illud
2889 4806 3081 4876 psalmi
3111 4805 3313 4862 dictum

114 4885 451 4958 interpretans
509 4915 520 4949 :
569 4896 672 4961 Qui
725 4897 869 4952 sedes
939 4914 1094 4965 super
1143 4897 1446 4962 cherubim,
1503 4913 1736 4968 appara,
1793 4901 1953 4956 talem
2029 4901 2095 4956 de
2157 4903 2264 4957 illis
2311 4902 2532 4956 tradidit
2579 4903 3007 4972 intelligentiam.
3059 4901 3125 4956 Et
3172 4912 3316 4958 certe

114 4977 307 5036 illorum
338 4986 624 5043 cherubim
657 4990 976 5060 principalia
1002 4990 1283 5062 ἀρχέτυπα
1309 4992 1489 5060 ignota
1515 5001 1642 5046 sunt
1675 4994 2002 5049 omnimodis
2046 5003 2239 5049 natura
2277 4995 2587 5050 hominibus
2621 5015 2633 5049 :
2671 4996 2890 5065 Spiritus
2929 4997 3072 5050 enim
3103 5005 3156 5049 et
3178 4994 3315 5064 ignis

114 5074 384 5143 exsistunt,
417 5083 562 5135 etab
593 5084 739 5138 omni
778 5083 1043 5152 corporali
1070 5082 1393 5138 formatione
1423 5094 1584 5154 atque
1612 5097 1804 5140 natura
1837 5097 2116 5142 extranea.
2157 5108 2175 5141 ι
2208 5087 2264 5142 Si
2295 5098 2475 5143 autem
2516 5089 2629 5143 haec
2655 5088 2905 5144 Germani
2941 5089 3099 5143 verba
3127 5091 3311 5145 consi~

117 5166 368 5237 darentur,
406 5177 628 5232 evidens
656 5188 758 5244 est,
799 5195 922 5234 cum
963 5178 1183 5231 minime
1212 5179 1496 5243 allirmare,
1529 5195 1646 5250 qua:
1677 5196 1740 5235 ex
1779 5180 1834 5235 S.
1871 5183 2169 5238 Athanasio
2202 5184 2406 5249 laudat,
2451 5183 2518 5236 ab
2554 5200 2619 5238 eo
2655 5186 2708 5238 in
2750 5188 3136 5240 commentario
3162 5202 3315 5257 super

179 5395 280 5483 (Ξῖ)
313 5397 842 5483 (ξιπιξειτιιοιηξιςηξῃ
871 5404 1022 5473 ριίυΐ.
1050 5405 1286 5483 ad‘Psal;
1313 5423 1449 5463 vers.
1488 5410 1645 5475 dist.;
1689 5409 1843 5466 Mart.
1882 5411 2091 5483 Proleg.
2125 5431 2199 5479 tv,
2224 5415 2275 5468 in
2310 5414 2450 5468 Bibl.
2500 5415 2557 5468 S.
2631 5413 2815 5482 ilicr.;
2862 5413 3033 5469 Vales.
3099 5416 3152 5469 in
3198 5426 3308 5471 not.

119 5459 383 5539 εάςξμδιτιι.
425 5470 563 5523 Hist.
594 5472 742 5529 ραι,
769 5459 966 5539 Ιίὶ).’γι,
999 5492 1046 5529 c.
1084 5479 1163 5529 to.

307 5537 499 5620 .‘Ipanti.
534 5540 662 5620 liii-Ii.
693 5540 853 5620 εφη.
887 5533 1031 5620 Prol.
1057 5548 1125 5598 ad
1161 5546 1266 5620 νέες.
1295 5548 1425 5620 Τιέδιζ
1480 5549 1615 5620 LXX
1659 5548 1784 5620 lutet

1005 5546 1031 5598 ῐ.
1057 5548 1125 5598 ad
1161 5546 1266 5620 νέες.
1295 5548 1425 5620 Τιέδιἐ
1480 5549 1615 5620 LXX
1659 5548 1883 5620 interpr.
1914 5567 1976 5602 ex
2011 5549 2138 5602 Cod.
2165 5553 2314 5608 Alex.
2341 5567 2392 5605 c.
2425 5552 2472 5610 «Ι.
2508 5551 2534 5620 ς
2565 5552 2611 5606 1.

310 5607 506 5690 ρίηὶιὶηε
544 5613 623 5689 De
652 5613 886 5690 re_dipt.,
1044 5631 1155 5690 th.
1189 5618 1274 5690 i0,
1310 5635 1363 5672 n.
1396 5618 1466 5680 5;
1504 5602 2314 5690 Montl‘anc.'I’olwograph;
2347 5602 2390 5688 t,

310 5674 430 5757 lfeg.
468 5679 623 5757 Sacri
658 5673 883 5757 affatus,
906 5684 1036 5736 Cod.
1070 5673 1349 5757 Dedit‘ers.
1389 5673 1619 5757 rescript.

181 5741 278 5811 (75)
307 5741 413 5803 Act.
455 5765 503 5802 tv
536 5741 843 5806 Consi-Nic.
864 5741 936 5817 iu,
965 5763 1092 5808 tom.
1126 5753 1188 5807 IV
1220 5755 1417 5809 Conril.
1449 5741 1775 5828 Ilard.,pag.
1798 5756 1919 5811 258.
