4090 6312
195 370 297 428 637
830 375 914 432 DE
953 373 1230 430 TlTULIS
1267 374 1708 430 PSALMORUM.
1749 406 1817 416 —
1854 375 2244 433 ANTONELLI
2292 378 2675 436 PREFATIO.
3306 376 3406 435 638

195 489 430 546 inscitiae
463 492 640 561 arguit
677 490 1011 557 Nestorium,
1056 495 1147 564 qui
1199 494 1338 548 hanc
1372 508 1555 546 vocem
1601 493 1859 547 Θεοτόκον
1891 502 2144 566 tanquam
2174 511 2366 550 novam
2399 497 2696 566 rejiciebat,
2739 498 2994 568 quoniam
3024 496 3210 552 eadem
3251 509 3407 549 usum

197 581 366 637 fuisse
399 582 937 657 alllrmatOrigenem
963 595 1016 640 et
1060 584 1351 640 Eusebium
1401 585 1814 641 Caesariensem.
1862 586 2109 643 Profecto
2163 589 2351 644 eadem
2406 605 2505 645 vox
2533 589 2727 660 legitur
2776 591 2829 644 in
2876 588 3113 660 Epistola
3167 587 3410 657 Dionysii

195 671 567 740 Alexandrini,
601 690 761 743 quam
794 675 1040 729 adversus
1066 673 1296 729 Paulum
1351 673 1750 730 Samosatennm
1773 678 2008 746 scripsit,
2041 688 2095 732 et
2148 679 2202 732 in
2232 679 2460 749 epistola
2517 696 2680 751 quam
2737 683 2985 735 adversus
3025 682 3139 734 Arii
3171 680 3411 734 haeresim

197 763 501 816 Alexander
528 763 868 818 Alexandriae
899 765 1209 834 episcopus,
1239 773 1294 818 et
1321 764 1598 818 Athanasii
1631 766 1683 819 in
1728 767 2089 823 Alexandrina
2122 771 2250 825 sede
2291 771 2657 840 praedecessor
2692 771 2758 826 ad
2790 773 3099 842 episcopum
3142 770 3414 826 Constan—

197 853 630 923 tinopolitanum,
671 856 1047 923 cognominem
1089 871 1268 922 suum,
1306 859 1546 926 aliosque
1579 859 1860 927 episcopos
1889 863 2150 916 adversus
2186 861 2374 915 Arium
2424 861 2652 933 ejusque
2682 877 2894 917 errores
2926 863 3103 928 misit';
3151 877 3273 932 quae
3307 861 3414 914 uti-

196 961 322 1014 que,
351 956 610 1016 quantum
640 963 740 1018 ego
778 963 993 1013 censeo,
1024 951 1222 1019 scripta
1260 960 1343 1005 est
1385 952 1453 1005 ab
1502 955 1619 1020 ipso
1649 952 1966 1020 Athanasio,
2001 971 2110 1022 quo
2141 955 2445 1024 defensore,
2478 966 2551 1022 et,
2585 966 2644 1011 ut
2683 957 2758 1011 ita
2796 957 2994 1024 dicam,
3027 956 3281 1012 catholici
3314 955 3412 1010 do—

197 1043 392 1112 gmatis
415 1044 672 1098 advocato
694 1054 746 1100 et
771 1054 998 1115 patrono
1029 1046 1081 1099 in
1109 1044 1322 1101 Nieaena
1371 1049 1576 1118 synodo
1620 1049 1733 1118 ipse
1761 1049 2066 1105 Alexander
2098 1068 2231 1107 usus
2279 1061 2392 1118 est;
2445 1069 2564 1107 cum
2620 1054 2761 1108 enim
2796 1052 3164 1109 archidiaconi
3212 1065 3412 1105 munus

196 1135 249 1188 in
283 1133 523 1188 Ecclesia
555 1135 912 1190 Alexandrina
958 1137 1245 1202 obtineret,
1293 1139 1584 1193 verisimile
1617 1149 1702 1195 est
1743 1141 1904 1195 etiam
1953 1143 2360 1198 scribendarum
2410 1145 2758 1214 epistolarum
2803 1162 2989 1201 curam
3028 1146 3100 1212 ei,
3132 1146 3244 1215 qui,
3279 1153 3415 1200 teste

196 1228 408 1284 Ruflino
443 1230 574 1297 (Π),
619 1231 907 1285 Alexandri
937 1233 1174 1302 episcopi
1206 1235 1450 1289 consiliis
1485 1237 1690 1301 aderat,
1717 1238 2099 1293 demandatam
2131 1238 2319 1294 fuisse.
2357 1238 2612 1295 Profecto
2646 1242 2929 1312 epistolam
2956 1240 3100 1294 illam
3136 1247 3409 1294 auctorem

196 1324 396 1377 habere
419 1322 790 1387 Athanasium,
822 1338 940 1377 eam
987 1333 1190 1378 attente
1226 1325 1614 1390 consideranti,
1646 1336 1700 1381 et
1733 1342 1856 1380 cum
1894 1328 2016 1383 aliis
2068 1330 2351 1384 Athanasii
2385 1331 2643 1400 operibus
2687 1330 2985 1386 conferenti
3015 1329 3169 1383 facile
3192 1342 3412 1398 persua-

194 1415 430 1470 debitur.
467 1414 570 1468 Sed
602 1416 818 1468 demum
849 1416 950 1469 hac
979 1415 1046 1469 de
1075 1432 1134 1470 re
1180 1418 1326 1470 nulla
1363 1417 1415 1470 in
1465 1418 1771 1489 cujuspiam
1806 1420 1990 1474 animo
2025 1422 2291 1476 dubitatio
2336 1423 2571 1478 insidere
2615 1433 2810 1493 potest,
2840 1424 2883 1478 si
2910 1424 3050 1478 edita
3084 1421 3140 1477 S.
3175 1421 3412 1491 episcopi

193 1523 357 1576 opera
399 1508 731 1576 inspexerit;
766 1509 1012 1578 pluribus
1039 1510 1184 1564 enim
1221 1511 1274 1564 in
1304 1511 1440 1567 locis
1481 1513 1701 1567 Mariam
1739 1513 2019 1584 Virginem
2056 1516 2314 1570 Θεοτόκον
2341 1525 2616 1586 nuncupat
2657 1517 3004 1573 beatissimus
3041 1513 3410 1581 Athanasius;

195 1601 269 1654 ita
318 1601 372 1654 in
401 1600 644 1655 oratione
699 1603 854 1656 tertia
886 1612 940 1656 et
962 1611 1158 1674 quarta
1209 1613 1400 1659 contra
1463 1605 1716 1674 Arianos,
1758 1606 1814 1660 in
1859 1607 2002 1663 libro
2034 1607 2110 1662 De
2158 1607 2552 1677 Incarnatione,
2609 1617 2664 1665 et
2714 1612 2766 1665 in
2797 1610 2934 1665 libro
2984 1620 3164 1663 contra
3207 1604 3411 1676 Apolli-

192 1706 432 1744 narrum.

264 1777 504 1836 XXXIV.
534 1779 591 1835 Si
616 1781 738 1851 quis
766 1798 893 1838 vero
925 1785 1055 1839 mihi
1089 1787 1360 1857 negotium
1393 1786 1658 1842 facessere
1682 1788 1846 1856 velit,
1875 1791 2210 1859 persuadens
2240 1792 2343 1847 sibi
2375 1794 2824 1848 commentarium
2843 1831 2858 1856 ,
2889 1807 2980 1847 seu
3015 1788 3412 1858 interpretatio-

194 1889 341 1950 nem,
373 1877 547 1944 quade
572 1877 766 1947 agitur,
794 1879 1033 1949 sequiori
1053 1890 1208 1935 aetate
1236 1883 1490 1951 scriptam
1514 1881 1684 1937 fuisse
1708 1899 1774 1937 ex
1801 1883 1869 1938 iis
1887 1899 2009 1954 quae
2034 1887 2285 1940 adnotata
2313 1896 2606 1942 occurrunt
2628 1887 2683 1940 in
2715 1894 3091 1956 argumentum
3122 1881 3312 1951 psalmi
3337 1896 3411 1944 γι,

192 1975 247 2020 et
279 1965 408 2020 alibi
439 1967 495 2020 iu
525 1967 670 2023 hunc
698 1972 953 2028 modum:
990 1991 1009 2023 ι
1037 1971 1250 2028 Titulus
1278 1974 1596 2043 praepositus
1620 1975 1858 2029 continet
1907 1975 2014 2029 :In
2047 1977 2204 2046 finem
2245 1981 2296 2031 in
2331 1979 2536 2049 hymnis
2585 1995 2678 2048 pro
2728 1987 2909 2031 octava
2944 1975 3188 2029 l’salmus
3227 1971 3411 2027 David.

192 2060 310 2117 lloc
339 2072 516 2118 autem
547 2065 842 2135 signiﬁcat:
874 2067 930 2122 ln
977 2071 1300 2125 saeculorum
1335 2070 1803 2125 consummatione
1834 2073 2006 2126 sancti
2059 2074 2361 2143 rogabunt,
2395 2083 2455 2128 ut
2491 2073 2784 2128 liberentur
2822 2087 2851 2126 a
2900 2069 3137 2141 judicio,
3176 2075 3230 2123 et
3265 2066 3412 2134 digni

191 2159 325 2211 tiant
343 2168 555 2214 teterna:
580 2163 837 2219 mercedis
866 2166 1252 2221 retributione:
1287 2179 1437 2222 sexto
1468 2167 1610 2220 enim
1637 2168 1835 2223 saeculo
1855 2180 2263 2225 consummatur
2289 2170 2558 2224 mundus:
2586 2169 2813 2239 septimo
2837 2177 3014 2221 autem
3041 2166 3226 2220 orbem
3259 2171 3413 2216 terrm

185 2251 400 2319 judicat
428 2251 722 2309 Dominus:
757 2265 945 2310 octavo
969 2273 1095 2312 vero
1123 2258 1176 2310 hi
1206 2259 1404 2312 abeunt
1431 2258 1484 2311 in
1510 2259 1674 2313 vitam
1698 2269 1975 2323 aeternam,
1999 2271 2052 2314 et
2081 2261 2133 2313 hi
2169 2261 2219 2313 in
2251 2261 2573 2329 supplicium
2607 2272 2887 2314 mternum.
2921 2258 3208 2328 PrOpterea
3237 2255 3414 2309 dictus

189 2355 276 2400 est
309 2348 606 2416 psalmus:
644 2348 711 2402 In
751 2351 905 2419 ﬁnem
935 2356 990 2405 in
1017 2353 1222 2422 hymnis
1255 2369 1347 2418 pro
1375 2363 1575 2419 octava,
1611 2370 1676 2410 eo
1720 2333 1862 2424 quod
1912 2357 2208 2410 liberentur
2251 2355 2425 2410 sancti
2469 2356 2523 2408 in
2551 2363 2773 2420 octava;
2800 2373 2817 2404 ι
2844 2354 2895 2408 id
2924 2369 2954 2406 a
2982 2368 3067 2406 me
3097 2362 3414 2419 responsum

189 2438 361 2504 ferat,
396 2449 604 2495 tantum
635 2445 856 2507 abesse,
883 2453 940 2497 ut
976 2446 1102 2498 hinc
1123 2445 1322 2514 aliquid
1351 2455 1539 2501 contra
1568 2463 1628 2502 ea
1650 2462 1770 2516 quae
1795 2448 1860 2502 de
1884 2455 2104 2501 auctore
2131 2445 2502 2501 commentarii
2534 2444 2764 2499 disserui
2788 2484 2804 2508 ,
2836 2443 3013 2510 colligi
3038 2441 3242 2509 possit,
3279 2438 3414 2507 quin

189 2535 378 2602 potius
401 2535 642 2604 ejusdem
669 2538 964 2608 antiquitas
993 2548 1288 2594 astruatur.
1317 2539 1501 2611 Neque
1526 2543 1668 2596 enim
1695 2551 1903 2596 veteres
1933 2541 2118 2596 Patres
2144 2542 2248 2595 alia
2284 2542 2492 2595 ratione
2522 2540 2684 2594 locuti
2717 2545 2844 2592 sunt
2869 2537 2935 2590 de
2967 2534 3234 2597 Sabbato,
3269 2539 3321 2584 ct
3346 2531 3416 2584 de

188 2625 429 2693 Octava,
463 2629 604 2684 etde
630 2631 850 2698 psalmis
883 2632 976 2701 qui
1026 2635 1131 2688 Pro
1159 2645 1340 2689 octava
1375 2636 1763 2690 inscribuntur.
1800 2636 1875 2689 lta
1910 2636 2126 2705 quidem
2161 2634 2216 2688 S.
2253 2633 2528 2688 Barnabas
2577 2633 2629 2686 in
2685 2647 2780 2686 sua
2829 2629 3067 2700 Epistola
3113 2624 3412 2689 catholica,

190 2720 219 2791 θ
260 2721 330 2773 15
350 2761 364 2785 ,
391 2721 482 2775 ubi
513 2721 751 2792 loquitur
777 2724 843 2779 de
876 2725 1111 2780 Sabbato
1135 2728 1358 2796 ejusque
1394 2728 1853 2793 sanctificatione;
1877 2736 1930 2780 et
1959 2727 2011 2780 in
2047 2728 2192 2781 notis
2224 2727 2290 2780 ad
2323 2726 2484 2779 verba
2529 2724 2770 2794 ejusdem
2815 2722 3070 2792 Epistolte
3117 2718 3414 2773 Cotelerius

189 2813 349 2867 aﬁ'ert
372 2829 438 2868 ex
472 2815 656 2871 codice
685 2819 1054 2887 manuscripto
1083 2819 1441 2888 fragmentum
1475 2819 1719 2874 Graecum
1755 2820 1812 2874 S.
1843 2819 2052 2884 lrenzei,
2080 2820 2235 2889 cujus
2269 2819 2454 2880 verba,
2483 2832 2606 2871 cum
2635 2814 2921 2870 admodum
2956 2811 3152 2866 similia
3195 2809 3304 2862 sint
3347 2805 3414 2862 iis

187 2925 314 2983 quae
345 2910 400 2964 in
434 2920 618 2966 nostro
639 2916 1031 2972 commentario
1061 2914 1344 2983 leguntur,
1378 2930 1484 2970 non
1519 2916 1752 2973 alienum
1780 2917 1883 2972 erit
1909 2933 1938 2971 a
1973 2933 2031 2971 re
2066 2929 2248 2972 nostra
2280 2915 2468 2970 Latine
2503 2915 2706 2969 reddita
2742 2913 2844 2966 hoc
2873 2911 2992 2963 loco
3025 2907 3236 2962 afferre.
3263 2907 3320 2959 lu
3347 2922 3413 2960 eo

187 3002 435 3073 quidem,
471 3003 643 3057 allatis
671 3003 964 3073 Scripturae
985 3007 1163 3061 verbis
1194 3022 1260 3063 ex
1282 3009 1456 3077 capite
1487 3009 1724 3064 secundo
1751 3009 1996 3072 Genesis,
2029 3010 2141 3062 haec
2165 3007 2503 3061 subduntur:
2540 3025 2557 3056 τ
2582 3004 2694 3059 Hoc
2724 3013 2902 3058 autem
2933 3010 3091 3057 estet
3119 2999 3412 3055 autefacto—

187 3113 313 3150 rum
345 3096 580 3150 narratio
619 3107 673 3151 et
694 3095 998 3156 futurorum
1023 3101 1323 3170 prophetia.
1357 3101 1452 3156 Est
1481 3102 1624 3156 enim
1646 3103 1759 3156 dies
1789 3100 2000 3155 Domini
2027 3102 2180 3170 quasi
2210 3099 2356 3154 mille
2381 3100 2528 3153 anni.
2558 3099 2614 3153 ln
2644 3115 2735 3153 sex
2761 3098 2922 3168 igitur
2942 3096 3132 3150 diebus
3154 3111 3411 3150 consum-

188 3195 340 3238 mata
373 3194 499 3238 sunt
527 3200 646 3256 qua:
676 3185 817 3243 facta
851 3199 994 3245 sunt.
1026 3192 1368 3248 Manifestum
1395 3208 1525 3262 ergo
1553 3201 1636 3247 est
1680 3194 1934 3263 quoniam
1967 3194 2364 3248 consummatio
2400 3193 2640 3261 ipsorum
2675 3202 2858 3247 sextus
2890 3191 3208 3244 millesimus
3239 3203 3411 3242 annus

186 3289 290 3333 est.
325 3277 394 3332 Et
419 3281 643 3349 septima
673 3282 758 3337 die
788 3283 972 3338 orbem
991 3285 1235 3353 judicat:
1269 3294 1324 3340 et
1345 3295 1533 3340 octava
1553 3327 1568 3351 ,
1596 3301 1716 3355 quae
1747 3295 1831 3341 est
1859 3285 2100 3340 futurum
2127 3285 2384 3340 saeculum
2409 3323 2424 3348 ,
2460 3285 2595 3337 alios
2625 3283 2841 3352 quidem
2890 3283 3052 3335 tradit
3094 3281 3148 3333 in
3194 3295 3407 3348 pmuam

186 3377 488 3433 aeternam,
523 3370 657 3425 alios
685 3371 740 3426 in
761 3373 948 3427 vitam.
979 3371 1208 3444 Pr0pter
1233 3375 1336 3430 hoc
1376 3375 1504 3430 dicti
1561 3385 1686 3430 sunt
1737 3376 1928 3444 psalmi
1958 3376 2068 3429 Pro
2119 3385 2322 3428 Octava.
2369 3372 2564 3426 Eadem
2607 3374 2856 3441 leguntur
2893 3373 2946 3427 in
2983 3371 3201 3441 antiqua
3246 3370 3410 3425 inter-

189 3467 496 3532 pretatione
527 3465 714 3521 Latina
746 3468 868 3523 libri
909 3469 1081 3538 quinti
1116 3471 1364 3524 adversus
1395 3471 1611 3526 hereses
1647 3470 1888 3540 ejusdem
1928 3471 2111 3525 lraenci
2142 3469 2291 3538 (78):
2326 3468 2379 3520 in
2431 3468 2673 3522 eamdem
2723 3467 3044 3522 sententiam
3079 3465 3237 3519 verba
3284 3463 3412 3518 facit

187 3558 456 3630 Origenes
484 3562 538 3615 in
567 3564 703 3616 libro
740 3573 923 3616 contra
946 3563 1154 3618 Celsum
1183 3565 1294 3635 (79)
1318 3584 1332 3631 ;
1365 3565 1679 3636 Hippolytus
1703 3566 1842 3633 apud
1868 3565 2115 3619 Photium
2147 3563 2294 3632 (80);
2331 3573 2522 3617 auctor
2554 3563 2916 3628 Qurestionum
2945 3572 2994 3614 et
3024 3560 3408 3627 responsionum

191 3654 337 3706 inter
366 3668 528 3722 opera
561 3652 757 3708 Justini
789 3652 1034 3725 Martyris
1060 3655 1171 3725 (81)
1194 3694 1208 3718 ,
1234 3665 1287 3710 et
1315 3656 1624 3710 Lactantius
1654 3657 1790 3709 libro
1819 3657 2048 3724 septimo
2078 3655 2478 3710 Institutionum
2510 3657 2620 3723 (82)
2647 3672 2662 3719 ;
2691 3657 2884 3722 quibus
2915 3650 3142 3705 addendi
3180 3657 3306 3704 sunt
3341 3665 3406 3702 ex

191 3750 408 3806 Latinis
437 3751 496 3805 S.
521 3750 877 3825 Hieronymus
901 3752 954 3807 in
991 3754 1215 3823 epistola
1243 3753 1310 3807 ad
1356 3751 1717 3824 Cyprianum;
1756 3753 1813 3807 S.
1849 3754 2186 3823 Augustinus
2222 3756 2294 3811 De
2325 3759 2532 3810 civitate
2575 3750 2671 3803 Dei
2707 3750 2852 3820 (85).
2896 3756 2948 3802 et
2995 3748 3047 3800 in
3090 3745 3410 3815 expositione

189 3842 390 3904 Ρωιωὶ
419 3843 586 3907 sexti;
615 3845 976 3901 Cassiodorus
1007 3846 1059 3899 in
1092 3845 1230 3898 libro
1263 3844 1542 3898 Variarum
1571 3844 1721 3913 (84):
1750 3860 1814 3899 ex
1844 3844 2045 3899 Graecis
2065 3855 2242 3900 autem
2276 3846 2332 3900 S.
2365 3845 2652 3916 Gregorius
2679 3841 3049 3897 Nazianzenus
3081 3840 3133 3893 in
3165 3838 3409 3893 oratione

191 3939 248 3989 in
276 3949 520 3992 sanctum
542 3937 900 4004 Pentecosten,
928 3955 1050 4009 qua:
1089 3952 1171 3994 est
1203 3940 1615 4008 quadragesima
1642 3949 1834 4009 quarta
1870 3940 2009 3993 inter
2039 3940 2245 4006 editas;
2278 3941 2541 3996 Eusebius
2563 3937 2910 3995 Cresariensis
2943 3937 2994 3988 in
3019 3930 3408 3988 commentario

190 4040 251 4091 an
281 4029 546 4095 psalmum
569 4045 617 4082 vr
642 4048 656 4095 ;
689 4040 878 4085 auctor
907 4029 1245 4097 expositionis
1275 4029 1329 4081 in
1352 4027 1591 4082 Psalmos
1619 4044 1648 4082 a
1673 4028 1924 4082 Patribus
1950 4027 2311 4084 Benedictinis
2340 4028 2396 4083 S.
2426 4029 2724 4084 Athanasio
2745 4026 2988 4094 ascripta:
3015 4023 3067 4075 in
3092 4029 3409 4089 argumento

195 4119 392 4188 psalmi
415 4119 581 4186 sexti;
610 4118 667 4174 S.
701 4119 939 4176 Joannes
966 4120 1330 4175 Damasceuus
1372 4120 1424 4173 in
1449 4119 1694 4189 _homilia
1729 4119 1802 4174 De
1837 4120 2298 4188 tramﬁguratione
2330 4122 2572 4186 Domini,
2605 4130 2658 4174 et
2698 4119 2774 4173 De
2804 4119 2907 4187 [itte
2933 4115 3220 4168 orthodoxa
3255 4113 3406 4184 (85);

194 4211 400 4279 aliique
431 4211 720 4280 scriptores
753 4221 866 4267 tum
898 4212 1069 4268 Graeci
1093 4251 1108 4276 ,
1139 4222 1251 4266 tum
1285 4212 1480 4267 Latini.
1516 4209 1721 4266 Horum
1753 4220 1932 4266 autem
1960 4211 2140 4267 verbis
2171 4213 2423 4280 omissis,
2459 4229 2524 4266 ne
2566 4212 2777 4280 longior
2824 4211 2928 4263 sim
2960 4223 3122 4278 quam
3166 4219 3406 4281 oportet,

195 4304 374 4360 solum
399 4302 503 4358 hoc
532 4304 648 4358 loco
678 4303 894 4358 aﬂ‘eram
931 4319 1052 4373 quae
1075 4304 1260 4359 eadem
1289 4305 1354 4358 de
1378 4318 1437 4357 re
1462 4304 1648 4357 scribit
1681 4302 1738 4355 S.
1773 4300 2010 4358 Jacobus
2034 4301 2323 4359 Nisibenus
2347 4304 2652 4372 episcopus,
2679 4303 2771 4371 qui
2802 4309 2956 4356 aetate
2990 4304 3163 4369 major
3190 4305 3406 4372 quidem

195 4396 504 4451 Athanasio
537 4395 658 4457 fuit,
692 4395 785 4450 sed
813 4411 937 4450 cum
966 4411 1054 4461 eo,
1079 4395 1207 4450 dum
1240 4396 1418 4451 adhuc
1438 4394 1813 4448 Alexandrinae
1844 4393 2096 4450 Ecclesia
2123 4395 2384 4450 diaconus
2408 4403 2570 4457 esset,
2595 4393 2649 4446 in
2674 4390 2887 4447 Nicaena
2919 4381 3122 4464 synodo
3144 4393 3404 4447 interfuit.

198 4484 332 4554 Ejus
360 4498 551 4553 opera,
583 4484 742 4554 digna
766 4484 983 4555 quidem
1014 4501 1134 4554 quae
1161 4487 1215 4540 in
1239 4486 1412 4539 lucem
1437 4485 1720 4554 prodeant,
1749 4499 1856 4538 non
1882 4485 2058 4540 adhuc
2081 4486 2218 4555 typis
2242 4486 2500 4554 impressa
2531 4494 2675 4550 sunt,
2706 4494 2758 4538 et
2782 4500 2811 4538 a
2831 4483 3072 4552 pluribus
3089 4485 3407 4540 clarissimis

195 4577 560 4649 scriptoribus
590 4586 844 4647 tanquam
876 4578 1080 4647 perdita
1108 4578 1494 4647 deplorantur;
1523 4578 1615 4632 sed
1647 4577 1787 4646 apud
1819 4583 1936 4643 me,
1964 4586 2018 4632 et
2061 4579 2186 4632 alibi
2233 4577 2466 4632 fortasse
2507 4578 2868 4646 manuscripta
2902 4580 3167 4633 exsistunt
3223 4579 3404 4648 lingua

196 4675 460 4728 Armena.
490 4670 723 4743 Operum
757 4684 938 4728 autem
963 4672 1021 4726 S.
1050 4670 1239 4727 Jacobi
1271 4688 1337 4728 ex
1369 4673 1609 4743 antiquis
1634 4673 1994 4741 scriptoribus
2012 4715 2027 4740 ,
2056 4673 2189 4728 ut'id
2212 4674 2386 4728 obiter
2410 4677 2726 4728 admoneam
2751 4712 2765 4737 ,
2796 4673 3038 4726 meminit
3063 4671 3405 4736 Gennadius,

197 4768 293 4837 qui
323 4767 447 4821 ideo
473 4777 624 4836 putat
664 4767 718 4821 in
747 4767 998 4838 Catalogo
1019 4767 1489 4822 ecclesiasticarum
1519 4770 1833 4836 scriptorum
1861 4769 1928 4824 de
1975 4769 2079 4824 illis
2122 4767 2182 4823 Β.
2231 4769 2618 4841 Hieronymum
2669 4769 2991 4822 mentionem
3033 4781 3141 4820 non
3177 4766 3369 4820 fecisse
3391 4808 3406 4833 ,

197 4860 330 4929 quia
358 4859 601 4913 nondum
634 4875 664 4913 e
689 4858 824 4930 Syro
853 4875 1107 4915 sermone
1137 4859 1191 4913 in
1222 4860 1383 4914 aliam
1415 4861 1653 4931 linguam
1676 4875 1830 4917 versa
1862 4860 2095 4917 fuerant.
2136 4860 2305 4917 Verba
2347 4871 2523 4917 autem
2557 4859 2822 4915 Genuadii
2851 4859 2974 4914 talia
3007 4866 3170 4914 sunt:
3211 4877 3229 4908 ι
3254 4856 3406 4912 Hunc

197 4955 378 5008 virum
413 4954 472 5008 Β.
530 4954 886 5028 Hieronymus
931 4958 985 5010 in
1032 4958 1170 5013 libro
1209 4957 1520 5029 Χρονικῶν,
1565 4957 1708 5012 velut
1742 4973 2057 5028 magnarum
2096 4959 2353 5015 virtutum
2397 4959 2669 5016 hominem
2721 4957 3036 5016 nominans,
3068 4955 3122 5007 in
3153 4952 3405 5021 Catalogo

195 5047 521 5114 scriptorum
551 5061 648 5099 cur
677 5064 780 5102 non
815 5049 1086 5118 posuerit,
1118 5048 1276 5104 facile
1306 5048 1684 5103 excusabitur:
1720 5048 1763 5103 si
1799 5051 2201 5108 consideremus
2242 5053 2386 5121 ipsos
2427 5059 2570 5115 tres,
2631 5049 2712 5104 vel
2745 5054 2975 5116 quatuor
3024 5041 3220 5115 Syros,
3265 5059 3403 5114 quos

270 5183 389 5248 (Π)
427 5183 566 5236 "ist.
592 5183 719 5236 eccl.
752 5185 846 5238 lib.
876 5203 913 5248 l,
952 5202 1000 5239 c.
1030 5185 1083 5238 5.

271 5253 390 5323 (78)
426 5253 544 5323 Lib.
577 5270 627 5318 ν,
668 5269 785 5323 cap.
819 5257 910 5317 9.8,
934 5257 1024 5309 9.9.

271 5321 390 5390 (79)
430 5321 548 5374 Lib.
574 5340 632 5379 ll.

268 5392 387 5459 (80)
416 5391 672 5445 Biblioth.
702 5391 820 5444 cod.
853 5407 1048 5446 ccxctt.

270 5461 385 5530 (81)
421 5462 579 5529 Resp.
616 5463 706 5513 7|.

269 5532 385 5669 (82)
424 5533 554 5599 Cap.
580 5531 668 5584 M.

299 5601 391 5669 85)
424 5601 540 5655 Lib.
569 5618 658 5660 xx,

299 5601 391 5669 85)
424 5601 540 5655 Lib.
569 5618 658 5660 xx,
685 5615 734 5654 c.
771 5600 864 5667 l5;
895 5610 947 5654 et
974 5616 1106 5664 xx",
1141 5616 1185 5654 c.
1219 5600 1303 5655 30.

274 5671 389 5738 (84)
414 5669 533 5725 Lib.
570 5689 608 5734 I,
635 5687 720 5738 ep.
753 5670 837 5723 10.

281 5740 397 5813 (85)
432 5739 548 5795 Lib.
585 5757 659 5806 tv,
686 5755 802 5809 cap.
839 5742 925 5796 23.
