4090 6312
735 355 840 406 639
1503 354 1560 409 S.
1602 352 1961 406 ATIIANASH
2003 353 2149 406 UPP.
2217 353 2390 407 PARS
2422 354 2506 408 Ill.
2552 384 2613 396 -
2646 355 3046 415 EXEGETICA.
3851 362 3938 414 640

736 470 948 538 posuit,
986 468 1375 533 interpretatos
1407 468 1457 520 in
1491 469 1735 522 Graecum
1771 484 1828 521 se
1861 468 2086 536 legisse,
2121 479 2410 533 testatum;
2446 471 2582 522 utnle
2613 483 2823 525 constat
2867 490 2988 526 eum
3037 475 3310 543 ignorasse
3350 477 3440 532 illo
3486 489 3724 547 tempore
3762 477 3936 546 Syram

735 556 971 626 linguam
1006 556 1088 611 vel
1117 556 1350 614 litteras.
1383 557 1447 612 Et
1481 559 1598 630 ideo
1631 560 1806 622 hunc,
1836 561 1928 628 qui
1965 561 2188 614 necdum
2223 561 2274 614 in
2307 562 2466 614 aliam
2512 577 2699 616 versus
2738 575 2820 618 est
2850 566 3119 636 linguam,
3163 569 3400 624 nescisse
3447 571 3785 640 scriptorem.
3823 587 3840 619 ι
3875 569 3938 621 Ita

736 651 1069 709 Gennadius.
1099 654 1177 710 At
1211 673 1338 710 vero
1371 671 1478 725 quo
1510 665 1747 723 tempore
1776 653 2133 726 Ilieronymus
2173 657 2367 711 librum
2395 655 2470 709 De
2499 659 2858 712 ecclesiasticis
2890 662 3223 730 scriptoribus
3253 667 3580 734 composuit,
3609 664 3813 729 optime
3840 663 3936 731 jam

735 748 962 802 callebat
992 748 1238 815 lingUam
1275 749 1572 818 Syriacam.
1604 746 1878 815 Siquidem
1915 763 2034 802 eum
2079 748 2270 800 libruttt
2307 748 2570 810 absolvit,
2598 760 2654 802 ut
2682 751 2794 818 ipse
2825 759 3077 815 testatur,
3116 767 3256 805 anno
3283 755 3490 808 decimo
3514 766 3710 823 quarto
3741 754 3935 822 imperii

737 839 1029 894 Theodosii
1061 842 1180 912 (36)
1205 884 1218 906 ,
1255 843 1354 894 hoc
1386 851 1467 894 est
1500 854 1643 892 anno
1673 839 1883 892 Domini
1917 838 2021 891 592
2053 839 2104 890 in
2157 836 2603 892 Bcthlehemitico
2645 855 2863 896 secessu
2885 884 2898 908 ,
2949 859 3070 896 cum
3100 844 3210 912 jam
3257 854 3398 898 esset
3442 857 3729 914 provectus
3762 856 3935 909 aztate,

737 951 941 990 annutn
971 951 1139 1008 agens
1171 935 1562 1004 sexagesimum
1598 933 1830 988 circiter.
1865 933 2046 1000 Itaque
2082 941 2192 985 tuin
2227 933 2306 985 vel
2335 933 2572 1001 linguam
2611 932 2867 1003 Syrorum
2897 935 3173 999 didicerat,
3199 938 3281 990 vel
3309 953 3602 1006 nunquam,
3635 939 3783 1006 quod
3809 948 3936 992 certe

738 1032 934 1086 falsum
964 1044 1070 1096 est,
1100 1032 1306 1085 didicit.
1337 1031 1414 1082 Ad
1444 1030 1554 1083 hac
1583 1029 1807 1091 accedit,
1838 1028 1976 1095 quod
2005 1028 2183 1095 plures
2212 1044 2384 1082 annos
2417 1039 2705 1098 antequam
2736 1047 2870 1099 opus
2908 1031 2978 1084 De
3009 1033 3371 1086 ecclesiasticis
3405 1034 3746 1102 scriptoribus
3773 1035 3937 1089 absol-

737 1135 902 1188 veret,
940 1143 1066 1183 cum
1094 1126 1370 1181 Hebraicze
1404 1125 1599 1193 lingua:
1625 1125 1866 1177 notitiam
1901 1125 2125 1191 :tdt'pltts
2149 1133 2310 1187 esset,
2343 1123 2715 1178 Chaldazorum
2747 1140 2964 1195 quoque
2989 1127 3286 1181 ediscenda:
3313 1143 3526 1196 operam
3558 1128 3747 1182 sedqu
3781 1127 3934 1184 dedit.

737 1216 945 1289 Lingua
973 1230 1150 1275 autem
1181 1221 1469 1275 Chaldaica
1493 1227 1546 1272 et
1581 1215 1821 1287 Syriaca,
1849 1216 2011 1270 veluti
2045 1217 2281 1284 ejusdem
2316 1216 2510 1286 lingua:
2534 1218 2758 1272 diversae
2793 1219 3026 1283 dialecti,
3057 1221 3188 1273 adeo
3224 1219 3362 1273 inter
3389 1234 3447 1273 se
3479 1218 3663 1272 amnes
3698 1231 3853 1280 sunt,
3888 1226 3936 1269 ut

737 1313 784 1368 si
816 1313 1190 1368 characterum
1220 1311 1585 1366 diversitatem
1609 1350 1624 1374 ,
1656 1325 1748 1363 seu
1787 1309 2086 1362 litterarum
2125 1310 2352 1362 formam
2385 1317 2438 1362 et
2483 1309 2706 1378 figuram
2731 1351 2746 1371 ,
2785 1309 3066 1377 quibusin
3111 1311 3394 1364 scribendo
3437 1311 3668 1365 Chaldasi
3713 1321 3769 1364 et
3830 1310 3936 1381 Syri

741 1412 967 1457 utuntur
992 1443 1006 1466 ,
1044 1411 1098 1457 et
1127 1402 1414 1457 nonnullas
1448 1415 1637 1455 vocum
1665 1399 2072 1452 terminationes
2093 1438 2106 1462 ,
2130 1409 2184 1451 et
2213 1415 2382 1468 pauca
2417 1399 2659 1468 quaedam
2691 1401 2791 1453 alia
2825 1403 2971 1470 parvi
3000 1404 3254 1456 momenti
3283 1403 3517 1472 excipias
3537 1444 3551 1466 ,
3582 1405 3784 1457 eaedem
3816 1419 3936 1471 pene

740 1495 869 1558 sint,
897 1497 1032 1550 adeo
1059 1505 1117 1548 ut
1138 1495 1230 1563 qui
1261 1493 1485 1547 alteram
1511 1507 1575 1546 ex
1606 1492 1690 1544 his
1716 1492 1884 1552 novit,
1917 1488 2074 1544 facile
2101 1499 2384 1560 utramque
2409 1491 2685 1559 intelligat.
2720 1491 2942 1561 Insuper
2970 1495 3143 1562 posito
3162 1496 3320 1548 etiam
3345 1496 3482 1563 quod
3508 1496 3745 1566 linguam
3772 1496 3939 1564 Syria-

738 1605 857 1645 cam
886 1589 1244 1657 Hieronymus
1270 1587 1572 1656 ignoraret,
1605 1595 1780 1638 tamen
1810 1585 1861 1637 itl
1896 1585 2114 1637 minime
2143 1585 2525 1653 impedimento
2547 1602 2666 1640 esse
2700 1597 2940 1655 poterat,
2975 1590 3264 1656 quominus
3298 1591 3362 1644 de
3385 1591 3636 1659 operibus
3671 1592 3728 1647 S.
3766 1592 3937 1648 Jacobi

738 1680 979 1734 Nisibeni
1007 1679 1205 1746 aliquid
1241 1677 1430 1730 litteris
1460 1675 1725 1739 traderet,
1759 1674 2211 1743 quemadmodum
2237 1675 2302 1728 de
2331 1674 2386 1729 S.
2415 1675 2666 1744 Ephrem,
2696 1678 2921 1745 ejusque
2953 1679 3102 1732 libris
3134 1679 3351 1749 Syriace
3387 1682 3600 1750 scriptis
3646 1684 3697 1734 in
3735 1684 3940 1736 laudato

739 1775 990 1845 Catalogo
1029 1775 1318 1827 illustrium
1346 1774 1576 1826 virorum
1611 1773 1936 1826 mentionem
1997 1771 2122 1826 fecit
2163 1773 2214 1824 in
2266 1773 2408 1826 hunc
2437 1775 2678 1827 modum.
2717 1792 2735 1823 ι
2779 1772 2957 1836 Multa,
3006 1774 3220 1842 inquit,
3265 1774 3400 1845 Syro
3441 1791 3688 1830 sermone
3714 1791 3928 1846 compo~

740 1871 866 1924 suit.
891 1889 910 1921 ι
946 1867 1128 1936 Neque
1156 1868 1298 1922 enim
1331 1883 1452 1922 cum
1481 1868 1619 1922 inter
1653 1866 1819 1936 Syros
1844 1867 2088 1937 degeret,
2117 1879 2276 1935 opera
2310 1867 2368 1921 S.
2391 1867 2575 1922 Jacobi
2604 1869 2862 1929 Nisibeni,
2892 1871 2936 1922 si
2971 1871 3148 1939 lingua
3181 1869 3435 1941 Syrorum
3467 1873 3664 1941 scripta
3695 1871 3935 1933 fuissent,

737 1976 800 2014 ac
831 1960 1054 2030 proinde
1086 1959 1154 2010 ob
1183 1958 1420 2011 auctoris
1447 1957 1808 2011 celebritatem
1845 1956 2099 2010 omnibus
2126 1956 2284 2025 vulgo
2311 1967 2435 2010 nota
2457 1967 2667 2022 essent,
2691 1959 2938 2028 ignorare
2962 1975 3082 2013 eum
3112 1961 3350 2029 potuisse
3376 2004 3390 2023 ,
3422 1963 3713 2016 verisimile
3745 1971 3846 2017 est.
3876 1963 3938 2014 At

739 2067 868 2106 vero
903 2067 1008 2106 non
1033 2053 1206 2106 solum
1238 2051 1548 2121 Hieronymi
1571 2059 1724 2104 aetate
1745 2093 1759 2115 ,
1785 2051 1876 2105 sed
1904 2053 2064 2106 etiam
2092 2061 2276 2120 postea
2311 2051 2570 2119 temporis
2602 2053 2740 2120 apud
2790 2051 2954 2123 Syros
2985 2063 3038 2107 et
3071 2053 3411 2124 Syriacarum
3449 2070 3624 2107 rerum
3656 2056 3938 2123 scriptores

738 2147 882 2200 nulla
911 2146 1112 2200 mentio
1137 2155 1219 2200 est
1241 2145 1306 2198 de
1335 2143 1391 2198 S.
1423 2143 1607 2197 Jacobi
1633 2142 1869 2199 Nisibeni
1899 2146 2172 2213 operibus,
2204 2144 2399 2214 quippe
2421 2161 2541 2214 qua:
2571 2146 2636 2199 ab
2670 2147 2784 2214 ipso
2809 2161 2915 2199 non
2950 2145 3190 2216 Syriaca,
3225 2150 3316 2202 sed
3347 2150 3576 2202 Armena
3601 2149 3808 2216 lingua,
3839 2165 3938 2218 qua

737 2243 988 2296 utebatur
1024 2243 1080 2294 S.
1114 2241 1408 2310 Gregorius
1432 2240 1796 2302 llluminator,
1821 2256 1851 2293 a
1881 2255 1990 2309 quo
2019 2250 2236 2309 rogatus
2260 2256 2322 2294 ea
2349 2241 2674 2309 composuit,
2704 2241 2905 2309 scripta
2939 2239 3176 2294 fuerunt.
3203 2241 3385 2310 Itaque
3413 2245 3490 2297 vel
3521 2242 3774 2297 mendum
3815 2244 3943 2297 irre.

739 2334 845 2402 psit
873 2333 926 2386 in
951 2342 1155 2386 textum
1193 2332 1457 2387 Gennadii
1481 2373 1494 2398 ,
1523 2341 1574 2386 et
1603 2347 1699 2401 pro
1723 2331 1858 2399 Syro
1888 2348 2119 2386 sermone
2161 2332 2444 2399 legendum
2479 2342 2561 2384 est
2593 2333 2816 2385 Armeno
2835 2371 2848 2394 ,
2875 2334 2956 2386 vel
3002 2335 3180 2402 potius
3207 2374 3220 2398 ,
3253 2344 3310 2386 ut
3359 2350 3478 2386 reor
3497 2375 3510 2399 ,
3541 2345 3593 2387 et
3618 2334 3946 2402 probabilius

735 2428 896 2481 etiam
929 2425 1172 2488 videtur,
1205 2426 1467 2479 memoria
1493 2423 1677 2493 lapsus
1705 2432 1788 2476 est
1810 2421 2119 2476 Gennadius
2150 2423 2394 2474 scribens
2432 2422 2650 2491 Syriaca
2682 2423 2861 2490 lingua
2884 2464 2898 2487 ,
2929 2440 3034 2476 non
3075 2435 3251 2478 autem
3283 2427 3514 2478 Armena
3551 2440 3714 2493 opera
3763 2424 3818 2479 S.
3863 2424 3945 2480 Ja-

733 2520 856 2576 cobi
877 2520 1074 2587 scripta
1101 2519 1267 2573 fuisse
1287 2559 1302 2584 ,
1339 2528 1434 2572 aut
1461 2517 1830 2586 conjecturam
1867 2514 2068 2570 faciens
2088 2531 2151 2570 ex
2179 2516 2350 2584 patria
2383 2513 2600 2581 Jacobi,
2633 2532 2753 2586 qua!
2783 2517 3040 2587 Syrorum
3075 2520 3203 2574 urbs
3224 2530 3338 2574 erat
3363 2559 3376 2582 ,
3405 2536 3507 2589 qua
3545 2521 3725 2589 lingua
3754 2522 3946 2589 scripta

737 2607 968 2663 fuissent
997 2623 1160 2676 opera
1182 2649 1198 2673 ,
1226 2621 1457 2676 quorum
1483 2645 1498 2670 ,
1528 2615 1586 2660 ut
1617 2607 1905 2661 verisimile
1936 2617 2050 2666 est.
2083 2608 2137 2660 in
2161 2605 2484 2662 Massiliensi
2517 2609 2848 2661 monasterio
2885 2609 2963 2663 vel
2997 2611 3167 2664 solam
3219 2612 3521 2665 versionem
3557 2609 3805 2665 Latinam
3828 2653 3842 2674 ,
3872 2612 3946 2664 vel

739 2704 920 2773 aliqua
946 2712 1196 2772 excerpta
1217 2743 1230 2767 ,
1263 2702 1344 2757 vel
1371 2703 1671 2772 catalogum
1700 2717 1794 2757 seu
1829 2701 2122 2756 indiculum
2150 2702 2412 2756 duntaxat
2445 2702 2696 2756 habebat.
2729 2702 2908 2758 Locus
2942 2715 3120 2758 autem
3153 2704 3209 2758 S.
3241 2704 3426 2760 Jacobi
3453 2705 3692 2762 Nisibeni
3721 2750 3736 2771 ,
3761 2709 3852 2777 qui
3885 2707 3945 2760 ad

740 2810 888 2861 rem,
909 2794 1084 2864 quade
1113 2796 1322 2864 agitur,
1355 2793 1618 2862 pertinet,
1652 2794 1705 2845 in
1737 2807 2003 2857 _sermone
2037 2790 2273 2845 secundo
2303 2790 2378 2844 De
2408 2791 2710 2857 dilectione,
2757 2793 2848 2846 ubi
2887 2793 3044 2847 verba
3084 2792 3212 2847 facit
3238 2795 3303 2847 de
3344 2807 3610 2862 postrema
3654 2794 3945 2850 Jerusalem

737 2893 1083 2946 eversioneet
1107 2891 1437 2958 captivitate,
1469 2890 1594 2944 talis
1613 2898 1696 2944 est
1726 2906 1738 2942 :
1775 2907 1793 2940 ι
1820 2886 1938 2942 Non
1965 2886 2248 2943 videantur
2277 2888 2369 2943 tibi
2401 2887 2652 2952 diﬂicilia,
2684 2887 3024 2953 cbarissime,
3061 2907 3180 2959 quae
3211 2892 3437 2960 scripsi,
3469 2893 3612 2960 quod
3642 2892 3696 2945 in
3727 2893 3948 2946 dimidio

738 2988 845 3042 diei
882 3003 992 3042 sua:
1029 2987 1234 3040 dimisit
1261 2986 1400 3040 Deus
1445 2984 1778 3048 Jerusalem,
1807 2985 1934 3055 quia
1971 2984 2044 3039 ita
2082 2984 2269 3038 scribit
2297 2983 2459 3038 David
2501 2985 2554 3038 in
2589 2985 2798 3054 psalmo
2835 2988 3161 3055 octogesimo
3201 3002 3340 3040 nono
3391 3007 3403 3041 :
3469 2988 3614 3041 Mille
3661 2991 3790 3042 anui
3835 2999 3948 3042 ante

737 3078 914 3133 oculos
935 3079 1141 3132 Domini
1158 3088 1405 3147 tauquam
1421 3080 1530 3132 dies
1553 3078 1810 3144 hesterna,
1834 3094 1949 3148 qua:
1965 3078 2215 3148 praeteriit
2231 3076 2302 3144 ¹⁸;
2338 3093 2498 3147 quam
2534 3078 2852 3132 sententiam
2875 3081 3203 3148 explicantes
3221 3082 3470 3136 doctores
3488 3084 3658 3136 nostri
3681 3086 3950 3152 sapientes

737 3174 947 3237 dicunt,
977 3170 1121 3241 quod
1154 3171 1209 3224 in
1239 3171 1590 3224 similitudine
1615 3179 1817 3239 septem
1845 3170 2052 3224 dierum
2084 3170 2294 3237 positus
2317 3177 2400 3222 est
2429 3167 2516 3222 hic
2549 3170 2778 3222 mundus
2807 3183 2836 3221 a
2864 3168 2992 3234 Deo,
3029 3177 3082 3223 et
3108 3169 3159 3221 in
3189 3172 3654 3225 consummatione
3681 3189 3774 3227 sex
3809 3174 3948 3227 mille

741 3284 1008 3324 annorum
1040 3267 1278 3322 solvetur
1304 3269 1540 3323 mundus
1571 3267 1677 3333 hic,
1709 3273 1763 3319 et
1787 3264 1891 3318 erit
1921 3262 2214 3318 Sabbatum
2245 3263 2338 3317 Dei
2374 3266 2426 3316 in
2454 3262 2862 3318 similitudinem
2889 3264 3098 3322 dierum
3130 3264 3345 3318 Sabbati
3369 3305 3382 3327 ,
3414 3265 3557 3333 quod
3586 3275 3672 3319 est
3707 3279 3828 3333 post
3862 3282 3949 3321 sex

739 3365 875 3417 dies.
903 3381 920 3413 ι
955 3360 1067 3413 lmo
1091 3375 1217 3415 vero
1241 3360 1551 3429 hujusmodi
1579 3357 1862 3426 persuasio
1896 3357 1962 3410 de
1987 3356 2273 3409 duratione
2303 3357 2486 3409 mundi
2529 3365 2581 3408 et
2617 3354 2979 3420 Sabbatisrro,
3016 3356 3246 3410 laudatis
3293 3372 3453 3425 supra
3498 3372 3527 3408 a
3574 3372 3661 3410 me
3704 3357 3952 3413 I’atribus

741 3461 1013 3529 antiquior
1039 3469 1156 3526 est,
1184 3473 1410 3526 eamque
1434 3471 1500 3510 ex
1533 3455 1697 3509 veteri
1728 3452 2070 3507 Hebraeorum
2102 3451 2390 3505 traditione
2433 3451 2694 3519 originem
2727 3450 3025 3518 sumpsisse
3074 3450 3411 3504 crediderim.
3468 3450 3746 3519 Siquidem
3783 3466 3844 3505 ex
3887 3452 3950 3505 iis

740 3567 860 3620 qua:
892 3566 1009 3619 cap.
1039 3567 1143 3604 xxv
1177 3549 1401 3603 Levitici
1434 3547 1818 3616 praecipiuntur
1843 3545 1909 3598 de
1933 3543 2319 3599 sabbatizando
2343 3541 2599 3605 Sabbato,
2636 3542 2896 3608 colligunt
2925 3551 3129 3596 veteres
3158 3543 3364 3595 rabbini
3394 3542 3653 3595 mundum
3688 3542 3950 3596 duntaxat

741 3660 834 3713 per
868 3659 959 3698 sex
988 3645 1152 3697 millia
1183 3658 1449 3697 annorum
1478 3642 1819 3704 duraturum,
1841 3637 2061 3706 etquod
2095 3637 2354 3703 septimus
2385 3636 2717 3688 millenarius
2749 3634 2963 3689 futurus
2985 3636 3053 3688 sit
3090 3634 3382 3688 Sabbatutn
3415 3633 3652 3687 Domini.
3683 3633 3828 3688 Mille
3859 3646 3950 3688 au’

740 3749 846 3793 tem
873 3753 1046 3795 annos
1069 3747 1357 3794 numerant
1388 3751 1484 3805 pro
1518 3749 1628 3789 uno
1657 3734 1763 3797 die,
1792 3732 1917 3800 quia
1949 3732 2001 3784 in
2032 3731 2237 3798 psalmo
2259 3729 2462 3784 dictant
2493 3738 2576 3784 est
2620 3747 2632 3782 ε
2669 3729 2816 3783 Mille
2843 3731 2967 3782 anni
3010 3739 3127 3781 ante
3163 3729 3337 3782 oculos
3376 3738 3512 3792 tuos,
3557 3737 3808 3798 tanquam
3843 3731 3949 3781 dies

744 3832 1006 3897 hesterna,
1060 3848 1176 3900 qua
1231 3832 1508 3900 prwteriit.
1541 3829 1606 3882 Et
1634 3828 1848 3898 quidem
1881 3828 1934 3880 in
1966 3824 2267 3879 Sanhedrin
2293 3826 2363 3878 ita
2399 3825 2657 3893 scriptum
2684 3826 2942 3880 habetur:
2989 3844 3006 3876 ‹
3037 3825 3141 3879 Sex
3171 3825 3403 3879 millibus
3433 3840 3701 3878 annorum
3737 3825 3953 3878 durabit

747 3926 1014 3992 mundus,
1042 3936 1096 3980 et
1126 3941 1234 3980 uno
1262 3925 1564 3980 millenario
1585 3923 1856 3978 desolatus
1897 3922 2018 3976 erit.
2051 3921 2266 3976 Duobus
2299 3921 2534 3974 millibus
2576 3922 2789 3975 durabit
2823 3923 3120 3976 devastatto
3168 3922 3286 3991 ejus
3323 3921 3392 3990 (id
3423 3930 3506 3975 est
3539 3921 3745 3975 inculta
3786 3921 3954 3974 homi-

747 4039 874 4078 num
899 4025 1052 4092 vita),
1082 4031 1134 4078 et
1165 4023 1376 4076 duobus
1399 4021 1636 4075 millibus
1669 4019 1773 4079 lex,
1809 4026 1967 4086 atque
1995 4016 2205 4069 duobus
2238 4015 2472 4068 millibus
2501 4015 2616 4068 dies
2650 4013 2876 4070 Messian.
2903 4035 2920 4065 ι
2954 4013 3102 4067 Unde
3119 4015 3225 4068 duo
3249 4013 3574 4074 inferuntur,
3614 4027 3673 4068 ut
3699 4015 3750 4067 id
3782 4016 3954 4068 obiter

746 4133 992 4172 moneam
1013 4158 1028 4180 ,
1059 4126 1246 4170 contra
1269 4117 1412 4184 ipsos
1445 4113 1726 4168 Hebraeos:
1758 4126 1949 4179 nempe
1974 4112 2084 4179 jam
2114 4109 2316 4178 pridem
2351 4108 2603 4163 Messium
2631 4111 2844 4164 venisse
2867 4150 2881 4172 ,
2917 4121 2968 4164 et
2989 4111 3155 4178 legem
3188 4109 3472 4164 Mosaicatu
3496 4110 3816 4163 duraturam
3848 4125 3953 4163 non

748 4211 945 4272 fuisse,
975 4209 1077 4264 nisi
1104 4223 1275 4278 usque
1304 4208 1378 4262 ad
1401 4207 1686 4262 adventum
1718 4206 1886 4275 ipsius
1917 4203 2144 4258 Messias.
2183 4199 2289 4256 Sed
2317 4201 2518 4256 relictis
2552 4203 2842 4257 rabbinicis
2887 4202 3266 4257 traditionibus
3310 4203 3538 4256 reditum
3579 4199 3850 4256 faciamus
3889 4201 3953 4255 ad

744 4301 1116 4355 Athanasium.

816 4390 1026 4446 XXXV.
1060 4391 1258 4445 Praeter
1289 4392 1548 4444 hactenus
1581 4405 1611 4443 a
1643 4404 1727 4442 me
1751 4388 1909 4441 allata
1929 4426 1943 4449 ,
1978 4386 2386 4457 archiepiscOpo
2409 4385 2773 4440 Alexandrino
2805 4384 3189 4454 Expositioneut
3213 4384 3550 4438 Psalmorum
3572 4427 3586 4447 ,
3615 4402 3782 4455 quam
3811 4402 3955 4442 nunc

746 4484 978 4552 primum
1010 4483 1063 4536 in
1090 4481 1364 4550 publicum
1393 4480 1606 4534 edimus
1625 4518 1639 4540 ,
1670 4479 1774 4532 alia
1800 4493 2014 4548 quoque
2042 4491 2149 4530 non
2181 4480 2332 4544 parvi
2363 4478 2620 4531 momenti
2653 4477 2945 4532 vindicant.
2970 4481 3046 4532 Ac
3072 4480 3304 4547 primum
3325 4485 3646 4531 vetustatem
3673 4480 3956 4549 scriptoris

746 4576 1118 4631 commentarii
1143 4615 1157 4639 ,
1180 4573 1405 4644 ejusque
1433 4573 1606 4626 natale
1632 4571 1805 4626 solum
1829 4611 1842 4633 ,
1875 4571 1960 4624 vel
1989 4569 2324 4623 domicilium
2359 4569 2695 4622 Alexandria:
2726 4570 2888 4624 fuisse
2909 4609 2922 4628 .
2950 4581 3042 4623 aut
3079 4581 3225 4625 certe
3263 4586 3367 4625 non
3394 4571 3581 4639 procul
3621 4573 3689 4625 ab
3719 4589 3786 4628 ea
3825 4575 3956 4627 urbe

747 4669 1052 4733 manifesto,
1084 4678 1144 4722 ut
1174 4667 1303 4720 mihi
1335 4665 1565 4726 videtur,
1601 4663 1861 4725 indicant,
1894 4677 2012 4730 quae
2038 4663 2090 4715 in
2121 4661 2454 4731 expositione
2481 4662 2546 4714 ad
2571 4662 2834 4728 psalmum
2857 4679 2994 4718 cxxv
3028 4663 3302 4732 leguntur:
3347 4666 3415 4718 ibi
3445 4667 3590 4719 enim
3623 4668 3869 4738 loquitur
3891 4673 3956 4726 de

745 4763 1147 4824 Rbinocurura,
1179 4777 1273 4815 seu
1302 4759 1666 4815 Rhinocolura
1697 4757 1806 4825 (87)
1845 4766 2098 4824 tanquam
2132 4756 2198 4809 de
2232 4756 2362 4809 urbe
2391 4772 2511 4824 qua:
2545 4757 2760 4825 propius
2787 4757 3022 4812 aberate
3047 4759 3164 4813 loco
3192 4759 3330 4813 unde
3355 4760 3469 4828 ipse
3502 4762 3795 4816 scribebat.
3829 4763 3954 4816 Erat

748 4866 924 4912 autem
955 4855 1320 4909 Rhinocolura
1357 4853 1486 4907 urbs
1517 4852 1570 4904 in
1602 4851 1797 4905 finibus
1829 4847 2042 4920 Egypti
2075 4849 2285 4917 posita,
2323 4849 2427 4901 hoc
2451 4849 2667 4903 nomine
2699 4861 3036 4919 nuncupata,
3071 4863 3130 4907 ut
3159 4854 3330 4922 inquit
3365 4853 3589 4907 Strabo:
3627 4873 3646 4904 ι
3669 4857 3737 4909 ab
3769 4857 3837 4910 iis
3861 4857 3953 4925 qui

749 4961 904 5002 nares
933 4941 1163 4998 truncati
1195 4955 1260 4996 eo
1289 4940 1437 4997 fuere
1470 4941 1746 4996 translati:
1782 4954 1904 4994 nam
1938 4937 2250 5005 Aithiopum
2283 4938 2500 5008 quidam
2530 4937 2817 5009 Egyptum
2850 4942 3107 4997 invadens
3136 4959 3238 4997 non
3269 4959 3414 5008 nece,
3449 4948 3545 5000 sed
3578 4947 3696 5000 nasi
3727 4951 3953 5005 mutila-

821 5132 861 5163 ¹⁸
886 5131 1025 5185 Psal.
1046 5146 1265 5197 Lxxnx,
1298 5131 1347 5184 4.

815 5287 926 5357 (86)
960 5288 1191 5342 Marcell.
1222 5289 1274 5342 in
1302 5288 1555 5342 Chronico

819 5355 928 5429 (87)
965 5359 1353 5427 Ῥινοκόλουρα,
1379 5358 1737 5411 Rhinocolura
1761 5358 1956 5429 dicitur
1982 5373 2010 5410 a
2041 5355 2300 5412 Strabone
2339 5361 2389 5413 in
2418 5358 2705 5426 Ceograph.
2756 5357 2864 5429 lib._
2884 5372 2995 5429 xvi,
3059 5365 3118 5429 et
3147 5355 3379 5429 alibi,_ct
3411 5375 3438 5410 a
3475 5356 3654 5412 Plinio
3683 5359 3777 5412 lib.
3817 5377 3872 5426 v,
3903 5376 3930 5412 r

750 5425 837 5490 i5,
874 5425 919 5483 a'
963 5425 1278 5482 l'tnlonneo
1309 5430 1359 5480 in
1391 5430 1678 5496 Geograph.
1727 5428 2152 5498 Ῥινοκούρουρα.
2187 5425 2558 5482 Rhiuocurura
2601 5441 2776 5479 autem
2823 5427 2888 5479 ab
2921 5427 3158 5498 Ilusebio
3197 5434 3249 5478 et
3299 5425 3633 5497 Hii-ronytno
3660 5429 3711 5482 itt
3750 5430 3848 5486 lib.
3883 5430 3948 5483 [It

749 5504 854 5552 situ
880 5511 925 5551 et
952 5501 1156 5552 nomine
1191 5499 1418 5551 locorum
1456 5498 1722 5557 Ilebraic.,
1783 5510 1835 5550 et
1891 5496 2190 5552 aliendi-tn
2256 5499 2469 5552 Hieron.
2535 5501 2586 5550 iu
2627 5514 2742 5564 cap.
2795 5513 2859 5549 xx
2909 5496 3119 5558 Haecin,
3160 5510 3268 5548 tum
3293 5496 3516 5565 quoque
3551 5515 3578 5550 λ
3619 5498 3931 5555 Sozouteno

752 5570 844 5622 lib.
874 5585 924 5620 vr
976 5568 1114 5620 Hist.
1141 5569 1264 5621 eccl.
1307 5586 1420 5636 (ιιι).
1449 5570 1652 5636 2|,qni
1701 5570 1860 5621 etiam
1911 5568 2069 5620 refert
2118 5571 2294 5636 plures
2334 5571 2403 5622 ibi
2460 5577 2699 5628 ascetas,
2745 5583 2836 5620 Scu
2885 5569 3194 5620 monasticu:
3250 5567 3608 5634 professionis
3652 5570 3797 5623 viros
3850 5571 3936 5624 ﬂo-

751 5639 925 5693 ruisse
982 5649 1036 5693 et
1101 5639 1300 5693 clerum
1363 5637 1611 5691 Ecclesia:
1667 5637 2149 5692 Rhinocerurensis
2177 5654 2514 5693 communem
2545 5639 2760 5690 domum
2791 5647 2842 5689 et
2873 5652 3133 5692 mensam,
3162 5643 3213 5689 et
3246 5637 3450 5704 reliqua
3485 5639 3670 5691 omnia
3701 5655 3920 5692 continu

749 5710 842 5763 nia
883 5709 1152 5780 habuisse.
1180 5707 1438 5780 i’l‘orreuti
1492 5718 1689 5772 autem,
1727 5710 1816 5776 qui
1865 5707 2286 5780 Rhinoculuram
2329 5710 2578 5773 alluebat,
2643 5722 2833 5761 nomen
2863 5705 3030 5761 fuisse
3053 5705 3261 5761 videtur
3310 5705 3532 5761 Torreus
3559 5709 3717 5764 Bcsor
3746 5709 3796 5780 (Ι
3826 5709 3949 5776 Reg.

750 5795 874 5846 ιη,
911 5781 1014 5849 l0),
1043 5779 1154 5834 sive
1177 5778 1394 5834 Tarreus
1419 5780 1628 5833 deserti.
1659 5780 1835 5845 (Amos
1858 5795 1930 5843 vr,
1961 5778 2070 5846 ll.)
