4090 6312
189 384 279 437 6M
847 381 930 433 DE
971 375 1242 432 TITULIS
1285 372 1723 428 PSALMORUM.
1765 406 1832 413 —
1870 372 2256 430 ANTONELLI
2299 376 2684 433 PREFATIO.
3280 379 3384 434 θυι

190 499 330 552 tione
356 496 615 552 maleficia
649 509 902 549 coercens
928 507 1024 546 eos
1058 491 1126 544 ibi
1161 490 1473 550 collocavit,
1510 498 1566 542 ut
1608 498 1822 557 propter
1856 488 1966 542 oris
2010 488 2401 544 deformitatem
2438 493 2612 548 redire
2666 494 2884 546 domum
2916 508 3022 547 non
3058 494 3334 550 auderent.
3366 516 3385 548 ο

189 594 485 648 Saracenos
512 601 687 645 autem
713 589 874 658 (quos
895 587 1098 640 Arabas
1125 584 1359 639 scenitas
1393 581 1584 646 fuisse,
1613 583 1694 636 vel
1723 598 1785 636 ex
1819 583 1919 637 hoc
1934 586 2303 638 commentarii
2333 588 2451 641 loco
2477 589 2690 657 probari
2716 590 2912 658 potest)
2943 590 2994 642 in
3018 589 3384 646 tabernaculis

183 700 273 739 seu
305 683 570 746 tentoriis,
594 681 673 736 vel
697 681 798 735 sub
828 678 1054 748 pellibus
1076 677 1253 730 adhuc
1279 675 1600 738 habitantes,
1622 683 1674 728 et
1703 674 1939 730 nondum
1967 676 2189 732 urbibus
2224 678 2440 746 potitos,
2465 679 2557 732 sed
2577 679 2844 733 latronum
2871 681 3041 734 instar
3069 680 3121 734 in
3144 681 3388 750 proxima

179 775 392 847 Egypti
419 777 533 830 loca
565 784 617 830 et
645 774 804 829 urbes
837 782 1020 828 suetos
1040 784 1355 832 excurrere,
1391 767 1705 838 praedasque
1733 767 1856 823 inde
1885 777 2161 837 avertere,
2197 785 2306 825 non
2337 771 2628 827 dissimiles
2671 787 2859 826 eorum
2890 771 2956 826 de
2999 771 3198 842 quibus
3234 780 3387 842 poeta

181 871 406 925 cecinit:

411 1004 423 1016 .
503 1002 516 1016 .
595 1003 609 1016 ο
688 1004 702 1019 .
780 1002 793 1015 .
872 1002 886 1016 ο
963 998 978 1013 ο
1053 974 1349 1027 semperque
1380 967 1602 1010 706811108

385 1055 692 1110 Convectare
708 1057 857 1125 juvat
878 1053 1081 1121 praedas
1111 1065 1154 1104 et
1185 1053 1348 1104 viuere
1376 1062 1525 1118 rapto
1556 1050 1666 1121 (88)
1692 1068 1704 1103 :

177 1145 330 1202 Tales
355 1163 450 1203 eos
479 1149 629 1203 nobis
657 1149 873 1201 exhibet
895 1156 1082 1200 auctor
1115 1144 1523 1207 commentarii,
1558 1144 1744 1212 quales
1792 1151 1946 1198 aetate
1974 1160 2068 1199 sua
2101 1144 2268 1200 fuisse
2293 1155 2640 1216 repraesentat
2677 1146 2998 1202 Ammianus
3041 1145 3384 1200 Marcellinus

175 1238 304 1326 (89).
333 1239 426 1306 qui
450 1256 463 1289 :
495 1257 512 1289 ‹
540 1236 790 1291 Saraceni
814 1247 990 1290 tamen
1015 1251 1111 1289 nec
1130 1234 1311 1298 amici,
1348 1235 1441 1296 ait,
1483 1235 1639 1288 nobis
1665 1250 1922 1303 unquam,
1951 1251 2047 1290 nec
2071 1237 2249 1292 hostes
2269 1239 2512 1307 optandi,
2559 1240 2699 1293 ultro
2722 1240 2962 1308 citroque
2995 1219 3382 1303 disi-ursatitcs,

173 1325 436 1398 quidquid
469 1331 707 1383 invenire
741 1337 1008 1397 poterant,
1046 1336 1320 1380 momento
1350 1325 1605 1394 temporis
1639 1326 1785 1394 parvi
1821 1327 2123 1393 vastabant,
2154 1329 2455 1382 milviorum
2484 1331 2758 1399 rapacium
2789 1330 3012 1395 similes,
3050 1330 3140 1399 qui
3173 1329 3217 1384 si
3248 1345 3385 1399 prae-

169 1427 289 1479 dam
314 1426 659 1495 d.~spexeriut
686 1426 904 1486 celsius,
933 1423 1110 1477 volatu
1143 1426 1360 1491 rapiunt
1385 1420 1569 1487 celeri,
1599 1430 1691 1474 aut
1726 1421 1828 1474 nisi
1860 1422 2283 1492 impetraverint,
2313 1439 2418 1478 non
2451 1425 2825 1479 immorantur.
2854 1445 2871 1476 ›
2901 1425 3176 1493 Quispiam
3201 1434 3381 1480 autem

171 1517 564 1571 Saracenorum
591 1532 785 1570 nomen
821 1516 1082 1578 audiens,
1122 1514 1287 1567 nolim
1317 1527 1439 1566 eum
1475 1511 1528 1564 in
1557 1512 1920 1580 suspicionem
1956 1513 2148 1567 adduci
2173 1554 2186 1576 ,
2220 1523 2278 1568 ut
2305 1515 2611 1580 existimet,
2649 1516 3092 1570 commentarium
3125 1516 3381 1585 scriptum

169 1615 335 1669 fuisse
363 1613 648 1682 posteriori
674 1622 932 1681 tempore,
960 1626 1069 1680 quo
1101 1608 1497 1663 Saracenorum
1532 1622 1726 1662 nomen
1752 1624 1874 1661 cum
1897 1624 2083 1661 eorum
2119 1609 2343 1678 imperio
2366 1611 2467 1664 late
2490 1621 2833 1680 propagatum
2865 1621 2968 1676 est,
2999 1613 3141 1682 quod
3174 1612 3382 1683 utique.

167 1712 426 1774 regnante
450 1701 692 1756 Heraclio
731 1701 1084 1771 imperatore,
1115 1708 1169 1752 et
1192 1706 1311 1767 post
1333 1696 1452 1765 ejus
1475 1696 1680 1750 obitum
1719 1697 1963 1752 volvente
2001 1699 2197 1752 saeculo
2227 1700 2456 1764 septimo
2496 1704 2740 1772 contigit.
2779 1702 3052 1772 Siquidem
3087 1704 3384 1759 Saraceno-

167 1814 284 1859 rum
321 1796 523 1850 mentio
555 1795 787 1849 occurrit
808 1803 861 1848 et
885 1791 1022 1861 apud
1051 1790 1390 1843 Ammianum
1419 1788 1785 1842 Marcellinum
1808 1831 1821 1852 ,
1861 1805 2022 1858 quem
2057 1805 2218 1858 supra
2252 1791 2458 1845 laudavi
2487 1832 2500 1853 .
2532 1802 2584 1848 et
2612 1795 2752 1863 apud
2790 1794 2990 1848 Atilium
3023 1794 3372 1865 Spartianum

165 1891 217 1942 in
245 1889 533 1943 Pescennio
559 1887 724 1958 Nigro
745 1927 760 1951 ,
800 1896 853 1941 et
885 1885 1026 1955 apud
1051 1884 1295 1938 Flavium
1334 1882 1624 1952 Vopiscum
1659 1881 1711 1935 in
1741 1883 2023 1935 Aureliano
2048 1923 2063 1948 ,
2090 1891 2144 1936 et
2173 1883 2310 1952 apud
2344 1883 2664 1955 Pri-coliium
2691 1887 2765 1940 De
2809 1887 2940 1941 bello
2970 1886 3184 1942 Persico
3223 1887 3335 1959 (90)
3363 1904 3377 1942 :

167 1984 564 2041 Saracenorum
603 1980 960 2038 meminerunt
994 1982 1154 2035 etiam
1177 1978 1426 2034 Julianus
1456 1979 1509 2033 in
1537 1978 1763 2048 epistola
1788 1979 1853 2032 ad
1881 1977 1936 2032 S.
1969 1977 2248 2046 Basilium,
2273 1979 2332 2034 S.
2359 1980 2696 2051 Augustinus
2726 1983 3025 2051 quastione
3051 1983 3302 2038 vicesima
3327 1985 3383 2036 in

166 2077 451 2140 Numeros,
490 2077 735 2132 Socrates
759 2075 867 2146 (9t)
895 2083 948 2128 et
970 2074 1306 2128 Sozomenus
1335 2070 1446 2141 (92)
1480 2071 1534 2125 in
1567 2069 1808 2124 Historia
1837 2069 2192 2124 ecclesiastica
2211 2113 2226 2137 ,
2256 2071 2456 2141 aliique
2487 2073 2807 2143 scriptores,
2832 2073 2968 2128 adeo
2997 2084 3055 2128 ut
3086 2073 3231 2128 nulla
3260 2074 3382 2128 inde

163 2169 291 2223 oriri
327 2170 502 2237 possit
525 2167 812 2221 dubitatio.

227 2256 472 2311 XXXVI.
513 2256 606 2312 His
632 2267 810 2311 autem
838 2255 903 2309 ad
929 2253 1379 2310 commentarium
1413 2261 1658 2308 nostrum
1686 2268 1881 2323 magno
1914 2253 2214 2309 Athanasio
2237 2256 2589 2310 asserendum
2619 2255 2886 2312 addantur
2915 2257 3006 2313 illa
3033 2273 3153 2328 quae
3182 2258 3382 2329 scripta

159 2353 412 2425 leguntur
437 2353 490 2406 in
516 2352 848 2422 expositione
873 2351 1064 2420 psalmi
1089 2364 1327 2416 cxxxiii,
1355 2350 1444 2403 ubi
1475 2358 1666 2404 auctor
1710 2359 1864 2404 notos
1893 2364 2023 2404 suos
2055 2364 2118 2404 ac
2147 2349 2432 2420 populares
2476 2352 2757 2422 alloquens
2808 2371 2821 2407 :
2875 2372 2892 2404 ι
2916 2352 3031 2407 Νοη
3080 2354 3341 2424 ignoratis
3362 2394 3379 2422 ,

158 2449 357 2518 inquit,
398 2446 599 2510 dilecti,
626 2446 768 2514 quod
795 2461 918 2498 cum
967 2459 1074 2499 nox
1101 2446 1167 2499 ad
1194 2461 1468 2499 summum
1497 2444 1698 2510 deficit,
1726 2444 1840 2499 dies
1864 2454 1947 2500 est
1967 2445 2272 2515 quindecim
2301 2446 2576 2501 horarum.
2599 2465 2618 2498 ι
2648 2447 2833 2502 Nonne
2859 2448 2971 2503 haec
2992 2450 3145 2518 quasi
3175 2453 3386 2506 intento

158 2538 327 2607 digito
357 2547 540 2606 aperte
591 2536 968 2590 demonstrant
1009 2536 1326 2604 scriptorem
1348 2534 1702 2602 expositionis
1729 2547 1849 2587 esse
1878 2534 1958 2587 vel
1987 2534 2159 2588 civem
2194 2535 2276 2588 vel
2310 2536 2541 2590 incolam
2571 2536 3034 2592 Alexandrinum?
3074 2536 3208 2593 Nam
3257 2539 3382 2594 Aleo

159 2631 402 2685 xandriae
426 2629 639 2700 Egypti
672 2629 898 2682 latitudo
930 2636 1014 2682 est
1036 2628 1302 2698 graduum
1339 2627 1437 2692 '51,
1465 2625 1796 2679 minutorum
1832 2625 2129 2695 primorum
2165 2626 2221 2678 II
2279 2626 2390 2696 (95)
2415 2667 2430 2690 ,
2471 2628 2834 2684 secundorum
2861 2631 2963 2697 ‘20;
3004 2633 3055 2686 in
3099 2649 3161 2688 ea
3202 2641 3381 2688 autem

157 2720 442 2778 latitudine
463 2725 578 2778 dies
606 2722 951 2793 longissimus
978 2762 992 2786 ,
1019 2722 1346 2790 computatis
1375 2720 1526 2775 horis
1551 2735 1581 2774 a
1617 2720 1746 2775 solis
1769 2729 1890 2773 ortu
1931 2719 1996 2772 ad
2020 2719 2259 2788 ejusdem
2291 2735 2542 2775 occasum
2566 2760 2580 2784 ,
2607 2731 2691 2776 est
2714 2724 2967 2780 horarum
3002 2728 3067 2779 14
3093 2768 3106 2790 ,
3139 2728 3379 2782 minuto-

157 2833 273 2870 rum
304 2817 366 2879 4,
413 2814 614 2884 quibus
646 2813 690 2867 si
717 2813 848 2870 hora
884 2826 990 2864 una
1022 2812 1252 2864 addatur
1280 2819 1496 2880 propter
1530 2808 1843 2878 crepuscula
1863 2849 1880 2875 ,
1906 2808 2190 2863 habebitur
2222 2809 2340 2864 dies
2371 2811 2720 2881 longissimus
2748 2814 3002 2870 horarum
3039 2816 3133 2880 15,
3165 2819 3378 2888 qualem

157 2911 313 2966 nobis
338 2908 595 2976 exprimit
627 2919 689 2959 ac
726 2904 972 2973 designat
995 2913 1186 2958 auctor
1210 2901 1585 2973 expositionis.

226 2999 491 3055 XXXVII.
518 2998 779 3054 Przeterea
803 2996 970 3050 multa
998 2995 1100 3049 alia
1123 3003 1436 3058 occurrunt,
1466 2993 1662 3062 quibus
1684 3001 1941 3062 tanquam
1974 2992 2115 3048 notis
2134 3001 2188 3048 et
2218 2994 2459 3062 vestigiis
2478 2995 2808 3053 Athanasius
2839 3002 3019 3070 operis
3044 3013 3233 3059 auctor
3260 3018 3382 3061 esse

153 3092 597 3163 deprehenditur.
629 3089 695 3144 Et
724 3089 937 3158 quidem
976 3088 1066 3142 ubi
1092 3087 1308 3144 occasio
1335 3103 1456 3142 sese
1485 3086 1641 3141 offert
1676 3095 1732 3140 ut
1759 3084 1960 3139 Christi
2002 3085 2335 3140 divinitatem
2377 3088 2721 3157 comprobet,
2757 3094 3110 3162 ostendatque
3147 3094 3381 3152 Verbum

154 3189 221 3242 ab
243 3198 448 3242 aeterno
469 3185 658 3248 fuisse,
683 3192 735 3238 et
758 3182 900 3236 Patri
928 3183 1408 3246 consubstantiale,
1433 3191 1677 3235 astruere
1700 3195 1805 3233 non
1830 3179 2207 3248 praetermittit,
2230 3189 2284 3234 et
2309 3180 2528 3236 disertis
2555 3183 2732 3238 verbis
2755 3197 3068 3242 constanter
3093 3204 3378 3256 asserere;

153 3284 297 3338 unde
327 3283 472 3337 haud
496 3283 724 3337 obscure
753 3282 995 3336 innuitur
1022 3295 1087 3335 eo
1119 3290 1362 3351 tempore
1385 3281 1496 3335 haec
1524 3279 1723 3349 scripta
1754 3278 1940 3343 fuisse,
1964 3297 2072 3350 quo
2099 3280 2407 3352 hujusmodi
2437 3284 2818 3340 controversia:
2843 3283 3208 3353 agitabantur.
3238 3282 3379 3351 Quin

151 3378 313 3430 etiam
343 3376 592 3431 assiduas
623 3376 827 3430 auctori
862 3374 1031 3430 fuisse
1057 3390 1179 3430 cum
1212 3373 1478 3429 haereticis
1511 3388 1718 3443 pugnas
1742 3414 1756 3438 ,
1787 3383 1840 3426 et
1870 3374 2185 3442 quotidiana
2214 3377 2540 3442 certamina,
2574 3378 2758 3447 qualia
2780 3393 2902 3431 cum
2945 3378 3162 3433 Arianis
3193 3378 3382 3433 habuit

151 3470 518 3534 Athanasius,
551 3480 730 3538 aperte
754 3485 853 3524 nos
877 3469 1072 3524 docent
1100 3484 1220 3538 quae
1253 3469 1502 3537 leguntur
1527 3469 1580 3520 in
1606 3466 1944 3536 expositione
1973 3468 2162 3535 psalmi
2191 3485 2353 3525 cxvm
2376 3510 2390 3533 ,
2419 3479 2472 3524 et
2504 3471 2630 3526 alibi
2667 3471 2885 3540 saepius.
2911 3470 3050 3537 Quid
3089 3485 3213 3525 vero
3249 3471 3336 3524 illa
3359 3509 3378 3537 ,

148 3577 270 3630 qua!
295 3570 514 3616 exstant
541 3563 592 3614 in
620 3560 1005 3614 commentario
1029 3559 1219 3627 psalmi
1256 3575 1367 3623 xxi,
1393 3559 1482 3612 ubi
1513 3559 1577 3612 ad
1601 3573 1662 3611 ea
1712 3559 1873 3611 verba
1897 3560 1958 3612 ¹⁹ε
1999 3558 2076 3612 Tu
2106 3571 2301 3623 autem,
2335 3560 2576 3624 Domine,
2643 3579 2701 3616 ne
2753 3562 3073 3632 elongaveris
3116 3559 3379 3614 auxilium

149 3665 301 3708 tuum
340 3671 374 3706 a
406 3670 486 3706 me
516 3668 535 3706 :
565 3653 632 3706 ad
684 3651 1034 3722 defensionem
1077 3665 1243 3704 meam
1274 3649 1530 3717 conspice,
1587 3648 1690 3700 alia
1739 3648 2094 3717 explicatione
2135 3652 2448 3703 eorumdem
2485 3651 2773 3703 verborum
2809 3652 3042 3719 primum
3071 3633 3376 3719 proposita,

147 3749 348 3803 deinde
378 3748 491 3800 hzrc
519 3746 737 3814 insuper
763 3744 1102 3816 adjungitur:
1139 3762 1157 3794 ι
1182 3741 1416 3797 Possunt
1438 3742 1599 3794 etiam
1629 3741 1741 3795 hate
1767 3741 1872 3794 dici
1901 3756 1966 3794 ex
1995 3755 2222 3810 persona
2247 3741 2418 3812 ipsius
2458 3740 2707 3804 Domini,
2744 3741 2836 3810 qui
2885 3730 3188 3810 exemplum
3221 3741 3378 3797 nobis

146 3845 382 3912 praebuit
427 3842 607 3896 utendi
635 3841 716 3895 his
740 3840 918 3895 verbis
946 3848 1184 3908 tempore
1219 3837 1536 3907 martyrii?»
1571 3833 1710 3901 Quid
1740 3851 1870 3891 vero
1905 3836 1993 3890 illa
2021 3836 2147 3901 alia,
2181 3852 2302 3906 (luce
2326 3837 2393 3891 ad
2416 3836 2744 3892 versiculum
2773 3835 2968 3906 psalmi
3000 3835 3335 3904 sequentis"
3360 3853 3374 3889 :

151 3937 316 4002 Nam,
353 3940 454 3992 etsi
501 3937 835 3990 ambulavero
869 3936 923 3989 in
955 3935 1122 3989 medio
1151 3932 1350 3987 umbra:
1377 3932 1582 3994 mortis,
1635 3931 1926 3984 nontimebo
1987 3931 2152 3994 mala,
2186 3933 2433 4000 quoniam
2484 3940 2539 3983 tu
2575 3946 2776 3984 mecum
2808 3946 2881 3991 es,
2911 3927 3276 3998 subjiciuntur
3322 3928 3376 3982 in

144 4035 294 4090 hunc
325 4033 587 4088 modum:
625 4049 642 4082 ι
665 4030 799 4085 Cum
821 4046 920 4101 ego
950 4037 1215 4085 tormenta
1241 4042 1339 4098 pro
1367 4035 1418 4081 te
1446 4028 1780 4087 sustinuero,
1808 4026 1994 4081 nullus
2017 4041 2102 4080 me
2125 4026 2404 4093 cruciatus
2431 4025 2677 4088 terrebit,
2712 4024 2969 4093 quoniam
2992 4033 3046 4078 tu
3075 4025 3218 4078 vires
3244 4023 3373 4078 mihi

144 4132 398 4200 praebes,
424 4138 484 4183 ut
516 4128 635 4183 illos
673 4125 975 4196 perferam?
1004 4123 1194 4180 Nonne
1232 4122 1519 4178 manifesto
1556 4122 1799 4176 indicant
1853 4130 2130 4178 auctorem
2176 4115 2256 4176 vel
2321 4121 2506 4177 eodem
2558 4128 2830 4190 tempore,
2876 4134 2986 4190 quo
3023 4128 3375 4190 tyrannorum

141 4228 460 4299 persecutio
490 4226 665 4281 adhuc
690 4225 744 4278 in
772 4222 1110 4278 Christianos
1135 4220 1409 4286 szeviebat,
1443 4218 1526 4274 vel
1550 4234 1654 4272 non
1686 4217 1843 4288 longe
1876 4218 1944 4272 ab
1967 4232 2033 4272 eo
2062 4215 2271 4272 fuisse?

208 4319 514 4378 XXXVIII.
548 4323 616 4374 At
645 4322 786 4374 enim
816 4317 1043 4389 agedum
1068 4358 1082 4382 ,
1114 4330 1234 4386 quae
1259 4316 1312 4368 in
1342 4325 1530 4370 nostro
1562 4313 1955 4369 commentario
1985 4313 2185 4382 scripta
2215 4320 2342 4366 sunt
2371 4326 2492 4365 cum
2519 4310 2586 4365 iis
2609 4325 2730 4380 quae
2761 4308 2814 4363 in
2844 4307 2965 4362 aliis
3012 4305 3195 4374 libris,
3239 4320 3375 4377 quos

140 4437 302 4477 nemo
329 4419 548 4475 dubitat
582 4417 760 4486 magni
787 4413 1069 4468 Athanasii
1097 4426 1238 4476 esse,
1287 4409 1656 4474 conferamus,
1689 4418 1748 4464 ut
1771 4424 1836 4464 ex
1863 4408 2174 4478 hujusmodi
2198 4406 2627 4476 comparatione,
2651 4404 2697 4460 si
2723 4403 3010 4472 utrobique
3033 4400 3372 4457 Psalmorum

138 4521 304 4572 verba
348 4516 541 4571 eodem
573 4513 732 4567 modo
755 4552 768 4578 ,
796 4519 849 4565 et
875 4509 926 4561 in
953 4508 1202 4562 eumdem
1229 4521 1448 4561 sensum
1483 4505 1752 4560 intellecta
1779 4513 1942 4575 atque
1973 4504 2240 4575 explicata
2279 4502 2681 4572 comperiantur
2701 4541 2716 4567 ,
2748 4500 2946 4555 certius
2974 4513 3038 4553 ac
3083 4495 3372 4552 dilucidius

138 4617 440 4680 appareat,
472 4605 754 4669 eumdem,
789 4617 895 4656 non
925 4609 1104 4654 autem
1145 4599 1419 4653 diversum
1451 4605 1503 4650 et
1529 4597 1908 4652 commentarii
1938 4595 2150 4662 nostri,
2182 4605 2236 4650 et
2281 4595 2509 4648 aliorum
2551 4607 2807 4662 operum,
2839 4606 2958 4661 qua:
2983 4588 3039 4645 S.
3076 4587 3372 4644 Athanasio

137 4706 202 4757 ab
227 4703 502 4756 omnibus
533 4698 783 4754 concordi
811 4694 1064 4765 suffragio
1097 4692 1472 4755 ascribuntur,
1505 4700 1784 4746 auctorem
1815 4706 1954 4746 esse.
2001 4687 2133 4745 Rem
2160 4687 2489 4760 propositam
2519 4685 2769 4749 brevius,
2797 4685 2971 4754 quoad
3012 4683 3124 4739 ﬁeri
3159 4691 3366 4753 potest,

133 4797 459 4868 expediam.

207 4983 250 5014 ¹⁹
277 4979 449 5037 Vers.
486 4977 574 5031 20.
652 4977 696 5008 ²⁰
731 4974 881 5031 Vers.
909 4974 963 5028 4.

205 5140 324 5206 (88)
370 5136 565 5208 Virgil.
595 5137 687 5191 lib.
729 5152 780 5208 ix
813 5134 1052 5198 £neid.,
1086 5146 1208 5187 vers
1234 5130 1336 5185 6I2
1370 5129 1563 5185 et6l3.

202 5213 323 5281 (89)
355 5207 491 5281 I_Ji_h.
519 5223 628 5269 xiv,
663 5223 722 5281 c1
745 5207 797 5260 5.

203 5277 322 5347 ('90)
367 5278 492 5332 Lih.
524 5293 560 5341 t,
586 5293 633 5332 c.
664 5277 750 5347 19ῗ

201 5345 316 5422 (91)
354 5349 481 5422 μὶ).
518 5363 590 5410 tv,
620 5364 666 5401 c.
695 5345 780 5422 5_6_.

205 5417 324 5486 (ξιξ)
367 5418 492 5472 Lib.
531 5434 604 5481 vr,
641 5432 686 5470 c.
721 5417 806 5469 58.
897 5484 907 5486 Α
1058 5480 1085 5486 _
1237 5483 1246 5486 _
1477 5481 1486 5486 .

1849 5471 1859 5486 ι
1884 5472 1945 5486 1-1
2048 5485 2051 5486 ,
2088 5466 2302 5486 ,l‘---J_.-
2338 5461 2393 5486 ,Ι-
2432 5458 2742 5486 Ι¹Ᾱ--.Ι[.ηι;ιι
2771 5456 2854 5486 Α..
2897 5455 3111 5486 ορδΔκρΔο
3173 5459 3220 5486 ΙΙ
3261 5465 3271 5477 '

367 5446 1016 5560 ἓίυίριίιέἶιξὲιῗίῇυιριεε
1046 5480 1425 5560 Connoissonce
1452 5481 1540 5534 des
1573 5487 1733 5548 temp:
1770 5471 1972 5543 publiée
1997 5485 2093 5539 par
2115 5466 2303 5521 l‘ordre
2333 5461 2394 5518 de
2427 5458 2742 5515 I'Académie
2769 5456 2855 5511 des
2893 5455 3111 5511 science:
3173 5459 3220 5504 et
3245 5446 3359 5528 gal-

133 5552 278 5618 cnfée
303 5552 425 5615 ’σαν
449 5558 526 5614 Μ.
556 5556 783 5610 Meratdi
810 5555 871 5607 de
907 5554 960 5608 la
989 5553 1146 5608 meme
1168 5552 1464 5606 Académie.
