4068 6310
735 361 841 419 645

1565 361 1618 417 S.
1658 356 2026 414 ATHANASH
2066 356 2214 412 OPP.
2256 355 2436 411 PARS
2473 354 2559 409 Ill.
2601 385 2668 395 —
2706 352 3109 409 EXEGETICA.
3852 357 3939 414 ευ

812 479 979 536 Verba
1021 482 1215 551 psalmi
1264 497 1394 535 χχιιι
1441 480 1606 550 (vers.
1649 478 1753 544 ΞΟ,
1788 478 1940 547 juxta
1984 477 2292 545 antiquam,
2323 482 2369 535 Α
2396 474 2523 527 item
2558 482 2686 527 sunt
2721 474 2970 529 caelestes
3002 475 3246 529 virtutes.
3282 474 3415 529 Nam
3453 476 3658 545 inquit:
3695 476 3941 534 Dominus

734 588 893 643 quam
922 580 1142 627 secutus
1172 586 1320 637 sum,
1358 566 1734 639 divisionem):
1779 585 1796 617 ι
1820 565 2062 619 Attollite
2087 573 2288 633 portas,

735 665 1024 734 principes,
1056 670 1296 717 vestras:
1322 681 1338 713 ι
1372 664 1425 716 in
1462 662 1599 714 libro
1620 659 1693 712 De
1731 657 2102 711 Incarnatione
2144 652 2293 706 Verbi

732 757 831 812 Dei
857 758 918 825 (t.
961 756 1012 820 l,
1059 772 1109 825 p.
1150 756 1263 821 55),
1296 754 1353 808 S.
1381 753 1711 807 Athanasius
1741 752 2122 819 interpretatur
2152 747 2293 801 dicta

733 851 902 907 fuisse
929 850 993 904 de
1014 851 1185 904 reditu
1202 848 1405 903 Christi
1430 848 1482 899 in
1505 846 1700 901 caelum
1719 844 1804 899 his
1822 841 2000 896 verbis
2019 860 2031 894 ε
2058 858 2076 891 ι
2095 839 2294 906 Quem-

733 944 1019 999 admodum
1053 960 1149 1013 pro
1198 942 1449 996 omnibus
1484 956 1681 1009 corpus
1726 936 1887 992 morti
1930 935 2176 999 tradidit,
2215 932 2293 987 sic

732 1037 893 1089 etiam
935 1052 1027 1106 per
1062 1035 1198 1089 idem
1238 1032 1368 1087 illud
1403 1033 1502 1088 iter
1538 1034 1591 1087 in
1621 1031 1816 1087 coelum
1852 1028 2083 1098 aperuit.
2111 1046 2128 1078 ι
2162 1026 2289 1079 —ln

730 1140 918 1184 nostro
944 1140 1121 1184 autem
1152 1130 1543 1184 commentario
1586 1127 1651 1181 ad
1683 1124 1929 1181 eumdem
1966 1121 2289 1175 versiculum

730 1217 800 1270 20
826 1226 879 1271 et
910 1228 1195 1288 sequentes
1233 1219 1369 1289 psal.
1418 1233 1550 1271 χχιιι
1587 1217 1699 1270 haec
1750 1214 2077 1268 adnotantur
2112 1230 2124 1264 ε
2172 1230 2188 1260 ι
2216 1209 2292 1263 De

732 1310 903 1379 ipsius
933 1312 1102 1365 reditu
1126 1312 1253 1383 (hoc
1283 1320 1365 1367 est
1389 1311 1609 1381 Christi)
1660 1308 1925 1378 loquitur,
1974 1320 2133 1377 quem
2166 1303 2290 1359 fecit

729 1402 784 1456 in
816 1404 999 1457 caelos.
1040 1424 1057 1454 ι

798 1493 852 1548 ln
888 1497 1075 1550 eodem
1132 1497 1269 1550 libro
1321 1496 1396 1549 De
1445 1495 1819 1548 Incarnatione
1870 1494 1944 1560 (p.
1989 1490 2080 1561 26)
2126 1489 2288 1544 verba

728 1588 921 1659 psalmi
950 1606 1059 1655 ενι,
1090 1606 1233 1645 vers.
1264 1590 1331 1644 59
1358 1632 1373 1655 ,
1409 1609 1426 1640 ί
1453 1589 1598 1643 Misit
1620 1587 1855 1641 Verbum
1891 1602 2046 1641 suum
2068 1625 2083 1650 ,
2110 1594 2166 1639 et
2198 1601 2288 1640 sa-

728 1680 877 1734 navit
900 1696 1013 1746 eos,
1037 1701 1055 1733 »
1083 1692 1135 1735 et
1156 1683 1290 1752 psal.
1318 1698 1482 1746 cxvu,
1506 1696 1646 1735 vers.
1672 1681 1758 1740 52,
1793 1699 1810 1731 ‹
1837 1678 1979 1733 Deus
2006 1678 2283 1740 Dominus,

728 1780 783 1824 et
813 1772 986 1825 illuxit
1008 1774 1185 1837 nobis,
1216 1793 1234 1825 ι
1268 1775 1502 1843 explicat
1532 1773 1597 1828 de
1640 1772 1869 1826 adventu
1905 1770 2065 1825 Verbi
2098 1772 2190 1825 Dei
2232 1771 2286 1823 in

729 1864 989 1918 mundum
1017 1866 1068 1919 in
1101 1867 1245 1921 hunc
1273 1868 1522 1921 modum:
1559 1886 1576 1917 ί
1596 1865 1885 1936 Negligunt
1905 1866 2087 1919 videre
2110 1861 2290 1917 Domi-

728 1972 891 2020 num,
924 1974 1082 2028 quem
1129 1958 1424 2029 Scripturze
1461 1960 1826 2030 praedixerunt
1863 1959 1981 2013 orbi
2021 1967 2288 2012 terrarum

728 2048 994 2115 illuxisse,
1022 2060 1074 2105 et
1096 2068 1319 2121 corpore
1344 2053 1592 2107 indutum
1624 2052 1961 2120 apparuisse.
1987 2070 2004 2102 ι
2032 2050 2108 2105 lta
2126 2051 2288 2104 etiam

728 2140 782 2195 in
812 2141 1063 2197 Oratione
1091 2147 1316 2199 secunda
1360 2156 1543 2199 contra
1583 2146 1809 2199 Arianae
1835 2188 1850 2210 ,
1899 2161 2020 2216 pag.
2066 2144 2189 2199 595.
2222 2174 2292 2185 —-

728 2234 784 2288 In
812 2234 997 2291 nostro
1036 2249 1215 2293 autem
1246 2241 1636 2295 commentario
1674 2240 1738 2293 ad
1783 2255 1999 2294 versum
2040 2239 2288 2293 eumdem

730 2324 800 2379 59
828 2327 964 2395 psal.
1000 2345 1082 2383 cvt
1117 2330 1229 2385 haec
1271 2331 1527 2402 leguntur
1560 2351 1571 2385 :
1623 2351 1641 2383 ι
1670 2331 1816 2386 Misit
1856 2329 2024 2385 Deum
2056 2330 2289 2384 Verbum

729 2414 917 2482 Pater,
951 2430 1005 2475 et
1034 2424 1294 2479 transﬁxo
1318 2425 1436 2495 ejus
1456 2426 1623 2480 latere
1652 2441 1751 2478 nos
1778 2438 1967 2477 omnes
1997 2423 2172 2477 sanati
2200 2437 2293 2478 su-

727 2526 879 2573 mus,
904 2530 921 2563 ι
953 2520 1007 2566 et
1033 2514 1098 2567 ad
1131 2530 1271 2569 vers.
1300 2516 1368 2569 52
1394 2516 1769 2584 psalmicxvu,
1798 2532 1816 2564 r
1840 2514 2289 2583 Quandoquidem

726 2617 850 2656 cum
886 2602 1027 2657 Deus
1050 2617 1193 2661 esset
1220 2605 1379 2661 Jesus
1407 2607 1667 2662 Dominus
1695 2608 1944 2678 apparuit
1974 2607 2027 2660 in
2056 2615 2221 2662 terra.
2265 2626 2285 2658 υ

796 2697 875 2751 Ad
905 2698 1063 2753 verba
1093 2699 1180 2753 illa
1210 2700 1401 2769 psalmi
1434 2717 1558 2754 Lxxl
1584 2743 1599 2767 ,
1630 2716 1771 2755 vers.
1812 2701 1863 2765 1,
1904 2719 1921 2750 ι
1948 2700 2108 2765 Deus,
2141 2701 2289 2770 judi-

726 2787 869 2845 cium
894 2798 1039 2844 tuum
1057 2793 1167 2863 regi
1186 2792 1253 2847 da
1290 2812 1302 2847 :
1331 2812 1453 2845 ι-ι
1479 2792 1811 2862 Supplicant,
1834 2795 1927 2857 ait,
1952 2794 2289 2864 utjudicium

726 2883 916 2936 mortis
938 2894 1122 2938 contra
1154 2899 1251 2938 nos
1281 2885 1549 2953 prolatum
1590 2884 1725 2939 Filio
1764 2886 1940 2941 detur.
1965 2905 1983 2939 ι
2037 2886 2094 2940 In
2130 2896 2286 2942 tract.

726 2978 786 3034 in
817 2977 982 3033 illud:
1023 2997 1041 3028 ‹
1066 2978 1261 3033 Omnia
1289 2980 1419 3033 mihi
1450 2980 1643 3035 tradita
1677 2989 1832 3045 sunt,
1859 3001 1876 3031 ι
1914 2997 1970 3051 p.
2012 2983 2100 3037 85.
2134 3012 2205 3024 -—-
2229 2985 2287 3038 In

726 3074 1118 3127 commentario
1159 3074 1225 3129 ad
1262 3075 1424 3129 verba
1454 3074 1698 3144 ejusdem
1735 3075 1931 3144 psalmi
1974 3076 2087 3131 hate
2119 3078 2288 3147 subji-

726 3163 975 3217 ciuntur:
1012 3182 1030 3215 ι
1054 3163 1189 3217 Filio
1216 3172 1331 3217 tuo.
1358 3182 1375 3214 ι

798 3251 853 3306 1η
900 3253 1139 3323 Epistola
1190 3255 1252 3309 de
1296 3254 1515 3310 decretis
1571 3254 1806 3311 Nicreme
1840 3257 2053 3327 synodi,
2097 3266 2285 3313 contra

726 3346 957 3401 Arianos
993 3348 1151 3404 verba
1190 3348 1397 3403 faciens
1438 3367 1496 3402 τι
1523 3348 1741 3414 Verum,
1780 3351 1975 3419 inquit,
2011 3349 2145 3405 falsa
2175 3351 2289 3407 haec

726 3447 872 3501 sunt,
904 3454 1023 3508 qua:
1048 3440 1437 3509 propugnatis:
1471 3439 1740 3508 siquidem
1772 3440 1886 3509 ipse
1924 3440 2050 3495 fecit
2082 3456 2201 3507 nos,
2234 3450 2289 3497 et

726 3544 833 3581 non
862 3530 961 3599 ipsi
989 3544 1109 3611 nos.
1141 3532 1263 3599 Ipse
1290 3537 1393 3593 est,
1424 3529 1514 3599 qui
1542 3545 1636 3600 per
1656 3546 1814 3585 suum
1845 3531 2079 3588 Verbum
2103 3535 2285 3590 omnia

725 3630 780 3675 et
807 3636 965 3690 parva
992 3662 1006 3683 ,
1037 3632 1089 3676 et
1126 3638 1315 3693 magna
1360 3623 1505 3678 fecit.
1537 3642 1555 3675 ι
1588 3655 1658 3666 -
1688 3623 1745 3678 lu
1792 3634 1980 3680 nostro
2010 3642 2287 3682 commen-

726 3716 863 3770 tario
888 3716 950 3769 ad
988 3715 1174 3770 eadem
1203 3716 1361 3770 verba
1396 3717 1585 3785 psalmi
1621 3733 1742 3771 xeix
1781 3719 2092 3786 hujusmodi
2122 3733 2287 3788 appo-

724 3808 874 3862 nitur
898 3808 1171 3862 adnotatio
1205 3826 1217 3859 :
1259 3827 1277 3857 r
1301 3807 1418 3877 Ipse
1459 3824 1558 3863 nos
1595 3809 1753 3875 fecit,
1785 3819 1839 3864 et
1883 3826 1989 3865 non
2030 3827 2093 3867 ex
2130 3814 2287 3869 nobis

726 3914 935 3963 sumus,
968 3907 1027 3952 ut
1052 3898 1223 3968 aliqui
1241 3900 1448 3954 dicunt.
1472 3920 1489 3952 ι

796 3987 969 4043 Verba
992 3990 1183 4059 psalmi
1215 4007 1274 4051 ιι,
1309 4008 1451 4047 vers.
1486 3994 1573 4057 15,
1604 4013 1622 4045 ι
1647 3993 1759 4065 Ego
1796 3996 1953 4053 hodie
1984 4000 2141 4069 genui
2167 4010 2238 4064 te,
2260 4020 2278 4052 ι

723 4087 779 4135 et
809 4080 896 4135 illa
916 4082 1021 4136 alia
1046 4084 1233 4152 psalmi
1264 4100 1352 4139 cur
1374 4126 1389 4150 ,
1412 4100 1554 4139 vers.
1584 4086 1638 4150 7,
1687 4106 1705 4135 ι
1734 4085 1811 4139 Ex
1846 4097 1999 4145 utero
2033 4100 2157 4146 ante
2180 4091 2287 4147 Lu-

724 4170 950 4227 ciferum
1004 4174 1163 4243 genui
1208 4184 1332 4237 te.)
1372 4175 1438 4230 de
1490 4186 1690 4231 aeterna
1733 4176 1891 4233 Verbi
1942 4184 2286 4251 generatione

724 4273 911 4317 contra
950 4263 1182 4319 Arianos
1211 4267 1444 4332 explicat
1479 4268 1532 4322 in
1573 4268 1673 4338 Ep.
1724 4270 1787 4324 de
1817 4272 2012 4329 decret.
2050 4273 2286 4331 Nicaeam

724 4353 931 4422 synodi,
959 4370 1081 4424 pag.
1115 4354 1251 4419 172;
1286 4357 1413 4411 item
1440 4374 1561 4429 pag.
1593 4360 1723 4425 178,
1755 4373 1807 4417 et
1834 4364 1886 4417 in
1930 4363 2031 4435 Ep.
2067 4367 2130 4421 de
2163 4384 2283 4422 sen-

726 4446 886 4500 tentia
911 4445 1171 4518 Dionysii,
1205 4465 1325 4518 pae.
1350 4452 1473 4515 192,
1500 4454 1624 4508 etin
1652 4453 1801 4509 Orat.
1836 4474 1872 4511 ιι
1919 4468 2105 4513 contra
2126 4460 2283 4517 Aria-

2394 568 2651 621 virtutum
2675 568 2976 621 nobiscum.
3011 587 3029 619 ι
3052 567 3193 622 Psal.
3218 584 3340 634 va,
3365 585 3504 624 vers.
3535 570 3779 625 15.--1ιι
3812 586 3941 627 com-

2395 660 2660 715 mentario
2705 666 2770 714 ad
2804 661 3052 714 eumdem
3085 660 3273 729 psalmi
3308 662 3633 716 versiculum
3668 682 3680 715 :
3726 682 3743 714 ι
3774 663 3940 717 Domi-

2394 768 2525 816 nus,
2574 754 2681 820 ait,
2736 754 2913 809 omnis
2963 754 3365 823 supercmlestis
3422 756 3633 809 militiae
3671 756 3942 810 nobiscum

2393 854 2493 899 est.
2522 864 2539 896 ι

2464 939 2521 992 lu
2552 937 2789 1009 Epistola
2811 939 2873 990 de
2897 940 3151 991 sententia
3180 938 3455 1008 Dionysii,
3485 955 3538 1007 p.
3566 939 3670 993 197
3696 982 3712 1004 ,
3742 940 3943 995 scribit:

2399 1051 2416 1083 ι
2439 1031 2550 1087 N03
2571 1033 2713 1086 enim
2742 1042 3001 1103 quantum
3036 1034 3099 1087 ad
3134 1048 3330 1102 corpus
3357 1032 3597 1101 ejusdem
3620 1034 3841 1101 generis
3870 1049 3946 1085 su-

2393 1138 2515 1177 mus
2540 1138 2601 1177 ac
2632 1123 2908 1189 Dominus,
2942 1136 3219 1193 propterea
3248 1124 3364 1193 ipse
3390 1123 3554 1176 dixit:
3584 1120 3839 1175 Narrabo
3863 1138 3946 1174 no-

2394 1231 2513 1269 men
2546 1224 2697 1269 tunm
2717 1215 2971 1271 fratribus
2997 1216 3187 1271 meis.«
3211 1213 3411 1270 Psalm.
3446 1231 3560 1278 xxi,
3590 1230 3740 1268 vers.
3775 1215 3863 1267 45.
3895 1242 3949 1253 -

2391 1309 2449 1360 ιιι
2495 1310 2885 1363 commentario
2924 1309 3109 1363 eadem
3148 1308 3338 1377 psalmi
3381 1308 3542 1361 verba
3583 1307 3661 1359 ita
3705 1308 3946 1375 exponit:

2396 1418 2414 1449 ‹
2451 1399 2679 1470 Populo,
2719 1402 2915 1471 inquit,
2964 1403 3198 1457 narrabo
3242 1416 3435 1455 nomen
3474 1411 3665 1454 tuum:
3700 1401 3950 1469 quemad-

2390 1493 2606 1546 modum
2631 1493 2766 1547 dixit
2788 1494 2840 1547 in
2868 1492 3188 1565 Evangelia:
3215 1493 3548 1548 Manifestavi
3573 1506 3779 1546 nomen
3815 1504 3949 1545 tuum

2390 1584 2781 1640 hominibus“.
2807 1605 2827 1638 ι

2458 1680 2514 1733 In
2552 1677 2804 1733 Oratione
2825 1680 2998 1749 prima
3025 1692 3204 1733 contra
3227 1681 3473 1744 Arianos,
3498 1691 3538 1737 t.
3570 1680 3638 1746 11,
3676 1696 3806 1751 pag.
3840 1677 3948 1738 39.8.

2390 1771 2455 1823 ad
2488 1770 2821 1840 probandam
2864 1771 3219 1826 :eternitatem
3265 1770 3386 1826 Filii
3422 1788 3545 1827 cum
3589 1771 3759 1826 Patre
3794 1772 3951 1825 utitur

2391 1866 2569 1921 verbis
2602 1867 2794 1935 psalmi
2837 1883 2982 1921 xxxv
3024 1867 3274 1922 versiculi
3316 1868 3419 1933 20,
3477 1886 3493 1918 ι
3521 1868 3577 1920 ln
3623 1868 3838 1921 lumine
3871 1876 3951 1920 tuo

2395 1959 2932 2026 videbimus‘lumeu;
2959 1980 2977 2013 ι
3005 1970 3058 2015 et
3078 1960 3270 2029 psalmi
3302 1975 3501 2014 Lxxxtx
3525 1960 3728 2014 versic.
3756 1959 3846 2021 17,
3872 1978 3888 2009 ι
3907 1969 3951 2011 et

2390 2051 2460 2105 sit
2504 2050 2759 2120 splendor
2797 2052 3009 2107 Domini
3051 2068 3213 2122 super
3253 2068 3385 2117 nos;
3414 2073 3432 2105 ι
3471 2062 3521 2108 et
3562 2054 3763 2121 psalmi
3808 2068 3951 2107 cxuv

2390 2142 2644 2197 versiculi
2666 2142 2756 2205 20,
2781 2162 2798 2195 ι
2824 2142 3069 2213 Regnum
3087 2154 3235 2198 tuum
3262 2161 3485 2214 regnum
3504 2148 3759 2200 omnium
3795 2162 3952 2201 salen-

2391 2235 2589 2289 lorum.
2614 2252 2633 2287 ι
2666 2264 2735 2273 -
2766 2235 2825 2288 In
2850 2236 3242 2290 commentario
3270 2238 3335 2290 ad
3352 2238 3601 2291 eumdem
3630 2240 3951 2293 versiculum

2391 2327 2583 2395 psalmi
2614 2342 2754 2379 xxxv
2786 2327 3111 2396 subjicitur:
3152 2345 3171 2377 ‹
3199 2326 3255 2380 In
3291 2328 3410 2397 ipso
3440 2328 3580 2383 Filio
3626 2338 3727 2383 tuo
3761 2331 3955 2385 videbi-

2392 2434 2514 2473 mus
2533 2418 2707 2473 lucem
2728 2436 2775 2472 ;›
2808 2420 2944 2474 adv.
2976 2420 3039 2473 17
3060 2420 3190 2489 psal.
3218 2435 3439 2486 Lxxxtx,
3473 2421 3694 2476 «Gratia
3720 2423 3948 2493 ipsiusp

2390 2514 2457 2567 ad
2489 2528 2539 2565 v.
2575 2511 2645 2564 20
2688 2512 2827 2582 psal.
2874 2527 3065 2577 cxuv,
3113 2510 3397 2582 «Regnum
3442 2514 3842 2583 sempiternum
3866 2556 3880 2581 ,
3908 2523 3955 2567 et

2389 2606 2685 2660 dominatio
2718 2616 2809 2658 tua
2838 2619 3001 2674 super
3041 2605 3322 2659 credentes
3354 2606 3520 2660 verbo
3559 2604 3851 2677 Evangelii
3872 2647 3884 2670 ,
3908 2615 3955 2660 et

2391 2713 2551 2767 super
2579 2713 2685 2750 non
2715 2698 3015 2751 credentes.
3037 2715 3056 2747 ι

2459 2790 2513 2843 lu
2544 2792 2728 2846 eadem
2761 2792 3004 2845 oratione
3031 2792 3205 2859 prima
3235 2791 3300 2845 ad
3328 2790 3663 2861 probandam
3702 2791 3955 2845 immuta-

2391 2884 2648 2939 bilitatem
2680 2882 2842 2936 Verbi
2877 2882 3033 2937 aﬂ‘ert
3083 2883 3414 2938 Athanasius
3461 2898 3583 2952 quae
3620 2883 3890 2938 dicuntur
3928 2899 3955 2937 a

2391 2985 2578 3029 sancto
2606 2975 2806 3028 Davide
2840 2974 2892 3027 in
2934 2974 3142 3043 psalmo
3176 2990 3225 3028 ει
3247 3016 3261 3041 ,
3288 2991 3426 3030 vers.
3470 2975 3568 3041 48,
3616 2994 3637 3027 ι
3666 2975 3837 3034 Initio
3873 2988 3953 3043 tu,

2389 3068 2649 3135 Domine,
2673 3088 2691 3120 ι
2726 3076 2856 3134 etc.,
2882 3077 2935 3122 et
2968 3083 3112 3123 vers.
3146 3068 3248 3136 55,
3294 3087 3312 3120 ι
3336 3068 3415 3123 Τιι
3449 3079 3631 3124 autem
3661 3071 3812 3125 idem
3853 3072 3957 3141 ipse

2388 3176 2475 3225 es,
2505 3168 2560 3215 et
2586 3162 2710 3215 anni
2762 3161 2839 3216 tui
2874 3176 2983 3216 non
3021 3161 3288 3216 delicient.
3312 3180 3330 3213 ›
3366 3193 3435 3205 —
3464 3162 3520 3216 In
3556 3167 3957 3218 commentario

2390 3254 2455 3307 ad
2488 3254 2649 3308 verba
2681 3254 2771 3308 illa
2798 3269 2941 3309 vers.
2976 3255 3045 3308 55
3074 3254 3189 3309 haec
3220 3255 3577 3309 adnotantur:
3618 3274 3639 3307 ι
3663 3254 3745 3310 Τιι
3778 3266 3955 3313 autem

2388 3356 2443 3400 et
2493 3344 2666 3400 iactus
2722 3346 2887 3399 homo
2940 3346 3084 3401 idem
3132 3360 3193 3401 es
3251 3347 3427 3416 qualis
3491 3362 3653 3412 eras,
3711 3356 3769 3401 et
3823 3350 3958 3403 sicut

2388 3438 2599 3493 dierum
2641 3438 2965 3510 principium
3015 3455 3124 3495 non
3170 3440 3367 3504 babes,
3409 3440 3480 3494 ita
3523 3456 3705 3509 neque
3740 3441 3868 3495 vita:
3902 3441 3959 3494 ti-

2387 3546 2530 3585 nem.
2556 3550 2576 3584 ι

2457 3625 2515 3677 In
2567 3622 2753 3678 eadem
2810 3624 3010 3693 pariter
3043 3625 3286 3680 oratione
3323 3624 3499 3680 allatis
3540 3626 3728 3682 verbis
3764 3629 3957 3698 psalmi

2387 3730 2648 3780 Lxxxvnt,
2672 3731 2811 3770 vers.
2837 3715 2924 3776 3‘2,
2950 3716 3038 3776 55,
3079 3735 3097 3765 ‹
3118 3725 3169 3769 et
3200 3716 3252 3768 in
3278 3716 3487 3785 justitia
3513 3725 3604 3771 tua
3633 3718 3958 3774 exaltabun-

2386 3817 2493 3873 tur,
2520 3808 2775 3879 quoniam
2800 3807 2968 3877 gloria
2990 3806 3203 3861 virtutis
3226 3822 3413 3861 eorum
3438 3818 3494 3862 tu
3517 3824 3598 3875 es,
3623 3829 3642 3859 ο
3678 3811 3813 3865 talia
3834 3812 3960 3867 sub-

2378 3899 2499 3967 jieit
2529 3918 2542 3954 :
2570 3919 2587 3952 ι
2619 3898 2675 3953 Si
2728 3915 2891 3970 porro
2920 3899 3091 3955 Filius
3118 3901 3331 3970 justitia
3373 3910 3490 3969 est,
3549 3918 3658 3956 non
3702 3918 3839 3975 ergo
3874 3906 3957 3959 ille

2386 3992 2715 4047 exaltatione
2747 4008 2885 4062 opus
2908 3992 3105 4057 habet;
3133 3993 3225 4047 sed
3274 4008 3373 4048 nos
3404 4009 3625 4057 sumus,
3663 3996 3762 4064 qui
3796 3996 3852 4049 in
3873 3997 3959 4066 ju-

2386 4082 2531 4136 stitia
2560 4082 2881 4143 exaltamur,
2912 4098 3031 4152 qua:
3045 4098 3237 4153 nempe
3260 4084 3374 4153 ipse
3389 4093 3489 4138 est.
3520 4104 3538 4136 ι
3567 4082 3703 4155 Pag.
3734 4084 3864 4140 552.
3892 4116 3958 4127 —

2384 4170 2442 4225 In
2473 4173 2865 4227 commentario
2899 4173 3199 4227 versiculus
3241 4173 3331 4227 ille
3366 4174 3433 4226 32
3468 4173 3717 4243 ejusdem
3762 4176 3958 4246 psalmi

2386 4266 2458 4320 ita
2482 4266 2770 4336 exponitur
2793 4283 2805 4319 :
2844 4284 2861 4315 ι
2886 4264 2952 4318 Et
2975 4265 3027 4318 in
3055 4263 3193 4319 Filio
3225 4273 3319 4319 tuo
3346 4264 3829 4336 gloriﬁcabuntur;
3854 4287 3874 4321 ι
3908 4276 3959 4322 α

2385 4359 2720 4428 subsequens
2737 4358 3035 4413 versiculus
3053 4357 3143 4425 55,
3171 4376 3189 4410 ι
3214 4356 3481 4425 Quoniam
3501 4358 3555 4412 in
3580 4368 3627 4413 te
3648 4359 3957 4429 gloriantur

2385 4459 2438 4504 et
2467 4452 2908 4505 corrobiirantur.
2943 4470 2961 4501 ι

725 4554 816 4591 nos
838 4578 853 4602 ,
892 4548 929 4592 t.
960 4538 1037 4606 11,
1068 4557 1189 4611 pag.
1218 4543 1321 4597 415
1346 4585 1360 4609 ,
1388 4554 1442 4599 et
1476 4545 1529 4599 in
1576 4545 1727 4600 Grai,
1764 4564 1814 4602 ιν
1856 4561 2038 4605 contra
2066 4554 2280 4619 Arium,
2315 4537 2359 4594 D
2456 4540 2515 4595 In
2536 4540 2720 4595 eadem
2747 4540 2995 4595 similiter
3019 4538 3267 4595 Oratione
3297 4543 3465 4609 prima
3495 4550 3681 4594 contra
3700 4544 3955 4608 Arianae,

724 4643 846 4701 pag.
907 4630 1028 4684 504.
1063 4632 1217 4686 -—ln
1273 4638 1663 4691 commentario
1706 4640 1773 4693 ad
1824 4656 1966 4696 vers.
2022 4644 2089 4699 15
2119 4656 2171 4700 et
2216 4647 2281 4701 M

724 4720 965 4789 ejusdem
993 4725 1184 4792 psalmi
1224 4741 1259 4779 ιι
1285 4726 1395 4780 hac
1436 4728 1732 4787 habentur:
1775 4752 1792 4784 ι
1822 4732 1886 4788 Et
1914 4737 2064 4790 oculis
2093 4739 2282 4794 audire

724 4810 851 4867 fecit
886 4830 1066 4869 vocem
1114 4833 1267 4872 suam
1318 4818 1559 4875 clamans
1589 4823 1653 4875 ad
1682 4838 1767 4877 me
1803 4843 1815 4877 :
1847 4845 1864 4875 ι
1902 4826 1979 4881 Τιι
2013 4844 2070 4883 es
2111 4829 2281 4886 Filius

729 4924 747 4954 ε
770 4919 921 4959 meus
936 4905 1191 4971 dilectus;
1216 4927 1235 4959 ι
1256 4917 1310 4962 et
1331 4909 1395 4961 ad
1413 4922 1723 4979 sequentem
1740 4929 1882 4971 vers.
1902 4917 1988 4979 15,
2009 4919 2122 4973 hinc
2142 4922 2276 4978 alia:

726 4996 883 5062 «Qua
916 4997 1003 5051 die
1024 5006 1075 5053 te
1104 5000 1618 5059 manifestavi.Nam
1655 5016 1778 5061 ante
1813 5011 2007 5064 saecula
2043 5014 2278 5069 abscon-

722 5090 867 5144 ditus
889 5105 1013 5145 eras
1042 5093 1095 5146 in
1127 5109 1212 5148 me
1241 5092 1397 5149 Patre
1436 5106 1528 5151 tuo
1548 5138 1561 5161 ,
1594 5101 2045 5168 quemadmodum
2069 5105 2135 5159 de
2162 5106 2280 5175 ipso

722 5180 980 5249 scripturn
1019 5193 1135 5239 est:
1178 5184 1456 5243 Exsistens
1494 5189 1546 5242 in
1579 5191 1699 5245 sinu
1731 5191 1927 5248 Patris.
1951 5214 1969 5247 ι
2017 5195 2097 5249 Ad
2137 5214 2275 5253 vers.

722 5288 849 5327 vero
872 5273 901 5325 7
926 5276 1059 5343 psal.
1092 5292 1179 5331 cux
1202 5278 1327 5333 talia
1357 5280 1636 5350 leguntur:
1678 5303 1695 5333 ι
1718 5283 1771 5337 In
1796 5301 1881 5340 me
1906 5302 2027 5343 eras
2045 5304 2275 5359 semper,

722 5383 786 5421 ex
819 5383 929 5435 quo
953 5371 1090 5436 ccepi
1121 5384 1304 5425 creare
1338 5374 1520 5428 omnia
1559 5390 1651 5443 per
1687 5386 1765 5440 te,
1811 5378 2152 5435 manifestavi
2198 5392 2275 5446 te,

723 5462 865 5530 quod
895 5463 1177 5527 habebam,
1208 5474 1260 5520 et
1289 5467 1461 5523 habeo
1484 5467 1680 5524 Filium
1708 5471 1769 5524 in‘
1787 5486 1873 5527 me
1902 5473 2038 5542 ipso.
2067 5494 2083 5526 ι

791 5552 848 5605 ιιι
870 5554 1055 5609 eadem
1088 5557 1310 5627 epistola
1334 5603 1347 5625 ,
1384 5569 1423 5614 t.
1461 5560 1510 5626 l,
1546 5577 1667 5633 pag.
1703 5563 1836 5628 177,
1868 5566 2056 5620 scribit
2084 5583 2278 5623 nomen

720 5642 933 5697 virtutis
962 5644 1187 5702 diversis
1221 5648 1379 5706 rebus
1414 5652 1613 5721 tribui,
1656 5654 1848 5712 deinde
1887 5655 2063 5713 addit:
2106 5678 2123 5711 ι
2149 5658 2280 5714 Alia:

788 5776 830 5807 "
876 5774 1031 5832 Joau.
1068 5795 1198 5847 xvu,
1224 5783 1276 5838 6.

2381 4649 2503 4703 pag.
2533 4632 2681 4688 355:
2735 4652 2754 4684 ί
2794 4634 2945 4699 llaec,
2986 4634 3182 4702 inquit,
3229 4635 3393 4687 verba
3440 4635 3581 4688 sacri
3649 4639 3900 4692 cantoris
3941 4654 3952 4667 ”

2387 4742 2405 4774 ‹
2441 4724 2604 4779 Sedes
2641 4733 2752 4783 tua.
2804 4723 2965 4790 Deus,
3014 4726 3067 4779 in
3103 4724 3358 4779 saeculum
3393 4726 3577 4780 sa-culi
3632 4728 3858 4796 (versic.
3892 4730 3955 4784 15

2385 4835 2403 4867 ‹
2437 4817 2573 4887 psal.
2599 4816 2767 4887 xuv).
2807 4814 2964 4887 Virga
2993 4816 3306 4872 directionis
3332 4818 3482 4887 virga
3507 4818 3656 4888 regni
3676 4821 3779 4875 tui.
3812 4819 3954 4875 Dile-

2385 4928 2404 4959 ‹
2436 4909 2561 4962 xisti
2596 4909 2882 4979 justitiam,
2934 4918 2989 4962 et
3027 4909 3193 4963 odisti
3243 4909 3606 4979 iniquitatem.
3652 4910 3952 4983 PrOpterea

2384 5019 2403 5051 ι
2441 5002 2593 5055 unxit
2624 5010 2675 5055 te
2695 5000 2857 5065 Deus,
2893 5001 3035 5056 Deus
3051 5009 3175 5057 tuus
3194 5002 3313 5057 oleo
3341 5002 3533 5058 laetitia:
3547 5020 3661 5074 praa
3681 5008 3955 5062 consortio

2386 5112 2403 5144 ι
2434 5095 2533 5148 bus
2568 5095 2695 5148 tuis.
2718 5113 2736 5144 ι
2772 5092 2974 5148 Deinde
3007 5095 3080 5149 ita
3110 5096 3456 5167 prosequitur
3490 5116 3503 5151 :
3537 5117 3557 5149 ι
3579 5098 3883 5164 Attendite,
3918 5115 3950 5153 ο

2378 5185 2601 5248 Ariani,
2630 5184 2930 5255 saltemque
2958 5202 3023 5241 ex
3053 5187 3156 5242 hoc
3175 5188 3295 5243 loco
3324 5190 3600 5258 agnoscite
3634 5194 3945 5249 veritatem.

2377 5272 2669 5329 Consortes
2710 5274 2925 5328 Domini
2972 5291 3072 5331 nos
3112 5290 3302 5332 omnes
3350 5276 3635 5333 Psalmista
3688 5282 3945 5351 appellat.

2378 5365 2532 5433 Quod
2558 5367 2602 5421 si
2626 5382 2690 5421 ex
2717 5367 2888 5421 nihilo
2913 5376 2967 5421 et
2991 5384 3095 5421 una
3120 5383 3149 5422 e
3176 5370 3337 5426 rebus
3366 5369 3522 5425 factis
3551 5382 3698 5427 esset
3740 5372 3947 5440 Filius,

2378 5463 2493 5531 ipse
2523 5475 2739 5530 quoque
2774 5463 2912 5516 inter
2934 5472 3217 5519 consortes
3250 5474 3651 5520 numeraretur.
3681 5467 3825 5523 Cum
3848 5486 3946 5523 au-

2380 5566 2482 5611 tem
2509 5556 2658 5610 illum
2689 5556 2857 5611 Deum
2880 5568 3139 5613 aeternum
3156 5558 3241 5613 bis
3269 5558 3446 5613 verbis
3469 5561 3730 5615 cecinerit
3786 5582 3801 5617 :
3846 5563 3950 5619 Ro.

2379 5666 2541 5722 gnum
2583 5660 2737 5707 tuum
2786 5650 2991 5720 Deus,»
3032 5663 3135 5709 etc.
3169 5683 3241 5694 —
3267 5654 3323 5709 ln
3370 5658 3767 5713 commentario
3806 5660 3946 5730 eius:
