4090 6312
145 396 250 454 645

768 393 853 449 DE
886 392 1154 448 TITULlS
1195 392 1631 449 PSALMURUM.
1678 422 1745 432 ~——
1785 391 2168 446 ANTONELLI
2212 391 2600 449 PREFATIO.

3251 391 3357 447 646

144 512 263 566 dem
294 512 486 581 psalmi
515 526 636 564 xuv
669 509 979 579 liujusmodi
1006 508 1180 563 brevis
1213 510 1480 577 expositio
1506 514 1692 561 contra
1726 511 1768 569 Α
1798 505 1963 562 fuisse
1995 509 2061 563 iis
2091 524 2211 578 qua:
2240 510 2294 563 in
2335 508 2487 563 Orat.
2522 524 2575 561 IV
2605 518 2789 560 contra
2813 506 3038 560 Arianos
3069 506 3358 573 dicuntur,

140 603 457 657 earumdem
481 600 801 656 Arianorum
829 601 1150 655 sententiam
1193 602 1511 655 ascribitur:
1556 622 1572 653 ‹
1598 601 1701 654 Re-

142 710 307 763 gnum
360 703 512 747 tuum
564 693 947 762 sempiternum
984 693 1072 756 (ad
1121 708 1257 746 vers.
1315 692 1422 759 16).
1459 692 1701 747 Potestas

141 796 342 841 aeterna
375 804 595 857 regnum
630 797 779 840 tuum
822 788 908 853 (ad
941 787 1133 840 versic.
1163 787 1273 854 17).
1305 786 1545 839 Dilexisti
1576 801 1703 840 san-

141 889 255 933 ctos
289 889 446 944 tuos,
470 888 523 932 et
549 878 707 933 odisti
744 879 1046 932 inventores
1069 878 1399 946 iniquitatis,
1428 877 1700 931 diabolum

143 992 335 1044 nempe
363 984 416 1029 et
438 975 658 1045 angelos
687 974 806 1042 ejus
832 973 920 1040 (ad
946 989 1085 1027 vers.
1116 973 1180 1026 18
1199 1019 1214 1039 ,
1248 975 1358 1043 19).
1413 973 1701 1044 Propterea

142 1072 479 1127 renuntiavit
510 1079 557 1123 te
588 1069 744 1123 Pater
783 1084 875 1137 per
903 1066 1161 1136 Spiritum
1202 1076 1447 1121 sanctum
1474 1110 1488 1133 ,
1522 1083 1699 1137 regem

139 1164 246 1233 jam
284 1163 678 1217 exsistcntem:
720 1158 1154 1228 quandoquidem
1195 1174 1407 1226 semper
1446 1158 1701 1212 exstitisti

144 1271 234 1309 rex
266 1269 436 1321 supra
469 1267 560 1306 eos
584 1249 674 1320 qui
711 1248 995 1318 participes
1029 1246 1243 1301 fuerunt
1274 1247 1456 1317 gratize
1486 1258 1609 1302 tum.
1634 1269 1650 1298 ι

211 1346 267 1401 1η
302 1345 559 1399 Oratione
581 1350 768 1413 quarta
793 1340 1021 1393 Arianos
1061 1348 1261 1392 temere
1304 1346 1605 1393 asserentes
1648 1340 1700 1391 in

148 1438 325 1493 Veteri
345 1436 690 1490 Testamento
712 1434 910 1486 nullam
935 1431 1075 1495 Filii,
1099 1431 1190 1484 sed
1216 1431 1384 1484 solius
1409 1429 1568 1484 Verbi
1588 1430 1703 1484 fieri

145 1531 476 1584 mentionem
506 1524 696 1579 refellit
720 1524 801 1577 bis
830 1525 1031 1578 verbis;
1064 1540 1082 1573 ι
1107 1520 1211 1577 Sed
1241 1523 1399 1576 etiam
1437 1537 1619 1576 revera
1650 1522 1701 1575 in

144 1620 323 1674 Veteri
358 1618 702 1671 Testamento
728 1614 891 1667 multa
926 1614 990 1667 de
1024 1612 1160 1666 Filio
1188 1622 1514 1678 occurrunt,
1556 1622 1612 1667 ut
1650 1613 1703 1666 in

143 1713 356 1781 psalmo
386 1708 656 1763 secundo:
694 1724 815 1757 ›-‹
834 1704 1003 1758 Filius
1037 1719 1187 1759 meus
1217 1720 1275 1758 es
1310 1714 1401 1758 tu:
1430 1718 1529 1772 ego
1546 1704 1706 1760 hodie

150 1823 166 1855 ι
190 1802 354 1872 genui
390 1809 461 1855 te.
486 1819 504 1852 ι
527 1799 590 1853 Et
620 1801 671 1851 in
697 1813 839 1852 nono
872 1798 1164 1866 inscripto:
1191 1815 1208 1847 ι
1233 1794 1288 1855 1η
1317 1796 1477 1850 finem
1502 1812 1597 1866 pro
1618 1810 1705 1850 oc-

150 1913 166 1947 ι
196 1895 360 1949 cultis
398 1891 547 1953 Filii,
577 1889 822 1945 Psalmus
857 1887 1042 1941 David.
1071 1906 1088 1938 ι
1108 1886 1173 1939 Ει
1201 1888 1253 1940 in
1288 1887 1701 1958 quadragesimo

143 1997 369 2058 quarto:
402 2004 419 2036 ι
442 1984 497 2039 1η
522 1984 679 2038 finem
708 1996 803 2052 pro
847 1981 913 2034 iis
933 1981 1025 2049 qui
1050 1980 1547 2042 commutabantur,
1576 1978 1699 2032 ﬁliis

147 2099 163 2129 ι
188 2079 352 2141 Core,
379 2078 447 2131 ad
466 2076 811 2138 intellectum,
840 2073 1109 2126 canticum
1138 2086 1233 2140 pro
1258 2070 1474 2133 dilecto,
1503 2088 1519 2120 ι
1542 2079 1697 2123 etc...

140 2169 275 2237 Quis
295 2178 474 2223 autem
500 2166 724 2219 dilectus
744 2172 824 2217 est
853 2172 1040 2231 prmter
1068 2160 1259 2215 Filium
1285 2158 1650 2230 Unigenitum,
1674 2176 1692 2208 ι

141 2272 245 2317 etc.
279 2290 349 2301 -—
380 2259 437 2312 lu
480 2255 898 2317 commentario,
954 2269 1073 2322 quae
1122 2253 1387 2307 habentur
1435 2251 1503 2305 ad
1536 2250 1699 2303 verba

142 2355 279 2425 psal.
318 2370 354 2407 ιι
386 2366 546 2421 supra
578 2350 748 2404 attuli.
786 2346 982 2402 Psalmi
1029 2356 1207 2399 autem
1244 2344 1372 2399 noni
1418 2343 1700 2411 inscriptio

142 2448 214 2501 ita
243 2445 577 2514 explicatur:
614 2459 631 2491 ‹
658 2439 711 2493 In
738 2437 1031 2492 novissimo
1057 2436 1143 2491 die
1167 2451 1263 2505 pro
1288 2433 1697 2503 incomprehen-

1802 614 1993 669 nempe
2023 600 2425 669 inscriptionem
2452 601 2523 654 ibi
2559 615 2777 670 quoque
2802 599 2868 655 de
2896 598 3073 655 Verbo
3104 598 3196 655 Dei
3223 600 3362 654 Filio

1800 693 2097 761 expositam
2152 693 2351 759 fuisse,
2396 702 2578 763 aperte
2620 692 2821 746 indicat
2860 693 3147 762 explicatio
3193 694 3362 749 totius

1800 786 2015 855 psalmi,
2044 787 2198 856 cujus
2220 790 2393 857 prima
2417 787 2576 841 verba
2606 796 2762 841 sunt:
2800 806 2816 836 ι
2842 784 3000 841 Pater
3027 787 3157 842 dicit
3182 789 3359 841 mani-

1803 876 2028 933 festasse
2056 876 2251 932 Filium
2281 894 2440 933 suum
2466 877 2635 932 Deum
2666 876 2922 932 Verbum.
2956 898 2972 929 ι

1872 1016 1926 1069 In
1968 1015 2205 1085 Epistula
2229 1016 2398 1083 prima
2419 1015 2488 1068 ad
2514 1016 2869 1084 Serapionem,
2908 1022 2948 1068 t.
2986 1016 3052 1082 ll,
3080 1032 3201 1087 pag.
3235 1016 3358 1079 559,

1809 1108 2086 1178 «Spiritus
2140 1108 2352 1162 Domini
2405 1109 2718 1163 universum
2773 1109 2952 1162 orbem
3005 1109 3247 1177 replevit.
3284 1107 3359 1163 Ita

1802 1202 1942 1254 enim
1962 1200 2125 1254 David
2150 1201 2375 1255 cecinit:
2409 1220 2425 1251 ι
2451 1201 2673 1268 Quoibo
2696 1216 2725 1254 a
2757 1201 2959 1270 Spiritu
2991 1202 3120 1254 tuo?
3144 1221 3161 1253 ι
3184 1200 3361 1271 (Psal-

1803 1308 1892 1346 mo
1917 1309 2175 1355 cxxxvm,
2212 1308 2352 1347 vers.
2382 1293 2566 1363 H.)-
2600 1293 2654 1346 In
2692 1294 3083 1347 commentario
3107 1294 3173 1348 ad
3201 1309 3359 1347 eum-

1803 1384 1923 1437 dem
1974 1385 2297 1438 versiculum
2334 1385 2527 1454 psalmi
2572 1400 2847 1447 cxxxvm,
2878 1403 2894 1435 ‹
2926 1383 3022 1439 Ubi
3058 1385 3202 1439 enim
3236 1385 3361 1439 abs-

1804 1476 2033 1529 condere
2074 1491 2159 1529 me
2191 1491 2409 1545 possum
2454 1492 2484 1530 a
2515 1486 2704 1531 sancto
2738 1488 2829 1532 tuo
2859 1476 3062 1547 Spiritu
3085 1518 3099 1542 ,
3140 1479 3235 1548 qui
3263 1495 3361 1533 no-

1804 1566 1905 1620 scit
1932 1566 2182 1619 omnia?»

1874 1708 1929 1762 In
1964 1706 2202 1776 Epistola
2228 1707 2291 1760 de
2322 1706 2531 1776 synodis
2553 1747 2567 1771 ,
2602 1722 2723 1777 pag.
2762 1704 2865 1759 609
2887 1746 2902 1771 ,
2949 1723 2966 1756 ι
2990 1704 3057 1759 Ει
3095 1705 3161 1761 de
3201 1704 3359 1761 Patre

1806 1799 2020 1869 quidem
2068 1800 2326 1866 scriptum
2380 1805 2491 1851 est:
2541 1796 2841 1851 «Dominus
2876 1795 3017 1851 Deus
3051 1806 3173 1851 tuus
3219 1814 3360 1853 unus

1811 1911 1829 1943 ι
1851 1891 2108 1945 Dominus
2121 1899 2217 1945 est.
2234 1910 2249 1940 ι
2270 1888 2447 1959 (Deut.
2464 1888 2628 1959 v1,4.)
2653 1909 2669 1939 ι
2695 1889 2767 1943 De
2784 1888 2919 1943 Filio
2942 1898 3121 1943 autem
3141 1907 3154 1942 :
3173 1907 3191 1940 ι
3218 1888 3361 1945 Deus

1812 2001 1831 2034 σ
1856 1982 2117 2037 Dominus
2154 1990 2207 2035 et
2233 1981 2406 2035 illuxit
2436 1981 2591 2034 nobis
2612 1980 2781 2051 (Psal.
2805 1996 2972 2046 cxvn,
3004 1997 3144 2035 vers.
3165 1981 3277 2049 52),
3305 1990 3361 2037 et

1809 2093 1828 2125 ι
1856 2075 2124 2128 videbitur
2168 2073 2306 2126 Deus
2337 2073 2559 2126 deorum
2610 2073 2662 2126 in
2717 2072 2842 2128 Sion
2883 2074 3055 2141 (Psal.
3118 2091 3356 2140 uuln,

1806 2182 1945 2221 vers.
2000 2166 2109 2234 H).
2147 2185 2165 2217 ι
2190 2195 2251 2205 -
2285 2163 2342 2217 1η
2393 2166 2782 2220 commentario
2808 2167 3053 2221 similiter
3078 2169 3360 2239 utriusque

1805 2259 1995 2328 psalmi
2032 2257 2191 2311 verba
2225 2256 2291 2309 de
2320 2255 2455 2310 Filio
2483 2258 2553 2310 ita
2580 2267 2923 2327 exponuntur
2955 2257 3124 2326 (Psal.
3160 2259 3354 2328 cxvu):

1812 2368 1829 2400 ι
1854 2348 2295 2418 Quandoquidem
2323 2363 2445 2401 eum
2474 2346 2616 2402 Deus
2639 2358 2779 2402 esset
2806 2347 2962 2403 Jesus
2988 2349 3245 2405 Dominus
3266 2365 3361 2420 ap-

1799 2440 1978 2510 paruit
2000 2439 2053 2493 in
2077 2448 2238 2492 terra.
2263 2456 2279 2487 ι
2316 2436 2381 2490 Et
2408 2438 2599 2506 psalm.
2629 2454 2873 2493 Luxm:
2900 2459 2917 2491 ι
2947 2438 3226 2493 Videbitur
3262 2438 3355 2495 Dei

1801 2525 1972 2580 Filius
1997 2525 2137 2581 Deus
2164 2526 2384 2581 deorum
2414 2567 2428 2591 ,
2455 2526 2547 2596 qui
2586 2527 2718 2583 tales
2753 2528 2923 2598 gratia
2969 2538 3133 2594 sunt,
3172 2529 3226 2584 in
3257 2530 3356 2585 ad-

1802 2630 1899 2670 ven
1908 2624 1962 2668 ιιι
1990 2630 2108 2669 SUO.
2135 2633 2153 2665 )

142 2537 396 2591 sibilibus
444 2531 711 2603 mysteriis
759 2527 878 2581 Filii
938 2526 1050 2581 Dei.
1080 2546 1097 2577 ι
1150 2525 1523 2595 lnterpretatio
1556 2522 1695 2577 tituli

141 2627 339 2697 psalmi
368 2640 493 2678 xuv
529 2623 676 2678 deest
703 2621 755 2674 in
780 2618 983 2683 codice,
1013 2618 1104 2673 sed
1134 2633 1252 2673 eam
1275 2624 1694 2673 consentaneam

209 2807 467 2864 Restaret
498 2805 691 2868 modo,
724 2811 782 2857 ut
813 2800 1261 2857 commentarium
1281 2840 1295 2865 ,
1332 2814 1427 2856 seu
1462 2797 1847 2869 metaphrasim
1877 2806 2114 2851 nostram
2143 2810 2265 2849 cum
2306 2793 2544 2856 Epistola
2568 2795 2634 2847 ad
2670 2794 3033 2848 Marcellinum
3074 2811 3357 2867 compara-

140 2923 279 2962 rem.
306 2904 441 2973 Quaa
464 2903 607 2957 enim
640 2901 693 2954 in
723 2916 785 2955 ea
806 2901 996 2954 beatus
1024 2897 1351 2951 Athanasius
1388 2895 1615 2949 afﬁrmat
1647 2910 1677 2948 a
1712 2902 1903 2949 sancto
1930 2891 2197 2962 Propheta
2221 2891 2362 2946 dicta
2391 2890 2558 2947 fuisse
2591 2892 2645 2945 in
2682 2893 2909 2949 Psalmis
2953 2894 3019 2948 de
3062 2892 3358 2950 Salvatoris

138 3000 377 3052 adventu
399 3034 413 3055 ,
448 3002 502 3047 et
534 2994 599 3046 de
626 2992 745 3061 ejus
767 3000 965 3047 aeterna
992 2993 1336 3062 generatione
1363 3006 1392 3044 a
1421 2989 1611 3057 Patre,
1644 3005 1877 3059 eumque
1906 2988 2083 3043 Patris
2113 2987 2346 3042 Verbum
2379 3004 2499 3043 esse
2518 3029 2533 3053 ,
2559 2999 2612 3044 et
2642 2989 2971 3060 Sapientiam
3004 2990 3055 3063 (ς
3098 2992 3190 3062 5);
3238 3009 3359 3063 ψΙῶ

137 3095 202 3148 de
223 3090 424 3146 Hessia
457 3090 681 3159 ejusque
707 3096 908 3143 aeterno
934 3104 1100 3160 regno
1127 3088 1174 3159 (§
1200 3088 1287 3156 6),
1323 3088 1389 3143 de
1418 3086 1727 3141 Iudaeorum
1756 3086 1969 3141 insidiis
1989 3129 2004 3152 ,
2031 3085 2319 3154 pravisque
2344 3085 2584 3141 consiliis
2626 3088 2884 3141 adversus
2914 3090 3161 3143 eumdem
3197 3089 3357 3145 Chri-

136 3194 282 3240 stum
317 3180 637 3247 Dominum,
669 3180 842 3250 deque
863 3178 980 3249 ejus
1016 3180 1364 3234 acerbissima
1400 3178 1653 3247 passione
1680 3176 1733 3247 (§
1764 3176 1852 3247 7):
1888 3178 2013 3231 item
2044 3176 2110 3230 de
2148 3175 2381 3245 gloriosa
2409 3176 2649 3246 ejusdem
2686 3177 2739 3231 in
2774 3177 2967 3232 cmlum
3006 3179 3356 3245 ascensione,

134 3291 249 3334 tum
284 3278 452 3334 etiam
477 3276 718 3331 sessione
740 3273 807 3327 ad
835 3275 1109 3329 dexteram
1145 3272 1338 3341 Patris,
1369 3275 1435 3329 de
1470 3274 1641 3345 pcenis
1664 3288 1726 3327 ac
1751 3270 2027 3341 punitione
2057 3268 2257 3324 diaboli
2291 3267 2342 3339 (§
2374 3267 2456 3337 8):
2488 3268 2704 3323 demum
2728 3269 2793 3322 de
2824 3267 3008 3322 futuro
3029 3270 3256 3339 judicio,
3290 3270 3358 3328 de

134 3370 429 3425 vocatione
457 3365 699 3421 omnium
726 3364 960 3433 gentium
981 3405 995 3429 ,
1023 3374 1078 3420 et
1104 3365 1156 3418 in
1178 3364 1281 3421 fine
1314 3364 1473 3419 etiam
1497 3364 1733 3433 ipsorum
1753 3362 2095 3417 Iudaeorum:
2138 3360 2251 3415 hinc
2277 3376 2494 3429 quoque
2523 3361 2573 3413 in
2608 3370 2793 3415 nostro
2815 3367 3207 3419 commentario
3233 3382 3355 3421 cum

132 3461 188 3516 in
221 3460 481 3518 eumdem
510 3473 727 3515 sensum
756 3454 998 3526 exposita
1028 3454 1293 3522 legantur,
1328 3453 1451 3508 inde
1476 3454 1648 3523 magis
1677 3452 1955 3521 magisque
1977 3450 2383 3518 comprobatur,
2409 3450 2658 3504 eumdem
2682 3450 3038 3507 Athanasium
3075 3470 3358 3512 commen-

133 3558 256 3611 urii
280 3555 495 3617 nostri,
529 3568 623 3607 seu
654 3549 1009 3619 metaphrasis
1032 3557 1305 3601 auctorem
1336 3546 1525 3613 fuisse,
1555 3561 1708 3616 aeque
1738 3562 1801 3601 ac
1827 3545 2080 3613 Epistola:
2108 3544 2175 3596 ad
2199 3544 2564 3599 illa/rcellinum
2585 3588 2599 3610 ,
2632 3564 2791 3617 quam
2824 3548 2881 3603 S.
2921 3550 3202 3605 Athanasii
3237 3568 3359 3608 esse

131 3660 296 3701 nemo
322 3643 570 3708 dubitat,
599 3654 826 3709 eamque
854 3647 1101 3692 sanctum
1135 3637 1414 3692 Doctorem
1445 3636 1594 3706 operi
1622 3651 1722 3689 suo
1747 3635 1819 3689 De
1848 3636 2017 3689 titulis
2054 3634 2393 3689 Psalmorum
2433 3641 2669 3709 prmponi
2718 3642 2988 3709 voluisse,
3027 3647 3358 3714 posteritatis

131 3736 417 3793 memoriae
443 3733 697 3789 traditum
730 3738 831 3786 est.
864 3729 990 3793 Sed,
1016 3730 1272 3799 quoniam
1299 3745 1384 3784 res
1416 3729 1628 3798 longius
1672 3728 1984 3797 procederet
2024 3745 2187 3797 quam
2221 3738 2464 3799 oportet,
2496 3741 2550 3785 et
2583 3733 2863 3802 epistolam
2900 3739 3229 3794 sanctissimi
3266 3758 3353 3797 ar-

129 3829 470 3899 chiepiscopi
496 3827 759 3897 integram
778 3823 1016 3889 exhibui,
1046 3824 1097 3877 id
1122 3825 1365 3879 studioso
1390 3823 1574 3879 lectori
1602 3822 1901 3878 faciendum
1931 3824 2197 3893 relinquo.

194 3918 450 3974 XXXIK.
477 3917 707 3980 Etenim,
736 3930 803 3969 ne
829 3914 1019 3984 majori
1044 3915 1200 3969 taedio
1222 3915 1481 3983 legentem
1513 3914 1760 3976 afﬁciam,
1792 3913 1855 3967 ad
1887 3914 2044 3968 tinem
2077 3914 2289 3969 dicendi
2314 3931 2571 3985 propero;
2602 3919 2693 3973 sed
2719 3921 3033 3991 priusquam
3063 3923 3115 3979 id
3137 3924 3355 3996 faciam,

124 4022 174 4067 et
209 4015 531 4072 institutum
559 4026 862 4068 sermonem
887 4010 1160 4065 absolvam
1180 4053 1195 4076 ,
1228 4010 1359 4064 illud
1390 4025 1417 4063 a
1444 4025 1531 4064 me
1562 4008 1917 4064 omittendum
1952 4024 2058 4063 non
2086 4017 2200 4077 est,
2228 4025 2352 4065 cum
2384 4011 2629 4067 Latinam
2664 4014 2827 4084 hujus
2869 4021 3230 4089 metaphrasis
3261 4040 3357 4081 seu

123 4112 515 4169 commentarii
547 4110 845 4165 versionem
889 4116 1124 4177 quatuor
1160 4116 1254 4161 aut
1304 4105 1544 4176 quinque
1584 4108 1652 4159 ab
1698 4104 1824 4159 hinc
1866 4105 2022 4159 annis
2058 4120 2181 4159 cum
2218 4106 2588 4162 eruditissimo
2621 4108 2681 4163 P.
2720 4109 3018 4169 Blanchino
3056 4132 3355 4189 congrega-

125 4204 294 4259 tionis
326 4201 564 4257 Oratorii
588 4200 900 4273 presbytero
920 4241 935 4265 ,
958 4202 1051 4272 qui
1075 4202 1176 4255 alia
1204 4201 1370 4255 etiam
1399 4214 1709 4256 sanctorum
1738 4200 1957 4254 Patrum
1988 4200 2249 4269 opuscula
2275 4201 2327 4254 in
2359 4202 2534 4257 lucem
2570 4205 2726 4259 edere
2756 4208 3015 4276 parabat,
3047 4212 3357 4266 communi—

121 4316 341 4357 cassem
367 4340 383 4366 ,
408 4300 523 4369 ipse
555 4299 609 4354 iu
636 4299 909 4369 publicum
941 4298 1217 4353 emittendi
1252 4313 1437 4352 curam
1471 4299 1525 4351 in
1573 4313 1631 4352 se
1670 4297 1947 4365 suscepit,
1989 4296 2348 4366 promisitque
2379 4298 2432 4351 in
2462 4313 2654 4368 opere,
2687 4302 2774 4355 cui
2818 4304 3005 4360 titulus
3042 4325 3055 4360 :
3104 4305 3357 4363 Vindicio:

119 4394 508 4449 canonicarum
557 4391 967 4458 Scripturarum.
996 4389 1187 4445 Postea
1217 4397 1396 4443 autem
1420 4404 1542 4443 cum
1593 4389 1644 4443 ei
1701 4387 1999 4442 scribenda:
2024 4387 2406 4443 ecclesiasticae
2439 4390 2681 4444 historia:
2707 4406 2903 4449 munus
2930 4410 2959 4448 a
2991 4412 3103 4450 suae
3126 4412 3359 4468 congre-

118 4490 366 4559 gationis
394 4487 670 4544 sodalibus
698 4486 932 4541 delatum
965 4484 1194 4550 fuisset,
1228 4484 1566 4539 clarissimus
1597 4481 1678 4535 vir

1805 4497 1887 4536 em
1920 4496 2021 4551 ego
2070 4481 2316 4551 pluribus
2347 4480 2447 4535 hoc
2489 4481 2609 4535 loco
2639 4482 2759 4551 jure
2801 4487 2994 4541 merito
3038 4489 3352 4559 laudarem,

114 4595 325 4651 easque
351 4578 610 4633 referrem
642 4576 859 4642 laudes,
888 4590 1024 4645 quas
1048 4574 1317 4631 immerito
1358 4574 1411 4627 in
1453 4588 1539 4627 me
1571 4574 1830 4637 contulit,
1864 4574 1917 4627 ni
1964 4587 2179 4627 vererer
2216 4572 2333 4641 ejus
2367 4572 2685 4629 modestiam
2725 4575 3026 4646 offendere,
3062 4592 3116 4637 et
3160 4586 3355 4641 merito

115 4674 331 4733 censeri
358 4714 378 4739 ,
408 4672 543 4725 alios
572 4670 876 4738 importune
902 4666 1168 4722 laudando
1220 4667 1487 4721 indebitas
1524 4666 1656 4719 mihi
1687 4666 1874 4720 laudes
1917 4665 2050 4718 velle
2094 4664 2375 4733 aucupari)-
2414 4664 2569 4718 ﬁdem
2608 4667 2820 4733 publico
2853 4669 3030 4725 datam
3075 4675 3354 4733 exsolvere

114 4769 394 4842 nequivit.
421 4766 604 4835 Itaque
633 4778 699 4817 ne
724 4763 1124 4832 exspectatione
1148 4777 1245 4815 sua
1283 4760 1665 4816 fraudarentur
1688 4776 1869 4814 rerum
1897 4757 2389 4813 ecclesiasticarum
2427 4768 2696 4813 amatores
2718 4800 2734 4822 ,
2760 4771 2812 4814 et
2846 4763 3049 4818 diutius
3076 4765 3349 4825 desidera-

113 4872 234 4918 rent
260 4856 595 4931 praeclarum
620 4869 755 4923 opus
776 4851 1103 4907 sanctissimi
1134 4850 1330 4913 Patris,
1367 4853 1433 4906 de
1465 4851 1621 4921 cujus
1656 4851 1908 4920 operibus
1942 4858 2085 4903 recte
2108 4849 2283 4904 aiebat
2320 4850 2487 4905 abbas
2517 4851 2606 4905 ille
2631 4852 2859 4908 Cosmas
2891 4854 3045 4927 (93'),
3068 4870 3120 4913 et
3146 4865 3349 4919 sancti-

114 4963 222 5009 tate
251 4962 483 5005 morum
509 4954 562 5001 et
584 4943 879 4999 monastica
903 4940 1234 5013 professione
1266 4942 1527 4997 illustris:
1562 4961 1578 4992 ι
1608 4943 1663 4997 Si
1693 4944 1966 4998 inveneris
2001 4942 2203 5010 aliquid
2236 4958 2300 4997 ex
2330 4944 2607 5011 epusculis
2652 4943 2711 4998 S.
2763 4946 3074 5018 Athanasii,
3109 4970 3208 5012 nec
3253 4958 3353 5011 ha-

114 5045 299 5099 bueris
330 5039 584 5096 chartam
609 5036 673 5089 ad
698 5034 1041 5089 scribendum
1062 5074 1076 5099 ,
1101 5034 1153 5088 in
1191 5034 1524 5088 vestimentis
1553 5035 1661 5089 tuis
1694 5036 1869 5089 scribe
1901 5035 2063 5099 illud;
2095 5054 2111 5083 ι
2143 5035 2287 5103 quod
2320 5034 2408 5088 ille
2435 5036 2795 5105 promiserat,
2828 5039 2879 5093 id
2908 5056 3011 5110 ego
3055 5058 3310 5113 praestare
3332 5091 3346 5113 ,

112 5135 291 5205 quoad
327 5144 435 5203 per
466 5127 843 5196 occupationes
878 5125 1107 5188 libebat,
1137 5125 1408 5179 constitui.
1454 5126 1740 5181 Cunctanti
1769 5137 1945 5180 autem
1984 5126 2234 5181 stimulos
2264 5126 2471 5181 addidit
2500 5128 2791 5196 singularis
2820 5131 3126 5203 benignitas
3165 5141 3345 5193 excel-

113 5224 414 5284 lentissimi
446 5220 732 5275 Praenestis
756 5219 1009 5290 principis
1031 5217 1158 5272 Julii
1183 5218 1413 5274 Caesaris
1432 5260 1444 5282 ,
1474 5222 1567 5288 qui
1591 5236 1655 5273 ex
1681 5220 2017 5273 nobilissima
2036 5218 2389 5273 Columnensi
2417 5220 2580 5275 domo
2608 5223 2660 5275 in
2691 5220 3040 5279 Bai-berinam
3076 5226 3341 5285 familiam

113 5319 321 5374 ascitus
344 5309 804 5382 spectatissimam
829 5307 1080 5362 feminam
1112 5308 1407 5376 principem
1435 5308 1741 5363 Corneliam
1771 5308 2077 5363 Barberinas
2101 5309 2284 5378 stirpis
2318 5311 2538 5364 unicum
2582 5323 2856 5382 superstes
2887 5331 3109 5386 germen
3144 5320 3196 5373 in
3234 5337 3348 5375 ma-

111 5409 440 5468 trimonium
474 5402 649 5467 duxit,
672 5410 725 5455 et
754 5401 1033 5455 universas
1061 5398 1477 5455 Barberinorum
1508 5416 1638 5470 opes
1664 5418 1728 5455 ac
1751 5400 2037 5456 facultates
2062 5401 2416 5471 possidendas
2444 5404 2935 5476 custodiendasque
2965 5410 3190 5479 accepit.
3224 5411 3343 5481 Ipse

112 5506 250 5559 enim
276 5546 293 5571 ,
330 5500 432 5572 qui
463 5495 814 5551 vetustissimi
845 5495 1054 5565 generis
1083 5495 1413 5548 nobilitatem
1444 5496 1702 5549 virtutum
1750 5498 2057 5565 praastantia
2094 5497 2379 5551 aemulatur
2402 5539 2415 5562 ,
2462 5514 2693 5569 vereque
2728 5518 3015 5572 germanus
3065 5505 3229 5562 frater
3262 5517 3345 5561 est

115 5614 212 5651 non
237 5598 426 5652 solum
452 5588 725 5645 natalibus
751 5628 765 5650 ,
801 5587 893 5641 sed
923 5585 1084 5639 etiam
1119 5587 1360 5640 moribus
1390 5588 1804 5643 eminentissimi
1835 5588 2128 5645 cardinalis
2156 5586 2407 5658 Prosperi
2428 5630 2444 5657 ,
2472 5590 2626 5660 cujus
2657 5593 3069 5663 magnanimitas
3091 5637 3107 5665 ,
3152 5597 3342 5654 huma-

176 5774 312 5841 (95')
350 5770 456 5839 Ap.
487 5765 646 5822 Joan.
679 5763 975 5831 Moschum,
1009 5766 1098 5820 lib.
1128 5783 1178 5829 χ,
1201 5781 1317 5836 cap.
1344 5766 1428 5821 40.
