4068 6310
781 379 887 435 647
1561 380 1619 435 S.
1660 378 2024 433 ATIIANASII
2065 378 2214 433 OPP.
2256 376 2434 431 PARS
2474 374 2555 429 l'l.
2598 406 2666 415 —
2704 375 3103 431 EXEGETICA.
3898 373 3980 426 648

786 506 956 565 nitas,
980 503 1219 572 probitas
1239 513 1293 559 et
1313 504 1567 573 praeclara
1597 504 1798 573 ingenii
1824 502 2032 555 indoles
2055 500 2119 555 ad
2142 500 2459 569 dignitatem
2483 507 2537 552 et
2575 498 2825 552 virtutem
2861 508 2984 551 nata
3005 537 3020 561 ,
3068 495 3208 550 haud
3241 495 3371 550 satis
3412 494 3617 549 laudari
3654 506 3755 562 pro
3792 490 3978 544 meritis

784 608 989 668 potest;
1024 598 1172 669 ipse,
1200 600 1450 669 inquam,
1480 598 1925 668 pmstantissimo
1957 596 2111 651 fratri
2147 596 2290 650 haud
2335 594 2616 649 dissimilis
2646 594 2885 648 codicem
2918 593 3160 647 Graecum
3184 631 3198 653 ,
3238 607 3345 660 quo
3379 590 3716 645 commodius
3743 588 3797 641 in
3824 586 3976 640 lucem

781 691 939 744 edere
963 706 1197 760 possem,
1227 690 1446 746 domum
1477 690 1824 746 deferendum
1856 690 2092 745 tradidit.
2133 688 2347 743 Utinam
2384 688 2464 741 vel
2490 688 2658 743 codex
2686 688 2981 741 doctiorem
3014 703 3097 742 me
3118 688 3461 755 interpretem
3489 694 3679 739 nactus
3705 694 3881 745 esset,
3911 686 3977 743 vel

781 796 881 848 ego
909 782 1143 836 codicem
1174 783 1579 837 correctiorem!
1609 782 1734 837 Erat
1762 784 1927 847 enim,
1954 792 2013 836 ut
2037 782 2287 851 superius
2315 780 2447 844 dixi,
2481 780 2797 843 mendosus,
2830 795 3078 839 mancus,
3111 780 3404 833 oscitanter
3436 778 3692 847 scriptus,
3724 776 3977 845 permistis

782 893 922 946 sepe
950 878 1276 947 psalmorum
1302 888 1353 933 et
1387 879 1840 948 interpretationis
1866 878 2078 943 verbis,
2113 876 2442 945 minimeque
2476 875 2881 944 interpretatio,
2928 885 2985 928 ut
3018 894 3046 928 a
3094 890 3177 927 nte
3220 874 3417 928 factum
3453 883 3566 935 est,
3601 874 3656 926 in
3697 872 3976 926 versiculos

776 968 930 1038 juxta
962 979 1194 1025 veterem
1219 969 1554 1027 Psalmorum
1591 974 1911 1028 divisionem
1938 971 2211 1025 distincta.
2246 966 2427 1034 Quare
2449 967 2492 1020 si
2524 983 2644 1036 qua:
2674 968 2863 1023 lectori
2884 977 3174 1029 occurrant
3205 982 3325 1037 quae
3354 966 3488 1021 forte
3511 966 3765 1028 obscura,
3794 965 3974 1033 inepta,

781 1061 979 1128 aliena,
1002 1070 1055 1117 et
1075 1062 1294 1118 minime
1325 1064 1465 1119 inter
1492 1081 1549 1120 se
1576 1076 1939 1121 consentanea
1972 1063 2283 1127 videantur,
2316 1060 2367 1113 id
2400 1060 2482 1114 vel
2506 1060 2708 1115 codicis
2729 1062 3009 1116 vitiositati
3044 1061 3124 1115 vel
3149 1060 3463 1131 typograplti
3498 1060 3719 1114 incuria:
3741 1099 3757 1121 ,
3790 1058 3869 1113 vel
3895 1072 3980 1127 po-

782 1152 889 1209 tius
929 1152 1154 1209 inscitiz
1181 1170 1311 1209 mea:
1344 1155 1396 1208 in
1428 1154 1630 1209 Graecis
1654 1155 1946 1218 vertendis,
1979 1151 2293 1223 supplendis
2316 1150 2775 1221 corrigendisque,
2805 1161 2861 1207 ut
2896 1152 3116 1215 tribuat,
3144 1150 3325 1205 velim.

967 1400 1273 1461 Monitum
1334 1397 1414 1458 ad
1480 1397 1797 1458 Lectorem
1826 1409 2186 1477 excerptum
2223 1419 2302 1461 ex
2357 1398 2677 1460 Antonellt’
2726 1400 3094 1479 pro/ctione
3127 1399 3481 1479 Appendici
3510 1401 3796 1479 praeﬁxa.

848 1538 1205 1611 Posteaquam
1228 1541 1682 1607 Commentarius,
1710 1558 1805 1597 seu
1830 1543 2205 1613 lnterpretatio
2223 1543 2559 1599 Psalmorum
2590 1542 2767 1611 magni
2796 1542 3078 1597 Athanasii
3112 1541 3330 1595 nomine
3362 1540 3613 1610 insignita
3638 1540 3691 1594 in
3717 1542 3975 1611 publicum

778 1634 1081 1703 prodierat,
1119 1632 1252 1688 [orte
1280 1632 1492 1688 fet-tuna
1536 1636 1791 1705 contigit,
1834 1644 1895 1688 ut
1924 1636 2216 1704 scriptores
2252 1634 2599 1690 Bibliotheca:
2627 1634 2927 1698 Vaticana,
2965 1650 3087 1688 cum
3121 1636 3334 1690 codices
3367 1635 3418 1688 in
3448 1635 3645 1704 quibus
3679 1636 3974 1703 psalterium

776 1726 979 1797 aliique
1005 1725 1208 1781 Veteris
1229 1724 1471 1797 Novique
1497 1727 1826 1783 Testamenti
1856 1730 1978 1782 libri
2009 1731 2353 1783 continentur
2375 1770 2388 1792 ,
2412 1730 2737 1792 evolverent,
2757 1730 2807 1782 in
2842 1745 2965 1783 eum
2998 1729 3294 1783 inciderent
3315 1743 3421 1799 quo
3450 1739 3499 1783 et
3527 1727 3727 1783 Psalmi
3759 1741 3811 1785 et
3834 1729 3978 1784 Com.

777 1823 1076 1877 mentarius
1102 1833 1283 1877 noster
1315 1824 1505 1877 inerat.
1532 1822 1647 1889 Qua
1676 1823 1740 1877 de
1764 1839 1822 1877 re
1856 1824 2033 1879 statim
2060 1824 2372 1878 admonitus
2406 1826 2471 1879 ad
2500 1824 2815 1879 Vaticanam
2845 1824 3225 1879 bibliothecam
3267 1840 3353 1880 me
3378 1825 3613 1891 contuli,
3648 1835 3701 1880 et
3728 1836 3977 1896 potestate

775 1914 907 1967 mihi
926 1930 955 1968 a
980 1913 1463 1983 summoponti‘t‘tce
1492 1914 1778 1970 Benedicto
1800 1913 1916 1967 XIV
1945 1915 2174 1985 benigne
2202 1914 2362 1981 facta,
2391 1916 2628 1970 codicem
2663 1931 2872 1969 mecum
2899 1916 3119 1969 domum
3144 1916 3320 1980 retuli,
3352 1930 3521 1985 eoque
3544 1932 3668 1970 cum
3698 1915 3976 1971 Commen-

775 2008 913 2061 tario
942 2024 970 2061 a
1002 2023 1087 2062 me
1115 2008 1169 2062 in
1200 2008 1373 2062 lucem
1401 2010 1565 2075 edito,
1590 2026 1697 2080 quo
1727 2010 1885 2063 citius
1914 2025 2009 2078 per
2041 2010 2419 2079 occupationes
2446 2012 2617 2075 licuit,
2642 2011 2862 2075 collato,
2888 2010 3062 2063 varias
3088 2008 3349 2063 lectiones
3378 2023 3439 2062 ea
3467 2008 3658 2077 majori
3691 2008 3973 2077 diligentia,

773 2117 879 2171 qua
905 2104 1086 2171 potui,
1110 2101 1394 2173 exscripsi,
1414 2117 1635 2173 easque,
1662 2113 1809 2159 ratus
1843 2119 1960 2157 sum
2004 2120 2090 2159 me
2150 2121 2261 2159 rem
2292 2114 2499 2175 gratam
2532 2106 2716 2161 lectori
2754 2105 3043 2169 facturum,
3074 2104 3117 2158 si
3147 2103 3213 2156 ad
3238 2102 3437 2157 calcem
3466 2101 3863 2156 Commentarii
3894 2117 3973 2155 seu

774 2198 1232 2265 Interpretationis
1248 2198 1358 2266 jam
1386 2198 1527 2267 typis
1552 2197 1822 2266 impressa:
1850 2198 2194 2270 adjungerem
2233 2200 2369 2269 (94).
2398 2200 2671 2270 Siquidem
2703 2201 2853 2270 plura
2881 2216 3002 2270 qua:
3041 2200 3093 2253 in
3132 2210 3319 2253 nostro
3352 2198 3533 2253 codice
3562 2198 3831 2262 deerant,
3868 2214 3976 2266 sup.

773 2288 1019 2359 plentur:
1052 2291 1215 2343 multa
1240 2305 1305 2343 ex
1326 2290 1634 2359 conjectura
1661 2305 1688 2343 a
1714 2305 1798 2343 me
1822 2292 2105 2345 emendata
2131 2292 2547 2347 conﬁrmantur:
2576 2294 2803 2363 plurima
2828 2308 3010 2361 prave,
3042 2292 3317 2353 mendose,
3342 2306 3406 2343 ac
3436 2301 3774 2359 praepostero
3804 2293 3974 2346 ordine

773 2379 971 2449 scripta
1003 2380 1368 2450 corriguntur.
1395 2379 1620 2435 Demum
1646 2381 1966 2435 divisionem
1990 2380 2330 2435 Psalmorum
2362 2382 2415 2435 in
2449 2386 2683 2439 minores
2711 2383 3005 2439 versiculos
3030 2398 3123 2452 per
3151 2384 3267 2437 cola
3296 2392 3349 2437 et
3379 2393 3672 2451 commata,
3700 2395 3760 2439 ut
3789 2397 3976 2441 veteres

770 2484 987 2540 vocant,
1011 2491 1171 2547 quam
1196 2487 1463 2532 servatam
1491 2474 1656 2529 fuisse
1688 2490 1718 2527 a
1753 2484 1939 2528 nostro
1966 2473 2215 2531 Psalterii
2246 2476 2555 2545 interprete.
2584 2494 2647 2532 ex
2676 2480 2899 2550 antiquo
2924 2493 3071 2533 more
3095 2494 3158 2532 ac
3185 2478 3576 2533 consuetudine
3604 2481 3976 2537 νει-οςίωἰιὶιετ

771 2566 1108 2635 conjeceram
1136 2606 1151 2630 ,
1183 2583 1362 2621 veram
1387 2582 1507 2621 esse
1538 2575 1590 2620 et
1621 2566 1843 2621 minime
1875 2569 2299 2623 commentitiam
2340 2568 2627 2626 manifesto
2659 2573 2961 2627 ostenditur
2984 2610 2999 2633 ,
3044 2582 3098 2626 et
3137 2571 3304 2625 multa
3342 2571 3415 2624 ita
3444 2585 3503 2625 se
3532 2570 3738 2627 habere
3758 2614 3773 2637 ,
3808 2582 3863 2627 ut
3893 2590 3975 2645 per

772 2661 1137 2731 conjecturam
1163 2661 1372 2715 fuerant
1396 2678 1424 2715 a
1450 2677 1533 2716 me
1564 2662 1868 2727 emendata,
1901 2664 2217 2734 probantur.

838 2756 1020 2812 Codex
1056 2766 1231 2812 autem
1260 2768 1434 2814 exstat
1456 2759 1507 2811 in
1540 2757 1871 2814 Bibliotheca
1900 2758 2153 2814 Vaticana
2181 2760 2322 2814 inter
2345 2759 2557 2815 codices
2582 2757 2856 2813 Palatinos
2892 2774 3118 2812 numero
3138 2758 3228 2824 44,
3254 2773 3317 2812 ea
3344 2756 3517 2812 forma
3544 2775 3713 2828 quam
3745 2763 3900 2832 vulgo
3926 2763 3973 2816 in

770 2862 963 2923 quarto
986 2863 1198 2908 vocant.
1220 2853 1311 2908 Est
1336 2854 1553 2924 quidem
1585 2854 1985 2920 membraueus,
2012 2869 2119 2908 non
2146 2866 2323 2910 autem
2352 2855 2689 2921 chartaceus,
2719 2862 2778 2908 ut
2803 2854 2889 2907 ille
2912 2870 3019 2924 quo
3045 2853 3097 2907 in
3125 2868 3241 2906 mea
3263 2853 3496 2906 editione
3518 2854 3835 2909 adornanda
3860 2870 3974 2909 usus

770 2959 914 3000 sum.
954 2942 1197 3014 Scriptus
1227 2954 1310 2999 est
1340 2945 1535 2999 saculo
1565 2959 1709 2998 nono
1738 2955 1967 3000 exeunte
1991 2986 2007 3011 ,
2041 2954 2098 3001 ut
2122 2962 2184 3001 ex
2215 2947 2525 3002 charactere
2544 2987 2558 3009 ,
2592 2957 2705 3001 tum
2735 2949 2936 3002 certius
2966 2963 3032 3001 ex
3057 2947 3234 3000 verbis
3262 2955 3507 3011 constat,
3540 2963 3664 3017 quae
3692 2949 3746 3004 in
3770 2951 3975 3006 adnota-

771 3036 916 3092 tione
944 3035 1011 3091 ad
1038 3038 1239 3091 calcem
1269 3035 1470 3092 codicis
1498 3038 1727 3108 ascripta
1760 3036 2043 3108 leguntur:
2079 3039 2192 3094 haec
2220 3049 2394 3093 autem
2424 3038 2478 3092 in
2501 3038 2751 3093 Latinum
2786 3054 2939 3095 versa
2973 3039 3097 3093 talia
3123 3046 3281 3094 sunt:

1598 3131 1663 3187 Ut
1692 3133 1861 3189 dulcis
1886 3134 2245 3205 navigantibus
2278 3135 2592 3207 tranquillus
2624 3147 2803 3206 portus

1608 3228 1696 3283 Ita
1717 3239 1765 3283 et
1792 3232 2134 3285 scribentibus
2166 3232 2381 3287 ultimus
2414 3250 2606 3287 versus.

1608 3382 1844 3452 Scriptus
1871 3392 1945 3437 est
1977 3383 2105 3437 liber
2130 3386 2226 3438 iste
2253 3384 2548 3453 interpretis
2574 3385 2826 3441 Psalterii

1610 3494 1766 3531 manu
1796 3477 1977 3531 Leonis
2008 3476 2279 3532 Tabularii
2304 3479 2623 3535 Monobast'w

1604 3575 1779 3628 Mense
1809 3576 2042 3644 Augusto
2072 3574 2162 3639 28,
2199 3576 2282 3630 die
2310 3576 2364 3641 2,
2395 3575 2516 3631 Ind.
2556 3618 2569 3631 .
2615 3619 2629 3631 .
2670 3619 2682 3632 .
2726 3614 2744 3635 .

1606 3682 1743 3720 anno
1776 3664 1913 3719 60l5
1942 3665 2097 3735 (94⁸).

1614 3754 1799 3808 Lector
1826 3755 2100 3823 deprecare
2122 3756 2269 3821 mihi,
2302 3766 2358 3809 ut
2385 3774 2474 3826 per
2506 3759 2774 3816 Christum

1607 3847 1794 3900 liberer
1817 3846 1879 3898 ab
1910 3847 2026 3915 igne
2054 3846 2313 3915 gehenme.

841 3940 1054 3999 Codicis
1077 3939 1355 4010 inscriptio
1375 3978 1390 4003 ,
1418 3953 1482 3993 ex
1512 3952 1618 4008 qua
1646 3952 1840 3992 nomen
1872 3937 2107 3990 auctoris
2148 3935 2606 4007 lnterpretationis
2635 3942 2971 4002 Psalmorum
2999 3950 3197 4008 certius
3242 3953 3401 4009 nobis
3426 3967 3767 4026 compertum
3799 3959 3966 4025 ﬁeret,

773 4037 967 4107 majori
994 4053 1059 4092 ex
1080 4045 1230 4105 parte
1258 4035 1428 4090 deleta
1452 4044 1554 4126 est.
1590 4033 1822 4089 Litteras
1852 4048 2151 4126 vero,quze
2180 4034 2355 4090 adhuc
2378 4048 2687 4107 supersunt,
2721 4049 2775 4095 et
2801 4058 2939 4112 quae,
2968 4061 3076 4116 pra:
3096 4057 3361 4103 vetustate
3382 4050 3598 4119 quidem
3632 4052 3746 4121 jam
3776 4055 3968 4126 fugien-

772 4141 887 4196 tes,
915 4130 1093 4198 aliqua
1124 4137 1298 4181 tamen
1324 4125 1626 4194 diligentia,
1654 4134 1708 4179 et
1743 4140 1872 4178 cura
1898 4124 2169 4187 adhibita,
2205 4126 2305 4209 legi
2348 4136 2635 4197 poterant,
2672 4136 2883 4191 caeteris
2920 4138 3141 4193 omnino
3170 4141 3392 4209 deletis,
3432 4145 3533 4201 hoc
3566 4148 3687 4204 loco
3719 4124 3966 4209 ascribam

774 4219 1127 4274 EPMHNEIA
1160 4218 1451 4271 ΨΑΛΜΩΝ
1488 4256 1501 4267 .
1543 4254 1559 4269 .
1605 4257 1617 4269 .
1658 4257 1671 4270 .
1717 4258 1729 4269 .
1774 4254 1786 4266 .
1831 4253 1845 4265 .
1888 4254 1901 4267 .
1945 4214 2103 4268 (51οΥ
2139 4208 2273 4266 ΤΟῩ
2312 4255 2325 4270 .
2368 4255 2380 4268 .

1286 4208 2892 4279 ιΜΩΝ........(ΞΙΟΥΤΟῩ...........

772 4326 866 4368 eas
888 4320 1065 4365 autem
1101 4311 1178 4365 sic
1208 4310 1473 4381 legerem:

930 4537 933 4540 ἠ
982 4467 1333 4525 EPMHNEIA
1371 4469 1663 4523 ΨΑΑΜΩΝ
1696 4470 2083 4529 ΑΘΑΝΑΣιοΥ
2122 4472 2256 4529 Ter
2294 4475 2608 4530 ΜΕΓΑΑΟΥ

1556 4626 2105 4685 lNTERPllETATlO
2141 4630 2566 4690 PSALMORUM
2606 4635 2818 4691 MAGNI
2851 4636 3218 4697 ATHANASII

846 4808 973 4866 Post
993 4812 1399 4883 inscriptionem
1426 4812 1669 4882 sequitur
1692 4813 1901 4884 primus
1928 4815 2168 4885 psalmus
2189 4833 2311 4872 cum
2334 4818 2789 4890 interpretatione,
2814 4839 2933 4895 quae
2954 4824 3139 4881 deerat
3160 4825 3213 4880 in
3238 4836 3425 4884 nostro
3450 4831 3657 4887 codice.
3694 4834 3800 4891 Sed
3824 4837 3960 4891 verba

777 4908 969 4978 psalmi
999 4917 1052 4961 et
1079 4908 1527 4987 interpretationis
1553 4908 1636 4964 vel
1661 4918 1951 4976 vetustate,
1988 4912 2072 4966 vel
2095 4913 2446 4982 humiditate,
2477 4919 2558 4971 vel
2597 4918 2702 4974 alio
2725 4936 2853 4976 casu
2899 4938 3007 4977 non
3059 4922 3279 4978 minima
3323 4940 3389 4977 ex
3420 4935 3572 4994 parte
3611 4928 3892 4985 obliterata
3915 4940 3958 4983 et

777 5010 1024 5144 ῗυιτυρω
1054 5016 1160 5101 non
1181 5003 1381 5071 absque
1409 5004 1640 5058 maxima
1661 5003 1967 5060 diﬂicultate
1989 5007 2088 5077 legi
2114 5016 2429 5077 potuerunt;
2455 5028 2515 5068 ea
2541 5022 2716 5067 autem
2740 5032 3061 5087 quacunque
3081 5018 3227 5087 potui
3250 5016 3525 5088 diligentia
3550 5035 3578 5073 a
3606 5037 3692 5077 me
3713 5024 3954 5093 descripta

799 5100 943 5144 ector
969 5104 1207 5144 reperiet.

799 5100 943 5145 ector
969 5100 1207 5158 reperiet.

852 5272 1614 5363 (‘94-)‘9uaegvero-Antonellus
1640 5278 1727 5359 .ad
1769 5280 1969 5359 calcem
2013 5277 2312 5333 Commen-
2496 5282 2629 5351 (94‘)
2657 5286 2765 5363 A_n._
2792 5286 2989 5363 “Otia
3011 5290 3286 5363 creatione
3328 5292 3511 5347 mundi
3558 5295 3701 5363 apud
3744 5297 3949 5357 Grues.

780 5348 897 5398 tarii
924 5347 1187 5413 adjunxit,
1219 5360 1314 5401 nos
1336 5347 1448 5401 suis
1477 5348 1605 5402 locis
1639 5348 1961 5405 inseruimus
2431 5347 2512 5406 est
2544 5371 2571 5405 ξι
2606 5347 2877 5412 nativitate
2897 5356 3095 5412 Christi
3124 5360 3243 5415 897.
