4068 6310
158 345 267 405 649
1126 358 1216 413 DE
1250 357 1528 416 TITULIS
1568 361 2023 418 PSALHORUM.
2066 394 2134 406 —-
2173 364 2370 421 PSAL.
2416 364 2455 421 1,
3314 370 3416 424 650

264 659 3223 689 _._____________________________________________

1067 913 1487 1011 SANCTI
1559 920 2007 1011 PATRIS
2081 920 2519 1016 NOSTBI

1272 1234 2297 1352 ATHANASII

832 1584 1013 1699 DE
1103 1584 1684 1701 TITULIS
1762 1585 2624 1703 PSALMORUM

613 2061 863 2115 ΒΙΒΛΟΣ
935 2063 1265 2120 ΨᾹΛΜΩΝ.
1752 2073 1799 2129 Α

1752 2073 1799 2129 Α
2238 2061 2459 2118 LIBER
2490 2062 2959 2121 PSALMORUM.

151 2194 407 2269 Ψαλμὸς
444 2196 525 2263 τῷ
563 2197 739 2252 Δασὶδ
776 2197 1179 2271 ἀνεπίγραφος
1218 2203 1358 2273 παρ’
1410 2200 1718 2273 Ἑϐραίοις.

1627 2220 1718 2269 ης.
1982 2200 2230 2255 Psalmus
2261 2201 2429 2255 David
2459 2203 2573 2255 sine
2601 2202 2757 2257 titulo
2780 2204 2924 2273 apud
2959 2217 3233 2263 .seoraor.

736 2336 1040 2391 ΨΑΛΜΟΣ
1068 2341 1150 2390 Α’.

2378 2338 2723 2395 PSALMUS
2782 2338 2830 2395 Ι.

216 2479 266 2532 ί,
309 2468 599 2540 Μακάριος
622 2470 778 2541 ἀνὴρ,
813 2471 871 2535 ὃς
901 2472 1000 2524 οὐκ
1025 2470 1291 2543 ἐπορεύθη
1323 2472 1379 2525 ἐν
1406 2471 1566 2542 βουλῇ
1599 2472 1720 2524 ἀσε-

148 2559 274 2607 ὕων-

1892 2476 1942 2532 1.
1975 2477 2174 2533 Beatus
2223 2478 2306 2533 vir
2349 2478 2444 2548 qui
2487 2494 2594 2534 non
2654 2478 2788 2534 abiit
2824 2477 2882 2533 in
2922 2477 3156 2534 consilio
3192 2479 3393 2548 impio-

1818 2582 1938 2607 mm

178 2576 274 2622 ων,
1818 2582 1938 2621 rum

211 2608 274 2706 Ξῖ
309 2652 423 2706 Καὶ
458 2654 513 2706 ὲν
541 2653 643 2723 ὁδῷ
682 2654 1018 2726 ἁμαρτωλῶν
1050 2656 1149 2709 οὐκ
1184 2656 1335 2727 ἔστη,

1820 2608 1964 2635 ......,

1307 2678 1335 2727 ι.
1885 2660 1938 2715 2.
1973 2660 2038 2714 Et
2066 2661 2118 2714 in
2142 2660 2229 2715 via
2250 2668 2598 2731 peccatorum
2627 2676 2737 2717 non
2768 2661 2913 2716 stetit

210 2746 261 2800 3.
304 2748 421 2799 Kal.
455 2748 546 2800 ἐπὶ
575 2747 811 2819 καθέδρᾳ
839 2748 1040 2819 λοιμῶν
1072 2750 1171 2801 ούκ
1202 2748 1455 2803 ἐκάθισεν
1476 2769 1489 2782 ·

1487 2771 1489 2781 ι
1888 2750 1945 2805 3.
1972 2749 2038 2805 Et
2065 2751 2119 2805 in
2156 2751 2414 2805 cathedra
2438 2752 2760 2821 pestilentiae
2779 2765 2887 2806 non
2923 2751 3093 2817 sedit;

210 2839 261 2892 4.
318 2839 461 2891 Ἀλλ’
496 2840 529 2909 ἢ
561 2841 619 2892 ὲν
657 2839 735 2911 τῷ
766 2840 913 2912 νόμῳ
948 2840 1149 2913 Κυρίου
1187 2841 1247 2895 τὸ
1281 2841 1494 2913 Θέλημα
1527 2842 1714 2908 αὐτού,

1435 2859 1494 2896 ια
1527 2842 1714 2908 αὐτού,
1889 2840 1945 2895 4.
1982 2839 2087 2897 Sed
2122 2842 2177 2897 in
2205 2842 2324 2913 lege
2358 2841 2579 2897 Domini
2614 2842 2867 2897 voluntas
2897 2842 3041 2912 ejus,

211 2930 263 2985 5.
305 2934 421 2985 Καὶ
450 2933 507 2983 ὲν
538 2932 616 3002 τῷ
650 2932 799 3003 νόμῳ
838 2932 1003 2987 αὐτοῦ
1041 2934 1325 3004 μελετῦσει
1363 2935 1577 3005 ἡμέρας
1621 2936 1717 2989 καὶ

1621 2936 1717 2989 καὶ
1887 2932 1939 2987 5.
1966 2930 2029 2988 Ει
2058 2932 2114 2988 in
2142 2933 2261 3004 lege
2291 2933 2411 3004 ejus
2446 2934 2793 2989 meditabitur
2826 2934 2914 2989 die
2946 2949 3010 2989 ac
3038 2943 3214 2989 necte.

142 3025 354 3087 νυκτός.

207 3115 261 3171 6.
304 3118 417 3172 Καὶ
445 3118 597 3173 ἔσται
631 3119 707 3183 ὡς
738 3118 797 3173 τὸ
830 3120 1005 3186 ξύλον,
1038 3120 1100 3174 τὸ
1124 3134 1528 3192 πεφυτευμενον
1561 3123 1712 3193 παρὰ

1889 3114 1944 3170 6.
1976 3114 2044 3169 Et
2063 3114 2169 3171 erit
2208 3123 2469 3186 tanquam
2500 3115 2731 3186 lignum,
2769 3117 2913 3187 quod
2967 3118 3272 3187 plantatum
3301 3125 3384 3170 est

140 3208 235 3272 τὰς
262 3210 531 3276 διεξόδους
552 3212 658 3264 τῶν
688 3213 893 3266 ὑδάτων
924 3232 937 3243 ·

1816 3222 1974 3264 secus
2024 3208 2287 3264 decursus
2335 3224 2636 3279 aquarum,

208 3304 260 3359 7.
308 3309 374 3360 '0
403 3307 495 3359 τὸν
529 3307 739 3379 καρπὸν
774 3306 939 3361 αὐτοῦ
969 3305 1127 3359 δώσει
1162 3307 1220 3359 ἔν
1250 3305 1426 3377 καιρῷ
1455 3305 1640 3371 αὐτοῦ,

1887 3303 1939 3355 7.
1972 3301 2127 3367 Quod
2178 3300 2419 3355 fructum
2472 3315 2633 3355 suum
2674 3297 2827 3352 dabit
2872 3297 2928 3351 in
2962 3307 3207 3367 tempore
3260 3313 3380 3361 suo,

205 3396 254 3452 8.
299 3400 411 3453 Καὶ
434 3400 493 3452 τὸ
520 3400 714 3467 φύλλον
739 3401 902 3454 αὐτοῦ
932 3402 1030 3453 οὐκ
1060 3402 1466 3472 ἀπορρυήσεται
1485 3416 1499 3429 ·
1741 3421 1785 3477 Β

1194 3402 1466 3471 »ῥυήσεται
1485 3416 1499 3429 ·
1741 3421 1785 3477 Β
1886 3395 1939 3448 8.
1974 3393 2040 3447 Ει
2068 3392 2256 3447 folium
2279 3393 2401 3463 ejus
2429 3408 2539 3447 non
2568 3390 2800 3457 deﬂuel;

203 3487 255 3542 9.
299 3492 413 3544 Kal.
446 3493 620 3545 πάντα
649 3494 749 3546 ὅσα
781 3492 845 3545 ἂν
877 3496 1026 3563 ποιῇ,
1057 3492 1577 3562 κατευοδωθήσεται.

1881 3487 1933 3543 9.
1965 3485 2030 3539 Ει
2062 3486 2245 3540 omnia
2284 3500 2625 3557 quaecunque
2667 3484 2848 3551 faciet,
2889 3483 3357 3555 prosperabuntur

207 3580 293 3636 10.
336 3583 451 3653 Οὐχ
478 3583 651 3647 οὕτως
677 3585 724 3636 οἱ
760 3584 996 3649 ἀσεὸεἰς,
1026 3586 1122 3655 οὐχ
1151 3585 1347 3647 οὕτως·

1113 3604 1122 3654 ε
1151 3585 1347 3647 οὕτως·
1886 3581 1971 3637 l0.
2000 3580 2121 3637 Non
2151 3581 2231 3635 sic
2257 3580 2429 3651 impii,
2464 3596 2573 3635 non
2604 3579 2719 3639 sic:

207 3674 289 3728 Η.
336 3675 480 3728 Ἀλλ’
505 3676 538 3745 ἢ
566 3677 697 3729 ὡσεὶ
725 3676 905 3748 χνοῦς,
938 3677 995 3731 ὃν
1024 3676 1274 3750 ὲκρίπτει
1297 3679 1335 3745 ,ὁ
1366 3676 1567 3748 ἄνεμος
1595 3674 1705 3730 ἅπδ

1884 3674 1968 3731 ll.
2004 3673 2108 3728 Sed
2138 3682 2398 3742 tanquam
2446 3672 2644 3741 pulvis,
2701 3684 2864 3739 quem
2924 3669 3143 3741 projicit
3181 3678 3376 3725 ventus

137 3767 429 3840 προσώπου
453 3769 553 3839 τῆς
577 3771 699 3841 γῆς.

589 3771 699 3841 ΐῆς·
1810 3781 1841 3821 a
1863 3765 1999 3822 facie
2022 3773 2195 3820 terrae.

202 3860 288 3917 12.
327 3862 431 3917 Διὰ
457 3862 613 3917 τοῦτο
639 3864 740 3917 οὐκ
761 3865 1152 3936 ἀναστήσονται
1181 3864 1397 3929 ἀσεϐεῖς
1418 3864 1477 3917 ὲν
1501 3862 1700 3934 κρίσει,

1501 3862 1700 3934 κρίσει,
1886 3860 1973 3913 12.
2003 3856 2129 3913 ldeo
2152 3872 2261 3912 non
2285 3864 2574 3927 resurgeut
2592 3854 2745 3927 impii
2780 3855 2834 3910 in
2859 3854 3088 3926 judicio,

205 3950 287 4009 13.
324 3954 462 4007 Οὐδὲ
499 3955 811 4027 ἁμαρτωλοὶ
840 3956 899 4009 ὲν
930 3954 1094 4026 βουλῇ
1122 3954 1371 4011 δικαίων.

1879 3950 1965 4004 l3.
1998 3947 2186 4020 Neque
2210 3957 2527 4020 peccatores
2553 3947 2610 4002 in
2638 3946 2876 4003 consilio
2896 3945 3194 4017 justorum.

205 4045 290 4102 Ν.
334 4047 458 4100 Ὅτι
485 4045 744 4115 γινώσκει
777 4047 980 4120 Κύριος
1012 4048 1129 4101 ὁδὸν
1164 4047 1412 4114 δικαίων,

1879 4042 1967 4097 14.
1998 4040 2270 4108 Quoniam
2302 4042 2454 4096 novit
2479 4039 2745 4095 Dominus
2783 4039 2929 4093 viam
2955 4037 3226 4092 ’uslorum
3249 4075 3264 4101 ,

204 4139 288 4197 l5.
325 4140 442 4196 Καὶ
464 4140 579 4207 ὁδὸς
606 4140 818 4197 ἀσεϐῶν
845 4142 1149 4197 ἀπολεῖται.

1878 4132 1968 4189 15.
2003 4132 2071 4189 Ει
2098 4134 2204 4190 iter
2224 4133 2519 4206 impiorum
2559 4131 2778 4204 peribit.

149 4397 3363 4437 _________________________________________

426 4616 562 4674 ἸὈΥ
591 4615 684 4670 EN
722 4615 943 4670 ΔῙΊΟῐΣ
974 4613 1241 4667 ΠΑΤΡΟΣ
1273 4611 1472 4666 ΗΜΩΝ

1408 4611 1472 4665 IN
2151 4603 2397 4663 SANCTI
2454 4602 2705 4659 PATRIS
2762 4600 3014 4659 NOSTRI

716 4728 1106 4784 ΔΘΑΝΔΣΙΟΥ

2395 4716 2765 4775 ATHANASII

453 4848 899 4920 ‘Apxtemmmu
964 4842 1369 4917 Ἀλεξανδρείας

2185 4837 2597 4908 Archiepiscopi
2624 4828 2978 4892 Alexandrini

692 4963 1064 5018 EPMHNEIA
1076 5002 1090 5015 .
2271 4953 2298 5009 1
2305 4954 2355 5010 Ν
2365 4954 2505 5011 TER
2515 4953 2654 5008 PRE
2660 4953 2746 5008 ΤΑ
2755 4951 2826 5008 TI
2838 4952 2903 5008 Ο.

212 5147 449 5201 Psatmus
475 5144 678 5213 primus
708 5144 894 5197 deest:
922 5142 992 5195 ita
1021 5142 1283 5211 scriptum
1319 5139 1519 5209 legitur
1542 5138 1729 5194 rubris
1756 5137 1959 5193 litteris
1985 5136 2041 5190 in
2073 5134 2322 5206 margine
2357 5134 2573 5205 paginae
2608 5131 2860 5188 Psalterii
2897 5130 3073 5187 Grazci
3095 5139 3151 5187 et
3181 5131 3363 5187 Latini

135 5249 264 5319 typis
313 5245 585 5318 impressi,
645 5252 701 5301 et
748 5244 961 5314 paginis
998 5243 1167 5297 nostri
1191 5241 1396 5297 codicis
1423 5241 1678 5307 insertas;
1714 5240 1769 5293 in
1802 5238 2046 5294 inferiori
2076 5246 2261 5292 autem
2321 5236 2572 5307 margine
2616 5235 2684 5290 ad
2736 5236 2899 5289 verba
2945 5235 3057 5303 illa,
3091 5236 3187 5290 καὶ
3246 5235 3364 5299 ὁδὲς

134 5341 329 5395 ἀσεϐῶν
380 5342 678 5405 ἀπολεῖται,
731 5340 832 5393 iter
890 5338 1170 5407 impiorum
1199 5337 1420 5405 peribit,
1471 5338 1586 5392 hanc
1630 5337 1740 5391 adut

1753 5345 1883 5391 nata
1918 5344 2085 5390 sunt:
2119 5334 2200 5387 Τὰ
2235 5331 2651 5403 ἐπιτηδεύματα
2692 5331 2785 5385 τοῦ
2813 5331 3061 5386 διαϐόλου
3097 5330 3233 5401 μετὰ
3264 5331 3359 5400 τὴν

135 5432 408 5487 ἀνάστασιν
452 5432 552 5486 οὐκ
606 5431 687 5484 ῑτι
737 5429 965 5483 ῑσονται.
1024 5428 1294 5482 Diabolica
1347 5427 1547 5493 studia,
1600 5436 1651 5482 et
1704 5444 1741 5481 ω

1756 5428 2096 5482 iiuventiones
2133 5443 2238 5481 non
2286 5425 2515 5495 amplius
2550 5432 2703 5478 erunt
2744 5433 2863 5494 post
2901 5426 3362 5485 resurrectionem.

197 5571 357 5626 Habes
379 5576 434 5627 in
466 5571 699 5642 sequenti
727 5569 922 5642 pagina
958 5571 1149 5623 iterum
1192 5571 1453 5640 psalmum
1472 5571 1704 5641 primum
1736 5586 1855 5625 eum
1884 5567 2336 5639 interpretatione,
2369 5573 2529 5634 prout
2556 5571 2733 5619 exstat
2772 5564 2825 5617 in
2852 5562 3033 5616 codice
3080 5559 3353 5621 Vaticano.

138 5665 260 5725 Vide
277 5668 537 5725 lenitum
562 5683 750 5737 supra.

428 5855 696 5916 ΡΑτιιοι.
746 5851 863 5914 Gn.
898 5846 1160 5913 XXVII.

2965 5844 3036 5903 21
