4090 6312
169 371 276 427 653
1119 369 1206 424 DE
1245 367 1517 424 TITULIS
1549 366 1997 424 PSALMORUM.
2038 399 2105 407 —
2137 367 2331 423 PSAL.
2374 366 2436 422 11.
3295 368 3403 425 654

579 484 1013 554 Ἀνεπίγραρθς.
1059 485 1207 538 ΨΑΛ
1219 524 1233 538 .
1275 481 1353 536 B’.
1770 487 1813 542 Α

1339 523 1353 536 .
1770 487 1813 542 Α
2293 481 2415 534 Sine
2432 483 2607 534 titulo.
2635 480 2835 536 PSAL.
2870 479 2951 537 II.

242 578 293 632 1.
338 578 453 630 ’ῐνα
483 576 536 628 τί
569 575 846 647 ἐφρύαξαν
884 575 1032 646 ἔθνη,

1911 574 1959 627 1.
1982 573 2160 639 Quare
2188 573 2524 628 fremuerunt
2548 582 2759 644 gentes,

238 669 293 724 2.
333 669 442 720 Καὶ
470 669 590 720 λαοὶ
621 668 952 737 ἐμελέτησαν
985 665 1149 726 κενάς

1906 666 1958 720 9..
1989 665 2054 718 Ει
2093 666 2277 735 populi
2307 666 2548 721 meditati
2572 675 2701 721 sunt
2735 667 2958 721 inania?

236 761 290 815 3.
333 759 686 830 Παρέστησαν
712 761 759 811 ot
793 757 1031 828 βασιλεῖς
1061 758 1158 827 τῆς
1192 758 1315 825 γῆς,

1068 758 1158 827 τῆς
1192 758 1315 825 γῆς.
1909 759 1961 812 5.
1995 757 2297 812 Astiterunt
2320 773 2473 829 reges
2506 767 2683 823 terra,

235 849 290 904 4.
333 850 440 902 Καὶ
472 850 520 902 οἱ
552 850 806 919 ἄρχοντες
837 849 1179 920 συνήχθησαν
1208 850 1299 900 ὲπί
1328 849 1387 900 τὸ
1415 846 1566 910 αὐτὸ,
1595 846 1736 900 κατὰ

1914 848 1965 902 4.
1992 847 2057 902 Ει
2083 849 2356 920 principes
2410 859 2783 906 convenerunt
2815 851 2871 906 in
2923 868 3113 920 unum,
3139 851 3401 907 adversus

160 939 260 993 τοῦ
300 941 503 1012 Κυρίου
544 942 638 992 καὶ
671 941 810 993 κατά
839 940 933 993 τοῦ
963 940 1200 1013 Χριστοῦ
1235 939 1419 993 αὑτοῦ.

1395 940 1419 992 ὲ.
1841 938 2148 1007 Dominum,
2184 949 2238 995 et
2271 942 2532 996 adversus
2561 942 2838 998 Christum
2870 945 3010 1014 ejus.

240 1033 294 1086 5.
339 1032 729 1103 Διαρρήξωμεν
761 1033 886 1096 τοὺς
925 1033 1158 1103 δεσμοὺς
1184 1032 1382 1095 αὐτῶν,

1229 1032 1382 1095 ὺτῶν,
1906 1033 1956 1088 5.
1988 1034 2369 1104 Dirumpamus
2394 1038 2604 1090 vincula
2635 1052 2844 1102 eorum,

234 1123 290 1178 6.
332 1125 442 1177 Καὶ
477 1123 869 1196 ἀπορῤίψωμεν
906 1126 996 1193 ἀφ’
1027 1128 1060 1195 ἡ
1072 1125 1187 1195 μῶν
1220 1125 1310 1177 τὸν
1339 1122 1504 1192 ζυγὸν
1532 1124 1727 1177 αὐτῶν.

1563 1124 1727 1177 ὑτῶν.
1909 1124 1962 1178 6.
1992 1123 2056 1178 Et
2084 1126 2435 1194 projiciamus
2459 1127 2666 1182 anobis
2697 1127 2886 1198 jugum
2917 1127 3178 1197 ipsorum.

235 1214 288 1268 7.
340 1216 398 1269 Ὀ
421 1217 687 1270 κατοικῶν
713 1218 769 1269 ἐν
791 1217 1036 1287 οὐρανοῖς
1060 1215 1414 1283 ἐκγελάσεται
1446 1215 1662 1282 αὐτούς,

1399 1233 1414 1266 ι
1446 1215 1662 1282 αὐτούς,
1907 1215 1957 1269 7.
1995 1215 2096 1282 Qui
2129 1217 2336 1272 habitat
2357 1218 2412 1273 in
2441 1220 2595 1274 caalis
2623 1220 2872 1274 irridebit
2896 1235 3011 1284 eos.

230 1304 287 1362 8.
328 1307 437 1359 Καὶ
467 1309 495 1361 ὁ
525 1308 727 1379 Κύριος
759 1308 1122 1377 ὲκμυκτηριεϊ
1152 1307 1368 1368 αὐτοὺς.

1256 1308 1368 1368 οὺς.
1907 1307 1958 1362 8.
1985 1307 2048 1362 Et
2075 1308 2336 1364 Dominus
2362 1311 2724 1368 subsannabit
2751 1328 2866 1369 eos.

232 1399 286 1452 9.
329 1400 463 1454 Τότε
492 1401 712 1472 λαλήσει
748 1400 885 1470 πρὸς
916 1401 1113 1463 αὐτοὺς
1145 1401 1202 1453 ὲν
1235 1401 1371 1470 ὀργῇ
1404 1399 1590 1462 αὑτοῦ,

1367 1423 1371 1470 ι
1404 1399 1590 1462 αὑτοῦ,
1911 1398 1962 1452 9.
1994 1397 2145 1453 Tunc
2173 1400 2426 1470 loquetur
2449 1403 2514 1456 ad
2542 1417 2638 1458 eos
2674 1405 2728 1458 in
2763 1405 2845 1459 ira
2885 1419 2982 1460 sua

239 1492 323 1547 l0.
369 1495 478 1548 Kal.
504 1498 560 1547 ἐν
586 1494 661 1563 τῷ
690 1493 844 1564 θυμῷ
873 1493 1037 1546 αὐτοῦ
1070 1493 1294 1564 ταράξει
1325 1492 1540 1556 αύτούς.

1425 1492 1540 1556 ούς.
1913 1490 1998 1545 10.
2037 1493 2101 1546 Et
2140 1494 2191 1547 in
2228 1491 2413 1548 furore
2439 1509 2539 1549 suo
2557 1497 2903 1551 conturbabit
2925 1512 3040 1553 eos.

235 1583 324 1637 11.
379 1584 518 1637 Ἐνὼ
549 1585 604 1637 δὲ
633 1583 969 1654 κατεστάθην
1001 1582 1249 1652 βασιλεὺς
1284 1584 1375 1635 ὑπ’
1409 1581 1592 1635 αὐτοῦ.
1770 1577 1811 1630 Β

1563 1581 1592 1635 i.
1770 1577 1811 1630 Β
1912 1579 1996 1635 11.
2034 1582 2145 1654 Ego
2172 1592 2355 1639 autem
2380 1585 2705 1640 constitutus
2728 1602 2848 1640 sum
2883 1603 2974 1644 rex
3002 1589 3071 1643 ab
3092 1605 3178 1646 eo.

1284 1736 1652 1794 ATHANASll
1694 1735 2276 1796 INTERPRETATIO.

237 1899 302 1954 Ἦ
335 1897 431 1956 τοδ
460 1896 674 1968 ψαλμοῦ
701 1895 1033 1968 προκειμένη
1060 1895 1336 1966 ἐπιγραφὴ
1361 1894 1502 1965 qam
1537 1895 1634 1964 τῆς
1662 1893 2030 1964 κινναϐάρεως
2058 1895 2300 1966 περιέχει
2321 1912 2333 1926 ⁸
2381 1894 2818 1969 mmmaon
2848 1900 2983 1972 ὅπερ
3008 1901 3186 1974 δηλοῖ.
3221 1904 3394 1976 ἀγνω-

157 1998 278 2051 σίαν
309 1996 480 2050 ἐθνῶν
505 2011 561 2047 τε
594 1994 687 2045 καὶ
726 1991 987 2045 Ἰουδαίων
1014 1990 1372 2060 ὑπεμφαίνειν
1401 1991 1492 2043 τὸν
1528 1989 1962 2058 ὑποτεταγμένον
1982 1989 2210 2060 ψαλμόν.
2238 1990 2352 2043 Πᾶν
2378 1991 2486 2063 γάρ
2512 1993 2574 2046 τὸ
2599 1995 2969 2068 ἀνεπίγραφον
2994 1998 3184 2071 ἄδηλον
3217 2001 3393 2075 ὕπάρ-

153 2108 238 2162 χει
271 2094 387 2154 τοῖς
417 2088 646 2150 πολλοῖς.
691 2086 985 2154 Ἀγνωσίαν
1012 2081 1103 2138 οὖν
1133 2083 1298 2137 ἐθνῶν
1347 2083 1612 2138 Ἰουδαίων
1657 2084 1731 2154 (1)
1767 2086 2061 2155 κατηγορεῖ
2104 2087 2132 2136 ὁ
2161 2085 2598 2155 ὑποτεταγμένας
2622 2087 2864 2160 ψαλμόςο
2903 2092 3177 2162 ἀγνωσίαν
3211 2097 3288 2162 δέ,
3329 2100 3396 2170 ἢν

153 2180 452 2250 ἐσχηκότες
483 2178 781 2232 δείκνυνται
812 2175 940 2250 περὶ
974 2176 1065 2228 τὸν
1095 2174 1299 2228 ἑαυτῶν
1328 2175 1622 2244 Δεσπότην,
1660 2173 1840 2240 καθὼς
1875 2174 1950 2245 (2)
1987 2174 2288 2245 γέγραπται
2311 2193 2324 2206 ⁸
2355 2173 2463 2230 Ἓν
2502 2176 2583 2243 τῷ
2625 2181 2827 2249 κόσμῳ
2853 2177 2950 2249 ἦν,
2979 2185 3076 2237 καὶ
3110 2188 3142 2239 ὀ
3170 2188 3396 2257 κόσμος

151 2273 224 2325 δι’
249 2273 439 2326 αὑτοῦ
473 2271 726 2341 ἐγένετο,
763 2270 859 2323 καὶ
895 2272 926 2322 ό
963 2271 1188 2336 κόσμος
1220 2268 1407 2322 αὑτὸν
1434 2270 1544 2322 οὐκ
1578 2268 1761 2338 ἔγνωο
1801 2271 1849 2322 εί
1885 2269 1994 2341 γὰρ
2030 2269 2271 2338 ἔγνωσαν
2303 2269 2485 2335 αὑτὸν,
2547 2273 2646 2325 οὐκ
2683 2273 2747 2326 ἂν
2776 2274 2935 2328 αὑτὸν
2976 2276 3192 2348 σταυρῷ
3230 2297 3395 2350 προσ-

154 2369 390 2440 ἐπηξαν.
431 2367 540 2439 Τὴν
569 2362 660 2420 οὖν
697 2364 965 2434 ἀγνωσίαν
1010 2365 1082 2434 (5)
1125 2363 1302 2416 αὐτῶν
1329 2362 1572 2435 ἐπειδὴὸ
1603 2363 1817 2433 eam;
1857 2365 2178 2438 δημηγορεῖ,
2199 2365 2285 2419 διὰ
2319 2365 2475 2418 τοῦτο
2511 2365 2571 2419 τὸ
2618 2367 2986 2439 ἀνεπίγραφον
3013 2371 3086 2441 (4)
3125 2373 3394 2429 ἐπίκειται

153 2462 324 2532 αύτῷ.
374 2463 461 2525 Ὠς
493 2460 650 2513 πλέον
680 2458 978 2530 πλησθήσει
1015 2457 1301 2529 [πληχθῇ]
1353 2460 1654 2531 ἐπιστήσας
1691 2459 1767 2530 (5)
1803 2462 1993 2515 ἑαυτὸν
2018 2460 2096 2532 τῷ
2122 2461 2341 2534 ψαλμῷ,
2374 2463 2433 2517 Τί
2456 2464 2586 2533 τὰρ,
2623 2463 2824 2535 ἧρξατο
2846 2465 3041 2536 λέγειν.

237 2599 462 2654 Titulus
487 2599 600 2654 sive
623 2597 926 2668 inscriptio,
957 2613 1078 2668 quae
1106 2596 1233 2653 huic
1263 2597 1474 2667 psalmo
1502 2597 1870 2667 praemittitur,
1902 2598 2186 2654 cinnabari
2213 2599 2483 2667 confecta,
2519 2602 2762 2658 continet
2791 2620 2805 2658 :
2838 2603 3109 2674 psalmum
3137 2619 3260 2662 esse
3280 2608 3394 2662 sine

159 2699 344 2761 titulo,
420 2697 566 2765 quod
622 2694 924 2765 significat:
975 2693 1270 2763 psalmum,
1313 2693 1407 2763 qui
1462 2693 1773 2762 subjicitur,
1831 2692 2178 2747 manifestare
2237 2693 2477 2763 gentium
2539 2703 2595 2747 et
2647 2692 2958 2750 Judaeorum
3007 2696 3390 2766 ignorantiam.

155 2793 333 2852 Omne
385 2795 556 2851 enim.
590 2792 735 2862 quod
788 2791 1005 2846 titulum
1047 2790 1160 2844 sive
1200 2789 1614 2859 inscriptionem
1646 2804 1753 2842 non
1784 2789 1965 2854 habet,
1999 2789 2184 2843 multis
2213 2788 2455 2858 ignotum
2482 2797 2584 2842 est.
2639 2787 2926 2858 Subjectus
2955 2791 3119 2860 igitur
3145 2792 3389 2862 psalmus

155 2889 401 2961 gentium
437 2895 490 2941 et
513 2886 823 2940 .ludreorum
854 2884 1217 2954 ignorantiam
1244 2891 1464 2937 accusat
1495 2901 1508 2935 :
1541 2882 1909 2952 ignorantiam
1939 2882 2179 2952 quidem,
2208 2898 2372 2952 quam
2410 2883 2477 2937 de
2518 2881 2748 2936 Domino
2792 2897 2894 2937 suo
2924 2883 3180 2939 habuisse
3210 2892 3393 2938 osten-

158 2987 378 3047 derunt,
405 2981 863 3052 quemadmodum
898 2979 1160 3049 scriptum
1195 2987 1310 3032 est:
1344 2976 1409 3029 In
1446 2976 1640 3030 mundo
1669 2987 1807 3043 erat,
1833 2988 1880 3032 et
1909 2978 2134 3032 mundus
2156 2994 2247 3047 per
2275 2979 2447 3046 ipsum
2470 2978 2642 3048 {actus
2666 2987 2763 3039 est,
2804 2985 2852 3031 et
2885 2977 3108 3032 mundus
3141 2992 3260 3030 eum
3289 2992 3393 3029 non

155 3076 396 3144 cognovit
421 3075 439 3103 ³
462 3091 476 3138 ;
510 3074 554 3128 si
573 3073 716 3126 enim
743 3087 867 3127 eum
895 3071 1299 3141 cognovissent,
1331 3083 1454 3123 eum
1481 3084 1590 3122 non
1623 3069 2028 3125 crucifixissent
2053 3070 2093 3122 ⁸.
2121 3069 2389 3136 Quoniam
2413 3070 2581 3141 igitur
2605 3071 2851 3141 psalmus
2884 3071 3102 3126 illorum
3147 3069 3393 3140 increpat

136 3171 556 3242 .ignorantiam,
586 3170 706 3224 ideo
733 3169 913 3224 nullus
954 3169 1005 3223 in
1035 3182 1100 3222 eo
1154 3166 1473 3223 inscribitur
1497 3165 1713 3224 titulus.
1753 3164 1825 3222 Ut
1868 3167 2042 3237 magis
2089 3165 2267 3230 feriat,
2319 3164 2561 3236 seipsum
2596 3167 2810 3236 psalmo
2838 3165 3156 3230 intendens,
3193 3164 3390 3232 Quare,

155 3268 324 3337 capit
350 3268 561 3320 dicere.

227 3379 281 3434 1.
326 3379 443 3430 Ἱνα
474 3376 527 3428 τί
560 3372 980 3443 κατεπήρθησαν
1005 3368 1097 3422 τοῦ
1127 3369 1285 3433 Θεου,
1756 3353 1802 3415 C

1756 3353 1802 3415 (ἶ
1902 3375 1953 3428 1.
2000 3371 2138 3442 Quid
2161 3377 2306 3430 enim
2330 3374 2742 3430 insurrexerunt
2770 3386 2959 3430 contra
2986 3375 3180 3441 Deum,

223 3467 282 3524 2,
322 3468 435 3520 Καὶ
466 3463 850 3518 ἐϐουλεύσαντο
879 3462 1018 3528 ἅπερ
1040 3459 1140 3512 οὐκ
1159 3459 1419 3526 ἠδύναντο
1448 3456 1721 3511 ἐκτελέσαι

1901 3469 1953 3522 2.
1996 3467 2063 3522 Et
2085 3467 2345 3525 adversus
2377 3484 2499 3524 eum
2524 3469 2980 3534 deliberaverunt,
3009 3482 3133 3538 qua:
3160 3481 3266 3523 non
3290 3483 3391 3540 po-

154 3560 277 3613 κατ’
313 3557 478 3612 αὑτοῦ
502 3574 516 3621 ;

1830 3565 2047 3611 tuerunt
2075 3556 2370 3626 perﬁcere?

223 3652 281 3706 5.
335 3648 578 3720 Ἡρώδης
603 3649 631 3700 ὁ
665 3643 935 3715 βασιλεύς.

750 3643 935 3708 ςιλεύς.
1898 3650 1949 3703 '5.
1986 3647 2224 3703 llerodes
2252 3664 2365 3703 rex.

224 3742 282 3798 4.
325 3742 543 3795 Πόντιον
581 3740 813 3792 Πιλᾶτον
841 3737 1008 3806 λέγει,
1047 3735 1140 3788 καὶ
1181 3734 1400 3795 Ἅνναν,
1429 3731 1520 3784 καὶ
1551 3729 1723 3784 Καϊά-

1437 3731 1520 3784 ml
1551 3729 1723 3784 Καῖά-
1899 3743 1951 3796 4.
1991 3740 2216 3796 Pontius
2246 3738 2472 3805 Pilatus,
2499 3737 2686 3791 Annas
2719 3746 2771 3790 et
2801 3734 3052 3805 Caiphas.

196 3853 287 3888 αν.

155 3855 287 3981 qui:
326 3924 430 3978 Τὸν
462 3921 752 3991 σύνδεσμον
788 3918 888 3988 τῆς
928 3917 1167 3986 ἀγάπης,
1195 3908 1262 3986 ἦς
1294 3910 1438 3985 εῐχον
1476 3915 1524 3966 οἱ
1566 3914 1726 3981 ἄγγε-

1901 3917 1952 3971 5.
1979 3914 2269 3969 Vinculum
2299 3910 2626 3974 dilectionis,
2655 3924 2766 3979 quo
2800 3908 2977 3974 angeli
3005 3923 3129 3964 cum
3155 3909 3234 3966 eis
3255 3923 3387 3966 con-

152 4019 232 4072 λοι
268 4016 408 4088 πρὸς
447 4012 662 4075 αὐτούς.

593 4012 662 4075 ὃς.
1823 4008 2208 4078 jungebantur.

222 4109 280 4164 6.
319 4105 588 4168 Λαὸόντες
623 4103 730 4174 γάρ
759 4101 848 4154 τὸν
875 4099 1037 4169 νόμον
1074 4099 1152 4161 είς
1177 4097 1435 4164 διαταγὰς
1479 4094 1725 4163 ἀγγέλων

1897 4099 1949 4151 6.
1987 4098 2326 4167 Accipientes
2356 4095 2500 4150 enim
2525 4095 2696 4164 legem
2749 4093 2804 4147 in
2841 4092 3195 4164 dispositione
3219 4108 3385 4164 ange-

149 4201 254 4253 οὺκ
278 4194 575 4267 ἐφύλαξαν,
611 4193 725 4246 ἀλλ’
755 4189 1122 4244 ἐδουλώθησαν
1151 4191 1218 4259 τῇ
1253 4187 1516 4258 ἁμαρτίᾳ.

1827 4193 2024 4257 lorum,
2073 4205 2178 4244 non
2213 4188 2622 4244 custodivernnt
2675 4200 2795 4241 eam
2823 4186 2867 4253 ',
2915 4185 3010 4243 sed
3066 4187 3208 4242 servi
3255 4184 3382 4241 facti

1826 4295 1954 4342 sunt
1984 4293 2222 4356 peccato.

223 4376 280 4442 7,
317 4374 373 4428 8.
427 4372 798 4439 Ἐξουδενώσει
831 4372 940 4442 γὰρ
973 4371 1168 4433 αὐτοὺς
1201 4371 1258 4422 ἐν
1295 4371 1362 4438 τῇ
1404 4365 1589 4437 ἡμέρᾳ
1625 4366 1724 4436 τῆς

1488 4365 1589 4437 έρέι
1625 4366 1724 4436 τῆς
1897 4378 1951 4442 7,
1993 4381 2046 4432 8.
2082 4375 2216 4430 Nam
2241 4374 2296 4430 in
2326 4373 2414 4429 die
2438 4370 2965 4444 judiciicontemnet
2987 4383 3103 4436 eos,

151 4467 418 4536 κρίσεως,

221 4557 276 4611 9.
335 4555 424 4607 Ἐν
471 4554 537 4624 τῇ
581 4549 762 4622 κρίσει
811 4549 1034 4620 λαλήσει
1081 4547 1218 4620 πρὸς
1262 4548 1457 4610 αὐτοὺς
1494 4550 1551 4601 ἐν
1588 4548 1721 4616 ὀργῇ

1524 4565 1551 4599 ν
1588 4548 1721 4616 ὀργῇ
1895 4559 1946 4615 9.
1977 4559 2033 4612 ln
2066 4555 2273 4627 judicio
2301 4555 2555 4626 loquetur
2581 4552 2650 4607 ad
2675 4566 2771 4607 eos
2801 4551 2856 4606 in
2889 4550 2970 4605 ira
2999 4564 3100 4605 sua
3119 4589 3137 4617 ,

149 4647 348 4712 αὑτοῦ,

221 4740 316 4793 10.
362 4737 470 4790 Kal
526 4733 816 4806 ἀπορρίψει
875 4732 1068 4795 αὐτοὺς
1118 4733 1226 4786 ἀπὸ
1276 4730 1370 4784 τοῦ
1427 4729 1716 4802 προσώπου
1752 4791 1795 4845 D

1219 4754 1226 4783 ι
1276 4730 1370 4784 τοῦ
1427 4729 1716 4802 προσώπου
1752 4791 1795 4845 D
1899 4736 1982 4790 10.
2007 4734 2071 4787 Et
2094 4733 2338 4803 projicict
2363 4745 2457 4786 eos
2495 4744 2524 4782 a
2553 4727 2688 4782 facie
2717 4742 2834 4781 sua.

148 4846 348 4884 αυτου.

220 4921 313 4974 11.
369 4915 506 4985 Ἐγὼ
534 4915 591 4969 δὲ
621 4914 931 4984 ἀνεδείχθην
966 4915 1215 4985 βασιλεὺς
1248 4914 1352 4968 ὑπὸ
1383 4913 1475 4966 τοῦ
1508 4910 1719 4983 Πατρὸς

1898 4895 1982 4949 11.
2016 4890 2128 4961 Ego
2171 4904 2316 4945 enim
2351 4894 2660 4943 declaratus
2681 4903 2802 4943 sum
2841 4902 2936 4943 rex
2980 4902 3009 4941 a
3042 4885 3203 4942 Patre
3255 4901 3382 4943 cura

150 5015 207 5065 ἐν
238 5011 320 5081 τῷ
349 4977 524 5076 λέγειν
554 5006 734 5072 αὑτὸν,
763 4977 941 5069 καθῶς
966 4977 1332 5059 ’ὑποτέτακται
1359 5001 1593 5056 ἐνταῦθα
1610 4977 1716 5072 (ὃν

1827 5007 1913 5057 ea,
1946 5003 2067 5060 quze
2131 4986 2220 5039 hic
2271 4981 2664 5051 subjiciuntur,
2711 4979 2904 5035 dixit:
2961 4977 3037 5033 Tu
3091 4996 3145 5035 ea
3204 4977 3384 5035 Filius

148 5105 232 5157 Σὺ
253 5078 320 5157 εἶ
346 5103 378 5154 ό
412 5099 546 5164 Υἱός
565 5115 686 5168 μου
719 5100 752 5151 ό
778 5098 1102 5166 ἀγαπητός.

676 5117 686 5147 ν
719 5100 752 5151 ό
778 5098 1102 5166 ἀγαπητός.
1827 5103 1969 5141 meus
1996 5082 2218 5137 dilectus
2249 5078 2291 5134 ⁸.

218 5278 242 5309 ⁸
267 5275 434 5332 Joan.
460 5290 501 5341 ι,
535 5273 619 5327 10.
687 5273 711 5305 ⁸
740 5271 762 5325 1
790 5273 914 5327 Cor.
954 5288 1014 5336 ιι,
1048 5275 1101 5327 8.
1179 5273 1200 5303 ⁸
1226 5271 1343 5324 Art.
1370 5285 1467 5336 vn,
1495 5270 1584 5325 55.
1660 5266 1681 5298 ‘
1713 5264 1901 5321 Matth.
1925 5281 2006 5331 ut,
2033 5263 2135 5330 l7;
2165 5262 2298 5327 xvri,
2323 5262 2394 5327 5;
2422 5258 2466 5313 ll
2488 5258 2632 5316 Petr.
2661 5276 2701 5324 ι,
2733 5257 2819 5313 17.

1101 5444 1400 5507 Addenda
1429 5451 1511 5523 Let
1556 5441 1924 5521 corrigenda
1956 5458 2031 5501 ex
2061 5438 2201 5500 cod.
2236 5436 2438 5499 Vatic.

215 5641 298 5710 (1)
341 5634 641 5720 Ἀγνυὲσίας
669 5629 763 5689 οὖν
794 5632 902 5687 τῶν
934 5630 1101 5686 ἐθνῶν
1138 5629 1244 5684 τῶν
1290 5628 1576 5684 Ἰουδαίων.
1890 5627 1962 5764 μ)
1996 5627 2067 5678 Τὸ
2092 5625 2480 5746 ἁνεπίγξαφος.

216 5709 296 5764 (Si
331 5708 473 5761 Καθ’
503 5721 556 5758 α.
1916 5698 1967 5762 5)
2001 5695 2248 5758 Πεισθεὶς
2313 5697 2430 5764 ήσει
2458 5695 2480 5764 ἐ

331 5693 473 5780 Καθ’
503 5704 556 5758 ἃ..
622 5693 638 5699 ⁷
2001 5695 2248 5780 Πεισθεὶς
2279 5693 2430 5780 θησει
2458 5693 2773 5780 ἐπιστήσας.

218 5709 274 5780 (9
331 5709 473 5761 Καθ’
503 5709 556 5758 ἆ.
1892 5709 1967 5764 (5)
2002 5709 2248 5758 ιιεισυεις
2279 5709 2430 5764 υησει
2458 5709 2582 5773 emo

218 5709 296 5850 (δὲ
335 5779 613 5847 ’Δγνθιαν.
1893 5769 1967 5838 (6)
1997 5768 2065 5821 Οἵ
2087 5782 2212 5819 ποτε
2241 5765 2305 5818 τὰ
2334 5763 2582 5820 ἐνταυθα.
