4090 6312
763 303 866 358 655
1622 294 1679 348 S.
1719 292 2085 347 ATHANASII
2123 291 2272 346 OPP.
2319 288 2493 343 PARS
2535 287 2617 342 lll.
2671 318 2731 326 —
2771 284 3181 339 EXEGETICA.
3875 276 3952 330 056

837 413 920 468 12.
955 412 1129 480 Super
1167 411 1298 464 Sion
1324 416 1561 462 montem
1588 417 1836 460 sanctum
1867 408 2006 464 eius.

2509 400 2592 454 12.
2651 399 2768 450 Ἐπὶ
2799 395 2932 447 Σιὼν
2961 395 3084 464 ὅρος
3109 392 3170 443 τὸ
3202 392 3354 458 ἅγιον
3383 388 3569 451 αὐτοῦ,

836 507 924 561 13.
957 505 1266 559 Praedicans
1296 509 1620 570 praeceptum
1648 514 1767 567 ejus

2501 493 2586 545 1⁸5.
2627 488 2962 556 Διαγγὲλλων
2990 486 3048 536 τὸ
3078 484 3402 554 πρόσταγμα
3433 481 3657 551 Κυρίου.

833 601 919 655 11.
951 598 1212 651 Βοωίηιιε
1235 596 1366 649 dixit
1390 594 1455 647 ad
1489 608 1574 647 me
1597 610 1610 646 :
1634 564 1804 645 Filius
1827 605 1982 644 meus
2009 604 2068 642 cs
2101 598 2177 650 tu,

2501 581 2582 633 M.
2625 579 2825 649 Κύριος
2856 573 2972 627 εἷπε
3003 575 3136 643 πρός
3174 591 3240 642 με
3260 590 3270 602 ·
3315 571 3439 633 Υἱός
3467 586 3566 640 μου
3596 564 3646 620 εἷ
3681 567 3771 619 σύ·

832 693 917 747 15.
955 691 1066 761 Ego
1092 689 1251 743 hodie
1276 687 1433 757 genui
1472 694 1545 739 te.

2505 672 2584 725 15.
2640 668 2779 737 Ἐγὼ
2811 673 3046 736 σήμερον
3080 663 3384 734 γεγέννηκά
3418 678 3496 714 σε.

833 785 917 840 16.
943 747 1163 837 Ρξειιιιιι
1192 798 1222 834 a
1264 747 1369 843 tite,
1397 787 1451 832 et
1479 777 1618 830 dabo
1654 772 1748 827 tibi
1800 780 1985 840 gentes
2041 767 2321 822 haeredita-

2501 764 2580 815 16.
2624 763 2850 830 Αἷτησαι
2891 757 3018 827 παρ’
3054 755 3210 825 ἐμοῦ,
3263 754 3355 807 καὶ
3387 754 3540 806 δώσω
3591 769 3672 804 σοι
3719 750 3841 820 ἔθνη
3877 747 3954 820 τὴν

761 888 867 934 tem
901 888 1072 940 lnam,

2428 852 2784 924 κληρονομίαν
2813 867 2929 914 σου,

835 971 919 1026 11.
952 969 1016 1022 Et
1057 965 1453 1037 possessionem
1491 970 1638 1012 tnam
1675 955 1938 1009 terminos
1965 962 2142 1006 terrm.

2497 947 2582 998 17.
2625 947 2731 997 Καὶ
2769 944 2865 1014 τὴν
2904 940 3228 1009 κατάσχεσίν
3259 956 3352 992 σου
3381 938 3445 992 τὰ
3479 938 3689 1008 πέρατα
3722 935 3818 1005 τῆς
3852 934 3950 1003 γῆς.

833 1064 922 1118 18.
956 1061 1128 1130 Reges
1155 1073 1251 1112 eos
1282 1057 1334 1108 in
1365 1055 1512 1121 virga
1537 1050 1730 1111 ferrea,

2497 1038 2582 1091 18.
2625 1037 2914 1106 Ποιμανεῖς
2950 1033 3143 1093 αὐτοὺς
3188 1034 3243 1082 ὲν
3280 1029 3458 1100 ῥάϐδῳ
3492 1028 3706 1098 σιδηρᾷ,

833 1117 918 1211 19.
949 1154 1012 1207 Ει
1036 1117 1294 1220 tanquam
1330 1162 1425 1200 vas
1451 1117 1597 1214 liguli
1631 1138 1943 1206 confringes
1972 1150 2087 1190 eos.

2496 1129 2580 1183 19.
2637 1128 2720 1188 Ὠς
2756 1125 2924 1194 σκεύη
2957 1123 3240 1195 κεραμέως
3267 1120 3572 1191 συντρίψεις
3601 1117 3812 1180 αύτούς.

829 1249 920 1304 20.
953 1245 1017 1298 Et
1049 1259 1213 1305 nunc,
1254 1254 1432 1307 reges,
1461 1213 1763 1297 intelligite,

2493 1221 2581 1274 20.
2622 1219 2731 1270 Καὶ
2758 1217 2873 1278 νῦν,
2909 1214 3166 1285 βασιλεῖς,
3211 1213 3426 1277 σύνετε,

824 1342 914 1397 21.
952 1334 1276 1395 Erudimini,
1307 1332 1398 1401 qui
1429 1326 1689 1399 judicatis
1731 1333 1956 1377 terram.

2491 1311 2580 1364 21,
2623 1307 2974 1376 Παιδεύθητε,
3005 1307 3202 1367 πάντες
3231 1307 3279 1356 oi
3315 1304 3589 1376 κρίνοντες
3619 1302 3715 1374 τὴν
3741 1301 3855 1374 γῆν.

827 1435 918 1490 22.
949 1431 1157 1486 Servite
1189 1396 1509 1480 Domino'in
1549 1419 1776 1472 timore:

2491 1402 2580 1456 22.
2623 1400 2949 1454 Δουλεύσατε
2977 1397 3054 1466 τῷ
3085 1397 3268 1468 Κυρίῳ
3294 1398 3349 1448 ὲν
3386 1396 3568 1466 φόϐῳ·

828 1528 916 1582 25.
950 1524 1014 1578 Ει
1041 1521 1311 1576 exsultate
1338 1515 1387 1569 ei
1421 1526 1545 1566 cum
1574 1519 1834 1562 tremore.

2492 1495 2580 1548 25.
2623 1494 2730 1545 Καὶ
2757 1490 3082 1559 ἀγαλλιᾶσθε
3111 1485 3258 1558 αὐτῷ
3284 1489 3340 1540 ὲν
3363 1488 3568 1557 τρόμῳ.

826 1620 916 1674 24.
946 1612 1344 1686 Apprclicndite
1371 1604 1738 1673 disciplinam,

2491 1588 2580 1641 2-1.
2621 1590 2656 1638 Δ
2665 1584 2896 1656 ρὰξασθε
2930 1581 3192 1644 παιδείας,

824 1714 914 1768 25.
944 1709 1019 1763 Nc
1049 1706 1266 1777 quando
1291 1705 1558 1756 irascatur
1592 1694 1875 1751 Dominus,

2491 1679 2581 1735 25.
2621 1680 2846 1748 Μήποτε
2875 1675 3100 1746 ὀργισθῇ
3136 1672 3357 1744 Κύριος,

2491 1771 2579 1823 26.
2622 1770 2730 1821 Καὶ
2760 1765 3043 1820 ἀπολεῖσθε
3077 1764 3133 1830 ἐξ
3167 1762 3284 1816 ὁδοῦ
3311 1761 3541 1824 δικαίας.

2490 1862 2579 1915 27.
2622 1861 2788 1912 Ὅταν
2821 1857 3059 1927 ἐκκαυθῇ
3097 1857 3152 1908 ὲν
3177 1857 3329 1925 τάχει
3357 1857 3384 1907 6
3417 1854 3586 1924 θυμὸς
3624 1847 3803 1916 αὑτοῦ,

2490 1954 2579 2008 23.
2621 1952 2896 2022 Μακάριοι
2923 1951 3123 2012 πάντες
3158 1948 3206 2002 oi
3249 1945 3564 2008 πεποιθότες
3591 1943 3680 1997 ἐπ’
3707 1940 3866 2011 αὐτῷ.

827 1805 918 1860 26.
958 1802 1022 1857 Ει
1047 1773 1280 1870 pereatis
1307 1796 1372 1849 de
1398 1795 1481 1846 via
1509 1792 1675 1853 jnsla.
2353 1773 2395 1828 B

825 1901 915 1954 27.
948 1899 1084 1953 Cum
1111 1891 1377 1950 exarserit
1405 1889 1457 1942 in
1488 1887 1635 1941 brevi
1665 1884 1743 1935 ira
1774 1879 1914 1946 ejus,

824 1993 916 2048 28.
943 1989 1092 2046 Beati
1114 2000 1304 2042 omnes
1335 1984 1426 2052 qui
1459 1977 1738 2036 confidunt
1765 1974 1816 2024 in
1838 1984 1924 2024 eo.

1867 2168 2239 2232 ATHANASII
2277 2157 2860 2219 INTEIlPRETATlO.

2493 2332 2574 2385 12.
2614 2327 2687 2380 Τὸ
2729 2324 2879 2380 Σιὼν
2915 2322 3272 2396 ἑρμηνεύεται
3305 2320 3503 2384 τόπος,
3553 2318 3688 2370 ὅπου
3723 2309 3954 2387 ήσκηνή.

2418 2423 2676 2484 Βασιλεὺς
2724 2419 2814 2473 οὖν
2850 2416 3128 2487 ἀνεδείχθη
3161 2415 3263 2468 ὑπὸ
3298 2412 3389 2465 τοῦ
3423 2409 3637 2480 Πατρὸς
3687 2408 3774 2460 ἐπὶ
3817 2403 3952 2467 Σιὼν,

2417 2516 2689 2570 τουτέστιν
2719 2514 2776 2565 ὲν
2808 2513 2917 2573 τοῖς
2939 2509 3202 2579 οὐρανοῖς,
3241 2505 3365 2557 ἔνθα
3397 2502 3627 2572 ἀληθινὴ
3657 2499 3844 2570 σκηνὴ,
3891 2494 3957 2561 ἢν

2418 2604 2643 2671 ἔπηξεν
2677 2607 2708 2656 ό
2749 2603 2982 2668 Κύριος,
3019 2600 3114 2651 καὶ
3148 2598 3256 2649 οὐκ
3289 2593 3616 2661 ἄνθρωπος.

2488 2697 2574 2759 15,
2617 2695 2701 2747 14.
2753 2695 2845 2746 Ἐκ
2886 2692 2991 2744 τῶν
3027 2688 3271 2760 οὐρανῶν
3303 2685 3570 2748 ἀκουστὴν
3615 2683 3829 2752 ἐποίησε
3876 2679 3957 2747 τὴν

2419 2787 2598 2857 φωνὴν
2629 2785 2792 2838 αὐτοῦ
2823 2785 2897 2855 (1)
2931 2783 3064 2852 βοῶν
3093 2782 3226 2852 πρὸς
3261 2795 3343 2850 με’
3385 2779 3467 2831 Σὺ
3496 2773 3550 2829 εί
3577 2779 3609 2828 ό
3650 2776 3778 2839 Υἱός
3799 2789 3908 2842 μου
3931 2770 3959 2822 d

2417 2879 2742 2948 ἀγαπητός.

828 3006 912 3060 15.
946 3002 1060 3068 Qua
1086 2999 1171 3052 die
1195 3006 1245 3051 te
1294 2989 1635 3048 manifestavi
1663 2987 1704 3040 ⁸.
1770 2982 1904 3036 Nam
1946 2989 2070 3036 ante
2120 2977 2312 3034 sarcula

2492 2974 2576 3024 15.
2625 2973 2724 3023 Ἢν
2757 2969 2834 3041 (2)
2870 2965 3192 3037 ὲφανέρωσά
3229 2981 3305 3015 σε.
3343 2963 3455 3032 Πρὸ
3486 2961 3595 3030 γὰρ
3634 2960 3741 3011 τῶν
3770 2955 3960 3012 αἰώνων

833 3048 912 3060 ...μ
952 3048 1060 3068 η--
1199 3048 1240 3051 --

759 3095 1114 3153 absconditus
1145 3105 1268 3144 eras
1297 3087 1351 3139 in
1388 3098 1473 3138 me
1495 3080 1655 3133 Patre
1699 3085 1815 3141 tuo,
1856 3069 2314 3143 quemadmodum

2419 3061 2902 3132 ἀποκεκρυμμένος
2920 3056 2986 3130 ἧς
3013 3060 3068 3110 ὲν
3091 3057 3212 3128 ἐμοὶ
3342 3055 3512 3124 Πατρί
3544 3071 3658 3114 σου,
3683 3050 3858 3110 καθὼς
3886 3048 3960 3115 γέ-

2417 3173 2655 3226 γραπται
2693 3155 2818 3224 περὶ
2844 3151 3039 3205 αὑτοῦ·
3082 3153 3142 3202 '0
3187 3149 3270 3201 ὢν
3318 3150 3384 3202 ἐν
3419 3147 3542 3211 τοῖς
3587 3147 3833 3208 κόλποις
3869 3139 3959 3193 τοῦ

827 2369 914 2424 12.
943 2367 1070 2421 Sion
1103 2365 1486 2430 interpretatur
1543 2355 1707 2412 locus,
1751 2350 1840 2403 ubi
1883 2341 2310 2400 tabernaculum.

734 2463 868 2526 ilex
904 2459 1065 2528 igitur
1087 2454 1391 2509 declaratus
1419 2455 1501 2501 est
1532 2461 1562 2499 a
1620 2443 1776 2496 Patre
1811 2440 1864 2491 in
1916 2435 2064 2496 Sion,
2098 2433 2198 2484 hoc
2235 2439 2316 2483 est

759 2555 811 2607 in
841 2524 1014 2612 uelis,
1041 2547 1130 2602 ubi
1154 2558 1339 2599 verum
1387 2534 1816 2596 tabernaculum,
1849 2528 1986 2598 quod
2035 2524 2314 2593 adiﬁcavit

763 2645 1038 2705 Dominus,
1073 2656 1172 2692 non
1197 2647 1371 2689 autent
1399 2634 1550 2684 homo
1585 2629 1626 2681 ⁷.

831 2739 918 2800 15,
953 2735 1037 2789 14.
1078 2734 1118 2787 E
1167 2730 1321 2785 crelis
1367 2723 1553 2777 audire
1599 2718 1724 2772 fecit
1776 2729 1960 2768 vocem
2002 2725 2176 2772 suam,
2206 2706 2315 2759 cla-

758 2847 912 2888 mans
939 2829 1005 2882 ad
1039 2840 1155 2878 me:
1191 2821 1268 2874 Tu
1299 2835 1350 2874 es
1384 2816 1556 2869 Filius
1589 2827 1730 2866 meus
1756 2809 1998 2863 dilectus.

757 3191 823 3244 de
850 3189 941 3242 illo
971 3185 1235 3252 scriptum
1253 3188 1370 3234 est:
1402 3174 1676 3228 Exsistens
1705 3171 1759 3222 in
1783 3168 1902 3220 sinu
1932 3164 2114 3218 Patris
2133 3163 2174 3215 ⁹.

2417 3249 2662 3316 Πατρός.

828 3358 915 3422 16,
945 3355 1031 3411 17.
1067 3353 1191 3409 Ideo
1221 3352 1359 3406 dixit
1386 3352 1437 3404 in
1470 3346 1795 3416 Evangelio:
1831 3342 2008 3405 Pater,
2046 3356 2172 3407 quas
2234 3354 2318 3391 ae-

2488 3344 2573 3402 16.
2619 3341 2702 3393 17.
2747 3340 2842 3393 Διά
2884 3337 3039 3390 τοῦτο
3072 3335 3253 3402 ἔλεγεν
3293 3335 3348 3386 ὲν
3389 3329 3734 3399 Εύαγγελίῳ·
3768 3326 3958 3393 Πάτερ.

757 3417 1035 3507 άίιιῖνηιίίιὶ
1086 3448 1221 3509 υοίο,
1251 3446 1415 3498 utubi
1443 3457 1555 3496 sunt
1581 3456 1695 3508 ego,
1717 3447 1764 3491 et
1791 3436 1871 3488 illi
1902 3437 2007 3487 sint
2043 3434 2106 3485 ιο.

2419 3434 2522 3499 οὓς
2563 3431 2823 3496 δέδωκάς
2845 3449 2966 3500 μοι,
2998 3427 3148 3482 θέλω
3195 3427 3345 3480 ὅπου
3373 3427 3446 3495 (5)
3471 3423 3586 3493 εἰμί
3621 3421 3753 3490 ἐγὼ,
3793 3417 3962 3474 κάκεῖ·

2346 3522 2386 3577 C
2419 3541 2511 3576 νοι
2539 3517 2707 3574 ὦσιν.

827 3631 915 3694 18,
950 3629 1034 3683 19.
1074 3625 1129 3680 In
1165 3631 1433 3693 potestate
1469 3619 1646 3674 valida
1684 3632 1895 3682 omnes,
1933 3615 2027 3685 qui
2083 3613 2177 3667 tibi
2210 3626 2315 3666 non

2492 3612 2577 3674 18,
2622 3611 2703 3665 19.
2753 3609 2839 3661 Ἐν
2873 3605 3090 3674 ἐξουσίᾳ
3127 3604 3319 3674 ἰσχυρᾷ
3354 3601 3556 3662 πάντας
3591 3599 3715 3659 τοὺς
3749 3597 3825 3665 μὴ
3858 3609 3960 3645 πει-

759 3724 1039 3786 obedinnt,
1069 3718 1411 3773 comtninues
1434 3725 1488 3769 et
1520 3712 1790 3768 domabis.

2423 3703 2675 3774 θομένους
2707 3717 2785 3752 σοι
2820 3698 3098 3757 λεπτυνεῖς
3132 3696 3225 3748 καὶ
3253 3694 3530 3763 δαμάσεις.

829 3811 917 3867 20.
947 3810 1270 3880 Cognoscite
1295 3808 1437 3862 hunc
1467 3822 1588 3860 esw
1620 3804 1806 3858 Deum.

2485 3797 2572 3849 20.
2627 3791 2944 3859 Ἐπίγνωτε,
2979 3790 3058 3841 ὅτι
3091 3782 3242 3848 οὗτός
3273 3788 3417 3839 ἐστιν
3449 3786 3476 3837 ὁ
3512 3781 3662 3843 Θεὸς.

826 3903 915 3958 21.
943 3902 999 3957 Si
1029 3915 1355 3970 cognoscere
1379 3914 1483 3952 non
1513 3898 1770 3967 potestis,
1804 3893 2096 3953 erudimini
2116 3908 2145 3947 e
2179 3891 2317 3946 divi-

2486 3887 2572 3940 21.
2627 3885 2748 3937 Ἑάν
2797 3884 2869 3953 μὴ
2916 3880 3143 3934 δύνασθε
3192 3875 3508 3945 ἐπιγνῶναι,
3560 3869 3879 3938 παιδεύθητι
3910 3867 3964 3916 ἐκ

761 3996 844 4051 nis
885 3995 1200 4064 Scriptnris,
1230 3993 1376 4062 quod
1405 3993 1520 4060 ipse
1543 4000 1627 4044 est
1654 3990 1797 4042 Deus
1829 3997 2034 4042 noster.

2418 3981 2521 4034 τῶν
2551 3979 2709 4032 θείων
2743 3975 2994 4048 Γραφῶν,
3023 3976 3100 4026 ὅτι
3135 3972 3294 4034 αὑτός
3326 3972 3470 4022 ἐστιν
3497 3969 3525 4019 ὁ
3562 3965 3694 4025 Θεὸς
3729 3960 3903 4032 ἡμῶν.

831 4087 919 4142 22.
953 4086 1181 4148 Servite,
1213 4086 1407 4153 inquit,
1439 4084 1488 4136 ei
1519 4083 1572 4135 in
1592 4084 1804 4146 timore,
1830 4090 1882 4134 et
1923 4089 2175 4144 tremore,

2486 4068 2574 4120 22.
2616 4067 2975 4128 Δουλεύσατε,
3020 4063 3200 4132 λέγει,
3254 4059 3400 4130 αὐτῷ
3469 4060 3525 4110 ὲν
3576 4051 3724 4123 φόϐῳ
3778 4049 3870 4102 καὶ
3915 4052 3964 4102 ἐν

2456 4158 2626 4228 ρόμτι)ι

829 4255 918 4310 25.
953 4255 1015 4308 Et
1046 4255 1097 4308 in
1139 4266 1305 4323 regno
1337 4267 1455 4322 eius
1491 4250 1780 4305 exsultate.

2489 4250 2576 4303 25.
2621 4249 2727 4301 Καὶ
2757 4245 3079 4314 ἀγαλλιᾶσθε
3111 4244 3168 4296 ἐν
3199 4244 3265 4312 τῇ
3305 4239 3551 4310 βασιλείᾳ
3582 4235 3768 4292 αὑτοῦ.

827 4350 917 4403 24.
941 4345 1350 4402 Conﬁrtnamini
1390 4349 1441 4397 in
1477 4344 1722 4397 doctrina
1761 4341 1992 4405 Domini,

2488 4342 2574 4394 24.
2626 4339 2918 4401 Ῥιζώσατε
2944 4341 2998 4389 ὲν
3032 4339 3095 4407 τῇ
3129 4333 3223 4387 τοῦ
3253 4334 3455 4404 Κυρίου
3488 4329 3826 4398 aeuum},

829 4442 917 4496 25.
951 4439 1250 4510 Neqnando
1284 4439 1438 4492 vobis
1474 4452 1592 4490 eam
1622 4437 2018 4506 negligentibus
2045 4449 2107 4488 ac
2140 4433 2308 4502 despi-

2487 4433 2574 4485 25.
2613 4433 2839 4500 Μήποτε
2861 4471 2873 4492 ,
2907 4431 2979 4492 ὡς
3015 4427 3354 4498 ἀμελούντων
3397 4425 3552 4495 ὑμῶν
3584 4425 3680 4476 καὶ
3712 4432 3966 4487 κατασφ-

759 4534 1048 4594 cientibus,
1087 4532 1374 4592 irascatur,

2423 4524 2646 4577 νούντων
2665 4563 2678 4585 ,
2715 4523 2965 4594 ὁργισθῇ,

828 4627 916 4678 26.
943 4623 1008 4678 Ει
1037 4637 1132 4676 vos
1156 4622 1389 4676 statione
1417 4626 1750 4685 sanctorum,
1784 4635 1905 4689 quae
1934 4635 1964 4672 a
1989 4619 2190 4673 dextris
2211 4629 2312 4680 cst,

2485 4613 2573 4667 26.
2616 4615 2722 4666 Καὶ
2757 4613 3007 4676 ἀναξίους
3047 4613 3187 4683 ὑμᾶς
3223 4612 3486 4682 ἡγήσεται
3537 4607 3636 4677 τῆς
3679 4608 3742 4658 ὲκ
3793 4601 3964 4667 δεξιῶν

763 4717 1012 4786 indignos
1076 4714 1368 4768 existimet.

2421 4708 2658 4768 στάσεως
2689 4707 2795 4759 τῶν
2834 4707 3021 4771 ἁγίων.

833 4808 920 4862 27.
947 4809 1079 4862 Cum
1110 4808 1250 4876 ignis
1281 4805 1499 4858 ultionis
1553 4812 1676 4856 ante
1727 4818 1850 4856 eum
1885 4803 2170 4871 praecedet,

2485 4799 2575 4854 27.
2617 4801 2782 4851 Ὅταν
2812 4799 2871 4850 τὺ
2908 4797 3018 4867 πῦρ
3061 4796 3160 4866 τῆς
3197 4794 3526 4864 ἐκδικήσεως
3555 4788 3967 4863 προπορεύσεταῑ

2347 4873 2393 4927 Ῐ)
2421 4891 2724 4961 ἔμπροσθεν
2750 4890 2933 4952 αὐτοῦ,

835 4987 919 5044 εις.
951 4986 1098 5041 Beati
1127 5000 1335 5049 omnes,
1367 4985 1458 5052 qui
1511 4999 1564 5037 in
1596 4997 1660 5036 eo
1693 4997 1840 5050 spent
1885 4981 2101 5035 habent.

2491 4982 2578 5036 28.
2595 4982 2868 5051 Μακάριοι
2895 4981 3088 5043 πάντες
3100 4981 3146 5032 oi
3166 4978 3263 5050 τὴν
3283 4975 3473 5031 ἐλπίδα
3489 4976 3703 5050 ἔχοντες
3723 4969 3966 5040 algam-

831 5142 1022 5197 ’Hebr.
1047 5156 1160 5204 vm,
1185 5142 1240 5195 2.
1315 5143 1336 5174 ⁸
1367 5139 1526 5197 Joan.
1562 5155 1695 5204 xvn,
1722 5140 1774 5192 6.
1853 5139 1873 5171 '
1895 5137 2051 5192 Joan.
2089 5154 2125 5202 I,
2158 5136 2245 5193 18.
2321 5137 2365 5168 ⁸⁸
2389 5135 2543 5192 Joan.
2583 5153 2711 5203 xvn,
2749 5136 2841 5191 24.

1701 5321 2002 5384 Addenda
2029 5331 2088 5384 et
2125 5322 2494 5401 corrigenda
2528 5338 2604 5381 ex
2655 5320 2791 5381 cod.
2825 5317 3023 5379 Vatic.

835 5509 911 5660 ξι)
942 5517 1156 5597 Αρτοῦ,
1185 5527 1332 5573 deest
1358 5517 1411 5571 in
1447 5515 1579 5572 Cod.

858 5587 913 5659 2)
948 5588 1076 5642 Νυν.

2499 5518 2572 5587 (5)
2605 5515 2772 5584 Θέλω,
2805 5517 2891 5570 ἵνα
2918 5515 3073 5570 ὅπου.
