4068 6310
701 342 808 401 659
1552 353 1607 408 S.
1651 356 2025 414 ATHANASII
2065 360 2217 416 OPP.
2259 362 2438 417 PARS
2479 363 2560 418 Ill.
2603 393 2670 403 —
2711 359 3124 416 EXEGETICA.
3852 342 3954 400 56°

774 460 824 513 9.
860 458 972 529 Ego
1004 458 1238 516 dormivi
1272 471 1327 516 et
1353 478 1639 534 soporatus
1670 485 1790 523 sum
1829 489 1844 535 ;
2294 484 2338 535 A

2294 484 2338 535 A
2435 476 2488 530 9.
2541 472 2680 542 Ἐγὼ
2710 474 2769 527 δὲ
2795 472 3116 543 ὲκοιμήθην,
3145 469 3238 521 καὶ
3267 467 3514 520 ὖπνωσα·

771 549 860 604 10.
893 549 958 605 Et
987 553 1292 618 exsurrexi,
1333 557 1459 626 quia
1492 557 1756 616 Dominus
1787 565 2023 634 suscepit
2055 582 2158 620 me.

2440 565 2526 619 10.
2582 565 2936 636 Ἐξηγέρθην,
2980 565 3060 616 ὅτι
3100 561 3301 633 Κύριος
3334 555 3688 627 ἀντιλήψεταί
3726 566 3882 624 patr

770 642 858 699 11.
888 640 1007 696 Non
1056 645 1256 700 timebo
1301 647 1470 703 millia
1502 653 1686 721 populi
1730 656 2122 713 circumdantis
2156 675 2260 715 me.

2437 660 2522 712 1-1.
2565 661 2638 712 Οὐ
2682 658 3061 729 φοϐηθήσομαι
3105 655 3213 710 ἀπὸ
3245 651 3517 724 μυριάδων
3545 646 3678 701 λαοῦ
3707 645 3833 699 τῶν
3860 642 3954 700 κύ-

2367 753 2477 823 κλῳ
2508 752 2991 823 συνεπιτιθεμένων
3025 757 3134 822 μοι.

771 818 858 875 12.
889 819 1153 893 Exsurge,
1171 823 1424 892 Domine;
1458 828 1663 882 salvum
1697 846 1780 884 me
1802 830 1904 895 fac,
1925 832 2064 888 Deus
2090 850 2260 890 meus.

2163 852 2260 890 :us.
2439 818 2524 896 12.
2582 818 2830 906 ’Avo'ts-ca,
2863 818 3070 914 Κύριεο
3095 840 3265 894 σῶσόν
3297 853 3382 908 με,
3413 837 3442 887 ὁ
3473 836 3604 898 Θεός
3635 850 3769 904 μου.

772 913 856 965 15.
891 911 1160 978 Quoniam
1209 926 1266 970 tu
1315 921 1636 987 percussisti
1685 937 1877 978 omnes
1916 925 2264 981 adversantes

2438 934 2521 988 13.
2567 936 2688 988 Ὅτι
2727 937 2789 987 σὺ
2824 932 3348 998 ἐπάταξαςκπάντας
3386 928 3510 991 τοὺς
3553 919 3953 996 ἐχθραίνοντέις

701 1004 836 1058 mihi
869 1007 986 1061 sine
1012 1023 1175 1063 causa
1205 1026 1220 1068 ;

1159 1024 1175 1062 ³
1205 1026 1220 1068 ἓ
2369 1045 2458 1099 μοι
2491 1028 2733 1097 ματαίως
2754 1045 2765 1058 ·

776 1098 861 1153 14.
895 1099 1092 1154 Dentes
1126 1110 1471 1170 peccatorum
1497 1105 1826 1162 contrivisti.
2375 1098 2378 1099 ν

2375 1098 2378 1099 ν
2446 1118 2533 1172 14.
2587 1119 2830 1180 Ὀὂόντας
2864 1114 3200 1187 ἁμαρτωλῶν
3246 1110 3587 1183 συνέτριψας.

770 1189 858 1245 15.
893 1189 1106 1244 Domini
1135 1201 1218 1246 est
1245 1194 1395 1248 salus
1424 1209 1442 1259 ;

2435 1211 2521 1265 15.
2565 1209 2670 1262 Τοῦ
2713 1211 2979 1279 Κυρίουή
3021 1207 3293 1277 σωτηρία’

769 1281 855 1336 16.
885 1280 952 1334 Et
977 1298 1138 1352 super
1170 1289 1428 1354 populum
1463 1297 1613 1343 tuum
1647 1289 1950 1346 benedictio
1988 1300 2099 1348 tua.

2016 1308 2099 1348 ua.
2435 1302 2520 1354 1(i.
2563 1301 2672 1354 Καὶ
2703 1303 2793 1353 ἐπὶ
2820 1300 2910 1354 τὸν
2942 1299 3070 1352 λαόν
3102 1315 3192 1351 σου
3222 1298 3254 1367 ἡ
3281 1295 3500 1362 εὐλογία
3531 1310 3622 1345 σου

872 1367 935 1422 In
966 1369 1143 1438 ﬁnem,
1173 1374 1227 1425 in
1257 1377 1863 1460 car‘niinibusz'psalmus
1894 1381 2084 1437 David.
2463 1396 2478 1446 l

2463 1396 2563 1460 Εἰς
2582 1394 2646 1446 τὸ
2675 1393 2871 1458 τέλος,
2895 1394 2964 1445 ἐν
2993 1393 3224 1459 ὕμνοις,
3255 1386 3496 1456 ψαλμὸς
3512 1383 3590 1448 τῷ
3615 1382 3837 1440 Δαυτδ.

1311 1443 1512 1500 PSAL.
1543 1443 1646 1501 Iv;
2463 1443 2555 1460 —-.
2586 1443 2635 1446 --
2900 1443 2917 1445 -

2586 1443 2635 1446 τ’
2999 1443 3283 1515 iamsi-1

857 1528 991 1584 Cum
1038 1533 1346 1590 invocarem
1387 1539 1666 1595 exaudivit
1715 1558 1804 1598 me
1854 1543 1997 1601 Deus
2038 1547 2262 1617 iustitiae
2431 1557 2453 1609 1

2431 1557 2482 1609 1.
2537 1557 2624 1609 Ἐν
2651 1555 2729 1626 τῷ
2756 1553 3129 1606 ἐπικαλεῖσθαί
3163 1524 3259 1625 με,
3289 1549 3572 1623 εἰσήκουσέ
3604 1567 3707 1619 μου
3746 1549 3782 1600 ὁ
3813 1543 3953 1605 Θεὸς

701 1633 831 1672 ιηεέιὲ
2361 1645 2458 1715 τῆς
2484 1643 2828 1713 δικαιοσύνης
2857 1660 2977 1711 μου.

769 1710 822 1764 2.
857 1709 913 1763 In
947 1713 1296 1770 tribulatione
1324 1718 1565 1774 dilatasti
1595 1721 1749 1777 mihi.

1692 1721 1749 1777 ni.
2417 1709 2485 1790 ἐ.
2538 1737 2626 1788 Ἐν
2657 1709 2833 1804 θλίψει
2860 1709 3165 1795 ἐπλάτυνάς
3191 1749 3298 1802 μοι.

766 1801 816 1856 ’5.
851 1801 1110 1856 Miserere
1141 1805 1265 1870 mei,
1305 1814 1358 1860 et
1385 1807 1579 1862 exaudi
1610 1810 1914 1865 orationem
1952 1828 2149 1868 meam.
2290 1856 2330 1910 Β

2429 1801 2834 1897 5.Οἰκτείρησόν
2849 1843 2914 1896 με
2926 1867 2938 1888 ,
2949 1826 3044 1878 καὶ
3058 1801 3475 1893 εἰσάκουσοντῆς
3487 1821 3808 1893 προσευχῆς
3823 1834 3951 1888 μου.

769 1892 822 1943 4.
859 1891 979 1945 Filii
1011 1894 1315 1962 hominum,
1349 1912 1632 1968 usquequo
1660 1901 1809 1971 gravi
1834 1904 2047 1958 corde?
2290 1891 2330 1910 ”

2290 1891 2330 1910 υ
2431 1916 2486 1971 4.
2527 1917 2646 1970 Υἱοὶ
2670 1891 2991 1987 ανθρώπων,
3030 1914 3134 1977 ’ἐως
3174 1915 3301 1967 πότε
3338 1891 3716 1983 βαρυκαρδιοι;

771 1982 822 2038 5.
861 1983 932 2038 Ut
969 1987 1097 2056 quid
1141 1989 1365 2059 diligitis
1413 1992 1727 2058 vanitatem,
1754 2005 1802 2047 et
1829 1997 2070 2065 quaeritis
2109 2016 2260 2054 men-

2435 2010 2487 2062 5.
2530 2011 2646 2062 Ἵνα
2675 2009 2725 2062 τί
2752 2010 3002 2077 ἀγαπᾶτε
3038 2007 3394 2078 ματαιότητα,
3431 2007 3521 2060 καὶ
3560 2004 3783 2074 ζητεῖτε
3811 1999 3953 2070 ψεῦ-

698 2074 913 2130 dacium
949 2078 971 2130 ?
2365 2097 2479 2159 δοςς

766 2167 819 2220 6.
856 2166 919 2222 Et
960 2171 1153 2227 scitote
1183 2174 1444 2242 quoniam
1481 2181 1792 2233 mirlhcavnt
1831 2181 2095 2238 Dominus
2132 2199 2264 2238 san-

2436 2189 2488 2242 6.
2527 2192 2634 2242 Καὶ
2657 2189 2853 2258 γνῶτε,
2887 2191 2970 2244 ὃτι
2999 2189 3388 2261 ὲθαυμάστωσε
3425 2192 3622 2262 Κύριος
3656 2189 3753 2242 τὸν
3798 2188 3953 2241 ὅσιον

697 2268 848 2314 ctum
880 2277 1062 2320 suum.
1941 2298 1946 2303 ”

951 2279 1062 2320 um-
1941 2298 1946 2303 ”
2368 2280 2551 2335 αὑτοῦ.

1827 2387 2194 2444 ATIlANASlI
2238 2391 2810 2451 INTERPRETATIO.

769 2472 820 2527 9.
853 2469 1239 2542 Unusquisque
1265 2476 1650 2544 prophetarum
1679 2479 1811 2534 dicit
1841 2500 1853 2534 :
1889 2480 2082 2538 Nullus
2104 2484 2180 2538 fui
2204 2486 2256 2539 in

2435 2487 2486 2542 9.
2534 2490 2798 2554 ’Ἕκαστος
2828 2491 2974 2560 λεγει
3006 2492 3112 2546 τῶν
3141 2490 3455 2564 amomi-(3v,
3483 2492 3562 2544 ὅτι
3601 2491 3692 2542 Ἐν
3726 2489 3844 2558 μὲν
3875 2488 3951 2555 (1)

696 2578 814 2617 mea
882 2563 1260 2632 prasdiratione
1327 2575 1543 2635 propter
1615 2568 1895 2625 hominum
1966 2572 2258 2628 increduli-

2367 2580 2675 2652 κηρύγματί
2705 2600 2804 2647 μου
2836 2583 3113 2654 ἀνωφελὴς
3136 2563 3399 2654 ἐγενόμην
3418 2581 3505 2635 διὰ
3526 2581 3620 2650 τὴν
3645 2579 3952 2633 ἀπείθειαν

697 2661 881 2714 talem,

2364 2669 2469 2720 τῶν
2500 2669 2819 2737 ἀνθρώπων,

763 2742 846 2796 10.
882 2739 1186 2798 Novissime
1208 2753 1385 2798 autem
1412 2760 1565 2799 meus
1581 2762 1759 2802 sermo
1775 2750 2100 2813 exsurrexit,
2127 2767 2262 2819 quo-

2445 2758 2525 2812 10.
2568 2760 2832 2830 ’Ὕστερον
2878 2762 2933 2814 δὲ
2981 2762 3240 2832 ἐξανέστη
3282 2764 3310 2815 ὀ
3346 2762 3500 2828 λόγος
3531 2777 3652 2826 μου,
3692 2761 3783 2811 ὅτι
3833 2759 3952 2812 Κύ-

693 2832 839 2886 niam
859 2833 1122 2888 Dominus
1156 2849 1252 2903 per
1285 2834 1526 2905 seipsum
1561 2838 1824 2893 mundum
1869 2839 2136 2895 allocutus
2154 2851 2258 2898 est.

1893 2839 2136 2895 illocutus
2154 2851 2258 2898 est.
2365 2866 2475 2920 ριος
2504 2850 2569 2903 δι’
2592 2852 2784 2904 ἑαυτοῦ
2813 2853 3039 2924 ἐλάλησε
3073 2853 3149 2924 τῷ
3181 2853 3367 2925 κόσμῳ
3403 2854 3499 2923 (‘2).

765 2925 851 2978 11.
884 2923 1260 2989 Tentationes,
1303 2927 1378 2981 ait
1409 2944 1493 2982 me
1529 2931 1924 2999 aggredientes.

2433 2944 2517 2998 11.
2558 2944 2677 2998 Τῶν
2721 2923 3041 3017 πειρασμῶν
3079 2948 3226 3016 λέγει
3253 2923 3360 3000 τῶν
3402 2945 3788 3016 ἐπερχομένων
3829 2959 3948 3011 μοι.

763 3014 850 3068 12.
884 3014 1148 3086 Exsurge,
1170 3015 1418 3081 Domine,
1444 3020 1512 3073 de
1536 3035 1645 3088 quo
1679 3022 1928 3078 dicturus
1963 3032 2081 3076 erat
2111 3022 2257 3078 Tho-

2433 3033 2518 3089 ιε.
2572 3014 2827 3105 Ἀνάστα,
2871 3014 3077 3110 Κίῖριε,
3111 3014 3236 3110 περὶ
3276 3034 3337 3092 0-3
3375 3014 3554 3110 μέλλε.
3588 3037 3772 3103 λέγειν
3826 3033 3951 3086 Θω-

694 3123 811 3164 mas
843 3126 855 3162 :
889 3108 1142 3162 Dominus
1176 3126 1318 3164 meus
1343 3121 1390 3163 et
1417 3110 1555 3165 Dens
1585 3128 1728 3165 mens
1763 3114 1824 3164 “.

2369 3127 2503 3192 μᾶςο
2552 3126 2614 3179 Ὀ
2643 3130 2853 3196 Κύριός
2881 3108 2999 3198 μοι)
3030 3133 3128 3185 καὶ
3223 3108 3386 3198 Θεός-
3396 3149 3531 3200 μου.

763 3202 850 3256 15.
879 3200 1148 3268 Quoniam
1190 3217 1243 3258 tu
1290 3204 1586 3260 crueilixus
1615 3221 1712 3275 pro
1748 3207 1906 3261 nobis
1940 3209 2254 3277 percussisti

2436 3219 2523 3273 15.
2566 3218 2688 3273 Ὀτι
2733 3221 2796 3273 σὺ
2830 3223 3156 3292 σταυρωθεὶς
3191 3225 3330 3294 ὑπὲρ
3354 3225 3506 3293 ἡμῶν
3550 3225 3622 3292 (5)
3650 3221 3952 3288 siti-caici;

691 3307 880 3348 omnes
909 3303 1146 3349 rectores
1182 3294 1391 3359 mundi,
1429 3295 1530 3350 hoc
1561 3305 1642 3349 cst
1665 3297 1890 3365 peccati.
2292 3309 2297 3345 ί

2292 3298 2333 3357 C
2367 3309 2574 3374 πάντας
2594 3314 2719 3376 τοὺς
2743 3315 3186 3385 κοσμοκράτορας
3221 3314 3320 3384 τῆς
3344 3314 3631 3386 ἁμαρτίας.

764 3386 847 3441 14.
877 3386 1076 3441 Eorum
1107 3389 1314 3443 scilicet
1340 3390 1635 3452 doctrinas,
1668 3390 1870 3458 quibus
1916 3391 2250 3448 devorabant

2429 3403 2516 3458 11.
2557 3406 2668 3468 Τὰς
2695 3405 2911 3477 διδαχὰς
2942 3407 3122 3460 αὐτῶν
3152 3408 3427 3460 τουτέστιν
3467 3406 3562 3475 (4),
3583 3408 3637 3457 ἐν
3669 3398 3759 3467 αἷς
3806 3419 3952 3456 κατ-

691 3477 856 3534 corda
890 3479 1171 3534 hominum
1199 3481 1293 3550 qui
1321 3481 1428 3533 illis
1450 3481 1850 3535 auscultabant.

2365 3493 2551 3564 ήσῢιον
2577 3495 2674 3559 τὰς
2698 3498 2923 3568 καρδίας
2950 3497 3056 3552 τῶν
3087 3499 3469 3552 ὑπακουόντων
3499 3497 3701 3558 αὐτοῖς.

762 3571 848 3626 15.
877 3570 979 3626 Tui
1009 3571 1250 3642 quidem,
1285 3572 1382 3643 qui
1413 3582 1606 3628 natura
1631 3573 1747 3643 ipsa
1778 3573 2046 3630 Dominus
2072 3591 2151 3639 es,

2072 3591 2151 3639 85.
2436 3584 2521 3638 15.
2566 3587 2668 3638 Σοῦ
2702 3589 2811 3659 γὰρ
2844 3589 2920 3659 (5)
2949 3590 3041 3642 τοῦ
3070 3590 3211 3643 κατὰ
3245 3589 3404 3658 φύσιν
3438 3589 3661 3659 Κυρίου,

763 3662 849 3719 16.
880 3663 946 3720 Ει
966 3680 1129 3735 super
1153 3677 1371 3721 sanctos
1402 3674 1523 3720 tuos
1543 3667 1715 3737 gratia
1742 3677 1832 3722 tua
1860 3687 1875 3734 ;
1902 3669 2080 3722 omnis
2110 3669 2255 3724 enim

2434 3674 2520 3729 16.
2565 3679 2674 3730 Καὶ
2718 3680 2811 3732 ἐπὶ
2840 3682 2965 3742 τοὺς
3007 3681 3193 3747 ἁγίους
3235 3697 3325 3732 σου
3358 3682 3391 3750 ἠ
3439 3681 3594 3749 χάρις
3626 3694 3748 3730 σου·
3787 3678 3954 3729 πᾶσα

690 3759 843 3814 salus
875 3758 943 3811 ab
973 3757 1196 3812 homine
1225 3774 1366 3812 vana
1397 3759 1460 3811 ¹¹.

2365 3763 2473 3834 γὰρ
2509 3767 2748 3837 σωτηρία
2780 3767 3066 3837 ἀνθρώπου
3098 3770 3319 3838 ματαία.

773 3851 837 3901 Ἠ
863 3848 955 3902 τοῦ
976 3847 1190 3918 ψαλμοῦ
1226 3847 1556 3917 προκειμένη
1585 3848 1863 3918 ἐπιγραφὴ
1895 3850 1927 3918 ὴ
1959 3846 2047 3901 διὰ
2074 3848 2170 3919 τῆς
2201 3851 2572 3922 κινναϐάρεως
2605 3855 2873 3924 περιέχειο
2901 3858 3002 3923 Εἰς
3030 3858 3095 3910 τὸ
3126 3856 3299 3924 τέλος
3335 3858 3403 3911 ἐν
3428 3858 3652 3926 ὕμνοις,
3691 3856 3960 3924 ψαλμὲς

691 3940 770 4006 τῷ
798 3940 996 3995 Δαυτδ.
1027 3940 1198 3993 Τοῦτο
1226 3938 1320 3995 οὖν
1350 3943 1517 4005 ἐστιν,
1550 3940 1642 4004 Εἰς
1673 3943 1700 3994 ὖ
1711 3961 1839 4014 μνον
1866 3943 2080 4014 εἴρηται
2108 3945 2247 4017 ὑπὲρ
2271 3947 2376 4000 τῶν
2408 3949 2578 4016 ἁγίων
2607 3950 2701 4003 τοῦ
2728 3951 2860 4006 Θεοῦ
2892 3953 2989 4024 (6),
3023 3955 3163 4025 ὑπὲρ
3192 3955 3298 4008 τῶν
3325 3955 3602 4009 ἀθανάτων
3623 3953 3959 4023 μυστηρίων

692 4039 758 4094 δι’
783 4030 858 4094 ὧν
897 4037 1157 4103 σώζονται
1187 4039 1238 4093 οἱ
1275 4038 1420 4108 ἅγιοι
1453 4039 1545 4092 τοῦ
1577 4039 1732 4103 Θεοῦ,
1763 4041 1829 4093 δι’
1870 4033 1944 4093 ὧν
1980 4040 2054 4112 (7)
2089 4042 2304 4108 λέγουσι
2339 4045 2430 4096 καὶ
2464 4046 2555 4097 τὸν
2590 4045 2755 4116 ὕμνον
2786 4048 2861 4118 τῷ
2900 4049 3129 4102 σώσαντι
3159 4051 3352 4112 αὐτοὺς
3388 4050 3463 4118 τῷ
3492 4047 3603 4116 Υἱῷ
3647 4045 3741 4099 τοῦ
3777 4045 3958 4101 Θεοῦ.

692 4134 850 4190 Δαυῒδ
876 4134 985 4207 γὰρ
1012 4132 1371 4206 ἑρμηνεύεται
1403 4135 1609 4199 ἱκανὸς
1635 4135 1806 4201 χειρὶ,
1839 4135 1975 4206 ὅπερ
2004 4135 2119 4188 ἐστὶ
2147 4135 2348 4206 Κύριος
2379 4139 2452 4205 (ὃ)
2483 4141 2510 4190 ὁ
2541 4138 2669 4203 Θεὸς
2710 4140 2884 4210 ἡμῶν.

763 4248 995 4309 Titulus,
1017 4245 1111 4316 qui
1144 4245 1352 4315 psalmo
1375 4245 1740 4315 praemittitur,
1760 4244 2043 4298 cinnabari
2077 4245 2334 4314 scriptus,
2354 4246 2595 4300 continet
2621 4266 2631 4300 :
2657 4246 2720 4300 In
2748 4249 2903 4319 ﬁnem
2929 4255 2982 4303 in
3007 4251 3232 4320 hymnis,
3258 4248 3488 4319 psalmus
3513 4243 3698 4298 David.
3720 4241 3960 4299 Scilicet

693 4351 746 4404 in
775 4349 1060 4420 hymnum,
1090 4347 1191 4400 hoc
1214 4354 1297 4400 est
1334 4344 1389 4398 in
1417 4344 1655 4410 laudem,
1692 4343 1939 4413 psalmus
1984 4342 2162 4397 dictus
2207 4353 2290 4397 est
2329 4358 2428 4411 pro
2469 4347 2677 4401 sanctis
2717 4345 2808 4401 Dei
2847 4348 2913 4402 de
2960 4349 3357 4402 immortalibus
3407 4342 3696 4414 mysteriis,
3734 4342 3958 4411 quibus

695 4441 867 4496 sancti
893 4440 986 4495 Dei
1010 4439 1312 4501 salvantur,
1341 4447 1394 4491 ct
1431 4437 1502 4490 ob
1525 4451 1645 4505 qua:
1671 4436 1929 4506 hymnum
1962 4443 2169 4488 canunt
2195 4431 2289 4490 Dei
2314 4433 2477 4504 Filio,
2501 4439 2595 4506 qui
2624 4440 2854 4493 salvavit
2878 4456 2992 4494 eos.
3027 4439 3192 4495 David
3228 4442 3370 4495 enim
3411 4441 3792 4508 interpretatur
3829 4455 3958 4491 ma-

695 4554 763 4588 nu
791 4545 996 4605 potens,
1027 4533 1204 4604 qualis
1234 4543 1317 4587 est
1350 4532 1613 4587 Dominus
1638 4529 1782 4586 Deus
1806 4538 2015 4585 noster.

769 4631 820 4685 1.
851 4629 1089 4685 Veniens
1119 4629 1186 4683 ad
1209 4645 1295 4682 me
1321 4644 1478 4698 opem
1508 4627 1641 4681 mihi
1670 4627 1864 4690 tulisti,
2287 4633 2339 4689 υ

2441 4629 2488 4681 1.
2527 4631 2973 4701 Παραγενόμενος
2997 4628 3130 4699 πρὸς
3158 4643 3244 4698 με,
3272 4623 3570 4694 ἐϐοήθησας
3613 4641 3722 4694 μοι,
3761 4622 3945 4691 λέγει,

768 4725 821 4778 2.
853 4723 1309 4778 Animadvertens
1334 4737 1508 4775 meam
1537 4721 1931 4784 infirmitatem,

1834 4735 1931 4784 3m,
2437 4723 2490 4775 2.
2533 4724 2931 4794 Προσεσχηκὼς
2959 4723 3020 4775 τὸ
3047 4719 3269 4782 ἀσθενές
3304 4735 3405 4788 μου
3426 4757 3440 4780 ,

768 4818 821 4872 3.
857 4815 974 4871 Non
1003 4815 1243 4886 rejecisti
1271 4814 1705 4886 deprecationem
1735 4826 1932 4866 meam.

1887 4826 1932 4864 [1ο
2437 4816 2493 4869 5.
2535 4814 2626 4884 Μὴ
2661 4815 2972 4886 Mopsi-4m;
3011 4813 3109 4882 τὴν
3141 4812 3345 4864 ἱκεσίαν
3376 4825 3493 4880 μου.

760 4910 819 4961 4.
855 4907 1033 4962 Corde
1057 4907 1278 4976 lapidei.

2440 4905 2494 4958 4.
2537 4905 2894 4978 Λιϐοκάρδιοι.

768 5000 986 5066 5.°Qu:e
1015 5001 1071 5053 in
1101 4999 1304 5052 mundo
1327 5002 1472 5051 sunt.

1439 5002 1472 5050 l.
2442 4997 2495 5050 5.
2538 4995 2618 5048 Τὰ
2644 4996 2701 5049 ὲν
2728 4996 2806 5067 τῷ
2839 4997 3045 5066 κόσμῳ.

771 5090 1139 5162 6.1ntelligite
1187 5090 1444 5160 quoniam
1503 5085 1767 5142 Dominus
1815 5101 2031 5141 servum
2103 5102 2262 5141 suum

2442 5087 2492 5138 6.
2539 5087 2784 5157 Νοήσατε
2831 5087 2904 5158 (9)
2963 5089 3047 5141 ὅτι
3101 5087 3130 5141 6
3184 5084 3386 5159 Κύριος
3434 5080 3650 5146 ὲδόξασε
3696 5080 3790 5135 τὸν
3829 5079 3942 5135 δου-

705 5180 1046 5255 gloriﬁcavit.

2376 5178 2598 5231 λεύοντα
2627 5178 2792 5250 αὐτῷ.

775 5279 811 5308 ¹¹
839 5274 997 5330 Juan.
1022 5291 1112 5338 xx,
1134 5273 1223 5328 28.
1301 5273 1344 5304 ¹¹
1382 5271 1525 5326 Psal.
1549 5289 1659 5336 ιιι,
1689 5273 1774 5326 15.

1640 5387 1943 5452 Addenda
1993 5395 2052 5449 et
2099 5387 2471 5466 corrigenda
2509 5405 2587 5447 ex
2622 5386 2759 5447 cod.
2795 5386 2995 5447 Vatic.

776 5499 852 5564 (1)
899 5498 985 5549 Ἔν
1018 5496 1096 5566 τῷ
1137 5495 1257 5565 μὲν.
1438 5565 1442 5566 ν
1828 5565 1833 5566 ί
2555 5488 2660 5566 To?
2689 5488 2819 5542 Υἱοῦ
2851 5489 2942 5542 τοῦ
2971 5489 3124 5543 Θεοῦ.

775 5559 850 5638 (2)
904 5559 1193 5638 Ἐλὰλήσὲν
1219 5567 1397 5621 αὐτῶν
1425 5565 1630 5638 (αὐτὰ)
1669 5569 1746 5636 τῷ
1773 5565 1983 5633 κόσμῳ.
2561 5559 2670 5638 ᾼ-ἱό,

773 5628 847 5701 (ὅ)
903 5628 1094 5708 Ἐμοῦξ
1326 5706 1334 5708 _
1431 5628 1440 5637 ’
1611 5628 1624 5638 ’
1719 5628 1730 5636 ⁷
1879 5628 1888 5633 ’
1935 5628 1945 5632 ⁷
2565 5630 2719 5708 Ferri.
2759 5628 2984 5700 Ἰησοῦς.

775 5712 847 5768 (4)
883 5701 1002 5761 Τῶν
1029 5709 1207 5760 αὐτῶν
1246 5706 1468 5760 τούτων.
2445 5703 2519 5767 (9)
2564 5701 2853 5776 Ποιήσατε,

779 5783 850 5848 (5)
895 5781 1118 5850 Κυρίου,
1218 5776 1475 5848 σωτηρία.
