4090 6312
189 349 298 406 661
1117 355 1204 409 DE
1245 355 1520 412 TlTULlS
1571 357 1804 412 PSALM‘

1809 359 2018 416 ORUM.
2063 392 2130 405 -—
2170 360 2361 415 PSAL.
2400 359 2440 412 ν
3325 353 3424 409 661

264 463 321 516 7.
369 465 568 534 Κύριος
593 465 967 518 είσακτιῦσεταί
997 483 1118 535 μου,
1151 468 1207 518 ἐν
1234 467 1311 536 τῷ
1350 470 1673 540 κεκραγέναι
1703 488 1766 539 με
1798 480 1840 532 Α

1811 480 1840 531 λ
1942 473 1990 526 7.
2029 473 2292 528 Dominus
2351 471 2606 526 exaudiet
2663 486 2771 536 me,
2830 488 2952 525 cum
3010 473 3311 527 clamaveru
3359 474 3426 527 ad

187 558 340 628 πρὸς
370 559 549 610 αὐτόν.
1868 579 2010 616 eum.

260 651 321 705 8°
376 648 700 720 ’1)ργίζεσοε,
731 650 824 703 καὶ
854 650 928 720 μὴ
952 650 1318 720 ἁμαρτάνετε·

1308 669 1318 682 ·
1936 655 1986 707 8.
2023 652 2344 718 lrascimini,
2373 661 2424 705 et
2452 653 2620 706 nolite
2649 669 2874 722 peccare
2905 674 2916 718 ;

263 742 320 797 9.
372 744 437 794 Ἀ
458 741 642 808 λέγετε
667 745 724 795 ἐν
754 745 874 806 ταῖς
905 742 1150 814 καρδίαις
1175 743 1347 812 ὑμῶν,
1377 745 1467 796 ἐπὶ
1502 749 1619 808 ταῖς
1645 747 1758 798 κοί-

1935 748 1988 798 9.
2027 743 2157 808 ρυω
2209 743 2388 796 dicitis
2428 743 2479 794 in
2526 744 2780 798 cordibus
2819 748 3035 813 vestris,
3068 747 3120 800 in
3158 748 3428 803 cubilibus

185 850 317 895 ταις
344 834 372 885 ὑ
380 832 492 903 μῶν
519 833 881 904 κατανύγητε.

1865 837 2059 892 vestris
2092 835 2535 904 cumpungimini.

267 928 352 981 10.
397 927 604 980 Θύσατε
631 927 821 982 θυσίαν
860 927 1222 999 δικαιοσύνης,
1256 932 1348 982 καὶ
1380 931 1632 984 ἐλπίσατε
1667 932 1758 985 ἐπὶ

1939 932 2022 984 10.
2066 929 2379 983 Sacriﬁcate
2409 929 2738 985 sacriﬁcium
2761 932 3006 1001 juSIiti-ae,
3043 943 3096 987 et
3122 945 3334 1004 sperate
3371 937 3423 989 in

187 1020 420 1092 Κύριον.

1866 1024 2113 1077 Domino.

261 1110 352 1164 11.
393 1110 582 1163 Πολλοὶ
612 1109 858 1179 λέγουσι’
893 1110 986 1174 Τίς
1022 1110 1183 1176 δείξει
1217 1113 1345 1182 ἡμῖν
1373 1117 1440 1164 τὰ
1479 1112 1686 1180 ἀγαθά;

1677 1132 1686 1178 ;
1938 1115 2018 1166 ll.
2050 1111 2199 1166 Multi
2227 1111 2410 1166 dicunt
2437 1129 2450 1164 :
2483 1110 2617 1176 Quis
2652 1111 2898 1166 ostendet
2922 1112 3077 1166 nobis
3105 1112 3239 1165 bona
3269 1111 3292 1164 ?

267 1205 354 1258 12.
410 1203 747 1275 Ἐσημειὼθη
787 1205 871 1274 ἐφ’
912 1206 1060 1274 ἡμᾶς
1098 1205 1155 1258 τὸ
1187 1206 1300 1274 φῶς
1331 1207 1422 1258 τοῦ
1465 1206 1752 1276 προσώπου

1937 1203 2024 1258 12.
2059 1203 2341 1272 Signatum
2397 1211 2481 1257 est
2527 1217 2692 1272 super
2737 1219 2836 1258 nos
2881 1204 3060 1258 lumen
3109 1205 3289 1258 vultus
3325 1204 3423 1271 tui,

186 1311 309 1357 σου,
343 1298 512 1365 Κύριε
530 1312 544 1325 ο

530 1312 544 1325 .
1865 1294 2089 1348 Domine
2131 1310 2143 1357 ;

265 1388 351 1441 15.
395 1389 637 1451 Ἕδωκας
663 1388 994 1459 εὐφροσύνην
1021 1390 1098 1450 είς
1122 1388 1217 1458 τὴν
1242 1388 1462 1456 καρδίαν
1491 1405 1614 1460 μου.

1330 1388 1462 1442 νδίαν
1491 1405 1614 1460 μου.
1938 1388 2018 1440 15.
2057 1386 2254 1440 Dedisti
2290 1386 2526 1441 lmtitiam
2553 1388 2604 1440 in
2631 1387 2794 1442 corde
2827 1403 2945 1441 meo

262 1479 350 1532 H.
405 1479 533 1531 Ἀπὸ
567 1479 776 1550 καρποῦ
841 1479 985 1531 σίτου
1008 1521 1020 1544 ,
1063 1480 1204 1532 οἴνου
1245 1479 1417 1550 [σίτου
1443 1481 1540 1536 καὶ
1571 1479 1752 1554 οῖνουζ

1933 1480 2014 1532 14.
2059 1480 2102 1532 Α
2143 1479 2322 1533 fructu
2350 1478 2628 1543 frumenti,
2666 1483 2774 1534 vini
2805 1479 3084 1552 [frumenti
3111 1493 3162 1536 ct
3195 1480 3329 1552 vini]
3373 1470 3425 1534 (εί

181 1571 281 1624 καὶ
315 1569 492 1623 ἐλαίου
523 1571 699 1625 αὐτῶν
722 1571 1157 1642 ὲπληθύνθησαν.

1012 1589 1157 1642 ςσαν.
1859 1571 1961 1624 olei
1992 1571 2073 1624 sui
2107 1572 2446 1641 multiplicati
2483 1582 2627 1628 sunt.

259 1661 347 1714 15.
403 1661 489 1714 Ἑν
531 1664 719 1734 εἰρήνῃ
770 1664 861 1716 ἐττί
907 1665 968 1716 τὸ
1016 1665 1145 1717 αὐτὸ
1196 1665 1598 1738 κοιμηθήσομαι
1663 1667 1754 1718 καὶ

1934 1662 2018 1715 15.
2058 1660 2112 1713 In
2142 1677 2272 1731 pace
2304 1664 2355 1715 in
2391 1665 2628 1735 idipsum
2662 1664 2928 1720 dormiam
2971 1674 3024 1720 et
3060 1666 3421 1735 requiescam.

179 1753 442 1806 ὑπνὼσω.

258 1843 344 1898 16.
392 1846 512 1898 Ὀτι
543 1847 628 1912 σὺ,
655 1846 856 1918 Κύριε,
903 1847 1214 1918 καταμόνας
1254 1849 1340 1900 ἐπ’
1379 1849 1554 1902 ἐλπίδι
1621 1867 1749 1902 κατ-
1787 1839 1828 1892 Β

1808 1840 1828 1890 3
1937 1844 2017 1897 16.
2049 1845 2316 1910 Quoniam
2377 1856 2466 1908 tu,
2523 1847 2773 1914 Domine,
2832 1850 3177 1920 singulariter
3223 1851 3276 1903 in
3330 1865 3423 1920 spe

176 1935 392 2005 ᾠκισας
421 1955 509 2008 με.

1858 1934 2186 1991 constituis!
2225 1953 2325 1993 nze.

177 2051 289 2116 Εἰς
326 2051 389 2104 τὸ
420 2051 610 2117 τέλος,
635 2050 784 2118 ὑπὲρ
826 2051 937 2119 τῆς
978 2053 1490 2122 κληρονομούσης,
1519 2053 1755 2123 ψαλμύς

1726 2073 1755 2119 ς
1938 2048 2002 2104 1η
2031 2053 2209 2120 ﬁnem,
2240 2070 2332 2121 pro
2363 2069 2424 2104 ea
2458 2069 2573 2122 qua:
2603 2056 2962 2107 amri-ditatem
2989 2062 3341 2123 consequitur,

654 2142 732 2208 τῷ
765 2143 959 2196 Δαϐίδ.
1012 2147 1157 2199 ma
1217 2145 1298 2198 ις’.
2241 2161 2269 2212 ρ

2241 2143 2471 2212 psalmus
2504 2144 2692 2201 David.
2724 2145 2921 2199 PSAL.
2968 2143 3027 2201 V.

256 2233 307 2286 1.
353 2232 430 2286 Τὰ
459 2234 677 2305 ῥήματά
720 2252 819 2304 μου
859 2235 1131 2295 ἐνώτισαι,
1165 2234 1332 2305 Κύριε
1357 2251 1368 2264 ο

1935 2233 1984 2286 1.
2023 2232 2194 2288 Verba
2227 2251 2347 2288 mea
2375 2237 2600 2291 auribus
2638 2238 2876 2307 percipe,
2904 2237 3164 2304 Domine;

252 2325 308 2376 2.
352 2325 516 2388 Σύνες
553 2328 650 2397 τῆς
693 2327 936 2396 κραυγῆς
979 2345 1078 2397 μου
1111 2326 1197 2398 [τῇ
1238 2331 1448 2398 κραυγῇ
1484 2327 1641 2399 μου]ο

1238 2331 1448 2398 κραυγῇ
1484 2327 1641 2399 μου]ο
1927 2325 1980 2378 2.
2018 2325 2255 2397 lntellige
2278 2329 2570 2382 clamorem
2606 2344 2782 2382 meum
2812 2345 2827 2392 ;

253 2415 308 2472 5.
352 2417 593 2486 Πρόσχες
627 2420 690 2487 τῇ
737 2421 885 2488 φωνῇ
918 2417 1017 2486 τῆς
1050 2417 1284 2488 δεήσεως
1313 2437 1434 2490 μου,

1241 2437 1284 2482 ›ς
1313 2437 1434 2490 μου,
1931 2419 1982 2473 5.
2023 2417 2242 2473 lntemle
2264 2422 2380 2474 voci
2412 2420 2673 2474 orationis
2707 2437 2856 2486 meae,

254 2505 307 2559 1.
359 2508 413 2557 Ὀ
449 2505 697 2574 βασιλεύς
732 2525 832 2577 μου
863 2510 956 2562 καὶ
995 2512 1022 2562 ὁ
1048 2509 1179 2573 Θεός
1215 2528 1336 2580 μου.

1174 2527 1179 2570 ;
1215 2528 1336 2580 μου.
1933 2512 1981 2566 ι.
2017 2511 2128 2565 Rex
2153 2528 2326 2576 meus,
2357 2521 2411 2566 et
2445 2511 2586 2567 Deus
2617 2529 2789 2568 meus.

252 2601 306 2654 5.
353 2601 470 2654 Ὀτι
504 2604 638 2672 πρὸς
675 2604 731 2656 σὲ
772 2603 1162 2674 προσεύξομαι,
1202 2605 1404 2676 Κύριε·

1351 2620 1404 2656 ε·
1913 2605 1980 2658 15.
2013 2603 2278 2669 Quoniam
2311 2604 2375 2658 ad
2422 2613 2471 2660 te
2499 2607 2687 2671 orabo,
2724 2606 2966 2674 Domine,

250 2691 304 2745 6.
348 2693 421 2746 Τὸ
459 2693 601 2763 πρωῒ
630 2694 924 2768 είσακούσῇ
959 2695 1058 2764 τῆς
1096 2696 1278 2764 φωνῆς
1313 2713 1434 2766 μου.

1313 2713 1434 2766 μου.
1929 2694 1980 2748 6.
2017 2694 2169 2748 Mane
2192 2697 2450 2750 exaudies
2485 2711 2672 2751 vocem
2699 2714 2896 2753 meam.

1309 2848 1681 2905 ATIIANASII
1723 2848 2304 2906 lNTERPRETATlO.

249 3001 303 3054 7.
352 3003 576 3064 οὐδενὸς
625 3003 699 3072 (1)
744 3003 851 3072 γὰρ
890 3005 1104 3075 παρορᾷ
1143 3003 1251 3056 τῶν
1287 3002 1748 3067 ἁναστεναζόντων

1927 3007 1977 3060 7.
2021 3004 2302 3060 Neminem
2341 3008 2482 3060 enim
2532 3009 2760 3077 despicit
2808 3024 2996 3064 eorum
3041 3012 3133 3080 qui
3178 3010 3244 3066 ad
3300 3025 3425 3068 eum

177 3094 318 3162 πρὸς
343 3094 522 3147 αὐτόν.

1855 3098 2233 3167 ingemiscunt.

251 3187 308 3250 8,
348 3185 401 3239 9.
455 3187 515 3238 Ὀ
545 3185 715 3252 ἧλιορ
741 3186 819 3253 αὴ
845 3186 1126 3240 ἐπιδυέτω
1151 3190 1248 3240 ἐπὶ
1269 3188 1345 3251 τῷ
1368 3186 1748 3257 παροργισμῷ

1502 3186 1748 3257 λογισμῷ
1924 3188 1977 3250 8,
2015 3189 2066 3242 9.
2109 3190 2202 3242 Sol
2229 3207 2330 3243 non
2363 3191 2565 3244 occidat
2594 3207 2749 3260 super
2773 3208 2855 3244 ira
2880 3203 3054 3246 vestra
3077 3195 3117 3224 "

178 3275 372 3345 ὑμῶν.

259 3371 346 3426 10.
389 3369 630 3437 Εῦξασθε
670 3372 762 3425 καὶ
792 3371 994 3440 ψάλατε
1024 3374 1079 3424 ἐν
1110 3373 1306 3444 καρδία
1339 3374 1572 3447 καθαρᾷ.

1276 3391 1306 3444 α
1339 3374 1572 3447 καθαρᾷ.
1932 3368 2018 3423 10.
2046 3367 2208 3424 Orate
2234 3380 2287 3424 et
2310 3371 2518 3438 psallite
2539 3372 2701 3424 corde
2729 3387 2886 3440 puro.

257 3464 341 3516 11.
369 3465 470 3516 Τὸν
494 3464 693 3534 Κύριον
712 3481 802 3516 σου
824 3465 923 3534 (2),
944 3466 1113 3518 καὶτὸ
1131 3465 1352 3537 Πνεῦμά
1377 3484 1467 3518 σου
1488 3468 1547 3520 τὺ
1573 3467 1746 3534 ἅγιον.

1668 3484 1746 3518 ον.
1928 3462 2014 3515 11.
2043 3461 2238 3515 Filium
2266 3471 2417 3516 tuum
2449 3472 2502 3516 et
2531 3462 2791 3532 Spiritum
2827 3474 2976 3516 tuum
3007 3474 3279 3519 sanctum.

254 3557 343 3610 1‘2.
401 3556 674 3626 Ἐγνώσθη
705 3558 760 3608 ἐν
781 3559 924 3626 ’ἡμῖν
956 3559 983 3608 ὁ
1017 3557 1141 3620 Υἱός
1176 3574 1294 3622 σου,
1335 3558 1528 3628 Κύριε.
1781 3554 1822 3610 C

1802 3554 1822 3610 3
1931 3551 2016 3604 12.
2048 3549 2424 3608 Manifestatus
2444 3563 2527 3608 est
2554 3554 2606 3607 in
2626 3553 2779 3608 nobis
2808 3551 2975 3608 Filius
3001 3563 3151 3618 tuus,
3171 3552 3417 3609 Domine.

258 3648 348 3700 13.
389 3647 461 3699 Τὸ
491 3648 713 3716 Πνεῦμα
745 3665 837 3700 σου
869 3647 1014 3714 λέγει
1043 3648 1103 3700 τὸ
1133 3649 1308 3710 ἅγιον.

1293 3687 1308 3702 .
1932 3643 2018 3697 15.
2051 3642 2312 3713 Spiritum
2338 3655 2488 3700 tuum
2515 3657 2787 3709 sanctum,
2812 3646 2907 3700 ait.

252 3739 341 3791 M.
391 3739 484 3792 Ἐκ
533 3739 625 3792 τοῦ
680 3740 1000 3812 ἐπουρανίου
1048 3740 1250 3811 ἄρτου,
1304 3745 1400 3794 καὶ
1447 3743 1611 3806 οἴνου,
1660 3743 1752 3795 καὶ

1943 3737 2024 3791 14.
2057 3736 2130 3790 Ex
2163 3738 2535 3807 supercaelesti
2580 3752 2736 3805 pane,
2765 3746 2818 3790 et
2847 3740 2994 3798 vino,
3032 3744 3086 3789 et
3118 3735 3292 3804 gratia
3321 3732 3427 3791 Pa-

175 3828 276 3900 τῆς
307 3829 525 3900 χάριτος
549 3829 642 3883 τοῦ
679 3831 890 3900 Πατρὺς
919 3832 996 3904 (5)
1025 3832 1117 3886 τοῦ
1148 3834 1326 3902 ἁγίου.

560 3829 642 3883 τοῦ
679 3831 890 3900 Πατρὸς
919 3832 996 3904 (5)
1025 3832 1117 3886 τοῦ
1148 3834 1326 3902 ἁγίου.
1862 3833 1959 3887 tris
1981 3832 2175 3885 sancti.

250 3923 339 3978 i5.
395 3924 823 3995 Ἀναπαῦσομαι,
855 3925 1022 3994 λέγει.

987 3946 1022 3980 ι.
1928 3926 2014 3979 15.
2055 3923 2432 3994 Requiescam,
2463 3924 2593 3978 dicit

250 4015 336 4069 16.
369 4017 442 4068 Σὺ
476 4017 632 4086 μόνος
662 4018 972 4087 κατῴκισάς
1005 4036 1070 4088 με
1099 4020 1155 4071 ἐν
1181 4021 1244 4088 τῇ
1275 4017 1518 4089 βασιλεία
1549 4035 1660 4071 σου.

1929 4016 2014 4070 16.
2047 4017 2125 4070 Tu
2152 4017 2300 4070 solus
2331 4016 2573 4070 habitare
2603 4030 2686 4068 me
2715 4013 2888 4069 fecisti
2913 4014 2967 4068 in
3003 4028 3167 4083 regno
3203 4022 3314 4066 tuo.

261 4172 327 4224 Ἡ
363 4171 459 4226 τοῦ
489 4171 701 4244 ψαλμοῦ
737 4173 1068 4244 προκειμένη
1098 4173 1375 4244 ἐπιγραφὴ
1402 4175 1434 4243 ἡ
1471 4171 1557 4226 διὰ
1586 4172 1688 4242 τῆς
1715 4172 2082 4243 κινναϐάρεως
2110 4170 2352 4242 περιέχει
2372 4185 2384 4197 ⁸
2419 4172 2521 4235 Εἰς
2549 4169 2613 4222 τὸ
2651 4168 2844 4234 τέλος,
2877 4167 3028 4236 ὑπὲρ
3068 4167 3177 4235 τῆς
3205 4171 3422 4236 κληρο-

173 4265 506 4334 νομούσης,
537 4265 779 4335 ψαλμὸς
801 4264 881 4329 τῷ
911 4264 1108 4319 Δαυῖδ.
1141 4265 1340 4318 Τοῦτον
1367 4262 1456 4318 οὖν
1485 4267 1559 4336 (4)
1584 4266 1724 4336 ὑπὲρ
1754 4265 1853 4335 τῆς
1893 4264 2213 4334 Ἑκκλησίας
2239 4263 2385 4332 λέγει
2413 4263 2505 4315 τὸν
2532 4262 2743 4332 ψαλμὸν
2767 4261 2864 4332 τῆς
2902 4259 3196 4332 μελλούσης
3222 4259 3421 4330 κληροκ

174 4362 359 4426 νομεῖν
389 4356 489 4426 τὴν
529 4356 800 4424 βασιλείαν
833 4356 941 4409 τῶν
971 4357 1238 4426 οὐρανῶν.
1283 4357 1443 4426 Λέγει
1474 4357 1530 4409 δὲ
1560 4357 1666 4410 τὸν
1682 4356 1927 4425 ψαλμὸν
1958 4354 2036 4421 τῷ
2058 4355 2256 4423 Δαυῒδ,
2284 4355 2426 4423 λέγω
2456 4355 2518 4426 δὴ
2558 4355 2636 4424 τῷ
2669 4355 2781 4425 Υἱῷ
2817 4353 2909 4408 τοῦ
2940 4353 3094 4407 Θεοῦ.
3132 4350 3289 4406 Δαυῖδ
3315 4351 3424 4424 γὰρ

175 4451 539 4519 ἑρμηνεύεται
566 4444 746 4515 οὗτος
779 4449 1106 4519 ἀγαπητὸς,
1141 4450 1277 4520 ὅπερ
1306 4449 1501 4520 ἐλέχθη
1531 4449 1635 4502 ὑπὸ
1670 4448 1764 4502 τοῦ
1803 4450 2013 4521 Πατρὸς
2043 4450 2132 4503 τὸν
2161 4449 2236 4518 (5)
2270 4448 2530 4519 μονογενῆ
2575 4450 2712 4500 Υἱόν.

241 4562 480 4628 Titulus,
510 4563 601 4632 qui
632 4563 841 4633 psalmo
870 4566 1237 4632 praemittitur,
1255 4565 1538 4619 cinnabari
1567 4565 1830 4634 scriptus,
1861 4566 2106 4634 continet
2133 4583 2146 4618 :
2182 4562 2248 4616 In
2281 4564 2458 4631 ﬁnem,
2490 4578 2583 4631 pro
2610 4578 2671 4614 ea
2706 4577 2822 4629 qua:
2851 4562 3208 4616 hereditatem
3246 4574 3422 4612 conse-

174 4657 379 4723 quitur,
413 4655 646 4724 psalmus
673 4655 863 4710 David.
895 4654 1048 4708 Hunc
1090 4655 1252 4725 igitur
1285 4655 1555 4723 psalmum
1603 4655 1734 4709 dicit
1773 4671 1871 4725 pro
1901 4654 2164 4719 Ecclesia,
2206 4669 2328 4723 qua:
2366 4652 2546 4706 futura
2592 4663 2676 4706 est
2721 4652 2892 4707 haeres
2935 4653 3086 4723 regni
3134 4651 3416 4707 caelorum.

175 4746 384 4803 Dicitur
410 4757 590 4804 autem
615 4767 626 4801 :
656 4748 903 4804 Psalmus
931 4749 1124 4815 David,
1154 4747 1366 4802 scilicet
1391 4746 1486 4803 Dei
1512 4747 1676 4802 Filio.
1714 4746 1882 4802 David
1909 4748 2052 4802 enim
2091 4748 2510 4814 interpretatur:
2539 4743 2642 4796 llic
2664 4745 2906 4807 dilectus,
2927 4744 3068 4812 quod
3097 4744 3296 4800 dictum
3337 4753 3419 4800 est

179 4855 209 4894 ε
235 4839 400 4897 Patre
427 4843 492 4895 ad
521 4839 718 4896 Filium
749 4858 910 4898 suum
944 4841 1281 4911 unigenitum
1316 4840 1382 4896 ¹⁵.

252 4999 305 5052 1.
328 4998 736 5053 Εἰσελεύσονται
761 4997 830 5050 τὰ
850 5000 1070 5070 ῥήματά
1089 5017 1188 5070 μου
1210 5001 1290 5062 είς
1314 4997 1413 5061 τὰς
1438 4997 1605 5058 ἀκοάς
1636 5014 1748 5051 σου.
1783 5001 1824 5055 D

1588 5013 1605 5058 ;
1636 5014 1748 5051 σου.
1783 5001 1824 5055 D
1930 4998 1978 5050 l.
2017 4996 2392 5067 lngrediantur
2423 5016 2583 5055 verba
2613 5017 2729 5056 mea
2761 5004 2814 5056 in
2848 5017 3006 5055 aures
3046 5011 3203 5056 tuas:

249 5090 372 5144 2-4.
426 5090 708 5162 ’Λνάκρινε
743 5090 811 5144 τὰ
843 5093 1266 5163 προσφερόμενα
1317 5106 1398 5143 σοι
1426 5093 1554 5161 παρ’
1581 5089 1745 5159 ἐμοῦ’

1581 5089 1745 5159 ἐμοῦ·
1929 5089 2047 5143 2-1.
2079 5086 2353 5160 Expende,
2390 5109 2510 5162 qua:
2543 5094 2692 5148 tibia
2721 5109 2809 5149 me
2839 5094 3134 5148 aﬂ'eruntur
3165 5111 3179 5159 ;

247 5182 298 5236 5.
343 5181 464 5235 Ὀτι
491 5199 573 5234 σοι
603 5181 777 5252 μέλλω
802 5183 1101 5254 προσιέναι.

1928 5181 1979 5234 5.
2008 5181 2274 5246 Quoniam
2306 5185 2371 5238 ad
2400 5196 2451 5240 te
2473 5201 2797 5241 accessurus
2826 5202 2965 5240 sum.

245 5272 300 5328 6.
356 5273 444 5326 Ἐν
463 5273 541 5344 τῷ
575 5273 848 5326 ἀνατεῖλαι
873 5274 934 5327 τὸ
957 5274 1070 5342 φῶς
1094 5291 1186 5326 σου
1205 5276 1270 5352 ἐν
1279 5277 1342 5345 τῇ
1369 5273 1566 5344 καρδία
1609 5291 1708 5342 μου

1434 5273 1566 5344 ,ρδία
1609 5291 1708 5342 μου
1930 5272 1980 5325 6.
2018 5273 2152 5326 Cum
2177 5275 2385 5328 orietur
2417 5276 2506 5329 lux
2537 5286 2626 5330 tua
2662 5277 2716 5330 in
2745 5276 2906 5331 corde
2929 5290 3049 5330 meo

254 5389 298 5421 ¹³
317 5387 515 5459 pres.
555 5408 626 5456 tv,
657 5392 746 5446 26.
814 5392 856 5425 ¹¹⁵
891 5391 1076 5448 Matth.
1111 5411 1193 5458 Ill,
1225 5393 1319 5458 l7;
1350 5410 1483 5456 xvn,
1518 5395 1579 5458 5;
1615 5391 1655 5443 ll
1692 5390 1836 5446 Petr.
1875 5406 1912 5457 ι,
1951 5391 2033 5447 17.

1126 5509 1429 5572 Addenda
1463 5517 1522 5569 et
1557 5506 1930 5586 corrigenda
1987 5525 2064 5567 ex
2098 5508 2235 5569 cod.
2271 5509 2471 5570 Vatie.

248 5627 324 5763 ξι)
361 5627 587 5681 Οὐδένα.
1925 5630 2002 5699 (4)
2044 5632 2212 5685 Τοῦτο
2238 5627 2331 5685 οῦν
2356 5635 2488 5686 ἐστι.

269 5698 302 5750 2
367 5697 494 5750 Υίόν
527 5713 644 5750 σου.
1929 5701 2003 5763 (ΐὶ)
2045 5703 2354 5763 Πνεῦματος
2388 5707 2464 5763 είς

269 5697 324 5772 ἓ)
367 5697 503 5772 ζίόν-
527 5713 644 5750 σου.
2045 5703 2354 5772 Πνεῦματος
2388 5707 2464 5767 είς
2494 5702 2602 5756 τόν.

251 5768 326 5830 t3)
367 5767 506 5821 Ilva-5
517 5783 703 5832 ματος.
