4090 6312
719 340 826 400 665
1567 349 1624 402 S.
1663 349 2035 406 ATHANASII
2074 352 2224 410 OPP.
2264 353 2334 409 ΡΑ

2303 355 2440 410 ‘ARS
2477 355 2564 409 Ill.
2594 387 2664 397 —
2699 351 3108 408 EXEGETICA.
3835 345 3918 401 661

793 459 842 514 7.
876 457 1030 512 Mane
1052 460 1242 514 astabo
1276 461 1390 526 tibi,
1413 470 1465 516 et
1491 463 1690 519 videbis
1724 481 1832 530 me,
2303 477 2354 533 Α

2303 477 2354 533 Α
2452 470 2501 524 7.
2537 471 2609 523 Τὸ
2638 470 2780 542 πρωῒ
2814 471 3237 541 παραστήσομαί
3271 486 3372 534 σοι,
3402 469 3496 522 καὶ
3525 467 3714 536 ἐπόψει
3750 482 3817 535 με,

797 552 850 605 8.
883 550 1149 617 Quoniam
1184 567 1292 606 non
1325 551 1464 607 Deus
1499 555 1686 609 volens
1710 555 2047 626 iniquitatem
2076 568 2132 614 tu
2161 575 2239 615 es.

1991 574 2047 612 ξω
2076 568 2132 614 ιιι
2161 575 2239 615 es.
2455 563 2504 616 8.
2538 563 2656 614 ’Ὁτι
2688 562 2808 632 οὐχὶ
2834 561 2965 625 Θεὸς
2995 562 3160 616 θέλων
3193 561 3420 630 ἀνομίαν
3446 560 3508 612 σὺ
3539 576 3606 611 ει.

793 646 845 701 9.
869 643 1054 714 Neque
1087 645 1348 700 habitabit
1368 646 1523 716 juxta
1555 658 1606 702 te
1637 649 1925 717 malignus,

2453 653 2506 708 9.
2539 655 2613 710 Οὐ
2645 656 2962 726 παροικήσει
2993 671 3074 706 σοι
3109 653 3561 724 πονηρευόμενος,

793 733 878 786 10.
904 731 1090 804 Neque
1119 735 1509 804 permanebunt
1531 736 1718 806 injusti
1757 749 1881 793 ante
1907 741 2096 795 oculos
2132 751 2275 798 tuos.

2460 747 2544 801 10.
2582 746 2714 799 Οὐδέ
2773 746 3083 817 διαμενοῦσι
3132 746 3435 816 παράνομοι
3493 741 3775 795 κατέναντι
3827 735 3919 790 τῶν

2382 837 2670 910 ὀφθαλμῶν
2708 854 2819 890 σου.

799 914 886 966 11.
921 912 1090 969 Odisti
1118 928 1308 970 omnes
1343 917 1434 986 qui
1462 928 1752 986 operantur
1781 917 2142 988 iniquitatem,

2456 928 2540 982 11.
2590 928 2886 998 Ἑμίσησας
2908 929 3112 991 πάντας
3133 928 3257 990 τοὺς
3292 924 3684 996 ἐργαζομένους
3704 921 3796 992 τὴν
3818 923 3918 974 ἀνο-

2429 1037 2534 1080 tau.

791 1100 876 1156 12.
900 1097 1098 1155 Perdes
1133 1113 1324 1154 omnes
1351 1099 1443 1169 qui
1475 1099 1769 1169 loquuntur
1804 1117 2169 1159 mendacium.
2384 1038 2406 1090 Ρ

2429 1038 2534 1080 ιαν,

2384 1038 2422 1090 μ
2459 1110 2543 1170 12.
2588 1110 2832 1174 ’Λπολεῖς
2858 1110 3064 1172 πάντας
3083 1111 3205 1171 τοὺς
3235 1105 3525 1168 λαλοῦντας
3556 1105 3618 1157 τὸ
3641 1105 3842 1174 ψεῦδος.

789 1191 875 1246 15.
912 1190 1099 1244 Virum
1138 1191 1462 1261 sanguinum
1506 1202 1560 1246 et
1588 1193 1838 1248 dolosurn
1873 1195 2278 1250 abominabitur

2454 1201 2540 1255 15.
2573 1199 2776 1270 ’Δνδρα
2825 1199 3072 1269 αἱμάτων
3101 1197 3194 1250 καὶ
3231 1195 3399 1248 δόλιον
3450 1193 3792 1265 βδελύσσεται
3823 1191 3919 1245 Κύ-

719 1282 996 1336 Dominus.
2381 1309 2514 1364 ριος.

787 1373 871 1427 14.
906 1372 1017 1442 Ego
1046 1383 1226 1428 autem
1265 1374 1320 1428 in
1363 1375 1706 1430 multitudine
1736 1376 2124 1432 misericordia
2169 1385 2279 1434 tum

2452 1383 2539 1437 11.
2594 1382 2733 1452 Ἐγὼ
2758 1383 2814 1436 δὲ
2844 1383 2901 1435 ἐν
2922 1381 3000 1453 τῷ
3022 1381 3214 1452 πλήθει
3237 1379 3330 1434 τοῦ
3371 1380 3552 1443 ἐλέους
3587 1395 3680 1431 σου
3713 1377 3919 1431 εἰσελεύ-

718 1465 952 1519 introibo
983 1465 1035 1518 in
1069 1465 1286 1519 domum
1325 1477 1503 1531 tuam,

1462 1483 1503 1531 Ιν
2380 1492 2543 1546 σομαι
2575 1477 2655 1538 εἰς
2677 1476 2767 1529 τὸν
2792 1473 2937 1528 οῐκόν
2963 1492 3077 1536 σου.

788 1555 876 1610 15.
904 1555 1153 1610 Adorabo
1183 1555 1250 1610 ad
1267 1557 1524 1627 templum
1543 1565 1794 1613 sanctum
1817 1566 1969 1613 tuum
1999 1559 2053 1614 in
2082 1559 2278 1616 timore

2451 1567 2536 1621 15.
2569 1568 2935 1638 Προσκυνήσω
2959 1567 3091 1637 πρὸς
3113 1567 3238 1620 ναὸν
3255 1563 3408 1633 ἆγιὸν
3431 1580 3521 1616 σου
3556 1564 3614 1616 ἐν
3819 1578 3914 1614 σου.

717 1659 832 1706 tuo.

788 1741 873 1794 16.
912 1740 1158 1804 Domine,
1192 1741 1365 1795 deduc
1399 1756 1484 1794 mc
1527 1741 1579 1794 in
1622 1741 1832 1811 justitia
1856 1749 1948 1797 tua
1981 1761 1995 1798 :

2448 1742 2530 1797 16.
2564 1742 2757 1814 Κύριε,
2788 1745 3051 1815 ὁδήγησόν
3082 1761 3148 1814 με
3180 1746 3239 1797 ἐν
3263 1747 3329 1814 τῇ
3361 1744 3672 1814 δικαιοσύνῃ
3707 1761 3796 1796 σου

787 1835 872 1889 17.
903 1832 1128 1903 Propter
1158 1833 1406 1888 inimicos
1455 1850 1605 1890 meos
1654 1835 1828 1906 dirige
1872 1835 1924 1888 in
1981 1847 2271 1908 conspectu
2307 1816 2349 1872 Β

2307 1816 2349 1872 Β
2449 1835 2535 1888 17.
2575 1836 2775 1888 Ἕνεκα
2816 1835 2921 1889 τῶν
2945 1835 3152 1907 ἐχθρῶν
3211 1854 3311 1906 μου
3357 1833 3919 1894 κατεύθυνον,ἐνώπι6ν

717 1938 810 1982 tuo
840 1928 981 1980 viam
1014 1940 1209 1980 meam.

2381 1941 2471 1978 σου
2495 1925 2590 1996 τὴν
2621 1926 2736 1978 ὁδόν
2765 1943 2885 1996 μου.

786 2019 874 2074 18.
899 2019 1164 2084 Quoniam
1189 2035 1294 2074 non
1327 2029 1410 2074 est
1444 2021 1500 2073 in
1527 2035 1621 2074 ore
1649 2036 1833 2074 eorum
1865 2022 2102 2086 veritas;

2450 2016 2536 2070 18.
2570 2017 2690 2068 ’Ότι
2722 2018 2820 2069 οὐκ
2842 2017 2989 2070 ἐστιν
3012 2019 3068 2070 ὲν
3104 2016 3182 2088 τῷ
3209 2017 3436 2089 στόματι
3457 2017 3637 2072 αὐτῶν
3661 2017 3899 2088 ἀλήθεια·

787 2111 875 2165 19.
897 2111 1003 2164 Cor
1028 2124 1216 2164 eorum
1247 2125 1445 2162 vanum
1469 2119 1575 2162 est.

2450 2109 2534 2163 19.
2578 2107 2640 2160 'H
2667 2108 2860 2179 καρδία
2888 2109 3066 2160 αὐτῶν
3100 2110 3323 2178 ματαία.

786 2203 874 2257 20.
902 2203 1220 2272 Sepulcrum
1247 2211 1438 2270 patens
1465 2210 1550 2255 est
1577 2209 1763 2270 guttur
1787 2215 1978 2256 eorum

2449 2199 2540 2254 20.
2575 2201 2754 2269 Τάφος
2788 2200 3130 2270 ἀνεῳγμένος
3155 2203 3183 2253 ὁ
3209 2200 3415 2271 λάρυγξ
3441 2202 3620 2255 αὐτῶν
3639 2222 3650 2232 ·

783 2297 874 2351 21.
910 2295 1134 2368 Linguis
1165 2295 1279 2349 suis
1303 2293 1491 2348 dolose
1513 2293 1761 2364 agebant.

2451 2289 2513 2341 21
2531 2328 2542 2339 .
2580 2290 2710 2351 Ταῖς
2734 2287 3005 2356 γλώσσαις
3031 2289 3210 2343 αὐτῶν
3240 2290 3560 2347 ἐδολιοῦσαν.

783 2386 871 2440 22.
902 2385 1092 2439 Judica
1123 2385 1265 2451 illos,
1290 2383 1448 2439 Deus.

2451 2378 2540 2432 22.
2578 2380 2776 2449 Κρῖνον
2811 2380 3026 2446 αὐτοὺς,
3061 2383 3088 2433 ὁ
3117 2380 3267 2445 Θεός.

783 2478 874 2531 25.
906 2476 1160 2532 Decidant
1183 2493 1212 2530 a
1243 2476 1659 2546 cogitationibus
1687 2477 1801 2530 suis
1829 2495 1842 2539 ;

2454 2469 2542 2522 25.
2594 2471 3048 2525 Ἀποπεσάτωσαν
3073 2473 3178 2524 ἀπὸ
3206 2473 3312 2525 τῶν
3344 2474 3662 2528 διαϐουλιῶν
3687 2477 3880 2530 αὐτῶν·

783 2569 873 2622 24.
914 2567 1222 2623 Secundum
1250 2568 1649 2623 multitudinem
1699 2567 2035 2638 impietatum
2085 2583 2272 2624 eorum

2447 2560 2535 2613 24.
2574 2559 2728 2614 Κατὰ
2761 2561 2820 2614 τὸ
2848 2562 3050 2632 πλῆθος
3083 2563 3190 2614 τῶν
3223 2565 3480 2618 ἀσεϐειῶν
3522 2568 3704 2622 αὐτῶν
3749 2569 3922 2632 ἐξωσον

715 2659 920 2729 expelle
944 2674 1037 2713 eos
1063 2675 1078 2722 ;

992 2674 1037 2713 )3
1063 2675 1078 2722 ;
2383 2655 2578 2718 αὐτούς
2595 2670 2607 2683 ·

782 2750 872 2805 25.
908 2748 1174 2816 Quoniam
1203 2749 1550 2802 irritaverunt
1578 2755 1648 2813 te,
1674 2748 1920 2802 Domine.

1841 2763 1920 2802 ne.
2452 2747 2539 2799 25.
2576 2747 2697 2799 Ὅτι
2726 2746 3135 2820 παρεπίκρανάν
3164 2766 3242 2816 σε,
3269 2751 3456 2822 Κύριε.

1822 2837 2194 2892 ATUANASII
2237 2837 2827 2893 INTERPRETATIO.

781 2931 836 2986 7.
866 2933 1000 2987 Cum
1026 2946 1215 2986 omnes
1243 2931 1491 2986 tenebras
1535 2931 1812 3000 dispulero
1871 2946 1901 2984 a
1957 2947 2063 2994 me,
2114 2931 2272 3001 cujus

2442 2929 2494 2983 7.
2532 2931 2661 2983 Ὅτε
2725 2934 2905 2986 πᾶσαν
2957 2934 3172 2987 σκοτίαν
3214 2937 3470 2990 άπελάσω
3513 2939 3609 2992 ἀπ’
3659 2938 3816 3010 ἐμοῦ,
3843 2934 3923 2992 τοῦ

713 3023 881 3094 gratia
923 3037 1008 3077 tne
1061 3023 1155 3076 tibi
1197 3023 1408 3087 sistam,
1441 3031 1494 3076 et
1525 3031 1650 3076 tunc
1679 3038 1764 3076 me
1794 3021 2069 3092 inspicies.

2025 3041 2069 3077 s.
2377 3023 2796 3093 παραστήσομαί
2828 3040 2907 3075 σοι
2936 3024 3032 3092 (1),
3060 3024 3154 3077 καὶ
3182 3026 3300 3078 τότε
3323 3028 3512 3096 ἐπόψει
3548 3047 3635 3099 με.

782 3115 835 3170 8.
862 3115 979 3171 Νοη
1003 3115 1148 3178 enim
1180 3125 1235 3170 tu
1251 3115 1465 3170 esDeus
1491 3115 1721 3190 libenter
1751 3115 1942 3169 videns
1971 3115 2272 3170 tenebrico-
2301 3147 2342 3203 ο

2309 3147 2342 3203 c
2447 3115 2499 3168 8.
2530 3115 2601 3166 Οὐ
2636 3115 2744 3186 γὰρ
2772 3111 2822 3168 εἴ
2852 3117 2880 3169 ὁ
2911 3116 2985 3185 (2)
3015 3116 3146 3180 Θεὸς
3184 3117 3350 3189 ἡδέως
3371 3119 3512 3190 ὀρῶν
3544 3121 3817 3185 σκοτεινὰς
3850 3123 3924 3174 ἐν-

712 3227 802 3267 sas
823 3210 1179 3280 cogitationes
1203 3209 1257 3262 in
1286 3207 1446 3262 corde
1469 3205 1725 3261 hominis.

1576 3205 1725 3260 linis.
2379 3206 2642 3277 θυμήσεις
2676 3209 2732 3259 ὲν
2763 3208 2958 3279 καρδίᾳ
2984 3208 3191 3279 ἀνδρός.

780 3305 834 3359 9.
868 3302 986 3356 Non
1035 3302 1138 3356 crit
1184 3301 1279 3356 tibi
1335 3301 1582 3366 amicus,
1626 3298 1719 3368 qui
1773 3298 1870 3352 tibi
1915 3298 2178 3353 benevolo
2225 3308 2279 3352 et

2445 3300 2497 3353 9.
2529 3299 2640 3350 Οὐκ
2691 3299 2844 3352 ἔσται
2880 3317 2962 3352 σοι
3011 3301 3210 3364 οἰκεῖος
3253 3303 3280 3353 ὁ
3311 3304 3384 3373 μὴ
3423 3305 3682 3376 καθαρῶς
3716 3323 3793 3360 σοι
3820 3307 3925 3359 δου-

713 3394 916 3448 mundo
945 3393 1107 3449 corde
1140 3409 1249 3448 non
1281 3392 1468 3447 servit.

1345 3392 1468 3446 rvit.
2378 3389 2548 3442 λεύων
2585 3391 2700 3460 μετ’
2730 3394 2953 3456 ἐννοίας.

788 3486 874 3540 10.
911 3483 1028 3539 Non
1056 3485 1200 3540 enim
1254 3483 1403 3553 digni
1447 3482 1862 3537 aestimabuntur
1893 3482 2080 3552 injusti
2134 3495 2279 3536 stare

2449 3482 2536 3536 10.
2573 3483 2646 3536 Οὐ
2703 3483 2811 3554 γὰρ
2875 3484 3266 3557 άξιωθήσονται
3317 3484 3689 3558 άτελευτήτως
3741 3487 3927 3541 ἱστάναι

715 3595 896 3640 coram
930 3591 980 3633 te
1008 3579 1061 3632 in
1095 3578 1417 3632 mter-nitate.

2378 3573 2606 3627 ἐνώπιόν
2637 3592 2728 3628 σου
2766 3578 2975 3647 παράνο
2983 3597 3088 3648 μοι.

786 3672 872 3725 11.
914 3669 1014 3735 Qui
1043 3669 1173 3724 facit
1195 3679 1494 3739 peccatum,
1524 3679 1576 3724 et
1613 3669 1932 3734 iniustitiam
1962 3667 2112 3723 facit.

2449 3669 2534 3722 11.
2584 3669 2641 3721 Ὀ
2674 3669 2842 3722 ποιῶν
2866 3670 2962 3741 τὴν
2995 3673 3267 3743 ἁμαρτίαν
3289 3673 3381 3726 καὶ
3405 3673 3502 3743 τὴν
3534 3673 3762 3744 ἀνομίαν
3778 3674 3920 3724 ποιεῖ.

791 3763 876 3816 12.
912 3762 1172 3832 Projicies
1207 3765 1351 3818 enim
1383 3779 1478 3818 eos
1510 3763 1565 3816 in
1596 3764 1796 3832 ignem,
1843 3760 1936 3817 ubi
1980 3772 2062 3817 est
2090 3763 2277 3818 diabo-

2447 3758 2532 3811 12.
2571 3756 2762 3821 Βαλεῖς
2787 3761 2895 3830 γάρ
2923 3762 3122 3825 αὐτοὺς
3149 3764 3226 3825 εἰς
3256 3763 3317 3815 τὸ
3346 3763 3476 3834 πῦρ,
3502 3763 3632 3817 ἔνθα
3659 3767 3687 3817 ὁ
3711 3763 3929 3824 διάϐολος

717 3855 804 3910 lus
828 3863 975 3924 pater
999 3855 1289 3909 mendacii.

2377 3852 2406 3904 ὁ
2437 3850 2617 3923 πατὴρ
2638 3850 2731 3903 τοῦ
2758 3851 3005 3920 ψεύδους.

789 3947 878 4001 15.
900 3945 970 4000 De
988 3945 1160 4000 Caino
1183 3944 1445 4014 loquitur,
1463 3954 1517 3998 et
1531 3945 1598 3998 de
1621 3945 1844 4015 reliquis
1856 3945 1970 4018 ejus
1988 3945 2276 4000 similibus.

2450 3945 2534 3998 15.
2580 3944 2711 4015 Περὶ
2731 3944 2838 3996 τῶν
2854 3946 2993 3998 κατὰ
3016 3946 3105 3999 τὸν
3135 3949 3272 4001 Κάῖν
3293 3948 3438 4016 λέγει
3468 3951 3564 4004 καὶ
3591 3951 3702 4004 τῶν
3730 3951 3927 4005 λοιπιῖιν.

788 4040 876 4094 14.
915 4037 970 4091 lu
1003 4054 1292 4108 supernam
1326 4035 1647 4090 Jerusalem.

2453 4033 2536 4088 M.
2568 4034 2659 4097 Είς
2693 4036 2790 4103 τὴν
2824 4036 2934 4089 ἄνω
2973 4037 3279 4109 Ἰερουσαλὴ
3291 4057 3349 4109 μ.

787 4131 873 4185 15.
911 4132 968 4185 In
992 4130 1359 4200 supercmlesti
1391 4130 1629 4182 civitate.

2452 4126 2538 4179 15.
2579 4127 2670 4188 Εἰς
2706 4127 2804 4197 τὴν
2834 4129 3151 4198 ἐπουράνιον
3180 4131 3350 4183 πόλιν.

786 4224 871 4280 16.
901 4224 1084 4279 Deduc
1114 4238 1198 4275 me
1240 4222 1292 4274 in
1325 4221 1460 4275 Filio
1489 4230 1603 4283 tuo,
1629 4220 1752 4290 quia
1780 4222 1870 4274 lux
1902 4230 2003 4274 est.

2453 4215 2537 4268 16.
2586 4217 2878 4288 Ὸδήγησὸν
2911 4237 2977 4289 με
3005 4223 3061 4273 ἐν
3091 4220 3167 4289 τῷ
3193 4220 3305 4290 Υἱῷ
3334 4238 3447 4286 σου,
3477 4222 3560 4275 ὃτι
3596 4222 3714 4290 φῶς
3745 4225 3869 4276 ἐστι.

785 4314 872 4368 17.
906 4313 1010 4367 Fac
1047 4328 1131 4366 me
1162 4313 1409 4366 incedere
1431 4311 1486 4365 in
1511 4311 1631 4365 luce
1659 4321 1746 4365 tua
1776 4322 1993 4382 propter
2031 4311 2281 4366 inimicos

2455 4307 2541 4361 17.
2584 4308 2682 4362 Διὰ
2707 4311 2834 4373 τοὺς
2867 4311 3092 4383 ἐχθρούς
3124 4331 3223 4383 μου
3256 4315 3380 4376 τοὺς
3395 4313 3554 4378 δντας
3583 4316 3771 4380 σκότος
3795 4319 3846 4369 ἐν
3866 4312 3935 4384 τῷ

715 4422 886 4468 tneos,
919 4404 1012 4474 qui
1033 4405 1264 4459 Iencbra:
1291 4413 1435 4459 sunt.

2384 4403 2523 4470 φωτί
2549 4419 2640 4454 σου
2683 4403 3011 4475 πορεύεσθαί
3050 4423 3115 4475 με
3149 4407 3389 4475 ποίησον.

788 4499 873 4554 18.
907 4498 962 4551 In
997 4498 1245 4552 doctrina
1268 4513 1491 4564 eorum;
2310 4503 2352 4556 D

2310 4503 2352 4556 ι)
2453 4493 2540 4548 18.
2581 4495 2666 4545 Ἐν
2697 4498 2761 4564 τῇ
2787 4494 3100 4568 διδασκαλίᾳ
3133 4497 3309 4551 αὐτῶν
3336 4518 3345 4529 ·

787 4592 871 4643 19.
903 4587 1169 4657 Cogitatio
1203 4603 1414 4641 eorum.

2457 4586 2539 4641 19.
2590 4587 2652 4638 Ἡ
2687 4587 2980 4660 ἐνθύμησις
3013 4590 3087 4658 (5)
3124 4592 3318 4645 αὐτῶν.

785 4682 871 4736 20.
907 4680 1106 4737 Omnes
1130 4682 1272 4736 enim
1300 4681 1580 4748 devorant,
1619 4681 1710 4751 qui
1741 4680 1980 4750 peccatis
2031 4680 2279 4747 moriun-

2451 4678 2541 4735 ‘20.
2578 4680 2790 4744 Πάντας
2823 4682 2930 4752 γάρ
2953 4685 3077 4747 τοὺς
3093 4686 3314 4756 νεκροὺς
3333 4685 3489 4750 ὄντας
3513 4691 3628 4753 τοῖς
3657 4688 3937 4760 παραπτώ-

717 4783 822 4829 tur.
2390 4787 2521 4842 μασι
2555 4772 2959 4825 καταπίνουσιν.

785 4868 874 4920 21.
906 4866 1190 4920 Adulando
1225 4865 1515 4933 decipiunt.

2455 4863 2541 4916 21.
2584 4864 2982 4928 Κολακεύοντες
3017 4867 3313 4923 ἀπατῶσιν.

781 4957 869 5022 22,
899 4959 989 5012 25.
1022 4955 1139 5012 Νοη
1168 4957 1455 5028 praevaleat
1483 4958 1775 5012 consilium
1802 4972 1992 5013 eorum
2012 5003 2026 5024 ,

2012 5003 2026 5024 ν
2456 4952 2545 5016 22,
2581 4951 2670 5006 25.
2706 4955 2796 5024 Μὴ
2840 4955 3164 5026 ἰσχυσάτωή
3196 4956 3360 5030 βουλὴ
3399 4960 3608 5014 αὐτῶν·

786 5051 873 5106 24.
910 5049 1380 5117 Quemadmodum
1445 5050 1656 5119 seipsos
1704 5049 2091 5120 elongaverunt
2141 5065 2172 5102 a
2230 5055 2280 5099 te

2450 5045 2538 5097 24.
2563 5045 2761 5108 Καθὼς
2813 5045 3037 5111 ἑαυτοὺς
3095 5050 3406 5121 ἐμάκρυναν
3444 5053 3551 5105 άπὸ
3600 5052 3693 5107 σοῦ
3750 5055 3810 5107 ἐν
3873 5051 3941 5120 τῷ

717 5154 960 5212 tempore
989 5143 1109 5196 vita
1132 5156 1244 5197 suae
1269 5181 1284 5206 ,
1327 5140 1400 5195 ita
1436 5155 1529 5196 eos
1563 5141 1771 5213 projice
1793 5142 1888 5195 abs
1933 5149 1983 5195 te
2011 5140 2062 5195 in
2092 5153 2278 5194 resur-

2385 5136 2561 5206 καιρῷ
2581 5137 2681 5205 τῆς
2707 5137 2850 5208 ζωῆς
2871 5140 3070 5205 αὐτῶν,
3097 5141 3267 5206 οὕτως
3292 5145 3488 5209 αὐτοὺς
3513 5146 3813 5218 ἀπόρριψον
3846 5146 3940 5199 om

719 5237 990 5299 rectione;

2389 5230 2480 5283 σοῦ
2503 5233 2557 5282 ὲν
2583 5234 2649 5300 τῇ
2678 5231 2966 5284 ἀναστάσει
2991 5251 3003 5263 ·

788 5328 874 5382 25.
903 5328 1172 5395 Quoniam
1206 5330 1451 5384 viventes
1485 5329 1833 5382 irritaverunt
1854 5336 1924 5380 te.

2457 5321 2542 5373 35.
2577 5323 2697 5375 Ὅτι
2736 5325 3148 5396 παρεπίκραναν
3183 5345 3239 5380 σε
3269 5331 3329 5382 ἐν
3359 5333 3424 5401 τῇ
3450 5331 3564 5404 ζωῇ
3597 5330 3793 5389 αὐτῶν.

1661 5527 1961 5587 Addenda
2009 5534 2071 5588 et
2114 5519 2487 5601 corrigenda
2517 5537 2595 5581 ex
2623 5521 2762 5582 cod.
2796 5521 2994 5583 Vatic.

793 5684 866 5759 (1)
895 5683 1027 5759 Παρ’
1055 5685 1290 5759 ἐμαυτοῦ
1324 5687 1742 5757 παραστήσομαί
1784 5702 1884 5744 σοι,
2459 5685 2534 5759 t3)
2567 5687 2632 5738 ΛΞ
2659 5685 3000 5758 ἐνθυμήσεις.

793 5756 868 5825 (2)
900 5756 1012 5812 Art.
1045 5758 1070 5809 ὀ
1094 5755 1259 5816 deest.
