4090 6312
181 377 290 434 665
1140 370 1229 425 DE
1268 368 1546 424 TlTULIS
1578 364 2030 422 PSALMORUM.
2064 393 2134 403 ——
2164 361 2358 417 PSAL.
2401 359 2490 413 Vl.
3309 351 3412 409 666

253 493 343 550 ΞΒ.
376 491 489 547 Καὶ
513 488 941 562 εὐφρανθείησαν
963 488 1467 562 [εὑφρανθήτωσαν]
1494 489 1689 550 πάντες
1706 489 1752 540 οἰ
1783 491 1828 544 Α

1550 489 1689 550 ἱντες
1706 489 1752 540 οἱ
1783 491 1828 544 Α
1921 485 2012 538 ‘26.
2044 482 2108 536 Et
2133 483 2376 535 la:tentur
2399 493 2589 533 omnes
2621 479 2712 545 qui
2738 484 2958 544 sperant
2990 474 3042 526 in
3079 483 3165 539 te;

182 588 498 652 ἐλπίζοντες
526 584 618 638 ἐπὶ
652 583 732 638 σέ.

253 683 340 736 27.
373 682 465 742 Εἰς
499 678 669 731 αἰῶνα
701 675 1138 746 ἅγαλλιάσονται,
1185 677 1280 731 καὶ
1309 674 1737 744 κατασκηνώσει.

179 780 242 829 ὲν
278 775 483 834 αὐτοῖς.

291 866 344 920 8.
376 867 486 918 Καὶ
523 860 886 930 καυχήσονται
921 863 977 915 ὲν
1010 862 1092 915 σοὶ
1127 862 1325 924 πάντες
1361 862 1411 914 οί
1439 861 1752 930 ἀγαπῶντες

1925 662 2013 716 27.
2048 659 2103 714 In
2133 669 2392 714 aeternum
2429 654 2798 717 exsultabunt,
2838 660 2894 706 et
2927 650 3196 705 babitabis
3225 649 3278 702 in
3311 648 3412 704 eis.

1926 840 2015 896 28.
2050 839 2115 893 Et
2142 835 2518 908 gloriabuntur
2542 832 2596 885 in
2621 841 2670 885 te
2694 845 2885 884 omnes
2927 828 3020 898 qui
3057 827 3286 895 diligunt
3316 838 3416 877 no-

1854 951 1977 990 men
2009 944 2192 997 tuum;

1927 1029 2015 1083 9.9.
2055 1026 2320 1092 Quoniam
2347 1034 2401 1076 tu
2437 1018 2723 1074 benedices
2760 1017 2928 1084 justo.

1929 1121 2016 1173 δυ.
2045 1119 2292 1181 Domine,
2329 1125 2384 1170 ut
2411 1122 2565 1170 scuto
2592 1112 2747 1165 bona:
2787 1109 3080 1162 voluntatis
3129 1118 3232 1163 tua:
3256 1124 3415 1163 coro-

1859 1216 2002 1268 nasti
2030 1228 2145 1266 nos.

179 965 244 1017 τὸ
270 963 444 1032 ὄνομα
477 979 570 1016 σου
591 976 604 990 ’

256 1055 346 1111 29.
381 1057 504 1108 Ὅτι
533 1059 596 1111 σὺ
619 1057 932 1126 εὐλογήσεις
959 1051 1186 1104 δίκαιον.

253 1148 341 1203 50.
375 1148 567 1221 Κύριε,
595 1149 671 1212 ὠς
695 1147 844 1217 ὅπλῳ
879 1143 1126 1204 εὐδοκίας
1179 1140 1559 1210 ἐστεφάνωσας
1586 1140 1750 1208 ἡμᾶς.

299 1342 406 1404 Εἰς
437 1339 502 1392 τὸ
536 1338 729 1403 τέλος,
758 1337 827 1389 ἑν
858 1335 1066 1404 ὕμνοις
1093 1334 1242 1402 ὑπὲρ
1271 1335 1379 1400 τῆς
1413 1332 1645 1402 ὀγδόης,

1969 1325 2026 1378 In
2057 1325 2232 1394 ﬂuent,
2278 1324 2333 1374 in
2364 1321 2684 1374 carminious
2716 1335 2807 1385 pro
2838 1327 3048 1383 octava,
3079 1313 3311 1384 psalmus

520 1429 760 1499 ψαλμὸς
784 1426 863 1492 τῷ
893 1427 1088 1480 Δαϐίδ.
1121 1430 1291 1480 ΨΑΛ.
1324 1429 1410 1492 ς’.

1324 1429 1410 1492 ς’.
2351 1413 2538 1469 David.
2587 1411 2788 1467 PSAL.
2831 1409 2923 1464 γι.

255 1544 306 1598 1.
335 1543 527 1615 Κύριε,
562 1545 636 1614 μὴ
666 1543 742 1612 τῷ
778 1541 935 1612 θυμῷ
968 1557 1060 1592 σου
1094 1539 1315 1612 ἐλέγξῃς
1350 1556 1414 1608 με
1438 1554 1450 1567 ·

1930 1531 1978 1584 1.
2005 1530 2253 1592 Domine,
2295 1543 2362 1581 ne
2393 1527 2445 1580 itt
2476 1525 2660 1579 furore
2699 1535 2791 1578 tuo
2826 1539 3022 1592 arguas
3050 1536 3168 1584 me;

250 1637 306 1690 2.
338 1637 487 1706 Μηδὲ
522 1638 586 1706 τῇ
613 1636 746 1706 ὀργῇ
773 1652 864 1688 σου
895 1633 1191 1704 παιδεύσῃς
1228 1650 1316 1702 με.

1924 1623 1977 1676 2.
2016 1623 2200 1693 Neque
2231 1625 2286 1676 in
2312 1623 2390 1676 ira
2436 1630 2526 1674 tua
2561 1619 2824 1687 corripias
2856 1631 2961 1670 me.

251 1726 306 1780 3.
348 1726 598 1796 Ἐλέησόν
629 1743 715 1797 με,
740 1724 932 1797 Κύριε,
960 1726 1040 1779 ὅτι
1077 1725 1306 1793 ἀσθενής
1331 1725 1443 1794 εἰμι
1463 1739 1476 1753 ο

1929 1736 1976 1772 ο.
2010 1717 2265 1772 Miserere
2288 1716 2413 1777 mei,
2446 1713 2693 1774 Domine,
2718 1710 2971 1780 quoniam
2992 1706 3241 1760 inﬁrmus
3262 1717 3413 1770 sum;

249 1817 310 1872 4.
342 1819 518 1874 Ἴασαι
545 1838 630 1891 με,
663 1819 854 1892 Κύριε,
888 1823 968 1874 ὅτι
994 1819 1266 1890 ἐταράχθη
1293 1819 1360 1872 τὰ
1383 1819 1516 1870 ὀστᾶ
1542 1835 1642 1888 μου
1662 1833 1676 1846 ·
1785 1855 1828 1910 Β

1803 1856 1828 1909 3
1927 1813 1982 1866 4.
2022 1810 2165 1864 Sana
2197 1827 2300 1873 me,
2336 1808 2594 1872 Domine,
2640 1805 2898 1876 quoniam
2942 1800 3263 1856 conturbata
3293 1805 3418 1854 sunt

1854 1918 1980 1959 ossa
2017 1919 2132 1956 mea
2155 1921 2168 1967 ;

257 1997 313 2051 5.
343 1999 453 2051 Καὶ
487 2003 518 2071 ἡ
544 1997 683 2068 ψυχή
719 2016 816 2069 μου
845 1997 1118 2068 ἐταράχθη
1155 1996 1376 2066 σςεὸδρα.

1372 2034 1376 2048 .
1925 1997 1976 2050 5.
2015 1993 2079 2046 Et
2103 1995 2282 2047 anima
2314 2008 2433 2046 mea
2462 1991 2674 2044 turbata
2699 1996 2781 2042 est
2818 1986 2987 2040 valde.

252 2088 310 2142 6.
343 2090 454 2142 Καὶ
479 2093 557 2159 σὺ,
596 2096 785 2166 Κύριε,
817 2089 921 2151 ἓως
951 2089 1113 2151 πότες

1923 2090 1974 2140 6.
2007 2086 2111 2143 Sed
2143 2095 2219 2147 tu,
2253 2084 2500 2145 Domine,
2532 2082 2845 2152 usquequo?

249 2178 308 2232 7.
354 2180 725 2251 Ἐπίστρειρον,
755 2181 947 2251 Κύριε,
979 2179 1137 2250 ῥῦσαι
1159 2180 1255 2249 τὴν
1293 2179 1468 2248 ψυχήν
1502 2195 1603 2248 μου

1925 2178 1976 2234 7.
2010 2177 2360 2238 Convertere,
2396 2175 2640 2236 Domine,
2678 2182 2730 2226 et
2753 2173 2900 2240 eripe
2924 2170 3158 2223 animam
3194 2181 3367 2220 meam
3399 2183 3412 2219 :

250 2271 310 2326 8.
338 2271 516 2325 Σῶσόν
548 2274 826 2343 ρἐ.ἒνεκεν
852 2273 943 2326 τοῦ
974 2273 1155 2335 ἐλέους
1180 2289 1290 2324 σου.

1923 2270 1973 2323 8.
2008 2269 2226 2323 Salvum
2262 2284 2348 2322 me
2376 2267 2460 2320 fac
2492 2274 2708 2335 propter
2735 2262 3158 2317 misericordiam
3187 2269 3353 2312 tuam.

250 2361 309 2417 9.
338 2363 460 2416 Ὀτι
499 2366 596 2418 οὐκ
622 2366 765 2417 ἔστιν
791 2368 846 2418 ἐν
867 2364 943 2434 τῷ
967 2364 1181 2434 Θανάτῳ
1199 2365 1226 2415 ὁ
1255 2361 1606 2434 μνημονεύων
1631 2377 1743 2423 σου,

1925 2360 1976 2416 9.
2007 2359 2275 2426 Quoniam
2307 2373 2409 2410 non
2436 2367 2519 2418 est
2551 2357 2603 2408 in
2632 2364 2826 2417 morte,
2857 2353 2948 2422 qui
2984 2367 3193 2405 meumr
3225 2352 3296 2405 sit
3318 2349 3414 2416 tui,

253 2452 340 2506 10.
391 2454 478 2505 Ἐν
507 2455 560 2504 δὲ
590 2453 664 2523 τῷ
686 2453 788 2527 ᾄδῃ
821 2456 904 2518 τίς
929 2453 1380 2525 ἐξομολογήσεταί
1411 2468 1526 2515 σοι;

1926 2451 2012 2505 10.
2046 2452 2100 2504 In
2135 2449 2346 2505 inferno
2381 2459 2580 2513 autem,
2615 2447 2739 2516 quis
2767 2444 3112 2500 conﬁtebitur
3146 2443 3280 2496 tibi?

1298 2565 1660 2620 ATHANASII
1697 2565 2269 2623 INTEIKPRETATIO.

245 2682 341 2743 26.
383 2683 773 2753 Ἀτελευτὴτως
799 2682 1259 2754 εὐφρανθήσονται
1285 2682 1377 2734 καὶ
1398 2679 1750 2748 ἁγαλλιάσον-

1932 2684 2020 2738 96.
2049 2683 2313 2754 Perpetuo
2342 2685 2688 2748 laetabuntur,
2721 2690 2776 2736 et
2796 2682 3166 2748 exsultabunt,
3185 2681 3279 2752 qui
3304 2694 3423 2737 cre-

166 2791 263 2828 ται
291 2777 339 2826 οἱ
365 2774 714 2838 πιστεύοντες
743 2777 822 2837 εἰς
859 2774 938 2838 σὲ,

1857 2779 1993 2833 dunt
2018 2778 2069 2830 in
2103 2787 2190 2846 te,__
3161 2794 3163 2797 ·

239 2866 335 2920 27.
370 2865 710 2936 Θεωροῦντες
738 2865 799 2918 τδ
838 2865 1126 2935 πρόσωπόν
1161 2881 1253 2916 σου
1283 2863 1372 2916 διὰ
1402 2863 1618 2926 παντός.
1779 2905 1823 2966 c

1502 2863 1618 2926 ’τός-
1779 2905 1823 2966 c
1928 2870 2017 2924 27.
2055 2869 2310 2924 Videntes
2346 2867 2539 2923 faciem
2576 2871 2720 2922 tuam
2752 2867 2805 2920 in
2836 2875 3117 2921 aeternum.

242 2957 337 3010 28.
377 2958 438 3009 Ὀ
463 2957 843 3026 καυχώμενος
865 2957 934 3010 ἑν
958 2958 1151 3024 Κειρίῳ
1179 2957 1522 3026 καυχάσθω,
1788 2954 1823 2966 *

1788 2954 1823 2966 Ψ
1931 2962 2019 3016 28.
2055 2961 2156 3026 Qui
2189 2954 2467 3031 gloriatur,
2497 2963 2549 3014 in
2583 2959 2804 3013 Domino
2830 2960 3081 3030 glorietur
3106 2959 3194 3022 “',

240 3051 338 3105 9.9.
367 3051 554 3118 Λέγων
583 3050 718 3121 πρὸς
746 3050 941 3114 αὐτούς
960 3068 973 3081 ·
1011 3050 1187 3103 Δεῦτε
1207 3090 1221 3115 ,
1260 3055 1312 3104 ol
1361 3050 1749 3121 εὐλογημένοι

1929 3055 2016 3109 29.
2045 3053 2240 3108 Dicens
2270 3054 2376 3108 illis
2404 3072 2417 3106 :
2453 3050 2656 3111 Venite,
2697 3051 2949 3105 benedicti
2983 3051 3164 3105 Patris
3193 3052 3293 3105 mei
3328 3052 3390 3105 ¹⁸.

160 3143 279 3198 τοῦ
316 3143 544 3210 Πατρός
559 3157 721 3210 μου.,
1190 3208 1206 3227 ⁸

239 3235 338 3289 30.
375 3235 473 3288 Διὰ
505 3233 598 3286 τοῦ
641 3232 872 3304 σταύροῦ
906 3222 1134 3308 hausi];
1185 3222 1434 3303 οὐρανίου
1472 3233 1746 3304 βασιλείας

1924 3232 2011 3286 50.
2033 3233 2135 3288 Per
2171 3251 2387 3290 crucem
2415 3245 2562 3294 tuam
2615 3237 2808 3308 dignos
2865 3251 2965 3290 nos
3006 3234 3183 3290 fecisti
3214 3234 3419 3290 caelesti

160 3327 418 3395 ἠξίωσας
449 3326 524 3396 (l)
555 3327 722 3395 ἡμᾶς.
953 3305 961 3315 ”

449 3326 524 3396 (ί)
555 3327 722 3395 illia;-
953 3305 961 3315 ”
1808 3389 1811 3392 ι
1855 3338 2039 3393 regno.

249 3422 321 3474 Ἠ
345 3421 439 3473 τοῦ
479 3415 693 3491 ψαλμοῦ
721 3416 1053 3493 προκειμένη
1082 3421 1359 3491 ἐπι-γραφὴ
1396 3419 1482 3472 διὰ
1502 3421 1599 3490 τῆς
1620 3418 1990 3490 κινναϐάρεως
2025 3412 2297 3490 περιέχειέ
2323 3421 2423 3485 Εἰς
2462 3418 2527 3471 τὸ
2557 3418 2748 3497 τέλος,
2781 3420 2849 3471 ὲν
2885 3420 3094 3486 ’ὕμνοις
3132 3417 3283 3484 ὑπὲρ
3314 3416 3424 3484 τῆς

159 3516 413 3585 ὀγδόης,
450 3517 689 3584 ψαλμὸς
713 3516 792 3581 τῷ
821 3515 1018 3571 Δαεῐδ.
1043 3517 1212 3568 Τοῦτο
1236 3512 1328 3568 οὖν
1352 3516 1497 3582 λέγει
1521 3531 1534 3544 ·
1578 3517 1698 3568 Ἐπὶ
1731 3514 2005 3586 συντελείᾳ
2036 3516 2143 3568 τῶν
2171 3516 2377 3570 αἰώνων
2409 3516 2667 3589 ρυσθῆναι
2690 3515 2786 3584 τῆς
2817 3514 3048 3586 κρίσεως
3070 3515 3119 3565 οἱ
3143 3514 3288 3581 amt
3318 3530 3423 3565 πα-

162 3607 475 3680 ρακαλοῦσι
500 3608 592 3660 καὶ
618 3605 910 3676 ἀξιωθῆναι
938 3606 1033 3676 τῆς
1058 3607 1272 3659 αἰωνίου
1316 3606 1753 3676 μισθαποδοσίας.
1791 3606 1882 3675 Τῷ
1909 3607 2014 3676 γὰρ
2040 3607 2182 3676 ἕκτῳ
2203 3607 2357 3660 αἰῶνι
2392 3608 2718 3660 συντελεῖται
2746 3609 2774 3658 ὁ
2806 3608 3006 3677 κόσμος
3031 3626 3043 3638 ·
3069 3606 3146 3677 τῷ
3192 3606 3249 3658 δὲ
3276 3604 3424 3660 ἐϐδό-

161 3721 258 3773 μῳ
296 3700 370 3770 (2)
396 3701 572 3772 κρίνει
599 3701 695 3771 τὴν
725 3702 1051 3772 οἰκουμένην
1075 3704 1102 3753 ὁ
1124 3701 1325 3772 Κύριος
1346 3719 1358 3732 ’
1383 3701 1459 3772 τῷ
1484 3701 1538 3754 δὲ
1574 3701 1743 3771 ὀγδόῳ
1773 3696 1915 3756 οὗτοι
1937 3702 2264 3774 ἀπέρχονται
2287 3705 2364 3766 εἰς
2385 3703 2526 3774 ζωὴν
2549 3702 2785 3767 αἰώνιον,
2816 3705 2908 3755 καὶ
2927 3695 3069 3755 οὗτοι
3093 3705 3171 3766 είς
3205 3703 3424 3756 κόλασιν

156 3796 412 3853 αἰώνιον.
445 3798 541 3852 Διὰ
571 3797 728 3852 τοῦτο
756 3796 969 3869 εἴρηται
991 3801 1019 3851 ὁ
1048 3797 1259 3868 ψαλμὸς
1290 3799 1427 3870 ὑπὲρ
1455 3795 1548 3850 τοῦ
1577 3796 1835 3868 ῥωσθῆναι
1865 3798 1990 3862 τοὺς
2014 3798 2201 3866 ἁγίους
2226 3802 2284 3852 ὲν
2315 3801 2379 3868 τῇ
2412 3798 2593 3868 ὀγδόῃ.

231 3887 465 3943 Psalmo
492 3889 814 3959 praepositus
845 3890 1054 3951 titulus,
1074 3890 1357 3952 cinnabari
1393 3890 1648 3958 scriptus,
1681 3889 1922 3943 continet
1950 3907 1964 3942 :
1991 3887 2058 3942 In
2085 3890 2261 3958 finem,
2295 3891 2348 3942 in
2375 3890 2578 3959 hymnis
2609 3906 2701 3952 pro
2733 3900 2936 3952 octava,
2971 3889 3203 3957 psalmus
3228 3887 3422 3942 David.

155 3983 291 4040 Hoc
327 3995 512 4039 autem
542 3985 811 4054 signiﬁcat
843 4003 854 4038 :
895 3987 952 4040 in
1001 3986 1323 4040 smculorum
1380 3985 1849 4039 consummatione
1877 3985 2049 4039 sancti
2103 3986 2396 4055 rogabunt,
2435 3995 2494 4040 ut
2522 3986 2820 4041 liberentur
2851 4002 2881 4040 a
2929 3986 3154 4054 judicio,
3190 3995 3244 4040 et
3275 3984 3423 4052 digni

150 4081 309 4136 ﬁant
343 4059 560 4135 meritae
604 4083 868 4136 mercedis
894 4082 1273 4135 retributione.
1313 4077 1496 4135 Sexto'
1515 4081 1662 4133 enim
1690 4081 1890 4135 saeculo
1940 4068 2356 4136 censummatur
2408 4083 2685 4146 mundus;
2737 4080 2964 4150 septimo
3007 4089 3186 4135 autem
3235 4081 3420 4135 orbem

153 4184 337 4230 terra:
367 4173 576 4243 jndicat
603 4172 864 4229 Dominus
893 4191 907 4240 ;
943 4181 1134 4228 octavo
1163 4189 1292 4227 vero
1322 4173 1375 4226 lii
1416 4174 1619 4227 abeunt
1651 4174 1703 4226 in
1735 4173 1898 4226 vitam
1923 4183 2220 4241 aeternam;
2255 4182 2310 4228 et
2341 4173 2394 4226 hi
2442 4174 2496 4226 in
2526 4173 2849 4242 supplicium
2901 4183 3160 4226 aeternum
3191 4171 3252 4226 ⁸⁵.
3290 4168 3421 4226 Pro-

149 4279 366 4343 pterea
397 4270 581 4323 dictus
610 4279 693 4324 est
725 4271 969 4338 psalmus
1012 4283 1108 4338 pro
1143 4284 1208 4322 eo
1232 4269 1378 4338 quod
1407 4269 1707 4345 liberentur
1739 4271 1911 4324 sancti
1937 4271 1991 4324 in
2028 4281 2234 4325 octava.

229 4365 290 4429 1,
322 4365 381 4417 2.
408 4363 602 4433 Κύριε,
637 4362 710 4433 μὴ
743 4363 897 4425 ὲκπτδς
928 4361 1021 4415 τοῦ
1061 4361 1242 4426 ἐλέους
1282 4379 1373 4414 σου
1419 4361 1642 4433 ἐλέγξῃς
1670 4380 1756 4433 με,
1791 4370 1834 4425 D

1806 4371 1834 4424 D
1936 4363 1986 4429 1,
2019 4362 2072 4417 2.
2113 4362 2360 4425 Domine,
2392 4377 2460 4416 ne
2489 4372 2640 4418 extra
2669 4362 3099 4417 misericordiam
3140 4371 3285 4418 tuam
3332 4377 3421 4418 ar-

148 4459 256 4511 καὶ
307 4455 610 4528 παιδεύσῃς
644 4473 731 4524 με.

1862 4473 1996 4528 guas
2025 4473 2129 4519 me,
2165 4469 2218 4511 et
2252 4456 2516 4526 corripias
2543 4472 2649 4510 me.

225 4551 290 4604 5.
331 4549 539 4619 Σαθρὸς
561 4551 628 4618 τῇ
661 4547 891 4618 διανοίᾳ·

1933 4553 1985 4606 5.
2013 4551 2190 4606 Mente
2212 4563 2532 4620 corruptus;

224 4642 291 4695 4.
338 4641 451 4693 Καὶ
484 4641 584 4692 οὐκ
614 4640 730 4710 εἰμὶ
754 4637 1147 4711 δστηριγμένος
1175 4639 1249 4711 ('5)
1285 4639 1414 4711 ’περῖ¹
1459 4638 1556 4701 τὰς
1609 4640 1758 4691 ἐντο-

1609 4640 1758 4691 ὲντο-
1932 4645 1984 4699 4.
2015 4644 2078 4700 Et
2104 4661 2213 4699 non
2240 4659 2362 4699 sum
2393 4645 2638 4698 ﬁrmatus
2670 4641 2726 4696 in
2743 4641 3013 4697 mandatis
3047 4643 3173 4698 tuis.

147 4735 261 4798 λάς
293 4750 423 4788 σου.

230 4826 294 4881 5.
345 4824 432 4876 Ἐν
467 4823 828 4894 ἁμαρτήμασι
857 4821 1202 4893 πεφυρμένος
1235 4822 1369 4890 εἰμὶ,
1397 4821 1563 4889 λέγει.

1473 4837 1563 4889 γει.
1937 4822 1986 4876 5‘.
2016 4822 2074 4876 In
2104 4823 2344 4891 peccatis
2369 4823 2689 4878 commistus
2719 4838 2862 4888 sum,
2895 4822 3088 4892 inquit.

227 4918 292 4972 6.
333 4917 394 4968 7.
438 4914 610 4982 Ἐλθὲ,
639 4912 835 4983 Κύριε,
868 4911 1145 4985 ρὖαιτὴν
1169 4912 1344 4986 ψυχήν
1378 4931 1498 4983 μου,

1933 4914 1985 4978 6,
2027 4915 2077 4968 7.
2115 4913 2272 4980 Veni,
2302 4914 2546 4979 Domine,
2571 4915 2739 4970 libera
2766 4915 3000 4970 animam
3020 4929 3217 4981 meam,

225 5008 295 5064 8.
339 5005 445 5060 Διὰ
475 5007 537 5059 τὸ
575 5001 716 5059 εἶναι
744 5005 820 5076 (4)
854 5004 1142 5077 ἐλεήμονα.

993 5022 1142 5077 μονα.
1935 5005 1984 5059 8.
2023 5005 2162 5071 Quia
2185 5003 2503 5059 misericors
2529 5020 2608 5060 es.

227 5100 293 5155 9.
341 5099 404 5152 Ὀ
431 5097 568 5162 ὅλως
603 5098 960 5170 μνημονεύων
997 5116 1090 5153 σου
1126 5098 1363 5154 ἐκκλίνει
1405 5097 1481 5168 (5)
1525 5097 1632 5150 ἀπὸ
1662 5097 1758 5167 τῆς

1935 5099 1988 5154 9.
2019 5097 2123 5166 Qui
2152 5113 2374 5168 prorsus
2422 5113 2634 5153 memor
2675 5103 2759 5153 est
2801 5098 2882 5153 tui
2911 5136 2926 5162 ,
2955 5097 3190 5153 declinat
3233 5111 3264 5150 a
3299 5112 3424 5167 pec-

144 5190 500 5267 bwmm'

400 5209 465 5255 ας
483 5208 500 5224 ⁸
1862 5196 2015 5255 cato;

235 5288 343 5342 i0.
393 5285 452 5338 '0
476 5283 585 5357 γὰρ
615 5284 740 5348 νοῦς
772 5285 1205 5358 ὁκυριευόμενος
1231 5283 1335 5338 ὑπὸ
1366 5283 1465 5356 τῆς
1494 5283 1762 5353 ἁμαρτίας

1942 5281 2026 5335 10.
2065 5280 2216 5337 Mens
2253 5298 2421 5347 enim,
2470 5297 2590 5354 qua
2635 5280 2946 5343 dominatur
2970 5295 3003 5339 a
3034 5287 3280 5354 peccato,
3316 5292 3423 5335 non

141 5377 263 5436 οὐκ
298 5375 614 5448 ὲξομολογή
623 5377 774 5432 σεταί
804 5394 905 5432 σοι.

736 5377 774 5430 tl
804 5394 905 5432 σοι.
1876 5374 2216 5430 conlitebitur
2238 5375 2351 5430 tibi.

232 5472 312 5508 ιδ’
343 5469 373 5524 l
399 5471 525 5528 Cor.
552 5487 593 5536 ι,
619 5471 708 5526 51.
786 5471 829 5504 ¹⁸
858 5470 1191 5538 Matth.xxv,
1223 5471 1313 5526 54.
1371 5471 1416 5503 ¹⁶
1442 5470 1570 5525 ibid.
1604 5468 1692 5532 46.

1140 5564 1444 5630 Addenda
1469 5570 1532 5629 et
1579 5563 1953 5644 corrigenda
1986 5581 2065 5626 ex
2115 5563 2252 5625 cod.
2284 5564 2483 5628 Vatic.

226 5664 325 5733 (Ι)
379 5659 702 5733 Ἀξίωςον-,Ᾱ
731 5732 736 5733 ί
1938 5663 2012 5733 (4)
2035 5659 2187 5717 Εἶναί
2212 5681 2288 5718 σε.

379 5663 658 5727 Ἀξίωσον.
1938 5663 1991 5733 (4
2035 5663 2187 5717 Εἶναί
2212 5681 2288 5718 σε.

301 5664 327 5806 ς
366 5732 480 5806 [gat
511 5731 588 5800 τῷ
621 5730 850 5806 ὲὸδόμῳ.
1939 5663 2015 5806 (ὗῖ
2057 5734 2312 5791 Ἐκλίπει.

301 5734 327 5806 )
366 5734 480 5784 Καὶ
511 5734 588 5800 τῷ
621 5734 850 5802 ὲῦδόμῳ.

225 5734 322 5880 g)
377 5802 890 5873 Ἔπεστηριγμέιιος.
