4068 6310
681 346 786 402 667
1518 341 1577 398 S.
1620 340 1997 397 ATIIANASII
2039 339 2189 396 OPP.
2230 337 2408 394 PARS
2447 336 2538 391 lll.
2573 364 2644 377 —-
2681 329 3091 386 EXEGETICA.
3817 323 3910 379 668

754 470 838 522 ll.
872 467 1131 523 Laboravi
1156 466 1208 520 in
1237 466 1433 536 gemitu
1467 480 1608 531 meo,
2270 475 2315 530 Α

2270 475 2315 530 Α
2417 459 2504 511 11.
2551 453 2850 508 Ἐκοπὶασα
2883 453 2940 503 ἐν
2964 450 3040 520 τῷ
3076 448 3365 518 στεναγμῷ
3392 463 3514 517 μου,

750 557 836 612 12.
869 557 1082 611 Lavabo
1117 571 1210 625 per
1233 555 1474 625 singulas
1511 566 1698 609 noctes
1737 554 1931 608 lectum
1960 570 2170 608 meum:

2420 548 2504 601 12.
2533 547 2722 599 Λούσω
2749 543 2869 596 καθ’
2900 542 3134 608 ἑκάστην
3173 539 3343 592 νύκτα
3374 539 3472 608 τὴν
3501 537 3686 606 κλίνην
3711 553 3811 603 μου

755 649 840 705 15.
874 648 1152 718 Lacrymis
1185 647 1316 700 meis
1352 655 1579 700 stratum
1615 663 1791 700 meum
1827 647 2030 714 rigabo.

2423 641 2505 693 15.
2554 641 2640 690 Ἐν
2666 636 2893 707 δάκρυσί
2926 652 3027 705 μου
3050 633 3147 704 τὴν
3187 634 3474 703 στρωμνήν
3499 648 3600 699 μου
3631 627 3824 698 βρέξω.

752 740 837 795 14.
874 740 1147 793 Turbatus
1173 750 1255 793 cst
1289 754 1317 792 a
1347 738 1530 792 furore
1556 738 1746 792 oculus
1769 754 1923 792 meus
1951 756 1964 790 :

2423 731 2506 784 1-1».
2553 728 2856 804 Έταρᾴχθη
2885 726 2991 779 ἀπὸ
3013 725 3179 796 θυμοῦ
3208 727 3234 777 ὁ
3261 724 3533 793 ὀφθαλμός
3565 741 3665 792 μου
3684 741 3696 752 ·

754 835 841 889 l5.
876 832 1171 886 lnveteravi
1205 832 1342 885 inter
1365 847 1554 886 omnes
1579 831 1840 885 inimicos
1865 845 2032 883 meos.

2424 823 2509 877 15.
2556 820 2930 891 Ἐπαλαιώθην
2956 821 3013 872 ὲν
3043 821 3174 871 πᾶσι
3203 819 3312 879 τοῖς
3344 815 3556 886 ἐχθροῖς
3589 833 3709 886 μου.

755 927 841 980 16.
874 925 1139 980 Discedite
1177 939 1207 978 a
1241 940 1346 990 me,
1375 939 1567 977 omnes
1594 924 1684 993 qui
1716 922 2018 992 operamini
2051 919 2246 990 iniqui-

2429 917 2511 968 16.
2565 915 2862 984 ’Λπὸστητε
2912 915 3003 967 ἀπ’
3039 911 3194 983 ἐμοῦ,
3234 911 3435 972 πάντες
3476 912 3524 962 οἱ
3568 909 3915 980 ἐργαζόμενοι

684 1030 846 1074 tatem
877 1035 888 1069 :

2387 1011 2452 1076 ὴν
2483 1009 2708 1078 ἀνομίαν
2731 1025 2743 1037 '

759 1114 844 1166 l7.
892 1113 1160 1178 Quoniam
1214 1110 1492 1166 exaudivit
1534 1110 1797 1165 Dominus
1844 1124 2030 1162 vocem
2093 1107 2247 1163 [lctus

2429 1103 2513 1155 l7.
2549 1101 2672 1152 Ὂτι
2726 1099 3007 1167 εἰσήκουσε
3052 1096 3254 1166 Κύριος
3292 1098 3390 1165 τῆς
3421 1095 3602 1165 φωνῆς
3629 1093 3724 1146 τοῦ
3761 1092 3917 1145 κλαυ-

685 1204 814 1256 mei.

2357 1192 2493 1264 θμοῦ
2523 1209 2642 1261 μου.

755 1295 840 1348 18.
878 1293 1165 1347 Exaudivit
1194 1290 1457 1346 Dominus
1488 1290 1919 1359 deprecationem
1953 1303 2126 1342 meam
2164 1304 2175 1340 :

1963 1303 2126 1342 meam
2164 1304 2175 1340 :
2437 1284 2518 1337 18.
2562 1283 2797 1334 Ἤκουσε
2822 1281 3024 1350 Κύριος
3056 1280 3152 1348 τῆς
3174 1278 3411 1346 δεήσεὼς
3435 1296 3538 1349 μου
3557 1293 3569 1305 ·

760 1386 846 1442 19.
879 1386 1141 1440 Dominus
1166 1384 1468 1438 orationem
1504 1397 1678 1435 meam
1717 1382 1973 1448 suscepit.

2431 1376 2518 1430 19.
2552 1374 2753 1444 Κύριος
2779 1373 2875 1443 τὴν
2908 1374 3208 1442 προσευχήν
3243 1388 3342 1441 μου
3386 1371 3761 1442 προσεδέξατο.

757 1479 829 1532 20
874 1477 1210 1532 Erubescant
1228 1486 1279 1530 et
1295 1475 1685 1530 conturbentur
1703 1473 2046 1527 vehementer
2067 1486 2253 1526 omnes

2429 1468 2517 1520 ‘20.
2550 1465 2974 1536 Αἰσχύνθείησαν
3033 1464 3125 1515 καὶ
3174 1463 3574 1534 ταραχθείησαν
3623 1463 3823 1522 πάντες
3881 1462 3922 1510 οἱ

691 1572 896 1628 inimici
925 1572 1028 1626 mei
1063 1589 1076 1625 :

2362 1558 2454 1629 ὲχθ
2464 1557 2542 1630 pot
2585 1575 2682 1628 μου
2693 1597 2705 1610 .

762 1659 849 1712 ⁸31.
885 1659 1281 1714 Convertantur
1311 1666 1364 1712 et
1391 1656 1720 1711 erubescant
1751 1655 1903 1708 valde
1939 1655 2216 1709 velociter.

2431 1651 2520 1702 21.
2556 1649 3058 1718 Ἀποστραφείησαν
3077 1648 3170 1700 καὶ
3190 1645 3711 1716 καταισχυνθείησαν
3733 1642 3923 1712 σφόδρα

2363 1741 2451 1794 διὰ
2477 1743 2692 1810 τάχους.

752 1833 976 1890 Ρδαίιηαδ
1009 1835 1192 1901 David,
1229 1853 1379 1905 quem
1410 1837 1640 1890 cantavit
1674 1835 1898 1888 Domino
1930 1850 2024 1902 pro
2057 1832 2222 1889 verbis

2429 1834 2669 1902 Ψαλμὸς
2691 1830 2770 1895 τῷ
2799 1829 2995 1892 Δαϐὶδ,
3021 1830 3092 1883 ὃν
3121 1826 3237 1900 ᾖσε
3263 1827 3341 1893 τῷ
3371 1827 3565 1896 Κυρίῳ
3600 1827 3754 1896 ὑπὲρ
3775 1825 3888 1883 τῶν

1014 1928 1176 1982 C/msi
1198 1929 1298 1997 ﬁlii
1331 1928 1548 1982 Jemim'.
1584 1927 1782 1982 PSAL.
1822 1926 1950 1982 VII.
2572 1927 2620 1977 λι

2572 1927 2770 1991 λόγων
2797 1923 2984 1975 Χουσὶ
3016 1922 3149 1975 υἱοῦ
3173 1921 3393 1990 Ἰεμενί.
3433 1923 3605 1975 ΨΑΛ.
3647 1919 3727 1975 Ζ’.

777 2020 822 2072 1.
849 2017 1076 2073 Domine
1100 2018 1242 2075 Deus
1268 2036 1442 2087 meus,
1469 2021 1522 2074 in
1553 2029 1604 2074 te
1645 2019 1858 2089 speravi
1892 2035 1906 2072 :

2441 2018 2490 2071 1.
2524 2016 2694 2087 Κύριε
2723 2017 2750 2067 6
2772 2015 2904 2080 Θεός
2938 2032 3060 2087 μου,
3091 2016 3184 2068 ἐπὶ
3214 2015 3295 2067 σοὶ
3320 2014 3523 2084 ἡλπισα
3544 2028 3556 2042 ·

1818 2169 2191 2226 ΑΤΗΑΝΑδιι
2227 2167 2814 2225 INTERPRETATIO.

777 2332 860 2386 ll.
892 2333 1159 2388 Gravatus
1192 2342 1414 2402 peccato
1440 2332 1817 2401 ingemiscam.
2297 2333 2344 2392 Β

2297 2333 2344 2392 Β
2447 2329 2534 2382 11.
2561 2326 2900 2399 Βαρούμενος
2935 2325 3040 2378 ὑπὸ
3073 2326 3169 2395 τῆς
3195 2323 3467 2396 ἁμαρτίας
3507 2324 3745 2389 στενάξω
3777 2323 3873 2393 (1).

780 2424 864 2478 12.
901 2423 1218 2478 Emundabo
1241 2423 1307 2477 ab
1341 2422 1489 2476 omni
1518 2430 1743 2492 peccato
1768 2436 1967 2491 corpus
1994 2437 2173 2476 meum
2200 2438 2216 2476 :

2453 2421 2538 2474 12.
2564 2420 2862 2490 Καθαρίσω
2903 2418 3010 2471 ἀπὸ
3063 2418 3240 2484 πάσης
3269 2415 3540 2486 ἁμαρτίας
3578 2415 3652 2486 (9.)
3699 2417 3760 2468 τὸ
3790 2413 3935 2484 σῶειᾶ

2385 2532 2483 2567 μου
2508 2531 2520 2544 ³

785 2602 866 2655 15.
907 2601 968 2655 Et
997 2603 1049 2655 in
1080 2601 1331 2671 lacrymis
1371 2600 1613 2670 requiem
1656 2615 1865 2664 meam;
1909 2599 2014 2654 hoc
2057 2609 2139 2654 est
2171 2597 2273 2653 θος

2452 2603 2534 2656 15.
2575 2604 2684 2656 Καὶ
2719 2604 2776 2654 ἐν
2803 2602 3031 2672 δάκρυσι
3059 2601 3134 2670 (5)
3157 2600 3255 2670 τὴν
3287 2599 3588 2652 ἀνάπαυσίν
3619 2616 3723 2668 μου
3745 2617 3758 2629 ·
3800 2616 3937 2651 τουτ-

714 2693 917 2746 minum
939 2692 1191 2762 lacrymis
1211 2693 1418 2760 rigabo,
1451 2701 1510 2746 ut
1530 2693 1784 2746 meretrix
1813 2693 1867 2745 in
1900 2691 2191 2760 Evangelio
2211 2691 2275 2745 η.

2379 2695 2494 2748 ἐστι
2524 2694 2612 2746 τὸν
2635 2693 2837 2764 Κύριον
2875 2692 3068 2762 βρέξω,
3093 2691 3166 2754 ὡς
3197 2693 3228 2761 ἡ
3270 2691 3439 2762 πόρνη
3467 2691 3526 2742 ὲν
3559 2689 3887 2758 Εύαγγελξῳ.

789 2782 867 2836 14.
902 2782 1039 2837 Pura
1072 2792 1154 2838 est
1176 2799 1205 2838 a
1231 2784 1571 2853 suggestione
1616 2783 1817 2838 diaboli
1857 2798 2009 2837 mens
2034 2796 2173 2834 mea.

2451 2785 2536 2839 M.
2569 2785 2640 2838 Ού
2667 2785 2981 2854 καθαριεύει
3008 2787 3042 2854 ἡ
3087 2784 3295 2836 διάνοιά
3327 2801 3426 2854 μου
3451 2783 3558 2836 ἀπὸ
3593 2784 3690 2852 τῆς
3718 2781 3809 2834 τοῦ
3837 2782 3934 2834 διι-

2383 2876 2538 2931 δόλου
2575 2876 2859 2947 ὑποϐολῆς.

793 2958 877 3011 15.
904 2958 1151 3012 Perditus
1176 2959 1398 3012 omnino
1417 2974 1558 3023 sum,
1585 2966 1639 3012 et
1670 2958 1723 3012 in
1751 2958 1977 3011 nihilum
2005 2957 2274 3013 redactus.

2104 2966 2274 3013 ἔλειπε·
2457 2968 2544 3022 15.
2583 2968 2916 3040 Ἠφανίσθην
2941 2969 3096 3032 ὅλως,
3126 2970 3205 3032 εἰς
3236 2968 3387 3022 ούδὲν
3422 2967 3708 3038 ἐγενόμην.

786 3051 870 3105 16.
909 3051 1188 3104 Daemones
1214 3062 1372 3105 antea
1408 3069 1493 3106 me
1526 3052 1787 3107 ducentes
1833 3051 1899 3105 ad
1925 3066 2143 3106 omnem
2181 3051 2283 3105 im-

2458 3062 2542 3115 16.
2572 3063 2634 3114 Οἱ
2671 3062 2921 3132 δαίμονες
2952 3063 3002 3114 οἱ
3055 3063 3114 3114 τὸ
3169 3061 3431 3133 πρότερον
3487 3058 3850 3131 ὀδηγήσαντές
3885 3075 3939 3128 με

721 3145 945 3216 probam
981 3144 1354 3213 cupiditatem.

2389 3152 2523 3222 πρὸς
2549 3152 2727 3204 πᾶσαν
2753 3153 2995 3221 πονηρὰν
3024 3152 3343 3222 ἐπιθυμίαν.

792 3237 875 3290 17.
917 3237 1186 3292 Gemitum
1226 3237 1406 3292 cordis
1439 3236 1565 3291 mei.

2463 3243 2548 3296 l7.
2582 3241 2687 3295 Τοῦ
2712 3243 2945 3312 ὀδυρμοῦ
2976 3243 3075 3312 τῆς
3102 3245 3329 3314 καρδίας
3365 3261 3481 3314 μου.

799 3327 881 3381 18.
921 3327 1070 3384 Hanc
1104 3344 1211 3381 non
1243 3338 1522 3383 aversatus
1544 3337 1646 3383 est.

2460 3335 2545 3388 18.
2578 3336 2691 3388 Οὐκ
2716 3335 3041 3407 ἀπεστράφη
3069 3335 3289 3406 ταύτην.

798 3420 883 3474 19.
925 3420 1052 3474 Eam
1078 3422 1219 3474 enim
1251 3422 1527 3490 adimplet.

1522 3461 1527 3473 -
2460 3427 2545 3481 19.
2573 3427 2779 3498 Πληροῖ
2802 3427 2912 3498 γὰρ
2943 3427 3128 3496 αὑτήν.

796 3512 885 3569 9.0.
912 3512 1362 3576 Confundantnr,
1408 3512 1555 3582 quod
1595 3525 1701 3565 non
1735 3511 1969 3580 amplius
2011 3527 2095 3566 me
2119 3511 2172 3564 in
2201 3527 2290 3565 ca-

2447 3518 2549 3571 .‘20.
2589 3519 2983 3590 Ἑντραπὼσιν,
3008 3521 3088 3572 ὅτι
3117 3520 3216 3572 οὐκ
3245 3519 3325 3571 ἔτι
3352 3535 3416 3588 με
3449 3515 3842 3586 αἰχμαλωτίσαι
3871 3512 3941 3564 δύ-

729 3606 1027 3675 ptivitatem
1077 3606 1316 3672 redigere
1345 3615 1607 3673 possunt,
1652 3606 1779 3673 quia
1811 3605 2144 3660 custodiora
2184 3606 2292 3660 Do—

2395 3626 2603 3673 νανται,
2634 3610 2721 3662 διὰ
2745 3611 2804 3663 τὸ
2835 3609 3195 3679 φυλάττεσθαί
3237 3629 3303 3681 με
3333 3609 3436 3662 ὑπὸ
3479 3609 3712 3680 Κυρίου,
3759 3607 3846 3661 καὶ
3869 3606 3943 3674 ὀρ-

729 3698 898 3760 mino,
929 3707 981 3750 et
1015 3697 1152 3751 hanc
1179 3698 1250 3751 ob
1282 3713 1505 3751 causam
1541 3698 1870 3763 irascantur,
2321 3687 2335 3739 1

1541 3698 1870 3763 irascantur,
2321 3685 2362 3740 (ἶ
2395 3701 2656 3770 γισθῶσιν
2682 3703 2864 3756 ἕνεκεν
2890 3703 3081 3755 τούτου
3102 3742 3115 3766 ,

796 3792 887 3847 21.
921 3791 986 3848 Ει
1007 3807 1172 3863 quam
1192 3791 1437 3848 celeriter
1473 3785 1689 3847 confusi
1723 3791 1999 3846 recedant.

2469 3793 2560 3846 21.
2598 3794 2708 3846 Καὶ
2751 3793 3150 3865 ἀναστρέῲουσι
3205 3791 3686 3862 καταισχυνθέντες
3729 3791 3858 3844 πάνυ
3899 3792 3941 3840 ἐν

2401 3902 2574 3954 ταχεμ

811 3987 876 4040 Ἢ
907 3986 1238 4058 προκειμένη
1273 3984 1549 4054 ἐπιγραφὴ
1583 3985 1615 4055 ἡ
1648 3983 1734 4036 διὰ
1762 3983 1858 4053 τῆς
1887 3983 2254 4057 κινναϐάρεως
2294 3993 2572 4064 περιέχει·
2610 3996 2856 4064 Ψαλμὸς
2877 3996 2956 4061 τῷ
2984 3996 3179 4057 Δαὸὶδ,
3223 3995 3294 4049 ὃν
3329 3991 3443 4066 ᾖσε
3481 3994 3559 4059 τῷ
3601 3993 3795 4063 Κυρίῳ
3818 3990 3942 4057 ὑπὲρ

732 4092 849 4144 τῶν
878 4088 1074 4156 λόγων
1099 4086 1284 4140 Χουσὶ
1335 4084 1469 4140 υἱοῦ
1511 4085 1732 4152 Ἰεμενί.
1765 4082 1932 4136 Τοῦτο
1955 4081 2048 4137 οὖν
2080 4085 2246 4154 λέγει,
2280 4089 2360 4142 ὃτι
2383 4086 2480 4164 ᾖσε
2506 4093 2595 4145 τὸν
2625 4092 2837 4162 ψαλμὸν
2857 4094 2885 4144 ὁ
2912 4093 3074 4147 Δαϐὶδ
3105 4092 3181 4164 τῷ
3209 4091 3321 4162 Υἱῴ
3345 4092 3438 4144 τοῦ
3463 4089 3596 4144 Θεοῦ
3621 4086 3942 4160 προφητεύων

732 4182 874 4251 ὑπὲρ
901 4181 993 4233 τοῦ
1023 4180 1150 4234 λαοῦ
1175 4179 1268 4232 τοῦ
1312 4179 1591 4250 μέλλοντος
1621 4176 1728 4229 ἀπὸ
1758 4177 2040 4247 ἁμαρτιῶν
2072 4178 2395 4251 λυτροῦσθαι
2428 4184 2520 4237 καὶ
2545 4185 2913 4256 ἐπιστρέφειν,
2963 4185 3056 4238 καὶ
3089 4184 3364 4251 ἀξιοῦσθαι
3397 4183 3496 4253 τῆς
3537 4185 3602 4236 ὲκ
3631 4182 3814 4246 δεξιῶν
3838 4178 3943 4232 στά-

737 4290 874 4338 σεως
904 4272 997 4325 τοῦ
1029 4271 1293 4344 Χριστοῦ·
1324 4271 1492 4324 Χουσὶ
1521 4271 1627 4341 γὰρ
1660 4270 2022 4340 ἑρμηνεύεται
2047 4272 2280 4340 Αἰθίοψ,
2320 4277 2594 4330 τουτέστιν
2639 4278 2777 4347 ὑπὲρ
2811 4277 2905 4330 τοῦ
2935 4277 3064 4330 λαοῦ
3115 4277 3209 4330 τοῦ
3268 4277 3418 4339 δντος
3472 4275 3702 4345 μέλανος
3729 4273 3828 4326 ἀπὸ
3858 4271 3943 4323 τῶν

740 4369 1018 4443 ἁμαρτιῶν
1048 4365 1145 4440 ᾖσε
1174 4369 1262 4422 τὸν
1289 4367 1500 4439 ψαλμὸν
1524 4366 1601 4437 τῷ
1632 4364 1840 4436 Κυρίῳ.
1885 4366 2080 4436 Ἰεμενὶ
2115 4367 2171 4419 δὲ
2209 4371 2570 4441 ἑρμηνεύεται
2596 4372 2764 4437 δεξιά
2780 4393 2897 4442 μου
2925 4391 2936 4403 ·
2967 4373 3152 4444 ἐπειδὴ
3177 4375 3203 4424 ὁ
3226 4373 3352 4436 λαὸς
3380 4375 3407 4424 ὁ
3437 4371 3658 4440 Αἰθίοψ,
3693 4368 3828 4438 λέγω
3845 4367 3899 4437 δὴ
3923 4369 3944 4416 ὁ

745 4469 930 4540 μέλας,
962 4466 1177 4537 ῥυσθεὶς
1201 4467 1265 4518 ὲκ
1284 4465 1392 4518 τῶν
1423 4462 1746 4535 ἀριστερῶν,
1775 4461 1959 4532 μέλλει
1986 4462 2235 4517 ἵστασθαι
2266 4467 2331 4519 ὲκ
2354 4466 2540 4530 δεξιῶν
2565 4467 2657 4520 τοῦ
2690 4469 2849 4522 Θεοῦ.

814 4561 1044 4627 Titulus,
1077 4562 1170 4630 qui
1203 4558 1410 4630 psalmo
1439 4561 1792 4628 prmponitur,
1830 4558 2112 4614 cinnabari
2150 4561 2411 4631 scriptus,
2449 4564 2695 4618 continet
2727 4581 2739 4616 :
2774 4563 3025 4618 Psalmus
3056 4564 3247 4626 David,
3297 4578 3446 4632 quem
3490 4560 3723 4614 cantavit
3757 4558 3943 4613 Domino

743 4675 838 4729 pro
870 4659 1032 4714 verbis
1063 4657 1224 4711 Chusi
1264 4656 1366 4724 ﬁlii
1390 4653 1610 4709 Jemini.
1645 4653 1758 4710 Hoc
1787 4664 1969 4710 autem
1996 4655 2288 4725 signiﬁcat,
2314 4661 2456 4728 quod
2492 4661 2764 4730 psalmum
2813 4658 2982 4713 David
3014 4658 3213 4713 cecinit
3252 4656 3389 4710 Filio
3425 4655 3518 4710 Dei
3553 4655 3867 4725 prophetans
3894 4650 3944 4702 de

746 4757 969 4828 populo,
1001 4755 1094 4824 qui
1126 4753 1344 4806 futurus
1373 4761 1511 4813 erat,
1548 4759 1606 4805 ut
1637 4767 1666 4805 a
1698 4752 1936 4822 peccatis
1966 4752 2310 4818 liberaretur,
2339 4764 2394 4810 et
2418 4766 2847 4819 converteretur,
2878 4765 2931 4810 et
2959 4755 3155 4824 dignus
3185 4752 3335 4807 ﬁeret
3364 4761 3506 4805 stare
3531 4764 3560 4802 a
3593 4749 3792 4803 dextris
3814 4743 3942 4798 Chri-

749 4848 841 4903 sti.
869 4845 1035 4900 Cltusi
1065 4847 1208 4899 enim
1246 4846 1632 4912 interpretatur
1663 4843 1912 4914 jEthiops
1933 4887 1946 4909 ,
1993 4844 2099 4900 hoc
2125 4853 2208 4901 est
2235 4863 2247 4899 :
2283 4846 2388 4900 Pro
2422 4850 2641 4918 populo,
2682 4849 2778 4918 qui
2807 4856 2925 4902 erat
2950 4848 3101 4918 niger
3128 4861 3157 4900 a
3194 4844 3450 4916 peccatis,
3492 4841 3692 4897 cecinit
3715 4839 3942 4910 psalmum

753 4941 1001 4996 Domino.
1023 4938 1217 4994 Jcmini
1243 4949 1422 4994 autem
1460 4940 1846 5009 interpretatur
1873 4941 2089 4994 dextera
2122 4958 2273 5006 mea;
2307 4944 2566 5013 quoniam
2601 4947 2833 5015 populus
2864 4944 3137 5014 Ethiops,
3171 4941 3343 5013 niger,
3371 4941 3615 5009 inquam,
3645 4937 3715 4992 ob
3741 4941 3940 5006 peccata,

755 5042 1015 5096 liberatus
1047 5055 1077 5094 e
1109 5039 1346 5094 sinistris
1379 5038 1543 5093 stabit
1569 5053 1600 5092 a
1643 5037 1854 5093 dextris
1885 5036 1998 5092 Dei.

829 5157 880 5210 1.
909 5155 983 5210 Te
1005 5157 1263 5212 constitui
1311 5156 1613 5226 adjutorem
1659 5171 1841 5211 meum
1874 5142 2023 5211 omni
2054 5162 2317 5226 tempore,
2354 5167 2398 5222 ι)

2217 5172 2317 5221 )re,
2354 5167 2398 5222 ι)
2495 5161 2544 5213 1.
2583 5160 2648 5213 Σὲ
2677 5160 2878 5231 ἐθέμην
2909 5158 3102 5230 βοηθόν
3132 5175 3231 5228 μου
3256 5156 3507 5220 πάντοτε,
3545 5153 3713 5207 σῶσον
3740 5165 3823 5218 με·

758 5251 908 5306 salva
931 5266 1038 5304 me.

832 5369 868 5403 “
909 5366 1037 5426 Luc.
1085 5384 1180 5432 vn,
1208 5368 1296 5421 58.

1702 5524 2006 5587 Addenda
2038 5530 2098 5586 et
2129 5520 2501 5601 corrigenda
2549 5535 2626 5580 ex
2679 5517 2818 5578 cod.
2851 5515 3050 5576 Vatic.

865 5695 1209 5767 1)Στενάζω.
1299 5764 1307 5767 _
1369 5765 1378 5767 _
1449 5764 1473 5767 __
1546 5765 1555 5767 _
1726 5762 1736 5767 _
2508 5684 2582 5757 (3)
2610 5684 2800 5740 Καὶὲν
2831 5681 3056 5756 δάκρυσὶ
3089 5696 3228 5754 μου..

861 5762 915 5836 2⁷)
951 5767 1263 5838 Καθαρίσῃς
1287 5764 1393 5819 ἀπὸ
1413 5764 1509 5836 τῆς
1535 5762 1825 5836 ἁμαρτίας.
