4090 6312
195 371 306 432 669
1159 377 1246 432 DE
1286 378 1561 434 TITULIS
1598 379 2044 436 PSALMORUM.
2085 411 2156 422 -—
2189 381 2382 436 PSAL.
2416 378 2528 435 Vll.
3324 371 3426 427 670

267 489 322 542 2.
351 487 531 540 Σῶσόν
563 503 630 557 με
658 489 722 540 ὲκ
757 492 833 558 (a)
857 489 1072 543 πάντων
1093 490 1202 544 τῶν
1231 491 1533 546 διωκόντων
1567 511 1654 563 με,
1681 495 1772 547 καὶ
1801 501 1847 556 Α

1816 501 1847 556 Α
1945 495 1999 548 9..
2033 494 2250 548 Salvum
2283 510 2369 549 me
2417 493 2501 547 l'ac
2560 507 2624 547 ex
2676 491 2931 546 omnibus
2979 490 3431 559 persequentibus

195 581 362 654 ῥῦσαί
392 597 479 651 με.

1870 603 1974 651 me,
2011 597 2064 641 et
2091 587 2258 641 libera
2289 602 2393 640 me.

270 673 326 727 5.
363 674 586 743 Μήποτε
616 672 837 746 ἁρπάσῃ
873 673 948 737 ὡς
974 674 1109 728 λέων
1129 675 1227 746 τὴν
1255 675 1430 746 ψυχήν
1464 694 1586 746 μου,

1938 680 1990 733 5.
2025 677 2322 747 Nequando
2353 678 2527 746 rapiat
2550 685 2609 731 ut
2637 675 2720 730 leo
2754 676 2991 729 animam
3025 689 3219 737 meam,

270 767 324 822 ὁ.
357 767 450 839 Μὴ
473 767 625 832 ὄντος
658 766 1042 840 λυτρουμένου,
1069 769 1202 840 μηδὲ
1234 769 1515 834 σώζοντος.

1939 769 1990 822 4.
2020 767 2156 822 Dum
2191 785 2300 822 non
2329 778 2435 831 est,
2465 767 2558 836 qui
2593 768 2844 830 redimat,
2891 779 3067 834 neque
3097 765 3190 834 qui
3222 764 3426 820 salvum

1871 860 2053 915 faciat.

269 944 325 1000 5.
363 944 533 1017 Κύριε
565 947 594 999 6
631 945 763 1009 Θεός
800 963 920 1016 μου,
953 948 1000 999 εί
1023 947 1253 1019 ἐποίησα
1282 946 1457 1012 τοῦτο,

1428 965 1457 1012 δ,
1943 953 1995 1007 5.
2029 952 2255 1005 Domine
2290 950 2430 1004 Deus
2461 966 2636 1016 meus,
2666 951 2712 1005 si
2741 950 2840 1005 feci
2878 951 3043 1014 istud,

271 1032 327 1089 6.
365 1035 430 1088 Ei.
455 1034 600 1090 ἔστιν
629 1036 813 1089 ἀδικία
834 1038 890 1088 ὲν
915 1037 1069 1106 χερσί
1095 1054 1219 1108 μου,

1944 1042 1998 1098 6.
2033 1043 2089 1097 Si
2123 1052 2208 1098 est
2235 1043 2495 1112 iniquitas
2524 1043 2576 1096 in
2607 1043 2856 1096 manibus
2882 1043 3034 1107 meis,

270 1126 326 1181 7.
360 1128 420 1180 Et
444 1127 799 1182 ἀνταπέδωκα
822 1131 932 1191 τοῖς
957 1128 1366 1183 ἁνταποδιδοῦσί
1404 1147 1492 1200 μοι
1517 1131 1690 1183 κακά’

1522 1131 1690 1183 κακά’
1945 1136 1994 1187 7.
2027 1135 2083 1188 Si
2118 1135 2326 1189 reddidi
2350 1134 2777 1189 retribuentibus
2805 1134 2934 1187 milii
2961 1135 3100 1187 mala
3125 1153 3137 1188 :

274 1218 331 1272 8.
377 1219 732 1289 Ἀποπέσοιμι
768 1219 876 1289 ἄρα
924 1220 1030 1273 ἀπὸ
1065 1220 1172 1273 τῶν
1195 1220 1403 1293 ἐχθρῶν
1429 1239 1528 1291 μου
1569 1221 1740 1282 κενός.

1642 1221 1740 1282 W5»:-
1940 1227 1991 1280 8.
2032 1225 2284 1280 Dccidam
2311 1225 2504 1279 merito
2545 1225 2612 1278 ab
2641 1224 2874 1278 inimicis
2895 1225 3030 1278 meis
3062 1225 3257 1277 inanis.

273 1311 328 1365 9.
363 1309 704 1377 Καταδιώξαι
741 1311 849 1382 ἄρα
883 1314 911 1364 6
958 1312 1149 1383 ἐχθρὸς
1176 1313 1274 1384 τὴν
1308 1313 1486 1383 ψυχήν
1518 1331 1640 1383 μου,
1681 1312 1769 1365 καὶ

1943 1318 1994 1372 9.
2025 1316 2390 1387 Persequatur
2413 1318 2600 1388 utique
2626 1317 2880 1372 inimicus
2903 1317 3136 1370 animam
3163 1330 3360 1380 meam,
3382 1323 3437 1370 et

191 1402 526 1467 καταλάϐοι,

1873 1410 2315 1478 comprehendat,

276 1496 368 1549 10.
401 1497 509 1548 Καὶ
543 1498 924 1568 καταπατῆσαι
951 1499 1030 1561 είς
1061 1499 1164 1570 γῆν
1195 1497 1292 1570 τὴν
1323 1496 1466 1570 ζωήν
1493 1517 1614 1569 μου,

1520 1517 1614 1559 ιου,
1947 1501 2032 1554 10.
2065 1501 2130 1555 Et
2160 1504 2444 1557 conculcet
2474 1504 2528 1556 in
2562 1511 2702 1556 terra
2732 1500 2896 1554 vitam
2923 1516 3135 1566 meam;

276 1589 370 1641 11.
406 1590 514 1642 Καὶ
541 1588 637 1660 τὴν
666 1589 824 1656 δόξαν
859 1608 957 1659 μου
990 1593 1069 1654 είς
1091 1590 1221 1661 χοῦν
1242 1593 1682 1662 κατασκηνώσαι.

1680 1633 1682 1642 ι
1946 1594 2034 1647 11.
2063 1593 2128 1647 Et
2155 1594 2379 1663 gloriam
2412 1609 2588 1647 meam
2622 1593 2676 1646 in
2728 1591 3004 1660 pulverem
3044 1589 3295 1645 deducat.

277 1678 370 1734 12.
418 1679 723 1751 Ἀνάστηθι,
760 1680 951 1752 Κύριε,
984 1683 1040 1736 ὲν
1066 1683 1201 1753 ὀργῇ
1229 1699 1321 1735 σου
1343 1723 1358 1747 ,

1344 1723 1358 1747 9
1947 1687 2034 1740 12.
2070 1685 2333 1754 Exsurge,
2368 1684 2613 1749 Domine,
2646 1685 2700 1737 in
2731 1684 2811 1736 ira
2845 1692 2959 1745 tua,

275 1771 364 1826 15.
413 1771 684 1844 Ύψὼθητι
723 1775 779 1825 ἐν
807 1775 917 1836 τοῖς
942 1773 1140 1845 πέρασι
1173 1774 1282 1827 τῶν
1314 1772 1521 1846 ἐχθρῶν
1556 1790 1668 1827 σου.

1950 1777 2034 1830 15.
2073 1775 2139 1828 Et
2167 1777 2404 1830 exaltare
2433 1777 2487 1829 in
2521 1776 2718 1829 linibus
2743 1773 3087 1828 inimicorum
3113 1783 3350 1826 tuorum.

269 1862 364 1916 14.
397 1866 505 1917 Καὶ
534 1864 870 1936 ἑξεγὲρθητι,
890 1865 1064 1936 Κύριε
1083 1868 1110 1918 6
1141 1867 1272 1930 Θεός
1313 1884 1436 1938 μου,
1461 1867 1517 1920 ἐν
1545 1865 1777 1936 προστά·
1807 1891 1850 1946 Β

1822 1892 1850 1945 3
1949 1869 2034 1922 14.
2074 1865 2139 1920 Ει
2164 1882 2417 1937 exsurge,
2447 1865 2671 1920 Domine
2700 1865 2839 1920 Deus
2871 1880 3043 1930 meus,
3072 1865 3125 1917 in
3153 1874 3437 1932 praecepto,

245 1971 398 2025 ματι,
426 1948 471 2022 ᾧ
497 1955 771 2019 ὲνετείλω,

742 1977 771 2019 ι,
1884 1960 2030 2029 quod
2065 1960 2357 2022 mandasti,

277 2051 370 2104 15.
401 2049 512 2103 Καὶ
536 2049 826 2118 συναγωγὴ
864 2047 1008 2101 λαῶν
1041 2048 1310 2103 κυκλώσει
1345 2067 1422 2104 σε.

1953 2050 2039 2104 15.
2080 2050 2142 2104 Et
2174 2063 2445 2121 synagoga
2472 2048 2794 2119 populorum
2829 2049 3184 2102 circumdabit
3227 2056 3300 2102 te.

279 2143 371 2197 16.
402 2143 510 2196 Καὶ
539 2141 677 2212 ὑπὲρ
709 2140 912 2210 ταύτης
941 2142 1019 2204 είς
1042 2139 1173 2210 ὕψος
1202 2141 1546 2212 ἐπίστρεψον.

1538 2182 1546 2196 ,
1956 2141 2041 2193 16.
2070 2141 2134 2194 Ει
2159 2148 2376 2210 propter
2403 2141 2544 2192 hanc
2569 2140 2622 2192 in
2652 2138 2821 2191 altum
2854 2139 3153 2208 regredere.

278 2234 370 2289 17.
408 2233 613 2306 Κύριος
636 2236 813 2306 κρινεί
842 2233 1024 2297 λαούς.

1957 2232 2040 2289 17.
2066 2231 2330 2287 Dominus
2353 2231 2619 2301 iudicabit
2651 2231 2898 2300 populos.

809 2389 1144 2455 Διᾰψαλμα.

2507 2384 2832 2454 Diapsalma.

280 2517 368 2573 18.
408 2520 607 2592 Κρῖνόν
630 2538 742 2593 μοι,
775 2519 967 2592 Κύριε,
996 2519 1137 2573 κατά
1170 2517 1265 2572 τὴν
1286 2517 1633 2588 δικαιοσύνην
1655 2535 1773 2587 σου,

1950 2521 2039 2576 18.
2057 2517 2248 2576 Judica
2267 2535 2373 2585 me,
2399 2518 2647 2582 Domine,
2667 2516 2964 2573 secundum
2979 2513 3248 2587 justitiam
3271 2522 3444 2581 tuam,

277 2721 356 2794 (ιι)
393 2721 458 2777 ν.
486 2723 522 2777 2
567 2723 760 2794 incipit
788 2724 857 2779 ab
887 2726 970 2777 ἐκ.

1312 2901 1690 2959 ATHANASII
1730 2901 2313 2958 INTERPRETATIO.

278 3087 334 3142 2.
369 3085 490 3139 Τῶν
517 3085 804 3154 δαιμόνων,
825 3083 992 3152 λέγει.

1955 3083 2010 3135 2.
2037 3081 2115 3135 Ex
2143 3079 2514 3145 daemonibus,
2549 3080 2641 3134 ait.

277 3182 335 3235 5.
381 3180 438 3232 ’0
463 3178 764 3249 αίμοπότης
799 3176 1060 3239 διάϐολος.

1952 3173 2003 3226 5.
2040 3171 2406 3244 Sanguipotor
2431 3171 2703 3227 diabolus.

277 3269 336 3323 ι.
367 3269 474 3323 Τοῦ
506 3269 896 3340 ἀνθισταμένου
930 3268 1078 3339 αὐτῷ
1113 3267 1249 3339 ὑπὲρ
1270 3267 1423 3338 ἐμοῦ.
1811 3311 1853 3368 c

1150 3267 1249 3339 πὲρ
1270 3267 1423 3338 ἐμοῦ.
1811 3311 1853 3368 c
1956 3265 2009 3321 4.
2047 3265 2150 3332 Qui
2183 3265 2260 3320 illi
2290 3267 2508 3321 resistat
2535 3281 2634 3335 pro
2662 3281 2765 3320 me.

278 3361 339 3417 5.
382 3362 442 3414 '0
469 3361 676 3431 μέλλων
707 3360 916 3429 λέγειν·
1815 3357 1853 3368 ⁷

1815 3357 1853 3368 ⁷
1957 3358 2006 3414 5.
2048 3357 2149 3425 Qui
2185 3358 2437 3413 dicturus
2475 3368 2559 3413 est
2591 3375 2605 3411 :

275 3452 334 3509 6.
374 3453 624 3525 Ἀρπαγή
651 3469 735 3514 τις
757 3469 769 3481 ο

1956 3451 2008 3504 6.
2041 3450 2249 3520 Rapina
2282 3450 2462 3520 aliqua
2487 3468 2500 3515 ;

276 3547 334 3599 7.
368 3546 463 3607 Εἰς
488 3544 649 3596 αὑτὸν
677 3542 960 3609 ἐξεδὶκησὰ
983 3557 1114 3593 ποτε
1153 3542 1248 3611 (1)·

1954 3545 2007 3596 7.
2038 3544 2094 3597 Si
2127 3561 2366 3614 unquam
2404 3545 2550 3600 ultus
2582 3560 2702 3600 sum
2737 3545 2789 3598 in
2817 3545 3027 3615 ipsum;

274 3637 332 3692 8.
380 3635 630 3689 Ἐκπέσω
657 3636 753 3706 τῆς
785 3633 1055 3697 υἱοθεσίας
1085 3650 1177 3686 σου
1213 3633 1503 3705 ἡττησθεὶς
1551 3635 1627 3708 (2)
1673 3637 1783 3696 τοῖς

1957 3632 2010 3686 8.
2039 3630 2296 3686 Ειοίὼηη
2336 3643 2428 3687 tua
2458 3633 2746 3702 adoptione
2776 3644 3065 3703 superatus
3110 3649 3142 3688 a
3187 3633 3449 3690 daemoni-

197 3728 460 3798 δαίμοσιν
476 3744 491 3758 ο
1882 3722 1986 3780 bus

277 3823 336 3878 9.
379 3822 629 3876 Ἐκπέσω
659 3823 737 3884 εἰς
767 3819 866 3885 τὰς
902 3823 1091 3891 χεῖρας
1111 3820 1206 3874 τοῦ
1239 3820 1508 3886 διαϐόλου,
1543 3822 1575 3893 ἢ
1610 3819 1784 3874 τοιοῦ-

1956 3817 2009 3871 9.
2043 3815 2280 3869 lncidam
2304 3815 2358 3869 in
2393 3830 2592 3870 manus
2617 3815 2855 3880 diaboli,
2916 3815 2961 3870 si
3013 3816 3312 3887 quidquam
3354 3831 3451 3871 eo-

199 3931 297 3968 τον
325 3914 401 3985 (5)
439 3916 668 3985 ἐποίησα
698 3913 805 3966 τῶν
830 3913 1253 3986 προλεχοέντων.

1182 3931 1253 3967 ον.
1887 3924 2006 3963 rum
2037 3922 2156 3977 quae
2183 3908 2325 3961 dicta
2367 3916 2495 3961 sunt
2528 3907 2797 3961 commisi.

284 4008 371 4062 10.
404 4007 515 4059 Καὶ
533 4005 819 4058 ὑποπόδιον
846 4006 1010 4059 αὑτοῦ
1042 4006 1234 4074 ἔσομαι
1253 4005 1321 4059 τὰ
1342 4005 1434 4077 ἔτη
1460 4023 1560 4076 μου
1591 4006 1782 4059 πάντα·

1958 3999 2039 4052 10.
2072 3997 2136 4052 Ει
2171 3999 2466 4053 scabellum
2490 3999 2686 4068 pedum
2727 3999 2847 4068 ejus
2877 4013 2974 4053 ero
2994 3998 3251 4055 omnibus
3295 3999 3455 4056 armis

1888 4105 2060 4155 mets;

277 4183 368 4238 11.
404 4183 515 4236 Καὶ
545 4181 641 4252 τὴν
675 4181 901 4254 καρδίαν
930 4199 1029 4253 μου
1059 4183 1138 4245 είς
1169 4182 1266 4246 τὰς
1296 4181 1589 4254 ἐπιθυμίας
1620 4182 1785 4236 αὑτοῦ

1964 4181 2044 4236 ll.
2074 4182 2138 4235 Et
2166 4196 2262 4235 cor
2293 4196 2472 4236 meum
2495 4181 2550 4234 in
2581 4178 2972 4250 cupiditatibus
3003 4179 3119 4234 suis
3144 4179 3450 4236 concludet.

203 4275 532 4334 ἀποκλείσει
561 4276 662 4345 (4).

281 4368 372 4422 12.
402 4368 498 4431 Εἰς
534 4369 672 4437 ἐμὴν
707 4366 980 4438 βοήθειαν,
1012 4367 1234 4420 ἐκείνων
1259 4365 1316 4419 δὲ
1340 4365 1634 4423 ἀπώλειαν.

1963 4361 2126 4416 12.1n
2152 4377 2331 4415 meum
2356 4362 2647 4427 auxilium,
2677 4361 2729 4414 in
2751 4361 2968 4414 illorum
2995 4371 3179 4415 autem
3202 4361 3431 4416 exitium

288 4460 376 4514 15.
404 4457 699 4529 Δοξάσθητι
720 4461 799 4521 εἰς
819 4459 886 4512 τὰ
917 4459 1042 4530 τέλη
1072 4459 1179 4513 τῶν
1208 4459 1418 4531 ἐχθρῶν
1443 4475 1537 4513 σου

1956 4455 2040 4510 15.
2077 4454 2393 4509 Glorilicare
2417 4455 2469 4508 in
2491 4453 2807 4508 novissimis
2825 4453 3175 4507 inimicorum
3196 4461 3453 4508 tuorum:

286 4548 377 4605 H.
409 4549 547 4620 Περὶ
599 4541 660 4602 οὗ
711 4545 833 4602 εἷπε
883 4551 994 4612 τοῖς
1024 4550 1376 4615 ἀποστόλοις·
1431 4551 1592 4605 Μετὰ
1633 4551 1790 4620 τρεῖς

1958 4547 2044 4601 14.
2076 4547 2148 4602 De
2186 4564 2296 4619 quo
2328 4549 2466 4604 dixit
2514 4546 2775 4617 apostolis
2810 4564 2824 4599 :
2855 4543 2984 4600 Post
3009 4554 3110 4600 tres
3135 4545 3245 4600 dies
3282 4561 3455 4598 resur-

206 4639 442 4710 ᾐμέρας
466 4639 781 4709 ἐγείρομαι.
1821 4655 1866 4714 ι)
1892 4658 2012 4711 gam
2047 4641 2110 4695 ¹⁸.

281 4731 371 4785 15.
405 4732 470 4784 Ol
518 4731 803 4784 ἀπόστολοι
843 4731 979 4802 μετὰ
1014 4732 1113 4803 τὴν
1156 4731 1450 4786 ἀνάστασιν
1477 4733 1525 4786 oi
1554 4749 1787 4800 συναγα-

1966 4735 2052 4789 15.
2079 4735 2318 4806 Apostoli
2353 4745 2474 4804 post
2508 4733 2960 4789 resurrectionem
2993 4740 3166 4786 totum
3191 4731 3455 4787 mundum

203 4823 404 4892 γόντες
427 4822 520 4875 τὸν
551 4823 752 4894 κόσμον
781 4822 900 4878 ὅλον
937 4826 1018 4889 εἰς
1043 4825 1143 4896 τὴν
1174 4825 1380 4878 πίστιν.

972 4826 1018 4889 ίς
1043 4825 1143 4896 τὴν
1174 4825 1380 4878 πίστιν.
1895 4825 1946 4879 in
1984 4825 2141 4879 Iidem
2172 4832 2581 4896 congregantes.

286 4911 378 4968 16.
404 4913 539 4984 Περὶ
564 4913 665 4984 τῆς
695 4912 1012 4984 ἀναλήψεως
1041 4913 1135 4970 τοῦ
1163 4916 1370 4986 Κυρίου
1396 4916 1472 4987 (5)
1504 4915 1650 4984 λέγει

1504 4915 1650 4984 λέγει
1965 4916 2051 4970 16.
2093 4915 2167 4970 Dc
2189 4916 2566 4985 assumptione
2589 4913 2800 4969 Domini
2843 4912 3104 4985 loquitur.

290 5005 381 5060 17.
420 5004 726 5070 Παιδεύσει,
762 5006 931 5076 λέγει.

1965 5009 2051 5062 17.
2087 5007 2385 5078 Corripiet,
2423 5007 2621 5077 inquit.

290 5096 380 5152 18.
409 5097 641 5170 Ποίησόν
669 5115 780 5168 μοι,
805 5098 998 5171 Κύριε,
1029 5098 1169 5154 κατὰ
1191 5099 1290 5170 τήν
1310 5098 1656 5170 δικαιοσύνην
1673 5115 1786 5155 σου.

1967 5100 2051 5153 18.
2089 5097 2194 5156 Fac
2217 5099 2374 5168 mihi,
2402 5098 2653 5165 Domine,
2679 5093 3261 5168 secundumjustitiam
3285 5100 3456 5149 tuam.

290 5278 338 5309 “
374 5276 566 5333 Matth.
603 5292 775 5342 nvn,
811 5277 898 5333 65.

1168 5461 1470 5526 Addenda
1500 5468 1560 5523 et
1608 5460 1980 5540 corrigenda
2015 5476 2091 5521 ex
2141 5457 2280 5520 cod.
2313 5457 2513 5520 Vatic.

315 5716 377 5788 ἓ)
410 5714 722 5788 ᾎΗττηθ-είς.
922 5714 932 5722 ’
2070 5717 2176 5771 Τοῦ
2200 5717 2453 5788 Χριστοῦ.

501 5644 696 5722 ὲαυᾼτδν
724 5647 1008 5722 ὲξεδίκησά
1039 5659 1188 5703 ποτε.
2070 5646 2256 5722 έῦτῷν
2281 5643 2676 5722 ἀναποκλείσει.

323 5646 378 5713 1)
407 5646 469 5698 El
501 5646 696 5698 ἑαυτὸν
724 5647 771 5713 ἐξ

290 5646 377 5853 ἕῖ)
417 5714 722 5799 Ἦττηθείς.

315 5786 375 5854 5)
409 5785 476 5838 Εἴ
502 5803 551 5838 τι
583 5803 676 5839 ουν
701 5802 771 5840 τι.
