4090 6312
192 378 299 434 675

361 492 464 554 Είς
488 489 554 543 τὸ
577 489 747 554 τέλος
778 487 928 554 ὑπὲρ
951 486 1069 539 τῶν
1092 487 1315 554 intuor,
1350 486 1588 556 ψαλμὺς

669 578 748 643 τῷ
770 577 964 632 Δαϐίδ.
999 581 1170 632 ΨΑΛ.
1201 577 1284 631 Η’.

267 673 322 729 1.
353 673 525 745 Κύριε
548 675 576 726 ὁ
605 671 805 741 Κύριος
830 669 1008 740 ήμῶν,
1035 671 1109 733 ὡς
1158 669 1468 740 θαυμαστὸν
1505 669 1564 722 τὸ
1590 669 1759 739 δνομά

197 783 294 820 σου
322 768 378 818 ἐν
403 767 553 837 πάσῃ
574 767 638 834 τῇ
673 765 776 834 γῇί

265 860 320 913 2.
353 860 474 911 Ὅτι
494 855 702 927 ἐπήρθη
727 858 758 926 ἡ
793 853 1232 925 μεγαλοπρέπειά
1259 870 1351 905 σου
1380 853 1632 924 ὑπεράνω
1649 853 1757 906 τῶν

190 949 459 1022 οὐρανῶν.

265 1040 319 1093 5.
367 1040 459 1091 Ἐκ
483 1038 748 1108 στόματος
770 1036 977 1106 νηπίων
1021 1036 1116 1088 καὶ
1167 1034 1502 1107 θηλαζόντων
1555 1050 1752 1107 κατηρ-

185 1130 326 1183 τίσω
357 1126 523 1195 αἶνον,

260 1222 314 1275 4.
355 1223 558 1275 Ἕνεκα
587 1220 695 1273 τῶν
732 1218 938 1289 ἐχθρῶν
969 1235 1084 1283 σου,

263 1314 316 1368 5.
350 1312 456 1365 Τοῦ
485 1310 783 1366 καταλῦσαι
812 1311 1000 1381 ἐχθρδν
1041 1310 1132 1362 καὶ
1159 1308 1468 1380 ἐκδικητήν.

262 1401 316 1454 6.
353 1401 470 1454 Ὀτι
502 1401 702 1470 ὄψομαι
731 1400 854 1462 τοὺς
885 1400 1145 1470 οὐρανοὺς
1169 1399 1304 1469 ἔργα
1332 1399 1439 1454 τῶν
1481 1399 1753 1454 δακτύλων

187 1507 321 1556 σου,

259 1583 311 1635 7.
349 1583 585 1653 Σελήνην
614 1581 706 1636 καὶ
729 1581 980 1651 ἀστέρας,
1012 1581 1047 1635 ἃ
1087 1583 1150 1635 σὺ
1183 1581 1562 1652 ἐθεμελίωσας.

258 1672 312 1727 8.
349 1670 413 1724 Τί
445 1674 590 1725 ἐστιν
613 1672 917 1743 ἄνθρωπος,
947 1675 1026 1725 ὅτι
1062 1673 1339 1743 μιμνήσκῃ
1364 1671 1524 1725 αὑτοῦ
1550 1688 1564 1736 ;

259 1764 314 1820 9.
350 1764 420 1815 Ἢ
453 1763 564 1825 υίὸς
585 1762 889 1835 ἀνθρώπου,
912 1765 993 1816 ὅτι
1017 1763 1320 1836 ἐπισκέπτῃ
1343 1763 1502 1815 αὐτόν
1525 1779 1538 1827 ;

263 1853 350 1909 10.
394 1854 732 1918 Ἰίλάττωσας
773 1855 932 1909 αὑτὸν
957 1855 1126 1926 βραχύ
1147 1871 1200 1908 τι
1231 1855 1357 1927 παρ’
1391 1855 1651 1924 ἀγγέλους
1671 1870 1684 1883 ⁸

258 1947 348 2000 11.
377 1946 511 2019 Δόξῃ
538 1950 630 2002 καὶ
657 1952 786 2020 τιμῇ
818 1949 1194 2018 ἐστεφάνωσας
1219 1948 1399 2012 αὑτὸν,

260 2037 348 2092 12.
381 2040 487 2091 Καὶ
508 2039 840 2111 κατέστησας
865 2039 1025 2094 αὑτὸν
1053 2040 1143 2093 ἐπὶ
1165 2039 1232 2092 τά
1260 2039 1392 2109 ἔργα
1417 2038 1522 2090 τῶν
1551 2036 1748 2108 χειρῶν

184 2149 306 2185 σου.

257 2225 346 2280 13.
385 2224 568 2278 Πάντα
598 2224 864 2292 ὑπέταξας
895 2225 1150 2279 ὑποκάτω
1173 2224 1281 2277 τῶν
1305 2221 1480 2275 ποδῶν
1506 2220 1693 2285 αὐτοῦ,

1144 374 1228 428 DE
1267 374 1541 430 TITULIS
1580 372 2029 428 PSALMORUM.
2075 403 2144 414 -—
2183 374 2374 428 PSAL.
2422 373 2553 428 Vill.

1785 495 1834 549 Α

3311 372 3417 430 674

2000 487 2065 542 In
2088 488 2243 558 ﬁnem
2279 503 2373 556 pro
2413 484 2784 546 torcularibus,
2810 482 3041 550 psalmus
3081 481 3273 540 Dauid.

2424 577 2624 632 PSAL.
2671 574 2833 629 VIII.

1932 670 1983 723 1.
2014 669 2239 725 Domine
2273 671 2536 724 Dominus
2554 677 2757 733 noster,
2780 683 2945 739 quam
2982 668 3299 724 admirabile
3334 677 3419 724 est

1861 779 2058 818 nomen
2100 775 2249 819 tuum
2288 764 2340 818 in
2378 765 2628 818 universa
2653 763 2830 817 terra!

1928 857 1981 911 2.
2009 856 2273 924 Quoniam
2306 857 2514 911 elevata
2547 865 2630 913 est
2680 855 3080 926 magniﬁcentia
3129 862 3221 907 tua
3253 869 3415 923 super

1860 929 2050 1004 caelos.

1929 1042 1980 1094 5.
2015 1039 2090 1095 Ex
2114 1055 2207 1096 ore
2228 1038 2517 1097 infantium
2557 1051 2613 1096 et
2657 1039 2968 1095 lactentium
2994 1037 3264 1108 perfecisti
3298 1038 3416 1092 lau-

1861 1130 2001 1197 dem,

1926 1220 1980 1274 4.
2017 1221 2240 1290 Propter
2267 1221 2521 1277 inimicos
2547 1229 2693 1288 tuos,

1928 1315 1980 1367 5.
2013 1313 2081 1368 Ut
2109 1316 2359 1370 destruas
2392 1316 2674 1370 inimicum
2702 1325 2756 1370 et
2790 1315 3042 1370 ultorem.

1928 1405 1979 1459 6.
2018 1405 2286 1473 Quoniam
2317 1406 2511 1462 videbo
2562 1407 2730 1462 caelos
2769 1416 2890 1462 tuos
2924 1421 3086 1476 opera
3122 1404 3413 1474 digitorum

1859 1503 2099 1561 tuorum,

1929 1587 1979 1643 7.
2017 1586 2225 1642 Lunam
2264 1596 2317 1642 et
2354 1587 2707 1657 stellas,'qu:e
2745 1596 2802 1640 tu
2841 1587 3096 1641 fundasri.

1926 1677 1978 1732 8.
2013 1679 2152 1744 Quid
2183 1689 2266 1733 εει
2293 1679 2477 1744 homo,
2510 1680 2653 1749 quod
2693 1696 2894 1734 memor
2921 1695 2979 1733 es
3005 1678 3157 1748 ejus?

1926 1767 1978 1822 9.
2013 1767 2120 1822 Aut
2156 1767 2300 1823 ﬁlius
2331 1769 2588 1834 hominis,
2617 1771 2870 1838 quoniam
2893 1771 3082 1824 visitas
3105 1769 3265 1823 eum?

1782 1892 1824 1947 Β
1923 1861 2008 1914 10.
2040 1860 2279 1916 Minuisti
2302 1877 2424 1916 eum
2458 1863 2620 1930 paulo
2656 1863 2831 1917 minus
2855 1862 2922 1916 ab
2956 1861 3200 1930 angi-lis:

1924 1953 2011 2005 11.
2048 1954 2230 2007 Gloria
2264 1963 2316 2007 et
2342 1956 2546 2008 honore
2572 1954 2847 2008 coronasti
2870 1971 2993 2008 eum
3016 1997 3030 2019 ,

1928 2042 2010 2095 12.
2043 2041 2108 2096 Ει
2134 2044 2461 2098 constituisti
2485 2058 2607 2098 eum
2634 2059 2795 2112 super
2823 2057 2986 2113 Opera
3015 2056 3272 2096 rnanuum
3297 2048 3414 2094 tua-

1856 2150 1998 2188 rum.

1927 2222 2013 2277 15.
2050 2222 2240 2278 Omnia
2270 2224 2548 2294 subjecisti
2572 2225 2674 2279 sub
2696 2225 2923 2296 pedibus
2946 2225 3066 2295 ejus
3086 2263 3102 2291 ,

1325 2360 1694 2417 ATIIANASII
1734 2360 2308 2418 INTERPRETATIO.

265 2478 332 2530 'H
369 2477 698 2549 προκειμένη
731 2477 1004 2550 ἐπιγραφὴ
1041 2480 1072 2549 ἡ
1103 2477 1191 2531 διά
1211 2477 1311 2548 τῆς
1334 2477 1700 2551 κινναὸἁρεως
1723 2479 2002 2552 περιέχει·
2027 2481 2128 2546 Εἰς
2159 2479 2223 2533 τὸ
2258 2479 2452 2546 τέλος,
2484 2478 2635 2548 ὑπὲρ
2657 2477 2773 2532 τῶν
2799 2478 3032 2546 ληνῶν,
3071 2479 3311 2548 ψαλμὸς
3337 2479 3418 2545 τῷ

180 2568 386 2623 Δαϐίδ.
412 2568 581 2622 Τοῦτο
611 2566 702 2648 οὖν
735 2574 901 2634 ἐστιν,
930 2571 957 2623 ὃ
978 2571 1122 2639 λέγει
1147 2585 1161 2600 ·
1204 2570 1322 2624 Ἐπ’
1353 2571 1594 2640 ἐσχάτων
1631 2572 1650 2635 ί
1656 2570 1834 2640 1)τῶν
1865 2571 2072 2642 χρόνων
2120 2572 2260 2641 ὑπὲρ
2305 2572 2411 2624 τῶν
2443 2573 2671 2641 ἐχόντων
2706 2575 2761 2626 ἐν
2797 2573 3007 2634 ἐαυτοῖς
3030 2572 3118 2624 τὸν
3142 2568 3283 2625 οἶνον
3329 2571 3418 2625 τὸν

180 2664 543 2734 εὐφραίνοντα
565 2666 786 2737 καρδίας
820 2665 917 2735 (2).
948 2666 1190 2721 τουτέστι
1212 2667 1304 2720 τὸν
1332 2664 1554 2737 Κύριον*
1585 2665 1671 2718 διὰ
1693 2666 1849 2720 τοῦτο
1873 2667 1980 2738 γὰρ
2009 2668 2236 2735 ληνοὺς
2258 2668 2451 2731 αὐτοὺς
2480 2664 2618 2721 εἷπε.
2651 2667 2854 2721 manu
2887 2665 2979 2722 οὖν
3008 2667 3170 2720 Δαδὶδ
3198 2669 3277 2731 είς
3297 2668 3420 2720 ἐαυ-

177 2762 311 2822 τοὺς
334 2760 424 2812 τὸν
460 2760 674 2832 ψαλμὸν
703 2762 778 2832 τῷ
803 2763 1006 2833 Κυρίῳ.

256 2855 493 2920 Titulus,
513 2858 604 2926 qui
634 2859 842 2926 psalmo
873 2857 1223 2925 praeponitur.
1246 2855 1528 2910 einnabari
1561 2857 1814 2927 scriptus,
1849 2858 2092 2914 continet
2119 2856 2220 2912 :In
2251 2859 2406 2927 ﬁnem
2435 2874 2529 2928 pro
2557 2857 2932 2920 torcularibus,
2957 2856 3189 2925 psalmus
3222 2856 3413 2912 David.

181 2945 304 3001 Hoc
333 2951 497 3017 Igitur
517 2959 618 3012 est,
651 2951 792 3017 quod
843 2950 972 3004 dicit
1006 2970 1018 3004 :
1073 2950 1128 3003 In
1163 2953 1471 3006 novissimis
1505 2955 1839 3022 temporibus
1886 2971 1983 3024 pro
2025 2956 2114 3017 iis,
2151 2957 2243 3024 qui
2298 2957 2496 3009 habent
2547 2955 2599 3007 in
2655 2969 2713 3008 se
2742 2954 2875 3022 ipsis
2922 2969 3105 3006 vntum
3142 2953 3419 3008 lmtitlcans

178 3048 371 3106 corda.
403 3047 505 3099 hoc
536 3052 618 3098 est
653 3046 934 3099 hominum
965 3063 978 3108 ;
1014 3046 1214 3100 idcirco
1240 3047 1382 3100 enim
1414 3062 1506 3102 eos
1535 3048 1672 3102 dixit
1701 3049 2007 3102 toreularia.
2034 3049 2381 3115 Davidigitur
2403 3049 2454 3102 in
2479 3065 2663 3101 eorum
2699 3062 2927 3116 persona
2961 3047 3137 3116 psallit
3168 3046 3415 3104 Domino.

250 3141 307 3193 1.
341 3139 508 3207 Κύριε
537 3141 564 3190 ὁ
588 3138 716 3202 Θεὸς
738 3140 811 3205 (5)
842 3139 1015 3210 ἡμῶν,
1044 3142 1118 3205 ὡς
1143 3141 1348 3206 ἔνδοξον
1372 3144 1429 3194 τὸ
1458 3143 1629 3212 ὄνομά
1657 3159 1749 3195 σου

1934 3145 1983 3196 1.
2015 3143 2239 3197 Domine
2271 3142 2411 3197 Deus
2442 3152 2641 3204 noster,
2677 3157 2837 3211 quam
2876 3142 3170 3212 gloriosam
3201 3155 3283 3198 est
3315 3158 3419 3198 no-

178 3227 339 3289 παοά
374 3230 537 3280 πᾶσιν
582 3230 842 3301 ὑπάρχειί
877 3231 958 3283 ὅτι
990 3230 1122 3295 Θεὸς
1177 3231 1251 3284 ὢν
1283 3232 1553 3295 πέπονθας
1611 3233 1749 3305 ὑπὲρ

1859 3248 1981 3288 men
2015 3245 2165 3288 tuum
2194 3234 2335 3303 apud
2360 3248 2548 3287 omnes
2576 3235 2588 3286 ί
2616 3235 2873 3302 quon-iam
2909 3249 3033 3286 cum
3068 3231 3214 3288 Deus
3242 3249 3417 3300 esses,

176 3320 211 3389 ἡ
220 3317 363 3386 μῶν.

1859 3341 2054 3395 passus
2082 3341 2141 3381 es
2169 3341 2267 3395 pro
2298 3327 2472 3381 nobis.

246 3407 305 3462 9.
359 3408 421 3461 Ἡ
442 3408 599 3478 χάρις
629 3425 720 3461 σου
750 3411 805 3462 ἐν
832 3413 943 3472 τοῖς
971 3410 1327 3474 ἀποστόλοις-,⁸

1929 3419 1981 3473 2.
2017 3419 2201 3474 Gratia
2228 3430 2317 3474 tua
2351 3420 2402 3472 in
2439 3418 2717 3486 apostolis.

247 3501 310 3555 5.
345 3500 428 3552 Τὰ
457 3500 641 3552 παιδία
670 3499 814 3566 λέγει
831 3500 897 3553 τὰ
924 3502 980 3553 ἐν
1012 3501 1088 3570 τῷ
1107 3501 1234 3572 ἱερῷ
1255 3501 1542 3573 κράζοντα,
1567 3504 1659 3558 καὶ
1685 3515 1749 3558 τα

1929 3511 1981 3566 5.
2017 3510 2219 3564 Pueros
2255 3511 2520 3580 signiﬁcat
2567 3511 2621 3564 in
2672 3511 2870 3580 templo
2913 3509 3212 3565 clamantes
3257 3518 3314 3566 et
3358 3511 3416 3566 in

178 3595 237 3644 ἐν
265 3591 518 3661 Βηθλεέμ
539 3590 886 3660 ἀναιρεθέντα
918 3592 984 3645 δι’
1019 3593 1201 3647 αὐτόν.

249 3683 307 3747 4,
346 3682 398 3736 5.
432 3682 564 3753 Περὶ
590 3683 696 3735 τῶν
734 3684 996 3737 Ἰουδαίων
1019 3685 1228 3740 καὶτοῦ
1261 3686 1504 3740 διαϐόλου
1533 3687 1701 3755 λέγει.

245 3773 303 3827 6.
343 3774 520 3844 Ἔργα
543 3774 689 3842 λέγει
717 3777 842 3839 τοὺς
889 3777 1146 3845 οὐρανοὺς
1180 3777 1273 3830 τοῦ
1316 3779 1629 3849 Πνεὺματος
1659 3778 1752 3833 τοῦ

180 3869 368 3936 ἁγίου.

245 3959 305 4011 7.
341 3957 573 4027 Xalt)qu
626 3955 770 4024 λέγει
814 3957 904 4010 τὸν
946 3959 1166 4030 κόσμον,
1223 3960 1458 4034 ἀστέρας
1513 3962 1570 4016 δέ
1629 3966 1754 4029 τοὺς

173 4051 395 4118 ἁγίους.

247 4143 306 4196 8.
349 4141 463 4194 Οὑκ
489 4140 595 4194 ἀπὸ
623 4141 723 4212 γῆς
753 4143 895 4195 ἐστιν
917 4142 1144 4207 ἕκαστος
1174 4144 1282 4198 τῶν
1308 4146 1449 4198 κατά
1480 4145 1638 4214 φύσιν
1661 4148 1754 4200 ἀν-

175 4233 425 4305 θρώπων
449 4249 464 4297 ;

247 4326 306 4378 9.
337 4323 434 4386 Τίς
464 4326 538 4393 (4)
562 4323 730 4387 οὕτως
757 4342 915 4378 αυτον
941 4325 1262 4396 ἡγάπησαςς

251 4414 347 4469 1ο.
386 4414 522 4481 Περὶ
543 4413 636 4467 τοῦ
663 4417 865 4486 Κυρίου
898 4416 1163 4485 λέγεικαὶ
1191 4417 1284 4471 τοῦ
1322 4418 1524 4482 πάθους
1561 4420 1747 4472 αὐτοῦ’

173 4507 484 4576 ἐπειδήπερ
522 4508 568 4558 οἱ
602 4507 697 4576 μὲν
716 4507 932 4574 ἄγγελοι
960 4509 1215 4563 ἀθάνατοί
1248 4512 1373 4573 είσι,
1423 4510 1512 4562 τὸν
1541 4511 1596 4563 δὲ
1622 4514 1751 4581 ὁμο⁶

169 4599 365 4653 ούσιον
384 4597 545 4651 αὑτοῦ
575 4599 697 4651 Υίὸν
726 4597 1036 4672 παρέδωκεν
1055 4603 1084 4654 ὁ
1110 4601 1297 4672 Πατὴρ
1327 4601 1464 4672 ὑπὲρ
1499 4601 1653 4670 ἡμῶν
1674 4605 1753 4665 είς

173 4690 418 4746 θάνατον
441 4707 455 4721 ·

245 4785 341 4837 11.
373 4782 544 4836 Τοῦτο
571 4783 677 4853 γὰρ
699 4783 845 4855 αὑτῷ
867 4785 1076 4857 ὑπῆρχε
1105 4783 1249 4848 δόξα.

244 4875 341 4929 12.
383 4874 615 4937 Πάντας,
639 4874 730 4938 οὓς
752 4875 968 4939 ἔκτισας
997 4874 1334 4946 ἀνθρώπους,
1360 4875 1620 4944 ἐποίησας
1649 4892 1751 4942 φυο

168 4969 338 5023 λάττε
349 4967 471 5020 σθαι
496 4966 586 5019 ὑπ’
613 4967 796 5021 αὑτοῦ.

244 5059 340 5112 15.
370 5055 526 5126 Αὐτῷ
559 5057 685 5127 γὰρ,
718 5058 793 5121 ὡς
824 5057 1042 5121 δυνατὸς
1072 5056 1126 5131 ᾗ,
1151 5052 1194 5125 ᾧ
1228 5059 1335 5112 πᾶν
1366 5056 1492 5125 γόνυ
1540 5055 1748 5125 κάμψει

173 5149 541 5220 ἐπουρανίων,
573 5148 826 5214 ἐπιγείων
992 5150 1376 5220 καταχθονίων,
1395 5146 1746 5217 ἐξομολογού-

173 5257 357 5309 μενοι,
386 5241 470 5292 ὅτι
503 5237 707 5310 Ἰησοῦς
743 5238 818 5301 ὡς
848 5239 1058 5309 ἀληθῶς
1093 5241 1218 5304 Υἱός
1258 5257 1350 5293 σου
1400 5241 1540 5292 κατά
1585 5239 1748 5308 φύσιν

172 5330 272 5401 τῆς
300 5330 408 5400 σῆς
436 5331 624 5392 οὐσίας
654 5331 821 5386 ἐστίν.

1858 3602 2125 3657 Bethleem
2156 3612 2380 3670 protper
2409 3617 2530 3654 eum
2558 3603 2789 3656 occisos.

1921 3693 1976 3755 4.
2005 3694 2054 3748 5.
2100 3693 2171 3746 De
2194 3693 2397 3748 Judazis
2431 3704 2483 3747 et
2510 3695 2576 3748 de
2607 3693 2823 3747 diabolo
2845 3693 3107 3764 loquitur.

1923 3785 1978 3845 6.
2012 3784 2192 3841 Ccelos
2221 3793 2378 3840 vocat
2407 3801 2570 3856 opera
2598 3785 2834 3857 Spiritus
2865 3788 3062 3845 sancti.

1923 3966 1976 4019 7.
2011 3966 2218 4020 Lunam
2256 3977 2414 4021 vocat
2449 3966 2732 4030 mundum,
2759 3965 2942 4022 stellas
2967 3974 3146 4022 autem
3171 3974 3414 4024 sanctos.

1922 4139 1975 4191 8.
2004 4140 2196 4192 Nonne
2223 4155 2253 4192 e
2285 4148 2425 4193 terra
2457 4139 2829 4210 unusquisque
2857 4148 2938 4194 est
2966 4139 3263 4195 secundum
3305 4139 3413 4195 hu-

1852 4243 2066 4282 manam
2103 4231 2386 4284 naturam?

1921 4317 1975 4371 9.
2011 4316 2120 4372 Cur
2151 4318 2223 4373 ita
2250 4335 2374 4374 eum
2405 4319 2684 4374 dilexisti?

1925 4408 2009 4463 10.
2037 4409 2111 4464 De
2134 4410 2362 4465 Domino
2391 4413 2646 4479 laquitur,
2670 4421 2721 4463 et
2742 4410 2808 4462 de
2830 4411 3078 4480 passione
3101 4411 3252 4481 ejus;
3277 4428 3414 4477 quo-

1851 4501 1994 4556 niam
2020 4503 2193 4574 angeli
2218 4502 2432 4572 quidem
2459 4501 2793 4556 immortales
2825 4511 2971 4565 sunt,
3006 4500 3200 4555 Filium
3233 4514 3412 4558 autem

1852 4612 2008 4651 suum
2062 4595 2581 4650 consubstantialem
2628 4595 2787 4649 morti
2838 4595 3059 4649 tradidit
3111 4594 3270 4650 Pater
3313 4611 3413 4666 pro

1851 4688 2010 4741 nobis
2030 4702 2045 4751 ;

1778 4782 1825 4840 ο
1923 4779 2010 4834 11.
2034 4778 2149 4832 Hoc
2179 4778 2322 4830 enim
2349 4779 2397 4831 ei
2422 4777 2605 4849 gloriae
2631 4776 2735 4832 fuit

1925 4871 2010 4924 12.
2039 4873 2257 4933 Omnes,
2292 4885 2430 4939 quos
2476 4871 2668 4924 creasti
2713 4869 2977 4934 homines,
3012 4867 3187 4923 fecisti
3230 4869 3300 4924 ab
3348 4885 3416 4925 eo

1855 4962 2136 5017 custodiri.

1928 5054 2014 5107 15.
2045 5052 2148 5121 Ipsi
2183 5051 2347 5112 enim,
2376 5067 2500 5106 cum
2532 5059 2722 5121 potens
2758 5052 2849 5116 sit,
2878 5066 3038 5106 omne
3074 5067 3212 5121 genu
3238 5050 3418 5107 ﬂectet

1855 5145 2178 5208 crete-stium,
2199 5144 2535 5198 terrestrium
2562 5153 2616 5198 et
2647 5141 3006 5208 infernorum,
3038 5144 3412 5198 conﬁtentium

1853 5237 1999 5306 quod
2023 5236 2182 5291 Jesus
2210 5253 2336 5291 vere
2369 5235 2538 5291 Filius
2572 5245 2698 5292 tuus
2728 5246 2810 5292 est
2839 5239 3136 5290 secundum
3167 5245 3414 5290 naturam

1855 5339 1959 5383 tua;
1980 5330 2240 5386 essentia.

1131 5467 1428 5531 Addenda
1461 5471 1522 5528 et
1560 5461 1931 5541 corrigenda
1984 5481 2057 5523 ex
2093 5465 2232 5527 cod.
2267 5464 2466 5524 Vatic.

267 5594 325 5662 1)
370 5594 472 5645 ‘Ar:
516 5594 765 5661 ὲσχατου.

263 5664 327 5728 2)
354 5662 619 5733 Καρδίαν.

267 5595 325 5662 1)
370 5595 472 5645 ‘Ar:
516 5595 679 5661 ὲσχατ

263 5664 327 5728 2;
354 5662 619 5733 Καρδίαν.

239 5595 323 5806 ΞΞ)
365 5732 424 5785 Ὀ
458 5730 679 5802 Κύριος.

1925 5591 2004 5732 (‘3
2156 5661 2378 5732 δύναμις
2405 5676 2462 5732 ῃ,
2479 5675 2587 5715 παν
2613 5697 2626 5714 .
2647 5697 2662 5713 .
2692 5699 2706 5712 .
2735 5699 2749 5713 .
2772 5677 2863 5714 και
2896 5676 3150 5727 επιγειων
3173 5662 3288 5730 καί,
3303 5669 3413 5720 etc.
