4090 6312
159 361 265 415 677

233 476 318 530 12.
364 475 633 527 Ἀπὼλετο
658 474 717 526 τὸ
749 472 1090 543 μνημόσυνον
1122 473 1298 526 αὐτῶν
1336 474 1450 542 μετ’
1490 474 1650 543 φίλου·

227 567 316 622 15.
348 568 456 620 Καὶ
477 568 505 618 ὁ
530 566 729 636 Κύριος
755 566 834 627 εἰς
856 564 945 617 τὸν
979 563 1147 616 αἰῶνα
1181 565 1348 634 μένει.

227 660 315 712 14.
355 657 683 726 ,Ἡτοέμασεν
712 659 768 709 ὲν
794 658 971 727 κρίσει
1005 658 1097 708 τὸν
1132 655 1317 727 θρόνον
1347 656 1512 710 αὑτοῦ
1531 673 1544 686 ο

231 749 319 804 15.
343 749 451 801 Καὶ
476 748 634 810 αὐτὸς
654 765 684 799 κ
694 750 826 818 ρινεί
842 747 938 818 τὴν
953 749 1277 817 οἰκουμένην
1299 750 1355 800 ἐν
1372 747 1682 819 δικαιοσύνῃ

231 841 316 895 16.
357 843 544 910 Κρινεῖ
572 839 731 899 λαοὺς
755 841 812 891 ὲν
847 839 1120 907 εύθύτητι,

235 934 322 986 17.
363 933 472 984 Καὶ
499 932 713 994 ἐγένετο
745 931 946 1001 Κύριος
978 932 1266 1000 καταφυγὴ
1295 932 1372 1000 τῷ
1403 932 1615 1002 πένητι,

229 1024 315 1078 18.
348 1023 549 1095 Βοηθὸς
572 1026 628 1076 ἐν
653 1023 974 1094 εὐκαιρίαις,
1022 1024 1077 1074 ὲν
1105 1022 1334 1091 θλίψεσι.

232 1116 318 1170 19.
360 1115 469 1168 Καὶ
522 1113 892 1167 ἑλπισὰτωσαν
935 1115 1025 1165 ἐπὶ
1079 1115 1159 1165 σοὶ
1188 1115 1236 1166 οἱ
1270 1112 1625 1181 γινώσκοντες
1665 1115 1724 1167 τὺ

151 1208 330 1277 ὗνομά
356 1224 448 1258 σου
465 1223 478 1236 ·

221 1297 1418 1368 20.Ὂτιίοὺκὲγκατέλιπεςτοὺςὲκζητοῦντᾶς
1434 1315 1514 1362 σε,
1531 1302 1720 1371 Κύριε.

224 1394 316 1447 21.
353 1393 570 1446 Ψὰλατε
598 1391 674 1462 τῷ
705 1391 892 1463 Κυρίῳ
929 1391 1004 1460 τῷ
1033 1391 1373 1443 κατοικοῦντι
1401 1393 1458 1443 ἐν
1492 1392 1647 1444 Σιὼνο

227 1485 320 1539 22.
366 1485 742 1553 Ἀναγγείλατε
772 1486 828 1536 ἐν
862 1485 973 1545 τοῖς
1011 1482 1186 1536 ἔθνεσι
1225 1484 1291 1536 τὰ
1324 1485 1725 1557 ἐπιτηδεύματα

152 1577 347 1630 αὐτοῦ·

227 1669 320 1722 25.
356 1669 476 1720 ’Ότι
501 1672 528 1722 ὁ
553 1669 794 1742 ἐκζητῶν
818 1669 885 1725 τὰ
917 1671 1123 1742 αἵματα
1156 1673 1333 1726 αὐτῶν
1369 1673 1648 1744 ὲμνήτθη·

222 1844 316 1898 24.
351 1846 465 1898 Οὐκ
494 1845 782 1901 ἐπελάθετο
809 1847 908 1918 τῆς
933 1850 1178 1920 κραυγῆς
1215 1851 1323 1903 τῶν
1354 1852 1624 1922 πενήτων.

223 1939 320 1992 25.
368 1939 614 2010 Ἐλέησόν
648 1958 735 2009 με,
771 1940 969 2004 Κύριε·
1014 1943 1088 1995 ἴδε
1125 1943 1221 2012 τὴν
1259 1944 1580 1997 ταπείνωσίν
1622 1961 1721 2014 μου

150 2031 216 2084 ὲκ
250 2031 361 2083 τῶν
388 2031 593 2100 ἐχθρῶν
621 2049 720 2101 μου

220 2123 316 2176 26.
362 2123 420 2174 '0
445 2121 592 2190 ὑψῶν
627 2140 691 2192 με
723 2125 784 2174 ὲκ
818 2122 922 2175 τῶν
953 2124 1134 2177 πυλῶν
1165 2125 1256 2176 τοῦ
1285 2125 1543 2191 θανάτου,

216 2215 315 2267 27.
355 2215 539 2277 Ὅπως
569 2214 632 2267 ἂν
659 2214 954 2284 ὲξαγγείλω
982 2219 1159 2281 πάσας
1184 2218 1281 2283 τὰς
1307 2220 1540 2283 αἱνέσεις
1569 2237 1663 2272 σου

223 2307 320 2360 28.
371 2308 458 2359 Ἑν
483 2309 600 2369 ταῖς
628 2308 820 2372 πύλαις
844 2310 940 2379 τῆς
971 2310 1238 2381 θυγατρὸς
1271 2312 1430 2364 Σιών.

223 2400 321 2452 29.
377 2399 836 2470 Ἀγαλλιασόμεθα
859 2404 949 2454 ἐπὶ
974 2401 1049 2472 τῷ
1078 2405 1327 2474 σωτηρίῳ
1363 2421 1476 2457 σου.

221 2491 315 2544 50.
368 2492 737 2564 Ἐνεπάγησαν
767 2494 893 2564 ἔθνη
925 2496 982 2547 ὲν
1010 2496 1295 2567 διαφθορᾷ,
1374 2497 1653 2566 ἐποίησαν.

224 2584 322 2638 51.
364 2584 453 2637 Ἐν
508 2586 690 2654 παγίδι
729 2587 920 2660 ταύτῃ,
1042 2587 1311 2660 ἔκρυψαν,
1371 2590 1676 2661 συνελήφθη
1703 2603 1732 2644 ο

153 2694 300 2739 πους
332 2694 534 2733 αυτων.

1081 359 1168 412 DE
1208 358 1486 414 TITULIS
1529 356 1976 414 PSALMORUM.
2019 388 2087 396 —
2127 355 2318 410 PSAL.
2362 355 2454 410 IX.

1751 481 1802 534 Α
1901 468 1984 521 12.
2017 467 2182 521 Periit
2214 466 2475 523 memoria
2497 482 2686 521 eorum
2719 484 2844 523 cum
2886 469 3106 537 sonitu;

3283 352 3392 417 618

1897 562 1982 614 15.
2014 557 2076 612 Et
2111 560 2371 614 Dominus
2399 559 2453 612 in
2489 567 2752 614 aeternum
2789 570 3087 629 permanet.

1898 654 1980 706 14.
2017 652 2236 706 Paravit
2260 653 2311 707 in
2339 653 2547 722 judicio
2570 653 2824 708 thronum
2858 670 3056 710 suum:

1895 745 1980 800 15.
2017 744 2081 799 Ει
2108 745 2506 814 ipsejudicabit
2535 746 2721 801 orbem
2759 759 2916 801 terrze
2951 748 3005 800 in
3034 748 3284 818 aequitate
3315 767 3328 814 ;

1897 837 1977 890 .6.
2012 836 2284 893 Judicabit
2317 839 2546 907 populos
2582 839 2634 892 in
2661 839 2894 908 jusutia,

1891 930 1976 983 17.
2006 929 2071 984 Et
2105 929 2278 984 factus
2306 940 2388 984 est
2425 929 2686 984 Dominus
2713 931 2979 1001 refugium
3015 929 3263 1001 pauperi,

1896 1020 1981 1074 18.
1998 1021 2293 1091 Adjntorin
2317 1024 2898 1093 opportunitatibus,‘.in
2924 1025 3387 1078 tribulationibus.

1895 1113 1981 1169 19.
2022 1112 2086 1166 Et
2117 1124 2333 1183 sperent
2368 1116 2421 1168 in
2447 1123 2516 1179 te,
2540 1117 2630 1185 qui
2671 1125 2938 1171 noverunt
2961 1131 3158 1171 nomen
3189 1125 3339 1169 tuum
3367 1132 3387 1183 ;

1891 1291 2256 1358 20.Quoniam
2273 1309 2378 1347 non
2395 1293 2728 1363 dereliquisti
2743 1303 3042 1364 querentes
3057 1303 3128 1357 te.
3144 1293 3370 1350 Domine

1893 1384 1983 1440 21.
2023 1384 2243 1440 Psallite
2276 1384 2506 1440 Domino
2530 1388 2622 1456 qui
2663 1388 2868 1442 habitat
2899 1389 2950 1442 in
2986 1387 3150 1453 Sion;

1891 1477 1982 1533 22.
2025 1478 2356 1532 Annuntiate
2397 1479 2538 1532 inter
2577 1489 2763 1550 gentes
2795 1481 2974 1534 studia
3003 1480 3155 1550 ejus;

1893 1692 1982 1747 25.
2023 1691 2290 1758 Quoniam
2316 1691 2598 1761 requirens
2620 1692 2938 1760 sanguinem
2963 1708 3173 1756 eorum,
3207 1706 3390 1746 recor-

1826 1785 1986 1836 datus
2019 1792 2138 1845 est;

1897 1869 1986 1922 24.
2043 1871 2156 1925 Non
2191 1882 2274 1926 est
2310 1875 2508 1929 oblitus
2539 1874 2829 1928 clamorem
2859 1888 3179 1942 pauperum.

1899 1960 1985 2015 25.
2028 1961 2281 2019 Miserere
2337 1967 2463 2029 mei,
2519 1966 2743 2020 Domine
2795 1984 2808 2019 :
2864 1966 2983 2020 vide
3039 1965 3394 2019 humilitatem

1829 2067 2003 2106 meam
2036 2053 2102 2108 de
2133 2055 2365 2112 inimicis
2406 2059 2570 2122 meis;

1896 2145 1984 2197 26.
2030 2146 2131 2211 Qui
2160 2149 2364 2204 exaltas
2392 2166 2477 2204 me
2510 2151 2576 2204 de
2609 2150 2777 2219 portis
2803 2150 3012 2214 mortis,

1897 2235 1986 2289 27.
2030 2235 2098 2291 Ut
2127 2243 2444 2294 annuntiem
2474 2257 2662 2296 omnes
2690 2241 3027 2296 laudationes
3058 2246 3180 2295 tuas

1899 2326 1989 2380 28.
2033 2326 2090 2381 ln
2131 2331 2303 2397 portis
2331 2330 2453 2385 ﬁlia:
2481 2330 2630 2386 Sion.

1901 2419 1988 2473 29.
2031 2419 2439 2477 Exsultabimus
2477 2424 2532 2476 in
2568 2423 2792 2478 salutari
2835 2433 2948 2477 tuo.

1898 2510 1984 2565 30.
2031 2510 2211 2566 Inﬁxze
2235 2522 2364 2567 sunt
2388 2523 2574 2585 gentes
2596 2513 2650 2567 in
2677 2513 2916 2577 interitu,
2945 2528 3105 2583 quem
3131 2510 3396 2569 fecerunt.

1897 2600 1987 2655 3t.
2031 2600 2085 2655 In
2113 2603 2308 2672 laqueo
2341 2604 2466 2670 isto,
2496 2619 2657 2672 quem
2692 2605 3118 2669 absconderuut,
3153 2620 3398 2673 compre-

1831 2695 2036 2747 hensus
2071 2704 2152 2748 est
2184 2710 2278 2764 pes
2308 2709 2518 2751 eorum.

1284 2800 1658 2860 ATHANASII
1697 2806 2283 2870 INTERPRETATIO.

227 2892 321 2946 12.
351 2892 536 2955 Οὕτως
565 2893 856 2956 ἀπώλοντο,
885 2892 1024 2947 ὥστε
1058 2895 1324 2966 ἀκουστὴν
1351 2897 1604 2964 γενέσθαι
1630 2898 1728 2969 τὴν

149 2983 436 3038 ἀπώλειαν
464 2985 661 3047 αὐτῶν,
697 2987 789 3037 καὶ
820 2985 950 3056 μηδὲ
976 2986 1193 3057 μνήμην
1225 2987 1402 3040 αὐτῶν
1443 2989 1726 3060 φέρεσθσ,ι’

227 3078 322 3131 13.
371 3078 430 3128 ’0
465 3077 518 3129 δὲ
558 3077 757 3147 Κύριος
782 3077 944 3140 ἀΐδιος
980 3078 1089 3149 ζωή
1126 3080 1289 3135 ἐστιν.

226 3169 324 3224 14.
357 3169 636 3241 Προώρισε
657 3169 744 3222 τὸν
769 3169 953 3241 θρόνον
984 3171 1169 3229 αὐτοῦ.

229 3263 326 3316 15.
357 3261 528 3325 Αὐτὸς
549 3262 656 3334 γὰρ
682 3265 854 3334 κρινεῖ
877 3264 1091 3333 ἑκάστῳ
1121 3263 1261 3317 κατὰ
1287 3263 1355 3316 τὰ
1381 3262 1518 3334 ἔργα
1543 3264 1727 3335 αὑτοῦ,

233 3439 330 3494 16.
377 3439 601 3511 Ὀρθῶς,
639 3442 1154 3513 ἁπροσωπολήπτως

228 3532 327 3591 17,
355 3531 440 3584 18.
469 3530 666 3600 Βοηθὸς
696 3533 752 3583 ὲν
782 3533 1107 3602 εὐκαιρίαις,
1134 3535 1191 3584 ὲν
1220 3532 1460 3602 θλίψεσιν
1485 3551 1498 3565 ·
1529 3538 1732 3590 εὐκαι-

139 3622 343 3688 ρίαις,
394 3620 568 3688 λέγει,
622 3621 823 3673 ὡσανεὶ
873 3624 930 3674 ὲν
975 3623 1050 3692 τῷ
1090 3619 1228 3676 εἶναι
1282 3625 1372 3678 τὸν
1421 3627 1628 3698 πένητα
1665 3631 1730 3703 τῇ

146 3712 308 3784 ψυχῇ
346 3711 663 3784 ἀϐοήθητον,
698 3714 882 3783 ἐγένου
918 3714 1064 3785 αὐτῷ
1095 3715 1308 3785 βοηθός.

222 3913 324 3967 19.
367 3914 428 3965 Οἱ
459 3913 566 3984 γὰρ
599 3913 672 3986 μὴ
698 3913 911 3982 γνόντες
942 3915 1099 3967 αὑτὸν
1129 3915 1480 3988 ἐσταύρωσαν
1514 3918 1695 3972 αὐτόν.

223 4003 329 4057 20.
372 4005 508 4066 Τοὺς
538 4003 926 4069 έπιποθοῦντάς
959 4023 1038 4069 σε,
1066 4005 1259 4077 Κύριε.

219 4097 295 4150 21
310 4135 326 4149 .
385 4097 750 4166 Ἀνυμνήσατε
771 4096 861 4149 τὸν
879 4099 1175 4168 οἰκήσαντα
1192 4100 1394 4173 Κύριον
1413 4103 1470 4156 ὲν
1486 4106 1550 4175 τῇ
1573 4104 1730 4168 Σιὼν,

143 4187 288 4242 ἔνθα.
325 4187 506 4258 ὤφθη.

216 4283 325 4338 22.
381 4282 835 4353 Ἐπιτηδεύματα
868 4283 1052 4336 αὑτοῦ
1072 4299 1086 4314 ’
1114 4283 1181 4337 τὰ
1203 4285 1541 4357 δικαιώματα
1564 4288 1724 4357 λέγει.

214 4375 327 4431 2-3.
369 4369 518 4443 Αἷμα
546 4373 691 4443 λέγει
722 4374 820 4437 τὰς
840 4372 1014 4444 ψυχὰς
1041 4375 1237 4429 αὐτῶν.

1902 2907 1991 2961 12.
2021 2907 2097 2961 Ita
2137 2916 2379 2977 pereant,
2421 2916 2482 2963 ut
2509 2923 2699 2964 eorum
2737 2907 2894 2960 ruina
2927 2905 3197 2969 audiatur,
3222 2920 3398 2976 neque

1834 2997 1943 3050 ulla
1972 3011 2162 3052 eorum
2190 2997 2448 3050 memoria
2481 2995 2714 3067 supersit
2754 3015 2767 3050 :

1909 3089 1994 3142 15.
2035 3088 2298 3144 Dominus
2329 3097 2509 3142 autem
2544 3096 2743 3142 aeterna
2774 3085 2882 3141 vita
2910 3094 3010 3141 est.

1906 3182 1991 3237 N.
2023 3183 2318 3238 Praelinivit
2348 3183 2604 3237 thronum
2639 3195 2819 3235 suum.

1901 3274 1988 3328 15.
2018 3274 2135 3342 Ipse
2162 3275 2307 3328 enim
2337 3274 2402 3328 de
2436 3286 2766 3342 unoquoque
2782 3269 3051 3339 iudicabit
3092 3269 3396 3326 secundum

1832 3378 1998 3434 opera
2027 3366 2170 3433 eius,

1905 3456 1991 3511 16.
2027 3454 2191 3512 Recte
2216 3463 2268 3511 et
2304 3455 2422 3510 sine
2442 3469 2800 3525 personarum
2828 3452 3166 3524 acceptione.

1905 3546 2108 3609 17,18.
2147 3546 2378 3615 Adjutor
2424 3546 2478 3600 in
2526 3545 3045 3615 opportunitatibus,
3075 3545 3127 3598 in
3173 3544 3401 3599 tribula-

1833 3638 2075 3692 tionibus
2103 3657 2116 3693 :
2148 3638 2202 3692 in
2225 3639 2706 3708 opportunitatibus
2731 3638 2882 3700 dicit,
2921 3637 3088 3691 veluti
3117 3652 3241 3691 cum
3277 3652 3400 3691 ant-

1832 3748 1919 3786 ma
1947 3748 2146 3803 pauper
2181 3740 2345 3797 esset,
2377 3740 2432 3786 et
2458 3731 2577 3787 sine
2623 3730 2905 3799 adjutore,
2947 3727 3124 3784 factus
3176 3744 3236 3784 es
3286 3729 3392 3798 ipsi

1833 3825 2068 3894 adjutor.

1902 3916 1989 3970 19.
2032 3915 2242 3969 Etenim
2273 3930 2383 3968 non
2413 3921 2804 3983 cognoscentes
2826 3911 3396 3978 eum,crucillxerunt.

1901 4009 1992 4064 20.
2039 4008 2417 4064 Desiderantes
2451 4015 2524 4072 te,
2564 4005 2815 4068 Domine,

1900 4103 1990 4156 2t.
2031 4100 2271 4155 Laudate
2303 4098 2616 4164 Dominum,
2662 4097 2757 4166 qui
2793 4095 3000 4150 habitat
3031 4095 3086 4148 in
3122 4091 3275 4159 Sion,
3302 4093 3395 4148 ubi

1831 4195 1982 4248 visus
2018 4200 2120 4247 est.

1901 4285 1990 4339 22.
2032 4282 2224 4338 Studia
2252 4281 2386 4350 ejus,
2415 4279 2660 4349 justitias
2689 4277 2979 4347 signiﬁcat.

1901 4378 1989 4432 23.
2031 4375 2357 4445 Sanguinem
2389 4380 2546 4428 vocat
2579 4372 2789 4424 animas
2814 4384 3021 4424 eorum.

212 4465 321 4520 24.
372 4464 488 4532 Τὴν
524 4463 792 4534 κραυγὴν
818 4464 935 4517 τῶν
965 4465 1254 4531 πενήτων,
1281 4465 1386 4520 τῶν
1433 4468 1602 4536 ἁγίων
1645 4469 1729 4523 λέ-

1901 4469 1991 4524 24.
2032 4465 2327 4522 Clamorem
2375 4479 2684 4536 pauperum,
2734 4463 3027 4518 clamorem
3081 4465 3395 4516 sanctorum

137 4577 257 4627 γει.

211 4653 321 4707 25.
368 4650 488 4704 Τῶν
513 4648 769 4703 διαὸόλων
799 4649 967 4718 λέγει.

209 4743 315 4798 26.
364 4746 421 4796 Π
422 4743 572 4808 0.1a;-
583 4739 836 4795 θανάτου
851 4742 999 4810 λέγει
1014 4741 1111 4805 τὰς
1128 4741 1346 4814 διδαχὰς
1359 4743 1449 4797 τοῦ
1465 4744 1728 4800 διαϐόλου.

205 4832 312 4887 27.
365 4830 553 4895 Ὅπως
577 4829 643 4884 ἂν
671 4830 888 4902 κηρύξω
916 4831 1094 4894 πάσας
1118 4831 1216 4895 τὰς
1244 4834 1514 4904 εὐφημίας
1548 4851 1660 4889 σου.

205 4923 312 4980 28.
362 4919 516 4975 Σιὼν
559 4922 657 4992 μὲν
693 4922 1051 4993 ἑρμηνεύεται
1093 4925 1556 4993 σκοπευτήριον
1606 4927 1732 4993 περὶ

1832 4571 2009 4616 vocat.

1898 4650 1987 4705 25.
2031 4649 2104 4706 De
2131 4649 2358 4704 diabolis
2390 4647 2468 4702 ait

1899 4744 1988 4797 26.
2031 4741 2226 4796 Porta:
2256 4741 2440 4795 martis
2465 4747 2641 4797 vocat.
2674 4736 2954 4790 doctrinas
2981 4733 3200 4789 diaboli.

1903 4836 1992 4890 27.
2037 4836 2107 4891 Ut
2141 4834 2425 4906 praedicem
2460 4847 2649 4886 omnes
2679 4830 2867 4884 laudes
2901 4838 3040 4882 tuas.

1896 4928 1987 4983 28.
2029 4927 2160 4982 Sion
2184 4925 2399 4994 quidem
2428 4923 2807 4992 interpretatur
2830 4919 3041 4988 specula
3065 4934 3084 4973 :
3115 4918 3179 4973 de
3204 4932 3394 4988 super-

129 5020 190 5073 δὲ
227 5021 350 5089 τῆς
386 5015 500 5069 ἀνω
533 5013 884 5085 Ἰερουσαλὴμ
912 5014 1078 5083 λέγει.

203 5111 309 5166 29.
375 5105 838 5177 Ἀγαλλιασόμεθα
871 5108 927 5159 ἐν
958 5106 1034 5178 τῷ
1062 5106 1222 5162 πάθει
1256 5125 1369 5173 σου,
1399 5108 1564 5178 λέγει.

207 5204 316 5267 50,
356 5202 452 5256 δίο
497 5199 665 5270 Ἕθνη
703 5198 847 5268 λέγει
877 5198 973 5262 τὰς
1003 5199 1260 5271 δυνάμεις
1291 5200 1383 5253 τοῦ
1409 5201 1602 5272 ἐχθροῦ
1635 5204 1720 5269 ἐμ-

127 5295 450 5366 υγεέσας,
484 5292 578 5345 καὶ
610 5289 1001 5360 συλληφθείσας
1040 5292 1132 5345 ἐπὶ
1169 5291 1445 5364 συντελείᾳ
1468 5292 1573 5345 τῶν
1604 5293 1732 5347 αἰώ-

126 5410 242 5444 νων
279 5389 351 5441 ὲν
402 5388 521 5446 ταῖς
553 5383 825 5453 ἁνομὶαις,
858 5378 944 5446 αἷς
972 5384 1124 5436 αὐτοὶ
1169 5383 1427 5454 ἐφεῦρονο
1463 5384 1548 5439 διὰ
1577 5386 1732 5438 τοῦτο

125 5485 334 5553 λέγει’
394 5479 448 5531 '0
502 5475 656 5539 ποῦς
699 5474 894 5528 αὐτῶν
945 5477 1314 5545 συνελήφθη,
1363 5479 1604 5530 τουτέστι
1664 5478 1729 5530 τὰ

127 5581 358 5648 taxata.
385 5569 564 5626 αὐτῶν
583 5585 596 5596 ·
624 5565 775 5629 τέλος
800 5564 905 5637 γὰρ
932 5569 1128 5632 παντὸς
1154 5569 1246 5622 τοῦ
1272 5568 1520 5638 σώματος
1545 5571 1572 5630 ὁ
1594 5569 1729 5631 ποῦς

127 5673 251 5725 ἔστι
273 5685 288 5697 ο
324 5665 420 5720 διὸ
449 5663 546 5717 καὶ
576 5659 861 5729 θεωρεῖται
881 5659 973 5712 καὶ
995 5660 1373 5733 ἀλληγορεῖται
1403 5662 1483 5725 εἰς
1509 5661 1577 5715 τὰ
1600 5661 1726 5732 τέλη

128 5765 239 5818 τῶν
279 5758 530 5816 αἰώνων.

1829 5039 1898 5077 na
1930 5020 2229 5076 Jerusalem
2265 5017 2526 5087 loquitur.

1895 5115 1984 5170 29.
2027 5113 2430 5168 Exsultabimus
2461 5110 2512 5163 in
2539 5107 2794 5178 passione
2831 5116 2940 5167 tua,
2974 5105 3172 5175 inquit.

1896 5208 1985 5270 50,
2021 5207 2108 5260 51.
2146 5201 2332 5257 Gentes
2386 5209 2542 5256 vocat
2569 5201 2891 5270 ’potestates
2944 5195 3150 5250 inimici
3187 5195 3243 5249 in
3288 5194 3393 5249 line

1829 5300 2150 5356 saeculorum
2198 5298 2416 5359 inlixas,
2448 5302 2505 5347 et
2537 5292 2965 5361 comprehensas
3004 5288 3058 5342 in
3091 5285 3393 5356 iniquitati-

1827 5394 1950 5457 bus,
1981 5406 2117 5461 quas
2146 5388 2246 5458 ipsi
2275 5389 2630 5449 invenerunt;
2657 5392 2936 5453 propterea
2976 5380 3107 5435 dicit
3137 5398 3150 5431 :
3187 5377 3282 5430 Pes
3306 5393 3394 5430 eo-

1828 5501 1945 5537 rum
1965 5482 2361 5551 comprehenaua
2390 5488 2489 5542 eat,
2515 5478 2618 5530 hoc
2644 5483 2728 5530 est
2752 5487 2940 5528 eorum
2970 5469 3297 5532 novissima;
3330 5466 3396 5527 ﬂe

1828 5579 1913 5632 nis
1942 5578 2086 5632 enim
2119 5575 2284 5628 totius
2320 5571 2565 5641 corporis
2601 5585 2696 5639 pes
2721 5577 2841 5632 est;
2875 5573 3153 5635 propterea
3193 5561 3395 5632 allego-

1827 5669 1937 5724 rice
1966 5667 2364 5729 consideratur,
2394 5673 2448 5721 et
2479 5662 2681 5719 dicitur
2712 5659 2777 5715 de
2805 5655 3126 5715 szeculorum
3157 5653 3284 5710 (inc.
