4068 6310
711 376 815 433 679
1582 365 1639 418 S.
1679 359 2058 418 ATHANASII
2096 358 2251 416 OPP.
2293 357 2476 412 PARS
2515 355 2603 410 Ill.
2640 383 2705 394 ——
2743 351 3154 408 EXEGETICA.
3851 351 3944 406 680

783 489 873 543 52.
912 485 1279 554 Cognoscetur
1308 481 1568 536 Dominus
1594 477 1798 550 judicia
1829 477 2054 532 faciens.
2308 481 2356 538 Α

2022 493 2054 532 5.
2308 481 2356 538 Α
2454 470 2541 526 52.
2575 469 2902 524 Γινώσκεται
2936 468 3140 541 Κύριος
3173 468 3414 540 κρίματα
3436 468 3628 523 ποιῶν.

786 581 874 636 55.
915 579 970 633 ln
1001 577 1261 647 operibus
1293 590 1553 630 manuum
1587 587 1808 628 suarum
1858 568 2286 639 comprehensus

2465 563 2552 617 55.
2608 564 2696 616 Ἐν
2744 565 2856 626 τοῖς
2882 563 3062 634 ἔργοις
3088 562 3196 616 τῶν
3227 562 3423 632 χειρῶν
3450 561 3618 616 αὑτοῦ
3653 561 3943 632 συνελήφθη

715 681 797 729 est
826 679 1099 742 peccator.

2389 658 2417 709 ὁ
2442 656 2780 727 ἁμαρτωλός.

786 764 873 817 54.
914 761 1312 814 Convertantur
1341 763 1658 827 peceatores
1688 754 1740 807 in
1763 752 2076 817 infernum;

2457 749 2544 804 54.
2585 750 3114 820 ’Δποστραφήτωσαν
3146 748 3195 800 οἱ
3221 746 3534 817 ἁμαρτωλοὶ
3574 748 3653 809 είς
3683 746 3770 798 τὸν

785 854 873 910 55.
916 852 1119 908 Omnes
1148 861 1341 923 gentes
1370 865 1491 918 quae
1523 848 1919 902 obliviscuntur
1953 846 2139 900 Deum.

2458 841 2546 896 55.
2578 840 2758 894 Πάντα
2781 839 2850 892 τά
2875 840 2999 910 ἔθνη
3025 839 3096 892 τά
3125 839 3587 909 ἐπιλανθανόμενα
3615 837 3710 891 τοῦ
3748 836 3894 890 Θεοῦ.

785 946 874 1002 56.
917 944 1186 1011 Quoniam
1221 957 1326 995 non
1354 941 1405 994 in
1439 941 1598 993 linem
1632 939 1834 993 oblivio
1861 939 1965 992 erit
1995 936 2283 1006 pauperis:

2273 956 2283 989 ;
2460 933 2549 988 56.
2593 935 2711 986 ’Ότι
2740 934 2839 985 οὐκ
2872 934 2951 995 είς
2985 931 3134 996 τέλος
3162 931 3545 1004 ὲπιλαθήσεται
3578 933 3606 983 ὁ
3639 931 3848 999 πτωχός
3866 946 3879 959 ⁸

788 1039 878 1093 57.
918 1036 1184 1092 Patientia
1218 1049 1516 1104 pauperum
1545 1047 1654 1085 non
1681 1029 1877 1100 peribit
1902 1029 1958 1082 in
1986 1028 2172 1083 ﬁnem.

2461 1028 2550 1081 57.
2602 1028 2669 1080 ἸΙ
2696 1025 2940 1097 ὑπομονὴ
2973 1025 3081 1078 τῶν
3133 1025 3378 1096 πενήτων
3428 1026 3530 1077 οὐκ
3573 1024 3849 1077 ἀπολεῖται
3875 1024 3947 1085 εἰς

2390 1118 2556 1182 τέλος.

791 1219 878 1273 58.
920 1216 1183 1286 Exsurge,
1216 1213 1464 1275 Domine,
1492 1226 1600 1265 non
1633 1209 1969 1265 eonl‘ortetur
2002 1208 2168 1262 homo
2197 1226 2210 1263 :

2463 1212 2548 1267 58.
2588 1211 2892 1282 Ἀνάστηθι,
2913 1212 3104 1282 Κύριε,
3132 1210 3203 1282 μὴ
3231 1210 3608 1283 κραταιούσθω
3635 1209 3908 1281 ἄνθρωπος
3927 1226 3941 1240 ·

791 1311 879 1366 59.
921 1309 1240 1363 Judicentur
1274 1314 1461 1374 gentes
1495 1303 1547 1355 in
1580 1311 1872 1370 conspectu
1907 1309 2022 1354 tuo.

1907 1309 2022 1354 tuo.
2457 1305 2544 1360 59.
2589 1305 2946 1374 Κριθήτωσαν
2977 1303 3103 1373 ἔθνη
3133 1302 3363 1356 ἐνώπιόν
3393 1319 3505 1356 σου.

791 1401 878 1454 40.
921 1399 1223 1456 Coustitue,
1255 1395 1497 1456 Domine,
1525 1394 1888 1462 lcgislatorem
1921 1407 2084 1462 super
2111 1406 2204 1446 eos
2239 1411 2252 1444 :

2460 1399 2547 1453 40.
2581 1398 2953 1468 Κατάστησον,
2989 1396 3179 1466 Κύριε,
3210 1394 3503 1466 νομοθέτην
3528 1396 3613 1447 ἐπ’
3643 1393 3861 1457 αὐτούς·

790 1490 877 1542 41.
920 1487 990 1542 Ut
1017 1487 1190 1542 sciant
1223 1494 1406 1554 gentes
1439 1483 1696 1554 quoniam
1731 1482 1979 1537 homines
2009 1493 2154 1537 sunt.

2041 1493 2154 1536 υηιο
2459 1492 2545 1545 41.
2584 1489 2877 1543 Γνώτωσαν
2906 1488 3032 1558 ἔθνη
3065 1489 3146 1539 ὅτι
3185 1487 3460 1558 ἄνθρωποί
3489 1489 3647 1540 εἰσιν.

792 1584 880 1638 42.
921 1580 1140 1650 thnid,
1173 1579 1418 1641 Domine,
1456 1576 1732 1631 recessisti
1768 1575 1965 1645 longe?

2463 1584 2550 1638 42.
2593 1584 2707 1635 Ἵνα
2744 1581 2818 1642 τί,
2848 1579 3043 1651 Κύριε,
3079 1579 3396 1650 ἀφέστηκας
3427 1578 3734 1650 μακρόθεν;

791 1675 880 1729 45.
923 1672 1166 1729 Desuicis
1192 1672 1245 1725 in
1271 1669 1789 1740 opportunitatibus,
1821 1669 1874 1721 in
1926 1667 2293 1722 tribulationi-

2132 1667 2293 1722 ῑίοῖιὶ·
2462 1677 2549 1730 45.
2595 1676 2895 1746 Ὑπερορᾷς
2923 1675 2981 1725 ὲν
3015 1672 3334 1741 εὐκαιρίαις,
3366 1673 3423 1724 ἐν
3462 1670 3738 1740 θλίψεσινς

724 1768 862 1823 bus?

791 1861 882 1914 44.
928 1859 1063 1913 Dum
1093 1856 1338 1927 superbit
1366 1857 1585 1926 impius,
1621 1855 1930 1911 incenditur
1959 1869 2182 1924 pauper.
2325 1869 2366 1922 Β

2345 1869 2366 1922 3
2466 1849 2554 1902 44.
2598 1849 2686 1901 Ἐν
2715 1846 2792 1918 τῷ
2845 1842 3344 1917 ὑπερηφανεύεσθαι
3387 1845 3477 1897 τὸν
3507 1843 3698 1914 ἀσεϐῆ,
3730 1843 3951 1916 ἐμπυρί-

2397 1942 2548 2009 ζεται
2572 1943 2600 1994 ὁ
2631 1940 2866 2010 πτωχός.

797 2041 882 2095 45.
923 2039 1474 2110 Comprehenduntur
1521 2038 1573 2092 in
1624 2037 1867 2093 consiliis
1911 2036 2108 2103 quibus
2154 2049 2298 2102 engi-

2469 2035 2560 2090 4‘5.
2619 2031 3089 2103 Συλλαμσάνονται
3138 2030 3195 2080 ἐν
3246 2028 3606 2093 διαϐουλίοις,
3657 2024 3739 2090 οἷς
3785 2027 3951 2081 διαλο-

727 2142 862 2188 tant.

2398 2124 2661 2193 γίζονται.

797 2222 886 2278 46.
929 2222 1195 2289 Quoniam
1225 2222 1479 2276 laudatur
1510 2228 1762 2290 peccator
1785 2219 1837 2271 in
1870 2217 2154 2273 desideriis
2180 2216 2297 2270 ani-

2470 2217 2558 2272 46.
2591 2217 2712 2268 Ὂτι
2752 2215 3051 2268 ἐπαινεῖται
3096 2216 3124 2266 ὁ
3164 2213 3486 2286 ἁμαρτωλὸς
3535 2215 3594 2267 ὲν
3620 2216 3738 2276 ταῖς
3777 2212 3955 2266 ἐπιθυο

732 2331 832 2370 ma:
869 2330 1003 2380 suae,

2405 2310 2553 2382 μίαις
2581 2310 2682 2378 τῆς
2707 2307 2884 2378 ψυχῆς
2913 2306 3076 2359 αὑτοῦ
3100 2324 3113 2339 ·

799 2406 889 2461 47.
933 2404 999 2457 Et
1037 2404 1255 2472 iniquus
1282 2402 1648 2457 benedicitur.

2474 2404 2563 2457 47.
2606 2403 2714 2456 Καὶ
2741 2404 2769 2456 ό
2807 2400 3008 2453 ἀδικῶν
3032 2401 3408 2472 ὲνευλογείται.

798 2497 888 2551 48.
933 2493 1288 2549 Exacerhavit
1314 2493 1600 2547 Dominum
1636 2501 1925 2561 peccator;

2472 2497 2561 2551 48.
2597 2495 3013 2566 Παρώξυνε-τὸν
3057 2495 3258 2567 Κύριον
3290 2499 3318 2550 ὁ
3363 2497 3680 2568 ἁμαρτωλός
3708 2512 3723 2525 ·

801 2588 886 2643 49.
929 2585 1243 2640 Secundum
1268 2581 1672 2637 multitudinem
1700 2581 1793 2638 ira:
1820 2597 1931 2634 suae
1949 2595 2056 2635 non
2076 2586 2298 2650 qumret.

2469 2590 2557 2644 49.
2591 2589 2749 2643 Κατὰ
2789 2588 2850 2640 τὸ
2881 2586 3084 2658 πλῆθος
3126 2589 3227 2659 τῆς
3273 2590 3441 2662 ὀργῆς
3476 2591 3640 2645 αὐτοῦ
3677 2591 3780 2644 οὐκ
3810 2585 3961 2660 ξκζη-

2400 2684 2584 2755 τήσει.

803 2781 891 2837 5θ.
932 2780 1048 2834 Non
1082 2787 1164 2833 est
1195 2777 1335 2831 Deus
1362 2777 1412 2829 in
1449 2786 1744 2843 conspectu
1775 2774 1930 2845 ejus:

2472 2776 2560 2830 50.
2593 2777 2705 2829 Οὐκ
2735 2777 2878 2831 ἔστιν
2908 2781 2936 2831 ὁ
2965 2779 3094 2843 Θεὸς
3123 2778 3348 2833 ἐνώπιον
3371 2775 3534 2830 αὑτοῦ
3554 2791 3566 2806 ·

805 2874 892 2929 5|.
934 2873 1231 2942 Inquinata:
1264 2877 1390 2924 sunt
1421 2869 1520 2922 via:
1556 2869 1700 2923 illius
1735 2868 1787 2920 in
1829 2866 1976 2921 omni
2008 2874 2266 2936 tempore.

2256 2907 2266 2921 .
2481 2868 2568 2927 5|.
2602 2870 2961 2943 Βεϐηλοῦνται
2999 2875 3055 2926 αἱ
3076 2872 3186 2926 ὁδοὶ
3205 2871 3369 2926 αὑτοῦ
3395 2873 3451 2924 ὲν
3479 2868 3645 2924 παντὶ
3667 2866 3862 2940 καιρῷ.

1868 3022 2241 3078 ΛἹῊΑΝΑΞΙΙ
2280 3022 2859 3080 INTEBPRETATIO.

801 3187 892 3243 82.
928 3183 1310 3254 Cognoverunt
1353 3198 1564 3247 omnes,
1603 3179 1750 3252 quod
1809 3188 1988 3250 potest
2017 3180 2306 3236 vindictam
2337 3188 2383 3250 ο

2362 3188 2383 3250 ζ
2482 3185 2570 3251 52.
2623 3184 2968 3252 Ἐπέγνωσαν
3024 3183 3240 3248 πάντες,
3292 3185 3372 3238 ὅτι
3425 3183 3644 3239 δύναται
3699 3185 3968 3254 ἐκδίκησιν

737 3281 938 3337 facere.
1508 3315 1513 3319 -

1508 3315 1513 3319 ~
2413 3281 2609 3333 ποιεῖν.

807 3376 894 3430 55.
931 3371 1124 3428 Cordis
1152 3371 1237 3427 sui
1273 3371 1470 3441 inquit.

2482 3368 2569 3420 55.
2613 3368 2726 3436 Τῆς
2759 3365 2984 3435 καρδίας
3010 3363 3175 3418 αὐτοῦ
3211 3365 3376 3433 λέγει.

807 3468 896 3530 54,
926 3467 1015 3521 55.
1050 3447 1252 3519 Omnes
1283 3465 1427 3518 enim
1458 3468 1775 3531 peccatores,
1804 3459 1895 3528 qui
1923 3473 2068 3512 nunc
2088 3466 2234 3523 sunt,
2259 3457 2312 3510 in

2481 3460 2571 3520 54,
2606 3458 2692 3512 55.
2734 3459 2797 3510 Οί
2829 3457 2935 3528 γάρ
2972 3457 3120 3520 ὄντες
3151 3459 3232 3519 είς
3274 3456 3371 3528 τὴν
3413 3455 3518 3528 γῆν
3565 3457 3970 3522 ἀπελεύσονται,

738 3573 940 3616 terram
977 3567 1354 3623 revertentur;
1409 3556 1668 3626 quoniam
1722 3551 1872 3609 obliti
1920 3558 2046 3605 sunt
2097 3549 2190 3604 Dei
2221 3549 2312 3620 qui

2412 3553 2494 3605 ὅτι
2526 3549 2845 3604 ἐπελάθοντο
2892 3550 2983 3604 τοῦ
3030 3549 3164 3603 Θεοῦ
3204 3549 3297 3602 τοῦ
3331 3549 3611 3614 κτίσαντος
3637 3553 3862 3616 αὐτοὺς,
3890 3550 3975 3604 καί

738 3653 944 3708 creavit
975 3666 1091 3712 eos,
1124 3656 1178 3705 et
1209 3648 1542 3704 descendent
1572 3649 1625 3702 in
1661 3643 1989 3716 profundum
2023 3642 2241 3697 inferni.

1766 3643 1989 3700 fundum
2023 3642 2241 3697 inferni.
2413 3643 2810 3714 καταδήσονται
2844 3644 2924 3705 εἰς
2951 3641 3200 3712 πυθμένα
3228 3642 3372 3714 ᾅδου.

806 3745 897 3807 56,
931 3745 1018 3802 57.
1059 3742 1358 3812 Pauperem
1392 3750 1446 3794 et
1475 3740 1715 3808 inopem,
1755 3745 1911 3790 vocat
1937 3737 2169 3805 justum.

2483 3736 2572 3803 56,
2601 3737 2687 3790 57.
2731 3735 2950 3805 Πτωχδν
2985 3737 3076 3788 καὶ
3107 3736 3311 3806 πένητα
3341 3737 3431 3788 τὸν
3453 3736 3663 3788 δίκαιον
3689 3736 3861 3802 λέγει.

809 3835 898 3890 58.
932 3832 1090 3898 Veni,
1120 3831 1369 3894 Domine,
1395 3843 1462 3883 ne
1484 3827 1649 3882 veluti
1671 3827 1795 3896 jure
1821 3839 1922 3880 suo
1954 3824 2186 3894 quisque
2219 3837 2315 3878 no-

2485 3831 2570 3884 58.
2625 3828 2797 3892 Ἐλθὲ,
2834 3828 3026 3899 Κύριε,
3064 3827 3138 3898 μὴ
3187 3826 3264 3891 ὡς
3314 3828 3833 3899 αὐτοδεσποτησάτω
3861 3827 3977 3879 ἐκα-

740 3933 915 3980 strum
944 3923 1112 3978 libere
1138 3921 1470 3974 dominetur.

1138 3921 1470 3974 dominetur.
2417 3939 2540 3985 στος
2571 3921 2744 3992 ἡμῶν.

813 4015 900 4070 59.
944 4013 1410 4075 Demonstrentur,
1451 4009 1594 4081 quod
1628 4015 1874 4079 peccant.

2485 4016 2573 4070 59.
2613 4014 3009 4086 Δειχθήτωσαν,
3039 4014 3121 4066 ὅτι
3146 4012 3620 4086 διαμαρτάνουσιν.

814 4105 904 4159 40.
945 4103 1333 4173 Legislatorcm
1362 4101 1651 4155 Dominum
1697 4107 1876 4155 vocat.

1864 4136 1876 4154 -
2485 4107 2573 4162 40.
2616 4107 2929 4178 Νομοθέτην
2953 4106 3043 4159 τὸν
3075 4105 3278 4177 Κύριον
3306 4107 3470 4177 λέγει.

815 4201 903 4255 4|.
943 4197 1291 4267 Cognoscant
1324 4210 1476 4250 suam
1503 4194 1906 4249 inﬁrmitatem.

2485 4200 2573 4254 4|.
2627 4197 2920 4266 Ἐπιγνῶσι
2954 4198 3049 4270 τὴν
3081 4198 3286 4252 ἑαυτῶν
3316 4198 3615 4253 ἀσθένειαν.

813 4291 904 4344 42.
943 4289 1125 4344 Sivisti
1158 4303 1257 4342 nos
1293 4287 1572 4340 voluntate
1600 4294 1783 4340 nostra
1820 4285 2086 4340 incedere.

2488 4291 2576 4344 42.
2619 4290 2817 4353 Εῖασας
2845 4292 2989 4360 ἡμᾶς
3016 4290 3094 4360 τῷ
3128 4289 3423 4361 βουλήματι
3453 4289 3608 4360 ἡμῶν
3639 4289 3977 4360 πορεύεσθαι.

813 4381 903 4437 45.
945 4381 1001 4435 In
1019 4378 1514 4449 opportunitatibus
1543 4377 1694 4444 dicit,
1715 4377 1964 4432 videlicet
1989 4392 2112 4432 cum
2141 4391 2315 4433 essem

2486 4383 2576 4437 45.
2613 4381 2950 4452 Ξὲκαιρίαις,
2977 4382 3142 4451 λέγει,
3165 4383 3362 4437 ὡσανεὶ
3383 4384 3439 4435 ὲν
3466 4382 3545 4453 τῷ
3571 4377 3712 4436 εἷναί
3742 4401 3811 4454 με
3832 4384 3981 4452 ἀϐοή-

746 4474 895 4529 omni
923 4473 1127 4527 auxilio
1161 4471 1474 4524 destitutus.
2345 4531 2352 4545 ε

997 4473 1127 4526 xilio
1161 4471 1474 4524 destitutus.
2345 4531 2391 4545 _
2419 4474 2598 4545 θητον.

821 4568 904 4623 44.
938 4567 1075 4622 Cum
1121 4565 1352 4633 insurgit
1406 4562 1656 4616 diabolus
1680 4561 1941 4616 adversus
1969 4560 2170 4630 justos,
2201 4560 2317 4615 bel-
2345 4531 2396 4590 θ

2375 4534 2396 4589 )
2476 4531 2579 4620 ⁸44.
2634 4566 2721 4619 Ἐν
2751 4565 2828 4636 τῷ
2853 4565 3275 4634 κατεπαίρεσθαι
3307 4566 3398 4619 τὸν
3425 4565 3669 4619 διάϐολον
3713 4565 3860 4620 κατὰ
3886 4562 3981 4616 τῶν

746 4661 858 4715 lum
888 4673 1077 4712 eorum
1108 4657 1382 4711 mentibus
1411 4652 1576 4706 infert
1601 4670 1614 4706 :

2421 4659 2665 4720 δικαίων,
2705 4658 2932 4728 πολεμεῖ
2959 4658 3140 4718 αὐτοῖς
3167 4657 3306 4710 κατὰ
3332 4658 3584 4711 διάνοιαν.

819 4751 908 4806 45.
951 4750 1015 4804 Et
1037 4752 1254 4804 demum
1284 4748 1517 4817 quisque
1549 4743 1827 4798 hominum
1857 4744 1942 4798 his
1975 4743 2318 4813 cogitationi-

2493 4751 2582 4803 45.
2626 4751 2732 4803 Καὶ
2759 4749 2943 4802 λοιπὸν
2980 4749 3211 4812 ἕκαστος
3243 4749 3352 4802 τῶν
3383 4750 3686 4822 ἀνθρώπιον
3711 4753 3983 4823 κρατεῖται

747 4841 849 4896 bus
885 4847 1117 4899 tenetur,
1156 4853 1274 4906 quae
1303 4853 1332 4890 a
1365 4835 1629 4905 Propheta
1665 4834 2048 4904 subjiciuntur.

2424 4845 2701 4915 λογισμοῖς
2730 4847 2843 4907 τοῖς
2869 4844 3244 4914 ὑποκειμένοις
3280 4843 3386 4897 ὑπὸ
3415 4845 3507 4898 τοῦ
3539 4845 3851 4915 Ιῐροφὴτου.

819 4933 910 4994 46,
945 4933 1032 4986 47.
1090 4928 1472 4998 Unusquisque
1515 4941 1728 4989 eorum,
1781 4926 1874 4995 qui
1933 4926 2140 4996 aliquid
2191 4926 2319 4978 mali

2491 4935 2583 5001 46,
2627 4937 2715 4988 47.
2759 4937 3025 4998 Ἕκαστος
3080 4935 3186 4987 τῶν
3232 4936 3523 4989 ποιούντων
3575 4938 3743 4989 κακόν
3795 4954 3846 4988 τι
3902 4934 3983 4986 καὶ

750 5034 1081 5099 perpetrant,
1107 5033 1158 5079 et
1188 5023 1390 5077 divitiis
1417 5021 1716 5085 abundant,
1749 5020 1842 5090 qui
1902 5020 2110 5090 seipsos
2163 5035 2323 5073 mun-

2429 5027 2818 5092 πλουτούντων,
2852 5028 2946 5080 καὶ
2993 5029 3110 5089 ταῖς
3151 5026 3465 5096 ἐπιθυμίαις
3493 5027 3586 5080 τοῦ
3615 5028 3822 5095 κόσμου
3856 5025 3983 5078 ἐκδε-

752 5118 910 5174 danis
944 5115 1330 5185 cupiditatibus
1380 5114 1624 5176 tradunt,
1677 5113 1969 5166 laudantur
2013 5118 2068 5165 et
2115 5111 2325 5181 glorili-

2424 5122 2620 5175 δόντων
2665 5122 2908 5184 ἑαυτοὺς,
2939 5122 3236 5187 ἐπαινεῖται
3289 5121 3384 5173 καὶ
3427 5119 3705 5184 δοξάζεται
3753 5119 3858 5171 ὑπὸ
3885 5115 3980 5166 τῶν

753 5223 944 5270 cantur
977 5212 1044 5265 ab
1075 5211 1226 5280 ipsis.

1017 5212 1044 5265 b
1075 5211 1226 5280 ipsis-
2427 5215 2623 5270 αὐτῶν.

823 5305 913 5368 48,
935 5302 1024 5358 49.
1054 5303 1406 5356 Vehementer
1437 5300 1655 5371 quidem
1683 5300 1945 5354 adversus
1977 5307 2318 5369 peccatorem

2496 5305 2583 5369 48,
2613 5305 2700 5359 49.
2753 5304 3058 5375 Ὀργίζεται
3089 5303 3184 5373 μὲν
3224 5301 3474 5372 μεγάλως
3513 5301 3605 5355 ἐπὶ
3640 5301 3716 5371 τῷ
3743 5297 3978 5370 ἁμαρτά-

754 5398 1006 5452 irascitur
1026 5439 1040 5463 ,
1077 5411 1292 5450 rursum
1332 5403 1510 5449 autem
1543 5393 1871 5462 longanimis
1900 5400 1985 5446 est
2010 5407 2132 5445 cum
2162 5406 2248 5444 co.

1935 5400 1985 5446 ει
2010 5407 2132 5445 cum
2162 5406 2248 5444 00-
2423 5416 2564 5454 νοντι
2582 5439 2595 5462 ,
2625 5397 2963 5468 μακροθυμεῖ
2989 5395 3045 5449 δὲ
3077 5394 3234 5448 πάλιν
3261 5395 3347 5445 ἐπ’
3375 5393 3539 5464 αὐτῷ.

825 5487 915 5549 50,
950 5487 1036 5540 5|.
1074 5485 1167 5540 Ille
1197 5497 1373 5540 autem
1400 5500 1506 5538 non
1535 5485 1839 5555 intelligens
1870 5483 1962 5537 Dei
1999 5483 2322 5551 longanimi-

2496 5491 2584 5552 50,
2615 5491 2703 5544 5|.
2758 5490 2993 5552 Ἐκεῖνος
3024 5487 3099 5551 δὲ,
3139 5486 3212 5557 μὴ
3249 5484 3441 5539 συνιὼν
3469 5485 3568 5556 τὴν
3593 5485 3685 5538 τοῦ
3709 5480 3835 5537 Θεοῦ
3879 5495 3975 5551 με·

753 5590 940 5641 tatem,
979 5593 1086 5633 non
1132 5579 1236 5633 sibi
1274 5579 1526 5648 preponit
1554 5576 1722 5633 Deum
1753 5577 1990 5645 iudicem
2041 5591 2198 5631 suum
2235 5573 2322 5628 fu-

2425 5581 2742 5652 κροθυμξαν,
2771 5581 2831 5633 οὐ
2859 5579 3038 5652 τίθησι
3083 5579 3175 5632 τὸν
3217 5577 3348 5632 Θεὸν
3401 5578 3591 5649 κριτὴν
3641 5576 3827 5631 αὑτοῦ·
3864 5568 3976 5627 ἀλλ’

754 5684 977 5740 turum;
1007 5673 1100 5729 sed
1132 5673 1346 5742 quidem
1383 5672 1435 5726 in
1470 5680 1750 5742 peccatum
1789 5685 2178 5742 usquequaque
2201 5684 2322 5739 spe-

2003 5685 2178 5740 uaque
2201 5684 2322 5739 spe-
2425 5676 2512 5728 ἐπὶ
2546 5675 2644 5746 μὲν
2667 5676 2731 5745 τῇ
2759 5673 3002 5745 ἁμαρτίᾳ
3027 5675 3083 5727 ὲν
3115 5674 3276 5727 πᾶσιν
3299 5671 3410 5744 ὸρῶ
3438 5670 3604 5743 [ὁρῇ.

758 5776 885 5822 ctat.
