4090 6312
203 359 299 417 681
1149 364 1237 435 DE
1276 364 1552 422 TITULIS
1592 367 2039 426 PSALMORUM.
2080 401 2147 413 ——
2185 370 2384 427 PSAL.
2423 372 2516 426 IX.
3320 381 3425 439 683

271 476 803 549 ὃΞ.’Δπαναιρεῖται
827 478 895 532 τά
931 479 1173 550 κρίματά
1204 497 1296 533 σου
1345 482 1450 534 ἀπὸ
1480 482 1768 553 προσώπου
1803 494 1845 548 Α

1564 482 1768 537 οσώπου
1803 494 1845 548 Α
1944 488 2030 541 352.
2073 485 2403 540 Auferuntur
2438 486 2641 556 judicia
2676 496 2764 541 tua
2795 503 2824 541 a
2861 487 2997 544 facie
3020 490 3179 560 ejus:

192 568 387 625 αὐτοῦ*
701 580 710 588 ”

270 667 360 721 55,
391 662 612 716 Πάντων
641 662 749 715 τῶν
785 663 993 734 ἐχθρῶν
1023 663 1186 716 αὐτοῦ
1216 667 1652 738 κατακυριεύσει.

1944 661 2029 715 55.
2072 659 2325 716 Omnium
2351 663 2694 718 inimicorum
2718 681 2941 723 suorum
2970 645 3356 729 dominabitur.

269 759 362 815 5.4,
400 751 532 810 Εἷπε
578 755 684 828 γάρ
715 758 770 808 ἐν
794 756 989 828 aratorii;
1039 757 1200 809 αὐτοῦ
1226 774 1240 788 ·
1273 759 1344 810 υὺ
1403 760 1477 830 μὴ
1528 759 1764 812 σαλευθῶ

2072 753 2217 808 Dixit
2246 754 2389 808 enim
2423 756 2476 808 in
2507 755 2668 810 corde
2690 773 2788 810 suo
2817 775 2827 810 :
2861 757 2977 813 Non
3011 765 3318 818 movebora
3340 782 3424 835 ge-

197 851 308 906 ἀπὸ
334 851 524 919 γενεᾶς
555 849 633 910 εἰς
670 847 862 917 γενεὰν
891 847 1019 901 ἄνευ
1055 848 1247 901 κακοῦ.

1876 847 2152 902 neratione
2181 847 2231 901 iu
2263 850 2664 918 generationem
2701 852 2816 905 sine
2845 854 3005 908 malo.

384 934 457 995 0'5
485 941 621 1012 ἀρᾶς
641 939 700 992 τὸ
723 940 894 1010 στόμα
917 939 1078 994 αὑτοῦ
1101 940 1281 1010 γέμει,
1305 942 1398 994 καί
1424 941 1645 1013 πικρίας
1675 945 1766 996 καὶ

2070 936 2239 1008 Cujus
2269 939 2639 997 maledictione
2665 958 2727 997 os
2757 943 2972 1013 plenum
3005 957 3107 1011 est,
3143 957 3196 1002 et
3224 949 3425 1002 amari-

195 1034 377 1095 δόλου,

1874 1031 2076 1095 tudine,
2109 1038 2161 1083 rt
2188 1031 2334 1098 dolo,

265 1122 360 1179 56.
407 1122 541 1176 Ὑπὸ
571 1122 670 1192 τὴν
702 1121 951 1190 γλῶσσαν
973 1122 1136 1176 αὑτοῦ
1165 1123 1331 1192 κόπος
1361 1125 1454 1177 καὶ
1488 1125 1667 1188 πόνος.

1414 1125 1454 1177 ll.
1488 1125 1667 1188 πόνος.
1940 1122 2026 1175 56.
2072 1122 2183 1176 Sub
2211 1124 2390 1193 lingua
2423 1123 2562 1193 ejus,
2595 1125 2748 1180 labor
2779 1136 2832 1183 et
2857 1128 3029 1184 dolor.

265 1221 358 1275 57.
408 1219 734 1291 Ἐγκάθηται
766 1221 822 1272 ἐν
855 1219 1044 1291 ἐνέδρᾳ
1072 1220 1208 1290 μετὰ
1242 1219 1544 1284 πλουσίων,

1402 1224 1511 1274 γίων
1530 1261 1544 1284 ,
1940 1213 2026 1266 57.
2072 1213 2231 1268 Sedet
2263 1215 2316 1268 in
2346 1215 2560 1271 insidiis
2587 1231 2711 1272 curn
2740 1219 3017 1287 divitibus,

267 1313 359 1368 58.
411 1313 498 1366 Ἐν
529 1311 884 1383 ἀποκρύφοις,
919 1311 1013 1365 τοῦ
1047 1313 1360 1366 ἀποκτεῖναι
1396 1313 1591 1367 ἀθῶον.

1941 1305 2026 1357 ῑὶ8.
2071 1307 2128 1358 In
2165 1306 2413 1370 occultis,
2444 1315 2501 1360 ut
2525 1308 2820 1364 interticiat
2849 1312 3209 1368 innocentem.

267 1407 358 1462 59.
378 1408 440 1460 Οἱ
456 1406 718 1475 ὀφθαλμοὶ
739 1405 900 1459 αὑτοῦ
923 1408 1002 1469 εἰς
1017 1405 1106 1459 τὸν
1126 1405 1331 1477 πένητα
1345 1406 1756 1460 ἀποϐλέπουσινο

1515 1406 1756 1460 έπουσιν·
1939 1394 2025 1447 59.
2068 1392 2221 1447 Oculi
2245 1395 2364 1464 ejus
2392 1395 2444 1448 in
2477 1411 2766 1466 pauperem
2799 1402 3130 1470 respiciunt:

267 1499 358 1554 60.
411 1499 706 1573 Ἐνεδρεύει
735 1501 791 1551 Ξιν
829 1497 1152 1568 ἀποκρύφῳ,
1175 1497 1250 1563 ὡς
1271 1499 1406 1552 λέων
1432 1500 1488 1552 ἐν
1527 1501 1592 1569 τῇ
1625 1498 1760 1568 μάν-

1939 1486 2026 1543 60.
2069 1484 2353 1541 lasidiatur
2381 1487 2432 1540 in
2466 1488 2800 1557 abscondito,
2829 1495 2985 1562 quasi
3013 1496 3094 1549 leo
3124 1498 3177 1550 in
3205 1496 3426 1567 spelun-

186 1591 297 1663 δρα
318 1590 507 1645 αὐτοῦ.

461 1590 507 1645 ὖ,
1868 1596 1927 1633 ea
1960 1595 2076 1634 sua.

270 1685 363 1739 (il.
400 1681 694 1752 Ἐνεόρεύει
717 1680 810 1735 τοῦ
843 1681 1087 1753 ἁρπάσαι
1121 1680 1357 1751 πτωχὸν,

1940 1672 2030 1727 61.
2072 1671 2366 1728 lnsidiatur
2405 1684 2464 1729 ut
2495 1674 2669 1744 rapiat
2701 1691 3013 1746 pauperem,

263 1773 357 1829 62.
409 1775 675 1845 Ἀρπάσαι
707 1775 919 1844 πτωχὸν
942 1777 1000 1826 ὲν
1030 1774 1102 1845 τῷ
1125 1774 1346 1827 ὲλκῦσαι
1366 1771 1566 1825 αὐτόν..

1561 1812 1566 1825 ,
1937 1764 2025 1818 62.
2069 1763 2275 1836 Rapere
2309 1781 2598 1836 pauperem
2625 1765 2753 1820 dum
2783 1768 3009 1822 attrahit
3032 1783 3176 1823 eum.

263 1867 356 1920 63.
398 1867 484 1920 Ἐν
509 1871 573 1938 τῇ
610 1867 795 1937 παγίδι
822 1866 987 1919 αὑτοῦ
1009 1865 1334 1920 ταπεινώσει
1365 1864 1530 1919 αὐτόν
1554 1882 1568 1896 ο
1792 1859 1835 1912 Β

1390 1864 1530 1918 ιὺτὸν
1554 1882 1568 1896 ·
1792 1859 1835 1912 Β
1933 1853 2019 1908 65.
2064 1854 2119 1908 lu
2151 1857 2345 1925 laqueo
2378 1873 2478 1912 suo
2509 1857 2817 1913 lnnniliabit
2843 1875 2962 1914 eum
2993 1879 3005 1913 :

261 1958 352 2011 65.
385 1957 558 2029 Κύψει
588 1959 679 2012 καὶ
703 1963 967 2022 πεσεῖται,
985 1962 1040 2012 ἐν
1061 1958 1135 2029 τῷ
1157 1959 1315 2012 αὑτὸν
1339 1953 1759 2027 κατακυριεῦσαι

1935 1941 2022 1996 64.
2066 1943 2344 1999 lnclinabit
2377 1961 2434 2000 se
2458 1955 2510 2001 et
2540 1949 2714 2013 cadet,
2750 1962 2874 2002 cum
2925 1949 3236 2007 dominatus
3266 1950 3425 2007 fuerit

185 2049 301 2102 τῶν
323 2051 590 2122 πενήτων.
1863 2047 2183 2101 υηιιροτυιιι.

265 2140 357 2195 63.
379 2137 511 2195 Εἷπε
531 2142 638 2214 γάρ
654 2143 710 2197 ἐν
729 2142 1107 2216 καρδίᾳαύτοῦ
1127 2161 1140 2174 ·
1168 2142 1580 2213 Ἑπιλὲλησταιὸ
1605 2141 1758 2204 Θεός.

1933 2126 2019 2179 63.
2063 2126 2208 2182 Dixit
2236 2128 2378 2181 enim
2416 2131 2468 2182 in
2503 2131 2661 2184 corde
2689 2146 2788 2185 suo
2823 2151 2835 2185 :
2873 2132 3082 2187 Oblitus
3102 2143 3182 2187 est
3209 2133 3348 2189 Deus
3376 2183 3386 2189 .

264 2230 355 2284 66.
405 2231 735 2303 Ἀπέστρεψε
771 2233 830 2286 τὸ
880 2233 1166 2304 πρόσωπον
1195 2231 1359 2283 αὑτοῦ
1409 2229 1500 2283 τοῦ
1535 2231 1608 2301 μὴ
1644 2229 1762 2301 βλέ-

1666 2229 1762 2282 ιλέ-
1937 2218 2025 2273 66.
2069 2219 2276 2274 Avertit
2301 2219 2490 2274 faciem
2525 2239 2772 2278 suamne
2807 2224 2982 2278 videat
3017 2225 3070 2278 in
3101 2227 3281 2279 linem.

189 2337 319 2372 πειν
340 2321 420 2384 είς
439 2322 610 2385 τέλος.

265 2411 356 2465 67.
387 2410 699 2481 ’Δνάστηθι,
729 2412 896 2482 Κύριε
917 2416 944 2465 ὁ
967 2413 1097 2476 Θεός
1131 2431 1255 2483 μου,
1282 2413 1551 2486 ὐῷωϐήτω
1578 2415 1610 2484 ἠ
1642 2412 1762 2485 χείρ

1934 2396 2021 2450 67.
2064 2397 2326 2470 Exsurge,
2365 2397 2593 2453 Domine
2638 2398 2777 2454 Deus
2810 2416 2982 2466 meus,
3018 2403 3286 2456 exaltetur
3315 2417 3425 2454 ma-

190 2515 315 2562 σου,
361 2500 436 2570 μὴ
482 2501 711 2573 ἐπιλάϐῃ
736 2502 843 2555 τῶν
876 2507 1123 2572 πενήτων
1157 2523 1271 2560 σου.
1489 2493 1491 2495 ί

1866 2504 1969 2542 nus
2004 2497 2117 2549 tua,
2147 2504 2214 2542 ne
2243 2489 2582 2545 obliviscaris
2616 2506 2912 2560 pauperum
2946 2501 3183 2546 tuorum.

258 2590 350 2645 68.
397 2592 619 2646 Ἕνεκεν
660 2595 804 2657 τίνος
835 2595 1151 2666 παρώξυνεν
1179 2600 1207 2651 6
1240 2596 1439 2668 ἀσεϐὴς
1467 2596 1557 2650 τὸν
1588 2594 1762 2662 Θεόνς

1671 2594 1762 2662 άν;
1935 2579 2022 2635 68.
2067 2579 2292 2650 Propter
2318 2581 2450 2651 quid
2478 2585 2819 2651 exasperavit
2853 2586 3053 2653 impius
3081 2584 3286 2638 Deum?

267 2677 358 2736 69.
391 2677 525 2734 Εἷπε
551 2682 658 2754 γάρ
688 2685 744 2736 ἐν
773 2684 968 2756 καρδίᾳ
999 2686 1184 2739 αὐτοῦ’
1211 2687 1324 2740 Οὐκ
1348 2686 1659 2758 ὲκξητήσει.

1632 2724 1659 2738 ,,
1937 2671 2026 2727 69.
2057 2671 2204 2727 Dixit
2235 2673 2377 2727 enim
2411 2673 2465 2728 in
2501 2675 2661 2730 corde
2686 2690 2813 2728 suo:
2845 2673 2959 2729 Non
2992 2677 3247 2746 requiret.

262 2770 356 2825 70.
385 2771 627 2840 Βλέπεις,
661 2776 742 2828 ὅτι
778 2777 840 2828 σὺ
878 2777 1037 2829 πόνον
1067 2780 1158 2830 καὶ
1174 2778 1345 2848 θυμὸν
1375 2780 1658 2845 κατανοεῖς
1678 2791 1692 2806 ’

1940 2759 2026 2815 70.
2054 2758 2236 2828 Vides,
2276 2762 2529 2832 quoniam
2571 2771 2626 2818 tu
2658 2763 2894 2820 laborem
2929 2773 2982 2820 et
3022 2765 3260 2822 dolorem
3296 2780 3424 2821 con--

1868 2851 2096 2918 sideras,

263 2946 356 3000 7l.
391 2946 496 3000 Τοῦ
521 2940 857 3017 παραδοῦναι
886 2949 1047 3004 αὑτὸν
1075 2950 1154 3012 είς
1183 2948 1367 3021 χεῖράς
1402 2965 1519 3004 σου.

1353 2966 1367 3012 ;
1402 2965 1519 3004 σου,
1939 2945 2027 2999 71.
2062 2945 2135 3002 Ut
2162 2945 2342 3000 tradas
2371 2960 2494 3000 eum
2523 2946 2577 3000 in
2605 2962 2801 3002 manus
2827 2955 2968 3003 tuas.

263 3037 356 3090 72.
389 3039 481 3090 Σοὶ
506 3039 985 3106 ἐγκαταλέλειπται
1018 3043 1046 3094 6
1076 3042 1309 3113 πτωχός.

1272 3059 1309 3106 ς.
1942 3036 2028 3093 72.
2066 3035 2186 3091 Tibi
2211 3035 2499 3092 derelictus
2528 3045 2611 3092 est
2644 3053 2846 3108 pauper
2875 3057 2887 3091 :

1309 3216 1691 3273 ATHANASII
1729 3214 2308 3304 INTERPBETATIO.

260 3391 352 3447 52.
393 3390 732 3464 Κεχὼρισται
754 3392 822 3446 τὰ
837 3392 1178 3463 δικαιώματά
1196 3410 1287 3447 σου
1307 3394 1411 3446 ὑπὸ
1428 3392 1521 3446 τοῦ
1543 3390 1758 3464 ὲχθροῦ.
1788 3399 1831 3456 C

1748 3432 1758 3445 .
1788 3399 1831 3456 ο
1936 3391 2022 3445 52.
2061 3390 2415 3446 Secesserunt
2439 3388 2859 3459 justiﬂcationes
2885 3399 2992 3445 tua:
3025 3390 3094 3446 ab
3122 3391 3363 3449 inimico.

258 3484 350 3541 55.
393 3485 614 3538 Πάντων
637 3483 744 3536 τῶν
777 3483 1078 3556 ἀνθρώπων
1110 3484 1550 3558 κατακυριεύσει.

1426 3484 1550 3539 ὃσει.
1935 3486 2022 3540 55.
2059 3483 2310 3539 Omnium
2343 3483 2624 3538 hominum
2657 3483 3041 3539 dominabitur.

259 3576 351 3631 54.
393 3573 526 3629 Εἷπε
574 3578 681 3650 γάρ
729 3580 786 3631 ὲν
833 3581 899 3649 τῇ
952 3579 1148 3652 καρδίᾳ
1195 3579 1358 3633 αὐτοῦ
1403 3582 1431 3633 6
1481 3579 1758 3644 διάϐολος⁸

1934 3578 2021 3632 54.
2059 3575 2204 3632 Dixit
2233 3577 2378 3632 enim
2406 3576 2458 3631 in
2491 3578 2652 3631 corde
2688 3593 2787 3631 suo
2814 3578 3060 3636 diabolus
3091 3598 3104 3632 :
3135 3578 3250 3634 Non
3277 3581 3419 3636 desi—

183 3672 305 3726 οὖκ
326 3671 392 3725 ἂν
413 3672 631 3726 ἀποστῶ
654 3675 759 3726 ἀπὸ
781 3674 874 3728 τοῦ
901 3672 1072 3728 κακοῦ
1097 3672 1202 3726 ἀπὸ
1227 3673 1420 3741 γενεᾶς
1451 3673 1529 3733 είς
1549 3671 1760 3740 γενεάν.

1591 3671 1760 3725 ενεάν.
1864 3678 2000 3724 slain
2031 3685 2060 3722 a
2086 3668 2228 3723 malo
2255 3684 2284 3722 a
2314 3667 2659 3739 generatione
2694 3669 2747 3722 in
2779 3673 3206 3741 generationem.

245 3764 337 3820 55.
357 3766 624 3836 Ἐκκοπῆς
641 3766 711 3835 γὰ
716 3784 748 3838 ρ
761 3767 852 3819 καὶ
867 3767 1148 3837 ὲπάρσεως
1159 3766 1315 3835 γέμει
1327 3765 1386 3817 τὸ
1401 3764 1568 3834 στόμα
1581 3764 1760 3819 αὑτοῦ.

2025 3758 2158 3814 Nam
2173 3758 2861 3829 perfractum,etjactantia:
2877 3761 3092 3830 plenum
3108 3769 3191 3815 est
3204 3776 3265 3815 os
3279 3762 3418 3830 ejus.

255 3855 351 3911 56.
402 3856 490 3909 Ἐν
512 3859 577 3926 τῇ
604 3855 920 3925 διδασκαλίᾳ.
949 3854 1112 3908 αὐτοῦ
1141 3853 1366 3916 θάνατος
1395 3856 1487 3906 καὶ
1511 3854 1689 3925 ὀδύνη.

1472 3854 1689 3925 team.
1933 3851 2019 3906 56.
2057 3850 2113 3904 In
2144 3851 2388 3904 doctrina
2431 3850 2600 3921 ipsius
2637 3865 2804 3916 mors,
2837 3863 2890 3906 et
2913 3853 3087 3907 dolor.

257 3947 350 4004 57.
407 3946 701 4017 Ἐνεδρεύει
723 3949 800 4009 εἰς
819 3946 916 4010 τὰς
941 3945 1164 4017 καρδίας
1189 3943 1296 3998 τῶν
1318 3943 1527 3997 ἀσεϐῶν
1551 3945 1645 3997 καὶ
1665 3961 1765 3996 πο-

1931 3944 2019 4000 57.
2055 3943 2343 3998 lnsidiatur
2373 3944 2426 3997 in
2452 3944 2708 3998 cordibus
2732 3944 3022 4008 malorum,
3047 3952 3208 4015 atque
3235 3945 3423 4016 impio-

183 4040 370 4112 γηρῶν
385 4037 705 4110 ἀνθρώπων,
718 4037 997 4108 διεγείρων
1016 4037 1210 4100 αὐτοὺς
1227 4035 1368 4090 κατὰ
1387 4035 1493 4089 τῶν
1513 4034 1755 4088 δικαίων.

1535 4034 1755 4088 ῐικαίων.
1860 4052 1980 4090 rum
2014 4035 2315 4101 hominum,
2347 4038 2592 4091 excitans
2620 4053 2713 4090 eos
2745 4045 2930 4090 contra
2953 4036 3150 4107 justos.

255 4130 348 4193 58,
377 4129 467 4184 59.
518 4129 795 4199 Ἐπιτηρεῖ
825 4129 884 4180 τὸ
919 4127 1020 4200 [δὲ]
1053 4127 1169 4191 πῶς
1202 4128 1363 4181 αὑτὸν
1397 4127 1670 4181 ἀπολέσει.

1930 4131 2017 4192 58,
2050 4129 2134 4184 59.
2177 4128 2443 4184 Observat
2469 4140 2648 4184 autem
2681 4130 2954 4198 quomodo
2980 4142 3102 4182 eum
3135 4127 3346 4198 perdat.

254 4220 449 4275 66-62.
492 4221 567 4273 Δι’
591 4218 936 4291 ἐνθυμήσεων
979 4220 1072 4273 καὶ
1107 4217 1381 4288 λογισμῶν
1415 4219 1629 4288 ἀνόμων
1662 4218 1760 4289 ἀρ-

1928 4221 2116 4277 60-69..
2151 4221 2592 4292 Cupiditatibus,
2644 4229 2696 4273 ct
2753 4218 2954 4288 iniquis
3000 4219 3417 4289 cogitationibus

189 4315 361 4367 πάσάι
392 4310 546 4382 ζητεῖ
575 4311 665 4364 τὸν
689 4309 918 4364 δίκαιον.

908 4350 918 4363 -
1859 4317 2052 4386 quierit
2085 4331 2270 4385 rapere
2295 4315 2523 4384 justum.

257 4403 351 4465 63,
387 4402 476 4455 64.
521 4402 628 4455 Καὶ
663 4403 720 4453 ὲν
751 4401 828 4469 τῷ
859 4401 1021 4454 αὑτὸν
1055 4400 1383 4454 ταπεινῶσαι
1421 4399 1757 4470 πολεμοῦντα

1927 4409 2014 4472 65,
2049 4407 2139 4462 6i.
2197 4407 2259 4460 Et
2283 4406 2410 4459 dum
2446 4420 2504 4460 se
2533 4403 2808 4473 deprimit,
2843 4412 2902 4458 ut
2927 4418 3125 4458 aeuum
3157 4403 3417 4460 adversus

183 4496 308 4557 τοὺς
335 4491 591 4556 δικαίους,
624 4493 784 4555 αὐτὸς
813 4495 1056 4546 πεσεῖται
1088 4494 1191 4546 ὑπὸ
1211 4494 1335 4556 τοὺς
1367 4491 1530 4556 πέδας
1556 4491 1752 4557 αὐτῶν,

1851 4499 2030 4568 justus
2062 4507 2232 4568 gerat,
2265 4497 2378 4565 ipse
2410 4495 2565 4550 cadet
2593 4496 2693 4548 sub
2719 4510 2904 4550 eorum
2930 4497 3122 4563 pedes;
3156 4496 3414 4564 quoniam

183 4585 244 4638 ἐν
273 4582 356 4654 τῷ
377 4582 470 4636 τὸν
493 4583 624 4636 Θεὸν
652 4583 1030 4636 ἀντιλαϐέσθαι
1059 4582 1166 4636 τῶν
1194 4582 1437 4636 δικαίων.

885 4583 1030 4636 εσθαι
1059 4582 1166 4636 τῶν
1194 4582 1437 4636 δικαίων.
1859 4589 1999 4644 Deus
2031 4589 2193 4659 jnstis
2231 4588 2500 4642 subvenit.

254 4672 346 4736 65,
380 4673 470 4726 66.
510 4670 642 4725 Εἷπε
665 4672 772 4743 γὰρ
801 4673 859 4726 ἐν
901 4672 1077 4744 ἑαυτῷ
1105 4674 1133 4726 6
1157 4671 1428 4735 διάϐολος’
1474 4668 1751 4738 Ἐπιλέλη-
1787 4742 1816 4747 _

1800 4742 1816 4747 _
1926 4684 2014 4744 65,
2045 4682 2132 4736 66.
2169 4680 2313 4734 Dixit
2340 4681 2485 4735 enim
2532 4683 2584 4734 in
2621 4695 2678 4734 se
2724 4679 2842 4747 ipso
2880 4678 3128 4734 diabolus
3158 4697 3172 4733 :
3202 4676 3415 4735 Oblitus

181 4781 310 4820 σται
334 4765 363 4817 6
395 4763 528 4827 Θεὸς
552 4764 642 4817 τοῦ
666 4765 854 4832 γένους
893 4765 1002 4818 τῶν
1027 4752 1348 4835 ἀνθρὼπων,
1377 4763 1630 4834 πρόνοιαν
1658 4762 1753 4815 αὐ-
1786 4743 1796 4800 1

1798 4742 1940 4832 Dest
1971 4775 2111 4829 Deus
2155 4774 2378 4827 humani
2429 4772 2663 4843 generis,
2714 4772 2917 4826 nullam
2977 4773 3043 4825 de
3101 4786 3167 4825 eo
3230 4787 3413 4826 curam

179 4854 292 4909 τῶν
328 4856 390 4907 οὗ
427 4856 674 4908 ποιεῖται.
1860 4868 2013 4938 εει-ει,

251 4948 346 5002 67.
389 4944 685 5017 Βουλήθητι
714 4946 1077 5010 ἐπιδείξασθαι
1110 4947 1206 5018 τὴν
1240 4944 1494 5012 πρόνοιάν
1527 4959 1620 4996 σου
1653 4941 1749 5014 τὴν

1926 4961 2013 5015 67.
2049 4960 2347 5017 Ostendere
2385 4959 2512 5015 velis
2538 4960 2929 5029 providentiam
2968 4970 3138 5023 tuam,
3161 4974 3324 5029 quam
3349 4961 3415 5014 de

179 5038 262 5101 εις
283 5038 437 5108 ἡμᾶς
457 5051 470 5066 ·
505 5035 580 5106 μὴ
606 5033 714 5086 τῶν
742 5033 1178 5087 ταπεινωθέντων
1209 5034 1303 5088 καὶ
1336 5031 1580 5103 βοώντων
1615 5030 1749 5094 πρὸς

1858 5052 2012 5106 nobis
2043 5052 2207 5107 habes
2237 5071 2250 5106 :
2285 5067 2349 5105 ne
2378 5050 2619 5120 deponas
2653 5051 2970 5104 memoriam
2999 5066 3207 5113 eorum,
3238 5051 3328 5119 qui
3359 5067 3415 5103 se

181 5128 242 5180 at
271 5129 373 5200 τὴν
400 5127 617 5198 μνήμην
649 5125 992 5197 καταλείψῃς.

1857 5139 2162 5206 humiliant,
2193 5147 2246 5192 et
2282 5139 2517 5193 clamant
2541 5138 2608 5193 ad
2643 5148 2709 5193 te.

249 5217 344 5273 68.
384 5217 540 5280 Τίνος
563 5218 722 5290 χάριν
751 5216 1096 5288 παρώργισεν
1126 5219 1154 5270 6
1176 5215 1378 5288 ἀσεϐὴς
1407 5213 1496 5267 τὸν
1525 5212 1691 5279 Θεόν;

1349 5233 1378 5279 ς
1407 5213 1496 5267 τδν
1525 5212 1691 5279 θε6ν;
1922 5227 2010 5283 68.
2052 5229 2230 5296 Quare
2269 5229 2498 5284 irritavit
2526 5229 2722 5299 impius
2757 5231 2963 5284 Deum?

249 5310 343 5365 69.
373 5305 508 5362 Εἷπε
551 5309 658 5378 γὰρ
702 5309 731 5361 6
770 5308 1008 5372 διάϐολος
1054 5309 1110 5361 ὲν
1152 5307 1357 5378 έαυτῷ·
1408 5305 1482 5358 Οὐ
1523 5303 1746 5374 ζητήσει

1921 5321 2008 5376 69.
2040 5322 2183 5376 Dixit
2206 5322 2348 5375 enim
2384 5321 2630 5376 diabolus
2650 5321 2703 5375 in
2735 5337 2793 5376 se
2822 5322 2938 5392 ipso
2972 5337 2983 5370 :
3011 5319 3114 5386 Qui
3138 5329 3408 5380 errarunt,

176 5399 307 5462 τοὺς
339 5395 783 5467 πεπλανημένους
806 5399 834 5450 6
865 5397 1017 5460 Θεός.

806 5399 834 5450 ὁ
865 5397 1017 5460 Θεός-
1852 5430 1957 5469 non
1993 5414 2227 5482 requiret
2253 5413 2410 5468 Deus.

252 5489 348 5552 70,
377 5488 466 5541 71.
503 5488 666 5558 Ὁρᾷς
709 5488 794 5554 σὺ,
823 5488 1013 5559 Κύριε,
1062 5487 1167 5541 τὸν
1186 5485 1377 5557 θυμὸν
1397 5485 1493 5538 καί
1514 5485 1621 5539 τὸν
1641 5485 1745 5538 πό-

1920 5505 2006 5569 70,
2040 5504 2125 5558 71.
2153 5504 2316 5558 Vides
2358 5516 2436 5569 tu,
2481 5503 2729 5570 Domine,
2779 5505 3009 5558 dolorem
3063 5515 3112 5559 et
3157 5504 3406 5567 laborem,

177 5597 313 5644 νον,
347 5580 590 5632 τουτέστι
617 5578 708 5631 τὸν
747 5577 1007 5642 διάϐολον,
1043 5578 1373 5650 παραδοῦναι
1392 5577 1553 5632 αὑτὸν
1581 5578 1639 5633 ὲν
1676 5577 1741 5647 τῇ

1849 5597 1954 5652 hoc
1993 5603 2077 5649 est
2115 5595 2411 5660 diabolum,
2453 5606 2513 5650 ut
2561 5597 2739 5652 tradas
2783 5613 2906 5651 eum
2955 5597 3008 5651 in
3041 5597 3272 5651 adventu
3315 5604 3407 5650 tuo

181 5672 455 5744 παρουσίᾳ
482 5687 578 5723 σου
614 5670 720 5723 ὑπὸ
753 5669 850 5741 τὴν
885 5669 1137 5737 ἐξουσίαν
1163 5670 1270 5723 τῶν
1300 5669 1494 5739 ἁγίων.

994 5669 1137 5724 ισίαν
1163 5670 1270 5723 τῶν
1300 5669 1494 5739 ἁγίωνο
1850 5689 1951 5743 sub
1984 5694 2243 5756 potestate
2277 5697 2609 5743 sanctorum.

248 5762 342 5819 72.
372 5764 467 5827 Ei;
498 5761 598 5832 τὴν
632 5761 730 5833 σὴν
762 5760 1007 5832 βοήθειαν
1036 5763 1234 5833 ἀφορᾷ.

1921 5778 2006 5832 72.
2041 5777 2276 5848 Respicit
2305 5780 2358 5833 in
2387 5781 2646 5836 auxilium
2681 5789 2851 5838 tutnn.

472 5881 743 5938 PATROL.
776 5877 890 5938 Gn.
935 5878 1194 5939 XXVII.
3010 5877 3089 5934 2:2
