4090 6312
700 354 802 412 683

771 443 1136 535 75.Ὀι’ρ1ιαηο
1167 475 1218 518 tu
1256 463 1398 517 fuisti
1432 467 1662 534 adjutor.

767 559 856 613 74.
885 558 1116 612 Contere
1147 558 1423 610 brachium
1457 558 1754 626 peccatoris
1785 567 1838 609 ct
1872 557 2087 626 maligni
2126 575 2137 606 ;

770 733 858 788 75.
893 734 1172 800 Qumretnr
1203 747 1479 804 peccatum
1515 737 1676 794 illius.
1707 747 1759 790 et
1796 753 1900 789 non
1937 737 2258 790 invenietur.

775 825 859 879 76.
897 825 1160 895 Regnahit
1202 828 1462 881 Dominus
1501 830 1550 879 in
1593 843 1878 889 .mernnm,
1919 839 1970 881 et
2007 830 2057 880 in
2096 843 2263 880 mecu—

705 917 812 971 lum
844 921 1024 974 saeculi
1061 937 1073 970 :

775 1012 860 1066 77.
893 1012 1161 1074 Perihitis,
1199 1029 1404 1083 gentes.
1435 1017 1498 1067 de
1537 1026 1674 1069 terra
1713 1017 1876 1070 illius.

776 1104 860 1159 78.
895 1104 1228 1160 Desiderium
1263 1123 1554 1176 paupeer
1587 1109 1858 1160 exaudivit
1888 1107 2166 1160 Dominus.

776 1196 859 1252 79.
898 1197 1274 1267 Prmparationi
1307 1200 1486 1254 cordis
1514 1216 1700 1254 eorum
1733 1201 1958 1254 attendit
1984 1202 2128 1254 auris
2155 1211 2265 1254 tua.

777 1378 865 1432 80.
893 1378 1080 1432 Judica
1114 1379 1313 1447 pupillo
1345 1387 1397 1432 et
1425 1380 1632 1440 humili,

778 1469 866 1523 81.
901 1468 968 1523 Ut
1008 1488 1111 1523 non
1165 1483 1400 1540 apponat
1444 1475 1583 1526 ultra
1628 1472 1972 1543 magniﬁcare
2019 1488 2075 1526 se
2109 1474 2268 1526 homo

710 1577 865 1632 super
891 1573 1108 1615 terram.

923 1675 983 1729 In
1015 1678 1168 1743 ﬁnem
1200 1677 1445 1730 Psalmus
1477 1677 1661 1731 David.
1692 1675 1952 1732 PSALM.
1986 1675 2058 1731 Χ.

778 1791 826 1842 1.
845 1789 900 1843 In
919 1789 1144 1845 Domino
1161 1791 1391 1855 conﬁdo,
1413 1791 1686 1860 quomodo
1703 1792 1880 1845 dicitis
1897 1792 2088 1845 anima:
2105 1807 2265 1845 mean
2302 1814 2343 1866 Β

774 1881 827 1934 2.
861 1881 1206 1953 Transmigra
1245 1883 1296 1936 in
1333 1893 1570 1936 montem
1605 1882 1743 1935 sicut
1772 1880 1994 1950 passer?

775 1976 828 2030 5.
858 1975 1123 2041 Quoniam
1155 1992 1278 2030 ecce
1310 1986 1616 2044 peccatores
1650 1975 1993 2029 intenderunt
2019 1990 2236 2041 arcum;

775 2070 829 2123 4.
858 2067 1190 2122 Paraverunt
1222 2069 1443 2137 sagittas
1473 2084 1600 2122 suas
1633 2069 1684 2122 in
1721 2069 1994 2138 pharetra,

777 2163 830 2218 5.
863 2161 932 2216 Ut
965 2165 1217 2232 sagittent
1253 2164 1305 2216 in
1340 2163 1574 2217 obscuro
1605 2172 1781 2216 rectos
1811 2161 1972 2214 corde
2009 2176 2022 2210 :

778 2341 833 2397 ϐ.
860 2342 1124 2407 Quoniam
1149 2358 1266 2411 qua:
1293 2341 1585 2410 perfecnsti,
1614 2342 1715 2411 ipsi
1750 2342 2154 2396 destruxerunt.

782 2434 834 2488 7.
861 2432 1050 2488 Justus
1081 2443 1257 2487 autem
1295 2434 1422 2503 quid
1451 2434 1612 2488 fecit?

781 2525 831 2579 8.
864 2525 1122 2580 Dominus
1159 2527 1210 2578 in
1244 2527 1444 2595 templo
1479 2537 1669 2580 sancto
1693 2542 1793 2582 suo
1828 2547 1838 2577 .-

1536 353 1591 408 S.
1635 352 2002 408 ATIlANASIl
2041 351 2190 407 OPP.
2233 350 2415 404 PARS
2453 349 2542 403 111.
2583 381 2651 388 ——
2693 347 3106 403 EXEGETICA.
3816 343 3909 397 681

2429 464 2516 516 75.
2567 462 2812 533 Ὀρφανῷ
2842 464 2904 515 σὺ
2937 458 3078 531 ἦσθα
3114 459 3322 529 βοηθός.

2432 556 2519 607 7i.
2550 553 2840 624 Σύντρινᾷον
2884 553 2972 604 τδν
3027 553 3282 624 βραχίονα
3329 550 3418 602 τοῦ
3467 550 3791 622 ἁμαρτωλοῦ
3831 553 3913 605 ω

2362 662 2493 714 πονη
2505 644 2595 713 ροῦ
2637 659 2651 673 '

2432 736 2898 806 75.ξΖητηθήσεται
2919 738 2950 804 ἡ
2971 735 3210 805 ἁμαρτία
3228 734 3411 796 αὑτοῦ,
3427 736 3518 786 καὶ
3535 736 3594 787 οὗ
3620 735 3694 805 μὴ
3710 736 3910 806 εὑρεθῇ.

2435 829 2520 880 76.
2559 829 2871 880 Βασιλεύσει
2901 828 3103 899 Κύριος
3146 831 3224 890 είς
3256 828 3346 880 τὸν
3379 828 3569 888 αἰῶνα,
3599 830 3692 880 καὶ
3726 832 3803 890 είς
3838 830 3914 880 τὸν

2365 923 2536 976 αίῶνα
2565 921 2652 973 τοῦ
2686 921 2897 983 αἰῶνος.

2441 1016 2523 1067 77.
2572 1013 2898 1072 Ἀπολεῖσθε,
2935 1011 3082 1080 ἔθνη,
3116 1013 3178 1062 ἐκ
3205 1011 3301 1080 τῆς
3333 1012 3434 1080 γῆς
3462 1011 3650 1066 αὑτοῦ.

2441 1107 2526 1159 78.
2558 1107 2666 1174 Τὴν
2695 1104 2984 1172 ἐπιθυμίαν
3005 1102 3112 1154 τῶν
3136 1103 3376 1172 πενήτων
3401 1106 3685 1174 είσήκουσε
3711 1104 3916 1174 Κύριος.

2433 1198 2520 1252 79.
2551 1197 2628 1266 Τῇ
2657 1195 2938 1265 ἑτοιμασίᾳ
2978 1194 3074 1263 τῆς
3115 1193 3338 1264 καρδίας
3370 1195 3546 1248 αὐτῶν
3576 1196 3838 1268 προσέσχε
3869 1208 3920 1248 το

2367 1285 2458 1351 οὖς
2493 1306 2602 1341 σου.

2441 1382 2528 1436 80.
2563 1384 2755 1452 Κρῖναι
2786 1379 3003 1451 ὀρφανῷ
3034 1379 3127 1432 καὶ
3156 1379 3414 1447 ταπεινῷ,

2439 1476 2527 1527 81.
2568 1477 2682 1526 Ἱνα
2727 1474 2800 1544 μὴ
2843 1471 3048 1542 προσθῇ
3083 1471 3161 1523 ἐτι
3204 1471 3296 1524 τοῦ
3335 1473 3693 1542 μεγαλαυχεῖν
3727 1475 3918 1546 ἄνθρω-

2373 1587 2469 1631 πος
2499 1569 2590 1620 ἐπὶ
2613 1568 2710 1636 τῆς
2732 1567 2858 1634 γῆς.

2478 1682 2580 1744 Εἰς
2609 1678 2671 1731 τὸ
2699 1677 2869 1742 τέλος
2901 1677 3138 1744 ψαλμὸς
3167 1675 3244 1740 τῷ
3275 1677 3465 1729 Δειϐίδ.
3508 1680 3736 1732 ΨΑΑΜ.
3767 1679 3828 1731 1⁵.

2449 1791 2496 1843 1.
2517 1791 2636 1842 Ἐπὶ
2654 1788 2729 1858 τῷ
2745 1789 2930 1857 Κυρίῳ
2949 1789 3200 1847 πέποιθα,
3227 1787 3340 1849 πῶς
3359 1790 3529 1857 ἐρεῖτε
3553 1792 3617 1858 τῇ
3634 1788 3779 1858 ψυχῇ
3803 1804 3896 1856 μου
3913 1802 3927 1816 ⁸

2449 1882 2503 1936 2.
2528 1880 2936 1934 Μεταναστεύου
2969 1879 3058 1931 ἐπὶ
3090 1881 3156 1932 τὰ
3193 1880 3290 1950 ὅρη
3319 1880 3390 1942 ὡς
3423 1881 3732 1950 στρουθίον;

2447 1973 2498 2026 5.
2531 1974 2650 2025 ’Ὁτι
2679 1971 2784 2024 ἰδοὺ
2811 1973 2857 2022 οί
2887 1971 3191 2040 ἁμαρτωλοὶ
3220 1971 3487 2023 ἐνέτειναν
3510 1971 3661 2035 τόξον

2445 2067 2498 2120 4.
2541 2065 2872 2135 Ἠτοίμασαν
2907 2063 3032 2133 βέλη
3056 2065 3132 2126 είς
3162 2066 3458 2134 φαρέτραν,

2449 2159 2502 2213 5.
2532 2158 2638 2211 Τοῦ
2667 2149 3055 2221 κατατοξεῦσαὶ
3087 2159 3143 2208 ἐν
3188 2160 3490 2226 σκοτομηνῃ
3520 2157 3645 2220 τοὺς
3679 2156 3849 2219 εὐθεζς
3873 2170 3899 2206 τ

2379 2251 2592 2322 καρδία·

2449 2343 2502 2400 6.
2537 2345 2655 2396 ’Ότι
2689 2343 2722 2396 ἂ
2754 2345 2815 2395 σὺ
2851 2341 3180 2414 κατηρτίσω,
3213 2343 3364 2396 αὐτοὶ
3397 2341 3663 2395 καθεῖλον.

2451 2436 2504 2490 7.
2545 2436 2604 2487 '0
2636 2435 2689 2486 δέ
2721 2434 2921 2494 δίκαιος
2945 2433 2996 2485 τί
3027 2433 3278 2504 ἐποίησε;

2454 2529 2506 2582 8.
2539 2528 2740 2600 Κύριος
2774 2529 2829 2579 ἐν
2858 2524 2969 2595 ναῷ
2999 2524 3136 2593 ἁγίῳ
3168 2524 3329 2577 αὑτοῦ
3352 2541 3365 2556 °

1829 2659 2066 2714 ATHAN
2079 2661 2205 2716 ASII
2249 2663 2835 2720 INTERPRETATIO.

783 2782 871 2834 7'5.
901 2779 1216 2848 Orphanum
1260 2779 1391 2832 dicit
1423 2793 1544 2832 eum
1567 2817 1582 2841 ,
1623 2777 1714 2846 qui
1755 2791 1860 2830 non
1897 2778 2055 2832 habet
2085 2779 2275 2834 huma-

719 2888 846 2928 Lum
882 2874 1166 2927 auxilium.

790 2963 874 3018 74.
910 2963 1344 3016 Dominationcui
1379 2963 1597 3015 diaboli.

789 3055 874 3115 75,
905 3055 990 3109 76.
1019 3054 1300 3120 Quzeretur
1346 3065 1622 3123 peccatum
1655 3054 1793 3124 ejus,
1825 3063 1876 3108 et
1907 3071 2013 3108 non
2048 3057 2284 3126 amplius

720 3147 833 3217 ipse
876 3147 1126 3201 diabolus
1177 3147 1508 3209 invenietur;
1554 3147 1809 3214 quoniam
1857 3149 2084 3202 traditus
2115 3159 2198 3203 est
2231 3149 2284 3202 in

721 3236 894 3308 ignem
919 3246 1177 3290 aaternuni
1211 3255 1222 3288 :
1249 3247 1300 3290 et
1324 3238 1537 3290 demum
1566 3236 1824 3292 Dominus
1850 3240 1999 3293 solus
2022 3241 2283 3310 regnabit.

794 3415 878 3469 77.
918 3415 1137 3478 Gentes,
1172 3432 1291 3486 qum
1333 3417 1379 3471 ci
1413 3433 1518 3471 non
1559 3418 2090 3490 obtemperaverunt,
2125 3439 2154 3476 a
2186 3438 2287 3478 suo

722 3508 927 3563 caelesti
956 3525 1122 3577 regno
1151 3510 1476 3563 alienantur.

794 3600 880 3654 78.
919 3600 1252 3654 Desiderium
1281 3618 1576 3672 pauperum
1603 3607 1822 3660 exaudit
1853 3606 1994 3662 Deus
2024 3618 2078 3662 et
2105 3607 2290 3662 Domi-

725 3709 848 3758 nus,
875 3695 1129 3763 quoniam
1165 3711 1284 3763 qua:
1317 3696 1416 3764 ipsi
1457 3707 1605 3766 grata
1640 3708 1767 3753 sunt
1799 3701 2218 3771 concupiscunt.

795 3875 883 3928 79.
913 3875 1212 3930 Clamorem
1261 3893 1482 3935 eorum.
1532 3877 1624 3946 qui
1666 3879 1880 3932 contriti
1925 3890 1977 3933 ct
2025 3878 2289 3935 humiliati

726 3978 855 4023 sunt.
879 3970 1059 4033 corde,
1093 3971 1366 4024 exaudivit
1393 3971 1541 4025 auris
1573 3981 1683 4024 tua.

798 4059 884 4114 80.
924 4060 1142 4115 \‘indica
1173 4077 1285 4127 eos,
1317 4062 1408 4130 qui
1441 4063 1700 4116 auxilium
1739 4079 1845 4116 non
1879 4061 2110 4129 habent;

799 4151 882 4205 8|.
919 4151 994 4205 Ne
1023 4161 1209 4204 contra
1246 4154 1390 4221 ipsos
1423 4154 1702 4215 diabolus,
1735 4163 1788 4208 et
1817 4156 1910 4224 qui
1945 4157 2011 4208 ab
2044 4171 2109 4208 eo
2141 4165 2288 4218 sunt,

729 4244 1046 4312 superbiant
1078 4246 1130 4297 in
1160 4246 1336 4299 terris.

2457 2784 2543 2837 75.
2586 2783 2847 2854 Ὀρφανδν
2879 2781 3026 2849 λέγει
3071 2779 3170 2850 τὴν
3213 2777 3557 2849 ἀνθρωπίνην
3591 2777 3837 2848 βοήθειαν
3876 2780 3945 2854 μὴ

2312 2857 2355 2915 C
2388 2876 2594 2946 ἔχοντα.

2456 2969 2542 3021 74.
2569 2968 2676 3037 Τὴν
2705 2968 3020 3020 δυναστείαν
3047 2968 3139 3020 τοῦ
3163 2964 3420 3020 διαϐόλου,

2456 3059 2544 3120 75,
2579 3058 2665 3111 76.
2700 3058 3070 3129 Ζητηθήσεται
3117 3060 3148 3128 ἡ
3201 3057 3440 3126 ἁμαρτία
3490 3057 3691 3120 αὐτοῦ,
3737 3057 3823 3109 καὶ
3858 3055 3952 3108 οὐκ

2388 3151 2466 3204 ἐτι
2498 3151 2658 3210 αὐτὸς
2691 3152 2718 3202 ὁ
2749 3149 2990 3212 διάϐολος
3017 3150 3076 3201 οὐ
3121 3151 3193 3218 μὴ
3237 3149 3448 3218 εὑρεθῇο
3497 3149 3584 3201 διὰ
3628 3150 3689 3202 τὸ
3736 3150 3953 3221 παραδοι

2390 3243 2546 3312 θῆναι
2577 3243 2738 3295 αὐτὸν
2775 3242 2851 3312 τῷ
2883 3243 3083 3311 αἰωνίῳ
3113 3241 3265 3312 πυρὶ,
3301 3243 3392 3294 καὶ
3415 3241 3602 3294 λοιπὸν
3633 3244 3836 3313 Κύριος
3867 3243 3954 3313 μόο

2390 3353 2477 3398 νος
2506 3336 2830 3404 βασιλεύσει.

2462 3430 2548 3482 77.
2583 3430 2750 3498 Ἐθνη
2785 3429 2851 3482 τὰ
2901 3429 2973 3499 μὴ
3025 3428 3317 3498 πειθόμενα
3358 3425 3505 3496 αὐτῷ
3558 3427 3959 3498 ἀλλοτριοῦνται

2392 3519 2488 3588 τῆς
2517 3518 2834 3589 ἐπουρανίου
2864 3517 3025 3572 αὑτοῦ
3053 3517 3343 3586 βασιλείας.

2467 3611 2548 3664 78.
2579 3611 2686 3680 Τὴν
2730 3610 3017 3679 ἐπιθυμίαν
3049 3609 3155 3661 τῶν
3191 3610 3433 3677 πενήτων
3463 3609 3739 3662 εἰσακούει
3771 3611 3797 3662 ό
3834 3607 3962 3669 Θεδς

2393 3703 2488 3755 καὶ
2510 3702 2730 3774 Κύριος,
2759 3701 2943 3771 ἐπειδὴ
2983 3701 3050 3753 τὰ
3093 3702 3294 3771 ἀστέρα
3322 3699 3572 3771 ὶὰρεστα]
3603 3701 3749 3771 αὑτῷ
3774 3702 3961 3754 me»-

2399 3792 2496 3861 μοῦ
2506 3810 2577 3845 σι.

2467 3883 2552 3936 79.
2584 3882 2702 3935 Τῶν
2731 3885 3197 3955 συντετριμμένων
3245 3884 3334 3936 καὶ
3360 3886 3846 3955 τεταπεινωμένων
3872 3885 3964 3954 τὴν

2397 3976 2619 4044 καρδίαν
2651 3977 2845 4045 ἢκουσε
2872 3977 2968 4043 τῆς
2993 3976 3118 4044 βοῆς
3144 3975 3202 4026 τὸ
3235 3972 3325 4037 οὖς
3359 3993 3470 4027 σου.

2468 4067 2554 4120 80.
2585 4069 2808 4137 Ποιῆσαι
2836 4067 2929 4137 τὴν
2961 4068 3234 4136 ἐκδίκησιν
3263 4065 3369 4117 τῶν
3397 4065 3717 4135 ὰϐοηθήτων
3739 4081 3750 4092 ·

2471 4160 2558 4212 81.
2583 4161 2699 4212 Ἵνα
2731 4160 2804 4230 μὴ
2845 4160 2961 4212 κατ’
3001 4161 3192 4222 αὐτοὺς
3236 4160 3264 4209 ὁ
3308 4158 3549 4220 διάϐολος
3581 4161 3676 4212 καὶ
3720 4161 3767 4212 οί
3804 4157 3967 4212 αὐτοῦ

2329 4267 2369 4320 ι)
2401 4253 2767 4321 τετυφωμένοι
2791 4247 2923 4304 ὦσιν
2957 4252 3048 4304 ἐπὶ
3079 4253 3172 4322 τῆς
3205 4251 3328 4320 γῆς.

812 4362 875 4415 Ἦ
905 4365 1235 4434 προκειμένη
1284 4366 1560 4438 ἐπιγραφή
1601 4369 1634 4438 ἡ
1677 4367 1764 4420 διὰ
1807 4368 1906 4438 τῆς
1943 4369 2309 4438 κινναϐάρεως
2337 4370 2597 4441 περιέχει·
2629 4373 2732 4435 Είς
2779 4369 2843 4423 τὸ
2875 4369 3047 4434 τέλος
3078 4367 3316 4437 ψαλμὸς
3355 4364 3434 4430 τῷ
3470 4367 3669 4428 Δαὸὶδ,
3705 4369 3974 4423 τουτέστιν

731 4457 816 4510 ἐπ’
847 4460 1085 4529 ἐσχάτων
1111 4461 1217 4512 τῶν
1243 4465 1448 4532 χρόνων
1482 4463 1694 4536 εἴρηται
1731 4466 1759 4518 6
1785 4465 1994 4536 ψαλμὸς
2025 4467 2103 4528 είς
2137 4468 2260 4529 τοὺς
2292 4468 2478 4536 ἁγίους
2523 4467 2616 4519 τοῦ
2655 4467 2808 4520 Θεοῦ.
2841 4467 3003 4519 Δαὸὶδ
3027 4466 3134 4536 γὰρ
3169 4463 3546 4534 ἑρμηνεύεται,
3579 4466 3807 4518 τούτων
3839 4467 3976 4521 ἐπό-

732 4552 908 4618 θησα,
942 4552 1183 4605 τουτέστι
1211 4553 1318 4606 τῶν
1341 4555 1528 4624 ἁγίων.

803 4663 1036 4728 Titulus.
1072 4669 1161 4736 qui
1199 4670 1404 4740 psalmo
1438 4672 1786 4741 praponitur,
1824 4671 2100 4725 cinnabari
2136 4671 2371 4739 scriptus
2401 4671 2638 4724 continet
2674 4687 2684 4721 :
2725 4669 2788 4722 In
2815 4671 2972 4740 finem
2993 4673 3227 4741 psalmus
3245 4673 3557 4738 David,hoc
3590 4685 3675 4730 est
3710 4677 3762 4730 in
3803 4678 3981 4730 novis-

736 4759 890 4816 simis
911 4763 1242 4831 tcmporihus
1259 4767 1501 4834 psalmus
1523 4766 1720 4821 dicitur
1743 4767 1806 4820 de
1827 4768 2027 4822 sanctis
2052 4766 2164 4820 Dei.
2191 4765 2356 4821 David
2382 4769 2524 4820 enim
2547 4767 2950 4836 interpretatur,
2973 4770 3064 4820 hos
3083 4771 3396 4834 desideravi,
3433 4772 3535 4825 hoc
3555 4782 3635 4826 est
3669 4784 3917 4828 sanctos.

809 4855 860 4910 1.
899 4855 953 4910 In
990 4857 1098 4913 Deo
1124 4862 1355 4929 speravi,
1391 4863 1518 4930 quid
1552 4863 1829 4917 suadetis?

807 4951 863 5006 2.
895 4950 1102 5007 Extolle
1129 4955 1313 5008 oculos
1346 4955 1540 5008 mentis
1569 4964 1672 5008 tuae
1706 4957 1770 5009 ad
1799 4956 2059 5018 caalestia,
2095 4965 2147 5008 et
2178 4956 2302 5010 nul-

740 5043 846 5096 lam
880 5044 1274 5099 mundanarum
1308 5062 1484 5099 rerum
1517 5061 1698 5100 curam
1735 5062 1880 5116 gere.

808 5135 886 5188 5-
911 5136 964 5189 5.
1000 5135 1262 5201 Quoniam
1303 5136 1572 5190 dazmones
1614 5137 1934 5206 cupiditates
1966 5147 2019 5190 et
2055 5145 2300 5190 ostenta-

740 5227 916 5280 tiones
960 5227 1118 5296 hujus
1151 5228 1269 5281 vitaa
1311 5229 1609 5283 immittunt
1640 5231 1778 5283 inter
1821 5231 2072 5284 tenebras
2113 5230 2300 5283 mundi

739 5319 795 5375 in
833 5320 997 5375 corda
1024 5322 1314 5389 iustorum.

811 5411 864 5465 6.
898 5411 1316 5468 Justiﬁcationes
1360 5413 1594 5476 Domini,
1627 5430 1763 5484 quas
1809 5413 1920 5480 ipse
1948 5413 2293 5484 praeparavit,

742 5504 843 5574 ipsi
874 5507 1273 5560 subverterunt.

814 5599 865 5654 7.
898 5597 1085 5653 Justus
1112 5611 1289 5655 autem
1322 5601 1451 5669 quid.
1488 5603 1678 5654 horum
1711 5600 1873 5656 fecit?

814 5693 866 5745 8.
901 5691 1160 5746 Dominus
1197 5709 1301 5746 non
1343 5695 1392 5745 in
1439 5693 1708 5762 speluncis
1738 5693 2112 5747 haereticorum
2148 5692 2304 5744 inha-

725 5785 898 5846 -hitat,
935 5786 1026 5839 sed
1061 5787 1112 5839 in
1141 5786 1340 5855 templo
1371 5795 1557 5841 sancto
1588 5803 1710 5841 suo.

2473 4862 2522 4915 1.
2561 4863 2681 4914 Ἐπὶ
2707 4861 2782 4930 τῷ
2812 4863 2998 4934 Κυρίῳ
3025 4863 3248 4932 ἡλπισα,
3277 4865 3326 4916 τί
3358 4865 3790 4934 συμϐουλεύετε;

2477 4953 2530 5006 2-
2561 4955 2624 5005 Ἕ
2639 4971 2800 5024 πειρον
2825 4956 2950 5017 τοὺς
2978 4954 3285 5024 ὀφθαλμοὺς
3307 4959 3404 5026 τῆς
3429 4957 3666 5020 διανοίας
3696 4975 3793 5010 σου
3822 4963 3902 5021 εἰς
3921 4958 3983 5010 τὰ

2407 5045 2723 5114 ἐπουράνια,
2754 5048 2845 5097 καὶ
2878 5046 3144 5117 μηδεμίαν
3171 5046 3260 5116 ἔχε
3287 5048 3540 5118 φροντίδα
3566 5048 3854 5120 βιωτικήν.

2478 5138 2597 5190 5-5.
2655 5139 2776 5189 ’Ότι
2817 5138 2865 5189 οί
2932 5139 3183 5207 δαίμονες
3224 5139 3321 5200 τὰς
3375 5139 3674 5208 ’ἐπιθυμίας
3735 5143 3834 5193 καὶ
3895 5145 3985 5205 τὰς

2409 5229 2725 5292 ἀλαζονείας
2756 5229 2849 5280 τοῦ
2888 5229 3000 5298 βίου
3051 5231 3496 5300 καταπέμπουσιν
3524 5232 3602 5293 είς
3631 5234 3731 5296 τὰς
3765 5237 3988 5306 καρδίας

2409 5323 2514 5374 τῶν
2545 5322 2768 5374 δικαίων
2803 5325 2858 5374 ἐν
2897 5321 2974 5391 τῷ
3007 5325 3185 5375 σκότει
3216 5323 3308 5375 τοῦ
3338 5325 3558 5393 κόσμου.

2483 5415 2533 5467 6.
2564 5416 2640 5466 Τὰ
2671 5413 3007 5483 δικαιώματα
3053 5415 3144 5467 τοῦ
3189 5417 3412 5487 Κυρίου,
3457 5415 3490 5468 ἃ
3537 5415 3698 5478 αὐτὸς
3729 5419 3992 5490 κατηρτί-

2418 5525 2563 5569 σατο,
2600 5508 2750 5559 αὐτοὶ
2778 5508 3224 5578 ἀπεστράφησαν.

2485 5601 2536 5652 7.
2584 5601 2640 5651 Ὀ
2667 5601 2721 5651 δὲ
2748 5600 2950 5663 δίκαιος
2986 5603 3038 5660 τί
3062 5601 3216 5653 τοῦτο
3247 5599 3494 5671 [τούτων]
3519 5600 3782 5670 ἐποίησεν
3805 5621 3820 5667 ;

2488 5693 2540 5747 8.
2572 5691 2772 5765 Κύριος
2810 5695 2908 5745 οὐκ
2948 5696 3006 5746 ἐν
3048 5693 3329 5762 σπηλαίοις
3374 5693 3666 5764 αἱρετικῶν
3716 5695 3996 5763 κατοικεῖ,

2421 5784 2532 5837 ἀλλ’
2570 5787 2628 5838 ὲν
2654 5785 2762 5841 ναῶ
2796 5786 2934 5850 ἁγίῳ
2960 5785 3141 5838 αὐτοῦ.
