4068 6318
677 310 780 365 687
1484 300 1538 355 S.
1579 297 1946 354 ATHA‘NASII
1987 296 2139 351 OPP.
2181 295 2361 354 PARS
2406 294 2491 350 Ill.
2535 326 2604 337 -—-
2643 291 3054 347 EXEGETICA.
3824 286 3940 342 688

749 429 800 479 8.
831 425 993 479 Latna
1017 431 1201 478 nostra
1227 437 1255 475 a
1287 421 1442 475 nobis
1471 429 1613 474 sunt.

2415 413 2468 468 8.
2505 413 2585 467 Τὰ
2614 413 2763 484 χείλη
2795 412 2952 482 ήμῶν
2986 411 3114 482 παρ’
3147 412 3276 480 ἡμῖν
3299 411 3431 464 ἐστι·

752 519 804 572 9.
836 517 968 583 Quis
1003 526 1184 569 noster
1215 513 1474 566 Dominus
1503 511 1619 565 est?

2416 508 2468 562 9.
2507 507 2602 570 Τίς
2635 507 2790 576 ἡμῶν
2821 505 3021 573 Κύριός
3050 507 3230 568 ὲστιν;

753 609 836 662 10.
876 609 1097 677 Propter
1134 604 1682 671 miseriunninopum,

2418 598 2502 652 10.
2539 599 2761 651 Ἕνεκεν
2789 598 2884 668 τῆς
2909 597 3280 666 ταλαιπωρίας
3317 595 3421 647 τῶν
3449 593 3700 663 πτωχῶν,

755 701 774 752 1
792 701 836 754 1.
864 700 929 753 Et
949 701 1203 769 gemitum
1234 711 1552 766 pauperum,

2415 690 2500 742 11.
2530 691 2638 741 Kal.
2662 686 2753 740 τοῦ
2783 686 3083 757 στεναγμοῦ
3112 688 3217 738 τῶν
3243 687 3507 756 πενήτων,

754 796 839 848 1Ξ.
870 794 1021 849 Nunc
1048 809 1332 862 exsurgant
1377 789 1550 859 (dicit
1592 787 1894 854 Dominus)
1931 803 1943 838 :

1931 803 1943 838 :
2418 782 2502 835 12.
2537 782 2649 834 Νῦν
2675 781 3064 849 ἀναστήςομαι,
3099 778 3245 846 λέγει
3287 777 3488 847 Κύριος
3512 817 3526 843 ,

757 889 842 942 15.
876 887 1080 941 Ponam
1113 887 1165 939 in
1198 883 1450 940 salutari:
1487 882 1808 936 ﬁducialiter
1839 892 1993 948 agam
2029 876 2081 930 in
2116 889 2207 928 eo.

2418 876 2501 928 15.
2533 875 2780 944 Θήσομαι
2809 874 2865 924 ἐν
2886 871 3163 943 σωτηρίῳ·
3193 872 3638 941 παρρησιάσομαι
3665 870 3724 919 ἐν
3751 865 3933 934 αὐτῷ.

756 979 843 1031 14.
880 978 1101 1048 Eloquia
1135 977 1382 1040 Domini,
1413 974 1627 1043 eloquia
1659 982 1835 1026 casta.

1830 1009 1835 1023 .
2419 967 2502 1020 14.
2537 966 2616 1018 Τὰ
2645 966 2802 1033 λόγια
2832 964 3060 1034 Κυρίου,
3093 963 3252 1031 λόγια
3281 964 3436 1030 ἁγνά.

755 1069 840 1123 15.
878 1074 1170 1139 Argentum
1195 1069 1317 1138 igne
1339 1065 1731 1124 examinatum,
1760 1059 2042 1131 probatum
2065 1066 2242 1118 terrae,

2177 1069 2242 1118 af,
2421 1060 2506 1113 15.
2541 1059 2825 1130 Ἀργύριον
2854 1057 3269 1128 πεπυρωμένον,
3299 1057 3540 1127 δοκίμιον
3569 1059 3638 1126 τῇ
3667 1058 3742 1125 γῇ
3767 1096 3783 1118 ,

754 1162 840 1215 16.
869 1159 1164 1232 Purgatum
1197 1158 1530 1230 septuplum.

2417 1151 2499 1205 16.
2533 1151 3018 1221 Κεκαθαρισμένον
3053 1151 3454 1213 ὲπταπλασίως.

757 1254 844 1308 17.
877 1253 980 1318 Τιι,
1015 1253 1258 1315 Domine,
1283 1251 1524 1306 servabis
1555 1263 1673 1313 nos,
1708 1257 1763 1302 et
1793 1243 2071 1301 custodies
2107 1258 2206 1296 nos
2231 1280 2244 1304 ,

2421 1243 2504 1296 17.
2538 1243 2629 1306 Σὺ,
2663 1243 2852 1315 Κύριε,
2889 1241 3148 1312 φυλάξαις
3195 1245 3341 1313 ἡμᾶς
3365 1281 3378 1305 ,
3427 1242 3517 1294 καὶ
3556 1241 3942 1312 διατηρήσαις

720 1408 722 1411 ,
2349 1338 2528 1409 ἡμᾶς,

757 1438 844 1493 18.
878 1437 918 1490 Α
953 1445 1296 1507 generatione
1321 1439 1440 1502 hac,
1473 1444 1527 1491 et
1556 1437 1608 1490 in
1643 1444 1929 1489 aeternum.

2421 1429 2505 1483 18.
2552 1427 2683 1480 Ἀπὸ
2713 1429 2811 1498 τῆς
2851 1429 3040 1496 γενεᾶς
3069 1427 3293 1497 ταύτης,
3330 1427 3423 1479 καὶ
3461 1426 3541 1488 εἰς
3568 1442 3661 1478 τον
3691 1442 3901 1476 αιωνα.

761 1531 845 1586 19.
879 1529 935 1584 In
968 1531 1196 1586 circuitu
1230 1530 1378 1599 impii
1416 1528 1730 1584 ambulant:

2425 1519 2506 1573 19.
2545 1518 2741 1588 Κύκλῳ
2766 1520 2816 1570 οἱ
2857 1517 3070 1581 ἀσεϐεῖς
3103 1516 3500 1589 περιπατοῦσι·

755 1620 846 1675 20.
909 1621 1218 1675 Secundum
1270 1620 1607 1673 altitudinem
1670 1628 1813 1674 tuam
1872 1613 2248 1694 multiplicasti

2422 1614 2510 1667 20.
2547 1614 2703 1667 Κατὰ
2748 1614 2809 1666 τὸ
2847 1612 2976 1681 ὕψος
3044 1629 3134 1665 σου
3182 1610 3567 1682 ὲπολυώρησας
3615 1610 3747 1673 τοὺς
3783 1609 3944 1672 uici;

693 1715 836 1770 ﬁlios
866 1714 1170 1768 hominum.
1953 1691 1955 1694 ⁴
2244 1690 2248 1696 ’
2289 1707 2299 1761 1

1953 1691 1955 1694 ί
2244 1690 2248 1696 Ι
2289 1707 2330 1761 Β
2359 1709 2465 1761 τῷν
2500 1705 2819 1777 ἀνθρώπων.

868 1801 934 1856 1η
961 1803 1115 1872 ﬁnem
1147 1802 1378 1870 psalmus
1405 1799 1592 1855 David.
1629 1796 1889 1853 PSALM.
1923 1795 2068 1851 ΧΗ.
2425 1799 2471 1849 Ε

2425 1798 2528 1861 Είς
2553 1795 2614 1847 τὸ
2651 1794 3092 1862 τέλοςψαλμύς
3125 1791 3202 1856 τῷ
3233 1792 3427 1845 Δαϐίὸ.
3480 1795 3711 1846 ΨΑΛΜ.
3749 1791 3876 1845 IB'.

764 1897 812 1952 1.
847 1892 1164 1965 Usquequo,
1195 1893 1439 1960 Domine,
1485 1891 1820 1947 Oblivisceris
1853 1905 1939 1944 me
1974 1890 2026 1943 in
2061 1888 2258 1942 ﬁnem?

2236 1889 2258 1942 τ
2435 1884 2662 1947 1.“Ἐως
2690 1884 2839 1949 πότε,
2875 1884 3065 1954 Κύριε,
3102 1881 3332 1952 ἐπιλήσῃ
3370 1899 3472 1951 μου
3505 1884 3585 1944 είς
3631 1881 3832 1944 τέλοςῖ

1801 2112 2171 2170 ATHANASII
2217 2104 2784 2167 lNTERPllETAT‘IO

764 2325 817 2390 8,
843 2324 894 2379 9.
924 2322 1049 2379 llum
1076 2323 1308 2377 dixerint
1338 2321 1629 2383 daemones,
1651 2327 1947 2383 eorumque
1980 2327 2261 2382 sequaces.

2433 2312 2487 2377 8,
2513 2313 2564 2367 9.
2592 2312 2775 2366 Ταυτα
2801 2313 2849 2364 οἱ
2874 2311 3122 2382 δαίμονες
3148 2309 3213 2364 ἂν
3235 2311 3477 2363 είποςσαν
3495 2310 3595 2380 (a),
3623 2311 3716 2363 καὶ
3737 2312 3793 2362 οἱ
3822 2310 3951 2364 τού-

2364 2421 2474 2466 τοις
2501 2405 2772 2473 ἑπόμενοι.

770 2499 857 2553 10.
890 2497 1116 2564 Propter
1145 2495 1509 2550 inﬁrmitatem
1543 2493 2039 2563 pusillanimorum.

2436 2493 2522 2547 10.
2555 2495 2779 2546 Ἕνεκεν
2807 2495 2904 2564 τῆς
2937 2493 3217 2554 ἀσθενείας
3245 2491 3354 2545 τῶν
3383 2492 3739 2563 ὁλιγοψύχων.

772 2591 859 2645 11.
891 2588 1191 2652 Justorum,
1225 2589 1318 2643 ait.
2291 2601 2334 2658 ο

2291 2601 2334 2658 c
2438 2585 2497 2638 11
2550 2585 2667 2638 Τῶν
2695 2585 2937 2651 δικαίων,
2969 2587 3135 2653 λέγει.

776 2684 864 2737 12.
904 2681 970 2737 Ut
1000 2682 1305 2737 adveniam.

2443 2677 2530 2730 12.
2579 2676 2700 2730 Ἐπὶ
2733 2677 2793 2729 τὸ
2820 2677 3241 2748 παραγενέσθαι.

775 2775 860 2829 15.
895 2774 951 2828 In
981 2789 1140 2829 cruce
1162 2773 1294 2826 dicit
1322 2770 1644 2824 ﬁducialiter
1678 2783 1857 2837 agam,
1881 2775 1935 2821 et
1961 2765 2267 2836 triumpha-

2447 2766 2529 2820 13.
2566 2766 2654 2836 Τῷ
2686 2766 2922 2836 σταυρῷ,
2945 2768 3597 2838 λέγει,παρῤησιάσομαι,
3627 2773 3726 2820 καὶ
3758 2766 3952 2838 θριαμ-

702 2869 771 2922 ho
825 2867 890 2921 de
941 2862 1332 2935 principatibus
1402 2871 1456 2915 et
1501 2859 1858 2931 potestatibus
1921 2857 2264 2913 tenebrarum

2375 2858 2552 2912 δεύσω
2583 2859 2680 2922 τὰς
2713 2859 2916 2930 ἀρχὰς,
2963 2860 3059 2922 τὰς
3114 2857 3355 2922 ἐξουσίας
3427 2859 3520 2911 τοῦ
3575 2860 3806 2923 σκότους
3865 2858 3951 2912 τοῦ

707 2959 869 3028 hujus
894 2956 1101 3012 saeculi.
1986 3001 2006 3020 .

1986 3001 2006 3020 ,
2378 2949 2572 3010 αἰῶνος
2597 2947 2803 3003 τούτου.

786 3050 974 3105 11—16.
1007 3048 1103 3103 Est
1125 3055 1427 3118 argentum,
1456 3045 1600 3116 quod
1650 3043 1850 3113 septies
1900 3043 2027 3111 igne
2065 3039 2274 3096 exami-

2452 3036 2686 3092 1-1-16.
2721 3038 2906 3089 Ἔστιν
2959 3037 3217 3108 ἀργύριον
3286 3039 3412 3106 Ξπερ
3470 3037 3813 3108 πυρούμενον
3866 3038 3955 3091 εε-

707 3153 896 3200 natum
931 3142 1156 3214 probius
1199 3141 1416 3206 evadit;
1464 3140 1535 3192 ita
1591 3137 1751 3208 igitur
1793 3134 2007 3203 eloquia
2058 3131 2270 3187 Domini

2374 3132 2535 3201 δομον
2585 3128 3020 3200 θαυμαστότερον
3051 3132 3296 3196 γίνεται·
3337 3131 3504 3193 οὕτως
3547 3128 3641 3185 οῦν
3693 3132 3763 3185 τὰ
3794 3133 3953 3202 λόγια

707 3246 910 3308 septem
945 3235 1136 3291 diebus
1157 3234 1402 3305 probata,
1433 3233 1537 3285 hoc
1569 3237 1652 3282 est
1675 3225 1904 3296 singulis
1925 3224 2118 3280 diebus
2141 3237 2269 3293 pro—

2377 3223 2581 3293 Κυρίου
2616 3221 2672 3273 ἐν
2721 3223 2838 3284 ταῖς
2888 3221 3026 3274 ἑπτὰ
3074 3222 3304 3291 ἡμέραις
3349 3221 3794 3293 δοκιμαζόμενα,
3832 3241 3957 3277 του-

708 3332 918 3387 batiora
947 3328 1300 3383 inveniuntur
1328 3328 1396 3378 ab
1418 3320 1831 3392 exquirentibus
1857 3332 1943 3372 ea.

2376 3315 2524 3368 τέστι
2556 3315 2676 3368 καθ’
2726 3316 2990 3387 ἑκάστην,
3048 3317 3387 3386 δοκιμώτερα
3434 3317 3782 3387 εὑρίσκονται
3841 3323 3955 3383 τοῖς

2377 3408 2696 3480 ἐκζητοῦσιν
2723 3409 2881 3462 αὐτὰ.

782 3514 869 3575 17,
907 3511 990 3566 18.
1019 3509 1122 3572 Τυ,
1154 3507 1401 3571 Domine,
1434 3499 1800 3560 circumdabis
1825 3513 1943 3562 nos,
1977 3506 2029 3551 et
2071 3504 2273 3552 custo-

2453 3502 2540 3567 17,
2576 3502 2661 3555 18.
2700 3503 2792 3565 Σὺ,
2829 3501 3019 3572 Κύριε,
3055 3500 3360 3564 κυκλώσεις
3386 3504 3552 3573 ἡμᾶς,
3585 3505 3682 3558 καὶ
3714 3507 3929 3575 φρουρὴ

711 3606 826 3661 dies
854 3618 953 3659 nos
985 3616 1149 3666 nunc,
1181 3608 1230 3653 et
1263 3599 1316 3652 in
1347 3595 1531 3651 futuro
1558 3591 1780 3648 saeculo.

2383 3611 2496 3658 σεις
2530 3597 2677 3666 ἡμᾶς
2709 3596 2766 3648 ὲν
2803 3595 2880 3665 τῷ
2905 3594 2998 3648 νῦν
3047 3597 3139 3647 καὶ
3170 3597 3226 3647 ἐν
3258 3595 3335 3665 τῷ
3363 3598 3606 3664 μέλλοντι
3634 3599 3817 3650 αἰῶνι.

787 3696 869 3753 19.
906 3694 1183 3750 Daemones
1215 3686 1707 3745 circumamhulant
1735 3682 1792 3735 in
1817 3680 2039 3745 mundo,
2071 3680 2184 3733 sive
2214 3677 2273 3732 in

2453 3685 2540 3737 19.
2581 3685 2669 3736 Ἐν
2697 3683 2773 3754 τῷ
2807 3685 2995 3753 κόσμῳ
3029 3684 3059 3753 ἢ
3086 3685 3144 3736 ὲν
3174 3688 3289 3747 ταῖς
3320 3686 3568 3756 καρδίαις
3603 3687 3712 3739 τῶν
3744 3689 3950 3760 ἀνθρώ-

715 3790 970 3846 cordibus
999 3787 1305 3842 hominum.

2385 3793 2499 3829 πων
2532 3777 2580 3828 οἱ
2614 3775 2864 3846 δαίμονες
2898 3777 3278 3841 περιπατοῦσι.

784 3880 873 3936 20.
915 3878 1157 3942 Domine,
1206 3876 1259 3930 in
1300 3874 1497 3928 virtute
1537 3882 1626 3928 tua
1677 3870 1889 3927 traxisti
1937 3867 2002 3923 ad
2043 3866 2274 3939 teipsum

2455 3866 2544 3919 20.
2578 3868 2768 3939 Κύριε,
2806 3871 2862 3921 ἐν
2892 3871 2955 3939 τῇ
2983 3868 3211 3939 δυνάμει
3242 3887 3334 3923 σου
3362 3870 3614 3935 εἴλκυσας
3637 3872 3774 3943 πρὸς
3801 3890 3959 3927 σεαυ-

716 3974 859 4031 ﬁlios
889 3972 1191 4027 hominum.
2318 3954 2322 4008 1

2318 3953 2360 4012 D
2388 3958 2480 4011 τὸν
2509 3959 2632 4023 τοὺς
2665 3959 2814 4022 υἱοὺς
2845 3959 2952 4013 τῶν
2985 3959 3307 4032 ἀνθρώπων.

798 4144 865 4197 Ἥ
891 4142 1222 4213 προκειμένη
1250 4142 1526 4213 ἐπιγραφὴ
1568 4142 1601 4211 ἡ
1650 4139 1738 4194 διὰ
1781 4141 1878 4212 τῆς
1929 4140 2298 4212 κινναϐάρεως
2328 4139 2566 4212 περιέχει
2586 4143 2723 4207 Ἐἰς
2755 4144 2815 4196 τὸ
2851 4143 3025 4211 τέλος
3055 4146 3295 4214 unum
3329 4144 3410 4211 τῷ
3441 4146 3648 4200 Δαϐίδ·
3684 4150 3958 4202 τουτέστιν

719 4240 800 4301 εις
832 4235 891 4288 τὸ
916 4235 1066 4299 τέλος
1092 4235 1199 4289 τῷν
1225 4234 1434 4287 αἰώνων
1462 4236 1489 4287 ὁ
1516 4232 1727 4304 ψαλμδς
1756 4226 1910 4295 οὗτος
1946 4234 2155 4304 εἴρηται
2183 4231 2260 4302 τῷ
2288 4233 2452 4304 ἱκανῷ
2491 4237 2556 4306 τῇ
2590 4237 2732 4308 χειρὶ
2761 4235 2840 4306 τῷ
2872 4235 2986 4306 Υἱῷ
3017 4236 3108 4289 τοῦ
3147 4236 3280 4289 Θεοῦ
3327 4238 3395 4291 τὰ
3623 4239 3710 4292 διὰ
3742 4241 3840 4308 τῆς
3873 4240 3957 4292 δυ-

720 4328 969 4393 ναστείας
989 4327 1096 4380 τῶν
1130 4327 1462 4397 παθημάτων
1493 4325 1656 4378 αὑτοῦ
1691 4327 2093 4396 καταργήσαντι
2122 4325 2213 4378 τὸν
2257 4324 2504 4390 θάνατον,
2538 4331 2629 4381 καὶ⁵
2676 4329 2766 4382 τὸν
2795 4328 2857 4381 τὸ
2885 4330 3083 4401 νράτος
3121 4328 3308 4400 ἔχοντα
3356 4330 3544 4385 τούτου
3574 4333 3667 4386 τὸν
3694 4332 3953 4387 διάϐολον.

733 4418 1003 4480 Ὡσαύτως
1033 4416 1090 4469 δὲ
1115 4418 1148 4486 ἡ
1180 4415 1314 4485 αὐτὴ
1341 4417 1641 4485 ἐπιγραφὴ,
1667 4415 1740 4478 ὡς
1767 4412 1942 4486 οἶμαι,
1975 4419 2191 4488 εῐρηται
2220 4417 2311 4468 καὶ
2336 4418 2414 4480 εἰς
2439 4417 2499 4470 τὸ
2536 4419 2690 4486 γένος
2717 4419 2826 4472 τῷν
2855 4418 3171 4490 ἀνθρώπων.
3211 4423 3362 4491 Ἔχει
3395 4425 3501 4494 γάρ
3525 4440 3537 4453 ·
3575 4427 3680 4491 Εἰς
3704 4425 3770 4478 τὸ
3790 4425 3956 4489 τέλος

724 4514 962 4584 sti-algor;
990 4511 1069 4577 τῷ
1097 4511 1270 4565 Δαϐίδ
1293 4528 1306 4541 ·
1344 4511 1542 4564 ὡσανεὶ
1575 4513 1654 4574 είς
1699 4512 1760 4563 τὸ
1805 4511 1955 4575 τέλος
2001 4511 2096 4565 τοῦ
2144 4511 2506 4586 πληρώματος
2536 4513 2644 4567 τῶν
2698 4514 2906 4586 καιρῶν
2948 4517 2975 4568 ὁ
3008 4515 3219 4587 ψαλμδς
3249 4512 3403 4581 οὗτος
3434 4517 3649 4590 ετρηται
3684 4519 3762 4588 τῷ
3795 4519 3955 4589 μόνῳ,

724 4608 867 4677 λέγω
898 4607 962 4678 δὴ
994 4607 1073 4677 τῷ
1104 4606 1247 4674 γένει
1278 4605 1383 4657 τῶν
1417 4603 1739 4676 ἀνθρώπων,
1788 4608 1928 4677 φημὶ
1976 4606 2039 4678 δὴ
2075 4606 2151 4677 τῷ
2181 4606 2488 4680 ἀϐοηθήτῳ.
2522 4610 2594 4662 Ού
2640 4610 2798 4680 μόνον
2825 4611 2934 4682 γὰρ
2966 4612 3128 4665 Δαὸὶδ
3160 4613 3518 4682 ἑρμηνεύεται
3553 4615 3760 4680 ἱκανὸς
3790 4624 3953 4684 χειρὶ,

725 4700 858 4754 ἀλλὰ
881 4700 974 4754 καὶ
1001 4700 1208 4769 μόνος,
1237 4702 1371 4772 ὅπερ
1401 4701 1610 4771 ὑπῆρχε
1637 4698 1696 4752 τὸ
1728 4698 1881 4768 γένος
1909 4699 2024 4754 τῶν
2051 4699 2353 4772 ἀνθρώπων
2374 4703 2478 4773 πρὸ
2512 4702 2609 4773 τῆς
2632 4705 2933 4776 παρουσίας
2955 4705 3048 4759 τοῦ
3080 4705 3211 4758 Υἱοῦ
3245 4705 3338 4760 τοῦ
3375 4706 3528 4760 Θεοῦ.

798 4815 1030 4880 Titulus,
1065 4817 1155 4883 qui
1209 4816 1417 4882 psalmo
1451 4813 1815 4881 praemittitur.
1869 4811 2156 4866 cinnabari
2211 4815 2445 4885 scriptus
2491 4817 2771 4870 continet:
2816 4815 2881 4869 In
2925 4818 3104 4886 ﬁnem,
3138 4818 3372 4888 psalmus
3399 4818 3570 4872 David
3599 4837 3618 4873 :
3655 4821 3758 4875 hoc
3788 4831 3871 4876 est
3904 4821 3953 4874 in

728 4910 831 4963 ﬁne
864 4908 1183 4964 saeculorum
1214 4906 1455 4976 psalmus
1510 4907 1612 4960 istc
1667 4907 1844 4961 dictus
1907 4916 1990 4961 est
2037 4923 2201 4963 manu
2233 4913 2436 4980 potenti
2474 4910 2565 4964 Dei
2603 4910 2762 4976 Filio,
2795 4913 2886 4982 qui
2926 4913 3165 4982 potentia
3228 4929 3341 4968 suae
3389 4915 3661 4984 passionis
3698 4917 3955 4972 destruxit

727 5016 955 5060 mortem
999 5015 1052 5060 et
1084 5003 1377 5069 diabolum,
1413 5004 1506 5073 qui
1542 5004 1705 5073 hujus
1737 5011 2065 5073 potestatem
2105 5005 2356 5063 habebat.
2417 5006 2680 5061 Similiter
2729 5009 2916 5063 eadem
2965 5009 3271 5078 inscriptio,
3323 5019 3380 5063 ut
3411 5011 3688 5076 existimo,
3721 5013 3858 5068 diem
3881 5023 3953 5066 es;

729 5104 888 5157 etiam
923 5105 974 5156 in
999 5119 1168 5172 genus
1198 5103 1515 5156 humanum.
1546 5099 1715 5155 liabet
1743 5101 1891 5155 enim
1920 5119 1932 5154 :
1968 5102 2021 5154 in
2044 5102 2201 5169 ﬁnem
2234 5103 2469 5172 psalmus
2505 5103 2694 5169 David,
2736 5104 2985 5160 videlicet
3013 5107 3067 5159 in
3110 5106 3218 5160 ﬁne
3264 5106 3614 5175 plenitudinis
3661 5119 3948 5178 temporum

728 5197 968 5267 psalmus
1006 5197 1106 5249 iste
1137 5197 1312 5251 dictus
1335 5205 1415 5250 est
1432 5194 1502 5256 ei,
1531 5195 1619 5265 qui
1648 5196 1796 5250 solus
1829 5207 1974 5258 erat,
2023 5196 2229 5251 scilicet
2260 5209 2499 5252 humano
2543 5198 2745 5269 generi,
2779 5199 2924 5267 quod
2964 5199 3164 5264 solum,
3205 5198 3447 5268 inquam,
3480 5208 3534 5252 et
3568 5201 3772 5254 auxili»
3802 5200 3954 5263 desii,

731 5299 902 5342 tutum
926 5297 1061 5342 erat.
1106 5286 1312 5341 Etenim
1344 5287 1512 5341 David
1547 5303 1654 5340 non
1715 5288 1877 5343 modo
1915 5289 2301 5359 interpretatur
2339 5307 2497 5344 manu
2532 5300 2739 5359 potens,
2762 5293 2853 5346 sed
2885 5293 3049 5346 etiam
3077 5290 3240 5357 solus,
3265 5291 3424 5362 quale
3453 5290 3556 5346 fuit
3583 5309 3754 5364 genus
3778 5293 3954 5350 buma-

731 5399 858 5439 num
884 5394 1006 5438 ante
1033 5383 1321 5439 adventum
1353 5381 1476 5438 Filii
1512 5381 1628 5440 Dei.

803 5569 853 5622 1.
888 5569 964 5623 Ex
998 5584 1223 5630 persona
1255 5568 1605 5623 humanitatis
1651 5569 1916 5637 loquitur.

2473 5570 2521 5624 1.
2568 5568 2658 5623 Ἐκ
2687 5569 2976 5624 ποοσώπου
3018 5569 3114 5640 τῆς
3143 5566 3560 5640 ἀνθρωπότητος
3587 5565 3751 5636 λέγει.

805 5746 881 5814 (a)
915 5747 1221 5804 Εἶποισιιν.
1264 5749 1422 5804 Forte
1466 5748 1704 5813 εἴπασαν,
1741 5757 1798 5802 ιιι
1834 5747 2062 5805 είδοσαν.
2088 5747 2250 5803 Eon.
