4090 6312
144 374 240 430 689
1048 370 1135 424 DE
1172 365 1446 422 TlTULlS
1483 358 1912 416 PSALMOlilJ-b‘l
1945 381 2013 396 -—-
2045 351 2238 407 PSAL.
2280 345 2413 403 Xlll.
3249 331 3351 383 690

207 494 258 546 9..
293 493 432 554 Ἕως
476 490 602 544 πότε
645 492 1005 562 ἀποστρέφεις
1038 490 1098 542 τὸ
1135 486 1423 558 πρόσωπόν
1461 501 1551 536 σου
1592 481 1680 536 ἀπ’

1462 501 1551 536 σου
1592 481 1680 536 ἀπ’
1858 476 1911 529 2.
1943 473 2236 545 Usquequo
2262 466 2458 523 avertis
2505 463 2693 518 faciem
2724 469 2870 512 tuam
2902 473 2930 509 a
2959 454 3077 508 me?

138 607 163 641 ε
237 604 304 650 υς

170 603 255 733 μὲ.
287 678 427 741 Ἕως
459 678 601 741 τίνος
632 679 864 748 θήσομαι
900 674 1091 745 βουλὰς
1126 675 1181 726 ὲν
1208 671 1354 740 ψυχῇ
1392 685 1512 740 μου,

1863 665 1916 718 5.
1957 660 2206 728 Quandiu
2239 672 2436 727 ponam
2470 652 2694 708 consilia
2739 650 2789 702 in
2821 649 3000 701 anima
3042 658 3186 707 mea,

1865 755 1919 808 ι1.
1953 753 2201 806 Dolorem
2227 751 2280 803 in
2311 748 2476 802 corde
2504 760 2626 800 meo
2659 760 2751 813 per
2777 743 2914 795 diem
2945 750 2996 790 et
3031 734 3279 790 unctum?

207 771 255 824 4,
301 769 520 833 ὐδύνας
553 772 609 822 ὲν
638 770 834 841 καρδίᾳ.
871 786 970 839 μου
1004 767 1215 837 ἡμέρας
1243 764 1337 817 καὶ
1368 762 1594 823 νυκτός;
1865 762 1919 808 4.
1953 762 2201 806 Dolorem
2227 767 2280 803 in
2311 762 2476 802 corde
2504 762 2626 800 meo
2659 762 2751 813 per
2777 762 2914 795 ulem
2945 762 2996 790 ‹·ι
3031 762 3234 790 ιιυι-ιςιιι
3262 762 3273 784 ι
3334 823 3356 857 7

1419 855 1426 857 _
1488 855 1497 857 _
1539 853 1549 857 -
1619 850 1629 857 .
1869 847 1897 857 ι.
1954 844 1995 857 -ν
2340 856 2346 857 ,
2368 840 2456 857 .--ι
2483 840 2587 857 -._,,-
2614 834 2863 857 :_-:_..!....-
2889 847 3037 857 ...ιιι-η
3059 843 3217 857 οιιηιη-
3241 839 3322 857 ἰιι

1867 847 1920 900 5.
1954 844 2245 914 Usquequo
2263 840 2590 896 cxallabitur
2614 839 2866 890 inimicus
2889 847 3040 885 meus
3059 843 3217 896 super
3241 839 3322 880 me
3341 839 3350 875 ε

206 862 256 915 5.
291 864 433 924 Ἕως
465 862 594 914 πότε
625 861 968 931 ὑψωθήσεται
997 862 1024 912 ὁ
1055 857 1243 929 ἐχθρός
1281 872 1380 924 μου
1415 855 1500 906 ἐπ’
1536 850 1669 920 ὲμέξ

206 949 255 1000 6.
304 923 639 1016 Ἐπίὸλεψον,
671 923 986 1001 εἰσάκουσον
1013 923 1134 1016 μου,
1155 923 1332 1014 ’Κύριε
1356 946 1384 996 ὁ
1407 942 1537 1004 Θεός
1567 957 1689 1010 μου.

1865 939 1919 990 6.
1969 935 2214 1004 Respice,
2250 945 2302 988 et
2337 931 2530 987 exaudi
2565 946 2667 994 me,
2709 926 2929 980 Domine
2978 923 3119 974 Deus
3152 934 3316 974 meus.

209 1038 259 1092 7.
289 1037 523 1091 Φὼτισον
553 1041 676 1102 τοὺς
705 1036 1012 1108 ὀφθαλμούς
1061 1052 1185 1105 μου,
1227 1035 1432 1105 μήποτε
1463 1029 1694 1082 ὑπνώσω

1872 1030 1922 1082 7.
1963 1027 2215 1082 Illumina
2248 1026 2435 1082 oculos
2462 1038 2632 1086 meos,
2668 1035 2734 1074 ne
2759 1031 2992 1087 unquam
3021 1013 3355 1067 obdorniiam

136 1130 217 1190 εἰς
250 1127 498 1182 θάνατον.

462 1146 498 1182 θ.
1797 1123 1849 1176 in
1885 1129 2077 1176 morte.

204 1219 252 1272 8.
285 1220 510 1288 Μήποτε
539 1220 679 1272 εἴποι
706 1217 940 1289 ὁὲχϐρός
985 1234 1117 1288 μου·
1158 1217 1380 1285 Ἴσχυσα
1424 1213 1559 1283 πρὸς
1600 1212 1694 1264 αὑ·-

1867 1215 1919 1271 8.
1955 1213 2032 1268 Ne
2094 1212 2311 1282 quando
2356 1212 2502 1265 dicat
2552 1206 2805 1261 inimicus
2865 1217 3017 1256 incus
3055 1219 3067 1254 :
3103 1195 3358 1251 Prmraiui

135 1308 243 1360 τόν.

1802 1309 2064 1363 adversus
2095 1321 2240 1360 eum.

206 1396 257 1449 9.
291 1397 352 1448 Οί
384 1393 654 1458 Θλίϐοντές
691 1411 757 1464 με
789 1394 1222 1462 ἁγαλλιᾶσονται,
1250 1397 1343 1448 ἐὰν
1372 1392 1615 1447 σαλευθῶ

1868 1399 1922 1453 9.
1959 1399 2071 1463 Qui
2099 1397 2361 1452 tribulant
2383 1410 2468 1447 me
2502 1407 2564 1446 ex
2580 1390 2877 1449 sultabunt,
2901 1386 2945 1440 si
2964 1393 3139 1439 motus
3167 1381 3316 1435 fuero
3343 1398 3355 1433 :

209 1486 293 1540 10.
340 1485 480 1554 Ἐγὼ
512 1486 568 1538 δὲ
595 1485 686 1538 ἐπὶ
703 1484 780 1556 τῷ
808 1484 945 1536 ἐλέει
983 1501 1074 1537 σου
1098 1485 1318 1554 ἧλπισα.

1871 1491 1958 1542 10.
1995 1488 2105 1556 Ego
2136 1495 2323 1538 autem
2360 1484 2411 1537 in
2445 1479 2819 1536 misericordia
2851 1485 2940 1529 tua
2979 1473 3209 1543 speravi.

207 1575 293 1629 11.
336 1575 746 1643 Ἀγαλλιάσεται
780 1577 813 1646 ἡ
850 1577 1043 1647 καρδία
1095 1594 1195 1646 μου
1223 1579 1314 1630 ἐπὶ
1341 1576 1417 1647 τῷ
1449 1576 1698 1646 σωτηρίῳ

1532 1576 1698 1646 τηρῖιρ
1873 1581 1958 1634 11.
2012 1576 2436 1633 Exsultabitcor
2467 1588 2645 1626 meum
2683 1572 2735 1624 in
2771 1567 2993 1624 salutari
3035 1576 3147 1619 tuo.

137 1683 254 1722 σου.

209 1759 296 1812 12.
337 1759 485 1830 ’ᾼσω
516 1760 592 1830 τῷ
618 1761 804 1832 Κυρίῳ
827 1761 904 1831 τῷ
930 1762 1345 1832 εὐεργετήσαντί
1382 1779 1447 1831 με
1731 1749 1774 1804 Β

1731 1749 1774 1804 Β
1880 1757 1966 1810 12.
2003 1755 2254 1810 Cantabo
2291 1751 2538 1812 Domino,
2569 1751 2659 1819 qui
2690 1750 2828 1802 bona
2872 1745 3056 1799 tribuit
3091 1741 3256 1797 milii:

203 1851 290 1905 15.
325 1851 434 1903 Καὶ
461 1851 613 1920 ψαλῶ
637 1851 713 1922 τῷ
734 1853 954 1923 ὀνόματι
985 1854 1196 1924 Κυρίου
1230 1853 1324 1906 τοῦ
1348 1851 1593 1921 ὑψίστου.

1518 1869 1593 1903 ου.
1880 1851 1962 1904 15.
2011 1848 2076 1904 Et
2109 1847 2332 1918 psallam
2377 1845 2581 1899 nomini
2627 1842 2838 1897 Domini
2864 1837 3133 1894 altissimi.

201 1967 308 2029 Εἰς
334 1964 399 2016 τὸ
429 1965 602 2030 τέλος
630 1965 870 2035 ψαλμὸς
902 1964 981 2030 τῷ
1012 1965 1206 2018 Δαϐίδ.
1241 1963 1473 2019 ΨΑΛΜ.
1507 1967 1623 2018 Il".

1588 1970 1623 2017 ὀ
1992 1967 2053 2020 In
2079 1967 2230 2036 ﬁnem
2254 1965 2484 2034 psalmus
2511 1959 2700 2017 David.
2734 1957 2997 2014 PSALM.
3027 1951 3203 2008 XIII.

198 2058 253 2110 1.
291 2052 461 2109 Εἶπεν
487 2057 674 2128 ἄφρων
707 2058 764 2109 ἐν
794 2057 990 2129 καρδία
1020 2057 1183 2111 αὑτοῦ
1210 2074 1222 2087 ’
1255 2058 1367 2110 Οὐκ
1407 2056 1520 2108 ἔστι
1548 2055 1699 2118 Θεὸς.

1686 2093 1699 2106 ο
1883 2062 1929 2115 Ι.
1975 2059 2121 2112 Dixit
2149 2059 2413 2128 insipiens
2439 2059 2493 2110 in
2527 2056 2689 2110 corde
2718 2069 2845 2108 suo:
2877 2049 2992 2105 Non
3029 2059 3110 2104 cst
3139 2046 3300 2102 Deus.

196 2148 254 2200 2.
290 2147 691 2219 Διεφθὰρησαν,
733 2148 825 2202 καὶ
869 2147 1266 2217 ἐϐδελύχθησαν
1310 2149 1367 2199 ὲν
1418 2146 1701 2218 ἐπιτηδεύ-

1874 2151 1928 2204 2.
1963 2149 2227 2218 Corrupti
2259 2158 2407 2212 sunt,
2442 2157 2494 2202 et
2529 2144 2919 2202 abominabiles
2963 2141 3087 2196 facti
3135 2148 3262 2194 sunt
3310 2137 3364 2190 in

134 2256 320 2308 μασιν.

1805 2241 1998 2297 studiis
2027 2239 2140 2295 suis
2161 2281 2173 2294 .

199 2332 254 2386 5.
295 2332 410 2386 Οὐκ
433 2331 549 2385 ἐστι
570 2331 736 2386 ποιῶν
757 2333 1117 2405 χρηστότητα,
1137 2334 1236 2387 οὐκ
1265 2332 1408 2386 ἐστιν
1432 2332 1534 2394 ἕως
1561 2331 1694 2393 ἑνός.

1874 2330 1927 2384 5.
1962 2326 2078 2381 Non
2111 2337 2192 2384 est
2215 2328 2306 2397 qui
2337 2325 2500 2381 faciat
2543 2325 2747 2382 bonum
2770 2364 2784 2389 ,
2817 2339 2921 2378 non
2952 2330 3036 2377 est
3073 2334 3243 2390 usque
3294 2317 3363 2374 ad

1804 2437 1991 2476 unum.

199 2498 254 2551 4.
289 2501 497 2569 Κύριος
531 2501 596 2554 ἐκ
619 2499 714 2555 τοῦ
743 2503 974 2574 οὐρανοῦ
1007 2505 1260 2574 διέκυψεν
1282 2506 1374 2557 ἐπὶ
1399 2507 1524 2568 τοὺς
1553 2505 1699 2566 υἱοὺς

1876 2513 1929 2568 4.
1962 2513 2220 2567 Dominus
2255 2513 2320 2568 de
2347 2514 2487 2568 cmio
2511 2509 2789 2582 prospexit
2814 2523 2975 2578 super
2998 2505 3137 2561 ﬁlios
3176 2502 3350 2559 homi-

130 2590 238 2643 τῶν
271 2592 370 2645 ἀνθ
377 2592 575 2663 ρώπων
597 2634 613 2660 ,
1624 2601 1627 2603 ’

359 2592 575 2663 ὶρὼπων
597 2634 613 2660 ,
1624 2601 1627 2603 ’
1775 2622 1779 2630 ·
1805 2619 1936 2658 num
1958 2642 1974 2664 .

1259 2821 1348 2876 AT
1368 2821 1643 2877 HANASll
1683 2823 1941 2879 ιΝΤΕιιΡ
1956 2821 2280 2878 ΒΕΤΑΤΙΟ.

203 2998 268 3052 9.
298 2998 572 3071 Βδελύσσῃ
603 3017 702 3070 μου
736 3004 832 3074 τὴν
856 3005 1057 3076 δέησιν.

1880 3005 1935 3059 2.
1963 3004 2313 3060 Abominaris
2343 3003 2706 3073 precationem
2742 3017 2937 3056 meam.

205 3089 262 3144 5.
290 3091 437 3153 Ἕως
464 3094 594 3144 ποτε
623 3093 722 3157 τὰς
752 3093 942 3163 βουλὰς
977 3097 1084 3148 τῶν
1106 3096 1375 3164 δαιμόνων
1397 3098 1620 3167 δέξομαι
1648 3097 1705 3150 ὲν

1876 3098 1931 3152 5.
1975 3096 2268 3169 Usquequo
2295 3099 2561 3168 excipiam
2586 3095 2809 3152 consilia
2830 3097 3135 3150 daemonum
3170 3095 3221 3147 in
3244 3097 3365 3148 ani-

131 3183 199 3250 τῇ
236 3181 381 3251 ψυχῇ
409 3199 508 3251 μου
535 3199 550 3248 ;

473 3201 508 3235 ὐ
535 3199 550 3248 ;
1807 3204 1896 3244 ma
1924 3190 2088 3244 mea?

204 3273 263 3328 4.
306 3275 518 3328 Ὀδύναι
539 3277 646 3346 γάρ
678 3281 783 3330 εἰσι
816 3279 904 3331 διὰ
936 3281 1130 3344 παντὸς
1157 3282 1254 3350 τῆς
1283 3281 1511 3350 καρδίας
1544 3299 1664 3352 μου.

1880 3284 1935 3338 4.
1971 3283 2196 3339 Dolores
2225 3283 2370 3338 enim
2403 3283 2554 3338 omni
2584 3291 2822 3350 tempore
2846 3279 2992 3335 cordi
3034 3293 3153 3334 meo
3190 3285 3335 3334 sunt.

204 3364 261 3418 5.
299 3366 802 3422 Καταδυναστεύσει
840 3384 958 3440 μου.

947 3413 958 3424 -
1883 3374 1934 3428 5.
1970 3373 2028 3428 ln
2059 3389 2145 3427 mc
2167 3372 2553 3427 dominabitur.

201 3457 259 3508 6.
291 3455 690 3529 Προσεσχηκὼς
700 3459 796 3528 τὴν
811 3462 1120 3531 τυραννίδα,
1137 3463 1201 3532 ἢν
1217 3463 1582 3534 τυραννοῦμαι
1603 3465 1706 3518 ὑπὸ

1878 3467 1934 3522 6.
1965 3465 2332 3520 Considerans
2365 3463 2722 3535 tyrannidem,
2747 3475 2854 3532 qua
2880 3462 3156 3531 opprimor
3179 3461 3246 3515 ab
3264 3461 3359 3514 ini-

127 3545 228 3598 τοῦ
265 3548 484 3619 ἐχθροῦ.
1803 3560 1965 3615 mico.

203 3635 267 3690 7.
296 3639 438 3701 Τοὺς
465 3640 773 3712 ὀφθαλμοὺς
799 3644 900 3715 τῆς
928 3645 1154 3716 καρδίας
1186 3664 1286 3718 μου
1323 3649 1576 3717 φώτισον.
1619 3651 1706 3704 ἴνα

1875 3652 1929 3704 7.
1969 3650 2172 3706 Oculos
2199 3651 2380 3705 cordis
2423 3652 2526 3705 mei
2585 3649 2850 3715 iliumina,
2892 3657 2952 3702 ut
2995 3663 3099 3701 non
3151 3664 3365 3718 perma«

131 3741 209 3795 μη
241 3728 590 3797 ὲναπομείνω
616 3734 680 3802 τῇ
707 3733 969 3805 ἁμαρτίᾳ.

707 3733 969 3805 ἁμαρτίᾳ.
1807 3757 1962 3797 ncnm
1992 3741 2044 3795 in
2069 3750 2308 3810 peccalo.

205 3817 266 3870 8.
305 3820 533 3888 Μήποτε
563 3822 702 3876 εἴποι
730 3826 758 3876 ὁ
790 3825 1061 3890 διάϐολος·
1095 3829 1428 3900 Περιγὲγονα
1461 3831 1641 3886 αὑτοῦ.

1616 3833 1641 3885 i.
1875 3833 1928 3887 8.
1966 3829 2042 3886 Ne
2070 3833 2288 3901 quando
2316 3830 2461 3885 dicat
2486 3828 2772 3884 diabolus:
2802 3827 3063 3898 Superari
3087 3842 3231 3882 eum.

197 3908 257 3962 9.
292 3911 430 3974 Τοὺς
449 3912 706 3983 δαίμονας
728 3916 894 3987 λέγει.

1878 3924 1931 3976 9.
1965 3921 2248 3976 Daamones
2274 3922 2559 3991 signiﬁcat.

209 3998 308 4051 10.
352 3999 498 4068 Ἐγὼ
520 4002 574 4055 δὲ
603 4004 821 4074 ἤλπισα,
851 4008 934 4060 ὃτι
969 4006 1158 4071 σώσεις
1198 4026 1262 4079 με
1291 4011 1348 4062 ὲν
1381 4009 1456 4080 τῷ
1489 4012 1705 4084 σταυρῷ

1884 4015 1971 4068 10.
2004 4012 2117 4083 Ego
2167 4023 2344 4067 autem
2394 4012 2648 4082 speravi,
2697 4012 2839 4080 quod
2889 4010 3123 4065 salvebis
3168 4006 3254 4063 me
3311 4008 3364 4062 ir.

127 4108 225 4142 σοι

1810 4121 1975 4160 cruce
2002 4114 2113 4160 tua.

199 4186 301 4241 11.
344 4187 466 4239 Ἐπὶ
491 4187 568 4258 τῷ
603 4187 716 4258 Υίῷ
745 4206 855 4242 σου.

745 4206 855 4242 σου.
1880 4199 1963 4252 11.
2000 4198 2055 4251 ln
2083 4197 2220 4251 Filio
2244 4207 2354 4252 tuo.

196 4276 300 4330 12.
327 4279 536 4350 ’Υμνον
562 4281 866 4351 ἀναπέμψω
888 4282 967 4353 τῷ
999 4285 1185 4355 Κυρίῳ
1206 4285 1283 4355 τῷ
1313 4286 1585 4356 ἰασαμένῳ
1608 4286 1704 4358 τὴν
1738 4289 1779 4342 D

1754 4289 1779 4342 )
1888 4291 1972 4342 19..
2011 4288 2277 4358 llymnum
2305 4289 2537 4343 cantabo
2563 4286 2808 4350 Domino,
2837 4303 2928 4356 qur
2970 4285 3174 4340 sanavit
3223 4284 3369 4339 infir-

118 4369 426 4425 ἀσθένειαν
448 4374 545 4443 τῆς
566 4373 742 4444 ψυχῆς
777 4392 898 4444 μου.

840 4394 898 4430 μυ.
1812 4382 2048 4435 mitatem
2079 4380 2270 4432 animae
2298 4394 2427 4432 mere
2442 4418 2455 4442 ,

193 4460 298 4516 15.
330 4463 441 4515 Καὶ
473 4464 628 4533 ψαλῶ
650 4464 726 4535 τῷ
746 4466 964 4536 ὀνόματι
1003 4469 1205 4538 Κυρίου
1240 4468 1332 4522 τοῦ
1361 4469 1703 4539 ἐπουρανίου.

1644 4488 1703 4523 μυ.
1886 4472 1973 4524 15.
2005 4470 2071 4523 Ει
2095 4470 2320 4539 psallam
2354 4468 2558 4522 nomini
2597 4466 2809 4521 Domini
2844 4467 3259 4536 supercmlestis.

200 4577 277 4632 Ἦ
321 4582 656 4653 προκειμένη
691 4582 964 4654 ἐπιγραφὴ
993 4585 1025 4654 ἡ
1053 4585 1141 4639 διὰ
1168 4586 1267 4655 τῆς
1301 4586 1668 4656 κινναϐάρεως
1715 4587 1986 4657 περιέχει·
2017 4589 2121 4652 Εἰς
2158 4588 2223 4638 τὸ
2263 4584 2433 4651 τέλος
2462 4585 2698 4654 ψαλμὸς
2723 4583 2800 4648 τῷ
2844 4582 3049 4638 Δαϐι’δ.·
3076 4582 3368 4647 τουτέστιν,

111 4669 270 4744 ὑπὲρ
311 4674 414 4743 τῆς
450 4677 745 4744 παρουσίας
777 4678 866 4728 τοῦ
895 4660 1101 4750 Κυρίου
1135 4678 1234 4748 τῆς
1263 4681 1348 4730 ἐπ’
1382 4681 1622 4749 ἐσχάτων
1652 4679 1760 4733 τῶν
1794 4678 2013 4749 ἡμερῶν
2042 4679 2206 4746 λέγει.
2245 4679 2404 4733 Δαϐὶδ
2431 4679 2536 4748 γὰρ
2556 4679 2912 4748 ἐρμηνευεται
2942 4675 3368 4746 πεποθιυιέιυς,

109 4767 263 4838 ὅπερ
306 4769 461 4844 ἐστίν
485 4771 578 4822 καὶ
613 4770 759 4841 παρὰ
789 4770 864 4842 τῷ
895 4769 1086 4823 ἑαυτοῦ
1117 4771 1306 4843 Πατρὶ,
1336 4775 1427 4825 καὶ
1455 4772 1604 4843 παρὰ
1631 4777 1742 4836 τοῖς
1770 4775 2073 4843 ἀνθρώποις
2117 4770 2290 4843 [Υἱδς]
2321 4771 2415 4824 τοῦ
2447 4770 2600 4824 Θεοῦ.

183 4881 450 4946 Titulus,
485 4883 577 4950 qui
604 4884 811 4951 psalmo
839 4887 1186 4956 praeponitur,
1215 4887 1491 4942 cinnabari
1529 4889 1758 4957 scriptus
1810 4890 2050 4942 continet
2087 4908 2100 4942 :
2142 4888 2206 4942 In
2260 4890 2436 4958 ﬁnem,
2488 4890 2721 4958 psalmus
2756 4888 2954 4941 David:
2992 4888 3094 4942 hoc
3131 4897 3232 4950 est,
3271 4905 3367 4958 pro

107 4976 378 5030 adventu
409 4973 622 5028 Domini
651 4977 781 5030 dicit
810 4978 862 5030 in
923 4978 1233 5032 novissimis
1264 4981 1475 5034 diebus.
1519 4981 1679 5035 David
1727 4981 1869 5034 enim
1909 4982 2310 5050 interpretatur
2373 4981 2726 5044 desideratura,
2775 4981 2952 5048 qualis
2989 4991 3090 5035 est.
3139 4990 3192 5033 et
3228 4983 3368 5051 apud

105 5083 282 5121 suum
324 5063 570 5130 Patrem,
601 5076 653 5120 et
683 5069 821 5136 apud
848 5070 1114 5136 homines,
1155 5071 1241 5126 Dei
1273 5072 1457 5125 Filius.

179 5232 234 5286 1,
293 5230 370 5281 Ὀ
401 5229 641 5292 Σατανᾶς
672 5230 762 5282 καὶ
792 5234 840 5283 οἱ
865 5234 1025 5286 αὑτοῦ
1063 5234 1220 5289 εἶπαν
1255 5239 1380 5309 περὶ
1410 5237 1501 5290 τοῦ
1536 5255 1698 5291 σταυ-

1885 5242 1935 5294 1.
1973 5241 2224 5304 Satanas,
2269 5250 2322 5295 et
2350 5241 2438 5310 qui
2473 5239 2592 5309 ejus
2625 5249 2771 5306 sunt,
2814 5239 3063 5293 dixerunt
3099 5240 3164 5293 de
3192 5253 3366 5293 crum-

107 5324 252 5390 ρυῧὲ
265 5337 430 5382 κτος.
1811 5327 1936 5380 ﬁxo.

173 5415 228 5467 Ξ.
286 5412 442 5464 ’Υπδ
469 5411 577 5464 τῶν
615 5412 789 5484 ἔργων
828 5417 1003 5470 αὐτῶν
1045 5419 1152 5472 τῶν
1186 5424 1433 5492 πονηρῶν
1480 5425 1696 5496 ἐμολύν-

1878 5419 1933 5471 2.
1972 5418 2235 5484 lmprobis
2275 5433 2459 5472 eorum
2514 5415 2667 5470 factis
2719 5418 3068 5472 contaminati
3119 5428 3265 5479 sunt,
3317 5429 3370 5472 rt

100 5505 315 5578 ϐησαν,
357 5506 457 5556 καὶ
485 5505 708 5574 βδελυκτ
724 5515 759 5558 '1'.
791 5510 1034 5577 ἐγένοντο
1067 5513 1218 5583 παρὰ
1249 5514 1326 5585 τῷ
1354 5516 1487 5586 Θεῷ.

1307 5514 1326 5582 ᾇ
1354 5516 1487 5586 Θεῷ.
1814 5511 2209 5564 abominabiles
2244 5509 2368 5564 facti
2412 5521 2537 5566 sunt
2568 5511 2703 5575 apud
2737 5509 2922 5564 Deum.

166 5603 220 5656 3.
264 5601 409 5653 Οὐκ
432 5598 457 5650 ἒ
479 5617 547 5650 ττι
572 5601 741 5654 ποιῶν
774 5620 825 5654 τι
857 5605 1137 5674 χρήσιμον,

1879 5604 1929 5658 5.
1965 5602 2134 5658 Nemo
2160 5614 2259 5669 est,
2285 5605 2375 5674 qui
2404 5605 2533 5658 utile
2567 5605 2766 5672 aliquid
2801 5604 2976 5656 faciat.

170 5693 224 5745 4.
267 5691 500 5759 Κύριος
523 5694 587 5744 ἐκ
617 5693 710 5745 τοῦ
740 5695 965 5766 οὐρανοῦ
993 5697 1199 5751 ἐπεῖδεν
1233 5699 1324 5751 ἐπὶ
1357 5699 1558 5762 πάντας
1582 5698 1703 5762 τοὺς

1875 5698 1928 5750 4.
1966 5695 2224 5753 Dominus
2278 5714 2306 5752 e
2340 5698 2476 5753 ςυυιυ
2516 5699 2748 5766 respexit
2791 5711 2953 5766 super
2995 5709 3183 5749 omnes
3228 5693 3366 5749 illius

103 5790 257 5849 υἱοὺς
300 5783 429 5836 τῶν
465 5782 788 5851 ἀνθρώπων.

512 5782 788 5851 νΟρώπων.
1808 5788 2086 5841 hominqu
2118 5809 2127 5841 :
