4068 6318
745 336 846 394 691
1557 342 1615 401 S.
1650 345 2027 406 ATHANASII
2068 350 2216 409 OPP.
2258 354 2438 410 PARS
2477 353 2565 410 lll.
2604 386 2673 397 -—
2708 355 3118 413 EXEGETICA.
3886 357 3980 413 69!

822 468 874 522 5.
913 468 982 524 Ut
1013 470 1208 538 videat,
1242 474 1289 529 si
1338 483 1420 529 est
1478 476 1823 550 intelligens,
1881 492 1973 535 aut
2025 486 2307 554 requirens

750 556 937 612 Deum.

2480 492 2533 545 5.
2567 489 2670 542 Τοῦ
2702 490 2846 553 ἰδεῖν,
2876 491 2925 542 εί
2954 489 3069 542 ἔστι
3104 488 3320 554 συνιῶν,
3356 490 3389 558 ἦ
3420 490 3667 561 ἐκζητῶν
3699 489 3799 543 τὸν
3835 490 3979 542 ϐιόν.

795 575 937 615 eum.

820 652 875 709 6.
910 652 1110 711 Omnes
1160 658 1620 727 declinaverunt,
1672 662 1837 717 simul
1895 665 2115 723 inutiles
2180 668 2307 723 facti

2070 683 2115 723 as
2180 668 2307 723 facti
2478 669 2529 724 6.
2560 670 2765 732 Πάντες
2792 666 3087 733 ἐξέκλιναν,
3117 667 3232 738 ἅμα
3260 666 3635 740 ὴχρειώθησαν
3663 684 3676 698 ·

751 755 911 800 sunt:

821 841 875 895 7.
906 840 1024 896 Non
1049 851 1133 896 est
1169 844 1262 913 qui
1295 844 1459 901 faciat
1486 847 1711 911 bonum,
1752 864 1859 904 non
1895 860 1980 905 est
2025 867 2198 921 usque
2244 855 2310 909 ad

2483 848 2535 901 7.
2572 848 2685 899 Οὐκ
2704 845 2817 899 ἔστι
2834 845 3003 899 ποιῶν
3032 846 3403 921 χρηστότητα,
3426 846 3525 900 οὐκ
3550 846 3830 909 ἔπινὲως
3849 846 3961 909 ἑνὸς

753 948 943 987 unum.

821 1026 873 1078 8.
909 1024 1100 1081 Nonne
1130 1040 1463 1099 cognoscent
1501 1049 1712 1098 omnes,
1764 1036 1857 1104 qui
1892 1046 2183 1105 operantur
2209 1037 2313 1091 ini-

2484 1022 2537 1076 8.
2570 1023 2704 1091 Οὐχὶ
2731 1024 3026 1089 γνώσονται
3052 1024 3248 1085 πάντες
3276 1024 3325 1075 οἱ
3352 1022 3705 1094 ἐργαζόμενοι
3864 1023 3978 1075 ἀνο-

752 1118 1011 1185 quitatem
1036 1163 1049 1186 ,
2416 1113 2542 1185 μίαν
2559 1155 2572 1175 ν

822 1210 875 1262 9.
908 1207 1011 1274 Qui
1041 1210 1303 1267 devorant
1322 1215 1535 1284 plebem
1556 1233 1735 1273 meam
1755 1219 1897 1273 sicut
1916 1236 2096 1277 escam
2124 1222 2312 1292 panis?

2290 1223 2312 1276 τ
2483 1208 2532 1260 9.
2567 1208 2629 1259 Οἱ
2658 1206 2929 1269 ἐσθίοντες
2950 1206 3039 1259 τὸν
3071 1206 3196 1260 λαόν
3229 1225 3332 1277 μου
3366 1208 3423 1261 ὲν
3453 1205 3647 1278 βρώσει
3678 1208 3896 1279 ἄρτους

826 1299 911 1353 10.
950 1300 1238 1357 Dominum
1275 1321 1384 1361 non
1419 1308 1830 1365 invocaverunt.

2486 1297 2573 1351 10.
2607 1297 2709 1349 Τὸν
2734 1296 2935 1366 Κύριον
2968 1299 3066 1349 οὐκ
3093 1295 3515 1349 ἐπεκαλέσαντο·

827 1392 916 1445 11.
949 1389 1061 1448 illic
1093 1397 1502 1465 trepidaverunt
1551 1403 1769 1467 timore,
1809 1403 1900 1457 ubi
1934 1420 2039 1459 non
2088 1416 2203 1461 erat
2246 1406 2313 1460 ti-

2246 1406 2313 1460 ti-
2486 1389 2574 1441 Η.
2617 1389 2765 1441 Ἑκεῖ
2794 1388 3094 1441 ὲδειλίασαν
3121 1387 3290 1457 φόϐῳ,
3314 1380 3374 1440 οὗ
3407 1388 3506 1440 οὐκ
3532 1380 3597 1457 ἦν
3626 1384 3802 1454 φόϐος
3828 1401 3843 1413 ο

753 1500 876 1540 mor
901 1505 913 1539 ε

827 1578 913 1631 12.
949 1579 1218 1644 Quoniam
1255 1584 1516 1642 Dominus
1545 1588 1598 1641 in
1641 1590 1991 1658 generatione
2015 1592 2311 1661 justorum.

1890 1605 1991 1645 one
2015 1592 2311 1661 justorum.
2490 1566 2575 1621 12.
2612 1567 2733 1620 Ὅτι
2758 1565 2961 1636 Κύριος
2991 1583 3047 1618 εν
3069 1567 3231 1636 γενεᾷ
3255 1564 3496 1618 δικαίων.

822 1669 907 1724 15.
945 1672 1245 1729 Consilium
1280 1677 1459 1747 inopis
1489 1655 1857 1748 confu'distis;
2016 1655 2032 1661 ⁷
2344 1732 2386 1748 ..

2016 1655 2032 1661 ⁷
2344 1732 2386 1748 n
2488 1660 2571 1713 1'5.
2606 1658 2806 1729 Βουλὴν
2836 1659 3047 1729 πτωχοῦ
3079 1655 3451 1729 κατῃσχύνατε
3472 1673 3485 1687 ·

823 1762 908 1817 ιι.
939 1765 1008 1819 Αι
1040 1763 1307 1823 Dominus
1334 1732 1461 1837 spes
1488 1770 1609 1841 ejus
1634 1732 1813 1826 se"
1844 1732 1857 1748 ’
2344 1732 2387 1786 Β

2344 1732 2387 1786 Β
2486 1750 2574 1803 14.
2622 1749 2680 1802 Ὀ
2709 1749 2765 1801 δὲ
2795 1749 2996 1819 Κύριος
3031 1749 3183 1811 ἐλπὶς
3219 1746 3382 1801 αὐτοῦ
3416 1747 3549 1798 ἐστι.

823 1858 912 1913 15.
945 1858 1079 1924 Quis
1112 1860 1264 1915 dabit
1288 1833 1533 1919 ex-Sion'
1558 1866 1798 1921 salutare
1830 1866 2037 1922 Israel?

2486 1842 2575 1894 15.
2600 1840 2695 1902 Τίς
2719 1839 2877 1892 δώσει
2905 1841 2968 1891 ἐκ
2991 1838 3123 1891 Σιὼν
3147 1840 3208 1891 τὸ
3244 1839 3507 1908 σωτήριον
3526 1833 3618 1889 τοῦ
3656 1833 3916 1905 Ἱσραήλς

827 1949 914 2003 16.
948 1951 1085 2006 Cum
1136 1956 1392 2010 averterit
1426 1955 1695 2013 Dominus
1738 1960 2111 2029 captivitatem
2140 1962 2315 2031 plebis

2489 1931 2574 1985 16.
2617 1932 2703 1985 Ἐν
2732 1931 2809 2001 τῷ
2855 1929 3176 2001 ἐπιστρέψαι
3227 1928 3428 2001 Κύριον
3474 1926 3569 1998 τὴν
3604 1923 3980 1996 αἰχμαλωσίαν

755 2057 867 2097 θυαε
892 2083 906 2102 .
1807 2023 1821 2029 -
2140 2023 2155 2031 ι

1807 2023 1821 2029 ’
2140 2023 2155 2031 “
2415 2025 2511 2078 τοῦ
2545 2024 2676 2078 λαοῦ
2706 2023 2868 2077 αὐτοῦ
2897 2062 2911 2085 ,

829 2136 915 2188 17.
949 2135 1253 2194 Exsultabit
1287 2138 1456 2194 Jacob
1477 2180 1491 2205 ,
1524 2149 1579 2196 et
1604 2141 1879 2199 laetabitur
1914 2144 2101 2201 lsrael.
2434 2210 2435 2215 η

2491 2115 2578 2168 17.
2628 2114 3042 2183 Ἀγαλλιάσεται
3108 2110 3302 2165 Ἰακὼό
3332 2152 3347 2178 ,
3397 2110 3489 2163 καὶ
3547 2106 3978 2178 εύφρανθήπτπι

2434 2204 2669 2259 Ἰσραήλ.

2476 2223 2669 2259 σοαττΛ.

2436 2224 2506 2259 κισ

920 2291 983 2345 1η
1015 2294 1173 2362 ﬁnem
1200 2296 1434 2364 psalmus
1460 2296 1653 2353 David.
1684 2297 1948 2354 PSALM.
1984 2297 2146 2355 XIV.
2502 2224 2526 2348 ἐ

2436 2224 2506 2259 ίισ
2546 2224 2669 2259 an.

2502 2224 2613 2362 ξιξ
2631 2296 2699 2350 τὸ
2730 2296 2902 2363 τέλος
2934 2297 3176 2367 ψαλμὸς
3198 2296 3277 2363 τῷ
3301 2294 3497 2350 Δαϐίδ.
3530 2292 3765 2347 ΨΛΔΜ.
3786 2294 3900 2346 ῙΔ’.

830 2384 880 2436 1.
915 2382 1164 2455 Domine,
1190 2389 1315 2458 quis
1356 2389 1622 2445 habitabit
1651 2390 1705 2444 in
1737 2391 2089 2446 tabernaculo
2120 2390 2261 2445 tuo?

2495 2391 2546 2444 1.
2577 2390 2772 2460 Κύριε,
2796 2390 2880 2455 τίς
2908 2391 3234 2461 παοοικήσει
3255 2392 3311 2443 ἐν
3332 2390 3410 2461 τῷ
3440 2385 3757 2460 σκηνώματί
3780 2398 3916 2449 eoo;

1881 2673 2251 2729 ATHANASII
2290 2672 2864 2733 INTERPRETATIO.

828 2983 882 3039 5.
916 2982 1020 3049 Qui
1053 2990 1230 3038 mente
1255 2983 1424 3039 Deum
1455 2988 1746 3057 concipiat,
1775 2988 2034 3058 illumque
2060 2997 2285 3060 quaerat.
2344 2977 2389 3039 C

2204 2997 2285 3043 'at.
2344 2977 2389 3039 ε
2489 2994 2543 3047 5.
2582 2994 2726 3046 Ἀνω
2755 2992 2938 3045 λαϐεῖν
2963 2991 3055 3045 τὸν
3077 2990 3229 3054 Θεὸν,
3266 2991 3359 3043 καὶ
3385 2988 3565 3061 ζητεῖν
3603 2988 3810 3046 τοῦτον.

826 3076 880 3129 6.
922 3076 1125 3131 Omnes
1148 3088 1514 3141 recesserunt,
1543 3080 1706 3133 simul
1731 3080 1951 3135 inutiles
1980 3079 2105 3135 facti
2137 3090 2283 3148 sunt,

2278 3124 2283 3146 ,
2493 3085 2545 3139 6.
2579 3085 2785 3147 Πάντες
2811 3084 3145 3154 ἀπέστησαν,
3179 3082 3294 3154 ἆμα
3327 3081 3586 3153 ἄχρηστοι
3615 3082 3884 3150 ἐγένοντο.

827 3169 877 3222 7.
911 3167 1029 3224 Non
1056 3179 1138 3224 est
1178 3169 1383 3226 faciens
1427 3171 1655 3236 bonum,
1704 3188 1811 3227 non
1848 3183 1931 3229 est
1960 3189 2136 3244 neque
2176 3190 2318 3231 unus

2496 3175 2545 3228 7.
2575 3175 2688 3228 Οὐκ
2715 3174 2829 3226 ἔστι
2852 3173 3017 3227 ποιῶν
3052 3173 3388 3241 ἀγαθὸν,ούκ
3412 3172 3555 3225 ἔστιν
3584 3171 3687 3235 ἕως
3727 3170 3853 3234 ἑνὸς
3879 3167 3979 3221 τῶν

754 3276 970 3322 eorum,
995 3261 1088 3329 qui
1112 3276 1143 3314 a
1177 3259 1287 3315 Deo
1313 3262 1586 3316 deﬁciunt.

2418 3266 2861 3319 ἀποστατούντων
2890 3264 2994 3316 ἀπὸ
3017 3263 3109 3317 τοῦ
3136 3262 3291 3317 Θεοῦ.

826 3350 881 3404 8.
918 3348 1262 3419 luiquitatem
1299 3360 1586 3422 operantes
1620 3367 1730 3407 non
1766 3365 2095 3424 cognoscent
2138 3354 2319 3411 Domi-

2494 3359 2546 3413 8.
2576 3359 2640 3412 Οἱ
2683 3357 3038 3429 ἐργαζόμενοι
3070 3356 3167 3427 τὴν
3206 3356 3434 3426 ἀνομίαν
3471 3356 3533 3407 οὐ
3561 3354 3865 3422 γνώσονται
3894 3351 3978 3404 rh

756 3452 907 3495 num.
2418 3450 2643 3521 Κύριον.

825 3534 883 3589 9.
913 3534 1290 3603 Opprimentes
1314 3535 1546 3604 jusmm.
2490 3542 2544 3596 9.
2578 3546 2640 3596 (li
2663 3542 3218 3606 καταδυναστεύοντες
3245 3541 3334 3595 τὸν
3360 3539 3580 3595 δίκαιον.

823 3627 913 3680 10.
944 3624 1062 3680 Non
1097 3642 1221 3681 eum
1255 3639 1552 3697 posuerunt
1588 3630 1690 3684 sibi
1718 3630 2042 3701 adjutorem.

1760 3630 2042 3701 djutorem.
2494 3634 2582 3689 10.
2618 3636 2733 3689 Οὐκ
2758 3635 2940 3690 ἔθεντο
2963 3635 3124 3689 αὐτὸν
3157 3633 3366 3705 βοηθόν.

824 3718 912 3770 11.
942 3716 1018 3772 De
1044 3719 1248 3773 mundo
1276 3719 1537 3788 loquitur.

2491 3728 2577 3781 11.
2614 3727 2709 3791 Εἰς
2746 3726 2834 3779 τὸν
2864 3725 3067 3795 κόσμον
3092 3723 3258 3791 λέγει.

832 3810 918 3863 12.
948 3810 1005 3865 1η
1041 3812 1216 3866 medio
1248 3812 1492 3881 ipsorum
1529 3813 1853 3876 inambulat,
1879 3822 1933 3868 et
1956 3813 2246 3870 inhabitat.

2489 3820 2577 3873 12.
2623 3820 2710 3871 ’Ev
2746 3817 2894 3888 μέσῳ
2917 3814 3093 3869 αὐτῶν
3125 3813 3509 3884 ἑμπεριπατεῖ,
3536 3826 3630 3864 και
3655 3808 3881 3865 simul

828 3903 919 3959 15.
953 3902 1070 3958 Non
1097 3904 1383 3973 accepistis
1413 3903 1687 3967 justorum
1723 3904 2049 3959 doctrinam.

2491 3910 2577 3964 13.
2611 3910 2720 3981 Τὴν
2745 3907 2963 3979 διδαχὴν
2988 3906 3100 3960 τῶν
3116 3906 3350 3959 ’δικαίων
3379 3905 3478 3959 οὐκ
3502 3901 3774 3969 ἐδέξασθε.

826 3997 915 4051 14.
956 3995 1197 4053 λΕιει-ιιεε
1231 3995 1628 4051 retributionis.

2493 4001 2576 4055 14.
2609 4000 2719 4070 Τῆς
2743 3998 2961 4051 αἰωνίου
2996 3996 3431 4067 μισθαποδοσίας.

826 4088 915 4143 15.
949 4087 1063 4143 Nisi
1095 4089 1209 4158 ipse
1231 4104 1329 4158 per
1370 4104 1427 4144 se
1453 4088 1629 4164 ipsum
1659 4088 1915 4159 largietur
1942 4090 2173 4146 salutem
2200 4107 2320 4146 om-

2493 4092 2578 4147 15.
2612 4093 2675 4144 Εί
2699 4091 2774 4162 μὴ
2806 4091 2965 4154 αὐτὸς
3009 4090 3074 4142 δι’
3112 4087 3305 4141 ἑαυτοῦ
3354 4088 3635 4158 χαρίσεται
3666 4086 3764 4158 τὴν
3808 4101 3978 4156 σωτηο

769 4183 935 4238 uibus
974 4183 1027 4236 in
1070 4197 1193 4236 eum
1240 4181 1628 4235 credentibus:
1666 4178 1830 4235 Israel
1879 4182 2023 4237 enim
2054 4183 2319 4253 interpre-

2422 4185 2539 4258 ρίαν
2572 4188 2681 4248 τοῖς
2703 4186 2781 4247 εἰς
2813 4183 2976 4236 αὑτὸν
3004 4179 3371 4234 πιστεύουσιν.
3415 4179 3629 4251 Ἰσραὴλ
3658 4178 3767 4248 γὰρ
3806 4178 3976 4249 ἑρμη-

756 4284 901 4330 tntur
924 4276 1005 4329 vir
1034 4275 1212 4329 videns
1239 4273 1401 4327 Deum
1422 4314 1436 4339 ,

2418 4275 2629 4358 νεύεται
2655 4275 2810 4352 ἀνὴρ
2838 4272 2993 4343 ὀρῶν
3025 4274 3192 4326 Θεόν.

826 4368 912 4422 16.
952 4367 1008 4421 1η
1044 4383 1227 4430 cruce,
1259 4367 1411 4422 dicit.
2354 4436 2357 4437 ν

2354 4436 2357 4437 ν
2493 4366 2577 4420 16.
2625 4368 2711 4421 Ἐν
2744 4368 2821 4436 τῷ
2848 4364 3084 4437 σταυρῷ,
3114 4365 3280 4434 λέγει.

825 4461 912 4513 17.
945 4462 1212 4531 Populum
1250 4461 1402 4524 dicit,
1448 4464 1543 4531 qui
1593 4477 1659 4515 ex
1710 4458 1913 4516 Iudaeis
1962 4470 2016 4515 et
2066 4462 2318 4531 gentibus
2349 4436 2396 4494 θ

2369 4437 2396 4493 )
2495 4459 2577 4512 17.
2616 4459 2718 4511 Τὸν
2749 4457 2875 4511 λαδν
2900 4455 2959 4521 ἐξ
2992 4436 3277 4521 Ἰουδαίων,
3304 4458 3399 4510 καὶ
3427 4455 3486 4521 ἐξ
3524 4454 3692 4509 ἐθνῶν
3722 4453 3975 4525 μέλλοντα

756 4553 1063 4607 crediturus
1102 4562 1216 4608 est:
1258 4552 1425 4607 Jacob
1453 4552 1596 4608 enim
1628 4551 2000 4621 supplantator
2050 4552 2316 4622 interpre-

2423 4550 2699 4604 πιστεύειν
2722 4550 2888 4618 λέγει.
2926 4547 3122 4603 Ἰακὼϐ
3156 4547 3264 4619 γὰρ
3294 4547 3656 4615 πτερνιστὴς
3688 4546 3974 4617 ἑρμηνεύε-

757 4652 924 4709 tatur,
956 4645 1146 4713 quales
1174 4653 1330 4698 erant
1377 4643 1581 4697 Judaei:
1631 4641 1795 4697 Israel
1827 4650 2007 4696 autem
2036 4650 2208 4710 gentes
2240 4641 2315 4695 si-

2422 4657 2533 4703 ται,
2583 4640 2717 4709 ὅπερ
2742 4634 2880 4708 ἦσαν
2906 4639 2953 4689 οἱ
2994 4637 3254 4703 Ἰουδαῖοι,
3284 4637 3332 4688 οἱ
3365 4634 3580 4707 Ἰσραὴλ
3611 4634 3742 4688 θετὰ
3781 4635 3974 4706 [Ἰσρα-

755 4736 996 4807 gniﬁcat.

2423 4732 2489 4803 ὴλ
2534 4729 2590 4782 δὲ
2628 4728 2733 4801 τὰ]
2766 4728 2928 4796 ἔθνη.

838 4935 900 4989 Ἦ
931 4936 1261 5008 προκειμένη
1294 4937 1573 5010 ἐπιγραφὴ
1603 4943 1840 5010 περιέχει
1861 4955 1876 4969 ·
1898 4938 2001 5005 Εἰς
2029 4937 2096 4991 τὸ
2120 4935 2292 5001 τέλος
2329 4932 2571 5003 ψαλμὸς
2617 4933 2696 5000 τῷ
2742 4933 2935 4988 Δαϐίδ.
2966 4933 3135 4988 Τοῦτο
3174 4928 3265 4987 οὖν
3312 4930 3584 5002 σημαίνει,
3610 4930 3746 5000 ὅπερ
3770 4926 3973 4999 εἴρηται

754 5028 834 5092 εἰς
864 5031 988 5094 τοὺς
1019 5028 1356 5100 σωζομένους
1388 5032 1575 5099 ἁγίους
1606 5035 1661 5086 ἐν
1691 5036 1755 5104 τῇ
1792 5031 2067 5103 συντελείᾳ
2093 5028 2185 5083 τοῦ
2218 5026 2428 5092 αἰῶνος.
2454 5026 2615 5080 Δαίῆδ
2638 5026 2743 5095 γὰρ
2767 5026 3123 5096 ἑρμηνεύεται
3155 5022 3585 5092 πεποθημένος,
3636 5019 3905 5072 τουτέστιν
3945 5016 3969 5066 ὁ

754 5120 912 5192 χορὸς
942 5122 1048 5174 τῶν
1078 5123 1267 5190 ἁγίων,
1299 5122 1356 5175 ὃν
1397 5124 1425 5175 ὁ
1458 5122 1661 5194 Κύριος
1689 5123 1932 5193 ποθήσας
1956 5123 2036 5185 είς
2062 5121 2212 5183 τέλος
2240 5120 2523 5190 ἠγάπησεν
2554 5118 2768 5182 αὐτοὺς,
2806 5117 2898 5170 καὶ
2932 5116 3244 5188 παρέδωκεν
3273 5114 3433 5167 αὐτὸν
3466 5115 3544 5177 εἰς
3572 5111 3795 5165 θάνατον
3836 5109 3967 5178 ὑπὲρ

752 5217 847 5272 τοῦ
874 5216 1246 5286 πεποθημένου
1268 5216 1429 5289 χοροῦ
1451 5217 1557 5269 τῶν
1595 5217 1784 5285 ἁγίων.

827 5310 1061 5375 Titulus,
1098 5312 1188 5377 qui
1226 5312 1434 5379 psalmo
1469 5313 1823 5381 prmpouitur,
1862 5310 2145 5365 continet:
2182 5310 2234 5361 in
2264 5309 2422 5378 ﬁnem
2465 5305 2701 5377 psalmus
2727 5302 2915 5357 David.
2953 5299 3065 5355 Hoc
3090 5309 3271 5354 autem
3308 5298 3597 5369 signiﬁcat,
3622 5295 3767 5366 quod
3794 5293 3967 5349 dictus

755 5404 931 5457 estde
956 5404 1181 5464 sanctis.
1213 5406 1305 5473 qui
1338 5405 1472 5459 salvi
1508 5406 1643 5459 ﬁunt
1666 5406 1719 5459 in
1754 5406 2224 5461 consummatione
2257 5403 2459 5459 smculi.
2518 5400 2682 5454 David
2716 5399 2859 5453 enim
2904 5399 3293 5465 interpretatur
3338 5392 3701 5448 desideratus:
3751 5394 3853 5443 hoc
3892 5394 3967 5441 est

754 5496 956 5550 chorus
980 5505 1313 5559 sanctorum,
1346 5511 1505 5566 quem
1541 5496 1806 5553 Dominus
1824 5498 2135 5554 desiderans
2162 5512 2333 5568 usque
2356 5496 2411 5550 in
2436 5495 2592 5550 ﬁnem
2613 5494 2816 5559 dilexit,
2842 5502 2895 5547 et
2928 5489 3150 5546 tradidit
3183 5487 3341 5543 morti
3365 5502 3423 5542 se
3444 5486 3623 5556 ipsum
3647 5497 3742 5555 pro
3762 5479 3966 5538 deside-

755 5594 876 5640 rato
903 5594 1213 5641 sanctorum
1247 5588 1437 5641 choro.

830 5743 879 5795 1.
916 5741 972 5797 in
1011 5742 1226 5797 civitate
1255 5755 1344 5798 tua
1378 5750 1587 5799 sancta.

2497 5737 2547 5793 1.
2591 5737 2677 5789 Ἐν
2706 5736 2768 5806 τῇ
2806 5734 2956 5789 πόλει
2991 5749 3083 5786 σου
3117 5734 3183 5803 τῇ
3211 5731 3361 5802 ἁγίᾳ.
