4068 6318
159 359 252 414 695
1044 357 1130 410 DE
1169 356 1447 413 TITULlS
1484 355 1926 412 PSALMOBUM.
1960 383 2000 397 -
2054 354 2248 412 PSAL.
2291 356 2404 413 XV.
3250 359 3354 414 694

221 473 272 527 2.
304 473 371 525 Ἦ
399 471 481 536 τίς
509 471 918 544 κατασκηνώσει
951 476 1008 526 ὲν
1041 475 1156 542 ὄρει
1187 474 1325 544 ἁγίῳ
1353 490 1476 540 σου;
1734 478 1782 536 Α

1734 478 1782 536 Α
1874 474 1929 528 2.
1966 476 2074 530 Aut
2109 476 2234 545 quis
2264 476 2564 545 requiescet
2591 475 2641 528 in
2666 485 2850 530 monte
2876 485 3066 530 sancto
3093 474 3222 528 tuo?

221 563 274 619 5.
305 564 672 635 Πορευόμενος
696 567 942 636 ἄμωμος,
983 567 1075 620 καὶ
1115 565 1478 638 ἐργαςόμενος
1505 567 1708 623 δικαιο-

1879 567 1932 623 5.
1965 567 2070 634 Qui
2101 568 2402 638 ingreditur
2426 569 2544 624 sine
2585 569 2817 633 macula,
2839 577 2890 623 et
2926 575 3182 637 operatur
3204 567 3363 637 justi-

161 657 319 728 σύνην
1807 661 1935 716 tiam
1959 679 1972 716 :

223 747 275 802 4.
306 746 495 800 Λαλῶν
516 747 770 817 ἀλήθειαν
797 749 854 802 ὲν
892 750 1087 821 καρδία
1117 749 1280 803 αὑτοῦ
1308 768 1320 782 ·

1879 752 1931 806 4.
1969 750 2072 818 Qui
2114 752 2354 822 loquitur
2380 752 2656 806 veritatem
2677 751 2730 804 in
2754 753 2917 806 corde
2950 768 3083 806 suo:

225 838 276 895 5.
317 841 413 902 Ὃς
441 840 540 893 οὐκ
572 840 826 894 ὲδόλωσεν
854 843 911 896 ὲν
944 842 1161 914 γλώσσῃ
1191 844 1355 897 αὐτοῦ
1379 885 1396 911 ,

1880 843 1934 897 5.
1968 841 2074 910 Qui
2109 857 2213 896 non
2245 843 2353 914 egit
2376 842 2559 897 dolum
2588 842 2643 895 in
2667 842 2847 912 lingua
2879 857 3011 898 sua:

227 931 278 986 6.
309 932 438 984 Οὐδὲ
457 931 675 1003 ἐποίησε
701 933 779 1005 τῷ
813 934 1035 1004 πλησίον
1079 934 1242 989 αὑτοῦ
1274 937 1442 991 κακόν
1467 951 1480 966 ·

1298 937 1442 991 εακόν
1467 951 1480 966 ·
1881 934 1934 989 6.
1967 933 2078 989 Nec
2108 933 2236 990 fecit
2264 933 2513 1004 proximo
2539 949 2640 989 suo
2669 934 2904 988 malum:

219 1023 269 1078 7.
298 1023 408 1078 Καὶ
446 1015 743 1095 ὀνειδισμὸν
795 1027 892 1079 οὐκ
937 1025 1128 1081 ἔλαϐεν
1174 1029 1267 1080 ἐπὶ
1310 1028 1438 1093 τοὺς
1485 1028 1713 1098 ἔγγιστα

1887 1027 1940 1079 7.
1965 1024 2040 1080 Et
2061 1025 2414 1096 opprobrium
2442 1039 2548 1079 non
2571 1024 2780 1094 accepit
2813 1025 3068 1078 adversus
3089 1027 3363 1093 proximos

162 1117 335 1174 αὐτοῦ,
1812 1132 1965 1172 suos.

229 1208 280 1266 8.
328 1210 702 1277 Ἐξουδένωται
737 1209 964 1266 ἐνώπιον
989 1212 1151 1266 αὐτοῦ
1180 1213 1626 1284 πονηρευόμενος·

1881 1210 1934 1265 8.
1969 1208 2049 1263 Ad
2095 1208 2327 1264 nihilum
2377 1209 2643 1265 deductus
2691 1218 2774 1265 est
2820 1209 2874 1262 in
2923 1219 3214 1264 consocetu
3249 1208 3366 1278 ejus

1813 1303 2109 1374 malignus:
2768 1317 2770 1319 '

229 1388 280 1442 9.
310 1386 447 1450 Τοὺς
471 1387 529 1439 δὲ
562 1387 926 1459 φοϐουμένους
952 1390 1042 1443 τδν
1064 1390 1267 1463 Κύριον
1287 1390 1519 1456 δοξάζει.

1505 1433 1519 1446 .
1883 1394 1938 1450 9.
1970 1393 2248 1447 Timentes
2273 1401 2452 1446 autem
2495 1392 2782 1447 Dominum
2826 1391 3106 1462 gloriﬁcat.

230 1477 314 1531 10.
362 1479 418 1531 '0
441 1478 654 1548 ὀμνύων
677 1480 756 1550 τῷ
778 1482 1003 1552 πλησίον
1029 1484 1213 1559 αὑτοῦ,
1238 1485 1329 1537 καὶ
1355 1485 1452 1538 οὐκ
1484 1484 1710 1539 ἁθετῶνο

1585 1484 1710 1539 τῶν·
1889 1485 1977 1538 10.
2017 1482 2120 1549 Qui
2146 1483 2294 1552 jurat
2323 1483 2570 1552 proximo
2595 1499 2694 1538 suo
2741 1495 2794 1538 et
2833 1501 2936 1539 non
2961 1482 3191 1553 decipit:

232 1567 315 1621 11.
351 1569 424 1620 Τὸ
456 1569 716 1640 ἀργύριον
739 1572 901 1626 αὐτοῦ
942 1575 1041 1626 οὐκ
1073 1575 1267 1628 ἔδωκεν
1292 1577 1386 1630 ἐπὶ
1411 1577 1574 1648 τόκῳ·

1889 1575 1975 1628 11.
2010 1574 2114 1640 Qui
2153 1575 2438 1644 pecuniam
2472 1590 2626 1629 suam
2657 1591 2766 1629 non
2793 1576 2940 1630 dedit
2965 1575 3032 1629 ad
3063 1591 3318 1630 usuram:

233 1659 315 1713 η.
348 1660 456 1712 Καὶ
481 1659 627 1732 δῶρα
652 1664 738 1715 ἐπ’
771 1663 969 1728 ἀθώοις
991 1667 1090 1720 οὐκ
1119 1667 1326 1722 ἔλαϐεν.

1888 1666 1974 1721 12.
2011 1665 2079 1720 Ει
2103 1681 2328 1720 munera
2363 1681 2521 1735 super
2555 1666 2869 1720 innocentes
2903 1682 3011 1722 non
3039 1667 3265 1736 accepit.

231 1753 311 1809 15.
356 1755 414 1807 '0
438 1753 605 1807 ποιῶν
628 1755 803 1809 ταῦτα
827 1758 887 1810 οὐ
907 1759 1295 1831 σαλευθήσεται
1321 1763 1400 1826 είς
1411 1761 1501 1816 τὸν
1523 1763 1711 1818 αίῶνα.
1747 1815 1788 1872 Β

1747 1815 1788 1872 Β
1889 1758 1974 1812 13.
2005 1756 2110 1823 Qui
2151 1756 2281 1812 facit
2317 1759 2450 1825 hate,
2483 1773 2590 1811 non
2629 1759 2928 1813 movebitur
2961 1760 3014 1812 in
3059 1769 3340 1814 attentum.

323 1867 739 1936 Στηλογραερία
788 1866 868 1933 τῷ
909 1870 1104 1924 Δαϐίδ.
1160 1874 1388 1930 ΨΑΑΜ.
1422 1878 1533 1931 w.
1747 1866 1785 1872 ⁷
1927 1881 1929 1891 ‘

1747 1866 1785 1872 ⁷
1927 1873 2092 1927 Tituli
2121 1872 2392 1941 inscriptio
2421 1913 2435 1935 ,
2469 1872 2567 1938 ipsi
2605 1870 2799 1926 David.
2845 1871 3108 1928 PSALM.
3144 1873 3267 1930 XV.

232 1973 280 2028 1.
314 1973 548 2039 Φύλαξὸν
581 1993 670 2046 με,
699 1977 900 2048 Κύριε·
932 1981 1014 2032 ὅτι
1050 1983 1142 2035 ἐπὶ
1171 1986 1252 2037 σοὶ
1280 1986 1500 2056 ἤλπισα.

1893 1985 1942 2038 1.
1977 1982 2251 2038 Conserva
2270 1997 2378 2045 me,
2405 1981 2670 2048 Domine;
2698 1983 2956 2051 quoniam
2987 1984 3196 2054 speravi
3227 1983 3280 2038 in
3302 1994 3371 2041 te.

232 2064 285 2118 2.
318 2061 460 2118 Εἷπα
482 2065 560 2135 τῷ
596 2067 818 2138 Κυρίῳ“
854 2070 1055 2141 Κύριός
1091 2092 1190 2144 μου
1220 2072 1270 2128 εί
1305 2079 1404 2142 σὺ,

1390 2117 1404 2142 ,
1887 2076 1942 2130 2.
1981 2074 2100 2127 Dixi
2143 2072 2403 2128 Domino:
2448 2073 2587 2130 Deus
2613 2090 2766 2129 meus
2807 2090 2866 2129 cs
2899 2084 2990 2139 tu,

233 2156 285 2209 5.
320 2157 440 2209 ’Ότι
470 2157 578 2210 τῶν
607 2158 825 2227 ἀγαθῶν
857 2179 957 2232 μου
983 2164 1044 2217 οὑ
1070 2167 1256 2238 χρείαν
1283 2167 1446 2238 ἔχεις.

1888 2169 1939 2222 3.
1977 2166 2246 2233 Quoniam
2276 2167 2541 2222 bonorum
2577 2183 2820 2223 meorum
2861 2182 2969 2222 non
2997 2184 3139 2240 eges.

233 2247 288 2302 4.
319 2247 452 2310 Τοῖς
468 2246 642 2315 ἁγίοις
665 2252 775 2313 τοῖς
805 2255 862 2305 ὲν
888 2255 952 2324 τῇ
982 2257 1049 2326 γῇ
1082 2256 1268 2310 αὐτοῦ·
1301 2257 1723 2332 ὲθαυμάστωσεν

1893 2260 1948 2315 4.
1987 2258 2204 2314 Sanctis
2227 2299 2240 2324 ,
2289 2261 2385 2328 qui
2419 2269 2548 2315 sunt
2585 2261 2639 2314 in
2694 2269 2837 2315 terra
2870 2260 3020 2331 ejus.
3074 2259 3388 2317 miriﬁcavit

170 2343 196 2394 ό
217 2341 436 2414 Κύριος,

1822 2353 2086 2408 Dominus
2107 2393 2122 2415 ,

241 2433 296 2490 5.
329 2435 514 2490 Πάντα
531 2435 599 2489 τὰ
634 2436 908 2508 θελήματα
927 2437 1090 2492 αὑτοῦ
1110 2441 1167 2493 ὲν
1189 2441 1393 2506 αὐτοῖς.

1281 2444 1393 2506 τοῖς.
1896 2445 1950 2500 5.
1981 2443 2182 2502 Omnes
2204 2447 2512 2504 voluntates
2535 2463 2665 2504 suas
2698 2447 2751 2501 in
2789 2448 2887 2503 eis.

1277 2687 1650 2745 ATHANASII
1687 2689 2263 2748 INTERPRETATIO.

241 2906 296 2962 9..
343 2909 432 2962 Ἐν
459 2913 524 2980 τῇ
553 2911 664 2964 ἄνω
698 2910 1063 2981 Ἰερουσαλήμ.

1053 2951 1063 2965 .
1901 2917 1954 2971 2.
1985 2918 2044 2971 In
2076 2933 2308 2988 superna
2339 2918 2659 2975 Jerusalem.

242 2999 294 3054 5.
327 3001 697 3071 Πορευὸμενος
724 3003 781 3054 ὲν
804 3001 1005 3067 πίστειν
1028 3004 1120 3056 καὶ
1145 3004 1509 3077 ἐργαζόμενος
1529 3006 1728 3063 δικαιο-

1582 3023 1728 3063 καιο-
1902 3008 1954 3062 5.
1985 3007 2294 3065 Procedens
2317 3010 2370 3064 in
2392 3011 2517 3078 tide,
2549 3021 2604 3066 et
2634 3024 2864 3081 operaus
2887 2994 3186 3082 justitiam:

179 3107 357 3161 συνην.

241 3183 294 3238 4.
343 3183 744 3256 ’Λνυποκρίτως
771 3184 965 3250 οὓτως.
1760 3241 1797 3256 ﬂ

1760 3241 1797 3256 ﬂ
1906 3187 1958 3242 4.
1995 3187 2074 3243 Ita
2095 3188 2214 3244 sine
2247 3190 2607 3247 simulatione.

241 3271 291 3324 5.
341 3272 398 3325 '0
427 3273 562 3345 πρὸς
582 3241 798 3338 ³πάντας
823 3241 1140 3347 ἀνθρώπους
1179 3277 1396 3349 ἀγάπην
1429 3279 1588 3348 ἔχων.
1757 3241 1798 3297 c

1757 3241 1798 3297 Ο
1907 3278 1960 3333 5.
1993 3278 2134 3351 Erga
2155 3297 2346 3337 omnes
2371 3282 2618 3337 homines
2647 3283 2851 3336 habens
2875 3281 3213 3350 cbaritatem,

241 3362 292 3416 ϐ.
331 3364 446 3416 Οὐκ
474 3365 646 3435 ἐχάρη
680 3365 864 3427 κακῶς
898 3365 1211 3434 πασχόντων
1252 3367 1362 3421 τῶν
1400 3368 1607 3439 ἐχθρῶν
1637 3369 1734 3422 αὺ-

1707 3399 1734 3410 -
1903 3371 1957 3425 6.
1990 3366 2110 3430 Νὸη
2136 3375 2354 3445 gavisus
2387 3383 2470 3429 est
2491 3374 2649 3428 malis
2686 3389 2911 3429 suorum
2945 3375 3312 3441 inimicorum,

185 3473 284 3509 ιον.

243 3549 290 3600 7.
325 3548 464 3601 Οὔτε
494 3549 767 3602 ὠνείδισεν
795 3551 989 3616 αὐτοὺς
1015 3553 1098 3623 ἐφ’
1131 3549 1212 3618 οἷς
1239 3555 1502 3629 ἥμαρτον.

1909 3551 1963 3604 7.
1995 3547 2182 3619 Neque
2203 3550 2553 3619 opprobravit
2577 3552 2656 3606 eis
2689 3567 2811 3621 qua:
2841 3560 3217 3622 peccaverunt.

239 3639 291 3691 8.
337 3640 753 3712 Ἀνθιστὰμενος
784 3643 860 3714 τῷ
884 3644 1022 3716 Θεῷ,
1054 3645 1221 3715 λέγει.

938 3645 1022 3716 εῷ,
1054 3645 1221 3715 λέγει,
1905 3638 1959 3693 8.
1997 3637 2106 3694 Deo
2135 3641 2418 3706 resistens,
2450 3642 2544 3697 ait.

243 3731 295 3784 9.
328 3731 488 3785 Αὐτῶ
520 3734 598 3804 τῷ
626 3736 907 3803 φοϐεῖσθαι
933 3739 1129 3803 αὐτοὺς
1159 3739 1341 3793 αὐτόν.

1338 3781 1341 3792 ,
1906 3730 1959 3784 9.
1991 3729 2074 3786 Ob
2107 3731 2161 3785 id
2193 3731 2391 3800 ipsum,
2421 3732 2566 3802 quod
2589 3749 2712 3787 eum
2737 3733 2944 3788 timent.

246 3823 331 3878 10.
368 3826 461 3894 Μὴ
489 3825 831 3896 ψευδόμενος.

1908 3823 1994 3878 10.
2023 3821 2145 3877 Non
2174 3824 2462 3878 mentiens.

242 3913 325 3968 lt.
356 3915 546 3983 Πνίγει
595 3917 701 3988 γὰρ
746 3918 837 3970 τὸν
885 3919 1095 3990 πτωχὸν
1122 3922 1151 3973 ό
1181 3921 1370 3983 τόκοςο
1412 3922 1734 3993 πνιγομένου

1911 3915 1998 3970 lt.
2036 3913 2277 3968 Suﬂ‘ocat
2318 3913 2462 3967 enim
2515 3929 2804 3984 pauperem
2861 3913 3077 3982 finitus;
3137 3915 3395 3972 sutIocato

178 4004 231 4056 δὲ
252 4005 342 4056 τοῦ
376 4006 618 4075 πτωχοῦ.
654 4009 754 4080 ὁρᾷ
786 4009 981 4072 πάντες
1010 4011 1042 4080 ἡ
1071 4010 1312 4081 ἁμαρτία
1339 4012 1428 4064 τὸν
1448 4013 1538 4065 ἐπὶ
1563 4013 1736 4066 τόκων

1840 4012 2024 4058 autem
2062 4018 2299 4073 paupere
2347 4018 2538 4058 omnes
2585 4006 2766 4060 vident
2798 4017 3080 4076 peccatum
3124 4006 3395 4062 faeneran-

183 4092 501 4148 δανείσαντα
532 4095 732 4168 [ὁρῶσι
765 4099 963 4164 πάντες
988 4102 1085 4172 τὴν
1115 4102 1385 4174 ἁμαρτίαν
1408 4102 1500 4156 τοῦ
1532 4104 1623 4156 ἐπὶ
1650 4103 1738 4156 τό·

1840 4097 1950 4151 tis:
1985 4097 2092 4150 alio
2121 4095 2283 4150 modo
2314 4096 2602 4152 manifesta
2644 4097 2807 4152 ctiam
2864 4099 3087 4153 avaritia
3133 4109 3239 4162 est,
3273 4116 3395 4155 cum

179 4201 282 4238 κων
313 4186 694 4260 δανείσαντος]
717 4206 730 4219 ·
779 4189 948 4253 ἄλλως
985 4209 1042 4244 τε
1090 4193 1184 4245 καὶ
1217 4193 1496 4260 πλεονεξία
1536 4195 1734 4266 σαφὴς,

1562 4195 1734 4266 ταφὴς,
1839 4189 1986 4259 quis,
2019 4203 2138 4258 quae
2164 4188 2333 4254 dedit,
2369 4188 2481 4244 sola
2508 4189 2753 4258 accipere
2780 4204 2887 4243 non
2915 4187 3168 4255 sustinet.

179 4274 300 4329 ὅταν
319 4278 382 4331 ἄν
410 4294 515 4340 τις,
548 4278 584 4330 ἃ
603 4278 819 4342 δέδωκε,
853 4281 988 4351 μόνα
1019 4281 1201 4336 λαϐεῖν
1233 4283 1331 4336 οὐκ
1361 4284 1630 4354 ἀνέχεται.

250 4369 335 4423 12.
369 4371 510 4441 Περὶ
552 4371 647 4424 τοῦ
682 4372 955 4437 παντελῶς
991 4374 1154 4446 μηδὲν
1190 4374 1486 4447 λαμϐάνειν
1519 4376 1609 4429 τὸν
1648 4375 1739 4429 δα-

1911 4373 1995 4427 12.
2031 4372 2184 4438 Quod
2214 4372 2588 4427 nihilomnino
2627 4371 2869 4442 accipere
2905 4381 3140 4442 oportet,
3169 4370 3260 4440 qui
3283 4385 3398 4424 mu-

181 4459 422 4523 νείζοντα
475 4461 810 4532 χαρίσματος
840 4463 1025 4518 ἕνεκεν
1063 4465 1096 4536 ἢ
1126 4467 1286 4519 τόκου
1343 4467 1494 4539 παρά
1529 4467 1619 4519 τοῦ
1653 4467 1740 4520 δα.

1841 4476 1932 4522 tuo
1984 4467 2094 4531 dat,
2145 4465 2224 4520 vel
2271 4464 2474 4536 gratiae,
2508 4465 2590 4520 vel
2629 4463 2857 4520 femoris
2898 4479 3064 4520 causa
3093 4463 3162 4518 ab
3186 4477 3280 4529 eo,
3307 4460 3400 4531 qui

183 4550 508 4622 νειζομένου.
1768 4607 1789 4671 1

1768 4607 1817 4671 D
1842 4562 2139 4609 mutuatur.

257 4803 320 4856 Ἡ
350 4804 691 4875 προκειμένη
717 4805 993 4877 ἐπιγραφὴ
1023 4806 1285 4876 περιέχει·
1325 4804 1742 4873 Στηνίογραφία
1778 4801 1858 4868 τῷ
1903 4802 2079 4856 Δαϐἰδ
2103 4822 2114 4834 ·
2159 4804 2315 4856 τοῦτο
2340 4800 2432 4856 οὖν
2465 4801 2634 4870 λέγει,
2663 4801 2760 4864 τὰς
2787 4800 2896 4854 τῶν
2932 4800 3100 4869 ἁγίων
3136 4798 3402 4860 πολιτείας

182 4899 376 4972 στήλας
397 4899 710 4970 διαγράφει.
747 4900 974 4970 Εἴρηται
1007 4896 1098 4953 οὖν
1127 4903 1154 4953 ὁ
1184 4900 1396 4972 ψαλμὸς
1422 4901 1570 4970 παρά
1593 4897 1685 4951 τοῦ
1718 4898 1883 4952 Δαϐὶδ
1911 4897 1988 4960 είς
2008 4896 2106 4960 τὰς
2129 4897 2234 4952 τῶν
2257 4896 2426 4964 ἁγίων
2453 4896 2672 4966 ἀρετάς.

249 4990 493 5056 Titulus,
527 4990 618 5060 qui
655 4992 864 5060 psalmo
897 4992 1245 5060 prmponitnr,
1275 4992 1553 5045 continet:
1595 4989 1768 5042 Tituli
1797 4989 2069 5054 inscriptio
2100 4988 2201 5056 ipsi
2249 4986 2453 5050 David;
2504 4986 2611 5041 hoc
2647 4995 2824 5039 autem
2855 4983 3142 5054 signiﬁcat,
3176 4981 3403 5037 Sancto-

183 5095 299 5135 rum
332 5082 463 5134 vitaa
497 5080 828 5143 institutum,
867 5089 920 5133 et
949 5081 1416 5135 conversationem
1448 5081 1605 5150 quasi
1644 5080 1698 5134 in
1730 5080 1887 5151 cippo
1913 5079 2193 5134 describit.
2246 5078 2430 5132 Dictus
2457 5088 2541 5132 est
2587 5079 2749 5149 igitur
2784 5077 3027 5148 psalmus
3048 5092 3079 5131 a
3110 5075 3309 5131 Davide
3338 5074 3407 5128 de

185 5174 477 5229 virtutibus
505 5181 839 5228 sanctorum.

257 5373 305 5425 1.
340 5372 469 5424 Ὅτι
502 5386 561 5420 σε
595 5368 794 5440 ἐθέμην
821 5368 1030 5439 βοηθὸν,
1065 5366 1294 5437 φύλαξόν
1324 5385 1409 5438 με.

1924 5371 1972 5423 1.
2007 5369 2277 5435 Quoniam
2308 5376 2359 5421 te
2387 5369 2543 5438 posui
2569 5369 2894 5437 adjutorcm,
2923 5369 3132 5426 custodi
3161 5385 3266 5426 me.

250 5461 303 5515 2.
346 5460 595 5528 Ἐπέγνω
629 5461 646 5532 l
679 5459 946 5526 Ἐπὲγνων
972 5459 984 5528 1
1013 5459 1109 5529 τὴν
1126 5457 1316 5511 ἑαυτοῦ
1346 5458 1675 5513 δεσποτείαν.

1346 5458 1675 5513 δεσποτείαν.
1922 5462 1975 5516 2.
2012 5461 2222 5531 Agnovi
2256 5459 2428 5529 ipsius
2460 5460 2923 5527 dominationem;

249 5553 304 5608 5.
333 5554 457 5606 Τῶν
481 5552 777 5622 χρημάτων
804 5569 903 5621 μου
934 5552 994 5602 οὑ
1034 5553 1219 5627 χρείαν
1259 5551 1419 5620 ἔχεις.

1159 5569 1219 5604 αν
1259 5551 1419 5620 ἔχεις.
1922 5552 1977 5603 5.
2008 5549 2220 5604 Divitiis
2247 5549 2381 5603 meis
2405 5565 2510 5604 non
2537 5550 2765 5618 indiges.

255 5643 307 5696 4.
335 5643 477 5705 Τοὺς
502 5641 688 5708 ἁγίους
716 5640 984 5707 ἐδόξασεν.

1923 5641 1976 5696 4.
2018 5641 2249 5696 Sanctos
2281 5639 2637 5714 glorilicavit;

256 5733 308 5788 5.
352 5735 441 5786 Ἐν
472 5736 584 5797 τοῖς
611 5732 783 5798 ἁγίοις
813 5731 974 5787 αὑτοῦ
1001 5732 1067 5786 τὰ
1101 5733 1310 5802 αἱρετά,

1927 5734 1978 5786 5.
2022 5732 2080 5787 ln
2118 5733 2320 5787 sanctis
2349 5731 2486 5800 ejus,
2535 5747 2654 5802 qua:
2703 5732 2954 5802 aptabilia
2987 5739 3127 5787 sunt.
