4090 6312
714 357 816 414 695
1529 351 1584 407 S.
1628 346 1990 405 ATIIANASII
2033 346 2182 402 OI‘P.
2228 343 2404 397 PARS
2442 342 2529 396 111.
2572 371 2637 380 -—-
2678 333 3082 390 EXEGETICA.
3815 324 3902 378 696

785 477 838 530 6.
873 475 1234 544 Multiplicate
1262 483 1388 528 sunt
1429 472 1766 525 inﬁrmitates
1799 483 2006 522 eorum.

789 569 837 620 7.
879 566 1070 622 Postea
1111 567 1566 621 acceleraverunt.

785 660 839 713 8.
873 657 988 712 Non
1023 658 1364 727 congregabo
1402 655 1780 710 conventicula
1822 667 2009 707 eorum
2037 655 2102 703 de
2138 664 2264 701 san-

718 745 1007 816 guhubus,

787 840 841 893 9.
875 837 979 891 Nec
999 852 1204 891 memor
1225 851 1318 890 ero
1339 836 1617 890 nominum
1645 845 1950 888 eorumzncr
1978 830 2263 884 iabiamea.

793 1008 878 1061 10.
914 1009 1172 1061 Dominus
1196 1024 1318 1076 pars
1339 1005 1666 1060 liaereditatis
1687 1019 1837 1070 meae,
1860 1014 1910 1057 et
1935 1003 2118 1056 (-alzcis
2141 1002 2244 1055 mei

791 1177 878 1230 11.
913 1175 992 1229 Tu
1025 1178 1211 1246 es,qui
1244 1179 1496 1231 restitues
1523 1177 1885 1232 haereditatem
1917 1193 2088 1230 meam
2115 1178 2246 1230 mihi

788 1353 872 1405 12.
906 1352 1082 1406 Funcs
1106 1355 1419 1408 ceciderunt
1445 1355 1572 1408 mihi
1609 1356 1663 1410 in
1701 1355 2001 1421 prteclaris:

792 1443 876 1498 15.
910 1444 1119 1498 Etenim
1149 1446 1433 1500 hazreditas
1456 1462 1572 1500 mea
1605 1447 1861 1516 prwclara
1889 1457 1972 1500 est
2013 1447 2164 1500 mihi.

791 1619 876 1672 14.
910 1617 1228 1676 Benedicam
1286 1622 1593 1688 Dominum,
1643 1623 1734 1693 qui
1782 1623 1969 1677 tribuit
2013 1624 2142 1676 mihi
2191 1624 2241 1676 in

720 1711 991 1765 tellectum
1021 1755 1034 1778 ,

791 1803 878 1858 15.
915 1803 1140 1874 Insuper
1164 1816 1218 1859 et
1251 1822 1420 1861 usoue
1446 1822 1509 1860 ao
1535 1817 1740 1860 noctem
1774 1807 2159 1874 increpuerunt
2192 1821 2276 1860 me
2307 1805 2346 1858 B

719 1907 876 1948 renes
906 1896 1028 1948 mei.

799 1987 1275 2043 16.1’rovidebam
1345 1989 1630 2042 Dominum
1687 1989 1740 2041 in
1799 1996 2090 2058 conspectu
2154 2004 2274 2043 meo

723 2091 957 2147 semper.

798 2170 884 2223 17.
916 2170 1180 2235 Quoniam
1223 2189 1252 2225 a
1278 2173 1482 2227 dextris
1504 2182 1580 2225 est
1610 2172 1738 2225 milii
1769 2187 1836 2226 ne
1869 2187 2234 2226 commovear.

795 2262 883 2316 18.
916 2261 1141 2333 Propter
1167 2264 1271 2319 hoc
1293 2266 1533 2319 laetatum
1569 2274 1653 2318 est
1685 2279 1778 2319 cor
1803 2279 1980 2318 meum
2003 2303 2019 2327 ,

796 2354 883 2409 19.
915 2353 978 2408 Et
1002 2357 1291 2410 exsultavit
1321 2357 1502 2426 lingua
1531 2371 1652 2409 mea
1676 2397 1689 2419 ,

789 2447 880 2500 20.
912 2446 1137 2516 lnsuper
1157 2457 1210 2501 et
1239 2463 1367 2502 caro
1403 2463 1522 2501 mea
1562 2447 1866 2516 requiescet
1896 2445 1949 2499 in
1979 2461 2072 2515 spe

791 2626 881 2678 21.
915 2626 1182 2692 Quoniam
1211 2644 1317 2682 non
1351 2628 1690 2696 derelinques
1736 2627 1972 2679 animam
2007 2639 2179 2677 meam
2218 2624 2270 2675 in

721 2717 932 2769 inferno

787 2807 878 2862 22.
910 2807 1017 2864 Nec
1051 2811 1206 2865 dabis
1258 2819 1504 2863 sanctum
1540 2818 1689 2861 tuum
1735 2806 1917 2859 Videre
1969 2803 2271 2871 corruptiu-

725 2916 866 2955 nem.

791 2994 877 3049 25.
910 2993 1076 3049 Notas
1107 2997 1237 3049 mihi
1272 2994 1442 3050 fecisti
1480 2994 1594 3046 vias
1619 2992 1760 3058 vitae,

2439 460 2486 512 6.
2537 454 2966 525 Ἐπληθύνϐησαν
2996 452 3050 502 αι
3087 447 3356 501 ἀσθένειαι
3380 443 3574 497 αὐτῶν.

2461 570 2502 604 ι.
2539 549 2690 602 Μετὰ
2712 547 2881 600 ταῦτα
2908 544 3186 612 ὲτάχυναν.

2448 645 2500 698 3.
2543 643 2616 694 Ού
2647 641 2720 712 μὴ
2746 638 3030 705 συναγάγω
3055 634 3150 695 τάς
3181 628 3498 699 συναγωγὰς
3523 628 3696 681 αὐτῶν
3742 626 3799 693 ἐξ
3833 625 3904 678 υἱ-

2375 738 2557 806 μάτων
2579 775 2592 795 ,

2450 828 2499 880 9.
2536 823 2656 877 Οὐδ’
2704 824 2763 876 ού
2807 823 2879 892 μὴ
2917 819 3134 890 μνησθῶ
3167 817 3273 870 τῶν
3313 815 3588 883 ὀνομάτων
3632 812 3802 865 αὐτῶν
3829 812 3904 864 ἰὰ

2372 920 2588 989 χειλέων
2615 935 2732 987 μου.

2448 1011 2534 1063 10.
2578 1009 2778 1078 Κύριος
2812 1009 2844 1076 ἠ
2876 1006 3028 1076 μερὶς
3063 1004 3160 1071 τῆς
3191 1004 3547 1071 κληρονομιας
3587 1017 3685 1069 μου
3711 997 3805 1049 καὶ
3826 992 3903 1048 τοῦ

2373 1102 2628 1172 ποτηρίου
2669 1115 2788 1168 μου.

2447 1190 2535 1244 11.
2570 1189 2640 1241 Σὺ
2692 1182 2741 1238 εἴ
2786 1188 2813 1238 ὁ
2853 1182 3226 1238 ἀποκαθιστῶν
3280 1183 3378 1250 τὴν
3425 1180 3779 1252 κληρονομίαν
3820 1193 3905 1246 μου

2371 1279 2512 1348 ἐμοί.

2460 1369 2540 1421 12.
2576 1368 2785 1436 Σχοινία
2815 1366 3084 1418 ἐπέπεσὰν
3119 1383 3206 1433 μοι
3235 1368 3290 1417 ἐν
3320 1367 3429 1426 τοῖς
3456 1362 3786 1432 κρατίστοις·

2447 1462 2533 1514 15.
2574 1462 2682 1512 Καὶ
2729 1459 2835 1529 γὰρ
2869 1460 2900 1528 ἡ
2937 1458 3264 1528 κληρονομία
3307 1475 3405 1527 μου
3441 1457 3700 1528 κρατίστη
3736 1470 3822 1522 μοι
3862 1454 3907 1504 ἑ-

2374 1555 2506 1605 στίν.

2447 1644 2536 1698 1-1.
2577 1643 2870 1712 Εὑλογήσω
2898 1643 2988 1695 τὸν
3022 1641 3221 1711 Κύριον
3249 1643 3336 1693 τὸν
3365 1643 3711 1694 συνετίσαντά
3738 1658 3823 1705 με,

2453 1800 2538 1854 13.
2581 1801 2699 1851 Ἔτι
2727 1799 2782 1852 δὲ
2816 1801 2909 1851 καὶ
2934 1801 3035 1860 ἕως
3069 1799 3255 1860 νυκτὸς
3297 1799 3616 1851 ἐπαίδευσαν
3658 1815 3721 1868 με
3768 1798 3815 1850 οἱ
3840 1813 3913 1849 νε-

2379 1892 2501 1962 φροί
2525 1909 2643 1962 μου.

2451 1984 2543 2038 16.
2577 1981 2958 2054 Προεωρώμην
3006 1984 3095 2034 τὸν
3152 1982 3352 2050 Κύριον
3407 1981 3633 2033 ἐνώπιόν
3687 1997 3784 2049 μου
3842 1979 3912 2031 διὰ

2381 2075 2576 2136 παντὸς
2602 2115 2616 2137 ,

2447 2167 2532 2218 17.
2564 2168 2684 2217 Ὀτι
2715 2167 2779 2218 ἐκ
2811 2163 2998 2231 δεξιῶν
3034 2162 3132 2233 μού
3177 2165 3344 2227 ὲστιν,
3376 2164 3460 2214 ἵνα
3498 2163 3571 2232 μὴ
3599 2161 3851 2215 σαλευθῶ.

2455 2258 2542 2311 18.
2583 2257 2679 2308 Διά
2708 2255 2864 2310 τοῦτο
2896 2254 3169 2325 εὐφράνθη
3199 2256 3230 2326 ὴ
3257 2255 3452 2324 καρδία
3485 2269 3586 2323 μου
3605 2293 3620 2316 ,

2454 2350 2537 2404 19.
2571 2349 2678 2400 Καὶ
2713 2347 3076 2415 ἠγαλλιάσατο
3105 2349 3138 2416 ἡ
3171 2345 3389 2414 γλῶσσά
3416 2363 3513 2415 μου
3534 2387 3548 2409 ,

2449 2442 2538 2492 20.
2580 2442 2699 2492 Ἐτι
2722 2440 2775 2492 δὲ
2806 2439 2898 2491 καὶ
2927 2440 2959 2508 ἡ
2993 2437 3127 2508 σάρξ
3161 2455 3259 2505 μου
3286 2435 3691 2507 κατασκηνώσει
3717 2438 3800 2488 ἐπ“
3846 2432 3917 2486 ἑλ-

2385 2535 2487 2586 πεδ’

2451 2627 2539 2680 21.
2574 2627 2696 2678 ’Ὅτι
2747 2625 2843 2677 οὑκ
2889 2622 3297 2692 ἐγκαταλείψεις
3344 2620 3440 2691 τὴν
3483 2620 3660 2690 ψυχήν
3709 2637 3805 2689 μου
3851 2617 3919 2679 εἷς

2381 2719 2526 2788 ᾅδου,

2453 2810 2541 2862 22.
2577 2809 2710 2861 Οὐδὲ
2733 2807 2921 2869 δώσεις
2955 2808 3044 2860 τὸν
3072 2808 3214 2861 ὅσιόν
3245 2823 3335 2857 σου
3370 2805 3495 2857 ἰδεῖν
3520 2801 3830 2872 διαφθοράν.

2456 2990 2544 3044 25.
2585 2988 2914 3059 Ἐγνώρισάς
2937 3003 3023 3056 μοι
3053 2985 3204 3046 ὀδοὺς
3235 2984 3400 3055 ζωῆς.

1835 3190 2208 3245 ATHANASII
2243 3183 2825 3242 INTERPRETATIO.

793 3383 844 3437 6.
885 3382 1128 3452 Ipsorum
1168 3380 1493 3436 tentalioncs
1525 3378 1894 3447 multiplicatae
1921 3384 2048 3431 sunt

794 3474 844 3530 7.
878 3474 1068 3530 Postea
1101 3477 1485 3530 transiverunt.

795 3567 848 3622 8.
888 3567 960 3622 De
986 3568 1341 3632 daemonibus,
1362 3567 1455 3622 ait.

795 3660 847 3712 9.
881 3660 1330 3714 Adversariarum
1367 3667 1715 3728 potestatum,
1742 3656 1936 3724 inquit.

797 3750 883 3803 10.
915 3750 1174 3804 Dominus
1202 3765 1330 3819 pars
1371 3757 1424 3802 et
1457 3758 1672 3802 aeternae
1702 3763 1837 3801 meae
1888 3744 2276 3804 retributionis,

725 3849 779 3892 et
799 3839 1054 3908 requietis
1079 3854 1228 3891 meae.

799 3931 881 3985 11.
914 3928 1138 3985 IEterna
1173 3941 1260 3984 tua
1291 3929 1588 3999 refrigeria.

797 4023 881 4076 12.
914 4022 1283 4093 Cogitationes
1331 4023 1485 4078 bona:
1517 4023 1647 4075 mihi
1681 4028 1943 4075 venerunt
1971 4035 2000 4072 a
2025 4016 2276 4078 Domino,

727 4114 918 4182 inquit.

800 4205 882 4257 15.
918 4204 1216 4258 l’romissio
1244 4205 1391 4271 regni
1419 4205 1684 4258 caelorum
1719 4212 1918 4256 aeterna
1952 4209 2056 4254 est.

797 4386 883 4441 14.
915 4386 1250 4455 Cognoscam
1283 4386 1457 4455 ipsum
1486 4404 1498 4438 :

795 4478 882 4532 15.
916 4478 1096 4533 Donec
1146 4479 1322 4548 quievi
1371 4495 1401 4534 τι
1453 4479 1744 4533 mundanis
1794 4478 1992 4542 rebus;
2046 4487 2099 4528 et
2152 4484 2278 4528 tunc

726 4586 885 4624 omne
915 4569 1242 4624 desiderium
1267 4585 1445 4624 meum
1481 4572 1534 4623 in
1566 4571 1682 4639 ipso
1709 4569 1826 4624 fuit.

799 4753 884 4807 16.
920 4753 1036 4808 Prae
1093 4752 1266 4808 oculis
1314 4767 1522 4821 semper
1555 4751 1717 4806 habui
1764 4749 2052 4804 Dominum
2099 4748 2278 4817 opitu-
2311 4727 2355 4781 D

727 4847 926 4900 lantem
967 4845 1121 4898 mihi.

798 4939 883 4991 17.
924 4935 987 4988 Ει
1019 4937 1372 4990 deducentem
1418 4951 1504 4989 me
1552 4935 1606 4988 in
1646 4935 1757 4989 vias
1789 4934 2063 4994 dexteras,
2105 4947 2176 4987 ne
2219 4932 2287 4984 ab

725 5029 803 5081 eis
826 5027 1113 5082 declinent.

798 5121 882 5173 1S.
919 5118 1212 5188 Propterea
1245 5117 1514 5188 spirituali
1557 5116 1755 5187 gaudio
1787 5115 2024 5185 repletus
2051 5129 2167 5168 sum
2197 5131 2210 5165 :

793 5297 880 5351 19.
922 5295 1158 5348 Laudari
1192 5296 1366 5362 ipsum
1401 5309 1494 5347 ore
1525 5309 1680 5348 meo:

793 5389 882 5442 20.
915 5388 1255 5457 Exspectabo
1285 5389 1738 5442 resurrectionem
1781 5398 2138 5441 mortuorum.

795 5483 884 5536 21.
919 5482 1031 5535 Non
1056 5483 1332 5551 relinques
1367 5482 1513 5534 illam
1565 5481 1620 5534 in
1662 5480 2016 5551 receptaculis
2043 5478 2236 5534 mortis
2262 5517 2275 5541 ,

726 5576 817 5630 sed
851 5574 1087 5626 liberans
1111 5589 1228 5626 cani
1266 5574 1479 5626 educes.

795 5665 885 5719 22.
925 5663 1000 5718 De
1030 5665 1254 5718 Domino
1283 5666 1538 5733 loquitur.

806 5756 893 5809 93.
934 5756 1202 5825 Praecepta
1228 5766 1315 5810 tua
1346 5775 1428 5811 me
1455 5758 1704 5811 docuisti.

2447 3369 2500 3421 6.
2537 3367 2599 3418 Οἱ
2628 3364 2922 3435 πειρασμοὶ
2953 3363 3130 3414 αὐτῶν
3161 3357 3589 3430 ὲπληθύνθησαν.

2451 3459 2503 3513 7.
2539 3456 2690 3512 Μετὰ
2712 3454 2884 3506 ταῦτα
2912 3452 3200 3524 παρῆλθον.

2451 3550 2504 3602 8.
2543 3547 2661 3599 Τῶν
2685 3545 2976 3611 δαιμόνων,
3006 3543 3170 3612 λέγει.

2450 3645 2502 3697 9.
2533 3643 2652 3700 Τῶν
2685 3645 2940 3694 ἐναντιων
2964 3639 3264 3710 δυνάμεων,
3302 3639 3466 3705 λέγει.

2455 3739 2538 3791 10.
2577 3737 2776 3805 Κύριος
2812 3734 2966 3804 μερὶς
3012 3733 3104 3784 καὶ
3140 3731 3240 3799 τῆς
3276 3730 3498 3793 αἰωνιας
3545 3747 3648 3800 μου
3684 3730 3930 3799 μισθαπο-

2380 3831 2559 3892 δοσίας
2592 3830 2685 3880 καὶ
2720 3827 2818 3896 τῆς
2853 3822 3208 3885 ἀναπαύσεώς
3239 3840 3356 3892 μου.

2452 3919 2537 3970 11.
2568 3916 2677 3979 Τάς
2700 3915 2950 3977 αἰωνίους
2978 3931 3070 3966 σου
3098 3914 3449 3973 ἀναπαύσεις.

2454 4007 2538 4060 12.
2573 4006 2834 4074 Λογισμο“ι
2860 4003 3052 4072 ἀγαθοὶ
3086 3999 3247 4072 ἦλθόν
3278 4019 3366 4072 μοι
3392 4000 3519 4070 περὶ
3568 4000 3588 4065 1
3615 3999 3801 4072 παρὰ]
3842 3996 3927 4050 τοῦ

2380 4100 2606 4168 Κυρίου,
2635 4097 2800 4164 λέγει.

2452 4190 2536 4241 15.
2587 4189 2650 4240 '11
2700 4186 2999 4255 ἐπαγγελία
3049 4185 3146 4255 τῆς
3201 4183 3472 4254 βασιλείας
3525 4180 3637 4234 τῶν
3700 4179 3930 4255 οὖρανῶν

2384 4279 2730 4350 ἁτελεύτητός
2759 4283 2923 4331 ἐστιν.

2455 4373 2539 4425 14.
2584 4358 2983 4440 Ἑπιγνώσομαι
3016 4367 3175 4420 αὐτόν
3195 4384 3209 4396 ο

2454 4464 2540 4516 15.
2578 4464 2726 4525 Ἕως
2759 4463 2802 4515 δ’
2827 4462 2891 4513 ἂν
2909 4460 3157 4531 ἡσύχασα
3183 4461 3246 4511 ἐκ
3277 4457 3382 4510 τῶν
3410 4457 3504 4510 τοῦ
3552 4459 3762 4529 κόσμου
3806 4473 3934 4528 πρα-

2381 4559 2608 4627 γμάτων
2636 4561 2650 4585 ³
2683 4556 2777 4608 καὶ
2810 4555 2928 4606 τότε
2993 4555 3026 4623 ἡ
3069 4552 3333 4620 ἐπιθυμία
3384 4567 3482 4620 μου
3526 4551 3680 4604 πᾶσι
3726 4550 3934 4620 γέγονεν

2383 4650 2438 4700 ὲν
2465 4647 2629 4716 αὐτῷ.

2460 4740 2545 4792 16.
2583 4737 2694 4807 Πρὸ
2723 4734 3012 4804 ὀφθαλμῶν
3054 4750 3154 4804 μου
3190 4728 3332 4802 εἶχον
3360 4732 3589 4786 πάντοτε
3623 4733 3716 4784 τὸν
3743 4731 3934 4802 Κύριον

2389 4825 2914 4899 άντιλαμϐανὸμενὸν
2950 4843 3072 4895 μου,

2464 4921 2550 4971 17.
2579 4917 2687 4970 Καὶ
2719 4915 3012 4985 ὀδηγοῦντα
3031 4915 3108 4970 εἰς
3129 4914 3226 4975 τάς
3245 4913 3394 4976 ὁδοὺς
3415 4910 3513 4975 τὰς
3534 4912 3737 4977 δεξιὰς,
3765 4915 3850 4965 ἱνα
3871 4910 3935 4982 μὴ

2389 5011 2617 5064 ὲκκλίνω
2639 5010 2730 5061 ἀπ’
2751 5006 2946 5058 αὐτῶν.

2466 5103 2554 5156 18;
2584 5099 2679 5153 Διὰ
2712 5098 2869 5152 τοῦτο
2896 5097 3065 5165 χαοᾶς
3088 5092 3458 5166 πνευματικῆς
3485 5094 3635 5166 1ἤμην
3669 5095 3939 5164 πεπληρω-

2395 5196 2570 5265 μένος.

2466 5288 2553 5341 19.
2605 5286 2858 5349 Ἐδὲξασα
2890 5283 3049 5335 αὑτὸν
3070 5283 3125 5334 ἐν
3156 5298 3231 5351 τῳ
3264 5280 3490 5350 στόματί
3525 5297 3649 5350 μου.

2458 5382 2549 5434 20.
2583 5376 2873 5449 Προσδοκῶ
2904 5376 3192 5428 ἀνάστασιν
3217 5372 3456 5442 var,de

2462 5472 2550 5524 21.
2578 5471 2689 5523 Ούκ
2723 5468 2786 5521 ἂν
2822 5467 2987 5536 ἐάσῃς
3017 5464 3180 5534 αὐτὴν
3215 5467 3292 5525 εἰς
3328 5460 3397 5513 τά
3428 5465 3630 5532 ταμεῖα
3653 5463 3751 5518 τοῦ
3785 5462 3929 5518 θανά.

2390 5583 2507 5628 του,
2546 5562 2677 5616 ἀλλὰ
2706 5561 3117 5631 λυτρωσάμενος
3139 5557 3428 5623 ἁναγάγεις
3451 5557 3643 5628 αὐτήν.

2460 5656 2547 5710 22.
2582 5656 2712 5726 Περὶ
2739 5653 2832 5706 τοῦ
2869 5650 3072 5722 Κυρίου
3105 5649 3267 5717 λέγει.

2459 5750 2547 5803 25.
2580 5749 2686 5809 Τὰς
2719 5746 2932 5807 ἐντολάς
2965 5763 3054 5798 σου
3089 5743 3323 5809 ὲδζδαξάξ
3361 5759 3446 5812 με.
