4090 6312
176 354 273 408 697
1090 355 1178 412 DE
1215 357 1488 413 TlTUl.lS
1527 358 1971 418 PSALMORUM.
2012 393 2074 402 —
2122 360 2312 416 PSAL.
2353 360 2491 417 XVI.
3294 362 3401 421 698

238 471 326 524 21.
361 471 678 544 Πληρώσεις
704 492 772 546 με
800 474 1138 548 ευφροσύνης
1163 478 1300 548 μετὰ
1324 478 1416 531 τοῦ
1443 479 1731 550 προσώπου
1763 491 1806 542 Α

1589 479 1731 532 ώπου
1763 491 1806 542 Α
1916 480 2002 534 2-1.
2039 477 2375 550 Adimplebis
2413 495 2496 535 me
2526 481 2709 534 laetitia
2732 496 2854 536 cum
2898 481 3044 534 vultu
3075 491 3204 534 tuo:

170 575 266 617 πυ
289 575 307 595 .

237 653 326 708 9.5.
360 655 731 727 Τερπνὸτητες
764 661 821 712 ἐν
854 661 918 731 τῇ
953 660 1104 733 δεξιᾷ
1128 680 1220 716 σου
1253 665 1331 728 είς
1355 663 1525 726 τέλος.

1916 659 2006 714 25.
2043 658 2438 714 Delectationcs
2467 659 2520 712 in
2551 659 2770 714 dextera
2810 669 2899 714 tua
2935 675 3106 730 usque
3136 659 3187 712 in
3214 660 3394 714 linem.

410 815 724 883 Προσευχὴ
758 814 834 881 τῷ
866 817 1059 871 Δαϐίδ.
1100 821 1328 873 ΨΛΛΜ.
1357 822 1446 887 1C;
1447 827 1480 873 '.

1470 861 1480 873 .
2151 817 2337 872 Oratio
2369 815 2561 869 David.
2617 812 2878 868 PSALM.
2928 812 3085 869 ΧΗ.

237 943 286 996 1.
317 944 666 1008 Εἰσάκουσον,
697 948 887 1021 Κύριε,
921 950 1262 1014 δικαιοσύνης
1295 969 1394 1012 μου
1415 969 1428 982 ⁸

1910 953 1960 1007 1.
1998 951 2226 1016 Exaudi,
2257 949 2506 1013 Domine,
2531 952 2793 1018 justitiam
2830 966 3002 1004 meam
3038 968 3049 1004 :

233 1034 284 1089 2.
319 1036 559 1107 Πρὸσχες
589 1043 653 1110 τῇ
680 1039 855 1112 δεήσει
893 1059 992 1112 μου
1014 1059 1032 1074 ·

1905 1044 1958 1098 2.
2005 1043 2224 1097 Intende
2253 1043 2682 1110 deprecationem
2721 1058 2891 1095 meam
2925 1059 2938 1093 :

231 1126 281 1181 5.
328 1129 608 1184 Ἐνώτισαι
633 1133 731 1205 τὴν
765 1135 1069 1205 προσευχήν
1095 1153 1195 1206 μου
1224 1138 1324 1190 οὑκ
1344 1139 1399 1190 ὲν
1427 1137 1626 1207 χείλεσι
1647 1138 1730 1191 δο-

1908 1137 1962 1190 5.
1994 1136 2233 1190 Auribus
2260 1136 2473 1204 percipe
2500 1136 2798 1189 orationem
2823 1149 2996 1187 meam
3028 1147 3133 1186 non
3162 1132 3215 1186 in
3241 1132 3393 1187 labiis

161 1215 316 1282 λίοις.

1835 1229 2057 1283 dolosis.

232 1309 284 1362 4.
331 1312 424 1364 Ἐκ
457 1313 741 1382 προσώπου
777 1332 866 1368 σου
900 1317 961 1369 τὸ
990 1319 1163 1388 κρῖμα
1193 1337 1292 1388 μου
1324 1318 1555 1384 ἐξέλθοι·

1544 1337 1555 1350 ·
1907 1324 1960 1374 4.
1990 1318 2064 1372 De
2098 1319 2244 1373 vultu
2279 1327 2374 1372 tuo
2400 1319 2663 1387 judicium
2691 1334 2865 1371 meum
2899 1317 3159 1387 prodeat:

230 1399 282 1453 5.
326 1401 388 1453 Οί
420 1401 686 1474 ὀφθαλμοί
715 1421 814 1467 μου
844 1405 1099 1460 ίδέτωσαν
1136 1408 1434 1477 εὐθύτητας
1479 1407 1726 1480 [ὀρθότη-

1236 1408 1434 1477 ύτητας
1479 1407 1726 1480 [ὀρθότη-
1913 1412 1963 1466 5.
1991 1410 2144 1466 Oculi
2175 1413 2278 1466 mei
2307 1411 2520 1468 videant
2545 1412 2845 1480 :equitates.

155 1506 257 1553 τας
294 1492 413 1554 cod.
451 1493 659 1565 Barb.].

221 1582 281 1656 β.
301 1584 658 1655 Ἐδοκίμασας
681 1588 778 1658 τὴν
801 1588 1024 1659 καρδίαν
1047 1606 1171 1660 μου,
1198 1589 1481 1659 ἐπεσκέψω
1503 1590 1694 1652 νυκτός
1711 1605 1724 1618 ⁸

1550 1590 1724 1652 ›κτὸς⁶
1909 1593 1961 1644 6.
1994 1590 2244 1645 Probasti
2270 1604 2364 1644 cor
2387 1603 2589 1654 meum,
2623 1598 2675 1643 et
2700 1590 2929 1644 visitasti
2965 1596 3124 1642 nocte
3151 1605 3165 1642 :

225 1671 280 1725 7.
337 1673 654 1747 Ἐπύρωσὰς
687 1696 776 1749 με,
808 1680 901 1732 καὶ
926 1681 1021 1750 οὐχ
1048 1680 1241 1752 εὑρέθη
1275 1682 1332 1734 ἐν
1364 1683 1486 1752 ἐμοὶ
1512 1681 1692 1735 ἀδικία
1712 1699 1724 1711 ·

1908 1684 1964 1736 7.
1993 1682 2118 1752 Igne
2153 1698 2238 1737 me
2272 1682 2596 1736 examinasti
2617 1721 2632 1747 ,
2667 1692 2853 1736 etnon
2883 1690 2965 1736 est
2986 1680 3200 1735 inventa
3229 1680 3280 1733 in
3313 1697 3396 1735 me

1839 1775 2131 1837 iniquitas;

227 1850 281 1904 8.
319 1853 507 1917 Ὅπως
536 1855 601 1908 ἂν
635 1857 708 1926 μὴ
730 1857 932 1929 λαλήσῃ
961 1858 1023 1911 τὸ
1047 1859 1218 1929 στόμα
1255 1877 1355 1928 μου
1373 1859 1442 1913 τὰ
1468 1858 1601 1929 ἔργα
1620 1860 1727 1913 τῶν
1764 1839 1769 1892 Ῑ

154 1941 480 1994 ἀνθρώπων.

1839 1792 1908 1828 nn
1955 1791 2131 1837 uuas;

1708 1881 1727 1913 υ
1764 1839 1804 1892 Β
2005 1863 2073 1918 Ut
2097 1880 2203 1918 non
2236 1865 2490 1934 loquatur
2526 1878 2589 1918 os
2617 1879 2796 1918 meum
2828 1878 2990 1934 opera
3023 1861 3323 1917 hominum.

191 1959 252 1996 νυ
259 1960 480 2013 ρωπων.

227 2036 281 2089 9.
321 2036 422 2088 Διὰ
452 2037 577 2101 τοὺς
600 2037 787 2107 λόγους
818 2040 927 2094 τῶν
951 2040 1174 2112 χειλέων
1216 2059 1307 2096 σου
1341 2041 1452 2112 ἐγὼ
1489 2043 1730 2113 ἐφύλαξα

1908 2048 1960 2100 9.
1999 2045 2225 2116 Propter
2252 2047 2412 2101 verba
2461 2047 2724 2101 labiorum
2756 2055 2970 2101 tuorum
3002 2062 3104 2118 ego
3133 2045 3395 2102 custodivl

152 2125 307 2189 ὀδοὺς
344 2128 602 2201 σκληράς.

547 2147 602 2193 υς.
1836 2139 1952 2191 vias
1977 2138 2162 2192 duras.

222 2219 308 2273 10.
321 2222 658 2293 Κατάρτισαι
669 2224 737 2278 τὰ
749 2224 902 2296 διαϐή
913 2227 1054 2296 ματα
1069 2243 1168 2296 μου
1184 2226 1241 2279 ὲν
1253 2228 1376 2291 ταῖς
1390 2226 1596 2298 τρίϐοις
1613 2245 1725 2292 σου,

1500 2226 1596 2292 Ξοις
1613 2245 1725 2292 σου,
1906 2229 1992 2283 10.
2022 2227 2223 2283 Perﬁce
2254 2243 2472 2295 gressus
2495 2245 2645 2286 meos
2668 2231 2720 2282 in
2753 2231 2960 2285 semitis
2989 2230 3115 2297 tuis,

228 2311 317 2365 11.
352 2312 471 2366 Ἵνα.
501 2315 576 2385 μὴ
597 2316 892 2369 σαλευϐὦσι
925 2316 993 2370 τὰ
1019 2316 1328 2388 διαδήματα
1357 2335 1480 2390 μου.

1397 2335 1480 2372 ου.
1905 2323 1993 2374 Η.
2023 2318 2094 2374 Ut
2123 2335 2230 2374 non
2263 2334 2582 2378 moveantur
2617 2323 2836 2395 vestigia
2877 2339 3012 2379 mea.

1251 2541 1622 2598 ATHANASII
1666 2542 2249 2603 INTERPRETATIO.

224 2731 318 2785 24.
349 2731 628 2805 ΠληρωΘῶ
659 2737 1014 2808 εὐφροσύνης,
1050 2740 1176 2793 ὅταν
1212 2741 1307 2794 ἴδω
1346 2741 1407 2794 τὸ
1435 2742 1726 2813 πρόσωπόν

1706 2761 1726 2796 ν
1913 2745 2001 2799 24.
2038 2745 2305 2815 lmplelior
2331 2747 2538 2808 laztitia.
2559 2763 2682 2802 cum
2709 2747 2892 2801 videro
2935 2747 3125 2801 faciem
3155 2756 3321 2805 tuam.

157 2839 276 2876 ὓῦυ.

219 2917 313 2972 9.5.
351 2919 510 2990 Χαρὰ
541 2923 678 2990 μετὰ
702 2921 809 2974 τῶν
835 2925 1003 2990 ἁγίων
1035 2923 1343 2990 διαπαντός.
1749 2923 1793 2980 C

1749 2923 1793 2980 C
1903 2925 1994 2980 25.
2032 2924 2301 2979 Gaudium
2333 2932 2594 2978 attentum
2625 2939 2743 2978 cum
2772 2924 2992 2979 sanctis.

236 3094 301 3146 Ἦ
334 3095 667 3168 προκειμένη
693 3097 970 3168 ἐπιγραφὴ
996 3098 1256 3168 περιέχειο
1287 3097 1603 3166 Προσευχὴ
1636 3096 1714 3160 τῷ
1733 3095 1911 3149 Δαϐίδ
1930 3113 1942 3126 ⁸
1978 3095 2245 3158 τουτέστι,
2275 3094 2352 3164 τῷ
2379 3096 2606 3165 Υἰῷιτοῦ
2631 3095 2786 3150 Θεοῦ.
2815 3098 3126 3168 Είρήκαμεν
3159 3098 3256 3167 μὲν
3286 3096 3391 3166 γὰρ

151 3183 211 3239 ἓν
241 3188 355 3249 τοῖς
391 3186 695 3259 ἔμπροσθεν
717 3230 730 3252 ,
764 3189 951 3261 ὅτιπερ
982 3191 1339 3262 ἑρμηνεύεται
1373 3191 1536 3242 Δαὸὶδ
1562 3189 1756 3251 οὕτως,
1791 3188 2133 3255 ἀγαπητὸς,
2189 3186 2263 3248 ὡς
2293 3188 2357 3238 ὲκ
2386 3187 2574 3240 τούτου
2603 3187 2970 3258 λαμϐάνεσθαι
3010 3188 3070 3239 τὸ
3115 3188 3207 3240 τοῦ
3237 3188 3396 3242 Δαδὶδ

148 3277 324 3350 Ενομα
357 3283 437 3344 εἰς
459 3283 548 3334 τὸν
572 3282 667 3336 τοῦ
695 3283 829 3337 Θεοῦ
866 3285 1124 3354 μονογενῆ
1160 3283 1320 3335 Υίὸν·
1354 3285 1488 3356 ὅπερ
1522 3283 1637 3335 ἔστι
1674 3283 1765 3335 καὶ
1792 3282 1901 3335 νῶν
1940 3280 2078 3353 [νῦν]
2113 3281 2400 3334 ὑπολαϐεῖν
2426 3299 2439 3312 ’
2473 3281 2609 3351 ὅτιή
2656 3283 2925 3353 προσευχὴ
2957 3284 2988 3351 ἡ
3027 3283 3286 3352 εἰρημένη
3335 3285 3394 3335 ἐν

259 3376 463 3448 ψαλμῷ
495 3378 571 3449 τῷ
595 3379 709 3450 Υίῷ
739 3378 830 3433 τοῦ
858 3379 990 3431 Θεοῦ
1021 3380 1253 3450 εἴρηται.
1293 3380 1447 3432 Ἔστι
1476 3379 1518 3432 δ’
1546 3381 1635 3432 ὅτε
1666 3379 1759 3431 καὶ
1792 3379 1992 3448 ἑτέρως
2017 3380 2188 3431 εἰπεῖν
2219 3380 2298 3441 εἰς
2320 3375 2414 3448 τὴν
2453 3376 2814 3447 προκειμένην
2846 3377 3151 3447 ἐπιγραφὴν
3172 3417 3185 3440 ,
3209 3379 3392 3449 ἐπειδὴ

151 3473 246 3521 καὶ
273 3472 475 3540 ἑτέρως
501 3472 560 3524 τὸ
582 3472 674 3525 τοῦ
699 3472 860 3525 Δαϐὶδ
895 3473 1065 3542 ὄνομα
1100 3474 1459 3546 ἑρμηνεύεται
1505 3475 1937 3544 πεποθημένος,
1969 3475 2103 3541 ὅπερ
2134 3475 2428 3541 ἀναγκαῖον
2448 3472 2630 3525 λαϐεῖν
2659 3474 2735 3535 είς
2771 3473 2859 3524 τὸν
2888 3472 2995 3524 τῶν
3020 3473 3187 3540 ἁγίων
3214 3474 3392 3545 χορὸν,

149 3561 242 3614 τὸν
282 3563 390 3614 ὑπὸ
418 3560 512 3614 τοῦ
536 3561 669 3615 Θεοῦ
703 3563 1104 3634 πεποΟημένον,
1139 3565 1213 3628 ὡς
1245 3566 1301 3618 δὲ
1330 3568 1524 3629 αὐτοὺς
1563 3567 1743 3636 λέγειν
1777 3567 1912 3639 πρὸς
1940 3568 2032 3620 τὸν
2065 3567 2191 3619 Υίὸν
2224 3567 2318 3619 τοῦ
2349 3565 2482 3618 Θεοῦ
2510 3567 2600 3617 τὸν
2629 3565 3056 3635 ὑποτεταγμένον
3087 3565 3319 3636 ψαλμὸν.

219 3764 439 3820 Tltulus
467 3765 789 3834 pmpositus
821 3766 1059 3822 continet
1089 3787 1101 3820 ε
1135 3770 1306 3821 oratio
1343 3767 1551 3833 David;
1579 3771 1680 3824 lioc
1709 3780 1792 3826 est
1819 3770 1914 3826 Dei
1956 3771 2112 3826 Filio.
2139 3769 2274 3825 Nam
2302 3769 2551 3840 supciius
2585 3768 2840 3832 diximus,
2867 3769 3008 3837 quod
3039 3768 3200 3822 David
3227 3771 3393 3824 inter-

149 3869 405 3931 pretatur
437 3861 545 3916 hoc
578 3863 760 3928 modo,
797 3864 1046 3918 dilectus.
1083 3863 1222 3918 llmc
1254 3876 1433 3920 autem
1462 3880 1564 3930 est.
1591 3879 1650 3923 ut
1685 3869 1984 3937 accipiatur
2014 3868 2080 3922 de
2111 3867 2392 3936 unigenito
2427 3865 2514 3920 Dei
2549 3864 2706 3929 Filio,
2739 3867 3192 3934 quemadmodum
3227 3868 3388 3921 etiam

149 3970 300 4010 nunc
332 3955 709 4024 accipiendum
740 3963 824 4010 est
855 3975 868 4008 :
903 3969 1128 4025 nempe,
1177 3958 1321 4027 quod
1352 3959 1552 4024 oratio,
1610 3976 1732 4030 qua:
1761 3962 1973 4030 psalmo
2007 3961 2354 4022 continetur,
2398 3959 2540 4012 dicta
2569 3964 2652 4010 est
2683 3955 2773 4010 Dei
2807 3955 2958 4007 Filio.
3006 3956 3175 4009 Aliter
3224 3958 3386 4010 etiam

145 4050 414 4120 explicari
442 4060 618 4121 potest
653 4053 844 4107 eadem
873 4052 1178 4122 inscriptio,
1210 4057 1471 4124 quoniam
1499 4069 1551 4112 et
1590 4059 1748 4113 aliter
1781 4074 1980 4112 nomen
2008 4057 2174 4111 David
2215 4057 2616 4123 interpretatur,
2645 4066 2834 4118 nempe
2865 4049 3211 4112 desideratus,
3244 4050 3388 4117 quod

148 4162 377 4203 necesse
404 4157 488 4203 est
517 4149 762 4210 accipere
798 4149 866 4204 de
898 4162 1215 4207 sanctorum
1253 4155 1448 4221 choro,
1483 4157 1629 4226 quia
1661 4157 1772 4212 Deo
1801 4157 2141 4213 desideratus
2173 4165 2289 4217 est,
2325 4157 2397 4207 ita
2437 4159 2494 4204 ut
2532 4151 2634 4219 ipsi
2661 4151 2728 4204 ad
2756 4148 2847 4203 Dei
2875 4146 3069 4200 Filium
3095 4145 3387 4216 psalmum,

152 4245 243 4313 iui
294 4245 604 4314 subjicitur,
659 4243 859 4301 dicant.

214 4455 272 4510 1.
305 4455 419 4527 Τῆς
441 4455 658 4520 δικαίας
685 4475 784 4527 μου
815 4459 1097 4531 αἰτήσεως.

1901 4455 1955 4510 1.
1982 4453 2193 4509 Justam
2226 4469 2399 4508 meam
2427 4453 2861 4523 postulationem.

212 4545 272 4601 9..
307 4545 516 4618 Εὔτυχε
554 4547 712 4618 αὐτῇ.

1899 4549 1954 4604 2.
1981 4548 2256 4617 Propitius
2279 4554 2327 4602 ei
2353 4548 2455 4614 sis;

214 4638 274 4693 5.
327 4637 606 4692 Ἐνώτισαι
636 4639 732 4711 τὴν
757 4643 1060 4712 προσευχήν
1095 4658 1195 4710 μου
1219 4639 1314 4711 τὴν
1339 4637 1616 4710 ἀληθινήν.

1901 4641 1954 4695 3.
1977 4637 2185 4693 Exaudi
2207 4639 2503 4693 orationem
2530 4653 2701 4691 meam
2723 4653 2828 4690 non
2857 4637 3054 4701 ﬁctam,
3074 4636 3165 4690 sed
3185 4651 3383 4691 veram.

211 4727 270 4782 ι.
312 4728 399 4781 Ἐν.
427 4732 494 4800 τῇ
522 4729 749 4802 ἀληθείᾳ
774 4746 863 4782 σου
889 4730 950 4782 τὸ
975 4731 1186 4800 θέλημά
1213 4747 1312 4800 μου
1337 4730 1495 4783 ἔστω.

1350 4730 1495 4783 Ξστω.
1898 4731 1952 4782 4.
1983 4727 2038 4782 In
2073 4729 2299 4783 veritate
2325 4738 2411 4781 tua
2441 4729 2690 4781 voluntas
2723 4743 2838 4780 mea
2880 4727 2965 4781 sit.

211 4820 270 4875 5.
303 4820 370 4874 Οί
400 4820 503 4891 τῆς
535 4822 758 4893 καρδίας
802 4841 902 4894 μου
930 4823 1193 4894 ὀφθαλμοὶ
1226 4822 1424 4891 γνῶσιν
1454 4821 1726 4894 ἐχέτωσαν
1757 4823 1801 4876 D

1768 4823 1801 4876 D
1901 4821 1954 4875 5.
1986 4820 2139 4876 Oculi
2167 4820 2350 4876 cordis
2370 4820 2471 4873 mei
2504 4830 2834 4890 cognoscant
2858 4819 3184 4872 voluntatem
3217 4829 3383 4873 tuam.

137 4913 275 4984 περὶ
307 4914 370 4966 τὸ
401 4913 490 4966 σὺν
518 4913 747 4985 θέλημα.

208 5002 266 5058 6.
301 4999 456 5066 Εἶδες
478 5003 576 5074 τὴν
601 5004 827 5076 καρδίαν
857 5023 958 5075 μου
984 5001 1149 5059 οὖσαν
1186 5007 1243 5058 ὲν
1278 5006 1599 5077 ἁμαρτίαις,
1631 5006 1724 5058 καὶ

1909 5001 1962 5057 6.
1997 5000 2190 5057 Vidisti
2240 5018 2334 5057 cor
2367 5018 2543 5058 meum
2573 5042 2586 5066 ,
2625 4999 2768 5070 quod
2802 5009 2918 5055 erat
2951 5001 3004 5054 in
3034 5003 3268 5070 peccatis
3289 5041 3302 5064 ,
3336 5010 3389 5055 et

138 5094 454 5167 ἐϐοήθησας
485 5113 598 5164 μοι.

1828 5110 1982 5165 opem
2015 5095 2148 5148 milii
2179 5096 2372 5157 tulisti,

209 5189 269 5245 7.
308 5186 672 5259 Ἑκαθάρισάς
703 5203 769 5259 με
788 5228 803 5252 ,
837 5187 932 5240 καὶ
959 5188 1057 5257 οὐχ
1082 5188 1274 5260 εὑρέθη
1294 5188 1350 5242 ἐν
1375 5189 1499 5258 ἐμοὶ
1521 5185 1718 5241 ἀδικία.

1897 5186 1947 5239 7.
1982 5186 2303 5241 Emundasti
2343 5203 2427 5241 me
2450 5228 2465 5254 ,
2495 5196 2548 5241 et
2580 5203 2687 5241 non
2721 5197 2803 5240 est
2831 5188 3041 5240 inventa
3077 5185 3130 5239 in
3161 5201 3244 5240 me
3286 5187 3387 5240 iui-

1822 5280 2022 5347 quitas.

204 5357 267 5418 8.
299 5359 491 5424 Ὅπως
527 5357 593 5413 ἂν
622 5358 695 5430 μὴ
737 5360 946 5431 ποιήσω
980 5359 1048 5413 τὰ
1083 5359 1219 5429 ἔργα
1247 5362 1355 5414 τῶν
1388 5361 1686 5432 ἀνθρώπων
1706 5402 1720 5416 .

1247 5362 1355 5414 τῶν
1388 5361 1720 5432 ἀνθρώπων.
1907 5369 1959 5424 8.
1995 5369 2071 5422 Nc.
2103 5368 2294 5422 faciam
2330 5384 2491 5440 opera
2525 5370 2801 5424 hominum
2833 5388 2845 5424 :

202 5451 260 5508 9.
293 5449 398 5506 Διὰ
425 5451 523 5514 τὰς
554 5451 880 5520 ἐπαγγελίας
908 5453 1005 5521 τῆς
1028 5451 1299 5522 βασιλείας
1336 5473 1429 5508 σου
1456 5455 1565 5524 ἐγὼ
1594 5456 1722 5525 ἐφύ-

1901 5463 1951 5516 9.
1989 5462 2216 5530 ι”ι-οιιιοι·
2247 5463 2636 5532 promissioucs
2671 5463 2816 5532 regni
2868 5462 2942 5515 tui
2991 5477 3090 5530 ego
3122 5461 3382 5518 custodivi

133 5542 279 5611 λαξα
305 5541 376 5596 τὰ
407 5542 807 5613 προστάγματά
833 5560 946 5596 σου.

622 5543 807 5613 γματά
833 5560 946 5596 σου.
1825 5563 2093 5622 ρτιερρριε
2128 5561 2236 5606 tua.

209 5635 305 5689 10.
324 5635 666 5706 Κατάρτισαι
681 5635 778 5707 τὴν
805 5637 1028 5707 καρδίαν
1051 5655 1150 5708 μου
1167 5641 1246 5701 είς
1271 5640 1340 5694 τὰ
1357 5639 1715 5710 δικαιώματα.

1531 5641 1715 5710 nuta.
1857 5703 1859 5706 ς
1896 5643 1983 5696 10.
2022 5642 2224 5696 Perfice
2248 5659 2342 5697 cor
2367 5660 2542 5698 meum
2573 5643 2623 5696 in
2648 5643 3146 5713 justilicationibus.

209 5725 273 5780 11
289 5768 304 5780 .
323 5726 406 5778 Τὰ
420 5726 555 5797 ὀρθὰ
570 5728 661 5796 νοή
671 5729 815 5796 ματά
832 5745 932 5805 μου
951 5729 1124 5800 ῖναξμὴ
1142 5729 1443 5784 ἀποστῶσιν
1456 5732 1549 5785 ἀπ’
1561 5733 1714 5799 ἐμοῦ.

1647 5733 1714 5787 r3.
1899 5734 1980 5788 ll.
2013 5732 2160 5791 Recti
2183 5736 2348 5791 animi
2370 5737 2474 5792 mei
2500 5751 2693 5793 sensus
2721 5753 2786 5792 ne
2814 5751 2951 5792 amo
2971 5737 3262 5792 discedant.
