4090 6312
217 349 314 406 τθὶ
1163 355 1251 411 DE
1290 356 1565 413 TITULIS
1604 355 1725 410 PSA
1742 354 1832 409 LM

1810 349 2052 408 dOBUM.
2084 380 2141 391 --
2165 345 2357 403 PSAL.
2395 340 2555 398 XVII.
3320 324 3425 382 702

214 466 315 531 Εἰς
344 465 409 518 τὸ
438 464 609 532 τέλος
662 466 741 532 τῷ
789 467 953 522 παιδὶ
996 471 1213 538 Κυρίου
1242 470 1320 537 τῷ
1350 472 1547 534 Δαϐὶδ,
1577 469 1614 523 ἃ
1646 467 1783 523 ὲλά-
1816 470 1829 526 ί

1816 470 1852 526 Α
1886 469 1950 525 In
2011 467 2166 536 finem
2218 477 2375 531 puero
2397 499 2411 523 ,
2470 455 2682 510 Domini
2716 450 2913 515 David,
2949 461 3064 518 qua:
3094 444 3296 496 loculus
3348 450 3425 496 est

284 561 441 623 .tno's
472 556 551 622 τῷ
582 560 770 627 Καιρίῳ
803 560 943 626 τοὺς
967 536 1185 632 λόγους
1226 536 1334 629 τῆς
1373 561 1527 630 ᾠδῆς
1559 561 1777 625 ταύτης

1946 558 2165 614 Domino
2195 554 2343 607 verba
2368 550 2559 603 cantici
2588 546 2743 615 hujus
2770 547 2825 597 in
2843 542 2944 605 die,
2970 557 3072 609 qua
3097 536 3284 606 eripuit
3311 550 3425 587 eum

286 650 357 703 ὲν
380 649 567 718 θήμέρᾳ
591 645 630 721 ᾗ
660 623 948 718 ἐρρύσατο
976 623 1223 707 αὑτὸνρ·
1246 623 1460 721 ύριος
1585 623 1779 721 χειρίς

1944 647 2196 701 Dominus
2232 644 2295 695 de
2326 656 2485 694 manu
2515 638 2744 691 omnium
2766 632 3095 687 inimicorum
3125 627 3257 695 ejus,
3294 633 3342 677 et
3366 623 3428 675 de

286 739 525 793 πάντων
545 718 664 794 των
674 742 899 811 ἐχθρῶν
914 744 1116 809 αὑτοῦ,
1136 745 1230 798 καὶ
1254 718 1536 813 ἐλι-χειρὸς
1560 718 1776 804 Σαοὺλ,

1435 743 1536 812 ρὸς
1560 718 1776 804 Σαοὺλ,
1944 753 2100 790 manu
2133 732 2262 787 δοιοί
2282 773 2295 797 ,
2319 741 2365 784 et
2395 730 2530 783 dixit
2556 744 2574 782 :
2602 724 2802 780 PSAL.
2857 721 2904 775 Χ
2922 718 3050 775 VII.

288 834 387 885 καὶ
415 828 615 887 εἶπεν·
654 837 825 888 ΨΑΛ.
852 837 976 890 ΙΖ¹.

290 924 343 977 1.
390 925 683 995 Ἀγαπήσω
708 943 786 990 σε,
813 928 1063 999 Κύριε,ἠ
1101 927 1251 997 ἰσχύς
1282 943 1405 997 μου.

1954 913 2004 965 l.
2038 910 2264 981 Diligam
2295 918 2365 974 te,
2394 908 2637 970 Domine,
2674 904 2933 959 fortitudo
2962 916 3100 956 mea.

287 1010 345 1067 2.
374 988 882 1086 detog'a'repémpdt
905 988 1011 1087 pou
1032 988 1063 1082 ,'
1077 988 1187 1070 καί⁸
1199 988 1481 1087 καταφυγή
1525 1031 1623 1086 μου
1644 1054 1658 1079 ,
1685 1014 1778 1066 καὶ

1943 1004 1999 1058 2.
2033 1002 2290 1057 Dominus
2346 1001 2741 1053 ﬁrmamentum
2796 1010 2974 1049 meum
3004 1034 3019 1059 ,
3066 1001 3119 1046 et
3161 988 3427 1059 refugium

219 1101 426 1175 ρύστης
454 1122 553 1175 μου
574 1145 590 1170 ι

1881 1106 2085 1148 meum.
2115 1098 2169 1144 et
2190 1089 2442 1143 liberator
2473 1100 2622 1139 meus
2639 1124 2652 1149 ,

297 1194 353 1245 5.
381 1171 602 1257 -Ὂ-Θεός
626 1213 749 1266 μου,
781 1196 972 1270 βοηθός
1006 1217 1128 1270 μου,
1162 1200 1253 1252 καὶ
1286 1197 1453 1250 ὲλπιῶ
1474 1198 1559 1249 ἐπ’
1590 1196 1775 1249 αὐτόν·

1951 1183 2003 1235 5.
2042 1181 2181 1234 Deus
2211 1195 2384 1241 meus,
2416 1176 2625 1247 adjutor
2656 1190 2828 1238 meus,
2857 1183 2908 1228 et
2930 1172 3152 1240 sperabo
3180 1171 3230 1224 in
3260 1184 3379 1223 eum
3412 1185 3425 1221 :

288 1281 349 1336 4.
382 1266 815 1359 Ὑπερασπιστής
847 1266 946 1359 μου
966 1329 981 1353 ,
1007 1266 1113 1344 ’καὶ
1144 1289 1310 1362 κέρας
1336 1290 1605 1361 σωτηρίας
1654 1305 1776 1358 μου,

1952 1273 2007 1327 4.
2043 1270 2322 1324 Protector
2348 1283 2521 1330 meus,
2549 1272 2602 1320 et
2626 1280 2792 1320 cornu
2826 1266 3017 1318 salutis
3050 1275 3199 1324 mem,
3225 1268 3279 1313 et
3306 1272 3428 1312 sus—

214 1374 312 1427 καὶ
338 1375 519 1446 ἀντιλή
528 1395 680 1449 πτωρ
711 1396 834 1450 μου.

1882 1372 2069 1430 ceptor
2095 1376 2266 1414 meus.

285 1464 343 1518 5.
378 1465 551 1519 Αίνῶν
594 1469 981 1541 ἐπικαλέσομαι
1012 1470 1103 1523 τὸν
1160 1470 1360 1544 Κύριον
1383 1510 1398 1535 ,
1446 1470 1538 1523 καὶ
1569 1472 1632 1522 ἐκ
1674 1467 1780 1521 τῶν

1947 1455 2000 1509 5.
2042 1452 2293 1507 Laudons
2339 1450 2597 1505 invocabo
2639 1446 2918 1501 Dominum
3010 1454 3061 1498 et
3103 1443 3167 1497 ab
3198 1442 3430 1496 inimicis

212 1555 429 1627 ἐχθρῶν
466 1575 565 1628 μου
598 1560 928 1631 σωθήσομαι.

751 1578 928 1631 σομαι.
1882 1546 2017 1600 meis
2046 1546 2226 1599 salvus
2255 1558 2366 1595 ero.

285 1626 342 1700 6.
380 1626 670 1719 Περιέσχον
798 1626 981 1718 ὧδῖνες
1005 1654 1262 1719 Θανάτου,

1954 1635 2007 1689 6.
2039 1634 2524 1688 Circumdederunt
2557 1646 2640 1683 me
2667 1629 2881 1683 dolores
2913 1626 3133 1689 mortis,

288 1736 346 1792 7.
378 1740 484 1792 Καὶ
522 1719 806 1814 χείμαρροι
838 1747 1063 1817 ἀνομίας
1094 1747 1415 1817 ὲξετάραξάν
1443 1762 1530 1817 με.

1954 1728 2007 1781 7.
2045 1726 2111 1780 Et
2140 1733 2405 1779 torrentes
2437 1722 2739 1792 iniquitatis
2764 1719 3223 1775 conturbavcrunt
3252 1730 3357 1769 me.

286 1828 344 1884 8.
386 1832 580 1897 Ὤδῖνες
609 1812 736 1904 ᾅδου
761 1812 1203 1906 περιεκύκλωσάν
1234 1812 1321 1909 με’
1444 1812 1455 1817 1
1804 1825 1848 1880 Β

1804 1825 1848 1880 Β
1951 1820 2005 1874 8.
2051 1819 2274 1873 Dolores
2298 1816 2491 1871 inferni
2520 1812 2989 1869 circumdederunt
3015 1826 3138 1863 me:

286 1923 345 1978 9.
383 1902 732 1994 Προέφθασάν
771 1902 845 1997 με.
873 1930 1091 1997 παγίδες
1120 1902 1370 1984 θανάτου.

1951 1910 2004 1964 9.
2034 1908 2551 1975 Praeoccupaverunt
2577 1918 2662 1957 me
2694 1902 2868 1971 laquei
2904 1902 3112 1954 mortis.

287 2011 378 2065 10.
397 1990 503 2065 Καὶ
514 1990 571 2066 ἐν
582 2014 655 2084 τῷ
667 1990 939 2069 θλίθεσθαί
1030 1990 1441 2088 ἐπεκαλεσάμην
1456 2018 1544 2071 τὸν
1560 2016 1782 2086 Κύριον*

1687 2023 1782 2069 ιον-
1956 2001 2039 2055 10.
2073 2000 2128 2054 ln
2162 1998 2508 2054 tribulatione
2544 2010 2659 2048 mea
2689 1993 2929 2047 invocavi
2969 1990 3255 2045 Dominum
3288 2008 3302 2043 :

288 2102 381 2157 11.
411 2105 519 2158 Καὶ
546 2106 680 2177 πρὸς
708 2108 795 2159 τὸν
823 2094 951 2160 Θεόν
987 2124 1088 2177 μου
1123 2086 1409 2179 ἐκέκραξα.

1302 2086 1409 2174 alia.
1955 2096 2043 2149 11.
2074 2093 2139 2146 Et
2168 2093 2233 2146 ad
2270 2091 2436 2144 Deum
2467 2104 2644 2143 meum
2673 2086 2917 2142 clamavi.

288 2190 377 2245 ΡΞ.
421 2195 690 2248 Ἤκουσεν
712 2197 775 2248 ἔκ
803 2195 928 2247 ναοῦ
956 2197 1108 2264 ἁγίου
1142 2178 1305 2250 αὐτοῦ
1338 2198 1519 2266 φωνῆς
1550 2210 1649 2265 μου
1670 2210 1684 2224 ·

1954 2184 2041 2239 12.
2084 2182 2148 2239 Et
2195 2182 2470 2237 exaudivit
2510 2180 2577 2235 de
2630 2178 2824 2247 templo
2864 2185 3052 2232 sancto
3103 2191 3203 2231 suo
3248 2190 3432 2230 vocem

1884 2292 2057 2332 meam
2085 2293 2098 2329 Ζ

1330 2372 1707 2428 ATHANASII
1745 2368 2331 2427 INTERPRETATIO.

299 2462 369 2515 Ἦ
401 2466 732 2539 προκειμένη
759 2469 1035 2542 ἐπιγραφὴ
1056 2470 1300 2543 περιέχει
1319 2486 1333 2500 ’
1372 2474 1477 2537 Εἰς
1502 2470 1568 2524 τὸ
1596 2470 1763 2536 τέλος
1788 2469 1867 2535 τῷ
1896 2467 2060 2522 παιδὶ
2085 2468 2302 2535 Κυρίου
2331 2464 2408 2531 τῷ
2429 2460 2603 2517 Δαϐίδ
2619 2477 2635 2493 ο
2664 2461 2957 2521 τουτέστιν,
2986 2457 3021 2511 δι
3045 2457 3301 2528 ἐλάλησεν
3328 2454 3434 2528 (15)

212 2555 311 2607 ἐπὶ
348 2557 493 2609 τέλει
522 2559 630 2611 τῶν
666 2559 873 2613 αἰώνων
898 2561 973 2632 τῷ
1004 2561 1307 2616 δουλεύοντί
1331 2564 1411 2634 τῷ
1430 2562 1617 2637 Κυρίῳ
1639 2561 1748 2631 λαῷ
1781 2560 2140 2631 πεποθημένῳ
2159 2576 2172 2589 ·
2205 2558 2363 2613 τοῦτο
2386 2557 2492 2627 γὰρ
2516 2554 2746 2609 ἐνταῦθα
2777 2551 3129 2625 ἑρμηνεύεται
3151 2549 3229 2613 τὸ,
3256 2548 3436 2614 mare.

212 2644 352 2702 Εἶτα
385 2650 465 2717 τὸ,
511 2655 578 2707 Ἀ
606 2654 871 2724 ἐλάλησε
894 2655 973 2721 τῷ
997 2658 1188 2726 Κυρίῳ
1211 2658 1351 2724 τοὺς
1376 2659 1595 2726 λόγους
1620 2656 1723 2725 τῆ(
1759 2655 1919 2725 ᾠδῆς
1961 2657 2176 2722 ταύτης
2202 2654 2272 2706 ἐν
2298 2651 2486 2720 ἡμέρᾳ
2512 2645 2550 2721 ᾗ
2581 2650 2871 2717 ἐρρύσατο
2905 2646 3089 2699 αὐτὸν
3129 2647 3340 2712 Κίφιος
3369 2645 3438 2697 ἐκ

208 2746 418 2815 χειρὸς
442 2747 679 2802 πάντων
697 2750 815 2805 τῶν
834 2752 1059 2821 ἐχθρῶν
1079 2753 1286 2815 αὐτοῦ,
1314 2754 1456 2825 φημὶ
1479 2753 1542 2823 δὴ
1566 2754 1675 2806 τῶν
1699 2753 2023 2823 ἀκαθάρτων
2059 2750 2387 2821 πνευμάτων
2418 2746 2682 2818 ἐρρύσατο
2706 2745 2883 2797 αὐτόν.
2916 2740 3045 2795 Εἶτα
3064 2761 3076 2772 ·
3101 2744 3209 2797 Καὶ
3233 2738 3439 2811 ἐχθρὸς

214 2836 308 2908 Ῐὲκ
338 2837 540 2910 χειρὸς]
576 2841 804 2893 Σαούλ·
849 2841 984 2913 ὅπερ
1012 2842 1367 2912 ἑρμηνεύεται
1411 2842 1506 2895 καὶ
1535 2843 1730 2911 χειρὸς
1760 2842 1866 2896 τοῦ
1907 2842 2183 2895 διαϐόλου
2203 2881 2217 2906 ,
2266 2840 2358 2893 τοῦ
2393 2841 2706 2911 αἰτουμένου
2740 2837 2912 2891 πάντα
2959 2835 3236 2906 ἄνθρωπον
3265 2837 3343 2898 εἰς
3377 2836 3441 2889 τὸ

213 2931 516 3000 πειρᾶται·
553 2930 707 2983 τοῦτο
736 2931 843 3004 γὰρ
871 2934 1230 3004 ἑρμηνεύεται
1273 2934 1335 2986 τὸ
1386 2934 1562 2988 Σαοὺλ
1586 2974 1600 2996 ,
1637 2936 1879 3003 αὶτητός
1917 2933 2212 3006 [αἰτητής].
2274 2932 2472 2996 Καθὼς
2502 2933 2667 2987 πάλαι
2695 2931 3019 3002 ἑπειράσατο
3046 2929 3136 2981 καὶ
3169 2927 3258 2981 τὸν
3297 2926 3437 2994 Ἰὼϐ,

213 3024 462 3094 ᾐτήσατο
491 3026 746 3095 πειρᾶσαι
775 3026 867 3079 καὶ
896 3028 1019 3091 τοὺς
1048 3029 1397 3093 ἀποστόλους,
1424 3029 1498 3092 ὼς
1520 3031 1548 3081 ὁ
1577 3028 1782 3101 Κύριος
1812 3030 1943 3083 αὐτὸ
1970 3029 2124 3084 τοῦτο
2152 3029 2227 3099 τῷ
2252 3028 2442 3099 Πέτρῳ
2466 3028 2612 3095 λέγει
2632 3046 2645 3059 ν
2691 3026 2898 3095 Πέτρε,
2939 3024 3116 3092 Πέτρε
3136 3063 3151 3087 ,
3187 3022 3443 3086 ποσάκις

214 3115 493 3186 ᾐτήσατο
523 3116 676 3187 ὑμᾶς
708 3121 741 3172 ό
765 3120 1031 3186 Σατανᾶς
1056 3121 1323 3175 σινιᾶσαι
1352 3124 1431 3190 ὡς
1456 3124 1562 3177 τὸν
1589 3123 1797 3179 σῖτον]

295 3228 510 3285 Titulus
534 3233 852 3302 praepositus
875 3237 1112 3290 continet
1137 3256 1150 3291 :
1174 3236 1239 3291 In
1272 3238 1427 3305 ﬁnem
1452 3255 1610 3307 puero
1632 3238 1841 3294 Domini
1866 3238 2032 3293 David
2061 3254 2079 3293 :
2103 3237 2216 3295 Hoc
2239 3248 2341 3304 est,
2370 3239 2422 3293 in
2451 3238 2557 3293 ﬁne
2590 3236 2908 3292 smcnlorum
2941 3231 3193 3288 servienti
3216 3228 3443 3284 Domino

218 3325 428 3393 popqu
457 3326 789 3382 desiderato.
845 3328 919 3383 Ita
954 3330 1096 3385 enim
1136 3333 1222 3386 nic
1248 3332 1631 3402 interpretatur
1658 3332 1844 3390 David.
1893 3335 2094 3391 Deinde
2123 3356 2136 3391 :
2169 3352 2284 3406 quae
2315 3335 2516 3389 locutus
2547 3341 2622 3385 est
2651 3329 2868 3383 Domino
2890 3325 3040 3377 verba
3065 3322 3255 3376 cantici
3286 3321 3443 3389 hujus

217 3414 278 3465 in
313 3413 421 3479 die,
462 3431 565 3484 qua
615 3418 806 3485 eripuit
839 3434 955 3471 eum
990 3419 1240 3474 Dominus
1275 3422 1339 3474 de
1374 3438 1533 3475 manu
1564 3425 1790 3477 omnium
1828 3425 2158 3478 inimicorum
2185 3428 2296 3494 ejus
2325 3464 2339 3487 ,
2370 3420 2771 3477 immundorum
2800 3462 2814 3487 ,
2850 3419 3111 3487 inquam,
3154 3413 3441 3483 Spirituum

220 3505 478 3559 liberavit
513 3522 658 3561 eum.
693 3506 886 3564 Postea
914 3531 926 3565 :
952 3522 998 3563 et
1027 3511 1091 3563 de
1127 3528 1288 3565 manu
1315 3510 1448 3565 Saul
1472 3529 1489 3566 :
1511 3516 1655 3584 quod
1689 3515 2103 3585 interpretatur,
2144 3526 2193 3571 et
2221 3519 2283 3570 de
2310 3532 2468 3568 manu
2494 3512 2715 3577 diaboli,
2752 3511 2843 3581 qui
2871 3509 3003 3578 petit
3030 3522 3242 3561 omnem
3274 3506 3447 3559 homi-

219 3616 350 3655 nem
381 3601 447 3654 ad
489 3618 613 3655 eum
647 3603 979 3657 tentandum.
1044 3602 1172 3658 Saul
1202 3609 1344 3660 enim
1375 3608 1755 3677 interpretatur
1784 3612 1976 3680 petitus
2018 3611 2273 3683 [petitor].
2334 3608 2797 3676 Quemadmodum
2832 3607 2960 3660 olim
2993 3603 3214 3659 tenta-vit
3240 3613 3291 3657 et
3320 3601 3444 3666 Job,

218 3692 485 3761 expetivit
511 3700 717 3748 tentare
760 3695 919 3749 etiam
956 3697 1229 3767 apostolos
1256 3741 1268 3764 ,
1299 3699 1443 3752 sicut
1471 3698 1734 3758 Dominus
1763 3705 1866 3760 hoc
1914 3705 2090 3775 ipsum
2126 3703 2287 3759 Petro
2314 3703 2445 3758 dixit
2488 3721 2502 3757 :
2546 3701 2728 3767 Petro,
2754 3698 2941 3763 Petro,
2988 3695 3187 3766 quoties
3214 3692 3445 3748 Satanas

218 3788 471 3856 expetivit
504 3805 612 3853 vos,
642 3801 699 3844 ut
730 3792 982 3846 cribraret
1014 3794 1149 3846 sicut
1183 3794 1417 3847 triticum
1440 3794 1519 3847 "l

297 3876 346 3931 1.
377 3878 547 3931 Πόθον
587 3879 885 3950 ἐνδείξομαι
914 3882 969 3933 ἐν
1004 3882 1084 3933 σοὶ
1107 3920 1123 3944 ,
1146 3881 1316 3953 Κύριε
1340 3922 1354 3947 ,
1388 3883 1416 3934 ὁ
1441 3882 1690 3953 δυναμῶν
1725 3898 1793 3953 με
1821 3888 1862 3946 C

1831 3888 1862 3946 [ζ
1970 3884 2024 3938 1.
2048 3881 2310 3937 Aﬂectum
2340 3896 2522 3935 meum
2550 3878 2831 3935 ostendam
2864 3880 2915 3935 in
2950 3888 3020 3944 te,
3056 3878 3285 3935 Domine
3308 3921 3324 3944 ,
3355 3883 3446 3951 qui

222 3971 307 4034 εις
342 3971 522 4023 πᾶσαν
550 3970 835 4040 άρέσκειάν
860 3989 981 4042 μου.

1897 3977 2041 4031 vires
2066 3975 2197 4029 mihi
2234 3974 2427 4029 tribuis
2455 3973 2519 4026 ad
2549 3987 2763 4025 omnem
2790 3987 2962 4025 meam
2989 3973 3340 4028 voluntatem.

294 4060 351 4115 2.
382 4061 607 4132 Κύριος,
638 4061 969 4132 διαχωρίζων
999 4065 1091 4116 ἀπ’
1130 4063 1264 4134 ἐμοῦ
1297 4066 1475 4119 πᾶσαν
1512 4064 1796 4136 ἐπιϐουλὴν

1965 4069 2018 4121 2.
2052 4067 2311 4121 Dominus
2337 4080 2593 4135 separans
2615 4080 2643 4117 a
2670 4078 2756 4116 me
2780 4078 2967 4117 omnes
3013 4064 3237 4120 insidias
3270 4067 3450 4121 inimi-

219 4151 337 4205 τῶν
366 4152 576 4224 ἐχθρῶν
605 4171 703 4223 μου
726 4195 739 4217 ,
780 4154 838 4207 ὃν
868 4157 1067 4227 τρόπον
1094 4156 1400 4228 διαχωρίςει
1422 4156 1482 4210 τὸ
1507 4156 1796 4228 ⁹στερέωμα

1897 4176 2087 4216 eorum
2117 4174 2385 4223 meorum,
2410 4155 2863 4226 quemadmodum
2892 4156 3286 4212 firmamentum
3315 4160 3452 4214 divi-

222 4246 499 4316 άναμέσον
530 4246 718 4309 ὓδατος
743 4248 837 4299 καὶ
864 4246 1029 4300 ὕδατι.

1897 4254 1977 4308 dit
2006 4268 2177 4323 aquas
2208 4252 2277 4306 ab
2314 4251 2492 4321 aquis.
3030 4232 3034 4235 Χ

297 4339 351 4391 5.
397 4337 456 4389 '0
477 4337 608 4398 Θεός
640 4354 738 4407 μου
766 4337 1011 4407 ἀφαιρῶν
1038 4337 1130 4391 ἀπ’
1173 4335 1305 4406 ἐμοῦ
1336 4337 1442 4391 πᾶν
1473 4337 1635 4409 βάρος
1654 4377 1669 4401 ,
1701 4338 1798 4392 καὶ

1968 4344 2021 4398 5.
2059 4343 2202 4399 Deus
2255 4358 2409 4396 meus
2439 4339 2692 4395 auferens
2732 4352 2764 4392 a
2799 4354 2886 4394 me
2930 4354 3090 4395 omne
3123 4343 3369 4410 pondus,
3400 4352 3450 4398 et

222 4429 419 4485 ἑλπιῶ
444 4431 535 4483 ἐπ’
558 4432 762 4486 αὐτόν.

1898 4433 2115 4503 sperabo
2153 4433 2208 4485 in
2241 4447 2377 4488 eum.

295 4523 351 4576 4.
378 4523 696 4595 Σκεπαστής
718 4541 839 4594 μου,
869 4524 962 4576 καὶ
986 4523 1233 4594 βασιλεὺς
1254 4525 1353 4597 τῆς
1374 4524 1645 4597 σωτηρίας
1673 4542 1795 4597 μου,

1970 4526 2025 4579 4.
2052 4524 2314 4580 Defensor
2336 4541 2489 4581 meus
2512 4566 2527 4591 ,
2561 4536 2621 4581 et
2643 4542 2737 4581 rex
2774 4525 2965 4581 salutis
2996 4538 3149 4589 meze,
3177 4535 3230 4577 et
3256 4523 3449 4579 vindex

222 4616 323 4669 καὶ
354 4615 799 4685 ἀντιποιούμενος
827 4634 946 4687 μου.
1899 4630 2072 4669 meus.

301 4706 354 4760 5.
384 4707 521 4777 Περὶ
552 4705 659 4760 τῶν
692 4707 1013 4779 ἀκαθάρτων
1045 4709 1365 4777 πνευμάτων
1394 4708 1559 4777 λέγει.

1448 4727 1559 4777 γει.
1971 4706 2025 4761 5.
2060 4705 2135 4761 De
2164 4706 2460 4761 immundis
2494 4706 2775 4776 spiritibus
2807 4707 3063 4776 loquitur.

300 4797 356 4851 6.
385 4796 554 4870 Πέριξ
591 4798 689 4869 τῆς
721 4798 895 4869 ψυχῆς
929 4816 1032 4871 μου
1089 4800 1419 4872 συνέστησαν
1458 4804 1513 4854 αἱ
1565 4801 1796 4855 ἐναντίαι

1971 4791 2026 4845 6.
2056 4791 2212 4847 Circa
2243 4794 2479 4848 animam
2514 4810 2688 4847 meam
2730 4796 3090 4849 constiterunt
3132 4796 3452 4853 adversariae

221 4889 508 4959 δυνάμεις.

1899 4893 2212 4953 potestates.

301 4982 358 5035 7.
397 4981 484 5043 Ὠς
516 4978 757 5054 ῥεύματα
787 4978 1013 5045 ὑδάτων,
1039 4979 1209 5045 οὕτως
1234 4981 1527 5054 ἐνέῥρηξάν
1550 5000 1658 5055 μοι.

1974 4974 2023 5029 7.
2044 4972 2325 5043 Tanquam
2344 4990 2606 5044 aquarum
2620 4974 2835 5040 ﬂuctus,
2854 4976 2925 5029 ita
2948 4975 2999 5028 in
3019 4992 3103 5030 me
3120 4975 3447 5046 irruperunt.

300 5074 356 5127 8.
390 5074 501 5126 Καὶ
531 5071 854 5143 ἐνθυμήσεις
910 5073 1206 5138 σκοτειναὶ,
1234 5074 1326 5128 καὶ
1358 5074 1613 5145 ζοφώδεις
1644 5093 1800 5147 περι-

1973 5067 2026 5121 8.
2062 5066 2130 5122 Ει
2174 5068 2509 5134 tenebrosae,
2553 5075 2607 5121 et
2633 5067 2943 5137 caliginosae
2972 5068 3324 5135 cogitationes
3356 5085 3455 5125 cor

223 5161 549 5217 εκύκλωσαν
573 5161 669 5232 τὴν
698 5161 923 5232 καρδίαν
956 5179 1079 5232 μου.

988 5179 1079 5219 ου.
1903 5176 2083 5215 meum
2117 5159 2603 5215 circumdederunt.

298 5254 355 5309 9.
394 5252 871 5326 Ἐκραταιώθησαν
900 5254 1037 5325 ὑπὲρ
1064 5254 1085 5289 ³
1095 5254 1163 5326 μὲ
1194 5257 1250 5309 αἱ
1286 5255 1393 5309 τῶν
1421 5257 1673 5312 ἐναντίων
1698 5258 1791 5313 δυ·
1822 5237 1865 5292 Ῑ)

1839 5237 1865 5291 ῧ
1965 5251 2016 5305 9.
2049 5249 2399 5305 lnvaluerunt
2424 5262 2588 5317 super
2624 5260 2721 5304 me
2750 5248 3180 5305 adversariarum
3222 5260 3454 5323 potesta-

218 5345 446 5415 νάμεων
479 5344 720 5412 παγίδες.

617 5345 720 5406 δες·
1890 5354 2005 5400 tum
2038 5343 2232 5412 laquei.

300 5438 389 5491 10.
421 5437 523 5496 Εἰς-
549 5435 797 5506 βοήθειάν
826 5454 946 5507 μου,

1974 5435 2060 5492 10.
2098 5435 2155 5489 In
2191 5436 2451 5490 auxilium
2488 5450 2686 5490 meum.

303 5529 389 5582 11.
441 5528 528 5580 Ἐν
554 5527 698 5598 πόνῳ
729 5528 827 5599 τῆς
859 5529 1082 5601 καρδίας
1114 5550 1213 5602 μου
1238 5532 1456 5605 ἐϐόησα.

1383 5550 1456 5588 τα.
1973 5531 2061 5585 11.
2098 5530 2158 5584 In
2193 5531 2375 5584 labore
2401 5529 2582 5585 cordis
2607 5529 2712 5584 mei
2750 5528 2998 5584 clamavi.

302 5620 386 5673 12.
431 5620 525 5673 Ἐκ
555 5617 650 5671 τοῦ
680 5619 908 5691 οὐρανοῦ
929 5621 1089 5691 λέγει.

891 5620 1089 5691 ὅλέγει.
1970 5622 2055 5676 12.
2092 5620 2167 5676 De
2195 5622 2331 5677 caelo
2357 5618 2506 5675 dicit.

301 5711 340 5741 ¹¹
378 5709 512 5765 Luc.
547 5726 681 5773 xxn,
717 5710 805 5764 5|.
