4068 6318
123 367 233 421 705
1031 373 1117 426 DE
1157 373 1429 428 TITUIJS
1467 372 1916 428 PSALMOllUM.
1953 403 2022 410 —
2058 371 2250 426 PSAL
2283 369 2442 423 XVII.
3248 354 3358 425 ¹’106

195 483 292 538 54.
329 485 432 538 Καὶ
457 485 800 558 ἁνεκαλύφοη
830 488 897 540 τὰ
928 487 1148 551 θεμέλια
1173 491 1268 558 τῆς
1294 491 1646 560 οἰκουμένης,
1730 500 1770 551 Α

1749 500 1770 550 \
1873 488 1959 542 Ξτ4.
1998 487 2063 542 Ει
2098 487 2326 540 revelata
2358 495 2483 540 sunt
2513 484 2859 538 fundamenta
2889 485 3037 538 orbis
3061 493 3355 536 terrarum:

194 575 290 628 55.
337 576 466 627 Ἀπὸ
488 576 851 646 ἐπιτιμήσεως
879 594 994 640 σου,
1018 580 1210 650 Κυριε,

1873 583 1960 635 55.
1995 581 2075 634 Ab
2107 581 2472 648 increpatione
2502 588 2624 642 tua,
2659 577 2908 640 Domine,

197 666 293 720 36.
343 668 472 719 Ἀπὸ
497 668 842 736 ὲμπνεύσεως
864 669 1168 737 πνεύματος
1189 671 1354 742 ὀργῆς
1379 689 1490 725 σου.

1379 689 1490 725 σου.
1871 673 1960 726 56.
1995 673 2074 725 Ab
2106 671 2460 738 inspiratione
2491 670 2712 739 spiritus
2738 670 2828 722 irae
2855 682 2975 722 tum.

195 758 290 810 57.
355 755 738 821 Εξαπέστειλεν
777 759 834 825 ἐξ
867 760 1052 830 ὕψους,
1088 763 1177 814 καὶ
1203 763 1359 814 ἔλαϐέ
1389 779 1487 832 με’

1355 784 1359 813 μ
1389 780 1455 832 με
1475 779 1487 792 ο
1873 765 1961 817 57.
1993 763 2139 817 Misit
2169 764 2235 815 de
2265 777 2501 822 summo,
2529 771 2579 814 et
2606 763 2809 827 accepit
2841 776 2961 825 me;

194 847 288 900 58.
327 848 694 915 Προσελὰϐετὸ
731 867 796 919 με
826 850 882 916 ἐξ
908 853 1112 904 ὑδάτων
1139 851 1362 904 πολλῶν.

1300 854 1362 904 'w.
1871 857 1958 910 58.
1982 854 2288 924 Assunipsit
2320 869 2406 907 me
2434 854 2500 907 de
2526 854 2680 921 aquis
2705 854 2906 905 multis.

192 937 285 990 59.
337 939 630 1008 Ἐρῤύσατὸ
660 957 722 1009 με
749 941 805 1005 ἐξ
846 942 1050 1012 ἐχθρῶν
1078 959 1181 1012 μου
1210 942 1469 1007 δυνατῶν,

1873 949 1960 1003 59.
1995 948 2202 1016 Eripuit
2230 962 2315 1000 me
2345 947 2410 999 de
2441 946 2674 998 inimicis
2704 945 2837 998 meis
2869 943 3199 1008 fortissimis,

194 1029 289 1084 40.
326 1033 433 1082 Καὶ
463 1034 525 1083 ὲκ
551 1033 655 1084 τῶν
682 1033 978 1102 μισούντων
1017 1049 1105 1104 με·

1869 1042 1955 1094 40.
1988 1040 2049 1092 Ει
2082 1041 2147 1093 ab
2183 1040 2268 1101 iis,
2309 1039 2397 1108 qui
2439 1039 2671 1090 oderunt
2701 1053 2823 1091 me:

191 1119 285 1172 41.
318 1121 438 1172 ’Ὁτι
472 1122 877 1193 ἐστερεώθησαν
908 1125 1044 1194 ὑπὲρ
1073 1125 1189 1194 ἐμέ.

1866 1132 1954 1184 41.
1989 1129 2258 1195 Quoniam
2290 1128 2574 1182 confortati
2605 1138 2731 1181 sunt
2767 1143 2928 1196 super
2961 1142 3064 1180 me.

191 1210 285 1265 42.
327 1213 682 1282 Προέφθασάν
710 1233 775 1285 με
802 1218 858 1268 ὲν
885 1217 1064 1288 ἡμέρᾳ
1091 1217 1380 1281 κακώσεως
1409 1236 1510 1294 μου
1529 1236 1542 1249 ⁸

1866 1221 1954 1274 42.
1991 1219 2371 1272 Przevencrunt
2401 1233 2486 1271 me
2514 1219 2565 1270 in
2595 1218 2680 1270 die
2710 1217 3017 1271 afﬂictionis
3047 1231 3178 1271 mea:
3203 1233 3215 1247 ·

191 1303 283 1356 45.
323 1306 432 1356 Καὶ
465 1305 680 1373 ἐγένετο
710 1306 907 1377 Κύριος
937 1309 1335 1380 ἁντιστήριγμά
1362 1328 1484 1382 μου.

1863 1313 1953 1366 45.
1988 1310 2053 1364 Ει
2085 1310 2260 1364 factus
2290 1317 2375 1362 cst
2409 1308 2670 1361 Dominus
2704 1319 2972 1376 protector
3009 1322 3181 1360 incus.

190 1396 284 1448 44.
321 1399 430 1450 Καὶ
456 1399 686 1468 ἐξήγαγέ
714 1417 779 1469 με
806 1401 884 1462 είς
910 1401 1218 1471 πλατυσμὸν
1239 1420 1250 1430 ·

1867 1406 1952 1458 44.
1987 1404 2052 1457 Et
2081 1404 2265 1456 eduxit
2296 1417 2380 1456 me
2413 1403 2466 1455 in
2496 1402 2832 1455 latitudinem
2867 1419 2878 1453 :

188 1487 281 1541 45.
328 1489 574 1543 Ῥὐσεταί
604 1509 691 1560 με,
725 1494 806 1544 ὅτι
837 1493 1063 1564 ἠθέλησέ
1097 1512 1183 1564 με.

1868 1499 1957 1552 45.
1997 1497 2214 1551 Salvum
2247 1513 2332 1550 me
2360 1495 2538 1561 faciet,
2569 1498 2824 1565 quoniam
2857 1494 3023 1546 \‘(tlltll
3055 1508 3157 1546 me.

184 1579 276 1633 46.
311 1583 424 1635 Καὶ
460 1583 824 1637 ἁνταποδώσει
854 1603 942 1656 μοι
975 1586 1175 1657 Κύριος
1203 1589 1341 1642 κατὰ
1363 1588 1460 1659 τὴν
1492 1588 1695 1641 δικαιο-

1866 1591 1954 1645 46.
1988 1591 2052 1644 Ει
2100 1589 2359 1644 retribuet
2392 1589 2522 1642 mihi
2562 1587 2824 1642 Dominus
2857 1586 3151 1640 secundum
3192 1582 3355 1652 justi-

122 1671 286 1743 σύνην
315 1691 444 1743 μου,

1798 1685 1924 1738 tiam
1955 1700 2130 1738 meam
2167 1701 2176 1735 :

190 1763 278 1816 47.
319 1767 428 1818 Καὶ
467 1766 608 1819 κατὰ
655 1768 752 1838 τὴν
791 1768 1152 1840 καθαριότητα
1202 1771 1307 1824 τῶν
1352 1774 1546 1844 χειρῶν
1595 1790 1694 1843 μου

1869 1776 1955 1829 47.
1991 1775 2054 1829 Et
2107 1777 2406 1831 secundum
2453 1775 2741 1846 puritatem
2797 1788 3055 1825 manuum
3109 1785 3293 1822 mearu
3323 1785 3350 1819 n

123 1856 490 1910 ἀνταποδὼσει
521 1877 632 1928 μοι.
1727 1897 1729 1906 ι

628 1898 632 1909 ι
1727 1852 1766 1908 Β
1799 1867 2048 1920 retribuet
2079 1867 2234 1936 mibi.

186 1945 274 1998 48.
310 1947 435 2000 Ὀτι
469 1947 708 2018 ἐφύλαξα
732 1949 826 2012 τὰς
859 1949 1011 2013 ὁδοὺς
1045 1952 1248 2020 Κυρίου
1269 1995 1283 2017 ,

1269 1995 1283 2017 ν
1865 1960 1954 2012 48.
1992 1959 2131 2024 Quia
2163 1957 2430 2013 custodiri
2462 1955 2576 2008 vias
2604 1953 2816 2007 Domini
2851 1975 2859 2007 :

183 2037 267 2092 49.
300 2040 412 2092 Καὶ
439 2040 536 2092 οὐκ
564 2040 808 2110 ἡσέϐησα
836 2041 943 2094 ἀπὸ
971 2043 1064 2096 τοῦ
1099 2044 1232 2097 Θεοῦ
1270 2062 1372 2114 μου

1270 2062 1372 2114 μου
1864 2051 1950 2104 49.
1981 2049 2089 2104 Nec
2111 2050 2274 2118 impie
2314 2048 2455 2119 gessi
2488 2061 2516 2099 a
2552 2046 2660 2100 Deo
2696 2060 2849 2098 meo:

189 2127 276 2180 50.
318 2129 442 2181 Ὅτι
471 2131 647 2183 πάντα
671 2129 735 2183 τὰ
769 2133 1008 2202 κρίματα
1036 2134 1196 2186 αὑτοῦ
1227 2134 1453 2188 ἐνώπιόν
1494 2154 1594 2206 μου
1617 2153 1631 2166 ’

1864 2143 1951 2196 50.
1969 2140 2236 2207 Quoniam
2256 2141 2438 2195 omnia
2453 2139 2656 2210 judicia
2673 2137 2792 2205 ejus
2814 2137 2867 2190 in
2890 2144 3179 2204 consliectu
3199 2148 3318 2187 meo
3339 2173 3352 2188 .

187 2219 275 2272 51.
317 2221 428 2272 Καὶ
455 2221 523 2274 τὰ
549 2221 890 2294 δικαιώματα
922 2223 1086 2277 αὑτοῦ
1124 2226 1222 2278 οὐκ
1254 2228 1567 2298 ἀπέστησαν
1597 2230 1690 2282 ἀπ’

1385 2244 1567 2298 πτησαν
1597 2230 1690 2282 ἀπ’
1863 2234 1950 2288 51.
1981 2232 2045 2287 Ει
2065 2233 2307 2304 justitias
2337 2233 2456 2300 ejus
2490 2247 2597 2283 non
2631 2228 2800 2297 repuli
2827 2246 2855 2280 a
2891 2244 2991 2278 me.

121 2312 272 2378 ἐμοῦ.

187 2405 274 2458 5⁸3.
307 2407 421 2458 Καὶ
459 2406 650 2476 ἔσομαι
681 2407 906 2476 ἄμωμος
939 2409 1055 2477 μετ’
1087 2409 1270 2463 αὐτοῦ’

1249 2428 1270 2452 η’
1864 2414 1952 2468 5:2.
1982 2413 2043 2466 Et
2072 2427 2164 2466 ero
2200 2410 2577 2464 immaculatns
2607 2424 2727 2461 eum
2753 2421 2816 2460 eo
2846 2449 2855 2459 .

187 2497 272 2552 53.
308 2500 422 2552 Καὶ
452 2501 752 2571 φυλάξομαι
775 2502 881 2554 ἀπὸ
910 2501 1006 2572 τῆς
1031 2502 1256 2573 ἀνομίας
1292 2522 1414 2574 μου.

1863 2507 1954 2561 55.
1985 2505 2050 2560 Et
2079 2505 2378 2560 observabo
2419 2518 2503 2555 me
2531 2503 2596 2555 ab
2633 2502 2912 2568 iniquitate
2945 2514 3079 2553 nn-a.

189 2591 276 2646 54.
316 2594 428 2646 Kal.
458 2594 824 2648 ἁνταποῖώσει
858 2612 948 2666 μοι
976 2595 1174 2667 Κύριος
1206 2598 1348 2650 κατά
1368 2597 1465 2666 τὴν
1490 2598 1688 2652 δικαιο·

1861 2596 1946 2651 54.
1981 2595 2045 2648 Ει
2074 2595 2331 2648 retribuet
2363 2592 2493 2644 mibi
2545 2590 2809 2645 Dominus
2851 2590 3150 2643 si-enndnm
3193 2587 3355 2656 justi-

126 2684 281 2756 σύνην
315 2705 441 2757 μου,

1791 2687 1919 2741 tiam
1959 2701 2158 2750 meam,

1237 2847 1611 2904 ATIIANASII
1650 2839 2235 2903 INTERPRETATIO.

123 3009 166 3060 οἱ
192 3006 569 3071 κατοικοῦντες
585 3008 932 3080 Ἰερουσαλὴμ
959 3007 1305 3080 Θεωροῦντες,
1338 3010 1432 3064 καὶ
1464 3009 1686 3079 βλέπον-

1791 3006 2096 3060 habitantes
2139 3003 2439 3059 Jerusalem
2496 3003 2950 3067 considerantes,
3012 3010 3066 3054 et
3112 2999 3353 3054 videntes

123 3115 204 3160 τες
228 3100 350 3163 τοὺς
377 3100 706 3164 ἀποστόλους
727 3101 1015 3166 λαλοῦντας
1037 3101 1106 3154 τὰ
1129 3103 1386 3172 μεγαλεῖα
1405 3105 1498 3157 τοῦ
1522 3104 1654 3160 θεοῦ
1674 3128 1687 3141 ’
1717 3129 1729 3176 l

1742 3123 1757 3178 ε
1793 3097 2065 3166 apostolos
2105 3097 2386 3164 loquentes
2437 3094 2702 3162 inagnalia
2752 3093 2904 3147 Dei”
2940 3109 2951 3146 :
2986 3093 3153 3160 [omen
3184 3092 3348 3159 enini,

124 3192 305 3257 πηγὰς
337 3193 448 3262 γὰρ
492 3194 583 3244 καὶ
627 3193 863 3261 θεμέλια
887 3196 1082 3259 αὐτοὺς
1107 3195 1272 3264 λέγει.

941 3196 1082 3259 ὄτοὺς
1107 3195 1272 3264 λέγει.
1789 3199 1840 3242 et
1878 3189 2218 3258 fundamenta
2247 3203 2340 3242 cos
2375 3197 2547 3240 vocat.

188 3284 272 3336 55.
304 3284 440 3338 Ἀπὸ
478 3287 576 3356 τῆς
602 3286 943 3350 διδασκαλίας
975 3303 1087 3348 σου,

829 3286 943 3350 λίας
975 3303 1087 3348 σου,
1858 3280 1945 3334 55.
1973 3281 2018 3332 Δ
2047 3279 2292 3333 doctrina
2325 3292 2435 3343 tua,

185 3374 268 3428 56.
294 3378 401 3428 Καὶ
418 3379 526 3429 ἀπὸ
542 3379 638 3448 τῆς
655 3379 929 3449 ἐνεργείας
949 3379 1040 3432 τοῦ
1061 3379 1374 3450 ΙΙνεύματος
1395 3382 1486 3437 τοῦ
1507 3386 1685 3454 ἁγίου.
1858 3371 1947 3425 δδο
1983 3369 2050 3422 El
2079 3371 2146 3424 ιιι)
2180 3372 2494 3440 ⁰Ρ⁰¹”³ιίο¹¹ο
2526 3369 2758 3440 Spiritus
2782 3369 2976 3424 εθηεῑί·

186 3464 268 3524 57,
306 3467 395 3519 58.
445 3466 876 3537 Ἐὅαπτίσθησαν
909 3468 1016 3537 γὰρ
1046 3471 1101 3520 ὲν
1127 3473 1191 3538 τῇ
1218 3472 1401 3542 ἡμέρα
1430 3475 1526 3544 τῆς
1555 3477 1689 3528 Πεν-

1859 3466 1948 3530 57,
1979 3465 2066 3519 58.
2100 3463 2165 3518 Et
2199 3466 2481 3535 baptizata:
2522 3476 2649 3520 sunt
2680 3467 2730 3518 in
2775 3467 2862 3518 die
2915 3466 3255 3518 l'entecostes
3281 3463 3352 3516 ab

124 3559 376 3628 τηκοστῆς
408 3559 558 3628 παρὰ
581 3558 687 3610 τῶν
721 3559 1032 3611 ἀποστόλων
1060 3559 1230 3629 ψυχαὶ
1259 3563 1333 3625 ὡς
1357 3566 1648 3634 τρισχίλιαι
1670 3583 1684 3597 ·

1789 3558 2050 3625 apostolis
2073 3557 2270 3610 auimze
2292 3559 2448 3627 quasi
2476 3559 2574 3611 tria
2601 3558 2767 3611 millia
2792 3559 2812 3588 ⁵
2845 3576 2858 3612 :
2890 3565 3172 3627 propterea
3211 3557 3347 3624 bace,

124 3647 199 3700 διὰ
224 3649 379 3703 τοῦτο
405 3649 551 3718 λέγει
583 3651 647 3703 ἐκ
681 3650 970 3722 προσώπου
998 3650 1103 3705 τῶν
1135 3657 1590 3712 πεπιστευκότων.
1787 3648 1915 3701 dic“
1941 3663 2002 3700 ex
2038 3663 2266 3716 Persona
2305 3664 2512 3710 eorum.
2543 3648 2636 3716 (Ιυί
2669 3648 3036 3702 ετθάίάοιυιιῑο

189 3741 272 3807 59,
306 3743 395 3798 40.
433 3743 686 3797 Τουτέστι
714 3743 823 3798 τῶν
847 3745 1134 3818 δαιμόνων.

1066 3764 1134 3802 ›ν.
1854 3740 1944 3802 59,
1974 3741 2062 3794 40.
2095 3739 2205 3796 Hoc
2235 3750 2318 3796 est
2345 3741 2672 3795 dieinouum.

187 3830 268 3884 41.
305 3833 677 3904 Ἐρῤύσθησαν
719 3834 826 3906 γὰρ
866 3835 1253 3905 βαπτισθέντες
1299 3839 1362 3890 ὲκ
1414 3837 1522 3893 τῶν
1556 3857 1686 3892 κατ-

1855 3834 1943 3890 41.
1982 3833 2244 3902 Baptizati
2295 3835 2436 3886 i-niin
2471 3834 2682 3887 liberati
2741 3841 2868 3888 sunt
2900 3847 2956 3902 ιι)
2983 3831 3344 3897 dmmonibus,

127 3919 527 3986 εξουσιαξόντων
564 3923 742 3977 αὐτῶν
773 3924 1058 3994 δαιμόνων.

865 3925 1058 3994 μόνων.
1784 3923 1876 3992 qui
1907 3925 1986 3976 eis
2025 3924 2468 3976 dominabantur.

187 4010 270 4062 42.
307 4013 435 4065 Ὅτε
465 4013 720 4082 ἠσθένουν
745 4017 812 4084 τῇ
842 4014 1007 4086 ψυχῇ,
1042 4015 1386 4071 συνέκλεισαν
1422 4034 1508 4088 με.

1850 4013 1938 4067 42.
1959 4015 2187 4078 Quando
2204 4016 2383 4068 anima
2410 4014 2656 4069 inﬁrmus
2673 4031 2819 4068 eram
2837 4014 3343 4069 concluseruntme.

191 4102 464 4168 ιδμΑιά
481 4104 573 4157 τοῦ
592 4103 960 4176 βαπτίσματος
975 4105 1166 4175 ἔστησέ
1186 4124 1250 4178 με
1266 4110 1345 4171 είς
1362 4109 1681 4163 ἀνάπαυσιν.

1850 4104 1942 4170 45,
1971 4104 2058 4159 44.
2103 4104 2206 4160 Per
2255 4105 2584 4176 baptismum
2614 4120 2698 4160 me
2731 4107 2781 4159 in
2815 4104 3002 4176 requie
3044 4105 3342 4159 COIISlill|:l.

187 4195 267 4250 45.
285 4197 401 4268 Ἀφ’
420 4193 483 4252 οῦ
501 4197 920 4270 περιεποιήσατό
938 4215 1026 4268 με,
1047 4197 1345 4270 ρύσεταίξμε
1361 4199 1453 4253 τοῦ
1473 4201 1680 4254 λοιποῦ.

1853 4195 1940 4250 45.
1972 4194 2048 4249 Ex
2076 4212 2186 4265 quo
2217 4213 2302 4251 me
2334 4196 2644 4265 acquisivit,
2671 4197 2926 4264 deinceps
2958 4213 3043 4250 ine
3079 4195 3343 4255 liberabit.

188 4286 268 4339 46.
302 4289 410 4342 Καὶ
436 4288 620 4342 λοιπὸν
652 4290 711 4341 έν
739 4287 817 4359 τῷ
847 4287 1024 4361 καιρῷ
1056 4289 1153 4360 τῆς
1187 4288 1420 4361 κρίσεως
1449 4293 1682 4344 ἀνταποο

1629 4309 1682 4344 o-
1851 4288 1938 4344 46.
1973 4287 2038 4343 Ει
2068 4289 2285 4346 demum
2315 4289 2497 4348 iudicii
2533 4300 2774 4358 tempore
2806 4291 3065 4344 retribuet
3086 4290 3235 4343 mibi.

128 4379 266 4435 δώσει
301 4403 410 4454 μοι.

188 4473 268 4527 47.
298 4477 455 4530 Κατὰ
488 4477 586 4548 τὴν
617 4476 980 4549 καθαριότητα
1011 4479 1118 4532 τῶν
1144 4478 1318 4550 ἔργων
1350 4497 1470 4550 μου.
1711 4481 1754 4536 D

1737 4484 1754 4534 )
1851 4465 1941 4523 47.
1995 4466 2300 4521 Secundum
2349 4467 2635 4536 puritatem
2667 4481 2909 4519 mearum
2944 4468 3343 4535 operatienum.

186 4567 266 4621 48.
306 4569 414 4631 Τὰς
448 4571 665 4634 ἐντολὰς
691 4569 851 4624 αὑτοῦ
878 4570 1014 4640 ἔχων
1049 4574 1106 4625 ἐν
1138 4575 1202 4642 τῇ
1231 4573 1428 4645 καρδίᾳ
1457 4588 1582 4643 μου.

1477 4588 1582 4624 ιον,
1852 4559 1942 4614 48.
1979 4559 2250 4630 Ρταιςεριο
2281 4561 2399 4630 ejus
2430 4561 2633 4615 liabens
2665 4560 2716 4613 in
2749 4559 2912 4613 corde
2942 4574 3083 4613 meo.

192 4658 270 4712 49.
293 4662 481 4724 Ἐκτὸς
508 4661 671 4714 αὐτοῦ
702 4662 872 4733 ἑτέρῳ
894 4663 993 4715 οὐκ
1019 4663 1337 4734 ὲλάτρευσα.

1251 4681 1337 4716 σα,
1852 4651 1939 4706 49.
1983 4650 2146 4706 Extra
2182 4668 2306 4705 eum
2341 4651 2470 4704 nulli
2508 4651 2594 4704 alii
2635 4651 2851 4705 εει·κίνῇ

191 4748 269 4805 50.
300 4753 418 4806 Ὅτι
458 4752 608 4805 οὐδὲν
637 4751 746 4804 τῶν
770 4752 995 4806 ἐντολῶν
1026 4753 1189 4807 αὑτοῦ
1225 4753 1530 4824 ἀπόϐλητον
1563 4754 1681 4805 ἐστι

1853 4745 1939 4798 50.
2001 4744 2266 4809 Quoniam
2311 4744 2518 4796 nullum
2552 4757 2775 4796 suorum
2810 4755 3201 4812 praeceptorum
3251 4742 3347 4796 de-

133 4843 243 4908 παρ’
267 4843 403 4912 ἐμοὶ,
435 4843 572 4898 ἀλλὰ
600 4843 705 4914 πρὸ
728 4843 1017 4916 ὀφθαλμῶν
1049 4861 1149 4916 μου
1181 4845 1288 4915 ἔχω
1321 4846 1478 4901 αὐτὰ.

1783 4835 2049 4904 spicatum
2088 4842 2171 4888 est
2203 4833 2344 4903 apud
2374 4847 2493 4894 me.
2549 4832 2641 4886 sed
2670 4847 2779 4901 pra:
2833 4833 3008 4888 oculis
3052 4835 3186 4888 mi-is
3228 4835 3341 4905 ipsa

1784 4927 1977 4982 habeo.

193 5018 268 5072 5-1.
296 5023 401 5076 Καὶ
429 5022 497 5074 τὰ
532 5021 871 5092 δικαιώματα
901 5022 1059 5077 αὐτοῦ
1087 5021 1444 5087 ἀδιαλείπτως
1475 5023 1668 5096 μελέττι

1852 5018 1939 5073 51.
1960 5016 2461 5089 Etjustiﬂcationes
2498 5016 2619 5088 ejus
2647 5017 2866 5072 assidua
2891 5016 3171 5072 meditatio
3224 5035 3339 5075 mea

139 5111 222 5174 μῡὺ
254 5115 378 5166 ἐστι.
1781 5117 1929 5164 sunt.

194 5201 269 5256 5'2.
303 5207 406 5258 Καὶ
434 5203 521 5257 ἀεὶ
548 5204 772 5268 ἄσπιλος
797 5202 944 5274 αὑτῴ
978 5203 1293 5276 τηρηθείην.

1851 5197 1940 5253 52.
1973 5195 2038 5250 Et
2075 5197 2192 5252 sine
2225 5196 2345 5251 labe
2379 5195 2478 5265 ipsi
2514 5209 2726 5266 semper
2753 5207 3001 5251 servatus
3033 5212 3175 5250 sum.

190 5293 268 5348 55.
301 5298 534 5371 Τηρήσω
560 5297 792 5367 ἐμαυτὸν
818 5295 912 5352 τοῦ
948 5295 1022 5368 μὴ
1047 5299 1357 5368 περιπεσεῖν
1389 5301 1511 5362 ταῖς
1543 5315 1672 5371 προ-

1850 5287 1938 5342 55.
1975 5285 2291 5342 Custodiam
2324 5299 2409 5340 me
2437 5285 2637 5354 ipsum.
2672 5299 2740 5339 ne
2765 5284 3009 5340 decidant
3050 5285 3103 5338 in
3134 5286 3341 5355 priores

134 5390 288 5461 τέραις
314 5413 405 5465 μου
435 5393 766 5464 ὲπιθυμίαις.

691 5411 766 5456 .ις.
1780 5394 1929 5433 meas
1961 5377 2297 5447 cupiditates.

192 5483 358 5541 54-56.
397 5488 506 5541 Καὶ
538 5487 594 5538 ὲν
636 5487 701 5554 τῇ
735 5484 918 5556 δικαίᾳ
954 5482 1112 5538 αὐτοῦ
1151 5483 1539 5555 μισθαποδοσία
1577 5501 1666 5556 μοι

1849 5469 2035 5525 ﬁli-56.
2073 5468 2136 5521 Et
2170 5468 2225 5522 in
2252 5468 2400 5537 justa
2425 5468 2547 5537 ejus
2578 5468 2936 5523 retributione
2969 5467 3156 5522 reddet
3185 5469 3339 5536 mihi,

332 5571 402 5631 ὧν
450 5576 794 5648 εἰργασάμην
841 5575 1068 5631 ἐνώπιον
1111 5576 1296 5642 αὑτοῦ,
1330 5580 1358 5631 ὁ
1391 5576 1674 5641 ἀποδιδοὺς

1776 5577 1897 5632 qua:
1926 5569 2178 5631 operatus
2202 5575 2322 5615 sum
2352 5576 2534 5615 coram
2565 5562 2704 5631 ipso,
2740 5561 2834 5632 qui
2865 5562 3158 5632 unicuique
3185 5564 3312 5618 retri

140 5662 320 5736 ἑκὰστῳ
350 5671 487 5724 κατὰ
514 5669 583 5722 τὰ
606 5669 741 5739 ἔργα
773 5668 958 5722 αὑτοῦ.

1777 5652 1893 5709 buit
1924 5653 2221 5710 secundum
2248 5667 2415 5722 opera
2448 5654 2586 5723 ejus.

197 5777 234 5807 “
262 5781 367 5836 Act.
402 5801 458 5853 ιι,
493 5785 544 5838 7.
622 5784 666 5816 “
692 5783 820 5839 ibid.
861 5781 943 5835 41.
