4090 6312
154 375 245 426 709
1024 376 1108 430 DE
1149 375 1424 432 TlTULlS
1464 371 2210 428 PSAl.llORUM.-—PSAL.
2253 370 2417 425 XVII.
3269 370 3378 430 710

215 488 301 544 78.
343 493 451 544 Καὶ
482 491 684 556 ἔδωκάς
723 511 809 563 μοι
838 495 1252 566 ὑπερασπισμὸν
1277 496 1564 566 σωτηρίας.
1736 498 1780 553 Α

1513 513 1564 558 ς.
1736 498 1780 553 Α
1883 491 1964 544 78.
2011 490 2074 544 Ει
2107 491 2299 545 dedisti
2335 489 2466 543 mibi
2498 491 2883 558 protectionem
2919 490 3128 545 salutis.

220 583 302 637 79.
346 587 453 638 Καὶ
484 590 514 657 ἡ
545 587 693 652 δεξιά
732 607 822 641 σου
859 589 1178 642 ἀντελάϐετό
1214 607 1333 660 μου·

1254 607 1333 642 ου·
1887 585 1970 636 79.
2015 582 2076 635 Ει
2112 584 2330 635 dextera
2362 591 2448 635 tua
2477 585 2715 652 suscepit
2743 599 2826 637 Ine
2856 603 2868 637 :

213 673 299 727 80.
343 677 450 728 Καὶ
482 679 512 746 ἡ
549 678 758 730 παιδεία
790 697 883 731 σου
913 679 1203 749 ἀνώρθωσέ
1239 698 1305 748 με
1344 683 1422 743 εἰς
1451 680 1600 742 τέλος
1624 696 1636 710 ·

1624 696 1636 710 ·
1882 675 1968 728 80.
2013 674 2076 727 Et
2109 675 2394 741 disciplina
2428 686 2518 727 tua
2555 676 2788 728 correxit
2822 691 2908 729 me
2939 677 2990 728 in
3030 676 3187 728 liuent
3223 695 3234 728 :

214 765 301 821 81.
343 769 452 821 Καὶ
483 771 515 839 ἡ
548 770 760 822 παιδεία
791 787 881 821 σου
914 771 1046 840 αὐτή
1087 787 1150 839 με
1179 771 1394 834 διδάξει.

1884 769 1971 822 81.
2013 767 2078 820 Et
2107 768 2391 834 disciplina
2428 777 2538 831 tua,
2577 768 2690 836 ipsa
2728 783 2811 820 me
2845 768 3077 822 docebit.

212 859 298 912 8‘2.
354 862 683 934 Ἐπλάτυνας
716 862 784 916 τά
814 863 1124 932 διαδήματά
1160 881 1259 932 μου
1297 864 1549 917 ὑποκάτω
1585 882 1709 935 μου,

1448 864 1549 917 άτω
1585 882 1709 935 μου,
1883 857 1972 911 82.
2016 856 2261 910 Dilatasti
2296 873 2516 925 gressus
2544 873 2692 911 meos
2718 859 2910 912 subtus
2941 874 3063 912 me:

212 950 300 1004 85.
343 954 450 1005 Καὶ
485 954 583 1006 οὐκ
609 954 872 1026 ἠσθένησε
903 955 972 1006 τά
1000 955 1116 1025 ἴχνη
1150 972 1271 1023 μου.

1880 951 1970 1003 83.
2011 949 2074 1004 Et
2105 967 2210 1002 non
2242 959 2370 1004 sunt
2398 949 2667 1004 infirmata
2698 951 2921 1019 vestigia
2957 967 3096 1004 mea.

213 1044 299 1099 84.
343 1046 670 1110 Καταδιὼξω
697 1049 819 1110 τοὺς
856 1047 1082 1118 ἐχθρούς
1123 1064 1245 1116 μου,
1278 1049 1370 1101 καὶ
1409 1048 1712 1118 καταλήψο-

1881 1043 1969 1096 84.
2013 1042 2316 1112 Persequar
2343 1043 2595 1098 inimicos
2625 1058 2802 1108 meos;
2839 1055 2892 1095 ct
2918 1043 3372 1112 cimipreliendam

145 1155 241 1208 μαι
267 1139 463 1201 αὐτούς
487 1156 500 1168 ’
1815 1134 1932 1188 illos
1957 1151 1972 1190 :

212 1229 302 1285 85.
343 1232 449 1283 Καὶ
482 1232 578 1284 οὐκ
604 1233 1110 1305 ἀποστραφήσομαι,
1140 1235 1242 1295 ἕως
1271 1234 1335 1286 ἂν
1365 1234 1707 1288 ἐκλείπωσιν.

1422 1234 1707 1288 ξλείπωσιν,
1883 1226 1969 1280 85.
2013 1224 2075 1278 Et
2107 1241 2211 1278 non
2248 1235 2537 1279 convertar
2568 1227 2740 1280 donec
2768 1227 3037 1280 deliciam.

210 1322 300 1376 86.
355 1323 620 1392 Ἐκολίψω
651 1326 865 1387 αὐτοὺς,
884 1328 975 1378 καὶ
1004 1327 1064 1378 οὐ
1090 1325 1162 1396 μὴ
1190 1325 1450 1379 δύνωνται
1482 1327 1670 1398 στῆναι

1564 1328 1670 1398 ᾗναι
1886 1317 1975 1372 86.
2017 1317 2364 1386 Confringam
2393 1318 2549 1384 illos;
2582 1335 2681 1373 nec
2713 1331 2968 1388 poterunt
3000 1329 3179 1373 stare:

212 1414 302 1467 87.
346 1416 644 1469 Πεσοὺνται
678 1418 779 1469 ὑπὸ
808 1418 933 1479 τοὺς
968 1417 1132 1480 πόδας
1165 1434 1288 1486 μου.

1212 1434 1288 1470 νυ,
1882 1409 1970 1464 87.
2007 1410 2215 1464 Cadent
2246 1410 2435 1464 subtus
2475 1411 2635 1478 pedes
2663 1427 2827 1466 meos.

213 1505 304 1561 88.
347 1508 455 1560 Καὶ
491 1507 826 1580 περιέζωσάς
854 1525 919 1578 με
943 1508 1170 1578 δύναμιν
1199 1511 1276 1571 εἰς
1302 1509 1534 1580 πόλεμον
1554 1525 1568 1538 ·

1554 1525 1568 1538 ο
1880 1501 1968 1556 88.
2013 1500 2076 1554 Et
2101 1502 2430 1570 prtecinxisti
2463 1518 2543 1556 me
2579 1505 2776 1557 virtule
2815 1506 2878 1557 ad
2918 1505 3118 1558 bellum
3158 1523 3169 1558 :

208 1598 298 1652 89.
343 1600 703 1663 Συνεπὸδισας
738 1602 942 1662 πάντας
975 1603 1099 1665 τοὺς
1133 1603 1594 1673 ἐπανισταμένους
1624 1604 1710 1655 ἐπ’

1882 1596 1970 1650 89.
2013 1595 2077 1650 Ει
2123 1597 2481 1667 supplantasti
2529 1613 2716 1652 omnes
2773 1600 3112 1667 insurgentes
3167 1601 3217 1652 in
3271 1614 3373 1663 me,

136 1688 236 1757 ἐμὲ
270 1689 526 1743 ὑποκάτω
562 1709 683 1761 μου.

562 1709 683 1761 μου.
1813 1689 2005 1744 subtus
2036 1704 2141 1742 me.

201 1782 290 1836 90.
338 1782 446 1834 Καὶ
471 1785 595 1846 τοὺς
624 1782 848 1856 ἐχθρούς
877 1803 976 1856 μου
1011 1775 1233 1849 ἕδωκάξ
1249 1802 1338 1856 μοι
1369 1785 1534 1839 νῶτον
1554 1801 1568 1816 ·

1883 1781 1971 1834 90.
2013 1779 2076 1834 Et
2113 1780 2365 1836 inimicos
2396 1796 2545 1835 meos
2575 1782 2769 1837 dedisti
2809 1784 2936 1837 mibi
2974 1785 3194 1838 dorsum
3224 1802 3235 1838 :

203 1871 295 1924 9|.
338 1874 446 1925 Καὶ
473 1876 599 1939 τοὺς
628 1875 916 1946 μισοῦντας
955 1895 1019 1948 με
1049 1876 1468 1948 ἐξωλόθρευσας.
1741 1861 1786 1918 Β

1212 1876 1468 1948 ιθρευσας,
1741 1861 1786 1918 Β
1882 1873 1971 1926 91.
2012 1871 2076 1926 Ει
2109 1873 2350 1926 odientes
2384 1888 2470 1926 me
2498 1874 2827 1942 diSperdisli.

202 1963 294 2018 92.
351 1965 703 2038 Ἐκέκραξαν,
735 1970 827 2021 καὶ
854 1971 955 2022 οὐκ
980 1965 1047 2040 ἦν
1074 1971 1101 2021 ὁ
1132 1968 1318 2031 σώζων
1338 1985 1350 1999 ·

1885 1965 1975 2023 92.
2015 1965 2419 2030 Clamaverunt,
2451 1982 2549 2021 nec
2578 1977 2692 2020 erat
2722 1969 2815 2034 qui
2851 1969 3029 2023 salvos
3062 1969 3292 2036 faceret;

201 2056 291 2112 9'5.
340 2058 482 2127 Πρὸς
510 2059 729 2130 Κύριον,
768 2061 860 2113 καὶ
892 2061 990 2113 οὐκ
1021 2063 1337 2132 εἰσήκουσεν
1369 2061 1566 2113 αὐτῶν.

1392 2061 1566 2113 ιύτῶν.
1883 2059 1971 2112 95.
2010 2059 2090 2111 Ad
2131 2059 2457 2127 Dominum;
2489 2076 2585 2113 nec
2613 2060 2888 2114 exaudivit
2915 2077 3007 2116 eos

200 2147 292 2201 94.
337 2149 447 2200 Καὶ
493 2151 734 2203 λεπτυνῶ
767 2152 961 2215 αὐτοὺς
1003 2152 1132 2207 ὡσεὶ
1167 2152 1325 2222 χνοῦν
1368 2152 1508 2205 κατά
1544 2151 1710 2223 πρόσ-

1885 2149 1973 2204 94.
2014 2150 2080 2205 Et
2111 2153 2476 2206 comminuam
2509 2168 2604 2206 eos
2638 2163 2695 2207 ut
2721 2155 2994 2223 pulverem
3033 2166 3156 2211 aute
3185 2156 3376 2211 faciem

127 2258 279 2294 ωπον
305 2243 506 2312 ἀνέμου
527 2262 540 2276 ·

382 2244 506 2312 έμου
527 2262 540 2276 ·
1816 2245 1956 2298 venti
1986 2263 1997 2297 :

199 2335 291 2389 95.
350 2338 436 2400 Ὠς
460 2338 627 2408 πηλὸν
651 2339 918 2392 πλατειῶν
946 2339 1118 2392 λεανῶ
1143 2339 1357 2403 αὐτούς.

1887 2337 1976 2391 95.
2021 2337 2092 2392 Ut
2123 2337 2295 2390 lutum
2325 2337 2625 2407 platearum
2655 2337 2844 2392 delebo
2879 2355 2993 2392 eos.

198 2428 291 2483 96.
349 2429 534 2482 Ῥὖσαί
569 2449 634 2501 με
664 2432 771 2484 ἀπὸ
800 2431 1118 2500 ἀντιλογιῶν
1151 2431 1281 2484 λαοῦ
1309 2449 1321 2462 ·

1888 2429 1976 2485 96.
2017 2429 2177 2500 Eripe
2207 2447 2291 2485 me
2318 2431 2385 2484 de
2416 2431 2936 2486 contradictionibus
2969 2433 3151 2502 populi
3177 2448 3189 2484 :

195 2521 290 2575 97.
332 2522 708 2591 Καταστήσεις
742 2541 809 2592 με
842 2525 922 2586 εἰς
951 2522 1190 2593 κεφαλὴν
1215 2522 1401 2576 ἐθνῶν.

1397 2562 1401 2574 .
1883 2522 1972 2576 97.
2013 2522 2324 2578 Conslitucs
2356 2539 2440 2577 me
2471 2525 2524 2577 in
2557 2535 2719 2595 caput
2747 2527 3012 2595 gentium.

197 2612 289 2668 98.
333 2613 494 2675 Λαὸς,
524 2612 580 2665 ὃν
609 2615 707 2666 οὐκ
738 2614 928 2682 ἔγνων,
968 2613 1248 2666 ἐδούλευσέ
1283 2630 1390 2683 μοι.

1882 2613 1970 2668 98.
2016 2613 2256 2683 Pepulus
2291 2629 2452 2684 quem
2487 2630 2594 2669 non
2631 2618 2878 2686 cognovi,
2908 2619 3128 2672 Servivil
3162 2619 3308 2672 inibi.

1251 2768 1620 2824 ATHANASII
1656 2768 2230 2826 INTERPRETATIO.

201 2925 557 2990 78.”Εδωκάς
597 2944 684 2996 μοι
728 2927 836 2998 γάρ
878 2929 1293 3000 ὑπερασπισμδν
1339 2930 1428 2982 τὸν
1474 2928 1705 3001 σταυρόν

1881 2930 1967 2985 78.
2003 2929 2136 2984 Nam
2168 2931 2362 2988 dedisti
2394 2933 2525 2988 mihi
2559 2951 2776 2992 crucem
2829 2946 2978 2994 tuam
3010 2940 3062 2994 in
3091 2943 3372 3010 protectio-

126 3035 224 3071 σου
235 3061 248 3072 .
1812 3040 1956 3078 nem.

203 3111 293 3165 79.
320 3111 379 3163 '0
413 3111 539 3174 Υἱός
567 3128 658 3163 σου
693 3110 1014 3164 ἀντελάϐετό
1051 3129 1176 3182 μου.

1128 3131 1176 3164 υ.
1883 3120 1968 3175 79.
2006 3120 2177 3176 Filius
2211 3130 2335 3177 tuus
2373 3125 2610 3192 suscepit
2639 3140 2743 3178 me.

197 3203 292 3267 80,
324 3203 412 3256 81.
456 3205 527 3256 Τὸ
554 3202 864 3273 πτωχεῦσαί
903 3219 982 3264 σε,
1010 3203 1178 3270 λέγει,
1211 3203 1302 3254 καὶ
1336 3201 1586 3270 γενέσθαι
1613 3200 1706 3254 ἄν·
1734 3250 1776 3308 C

1882 3209 1972 3277 80,
1999 3211 2084 3265 81.
2142 3211 2438 3281 Pauperem
2480 3214 2654 3280 inquit
2697 3222 2749 3268 ct
2795 3215 3069 3271 hominem
3099 3227 3149 3272 te
3177 3217 3402 3272 factum.

122 3291 352 3360 θρωπον
385 3293 674 3364 ἀνώρθωσέ
708 3313 795 3364 με,
837 3295 928 3346 καὶ
957 3293 1154 3358 διδάξει
1185 3311 1269 3364 με.
1736 3291 1737 3294 “

1197 3312 1269 3346 ιε.
1736 3291 1776 3308 ν
1809 3316 1948 3361 esse.
1979 3303 2214 3357 correxit
2245 3319 2350 3368 me,
2389 3314 2441 3356 et
2469 3305 2682 3358 docebit
2709 3319 2812 3360 me.

198 3386 293 3440 82.
323 3387 653 3450 Ἐπλάτυνας
695 3387 792 3458 τὴν
824 3386 1048 3457 καρδίαν
1086 3404 1209 3456 μου,
1239 3386 1332 3438 τοῦ
1377 3386 1704 3459 πορεύεσθαί

1877 3392 1967 3449 82.
2003 3393 2244 3448 Dilatasti
2295 3409 2390 3449 cor
2439 3411 2639 3462 meum,
2679 3406 2738 3451 ut
2771 3399 3115 3466 procederem
3169 3402 3222 3456 in
3275 3402 3377 3458 viis

124 3482 196 3547 με
233 3481 294 3531 ἐν
331 3484 450 3542 ταῖς
478 3480 614 3541 ὁδοῖς
643 3497 756 3531 σου.
1810 3485 1938 3538 luis.

198 3570 291 3625 33.
332 3573 399 3623 Αἱ
428 3571 752 3641 ἐνθυμήσεις
785 3589 907 3641 μου.

1879 3577 1966 3632 83.
2003 3576 2370 3648 Cogitationes
2398 3595 2551 3634 meae.

198 3665 295 3720 84.
339 3665 721 3735 Περιγένωμαι
755 3665 862 3717 τῶν
895 3664 1166 3735 λογισμῶν
1197 3664 1290 3718 τοῦ
1315 3665 1509 3738 ἐχθροῦ
1544 3668 1600 3718 ἐν
1629 3667 1705 3737 τῷ

1876 3671 1966 3725 84.
2001 3671 2369 3726 Consiliorum
2420 3672 2647 3739 inimici,
2679 3686 2866 3727 eorum
2918 3674 3179 3729 malitiam
3228 3687 3375 3732 ante-

121 3758 338 3824 φθάσαι
377 3777 442 3830 με
473 3760 571 3830 τὴν
601 3759 797 3813 κακίαν
826 3759 1024 3813 αὐτῶν.

793 3779 797 3800 ν
826 3759 1024 3813 αὐτῶν.
1806 3763 2063 3816 vertendo
2091 3763 2264 3816 victor
2295 3779 2408 3818 ero.

193 3851 292 3905 85.
335 3852 445 3905 Καὶ
468 3854 529 3905 οὺ
557 3853 832 3924 παύσομαι
860 3853 964 3917 ἕως
991 3855 1058 3906 ἂν
1090 3854 1396 3907 ἀνιστῶσιν.

1305 3871 1396 3907 τιν.
1877 3853 1965 3908 83.
1997 3851 2107 3908 Nec
2137 3855 2383 3918 cessabo,
2419 3856 2592 3913 donec
2616 3857 2920 3929 insurgunt.

193 3943 291 3997 86.
332 3943 515 4010 Διώξω
546 3945 760 4008 αὐτοὺς,
789 3946 881 3998 καὶ
907 3947 1007 3998 οὐκ
1032 3947 1460 4018 ἀντιστήσονται.

1303 3965 1460 4000 δνται.
1876 3944 1963 3998 86.
1995 3943 2297 4014 Persequar
2325 3962 2438 4008 eos,
2472 3963 2571 4001 nec
2601 3949 2918 4003 consistent.

195 4035 291 4089 87.
319 4035 600 4101 Ὑποτάξω
632 4038 825 4100 αὐτοὺς
860 4037 950 4092 ὑπ’
982 4038 1101 4108 ἐμέ.

1074 4038 1101 4093 Ξ.
1877 4036 1965 4090 87.
2001 4035 2115 4089 Sub
2143 4053 2226 4090 me
2255 4053 2350 4091 eos
2381 4037 2689 4104 subjiciam.

193 4126 292 4180 88.
335 4127 679 4199 Περιέζωσάς
724 4145 790 4199 με
835 4129 932 4199 τὴν
959 4130 1118 4202 χάριν
1145 4130 1237 4184 τοῦ
1265 4131 1418 4199 ἁγίου
1453 4131 1699 4200 Πνεῦμα.

1881 4127 1966 4181 88.
1998 4127 2340 4182 Praacinxisti
2377 4145 2462 4182 me
2493 4130 2667 4199 gratia
2708 4131 2881 4186 sancti
2910 4132 3146 4203 Spiritus
3177 4133 3276 4198 tui,
3314 4143 3373 4188 ut

114 4220 217 4283 τάς
263 4237 366 4299 ,σου
412 4221 468 4272 ἐν
511 4221 646 4291 αὐτῇ
699 4219 1034 4284 ὁπλίζεσθαι,
1075 4223 1166 4275 καὶ
1203 4224 1554 4278 ἀνθίστασθαι
1585 4226 1706 4287 ταῖς

1439 4224 1554 4278 σθαι
1585 4226 1706 4287 ταῖς
1807 4221 1922 4288 ipsa
1957 4230 2203 4276 armatus
2238 4221 2440 4277 diaboli
2474 4222 2689 4279 insidiis
2720 4226 3054 4281 resisterem.

119 4311 442 4380 μεθοδείαις
471 4311 564 4364 τοῦ
596 4312 863 4364 διαϐόλου.

193 4403 561 4467 89.Ἐδωκάς
613 4421 700 4474 μοι
749 4405 994 4468 ἐξουσίαν
1038 4410 1228 4461 πατεῖν
1277 4408 1471 4474 ,ἐπάνω
1530 4407 1705 4476 ὄφεων

1874 4403 1960 4459 89.
2011 4403 2338 4471 Potestatem
2391 4404 2524 4457 mihi
2574 4403 2768 4460 dedisti
2795 4405 3175 4462 deambulandi
3210 4423 3371 4476 super

112 4497 216 4549 καὶ
259 4496 555 4567 σκορπίων,
583 4497 676 4548 καὶ
704 4497 796 4549 ἐπὶ
826 4499 1005 4551 πᾶσαν
1034 4499 1261 4569 δύναμιν
1286 4500 1380 4553 τοῦ
1414 4499 1628 4571 ἐχθροῦ.

1807 4501 2084 4562 serpentes
2130 4502 2185 4546 et
2219 4493 2535 4558 scorpiones
2588 4503 2641 4550 et
2690 4511 2852 4565 super
2877 4511 3093 4552 omnem
3127 4509 3370 4568 potesta.

1733 4602 1776 4656 ι)
1805 4593 1910 4639 tem
1940 4584 2162 4638 inimici.

187 4673 292 4730 90.
311 4674 557 4738 Ἐδωκάς
583 4694 669 4746 μοι
698 4677 892 4742 αὐτοὺς
925 4677 1284 4748 ὑποχειρίους.

981 4677 1284 4748 τοχειρίους.
1877 4673 1964 4726 90.
2002 4671 2109 4728 Eos
2140 4674 2269 4728 mihi
2296 4674 2596 4745 subjecisti.

186 4766 293 4822 9|.
335 4767 472 4829 Τοὺς
501 4766 788 4837 δαίμονας.

686 4785 757 4831 ia;
770 4802 788 4818 .
1876 4766 1963 4818 91.
2001 4764 2301 4821 Daemones.

185 4858 292 4922 92,
321 4859 410 4914 95.
453 4860 608 4912 Κατά
650 4860 710 4912 τὸ
753 4861 1132 4932 γεγραμμένον
1161 4863 1218 4913 ἐν
1251 4862 1600 4933 Εὐαγγελίῳ⁶
1645 4865 1707 4917 Τί

1876 4855 1964 4921 92,
1998 4857 2087 4910 95.
2129 4857 2597 4923 Quemadmodum
2648 4861 2701 4913 in
2762 4860 3053 4931 Evangelio
3109 4864 3367 4933 scriptum

104 4951 274 5019 ἡμῖν
303 4950 400 5003 καὶ
421 4951 540 5013 σοι,
585 4951 797 5018 Ἰησοῦ,
840 4953 931 5007 Υἱὲ
958 4955 1064 5009 τοῦ
1093 4954 1238 5008 Θεοῦ
1267 4953 1372 5006 τοῦ
1401 4957 1704 5023 ὑψίστου;

1805 4956 1888 5001 est
1924 4968 1934 5000 :
1968 4946 2105 5012 Quid
2134 4948 2301 5011 nobis,
2325 4958 2373 5002 et
2403 4949 2518 5013 tibi,
2543 4948 2673 5003 Iesu
2716 4948 2824 5004 Fili
2856 4950 2951 5005 Dei
2973 4953 3260 5008 altissimi!
3286 4972 3367 5008 ve—

103 5041 312 5112 ἧλθες
338 5043 451 5111 πρὸ
480 5044 685 5111 καιροῦ
717 5043 1046 5098 ἀπολέσθαι
1077 5045 1250 5113 ἡμᾶς.

1140 5045 1250 5110 ιιῑς,
1807 5039 1933 5091 nisti
1959 5051 2080 5093 ante
2110 5050 2308 5109 tempus
2337 5041 2550 5110 perdere
2579 5058 2669 5095 nos
2689 5043 2755 5096 ⁸⁸.

183 5135 294 5189 94.
318 5134 509 5187 Ἠνίκα
542 5136 840 5206 ἐμφυσήσω
865 5137 1043 5200 αὐτοῖς
1076 5137 1295 5205 ἀφανεῖς
1325 5138 1662 5207 γενήσονται.

1575 5155 1662 5191 ται,
1872 5130 1961 5183 94.
1996 5131 2132 5185 Cum
2164 5141 2350 5186 contra
2388 5149 2482 5188 eos
2522 5133 2807 5188 insufﬂabo
2835 5134 3190 5204 disperibunt.

177 5229 283 5283 95.
314 5227 609 5296 Ἐξαλείψω
638 5229 830 5291 αὐτοὺς
863 5230 926 5281 ἐκ
957 5229 1052 5299 τῆς
1081 5228 1303 5297 καρδίας
1339 5246 1461 5300 μου.

1189 5228 1303 5290 δίας
1339 5246 1461 5300 μου,
1871 5218 1960 5273 95.
1999 5220 2073 5274 Ex
2106 5223 2267 5276 corde
2290 5237 2412 5276 meo
2437 5222 2664 5277 abolebo
2689 5239 2804 5278 eos.

174 5320 284 5374 96.
316 5318 504 5372 Ῥῠσαί
540 5336 605 5388 με
651 5321 715 5374 ἐκ
744 5319 852 5373 τῶν
883 5320 1446 5392 ἀντιστρατευομένων
1492 5321 1548 5371 ἐν
1591 5322 1701 5384 τοῖς

1869 5309 1955 5364 96.
1997 5311 2157 5381 Eripe
2205 5329 2292 5368 me
2335 5331 2402 5369 ex
2445 5315 2834 5385 voluptatibus,
2861 5333 2982 5387 qua:
3016 5319 3068 5372 in
3104 5321 3363 5377 membris

103 5411 350 5482 μέλεσίν
380 5426 479 5479 μου
513 5410 731 5481 ἡδονῶν.

1802 5402 1935 5455 meis
1968 5405 2199 5458 militant
2228 5417 2415 5460 contra
2449 5423 2555 5463 me.

170 5504 276 5557 97.
329 5502 757 5572 Κατακυριεύειν
786 5521 852 5573 με
879 5503 987 5555 τῶν
1011 5503 1238 5558 ἐθνικῶν
1265 5503 1534 5573 πράξεων.

1871 5491 1960 5548 97.
1992 5495 2071 5548 Ad
2099 5495 2487 5551 dominandum
2517 5499 2826 5554 actionibus
2852 5501 3185 5570 gentilitatis.

171 5595 276 5650 98.
312 5593 400 5647 99.
441 5593 512 5645 Πε
523 5593 577 5663 pi.
605 5592 698 5645 τοῦ
721 5593 1070 5664 κηρύγματος
1097 5593 1202 5647 τῶν
1224 5593 1390 5647 ἐθνῶν
1412 5593 1575 5662 λέγει,
1601 5601 1695 5646 καὶ

1871 5587 1960 5653 98,
1985 5590 2074 5645 99.
2107 5590 2179 5644 De
2207 5593 2609 5660 praedicatione,
2644 5611 2765 5664 qua:
2791 5597 3039 5666 gentibus
3093 5596 3234 5654 facta
3282 5609 3362 5654 cst

94 5686 203 5751 τῆς
238 5682 499 5749 ὑπακοῆς
529 5681 728 5736 αὐτῶν.

1806 5676 2066 5746 loquitur,
2104 5689 2157 5736 et
2183 5681 2248 5736 de
2272 5696 2456 5737 earum
2485 5684 2814 5743 obedientia.

168 5797 226 5830 ’⁸
269 5793 469 5849 Matth.
495 5811 613 5860 vm,
645 5794 733 5849 29.
