4068 6318
98 335 209 390 71⁸5
977 329 1065 385 DE
1104 326 1380 385 TITULIS
1414 323 1862 382 PSALMORUM.
1903 353 1971 362 —
2004 319 2202 376 PSAL.
2245 314 2429 373 XVIII.
3243 316 3350 374 716

170 445 229 502 6.
275 445 367 508 Είς
400 445 578 497 πᾶσαν
609 445 708 514 τὴν
734 443 836 513 γῆν
863 443 1084 512 ἐξῆλθεν
1111 445 1139 495 6
1159 441 1392 511 φθόγγος
1429 439 1605 492 αὐτῶν
1625 453 1639 467 ·
1709 447 1753 502 Α

1559 439 1639 491 ὃν·
1709 447 1753 502 Α
1851 437 1902 492 6.
1962 436 2018 490 in
2046 450 2260 490 omnem
2290 443 2490 489 terram
2522 431 2693 486 exivit
2727 446 2896 489 sonus
2933 447 3165 489 eorum:

171 537 226 591 7.
273 536 382 589 Καὶ
412 537 490 599 είς
522 534 587 587 τὰ
638 535 849 606 πέρατα
893 534 991 604 τῆς
1023 532 1342 605 οἰκουμένης
1373 533 1440 586 τὰ
1464 533 1682 603 ῥήματα

1505 533 1682 603 ήματα
1849 529 1900 582 7.
1963 529 2029 584 Et
2061 529 2114 583 in
2146 527 2280 582 ﬁnes
2313 526 2464 583 orbis
2500 537 2656 584 terrae
2701 527 2865 581 verba
2897 540 3111 582 eorum.

94 629 312 683 αὐτῶν.

168 721 225 773 8.
287 721 376 773 Ἐν
407 719 481 790 τῷ
507 720 642 791 ἡλίῳ
667 719 816 772 ἔθετο
848 721 908 772 τὸ
938 718 1200 789 σκήνωμα
1231 718 1393 768 αυτοῦ
1414 729 1429 744 ο

1858 701 1910 757 8.
1951 701 2007 756 ln
2036 702 2150 758 sole
2185 703 2371 772 posuit
2411 700 2822 755 tabernaculum
2855 716 3014 756 suum
3050 721 3061 755 :

171 816 227 868 9.
275 815 388 867 Καὶ
436 814 592 876 αὐτὸς
641 813 716 876 ὡς
758 813 986 883 νυμφίος
1022 811 1448 880 ἐκπορευόμενος
1481 809 1545 861 ἐκ
1579 825 1684 861 πα-

1856 795 1909 849 9.
1959 793 2024 848 Ει
2062 795 2178 865 ipse
2221 806 2481 864 tanquam
2526 806 2762 863 sponsus
2804 792 3103 863 procedens
3135 792 3200 848 de
3229 793 3351 848 tha-

97 905 234 957 στοῦ
263 906 454 965 αὐτου,
1785 887 1933 941 lamo
1973 901 2074 942 suo
2094 926 2108 950 ,

176 995 269 1051 10.
329 994 734 1063 ’Δγαλλιάσεται
763 994 838 1057 ὡς
864 993 1024 1062 γίγας
1049 993 1274 1064 δραμεῖν
1303 991 1418 1043 ὁδὸν
1447 988 1611 1045 αὑτοῦ
1631 1006 1646 1020 ο

1857 981 1943 1034 10.
2024 979 2328 1036 Exsultat-it
2382 991 2440 1036 ut
2499 979 2652 1052 gigas
2707 979 2775 1034 ad
2828 979 3152 1034 currendam
3205 979 3348 1034 viam

1787 1087 1942 1126 suam
1977 1090 1989 1124 ζ

170 1159 264 1212 11.
324 1157 440 1210 Ἀπ’
475 1157 640 1226 ἄκρου
673 1154 765 1209 τοῦ
792 1155 1077 1226 οὐρανοῦὴ
1121 1153 1298 1218 ἔξοδος
1333 1153 1521 1216 αὑτοῦ,

1261 1172 1298 1218 ις
1333 1153 1521 1216 αὑτοῦ,
1856 1164 1939 1219 11.
1974 1164 2017 1216 Α
2047 1179 2260 1218 summo
2292 1167 2430 1218 coelo
2463 1164 2701 1233 egressio
2731 1161 2867 1232 ejus,

175 1249 265 1302 12.
310 1249 416 1302 Καὶ
428 1249 485 1301 τὸ
502 1247 817 1316 κατάντημα
837 1247 999 1298 αὐτοῦ
1016 1246 1118 1310 ἕως
1134 1247 1302 1316 ἄκρου
1324 1244 1416 1297 τοῦ
1434 1241 1679 1315 οὐρανοῦ·

1670 1260 1679 1272 ’
1857 1257 1922 1310 ιςι
1954 1255 2019 1309 Ει
2043 1272 2303 1310 occursus
2329 1256 2447 1325 ejus
2481 1271 2656 1326 usque
2685 1257 2752 1310 ad
2783 1271 3056 1312 summum
3099 1257 3222 1313 cali
3265 1275 3276 1310 :

172 1342 265 1395 13.
313 1343 421 1394 Καὶ
463 1341 563 1394 οὐκ
603 1340 745 1392 ἐστιν
788 1339 843 1403 ὃς
877 1338 1318 1410 ἁποκρυδήσεται
1342 1337 1438 1407 τῆς
1477 1336 1685 1407 Θέρμης

1542 1352 1685 1407 ρμης
1859 1346 1945 1401 15.
1977 1345 2083 1400 Nec
2107 1357 2188 1400 est
2212 1345 2304 1416 qui
2329 1362 2386 1399 se
2409 1345 2710 1402 abscondat
2736 1363 2766 1402 a
2789 1349 2972 1403 calore
2998 1347 3140 1418 ejus.

97 1451 298 1486 αυτου.

178 1525 270 1580 14.
327 1527 382 1579 '0
400 1525 557 1593 νόμος
577 1522 779 1592 Κυρίου
804 1520 1050 1592 ἄμωμος,
1077 1520 1417 1591 ἐπιστρέφων
1437 1519 1612 1590 ψυχάς
1631 1536 1643 1548 ·

1852 1524 1936 1578 14.
1973 1522 2077 1577 Lex
2107 1522 2321 1576 Domini
2353 1522 2726 1592 immaculata,
2752 1532 3075 1578 convertens
3097 1523 3308 1579 animas
3334 1541 3347 1579 :

176 1620 267 1673 15.
327 1621 389 1673 Ἡ
433 1618 702 1688 μαρτυρία
746 1616 948 1688 Κυρίου
1007 1615 1205 1686 πιστὴ,
1256 1614 1550 1683 σοφίζουσα
1591 1615 1686 1684 νή-

1859 1618 1946 1671 15.
2023 1616 2421 1670 Testimonium
2477 1615 2693 1671 Domini
2764 1617 2958 1684 tidelc,
3028 1617 3348 1687 sapientiam

99 1730 233 1766 πια.

1785 1715 2048 1779 ρι’σιειιιηε
2079 1706 2341 1774 parvulis.

177 1805 269 1857 16.
317 1802 394 1854 Τὰ.
441 1801 779 1872 δικαιώματα
827 1798 1030 1870 Κυρίου
1082 1797 1285 1862 εὐθέα,
1329 1797 1685 1869 εὐφραίνοντα
1714 1806 1760 1866 Β

1741 1808 1760 1864 ι
1855 1798 1942 1852 16.
1999 1797 2229 1851 iustitia:
2276 1795 2490 1850 Domini
2529 1805 2714 1860 rectae,
2756 1796 3094 1852 laetiticantes
3137 1795 3347 1851 corda:

100 1896 338 1966 καρδίαν
371 1911 384 1925 °

179 1985 271 2040 17.
326 1984 387 2037 Ἠ
411 1983 592 2050 ἐντολὴ
614 1983 815 2053 Κυρίου
841 1981 1134 2052 τηλαυγὴς,
1155 1980 1458 2050 φωτίζουσα
1483 1977 1682 2048 ὀφθαλ-

1862 1978 1947 2031 17.
1981 1979 2310 2050 Ριέοεριυηι
2343 1977 2558 2035 Domini
2583 1979 2846 2044 lucidum,
2871 1979 3187 2036 illuminans
3216 1996 3349 2036 ocu-

104 2077 266 2148 μούς.
1790 2070 1891 2125 los.

178 2169 267 2224 18.
299 2169 355 2222 '0
394 2167 552 2237 φόϐος
587 2164 788 2235 Κυρίου
823 2166 984 2234 ἁγνὸς
1006 2203 1021 2229 ,
1070 2162 1335 2233 διαμένων
1389 2163 1467 2224 είς
1514 2160 1684 2214 αἰῶνα

1860 2162 1946 2216 18.
1989 2161 2174 2215 Timor
2207 2161 2417 2216 Domini
2445 2172 2685 2227 sanctus,
2719 2178 3047 2234 permanens
3083 2165 3140 2218 in
3171 2177 3345 2220 saecu-

103 2263 155 2312 σέ
167 2259 306 2322 ὧνος
323 2277 335 2290 ·

1787 2253 1898 2308 lum
1937 2253 2121 2309 saeculi
2152 2267 2166 2306 :

181 2351 270 2404 19.
313 2350 390 2403 Τὰ
417 2349 658 2421 κρίματα
683 2348 882 2420 Κυρίου
910 2345 1159 2417 ἀληθινὰ,
1183 2344 1572 2415 δεδικαιωμένα
1596 2347 1685 2397 ἐπὶ

1863 2344 1949 2400 19.
2005 2342 2219 2398 Judicia
2266 2343 2482 2398 Domini
2525 2359 2677 2408 vera,
2713 2343 3012 2415 justiticata
3049 2344 3103 2398 in
3149 2356 3349 2401 semet-

105 2443 168 2495 τδ
201 2442 367 2496 αὺτὸ-

355 2459 367 2471 ·
1787 2437 1905 2508 ipsa
1941 2453 1955 2490 :

179 2532 271 2585 20.
303 2532 638 2603 Ἑπιθυμητὰ
669 2532 806 2602 ὑπὲρ
840 2530 1061 2603 χρυσίον
1097 2530 1188 2583 καὶ
1217 2528 1361 2582 λίθον
1389 2528 1565 2598 τίμιον
1588 2545 1682 2580 πο-

1861 2527 1951 2581 20.
1986 2527 2374 2582 Desiderabilia
2413 2541 2576 2598 super
2611 2540 2831 2593 aurum,
2874 2537 2927 2582 et
2968 2526 3200 2598 lapidem
3228 2543 3350 2599 pre-

109 2622 246 2675 λύν·

1790 2619 1989 2673 tiosum
2019 2617 2248 2670 multum
2282 2632 2296 2670 :

183 2715 274 2770 2L
319 2717 426 2769 Καὶ
455 2715 764 2786 γλυκύτερα
803 2715 942 2788 ὑπὲρ
971 2714 1090 2786 μέλι
1125 2711 1219 2764 καὶ
1251 2711 1459 2781 κηρίον.

1365 2711 1459 2764 ίον.
1856 2709 1945 2764 21.
1978 2708 2047 2762 Ει
2074 2709 2313 2764 dulciora
2353 2724 2514 2779 super
2550 2710 2657 2764 mel
2688 2720 2741 2767 et
2765 2710 2970 2767 favum.

184 2811 272 2865 9.2.
317 2813 424 2864 Καὶ
451 2813 556 2883 γὰρ
580 2814 608 2865 6
635 2811 814 2874 δοῦλός
849 2827 940 2862 σου
970 2808 1228 2879 φυλάσσει
1268 2807 1406 2860 αὑτά

1405 2849 1406 2855 η
1858 2803 1949 2858 22.
2002 2801 2218 2858 Etenim
2251 2817 2442 2858 servus
2477 2813 2603 2859 tuus
2636 2805 2873 2860 custodit
2906 2819 2969 2860 ea
2998 2825 3011 2860 :

1237 2985 1614 3042 ATHANASII
1656 2985 2236 3044 INTERPRETATIO.

185 3171 238 3225 6.
280 3170 374 3232 Είς
420 3168 525 3222 πᾶν
565 3167 712 3231 ἔθνος
749 3167 841 3220 καὶ
881 3166 1037 3236 γένος
1069 3166 1277 3237 διεδόθη
1307 3168 1339 3237 ἡ
1372 3165 1689 3220 διδασκαλία
1716 3174 1756 3229 C

1746 3174 1756 3226 :
1863 3167 1913 3220 6.
1973 3165 2029 3220 In
2064 3181 2254 3220 omnes
2280 3175 2487 3237 gentes,
2517 3182 2579 3221 ac
2607 3168 2856 3225 nationes
2889 3185 3079 3228 eorum
3113 3172 3352 3230 doctrina

114 3263 318 3318 αὐτῶν.

1790 3259 2147 3314 disseminata
2179 3267 2280 3314 est.

187 3355 238 3410 7.
281 3354 393 3408 Καὶ
441 3353 697 3423 περιῆλθε
742 3353 810 3407 τὰ
862 3353 1081 3424 ῥήματα
1143 3349 1340 3415 αὐτῶν,
1373 3349 1495 3403 ἔνθα
1542 3351 1686 3404 ἐστὶν

1862 3351 1911 3404 7.
1972 3350 2036 3405 Et
2067 3351 2230 3404 verba
2275 3365 2462 3404 eorum
2500 3362 2863 3420 pervenerunt
2915 3355 3223 3429 ubicunque
3249 3369 3354 3414 ter-

114 3450 401 3520 ἇνθρωπος
437 3447 527 3499 ἐπὶ
557 3447 656 3516 τῆς
691 3447 810 3515 γῆς.

1787 3461 1969 3499 rarum
2004 3445 2250 3499 homines
2294 3455 2439 3500 sunt.

189 3539 240 3594 8.
270 3540 357 3591 Ἐν
387 3537 464 3606 τῷ
488 3536 599 3605 Υἱῷ
628 3535 778 3587 ἔθετο
803 3535 929 3599 τοὺς
954 3535 1195 3598 πιστούς.

1048 3535 1195 3598 τούς.
1856 3539 1908 3594 8.
1946 3537 2160 3594 Fideles
2197 3540 2252 3592 in
2280 3537 2418 3594 Filio
2450 3539 2654 3610 posuit.

186 3635 238 3689 9.
265 3634 322 3686 '0
353 3631 512 3696 αὐτὸς
544 3631 745 3703 Κύριος
773 3632 838 3684 ὲκ
865 3628 958 3681 τοῦ
988 3625 1214 3697 οὐρανοῦ
1244 3627 1551 3698 ἐρχόμενος.

1297 3627 1551 3696 ›χόμενος.
1856 3630 1908 3684 9.
1955 3629 2071 3700 Ipse
2103 3630 2367 3685 Dominus
2417 3646 2446 3684 c
2487 3631 2627 3684 caelo
2663 3631 2903 3686 veniens.

192 3723 277 3777 10.
317 3725 427 3794 Τὴν
461 3723 757 3796 παρουσίαν
783 3720 943 3776 αὑτοῦ
973 3719 1246 3791 σημαίνει.

1234 3760 1246 3774 .
1870 3721 1955 3775 10.
1997 3722 2299 3776 Adventum
2335 3737 2496 3774 suum
2545 3721 2833 3790 signiﬁcat.

190 3817 422 3871 1ι.”()τε
454 3816 660 3869 ἔκλινεν
684 3816 963 3886 οὐρανοὺς,
995 3814 1089 3866 καὶ
1122 3813 1346 3883 κατέϐη.

1865 3817 1947 3868 11.
1982 3815 2211 3880 Quando
2247 3813 2528 3868 inclinavit
2567 3814 2755 3878 cwlos,
2789 3825 2844 3870 et
2867 3816 3162 3876 descendit.

192 3910 278 3963 i2.
320 3909 429 3980 Τὴν
463 3909 642 3961 ἄνοδον
673 3906 838 3960 αὐτοῦ
871 3905 1037 3974 λέγει.

1865 3910 1950 3963 12.
2002 3909 2391 3964 Ascensionem
2427 3925 2582 3965 suam
2622 3909 2911 3980 signiﬁcat.

192 4001 277 4056 15.
317 4000 429 4069 Τὴν
464 4000 645 4053 πίστιν
681 3998 865 4052 αὑτοῦ.

712 3998 865 4052 ὺτοῦ.
1864 4000 1948 4054 15.
1985 4001 2028 4052 Α
2061 3999 2164 4056 ﬁde
2198 4017 2318 4056 sua.

195 4091 276 4144 14.
303 4089 362 4143 Ὀ
405 4089 531 4150 Υἱὸς
563 4088 654 4142 τοῦ
698 4087 832 4141 Θεοῦ
878 4087 1281 4158 ἀναμάρτητος,
1311 4086 1385 4149 ὼς
1414 4085 1545 4149 Θεὸς
1574 4085 1690 4137 ἐπι-

1861 4091 1946 4144 14.
2003 4091 2172 4146 Filius
2205 4091 2297 4146 Dei
2327 4090 2714 4160 impeccabilis,
2761 4100 2820 4143 ut
2849 4091 2990 4146 Deus
3032 4100 3355 4148 convertens

124 4183 370 4254 στρέφων
400 4183 464 4235 ἐκ
496 4182 718 4245 σκότους
749 4181 847 4245 τὰς
876 4179 1050 4250 ψυχὰς
1076 4179 1181 4233 τῶν
1211 4178 1507 4250 ἀνθρώπων
1534 4180 1610 4241 είς
1629 4177 1689 4230 τὸ

1788 4200 1816 4238 a
1851 4183 2087 4238 tenebris
2126 4183 2338 4237 animas
2375 4181 2656 4235 hominum
2700 4181 2750 4235 in
2783 4182 3161 4238 admirabilem
3202 4201 3352 4241 suam

123 4275 238 4345 φῶς
271 4274 433 4328 αὐτοῦ
468 4274 528 4327 τὸ
556 4273 884 4342 θαυμαστόν.

380 4274 433 4327 οὗ
468 4274 528 4327 τὸ
556 4273 884 4342 θαυμαστόν.
1789 4277 1986 4330 lucem.

197 4371 281 4424 15.
302 4370 428 4421 Ὅτε
452 4366 828 4437 ἐμαρτύρησεν
859 4365 915 4416 ὲν
945 4362 1022 4432 τῷ
1052 4362 1165 4432 ὄρει
1186 4363 1212 4412 6
1237 4361 1426 4430 Πατὴρ
1450 4361 1576 4430 περὶ
1601 4359 1688 4412 τοῦ

1863 4368 1948 4422 15.
2011 4365 2237 4431 Quando
2264 4363 2422 4419 Pater
2455 4366 2506 4418 in
2550 4376 2731 4420 monte
2769 4366 3144 4421 testimonium
3177 4369 3355 4437 perhi-

125 4459 252 4512 Υίοῦ
291 4458 478 4522 αὑτοῦ,
513 4459 595 4510 ὅτι
630 4455 790 4520 αὐτὸς
823 4457 968 4508 ἐστιν
992 4455 1020 4505 6
1048 4451 1336 4523 μονογενὴς
1360 4450 1522 4503 αὑτοῦ
1538 4451 1687 4518 Υἱὸς,
1722 4521 1731 4528 ι

1748 4525 1753 4528 μ
1787 4461 1906 4516 buit
1948 4459 2014 4512 de
2042 4457 2178 4512 Filio
2211 4473 2332 4522 suo,
2366 4457 2509 4528 quod
2557 4457 2671 4528 ipse
2709 4467 2793 4513 est
2843 4457 3014 4514 Filius
3059 4475 3195 4516 suus
3233 4461 3354 4516 uni-

125 4552 218 4605 καὶ
245 4547 579 4602 ἐπιστώσατο
608 4548 732 4611 τοὺς
768 4545 1012 4618 μαθητὰς
1047 4542 1231 4596 αὐτοῦ.
1720 4521 1731 4576 Ῑ

1720 4521 1762 4576 D
1795 4552 2025 4622 genitus,
2051 4559 2106 4604 et
2139 4521 2432 4621 discipulos
2468 4521 2592 4618 ejus
2626 4551 2678 4604 in
2713 4549 2815 4606 ﬁde
2849 4552 3212 4608 confirmavit.

202 4641 282 4695 16.
328 4641 406 4694 Τὰ
441 4638 797 4708 δικαιώματα
828 4637 1045 4705 Κυρίου
1066 4635 1214 4687 οὐδὲν
1241 4633 1450 4703 ἔχουσιν
1481 4633 1689 4695 ἑαυτοῖς

1870 4636 1953 4688 16.
2015 4633 2253 4689 Iustitia
2303 4635 2516 4688 Domini
2563 4634 2697 4688 nihil
2760 4651 3102 4705 perversum
3136 4637 3355 4705 habent,

129 4732 336 4787 σκολιὸν
360 4732 481 4785 οὐδὲ
508 4750 566 4784 στ
578 4728 960 4801 ραγγαλιῶδες,
991 4725 1126 4778 ἀλλὰ
1155 4724 1329 4777 πάντα
1359 4723 1511 4795 ὀρθά.

1207 4724 1329 4777 ivra
1359 4723 1511 4795 ὀρθά.
1799 4729 1933 4784 nihil
1960 4727 2271 4789 distortum,
2305 4727 2397 4780 sed
2432 4728 2614 4781 omnia
2649 4736 2813 4782 recta.

204 4830 284 4882 17,
312 4829 373 4880 Ἡ
420 4827 604 4895 ἐντολὴ
638 4824 839 4896 Κυρίου
890 4820 1120 4892 καθαρὰ,
1157 4818 1379 4888 ἰωμένη,
1421 4819 1512 4870 καὶ
1559 4816 1693 4886 λαμ-

1873 4819 1958 4876 17.
2010 4819 2211 4874 Purum
2243 4827 2325 4873 est
2358 4819 2672 4874 mandatum
2702 4818 2915 4873 Domini
2950 4834 3171 4882 sanans,
3202 4828 3254 4873 et
3294 4820 3353 4873 il-

131 4923 404 4993 πρύνουσα
435 4919 560 4981 τοὺς
583 4917 891 4986 ὀφθαλμοὺς
918 4914 1023 4966 τῶν
1051 4911 1228 4981 καρδν(
1247 4928 1306 4962 ιν.

876 4933 891 4978 ;
918 4914 1023 4966 τῶν
1051 4911 1228 4981 καρδνι
1247 4928 1306 4962 ιν.
1799 4913 2037 4967 lustrans
2063 4911 2250 4966 oculos
2281 4912 2482 4966 cordis.

206 5012 286 5066 18.
306 5010 473 5063 Ἔνθα
506 5010 535 5062 6
562 5007 721 5078 φόϐος
753 5006 977 5076 Κυρίου,
1006 5003 1166 5071 ἁγνὸς
1201 5003 1403 5062 ἐκεῖνος
1429 5001 1456 5051 6
1487 4997 1692 5068 ἄνθρω-

1872 5006 1957 5060 18.
2016 5003 2117 5060 Ubi
2166 5013 2250 5058 est
2303 5005 2466 5058 timor
2499 5003 2732 5070 Domini,
2769 5017 2938 5074 purus
2980 5012 3162 5058 manet
3194 5003 3355 5060 homo

132 5120 230 5165 πος
261 5099 499 5171 διαμένει
525 5099 618 5150 καὶ
642 5098 700 5148 ἐν
725 5095 800 5164 τῷ
820 5094 913 5147 νῦν
944 5095 1036 5147 καί
1064 5094 1121 5144 ὲν
1141 5091 1218 5161 τῷ
1246 5090 1490 5162 μέλλοντι
1514 5088 1687 5141 αίῶνι·
1797 5099 1904 5162 ille,
1931 5104 1986 5151 et
2011 5097 2064 5150 in
2092 5095 2344 5165 praesenti
2373 5105 2426 5150 et
2457 5095 2511 5149 in
2545 5094 2730 5151 futuro
2754 5097 2971 5152 saeculo.

205 5193 286 5248 19.
326 5193 406 5244 Τὰ
435 5189 775 5258 θεσπίσματα
807 5185 901 5238 τοῦ
935 5183 1138 5256 Κυρίου
1169 5181 1369 5251 ἀψευδῆ
1407 5197 1690 5252 μεμαρτυ-

1869 5187 1954 5240 19.
2008 5185 2238 5240 Oracula
2266 5183 2478 5238 Domini
2512 5185 2630 5240 sine
2661 5185 2943 5239 mendacio
2969 5193 3022 5238 et
3049 5184 3354 5246 testiﬁcata,

138 5286 360 5358 ρημὲνα,
390 5286 470 5337 ὅτι
517 5281 646 5337 αὐτὸ
689 5279 844 5333 τοῦτό
887 5280 1034 5332 ἔστιν
1064 5276 1092 5328 ὃ
1124 5274 1364 5343 λέγουσι,
1417 5274 1510 5326 καὶ
1544 5274 1693 5327 οὐδὲν

1793 5277 1938 5348 quod
1968 5279 2070 5332 hoc
2106 5277 2282 5345 ipsum
2308 5285 2411 5336 est.
2441 5276 2587 5346 quod
2613 5277 2917 5344 enuntiant,
2948 5285 3005 5330 et
3025 5275 3158 5330 nihil
3188 5276 3353 5338 aliud,

136 5380 345 5449 ἕτερον·
380 5376 486 5429 εἴτε
515 5375 640 5446 περὶ
672 5375 770 5444 τῆς
802 5369 1240 5442 μισθαποδοσίας,
1273 5369 1381 5421 εἴτε
1420 5369 1546 5437 περὶ
1577 5368 1697 5440 κρίο

1793 5371 1907 5426 sive
1956 5370 2023 5424 de
2050 5368 2314 5422 mercedis
2340 5369 2718 5432 retributione,
2771 5375 2883 5424 sive
2921 5368 2987 5424 de
3030 5368 3236 5439 judicio
3292 5371 3351 5421 Io

138 5488 269 5534 σεως
295 5467 622 5540 διηγοῦνται.

449 5467 622 5522 ὖνται.
1796 5473 2054 5532 quantur.

204 5562 288 5617 20.
331 5563 452 5623 Τοῖς
477 5559 790 5630 ἐκζητοῦσιν
817 5556 1005 5611 ταῦτα.

983 5596 1005 5609 χ.
1870 5549 1957 5601 20.
2010 5546 2429 5616 Exquircntibus
2458 5548 2589 5602 hac.

205 5653 287 5708 21.
327 5653 448 5715 Τοῖς
476 5650 744 5704 συνιοῦσιν
777 5649 932 5704 αὑτά.

1873 5641 1965 5695 21.
2025 5637 2455 5709 lntelligentibus
2489 5640 2629 5708 ipsa.

205 5745 288 5800 22.
315 5746 372 5799 Ὀ
399 5743 580 5806 δοῦλός
614 5759 705 5795 σου
737 5741 992 5812 ὑπάρχων
1023 5739 1280 5809 φυλάσσει
1313 5736 1471 5792 αὐτά.

1406 5736 1471 5792 πά.
1874 5732 1964 5785 22.
2020 5731 2122 5796 Qui
2159 5745 2348 5785 servus
2379 5738 2505 5787 tuus
2535 5741 2634 5800 csl,
2667 5731 2896 5787 custodit
2931 5746 3012 5785 ea.

369 5863 643 5922 PATROL.
698 5859 814 5920 Gn.
877 5859 1135 5918 XXV”.
2962 5846 3040 5906 23
