4068 6318
694 335 795 385 715
1514 328 1569 381 S.
1610 326 1981 382 ATHANASH
2020 325 2166 381 OPP.
2209 326 2391 380 PARS
2431 326 2517 382 lll.
2558 356 2626 368 —-
2661 324 3077 381 EXEGETICA.
3831 324 3947 379 716

758 455 849 511 25.
901 453 959 509 1η
991 450 1358 509 custodiendis
1387 450 1496 505 illis
1519 451 1810 506 retributio
1839 450 2030 504 multa.
2272 456 2317 512 Α

2272 456 2317 512 Α
2411 449 2499 505 25.
2530 450 2615 502 Ἐν
2638 448 2715 519 τῷ
2738 448 3028 517 φυλάσσειν
3057 447 3194 502 αὐτὰ
3221 446 3566 509 ἀνταπόδοσις
3596 445 3810 517 πολλή.

754 547 847 602 24.
888 544 1091 599 Delicta
1136 544 1258 614 quis
1292 541 1583 612 intelligit?

2417 542 2507 595 24.
2548 542 2970 612 Παραπτώματα
2998 541 3079 604 τίς
3113 543 3362 611 συνήσει;

751 640 847 693 25.
884 637 965 692 Ab
990 636 1219 692 occultis
1248 636 1384 691 meis
1408 634 1612 689 munda
1643 649 1730 689 me
1757 652 1770 688 :

2417 632 2508 686 25.
2537 633 2630 683 Ἐκ
2659 631 2767 682 τῶν
2800 630 3042 699 κρυφίων
3072 647 3170 699 μου
3205 628 3495 699 καθαρισόν
3530 646 3592 697 με
3612 646 3625 660 ·

757 730 843 782 26.
882 729 947 782 Et
975 730 1043 782 ab
1072 726 1264 783 alienis
1297 742 1456 797 parce
1497 740 1658 780 servo
1688 734 1802 779 tuo.

2418 724 2507 779 26.
2548 724 2657 776 Kal.
2686 724 2791 775 ἀπὸ
2820 722 3109 792 ἀλλοτρίων
3139 725 3318 789 φεῖσαι
3346 721 3435 773 τοῦ
3473 721 3652 774 δούλου
3688 738 3824 777 σου.

758 820 847 873 27.
886 817 942 871 Si
981 816 1087 871 mei
1116 831 1225 872 non
1261 814 1461 870 fuerint
1488 815 1774 882 dominati,
1808 822 1939 868 tunc
1986 812 2252 868 immacu-

2421 816 2511 871 27.
2538 816 2658 868 Ἐὰν
2689 816 2760 886 μή
2789 833 2887 885 μου
2915 814 3394 884 κατακυριεύσωσι,
3413 814 3531 866 τότε
3552 814 3796 885 ἄμωμος
3824 814 3927 867 ἔσο

694 912 833 962 latus
862 924 955 964 ero
987 906 1015 962 :‘
2356 926 2451 980 μαι

759 1002 847 1055 28.
885 1000 952 1054 Et
984 1000 1322 1056 emundabor
1360 1016 1390 1054 a
1427 999 1627 1055 delicto
1658 999 1919 1052 maximo.

2421 1001 2511 1055 28.
2550 1001 2658 1052 Kal.
2687 999 3155 1070 καθαρισθήσομαι
3185 998 3288 1050 ἀπὸ
3320 998 3587 1068 ἁμαρτίας
3616 997 3908 1067 μεγάλης.

761 1093 851 1147 29.
895 1092 960 1148 Et
988 1102 1148 1147 erunt
1187 1101 1248 1146 ut
1278 1092 1649 1163 eomplaceant
1693 1092 1908 1162 eloquia
1954 1091 2068 1146 oris
2100 1090 2206 1144 mei
2238 1107 2251 1143 :

2424 1094 2513 1147 29.
2556 1092 2664 1145 Kal.
2696 1092 2905 1145 ἔσονται
2932 1093 3009 1154 εἰς
3039 1091 3281 1144 εὐδοκίαν
3311 1090 3377 1142 τὰ
3400 1091 3552 1159 λόγια
3582 1089 3677 1141 τοῦ
3715 1091 3947 1159 στόμα-

2355 1185 2445 1248 τός
2476 1202 2572 1253 μου

769 1276 857 1331 30.
925 1274 990 1329 Et
1021 1274 1301 1330 meditatio
1349 1274 1531 1330 cordis
1578 1274 1685 1330 mei
1739 1275 1791 1329 in
1837 1286 2129 1346 conspectu
2163 1285 2256 1333 tuo

2426 1276 2512 1329 50.
2553 1274 2661 1328 Kal.
2705 1276 2737 1345 ἠ
2788 1273 2982 1345 μελέτη
3028 1275 3125 1343 τῆς
3167 1273 3389 1345 καρδίας
3433 1291 3531 1343 μου
3560 1273 3805 1327 ἐνώπιόν
3848 1289 3945 1325 στου

696 1383 927 1438 semper.

2357 1369 2661 1431 διαπαντός.

764 1463 856 1516 51.
912 1460 1139 1515 Domine
1170 1459 1386 1531 adjutor
1412 1476 1587 1525 meus,
1626 1469 1681 1515 et
1711 1461 2021 1531 redemptor
2078 1479 2254 1517 meus.

2078 1479 2254 1517 meus.
2424 1465 2511 1519 5|.
2556 1464 2725 1536 Κύριε
2762 1462 2917 1533 βοηθέ
2954 1480 3074 1533 μου,
3109 1464 3202 1517 καὶ
3232 1463 3479 1534 λυτρωτά
3517 1479 3634 1532 μου.

858 1597 925 1652 1η
951 1598 1127 1667 finem,
1177 1596 1409 1666 psalmus
1448 1596 1640 1651 David.
1680 1595 1889 1651 PSAL.
1938 1596 2096 1651 XIX.
2460 1644 2464 1651 .

2460 1602 2563 1664 Εἰς
2594 1598 2657 1652 τὸ
2692 1599 2881 1664 τέλος,
2911 1597 3149 1668 ψαλμὸς
3170 1594 3250 1662 τῷ
3280 1597 3471 1650 Δαϐίδ.
3503 1599 3673 1650 ΨΑΛ.
3702 1596 3828 1650 ΙΘν.

764 1735 823 1786 1.
862 1730 1127 1785 Exaudiat
1167 1739 1216 1785 te
1250 1730 1512 1783 Dominus
1556 1729 1727 1783 indie
1767 1730 2183 1785 tribulationis:

2168 1746 2183 1784 :
2429 1731 2481 1784 l.
2510 1731 2830 1785 Ἐπακούσαι
2860 1749 2951 1784 σου
2978 1731 3181 1803 Κύριος
3204 1733 3260 1783 ὲν
3284 1733 3464 1801 ἡμέρᾳ
3494 1731 3722 1800 θλίψεως
3746 1745 3762 1758 ⁶

764 1821 824 1875 2.
858 1820 1110 1891 Protegat
1142 1827 1195 1873 te
1225 1835 1421 1873 nomen
1481 1818 1574 1873 Dei
1604 1818 1790 1874 Jacob.
2288 1815 2332 1870 B

2288 1815 2332 1870 Β
2428 1824 2481 1877 2.
2508 1825 2907 1897 ’Υπερασπίσαι
2946 1841 3036 1877 σου
3070 1825 3129 1877 τὸ
3152 1824 3320 1895 ὄνομα
3348 1824 3440 1876 τοῦ
3471 1824 3601 1876 Θεοῦ
3640 1822 3870 1876 Ἰακώϐ.

772 1916 826 1968 5.
860 1912 1032 1968 Mittat
1066 1912 1160 1967 tibi
1196 1913 1457 1967 auxilium
1488 1914 1554 1968 de
1586 1925 1774 1969 sancto
1802 1932 1815 1967 :

2431 1918 2483 1973 ’5.
2512 1917 2913 1982 Ἐξαποστείλαι
2943 1935 3022 1970 σοι
3055 1918 3299 1989 βοήθειαν
3331 1916 3388 1982 ἐξ
3420 1916 3600 1985 ἁγίου·

772 2006 827 2061 4.
860 2005 926 2059 Et
958 2004 1025 2060 de
1050 2005 1183 2059 Sion
1215 2014 1430 2060 tueatur
1472 2015 1542 2061 te.

2431 2011 2484 2064 Α.
2527 2011 2635 2063 Καὶ
2668 2011 2731 2063 ὲκ
2765 2009 2901 2063 Σιὼν
2928 2010 3261 2063 ἀντιλάϐοιτό
3293 2024 3404 2062 σου·

774 2100 829 2155 5.
861 2098 1065 2153 Memor
1090 2098 1157 2152 sit
1186 2100 1363 2151 omnis
1393 2097 1646 2152 sacriﬁcii
1674 2097 1749 2152 tui
1780 2115 1792 2151 :

2436 2104 2486 2158 5.
2529 2102 2808 2173 Μνησθείη
2849 2104 3025 2173 πάσης
3059 2102 3247 2166 θυσίας
3282 2120 3371 2156 σου
3392 2120 3404 2133 ’

771 2188 824 2243 6.
864 2187 929 2242 Et
960 2187 1337 2242 holocaustum
1369 2196 1520 2240 tuum
1551 2186 1747 2256 pingue
1777 2186 1891 2241 ﬁat.

2436 2194 2487 2247 6.
2530 2195 2639 2246 Καὶ
2664 2193 2723 2245 τὸ
2747 2192 3099 2263 όλοκαύτωμά
3121 2210 3214 2245 σου
3243 2192 3501 2245 πιανάτω.

781 2282 833 2337 7.
869 2281 1095 2336 Tribuat
1129 2280 1224 2335 tibi
1263 2280 1557 2335 secundum
1599 2294 1693 2333 cor
1722 2287 1871 2332 tuum
1908 2298 1920 2330 :

2437 2285 2491 2337 7.
2529 2284 2647 2355 Δῴη
2685 2302 2763 2337 σοι
2796 2285 2997 2355 Κύριος
3028 2284 3168 2336 κατὰ
3192 2286 3288 2354 τὴν
3317 2285 3538 2355 καρδίαν
3566 2300 3657 2335 σου

770 2376 825 2428 8.
861 2374 924 2429 Et
950 2388 1111 2429 omne
1140 2373 1425 2428 consilium
1451 2380 1605 2425 tuum
1641 2370 1944 2424 conﬁrmet.

2435 2379 2487 2434 8.
2531 2379 2639 2430 Kal.
2667 2378 2844 2430 πᾶσαν
2874 2376 2971 2447 τὴν
3002 2376 3195 2448 βουλήν
3227 2395 3319 2430 σου
3351 2375 3647 2445 πληρώσαι.

778 2464 832 2519 9.
870 2463 1196 2520 Lzetabimur
1238 2466 1291 2516 in
1323 2460 1544 2517 salutari
1579 2468 1716 2513 tuo:

2434 2471 2487 2525 9.
2517 2468 2981 2538 Ἀγαλλιασόμεθα
3011 2469 3103 2522 ἐπὶ
3130 2468 3207 2538 τῷ
3240 2468 3487 2538 σωτηρίῳ
3522 2484 3611 2519 σου
3632 2482 3644 2495 ⁸

782 2556 868 2610 10.
901 2555 972 2609 Et
996 2557 1047 2610 in
1077 2555 1294 2609 nomine
1322 2554 1414 2608 Dei
1441 2554 1610 2610 nostri
1642 2550 2121 2623 magniﬁcabimur.

2433 2561 2520 2615 10.
2555 2562 2661 2614 Καὶ
2697 2562 2755 2613 ὲν
2794 2558 3015 2630 ὀνόματι
3059 2543 3263 2630 Κυρίου
3292 2560 3424 2613 Θεοῦ
3462 2558 3618 2630 ἡμῶν
3670 2555 3949 2627 μεγαλυν-

2366 2652 2661 2723 θησόμεθα.

1819 2816 2195 2873 ATHANASll
2238 2816 2822 2875 INTERPRETATIO.

783 3006 875 3062 25.
941 3004 1002 3057 In
1066 2997 1344 3056 servandis
1400 2996 1507 3050 illis
1558 2993 1787 3063 quisque
1855 3001 2101 3047 nostrum
2164 3006 2261 3062 pro

2434 2990 2525 3046 23.
2553 2991 2639 3043 Ἑν
2665 2990 2741 3060 τῷ
2775 2988 2994 3061 κρατεῖν
3023 2989 3159 3043 αὐτὰ
3186 2988 3413 3044 ἕκαστον
3444 2988 3617 3060 ήμῶν,
3645 2987 3949 3042 ἀνταπόδο-

717 3097 962 3157 mercede
992 3096 1153 3150 habet
1181 3092 1344 3147 vitam
1380 3098 1655 3144 aeternam.

1570 3102 1655 3142 im.
2369 3099 2453 3135 σιν
2488 3082 2598 3152 ἔχει
2633 3082 2775 3152 ζωὴν
2805 3081 3176 3152 ἀτελεύτητον.

787 3192 879 3246 24.
926 3187 1120 3244 Cordis
1160 3183 1531 3255 cogitationes.
2292 3204 2333 3263 ρ

2292 3204 2333 3263 c
2437 3172 2525 3225 24.
2568 3174 2703 3235 Τοὺς
2728 3174 2785 3224 ὲν
2815 3175 2880 3243 τῇ
2910 3173 3103 3244 καρδίᾳ
3128 3172 3435 3242 λογισμούς.

783 3283 873 3337 25.
910 3279 984 3335 De
1010 3277 1201 3332 iisdem
1239 3271 1655 3341 cogitationibus
1688 3269 1954 3339 loquitur.

1784 3269 1954 3323 uitur.
2435 3264 2525 3319 25.
2569 3264 2687 3316 Τῶν
2722 3264 2898 3317 αὐτῶν
2924 3264 3193 3335 λογισμῶν
3224 3265 3386 3332 λέγει.

781 3374 871 3429 26.
923 3370 1004 3424 Ab
1038 3366 1345 3423 incursibus
1373 3363 1579 3418 inimici
1605 3363 1773 3417 libera
1804 3376 1910 3416 me.

2437 3356 2527 3410 26.
2569 3356 2689 3408 Τῶν
2721 3357 2976 3411 εἰσϐολῶν
3001 3358 3093 3411 τοῦ
3123 3356 3315 3428 ἐχθροῦ
3347 3356 3507 3429 ῥῦσαί
3538 3375 3623 3428 με.

779 3464 878 3519 27.
934 3459 1332 3531 Cogitationes,
1367 3456 1462 3512 ait.

2436 3450 2523 3502 27.
2567 3453 2629 3501 Οἱ
2653 3450 2920 3522 λογισμοὶ,
2951 3450 3115 3519 λέγει.

786 3555 876 3609 28.
907 3551 972 3607 Et
997 3567 1030 3606 a
1059 3549 1254 3605 diaboli
1283 3546 1648 3603 dominatione
1675 3543 2023 3600 sublevabor.

2434 3539 2526 3594 28.
2566 3540 2677 3593 Kal.
2704 3540 3135 3612 κουφισθήσομαι
3166 3540 3263 3611 τῆς
3286 3540 3598 3605 δυναστείας
3624 3540 3719 3593 τοῦ
3750 3541 3952 3597 διαδό-

2370 3630 2485 3685 λου.

787 3732 877 3788 29.
923 3728 1109 3783 Oratio
1141 3741 1282 3789 mea,
1317 3723 1512 3792 inquit.

2439 3722 2528 3775 29.
2558 3721 2623 3774 'H
2649 3721 2777 3792 εὐχή
2815 3738 2936 3791 μου,
2966 3721 3134 3790 λέγει.

788 3826 877 3879 50.
925 3820 993 3876 Et
1040 3817 1367 3877 desiderium
1400 3813 1579 3869 cordis
1627 3812 1734 3868 mei
1789 3810 1845 3864 in
1890 3808 2008 3879 lege
2044 3816 2135 3864 tua
2182 3809 2269 3864 die

2441 3813 2530 3866 '50.
2571 3813 2681 3865 Kal.
2706 3815 2743 3882 ἡ
2770 3812 3031 3883 ἐπιθυμία
3061 3813 3159 3884 τῆς
3197 3812 3415 3885 καρδίας
3456 3829 3556 3883 μου
3591 3813 3649 3865 ὲν
3676 3811 3753 3883 τῷ
3786 3813 3953 3882 νόμῳ

718 3931 782 3972 ιε
808 3921 983 3970 nocte.
2374 3921 2465 3957 σου
2499 3904 2705 3975 ἡμέρας
2735 3904 2827 3957 καὶ
2860 3905 3068 3969 νυκτός.

782 4006 875 4061 δι.
908 4003 1154 4065 Domine.
1194 4001 1288 4069 qui
1321 3995 1565 4053 defendis
1607 4005 1660 4049 et
1703 3994 1902 4051 liberas
1949 4008 2034 4049 me
2070 4007 2101 4047 a
2153 3993 2269 4047 dia-

2442 3997 2529 4052 3i.
2571 3996 2761 4067 Κύριε,
2779 3999 2807 4049 ὁ
2826 3997 3209 4066 ἀνθιστάμενος
3238 3997 3329 4050 καὶ
3352 3995 3712 4067 λυτρούμενός
3738 4015 3810 4068 με
3835 4000 3951 4052 ἀπὺ

721 4099 864 4166 bolo,
891 4104 945 4154 et
976 4092 1236 4149 ministris
1260 4090 1399 4161 ejus.
2378 4088 2470 4142 τοῦ
2492 4089 2755 4155 διαϐόλου,
2785 4089 2876 4142 καὶ
2900 4090 3007 4141 τῶν
3033 4090 3317 4162 ὑπουργῶν
3349 4089 3531 4143 αὐτοῦ.

803 4235 867 4288 Ἠ
899 4229 1224 4304 προκειμένη
1253 4227 1525 4300 ἐπιγραφὴ
1553 4226 1790 4298 περιέχει
1814 4241 1829 4256 ⁶
1860 4228 1963 4292 Εἰς
1999 4225 2063 4279 τὸ
2087 4227 2276 4293 τέλος,
2300 4229 2537 4297 ψαλμὸς
2558 4226 2636 4294 τῷ
2663 4229 2855 4282 Δαϐίδ.
2890 4226 3057 4281 Τοῦτο
3088 4227 3253 4296 λέγει,
3282 4228 3311 4281 ὃ
3344 4229 3469 4300 περὶ
3497 4241 3595 4299 της
3626 4231 3950 4296 συντελείας

721 4324 812 4381 τοῦ
842 4322 1035 4385 αἰῶνος
1068 4320 1300 4391 εἴρηται.

792 4414 1003 4469 Titulus
1044 4409 1362 4482 praepositus
1392 4408 1628 4463 continet
1658 4426 1671 4461 :
1711 4406 1775 4460 In
1816 4407 1994 4475 ﬁnem,
2022 4409 2256 4475 psalmus
2294 4408 2489 4464 David.
2520 4409 2632 4465 Hoc
2663 4419 2843 4465 autem
2875 4408 3163 4482 signiﬁcat,
3194 4409 3338 4479 quod
3366 4408 3431 4463 de
3462 4410 3948 4465 consummatione

723 4504 905 4562 saeculi
930 4503 1173 4575 psalmus
1197 4501 1372 4556 dictus
1409 4506 1511 4554 est.

795 4623 846 4686 ι,
876 4620 930 4673 2.
983 4618 1101 4689 lpse
1125 4618 1269 4673 enim
1302 4617 1475 4672 dixit:
1509 4613 1703 4669 Invoca
1732 4632 1809 4669 me
1843 4619 1899 4670 in
1925 4618 2009 4672 die
2047 4618 2268 4671 tribula-
2301 4622 2344 4675 D

2339 4635 2344 4664 ν
2444 4620 2495 4683 1,
2519 4618 2572 4673 2.
2612 4618 2784 4681 Αὐτὸς
2808 4618 2913 4689 γὰρ
2937 4613 3087 4671 εἶπεν
3107 4634 3121 4648 ο
3158 4615 3544 4671 Ἐπικάλεσαί
3561 4633 3635 4685 με
3654 4618 3725 4670 ἐν
3752 4618 3945 4687 ἡμέρᾳ

725 4714 883 4771 tionis
917 4722 1042 4775 tua,
1072 4720 1120 4765 et
1156 4726 1336 4764 eruam
1366 4720 1433 4773 te,
1465 4717 1512 4763 et
1553 4707 1869 4777 gloriﬁcabis
1896 4726 1972 4763 me
1994 4710 2059 4764 ".

2376 4710 2631 4779 θλίψεώς
2668 4726 2803 4775 σου,
2828 4709 2926 4763 καί
2953 4709 3267 4779 ἐξελοῦμαί
3292 4726 3383 4776 σε,
3413 4709 3509 4764 καὶ
3536 4708 3820 4777 δοξάσεις
3838 4728 3940 4780 με.

794 4807 847 4859 5.
878 4802 1074 4857 Filium
1101 4801 1241 4871 ejus.

2444 4803 2497 4855 5.
2540 4802 2639 4854 Τὸν
2667 4802 2791 4855 Υίὺν
2829 4801 3012 4855 αὐτοῦ.

787 4895 1095 4952 4.E.cazlo
1154 4892 1439 4965 signiﬁcat.
1500 4892 1628 4948 Sion
1682 4893 1825 4947 enim
1884 4892 2267 4964 interpretatur

2441 4893 2494 4946 4.
2526 4892 2618 4945 Ἐκ
2648 4891 2741 4944 τοῦ
2784 4890 3009 4961 οὐρανοῦ
3056 4890 3221 4959 λέγει.
3268 4890 3418 4945 Σιὼν
3444 4893 3551 4963 γὰρ
3579 4893 3942 4966 ἑρμηνεύεται

726 4999 897 5053 locus,
927 4988 1017 5043 ubi
1056 4995 1140 5042 est
1172 4986 1601 5042 tabernaculum.

2372 4984 2551 5048 τόπος,
2588 4986 2733 5047 ὅπως
2764 4982 2942 5056 [ὅπου]
2973 4985 3005 5053 ἡ
3046 4985 3235 5054 σκηνή.

794 5080 845 5134 5.
883 5079 1089 5143 Sancti,
1120 5079 1313 5148 inquit.

1310 5120 1313 5131 .
2444 5077 2496 5129 5.
2524 5076 2727 5143 Ἀγίας,
2751 5076 2916 5143 λέγει.

792 5172 845 5223 6.
883 5170 1189 5224 Sanctiﬁcet
1224 5172 1481 5235 animam,
1524 5179 1575 5224 et
1607 5185 1801 5239 corpus
1831 5180 2005 5228 tuum.

2446 5167 2498 5221 6.
2526 5167 2765 5234 Ἀγιάσει
2801 5166 3068 5238 [ἁγιάσαι]
3094 5183 3187 5220 σου
3210 5166 3307 5237 τὴν
3335 5168 3530 5237 ψυχὴν,
3560 5169 3651 5221 καὶ
3670 5169 3730 5221 τὸ
3760 5168 3938 5238 σῶμα.

795 5265 848 5319 7.
884 5265 1057 5318 Bonas
1090 5272 1212 5319 tuas
1254 5263 1562 5333 petitiones.

2451 5260 2500 5314 7.
2542 5260 2629 5312 Τὰ·
2654 5261 2926 5330 αίτήματά
2954 5279 3044 5314 σου
3074 5261 3141 5314 τὰ
3175 5261 3369 5329 ἀγαθά.

794 5355 847 5409 8.
889 5353 1227 5423 Propositum
1271 5363 1422 5408 tuum
1465 5353 1516 5407 in
1550 5354 1746 5423 ipsum.

2447 5352 2501 5405 8.
2544 5350 2651 5421 Τὴν
2685 5352 2938 5422 πρόθεσίν
2970 5370 3059 5405 σου
3091 5352 3185 5423 τὴν
3213 5354 3291 5413 είς
3320 5353 3496 5405 αὐτόν.

797 5448 847 5501 9.
880 5445 937 5500 ln
962 5447 1079 5516 ejus
1113 5462 1211 5515 pro
1236 5446 1391 5502 nobis
1426 5447 1677 5501 adventu.

2448 5443 2499 5496 9.
2533 5442 2619 5495 Ἐν
2648 5446 2713 5513 τῇ
2748 5444 3016 5514 παρουσίᾳ
3045 5447 3108 5515 τῇ
3146 5446 3283 5513 ὑπὲρ
3309 5445 3482 5515 ἡμῶν.

794 5539 882 5594 10.
922 5538 1299 5593 Gloriabimur.

2450 5534 2532 5587 10.
2564 5536 2981 5606 Καυχησὸμεθα.

799 5716 841 5748 ⁸⁷
887 5714 1028 5771 Pul.
1062 5733 1201 5785 nix,
1236 5717 1315 5771 ιδ.
