4068 6318
111 320 224 374 717
1039 326 1126 381 DE
1166 327 1436 386 TITULIS
1478 333 1717 389 PSALMt

1733 336 1920 394 DRUM.
1971 370 2042 382 —
2081 337 2274 393 PSAL.
2316 332 2434 389 XX.
3234 361 3339 416 ’118

177 438 264 492 11.
295 439 593 512 Πληρὼσαι
624 442 824 514 Κύριος
855 444 1028 499 πάντα
1057 446 1125 500 τὰ
1157 449 1430 520 αἱτήματά
1465 468 1577 504 σου.

179 529 264 583 12.
301 531 424 585 Νῦν
469 532 672 602 ἔγνων,
722 535 802 587 ὅτι
851 535 1018 590 ἔσωσε
1074 539 1276 610 Κύριος
1321 541 1408 594 τὲν
1453 545 1681 614 Χριστὸν

109 622 296 674 αὐτοῦ’

1713 461 1765 519 Α
1862 457 1948 512 11.
1981 457 2202 530 Impleat
2231 462 2491 520 Dominus
2526 481 2712 523 omnes
2751 469 3034 539 petitiones
3063 482 3203 530 tuas.

1854 549 1941 602 12.
1973 548 2127 607 Nunc
2159 556 2406 625 cognovi,
2429 558 2686 627 quoniam
2710 562 2916 616 salvum
2944 562 3068 619 fecit
3086 564 3345 625 Dominus

1781 639 2059 697 Christum
2083 659 2240 699 suum
2275 665 2288 700 :

1852 733 1939 790 15.
1975 735 2236 793 Exaudiet
2261 739 2411 794 illum
2445 740 2512 796 de
2545 742 2681 797 caelo
2715 754 2903 800 sancto
2939 761 3074 801 suo:

1854 825 1939 878 14.
1968 826 2029 880 In
2059 830 2412 894 potestatibus
2441 831 2591 887 salus
2619 833 2850 887 dexterae
2879 836 3016 904 ejus.

181 713 264 766 i3.
312 715 710 770 Ἐπακούσεται
754 718 917 772 αὐτοῦ
950 719 1008 784 ἐξ
1052 722 1280 792 οὐρανοῦ
1315 725 1466 792 ἁγίου
1497 729 1680 780 αὐτοῦ·

177 803 265 857 14.
309 805 404 858 Ἐν
433 807 766 872 δυναστείαις
791 811 824 881 ἠ
856 812 1096 882 σωτηρία
1121 814 1218 884 τῆς
1242 815 1418 880 δεξιᾶς
1450 819 1632 872 αὐτοῦ.

177 894 264 949 15.
301 890 468 951 Οὗτοι
495 901 552 951 ὲν
583 900 808 971 ἅρμασι,
839 903 931 954 καὶ
958 896 1100 956 οῦτοι
1129 907 1185 958 ὲν
1215 907 1416 970 ἵπποις·

1295 925 1416 970 τοις·
1854 915 1941 969 15.
1972 914 2036 969 Hi
2073 916 2125 970 in
2156 919 2427 984 curribus,
2456 930 2509 975 et
2535 922 2589 974 hi
2623 923 2674 976 in
2708 925 2862 994 equis
2889 944 2901 978 :

177 987 264 1040 16.
308 989 505 1058 Ἡμεῖς
532 991 587 1044 δὲ
619 994 678 1045 ὲν
706 993 924 1063 ὀνόματι
954 996 1156 1068 Κυρίου
1201 998 1333 1051 Θεοῦ
1380 1001 1530 1070 ἡμῶν
1560 1003 1680 1055 ἐπι-

1854 1009 1942 1061 16.
1973 1008 2082 1066 Nos
2118 1021 2297 1067 autem
2333 1014 2386 1067 in
2421 1016 2638 1071 nomine
2679 987 2891 1072 Domini
2931 1017 3023 1074 Dei
3059 1023 3222 1074 nostri
3260 1020 3341 1074 in-

112 1079 476 1150 καλεσὸμεθα.

1783 1101 2116 1158 vocabimus.

176 1173 260 1226 17.
293 1174 464 1226 Αὐτοὶ
493 1176 966 1248 συνεποδίσθησαν,
997 1179 1086 1231 καὶ
1112 1179 1325 1232 ἔπεσον·

177 1263 260 1317 18.
299 1265 498 1334 Ἡμεῖς
536 1267 591 1319 δὲ
618 1267 938 1337 ἀνέστημεν,
973 1269 1064 1321 καὶ
1088 1269 1504 1342 ἀνωρθώθημεν.

175 1357 261 1409 19.
294 1357 496 1427 Κύριε,
529 1359 699 1410 σῶσον
720 1359 818 1416 ⁴’τὸν
851 1359 1090 1428 βασιλέα·

175 1446 260 1502 20.
297 1450 414 1502 Καὶ
449 1451 752 1504 ἐπάκουσον
788 1451 964 1520 ἡμῶν,
1007 1453 1064 1505 ὲν
1171 1454 1236 1507 ἂν
1282 1455 1462 1528 ἡμέρᾳ
1492 1458 1682 1509 ἐπικα-

111 1535 392 1606 λεσώμεθά
424 1557 504 1591 σε.

1854 1193 1939 1246 17.
1973 1193 2077 1263 lpsi
2108 1197 2324 1266 obligati
2359 1208 2505 1265 sunt,
2542 1209 2595 1254 et
2627 1201 2976 1256 ceciderunt:

1855 1285 1941 1339 18.
1975 1284 2083 1341 Nos
2111 1297 2287 1342 autem
2319 1292 2676 1352 surreximus.
2706 1304 2758 1347 et
2783 1294 2943 1348 erecti
2969 1311 3174 1355 sumus.

1853 1374 1940 1428 19.
1972 1374 2218 1443 Domine,
2246 1379 2452 1434 salvum
2482 1381 2566 1435 fac
2597 1398 2774 1453 regem
2804 1400 2817 1436 :

1854 1467 1942 1519 20.
1972 1467 2037 1522 Et
2058 1470 2250 1525 exaudi
2275 1486 2373 1526 nos
2397 1473 2450 1524 in
2473 1473 2578 1536 die,
2607 1489 2714 1543 qua
2740 1475 3171 1532 invocaverimus
3199 1487 3269 1533 te.

223 1654 326 1716 Εἰς
357 1652 426 1704 τὸ
461 1653 654 1718 τέλος,
681 1656 920 1723 ψαλμὸς
952 1654 1028 1721 τῷ
1060 1656 1253 1710 Δαϐίδ.
1291 1659 1463 1712 ΨΑΛ.
1495 1662 1575 1712 K'.

1528 1662 1575 1712 [⁷.
1994 1667 2057 1722 In
2090 1670 2265 1737 ﬁnem,
2295 1671 2528 1740 psalmus
2562 1672 2752 1728 David.
2786 1673 2981 1728 PSAL.
3013 1675 3134 1728 XX.

178 1742 225 1792 1.
257 1742 458 1814 Κύριε,
496 1746 552 1796 ὲν
584 1749 648 1816 τῇ
697 1747 918 1818 δυνάμει
945 1764 1036 1800 σου
1074 1747 1498 1819 εὐφρανθήσεται
1530 1750 1556 1800 ὁ
1592 1748 1752 1882 βα-Β

178 1849 306 1882 ’.ευτ’

1458 1766 1498 1801 ιι
1530 1750 1556 1800 ὁ
1592 1748 1684 1819 βα·
1704 1822 1752 1882 Β
1856 1759 1904 1812 1.
1935 1757 2177 1822 Domine,
2206 1761 2260 1814 iu
2291 1761 2488 1816 virtute
2516 1771 2607 1816 tua
2636 1763 2900 1817 laetabitur
2928 1780 3019 1818 rex
3055 1783 3064 1815 :

117 1849 306 1897 συιευςο

178 1925 230 1979 2.
261 1927 368 1979 Καὶ
391 1928 487 1980 ἐπὶ
514 1927 589 1998 τῷ
624 1929 869 1999 σωτηρίῳ
915 1947 1007 1982 σου
1036 1929 1414 1996 ἀγαλλιάσεται
1445 1932 1669 2002 σφόδρα.

1850 1936 1903 1989 2.
1935 1935 2000 1991 Et
2030 1953 2192 2007 super
2219 1939 2452 1993 salutare
2479 1947 2628 1993 tuum
2663 1941 2954 1996 exsultabit
2975 1943 3335 1998 vehementer.

177 2017 225 2071 3.
253 2017 362 2088 Τὴν
395 2019 690 2088 ἐπιθυμίαν
711 2022 807 2090 τῆς
835 2020 1056 2091 καρδίας
1083 2020 1243 2074 αὐτοῦ
1275 2021 1479 2085 ἔδωκας
1506 2022 1670 2092 αὐτῷ’

1431 2039 1479 2085 ις
1506 2022 1670 2092 αὐτῷ’
1849 2026 1903 2080 ὅζ
1937 2026 2270 2082 Desiderium
2305 2030 2486 2084 cordis
2518 2030 2637 2100 ejus
2672 2031 2907 2086 tribuisti
2943 2031 2990 2085 ei
3024 2047 3037 2083 :

178 2108 227 2160 4.
263 2110 372 2161 Καὶ
414 2110 514 2180 τὴν
547 2110 759 2179 θέλησιν
786 2111 894 2164 τῶν
931 2111 1148 2181 χειλέων
1187 2111 1351 2165 αὐτοῦ
1381 2114 1479 2165 οὐκ
1522 2115 1673 2166 ἐστέ-

1851 2119 1902 2174 4.
1939 2118 2005 2172 Ει
2034 2120 2309 2177 voluntate
2332 2122 2596 2177 labiorum
2623 2123 2739 2192 ejus
2769 2139 2877 2178 non
2901 2124 3160 2178 fraudasti
3188 2139 3334 2179 eum.

121 2216 278 2270 ρησας
305 2201 494 2253 αὐτὸν.

179 2291 228 2343 5.
270 2293 392 2346 Ὅτι
443 2293 790 2365 προέφθασας
837 2293 1000 2347 αὐτὸν
1039 2294 1097 2346 ἐν
1137 2294 1406 2363 εὐλογίαις
1452 2300 1679 2368 χρηστό-

1848 2292 1899 2346 5.
1934 2292 2201 2359 Quoniam
2249 2298 2556 2366 praevenisti
2602 2313 2724 2352 eum
2774 2299 2829 2352 in
2875 2298 3335 2355 benedictionibus

117 2400 265 2453 τητος
283 2400 296 2414 ’

1779 2385 2081 2441 dulcedinis
2111 2405 2122 2441 :

179 2475 228 2527 6.
259 2475 502 2545 Ἐθηκας
548 2477 636 2529 ἐπὶ
670 2476 768 2547 τὴν
812 2477 1048 2546 κεφαλὴν
1100 2475 1261 2528 αὐτοῦ
1311 2475 1567 2544 στέφανον
1613 2481 1676 2531 ὲκ

1846 2475 1898 2528 6.
1949 2475 2185 2533 Posuisti
2235 2479 2287 2533 in
2355 2480 2526 2549 capite
2572 2481 2690 2551 ejus
2735 2496 2991 2537 coronam
3045 2481 3111 2538 de
3159 2483 3333 2553 lapide

117 2565 251 2616 λίθου
278 2566 484 2635 τιμίου.

425 2585 484 2620 νυ,
1775 2567 2031 2635 pretioso.

179 2655 228 2708 7.
259 2657 410 2727 Ζωὴν
436 2657 673 2729 ῂτήσατό
708 2675 785 2724 σε,
823 2659 916 2712 καὶ
947 2658 1149 2720 ἔδωκας
1173 2656 1317 2728 αὐτῷ

1261 2656 1317 2728 τῷ
1851 2660 1900 2714 7.
1930 2659 2106 2714 Vitam
2139 2662 2290 2729 petiit
2318 2677 2348 2715 a
2376 2671 2447 2724 te,
2476 2673 2528 2716 et
2560 2663 2791 2718 tribuisti
2819 2665 2867 2720 ei

181 2747 228 2802 8.
258 2751 592 2821 Μακρὰτητα
637 2751 854 2822 ἡμερῶν
902 2750 982 2813 εἰς
1029 2749 1216 2813 αἰῶνα,
1253 2750 1347 2803 καὶ
1388 2750 1464 2813 εἰς
1503 2749 1672 2802 αἰῶνα

1848 2749 1901 2803 8.
1933 2749 2348 2820 Longitudinem
2390 2753 2598 2807 dierum
2646 2755 2698 2808 in
2734 2755 3011 2821 saaculum,
3039 2764 3092 2810 et
3141 2755 3194 2809 in
3234 2771 3331 2808 sae-

121 2840 316 2903 αἰῶνοςο

1779 2841 1958 2896 culum
1988 2842 2165 2895 saaculi
2204 2858 2215 2893 :

181 2931 231 2985 9.
260 2933 486 3004 Μεγάλη
515 2936 547 3002 ἡ
574 2933 698 2999 δόξα
723 2932 886 2986 αὐτοῦ
919 2937 974 2986 ὲν
1001 2934 1077 3004 τῷ
1106 2935 1353 3005 σωτηρίῳ
1380 2951 1492 2985 σου·

1480 2951 1492 2963 ο
1849 2927 1902 2983 9.
1931 2927 2118 2998 Magna
2143 2941 2227 2986 est
2261 2932 2428 3003 gloria
2458 2934 2575 3003 ejus
2605 2935 2657 2989 in
2696 2936 2917 2990 salutari
2949 2945 3039 2991 tuo
3067 2954 3079 2990 :

1233 3088 1599 3143 ATHANASII
1634 3088 2220 3145 INTERPRETATIO.

184 3244 261 3296 11.
293 3245 372 3299 Τὰ
400 3247 604 3317 ἀρεστὰ
629 3247 793 3318 αὐτῷ,
824 3249 915 3301 καὶ
951 3248 1030 3300 σοὶ
1060 3249 1421 3321 συμφέροντα.

1849 3252 1935 3307 11.
1978 3253 2111 3318 Quae
2150 3251 2248 3320 ipsi
2280 3259 2406 3305 sunt
2432 3250 2647 3320 placita,
2676 3257 2730 3305 et
2757 3249 2849 3304 tibi
2889 3249 3057 3304 utilia.

186 3339 264 3392 12.
293 3341 393 3392 Τὸν
422 3341 550 3393 λαὸν
576 3342 736 3395 αὐτοῦ
763 3342 926 3410 λέγει.

1845 3346 1932 3400 12.
1967 3344 2231 3415 Populum
2262 3345 2378 3413 ejus
2409 3343 2694 3413 signiﬁcat.

183 3430 262 3484 15.
292 3432 510 3502 Γνωστὴ
545 3433 693 3486 ἔσται
721 3435 754 3504 ἡ
783 3432 932 3502 φωνὴ
959 3431 1150 3486 ἑαυτοῦ
1181 3434 1331 3505 παρὰ
1355 3433 1431 3503 τῷ
1458 3433 1592 3504 Θεῷ.

1369 3433 1431 3503 εῷ
1458 3433 1592 3504 Θεῷ.
1845 3440 1929 3492 15.
1970 3436 2150 3506 Ipsius
2182 3452 2286 3490 vox
2315 3445 2440 3490 nota
2472 3437 2575 3490 erit
2610 3437 2750 3506 apud
2787 3431 2975 3490 Deum.

183 3521 263 3576 14.
291 3524 409 3576 Τῶν
439 3524 629 3591 ἁγίων,
655 3524 824 3591 λέγει.
1694 3569 1735 3626 C

1694 3569 1735 3626 ϐ
1843 3529 1929 3583 14.
1963 3528 2308 3592 Sanctorum,
2355 3527 2548 3596 inquit.

182 3614 261 3677 15,
288 3615 369 3668 16.
416 3615 606 3685 Ἡμεῖς
632 3615 688 3666 δὲ
716 3613 821 3686 [ὲν]
855 3614 932 3684 τῷ
959 3615 1179 3684 ὀνόματι
1222 3615 1394 3683 Ἰησοῦ
1426 3615 1668 3669 ὲπικαλε-
1697 3613 1735 3626 “’“

1719 3613 1735 3625 ’
1843 3619 1931 3684 15,
1970 3618 2054 3673 16.
2111 3616 2221 3674 Nos
2269 3627 2448 3672 autem
2506 3619 2559 3672 in
2615 3620 2833 3673 nomine
2881 3615 3007 3675 Jesu
3050 3619 3325 3678 invocabi:

125 3702 323 3773 σόμεθα.
1771 3728 1914 3768 mus.

183 3794 263 3848 17.
290 3796 350 3849 Οἱ
380 3798 654 3868 δαίμονες.

1844 3803 1930 3857 17.
1986 3800 2284 3857 Daemones.

185 3885 261 3940 18.
302 3889 474 3959 Ἰησοῦ
509 3888 602 3941 τοῦ
631 3887 763 3941 Θεοῦ
799 3887 954 3958 ἡμῶν
981 3887 1341 3958 διεγείραντος
1375 3887 1539 3957 ἡμᾶς,
1572 3887 1664 3940 καὶ

1839 3893 1924 3947 18.
1966 3892 2096 3948 Jesu
2141 3891 2251 3947 Deo
2286 3900 2474 3948 nostro
2503 3891 2798 3949 suseitante
2831 3907 2952 3958 nos,
2991 3903 3045 3948 et
3077 3904 3315 3946 sanantc.

126 3976 412 4047 ίασαμένου.

184 4067 261 4121 19.
291 4069 390 4120 Τὸν
415 4070 546 4122 λαὸν
574 4069 742 4136 λέγει.

1838 4062 1924 4116 19.
1957 4058 2220 4130 Populum
2266 4060 2556 4130 signiﬁcat.

179 4156 257 4210 20.
304 4159 388 4213 Ἐν
413 4157 776 4231 οἱῳδηποτοῦν
804 4158 978 4230 καιρῷ
1004 4159 1281 4230 δεηθῶμέν
1311 4177 1422 4213 σου.

1837 4153 1926 4208 20.
1975 4153 2310 4220 Quocunque
2342 4161 2582 4222 tempore
2611 4161 2658 4206 te
2685 4154 3056 4222 deprecemur.

191 4267 248 4322 Ἦ
275 4274 600 4345 προκειμένη
635 4274 908 4344 ἐπιγραφὴ
935 4273 1193 4346 περιέχει·
1228 4277 1332 4339 Εὶς
1360 4275 1424 4326 τὸ
1451 4273 1641 4338 τέλος,
1671 4270 1907 4340 ψαλμὸς
1937 4267 2014 4332 τῷ
2040 4267 2232 4321 Δαϐίδ.
2253 4266 2559 4330 Τουτέστιν,
2594 4269 2672 4331 εἰς
2707 4266 2767 4321 τὸ
2796 4270 2943 4332 τέλος
2975 4269 3082 4322 τῶν
3114 4268 3321 4324 αἰώνων

122 4360 146 4410 ὁ
176 4361 368 4435 ψαλμδς
395 4370 607 4439 εἴρηται
630 4369 708 4437 τῷ
737 4367 846 4437 Υίῷ
875 4369 964 4421 τοῦ
988 4369 1141 4426 Θεοῦ,
1175 4370 1265 4420 καὶ
1296 4367 1369 4438 τῷ
1398 4367 1510 4437 λαῴ
1534 4368 1610 4438 τῷ
1640 4368 1777 4432 ἁγίῳ
1799 4365 1978 4418 αὐτοῦ.
2015 4362 2190 4416 Δαϐὶδ
2223 4363 2330 4432 γὰρ
2364 4359 2488 4432 [είς]
2515 4361 2797 4431 ἀμφότερα
2822 4363 3196 4434 ἑρμηνεύεται,
3228 4367 3321 4418 καὶ

125 4452 190 4513 εἰς
212 4455 293 4506 τὸν
315 4457 404 4510 τοῦ
433 4459 568 4512 Θεοῦ
600 4459 726 4512 Υίὸν
759 4461 862 4514 τὸν
889 4462 1212 4531 ἀγαπητὸν,
1248 4464 1341 4515 καὶ
1377 4465 1456 4526 εἰς
1486 4463 1574 4514 τὸν
1605 4462 1730 4515 λαὸν
1753 4465 1842 4514 τὸν
1870 4460 2019 4528 ἆγιον
2044 4458 2148 4511 τὸν
2175 4456 2588 4526 πεποθημένον
2612 4457 2713 4512 ὑπὸ
2743 4459 2967 4527 Κυρίου.

183 4546 378 4608 Titulus
405 4558 729 4625 praepositus
751 4561 992 4614 continet
1024 4579 1037 4614 :
1071 4558 1137 4613 In
1169 4560 1344 4629 ﬁnem,
1375 4561 1611 4628 psalmus
1643 4559 1835 4613 David.
1865 4557 1980 4612 lloc
2005 4566 2107 4621 est,
2141 4557 2284 4625 quod
2314 4557 2368 4610 in
2399 4557 2503 4610 ﬁne
2529 4554 2847 4611 saculorum
2873 4553 3112 4622 psalmus
3140 4553 3316 4608 dictus

124 4647 193 4690 est
214 4638 297 4694 Dei
325 4643 480 4706 Filio.
518 4655 571 4700 et
600 4649 797 4718 populo
826 4659 1015 4705 sancto
1045 4653 1182 4721 ejus.
1214 4651 1384 4705 David
1429 4655 1573 4706 enim
1613 4653 1678 4706 de
1727 4662 1953 4718 utroque
1995 4648 2400 4717 interpretatur,
2435 4657 2487 4701 et
2514 4647 2579 4700 de
2622 4645 2759 4699 Filio
2803 4643 2895 4696 Dei
2923 4645 3133 4711 dilecto,
3163 4653 3216 4699 et
3249 4645 3315 4699 de

126 4733 296 4797 populo
325 4747 511 4791 sancto
540 4738 836 4794 desiderato
865 4757 895 4796 a
924 4741 1172 4797 Domino.

184 4827 227 4879 1.
263 4830 317 4882 Ὀ
345 4831 466 4897 λαὸς
498 4836 526 4886 ὁ
558 4836 759 4900 πιστός.
1685 4844 1727 4896 ι)

1685 4844 1727 4896 D
1830 4839 1879 4892 1.
1911 4837 2148 4907 Populus
2190 4836 2377 4890 ﬁdelis.

181 4919 226 4972 2.
251 4923 331 4993 Τῷ
359 4927 574 4998 σταυρῷ
600 4945 713 4982 σου.

1826 4929 1880 4984 2.
1934 4928 2106 4999 Super
2139 4943 2355 4982 crucem
2391 4938 2558 4981 tuam.

176 5008 222 5062 ὅ.
249 5013 322 5066 Τὰ
351 5018 468 5088 αἰτή
481 5036 624 5087 ματα
657 5019 820 5071 αὐτοῦ
849 5023 919 5073 τὰ
941 5021 1136 5088 ἀγαθά.

982 5021 1136 5088 γαθά.
1825 5020 1877 5073 3.
1921 5019 2211 5074 Petitiones
2242 5018 2359 5087 ejus
2399 5018 2588 5071 bonas.

178 5100 222 5153 1.
249 5105 545 5179 Δεδώρησαι
571 5111 678 5179 γὰρ
710 5110 857 5181 αὐτῷ
896 5111 1186 5183 προθύμως
1226 5112 1449 5182 μελετᾷν
1479 5113 1536 5164 ὲν
1575 5109 1652 5179 τῷ

1823 5111 1874 5165 ι.
1912 5109 2044 5164 Nam
2074 5111 2122 5164 ei
2151 5109 2364 5164 donasti
2404 5117 2656 5177 prompte
2687 5106 2937 5163 meditari
2965 5107 3019 5160 in
3054 5107 3170 5176 lege
3193 5117 3309 5171 tua,

125 5187 244 5260 νόμῳ
270 5211 374 5262 σου,
403 5199 495 5251 καὶ
523 5201 867 5269 ἁναγγέλλειν
898 5205 995 5275 τὴν
1030 5203 1229 5256 αἴνεσίν
1265 5220 1379 5256 σου.

979 5221 995 5254 θ
1030 5203 1229 5256 αἴνεσίν
1265 5220 1379 5256 σου.
1750 5212 1804 5258 et
1829 5201 2149 5265 annuntiare
2171 5201 2382 5255 laudem
2418 5209 2585 5253 tuam.

183 5280 224 5334 5.
251 5285 358 5340 Ὀτι
398 5291 729 5362 ηὐτρέπισας
769 5293 912 5364 αὐτῷ
941 5295 1184 5363 εὐλογίας
1219 5297 1274 5347 ὲν
1312 5298 1376 5364 τῇ
1406 5293 1650 5365 βασιλείᾳ

1822 5293 1874 5346 5.
1938 5291 2204 5357 Quoniam
2258 5293 2575 5360 praeparasti
2629 5288 2734 5358 ipsi
2794 5288 3198 5344 benedictiones
3255 5288 3305 5340 in

129 5383 201 5421 σου
209 5413 219 5424 .

1754 5400 1918 5454 regno
1947 5394 2058 5438 tuo.

184 5462 227 5515 6.
256 5468 346 5522 Τὸν
370 5474 568 5547 Κύριον
603 5476 768 5545 λέγει·
801 5478 997 5540 παντὸς
1021 5479 1127 5549 γὰρ
1166 5478 1356 5532 πιστοῦ
1387 5477 1591 5548 κεφαλὴ
1620 5478 1648 5530 ὁ

1824 5474 1874 5528 6.
1925 5473 2212 5529 Dominum
2264 5470 2530 5541 signiﬁcat
2579 5479 2939 5526 :cunctorum
2981 5469 3124 5526 enim
3171 5467 3304 5527 ﬁdes

127 5547 229 5616 Υἱός
254 5561 402 5617 ἐστιν.
1098 5547 1105 5549 Ἴ
1468 5547 1473 5548 7
1582 5547 1589 5548 ί

1098 5547 1105 5549 Ἴ
1468 5547 1473 5548 7
1582 5547 1589 5548 ⁷
1755 5567 1884 5620 lium
1917 5575 2076 5634 caput
2101 5573 2183 5618 est
2215 5561 2406 5617 Filius.

183 5643 228 5708 7,
254 5651 299 5707 8.
326 5658 425 5729 Τὴν
453 5663 667 5720 αἰώνιον
697 5660 840 5732 ζωὴν
872 5663 1036 5731 λέγει.

1829 5657 1880 5721 7,
1911 5654 1966 5711 8.
2011 5655 2186 5709 Vitam
2218 5663 2473 5709 azternam
2498 5653 2647 5709 dicit.

184 5734 228 5788 9.
255 5742 393 5813 Μέγα
417 5752 472 5806 τὸ
503 5753 766 5820 καύχημα
796 5754 954 5805 αὐτοῦ
984 5756 1041 5805 ὲν
1065 5753 1138 5820 τῷ
1175 5753 1389 5820 σταυρῷ
1425 5771 1540 5808 σου.

1459 5772 1540 5808 ου.
1811 5749 1861 5802 9.
1915 5745 2101 5815 Magna
2133 5755 2213 5800 est
2240 5745 2489 5815 gloriatio
2529 5747 2646 5812 ejus
2675 5747 2726 5798 in
2765 5759 2926 5799 cruce
2957 5751 3065 5796 tua.
