4068 6318
693 326 793 382 719

1523 320 1578 377 S.
1619 321 1987 377 ATHANASII
2025 321 2173 377 OPP.
2216 321 2394 377 PARS
2431 322 2518 377 lll.
2564 347 2619 362 -ι-
2670 318 3081 378 EXEGETICA.
3854 321 3952 374 7’20

759 440 846 496 10.
869 436 1127 504 Gloriam,
1153 449 1206 494 et
1238 455 1495 511 magnum
1526 439 1774 497 decorem
1807 443 2049 513 impones
2082 459 2243 514 super

2417 443 2502 498 10.
2560 441 2726 508 Δόξαν
2785 445 2879 496 καὶ
2953 439 3421 514 μεγαλοπρέπειαν
3487 439 3785 514 ἐπιθήσεις
3869 444 3953 494 ἐπ’

689 549 836 589 eum.

764 623 845 676 11.
875 621 1138 689 Quoniam
1176 622 1331 678 dabis
1362 638 1484 679 eum
1522 623 1576 678 in
1604 621 2035 680 benedictionem
2070 625 2123 679 in
2151 642 2254 682 sae-

690 713 870 767 culum
905 711 1086 765 sreculi
1126 727 1137 762 :

760 805 845 858 12.
884 803 1207 859 Ιιεειίίίεοὺὶε
1240 819 1362 858 cum
1391 806 1442 858 in
1479 805 1676 871 gaudio
1698 820 1822 860 cum
1851 807 2002 861 vultu
2034 817 2146 862 tuo.

761 898 843 952 15.
881 897 1146 963 Quoniam
1179 913 1269 951 rex
1299 908 1478 966 sperat
1505 897 1559 950 in
1594 897 1823 952 Domino
1850 916 1862 952 :

761 989 846 1042 11.
875 991 939 1042 Et
975 991 1038 1043 'in
1087 988 1459 1043 misericordia
1491 989 1754 1044 Altissimi
1790 1004 1898 1043 non
1949 1004 2255 1044 commove-

688 1084 851 1138 bitur.

761 1176 847 1228 15.
879 1175 1184 1228 Inveniatur
1211 1191 1406 1229 manus
1439 1183 1528 1229 tua
1557 1175 1810 1229 omnibus
1840 1175 2076 1229 inimicis
2106 1177 2248 1230 luis:

763 1268 844 1322 16.
882 1266 1106 1322 Dextera
1135 1277 1226 1320 tua
1252 1267 1490 1321 inveniat
1516 1283 1704 1323 omnes
1733 1269 1824 1337 qui
1859 1277 1908 1322 te
1928 1269 2180 1322 oderunt.

761 1361 846 1415 17.
883 1360 1056 1418 Pones
1108 1375 1234 1425 eos,
1287 1367 1344 1412 ut
1383 1359 1656 1414 clibanum
1712 1360 1854 1430 ignis
1907 1359 1961 1413 in
2015 1369 2254 1430 tempore

686 1451 869 1505 vultus
903 1449 1003 1503 tui.

759 1543 846 1598 18.
880 1542 1140 1598 Dominus
1174 1541 1225 1595 in
1262 1542 1340 1596 ira
1388 1558 1484 1597 sua
1532 1543 1881 1598 conturbabit
1923 1558 2035 1607 eos,
2065 1553 2118 1598 et
2156 1543 2252 1598 de-

687 1634 893 1688 vorabit
921 1648 1012 1686 cos
1040 1631 1199 1702 ignis.

756 1729 840 1783 19.
873 1726 1130 1782 Fructum
1160 1742 1346 1782 eorum
1384 1727 1448 1780 de
1479 1734 1621 1780 terra
1647 1727 1838 1796 perdes
1865 1747 1878 1792 ;

754 1819 842 1873 20.
873 1819 938 1873 Et
962 1835 1143 1873 semen
1174 1835 1361 1873 eorum
1396 1833 1423 1870 a
1457 1819 1579 1874 filiis
1620 1820 1920 1874 hominum.

753 1909 842 1962 21.
875 1907 1142 1974 Quoniam
1173 1908 1576 1964 declinaverunt
1599 1910 1652 1964 in
1683 1918 1733 1964 te
1762 1910 1902 1964 mala
1936 1927 1949 1962 :

756 2000 846 2056 22.
877 2001 1261 2071 Cogitaverunt
1307 2002 1575 2066 consilia,
1620 2017 1742 2071 qua:
1793 2017 1900 2057 non
1959 2010 2251 2071 potuerunt

687 2094 925 2148 stabilire
951 2111 963 2146 :

755 2188 844 2242 25.
872 2186 1138 2254 Quoniam
1174 2201 1340 2257 pones
1369 2202 1463 2242 eos
1486 2187 1742 2241 dorsum:

753 2280 841 2334 24.
873 2278 927 2332 1η
957 2277 1198 2348 reliquiis
1230 2278 1338 2333 tuis
1362 2279 1692 2348 praeparabis
1717 2278 1927 2334 vultum
1951 2293 2162 2333 eorum.

753 2456 845 2510 25.
871 2454 1144 2520 Exaltare,
1173 2453 1419 2518 Domine,
1446 2455 1498 2508 in
1525 2454 1721 2511 virtute
1742 2463 1853 2512 tua.

755 2548 842 2604 26.
867 2549 1216 2604 Cantabimus
1244 2558 1296 2603 et
1323 2548 1616 2617 psallemus
1644 2551 1872 2606 virtutes
1898 2559 2037 2605 tuas.

2359 534 2542 590 αὐτόν.

2429 627 2516 680 11.
2552 627 2671 680 Ὀτι
2704 626 2895 690 δώσεις
2921 623 3066 695 αὐτῷ
3088 626 3336 695 εὐλογίαν
3363 628 3440 690 είς
3463 627 3629 680 αἰῶνα
3661 628 3902 689 αἰῶνος·

2429 808 2512 862 12.
2531 811 2830 881 Εὐφρανεῖς
2848 812 3007 865 αὐτὸν
3022 815 3076 865 ἐν
3089 814 3231 883 χαρᾷ
3250 810 3384 882 μετά
3395 810 3486 862 τοῦ
3504 807 3818 880 προσώπου
3842 822 3916 860 σοι

2427 904 2513 956 15.
2549 905 2668 956 Ὅτι
2694 907 2722 958 ὁ
2748 906 2999 975 βασιλεὺς
3027 906 3233 968 ὲλπίςει
3266 907 3357 957 ἐπὶ
3380 903 3600 974 Κύριον·

2427 994 2513 1048 14.
2546 996 2654 1048 Καὶ
2686 998 2742 1048 ἐν
2769 997 2845 1067 τῷ
2876 997 3014 1051 ἐλέει
3042 997 3134 1050 τοῦ
3181 997 3431 1066 Ὑψίστου
3465 997 3523 1050 οὐ
3556 995 3629 1067 μὴ
3674 994 3948 1062 σαλευϐᾗ.

2425 1170 2510 1224 15.
2537 1171 2796 1243 Εὑρεθείη
2829 1174 2861 1242 ἡ
2894 1173 3011 1242 χείρ
3038 1190 3130 1225 σου
3156 1174 3287 1226 πᾶσι
3313 1176 3423 1235 τοῖς
3450 1171 3658 1241 ἐχθροῖς
3687 1188 3798 1222 σου
3824 1187 3837 1200 ο

2425 1262 2510 1315 16.
2549 1262 2614 1315 Ἥ
2642 1263 2790 1327 δεξιά
2820 1281 2910 1317 σου
2940 1263 3087 1335 εὖροι
3117 1264 3322 1328 πάντας
3352 1265 3475 1326 τοὺς
3515 1263 3825 1334 μισοῦντὰς
3867 1278 3946 1315 σε.

2426 1354 2512 1408 17.
2547 1356 2669 1408 Ὅτι
2703 1355 2890 1426 θήσεις
2923 1357 3116 1420 αὐτοὺς
3143 1357 3217 1420 ὡς
3249 1357 3494 1410 κλίϐανον
3522 1355 3686 1424 πυρὸς
3710 1357 3807 1417 είς
3835 1371 3949 1407 atat-

2355 1446 2448 1518 ρὸν
2479 1447 2568 1500 τοῦ
2598 1453 2890 1520 προσώπου
2928 1467 3043 1503 σου.

2427 1542 2512 1596 18.
2538 1543 2739 1613 Κύριος
2766 1546 2823 1596 ὲν
2855 1545 2990 1615 ὀργῇ
3021 1543 3184 1597 αὐτοῦ
3231 1542 3546 1615 συνταράξει
3578 1541 3814 1606 αὐτοὺς,
3855 1541 3948 1594 καί

2355 1634 2728 1702 καταφάγεται
2755 1636 2952 1698 αὐτοὺς
2976 1635 3104 1705 πῦρ.

2423 1728 2508 1784 19.
2539 1729 2640 1782 Τὸν
2669 1729 2878 1800 καρπὸν
2907 1728 3081 1781 αὐτῶν
3115 1727 3220 1780 ἀπὸ
3243 1730 3340 1798 τῆς
3365 1728 3466 1796 γῆς
3495 1726 3732 1789 ἀπολεῖς.

2285 1807 2328 1863 Β
2427 1821 2517 1877 20.
2547 1822 2656 1874 Καὶ
2685 1823 2743 1874 τὸ
2773 1822 2990 1892 σπέρμα
3020 1821 3197 1874 αὐτῶν
3218 1820 3322 1874 ἀπὸ
3349 1818 3478 1873 υἱῶν
3499 1818 3836 1891 ἀνθρώπων.

2429 1911 2518 1965 21.
2550 1913 2671 1965 Ὅτι
2697 1911 2910 1966 ἔκλιναν
2936 1913 3014 1977 εἰς
3043 1912 3101 1965 σὲ
3132 1912 3296 1966 κακά·

2425 2001 2512 2055 22.
2561 2003 2935 2072 Διελογίσαντο
2983 2003 3196 2074 βουλὰς,
3238 1998 3326 2068 αἷς
3368 2002 3445 2075 [in
3475 2019 3636 2074 marg.
3673 2004 3801 2057 cod.
3852 2002 3944 2073 ἃς]

2355 2091 2414 2142 οὐ
2454 2092 2525 2162 μὴ
2551 2090 2810 2146 δύνωνται
2839 2093 3024 2162 στῆναι
3051 2093 3310 2167 [στῆσαι].

2423 2182 2512 2236 2'5.
2547 2184 2666 2236 Ὅτι
2690 2184 2875 2256 θήσεις
2897 2186 3092 2250 αὐτοὺς
3125 2187 3292 2241 νῶτον

2422 2274 2511 2328 24.
2552 2275 2639 2328 Ἐν
2683 2278 2794 2340 τοῖς
2827 2277 3157 2347 περιλοίποις
3187 2297 3280 2332 σου
3322 2281 3625 2350 ὲτοιμάσεις
3656 2278 3718 2332 τὸ
3762 2277 3946 2351 πρόσ-

2355 2381 2502 2416 ωπον
2532 2364 2733 2420 αὐτῶν.

2424 2457 2510 2512 25.
2557 2459 2847 2531 Ὺψώθητι,
2877 2460 3066 2534 Κύριε,
3100 2463 3157 2516 ὲν
3185 2465 3249 2534 τῇ
3284 2463 3506 2534 δυνάμει
3535 2480 3647 2516 σου.

2425 2551 2513 2607 26.
2547 2552 2782 2624 ’ᾼσομεν
2811 2553 2904 2605 καὶ
2930 2551 3201 2625 ψαλοῦμεν
3225 2555 3323 2618 τὰς
3349 2555 3662 2617 δυναστείας
3700 2570 3828 2609 σου.

1801 2728 2176 2784 ATHANASII
2217 2726 2806 2787 INTERPRETATIO.

757 2888 844 2944 10.
883 2887 941 2942 ιιι
981 2902 1149 2958 regno
1187 2899 1302 2943 tuo.

757 2979 844 3032 11.
898 2976 1092 3033 Dicens
1133 2978 1202 3034 ad
1244 2993 1410 3035 eum:

685 3073 785 3126 mei
813 3072 877 3123 ".

752 3165 834 3221 12.
873 3164 1071 3221 Videns
1101 3164 1297 3221 faciem
1347 3171 1497 3218 tuam
1529 3162 1585 3218 in
1629 3179 1798 3234 regno
1834 3172 1929 3220 tuo
1956 3162 2246 3219 laetabitur.

1489 2976 1650 3046 Veni,
1702 2976 2001 3032 benedictus
2070 2976 2251 3031 Patris

756 3345 844 3401 15.
884 3342 1124 3413 Populus
1166 3341 1360 3397 fidelis.

754 3435 842 3490 11.
874 3434 1008 3489 Cum
1041 3433 1181 3488 Deus
1227 3432 1342 3501 ipse
1368 3430 1575 3486 venerit
1648 3428 2081 3484 eonfirmabitur.

756 3527 842 3583 15.
887 3525 1058 3580 Filius
1080 3533 1206 3580 tuus
1238 3522 1542 3593 confringet
1569 3521 1820 3576 inimicos
1863 3529 2004 3575 tuos.

758 3618 839 3676 16.
891 3620 1010 3689 Ipse
1036 3617 1343 3687 unigenitus
1371 3614 1544 3670 Filius
1580 3624 1730 3679 tuus,
1771 3614 1864 3683 qui
1895 3613 2033 3668 sedit
2057 3627 2087 3665 a
2117 3611 2248 3666 dex-

685 3718 782 3772 tris
815 3714 940 3780 tuis,
972 3728 1065 3783 per
1087 3726 1249 3782 quem
1291 3709 1465 3764 fecisti
1502 3709 1704 3774 omnia,
1736 3707 1903 3761 veluti
1934 3722 2030 3776 per
2062 3706 2248 3760 dexte-

684 3825 800 3865 ram
825 3805 1110 3862 concludet
1140 3817 1234 3858 eos
1282 3817 1471 3856 omnes
1513 3802 1569 3854 in
1599 3799 1926 3870 supplicium
1960 3809 2245 3854 aeternum.

750 3993 837 4048 17.
893 3989 1030 4058 Quia
1086 3988 1140 4042 in
1196 3984 1517 4041 saeculorum
1577 3981 2046 4037 consummatione
2096 3980 2246 4035 dabis

678 4106 778 4147 Eos
811 4087 864 4141 in
893 4089 1071 4157 ignem
1101 4089 1390 4137 aeternum.

752 4181 838 4235 18.
897 4179 1049 4232 Alios
1078 4174 1297 4246 quidem
1345 4172 1400 4225 in
1445 4170 1651 4234 fletum,
1692 4178 1747 4224 et
1780 4169 2063 4225 stridorem
2113 4169 2248 4223 den-

685 4283 817 4328 tium
853 4269 1066 4325 tradet:
1099 4265 1235 4320 alios
1254 4273 1431 4318 autem
1451 4263 1504 4318 in
1522 4263 1698 4334 ignem
1730 4263 2243 4332 inexstinguibilem.

757 4367 846 4420 19.
899 4368 956 4419 lu
989 4371 1247 4416 reternum
1273 4357 1574 4412 doctrinam
1605 4370 1793 4409 eorum
1829 4354 2127 4424 disperdes.

752 4459 843 4514 20.
905 4453 1328 4511 Adinventiones
1353 4464 1543 4504 eorum
1585 4448 1856 4518 iniquas..

749 4552 836 4605 21.
901 4547 1004 4601 Alii
1062 4545 1278 4615 quidem
1315 4543 1657 4610 insurgentes
1710 4541 1766 4594 in
1815 4547 1867 4594 te
1916 4539 1971 4593 in
2011 4539 2244 4594 adventu

688 4656 811 4706 tuo;
842 4641 930 4694 alii
971 4646 1149 4692 autem
1179 4633 1493 4690 resistentes
1523 4632 1736 4686 veritati
1769 4639 1892 4686 tuae.

751 4734 840 4787 22.
895 4731 1144 4800 Pugnare
1170 4735 1361 4781 contra
1395 4732 1449 4779 te
1474 4724 1784 4776 voluerunt.

753 4824 842 4887 25,
882 4821 972 4874 24.
1032 4818 1302 4885 Quoniam
1330 4830 1500 4886 pones
1551 4828 1645 4869 eos
1678 4813 1730 4865 in
1763 4809 2088 4881 supplicium
2116 4824 2239 4863 cum

686 4917 752 4973 iis
767 4957 780 4979 ,
816 4913 910 4984 qui
957 4911 1252 4979 perierunt.

757 5006 846 5059 25.
895 5001 1206 5057 Glorilicare
1251 4996 1475 5052 Domine
1520 4993 1572 5048 in
1621 4991 1858 5062 potentia
1907 4991 2241 5047 fortitudinis

688 5107 792 5149 tua:
828 5103 1068 5160 tempore
1106 5086 1316 5157 judicii.

752 5185 843 5239 26.
898 5183 955 5235 In
994 5179 1295 5251 praepositis
1327 5177 1549 5247 psalmis
1582 5175 1863 5230 laudantes
1893 5175 2238 5230 narrabimus

687 5278 882 5336 iudicia
918 5273 1177 5329 tremendi
1207 5271 1284 5325 tui
1311 5269 1610 5325 tribunalis.

756 5453 802 5484 "
837 5451 1021 5504 Matth.
1064 5464 1193 5512 xxv,
1228 5447 1318 5502 51.

2436 2885 2519 2941 10.
2567 2888 2652 2940 Ἐν
2677 2890 2742 2959 τῇ
2774 2887 3019 2958 βασιλείᾳ
3046 2903 3161 2940 σου.

2431 2978 2516 3031 11.
2551 2979 2737 3046 Λέγων
2784 2978 2920 3051 πρὸς
2952 2979 3144 3032 αὐτόν·
3202 2978 3401 3048 Δεῦρο,
3453 2981 3486 3033 ό
3520 2981 3942 3048 εὐλογημένος

2280 3054 2322 3111 C
2355 3069 2462 3122 τοῦ
2485 3071 2714 3138 Πατρός
2732 3087 2873 3138 μου.

2424 3163 2511 3216 12.
2544 3163 2775 3233 Θεωρῶν
2816 3162 2874 3215 τὸ
2923 3161 3210 3232 πρόσωπόν
3249 3179 3341 3214 σου
3368 3164 3425 3215 ὲν
3456 3165 3520 3233 τῇ
3554 3161 3803 3240 βασιλείᾳ
3837 3183 3939 3219 σου

2351 3254 2806 3326 εὐφρανθήσεται.

2423 3349 2510 3401 13.
2561 3348 2618 3400 '0
2645 3348 2831 3410 πιστὸς
2855 3347 3002 3410 λαός.

2425 3439 2510 3492 14.
2550 3440 2636 3492 Ἐν
2677 3438 2754 3509 τῷ
2793 3439 2882 3492 τὸν
2926 3437 3055 3491 Θεὸν
3095 3435 3266 3489 ἐλθεῖν
3307 3435 3499 3500 αὐτὸν,
3535 3438 3943 3510 ἐστηριγμένος

2350 3533 2523 3588 ἔσται.

2421 3623 2509 3679 15.
2547 3624 2604 3677 '0
2637 3622 2760 3685 Υἱός
2787 3638 2880 3675 σου
2906 3620 3182 3692 συντρίψει
3207 3619 3332 3683 τοὺς
3353 3616 3580 3690 ἐχθρούς
3607 3636 3718 3671 σου.

2422 3713 2508 3767 16.
2552 3714 2610 3766 Ὀ
2646 3712 2805 3774 αὐτὸς
2848 3712 3135 3781 μονογενὴς
3170 3701 3294 3772 Υἱός
3325 3726 3415 3762 σου
3453 3711 3482 3762 ὁ
3514 3711 3580 3762 ὲκ
3607 3709 3800 3776 δεξιῶν
3833 3728 3936 3766 σου

2352 3804 2654 3874 καθήμενος
2675 3845 2689 3869 ,
2718 3803 2783 3855 δι’
2810 3797 2869 3855 οὗ
2898 3802 3157 3870 ἐποίησας
3188 3801 3254 3854 τά
3288 3801 3463 3854 πάντα
3482 3841 3497 3863 ,
3531 3802 3607 3863 ὡς
3634 3800 3719 3854 δίά
3742 3803 3943 3869 δεξιᾶς

2352 3895 2654 3964 συγκλείσει
2684 3895 2887 3957 πάντας
2918 3894 3114 3957 αὐτοὺς
3141 3895 3220 3956 είς
3251 3893 3470 3947 αἰωνίαν
3501 3893 3737 3948 κόλασιν.

2423 3987 2509 4040 17.
2541 3988 2662 4039 Ὅτι
2693 3987 2750 4039 ὲν
2780 3988 2845 4056 τῇ
2890 3985 3165 4057 συντελείᾳ
3191 3984 3283 4038 τοῦ
3315 3985 3506 4050 αίῶνος
3535 3985 3726 4051 δώσεις
3755 3989 3938 4053 αὐτὸς

2352 4078 2592 4153 [αὐτούς]
2628 4080 2706 4142 είς
2733 4079 2793 4132 τὸ
2819 4077 2929 4150 πῦρ
2953 4059 3012 4132 τὸ
3037 4078 3269 4132 αἰώνιον.

2420 4171 2505 4225 18.
2534 4171 2671 4234 Τοὺς
2715 4171 2810 4241 μὲν
2840 4167 2948 4241 γὰρ
2976 4173 3055 4233 εἰς
3085 4170 3175 4221 τὸν
3217 4168 3490 4239 κλαυθμὸν
3535 4170 3628 4222 καί
3676 4169 3940 4243 βρυγμρὺν

2351 4265 2457 4318 τῶν
2481 4263 2703 4316 ὀδόντων
2731 4261 2975 4335 παραδῷ,
3008 4263 3134 4324 τοὺς
3159 4261 3215 4314 δὲ
3248 4260 3492 4332 ἀσϐέστῳ
3516 4261 3668 4336 πυρί.

2429 4355 2510 4409 19.
2538 4353 2648 4424 Τὴν
2671 4351 3014 4407 διδασκαλίαν
3036 4349 3211 4404 αὐτῶν
3240 4350 3482 4418 ἀφανιεῖς
3504 4351 3580 4412 είς
3605 4349 3697 4402 τὸν
3722 4350 3930 4406 αἰῶνα.

2419 4444 2506 4498 20.
2539 4445 2619 4499 Τά
2642 4442 3048 4515 ἐπιτηδεύματα
3074 4439 3251 4494 αὐτῶν
3284 4441 3351 4492 τά
3374 4439 3538 4509 ὗνομα
3569 4439 3666 4510 (1).

2415 4537 2504 4591 21.
2528 4537 2591 4590 Ol
2630 4535 2726 4606 μὲν
2758 4532 3139 4588 ἐπανίστανται
3170 4527 3598 4603 [ἐπανιστάντες]
3643 4529 3721 4599 (2)
3750 4547 3834 4584 σοι
3867 4533 3932 4584 ὲν

2347 4631 2413 4700 τῇ
2435 4626 2703 4698 παρουσίᾳ
2720 4641 2834 4678 σου*
2855 4625 2902 4676 οί
2923 4624 2978 4677 δὲ
2996 4624 3091 4677 ἀνθ
3101 4623 3371 4693 ιστάμενοι
3388 4628 3445 4676 ἐν
3459 4624 3525 4692 τῇ
3545 4621 3773 4694 ἀληθείᾳ
3796 4639 3928 4676 σου.

2415 4717 2504 4771 22.
2551 4717 2799 4784 Ἀντᾶραι
2823 4714 3090 4785 ἠθέλησαν
3117 4711 3257 4766 κατά
3282 4711 3394 4766 σοῦ.

2415 4809 2506 4873 25,
2530 4808 2619 4862 24,
2654 4808 2774 4860 Ὅτι
2809 4804 2993 4877 θήσεις
3024 4805 3218 4870 αὐτοὺς
3245 4806 3324 4868 εἰς
3349 4801 3614 4875 τιμωρίαν
3637 4803 3776 4874 μετά
3803 4804 3928 4860 τῶν

2347 4899 2547 4953 ἀπολλυ
2556 4897 2747 4970 μένων.

2410 4988 2500 5042 25.
2529 4987 2843 5058 Δοξάσθητι,
2869 4986 3060 5056 Κύριε,
3085 4986 3141 5039 ὲν
3166 4983 3242 5056 τῷ
3269 4983 3456 5056 κράτει
3481 4984 3580 5056 τῆς
3610 4982 3790 5054 ἰσχύος
3819 5001 3923 5038 σου

2347 5083 2403 5134 ὲν
2426 5080 2503 5151 τῷ
2534 5078 2708 5149 καιρῷ
2738 5079 2836 5148 τῆς
2859 5077 3111 5147 κρίσεως.

2415 5171 2504 5224 26.
2553 5169 2938 5241 Ἀνυμνοῦντες
2995 5171 3051 5222 ὲν
3097 5172 3206 5233 τοῖς
3253 5169 3630 5241 προκειμένοις
3677 5169 3920 5241 ψαλμοῖς

2346 5261 2713 5334 διηγησόμεθα
2744 5261 2814 5314 τὰ
2844 5262 3098 5334 κριτήρια
3130 5260 3221 5314 τοῦ
3251 5261 3478 5332 φοϐεροῦ
3521 5277 3615 5313 σου
3645 5261 3912 5333 βήματος-ν

1629 5603 1924 5664 Addenda
1968 5607 2023 5662 et
2057 5593 2431 5676 corrigenda
2470 5608 2545 5652 ex
2580 5592 2717 5650 eod.
2759 5589 2952 5648 Vatic.

757 5775 829 5843 gi)
866 5775 1078 5840 "it/01.11,

2421 5754 2491 5822 (2)
2539 5750 2961 5810 Ἐπαναστάντες
