4084 6322
167 373 267 426 721
1072 374 1162 430 DE
1208 375 1488 434 TITULIS
1526 376 1975 438 PSALMORUM.
2015 413 2085 425 -—
2123 383 2315 440 PSAL.
2357 383 2497 440 XXI.
3300 382 3407 437 722

167 499 270 561 Εἰς
294 494 360 548 τὸ
401 493 591 560 τέλος,
620 495 769 563 υπὲρ
798 493 905 563 τῆς
938 496 1313 565 ἀντιλήψεως
1345 497 1453 567 τῆς
1475 498 1739 569 ἑωθινῆς,
1770 543 1780 560 λ

1791 508 1814 561 1
1845 500 1910 557 In
1937 504 2124 573 ﬁnem,
2150 521 2245 574 pro
2272 503 2596 574 susceptione
2624 511 2909 569 matutina,
2937 500 3170 572 psalmus
3212 499 3404 557 David.

490 589 730 664 ψατλμὸς
750 586 830 653 τῷ
853 589 1047 642 Δαόίό.
1083 592 1252 644 ΨΑΛ.
1280 589 1410 646 KA'.

1215 601 1252 644 ι.
1280 589 1410 646 KA'.
2430 594 2633 651 PSAL.
2669 594 2828 651 XXI.

241 678 294 732 1.
328 679 387 731 Ὀ
411 678 561 743 Θεὸς,
587 682 615 733 6
639 679 769 743 Θεός
803 697 927 751 μου,
959 681 1191 753 πρόσχες
1218 698 1329 753 μοι·
1358 683 1445 737 ἵνα
1469 682 1521 736 τί
1545 684 1740 752 tym-

1913 687 1964 741 1.
1999 685 2161 754 Deus,
2192 686 2336 745 Deus
2366 704 2542 753 meus,
2567 688 2775 758 respice
2802 689 2857 743 in
2875 702 2981 755 me,
3011 700 3179 757 quare
3207 700 3292 739 me
3311 685 3404 739 de-

162 770 351 834 έλιπές
383 790 447 843 με
466 791 481 840 ;

1842 779 2105 849 reliquisti
2130 782 2151 833 ?

236 863 290 916 2.
324 864 557 936 Μακρὰν
595 865 705 918 ἀπὸ
746 865 845 937 τῆς
892 866 1164 937 σωτηρίας
1213 884 1314 939 μου
1346 869 1395 919 ot
1437 866 1582 936 λόγοι
1627 867 1735 923 τῶν

1910 872 1961 926 2.
1999 872 2181 944 Longe
2208 889 2239 928 a
2261 887 2433 929 salute
2456 890 2573 929 mea
2601 875 2761 929 verba
2786 874 3106 929 delictorum
3137 883 3400 923 meorum.

167 960 632 1028 παραπτωμάτων
664 976 785 1029 μου.

236 1051 290 1103 5.
333 1050 391 1102 ὐ
419 1049 549 1112 Θεός
579 1068 711 1121 μου,
752 1049 1087 1122 κεκράξομαι
1120 1049 1350 1122 ἡμέρας,
1375 1050 1468 1105 καὶ
1496 1050 1597 1105 οὐκ
1627 1052 1737 1105 εἰσ-

1909 1051 1961 1104 3.
1989 1049 2130 1105 Deus
2152 1066 2325 1116 meus,
2350 1050 2595 1107 clamabo
2608 1065 2704 1121 per
2722 1050 2886 1118 diem,
2914 1057 2967 1103 et
2988 1064 3097 1103 non
3127 1043 3400 1108 exaudies,

163 1157 394 1213 ακουσῃ,

235 1234 289 1286 4.
323 1235 431 1286 Καὶ
462 1233 671 1296 νυκτὸς,
700 1234 793 1286 καὶ
820 1234 919 1286 οὐκ
946 1234 1026 1296 είς
1056 1231 1238 1287 ἄνοιαν
1270 1233 1412 1305 ἐμοί.

1909 1236 1963 1291 4.
1995 1235 2060 1289 Ει
2090 1244 2263 1298 nocte,
2304 1245 2358 1291 et
2386 1252 2492 1292 non
2522 1237 2590 1292 ad
2613 1237 2978 1307 insipientiam
3005 1235 3156 1290 mihi.

232 1323 286 1377 5.
319 1326 391 1377 Σὺ
422 1324 480 1376 δὲ
515 1326 572 1377 ὲν
594 1324 732 1395 ἁγίῳ
754 1327 1044 1389 κατοικεῖς,
1068 1325 1098 1377 6
1119 1323 1338 1388 ἔπαινος
1361 1323 1455 1377 τοῦ
1494 1325 1729 1397 Ἰσραήλ.

1591 1325 1729 1397 uti}.
1910 1330 1963 1385 5.
1994 1329 2073 1383 Tu
2108 1340 2284 1383 autem
2316 1331 2370 1384 in
2400 1337 2589 1385 sancto
2620 1330 2855 1394 habitas,
2882 1330 3002 1385 laus
3023 1329 3204 1386 lsrael.

234 1416 287 1470 6.
337 1417 458 1470 Ἐπὶ
484 1418 566 1471 σοὶ
592 1418 827 1488 ἠλπισαν
852 1418 899 1469 oi
933 1415 1165 1488 πατέρες
1198 1415 1376 1488 ἡμῶν,

1366 1457 1376 1481 ,
1908 1419 1960 1473 6.
2012 1418 2070 1472 In
2104 1429 2154 1473 te
2186 1430 2540 1489 speraverunt
2572 1429 2752 1489 patres
2788 1422 2979 1488 nostri,

234 1508 287 1563 7.
322 1508 613 1573 Ἤλπισαν,
655 1508 747 1561 καὶ
770 1507 983 1580 ἐρρύσω
1013 1506 1210 1570 αὐτούς

1912 1509 1962 1563 7.
2016 1509 2404 1580 Speraverunt,
2435 1521 2483 1565 et
2517 1511 2757 1565 liberasti
2787 1526 2879 1566 eos
2905 1531 2916 1565 :

230 1601 288 1656 8.
319 1602 462 1672 Πρὸς
493 1601 553 1655 σὲ
578 1600 897 1672 ὲκέκραξαν,
922 1600 1014 1654 καὶ
1042 1597 1339 1669 ἐσώθησαν,

1906 1602 1960 1656 8.
2019 1602 2100 1656 Ad
2128 1611 2179 1656 te
2210 1602 2601 1668 clamaverunt,
2638 1613 2691 1657 et
2722 1604 2856 1658 salvi
2887 1603 3013 1659 lacti
3042 1610 3192 1669 sunt,

232 1694 284 1750 9.
331 1696 452 1747 Ἐπὶ
482 1695 562 1746 σοι
587 1694 838 1764 ἧλπισαν,
875 1694 969 1747 καὶ
999 1693 1059 1745 οὐ
1096 1690 1565 1765 κατῃσχύνθησαν.

1907 1694 1959 1748 9.
2012 1692 2071 1747 ln
2104 1703 2153 1747 te
2194 1704 2573 1763 speraverant,
2615 1704 2669 1749 et
2698 1711 2805 1750 non
2835 1705 2963 1751 sunt
2999 1695 3231 1752 confusi.

228 1787 319 1840 10.
366 1785 504 1854 Ἐγὼ
527 1786 584 1839 δέ
614 1784 990 1858 είμιισκώληξ,
1015 1783 1109 1837 καὶ
1134 1784 1232 1836 οὐκ
1260 1782 1562 1855 ἄνθρωπος,

1910 1785 1995 1838 10.
2041 1782 2153 1854 Ego
2179 1796 2359 1838 autem
2391 1801 2512 1839 sum
2552 1789 2774 1851 vermis,
2819 1798 2873 1842 et
2919 1804 3026 1842 non
3056 1788 3256 1853 homo;

230 1879 322 1932 11.
358 1878 598 1941 Ὀνειδος
625 1876 945 1947 ἀνθρώπων,
977 1876 1071 1929 καὶ
1095 1874 1429 1946 ὲξουθένημα
1453 1874 1533 1947 [in
1558 1891 1727 1947 marg.
1762 1868 1804 1923 B

1694 1892 1727 1943 ι.
1762 1868 1804 1923 Β
1905 1875 1991 1931 11.
2039 1872 2402 1945 Opprobrium
2433 1876 2741 1945 hominum,
2772 1889 2821 1933 et
2850 1878 3082 1949 abjectio
3118 1878 3307 1948 plebis.

148 1972 275 2025 eod.
305 1969 661 2041 ὲξουδένωμα]
695 1967 846 2023 λαοῦ.

226 2063 317 2115 12.
345 2062 550 2124 Πάντες
583 2064 632 2114 οί
666 2059 993 2130 Θεωροῦντές
1019 2078 1084 2132 με
1108 2058 1539 2130 ὲξεμυκτήρισάν
1574 2076 1662 2130 με·

1574 2076 1662 2130 με·
1905 2056 1986 2111 12.
2045 2055 2249 2111 Omnes
2281 2057 2525 2112 videntes
2557 2072 2667 2121 me,
2715 2057 3026 2112 deriserunt
3054 2071 3140 2111 me
3173 2072 3186 2111 :

224 2154 317 2208 15.
357 2153 651 2224 Ἐλάλησαν
684 2155 740 2207 ὲν
772 2153 1021 2223 χείλεσιν,
1050 2154 1302 2223 ἐκίνησαν
1327 2151 1587 2225 κεφαλήν.

1906 2150 1991 2203 15.
2040 2149 2229 2205 Loculi
2275 2158 2404 2204 sunt
2440 2150 2620 2213 labiis,
2651 2161 2706 2205 et
2739 2158 3025 2205 moverunt
3051 2157 3232 2219 caput.

224 2243 317 2298 14.
346 2243 609 2297 Ἥλπισεν
640 2244 733 2297 ἐπὶ
760 2243 982 2315 Κύριον,
1015 2242 1269 2313 ῥυσάσθω
1300 2243 1482 2296 αὐτόν’

1466 2259 1482 2274 θ
1904 2243 1990 2296 14.
2046 2244 2296 2311 Speravit
2325 2244 2376 2295 in
2412 2241 2667 2309 Domino,
2699 2244 2892 2312 eripiat
2919 2258 3077 2296 cum:

222 2331 314 2386 15.
346 2332 579 2385 Σωσάτω
604 2332 781 2395 αὐτὸν,
805 2333 884 2384 ὅτι
907 2330 1047 2384 Θέλει
1077 2331 1257 2386 αὐτόν.

1906 2334 1994 2387 15.
2051 2332 2271 2387 Salvum
2304 2332 2466 2388 faciat
2496 2348 2640 2399 eum,
2672 2334 2930 2402 quoniam
2965 2333 3079 2385 vult
3105 2348 3249 2386 eum.

223 2424 313 2477 16.
346 2425 465 2477 Ὀτι
503 2426 565 2478 σὺ
593 2420 643 2477 εῐ
663 2427 691 2477 6
718 2424 997 2487 ἐκσπάσας
1034 2442 1100 2496 με
1126 2426 1189 2477 ὲκ
1217 2425 1473 2497 γαστρός·

1905 2427 1990 2481 16.
2042 2426 2309 2493 Quoniam
2336 2438 2391 2479 tu
2424 2440 2504 2492 es,
2534 2426 2626 2496 qui
2660 2426 2943 2480 extraxisti
2969 2441 3049 2479 me
3080 2426 3146 2480 de
3172 2432 3388 2479 ventre:

1277 2544 1659 2602 ATHANASII
1698 2545 2280 2602 INTERPRETATIO.

226 2638 296 2693 Ἦ
333 2641 665 2712 προκειμένη
709 2641 983 2712 επιγραφὴ
1019 2642 1257 2714 περιέχει
1287 2642 1394 2715 (1)⁶
1422 2646 1527 2709 Εἰς
1558 2644 1622 2698 τὸ
1656 2643 1851 2710 τέλος,
1880 2642 2031 2713 ὑπὲρ
2059 2640 2164 2711 τῆς
2209 2640 2583 2710 ἀντιλήψεως
2608 2638 2714 2707 τῆς
2748 2636 3015 2704 ἑωθινῆς,
3051 2636 3288 2705 ψαλμὸς
3315 2633 3392 2702 τῷ

142 2732 346 2788 Δαϐίδ.
364 2733 533 2787 Τοῦτο
563 2730 653 2787 οὖν
684 2733 853 2801 λέγει,
886 2733 965 2786 ὅτι
985 2733 1193 2806 ψαλμὺς
1208 2735 1419 2809 εἴρηται
1448 2736 1552 2791 ὑπὸ
1594 2737 1686 2791 τοῦ
1716 2738 1877 2791 Δαὸὶδ
1904 2739 2031 2809 περὶ
2064 2737 2164 2807 τῆς
2206 2734 2537 2807 ἀντιλήψεως
2561 2734 2659 2804 τῆς
2679 2732 2974 2803 γενομένης
3010 2732 3137 2800 ἡμῖν
3170 2729 3273 2783 ὑπὸ
3297 2729 3390 2783 τοῦ

144 2825 279 2879 Θεοῦ
297 2826 455 2898 ἡμῶν
470 2827 664 2898 Ἰησοῦ,
683 2828 845 2897 ἡνίκα
862 2825 1130 2880 ἀνέτειλεν
1151 2831 1282 2898 ἡμῖν
1311 2829 1427 2900 φῶς
1451 2830 1539 2883 διὰ
1556 2832 1648 2885 τοῦ
1673 2832 1865 2886 ἑαυτοῦ
1887 2833 2093 2897 πάθους
2118 2835 2232 2895 τοῖς
2261 2830 2591 2902 καθημένοις
2608 2830 2664 2881 ὲν
2684 2829 2867 2881 σκότει
2888 2830 2980 2881 καὶ
2994 2828 3117 2897 σκιᾷ
3135 2828 3388 2881 θανάτου.

212 2941 433 2996 Titulus
464 2942 781 3012 prmpositus
820 2939 1060 2993 continet
1088 2954 1101 2991 :
1136 2938 1204 2992 In
1227 2940 1406 3009 ﬁnem,
1437 2959 1532 3012 pro
1564 2945 1885 3012 susceptione
1916 2946 2200 3008 matutina,
2245 2947 2481 3011 psalmus
2512 2939 2703 2994 David.
2738 2936 2850 2992 Hoc
2884 2945 3059 2991 autem
3092 2935 3388 3005 signiﬁcat,

145 3033 291 3103 quod
329 3033 573 3101 psalmus
604 3033 779 3089 dictus
806 3042 889 3090 est
914 3050 944 3089 a
971 3032 1174 3089 Davide
1203 3036 1270 3090 de
1304 3037 1667 3107 susceptione,
1704 3053 1825 3108 quae
1865 3037 2005 3092 facta
2032 3046 2116 3092 est
2158 3037 2314 3091 nobis
2344 3052 2374 3090 a
2406 3036 2516 3090 Deo
2547 3044 2735 3089 nostro
2761 3032 2910 3100 Jesu,
2952 3048 3073 3087 cum
3109 3032 3264 3089 nobis
3295 3048 3387 3089 se-

144 3124 405 3179 dentibus
436 3125 489 3178 in
523 3126 758 3182 tenebris
785 3137 839 3182 et
868 3130 1060 3184 umbra
1091 3132 1303 3197 mortis,
1334 3147 1429 3202 per
1458 3132 1627 3203 ipsius
1654 3134 1960 3204 passionem
1996 3132 2087 3187 lux
2120 3140 2236 3186 orta
2270 3142 2349 3185 est
2373 3133 2436 3185 ".

218 3219 271 3272 1.
320 3219 414 3271 Ἐκ
444 3220 730 3291 προσώπου
765 3222 857 3276 τοῦ
891 3224 1017 3278 λαοῦ
1052 3225 1217 3294 λέγει.
1748 3235 1789 3290 C

1748 3235 1789 3290 C
1892 3227 1943 3280 1.
1998 3226 2074 3281 Ex
2114 3241 2346 3297 persona
2373 3224 2555 3294 populi
2591 3223 2848 3292 loquitur.

214 3310 271 3364 2.
309 3312 410 3365 Διὰ
444 3313 510 3367 τὰ
538 3315 957 3386 παραπτώματά
993 3334 1094 3389 μου
1120 3318 1433 3391 ὲμακρύνθη
1470 3321 1502 3390 ἡ
1541 3337 1715 3391 σωτη-

1886 3319 1941 3374 2.
2001 3317 2228 3389 Propter
2255 3316 2454 3372 delicta
2483 3330 2603 3371 mea
2631 3314 2792 3386 longe
2819 3314 2962 3370 facta
2994 3322 3079 3369 est
3108 3329 3139 3368 a
3173 3328 3258 3369 me
3285 3326 3378 3369 sa-

146 3402 241 3471 ρία
272 3421 399 3473 μου.

1818 3411 1904 3466 lus
1947 3426 2086 3465 mea.

215 3495 271 3548 5.
317 3496 407 3547 Ἐν
433 3498 499 3566 τῇ
528 3497 666 3568 ἀρχῇ
695 3499 801 3551 τῶν
834 3500 1144 3572 προφητῶν.

1892 3503 1944 3556 5.
1998 3501 2054 3555 ln
2086 3501 2354 3571 principio
2383 3500 2792 3569 prophetarum.

212 3591 272 3637 4.
318 3585 443 3636 Ἐπὶ
492 3588 768 3657 συντελείᾳ
795 3588 904 3643 τῶν
947 3588 1156 3643 αἰώνων
1180 3589 1467 3661 βοήσομαι,
1496 3592 1589 3644 καὶ
1618 3593 1718 3645 οὐκ

1888 3594 1940 3647 4.
1996 3595 2053 3645 In
2100 3593 2575 3646 consummatione
2617 3592 2936 3645 saeculorum
2968 3588 3234 3655 clamabo,
3285 3603 3379 3644 ne-

142 3678 223 3738 εἱς
254 3678 432 3747 μάτην
465 3696 553 3748 μοι
581 3682 889 3751 γενήσεται.

1817 3698 1921 3753 que
1955 3682 2004 3735 id
2050 3682 2183 3736 mihi
2231 3681 2600 3736 frustraneum
2639 3683 2762 3735 erit.

210 3768 267 3822 5.
312 3770 399 3821 Ἐν
424 3769 503 3840 τῷ
518 3773 691 3843 Πατρὶ
708 3776 997 3840 κατοικεῖς,
1019 3776 1047 3828 6
1070 3774 1284 3840 ἔπαινος
1303 3774 1378 3848 (2)
1398 3776 1505 3830 τῶν
1528 3777 1713 3845 ἁγίων.

1413 3776 1505 3830 τῶν
1528 3777 1713 3845 ἁγίων.
1888 3776 1939 3831 5.
1978 3775 2033 3831 In
2064 3775 2223 3832 Patre
2254 3777 2486 3841 habitas,
2528 3776 2647 3831 laus
2698 3786 3026 3833 sanctorum.

213 3857 335 3911 6-9.
366 3858 489 3911 Νῶε
509 3900 523 3923 ,
572 3860 728 3927 Λὼτ,
765 3864 981 3929 Ἰακὼϐ,
1016 3867 1286 3937 Μωῡσῆς,
1325 3866 1527 3939 Ἰησοῦς
1566 3870 1595 3920 ὁ
1625 3866 1714 3921 τοῦ

1888 3888 2005 3944 6-9.
2038 3886 2173 3953 Noe,
2193 3887 2313 3948 Lot.
2344 3886 2529 3952 Jacob,
2554 3888 2785 3958 Moyses,
2814 3887 2974 3943 Jesus
3000 3885 3168 3955 Nave,
3196 3899 3249 3943 et
3274 3886 3372 3942 Ju-

142 3947 327 4016 Ναυῆ,
363 3950 458 4002 καὶ
491 3953 539 4003 οἱ
570 3953 785 4023 Κριταί.

368 3950 458 4002 καὶ
491 3953 539 4003 οἱ
570 3953 614 4004 Κ
623 3953 765 4023 ριταί
772 3993 785 4007 .
1815 3982 1981 4038 dices.

215 4038 307 4144 10,
347 4039 431 4093 11.
461 4041 537 4107 (5)
582 4042 673 4093 Ἐκ
696 4043 788 4095 τοῦ
819 4044 1109 4115 προσώπου
1131 4048 1223 4101 τοῦ
1252 4050 1455 4120 Κυρίου
1488 4050 1634 4120 λέγει
1657 4051 1717 4103 τὸ

1888 4073 1975 4137 10,
2014 4073 2098 4127 11.
2128 4072 2203 4127 Ex
2234 4088 2463 4144 persona
2497 4072 2709 4129 Domini
2754 4074 2903 4137 dicit,
2944 4075 3216 4144 quomodo
3246 4088 3376 4129 con-

142 4130 235 4183 ἐπὶ
276 4131 381 4201 γῆς
434 4133 663 4203 ὀφθῆναι
710 4135 784 4207 (4)
822 4137 1308 4208 ἀναστρεφόμενον,
1356 4143 1447 4194 καὶ
1494 4143 1586 4195 ἐπὶ
1623 4142 1713 4206 ξύ-

1814 4173 2063 4219 versatus
2116 4164 2168 4217 in
2242 4165 2405 4219 terris
2459 4166 2728 4235 apparuit,
2789 4175 2842 4219 et
2896 4165 2949 4219 in
2995 4164 3176 4219 crucis
3228 4164 3374 4233 ligno

141 4227 233 4279 λου
294 4227 371 4297 (5)
426 4227 519 4280 τοῦ
584 4230 816 4299 σταυροῦ
874 4231 1036 4286 αὑτὸν
1094 4232 1343 4286 τεθνάναι
1401 4234 1715 4303 ὲμπαγέντα

1818 4266 2063 4310 mortuus
2096 4264 2177 4309 est
2205 4256 2371 4312 clavis
2417 4258 2562 4326 ligno
2604 4256 2814 4319 allixus,
2842 4266 2895 4311 et
2925 4272 3048 4312 esca
3083 4256 3256 4311 lactus
3292 4265 3375 4310 est

141 4318 218 4388 τῷ
248 4318 326 4389 (6)
361 4320 501 4391 ξύλῳ
532 4321 635 4375 ὑπὸ
654 4322 761 4377 τῶν
790 4324 953 4394 ἥλων,
988 4325 1081 4379 καὶ
1105 4326 1390 4395 γενόμενον
1425 4326 1497 4396 (7)
1526 4327 1714 4398 δέλεαρ

140 4412 219 4463 τῶ
247 4411 501 4465 διαϐόλω.

1816 4351 2052 4403 diabolo.
2086 4347 2391 4419 [Tanquam
2430 4318 2628 4404 vermis
2659 4350 2725 4404 ad
2767 4350 3085 4421 capiendum
3122 4347 3373 4420 piscem.]

214 4506 306 4567 12,
334 4506 423 4560 15.
451 4504 525 4576 (8)
560 4507 745 4569 Ὀντος
788 4505 896 4577 γὰρ
932 4507 1094 4560 αὑτοῦ
1128 4509 1220 4562 ἐπὶ
1258 4508 1350 4562 τοῦ
1382 4510 1631 4582 σταυροῦ,
1663 4512 1711 4562 οἱ
1742 4576 1773 4582 ᾳ

1759 4577 1773 4582 _
1888 4503 1971 4566 12,
2016 4502 2100 4555 15.
2156 4502 2292 4561 Cum
2323 4504 2466 4557 enim
2510 4505 2564 4557 in
2600 4520 2762 4560 cruce
2798 4515 2960 4569 esset,
2990 4514 3372 4575 praetereuntes

145 4598 655 4667 παραπορευόμενοι
693 4576 1072 4669 ἐϐλασφήμουν
1126 4600 1283 4652 αὐτὸν
1315 4576 1560 4669 λέγοντες
1584 4616 1597 4629 '
1642 4576 1758 4653 Et]

1755 4577 1787 4634 D
1814 4594 2258 4663 hlasphemabant
2304 4610 2427 4649 eum
2484 4597 2770 4652 dicentes:
2829 4597 2890 4651 Si
2934 4596 3111 4651 Filius
3160 4598 3255 4651 Dei
3294 4614 3368 4663 es,

152 4686 287 4752 Υἱὸς
331 4683 388 4740 εἷ
428 4687 536 4741 τοῦ
585 4688 750 4751 θεοῦ,
798 4690 1080 4757 κατάϐηθι
1118 4691 1236 4743 ἀπὸ
1281 4691 1387 4745 τοῦ
1424 4692 1704 4760 σταυροῦ,

1819 4688 2065 4740 descende
2104 4688 2167 4742 de
2213 4705 2363 4743 cruce
2418 4690 2570 4758 "-"°,
2612 4700 2891 4747 moventes
2930 4692 3105 4761 capita
3128 4707 3223 4746 sua
3260 4691 3372 4744 haec

142 4779 417 4842 κινοῦντες
438 4780 535 4844 τὰς
567 4780 802 4849 κεφαλὰς
824 4782 1005 4852 ἔλεγον
1029 4783 1218 4837 ταῦτα.
1238 4845 1241 4849 ,

466 4780 535 4844 ’ὰς
567 4780 802 4849 κεφαλὰς
824 4782 1005 4852 ἔλεγον
1029 4783 1218 4837 ταῦτα.
1238 4845 1241 4849 ,
1811 4780 2079 4837 dicebant.

212 4869 306 4931 14,
348 4870 434 4923 15.
468 4871 689 4939 Ἔλεγον
725 4873 773 4923 οἱ
808 4872 1112 4943 ἀρχιερεῖς·
1157 4872 1445 4929 Πέποιθεν
1474 4875 1571 4928 ἐπὶ
1598 4875 1707 4930 τόν

1877 4872 1963 4939 14,
1998 4873 2082 4927 15.
2139 4873 2398 4927 Dicebant
2434 4872 2702 4942 principes
2738 4874 3078 4927 sacerdotum
3131 4891 3144 4927 :
3190 4872 3370 4942 Con/E-

144 4963 321 5016 Θεόν·
351 4962 635 5029 ῥυσάσθω
665 4966 849 5019 αὐτόν
875 4966 970 5037 (9).

1818 4967 1894 5020 dit
1932 4970 1983 5021 in
2022 4968 2129 5019 Deo
2156 4983 2173 5019 :
2205 4968 2384 5021 liberet
2414 4984 2531 5020 eum
2558 4967 2624 5021 “.

212 5053 301 5108 16.
343 5055 402 5107 Ὀ
448 5056 857 5128 ἐσταυρωμένος
899 5058 1045 5128 λέγει
1088 5060 1167 5131 τῷ
1214 5062 1420 5135 Πατρί·
1467 5063 1563 5115 Ἐκ
1608 5081 1704 5133 γα-

1632 5081 1704 5116 ·α-
1890 5060 1977 5111 16.
2027 5058 2328 5112 Crucilixus
2371 5060 2500 5114 dicit
2529 5058 2673 5113 Patri
2700 5077 2714 5113 :
2755 5056 2839 5110 Ex
2868 5066 3013 5110 utero
3041 5063 3160 5108 ante
3191 5054 3245 5107 iu

143 5145 327 5214 στρος
348 5148 463 5214 πρὸ
494 5149 828 5217 Ἑωσφόρου
848 5151 1177 5221 ἐτέννησάς
1190 5171 1266 5222 με
1295 5155 1425 5226 (10).

765 5168 828 5203 ου
848 5151 1266 5222 ἐγέννησάςμε
1295 5155 1425 5226 (10).
1814 5168 1929 5205 rum
1956 5154 2179 5222 genuisti
2213 5170 2291 5206 me
2316 5153 2378 5206 δ’.

211 5260 259 5291 ⁸⁸
294 5257 401 5314 lsa.
434 5276 508 5325 Ix,
536 5260 589 5315 2.
665 5261 780 5294 ³⁰ο⁴⁰
809 5261 994 5318 Matth.
1023 5281 1190 5331 xxv",
1220 5267 1307 5322 40.
1382 5267 1423 5297 ⁸³
1460 5267 1588 5323 ibid.
1616 5268 1702 5321 45.
1779 5268 1822 5296 ⁵³

665 5261 780 5294 ³⁸⁸⁸
809 5261 994 5318 Matth.
1023 5281 1190 5331 xxv",
1220 5267 1307 5322 40.
1382 5267 1423 5297 ⁸⁸
1460 5267 1588 5323 ibid.
1616 5268 1702 5321 45.
1779 5268 1822 5296 ⁵³
1849 5265 1991 5320 Ρεδιο
2020 5280 2127 5328 (Ἠ,
2158 5266 2206 5318 ὖ-

1085 5380 1388 5442 Addenda
1450 5390 1507 5443 et
1558 5380 1925 5458 corrigenda
1966 5397 2042 5439 ex
2087 5384 2226 5440 cod.
2266 5380 2459 5439 Vatic.

326 5496 634 5580 Ἐπιγραςρὴ
658 5501 690 5580 η
712 5498 796 5580 διᾲ
823 5499 921 5580 τῆς
950 5498 1313 5571 κινναϐάρεως
1347 5503 1607 5575 περιέχει.
2120 5500 2213 5570 τῷ.

416 5563 600 5640 ξτέἆνω
624 5563 731 5622 τῶν
763 5563 947 5636 ἁγίων.
1178 5563 1189 5571 ”
1296 5563 1307 5566 ⁷
1421 5563 1431 5575 ·
1505 5563 1537 5574 '-

1505 5563 1537 5574 ”
1882 5563 1958 5638 (7)
1996 5574 2103 5624 Καὶ
2132 5563 2439 5640 γενόμενον,
2470 5580 2596 5633 ctc.,
2633 5571 2829 5625 desunt
2856 5570 2908 5625 in
2939 5568 3059 5626 cod.

229 5634 287 5710 2’3)
417 5636 507 5710 10,
531 5638 703 5710 _11_,~iu
731 5634 850 5695 cod.
876 5657 929 5695 n.
964 5642 1029 5698 10
1058 5653 1265 5700 tantum

1191 5660 1265 5699 ιω
1878 5634 1952 5710 (8)
1988 5640 2048 5695 Ν.
2084 5634 2280 5706 {2,15,
2314 5641 2366 5692 in
2393 5643 2511 5695 cod.
2541 5658 2595 5693 ιι.
2629 5642 2804 5695 11-15.

319 5707 763 5781 ῥύεδνόφθῆναι.
1980 5704 2183 5773 Αὑτὼν,
2220 5714 2265 5764 εἰ
2300 5710 2439 5763 Θέλει
2466 5712 2645 5768 αὐτόν.

214 5775 290 5841 (5)
319 5776 424 5830 Τοῦ
459 5775 654 5843 ξύλου.
1882 5775 1990 5853 (10)
2019 5783 2351 5853 Γεγέννηκάς
2387 5799 2472 5851 με.
