4084 6322
749 354 854 410 725
1582 358 1640 413 S.
1682 359 2052 416 ATHANASII
2089 361 2238 418 OPP.
2281 363 2362 420 PA

2337 366 2459 423 ΔΗΒ
2497 368 2584 424 Ill.
2624 400 2690 412 --
2732 372 3136 429 EXEGETICA.
3863 379 3950 434 724

819 490 906 544 17.
960 489 1093 562 Spes
1122 507 1240 547 mea
1267 497 1336 548 ab
1366 495 1626 552 uberibus
1665 499 1856 555 matris
1882 515 2016 555 mea:
2043 521 2055 554 :
2334 489 2380 544 Α

2334 489 2380 544 Δ
2478 485 2563 540 17.
2611 487 2670 539 Ἦ
2698 489 2848 553 ἐλπίς
2885 508 2982 559 μου
3009 491 3114 544 ἀπὸ
3145 492 3361 562 μαστῶν
3386 493 3481 563 τῆς
3508 495 3711 564 μητρός
3747 510 3867 564 μουο

820 580 906 635 18.
961 580 1016 634 In
1049 591 1098 636 te
1125 582 1398 652 projectus
1439 599 1558 639 sum
1588 600 1654 640 ex
1688 596 1841 642 utero
1869 607 1883 642 :

2483 576 2567 629 18.
2605 577 2729 630 Ἐπὶ
2760 581 2816 631 σὲ
2843 583 3142 651 ὲπερῤίφην
3169 583 3233 634 ὲκ
3265 585 3497 654 μήτρας·

817 673 903 725 19.
957 671 1032 727 De
1059 683 1246 728 ventre
1274 677 1463 730 matris
1492 691 1643 740 meae,
1672 675 1813 733 Deus
1839 693 1992 735 meus
2016 695 2074 734 es
2105 690 2160 734 tu
2184 699 2196 734 :

2483 669 2568 721 19.
2607 670 2736 722 Ἀπὸ
2763 672 2994 742 γαστρὸς
3022 674 3222 744 μητρός
3258 692 3356 744 μου
3381 675 3509 738 Θεός
3541 692 3640 746 μου
3664 671 3718 727 εἴ
3749 674 3835 729 σύ·

813 762 902 814 20.
949 761 1026 816 Ne
1072 763 1392 821 discesseris
1444 781 1475 822 a
1528 781 1634 829 me,
1691 769 1948 837 quoniam
2021 770 2306 826 tribulatio

2193 770 2306 826 ειίο
2481 759 2571 814 20.
2600 761 2690 832 Μὴ
2718 763 2956 834 ἀποστῇς
2988 767 3081 816 ἀπ’
3107 765 3261 835 ἐμοῦ,
3294 767 3374 819 ὅτι
3408 766 3579 831 θλίψις
3608 768 3803 836 ἐγγὺς,

748 854 990 921 proxima
1016 862 1121 919 est,

817 944 904 998 21.
950 945 1213 1011 Quoniam
1238 964 1343 1004 non
1375 958 1478 1014 est,
1507 951 1598 1019 qui
1634 950 1854 1020 adjuvet
1883 967 1989 1006 me.

1836 961 1854 1005 ι
1883 967 1989 1006 me.
2482 943 2572 996 2|.
2609 945 2730 999 Ὅτι
2756 946 2853 998 οὐκ
2880 947 3022 999 ἐστιν
3045 949 3072 1000 ὁ
3101 947 3307 1018 βοηθῶν
3343 966 3449 1019 μοι.

816 1037 904 1090 22.
955 1036 1445 1096 Circumdederunt
1478 1057 1564 1096 me
1595 1044 1750 1097 vituli
1785 1044 1962 1108 multi,

2482 1035 2570 1089 22.
2605 1034 3052 1105 Περιεκύκλωσάν
3083 1055 3149 1108 με
3181 1040 3366 1109 μόσχοι
3399 1041 3599 1106 πολλοὶ,

814 1129 904 1182 25.
967 1129 1131 1184 Tauri
1163 1131 1389 1202 pingues
1421 1133 1752 1188 obsederunt
1776 1150 1861 1188 me
1890 1153 1903 1188 ε

1832 1150 1861 1188 e
1890 1153 1903 1188 :
2485 1126 2572 1178 25.
2609 1126 2809 1196 Ταῦροι
2839 1129 3017 1190 πίονες
3041 1130 3321 1199 περιέσχον
3359 1148 3444 1200 με·

821 1221 912 1275 21.
960 1225 1298 1292 Aperuerunt
1327 1242 1490 1296 super
1537 1242 1623 1280 me
1651 1243 1712 1281 os
1745 1243 1925 1291 suum,

2479 1217 2570 1270 21.
2608 1219 2858 1282 Ἤνοιξαν
2884 1221 2967 1272 ἐπ’
2996 1221 3093 1289 ἐμὲ
3123 1221 3182 1272 τὸ
3212 1222 3378 1292 στόμα
3412 1223 3607 1286 αὐτῶν,

816 1314 906 1368 25.
960 1313 1112 1370 Sicut
1141 1317 1226 1370 leo
1259 1318 1492 1386 rapiens,
1519 1328 1572 1373 et
1615 1321 1856 1390 rugiens.

2480 1308 2570 1362 25.
2608 1310 2696 1372 Ὠς
2721 1311 2855 1361 λέων
2887 1309 3164 1379 ἁρπάζων,
3196 1313 3288 1364 καὶ
3321 1313 3646 1384 ὠρυόμενος.

815 1402 906 1458 26.
960 1403 1113 1458 Sicut
1149 1419 1287 1474 aqua
1309 1405 1515 1460 ell‘usus
1543 1421 1686 1470 sum,

1603 1422 1686 1470 ιω,
2481 1400 2571 1452 26.
2611 1400 2752 1452 Ὠσεὶ
2776 1401 2915 1471 ὕδωρ
2941 1401 3216 1474 ἐξεχύθην,

816 1493 906 1548 27.
964 1493 1028 1548 Et
1057 1495 1305 1565 dispersa
1333 1506 1462 1550 sunt
1495 1498 1680 1552 omnia
1700 1511 1828 1552 ossa
1859 1511 2002 1551 mea.

2483 1491 2571 1544 27.
2602 1492 2710 1545 Καὶ
2741 1493 3121 1563 διεσκορπίσθη
3157 1495 3330 1548 πάντα
3362 1496 3428 1548 τὰ
3457 1499 3587 1550 ὀστᾶ
3622 1515 3743 1568 μου.

817 1585 908 1640 28.
956 1585 1178 1642 Factum
1206 1597 1290 1643 est
1328 1604 1423 1644 cor
1448 1605 1630 1645 meum
1667 1599 1926 1660 tanquam
1983 1604 2106 1645 cera
2138 1588 2312 1658 lique-

2482 1582 2571 1636 28.
2618 1583 2878 1653 Ἐγενήθη
2910 1586 2941 1654 ἠ
2982 1585 3176 1655 καρδία
3207 1603 3305 1656 μου
3331 1586 3461 1640 ὡσεὶ
3489 1590 3652 1658 κηρὸς
3677 1588 3959 1658 τηκόμενος

749 1690 906 1731 sceus
936 1675 988 1729 in
1023 1677 1199 1733 medio
1220 1679 1425 1733 ventris
1457 1679 1583 1733 mei.

1550 1679 1583 1733 i.
2414 1675 2472 1726 ὲν
2505 1673 2654 1744 μέσῳ
2683 1675 2780 1743 τῆς
2808 1675 3012 1736 κοιλίας
3043 1691 3163 1746 μου⁶

815 1769 906 1823 29.
964 1771 1121 1824 Aruit
1146 1779 1404 1840 tanquam
1436 1779 1573 1826 testa
1605 1773 1777 1827 virtus
1801 1785 1917 1826 mea
1947 1789 1962 1825 :
2344 1830 2381 1840 _

2344 1830 2381 1840 _
2486 1764 2576 1817 29.
2614 1763 2910 1834 Ἐξηράνθη
2935 1764 3008 1826 ὡς
3033 1765 3292 1834 ὄστρακον
3324 1766 3357 1834 ἡ
3390 1764 3537 1834 ἰσχύς
3575 1784 3693 1834 μου,

811 1860 902 1914 50.
947 1857 1012 1914 Et
1032 1860 1211 1930 lingua
1242 1830 1361 1914 mea
1384 1860 1612 1916 adhaesit
1635 1859 1884 1915 faucibus
1919 1861 2093 1915 meis:
2341 1830 2384 1885 Β

2345 1830 2384 1885 Β
2484 1854 2571 1909 50.
2600 1830 2763 1924 Καὶῆ
2795 1830 3013 1921 γλῶσσά
3043 1830 3142 1924 μου
3166 1830 3482 1925 κεκόλληται
3503 1830 3831 1926 τῷλὰρυγτί
3853 1870 3958 1927 μοι·

817 1949 905 2003 51.
959 1949 1025 2004 Et
1048 1952 1102 2005 in
1128 1952 1403 2021 pulverem
1437 1953 1625 2007 mortis
1657 1953 1928 2007 deduxisti
1963 1967 2066 2005 me.

2060 1991 2066 2004 .
2484 1948 2570 1999 51.
2601 1947 2709 1998 Καὶ
2739 1947 2817 2008 είς
2848 1946 2973 2016 χοῦν
3003 1947 3228 2000 Θανάτου
3257 1949 3562 2017 κατήγαγές
3589 1966 3673 2017 με.

820 2043 910 2096 52.
961 2042 1233 2108 Quoniam
1272 2045 1680 2098 circumderunt
1708 2059 1794 2097 me
1839 2058 2005 2098 canes
2034 2043 2188 2098 multi
2220 2061 2232 2095 :

1956 2059 2005 2098 es
2034 2043 2188 2098 multi
2220 2061 2232 2095 :
2483 2037 2569 2091 52.
2602 2037 2721 2088 Ὀτι
2754 2037 3065 2090 ἐκύκλωσαν
3096 2056 3160 2108 με
3188 2042 3345 2101 κύνες
3373 2039 3569 2090 πολλοί·

812 2135 901 2188 55.
953 2135 1261 2192 Concilium
1298 2137 1714 2206 malignantium
1742 2135 1957 2190 obsedit
1987 2149 2090 2189 me.

2485 2125 2571 2178 55.
2602 2125 2895 2195 Συναγωγή
2925 2128 3364 2198 πονηρευομὲνων
3397 2127 3678 2199 περιέσχον
3715 2143 3802 2195 με.

1865 2308 2236 2366 ATHANASII
2276 2306 2865 2364 INTERPRETATIO.

820 2491 903 2544 l7.
969 2488 1093 2559 Spes
1124 2508 1240 2544 mea
1289 2491 1352 2544 ab
1381 2491 1625 2563 uberibus
1667 2492 1852 2544 matris
1903 2506 2074 2546 meaz:
2126 2490 2312 2544 Mariae

2481 2490 2566 2544 17.
2604 2491 2680 2559 (1)
2715 2490 2848 2543 ’Ἐπὶ
2875 2489 2947 2542 σὲ
2969 2487 3294 2556 ἐπείρίφην
3318 2486 3385 2540 ἐκ
3411 2487 3633 2556 μητρός
3653 2505 3666 2516 ·
3696 2486 3879 2557 Μαρίᾳ
3899 2485 3963 2555 (2)

747 2577 941 2632 matris
967 2577 1201 2644 Domini,
1237 2589 1331 2632 aut
1373 2581 1639 2650 signiticat
1683 2578 1940 2634 facientes
1983 2579 2310 2631 voluntatem

2409 2581 2501 2634 τοῦ
2530 2581 2732 2651 Κυρίου
2772 2580 2918 2648 λέγει
2944 2583 3067 2642 τοὺς
3105 2579 3388 2642 ποιοῦντας
3412 2581 3471 2632 τὸ
3495 2579 3706 2650 Θέλημα
3746 2583 3838 2633 τοῦ
3869 2581 3966 2633 Har

749 2669 926 2724 Patris
954 2673 1093 2739 ejus,
1132 2670 1225 2740 qui
1261 2672 1314 2724 in
1346 2671 1498 2725 carlis
1548 2681 1652 2737 est,
1706 2671 1806 2724 hoc
1862 2679 1941 2725 est
1988 2670 2309 2738 discipulos,

2409 2671 2536 2740 τρὸς
2570 2670 2751 2734 αὐτοῦ,
2789 2669 2882 2721 τοῦ
2910 2671 2964 2721 ὲν
2987 2670 3248 2741 οὐρανοῖς,
3278 2669 3519 2721 τουτέστι
3551 2671 3679 2732 τοὺς
3716 2670 3964 2739 μαθητάς.

750 2763 850 2816 hoc
877 2763 1077 2816 modo:
1119 2763 1254 2832 Spes
1283 2772 1372 2817 tua
1406 2764 1458 2816 in
1491 2779 1575 2818 mc
1616 2779 1681 2817 ex
1723 2763 1969 2817 doctrina
2013 2761 2313 2830 discipulo-

2423 2764 2486 2814 'H
2526 2763 2674 2824 ἐλπίς
2715 2779 2806 2814 σου
2846 2762 2920 2831 (5)
2960 2763 2992 2830 ἠ
3030 2763 3105 2822 εἰς
3143 2760 3240 2829 ἐμὲ
3282 2762 3342 2812 ὲκ
3382 2763 3477 2830 τῆς
3502 2760 3724 2835 διδαχῆς
3745 2762 3850 2813 τῶν
3881 2777 3967 2830 μα-

749 2868 868 2907 rum
912 2870 1155 2908 meorum
1187 2864 1290 2908 est.

2419 2851 2594 2921 θητῶν
2644 2854 2743 2924 μου
2790 2855 2954 2906 ἐστιν.
2987 2851 3087 2923 [Ἡ
3132 2852 3282 2915 ἐλπίς
3321 2869 3419 2922 μου
3470 2853 3573 2903 ἀπὸ
3620 2852 3840 2921 μαστῶν
3885 2852 3967 2917 τῆς

752 2946 954 3015 μητρός
991 2961 1122 3014 μου⁶
1158 2944 1372 3016 Μαρίας
1415 2943 1507 2997 τοῦ
1553 2946 1754 3016 Κυρίου
1779 2947 1851 3016 ,ἢ
1885 2946 2026 3013 λέγει
2073 2945 2197 3008 τοὺς
2231 2944 2510 3007 ποιοῦντας
2543 2947 2602 2997 τὸ
2639 2947 2845 3017 θέλημα
2896 2946 2988 2998 τοῦ
3039 2945 3247 3017 Πατρὸς
3294 2945 3474 3007 αὑτοῦ,
3505 2944 3596 2996 τοῦ
3633 2947 3690 2998 ὲν
3711 2947 3968 3016 οὐρανοῖς,

748 3036 990 3086 τουτέστι
1025 3037 1148 3099 τοὺς
1195 3035 1456 3107 μαθητὰς,
1497 3037 1695 3101 οὕτως’
1745 3039 1805 3090 ’11
1849 3037 1998 3099 ἐλπίς
2039 3055 2130 3089 σου
2166 3040 2197 3107 ή
2227 3038 2306 3098 εἰς
2346 3037 2445 3104 ἐμὲ
2481 3039 2542 3088 ἐκ
2571 3042 2668 3106 τῆς
2690 3039 2904 3108 διδαχῆς
2937 3038 3043 3088 τῶν
3070 3037 3322 3106 μαθητῶν
3349 3037 3445 3106 μού
3486 3037 3678 3108 enim]

831 3130 913 3179 18.
961 3127 1096 3182 Illud
1130 3140 1305 3183 autem
1336 3149 1347 3182 :
1402 3129 1468 3183 In
1503 3141 1550 3184 te
1594 3132 1855 3200 projectus
1890 3147 2005 3183 sum
2034 3147 2096 3183 ex
2141 3143 2308 3194 utero,

2481 3131 2564 3181 18.
2613 3129 2685 3180 Τὸ
2720 3129 2808 3192 δὲ,
2852 3128 2981 3181 Ἐπὶ
3029 3127 3104 3180 σὲ
3147 3129 3472 3195 ἐπείρίρην
3515 3130 3592 3197 (4)
3633 3131 3702 3182 ἐκ
3734 3131 3969 3199 μήτρας.

751 3221 970 3287 quando
1010 3220 1248 3285 Gabriel,
1277 3238 1398 3275 cum
1429 3233 1572 3277 esset
1615 3225 1731 3293 ipse
1780 3224 1832 3276 in
1865 3233 2019 3276 utero
2056 3220 2310 3289 Virginis,

2411 3221 2538 3273 ὅταν
2565 3223 2591 3272 ὁ
2620 3221 2874 3291 Γαϐριὴλ,
2911 3220 3059 3282 ὄντος
3091 3217 3251 3272 αὑτοῦ
3283 3220 3340 3270 ἐν
3381 3220 3560 3289 μήτρᾳ.
3590 3221 3684 3289 τῆς
3713 3222 3971 3292 Παρΐένου

753 3315 817 3364 tie
849 3327 913 3364 co
939 3312 1096 3375 dixit,
1131 3314 1274 3381 quod
1311 3313 1478 3369 Filius
1525 3314 1614 3367 Dei
1650 3325 1752 3368 est.

2415 3311 2562 3378 ἔλεγε
2591 3313 2715 3381 περὶ
2747 3311 2931 3375 αὑτοῦ,
2967 3312 3044 3363 ὅτι
3069 3311 3195 3374 Υἱὸς
3231 3310 3321 3362 τοῦ
3357 3311 3489 3362 Θεοῦ
3524 3313 3689 3362 ἐστιν.

834 3403 920 3456 19.
954 3401 1015 3455 Et
1067 3404 1332 3458 inventrc
1365 3421 1486 3459 cum
1546 3422 1716 3459 (‘SSCDI
1769 3406 1908 3473 ejus,
1964 3419 2126 3473 quam
2181 3403 2383 3486 miliic

2364 3431 2383 3486 Ζ
2489 3401 2572 3453 10.
2629 3402 2735 3452 Καὶ
2780 3402 2836 3452 ἐν
2886 3403 2949 3470 τῇ
3003 3400 3199 3470 γαστρί
3255 3417 3321 3470 με
3367 3400 3510 3463 ὄντα,
3555 3397 3621 3473 ἦς
3679 3399 3977 3471 ἠϐουλήθην

755 3505 980 3550 matrem
1000 3511 1121 3550 esse
1149 3498 1390 3560 voluisti,
1421 3500 1676 3567 Spectasti
1710 3515 1796 3554 mc
1839 3510 1890 3553 tu
1922 3499 2088 3563 solus,
2116 3495 2273 3550 Pater
2299 3514 2312 3549 :

2419 3491 2772 3563 Ιτιθουλήθης]
2829 3491 3029 3562 μητρός
3079 3508 3210 3562 μου,
3256 3491 3509 3546 τεθέασαί
3559 3510 3625 3563 με
3681 3495 3743 3545 σὺ
3791 3493 3971 3563 μόνος,

755 3587 878 3656 quis
921 3599 1062 3638 sum.

2420 3585 2618 3656 Πάτερ·
2650 3585 2710 3637 τὸ
2738 3584 2819 3648 τίς
2850 3586 2983 3654 εἰμι.

819 3677 906 3729 20.
967 3673 1047 3727 Ne
1085 3673 1381 3726 discesseris
1421 3687 1452 3723 a
1487 3686 1601 3724 me:
1643 3685 1743 3741 ego
1777 3673 1917 3726 enim
1949 3675 2001 3728 in
2041 3686 2110 3738 te,
2136 3677 2316 3743 Pater,

2487 3677 2574 3729 20.
2607 3679 2726 3729 Οὐκ
2755 3674 3026 3742 ἀποστῇς
3056 3675 3129 3744 (5)
3163 3675 3260 3727 ἀπ’
3311 3674 3455 3743 ἐμοῦ
3479 3691 3492 3702 ·
3525 3673 3632 3742 ὲγὼ
3659 3675 3768 3745 γὰρ
3800 3677 3856 3728 ἐν
3885 3676 3973 3735 σοὶ,

757 3779 812 3822 et
844 3780 897 3822 tu
942 3767 994 3820 in
1030 3782 1134 3820 me.
1175 3765 1443 3818 Passurus
1485 3777 1628 3828 sum,
1685 3765 1830 3832 quod
1882 3768 2023 3835 apud
2071 3769 2318 3826 homines

2421 3769 2621 3838 Πάτερ,
2655 3768 2750 3819 καὶ
2782 3769 2844 3818 σὺ
2876 3768 2931 3818 ὲν
2965 3767 3106 3837 ἐμοί.
3144 3767 3376 3836 Πάσχειν
3411 3767 3606 3837 μέλλω,
3638 3767 3664 3819 δ
3697 3768 3848 3838 παρὰ
3876 3771 3975 3829 τοῖς

756 3871 836 3916 est
877 3857 1178 3920 tribulatio,
1227 3870 1333 3907 non
1381 3854 1521 3922 apud
1551 3870 1657 3907 mc.

2420 3859 2722 3928 ἀνθρώποις
2753 3861 2865 3912 ἐστι
2893 3859 3088 3927 θλίψις,
3117 3860 3175 3911 οὐ
3205 3859 3312 3929 γὰρ
3344 3857 3522 3931 [παρ’]
3553 3860 3629 3930 (6)
3659 3860 3799 3931 ἐμοί.

831 3951 919 4005 21.
976 3949 1091 4018 Ipse
1124 3949 1265 4001 enim
1298 3946 1397 4000 sibi
1431 3947 1529 4014 ipsi
1577 3948 1890 4014 auxiliatur,
1929 3961 2113 4020 utpote
2146 3955 2320 4008 omni-

2489 3950 2579 4002 2l.
2615 3951 2783 4013 Αὐτὸς
2823 3950 2929 4022 γὰρ
2977 3951 3152 4020 ἑαυτῷ
3182 3951 3387 4020 βοηθῶν
3421 3952 3517 4020 (7),
3549 3953 3624 4016 ὼς
3663 3953 3973 4006 παντοδύνα-

759 4053 968 4112 puteus,
1010 4051 1062 4095 et
1103 4056 1280 4094 rerum
1329 4040 1574 4092 omnium
1623 4041 1899 4097 dominus.

1430 4040 1574 4092 Itium
1623 4041 1899 4097 dominus.
2424 4060 2520 4111 μος
2560 4044 2652 4094 καὶ
2674 4041 3043 4112 ὲξουσιαστής.

827 4135 1013 4188 22-23.
1066 4133 1136 4188 De
1161 4131 1362 4186 Jud:c.is
1396 4132 1656 4200 loquitur,
1698 4136 1916 4202 quando
1948 4137 2319 4192 circumdede-

2489 4132 2672 4186 22-25.
2707 4133 2838 4201 Περὶ
2878 4133 2985 4185 τῶν
3026 4134 3290 4186 Ἰουδαίων
3339 4133 3520 4202 λέγει,
3552 4136 3639 4187 ὅτε
3675 4137 3972 4189 ὲκύκλωσαι

761 4238 890 4281 runt
921 4235 1134 4290 eum,el
1158 4225 1497 4278 clamabant:
1524 4223 1685 4287 Tolle,
1708 4227 1850 4286 tolle,
1870 4228 2113 4295 cruciﬁge
2129 4228 2318 4280 eum“.

2425 4222 2606 4286 αὑτὸν,
2627 4223 2720 4274 καὶ
2746 4223 2996 4293 ἔκραζονο
3015 4219 3210 4291 Ἆρον,
3232 4219 3396 4292 ἆρον,
3413 4228 3973 4294 σταύρωσον-αὑτόν.

829 4318 919 4378 26,
959 4318 1046 4372 27.
1096 4318 1230 4370 Ossa
1262 4331 1358 4369 sua
1390 4313 1699 4368 Judmorum
1736 4317 1994 4384 populum
2025 4319 2176 4373 dicit.

2491 4314 2579 4378 26,
2611 4314 2700 4368 27.
2736 4317 2894 4366 Ὀστᾶ
2921 4315 3109 4367 ἑαυτοῦ
3129 4316 3216 4368 τὸν
3239 4316 3362 4369 λαὸν
3387 4316 3494 4369 τῶν
3529 4318 3792 4371 Ἰουδαίων
3822 4318 3975 4386 λέγει.

828 4409 918 4463 28.
973 4408 1078 4461 Cor
1111 4423 1268 4461 suum
1308 4423 1494 4460 rursus
1539 4409 1796 4477 pupulum
1825 4407 2132 4463 Judzrorum
2167 4411 2318 4474 dicit,

2491 4402 2579 4454 2S.
2609 4403 2848 4472 Καρδίαν
2879 4403 3066 4455 ἑαυτοῦ
3093 4405 3182 4456 τὸν
3221 4405 3347 4457 λαὸν
3388 4407 3546 4458 πάλιν
3578 4405 3684 4459 τῶν
3722 4407 3977 4461 Ἰουδαίων

760 4502 886 4569 quia
917 4501 1034 4570 ejus
1067 4501 1281 4569 eloquia
1308 4501 1361 4552 in
1398 4499 1654 4554 cordibus
1684 4516 1872 4555 eorum
1902 4512 2073 4556 erant.

2423 4495 2590 4561 λέγει,
2614 4495 2701 4546 διὰ
2725 4495 2791 4547 τὰ
2807 4496 2961 4562 λόγια
2988 4496 3151 4549 αὑτοῦ
3170 4499 3226 4550 ὲν
3241 4501 3359 4561 ταῖς
3377 4499 3618 4571 καρδίαις
3636 4498 3814 4552 αὐτῶν
3831 4495 3975 4552 εἶναι.

830 4594 917 4647 29.
962 4592 1177 4646 Judzeos
1218 4592 1505 4662 signiﬁcat.

2492 4586 2580 4640 29.
2611 4588 2746 4649 Τοὺς
2784 4587 3064 4650 Ἰουδαίους
3095 4589 3167 4660 (8)
3197 4589 3360 4657 λέγει.

830 4687 918 4738 1-30.
972 4685 1175 4738 Deiecit
1220 4685 1365 4736 enim
1403 4699 1465 4736 ex
1500 4697 1593 4735 ore
1643 4683 1885 4751 ipsorum
1938 4682 2060 4737 fons
2101 4685 2240 4749 vitm,
2271 4693 2323 4738 et

2495 4680 2582 4733 50.
2625 4678 2862 4745 Ἐξέλιπε
2895 4679 3002 4752 γὰρ
3046 4683 3110 4734 ἐκ
3151 4681 3241 4735 τοῦ
3277 4683 3540 4752 στόματος
3572 4683 3749 4736 αὐτῶν
3784 4686 3818 4754 ὴ

765 4787 1044 4846 propterea
1075 4775 1298 4829 adbazsit
1330 4774 1382 4827 in
1427 4773 1571 4827 sitim
1621 4775 1850 4842 populus
1885 4773 2214 4829 Iudaeorum.
2356 4765 2378 4819 Ῑ

2367 4765 2399 4819 Ῐ)
2427 4774 2524 4840 τῆς
2557 4772 2735 4839 ζωῆς,
2771 4774 2864 4824 καὶ
2899 4771 2984 4825 διὰ
3019 4771 3176 4824 τοῦτο
3207 4773 3466 4843 ἐκολλήθη
3502 4775 3579 4843 τίς
3621 4773 3780 4843 δίψαν
3810 4777 3838 4829 ὁ
3867 4775 3980 4837 λαὸς

2428 4864 2535 4915 τῶν
2577 4864 2862 4917 Ἰουδαίων.

833 4955 922 5006 51.
974 4953 1052 5007 Ad
1082 4953 1296 5006 .Iudaeos
1327 4965 1412 5004 me
1444 4949 1664 5006 misisti.

2499 4957 2586 5008 51.
2620 4955 2760 5026 Πρὸς
2793 4957 2916 5018 τοὺς
2964 4956 3244 5019 Ἰουδαίους
3271 4973 3333 5026 με
3369 4956 3703 5020 ἀπέστειλας.

831 5045 919 5107 52,
959 5044 1046 5097 55.
1099 5043 1269 5096 Judzci
1297 5042 1443 5097 enim
1480 5043 1951 5098 circumdederunt
1975 5059 2077 5097 me.

2057 5067 2077 5094 ι.
2501 5047 2588 5109 52,
2618 5047 2704 5100 55.
2737 5049 2799 5099 Οἱ
2831 5046 2936 5117 γὰρ
2977 5047 3210 5101 Ἰουδαῖοι
3240 5047 3552 5103 ἐκύκλωσαν
3584 5065 3670 5117 με.

835 5201 880 5232 ⁸⁸
904 5197 1056 5254 Joau.
1085 5215 1197 5262 ιιι,
1236 5202 1320 5255 15.

1706 5358 2008 5420 Addenda
2044 5366 2104 5420 et
2150 5357 2521 5437 corrigenda
2558 5373 2633 5417 ex
2661 5355 2801 5417 cod.
2843 5353 3040 5416 Vatic.

834 5539 1203 5614 (1)Ν.17,ἱιι
1240 5545 1439 5600 cod.n.
1473 5545 1671 5611 17,18.

1473 5546 1558 5611 17,
1587 5545 1671 5600 18.
2500 5549 2574 5612 (5)
2601 5548 2712 5599 Οὐκ
2746 5547 2809 5598 ἂν
2834 5545 3083 5614 ἀπέστης.

951 5613 1197 5686 Μ-ητὲρα.
2500 5620 2572 5682 (6)
2602 5617 2711 5686 Γὰρ
2740 5618 2794 5667 ὲν
2820 5617 2943 5685 ἐμῇ.

840 5682 914 5755 (5)
951 5679 1074 5755 (ξω.
1111 5679 1121 5683 ⁷
2501 5679 2574 5754 (7)
2604 5679 2808 5755 Βοὴθὼ.

841 5752 914 5816 1-1)
950 5753 1141 5808 Ἐστίν.
1176 5755 1246 5808 Τὸ
1269 5756 1355 5810 δέ·
1403 5757 1520 5810 Ἐπὶ
1554 5760 1608 5812 σὲ
1640 5759 1915 5828 ἐπερίφην,
1948 5771 2047 5817 ctc.

1554 5760 1608 5812 σὲ
1640 5759 1915 5828 impium,
1948 5771 2047 5817 ctc.
2505 5752 2578 5823 (8)
2611 5752 2744 5820 Τοῦς
2779 5756 2971 5818 αὐτοὺς
3014 5752 3162 5807 Ἰουδ.
