4068 6318
101 385 209 444 725

169 506 265 561 54.
302 507 531 578 Ὠρυξαν
562 507 745 577 χεῖράς
782 524 879 576 μου
914 507 1004 559 καὶ
1035 507 1196 570 πόδας
1231 522 1352 578 μουο

173 596 267 652 55.
319 598 714 669 Ἐξηρίθμησαν
747 600 919 652 πάντα
951 600 1017 651 τὰ
1042 600 1170 652 ὀστᾶ
1197 616 1321 687 μου..

177 689 272 743 '56.
297 690 457 742 Αὐτοὶ
486 690 541 742 δὲ
571 690 918 760 κατενόησαν,
944 692 1037 744 καὶ
1058 690 1263 743 ὲπεῖδόν
1287 709 1373 762 με.

180 865 274 919 57.
306 866 685 938 Διεμερίσαντο
705 868 773 921 τὰ
809 868 993 939 ἱμάτιά
1024 886 1123 939 μου
1160 871 1398 934 ἑαυτοῖςο

179 954 271 1009 58.
310 958 418 1009 Καὶ
447 959 538 1010 ἐπὶ
564 959 655 1011 τὸν
688 960 975 1030 ἱματισμόν
1007 978 1106 1031 μου
1134 960 1320 1015 ἔϐαλον
1352 961 1567 1034 κλῆρον.

181 1045 275 1102 59.
306 1049 379 1101 Σὺ
410 1049 486 1112 δὲ,
515 1050 707 1122 Κύριε,
739 1052 811 1123 μὴ
858 1052 1133 1125 μακρύνῃς
1166 1054 1263 1126 τὴν
1299 1053 1547 1125 βοήθειάν
1582 1071 1673 1107 σου

112 1137 209 1189 ἀπ’
236 1138 395 1207 ἐμοῦ.

184 1227 277 1282 40.
306 1231 399 1292 Εἰς
426 1230 524 1301 τὴν
557 1232 835 1305 ἀντίληψίν
872 1253 970 1304 μου
1007 1236 1257 1308 πρόσχες.

184 1320 278 1375 41.
323 1322 507 1376 Ῥῦσαι
533 1325 637 1377 ἀπὸ
660 1327 923 1395 ῥομφαίας
950 1326 1045 1397 τὴν
1068 1328 1241 1397 ψυχήν
1278 1344 1399 1398 μου,

186 1410 280 1464 49..
308 1414 417 1465 Καὶ
437 1417 500 1467 ἐκ
531 1416 707 1487 χειρὸς
740 1416 896 1480 κυνὸς
926 1419 1021 1487 τὴν
1052 1418 1308 1489 μονογενῆ
1341 1436 1462 1489 μου.

188 1504 278 1557 45.
312 1504 491 1557 Σῶσόν
519 1523 585 1575 με
616 1507 679 1560 ὲκ
708 1508 967 1578 στόματος
998 1509 1224 1572 λέοντος,

187 1593 280 1647 44.
319 1596 427 1648 Καὶ
461 1596 566 1649 ἀπὸ
599 1599 840 1670 κεράτων
869 1598 1249 1669 μονοκερώτων
1280 1600 1378 1671 τὴν
1417 1617 1678 1653 ταπεινω-

124 1688 205 1734 σιν
240 1701 362 1751 μου.

193 1774 284 1828 43.
309 1779 645 1852 Διηγήσομαι
673 1783 733 1835 τὸ
761 1776 928 1853 ὄνομά
960 1800 1050 1835 σου
1079 1784 1189 1846 τοῖς
1220 1782 1461 1854 ἀδελφοῖς
1489 1798 1609 1854 μου·

195 1864 286 1919 46.
329 1869 414 1922 Ἐν
448 1871 593 1943 μέσῳ
622 1874 910 1945 ἐκκλησίας
936 1877 1161 1947 ὑμνήσω
1192 1894 1272 1932 σε.

195 1955 284 2012 47.
322 1961 386 2013 Ol
418 1964 731 2029 φοϐούμενοι
753 1966 843 2020 τὸν
871 1966 1091 2040 Κύριον,
1117 1967 1362 2022 αἰνέσατε
1395 1966 1573 2020 αὑτόν.

1005 390 1093 445 DE
1132 390 1408 447 TlTULlS
1447 389 1897 449 PSALMORUM.
1941 421 2010 432 —
2043 392 2234 447 PSAL.
2272 392 2411 451 XXI.

3214 395 3316 449 726

1692 514 1740 569 Α
1835 508 1921 563 54.
1973 508 2246 567 Foderunt
2276 526 2468 565 manus
2492 525 2660 575 meas,
2697 519 2750 563 et
2775 509 2939 579 pedes
2964 526 3112 565 meos
3142 530 3157 564 :

1836 599 1925 653 55.
1976 599 2464 657 Dinumeraverunl
2496 601 2677 654 omnia
2707 615 2829 654 ossa
2865 614 3006 653 mea.

1832 689 1919 744 56.
1978 689 2084 763 Ipsi
2133 707 2260 747 vero
2301 693 2803 757 consideraverunt,
2858 702 2912 745 et
2974 689 3324 749 inspexerunt

1767 794 1875 834 me.

1835 869 1925 923 57.
1979 867 2288 922 Diviserunt
2327 867 2431 923 sibi
2458 871 2779 925 vestimenta
2812 885 2928 923 mea
2958 887 2969 922 :

1833 960 1923 1014 58.
1976 958 2039 1013 Et
2067 974 2227 1029 super
2254 969 2458 1015 vestem
2484 976 2658 1015 meam
2682 962 2945 1017 miserunt
2971 969 3190 1015 sortem.

1844 1052 1933 1106 59.
1987 1048 2065 1104 Tu
2095 1058 2297 1117 autem,
2330 1051 2575 1119 Domine,
2608 1067 2675 1107 ne
2698 1050 3037 1124 elungaveris
3064 1047 3327 1105 auxilium

1772 1157 1924 1201 tuum
1951 1160 1980 1198 3
2011 1159 2095 1199 me
2131 1163 2144 1198 ἶ

1839 1240 1927 1293 40.
1982 1237 2062 1291 Ad
2099 1234 2469 1291 defensionem
2504 1251 2679 1289 meam
2717 1235 3009 1305 conspice.‘

1846 1330 1934 1383 41.
1978 1327 2123 1383 Erue
2145 1343 2172 1381 a
2205 1326 2428 1390 framea,
2457 1325 2620 1392 Deus,
2644 1326 2881 1381 animam
2915 1340 3115 1389 meam,

1848 1419 1935 1473 49..
1991 1417 2057 1471 Et
2078 1419 2144 1473 de
2171 1433 2334 1472 manu
2353 1417 2503 1472 canis
2528 1416 2747 1471 unicam
2765 1418 2961 1471 meam.

1846 1510 1935 1563 45.
1989 1507 2148 1562 Salva
2174 1524 2259 1562 me
2289 1524 2352 1561 ex
2385 1522 2478 1561 ore
2501 1507 2699 1571 leonis,

1850 1598 1940 1656 44.
1990 1600 2055 1654 Et
2121 1616 2149 1654 a
2220 1600 2479 1655 cornibus
2556 1599 2899 1654 unicornium
2975 1596 3331 1654 humilitatem

1780 1708 1977 1749 meam.

1853 1785 1941 1840 45.
1996 1782 2239 1838 Narrabo
2272 1796 2467 1836 nomen
2490 1790 2642 1836 tuum
2668 1781 2925 1835 fratribus
2955 1779 3129 1835 meis:

1707 1867 1750 1922 Β
1848 1878 1936 1931 46.
1987 1879 2045 1930 In
2088 1876 2268 1930 medio
2298 1874 2538 1930 ecclesiae
2570 1874 2802 1929 laudabo
2837 1883 2904 1929 te.

1852 1968 1940 2021 47.
1993 1966 2095 2032 Qui
2126 1966 2330 2021 timetis
2365 1964 2677 2031 Dominum,
2721 1962 2933 2019 laudate
2963 1977 3108 2018 eum.

1233 2185 1606 2241 ATHANASII
1645 2184 2227 2242 INTERPRETATIO.

196 2376 287 2431 54.
315 2377 454 2440 Τοὺς
484 2378 642 2447 ἥλους
679 2379 803 2443 τοὺς
828 2379 933 2434 ὑπὸ
963 2378 1039 2452 (1)
1077 2379 1184 2434 τῶν
1241 2380 1414 2435 ποδῶν
1455 2382 1549 2435 καὶ
1580 2382 1686 2436 τῶν

130 2469 329 2538 χειρῶν
355 2468 516 2522 αὑτοῦ
551 2471 713 2538 λέγει.

200 2558 291 2613 55.
324 2559 415 2629 Τῷ
440 2560 575 2613 κατὰ
602 2562 815 2616 πάντων
846 2563 953 2615 τῶν
1004 2563 1179 2634 μελῶν
1223 2567 1585 2634 προσαγαγεῖν
1613 2564 1687 2637 (2)

131 2650 329 2712 αὐτοὺς
371 2653 635 2723 τιμωρίας
666 2654 850 2726 αὐτῷ·
886 2655 1305 2725 ὲφραγγέλωσαν
1354 2655 1459 2726 γὰρ
1504 2656 1686 2719 αὑτὸν,

131 2742 227 2795 καὶ
278 2743 580 2814 ὲρῤἀπισαν
604 2785 619 2811 ,
662 2746 755 2799 καὶ
805 2747 1169 2817 ἐκολάφισαν,
1227 2748 1319 2799 καὶ
1368 2743 1465 2800 εἷθ’
1517 2747 1686 2811 οὕτως

134 2834 296 2888 ἐσταύ
306 2853 504 2906 ρωσαν.

200 2928 289 2982 '56.
326 2930 451 2981 Ὀτε
484 2930 575 2981 ἐπὶ
616 2928 707 2983 τοῦ
757 2928 987 3000 σταυροῦ
1013 2929 1245 3000 ὁρῶντες
1279 2930 1437 2984 αὑτὸν
1469 2929 1685 2999 ἔλεγον⁸

138 3016 293 3070 Οὺάί
321 3016 397 3085 (5)
441 3018 667 3085 ἄλλους
706 3018 991 3084 ἔσωσεν,
1031 3019 1247 3073 ἑαυτὸν
1300 3023 1370 3074 οὺ
1440 3019 1687 3075 δύναται

135 3120 349 3163 σωσαι.

203 3192 291 3259 57,
324 3192 411 3247 58.
444 3196 504 3248 Ol
536 3196 940 3269 σταυρώσαντες
969 3200 1129 3255 αὑτὸν
1157 3200 1498 3271 στρατιῶται.

205 3283 298 3351 59,
329 3285 417 3341 40.
450 3288 668 3357 Πρῶτον
694 3290 790 3361 μὲν
810 3293 837 3343 ὑ
866 3292 1146 3362 προφήτης
1174 3291 1319 3359 λέγει
1348 3292 1481 3363 πρὸς
1495 3292 1653 3345 αὑτὸν
1674 3331 1687 3353 ,

1854 2379 1944 2434 54.
1994 2378 2183 2433 Claves
2215 2380 2269 2432 in
2302 2378 2550 2449 pedibus,
2596 2387 2651 2435 et
2697 2377 2947 2435 manibus
2990 2377 3109 2448 ejus
3138 2376 3341 2449 signiti-

1784 2482 1845 2521 ca
1854 2477 1891 2521 ι.

1862 2556 1949 2610 55.
1993 2555 2095 2610 Per
2147 2558 2329 2612 omnia
2390 2559 2562 2629 ipsius
2627 2562 2869 2617 membra
2916 2561 3247 2617 admovendo
3292 2560 3341 2615 ei

1784 2645 2079 2700 cruciatus.
2143 2645 2521 2717 lpsum'enim
2584 2650 3018 2720 ﬂagellaverunt,
3077 2664 3128 2707 et
3174 2652 3345 2721 alapis

1788 2748 2193 2807 percusserunt,
2235 2750 2289 2795 et
2312 2742 2746 2810 colaphizarunt,
2809 2752 2971 2814 atque
3023 2747 3097 2800 ita
3151 2745 3345 2799 deinde

1787 2828 2177 2884 cruciﬁxerunt

1859 2921 1947 2977 56.
1988 2921 2217 2987 Quando
2271 2940 2326 2978 In
2377 2940 2540 2981 cruce
2588 2943 2710 2982 eum
2751 2929 2992 2985 videntes
3043 2929 3341 2985 dixerunt:

1798 3009 1956 3064 Vah!
1984 3012 2115 3067 alios
2150 3014 2321 3069 salvos
2362 3017 2508 3085 fecit,
2542 3018 2766 3087 seipsum
2806 3036 2903 3074 non
2935 3030 3100 3088 potest
3145 3020 3346 3075 salvum

1789 3102 1959 3171 facere
1992 3103 2056 3156 “.

1862 3194 1952 3257 57,
1984 3194 2073 3247 58.
2110 3192 2326 3259 Milites,
2361 3195 2453 3264 qui
2478 3211 2600 3249 eum
2627 3197 3037 3252 erucilixerunt.

1865 3284 1954 3351 59,
1985 3283 2074 3338 40.
2104 3283 2349 3339 Primum
2378 3286 2594 3355 quidem
2623 3288 2881 3357 propheta
2919 3288 2985 3343 ad
3010 3304 3133 3343 eum
3171 3289 3302 3344 dicit
3332 3309 3345 3343 :

138 3375 215 3428 ὅτι
273 3376 389 3442 Σὺ,
459 3380 663 3446 Κύριε,
704 3379 873 3432 ταῦτα
915 3381 988 3451 (4)
1038 3382 1323 3451 ὑπομένων
1366 3382 1455 3452 ὑφ’
1500 3382 1687 3454 [ὑπὲρ]

1795 3382 1893 3449 Tu,
1927 3384 2166 3450 Domine,
2198 3385 2312 3441 lich
2335 3387 2542 3456 patiens
2564 3403 2661 3456 pro
2684 3389 2861 3451 nobis,
2893 3389 3110 3443 imitans
3136 3404 3257 3455 nos,
3288 3404 3350 3442 ne

139 3467 314 3537 ἡμῶν,
355 3470 679 3539 μιμούμενος
716 3474 859 3542 ἡμᾶς
877 3512 891 3535 ,
922 3472 1050 3545 [μὴ]
1072 3474 1381 3543 μακρύνῃς
1410 3474 1523 3545 τὴν
1543 3476 1693 3543 βοή-

141 3561 303 3614 θειάν
330 3574 445 3613 σου
475 3561 574 3614 ἀπ’
606 3563 771 3630 ἐμοῦ,
800 3563 893 3617 τοῦ
932 3565 1059 3618 λαοῦ
1092 3566 1201 3619 τῶν
1240 3568 1523 3632 Ἰουδαίων,
1555 3568 1691 3621 ἀλλ’

140 3652 223 3713 εἰς
254 3651 585 3719 ἀντίληψιν
630 3654 797 3721 ἡμῶν
832 3654 1235 3725 εὐδοκίμησον
1279 3658 1374 3728 (5).
1432 3660 1586 3712 Ἔστι
1635 3660 1691 3713 δὲ

141 3741 231 3794 καὶ
272 3743 338 3795 ἐκ
376 3744 661 3815 προσώπου
685 3746 847 3800 αὑτοῦ
876 3747 968 3801 τοῦ
1001 3748 1203 3820 Κυρίου
1225 3749 1473 3817 λέγεσθαι
1498 3750 1688 3815 ταῦτα,

143 3831 485 3889 ὑποτύπωσιν
527 3839 657 3906 ἡμῖν
694 3837 868 3900 διδοὺς
904 3838 965 3892 τὸ
993 3839 1249 3904 τοιούτοις
1281 3840 1457 3910 λόγοις
1492 3842 1691 3912 κεχρῆ-

145 3923 261 3979 σθαι
292 3928 352 3978 ὲν
383 3927 557 3998 καιρῷ
589 3929 927 4000 μαρτυρίουξ
1038 3976 1047 3985 ,
1090 3972 1093 3977 .
1222 3940 1225 3941 ⁷

208 4018 296 4080 4|,
325 4017 414 4071 45.
440 4019 609 4082 Αὑτὺς
636 4021 990 4092 προσεύχεται
1015 4020 1129 4086 νῦν,
1155 4022 1285 4087 Θεὸς
1309 4023 1402 4089 ὣν,
1433 4024 1691 4095 ρυσΟῆναι

142 4110 244 4163 ἀπὸ
285 4109 380 4163 τοῦ
429 4110 692 4177 διαϐόλου,
737 4115 822 4167 ἴνα
855 4116 940 4180 σὺ,
980 4115 1262 4186 ἄνθρωπος
1305 4114 1400 4181 ὢν,
1440 4117 1514 4189 μὴ
1559 4118 1691 4188 ἀμε-

142 4199 305 4274 λήσῃς
339 4202 437 4272 (6).

211 4296 298 4349 44.
330 4297 403 4350 Τὸ
446 4296 611 4368 κέρας
656 4297 749 4350 τοῦ
787 4299 1153 4370 μονοκέρωτος
1192 4300 1389 4371 ὑψηλόν
1432 4301 1568 4363 ἐστι,
1601 4301 1693 4354 καὶ

144 4389 508 4460 ἀναιρετικὸν
551 4389 677 4459 περὶ
718 4385 810 4443 οὖν
852 4390 950 4459 τῆς
1003 4392 1227 4463 καρδίας
1277 4392 1385 4445 τῶν
1430 4392 1692 4447 Ἰουδαίων

142 4480 233 4550 τῆς
265 4480 443 4543 δολίας
473 4480 565 4533 καὶ
600 4481 804 4552 ὑψηλῆς
831 4480 997 4550 λέγει.

212 4573 298 4626 45.
344 4574 417 4642 (7)
458 4571 540 4637 Τῷ
576 4572 724 4638 λαῷ,
749 4573 930 4641 λέγει,
978 4574 1336 4644 διηγήσομαι
1386 4576 1453 4630 τὸ
1509 4577 1694 4647 ὄνομά

1790 3474 2109 3544 elongaveris
2154 3476 2417 3529 auxilium
2460 3492 2605 3531 tuum
2656 3495 2686 3531 a
2744 3495 2840 3545 me,
2880 3480 2984 3534 hoc
3022 3491 3104 3534 cst
3150 3481 3350 3549 populo

1790 3563 2035 3627 Judaico,
2065 3567 2153 3618 sed
2200 3568 2517 3636 complaceal
2560 3570 2654 3622 tibi
2699 3572 2753 3624 in
2805 3572 3070 3624 auxilium
3112 3580 3351 3628 nostrum

1791 3657 1981 3709 venire.
2017 3654 2255 3711 Possunt
2287 3659 2451 3713 etiam
2500 3660 2613 3714 Ιιιιιο
2654 3662 2760 3716 diei
2804 3678 2869 3715 ex
2900 3677 3133 3731 persona
3180 3663 3351 3733 ipsius

1792 3745 2032 3814 Domini,
2069 3749 2163 3818 qui
2192 3752 2499 3820 exemplum
2527 3753 2681 3807 nobis
2713 3754 2943 3823 praebuit
2968 3754 3054 3808 liis
3086 3753 3352 3808 sermoni—

1792 3837 1896 3893 bus
1923 3841 2108 3895 utendi
2145 3852 2384 3911 tempore
2407 3844 2675 3912 martyrii.

1858 4016 2045 4072 “~45.
2103 4016 2220 4088 Ipse
2251 4034 2397 4075 nunc
2441 4030 2584 4087 orat,
2617 4037 2742 4076 cum
2777 4021 2918 4076 Deus
2976 4022 3068 4085 sit,
3113 4028 3173 4073 ut
3211 4020 3350 4075 libe-

1792 4116 1943 4163 retur
1974 4125 2005 4163 a
2029 4109 2247 4165 diabolo
2280 4131 2292 4164 :
2337 4128 2405 4167 ne
2439 4123 2492 4167 tu
2529 4129 2652 4169 cum
2682 4114 2758 4168 sis
2785 4115 2970 4179 homo,
3018 4113 3351 4183 negligenter

1792 4214 1942 4270 agas.

1858 4290 1948 4345 44.
2002 4291 2185 4347 Cornu
2217 4294 2493 4348 unicornis
2535 4294 2801 4350 clevatum
2851 4306 2954 4361 cst,
3003 4308 3057 4351 et
3107 4296 3351 4351 mortife-

1790 4401 1911 4440 rum
1948 4404 1960 4438 :
1996 4385 2062 4439 de
2090 4386 2251 4440 corde
2274 4386 2437 4457 igitur
2468 4387 2774 4444 Judrcorum
2802 4390 2992 4445 doloso
3029 4401 3082 4445 et
3118 4391 3351 4460 superbo

1792 4477 2049 4547 loquitur.

1863 4569 1951 4623 45.
2000 4565 2225 4635 Populo,
2255 4564 2452 4634 inquit,
2483 4566 2710 4619 narrabo
2734 4584 2920 4623 nomen
2950 4577 3133 4635 tuum;
3160 4583 3351 4640 quem-

144 4675 289 4713 σου·
341 4660 416 4722 ὡς
452 4659 666 4731 εἴρηκεν
703 4664 760 4714 ὲν
808 4662 1153 4735 Εὑαγγελίῳθ
1199 4665 1579 4734 Ἐφανέρωσα
1624 4668 1689 4722 τὸ

1794 4657 2085 4713 admodum
2117 4657 2255 4710 dixit
2288 4656 2342 4708 in
2389 4654 2680 4726 Evangelia
2715 4675 2728 4711 :
2772 4657 3110 4729 Manifestavt'
3165 4674 3351 4716 nomen

144 4748 325 4821 ὄνομά
353 4766 467 4804 σου
498 4750 622 4816 τοῖς
651 4751 995 4820 ἀνθρώποις.

208 4844 295 4897 46.
327 4843 401 4912 (8)
435 4845 569 4914 Περὶ
598 4844 705 4897 τῶν
735 4843 903 4913 ἁγίων
930 4845 1094 4913 λέγει.

209 4934 296 4989 47.
331 4934 405 5004 (9)
439 4934 576 4997 Τοὺς
601 4934 821 4997 πιστοὺς
852 4933 1016 5003 λέγει.

214 5116 259 5147 ⁸⁵
278 5112 467 5170 Matth.
502 5130 671 5180 xxvn,
697 5114 787 5169 42.
861 5113 908 5145 “
940 5111 1096 5168 Joan.
1130 5126 1264 5178 xm,
1294 5110 1344 5165 6.

1799 4762 1946 4804 tnnnt
1975 4748 2267 4802 hominibus
2296 4746 2359 4797 ⁸⁸.

1864 4841 1953 4895 46.
2010 4838 2085 4893 De
2118 4840 2322 4895 sanctis
2364 4840 2625 4909 loquitur.

1866 4930 1956 4985 47.
2004 4928 2213 4987 Fideles
2239 4932 2525 5001 signiﬁcat.

1075 5317 1394 5383 'Addenda
1424 5323 1481 5383 et
1511 5316 1878 5399 corrigenda
1912 5336 1987 5380 ex
2028 5332 2164 5379 coa.
2197 5320 2396 5381 Vatic.

210 5508 284 5645 (1)
331 5508 468 5561 Ἐπι.

232 5579 287 5645 Ξ)
318 5577 491 5631 Αὑτοῦ
525 5580 691 5645 προσὰ

232 5579 288 5715 2)
318 5577 491 5631 Αὑτοῦ
525 5580 815 5650 προσάγειν
839 5581 958 5634 αὑτ.

232 5648 266 5702 3
322 5649 471 5715 Οὐχί.

232 5648 288 5715 3)
322 5649 471 5718 Οὐχί.
571 5648 580 5650 “

209 5652 282 5790 (4)
322 5718 381 5790 '_0_
402 5716 595 5790 F457“-

214 5787 289 5860 (5)
322 5787 641 5844 Εῠδόκτισον.

1867 5505 1940 5572 (6)
1978 5505 2238 5575 Ἀμελεῖς.

1864 5576 1941 5645 (7)
1975 5575 2029 5628 ln
2064 5575 2183 5629 cod.
2212 5593 2265 5629 η.
2299 5576 2385 5639 ιδ,
2420 5579 2509 5634 46.

1865 5646 1941 5711 (8)
1977 5645 2032 5699 In
2063 5646 2181 5700 cod.
2214 5662 2266 5699 η.
2293 5646 2379 5701 47.

1865 5713 1940 5785 (9)
1965 5716 2020 5770 ln
2052 5715 2169 5771 col.
2202 5731 2257 5771 η.
2287 5715 2371 5772 48.
