4084 6322
765 352 859 406 7ξῖ
1601 346 1657 402 S.
1699 347 2070 404 ATHANASII
2111 350 2258 405 ΟΡΡ.
2302 351 2481 407 PARS
2521 353 2609 407 ΙΙΙ.
2640 383 2705 393 --
2749 353 3150 409 EXEGETICA.
3863 359 3944 415 738

832 464 922 517 48.
952 462 1276 517 Universum
1318 476 1501 517 semen
1535 460 1725 525 Iacob,
1762 462 2059 532 gloriﬁcate
2091 480 2237 520 eum.

828 556 917 610 49.
953 553 1161 607 Timeat
1193 568 1316 607 eum
1352 568 1513 606 omne
1538 568 1722 608 semen
1758 553 1920 609 lsracl
1952 571 1964 607 :

827 648 916 702 50.
953 646 1214 712 Quoniam
1242 661 1349 699 non
1382 646 1605 715 sprevit,
1636 661 1812 715 neque
1836 646 2076 701 oll'ensus
2104 658 2183 701 est
2215 646 2311 701 de-

760 740 1065 811 precatione
1092 739 1365 807 pauperis,

831 831 915 885 51.
950 829 1055 885 Nec
1079 831 1267 883 avertit
1294 828 1481 883 faciem
1514 844 1667 882 suam
1697 844 1727 882 a
1754 844 1838 883 me
1864 846 1877 881 :

827 925 917 981 52.
954 923 1017 977 Et
1046 939 1168 979 cum
1195 924 1483 977 clamarem
1516 924 1582 976 ad
1609 937 1753 989 eum,
1782 921 2059 977 exaudivit
2084 936 2192 976 me.

829 1101 919 1155 55.
953 1101 1105 1171 Apud
1140 1113 1188 1156 te
1216 1102 1331 1157 laus
1362 1116 1480 1155 mea
1509 1120 1521 1153 :

827 1194 915 1248 54.
950 1193 1006 1245 ln
1039 1194 1266 1248 ecclesia
1305 1209 1499 1260 magna
1534 1191 1833 1246 conﬁtebor
1866 1190 1961 1245 tibi
1989 1208 2003 1245 :

823 1286 909 1340 55.
948 1284 1081 1340 Vota
1132 1303 1248 1339 mea
1295 1285 1518 1339 reddam
1564 1285 1618 1337 in
1666 1294 1959 1354 conspectu
2003 1284 2307 1339 timentium

759 1376 836 1449 [in
862 1386 1151 1446 conspectu
1180 1376 1394 1431 Domini
1421 1378 1661 1430 omnium
1689 1374 2019 1447 timentium]
2043 1392 2188 1430 eum.

823 1468 910 1523 56.
945 1468 1114 1522 Edent
1142 1484 1424 1538 pauperes,
1454 1478 1507 1522 et
1536 1468 1925 1523 saturahuntur
1950 1484 1963 1519 :

824 1559 911 1612 57.
950 1558 1015 1612 Et
1044 1559 1340 1612 laudabunt
1369 1556 1679 1622 Dominum,
1709 1556 1803 1625 qui
1835 1556 2120 1625 requirunt
2142 1570 2303 1609 eum:

818 1651 905 1705 58.
943 1650 1135 1705 Vivent
1165 1650 1325 1705 corda
1360 1665 1548 1703 eorum
1574 1650 1627 1701 in
1658 1647 1913 1702 saeculum
1942 1646 2146 1702 saeculi.

824 1745 909 1799 59.
949 1742 1401 1808 Rcminiscentur,
1432 1752 1485 1797 et
1509 1752 1890 1798 convertentur
1916 1742 1981 1795 ad
2017 1740 2304 1796 Dominum

752 1837 989 1891 universi
1017 1836 1148 1889 ﬁnes
1174 1845 1330 1888 terrae
1360 1851 1372 1886 :

817 1927 905 1980 60.
942 1925 1006 1980 Et
1052 1927 1353 1980 adorabunt
1383 1926 1435 1978 in
1462 1932 1752 1993 conspectu
1779 1922 1896 1991 ejus
1924 1922 2192 1975 universa:
2220 1917 2301 1971 fa-

751 2021 917 2075 milia:
943 2022 1203 2090 gentium.

822 2113 909 2166 61.
941 2112 1012 2182 (a)
1044 2112 1303 2176 Quoniam
1333 2110 1543 2165 Domini
1575 2118 1655 2163 est
1690 2123 1939 2176 regnum,

816 2205 908 2259 62.
937 2204 999 2258 Ει
1030 2204 1145 2273 ipse
1169 2203 1481 2257 dominatur
1514 2200 1776 2273 gentium.

820 2297 910 2352 65.
941 2295 1399 2350 Mandueaverunt
1422 2335 1437 2360 ,
1484 2307 1538 2350 et
1568 2297 1932 2350 adoraverunt
1959 2302 2147 2344 omnes
2182 2286 2303 2355 pin-

748 2402 879 2458 gues
911 2397 1065 2441 terra
1092 2405 1105 2441 :

815 2501 891 2575 (a)
931 2500 1079 2557 Vers.
1107 2500 1194 2563 61,
1228 2499 1295 2554 62
1323 2509 1515 2555 desunt
1541 2514 1595 2553 tn
1621 2499 1738 2554 cod.
1769 2497 2049 2552 Barberin.

2348 481 2391 534 Α
2490 467 2578 523 48.
2621 469 2797 521 Ἀπαν
2825 469 2885 520 τὸ
2920 468 3139 539 σπέρμα
3176 468 3387 533 Ἰακὼϐ,
3415 468 3661 533 δοξάσατε
3698 470 3875 525 αὐτόν.

2486 556 2574 614 49.
2590 558 2881 628 Φοϐηθήτω
2900 559 2962 627 δὴ
2981 559 3073 610 ἀπ’
3086 557 3245 610 αὑτοῦ
3266 557 3406 611 ἅπαν
3422 558 3481 610 τὸ
3496 559 3712 629 σπέρμα
3728 560 3943 632 Ἰσραήλ·

2486 650 2573 703 50.
2619 648 2740 703 Ὀτι
2776 651 2875 703 οὐκ
2920 650 3268 714 ἑξουδὲνωσεν
3291 691 3305 716 ,
3349 651 3468 704 οὐδὲ
3507 650 3855 725 προσώχθησε
3891 654 3942 724 τῇ

2411 739 2591 810 δεήσει
2624 739 2716 791 τοῦ
2746 741 2978 811 πτωχοῦ,

2486 830 2572 883 51.
2616 830 2747 883 Οὐδὲ
2778 831 3082 901 ἀπέστρεψε
3107 830 3168 884 τὸ
3197 830 3479 903 πρόσωπον
3502 830 3657 885 αὑτοῦ
3688 832 3785 884 ἀπ’
3808 833 3941 902 ἐμοῦ·

2486 917 2573 971 52.
2616 919 2725 971 Καὶ
2778 922 2835 971 ὲν
2887 919 2964 990 τῷ
3001 920 3329 991 κεκραγέναι
3372 937 3438 991 με
3483 921 3613 992 πρὸς
3652 922 3817 974 αὑτὸν
3852 923 3943 973 εισ-

2411 1008 2612 1081 ήκουσέ
2645 1027 2766 1080 μου.

2482 1102 2568 1157 55.
2612 1103 2768 1173 Παρὰ
2804 1104 2896 1156 σοῦ
2922 1105 2949 1156 ὁ
2976 1104 3189 1167 ἔπαινός
3222 1122 3340 1175 μου·

2485 1196 2570 1251 54.
2626 1198 2713 1250 Ἑν
2743 1199 3005 1270 ἐκκλησίᾳ
3037 1200 3246 1272 μεγάλῃ
3278 1200 3733 1271 ὲξομολογήσομαε
3764 1218 3869 1255 σοι·

2482 1287 2570 1341 55.
2613 1289 2721 1351 Τὰς
2770 1290 2934 1359 εὐχάς
2980 1309 3079 1361 μου
3126 1293 3389 1346 ἀποδώσω
3441 1292 3662 1347 ἐνώπιον
3706 1294 3815 1346 τῶν
3850 1289 3923 1365 [ὲν

2408 1375 2575 1429 ώπιον
2599 1377 2675 1447 τῷ
2707 1380 2894 1449 Κυρίῳ
2920 1381 3134 1435 πάντων
3162 1382 3289 1453 τῶν]
3310 1383 3469 1453 φοὸου
3479 1382 3647 1453 μένων
3672 1382 3854 1435 αὐτόν.

2476 1464 2562 1517 56.
2602 1467 2866 1534 Φὰγονται
2900 1470 3147 1541 πένητες,
3185 1471 3277 1524 καὶ
3318 1470 3819 1541 ἐμπλησθήσονται·

2474 1557 2563 1610 57.
2606 1559 2714 1611 Καὶ
2743 1559 3011 1613 αίνέσουσι
3043 1561 3242 1632 Κύριον
3269 1564 3316 1615 οἱ
3338 1562 3686 1632 ὲκζητοῦντες
3721 1560 3905 1614 αὐτόν·

2478 1649 2563 1702 58.
2610 1652 2875 1721 Ζήσονται
2910 1655 2964 1705 αἱ
2998 1654 3210 1723 καρδίαι
3234 1655 3409 1707 αὐτῶν
3439 1657 3515 1717 εἰς
3546 1653 3711 1705 αἰῶνα
3743 1651 3939 1714 αἰῶνος.

2476 1740 2562 1794 59.
2604 1742 3053 1812 Μνησθήσονται,
3127 1744 3220 1796 καὶ
3284 1745 3774 1813 ὲπιστραφήσονται
3825 1741 3945 1811 πρὸς

2336 1828 2376 1882 Β
2405 1832 2607 1903 Κύριον
2637 1834 2813 1886 πάντα
2845 1833 2912 1886 τὰ
2946 1836 3153 1906 πέρατα
3186 1838 3282 1906 τῆς
3309 1836 3439 1905 γῆς’

2471 1924 2558 1981 60.
2597 1925 2706 1979 Kal
2738 1929 3201 1997 προσκυνήσουσιν
3246 1926 3469 1979 ἐνώπιον
3502 1924 3664 1978 αὑτοῦ
3706 1925 3873 1977 πᾶσαι
3900 1922 3947 1975 al

2409 2018 2631 2087 πατριαὶ
2664 2018 2770 2070 τῶν
2802 2018 2988 2072 ἐθνῶν.

2477 2108 2567 2163 61.
2614 2110 2731 2161 ’Ὁτι
2760 2110 2851 2162 τοῦ
2878 2111 3079 2181 Κυρίου
3108 2112 3141 2179 ἡ
3168 2110 3429 2178 βασιλεία,

2475 2200 2561 2253 62.
2603 2200 2708 2252 Καὶ
2735 2200 2893 2263 αὐτὸς
2918 2198 3162 2263 δεσπόζει
3191 2199 3296 2252 τῶν
3320 2198 3506 2254 ἐθνῶν.

2478 2290 2564 2343 65.
2606 2292 2843 2360 Ἐφαγον
2862 2333 2876 2357 ,
2910 2291 3001 2344 καὶ
3032 2290 3439 2362 προσεκύνησαν
3476 2290 3675 2353 πάντες
3702 2291 3753 2342 οἱ
3784 2289 3950 2351 πίονες

2409 2396 2505 2449 της
2532 2395 2653 2451 γης“

1870 2603 2240 2663 ATHANASII
2277 2595 2855 2658 lNTERPBETATlO.

815 2729 904 2797 48,
931 2729 1015 2783 49.
1052 2729 1361 2795 Personam,
1395 2746 1515 2800 quae
1538 2744 1701 2799 supra
1724 2738 1863 2792 orat,
1900 2727 2087 2782 timeat
2114 2724 2301 2793 utique

2465 2715 2552 2779 48,
2584 2713 2673 2767 49.
2716 2711 2846 2765 Ἀπὸ
2878 2708 3166 2780 προσώπου
3196 2704 3290 2761 τοῦ
3316 2706 3569 2776 ἀνωτέρω
3596 2707 3952 2777 προσευχομί.

746 2839 905 2878 omne
937 2839 1102 2894 genus
1135 2837 1356 2881 eorum.
1390 2821 1482 2892 qui
1528 2821 1690 2876 corde
1722 2820 1908 2874 mundi
1943 2826 2087 2873 sunt.
2137 2812 2293 2868 lsrael

2396 2822 2486 2858 νου
2520 2802 2811 2873 φοϐηθήτω
2858 2800 2923 2870 δὴ
2962 2800 3104 2852 ἆπαν
3151 2797 3210 2850 τὸ
3254 2797 3407 2866 γένος
3448 2795 3556 2849 τῶν
3598 2796 3854 2868 καθαρῶν
3894 2800 3949 2866 τῇ

746 2915 889 2971 enim
923 2917 1304 2983 interpretatur
1329 2929 1468 2967 mens
1494 2913 1667 2967 videns
1691 2912 1877 2966 Deum.

814 3093 901 3158 50,
933 3092 1019 3146 51.
1050 3091 1315 3158 Quoniam
1348 3106 1455 3146 non
1493 3090 1736 3159 despexit
1780 3087 2059 3143 hominum
2106 3101 2296 3157 genus,

746 3199 845 3240 nec
872 3184 1113 3254 permisit
1144 3198 1238 3237 eos
1260 3182 1455 3251 perire,
1489 3182 1832 3235 abominatus
1863 3180 1932 3235 ob
1960 3194 2149 3234 eorum
2177 3192 2301 3247 pec-

743 3286 882 3342 cata,
913 3290 1086 3345 neque
1115 3274 1167 3327 in
1198 3276 1354 3327 linem
1380 3272 1581 3326 oblitus
1608 3280 1690 3326 est
1716 3268 1953 3341 ﬁgmenti
1981 3268 2087 3324 sui.

812 3449 901 3503 52.
932 3446 996 3501 Et
1021 3447 1147 3501 dum
1188 3462 1312 3501 cum
1360 3447 1689 3511 invocarem,
1722 3454 1781 3498 ut
1811 3444 1923 3513 ipse
1956 3443 2008 3497 in
2036 3442 2296 3497 auxilium

744 3557 923 3597 meum
952 3542 1187 3605 veniret,
1222 3539 1494 3593 exaudivit
1526 3553 1644 3603 me;
1693 3548 1747 3592 et
1782 3552 1888 3591 non
1932 3537 2105 3592 solum
2128 3538 2296 3603 venit,

744 3634 837 3690 sed
871 3634 1029 3687 etiam
1061 3646 1253 3702 passus
1281 3639 1363 3684 est
1391 3645 1487 3699 pro
1518 3644 1625 3682 me.

814 3726 902 3780 55.
933 3723 1046 3778 Hoc
1081 3732 1195 3786 est,
1229 3722 1369 3791 quod
1420 3722 1473 3775 in
1516 3719 1806 3790 Evangelio
1830 3718 1965 3773 dixit
1992 3718 2293 3774 Dominus:

745 3816 839 3873 Est
876 3814 1032 3869 Pater
1059 3832 1221 3880 meus,
1254 3816 1341 3883 qui
1367 3812 1627 3881 gloriﬁcat
1661 3811 1824 3865 me".

812 3908 899 3964 54.
924 3905 1034 3962 Hoc
1062 3908 1358 3975 adimplens
1392 3906 1444 3958 in
1470 3904 1762 3973 Evangelia
1792 3903 1927 3958 dixit
1957 3922 1969 3957 :
2002 3902 2298 3973 Conﬁtebar

740 3999 855 4065 tibi,
887 3998 1050 4053 Pater
1081 3997 1297 4049 Domine
1324 3997 1435 4048 caeli
1453 4006 1500 4048 et
1534 4005 1685 4048 terra:
1700 3995 1763 4055 ⁸⁷,

815 4171 899 4225 55.
935 4169 1063 4235 Quae
1093 4170 1315 4239 promisi
1345 4183 1437 4238 per
1468 4166 1782 4237 prophetas,
1812 4166 2064 4236 impieoo.

2397 2896 2612 2968 καρδίᾳ·
2664 2891 2883 2964 Ἰσραὴλ
2925 2891 3032 2962 γὰρ
3082 2889 3437 2962 ἑρμηνεύεται
3477 2888 3626 2957 νοῦς
3667 2887 3820 2959 ὁρῶν
3860 2889 3953 2944 τόν

2324 3019 2367 3076 C
2400 2991 2565 3045 Θεόν.

2471 3083 2560 3145 50,
2586 3079 2673 3134 51.
2708 3081 2826 3131 ’Ότι
2858 3079 2957 3130 οὐκ
2996 3074 3337 3148 ἁπεφρόνησε
3367 3074 3437 3146 (1)
3475 3073 3568 3126 τοῦ
3626 3074 3815 3143 γένους
3856 3073 3955 3126 τῶν

2398 3172 2732 3245 ἀνθρώπων,
2764 3171 2856 3223 καὶ
2895 3171 2993 3221 οὐκ
3027 3168 3205 3219 εἴασεν
3243 3166 3436 3228 αὐτοὺς
3483 3166 3811 3219 ἀπόλλυσθαι
3848 3166 3953 3235 βδε-

2398 3262 2723 3331 λυσσόμενος
2752 3259 2843 3311 ἐπὶ
2866 3260 2983 3319 ταῖς
3011 3256 3303 3327 ἁμαρτίαις
3330 3255 3527 3322 αὐτῶν,
3556 3256 3676 3308 οὐδὲ
3705 3258 3782 3318 είς
3812 3256 3954 3316 τέλος

2397 3355 2489 3408 τοῦ
2525 3354 2838 3423 πλάσματος
2872 3350 3033 3403 αὑτοῦ
3068 3348 3375 3401 ἐπελάθετο.

2464 3446 2550 3501 52.
2582 3446 2691 3497 Kal.
2725 3445 2782 3496 ὲν
2822 3441 2898 3511 τῷ
2926 3442 3108 3493 καλεῖν
3139 3441 3297 3493 αὑτὸν
3333 3439 3504 3493 ἐλθεῖν
3535 3439 3699 3492 αὑτὸν
3730 3442 3806 3502 εἰς
3841 3438 3954 3508 βοη-

2398 3538 2544 3591 θειάν
2576 3553 2706 3606 μου,
2740 3533 3024 3604 εἰσήκουσέ
3073 3549 3204 3604 μου·
3243 3533 3335 3585 καὶ
3374 3534 3433 3586 οὐ
3481 3531 3641 3602 μόνον
3685 3531 3952 3603 ἐλήλυθεν,

2396 3627 2530 3685 ἀλλὰ
2562 3627 2655 3680 καὶ
2686 3624 2947 3678 πέπονθεν
2976 3625 3111 3693 ὑπὲρ
3140 3621 3293 3690 ἐμοῦ.

2466 3720 2551 3774 55.
2585 3716 2753 3771 Τοῦτό
2786 3720 2931 3769 ἐστιν
2962 3716 3096 3786 ὅπερ
3129 3714 3311 3781 ἔλεγεν
3347 3714 3404 3765 ὲν
3438 3712 3760 3785 Εὑαγγελίῳ
3792 3718 3818 3767 ὁ
3848 3714 3953 3767 Κύ-

2399 3828 2541 3882 ριος⁸
2575 3812 2785 3863 Ἔστιν
2810 3811 2841 3861 ό
2872 3806 3070 3873 Πατήρ
3097 3823 3212 3874 μου
3246 3807 3277 3858 ὀ
3301 3802 3559 3868 δοξάζων
3580 3821 3660 3873 με

2460 3903 2545 3958 54.
2578 3901 2745 3954 Τοῦτο
2772 3899 2990 3971 πληρῶν
3022 3901 3076 3950 ὲν
3108 3897 3425 3966 Εὑαγγελίῳ
3454 3896 3639 3965 ἔλεγεν
3660 3914 3675 3927 ’
3722 3898 3952 3967 Ἐξομο-

2394 3993 2729 4064 λογήσομαί
2761 4006 2877 4055 σοι,
2909 3991 3083 4056 Κύριε
3109 3986 3297 4055 Πάτερ
3322 3986 3425 4040 τοῦ
3452 3989 3712 4056 οὐρανοῦ
3734 3991 3829 4042 καὶ
3852 3987 3954 4055 τῆς

2397 4105 2525 4156 γης.

2466 4180 2552 4232 55.
2581 4180 2757 4249 "Amp
2798 4174 3204 4246 επηγγειλόιμην
3223 4170 3309 4226 δια
3339 4170 3445 4223 τῶν
3471 4171 3789 4242 προφητῶν,
3823 4172 3949 4243 πλη⁴

2398 4287 2574 4340 ρωσω.

810 4346 897 4401 56.
930 4344 1347 4399 Justilicationes
1376 4342 1631 4411 Domini,
1671 4352 1724 4400 et
1762 4341 2128 4413 implebuntur
2170 4341 2293 4415 Spi-

2472 4363 2557 4416 56.
2592 4363 2672 4414 Τά
2694 4359 3033 4430 δικαιώματα
3056 4357 3150 4413 τοῦ
3173 4354 3398 4427 Κυρίου,
3424 4356 3518 4409 καὶ
3544 4354 3953 4425 ἐμπλησθήσον-

739 4439 847 4493 ritu
878 4447 1083 4494 sancto.

811 4530 897 4585 57.
928 4529 1163 4601 Hymnus
1191 4527 1470 4597 speciosus
1502 4525 1567 4582 de
1598 4540 1662 4581 eo
1706 4528 1999 4583 cantabunt
2042 4529 2294 4585 Oblectati

739 4624 859 4692 ejus
883 4621 1297 4691 pulchritudine.

808 4715 895 4770 58.
936 4714 1117 4768 Letale
1164 4722 1441 4783 peceatum
1477 4714 1531 4766 in
1567 4712 1699 4782 ipsis
1731 4728 1837 4767 non
1868 4711 2190 4786 admittent.)

806 4808 894 4864 59.
928 4805 1369 4861 Recordabuntur
1400 4804 1538 4871 ejus,
1565 4805 1657 4875 qui
1685 4803 1830 4873 ipsos
1855 4802 1999 4858 fecit.

806 4898 893 4953 60.
930 4898 1125 4952 Tribus
1159 4908 1331 4953 terrae.

805 4988 891 5050 61,
918 4987 1005 5043 62.
1037 4985 1153 5055 lpse
1179 4988 1322 5041 enim
1358 4993 1442 5042 est
1467 5003 1560 5041 rex
1590 5003 1798 5058 regum,
1824 4996 1876 5042 et
1910 4988 2171 5041 Dominus
2197 4985 2291 5041 do-

737 5080 1057 5134 minantium
1077 5119 1092 5143 ,
1128 5088 1181 5133 et
1208 5080 1356 5133 solus
1387 5080 1647 5135 Dominus
1675 5081 1839 5135 totius
1872 5080 2095 5133 humani
2131 5092 2291 5148 gene-

737 5173 832 5235 ris,
868 5180 1048 5241 utpote
1080 5173 1169 5240 qui
1203 5173 1351 5227 solus
1384 5173 1600 5241 proprio
1633 5173 1894 5242 sanguine
1919 5187 2013 5226 eos
2039 5171 2285 5226 redemit.

805 5347 889 5399 65.
927 5345 1391 5416 Paruerpaverunt
1423 5362 1647 5417 gratiam
1686 5346 1775 5400 Dei
1807 5348 1989 5400 animo
2019 5361 2284 5416 po.en.es.

799 5527 847 5561 “
870 5527 1026 5582 Joan.
1053 5544 1171 5591 vnt,
1207 5529 1292 5582 54.
1369 5530 1409 5559 ⁸⁷
1439 5528 1627 5583 Matth.
1656 5542 1709 5592 x,
1737 5527 1827 5579 25.

2393 4472 2482 4510 ται
2502 4453 2639 4507 Πνεύ
2648 4470 2809 4524 ματος
2830 4451 3005 4519 ἁγίου.

2463 4550 2550 4604 57.
2583 4550 2819 4618 Ὕμνους
2845 4547 3172 4618 ὼραιότητος
3200 4546 3423 4597 εἴπωσιν
3456 4543 3531 4605 εἰς
3562 4540 3723 4593 αὑτὸν
3756 4541 3807 4592 οἱ
3838 4556 3953 4609 τερ·

2393 4642 2616 4714 τόμενοι
2644 4639 2735 4692 τοῦ
2772 4639 2997 4702 κάλλους
3030 4637 3187 4691 αὐτόν
3212 4635 3308 4705 (2).

2460 4733 2548 4787 58.
2592 4730 2884 4802 Ἀμαρτίαν
2918 4728 3286 4800 θανατηφόρον
3314 4725 3373 4777 οὐ
3406 4723 3644 4791 δέξονται
3671 4726 3729 4777 ὲν
3752 4726 3953 4789 αὐτοῖς.

2462 4825 2549 4878 59.
2580 4823 2991 4893 Μνησθήσονται
3023 4821 3115 4873 τοῦ
3149 4818 3500 4889 πεποιηκότος
3525 4815 3741 4882 αὐτούς.

2457 4914 2545 4969 60.
2577 4918 2641 4967 Ai
2676 4914 2835 4983 φυλαὶ
2868 4916 2963 4984 τῆς
2988 4913 3107 4982 γῆς.

2460 5004 2560 5068 61,
2592 5004 2675 5057 62.
2707 5004 2877 5067 Αὐτὸς
2918 5004 3022 5074 γάρ
3061 5004 3174 5054 ἐστι
3211 5000 3457 5072 βασιλεὺς
3488 4998 3600 5053 τῶν
3648 5000 3955 5071 βασιλευόνο

2396 5114 2521 5161 των,
2561 5097 2651 5148 καὶ
2681 5095 2882 5167 Κύριος
2913 5095 3019 5147 τῶν
3047 5094 3420 5165 κυριευόντων,
3448 5092 3543 5145 καὶ
3576 5093 3733 5163 μόνος
3755 5094 3956 5147 Δεσπό-

2395 5206 2490 5259 της
2522 5188 2717 5250 παντὸς
2744 5186 2835 5238 τοῦ
2867 5186 3053 5255 γένους
3086 5185 3193 5239 τῶν
3218 5184 3535 5256 ἀνθρώπων,
3567 5184 3639 5248 ὡς
3670 5185 3831 5254 μόνος
3861 5183 3954 5239 αι’.-

2393 5276 2514 5336 τοὺς
2541 5273 2872 5344 ὲξαγοράσας
2894 5274 2971 5343 τῷ
3002 5273 3113 5343 ίδίῳ
3144 5274 3351 5343 αἵματι.

2464 5364 2550 5417 65.
2577 5364 2885 5417 Μετέλαΰον
2916 5366 3014 5436 τῆς
3042 5366 3260 5434 χάριτος
3286 5364 3378 5421 τοῦ
3404 5365 3537 5419 Θεοῦ
3567 5366 3615 5421 oi
3644 5365 3864 5421 δυνατοὶ
3891 5366 3951 5436 τῇ

1679 5644 1982 5706 Addenda
2028 5650 2085 5703 et
2120 5640 2487 5721 corrigenda
2522 5657 2598 5699 ex
2629 5640 2766 5699 cod.
2806 5641 2995 5701 Vatic.

807 5768 875 5835 ll)
912 5772 981 5821 Οὐ
1015 5769 1409 5838 κατεφρόνησε.

2477 5766 2547 5836 (2)
2582 5766 2772 5821 Αὑτοῦ.
