4084 6322
185 349 290 406 729
1089 354 1176 410 DE
1217 355 1494 413 TITUIJS
1533 357 1985 414 PSALMORUM.
2030 389 2092 399 -
2134 358 2331 416 PSAL.
2369 358 2536 416 XXI].
3302 357 3406 410 730

256 468 346 524 64.
378 470 634 525 Ἐνὼπιον
657 473 820 528 αὐτοῦ
848 473 1245 546 προσπεσοῦνται
1271 475 1471 538 πάντες
1499 477 1548 529 ol
1577 493 1744 530 κατα-
1774 491 1819 548 Α

1791 491 1819 548 λ
1912 476 2000 529 61.
2036 476 2090 530 In
2121 485 2421 547 conspectu
2447 476 2568 547 ejus
2594 473 2786 531 cadent
2807 474 3031 538 fomnes,
3059 471 3154 528 oui
3178 475 3404 527 descen-

177 558 460 628 ϐαίνοντες
488 567 566 624 εἰς
595 564 718 634 γῆν.

703 603 718 617 .
1849 566 1986 623 dunt
2011 567 2062 619 in
2093 576 2316 621 terram.

254 653 347 708 65.
378 656 486 708 Kal.
512 657 544 726 ή
570 656 715 728 ψυχή
753 675 852 729 μου
879 657 1025 729 αὐτῷ
1050 658 1115 731 ζῇ
1136 697 1151 722 ν

1136 697 1151 722 ,
1917 657 2003 710 65.
2038 654 2102 709 Ει
2126 657 2309 710 anima
2343 671 2463 712 mea
2495 655 2572 711 illi
2596 654 2744 722 vivit,

253 743 342 801 66.
375 749 483 800 Καὶ
505 747 564 800 τὸ
600 749 816 819 σπέρμα
854 768 952 820 μου
984 749 1257 804 δουλεύσει
1287 749 1455 822 αὐτῷ.

1300 749 1455 822 ιύτῷ.
1919 748 2006 802 66.
2039 748 2103 802 Ει
2130 764 2315 803 semen
2344 765 2525 804 meum
2552 748 2752 804 serviet
2780 745 2913 817 ipsil

251 836 342 891 67.
390 838 838 912 ’Δναγγελήσεται
871 841 946 912 τῷ
976 843 1160 914 Κυρίῳ
1192 841 1354 911 γενεὰ
1381 844 1414 914 ἡ
1448 842 1742 916 ἐρχομένη·

1700 859 1742 916 ι·
1919 840 2008 896 67.
2040 841 2466 895 Annuntiabitur
2491 840 2725 895 Domino
2752 837 3025 910 generatio
3051 846 3313 892 ventura:

252 929 341 983 68.
373 931 477 984 Καὶ
506 932 860 1000 ἀναΠελοῦσι
886 932 983 1004 τὴν
1004 934 1345 1006 δικαιοσύνην
1373 933 1536 987 αὑτοῦ

1373 933 1536 987 αὑτοῦ
1918 929 2008 984 68.
2036 929 2103 984 Ει
2131 930 2538 984 annuntiabunt
2561 929 2830 999 justitiam
2856 929 2974 999 ejus

249 1019 342 1076 69.
371 1021 501 1092 Δαῷ
521 1022 599 1092 τῷ
623 1022 1003 1094 τεχθησομένῳ
1029 1064 1043 1087 ,
1072 1024 1130 1078 ὃν
1171 1024 1424 1094 ἐποίησεν
1464 1027 1492 1078 ὀ
1520 1025 1744 1098 Κύριος.

1915 1021 2004 1078 69.
2037 1021 2275 1091 Populo,
2308 1021 2401 1091 qui
2443 1029 2727 1084 nascetur,
2763 1035 2924 1090 quem
2969 1018 3098 1072 fecit
3123 1016 3402 1072 Dominus.

501 1114 744 1183 Ψαλμὸς
765 1113 844 1180 τῷ
861 1114 1065 1190 ³⁵Δαϐίδ.
1095 1118 1265 1171 ΨΑΛ.
1297 1119 1428 1171 KB'.

2163 1114 2410 1168 Psalmus
2439 1114 2626 1168 David.
2662 1112 2867 1168 PSAL.
2892 1110 3086 1166 XXII.

250 1201 304 1256 1.
341 1202 544 1274 Κύριος
574 1205 844 1274 ποιμαίνει
885 1225 951 1277 με
972 1248 988 1270 ,
1023 1209 1117 1261 καὶ
1141 1208 1290 1263 οὐδέν
1319 1227 1384 1279 με
1424 1211 1741 1281 ὑπερήσει·

1638 1228 1741 1264 πει·
1914 1206 1966 1260 1.
1999 1205 2265 1262 Dominus
2293 1207 2470 1276 pascit
2498 1221 2605 1271 me,
2637 1214 2690 1260 et
2720 1205 2851 1259 nihil
2876 1205 3006 1258 mihi
3037 1204 3211 1258 deerit
3237 1241 3251 1255 .

246 1294 303 1347 2.
337 1295 432 1357 Et;
460 1295 622 1349 τόπον
647 1296 808 1366 χλόης
837 1298 953 1351 ἐκεῖ
982 1315 1048 1368 με
1082 1302 1520 1369 κατεσκήνωσεν·

1425 1317 1520 1354 τεν·
1911 1299 1964 1354 2.
2001 1299 2057 1353 ln
2091 1300 2210 1355 loco
2245 1314 2459 1368 pascuae
2495 1299 2569 1352 ibi
2599 1314 2685 1353 me
2713 1297 2996 1354 collocavit
3026 1314 3038 1350 :

245 1385 302 1440 3.
344 1387 468 1439 Ἐπὶ
497 1385 687 1450 ὓδατος
721 1390 1074 1453 ἀναπαύσεως
1099 1391 1356 1462 ἐξέθρεψέ
1395 1410 1484 1464 με.

1916 1391 1969 1444 5.
2007 1389 2181 1460 Super
2211 1405 2406 1460 aquam
2437 1388 2749 1443 rcfectionis
2779 1389 3029 1443 educavit
3062 1402 3166 1442 me.

243 1476 300 1530 4.
334 1477 447 1546 Τὴν
471 1477 646 1550 ψυχήν
679 1495 778 1548 μου
807 1480 1138 1551 ἐπέστρεψεν
1157 1499 1170 1512 ·

1167 1500 1170 1511 π
1914 1482 1967 1534 4.
2001 1482 2250 1535 Animam
2280 1497 2453 1536 meam
2477 1481 2740 1536 convertit
2767 1497 2780 1533 :

242 1568 298 1622 5.
348 1568 610 1640 Ὠδήγησὲ
640 1587 706 1639 με
736 1570 826 1622 ἐπὶ
856 1571 1074 1641 τρίϐους
1100 1572 1468 1645 δικαιοσύνης,

1454 1618 1468 1641 ,
1910 1574 1962 1628 5.
1997 1572 2231 1627 Deduxit
2259 1589 2344 1628 me
2369 1587 2533 1643 super
2561 1573 2783 1627 semitas
2812 1569 3057 1641 justitiaa,

241 1655 299 1710 6.
337 1657 560 1711 Ἕνεκεν
589 1658 681 1712 τοῦ
709 1660 969 1731 ὀνόματος
999 1663 1185 1716 αὐτοῦ.

1025 1663 1185 1716 ιύτοῦ.
1911 1664 1964 1721 6.
1994 1665 2214 1733 Propter
2239 1679 2434 1718 nomen
2461 1680 2638 1720 suum.

242 1747 301 1802 7.
341 1748 466 1804 Ἐὰν
493 1750 601 1822 γὰρ
636 1751 728 1804 καὶ
754 1752 1003 1823 πορευθῶ
1029 1756 1085 1807 ὲν
1117 1754 1266 1825 μέσῳ
1300 1757 1456 1819 σκιᾶς
1489 1756 1741 1821 θανάτου,

1917 1751 1967 1807 7.
2007 1752 2141 1807 Nam
2170 1753 2270 1808 etsi
2302 1753 2649 1808 ambulavero
2675 1753 2730 1806 in
2757 1752 2938 1807 medio
2963 1751 3168 1807 umbrte
3194 1751 3403 1817 mortis,

242 1836 299 1892 8.
337 1838 411 1889 Οὐ
444 1839 817 1910 φοϐηθήσομαι
840 1840 1004 1904 κακὰ,
1031 1842 1111 1895 ὅτι
1144 1844 1207 1897 σὺ
1233 1847 1351 1914 μετ’
1377 1844 1510 1917 ἐμοῦ
1537 1842 1603 1899 εἷ.
1776 1855 1818 1910 Β

1776 1855 1818 1910 Β
1918 1844 1971 1899 8.
2008 1843 2124 1899 Νοη
2157 1844 2359 1899 timebo
2383 1844 2559 1911 mala;
2590 1842 2850 1913 quoniam
2878 1851 2933 1897 tu
2964 1858 3177 1897 mecum
3205 1857 3283 1897 es.

243 1927 300 1982 9.
344 1928 409 1980 Ἥ
444 1929 638 1999 ῥάϐδος
672 1947 764 1983 σου
806 1932 900 1985 καὶ
933 1933 966 2003 ἡ
1010 1931 1281 2004 βακτηρία
1315 1951 1438 2000 σου,
1481 1929 1643 1988 αὗταί
1676 1953 1744 2005 με

1919 1935 1973 1990 9.
2007 1933 2169 2005 Virga
2206 1945 2320 2002 tua,
2355 1944 2409 1990 et
2441 1935 2671 1990 baculus
2701 1943 2847 2000 tuus,
2875 1933 2990 2004 ipsa
3017 1948 3100 1987 me
3130 1933 3407 1988 consolata

171 2020 554 2090 παρεκάλεσαν
1846 2035 1992 2080 sunt.

243 2109 333 2162 10.
377 2110 706 2182 Ἠτοίμασας
735 2113 962 2167 ἐνώπιόν
993 2132 1095 2186 μου
1125 2115 1401 2186 τράπεζαν
1436 2116 1742 2183 ἐξεναντίας

1919 2119 2005 2172 10.
2044 2118 2255 2174 Parasti
2295 2120 2349 2174 in
2390 2129 2682 2190 conspectu
2721 2135 2842 2175 meo
2870 2134 3116 2174 mensam
3151 2117 3407 2172 adversus

171 2199 278 2252 τῶν
309 2199 596 2257 θλιϐόντων
623 2220 690 2273 με
714 2221 728 2236 ο

1846 2223 1964 2276 eos,
1995 2210 2085 2279 qui
2119 2210 2376 2264 tribulam
2403 2225 2487 2264 me
2511 2226 2525 2262 :

243 2290 335 2345 11.
381 2293 666 2359 Ἐλίπανας
693 2298 748 2349 ὲν
774 2295 940 2366 ἐλαίῳ
969 2297 1064 2370 τὴν
1094 2299 1336 2371 κεφαλήν
1370 2317 1472 2371 μου

1920 2298 2006 2352 11.
2046 2297 2404 2368 lmpinguasti
2439 2299 2494 2352 in
2529 2299 2649 2356 oleo
2678 2307 2840 2370 caput
2869 2315 3092 2355 meum:

1293 2429 1668 2486 ATHANASII
1705 2413 2287 2486 INTERPRETATIO.

238 2546 336 2598 64.
373 2546 576 2609 Πάντες
601 2546 650 2598 oi
684 2545 752 2599 τὰ
778 2547 942 2617 γήινα
979 2547 1318 2619 φρονοῦντες.

1305 2587 1318 2601 .
1915 2544 2002 2598 64.
2039 2541 2260 2609 Omnes,
2291 2558 2385 2612 qui
2414 2551 2627 2597 terrena
2657 2541 2914 2612 cogitant.

236 2631 332 2684 65.
363 2631 517 2702 Αὐτῷ
553 2631 650 2702 μὲν
677 2633 711 2704 ή
739 2632 884 2705 ψυχή
911 2629 1025 2707 ’μου
1057 2636 1132 2707 (1)
1154 2654 1168 2668 ο
1216 2636 1294 2708 τῷ
1332 2636 1389 2690 δὲ
1438 2637 1625 2711 κόσμῳ
1657 2655 1745 2692 τε-

1919 2637 2007 2691 65.
2042 2635 2148 2706 lpsi
2175 2635 2391 2706 quidem
2425 2635 2605 2689 anima
2631 2649 2774 2702 mea,
2814 2633 3019 2688 mundo
3054 2642 3233 2687 autem
3259 2647 3406 2688 mor-

169 2722 483 2777 θανάτωται
503 2741 517 2754 ο

503 2741 517 2754 ⁸
1841 2740 1933 2785 tua
1968 2739 2052 2784 est
2085 2749 2097 2784 :

240 2815 337 2870 66.
369 2817 476 2869 Καὶ
509 2816 657 2870 πᾶσά
686 2834 787 2888 μου
815 2816 1109 2889 ὲνθύμησις
1138 2819 1541 2891 ὑποταγήσεται
1571 2819 1743 2889 αὐτῷ.

1576 2819 1743 2889 αὐτῷ.
1913 2820 2002 2874 66.
2040 2820 2106 2874 Ει
2138 2820 2314 2874 omnis
2345 2835 2464 2874 mea
2497 2821 2752 2891 cogitatio
2784 2819 3040 2876 subdetur
3066 2819 3189 2890 ipsi.

365 2909 536 3011 Aemi}
569 2909 720 2963 ἔσται
744 2909 829 3014 .τῷ
863 2909 1068 3017 Κυρίῳ.
1213 2998 1239 3010 ~
1770 2960 1811 3017 Ο

1770 2960 1811 3017 C
1915 2910 2003 2966 67.
2037 2908 2271 2981 Accepta
2301 2912 2401 2966 erit
2436 2911 2681 2966 Domino.

234 2996 330 3050 68.
366 2997 672 3069 Κηρύξουσι
702 2997 800 3062 τὰς
828 2998 1045 3062 ἐντολὰς
1076 2998 1260 3053 αὐτοῦ.
1770 2996 1811 3017 ν

1770 2996 1811 3017 ν
1915 3002 2000 3058 68.
2035 3001 2414 3058 Praedicabth
2445 3011 2707 3074 praecepta
2742 3002 2881 3072 ejus.

238 3086 334 3142 69.
373 3088 807 3157 Τεχθησομένῳ,
839 3089 1004 3156 λέγει,
1031 3090 1087 3141 ὲν
1109 3089 1185 3160 τῷ
1212 3089 1565 3162 βαπτίσματι.

1461 3109 1565 3147 ατι.
1919 3095 2009 3149 69.
2047 3093 2150 3159 Qui
2183 3106 2445 3159 nascetur,
2475 3096 2671 3164 inquit,
2703 3095 2756 3148 in
2789 3093 3074 3164 baptismo.

246 3199 320 3252 Ἦ
347 3199 676 3272 προκειμένη
711 3200 988 3273 ἐπιγραφὴ
1019 3202 1260 3274 περιέχει
1293 3203 1401 3274 (2)’
1441 3204 1685 3273 Ψαλμὸς
1720 3204 1801 3270 τῷ
1823 3209 2024 3274 Δαϐὶδ,
2065 3210 2310 3263 τουτέστι
2337 3209 2579 3278 ψαλμὸς
2609 3207 2688 3274 τῷ
2729 3208 2994 3277 γεγονότι
3033 3206 3264 3274 ποιμένι
3293 3202 3410 3257 τῶν

169 3293 502 3364 προϐάτων.
529 3296 695 3366 Δῆλον
722 3295 850 3369 γὰρ,
877 3298 958 3351 ὅτι
979 3299 1007 3349 ὁ
1031 3298 1196 3350 Δαόὶδ
1222 3303 1424 3368 ποιμὴν
1445 3295 1512 3370 ἦν
1540 3300 1844 3370 προϐάτων.
1872 3304 2106 3377 Ψαλμὸς
2136 3303 2230 3361 οὖν
2250 3305 2327 3378 τῷ
2351 3305 2532 3372 Δαϐὶδ,
2557 3305 2699 3375 λέγω
2721 3304 2777 3358 δὲ
2800 3303 2877 3374 τῷ
2899 3301 3013 3373 Υἱῷ
3036 3300 3128 3354 τοῦ
3159 3299 3312 3364 Θεοῦ,
3333 3299 3409 3370 τῷ

169 3386 324 3456 καλῷ
356 3388 577 3457 Ποιμένι
596 3402 609 3416 ⁸
644 3388 724 3440 διὸ
747 3388 938 3456 ἐπάγει
967 3387 1101 3458 πρὸς
1130 3388 1288 3441 αὑτὸν
1320 3390 1490 3459 λέγων
1509 3407 1521 3420 °

241 3481 462 3537 Titulus
498 3482 814 3552 praepositus
844 3483 1085 3537 continet
1111 3499 1124 3535 :
1154 3483 1403 3539 Psalmus
1433 3486 1622 3553 David,
1648 3490 1753 3547 hoc
1781 3501 1886 3560 est,
1915 3493 2154 3564 psalmus
2187 3495 2256 3559 ei,
2285 3496 2374 3566 qui
2419 3495 2521 3564 fuit
2559 3503 2741 3560 pastor
2763 3494 2956 3550 ovium.
2989 3490 3264 3560 Siquidem
3295 3504 3408 3544 ma-

170 3574 436 3630 nifestum
467 3583 571 3642 est,
597 3574 741 3644 quod
770 3574 938 3630 David
964 3585 1081 3629 erat
1111 3586 1297 3646 pastor
1329 3580 1532 3634 ovium.
1568 3580 1818 3641 Psalmus
1861 3587 2025 3658 igitur
2068 3587 2258 3654 David,
2286 3586 2404 3654 Dei,
2435 3588 2678 3657 inquam,
2706 3585 2864 3650 Filio,
2890 3585 2983 3651 qui
3012 3582 3203 3640 Pastor
3235 3583 3409 3638 bonus

171 3666 277 3721 fuit
305 3689 318 3723 :
352 3667 473 3721 ideo
499 3667 681 3722 subdit
709 3667 774 3722 ad
804 3683 926 3722 eum
957 3668 1142 3723 dicens
1171 3683 1185 3719 :

245 3781 297 3834 1.
335 3779 396 3830 '0
428 3778 629 3850 ποιμὴν
656 3779 685 3831 ὁ
719 3778 880 3842 καλὸς
900 3820 914 3845 ,
956 3778 1055 3850 τὴν
1082 3778 1260 3851 ψυχὴν
1300 3778 1462 3834 αὑτοῦ
1490 3781 1749 3852 τεθεικὼς

1922 3790 1973 3846 1.
2026 3789 2207 3846 Bonus
2237 3800 2445 3860 pastor,
2491 3787 2582 3859 qui
2626 3789 2807 3858 posuit
2835 3788 3069 3844 animam
3116 3805 3271 3845 suam
3311 3805 3408 3862 pro

170 3872 318 3943 ὑπὲρ
343 3870 501 3940 ἡμῶν
533 3871 632 3939 (δ).

409 3870 501 3924 ιῶν
533 3871 632 3939 (5)·
1845 3885 2022 3940 nobis.

241 3962 300 4016 2.
345 3961 434 4014 Ἐν
463 3963 530 4032 τῇ
568 3959 858 4032 Ἐκκλησία
885 3959 978 4014 τοῦ
1008 3960 1166 4027 Θεοῦ,
1191 3962 1317 4017 ἔνθα
1338 3966 1386 4018 oi
1414 3963 1556 4034 ἅγιοι
1581 3965 1746 4021 αὑτοῦ

1581 3965 1746 4021 αὑτοῦ
1916 3975 1969 4030 2.
2005 3975 2062 4029 In
2092 3973 2328 4031 Ecclesia
2367 3974 2482 4042 Dei,
2511 3973 2602 4028 ubi
2631 3973 2802 4029 sancti
2831 3973 2950 4045 ejus
2980 3973 3191 4031 ﬂorent.

208 4053 450 4107 νθοῦσιν.

169 4057 450 4110 ἀνθοῦσιν.

242 4147 302 4201 3.
349 4145 438 4198 Ἐν
467 4147 532 4215 τῇ
560 4144 852 4215 χάριτι,τοῦ
880 4145 1193 4217 Πνεύματος
1220 4147 1393 4215 ἁγίου.

1143 4163 1193 4209 ος
1220 4147 1393 4215 ἁγίου.
1920 4156 1972 4209 5.
2005 4153 2061 4208 1η
2092 4156 2263 4224 gratia
2298 4151 2535 4221 Spiritus
2563 4151 2756 4204 sancti.

246 4239 320 4304 4,
376 4238 429 4292 5.
480 4238 575 4290 Ἐκ
621 4236 721 4306 τῆς
773 4239 1142 4310 αἰχμαλωσίας
1187 4238 1282 4292 τοῦ
1331 4239 1577 4294 διαϐόλου
1628 4243 1749 4295 ὲπι-

1918 4249 1977 4313 4,
2015 4247 2066 4301 5.
2114 4245 2155 4299 Ε
2195 4244 2392 4298 diaboli
2433 4242 2742 4313 captivitate
2773 4241 3009 4296 animam
3047 4256 3218 4296 meam
3253 4239 3319 4296 ad
3353 4256 3405 4296 se

175 4329 421 4402 στρέψας
438 4329 536 4401 τὴν
563 4327 739 4401 ψυχήν
769 4349 868 4401 μου
888 4330 962 4402 (4)
991 4331 1127 4404 πρὸς
1153 4332 1346 4386 ἑαυτὸν
1379 4332 1656 4405 ὡδήγησεν
1673 4335 1749 4405 (5)

1337 4350 1346 4381 ι
1379 4332 1749 4405 ὡδήγησεν(5)
1853 4346 2176 4395 convertens
2209 4335 2430 4390 deduxit
2458 4339 2510 4389 ln
2539 4344 2801 4405 praecepta
2831 4349 2950 4402 sua,

174 4422 271 4475 ἐπὶ
299 4422 403 4484 τὰς
430 4420 644 4484 ἐντολὰς
676 4421 859 4486 αὐτοῦ,

243 4517 299 4567 6.
338 4513 510 4583 ’Υπὲρ
542 4511 922 4584 τοῦ-ὀνόματος
951 4516 1137 4570 αὑτοῦ.
1774 4499 1819 4553 D

904 4533 922 4580 ;
951 4516 1137 4570 αὑτοῦ.
1774 4499 1819 4553 Ῑ)
1917 4512 1969 4567 6.
2001 4510 2107 4565 Pro
2134 4507 2351 4563 nomine
2379 4507 2517 4578 ejus.

249 4603 305 4656 7.
337 4603 436 4666 Είς
462 4601 523 4654 τὸ
547 4603 922 4675 τιμωρηθῆναι
947 4625 1014 4677 με
1040 4606 1179 4679 ὑπὲρ
1209 4608 1322 4663 σοῦ.

1922 4602 1971 4659 7.
2003 4601 2138 4655 Cum
2169 4614 2266 4669 ego
2289 4603 2558 4653 tormenta
2591 4609 2688 4664 pro
2719 4600 2772 4647 te
2803 4591 3133 4648 sustinuero.

239 4695 298 4750 8.
336 4695 414 4747 Οὐ
446 4696 666 4767 πτοήσει
697 4713 763 4766 με
793 4700 940 4752 πᾶσα
963 4701 1202 4773 τιμωρία
1225 4742 1240 4767 ,
1270 4702 1352 4754 ὅτι
1388 4702 1452 4755 σὺ
1482 4699 1746 4772 ὲνισχύεις

1922 4696 1974 4748 8.
2004 4691 2193 4746 Nullus
2225 4706 2311 4745 me
2337 4690 2612 4745 cruciatus
2639 4685 2876 4751 terrebit,
2903 4683 3161 4754 quoniam
3184 4691 3241 4738 tu
3269 4682 3405 4738 vires

176 4802 244 4856 με
278 4785 574 4854 ὑπομένειν
603 4784 821 4850 ταύτας.

1854 4785 1987 4840 mihi
2017 4783 2243 4853 praebes,
2274 4790 2334 4836 ut
2364 4781 2485 4834 illos
2517 4777 2803 4848 perferam.

246 4876 304 4931 9.
344 4877 408 4930 ’0
446 4876 573 4940 Υἱός
607 4893 700 4930 σου
743 4878 838 4932 καὶ
875 4879 936 4933 τὸ
961 4880 1185 4952 Πνεῦμα
1231 4899 1324 4935 σου
1369 4881 1432 4935 τὸ
1467 4881 1619 4952 ἆγιον
1645 4883 1747 4936 ὲπ-

1923 4875 1978 4930 9.
2020 4871 2191 4928 Filius
2225 4882 2383 4939 tuus,
2419 4879 2473 4925 et
2503 4869 2738 4940 Spiritus
2773 4874 2996 4922 sanctus
3025 4871 3152 4920 tuus
3182 4878 3403 4920 conver-

175 4968 451 5039 ἔστρεψαν
482 4986 569 5039 με.

556 5009 569 5022 .
1851 4977 2031 5023 terunt
2057 4980 2162 5019 me.

247 5060 340 5115 10.
373 5060 485 5131 Τὴν
517 5059 835 5132 ἐπουράνιον
875 5062 1020 5132 λέγει
1049 5064 1326 5137 τράπεζαν
1360 5065 1423 5120 τὸ
1455 5065 1750 5138 μυστήριον

1924 5062 2011 5114 10.
2045 5059 2328 5115 Εωιεδιεω
2367 5071 2610 5113 mensam
2637 5062 2794 5110 vocat
2833 5051 3147 5125 mysterium
3182 5049 3407 5105 immor-

173 5153 237 5206 τὸ
265 5151 557 5206 ἀθάνατον.
1846 5152 1971 5209 tale.

251 5243 348 5297 11.
386 5241 460 5295 Τὸ
493 5241 667 5295 ἔλαιον
700 5241 851 5312 λέγει
890 5243 988 5315 τῆς
1026 5245 1246 5318 χάριτος
1271 5243 1367 5301 τοῦ
1397 5244 1551 5315 ἁγίου
1585 5243 1752 5303 Πνεύο

1474 5244 1551 5298 ίου
1585 5243 1752 5303 Πνεύο
1922 5241 2008 5296 11.
2037 5238 2224 5297 Oleum
2258 5240 2390 5296 dicit
2417 5240 2604 5312 gratia:
2629 5237 2866 5310 Spiritus
2895 5236 3087 5292 sancti.

179 5347 376 5403 ματος.

1136 5447 1442 5512 Addenda
1485 5458 1548 5513 et
1579 5444 1950 5526 corrigenda
1996 5459 2074 5504 ex
2101 5439 2238 5502 cod.
2268 5438 2468 5499 Vatia.

254 5590 339 5657 (η
384 5591 451 5662 Ἡ
479 5589 633 5662 ψυχή,
662 5607 761 5660 μου
792 5588 895 5662 cn.
1250 5661 1253 5662 ,
1926 5589 2004 5662 (1)
2029 5587 2095 5662 l‘i-
2119 5585 2173 5662 1-
2214 5583 2492 5662 Prien,
2523 5580 2969 5662 τὴνψυχήψου-

254 5591 339 5657 (ll
384 5591 451 5642 Ἥ
479 5591 623 5660 ψυχή
662 5607 761 5660 μου
792 5591 878 5662 ζῇ·
1950 5591 2004 5657 4)
2031 5591 2095 5642 Ν.
2119 5591 2173 5640 ι.
2217 5591 2309 5636 Ἐκ
2330 5591 2492 5654 τῆς...
2523 5591 2620 5652 τὴν
2641 5591 2888 5661 ψυχήν-μ

253 5664 337 5732 (2)
384 5657 557 5734 grata
585 5660 682 5734 τῆς
712 5660 1076 5734 κινναὸᾁρεως
1104 5661 1370 5734 περιέχει.
1925 5591 2000 5731 (5)
2027 5658 2090 5713 Ν.
2123 5657 2174 5715 5.
2214 5654 2473 5726 Ὢδήγησὲ
2510 5668 2642 5722 με...
2679 5652 2888 5705 αὐτου.Δ

256 5729 338 5803 (5)
380 5730 602 5803 τίθησιν
634 5729 771 5804 ὑπὲρ
799 5729 1097 5804 προϐάτων.
