4068 6318
703 371 796 423 731
1551 365 1609 420 S.
1650 362 2018 418 ATHANASll
2057 361 2205 417 OPP.
2248 363 2309 417 Ρέ

2342 361 2422 417 RS
2459 361 2546 418 Ill.
2586 392 2657 402 —
2694 359 3098 416 EXEGETICA.
3849 353 3948 408 732

776 482 862 536 12.
901 479 965 534 Et
986 480 1123 534 calix
1149 488 1275 535 tuus
1300 478 1600 545 inebrians,
1625 493 1788 547 quam
1822 477 2116 547 prazclarus
2142 486 2261 531 est:
2295 487 2340 535 Α

2439 474 2528 528 12.
2560 475 2668 526 Καὶ
2692 474 2752 527 τὸ
2781 473 3041 544 ποτήριόν
3078 487 3172 524 σου
3205 469 3470 541 μεθύσκον
3503 487 3585 540 με,
3625 469 3782 523 ὡσεὶ
3814 473 3947 542 κρά-

2373 566 2541 620 1ιστον
2557 579 2569 592 ·

778 661 863 713 15.
902 660 964 713 Ει
995 658 1370 714 misericordia
1396 668 1484 712 tua
1517 658 1880 727 subsequetur
1903 671 1989 710 me
2012 655 2264 710 omnibus

2436 656 2523 710 15.
2553 656 2661 708 Καὶ
2707 655 2766 708 τὸ
2813 653 2958 717 ἔλεός
3002 669 3094 706 σου
3139 652 3458 718 καταδιώξει
3504 671 3567 724 με
3611 654 3820 715 πάσας
3857 653 3948 717 τὰς

702 755 890 808 diebus
916 755 1038 807 vitae
1072 769 1203 806 mere
1231 769 1244 804 :

2365 747 2576 819 ἡμέρας
2605 747 2699 814 τῆς
2733 745 2878 813 ζωῆς
2910 759 3041 814 μου·

776 845 862 898 14.
899 843 961 895 Et
991 853 1048 897 ut
1075 844 1370 898 inbabitem
1407 843 1459 897 in
1491 842 1657 897 domo
1693 841 1906 896 Domini
1936 842 1991 895 in
2033 840 2265 911 longitu-

2436 838 2526 893 M.
2556 837 2665 890 Καὶ
2692 837 2752 889 τὸ
2775 838 3045 891 κατοικεῖν
3065 854 3132 906 με
3160 837 3216 888 ὲν
3245 835 3376 907 οἴκῳ
3397 837 3598 911 Κυρίου
3624 839 3716 900 εἰς
3750 835 3953 908 μακρό-

703 937 882 990 dinem
913 936 1146 992 dierum.

2363 947 2500 1002 τητα
2527 929 2767 1000 ἡμερῶν.

703 1050 889 1103 Prima
937 1050 1182 1113 Sabbali,
1241 1049 1476 1118 psalmus
1531 1047 1719 1102 David.
1777 1046 1974 1101 PSAL.
2036 1045 2262 1101 XXIII.

2375 1041 2619 1111 Ψαλμὸς
2644 1040 2723 1106 τῷ
2747 1041 2924 1095 Δαόὶδ
2949 1039 3060 1108 τῆς
3075 1039 3216 1110 μιᾶς
3241 1041 3555 1095 Σαϐὅάτου.
3588 1042 3790 1095 ΨΑΛ.
3816 1040 3949 1092 ΚΓ.

775 1144 825 1195 1.
860 1141 1075 1194 Domini
1106 1149 1187 1195 est
1220 1152 1379 1205 terra,
1412 1149 1465 1195 et
1496 1139 1770 1209 plenitudo
1797 1139 1938 1208 ejus,

2436 1136 2487 1188 1.
2523 1134 2627 1187 Τοῦ
2658 1135 2857 1204 Κυρίου
2887 1135 2920 1205 ἡ
2948 1133 3040 1204 γῆ,
3068 1133 3162 1186 καὶ
3188 1133 3248 1186 τὸ
3279 1134 3547 1205 πλήρωμα
3577 1134 3773 1202 αὐτῆς
3793 1175 3809 1199 ,

772 1234 827 1286 ‘2.
860 1231 1018 1286 Orbis
1045 1241 1340 1294 terrarum,
1359 1241 1412 1286 et
1435 1231 1696 1294 universi,
1716 1232 1806 1300 qui
1833 1231 2080 1285 habitant
2099 1231 2154 1285 in
2179 1245 2264 1287 eo.

2435 1225 2490 1279 2.
2521 1227 2582 1278 Ἠ
2599 1226 2889 1297 οἰκουμένη
2907 1226 3000 1278 καὶ
3022 1225 3218 1288 πάντες
3234 1226 3282 1278 οἱ
3301 1225 3682 1285 κατοικοῦντες
3702 1227 3770 1276 ὲν
3788 1223 3953 1295 αὐτῇ.

774 1324 827 1376 5.
863 1323 999 1388 Quia
1038 1325 1151 1392 ipse
1181 1339 1344 1391 super
1380 1323 1548 1377 maria
1581 1320 1828 1375 fundavit
1858 1337 1984 1375 eum
2014 1341 2026 1376 :

2435 1317 2489 1373 5.
2520 1317 2689 1380 Αὐτὸς
2712 1317 2820 1388 γὰρ
2853 1318 2943 1370 ἐπὶ
2969 1316 3250 1370 θαλασσῶν
3277 1317 3628 1387 ὲθεμελίωσεν
3658 1317 3873 1388 αὐτὴν,

772 1414 827 1466 4.
861 1413 926 1466 Et
958 1431 1121 1482 super
1154 1414 1376 1468 flumina
1403 1415 1727 1482 praeparavit
1756 1428 1902 1468 cum.

2433 1407 2488 1463 4.
2525 1409 2633 1461 Καὶ
2659 1410 2748 1461 ἐπὶ
2769 1408 3028 1480 ποταμῶν
3054 1409 3348 1480 ἡτοίμασεν
3377 1409 3562 1480 αὑτήν.

772 1505 825 1558 5.
862 1505 992 1570 Quis
1021 1506 1274 1559 ascendet
1300 1507 1353 1558 in
1382 1518 1622 1558 montem
1659 1504 1919 1559 Domini?

2437 1499 2491 1556 5.
2519 1499 2614 1562 Τίς
2637 1499 2959 1570 ἀναϐήσεται
2993 1502 3073 1562 είς
3099 1499 3160 1553 τὸ
3183 1499 3306 1570 ὅρος
3326 1498 3417 1551 τοῦ
3453 1501 3657 1570 Κυρίου
3680 1519 3696 1565 ;

774 1594 826 1648 6.
862 1598 968 1648 Aut
999 1598 1122 1664 quis
1152 1596 1315 1648 stabit
1347 1596 1398 1648 in
1434 1595 1554 1648 loco
1582 1604 1772 1648 sancto
1807 1594 1965 1664 ejus?

2437 1588 2491 1644 6.
2527 1588 2598 1641 Ἦ
2621 1588 2704 1650 τίς
2737 1588 2988 1659 στήσεται
3015 1590 3072 1641 ἐν
3094 1588 3244 1658 τόπῳ
3273 1589 3412 1658 ἁγίῳ
3437 1588 3633 1654 αύτούς

777 1685 827 1742 7.
862 1686 1126 1741 lnnocens
1161 1690 1434 1751 manibus,
1464 1698 1515 1742 ct
1541 1689 1744 1741 mundo
1767 1687 1969 1742 corde:

2438 1685 2489 1737 7.
2533 1683 2730 1746 Ἀθῶος
2758 1684 2932 1756 χερσὶ,
2960 1683 3054 1736 καὶ
3082 1683 3318 1755 καθαρὸς
3350 1688 3416 1756 τῇ
3452 1685 3673 1754 καρδίᾳ,

771 1777 826 1834 8.
861 1778 963 1844 Qui
998 1796 1101 1833 non
1132 1781 1338 1848 accepit
1371 1780 1424 1832 in
1452 1794 1593 1832 vano
1621 1779 1858 1832 animam
1889 1793 2045 1834 suam
2074 1794 2088 1810 °
2296 1817 2348 1877 Β

2299 1817 2348 1877 Β
2444 1775 2496 1831 8.
2527 1778 2623 1839 Ὃς
2653 1777 2752 1829 οὐκ
2777 1775 2964 1828 ἔλαϐεν
2991 1776 3083 1828 ἐπὶ
3119 1776 3330 1847 ματαίῳ
3362 1776 3460 1846 τὴν
3489 1776 3670 1846 ψυχὴν
3700 1774 3905 1838 αὑτοῦ,

773 1870 827 1924 9.
862 1869 970 1924 Nec
995 1871 1197 1939 juravit
1227 1871 1282 1922 in
1312 1871 1434 1924 dolo
1460 1870 1709 1938 proximo
1740 1885 1841 1923 suo
1870 1888 1882 1922 :
2298 1865 2345 1877 ’⁷

2298 1865 2345 1877 ’⁷
2442 1869 2497 1924 9.
2531 1868 2640 1920 Kal.
2664 1867 2761 1919 οὐκ
2788 1865 2998 1938 ὤμοσεν
3029 1868 3121 1920 ἐπὶ
3152 1867 3286 1937 δόλῳ
3313 1868 3389 1937 τῷ
3422 1868 3645 1938 πλησίον
3681 1866 3866 1920 αὑτοῦ
3887 1883 3900 1895 ·

771 1960 862 2014 10.
897 1961 994 2014 llic
1023 1964 1251 2030 accipiet
1284 1962 1716 2015 benedictionem
1753 1977 1784 2012 a
1809 1958 2063 2024 Domino,

2445 1960 2529 2014 10.
2564 1960 2642 2031 (a)
2678 1951 2844 2023 Οὗτος
2869 1959 3094 2030 λήψεται
3123 1960 3365 2029 εὐλογίαν
3393 1961 3540 2030 παρὰ
3565 1961 3810 2030 Κυρίου,

775 2053 859 2105 11.
893 2053 956 2105 Et
990 2053 1420 2106 misericordiam
1459 2069 1487 2104 a
1519 2051 1627 2106 Deo
1659 2052 1883 2106 salutari
1920 2066 2042 2107 suo.

2446 2052 2529 2108 11.
2557 2053 2666 2106 Kal.
2697 2052 3061 2124 ἐλεημοσύνην
3091 2053 3240 2124 παρὰ
3262 2052 3395 2106 Θεοῦ
3429 2054 3672 2124 σωτῆρος
3703 2053 3907 2109 αὐτοῦ.

771 2141 857 2193 12.
895 2140 1017 2195 1|an
1045 2151 1127 2195 est
1150 2143 1422 2212 generatio
1443 2143 1799 2212 quaerentium
1825 2157 1950 2197 eum
1977 2158 1991 2195 :

2451 2145 2531 2199 12.
2567 2144 2714 2214 Λῦτη
2743 2147 2775 2215 ή
2808 2145 2969 2212 γενεὰ
2995 2145 3293 2214 ζητούντων
3317 2144 3409 2198 τὸν
3433 2145 3657 2215 Κύριον,

773 2233 859 2286 15.
898 2231 1263 2296 Quaerendum
1295 2233 1486 2287 faciem
1519 2232 1611 2287 Dei
1643 2231 1830 2288 Jacob.

2451 2235 2534 2288 15.
2569 2235 2880 2305 Ζητούντων
2910 2237 2971 2288 τὸ
2998 2237 3284 2306 πρόσωπον
3311 2234 3403 2289 τοῦ
3433 2233 3565 2287 Θεοῦ
3601 2235 3838 2290 Ἰακώϐ.

777 2325 860 2378 14.
894 2323 1132 2377 Attollite
1162 2335 1362 2392 portas,
1395 2326 1692 2394 principes,
1718 2333 1929 2379 vestras
1956 2339 1972 2375 :

1970 2341 1972 2373 ε
2451 2327 2537 2382 14.
2567 2331 2764 2400 Ἀρατε
2793 2329 2986 2392 πύλας,
3010 2331 3057 2382 οί
3083 2328 3360 2400 ἄρχοντες,
3390 2327 3542 2399 ὑμῶν
3561 2344 3576 2359 ο

895 2414 959 2467 Et
987 2415 1297 2480 elevamini,
1323 2423 1494 2483 portae
1522 2414 1804 2468 aeternales
1832 2429 1847 2466 :

2452 2419 2539 2473 15.
2571 2419 2678 2472 Καὶ
2710 2419 3004 2491 ὲπάρΟητε,
3039 2420 3202 2472 πύλαι
3230 2417 3467 2472 αίώνιοι·

771 2505 858 2559 16.
890 2507 953 2558 Et
982 2507 1227 2561 introibit
1252 2522 1343 2560 rex
1382 2507 1584 2575 gloriae.

2450 2508 2537 2562 16.
2571 2511 2680 2562 Καὶ
2710 2509 3068 2562 εἰσελεύσεται
3093 2510 3121 2561 ὁ
3152 2508 3400 2579 βασιλεὺς
3422 2510 3521 2581 τῆς
3549 2510 3736 2581 δόξης.

775 2597 862 2649 17.
894 2596 1025 2662 Quis
1056 2607 1139 2652 est
1169 2599 1269 2649 iste
1298 2612 1392 2651 rex
1423 2597 1640 2667 gloriae?

2449 2599 2534 2652 17.
2569 2599 2665 2661 Τίς
2690 2600 2834 2650 ἐστιν
2868 2594 3018 2662 οὗτος
3045 2601 3073 2651 ὁ
3104 2599 3354 2668 βασιλεὺς
3378 2600 3476 2668 ’τῆς
3501 2599 3695 2670 δέξηςί

777 2688 862 2741 18.
900 2687 1162 2742 Dominus
1196 2688 1373 2755 furtis,
1405 2700 1456 2743 et
1483 2697 1703 2759 potens,

2449 2689 2535 2744 18.
2566 2689 2765 2760 Κύριος
2791 2690 3045 2760 κραταιὸς
3074 2690 3167 2743 καὶ
3189 2690 3409 2754 δυνατὸς
3431 2732 3445 2759 ,

778 2779 865 2833 19.
906 2779 1164 2834 Dominus
1197 2790 1388 2850 petens
1423 2782 1474 2834 in
1509 2782 1714 2850 przelio.

2447 2781 2530 2836 19.
2563 2781 2762 2853 Κύριος
2789 2781 3007 2846 δυνατὸς
3037 2784 3092 2835 ἐν
3121 2783 3357 2854 πολέμῳ.

772 2872 847 2945 (τι.)
889 2867 1055 2945 Οῦτος
1103 2873 1326 2942 λήψεται
1365 2873 1617 2945 ,εὐλογίαν
1661 2873 1812 2945 παρὰ
1850 2872 1985 2945 Θεοῦ
2017 2872 2264 2945 Σωτῆρος
2333 2873 2526 2937 αὑτοῦ,
2587 2876 2680 2928 καὶ
2739 2874 3088 2944 ἐλεηθήσεται
3119 2874 3222 2928 ὑπὸ
3247 2875 3340 2927 τοῦ
3381 2873 3512 2945 Θεοῦ
3547 2871 3638 2926 τοῦ
3677 2872 3948 2938 σώζοντος

701 2941 883 3015 αὺτὸν.
921 2944 1050 3015 llic_
1079 2945 1297 3009 accipiet
1356 2941 1763 3015 benedictionem
1789 2961 1820 2996 a
1874 2943 1982 2997 Deo
2033 2941 2306 2998 Saluatore
2333 2962 2450 3011 suo,
2473 2955 2520 2999 et
2546 2941 2964 2998 misericordiam
3013 2954 3406 3015 consequetura
3439 2943 3569 3014 Deo,
3607 2945 3700 3015 qui
3734 2945 3948 3000 salvum

704 3013 830 3075 facit
858 3029 998 3067 eum.
1035 3011 1091 3064 In
1120 3029 1288 3082 marg.
1325 3013 1446 3066 cod.
1478 3011 1761 3066 Barbarin.

1817 3123 2191 3179 ATHANASII
2233 3123 2822 3180 lNTERPRETATlO.

780 3239 1247 3299 12.1mmortalem
1279 3255 1464 3316 potum
1487 3247 1654 3302 divini
1685 3249 1966 3320 sanguinis
1989 3249 2274 3320 significat.
2306 3258 2347 3315 c

2326 3258 2347 3315 ζ
2454 3250 2538 3304 12.
2569 3248 2678 3320 Τὴν
2716 3247 2978 3302 ἀθάνατον
3010 3247 3166 3301 πόσιν
3196 3247 3290 3301 τοῦ
3322 3247 3466 3302 θείου
3510 3247 3740 3317 αἵματος
3771 3247 3932 3317 λέγει

783 3333 865 3386 15.
904 3334 1274 3391 indesinenter
1303 3339 1432 3392 mibi
1469 3341 1589 3394 erit.

2450 3343 2533 3396 15.
2576 3340 2950 3403 Ἀδιαλείπτως
2982 3357 3069 3410 μοι
3099 3340 3171 3411 (Ι)
3200 3339 3368 3396 ἔσται.

777 3425 863 3476 11.
903 3424 957 3478 In
993 3443 1227 3495 superna
1262 3427 1583 3484 Jerusalem.

2451 3433 2533 3486 14.
2571 3434 2662 3495 Et;
2685 3431 2780 3503 τὴν
2805 3432 2913 3486 ἄνω
2953 3432 3321 3504 Ἰερουσαλήμ.

786 3534 851 3589 Ἦ
881 3541 1209 3613 προκειμένη
1236 3542 1512 3613 ἐπιγραφὴ
1540 3544 1780 3614 περιέχει
1809 3545 1888 3616 (9.)
1909 3564 1922 3576 ·
1945 3546 2188 3615 Ψαλμὸς
2212 3545 2290 3610 τῷ
2315 3546 2490 3600 Δαΰὶδ
2507 3546 2614 3615 τῆς
2631 3545 2772 3616 μιᾶς
2791 3543 3111 3600 Σαϐϐἁτου.
3136 3545 3306 3600 Τοῦτο
3325 3546 3595 3617 σημαίνει,
3618 3547 3702 3598 ὃτι
3723 3545 3948 3617 εἴρηται

703 3631 733 3682 ὁ
761 3628 972 3698 ψαλμὸς
1001 3633 1148 3704 παρὰ
1171 3636 1261 3688 τοῦ
1289 3637 1450 3689 Δαϐὶδ
1474 3639 1598 3708 περὶ
1628 3639 1724 3708 τῆς
1758 3642 2103 3703 ἀναστάσεως
2133 3641 2223 3694 τοῦ
2256 3640 2478 3712 Κυρίου.

777 3723 988 3779 Titulus
1021 3729 1343 3795 praepositus
1375 3731 1617 3783 continet
1648 3747 1660 3780 :
1695 3730 1940 3784 Psalnms
1975 3731 2139 3785 David
2164 3735 2335 3804 prima
2357 3732 2730 3789 Sabbatorum.
2750 3729 2863 3785 lloc
2879 3738 3059 3784 autem
3084 3729 3372 3801 signiﬁcat,
3398 3730 3542 3800 quod
3564 3730 3818 3800 psalmus
3872 3733 3949 3785 di-

705 3830 826 3874 ctus
861 3827 944 3874 est
973 3836 1003 3873 a
1035 3820 1231 3875 Davidc
1261 3823 1327 3876 de
1357 3825 1753 3879 resurrectione
1778 3824 2014 3882 Domini.

777 3914 828 3967 1.
866 3913 923 3965 In
955 3914 1222 3984 principio
1249 3919 1393 3971 enim
1428 3917 1553 3972 fecit
1589 3930 1812 3974 terram.

2445 3924 2492 3975 1.
2533 3923 2619 3974 'Ev
2648 3921 2786 3992 ἀρχῇ
2812 3921 2920 3992 γὰρ
2951 3920 3172 3988 εποίησε
3199 3915 3295 3986 τὴν
3325 3914 3428 3983 γῆν
3452 3913 3547 3983 (5).

775 4003 831 4056 9...
867 4002 1062 4056 Omnia
1090 4014 1292 4070 autem,
1325 4023 1446 4075 qua:
1473 4009 1526 4063 in
1553 4024 1617 4064 ea
1645 4020 1792 4078 sunt,
1823 4020 1877 4066 et
1907 4013 1999 4082 qui
2031 4014 2275 4068 habitant

2439 4015 2492 4065 2.
2526 4013 2708 4066 Πάντα
2751 4012 2806 4064 δὲ
2836 4012 2904 4062 τὰ
2936 4012 2993 4061 ἐν
3028 4009 3163 4077 αὐτῇ
3195 4005 3354 4069 αὐτὸς
3390 4005 3638 4074 εποίησε,
3677 4006 3778 4058 καὶ
3825 4009 3946 4069 τοῦς

705 4093 761 4148 in
797 4109 881 4156 ca,
917 4095 1028 4162 ipse
1059 4095 1201 4152 fecit.

2373 4103 2713 4164 ἐνοικοῦντας
2742 4104 2799 4154 ἐν
2829 4103 2984 4172 αὐτῇ.

777 4183 831 4238 5.
870 4184 1033 4239 Terra
1064 4188 1207 4242 enim
1237 4205 1302 4242 ex
1337 4205 1478 4261 aqua
1508 4191 1666 4262 jussu
1691 4196 1810 4264 ejus
1845 4195 2115 4252 consistit.

2442 4196 2493 4248 5.
2526 4194 2600 4263 Γῆ
2626 4195 2730 4264 γὰρ
2757 4192 2814 4257 ἐξ
2854 4193 3040 4257 ὕδατός
3071 4195 3184 4244 ἐστι
3219 4188 3524 4242 συνεστῶσα
3550 4189 3615 4257 τῇ
3641 4186 3814 4240 αὐτοῦ
3855 4205 3947 4240 κε-

2373 4304 2569 4339 Λευςει.

777 4362 832 4420 4.
875 4363 941 4418 Ut
975 4381 1069 4435 per
1092 4383 1216 4421 eum
1246 4370 1470 4425 flumina
1495 4374 1808 4428 transirent.

2441 4379 2493 4430 4.
2529 4378 2616 4440 Εἰς
2649 4377 2706 4428 τὸ
2735 4375 2989 4428 διοδεύειν
3012 4374 3136 4438 τοῦς
3169 4389 3443 4444 ποταμούς
3470 4374 3524 4424 ἐν
3545 4372 3706 4443 αὐτῇ.

778 4454 830 4508 5.
867 4453 924 4508 In
958 4457 1233 4513 caelestem
1263 4461 1558 4527 civitatem,
1590 4465 1785 4534 inquit.

2441 4470 2493 4524 5.
2525 4471 2618 4532 Εἰς
2645 4471 2742 4540 τὴν
2772 4469 3091 4540 ἐπουράνιον
3124 4468 3295 4533 πόλιν,
3330 4467 3495 4536 λέγει.

776 4545 830 4599 6.
864 4545 995 4612 Quis
1021 4549 1216 4618 dignus
1242 4555 1456 4608 aeternis
1488 4556 1894 4612 mansionibus?

2439 4563 2490 4616 ὃ.
2527 4563 2621 4624 Τίς
2651 4563 2798 4628 ἄξιος
2821 4561 2896 4632 (1)
2923 4562 3028 4614 τῶν
3057 4561 3288 4614 αἰωνίων
3320 4559 3531 4630 μονῶν;

782 4637 833 4692 7.
867 4638 1093 4695 Omnem
1139 4659 1169 4696 a
1214 4659 1271 4698 se
1312 4646 1572 4714 abjiciens
1604 4649 1974 4720 iniquitatem,
2010 4661 2060 4706 et
2089 4653 2268 4706 omnia

2441 4651 2494 4704 7.
2533 4653 2590 4702 'O
2616 4653 2792 4704 πᾶσαν
2821 4650 3032 4704 ἀδικίαν
3063 4651 3410 4722 ἀπορρίπτων
3455 4647 3546 4716 ἀφ’
3582 4645 3777 4701 ἑαυτοῦ
3798 4688 3818 4716 ,
3851 4650 3947 4705 καὶ

708 4729 775 4782 ad
803 4728 896 4784 Dei
921 4733 1250 4788 voluntatem
1280 4734 1504 4792 faciens.

2371 4742 2547 4794 πάντα
2577 4741 2742 4792 ποιῶν
2770 4741 2848 4803 εἰς
2876 4740 2936 4793 τὸ
2956 4739 3049 4793 τοῦ
3078 4740 3208 4793 Θεοῦ
3241 4739 3500 4810 βούλημα.

780 4822 833 4877 8.
867 4823 994 4889 Qua:
1026 4825 1077 4878 in
1113 4827 1317 4882 mundo
1351 4837 1497 4894 sunt,
1527 4845 1632 4883 non
1665 4830 1868 4888 dilexit.

1835 4841 1868 4888 ι.
2437 4836 2490 4890 8.
2526 4836 2637 4887 Ούκ
2662 4835 2914 4906 ἠγάπησε
2946 4837 3013 4889 τὰ
3043 4838 3098 4889 ἐν
3122 4834 3199 4905 τῷ
3231 4835 3435 4904 κόσμῳ.

777 4916 831 4970 9.
861 4915 1044 4987 Neque
1072 4919 1353 4988 pejeravit,
1384 4938 1557 4991 neque
1593 4925 1848 4980 mentitus
1875 4934 1974 4980 est.

1875 4934 1974 4980 est.
2439 4925 2491 4979 9.
2521 4927 2634 4978 υύκ
2656 4927 3016 4998 ἐπιώρκησεν,
3043 4927 3160 4979 οὐδὲ
3185 4925 3460 4996 ἐψεύσατο.

781 5007 867 5074 10,
905 5009 988 5062 11.
1022 5009 1197 5076 Nunc,
1225 5022 1278 5066 ct
1305 5013 1359 5066 in
1390 5013 1573 5069 futuro
1605 5017 1822 5075 saeculo.

2439 5018 2521 5080 10,
2554 5017 2637 5070 11.
2685 5019 2771 5071 Ἐν
2801 5017 2878 5088 τῷ
2912 5018 3006 5071 νῦν
3040 5017 3116 5087 (ῑὶ)
3146 5019 3238 5070 καὶ
3271 5019 3327 5069 ὲν
3355 5017 3432 5087 τῷ
3463 5017 3707 5088 μέλλοντι
3754 5019 3943 5075 αἰῶνι.

781 5099 866 5152 1‘2.
901 5098 1245 5171 Diligentium
1277 5102 1583 5161 Dominum.

2441 5107 2525 5160 1‘2.
2569 5107 2926 5174 Ἀγαπὼντων
2951 5106 3042 5159 τὸν
3071 5106 3289 5178 Κύριον.

782 5189 867 5241 15.
911 5191 1336 5247 Desiderantium
1372 5196 1548 5264 ipsum
1577 5196 1779 5251 videre.
2302 5191 2344 5245 D

2302 5191 2344 5245 D
2443 5198 2530 5253 15.
2568 5198 3002 5268 Ἐπιουμούντων
3035 5199 3194 5251 αὑτὸν
3227 5198 3543 5252 θεάσασθαι.

780 5283 967 5338 1-1-19.
1010 5283 1084 5338 De
1110 5283 1376 5340 descensu
1407 5287 1666 5356 loquitur,
1701 5303 1864 5358 quem
1894 5287 2021 5344 feeit
2047 5288 2100 5344 in
2131 5288 2266 5344 infe-

2441 5287 2632 5341 14-19.
2656 5289 2792 5358 Περὶ
2819 5289 2916 5357 τῆς
2946 5286 3294 5350 καταὸάσεως
3319 5287 3464 5356 λέγει
3482 5331 3497 5353 ,
3532 5283 3600 5360 ἧς
3639 5291 3929 5362 ἐποιήσατο

711 5372 883 5448 rion-es
916 5384 1095 5443 partes
1123 5385 1299 5443 terra),
1323 5386 1376 5432 et
1406 5377 1656 5447 spoliavit
1679 5375 1969 5435 infernum.

2368 5380 2435 5433 τὰ
2463 5379 2537 5448 (6)
2551 5379 2830 5434 κατώτερα
2849 5379 2988 5451 μέρη
3005 5379 3102 5450 τῆς
3125 5379 3247 5448 γῆς,
3261 5380 3354 5433 καὶ
3367 5380 3659 5434 ὲσκύλευσε
3674 5381 3765 5435 τὸν
3780 5382 3927 5453 eam.

1647 5472 1948 5538 Addenda
1997 5477 2056 5537 et
2089 5470 2459 5552 corrigenda
2507 5491 2584 5534 ex
2618 5472 2754 5534 cod.
2789 5472 2988 5534 Vatic.

776 5568 851 5649 (1
889 5569 1247 5649 ξιξ-δι’ἀλειπτόν
1284 5588 1437 5649 pou.“

2454 5575 2528 5644 ('5)
2662 5573 2885 5649 10,-καὶ
2913 5576 2970 5649 ἐν
2993 5573 3070 5649 τῷ
3091 5571 3206 5649 νῦν3
3231 5581 3336 5628 etc.
3362 5570 3436 5649 N._
3456 5573 3545 5649 11.
3575 5575 3686 5629 Καὶ
3713 5574 3929 5649 ἐλεηθή-

781 5641 858 5714 (2)
892 5641 957 5714 fill
985 5642 1070 5694 διὰ
1096 5641 1191 5709 τῆς
1209 5641 1586 5714 ,κινναϐάρεως
1619 5660 1760 5714 περι.
2381 5641 2530 5697 σεται
2558 5644 2660 5714 ὑπὸ
2691 5643 2783 5696 τοῦ
2814 5643 2946 5699 Θεοῦ
2971 5641 3064 5698 τοῦ
3095 5643 3354 5708 σώζοντος
3379 5643 3560 5699 αὐτόν.

776 5711 854 5784 (5)
890 5713 995 5777 Γῆν
1027 5715 1118 5784 καὶ
1150 5712 1344 5784 πάντα.
1455 5711 1464 5714 ἡ
1690 5711 1699 5714 ⁷
2452 5715 2528 5784 (6)
2564 5713 2655 5778 Εἰς
2679 5715 2765 5769 τά.

783 5782 858 5852 (ι)
892 5783 1005 5848 Πᾶς
1029 5781 1175 5847 ἁξιού
1185 5800 1360 5853 μενος.
