4068 6318
717 327 823 386 755
1556 336 1614 391 S.
1653 337 2027 394 ATHANASII
2066 337 2217 396 OPP.
2254 340 2323 394 ΡΑ

2328 340 2431 395 ιΙίΞ
2470 339 2555 394 lll.
2593 371 2664 383 ——-
2696 339 3103 396 EXEGETICA.
3842 341 3934 393 τδδ

785 447 873 503 10.
905 445 972 501 Ει
1003 455 1053 502 te
1085 449 1316 504 sustinui
1350 457 1458 505 tota
1486 451 1593 507 die.
2297 463 2342 517 Α

2297 463 2342 517 Α
2442 453 2528 507 10.
2561 453 2670 506 Καί
2696 470 2754 505 σε
2785 453 3050 524 ὑπέμεινα
3079 454 3207 522 ὅλην
3227 453 3327 524 τὴν
3355 450 3586 524 ἡμέραν.

787 538 873 592 11.
905 538 1273 594 Reminiscere
1301 542 1714 598 miserationum
1751 554 1990 611 tuarum,
2027 545 2274 614 Domine,

2069 547 2274 614 omine,
2452 545 2537 598 1|.
2568 545 2853 616 Μνήσθητι
2883 545 2988 598 τῶν
3012 543 3308 614 οἰκτιρμῶν
3338 560 3453 608 σου,
3482 543 3675 615 Κύριε,

787 634 2114 710 12.Etmisericordiarumtuarum,quaaasaaculo
2129 652 2276 699 sunt.
2460 637 2540 692 12.
2577 637 2685 689 Καὶ
2711 636 2778 689 τὰ
2807 636 2929 706 ὲλέη
2959 652 3073 700 σου,
3106 635 3184 687 ὅτι
3214 635 3319 687 ἀπὸ
3346 632 3440 686 τοῦ
3470 631 3666 694 αἰῶνός
3695 631 3852 684 εἰσιν·

800 729 888 781 15.
917 726 1116 781 Delicta
1145 728 1449 797 juventutis
1482 746 1616 786 mea:
1637 771 1652 797 ,
1682 741 1735 786 et
1768 733 2100 802 ignorantias
2133 750 2278 790 meas

2452 729 2536 782 15.
2585 727 2884 799 Ἀμαρτίας
2914 727 3168 798 νεότητάς
3209 742 3332 796 μου,
3361 726 3455 778 καὶ
3485 724 3708 791 ἀγνοίας
3737 738 3835 792 μου
3868 721 3929 793 μὴ

716 836 783 872 ne
811 819 1118 872 memineris
1146 832 1162 872 :

1047 819 1118 872 ris
1146 832 1162 872 :
2381 817 2650 890 μνησθῇς·

789 908 1187 964 11.8ιιουη‹1υιη
1203 911 1625 969 misericordiam
1639 926 1786 971 tuam
1801 927 2070 976 memento
2081 923 2184 978 mei
2200 930 2275 990 tu,

2055 923 2275 990 )meilu,
2451 910 2536 963 14.
2575 909 2728 962 Κατὰ
2754 908 2815 960 τὸ
2840 908 2984 971 ἔλεός
3019 925 3111 960 σου
3144 905 3410 978 μνήσθητί
3445 921 3543 975 μου
3574 904 3661 965 σὺ,

789 1001 875 1055 15.
905 999 1130 1070 Propter
1154 1003 1447 1058 bonitatem
1478 1016 1649 1072 tuam,
1682 1007 1927 1066 Domine.

2457 1004 2543 1057 15.
2575 1003 2802 1055 Ἕνεκεν
2834 1003 2932 1072 τῆς
2959 1000 3326 1072 χρηστότητος
3354 1015 3468 1065 σου,
3500 997 3694 1067 Κύριε.

787 1091 874 1147 16.
907 1090 1094 1146 Dulcis
1125 1103 1178 1148 et
1202 1105 1380 1150 rectus
1415 1095 1696 1164 Dominus,

2455 1095 2538 1149 16.
2573 1093 2819 1166 Χρηστὸς
2849 1093 2940 1146 καὶ
2969 1092 3127 1155 εὐθὺς
3159 1094 3186 1145 ὁ
3219 1089 3451 1162 Κύριος·

787 1183 874 1237 17.
894 1183 1120 1253 Pr0pter
1144 1185 1245 1240 hoc
1273 1187 1442 1257 legem
1471 1190 1620 1243 dabit
1641 1190 2078 1262 delinquentibus
2100 1196 2151 1249 in
2171 1197 2277 1252 via.

2458 1189 2544 1241 17.
2575 1188 2674 1241 Διά
2706 1187 2864 1240 τοῦτο
2904 1185 3251 1256 νομοθετήσει
3296 1183 3707 1256 ἁμαρτάνοντας
3733 1181 3789 1232 ἐν
3815 1177 3919 1248 ὀδῷ.

788 1275 874 1328 18.
904 1274 1107 1345 Diriget
1130 1287 1446 1333 mansuetos
1476 1280 1529 1333 in
1558 1280 1785 1350 judicio,

2453 1282 2539 1337 18.
2580 1281 2864 1351 Ὀδηγήσει
2897 1281 3090 1349 πραεῖς
3120 1280 3175 1330 ἐν
3205 1277 3402 1347 κρίσει,

789 1367 876 1419 19.
909 1365 1129 1420 Docebit
1162 1370 1320 1424 mites
1342 1370 1459 1426 vias
1487 1388 1639 1429 suas.

2452 1375 2539 1427 19.
2573 1370 2782 1434 Διδὰξει
2815 1372 3008 1441 πραεῖς
3039 1369 3188 1431 ὁδοὺς
3217 1369 3400 1423 αὑτοῦ.

787 1458 877 1512 20.
909 1456 1186 1514 Universae
1214 1460 1311 1516 vis:
1340 1461 1556 1517 Domini
1586 1465 1960 1522 misericordia
1984 1475 2036 1522 et
2059 1470 2279 1538 veritas,

2163 1470 2279 1538 itas,
2449 1465 2537 1519 20.
2570 1465 2746 1517 Πᾶσαι
2777 1462 2832 1514 αἱ
2864 1461 2973 1513 ὁδοὶ
3001 1460 3203 1532 Κυρίου
3229 1460 3374 1524 ἕλεος
3399 1461 3493 1514 καὶ
3518 1461 3769 1531 ἀλήθεια,

788 1549 876 1602 21.
909 1550 1333 1620 Requirentibus
1358 1563 1740 1611 testamentum
1767 1559 1905 1628 ejus,
1945 1570 1998 1615 et
2033 1563 2280 1616 testimo-

2448 1557 2536 1611 21.
2575 1557 2698 1618 Τοῖς
2739 1551 3025 1624 ἐκζητοῦσι
3069 1553 3166 1622 τὴν
3199 1552 3462 1624 διαθήκην
3501 1551 3705 1619 αὑτοῦ,
3757 1553 3844 1604 καὶ
3870 1550 3923 1604 τὰ

720 1643 806 1695 nia
840 1645 976 1710 ejus.

2386 1649 2658 1722 μαρτύρια
2689 1647 2871 1702 αὑτοῦ.

786 1734 876 1789 22.
908 1733 1134 1804 Propter
1164 1750 1360 1793 nomen
1392 1747 1566 1806 tuum,
1604 1743 1848 1807 Domine,
2309 1800 2347 1810 _

2309 1800 2347 1810 _
2451 1741 2541 1793 22.
2570 1741 2794 1793 Ἕνεκεν
2823 1740 2916 1793 τοῦ
2942 1741 3201 1810 ὀνόματος
3225 1756 3338 1802 σου,
3366 1737 3558 1809 Κύριε,

784 1827 874 1880 25.
902 1826 964 1879 Et
1000 1829 1295 1896 prepitiare
1323 1841 1542 1897 peccato
1572 1847 1722 1897 meo;
1751 1834 1981 1886 multum
2011 1841 2092 1890 est
2110 1837 2274 1889 enim.
2309 1800 2353 1856 Β

2311 1800 2353 1856 Β
2447 1832 2536 1886 25.
2568 1833 2677 1884 Καὶ
2705 1832 2947 1902 ίλάσθητι
2975 1800 3046 1904 τῇ.
3072 1800 3312 1902 ἁμαρτίᾳ
3327 1800 3470 1900 pou:
3491 1828 3662 1898 πολλὴ
3683 1828 3788 1897 γάρ
3808 1829 3917 1880 ἐστι.

784 1917 872 1971 24.
913 1918 1044 1982 Quis
1074 1927 1154 1972 est
1181 1920 1364 1985 homo,
1390 1923 1481 1990 qni
1511 1923 1662 1976 timet
1691 1922 2026 1978 Dominum?

2449 1923 2539 1977 24.
2569 1924 2663 1986 Τίς
2699 1926 2843 1976 ἐστιν
2876 1925 3155 1995 ἄνθρωπος
3182 1926 3209 1977 ὁ
3230 1922 3561 1992 φοϐούμενος
3587 1921 3680 1972 τὸν
3713 1919 3918 1991 Κύριον;

782 2010 873 2063 25.
907 2010 1098 2080 Legem
1129 2022 1327 2066 statuet
1358 2014 1406 2065 ei
1444 2014 1496 2065 in
1529 2015 1636 2076 via,
1669 2031 1831 2084 quam
1867 2015 2042 2085 elegit.

2455 2017 2544 2070 25.
2575 2016 2942 2088 Νομοθετήσει
2975 2017 3120 2088 αὑτῷ
3148 2020 3205 2070 ἐν
3231 2015 3354 2087 ὁδῷ,
3382 2010 3413 2089 ᾖ
3444 2014 3754 2086 ᾑρετίσατο.

787 2098 876 2152 26.
908 2099 1099 2154 Anima
1130 2102 1248 2170 ejus
1275 2104 1324 2154 in
1358 2102 1515 2157 bonis
1548 2103 1916 2158 demorabitur
1947 2124 1960 2159 :

2452 2109 2541 2162 26.
2580 2109 2644 2162 Ἥ
2675 2109 2820 2180 ψυχὴ
2850 2108 3012 2161 αὑτοῦ
3047 2112 3103 2161 ἐν
3137 2109 3358 2177 ἀγαθοῖς
3389 2106 3804 2177 αὑλισθήσεται·

788 2189 876 2243 27.
917 2189 977 2243 Et.
1007 2207 1188 2246 semen
1219 2194 1336 2261 ejus
1364 2195 1697 2250 lnereditabit
1728 2206 1947 2250 terram.

2454 2200 2542 2252 27.
2581 2201 2691 2251 Καὶ
2715 2201 2774 2252 τὸ
2811 2200 3030 2270 σπέρμα
3063 2200 3226 2252 αὑτοῦ
3256 2198 3654 2268 κληρονομήσει
3683 2195 3804 2262 γῆν.

788 2281 878 2337 28.
912 2282 1344 2340 Firmamentum
1374 2295 1458 2342 est
1481 2285 1745 2342 Dominus
1777 2287 2092 2343 timentibus
2117 2303 2238 2342 eum
2267 2306 2281 2343 :

2275 2306 2281 2343 :
2458 2288 2548 2344 28.
2583 2290 2923 2361 Κραταίωμα
2957 2288 3159 2360 Κύριος
3189 2288 3296 2342 τῶν
3321 2288 3670 2358 φοϐουμένων
3696 2283 3843 2339 αὐτόν
3869 2300 3881 2314 ·

1837 2442 2116 2497 ATHANA
2129 2443 2211 2497 Sll
2250 2443 2453 2498 INTER
2465 2445 2828 2502 PRETA'HO.

793 2597 880 2652 10.
914 2596 1140 2664 Quando
1165 2613 1284 2652 sum
1325 2598 1379 2652 in
1408 2597 1550 2664 luce,
1582 2608 1834 2668 exspecto
1879 2608 1950 2663 te,
1978 2609 2032 2654 et
2055 2600 2287 2669 promis-

2465 2601 2552 2654 10.
2593 2601 2784 2654 Ἠνίκα
2813 2601 2928 2671 εἰμὶ
2954 2601 3012 2654 ἐν
3045 2600 3122 2671 τῷ
3149 2600 3316 2668 φωτὶ,
3349 2597 3722 2668 ἀπεκδέχομαί
3745 2614 3818 2663 σε,
3847 2597 3934 2650 καὶ

722 2691 930 2746 sionem
963 2699 1126 2743 tuam.

2388 2690 2486 2761 τὴν
2513 2690 2840 2759 ἐπαγγελίαν
2871 2707 2982 2743 σου.

791 2783 876 2847 11,
916 2781 1000 2838 12.
1037 2781 1360 2846 Recordare,
1395 2779 1640 2842 Domine,
1671 2779 1928 2848 quoniam
1975 2780 2287 2835 misericors

2461 2781 2547 2846 11,
2584 2781 2669 2834 12.
2706 2780 3020 2851 Μνήσθητι,
3065 2778 3237 2847 Κύριε
3260 2818 3274 2842 ,
3308 2778 3388 2833 ὅτι
3431 2777 3729 2848 οἰκτίρμων
3756 2772 3822 2841 εί,
3849 2778 3936 2829 καὶ

721 2889 800 2935 es,
832 2883 885 2927 et
930 2873 1072 2942 quod
1115 2888 1145 2924 a
1179 2872 1378 2925 saeculo
1409 2872 1738 2928 consuevisti
1787 2872 2030 2928 misereri
2072 2887 2283 2936 eorum,

2387 2872 2466 2924 ὅτι
2507 2873 2602 2924 ἀπ’
2635 2871 2829 2935 αἰῶνος
2859 2870 3015 2925 εῐωθε
3063 2871 3136 2943 (1)
3170 2870 3337 2924 ἐλεεῖν
3363 2871 3486 2934 τοὺς
3512 2868 3937 2941 προσπίπτοντας

722 2965 811 3034 qui
845 2964 938 3016 tibi
972 2980 1028 3017 sc
1056 2972 1425 3032 prosternunt.
2310 3010 2351 3066 Ο
2388 2980 2487 3015 σοι.

792 3055 878 3109 15.
929 3053 1255 3109 Obliviscere
1305 3055 1548 3109 omnium
1596 3064 1942 3123 peccatorum
2002 3070 2280 3118 meorum,
2310 3040 2351 3066 υ

2333 3044 2351 3066 ³
2454 3054 2538 3104 15.
2575 3051 2761 3123 Λήθην
2790 3053 3004 3104 πάντων
3032 3050 3253 3120 ποίησον
3278 3050 3385 3102 τῶν
3409 3049 3686 3120 ἁμαρτιῶν
3720 3065 3842 3119 μου,
3866 3040 3939 3101 ὧν

723 3160 841 3216 quae
865 3147 1098 3216 juvenis,
1136 3156 1187 3200 et
1217 3147 1524 3214 ignorantia
1556 3145 1750 3200 ductus
1785 3146 2054 3200 commisi.

2003 3147 2054 3200 si.
2384 3143 2684 3214 πεποίημαι
2717 3142 2833 3206 νέος
2857 3141 2950 3207 ὢν,
2985 3141 3076 3196 καὶ
3104 3141 3292 3212 ἀγνοίᾳ
3319 3141 3609 3212 φερόμενος

791 3238 878 3303 14,
910 3238 997 3291 15.
1033 3237 1256 3305 Propter
1284 3237 1571 3290 bonitatem
1601 3247 1776 3300 tuam,
1805 3236 2043 3291 Domine.
2083 3236 2284 3303 Quem-

2459 3237 2544 3302 11,
2579 3238 2660 3291 15.
2705 3238 2955 3291 Ἕνεκεν
2987 3235 3097 3304 τῆς
3119 3237 3526 3305 χρηστότητός
3557 3250 3671 3288 σου
3693 3273 3706 3297 ,
3744 3233 3937 3300 Κύριε.

722 3329 1010 3384 admodum
1042 3344 1239 3398 magna
1274 3339 1355 3384 cst
1391 3340 1481 3383 tua
1517 3329 1910 3394 misericordia,
1961 3330 2033 3383 ita
2061 3332 2163 3383 mei
2200 3346 2284 3384 re-

2387 3330 2593 3399 Ὠσπερ
2624 3328 2763 3397 μέγα
2797 3345 2888 3380 σου
2913 3328 2972 3380 τὺ
3001 3328 3144 3390 ἔλεός
3171 3330 3337 3388 ἐστιν,
3365 3326 3535 3386 οὑτως
3565 3342 3660 3396 μου
3690 3324 3940 3394 μνησθεὶς

723 3421 973 3475 cordatus
998 3421 1220 3488 dignum
1249 3419 1332 3473 fac
1360 3437 1444 3475 me
1473 3421 1848 3474 misericordia
1884 3431 1993 3479 tua,
2023 3419 2284 3488 quoniam

2385 3420 2610 3486 ἀξίωσον
2643 3437 2708 3490 με
2740 3419 2831 3472 τοῦ
2869 3420 3048 3483 ἐλέους
3084 3436 3174 3472 σου
3195 3460 3209 3483 ,
3244 3420 3428 3472 ἕνεκεν
3462 3417 3554 3470 τοῦ
3588 3413 3720 3469 εἷναί
3760 3432 3820 3468 σε
3854 3417 3941 3468 εὑ-

724 3524 776 3568 tn
809 3513 980 3568 facilis
1015 3529 1074 3568 es
1115 3514 1178 3568 ad
1222 3513 1635 3582 excipiendum,
1678 3522 1730 3566 et
1761 3512 2016 3567 omnibus
2057 3512 2284 3582 teipsum

2387 3514 2630 3584 πάραχον
2660 3512 3076 3586 [εὑπαράδοχον]
3107 3513 3204 3585 (a),
3252 3513 3342 3565 καὶ
3378 3514 3541 3565 πᾶσιν
3574 3509 3753 3564 ἑαυτὸν
3803 3525 3941 3579 παρ-

724 3607 950 3676 prcebes.
2385 3606 2552 3677 ἐχειν.

793 3696 878 3750 16.
911 3695 1173 3760 Quoniam
1198 3697 1377 3750 bonus
1406 3701 1508 3760 est,
1537 3701 1591 3748 et
1624 3693 1958 3759 misericors,

2460 3697 2546 3750 16.
2586 3695 2799 3766 Ἐπειδὴ
2830 3695 3032 3763 ἀγαθός
3059 3697 3174 3748 ἐστι
3209 3695 3303 3748 καὶ
3333 3694 3593 3766 ἐλεήμων,

794 3786 878 3840 17.
909 3785 1196 3855 Propterea
1228 3794 1540 3854 peccatores
1570 3786 1634 3839 ad
1664 3799 1722 3839 sc
1753 3788 2023 3842 convertit

2460 3789 2544 3842 17.
2579 3789 2679 3841 Διὰ
2701 3788 2854 3842 τοῦτο
2882 3791 3004 3852 τοὺς
3028 3788 3438 3860 ἁμαρτάνοντας
3467 3785 3772 3857 ἐπιστρέφει
3809 3784 3942 3855 πρὸς

2389 3881 2568 3935 αὑτόν.

798 3967 883 4033 18,
915 3967 1002 4021 19.
1044 3965 1278 4020 Dcducet
1308 3966 1359 4019 in
1387 3965 1660 4020 veritatem
1694 3980 1788 4020 eos
1810 4006 1824 4030 ,
1858 3966 1950 4034 qui
1988 3965 2037 4021 ei
2071 3982 2178 4021 non
2211 3983 2289 4023 re-

2463 3975 2549 4040 18,
2591 3975 2675 4029 19.
2715 3976 2999 4046 Ὀδηγήσει
3038 3975 3117 4036 είς
3143 3972 3399 4043 ἀλήθειαν
3430 3973 3554 4036 τοὺς
3585 3971 3653 4042 μὴ
3693 3968 3944 4022 ἀνθιστα-

725 4060 945 4125 sistunt,
976 4068 1028 4113 et
1054 4058 1269 4113 docebit
1297 4073 1409 4122 eos,
1435 4058 1527 4135 qui
1559 4058 1607 4111 ei
1638 4057 1968 4124 auscultant,
2012 4060 2288 4128 quomodo

2393 4064 2582 4136 μένους
2598 4066 2764 4136 αὐτῷ,
2784 4067 2875 4119 καὶ
2895 4066 3092 4132 διδάξει
3106 4067 3228 4130 τοὺς
3252 4064 3617 4127 ὑπακούοντας
3637 4059 3803 4132 αὐτῷ,
3834 4061 3945 4123 πῶς

725 4151 1034 4220 Ρθτνεηίθηῑ
1064 4151 1116 4202 ί¹¹
1154 4163 1375 4216 regnum
1406 4148 1692 4201 εαξῖοτυηι·
2390 4158 2613 4210 ἔλθωσιν
2640 4161 2716 4222 εἰς
2742 4160 2839 4231 τὴν
2871 4160 3143 4231 βασιλείαν
3167 4160 3273 4213 τῶν
3299 4159 3561 4230 οὑρανῶν.

795 4242 884 4308 20,
914 4241 1001 4294 21.
1032 4239 1223 4294 Omnia
1266 4239 1517 4292 mandata
1546 4237 1756 4292 Domini
1801 4239 2171 4294 misericordia
2193 4283 2207 4307 ,
2237 4251 2292 4296 et

2453 4251 2541 4314 20,
2578 4250 2667 4304 21.
2699 4252 2875 4305 Πᾶσαι
2912 4254 2966 4305 αἱ
3005 4252 3212 4305 ἐντολαὶ
3241 4251 3445 4323 Κυρίου
3485 4245 3812 4319 ἐλεημοσύνη
3859 4244 3941 4298 καὶ

726 4333 858 4388 ﬁdes
899 4341 1025 4386 sunt
1067 4331 1374 4386 volentibus
1421 4331 1642 4402 implere
1677 4329 1844 4386 Vetus
1887 4329 2287 4387 Testamentum
2322 4368 2332 4418 Ι

2339 4370 2363 4418 )
2393 4341 2569 4405 πίστις
2604 4343 2709 4395 εἰσὶ
2737 4347 2847 4405 τοῖς
2874 4343 3081 4396 θέλουσι
3123 4342 3405 4414 πληρῶσαι
3436 4342 3532 4411 τὴν
3563 4337 3797 4393 Παλαιὰν
3829 4342 3945 4391 Δια-

726 4424 1021 4482 secundum
1053 4440 1150 4492 ea,
1175 4441 1296 4496 quae
1330 4440 1360 4479 a
1391 4423 1642 4489 Domino,
1669 4431 1724 4479 et
1756 4426 1823 4479 ab
1858 4425 1990 4496 ipsis
2028 4427 2285 4496 apostolis

2392 4434 2563 4505 θήκην
2591 4435 2732 4488 κατὰ
2763 4436 2837 4505 (2)
2869 4435 2973 4488 ὑπὸ
3002 4434 3094 4488 τοῦ
3129 4435 3330 4506 Κυρίου
3371 4431 3690 4504 λαληθέντα,
3718 4429 3814 4482 κα)⁵
3848 4429 3943 4482 τῶν

725 4519 866 4573 dicta
897 4526 1044 4573 sunt.

2391 4527 2699 4580 ἀποστόλων
2726 4528 2922 4581 αὐτῶν.

793 4611 884 4676 22,
915 4609 1006 4664 25.
1039 4611 1225 4680 Agnus
1256 4611 1348 4665 Dei
1382 4611 1671 4676 exsistcns,
1703 4621 1756 4667 et
1783 4612 1976 4667 tollens
2002 4622 2285 4683 peccatum

2457 4619 2549 4679 22.
2573 4619 2660 4673 25.
2693 4619 2770 4690 (5)
2806 4621 2864 4672 Ὀ
2888 4620 3145 4692 ὑπάρχων
3178 4618 3372 4688 ’Λμνὺς
3419 4615 3513 4670 τοῦ
3548 4613 3699 4681 Θεοῦ,
3723 4615 3750 4666 ὁ
3774 4613 3943 4686 αἴρων

727 4718 944 4763 meum;
974 4703 1200 4756 multum
1234 4705 1377 4758 enim
1411 4712 1513 4759 est.

2388 4713 2484 4783 τὴν
2509 4713 2781 4783 ἁμαρτίαν
2813 4730 2913 4783 μου
2940 4729 2952 4742 ·
2984 4711 3150 4784 πολλὴ
3181 4713 3289 4782 γάρ
3317 4712 3481 4764 ἐστιν.

809 4795 887 4850 24.
915 4795 1048 4863 Quis
1075 4805 1157 4852 est
1189 4797 1308 4862 ille,
1339 4799 1431 4869 qui
1479 4797 1681 4869 cogitet
1715 4797 1882 4852 Deum
1927 4797 2285 4866 inspectorem

2455 4802 2547 4856 24.
2581 4803 2674 4866 Τίς
2721 4805 2866 4856 ἐστιν
2910 4805 3113 4867 ἐκεῖνος
3151 4805 3178 4856 ὁ
3220 4801 3413 4855 ἐννοῶν
3459 4798 3533 4869 (4)
3586 4798 3779 4868 ἔφορον
3813 4796 3941 4868 ἔχειν

727 4888 926 4945 habere
949 4889 970 4942 ?

2388 4894 2478 4948 τὸν
2499 4896 2661 4960 Θεόν;

797 4980 887 5035 25.
921 4978 1144 5034 Erudiet
1170 4996 1292 5034 eum
1326 4982 1379 5035 in
1407 4983 1687 5052 prmeeptis
1719 4983 1854 5037 suis.

2459 4985 2549 5039 25.
2567 4987 2908 5056 Στοιχειώσει
2935 4986 3094 5040 αὑτὸν
3121 4987 3176 5038 ἐν
3200 4987 3317 5047 ταῖς
3339 4983 3573 5046 ἐντολαῖς
3587 4980 3778 5038 αὑτοῦ.

799 5073 889 5127 26.
925 5071 981 5126 In
1015 5074 1148 5128 locis
1178 5075 1579 5144 supercmlestis
1612 5074 1868 5131 civitatis.

2460 5074 2548 5130 26.
2589 5077 2677 5130 Ἐν
2701 5077 2885 5141 τόποις
2915 5077 3013 5148 τῆς
3041 5077 3357 5148 ἐπουρανίου
3383 5075 3603 5138 πόλεως.

799 5164 890 5220 27.
925 5165 1223 5236 Supernam
1261 5175 1458 5219 terram
1486 5165 1772 5236 signiﬁcat.

1558 5165 1772 5234 gniﬁcat.
2468 5167 2556 5221 27.
2588 5167 2696 5238 Τὴν
2729 5169 2839 5222 ἄνω
2865 5169 3009 5238 λέγει
3042 5169 3164 5239 γῆν.

801 5255 889 5311 28.
920 5257 1223 5312 Auxiliator
1245 5266 1326 5312 est
1352 5258 1614 5314 Dominus
1638 5259 1939 5314 timentium
1967 5274 2112 5314 eum.

2462 5261 2550 5314 28.
2571 5261 2770 5332 Βοηθός
2782 5266 2896 5316 ἐστι
2912 5263 3112 5334 Κύριος
3127 5263 3154 5315 ὀ
3170 5261 3276 5316 τῶν
3294 5260 3368 5333 (5)
3391 5258 3739 5330 φοϐουμένων
3769 5255 3933 5312 αὑτόν.

1673 5391 1974 5454 Addenda
2005 5399 2066 5454 et
2108 5393 2478 5472 corrigenda
2517 5415 2591 5457 ex
2629 5401 2769 5460 cod.
2806 5401 3006 5463 Vatic.

807 5514 884 5650 (1)
918 5513 1125 5580 Εἵωθας
2397 5517 2488 5572 τοῦ
2513 5520 2665 5583 Θεοῦ,
2699 5517 2828 5592 ἆρον
2854 5524 2972 5594 τήν.

831 5587 885 5648 2)
919 5586 1027 5638 Καὶ
1055 5586 1140 5640 τά.
2467 5592 2541 5650 (4)
2586 5593 2640 5643 '0
2668 5592 2972 5650 ἐννοούμενο

831 5586 1140 5662 ᾖΚ-αὶτὰ.
1229 5657 1251 5662 _
1317 5657 1328 5662 _
1380 5656 1391 5662 Δ
1518 5655 1529 5662 .
1755 5658 1766 5662 Α
1807 5656 1846 5662 ,Δ
1943 5654 1954 5662 _
2041 5656 2054 5662 _
2125 5655 2135 5662 _
2467 5592 2541 5654 (4)
2586 5593 2640 5643 '0
2668 5586 3030 5662 ἐννοούμενος.

804 5655 878 5725 (5)
911 5656 1132 5708 Ἕνεκεν
1163 5657 1254 5709 τοῦ
1306 5655 1560 5727 ὀνόματός
1597 5673 1717 5721 σου,
1745 5658 1773 5710 ὁ
1807 5654 1998 5726 Ἀμνδς
2033 5655 2290 5727 ὑπάρχων
2463 5664 2535 5740 (ὅ)
2569 5662 2792 5734 Βοήθεια
2821 5654 2966 5733 λέγει
2989 5654 3190 5734 Κύριος
3217 5660 3345 5724 τῶν,
3376 5668 3481 5715 etc.

813 5769 888 5839 (a)
926 5769 1234 5836 chendum
1263 5774 1443 5842 potius
1493 5772 1813 5844 εὐπάροχον.
1847 5771 2002 5826 Εοιτ.
