4084 6322
154 377 260 435 757
1050 373 1138 427 DE
1175 372 1447 428 TITULIS
1484 369 1932 426 PSALMORUM.
1972 398 2041 409 —-
2079 365 2273 420 PSAL.
2314 363 2480 418 XXV.
3259 365 3362 422 738

223 493 310 548 29.
345 493 453 546 Καὶ
479 496 510 565 ἡ
535 492 762 563 διαθήκη
796 491 958 546 αὑτοῦ
991 492 1215 563 δηλώσει
1244 494 1448 556 αὐτοῖς.
1729 500 1776 556 Α

1729 500 1776 556 Α
1871 490 1959 544 29.
1997 487 2060 540 Ει
2092 494 2470 542 testamentum
2503 484 2675 554 ipsius
2705 482 3074 538 manifestabit
3098 484 3225 540 illis.

222 583 308 638 30.
340 584 402 636 Οί
430 582 691 653 ὀφθαλμοί
723 599 821 652 μου
851 582 1138 646 διαπαντὸς
1167 583 1300 655 πρὸς
1321 584 1411 636 τὸν
1443 583 1666 654 Κύριον,

1356 584 1411 636 ὸν
1443 583 1666 654 Κύριον,
1873 579 1959 635 50.
1988 577 2142 633 Oculi
2175 576 2280 630 mei
2311 591 2524 646 semper
2553 576 2620 629 ad
2656 573 2969 639 Dominum,

222 671 313 726 51.
345 673 463 726 Ὅτι
486 674 642 737 αὐτὸς
665 676 927 728 ὲκσπάσει
945 677 1007 728 ὲκ
1025 677 1245 744 παγίδος
1259 678 1384 740 τοὺς
1404 678 1564 740 πόδας
1582 695 1700 748 μου.

1875 673 1960 725 51.
1997 671 2259 737 Quoniam
2303 672 2417 741 ipse
2447 671 2639 724 evellet
2670 670 2734 723 de
2772 669 2965 738 laqueo
2993 668 3155 738 pedes
3192 683 3361 725 meos.

224 764 314 819 32.
357 765 668 834 Ἐπίὸλεψον
691 766 776 817 ἐπ’
799 767 918 836 ἐμὲ,
944 768 1036 819 καὶ
1070 767 1292 838 ἐλέησόν
1326 785 1392 837 με
1423 785 1436 798 ο

1369 785 1392 819 ε
1423 785 1436 798 ι
1872 763 1958 816 52.
1995 762 2217 832 Respice
2248 763 2300 815 in
2329 777 2433 826 me,
2467 771 2521 815 et
2554 762 2810 815 miserere
2839 762 2981 814 mei:

221 853 310 907 55.
345 855 461 906 ’Ὁτι
501 854 792 926 μονογενὴς
825 857 918 908 καὶ
943 858 1154 926 πτωχός
1183 859 1296 927 εἰμι
1324 857 1452 925 ἐγώ.

1371 857 1452 925 (di.
1871 854 1958 908 55.
1997 853 2132 919 Quia
2166 853 2360 908 unicus
2390 861 2442 906 et
2480 867 2680 922 pauper
2710 867 2830 905 sum
2863 868 2984 922 ego.

223 946 311 1000 34.
344 947 408 1000 Δί
445 947 650 1016 θλίψεις
674 949 772 1019 τῆς
804 949 1028 1020 καρδίας
1058 966 1159 1018 μου
1187 950 1629 1018 ὲπληθύνθησαν·

1874 946 1960 1000 54.
1995 945 2391 999 Tribulationes
2415 946 2594 999 cordis
2619 946 2721 999 mei
2749 946 3118 1014 multiplicatae
3145 955 3302 1000 sunt:

214 1039 306 1095 35.
353 1041 446 1092 Ἐκ
478 1040 585 1092 τῶν
618 1040 870 1109 ἀναγκῶν
907 1058 1004 1111 μου
1031 1041 1265 1110 ὲξὰγαγέ
1302 1060 1390 1113 με.

1356 1060 1390 1095 ε,
1874 1038 1961 1092 55.
1998 1036 2067 1091 De
2092 1037 2504 1091 necessitatibus
2537 1037 2672 1092 meis
2708 1053 2838 1091 erue
2867 1054 2969 1093 me.

217 1133 306 1188 36.
349 1134 450 1186 Ἴδε
478 1134 573 1206 τὴν
605 1136 929 1189 ταπείνωσίν
960 1153 1058 1206 μου
1089 1137 1180 1189 καὶ
1203 1136 1294 1188 τὸν
1323 1136 1488 1188 κόπον
1521 1152 1622 1204 μου
1659 1151 1672 1166 ·

1875 1128 1960 1180 56.
1998 1128 2130 1182 Vide
2177 1128 2532 1182 humilitatem
2582 1145 2754 1183 meam
2783 1139 2835 1184 et
2871 1131 3111 1186 laborem
3146 1148 3361 1189 meum:

217 1227 308 1280 57.
344 1228 451 1280 Καὶ
485 1227 620 1296 ἄφες
642 1229 816 1292 πάσας
844 1228 939 1292 τὰς
973 1228 1242 1300 ἁμαρτίας
1277 1245 1399 1297 μου.

1367 1246 1399 1279 ),
1874 1221 1961 1274 57.
1995 1220 2057 1274 Et
2089 1221 2296 1274 dimitte
2339 1221 2587 1276 universa
2614 1222 2810 1277 delicta
2843 1240 2980 1279 mea.

214 1319 306 1374 38.
345 1321 447 1374 Ἴδε
473 1321 596 1384 τοὺς
624 1322 846 1392 ἐχθρούς
877 1340 998 1394 μου,
1026 1323 1106 1374 ὅτι
1152 1320 1565 1392 ὲπληθύνθησαν
1584 1337 1596 1349 ·

1875 1313 1962 1368 58.
2000 1311 2226 1382 Respice
2258 1312 2511 1368 inimicos
2538 1330 2709 1379 meos,
2737 1317 2995 1386 quoniam
3025 1319 3366 1389 multiplicati

1806 1414 1975 1458 sunt:

214 1495 306 1551 39.
337 1495 447 1548 Καὶ
485 1498 636 1566 μῖσος
661 1497 838 1550 ἄδικον
861 1495 1128 1567 ὲμίσησάν
1158 1512 1247 1566 με.

1233 1535 1247 1550 .
1871 1498 1958 1551 59.
1996 1497 2060 1552 Ει
2093 1499 2217 1552 odio
2253 1499 2439 1570 iniquo
2473 1500 2704 1555 oderunt
2735 1517 2840 1556 me.

209 1586 305 1642 40.
340 1587 577 1654 Φύλαξον
605 1589 702 1658 τὴν
728 1589 905 1658 ψυχήν
939 1607 1060 1659 μου,
1086 1588 1177 1641 καὶ
1217 1585 1376 1658 ῥῦσαί
1408 1602 1495 1656 με·

1473 1602 1495 1631 η·
1874 1589 1962 1643 40.
1999 1589 2220 1646 Custodi
2254 1595 2488 1647 animam
2514 1610 2710 1658 meam,
2741 1605 2794 1650 et
2819 1611 2945 1650 erue
2969 1611 3086 1651 me:

209 1679 306 1734 41.
340 1681 431 1752 Μὴ
459 1680 925 1751 καταισχυνθείην,
958 1681 1038 1733 ὅτι
1071 1680 1272 1751 ἤλπισα
1303 1679 1395 1732 ἐπὶ
1434 1677 1517 1731 σέ.

1871 1682 1960 1736 41.
1997 1681 2114 1736 Non
2149 1685 2492 1749 erubescam,
2529 1688 2786 1757 quoniam
2817 1693 3026 1758 speravi
3064 1690 3115 1743 in
3149 1698 3222 1745 te.

211 1771 308 1828 42.
350 1774 579 1825 Ἀκακοι
618 1774 709 1826 καὶ
743 1773 918 1836 εὐθεῖς
966 1771 1259 1825 ὲκολλῶντό
1306 1787 1419 1840 μοι,
1479 1770 1559 1821 ὅτι
1602 1769 1703 1821 ὑπ-
1742 1851 1751 1852 7

1871 1773 1959 1827 ΔΞ.
1992 1771 2307 1830 lnnocentes
2325 1787 2377 1831 et
2398 1779 2528 1832 recti
2556 1780 2900 1834 adbazserunt
2919 1781 3071 1848 mihi,
3092 1783 3219 1852 quia
3247 1800 3363 1840 sus.

134 1863 343 1935 έμεινά
367 1881 444 1928 σε,
464 1864 656 1935 Κύριε.
1737 1851 1747 1905 Ῑ

432 1905 444 1928 ,
464 1864 656 1935 Κύριε.
1737 1851 1776 1905 Β
1809 1862 1946 1916 tinui
1975 1873 2045 1917 te.

205 1957 304 2012 45.
337 1959 645 2029 Λύτρωσαι,
671 1959 700 2011 ὁ
730 1957 878 2021 Θεὸς,
905 1954 994 2009 τὸν
1036 1955 1252 2028 Ἰσραὴλ
1281 1956 1344 2009 ὲκ
1367 1953 1556 2007 πασῶν
1593 1952 1701 2006 τῶν

1877 1953 1968 2009 45.
2004 1953 2220 2022 Libera,
2257 1954 2418 2022 Deus,
2446 1955 2610 2012 lsrael
2653 1971 2716 2012 ex
2761 1960 3015 2015 omnibus
3063 1961 3365 2018 tribulatio-

132 2048 382 2120 θλίψεων
417 2049 602 2104 αὑτοῦ.

520 2049 602 2104 οὖ.
1810 2045 1972 2100 nibus
1997 2048 2133 2102 suis.

461 2180 698 2253 Ψαλμὸς
727 2179 806 2247 τῷ
834 2177 1029 2236 Δαϐίδ.
1061 2181 1234 2233 ΨΑΛ.
1264 2181 1395 2235 KE'.

2149 2176 2396 2232 Psalmus
2424 2179 2615 2234 David.
2653 2181 2855 2239 I’SAL.
2885 2183 2988 2238 ΧΧ
3006 2184 3063 2240 ι’.

205 2297 264 2350 1.
298 2295 498 2368 Κρῖνόν
527 2313 639 2366 μοι,
667 2293 856 2366 Κύριε,
881 2295 962 2348 ὅτι
990 2292 1099 2361 ἐγὼ
1131 2295 1188 2346 ὲν
1217 2292 1421 2363 ἀκακία
1452 2309 1552 2364 μου
1581 2294 1706 2345 ἐπο-

1882 2289 1931 2341 1.
1963 2287 2149 2344 Judica
2179 2307 2284 2356 me,
2309 2290 2573 2360 Domine;
2602 2297 2856 2365 quoniam
2890 2313 2990 2368 ego
3018 2299 3073 2354 in
3106 2298 3365 2355 innocen-

134 2389 348 2461 ρεύθην
374 2403 390 2419 ⁶

1810 2383 1884 2438 tia
1917 2401 2034 2440 mea
2062 2386 2340 2457 ingressus
2369 2403 2490 2441 sum
2517 2404 2530 2440 :

1277 2584 1648 2640 ATHANASII
1687 2584 2270 2642 lNTERPREI‘ATlO.

201 2771 306 2826 29.
336 2771 546 2838 Διδάξει
567 2771 778 2836 αὐτούς.

751 2791 778 2836 ;.
1882 2777 1970 2832 29.
2004 2779 2222 2835 Docebit
2247 2797 2364 2837 eos.

203 2867 305 2922 30.
343 2867 455 2936 Τῆς
483 2865 706 2938 καρδίας
738 2884 837 2937 μου
869 2865 1030 2936 λέγει.

975 2883 1030 2923 ει.
1887 2868 1974 2921 50.
2011 2870 2202 2927 Cordis
2233 2873 2362 2941 mei,
2394 2872 2588 2942 inquit.

204 2959 308 3013 3|.
355 2958 487 3010 Ἀπὸ
523 2957 922 3028 ἁμαρτιῶν

730 2957 803 3011 ῶν
824 2957 922 3028 (1).
1888 2957 1975 3014 51.
2013 2962 2058 3014 Α
2089 2966 2339 3032 peccatis.

201 3049 304 3103 32.
342 3049 579 3119 Πρὸσχες
603 3047 660 3099 τὸ
685 3047 905 3111 ἀσθενές
929 3065 1048 3117 μου,
1081 3048 1175 3101 καὶ
1204 3047 1424 3119 ἐλέησόν
1455 3066 1543 3118 με.

1891 3050 1976 3104 52.
2007 3052 2236 3105 Attende
2264 3053 2628 3108 inﬁrmitatem
2659 3068 2855 3118 meam,
2880 3060 2933 3109 et
2963 3053 3217 3109 miserere
3241 3057 3367 3112 mei.

203 3141 304 3194 33.
343 3139 522 3209 Μηδὲν
557 3139 631 3209 (2)
657 3139 816 3209 ἔχων.
1738 3186 1780 3245 C

803 3179 816 3193 .
1738 3186 1780 3245 ο
2006 3140 2152 3245 Elii)“
2191 3142 2415 3198 habens.

199 3233 299 3286 9H.
342 3232 406 3283 Ai
438 3232 695 3303 ἁμαρτίαι
731 3251 851 3303 μου.
1741 3231 1780 3245 ν

796 3251 851 3290 ηυ.
1741 3231 1780 3245 “
1886 3233 1975 3287 54.
2005 3231 2235 3289 Peccata
2270 3251 2409 3289 mea.

221 3325 304 3379 :5.
351 3323 481 3377 Ἀπὸ
508 3325 787 3396 ἁμαρτιῶν

722 3325 787 3378 ὧν
828 3325 924 3396 (5).
1884 3325 1974 3379 55.
2007 3325 2051 3376 Α
2080 3326 2335 3394 peccatis.

197 3413 276 3470 56
312 3455 328 3479 ,
364 3414 453 3468 57.
483 3416 691 3478 Ἔπιδε,
722 3417 802 3469 ὅτι
831 3415 958 3487 χοῦς
995 3419 1129 3487 εἰμι,
1160 3417 1253 3470 καὶ
1280 3416 1512 3488 πρόσχες
1531 3417 1590 3471 τὸ
1621 3417 1702 3470 δυ-

1883 3417 1974 3482 56,
2005 3418 2092 3470 57.
2118 3417 2322 3486 lnspice
2347 3417 2601 3487 quoniam
2636 3417 2811 3487 pulvis
2837 3435 2978 3486 sum,
3013 3429 3065 3475 et
3092 3422 3369 3478 considera

120 3506 303 3560 νατὺν
338 3504 446 3558 τῶν
481 3507 811 3576 ἐπιθεμένων
844 3525 932 3576 μοι
960 3508 1228 3578 πολεμίων
1249 3507 1345 3579 (4),
1387 3510 1476 3562 καὶ
1501 3509 1706 3576 σπλαγ-

1814 3510 2102 3578 potentiam
2124 3509 2460 3562 inimicorum
2481 3510 2796 3562 irruentium
2815 3511 2868 3562 in
2893 3526 2997 3574 me,
3016 3519 3068 3565 et
3084 3512 3372 3569 miseratus

121 3597 385 3668 χνισθεὶς
419 3597 554 3665 ἄφες
583 3598 760 3660 πάσας
785 3598 883 3658 τὰς
916 3600 1189 3670 ἁμαρτίας
1224 3618 1344 3671 μου.

1026 3600 1189 3670 prta;
1224 3618 1344 3671 μου.
1813 3601 2022 3655 dimitte
2049 3600 2226 3654 omnia
2252 3612 2468 3670 peccata
2503 3615 2639 3653 mea.

200 3688 304 3743 38.
345 3687 482 3749 Τοὺς
505 3687 760 3757 δαίμονας
788 3687 954 3756 λέγει.

1884 3691 1971 3746 58.
2008 3691 2282 3747 Daemones
2318 3691 2604 3761 signiﬁcat.

197 3781 302 3835 39.
345 3781 526 3849 Μηδὲν
552 3781 871 3851 ἀδικηθέντα
898 3779 973 3851 (5)
1005 3781 1092 3834 ὑπ’
1118 3781 1274 3852 ἐμοῦ.

1883 3783 1972 3839 39.
2009 3782 2162 3837 Nulla
2189 3785 2332 3836 enim
2368 3783 2564 3852 injuria
2602 3798 2630 3836 a
2663 3799 2747 3837 me
2773 3782 2947 3838 aﬂ‘ecti
2978 3793 3125 3840 sunt.

194 3872 302 3927 40.
347 3873 442 3925 Ἐκ
467 3871 571 3925 τῶν
599 3872 855 3926 ἐναντίων
877 3873 1176 3943 δυνάμεων.

1142 3891 1176 3926 ι.
1884 3876 1971 3930 40.
1999 3877 2039 3928 Α
2075 3875 2363 3931 contrariis
2396 3875 2755 3943 potestatibus

201 3967 310 4020 41.
345 3967 438 4036 Μὴ
466 3964 840 4036 ἀλλοτριώσεις
878 3982 944 4035 με
976 3966 1199 4031 ἑαυτοῦ,
1229 3967 1310 4020 ὅτι
1353 3965 1555 4036 ἤλπισα
1583 4007 1597 4032 ,
1631 3967 1712 4019 ὅτι

1887 3969 1973 4022 41.
2000 3966 2082 4021 Me
2113 3982 2142 4020 a
2170 3976 2220 4021 te
2254 3968 2371 4036 ipso
2397 3981 2502 4020 non
2534 3966 2814 4031 alienabis,
2845 3967 3102 4039 quoniam
3135 3973 3369 4039 speravi,

115 4059 348 4133 προσδὲ
356 4057 418 4128 En
446 4075 534 4128 με.

1818 4059 1960 4132 quod
1993 4074 2078 4113 me
2107 4059 2364 4128 excipies.

195 4152 305 4207 42-
343 4149 535 4219 Χαρᾶς
571 4147 919 4222 ἐπληρούμην
951 4149 1294 4220 μεμνημένος
1328 4148 1435 4201 τῶν
1477 4149 1716 4217 ἐπαγγε-

1887 4151 1976 4204 42.
2000 4150 2208 4205 Gaudio
2240 4151 2490 4221 impletus
2528 4165 2671 4215 sum,
2699 4151 3120 4220 promissionum
3153 4160 3371 4209 tuarum

117 4246 270 4300 λιῶν
314 4260 435 4297 σου.

1817 4242 2153 4298 recordatus.

193 4335 306 4393 45.
323 4335 433 4389 Τὸν
453 4335 596 4401 νοῦν,
610 4334 777 4402 λέγει,
797 4331 888 4386 τὸν
913 4331 1120 4404 ὁρῶντα
1143 4331 1232 4385 τὸν
1250 4331 1380 4386 Θεὸν
1415 4332 1710 4387 λύτοωσαι.
1745 4307 1788 4362 D

1604 4349 1710 4387 σαι.
1745 4307 1788 4362 Ι)
1887 4333 1973 4387 ιδ.
2003 4333 2252 4397 Mentem,
2285 4330 2476 4400 inquit,
2504 4345 2624 4399 quae
2650 4330 2791 4384 videt
2819 4330 3007 4400 Deum,
3031 4333 3215 4391 libera.

207 4503 285 4555 Ἦ
327 4497 660 4570 προκειμένη
691 4495 964 4565 ἐπιγραφὴ
988 4493 1263 4564 περιέχει·
1304 4491 1376 4563 (6)
1409 4495 1652 4562 Ψαλμὸς
1683 4493 1762 4558 τῷ
1788 4493 1982 4559 Δαὸὶδ,
2023 4494 2286 4557 τουτέστι,
2327 4493 2569 4563 Ψαλμὸς
2602 4493 2680 4558 τῷ
2719 4493 2826 4559 Υἱῷ
2849 4495 2953 4548 τοῦ
3004 4497 3169 4551 Θεοῦ.
3211 4497 3378 4552 Δαϐὶδ

114 4599 239 4670 γὰρ
266 4593 640 4666 ἑρμηνεύεται
662 4591 865 4658 ἱκανὸς
898 4589 1064 4659 χειρὶ.
1100 4590 1232 4663 ὅπερ
1268 4590 1415 4643 ἐστὶν
1448 4593 1481 4644 ό
1508 4591 1550 4642 Υ
1549 4588 1637 4655 ἰὸς
1660 4587 1765 4643 τοῦ
1798 4590 1965 4652 Θεοῦ,
1998 4590 2072 4656 (7)
2101 4589 2240 4643 καθὰ
2262 4592 2289 4642 ὁ
2314 4591 2595 4660 προφήτης
2631 4587 2879 4660 Ἐζεκιὴλ
2906 4589 3180 4644 δείκνυται
3201 4592 3375 4662 λέγων

194 4731 440 4786 Titulus
460 4727 778 4798 praepositus
804 4727 1081 4782 continet:
1107 4725 1355 4780 Psalmua
1379 4725 1568 4790 David,
1599 4727 1701 4782 hoc
1735 4735 1819 4782 est
1845 4746 1857 4782 :
1896 4727 2140 4782 Psalmus
2177 4726 2321 4781 Filio
2348 4728 2460 4781 Dei.
2489 4727 2654 4780 David
2689 4727 2834 4781 enim
2871 4727 3254 4797 interpretatur
3279 4747 3372 4798 pa-

114 4843 241 4885 ‘ens
282 4843 480 4888 manu,
510 4827 650 4895 quod
684 4832 767 4879 est
794 4821 967 4878 Filius
993 4824 1108 4886 Dei,
1136 4823 1598 4893 quemadmodum
1632 4826 1893 4895 propheta
1934 4824 2187 4879 Ezechiel
2222 4824 2486 4887 ostendit,
2519 4824 2705 4878 dicens
2733 4825 2786 4878 in
2817 4823 3024 4878 visione
3047 4823 3326 4878 cherubim
3353 4844 3370 4880 :

187 4926 247 4979 1.
288 4923 563 4992 Θέλησον,
587 4922 758 4995 Κύριε
793 4920 886 4991 (8),
919 4920 1275 4979 καταδικάσαι
1301 4921 1443 4990 ἐμοὶ,
1481 4921 1574 4974 καὶ
1603 4923 1715 4984 τοῖς

1880 4922 1930 4974 1.
1961 4919 2137 4984 Veiis,
2169 4919 2416 4983 Domine,
2442 4918 2688 4988 judicare
2733 4922 2872 4974 inter
2919 4934 3006 4974 me
3049 4930 3104 4974 et
3145 4920 3373 4992 Babylo-

106 5013 535 5076 Βαϐυλωνίοις,
564 5015 644 5066 ὅτι
674 5011 783 5082 ἐγὼ
810 5012 905 5083 μὲν
931 5012 1077 5082 πάσῃ
1105 5011 1309 5080 ἀκακίᾳ
1331 5010 1604 5082 κέχρημαι
1627 5011 1709 5075 εἰς

1815 5009 1955 5071 nios.
1989 5010 2245 5078 quoniam
2293 5023 2389 5079 ego
2423 5009 2639 5078 quidem
2671 5010 2722 5061 in
2753 5024 2848 5062 eos
2879 5011 3025 5064 omni
3062 5010 3370 5065 innocentia

112 5114 374 5174 αὐτοὺς,
410 5105 634 5181 [αὐτοὶ]
666 5105 721 5159 δὲ
746 5107 824 5168 εἰς
849 5104 946 5176 ἐμὲ
971 5105 1180 5175 πονηρά
1212 5102 1478 5176 [πονηρίᾳ
1501 5103 1546 5176 ].

1519 5118 1546 5173 ;.
1819 5119 1952 5158 usus
1976 5117 2095 5156 sum
2122 5119 2137 5168 ;
2177 5102 2276 5172 ipsi
2304 5113 2481 5158 autem
2508 5103 2560 5156 in
2587 5118 2671 5157 me
2695 5103 2843 5157 omni
2876 5103 3132 5174 nequitia.

1099 5281 1398 5344 Addenda
1424 5286 1485 5342 et
1542 5279 1908 5358 corrigenda
1942 5298 2021 5342 ex
2057 5282 2194 5342 cod.
2228 5281 2428 5342 Vatic.

190 5481 280 5550 (1)
328 5476 479 5550 κ’ᾼπδ
504 5477 688 5546 πάσης
717 5475 1007 5546 ἁμαρτίας.
2097 5472 2181 5550 δια
2212 5470 2698 5550 ἰῆς-κινναὸἀρεως
2736 5489 2860 5540 περ.

190 5541 282 5624 ἱρά
321 5547 569 5624 ξίληδένα.
627 5541 654 5624 ι’
758 5541 846 5624 “-’
2007 5542 2180 5624 ξρετοῦ
2206 5541 2338 5624 esca
2363 5542 2506 5624 ἴςὶρς.
2542 5550 2645 5624 etc.

322 5610 583 5697 ,τῶν
617 5613 852 5697 ἀνομιςῦν
888 5632 1009 5697 μου.

1889 5610 1963 5697 (ιὸ)
2007 5612 2252 5684 Ἐλέησόν
2285 5630 2351 5683 με
2384 5611 2553 5680 λέγει,
2585 5610 2807 5681 Κύριος.
2830 5610 3057 5682 Reliqua
3080 5613 3275 5668 desunt
3308 5615 3365 5669 in

193 5684 281 5762 ξι)
320 5687 617 5762 Πολέμων,
650 5684 743 5736 καὶ
766 5684 839 5748 ὼς
870 5685 1066 5752 σπλαγ.
1817 5684 1936 5739 cod.

197 5755 282 5819 (5|
341 5755 746 5812 ‘Aﬁtxrﬁéwsq.
