4068 6318
745 338 849 402 739
1581 341 1638 395 S.
1677 339 2043 396 ATHANASII
2077 339 2228 398 OPP.
2267 343 2449 399 PARS
2490 344 2578 400 Ill.
2622 374 2692 386 —
2727 343 3141 400 EKEGETICA.
3842 349 3937 405 760

805 462 864 519 2.
894 461 954 518 Et
984 464 1039 518 in
1068 462 1299 519 Domino
1329 477 1573 533 sperans,
1607 478 1714 517 non
1749 463 2085 518 inlirmabor.
2326 473 2372 529 Α

2326 473 2372 529 Α
2466 469 2520 523 2.
2551 469 2658 522 Kal
2682 469 2773 521 ἐπὶ
2800 467 2877 539 τῷ
2904 469 3095 540 Κυρίῳ
3115 466 3372 534 ἐλπίζων,
3407 466 3467 520 οὐ
3498 466 3574 537 μὴ
3601 466 3889 539 ἁσθενήσω.

805 556 862 613 3.
892 555 1060 611 Proba
1091 571 1197 621 me,
1229 555 1479 622 Domine,
1506 565 1560 610 et
1592 563 1738 609 tenta
1769 570 1890 610 me:

2462 562 2514 615 5.
2549 562 2847 631 Δοκίμασόν
2877 579 2964 631 με,
3003 561 3194 630 Κύριε,
3224 562 3317 614 καὶ
3347 562 3437 612 πεί
3445 561 3607 631 ρασόν
3635 577 3700 629 με
3721 577 3734 590 ·

805 650 858 707 ι.
890 647 997 705 Ure
1018 664 1178 705 renes
1207 663 1377 712 meos,
1403 658 1456 703 et
1479 663 1575 702 cor
1604 663 1807 703 meum.

2468 652 2520 706 1.
2558 652 2814 723 Πύρωσον
2859 653 2984 715 τοὺς
3027 651 3257 722 νεφρούς
3308 669 3406 722 μου
3447 651 3542 704 καὶ
3582 651 3678 720 τὴν
3730 652 3938 722 xapa‘iav

806 821 858 876 5.
887 821 1156 889 Quoniam
1202 821 1573 876 misericordia
1626 832 1719 876 tua
1765 832 1890 877 ante
1915 824 2103 879 oculos
2147 840 2298 879 meos
2403 762 2412 814 1

2445 762 2505 796 ου
2535 762 2548 776 ·

2403 762 2441 814 μ
2469 836 2520 890 5.
2552 837 2672 890 Ὅτι
2705 836 2765 889 τὺ
2790 836 2936 899 ἔλεός
2967 853 3060 890 σου
3083 836 3369 890 κατέναντι
3399 836 3506 888 τῶν
3535 834 3821 904 ὀφθαλμῶν
3849 833 3938 903 μού

741 921 819 966 est
840 930 852 965 :
2401 931 2514 982 ἐστι
2543 969 2557 993 ,

806 1000 859 1057 6.
886 1000 953 1056 Et
976 1003 1272 1073 complacui
1301 1004 1358 1058 in
1379 1004 1603 1058 veritate
1634 1013 1746 1057 tua.

2470 1021 2523 1075 6.
2554 1022 2663 1075 Kal
2689 1020 3027 1092 εὐηρέστησα
3059 1021 3117 1073 ἐν
3137 1022 3201 1091 τῇ
3231 1019 3455 1090 ἀληθείᾳ
3491 1036 3606 1071 σου.

806 1091 860 1144 7.
896 1091 1010 1146 Non
1044 1094 1156 1147 sedi
1183 1109 1306 1147 cum
1339 1093 1567 1148 concilio
1595 1093 1847 1147 vanitatis
1875 1111 1888 1148 :

2473 1113 2523 1164 7.
2556 1112 2666 1164 Οὐκ
2691 1110 2918 1164 ἐκάθισα
2945 1091 3079 1179 μετὰ
3106 1110 3382 1180 συνεδρίου
3417 1110 3774 1179 ματαιότητος
3794 1125 3807 1140 ·

806 1185 859 1236 8.
893 1182 958 1236 Et
992 1200 1112 1238 cum
1148 1185 1333 1253 iniqua
1366 1185 1677 1252 gerentibus
1707 1200 1813 1238 non
1845 1186 2083 1241 introibo
2113 1206 2124 1240 :

2471 1203 2522 1256 8.
2554 1205 2662 1255 Kal
2691 1203 2828 1273 μετὰ
2863 1201 3318 1273 παρανομούντων
3345 1202 3404 1253 οὐ
3437 1201 3510 1271 μὴ
3537 1201 3778 1256 εἰσέλθω.

807 1274 860 1329 9.
885 1275 1038 1330 0divi
1066 1277 1352 1330 ecclesiam
1385 1277 1822 1345 malignantium.

2473 1297 2527 1349 9.
2569 1297 2835 1366 Ἐμίσησα
2870 1295 3162 1364 ἐκκλησίαν
3184 1294 3627 1364 πονηρευομένων
3648 1310 3660 1323 ·

810 1365 898 1418 10.
935 1365 1152 1419 Etcum
1191 1367 1372 1435 impiis
1402 1383 1507 1419 non
1542 1367 1762 1422 sedebo.

2472 1387 2558 1441 10.
2594 1365 2702 1440 Kal
2749 1365 2884 1459 μετὰ
2913 1387 3122 1440 ἀσεόὦν
3147 1389 3207 1439 οὐ
3247 1387 3318 1458 μὴ
3350 1387 3574 1439 καθίσω.

811 1455 896 1509 11.
927 1455 1142 1510 Lavabo
1173 1457 1309 1511 inter
1335 1458 1647 1512 innocentes
1671 1473 1870 1512 manus
1903 1473 2086 1512 meas:

2035 1476 2050 1512 ⁵
2074 1478 2086 1512 τ
2471 1479 2557 1533 11.
2593 1455 2832 1549 Νίψομαι
2866 1480 2921 1530 ἐν
2946 1477 3140 1540 ἀθώοις
3167 1455 3263 1541 τὰς
3294 1455 3475 1549 χεῖράς
3503 1495 3603 1547 μου
3629 1495 3641 1507 ⁸

813 1548 901 1602 12.
937 1549 1004 1603 Ει
1025 1550 1367 1604 circumdabo
1403 1551 1569 1604 altare
1597 1558 1773 1612 tuum,
1805 1549 2053 1617 Domine,

2476 1571 2561 1624 12.
2594 1573 2699 1623 Kal
2726 1548 2985 1623 κυκλώσω
3009 1571 3068 1622 τὸ
3095 1548 3474 1641 θυσιαστήριον
3503 1587 3618 1631 σου,
3645 1571 3809 1641 Κύριε
3836 1613 3849 1636 ,

813 1640 900 1694 11⁷».
930 1638 996 1693 Ut
1022 1639 1102 1712 [ut
1137 1639 1254 1711 ego]
1289 1641 1504 1694 audiam
1531 1655 1716 1694 vocem
1740 1640 1937 1705 laudis,

2476 1663 2558 1716 15.
2593 1663 2698 1716 Τοῦ
2734 1662 2962 1716 ἀκοῦσαι
2993 1663 3172 1733 φωνῆς
3205 1662 3348 1733 [λτοῦ
3375 1661 3603 1715 ἀκοῦσαί
3643 1680 3709 1732 με
3757 1661 3943 1732 φωνὴν]

2403 1749 2657 1812 αίνέσεώς
2687 1767 2802 1813 σου,

810 1838 894 1894 14.
926 1838 994 1893 Ει
1023 1855 1268 1894 enarrem
1300 1841 1551 1895 universa
1590 1842 1860 1896 mirabilia
1893 1854 2002 1895 tua.
2331 1832 2373 1886 Β

2331 1832 2373 1886 Β
2475 1841 2559 1894 Ui.
2594 1841 2701 1892 Kal
2733 1841 3092 1912 διηγήσασθαι
3121 1843 3294 1896 πάντα
3320 1843 3385 1895 τὰ
3415 1842 3693 1911 θαυμάσιά
3720 1859 3828 1896 σου.

811 1930 900 1984 15.
939 1929 1180 1992 Domine,
1209 1930 1370 1986 dilexi
1398 1933 1645 1986 decorem
1675 1934 1868 1988 domus
1907 1941 2034 1998 tuae,

2479 1931 2565 1985 15.
2597 1931 2792 2003 Κύριε,
2822 1935 3082 2005 ἠγάπησα
3107 1935 3436 2003 εὐπρέπειαν
3462 1936 3607 1987 οἴκου
3638 1952 3753 1999 σου,

809 2019 897 2074 16.
934 2019 999 2073 Ει
1027 2020 1204 2075 locum
1238 2022 1587 2077 habitationis
1625 2024 1808 2091 gloria:
1842 2033 1968 2078 tuas.

2478 2025 2564 2078 16.
2598 2026 2708 2077 Kal
2729 2026 2891 2078 τόπον
2922 2025 3272 2097 σκηνώματος
3305 2027 3460 2098 δόξης
3485 2044 3597 2082 σου.

813 2110 900 2162 17.
938 2108 1015 2166 Ne
1036 2112 1229 2180 perdas
1255 2129 1376 2167 cum
1403 2113 1602 2182 impiis,
1637 2112 1798 2180 Deus,
1829 2115 2064 2168 animam
2092 2129 2263 2169 meam
2289 2131 2303 2168 :

2482 2116 2568 2171 17.
2599 2117 2690 2186 Μὴ
2720 2118 3088 2189 συναπολέσης
3115 2117 3250 2189 μετὰ
3275 2119 3483 2172 ἁσεδών
3505 2119 3606 2190 τὴν
3620 2119 3797 2190 ψυχήν
3825 2137 3944 2188 μου,

815 2203 899 2256 18,
938 2203 1002 2256 Et
1029 2220 1150 2258 cum
1182 2207 1313 2260 viris
1335 2207 1660 2276 sanguinum
1683 2207 1843 2260 vitam
1873 2223 2047 2261 meam
2075 2225 2088 2261 :

2485 2206 2570 2259 18.
2601 2207 2711 2258 Kal
2744 2207 2880 2276 μετὰ
2929 2208 3132 2278 ἀνδρῶν
3167 2210 3412 2279 αἱμάτων
3443 2210 3538 2280 τὴν
3569 2210 3714 2280 ζωήν
3764 2226 3891 2279 μου·

1855 2340 2225 2396 ATHANASll
2268 2337 2850 2396 INTERPRETATIO.

741 2452 799 2504 ἐν
823 2455 887 2523 τῇ
912 2453 1143 2524 ὀπτασίᾳ
1173 2454 1276 2506 τῶν
1298 2456 1559 2526 χερουῦίμ
1579 2472 1591 2487 ο
1610 2456 1699 2522 ’.Ως
1727 2456 1894 2525 φωνὴ
1921 2457 1995 2527 (1)
2026 2454 2422 2524 παρεμϐολῆς.
2450 2451 2658 2508 Οὐκοῦν
2673 2451 2750 2522 τῷ
2775 2453 2944 2504 είπεῖν
2971 2452 3148 2517 αὑτὸν,
3166 2451 3261 2515 Ὧς
3288 2450 3453 2519 φωνὴ
3481 2451 3690 2505 ἱκανοῦ
3713 2452 3810 2520 (α),
3831 2456 3951 2519 ἀκη-

743 2542 923 2595 κοέναι
952 2545 1048 2614 τὴν
1086 2545 1263 2616 φωνὴν
1293 2548 1480 2617 εἴρηκε
1510 2546 1601 2600 τοῦ
1626 2548 1758 2601 Θεοῦ
1788 2549 1980 2616 Λόγου.
2021 2549 2244 2614 Ἱκανὸς
2271 2548 2379 2618 γὰρ
2408 2546 2555 2616 χειρὶ
2582 2547 2609 2597 ὁ
2637 2546 2769 2608 Θεὸς
2794 2546 2966 2614 Λόγος
2985 2545 3051 2598 ἂν
3074 2546 3178 2616 είη.
3209 2546 3521 2616 Είρήκαμεν
3542 2545 3671 2614 γὰρ,
3701 2545 3780 2597 ὅτι
3811 2549 3950 2598 Ψαλ-

741 2632 852 2702 μὸς
879 2634 958 2700 τῷ
998 2637 1104 2700 Υίῷ
1133 2638 1236 2690 τοῦ
1269 2639 1435 2702 Θεοῦ,
1466 2639 1652 2710 ἐπειδὴ
1685 2639 1847 2692 Δα6“ιδ
1882 2640 2240 2712 ἑρμηνεύεται
2273 2639 2480 2702 ἱκανὸς
2510 2637 2659 2705 χειρὶ
2681 2675 2696 2700 ,
2733 2638 2870 2708 ὅπερ
2902 2638 3048 2690 ἐστὶν
3074 2641 3102 2690 ὁ
3133 2637 3263 2699 Θεὸς
3302 2637 3502 2704 Λόγος,
3556 2635 3699 2690 καθὰ
3741 2637 3840 2689 ὑπὸ
3864 2638 3946 2689 τοῦ

747 2726 1022 2796 προφήτου
1069 2724 1325 2797 ’ῐεζεκιὴλ
1352 2727 1772 2798 μεμαθήκαμεν.

755 2838 818 2893 Ut
844 2855 940 2893 vox
968 2842 1210 2909 potentis.
1240 2840 1484 2896 Profecto
1514 2843 1741 2898 dicendo
1770 2843 1964 2912 ipsum,
1999 2841 2066 2896 Ut
2090 2856 2185 2896 vox
2205 2842 2453 2910 potentis,
2483 2858 2667 2898 vocem
2703 2842 2996 2906 audivisse,
3033 2839 3171 2895 dixit
3226 2840 3317 2896 Dei
3356 2840 3535 2896 Verbi.
3580 2842 3776 2899 Potens
3821 2863 3948 2902 enm

748 2948 905 2984 manu
934 2931 1074 2986 Deus
1098 2930 1331 2986 Verbum
1358 2933 1543 3003 utique
1556 2946 1656 2988 est.
1678 2933 2137 3003 Diximusitaque,
2165 2933 2305 3001 quod
2321 2930 2564 2986 Psalmus
2593 2932 2735 2985 Filio
2758 2932 2884 2995 Dei;
2912 2933 3168 3001 quoniam
3192 2930 3358 2987 David
3385 2933 3768 3002 interpretatur
3792 2949 3948 3003 potens

747 3042 927 3091 manu,
954 3025 1098 3095 quod
1125 3035 1209 3079 est
1232 3024 1374 3081 Deus
1391 3025 1649 3094 Verbum,
1667 3026 2121 3098 quemadmodum
2155 3041 2184 3078 a
2212 3025 2472 3095 prOphcta
2505 3011 2782 3080 Ezechiele
2808 3022 3115 3079 didicimus.

808 3140 862 3193 2.
885 3139 1068 3195 Habeo
1110 3140 1255 3195 enim
1288 3140 1683 3197 confortantem
1723 3157 1808 3196 me
1841 3141 2032 3208 Deum,
2067 3140 2121 3194 in
2151 3155 2309 3211 quem
2339 3140 2381 3198 C

2344 3140 2381 3198 Β
2480 3139 2535 3194 2.
2570 3140 2717 3209 Ἔχω
2739 3138 2845 3208 γὰρ
2875 3137 2964 3190 τὸν
2987 3138 3383 3210 ἐνδυναμοῦντά
3413 3157 3476 3210 με
3513 3141 3644 3193 Θεὸν
3678 3141 3777 3212 (2),
3804 3144 3874 3205 εἰς
3902 3143 3950 3193 ὃν

749 3246 930 3300 spero.

2415 3231 2633 3296 ἐλπίζω.

818 3323 871 3388 5,
893 3321 945 3376 4.
969 3321 1036 3377 Ut
1058 3323 1302 3378 cordium
1326 3325 1570 3395 cognitor
1597 3325 1739 3381 nosti
1766 3325 1948 3380 omnia
1977 3340 2097 3394 qua:
2122 3324 2176 3378 in
2202 3339 2308 3388 me,

2483 3325 2535 3388 5,
2566 3323 2617 3376 4.
2664 3322 2747 3386 Ὠς
2777 3319 3208 3393 καρδιογνώστης
3243 3317 3388 3384 οἶδας
3417 3323 3592 3375 πάντα
3624 3324 3694 3376 τὰ
3729 3327 3782 3376 ἐν
3824 3327 3945 3393 ἐμοι.

750 3416 1029 3485 quomodo
1055 3426 1182 3471 sunt
1212 3418 1353 3472 circa
1382 3428 1454 3471 te.

1314 3434 1353 3472 :a
1382 3428 1454 3471 te.
2411 3415 2530 3478 πῶς
2558 3418 2662 3467 alat
2687 3414 2813 3485 περὶ
2844 3415 2920 3468 σέ.

819 3507 872 3561 5.
905 3506 1172 3572 Quoniam
1206 3507 1578 3562 misericordia
1611 3517 1724 3572 tua,
1757 3524 1920 3578 quam
1954 3508 2087 3562 mihi
2117 3521 2315 3577 praece-

2485 3507 2536 3562 5.
2573 3507 2694 3559 Ὅτι
2724 3507 2784 3559 τὸ
2815 3506 2959 3569 ἔλεός
2998 3523 3110 3571 σου,
3147 3507 3174 3558 ὃ
3210 3506 3540 3576 προσέταξάς
3576 3525 3664 3576 μοι
3696 3511 3857 3559 ποιεῖν
3887 3509 3949 3567 εἰς

747 3599 896 3670 pisti,
930 3608 990 3651 ut
1017 3599 1373 3669 indigentibus
1401 3599 1651 3667 facerem,
1683 3612 1805 3655 ante
1825 3600 2010 3655 oculos
2042 3614 2188 3654 meos
2208 3609 2310 3652 est.

2208 3609 2310 3652 est.
2415 3598 2540 3660 τοὺς
2565 3597 2752 3668 χρείαν
2788 3597 3028 3667 ἔχοντας,
3055 3597 3160 3668 πρὸ
3191 3597 3480 3668 ὀφθαλμῶν
3509 3599 3608 3667 μου
3632 3601 3798 3651 ἐστιν.

817 3692 869 3744 6.
903 3690 968 3746 Ει
991 3693 1044 3747 in
1075 3693 1177 3748 hoc
1213 3692 1457 3748 faciendo
1489 3693 1663 3749 ﬁdelis
1699 3703 1947 3764 repertus
1976 3709 2096 3749 sum
2123 3707 2310 3748 coram

2485 3688 2538 3742 6.
2567 3690 2676 3742 Kal
2702 3691 2757 3742 ἐν
2779 3688 2855 3758 τῷ
2885 3693 3055 3742 ποιεῖν
3093 3707 3157 3758 με
3178 3687 3338 3741 τοῦτο
3383 3691 3572 3751 πιστὸς
3625 3692 3851 3762 εὑρέθην
3882 3691 3948 3740 ἐν.

754 3791 825 3836 te.

2415 3779 2585 3834 ώπιόν
2619 3798 2732 3833 σου.

823 3874 874 3926 '7.
903 3870 1021 3925 Non
1049 3870 1295 3940 acquievi
1321 3872 1632 3940 iniquorum
1667 3873 2215 3928 murmurationibus.

2491 3874 2542 3927 7.
2581 3874 2654 3925 Οὐ
2689 3871 3179 3941 συνανεπαυσάμην
3202 3873 3528 3942 γογγυσμοῖς
3561 3873 3636 3942 (ὃ)
3675 3877 3923 3943 πονηροῖς.

825 3964 880 4018 8.
905 3965 1091 4032 Neque
1121 3979 1245 4017 cum
1280 3963 1358 4019 eis
1386 3964 1733 4018 consociatus
1769 3979 1912 4018 sum.

1637 3974 1733 4018 ltus
1769 3979 1912 4018 sum.
2488 3967 2540 4020 8.
2569 3966 2701 4019 Οὐδὲ
2725 3965 3023 4038 συνεθέμην
3046 3965 3243 4028 αὐτοῖς.

826 4055 879 4108 9.
911 4054 1327 4120 lllultitudinem,
1363 4055 1570 4124 inquit,
1604 4055 1729 4110 odio
1774 4056 1937 4111 habui
1984 4071 2194 4123 eorum,
2221 4056 2314 4126 qui

2484 4059 2535 4112 9.
2567 4058 2776 4128 Πλῆθος
2799 4100 2812 4123 ,
2851 4058 3030 4126 λέγει,
3077 4057 3310 4129 ἐμίσησα
3354 4058 3800 4129 ἐπανισταμένων
3837 4057 3949 4109 κατὰ

755 4151 1042 4214 insurgunt
1070 4147 1123 4200 in
1153 4162 1299 4209 eum,
1329 4148 1422 4215 qui
1454 4147 1582 4202 fecit
1611 4163 1722 4204 eos.

1501 4149 1582 4202 :cit
1611 4163 1722 4204 eos.
2415 4151 2507 4205 τοῦ
2545 4152 2867 4221 ποιήσαντος
2894 4149 3107 4211 αὐτούς.

837 4239 921 4292 10.
954 4237 1069 4293 Non
1095 4239 1440 4294 consiliabor.

2491 4244 2576 4295 10.
2609 4243 2684 4294 Οὺ
2718 4242 2793 4313 (4)
2823 4242 2896 4313 μὴ
2926 4239 3278 4311 συνεδρεύσω.

823 4332 908 4387 11.
938 4332 1144 4386 Animae
1170 4348 1362 4387 manus
1394 4330 1689 4400 signiﬁcat.

2490 4335 2574 4388 11.
2613 4335 2723 4395 Τὰς
2746 4335 2844 4404 τῆς
2866 4333 3045 4404 ψυχῆς
3082 4334 3155 4402 (5)
3190 4335 3375 4404 χεῖρας
3395 4331 3559 4399 λέγει.

822 4421 909 4476 12.
945 4420 1008 4475 Et
1038 4421 1132 4474 tibi
1160 4421 1497 4474 ministrabo.
2342 4477 2382 4495 λ

2342 4477 2382 4495 λ
2491 4425 2577 4479 η.
2611 4427 2721 4479 Kal
2744 4426 3114 4495 λειτουργήσω
3136 4441 3232 4479 σοι.

823 4514 910 4577 13,
963 4513 1047 4568 14.
1100 4513 1403 4567 Leetionem
1445 4512 1751 4583 signiﬁcat:
1787 4513 1857 4568 Et
1907 4513 2008 4586 [ut]
2065 4529 2300 4569 enarrem
2342 4477 2384 4531 D

2342 4477 2384 4531 D
2491 4477 2578 4581 15,
2734 4517 2843 4587 Τὴν
2886 4477 3189 4584 ἀνάγνωσιν
3223 4477 3408 4584 λέγει·
3442 4514 3550 4568 Kal
3583 4513 3661 4585 (6)
3692 4511 3945 4581 διηγήσα-

755 4607 930 4659 omnia
960 4605 1233 4658 mirabilia
1265 4615 1375 4671 tua.

2410 4611 2550 4663 σθαι
2581 4608 2780 4662 πάντα
2813 4609 2884 4662 τὰ
2915 4607 3214 4678 θαυμάσιά
3245 4624 3380 4661 σου.

826 4695 912 4748 15.
951 4693 1211 4762 Ροριιιυω
1241 4694 1476 4749 ﬁdelem.
2484 4704 2571 4758 15.
2608 4705 2710 4756 Τὸν
2733 4703 2859 4756 λαὸν
2890 4703 2980 4754 τὸν
3004 4701 3211 4754 πιστόν.

827 4785 913 4838 16.
951 4783 1048 4840 Ubi
1081 4785 1374 4841 inhabitas.

2485 4797 2574 4850 16.
2604 4796 2770 4850 Ἔνθα
2793 4797 3086 4858 κατοικεῖς.

825 4880 909 4934 17.
939 4878 1014 4935 Ne
1038 4896 1123 4936 me
1151 4881 1449 4937 constituas
1479 4896 1508 4934 a
1543 4880 1780 4936 sinistris
1803 4881 1927 4935 tuis.

2487 4889 2575 4941 17.
2604 4886 2698 4958 Μὴ
2725 4889 2926 4958 στήσῃς
2953 4903 3018 4957 με
3049 4884 3107 4952 ἐξ
3129 4883 3432 4957 ἀριστερῶν
3459 4900 3571 4936 σου.

825 4973 912 5027 18.
943 4970 1360 5028 Homicidarum.

2490 4979 2575 5033 18.
2613 4979 3123 5051 Ἀνθρωποκτὸνων.

1691 5107 1988 5169 Addenda
2023 5115 2083 5171 et
2115 5111 2486 5186 corrigenda
2544 5134 2618 5176 ex
2667 5117 2803 5176 cod.
2836 5115 3038 5176 Vatic.

821 5231 897 5313 (1)
931 5232 1028 5313 ,Ὦς
1057 5233 1204 5313 φωνὴ
1231 5232 1412 5313 ἱκανοῦ
1435 5234 1490 5284 ἐν
1517 5230 1946 5313 τῷρπορεύεσθαι
1980 5232 2117 5313 aia-ca
2146 5233 2297 5312 φωνῇ
2479 5239 2555 5313 (ἓ)
2589 5239 2840 5313 Χριστόν,

750 5303 842 5378 φῦ
858 5301 1076 5378 -Ᾱογου,
1105 5301 1203 5378 dig:
1225 5301 1383 5378 φωνὴΔ
1407 5301 1778 5378 παρεμϐολῆς,
1802 5313 1946 5378 Δεις..
1992 5304 2177 5378 εἴρηκε
2203 5301 2298 5378 τοῦ
2590 5301 2907 5378 Λογισμοίς.

751 5371 884 5424 θεοῦ
919 5373 1107 5440 Λόγον.
1135 5373 1340 5425 υῦκοῦν
1364 5375 1390 5424 ὁ
1420 5371 1598 5436 ἱκανὸς
1632 5374 1770 5494 χειρὶ
1791 5375 1818 5425 ὁ
1839 5373 1968 5432 Θεὸς
1998 5371 2168 5439 Λογος
2190 5373 2296 5441 εἴη.
2481 5371 2555 5445 (ιι)
2584 5371 2690 5431 Ka‘t
2717 5371 2852 5458 μετὰ
2870 5371 3103 5432 ίάσεϐὦν
3127 5377 3209 5444 οὐ,
3239 5386 3344 5433 etc.

751 5443 920 5494 Αὑτὸν
967 5445 1122 5494 (fort.
1147 5443 1338 5494 αὐτὸς)
1378 5439 1468 5494 οὖν
1509 5445 1598 5494 τὸν
1639 5444 1848 5494 ψωμὸν
1890 5443 2152 5494 προφέρει
2192 5460 2204 5471 ο
2243 5443 2302 5494 τὸ
2481 5448 2557 5494 {:‘Sl
2591 5451 2781 5494 Wuvn:
2817 5468 2914 5494 mm

751 5443 929 5519 Δῴτον⁸
967 5445 1122 5519 ([ονί.
1147 5443 1355 5519 αὐτος)-
1378 5439 2152 5519 οιῧν-τὸν-’ψαλμον-προφέρει
2192 5460 2204 5471 ο
2243 5439 2302 5519 τὸ
2591 5439 2781 5518 Ψυχῆς
2815 5468 2914 5519 μου

752 5451 920 5526 Afatwa
967 5451 1122 5528 ([ονι.
1147 5451 1338 5521 αὐτὸς)
1378 5451 1468 5495 οὑν
1509 5451 1848 5564 τονηψαλὲιον
1890 5451 2152 5530 προφέρει
2192 5460 2204 5471 ο
2243 5451 2302 5494 τὸ

752 5513 1310 5651 ᾇέἷὲἑέτέἓῖοέονταυθα
1329 5513 1538 5583 ψαλμος
1562 5533 1638 5583 τῳ
1662 5516 1734 5566 Aa.
1778 5515 1839 5566 ίο.
1858 5515 2062 5582 Είρηκα
2074 5531 2172 5582 μεν
2195 5512 2303 5583 γὰρ

1707 5451 1848 5564 ιὶὲιον
1890 5451 2152 5530 προφέρει
2192 5460 2204 5471 ο
2243 5451 2302 5494 τὸ
2480 5451 2557 5588 (ὅ)
2591 5451 2781 5532 Ψυχῆς
2815 5468 2914 5519 μου
3105 5519 3116 5529 .

1707 5532 1734 5566 α
1778 5515 2172 5582 ίο.Είρηκαμεν
2195 5512 2303 5583 γὰρ
2501 5519 2554 5589 6)
2589 5521 2717 5583 Kat,
2744 5533 2846 5574 etc.
2885 5521 3071 5573 desunt
3100 5535 3153 5571 tn
3193 5518 3313 5571 cod.

755 5592 984 5648 ψαλμός,
1009 5592 1114 5638 etc.

825 5694 898 5773 (α)
931 5695 1010 5758 Σ..
1039 5696 1124 5773 e_.,
1159 5696 1349 5768 βροντὴ
1384 5697 1515 5773 Θεοῦ
1557 5699 1762 5751 imos.
1800 5668 1880 5762 0',
1913 5698 2059 5768 φωνὴ
2095 5696 2226 5748 Θεοῦ
2264 5695 2423 5748 σαδδα

2332 5695 2463 5750 δδαί.
2495 5699 2596 5762 Ἀ.,
2635 5698 2836 5753 ἱκανοῦ.
2879 5698 3101 5753 Hexaol.
3129 5697 3277 5767 Orig.
3307 5713 3391 5767 np.
3429 5697 3718 5752 Montl'auc.
3739 5695 3841 5748 Vo:
3871 5686 3935 5741 ΒΑ

759 5770 1141 5830 omnipotentis,
1173 5785 1311 5823 vers.
1352 5770 1494 5830 vulg.
