4084 6322
159 353 268 414 741
1053 361 1144 418 DE
1183 362 1456 420 TITULIS
1493 363 1934 425 PSALMORUM.
1977 404 2044 415 --
2082 372 2275 430 PSAL.
2316 375 2501 435 XXVI.
3294 392 3398 448 74‘2

236 468 328 525 19.
361 468 461 526 Ὧν
494 471 554 525 ἐν
582 470 770 542 χερσὶν
793 473 848 529 αἱ
877 474 1124 546 ἀνομίαι·
1769 490 1814 544 Α

1769 490 1814 544 Α
1914 484 1998 538 19.
2027 486 2083 540 In
2119 504 2350 558 quorum
2379 495 2630 552 manibus
2660 496 2973 569 iniquitates
3001 510 3156 569 sunt;

233 562 324 617 20.
368 564 430 616 Ἥ
461 564 611 631 δεξιά
633 565 812 620 αὐτῶν
840 567 1081 640 ἐπλήσθη
1115 568 1318 640 δώρων.

1905 575 1992 630 20.
2030 577 2256 635 Dextera
2286 597 2474 639 eorum
2506 589 2703 658 repleta
2731 562 2813 646 e-st
2843 595 3181 651 muneribus.

231 652 325 710 21.
367 656 508 726 Ἐγὼ
540 659 595 711 δὲ
622 660 679 712 ἐν
705 660 909 731 άκακὶᾳ
931 679 1034 730 μου
1061 662 1364 733 ἐπορεύθην
1385 681 1398 695 ·

1904 666 2003 727 21.,
2024 667 2135 738 Ego
2160 681 2336 727 autem
2361 675 2414 729 in
2439 677 2744 734 innocentia
2777 699 2895 738 mea
2923 686 3202 756 ingressus
3232 701 3390 743 sum:

237 747 332 802 22.
364 748 650 819 Λύτρωσαί
682 768 770 820 με,
799 751 990 823 Κύριε,
1025 755 1119 805 καὶ
1147 753 1365 824 ἐλέησόν
1396 772 1483 826 με.

1286 754 1365 807 τόν
1396 772 1483 826 με.
1902 758 1989 811 22.
2029 759 2252 817 Redime
2281 781 2386 828 me,
2413 777 2466 821 et
2489 771 2745 826 miserere
2772 775 2899 829 mei.

230 837 323 894 25.
369 840 426 892 Ὁ
459 841 594 904 ποῦς
629 860 728 913 μου
767 845 897 914 ἔστη
934 845 990 897 ἐν
1017 845 1303 915 εὐθύτητι’

1217 863 1268 898 τι
1289 863 1303 877 ο
1902 848 1990 900 23.
2027 849 2128 905 Pes
2155 869 2304 908 meus
2328 859 2474 911 stetit
2508 860 2559 912 in
2593 862 2828 918 directo:

225 927 320 984 24.
366 931 452 983 Ἐν
487 932 806 1005 ἐκκλησίαις
836 935 1114 1007 εὐλογήσω
1150 953 1229 1001 σε,
1265 937 1455 1009 Κύριε.

1901 940 1990 992 24.
2027 941 2084 996 In
2115 943 2370 1003 Ecclesiis
2396 950 2707 1008 benedicam
2731 965 2802 1020 te,
2831 955 3077 1013 Domine.

159 1083 410 1153 Ψαλμὸς
438 1086 516 1151 τῷ
534 1087 729 1154 Δαϐίδ,
759 1088 871 1159 πρὸ
895 1090 997 1145 τοῦ
1014 1091 1354 1161 χρισθῆναι.
1395 1098 1561 1151 ‘FAA.
1581 1100 1723 1165 KCI'.

1830 1094 2076 1154 Psalmus
2102 1103 2292 1170 David,
2322 1107 2623 1177 priusquam
2652 1111 2914 1168 (iniretur.
2941 1114 3140 1170 PSAL.
3171 1115 3276 1171 XX
3291 1116 3383 1171 VI.

228 1239 281 1295 1.
313 1242 516 1312 Κύριος
538 1248 813 1319 φωτισμός
850 1267 948 1320 μου
983 1253 1076 1304 καὶ
1105 1255 1288 1326 σωτήρ
1317 1272 1438 1325 μου,
1474 1256 1592 1308 τίνα
1626 1274 1722 1326 φο-

1895 1254 1945 1306 i.
1981 1253 2240 1314 Dominus
2281 1261 2608 1320 illuminatio
2641 1282 2761 1323 mea
2783 1280 2837 1324 et
2872 1270 3019 1326 salus
3051 1287 3192 1341 mea,
3224 1289 3387 1342 quem

151 1332 502 1405 6ηθήσομαι;

447 1354 502 1400 .ι;
1824 1346 2060 1402 timebo?

219 1427 280 1480 2.
317 1429 520 1500 Κύριος
549 1433 956 1508 ὑπερασπιστὴς
980 1436 1078 1508 τῆς
1107 1436 1253 1508 ζωῆς
1285 1456 1408 1510 μου,
1441 1440 1548 1493 ἀπὸ
1573 1441 1716 1505 τίνος

1887 1439 1942 1494 2.
1993 1439 2256 1498 Dominus
2296 1451 2571 1512 protector
2615 1447 2735 1502 vita:
2785 1464 2996 1515 meaa,a
3048 1469 3156 1523 quo
3211 1458 3380 1527 trepi-

142 1516 404 1572 δειλιάσω
425 1537 439 1585 ;

386 1537 439 1585 οἱ
1817 1531 1999 1586 dabo?

218 1611 276 1664 5.
317 1613 407 1664 Ἐν
439 1613 516 1682 τῷ
545 1613 778 1682 ἐγγίζειν
812 1619 896 1671 ἐπ’
921 1619 1019 1690 ἐμὲ
1047 1620 1367 1686 κακοῦντας,
1395 1622 1486 1677 τοῦ
1524 1626 1716 1693 φαγεῖν

1886 1624 1938 1677 5.
1973 1622 2108 1677 Dum
2161 1621 2593 1692 appropinquant
2644 1639 2806 1695 super
2852 1643 2938 1684 me
2985 1646 3266 1700 nocentes,
3319 1649 3377 1694 ut

139 1701 244 1765 τὰς
277 1703 486 1772 σάρκας
512 1723 610 1774 μου
635 1723 648 1737 ·

1813 1717 1976 1770 edant
1997 1729 2188 1768 carnes
2219 1729 2402 1779 meas;

212 1793 270 1846 4.
301 1797 366 1847 Oi
394 1796 662 1863 θλίϐοντες
706 1819 773 1871 με
803 1803 896 1855 καὶ
918 1805 966 1856 οἱ
1006 1805 1186 1878 ἐχθροί
1217 1824 1337 1878 μου,
1365 1808 1519 1861 αὐτοὶ
1544 1805 1708 1878 ὴσθὲ-
1744 1831 1787 1887 Β

1761 1832 1787 1886 Β
1885 1807 1935 1860 4.
1969 1805 2073 1871 Qui
2120 1804 2382 1859 tribulant
2428 1819 2513 1857 me
2559 1805 2762 1863 inimici
2807 1811 2934 1876 mei,
2972 1813 3072 1883 ipsi
3123 1815 3374 1874 inﬁrmati

140 1899 206 1953 νη
215 1900 317 1935 σαν
343 1887 435 1938 καὶ
461 1885 678 1942 ἔπεσαν.
1744 1885 1753 1887 ν

1744 1885 1775 1887 7
1815 1908 1940 1955 sunt
1960 1909 2014 1952 et
2046 1897 2378 1952 ceciderunt.

213 1974 269 2028 5.
317 1977 443 2030 Ἐὰν
487 1980 862 2053 παρατάξηται
896 1985 982 2037 ἐπ’
1003 1986 1102 2056 ἐμὲ
1130 1987 1467 2060 παρεμϐολὴ,
1505 1991 1565 2043 οὐ
1615 2010 1712 2063 φο-

1882 1990 1934 2044 5.
1968 1989 2023 2042 Si
2060 1990 2361 2043 consistant
2383 1988 2670 2044 adversum
2705 2007 2791 2048 me
2831 2003 3011 2051 castra
3037 2038 3050 2062 ,
3081 2015 3189 2054 non
3213 2002 3373 2056 time-

139 2065 441 2137 ϐηθήσεται
473 2073 503 2140 ἡ
538 2073 734 2142 καρδία
759 2091 887 2145 μουο

649 2073 734 2127 δία
759 2091 887 2145 μουο
1821 2083 1902 2139 bit
1924 2097 2019 2136 cor
2047 2096 2226 2135 meum
2251 2099 2262 2134 :

211 2156 266 2211 6.
313 2160 438 2213 Ἐὰν
468 2162 744 2237 ἐπαναστῇ
771 2167 858 2219 ἐπ’
894 2167 994 2239 ἐμὲ
1029 2169 1282 2242 πόλεμος,
1317 2172 1376 2226 ἐν
1397 2173 1570 2247 ταύτῃ
1601 2177 1712 2246 ἐγὼ

1879 2174 1931 2229 6.
1967 2173 2023 2227 Si
2053 2181 2311 2242 exsurgat
2341 2172 2628 2230 adversum
2663 2191 2748 2232 me
2779 2179 3045 2248 praelium,
3077 2182 3252 2240 inhoc
3277 2202 3371 2258 ego

136 2250 348 2316 ἐλπίζω
385 2252 595 2325 [ἐλπιῶ

453 2255 595 2308 λπιῶ
613 2257 655 2330 ].
1817 2268 2063 2338 sperabo.

209 2341 263 2396 7.
293 2345 437 2398 Μίαν
471 2348 759 2421 ᾐτησάμην
792 2352 942 2424 παρὰ
978 2355 1205 2426 Κυρίου,
1234 2358 1437 2430 ταύτην
1467 2359 1706 2432 ζητήσω,

1542 2363 1706 2432 τήσω,
1884 2360 1937 2414 7.
1969 2359 2145 2415 Unam
2180 2359 2309 2428 petii
2343 2373 2372 2412 a
2407 2356 2655 2423 Domino,
2685 2359 2824 2415 hanc
2857 2364 3155 2431 requiram,

204 2433 260 2489 8.
299 2437 405 2489 Τοῦ
434 2445 707 2494 κατοικεῖν
756 2460 822 2512 με
865 2445 922 2499 ἐν
978 2445 1111 2516 οἴκῳ
1153 2448 1356 2518 Κυρίου
1396 2452 1569 2515 πάσας
1609 2454 1707 2516 τὰς

1881 2455 1933 2506 8.
1967 2451 2037 2506 Ut
2070 2453 2364 2508 inhabilem
2396 2451 2451 2506 in
2475 2452 2638 2507 domo
2665 2452 2878 2509 Domini
2901 2459 3156 2514 omnibus
3181 2460 3366 2518 diebus

133 2526 353 2597 ἡμέρας
379 2529 475 2598 τῆς
502 2529 644 2600 ζωῆς
675 2549 775 2601 μου
801 2573 820 2600 .

502 2529 644 2600 ζωῆς
675 2549 775 2601 μου
801 2573 820 2600 ν
1808 2544 1930 2598 vita:
1956 2559 2108 2609 meae,

1258 2645 1637 2704 ATHANASH
1673 2645 2256 2703 INTERPRETATIO.

207 2730 292 2786 19.
325 2731 443 2784 Τῶν
464 2733 550 2786 διὰ
575 2735 802 2790 πλοῦτον
830 2738 1208 2796 ἐκκλινάντων.

1884 2746 1972 2800 19.
2005 2743 2085 2798 Ob
2111 2744 2326 2799 divitias
2349 2744 2734 2802 declinantinm
2764 2749 2821 2821 [α
2852 2751 2959 2822 lege
2991 2755 3128 2827 tua].

203 2822 294 2878 20.
325 2824 570 2896 Ἐτοιμοι
600 2822 738 2898 ἦσαν
765 2829 853 2882 ἀεὶ
885 2835 1151 2884 συναινεῖν
1188 2833 1246 2886 ἐν
1280 2852 1427 2906 πασῃ
1451 2836 1653 2908 ἀδικίᾳ.

1875 2837 1963 2890 20.
1988 2835 2231 2906 Prompti
2255 2853 2467 2908 semper
2489 2851 2644 2895 erant
2666 2841 2732 2896 ad
2755 2822 3198 2902 consentiendum
3219 2853 3362 2906 omni

1810 2928 2107 2996 injustitim.

201 2998 291 3054 21.
317 3001 428 3054 Οὐκ
457 3002 515 3053 ἐν
541 3001 696 3073 δόλῳ,
729 3003 827 3056 οὐκ
856 3006 914 3056 ἐν
940 3008 1296 3078 μνησικακίᾳ,
1345 3044 1347 3047 -

1871 3019 1960 3072 21.
2000 3018 2184 3090 Neque
2225 3021 2279 3075 in
2322 3021 2468 3088 dolo,
2495 3038 2667 3093 neque
2711 3025 2765 3079 in
2807 3029 3180 3086 recordatione
3221 3032 3335 3104 inju

1806 3126 2033 3164 narum.

193 3187 288 3241 22.
320 3188 427 3241 Καὶ
454 3187 547 3240 τοῦ
574 3189 668 3242 νῦν
702 3191 896 3255 αίῶνος
915 3193 1007 3246 τοῦ
1042 3195 1281 3266 πονηροῦ
1310 3195 1584 3268 λύτρωσαί
1609 3217 1696 3272 με,

1867 3202 1958 3257 22.
1987 3201 2050 3256 Et
2090 3218 2119 3256 a
2152 3202 2404 3270 pra’senti
2449 3203 2647 3256 saeculo
2700 3207 2845 3260 malo
2885 3207 3053 3264 libera
3080 3227 3188 3278 me,
3218 3225 3270 3268 et
3306 3217 3357 3270 in

125 3280 222 3333 καὶ
251 3281 313 3333 ἐν
340 3284 405 3352 τῇ
441 3281 704 3355 μελλούσῃ
737 3285 918 3355 κρίσει
944 3286 1162 3358 ἐλέησόν
1194 3305 1260 3357 με
1285 3289 1376 3360 (1).
1728 3310 1738 3355 ι

1728 3303 1768 3360 c
1804 3294 2217 3364 futurojudicio
2249 3294 2506 3349 miserere
2533 3296 2660 3350 mei.
3052 3314 3057 3318 '

207 3394 276 3446 Ἦ
313 3395 639 3468 προκειμένη
665 3398 944 3468 ἐπιγραφὴ
975 3400 1216 3470 περιέχει
1247 3401 1342 3471 (2)’
1379 3403 1622 3471 Ψαλμὸς
1654 3404 1729 3477 (5)
1761 3407 1839 3472 τῷ
1873 3408 2067 3472 Δαϐίδ,
2105 3409 2216 3478 πρὸ
2249 3409 2353 3463 τοῦ
2375 3409 2710 3478 χρισθῆναι.
2739 3413 2850 3484 Πρὸ
2891 3414 2982 3467 τοῦ
3015 3420 3355 3490 φωτίτματος

125 3489 205 3552 είς
241 3489 371 3553 τοὺς
391 3492 826 3562 κατηχουμένους
847 3495 1060 3564 εἴρηται
1089 3498 1116 3547 6
1142 3495 1445 3567 summu)
1467 3498 1544 3567 τῷ
1572 3500 1736 3552 Δαϐὶδ
1760 3503 1932 3554 είπεῖν
1958 3503 2034 3572 τῷ
2056 3505 2219 3556 Δαϐὶδ
2253 3500 2407 3574 [εἶπε
2436 3506 2511 3575 τῷ
2533 3508 2746 3577 Δα6ί6],
2775 3511 3015 3564 τουτέστι
3043 3514 3164 3578 τοῖς
3186 3489 3353 3579 ἐξου-

126 3584 495 3652 θεγημένοιςο
522 3585 679 3638 τοῦτο
706 3586 814 3656 γὰρ
843 3588 1202 3657 ἑρμηνεύεται
1230 3589 1290 3642 τὸ
1315 3590 1409 3641 τοῦ
1432 3591 1593 3644 Δαὸἱδ
1620 3592 1808 3664 ὄνομα,
1838 3596 2226 3665 ἐξουθένημα.
2253 3597 2481 3664 Λέγεται
2506 3599 2561 3651 δὲ
2592 3602 2684 3653 καὶ
2714 3602 2917 3668 ἱκανὸς
2947 3605 3114 3674 χειρὶ,
3138 3609 3228 3660 καὶ
3253 3625 3340 3663 πε-

123 3678 486 3748 ποθημένος,
522 3681 614 3733 καὶ
639 3679 853 3735 τοῦτον
872 3682 1161 3750 ἐπόθησα,
1187 3685 1280 3737 καὶ
1309 3681 1486 3750 οὗτος
1513 3687 1837 3755 ἀγαπητὸς,
1873 3688 1966 3741 καὶ
1998 3688 2104 3742 τὸν
2126 3689 2540 3758 πεποθημένον
2565 3689 2627 3762 [ὁ
2659 3694 2864 3763 πεποοη
2876 3696 3032 3763 μένος
3062 3698 3105 3769 Ῑν,
3136 3702 3228 3752 καὶ
3249 3703 3351 3768 μό-

123 3789 249 3838 νος.
280 3774 481 3826 Λοιπὸν
514 3775 649 3842 πρὸς
681 3776 780 3847 τὴν
803 3777 1123 3832 ἀκολουθίαν
1156 3779 1249 3833 τοῦ
1288 3779 1501 3851 ψαλμοῦ
1532 3781 1628 3852 τὴν
1656 3784 1950 3854 ἑρμηνείαν
1975 3784 2068 3837 τοῦ
2099 3785 2311 3855 ψαλμοῦ
2346 3784 2689 3856 λαμϐάνομεν
2735 3786 2859 3859 [τοῦ
2892 3790 3152 3860 ὀνόματος
3193 3793 3351 3847 Δαὸὶδ

121 3862 474 3936 λαμϐάνομεν

184 3953 407 4012 Titulus
444 3959 768 4026 praepositus
788 3967 1034 4014 continet
1061 3979 1074 4014 :
1104 3960 1352 4014 Psatmus
1381 3962 1547 4016 David
1580 3973 1860 4033 antequam
1917 3966 2180 4020 (iniretur.
2211 3967 2461 4023 Psalmus
2492 3969 2660 4024 David
2688 3971 2866 4027 dictus
2901 3984 2983 4028 est
3014 3977 3066 4029 in
3095 3981 3352 4035 catechu-

120 4063 314 4103 menos
342 4057 468 4103 ante
510 4049 962 4104 illuminationem
997 4051 1220 4122 (nempe
1243 4064 1364 4108 ante
1392 4055 1764 4126 baptismum).
1803 4057 1968 4120 Dixit,
2001 4057 2190 4123 David,
2223 4058 2327 4114 hoc
2370 4070 2452 4114 est
2501 4065 2827 4132 contemptis.
2872 4065 2945 4120 lta
2993 4071 3136 4123 enim
3185 4073 3352 4127 inter-

118 4151 367 4210 pretatur
391 4141 555 4195 David
588 4157 804 4207 nomen,
841 4145 1173 4212 contemptio.
1208 4144 1510 4212 Exponitur
1531 4147 1691 4201 etiam
1724 4155 1777 4201 et
1809 4164 1968 4200 manu
2006 4158 2206 4217 potens,
2240 4159 2293 4204 et
2327 4151 2674 4216 desideratus,
2703 4165 2756 4208 et
2794 4155 2930 4209 hunc
2959 4159 3268 4226 desideravi,
3296 4173 3349 4218 et

119 4233 201 4285 liic
223 4233 474 4296 dilectus,
502 4241 558 4286 et
595 4232 946 4300 desideratus,
979 4240 1034 4286 et
1057 4232 1218 4285 solus.
1256 4233 1521 4286 Caeterum
1551 4245 1948 4306 consequenter
1991 4238 2058 4292 ad
2083 4237 2359 4294 Psalmum
2393 4241 2888 4300 interpretationem
2917 4249 3153 4304 nominis
3182 4252 3346 4307 David

120 4342 450 4396 accipimus.

187 4419 240 4472 1.
279 4417 486 4487 Κύριος
513 4416 779 4485 φωτίζων,
823 4417 918 4474 καὶ
968 4418 1155 4483 σώςων
1210 4437 1278 4489 με
1322 4421 1386 4473 ἐκ
1435 4422 1681 4488 πάντων,
1716 4428 1760 4482 Ι)

1733 4428 1760 4481 )
1860 4425 1910 4479 1.
1939 4424 2202 4480 Dominus
2229 4426 2561 4492 illuminans,
2581 4439 2631 4484 et
2646 4446 2712 4485 ex
2730 4433 2984 4490 omnibus
2999 4436 3215 4495 salvans
3235 4456 3346 4507 me,

117 4510 252 4562 τίνα
279 4508 694 4578 φοϐηθήσομαι
717 4524 736 4570 ;

590 4525 694 4575 μαι
717 4524 736 4570 ;
1784 4527 1933 4580 quem
1969 4511 2155 4563 timebo
2179 4514 2203 4565 .9

179 4601 237 4655 2.
268 4600 476 4670 Κύριος
521 4598 775 4669 πρόνοιαν
815 4601 1047 4651 ποιεῖται
1084 4599 1184 4670 τῆς
1225 4601 1369 4672 ζωῆς
1415 4620 1537 4672 μου,
1568 4605 1686 4659 ἀπὸ

1852 4600 1905 4654 2.
1939 4598 2201 4656 Dominus
2242 4617 2426 4656 curam
2462 4603 2599 4672 gerit
2647 4603 2769 4659 vitae
2803 4622 2956 4673 meae,
2987 4626 3019 4664 a
3052 4626 3154 4681 quo
3182 4617 3343 4684 trepi-

115 4696 284 4762 τίνος
302 4690 589 4746 δεαιὰσω
615 4707 635 4754 ;

350 4690 589 4746 ειλιάσω
615 4707 635 4754 ;
1785 4693 1963 4746 dabo?

179 4787 236 4841 3.
275 4786 416 4848 Τοὺς
439 4784 698 4854 δαίμονας
719 4783 886 4852 λεγει.
1216 4775 1218 4778 ’

786 4801 886 4852 γει.
1216 4775 1218 4778 ’
1853 4783 1906 4837 5.
1947 4782 2226 4837 Daemones
2252 4782 2399 4837 dicit.

182 4876 235 4930 4.
267 4877 349 4944 (5)
381 4875 493 4938 Τὰς
513 4872 679 4938 αὑτὰς
710 4875 955 4939 ἐναντίας
977 4875 1234 4945 δυνάμεις
1265 4875 1430 4944 λέγει.

1325 4894 1430 4944 γει,
1857 4875 1909 4927 4.
1944 4875 2092 4942 lpsas
2121 4875 2423 4928 contrarias
2455 4884 2749 4943 potestates
2783 4878 2935 4933 dicit.

183 4969 236 5031 5,
271 4967 327 5021 6.
369 4967 495 5019 Ἐὰν
537 4969 812 5036 ἐπαναστῇ
861 4969 949 5020 ἐπ’
988 4968 1087 5038 ἐμὲ
1134 4968 1364 5039 πόλεμος
1415 4970 1605 5040 ὁρατὸς
1646 4969 1679 5042 ἢ

1857 4966 1910 5029 5,
1940 4965 1992 5019 6.
2022 4963 2080 5019 Si
2114 4975 2362 5035 exsurgat
2394 4967 2635 5020 adversus
2660 4985 2737 5020 me
2762 4971 2996 5037 prwlium
3020 4974 3229 5031 visibile
3245 4989 3337 5033 aut

114 5062 363 5133 ἀόρατος,
387 5061 445 5112 ἐν
473 5061 538 5129 τῇ
573 5059 751 5112 πίστει
790 5057 884 5111 τοῦ
924 5058 1125 5132 Κυρίου
1160 5061 1268 5129 ἐγὼ
1313 5061 1517 5126 ἐλπίζω
1554 5080 1676 5135 τρο-

1786 5058 2073 5125 invisibile,
2108 5059 2162 5112 in
2187 5058 2289 5112 [ide
2313 5057 2526 5113 Domini
2554 5076 2653 5129 ego
2686 5077 2877 5128 spero,
2909 5064 2961 5118 in
2998 5065 3177 5136 fugam
3208 5071 3333 5126 illud

115 5153 348 5205 ποῦσθαι
370 5150 552 5204 αὐτόν.

432 5150 552 5202 ιτόν.
1783 5152 2045 5204 converti.

179 5243 232 5296 Ἰ.
265 5243 413 5295 Μίαν
440 5242 652 5311 αίτηῒῖιν
676 5239 960 5311 ᾐτησάμην
991 5242 1140 5311 παρὰ
1164 5242 1392 5312 Κυρίου.

1854 5241 1906 5293 7.
1936 5240 2109 5295 Unam
2143 5244 2556 5312 postulationem
2587 5249 2851 5316 postulavi
2881 5266 2911 5305 a
2944 5251 3192 5310 Domino.

178 5334 230 5388 8.
268 5334 365 5395 Είς
395 5334 494 5403 τὴν
519 5332 837 5401 ἐπουράνιον
865 5331 1028 5385 αὑτοῦ
1065 5332 1359 5402 βασιλείαν.

992 5331 1028 5385 ιῦ
1065 5332 1359 5402 βασιλείαν.
1850 5332 1903 5386 8.
1940 5332 1997 5386 In
2030 5335 2235 5388 cmlesti
2269 5336 2386 5404 ejus
2421 5353 2605 5408 regno.

263 5475 267 5479 .
1055 5427 1356 5488 Addenda
1404 5434 1464 5488 et
1512 5426 1886 5506 corrigenda
1917 5443 1994 5486 ex
2025 5427 2159 5488 cod.
2193 5428 2393 5489 Vatic.

181 5545 349 5626 (1)
380 5547 466 5601 25.
508 5548 936 5626 Ἒεθμεμε-λίωμαι,
999 5549 1164 5617 λέγει,
1206 5552 1298 5604 ἐπὶ
1341 5551 1418 5603 σέ.
1473 5549 1538 5607 Ν.
1569 5552 1657 5606 24.
1945 5550 2015 5626 [ρ
2043 5550 2283 5626 ψαλμός.
2306 5554 2377 5606 Τὸ
2406 5553 2460 5605 δὲ
2482 5557 2656 5622 εἰπεῖν
2687 5556 2765 5626 τῷ
2792 5558 2970 5626 Δαδίδ,
3005 5569 3106 5615 etc.

129 5617 211 5670 Ἔν
232 5622 347 5680 τοῖς
370 5621 578 5681 πιστοῖς
607 5618 754 5681 λαοῖς
774 5618 979 5682 δοξάσω
1011 5637 1090 5672 σε.
1839 5621 1916 5689 (5)
1945 5618 2008 5674 Ν.
2042 5621 2094 5674 4.
2131 5617 2359 5744 Ὀϐμοίως
2382 5627 2508 5695 περὶ
2534 5617 2710 5680 αὐτῶν
2737 5617 2897 5695 λέγει.
2928 5617 2991 5684 Ν.
3020 5632 3070 5685 5.
3103 5631 3210 5695 Τὰς
3231 5634 3326 5688 αὖ·

181 5688 258 5744 (2)
303 5689 367 5739 Ἢ
397 5687 485 5740 διὰ
507 5687 605 5744 τῆς
632 5687 994 5744 κινναϐάρεως
1026 5707 1145 5744 περ.
1769 5688 1884 5744 τάς.
1915 5699 1998 5744 etc
2027 5731 2040 5744 .
2079 5689 2141 5744 N.
2212 5731 2225 5744 .
2275 5695 2415 5744 Ἐάν.
2449 5706 2548 5744 etc.

239 5689 258 5757 )
303 5689 367 5739 Ἠ
397 5687 485 5740 διὰ
507 5687 605 5756 τῆς
632 5687 994 5758 κινναϐάρεως
1026 5707 1145 5760 περ.
1769 5706 1794 5741 τ

181 5688 255 5826 8)
281 5757 508 5826 Ψαλμός
537 5759 679 5812 deest
712 5760 766 5811 in
798 5759 910 5812 cod.

934 5706 994 5752 υς
1026 5707 1145 5760 περ.
1769 5687 1998 5753 τάφοις
2027 5731 2040 5754 ,
2079 5689 2141 5744 Ν.
2174 5687 2225 5744 6.
2275 5695 2415 5758 Ἐάν,
2449 5687 2547 5750 etc.

202 5757 255 5825 3)
281 5757 508 5829 Ψαλμός
537 5759 679 5812 deest
712 5760 766 5811 in
798 5757 910 5812 cod.
