4068 6318
742 373 845 426 m
1579 358 1634 412 s.
1678 354 2053 410 ATHANASII
2097 351 2245 410 opp.
2287 337 2466 405 PARS
2507 351 2596 405 ιιι.
2638 381 2708 392 -
2745 349 3155 406 EXEGETICA.
3871 357 3948 407 m

812 486 867 541 9.
895 480 963 538 Ut
984 481 1196 536 videam
1223 477 1555 548 voluptatem
1581 474 1826 539 Domini,
2337 473 2383 530 Α

2337 473 2383 530 Α
2479 467 2530 521 9.
2560 465 2664 518 Τοῦ
2698 466 2922 541 Θεωρεῖν
2951 484 3016 537 με
3049 465 3146 536 τὴν
3187 464 3520 536 τερπνότητα
3556 463 3758 533 Κυρίου
3785 505 3797 524 ,

814 573 901 629 10.
939 572 1006 626 Et
1031 571 1243 625 visitem
1278 559 1535 636 templum
1567 573 1814 620 sanctum
1852 561 1990 628 ejus.

2483 555 2567 610 10.
2603 558 2708 610 Καὶ
2741 556 3164 611 ἐπισκέπτεσθαι
3186 557 3276 609 τὸν
3304 556 3428 609 ναὸν
3453 556 3544 609 τὸν
3568 558 3724 624 ἅγιον
3749 555 3918 609 αὐτοῦ.

812 666 900 720 11.
930 663 1199 729 Quoniam
1223 657 1506 713 abscondit
1536 673 1621 711 me
1650 657 1702 710 in
1735 651 2090 710 tabernaculo
2117 665 2239 712 suo,

1970 651 2090 707 culo
2117 665 2239 712 suo,
2482 645 2568 699 11.
2599 647 2719 700 Ὀτι
2743 647 2944 719 ἔκρυψέ
2980 665 3045 718 με
3072 649 3129 700 tv
3162 649 3332 717 σκηνῇ
3376 645 3540 698 αὐτοῦ
3562 686 3576 710 ,

816 758 901 811 12.
932 754 991 808 ιιι
1027 754 1112 807 die
1147 751 1416 806 malorum
1449 764 1696 804 meorum
1725 746 1958 818 protexit
1985 759 2070 799 me
2096 743 2151 796 in
2183 741 2312 796 abs-

2480 737 2568 794 12.
2617 738 2703 790 Ἐν
2733 739 2915 809 ἡμέρᾳ
2931 738 3112 792 κακῶν
3138 757 3236 809 μου
3268 738 3342 810 (a)
3375 737 3646 792 ἐσκέπασέ
3660 755 3727 809 με
3754 739 3810 790 tv
3838 741 3945 791 ἀπο·

744 846 960 906 condito
988 845 1322 901 tabernaculi
1353 843 1458 897 sui.

2414 827 2605 901 κρύφῳ
2626 828 2725 897 τῆς
2760 829 2964 899 σκηνῆς
2990 829 3178 882 αὑτοῦ.

815 943 899 995 15.
934 931 990 993 ιὶι
1020 950 1168 1009 petra
1200 937 1452 991 exallavit
1481 949 1604 997 me;

2483 920 2569 973 15.
2615 920 2702 972 Ἐν
2729 920 2906 992 πέτρᾳ
2935 921 3116 991 ὕψωσέ
3142 939 3228 992 με.

814 1033 902 1088 14.
933 1033 995 1086 Ει
1019 1046 1159 1085 nunc
1185 1045 1311 1084 ecce
1341 1027 1599 1083 exaltavit
1621 1031 1786 1094 caput
1813 1034 1991 1075 meum
2018 1032 2182 1088 super
2209 1015 2314 1069 ini-

2486 1013 2570 1066 14.
2600 1014 2710 1066 Καὶ
2729 1013 2822 1065 νῦν
2847 1014 2952 1065 ἰδοὺ
2979 1014 3159 1084 {idmst
3189 1014 3431 1087 κεφαλήν
3465 1032 3566 1085 μου
3614 1017 3702 1068 ἐπ’
3751 1015 3945 1086 ἐχθρούς

746 1127 920 1180 micos
954 1139 1126 1179 meos.
2416 1120 2540 1174 μου·

816 1215 901 1269 15.
935 1213 1195 1277 Circuivi,
1229 1221 1281 1266 et
1318 1208 1591 1265 immolavi
1629 1205 1682 1259 in
1704 1201 2050 1259 tabernaculo
2074 1199 2192 1268 ejus
2217 1197 2315 1252 ho-

2486 1197 2572 1251 15.
2617 1197 2948 1265 Ἑκύκλωσα,
2993 1199 3083 1251 καὶ
3123 1198 3285 1253 ἔθυσα
3312 1200 3452 1270 ὲντῇ
3483 1203 3654 1271 σκηνῇ
3693 1197 3848 1252 αὑτοῦ
3875 1200 3947 1251 Θυ-

744 1307 901 1360 stiam
931 1307 1106 1360 laudis
1145 1313 1198 1358 et
1221 1300 1598 1374 jubilationis:

2415 1288 2530 1342 σίαν
2563 1289 2634 1361 (b)
2669 1291 2924 1353 αἰνέσεως
2951 1292 3045 1344 καὶ
3074 1290 3408 1360 ἀλαλαγμοῦ·

815 1398 900 1452 16.
940 1398 1205 1460 Cantabo,
1238 1404 1290 1450 et
1320 1394 1590 1465 psalmum
1617 1389 1793 1443 dicam
1825 1385 2078 1440 Domino.

1787 1407 1793 1440 ι
1825 1385 2078 1440 Domino.
2482 1382 2566 1435 16.
2605 1384 2753 1453 ’ᾼσω
2785 1384 2875 1436 καὶ
2897 1382 3050 1453 ψαλῶ
3083 1382 3158 1452 τῷ
3185 1381 3393 1453 Κυρίῳ.

815 1492 902 1546 17.
934 1490 1162 1556 Exaudi,
1191 1489 1435 1553 Domine,
1467 1498 1656 1539 vocem
1702 1495 1896 1546 meam,
1927 1493 2034 1549 qua
2084 1476 2315 1531 clamavi

2485 1473 2571 1526 17.
2607 1474 2954 1537 Είσάκουσον,
2990 1473 3180 1545 Κύριε,
3203 1475 3302 1544 τῆς
3355 1474 3536 1543 φωνῆς
3564 1491 3687 1544 μου,
3738 1469 3803 1545 ἧς
3850 1475 3945 1526 ἐκέ-

751 1575 819 1630 ad
854 1585 946 1630 te:

2413 1565 2588 1637 κραξα
2617 1565 2752 1635 πρὸς
2783 1566 2840 1618 σέ
2868 1566 2939 1637 (c)
2965 1584 2977 1595 ·

815 1670 902 1723 18.
938 1667 1193 1729 Miserere
1217 1664 1343 1728 mei,
1378 1671 1433 1717 et
1465 1660 1660 1716 exaudi
1695 1675 1803 1713 me.

2486 1657 2571 1711 18.
2614 1657 2861 1726 Ἐλέησόν
2894 1675 2981 1727 με,
3015 1659 3108 1710 καὶ
3135 1659 3447 1711 εἰσάκουσον
3481 1677 3602 1729 μου.

815 1759 901 1812 19.
933 1756 1050 1809 Τιὺί
1079 1755 1214 1808 dixit
1245 1769 1338 1808 cor
1371 1766 1548 1805 meum
1577 1770 1587 1804 :
1623 1749 1912 1804 Dominum
1943 1761 2205 1817 quaeram.

2486 1748 2572 1802 19.
2599 1748 2687 1800 Σοὶ
2711 1744 2860 1800 εἶπεν
2891 1750 2922 1818 ὴ
2955 1748 3147 1819 καρδία
3184 1767 3281 1818 μου
3307 1764 3320 1776 ’
3359 1750 3561 1820 Κύριον
3591 1751 3831 1822 ζητήςω,

811 1849 901 1903 20.
939 1848 1242 1917 Exquisirit
1267 1855 1315 1899 te
1339 1844 1502 1898 facies
1532 1859 1682 1898 mea:
2343 1831 2386 1888 Β

2343 1831 2386 1888 Β
2474 1838 2562 1892 20.
2604 1839 2924 1911 Ἐξεζήτησὲ
2954 1857 3012 1892 σε
3035 1841 3096 1892 τὸ
3128 1841 3414 1911 πρόσωπόν
3451 1859 3550 1911 μου
3572 1859 3583 1872 ·

808 1940 895 1993 21.
931 1938 1142 1991 Faciem
1180 1945 1347 2000 luam,
1379 1933 1622 1998 Domine,
1658 1931 1956 2000 requiram.

2483 1930 2571 1984 2|.
2607 1930 2678 1982 Τὸ
2709 1931 2993 2001 πρόσωπόν
3024 1949 3138 1995 σου,
3172 1934 3361 2002 Κύριε,
3398 1932 3634 2003 ζητήσω.

807 2031 897 2084 22.
929 2029 1004 2082 Ne
1034 2038 1244 2082 avertas
1273 2028 1464 2080 faciem
1489 2037 1635 2079 tuam
1670 2039 1699 2076 a
1734 2038 1819 2075 me
1860 2041 1870 2075 :

2488 2023 2576 2076 22.
2609 2023 2698 2094 Μὴ
2727 2024 3070 2096 ἀποστρέψῃς
3096 2025 3154 2078 τὸ
3183 2026 3471 2096 πρόσωπόν
3504 2042 3596 2078 σου
3628 2026 3722 2077 ἀπ’
3765 2023 3920 2094 ἐμοῦ·

812 2122 902 2174 23.
936 2120 997 2174 Et
1024 2135 1090 2174 ne
1120 2120 1357 2174 declines
1390 2118 1442 2170 in
1475 2117 1548 2168 ira
1579 2130 1608 2169 a
1645 2127 1800 2168 servo
1826 2122 1939 2166 tuo.

2485 2116 2573 2170 23.
2602 2118 2710 2168 Καὶ
2749 2117 2821 2188 μὴ
2854 2117 3102 2190 ἐκκλίνῃς
3134 2119 3192 2171 ἐν
3217 2118 3352 2189 ὀργῇ
3383 2119 3488 2172 ἀπὸ
3515 2118 3610 2170 τοῦ
3647 2118 3832 2171 δούλου
3857 2133 3949 2167 σου.

811 2214 902 2267 21.
937 2213 1164 2282 Adjutor
1195 2222 1344 2265 meus
1369 2219 1507 2274 esto,
1535 2225 1600 2262 ne
1628 2207 1973 2275 derelinquas
2009 2220 2130 2259 me:

2484 2207 2572 2261 24.
2601 2209 2801 2278 Βοηθός
2832 2227 2930 2279 μου
2959 2211 3137 2277 γενοῦ,
3177 2212 3250 2284 μὴ
3283 2211 3697 2281 ἀποσκορπίσῃς
3738 2226 3806 2279 με
3826 2224 3838 2238 ·

811 2302 899 2354 25.
935 2300 1119 2370 Neque
1151 2301 1417 2371 despicias
1445 2315 1549 2364 me,
1587 2298 1727 2352 Deus
1757 2296 2009 2351 salutaris
2033 2309 2208 2348 meus.

2484 2299 2573 2351 25.
2602 2299 2709 2351 Kal.
2742 2300 2815 2369 μὴ
2842 2301 3209 2372 ὲγκαταλίπῃς
3233 2319 3321 2370 με,
3343 2302 3371 2352 ὁ
3403 2301 3533 2363 Θεὸς
3556 2302 3584 2352 ὁ
3612 2300 3797 2369 σωτήρ
3823 2314 3923 2368 μου.

815 2392 904 2446 26.
930 2393 1197 2458 Quoniam
1247 2403 1400 2462 pater
1439 2407 1591 2449 mens
1639 2399 1692 2444 et
1737 2399 1909 2443 mater
1951 2403 2070 2441 mea
2113 2385 2310 2442 dereli-

2484 2389 2570 2442 26.
2616 2389 2786 2442 Ὀτιὸ
2827 2391 3009 2462 πατὴρ
3053 2409 3150 2462 μου
3183 2393 3336 2464 καὶὴ
3386 2393 3567 2465 μήτηρ
3615 2410 3714 2463 μου
3759 2391 3948 2459 ἐγκατὲ·

748 2496 983 2555 querunt
1016 2501 1140 2538 me:

1085 2501 1102 2538 Ξ
1128 2503 1140 2538 :
2412 2477 2569 2531 λιπόν
2596 2495 2662 2549 με
2679 2495 2691 2508 ο

813 2577 902 2630 27.
942 2575 1203 2630 Dominus
1236 2584 1413 2630 autem
1444 2574 1738 2641 assumpsit
1767 2587 1872 2627 me.

2482 2569 2572 2623 27.
2619 2571 2675 2623 '0
2699 2571 2755 2625 δὲ
2781 2571 2984 2644 Κύριος
3016 2574 3379 2645 προσελάϐετό
3406 2591 3494 2645 με.

811 2668 901 2724 28.
938 2667 1132 2735 Legem
1163 2683 1299 2737 pone
1329 2667 1481 2733 mihi,
1516 2665 1765 2730 Domine,
1796 2665 1850 2718 in
1881 2664 1965 2717 via
2004 2671 2094 2716 tua
2124 2681 2135 2715 :

2486 2658 2576 2712 28.
2605 2661 2980 2733 Νομοθέτησόν
3007 2683 3096 2734 με,
3124 2666 3315 2737 Κύριε,
3350 2669 3406 2719 tv
3434 2668 3501 2738 τῇ
3533 2663 3642 2736 ὁδῷ
3674 2681 3787 2717 σου·

814 2779 890 2852 (τι)
921 2779 1333 2852 ξξὶείάρείιιίιιι.
1368 2780 1428 2832 11
1467 2779 1519 2832 in
1546 2777 1866 2852 codtBarb.

815 2848 888 2918 (ὁ)
923 2848 985 2903 ν.
1027 2851 1109 2913 16,
1143 2850 1365 2914 Θυσίαν,
1397 2858 1526 2912 etc.,
1553 2849 1632 2918 τῷ
1662 2849 1869 2920 Κυρίῳ.

817 2923 890 2993 (ε)
926 2921 1066 2992 Πρὸς
1098 2921 1156 2973 σέ
1184 2922 1382 2975 desunt
1413 2921 1469 2973 in
1497 2921 1620 2973 cod.

1871 3032 2240 3088 ATHANASII
2273 3028 2854 3088 INTERPRETATIO.

816 3193 871 3256 9,
899 3192 985 3247 10.
1011 3193 1251 3248 Gloriam
1278 3193 1416 3264 ejus.
2347 3197 2388 3254 C

2347 3197 2388 3254 C
2490 3187 2544 3254 9,
2585 3188 2668 3241 10.
2701 3187 2810 3259 Τὴν
2840 3187 2996 3252 δόξαν
3025 3187 3188 3242 αὑτοῦ
3221 3190 3317 3259 (1).

818 3282 903 3338 11.
933 3282 999 3339 Ut
1027 3300 1109 3338 me
1137 3285 1432 3339 custodiret
1457 3284 1511 3338 in
1531 3281 1785 3354 puritate,
1805 3283 2043 3337 animam
2069 3292 2123 3336 et
2147 3296 2317 3336 mem-

2491 3281 2578 3334 11.
2607 3279 2896 3333 Φυλὰττειν
2930 3297 2997 3350 με
3048 3282 3106 3333 tv
3140 3282 3330 3353 ἁγνείᾳ
3352 3319 3366 3343 ,
3420 3281 3518 3352 τὴν
3551 3280 3730 3353 ψυχὴν
3771 3284 3855 3337 καὶ
3893 3284 3945 3335 τὰ

761 3374 853 3429 bra
889 3391 1028 3431 mea.

2421 3370 2556 3441 μέλη
2585 3389 2709 3442 μου.

821 3466 906 3521 12.
933 3467 1215 3522 lntirmum
1241 3484 1326 3522 me
1347 3468 1584 3537 peccatis
1608 3466 1820 3522 sanavit
1840 3465 2099 3520 Dominus
2125 3465 2175 3518 in
2201 3465 2318 3534 ejus

2489 3461 2575 3515 12.
2620 3461 2972 3515 Ἀσοενοῦντέι
3008 3481 3071 3533 με
3108 3465 3164 3515 ὲν
3213 3464 3508 3534 ἁμαρτίαις
3563 3464 3753 3518 ἰάσατο
3794 3467 3845 3518 tv
3886 3466 3944 3532 τῷ

750 3557 1039 3624 baptismo,
1067 3565 1121 3610 et
1162 3557 1398 3626 seipsum
1433 3574 1518 3612 me
1549 3559 1744 3612 induit.
1781 3556 1916 3612 Nam
1942 3558 2316 3628 baptisterium

2419 3555 2751 3627 βαπτίσματι
2778 3556 2964 3620 αὑτοῦ,
3011 3556 3105 3609 καὶ
3145 3557 3332 3609 ἑαυτόν
3378 3575 3444 3627 με
3492 3559 3730 3612 ἐνέδυσε.
3768 3559 3834 3610 Τὸ
3859 3558 3942 3628 γὰρ

750 3658 830 3703 est
862 3649 1014 3703 locus
1041 3650 1392 3706 absconditus
1417 3651 1692 3706 Ecclesiae.

2418 3651 2775 3719 φωτιστήριον
2806 3649 3118 3720 ἁπόκρυφόν
3148 3649 3261 3701 ἐστι
3290 3649 3390 3718 τῆς
3435 3650 3778 3721 Ἐκκλησίας.

819 3743 904 3795 15.
938 3741 1249 3798 ASditicavit
1281 3761 1364 3799 me
1393 3745 1656 3800 Dominus
1691 3746 1745 3798 in
1776 3745 1914 3813 ipso.

2491 3739 2575 3793 15.
2625 3739 2950 3809 ᾩκοδὸμησέ
2987 3755 3053 3808 με
3082 3741 3108 3790 ὁ
3134 3739 3333 3809 Κύριος
3363 3741 3418 3792 tv
3442 3741 3609 3810 αὐτῷ.

825 3831 910 3884 14.
949 3831 1014 3886 Et
1045 3833 1315 3888 dominari
1350 3837 1584 3889 inimicis
1611 3835 1746 3888 meis
1778 3851 1862 3888 me
1897 3833 2046 3888 fecit.

2494 3830 2578 3883 M.
2619 3833 2836 3900 Ἀρχειν
2868 3847 2932 3900 με
2960 3831 3067 3882 τῶν
3096 3829 3301 3900 ἐχθρῶν
3327 3849 3425 3901 μου
3463 3833 3778 3904 πεποίηκεν.

820 3921 906 3977 15.
935 3921 1112 3979 Mente
1148 3941 1282 3995 pura
1335 3929 1634 3980 orationem
1670 3940 1843 3980 meam
1883 3925 1951 3979 ad
1983 3940 2105 3980 eum
2139 3933 2320 3978 trans-

2488 3920 2574 3975 15.
2624 3921 2710 3974 Ἐν
2746 3920 2959 3993 καθαρᾷ
2987 3921 3192 3992 διανοίᾳ
3235 3938 3334 3992 μου
3372 3922 3470 3994 τὴν
3515 3924 3680 3995 εὐχήν
3735 3943 3830 3996 μου
3869 3926 3942 3977 ἀν·

753 4012 902 4070 misi.

2419 4013 2516 4067 ἐπε
2525 4014 2640 4084 μψα
2659 4014 2823 4083 αὐτῷ.

826 4104 910 4158 16.
945 4103 1199 4159 Laudans
1232 4121 1377 4170 eum,
1404 4116 1457 4161 et
1501 4107 1742 4162 clamans
1779 4107 1831 4161 in
1863 4107 2223 4163 exsultatione
2253 4106 2318 4161 ad

2491 4107 2575 4160 16.
2612 4107 2785 4159 Αίνῶν
2814 4106 2996 4170 αὑτὸν,
3048 4107 3141 4159 καὶ
3193 4104 3329 4177 βοῶν
3361 4109 3420 4160 tv
3475 4108 3792 4162 ἀγαλλιάσει
3833 4108 3940 4179 πρὶς

753 4197 959 4268 ipsum.

2421 4198 2600 4251 αὐτόν.

825 4287 913 4352 17,
949 4288 1031 4340 18.
1064 4285 1377 4341 Orationem
1414 4284 1601 4338 refert.

2491 4290 2576 4353 17,
2605 4289 2689 4344 18.
2725 4292 2996 4361 Διηγεῖται
3031 4291 3130 4363 τὴν
3158 4293 3320 4364 εὐχήν

827 4380 912 4435 19.
943 4379 1358 4450 Conglutinatus
1393 4394 1514 4432 sum
1546 4377 1666 4431 tibi.

1546 4377 1666 4431 tibi.
2492 4380 2575 4434 19.
2612 4381 2997 4452 Συνεταξὰμην
3021 4399 3121 4436 σοι.

817 4472 906 4534 20,
938 4471 1026 4526 21.
1056 4471 1248 4525 Anima
1279 4487 1396 4525 mea
1426 4471 1608 4524 videre
1636 4479 1685 4525 te
1714 4469 2009 4524 desiderat.

2489 4472 2578 4534 20,
2610 4473 2696 4525 21.
2745 4472 2806 4526 'H
2839 4474 2980 4545 ψυχή
3019 4493 3119 4544 μου
3154 4475 3426 4547 θεωρῆσαί
3461 4494 3520 4530 σε
3550 4477 3825 4548 ἐπιθυμεῖ.

821 4563 911 4618 22.
942 4561 1018 4617 Ne
1039 4561 1254 4618 auferas
1281 4563 1541 4631 Spiritum
1579 4573 1827 4618 sanctum
1865 4571 2016 4617 tuum
2047 4579 2076 4617 a
2103 4580 2204 4618 me.
2342 4562 2390 4620 υ

2342 4562 2390 4620 υ
2482 4563 2571 4616 22.
2605 4564 2695 4635 Μὴ
2727 4565 3015 4638 ἀντανέλῃς
3075 4566 3135 4619 τὸ
3184 4568 3406 4639 Πνεῦμα
3437 4587 3528 4623 σου
3561 4570 3625 4623 τὸ
3672 4572 3821 4639 ἅγιον
3865 4570 3936 4622 ἀπ’

2425 4653 2577 4723 ἐμοῦ.

821 4741 911 4793 25.
947 4737 1023 4792 Ne
1058 4740 1230 4794 iratus
1261 4741 1539 4809 relinquas
1564 4756 1669 4794 me.

2491 4743 2578 4797 25.
2614 4745 2702 4816 Μὴ
2729 4746 2998 4816 ὀργισθεὶς
3032 4747 3104 4817 (5)
3138 4749 3532 4821 ὲγκαταλείψῃς
3565 4769 3654 4822 με.

824 4830 913 4894 21,
942 4831 1029 4885 25.
1064 4830 1247 4901 Neque
1289 4833 1500 4888 deficiat
1547 4831 1681 4887 mihi
1733 4832 1824 4886 lux
1879 4842 1972 4888 tua
1997 4873 2011 4897 ,
2048 4849 2115 4888 ne
2140 4849 2315 4890 caecus

2490 4832 2579 4896 24,
2608 4834 2696 4887 25.
2731 4835 2820 4906 Μὴ
2844 4835 3101 4909 ἐκκλείψῃ
3131 4837 3204 4908 (4)
3231 4839 3291 4891 τὸ
3327 4838 3439 4908 φῶς
3472 4857 3564 4893 σου
3585 4842 3682 4894 ἀπ’
3707 4841 3849 4912 ἐμοῦ,
3870 4841 3934 4892 ἵνα

755 4923 954 4978 alliciar
984 4925 1039 4978 in
1073 4926 1281 4980 visione
1307 4927 1505 4981 mentis
1541 4942 1692 4981 mere.

2423 4924 2496 4994 μὴ
2522 4925 2784 4992 τυφλωθῶ
2814 4929 2892 4990 είς
2911 4929 3098 4999 ὅρασιν
3125 4930 3221 4998 τῆς
3246 4930 3481 4992 διανοίας
3518 4949 3642 5002 μου.

823 5010 913 5074 26,
947 5011 1036 5064 27.
1082 5011 1297 5066 Nullum
1340 5015 1602 5069 auxilium
1655 5032 1742 5072 me
1785 5016 2036 5081 habente,
2089 5017 2184 5072 tibi
2231 5032 2314 5071 me

2481 5014 2570 5079 26,
2604 5015 2692 5068 27.
2727 5017 3009 5087 Μηδεμίαν
3039 5019 3316 5090 ἀντίληψιν
3361 5021 3574 5092 ἔχοντος
3607 5023 3705 5097 (5),
3754 5027 3828 5080 σοὶ
3860 5040 3933 5078 πε·

757 5102 990 5155 vindica.

2424 5106 2698 5177 ριποίησαί
2731 5125 2817 5176 με.

826 5192 913 5246 28.
954 5189 1142 5247 Statue
1175 5206 1261 5246 me
1284 5191 1339 5246 in
1375 5190 1491 5262 lege
1521 5200 1631 5246 tua.

2491 5198 2580 5252 28.
2622 5200 2945 5272 Ἐπίστησόν
2980 5220 3048 5274 με
3070 5204 3159 5257 τὸν
3194 5206 3356 5276 νόμον
3390 5223 3482 5260 σου
3514 5207 3591 5278 (6)

1699 5365 2001 5429 Addenda
2031 5375 2090 5432 et
2139 5371 2514 5450 corrigenda
2546 5391 2620 5435 ex
2651 5377 2791 5438 cod.
2827 5378 3028 5440 Vatic.

835 5539 907 5605 (1)
938 5537 997 5590 1η
1029 5538 1148 5594 cod.
1179 5556 1234 5594 η.
1259 5540 1311 5594 9.
1348 5546 1574 5593 tantum.
1604 5535 1667 5592 N.
1705 5538 1790 5592 10.
1825 5539 2128 5608 φυλάττειν.
2155 5558 2208 5595 n.
2239 5541 2321 5593 11.

774 5605 1125 5684 ’Λσρενοιῖνιεά
1153 5626 1241 5684 με,
1271 5620 1373 5684 et_c.
1411 5610 1673 5663 ἐνέδυσεν.
1711 5610 1776 5662 Ν.
1811 5609 1893 5662 12.
1953 5610 2024 5663 Τὸ
2061 5612 2189 5682 γάρ,
2221 5623 2322 5666 etc.

2320 5584 2321 5588 η
2499 5544 2575 5684 (ιζ
2621 5545 2892 5625 Ἐκλίψῃς,
2921 5561 3049 5615 etc.,
3083 5553 3167 5606 ῐνα
3197 5551 3268 5624 μὴ
3295 5551 3543 5625 τυφλωθῇ
3633 5558 3826 5628 ὅρασις,
3851 5569 3926 5611 etc.

2320 5653 2322 5663 .
2497 5614 2551 5684 (5
2600 5617 2714 5667 Μου
2741 5618 2972 5684 ἔχοντος,
3008 5625 3070 5676 σὺ
3099 5625 3435 5684 περιποιήσω
3462 5642 3582 5684 μου.

789 5607 1125 5695 Ὰσρενοξῖνιξά.
1153 5626 1241 5695 με,
1271 5620 1373 5689 et_c.
1411 5610 1673 5663 ἐνέδυσεν.
1711 5610 1776 5662 Ν.
1811 5607 1893 5662 1⁷2.
1953 5610 2024 5663 Τὸ
2061 5612 2189 5682 γάρ,
2221 5623 2322 5666 etc.

1975 5610 2024 5663 Γὸ
2061 5612 2189 5682 γάρ,
2221 5623 2322 5666 etc.
2594 5615 2714 5695 ἒμρῦ
2741 5607 2972 5695 ξῇςόνιεος,
3008 5607 3070 5676 σί)
3099 5607 3435 5695 περίτιίοιήσω
3462 5607 3581 5695 μου.

1137 5678 1360 5800 etaiam-3‘.
2073 5678 2081 5681 ’
2138 5678 2146 5682 ’
2490 5678 2564 5753 (6)
2594 5686 2681 5755 Τῷ
2702 5678 2849 5759 νόμῳ
2881 5678 2989 5744 σου.

1011 5766 1134 5800 σνισ
1171 5768 1190 5800 ε
1222 5768 1247 5804 ξ
1303 5769 1329 5799 (ῗ
1360 5769 1407 5801 C-
