4068 6318
707 336 808 395 747

774 455 829 511 3,
856 453 956 520 Qui
986 454 1276 523 loquuntur
1307 468 1493 521 pacem
1525 467 1646 505 cum
1679 452 1927 520 proximo
1951 469 2086 508 suo:

777 635 829 690 9.
861 634 994 688 Mala
1019 644 1196 689 autem
1236 635 1287 686 in
1319 634 1574 689 cordibus
1595 648 1806 689 eorum.

775 728 859 782 10.
888 728 960 781 Da
996 728 1121 792 illis,
1150 727 1394 792 Domine,
1419 726 1716 782 secundum
1751 741 1914 796 opera
1947 742 2163 791 eorum,

781 821 864 873 11.
915 819 978 872 Et
1029 819 1323 874 secundum
1375 819 1671 888 nequitiam
1706 818 2150 874 adinvcntionum
2185 821 2265 890 ip-

705 928 916 970 80mm.

777 1005 864 1060 12.
898 1003 1205 1058 Secundum
1232 1018 1395 1072 opera
1415 1019 1677 1059 manuum
1705 1019 1896 1058 eorum
1924 1005 2100 1059 tribue
2127 1003 2260 1059 illis:

777 1096 862 1150 15.
895 1094 1075 1150 Redde
1113 1095 1517 1150 retributionem
1545 1111 1734 1150 eorum
1770 1095 1922 1164 ipsis.

775 1187 861 1240 M.
897 1185 1165 1252 Quoniam
1195 1200 1302 1240 non
1342 1186 1727 1241 intellexerunt
1757 1202 1919 1257 opera
1953 1187 2189 1251 Domini,

775 1281 862 1334 15.
898 1280 962 1334 Ει
987 1281 1038 1332 in
1071 1294 1232 1348 opera
1263 1294 1522 1334 manuum
1549 1281 1661 1349 ejus
1695 1299 1706 1332 :

775 1372 863 1427 16.
893 1371 1141 1426 Destrues
1170 1371 1313 1438 illos,
1339 1381 1393 1425 et
1428 1386 1535 1426 non
1572 1371 1862 1427 aedificabis
1897 1386 2013 1427 eos.

777 1555 863 1608 17.
906 1555 1224 1610 Benedictus
1257 1554 1537 1620 Dominus,
1566 1571 1825 1626 quoniam
1863 1556 2139 1610 exaudivit
2170 1571 2263 1609 vo-

705 1661 819 1700 cem
854 1647 1247 1717 deprecationis
1271 1663 1421 1703 mete.

775 1736 859 1790 18.
893 1737 1150 1793 Dominus
1180 1737 1395 1807 adjutor
1423 1753 1577 1794 meus
1600 1747 1653 1792 et
1688 1747 1959 1808 protector
1987 1756 2159 1795 meus.

1510 333 1564 387 S.
1608 330 1970 387 ATIIANASII
2011 332 2156 387 ()Pl‘.
2197 333 2373 391 PARS
2413 333 2500 388 Ill.
2539 365 2606 373 —
2647 331 3066 388 EXEGETICA.

3853 330 3952 387 748

2292 458 2337 513 Α
2434 453 2484 505 8.
2521 451 2640 504 Τῶν
2670 451 2969 505 λαλούντων
2997 450 3221 521 εἰρήνην
3251 449 3391 519 μετὰ
3422 449 3526 503 τῶν
3577 448 3832 520 πλησίων
3861 448 3954 500 αὑ-

2373 563 2501 597 των·

2440 638 2493 691 9.
2523 635 2681 688 Κακὰ
2708 637 2762 688 δὲ
2797 638 2853 688 ἐν
2879 636 2997 698 ταῖς
3025 635 3270 705 καρδίαις
3290 635 3487 687 αὐτῶν.

2442 727 2527 781 10.
2556 728 2654 790 Δὸς
2684 728 2882 793 αὐτοῖς,
2907 727 3100 797 Κύριε,
3137 727 3279 780 κατὰ
3304 726 3372 779 τὰ
3396 726 3531 797 ἔργα
3552 725 3761 787 αὐτῶν,

2443 820 2526 872 11.
2565 819 2672 873 Καὶ
2711 818 2849 871 κατὰ
2899 817 2993 888 τὴν
3047 818 3310 888 πονηρίαν
3348 817 3452 870 τῶν
3494 815 3955 886 ἐπιτηδευμάτων

2369 911 2570 967 αὐτῶν.

2438 1003 2524 1057 12.
2560 1001 2716 1056 Κατὰ
2744 1000 2810 1053 τὰ
2841 999 2974 1072 ἔργα
2997 999 3103 1052 τῶν
3127 998 3324 1070 χειρῶν
3352 999 3529 1052 αὐτῶν
3559 999 3649 1061 δὸς
3675 996 3873 1058 αὐτοῖς
3897 1009 3914 1026 ο

2440 1096 2526 1153 15.
2569 1095 2787 1157 Ἀπόδος
2806 1094 2863 1146 τὸ
2889 1093 3235 1161 ἀνταπόδομα
3264 1091 3440 1145 αὐτῶν
3464 1093 3672 1153 αὐτοῖς.

2438 1187 2523 1240 14.
2553 1187 2674 1240 Ὅτι
2704 1187 2764 1239 οὒ
2793 1185 3028 1255 συνῆκαν
3058 1186 3136 1247 είς
3163 1187 3233 1238 τὰ
3258 1185 3391 1256 ἔργα
3426 1184 3633 1257 Κυρίου
3658 1225 3671 1247 ,

2439 1279 2524 1331 15.
2561 1279 2667 1332 Καὶ
2698 1280 2775 1342 είς
2804 1278 2873 1332 τὰ
2899 1278 3033 1347 ἔργα
3061 1279 3169 1332 τῶν
3197 1277 3396 1348 χειρῶν
3434 1277 3623 1331 αὑτοῦ.

2440 1369 2525 1422 16.
2562 1369 2822 1434 Καῦελεῖς
2856 1371 3069 1437 αὐτοὺς,
3106 1371 3202 1424 καὶ
3224 1370 3285 1422 οὐ
3322 1371 3395 1441 μὴ
3435 1370 3819 1440 οἰκοδομήσεις
3852 1366 3953 1419 αὖ·

2368 1481 2513 1526 τους.

2440 1558 2524 1611 17.
2552 1556 2851 1627 Εὐλογητὸς
2863 1557 3085 1629 Κύριος,
3108 1559 3188 1612 ὅτι
3218 1558 3501 1629 είσήκουσε
3518 1558 3619 1628 τῆς
3637 1556 3826 1627 φωνῆς
3848 1557 3949 1625 τῆς

2365 1651 2602 1722 δεήσεώς
2634 1669 2755 1722 μου.

2439 1742 2524 1796 18.
2566 1741 2766 1810 Κύριος
2800 1741 2991 1814 βοηθός
3017 1759 3119 1813 μου
3147 1741 3240 1796 καὶ
3269 1741 3686 1814 ὑπερασπιστὴς
3721 1759 3844 1811 μω.

771 1827 863 1884 19.
899 1828 953 1881 1η
985 1830 1100 1898 ipso
1128 1831 1363 1900 speravit
1388 1846 1483 1884 cor
1519 1845 1722 1897 meum,
1757 1843 1811 1888 et
1841 1833 2062 1905 adjutus
2094 1851 2215 1890 sum
2251 1855 2263 1890 :
2295 1812 2338 1866 Β
2440 1832 2479 1885 1τ

2295 1812 2338 1866 Β
2440 1832 2528 1888 19.
2571 1833 2686 1885 Ἐπ’
2711 1812 2860 1904 αὑτῷ
2884 1812 3170 1904 ⁷ἤλπισενή
3201 1812 3396 1903 καρδία
3427 1850 3552 1903 μου,
3587 1832 3688 1884 καὶ
3717 1831 3954 1903 ὲὸοηΘήο

768 2013 863 2068 20.
895 2013 960 2068 Et
991 2015 1232 2071 reﬂoruit
1261 2031 1390 2072 caro
1421 2032 1541 2073 mea
1575 2036 1588 2072 :

771 2105 861 2160 2|.
897 2105 961 2160 Et
992 2122 1058 2161 ex
1088 2109 1366 2163 voluntate
1400 2124 1518 2164 mea
1547 2111 1846 2166 confitebor
1879 2111 1950 2166 ei.

772 2199 862 2254 22.
894 2199 1156 2256 Dominus
1193 2200 1453 2256 fortitudo
1480 2202 1654 2271 plebis
1688 2219 1801 2258 sua:
1829 2222 1845 2266 ;

771 2292 862 2347 23.
891 2292 955 2346 Et
983 2302 1255 2363 protector
1274 2294 1635 2352 salvationum
1664 2294 1869 2351 Christi
1897 2296 1982 2352 sui
2015 2305 2116 2352 est.

773 2475 862 2528 24.
893 2473 1111 2529 Salvum
1145 2474 1228 2530 fac
1261 2475 1516 2546 populum
1536 2485 1714 2543 tuum,
1744 2475 1989 2542 Domine,
2016 2488 2069 2533 et
2100 2479 2262 2535 bene-

703 2564 789 2618 dic
829 2565 1126 2620 lizercditati
1163 2578 1288 2621 tua}.

771 2656 860 2710 25.
894 2655 959 2711 Ει
989 2673 1111 2727 rege
1151 2671 1264 2723 eos,
1291 2666 1344 2713 et
1380 2658 1576 2714 extolle
1625 2658 1745 2714 illos
1789 2674 1965 2731 usque
2011 2660 2067 2715 in
2099 2670 2258 2717 aeter-

703 2764 856 2804 num.

2371 1923 2504 1996 θηνο

2434 2014 2524 2070 20.
2557 2015 2664 2068 Kal.
2685 2015 2942 2070 ἀνέθαλεν
2975 2016 3008 2086 ἡ
3044 2013 3180 2084 σάρξ
3213 2031 3353 2085 μου*

2435 2111 2527 2164 21.
2559 2111 2668 2164 Καὶ
2693 2111 2756 2162 ὲκ
2783 2108 3085 2178 θελήματος
3124 2125 3225 2179 μου
3275 2106 3748 2179 ὲξομολογήσομαι
3781 2109 3932 2179 αὖτῷ

2433 2205 2525 2258 22.
2553 2203 2755 2273 Κύριος
2780 2203 3103 2275 κραταίωμα
3131 2200 3224 2255 τοῦ
3259 2200 3388 2255 λαοῦ
3416 2201 3582 2254 αὑτοῦ
3607 2217 3623 2231 °

2435 2296 2525 2350 25.
2561 2297 2670 2348 Kal.
2699 2295 3109 2365 ὑπερασπιστὴς
3142 2293 3250 2346 τῶν
3268 2293 3550 2364 σωτηρίων
3586 2293 3686 2346 τοῦ
3710 2293 3952 2364 Χριστοῦ

2369 2386 2531 2442 αὐτοῦ
2556 2390 2721 2440 ἐστιν.

2436 2480 2526 2534 24.
2558 2479 2737 2532 Σῶσον
2760 2478 2850 2533 τὸν
2875 2477 3001 2532 λαόν
3035 2494 3150 2541 σου,
3173 2476 3266 2530 καὶ
3296 2476 3592 2547 εὑλόγησον
3620 2477 3724 2548 τὴν
3755 2477 3928 2549 κληρο

2373 2574 2559 2643 νομίαν
2591 2589 2707 2627 σου.

2437 2665 2527 2718 25.
2558 2665 2667 2718 Kal.
2688 2663 2948 2736 ποίμανον
2981 2663 3198 2731 αὐτοὺς,
3225 2660 3322 2718 καὶ
3349 2661 3554 2735 ἐπαρον
3581 2663 3794 2726 αὐτοὺς
3848 2663 3951 2725 ἕως

2367 2755 2462 2808 τοῦ
2493 2755 2709 2820 αἰῶνος.

1810 2925 2181 2982 ATHANASII
2222 2926 2806 2985 INTERPRETATIO.

777 3106 831 3170 7,
879 3107 930 3161 9.
987 3105 1122 3160 Cum
1182 3106 1552 3174 daemonibus,
1605 3117 1660 3164 ct
1701 3108 2036 3177 hypocritis,
2078 3116 2132 3161 et
2176 3107 2256 3161 in-
2289 3112 2332 3171 C
2435 3109 2479 3175 7,

2292 3112 2332 3171 C
2435 3109 2544 3175 7,9.
2576 3108 2696 3162 Τῶν
2709 3108 2995 3180 δαιμόνων,
3015 3110 3106 3164 καὶ
3127 3110 3456 3182 ὑποκριτῶν,
3477 3109 3575 3164 καὶ
3598 3110 3948 3180 μανιαστῶν.

705 3214 1355 3354 εκιῗίῗ.Ωιιοιπιίιίιηιοίίυιπι
1397 3282 1639 3353 duplices
1667 3292 1816 3349 sunt,
1844 3284 1909 3339 da
1949 3285 2056 3342 illis
2082 3287 2261 3359 dupli-

704 3399 821 3440 cem
849 3381 1214 3436 amictionem.

774 3475 864 3529 11.
893 3473 1198 3527 Secundum
1239 3470 1533 3540 injustitias
1557 3484 1764 3525 eorum.

779 3566 867 3630 12,
896 3567 982 3621 15.
1017 3564 1488 3631 Quemadmodum
1527 3570 1928 3617 consueverunt
1976 3564 2118 3619 mala
2153 3566 2266 3620 sin-

709 3661 848 3734 gulis
871 3659 1024 3726 dare,
1053 3661 1125 3712 ita
1150 3659 1218 3712 da
1248 3658 1401 3726 ipsis.

777 3755 864 3817 H,
903 3753 991 3807 15.
1023 3750 1290 3817 Quoniam
1325 3763 1424 3804 nec
1453 3764 1616 3821 opera
1637 3750 1853 3807 Domini
1890 3752 2030 3808 scire
2055 3752 2263 3816 volunt,

709 3862 808 3902 nec
829 3845 1036 3916 judicia
1055 3843 1195 3913 ejus.

787 3940 867 3992 l6.
915 3936 1190 3993 Percuties
1225 3951 1343 4002 eos,
1392 3944 1446 3992 et
1496 3952 1604 3993 non
1649 3937 1912 4004 sanabis;
1967 3953 2075 3992 non
2122 3951 2265 3992 enim

710 4030 1074 4101 paenitebunt.

783 4126 867 4177 17.
900 4124 1210 4178 Benedictus
1250 4121 1530 4189 Dominus,
1556 4124 1804 4193 quoniam
1831 4123 2071 4192 implevit
2099 4139 2269 4177 vocem

710 4216 1087 4283 deprecationis
1117 4231 1264 4270 mem.

783 4308 869 4360 18.
908 4306 1167 4360 Dominus
1203 4315 1492 4378 protegens
1532 4320 1639 4371 me,
1666 4314 1719 4361 et
1749 4305 2034 4374 insurgens
2072 4304 2127 4359 in
2168 4303 2271 4357 ini-

711 4398 883 4452 micos
910 4410 1082 4450 meos.

783 4486 868 4539 19.
900 4484 960 4538 Εἰ
992 4486 1230 4556 seipsum
1281 4484 1505 4541 tradidit
1534 4498 1629 4542 cor
1657 4499 1860 4550 meum,
1901 4493 1957 4539 et
1984 4481 2262 4539 conforta-
2299 4456 2341 4510 θ

713 4592 826 4632 tum
859 4587 940 4632 est
967 4578 1035 4631 ab
1058 4594 1144 4632 eo.

782 4669 870 4723 20.
904 4670 960 4723 in
989 4671 1407 4724 resurrectione.

781 4763 872 4816 2|.
907 4761 1158 4831 Prompte
1205 4763 1298 4818 tibi
1346 4765 1598 4830 serviam,
1644 4773 1697 4818 et
1746 4762 1956 4817 tradam
2002 4761 2267 4831 meipsum

713 4855 832 4912 tibi.

780 4947 871 5000 22.
911 4945 1170 5000 Dominus
1196 4946 1368 5002 virtus
1395 4943 1574 5013 populi
1604 4943 1709 4997 sui.

781 5041 869 5092 23.
907 5037 1226 5092 Sanctorum
1251 5036 1365 5090 Filii
1389 5036 1469 5091 sui
1494 5045 1760 5103 protector
1784 5043 1890 5090 est.

780 5131 869 5182 2i.
903 5128 966 5182 Et
999 5143 1143 5182 nunc
1168 5136 1220 5180 ct
1247 5129 1297 5179 in
1336 5125 1518 5180 futuro
1547 5125 1769 5180 saaculo.

780 5221 1142 5278 25.Glorilica
1175 5235 1269 5274 cos
1307 5221 1360 5272 in
1387 5233 1549 5289 regno
1582 5227 1698 5272 tuo.

2437 3285 2523 3340 10.
2555 3283 2628 3355 (1)
2658 3283 2856 3350 meo;
2893 3287 2996 3339 είσι
3039 3285 3230 3352 δισσοὶ,
3257 3286 3344 3350 δὸς
3373 3286 3557 3351 αὐτοῖς
3597 3289 3788 3342 δισσὸν
3825 3290 3953 3343 σύν-

2369 3390 2607 3444 τριμμα.

2439 3467 2528 3520 11.
2556 3459 2751 3532 Κατως
2770 3470 2866 3531 τὰς
2890 3467 3099 3531 ἀδικίας
3123 3468 3319 3523 αὐτῶν.

2440 3559 2527 3624 12,
2561 3561 2646 3615 15.
2676 3560 2871 3624 Καθὼς
2911 3561 3121 3633 πονηρὰ
3162 3563 3414 3616 εἰώθασιν
3462 3564 3675 3634 ἑκάστῳ
3713 3563 3952 3624 διδόναι,

2367 3649 2538 3713 οὕτως
2559 3651 2646 3714 δὸς
2674 3652 2877 3714 αὐτοῖς.

2440 3744 2527 3808 14,
2564 3744 2650 3798 15.
2685 3745 2804 3796 Ὅτι
2827 3744 2963 3816 ἔργα
2986 3744 3190 3816 Κυρίου
3218 3746 3412 3800 είδέναι
3434 3749 3493 3800 οὑ
3523 3748 3793 3812 Θέλουσιν,
3827 3750 3957 3803 οὐδὲ

2367 3833 2436 3887 τὰ
2470 3833 2812 3904 δικαιώματα
2841 3834 3025 3888 αὑτοῦ.

2442 3925 2530 3980 16.
2589 3927 2854 3992 Πατάξεις
2897 3927 3113 3992 αὐτοὺς,
3154 3928 3250 3982 καὶ
3310 3929 3369 3982 οὐ
3419 3929 3493 4001 μὴ
3521 3930 3676 4001 ίάσῃ·
3719 3930 3788 3983 οὐ
3839 3931 3956 4003 γὰρ

2373 4020 2795 4090 μετανοήσουσιν
2829 4020 2928 4091 (2).

2441 4109 2527 4164 17.
2555 4110 2893 4180 Εὐλογητὸς
2909 4111 3141 4181 Κύριος,
3167 4111 3256 4166 ὅτι
3273 4112 3553 4184 ἐπλήρωσε
3581 4112 3696 4181 τὴν
3721 4116 3959 4182 φωνὴν

2369 4201 2480 4271 τῆς
2509 4202 2772 4270 δεήσεὼς
2794 4220 2932 4274 μου.

2442 4293 2528 4346 18.
2560 4292 2761 4364 Κύριος
2809 4293 3024 4347 σκέπων
3080 4311 3168 4364 με,
3204 4293 3299 4348 καὶ
3351 4294 3775 4364 ὲπανιστάμενος
3832 4300 3958 4355 τοῖς

2374 4384 2587 4456 ἐχθροῖς
2610 4402 2732 4455 μου.

2442 4476 2527 4531 19.
2550 4474 2704 4546 Αὑτῷ
2735 4474 2930 4540 ἑαυτὴν
2963 4475 3221 4540 ἐξέδωκεν
3253 4477 3287 4547 ἠ
3316 4475 3510 4548 καρδία
3540 4492 3657 4547 μου,
3698 4478 3802 4531 καὶ
3871 4481 3957 4533 ἐν·

2371 4567 2687 4638 εδυναμὼθη
2717 4569 2806 4622 ὑπ’
2829 4567 3012 4623 αὐτοῦ.

2431 4659 2528 4714 .20.
2577 4660 2664 4712 ’Ev
2690 4663 2755 4731 τῇ
2781 4660 3092 4716 ἀναστάσει.

2437 4752 2528 4805 21.
2589 4751 2890 4824 Προϐύμως
2926 4753 3192 4807 δουλεύσω
3243 4771 3362 4820 σοι,
3423 4754 3517 4808 καὶ
3574 4752 3802 4806 ἐκδώσω
3864 4773 3951 4809 σοι

2370 4843 2601 4913 ἐμαυτόν
2628 4844 2727 4913 (3).

2445 4935 2535 4989 22.
2571 4936 2771 5006 Κύριος
2807 4936 3032 5008 δύναμις
3063 4937 3155 4991 τοῦ
3190 4937 3317 4991 λαοῦ
3347 4936 3532 4992 αὐτοῦ.

2444 5025 2533 5078 22.
2570 5026 2688 5078 Τῶν
2711 5027 2878 5096 ἁγίων
2894 5027 2984 5080 τοῦ
3008 5026 3134 5082 Υίοῦ
3148 5029 3309 5082 αὑτοῦ
3331 5030 3738 5101 ὑπερασπιστὴς
3761 5032 3946 5086 ἐπεν.

2443 5116 2530 5169 24.
2569 5118 2676 5169 Kal.
2715 5120 2770 5169 ἐν
2807 5118 2881 5188 τῷ
2911 5120 3002 5172 νῦν
3036 5120 3128 5173 καὶ
3165 5121 3222 5172 ὲν
3251 5120 3327 5190 τῷ
3358 5120 3600 5192 μέλλοντι
3623 5123 3807 5177 αἰῶνι.

2445 5209 2532 5261 25.
2563 5209 2792 5275 Δόξασον
2823 5212 3016 5275 αὐτοὺς
3044 5214 3101 5265 ὲν
3132 5215 3197 5284 τῇ
3231 5212 3476 5287 βασιλείᾳ
3510 5231 3621 5268 σου.

1655 5412 1960 5474 Addenda
1997 5421 2057 5475 et
2088 5414 2459 5494 corrigenda
2497 5432 2574 5476 ex
2606 5413 2743 5476 cod.
2782 5413 2981 5474 \‘atic.

790 5612 862 5680 (1)
885 5610 948 5665 N.
981 5611 1069 5664 10.
1097 5611 1254 5662 Κανὰ
1273 5611 1358 5672 δὸς
1386 5613 1441 5662 ἐν
1465 5613 1579 5672 ταῖς
1597 5611 1841 5680 καρδίαις
1863 5609 2057 5662 αὐτῶν.
2081 5607 2148 5680 Ν.
2169 5609 2187 5659 1
2208 5608 2251 5660 1.

721 5679 912 5744 καθώς
947 5683 1068 5743 εἰσι,
1103 5691 1202 5734 etc.
1247 5680 1310 5735 N.
1350 5682 1433 5734 i2.
1473 5684 1627 5735 Κατὰ
1676 5679 1778 5743 ea;
1836 5682 1968 5749 (non
2014 5679 2249 5740 καθώς).

717 5754 775 5803 Ν.
813 5754 896 5809 15.
930 5751 1120 5815 Καθὼς
1143 5752 1373 5821 πονηρά,
1392 5760 1492 5808 etc.

2435 5613 2510 5677 (2)
2557 5612 2730 5684 Ἰὰσῃς
2761 5614 2956 5676 αὐτούς
2986 5629 2998 5642 ·
3024 5613 3084 5664 οὐ
3113 5611 3218 5680 γὰρ
3251 5627 3367 5681 μετ.

2433 5687 2508 5754 (5)
2541 5686 2816 5738 Δουλεὺσω
2853 5702 2930 5737 σοι
2965 5684 3213 5752 ἐμαυτόν.
