4068 6318
759 337 868 399 785
1607 360 1662 408 5.
1703 356 2078 414 AI'IIANASH
2119 357 2186 416 01
2206 361 2265 418 Ρ.
2302 365 2479 421 PARS
2519 366 2609 423 Ill.
2634 399 2700 408 —
2731 368 3137 427 EXEGI‘ITICA.
3879 383 3972 438 ἷΒό

977 462 1039 514 In
1075 464 1250 532 ﬁnem,
1275 470 1511 537 psalmus
1545 471 1713 526 David
1744 492 1837 542 pro
1865 483 2084 531 exstast.
2349 490 2396 545 Α
2493 488 2583 552 El;

2349 490 2396 545 Α
2493 488 2596 552 Είς
2630 488 2694 540 τὸ
2725 488 2925 555 τέλος,
2959 493 3198 561 ψαλμός
3237 495 3315 547 τῶ
3355 497 3530 549 Δαϐίδ
3551 498 3911 565 ἐκστάσεως.

1329 561 1531 615 PSAL.
1568 563 1748 620 XXX.

1735 605 1748 620 .
3061 589 3208 640 ΨΑΛ
3219 628 3232 640 .
3265 593 3341 641 Λ¹.

829 669 880 720 1.
932 668 984 721 In
1040 680 1121 736 te,
1172 671 1417 739 Domine,
1470 679 1701 745 speravi,
1762 696 1867 735 non
1915 684 2216 741 confundar
2264 689 2315 742 in

2493 690 2543 743 1.
2591 693 2711 744 Ἐπὶ
2733 693 2836 758 σοὶ,
2855 693 3046 764 Κύριε,
3072 695 3292 763 ἤλπισα,
3331 698 3405 769 μὴ
3434 702 3883 773 καταισχυνθείην
3907 708 3969 765 είς

755 772 1014 812 δ”υινιιιηη
1049 782 1060 815 :
2417 780 2508 832 τὸν
2547 783 2744 836 αἰῶνα·

816 846 882 905 ‘2.
920 853 973 905 In
995 855 1205 923 justitia
1237 869 1326 911 tua
1353 859 1515 913 libera
1549 878 1652 926 me,
1681 877 1732 917 et
1760 866 1907 935 eripe
1933 884 2035 922 me.

2487 872 2543 924 2.
2595 874 2680 924 Ἐν
2713 877 2779 944 τῇ
2807 875 3115 947 δικαιοσύνῃ
3153 895 3245 931 σου
3270 880 3432 951 ῥῦσαί
3457 899 3545 952 με,
3564 884 3656 936 καὶ
3682 882 3868 949 ἐξελοῦ
3895 905 3966 955 με.

823 944 874 995 3.
907 944 1111 1000 lnclina
1143 949 1207 1002 ad
1239 966 1324 1004 me
1356 967 1542 1006 aurem
1575 963 1722 1008 tuam
1755 975 1767 1009 :

2487 966 2539 1018 '5.
2576 967 2768 1019 Κλῖνον
2796 968 2931 1038 πρὸς
2967 988 3031 1038 με
3062 944 3122 1023 to
3152 969 3243 1036 οὖς
3268 944 3359 1026 σου
3385 993 3399 1006 ·

826 1033 880 1084 4.
904 1033 1159 1090 Accelera
1186 1048 1242 1091 ut
1270 1055 1431 1095 eruas
1465 1057 1572 1095 me.

2485 1057 2540 1110 4.
2577 1058 2814 1127 Τὰχυνον
2837 1033 2929 1111 τοῦ
2965 1033 3237 1125 ἐξελέσθαι
3270 1082 3356 1134 με.

824 1124 879 1179 5.
915 1124 1045 1180 Esto
1072 1130 1203 1181 mihi
1235 1131 1286 1183 in
1318 1131 1488 1186 Deum
1522 1143 1901 1203 protectorem,

2484 1147 2540 1201 5.
2573 1149 2612 1200 Γ
2615 1124 2734 1201 ενοῦ
2769 1168 2858 1220 μοι
2881 1153 2958 1216 είς
2981 1124 3111 1206 Θεὸν
3143 1124 3571 1229 ὑπερασπιστὴν,

825 1215 880 1270 6.
915 1216 978 1270 Et
1014 1219 1068 1271 in
1094 1220 1316 1273 domum
1361 1222 1578 1293 refugii,
1609 1236 1667 1280 ut
1704 1229 1913 1282 salvum
1948 1246 2032 1285 me
2065 1231 2253 1289 facias.

2164 1234 2253 1289 ias.
2489 1239 2544 1294 6.
2580 1242 2689 1294 Kal.
2722 1215 2802 1304 είς
2830 1215 2976 1296 οἶκον
3008 1215 3328 1316 καταφυχῆς
3353 1248 3448 1300 τοῦ
3480 1215 3651 1302 citima!
3681 1269 3770 1322 με.

831 1305 880 1358 7.
923 1305 1193 1372 Quoniam
1242 1309 1505 1366 fortitudo
1549 1331 1665 1369 mea
1715 1327 1769 1371 et
1823 1319 2092 1390 refugium
2133 1340 2312 1380 meum

2487 1332 2540 1386 7.
2573 1334 2696 1385 Ὅτι
2727 1335 3048 1406 κραταίωμά
3080 1305 3204 1408 μου,
3355 1344 3644 1412 καταφυγή
3677 1305 3777 1412 μου
3822 1342 3875 1396 εἴ
3896 1343 3972 1397 σῦ’

754 1416 813 1453 CS
845 1409 898 1452 tu
927 1419 942 1454 Ξ

823 1492 876 1545 8.
915 1491 982 1546 Ει
1023 1504 1242 1564 propter
1271 1513 1467 1553 nomen
1507 1509 1661 1554 tuum
1693 1501 1930 1558 deduces
1966 1520 2072 1571 me,
2103 1517 2156 1562 et
2183 1524 2316 1563 cnu-

2485 1510 2537 1564 8.
2570 1510 2678 1563 Kal.
2710 1509 2893 1563 ἕνεκεν
2914 1509 3011 1564 τοῦ
3035 1513 3294 1585 ὀνόματός
3322 1532 3414 1567 σου
3437 1515 3722 1586 ὁδηγήσεις
3757 1535 3821 1588 με
3844 1560 3858 1580 ,
3889 1518 3971 1570 καὶ

756 1582 886 1636 tries
915 1598 1022 1636 me.

2415 1599 2724 1672 διαθρέψεις
2759 1620 2846 1673 με.

823 1674 876 1728 9.
912 1672 1121 1731 Educes
1151 1693 1238 1733 me
1263 1679 1330 1733 de
1356 1681 1548 1736 laoueo
1575 1683 1696 1747 hoc,
1723 1699 1882 1753 quem
1916 1688 2315 1745 absconderunt

2485 1693 2536 1748 9.
2575 1672 2814 1762 Ἕξάξεις
2842 1715 2908 1767 με
2937 1699 3000 1750 ὲκ
3028 1699 3253 1766 παγίδος
3272 1699 3492 1770 ταύτης,
3513 1693 3581 1770 ἧς
3604 1700 3844 1770 ἔκρυψαν
3873 1719 3969 1770 μοι·

824 1859 911 1912 10.
941 1859 1206 1926 Quoniam
1235 1872 1290 1917 tu
1322 1880 1379 1919 es
1407 1875 1685 1934 protector
1716 1884 1891 1936 meus,
1923 1870 2172 1929 Domine.
2341 1866 2383 1921 Β

2341 1866 2383 1921 Β
2482 1879 2566 1934 10.
2603 1880 2726 1932 Ὅτι
2761 1880 2823 1931 σὺ
2856 1875 2906 1931 εἷ
2937 1881 2965 1933 6
2989 1880 3396 1953 ὑπερασπιστὴς
3429 1885 3565 1952 μου,
3604 1883 3797 1952 Κύριε.

824 1949 912 2004 11.
943 1949 1001 2005 ln
1031 1969 1224 2009 manus
1248 1964 1367 2011 luas
1399 1961 1790 2014 commendabo
1821 1963 2066 2030 spiritum
2092 1981 2268 2020 meum
2295 1986 2306 2020 :

2487 1972 2575 2025 11.
2613 1973 2705 2034 Εἰς
2738 1971 2925 2042 χεῖράς
2963 1989 3054 2024 σου
3079 1949 3462 2042 παραθήσομαι
3503 1974 3565 2026 τὸ
3593 1949 3810 2043 τινείῖμά
3841 1992 3965 2044 μου·

823 2041 910 2095 12.
937 2040 1231 2099 Redemisti
1272 2063 1374 2111 me,
1405 2048 1630 2103 Domine
1657 2051 1798 2106 Deus
1821 2056 2085 2110 veritatis.

2485 2063 2572 2115 12.
2620 2040 2940 2133 Ἐλυτρῶσω
2973 2081 3059 2133 με,
3098 2063 3266 2133 Κύριε
3286 2040 3324 2115 Ϋὸ
3353 2040 3484 2127 Θεὸς
3506 2068 3607 2134 τῆς
3636 2040 3904 2136 ἀληθείας.

821 2134 907 2186 15.
940 2134 1112 2190 Odisti
1154 2137 1386 2209 [omnes]
1416 2140 1764 2197 observantes
1816 2145 2083 2201 vanitates
2126 2163 2311 2216 supcr-

2485 2153 2571 2206 15.
2618 2153 2914 2223 Ἐμίσησας
2937 2157 3060 2219 τοὺς
3079 2155 3318 2227 [πάντας
3344 2155 3500 2227 τοὺς]
3524 2134 3968 2224 διαφυλάσσοντες

750 2237 943 2279 νεουθ.

2417 2245 2784 2314 ματαιότητας
2813 2245 3083 2317 διακενῆς.

823 2316 911 2371 14.
942 2315 1053 2387 Ego
1084 2328 1260 2374 autem
1295 2321 1345 2375 in
1377 2323 1609 2379 Domino
1642 2328 1850 2396 speravi
1879 2347 1892 2382 :

2485 2336 2574 2389 ιι.
2615 2335 2755 2402 Ἐγὼ
2784 2336 2839 2389 δὲ
2867 2337 2958 2388 ἐπὶ
2981 2315 3058 2406 τῷ
3080 2338 3268 2407 Κυρίῳ
3292 2338 3529 2408 amca-

821 2408 909 2462 15.
942 2408 1259 2479 Exsultabo,
1285 2425 1338 2468 et
1368 2416 1590 2471 lzetabor
1616 2419 1667 2471 in
1701 2420 2075 2476 misericordia
2109 2431 2222 2479 tua.

2486 2427 2573 2484 15.
2609 2426 3028 2499 Ἀγαλλιὰσομαι
3052 2429 3144 2482 καὶ
3173 2430 3616 2501 εὐφρανθήσομαι
3637 2432 3729 2484 ἐπὶ
3745 2429 3821 2500 τῷ
3843 2430 3963 2482 ἐλέει

2417 2533 2529 2569 σου.

825 2588 908 2642 16.
945 2589 1212 2654 Quoniam
1245 2594 1530 2662 rcspexisti
1565 2596 1924 2651 humilitatem
1964 2615 2138 2654 meam
2171 2620 2185 2656 :

2484 2607 2571 2660 16.
2609 2607 2729 2660 Ὀτι
2748 2610 2955 2673 ἐπεῖδες
2970 2611 3060 2664 ἐπὶ
3079 2609 3193 2682 [ἐπί
3209 2610 3380 2684 deest]
3395 2611 3490 2682 τὴν
3509 2610 3840 2680 ταπείνῳσίν
3855 2626 3957 2679 μου·

825 2680 906 2734 I7.
939 2681 1169 2737 Salvasti
1206 2684 1271 2737 de
1300 2686 1718 2741 necessitatibus
1759 2690 1996 2743 animam
2023 2707 2198 2746 meam
2226 2710 2241 2745 :

2489 2696 2577 2750 17.
2607 2698 2857 2762 Ἔσωσας
2888 2702 2952 2752 ὲκ
2985 2680 3092 2754 τῶν
3114 2680 3486 2773 ἀναγκῶν-τῆν
3520 2703 3700 2772 ψυχήν
3737 2715 3870 2770 μου·

818 2772 904 2828 18.
921 2772 986 2826 Et
1004 2788 1111 2828 non
1137 2776 1448 2832 conclusisti
1468 2793 1553 2832 me
1570 2778 1621 2832 in
1642 2780 1891 2836 manibus
1915 2781 2262 2837 inimicorum
2291 2802 2304 2837 :

2291 2802 2304 2837 :
2486 2790 2573 2843 18.
2610 2790 2720 2843 Καὶ
2751 2790 2811 2842 οὐ
2849 2791 3193 2856 συνέκλεισάς
3226 2811 3293 2862 με
3319 2796 3396 2857 εἰς
3425 2772 3609 2866 χεῖρας
3640 2793 3871 2866 ἐχθρῶν.

1865 2894 2242 2952 ΑΤιιΑΝΑδιι
2281 2899 2860 2960 ιΝΤΕιιΡιιΕΤΑΤιΟ.

824 3001 890 3054 Ἡ
922 3003 1254 3076 προκειμένη
1291 3005 1571 3078 ἐπιγραφὴ
1606 3009 1848 3080 περιέχει
1869 3028 1882 3041 ·
1923 3012 2167 3080 Ψαλμὸς
2197 3013 2272 3083 (1)
2304 3015 2383 3081 τῷ
2404 3019 2602 3085 Δαϐὶδ,
2635 3021 2979 3088 ἐκστάσεως
3006 3062 3019 3087 ,
3051 3025 3292 3077 τουτέστι
3325 3023 3414 3078 τὸν
3455 3023 3964 3096 ψαλμὸν-εἴρηκενό

741 3094 906 3148 Δαϐὶδ
935 3098 1014 3159 είς
1042 3098 1167 3160 τοὺς
1205 3098 1422 3162 τελείως
1439 3102 1735 3165 ὲκστὰντας
1765 3102 1873 3155 ἀπὸ
1894 3103 1992 3174 τῆς
2011 3106 2306 3175 ἁμαρτίας,
2339 3109 2433 3162 καὶ
2467 3112 2897 3182 ἐπιστρέψαντας
2927 3114 3019 3166 ἐπὶ
3049 3115 3138 3168 τὸν
3170 3116 3390 3188 Κύριον.

818 3207 1032 3265 Titulus
1061 3214 1388 3280 praepositus
1418 3216 1662 3270 continet
1689 3235 1702 3271 :
1733 3217 1980 3272 Psalmus
2009 3219 2179 3273 David
2203 3238 2297 3289 pro
2321 3225 2545 3292 exstasi,
2564 3240 2656 3280 seu
2692 3241 2792 3295 pro
2815 3228 3080 3296 discessu,
3104 3229 3206 3285 hoc
3226 3239 3328 3293 est,
3357 3231 3617 3300 psalmum
3643 3231 3788 3286 dixit
3814 3231 3963 3286 David

741 3305 809 3357 de
835 3303 1234 3361 discedentibus
1260 3309 1482 3363 omnino
1515 3327 1543 3364 a
1587 3313 1841 3380 peccatis,
1872 3323 1926 3368 et
1957 3330 2014 3368 se
2045 3316 2110 3370 ad
2140 3316 2428 3374 Dominum
2459 3323 2922 3379 convertentibus.

810 3425 865 3479 1.
891 3422 1119 3478 Omnem
1160 3442 1334 3482 meam
1365 3429 1782 3485 sollicitudinem
1817 3432 2025 3489 habens
2052 3435 2107 3488 in
2138 3445 2210 3492 te.
2325 3443 2370 3505 C

2196 3476 2210 3491 .
2325 3443 2370 3505 C
2470 3441 2523 3496 1.
2553 3441 2664 3513 Τὴν
2686 3443 2953 3515 μέριμναν
2992 3461 3093 3514 μου
3125 3444 3307 3498 πᾶσαν
3328 3443 3420 3496 ἐπὶ
3442 3443 3500 3496 σὲ
3531 3442 3666 3514 ἔχων

808 3515 866 3569 9..
893 3513 970 3570 Ne
1000 3517 1265 3586 reprobus
1297 3519 1445 3584 liam,
1476 3518 1724 3576 Domine.

2475 3533 2529 3587 2.
2560 3533 2646 3605 Μὴ
2666 3513 2920 3606 ἀδόκιμος
2937 3513 3200 3605 γένωμαι,
3236 3534 3425 3606 Κύριε.

805 3608 859 3660 5.
896 3607 1166 3678 Benignas
1195 3626 1356 3666 aures
1383 3611 1519 3665 mihi
1553 3613 1752 3682 praebe.

2475 3626 2529 3680 5.
2562 3626 2776 3696 Εὐμενῆ
2814 3644 2904 3696 μοι
2934 3625 3002 3679 τὰ
3031 3620 3143 3679 ὦτα
3167 3627 3241 3696 (3)
3271 3627 3569 3697 παράσχου.

810 3699 863 3751 4.
897 3698 964 3751 Et
1000 3699 1193 3756 festina
1227 3704 1292 3757 ad
1329 3720 1416 3759 me
1450 3706 1809 3761 liberandum.

2473 3716 2527 3770 4.
2557 3718 2665 3769 Καὶ
2695 3717 2924 3769 σπεῦσον
2961 3716 3051 3768 τοῦ
3093 3717 3367 3783 ἐξελέσθαι
3394 3735 3479 3786 με.

810 3791 865 3846 5.
897 3791 1032 3845 Esto
1063 3794 1189 3846 milii
1223 3797 1278 3846 in
1319 3795 1488 3848 Deum
1520 3799 1872 3866 opitulantem
1902 3799 2057 3854 mibi.

2476 3807 2528 3861 5.
2555 3808 2745 3861 Γενοῦ
2763 3826 2864 3875 μοι
2893 3811 2982 3874 είς
3005 3809 3152 3861 Θεὸν
3179 3809 3613 3878 ἀντιποιούμενὸν
3646 3827 3783 3879 μου.

810 3882 866 3936 6.
895 3882 997 3947 Qui
1028 3885 1171 3937 enim
1203 3885 1266 3939 ad
1296 3894 1344 3939 te
1376 3887 1520 3940 venit
1546 3903 1652 3940 non
1683 3887 1950 3956 ejicietur.

2475 3898 2526 3951 6.
2573 3899 2629 3951 '0
2657 3899 2764 3973 γᾴρ
2787 3899 3078 3970 ἐρχόμενος
3106 3898 3240 3970 πρὸς
3261 3899 3320 3950 σὲ
3355 3900 3415 3952 οὐ
3457 3900 3528 3969 μὴ
3567 3898 3762 3971 ἐξέλθῃ
3801 3901 3911 3966 ἔξω.

813 3972 863 4026 7.
899 3972 1166 4039 Quoniam
1197 3976 1369 4030 virtus
1411 3993 1530 4032 mea
1578 3988 1632 4032 et
1665 3980 2061 4038 munimentum
2117 3996 2298 4035 meum

2032 3996 2061 4033 η
2117 3996 2298 4035 meum
2472 3990 2526 4041 7.
2551 3990 2670 4043 Ὅτι
2708 3972 2855 4059 ίσχύς
2893 4007 2992 4060 μου
3027 3991 3121 4043 καί
3150 3991 3326 4060 τεῖχός
3356 4008 3452 4060 μου
3481 3986 3530 4042 εἷ
3557 3988 3638 4044 σύ.

742 4071 801 4112 es
835 4067 912 4112 tu.

812 4150 864 4204 8.
897 4149 961 4204 Et
991 4161 1211 4222 propter
1254 4171 1449 4211 nomen
1498 4167 1649 4212 tuum
1699 4160 1872 4215 deduc
1902 4177 2009 4225 me,
2041 4170 2095 4215 et
2123 4162 2299 4216 enutri

2473 4164 2525 4217 8.
2554 4163 2663 4216 Καὶ
2683 4164 2770 4215 διὰ
2793 4161 2884 4214 τοῦ
2918 4163 3177 4232 ὀνόματός
3213 4179 3301 4214 σου
3333 4161 3406 4231 (4)
3436 4161 3700 4230 ὁδήγησὸν
3750 4181 3842 4232 με,
3875 4163 3949 4215 καὶ

737 4258 826 4296 me
854 4244 907 4296 in
934 4245 1419 4312 justiﬂcationibus
1449 4251 1576 4305 tuis.

2401 4254 2688 4325 διάθρεψόν
2724 4271 2791 4324 με
2824 4257 2881 4306 ὲν
2913 4257 3030 4317 τοῖς
3056 4252 3385 4320 δικαιώμασί
3417 4271 3514 4323 μου
3547 4253 3636 4323 (5).

809 4335 863 4390 9.
898 4334 975 4388 Ex
1009 4349 1230 4405 peccato
1259 4341 1596 4396 inhabitante
1628 4345 1680 4396 in
1712 4345 1872 4399 corde
1912 4361 2055 4399 meo.

2472 4348 2524 4400 9.
2554 4346 2664 4415 Τῆς
2685 4345 2998 4416 ὲνοικούσης
3033 4346 3090 4397 ἐν
3126 4349 3190 4414 τῇ
3231 4345 3421 4416 καρδίᾳ
3447 4364 3544 4415 μου
3579 4347 3873 4417 ἁμαρτίας.

807 4427 896 4481 10.
928 4428 1196 4494 Quoniam
1232 4442 1285 4487 tu
1315 4450 1373 4488 es
1400 4446 1676 4504 protector
1704 4453 1875 4502 meus,
1910 4438 2154 4492 Domine.

2016 4439 2154 4492 nine.
2474 4439 2558 4492 10.
2585 4439 2708 4490 Ὅτι
2740 4439 2804 4490 σὺ
2828 4433 2878 4489 εἴ
2898 4440 2925 4490 ὁ
2949 4439 3260 4508 σκεπαστής
3291 4455 3412 4507 μου,
3437 4438 3622 4507 Κύριε.

808 4520 895 4574 11.
926 4521 1181 4574 Animam
1211 4539 1410 4589 meam,
1444 4526 1639 4594 inquit.

2468 4530 2552 4582 11.
2586 4530 2696 4600 Τὴν
2715 4529 2894 4600 ψυχήν
2926 4547 3045 4599 μου,
3069 4529 3234 4597 λέγει.
3517 4619 3542 4628 υ
3578 4619 3589 4628 ⁸
3647 4619 3697 4628 η
3922 4617 3941 4628 -

810 4610 897 4665 12.
931 4610 1226 4668 Redemisti
1274 4632 1359 4669 me
1391 4633 1454 4670 ex
1501 4619 1761 4674 servitute
1795 4621 2060 4676 mendacii
2089 4631 2167 4686 tu,
2205 4622 2296 4690 qui

2471 4621 2557 4673 12.
2606 4620 2924 4690 Ἐλυτρώσω
2951 4638 3016 4691 με
3052 4621 3149 4688 τῆς
3183 4619 3422 4683 δουλείας
3452 4619 3543 4671 τοῦ
3564 4619 3798 4688 ψεύδους
3819 4624 3844 4674 ὁ
3866 4617 3943 4673 τοῦ

734 4716 795 4755 es
827 4700 968 4756 Deus
995 4705 1179 4772 populi
1218 4707 1480 4762 veritatis.

2399 4713 2527 4766 λαοῦ
2566 4713 2666 4783 τῆς
2694 4713 2947 4782 ἀληθείας
2971 4715 3118 4777 Θεός.

806 4791 894 4846 15.
925 4793 1094 4848 Odisti
1129 4809 1507 4862 permanentes
1536 4801 1588 4854 in
1616 4813 1856 4871 peccato.
2329 4792 2373 4848 θ

2329 4792 2373 4848 D
2473 4803 2556 4856 15.
2604 4803 2901 4873 Ἐμίσησας
2929 4806 3048 4866 τοὺς
3071 4804 3421 4873 ἐπιμένοντας
3444 4806 3507 4873 τῇ
3529 4804 3793 4875 ἁμαρτίᾳ.

807 4883 892 4936 14.
929 4883 1305 4942 Constituente
1331 4901 1482 4944 extra
1513 4909 1776 4949 errorem.

2477 4894 2562 4946 14.
2593 4893 2682 4965 Τῷ
2712 4894 2882 4956 ὲκτῶς
2921 4895 2996 4962 (6)
3033 4895 3236 4964 πλάνης
3267 4896 3576 4963 παρέχοντι.

809 4977 896 5030 15.
927 4977 1065 5031 Cum
1100 4981 1530 5038 miscricordiam
1567 5002 1595 5039 a
1647 4997 1697 5041 te
1747 4998 2070 5043 consecutus
2117 4988 2291 5054 fuero,

2476 4985 2560 5038 15.
2606 4986 2692 5036 Ἐν
2716 4985 2792 5054 τῷ
2816 4985 3076 5037 ὲλεεῖσθαί
3103 5003 3166 5055 με
3196 4988 3298 5039 ὑπὸ
3326 4987 3417 5038 σοῦ
3436 4984 3938 5059 ἁγαλλιάσομαι,κιιὶ

734 5069 1016 5123 cxsultabo
1057 5081 1111 5125 et
1141 5071 1364 5128 laetabor
1400 5076 1454 5129 in
1481 5080 1642 5133 corde
1676 5097 1815 5135 meo.

1769 5097 1815 5134 ο.
2403 5077 2852 5147 εὐφρανθήσομαι
2885 5078 2942 5129 ἐν
2967 5081 3031 5147 τῇ
3056 5078 3249 5148 καρδίᾳ
3277 5096 3375 5147 μου

804 5163 893 5213 16.
917 5160 1189 5226 Quoniam
1216 5165 1644 5226 animadvertisti
1676 5174 2040 5228 inﬁrmitatem
2071 5186 2263 5227 meam.

1950 5190 2040 5228 .em
2071 5186 2263 5227 meam.
2473 5165 2558 5222 16.
2589 5168 2712 5220 Ὀτι
2742 5170 3038 5240 προσέσχες
3065 5172 3129 5239 τῇ
3155 5170 3403 5240 ἀσθενείᾳ
3436 5187 3556 5239 μου.

804 5253 892 5306 17.
927 5252 1006 5306 Ex
1039 5257 1294 5322 peccatis.

2471 5261 2557 5313 17.
2607 5261 2699 5311 Ἐκ
2721 5259 2826 5312 τῶν
2856 5259 3153 5330 ἁμαρτιῶν.

810 5345 894 5397 18.
927 5344 1159 5400 Diaboli.

2471 5351 2556 5405 18.
2591 5349 2697 5402 Τοῦ
2722 5351 2983 5404 διαϐόλου.

1683 5463 1982 5526 Addenda
2044 5475 2102 5527 et
2138 5468 2508 5546 corrigenda
2541 5483 2618 5526 ex
2650 5466 2787 5526 cod.
2821 5467 3019 5526 Vntic.

805 5563 982 5654 (1)’⁹11
1008 5566 1092 5619 διὰ
1115 5569 1211 5638 τῆς
1240 5569 1601 5640 κινναΰάρεως
1634 5571 1904 5641 περιέχει·
1939 5574 2016 5635 είς
2053 5573 2112 5625 τὸ
2144 5576 2292 5638 τέλος
2570 5565 2709 5654 Ϊῂῼτα
2743 5586 2855 5654 σου.

731 5633 1181 5721 eaeaeae-.4
1534 5711 1543 5721 .
1791 5633 1820 5640 "
1904 5633 2014 5721 __;
2468 5633 2976 5721 (ιιιδδνομάσουο

811 5709 966 5763 (2.x.
1019 5709 1324 5776 [Μίμοις.
1378 5712 1466 5762 ἐπὶ
1500 5711 1555 5762 σὲ
1589 5713 1819 5782 ἐθέμην,
1858 5715 1928 5781 μὴ
1956 5715 2060 5775 ἀδη
2089 5725 2189 5771 etc.
2220 5715 2281 5770 N.
2464 5713 2538 5777 t5)
2567 5711 2687 5832 Σοζο

843 5777 924 5828 Ἐἰ
954 5778 1025 5827 τοῖι
1064 5781 1167 5831 Υἱύ
1207 5799 1295 5832 σθ’)
1330 5781 1484 5832 ῥῦσαί
1522 5801 1605 5832 ιιι.
1636 5786 1720 5832 καῖ
1751 5785 1926 5832 ὲΞςλοῗι
1960 5804 2036 5832 ut.
2473 5782 2545 5832 (Gl
2589 5782 2638 5832 Ἰι
2669 5778 2740 5831 ,τά

736 5778 790 5831 ‘2.
843 5778 924 5828 Ἐἰ
954 5778 1025 5846 τῷ
1064 5781 1167 5847 Υἱῳ
1207 5799 1295 5832 σον
1329 5781 1484 5851 ῥῦσαί
1520 5801 1605 5851 με,
1636 5778 1720 5835 καὶ
1751 5778 1927 5850 ὲξςὶξοῦ
1959 5804 2036 5852 με.
2473 5782 2545 5849 (6)
2589 5778 2789 5841 liv-1'56-
