  <div class='ocr_page' id='page_1' title='image "/cluster/home/n/w/nwhite01/storage/ocr_20150623/27/pst.000005712182/386.png"; bbox 0 0 4084 6322; ppageno 0'>
   <div class='ocr_carea' id='block_1_1' title="bbox 202 374 3424 437">
    <p class='ocr_par' dir='ltr' id='par_1_1' title="bbox 202 374 3424 437">
     <span class='ocr_line' id='line_1_1' title="bbox 202 374 3424 437; baseline 0.002 -8"><span class='ocrx_word' id='word_1_1' title='bbox 202 374 306 433; x_wconf 84' lang='grc'><strong>757</strong></span> <span class='ocrx_word' id='word_1_2' title='bbox 1092 376 1179 433; x_wconf 84' lang='lat' dir='ltr'><strong>DE</strong></span> <span class='ocrx_word' id='word_1_3' title='bbox 1219 378 1494 434; x_wconf 83' lang='lat' dir='ltr'><strong>TlTULlS</strong></span> <span class='ocrx_word' id='word_1_4' title='bbox 1537 380 1982 437; x_wconf 77' lang='lat' dir='ltr'><strong>PSALMORUM.</strong></span> <span class='ocrx_word' id='word_1_5' title='bbox 2039 411 2106 422; x_wconf 93' lang='lat'><strong>——</strong></span> <span class='ocrx_word' id='word_1_6' title='bbox 2145 380 2337 437; x_wconf 82' lang='lat' dir='ltr'><strong>PSAL.</strong></span> <span class='ocrx_word' id='word_1_7' title='bbox 2375 380 2542 437; x_wconf 75' lang='lat' dir='ltr'><strong>XXX.</strong></span> <span class='ocrx_word' id='word_1_8' title='bbox 3320 381 3424 437; x_wconf 84' lang='lat'><strong>758</strong></span> 
     </span>
    </p>
   </div>
   <div class='ocr_carea' id='block_1_2' title="bbox 271 494 1884 571">
    <p class='ocr_par' dir='ltr' id='par_1_2' title="bbox 271 494 1843 571">
     <span class='ocr_line' id='line_1_2' title="bbox 271 494 1843 571; baseline 0.006 -25"><span class='ocrx_word' id='word_1_9' title='bbox 271 494 359 548; x_wconf 90' lang='grc'><strong>19.</strong></span> <span class='ocrx_word' id='word_1_10' title='bbox 390 494 664 566; x_wconf 82' lang='grc' dir='ltr'>Ἐστησας</span> <span class='ocrx_word' id='word_1_11' title='bbox 685 495 744 550; x_wconf 86' lang='grc' dir='ltr'><strong>ἐν</strong></span> <span class='ocrx_word' id='word_1_12' title='bbox 777 495 1074 569; x_wconf 81' lang='grc' dir='ltr'><strong>εὐρυχώρῳ</strong></span> <span class='ocrx_word' id='word_1_13' title='bbox 1106 498 1231 562; x_wconf 82' lang='grc' dir='ltr'>τοὺς</span> <span class='ocrx_word' id='word_1_14' title='bbox 1264 499 1428 563; x_wconf 83' lang='grc' dir='ltr'>πόδας</span> <span class='ocrx_word' id='word_1_15' title='bbox 1470 518 1591 571; x_wconf 88' lang='grc' dir='ltr'>μου.</span> <span class='ocrx_word' id='word_1_16' title='bbox 1801 510 1843 563; x_wconf 80' lang='grc' dir='ltr'>Α</span> 
     </span>
    </p>
   </div>
   <div class='ocr_carea' id='block_1_3' title="bbox 1605 494 3218 571">
    <p class='ocr_par' dir='ltr' id='par_1_3' title="bbox 1801 497 3218 568">
     <span class='ocr_line' id='line_1_3' title="bbox 1801 497 3218 568; baseline -0.004 -13"><span class='ocrx_word' id='word_1_17' title='bbox 1801 510 1843 563; x_wconf 79' lang='grc' dir='ltr'>Α</span> <span class='ocrx_word' id='word_1_18' title='bbox 1953 501 2038 555; x_wconf 97' lang='grc'><strong>19.</strong></span> <span class='ocrx_word' id='word_1_19' title='bbox 2073 499 2322 555; x_wconf 89' lang='lat' dir='ltr'><strong>Statuisti</strong></span> <span class='ocrx_word' id='word_1_20' title='bbox 2359 499 2411 552; x_wconf 92' lang='lat' dir='ltr'><strong>in</strong></span> <span class='ocrx_word' id='word_1_21' title='bbox 2450 499 2571 553; x_wconf 93' lang='lat' dir='ltr'><strong>loco</strong></span> <span class='ocrx_word' id='word_1_22' title='bbox 2598 497 2836 567; x_wconf 89' lang='lat' dir='ltr'><strong>spatioso</strong></span> <span class='ocrx_word' id='word_1_23' title='bbox 2866 498 3025 568; x_wconf 86' lang='lat' dir='ltr'><strong>ped&#39;es</strong></span> <span class='ocrx_word' id='word_1_24' title='bbox 3048 513 3218 552; x_wconf 89' lang='lat' dir='ltr'><strong>meos.</strong></span> 
     </span>
    </p>
   </div>
   <div class='ocr_carea' id='block_1_4' title="bbox 264 586 1877 662">
    <p class='ocr_par' dir='ltr' id='par_1_4' title="bbox 264 586 1459 662">
     <span class='ocr_line' id='line_1_4' title="bbox 264 586 1459 662; baseline 0.004 -23"><span class='ocrx_word' id='word_1_25' title='bbox 264 586 360 640; x_wconf 90' lang='lat'>20.</span> <span class='ocrx_word' id='word_1_26' title='bbox 408 586 657 659; x_wconf 87' lang='grc' dir='ltr'>Ἐλέησόν</span> <span class='ocrx_word' id='word_1_27' title='bbox 685 606 807 659; x_wconf 89' lang='grc' dir='ltr'>μου,</span> <span class='ocrx_word' id='word_1_28' title='bbox 838 588 1031 659; x_wconf 84' lang='grc' dir='ltr'>Κύριε,</span> <span class='ocrx_word' id='word_1_29' title='bbox 1059 591 1141 643; x_wconf 83' lang='grc' dir='ltr'>ὅτι</span> <span class='ocrx_word' id='word_1_30' title='bbox 1174 591 1423 662; x_wconf 84' lang='grc' dir='ltr'>θλίϐομαι</span> <span class='ocrx_word' id='word_1_31' title='bbox 1445 608 1459 620; x_wconf 81' lang='lat'><strong>&#39;</strong></span> 
     </span>
    </p>
   </div>
   <div class='ocr_carea' id='block_1_5' title="bbox 1712 586 3325 662">
    <p class='ocr_par' dir='ltr' id='par_1_5' title="bbox 1940 588 3325 659">
     <span class='ocr_line' id='line_1_5' title="bbox 1940 588 3325 659; baseline -0.001 -15"><span class='ocrx_word' id='word_1_32' title='bbox 1940 592 2028 644; x_wconf 83' lang='lat'>20.</span> <span class='ocrx_word' id='word_1_33' title='bbox 2061 590 2314 646; x_wconf 82' lang='lat' dir='ltr'><strong>Miserere</strong></span> <span class='ocrx_word' id='word_1_34' title='bbox 2344 591 2470 656; x_wconf 89' lang='lat' dir='ltr'><strong>mei,</strong></span> <span class='ocrx_word' id='word_1_35' title='bbox 2509 589 2753 649; x_wconf 87' lang='lat' dir='ltr'><strong>Domine,</strong></span> <span class='ocrx_word' id='word_1_36' title='bbox 2784 589 3039 659; x_wconf 87' lang='lat' dir='ltr'><strong>quoniam</strong></span> <span class='ocrx_word' id='word_1_37' title='bbox 3068 588 3325 643; x_wconf 89' lang='lat' dir='ltr'><strong>tribulor:</strong></span> 
     </span>
    </p>
   </div>
   <div class='ocr_carea' id='block_1_6' title="bbox 266 680 1879 755">
    <p class='ocr_par' dir='ltr' id='par_1_6' title="bbox 266 680 1520 755">
     <span class='ocr_line' id='line_1_6' title="bbox 266 680 1520 755; baseline 0.004 -22"><span class='ocrx_word' id='word_1_38' title='bbox 266 680 363 735; x_wconf 91' lang='lat' dir='ltr'>2l.</span> <span class='ocrx_word' id='word_1_39' title='bbox 410 681 714 754; x_wconf 80' lang='grc' dir='ltr'>Ἐταράχθη</span> <span class='ocrx_word' id='word_1_40' title='bbox 746 683 805 735; x_wconf 79' lang='grc' dir='ltr'><strong>ἐν</strong></span> <span class='ocrx_word' id='word_1_41' title='bbox 835 681 993 754; x_wconf 83' lang='grc' dir='ltr'>θυμῷ</span> <span class='ocrx_word' id='word_1_42' title='bbox 1020 686 1048 737; x_wconf 86' lang='grc' dir='ltr'>ὁ</span> <span class='ocrx_word' id='word_1_43' title='bbox 1076 683 1354 755; x_wconf 76' lang='grc' dir='ltr'>ὀφθαλμός</span> <span class='ocrx_word' id='word_1_44' title='bbox 1380 702 1480 755; x_wconf 90' lang='grc' dir='ltr'><strong>μου</strong></span> <span class='ocrx_word' id='word_1_45' title='bbox 1506 727 1520 751; x_wconf 92' lang='grc'>,</span> 
     </span>
    </p>
   </div>
   <div class='ocr_carea' id='block_1_7' title="bbox 1540 680 3153 755">
    <p class='ocr_par' dir='ltr' id='par_1_7' title="bbox 1940 682 3153 748">
     <span class='ocr_line' id='line_1_7' title="bbox 1940 682 3153 748; baseline -0.002 -9"><span class='ocrx_word' id='word_1_46' title='bbox 1940 685 2027 739; x_wconf 83' lang='grc'><strong>21.</strong></span> <span class='ocrx_word' id='word_1_47' title='bbox 2064 684 2431 739; x_wconf 88' lang='lat' dir='ltr'><strong>Conturbatus</strong></span> <span class='ocrx_word' id='word_1_48' title='bbox 2459 692 2541 739; x_wconf 90' lang='lat' dir='ltr'><strong>est</strong></span> <span class='ocrx_word' id='word_1_49' title='bbox 2571 683 2625 737; x_wconf 90' lang='lat' dir='ltr'><strong>in</strong></span> <span class='ocrx_word' id='word_1_50' title='bbox 2656 683 2735 737; x_wconf 90' lang='lat' dir='ltr'><strong>ira</strong></span> <span class='ocrx_word' id='word_1_51' title='bbox 2763 682 2956 738; x_wconf 83' lang='lat' dir='ltr'><strong>oculus</strong></span> <span class='ocrx_word' id='word_1_52' title='bbox 2981 696 3153 748; x_wconf 82' lang='lat' dir='ltr'><strong>meus,</strong></span> 
     </span>
    </p>
   </div>
   <div class='ocr_carea' id='block_1_8' title="bbox 265 771 1878 845">
    <p class='ocr_par' dir='ltr' id='par_1_8' title="bbox 265 771 1375 845">
     <span class='ocr_line' id='line_1_8' title="bbox 265 771 1375 845; baseline 0.003 -21"><span class='ocrx_word' id='word_1_53' title='bbox 265 773 359 826; x_wconf 83' lang='grc'><strong>22.</strong></span> <span class='ocrx_word' id='word_1_54' title='bbox 404 771 464 825; x_wconf 82' lang='grc' dir='ltr'><strong>Ἠ</strong></span> <span class='ocrx_word' id='word_1_55' title='bbox 500 772 642 843; x_wconf 65' lang='grc' dir='ltr'>ψυχή</span> <span class='ocrx_word' id='word_1_56' title='bbox 673 789 794 842; x_wconf 90' lang='grc' dir='ltr'>μου,</span> <span class='ocrx_word' id='word_1_57' title='bbox 830 773 976 844; x_wconf 81' lang='grc' dir='ltr'>καὶὴ</span> <span class='ocrx_word' id='word_1_58' title='bbox 1010 775 1219 845; x_wconf 79' lang='grc' dir='ltr'>γαστήρ</span> <span class='ocrx_word' id='word_1_59' title='bbox 1252 792 1375 845; x_wconf 91' lang='grc' dir='ltr'>μου.</span> 
     </span>
    </p>
   </div>
   <div class='ocr_carea' id='block_1_9' title="bbox 1329 771 2942 845">
    <p class='ocr_par' dir='ltr' id='par_1_9' title="bbox 1329 778 2942 840">
     <span class='ocr_line' id='line_1_9' title="bbox 1329 778 2942 840; baseline 0.001 -14"><span class='ocrx_word' id='word_1_60' title='bbox 1329 792 1375 827; x_wconf 83' lang='grc' dir='ltr'><strong>υ.</strong></span> <span class='ocrx_word' id='word_1_61' title='bbox 1941 778 2032 831; x_wconf 86' lang='grc'><strong>22.</strong></span> <span class='ocrx_word' id='word_1_62' title='bbox 2064 778 2262 830; x_wconf 85' lang='lat' dir='ltr'><strong>Anima</strong></span> <span class='ocrx_word' id='word_1_63' title='bbox 2292 790 2432 840; x_wconf 88' lang='lat' dir='ltr'><strong>mea,</strong></span> <span class='ocrx_word' id='word_1_64' title='bbox 2469 783 2523 830; x_wconf 91' lang='lat' dir='ltr'><strong>et</strong></span> <span class='ocrx_word' id='word_1_65' title='bbox 2556 785 2742 829; x_wconf 88' lang='lat' dir='ltr'><strong>venter</strong></span> <span class='ocrx_word' id='word_1_66' title='bbox 2768 789 2942 829; x_wconf 87' lang='lat' dir='ltr'><strong>meus.</strong></span> 
     </span>
    </p>
   </div>
   <div class='ocr_carea' id='block_1_10' title="bbox 265 864 1878 937">
    <p class='ocr_par' dir='ltr' id='par_1_10' title="bbox 265 864 1417 937">
     <span class='ocr_line' id='line_1_10' title="bbox 265 864 1417 937; baseline -0.001 -18"><span class='ocrx_word' id='word_1_67' title='bbox 265 865 360 920; x_wconf 82' lang='grc'><strong>25.</strong></span> <span class='ocrx_word' id='word_1_68' title='bbox 393 866 514 918; x_wconf 88' lang='grc' dir='ltr'>Ὅτι</span> <span class='ocrx_word' id='word_1_69' title='bbox 543 864 787 929; x_wconf 78' lang='grc' dir='ltr'><strong>ἐξέλιπεν</strong></span> <span class='ocrx_word' id='word_1_70' title='bbox 811 865 869 918; x_wconf 82' lang='grc' dir='ltr'>ὲν</span> <span class='ocrx_word' id='word_1_71' title='bbox 899 865 1057 937; x_wconf 82' lang='grc' dir='ltr'>ὀδύνῃ</span> <span class='ocrx_word' id='word_1_72' title='bbox 1088 868 1122 937; x_wconf 80' lang='grc' dir='ltr'>ἠ</span> <span class='ocrx_word' id='word_1_73' title='bbox 1148 865 1259 936; x_wconf 73' lang='grc' dir='ltr'><strong>ζωή</strong></span> <span class='ocrx_word' id='word_1_74' title='bbox 1296 883 1417 937; x_wconf 67' lang='lat' dir='ltr'><strong>pou-</strong></span> 
     </span>
    </p>
   </div>
   <div class='ocr_carea' id='block_1_11' title="bbox 1572 864 3185 937">
    <p class='ocr_par' dir='ltr' id='par_1_11' title="bbox 1940 867 3185 935">
     <span class='ocr_line' id='line_1_11' title="bbox 1940 867 3185 935; baseline -0.002 -12"><span class='ocrx_word' id='word_1_75' title='bbox 1940 870 2033 926; x_wconf 85' lang='grc'><strong>25.</strong></span> <span class='ocrx_word' id='word_1_76' title='bbox 2070 868 2339 935; x_wconf 85' lang='lat' dir='ltr'><strong>Quoniam</strong></span> <span class='ocrx_word' id='word_1_77' title='bbox 2368 867 2564 924; x_wconf 78' lang='lat' dir='ltr'><strong>defecit</strong></span> <span class='ocrx_word' id='word_1_78' title='bbox 2590 867 2644 922; x_wconf 90' lang='lat' dir='ltr'><strong>in</strong></span> <span class='ocrx_word' id='word_1_79' title='bbox 2674 867 2859 922; x_wconf 89' lang='lat' dir='ltr'><strong>dolore</strong></span> <span class='ocrx_word' id='word_1_80' title='bbox 2890 868 2997 922; x_wconf 88' lang='lat' dir='ltr'><strong>vita</strong></span> <span class='ocrx_word' id='word_1_81' title='bbox 3028 880 3145 921; x_wconf 88' lang='lat' dir='ltr'><strong>mea</strong></span> <span class='ocrx_word' id='word_1_82' title='bbox 3170 883 3185 931; x_wconf 87' lang='lat'><strong>;</strong></span> 
     </span>
    </p>
   </div>
   <div class='ocr_carea' id='block_1_12' title="bbox 264 955 1877 1031">
    <p class='ocr_par' dir='ltr' id='par_1_12' title="bbox 264 955 1283 1027">
     <span class='ocr_line' id='line_1_12' title="bbox 264 955 1283 1027; baseline -0.001 -17"><span class='ocrx_word' id='word_1_83' title='bbox 264 956 357 1010; x_wconf 78' lang='grc'><strong>24.</strong></span> <span class='ocrx_word' id='word_1_84' title='bbox 384 956 490 1010; x_wconf 76' lang='grc' dir='ltr'>Καὶ</span> <span class='ocrx_word' id='word_1_85' title='bbox 515 956 580 1009; x_wconf 79' lang='grc' dir='ltr'>τὰ</span> <span class='ocrx_word' id='word_1_86' title='bbox 601 955 691 1027; x_wconf 79' lang='grc' dir='ltr'><strong>ἐτη</strong></span> <span class='ocrx_word' id='word_1_87' title='bbox 720 973 821 1027; x_wconf 88' lang='grc' dir='ltr'><strong>μου</strong></span> <span class='ocrx_word' id='word_1_88' title='bbox 854 957 911 1010; x_wconf 91' lang='grc' dir='ltr'><strong>ἐν</strong></span> <span class='ocrx_word' id='word_1_89' title='bbox 944 960 1283 1027; x_wconf 79' lang='grc' dir='ltr'><strong>στεναγμοῖς.</strong></span> 
     </span>
    </p>
   </div>
   <div class='ocr_carea' id='block_1_13' title="bbox 1231 955 2844 1031">
    <p class='ocr_par' dir='ltr' id='par_1_13' title="bbox 1231 960 2844 1031">
     <span class='ocr_line' id='line_1_13' title="bbox 1231 960 2844 1031; baseline -0.003 -11"><span class='ocrx_word' id='word_1_90' title='bbox 1231 960 1283 1020; x_wconf 75' lang='grc' dir='ltr'><strong>ῖς·</strong></span> <span class='ocrx_word' id='word_1_91' title='bbox 1939 962 2030 1017; x_wconf 74' lang='grc'><strong>24.</strong></span> <span class='ocrx_word' id='word_1_92' title='bbox 2059 961 2125 1015; x_wconf 89' lang='grc' dir='ltr'>Ει</span> <span class='ocrx_word' id='word_1_93' title='bbox 2157 961 2284 1017; x_wconf 89' lang='lat' dir='ltr'><strong>anni</strong></span> <span class='ocrx_word' id='word_1_94' title='bbox 2319 961 2425 1016; x_wconf 90' lang='lat' dir='ltr'><strong>mei</strong></span> <span class='ocrx_word' id='word_1_95' title='bbox 2457 961 2510 1015; x_wconf 90' lang='lat' dir='ltr'><strong>in</strong></span> <span class='ocrx_word' id='word_1_96' title='bbox 2537 960 2844 1031; x_wconf 78' lang='lat' dir='ltr'><strong>gemitibus.</strong></span> 
     </span>
    </p>
   </div>
   <div class='ocr_carea' id='block_1_14' title="bbox 262 1046 1875 1124">
    <p class='ocr_par' dir='ltr' id='par_1_14' title="bbox 262 1046 1499 1121">
     <span class='ocr_line' id='line_1_14' title="bbox 262 1046 1499 1121; baseline 0.002 -22"><span class='ocrx_word' id='word_1_97' title='bbox 262 1047 357 1100; x_wconf 79' lang='lat'>25.</span> <span class='ocrx_word' id='word_1_98' title='bbox 410 1046 731 1119; x_wconf 82' lang='grc' dir='ltr'>Ἡσθένησεν</span> <span class='ocrx_word' id='word_1_99' title='bbox 752 1049 810 1103; x_wconf 84' lang='grc' dir='ltr'>ὲν</span> <span class='ocrx_word' id='word_1_100' title='bbox 838 1048 1083 1121; x_wconf 79' lang='grc' dir='ltr'><strong>πτωχείᾳ</strong></span> <span class='ocrx_word' id='word_1_101' title='bbox 1116 1051 1150 1119; x_wconf 84' lang='grc' dir='ltr'>ἡ</span> <span class='ocrx_word' id='word_1_102' title='bbox 1188 1048 1339 1119; x_wconf 82' lang='grc' dir='ltr'>ἰσχύς</span> <span class='ocrx_word' id='word_1_103' title='bbox 1378 1066 1499 1120; x_wconf 87' lang='grc' dir='ltr'>μου·</span> 
     </span>
    </p>
   </div>
   <div class='ocr_carea' id='block_1_15' title="bbox 1660 1046 3273 1124">
    <p class='ocr_par' dir='ltr' id='par_1_15' title="bbox 1945 1050 3273 1124">
     <span class='ocr_line' id='line_1_15' title="bbox 1945 1050 3273 1124; baseline -0.005 -16"><span class='ocrx_word' id='word_1_104' title='bbox 1945 1054 2038 1109; x_wconf 80' lang='grc'><strong>25.</strong></span> <span class='ocrx_word' id='word_1_105' title='bbox 2069 1054 2344 1108; x_wconf 73' lang='lat' dir='ltr'><strong>Infirmata</strong></span> <span class='ocrx_word' id='word_1_106' title='bbox 2378 1061 2462 1109; x_wconf 90' lang='lat' dir='ltr'><strong>est</strong></span> <span class='ocrx_word' id='word_1_107' title='bbox 2494 1054 2547 1107; x_wconf 93' lang='lat' dir='ltr'><strong>in</strong></span> <span class='ocrx_word' id='word_1_108' title='bbox 2573 1059 2887 1124; x_wconf 77' lang='lat' dir='ltr'><strong>paupertate</strong></span> <span class='ocrx_word' id='word_1_109' title='bbox 2913 1050 3086 1104; x_wconf 88' lang='lat' dir='ltr'><strong>virtus</strong></span> <span class='ocrx_word' id='word_1_110' title='bbox 3113 1062 3232 1104; x_wconf 87' lang='lat' dir='ltr'><strong>mea</strong></span> <span class='ocrx_word' id='word_1_111' title='bbox 3258 1066 3273 1102; x_wconf 87' lang='lat'><strong>:</strong></span> 
     </span>
    </p>
   </div>
   <div class='ocr_carea' id='block_1_16' title="bbox 262 1140 1875 1215">
    <p class='ocr_par' dir='ltr' id='par_1_16' title="bbox 262 1140 1320 1215">
     <span class='ocr_line' id='line_1_16' title="bbox 262 1140 1320 1215; baseline 0.001 -21"><span class='ocrx_word' id='word_1_112' title='bbox 262 1140 356 1194; x_wconf 86' lang='lat'>26.</span> <span class='ocrx_word' id='word_1_113' title='bbox 407 1142 516 1195; x_wconf 65' lang='lat' dir='ltr'><strong>Kal</strong></span> <span class='ocrx_word' id='word_1_114' title='bbox 542 1141 609 1196; x_wconf 79' lang='grc' dir='ltr'>τὰ</span> <span class='ocrx_word' id='word_1_115' title='bbox 631 1144 763 1196; x_wconf 77' lang='grc' dir='ltr'>ὀστᾶ</span> <span class='ocrx_word' id='word_1_116' title='bbox 787 1160 887 1213; x_wconf 90' lang='grc' dir='ltr'><strong>μου</strong></span> <span class='ocrx_word' id='word_1_117' title='bbox 918 1142 1320 1215; x_wconf 80' lang='grc' dir='ltr'>ἐταράχθησαν.</span> 
     </span>
    </p>
   </div>
   <div class='ocr_carea' id='block_1_17' title="bbox 1351 1140 2964 1215">
    <p class='ocr_par' dir='ltr' id='par_1_17' title="bbox 1949 1143 2964 1200">
     <span class='ocr_line' id='line_1_17' title="bbox 1949 1143 2964 1200; baseline -0.007 -1"><span class='ocrx_word' id='word_1_118' title='bbox 1949 1145 2039 1199; x_wconf 91' lang='lat'>26.</span> <span class='ocrx_word' id='word_1_119' title='bbox 2074 1143 2140 1199; x_wconf 87' lang='lat' dir='ltr'><strong>Et</strong></span> <span class='ocrx_word' id='word_1_120' title='bbox 2164 1160 2288 1200; x_wconf 89' lang='lat' dir='ltr'><strong>ossa</strong></span> <span class='ocrx_word' id='word_1_121' title='bbox 2322 1160 2438 1199; x_wconf 90' lang='lat' dir='ltr'><strong>mea</strong></span> <span class='ocrx_word' id='word_1_122' title='bbox 2469 1143 2787 1200; x_wconf 85' lang='lat' dir='ltr'><strong>conturbata</strong></span> <span class='ocrx_word' id='word_1_123' title='bbox 2821 1149 2964 1196; x_wconf 92' lang='lat' dir='ltr'><strong>sunt.</strong></span> 
     </span>
    </p>
   </div>
   <div class='ocr_carea' id='block_1_18' title="bbox 268 1230 1881 1308">
    <p class='ocr_par' dir='ltr' id='par_1_18' title="bbox 268 1231 1774 1307">
     <span class='ocr_line' id='line_1_18' title="bbox 268 1231 1774 1307; baseline -0.001 -22"><span class='ocrx_word' id='word_1_124' title='bbox 268 1232 363 1285; x_wconf 88' lang='lat'>27.</span> <span class='ocrx_word' id='word_1_125' title='bbox 413 1233 572 1307; x_wconf 76' lang='grc' dir='ltr'>Παρὰ</span> <span class='ocrx_word' id='word_1_126' title='bbox 612 1233 820 1300; x_wconf 81' lang='grc' dir='ltr'>πάντας</span> <span class='ocrx_word' id='word_1_127' title='bbox 880 1235 1010 1298; x_wconf 82' lang='grc' dir='ltr'>τοὺς</span> <span class='ocrx_word' id='word_1_128' title='bbox 1061 1232 1287 1304; x_wconf 82' lang='grc' dir='ltr'>ἐχθρούς</span> <span class='ocrx_word' id='word_1_129' title='bbox 1351 1249 1452 1302; x_wconf 86' lang='grc' dir='ltr'><strong>μου</strong></span> <span class='ocrx_word' id='word_1_130' title='bbox 1514 1231 1774 1302; x_wconf 78' lang='grc' dir='ltr'><strong>ἐγενήθην</strong></span> 
     </span>
    </p>
   </div>
   <div class='ocr_carea' id='block_1_19' title="bbox 1818 1230 3431 1308">
    <p class='ocr_par' dir='ltr' id='par_1_19' title="bbox 1949 1230 3431 1308">
     <span class='ocr_line' id='line_1_19' title="bbox 1949 1230 3431 1308; baseline -0.005 -17"><span class='ocrx_word' id='word_1_131' title='bbox 1949 1237 2042 1292; x_wconf 88' lang='lat'>27.</span> <span class='ocrx_word' id='word_1_132' title='bbox 2085 1236 2262 1308; x_wconf 89' lang='lat' dir='ltr'><strong>Super</strong></span> <span class='ocrx_word' id='word_1_133' title='bbox 2298 1252 2490 1293; x_wconf 90' lang='lat' dir='ltr'><strong>omnes</strong></span> <span class='ocrx_word' id='word_1_134' title='bbox 2521 1236 2773 1290; x_wconf 88' lang='lat' dir='ltr'><strong>inimicos</strong></span> <span class='ocrx_word' id='word_1_135' title='bbox 2799 1247 2948 1288; x_wconf 89' lang='lat' dir='ltr'><strong>meos</strong></span> <span class='ocrx_word' id='word_1_136' title='bbox 2980 1230 3152 1286; x_wconf 78' lang='lat' dir='ltr'><strong>lactus</strong></span> <span class='ocrx_word' id='word_1_137' title='bbox 3180 1243 3299 1286; x_wconf 91' lang='lat' dir='ltr'><strong>sum</strong></span> <span class='ocrx_word' id='word_1_138' title='bbox 3334 1243 3431 1298; x_wconf 86' lang='lat' dir='ltr'><strong>op-</strong></span> 
     </span>
    </p>
   </div>
   <div class='ocr_carea' id='block_1_20' title="bbox 193 1322 1806 1399">
    <p class='ocr_par' dir='ltr' id='par_1_20' title="bbox 193 1322 428 1388">
     <span class='ocr_line' id='line_1_20' title="bbox 193 1322 428 1388; baseline 0.009 -13"><span class='ocrx_word' id='word_1_139' title='bbox 193 1322 287 1377; x_wconf 77' lang='grc' dir='ltr'>δνε</span> <span class='ocrx_word' id='word_1_140' title='bbox 297 1324 428 1388; x_wconf 85' lang='grc' dir='ltr'>ιδος·</span> 
     </span>
    </p>
   </div>
   <div class='ocr_carea' id='block_1_21' title="bbox 582 1322 2195 1399">
    <p class='ocr_par' dir='ltr' id='par_1_21' title="bbox 1878 1330 2195 1399">
     <span class='ocr_line' id='line_1_21' title="bbox 1878 1330 2195 1399; baseline 0.006 -17"><span class='ocrx_word' id='word_1_141' title='bbox 1878 1330 2156 1399; x_wconf 91' lang='lat' dir='ltr'><strong>probrium</strong></span> <span class='ocrx_word' id='word_1_142' title='bbox 2183 1347 2195 1384; x_wconf 91' lang='lat'>:</span> 
     </span>
    </p>
   </div>
   <div class='ocr_carea' id='block_1_22' title="bbox 270 1414 1883 1489">
    <p class='ocr_par' dir='ltr' id='par_1_22' title="bbox 270 1414 1279 1489">
     <span class='ocr_line' id='line_1_22' title="bbox 270 1414 1279 1489; baseline 0.002 -19"><span class='ocrx_word' id='word_1_143' title='bbox 270 1416 364 1470; x_wconf 88' lang='lat'>28.</span> <span class='ocrx_word' id='word_1_144' title='bbox 395 1415 505 1470; x_wconf 73' lang='grc' dir='ltr'>Καὶ</span> <span class='ocrx_word' id='word_1_145' title='bbox 536 1418 648 1478; x_wconf 82' lang='grc' dir='ltr'>τοῖς</span> <span class='ocrx_word' id='word_1_146' title='bbox 678 1414 885 1484; x_wconf 90' lang='grc' dir='ltr'>γείτοσί</span> <span class='ocrx_word' id='word_1_147' title='bbox 919 1432 1020 1485; x_wconf 90' lang='grc' dir='ltr'><strong>μου</strong></span> <span class='ocrx_word' id='word_1_148' title='bbox 1055 1417 1279 1489; x_wconf 72' lang='grc' dir='ltr'>σφόδρα,</span> 
     </span>
    </p>
   </div>
   <div class='ocr_carea' id='block_1_23' title="bbox 1107 1414 2720 1489">
    <p class='ocr_par' dir='ltr' id='par_1_23' title="bbox 1107 1417 2720 1489">
     <span class='ocr_line' id='line_1_23' title="bbox 1107 1417 2720 1489; baseline -0.004 -10"><span class='ocrx_word' id='word_1_149' title='bbox 1107 1417 1279 1489; x_wconf 68' lang='grc' dir='ltr'>ρόδρα,</span> <span class='ocrx_word' id='word_1_150' title='bbox 1953 1419 2043 1476; x_wconf 91' lang='lat'><strong>28.</strong></span> <span class='ocrx_word' id='word_1_151' title='bbox 2076 1419 2141 1475; x_wconf 84' lang='lat' dir='ltr'><strong>Et</strong></span> <span class='ocrx_word' id='word_1_152' title='bbox 2161 1420 2357 1476; x_wconf 82' lang='lat' dir='ltr'><strong>vicinis</strong></span> <span class='ocrx_word' id='word_1_153' title='bbox 2388 1420 2524 1475; x_wconf 88' lang='lat' dir='ltr'><strong>meis</strong></span> <span class='ocrx_word' id='word_1_154' title='bbox 2548 1418 2720 1481; x_wconf 90' lang='lat' dir='ltr'><strong>valde,</strong></span> 
     </span>
    </p>
   </div>
   <div class='ocr_carea' id='block_1_24' title="bbox 266 1506 1879 1578">
    <p class='ocr_par' dir='ltr' id='par_1_24' title="bbox 266 1506 1257 1578">
     <span class='ocr_line' id='line_1_24' title="bbox 266 1506 1257 1578; baseline 0 -17"><span class='ocrx_word' id='word_1_155' title='bbox 266 1507 364 1564; x_wconf 88' lang='lat'>29.</span> <span class='ocrx_word' id='word_1_156' title='bbox 398 1507 507 1561; x_wconf 71' lang='grc' dir='ltr'><strong>Καὶ</strong></span> <span class='ocrx_word' id='word_1_157' title='bbox 532 1506 691 1575; x_wconf 82' lang='grc' dir='ltr'>φόϐος</span> <span class='ocrx_word' id='word_1_158' title='bbox 717 1509 829 1569; x_wconf 86' lang='grc' dir='ltr'>τοῖς</span> <span class='ocrx_word' id='word_1_159' title='bbox 853 1510 1111 1575; x_wconf 76' lang='grc' dir='ltr'><strong>γνωστοῖς</strong></span> <span class='ocrx_word' id='word_1_160' title='bbox 1136 1526 1257 1578; x_wconf 88' lang='grc' dir='ltr'>μου.</span> 
     </span>
    </p>
   </div>
   <div class='ocr_carea' id='block_1_25' title="bbox 1052 1506 2665 1578">
    <p class='ocr_par' dir='ltr' id='par_1_25' title="bbox 1052 1510 2665 1578">
     <span class='ocr_line' id='line_1_25' title="bbox 1052 1510 2665 1578; baseline 0.004 -20"><span class='ocrx_word' id='word_1_161' title='bbox 1052 1510 1111 1569; x_wconf 53' lang='lat' dir='ltr'><strong>vi;</strong></span> <span class='ocrx_word' id='word_1_162' title='bbox 1136 1526 1257 1578; x_wconf 85' lang='grc' dir='ltr'>μου.</span> <span class='ocrx_word' id='word_1_163' title='bbox 1947 1512 2039 1567; x_wconf 90' lang='grc'><strong>29.</strong></span> <span class='ocrx_word' id='word_1_164' title='bbox 2065 1512 2131 1567; x_wconf 85' lang='lat' dir='ltr'><strong>Et</strong></span> <span class='ocrx_word' id='word_1_165' title='bbox 2153 1513 2319 1568; x_wconf 89' lang='lat' dir='ltr'><strong>timor</strong></span> <span class='ocrx_word' id='word_1_166' title='bbox 2344 1512 2487 1568; x_wconf 91' lang='lat' dir='ltr'><strong>notis</strong></span> <span class='ocrx_word' id='word_1_167' title='bbox 2513 1512 2665 1567; x_wconf 88' lang='lat' dir='ltr'><strong>meis.</strong></span> 
     </span>
    </p>
   </div>
   <div class='ocr_carea' id='block_1_26' title="bbox 269 1596 1882 1670">
    <p class='ocr_par' dir='ltr' id='par_1_26' title="bbox 269 1596 1593 1667">
     <span class='ocr_line' id='line_1_26' title="bbox 269 1596 1593 1667; baseline -0.001 -16"><span class='ocrx_word' id='word_1_168' title='bbox 269 1596 364 1651; x_wconf 91' lang='grc'><strong>50.</strong></span> <span class='ocrx_word' id='word_1_169' title='bbox 398 1598 460 1651; x_wconf 84' lang='grc' dir='ltr'>Οἱ</span> <span class='ocrx_word' id='word_1_170' title='bbox 494 1596 820 1667; x_wconf 84' lang='grc' dir='ltr'>θεωροῦντές</span> <span class='ocrx_word' id='word_1_171' title='bbox 852 1614 917 1667; x_wconf 87' lang='grc' dir='ltr'><strong>με</strong></span> <span class='ocrx_word' id='word_1_172' title='bbox 947 1596 1050 1661; x_wconf 80' lang='grc' dir='ltr'>ἔξω</span> <span class='ocrx_word' id='word_1_173' title='bbox 1080 1596 1276 1665; x_wconf 74' lang='grc' dir='ltr'>ἔφυγον</span> <span class='ocrx_word' id='word_1_174' title='bbox 1311 1598 1405 1651; x_wconf 84' lang='grc' dir='ltr'><strong>ἀπ’</strong></span> <span class='ocrx_word' id='word_1_175' title='bbox 1438 1597 1593 1667; x_wconf 84' lang='grc' dir='ltr'>ἐμοῦ·</span> 
     </span>
    </p>
   </div>
   <div class='ocr_carea' id='block_1_27' title="bbox 1636 1596 3249 1670">
    <p class='ocr_par' dir='ltr' id='par_1_27' title="bbox 1956 1600 3249 1670">
     <span class='ocr_line' id='line_1_27' title="bbox 1956 1600 3249 1670; baseline -0.005 -11"><span class='ocrx_word' id='word_1_176' title='bbox 1956 1604 2047 1659; x_wconf 87' lang='grc'><strong>50.</strong></span> <span class='ocrx_word' id='word_1_177' title='bbox 2080 1605 2183 1670; x_wconf 86' lang='lat' dir='ltr'><strong>Qui</strong></span> <span class='ocrx_word' id='word_1_178' title='bbox 2208 1604 2460 1659; x_wconf 84' lang='lat' dir='ltr'><strong>videbant</strong></span> <span class='ocrx_word' id='word_1_179' title='bbox 2492 1617 2579 1657; x_wconf 91' lang='lat' dir='ltr'><strong>me</strong></span> <span class='ocrx_word' id='word_1_180' title='bbox 2609 1600 2755 1656; x_wconf 77' lang='lat' dir='ltr'><strong>foras</strong></span> <span class='ocrx_word' id='word_1_181' title='bbox 2781 1600 3033 1670; x_wconf 82' lang='lat' dir='ltr'><strong>fugerunt</strong></span> <span class='ocrx_word' id='word_1_182' title='bbox 3059 1615 3089 1654; x_wconf 88' lang='lat' dir='ltr'><strong>a</strong></span> <span class='ocrx_word' id='word_1_183' title='bbox 3123 1613 3210 1653; x_wconf 90' lang='lat' dir='ltr'><strong>me</strong></span> <span class='ocrx_word' id='word_1_184' title='bbox 3237 1616 3249 1651; x_wconf 92' lang='lat'>:</span> 
     </span>
    </p>
   </div>
   <div class='ocr_carea' id='block_1_28' title="bbox 269 1686 1882 1762">
    <p class='ocr_par' dir='ltr' id='par_1_28' title="bbox 269 1686 1546 1760">
     <span class='ocr_line' id='line_1_28' title="bbox 269 1686 1546 1760; baseline -0.003 -16"><span class='ocrx_word' id='word_1_185' title='bbox 269 1689 365 1744; x_wconf 82' lang='grc'><strong>51.</strong></span> <span class='ocrx_word' id='word_1_186' title='bbox 425 1686 759 1760; x_wconf 82' lang='grc' dir='ltr'>Ἐπελήσθην</span> <span class='ocrx_word' id='word_1_187' title='bbox 785 1688 917 1742; x_wconf 77' lang='grc' dir='ltr'>ὡσεὶ</span> <span class='ocrx_word' id='word_1_188' title='bbox 942 1689 1134 1760; x_wconf 73' lang='grc' dir='ltr'>νεκρὸς</span> <span class='ocrx_word' id='word_1_189' title='bbox 1164 1689 1272 1742; x_wconf 80' lang='grc' dir='ltr'>ἀπὸ</span> <span class='ocrx_word' id='word_1_190' title='bbox 1300 1688 1546 1759; x_wconf 83' lang='grc' dir='ltr'>καρδίας·</span> 
     </span>
    </p>
   </div>
   <div class='ocr_carea' id='block_1_29' title="bbox 1823 1686 3436 1762">
    <p class='ocr_par' dir='ltr' id='par_1_29' title="bbox 1953 1695 3436 1762">
     <span class='ocr_line' id='line_1_29' title="bbox 1953 1695 3436 1762; baseline -0.009 -8"><span class='ocrx_word' id='word_1_191' title='bbox 1953 1699 2043 1755; x_wconf 97' lang='grc'><strong>51.</strong></span> <span class='ocrx_word' id='word_1_192' title='bbox 2099 1695 2368 1753; x_wconf 89' lang='lat' dir='ltr'><strong>Oblivioni</strong></span> <span class='ocrx_word' id='word_1_193' title='bbox 2427 1695 2588 1750; x_wconf 89' lang='lat' dir='ltr'><strong>datus</strong></span> <span class='ocrx_word' id='word_1_194' title='bbox 2642 1708 2763 1748; x_wconf 90' lang='lat' dir='ltr'><strong>sum</strong></span> <span class='ocrx_word' id='word_1_195' title='bbox 2814 1702 3068 1762; x_wconf 85' lang='lat' dir='ltr'><strong>tanquam</strong></span> <span class='ocrx_word' id='word_1_196' title='bbox 3119 1698 3365 1745; x_wconf 83' lang='lat' dir='ltr'><strong>mortuus</strong></span> <span class='ocrx_word' id='word_1_197' title='bbox 3406 1702 3436 1741; x_wconf 68' lang='grc' dir='ltr'><strong>α</strong></span> 
     </span>
    </p>
   </div>
   <div class='ocr_carea' id='block_1_30' title="bbox 1884 1789 2091 1847">
    <p class='ocr_par' dir='ltr' id='par_1_30' title="bbox 1884 1789 2091 1847">
     <span class='ocr_line' id='line_1_30' title="bbox 1884 1789 2091 1847; baseline -0.019 0"><span class='ocrx_word' id='word_1_198' title='bbox 1884 1789 2049 1847; x_wconf 92' lang='lat' dir='ltr'><strong>corde</strong></span> <span class='ocrx_word' id='word_1_199' title='bbox 2075 1807 2091 1843; x_wconf 84' lang='lat'><strong>:</strong></span> 
     </span>
    </p>
   </div>
   <div class='ocr_carea' id='block_1_31' title="bbox 270 1849 1883 1949">
    <p class='ocr_par' dir='ltr' id='par_1_31' title="bbox 270 1849 1852 1940">
     <span class='ocr_line' id='line_1_31' title="bbox 270 1849 1852 1940; baseline 0 -19"><span class='ocrx_word' id='word_1_200' title='bbox 270 1867 367 1922; x_wconf 83' lang='grc'><strong>52.</strong></span> <span class='ocrx_word' id='word_1_201' title='bbox 401 1867 692 1940; x_wconf 83' lang='grc' dir='ltr'>Ἐγενήθην</span> <span class='ocrx_word' id='word_1_202' title='bbox 717 1867 847 1922; x_wconf 77' lang='grc' dir='ltr'>ὡσεὶ</span> <span class='ocrx_word' id='word_1_203' title='bbox 871 1867 1062 1931; x_wconf 84' lang='grc' dir='ltr'>σκεῦος</span> <span class='ocrx_word' id='word_1_204' title='bbox 1095 1867 1391 1931; x_wconf 86' lang='grc' dir='ltr'>ἀπολωλός.</span> <span class='ocrx_word' id='word_1_205' title='bbox 1811 1849 1852 1903; x_wconf 76' lang='grc' dir='ltr'><strong>Β</strong></span> 
     </span>
    </p>
   </div>
   <div class='ocr_carea' id='block_1_32' title="bbox 1551 1849 3164 1949">
    <p class='ocr_par' dir='ltr' id='par_1_32' title="bbox 1811 1849 3164 1949">
     <span class='ocr_line' id='line_1_32' title="bbox 1811 1849 3164 1949; baseline -0.007 -11"><span class='ocrx_word' id='word_1_206' title='bbox 1811 1849 1852 1903; x_wconf 74' lang='grc' dir='ltr'><strong>Β</strong></span> <span class='ocrx_word' id='word_1_207' title='bbox 1953 1882 2043 1937; x_wconf 87' lang='grc'><strong>52.</strong></span> <span class='ocrx_word' id='word_1_208' title='bbox 2080 1880 2277 1936; x_wconf 87' lang='lat' dir='ltr'><strong>Factus</strong></span> <span class='ocrx_word' id='word_1_209' title='bbox 2304 1894 2423 1935; x_wconf 90' lang='lat' dir='ltr'><strong>sum</strong></span> <span class='ocrx_word' id='word_1_210' title='bbox 2459 1887 2714 1949; x_wconf 86' lang='lat' dir='ltr'><strong>tanquam</strong></span> <span class='ocrx_word' id='word_1_211' title='bbox 2749 1892 2845 1933; x_wconf 91' lang='lat' dir='ltr'><strong>vas</strong></span> <span class='ocrx_word' id='word_1_212' title='bbox 2874 1876 3164 1947; x_wconf 87' lang='lat' dir='ltr'><strong>perditum.</strong></span> 
     </span>
    </p>
   </div>
   <div class='ocr_carea' id='block_1_33' title="bbox 270 1958 1883 2041">
    <p class='ocr_par' dir='ltr' id='par_1_33' title="bbox 270 1958 1779 2031">
     <span class='ocr_line' id='line_1_33' title="bbox 270 1958 1779 2031; baseline -0.002 -17"><span class='ocrx_word' id='word_1_213' title='bbox 270 1960 369 2015; x_wconf 86' lang='grc'><strong>55.</strong></span> <span class='ocrx_word' id='word_1_214' title='bbox 403 1961 524 2014; x_wconf 85' lang='grc' dir='ltr'><strong>Ὅτι</strong></span> <span class='ocrx_word' id='word_1_215' title='bbox 551 1963 758 2031; x_wconf 69' lang='grc' dir='ltr'>ηκουσα</span> <span class='ocrx_word' id='word_1_216' title='bbox 784 1960 949 2030; x_wconf 73' lang='grc' dir='ltr'>ψόγον</span> <span class='ocrx_word' id='word_1_217' title='bbox 998 1960 1206 2013; x_wconf 82' lang='grc' dir='ltr'>πολλῶν</span> <span class='ocrx_word' id='word_1_218' title='bbox 1247 1958 1653 2031; x_wconf 77' lang='grc' dir='ltr'>παροικούντων</span> <span class='ocrx_word' id='word_1_219' title='bbox 1686 1976 1779 2012; x_wconf 86' lang='grc' dir='ltr'>κυ-</span> 
     </span>
    </p>
   </div>
   <div class='ocr_carea' id='block_1_34' title="bbox 1828 1958 3441 2041">
    <p class='ocr_par' dir='ltr' id='par_1_34' title="bbox 1952 1965 3441 2041">
     <span class='ocr_line' id='line_1_34' title="bbox 1952 1965 3441 2041; baseline -0.007 -14"><span class='ocrx_word' id='word_1_220' title='bbox 1952 1974 2041 2028; x_wconf 87' lang='grc'><strong>55.</strong></span> <span class='ocrx_word' id='word_1_221' title='bbox 2098 1972 2367 2039; x_wconf 85' lang='lat' dir='ltr'><strong>Quoniam</strong></span> <span class='ocrx_word' id='word_1_222' title='bbox 2423 1971 2604 2026; x_wconf 80' lang='lat' dir='ltr'><strong>audivi</strong></span> <span class='ocrx_word' id='word_1_223' title='bbox 2648 1969 3099 2041; x_wconf 81' lang='lat' dir='ltr'><strong>vituperationem</strong></span> <span class='ocrx_word' id='word_1_224' title='bbox 3146 1965 3441 2021; x_wconf 88' lang='lat' dir='ltr'><strong>multorum</strong></span> 
     </span>
    </p>
   </div>
   <div class='ocr_carea' id='block_1_35' title="bbox 200 2050 1813 2120">
    <p class='ocr_par' dir='ltr' id='par_1_35' title="bbox 200 2050 420 2105">
     <span class='ocr_line' id='line_1_35' title="bbox 200 2050 420 2105; baseline -0.009 0"><span class='ocrx_word' id='word_1_225' title='bbox 200 2050 420 2105; x_wconf 72' lang='grc' dir='ltr'>κλόθεν*</span> 
     </span>
    </p>
   </div>
   <div class='ocr_carea' id='block_1_36' title="bbox 1129 2050 2742 2120">
    <p class='ocr_par' dir='ltr' id='par_1_36' title="bbox 1885 2063 2742 2120">
     <span class='ocr_line' id='line_1_36' title="bbox 1885 2063 2742 2120; baseline -0.005 0"><span class='ocrx_word' id='word_1_226' title='bbox 1885 2064 2349 2120; x_wconf 90' lang='lat' dir='ltr'><strong>commorantium</strong></span> <span class='ocrx_word' id='word_1_227' title='bbox 2384 2063 2438 2117; x_wconf 91' lang='lat' dir='ltr'><strong>in</strong></span> <span class='ocrx_word' id='word_1_228' title='bbox 2465 2063 2697 2119; x_wconf 87' lang='lat' dir='ltr'><strong>circuitu</strong></span> <span class='ocrx_word' id='word_1_229' title='bbox 2728 2080 2742 2116; x_wconf 89' lang='lat'><strong>:</strong></span> 
     </span>
    </p>
   </div>
   <div class='ocr_carea' id='block_1_37' title="bbox 274 2140 1887 2224">
    <p class='ocr_par' dir='ltr' id='par_1_37' title="bbox 274 2140 1779 2213">
     <span class='ocr_line' id='line_1_37' title="bbox 274 2140 1779 2213; baseline -0.005 -13"><span class='ocrx_word' id='word_1_230' title='bbox 274 2146 372 2200; x_wconf 73' lang='grc'><strong>54.</strong></span> <span class='ocrx_word' id='word_1_231' title='bbox 419 2146 506 2200; x_wconf 88' lang='grc' dir='ltr'>Ἐν</span> <span class='ocrx_word' id='word_1_232' title='bbox 556 2141 633 2213; x_wconf 85' lang='grc' dir='ltr'>τῷ</span> <span class='ocrx_word' id='word_1_233' title='bbox 686 2140 1108 2211; x_wconf 80' lang='grc' dir='ltr'>ἐπισυναχθῆναι</span> <span class='ocrx_word' id='word_1_234' title='bbox 1153 2141 1347 2205; x_wconf 72' lang='grc' dir='ltr'>αὐτοὺς</span> <span class='ocrx_word' id='word_1_235' title='bbox 1400 2140 1516 2211; x_wconf 75' lang='grc' dir='ltr'><strong>ἅμα</strong></span> <span class='ocrx_word' id='word_1_236' title='bbox 1546 2141 1632 2194; x_wconf 83' lang='grc' dir='ltr'>ἐπ’</span> <span class='ocrx_word' id='word_1_237' title='bbox 1660 2141 1779 2213; x_wconf 82' lang='grc' dir='ltr'>ἐμὲ,</span> 
     </span>
    </p>
   </div>
   <div class='ocr_carea' id='block_1_38' title="bbox 1831 2140 3444 2224">
    <p class='ocr_par' dir='ltr' id='par_1_38' title="bbox 1957 2151 3444 2224">
     <span class='ocr_line' id='line_1_38' title="bbox 1957 2151 3444 2224; baseline -0.007 -13"><span class='ocrx_word' id='word_1_238' title='bbox 1957 2156 2045 2211; x_wconf 79' lang='grc'><strong>54.</strong></span> <span class='ocrx_word' id='word_1_239' title='bbox 2065 2154 2123 2210; x_wconf 89' lang='lat' dir='ltr'><strong>lu</strong></span> <span class='ocrx_word' id='word_1_240' title='bbox 2142 2171 2207 2210; x_wconf 89' lang='lat' dir='ltr'><strong>eo</strong></span> <span class='ocrx_word' id='word_1_241' title='bbox 2223 2156 2351 2210; x_wconf 91' lang='lat' dir='ltr'><strong>dum</strong></span> <span class='ocrx_word' id='word_1_242' title='bbox 2369 2154 2723 2210; x_wconf 87' lang='lat' dir='ltr'><strong>convenirent</strong></span> <span class='ocrx_word' id='word_1_243' title='bbox 2741 2154 2841 2224; x_wconf 90' lang='lat' dir='ltr'><strong>ipsi</strong></span> <span class='ocrx_word' id='word_1_244' title='bbox 2858 2151 3020 2208; x_wconf 81' lang='lat' dir='ltr'><strong>simul</strong></span> <span class='ocrx_word' id='word_1_245' title='bbox 3038 2151 3319 2206; x_wconf 86' lang='lat' dir='ltr'><strong>adversum</strong></span> <span class='ocrx_word' id='word_1_246' title='bbox 3335 2161 3444 2213; x_wconf 89' lang='lat' dir='ltr'><strong>me,</strong></span> 
     </span>
    </p>
   </div>
   <div class='ocr_carea' id='block_1_39' title="bbox 276 2232 1889 2317">
    <p class='ocr_par' dir='ltr' id='par_1_39' title="bbox 276 2232 1608 2304">
     <span class='ocr_line' id='line_1_39' title="bbox 276 2232 1608 2304; baseline -0.005 -11"><span class='ocrx_word' id='word_1_247' title='bbox 276 2238 373 2294; x_wconf 83' lang='grc'><strong>55.</strong></span> <span class='ocrx_word' id='word_1_248' title='bbox 404 2236 509 2290; x_wconf 90' lang='grc' dir='ltr'><strong>Τοῦ</strong></span> <span class='ocrx_word' id='word_1_249' title='bbox 543 2235 726 2289; x_wconf 83' lang='grc' dir='ltr'>λαϐεῖν</span> <span class='ocrx_word' id='word_1_250' title='bbox 750 2233 846 2304; x_wconf 83' lang='grc' dir='ltr'>τὴν</span> <span class='ocrx_word' id='word_1_251' title='bbox 867 2232 1040 2303; x_wconf 78' lang='grc' dir='ltr'>ψυχήν</span> <span class='ocrx_word' id='word_1_252' title='bbox 1076 2249 1176 2303; x_wconf 88' lang='grc' dir='ltr'><strong>μου</strong></span> <span class='ocrx_word' id='word_1_253' title='bbox 1206 2232 1608 2288; x_wconf 84' lang='grc' dir='ltr'>ἐϐουλεύσαντο.</span> 
     </span>
    </p>
   </div>
   <div class='ocr_carea' id='block_1_40' title="bbox 1670 2232 3283 2317">
    <p class='ocr_par' dir='ltr' id='par_1_40' title="bbox 1960 2242 3283 2317">
     <span class='ocr_line' id='line_1_40' title="bbox 1960 2242 3283 2317; baseline -0.005 -14"><span class='ocrx_word' id='word_1_254' title='bbox 1960 2248 2048 2303; x_wconf 78' lang='grc'><strong>55.</strong></span> <span class='ocrx_word' id='word_1_255' title='bbox 2071 2247 2330 2317; x_wconf 86' lang='lat' dir='ltr'><strong>Accipere</strong></span> <span class='ocrx_word' id='word_1_256' title='bbox 2364 2247 2602 2301; x_wconf 88' lang='lat' dir='ltr'><strong>animam</strong></span> <span class='ocrx_word' id='word_1_257' title='bbox 2634 2260 2809 2301; x_wconf 87' lang='lat' dir='ltr'><strong>meam</strong></span> <span class='ocrx_word' id='word_1_258' title='bbox 2842 2242 3115 2300; x_wconf 88' lang='lat' dir='ltr'><strong>eonsiliati</strong></span> <span class='ocrx_word' id='word_1_259' title='bbox 3138 2250 3283 2298; x_wconf 88' lang='lat' dir='ltr'><strong>sunt.</strong></span> 
     </span>
    </p>
   </div>
   <div class='ocr_carea' id='block_1_41' title="bbox 269 2324 1882 2409">
    <p class='ocr_par' dir='ltr' id='par_1_41' title="bbox 269 2324 1365 2397">
     <span class='ocr_line' id='line_1_41' title="bbox 269 2324 1365 2397; baseline -0.006 -13"><span class='ocrx_word' id='word_1_260' title='bbox 269 2330 368 2384; x_wconf 87' lang='grc'><strong>56.</strong></span> <span class='ocrx_word' id='word_1_261' title='bbox 416 2327 556 2396; x_wconf 85' lang='grc' dir='ltr'><strong>Ἐγὼ</strong></span> <span class='ocrx_word' id='word_1_262' title='bbox 580 2328 634 2380; x_wconf 81' lang='grc' dir='ltr'>δὲ</span> <span class='ocrx_word' id='word_1_263' title='bbox 662 2326 753 2378; x_wconf 75' lang='grc' dir='ltr'><strong>ἐπὶ</strong></span> <span class='ocrx_word' id='word_1_264' title='bbox 793 2325 895 2390; x_wconf 70' lang='grc' dir='ltr'>σοι,</span> <span class='ocrx_word' id='word_1_265' title='bbox 925 2324 1118 2397; x_wconf 73' lang='grc' dir='ltr'>Κύριε,</span> <span class='ocrx_word' id='word_1_266' title='bbox 1144 2324 1365 2393; x_wconf 72' lang='grc' dir='ltr'>ἤλπισα.</span> 
     </span>
    </p>
   </div>
   <div class='ocr_carea' id='block_1_42' title="bbox 1510 2324 3123 2409">
    <p class='ocr_par' dir='ltr' id='par_1_42' title="bbox 1960 2335 3123 2409">
     <span class='ocr_line' id='line_1_42' title="bbox 1960 2335 3123 2409; baseline -0.005 -16"><span class='ocrx_word' id='word_1_267' title='bbox 1960 2340 2049 2394; x_wconf 89' lang='grc'>56.</span> <span class='ocrx_word' id='word_1_268' title='bbox 2088 2338 2199 2409; x_wconf 77' lang='lat' dir='ltr'><strong>Ego</strong></span> <span class='ocrx_word' id='word_1_269' title='bbox 2222 2347 2403 2395; x_wconf 89' lang='lat' dir='ltr'><strong>autem</strong></span> <span class='ocrx_word' id='word_1_270' title='bbox 2438 2340 2491 2395; x_wconf 93' lang='lat' dir='ltr'><strong>in</strong></span> <span class='ocrx_word' id='word_1_271' title='bbox 2515 2346 2589 2406; x_wconf 90' lang='lat' dir='ltr'><strong>te,</strong></span> <span class='ocrx_word' id='word_1_272' title='bbox 2615 2338 2863 2403; x_wconf 90' lang='lat' dir='ltr'><strong>Domine,</strong></span> <span class='ocrx_word' id='word_1_273' title='bbox 2890 2335 3123 2407; x_wconf 83' lang='lat' dir='ltr'><strong>speravi.</strong></span> 
     </span>
    </p>
   </div>
   <div class='ocr_carea' id='block_1_43' title="bbox 274 2414 1887 2498">
    <p class='ocr_par' dir='ltr' id='par_1_43' title="bbox 274 2414 1102 2489">
     <span class='ocr_line' id='line_1_43' title="bbox 274 2414 1102 2489; baseline -0.007 -13"><span class='ocrx_word' id='word_1_274' title='bbox 274 2424 373 2477; x_wconf 87' lang='grc'><strong>57.</strong></span> <span class='ocrx_word' id='word_1_275' title='bbox 406 2419 568 2475; x_wconf 83' lang='grc' dir='ltr'>Εἷπα·</span> <span class='ocrx_word' id='word_1_276' title='bbox 599 2420 670 2473; x_wconf 82' lang='grc' dir='ltr'><strong>Σὺ</strong></span> <span class='ocrx_word' id='word_1_277' title='bbox 696 2414 749 2471; x_wconf 78' lang='grc' dir='ltr'>εἴ</span> <span class='ocrx_word' id='word_1_278' title='bbox 772 2419 799 2470; x_wconf 86' lang='grc' dir='ltr'>ὁ</span> <span class='ocrx_word' id='word_1_279' title='bbox 821 2417 950 2481; x_wconf 87' lang='grc' dir='ltr'>Θεός</span> <span class='ocrx_word' id='word_1_280' title='bbox 982 2433 1102 2489; x_wconf 89' lang='grc' dir='ltr'>μου·</span> 
     </span>
    </p>
   </div>
   <div class='ocr_carea' id='block_1_44' title="bbox 1197 2414 2810 2498">
    <p class='ocr_par' dir='ltr' id='par_1_44' title="bbox 1966 2431 2810 2498">
     <span class='ocr_line' id='line_1_44' title="bbox 1966 2431 2810 2498; baseline 0.002 -15"><span class='ocrx_word' id='word_1_281' title='bbox 1966 2431 2055 2487; x_wconf 85' lang='grc'><strong>57.</strong></span> <span class='ocrx_word' id='word_1_282' title='bbox 2089 2431 2232 2498; x_wconf 81' lang='lat' dir='ltr'><strong>Dixi,</strong></span> <span class='ocrx_word' id='word_1_283' title='bbox 2264 2431 2403 2488; x_wconf 88' lang='lat' dir='ltr'><strong>Deus</strong></span> <span class='ocrx_word' id='word_1_284' title='bbox 2430 2446 2586 2488; x_wconf 90' lang='lat' dir='ltr'><strong>meus</strong></span> <span class='ocrx_word' id='word_1_285' title='bbox 2613 2446 2672 2487; x_wconf 90' lang='lat' dir='ltr'><strong>es</strong></span> <span class='ocrx_word' id='word_1_286' title='bbox 2709 2440 2763 2486; x_wconf 88' lang='lat' dir='ltr'><strong>tu</strong></span> <span class='ocrx_word' id='word_1_287' title='bbox 2793 2446 2810 2486; x_wconf 88' lang='lat'><strong>:</strong></span> 
     </span>
    </p>
   </div>
   <div class='ocr_carea' id='block_1_45' title="bbox 276 2508 1889 2582">
    <p class='ocr_par' dir='ltr' id='par_1_45' title="bbox 276 2508 1416 2582">
     <span class='ocr_line' id='line_1_45' title="bbox 276 2508 1416 2582; baseline -0.005 -13"><span class='ocrx_word' id='word_1_288' title='bbox 276 2514 375 2570; x_wconf 85' lang='grc'><strong>58.</strong></span> <span class='ocrx_word' id='word_1_289' title='bbox 416 2514 504 2567; x_wconf 88' lang='grc' dir='ltr'>Ἐν</span> <span class='ocrx_word' id='word_1_290' title='bbox 526 2515 644 2575; x_wconf 87' lang='grc' dir='ltr'>ταῖς</span> <span class='ocrx_word' id='word_1_291' title='bbox 674 2508 830 2582; x_wconf 88' lang='grc' dir='ltr'>χερσί</span> <span class='ocrx_word' id='word_1_292' title='bbox 860 2528 953 2564; x_wconf 91' lang='grc' dir='ltr'><strong>σου</strong></span> <span class='ocrx_word' id='word_1_293' title='bbox 988 2510 1037 2564; x_wconf 81' lang='grc' dir='ltr'><strong>οἱ</strong></span> <span class='ocrx_word' id='word_1_294' title='bbox 1066 2509 1258 2580; x_wconf 79' lang='grc' dir='ltr'>κλῆροί</span> <span class='ocrx_word' id='word_1_295' title='bbox 1294 2527 1416 2580; x_wconf 87' lang='grc' dir='ltr'>μου.</span> 
     </span>
    </p>
   </div>
   <div class='ocr_carea' id='block_1_46' title="bbox 1339 2508 2952 2582">
    <p class='ocr_par' dir='ltr' id='par_1_46' title="bbox 1339 2521 2952 2579">
     <span class='ocr_line' id='line_1_46' title="bbox 1339 2521 2952 2579; baseline 0.004 -9"><span class='ocrx_word' id='word_1_296' title='bbox 1339 2527 1416 2563; x_wconf 77' lang='grc' dir='ltr'><strong>ου.</strong></span> <span class='ocrx_word' id='word_1_297' title='bbox 1961 2521 2050 2578; x_wconf 86' lang='grc'><strong>58.</strong></span> <span class='ocrx_word' id='word_1_298' title='bbox 2080 2521 2137 2576; x_wconf 93' lang='lat' dir='ltr'><strong>ln</strong></span> <span class='ocrx_word' id='word_1_299' title='bbox 2170 2524 2424 2579; x_wconf 87' lang='lat' dir='ltr'><strong>manibus</strong></span> <span class='ocrx_word' id='word_1_300' title='bbox 2462 2523 2571 2578; x_wconf 90' lang='lat' dir='ltr'><strong>tuis</strong></span> <span class='ocrx_word' id='word_1_301' title='bbox 2598 2532 2771 2579; x_wconf 82' lang='lat' dir='ltr'><strong>sortes</strong></span> <span class='ocrx_word' id='word_1_302' title='bbox 2798 2536 2952 2577; x_wconf 65' lang='lat' dir='ltr'><strong>mere.</strong></span> 
     </span>
    </p>
   </div>
   <div class='ocr_carea' id='block_1_47' title="bbox 277 2601 1890 2684">
    <p class='ocr_par' dir='ltr' id='par_1_47' title="bbox 277 2601 1406 2675">
     <span class='ocr_line' id='line_1_47' title="bbox 277 2601 1406 2675; baseline -0.006 -15"><span class='ocrx_word' id='word_1_303' title='bbox 277 2606 374 2660; x_wconf 84' lang='grc'><strong>59.</strong></span> <span class='ocrx_word' id='word_1_304' title='bbox 415 2603 603 2658; x_wconf 86' lang='grc' dir='ltr'>Ῥῦσαί</span> <span class='ocrx_word' id='word_1_305' title='bbox 638 2621 705 2675; x_wconf 88' lang='grc' dir='ltr'><strong>με</strong></span> <span class='ocrx_word' id='word_1_306' title='bbox 737 2604 802 2656; x_wconf 83' lang='grc' dir='ltr'><strong>ἐκ</strong></span> <span class='ocrx_word' id='word_1_307' title='bbox 830 2601 1010 2673; x_wconf 81' lang='grc' dir='ltr'>χειρὸς</span> <span class='ocrx_word' id='word_1_308' title='bbox 1040 2601 1248 2673; x_wconf 77' lang='grc' dir='ltr'>ἐχθρῶν</span> <span class='ocrx_word' id='word_1_309' title='bbox 1284 2618 1406 2671; x_wconf 87' lang='grc' dir='ltr'>μου,</span> 
     </span>
    </p>
   </div>
   <div class='ocr_carea' id='block_1_48' title="bbox 1708 2601 3321 2684">
    <p class='ocr_par' dir='ltr' id='par_1_48' title="bbox 1966 2612 3321 2684">
     <span class='ocr_line' id='line_1_48' title="bbox 1966 2612 3321 2684; baseline -0.003 -17"><span class='ocrx_word' id='word_1_310' title='bbox 1966 2613 2056 2668; x_wconf 88' lang='grc'><strong>59.</strong></span> <span class='ocrx_word' id='word_1_311' title='bbox 2085 2612 2246 2684; x_wconf 86' lang='lat' dir='ltr'><strong>Eripe</strong></span> <span class='ocrx_word' id='word_1_312' title='bbox 2267 2629 2355 2669; x_wconf 91' lang='lat' dir='ltr'><strong>me</strong></span> <span class='ocrx_word' id='word_1_313' title='bbox 2384 2615 2452 2670; x_wconf 91' lang='lat' dir='ltr'><strong>de</strong></span> <span class='ocrx_word' id='word_1_314' title='bbox 2479 2630 2643 2669; x_wconf 91' lang='lat' dir='ltr'><strong>manu</strong></span> <span class='ocrx_word' id='word_1_315' title='bbox 2677 2613 3022 2669; x_wconf 89' lang='lat' dir='ltr'><strong>inimicorum</strong></span> <span class='ocrx_word' id='word_1_316' title='bbox 3054 2624 3321 2673; x_wconf 85' lang='lat' dir='ltr'><strong>meorum,</strong></span> 
     </span>
    </p>
   </div>
   <div class='ocr_carea' id='block_1_49' title="bbox 281 2693 1894 2778">
    <p class='ocr_par' dir='ltr' id='par_1_49' title="bbox 281 2693 1330 2764">
     <span class='ocr_line' id='line_1_49' title="bbox 281 2693 1330 2764; baseline -0.006 -11"><span class='ocrx_word' id='word_1_317' title='bbox 281 2697 379 2753; x_wconf 73' lang='grc'><strong>40.</strong></span> <span class='ocrx_word' id='word_1_318' title='bbox 413 2696 522 2752; x_wconf 84' lang='lat' dir='ltr'><strong>Ka‘t</strong></span> <span class='ocrx_word' id='word_1_319' title='bbox 542 2697 605 2750; x_wconf 83' lang='grc' dir='ltr'><strong>ἐκ</strong></span> <span class='ocrx_word' id='word_1_320' title='bbox 633 2694 740 2749; x_wconf 84' lang='grc' dir='ltr'>τῶν</span> <span class='ocrx_word' id='word_1_321' title='bbox 770 2693 1211 2749; x_wconf 86' lang='grc' dir='ltr'>καταδιωκόντων</span> <span class='ocrx_word' id='word_1_322' title='bbox 1244 2710 1330 2764; x_wconf 88' lang='grc' dir='ltr'>με.</span> 
     </span>
    </p>
   </div>
   <div class='ocr_carea' id='block_1_50' title="bbox 1214 2693 2827 2778">
    <p class='ocr_par' dir='ltr' id='par_1_50' title="bbox 1244 2704 2827 2778">
     <span class='ocr_line' id='line_1_50' title="bbox 1244 2704 2827 2778; baseline -0.003 -14"><span class='ocrx_word' id='word_1_323' title='bbox 1244 2710 1330 2764; x_wconf 81' lang='grc' dir='ltr'><strong>με·</strong></span> <span class='ocrx_word' id='word_1_324' title='bbox 1963 2704 2051 2761; x_wconf 78' lang='grc'><strong>40.</strong></span> <span class='ocrx_word' id='word_1_325' title='bbox 2092 2704 2158 2761; x_wconf 88' lang='grc' dir='ltr'>Ει</span> <span class='ocrx_word' id='word_1_326' title='bbox 2188 2721 2219 2761; x_wconf 88' lang='lat' dir='ltr'><strong>a</strong></span> <span class='ocrx_word' id='word_1_327' title='bbox 2250 2707 2698 2778; x_wconf 88' lang='lat' dir='ltr'><strong>persequentibus</strong></span> <span class='ocrx_word' id='word_1_328' title='bbox 2722 2720 2827 2760; x_wconf 90' lang='lat' dir='ltr'><strong>me.</strong></span> 
     </span>
    </p>
   </div>
   <div class='ocr_carea' id='block_1_51' title="bbox 1336 2852 2333 2922">
    <p class='ocr_par' dir='ltr' id='par_1_51' title="bbox 1336 2852 2333 2922">
     <span class='ocr_line' id='line_1_51' title="bbox 1336 2852 2333 2922; baseline 0.012 -13"><span class='ocrx_word' id='word_1_329' title='bbox 1336 2852 1706 2909; x_wconf 79' lang='lat' dir='ltr'><strong>ATHANASII</strong></span> <span class='ocrx_word' id='word_1_330' title='bbox 1749 2855 2333 2922; x_wconf 84' lang='lat' dir='ltr'><strong>INTERPRETATIO.</strong></span> 
     </span>
    </p>
   </div>
   <div class='ocr_carea' id='block_1_52' title="bbox 285 2991 1898 3062">
    <p class='ocr_par' dir='ltr' id='par_1_52' title="bbox 285 2991 1853 3062">
     <span class='ocr_line' id='line_1_52' title="bbox 285 2991 1853 3062; baseline -0.006 -12"><span class='ocrx_word' id='word_1_331' title='bbox 285 2994 378 3050; x_wconf 78' lang='grc'><strong>19.</strong></span> <span class='ocrx_word' id='word_1_332' title='bbox 425 2992 512 3046; x_wconf 83' lang='grc' dir='ltr'>Ἐν</span> <span class='ocrx_word' id='word_1_333' title='bbox 538 2993 656 3056; x_wconf 82' lang='grc' dir='ltr'>ταῖς</span> <span class='ocrx_word' id='word_1_334' title='bbox 689 2991 928 3055; x_wconf 73' lang='grc' dir='ltr'>ἐντολαῖς</span> <span class='ocrx_word' id='word_1_335' title='bbox 955 3008 1068 3046; x_wconf 89' lang='grc' dir='ltr'>σου.</span> <span class='ocrx_word' id='word_1_336' title='bbox 1810 3005 1853 3062; x_wconf 74' lang='grc' dir='ltr'>ο</span> 
     </span>
    </p>
   </div>
   <div class='ocr_carea' id='block_1_53' title="bbox 977 2991 2590 3062">
    <p class='ocr_par' dir='ltr' id='par_1_53' title="bbox 977 3002 2590 3062">
     <span class='ocr_line' id='line_1_53' title="bbox 977 3002 2590 3062; baseline 0.011 -21"><span class='ocrx_word' id='word_1_337' title='bbox 977 3008 1068 3046; x_wconf 67' lang='grc' dir='ltr'>που.</span> <span class='ocrx_word' id='word_1_338' title='bbox 1810 3005 1853 3062; x_wconf 85' lang='lat' dir='ltr'>c</span> <span class='ocrx_word' id='word_1_339' title='bbox 1955 3003 2042 3056; x_wconf 88' lang='grc'><strong>19.</strong></span> <span class='ocrx_word' id='word_1_340' title='bbox 2070 3002 2127 3056; x_wconf 85' lang='grc' dir='ltr'><strong>1η</strong></span> <span class='ocrx_word' id='word_1_341' title='bbox 2160 3003 2432 3059; x_wconf 89' lang='lat' dir='ltr'><strong>mandatis</strong></span> <span class='ocrx_word' id='word_1_342' title='bbox 2462 3003 2590 3060; x_wconf 90' lang='lat' dir='ltr'><strong>tuis.</strong></span> 
     </span>
    </p>
   </div>
   <div class='ocr_carea' id='block_1_54' title="bbox 289 3081 1902 3167">
    <p class='ocr_par' dir='ltr' id='par_1_54' title="bbox 289 3081 1791 3155">
     <span class='ocr_line' id='line_1_54' title="bbox 289 3081 1791 3155; baseline -0.003 -14"><span class='ocrx_word' id='word_1_343' title='bbox 289 3086 383 3141; x_wconf 85' lang='lat'>20.</span> <span class='ocrx_word' id='word_1_344' title='bbox 415 3086 536 3143; x_wconf 81' lang='grc' dir='ltr'>Ὅτι</span> <span class='ocrx_word' id='word_1_345' title='bbox 561 3086 619 3139; x_wconf 89' lang='grc' dir='ltr'><strong>ἐν</strong></span> <span class='ocrx_word' id='word_1_346' title='bbox 655 3085 767 3149; x_wconf 82' lang='grc' dir='ltr'>τοῖς</span> <span class='ocrx_word' id='word_1_347' title='bbox 810 3081 1139 3155; x_wconf 80' lang='grc' dir='ltr'>προλαϐοῦσι</span> <span class='ocrx_word' id='word_1_348' title='bbox 1186 3081 1398 3155; x_wconf 83' lang='grc' dir='ltr'>χρόνοις</span> <span class='ocrx_word' id='word_1_349' title='bbox 1431 3100 1519 3153; x_wconf 86' lang='grc' dir='ltr'><strong>μοι</strong></span> <span class='ocrx_word' id='word_1_350' title='bbox 1549 3084 1791 3154; x_wconf 74' lang='grc' dir='ltr'>ἤμαρτόν</span> 
     </span>
    </p>
   </div>
   <div class='ocr_carea' id='block_1_55' title="bbox 1836 3081 3449 3167">
    <p class='ocr_par' dir='ltr' id='par_1_55' title="bbox 1965 3086 3449 3167">
     <span class='ocr_line' id='line_1_55' title="bbox 1965 3086 3449 3167; baseline -0.003 -20"><span class='ocrx_word' id='word_1_351' title='bbox 1965 3092 2056 3150; x_wconf 87' lang='grc'><strong>20.</strong></span> <span class='ocrx_word' id='word_1_352' title='bbox 2099 3093 2369 3161; x_wconf 88' lang='lat' dir='ltr'><strong>Quoniam</strong></span> <span class='ocrx_word' id='word_1_353' title='bbox 2405 3095 2693 3167; x_wconf 66' lang='lat' dir='ltr'><strong>praeteritis</strong></span> <span class='ocrx_word' id='word_1_354' title='bbox 2721 3092 3060 3163; x_wconf 85' lang='lat' dir='ltr'><strong>temporibus</strong></span> <span class='ocrx_word' id='word_1_355' title='bbox 3094 3088 3189 3145; x_wconf 88' lang='lat' dir='ltr'><strong>tibi</strong></span> <span class='ocrx_word' id='word_1_356' title='bbox 3216 3086 3449 3158; x_wconf 86' lang='lat' dir='ltr'><strong>peccavi.</strong></span> 
     </span>
    </p>
   </div>
   <div class='ocr_carea' id='block_1_56' title="bbox 292 3197 329 3235">
    <p class='ocr_par' dir='ltr' id='par_1_56' title="bbox 292 3197 329 3235">
     <span class='ocr_line' id='line_1_56' title="bbox 292 3197 329 3235; baseline 0.108 -4"><span class='ocrx_word' id='word_1_357' title='bbox 292 3197 329 3235; x_wconf 88' lang='grc' dir='ltr'>ι.</span> 
     </span>
    </p>
   </div>
   <div class='ocr_carea' id='block_1_57' title="bbox 214 3196 1827 3339">
    <p class='ocr_par' dir='ltr' id='par_1_57' title="bbox 214 3196 1400 3339">
     <span class='ocr_line' id='line_1_57' title="bbox 292 3197 329 3235; baseline 0.108 -4"><span class='ocrx_word' id='word_1_358' title='bbox 292 3197 329 3235; x_wconf 88' lang='grc' dir='ltr'>ι.</span> 
     </span>
     <span class='ocr_line' id='line_1_58' title="bbox 214 3196 1400 3339; baseline -0.002 -15"><span class='ocrx_word' id='word_1_359' title='bbox 214 3196 387 3327; x_wconf 60' lang='grc'><strong>6021.</strong></span> <span class='ocrx_word' id='word_1_360' title='bbox 430 3246 566 3324; x_wconf 79' lang='grc' dir='ltr'><strong>Ὑπὸ</strong></span> <span class='ocrx_word' id='word_1_361' title='bbox 586 3266 679 3323; x_wconf 88' lang='grc' dir='ltr'><strong>τοῦ</strong></span> <span class='ocrx_word' id='word_1_362' title='bbox 701 3267 949 3324; x_wconf 88' lang='grc' dir='ltr'>διαϐόλου</span> <span class='ocrx_word' id='word_1_363' title='bbox 978 3269 1012 3339; x_wconf 83' lang='grc' dir='ltr'><strong>ἡ</strong></span> <span class='ocrx_word' id='word_1_364' title='bbox 1041 3267 1249 3323; x_wconf 77' lang='grc' dir='ltr'>διάνοια</span> <span class='ocrx_word' id='word_1_365' title='bbox 1278 3285 1400 3339; x_wconf 87' lang='grc' dir='ltr'>μου.</span> 
     </span>
    </p>
   </div>
   <div class='ocr_carea' id='block_1_58' title="bbox 1115 3196 2728 3339">
    <p class='ocr_par' dir='ltr' id='par_1_58' title="bbox 1115 3267 2728 3339">
     <span class='ocr_line' id='line_1_59' title="bbox 1115 3267 2728 3339; baseline 0.004 -18"><span class='ocrx_word' id='word_1_366' title='bbox 1115 3267 1249 3323; x_wconf 79' lang='grc' dir='ltr'>ἱνοιά</span> <span class='ocrx_word' id='word_1_367' title='bbox 1278 3285 1400 3339; x_wconf 87' lang='grc' dir='ltr'>μου.</span> <span class='ocrx_word' id='word_1_368' title='bbox 1964 3274 2054 3331; x_wconf 83' lang='grc'><strong>21.</strong></span> <span class='ocrx_word' id='word_1_369' title='bbox 2082 3276 2126 3329; x_wconf 81' lang='grc' dir='ltr'>Α</span> <span class='ocrx_word' id='word_1_370' title='bbox 2155 3274 2372 3331; x_wconf 87' lang='lat' dir='ltr'><strong>diabolo</strong></span> <span class='ocrx_word' id='word_1_371' title='bbox 2409 3288 2561 3330; x_wconf 83' lang='lat' dir='ltr'><strong>mens</strong></span> <span class='ocrx_word' id='word_1_372' title='bbox 2587 3287 2728 3328; x_wconf 88' lang='lat' dir='ltr'><strong>mea.</strong></span> 
     </span>
    </p>
   </div>
   <div class='ocr_carea' id='block_1_59' title="bbox 291 3357 1904 3433">
    <p class='ocr_par' dir='ltr' id='par_1_59' title="bbox 291 3358 1794 3433">
     <span class='ocr_line' id='line_1_60' title="bbox 291 3358 1794 3433; baseline -0.001 -17"><span class='ocrx_word' id='word_1_373' title='bbox 291 3361 387 3419; x_wconf 88' lang='lat'><strong>22.</strong></span> <span class='ocrx_word' id='word_1_374' title='bbox 419 3361 530 3415; x_wconf 78' lang='lat' dir='ltr'><strong>Kal.</strong></span> <span class='ocrx_word' id='word_1_375' title='bbox 556 3363 589 3433; x_wconf 84' lang='grc' dir='ltr'><strong>ή</strong></span> <span class='ocrx_word' id='word_1_376' title='bbox 624 3359 857 3433; x_wconf 80' lang='grc' dir='ltr'>γαστὴρ,</span> <span class='ocrx_word' id='word_1_377' title='bbox 881 3359 1051 3429; x_wconf 83' lang='grc' dir='ltr'>λέγει,</span> <span class='ocrx_word' id='word_1_378' title='bbox 1067 3361 1166 3432; x_wconf 80' lang='grc' dir='ltr'>τῆς</span> <span class='ocrx_word' id='word_1_379' title='bbox 1190 3361 1364 3432; x_wconf 75' lang='grc' dir='ltr'>ψυχῆς</span> <span class='ocrx_word' id='word_1_380' title='bbox 1389 3374 1509 3431; x_wconf 86' lang='grc' dir='ltr'>μου·</span> <span class='ocrx_word' id='word_1_381' title='bbox 1544 3358 1684 3429; x_wconf 87' lang='grc' dir='ltr'>λέγω</span> <span class='ocrx_word' id='word_1_382' title='bbox 1707 3360 1794 3433; x_wconf 83' lang='grc' dir='ltr'>δὴ,</span> 
     </span>
    </p>
   </div>
   <div class='ocr_carea' id='block_1_60' title="bbox 1840 3357 3453 3433">
    <p class='ocr_par' dir='ltr' id='par_1_60' title="bbox 1968 3357 3453 3431">
     <span class='ocr_line' id='line_1_61' title="bbox 1968 3357 3453 3431; baseline -0.008 -11"><span class='ocrx_word' id='word_1_383' title='bbox 1968 3367 2059 3421; x_wconf 85' lang='lat'><strong>22.</strong></span> <span class='ocrx_word' id='word_1_384' title='bbox 2095 3364 2160 3421; x_wconf 87' lang='lat' dir='ltr'><strong>Et</strong></span> <span class='ocrx_word' id='word_1_385' title='bbox 2202 3374 2410 3431; x_wconf 86' lang='lat' dir='ltr'><strong>venter,</strong></span> <span class='ocrx_word' id='word_1_386' title='bbox 2436 3366 2533 3430; x_wconf 89' lang='lat' dir='ltr'><strong>ait,</strong></span> <span class='ocrx_word' id='word_1_387' title='bbox 2562 3364 2757 3418; x_wconf 56' lang='lat' dir='ltr'><strong>animae.</strong></span> <span class='ocrx_word' id='word_1_388' title='bbox 2789 3377 2924 3417; x_wconf 81' lang='lat' dir='ltr'><strong>meae</strong></span> <span class='ocrx_word' id='word_1_389' title='bbox 2962 3378 2978 3416; x_wconf 86' lang='lat'><strong>:</strong></span> <span class='ocrx_word' id='word_1_390' title='bbox 3026 3360 3165 3424; x_wconf 83' lang='lat' dir='ltr'><strong>libi,</strong></span> <span class='ocrx_word' id='word_1_391' title='bbox 3211 3357 3453 3427; x_wconf 89' lang='lat' dir='ltr'><strong>inquam,</strong></span> 
     </span>
    </p>
   </div>
   <div class='ocr_carea' id='block_1_61' title="bbox 212 3451 1825 3527">
    <p class='ocr_par' dir='ltr' id='par_1_61' title="bbox 212 3451 1110 3522">
     <span class='ocr_line' id='line_1_62' title="bbox 212 3451 1110 3522; baseline -0.003 -14"><span class='ocrx_word' id='word_1_392' title='bbox 212 3453 355 3508; x_wconf 75' lang='grc' dir='ltr'>ἔνθα</span> <span class='ocrx_word' id='word_1_393' title='bbox 383 3452 671 3507; x_wconf 86' lang='grc' dir='ltr'>συνέλαϐον</span> <span class='ocrx_word' id='word_1_394' title='bbox 693 3452 791 3522; x_wconf 79' lang='grc' dir='ltr'><strong>τὴν</strong></span> <span class='ocrx_word' id='word_1_395' title='bbox 819 3451 1110 3521; x_wconf 78' lang='grc' dir='ltr'>ἁμαρτίαν.</span> 
     </span>
    </p>
   </div>
   <div class='ocr_carea' id='block_1_62' title="bbox 844 3451 2457 3527">
    <p class='ocr_par' dir='ltr' id='par_1_62' title="bbox 844 3451 2457 3527">
     <span class='ocr_line' id='line_1_63' title="bbox 844 3451 2457 3527; baseline 0.005 -26"><span class='ocrx_word' id='word_1_396' title='bbox 844 3451 1110 3521; x_wconf 80' lang='grc' dir='ltr'>ιμαρτίαν.</span> <span class='ocrx_word' id='word_1_397' title='bbox 1898 3457 2122 3527; x_wconf 89' lang='lat' dir='ltr'><strong>concepi</strong></span> <span class='ocrx_word' id='word_1_398' title='bbox 2153 3464 2457 3526; x_wconf 90' lang='lat' dir='ltr'><strong>peccatum.</strong></span> 
     </span>
    </p>
   </div>
   <div class='ocr_carea' id='block_1_63' title="bbox 292 3540 1905 3619">
    <p class='ocr_par' dir='ltr' id='par_1_63' title="bbox 292 3540 1012 3612">
     <span class='ocr_line' id='line_1_64' title="bbox 292 3540 1012 3612; baseline -0.006 -15"><span class='ocrx_word' id='word_1_399' title='bbox 292 3543 385 3598; x_wconf 84' lang='grc'><strong>25.</strong></span> <span class='ocrx_word' id='word_1_400' title='bbox 430 3543 517 3595; x_wconf 86' lang='grc' dir='ltr'>Ἑν</span> <span class='ocrx_word' id='word_1_401' title='bbox 547 3540 814 3612; x_wconf 79' lang='grc' dir='ltr'>ἁμαρτίᾳ,</span> <span class='ocrx_word' id='word_1_402' title='bbox 844 3540 1012 3607; x_wconf 88' lang='grc' dir='ltr'>λέγει.</span> 
     </span>
    </p>
   </div>
   <div class='ocr_carea' id='block_1_64' title="bbox 991 3540 2604 3619">
    <p class='ocr_par' dir='ltr' id='par_1_64' title="bbox 998 3546 2604 3619">
     <span class='ocr_line' id='line_1_65' title="bbox 998 3546 2604 3619; baseline -0.003 -13"><span class='ocrx_word' id='word_1_403' title='bbox 998 3581 1012 3594; x_wconf 88' lang='lat'><strong>-</strong></span> <span class='ocrx_word' id='word_1_404' title='bbox 1967 3550 2057 3603; x_wconf 84' lang='grc'><strong>25.</strong></span> <span class='ocrx_word' id='word_1_405' title='bbox 2090 3547 2148 3603; x_wconf 87' lang='grc' dir='ltr'><strong>1η</strong></span> <span class='ocrx_word' id='word_1_406' title='bbox 2180 3560 2424 3619; x_wconf 89' lang='lat' dir='ltr'><strong>peccato,</strong></span> <span class='ocrx_word' id='word_1_407' title='bbox 2453 3546 2604 3603; x_wconf 87' lang='lat' dir='ltr'><strong>dicit.</strong></span> 
     </span>
    </p>
   </div>
   <div class='ocr_carea' id='block_1_65' title="bbox 291 3626 1904 3707">
    <p class='ocr_par' dir='ltr' id='par_1_65' title="bbox 291 3626 1795 3702">
     <span class='ocr_line' id='line_1_66' title="bbox 291 3626 1795 3702; baseline -0.004 -13"><span class='ocrx_word' id='word_1_408' title='bbox 291 3632 387 3689; x_wconf 62' lang='lat'><strong>24.</strong></span> <span class='ocrx_word' id='word_1_409' title='bbox 433 3633 490 3688; x_wconf 90' lang='lat'><strong>&#39;0</strong></span> <span class='ocrx_word' id='word_1_410' title='bbox 516 3633 622 3697; x_wconf 82' lang='grc' dir='ltr'>πᾶς</span> <span class='ocrx_word' id='word_1_411' title='bbox 645 3632 835 3702; x_wconf 85' lang='grc' dir='ltr'>χρόνος</span> <span class='ocrx_word' id='word_1_412' title='bbox 866 3648 966 3702; x_wconf 88' lang='grc' dir='ltr'><strong>μου</strong></span> <span class='ocrx_word' id='word_1_413' title='bbox 995 3629 1160 3702; x_wconf 85' lang='grc' dir='ltr'>βαρού</span> <span class='ocrx_word' id='word_1_414' title='bbox 1170 3647 1327 3702; x_wconf 87' lang='grc' dir='ltr'>μενος</span> <span class='ocrx_word' id='word_1_415' title='bbox 1360 3629 1464 3683; x_wconf 80' lang='grc' dir='ltr'><strong>ὑπὸ</strong></span> <span class='ocrx_word' id='word_1_416' title='bbox 1496 3626 1795 3699; x_wconf 82' lang='grc' dir='ltr'>ἁμαρτιῶν.</span> 
     </span>
    </p>
   </div>
   <div class='ocr_carea' id='block_1_66' title="bbox 1759 3626 3372 3707">
    <p class='ocr_par' dir='ltr' id='par_1_66' title="bbox 1759 3628 3372 3707">
     <span class='ocr_line' id='line_1_67' title="bbox 1759 3628 3372 3707; baseline -0.009 -12"><span class='ocrx_word' id='word_1_417' title='bbox 1759 3644 1795 3683; x_wconf 67' lang='grc' dir='ltr'><strong>δι</strong></span> <span class='ocrx_word' id='word_1_418' title='bbox 1969 3639 2060 3694; x_wconf 74' lang='grc'><strong>24.</strong></span> <span class='ocrx_word' id='word_1_419' title='bbox 2096 3637 2269 3694; x_wconf 92' lang='lat' dir='ltr'><strong>Omne</strong></span> <span class='ocrx_word' id='word_1_420' title='bbox 2298 3654 2479 3693; x_wconf 91' lang='lat' dir='ltr'><strong>meum</strong></span> <span class='ocrx_word' id='word_1_421' title='bbox 2511 3646 2722 3707; x_wconf 87' lang='lat' dir='ltr'><strong>tempus</strong></span> <span class='ocrx_word' id='word_1_422' title='bbox 2751 3643 3030 3706; x_wconf 78' lang='lat' dir='ltr'><strong>gravatum</strong></span> <span class='ocrx_word' id='word_1_423' title='bbox 3062 3648 3090 3686; x_wconf 90' lang='lat' dir='ltr'><strong>a</strong></span> <span class='ocrx_word' id='word_1_424' title='bbox 3116 3628 3372 3701; x_wconf 84' lang='lat' dir='ltr'><strong>peccatis.</strong></span> 
     </span>
    </p>
   </div>
   <div class='ocr_carea' id='block_1_67' title="bbox 291 3721 1904 3797">
    <p class='ocr_par' dir='ltr' id='par_1_67' title="bbox 291 3721 872 3793">
     <span class='ocr_line' id='line_1_68' title="bbox 291 3721 872 3793; baseline -0.007 -15"><span class='ocrx_word' id='word_1_425' title='bbox 291 3724 389 3778; x_wconf 83' lang='lat'>25.</span> <span class='ocrx_word' id='word_1_426' title='bbox 437 3723 526 3777; x_wconf 89' lang='grc' dir='ltr'>Ἐν</span> <span class='ocrx_word' id='word_1_427' title='bbox 554 3721 872 3793; x_wconf 69' lang='grc' dir='ltr'>ἀϐοηθησίᾳ.</span> 
     </span>
    </p>
   </div>
   <div class='ocr_carea' id='block_1_68' title="bbox 992 3721 2605 3797">
    <p class='ocr_par' dir='ltr' id='par_1_68' title="bbox 1972 3728 2605 3797">
     <span class='ocr_line' id='line_1_69' title="bbox 1972 3728 2605 3797; baseline -0.008 -11"><span class='ocrx_word' id='word_1_428' title='bbox 1972 3730 2063 3786; x_wconf 71' lang='lat'><strong>25.</strong></span> <span class='ocrx_word' id='word_1_429' title='bbox 2096 3728 2152 3783; x_wconf 89' lang='lat' dir='ltr'><strong>In</strong></span> <span class='ocrx_word' id='word_1_430' title='bbox 2181 3729 2372 3784; x_wconf 76' lang='lat' dir='ltr'><strong>auxilii</strong></span> <span class='ocrx_word' id='word_1_431' title='bbox 2401 3728 2605 3797; x_wconf 79' lang='lat' dir='ltr'><strong>inopia.</strong></span> 
     </span>
    </p>
   </div>
   <div class='ocr_carea' id='block_1_69' title="bbox 290 3812 1903 3893">
    <p class='ocr_par' dir='ltr' id='par_1_69' title="bbox 290 3812 1197 3887">
     <span class='ocr_line' id='line_1_70' title="bbox 290 3812 1197 3887; baseline -0.004 -17"><span class='ocrx_word' id='word_1_432' title='bbox 290 3815 387 3871; x_wconf 85' lang='lat'><strong>26.</strong></span> <span class='ocrx_word' id='word_1_433' title='bbox 416 3815 818 3887; x_wconf 81' lang='grc' dir='ltr'>Συμπέφυρμαι</span> <span class='ocrx_word' id='word_1_434' title='bbox 843 3816 909 3885; x_wconf 79' lang='grc' dir='ltr'>τῇ</span> <span class='ocrx_word' id='word_1_435' title='bbox 935 3812 1197 3885; x_wconf 69' lang='grc' dir='ltr'>ἁμαρτίᾳ.</span> 
     </span>
    </p>
   </div>
   <div class='ocr_carea' id='block_1_70' title="bbox 1631 3812 3244 3893">
    <p class='ocr_par' dir='ltr' id='par_1_70' title="bbox 1970 3818 3244 3893">
     <span class='ocr_line' id='line_1_71' title="bbox 1970 3818 3244 3893; baseline -0.009 -16"><span class='ocrx_word' id='word_1_436' title='bbox 1970 3824 2062 3878; x_wconf 87' lang='grc'>26.</span> <span class='ocrx_word' id='word_1_437' title='bbox 2094 3822 2385 3893; x_wconf 89' lang='lat' dir='ltr'><strong>Subjectus</strong></span> <span class='ocrx_word' id='word_1_438' title='bbox 2415 3829 2470 3877; x_wconf 89' lang='lat' dir='ltr'><strong>et</strong></span> <span class='ocrx_word' id='word_1_439' title='bbox 2502 3818 2824 3875; x_wconf 89' lang='lat' dir='ltr'><strong>commistus</strong></span> <span class='ocrx_word' id='word_1_440' title='bbox 2850 3831 2970 3871; x_wconf 90' lang='lat' dir='ltr'><strong>sum</strong></span> <span class='ocrx_word' id='word_1_441' title='bbox 3003 3822 3244 3885; x_wconf 84' lang='lat' dir='ltr'><strong>peccato.</strong></span> 
     </span>
    </p>
   </div>
   <div class='ocr_carea' id='block_1_71' title="bbox 294 3900 1907 3983">
    <p class='ocr_par' dir='ltr' id='par_1_71' title="bbox 294 3900 1801 3983">
     <span class='ocr_line' id='line_1_72' title="bbox 294 3900 1801 3983; baseline -0.01 -17"><span class='ocrx_word' id='word_1_442' title='bbox 294 3912 390 3967; x_wconf 88' lang='lat'><strong>27.</strong></span> <span class='ocrx_word' id='word_1_443' title='bbox 426 3910 502 3983; x_wconf 89' lang='grc'><strong>(1)</strong></span> <span class='ocrx_word' id='word_1_444' title='bbox 528 3908 756 3974; x_wconf 81' lang='grc' dir='ltr'>Πάντες,</span> <span class='ocrx_word' id='word_1_445' title='bbox 799 3907 969 3975; x_wconf 85' lang='grc' dir='ltr'>λέγει,</span> <span class='ocrx_word' id='word_1_446' title='bbox 998 3908 1046 3960; x_wconf 77' lang='lat' dir='ltr'><strong>oi</strong></span> <span class='ocrx_word' id='word_1_447' title='bbox 1078 3904 1260 3976; x_wconf 83' lang='grc' dir='ltr'>ἐχθροί</span> <span class='ocrx_word' id='word_1_448' title='bbox 1304 3920 1425 3974; x_wconf 81' lang='grc' dir='ltr'>μου,</span> <span class='ocrx_word' id='word_1_449' title='bbox 1450 3900 1723 3955; x_wconf 85' lang='grc' dir='ltr'>τουτέστιν</span> <span class='ocrx_word' id='word_1_450' title='bbox 1753 3900 1801 3951; x_wconf 76' lang='grc' dir='ltr'><strong>οἱ</strong></span> 
     </span>
    </p>
   </div>
   <div class='ocr_carea' id='block_1_72' title="bbox 1846 3900 3459 3983">
    <p class='ocr_par' dir='ltr' id='par_1_72' title="bbox 1973 3904 3459 3983">
     <span class='ocr_line' id='line_1_73' title="bbox 1973 3904 3459 3983; baseline -0.007 -16"><span class='ocrx_word' id='word_1_451' title='bbox 1973 3914 2064 3969; x_wconf 88' lang='lat'>27.</span> <span class='ocrx_word' id='word_1_452' title='bbox 2092 3911 2315 3980; x_wconf 90' lang='lat' dir='ltr'><strong>Omnes,</strong></span> <span class='ocrx_word' id='word_1_453' title='bbox 2360 3912 2559 3983; x_wconf 85' lang='lat' dir='ltr'><strong>inquit,</strong></span> <span class='ocrx_word' id='word_1_454' title='bbox 2596 3908 2802 3965; x_wconf 89' lang='lat' dir='ltr'><strong>inimici</strong></span> <span class='ocrx_word' id='word_1_455' title='bbox 2835 3908 2965 3973; x_wconf 87' lang='lat' dir='ltr'><strong>mei,</strong></span> <span class='ocrx_word' id='word_1_456' title='bbox 3014 3907 3116 3960; x_wconf 86' lang='lat' dir='ltr'><strong>hoc</strong></span> <span class='ocrx_word' id='word_1_457' title='bbox 3152 3913 3233 3959; x_wconf 86' lang='lat' dir='ltr'><strong>est</strong></span> <span class='ocrx_word' id='word_1_458' title='bbox 3262 3904 3459 3958; x_wconf 70' lang='lat' dir='ltr'><strong>daemo-</strong></span> 
     </span>
    </p>
   </div>
   <div class='ocr_carea' id='block_1_73' title="bbox 213 3993 1826 4075">
    <p class='ocr_par' dir='ltr' id='par_1_73' title="bbox 213 3993 1674 4075">
     <span class='ocr_line' id='line_1_74' title="bbox 213 3993 1674 4075; baseline -0.01 -17"><span class='ocrx_word' id='word_1_459' title='bbox 213 4005 484 4075; x_wconf 75' lang='grc' dir='ltr'>δαίμονες</span> <span class='ocrx_word' id='word_1_460' title='bbox 524 3999 659 4071; x_wconf 78' lang='grc' dir='ltr'>μετὰ</span> <span class='ocrx_word' id='word_1_461' title='bbox 682 4000 743 4053; x_wconf 86' lang='grc' dir='ltr'><strong>τὸ</strong></span> <span class='ocrx_word' id='word_1_462' title='bbox 772 3996 1086 4069; x_wconf 80' lang='grc' dir='ltr'>ἁμαρτῆσαί</span> <span class='ocrx_word' id='word_1_463' title='bbox 1124 4014 1212 4066; x_wconf 89' lang='grc' dir='ltr'><strong>με,</strong></span> <span class='ocrx_word' id='word_1_464' title='bbox 1257 3993 1566 4059; x_wconf 73' lang='grc' dir='ltr'>ὀνειδίζουσί</span> <span class='ocrx_word' id='word_1_465' title='bbox 1588 4009 1674 4062; x_wconf 87' lang='grc' dir='ltr'>με.</span> 
     </span>
    </p>
   </div>
   <div class='ocr_carea' id='block_1_74' title="bbox 1807 3993 3420 4075">
    <p class='ocr_par' dir='ltr' id='par_1_74' title="bbox 1906 3996 3420 4075">
     <span class='ocr_line' id='line_1_75' title="bbox 1906 3996 3420 4075; baseline -0.007 -14"><span class='ocrx_word' id='word_1_466' title='bbox 1906 4019 2021 4066; x_wconf 86' lang='lat' dir='ltr'><strong>nes,</strong></span> <span class='ocrx_word' id='word_1_467' title='bbox 2060 4015 2350 4075; x_wconf 84' lang='lat' dir='ltr'><strong>postquam</strong></span> <span class='ocrx_word' id='word_1_468' title='bbox 2397 4019 2498 4074; x_wconf 80' lang='lat' dir='ltr'><strong>ego</strong></span> <span class='ocrx_word' id='word_1_469' title='bbox 2529 4001 2767 4073; x_wconf 84' lang='lat' dir='ltr'><strong>peccavi,</strong></span> <span class='ocrx_word' id='word_1_470' title='bbox 2813 4014 2900 4054; x_wconf 89' lang='lat' dir='ltr'><strong>me</strong></span> <span class='ocrx_word' id='word_1_471' title='bbox 2923 3998 3138 4068; x_wconf 84' lang='lat' dir='ltr'><strong>probris</strong></span> <span class='ocrx_word' id='word_1_472' title='bbox 3166 3996 3420 4052; x_wconf 80' lang='lat' dir='ltr'><strong>afﬁciunt.</strong></span> 
     </span>
    </p>
   </div>
   <div class='ocr_carea' id='block_1_75' title="bbox 299 4091 1912 4164">
    <p class='ocr_par' dir='ltr' id='par_1_75' title="bbox 299 4091 1031 4164">
     <span class='ocr_line' id='line_1_76' title="bbox 299 4091 1031 4164; baseline -0.015 -12"><span class='ocrx_word' id='word_1_473' title='bbox 299 4097 395 4152; x_wconf 88' lang='lat'><strong>28.</strong></span> <span class='ocrx_word' id='word_1_474' title='bbox 429 4097 490 4149; x_wconf 84' lang='grc' dir='ltr'><strong>Οἱ</strong></span> <span class='ocrx_word' id='word_1_475' title='bbox 523 4095 580 4148; x_wconf 87' lang='grc' dir='ltr'><strong>ἐν</strong></span> <span class='ocrx_word' id='word_1_476' title='bbox 606 4094 728 4164; x_wconf 71' lang='grc' dir='ltr'>ἐμοὶ</span> <span class='ocrx_word' id='word_1_477' title='bbox 762 4091 1031 4163; x_wconf 83' lang='grc' dir='ltr'>μένοντες.</span> 
     </span>
    </p>
   </div>
   <div class='ocr_carea' id='block_1_76' title="bbox 1057 4091 2670 4164">
    <p class='ocr_par' dir='ltr' id='par_1_76' title="bbox 1973 4094 2670 4160">
     <span class='ocr_line' id='line_1_77' title="bbox 1973 4094 2670 4160; baseline 0 -12"><span class='ocrx_word' id='word_1_478' title='bbox 1973 4094 2064 4148; x_wconf 87' lang='grc'><strong>28.</strong></span> <span class='ocrx_word' id='word_1_479' title='bbox 2092 4094 2194 4160; x_wconf 90' lang='lat' dir='ltr'><strong>Qui</strong></span> <span class='ocrx_word' id='word_1_480' title='bbox 2232 4094 2285 4149; x_wconf 94' lang='lat' dir='ltr'><strong>in</strong></span> <span class='ocrx_word' id='word_1_481' title='bbox 2320 4110 2405 4148; x_wconf 90' lang='lat' dir='ltr'><strong>me</strong></span> <span class='ocrx_word' id='word_1_482' title='bbox 2430 4101 2670 4159; x_wconf 86' lang='lat' dir='ltr'><strong>manent,</strong></span> 
     </span>
    </p>
   </div>
   <div class='ocr_carea' id='block_1_77' title="bbox 296 4174 1909 4257">
    <p class='ocr_par' dir='ltr' id='par_1_77' title="bbox 296 4174 1799 4257">
     <span class='ocr_line' id='line_1_78' title="bbox 296 4174 1799 4257; baseline -0.011 -14"><span class='ocrx_word' id='word_1_483' title='bbox 296 4190 391 4243; x_wconf 87' lang='lat'>29.</span> <span class='ocrx_word' id='word_1_484' title='bbox 436 4188 499 4241; x_wconf 90' lang='grc' dir='ltr'>Οί</span> <span class='ocrx_word' id='word_1_485' title='bbox 533 4187 587 4240; x_wconf 84' lang='grc' dir='ltr'>δὲ</span> <span class='ocrx_word' id='word_1_486' title='bbox 612 4186 811 4256; x_wconf 83' lang='grc' dir='ltr'>γνῶσιν</span> <span class='ocrx_word' id='word_1_487' title='bbox 868 4185 1081 4257; x_wconf 80' lang='grc' dir='ltr'>ἔχοντες</span> <span class='ocrx_word' id='word_1_488' title='bbox 1109 4179 1341 4252; x_wconf 76' lang='grc' dir='ltr'>ὁρῶντές</span> <span class='ocrx_word' id='word_1_489' title='bbox 1377 4195 1442 4248; x_wconf 89' lang='grc' dir='ltr'><strong>με</strong></span> <span class='ocrx_word' id='word_1_490' title='bbox 1494 4174 1799 4247; x_wconf 76' lang='grc' dir='ltr'>φοϐοῦνται,</span> 
     </span>
    </p>
   </div>
   <div class='ocr_carea' id='block_1_78' title="bbox 1846 4174 3459 4257">
    <p class='ocr_par' dir='ltr' id='par_1_78' title="bbox 1974 4180 3459 4255">
     <span class='ocr_line' id='line_1_79' title="bbox 1974 4180 3459 4255; baseline -0.004 -17"><span class='ocrx_word' id='word_1_491' title='bbox 1974 4185 2066 4241; x_wconf 87' lang='grc'><strong>29.</strong></span> <span class='ocrx_word' id='word_1_492' title='bbox 2101 4184 2203 4251; x_wconf 91' lang='lat' dir='ltr'><strong>Qui</strong></span> <span class='ocrx_word' id='word_1_493' title='bbox 2235 4194 2413 4239; x_wconf 90' lang='lat' dir='ltr'><strong>autem</strong></span> <span class='ocrx_word' id='word_1_494' title='bbox 2447 4192 2805 4255; x_wconf 83' lang='lat' dir='ltr'><strong>cognoscunt,</strong></span> <span class='ocrx_word' id='word_1_495' title='bbox 2834 4182 3075 4237; x_wconf 86' lang='lat' dir='ltr'><strong>videntes</strong></span> <span class='ocrx_word' id='word_1_496' title='bbox 3118 4195 3203 4235; x_wconf 92' lang='lat' dir='ltr'><strong>me</strong></span> <span class='ocrx_word' id='word_1_497' title='bbox 3253 4180 3459 4242; x_wconf 88' lang='lat' dir='ltr'><strong>timent,</strong></span> 
     </span>
    </p>
   </div>
   <div class='ocr_carea' id='block_1_79' title="bbox 220 4276 1833 4353">
    <p class='ocr_par' dir='ltr' id='par_1_79' title="bbox 220 4276 1833 4353">
     <span class='ocr_line' id='line_1_80' title="bbox 220 4276 1833 4353; baseline -0.01 -17"><span class='ocrx_word' id='word_1_498' title='bbox 220 4282 305 4353; x_wconf 82' lang='grc' dir='ltr'><strong>μὴ</strong></span> <span class='ocrx_word' id='word_1_499' title='bbox 335 4281 395 4335; x_wconf 81' lang='grc' dir='ltr'>δὲ</span> <span class='ocrx_word' id='word_1_500' title='bbox 423 4279 574 4333; x_wconf 68' lang='grc' dir='ltr'>αὐτοὶ</span> <span class='ocrx_word' id='word_1_501' title='bbox 602 4279 771 4341; x_wconf 73' lang='grc' dir='ltr'>οὕτως</span> <span class='ocrx_word' id='word_1_502' title='bbox 790 4276 1115 4348; x_wconf 77' lang='grc' dir='ltr'>ἡττηθῶσιν.</span> <span class='ocrx_word' id='word_1_503' title='bbox 1829 4346 1833 4353; x_wconf 18' lang='grc' dir='ltr'><em>Α</em></span> 
     </span>
    </p>
   </div>
   <div class='ocr_carea' id='block_1_80' title="bbox 1519 4276 3132 4353">
    <p class='ocr_par' dir='ltr' id='par_1_80' title="bbox 1829 4276 3132 4353">
     <span class='ocr_line' id='line_1_81' title="bbox 1829 4276 3132 4353; baseline -0.003 -21"><span class='ocrx_word' id='word_1_504' title='bbox 1829 4344 1868 4353; x_wconf 34' lang='grc' dir='ltr'><strong>Α</strong></span> <span class='ocrx_word' id='word_1_505' title='bbox 1907 4293 1976 4332; x_wconf 87' lang='lat' dir='ltr'><strong>ne</strong></span> <span class='ocrx_word' id='word_1_506' title='bbox 2003 4278 2106 4347; x_wconf 88' lang='lat' dir='ltr'><strong>ipsi</strong></span> <span class='ocrx_word' id='word_1_507' title='bbox 2138 4277 2467 4348; x_wconf 89' lang='lat' dir='ltr'><strong>quandoque</strong></span> <span class='ocrx_word' id='word_1_508' title='bbox 2483 4277 2735 4332; x_wconf 90' lang='lat' dir='ltr'><strong>similiter</strong></span> <span class='ocrx_word' id='word_1_509' title='bbox 2759 4276 3132 4331; x_wconf 89' lang='lat' dir='ltr'><strong>succumbant.</strong></span> 
     </span>
    </p>
   </div>
   <div class='ocr_carea' id='block_1_81' title="bbox 299 4344 1912 4440">
    <p class='ocr_par' dir='ltr' id='par_1_81' title="bbox 299 4344 1881 4439">
     <span class='ocr_line' id='line_1_82' title="bbox 299 4344 1881 4439; baseline -0.013 -12"><span class='ocrx_word' id='word_1_510' title='bbox 299 4344 393 4427; x_wconf 83' lang='grc'><strong>50.</strong></span> <span class='ocrx_word' id='word_1_511' title='bbox 428 4372 493 4424; x_wconf 84' lang='grc' dir='ltr'><strong>Οἱ</strong></span> <span class='ocrx_word' id='word_1_512' title='bbox 516 4369 732 4439; x_wconf 80' lang='grc' dir='ltr'>ἄγγελοί</span> <span class='ocrx_word' id='word_1_513' title='bbox 756 4344 848 4423; x_wconf 84' lang='grc' dir='ltr'><strong>σου</strong></span> <span class='ocrx_word' id='word_1_514' title='bbox 872 4344 1164 4437; x_wconf 63' lang='grc' dir='ltr'>ὰίρίσταντο</span> <span class='ocrx_word' id='word_1_515' title='bbox 1197 4363 1290 4417; x_wconf 83' lang='grc' dir='ltr'><strong>ἀπ’</strong></span> <span class='ocrx_word' id='word_1_516' title='bbox 1323 4359 1475 4433; x_wconf 79' lang='grc' dir='ltr'>ἐμοῦ.</span> <span class='ocrx_word' id='word_1_517' title='bbox 1829 4344 1881 4402; x_wconf 84' lang='grc' dir='ltr'><strong>Ῑ)</strong></span> 
     </span>
    </p>
   </div>
   <div class='ocr_carea' id='block_1_82' title="bbox 1371 4344 2984 4440">
    <p class='ocr_par' dir='ltr' id='par_1_82' title="bbox 1371 4344 2984 4440">
     <span class='ocr_line' id='line_1_83' title="bbox 1371 4344 2984 4440; baseline 0 -18"><span class='ocrx_word' id='word_1_518' title='bbox 1371 4359 1475 4414; x_wconf 77' lang='grc' dir='ltr'><strong>ιοῦο</strong></span> <span class='ocrx_word' id='word_1_519' title='bbox 1829 4344 1881 4402; x_wconf 78' lang='lat' dir='ltr'><strong>D</strong></span> <span class='ocrx_word' id='word_1_520' title='bbox 1972 4371 2060 4425; x_wconf 86' lang='grc'><strong>50.</strong></span> <span class='ocrx_word' id='word_1_521' title='bbox 2087 4371 2274 4440; x_wconf 78' lang='lat' dir='ltr'><strong>Angeli</strong></span> <span class='ocrx_word' id='word_1_522' title='bbox 2307 4344 2394 4425; x_wconf 41' lang='lat' dir='ltr'><strong>tui—</strong></span> <span class='ocrx_word' id='word_1_523' title='bbox 2423 4387 2453 4424; x_wconf 89' lang='lat' dir='ltr'><strong>a</strong></span> <span class='ocrx_word' id='word_1_524' title='bbox 2481 4385 2565 4425; x_wconf 89' lang='lat' dir='ltr'><strong>me</strong></span> <span class='ocrx_word' id='word_1_525' title='bbox 2599 4370 2984 4424; x_wconf 87' lang='lat' dir='ltr'><strong>discesserunt.</strong></span> 
     </span>
    </p>
   </div>
   <div class='ocr_carea' id='block_1_83' title="bbox 294 4446 1907 4533">
    <p class='ocr_par' dir='ltr' id='par_1_83' title="bbox 294 4446 1798 4533">
     <span class='ocr_line' id='line_1_84' title="bbox 294 4446 1798 4533; baseline -0.012 -16"><span class='ocrx_word' id='word_1_526' title='bbox 294 4464 390 4520; x_wconf 83' lang='grc'><strong>51.</strong></span> <span class='ocrx_word' id='word_1_527' title='bbox 428 4463 571 4515; x_wconf 80' lang='grc' dir='ltr'>Ὣσεὶ</span> <span class='ocrx_word' id='word_1_528' title='bbox 599 4460 671 4533; x_wconf 85' lang='grc'><strong>(2)</strong></span> <span class='ocrx_word' id='word_1_529' title='bbox 723 4461 913 4533; x_wconf 69' lang='grc' dir='ltr'>νεκρὸς</span> <span class='ocrx_word' id='word_1_530' title='bbox 968 4458 1105 4529; x_wconf 80' lang='grc' dir='ltr'>λήθη</span> <span class='ocrx_word' id='word_1_531' title='bbox 1154 4457 1360 4525; x_wconf 83' lang='grc' dir='ltr'>γίνεται</span> <span class='ocrx_word' id='word_1_532' title='bbox 1416 4452 1521 4506; x_wconf 85' lang='grc' dir='ltr'>ἀπὸ</span> <span class='ocrx_word' id='word_1_533' title='bbox 1577 4446 1798 4518; x_wconf 80' lang='grc' dir='ltr'>καρδίας</span> 
     </span>
    </p>
   </div>
   <div class='ocr_carea' id='block_1_84' title="bbox 1851 4446 3464 4533">
    <p class='ocr_par' dir='ltr' id='par_1_84' title="bbox 1974 4454 3464 4519">
     <span class='ocr_line' id='line_1_85' title="bbox 1974 4454 3464 4519; baseline -0.007 -1"><span class='ocrx_word' id='word_1_534' title='bbox 1974 4463 2065 4518; x_wconf 81' lang='grc'><strong>51.</strong></span> <span class='ocrx_word' id='word_1_535' title='bbox 2094 4462 2250 4519; x_wconf 84' lang='lat' dir='ltr'><strong>Sicut</strong></span> <span class='ocrx_word' id='word_1_536' title='bbox 2280 4474 2530 4518; x_wconf 90' lang='lat' dir='ltr'><strong>mortuus</strong></span> <span class='ocrx_word' id='word_1_537' title='bbox 2559 4461 2818 4517; x_wconf 79' lang='lat' dir='ltr'><strong>oblivioni</strong></span> <span class='ocrx_word' id='word_1_538' title='bbox 2851 4459 3079 4514; x_wconf 85' lang='lat' dir='ltr'><strong>traditur</strong></span> <span class='ocrx_word' id='word_1_539' title='bbox 3104 4457 3157 4512; x_wconf 92' lang='lat' dir='ltr'><strong>in</strong></span> <span class='ocrx_word' id='word_1_540' title='bbox 3190 4456 3352 4513; x_wconf 90' lang='lat' dir='ltr'><strong>corde</strong></span> <span class='ocrx_word' id='word_1_541' title='bbox 3381 4454 3464 4509; x_wconf 73' lang='lat' dir='ltr'><strong>vi—</strong></span> 
     </span>
    </p>
   </div>
   <div class='ocr_carea' id='block_1_85' title="bbox 209 4549 1822 4627">
    <p class='ocr_par' dir='ltr' id='par_1_85' title="bbox 209 4549 1309 4620">
     <span class='ocr_line' id='line_1_86' title="bbox 209 4549 1309 4620; baseline -0.006 -11"><span class='ocrx_word' id='word_1_542' title='bbox 209 4557 339 4610; x_wconf 74' lang='grc' dir='ltr'><strong>τῶν</strong></span> <span class='ocrx_word' id='word_1_543' title='bbox 365 4554 605 4619; x_wconf 78' lang='grc' dir='ltr'>ζώντων,</span> <span class='ocrx_word' id='word_1_544' title='bbox 646 4552 815 4615; x_wconf 72' lang='grc' dir='ltr'>οὕτως</span> <span class='ocrx_word' id='word_1_545' title='bbox 843 4550 996 4620; x_wconf 82' lang='grc' dir='ltr'><strong>κάγὼ</strong></span> <span class='ocrx_word' id='word_1_546' title='bbox 1027 4549 1309 4619; x_wconf 81' lang='grc' dir='ltr'>ἐγενόμην.</span> 
     </span>
    </p>
   </div>
   <div class='ocr_carea' id='block_1_86' title="bbox 1244 4549 2857 4627">
    <p class='ocr_par' dir='ltr' id='par_1_86' title="bbox 1244 4556 2857 4627">
     <span class='ocr_line' id='line_1_87' title="bbox 1244 4556 2857 4627; baseline -0.007 -9"><span class='ocrx_word' id='word_1_547' title='bbox 1244 4566 1309 4618; x_wconf 75' lang='grc' dir='ltr'><strong>ὶνο</strong></span> <span class='ocrx_word' id='word_1_548' title='bbox 1906 4558 2171 4620; x_wconf 89' lang='lat' dir='ltr'><strong>ventium,</strong></span> <span class='ocrx_word' id='word_1_549' title='bbox 2203 4558 2275 4611; x_wconf 90' lang='lat' dir='ltr'><strong>ita</strong></span> <span class='ocrx_word' id='word_1_550' title='bbox 2300 4564 2353 4612; x_wconf 91' lang='lat' dir='ltr'><strong>et</strong></span> <span class='ocrx_word' id='word_1_551' title='bbox 2375 4571 2475 4627; x_wconf 83' lang='lat' dir='ltr'><strong>ego</strong></span> <span class='ocrx_word' id='word_1_552' title='bbox 2508 4556 2681 4611; x_wconf 78' lang='lat' dir='ltr'><strong>factus</strong></span> <span class='ocrx_word' id='word_1_553' title='bbox 2718 4569 2857 4609; x_wconf 88' lang='lat' dir='ltr'><strong>sum.</strong></span> 
     </span>
    </p>
   </div>
   <div class='ocr_carea' id='block_1_87' title="bbox 298 4648 1911 4721">
    <p class='ocr_par' dir='ltr' id='par_1_87' title="bbox 298 4648 925 4721">
     <span class='ocr_line' id='line_1_88' title="bbox 298 4648 925 4721; baseline -0.01 -13"><span class='ocrx_word' id='word_1_554' title='bbox 298 4653 395 4708; x_wconf 80' lang='grc'><strong>52.</strong></span> <span class='ocrx_word' id='word_1_555' title='bbox 432 4652 734 4721; x_wconf 78' lang='grc' dir='ltr'>Ἀχρηστον</span> <span class='ocrx_word' id='word_1_556' title='bbox 757 4648 925 4715; x_wconf 80' lang='grc' dir='ltr'>λέγει.</span> 
     </span>
    </p>
   </div>
   <div class='ocr_carea' id='block_1_88' title="bbox 925 4648 2538 4721">
    <p class='ocr_par' dir='ltr' id='par_1_88' title="bbox 1976 4649 2538 4719">
     <span class='ocr_line' id='line_1_89' title="bbox 1976 4649 2538 4719; baseline 0.002 -16"><span class='ocrx_word' id='word_1_557' title='bbox 1976 4649 2064 4703; x_wconf 83' lang='grc'><strong>52.</strong></span> <span class='ocrx_word' id='word_1_558' title='bbox 2100 4649 2315 4713; x_wconf 83' lang='lat' dir='ltr'><strong>Inutile,</strong></span> <span class='ocrx_word' id='word_1_559' title='bbox 2347 4649 2538 4719; x_wconf 86' lang='lat' dir='ltr'><strong>inquit.</strong></span> 
     </span>
    </p>
   </div>
   <div class='ocr_carea' id='block_1_89' title="bbox 296 4733 1909 4815">
    <p class='ocr_par' dir='ltr' id='par_1_89' title="bbox 296 4733 1803 4815">
     <span class='ocr_line' id='line_1_90' title="bbox 296 4733 1803 4815; baseline -0.007 -16"><span class='ocrx_word' id='word_1_560' title='bbox 296 4745 393 4800; x_wconf 84' lang='grc'><strong>55.</strong></span> <span class='ocrx_word' id='word_1_561' title='bbox 434 4742 511 4813; x_wconf 87' lang='grc'><strong>(5)</strong></span> <span class='ocrx_word' id='word_1_562' title='bbox 536 4741 657 4793; x_wconf 81' lang='grc' dir='ltr'>Ὅτι</span> <span class='ocrx_word' id='word_1_563' title='bbox 682 4738 864 4815; x_wconf 78' lang='grc' dir='ltr'>ἀκούω</span> <span class='ocrx_word' id='word_1_564' title='bbox 893 4738 1000 4793; x_wconf 83' lang='grc' dir='ltr'>τῶν</span> <span class='ocrx_word' id='word_1_565' title='bbox 1024 4736 1291 4808; x_wconf 85' lang='grc' dir='ltr'>δαιμόνων</span> <span class='ocrx_word' id='word_1_566' title='bbox 1322 4733 1682 4799; x_wconf 78' lang='grc' dir='ltr'>ὀνειδιζόντων</span> <span class='ocrx_word' id='word_1_567' title='bbox 1736 4753 1803 4806; x_wconf 86' lang='grc' dir='ltr'><strong>με</strong></span> 
     </span>
    </p>
   </div>
   <div class='ocr_carea' id='block_1_90' title="bbox 1854 4733 3467 4815">
    <p class='ocr_par' dir='ltr' id='par_1_90' title="bbox 1982 4735 3467 4809">
     <span class='ocr_line' id='line_1_91' title="bbox 1982 4735 3467 4809; baseline -0.004 -15"><span class='ocrx_word' id='word_1_568' title='bbox 1982 4740 2071 4795; x_wconf 87' lang='grc'><strong>55.</strong></span> <span class='ocrx_word' id='word_1_569' title='bbox 2099 4741 2372 4807; x_wconf 88' lang='lat' dir='ltr'><strong>Quoniam</strong></span> <span class='ocrx_word' id='word_1_570' title='bbox 2417 4743 2579 4797; x_wconf 90' lang='lat' dir='ltr'><strong>audio</strong></span> <span class='ocrx_word' id='word_1_571' title='bbox 2615 4742 2887 4797; x_wconf 74' lang='lat' dir='ltr'><strong>dzemones</strong></span> <span class='ocrx_word' id='word_1_572' title='bbox 2917 4738 3305 4809; x_wconf 85' lang='lat' dir='ltr'><strong>opprobrantes</strong></span> <span class='ocrx_word' id='word_1_573' title='bbox 3336 4735 3467 4789; x_wconf 80' lang='lat' dir='ltr'><strong>milii</strong></span> 
     </span>
    </p>
   </div>
   <div class='ocr_carea' id='block_1_91' title="bbox 215 4828 1828 4903">
    <p class='ocr_par' dir='ltr' id='par_1_91' title="bbox 215 4828 758 4903">
     <span class='ocr_line' id='line_1_92' title="bbox 215 4828 758 4903; baseline -0.013 -16"><span class='ocrx_word' id='word_1_574' title='bbox 215 4836 283 4887; x_wconf 84' lang='grc' dir='ltr'><strong>ἐν</strong></span> <span class='ocrx_word' id='word_1_575' title='bbox 308 4834 379 4903; x_wconf 83' lang='grc' dir='ltr'><strong>τῇ</strong></span> <span class='ocrx_word' id='word_1_576' title='bbox 412 4828 609 4899; x_wconf 73' lang='grc' dir='ltr'>καρδίᾳ</span> <span class='ocrx_word' id='word_1_577' title='bbox 639 4845 758 4897; x_wconf 84' lang='grc' dir='ltr'>μου.</span> 
     </span>
    </p>
   </div>
   <div class='ocr_carea' id='block_1_92' title="bbox 709 4828 2322 4903">
    <p class='ocr_par' dir='ltr' id='par_1_92' title="bbox 709 4833 2322 4889">
     <span class='ocr_line' id='line_1_93' title="bbox 709 4833 2322 4889; baseline 0.006 -9"><span class='ocrx_word' id='word_1_578' title='bbox 709 4845 758 4881; x_wconf 89' lang='grc' dir='ltr'>υ.</span> <span class='ocrx_word' id='word_1_579' title='bbox 1908 4833 1962 4887; x_wconf 81' lang='lat' dir='ltr'><strong>in</strong></span> <span class='ocrx_word' id='word_1_580' title='bbox 1988 4834 2151 4888; x_wconf 89' lang='lat' dir='ltr'><strong>corde</strong></span> <span class='ocrx_word' id='word_1_581' title='bbox 2182 4849 2322 4889; x_wconf 90' lang='lat' dir='ltr'><strong>meo.</strong></span> 
     </span>
    </p>
   </div>
   <div class='ocr_carea' id='block_1_93' title="bbox 301 4915 1914 4995">
    <p class='ocr_par' dir='ltr' id='par_1_93' title="bbox 301 4915 1804 4988">
     <span class='ocr_line' id='line_1_94' title="bbox 301 4915 1804 4988; baseline -0.005 -12"><span class='ocrx_word' id='word_1_582' title='bbox 301 4921 401 4982; x_wconf 76' lang='grc'><strong>54,</strong></span> <span class='ocrx_word' id='word_1_583' title='bbox 444 4918 535 4973; x_wconf 76' lang='grc'><strong>55.</strong></span> <span class='ocrx_word' id='word_1_584' title='bbox 599 4918 722 4971; x_wconf 80' lang='grc' dir='ltr'>Ἐπὶ</span> <span class='ocrx_word' id='word_1_585' title='bbox 771 4918 834 4972; x_wconf 88' lang='grc' dir='ltr'><strong>τὸ</strong></span> <span class='ocrx_word' id='word_1_586' title='bbox 888 4919 1020 4973; x_wconf 81' lang='grc' dir='ltr'>αὐτὸ</span> <span class='ocrx_word' id='word_1_587' title='bbox 1046 4916 1301 4987; x_wconf 85' lang='grc' dir='ltr'>γεγόνασι</span> <span class='ocrx_word' id='word_1_588' title='bbox 1338 4915 1432 4968; x_wconf 82' lang='grc' dir='ltr'><strong>τοῦ</strong></span> <span class='ocrx_word' id='word_1_589' title='bbox 1478 4917 1804 4988; x_wconf 83' lang='grc' dir='ltr'>αἰχμαλωτί-</span> 
     </span>
    </p>
   </div>
   <div class='ocr_carea' id='block_1_94' title="bbox 1854 4915 3467 4995">
    <p class='ocr_par' dir='ltr' id='par_1_94' title="bbox 1980 4918 3467 4995">
     <span class='ocr_line' id='line_1_95' title="bbox 1980 4918 3467 4995; baseline -0.005 -16"><span class='ocrx_word' id='word_1_590' title='bbox 1980 4925 2073 4992; x_wconf 73' lang='grc'><strong>54,</strong></span> <span class='ocrx_word' id='word_1_591' title='bbox 2102 4926 2191 4979; x_wconf 82' lang='grc'><strong>55.</strong></span> <span class='ocrx_word' id='word_1_592' title='bbox 2217 4925 2353 4979; x_wconf 91' lang='lat' dir='ltr'><strong>Cum</strong></span> <span class='ocrx_word' id='word_1_593' title='bbox 2383 4925 2548 4980; x_wconf 91' lang='lat' dir='ltr'><strong>simul</strong></span> <span class='ocrx_word' id='word_1_594' title='bbox 2574 4924 2883 4995; x_wconf 80' lang='lat' dir='ltr'><strong>congregati</strong></span> <span class='ocrx_word' id='word_1_595' title='bbox 2912 4930 3061 4989; x_wconf 91' lang='lat' dir='ltr'><strong>sunt,</strong></span> <span class='ocrx_word' id='word_1_596' title='bbox 3092 4931 3150 4976; x_wconf 90' lang='lat' dir='ltr'><strong>ut</strong></span> <span class='ocrx_word' id='word_1_597' title='bbox 3182 4935 3267 4975; x_wconf 93' lang='lat' dir='ltr'><strong>me</strong></span> <span class='ocrx_word' id='word_1_598' title='bbox 3297 4918 3467 4989; x_wconf 80' lang='lat' dir='ltr'><strong>capti-</strong></span> 
     </span>
    </p>
   </div>
   <div class='ocr_carea' id='block_1_95' title="bbox 215 5016 1828 5082">
    <p class='ocr_par' dir='ltr' id='par_1_95' title="bbox 215 5028 452 5082">
     <span class='ocr_line' id='line_1_96' title="bbox 215 5028 452 5082; baseline -0.03 -13"><span class='ocrx_word' id='word_1_599' title='bbox 215 5029 322 5068; x_wconf 85' lang='grc' dir='ltr'><strong>σαι</strong></span> <span class='ocrx_word' id='word_1_600' title='bbox 360 5028 452 5082; x_wconf 83' lang='grc' dir='ltr'>με.</span> 
     </span>
    </p>
   </div>
   <div class='ocr_carea' id='block_1_96' title="bbox 729 5016 2342 5082">
    <p class='ocr_par' dir='ltr' id='par_1_96' title="bbox 1910 5016 2342 5071">
     <span class='ocr_line' id='line_1_97' title="bbox 1910 5016 2342 5071; baseline 0 -3"><span class='ocrx_word' id='word_1_601' title='bbox 1910 5030 2037 5070; x_wconf 82' lang='lat' dir='ltr'><strong>vum</strong></span> <span class='ocrx_word' id='word_1_602' title='bbox 2066 5016 2342 5071; x_wconf 90' lang='lat' dir='ltr'><strong>ducerent.</strong></span> 
     </span>
    </p>
   </div>
   <div class='ocr_carea' id='block_1_97' title="bbox 295 5099 1908 5177">
    <p class='ocr_par' dir='ltr' id='par_1_97' title="bbox 295 5099 1805 5172">
     <span class='ocr_line' id='line_1_98' title="bbox 295 5099 1805 5172; baseline -0.004 -14"><span class='ocrx_word' id='word_1_603' title='bbox 295 5102 395 5168; x_wconf 83' lang='grc'><strong>56,</strong></span> <span class='ocrx_word' id='word_1_604' title='bbox 426 5102 518 5158; x_wconf 87' lang='grc'><strong>57.</strong></span> <span class='ocrx_word' id='word_1_605' title='bbox 564 5101 703 5172; x_wconf 87' lang='grc' dir='ltr'>Ἐγὼ</span> <span class='ocrx_word' id='word_1_606' title='bbox 727 5101 784 5156; x_wconf 83' lang='grc' dir='ltr'>δὲ</span> <span class='ocrx_word' id='word_1_607' title='bbox 816 5101 908 5155; x_wconf 70' lang='grc' dir='ltr'><strong>ἐπὶ</strong></span> <span class='ocrx_word' id='word_1_608' title='bbox 947 5102 1029 5153; x_wconf 74' lang='grc' dir='ltr'><strong>σοὶ</strong></span> <span class='ocrx_word' id='word_1_609' title='bbox 1081 5101 1305 5171; x_wconf 74' lang='grc' dir='ltr'>ἤλπισα,</span> <span class='ocrx_word' id='word_1_610' title='bbox 1330 5102 1411 5154; x_wconf 82' lang='grc' dir='ltr'><strong>ὅτι</strong></span> <span class='ocrx_word' id='word_1_611' title='bbox 1441 5099 1499 5166; x_wconf 76' lang='grc' dir='ltr'><strong>ἐξ</strong></span> <span class='ocrx_word' id='word_1_612' title='bbox 1518 5100 1692 5153; x_wconf 83' lang='grc' dir='ltr'>αὐτῶν</span> <span class='ocrx_word' id='word_1_613' title='bbox 1715 5100 1805 5152; x_wconf 84' lang='grc' dir='ltr'>λυ-</span> 
     </span>
    </p>
   </div>
   <div class='ocr_carea' id='block_1_98' title="bbox 1858 5099 3471 5177">
    <p class='ocr_par' dir='ltr' id='par_1_98' title="bbox 1977 5099 3471 5177">
     <span class='ocr_line' id='line_1_99' title="bbox 1977 5099 3471 5177; baseline -0.005 -16"><span class='ocrx_word' id='word_1_614' title='bbox 1977 5106 2067 5171; x_wconf 89' lang='grc'><strong>56,</strong></span> <span class='ocrx_word' id='word_1_615' title='bbox 2097 5106 2186 5162; x_wconf 85' lang='grc'><strong>57.</strong></span> <span class='ocrx_word' id='word_1_616' title='bbox 2227 5106 2338 5177; x_wconf 84' lang='lat' dir='ltr'><strong>Ego</strong></span> <span class='ocrx_word' id='word_1_617' title='bbox 2365 5117 2541 5162; x_wconf 88' lang='lat' dir='ltr'><strong>autem</strong></span> <span class='ocrx_word' id='word_1_618' title='bbox 2575 5106 2628 5159; x_wconf 91' lang='lat' dir='ltr'><strong>in</strong></span> <span class='ocrx_word' id='word_1_619' title='bbox 2662 5114 2734 5169; x_wconf 92' lang='lat' dir='ltr'><strong>te,</strong></span> <span class='ocrx_word' id='word_1_620' title='bbox 2768 5102 3015 5166; x_wconf 85' lang='lat' dir='ltr'><strong>Domine,</strong></span> <span class='ocrx_word' id='word_1_621' title='bbox 3060 5116 3293 5170; x_wconf 74' lang='lat' dir='ltr'><strong>speravr,</strong></span> <span class='ocrx_word' id='word_1_622' title='bbox 3328 5099 3471 5170; x_wconf 88' lang='lat' dir='ltr'><strong>quod</strong></span> 
     </span>
    </p>
   </div>
   <div class='ocr_carea' id='block_1_99' title="bbox 220 5181 1833 5267">
    <p class='ocr_par' dir='ltr' id='par_1_99' title="bbox 220 5181 1305 5267">
     <span class='ocr_line' id='line_1_100' title="bbox 220 5181 1305 5267; baseline -0.002 -19"><span class='ocrx_word' id='word_1_623' title='bbox 220 5194 421 5267; x_wconf 78' lang='grc' dir='ltr'>τρώσῃ</span> <span class='ocrx_word' id='word_1_624' title='bbox 465 5212 532 5263; x_wconf 85' lang='grc' dir='ltr'><strong>με</strong></span> <span class='ocrx_word' id='word_1_625' title='bbox 561 5194 659 5264; x_wconf 69' lang='lat' dir='ltr'><strong>m-</strong></span> <span class='ocrx_word' id='word_1_626' title='bbox 684 5195 748 5247; x_wconf 82' lang='grc' dir='ltr'><strong>σὺ</strong></span> <span class='ocrx_word' id='word_1_627' title='bbox 776 5192 883 5264; x_wconf 76' lang='grc' dir='ltr'>γὰρ</span> <span class='ocrx_word' id='word_1_628' title='bbox 907 5188 959 5245; x_wconf 85' lang='grc' dir='ltr'>εἷ</span> <span class='ocrx_word' id='word_1_629' title='bbox 976 5195 1003 5246; x_wconf 86' lang='grc' dir='ltr'>ὁ</span> <span class='ocrx_word' id='word_1_630' title='bbox 1031 5192 1161 5256; x_wconf 81' lang='grc' dir='ltr'>Θεός</span> <span class='ocrx_word' id='word_1_631' title='bbox 1184 5181 1305 5262; x_wconf 74' lang='grc' dir='ltr'>μου.</span> 
     </span>
    </p>
   </div>
   <div class='ocr_carea' id='block_1_100' title="bbox 1645 5181 3258 5267">
    <p class='ocr_par' dir='ltr' id='par_1_100' title="bbox 1914 5194 3258 5258">
     <span class='ocr_line' id='line_1_101' title="bbox 1914 5194 3258 5258; baseline -0.004 -5"><span class='ocrx_word' id='word_1_632' title='bbox 1914 5215 2000 5253; x_wconf 91' lang='lat' dir='ltr'><strong>me</strong></span> <span class='ocrx_word' id='word_1_633' title='bbox 2024 5200 2092 5255; x_wconf 88' lang='lat' dir='ltr'><strong>ab</strong></span> <span class='ocrx_word' id='word_1_634' title='bbox 2119 5200 2225 5256; x_wconf 91' lang='lat' dir='ltr'><strong>illis</strong></span> <span class='ocrx_word' id='word_1_635' title='bbox 2257 5199 2513 5255; x_wconf 88' lang='lat' dir='ltr'><strong>liberabis</strong></span> <span class='ocrx_word' id='word_1_636' title='bbox 2538 5217 2552 5258; x_wconf 85' lang='lat'><strong>;</strong></span> <span class='ocrx_word' id='word_1_637' title='bbox 2577 5210 2632 5252; x_wconf 93' lang='lat' dir='ltr'><strong>tu</strong></span> <span class='ocrx_word' id='word_1_638' title='bbox 2664 5196 2806 5253; x_wconf 89' lang='lat' dir='ltr'><strong>enim</strong></span> <span class='ocrx_word' id='word_1_639' title='bbox 2831 5210 2891 5251; x_wconf 86' lang='lat' dir='ltr'><strong>es</strong></span> <span class='ocrx_word' id='word_1_640' title='bbox 2918 5194 3059 5249; x_wconf 85' lang='lat' dir='ltr'><strong>Deus</strong></span> <span class='ocrx_word' id='word_1_641' title='bbox 3088 5209 3258 5249; x_wconf 89' lang='lat' dir='ltr'><strong>meus.</strong></span> 
     </span>
    </p>
   </div>
   <div class='ocr_carea' id='block_1_101' title="bbox 297 5281 1910 5358">
    <p class='ocr_par' dir='ltr' id='par_1_101' title="bbox 297 5281 1647 5354">
     <span class='ocr_line' id='line_1_102' title="bbox 297 5281 1647 5354; baseline -0.002 -16"><span class='ocrx_word' id='word_1_642' title='bbox 297 5284 399 5340; x_wconf 83' lang='grc'><strong>58.</strong></span> <span class='ocrx_word' id='word_1_643' title='bbox 448 5284 537 5336; x_wconf 84' lang='grc' dir='ltr'>Ἐν</span> <span class='ocrx_word' id='word_1_644' title='bbox 561 5287 679 5347; x_wconf 84' lang='grc' dir='ltr'>ταῖς</span> <span class='ocrx_word' id='word_1_645' title='bbox 706 5284 859 5354; x_wconf 80' lang='grc' dir='ltr'>χερσί</span> <span class='ocrx_word' id='word_1_646' title='bbox 892 5299 985 5336; x_wconf 88' lang='grc' dir='ltr'><strong>σου</strong></span> <span class='ocrx_word' id='word_1_647' title='bbox 1012 5281 1183 5354; x_wconf 80' lang='grc' dir='ltr'>ἔθηκα</span> <span class='ocrx_word' id='word_1_648' title='bbox 1203 5283 1299 5354; x_wconf 80' lang='grc' dir='ltr'>τὴν</span> <span class='ocrx_word' id='word_1_649' title='bbox 1321 5282 1494 5352; x_wconf 70' lang='grc' dir='ltr'>ψυχήν</span> <span class='ocrx_word' id='word_1_650' title='bbox 1526 5299 1647 5353; x_wconf 85' lang='grc' dir='ltr'>μου.</span> 
     </span>
    </p>
   </div>
   <div class='ocr_carea' id='block_1_102' title="bbox 1643 5281 3256 5358">
    <p class='ocr_par' dir='ltr' id='par_1_102' title="bbox 1643 5285 3256 5358">
     <span class='ocr_line' id='line_1_103' title="bbox 1643 5285 3256 5358; baseline -0.006 -12"><span class='ocrx_word' id='word_1_651' title='bbox 1643 5321 1647 5334; x_wconf 81' lang='grc'><strong>›</strong></span> <span class='ocrx_word' id='word_1_652' title='bbox 1987 5290 2075 5345; x_wconf 87' lang='grc'><strong>58.</strong></span> <span class='ocrx_word' id='word_1_653' title='bbox 2107 5289 2164 5343; x_wconf 88' lang='lat' dir='ltr'><strong>In</strong></span> <span class='ocrx_word' id='word_1_654' title='bbox 2197 5289 2447 5345; x_wconf 90' lang='lat' dir='ltr'><strong>manibus</strong></span> <span class='ocrx_word' id='word_1_655' title='bbox 2478 5289 2584 5343; x_wconf 87' lang='lat' dir='ltr'><strong>tuis</strong></span> <span class='ocrx_word' id='word_1_656' title='bbox 2612 5286 2765 5358; x_wconf 90' lang='lat' dir='ltr'><strong>posui</strong></span> <span class='ocrx_word' id='word_1_657' title='bbox 2796 5285 3031 5339; x_wconf 87' lang='lat' dir='ltr'><strong>animam</strong></span> <span class='ocrx_word' id='word_1_658' title='bbox 3063 5298 3256 5337; x_wconf 75' lang='lat' dir='ltr'><strong>meam.</strong></span> 
     </span>
    </p>
   </div>
   <div class='ocr_carea' id='block_1_103' title="bbox 295 5370 1908 5446">
    <p class='ocr_par' dir='ltr' id='par_1_103' title="bbox 295 5374 1469 5446">
     <span class='ocr_line' id='line_1_104' title="bbox 295 5374 1469 5446; baseline -0.006 -14"><span class='ocrx_word' id='word_1_659' title='bbox 295 5375 398 5442; x_wconf 86' lang='grc'><strong>59,</strong></span> <span class='ocrx_word' id='word_1_660' title='bbox 427 5375 518 5431; x_wconf 62' lang='lat'><strong>40.</strong></span> <span class='ocrx_word' id='word_1_661' title='bbox 546 5376 667 5429; x_wconf 88' lang='grc' dir='ltr'>Τῶν</span> <span class='ocrx_word' id='word_1_662' title='bbox 692 5376 947 5430; x_wconf 82' lang='grc' dir='ltr'>ἐναντίων</span> <span class='ocrx_word' id='word_1_663' title='bbox 976 5375 1271 5446; x_wconf 76' lang='grc' dir='ltr'>δυνάμεων,</span> <span class='ocrx_word' id='word_1_664' title='bbox 1301 5374 1469 5443; x_wconf 81' lang='grc' dir='ltr'>λέγει.</span> 
     </span>
    </p>
   </div>
   <div class='ocr_carea' id='block_1_104' title="bbox 1619 5370 3232 5446">
    <p class='ocr_par' dir='ltr' id='par_1_104' title="bbox 1988 5370 3232 5445">
     <span class='ocr_line' id='line_1_105' title="bbox 1988 5370 3232 5445; baseline -0.004 -15"><span class='ocrx_word' id='word_1_665' title='bbox 1988 5377 2077 5442; x_wconf 82' lang='grc'><strong>59,</strong></span> <span class='ocrx_word' id='word_1_666' title='bbox 2109 5376 2198 5432; x_wconf 74' lang='grc'><strong>40.</strong></span> <span class='ocrx_word' id='word_1_667' title='bbox 2228 5377 2273 5430; x_wconf 83' lang='grc' dir='ltr'>Λ</span> <span class='ocrx_word' id='word_1_668' title='bbox 2303 5377 2593 5432; x_wconf 88' lang='lat' dir='ltr'><strong>contrariis</strong></span> <span class='ocrx_word' id='word_1_669' title='bbox 2623 5374 2982 5445; x_wconf 88' lang='lat' dir='ltr'><strong>potestatibus</strong></span> <span class='ocrx_word' id='word_1_670' title='bbox 3040 5370 3232 5439; x_wconf 89' lang='lat' dir='ltr'><strong>inquit.</strong></span> 
     </span>
    </p>
   </div>
   <div class='ocr_carea' id='block_1_105' title="bbox 1188 5491 2528 5571">
    <p class='ocr_par' dir='ltr' id='par_1_105' title="bbox 1188 5491 2528 5571">
     <span class='ocr_line' id='line_1_106' title="bbox 1188 5491 2528 5571; baseline 0.003 -18"><span class='ocrx_word' id='word_1_671' title='bbox 1188 5491 1496 5553; x_wconf 84' lang='lat' dir='ltr'><strong>Addenda</strong></span> <span class='ocrx_word' id='word_1_672' title='bbox 1527 5497 1587 5553; x_wconf 85' lang='lat' dir='ltr'><strong>et</strong></span> <span class='ocrx_word' id='word_1_673' title='bbox 1620 5493 1998 5571; x_wconf 81' lang='lat' dir='ltr'><strong>corrigenda</strong></span> <span class='ocrx_word' id='word_1_674' title='bbox 2046 5513 2123 5556; x_wconf 82' lang='lat' dir='ltr'><strong>ex</strong></span> <span class='ocrx_word' id='word_1_675' title='bbox 2154 5496 2293 5557; x_wconf 92' lang='lat' dir='ltr'><strong>eod.</strong></span> <span class='ocrx_word' id='word_1_676' title='bbox 2331 5495 2528 5557; x_wconf 84' lang='lat' dir='ltr'><strong>Vatie.</strong></span> 
     </span>
    </p>
   </div>
   <div class='ocr_carea' id='block_1_106' title="bbox 304 5582 3476 5666">
    <p class='ocr_par' dir='ltr' id='par_1_106' title="bbox 304 5582 3476 5666">
     <span class='ocr_line' id='line_1_107' title="bbox 304 5582 3476 5666; baseline -0.003 -18"><span class='ocrx_word' id='word_1_677' title='bbox 304 5595 393 5663; x_wconf 88' lang='grc'><strong>(1)</strong></span> <span class='ocrx_word' id='word_1_678' title='bbox 426 5592 601 5666; x_wconf 75' lang='grc' dir='ltr'><strong>Ν.27,</strong></span> <span class='ocrx_word' id='word_1_679' title='bbox 629 5593 722 5657; x_wconf 85' lang='grc'><strong>28,</strong></span> <span class='ocrx_word' id='word_1_680' title='bbox 752 5594 841 5650; x_wconf 80' lang='grc'><strong>29.</strong></span> <span class='ocrx_word' id='word_1_681' title='bbox 876 5592 1121 5666; x_wconf 73' lang='grc' dir='ltr'>Λέγει,οί</span> <span class='ocrx_word' id='word_1_682' title='bbox 1150 5590 1330 5666; x_wconf 77' lang='grc' dir='ltr'>ἐχθροί</span> <span class='ocrx_word' id='word_1_683' title='bbox 1365 5608 1485 5666; x_wconf 71' lang='grc' dir='ltr'>μου,</span> <span class='ocrx_word' id='word_1_684' title='bbox 1516 5601 1645 5666; x_wconf 54' lang='grc' dir='ltr'>εις..</span> <span class='ocrx_word' id='word_1_685' title='bbox 1670 5591 1810 5666; x_wconf 34' lang='grc' dir='ltr'>ὀν-ει·</span> <span class='ocrx_word' id='word_1_686' title='bbox 1989 5596 2066 5665; x_wconf 84' lang='grc'><strong>(5)</strong></span> <span class='ocrx_word' id='word_1_687' title='bbox 2110 5596 2174 5649; x_wconf 83' lang='grc' dir='ltr'><strong>Ν.</strong></span> <span class='ocrx_word' id='word_1_688' title='bbox 2208 5597 2293 5650; x_wconf 84' lang='grc'><strong>55.</strong></span> <span class='ocrx_word' id='word_1_689' title='bbox 2328 5594 2551 5657; x_wconf 83' lang='grc' dir='ltr'>Ἀκούω,</span> <span class='ocrx_word' id='word_1_690' title='bbox 2574 5604 2701 5662; x_wconf 87' lang='lat' dir='ltr'><strong>etc.,</strong></span> <span class='ocrx_word' id='word_1_691' title='bbox 2734 5610 2819 5666; x_wconf 87' lang='grc' dir='ltr'>με.</span> <span class='ocrx_word' id='word_1_692' title='bbox 2848 5590 2912 5648; x_wconf 85' lang='lat' dir='ltr'>N.</span> <span class='ocrx_word' id='word_1_693' title='bbox 2942 5591 3028 5657; x_wconf 81' lang='grc'><strong>54,</strong></span> <span class='ocrx_word' id='word_1_694' title='bbox 3066 5587 3153 5643; x_wconf 84' lang='grc' dir='ltr'>Ἐν</span> <span class='ocrx_word' id='word_1_695' title='bbox 3181 5589 3246 5659; x_wconf 79' lang='grc' dir='ltr'>τῇ</span> <span class='ocrx_word' id='word_1_696' title='bbox 3282 5582 3476 5659; x_wconf 76' lang='grc' dir='ltr'>καρδίᾳ</span> 
     </span>
    </p>
   </div>
   <div class='ocr_carea' id='block_1_107' title="bbox 218 5662 2564 5738">
    <p class='ocr_par' dir='ltr' id='par_1_107' title="bbox 218 5662 2564 5738">
     <span class='ocr_line' id='line_1_108' title="bbox 218 5662 2564 5738; baseline -0.001 -18"><span class='ocrx_word' id='word_1_697' title='bbox 218 5662 448 5738; x_wconf 54' lang='grc' dir='ltr'>’δίζουσί</span> <span class='ocrx_word' id='word_1_698' title='bbox 481 5683 593 5734; x_wconf 88' lang='grc' dir='ltr'>μοι,</span> <span class='ocrx_word' id='word_1_699' title='bbox 630 5666 680 5719; x_wconf 84' lang='grc' dir='ltr'>οἱ</span> <span class='ocrx_word' id='word_1_700' title='bbox 716 5666 770 5718; x_wconf 83' lang='grc' dir='ltr'><strong>ἐν</strong></span> <span class='ocrx_word' id='word_1_701' title='bbox 797 5664 936 5737; x_wconf 77' lang='grc' dir='ltr'>ἐμοί,</span> <span class='ocrx_word' id='word_1_702' title='bbox 965 5673 1093 5730; x_wconf 85' lang='lat' dir='ltr'><strong>etc.,</strong></span> <span class='ocrx_word' id='word_1_703' title='bbox 1126 5663 1197 5734; x_wconf 84' lang='grc' dir='ltr'>μὴ</span> <span class='ocrx_word' id='word_1_704' title='bbox 1226 5662 1317 5714; x_wconf 67' lang='grc' dir='ltr'><strong>καὶ</strong></span> <span class='ocrx_word' id='word_1_705' title='bbox 1338 5662 1486 5715; x_wconf 73' lang='grc' dir='ltr'>αὐτοὶ</span> <span class='ocrx_word' id='word_1_706' title='bbox 1515 5662 1683 5725; x_wconf 70' lang='grc' dir='ltr'>οὕτως</span> <span class='ocrx_word' id='word_1_707' title='bbox 1715 5664 1812 5732; x_wconf 77' lang='grc' dir='ltr'><strong>ἡτ-</strong></span> <span class='ocrx_word' id='word_1_708' title='bbox 1925 5662 2141 5738; x_wconf 58' lang='grc' dir='ltr'>μου.’Ν.</span> <span class='ocrx_word' id='word_1_709' title='bbox 2168 5667 2254 5720; x_wconf 73' lang='grc'><strong>55.</strong></span> <span class='ocrx_word' id='word_1_710' title='bbox 2299 5666 2352 5718; x_wconf 91' lang='grc' dir='ltr'>Ἐ</span> <span class='ocrx_word' id='word_1_711' title='bbox 2367 5667 2438 5730; x_wconf 72' lang='grc' dir='ltr'><strong>πί,</strong></span> <span class='ocrx_word' id='word_1_712' title='bbox 2461 5675 2564 5720; x_wconf 86' lang='lat' dir='ltr'><strong>etc.</strong></span> 
     </span>
    </p>
   </div>
   <div class='ocr_carea' id='block_1_108' title="bbox 224 5736 2533 5809">
    <p class='ocr_par' dir='ltr' id='par_1_108' title="bbox 224 5736 2533 5809">
     <span class='ocr_line' id='line_1_109' title="bbox 224 5736 2533 5809; baseline -0.001 -17"><span class='ocrx_word' id='word_1_713' title='bbox 224 5736 504 5809; x_wconf 70' lang='grc' dir='ltr'>τηθῷσιν.</span> <span class='ocrx_word' id='word_1_714' title='bbox 582 5808 589 5809; x_wconf 14' lang='lat'><em>7</em></span> <span class='ocrx_word' id='word_1_715' title='bbox 833 5736 837 5737; x_wconf 21' lang='grc' dir='ltr'><em>ν</em></span> <span class='ocrx_word' id='word_1_716' title='bbox 1929 5736 1937 5738; x_wconf 13' lang='grc' dir='ltr'>ἡ</span> <span class='ocrx_word' id='word_1_717' title='bbox 1998 5737 2073 5809; x_wconf 70' lang='grc'><strong>(1)</strong></span> <span class='ocrx_word' id='word_1_718' title='bbox 2101 5736 2406 5808; x_wconf 49' lang='lat' dir='ltr'><strong>Amm-31:1;</strong></span> <span class='ocrx_word' id='word_1_719' title='bbox 2450 5753 2533 5806; x_wconf 83' lang='grc' dir='ltr'><strong>με.</strong></span> 
     </span>
    </p>
   </div>
   <div class='ocr_carea' id='block_1_109' title="bbox 307 5807 616 5878">
    <p class='ocr_par' dir='ltr' id='par_1_109' title="bbox 307 5807 616 5878">
     <span class='ocr_line' id='line_1_110' title="bbox 307 5807 616 5878; baseline 0 -19"><span class='ocrx_word' id='word_1_720' title='bbox 307 5808 394 5878; x_wconf 76' lang='grc'><strong>(2)</strong></span> <span class='ocrx_word' id='word_1_721' title='bbox 441 5807 528 5869; x_wconf 83' lang='grc' dir='ltr'>Ὠς</span> <span class='ocrx_word' id='word_1_722' title='bbox 569 5808 616 5859; x_wconf 76' lang='grc' dir='ltr'>ὁ.</span> 
     </span>
    </p>
   </div>
  </div>
