  <div class='ocr_page' id='page_1' title='image "/cluster/home/n/w/nwhite01/storage/ocr_20150623/27/pst.000005712182/388.png"; bbox 0 0 4068 6318; ppageno 0'>
   <div class='ocr_carea' id='block_1_1' title="bbox 86 375 3322 438">
    <p class='ocr_par' dir='ltr' id='par_1_1' title="bbox 86 375 3322 438">
     <span class='ocr_line' id='line_1_1' title="bbox 86 375 3322 438; baseline 0.003 -9"><span class='ocrx_word' id='word_1_1' title='bbox 86 378 170 431; x_wconf 78' lang='grc'><strong>761</strong></span> <span class='ocrx_word' id='word_1_2' title='bbox 964 376 1051 430; x_wconf 83' lang='lat' dir='ltr'><strong>DE</strong></span> <span class='ocrx_word' id='word_1_3' title='bbox 1090 375 1368 432; x_wconf 84' lang='lat' dir='ltr'><strong>TITULIS</strong></span> <span class='ocrx_word' id='word_1_4' title='bbox 1413 376 1864 434; x_wconf 70' lang='lat' dir='ltr'><strong>PSALMORUM.</strong></span> <span class='ocrx_word' id='word_1_5' title='bbox 1903 405 1975 419; x_wconf 91' lang='lat'>—</span> <span class='ocrx_word' id='word_1_6' title='bbox 2013 377 2208 436; x_wconf 82' lang='lat' dir='ltr'><strong>PSAL.</strong></span> <span class='ocrx_word' id='word_1_7' title='bbox 2261 377 2448 434; x_wconf 74' lang='lat' dir='ltr'><strong>XXXI.</strong></span> <span class='ocrx_word' id='word_1_8' title='bbox 3221 384 3322 438; x_wconf 70' lang='grc'><strong>762</strong></span> 
     </span>
    </p>
   </div>
   <div class='ocr_carea' id='block_1_2' title="bbox 151 494 1757 568">
    <p class='ocr_par' dir='ltr' id='par_1_2' title="bbox 151 494 1738 568">
     <span class='ocr_line' id='line_1_2' title="bbox 151 494 1738 568; baseline 0.001 -20"><span class='ocrx_word' id='word_1_9' title='bbox 151 496 238 549; x_wconf 85' lang='grc'>60.</span> <span class='ocrx_word' id='word_1_10' title='bbox 263 494 391 548; x_wconf 85' lang='grc' dir='ltr'><strong>Ὅτι</strong></span> <span class='ocrx_word' id='word_1_11' title='bbox 420 494 676 565; x_wconf 76' lang='grc' dir='ltr'><strong>ἀληθείας</strong></span> <span class='ocrx_word' id='word_1_12' title='bbox 705 495 922 565; x_wconf 74' lang='grc' dir='ltr'><strong>ἐκζητεῖ</strong></span> <span class='ocrx_word' id='word_1_13' title='bbox 951 496 1172 568; x_wconf 79' lang='grc' dir='ltr'><strong>Κύριος.</strong></span> <span class='ocrx_word' id='word_1_14' title='bbox 1694 507 1738 558; x_wconf 77' lang='grc' dir='ltr'><strong>Α</strong></span> 
     </span>
    </p>
   </div>
   <div class='ocr_carea' id='block_1_3' title="bbox 1482 494 3088 568">
    <p class='ocr_par' dir='ltr' id='par_1_3' title="bbox 1694 496 3088 568">
     <span class='ocr_line' id='line_1_3' title="bbox 1694 496 3088 568; baseline 0.004 -20"><span class='ocrx_word' id='word_1_15' title='bbox 1694 507 1738 558; x_wconf 76' lang='grc' dir='ltr'><strong>Α</strong></span> <span class='ocrx_word' id='word_1_16' title='bbox 1838 497 1926 551; x_wconf 82' lang='grc'><strong>60.</strong></span> <span class='ocrx_word' id='word_1_17' title='bbox 1955 496 2224 562; x_wconf 82' lang='lat' dir='ltr'><strong>Quoniam</strong></span> <span class='ocrx_word' id='word_1_18' title='bbox 2251 499 2508 554; x_wconf 87' lang='lat' dir='ltr'><strong>veritates</strong></span> <span class='ocrx_word' id='word_1_19' title='bbox 2541 499 2768 568; x_wconf 89' lang='lat' dir='ltr'><strong>requirit</strong></span> <span class='ocrx_word' id='word_1_20' title='bbox 2795 499 3088 563; x_wconf 78' lang='lat' dir='ltr'><strong>Dominus;</strong></span> 
     </span>
    </p>
   </div>
   <div class='ocr_carea' id='block_1_4' title="bbox 148 587 1754 661">
    <p class='ocr_par' dir='ltr' id='par_1_4' title="bbox 148 587 1658 661">
     <span class='ocr_line' id='line_1_4' title="bbox 148 587 1658 661; baseline 0.001 -23"><span class='ocrx_word' id='word_1_21' title='bbox 148 588 234 641; x_wconf 78' lang='grc'><strong>61.</strong></span> <span class='ocrx_word' id='word_1_22' title='bbox 301 588 414 639; x_wconf 78' lang='grc' dir='ltr'><strong>Καὶ</strong></span> <span class='ocrx_word' id='word_1_23' title='bbox 462 588 848 641; x_wconf 74' lang='grc' dir='ltr'><strong>ἀνταποδίδωσι</strong></span> <span class='ocrx_word' id='word_1_24' title='bbox 902 592 1012 652; x_wconf 84' lang='grc' dir='ltr'><strong>τοῖς</strong></span> <span class='ocrx_word' id='word_1_25' title='bbox 1070 588 1344 661; x_wconf 75' lang='grc' dir='ltr'><strong>περισσῶς</strong></span> <span class='ocrx_word' id='word_1_26' title='bbox 1411 587 1658 642; x_wconf 80' lang='grc' dir='ltr'><strong>ποιοῦσιν</strong></span> 
     </span>
    </p>
   </div>
   <div class='ocr_carea' id='block_1_5' title="bbox 1715 587 3321 661">
    <p class='ocr_par' dir='ltr' id='par_1_5' title="bbox 1837 589 3321 661">
     <span class='ocr_line' id='line_1_5' title="bbox 1837 589 3321 661; baseline 0.001 -19"><span class='ocrx_word' id='word_1_27' title='bbox 1837 589 1926 643; x_wconf 87' lang='grc'><strong>61.</strong></span> <span class='ocrx_word' id='word_1_28' title='bbox 1969 592 2034 643; x_wconf 77' lang='lat' dir='ltr'><strong>Et</strong></span> <span class='ocrx_word' id='word_1_29' title='bbox 2092 591 2341 644; x_wconf 83' lang='lat' dir='ltr'><strong>retribuit</strong></span> <span class='ocrx_word' id='word_1_30' title='bbox 2383 591 2720 645; x_wconf 83' lang='lat' dir='ltr'><strong>abundanter</strong></span> <span class='ocrx_word' id='word_1_31' title='bbox 2768 592 3087 646; x_wconf 77' lang='lat' dir='ltr'><strong>facientibus</strong></span> <span class='ocrx_word' id='word_1_32' title='bbox 3134 605 3321 661; x_wconf 73' lang='lat' dir='ltr'><strong>super-</strong></span> 
     </span>
    </p>
   </div>
   <div class='ocr_carea' id='block_1_6' title="bbox 82 677 1688 748">
    <p class='ocr_par' dir='ltr' id='par_1_6' title="bbox 82 677 479 748">
     <span class='ocr_line' id='line_1_6' title="bbox 82 677 479 748; baseline 0.003 -19"><span class='ocrx_word' id='word_1_33' title='bbox 82 677 479 748; x_wconf 76' lang='grc' dir='ltr'><strong>ὑπερηφανίαν.</strong></span> 
     </span>
    </p>
   </div>
   <div class='ocr_carea' id='block_1_7' title="bbox 319 677 1925 748">
    <p class='ocr_par' dir='ltr' id='par_1_7' title="bbox 319 679 1925 735">
     <span class='ocr_line' id='line_1_7' title="bbox 319 679 1925 735; baseline 0.003 -6"><span class='ocrx_word' id='word_1_34' title='bbox 319 679 479 732; x_wconf 80' lang='grc' dir='ltr'><strong>ινίαν.</strong></span> <span class='ocrx_word' id='word_1_35' title='bbox 1763 681 1925 735; x_wconf 88' lang='lat' dir='ltr'><strong>biam.</strong></span> 
     </span>
    </p>
   </div>
   <div class='ocr_carea' id='block_1_8' title="bbox 150 770 1756 842">
    <p class='ocr_par' dir='ltr' id='par_1_8' title="bbox 150 770 1659 842">
     <span class='ocr_line' id='line_1_8' title="bbox 150 770 1659 842; baseline 0.001 -21"><span class='ocrx_word' id='word_1_36' title='bbox 150 771 238 822; x_wconf 71' lang='lat'><strong>62.</strong></span> <span class='ocrx_word' id='word_1_37' title='bbox 283 771 648 842; x_wconf 73' lang='grc' dir='ltr'><strong>Ἀνδρίξεσθε,</strong></span> <span class='ocrx_word' id='word_1_38' title='bbox 682 772 772 824; x_wconf 77' lang='grc' dir='ltr'><strong>καὶ</strong></span> <span class='ocrx_word' id='word_1_39' title='bbox 801 770 1180 842; x_wconf 77' lang='grc' dir='ltr'><strong>κραταιούσθω</strong></span> <span class='ocrx_word' id='word_1_40' title='bbox 1208 774 1240 841; x_wconf 80' lang='grc' dir='ltr'>ἡ</span> <span class='ocrx_word' id='word_1_41' title='bbox 1266 771 1461 842; x_wconf 82' lang='grc' dir='ltr'><strong>καρδία</strong></span> <span class='ocrx_word' id='word_1_42' title='bbox 1487 771 1659 842; x_wconf 78' lang='grc' dir='ltr'><strong>ὑμῶν,</strong></span> 
     </span>
    </p>
   </div>
   <div class='ocr_carea' id='block_1_9' title="bbox 1715 770 3321 842">
    <p class='ocr_par' dir='ltr' id='par_1_9' title="bbox 1833 771 3321 841">
     <span class='ocr_line' id='line_1_9' title="bbox 1833 771 3321 841; baseline 0.001 -17"><span class='ocrx_word' id='word_1_43' title='bbox 1833 771 1922 824; x_wconf 72' lang='lat'><strong>62.</strong></span> <span class='ocrx_word' id='word_1_44' title='bbox 1961 771 2202 826; x_wconf 85' lang='lat' dir='ltr'><strong>Virilitcr</strong></span> <span class='ocrx_word' id='word_1_45' title='bbox 2250 773 2424 841; x_wconf 83' lang='lat' dir='ltr'><strong>agite,</strong></span> <span class='ocrx_word' id='word_1_46' title='bbox 2472 781 2526 826; x_wconf 86' lang='lat' dir='ltr'><strong>et</strong></span> <span class='ocrx_word' id='word_1_47' title='bbox 2564 773 2898 827; x_wconf 81' lang='lat' dir='ltr'><strong>confortetur</strong></span> <span class='ocrx_word' id='word_1_48' title='bbox 2935 789 3030 828; x_wconf 91' lang='lat' dir='ltr'><strong>cor</strong></span> <span class='ocrx_word' id='word_1_49' title='bbox 3058 783 3321 840; x_wconf 83' lang='lat' dir='ltr'><strong>vestrum,</strong></span> 
     </span>
    </p>
   </div>
   <div class='ocr_carea' id='block_1_10' title="bbox 145 862 1751 934">
    <p class='ocr_par' dir='ltr' id='par_1_10' title="bbox 145 862 1242 934">
     <span class='ocr_line' id='line_1_10' title="bbox 145 862 1242 934; baseline 0.002 -18"><span class='ocrx_word' id='word_1_50' title='bbox 145 862 229 916; x_wconf 75' lang='grc'><strong>65.</strong></span> <span class='ocrx_word' id='word_1_51' title='bbox 257 863 470 925; x_wconf 74' lang='grc' dir='ltr'><strong>Πάντες</strong></span> <span class='ocrx_word' id='word_1_52' title='bbox 495 865 543 914; x_wconf 80' lang='grc' dir='ltr'><strong>οι</strong></span> <span class='ocrx_word' id='word_1_53' title='bbox 573 862 880 925; x_wconf 71' lang='grc' dir='ltr'><strong>ἐλπίζοντες</strong></span> <span class='ocrx_word' id='word_1_54' title='bbox 909 864 1000 914; x_wconf 73' lang='grc' dir='ltr'><strong>ἐπὶ</strong></span> <span class='ocrx_word' id='word_1_55' title='bbox 1021 862 1242 934; x_wconf 81' lang='grc' dir='ltr'><strong>Κύριον.</strong></span> 
     </span>
    </p>
   </div>
   <div class='ocr_carea' id='block_1_11' title="bbox 1294 862 2900 934">
    <p class='ocr_par' dir='ltr' id='par_1_11' title="bbox 1830 863 2900 933">
     <span class='ocr_line' id='line_1_11' title="bbox 1830 863 2900 933; baseline -0.001 -15"><span class='ocrx_word' id='word_1_56' title='bbox 1830 863 1920 918; x_wconf 81' lang='grc'>65.</span> <span class='ocrx_word' id='word_1_57' title='bbox 1957 864 2160 918; x_wconf 84' lang='lat' dir='ltr'><strong>Omnes</strong></span> <span class='ocrx_word' id='word_1_58' title='bbox 2189 865 2280 933; x_wconf 87' lang='lat' dir='ltr'><strong>qui</strong></span> <span class='ocrx_word' id='word_1_59' title='bbox 2310 867 2540 933; x_wconf 77' lang='lat' dir='ltr'><strong>speratis</strong></span> <span class='ocrx_word' id='word_1_60' title='bbox 2571 866 2622 918; x_wconf 94' lang='lat' dir='ltr'><strong>in</strong></span> <span class='ocrx_word' id='word_1_61' title='bbox 2654 864 2900 919; x_wconf 78' lang='lat' dir='ltr'><strong>Domino-</strong></span> 
     </span>
    </p>
   </div>
   <div class='ocr_carea' id='block_1_12' title="bbox 186 951 1792 1022">
    <p class='ocr_par' dir='ltr' id='par_1_12' title="bbox 186 953 1521 1022">
     <span class='ocr_line' id='line_1_12' title="bbox 186 953 1521 1022; baseline 0.001 -16"><span class='ocrx_word' id='word_1_62' title='bbox 186 955 434 1022; x_wconf 75' lang='grc' dir='ltr'><strong>Ψαλμὸς</strong></span> <span class='ocrx_word' id='word_1_63' title='bbox 467 953 547 1016; x_wconf 79' lang='grc' dir='ltr'><strong>τῷ</strong></span> <span class='ocrx_word' id='word_1_64' title='bbox 590 955 784 1008; x_wconf 77' lang='grc' dir='ltr'><strong>Δαϐίδ·</strong></span> <span class='ocrx_word' id='word_1_65' title='bbox 827 957 1155 1020; x_wconf 77' lang='grc' dir='ltr'><strong>συνέσεως.</strong></span> <span class='ocrx_word' id='word_1_66' title='bbox 1193 957 1363 1010; x_wconf 81' lang='grc' dir='ltr'><strong>ΨΑΛ.</strong></span> <span class='ocrx_word' id='word_1_67' title='bbox 1391 954 1521 1008; x_wconf 81' lang='lat' dir='ltr'><strong>AA&#39;.</strong></span> 
     </span>
    </p>
   </div>
   <div class='ocr_carea' id='block_1_13' title="bbox 1573 951 3179 1022">
    <p class='ocr_par' dir='ltr' id='par_1_13' title="bbox 1888 951 3179 1017">
     <span class='ocr_line' id='line_1_13' title="bbox 1888 951 3179 1017; baseline 0 -10"><span class='ocrx_word' id='word_1_68' title='bbox 1888 953 2135 1007; x_wconf 77' lang='lat' dir='ltr'><strong>Psalmus</strong></span> <span class='ocrx_word' id='word_1_69' title='bbox 2161 953 2330 1006; x_wconf 81' lang='lat' dir='ltr'><strong><em>David</em></strong></span> <span class='ocrx_word' id='word_1_70' title='bbox 2355 972 2371 1017; x_wconf 88' lang='lat'><strong><em>;</em></strong></span> <span class='ocrx_word' id='word_1_71' title='bbox 2397 955 2707 1008; x_wconf 74' lang='lat' dir='ltr'><strong>intellectus.</strong></span> <span class='ocrx_word' id='word_1_72' title='bbox 2736 953 2932 1008; x_wconf 61' lang='lat' dir='ltr'><strong>PSJL.</strong></span> <span class='ocrx_word' id='word_1_73' title='bbox 2967 951 3179 1008; x_wconf 75' lang='lat' dir='ltr'><em>XXXI.</em></span> 
     </span>
    </p>
   </div>
   <div class='ocr_carea' id='block_1_14' title="bbox 149 1037 1755 1117">
    <p class='ocr_par' dir='ltr' id='par_1_14' title="bbox 149 1037 1304 1115">
     <span class='ocr_line' id='line_1_14' title="bbox 149 1037 1304 1115; baseline 0.003 -22"><span class='ocrx_word' id='word_1_74' title='bbox 149 1041 198 1096; x_wconf 94' lang='grc'>1.</span> <span class='ocrx_word' id='word_1_75' title='bbox 223 1044 527 1114; x_wconf 77' lang='grc' dir='ltr'><strong>Μακάριοι,</strong></span> <span class='ocrx_word' id='word_1_76' title='bbox 557 1037 631 1096; x_wconf 80' lang='grc' dir='ltr'><strong>ὧν</strong></span> <span class='ocrx_word' id='word_1_77' title='bbox 673 1045 950 1114; x_wconf 71' lang='grc' dir='ltr'><strong>ἀφέθησαν</strong></span> <span class='ocrx_word' id='word_1_78' title='bbox 980 1047 1033 1098; x_wconf 85' lang='grc' dir='ltr'><strong>αἱ</strong></span> <span class='ocrx_word' id='word_1_79' title='bbox 1060 1046 1304 1115; x_wconf 81' lang='grc' dir='ltr'><strong>ἁνομίαι’</strong></span> 
     </span>
    </p>
   </div>
   <div class='ocr_carea' id='block_1_15' title="bbox 1560 1037 3166 1117">
    <p class='ocr_par' dir='ltr' id='par_1_15' title="bbox 1835 1046 3166 1117">
     <span class='ocr_line' id='line_1_15' title="bbox 1835 1046 3166 1117; baseline 0.001 -16"><span class='ocrx_word' id='word_1_80' title='bbox 1835 1049 1885 1101; x_wconf 95' lang='grc'><strong>1.</strong></span> <span class='ocrx_word' id='word_1_81' title='bbox 1920 1046 2094 1108; x_wconf 86' lang='lat' dir='ltr'><strong>Beati,</strong></span> <span class='ocrx_word' id='word_1_82' title='bbox 2128 1062 2360 1117; x_wconf 81' lang='lat' dir='ltr'><strong>quorum</strong></span> <span class='ocrx_word' id='word_1_83' title='bbox 2393 1047 2630 1101; x_wconf 68' lang='lat' dir='ltr'><strong>remissa:</strong></span> <span class='ocrx_word' id='word_1_84' title='bbox 2661 1058 2787 1100; x_wconf 80' lang='lat' dir='ltr'><strong>sunt</strong></span> <span class='ocrx_word' id='word_1_85' title='bbox 2817 1048 3166 1116; x_wconf 75' lang='lat' dir='ltr'><strong>iniquitates;</strong></span> 
     </span>
    </p>
   </div>
   <div class='ocr_carea' id='block_1_16' title="bbox 144 1128 1750 1208">
    <p class='ocr_par' dir='ltr' id='par_1_16' title="bbox 144 1128 1311 1208">
     <span class='ocr_line' id='line_1_16' title="bbox 144 1128 1311 1208; baseline 0.005 -25"><span class='ocrx_word' id='word_1_86' title='bbox 144 1132 196 1186; x_wconf 73' lang='lat'><strong>9..</strong></span> <span class='ocrx_word' id='word_1_87' title='bbox 221 1133 332 1184; x_wconf 70' lang='grc' dir='ltr'><strong>Καὶ</strong></span> <span class='ocrx_word' id='word_1_88' title='bbox 361 1128 435 1184; x_wconf 82' lang='grc' dir='ltr'><strong>ὧν</strong></span> <span class='ocrx_word' id='word_1_89' title='bbox 462 1135 919 1205; x_wconf 77' lang='grc' dir='ltr'><strong>ὲπεκαλύφθησαν</strong></span> <span class='ocrx_word' id='word_1_90' title='bbox 947 1137 1003 1188; x_wconf 90' lang='grc' dir='ltr'><strong>αἱ</strong></span> <span class='ocrx_word' id='word_1_91' title='bbox 1028 1137 1311 1208; x_wconf 86' lang='grc' dir='ltr'><strong>ἁμαρτίαι.</strong></span> 
     </span>
    </p>
   </div>
   <div class='ocr_carea' id='block_1_17' title="bbox 1243 1128 2849 1208">
    <p class='ocr_par' dir='ltr' id='par_1_17' title="bbox 1243 1138 2849 1206">
     <span class='ocr_line' id='line_1_17' title="bbox 1243 1138 2849 1206; baseline 0.001 -17"><span class='ocrx_word' id='word_1_92' title='bbox 1243 1155 1311 1189; x_wconf 87' lang='grc' dir='ltr'><strong>αι.</strong></span> <span class='ocrx_word' id='word_1_93' title='bbox 1830 1138 1886 1192; x_wconf 68' lang='grc'><strong>2.</strong></span> <span class='ocrx_word' id='word_1_94' title='bbox 1919 1138 1982 1192; x_wconf 86' lang='lat' dir='ltr'><strong>Et</strong></span> <span class='ocrx_word' id='word_1_95' title='bbox 2013 1155 2246 1204; x_wconf 88' lang='lat' dir='ltr'><strong>quorum</strong></span> <span class='ocrx_word' id='word_1_96' title='bbox 2279 1149 2416 1192; x_wconf 87' lang='lat' dir='ltr'><strong>tecta</strong></span> <span class='ocrx_word' id='word_1_97' title='bbox 2450 1147 2576 1192; x_wconf 89' lang='lat' dir='ltr'><strong>sunt</strong></span> <span class='ocrx_word' id='word_1_98' title='bbox 2607 1147 2849 1206; x_wconf 63' lang='lat' dir='ltr'><strong>precata.</strong></span> 
     </span>
    </p>
   </div>
   <div class='ocr_carea' id='block_1_18' title="bbox 147 1220 1753 1299">
    <p class='ocr_par' dir='ltr' id='par_1_18' title="bbox 147 1220 1661 1299">
     <span class='ocr_line' id='line_1_18' title="bbox 147 1220 1661 1299; baseline 0.004 -24"><span class='ocrx_word' id='word_1_99' title='bbox 147 1224 196 1275; x_wconf 76' lang='lat'><strong>&#39;5.</strong></span> <span class='ocrx_word' id='word_1_100' title='bbox 258 1225 546 1295; x_wconf 79' lang='grc' dir='ltr'><strong>Μακάριος</strong></span> <span class='ocrx_word' id='word_1_101' title='bbox 583 1227 739 1296; x_wconf 73' lang='grc' dir='ltr'><strong>ἀνὴρ,</strong></span> <span class='ocrx_word' id='word_1_102' title='bbox 801 1220 846 1293; x_wconf 81' lang='grc' dir='ltr'>ᾧ</span> <span class='ocrx_word' id='word_1_103' title='bbox 891 1227 951 1279; x_wconf 83' lang='grc' dir='ltr'><strong>οὑ</strong></span> <span class='ocrx_word' id='word_1_104' title='bbox 1007 1229 1079 1298; x_wconf 77' lang='grc' dir='ltr'><strong>μὴ</strong></span> <span class='ocrx_word' id='word_1_105' title='bbox 1126 1228 1406 1298; x_wconf 76' lang='grc' dir='ltr'><strong>λογίσηται</strong></span> <span class='ocrx_word' id='word_1_106' title='bbox 1459 1228 1661 1299; x_wconf 77' lang='grc' dir='ltr'><strong>Κύριος</strong></span> 
     </span>
    </p>
   </div>
   <div class='ocr_carea' id='block_1_19' title="bbox 1713 1220 3319 1299">
    <p class='ocr_par' dir='ltr' id='par_1_19' title="bbox 1832 1227 3319 1299">
     <span class='ocr_line' id='line_1_19' title="bbox 1832 1227 3319 1299; baseline 0.001 -16"><span class='ocrx_word' id='word_1_107' title='bbox 1832 1231 1885 1283; x_wconf 83' lang='grc'><strong>5.</strong></span> <span class='ocrx_word' id='word_1_108' title='bbox 1926 1231 2123 1284; x_wconf 84' lang='lat' dir='ltr'><strong>Beatus</strong></span> <span class='ocrx_word' id='word_1_109' title='bbox 2154 1231 2256 1295; x_wconf 82' lang='lat' dir='ltr'><strong>vir,</strong></span> <span class='ocrx_word' id='word_1_110' title='bbox 2287 1232 2374 1285; x_wconf 90' lang='lat' dir='ltr'><strong>cui</strong></span> <span class='ocrx_word' id='word_1_111' title='bbox 2417 1246 2525 1284; x_wconf 92' lang='lat' dir='ltr'><strong>non</strong></span> <span class='ocrx_word' id='word_1_112' title='bbox 2564 1230 2851 1299; x_wconf 86' lang='lat' dir='ltr'><strong>imputabit</strong></span> <span class='ocrx_word' id='word_1_113' title='bbox 2887 1227 3149 1283; x_wconf 88' lang='lat' dir='ltr'><strong>Dominus</strong></span> <span class='ocrx_word' id='word_1_114' title='bbox 3192 1243 3319 1299; x_wconf 88' lang='lat' dir='ltr'><strong>pec-</strong></span> 
     </span>
    </p>
   </div>
   <div class='ocr_carea' id='block_1_20' title="bbox 90 1314 1696 1385">
    <p class='ocr_par' dir='ltr' id='par_1_20' title="bbox 90 1314 380 1383">
     <span class='ocr_line' id='line_1_20' title="bbox 90 1314 380 1383; baseline 0.01 -20"><span class='ocrx_word' id='word_1_115' title='bbox 90 1314 380 1383; x_wconf 70' lang='grc' dir='ltr'><strong>ἁμαρτίανο</strong></span> 
     </span>
    </p>
   </div>
   <div class='ocr_carea' id='block_1_21' title="bbox 377 1314 1983 1385">
    <p class='ocr_par' dir='ltr' id='par_1_21' title="bbox 377 1330 1983 1385">
     <span class='ocr_line' id='line_1_21' title="bbox 377 1330 1983 1385; baseline 0.002 -15"><span class='ocrx_word' id='word_1_116' title='bbox 377 1334 380 1342; x_wconf 77' lang='grc'><em>’</em></span> <span class='ocrx_word' id='word_1_117' title='bbox 1760 1330 1939 1376; x_wconf 77' lang='lat' dir='ltr'><strong>catum</strong></span> <span class='ocrx_word' id='word_1_118' title='bbox 1972 1339 1983 1385; x_wconf 89' lang='lat'><strong>;</strong></span> 
     </span>
    </p>
   </div>
   <div class='ocr_carea' id='block_1_22' title="bbox 141 1406 1747 1481">
    <p class='ocr_par' dir='ltr' id='par_1_22' title="bbox 141 1406 1386 1480">
     <span class='ocr_line' id='line_1_22' title="bbox 141 1406 1386 1480; baseline 0.006 -23"><span class='ocrx_word' id='word_1_119' title='bbox 141 1406 195 1460; x_wconf 65' lang='grc' dir='ltr'><strong>«ι.</strong></span> <span class='ocrx_word' id='word_1_120' title='bbox 231 1406 370 1458; x_wconf 75' lang='grc' dir='ltr'><strong>Οὐδὲ</strong></span> <span class='ocrx_word' id='word_1_121' title='bbox 403 1408 549 1459; x_wconf 83' lang='grc' dir='ltr'><strong>ἐστιν</strong></span> <span class='ocrx_word' id='word_1_122' title='bbox 575 1411 633 1461; x_wconf 79' lang='grc' dir='ltr'><strong>ἐν</strong></span> <span class='ocrx_word' id='word_1_123' title='bbox 658 1409 734 1479; x_wconf 78' lang='grc' dir='ltr'><strong>τῷ</strong></span> <span class='ocrx_word' id='word_1_124' title='bbox 759 1411 984 1480; x_wconf 80' lang='grc' dir='ltr'><strong>στόματι</strong></span> <span class='ocrx_word' id='word_1_125' title='bbox 1025 1410 1186 1463; x_wconf 71' lang='grc' dir='ltr'><strong>αὑτοῦ</strong></span> <span class='ocrx_word' id='word_1_126' title='bbox 1220 1411 1386 1475; x_wconf 74' lang='grc' dir='ltr'><strong>δόλος.</strong></span> 
     </span>
    </p>
   </div>
   <div class='ocr_carea' id='block_1_23' title="bbox 1086 1406 2692 1481">
    <p class='ocr_par' dir='ltr' id='par_1_23' title="bbox 1086 1410 2692 1481">
     <span class='ocr_line' id='line_1_23' title="bbox 1086 1410 2692 1481; baseline 0.002 -20"><span class='ocrx_word' id='word_1_127' title='bbox 1086 1410 1186 1463; x_wconf 65' lang='grc' dir='ltr'><strong>,τοῦ</strong></span> <span class='ocrx_word' id='word_1_128' title='bbox 1220 1411 1386 1475; x_wconf 76' lang='grc' dir='ltr'><strong>δόλος.</strong></span> <span class='ocrx_word' id='word_1_129' title='bbox 1826 1414 1881 1468; x_wconf 74' lang='grc'><strong>4.</strong></span> <span class='ocrx_word' id='word_1_130' title='bbox 1915 1411 2020 1466; x_wconf 84' lang='lat' dir='ltr'><strong>Nec</strong></span> <span class='ocrx_word' id='word_1_131' title='bbox 2047 1423 2129 1467; x_wconf 81' lang='lat' dir='ltr'><strong>est</strong></span> <span class='ocrx_word' id='word_1_132' title='bbox 2163 1413 2215 1466; x_wconf 92' lang='lat' dir='ltr'><strong>in</strong></span> <span class='ocrx_word' id='word_1_133' title='bbox 2247 1427 2339 1466; x_wconf 91' lang='lat' dir='ltr'><strong>ore</strong></span> <span class='ocrx_word' id='word_1_134' title='bbox 2367 1413 2485 1481; x_wconf 80' lang='lat' dir='ltr'><strong>ejus</strong></span> <span class='ocrx_word' id='word_1_135' title='bbox 2516 1413 2692 1466; x_wconf 82' lang='lat' dir='ltr'><strong>dolus.</strong></span> 
     </span>
    </p>
   </div>
   <div class='ocr_carea' id='block_1_24' title="bbox 140 1500 1746 1572">
    <p class='ocr_par' dir='ltr' id='par_1_24' title="bbox 140 1500 1378 1572">
     <span class='ocr_line' id='line_1_24' title="bbox 140 1500 1378 1572; baseline 0.003 -22"><span class='ocrx_word' id='word_1_136' title='bbox 140 1500 188 1551; x_wconf 76' lang='grc'><strong>5.</strong></span> <span class='ocrx_word' id='word_1_137' title='bbox 224 1501 348 1551; x_wconf 73' lang='grc' dir='ltr'><strong>Ὀτι</strong></span> <span class='ocrx_word' id='word_1_138' title='bbox 381 1501 631 1572; x_wconf 70' lang='grc' dir='ltr'><strong>ἐσίγησα,</strong></span> <span class='ocrx_word' id='word_1_139' title='bbox 661 1501 969 1572; x_wconf 79' lang='grc' dir='ltr'><strong>ἐπαλαιώῦη</strong></span> <span class='ocrx_word' id='word_1_140' title='bbox 1002 1501 1070 1554; x_wconf 76' lang='grc' dir='ltr'><strong>τὰ</strong></span> <span class='ocrx_word' id='word_1_141' title='bbox 1092 1504 1223 1555; x_wconf 78' lang='grc' dir='ltr'><strong>δστᾶ</strong></span> <span class='ocrx_word' id='word_1_142' title='bbox 1255 1520 1378 1572; x_wconf 80' lang='grc' dir='ltr'><strong>μου,</strong></span> 
     </span>
    </p>
   </div>
   <div class='ocr_carea' id='block_1_25' title="bbox 1560 1500 3166 1572">
    <p class='ocr_par' dir='ltr' id='par_1_25' title="bbox 1822 1505 3166 1571">
     <span class='ocr_line' id='line_1_25' title="bbox 1822 1505 3166 1571; baseline -0.001 -13"><span class='ocrx_word' id='word_1_143' title='bbox 1822 1506 1874 1559; x_wconf 87' lang='lat'><strong>5.</strong></span> <span class='ocrx_word' id='word_1_144' title='bbox 1911 1505 2177 1571; x_wconf 82' lang='lat' dir='ltr'><strong>Quoniam</strong></span> <span class='ocrx_word' id='word_1_145' title='bbox 2207 1507 2372 1568; x_wconf 87' lang='lat' dir='ltr'><strong>tacui,</strong></span> <span class='ocrx_word' id='word_1_146' title='bbox 2415 1507 2848 1558; x_wconf 78' lang='lat' dir='ltr'><strong>inveteraverunt</strong></span> <span class='ocrx_word' id='word_1_147' title='bbox 2877 1518 3001 1559; x_wconf 86' lang='lat' dir='ltr'><strong>ossa</strong></span> <span class='ocrx_word' id='word_1_148' title='bbox 3025 1517 3166 1568; x_wconf 88' lang='lat' dir='ltr'><strong>mea,</strong></span> 
     </span>
    </p>
   </div>
   <div class='ocr_carea' id='block_1_26' title="bbox 136 1592 1742 1664">
    <p class='ocr_par' dir='ltr' id='par_1_26' title="bbox 136 1592 1389 1664">
     <span class='ocr_line' id='line_1_26' title="bbox 136 1592 1389 1664; baseline 0.002 -21"><span class='ocrx_word' id='word_1_149' title='bbox 136 1592 184 1644; x_wconf 86' lang='lat'><strong>6.</strong></span> <span class='ocrx_word' id='word_1_150' title='bbox 239 1593 375 1645; x_wconf 76' lang='grc' dir='ltr'><strong>Ἀπὸ</strong></span> <span class='ocrx_word' id='word_1_151' title='bbox 408 1593 500 1646; x_wconf 76' lang='grc' dir='ltr'><strong>τοῦ</strong></span> <span class='ocrx_word' id='word_1_152' title='bbox 529 1594 749 1664; x_wconf 72' lang='grc' dir='ltr'><strong>κράζειν</strong></span> <span class='ocrx_word' id='word_1_153' title='bbox 787 1611 852 1663; x_wconf 85' lang='grc' dir='ltr'><strong>με</strong></span> <span class='ocrx_word' id='word_1_154' title='bbox 875 1595 1002 1664; x_wconf 70' lang='grc' dir='ltr'><strong>ὃλην</strong></span> <span class='ocrx_word' id='word_1_155' title='bbox 1027 1595 1124 1664; x_wconf 75' lang='grc' dir='ltr'><strong>τὴν</strong></span> <span class='ocrx_word' id='word_1_156' title='bbox 1156 1596 1389 1664; x_wconf 77' lang='grc' dir='ltr'><strong>ἡμέραν.</strong></span> 
     </span>
    </p>
   </div>
   <div class='ocr_carea' id='block_1_27' title="bbox 1060 1592 2666 1664">
    <p class='ocr_par' dir='ltr' id='par_1_27' title="bbox 1060 1595 2666 1664">
     <span class='ocr_line' id='line_1_27' title="bbox 1060 1595 2666 1664; baseline 0.002 -18"><span class='ocrx_word' id='word_1_157' title='bbox 1060 1595 1124 1664; x_wconf 75' lang='grc' dir='ltr'><strong>ὴν</strong></span> <span class='ocrx_word' id='word_1_158' title='bbox 1156 1596 1389 1664; x_wconf 77' lang='grc' dir='ltr'><strong>ἡμέραν.</strong></span> <span class='ocrx_word' id='word_1_159' title='bbox 1830 1598 1885 1650; x_wconf 76' lang='lat' dir='ltr'><strong>ti.</strong></span> <span class='ocrx_word' id='word_1_160' title='bbox 1929 1597 2062 1650; x_wconf 89' lang='lat' dir='ltr'><strong>Dum</strong></span> <span class='ocrx_word' id='word_1_161' title='bbox 2092 1598 2382 1650; x_wconf 87' lang='lat' dir='ltr'><strong>clamarem</strong></span> <span class='ocrx_word' id='word_1_162' title='bbox 2418 1606 2527 1650; x_wconf 85' lang='lat' dir='ltr'><strong>tota</strong></span> <span class='ocrx_word' id='word_1_163' title='bbox 2561 1598 2666 1650; x_wconf 86' lang='lat' dir='ltr'><strong>die.</strong></span> 
     </span>
    </p>
   </div>
   <div class='ocr_carea' id='block_1_28' title="bbox 147 1685 1753 1759">
    <p class='ocr_par' dir='ltr' id='par_1_28' title="bbox 147 1685 1654 1757">
     <span class='ocr_line' id='line_1_28' title="bbox 147 1685 1654 1757; baseline 0.002 -22"><span class='ocrx_word' id='word_1_164' title='bbox 147 1686 196 1736; x_wconf 85' lang='lat'><strong>7.</strong></span> <span class='ocrx_word' id='word_1_165' title='bbox 226 1686 352 1737; x_wconf 72' lang='grc' dir='ltr'><strong>Ὀτι</strong></span> <span class='ocrx_word' id='word_1_166' title='bbox 415 1687 629 1756; x_wconf 72' lang='grc' dir='ltr'><strong>ἡμέρας</strong></span> <span class='ocrx_word' id='word_1_167' title='bbox 665 1687 758 1738; x_wconf 71' lang='grc' dir='ltr'><strong>καὶ</strong></span> <span class='ocrx_word' id='word_1_168' title='bbox 792 1687 983 1748; x_wconf 82' lang='grc' dir='ltr'><strong>νυκτὸς</strong></span> <span class='ocrx_word' id='word_1_169' title='bbox 1045 1685 1314 1757; x_wconf 75' lang='grc' dir='ltr'><strong>ἐϐαρύνθη</strong></span> <span class='ocrx_word' id='word_1_170' title='bbox 1370 1687 1455 1738; x_wconf 81' lang='grc' dir='ltr'><strong>ἐπ’</strong></span> <span class='ocrx_word' id='word_1_171' title='bbox 1497 1686 1654 1756; x_wconf 81' lang='grc' dir='ltr'><strong>ἐμὲή</strong></span> 
     </span>
    </p>
   </div>
   <div class='ocr_carea' id='block_1_29' title="bbox 1712 1685 3318 1759">
    <p class='ocr_par' dir='ltr' id='par_1_29' title="bbox 1832 1688 3318 1759">
     <span class='ocr_line' id='line_1_29' title="bbox 1832 1688 3318 1759; baseline 0.001 -21"><span class='ocrx_word' id='word_1_172' title='bbox 1832 1689 1882 1742; x_wconf 88' lang='lat'><strong>7.</strong></span> <span class='ocrx_word' id='word_1_173' title='bbox 1920 1688 2193 1754; x_wconf 82' lang='lat' dir='ltr'><strong>Quoniam</strong></span> <span class='ocrx_word' id='word_1_174' title='bbox 2226 1689 2313 1742; x_wconf 86' lang='lat' dir='ltr'><strong>die</strong></span> <span class='ocrx_word' id='word_1_175' title='bbox 2358 1704 2421 1743; x_wconf 87' lang='lat' dir='ltr'><strong>ac</strong></span> <span class='ocrx_word' id='word_1_176' title='bbox 2470 1699 2626 1744; x_wconf 91' lang='lat' dir='ltr'><strong>nocte</strong></span> <span class='ocrx_word' id='word_1_177' title='bbox 2652 1698 2870 1759; x_wconf 77' lang='lat' dir='ltr'><strong>gravata</strong></span> <span class='ocrx_word' id='word_1_178' title='bbox 2912 1697 2994 1743; x_wconf 83' lang='lat' dir='ltr'><strong>est</strong></span> <span class='ocrx_word' id='word_1_179' title='bbox 3028 1702 3192 1758; x_wconf 84' lang='lat' dir='ltr'><strong>super</strong></span> <span class='ocrx_word' id='word_1_180' title='bbox 3235 1702 3318 1741; x_wconf 88' lang='lat' dir='ltr'><strong>me</strong></span> 
     </span>
    </p>
   </div>
   <div class='ocr_carea' id='block_1_30' title="bbox 82 1777 1688 1847">
    <p class='ocr_par' dir='ltr' id='par_1_30' title="bbox 82 1777 333 1847">
     <span class='ocr_line' id='line_1_30' title="bbox 82 1777 333 1847; baseline 0.008 -21"><span class='ocrx_word' id='word_1_181' title='bbox 82 1777 192 1847; x_wconf 77' lang='grc' dir='ltr'><strong>χείρ</strong></span> <span class='ocrx_word' id='word_1_182' title='bbox 219 1794 333 1828; x_wconf 82' lang='grc' dir='ltr'><strong>σου·</strong></span> 
     </span>
    </p>
   </div>
   <div class='ocr_carea' id='block_1_31' title="bbox 503 1777 2109 1847">
    <p class='ocr_par' dir='ltr' id='par_1_31' title="bbox 1692 1790 2109 1847">
     <span class='ocr_line' id='line_1_31' title="bbox 1692 1790 2109 1847; baseline -0.005 -11"><span class='ocrx_word' id='word_1_183' title='bbox 1692 1843 1721 1847; x_wconf 88' lang='lat'><strong><em>_</em></strong></span> <span class='ocrx_word' id='word_1_184' title='bbox 1759 1797 1952 1835; x_wconf 81' lang='lat' dir='ltr'><strong>manus</strong></span> <span class='ocrx_word' id='word_1_185' title='bbox 1977 1790 2066 1833; x_wconf 86' lang='lat' dir='ltr'><strong>tua</strong></span> <span class='ocrx_word' id='word_1_186' title='bbox 2099 1801 2109 1834; x_wconf 93' lang='lat'><strong>:</strong></span> 
     </span>
    </p>
   </div>
   <div class='ocr_carea' id='block_1_32' title="bbox 148 1843 1754 1941">
    <p class='ocr_par' dir='ltr' id='par_1_32' title="bbox 148 1843 1731 1940">
     <span class='ocr_line' id='line_1_32' title="bbox 148 1843 1731 1940; baseline 0.003 -21"><span class='ocrx_word' id='word_1_187' title='bbox 148 1867 195 1920; x_wconf 87' lang='lat'><strong>8.</strong></span> <span class='ocrx_word' id='word_1_188' title='bbox 235 1868 545 1938; x_wconf 55' lang='lat' dir='ltr'><strong>’Estpizprlv</strong></span> <span class='ocrx_word' id='word_1_189' title='bbox 572 1869 651 1931; x_wconf 88' lang='grc' dir='ltr'><strong>είς</strong></span> <span class='ocrx_word' id='word_1_190' title='bbox 693 1868 1088 1939; x_wconf 71' lang='grc' dir='ltr'><strong>ταλαιπωρίαν,</strong></span> <span class='ocrx_word' id='word_1_191' title='bbox 1125 1869 1181 1919; x_wconf 84' lang='grc' dir='ltr'><strong>ἐν</strong></span> <span class='ocrx_word' id='word_1_192' title='bbox 1227 1868 1306 1940; x_wconf 70' lang='grc' dir='ltr'><strong>τῷ</strong></span> <span class='ocrx_word' id='word_1_193' title='bbox 1341 1871 1655 1940; x_wconf 74' lang='grc' dir='ltr'><strong>ὲμπαγῆναί</strong></span> <span class='ocrx_word' id='word_1_194' title='bbox 1692 1843 1731 1898; x_wconf 74' lang='grc' dir='ltr'><strong>Β</strong></span> 
     </span>
    </p>
   </div>
   <div class='ocr_carea' id='block_1_33' title="bbox 1711 1843 3317 1941">
    <p class='ocr_par' dir='ltr' id='par_1_33' title="bbox 1711 1844 3317 1941">
     <span class='ocr_line' id='line_1_33' title="bbox 1711 1844 3317 1941; baseline 0 -16"><span class='ocrx_word' id='word_1_195' title='bbox 1711 1844 1731 1898; x_wconf 62' lang='grc'><strong>³</strong></span> <span class='ocrx_word' id='word_1_196' title='bbox 1835 1874 1886 1926; x_wconf 90' lang='lat'><strong>8.</strong></span> <span class='ocrx_word' id='word_1_197' title='bbox 1936 1870 2250 1925; x_wconf 80' lang='lat' dir='ltr'><strong>Conversus</strong></span> <span class='ocrx_word' id='word_1_198' title='bbox 2297 1884 2418 1924; x_wconf 88' lang='lat' dir='ltr'><strong>sum</strong></span> <span class='ocrx_word' id='word_1_199' title='bbox 2452 1869 2507 1922; x_wconf 94' lang='lat' dir='ltr'><strong>in</strong></span> <span class='ocrx_word' id='word_1_200' title='bbox 2553 1884 2816 1934; x_wconf 75' lang='lat' dir='ltr'><strong>aerumna,</strong></span> <span class='ocrx_word' id='word_1_201' title='bbox 2867 1870 2995 1924; x_wconf 90' lang='lat' dir='ltr'><strong>dum</strong></span> <span class='ocrx_word' id='word_1_202' title='bbox 3034 1870 3317 1941; x_wconf 80' lang='lat' dir='ltr'><strong>conﬁgitur</strong></span> 
     </span>
    </p>
   </div>
   <div class='ocr_carea' id='block_1_34' title="bbox 86 1962 1692 2038">
    <p class='ocr_par' dir='ltr' id='par_1_34' title="bbox 86 1962 450 2031">
     <span class='ocr_line' id='line_1_34' title="bbox 86 1962 450 2031; baseline 0.005 -18"><span class='ocrx_word' id='word_1_203' title='bbox 86 1979 163 2031; x_wconf 75' lang='grc' dir='ltr'><strong>μοι</strong></span> <span class='ocrx_word' id='word_1_204' title='bbox 185 1962 450 2016; x_wconf 82' lang='grc' dir='ltr'><strong>ἄκανοαν.</strong></span> 
     </span>
    </p>
   </div>
   <div class='ocr_carea' id='block_1_35' title="bbox 492 1962 2098 2038">
    <p class='ocr_par' dir='ltr' id='par_1_35' title="bbox 1760 1971 2098 2038">
     <span class='ocr_line' id='line_1_35' title="bbox 1760 1971 2098 2038; baseline -0.009 -14"><span class='ocrx_word' id='word_1_205' title='bbox 1760 1971 1892 2024; x_wconf 80' lang='lat' dir='ltr'><strong>milii</strong></span> <span class='ocrx_word' id='word_1_206' title='bbox 1924 1972 2098 2038; x_wconf 87' lang='lat' dir='ltr'><strong>spina.</strong></span> 
     </span>
    </p>
   </div>
   <div class='ocr_carea' id='block_1_36' title="bbox 145 2053 1751 2132">
    <p class='ocr_par' dir='ltr' id='par_1_36' title="bbox 145 2053 1051 2125">
     <span class='ocr_line' id='line_1_36' title="bbox 145 2053 1051 2125; baseline 0.002 -18"><span class='ocrx_word' id='word_1_207' title='bbox 145 2056 192 2107; x_wconf 85' lang='lat'><strong>9.</strong></span> <span class='ocrx_word' id='word_1_208' title='bbox 224 2055 332 2124; x_wconf 83' lang='grc' dir='ltr'><strong>Τὴν</strong></span> <span class='ocrx_word' id='word_1_209' title='bbox 354 2053 586 2124; x_wconf 87' lang='grc' dir='ltr'><strong>ἀνομίαν</strong></span> <span class='ocrx_word' id='word_1_210' title='bbox 620 2071 721 2124; x_wconf 82' lang='grc' dir='ltr'><strong>μου</strong></span> <span class='ocrx_word' id='word_1_211' title='bbox 761 2055 1051 2125; x_wconf 78' lang='grc' dir='ltr'><strong>ἐγνώρισα·</strong></span> 
     </span>
    </p>
   </div>
   <div class='ocr_carea' id='block_1_37' title="bbox 1256 2053 2862 2132">
    <p class='ocr_par' dir='ltr' id='par_1_37' title="bbox 1825 2061 2862 2132">
     <span class='ocr_line' id='line_1_37' title="bbox 1825 2061 2862 2132; baseline -0.002 -14"><span class='ocrx_word' id='word_1_212' title='bbox 1825 2063 1877 2118; x_wconf 88' lang='lat'><strong>9.</strong></span> <span class='ocrx_word' id='word_1_213' title='bbox 1907 2061 2171 2115; x_wconf 89' lang='lat' dir='ltr'><strong>Delictum</strong></span> <span class='ocrx_word' id='word_1_214' title='bbox 2208 2076 2386 2115; x_wconf 88' lang='lat' dir='ltr'><strong>meum</strong></span> <span class='ocrx_word' id='word_1_215' title='bbox 2411 2061 2687 2132; x_wconf 77' lang='lat' dir='ltr'><strong>cognitum</strong></span> <span class='ocrx_word' id='word_1_216' title='bbox 2721 2061 2822 2116; x_wconf 83' lang='lat' dir='ltr'><strong>feci</strong></span> <span class='ocrx_word' id='word_1_217' title='bbox 2849 2081 2862 2115; x_wconf 86' lang='lat'><strong>:</strong></span> 
     </span>
    </p>
   </div>
   <div class='ocr_carea' id='block_1_38' title="bbox 145 2144 1751 2219">
    <p class='ocr_par' dir='ltr' id='par_1_38' title="bbox 145 2144 1336 2219">
     <span class='ocr_line' id='line_1_38' title="bbox 145 2144 1336 2219; baseline 0.007 -24"><span class='ocrx_word' id='word_1_218' title='bbox 145 2144 227 2195; x_wconf 88' lang='grc'>10.</span> <span class='ocrx_word' id='word_1_219' title='bbox 253 2146 363 2196; x_wconf 70' lang='grc' dir='ltr'><strong>Καὶ</strong></span> <span class='ocrx_word' id='word_1_220' title='bbox 398 2146 496 2216; x_wconf 80' lang='grc' dir='ltr'><strong>τὴν</strong></span> <span class='ocrx_word' id='word_1_221' title='bbox 519 2146 790 2216; x_wconf 78' lang='grc' dir='ltr'><strong>ἁμαρτίαν</strong></span> <span class='ocrx_word' id='word_1_222' title='bbox 816 2164 916 2215; x_wconf 83' lang='grc' dir='ltr'><strong>μου</strong></span> <span class='ocrx_word' id='word_1_223' title='bbox 950 2150 1047 2201; x_wconf 79' lang='grc' dir='ltr'><strong>οὐκ</strong></span> <span class='ocrx_word' id='word_1_224' title='bbox 1073 2150 1336 2219; x_wconf 67' lang='grc' dir='ltr'><strong>ἐκάλυψα.</strong></span> 
     </span>
    </p>
   </div>
   <div class='ocr_carea' id='block_1_39' title="bbox 1440 2144 3046 2219">
    <p class='ocr_par' dir='ltr' id='par_1_39' title="bbox 1832 2149 3046 2217">
     <span class='ocr_line' id='line_1_39' title="bbox 1832 2149 3046 2217; baseline -0.001 -13"><span class='ocrx_word' id='word_1_225' title='bbox 1832 2150 1919 2207; x_wconf 86' lang='grc'><strong>10.</strong></span> <span class='ocrx_word' id='word_1_226' title='bbox 1953 2149 2017 2203; x_wconf 83' lang='grc' dir='ltr'><strong>Ει</strong></span> <span class='ocrx_word' id='word_1_227' title='bbox 2048 2149 2374 2217; x_wconf 72' lang='lat' dir='ltr'><strong>iniustitiam</strong></span> <span class='ocrx_word' id='word_1_228' title='bbox 2415 2166 2589 2204; x_wconf 83' lang='lat' dir='ltr'><strong>meam</strong></span> <span class='ocrx_word' id='word_1_229' title='bbox 2625 2165 2731 2205; x_wconf 92' lang='lat' dir='ltr'><strong>non</strong></span> <span class='ocrx_word' id='word_1_230' title='bbox 2769 2151 3046 2205; x_wconf 84' lang='lat' dir='ltr'><strong>abscondi.</strong></span> 
     </span>
    </p>
   </div>
   <div class='ocr_carea' id='block_1_40' title="bbox 151 2235 1757 2314">
    <p class='ocr_par' dir='ltr' id='par_1_40' title="bbox 151 2235 1646 2314">
     <span class='ocr_line' id='line_1_40' title="bbox 151 2235 1646 2314; baseline 0.005 -26"><span class='ocrx_word' id='word_1_231' title='bbox 151 2237 227 2290; x_wconf 83' lang='grc'><strong>11.</strong></span> <span class='ocrx_word' id='word_1_232' title='bbox 282 2235 450 2290; x_wconf 78' lang='grc' dir='ltr'><strong>Εἷπα’</strong></span> <span class='ocrx_word' id='word_1_233' title='bbox 494 2237 864 2309; x_wconf 76' lang='grc' dir='ltr'><strong>Ἐξαγορεύσω</strong></span> <span class='ocrx_word' id='word_1_234' title='bbox 914 2244 1034 2294; x_wconf 83' lang='grc' dir='ltr'><strong>κατ’</strong></span> <span class='ocrx_word' id='word_1_235' title='bbox 1080 2242 1215 2311; x_wconf 77' lang='grc' dir='ltr'><strong>ἐμοῦ</strong></span> <span class='ocrx_word' id='word_1_236' title='bbox 1269 2243 1366 2314; x_wconf 75' lang='grc' dir='ltr'><strong>τὴν</strong></span> <span class='ocrx_word' id='word_1_237' title='bbox 1424 2243 1646 2313; x_wconf 82' lang='grc' dir='ltr'><strong>ἀνομίαν</strong></span> 
     </span>
    </p>
   </div>
   <div class='ocr_carea' id='block_1_41' title="bbox 1709 2235 3315 2314">
    <p class='ocr_par' dir='ltr' id='par_1_41' title="bbox 1828 2239 3315 2312">
     <span class='ocr_line' id='line_1_41' title="bbox 1828 2239 3315 2312; baseline -0.001 -17"><span class='ocrx_word' id='word_1_238' title='bbox 1828 2242 1912 2295; x_wconf 79' lang='lat' dir='ltr'><strong>il.</strong></span> <span class='ocrx_word' id='word_1_239' title='bbox 1950 2241 2109 2296; x_wconf 82' lang='lat' dir='ltr'><strong>Dixi:</strong></span> <span class='ocrx_word' id='word_1_240' title='bbox 2161 2239 2475 2296; x_wconf 83' lang='lat' dir='ltr'><strong>Contitebor</strong></span> <span class='ocrx_word' id='word_1_241' title='bbox 2522 2241 2808 2297; x_wconf 88' lang='lat' dir='ltr'><strong>adversum</strong></span> <span class='ocrx_word' id='word_1_242' title='bbox 2859 2256 2945 2297; x_wconf 91' lang='lat' dir='ltr'><strong>me</strong></span> <span class='ocrx_word' id='word_1_243' title='bbox 2996 2241 3315 2312; x_wconf 73' lang='lat' dir='ltr'><strong>iniustitiam</strong></span> 
     </span>
    </p>
   </div>
   <div class='ocr_carea' id='block_1_42' title="bbox 85 2329 1691 2401">
    <p class='ocr_par' dir='ltr' id='par_1_42' title="bbox 85 2329 521 2401">
     <span class='ocr_line' id='line_1_42' title="bbox 85 2329 521 2401; baseline 0.005 -21"><span class='ocrx_word' id='word_1_244' title='bbox 85 2346 173 2398; x_wconf 72' lang='grc' dir='ltr'><strong>μου</strong></span> <span class='ocrx_word' id='word_1_245' title='bbox 206 2329 282 2401; x_wconf 83' lang='grc' dir='ltr'><strong>τῷ</strong></span> <span class='ocrx_word' id='word_1_246' title='bbox 311 2332 521 2400; x_wconf 77' lang='grc' dir='ltr'><strong>Κυρίῳ·</strong></span> 
     </span>
    </p>
   </div>
   <div class='ocr_carea' id='block_1_43' title="bbox 631 2329 2237 2401">
    <p class='ocr_par' dir='ltr' id='par_1_43' title="bbox 1753 2333 2237 2389">
     <span class='ocr_line' id='line_1_43' title="bbox 1753 2333 2237 2389; baseline -0.002 0"><span class='ocrx_word' id='word_1_247' title='bbox 1753 2351 1929 2389; x_wconf 89' lang='lat' dir='ltr'><strong>meam</strong></span> <span class='ocrx_word' id='word_1_248' title='bbox 1962 2333 2196 2388; x_wconf 89' lang='lat' dir='ltr'><strong>Dommo</strong></span> <span class='ocrx_word' id='word_1_249' title='bbox 2225 2353 2237 2388; x_wconf 91' lang='lat'><strong>:</strong></span> 
     </span>
    </p>
   </div>
   <div class='ocr_carea' id='block_1_44' title="bbox 147 2422 1753 2496">
    <p class='ocr_par' dir='ltr' id='par_1_44' title="bbox 147 2422 1642 2496">
     <span class='ocr_line' id='line_1_44' title="bbox 147 2422 1642 2496; baseline 0.003 -22"><span class='ocrx_word' id='word_1_250' title='bbox 147 2422 223 2475; x_wconf 74' lang='grc'>19..</span> <span class='ocrx_word' id='word_1_251' title='bbox 257 2424 365 2475; x_wconf 82' lang='grc' dir='ltr'><strong>Καὶ</strong></span> <span class='ocrx_word' id='word_1_252' title='bbox 393 2426 456 2476; x_wconf 78' lang='grc' dir='ltr'><strong>σὺ</strong></span> <span class='ocrx_word' id='word_1_253' title='bbox 480 2424 696 2495; x_wconf 68' lang='grc' dir='ltr'><strong>ἀφῆκας</strong></span> <span class='ocrx_word' id='word_1_254' title='bbox 719 2423 818 2494; x_wconf 77' lang='grc' dir='ltr'><strong>τὴν</strong></span> <span class='ocrx_word' id='word_1_255' title='bbox 843 2424 1095 2478; x_wconf 83' lang='grc' dir='ltr'><strong>ἀσέϐειαν</strong></span> <span class='ocrx_word' id='word_1_256' title='bbox 1126 2425 1225 2495; x_wconf 81' lang='grc' dir='ltr'><strong>τῆς</strong></span> <span class='ocrx_word' id='word_1_257' title='bbox 1267 2426 1491 2496; x_wconf 83' lang='grc' dir='ltr'><strong>καρδίας</strong></span> <span class='ocrx_word' id='word_1_258' title='bbox 1521 2444 1642 2495; x_wconf 78' lang='grc' dir='ltr'><strong>μουο</strong></span> 
     </span>
    </p>
   </div>
   <div class='ocr_carea' id='block_1_45' title="bbox 1541 2422 3147 2496">
    <p class='ocr_par' dir='ltr' id='par_1_45' title="bbox 1541 2423 3147 2492">
     <span class='ocr_line' id='line_1_45' title="bbox 1541 2423 3147 2492; baseline -0.002 -14"><span class='ocrx_word' id='word_1_259' title='bbox 1541 2444 1642 2478; x_wconf 79' lang='grc' dir='ltr'><strong>ιουο</strong></span> <span class='ocrx_word' id='word_1_260' title='bbox 1828 2426 1910 2479; x_wconf 73' lang='grc'>12.</span> <span class='ocrx_word' id='word_1_261' title='bbox 1950 2424 2012 2478; x_wconf 87' lang='grc' dir='ltr'><strong>Ει</strong></span> <span class='ocrx_word' id='word_1_262' title='bbox 2047 2435 2102 2478; x_wconf 81' lang='grc' dir='ltr'><strong>ιιι</strong></span> <span class='ocrx_word' id='word_1_263' title='bbox 2137 2425 2398 2480; x_wconf 80' lang='lat' dir='ltr'><strong>remisisti</strong></span> <span class='ocrx_word' id='word_1_264' title='bbox 2430 2424 2762 2492; x_wconf 85' lang='lat' dir='ltr'><strong>impietatem</strong></span> <span class='ocrx_word' id='word_1_265' title='bbox 2791 2423 2971 2478; x_wconf 87' lang='lat' dir='ltr'><strong>cordis</strong></span> <span class='ocrx_word' id='word_1_266' title='bbox 3005 2423 3105 2477; x_wconf 88' lang='lat' dir='ltr'><strong>mei</strong></span> <span class='ocrx_word' id='word_1_267' title='bbox 3133 2441 3147 2489; x_wconf 88' lang='lat'><strong>;</strong></span> 
     </span>
    </p>
   </div>
   <div class='ocr_carea' id='block_1_46' title="bbox 146 2515 1752 2587">
    <p class='ocr_par' dir='ltr' id='par_1_46' title="bbox 146 2515 1646 2587">
     <span class='ocr_line' id='line_1_46' title="bbox 146 2515 1646 2587; baseline 0.003 -21"><span class='ocrx_word' id='word_1_268' title='bbox 146 2515 223 2566; x_wconf 76' lang='grc'><strong>13.</strong></span> <span class='ocrx_word' id='word_1_269' title='bbox 272 2515 443 2586; x_wconf 79' lang='grc' dir='ltr'><strong>Ὑπὲρ</strong></span> <span class='ocrx_word' id='word_1_270' title='bbox 473 2515 678 2586; x_wconf 78' lang='grc' dir='ltr'><strong>ταύτης</strong></span> <span class='ocrx_word' id='word_1_271' title='bbox 722 2516 1078 2586; x_wconf 78' lang='grc' dir='ltr'><strong>προσεύξεται</strong></span> <span class='ocrx_word' id='word_1_272' title='bbox 1114 2517 1248 2587; x_wconf 71' lang='grc' dir='ltr'><strong>πρὸς</strong></span> <span class='ocrx_word' id='word_1_273' title='bbox 1281 2516 1338 2569; x_wconf 82' lang='grc' dir='ltr'><strong>σὲ</strong></span> <span class='ocrx_word' id='word_1_274' title='bbox 1366 2520 1472 2581; x_wconf 79' lang='grc' dir='ltr'><strong>πᾶς</strong></span> <span class='ocrx_word' id='word_1_275' title='bbox 1502 2520 1646 2582; x_wconf 75' lang='grc' dir='ltr'><strong>ὅσιος</strong></span> 
     </span>
    </p>
   </div>
   <div class='ocr_carea' id='block_1_47' title="bbox 1711 2515 3317 2587">
    <p class='ocr_par' dir='ltr' id='par_1_47' title="bbox 1826 2515 3317 2572">
     <span class='ocr_line' id='line_1_47' title="bbox 1826 2515 3317 2572; baseline 0 -2"><span class='ocrx_word' id='word_1_276' title='bbox 1826 2517 1914 2572; x_wconf 80' lang='grc'><strong>15.</strong></span> <span class='ocrx_word' id='word_1_277' title='bbox 1946 2515 2048 2571; x_wconf 85' lang='lat' dir='ltr'><strong>Pro</strong></span> <span class='ocrx_word' id='word_1_278' title='bbox 2073 2517 2174 2570; x_wconf 86' lang='lat' dir='ltr'><strong>hac</strong></span> <span class='ocrx_word' id='word_1_279' title='bbox 2204 2516 2384 2570; x_wconf 77' lang='lat' dir='ltr'><strong>orabit</strong></span> <span class='ocrx_word' id='word_1_280' title='bbox 2405 2515 2473 2569; x_wconf 89' lang='lat' dir='ltr'><strong>ad</strong></span> <span class='ocrx_word' id='word_1_281' title='bbox 2508 2528 2560 2570; x_wconf 90' lang='lat' dir='ltr'><strong>te</strong></span> <span class='ocrx_word' id='word_1_282' title='bbox 2605 2517 2784 2572; x_wconf 90' lang='lat' dir='ltr'><strong>omnis</strong></span> <span class='ocrx_word' id='word_1_283' title='bbox 2825 2526 3048 2572; x_wconf 84' lang='lat' dir='ltr'><strong>sanctus</strong></span> <span class='ocrx_word' id='word_1_284' title='bbox 3093 2517 3146 2570; x_wconf 91' lang='lat' dir='ltr'><strong>in</strong></span> <span class='ocrx_word' id='word_1_285' title='bbox 3185 2525 3317 2570; x_wconf 85' lang='lat' dir='ltr'><strong>tem—</strong></span> 
     </span>
    </p>
   </div>
   <div class='ocr_carea' id='block_1_48' title="bbox 84 2603 1690 2678">
    <p class='ocr_par' dir='ltr' id='par_1_48' title="bbox 84 2603 587 2676">
     <span class='ocr_line' id='line_1_48' title="bbox 84 2603 587 2676; baseline 0.01 -22"><span class='ocrx_word' id='word_1_286' title='bbox 84 2603 133 2655; x_wconf 83' lang='grc' dir='ltr'><strong>ὲν</strong></span> <span class='ocrx_word' id='word_1_287' title='bbox 157 2604 324 2676; x_wconf 82' lang='grc' dir='ltr'><strong>καιρῷ</strong></span> <span class='ocrx_word' id='word_1_288' title='bbox 354 2606 587 2676; x_wconf 62' lang='grc' dir='ltr'><strong>εὐοέτιιν</strong></span> 
     </span>
    </p>
   </div>
   <div class='ocr_carea' id='block_1_49' title="bbox 658 2603 2264 2678">
    <p class='ocr_par' dir='ltr' id='par_1_49' title="bbox 1755 2619 2264 2678">
     <span class='ocr_line' id='line_1_49' title="bbox 1755 2619 2264 2678; baseline 0.002 -18"><span class='ocrx_word' id='word_1_289' title='bbox 1755 2624 1884 2678; x_wconf 91' lang='lat' dir='ltr'><strong>pore</strong></span> <span class='ocrx_word' id='word_1_290' title='bbox 1917 2619 2225 2677; x_wconf 84' lang='lat' dir='ltr'><strong>opportuno</strong></span> <span class='ocrx_word' id='word_1_291' title='bbox 2251 2626 2264 2662; x_wconf 89' lang='lat'><strong>:</strong></span> 
     </span>
    </p>
   </div>
   <div class='ocr_carea' id='block_1_50' title="bbox 1160 2696 2198 2761">
    <p class='ocr_par' dir='ltr' id='par_1_50' title="bbox 1160 2696 2198 2761">
     <span class='ocr_line' id='line_1_50' title="bbox 1160 2696 2198 2761; baseline -0.001 -9"><span class='ocrx_word' id='word_1_292' title='bbox 1160 2750 1171 2761; x_wconf 79' lang='grc'><strong>,</strong></span> <span class='ocrx_word' id='word_1_293' title='bbox 1189 2698 1471 2752; x_wconf 80' lang='lat' dir='ltr'><strong>ATHANA</strong></span> <span class='ocrx_word' id='word_1_294' title='bbox 1483 2698 1565 2754; x_wconf 87' lang='lat' dir='ltr'><strong>Sll</strong></span> <span class='ocrx_word' id='word_1_295' title='bbox 1607 2696 2198 2753; x_wconf 77' lang='lat' dir='ltr'><strong>INTERPRETATIO.</strong></span> 
     </span>
    </p>
   </div>
   <div class='ocr_carea' id='block_1_51' title="bbox 145 2789 1751 2863">
    <p class='ocr_par' dir='ltr' id='par_1_51' title="bbox 145 2790 655 2861">
     <span class='ocr_line' id='line_1_51' title="bbox 145 2790 655 2861; baseline 0.004 -19"><span class='ocrx_word' id='word_1_296' title='bbox 145 2790 225 2843; x_wconf 84' lang='lat'><strong>60.</strong></span> <span class='ocrx_word' id='word_1_297' title='bbox 266 2791 468 2858; x_wconf 78' lang='grc' dir='ltr'><strong>’Δγαθά</strong></span> <span class='ocrx_word' id='word_1_298' title='bbox 500 2792 655 2861; x_wconf 76' lang='grc' dir='ltr'><strong>ἔργα.</strong></span> 
     </span>
    </p>
   </div>
   <div class='ocr_carea' id='block_1_52' title="bbox 696 2789 2302 2863">
    <p class='ocr_par' dir='ltr' id='par_1_52' title="bbox 1822 2789 2302 2863">
     <span class='ocr_line' id='line_1_52' title="bbox 1822 2789 2302 2863; baseline -0.004 -15"><span class='ocrx_word' id='word_1_299' title='bbox 1822 2789 1908 2848; x_wconf 86' lang='grc'>60.</span> <span class='ocrx_word' id='word_1_300' title='bbox 1939 2793 2086 2848; x_wconf 85' lang='lat' dir='ltr'><strong>Bona</strong></span> <span class='ocrx_word' id='word_1_301' title='bbox 2117 2809 2302 2863; x_wconf 87' lang='lat' dir='ltr'><strong>opera.</strong></span> 
     </span>
    </p>
   </div>
   <div class='ocr_carea' id='block_1_53' title="bbox 143 2881 1749 2956">
    <p class='ocr_par' dir='ltr' id='par_1_53' title="bbox 143 2881 1225 2955">
     <span class='ocr_line' id='line_1_53' title="bbox 143 2881 1225 2955; baseline 0.004 -22"><span class='ocrx_word' id='word_1_302' title='bbox 143 2881 222 2934; x_wconf 89' lang='grc'><strong>61.</strong></span> <span class='ocrx_word' id='word_1_303' title='bbox 262 2883 385 2945; x_wconf 74' lang='grc' dir='ltr'><strong>Τοῖς</strong></span> <span class='ocrx_word' id='word_1_304' title='bbox 445 2882 689 2935; x_wconf 79' lang='grc' dir='ltr'><strong>ποιοῦσιν</strong></span> <span class='ocrx_word' id='word_1_305' title='bbox 719 2883 1012 2955; x_wconf 84' lang='grc' dir='ltr'><strong>ἁμαρτίαν,</strong></span> <span class='ocrx_word' id='word_1_306' title='bbox 1059 2883 1225 2952; x_wconf 77' lang='grc' dir='ltr'><strong>λέγει.</strong></span> 
     </span>
    </p>
   </div>
   <div class='ocr_carea' id='block_1_54' title="bbox 1202 2881 2808 2956">
    <p class='ocr_par' dir='ltr' id='par_1_54' title="bbox 1202 2885 2808 2956">
     <span class='ocr_line' id='line_1_54' title="bbox 1202 2885 2808 2956; baseline 0.005 -19"><span class='ocrx_word' id='word_1_307' title='bbox 1202 2925 1225 2939; x_wconf 82' lang='grc'><strong>,.</strong></span> <span class='ocrx_word' id='word_1_308' title='bbox 1820 2886 1908 2941; x_wconf 87' lang='grc'><strong>61.</strong></span> <span class='ocrx_word' id='word_1_309' title='bbox 1940 2885 2288 2942; x_wconf 82' lang='lat' dir='ltr'><strong>Facientibus</strong></span> <span class='ocrx_word' id='word_1_310' title='bbox 2321 2898 2628 2956; x_wconf 87' lang='lat' dir='ltr'><strong>peccatum,</strong></span> <span class='ocrx_word' id='word_1_311' title='bbox 2659 2891 2808 2945; x_wconf 83' lang='lat' dir='ltr'><strong>dicit.</strong></span> 
     </span>
    </p>
   </div>
   <div class='ocr_carea' id='block_1_55' title="bbox 145 2972 1751 3052">
    <p class='ocr_par' dir='ltr' id='par_1_55' title="bbox 145 2972 1645 3049">
     <span class='ocr_line' id='line_1_55' title="bbox 145 2972 1645 3049; baseline 0.005 -25"><span class='ocrx_word' id='word_1_312' title='bbox 145 2972 224 3025; x_wconf 76' lang='lat'><strong>62.</strong></span> <span class='ocrx_word' id='word_1_313' title='bbox 269 2974 356 3043; x_wconf 77' lang='grc' dir='ltr'><strong>Μὴ</strong></span> <span class='ocrx_word' id='word_1_314' title='bbox 384 2973 733 3027; x_wconf 79' lang='grc' dir='ltr'><strong>ἐκλύσθωσαν</strong></span> <span class='ocrx_word' id='word_1_315' title='bbox 773 2974 850 3044; x_wconf 83' lang='grc'>(1)</span> <span class='ocrx_word' id='word_1_316' title='bbox 883 2973 1035 3044; x_wconf 85' lang='grc' dir='ltr'><strong>ὑμῶν</strong></span> <span class='ocrx_word' id='word_1_317' title='bbox 1083 2977 1136 3028; x_wconf 79' lang='grc' dir='ltr'><strong>αἱ</strong></span> <span class='ocrx_word' id='word_1_318' title='bbox 1194 2977 1436 3049; x_wconf 84' lang='grc' dir='ltr'><strong>καρδίαι,</strong></span> <span class='ocrx_word' id='word_1_319' title='bbox 1510 2978 1645 3032; x_wconf 77' lang='grc' dir='ltr'><strong>ἀλλὰ</strong></span> 
     </span>
    </p>
   </div>
   <div class='ocr_carea' id='block_1_56' title="bbox 1709 2972 3315 3052">
    <p class='ocr_par' dir='ltr' id='par_1_56' title="bbox 1819 2979 3315 3052">
     <span class='ocr_line' id='line_1_56' title="bbox 1819 2979 3315 3052; baseline 0.005 -21"><span class='ocrx_word' id='word_1_320' title='bbox 1819 2979 1905 3032; x_wconf 77' lang='lat'><strong>62.</strong></span> <span class='ocrx_word' id='word_1_321' title='bbox 1960 2979 2037 3034; x_wconf 84' lang='lat' dir='ltr'><strong>Ne</strong></span> <span class='ocrx_word' id='word_1_322' title='bbox 2077 2982 2447 3037; x_wconf 83' lang='lat' dir='ltr'><strong>dissolvantur</strong></span> <span class='ocrx_word' id='word_1_323' title='bbox 2491 2984 2656 3038; x_wconf 86' lang='lat' dir='ltr'><strong>corda</strong></span> <span class='ocrx_word' id='word_1_324' title='bbox 2705 2994 2881 3040; x_wconf 87' lang='lat' dir='ltr'><strong>vestra</strong></span> <span class='ocrx_word' id='word_1_325' title='bbox 2911 3026 2927 3052; x_wconf 86' lang='lat'><strong>,</strong></span> <span class='ocrx_word' id='word_1_326' title='bbox 2979 2984 3070 3039; x_wconf 87' lang='lat' dir='ltr'><strong>sed</strong></span> <span class='ocrx_word' id='word_1_327' title='bbox 3118 2984 3315 3040; x_wconf 79' lang='lat' dir='ltr'><strong>conﬁr-</strong></span> 
     </span>
    </p>
   </div>
   <div class='ocr_carea' id='block_1_57' title="bbox 83 3061 1689 3134">
    <p class='ocr_par' dir='ltr' id='par_1_57' title="bbox 83 3061 540 3134">
     <span class='ocr_line' id='line_1_57' title="bbox 83 3061 540 3134; baseline 0.018 -22"><span class='ocrx_word' id='word_1_328' title='bbox 83 3061 540 3134; x_wconf 70' lang='grc' dir='ltr'><strong>δυναμούσθωσαν.</strong></span> 
     </span>
    </p>
   </div>
   <div class='ocr_carea' id='block_1_58' title="bbox 383 3061 1989 3134">
    <p class='ocr_par' dir='ltr' id='par_1_58' title="bbox 383 3080 1989 3124">
     <span class='ocr_line' id='line_1_58' title="bbox 383 3080 1989 3124; baseline 0.003 -5"><span class='ocrx_word' id='word_1_329' title='bbox 383 3084 540 3120; x_wconf 73' lang='grc' dir='ltr'><strong>υσαν.</strong></span> <span class='ocrx_word' id='word_1_330' title='bbox 1751 3080 1989 3124; x_wconf 88' lang='lat' dir='ltr'><strong>mentur.</strong></span> 
     </span>
    </p>
   </div>
   <div class='ocr_carea' id='block_1_59' title="bbox 143 3156 1749 3234">
    <p class='ocr_par' dir='ltr' id='par_1_59' title="bbox 143 3156 1501 3234">
     <span class='ocr_line' id='line_1_59' title="bbox 143 3156 1501 3234; baseline 0.005 -25"><span class='ocrx_word' id='word_1_331' title='bbox 143 3156 222 3210; x_wconf 79' lang='grc'><strong>65.</strong></span> <span class='ocrx_word' id='word_1_332' title='bbox 249 3159 454 3223; x_wconf 82' lang='grc' dir='ltr'><strong>Πάντες</strong></span> <span class='ocrx_word' id='word_1_333' title='bbox 485 3161 532 3212; x_wconf 82' lang='grc' dir='ltr'><strong>οἱ</strong></span> <span class='ocrx_word' id='word_1_334' title='bbox 571 3160 667 3230; x_wconf 78' lang='grc' dir='ltr'><strong>τὴν</strong></span> <span class='ocrx_word' id='word_1_335' title='bbox 697 3160 887 3214; x_wconf 78' lang='grc' dir='ltr'><strong>ἐλπίδα</strong></span> <span class='ocrx_word' id='word_1_336' title='bbox 921 3162 1134 3232; x_wconf 84' lang='grc' dir='ltr'><strong>ἔχοντες</strong></span> <span class='ocrx_word' id='word_1_337' title='bbox 1156 3161 1248 3214; x_wconf 75' lang='grc' dir='ltr'><strong>ἐπὶ</strong></span> <span class='ocrx_word' id='word_1_338' title='bbox 1272 3161 1501 3234; x_wconf 81' lang='grc' dir='ltr'><strong>Κύριον.</strong></span> 
     </span>
    </p>
   </div>
   <div class='ocr_carea' id='block_1_60' title="bbox 1480 3156 3086 3234">
    <p class='ocr_par' dir='ltr' id='par_1_60' title="bbox 1484 3158 3086 3233">
     <span class='ocr_line' id='line_1_60' title="bbox 1484 3158 3086 3233; baseline 0.004 -17"><span class='ocrx_word' id='word_1_339' title='bbox 1484 3200 1501 3216; x_wconf 95' lang='grc'>.</span> <span class='ocrx_word' id='word_1_340' title='bbox 1830 3160 1918 3216; x_wconf 79' lang='grc'>65.</span> <span class='ocrx_word' id='word_1_341' title='bbox 1956 3158 2180 3227; x_wconf 84' lang='lat' dir='ltr'><strong>Omnes,</strong></span> <span class='ocrx_word' id='word_1_342' title='bbox 2210 3162 2306 3233; x_wconf 89' lang='lat' dir='ltr'><strong>qui</strong></span> <span class='ocrx_word' id='word_1_343' title='bbox 2335 3179 2484 3233; x_wconf 86' lang='lat' dir='ltr'><strong>spem</strong></span> <span class='ocrx_word' id='word_1_344' title='bbox 2516 3165 2728 3222; x_wconf 87' lang='lat' dir='ltr'><strong>habetis</strong></span> <span class='ocrx_word' id='word_1_345' title='bbox 2752 3167 2805 3222; x_wconf 90' lang='lat' dir='ltr'><strong>in</strong></span> <span class='ocrx_word' id='word_1_346' title='bbox 2837 3166 3086 3223; x_wconf 90' lang='lat' dir='ltr'><strong>Domino.</strong></span> 
     </span>
    </p>
   </div>
   <div class='ocr_carea' id='block_1_61' title="bbox 153 3250 3316 3332">
    <p class='ocr_par' dir='ltr' id='par_1_61' title="bbox 153 3250 3316 3332">
     <span class='ocr_line' id='line_1_61' title="bbox 153 3250 3316 3332; baseline 0.004 -30"><span class='ocrx_word' id='word_1_347' title='bbox 153 3250 208 3302; x_wconf 85' lang='grc' dir='ltr'>Ἡ</span> <span class='ocrx_word' id='word_1_348' title='bbox 231 3253 562 3322; x_wconf 64' lang='grc' dir='ltr'><strong>προκειμένη</strong></span> <span class='ocrx_word' id='word_1_349' title='bbox 593 3254 867 3324; x_wconf 63' lang='grc' dir='ltr'><strong>ἐπιγραφὴ</strong></span> <span class='ocrx_word' id='word_1_350' title='bbox 897 3253 1137 3326; x_wconf 79' lang='grc' dir='ltr'><strong>περιέχει</strong></span> <span class='ocrx_word' id='word_1_351' title='bbox 1159 3253 1235 3324; x_wconf 73' lang='grc'><strong>(2)</strong></span> <span class='ocrx_word' id='word_1_352' title='bbox 1257 3269 1271 3282; x_wconf 85' lang='grc'>⁶</span> <span class='ocrx_word' id='word_1_353' title='bbox 1298 3252 1571 3325; x_wconf 74' lang='grc' dir='ltr'><strong>[Ψαλμὸς</strong></span> <span class='ocrx_word' id='word_1_354' title='bbox 1596 3251 1675 3319; x_wconf 85' lang='grc' dir='ltr'><strong>τῷ</strong></span> <span class='ocrx_word' id='word_1_355' title='bbox 1697 3253 1896 3326; x_wconf 75' lang='grc' dir='ltr'><strong>Δαϐὶδ]</strong></span> <span class='ocrx_word' id='word_1_356' title='bbox 1919 3255 2025 3308; x_wconf 85' lang='grc' dir='ltr'><strong>τοῦ</strong></span> <span class='ocrx_word' id='word_1_357' title='bbox 2056 3253 2233 3308; x_wconf 74' lang='grc' dir='ltr'><strong>Δαόίδ</strong></span> <span class='ocrx_word' id='word_1_358' title='bbox 2262 3257 2593 3324; x_wconf 80' lang='grc' dir='ltr'><strong>συνέσεως.</strong></span> <span class='ocrx_word' id='word_1_359' title='bbox 2620 3259 2789 3314; x_wconf 75' lang='grc' dir='ltr'><strong>Τοῦτο</strong></span> <span class='ocrx_word' id='word_1_360' title='bbox 2809 3256 2902 3314; x_wconf 82' lang='grc' dir='ltr'><strong>οὖν</strong></span> <span class='ocrx_word' id='word_1_361' title='bbox 2932 3261 3202 3332; x_wconf 81' lang='grc' dir='ltr'><strong>σημαίνει,</strong></span> <span class='ocrx_word' id='word_1_362' title='bbox 3238 3262 3316 3315; x_wconf 74' lang='grc' dir='ltr'><strong>ὅτι</strong></span> 
     </span>
    </p>
   </div>
   <div class='ocr_carea' id='block_1_62' title="bbox 84 3343 3320 3426">
    <p class='ocr_par' dir='ltr' id='par_1_62' title="bbox 84 3343 3320 3426">
     <span class='ocr_line' id='line_1_62' title="bbox 84 3343 3320 3426; baseline 0.003 -30"><span class='ocrx_word' id='word_1_363' title='bbox 84 3343 126 3394; x_wconf 85' lang='grc' dir='ltr'><strong>οἱ</strong></span> <span class='ocrx_word' id='word_1_364' title='bbox 155 3345 521 3418; x_wconf 67' lang='grc' dir='ltr'><strong>ὴμαρτηκότῑς</strong></span> <span class='ocrx_word' id='word_1_365' title='bbox 564 3349 643 3411; x_wconf 83' lang='grc' dir='ltr'><strong>εἰς</strong></span> <span class='ocrx_word' id='word_1_366' title='bbox 691 3347 901 3401; x_wconf 75' lang='grc' dir='ltr'><strong>σύνεσιν</strong></span> <span class='ocrx_word' id='word_1_367' title='bbox 928 3348 1207 3420; x_wconf 78' lang='grc' dir='ltr'><strong>ἐρχόμενοι</strong></span> <span class='ocrx_word' id='word_1_368' title='bbox 1252 3349 1658 3420; x_wconf 77' lang='grc' dir='ltr'><strong>ἐπιστρέφουσι.</strong></span> <span class='ocrx_word' id='word_1_369' title='bbox 1692 3347 1852 3402; x_wconf 74' lang='grc' dir='ltr'><strong>Δασιδ</strong></span> <span class='ocrx_word' id='word_1_370' title='bbox 1890 3347 1998 3420; x_wconf 81' lang='grc' dir='ltr'><strong>γὰρ</strong></span> <span class='ocrx_word' id='word_1_371' title='bbox 2023 3350 2383 3421; x_wconf 78' lang='grc' dir='ltr'><strong>ἑρμηνεύεται</strong></span> <span class='ocrx_word' id='word_1_372' title='bbox 2422 3350 2819 3422; x_wconf 80' lang='grc' dir='ltr'><strong>ἐξουδένωμα,</strong></span> <span class='ocrx_word' id='word_1_373' title='bbox 2843 3353 2978 3423; x_wconf 80' lang='grc' dir='ltr'><strong>ὅπερ</strong></span> <span class='ocrx_word' id='word_1_374' title='bbox 2999 3353 3238 3426; x_wconf 69' lang='grc' dir='ltr'><strong>ὲστὶνβ)</strong></span> <span class='ocrx_word' id='word_1_375' title='bbox 3269 3354 3320 3406; x_wconf 69' lang='grc' dir='ltr'><strong>οι</strong></span> 
     </span>
    </p>
   </div>
   <div class='ocr_carea' id='block_1_63' title="bbox 83 3437 467 3507">
    <p class='ocr_par' dir='ltr' id='par_1_63' title="bbox 83 3437 467 3507">
     <span class='ocr_line' id='line_1_63' title="bbox 83 3437 467 3507; baseline 0.01 -19"><span class='ocrx_word' id='word_1_376' title='bbox 83 3437 467 3507; x_wconf 69' lang='grc' dir='ltr'><strong>ἡμαρτηκότες.</strong></span> 
     </span>
    </p>
   </div>
   <div class='ocr_carea' id='block_1_64' title="bbox 152 3528 3321 3613">
    <p class='ocr_par' dir='ltr' id='par_1_64' title="bbox 152 3528 3321 3613">
     <span class='ocr_line' id='line_1_64' title="bbox 152 3528 3321 3613; baseline 0.004 -30"><span class='ocrx_word' id='word_1_377' title='bbox 152 3528 356 3586; x_wconf 86' lang='lat' dir='ltr'><strong>Titulus</strong></span> <span class='ocrx_word' id='word_1_378' title='bbox 389 3532 716 3602; x_wconf 65' lang='lat' dir='ltr'><strong>prmpositus</strong></span> <span class='ocrx_word' id='word_1_379' title='bbox 739 3533 987 3588; x_wconf 87' lang='lat' dir='ltr'><strong>continet</strong></span> <span class='ocrx_word' id='word_1_380' title='bbox 1017 3551 1030 3588; x_wconf 92' lang='lat'>:</span> <span class='ocrx_word' id='word_1_381' title='bbox 1066 3532 1321 3588; x_wconf 71' lang='lat' dir='ltr'><strong>Psalmus</strong></span> <span class='ocrx_word' id='word_1_382' title='bbox 1358 3532 1552 3601; x_wconf 78' lang='lat' dir='ltr'><strong>David,</strong></span> <span class='ocrx_word' id='word_1_383' title='bbox 1583 3533 1901 3588; x_wconf 70' lang='lat' dir='ltr'><strong>intellectus.</strong></span> <span class='ocrx_word' id='word_1_384' title='bbox 1932 3532 2047 3591; x_wconf 82' lang='lat' dir='ltr'><strong>Hoc</strong></span> <span class='ocrx_word' id='word_1_385' title='bbox 2070 3537 2238 3605; x_wconf 76' lang='lat' dir='ltr'><strong>igitur</strong></span> <span class='ocrx_word' id='word_1_386' title='bbox 2266 3538 2558 3609; x_wconf 75' lang='lat' dir='ltr'><strong>signiﬁcat,</strong></span> <span class='ocrx_word' id='word_1_387' title='bbox 2606 3543 2750 3611; x_wconf 89' lang='lat' dir='ltr'><strong>quod</strong></span> <span class='ocrx_word' id='word_1_388' title='bbox 2781 3553 3095 3613; x_wconf 76' lang='lat' dir='ltr'><strong>peccatores</strong></span> <span class='ocrx_word' id='word_1_389' title='bbox 3127 3542 3183 3598; x_wconf 88' lang='lat' dir='ltr'><strong>in</strong></span> <span class='ocrx_word' id='word_1_390' title='bbox 3231 3542 3321 3597; x_wconf 86' lang='lat' dir='ltr'><strong>in-</strong></span> 
     </span>
    </p>
   </div>
   <div class='ocr_carea' id='block_1_65' title="bbox 89 3625 2998 3706">
    <p class='ocr_par' dir='ltr' id='par_1_65' title="bbox 89 3625 2998 3706">
     <span class='ocr_line' id='line_1_65' title="bbox 89 3625 2998 3706; baseline 0.005 -27"><span class='ocrx_word' id='word_1_391' title='bbox 89 3625 334 3681; x_wconf 56' lang='lat' dir='ltr'><strong>tellectum</strong></span> <span class='ocrx_word' id='word_1_392' title='bbox 364 3629 646 3683; x_wconf 88' lang='lat' dir='ltr'><strong>venientes</strong></span> <span class='ocrx_word' id='word_1_393' title='bbox 673 3637 1086 3684; x_wconf 86' lang='lat' dir='ltr'><strong>convertuntur.</strong></span> <span class='ocrx_word' id='word_1_394' title='bbox 1112 3629 1286 3686; x_wconf 79' lang='lat' dir='ltr'><strong>David</strong></span> <span class='ocrx_word' id='word_1_395' title='bbox 1317 3630 1464 3686; x_wconf 85' lang='lat' dir='ltr'><strong>enim</strong></span> <span class='ocrx_word' id='word_1_396' title='bbox 1494 3631 1885 3701; x_wconf 87' lang='lat' dir='ltr'><strong>interpretatur</strong></span> <span class='ocrx_word' id='word_1_397' title='bbox 1913 3633 2253 3703; x_wconf 80' lang='lat' dir='ltr'><strong>contemptio,</strong></span> <span class='ocrx_word' id='word_1_398' title='bbox 2282 3634 2474 3704; x_wconf 83' lang='lat' dir='ltr'><strong>quales</strong></span> <span class='ocrx_word' id='word_1_399' title='bbox 2504 3645 2634 3690; x_wconf 90' lang='lat' dir='ltr'><strong>sunt</strong></span> <span class='ocrx_word' id='word_1_400' title='bbox 2662 3648 2998 3706; x_wconf 85' lang='lat' dir='ltr'><strong>peccatores.</strong></span> 
     </span>
    </p>
   </div>
   <div class='ocr_carea' id='block_1_66' title="bbox 155 3719 1761 3802">
    <p class='ocr_par' dir='ltr' id='par_1_66' title="bbox 155 3719 1712 3796">
     <span class='ocr_line' id='line_1_66' title="bbox 155 3719 1712 3796; baseline 0.007 -24"><span class='ocrx_word' id='word_1_401' title='bbox 155 3719 200 3783; x_wconf 89' lang='grc'>1,</span> <span class='ocrx_word' id='word_1_402' title='bbox 227 3722 278 3773; x_wconf 69' lang='grc'><strong>2.</strong></span> <span class='ocrx_word' id='word_1_403' title='bbox 311 3722 451 3786; x_wconf 81' lang='grc' dir='ltr'><strong>Τοὺς</strong></span> <span class='ocrx_word' id='word_1_404' title='bbox 478 3724 536 3777; x_wconf 74' lang='grc' dir='ltr'><strong>ὲν</strong></span> <span class='ocrx_word' id='word_1_405' title='bbox 554 3721 632 3793; x_wconf 81' lang='grc' dir='ltr'><strong>τῷ</strong></span> <span class='ocrx_word' id='word_1_406' title='bbox 661 3723 995 3796; x_wconf 72' lang='grc' dir='ltr'><strong>βαπτίσματι</strong></span> <span class='ocrx_word' id='word_1_407' title='bbox 1023 3724 1193 3795; x_wconf 81' lang='grc' dir='ltr'><strong>λέγει.</strong></span> <span class='ocrx_word' id='word_1_408' title='bbox 1668 3737 1712 3795; x_wconf 80' lang='lat' dir='ltr'><strong>C</strong></span> 
     </span>
    </p>
   </div>
   <div class='ocr_carea' id='block_1_67' title="bbox 1241 3719 2847 3802">
    <p class='ocr_par' dir='ltr' id='par_1_67' title="bbox 1668 3727 2847 3802">
     <span class='ocr_line' id='line_1_67' title="bbox 1668 3727 2847 3802; baseline 0.006 -21"><span class='ocrx_word' id='word_1_409' title='bbox 1668 3737 1712 3795; x_wconf 66' lang='grc' dir='ltr'><strong>(ζ</strong></span> <span class='ocrx_word' id='word_1_410' title='bbox 1808 3729 1862 3792; x_wconf 83' lang='grc'>1,</span> <span class='ocrx_word' id='word_1_411' title='bbox 1885 3727 1939 3782; x_wconf 77' lang='lat'><strong>2.</strong></span> <span class='ocrx_word' id='word_1_412' title='bbox 1969 3727 2074 3784; x_wconf 84' lang='lat' dir='ltr'><strong>Eos</strong></span> <span class='ocrx_word' id='word_1_413' title='bbox 2096 3729 2249 3794; x_wconf 86' lang='lat' dir='ltr'><strong>dicit,</strong></span> <span class='ocrx_word' id='word_1_414' title='bbox 2279 3731 2374 3801; x_wconf 91' lang='lat' dir='ltr'><strong>qui</strong></span> <span class='ocrx_word' id='word_1_415' title='bbox 2403 3731 2664 3802; x_wconf 81' lang='lat' dir='ltr'><strong>baptizati</strong></span> <span class='ocrx_word' id='word_1_416' title='bbox 2698 3742 2847 3790; x_wconf 88' lang='lat' dir='ltr'><strong>sunt.</strong></span> 
     </span>
    </p>
   </div>
   <div class='ocr_carea' id='block_1_68' title="bbox 150 3810 1756 3894">
    <p class='ocr_par' dir='ltr' id='par_1_68' title="bbox 150 3810 839 3884">
     <span class='ocr_line' id='line_1_68' title="bbox 150 3810 839 3884; baseline 0.004 -21"><span class='ocrx_word' id='word_1_417' title='bbox 150 3811 203 3863; x_wconf 76' lang='grc'>5.</span> <span class='ocrx_word' id='word_1_418' title='bbox 246 3810 331 3864; x_wconf 86' lang='grc' dir='ltr'><strong>Ἐν</strong></span> <span class='ocrx_word' id='word_1_419' title='bbox 364 3811 547 3883; x_wconf 78' lang='grc' dir='ltr'><strong>ἡμέρᾳ</strong></span> <span class='ocrx_word' id='word_1_420' title='bbox 588 3812 839 3884; x_wconf 82' lang='grc' dir='ltr'><strong>κρίσεως.</strong></span> 
     </span>
    </p>
   </div>
   <div class='ocr_carea' id='block_1_69' title="bbox 721 3810 2327 3894">
    <p class='ocr_par' dir='ltr' id='par_1_69' title="bbox 721 3820 2327 3894">
     <span class='ocr_line' id='line_1_69' title="bbox 721 3820 2327 3894; baseline 0.008 -28"><span class='ocrx_word' id='word_1_421' title='bbox 721 3829 839 3876; x_wconf 82' lang='grc' dir='ltr'><strong>εως.</strong></span> <span class='ocrx_word' id='word_1_422' title='bbox 1814 3821 1868 3876; x_wconf 81' lang='grc'><strong>5.</strong></span> <span class='ocrx_word' id='word_1_423' title='bbox 1907 3820 1963 3875; x_wconf 91' lang='lat' dir='ltr'><strong>In</strong></span> <span class='ocrx_word' id='word_1_424' title='bbox 2003 3824 2090 3877; x_wconf 91' lang='lat' dir='ltr'><strong>die</strong></span> <span class='ocrx_word' id='word_1_425' title='bbox 2113 3823 2327 3894; x_wconf 83' lang='lat' dir='ltr'><strong>judicii.</strong></span> 
     </span>
    </p>
   </div>
   <div class='ocr_carea' id='block_1_70' title="bbox 153 3900 1759 3985">
    <p class='ocr_par' dir='ltr' id='par_1_70' title="bbox 153 3900 629 3970">
     <span class='ocr_line' id='line_1_70' title="bbox 153 3900 629 3970; baseline 0.006 -17"><span class='ocrx_word' id='word_1_426' title='bbox 153 3900 201 3954; x_wconf 74' lang='grc'><strong>4.</strong></span> <span class='ocrx_word' id='word_1_427' title='bbox 225 3902 430 3966; x_wconf 69' lang='grc' dir='ltr'><strong>Ψεῦδος</strong></span> <span class='ocrx_word' id='word_1_428' title='bbox 463 3903 629 3970; x_wconf 82' lang='grc' dir='ltr'><strong>λέγει.</strong></span> 
     </span>
    </p>
   </div>
   <div class='ocr_carea' id='block_1_71' title="bbox 884 3900 2490 3985">
    <p class='ocr_par' dir='ltr' id='par_1_71' title="bbox 1813 3911 2490 3985">
     <span class='ocr_line' id='line_1_71' title="bbox 1813 3911 2490 3985; baseline 0.006 -21"><span class='ocrx_word' id='word_1_429' title='bbox 1813 3911 1867 3965; x_wconf 73' lang='grc' dir='ltr'><strong>ι.</strong></span> <span class='ocrx_word' id='word_1_430' title='bbox 1897 3911 2260 3980; x_wconf 82' lang='lat' dir='ltr'><strong>Mendacium,</strong></span> <span class='ocrx_word' id='word_1_431' title='bbox 2295 3915 2490 3985; x_wconf 92' lang='lat' dir='ltr'><strong>inquit.</strong></span> 
     </span>
    </p>
   </div>
   <div class='ocr_carea' id='block_1_72' title="bbox 148 3990 1754 4077">
    <p class='ocr_par' dir='ltr' id='par_1_72' title="bbox 148 3990 1644 4071">
     <span class='ocr_line' id='line_1_72' title="bbox 148 3990 1644 4071; baseline 0.007 -28"><span class='ocrx_word' id='word_1_432' title='bbox 148 3990 194 4054; x_wconf 83' lang='lat'><strong>5,</strong></span> <span class='ocrx_word' id='word_1_433' title='bbox 232 3994 283 4047; x_wconf 89' lang='grc'><strong>6.</strong></span> <span class='ocrx_word' id='word_1_434' title='bbox 313 3993 388 4065; x_wconf 79' lang='grc'><strong>(4)</strong></span> <span class='ocrx_word' id='word_1_435' title='bbox 443 3996 565 4049; x_wconf 83' lang='grc' dir='ltr'><strong>’Ότι</strong></span> <span class='ocrx_word' id='word_1_436' title='bbox 591 3995 818 4068; x_wconf 77' lang='grc' dir='ltr'><strong>ὲσίγησα</strong></span> <span class='ocrx_word' id='word_1_437' title='bbox 845 3998 953 4051; x_wconf 82' lang='grc' dir='ltr'><strong>ἀπὸ</strong></span> <span class='ocrx_word' id='word_1_438' title='bbox 976 3999 1070 4052; x_wconf 74' lang='grc' dir='ltr'><strong>τοῦ</strong></span> <span class='ocrx_word' id='word_1_439' title='bbox 1105 3998 1359 4070; x_wconf 81' lang='grc' dir='ltr'><strong>εὕχεσθαί</strong></span> <span class='ocrx_word' id='word_1_440' title='bbox 1396 4017 1461 4071; x_wconf 87' lang='grc' dir='ltr'><strong>με</strong></span> <span class='ocrx_word' id='word_1_441' title='bbox 1493 3999 1644 4054; x_wconf 84' lang='grc' dir='ltr'><strong>ἀδια-</strong></span> 
     </span>
    </p>
   </div>
   <div class='ocr_carea' id='block_1_73' title="bbox 1708 3990 3314 4077">
    <p class='ocr_par' dir='ltr' id='par_1_73' title="bbox 1821 4004 3314 4077">
     <span class='ocr_line' id='line_1_73' title="bbox 1821 4004 3314 4077; baseline 0.013 -20"><span class='ocrx_word' id='word_1_442' title='bbox 1821 4004 1875 4068; x_wconf 83' lang='lat'><strong>5,</strong></span> <span class='ocrx_word' id='word_1_443' title='bbox 1917 4004 1969 4058; x_wconf 85' lang='lat'><strong>6.</strong></span> <span class='ocrx_word' id='word_1_444' title='bbox 2021 4004 2293 4071; x_wconf 84' lang='lat' dir='ltr'><strong>Quoniam</strong></span> <span class='ocrx_word' id='word_1_445' title='bbox 2353 4009 2476 4064; x_wconf 88' lang='lat' dir='ltr'><strong>silui</strong></span> <span class='ocrx_word' id='word_1_446' title='bbox 2525 4010 2795 4067; x_wconf 81' lang='lat' dir='ltr'><strong>desistens</strong></span> <span class='ocrx_word' id='word_1_447' title='bbox 2841 4013 2909 4066; x_wconf 90' lang='lat' dir='ltr'><strong>ab</strong></span> <span class='ocrx_word' id='word_1_448' title='bbox 2951 4013 3314 4077; x_wconf 82' lang='lat' dir='ltr'><strong>indesinenter</strong></span> 
     </span>
    </p>
   </div>
   <div class='ocr_carea' id='block_1_74' title="bbox 87 4075 1693 4171">
    <p class='ocr_par' dir='ltr' id='par_1_74' title="bbox 87 4075 1364 4163">
     <span class='ocr_line' id='line_1_74' title="bbox 87 4075 1364 4163; baseline 0.009 -30"><span class='ocrx_word' id='word_1_449' title='bbox 87 4075 315 4151; x_wconf 83' lang='grc' dir='ltr'><strong>λείπτως,</strong></span> <span class='ocrx_word' id='word_1_450' title='bbox 339 4089 434 4142; x_wconf 76' lang='grc' dir='ltr'><strong>καὶ</strong></span> <span class='ocrx_word' id='word_1_451' title='bbox 473 4089 776 4161; x_wconf 76' lang='grc' dir='ltr'><strong>ὴφανίσθην</strong></span> <span class='ocrx_word' id='word_1_452' title='bbox 806 4091 914 4143; x_wconf 83' lang='grc' dir='ltr'><strong>ἀπὸ</strong></span> <span class='ocrx_word' id='word_1_453' title='bbox 948 4091 1046 4162; x_wconf 79' lang='grc' dir='ltr'><strong>τῆς</strong></span> <span class='ocrx_word' id='word_1_454' title='bbox 1073 4092 1364 4163; x_wconf 80' lang='grc' dir='ltr'><strong>ἁμαρτίας.</strong></span> 
     </span>
    </p>
   </div>
   <div class='ocr_carea' id='block_1_75' title="bbox 1369 4075 2975 4171">
    <p class='ocr_par' dir='ltr' id='par_1_75' title="bbox 1748 4095 2975 4171">
     <span class='ocr_line' id='line_1_75' title="bbox 1748 4095 2975 4171; baseline 0.007 -22"><span class='ocrx_word' id='word_1_455' title='bbox 1748 4095 1977 4160; x_wconf 89' lang='lat' dir='ltr'><strong>orando,</strong></span> <span class='ocrx_word' id='word_1_456' title='bbox 2010 4096 2131 4151; x_wconf 87' lang='lat' dir='ltr'><strong>ideo</strong></span> <span class='ocrx_word' id='word_1_457' title='bbox 2149 4109 2506 4170; x_wconf 84' lang='lat' dir='ltr'><strong>consumptus</strong></span> <span class='ocrx_word' id='word_1_458' title='bbox 2529 4116 2647 4154; x_wconf 90' lang='lat' dir='ltr'><strong>sum</strong></span> <span class='ocrx_word' id='word_1_459' title='bbox 2672 4116 2702 4154; x_wconf 91' lang='lat' dir='ltr'><strong>a</strong></span> <span class='ocrx_word' id='word_1_460' title='bbox 2735 4111 2975 4171; x_wconf 88' lang='lat' dir='ltr'><strong>peccato.</strong></span> 
     </span>
    </p>
   </div>
   <div class='ocr_carea' id='block_1_76' title="bbox 153 4173 1759 4258">
    <p class='ocr_par' dir='ltr' id='par_1_76' title="bbox 153 4173 1566 4251">
     <span class='ocr_line' id='line_1_76' title="bbox 153 4173 1566 4251; baseline 0.002 -22"><span class='ocrx_word' id='word_1_461' title='bbox 153 4173 194 4225; x_wconf 86' lang='lat'><strong>7.</strong></span> <span class='ocrx_word' id='word_1_462' title='bbox 241 4176 344 4230; x_wconf 75' lang='grc' dir='ltr'><strong>Καὶ</strong></span> <span class='ocrx_word' id='word_1_463' title='bbox 370 4179 556 4232; x_wconf 80' lang='grc' dir='ltr'><strong>λοιπὸν</strong></span> <span class='ocrx_word' id='word_1_464' title='bbox 588 4180 778 4243; x_wconf 82' lang='grc' dir='ltr'><strong>νυκτὸς</strong></span> <span class='ocrx_word' id='word_1_465' title='bbox 805 4182 899 4234; x_wconf 76' lang='grc' dir='ltr'><strong>καὶ</strong></span> <span class='ocrx_word' id='word_1_466' title='bbox 945 4181 1158 4251; x_wconf 76' lang='grc' dir='ltr'><strong>ἡμέρας</strong></span> <span class='ocrx_word' id='word_1_467' title='bbox 1185 4179 1421 4251; x_wconf 74' lang='grc' dir='ltr'><strong>ὠργίζου</strong></span> <span class='ocrx_word' id='word_1_468' title='bbox 1455 4196 1566 4249; x_wconf 82' lang='grc' dir='ltr'><strong>μοι.</strong></span> 
     </span>
    </p>
   </div>
   <div class='ocr_carea' id='block_1_77' title="bbox 1509 4173 3115 4258">
    <p class='ocr_par' dir='ltr' id='par_1_77' title="bbox 1509 4185 3115 4258">
     <span class='ocr_line' id='line_1_77' title="bbox 1509 4185 3115 4258; baseline 0.012 -26"><span class='ocrx_word' id='word_1_469' title='bbox 1509 4196 1566 4235; x_wconf 71' lang='grc' dir='ltr'>κ.</span> <span class='ocrx_word' id='word_1_470' title='bbox 1821 4185 1873 4239; x_wconf 90' lang='grc'>7.</span> <span class='ocrx_word' id='word_1_471' title='bbox 1896 4187 1962 4241; x_wconf 86' lang='lat' dir='ltr'><strong>Et</strong></span> <span class='ocrx_word' id='word_1_472' title='bbox 1990 4189 2250 4258; x_wconf 87' lang='lat' dir='ltr'><strong>deinceps</strong></span> <span class='ocrx_word' id='word_1_473' title='bbox 2280 4191 2369 4244; x_wconf 92' lang='lat' dir='ltr'><strong>die</strong></span> <span class='ocrx_word' id='word_1_474' title='bbox 2401 4206 2466 4245; x_wconf 85' lang='lat' dir='ltr'><strong>ac</strong></span> <span class='ocrx_word' id='word_1_475' title='bbox 2496 4201 2654 4246; x_wconf 89' lang='lat' dir='ltr'><strong>nocte</strong></span> <span class='ocrx_word' id='word_1_476' title='bbox 2678 4193 2852 4249; x_wconf 87' lang='lat' dir='ltr'><strong>iratus</strong></span> <span class='ocrx_word' id='word_1_477' title='bbox 2874 4211 2934 4251; x_wconf 86' lang='lat' dir='ltr'><strong>es</strong></span> <span class='ocrx_word' id='word_1_478' title='bbox 2962 4196 3115 4253; x_wconf 88' lang='lat' dir='ltr'><strong>mihi.</strong></span> 
     </span>
    </p>
   </div>
   <div class='ocr_carea' id='block_1_78' title="bbox 150 4261 1756 4360">
    <p class='ocr_par' dir='ltr' id='par_1_78' title="bbox 150 4261 1732 4343">
     <span class='ocr_line' id='line_1_78' title="bbox 150 4261 1732 4343; baseline 0.006 -27"><span class='ocrx_word' id='word_1_479' title='bbox 150 4261 196 4317; x_wconf 82' lang='lat'><strong>8.</strong></span> <span class='ocrx_word' id='word_1_480' title='bbox 230 4266 563 4337; x_wconf 63' lang='grc' dir='ltr'><strong>Ἐστράφην</strong></span> <span class='ocrx_word' id='word_1_481' title='bbox 611 4272 698 4336; x_wconf 83' lang='grc' dir='ltr'><strong>εἰς</strong></span> <span class='ocrx_word' id='word_1_482' title='bbox 730 4273 1149 4340; x_wconf 59' lang='grc' dir='ltr'><strong>ταλαιπωρίαν</strong></span> <span class='ocrx_word' id='word_1_483' title='bbox 1188 4274 1267 4335; x_wconf 83' lang='grc' dir='ltr'><strong>εἰς</strong></span> <span class='ocrx_word' id='word_1_484' title='bbox 1308 4272 1406 4343; x_wconf 78' lang='grc' dir='ltr'><strong>τὴν</strong></span> <span class='ocrx_word' id='word_1_485' title='bbox 1464 4274 1643 4342; x_wconf 77' lang='grc' dir='ltr'><strong>ἀμαρ-</strong></span> <span class='ocrx_word' id='word_1_486' title='bbox 1717 4273 1732 4287; x_wconf 82' lang='grc'><strong><em>⁸</em></strong></span> 
     </span>
    </p>
   </div>
   <div class='ocr_carea' id='block_1_79' title="bbox 1706 4261 3312 4360">
    <p class='ocr_par' dir='ltr' id='par_1_79' title="bbox 1717 4273 3312 4360">
     <span class='ocr_line' id='line_1_79' title="bbox 1717 4273 3312 4360; baseline 0.01 -31"><span class='ocrx_word' id='word_1_487' title='bbox 1717 4273 1732 4287; x_wconf 79' lang='grc'><strong><em>⁸</em></strong></span> <span class='ocrx_word' id='word_1_488' title='bbox 1819 4277 1871 4330; x_wconf 89' lang='lat'><strong>8.</strong></span> <span class='ocrx_word' id='word_1_489' title='bbox 1903 4275 2194 4332; x_wconf 64' lang='lat' dir='ltr'><strong>Conversus</strong></span> <span class='ocrx_word' id='word_1_490' title='bbox 2221 4296 2334 4334; x_wconf 82' lang='lat' dir='ltr'><strong>sum</strong></span> <span class='ocrx_word' id='word_1_491' title='bbox 2361 4283 2417 4335; x_wconf 80' lang='lat' dir='ltr'><strong>in</strong></span> <span class='ocrx_word' id='word_1_492' title='bbox 2461 4298 2697 4336; x_wconf 66' lang='lat' dir='ltr'><strong>(erumna</strong></span> <span class='ocrx_word' id='word_1_493' title='bbox 2726 4301 2743 4338; x_wconf 91' lang='lat'><em>:</em></span> <span class='ocrx_word' id='word_1_494' title='bbox 2773 4285 2827 4338; x_wconf 92' lang='lat' dir='ltr'><strong>in</strong></span> <span class='ocrx_word' id='word_1_495' title='bbox 2865 4299 3105 4356; x_wconf 84' lang='lat' dir='ltr'><strong>peccato,</strong></span> <span class='ocrx_word' id='word_1_496' title='bbox 3140 4304 3170 4342; x_wconf 86' lang='lat' dir='ltr'><strong>a</strong></span> <span class='ocrx_word' id='word_1_497' title='bbox 3203 4305 3312 4360; x_wconf 89' lang='lat' dir='ltr'><strong>quo</strong></span> 
     </span>
    </p>
   </div>
   <div class='ocr_carea' id='block_1_80' title="bbox 90 4354 1696 4448">
    <p class='ocr_par' dir='ltr' id='par_1_80' title="bbox 90 4354 1641 4437">
     <span class='ocr_line' id='line_1_80' title="bbox 90 4354 1641 4437; baseline 0.008 -33"><span class='ocrx_word' id='word_1_498' title='bbox 90 4354 224 4421; x_wconf 85' lang='grc' dir='ltr'><strong>τίαν,</strong></span> <span class='ocrx_word' id='word_1_499' title='bbox 273 4358 330 4424; x_wconf 75' lang='grc' dir='ltr'><strong>ἐξ</strong></span> <span class='ocrx_word' id='word_1_500' title='bbox 385 4355 453 4432; x_wconf 80' lang='grc' dir='ltr'><strong>ἦς</strong></span> <span class='ocrx_word' id='word_1_501' title='bbox 604 4361 819 4433; x_wconf 75' lang='grc' dir='ltr'><strong>ὲρῤύσω</strong></span> <span class='ocrx_word' id='word_1_502' title='bbox 859 4379 961 4437; x_wconf 82' lang='grc' dir='ltr'><strong>με’</strong></span> <span class='ocrx_word' id='word_1_503' title='bbox 1012 4364 1105 4417; x_wconf 80' lang='grc' dir='ltr'><strong>καὶ</strong></span> <span class='ocrx_word' id='word_1_504' title='bbox 1133 4363 1499 4434; x_wconf 76' lang='grc' dir='ltr'><strong>ὲκολλήθησάν</strong></span> <span class='ocrx_word' id='word_1_505' title='bbox 1554 4381 1641 4433; x_wconf 89' lang='grc' dir='ltr'><strong>μοι</strong></span> 
     </span>
    </p>
   </div>
   <div class='ocr_carea' id='block_1_81' title="bbox 1594 4354 3200 4448">
    <p class='ocr_par' dir='ltr' id='par_1_81' title="bbox 1594 4354 3200 4448">
     <span class='ocr_line' id='line_1_81' title="bbox 1594 4354 3200 4448; baseline 0.012 -33"><span class='ocrx_word' id='word_1_506' title='bbox 1594 4381 1641 4416; x_wconf 87' lang='grc' dir='ltr'><strong>οι</strong></span> <span class='ocrx_word' id='word_1_507' title='bbox 1747 4383 1834 4423; x_wconf 90' lang='lat' dir='ltr'><strong>me</strong></span> <span class='ocrx_word' id='word_1_508' title='bbox 1858 4368 2126 4436; x_wconf 77' lang='lat' dir='ltr'><strong>liberasti,</strong></span> <span class='ocrx_word' id='word_1_509' title='bbox 2157 4379 2212 4426; x_wconf 86' lang='lat' dir='ltr'><strong>et</strong></span> <span class='ocrx_word' id='word_1_510' title='bbox 2246 4373 2624 4443; x_wconf 78' lang='lat' dir='ltr'><strong>conglutinata</strong></span> <span class='ocrx_word' id='word_1_511' title='bbox 2652 4384 2777 4430; x_wconf 89' lang='lat' dir='ltr'><strong>sunt</strong></span> <span class='ocrx_word' id='word_1_512' title='bbox 2803 4354 2934 4432; x_wconf 80' lang='lat' dir='ltr'><strong>mihi</strong></span> <span class='ocrx_word' id='word_1_513' title='bbox 2964 4389 3200 4448; x_wconf 82' lang='lat' dir='ltr'><strong>peccata.</strong></span> 
     </span>
    </p>
   </div>
   <div class='ocr_carea' id='block_1_82' title="bbox 93 4447 346 4520">
    <p class='ocr_par' dir='ltr' id='par_1_82' title="bbox 93 4447 346 4520">
     <span class='ocr_line' id='line_1_82' title="bbox 93 4447 346 4520; baseline 0.012 -17"><span class='ocrx_word' id='word_1_514' title='bbox 93 4447 346 4520; x_wconf 78' lang='grc' dir='ltr'><strong>ἁμαρτίαι.</strong></span> 
     </span>
    </p>
   </div>
   <div class='ocr_carea' id='block_1_83' title="bbox 149 4542 1755 4628">
    <p class='ocr_par' dir='ltr' id='par_1_83' title="bbox 149 4542 1642 4622">
     <span class='ocr_line' id='line_1_83' title="bbox 149 4542 1642 4622; baseline 0.017 -26"><span class='ocrx_word' id='word_1_515' title='bbox 149 4542 195 4606; x_wconf 89' lang='lat'><strong>9,</strong></span> <span class='ocrx_word' id='word_1_516' title='bbox 247 4546 326 4600; x_wconf 84' lang='grc' dir='ltr'><strong>ιι.</strong></span> <span class='ocrx_word' id='word_1_517' title='bbox 384 4542 530 4602; x_wconf 81' lang='grc' dir='ltr'><strong>Εἶπα</strong></span> <span class='ocrx_word' id='word_1_518' title='bbox 582 4549 915 4620; x_wconf 77' lang='grc' dir='ltr'><strong>ἐπιστρέψας</strong></span> <span class='ocrx_word' id='word_1_519' title='bbox 969 4552 1106 4622; x_wconf 81' lang='grc' dir='ltr'><strong>πρὸς</strong></span> <span class='ocrx_word' id='word_1_520' title='bbox 1165 4551 1246 4603; x_wconf 80' lang='grc' dir='ltr'><strong>σέ·</strong></span> <span class='ocrx_word' id='word_1_521' title='bbox 1291 4549 1642 4621; x_wconf 74' lang='grc' dir='ltr'><strong>Ἐξομολογή·</strong></span> 
     </span>
    </p>
   </div>
   <div class='ocr_carea' id='block_1_84' title="bbox 1703 4542 3309 4628">
    <p class='ocr_par' dir='ltr' id='par_1_84' title="bbox 1815 4553 3309 4628">
     <span class='ocr_line' id='line_1_84' title="bbox 1815 4553 3309 4628; baseline 0.009 -21"><span class='ocrx_word' id='word_1_522' title='bbox 1815 4553 1869 4616; x_wconf 88' lang='lat'><strong>9,</strong></span> <span class='ocrx_word' id='word_1_523' title='bbox 1906 4553 1994 4607; x_wconf 88' lang='grc'><strong>11.</strong></span> <span class='ocrx_word' id='word_1_524' title='bbox 2046 4553 2166 4610; x_wconf 83' lang='lat' dir='ltr'><strong>Dixi</strong></span> <span class='ocrx_word' id='word_1_525' title='bbox 2217 4572 2512 4614; x_wconf 85' lang='lat' dir='ltr'><strong>conversus</strong></span> <span class='ocrx_word' id='word_1_526' title='bbox 2547 4560 2610 4614; x_wconf 89' lang='lat' dir='ltr'><strong>ad</strong></span> <span class='ocrx_word' id='word_1_527' title='bbox 2658 4568 2728 4628; x_wconf 89' lang='lat' dir='ltr'><strong>te,</strong></span> <span class='ocrx_word' id='word_1_528' title='bbox 2755 4559 3066 4618; x_wconf 82' lang='lat' dir='ltr'><strong>Conﬁtebor</strong></span> <span class='ocrx_word' id='word_1_529' title='bbox 3099 4565 3194 4620; x_wconf 91' lang='lat' dir='ltr'><strong>tibi</strong></span> <span class='ocrx_word' id='word_1_530' title='bbox 3225 4566 3309 4620; x_wconf 83' lang='lat' dir='ltr'><strong>di-</strong></span> 
     </span>
    </p>
   </div>
   <div class='ocr_carea' id='block_1_85' title="bbox 96 4636 1702 4728">
    <p class='ocr_par' dir='ltr' id='par_1_85' title="bbox 96 4636 1639 4712">
     <span class='ocr_line' id='line_1_85' title="bbox 96 4636 1639 4712; baseline 0.004 -22"><span class='ocrx_word' id='word_1_531' title='bbox 96 4636 234 4703; x_wconf 75' lang='grc' dir='ltr'><strong>σομαί</strong></span> <span class='ocrx_word' id='word_1_532' title='bbox 256 4638 328 4708; x_wconf 81' lang='grc'><strong>(6)</strong></span> <span class='ocrx_word' id='word_1_533' title='bbox 358 4657 441 4695; x_wconf 91' lang='grc' dir='ltr'><strong>σοι</strong></span> <span class='ocrx_word' id='word_1_534' title='bbox 480 4641 676 4710; x_wconf 84' lang='grc' dir='ltr'><strong>λέγων·</strong></span> <span class='ocrx_word' id='word_1_535' title='bbox 730 4640 942 4710; x_wconf 79' lang='grc' dir='ltr'><strong>Πάτερ,</strong></span> <span class='ocrx_word' id='word_1_536' title='bbox 976 4642 1242 4712; x_wconf 82' lang='grc' dir='ltr'><strong>ἥμαρτον</strong></span> <span class='ocrx_word' id='word_1_537' title='bbox 1269 4645 1354 4708; x_wconf 80' lang='grc' dir='ltr'><strong>εις</strong></span> <span class='ocrx_word' id='word_1_538' title='bbox 1384 4643 1488 4696; x_wconf 76' lang='grc' dir='ltr'><strong>τὸν</strong></span> <span class='ocrx_word' id='word_1_539' title='bbox 1537 4645 1639 4696; x_wconf 85' lang='grc' dir='ltr'><strong>οὺ·-</strong></span> 
     </span>
    </p>
   </div>
   <div class='ocr_carea' id='block_1_86' title="bbox 1703 4636 3309 4728">
    <p class='ocr_par' dir='ltr' id='par_1_86' title="bbox 1745 4647 3309 4728">
     <span class='ocr_line' id='line_1_86' title="bbox 1745 4647 3309 4728; baseline 0.01 -29"><span class='ocrx_word' id='word_1_540' title='bbox 1745 4659 1876 4702; x_wconf 86' lang='lat' dir='ltr'><strong>cens</strong></span> <span class='ocrx_word' id='word_1_541' title='bbox 1903 4664 1917 4702; x_wconf 92' lang='lat'>:</span> <span class='ocrx_word' id='word_1_542' title='bbox 1949 4647 2134 4715; x_wconf 83' lang='lat' dir='ltr'><strong>Pater,</strong></span> <span class='ocrx_word' id='word_1_543' title='bbox 2158 4654 2366 4718; x_wconf 74' lang='lat' dir='ltr'><strong>peccari</strong></span> <span class='ocrx_word' id='word_1_544' title='bbox 2394 4654 2447 4706; x_wconf 82' lang='lat' dir='ltr'><strong>in</strong></span> <span class='ocrx_word' id='word_1_545' title='bbox 2475 4653 2658 4707; x_wconf 63' lang='lat' dir='ltr'><strong>malum</strong></span> <span class='ocrx_word' id='word_1_546' title='bbox 2688 4666 2738 4708; x_wconf 80' lang='lat' dir='ltr'><strong>et</strong></span> <span class='ocrx_word' id='word_1_547' title='bbox 2759 4673 2938 4710; x_wconf 86' lang='lat' dir='ltr'><strong>coram</strong></span> <span class='ocrx_word' id='word_1_548' title='bbox 2969 4667 3047 4711; x_wconf 87' lang='lat' dir='ltr'><strong>te:</strong></span> <span class='ocrx_word' id='word_1_549' title='bbox 3069 4658 3186 4728; x_wconf 85' lang='lat' dir='ltr'><strong>jam</strong></span> <span class='ocrx_word' id='word_1_550' title='bbox 3208 4676 3309 4714; x_wconf 81' lang='lat' dir='ltr'><strong>non</strong></span> 
     </span>
    </p>
   </div>
   <div class='ocr_carea' id='block_1_87' title="bbox 87 4725 1693 4813">
    <p class='ocr_par' dir='ltr' id='par_1_87' title="bbox 87 4725 1641 4802">
     <span class='ocr_line' id='line_1_87' title="bbox 87 4725 1641 4802; baseline -0.002 -14"><span class='ocrx_word' id='word_1_551' title='bbox 87 4725 272 4792; x_wconf 70' lang='grc' dir='ltr'><strong>ραν-ὸν,</strong></span> <span class='ocrx_word' id='word_1_552' title='bbox 305 4731 398 4784; x_wconf 79' lang='grc' dir='ltr'><strong>καὶ</strong></span> <span class='ocrx_word' id='word_1_553' title='bbox 427 4730 682 4785; x_wconf 82' lang='grc' dir='ltr'><strong>ἐνώπιόν</strong></span> <span class='ocrx_word' id='word_1_554' title='bbox 719 4748 855 4786; x_wconf 86' lang='grc' dir='ltr'><strong>σου·</strong></span> <span class='ocrx_word' id='word_1_555' title='bbox 883 4733 993 4786; x_wconf 85' lang='grc' dir='ltr'><strong>οὐκ</strong></span> <span class='ocrx_word' id='word_1_556' title='bbox 1034 4735 1120 4787; x_wconf 84' lang='grc' dir='ltr'><strong>ἐτι</strong></span> <span class='ocrx_word' id='word_1_557' title='bbox 1146 4734 1260 4802; x_wconf 77' lang='grc' dir='ltr'><strong>ειμι</strong></span> <span class='ocrx_word' id='word_1_558' title='bbox 1305 4733 1472 4798; x_wconf 81' lang='grc' dir='ltr'><strong>ἄξιος</strong></span> <span class='ocrx_word' id='word_1_559' title='bbox 1496 4736 1641 4802; x_wconf 72' lang='grc' dir='ltr'><strong>κλη-</strong></span> 
     </span>
    </p>
   </div>
   <div class='ocr_carea' id='block_1_88' title="bbox 1106 4725 2712 4813">
    <p class='ocr_par' dir='ltr' id='par_1_88' title="bbox 1106 4733 2712 4813">
     <span class='ocr_line' id='line_1_88' title="bbox 1106 4733 2712 4813; baseline 0.009 -26"><span class='ocrx_word' id='word_1_560' title='bbox 1106 4751 1120 4787; x_wconf 86' lang='grc' dir='ltr'><strong>ι</strong></span> <span class='ocrx_word' id='word_1_561' title='bbox 1146 4734 1260 4802; x_wconf 78' lang='grc' dir='ltr'><strong>ειμι</strong></span> <span class='ocrx_word' id='word_1_562' title='bbox 1305 4733 1472 4798; x_wconf 81' lang='grc' dir='ltr'><strong>ἄξιος</strong></span> <span class='ocrx_word' id='word_1_563' title='bbox 1496 4736 1641 4802; x_wconf 72' lang='grc' dir='ltr'><strong>κλη-</strong></span> <span class='ocrx_word' id='word_1_564' title='bbox 1745 4756 1862 4792; x_wconf 75' lang='lat' dir='ltr'><strong>sum</strong></span> <span class='ocrx_word' id='word_1_565' title='bbox 1895 4741 2088 4810; x_wconf 81' lang='lat' dir='ltr'><strong>dignus</strong></span> <span class='ocrx_word' id='word_1_566' title='bbox 2119 4745 2293 4797; x_wconf 82' lang='lat' dir='ltr'><strong>vocari</strong></span> <span class='ocrx_word' id='word_1_567' title='bbox 2334 4745 2479 4813; x_wconf 77' lang='lat' dir='ltr'><strong>[ilius</strong></span> <span class='ocrx_word' id='word_1_568' title='bbox 2505 4756 2623 4801; x_wconf 70' lang='lat' dir='ltr'><strong>tuus</strong></span> <span class='ocrx_word' id='word_1_569' title='bbox 2647 4747 2712 4802; x_wconf 83' lang='lat'><strong>&quot;.</strong></span> 
     </span>
    </p>
   </div>
   <div class='ocr_carea' id='block_1_89' title="bbox 94 4813 565 4888">
    <p class='ocr_par' dir='ltr' id='par_1_89' title="bbox 94 4813 565 4888">
     <span class='ocr_line' id='line_1_89' title="bbox 94 4813 565 4888; baseline 0.013 -19"><span class='ocrx_word' id='word_1_570' title='bbox 94 4813 243 4882; x_wconf 79' lang='grc' dir='ltr'><strong>θῆναι</strong></span> <span class='ocrx_word' id='word_1_571' title='bbox 268 4820 394 4888; x_wconf 57' lang='grc' dir='ltr'><strong>υἱός(</strong></span> <span class='ocrx_word' id='word_1_572' title='bbox 430 4840 565 4877; x_wconf 88' lang='grc' dir='ltr'><strong>σου.</strong></span> 
     </span>
    </p>
   </div>
   <div class='ocr_carea' id='block_1_90' title="bbox 155 4906 1761 4986">
    <p class='ocr_par' dir='ltr' id='par_1_90' title="bbox 155 4906 1632 4986">
     <span class='ocr_line' id='line_1_90' title="bbox 155 4906 1632 4986; baseline 0.007 -27"><span class='ocrx_word' id='word_1_573' title='bbox 155 4906 227 4962; x_wconf 69' lang='grc'><strong>12.</strong></span> <span class='ocrx_word' id='word_1_574' title='bbox 260 4913 327 4964; x_wconf 74' lang='grc' dir='ltr'><strong>Σὺ</strong></span> <span class='ocrx_word' id='word_1_575' title='bbox 349 4914 403 4967; x_wconf 83' lang='grc' dir='ltr'><strong>δὲ</strong></span> <span class='ocrx_word' id='word_1_576' title='bbox 431 4915 589 4985; x_wconf 83' lang='grc' dir='ltr'><strong>μόνον</strong></span> <span class='ocrx_word' id='word_1_577' title='bbox 618 4913 854 4979; x_wconf 83' lang='grc' dir='ltr'><strong>ἀκούσας</strong></span> <span class='ocrx_word' id='word_1_578' title='bbox 872 4914 947 4986; x_wconf 86' lang='lat'><strong>(7)</strong></span> <span class='ocrx_word' id='word_1_579' title='bbox 972 4915 1142 4968; x_wconf 78' lang='grc' dir='ltr'><strong>ταῦτα</strong></span> <span class='ocrx_word' id='word_1_580' title='bbox 1163 4914 1429 4983; x_wconf 84' lang='grc' dir='ltr'><strong>λέγοντος,</strong></span> <span class='ocrx_word' id='word_1_581' title='bbox 1456 4911 1632 4979; x_wconf 77' lang='grc' dir='ltr'><strong>εἶπας·</strong></span> 
     </span>
    </p>
   </div>
   <div class='ocr_carea' id='block_1_91' title="bbox 1676 4906 3282 4986">
    <p class='ocr_par' dir='ltr' id='par_1_91' title="bbox 1818 4919 3282 4984">
     <span class='ocr_line' id='line_1_91' title="bbox 1818 4919 3282 4984; baseline 0.008 -12"><span class='ocrx_word' id='word_1_582' title='bbox 1818 4919 1901 4974; x_wconf 75' lang='grc'><strong>12.</strong></span> <span class='ocrx_word' id='word_1_583' title='bbox 1972 4920 2051 4976; x_wconf 89' lang='lat' dir='ltr'><strong>Tu</strong></span> <span class='ocrx_word' id='word_1_584' title='bbox 2101 4933 2282 4979; x_wconf 87' lang='lat' dir='ltr'><strong>autem</strong></span> <span class='ocrx_word' id='word_1_585' title='bbox 2341 4925 2516 4981; x_wconf 91' lang='lat' dir='ltr'><strong>solum</strong></span> <span class='ocrx_word' id='word_1_586' title='bbox 2571 4928 2798 4983; x_wconf 88' lang='lat' dir='ltr'><strong>audiens</strong></span> <span class='ocrx_word' id='word_1_587' title='bbox 2860 4928 2973 4984; x_wconf 66' lang='lat' dir='ltr'><strong>haec</strong></span> <span class='ocrx_word' id='word_1_588' title='bbox 3017 4927 3282 4984; x_wconf 85' lang='lat' dir='ltr'><strong>dicentem</strong></span> 
     </span>
    </p>
   </div>
   <div class='ocr_carea' id='block_1_92' title="bbox 96 4994 1702 5090">
    <p class='ocr_par' dir='ltr' id='par_1_92' title="bbox 96 4994 1634 5077">
     <span class='ocr_line' id='line_1_92' title="bbox 96 4994 1634 5077; baseline 0.005 -25"><span class='ocrx_word' id='word_1_589' title='bbox 96 4994 256 5067; x_wconf 77' lang='grc' dir='ltr'><strong>θῦτος</strong></span> <span class='ocrx_word' id='word_1_590' title='bbox 285 5007 314 5057; x_wconf 84' lang='grc' dir='ltr'><em>ό</em></span> <span class='ocrx_word' id='word_1_591' title='bbox 340 5007 468 5072; x_wconf 72' lang='grc' dir='ltr'><strong>υἱός</strong></span> <span class='ocrx_word' id='word_1_592' title='bbox 494 5023 612 5075; x_wconf 82' lang='grc' dir='ltr'><strong>μου</strong></span> <span class='ocrx_word' id='word_1_593' title='bbox 642 5006 852 5075; x_wconf 82' lang='grc' dir='ltr'><strong>νεκρὸς</strong></span> <span class='ocrx_word' id='word_1_594' title='bbox 891 5003 990 5077; x_wconf 81' lang='grc' dir='ltr'><strong>ἦν,</strong></span> <span class='ocrx_word' id='word_1_595' title='bbox 1047 5007 1145 5060; x_wconf 79' lang='grc' dir='ltr'><strong>καὶ</strong></span> <span class='ocrx_word' id='word_1_596' title='bbox 1177 5005 1486 5075; x_wconf 69' lang='grc' dir='ltr'><strong>ἁνέζὴσεν·</strong></span> <span class='ocrx_word' id='word_1_597' title='bbox 1522 5009 1634 5062; x_wconf 80' lang='grc' dir='ltr'><strong>ἀπ-</strong></span> 
     </span>
    </p>
   </div>
   <div class='ocr_carea' id='block_1_93' title="bbox 1701 4994 3307 5090">
    <p class='ocr_par' dir='ltr' id='par_1_93' title="bbox 1743 5013 3307 5090">
     <span class='ocr_line' id='line_1_93' title="bbox 1743 5013 3307 5090; baseline 0.007 -25"><span class='ocrx_word' id='word_1_598' title='bbox 1743 5013 1925 5069; x_wconf 75' lang='lat' dir='ltr'><strong>dixisti</strong></span> <span class='ocrx_word' id='word_1_599' title='bbox 1953 5034 1965 5069; x_wconf 89' lang='lat'><strong>:</strong></span> <span class='ocrx_word' id='word_1_600' title='bbox 2003 5014 2104 5069; x_wconf 83' lang='lat' dir='ltr'><strong>llic</strong></span> <span class='ocrx_word' id='word_1_601' title='bbox 2134 5017 2278 5086; x_wconf 73' lang='lat' dir='ltr'><strong>ﬁlius</strong></span> <span class='ocrx_word' id='word_1_602' title='bbox 2306 5035 2447 5073; x_wconf 75' lang='lat' dir='ltr'><strong>meus</strong></span> <span class='ocrx_word' id='word_1_603' title='bbox 2471 5029 2707 5074; x_wconf 74' lang='lat' dir='ltr'><strong>mortuus</strong></span> <span class='ocrx_word' id='word_1_604' title='bbox 2732 5029 2844 5074; x_wconf 83' lang='lat' dir='ltr'><strong>erat</strong></span> <span class='ocrx_word' id='word_1_605' title='bbox 2870 5031 2916 5075; x_wconf 84' lang='lat' dir='ltr'><strong>et</strong></span> <span class='ocrx_word' id='word_1_606' title='bbox 2949 5021 3161 5086; x_wconf 75' lang='lat' dir='ltr'><strong>revixit;</strong></span> <span class='ocrx_word' id='word_1_607' title='bbox 3190 5037 3307 5090; x_wconf 84' lang='lat' dir='ltr'><strong>per-</strong></span> 
     </span>
    </p>
   </div>
   <div class='ocr_carea' id='block_1_94' title="bbox 97 5090 1703 5167">
    <p class='ocr_par' dir='ltr' id='par_1_94' title="bbox 97 5090 1703 5166">
     <span class='ocr_line' id='line_1_94' title="bbox 97 5090 1703 5166; baseline 0.019 -27"><span class='ocrx_word' id='word_1_608' title='bbox 97 5090 302 5159; x_wconf 72' lang='grc' dir='ltr'><strong>ολωλὼς</strong></span> <span class='ocrx_word' id='word_1_609' title='bbox 325 5094 419 5166; x_wconf 86' lang='grc' dir='ltr'><strong>ἦν,</strong></span> <span class='ocrx_word' id='word_1_610' title='bbox 455 5098 551 5151; x_wconf 79' lang='grc' dir='ltr'><strong>καὶ</strong></span> <span class='ocrx_word' id='word_1_611' title='bbox 580 5096 816 5164; x_wconf 83' lang='grc' dir='ltr'><strong>εὑρέθη.</strong></span> <span class='ocrx_word' id='word_1_612' title='bbox 1673 5103 1703 5158; x_wconf 74' lang='grc' dir='ltr'>ῑ</span> 
     </span>
    </p>
   </div>
   <div class='ocr_carea' id='block_1_95' title="bbox 825 5090 2431 5167">
    <p class='ocr_par' dir='ltr' id='par_1_95' title="bbox 1673 5103 2431 5167">
     <span class='ocr_line' id='line_1_95' title="bbox 1673 5103 2431 5167; baseline 0.009 -9"><span class='ocrx_word' id='word_1_613' title='bbox 1673 5103 1717 5158; x_wconf 89' lang='lat' dir='ltr'><strong>D</strong></span> <span class='ocrx_word' id='word_1_614' title='bbox 1747 5103 1902 5167; x_wconf 77' lang='lat' dir='ltr'><strong>ierat,</strong></span> <span class='ocrx_word' id='word_1_615' title='bbox 1934 5116 1982 5158; x_wconf 82' lang='lat' dir='ltr'><strong>et</strong></span> <span class='ocrx_word' id='word_1_616' title='bbox 2007 5107 2244 5164; x_wconf 76' lang='lat' dir='ltr'><strong>inventus</strong></span> <span class='ocrx_word' id='word_1_617' title='bbox 2265 5122 2344 5164; x_wconf 75' lang='lat' dir='ltr'><strong>est</strong></span> <span class='ocrx_word' id='word_1_618' title='bbox 2365 5111 2431 5165; x_wconf 66' lang='grc'><strong>⁸⁵.</strong></span> 
     </span>
    </p>
   </div>
   <div class='ocr_carea' id='block_1_96' title="bbox 157 5177 1763 5276">
    <p class='ocr_par' dir='ltr' id='par_1_96' title="bbox 157 5177 1640 5276">
     <span class='ocr_line' id='line_1_96' title="bbox 157 5177 1640 5276; baseline 0.002 -42"><span class='ocrx_word' id='word_1_619' title='bbox 157 5177 240 5276; x_wconf 51' lang='lat' dir='ltr'><strong>ﬁt;</strong></span> <span class='ocrx_word' id='word_1_620' title='bbox 274 5184 376 5238; x_wconf 79' lang='grc' dir='ltr'><strong>Καὶ</strong></span> <span class='ocrx_word' id='word_1_621' title='bbox 428 5186 612 5239; x_wconf 85' lang='grc' dir='ltr'><strong>λοιπὸν</strong></span> <span class='ocrx_word' id='word_1_622' title='bbox 660 5184 861 5249; x_wconf 78' lang='grc' dir='ltr'><strong>πάντες</strong></span> <span class='ocrx_word' id='word_1_623' title='bbox 903 5186 952 5238; x_wconf 90' lang='grc' dir='ltr'><strong>οί</strong></span> <span class='ocrx_word' id='word_1_624' title='bbox 993 5184 1213 5254; x_wconf 75' lang='grc' dir='ltr'><strong>ἄγγελοί</strong></span> <span class='ocrx_word' id='word_1_625' title='bbox 1269 5201 1362 5238; x_wconf 86' lang='grc' dir='ltr'><strong>σου</strong></span> <span class='ocrx_word' id='word_1_626' title='bbox 1424 5183 1640 5257; x_wconf 86' lang='grc' dir='ltr'><strong>χαίρον-</strong></span> 
     </span>
    </p>
   </div>
   <div class='ocr_carea' id='block_1_97' title="bbox 1703 5177 3309 5276">
    <p class='ocr_par' dir='ltr' id='par_1_97' title="bbox 1816 5194 3309 5276">
     <span class='ocr_line' id='line_1_97' title="bbox 1816 5194 3309 5276; baseline 0.011 -30"><span class='ocrx_word' id='word_1_627' title='bbox 1816 5194 1884 5248; x_wconf 77' lang='grc'>13</span> <span class='ocrx_word' id='word_1_628' title='bbox 1957 5196 2023 5252; x_wconf 86' lang='grc' dir='ltr'><strong>Ει</strong></span> <span class='ocrx_word' id='word_1_629' title='bbox 2067 5200 2292 5269; x_wconf 87' lang='lat' dir='ltr'><strong>proinde</strong></span> <span class='ocrx_word' id='word_1_630' title='bbox 2337 5218 2528 5260; x_wconf 89' lang='lat' dir='ltr'><strong>omnes</strong></span> <span class='ocrx_word' id='word_1_631' title='bbox 2577 5205 2752 5276; x_wconf 73' lang='lat' dir='ltr'><strong>angeli</strong></span> <span class='ocrx_word' id='word_1_632' title='bbox 2797 5205 2872 5260; x_wconf 91' lang='lat' dir='ltr'><strong>tui</strong></span> <span class='ocrx_word' id='word_1_633' title='bbox 2917 5205 3215 5275; x_wconf 76' lang='lat' dir='ltr'><strong>gaudentes</strong></span> <span class='ocrx_word' id='word_1_634' title='bbox 3260 5217 3309 5262; x_wconf 86' lang='lat' dir='ltr'><strong>te</strong></span> 
     </span>
    </p>
   </div>
   <div class='ocr_carea' id='block_1_98' title="bbox 100 5266 1706 5364">
    <p class='ocr_par' dir='ltr' id='par_1_98' title="bbox 100 5266 904 5344">
     <span class='ocr_line' id='line_1_98' title="bbox 100 5266 904 5344; baseline 0.016 -29"><span class='ocrx_word' id='word_1_635' title='bbox 100 5274 174 5324; x_wconf 77' lang='grc' dir='ltr'><strong>τες</strong></span> <span class='ocrx_word' id='word_1_636' title='bbox 195 5266 259 5338; x_wconf 78' lang='grc'><strong>(8)</strong></span> <span class='ocrx_word' id='word_1_637' title='bbox 306 5272 560 5338; x_wconf 71' lang='grc' dir='ltr'><strong>ἐδόξασαν</strong></span> <span class='ocrx_word' id='word_1_638' title='bbox 590 5290 648 5326; x_wconf 85' lang='grc' dir='ltr'><strong>σε</strong></span> <span class='ocrx_word' id='word_1_639' title='bbox 681 5272 748 5325; x_wconf 85' lang='grc' dir='ltr'><strong>δι’</strong></span> <span class='ocrx_word' id='word_1_640' title='bbox 783 5274 904 5344; x_wconf 86' lang='grc' dir='ltr'><strong>ὲμέ.</strong></span> 
     </span>
    </p>
   </div>
   <div class='ocr_carea' id='block_1_99' title="bbox 943 5266 2549 5364">
    <p class='ocr_par' dir='ltr' id='par_1_99' title="bbox 1747 5283 2549 5364">
     <span class='ocr_line' id='line_1_99' title="bbox 1747 5283 2549 5364; baseline 0.019 -29"><span class='ocrx_word' id='word_1_641' title='bbox 1747 5283 2182 5354; x_wconf 72' lang='lat' dir='ltr'><strong>gloriﬁcaverunt</strong></span> <span class='ocrx_word' id='word_1_642' title='bbox 2206 5306 2422 5364; x_wconf 89' lang='lat' dir='ltr'><strong>propter</strong></span> <span class='ocrx_word' id='word_1_643' title='bbox 2446 5311 2549 5350; x_wconf 89' lang='lat' dir='ltr'><strong>me.</strong></span> 
     </span>
    </p>
   </div>
   <div class='ocr_carea' id='block_1_100' title="bbox 157 5357 990 5436">
    <p class='ocr_par' dir='ltr' id='par_1_100' title="bbox 157 5357 990 5436">
     <span class='ocr_line' id='line_1_100' title="bbox 157 5357 990 5436; baseline 0.012 -23"><span class='ocrx_word' id='word_1_644' title='bbox 157 5357 196 5389; x_wconf 83' lang='lat'><strong>&quot;</strong></span> <span class='ocrx_word' id='word_1_645' title='bbox 222 5359 340 5423; x_wconf 85' lang='lat' dir='ltr'><strong>Luc.</strong></span> <span class='ocrx_word' id='word_1_646' title='bbox 365 5385 454 5436; x_wconf 84' lang='lat' dir='ltr'><strong>xv,</strong></span> <span class='ocrx_word' id='word_1_647' title='bbox 486 5367 575 5421; x_wconf 76' lang='grc'><strong>21.</strong></span> <span class='ocrx_word' id='word_1_648' title='bbox 649 5368 694 5399; x_wconf 87' lang='grc'><strong>³¹</strong></span> <span class='ocrx_word' id='word_1_649' title='bbox 733 5365 866 5422; x_wconf 88' lang='lat' dir='ltr'><strong>ibid.</strong></span> <span class='ocrx_word' id='word_1_650' title='bbox 900 5367 990 5424; x_wconf 77' lang='lat'><strong>32.</strong></span> 
     </span>
    </p>
   </div>
   <div class='ocr_carea' id='block_1_101' title="bbox 1006 5459 2362 5540">
    <p class='ocr_par' dir='ltr' id='par_1_101' title="bbox 1006 5459 2362 5540">
     <span class='ocr_line' id='line_1_101' title="bbox 1006 5459 2362 5540; baseline 0.013 -19"><span class='ocrx_word' id='word_1_651' title='bbox 1006 5459 1317 5522; x_wconf 85' lang='lat' dir='ltr'><strong>Addenda</strong></span> <span class='ocrx_word' id='word_1_652' title='bbox 1355 5466 1417 5520; x_wconf 88' lang='lat' dir='ltr'><strong>et</strong></span> <span class='ocrx_word' id='word_1_653' title='bbox 1465 5459 1839 5540; x_wconf 82' lang='lat' dir='ltr'><strong>corrigenda</strong></span> <span class='ocrx_word' id='word_1_654' title='bbox 1874 5490 1951 5533; x_wconf 80' lang='lat' dir='ltr'><strong>ex</strong></span> <span class='ocrx_word' id='word_1_655' title='bbox 1983 5476 2124 5536; x_wconf 77' lang='lat' dir='ltr'><strong>cod.</strong></span> <span class='ocrx_word' id='word_1_656' title='bbox 2160 5475 2362 5538; x_wconf 76' lang='lat' dir='ltr'><strong>Vatic.</strong></span> 
     </span>
    </p>
   </div>
   <div class='ocr_carea' id='block_1_102' title="bbox 160 5551 3166 5652">
    <p class='ocr_par' dir='ltr' id='par_1_102' title="bbox 160 5551 3166 5652">
     <span class='ocr_line' id='line_1_102' title="bbox 160 5551 3166 5652; baseline 0.004 -23"><span class='ocrx_word' id='word_1_657' title='bbox 255 5557 672 5652; x_wconf 43' lang='lat' dir='ltr'><strong>IEQ-‘Jéi’iwavs</strong></span> <span class='ocrx_word' id='word_1_658' title='bbox 978 5649 1037 5652; x_wconf 89' lang='lat'><strong>__</strong></span> <span class='ocrx_word' id='word_1_659' title='bbox 1058 5649 1073 5652; x_wconf 95' lang='lat'>_</span> <span class='ocrx_word' id='word_1_660' title='bbox 1803 5569 1880 5652; x_wconf 58' lang='grc' dir='ltr'><strong>(ἐξ)</strong></span> <span class='ocrx_word' id='word_1_661' title='bbox 1908 5572 2026 5652; x_wconf 60' lang='grc' dir='ltr'><strong>Ῥει</strong></span> <span class='ocrx_word' id='word_1_662' title='bbox 2055 5575 2331 5652; x_wconf 59' lang='grc' dir='ltr'><strong>ἐστράφην</strong></span> <span class='ocrx_word' id='word_1_663' title='bbox 2354 5578 2433 5638; x_wconf 85' lang='grc' dir='ltr'><strong>εἰς</strong></span> <span class='ocrx_word' id='word_1_664' title='bbox 2465 5576 2560 5647; x_wconf 76' lang='grc' dir='ltr'><strong>τὴν</strong></span> <span class='ocrx_word' id='word_1_665' title='bbox 2586 5578 2834 5651; x_wconf 79' lang='grc' dir='ltr'><strong>ἀνομίαν.</strong></span> <span class='ocrx_word' id='word_1_666' title='bbox 2861 5575 2918 5646; x_wconf 69' lang='grc' dir='ltr'><strong>ἐξ</strong></span> <span class='ocrx_word' id='word_1_667' title='bbox 2941 5571 3030 5652; x_wconf 74' lang='grc' dir='ltr'><strong>ἧς.</strong></span> <span class='ocrx_word' id='word_1_668' title='bbox 3061 5581 3166 5632; x_wconf 68' lang='lat' dir='ltr'><strong>etc-</strong></span> 
     </span>
    </p>
   </div>
   <div class='ocr_carea' id='block_1_103' title="bbox 159 5622 2469 5717">
    <p class='ocr_par' dir='ltr' id='par_1_103' title="bbox 159 5622 2469 5717">
     <span class='ocr_line' id='line_1_103' title="bbox 159 5622 2469 5717; baseline 0.006 -33"><span class='ocrx_word' id='word_1_669' title='bbox 447 5637 546 5704; x_wconf 82' lang='grc' dir='ltr'><strong>τῆς</strong></span> <span class='ocrx_word' id='word_1_670' title='bbox 577 5631 944 5703; x_wconf 76' lang='grc' dir='ltr'><strong>κινναϐάρεως</strong></span> <span class='ocrx_word' id='word_1_671' title='bbox 975 5631 1236 5702; x_wconf 79' lang='grc' dir='ltr'><strong>περιέχει.</strong></span> 
     </span>
    </p>
   </div>
   <div class='ocr_carea' id='block_1_104' title="bbox 163 5695 2205 5779">
    <p class='ocr_par' dir='ltr' id='par_1_104' title="bbox 163 5695 2205 5779">
     <span class='ocr_line' id='line_1_104' title="bbox 163 5695 2205 5779; baseline 0 0"><span class='ocrx_word' id='word_1_672' title='bbox 163 5695 425 5779; x_wconf 58' lang='grc' dir='ltr'><strong>(ἕὲἓίείν-.</strong></span> <span class='ocrx_word' id='word_1_673' title='bbox 489 5695 637 5779; x_wconf 65' lang='grc' dir='ltr'><strong>ζ’</strong></span> <span class='ocrx_word' id='word_1_674' title='bbox 808 5695 818 5703; x_wconf 86' lang='grc'><em>’</em></span> <span class='ocrx_word' id='word_1_675' title='bbox 936 5775 943 5779; x_wconf 84' lang='grc'><strong><em>,</em></strong></span> <span class='ocrx_word' id='word_1_676' title='bbox 1034 5695 1062 5779; x_wconf 84' lang='grc'><strong>-’</strong></span> <span class='ocrx_word' id='word_1_677' title='bbox 1387 5771 1401 5779; x_wconf 93' lang='grc'>.</span> <span class='ocrx_word' id='word_1_678' title='bbox 1476 5768 1489 5779; x_wconf 94' lang='grc'>.</span> <span class='ocrx_word' id='word_1_679' title='bbox 1590 5769 1599 5779; x_wconf 94' lang='grc'>.</span> <span class='ocrx_word' id='word_1_680' title='bbox 1806 5695 1881 5779; x_wconf 70' lang='grc' dir='ltr'><strong>ιη</strong></span> <span class='ocrx_word' id='word_1_681' title='bbox 1915 5695 2205 5779; x_wconf 46' lang='lat' dir='ltr'><strong>&quot;uid-3&amp;1;</strong></span> 
     </span>
    </p>
   </div>
   <div class='ocr_carea' id='block_1_105' title="bbox 109 5761 1715 5894">
    <p class='ocr_par' dir='ltr' id='par_1_105' title="bbox 109 5761 1626 5894">
     <span class='ocr_line' id='line_1_105' title="bbox 114 5761 1626 5843; baseline 0.017 -28"><span class='ocrx_word' id='word_1_682' title='bbox 114 5823 128 5843; x_wconf 56' lang='lat'><strong>’</strong></span> <span class='ocrx_word' id='word_1_683' title='bbox 164 5761 364 5834; x_wconf 53' lang='lat' dir='ltr'><strong>(DNS,</strong></span> <span class='ocrx_word' id='word_1_684' title='bbox 397 5776 448 5841; x_wconf 59' lang='grc' dir='ltr'><strong>ι),</strong></span> <span class='ocrx_word' id='word_1_685' title='bbox 489 5774 538 5826; x_wconf 84' lang='lat'><strong>7.</strong></span> <span class='ocrx_word' id='word_1_686' title='bbox 580 5774 721 5829; x_wconf 77' lang='grc' dir='ltr'><strong>Ὅτι.</strong></span> <span class='ocrx_word' id='word_1_687' title='bbox 749 5812 804 5827; x_wconf 92' lang='grc'>..</span> <span class='ocrx_word' id='word_1_688' title='bbox 847 5775 977 5826; x_wconf 71' lang='grc' dir='ltr'><strong>καῖο</strong></span> <span class='ocrx_word' id='word_1_689' title='bbox 1017 5772 1178 5840; x_wconf 63' lang='grc' dir='ltr'><strong>ἀρθεὶς</strong></span> <span class='ocrx_word' id='word_1_690' title='bbox 1208 5770 1260 5826; x_wconf 78' lang='lat' dir='ltr'><strong>in</strong></span> <span class='ocrx_word' id='word_1_691' title='bbox 1309 5771 1422 5828; x_wconf 78' lang='lat' dir='ltr'><strong>cod.</strong></span> <span class='ocrx_word' id='word_1_692' title='bbox 1463 5768 1626 5842; x_wconf 50' lang='lat' dir='ltr'><strong>d’f’i&#39;i‘</strong></span> 
     </span>
     <span class='ocr_line' id='line_1_106' title="bbox 109 5846 303 5894; baseline -0.005 -6"><span class='ocrx_word' id='word_1_693' title='bbox 109 5846 182 5888; x_wconf 53' lang='grc' dir='ltr'><strong>μ’)</strong></span> <span class='ocrx_word' id='word_1_694' title='bbox 210 5851 303 5894; x_wconf 74' lang='grc' dir='ltr'><strong>μοι.</strong></span> 
     </span>
    </p>
   </div>
   <div class='ocr_carea' id='block_1_106' title="bbox 1002 5761 2608 5894">
    <p class='ocr_par' dir='ltr' id='par_1_106' title="bbox 1017 5761 2608 5861">
     <span class='ocr_line' id='line_1_107' title="bbox 1017 5761 2608 5861; baseline 0.008 -32"><span class='ocrx_word' id='word_1_695' title='bbox 1017 5772 1178 5840; x_wconf 52' lang='lat' dir='ltr'><strong>deest:</strong></span> <span class='ocrx_word' id='word_1_696' title='bbox 1208 5770 1260 5826; x_wconf 81' lang='lat' dir='ltr'><strong>in</strong></span> <span class='ocrx_word' id='word_1_697' title='bbox 1309 5771 1422 5828; x_wconf 85' lang='lat' dir='ltr'><strong>cod.</strong></span> <span class='ocrx_word' id='word_1_698' title='bbox 1463 5768 1626 5842; x_wconf 71' lang='grc' dir='ltr'><strong>ὡργὶ·</strong></span> <span class='ocrx_word' id='word_1_699' title='bbox 1929 5761 2608 5861; x_wconf 27' lang='lat' dir='ltr'><strong>alii};sunaipo‘neg.</strong></span> 
     </span>
    </p>
   </div>
  </div>
