4084 6322
748 367 858 423 785
1600 368 1657 424 S.
1699 366 2069 423 ATHANASII
2098 369 2249 425 OPP.
2292 370 2469 425 PARS
2510 370 2602 426 lll.
2636 399 2701 411 -—
2741 363 3148 424 EXEGETICA.
3877 359 3947 411 76$

821 484 907 538 14.
943 482 1329 539 Verumtamen
1368 484 1422 538 in
1452 484 1658 538 diluvio
1707 502 1972 555 aquarum
2008 487 2300 541 multarum
2332 492 2378 547 Α

2334 492 2378 547 Α
2478 485 2561 538 14.
2590 483 2736 553 Πλὴν
2791 484 2849 533 tv
2904 473 3268 548 κατακλυσμῷ
3310 473 3516 527 ὑδάτων
3580 470 3813 533 πολλῶν,
3851 470 3947 539 πρξς

748 576 815 630 ad
841 591 964 631 eum
995 592 1104 630 non
1133 576 1607 645 approximabunt.

1371 577 1607 631 mabunt.
2406 577 2565 630 αὑτὸν
2600 576 2699 627 οὐκ
2724 571 2984 641 ὲγγιοῦσι.

818 667 906 723 15.
941 666 1021 721 Tu
1074 683 1251 721 meum
1300 683 1359 723 es
1405 668 1729 739 refugiuma
1770 670 2136 737 tribulatione,
2186 686 2305 740 quae

2480 668 2543 721 15
2589 667 2657 719 Σύ
2684 684 2783 737 μου
2813 662 2864 719 εἷ
2886 664 3170 735 καταφυγὴ
3203 661 3307 715 ἀπὸ
3332 660 3560 730 θλίψεως
3586 659 3684 728 τῆς
3708 657 3947 729 περιεχού-

744 757 1105 814 circumdedit
1136 773 1240 811 me.

1013 758 1105 811 :dit
1136 773 1240 811 me.
2408 776 2504 829 σης
2540 775 2626 828 με.

818 849 906 903 16.
931 848 1231 905 Exsultatio
1260 865 1401 914 mea,
1448 866 1579 907 erue
1630 868 1716 907 me
1761 868 1790 907 a
1837 853 2305 908 circumdantibus

2480 851 2543 904 16
2626 849 2699 902 Τὸ
2749 848 3057 919 ἁγαλλίαμά
3108 864 3231 918 μου,
3276 844 3548 916 λύτρωσαί
3606 860 3674 914 με
3736 842 3843 895 ἀπὸ
3868 840 3945 892 τῶν

748 956 853 994 me.
2404 942 2798 996 κυκλωσάντων
2837 957 2923 1010 με,

817 1029 903 1083 17.
936 1027 1276 1085 Intellectum
1327 1032 1426 1086 tibi
1460 1032 1622 1096 dabo,
1654 1042 1707 1087 et
1754 1033 2019 1089 instruam
2053 1034 2183 1090 tein
2217 1034 2301 1088 via

2476 1036 2562 1088 17.
2597 1032 2830 1086 Συνετιῶ
2884 1049 2965 1096 σε,
3000 1032 3094 1085 καὶ
3124 1027 3371 1101 ωμὸιὸῶ
3401 1044 3459 1080 σε
3486 1029 3541 1080 tv
3580 1025 3690 1097 ὁδῷ
3722 1018 3942 1095 animi]

746 1118 867 1184 bac,
902 1136 1007 1190 qua
1038 1122 1308 1191 gradieris
1335 1140 1348 1175 :

1049 1122 1308 1191 gradieris
1335 1140 1348 1175 :
2405 1127 2662 1199 πορεύσῃ·

817 1212 905 1265 18.
940 1212 1198 1268 Firmabo
1228 1229 1394 1283 super
1430 1222 1481 1269 te
1510 1215 1697 1269 oculos
1723 1231 1893 1270 meos.

2476 1218 2563 1273 18.
2615 1216 2947 1287 Ἐπιστηριῶ
2970 1215 3063 1269 ἐπὶ
3094 1215 3153 1268 σὲ
3172 1213 3297 1277 τοὺς
3318 1210 3629 1281 ὀφθαλμούς
3657 1227 3781 1280 μου.

813 1300 899 1355 19.
933 1300 1109 1358 Nolite
1139 1304 1255 1358 fieri
1288 1304 1431 1359 sicut
1458 1318 1632 1373 equus
1663 1312 1717 1358 et
1743 1306 1944 1371 mulus,
1969 1304 2168 1374 quibus
2196 1318 2301 1358 non

2474 1311 2560 1365 19.
2586 1310 2677 1382 Μὴ
2700 1308 2911 1377 γίνεσθε
2938 1307 3013 1373 ὡς
3036 1308 3200 1370 ἵππος
3241 1305 3334 1359 καὶ
3361 1304 3603 1375 ἡμίονος,
3631 1297 3714 1366 οἷς
3742 1303 3838 1355 οὐκ
3858 1301 3942 1352 ἔστι

741 1400 825 1447 est
857 1394 1182 1450 intellectus.

1025 1407 1182 1450 ictus.
2406 1402 2638 1466 σύνεσις.

816 1482 908 1536 20.
942 1482 999 1538 ln
1036 1501 1194 1541 camo
1226 1498 1279 1543 et
1303 1489 1457 1547 freno
1487 1490 1738 1547 maxillas
1772 1506 1962 1545 eorum
1993 1488 2304 1558 constringe

2471 1494 2562 1547 20.
2618 1494 2704 1546 ’Ev
2732 1511 2801 1564 κη
2811 1490 2895 1563 μῷ
2922 1490 3015 1545 καὶ
3044 1488 3243 1561 χαλινῷ
3265 1487 3364 1551 τὰς
3398 1486 3653 1555 σιαγόνας
3673 1485 3848 1539 αὐτῶν
3871 1485 3943 1551 ἄγα

746 1571 1153 1649 [constringes],

2406 1585 2522 1652 ξαις
2551 1587 2754 1659 [ἁγξαι,
2791 1587 2845 1640 in
2881 1600 3051 1653 marg.
3084 1583 3205 1637 eod.
3239 1580 3465 1652 ἁγξεις].

814 1666 901 1721 21.
930 1668 1033 1735 Qui
1062 1686 1168 1725 non
1199 1671 1577 1740 approximant
1611 1671 1678 1725 ad
1717 1679 1789 1727 te.

2473 1678 2559 1731 2!.
2586 1678 2706 1729 Τῶν
2737 1676 2810 1747 μὴ
2831 1674 3159 1744 ἐγγιζόντων
3182 1672 3316 1743 πρὸς
3340 1670 3418 1724 σέ.

811 1759 904 1817 22.
940 1760 1106 1815 Multa
1141 1762 1351 1833 ﬂagella
1382 1764 1721 1833 peccatoris:

2472 1770 2561 1824 22.
2599 1768 2794 1821 Πολλαὶ
2817 1770 2871 1820 al
2901 1766 3160 1837 μάστιγες
3202 1762 3295 1817 τοῦ
3346 1761 3692 1833 ἁμαρτωλοῦ·

816 1849 907 1903 23.
940 1849 1259 1920 Sperantem
1307 1863 1489 1909 autem
1546 1856 1600 1909 in
1650 1853 1884 1910 Domino
1930 1850 2302 1909 misericordia
2334 1837 2376 1892 Β

2287 1866 2302 1905 ι
2334 1837 2376 1892 Β
2472 1859 2563 1914 25.
2591 1859 2695 1912 Τὸν
2718 1858 2774 1912 δὲ
2801 1856 3087 1920 ἐλπίζοντα
3116 1855 3209 1908 ἐπὶ
3229 1854 3432 1925 Κύριον
3458 1853 3604 1930 ἔλεος
3631 1851 3900 1905 κυκλώσει.

744 1940 1124 1998 circumdabit.

818 2038 906 2092 24.
936 2038 1219 2093 Laetamini
1249 2039 1306 2093 in
1336 2036 1591 2104 Domino,
1619 2045 1674 2093 et
1703 2037 1995 2106 exsultate,
2018 2037 2152 2109 justi
2177 2054 2193 2105 ;

2472 2036 2561 2090 24.
2620 2034 2971 2106 Εὐφράνθητε
3037 2034 3131 2087 ἐπὶ
3189 2033 3428 2097 Κύριον.
3485 2031 3580 2083 καὶ
3626 2025 3946 2095 ἀγαλλιᾶσθε,

2439 2132 2596 2169 {vanu
2619 2147 2635 2163 ο

2403 2131 2417 2184 ί

804 2220 895 2275 25.
930 2218 995 2275 Et
1017 2219 1348 2291 gloriamini,
1381 2235 1573 2276 omnes
1599 2220 1730 2276 recti
1762 2220 1948 2276 corde.

2439 2132 2452 2183 ί
2495 2148 2600 2183 αιοι
2619 2147 2635 2163 ο

2403 2131 2431 2184 δ
2596 2222 2707 2274 Καὶ
2736 2218 3033 2289 καυχᾶσθε,
3062 2218 3262 2280 πάντες
3286 2215 3337 2268 οἱ
3365 2214 3543 2277 εὖθεῖς
3564 2216 3630 2284 τῇ
3652 2212 3861 2282 καρδία.

790 2330 1041 2386 Ρεαίηιιιε
1072 2331 1261 2388 David.
1291 2332 1417 2387 Sine
1445 2334 1783 2403 inscriptione
1808 2334 1949 2404 apud
1980 2330 2251 2388 Hebraea.

2412 2334 2657 2406 Ψαλμός
2688 2333 2764 2399 τῷ
2792 2331 2985 2388 Δαϐἰδ.
3023 2330 3450 2399 Ἀνεπίγραφος
3494 2328 3631 2395 παρ’
3678 2321 3944 2391 Ἑϐραίοις.

1290 2422 1499 2478 PSAL.
1533 2421 1783 2477 XXXII.

1735 2422 1783 2477 Ι.
3013 2424 3185 2476 ΨΑΛ.
3216 2424 3346 2475 AB’.

814 2512 866 2565 1.
899 2511 1200 2580 Exsultate,
1224 2514 1380 2585 justi,
1413 2516 1466 2570 in
1496 2515 1761 2571 Domino:

2478 2519 2528 2573 1.
2566 2516 2940 2586 Ἀγαλλιᾶσθε,
2970 2516 3188 2581 δίκαιοι,
3222 2516 3280 2567 tv
3312 2512 3517 2584 Κυρίῳ·

812 2604 849 2657 2
900 2605 1097 2662 Reetos
1126 2608 1281 2663 decet
1305 2610 1652 2666 eollaudatio.

2477 2611 2532 2664 2.
2562 2610 2685 2673 Τοῖς
2718 2610 2897 2663 εύθέσι
2934 2609 3131 2679 πρέπει
3162 2608 3384 2669 αίνεσις.

814 2698 867 2751 5.
897 2698 1244 2756 Conlitemini
1274 2701 1505 2757 Domino
1532 2702 1584 2757 in
1615 2703 1823 2759 citbara
1848 2742 1864 2757 .

2479 2700 2531 2756 5.
2581 2699 3015 2771 Ἐξομολογεῖσθε
3039 2696 3115 2769 τῷ
3141 2696 3328 2769 Κυρίῳ
3356 2697 3414 2750 tv
3435 2695 3656 2765 κιθάρᾳ·

1863 2818 2245 2877 ATHANASII
2282 2818 2861 2876 INTERPRETATIO.

822 2932 911 2989 14.
947 2932 1230 3005 Lacrymis
1251 2933 1367 2988 suis
1394 2932 1642 2989 delentur
1670 2943 1891 3004 peccata
1925 2950 2047 2989 sua.

2476 2935 2563 2990 14.
2634 2934 2734 2987 Διὰ
2790 2934 2897 2987 τῶν
2950 2931 3199 3005 δακρύων
3256 2930 3421 2985 αὑτοῦ
3488 2929 3852 2999 ὲξαλείφονται
3904 2925 3947 2977 al

2600 3030 2672 3080 ίαι
2698 3027 2883 3080 αὐτοῦ.

2411 3032 2428 3083 ἐ

815 3115 903 3171 15.
936 3114 1061 3171 llaec
1089 3115 1289 3172 clamat
1312 3130 1370 3170 se
1401 3121 1727 3170 convertens
1756 3126 1880 3166 cum
1910 3109 2188 3182 lacrymis.
2330 3112 2373 3172 (ζ

2411 3032 2672 3100 ἁμαρτίαι
2698 3032 2883 3081 αὑτοῦ.

2330 3112 2373 3172 C
2479 3119 2565 3173 15.
2595 3118 2778 3173 Ταῦτα
2813 3118 2908 3190 βοᾷ
2943 3119 2971 3173 ὁ
3000 3116 3344 3189 ἐπιστρέφων
3375 3115 3513 3188 μετὰ
3541 3114 3803 3186 δακρύων.

813 3207 902 3261 16.
928 3207 971 3259 Α
998 3207 1235 3277 peccatis
1264 3206 1419 3273 meis,
1452 3205 1644 3275 inquit.

2478 3209 2564 3265 16.
2597 3209 2718 3265 Τῶν
2746 3208 3028 3281 ἁμαρτιῶν
3064 3227 3187 3282 μου,
3212 3209 3378 3277 λέγει.

813 3298 902 3355 17.
942 3296 1206 3354 Dominus
1232 3298 1300 3354 ad
1325 3314 1447 3354 eum
1480 3298 1615 3354 dicit
1642 3318 1653 3353 :
1688 3300 1801 3370 Ego
1843 3306 1894 3354 te
1925 3296 2151 3363 docebo,
2198 3310 2308 3366 qua

2480 3301 2570 3355 17.
2616 3300 2674 3355 '0
2696 3302 2754 3354 δὲ
2801 3300 3005 3371 Κύριος
3052 3301 3187 3372 πρὸς
3221 3301 3384 3354 αὑτὸν
3427 3299 3598 3367 λέγει’
3649 3294 3785 3365 Ἑγὼ
3814 3290 3950 3349 etSt-

745 3390 833 3445 via
862 3389 1101 3445 ineedes.

2404 3392 2588 3447 δάσκω
2616 3390 2857 3465 [διδάξω]
2890 3393 2947 3446 tv
2980 3392 3109 3463 ποίᾳ
3134 3390 3236 3462 ὁδῷ
3259 3391 3518 3463 πορεύσῃ.

817 3482 905 3536 18.
934 3482 1001 3535 Et
1032 3480 1087 3535 in
1128 3496 1190 3535 ea
1221 3478 1522 3535 custodiam
1555 3489 1626 3535 te.

2476 3484 2564 3539 18.
2590 3485 2700 3539 Καὶ
2726 3483 2943 3554 φυλάξω
2981 3500 3041 3537 σε
3072 3486 3130 3537 tv
3159 3483 3317 3553 αὐτῇ.

820 3571 908 3626 19.
948 3570 1013 3625 Et
1044 3571 1278 3641 amplius
1325 3585 1391 3624 ne
1432 3585 1618 3641 pecca,
1669 3580 1925 3642 tanquam
1972 3569 2305 3625 intellectum

2255 3584 2305 3625 ιη
2476 3577 2562 3632 19.
2587 3577 2697 3632 Καὶ
2727 3577 2919 3649 μηκέτι
2941 3576 3239 3649 ἁμάρτανε,
3268 3576 3343 3640 ὼς
3369 3574 3443 3647 μὴ
3474 3573 3611 3645 ἔχων
3639 3570 3859 3626 σύνεσιν.

748 3679 859 3719 non
897 3661 1128 3717 habens.

819 3753 914 3809 20.
950 3752 1056 3808 Sed
1085 3753 1303 3822 corpori
1333 3761 1425 3807 tuo
1470 3762 1524 3810 et
1566 3754 1760 3809 animm
1791 3753 1941 3809 frena
1969 3753 2218 3825 injiciens
2251 3752 2305 3807 in

2474 3754 2564 3810 20.
2612 3753 2772 3808 Ἀλλὰ
2791 3755 2852 3808 τὸ
2890 3753 3049 3825 σῶμά
3072 3771 3165 3807 σου
3196 3752 3287 3806 καὶ
3312 3753 3411 3826 τὴν
3440 3752 3619 3822 ψυχὴν
3648 3748 3724 3821 (1)
3752 3746 3923 3818 χαλινα

751 3846 1067 3904 servitutem
1097 3846 1297 3915 redige,
1328 3862 1451 3901 cum
1485 3846 1580 3901 tibi
1610 3863 1715 3901 non
1744 3846 2025 3902 obediunt.

2406 3845 2601 3915 γωγῶν
2624 3846 2973 3915 δουλαγωγει,
3000 3847 3127 3899 ὅταν
3150 3845 3222 3917 μὴ
3244 3844 3516 3898 πείθονταί
3554 3860 3655 3897 σοι.

817 3939 908 3993 2|.
941 3937 1043 4003 Qui
1074 3938 1172 3993 tibi
1209 3953 1315 3992 non
1345 3940 1741 4008 obtemperant.

2476 3938 2563 3991 2i.
2591 3937 2710 3991 Τῶν
2743 3937 2816 4008 μὴ
2840 3938 2914 4009 (2)
2947 3937 3277 4009 πειθομένων
3308 3954 3408 3991 σοι.

822 4032 912 4086 22.
947 4031 1112 4087 Multa
1139 4039 1293 4086 erant
1328 4031 1533 4101 ﬂagella
1570 4042 1683 4097 tua,

2475 4028 2564 4082 22.
2593 4028 2787 4082 Πολλαί
2814 4046 2904 4081 σου
2933 4026 3073 4101 ἦσαν
3098 4030 3153 4081 αἱ
3184 4027 3464 4099 μάστιγες.

819 4124 910 4178 25.
940 4122 1044 4177 Sed
1091 4123 1349 4192 quoniam
1386 4123 1615 4192 sperasti
1647 4122 1701 4175 in
1748 4122 2121 4179 misericordia
2165 4136 2305 4189 mea,

2474 4121 2564 4176 23.
2608 4122 2744 4174 Ἀλλ’
2768 4122 2954 4193 ἐπειδὴ
3008 4122 3240 4193 ἡλπισας
3274 4122 3349 4192 ('5)
3401 4120 3495 4173 ἐπὶ
3539 4119 3601 4172 τὸ
3647 4117 3785 4179 ἔλεός
3844 4131 3950 4185 μου,

752 4215 823 4269 ab
856 4213 986 4283 ipsis
1013 4213 1272 4267 liberatus
1302 4228 1381 4267 es.

2411 4212 2683 4283 ἐρῤύσθης
2709 4214 2803 4266 ἀπ’
2829 4213 3028 4269 αὐτῶν.

823 4305 917 4363 24.
947 4303 1172 4359 Eterna
1198 4304 1383 4358 lzetitia
1410 4311 1464 4359 et
1490 4304 1869 4359 exsultatione.

2480 4307 2567 4359 24.
2601 4308 2951 4379 Εὐφροσύνην
2976 4308 3191 4362 αἰώνιον
3220 4306 3313 4360 καὶ
3348 4304 3683 4373 ἀγαλλίασιν.

825 4395 915 4476 25.
952 4394 1056 4460 Qui
1081 4395 1216 4449 enim
1241 4395 1500 4465 gloriatur
1520 4435 1534 4459 ,
1569 4395 1623 4448 iu
1655 4395 1880 4448 Domino
1912 4394 2169 4465 glorietur
2192 4395 2260 4448 ⁸⁸.

2483 4395 2571 4450 25.
2614 4397 2676 4450 '0
2709 4398 2817 4466 γὰρ
2842 4398 3223 4468 καυχώμενος
3246 4398 3315 4452 ἐν
3346 4397 3539 4463 Κυρίῳ
3565 4391 3892 4461 καυχάσθω.

834 4493 898 4546 Ἢ
928 4490 1259 4562 προκειμένη
1291 4489 1567 4561 ἐπιγραφὴ
1602 4490 1827 4560 παρέχει
1863 4489 2128 4561 [περιέχει
2152 4505 2164 4517 ·
2199 4489 2465 4561 Ψαλμὸς]
2496 4490 2569 4561 (4)
2601 4490 2681 4556 τῷ
2707 4492 2899 4547 Δαϐίδ.
2932 4493 3093 4547 Δαόὶδ
3120 4495 3230 4563 γὰρ
3261 4491 3620 4564 ἑρμηνεύεται
3648 4481 3957 4550 πεπσθτυιέ-

753 4602 877 4648 νος,
910 4582 1041 4653 ὅπερ
1069 4581 1183 4634 ἐστὶ
1206 4580 1387 4633 λαϐεῖν
1421 4584 1499 4644 είς
1540 4581 1629 4633 τὸν
1658 4582 1812 4651 χορὸν
1850 4582 1955 4634 τῶν
1981 4581 2170 4649 ἁγίων,
2205 4583 2284 4634 ὅτι
2307 4582 2682 4652 πεποθημένος
2702 4585 2847 4637 ἐστὶν
2875 4584 2980 4637 ὑπὸ
3002 4584 3092 4638 τοῦ
3117 4585 3339 4656 Κυρίου.
3377 4583 3459 4649 Τῷ
3478 4580 3570 4637 οὖν
3595 4575 3957 4645 πεποθημέθψ

754 4672 898 4745 χορῷ
923 4674 1133 4745 εἴρηται
1154 4673 1181 4725 ὁ
1207 4672 1437 4743 ψαλμὸς,
1465 4672 1709 4725 τουτέστι
1743 4676 1853 4737 τοῖς
1881 4670 1997 4725 οὖσι
2019 4676 2157 4729 κατὰ
2182 4675 2273 4727 τὸν
2311 4675 2473 4730 Δαεῖιδ
2502 4680 2566 4747 τῇ
2598 4678 2863 4751 ἑρμηνείᾳ
2884 4677 2977 4730 τοῦ
3005 4676 3264 4746 ὀνόματος
3302 4677 3394 4729 καὶ
3422 4678 3539 4739 ταῖς
3567 4676 3816 4735 ἐντολαῖς.

823 4765 1035 4823 Titulus
1058 4767 1378 4837 praepositus
1404 4766 1645 4819 continet
1677 4783 1691 4820 :
1722 4765 1966 4822 Psalmus
1995 4768 2183 4823 David.
2217 4769 2384 4823 David
2410 4771 2555 4824 enim
2594 4772 2984 4840 interpretatur
3028 4770 3379 4835 desideratus,
3424 4770 3569 4837 quod
3595 4769 3829 4837 accipere
3849 4766 3959 4817 lim

755 4866 823 4919 de
846 4863 1015 4917 choro
1044 4871 1383 4925 sanctorum,
1414 4862 1673 4930 quoniam
1702 4861 2042 4918 desideratus
2074 4872 2157 4918 est
2191 4880 2219 4917 a
2250 4863 2504 4920 Domino.
2532 4867 2576 4919 A
2608 4867 2777 4921 cboro
2804 4866 2967 4937 igitur
3009 4877 3319 4921 sanctorum
3364 4867 3661 4920 desiderato
3699 4865 3867 4917 dictus
3892 4870 3961 4913 est

753 4960 997 5031 psalmus
1025 4976 1037 5013 :
1072 4958 1175 5013 hoc
1196 4967 1299 5024 est,
1328 4958 1395 5013 ab
1426 4957 1493 5013 iis
1526 4957 1620 5028 qui
1666 4956 1854 5026 David,
1886 4959 2040 5029 juxta
2072 4960 2313 5015 nominis
2358 4962 2857 5032 interpretationem
2906 4971 2959 5016 et
2990 4962 3369 5015 mandatorum
3390 4960 3806 5019 observantiam,
3841 4955 3962 5009 assi-

754 5057 1033 5111 milantur.

817 5151 869 5204 1.
899 5150 1141 5206 Gaudete
1169 5168 1381 5223 semper
1406 5154 1459 5208 in
1495 5152 1747 5208 Domino.
2342 5159 2385 5213 D

2342 5159 2385 5213 D
2489 5158 2539 5211 1.
2587 5157 2819 5228 Χαίρετε
2853 5155 3080 5209 πάντοτε
3112 5155 3169 5207 tv
3193 5152 3400 5226 Κυρςέρ.

814 5242 868 5293 2.
896 5240 1093 5295 Rectos
1118 5243 1270 5298 decet
1291 5244 1510 5297 laudare
1533 5243 1840 5299 Dominum.

2486 5249 2539 5303 2.
2575 5251 2699 5313 Τοῖς
2724 5248 2903 5301 εύθέσι
2936 5247 3131 5319 πρέπει
3157 5247 3323 5298 αἰνεῖν
3350 5243 3441 5295 τὸν
3465 5241 3685 5314 Κύριον.

826 5335 879 5389 5.
905 5334 1293 5392 Mortilicantes
1327 5338 1684 5409 vosmetipsos
1718 5339 1940 5406 mundo,
1975 5340 2047 5393 ita
2095 5338 2313 5411 hymnis

2487 5341 2538 5394 5.
2574 5340 2962 5410 Νεκρώσαντες
2988 5338 3211 5401 ἑαυτοὺς
3243 5336 3322 5408 τῷ
3374 5335 3584 5407 κόσμῳ,
3615 5335 3774 5395 οὕτως
3804 5328 3960 5401 ὑμνή-

752 5425 1045 5481 laudabitis
1075 5444 1221 5483 eum.

1138 5446 1221 5483 lm.
2418 5449 2537 5485 σετε
2570 5432 2751 5485 αὐτόν.

823 5520 1197 5552 ΙΙΙΓΑ-υ-εν.

900 5519 919 5572 1
954 5520 1079 5575 cor'
1108 5537 1146 5589 I’
1170 5522 1256 5576 OL
1700 5593 2001 5657 Addenda
2037 5600 2097 5657 et
2144 5593 2514 5673 corrigenda
2548 5609 2625 5653 ex
2657 5591 2798 5653 cod.
2830 5590 3030 5654 Vatic.

823 5719 898 5858 μ)
938 5719 1130 5789 Ψυχὴν
1157 5737 1268 5773 σου.
2499 5693 2886 5784 (S)'ll).1:ta:v'.

846 5790 900 5858 2)
948 5789 1067 5842 Τῶν
1104 5790 1401 5858 μελλόντων
1427 5791 1523 5858 μή.
1558 5798 1662 5848 etc.
2175 5844 2181 5851 .
2507 5789 2583 5858 (4)
2619 5790 2679 5841 'H
2725 5790 2810 5843 διὰ
2842 5790 2886 5843 τί

846 5790 900 5861 2)
948 5785 1401 5863 Τῶνμελλόντων
1427 5791 1523 5861 μή,
1558 5798 1662 5848 etc.
2175 5844 2181 5851 ,
2507 5789 2583 5860 (4)
2619 5790 2679 5841 'H
2725 5790 2810 5843 διὰ
2842 5790 2937 5860 τῆς
2968 5788 3331 5861 κινναϐάρεως
3375 5790 3643 5862 περιέχεισ
3674 5785 3765 5858 τῷ,
3800 5794 3897 5845 εις.
