4084 6322
193 393 310 448 765
1083 401 1170 454 DE
1209 401 1479 457 TITULIS
1516 402 1958 464 PSALMORUM.
1985 440 2051 449 —
2075 409 2269 467 PSAL.
2311 411 2524 467 XXXII.
3323 419 3425 476 766

261 510 320 578 4.
363 513 448 566 Ἐν
473 513 761 587 ψαλτηριῳ
784 516 1090 588 δεκαχὸρδῳ
1119 519 1321 588 ψάλατε
1345 519 1512 590 αὐτῷ.

266 603 323 657 5.
362 605 560 673 ᾊσατε
586 605 734 675 αὑτῷ
763 602 912 676 ᾇσμα
934 607 1140 659 καινόν·

259 694 319 745 6.
353 695 546 757 Καλῶς
567 695 772 764 ψάλατε
807 696 954 766 αύτῷ
980 699 1036 749 ἐν
1064 697 1381 767 ἀλαλαγμῷ.

260 786 320 839 7.
347 787 465 838 Ὀτι
494 787 654 850 εὐθὺς
691 789 719 839 ὁ
751 788 905 855 λόγος
943 788 1035 840 τοῦ
1064 790 1290 859 Κυρίουο
1352 810 1358 814 ·

259 876 317 930 8.
347 878 453 929 Καὶ
475 878 650 930 πάντα
676 878 742 931 τὰ
771 879 903 948 ἔργα
935 880 1097 933 αὑτοῦ
1133 883 1188 932 ἐν
1213 880 1410 932 πίστει.

253 968 310 1024 9.
351 970 560 1040 Ἀγαπᾷ
583 970 948 1041 ἐλεημοσύνην
977 971 1068 1024 καὶ
1096 972 1274 1042 κρίσιν
1305 975 1333 1024 ὁ
1365 972 1582 1044 Κύριος·

261 1060 352 1113 10.
384 1062 489 1113 T06
519 1062 699 1125 ἐλέους
725 1065 925 1132 Κυρίου
947 1065 1158 1136 πλήρης
1184 1067 1214 1134 ἡ
1241 1065 1331 1133 γῆ.

258 1152 354 1206 41,
383 1154 472 1223 Τῷ
494 1154 634 1224 λόγῳ
663 1155 866 1226 Κυρίου
901 1159 949 1208 οἱ
979 1157 1196 1226 οὐρανοὶ
1226 1157 1652 1228 ἐστερεώθησαν·

261 1241 351 1295 12.
394 1245 500 1295 Καὶ
531 1244 610 1314 τῷ
641 1244 916 1315 Πνεύματι
947 1246 1039 1298 106
1071 1247 1332 1316 στόματος
1363 1248 1526 1300 αὐτοῦ
1556 1247 1759 1320 πᾶσαὴ

180 1330 420 1401 δύναμις
445 1333 641 1388 αὐτῶν.

263 1425 354 1477 15.
393 1426 646 1493 Συνάγων
671 1427 800 1479 ὡσεὶ
832 1428 995 1480 ἀσκὸν
1035 1428 1209 1482 ὕδατα-
1229 1429 1519 1502 θαλάσσηςο

261 1516 350 1567 14.
385 1517 564 1580 Τιθεὶς
597 1520 657 1569 ἐν
687 1518 978 1589 θησαυροῖς
1013 1521 1300 1583 ἀϐύσσους.

259 1607 350 1660 15.
384 1609 676 1678 Φοϐηθήτω
723 1611 812 1664 τὸν
841 1611 1038 1683 Κύριον
1062 1615 1210 1666 πᾶσα
1242 1615 1273 1682 ἡ
1303 1616 1394 1683 γῆ·

252 1696 344 1749 16.
383 1699 499 1750 Ἀπ’
528 1700 690 1752 αὑτοῦ
735 1701 790 1754 δέ
828 1703 1236 1774 σαλευθήτωσαν
1291 1705 1486 1767 πάντες
1536 1705 1584 1757 ot
1627 1723 1757 1760 κατ-

175 1785 457 1850 οικοῦντες
486 1789 584 1860 τὴν
616 1791 761 1842 οίκου
771 1791 957 1861 μένην.

1785 535 1828 587 Α
1922 527 1980 579 4.
2019 525 2073 578 In
2101 527 2355 594 psalterio
2381 529 2564 582 decem
2596 544 2660 584 cn
2675 531 2932 586 ordarum
2969 533 3182 602 psallite
3215 535 3313 592 illi.

1938 617 1990 670 5.
2023 615 2248 671 Cantate
2275 620 2322 672 ei
2356 621 2626 674 canticum
2661 637 2898 677 novum:

1939 711 1991 760 6.
2029 709 2169 765 Bene
2199 712 2408 780 psallite
2435 714 2482 766 ei
2518 713 2571 766 in
2599 715 3006 772 vociferatione.

1935 801 1985 856 7.
2019 802 2155 866 Quia
2182 813 2383 857 rectum
2413 815 2497 859 est
2523 806 2750 860 verbum
2785 808 3038 864 Domini:

1933 892 1986 946 8.
2019 891 2084 944 Et
2112 893 2290 946 omnia
2333 909 2496 962 opera
2531 896 2649 963 ejus
2680 897 2732 950 in
2767 898 2890 951 fide.

1935 982 1988 1037 9.
2027 982 2208 1052 Diligit
2236 985 2664 1040 misericordiam
2691 998 2742 1040 et
2765 989 3028 1056 judicium
3055 989 3348 1045 Dominus:

1933 1072 2018 1127 10.
2053 1071 2424 1129 Misericordia
2454 1074 2666 1129 Domini
2699 1078 2855 1145 plena
2890 1088 2972 1132 est
2999 1090 3160 1132 terra.

1932 1164 2023 1219 11.
2058 1165 2237 1220 Verbo
2271 1166 2481 1221 Domini
2514 1169 2634 1222 cmli
2661 1171 2858 1223 firmati
2893 1181 3057 1224 sunt:

1931 1259 2016 1312 12.
2050 1258 2117 1312 Et
2149 1258 2354 1329 Spiritu
2387 1260 2500 1315 oris
2536 1260 2657 1330 ejus
2682 1263 2864 1317 omnis
2894 1263 3066 1317 virtus
3091 1276 3302 1317 eorum.

1930 1433 2017 1486 15.
2043 1432 2394 1502 Congregans
2426 1434 2567 1487 sicut
2594 1443 2768 1488 utrem
2802 1451 2973 1505 aquas
2999 1436 3205 1490 maris:

1928 1525 2016 1577 M.
2047 1523 2262 1578 Ponens
2291 1525 2342 1577 in
2372 1526 2646 1580 thesauris
2676 1527 2922 1596 abyssos.

1931 1617 2021 1670 15.
2049 1616 2260 1671 Timeat
2283 1616 2572 1672 Dominum
2602 1619 2781 1672 omnis
2813 1627 2954 1672 terra
2985 1635 2999 1684 ;

1929 1707 2016 1760 16.
2049 1708 2219 1762 Abeo
2251 1719 2429 1764 autem
2480 1720 2924 1765 commoveantur
2969 1725 3161 1764 omnes
3203 1708 3419 1765 inhabi-

1861 1801 2037 1849 tantes
2066 1797 2275 1852 orbem.

257 1879 346 1932 17.
378 1881 497 1931 Ὅτι
524 1881 685 1944 αὐτὸς
711 1877 850 1945 εἷπε,
881 1884 970 1934 καὶ
997 1883 1376 1954 ἐγεννήθησανο

254 1968 344 2022 18.
377 1971 544 2034 Αὐτὸς
566 1973 881 2035 ἐνετείλατο,
901 1975 992 2027 καὶ
1027 1975 1369 2045 ἐκτίσθησαν.

256 2061 347 2115 19.
376 2063 576 2133 Κύριος
607 2065 940 2130 διαπεδάζει
971 2066 1161 2135 βουλὰς
1187 2067 1373 2119 ἐθνῶνο

249 2153 344 2207 20.
399 2154 601 2206 Ἀθετεῖ
628 2155 682 2208 δὲ
721 2157 1011 2227 λογισμοὺς
1044 2157 1214 2209 λαῶν·

251 2245 347 2296 21.
377 2245 484 2298 Καὶ
516 2246 696 2300 ἀθετεῖ
728 2248 919 2318 βουλὰς
954 2250 1243 2320 ἀρχόντων.

246 2335 341 2390 22.
382 2335 446 2389 Ἠ
469 2337 524 2389 δὲ
563 2337 724 2409 βουλὴ
755 2339 848 2391 τοῦ
877 2339 1080 2410 Κυρίου
1123 2341 1202 2402 εἰς
1239 2338 1329 2391 τὸν
1355 2337 1524 2390 αίῶνα
1553 2338 1702 2407 μένει
1722 2356 1738 2371 ο

1927 1886 2016 1940 17.
2043 1886 2310 1951 Quoniam
2338 1888 2451 1958 ipse
2483 1889 2640 1955 dixit,
2673 1898 2725 1943 et
2761 1900 3017 1958 generata
3044 1898 3206 1945 sunt:

1817 2018 1821 2023 .
1927 1976 2012 2031 18.
2042 1977 2158 2046 Ipse
2186 1979 2484 2045 mandavit,
2513 1989 2568 2036 et
2597 1990 2776 2035 creata
2803 1989 2948 2034 sunt.
2984 1978 2989 1983 ”

1927 2070 2014 2124 19.
2053 2071 2314 2126 Dominus
2347 2073 2576 2142 dissipat
2596 2074 2826 2129 consilia
2866 2074 3102 2142 gentium
3131 2093 3146 2130 :

1920 2163 2010 2217 20.
2046 2164 2316 2233 Reprobat
2343 2173 2520 2217 autem
2555 2165 2912 2233 cogitationes
2945 2167 3264 2235 populorum
3291 2185 3307 2224 :

1916 2255 2004 2309 21.
2038 2255 2103 2309 Et
2131 2256 2385 2325 reprobat
2413 2256 2638 2310 consilia
2665 2257 2989 2325 principum.

1914 2343 2004 2397 22.
2036 2345 2337 2400 Consilium
2374 2355 2559 2399 autem
2585 2344 2799 2399 Domini
2831 2346 2884 2399 in
2911 2355 3168 2402 artcrnum
3199 2355 3410 2403 manet:

1283 2517 1661 2574 ATHANASII
1695 2518 2270 2577 iNTERPRETATlO.

241 2666 299 2720 4.
331 2666 430 2720 Διά
463 2667 568 2722 τῶν
603 2667 735 2723 δέκα
759 2669 982 2725 ἐντολῶν
1017 2671 1274 2737 δοξάσατε
1302 2673 1481 2726 αὐτόν.

241 2845 297 2898 5.
326 2841 516 2917 ΊΓᾼσμα
547 2847 690 2914 λέγει
721 2848 975 2919 καθαρόν.

240 2937 296 2991 6.
339 2940 433 2991 Ἐκ
455 2941 553 3009 τῆς
573 2941 796 3010 καρδίας
822 2941 994 3011 ὑμῶν.

241 3029 296 3082 7.
346 3030 571 3100 Ἀληθὴς
604 3034 635 3101 ἡ
665 3032 964 3100 ἐπαγγελία
995 3033 1072 3103 (1)
1112 3034 1296 3088 αὑτοῦ.

241 3119 298 3173 8.
337 3120 406 3170 Ἀ
444 3117 517 3189 (2)
548 3123 767 3185 ποιεῖτε,
804 3123 859 3174 ἐν
895 3122 1072 3175 πίστει
1104 3126 1324 3178 ποιεῖτε.

237 3210 295 3263 9.
367 3209 724 3282 ’,Ελεημοσύνη
793 3213 887 3266 καὶ
945 3213 1126 3279 πίστις
1203 3232 1304 3286 μου
1369 3214 1740 3270 ἐκλιπέτωσάν

165 3318 257 3356 σοι
296 3301 395 3373 (3).

237 3395 326 3451 10.
361 3395 644 3450 Ἥπλωται
676 3397 736 3451 τὸ
760 3396 904 3462 ἔλεός
946 3415 1062 3464 σου,
1093 3399 1289 3471 Κύριε,
1318 3400 1410 3452 ἐπὶ
1445 3399 1522 3470 (4)
1557 3402 1735 3457 πᾶσαν

156 3486 345 3557 ψυχὴν
369 3487 677 3556 ἀνθρώπου.

236 3576 325 3629 11.
362 3576 438 3642 (5)
460 3577 591 3646 Περὶ
621 3575 727 3629 τῶν
771 3577 1084 3631 ἀποστόλων
1113 3578 1280 3647 λέγει.

1927 2676 1981 2729 4.
2013 2676 2116 2730 Per
2147 2677 2549 2734 observantiam
2575 2679 2762 2737 decem
2792 2693 3183 2754 praceptorum
3211 2684 3414 2755 glorifi-

1847 2777 1968 2822 cate
1991 2784 2135 2822 eum.

1909 2860 1962 2915 5.
1997 2859 2302 2921 Canticum,
2332 2855 2532 2922 inquit,
2566 2856 2850 2912 mundum.

1912 2951 1964 3006 6.
2002 2950 2079 3004 Ex
2107 2949 2266 3004 corde
2296 2957 2494 3002 vestro.

1925 3038 1976 3091 7.
2012 3037 2148 3092 Vera
2175 3037 2459 3106 promissio
2487 3035 2625 3104 ejus.

1916 3129 1968 3187 8.
2003 3127 2133 3194 Quae
2168 3126 2365 3189 facitis,
2397 3124 2555 3178 facite
2577 3126 2632 3177 in
2668 3123 2787 3178 ﬁde.

1913 3217 1967 3273 9.
2005 3216 2369 3273 Misericordia
2407 3223 2460 3270 et
2487 3213 2619 3268 fides
2649 3229 2924 3284 nunquam
2959 3213 3053 3269 tibi
3083 3214 3352 3272 deficiant.

1915 3393 2000 3449 10.
2033 3392 2208 3463 Super
2231 3407 2447 3447 omnem
2488 3392 2727 3446 hominis
2773 3391 3013 3445 animam
3045 3405 3282 3462 expansa
3325 3403 3406 3451 est

1763 3492 1808 3553 ο
1837 3484 2206 3540 misericordia
2236 3491 2345 3550 tua,
2380 3482 2626 3538 Domine.

1913 3575 2000 3630 11.
2031 3575 2105 3630 De
2136 3575 2397 3644 apostolis
2429 3574 2688 3644 loquitur.

235 3666 331 3719 12.
381 3668 490 3719 Καὶ
538 3668 618 3721 ὅτι
653 3670 980 3740 ἐνεφύσησεν
1013 3672 1093 3735 είς
1139 3672 1200 3724 τὸ
1251 3673 1536 3743 πρόσωπον
1563 3674 1738 3728 αὐτῶν

1908 3666 1996 3719 12.
2027 3664 2092 3718 Ει
2121 3666 2264 3736 quod
2295 3666 2587 3722 insufﬂavit
2621 3667 2674 3720 in
2721 3666 2912 3722 faciem
2949 3683 3136 3722 eorum
3180 3666 3399 3721 dicens:

157 3757 361 3826 λέγων·
385 3757 602 3811 Λάϐετε
631 3760 871 3828 Πνεῦμα
893 3760 1078 3828 ἅγιον,
1097 3761 1177 3813 δτι
1203 3763 1398 3833 ἀνέστη
1424 3765 1488 3816 ἐκ
1508 3765 1735 3836 νεκρῶεν

1836 3757 2069 3827 Accipite
2120 3758 2382 3828 Spiritum
2439 3767 2676 3810 sanctum
2702 3760 2787 3823 ⁸⁸,
2847 3775 2970 3814 cum
3032 3759 3330 3813 resurrexit
3371 3773 3401 3811 a

156 3849 262 3910 τὰς
293 3849 402 3918 γὰρ
427 3849 698 3917 δυνάμεις,
731 3849 796 3912 ἃς
829 3851 1042 3903 ἐποίουν
1077 3853 1124 3904 οἱ
1163 3853 1449 3906 ἀπόστολοι
1487 3853 1565 3924 τῷ
1599 3857 1737 3927 ἁγίῳ

1836 3853 2093 3906 mortuis.
2134 3851 2346 3905 Etenim
2376 3850 2660 3916 miracula,
2692 3866 2814 3919 qua:
2840 3851 3111 3905 faciebant
3144 3849 3399 3921 apostoli,

158 3939 445 4010 Πνεύματι
506 3940 820 4006 ἐπετέλουν,
879 3936 921 4010 ᾧ
969 3943 1156 3999 ἔλαϐον
1206 3947 1270 3998 ἐκ
1323 3945 1418 3998 τοῦ
1476 3946 1739 4017 στόματος

1835 3957 1932 4012 per
1964 3942 2224 4013 Spiritum
2258 3951 2504 3998 sanctum
2537 3941 2822 4009 faciebant,
2857 3957 3015 3998 onem
3043 3957 3110 3997 ex
3137 3955 3231 3997 ore
3268 3940 3385 4012 ejus

157 4031 355 4085 αὐτοῦ.

1835 4042 2181 4103 acceperunt.

235 4126 325 4180 15.
384 4126 691 4198 Συνήγαγον
739 4126 806 4180 τὰ
867 4125 992 4198 ἔθνη
1054 4125 1146 4180 106
1202 4127 1409 4198 κόσμου
1476 4147 1735 4202 νενεκρω-

1908 4124 1992 4180 15.
2028 4125 2226 4181 Gentes
2256 4126 2442 4182 mundi
2476 4138 2718 4184 mortuas
2759 4138 2982 4198 peccato
3032 4139 3395 4196 congregave-

160 4219 308 4289 μένα
335 4218 411 4288 (6)
452 4219 528 4282 ὡς
553 4220 738 4272 ἀσκόν.

1833 4226 1962 4272 runt
1993 4218 2135 4271 velut
2167 4227 2362 4272 utrem.

234 4309 326 4363 14.
367 4310 453 4361 Ἐν
486 4313 592 4372 τοῖς
618 4310 932 4372 ἀποστόλοις
972 4312 1040 4364 τὰ
1087 4309 1427 4381 δικαιώματα
1478 4313 1663 4368 αὑτοῦ.

1380 4329 1427 4364 τα
1478 4313 1663 4368 αὑτοῦ,
1908 4307 1994 4359 14.
2037 4307 2094 4359 in
2121 4307 2381 4375 apostolis
2410 4308 2829 4377 justiflcationes
2855 4306 2993 4376 ejus.

235 4402 326 4454 15.
370 4401 454 4461 Ὠς
482 4401 650 4454 εἰδυῖα
682 4403 842 4455 αὑτὸν
871 4404 1068 4472 ἑαυτῆς
1100 4404 1448 4474 δημιουργόν.

1895 4398 1986 4451 15.
2024 4395 2092 4450 Ut
2127 4414 2247 4467 qua:
2274 4400 2373 4453 scit
2398 4417 2521 4454 eum
2553 4410 2856 4455 creatorem
2900 4411 3059 4450 suum
3091 4393 3286 4450 fuisse.

235 4488 329 4541 16.
358 4489 708 4542 Μετατεθῶσι
737 4491 933 4554 πάντες
970 4494 1048 4554 εἰς
1070 4492 1159 4544 τὸν
1191 4493 1411 4564 Κύριον.

1905 4487 1989 4541 16.
2022 4487 2438 4543 Transferantur
2470 4507 2658 4546 omnes
2692 4491 2744 4544 in
2769 4489 3075 4543 Dominum.

233 4579 326 4631 17.
366 4580 451 4630 Ἐν
484 4579 560 4649 τῷ
591 4580 941 4651 βαπτίσματι.

780 4599 941 4651 τματι.
1905 4578 1990 4631 17.
2022 4578 2077 4632 1η
2110 4579 2393 4648 baptismo.

229 4671 323 4724 18.
364 4673 691 4725 Ἀνεκαίνισε
721 4674 829 4745 γὰρ
857 4675 1070 4738 αὐτούς.

1025 4692 1070 4738 ς,
1904 4670 1990 4723 18.
2016 4668 2120 4723 Eos
2149 4671 2293 4723 enim
2327 4670 2629 4724 renovavit.

227 4765 322 4817 19.
359 4765 468 4828 Τάς
494 4767 760 4837 προτέρας
813 4769 1138 4838 ἀπορρίπτει
1188 4769 1294 4822 ἀπὸ
1341 4770 1447 4823 τῶν
1498 4770 1730 4841 καρδιῶν

1684 4770 1730 4823 δν
1905 4759 1990 4813 19.
2029 4758 2218 4814 Priora
2243 4760 2460 4831 projicit
2491 4758 2720 4814 consilia
2746 4773 2775 4811 e
2801 4755 3056 4810 cordibus
3089 4770 3297 4810 eorum.

150 4853 364 4907 αὐτῶν.
1761 4848 1805 4903 D

223 4945 324 5001 20.
359 4946 468 4999 Καὶ
498 4947 766 5019 ἀλλοτριοῖ
794 4951 1090 5022 προτέρους
1118 4951 1292 5005 αὐτῶν
1322 4951 1629 5024 λογισμούς.

226 5039 326 5092 21.
361 5039 469 5092 Καὶ
492 5040 587 5103 τάς
618 5041 809 5109 βουλὰς
834 5041 940 5095 τῶν
966 5043 1232 5114 δαιμόνων
1264 5045 1615 5109 διασκεδάξει.

222 5130 322 5183 22.
362 5131 426 5182 Ἡ
457 5131 642 5202 διδαχὴ
667 5133 852 5216 αὑτοῦ.

1901 4954 1986 5008 20.
2017 4954 2081 5009 Ει
2112 4955 2364 5009 immutat
2387 4953 2686 5008 anteriores
2711 4965 2897 5007 eorum
2935 4944 3306 5019 cogitationes.

1892 5047 1987 5115 21.
2022 5046 2086 5100 Et
2113 5048 2334 5101 consilia
2367 5047 2670 5100 daemonum
2693 5045 2937 5114 dissipat.

1893 5136 1980 5192 22.
2018 5137 2271 5192 Doctrina
2298 5137 2438 5207 ejus.

223 5315 270 5347 ³⁸
313 5312 473 5371 Joan.
507 5332 600 5381 xx,
629 5316 720 5372 22.

1129 5417 1427 5481 Addenda
1457 5427 1516 5481 et
1557 5419 1927 5500 corrigenda
1957 5440 2036 5484 ex
2065 5421 2204 5484 cod.
2237 5420 2438 5483 Vatic.

230 5572 311 5636 (1)
343 5571 666 5641 Εὑαγγελια.

223 5641 301 5705 (2)
327 5644 432 5694 Καὶ
457 5646 628 5697 πάντα
658 5646 710 5701 ἅ.
743 5654 847 5699 εἰς.

223 5713 302 5774 (3)
331 5714 487 5781 Μὴ...
510 5733 587 5774 σε,
614 5734 716 5767 non
747 5734 846 5769 σοι.

223 5783 301 5846 (τί)
332 5785 519 5848 Ἔλεος
549 5787 748 5854 Κυρίου
779 5789 886 5852 ἐπί,
912 5798 1012 5843 ctc.

1901 5585 1976 5651 (5)
1999 5587 2061 5638 Ν.
2080 5586 2473 5656 H._Ilspt,etc..
2494 5583 2580 5656 ὅτε
2604 5582 2872 5654 ἀνέστηὲκ
2893 5575 3228 5650 νεκρῶν,τάς
3241 5584 3372 5647 etc.,

1827 5650 2130 5712 ἐπετέλουν.
2153 5650 2216 5723 ᾦ,
2235 5650 2364 5718 eic.,
2398 5653 2578 5707 αὑτοῦ.

1896 5728 1970 5798 (6)
2007 5722 2379 5798 Συνήγαγεν...
2408 5723 2719 5795 νεκοωμένα
2748 5722 2896 5787 ὡσεί,
2923 5731 3023 5776 ctc.
