4068 6318
719 364 818 417 771
1554 360 1612 414 S.
1654 357 2018 414 ATIIANASII
2052 355 2202 412 OPP.
2244 353 2422 409 PARS
2461 352 2550 407 lll.
2589 384 2653 393 —
2686 349 3094 407 EXEGETICA.
3836 353 3921 406 772

785 479 869 533 15.
899 470 1382 531 Castrame'tabitur
1431 474 1654 544 angelus
1695 476 1907 531 Domini
1942 476 1996 529 in
2046 473 2276 529 circuitu

2449 469 2534 522 15.
2562 466 2907 537 Παρεμϐαλεῖ
2934 464 3159 532 ἄγγελος
3185 464 3387 534 Κυρίου
3416 463 3602 533 κύκλῳ
3626 463 3734 515 τῶν
3759 464 3904 534 φοὸου

721 565 1028 623 ῑίιηειιιίὰιη
1060 581 1204 630 eum,
1235 575 1287 620 et
1315 565 1505 634 eripiet
1533 581 1646 620 eos.

796 657 882 713 14.
915 657 1136 712 Gustate
1185 666 1239 712 et
1285 657 1486 723 videte,
1536 659 1793 727 quoniam
1843 659 2026 715 suavis
2071 667 2155 715 est
2184 656 2290 713 Do-

725 751 950 805 minus:

799 840 886 894 15.
919 838 1117 892 Beatus
1145 835 1247 901 vir,
1273 835 1366 905 qui
1393 845 1572 904 sperat
1602 835 1654 888 in
1683 850 1770 890 eo.

793 931 881 986 16.
915 928 1120 983 Timete
1148 926 1461 992 Dominum,
1497 941 1685 981 omnes
1713 926 1883 981 sancti
1909 927 2028 996 ejus
2054 945 2069 982 :

796 1021 885 1075 17.
921 1020 1186 1086 Quoniam
1216 1033 1322 1071 non
1356 1025 1440 1071 est
1476 1019 1657 1086 inOpia
1683 1019 2006 1073 timentibus
2035 1032 2189 1072 eum.

801 1115 891 1167 18.
926 1112 1128 1166 Divites
1160 1120 1426 1180 eguerunt
1459 1117 1512 1163 et
1542 1110 1852 1162 esurierunt
1884 1127 1896 1162 :

798 1207 890 1260 19.
926 1205 1268 1274 lnquircntes
1296 1213 1478 1258 autem
1517 1200 1805 1255 Dominum
1846 1217 1950 1255 non
1980 1200 2291 1254 minuentur

721 1298 876 1351 omni
911 1299 1073 1350 bono.

795 1388 886 1442 20.
920 1385 1130 1453 Venite,
1160 1385 1276 1448 lilii,
1304 1383 1487 1437 audite
1514 1397 1599 1441 me
1625 1400 1637 1435 :

799 1482 892 1536 21.
929 1480 1204 1534 Timorem
1241 1478 1452 1532 Domini
1487 1476 1691 1530 docebo
1719 1489 1838 1530 vos.

792 1570 885 1624 22.
920 1569 1052 1636 Quis
1080 1577 1162 1623 est
1189 1570 1353 1622 homo
1387 1566 1476 1636 qui
1519 1565 1635 1619 vult
1665 1565 1828 1618 vitam
1851 1604 1868 1631 ,

797 1661 888 1714 25.
925 1659 1164 1729 Diligens
1194 1658 1310 1712 dies
1341 1657 1523 1711 videre
1548 1656 1764 1710 bonos?

794 1753 886 1807 24.
922 1751 1154 1806 Prohibe
1185 1750 1424 1819 linguam
1463 1757 1606 1801 tuam
1636 1763 1666 1800 a
1705 1746 1847 1801 malo
1877 1763 1892 1800 :

791 1846 883 1901 25.
919 1845 984 1900 Et
1008 1845 1148 1899 labia
1179 1853 1270 1898 tua
1295 1859 1362 1899 ne
1393 1845 1686 1912 loquantur
1715 1842 1921 1895 dolum.

793 1936 888 1990 26.
921 1934 1136 1990 Diverte
1165 1950 1196 1989 a
1231 1934 1398 1998 malo,
1422 1943 1475 1988 et
1505 1932 1590 1986 fac
1619 1933 1822 1986 bonum
1853 1948 1866 1984 :

795 2030 885 2083 27.
925 2028 1141 2098 lnquire
1175 2042 1382 2097 pacem,
1413 2033 1466 2080 et
1494 2038 1816 2094 persequere
1845 2036 1984 2075 eam.

793 2118 884 2172 28.
922 2116 1078 2170 Oculi
1107 2115 1403 2188 [Quoniam
1438 2112 1603 2184 oculi]
1636 2110 1848 2165 Domini
1877 2125 2039 2180 super
2067 2109 2280 2180 justas;

792 2209 883 2263 29.
929 2207 992 2261 Et
1023 2223 1179 2261 aures
1209 2207 1329 2276 ejus
1354 2207 1406 2259 in
1436 2220 1621 2274 preces
1650 2218 1861 2258 eorum.

794 2295 885 2350 50.
926 2293 1116 2368 Vultus
1147 2304 1324 2348 autem
1360 2293 1573 2346 Domini
1618 2307 1779 2361 super
1807 2292 2067 2345 facientes
2098 2290 2238 2344 mala
2266 2308 2281 2352 ;

793 2390 884 2443 51.
920 2387 1198 2458 Utperdat
1224 2389 1289 2442 de
1319 2395 1461 2441 terra
1497 2387 1811 2440 memoriam
1845 2400 2055 2438 eorum.

788 2477 879 2532 52.
909 2477 1293 2532 Clamaverunt
1321 2475 1476 2546 justi,
1507 2486 1560 2530 et
1585 2475 1845 2529 Dominus
1867 2475 2143 2529 exaudivit
2164 2489 2280 2539 eos,

2391 558 2562 628 μένων
2589 557 2768 618 αὐτὸν,
2797 557 2888 608 καὶ
2916 556 3132 625 ῥύσεται
3158 554 3374 617 αὐτούς,

2460 648 2544 703 14.
2578 647 2846 701 Γεύσασθε
2879 647 2971 700 καὶ
3006 646 3162 710 ἴδετε,
3192 648 3272 699 ὅτι
3305 647 3538 716 χρηστὸς
3564 649 3591 698 ὁ
3619 646 3847 716 Κύριος.

2458 807 2543 860 15.
2579 806 2859 875 Μακάριος
2888 804 3042 875 ἀνὴρ,
3071 804 3127 867 ὃς
3156 803 3360 868 ἐλπίζει
3395 804 3481 856 ἐπ’
3514 804 3697 859 αὐτόν.

2461 899 2544 953 16.
2568 897 2840 968 Φοϐήθητε
2869 897 2957 949 τὸν
2982 895 3180 966 Κύριον
3206 897 3402 958 πάντες
3421 896 3469 946 οἱ
3503 895 3645 961 ἆγιοι
3675 894 3864 947 αὑτοῦ·

2457 992 2541 1044 17.
2558 991 2679 1042 Ὀτι
2696 991 2793 1042 οὐκ
2813 989 2954 1041 ἔστιν
2973 989 3167 1059 ὑστέρη
3178 1005 3251 1058 μα
3266 991 3374 1050 τοῖς
3393 986 3747 1056 φοϐουμένοις
3767 986 3926 1038 αὐτόν.

2464 1081 2546 1134 18.
2588 1079 2834 1133 Πλούσιοι
2866 1078 3209 1148 ὲπτώχευσαν
3249 1079 3338 1131 καί
3365 1078 3688 1130 ἐπείνασαν·

2457 1173 2542 1227 19.
2585 1174 2644 1223 Οἱ
2675 1171 2731 1223 δὲ
2761 1170 3112 1240 ἐκζητοῦντες
3144 1171 3234 1223 τὸν
3268 1170 3466 1243 Κύριον
3510 1171 3610 1222 οὐκ
3649 1166 3931 1236 ἐλαττωθή-

2385 1278 2565 1316 σονται
2601 1259 2797 1322 παντὸς
2825 1257 3047 1326 ἀγαθοῦ.

2456 1352 2545 1408 20.
2585 1352 2770 1417 Δεῦτε,
2803 1351 2986 1415 τέκνα,
3026 1350 3292 1404 ἀκούσατέ
3333 1368 3466 1421 μου·

2452 1444 2540 1499 21.
2580 1442 2743 1496 Φόϐον
2773 1444 2975 1515 Κυρίου
3009 1443 3202 1509 διδάξω
3235 1444 3396 1513 ὑμᾶς.

2453 1536 2542 1589 22.
2584 1537 2677 1598 Τίς
2711 1538 2853 1588 ἐστιν
2883 1535 3162 1604 ἄνθρωπος
3186 1537 3213 1588 ὁ
3248 1536 3415 1588 θέλων
3446 1536 3613 1606 ζωὴν,

2411 1614 2417 1619 Π
2451 1627 2539 1680 25-
2572 1626 2823 1693 Ἀγαπῶν
2853 1625 3065 1696 ἡμέρας
3098 1627 3225 1679 ίδείν
3255 1626 3503 1694 ἀγαθάςς

2455 1718 2543 1772 24.
2585 1719 2795 1771 Παῦσον
2826 1717 2921 1788 τὴν
2950 1717 3197 1785 γλῶσσάν
3227 1736 3318 1770 σου
3352 1719 3460 1771 ἀπὸ
3493 1716 3666 1772 κακοῦ
3690 1736 3702 1748 ·

2313 1817 2358 1873 Β
2452 1811 2542 1865 25.
2584 1811 2691 1862 Καὶ
2724 1810 2874 1882 χείλη
2905 1829 2993 1864 σου
3021 1811 3113 1864 τοῦ
3148 1812 3220 1882 μὴ
3246 1811 3470 1882 λαλῆσαι
3503 1812 3676 1866 δόλον.

2459 1902 2546 1955 26.
2567 1903 2847 1955 Ἔκκλινον
2879 1904 2987 1956 ἀπὸ
3011 1903 3201 1967 κακοῦ,
3232 1903 3326 1956 καὶ
3354 1903 3575 1973 ποίησον
3609 1903 3841 1972 ἀγαθόν’

2457 1994 2545 2048 27.
2585 1995 2827 2065 Ζήτησον
2854 1996 3094 2068 εἰρήνην,
3125 1996 3217 2050 καὶ
3243 1995 3427 2060 δίωξον
3453 1997 3648 2065 αὑτήν.

2460 2084 2547 2139 28.
2574 2085 2869 2155 Ὀφθαλμοὶ
2897 2085 2998 2156 [ὅτι
3031 2086 3318 2159 ὀφθαλμοὶ]
3351 2088 3553 2158 Κυρίου
3575 2089 3673 2140 ὲπὶ
3693 2088 3933 2151 δικαίους*

2457 2175 2544 2230 29.
2586 2177 2693 2228 Καὶ
2725 2171 2837 2230 ὦτα
2864 2177 3024 2230 αὑτοῦ
3054 2180 3133 2241 είς
3162 2179 3341 2250 δέησιν
3371 2179 3571 2234 αὐτῶν.

2455 2267 2542 2320 50.
2580 2268 2874 2337 Πρόσωπον
2908 2269 2964 2321 δὲ
2995 2269 3199 2340 Κυρίου
3230 2271 3322 2322 ἐπὶ
3348 2270 3636 2336 ποιοῦντας
3665 2271 3842 2325 κακά·

2455 2356 2544 2410 51.
2585 2357 2690 2410 Τοῦ
2715 2360 3086 2430 ὲξολοθρεῦσαι
3108 2363 3170 2415 ὲκ
3191 2362 3292 2433 γῆς
3312 2362 3372 2415 τὸ
3390 2364 3734 2432 μνημόσυνον
3754 2362 3932 2417 αὐτῶν.

2456 2448 2544 2501 52.
2573 2448 2903 2520 Ἐκέκραξαν
2931 2451 2981 2503 oi
3004 2451 3220 2519 δίκαιοι,
3248 2455 3342 2508 καὶ
3365 2454 3392 2506 ὁ
3414 2453 3616 2525 Κύριος
3637 2456 3936 2525 είσήκουσεν

2387 2539 2588 2607 αὐτῶν,

1840 2673 2213 2729 ATHANASII
2251 2675 2834 2736 INTERPRETATIO.

788 2789 877 2844 15.
908 2786 980 2843 Ut
1010 2802 1172 2858 super
1202 2787 1378 2844 tribus
1407 2788 1589 2860 pueris
1614 2789 1667 2844 in
1703 2791 1916 2846 camino
1944 2793 2106 2864 ignis.

799 2962 885 3016 14.
917 2961 1226 3018 lmmortale
1251 2962 1475 3030 donum,
1501 2964 1653 3020 dicit.

790 3052 878 3106 15.
909 3051 1064 3117 Quod
1085 3054 1227 3105 enim
1247 3057 1476 3122 quisque
1497 3056 1564 3108 ab
1588 3071 1653 3109 eo
1672 3056 2127 3125 speratobtinere,
2157 3058 2286 3113 illud

723 3142 975 3211 accipiet,
1004 3153 1059 3196 et
1085 3143 1318 3213 amplius
1344 3145 1590 3214 accipiet.

794 3234 878 3287 16.
909 3233 1010 3299 Qui
1039 3234 1181 3288 enim
1208 3235 1378 3290 sancti
1406 3251 1524 3290 esse
1558 3237 1742 3299 vultis,
1779 3237 1966 3292 timete
1993 3252 2145 3292 eum.

793 3325 881 3378 17.
922 3325 1189 3389 Quoniam
1241 3325 1447 3379 nullum
1504 3327 1706 3379 bonum
1762 3327 1916 3381 deest
1970 3329 2287 3384 timentibus

725 3430 875 3470 eum.

797 3507 884 3560 18.
927 3505 1312 3562 Deficientibus
1336 3507 1557 3573 divitiis,
1595 3508 1650 3561 in
1689 3508 1888 3577 quibus
1913 3517 2284 3578 speraverunt.

721 3596 945 3666 Proprie
974 3607 1153 3651 autem
1184 3597 1494 3653 Judzeorum
1528 3600 1786 3668 populum
1823 3600 2114 3669 signiﬁcat.

797 3687 883 3741 19.
920 3687 1125 3743 Divitiae
1156 3690 1298 3744 enim
1327 3705 1514 3744 eorum
1567 3700 1694 3744 sunt
1744 3691 2025 3752 Dominus,
2057 3691 2152 3760 qui
2185 3692 2256 3744 bo

721 3794 827 3831 nus
859 3787 912 3832 et
953 3779 1265 3837 indeliciens
1298 3791 1415 3850 est,
1464 3782 1518 3836 in
1547 3783 1702 3852 cujus
1732 3799 1894 3837 manu
1923 3784 2104 3836 omnia
2131 3795 2284 3850 sunt;

724 3870 837 3938 ipse
863 3872 1004 3924 enim
1033 3888 1093 3925 ea
1125 3872 1272 3927 fecit.

793 3960 981 4015 20-25.
1020 3962 1349 4019 Desiderans
1375 3972 1574 4019 aeterne
1616 3965 1826 4032 vivere,
1874 3971 1930 4019 et
1957 3964 2073 4021 dies
2114 3964 2286 4019 inter-

724 4052 1011 4106 minabilcs
1049 4069 1297 4123 quazrens
1328 4055 1528 4111 videre.

796 4143 884 4197 24.
919 4146 963 4196 Α
989 4147 1252 4201 convicio.

791 4235 881 4290 25.
920 4234 1150 4289 Prohibe
1176 4253 1204 4289 a
1236 4237 1537 4291 mendacio.

793 4326 882 4379 26.
918 4328 1000 4379 Ab
1033 4328 1179 4380 omni
1206 4337 1445 4396 peccato.

790 4417 881 4470 27.
921 4417 1233 4482 Dominum,
1259 4432 1307 4473 et
1340 4433 1567 4488 sequere
1595 4433 1739 4473 eum.

792 4508 894 4573 28,
927 4510 1014 4564 29.
1053 4509 1262 4564 Gaudet
1290 4511 1477 4564 videns
1512 4525 1605 4564 eos
1638 4519 1856 4580 propter
1877 4526 2038 4580 opera
2069 4526 2279 4578 eorum,

719 4611 773 4657 et
803 4603 1098 4656 delectatur
1150 4604 1378 4657 audiens
1430 4602 1862 4671 deprecationem
1890 4619 2076 4658 eorum
2103 4646 2117 4670 ,
2145 4619 2282 4674 quo-

723 4695 891 4757 niam,
923 4710 1042 4762 qua:
1067 4694 1258 4763 placita
1288 4697 1336 4749 ei
1364 4705 1510 4762 sunt,
1538 4698 1605 4751 ab
1634 4713 1698 4750 eo
1726 4706 1931 4764 petunt.

795 4783 882 4837 50.
921 4781 1178 4837 Irascitur
1210 4795 1423 4850 autem,
1469 4795 1632 4854 atque
1675 4785 1987 4854 indignatur
2017 4776 2178 4854 super
2205 4783 2285 4839 fa-

721 4875 925 4929 cientes
958 4875 1117 4928 mala.

791 4966 879 5018 51.
907 4965 972 5018 Ει
1007 4982 1074 5019 ex
1104 4966 1205 5018 hac
1235 4972 1376 5018 terra
1411 4970 1464 5015 et
1488 4957 1689 5016 futura.

796 5056 883 5112 52.
915 5057 1066 5112 Sicut
1092 5058 1146 5111 in
1179 5063 1491 5125 tempestate
1532 5055 1698 5109 maris
1736 5055 1986 5125 discipuli
2027 5058 2281 5113 clamave-

724 5155 846 5201 runt
874 5156 928 5203 et
962 5163 1030 5203 ex
1057 5146 1206 5202 omni
1229 5157 1363 5200 aestu
1391 5143 1626 5198 animam
1658 5160 1687 5198 a
1723 5160 1949 5215 corpore
1974 5159 2278 5217 separatam

2457 2801 2545 2857 15.
2598 2802 2685 2866 Ὠς
2705 2803 2797 2856 ἐπὶ
2824 2801 2930 2856 τῶν
2952 2802 3342 2874 τριῶνπαίδων
3368 2801 3464 2874 τὴν
3491 2801 3566 2872 (1)
3604 2801 3836 2874 κάμινον
3855 2798 3938 2854 τοῦ

2387 2892 2580 2963 πυρός.

2313 2963 2355 3020 C
2461 2983 2544 3037 ιι.
2583 2984 2692 3052 Τῆς
2714 2984 2979 3038 ἀθανάτου
3014 2985 3250 3056 δωρεᾶς,
3275 2982 3442 3050 λέγει.

2457 3072 2544 3126 15.
2575 3074 2638 3126 Ὃ
2673 3073 2780 3145 γάρ
2802 3092 2884 3136 τις
2915 3073 3122 3137 ἐλπίζει
3153 3072 3483 3144 κομίσασθαι
3514 3071 3591 3142 (2)
3625 3073 3724 3125 ἀπ’
3767 3069 3938 3135 αὑτοῦ,

2385 3165 2542 3219 τοῦτο
2568 3165 2830 3235 λήψεται,
2865 3166 2958 3218 καὶ
2986 3168 3366 3237 περισσότερον
3398 3165 3648 3236 λήψεται.

2458 3255 2546 3311 16.
2580 3256 2730 3308 Ὅσοι
2764 3257 2907 3325 ἆγιοι
2941 3256 3121 3309 θέλετε
3153 3253 3312 3324 εἶναι,
3346 3259 3595 3326 φοϐεῖσθε
3622 3260 3811 3314 αὐτόν.

2458 3347 2544 3402 17.
2560 3346 2683 3399 Ὀτι
2700 3346 2847 3401 οὐδὲν
2863 3348 3064 3412 ἀγαθὸν
3080 3348 3252 3402 λείπει
3267 3352 3378 3411 τοῖς
3396 3349 3751 3419 φοϐουμένοις
3773 3351 3938 3404 αὐτόν.

2458 3528 2544 3582 18.
2571 3528 2946 3599 Ἐκλείψαντος
2973 3527 3066 3581 τοῦ
3097 3528 3324 3581 πλούτου
3357 3529 3452 3595 (5),
3488 3531 3571 3597 ἐφ’
3589 3521 3634 3596 ᾧ
3662 3528 3938 3598 ὲπεποίθη-

2389 3635 2504 3674 σαν.
2537 3620 2751 3691 Κυρίως
2778 3620 2854 3688 (4)
2885 3620 2940 3672 δὲ
2964 3619 3054 3673 τὸν
3080 3619 3186 3672 τῶν
3221 3619 3486 3672 Ἰουδαίων
3519 3621 3655 3690 φησὶ
3687 3620 3836 3673 λαόν.

2459 3711 2544 3764 19.
2577 3711 2632 3763 Ὀ
2659 3709 2766 3780 γὰρ
2796 3708 3019 3772 πλοῦτος
3053 3709 3230 3763 αὐτῶν
3257 3710 3458 3781 Κύριός
3500 3712 3669 3773 ἐστιν,
3699 3713 3728 3764 ὁ
3756 3709 3942 3778 ἀγαθὸς

2385 3803 2476 3856 καὶ
2509 3802 2853 3863 ἀνέκλειπτος
2885 3801 2983 3871 (5),
3016 3793 3077 3853 οὗ
3108 3802 3166 3854 ὲν
3193 3804 3258 3871 τῇ
3287 3802 3428 3873 χειρὶ
3463 3801 3532 3855 τὰ
3560 3803 3740 3856 πάντα
3773 3801 3939 3855 ἐστίν’

2386 3896 2546 3958 αὐτὸς
2573 3895 2680 3965 γὰρ
2714 3893 2966 3964 ἐποίησεν
2995 3893 3153 3946 αὐτά.

2454 3983 2642 4038 20-25.
2675 3983 2751 4054 (6)
2788 3983 2842 4035 Ὀ
2892 3985 2949 4035 ὲν
2990 3983 3250 4054 ἐπιθυμίᾳ
3284 3981 3420 4054 ἔχων
3468 3982 3657 4046 ἁῖδίως
3704 3983 3824 4054 ζῇν,
3857 3982 3940 4036 καὶ

2388 4076 2481 4139 τὰς
2509 4077 2718 4147 ἡμέρας
2746 4075 2844 4137 τὰς
2871 4074 3254 4144 ἀτελευτήτους
3289 4074 3466 4144 ζητῶν
3503 4075 3652 4128 ίδεῖν.

2450 4162 2539 4214 24.
2559 4163 2688 4213 Ἀπὸ
2715 4161 2999 4232 λοιδορίας.

2456 4253 2546 4306 25.
2578 4252 2833 4305 Κὼλυσον
2863 4253 2938 4322 (7)
2963 4253 3069 4306 ἀπὸ
3089 4254 3334 4323 ψεύδους.

2315 4310 2360 4366 D
2459 4343 2546 4396 26.
2567 4343 2696 4394 Ἀπὸ
2724 4343 2901 4412 πάσης
2921 4310 3224 4412 ’ἁμαρτίας

2457 4433 2544 4486 27.
2581 4433 2682 4485 Τὸν
2717 4432 2937 4503 Κύριον,
2965 4435 3056 4486 καὶ
3087 4433 3362 4486 ἀκολούθει
3393 4431 3559 4504 αὐτῷ.

2458 4525 2548 4586 28,
2582 4525 2668 4578 29.
2707 4525 2900 4593 Χαίρει
2937 4524 3077 4597 ὁρῶν
3117 4525 3309 4587 αὐτοὺς
3347 4525 3436 4577 διὰ
3475 4526 3541 4578 τὰ
3583 4525 3723 4595 ἔργα
3755 4527 3937 4586 αὐτῶν,

2388 4618 2480 4670 καὶ
2502 4617 2757 4687 τέρπεται
2789 4617 3002 4670 ἀκούων
3035 4619 3133 4686 τῆς
3158 4620 3389 4688 δεήσεως
3411 4617 3608 4680 αὐτῶν,
3627 4619 3710 4670 ὅτι
3737 4619 3802 4672 τὰ
3824 4621 3938 4690 ἀρε-

2391 4709 2488 4760 στὰ
2516 4707 2662 4777 αὐτῷ
2692 4709 2964 4761 αἰτοῦνται
2999 4711 3127 4779 παρ’
3159 4708 3251 4762 τοῦ
3289 4709 3384 4779 (8).

2459 4798 2546 4852 50.
2582 4799 2856 4865 Θυμοῦται
2879 4800 2956 4864 δὲ,
2980 4803 3071 4854 καί
3102 4799 3376 4871 ὀργίζεται
3407 4802 3497 4854 ἐπὶ
3518 4803 3643 4866 τοὺς
3667 4804 3940 4865 ποιοῦντας

2388 4891 2551 4944 κακά.

2458 4983 2546 5035 51.
2584 4984 2691 5035 Καὶ
2723 4987 2785 5036 ὲκ
2811 4984 3011 5056 ταύτης
3027 4985 3119 5054 τῆς
3155 4985 3255 5055 γῆς
3278 4987 3369 5038 καὶ
3396 4986 3495 5055 τῆς
3526 4986 3848 5058 μελλούσης.

2455 5076 2543 5129 52.
2580 5076 2842 5148 Καθάπερ
2870 5080 2926 5130 ἐν
2965 5078 3043 5148 τῷ
3069 5078 3292 5133 κλύδωνι
3327 5080 3424 5148 τῆς
3454 5079 3731 5150 θαλάσσης
3767 5085 3816 5134 οἱ
3853 5099 3939 5151 μα-

2387 5166 2566 5237 θηταὶ,
2625 5170 2717 5222 καὶ
2769 5173 2832 5223 εκ
2868 5172 3067 5235 παντὸς
3107 5170 3201 5224 τοῦ
3245 5171 3510 5236 κλύδωνος
3545 5173 3726 5245 ψυχὴν
3764 5173 3937 5244 σῶμα·

1661 5308 1966 5373 Addenda
1997 5320 2056 5373 et
2091 5317 2461 5394 corrigenda
2503 5340 2580 5382 ex
2615 5323 2755 5384 cod.
2790 5324 2991 5385 Vatic.

819 5453 872 5518 1)
904 5455 998 5518 Εἰς
1026 5455 1144 5518 τήν.

795 5452 872 5592 (‘1)
904 5455 998 5518 Εἰς
1026 5455 1144 5525 τήν.

815 5525 872 5589 2)
901 5523 1242 5594 Κομίσασθαι
1263 5521 1462 5591 ἀγαθὸν
1487 5524 1613 5594 παρ’
1638 5522 1821 5588 αὑτοῦ,
1845 5523 1987 5582 οὕτω
2029 5535 2138 5592 etc,

794 5595 871 5662 (5)
908 5595 1092 5647 Δύτῶν
1126 5594 1216 5648 πλ.

795 5662 870 5732 (4)
905 5666 1127 5733 Κυρίως
1154 5675 1205 5718 et
1237 5666 1441 5734 reliqua
1473 5667 1665 5722 desunt
1699 5667 1751 5721 in
1785 5667 1902 5724 cod.

797 5735 871 5803 (5)
896 5734 1261 5805 Ἀνεκλειπής,
1289 5747 1390 5791 etc.

2457 5462 2528 5532 (6)
2551 5462 2735 5541 N.‘20_,
2765 5464 2853 5541 21.
2877 5466 2936 5518 Οί
2954 5465 3372 5541 ,ἐρχρμενοι-ὲπὶ
3419 5469 3479 5522 τὸ
3506 5469 3835 5541 διδαχθῆναι,
3866 5471 3937 5525 ἕλ-

2457 5483 2528 5532 (ο)
2552 5483 2612 5516 n.
2643 5483 2735 5526 zu,
2765 5483 2853 5519 21.
2877 5483 2936 5518 Ut
2961 5483 3240 5589 ερῇομενοι
3282 5483 3372 5520 επι
3419 5483 3479 5522 το
3506 5483 3835 5541 διδαχυηναι,
3866 5483 3934 5525 ελ-

2383 5533 2536 5615 θετε,⁸
2557 5533 2651 5615 καὶ
2702 5535 2987 5615 ἀικούσατέ.
3074 5577 3087 5589 .
3129 5537 3218 5603 22,
3248 5539 3336 5591 25.
3369 5541 3463 5605 Τίς
3492 5544 3641 5595 ἐστιν
3667 5541 3934 5615 ἄνθρωπος

2381 5604 2410 5654 ὁ
2433 5606 2488 5655 ἐν
2520 5604 2801 5673 ἐπιθυμίᾳ,
2836 5616 2939 5659 etc.

2570 5676 2676 5748 Καὶ
2703 5675 2773 5748 τὰ
2803 5676 2953 5748 χείλη
2979 5695 3070 5732 σου
3099 5677 3355 5737 κὼλυσον.

2455 5745 2527 5812 (8)
2567 5745 2758 5800 Αὑτοῦ.
