4084 6322
166 369 273 425 775
1041 367 1129 421 DE
1166 365 1439 423 TITULIS
1478 366 1921 423 PSALMORL‘M.
1959 401 2021 409 -—
2046 368 2240 422 PSAL.
2287 368 2519 424 XXXIV.
3296 375 3396 428 774

235 484 327 537 55.
375 483 484 535 Καὶ
530 484 593 535 ἐκ
637 481 822 536 πασῶν
846 481 953 534 τῶν
989 481 1216 550 θλίψεων
1249 479 1427 534 αὐτῶν
1460 480 1732 551 ἐρρύσατο
1761 491 1801 545 Α

1778 491 1801 545 t
1901 481 1987 535 55.
2027 480 2090 534 Et
2121 497 2185 533 ex
2218 481 2471 536 omnibus
2501 480 2941 534 tribulationibus
2973 495 3160 534 eorum
3192 482 3391 536 libera-

159 575 383 638 αὐτούς.

1834 574 1907 626 vit
1935 587 2047 626 eos.

233 664 323 717 54.
356 665 550 734 Ἐγγὺς
578 665 775 736 Κύριος
802 667 909 726 τοῖς
951 661 1425 733 συντετριμμένοις
1462 661 1561 730 τὴν
1593 678 1728 731 καρ-

1901 666 1989 720 54.
2023 665 2181 720 Juxta
2219 667 2480 722 Dominus
2526 667 2593 722 iis
2634 667 2727 736 qui
2765 667 3020 722 tribulato
3049 668 3389 723 suntcorde:

157 755 278 808 δίαν
306 753 394 826 [τῇ
425 756 668 828 καρδίᾳ),

231 847 324 898 55.
367 847 478 899 Καὶ
510 849 634 908 τοὺς
665 848 949 909 ταπεινοὺς
977 847 1054 917 τῷ
1089 847 1356 916 πνεύματι
1390 846 1572 900 σώσει.

1239 864 1356 900 tam
1390 846 1572 900 σώσει.
1895 849 1984 902 55.
2023 847 2088 901 Et
2117 847 2352 903 humiles
2380 848 2574 916 spiritu
2605 847 2852 902 salvabit.

229 935 321 989 56.
363 937 557 990 Πολλά).
591 939 646 990 αἱ
680 938 883 1006 θλίψεις
915 939 1022 991 τῶν
1058 940 1300 1002 δικαίων,

1897 941 1986 995 56.
2028 941 2604 995 Multaetribulationes
2632 942 2899 1011 justorum
2920 980 2933 1001 ,

228 1031 322 1084 57.
364 1031 470 1084 Καὶ
486 1033 548 1083 ἐκ
566 1030 753 1084 πασῶν
777 1032 953 1084 αὐτῶν
979 1031 1198 1101 ῥύσεται
1228 1032 1422 1094 αὐτοὺς
1449 1033 1476 1082 6
1498 1031 1719 1101 Κύριος.

1668 1048 1719 1093 ς.
1892 1034 1981 1086 57.
2016 1033 2081 1087 Et
2107 1051 2169 1087 ex
2203 1034 2457 1088 omnibus
2482 1034 2567 1087 his
2602 1033 2850 1087 liberabit
2875 1048 2968 1086 eos
3002 1033 3281 1088 Dominus.

226 1121 319 1175 58.
359 1122 619 1175 Φυλάσσει
652 1123 851 1194 Κύριος
883 1124 1056 1176 πάντα
1088 1121 1158 1174 τὰ
1187 1123 1320 1175 ὀστᾶ.
1354 1122 1527 1176 αὐτῶν
1547 1139 1560 1151 ·

1520 1139 1560 1169 ν·
1892 1125 1979 1178 58.
2013 1124 2258 1178 Custodit
2291 1123 2549 1177 Dominus
2571 1124 2753 1177 omnia
2785 1138 2908 1177 ossa
2945 1138 3133 1177 eorum

227 1215 319 1269 59.
343 1216 435 1268 Ἕν
465 1215 522 1279 ἐξ
550 1216 729 1268 αὐτῶν
761 1217 818 1267 οὐ
859 1217 1297 1285 συντριϐήσεται.

1284 1254 1297 1266 .
1893 1218 1979 1272 59.
2016 1217 2192 1271 Unum
2223 1232 2285 1270 ex
2318 1216 2402 1270 his
2432 1231 2539 1270 non
2571 1225 2895 1270 conteretur.

228 1306 321 1359 40.
361 1306 596 1370 Θάνατος
626 1307 957 1377 ἁμαρτωλῶν
982 1306 1216 1378 πονηρός
1235 1322 1248 1334 ’

1238 1322 1248 1334 ’
1888 1308 1977 1361 40.
2012 1307 2156 1361 Mors
2192 1317 2534 1377 peccatorum
2569 1307 2802 1376 pessima
2838 1325 2851 1359 :

223 1398 316 1450 41.
354 1399 459 1450 Καὶ
481 1399 529 1449 οἱ
562 1397 836 1468 μισοῦντες
860 1397 948 1450 τὸν
975 1398 1182 1450 δίκαιον
1213 1396 1318 1466 πλη
1328 1396 1676 1467 μμελήσουσι.

1471 1397 1676 1467 ήσουσι.
1889 1402 1977 1455 41.
2020 1398 2086 1453 Et
2114 1398 2204 1468 qui
2233 1398 2462 1452 oderunt
2491 1397 2718 1466 justum,
2749 1397 3080 1466 delinquent.

221 1490 316 1544 42.
357 1489 700 1559 Λυτρώσεται
727 1490 928 1560 Κύριος
953 1489 1128 1560 ψυχάς
1154 1488 1352 1542 δούλων
1386 1488 1550 1542 αὑτοῦ
1573 1505 1588 1518 ·

1887 1494 1977 1546 42.
2013 1491 2261 1547 lledimet
2290 1491 2552 1546 Dominus
2574 1491 2786 1546 animas
2809 1506 3088 1546 servorum
3113 1504 3337 1544 suorum
3364 1509 3378 1555 ;

221 1583 314 1636 45.
356 1582 463 1635 Καὶ
488 1582 546 1634 οὐ
580 1580 654 1653 μὴ
684 1580 1112 1653 πλημμελήσωσι
1152 1581 1349 1644 πάντες
1391 1583 1438 1634 οἱ
1470 1581 1714 1645 ἐλπίζον·

1885 1586 1974 1640 45.
2013 1587 2077 1640 Et
2098 1600 2206 1639 non
2233 1584 2547 1654 delinquent
2579 1597 2793 1647 omnes,
2826 1583 2919 1652 qui
2960 1593 3180 1652 sperant
3209 1584 3262 1637 in
3288 1598 3379 1638 eo.

145 1687 239 1733 τες
266 1673 353 1723 ἐπ’
384 1671 562 1723 αὐτόν.

465 1784 708 1854 Ψαλμὸς
740 1783 817 1850 τῷ
847 1784 1039 1838 Δαϐἰδ.
1083 1786 1253 1838 ΨΑΑ.
1280 1783 1403 1837 ΛΔυ.
1747 1831 1797 1892 Β

1747 1831 1797 1892 Β
2085 1782 2336 1838 Psalmus
2367 1781 2557 1838 David.
2599 1781 2801 1839 PSAL.
2838 1774 3105 1840 XXXIV.

224 1900 274 1952 l.
317 1900 564 1966 Δίκασον,
592 1899 785 1973 Κύριε,
812 1902 936 1963 τοὺς
960 1899 1277 1963 ἀδικοῦντάς
1310 1917 1376 1970 με
1398 1916 1411 1928 ·

1310 1917 1376 1970 με
1398 1916 1411 1928 ·
1896 1893 1945 1950 1.
1978 1893 2192 1958 Judica,
2216 1893 2463 1958 Domine,
2497 1902 2750 1950 nocentes
2778 1910 2862 1949 me
2895 1913 2907 1948 :

215 1993 270 2046 2.
310 1992 619 2064 Πολέμησον
648 1993 772 2056 τοὺς
796 1991 1160 2064 πολεμοῦντάς
1194 2009 1261 2063 με
1282 2008 1295 2022 ·

1194 2009 1261 2063 με
1282 2008 1295 2022 ·
1890 1987 1943 2040 2.
1982 1985 2239 2056 Expugna
2271 1986 2648 2055 impugnantes
2675 2001 2758 2040 me
2785 2004 2797 2039 :

212 2085 270 2140 5.
302 2084 590 2139 Ἐπιλαϐοὖ
641 2086 804 2139 ὅπλου
840 2087 933 2140 καὶ
966 2084 1180 2157 θυρεοῦ,
1217 2085 1309 2138 καὶ
1339 2080 1598 2152 ἀνάστηθι
1633 2081 1714 2144 εἰς

1888 2078 1940 2131 5.
1980 2075 2336 2146 Apprehende
2380 2090 2532 2132 arma
2559 2084 2611 2130 et
2648 2081 2863 2130 scutum
2888 2115 2902 2141 ,
2957 2083 3011 2128 et
3057 2087 3285 2144 exsurge
3319 2072 3375 2127 in

137 2177 245 2248 τὴν
281 2176 532 2249 βοήθειάν
562 2194 682 2249 μου.

1815 2168 2144 2239 adjutorium
2172 2185 2372 2227 meum.

1272 2349 1646 2406 ATHANASII
1685 2345 2271 2403 INTERPRETATIO.

136 2535 232 2580 τος
253 2513 647 2588 χωριζομένην,
670 2514 764 2567 καὶ
795 2513 870 2586 (1)
907 2512 1152 2582 βοώντων
1188 2512 1321 2583 πρὸς
1362 2510 1524 2565 αὑτὸν
1560 2510 1711 2580 εισή-

1810 2506 2072 2568 Iiberavit,
2118 2513 2173 2558 et
2208 2501 2505 2559 clamantes
2534 2499 2603 2556 ad
2639 2513 2766 2556 eum
2797 2495 3094 2564 exaudivit,
3140 2504 3194 2551 et
3231 2509 3376 2552 nunc

137 2625 333 2672 κουσε,
369 2608 463 2660 καὶ
481 2605 752 2661 εἰσακούει
783 2605 983 2660 αὐτῶν.

568 2605 752 2661 ακούει
783 2605 983 2660 αὐτῶν.
1810 2597 2030 2651 exaudit
2064 2609 2179 2649 eos.

209 2701 303 2754 55.
339 2700 459 2753 Τῶν
489 2699 806 2769 πειρασμῶν
841 2698 933 2751 τοῦ
964 2697 1184 2769 ἐχθροῦ.

1108 2697 1184 2750 οὗ.
1881 2688 1970 2742 55.
1999 2687 2044 2740 Α
2071 2685 2464 2740 tentationihus
2494 2683 2721 2741 inimici.

211 2793 304 2848 54.
341 2793 464 2855 Τοῖς
501 2791 701 2863 πραέσι
728 2790 827 2862 (2).

633 2791 701 2844 ξσι
728 2790 827 2862 (ε),
1882 2779 1971 2832 54.
2004 2777 2246 2834 Mitibus.

210 2884 304 2938 55.
340 2885 476 2947 Τοὺς
508 2883 931 2954 ταπεινόφρονας
960 2883 1059 2953 (5),
1081 2881 1250 2950 λέγει,
1295 2879 1478 2945 σώσει,
1502 2879 1562 2933 οὐ
1585 2879 1710 2943 τοὺς

1881 2871 1969 2926 55.
2003 2870 2076 2924 De
2111 2886 2170 2925 se
2203 2870 2477 2926 humiliter
2520 2871 2815 2925 sentientes
2855 2868 3106 2934 salvabit,
3162 2867 3369 2938 inquit;

134 2974 576 3042 ταπεινολόγους,
606 2975 700 3026 καὶ
723 2975 1210 3043 ταπεινοσχήμους.

1811 2978 1920 3018 non
1947 2963 2149 3026 verbis,
2179 2971 2234 3017 et
2256 2964 2436 3032 specie
2464 2971 2622 3017 tenus
2649 2961 2900 3017 humiles.

208 3067 300 3120 56.
322 3067 408 3119 ’Ev
436 3066 513 3137 τῷ
538 3067 725 3136 κόσμῳ
757 3065 948 3134 τούτῳ.

841 3065 948 3134 inp.
1877 3055 1966 3110 56.
1998 3055 2054 3109 In
2085 3055 2190 3109 hoc
2229 3053 2454 3110 mundo.

207 3157 302 3212 57.
338 3157 436 3210 Διὰ
471 3158 579 3228 γὰρ
605 3157 765 3210 αὑτὸν
791 3157 995 3224 Θλίψεις
1029 3155 1407 3225 ὑπομένουσιν.

1877 3145 1964 3198 57.
1999 3144 2131 3197 Nam
2163 3153 2382 3214 prapter
2403 3160 2528 3200 eum
2560 3143 2935 3199 tribulationes
2961 3142 3261 3213 patiuntur.

219 3249 312 3302 58.
347 3249 457 3318 Τὴν
493 3250 644 3318 ἰσχὺν
672 3249 770 3318 τῆς
799 3248 876 3318 (4)
905 3247 1082 3318 ψυχῆς
1108 3249 1306 3304 αὐτῶν.
1728 3258 1774 3319 c

1233 3249 1306 3304 δν,
1728 3258 1774 3319 c
1873 3234 1961 3288 58.
2001 3232 2393 3288 Fortitudinem
2421 3235 2614 3287 animae
2638 3249 2846 3288 eorum.

203 3341 302 3393 59.
322 3341 409 3391 Ἐν
431 3339 601 3393 οὐδενὶ¹
616 3340 762 3392 ἐάσει
780 3338 1047 3410 φθαρῆναι
1065 3339 1260 3402 αὐτοὺς
1278 3339 1381 3392 ὑπὸ
1403 3338 1696 3409 ἁμαρτίας.

1614 3355 1696 3401 ας,
1876 3322 1963 3376 59.
1995 3321 2313 3376 Nullatenus
2338 3320 2480 3376 sinet
2506 3321 2777 3390 corrumpi
2798 3335 2894 3376 eos
2923 3334 2954 3373 a
2983 3328 3225 3390 peccato.

205 3424 301 3480 40.
319 3427 382 3478 Ἢ
416 3427 677 3498 ἁμαρτία.

1876 3411 1963 3465 40.
1989 3410 2296 3466 Peccatum.

208 3518 302 3572 41.
334 3519 442 3571 Καὶ
472 3521 520 3572 οἱ
548 3519 826 3589 μισοῦντες
849 3520 938 3574 τὸν
960 3521 1090 3575 Θεὸν
1113 3522 1350 3586 καὶτοὺς
1374 3521 1536 3574 αὑτοῦ
1560 3520 1703 3592 [606-

1877 3507 1964 3560 41.
2000 3505 2063 3558 Et
2094 3506 2185 3575 qui
2217 3504 2344 3560 odio
2394 3504 2596 3560 habent
2646 3503 2814 3559 Deum
2868 3512 2921 3559 et
2976 3519 3164 3560 servos
3208 3504 3363 3574 ejus,

132 3610 288 3682 λους]
312 3612 740 3682 ἀμαρτήσουσιν.

512 3613 740 3682 ήσουσιν.
1806 3598 2125 3668 peccabunt.

204 3703 300 3758 42.
320 3703 451 3756 Ἀπὸ
485 3702 667 3776 πάσης
690 3703 982 3776 ἁμαρτίας.

900 3722 982 3769 ας,
1874 3688 1961 3742 42.
1999 3689 2078 3741 Ab
2107 3686 2252 3740 omni
2275 3697 2513 3756 peccato.

201 3793 296 3846 45.
329 3794 436 3846 Καὶ
462 3793 520 3846 οὐ
553 3795 628 3866 μὴ
675 3795 958 3867 ἁμάρτωσι
998 3795 1073 3868 (5)
1120 3795 1319 3861 πάντες
1362 3797 1410 3850 οἱ
1459 3794 1702 3861 ἐλπίζον-

1874 3777 1964 3834 45.
2000 3777 2063 3833 Et
2088 3792 2195 3834 non
2223 3779 2526 3850 peccabunt
2560 3792 2772 3844 omnes,
2801 3777 2894 3850 qui
2933 3787 3157 3851 sperant
3188 3779 3242 3833 in
3273 3794 3359 3836 eo.

127 3898 223 3948 τες
262 3885 348 3937 ἐπ’
375 3886 558 3939 αὐτόν.

210 3998 280 4050 'H
341 3999 670 4071 προκειμένη
723 4001 998 4073 ἐπιγραφὴ
1054 4003 1326 4072 περιέχει·
1383 4001 1625 4070 Ψαλμὸς
1669 3999 1747 4065 τῷ
1786 3997 1981 4053 Δαϐίδ.
2025 3995 2194 4049 Τοῦτο
2229 3991 2322 4050 οὖν
2361 3996 2526 4066 λέγει,
2553 3998 2688 4051 ὅτιὸ
2716 3999 2927 4070 ψαλμὸς
2964 3994 3118 4064 οὗτος
3148 4003 3223 4072 τῷ
3255 4003 3363 4075 Υἱῷ

126 4089 226 4142 τοῦ
253 4088 488 4143 Θεοῦ.ὐ
515 4091 620 4160 γὰρ
644 4092 804 4143 Δαϐὶδ
831 4093 922 4145 καὶ
946 4094 1041 4164 τὴν
1070 4093 1341 4161 ἐκδίκησιν
1371 4093 1590 4164 ἐποίησε
1629 4091 1735 4145 τῶν
1760 4089 2115 4162 άρπαγέντων
2141 4089 2448 4160 προϐάτων,
2485 4090 2580 4144 καὶ
2605 4088 2746 4159 ὑπὲρ
2769 4090 2862 4144 τοῦ
2889 4090 3017 4144 λαοῦ
3048 4092 3363 4163 πολεμήσας

127 4182 231 4252 τὴν
267 4181 423 4249 νίκην
449 4181 734 4251 πεποίηται
769 4184 1010 4248 πατάξας
1036 4186 1124 4237 τὸν
1151 4186 1544 4258 Γο).ιάθ.”οπερ
1581 4186 1906 4257 εὑρίσκομεν
1931 4184 2294 4255 γεγενημένον
2319 4183 2423 4237 ὑπὸ
2450 4183 2544 4236 τοῦ
2576 4182 2704 4237 Υἱοῦ
2725 4200 2738 4213 ·
2773 4185 2854 4237 ὄτι
2889 4185 2981 4237 καὶ
3010 4185 3109 4256 τὴν
3143 4185 3361 4257 ἐκδίκηο

129 4289 217 4325 σιν
241 4271 466 4342 ἐποίησε
494 4272 599 4325 τῶν
623 4275 1105 4345 καταπονουμένων
1139 4277 1241 4329 ὑπὸ
1269 4277 1375 4330 τῶν
1405 4277 1658 4330 ἐναντίων
1681 4277 1979 4347 δυνάμεων,
2017 4276 2110 4330 καὶ
2151 4275 2465 4346 πολεμήσας
2501 4276 2592 4328 καὶ
2622 4275 2944 4330 καταϐαλὼν
2974 4277 3064 4330 τὸν
3098 4277 3358 4345 διάϐολον,

127 4365 291 4434 νίκην
312 4363 606 4438 δεδώρηται
638 4365 714 4435 τῷ
746 4366 888 4435 γένει
912 4368 1083 4439 ἡμῶν.
1103 4369 1299 4440 ἈληΘῆ
1332 4369 1386 4421 δὲ
1417 4369 1589 4422 ταῦτά
1618 4387 1699 4422 σοι
1728 4369 2051 4439 παρίστησιν
2079 4360 2232 4430 οὗτος
2254 4370 2282 4420 6
2307 4367 2517 4438 ψαλμὸς
2543 4367 2714 4431 οὕτως

199 4459 420 4515 Titulus
448 4463 764 4529 praepositus
787 4466 1025 4519 continet
1058 4484 1071 4546 ξ
1100 4466 1340 4520 Psalmus
1377 4465 1561 4519 David.
1606 4463 1719 4519 Hoc
1777 4476 1955 4520 autem
2006 4464 2294 4536 signiﬁcat,
2321 4465 2467 4534 quod
2502 4465 2744 4535 psalmus
2786 4466 2886 4522 iste
2936 4469 3002 4523 ad
3037 4469 3130 4525 Dei
3155 4470 3352 4527 Filium

126 4548 387 4618 pertinet.
425 4547 588 4603 David
619 4550 763 4603 enim
795 4561 847 4605 et
875 4568 1056 4623 raptas
1084 4570 1210 4610 oves
1240 4554 1546 4618 vindicavit,
1579 4565 1631 4609 et
1665 4570 1761 4624 pro
1792 4556 1988 4624 populo
2020 4571 2288 4626 pugnans,
2323 4571 2581 4624 percusso
2615 4556 2854 4622 Goliath,
2893 4560 3176 4615 victoriam
3211 4564 3356 4618 obti-

127 4646 267 4699 nuit.
307 4642 464 4715 Quod
497 4645 798 4702 invenimus
827 4663 857 4702 a
886 4648 976 4704 Dei
1005 4649 1142 4704 Filio
1169 4649 1367 4705 factum
1394 4666 1515 4706 esse
1545 4668 1558 4704 :
1592 4653 1846 4720 quoniam
1877 4661 1928 4706 et
1953 4653 2020 4707 ab
2059 4654 2388 4708 adversariis
2415 4655 2770 4723 potestatibus
2800 4671 3093 4726 oppressos
3116 4660 3356 4716 vindica-

122 4742 221 4800 vit.
254 4749 331 4802 et,
369 4739 499 4793 inita
529 4755 727 4811 pugna,
756 4751 1137 4817 prostratoque
1167 4746 1407 4813 diabolo,
1439 4748 1721 4802 victoriam
1753 4749 1975 4804 donavit
2004 4750 2187 4820 generi
2231 4750 2493 4805 humano.
2520 4750 2628 4808 Has
2657 4762 2835 4808 autem
2869 4757 3120 4812 veritates
3149 4759 3245 4814 tibi
3281 4761 3353 4815 ita

122 4837 348 4890 exhibet
379 4837 467 4891 hic
489 4838 748 4907 psalmus.

194 4930 385 4983 1.Ὀτι
418 4931 621 4996 δίκαιος
645 4929 696 4985 εἰ
721 4934 931 5006 κριτής.
1723 4943 1765 4998 D

1723 4943 1765 4998 D
1866 4939 1916 4992 Ι.
1954 4939 2219 5004 Quoniam
2244 4942 2427 5010 justus
2453 4959 2514 4999 es
2536 4945 2721 5014 judex.

193 5018 252 5074 2.
288 5019 402 5083 Τὰς
437 5021 690 5092 δυνάμεις
715 5022 809 5075 τοῦ
836 5022 1048 5095 ἐχθροῦ.

895 5022 1048 5095 θροῦ.
1845 5032 1916 5087 .2.
1952 5031 2252 5090 Potestates
2286 5037 2508 5092 inimici.

193 5114 248 5168 5.
286 5111 393 5165 Τοῦ
426 5114 657 5185 σταυροῦ
689 5131 804 5180 σου,
835 5115 1002 5184 λέγει,
1034 5115 1127 5170 καὶ
1153 5117 1250 5190 τῆς
1282 5118 1512 5183 πίστεώς
1532 5138 1644 5176 σου.

1282 5118 1512 5183 πίστεώς
1532 5138 1644 5176 σου.
1857 5124 1908 5177 5.
1938 5126 2128 5182 Crucis
2156 5138 2279 5191 tuae,
2310 5131 2504 5201 inquit,
2527 5143 2580 5188 et
2598 5133 2717 5188 ﬁdei
2745 5143 2864 5191 tuae.

1074 5256 1380 5321 Addenda
1410 5268 1469 5322 et
1503 5265 1875 5345 corrigenda
1915 5285 1993 5329 ex
2022 5269 2163 5331 cod.
2200 5271 2400 5334 Vatic.

187 5398 284 5492 {5)-
311 5398 518 5492 Hawbg
548 5399 603 5451 δὲ
660 5400 921 5465 κλύδωνος
949 5401 1124 5473 ψυχῆς
1155 5403 1249 5454 καὶ
1288 5405 1690 5476 χειμαζομένων
1802 5413 1944 5492 Λ(6)
1969 5415 2132 5492 ΉΑδιά
2151 5416 2251 5484 τῆς
2274 5417 2640 5492 κένγᾳσξάρεῳς
2656 5422 2895 5492 περιέχει
2916 5421 3024 5492 .τῷ
3040 5423 3219 5490 Adsis.
3242 5437 3346 5484 etc.

122 5479 395 5565 καιᾷὶιςξἱ
407 5541 480 5565 Δ--
497 5558 516 5565 Δ
1793 5477 1958 5565 Οὗτος
1995 5477 2235 5565 εἴρηται-
2372 5489 2488 5565 1ξὶιέ
2505 5477 2605 5565 ’τοῦ
2622 5477 2792 5565 ⁷θεοῦ,
2812 5477 2930 5548 Ere.
2987 5477 3350 5565 Γεγενηῇέῖὁῦ

313 5540 742 5637 ῌράοιςζηωι--
781 5629 874 5637 ’μ
1792 5556 1884 5637 καὶ
2051 5540 2143 5607 τοῖὗ
2176 5543 2423 5637 Υςοῖίτοῦ
2454 5540 2608 5637 θεοῦ,
2644 5540 3008 5637 8{[{éié."i<ai
3029 5540 3347 5637 ῖιὲἆλέἱῧῖἇᾶξ

312 5610 892 5706 Ξαπεινοιρρογοῦντας.
1025 5685 1050 5696 η
1177 5695 1189 5706 ι
1784 5626 1903 5706 τὸν,
1922 5627 2153 5696 πόλεμον
2189 5628 2262 5695 τῷ
2295 5630 2440 5693 γένει
2474 5631 2581 5682 τῶν
2597 5610 2936 5706 ’ἀνθρώπωη
2967 5635 3105 5701 λέγω
3147 5610 3210 5706 διῆ
3232 5610 3345 5690 ’τῐῦ

656 5687 803 5752 ἰσχὺν
827 5682 967 5751 λέγει
991 5685 1108 5754 τῆς,
1140 5695 1246 5743 etc.
1783 5679 2177 5775 §td6olto‘_/,|et_c.
2198 5679 2391 5770 ’Ᾰλῆθῆ
2422 5700 2476 5753 δὲ
2498 5701 2666 5756 ταῦτα
2693 5679 2801 5760 οῗον
2832 5679 3342 5775 παρίστησιν-άὺτδς

189 5749 266 5820 (5)
295 5750 742 5821 Ἀμαρτήσουσιν.
1782 5767 1809 5815 6
1839 5749 2053 5836 ιραλμόξ
2086 5768 2271 5832 οὕτως.
