4084 6322
748 303 851 356 775
1582 298 1638 354 S.
1679 295 2048 351 ATHANASII
2088 295 2236 352 OPP.
2280 296 2460 352 PARS
2496 296 2582 352 Ill.
2615 328 2684 338 —
2715 294 3121 352 EXEGETICA.
3878 295 3958 348 776

817 417 870 471 4.
904 414 1131 470 Eﬂ‘unde
1183 414 1464 478 frameam,
1508 428 1560 468 et
1593 412 1858 468 concludc
1903 415 2165 469 adversus
2207 429 2302 470 eos
2333 421 2378 477 Α

2351 421 2378 477 ι
2472 413 2768 483 ι.“Ἐκχεον
2803 410 3096 482 ῥομφαίαν.
3144 408 3237 461 καὶ
3284 407 3607 476 σύγκλεισον
3670 406 3964 472 ἐξεναντίας

745 509 836 575 qui
868 516 1267 577 persequuntur
1299 519 1403 560 me.

2414 503 2521 556 τῶν
2545 501 2987 557 καταδιωκόντων
3019 517 3104 570 με.

819 597 870 653 5.
905 599 1000 655 Dic
1034 600 1230 655 anima
1260 615 1391 654 mea:
1417 617 1429 652 :
1457 597 1616 654 Salus
1645 606 1734 653 tua
1759 612 1859 667 ego
1882 613 2026 654 sum.

2486 596 2539 651 5.
2575 591 2739 647 Εἶπον
2763 595 2829 663 τῇ
2861 591 3004 662 ψυχῇ
3041 609 3141 662 μου
3162 608 3174 620 ·
3206 589 3450 661 Σωτηρία
3481 588 3568 641 σού
3598 589 3719 658 είμι
3749 585 3883 656 ἐγώ.

818 690 871 744 6.
910 689 1325 745 Confundantur
1369 698 1424 744 et
1459 697 1806 744 revereantur
1850 697 2154 759 quaerentes
2187 685 2307 740 ani-

2487 687 2540 742 6.
2575 685 3025 757 Αίσχυνθήτωσαν
3058 683 3151 736 καὶ
3173 683 3586 754 ἑντραπήτωσαν
3609 682 3660 733 οἱ
3691 678 3964 749 ζητοῦντες

751 797 893 835 mam
927 797 1123 838 meam.

2414 779 2510 850 τὴν
2535 778 2710 849 ψυχήν
2747 796 2869 849 μου.

817 873 872 927 7.
907 873 1234 927 Avertantur
1267 881 1564 929 retrorsum
1607 880 1663 927 et
1706 869 2110 927 confundantur
2156 867 2307 940 cogi-

2487 871 2537 924 7.
2571 873 3098 943 Ἀποστραφήτωσαν
3120 873 3200 936 είς
3216 871 3281 925 τὰ
3306 871 3498 937 ὀπίσω,
3528 871 3621 925 καὶ
3653 887 3968 941 καταισχυν-

750 971 927 1019 tantes
955 963 1087 1018 mibi
1117 964 1279 1019 mala.

2415 962 2664 1034 θήτωσαν
2693 966 2742 1017 oi
2781 963 3114 1035 λογιζόμενοί
3154 981 3242 1034 μοι
3273 963 3437 1018 κακά.

819 1053 873 1108 8.
915 1053 1073 1108 Fiant
1100 1063 1360 1124 tanquam
1394 1052 1572 1123 pulvis
1604 1060 1730 1108 ante
1759 1051 1951 1106 faciem
1983 1049 2164 1106 venti:

2483 1054 2535 1108 8.
2555 1055 2944 1127 Γενηθήτωσαν
2972 1055 3104 1110 (basi.
3119 1055 3274 1126 χνοῦς
3290 1057 3426 1109 κατὰ
3445 1054 3733 1128 πρόσωπον
3755 1055 3966 1126 ἀνέμου·

820 1145 871 1200 9.
909 1145 976 1199 Ει
1002 1147 1225 1216 angelus
1259 1145 1473 1201 Domini
1504 1153 1788 1198 coarctans
1813 1157 1928 1197 eos.

2479 1145 2532 1199 9.
2569 1146 2678 1199 Kal
2705 1146 2934 1214 ἄγγελος
2967 1147 3172 1217 Κυρίου
3203 1146 3465 1201 ὲκθλίόων
3492 1145 3688 1209 αὐτούς

817 1235 902 1289 10.
941 1235 1060 1290 Fiat
1086 1237 1170 1291 via
1202 1238 1418 1292 illorum
1449 1236 1682 1291 tenebrae
1711 1245 1765 1289 et
1797 1234 2065 1288 lubricum
2094 1250 2108 1286 :

2485 1237 2569 1290 10.
2612 1237 2898 1308 Γενηθήτω
2920 1240 2952 1308 ἡ
2973 1238 3090 1302 όδὸς
3123 1238 3301 1293 αὐτῶν
3337 1239 3525 1303 σκότος
3555 1239 3649 1290 καὶ
3676 1237 3966 1307 ὀλίσθημα·

818 1328 906 1382 11.
939 1327 1005 1383 Ει
1032 1331 1255 1400 angelus
1294 1329 1507 1383 Domini
1541 1341 1874 1400 persequens
1905 1341 2023 1381 eos.

2485 1326 2571 1379 11.
2612 1327 2721 1380 Kal
2751 1327 2978 1396 ἄγγελος
3009 1328 3213 1398 Κυρίου
3247 1327 3592 1381 καταδιώκων
3619 1325 3851 1389 αὐτούς.

819 1419 905 1473 12.
946 1419 1213 1486 Quoniam
1238 1421 1408 1492 gratis
1426 1420 1836 1476 absconderant
1864 1417 1998 1472 mihi
2026 1415 2305 1472 interitum

2486 1413 2570 1467 12.
2587 1415 2707 1469 Ὀτι
2725 1416 2931 1488 δωρεὰν
2957 1417 3194 1488 ἔκρυψαν
3219 1435 3308 1488 μοι
3328 1416 3618 1488 διαφθορὰν
3640 1415 3874 1484 παγίδος
3891 1414 3970 1467 αὖ·

748 1507 926 1577 laqnei
955 1509 1040 1564 sui
1066 1529 1080 1564 :
2415 1502 2539 1557 τῶν.

821 1601 906 1653 15.
945 1601 1292 1671 Supervacue
1327 1601 1793 1672 exprobravernnt
1832 1600 2068 1655 animam
2111 1611 2305 1652 meam.

1984 1613 2068 1652 am
2111 1611 2305 1652 meam.
2485 1594 2573 1648 15.
2613 1593 2803 1664 Μάτην
2830 1595 3106 1650 ὠνείδισαν
3140 1596 3235 1667 τὴν
3266 1596 3442 1666 ψυχήν
3475 1613 3593 1666 μου.

816 1689 904 1743 14.
938 1687 1127 1746 Veniat
1157 1691 1234 1746 illi
1261 1692 1510 1761 laqueus,
1542 1706 1704 1762 quem
1730 1690 1944 1760 ignorat
1979 1706 1993 1742 :

2484 1686 2572 1741 11.
2602 1687 2828 1741 Ἐλθέτω
2865 1688 3011 1760 αὐτῷ
3038 1689 3221 1755 παγίς,
3246 1689 3312 1758 ῆν
3341 1689 3402 1740 οὐ
3427 1687 3684 1756 γινώσκει
3703 1704 3718 1718 ·

819 1781 905 1835 15.
941 1780 1216 1852 Eteaptio,
1246 1798 1408 1852 quam
1424 1783 1725 1849 abscondit,
1751 1780 2120 1853 apprehendat
2138 1793 2296 1834 eum:
2331 1783 2375 1838 Β

2284 1797 2296 1834 :
2331 1783 2375 1838 Β
2474 1776 2559 1831 15.
2601 1777 2710 1830 Kal
2735 1779 2769 1847 ἡ
2799 1776 2964 1850 θήρα,
2993 1778 3058 1848 ἢν
3090 1777 3312 1848 ἔκρυψε,
3333 1775 3638 1829 ωλλαὸἑτω
3669 1772 3843 1827 αὐτόν
3863 1790 3875 1803 ·

818 1871 902 1926 16.
932 1870 996 1927 Et
1020 1873 1074 1927 in
1100 1873 1347 1944 laqueum
1380 1876 1536 1931 cadat
1567 1877 1622 1930 in
1655 1876 1854 1946 ipsum.

2473 1866 2555 1924 16.
2597 1869 2708 1922 Kal
2744 1870 2802 1922 ἐν
2828 1872 2894 1939 τῇ
2931 1869 3117 1936 παγίδι
3148 1869 3391 1921 πεσεῖται
3424 1869 3481 1920 tv
3516 1867 3675 1937 αὐτῇ.

817 1962 903 2015 17.
932 1961 1124 2017 Anima
1155 1974 1334 2019 autem
1364 1980 1482 2020 mea
1509 1965 1802 2021 exsultabit
1831 1964 1888 2019 in
1922 1961 2154 2018 Domino
2178 1978 2191 2015 :

2474 1958 2562 2013 17.
2593 1957 2658 2013 Ἦ
2679 1958 2736 2012 δὲ
2765 1959 2910 2029 ψυχή
2941 1975 3040 2030 μου
3076 1957 3464 2026 ἀγαλλιάσεται
3489 1957 3580 2009 ἐπὶ
3602 1955 3684 2025 τῷ
3714 1954 3939 2026 Κυρίῳ’

814 2054 899 2108 18.
935 2053 999 2107 Et
1023 2055 1375 2112 delectabitur
1399 2070 1560 2128 super
1587 2058 1813 2113 salutari
1849 2071 1975 2112 suo.

2475 2048 2563 2104 18.
2604 2049 2977 2123 Τερφθήσεται
3006 2051 3098 2105 ἐπὶ
3127 2050 3204 2120 τῷ
3236 2048 3486 2119 σωτηρίῳ
3512 2047 3694 2101 αὐτοῦ.

821 2143 906 2198 19.
951 2143 1146 2200 Omnia
1186 2162 1314 2201 ossa
1355 2162 1476 2202 mea
1518 2147 1736 2203 dicent:
1763 2145 2010 2212 Domine,
2052 2142 2299 2209 Domine,

2476 2140 2563 2196 19.
2603 2142 2787 2197 Πάντα
2816 2143 2885 2206 τὰ
2914 2143 3046 2196 ὀστᾶ
3070 2159 3168 2212 μου
3202 2139 3384 2214 ἐροῦσι
3403 2157 3416 2170 ·
3447 2140 3638 2211 Κύριε.
3677 2140 3876 2211 Κύριε,
3900 2138 3971 2199 τίς

747 2237 870 2305 quis
897 2236 1090 2292 similis
1129 2239 1223 2292 tibi
1255 2239 1278 2292 2

1129 2239 1223 2292 tibi
1255 2239 1278 2292 2
2407 2233 2589 2304 ὅμοιός
2621 2251 2702 2287 σοι
2727 2251 2739 2299 ;

819 2326 907 2380 20.
936 2325 1183 2398 Eripiens
1205 2330 1415 2398 inopem
1445 2329 1509 2383 de
1538 2343 1699 2382 manu
1735 2327 2021 2383 fortiorum
2046 2324 2167 2394 ejus
2191 2340 2205 2389 ;

2478 2323 2566 2378 20.
2587 2322 2711 2375 Ῥυό
2717 2339 2874 2392 μενος
2891 2322 3102 2391 πτωχὸν
3118 2324 3181 2374 ὲκ
3197 2321 3375 2392 χειρὸς
3395 2321 3771 2393 στερεωτέρων
3799 2318 3971 2376 αὐτοῦ’

814 2418 904 2473 21.
931 2417 997 2473 Et
1061 2434 1292 2491 egenum
1341 2431 1394 2475 et
1454 2434 1746 2490 pauperem
1816 2434 1848 2474 a
1916 2414 2304 2488 diripientibus

2477 2415 2566 2469 21.
2607 2415 2715 2468 Kal
2743 2415 2955 2484 πτωχὸν
2991 2415 3082 2467 καὶ
3118 2413 3322 2486 πένητα
3353 2412 3461 2466 ἀπὸ
3501 2411 3609 2466 τῶν
3646 2410 3971 2484 διαρπαζόν-

747 2524 893 2565 eum.

2411 2526 2518 2562 των
2547 2508 2725 2562 αὐτόν.

1852 2682 2226 2738 ATHANASII
2265 2681 2857 2739 INTERPRETATIO.

815 2801 881 2869 4,
911 2799 963 2858 5.
998 2798 1065 2856 Et
1104 2799 1275 2872 gratia
1322 2799 1556 2871 Spiritus
1596 2801 1769 2857 sancti
1811 2800 2160 2856 circumdans
2190 2801 2309 2855 ani-

2481 2799 2536 2863 4,
2565 2799 2616 2853 5.
2661 2799 2768 2852 Kal
2809 2800 2873 2868 τῇ
2917 2796 3094 2866 χάριτι
3117 2794 3210 2846 τοῦ
3238 2793 3392 2861 ἁγίου
3421 2791 3497 2863 (1)
3522 2790 3847 2861 Πνεύματος
3887 2809 3972 2842 κυ-

747 2907 894 2946 mam
943 2906 1117 2946 meam
1141 2929 1156 2954 ,
1201 2891 1288 2946 dic
1329 2892 1478 2960 ipsi:
1515 2889 1592 2948 Ne
1639 2891 1851 2958 timeas,
1880 2891 2025 2946 salus
2079 2899 2173 2944 tua
2213 2905 2306 2960 ego

2411 2890 2622 2952 κλώσας
2644 2889 2741 2959 τὴν
2772 2888 2948 2959 ψυχήν
2985 2903 3106 2958 μου,
3138 2887 3263 2940 εἰπὲ
3298 2887 3434 2955 αὐτῇ
3455 2901 3468 2913 ·
3503 2883 3598 2956 Μὴ
3641 2882 3832 2954 φοϐοῦ,
3873 2899 3975 2936 σω-

747 2999 885 3037 διιηι.
2409 2980 2578 3046 ττιρία
2607 2980 2721 3033 σού
2747 2982 2862 3048 ειμι
2898 2975 3033 3047 ἐγώ.

816 3072 870 3126 6.
907 3074 1082 3143 Atque
1112 3073 1185 3127 ita
1220 3072 1436 3129 demum
1466 3073 1855 3142 confundantur
1882 3080 1931 3126 et
1970 3078 2303 3126 revereantur

2479 3071 2534 3126 6.
2567 3073 2676 3125 Kal
2708 3071 2851 3125 οὕτω
2881 3071 3063 3123 λοιπὸν
3092 3067 3599 3137 αἱσχυνθήτωσαν
3651 3068 3754 3122 καὶ
3775 3070 3971 3135 ἐντρα-

745 3173 1041 3235 potestates
1074 3165 1303 3220 inimici.
2335 3153 2358 3211 (

2335 3153 2377 3211 C
2410 3162 2694 3226 πήτωσαν
2720 3163 2775 3214 al
2809 3161 3062 3230 δυνάμεις
3088 3159 3181 3211 τοῦ
3211 3157 3427 3228 ἐχθροῦ.

818 3256 868 3310 7.
901 3255 1164 3312 Similiter
1185 3258 1387 3313 eadem
1423 3264 1734 3326 potestates.

2482 3253 2532 3307 7.
2551 3253 2779 3323 Ὁμοίως
2809 3255 2862 3306 αἱ
2896 3251 3056 3305 αὐταὶ
3083 3250 3361 3320 δυνάμεις.

817 3348 869 3402 8.
907 3347 1229 3403 Exsulﬂabit
1269 3347 1542 3402 daemones
1581 3362 1648 3401 ex
1689 3347 1852 3402 corde
1902 3361 2020 3401 meo
2070 3343 2308 3414 Spiritus

2481 3343 2533 3396 8.
2552 3343 2875 3412 Ἐκφυσήσει
2904 3342 3027 3403 τοὺς
3050 3341 3303 3410 δαίμονας
3331 3342 3394 3392 ὲκ
3423 3339 3522 3408 τῆς
3548 3338 3776 3402 καρδίας
3801 3355 3904 3408 μου
3926 3336 3976 3388 τὸ

746 3447 968 3492 sanctus
1004 3446 1149 3490 tuus.

2409 3430 2632 3500 Πνεῦμά
2665 3446 2757 3483 σου
2793 3429 2852 3482 τὸ
2881 3429 3052 3498 ἅγιον.

817 3529 869 3582 9.
901 3527 966 3582 Et
992 3528 1314 3584 illuminatio
1344 3539 1436 3584 tua
1466 3528 1738 3599 expellens
1773 3543 1870 3584 eos
1887 3542 1950 3582 ex
1979 3537 2141 3582 corde
2167 3539 2305 3580 meo.

2476 3521 2531 3576 9.
2567 3520 2673 3573 Kal
2701 3522 2728 3574 ὁ
2754 3520 3026 3590 φωτισμός
3050 3536 3141 3573 σου
3171 3517 3379 3571 διώκων
3409 3517 3606 3581 αὐτοὺς
3634 3518 3698 3571 ἐκ
3725 3518 3822 3588 τῆς
3852 3534 3977 3586 καρ-

2408 3609 2526 3672 δίας
2556 3628 2677 3681 μου.

817 3698 904 3754 10.
937 3699 1130 3772 lnopes
1159 3703 1369 3759 consilii
1401 3719 1509 3773 prae
1537 3704 1730 3758 timore
1761 3706 2071 3761 concidant.

2481 3705 2567 3757 10.
2586 3704 2672 3756 Ἐν
2695 3702 2900 3774 ἀπορίᾳ
2925 3701 3075 3764 ὄντες
3100 3700 3207 3753 ἀπὸ
3235 3697 3328 3753 τοῦ
3348 3698 3514 3769 φόϐου
3537 3699 3614 3768 (2)
3643 3699 3975 3752 πεσέτωσαν.

819 3793 904 3846 11.
936 3791 1001 3846 Et
1027 3794 1196 3862 gratia
1226 3803 1315 3848 tua
1343 3804 1694 3863 persequetur
1720 3811 1833 3851 eos.

2479 3793 2562 3845 11.
2598 3791 2706 3844 Kal
2744 3793 2777 3860 ἡ
2810 3793 2966 3861 χάρις
2996 3807 3087 3842 σου
3120 3787 3298 3853 διώξει
3331 3789 3543 3850 αὐτούς.

819 3884 904 3936 12.
937 3882 1074 3937 Cum
1110 3885 1253 3938 nulla
1281 3900 1366 3940 res
1393 3886 1528 3940 mihi
1553 3897 1699 3942 esset
1739 3904 1863 3944 cum
1893 3889 2044 3960 ipsis,
2080 3893 2308 3949 munda-

2480 3880 2562 3934 12.
2599 3880 2762 3934 Οὐδὲν
2789 3880 3004 3950 ἔχοντός
3027 3897 3124 3950 μου
3149 3879 3285 3949 πρὸς
3305 3878 3501 3940 αὐτοὺς
3521 3876 3728 3947 ἔθηκαν
3745 3876 3844 3938 τὰς
3866 3874 3977 3944 ἡδο-

748 3983 848 4023 nas
877 3971 1178 4040 voluptates
1207 3972 1262 4026 in
1298 3973 1460 4028 corde
1495 3989 1611 4029 meo
1642 3989 1955 4046 posuerunt.

1794 3989 1955 4033 Erunt.
2406 3973 2500 4036 νὰς
2523 3970 2617 4026 τοῦ
2652 3973 2854 4044 κόσμου
2884 3974 2941 4025 ὲν
2969 3975 3032 4044 τῇ
3064 3972 3258 4044 καρδίᾳ
3289 3987 3407 4042 μου.

819 4062 905 4116 15.
939 4061 1278 4130 Alﬂixerunt,
1312 4064 1505 4135 inquit,
1543 4068 1781 4123 animam
1806 4086 2003 4126 meam.

1914 4088 2003 4126 im.
2479 4063 2847 4133 15.Ἐθλιψαν,
2874 4063 3043 4132 λέγει,
3075 4064 3174 4134 τὴν
3195 4061 3371 4132 ψυχήν
3401 4078 3527 4132 μου,

819 4155 904 4209 14.
941 4153 1128 4210 Veniat
1156 4155 1370 4211 diabolo
1406 4159 1522 4214 dies
1542 4160 1757 4231 judicii,
1785 4163 1931 4233 quod
1961 4180 2071 4220 non
2116 4180 2305 4236 exspe-

2479 4155 2811 4210 M.’E).0étw
2851 4155 2928 4225 τῷ
2972 4154 3202 4226 διαϐόλῳ
3251 4157 3284 4226 ἡ
3331 4153 3511 4226 ἡμέρα
3556 4154 3657 4225 τῆς
3706 4153 3973 4226 κρίσεως,

745 4254 874 4300 ctat.

2404 4251 2539 4323 ὅπερ
2575 4250 2652 4319 (5)
2690 4249 2750 4300 οὐ
2790 4249 3077 4320 προσδοκᾷ.

817 4336 901 4390 15.
933 4335 1000 4391 Ει
1025 4352 1190 4400 mors,
1229 4354 1390 4410 quam
1424 4340 1539 4411 ipse
1565 4342 1790 4397 invenit.

2477 4343 2564 4397 15.
2600 4343 2708 4394 Kal
2736 4344 2764 4394 ὁ
2795 4341 3040 4404 Θάνατος,
3071 4341 3129 4394 ὃν
3158 4339 3318 4403 αὐτὸς
3347 4338 3574 4409 ἐφεῦρεν
3604 4338 3702 4406 (4).

821 4429 904 4483 16.
938 4429 1002 4484 Et
1031 4430 1085 4484 in
1111 4432 1407 4502 gehennam
1441 4435 1580 4505 ignis
1609 4415 1921 4505 nrojieietur
1949 4438 2005 4493 in
2027 4439 2223 4510 ipsam.

2477 4434 2564 4490 16.
2601 4435 2709 4488 Kal
2739 4436 2794 4487 ἐν
2825 4436 2891 4503 τῇ
2927 4434 3114 4504 γεέννῃ
3148 4433 3237 4486 τοῦ
3273 4433 3439 4504 πυρὸς
3468 4431 3799 4503 βληθήσεται
3826 4431 3903 4502 (5)
3925 4431 3977 4481 ἐν

2335 4515 2382 4573 D
2405 4525 2565 4579 αὐτῆ.

820 4589 906 4646 17.
931 4589 1194 4646 Gaudebit
1220 4593 1273 4646 in
1298 4591 1526 4650 Domino
1562 4595 1614 4649 in
1639 4605 1921 4653 aeternum.
2335 4527 2382 4573 υ
2405 4542 2433 4579 α

2335 4527 2382 4573 υ
2405 4527 2507 4579 αὺτ
2553 4563 2565 4576 .

2476 4527 2562 4668 εξ.
2596 4615 2906 4684 Χαρήσεται
2938 4614 3030 4666 ἐπὶ
3060 4613 3137 4682 τῷ
3158 4614 3343 4685 Κυρίῳ
3368 4581 3568 4677 ἀίόίως.

931 4681 988 4777 In
1015 4683 1234 4777 judiciis
1259 4687 1396 4754 ejus.
2477 4705 2561 4756 18.
2581 4681 2806 4769 Ἑν-τοῖς
2839 4704 3200 4777 δικαιώμασιν
3237 4681 3419 4759 αὑτοῦ.
3550 4701 3552 4703 ’

817 4774 904 4828 19.
935 4771 1124 4829 Omnis
1151 4776 1320 4832 virtus
1347 4793 1484 4844 mea,
1516 4780 1705 4850 inquit.

2473 4795 2559 4849 19.
2598 4796 2811 4866 [limi]
2845 4795 2994 4866 ἰσχύς
3025 4771 3147 4866 μου,
3181 4796 3346 4865 λέγει.
3408 4791 3413 4794 λ

814 4862 904 4918 20.
937 4864 1200 4959 Humilem
1223 4870 1405 4935 corde,
1437 4873 1629 4943 inquit,
1663 4871 1897 4942 eripiens
1941 4889 1970 4927 a
2011 4875 2292 4945 spiritibus

2467 4886 2554 4938 29.
2591 4887 2692 4938 Τὸν
2721 4862 2930 4956 πτωχὸν
2968 4862 3036 4957 τῇ
3085 4862 3297 4959 καρδία,
3323 4887 3558 4956 διαλέγὲι
3584 4886 3681 4956 (6),
3717 4886 3977 4957 ῥυόμενος

745 4953 1059 5049 lmtmllldis.
2405 4977 2508 5031 ὶπὺ
2532 4975 2640 5029 τῶν
2668 4977 2990 5048 ἀκαθάρτων
3026 4980 3370 5049 πνευμάτων.

816 5047 903 5101 21.
934 5049 1014 5103 Ab
1043 5049 1278 5142 inimicis
1297 5051 1596 5110 visibilibus
1625 5064 1678 5111 et
1710 5057 2066 5115 invisibilibus
2094 5061 2286 5119 liberat

2465 5069 2554 5122 21.
2574 5069 2666 5121 Ἐκ
2693 5069 2801 5122 τῶν
2831 5047 3039 5140 ὁρατῶν
3068 5047 3430 5142 καὶήάοράτων
3451 5065 3661 5140 ὲχθρίὒν
3683 5072 3877 5140 ῥύεται
3902 5069 3972 5135 (7)

743 5151 859 5202 ⁸0⁵»
883 5145 934 5193 εί
955 5142 1007 5193 in
1036 5141 1306 5210 Ρτωεθηῑῖν
1334 5152 1385 5199 εί
1418 5144 1472 5198 in
1497 5143 1680 5200 Ῐιηιιΐο
1714 5148 1933 5201 δεουιοο
2399 5160 2613 5224 αὐτοὺς,
2648 5161 2739 5212 καὶ
2768 5161 2825 5213 ὲν
2853 5159 2929 5230 τῷ
2960 5161 3074 5226 νῦν,
3106 5163 3199 5215 καὶ
3220 5141 3278 5217 ὲν
3299 5162 3375 5233 τῷ
3405 5162 3656 5233 μέλλοντι
3684 5160 3869 5214 αίῶνι.

1679 5323 1984 5392 Addenda
2013 5335 2074 5392 et
2115 5333 2490 5414 corrigenda
2527 5363 2604 5406 ex
2637 5349 2776 5409 cod.
2813 5345 3011 5407 Vatic.

838 5479 885 5548 l)
907 5480 1087 5548 Ἀγίου
1111 5499 1223 5538 σου.

810 5477 886 5687 gl;
907 5480 1087 5548 Ἀγίου
1111 5499 1223 5538 σου.

831 5550 866 5601 2
922 5552 1088 5604 Φόϐου
1117 5569 1230 5607 σου.

831 5618 1048 5687 ὅ)”οτε.

810 5622 885 5689 (δ)
902 5622 1048 5677 Ὅτε.

809 5689 885 5749 (4)
913 5691 1192 5762 Ἐψηῦρενο

2471 5511 2545 5585 (ξ)
2582 5512 2975 5585 mmmam

2471 5582 2544 5645 (6)
2586 5582 2760 5638 Λέγει.

2471 5652 2546 5722 (7)
2570 5652 2834 5708 Ῥύσεται.
