4084 6322
3239 348 3246 352 -
3266 315 3368 371 778

207 464 294 518 22.
323 461 677 523 Ἀναστάντες
701 477 789 531 μοι
820 459 1092 531 μάρτυρες
1112 457 1309 522 ἄδικοι,
1335 455 1372 509 ἃ
1393 454 1493 508 οὐκ
1516 451 1704 521 ἐγίνω-
1733 455 1762 510 Α

1873 443 1965 498 22.
2002 441 2296 512 Surgentes
2325 437 2460 492 mihi
2489 443 2654 492 testes
2674 433 2866 505 iniqui,
2886 446 3010 503 quas
3030 429 3371 501 ignorabam,

143 571 288 614 σκον,
320 550 546 622 ἠρώτων
589 566 655 620 με
678 566 691 578 ο

210 645 296 698 25.
327 641 763 697 Ἀνταπεδίδοσάν
800 659 888 711 μοι
921 639 1132 710 πονηρά
1159 638 1278 692 ἀντὶ
1304 634 1541 705 ἀγαθῶν·

211 737 300 790 24.
342 737 450 788 Καὶ
479 734 732 788 ἀτεκνίαν
759 736 825 803 τῇ
853 732 996 801 ψυχῇ
1031 747 1152 799 μου.

212 830 302 883 25.
336 826 476 895 Ἐγὼ
508 826 564 879 δέ
594 827 652 879 ἐν
683 824 761 895 τῷ
782 825 978 886 αὐτοὺς
1001 817 1349 893 παρενοχλεῖν
1373 835 1483 889 μοι,
1506 814 1713 869 ἐνεδυόοε

147 941 255 994 μην
291 920 489 999 σάκκον
511 937 524 948 ·
936 955 951 963 -

209 1016 300 1070 26.
340 1015 448 1068 Καὶ
475 1009 789 1065 ἐταπείνουν
818 1010 876 1062 ἐν
903 1005 1124 1078 νηστείᾳ
1145 1005 1241 1074 τὴν
1264 1002 1442 1073 ψυχήν
1473 1017 1572 1071 μου
1593 1015 1606 1028 ο

214 1106 306 1159 27.
345 1106 453 1157 Καὶ
485 1105 517 1174 ὴ
554 1103 823 1174 προσευχὴ
857 1117 958 1170 μου
991 1100 1070 1161 εἰς
1101 1096 1297 1150 κόλπον
1324 1112 1426 1166 μου
1449 1095 1719 1161 ἀποστρα-

143 1201 403 1270 φήσεται.

215 1291 307 1344 28.
338 1289 424 1352 Ὠς
455 1288 700 1358 πλησίον,
732 1287 808 1349 ὡς
851 1283 1062 1354 ἀδελφῷ
1096 1281 1370 1355 ἡμετέρῳ,
1412 1278 1585 1340 οὕτως
1628 1277 1720 1328 εὑ-

143 1382 428 1456 ηρέστουν·

216 1472 312 1526 29.
339 1472 426 1535 Ὠς
457 1469 668 1523 πενθῶν
695 1469 807 1524 ’καὶ
859 1467 1267 1538 σκυθρωπάζων
1299 1465 1473 1528 οὕτως
1512 1467 1726 1518 ἐταπει-

145 1565 243 1618 νοὺ
253 1581 360 1634 μην
369 1605 382 1617 .

219 1655 314 1711 50.
357 1657 466 1708 Καὶ
493 1655 614 1708 κατ’
647 1652 780 1725 ἐμοῦ
810 1652 1213 1725 εὐφράνθησαν,
1247 1651 1342 1704 καὶ
1363 1648 1724 1721 συνήχθησαν·

218 1747 314 1801 51.
357 1745 705 1817 Συνήχθησαν
730 1747 815 1798 ἐπ’
838 1746 938 1816 ἐμὲ
967 1745 1248 1816 μάστιγες,
1285 1745 1379 1797 καὶ
1410 1744 1512 1796 οὐκ
1537 1741 1727 1811 ἔγνων.

1814 534 2218 603 interrogabant
2252 545 2338 585 me
2365 550 2379 583 :

1883 626 1974 681 25.
2002 624 2388 680 Retribuebant
2418 619 2548 675 mihi
2574 617 2711 673 mala
2742 631 2841 686 pro
2870 616 3028 671 bonis
3055 634 3070 680 ;

1883 721 1974 774 24.
2017 717 2082 772 Ει
2110 717 2448 773 sterilitatem
2482 712 2676 767 anima:
2699 725 2852 764 meas.

1888 810 1976 865 25.
2009 809 2119 880 Ego
2159 817 2363 870 autem,
2405 820 2529 860 cum
2582 804 2686 873 ipsi
2732 800 2944 856 molesti
2993 809 3179 857 essent
3227 799 3382 867 mihi,

1819 899 2081 953 induebar
2110 897 2287 952 cilicio
2319 917 2331 949 :

1892 991 1981 1045 26.
2019 991 2084 1044 Et
2106 989 2457 1043 butniliabam
2483 987 2537 1041 in
2564 986 2774 1057 jejunio
2796 986 3036 1040 animam
3063 999 3238 1039 meam
3265 1003 3280 1040 :

1889 1083 1977 1136 27.
2004 1080 2070 1135 Et
2093 1081 2269 1135 oratio
2296 1095 2415 1135 mea
2443 1079 2499 1133 in
2539 1079 2660 1134 sinu
2697 1093 2820 1132 meo
2859 1083 3230 1134 eonvertetur.

1899 1270 1985 1324 28.
2023 1269 2188 1337 Quasi
2207 1268 2479 1340 proximo,
2513 1267 2671 1339 quasi
2699 1267 2856 1322 fratri
2887 1277 3098 1336 nostro,
3129 1268 3211 1324 sic
3239 1283 3391 1325 eom~

1830 1363 2107 1434 placebam
2134 1382 2150 1417 :

1899 1454 1988 1509 29.
2012 1454 2181 1520 Quasi
2208 1453 2398 1524 lugens
2424 1462 2477 1508 et
2503 1453 2882 1518 contristatus,
2921 1449 3005 1508 sic
3048 1453 3395 1508 humiliabar.

1908 1640 1994 1695 5ο.
2028 1640 2095 1695 Et
2121 1642 2408 1698 adversum
2437 1659 2524 1699 me
2551 1646 2712 1700 laetati
2735 1657 2881 1710 sunt,
2919 1655 2973 1701 et
2995 1659 3399 1704 convenerunt:

1904 1731 1991 1786 51.
2028 1732 2369 1804 Congregata
2405 1744 2533 1790 sunt
2573 1751 2737 1805 super
2773 1753 2859 1791 me
2895 1737 3124 1808 ﬂagella,
3158 1750 3212 1794 et
3251 1743 3398 1811 igno-

1762 1818 1804 1875 B
1834 1824 1968 1878 ravi.

228 1927 322 1983 52.
364 1924 775 1998 Διεσχίσθησαν,
811 1925 904 1980 καὶ
934 1926 994 1978 οὐ
1030 1897 1441 1996 κατενύγησανέ

219 2020 313 2075 55.
347 2019 671 2089 Ἐπείρασάν
689 2037 778 2091 με,
795 2017 1232 2090 ἐξεμυκτήρισάν
1256 2033 1323 2087 με
1345 2013 1736 2085 μυκτηρισμῷ.

225 2198 321 2253 54.
341 2195 611 2268 Ἐϐρυξαν
640 2198 726 2250 ἐπ’
759 2195 860 2266 ἐμὲ
887 2196 1015 2259 τοὺς
1041 2194 1259 2258 ὀδόντας
1290 2192 1488 2247 αὐτῶν.

230 2287 326 2342 35.
369 2287 563 2359 Κύριε,
598 2286 727 2339 πότε
755 2285 969 2358 mam;

232 2374 328 2431 56.
355 2375 827 2448 Ἀποκατάστησον
876 2375 973 2447 τὴν
1015 2375 1194 2448 ψυχήν
1229 2392 1330 2447 μου
1367 2374 1474 2428 ἀπὸ
1507 2373 1608 2445 τῆς
1644 2391 1744 2428 κα-

157 2469 429 2540 κουργίας
463 2468 645 2522 αὐτῶν
662 2485 678 2499 ·

1910 1916 1998 1971 52.
2028 1915 2282 1987 Dissipati
2313 1929 2462 1985 sunt,
2489 1935 2589 1975 nec
2618 1923 2928 1990 compuncti
2963 1941 2977 1979 :

1912 2007 2000 2062 55.
2030 2006 2397 2063 Tentaverunt
2430 2023 2536 2076 me,
2566 2009 3038 2066 subsannaverunt
3067 2027 3153 2067 me
3185 2013 3404 2072 subsan-

1843 2099 2081 2154 naﬁone.

1909 2191 1999 2246 54.
2028 2191 2406 2250 Frenduerunt
2436 2212 2598 2266 super
2626 2213 2712 2252 me
2746 2198 2999 2255 dentibus
3028 2201 3163 2256 suis.

1915 2283 2003 2338 55.
2039 2283 2288 2351 Domine,
2319 2288 2538 2357 quando
2571 2289 2830 2359 respicies
2860 2291 2884 2342 ἲ

1912 2375 2002 2430 56.
2038 2371 2284 2435 Restitue
2336 2380 2571 2433 animam
2623 2396 2798 2435 meam
2847 2397 2876 2435 a
2929 2383 3264 2453 malignitate
3318 2399 3410 2439 eo-

1845 2482 1965 2520 rum
1994 2486 2007 2521 ε

1279 2620 1654 2679 ATHANASII
1695 2621 2286 2682 INTERPRETATIO.

233 2785 703 2851 22.Ἀναστάντες
750 2784 1000 2856 λογισμοὶ
1044 2785 1102 2838 ἐν
1145 2786 1213 2854 τῇ
1263 2783 1464 2854 καρδίᾳ
1497 2798 1619 2853 μου,
1653 2781 1754 2844 τὰς

163 2881 367 2953 ἡδονὰς
393 2878 486 2932 τοῦ
518 2878 656 2954 βίου,
682 2877 748 2940 ἃς
775 2878 874 2931 οὐκ
902 2877 1111 2948 ἤθελον,
1148 2875 1398 2928 ἐνέὸαλόν
1428 2892 1538 2945 μοι.

237 2974 332 3038 25,
367 2972 456 3026 24.
502 2972 614 3024 Καὶ
659 2970 720 3023 τὸ
769 2969 976 3040 σπαρέν
1007 2985 1097 3039 μοι
1129 2967 1282 3038 παρὰ
1321 2966 1414 3019 τοῦ
1445 2965 1650 3036 Κυρίου
1677 2966 1752 3036 (1)

165 3064 502 3135 ἐλάμϐανον,
572 3062 640 3116 τὰ
685 3062 741 3115 δὲ
784 3061 988 3114 ἑαυτῶν
1034 3059 1320 3113 ὑπετίθουν
1375 3075 1475 3128 μου
1516 3057 1611 3128 (2),
1664 3059 1757 3113 καὶ

167 3160 422 3230 ἄκαρπον
449 3155 664 3207 ἐποίουν
686 3154 784 3224 τὴν
809 3153 985 3224 ψυχήν
1016 3169 1141 3222 μου.

244 3251 340 3314 25,
375 3249 464 3303 26.
500 3245 642 3314 Ἐγὼ
679 3245 759 3308 δὲ,
795 3247 852 3296 ἐν
881 3244 959 3313 τῷ
992 3244 1117 3305 τοὺς
1151 3242 1432 3312 ἀκάρπους
1463 3238 1753 3308 λογισμους

172 3343 239 3412 τῇ
296 3338 493 3409 καρδίᾳ
547 3351 645 3405 μου
693 3332 972 3402 ἐπιμένειν
1024 3330 1121 3401 (5),
1171 3328 1430 3382 ἐπένθουν
1482 3326 1623 3398 μετὰ
1664 3327 1756 3380 δα-

170 3431 365 3503 κρύων
410 3425 505 3482 καὶ
558 3425 821 3496 νηστειῶν
869 3422 1322 3493 προσευχόμενος,
1349 3420 1402 3474 εἰ
1427 3436 1542 3483 πως
1569 3420 1598 3471 ὁ
1628 3417 1758 3480 Θεὸς

171 3520 548 3593 συμπαθήσας
578 3518 789 3589 ἐλεήσει
827 3533 914 3587 με.

247 3616 344 3669 27.
382 3614 492 3667 Καὶ
535 3614 567 3682 ὴ
615 3610 829 3680 αἴτησίς
864 3625 964 3679 μου
994 3604 1409 3661 είσακουσθεῖσα
1438 3605 1655 3675 ποιήσει
1691 3620 1759 3673 με

172 3709 469 3766 συλλαϐεῖν
499 3705 635 3774 ἔργα
669 3700 1032 3773 δικαιοσύνης.

250 3800 347 3864 28,
377 3798 468 3853 29.
503 3798 591 3861 Ὠς
632 3795 754 3850 τινὰ
801 3795 907 3848 τῶν
952 3792 1120 3862 φίλων
1152 3807 1274 3862 μου,
1305 3789 1338 3860 ἢ
1372 3787 1480 3841 τῶν
1519 3783 1765 3855 ἀδελφῶν

177 3911 288 3967 μου
322 3890 557 3956 πενθῶν,
592 3888 763 3952 οὔτως
790 3886 1023 3958 ἐμαυτὸν
1059 3883 1315 3937 ἐπένθουν
1343 3881 1432 3934 διὰ
1461 3880 1556 3952 τὴν
1583 3877 1761 3932 οίκοῦο

176 4005 288 4041 σαν
336 3985 414 4054 (4)
460 3984 518 4035 ἐν
563 3981 686 4053 ἐμοὶ
751 3979 1045 4050 ἁμαρτίαν,
1074 3975 1168 4030 καὶ
1209 3973 1380 4037 οὕτως
1409 3971 1497 4025 διὰ
1532 3971 1641 4024 τῶν
1668 3970 1765 4024 δα-

177 4081 374 4152 κρύων
401 4093 502 4147 μου
531 4073 874 4146 εὐηρέστουν.

255 4170 353 4225 50.
371 4169 600 4222 Ἐκεῖνοι
634 4166 711 4230 δὲ,
746 4165 820 4229 ὼς
849 4159 986 4217 εἶδόν
1016 4179 1081 4232 με
1113 4160 1431 4222 πενθοῦντα,
1474 4155 1768 4226 συναχθέν-

178 4283 276 4330 τες
295 4263 676 4334 εὐφραίνονται
693 4253 1123 4331 [εὐφράνθησαν]
1147 4254 1222 4326 (5)
1255 4253 1346 4306 ἐπὶ
1360 4255 1425 4323 τῇ
1445 4251 1620 4321 θλίψει
1641 4267 1762 4320 μου.

257 4358 354 4411 51.
405 4353 784 4423 Συναχθέντων
835 4350 1012 4404 αὐτῶν
1064 4345 1148 4401 ἐπ’
1179 4348 1280 4418 ἐμὲ
1306 4384 1322 4410 ,
1367 4344 1542 4398 οὐδενὶ
1589 4341 1768 4396 αὐτῶν

183 4445 400 4504 ἐκολλώ
408 4463 536 4516 μην.

259 4541 357 4597 52.
394 4540 727 4593 Ἀπέκοπτον
776 4536 973 4598 αὐτοὺς
1028 4537 1090 4588 ἐκ
1122 4534 1220 4605 τῆς
1253 4531 1479 4603 καρδίας
1521 4547 1622 4600 μου
1672 4527 1769 4598 (6),

186 4637 289 4691 καὶ
325 4633 478 4688 οὐδὲν
511 4631 682 4694 οὕτως
712 4628 999 4683 ἐπαύοντο.

263 4719 695 4792 55.Ἑπείραζόν
727 4736 792 4791 με
820 4718 914 4788 (7),
962 4716 1056 4770 καὶ
1093 4713 1419 4778 κατέπαιζον
1465 4711 1563 4780 τῆς
1606 4709 1768 4764 ἀσθε-

189 4818 349 4880 νείας
390 4832 512 4886 μου.

264 4862 362 4973 Ξ,
381 4862 784 4977 5-5ἶίδρύχοντες
801 4900 901 4957 ἀπ’
929 4900 1076 4971 ἐμοῦ
1104 4899 1215 4972 [ἐπ’
1232 4894 1351 4968 ἐμὲ]
1372 4862 1597 4966 (8)τοὺς
1609 4893 1776 4946 ὀδόν-

187 5019 306 5067 τας
337 4996 567 5052 αὐτῶνο
624 4995 734 5064 ἐγὼ
776 4993 832 5046 δὲ
875 4994 1093 5062 ἔλεγον
1128 4992 1301 5058 Κύριε
1346 4987 1444 5059 (9),
1491 4986 1632 5038 πότε
1672 4983 1776 5036 ἐπ-

189 5093 352 5162 dum:

190 5279 337 5350 τιας
374 5273 593 5330 αὐτῶν.

402 5181 690 5253 Λύτρωσαι
719 5179 831 5248 τὴν
857 5176 1066 5247 ψυχήν
1092 5193 1212 5246 μου
1245 5173 1362 5228 ἀπὸ
1385 5171 1492 5239 τῆς
1529 5185 1775 5236 κακουρ-

1926 2781 2014 2836 22.
2047 2781 2341 2854 Surgentes
2379 2786 2734 2858 cogitationes
2781 2789 2833 2843 in
2875 2790 3039 2845 corde
3080 2806 3221 2858 meo,
3265 2794 3419 2852 volu-

1860 2883 2033 2944 ptates
2055 2875 2198 2938 vitae,
2231 2891 2369 2944 quas
2395 2878 2667 2945 nolebam,
2702 2880 3004 2950 iniecerunt
3026 2883 3180 2938 mihi.

1927 2963 2018 3026 25,
2051 2963 2138 3018 24.
2172 2963 2328 3031 Quod
2360 2977 2478 3022 erat
2513 2969 2566 3023 in
2600 2985 2686 3024 me
2727 2981 2904 3028 satum
2934 2989 2962 3028 a
2998 2973 3254 3045 Domino,
3289 2993 3421 3049 sup-

1860 3056 2053 3120 positis
2095 3058 2230 3112 mihi
2270 3059 2406 3125 suis,
2447 3061 2807 3129 abstulerunt,
2854 3065 3259 3140 eﬂ‘eccruntque
3301 3073 3421 3127 ani-~

1861 3162 2006 3202 mam
2037 3163 2210 3203 meam
2242 3148 2654 3206 infructil'eram.

1931 3239 2024 3301 25,
2051 3239 2139 3294 26.
2167 3240 2280 3311 Ego
2321 3251 2524 3309 autem,
2559 3259 2682 3299 cum
2728 3246 2938 3301 steriles
2985 3249 3342 3318 cogitationes
3370 3250 3425 3304 in

1861 3334 2023 3388 corde
2055 3348 2176 3388 meo
2199 3347 2602 3404 permanerent,
2640 3339 2890 3409 lugebam
2923 3355 3043 3394 eum
3083 3340 3336 3414 lacrymis
3374 3355 3430 3398 et

1859 3428 2086 3499 jejuniis
2113 3445 2300 3498 orans,
2320 3432 2364 3486 si
2396 3433 2615 3503 quando
2657 3432 2799 3490 Deus
2834 3437 3172 3506 compatiens
3200 3439 3430 3495 misere-

1864 3533 2015 3578 retur
2040 3525 2165 3578 mei.

1934 3614 2022 3669 27.
2056 3614 2124 3668 Et
2153 3613 2340 3684 petitio
2379 3629 2498 3670 mea
2538 3615 2790 3670 exaudita
2839 3615 3003 3672 faciet
3037 3633 3123 3673 me
3151 3621 3435 3693 concipere

1867 3722 2033 3777 opera
2057 3704 2307 3776 iustitiae.

1915 3798 2027 3864 '28,
2055 3796 2144 3852 29.
2177 3795 2354 3851 Veluti
2401 3793 2636 3864 aliquem
2678 3807 2744 3849 ex
2798 3795 2988 3854 amicis
3035 3801 3205 3868 meis,
3251 3801 3336 3856 vel
3365 3816 3434 3857 ex

1871 3889 2129 3945 fratribus
2155 3887 2291 3942 meis
2325 3886 2566 3956 plorans,
2595 3885 2669 3939 ita
2712 3900 2800 3940 me
2828 3887 3171 3955 deplorabam
3219 3901 3437 3960 propter

1871 3980 2181 4037 inhabitans
2219 3977 2276 4032 in
2320 3991 2409 4032 me
2446 3985 2752 4048 peccatum,
2788 3985 2838 4032 et
2881 3978 2953 4032 ita
2999 3978 3255 4051 lacrymis
3301 3980 3439 4038 meis

1871 4089 1990 4130 com
1998 4072 2297 4142 placebam.

1942 4160 2138 4215 50.11“
2181 4169 2360 4214 autem
2407 4169 2467 4213 ut
2504 4173 2590 4214 me
2626 4168 2926 4229 gementem
2966 4161 3238 4229 viderunt,
3274 4163 3437 4218 simul

1873 4252 2184 4324 congregati
2219 4252 2378 4306 laatati
2403 4261 2529 4307 sunt
2553 4252 2609 4306 in
2640 4252 2992 4308 tribulatione
3014 4269 3154 4310 mea.

1944 4347 2032 4401 51.
2069 4345 2423 4417 Congregatis
2452 4344 2585 4411 ipsis
2628 4346 2684 4400 in
2718 4361 2824 4412 me,
2861 4347 2994 4401 nulli
3027 4362 3216 4402 eorum
3263 4348 3442 4404 adhae—

1801 4467 1845 4521 ι)
1875 4440 2080 4494 rebam.

1944 4529 2032 4583 52.
2063 4524 2460 4582 Abscindebam
2495 4539 2590 4579 eos
2613 4539 2676 4579 ex
2710 4526 2875 4581 corde
2911 4541 3057 4593 meo,
3081 4541 3135 4581 et
3163 4538 3233 4581 ita
3264 4531 3444 4584 neuti-

1876 4637 2040 4692 quam
2075 4617 2447 4689 quiescebant.

1947 4715 2033 4769 55.
2078 4711 2383 4768 Tentabant
2443 4723 2550 4776 me,
2608 4718 2661 4764 et
2721 4709 3019 4765 irridebant
3073 4711 3443 4769 inﬁrmitatem

1879 4823 2077 4863 meam.

1951 4898 2041 4964 54,
2071 4897 2158 4951 55.
2193 4895 2537 4951 Frendebant
2580 4913 2736 4967 super
2776 4915 2857 4952 me
2890 4899 3132 4954 dentibus
3173 4897 3304 4970 suis,
3350 4919 3450 4973 ego

1886 5000 2066 5047 autem
2097 4988 2339 5044 dicebam
2375 5006 2388 5042 :
2414 4987 2653 5054 Domine,
2693 4991 2900 5060 quando
2923 4993 3161 5061 respicies
3190 4992 3216 5045 .’

1957 5195 2046 5248 56.
2074 5192 2268 5247 Libera
2314 5192 2548 5245 animant
2595 5209 2763 5248 meam
2817 5212 2848 5248 a
2892 5195 3217 5265 malignitate
3251 5214 3451 5257 eorum.

1163 5359 1463 5422 Addenda
1497 5363 1558 5417 et
1604 5353 1976 5434 corrigenda
2009 5370 2083 5411 ex
2133 5349 2266 5410 cod.
2307 5348 2508 5410 Vatic.

274 5501 355 5570 (ι)
394 5495 549 5570 Θεοῦ.

273 5572 357 5638 (2)
399 5569 524 5620 Mat.

381 5636 690 5714 'Bmpévftv
718 5635 774 5686 ἐν
807 5636 871 5703 τῇ
907 5629 1099 5702 καρδίᾳ
1129 5646 1248 5699 μου.

276 5712 356 5776 (4)
387 5712 748 5761 Ἐνοικοῡσαν.

274 5782 355 5852 (5)
395 5777 780 5847 Εὑςρραίνοντο.

449 5875 721 5933 Pyram.
755 5870 864 5929 Gn.
909 5869 955 5927 Χ
972 5865 1167 5926 XVII.

1951 5477 2026 5548 (6)
2054 5477 2140 5528 Ἑν
2168 5477 2231 5545 τῇ
2265 5473 2462 5544 καρδίᾳ
2500 5491 2619 5543 μου,
2656 5476 2748 5527 καὶ
2773 5475 2892 5528 οὐδὲ
2933 5474 3104 5539 οὕτως
3149 5477 3247 5530 οὐκ
3291 5475 3457 5531 ἐπαί-

1881 5567 1936 5602 ον
1943 5567 1998 5601 το
2007 5591 2019 5601 .

1953 5619 2027 5686 (7)
2069 5617 2151 5669 Me
2183 5616 2280 5676 ἔτι,
2315 5613 2427 5686 καί.

1952 5684 2027 5751 (8)
2071 5689 2201 5740 Κατ’
2234 5684 2385 5753 ἐμοῦ.

1950 5764 2024 5827 (υ)
2067 5758 2256 5827 Κύριε,
2284 5755 2514 5824 πρόσχες
2550 5772 2661 5826 μοι.

3130 5855 3210 5910 25
