4084 6322
719 349 821 407 779
1526 348 1581 402 S.
1626 346 1992 404 ATHANASH
2031 350 2179 406 OPP.
2222 350 2402 407 PARS
2439 351 2526 406 111.
2570 384 2637 393 -
2674 348 3079 407 EXEGETICA.
3860 355 3953 410 780

786 461 875 517 57.
908 463 947 516 Α
979 463 1225 518 leonibus
1252 477 1471 517 unicam
1498 479 1695 519 meam.
2314 474 2358 530 Α

2314 474 2358 530 Α
2459 468 2547 522 57,
2580 467 2719 521 Ἀπὸ
2743 466 2969 520 λεόντων
3000 467 3097 536 τὴν
3130 467 3391 538 μονογενῆ
3420 485 3540 539 μου.

782 554 873 609 58.
904 554 1211 611 Conﬁtebor
1233 556 1327 609 tibi
1361 556 1412 609 in
1435 557 1666 612 ecclesia
1696 572 1891 627 magna
1916 599 1929 612 .

2460 558 2549 614 38.
2574 558 3061 629 Ἐξομολογήσομαί
3094 574 3176 611 σοι
3209 559 3267 611 ὲν
3291 560 3553 632 ἐκκλησίᾳ
3580 559 3775 632 πολλῇ·

786 648 874 701 59.
900 646 953 701 ln
977 648 1176 717 populo
1205 648 1353 717 gravi
1378 648 1614 703 laudabo
1637 657 1711 704 te.

2459 651 2545 707 59.
2577 652 2664 704 Ἐν
2696 650 2809 721 λαῷ
2841 650 2997 721 βαρεῖ
3028 650 3225 705 αίνέσω
3252 668 3330 707 σε.

785 742 873 794 40.
906 741 1021 795 Non
1072 742 1510 813 supergaudeant
1564 742 1720 808 mihi,
1778 741 1871 812 qui
1930 740 2287 797 adversantur

2460 743 2547 798 40.
2589 742 2680 815 Μὴ
2713 742 3102 813 ὲπιχαρείησάν
3135 760 3225 815 μοι
3252 745 3301 797 oi
3332 742 3710 816 ἐχθραίνοντες
3737 760 3827 813 μοι
3849 743 3955 797 ἀδί-

714 832 850 887 mihi
879 833 1064 904 inique
1093 852 1106 888 :
2388 852 2517 899 κως·

784 925 873 979 41.
903 924 1008 991 Qui
1035 926 1266 981 oderunt
1305 940 1391 979 me
1431 924 1599 996 gratis
1636 943 1650 992 ;
1700 932 1755 979 et
1792 932 2043 979 annuunt
2087 923 2281 979 oculis.

2454 928 2543 985 41.
2571 928 2631 981 Οί
2669 926 2947 998 μισοῦντές
2966 946 3031 1000 με
3052 927 3275 998 δωρεὰν,
3293 927 3386 981 καὶ
3408 926 3746 992 διανευοντες
3763 924 3955 997 ὀφθαλ-

2391 1033 2528 1087 μοις.

784 1102 871 1155 4:2.
904 1102 1169 1169 Quoniam
1206 1104 1582 1175 mihiquidem
1618 1106 1843 1175 pacilice
1871 1103 2237 1175 loquebantur
2266 1121 2280 1171 ;

1913 1103 2237 1175 iquebantur
2266 1121 2280 1171 ;
2459 1108 2547 1162 42.
2565 1110 2686 1162 Ὅτι
2717 1110 2839 1180 ἐμοὶ
2878 1110 2976 1180 μὲν
3000 1108 3250 1181 εἰρηνικὰ
3275 1107 3493 1162 ἐλάλουν
3513 1125 3526 1139 °

784 1195 871 1249 45.
908 1194 971 1249 Ει
998 1198 1050 1251 in
1086 1198 1365 1252 iracundia
1396 1198 1551 1253 dolos
1585 1199 1913 1269 cogitabant.

2456 1197 2543 1250 45.
2587 1198 2697 1250 Καὶ
2729 1198 2814 1250 ἐπ’
2844 1197 3011 1270 ὀργὴν
3042 1198 3225 1261 δόλους
3247 1198 3619 1267 διελογίζοντο.

778 1287 867 1341 44.
909 1287 1283 1345 Dilataverunt
1316 1305 1478 1360 super
1508 1306 1594 1345 me
1624 1306 1685 1345 os
1715 1304 1876 1345 suum
1913 1309 1925 1344 :

2455 1290 2540 1343 44.
2577 1290 2911 1344 Ἐπλάτυναν
2939 1291 3026 1343 ἐπ’
3051 1290 3150 1361 ἐμὲ
3180 1291 3240 1344 τὸ
3274 1292 3445 1363 στόμα
3469 1292 3650 1346 αὐτῶν
3668 1307 3682 1322 ’

781 1378 869 1431 45.
910 1377 1193 1443 Dixerunt,
1223 1397 1381 1449 euge,
1401 1397 1539 1451 euge
1577 1400 1589 1435 :
1622 1382 1877 1436 viderunt
1903 1381 2049 1436 oculi
2082 1380 2276 1437 nostri.

2453 1382 2539 1435 45.
2582 1378 2748 1435 Εἶπον
2768 1400 2780 1413 ·
2822 1378 2983 1451 Εὖγε,
3019 1378 3143 1451 εῦγε
3164 1400 3178 1414 ·
3212 1380 3347 1438 εἶδον
3372 1386 3419 1437 οἱ
3447 1384 3718 1455 ὀφθαλμοὶ

783 1469 871 1523 46.
906 1468 1120 1537 Vidisti,
1146 1470 1392 1537 Domine,
1418 1489 1486 1528 ne
1515 1473 1677 1529 sileas
1712 1491 1725 1527 :

2450 1473 2545 1533 46.
2580 1470 2750 1538 Εἶδες,
2787 1474 2978 1547 Κύριε,
3010 1476 3083 1547 μὴ
3122 1478 3588 1549 παρασιωπήσῃς·

782 1561 871 1615 47.
902 1561 1145 1627 Domine,
1180 1580 1247 1619 ne
1276 1566 1523 1620 discedas
1550 1583 1579 1619 a
1609 1583 1712 1621 me.

2453 1566 2541 1620 47.
2584 1566 2778 1635 Κύριε,
2806 1567 2879 1639 μὴ
2910 1568 3151 1639 ἀποστῇς
3178 1569 3273 1622 ἀπ’
3302 1567 3455 1639 ἐμοῦ.

781 1655 870 1709 48.
902 1656 1167 1727 Exsurge,
1194 1658 1441 1724 Domine,
1478 1670 1531 1714 et
1552 1659 1769 1714 intende
1795 1659 2001 1729 judicio
2027 1674 2171 1723 meo,

2452 1658 2539 1713 48.
2569 1658 2937 1732 Ἐξεγέρθητι,
2976 1660 3168 1733 Κύριε,
3186 1662 3279 1715 καὶ
3299 1662 3531 1733 πρόσχες
3545 1664 3611 1734 τῇ
3632 1662 3813 1734 κρίσει
3832 1680 3948 1734 μου,

778 1748 866 1803 49.
902 1748 1044 1805 Deus
1091 1766 1268 1819 meus,
1320 1761 1373 1806 et
1425 1752 1689 1807 Dominus
1743 1768 1899 1809 meus
1944 1752 1999 1807 in
2054 1766 2277 1807 causam
2312 1822 2354 1875 Β

2339 1824 2354 1874 ι
2452 1749 2540 1805 49.
2566 1753 2624 1805 Ὀ
2642 1751 2773 1816 Θεὸς
2796 1769 2921 1823 μου,
2955 1752 3049 1808 καὶ
3083 1754 3112 1807 ὁ
3160 1754 3363 1827 Κύριός
3412 1772 3513 1826 μου
3553 1757 3636 1818 είς
3671 1754 3774 1825 τὴν
3802 1754 3952 1827 δίκην

710 1859 906 1897 meam.
2312 1859 2354 1875 υ
2387 1861 2507 1913 μου.

782 1936 868 1991 50.
897 1934 1089 1989 Judica
1118 1947 1223 1997 me,
1242 1930 1489 1997 Domine,
1511 1931 1807 1987 secundum
1822 1932 2276 2001 justitiamtuam,

2453 1936 2542 1994 50.
2582 1937 2782 2009 Κρῖνόν
2816 1955 2904 2009 με,
2940 1938 3137 2012 Κύριε,
3164 1938 3305 2001 κατά
3332 1939 3431 2010 τὴν
3462 1938 3813 2011 δικαιοσύνην
3841 1956 3952 2005 σου,

708 2024 936 2081 Domine
961 2026 1100 2081 Deus
1132 2039 1307 2088 meus,
1332 2033 1386 2077 et
1405 2039 1509 2077 non
1541 2023 1971 2093 supergaudeant
1997 2023 2126 2077 mibi
2150 2040 2166 2077 :

2095 2024 2166 2077 li.‘
2380 2030 2553 2101 Κύριε
2586 2032 2614 2084 ὁ
2645 2031 2776 2094 Θεός
2806 2049 2926 2103 μου,
2952 2033 3043 2085 καὶ⁵
3066 2031 3141 2104 μὴ
3170 2032 3559 2103 ὲπιχαρείησάν
3594 2049 3708 2103 μοι.

780 2118 867 2172 51.
901 2114 1221 2171 Noudicant
1252 2115 1306 2168 in
1328 2114 1587 2168 cordibus
1617 2114 1732 2169 suis
1760 2133 1771 2168 :
1806 2114 1973 2185 Euge,
2007 2128 2142 2183 euge
2164 2113 2281 2166 ani-

2448 2123 2538 2176 5l.
2588 2123 2662 2193 (a)
2713 2124 2804 2193 Μὴ
2852 2123 3098 2178 εῖποισαν
3143 2126 3201 2177 ὲν
3260 2123 3509 2195 καρδίαις
3539 2122 3759 2177 αὐτῶνθ
3793 2117 3950 2193 εὖγε,

708 2225 812 2264 ma:
845 2219 1047 2262 llOSlI‘IB
1080 2228 1094 2261 ι

2378 2210 2504 2282 εὖγε
2623 2215 2767 2287 ψυχῇ
2798 2216 2986 2286 ὴμῶν’

776 2301 863 2355 52.
896 2299 1006 2356 Nec
1039 2300 1223 2356 dicant
1255 2318 1269 2354 :
1304 2298 1685 2355 devoravimus
1709 2314 1856 2370 eum,

2449 2305 2537 2360 52.
2574 2306 2724 2377 Μηδὲ
2754 2308 2955 2361 εῐποιεν
2976 2323 2990 2337 υ
3016 2305 3360 2377 Κατεπίομεν
3392 2306 3571 2360 αὐτόν.

777 2394 864 2448 55.
900 2392 1238 2448 Erubescant
1270 2400 1326 2446 et
1356 2400 1707 2446 revereantur
1738 2388 1923 2454 simul,
1973 2388 2065 2457 qui
2095 2395 2278 2458 gratu-

2454 2397 2540 2451 55.
2578 2398 3002 2469 Αἰσχυνθείησαν
3028 2398 3123 2452 καὶ
3166 2397 3570 2470 ὲκτραπείησαν
3612 2396 3736 2469 ἅμα
3762 2399 3815 2451 οἱ
3842 2400 3955 2451 ἑπι-

706 2485 891 2540 lantur
923 2484 1084 2539 malis
1112 2483 1249 2538 meis
1283 2500 1297 2535 :

2386 2488 2665 2558 χαίροντες
2691 2490 2805 2551 τοῖς
2830 2491 3021 2551 κακοῖς
3051 2504 3152 2559 μου
3171 2503 3184 2518 ·

778 2578 867 2633 54.
896 2576 1192 2632 lnduantur
1235 2574 1557 2630 confustone
1588 2582 1640 2629 et
1674 2574 1996 2638 reverentia,
2038 2572 2133 2643 qui
2165 2587 2279 2626 ma-

2455 2580 2542 2635 54.
2575 2580 3010 2635 Ἑνδυσάσοωσαν
3032 2581 3292 2653 αἰσχύνην
3321 2580 3417 2635 καὶ⁵
3446 2580 3718 2652 ἐντροπὴν
3766 2580 3815 2635 οῖ
3864 2595 3958 2651 με·

708 2686 811 2741 gna
842 2670 1137 2740 loquuntur
1163 2684 1326 2739 super
1356 2682 1440 2721 me
1469 2686 1480 2720 :

2382 2668 2913 2741 γαλορῤημονοῦντες
2948 2673 3033 2723 ἐπ’
3061 2671 3178 2741 ἐμὲ.

777 2760 867 2816 55.
902 2760 1183 2816 Exsultent
1231 2771 1285 2814 et
1333 2758 1603 2823 lmtentur,
1641 2756 1735 2828 qui
1782 2772 1849 2811 vo
1873 2764 1971 2810 unt
1999 2756 2273 2827 justitiam

2453 2760 2541 2813 55.
2572 2761 3046 2830 Ἀγαλλιάσθωσαν
3076 2761 3173 2815 καὶ
3214 2760 3676 2834 εὐφρανθήτωσαν
3705 2763 3755 2814 οῖ
3784 2760 3958 2814 θέλον-

706 2869 883 2908 meam
914 2871 928 2907 :
2383 2868 2474 2916 τες
2501 2851 2599 2924 τὴν
2624 2852 2968 2925 δικαιοσύνην
2996 2872 3126 2927 μου·

780 2945 853 3015 (a)
888 2942 951 2996 V.
988 2942 1301 3017 51.-Κῦριε,
1332 2953 1459 3017 elc.,
1488 2959 1584 3017 μοι
1608 2943 1655 2994 οἱ
1683 2941 1862 3013 ἐχθροί
1901 2958 2021 3012 μου.
2070 2938 2135 2994 ν.
2185 2938 2273 3003 52,
2309 2938 2459 3009 Μηδὲ
2485 2942 2689 2999 εἴποιεν
2714 2946 2772 2998 ὲν
2802 2943 2999 3017 καρδίᾳ
3032 2942 3233 3010 αὐτῶν,
3274 2952 3378 3000 etc.
3430 2942 3496 3002 ν.
3553 2942 3647 3008 53,
3682 2942 3836 3015 Μηδὲ
3880 2944 3960 2996 εῖ-

706 3012 881 3076 ποιεν,
916 3024 1021 3069 etc.
1060 3012 1123 3065 V.
1159 3012 1246 3081 54,
1278 3012 1726 3084 Αἰσχυνθείησαν,
1763 3012 1865 3067 etc.

1838 3164 2206 3220 ATHANASII
2242 3160 2828 3221 INTERPRETATIO.

775 3327 864 3381 57.
899 3326 980 3381 Ab
1022 3324 1351 3379 adversariis
1394 3324 1755 3393 potestatibus
1794 3322 2132 3393 rapientibus
2158 3322 2271 3376 ani-
2303 3342 2345 3402 (ς

2451 3321 2540 3375 57.
2560 3320 2691 3373 Ἀπὸ
2725 3318 2832 3372 τῶν
2858 3318 3115 3373 ἐναντίων
3149 3318 3431 3391 δυνάμεων
3458 3316 3569 3373 τῶν
3600 3318 3963 3391 ἁρπαζόντων

706 3435 849 3475 mam
877 3434 1047 3473 meam
1081 3416 1402 3473 desolatam.

2378 3413 2476 3485 τὴν
2507 3413 2683 3483 ψυχήν
2713 3428 2813 3483 μου
2844 3411 2943 3481 τὴν
2985 3412 3375 3483 μεμονωμένην
3397 3412 3495 3483 (1)-

774 3512 861 3566 58.
896 3513 1036 3564 Inter
1080 3516 1301 3563 sanctos
1353 3517 1477 3561 tuos
1516 3505 1754 3560 narrabo
1804 3504 2088 3571 auxilium,
2131 3502 2275 3574 quod

2448 3506 2536 3559 58.
2568 3505 2689 3557 Ἐπὶ
2721 3503 2828 3556 τῶν
2853 3503 3023 3571 ἁγίων
3051 3519 3145 3556 σου
3171 3503 3503 3575 διηγήσομαι
3534 3502 3632 3576 τὴν
3671 3506 3829 3579 παρά
3862 3508 3958 3563 σοῦ

706 3603 841 3657 mihi
871 3617 901 3654 a
929 3610 979 3655 te
1010 3599 1231 3654 allatum
1263 3606 1365 3653 est.

2383 3612 2471 3667 μοι
2496 3594 2865 3665 γεγενημένην
2889 3592 2965 3664 (2)
2996 3592 3267 3665 βοήθειαν.

774 3694 862 3749 59.
893 3692 956 3746 Et
988 3694 1043 3747 in
1069 3691 1267 3763 pOpulo
1290 3690 1463 3745 multo
1485 3688 1719 3744 laudabo
1745 3698 1817 3743 te.

2449 3689 2537 3744 59.
2574 3688 2685 3742 Καὶ
2713 3687 2805 3741 ἐπὶ
2835 3685 2964 3739 λαοῦ
2999 3684 3193 3739 πολλοῦ
3226 3685 3424 3740 αἰνέσω
3463 3704 3544 3740 σε.

765 3786 857 3849 40,
884 3784 974 3838 41.
1006 3783 1318 3853 lmportune
1344 3795 1432 3836 me
1464 3780 1592 3834 odio
1616 3780 1897 3844 habentes,
1934 3791 1986 3834 et
2011 3780 2279 3834 meditan-

2448 3778 2539 3843 40,
2568 3778 2657 3833 41.
2689 3778 2754 3832 Οί
2778 3775 3060 3849 μισοῦντές
3085 3792 3152 3846 με
3181 3775 3426 3847 ἀκαίρως
3451 3776 3544 3828 καὶ
3577 3774 3960 3850 βουλευόμενοι

709 3888 787 3933 tes
816 3892 901 3932 me
926 3875 1252 3930 interﬁcere.

1093 3876 1252 3930 icere.
2378 3871 2583 3925 ἀνελεῖν
2618 3887 2706 3941 με.

773 3966 863 4031 42,
899 3965 989 4021 45.
1019 3964 1199 4020 Veluti
1251 3964 1661 4019 mussitationes
1706 3964 1923 4032 pietatis
1978 3965 2277 4020 subeuntes

2447 3964 2537 4028 42,
2570 3963 2765 4027 4530;
2819 3961 3123 4033 γογγυσμοὶ
3148 3960 3223 4034 (5)
3274 3960 3589 4027 θεοσεϐείας
3638 3963 3961 4039 ὑπεισερχδι

705 4061 984 4115 tentabant
1008 4074 1094 4112 me
1122 4058 1400 4112 devorare.

2380 4074 2530 4129 μενοι
2554 4056 2869 4128 ἐπεχείρουν
2901 4057 3238 4125 καταφαγεῖν
3268 4070 3354 4125 με.

774 4152 862 4206 44.
892 4149 1217 4218 Quaerebam
1248 4164 1334 4203 me
1363 4148 1646 4218 deglutire.

1633 4187 1646 4202 .
2446 4148 2538 4203 44.
2573 4149 2876 4201 Καταπιεῖν
2905 4165 2972 4219 με
3002 4146 3245 4218 ἐζήτουν.

774 4245 864 4299 45.
898 4242 963 4297 Et
984 4242 1171 4297 dicunt
1207 4260 1220 4297 :
1254 4243 1335 4295 Ah
1366 4243 1379 4295 !
1424 4242 1521 4295 ah!
1554 4242 1832 4296 cadentem
1858 4256 1981 4295 eum
2004 4241 2272 4298 videmus.

2446 4239 2535 4295 45.
2570 4240 2679 4293 Καὶ
2706 4238 2953 4307 λέγουσι·
2983 4239 3091 4291 Ναὶ
3117 4238 3205 4293 ναὶ
3228 4238 3445 4310 ὁρῶμεν
3473 4240 3637 4296 αὑτὸν
3667 4242 3955 4299 πίπτοντα.

775 4336 866 4402 46,
895 4335 983 4389 47.
1034 4333 1247 4398 Vidisti,
1285 4332 1523 4400 Domine,
1563 4345 1631 4386 ne
1657 4333 1806 4387 sinas
1836 4346 1921 4386 me
1954 4333 2158 4387 auxilio
2184 4344 2273 4386 tuo

2447 4333 2535 4401 46,
2568 4336 2656 4389 47.
2695 4330 2890 4401 Εἶδες,
2923 4332 3123 4402 Κύριε,
3154 4333 3228 4404 μὴ
3253 4333 3428 4405 ’ἐάσῃς
3463 4351 3530 4405 με
3559 4335 3887 4408 ἀὸοήθητον.

703 4432 945 4486 destitui.

773 4524 864 4590 48,
899 4523 987 4577 49.
1017 4522 1091 4577 lla
1126 4523 1416 4593 praescribe
1445 4522 1582 4577 mihi
1612 4522 1776 4576 vitam
1814 4536 1993 4576 meam
2023 4520 2275 4576 institue-

2448 4513 2538 4578 48,
2568 4514 2655 4571 49.
2700 4516 2776 4586 (4)
2830 4514 3015 4580 Οὕτως
3059 4517 3238 4587 δρισόν
3287 4532 3377 4586 μοι
3435 4516 3837 4585 ’πολιτευεσθαι⁹
3886 4520 3959 4585 ὡς

704 4632 782 4677 re,
818 4616 1279 4685 quemadmodum
1305 4615 1401 4669 tibi
1432 4623 1516 4670 est
1537 4614 1954 4685 bcneplacitum.

1367 4615 1401 4669 ἠ
1432 4623 1516 4670 est
1537 4614 1954 4685 bcneplacitum.
2377 4608 2523 4661 ἐστιν
2554 4626 2635 4663 σοι
2667 4610 2980 4682 εὐάρεστον.

770 4705 857 4761 50.
898 4705 1125 4760 Domine
1160 4704 1302 4761 Deus
1321 4721 1493 4775 meus,
1518 4714 1575 4760 tu
1598 4708 1704 4762 mei
1744 4706 2049 4770 dominare,
2089 4714 2143 4759 et
2167 4718 2274 4758 non
2308 4692 2353 4748 Ι)

2347 4705 2353 4738 ’
2449 4700 2539 4756 50.
2574 4701 2743 4773 Κύριε
2773 4702 2803 4753 ὁ
2838 4702 2967 4766 Θεός
2995 4720 3117 4773 μου,
3153 4703 3217 4756 σύ
3263 4720 3365 4774 μου
3407 4703 3719 4773 κυρίευσον,
3742 4705 3845 4759 καὶ
3883 4707 3960 4777 μὴ

705 4798 790 4852 isti
823 4799 1081 4853 satellites
1113 4798 1341 4853 inimici.

2380 4786 2525 4845 οῦτοι
2557 4794 2605 4844 οἱ
2640 4790 2733 4845 τοῦ
2766 4790 2961 4863 ἐχθροῦ
2995 4792 3298 4864 δορυφόροι.

776 4890 861 4945 51.
895 4889 973 4945 Ne
1008 4891 1276 4960 gaudeant
1307 4893 1472 4947 corda
1496 4906 1685 4945 eorum
1725 4890 1792 4944 de
1814 4890 1968 4959 lapsu
2003 4905 2144 4944 meo.

2449 4886 2539 4940 51.
2559 4886 2905 4958 Μὴ’χαρῶσιν
2921 4888 2976 4939 at
2993 4869 3208 4958 καρδίαι
3226 4888 3403 4943 αὐτῶν
3416 4890 3509 4943 ἐπὶ
3522 4893 3589 4962 τῇ
3606 4890 3811 4944 πτώσει
3831 4908 3955 4962 μου.

775 4983 863 5037 52.
892 4983 1079 5053 Neque
1114 4984 1430 5055 glorientur,
1462 4983 1655 5037 lucrati
1684 4981 1888 5036 fuimus
1910 4997 2057 5034 eum.

2044 5022 2057 5034 .
2452 4980 2539 5035 52.
2562 4981 2713 5052 Μηδὲ
2740 4984 3124 5055 καυχήσονται,
3154 4984 3236 5035 ὃτι
3263 4983 3653 5054 ὲκερδήσαμεν.

772 5074 858 5129 55.
890 5074 965 5128 De
1000 5074 1189 5129 iisdem
1226 5074 1520 5129 immundis
1544 5072 1824 5143 spiritibus
1850 5071 2109 5141 loquitur.

2451 5074 2539 5127 55.
2562 5074 2696 5144 Περὶ
2723 5075 2829 5125 τῶν
2854 5073 3031 5127 αὐτῶν
3051 5073 3373 5145 ἀκαθάρτων
3396 5075 3721 5145 πνευμάτων
3744 5073 3920 5143 λέγει.

774 5168 864 5223 54.
900 5166 1188 5223 Edicentes
1211 5184 1296 5221 me
1325 5167 1724 5222 interfecturos.

2449 5165 2538 5220 54.
2580 5167 2641 5219 Oi
2670 5166 3124 5237 ἐπαγγελλόμενοί
3159 5184 3226 5237 με
3257 5167 3486 5221 ἀνελεῖν.

773 5259 859 5314 55.
894 5259 968 5313 De
994 5276 1099 5325 me,
1118 5260 1262 5329 quod
1282 5275 1308 5312 a
1332 5260 1620 5313 contrariis
1649 5259 2003 5329 potestatibus
2019 5257 2277 5312 liberatus

2450 5259 2870 5323 55.⁹Ρυσθέντο;
2919 5278 3020 5330 μου
3060 5260 3167 5314 ἀπὸ
3220 5260 3327 5313 τῶν
3374 5260 3629 5314 ὲναντίων
3669 5259 3956 5331 δυνάμεων

707 5353 826 5420 sim,
858 5361 1058 5407 sancta:
1095 5362 1199 5407 tua:
1226 5354 1456 5406 virtutes
1481 5352 1773 5406 exsultent.

2379 5348 2828 5417 ἀγαλλιάσθωσαν
2858 5352 2913 5403 at
2946 5350 3096 5420 ἀγιαί
3133 5368 3225 5404 σου
3256 5351 3535 5422 δυνάμεις.

1652 5472 1954 5533 Addenda
2000 5480 2058 5533 et
2090 5470 2464 5549 corrigenda
2497 5487 2575 5532 ex
2619 5469 2757 5531 cod.
2792 5470 2997 5531 Vatic.

766 5579 845 5647 (1)
882 5577 1321 5647 Μεμαινομένην.
2372 5574 2592 5647 τὸᾲίδεῖν
2613 5573 2961 5647 τὴνάδικίανᾼ
2971 5592 3093 5645 μου.
3122 5574 3417 5647 N._49."Hv
3436 5572 3712 5647 ἔχω
3736 5574 3836 5647 τὰς
3860 5572 3949 5627 τοῦ

766 5644 845 5717 (2)
885 5644 1199 5717 Γενομένήν.
1262 5644 1271 5647 ⁷
2373 5644 2565 5717 ἐχθροῦ
2610 5645 2880 5717 δυνάμεις.
2918 5644 2983 5697 Ν.
3012 5647 3099 5700 50.
3137 5644 3341 5717 υῦτως,
3372 5653 3475 5717 etc.
3620 5644 3723 5699 51.
3756 5645 3945 5717 Κύριε.

884 5715 1207 5789 Λογισμοῖ...
1249 5719 1579 5775 καταϐαλεῖν.
1602 5736 1689 5789 με.
1860 5788 1865 5789 ί
2466 5716 2553 5768 52'
2584 5716 2733 5789 Μηδὲ
2784 5715 3600 5789 καυχήσονταινκδτξέκέρδηττάζδ
3633 5732 3724 5785 με’
3753 5716 3822 5770 Ν·
3849 5715 3946 5773 ⁵⁵⁸

767 5786 844 5859 (4)
982 5786 1067 5843 48.
1109 5791 1198 5853 Εἰς
1237 5792 1363 5845 αὐτὸ
1422 5790 1576 5843 τοῦτο
1603 5786 1813 5844 ’ἑαυτὸν
1850 5788 2150 5857 διήγειρον,
2187 5804 2264 5849 εες
2373 5787 2461 5843 Mi".
2497 5788 2859 5844 καυγῆσονται
2898 5789 2974 5846 αἱ,
3008 5796 3111 5843 etc.
3148 5788 3214 5842 Ν.
3244 5786 3330 5841 54.
3366 5786 3501 5843 Περὶ
3525 5786 3659 5846 τῶν,
3694 5796 3805 5840 ου’.
