4084 6322
125 370 222 424 ’181
997 371 1082 424 DE
1119 368 1392 425 TITULIS
1428 367 1877 424 PSALMORUM.
1921 398 1987 406 ——
2025 368 2214 420 PSAL.
2263 368 2477 421 XXXV.
3241 375 3345 428 78?.

197 486 287 538 56.
316 485 424 537 Καὶ
450 485 757 540 εἰπάτωσαν
777 487 1059 552 διαπαντός
1080 507 1092 518 ο
1123 489 1510 560 μεγαλυνθήτω
1532 490 1558 542 ὁ
1579 489 1688 540 Κῦ-
1720 495 1761 549 Α

1732 495 1761 548 Α
1857 486 1942 540 56.
1990 486 2051 538 Et
2100 486 2280 540 dicant
2332 501 2589 556 semper:
2637 485 3002 557 Magniticetur
3061 489 3345 560 Dominus,

122 596 264 646 ρεος.

194 672 287 724 57.
322 674 380 723 Οί
411 672 652 734 θέλοντες
682 670 777 741 τὴν
799 671 1019 742 εἰρήνην
1052 672 1145 724 τοῦ
1179 673 1364 727 δούλου
1398 673 1581 726 αὐτοῦ.

1241 673 1364 726 ύλου
1398 673 1581 726 αὐτοῦ,
1868 663 1952 718 57.
1983 664 2085 729 Qui
2118 665 2303 717 volunt
2329 678 2514 732 pacem
2546 665 2684 717 servi
2713 663 2851 734 ejus.

197 764 288 817 58.
320 766 482 835 Καὶή
515 765 735 832 γλῶσσά
770 783 869 834 μου
897 766 1180 836 μελετήσει
1209 765 1304 836 τὴν
1347 767 1691 835 δικαιοσύνην

1863 757 1949 810 58.
1989 755 2052 808 Et
2086 757 2262 826 lingua
2315 771 2433 809 mea
2483 756 3114 826 meditabiturjustitiam
3161 769 3345 816 tuam:

122 871 220 906 σου
242 871 258 884 ⁹

193 947 285 1001 59.
323 948 490 1018 Ὀλην
513 949 610 1020 τὴν
643 948 855 1019 ἡμέραν
887 949 977 1000 τὸν
1008 948 1224 1001 ἔπαινόν
1260 967 1370 1001 σου.

1054 949 1224 1001 ταινόν
1260 967 1370 1001 σου.
1861 945 1949 998 59.
1985 944 2118 997 Tuta
2148 944 2233 996 dic
2258 942 2467 996 laudem
2498 950 2667 996 luam.

246 1065 353 1129 Εἰς
385 1063 449 1116 τό
481 1063 684 1129 τέλος·
717 1062 796 1126 τῷ
826 1063 985 1115 ,τωδὶ
1016 1065 1232 1129 Κιιριόυ
1264 1063 1342 1128 τῷ
1372 1064 1566 1117 Δαϐίδ.
1795 1055 1858 1110 In

1795 1055 1858 1110 In
1885 1058 2040 1126 ﬁnem
2065 1072 2082 1108 :
2110 1072 2252 1109 servo
2282 1054 2488 1107 Domini
2519 1054 2708 1108 David.
2749 1053 3091 1110 PSALMUS
3119 1055 3347 1111 XXXV.

711 1137 934 1187 ΨΑΑΜ.
973 1133 1102 1186 AE’.

197 1225 248 1279 l.
292 1225 504 1294 Φησὶνό
531 1227 843 1294 παράνομος
876 1223 967 1276 τοῦ
1003 1224 1332 1294 ἁμαρτάνειν
1365 1226 1419 1276 ἐν
1454 1221 1664 1292 ἐαυτῷο

1593 1221 1664 1292 Ii“
1864 1236 1917 1290 l.
1949 1233 2086 1289 Dicit
2108 1234 2361 1302 injustus,
2400 1241 2458 1285 ut
2487 1231 2763 1301 delinquat
2793 1230 2844 1283 in
2881 1232 3206 1300 semetipso;

193 1317 246 1369 2.
288 1318 401 1368 Οὐκ
438 1317 551 1369 ἔστι
583 1315 742 1384 φόϐος
782 1315 914 1367 Θεοῦ
949 1315 1209 1368 ἀπέναντι
1256 1314 1362 1366 τῶν
1400 1313 1694 1383 ὀφθαλμῶν

1436 1313 1694 1383 φθαλμῶν
1862 1329 1914 1382 9..
1946 1327 2062 1381 Non
2093 1335 2175 1381 est
2207 1327 2371 1380 timor
2407 1325 2496 1380 Dei
2531 1333 2658 1379 ante
2684 1325 2868 1379 oculos
2892 1325 3049 1392 ejus:

121 1427 287 1461 αυτου
315 1427 327 1439 ⁸

191 1501 244 1554 5.
286 1503 406 1552 Ὅτι
432 1501 688 1553 ἐδολιοσεν
722 1499 948 1553 ἐνώπιον
972 1499 1136 1554 αὐτοῦ
1160 1518 1172 1530 °

1864 1483 1916 1535 5.
1947 1482 2209 1547 Quoniam
2239 1483 2422 1536 dolose
2452 1482 2558 1551 egit
2588 1483 2638 1535 in
2673 1492 2963 1551 conspectu
2988 1481 3105 1550 ejus
3130 1500 3142 1545 ;

191 1591 244 1644 4.
279 1591 384 1644 Τοῦ
416 1593 592 1662 εὑρεῖν
626 1593 722 1663 τὴν
749 1594 973 1663 ἀνομίαν
999 1592 1185 1657 αὐτοῦ,
1223 1592 1318 1644 καὶ
1353 1593 1597 1662 μισῆσαι.

1867 1573 1918 1626 4.
1956 1571 2022 1627 Ut
2069 1573 2333 1626 inveniret
2381 1573 2719 1642 iniquitatem
2767 1589 2961 1635 suam,
3003 1583 3056 1626 et
3092 1573 3217 1626 odio
3261 1573 3355 1627 ha-

567 1663 572 1668 ’
1795 1665 1964 1718 beret.

193 1769 248 1820 5.
282 1768 363 1821 Tit
384 1769 448 1838 ρή
458 1786 601 1838 ματα
623 1769 713 1821 τοῦ
737 1769 999 1839 στόματος
1017 1769 1178 1823 αὐτοῦ
1200 1768 1396 1839 ἀνομία
1411 1769 1504 1820 καὶ
1525 1766 1692 1828 δόλος·

1385 1769 1504 1820 ικαὶ
1525 1766 1692 1828 δόλος·
1868 1756 1920 1810 5.
1951 1755 2123 1808 Verba
2156 1755 2268 1808 oris
2295 1769 2414 1823 ejus
2447 1754 2704 1824 iniquitas
2729 1764 2781 1808 et
2806 1756 2960 1810 dolus
2987 1775 2998 1810 :

196 1860 250 1913 6.
282 1861 396 1913 Οὐκ
415 1859 686 1931 ἠϐουλήθη
725 1862 960 1915 συνιέναι
988 1862 1079 1915 τοῦ
1113 1860 1400 1932 ἀγαθῦναι.
1727 1839 1770 1897 Β

1354 1880 1400 1912 ι,
1727 1839 1770 1897 Β
1868 1848 1921 1901 6.
1952 1846 2134 1901 Noluit
2171 1845 2470 1915 intelligere
2504 1854 2564 1898 ut
2593 1845 2727 1899 bene
2757 1857 2967 1916 ageret:

197 1949 249 2002 7.
294 1951 544 2021 ’Λνομίαν
569 1952 902 2022 διελογίσατο
935 1955 1025 2005 ἐπὶ
1051 1954 1148 2022 τῆς
1173 1953 1358 2022 κοίτης
1392 1951 1554 2003 αὑτοῦ
1576 1966 1590 1980 ⁸

1549 1952 1590 1998 ιο
1868 1941 1918 1994 7.
1951 1941 2291 2009 lniquitatcm
2325 1939 2614 1993 meditatus
2635 1947 2718 1992 est
2747 1939 2798 1991 in
2831 1941 2990 1993 cubili
3024 1954 3162 1994 suo:

197 2041 251 2095 8.
285 2043 536 2115 Παρέστη
560 2045 708 2115 πάσῃ
742 2045 846 2115 ὁδῷ
871 2047 969 2098 οῦκ
998 2045 1174 2115 ἁγαθῇ
1201 2061 1213 2072 ·

1201 2061 1213 2072 ·
1866 2035 1916 2089 8.
1951 2035 2136 2090 Astitit
2166 2034 2313 2089 omni
2340 2034 2438 2087 via:
2465 2048 2574 2086 non
2605 2033 2791 2086 bonae:

193 2134 247 2187 9.
280 2136 466 2205 Κακία
498 2137 553 2188 δὲ
580 2137 638 2188 οὐ
673 2135 1033 2206 προσώχθισε.

1863 2127 1914 2180 9.
1950 2126 2206 2180 Malitiam
2239 2136 2418 2180 autem
2448 2140 2554 2178 non
2589 2125 2777 2180 odivit.

198 2226 285 2280 10.
317 2227 508 2298 Κύριε,
541 2230 597 2280 ἐν
630 2227 706 2298 τῷ
733 2229 946 2300 οὐρανῷ
972 2231 1032 2282 τὸ
1064 2229 1210 2292 ἔλεός
1251 2246 1344 2281 σου
1365 2245 1379 2259 ⁸

1867 2220 1953 2274 10.
1991 2219 2239 2284 Domine,
2277 2219 2332 2271 in
2357 2220 2494 2272 eaalo
2522 2217 2892 2271 misericordia
2926 2227 3035 2271 tua.

199 2317 286 2369 Η.
322 2320 485 2390 Καὶὴ
517 2319 745 2391 ἀλήθειά
776 2338 868 2373 σου
898 2322 1001 2384 ἓως
1024 2321 1131 2373 τῶν
1160 2320 1416 2388 νεφελῶν.

1307 2320 1416 2373 κῶν.
1872 2312 1957 2364 11.
1995 2309 2060 2363 Ει
2087 2310 2284 2364 veritas
2313 2319 2403 2363 tua
2428 2323 2601 2377 usque
2633 2309 2698 2362 ad
2729 2310 2920 2362 nubes.

199 2408 286 2467 12.
337 2412 399 2464 Ἡ
425 2412 732 2484 δικαιοσύνη
766 2431 860 2467 σου
887 2415 962 2467 ὼε
983 2414 1082 2467 δον
1114 2412 1250 2466 Θεοῦ
1276 2429 1288 2442 ·

1874 2405 1962 2459 12.
1997 2403 2214 2458 Justitia
2249 2409 2342 2456 tua
2368 2403 2510 2457 sicut
2535 2409 2750 2456 montes
2776 2401 2903 2456 Dei:

1261 2586 1631 2643 ATHANASII
1672 2581 2250 2640 INTERPRETATIO.

201 2743 290 2798 56.
324 2745 433 2797 Καὶ
468 2744 745 2807 ὃοξάσουσι
776 2745 835 2797 τὺ
863 2744 1033 2815 ὄνομά
1065 2761 1155 2796 σου
1190 2745 1252 2797 δι’
1290 2744 1409 2814 ἐμέ.

1878 2740 1964 2793 56.
2004 2737 2068 2791 Et
2094 2747 2309 2806 propter
2337 2753 2422 2792 me
2443 2739 2745 2808 gloriﬁcent
2771 2755 2963 2794 nomen
2999 2752 3169 2795 tuum.

200 2834 289 2888 57.
325 2837 385 2888 Οί
421 2835 563 2904 ἅγιοι
590 2835 679 2888 τοῦ
711 2837 843 2888 Θεοῦ
873 2836 1112 2904 ἄγγελοι.

916 2836 1112 2904 γγελοι.
1875 2831 1960 2882 357.
2001 2830 2182 2883 Sancti
2210 2831 2380 2900 angeli
2419 2829 2529 2884 Dei.

201 2926 290 2980 58.
322 2929 428 2980 Καὶ
451 2928 632 2980 λοιπον
655 2929 848 2998 μελε-εὴ
859 2946 933 2980 σω
955 2931 1011 2980 ἐν
1033 2932 1142 2991 τοῖς
1166 2928 1550 2998 προστὰγμασί
1581 2945 1696 2980 σου.

1584 2945 1696 2980 σου.
2005 2923 2068 2975 Et
2096 2924 2320 2992 posthac
2345 2925 2396 2974 in
2435 2922 2716 2992 praeceptis
2743 2923 2854 2976 tuis
2879 2924 3197 2980 meditabor.

202 3020 294 3073 59.
340 3021 426 3074 Ἐν
457 3020 535 3089 τῷ
562 3022 699 3088 φωτὶ
725 3021 1013 3081 ἀπαύστως
1045 3019 1340 3088 ἁνυμνήσω
1368 3035 1451 3072 σε.

1306 3038 1340 3069 ’J)
1368 3035 1451 3072 σε.
1878 3018 1965 3071 59.
1997 3016 2330 3071 lncessanter
2359 3017 2591 3074 laudabo
2617 3029 2666 3072 te
2698 3018 2750 3071 in
2781 3019 2919 3072 luce.

211 3179 278 3230 Ἥ
301 3177 634 3248 προκειμένη
653 3175 928 3248 ἐπιγραφὴ
956 3174 1200 3246 περιέχει
1241 3173 1317 3244 (Ι)
1344 3191 1356 3202 ’
1390 3175 1495 3238 Εἰς
1533 3173 1598 3226 τὸ
1623 3172 1797 3236 τέλος
1826 3169 1902 3234 τῷ
1935 3170 2130 3236 δούλῳ
2158 3169 2378 3237 Κυρίου
2413 3171 2491 3237 τῷ
2513 3173 2707 3225 Δαϐίὸ.
2741 3173 2908 3226 Τοῦτο
2937 3169 3027 3227 οῦν
3066 3175 3233 3243 λέγει,
3284 3178 3366 3229 ὅτι

128 3275 157 3326 ὁ
183 3272 398 3342 ψαλμὸς
428 3266 578 3334 οὗτος
612 3271 822 3341 εἴρηται
854 3272 948 3325 ἐπὶ
985 3269 1258 3339 συντελείᾳ
1292 3270 1398 3321 τῶν
1425 3268 1632 3320 αἰώνων
1655 3267 1730 3336 τῷ
1752 3266 1864 3336 λαῷ
1891 3265 1966 3335 τῷ
1998 3265 2298 3318 δουλεύοντι
2332 3266 2409 3335 τῷ
2443 3267 2630 3338 Κυρίῳ
2654 3267 2730 3338 τῷ
2756 3269 3115 3340 πεποθημένῳ
3155 3273 3244 3324 ὑπ’
3269 3275 3364 3325 αῦκ

130 3368 224 3420 τοῦ
246 3386 258 3396 ·
288 3367 426 3435 πρὸς
457 3367 552 3436 μὲν
590 3367 688 3436 τὴν
722 3365 814 3417 τοῦ
848 3365 1093 3418 διαϐόλου
1124 3364 1388 3434 πονηρίαν
1419 3364 1492 3431 (‘2)
1525 3364 1663 3434 [καὶ]
1695 3364 2058 3416 ἐπανάστασιν
2098 3361 2237 3415 κατὰ
2269 3362 2361 3414 τοῦ
2390 3363 2580 3430 γένους
2613 3363 2721 3416 τῶν
2767 3364 3082 3436 ἀνθρώπων,
3122 3367 3256 3437 πρὸς
3311 3370 3364 3422 δὲ

128 3467 230 3536 τὴν
261 3464 357 3517 τοῦ
389 3463 522 3516 Θεοῦ
548 3462 855 3531 ἀγαθότητα
877 3463 970 3513 καὶ
1003 3460 1411 3532 φιλανθρωπίαν
1443 3459 1504 3512 τὸ
1531 3460 1645 3522 πῶς
1674 3462 1836 3513 πᾶσιν
1862 3459 2169 3529 ἀνθρώποις
2211 3460 2475 3523 πλουσίως
2510 3460 2689 3530 ἐκχέει
2717 3459 2806 3512 τὸν
2846 3460 3035 3514 ἑαυτοῦ
3083 3462 3226 3517 ἔλεον
3277 3467 3365 3519 καὶ

131 3563 226 3632 τὴν
257 3562 416 3632 χάριν
448 3558 544 3627 (5).

201 3680 418 3734 Titulus
467 3678 790 3748 przepositus
837 3679 1121 3733 continet:
1157 3677 1220 3732 In
1243 3679 1400 3747 ﬁnem
1426 3695 1571 3732 servo
1601 3679 1815 3733 Domini
1855 3681 2046 3735 David.
2086 3681 2197 3736 Hoc
2243 3682 2406 3752 igitur
2454 3681 2742 3752 signiﬁcat,
2782 3681 2925 3751 quod
2978 3683 3220 3752 psalmus
3268 3686 3367 3741 iste

129 3772 312 3827 dictus
339 3781 423 3828 est
456 3773 509 3825 in
538 3773 1005 3827 consummatione
1037 3773 1357 3828 smculorum
1383 3775 1611 3844 populo,
1646 3777 1738 3844 qui
1775 3779 1943 3831 servit
1977 3777 2225 3842 Domino,
2251 3787 2303 3833 et
2339 3778 2407 3832 ab
2439 3793 2503 3832 eo
2542 3779 2879 3832 desideratus
2907 3787 2991 3832 est
3018 3794 3032 3830 :
3074 3778 3138 3831 de
3173 3785 3365 3851 nequi-

127 3867 202 3923 tia
235 3865 459 3936 quidem
501 3877 555 3920 ct
580 3866 976 3921 insurrectione
1021 3867 1219 3920 diaboli
1265 3868 1524 3922 adversus
1565 3885 1735 3938 genus
1776 3869 2104 3933 bumauum;
2135 3870 2201 3924 de
2234 3871 2476 3924 bonitate
2512 3882 2690 3924 autem
2742 3869 2852 3931 Dei,
2879 3879 2929 3923 et
2963 3885 3086 3938 erga
3121 3871 3365 3928 homines

127 3962 532 4028 benevolentia,
569 3963 840 4031 quomodo
876 3963 929 4016 in
966 3963 1274 4018 universum
1312 3964 1609 4019 humanum
1644 3982 1816 4036 genus
1842 3967 2059 4021 divitias
2088 3968 2475 4022 misericordiae
2505 3978 2558 4022 et
2596 3967 2783 4036 gratiae
2805 3983 2918 4021 suae
2948 3965 3192 4021 emundit.

199 4060 255 4114 1.
293 4059 489 4124 Φησὶν
510 4059 538 4110 ὁ
565 4058 900 4129 ἁμαρτάνειν
931 4059 1098 4112 θέλων
1122 4062 1179 4113 ἐν
1204 4060 1405 4131 ἐαυτῷ*
1731 4067 1772 4123 c

1396 4078 1405 4092 '
1731 4067 1772 4123 C
1881 4065 1930 4116 1.
1963 4063 2099 4116 Dicit
2128 4080 2350 4135 peccare
2381 4065 2568 4120 volens
2596 4065 2648 4117 in
2686 4064 3009 4131 semetipso:

196 4154 254 4208 2.
287 4153 402 4206 Οὐκ
439 4150 551 4204 ἔστι
581 4151 758 4223 κρίσις
785 4150 918 4203 Θεοῦ
946 4152 1004 4204 ἐν
1031 4151 1108 4221 τῷ
1138 4153 1382 4222 μέλλοντι
1418 4153 1590 4208 αἰῶνι.

1869 4158 1922 4212 2.
1956 4156 2072 4212 Non
2102 4167 2185 4213 est
2213 4157 2454 4212 divinum
2475 4157 2738 4227 judicium
2769 4157 2822 4208 iu
2849 4153 3031 4209 futuro
3057 4157 3277 4210 szeculo.

197 4246 254 4308 5,
288 4246 343 4300 4.
381 4245 550 4298 Τοῦτο
576 4245 631 4296 δὲ
661 4244 801 4313 λέγει
834 4245 861 4295 ὁ
901 4243 1139 4308 τοιοῦτος
1162 4282 1176 4306 ,
1219 4245 1300 4298 ὅτι
1341 4248 1401 4298 οῦ
1441 4247 1700 4318 προέθετο

1872 4250 1925 4311 5,
1962 4250 2015 4304 4.
2053 4249 2165 4304 Hoc
2193 4260 2368 4304 autem
2403 4250 2448 4304 is
2475 4250 2627 4314 dicit,
2660 4249 2913 4319 quoniam
2946 4262 3050 4301 non
3081 4248 3362 4317 proposuit

127 4339 222 4392 τοῦ
258 4337 335 4409 (4)
365 4337 660 4405 ἐπιγνῶναι
682 4337 781 4407 τὴν
828 4335 1016 4390 ἑαυτοῦ
1056 4336 1329 4408 ἁμαρτίαν
1357 4340 1450 4391 καὶ
1497 4339 1697 4393 παίσα-

1325 4340 1450 4391 ’καὶ
1497 4339 1697 4393 παίσα-
1802 4357 2095 4413 agnoscere
2129 4353 2405 4412 peccatum
2433 4357 2592 4397 suum
2618 4351 2673 4395 et
2701 4341 2938 4411 abigere.

128 4432 282 4484 σθαι.

193 4518 248 4572 5.
294 4517 360 4570 Ἢ
385 4516 678 4588 ἐνθύμησις
696 4520 793 4588 τῆς
825 4517 1050 4589 καρδίας
1081 4518 1272 4574 αὑτοῦ.

969 4517 1050 4581 ίας
1081 4518 1272 4574 αὑτοῦ.
1871 4526 1922 4582 5.
1950 4523 2217 4594 Cogitatio
2243 4523 2418 4578 cordis
2447 4522 2582 4592 ejus.

195 4609 254 4664 6.
287 4609 401 4663 Οὐκ
425 4609 684 4680 ἠθέλησεν
708 4610 1018 4678 ἐπιγνῶναι,
1046 4612 1137 4663 καὶ
1155 4613 1372 4682 ποιῆσαι
1391 4614 1449 4666 τὸ
1467 4615 1689 4682 ἀγαθόν.

1391 4614 1449 4666 τὸ
1467 4615 1689 4682 ἀγαθόν.
1868 4618 1920 4670 6.
1957 4617 2132 4670 Noluit
2159 4630 2450 4684 agnoscere
2477 4625 2529 4668 et
2562 4613 2737 4669 facere
2772 4615 2996 4669 bonum.

197 4699 253 4754 7.
301 4699 503 4769 Ἀλλ“ἠ
552 4701 852 4763 ἀνάπαυσις
902 4700 1001 4770 τῆς
1045 4699 1225 4770 ψυχῆς
1273 4703 1434 4755 αὑτοῦ
1496 4705 1694 4776 ἀνομία

1496 4705 1694 4776 ἀνομία
1868 4707 1919 4760 7.
1954 4707 2054 4761 Sed
2085 4706 2298 4776 requies
2328 4706 2522 4759 anima:
2544 4706 2660 4774 ejus
2688 4706 2944 4776 iniquitas
2969 4711 3069 4760 est.

126 4781 399 4862 τυγχάνεί
416 4792 515 4863 (5).

192 4884 251 4948 8,
291 4884 345 4940 9.
383 4883 458 4953 (6)
488 4883 609 4936 Οὐδ’
638 4883 909 4953 ἐνέμεινεν
929 4887 985 4940 ἐν
1028 4889 1123 4960 μιᾷ
1157 4888 1326 4958 κακία
1351 4930 1364 4953 ,
1400 4889 1534 4942 ἀλλὰ
1578 4888 1693 4942 δια-

1866 4886 1917 4950 8,
1941 4885 1993 4940 9.
2026 4884 2206 4954 Neque
2235 4884 2287 4938 in
2314 4901 2418 4939 una
2445 4885 2642 4941 mansit
2668 4885 2973 4956 iniquitate,
3002 4885 3094 4941 sed
3118 4885 3359 4940 diversas

127 4977 326 5048 φόρους
348 4977 638 5046 ἐπενόησεν
671 4977 865 5048 ἐαυτῷ.

671 4977 865 5048 ἐαυτῷ.
1801 4979 1903 5032 sibi
1935 4980 2278 5050 excogitavit.

195 5068 291 5124 10.
335 5069 423 5121 Ἐν
451 5072 561 5133 τοῖς
586 5070 653 5122 τὰ
685 5070 908 5141 οὐράνια
937 5071 1189 5141 φρονοῦσι
1215 5072 1274 5124 τὸ
1300 5070 1444 5134 ἔλεός
1472 5088 1584 5124 σου.

1869 5071 1954 5125 10.
1984 5071 2041 5125 In
2073 5073 2435 5142 cegitantibus
2462 5070 2700 5126 caelestia
2727 5070 3096 5126 misericordia
3127 5078 3238 5124 tua.

197 5163 290 5216 H.
323 5163 444 5215 Τῶν
470 5162 646 5214 αὐτῶν
669 5163 857 5232 ἁγίων.
887 5163 1059 5231 λέγει.

1873 5166 1958 5217 Η.
1996 5163 2178 5233 lisque
2209 5165 2274 5219 ad
2314 5167 2460 5235 ipsos
2490 5173 2728 5226 sanctos,
2765 5163 2915 5218 dicit.

194 5256 286 5310 12.
324 5257 385 5306 Οἱ
419 5257 614 5308 δίκαιοι
645 5255 742 5325 (7).
1726 5252 1769 5305 ll

535 5272 614 5307 ειη.
645 5255 742 5325 (7),
1726 5252 1769 5305 1)
1875 5257 1960 5308 12.
1992 5255 2148 5309 Justi.

1073 5433 1373 5496 Addenda
1411 5442 1470 5496 et
1500 5436 1874 5513 corrigenda
1915 5453 1988 5495 ex
2043 5435 2180 5494 cod.
2217 5434 2418 5493 Vatic.

187 5597 267 5730 (1)
305 5597 367 5650 Ἢ
395 5596 616 5680 διὰιτῆς
646 5597 1011 5667 κινναϐάρεως
1050 5615 1173 5669 περ.
1872 5597 1948 5664 (ΐὶ)
1995 5599 2275 5686 ’Υπάρχει.

209 5670 264 5730 2)
297 5670 544 5730 Ποενηραν
564 5683 720 5720 επαν.
1873 5665 1946 5730 (6)
1978 5667 2038 5720 Ν.
2061 5671 2112 5722 8.
2156 5671 2275 5730 Γέρτ

297 5670 544 5744 [Ιρνηράν
564 5672 722 5744 ἐξαν.
879 5665 887 5667 “
1125 5665 1134 5669 ’
1802 5737 1844 5744 __
1873 5665 1946 5744 (ἔξ)
2143 5665 2413 5744 Τέρπεται
2433 5669 2702 5744 ἐπιμένων
2736 5668 2880 5739 πάσῃ
2911 5667 3013 5734 ὀδῷ
3033 5666 3131 5721 οὐκ
3163 5666 3364 5744 ἁγαθοῇ.

249 5741 264 5802 )
297 5739 407 5809 Ἰξὴν
438 5737 631 5791 ἑαυτοῦ
665 5739 836 5809 χάριν.
1802 5737 1864 5793 Ν.
1883 5737 1958 5790 ’9.
1988 5741 2098 5792 Οὐχ
2124 5780 2135 5792 .
2161 5781 2173 5792 ,
2196 5737 2495 5807 (ἐποίησεν
2523 5737 2716 5809 ἑαυτῷ.

213 5810 270 5878 6)
300 5807 407 5862 Τοῦ
439 5813 578 5863 ἄθρει
600 5812 652 5862 in
682 5807 831 5864 cod”
859 5848 870 5860 .
902 5847 914 5859 .
938 5815 1031 5862 καὶ
1074 5809 1396 5862 παύσασθαι.
1869 5810 1944 5875 (7)
1981 5811 2045 5862 Οἱ
2081 5811 2274 5863 δίκαιοί
2304 5827 2416 5862 σου.
