4068 6318
735 331 837 386 785
1578 337 1634 392 S.
1687 335 2060 394 ATHANASH
2098 335 2247 394 OPP.
2283 335 2460 392 PARS
2495 332 2582 391 111.
2612 365 2681 376 --
2713 332 3125 391 EXEGETICA.
3873 335 3976 394 784

810 453 896 508 15.
923 451 1131 509 Judicia
1164 463 1252 509 tua
1278 456 1508 526 abyssus
1540 459 1729 517 multa.
2330 464 2376 521 Α

2330 464 2376 521 Α
2473 457 2559 512 15.
2589 457 2669 510 Τὰ
2696 455 2936 528 κρίματα
2961 473 3054 509 σου
3086 454 3322 520 ἄϐυσσος
3355 457 3546 527 πολλῆ.

809 545 895 598 14.
933 544 1190 602 Homines
1210 557 1263 602 et
1287 548 1530 618 jumenta
1558 551 1820 614 salvabis,
1858 549 2102 606 Domine.
2349 605 2356 616 ,

2349 605 2356 616 _
2471 550 2556 604 14.
2605 548 2945 620 Ἀνθρώπους
2971 549 3064 603 καὶ
3101 550 3271 619 κτήνη
3296 548 3512 612 σώσεις,
3539 549 3733 621 Κύριε.

807 639 892 692 15.
933 638 1398 705 Quemadmodum
1439 643 1810 714 multiplicasti
1859 643 2294 699 misericordiam

2083 643 2294 699 ordiam
2471 643 2558 697 15.
2595 643 2682 706 Ὠς
2715 641 3020 713 ἐπλήθυνας
3046 642 3106 694 τὸ
3135 641 3280 706 ἔλεός
3317 659 3434 707 σου,
3458 644 3486 697 ὁ
3517 643 3689 707 Θεὸςι

740 738 910 790 tuam.
948 729 1124 786 Deus!

814 821 893 874 16.
922 820 1041 875 Filii
1077 831 1259 878 autem
1284 822 1568 878 hominum
1593 823 1647 878 in
1673 825 1911 896 tegmine
1941 825 2150 880 alarum
2180 833 2298 881 tua-

2471 820 2556 874 16.
2586 822 2648 874 Οἱ
2673 821 2730 874 δὲ
2776 822 2880 874 υἱοὶ
2920 819 3226 892 ἀνθρώπων
3255 821 3312 873 ἐν
3349 822 3530 894 σκέπῃ
3549 821 3658 875 τῶν
3689 825 3973 893 πτερύγων

736 924 855 963 rum
884 912 1182 980 sperabunt
1209 929 1222 964 :

1181 952 1182 960 η
1209 929 1222 964 :
2403 931 2494 967 σου
2521 913 2787 969 ἐλπιοῦσι.

803 1001 889 1055 17.
922 1001 1338 1056 lnebriabuntur
1359 1003 1427 1057 ab
1449 1003 1695 1058 ubertate
1723 1003 1919 1060 domus
1947 1013 2086 1060 tuae:

2470 1005 2554 1059 17.
2585 1005 3026 1076 Μεθυσθήσονται
3058 1004 3166 1058 ἀπὸ
3190 1005 3442 1076 πιότητος
3481 1005 3630 1059 οἴκου
3665 1022 3760 1060 σου
3780 1021 3793 1034 ·

805 1092 892 1148 18.
929 1092 995 1147 Et
1030 1101 1267 1148 torrente
1303 1094 1594 1165 voluptatis
1629 1104 1736 1150 tua:
1764 1096 1979 1166 potabis
2011 1110 2127 1152 eos.

2469 1096 2555 1151 18.
2583 1097 2692 1151 Kal.
2725 1097 2814 1150 τὸν
2854 1099 3186 1170 χειμάρρουν
3237 1098 3335 1169 τῆς
3375 1097 3588 1169 τρυφῆς
3628 1114 3722 1150 σου
3771 1101 3971 1160 tonsi;

1024 1200 1028 1212 '
2399 1187 2618 1253 αὐτούς.

805 1270 890 1326 19.
914 1268 1182 1337 Quoniam
1217 1271 1360 1341 apud
1389 1279 1441 1326 te
1475 1270 1598 1327 fons
1620 1272 1744 1327 vitae
1768 1290 1780 1326 :

2464 1281 2550 1336 19.
2587 1282 2710 1335 Ὅτι
2739 1281 2888 1352 παρὰ
2928 1281 3011 1334 σοὶ
3045 1281 3198 1354 πηγὴ
3234 1282 3377 1354 ζωῆς
3403 1300 3416 1315 ·

801 1358 891 1418 20.
933 1361 987 1416 In
1016 1362 1218 1417 lumine
1251 1372 1342 1417 tuo
1369 1363 1674 1419 videbimus
1698 1364 1881 1418 lumen

2465 1373 2555 1430 20.
2598 1376 2684 1428 ’Ev
2707 1374 2785 1445 τῷ
2809 1374 2946 1444 φωτί
2976 1391 3071 1427 σου
3104 1374 3344 1445 ὀψόμεθα
3371 1375 3507 1443 φῶς.

800 1456 890 1510 21.
923 1455 1200 1510 Praetende
1225 1456 1659 1512 misericordiam
1705 1466 1855 1511 tuam
1885 1455 2183 1512 scientibus
2211 1465 2291 1524 te;

2463 1465 2552 1518 21.
2584 1464 2916 1536 Παράτεινον
2941 1465 3001 1517 τὸ
3034 1465 3179 1528 ἔλεός
3216 1481 3308 1518 σου
3344 1468 3455 1528 τοῖς
3475 1463 3809 1534 γινώσκουσί
3837 1481 3919 1516 σε·

798 1549 888 1602 22.
921 1547 984 1602 Ει
1008 1548 1280 1619 justitiam
1329 1559 1474 1603 tuam
1506 1549 1613 1614 his,
1641 1549 1734 1618 qui
1776 1556 1924 1604 recto
1958 1556 2086 1604 sunt
2110 1549 2290 1604 corde.

2465 1553 2555 1608 22.
2591 1554 2698 1607 Kal.
2722 1553 2820 1625 τὴν
2852 1553 3194 1625 δικαιοσύνην
3224 1572 3315 1607 σου
3336 1558 3446 1618 τοῖς
3467 1555 3737 1627 εὐθέσιτῇ
3753 1555 3966 1624 καρδίᾳ.

801 1639 889 1692 25.
921 1637 1037 1695 Non
1065 1639 1244 1693 veniat
1271 1639 1402 1692 mihi
1426 1655 1520 1708 pes
1552 1640 1853 1709 superbiae:

2464 1646 2551 1700 25.
2579 1645 2669 1716 Μὴ
2697 1645 2894 1699 ἐλθέτω
2926 1662 3016 1716 μοι
3047 1645 3182 1709 ποῦς
3207 1646 3613 1718 ὑπερηφανίας·

799 1730 890 1783 24.
927 1728 991 1783 Ει
1025 1744 1220 1784 manus
1249 1729 1550 1800 peccatoris
1583 1743 1691 1784 non
1726 1736 1942 1783 moveat
1963 1743 2067 1783 me.

2462 1736 2553 1791 24.
2585 1737 2696 1789 Kal.
2725 1736 2846 1807 χεὶρ
2872 1735 3201 1806 ἁμαρτωλοῦ
3245 1737 3317 1809 μὴ
3345 1736 3608 1791 σαλεῦσαι
3649 1754 3739 1807 με.

799 1823 887 1877 25.
920 1821 994 1877 lbi
1023 1822 1337 1878 ceciderunt
1372 1837 1581 1887 omnes,
1626 1821 1719 1892 qui
1757 1829 2050 1890 operantur
2095 1817 2297 1890 iniqui-
2326 1812 2369 1869 Β

2356 1814 2369 1867 ι
2466 1829 2559 1884 25.
2606 1828 2752 1882 Ἐκεῖ
2783 1827 2977 1882 ἔπεσον
3014 1828 3213 1892 πάντες
3244 1831 3292 1882 οἱ
3324 1829 3685 1901 ἐργαζόμενοι
3722 1829 3820 1900 τὴν
3851 1828 3962 1881 ἀν’.-

733 1925 894 1970 tatem
918 1934 930 1969 :

2404 1918 2563 1990 μίαν*

795 2006 884 2062 26.
925 2008 1143 2078 Expulsi
1168 2018 1314 2072 sunt,
1347 2023 1446 2062 nec
1472 2015 1758 2076 potuerunt
1779 2016 1940 2064 stare.

2469 2007 2556 2064 26.
2602 2007 2963 2080 Έξὼσθησαν,
2992 2009 3086 2063 καὶ
3123 2008 3183 2062 οὗ
3215 2009 3290 2080 μὴ
3317 2007 3580 2062 δύνωνται
3612 2009 3801 2078 στῆναι

939 2101 1187 2155 Psalmus
1210 2100 1399 2154 David.
1429 2099 1760 2156 PSALMUS
1784 2100 2053 2156 XXXVI.

2668 2102 2913 2172 Ψαλμὸς
2949 2099 3029 2167 τῷ
3055 2101 3253 2156 Δαϐίδ.
3298 2104 3522 2156 ‘FAAM.
3557 2104 3703 2169 Λςι.

803 2195 854 2249 1.
883 2191 1002 2248 Noli
1025 2193 1266 2248 :emulari
1293 2193 1347 2246 in
1381 2193 1802 2264 malignantibus
1827 2213 1842 2263 ;

2477 2190 2526 2245 1.
2556 2190 2647 2261 Μὴ
2681 2190 2992 2264 παραζηλου
3019 2192 3074 2244 ἐν
3107 2191 3560 2263 πονηρευομένοις
3580 2208 3592 2220 ·

798 2286 851 2340 2.
887 2283 1071 2355 Neque
1097 2284 1356 2341 zelaveris
1388 2284 1647 2341 facientes
1673 2285 2036 2356 iniquitatem.

2466 2283 2520 2336 2.
2557 2282 2706 2352 Μηδὲ
2727 2281 2886 2353 ζήλου
2907 2282 3035 2346 τοὺς
3065 2282 3350 2347 ποιοῦντας
3381 2283 3477 2353 τὴν
3506 2284 3757 2353 ἀνομίαν.

799 2377 852 2430 5.
886 2374 1155 2442 Quoniam
1191 2385 1449 2447 tanquam
1485 2374 1668 2432 fenum
1715 2377 1971 2432 velociter
2001 2384 2287 2432 arescent:

2181 2384 2250 2431 :nt
2276 2398 2287 2432 :
2464 2376 2520 2430 5.
2557 2375 2676 2428 Ὅτι
2707 2375 2839 2429 ὡσεὶ
2870 2375 3060 2447 χόρτος
3089 2376 3225 2448 ταχὺ
3247 2375 3787 2448 ἀποξηρανθήσονται

1842 2495 1920 2550 A'l
1938 2491 2214 2550 IIANASII
2251 2493 2843 2579 INTERPRETATIQ.

803 2612 888 2665 15.
912 2610 1121 2666 Judicia
1150 2619 1241 2665 tua
1275 2609 1557 2665 immensa.

2467 2611 2553 2665 15.
2590 2610 2669 2662 Τὰ
2693 2609 3039 2680 δικαιώματά
3064 2626 3156 2662 σου
3186 2609 3492 2680 ἀμέτρητα.

802 2703 889 2758 14.
925 2701 1238 2758 lncedentes
1261 2703 1534 2757 voluntate
1565 2711 1676 2758 tua.

2470 2703 2553 2755 14.
2589 2702 2726 2766 Τοὺς
2755 2702 3152 2774 πορευομένους
3180 2701 3257 2772 τῷ
3283 2701 3443 2772 βουλή
3454 2702 3584 2772 ματί
3615 2719 3707 2755 σου

798 2796 883 2850 15.
902 2793 1366 2862 Quemadmodum
1386 2794 1749 2864 multiplicasti
1769 2809 1938 2864 genus
1967 2795 2287 2856 humanum,

2467 2794 2552 2846 15.
2589 2794 2674 2856 Ὠς
2699 2793 3000 2864 ἐπλήθυνας
3032 2792 3092 2845 τὸ
3120 2792 3276 2860 γένος
3311 2792 3419 2845 τῶν
3446 2793 3774 2863 ἀνθρώπων,
3802 2795 3960 2855 οὕτως

729 2887 804 2943 La
821 2899 872 2942 et
890 2887 1310 2942 misericordiam
1332 2896 1478 2942 tuam
1495 2889 1547 2942 in
1565 2901 1753 2942 omnes
1772 2887 2017 2942 homines
2035 2884 2291 2941 eﬂ‘udisti.
2323 2934 2335 2956 Α

2124 2884 2291 2941 idisti.
2323 2930 2361 2956 η
2400 2885 2493 2940 καὶ
2521 2886 2581 2937 τὸ
2607 2885 2753 2948 ἔλεός
2787 2902 2878 2938 σου
2909 2885 3001 2938 ἐπὶ
3023 2884 3230 2948 πάντας
3261 2885 3460 2948 αὐτοὺς
3487 2885 3730 2956 ἐξέχεας.

800 2979 889 3033 16.
920 2979 1033 3033 Sub
1064 2988 1158 3033 tuo
1179 2979 1403 3033 auxilio.
2322 2930 2362 2990 Ο

1697 2930 1752 2940 “
2322 2930 2362 2990 (⁵
2400 2930 3001 3054 ””ᾱδζ’τξ.ζᾷ’τῖιῖσῆξ
3021 2930 3295 3047 ῥᾉᾟθέἒιᾷ

804 3070 890 3126 17.
925 3070 968 3122 Α
1001 3071 1172 3141 gratia
1206 3080 1316 3124 tua.

2472 3065 2558 3118 17.
2597 3065 2728 3119 Ἀπὸ
2763 3065 2863 3136 τῆς
2899 3067 3116 3138 χάριτός
3152 3083 3265 3120 σου.

802 3161 887 3217 18.
921 3161 1122 3217 Sancto
1150 3170 1242 3216 tuo
1270 3160 1491 3231 Spiritu.

2473 3157 2559 3212 18.
2586 3157 2659 3210 Τὸ
2691 3157 2916 3228 Πνεῦμά
2947 3174 3039 3210 σου
3072 3159 3132 3212 τὸ
3153 3158 3326 3227 ἅγιον.

801 3255 887 3310 19.
920 3255 1189 3322 Quoniam
1215 3256 1357 3323 apud
1387 3262 1439 3308 te
1464 3252 1676 3306 Patrem
1711 3250 1880 3306 Filius
1901 3259 2002 3309 est.

1940 3259 2002 3309 st.
2479 3249 2558 3304 19.
2596 3249 2716 3301 Ὅτι
2748 3248 2898 3320 παρά
2925 3251 3006 3302 σοὶ
3034 3249 3112 3320 τῷ
3141 3250 3315 3321 Ilath
3333 3253 3363 3304 ὁ
3399 3251 3546 3316 Υίὸς.

795 3347 889 3406 20.
919 3349 977 3400 ln
1009 3349 1125 3416 ipso
1157 3345 1290 3399 Filio
1322 3354 1413 3399 tuo
1441 3344 1744 3399 videbimus
1780 3343 1974 3397 lucem.

2471 3341 2560 3396 20.
2608 3341 2692 3393 Ἐν
2715 3341 2861 3413 αὑτῷ
2880 3341 2957 3412 τῷ
2981 3341 3095 3412 Υίῷ
3131 3359 3222 3396 σου
3261 3342 3502 3414 ὀψόμεθα
3537 3342 3675 3413 φῶς.

800 3440 891 3494 21.
922 3437 1283 3493 Credentibus
1314 3437 1368 3491 in
1398 3446 1471 3492 te.

2470 3433 2559 3489 21.
2588 3434 2712 3499 Τοῖς
2749 3435 3092 3488 πιστεύουσιν
3117 3436 3198 3500 είς
3226 3435 3304 3488 σέ.

800 3530 891 3585 22.
927 3529 986 3584 Et
1005 3531 1206 3602 justam
1229 3540 1377 3585 tuam
1400 3528 1811 3586 retributionem
1834 3527 1886 3580 in
1908 3525 2293 3597 sempiternum

2467 3525 2556 3580 22.
2587 3527 2695 3580 Καὶ
2723 3526 2819 3598 τὴν
2847 3526 3060 3582 δικαίαν
3087 3544 3179 3580 σου
3215 3526 3636 3598 μισθαποδοσίαν
3685 3527 3961 3598 ἀτελευτή-

731 3623 872 3678 dona
901 3623 1116 3678 mundis
1145 3623 1330 3678 corde.

2398 3635 2507 3682 τως
2537 3617 2777 3690 δὼρησαι
2810 3622 2924 3682 τοῖς
2953 3619 3212 3690 καθαροῖς
3247 3622 3314 3690 τῇ
3343 3621 3556 3692 καρδίᾳ.

801 3718 892 3772 25.
922 3715 1138 3772 Nullum
1164 3725 1447 3786 peccatum
1481 3730 1566 3770 me
1591 3715 1918 3785 supplantet.

2471 3710 2560 3765 25.
2588 3709 2681 3781 Μὴ
2711 3712 2998 3780 πτερνήσει
3027 3709 3353 3783 [πτερνήσῃ]
3381 3730 3448 3783 με
3479 3716 3630 3766 πᾶσα
3665 3716 3921 3785 ἁμαρτία.

802 3811 893 3864 24.
927 3808 1041 3862 Non
1072 3807 1330 3877 glorietur
1356 3807 1422 3862 de
1453 3823 1536 3863 me
1568 3807 1805 3878 potentia
1831 3806 2055 3864 inimici.

2473 3801 2560 3855 24.
2591 3802 2681 3872 Μὴ
2707 3804 2956 3875 καυχήσῃ
2988 3821 3088 3875 μου
3120 3804 3196 3874 (1)
3230 3805 3514 3860 δυναστεία
3546 3807 3640 3860 τοῦ
3665 3808 3884 3880 ἐχθροῦ.

796 3903 888 3964 25.
918 3901 1007 3956 26.
1039 3899 1254 3956 Cadunt
1284 3899 1470 3970 utique
1496 3900 1790 3970 gaudentes
1827 3901 1878 3955 in
1909 3907 2152 3970 peccato.

2473 3893 2562 3959 25,
2588 3892 2676 3947 26.
2697 3894 2802 3948 Ναὶ
2833 3897 3087 3950 πίπτουσι
3111 3897 3185 3967 (2)
3207 3899 3484 3969 χαίροντες
3504 3901 3598 3953 ἐπὶ
3612 3905 3683 3974 τῇ
3711 3902 3958 3973 ἁμαρτίᾳ.

812 3991 877 4045 Ἦ
908 3989 1239 4062 προκειμένη
1266 3991 1543 4062 ἐπιγραφὴ
1593 3989 1832 4060 περιέχει
1878 3989 1992 4059 (5)·
2037 3987 2118 4053 Τῷ
2170 3982 2365 4039 Δαϐἰδ.
2405 3981 2874 4054 Ἐρμηνεύεται,δὲ
2912 3991 3324 4058 πεποθημένος
3348 3992 3440 4044 καὶ
3464 3992 3957 4065 ἐξουθενημένος·

731 4089 864 4160 ὅπερ
899 4087 991 4139 ἐπὶ
1029 4085 1118 4139 τοῦ
1141 4084 1404 4156 παρόντος
1423 4085 1676 4156 ληπτέον,
1708 4085 1794 4138 δια
1822 4084 1880 4137 τὸ
1912 4081 2160 4154 εἰρῆσθαι
2190 4079 2278 4132 τὸν
2311 4076 2524 4148 ψαλμὸν
2550 4080 2627 4141 είς
2657 4079 2782 4140 τοὺς
2812 4080 3050 4145 δικαίους
3070 4083 3194 4146 τοὺς
3224 4084 3640 4157 πεποθημένους
3668 4089 3778 4140 ὑπὸ
3805 4087 3959 4142 Θεοῦπ

729 4185 852 4250 τοὺς
885 4179 958 4250 (4)
989 4178 1201 4241 ἀσεϐεῖς
1226 4178 1348 4241 τοὺς
1380 4176 1856 4248 ἐξουθενημένους.
1885 4176 2196 4246 Γέγραπται
2232 4171 2339 4242 γάρ
2360 4187 2372 4199 ο
2409 4169 2848 4240 Έξουδένωσας
2877 4174 3107 4242 πάντας
3142 4178 3280 4244 τοὺς
3303 4179 3810 4247 ἀποστατοῦντιις
3857 4182 3959 4237 ἀπὸ

729 4275 848 4330 τῶν
875 4269 1277 4341 δικαιωμάτων
1299 4286 1436 4336 σου,
1467 4271 1555 4324 ὅτι
1580 4270 1790 4325 ἀδικον
1817 4269 1880 4323 τὸ
1913 4269 2222 4337 ἐνθύμημα
2253 4265 2468 4321 αὐτῶν.

798 4363 1012 4417 Titulus
1063 4359 1386 4430 praepositus
1432 4358 1710 4413 continet:
1746 4356 1994 4412 Psalmus
2031 4358 2224 4413 David.
2278 4356 2443 4413 David
2495 4365 2675 4414 autem
2732 4358 3117 4430 interpretatur
3166 4361 3494 4418 desideratus
3528 4374 3584 4419 et
3609 4378 3959 4437 contemptus;

732 4459 875 4532 quod
912 4458 965 4512 in
996 4455 1246 4527 praesenti
1276 4456 1348 4508 ita
1383 4454 1759 4524 accipiendum
1794 4462 1894 4519 est,
1919 4463 2203 4525 pr0pterea
2233 4455 2377 4524 quod
2403 4456 2648 4526 psalmus
2670 4455 2851 4511 dictus
2885 4466 2968 4511 est
3001 4457 3055 4511 in
3100 4457 3283 4526 justos
3311 4478 3338 4511 ει
3364 4459 3473 4515 Deo
3505 4462 3850 4519 desideratas
3875 4484 3886 4518 :
3915 4464 3956 4516 in

731 4555 927 4624 impios
953 4569 982 4606 a
1017 4550 1128 4606 Deo
1167 4555 1525 4616 contemptos.
1561 4545 1835 4617 Scriptum
1870 4556 1955 4602 est
1995 4548 2181 4602 enim:
2213 4548 2468 4618 Sprevisti
2500 4565 2678 4604 omnes
2726 4547 3045 4604 discedentes
3093 4568 3124 4604 a
3163 4553 3388 4621 judiciis
3431 4556 3556 4620 tuis,
3599 4559 3731 4626 quia
3777 4559 3958 4629 injuste

730 4645 978 4716 cogitatio
1005 4659 1184 4697 eorum
1209 4640 1255 4672 ⁸⁸

801 4741 852 4794 1.
889 4735 1010 4792 Noli
1036 4735 1327 4791 assimilari
1351 4734 1785 4806 malignantibus.
2329 4738 2373 4792 D

2329 4738 2373 4792 D
2472 4736 2522 4788 1.
2555 4735 2646 4806 Μὴ
2675 4736 2858 4807 ὁμοίου
2885 4736 3006 4803 τοῖς
3037 4739 3534 4809 πονηραιομένοις
3553 4757 3566 4770 ·

804 4833 859 4888 2.
892 4829 1075 4902 Neque
1104 4838 1154 4885 te
1176 4827 1573 4900 comparaveris
1598 4827 1662 4882 ad
1687 4827 1901 4882 illorum
1925 4826 2188 4882 actiones.

2471 4829 2524 4883 2.
2553 4830 2702 4902 Μηδέ
2729 4829 2997 4896 ἐξισοῦται
3021 4831 3096 4903 (5)
3121 4831 3320 4904 [ἐξισοῦ
3339 4833 3421 4906 σε]
3435 4837 3551 4897 ταῖς
3581 4835 3812 4890 ἐκείνων
3842 4838 3957 4911 πρά·

2435 4939 2536 4976 εσι.

2402 4928 2412 4974 l

806 5011 1131 5078 '5.Quoniam
1166 5019 1418 5079 tanquam
1452 5009 1625 5079 fenum
1653 5017 1815 5064 decor
1842 5007 2149 5064 divitiarum
2182 5024 2301 5063 sua-

2435 4939 2536 4976 εσι.

2402 4922 2430 4987 ξ
2471 5016 2522 5069 5.
2559 5012 2680 5070 ’Ότι
2708 5016 2782 5086 (6,
2811 5017 2940 5096 ᾠσεὶ
2977 5019 3167 5090 χόρτος
3207 5020 3241 5093 ἡ
3274 5021 3576 5093 εὐπρέπεια
3618 5024 3732 5079 τῶν
3761 5025 3956 5098 χρημά·

731 5120 877 5160 rum.

2401 5126 2506 5162 των
2534 5110 2729 5164 αὐτῶν.

802 5235 847 5267 ⁸⁸
879 5233 1078 5290 Psalm.
1110 5249 1300 5301 cxvm,
1336 5234 1458 5291 118.

1679 5351 1984 5414 Addenda
2017 5358 2076 5413 et
2125 5352 2497 5434 corrigenda
2529 5373 2605 5417 ex
2640 5357 2777 5418 cod.
2815 5358 3018 5419 Vatic.

807 5475 1232 5550 (υκατισχύσῃ
1265 5496 1439 5550 μου-Α
1538 5549 1541 5550 ,
1788 5549 1795 5550 ,

1538 5549 1541 5550 ,
1788 5549 1795 5550 ί
1887 5548 1899 5550 ᾼ
1922 5548 1945 5550 ,_
2483 5480 2558 5550 (4)
2591 5482 2698 5534 Καὶ
2727 5484 2805 5545 είς
2832 5481 2977 5545 τούς,
3008 5491 3109 5539 etc.

812 5547 888 5622 (2)
934 5547 1351 5622 Ἀνατρέπονται
1383 5548 1490 5620 γὰρ
1525 5549 1628 5603 ὑπὸ
1659 5550 1751 5622 τοῦ
1780 5548 2048 5612 διαϐόλου,
2085 5552 2178 5604 καὶ
2227 5552 2300 5622 μὴ
2601 5551 2828 5616 Ἐξισοῦ.

733 5616 1252 5704 δυνέμξγριᾳστῆναι,
1291 5616 1548 5704 ﬂictu.ng
1582 5621 1885 5704 χαίροντες,
1919 5629 2023 5675 etc.
2054 5690 2078 5702 η
2132 5693 2145 5704 Δ
2201 5616 2300 5704 ‘1"
2585 5623 2674 5704 Ν.-
2692 5625 2765 5704 5,.
2781 5624 2833 5704 4..
2874 5624 3066 5703 Ὀτιὶ..
3100 5621 3286 5704 αὐτῶν
3339 5622 3472 5704 sax?
3538 5621 3951 5704 μαρανθήσεται,

923 5687 1103 5766 "licita
1127 5687 1249 5766 fi};
1293 5687 1689 5755 κινναόάοεο›ς’
1713 5691 1952 5762 περιέχει
1974 5708 1986 5722 ο
2011 5690 2087 5762 τῷ
2119 5692 2299 5747 Δαὸίδ.
2411 5695 2500 5747 καὶ
2525 5687 2587 5748 ἐκ
2616 5694 2710 5766 τῆς
2739 5694 2895 5764 δόξης
2935 5695 3026 5747 τοῦ
3057 5693 3286 5748 πλούτου
3318 5687 3494 5746 αὐτῶν
3522 5687 3663 5764 ταχὺ
3706 5687 3834 5759 ἁπξ,
3871 5705 3952 5746 etc-

847 5757 1008 5812 A16‘t6
1041 5760 1092 5813 δὲ
1120 5757 1246 5836 ἑρμ.
1285 5778 1413 5814 πεπ.
