4068 6318
84 369 194 426 785
964 369 1051 424 DE
1091 370 1366 426 TITULIS
1401 371 1845 428 PSALMORUBI.
1883 403 1950 413 —
1977 371 2172 428 PSAL.
2206 371 2442 427 XXXVI.
3212 373 3316 430 786

157 487 210 540 4.
242 489 353 543 Καὶ
377 489 509 542 ὡσεὶ
532 490 736 561 λάχανα
764 490 923 562 χλόης
945 492 1080 562 ταχὺ
1120 494 1537 549 ἀποπεσοῦνται.
1679 499 1725 557 Α

1709 515 1725 557 ι
1822 496 1873 548 4.
1909 494 1974 549 Et
2017 494 2476 566 quemadmodum
2519 493 2666 553 olera
2709 494 3001 550 herbarum
3031 495 3137 550 cito
3166 497 3315 550 deci-

1755 587 1904 641 dent.

249 666 506 721 Ἔλπισον
536 669 627 721 ἐπὶ
652 669 873 740 Κύριον,
903 672 996 724 καὶ
1022 672 1161 724 ποίει
1191 673 1532 743 χρηστότητα
1551 691 1565 703 ·

1361 673 1532 743 ότητα
1551 691 1565 703 ·
1824 680 1876 734 5.
1912 678 2076 750 Spera
2102 679 2154 734 in
2181 679 2431 744 Domino,
2454 689 2506 734 et
2531 678 2616 735 fac
2635 680 2967 746 bonitatem;

155 758 212 814 6.
244 761 355 812 Kal
387 763 720 832 κατασκήνου
749 762 844 832 τὴν
867 762 972 830 γῆν
991 778 1004 792 ·

912 762 972 830 ἦν
991 778 1004 792 ⁸
1826 773 1879 826 6.
1917 771 1982 828 Et
2007 773 2250 827 inhabita
2282 783 2483 828 terram
2505 791 2518 841 ;

154 851 211 905 7.
246 854 359 905 Kal
387 853 728 925 ποιμανθήσῃ
763 854 855 907 ἐπὶ
878 853 955 924 τῷ
988 854 1200 924 πλούτῳ
1222 856 1411 926 αὐτῆς.

1113 854 1200 924 ὶτῳ
1222 856 1411 926 αὐτῆς.
1828 863 1878 916 7.
1912 863 1976 918 Et
2007 865 2245 934 pasceris
2272 865 2326 918 in
2351 864 2553 920 divitiis
2583 865 2719 934 ejus.

149 945 205 997 8.
242 946 675 1017 Κατατρύφησον
725 947 818 1000 τοῦ
873 950 1096 1020 Κυρίου,
1149 950 1241 1003 καὶ
1283 950 1442 1004 δώσει
1473 968 1554 1004 σοι
1588 950 1656 1004 τὰ

1825 957 1878 1009 8.
1917 955 2193 1012 Delectare
2231 957 2285 1010 in
2326 955 2578 1020 Domino,
2610 965 2664 1012 et
2709 958 2857 1013 dabit
2895 959 2988 1013 tibi
3035 959 3320 1029 petitiones

82 1037 210 1107 αἰτή
221 1054 372 1106 ματα
398 1038 496 1108 τῆς
523 1038 747 1108 καρδίας
772 1056 888 1093 σου.

456 1041 496 1108 Ις
523 1038 747 1108 καρδίας
772 1056 888 1093 σου.
1761 1048 1940 1104 cordis
1967 1051 2062 1103 tui.

153 1127 210 1180 9.
260 1126 632 1196 ’Δποκνάλυψον
657 1129 790 1200 πρὸς
820 1130 1021 1201 Κύριον
1050 1133 1146 1204 τὴν
1169 1133 1286 1186 ὀδόν
1321 1150 1432 1197 σου,

1267 1151 1286 1185 ν
1321 1150 1432 1197 σου,
1830 1141 1882 1196 9.
1917 1139 2116 1197 Revela
2138 1143 2202 1197 ad
2226 1141 2516 1198 Dominum
2539 1142 2680 1196 viam
2704 1151 2873 1207 tuam,

159 1211 252 1266 10.
296 1215 405 1264 Kal
439 1214 653 1268 ἐλπισον
687 1217 773 1268 ἐπ’
796 1218 977 1284 αὑτὸν,
1013 1221 1105 1274 καὶ
1130 1221 1288 1285 αὐτὸς
1315 1224 1548 1294 ποιήσει.

156 1306 219 1359 11
235 1350 248 1360 .
289 1308 399 1360 Kal
421 1308 613 1371 ἐξοίσει
645 1310 720 1373 ὼς
741 1311 854 1379 φῶς
882 1312 976 1383 τὴν
1003 1313 1342 1385 δικαιοσύνην
1366 1333 1457 1368 σου
1477 1331 1490 1346 ⁸

157 1401 250 1454 12.
291 1402 400 1455 Καὶ
424 1403 484 1455 τὸ
517 1405 688 1474 κρῖμά
708 1421 800 1463 σου
831 1405 905 1469 ὼς
938 1407 1304 1479 μεσημϐρίαν.

158 1492 251 1546 15.
300 1494 633 1565 Ὑποτάγηοι
665 1495 741 1565 τῷ
764 1498 971 1568 Κυρίῳ,
996 1501 1088 1551 καὶ
1118 1499 1390 1554 ἱκέτευσον
1421 1503 1600 1558 αὐτόν.

1827 1233 1913 1286 10.
1946 1233 2011 1288 Ει
2033 1250 2185 1304 spera
2212 1235 2264 1288 in
2297 1250 2383 1299 eo,
2406 1244 2459 1290 et
2488 1236 2602 1305 ipso
2625 1234 2817 1290 faciet:

1835 1326 1922 1380 11.
1959 1325 2024 1380 Et
2050 1327 2242 1381 educet
2275 1327 2440 1397 quasi
2464 1328 2645 1382 lumen
2666 1328 2935 1398 justitiam
2961 1335 3130 1381 tuam.

1829 1417 1914 1470 12.
1953 1417 2303 1489 Etjudicium
2336 1429 2486 1473 tuum
2525 1429 2778 1490 tanquam
2805 1420 3103 1474 meridiem.

1828 1507 1913 1561 15.
1944 1506 2203 1564 Subditus
2237 1518 2353 1563 esto
2377 1508 2626 1577 Domino,
2662 1519 2714 1564 et
2737 1525 2830 1564 ora
2863 1525 3011 1564 eum.

161 1585 253 1638 14.
290 1586 382 1657 Μή
423 1587 735 1658 παραζήλου
777 1590 836 1642 ὲν
876 1589 954 1660 τῷ
990 1592 1429 1665 κατευοδουμένῳ
1480 1597 1535 1648 ὲν
1590 1600 1654 1668 τῇ

1833 1600 1917 1654 14.
1952 1599 2069 1655 Noli
2120 1601 2362 1656 aemulari
2409 1603 2464 1655 in
2509 1617 2574 1656 eo
2623 1603 2716 1672 qui
2769 1610 3120 1671 prosperatur
3160 1599 3213 1654 in
3239 1599 3320 1652 via

87 1675 193 1744 ὁδῷ
218 1675 386 1728 αὑτοῦ
403 1695 416 1707 υ
1756 1712 1883 1765 sua;

293 1768 380 1820 ’Ev
415 1769 682 1842 ἀνθρώπῳ
709 1771 946 1825 ποιοῦντι
993 1776 1351 1846 παρανομίαν.
1687 1836 1733 1857 ἢ

1267 1794 1351 1832 αν·
1687 1836 1733 1857 ,η
1832 1787 2005 1842 15.1[ι
2035 1787 2254 1843 homine
2288 1787 2520 1842 faciente
2545 1786 2873 1857 injustitias.‘

292 1857 502 1912 Παῦσαι
517 1836 636 1914 ’ἀπὸ
653 1836 842 1934 δργῆς,
869 1865 964 1917 καὶ
997 1836 1325 1933 ἐγκατάλιπε
1353 1868 1521 1937 θυμόν
1542 1887 1554 1898 ·
1686 1836 1735 1898 Β

1486 1869 1521 1920 ἓν
1542 1887 1554 1898 ³
1686 1836 1735 1898 Β
1831 1880 1914 1934 16.
1951 1879 2143 1934 Desine
2168 1880 2235 1933 ab
2267 1881 2367 1946 ira,
2399 1889 2454 1934 et
2480 1836 2790 1949 derelinque
2815 1879 3051 1932 furorem
3079 1895 3092 1931 :

160 1947 243 2002 17.
287 1950 379 2021 Μὴ
420 1951 751 2024 παραζήλου,
783 1954 921 2007 ὥστε
949 1958 1341 2028 πονηρεύεσϐαι
1365 1975 1380 1990 ο

1227 1958 1341 2011 σθαι
1365 1975 1380 1990 ο
1835 1973 1919 2025 17.
1954 1970 2072 2026 Noli
2101 1972 2367 2034 aemulari.
2405 1980 2462 2025 ut
2491 1947 2833 2042 maligneris;

163 2040 258 2096 18.
297 2042 416 2095 Ὀτι
446 2043 494 2095 ol
517 2045 936 2116 πονηρευόμενοι
960 2046 1498 2120 ὲξολοθρευθήσονται
1518 2070 1530 2082 ·

1832 2064 1916 2117 18.
1950 2063 2235 2128 Quoniam,
2261 2062 2353 2132 qui
2379 2040 2761 2133 malignantur,
2789 2061 3320 2115 exterminabuntur:

161 2133 251 2188 19.
285 2136 349 2188 Ol
377 2135 435 2188 δὲ
458 2136 818 2206 ὑπομένοντες
845 2137 936 2190 τὸν
973 2138 1196 2210 Κύριον,
1234 2142 1384 2194 αὐτοὶ
1408 2144 1662 2215 κληρονο-

1835 2156 1921 2208 19.
1952 2152 2296 2209 Sustinentes
2323 2165 2504 2209 autem
2547 2154 2860 2222 Dominum,
2895 2153 2997 2224 ipsi
3035 2151 3317 2208 haeredita-

97 2227 170 2297 μή
179 2243 273 2280 σου
283 2243 336 2278 σι
365 2226 463 2298 τὴν
502 2226 627 2296 γῆν.

545 2226 627 2296 ἦν·
1765 2245 1899 2300 bunt
1933 2253 2151 2297 terram.

161 2317 255 2371 20.
292 2319 400 2371 Kal
421 2317 500 2370 ἔτι
522 2319 718 2386 ὀλίγον,
740 2320 833 2372 καὶ
853 2321 912 2373 οὺ
933 2322 1005 2391 μὴ
1033 2324 1248 2394 ὑπάρξῃ
1270 2327 1297 2377 6
1321 2326 1656 2397 ἁμαρτωλός·

1838 2334 1927 2387 20.
1953 2333 2018 2388 Ει
2047 2335 2223 2390 adhuc
2256 2335 2534 2405 pusillum,
2560 2344 2612 2390 et
2646 2350 2751 2388 non
2775 2336 2878 2388 erit
2912 2342 3181 2402 peccator.

163 2408 259 2462 21.
295 2410 404 2462 Καὶ
425 2410 680 2479 ζητήσεις
701 2410 790 2462 τὸν
806 2411 969 2464 τόπον
986 2412 1168 2476 αὑτοῦ,
1188 2416 1280 2468 καὶ
1301 2417 1360 2469 ού
1384 2419 1456 2487 μὴ
1475 2418 1657 2491 εὕρῃς.

1840 2426 1931 2480 21.
1962 2425 2026 2480 Et
2053 2442 2263 2495 quaeres
2294 2427 2470 2481 locum
2501 2427 2638 2496 ejus.
2664 2435 2716 2481 et
2740 2440 2845 2479 non
2883 2425 3144 2478 invenies.

164 2505 260 2558 2'2.
292 2507 355 2557 Οἱ
380 2505 436 2558 δὲ
469 2508 663 2576 πραεῖς
693 2505 1156 2576 κληρονομήσουσι
1182 2509 1284 2577 γῆν
1309 2525 1320 2536 ·

1837 2517 1926 2570 ‘32.
1957 2517 2219 2573 Mansueti
2247 2529 2426 2574 autem
2458 2519 2851 2573 hazreditabunt
2878 2527 3076 2571 terram
3104 2536 3115 2569 :

164 2594 260 2650 25.
291 2596 400 2648 Kal
429 2597 934 2667 κατατρυφήσουσιν
969 2599 1059 2651 ἐπὶ
1089 2598 1279 2668 πλήθει
1303 2601 1540 2673 εἰρήνης.

1528 2641 1540 2654 .
1840 2605 1929 2658 25.
1963 2604 2026 2658 Et
2055 2607 2470 2661 delectabuntur
2505 2608 2556 2660 in
2593 2606 2937 2661 multitudine
2963 2606 3132 2675 pacis.

1225 2752 1598 2811 ATHANASII
1638 2754 2212 2816 INTERPRETATIO.

167 2908 224 2966 4.
255 2907 409 2979 Ταχὺ
434 2909 833 2962 ἀποπεσοῦνται
864 2908 1077 2978 Θανάτῳ
1113 2911 1524 2980 παραδοθέντες.
1696 2922 1736 2977 C

1132 2911 1524 2980 παραδοθέντες.
1696 2922 1736 2977 C
1841 2917 1894 2970 4.
1928 2917 2049 2974 Cito
2074 2919 2320 2974 deciderit
2346 2921 2506 2974 morti
2536 2919 2738 2974 traditi.

170 3001 225 3055 5.
256 3002 369 3054 Kal
404 3002 545 3054 ποίει
573 3003 680 3055 πᾶν
702 3003 860 3071 ἔργον
891 3002 1111 3068 ἀγαθόν.

1847 3008 1898 3063 5.
1937 3009 2001 3064 Ει
2036 3010 2119 3066 fac
2139 3027 2300 3066 omne
2327 3028 2464 3082 opus
2498 3013 2723 3067 bonum.

168 3093 224 3154 6,
257 3093 311 3146 7.
347 3094 450 3145 Kal
504 3093 641 3145 οἴκει
697 3094 789 3146 ἐπὶ
839 3094 937 3163 τῆς
972 3096 1075 3164 γῆς
1120 3097 1532 3168 ποιμαινόμενος
1566 3099 1670 3152 ὑπὸ

1843 3101 1897 3162 6,
1923 3101 1971 3153 7.
2004 3101 2067 3155 Ει
2096 3102 2276 3157 habita
2319 3107 2373 3156 in
2414 3114 2554 3157 terra
2590 3103 2824 3156 nutritus
2845 3116 2874 3155 a
2899 3099 3126 3154 Domino
3153 3119 3164 3153 :
3195 3099 3332 3153 divi-

104 3186 316 3256 Κυρίου
336 3203 348 3215 ·
390 3185 616 3249 πλοῦτος
665 3186 772 3258 γὰρ
800 3188 896 3258 τῆς
928 3188 1028 3257 γῆς
1059 3189 1086 3241 6
1125 3188 1327 3260 Κύριος
1357 3191 1610 3262 ὑπάρχει,
1646 3193 1672 3244 6

1774 3194 1862 3246 tiae
1887 3193 2030 3247 enim
2068 3204 2224 3249 terra:
2256 3193 2520 3250 Dominus
2561 3204 2708 3258 sunt,
2742 3195 2925 3250 ditans
2950 3209 3069 3249 eam
3102 3193 3332 3248 diversis

106 3279 354 3332 πλουτῶν
384 3280 552 3350 αὐτὴν
580 3279 761 3333 ἄνθεσι
788 3280 1063 3351 διαφόροις
1093 3283 1186 3335 καὶ
1222 3281 1456 3354 δένδρεσι
1481 3301 1674 3336 παντο-

1171 3284 1186 3334 ι
1222 3281 1456 3354 δένδρεσι
1481 3301 1674 3336 παντο-
1777 3283 2000 3341 ﬂoribus
2019 3295 2072 3340 et
2099 3287 2245 3342 omni
2272 3302 2466 3359 genere
2498 3287 2777 3341 arborum.

107 3370 319 3427 δαπέσι.

175 3465 228 3519 8.
279 3465 588 3535 Ἀγάπησον
610 3466 701 3519 τὸν
730 3466 934 3538 Κύριον
968 3464 1025 3528 ἐξ
1057 3465 1183 3535 ὅλης
1203 3466 1378 3536 ψυχῆς
1404 3507 1418 3529 ,
1455 3466 1531 3536 (1)
1583 3468 1675 3519 καὶ

1848 3467 1900 3518 8.
1930 3464 2098 3535 Dilige
2138 3464 2427 3520 Dominum
2466 3480 2529 3520 ex
2573 3473 2680 3519 tota
2717 3463 2929 3529 anima,
2957 3470 3016 3516 et
3049 3461 3205 3518 faciet
3243 3478 3335 3517 vo-

108 3555 175 3609 τέι
208 3555 492 3627 θεΑήματά
523 3574 613 3610 σου
649 3558 886 3628 ποιήσει.

569 3575 613 3610 zu
649 3558 886 3628 ποιήσει.
1777 3557 2010 3612 luntates
2038 3567 2175 3612 tuas.

175 3648 231 3704 9.
281 3648 706 3718 Ἀποκάλυψον
735 3649 884 3718 πρὸς
910 3650 1125 3718 Κύριον
1141 3649 1238 3720 τὴν
1259 3648 1488 3719 καρδίαν
1517 3667 1628 3711 σου,

1259 3648 1488 3719 καρδίαν
1517 3667 1628 3711 σου,
1852 3652 1904 3706 9.
1937 3649 2124 3704 Revela
2154 3653 2219 3702 ad
2257 3649 2534 3704 Dominum
2559 3665 2653 3706 cor
2675 3658 2849 3714 tuum,

178 3740 268 3796 10.
306 3742 417 3796 Kal
443 3742 603 3805 αὐτὸς
630 3742 883 3814 ὁδηγήσει
919 3760 974 3795 σε
1005 3745 1082 3806 είς
1116 3743 1221 3796 πᾶν
1257 3741 1414 3814 ἔργον
1451 3743 1672 3811 ἀγαθόν.

1595 3744 1672 3796 όν.
1854 3744 1939 3798 10.
1975 3743 2041 3798 Ει
2066 3745 2179 3813 ipse
2201 3743 2429 3798 deducet
2457 3752 2507 3798 te
2532 3743 2584 3798 in
2619 3759 2780 3798 omne
2811 3757 2946 3811 opus
2977 3741 3198 3796 bonum.

182 3835 243 3889 11
257 3875 272 3888 .
307 3835 591 3907 Καθαράν,
631 3835 798 3904 λέγει.

1853 3838 1939 3889 11.
1966 3835 2243 3900 Mundam,
2271 3835 2465 3904 inquit.

184 3931 274 3985 12.
313 3932 757 4002 Πεφωτισμένην.

1854 3930 1940 3983 12.
1970 3929 2334 3983 llluminatum
2369 3927 2518 3981 dicit.

185 4021 380 4076 15-15.
407 4022 755 4075 Ταπείνωσον
790 4024 1013 4076 σεαυτὸν
1049 4022 1124 4093 (9)
1157 4022 1260 4075 ὑπὸ
1290 4021 1384 4091 τὴν
1413 4019 1678 4090 κραταιὰν

1855 4021 2042 4075 15-15.
2092 4019 2324 4075 Humilia
2352 4019 2582 4090 teipsum
2609 4019 2710 4073 sub
2741 4019 2941 4088 potenti
2989 4017 3108 4086 ejus
3137 4032 3296 4070 manu
3325 4034 3335 4069 :

119 4114 281 4168 αὐτοῦ
311 4116 468 4186 χεῖρα
491 4130 505 4144 ο
534 4113 631 4184 μὴ,
656 4112 749 4167 ἐὰν
775 4113 888 4184 ἴδῃς
929 4115 1048 4177 τοὺς
1080 4113 1488 4183 ἁμαρτάνοντας
1518 4111 1676 4179 εὐθη-

1781 4129 1870 4179 ne,
1925 4116 1969 4170 si
2013 4116 2213 4169 videris
2251 4123 2559 4184 peccatores
2610 4126 2862 4182 prospere
2909 4120 3146 4181 agentes,
3197 4111 3341 4163 indi-

119 4206 361 4269 νοῦντας,
396 4205 654 4276 ὀργισθῇς
679 4207 734 4259 ὲν
766 4209 832 4276 τῇ
864 4205 1057 4276 καρδία
1098 4221 1192 4256 σου
1235 4204 1298 4256 δι’
1348 4204 1563 4265 αὐτοὺς,
1592 4203 1682 4255 καὶ

1786 4206 1966 4275 gueris
1991 4218 2208 4275 propter
2240 4220 2338 4259 eos
2359 4204 2412 4257 in
2444 4203 2605 4259 corde
2630 4211 2744 4267 tuo,
2779 4211 2833 4256 et
2864 4202 2995 4256 velis
3027 4202 3184 4255 talem
3205 4201 3341 4264 fieri,

119 4290 354 4366 Θελήσῃς
386 4292 636 4360 γενέσθαι
661 4293 895 4356 τοιοῦτος
918 4295 1094 4355 ὁποῖος
1126 4293 1387 4355 κάκεῖνος.
1718 4287 1725 4340 l

661 4293 895 4356 τοιοῦτος
918 4295 1094 4355 ὁποῖος
1126 4293 1387 4355 κάκεῖνος.
1718 4286 1761 4340 Ῑ)
1790 4297 1977 4367 quales
2009 4297 2080 4351 illi
2109 4307 2253 4352 sunt.

190 4383 278 4439 16.
325 4383 490 4454 Ὀργὴ
519 4384 626 4455 γὰρ
649 4384 838 4454 ἀνδρὸς
864 4384 1207 4454 δικαιοσύνην
1233 4382 1365 4435 Θεοῦ
1399 4383 1496 4435 οὑκ
1517 4384 1683 4452 ἀπερ-

1861 4389 1948 4443 16.
1984 4389 2063 4443 lra
2107 4391 2251 4444 enim
2299 4390 2538 4446 hominis
2573 4389 2840 4458 justitiam
2868 4386 2962 4440 Dei
3006 4401 3114 4440 non
3153 4398 3345 4454 opera-

121 4475 348 4543 γάζεται
370 4475 467 4543 (5).

1787 4491 1894 4535 tur.

193 4569 281 4623 17.
315 4567 404 4640 Μὴ
442 4567 608 4638 μιμοῦ
640 4569 702 4621 τὸ
731 4569 914 4621 κακόν.

1863 4572 1949 4626 17.
1980 4571 2058 4626 Ne
2080 4572 2309 4627 imiteris
2335 4571 2557 4626 malum.

188 4660 275 4714 18.
314 4660 504 4713 Ὄτιοὶ
535 4660 811 4723 ποιοῦντες
832 4661 891 4714 τὸ
918 4663 1084 4714 κακὸν
1127 4662 1678 4733 ἐξολοθρευοήσονται.

1862 4667 1942 4720 18.
1984 4665 2251 4731 Quoniam
2291 4663 2549 4719 facientes
2595 4661 2797 4716 malum
2842 4660 3346 4714 exterminaounmr.

191 4753 276 4809 19.
316 4753 376 4805 Ol
423 4751 481 4805 δὲ
522 4751 940 4821 ἀπεκδεχόμενοι
973 4752 1064 4806 τοῦ
1105 4754 1309 4824 Κυρίου
1353 4753 1447 4825 τὴν
1484 4756 1682 4822 ἐπιφά-

1861 4759 1949 4812 19.
1978 4757 2369 4826 Exspectantes
2416 4767 2595 4809 autem
2641 4752 2858 4806 Domini
2904 4752 3212 4816 adventum,
3249 4749 3349 4818 ipsi

125 4863 293 4910 νειαν,
330 4845 483 4898 αὐτοὶ
519 4844 986 4917 κληρονομήσουσι
1014 4845 1110 4917 τὴν
1144 4845 1412 4916 βασιλείαν
1455 4847 1559 4899 τῶν
1592 4847 1683 4899 o6-

1150 4845 1412 4916 βασιλείαν
1455 4847 1559 4899 τῶν
1592 4847 1683 4899 οὐ·
1793 4850 2191 4905 lizereditabunt
2221 4863 2446 4917 regnum
2471 4847 2756 4902 cmlorum.

128 4957 320 5010 ρανων.

190 5030 278 5085 ΞΟ.
318 5031 528 5098 Ὀλίγον
567 5031 674 5101 γάρ
706 5030 841 5092 ἐστι,
874 5030 967 5083 καὶ
1000 5031 1327 5100 παρέρχεται
1351 5033 1378 5083 6
1408 5031 1626 5101 κόσμος.

1613 5071 1626 5084 .
1859 5025 1948 5080 20.
1981 5025 2239 5080 Ρυειιιυῐη
2268 5025 2412 5078 enim
2435 5031 2538 5085 est,
2566 5031 2619 5076 et
2646 5023 2881 5077 mundus
2912 5022 3219 5091 pertransit.

191 5123 279 5176 Ἦ.
312 5123 668 5194 Παραδίδοται
700 5122 808 5192 γάρ
841 5122 1068 5185 ἕκαστος
1111 5122 1217 5174 τῶν
1266 5123 1687 5193 ἁμαρτανόντων

1807 5108 1812 5113 ’
1860 5117 1950 5171 2|.
1979 5116 2187 5187 Singuli
2211 5116 2354 5170 enim
2383 5124 2695 5185 peccatores
2716 5121 2932 5169 aaternzc
2952 5113 3218 5182 punitioni
3247 5119 3354 5163 tra-

125 5215 188 5282 τῇ
211 5213 404 5284 αἱωνίᾳ
436 5213 655 5267 κολάσει
688 5212 783 5283 (4).

436 5213 655 5267 κολάσει
688 5212 783 5283 (4).
1794 5210 2012 5264 duntur.

192 5303 281 5357 9.2.
306 5304 418 5374 Τὴν
447 5304 559 5357 ἄνω
596 5303 943 5374 Ἰερουσαλὴμ
971 5302 1138 5372 λέγει.

1867 5299 1957 5352 2‘2.
1996 5298 2296 5370 Supernam
2319 5298 2616 5355 aerusalem
2642 5296 2927 5367 signiﬁcat.

196 5397 282 5451 9.3.
316 5397 413 5460 Εἰς
444 5394 535 5448 τὸν
572 5393 744 5448 αίῶνα
771 5393 864 5447 τοῦ
892 5394 1102 5456 αἰῶνος.

958 5394 1102 5456 avoc.
1869 5392 1958 5448 25.
1990 5390 2046 5445 ln
2071 5393 2329 5447 saeculum
2359 5391 2564 5447 saeculi.

1069 5548 1372 5610 Addenda
1420 5555 1482 5610 et
1510 5548 1882 5628 corrigenda
1928 5566 2004 5610 ex
2039 5547 2176 5610 cod.
2214 5548 2414 5609 Vatic.

199 5655 270 5723 (ι)
293 5655 487 5726 11ή⁹υχῆς
518 5671 632 5726 σου,
663 5656 753 5708 καὶ
779 5655 845 5706 τά
883 5664 928 5706 et
958 5653 1049 5706 rel.
1070 5654 1276 5726 desunt
1317 5655 1370 5705 in
1399 5653 1527 5726 cod_._
1607 5725 1614 5726 ί
1644 5724 1653 5726 _

887 5664 928 5706 et
958 5653 1049 5706 rel.
1070 5654 1276 5726 desunt
1317 5655 1370 5705 in
1399 5653 1527 5726 cod_._
1607 5725 1614 5726 ί
1644 5724 1653 5726 _
1870 5655 1945 5721 (5)
1975 5655 2047 5706 Οὐ
2084 5654 2493 5726 κατεργάζεται.

202 5722 482 5788 MDL-1‘3.
535 5725 904 5796 Ταῖτείνωσοψ
935 5724 1193 5776 ἐλυτὸν...
1250 5726 1424 5793 χεῖρα.
1487 5722 1551 5776 Ν.
1602 5724 1682 5790 14,
1870 5726 1942 5796 (l)
1976 5726 2066 5787 Εἰς
2097 5726 2192 5796 τὴν
2219 5725 2428 5778 αἰώνιον
2467 5724 2700 5777 κόλασιν.

135 5793 396 5867 lii-31%;...
455 5794 704 5863 γ;·λέσθαι
761 5795 1030 5859 τοσοῦτος,
1083 5798 1247 5847 ὁποῖοι
1304 5796 1559 5847 κάκεῖνοι.
