4084 6322
769 350 868 403 ’787
1601 359 1660 413 S.
1703 359 2074 417 ATHANASII
2113 362 2262 419 OPP.
2304 363 2486 419 PARS
2520 364 2610 418 lll.
2644 395 2713 405 —
2748 359 3158 417 EXEGETICA.
3894 357 3974 412 788

831 468 921 521 2i.
957 467 1276 528 Observabit
1302 485 1553 543 peccator
1577 477 1788 547 justum
1815 498 1828 534 :
2351 488 2400 544 Α

2351 488 2400 544 Α
2495 483 2584 537 24.
2616 482 3066 552 Παρατηρήσεται
3105 481 3132 533 ό
3164 477 3481 549 ἁμαρτωλὸς
3508 478 3599 532 τὸν
3622 478 3863 533 δίκαιον·

840 559 928 613 25.
961 558 1028 615 Et
1056 563 1303 620 stridebit
1330 581 1493 637 super
1523 586 1648 623 eum
1675 572 1928 628 dentibus
1959 573 2094 629 suis.

2504 573 2591 627 25.
2626 574 2734 625 Kal.
2768 571 2950 643 βρύξει
2977 575 3062 625 ἐπ’
3095 572 3254 625 αὑτὸν
3277 572 3401 635 τοὺς
3432 569 3651 633 ὀδόντας
3679 567 3868 625 αὑτοῦ.

837 651 925 704 26.
957 652 1214 713 Dominus
1250 670 1426 714 autem
1457 663 1704 716 irridebit
1733 681 1892 719 eum:

2503 663 2592 718 26.
2637 665 2692 717 Ὀ
2721 664 2776 716 δὲ
2798 663 2999 734 Κύριος
3032 661 3381 730 ὲκγελάσεται
3419 660 3609 714 αὐτόν·

837 742 927 797 27.
953 743 1219 810 Quoniam
1251 753 1529 820 prospicit,
1555 757 1696 823 quod
1728 759 1907 811 veniet
1931 758 2046 812 dies
2073 757 2214 828 ejus.

2500 756 2589 811 27.
2619 755 2741 807 Ὅτι
2766 753 3077 825 προϐλέπει,
3103 753 3184 805 ὅτι
3209 751 3328 821 ἣξει
3356 753 3388 821 ἡ
3424 751 3607 823 ἡμέρα
3642 749 3832 804 αὑτοῦ.

837 834 926 888 28.
960 836 1210 895 Gladium
1240 845 1662 912 evaginavernnt
1693 860 2039 917 peccatores;

2503 851 2592 903 28.
2630 849 2924 919 Ῥομφαίαν
2951 847 3258 901 ἐσπάσαντο
3281 846 3332 897 οι
3358 844 3699 915 ἁμαρτωλοίο

839 927 928 981 29.
963 929 1313 989 lnleudcrunt
1353 953 1540 993 arcum
1576 955 1733 994 suum
1775 941 1980 1012 [suum,
2017 959 2131 998 rem
2184 961 2332 999 ama-

2505 942 2592 994 29.
2637 940 2930 994 Ἐνέτειναν
2963 938 3113 1004 τόξον
3159 937 3336 992 αὐτῶν
3371 934 3570 1009 [αὐτῶν
3630 937 3868 1008 πρᾶγμα
3907 951 3975 988 πι-

768 1018 910 1090 ram]
936 1039 948 1086 ;

2436 1033 2630 1106 χρὸν]-

837 1034 884 1070 m
936 1039 947 1050 .

837 1033 1027 1162 501.’Ut
1059 1108 1316 1177 dejiciant
1341 1129 1632 1182 pauperem
1661 1125 1715 1170 et
1746 1117 1962 1188 inopem
1990 1137 2007 1186 ;
2436 1052 2450 1086 ³

2539 1052 2566 1084 ν
2616 1051 2631 1068 .

2436 1033 2599 1180 κρξοί
2627 1124 2732 1178 Τοῦ
2759 1123 3082 1178 καταϐαλεῖν
3110 1120 3322 1192 πτωχὸν
3340 1122 3432 1174 καὶ
3460 1119 3669 1191 πένητα
3687 1136 3702 1150 ·

842 1199 930 1253 51.
970 1201 1035 1254 Ut
1063 1205 1333 1259 trucident
1363 1216 1541 1262 rectos
1569 1210 1750 1263 corde.

2503 1217 2590 1270 51.
2622 1217 2728 1270 Τοῦ
2762 1215 2959 1284 σφάξαι
2987 1216 3114 1277 τοὺς
3138 1214 3311 1276 εὐθεῖς
3335 1215 3400 1283 τῇ
3433 1212 3648 1284 καρδίᾳ.

839 1291 925 1346 52.
959 1293 1183 1351 Gladius
1216 1312 1406 1352 earum
1433 1299 1596 1354 intret
1623 1301 1678 1354 in
1695 1317 1791 1356 cor
1816 1301 2027 1376 [corda]
2051 1319 2330 1376 ipsorum;

2501 1309 2589 1365 52.
2632 1309 2696 1362 Ἦ
2726 1307 2968 1379 ῥομφαία
2990 1307 3167 1360 αὐτῶν
3207 1303 3439 1358 εἰσέλθοι
3493 1307 3572 1367 είς
3623 1303 3724 1374 τὴν
3777 1302 3976 1373 καρδίαν

2437 1403 2550 1476 [εἰς
2578 1400 2837 1471 καρδίας]
2869 1401 3047 1453 αὐτῶν
3068 1417 3082 1430 ·

837 1474 927 1528 55.
961 1474 1023 1529 Et
1058 1493 1219 1531 arcus
1240 1494 1429 1534 eorum
1459 1483 1894 1555 confringantur.
2440 1474 2450 1476 _

2440 1474 2455 1476 _
2504 1496 2592 1548 55.
2627 1494 2733 1547 Καὶ
2765 1492 2833 1545 τὰ
2855 1493 2980 1556 τόξα
3013 1491 3191 1546 αὐτῶν
3221 1489 3549 1563 συντριὸείη.

835 1561 926 1618 54.
963 1563 1151 1622 Melius
1177 1579 1260 1623 est
1287 1572 1558 1627 modicum
1579 1575 1749 1644 justo,
1781 1592 1944 1647 super
1973 1578 2190 1635 divitias
2213 1595 2336 1651 pec-

2503 1587 2589 1642 54.
2623 1588 2890 1658 Κρεῖσσον
2909 1584 3084 1654 ὀλίγον
3098 1583 3176 1656 τῷ
3195 1561 3384 1654 δικαίῴ
3413 1583 3554 1654 ὑπὲρ
3569 1583 3804 1636 πλοῦτον
3824 1584 3977 1654 άμαρ-

766 1663 1011 1708 catorum
1043 1659 1243 1715 multas
1270 1679 1284 1716 :

1217 1677 1243 1715 5
1270 1679 1284 1716 ε
2434 1681 2618 1734 τωλῶν
2646 1679 2830 1732 πολύν.

837 1746 925 1800 55.
959 1747 1229 1813 Quoniam
1260 1754 1482 1810 brachia
1509 1773 1856 1827 peccatorum
1893 1770 2262 1819 conterentur.

2507 1772 2594 1826 55.
2625 1772 2746 1823 ’Ότι
2781 1769 3059 1841 βραχίονες
3079 1767 3415 1840 ἁμαρτωλῶν
3449 1769 3921 1841 συντριϐήσονται·

840 1837 928 1892 56.
960 1840 1256 1897 Conﬁrmat
1279 1857 1458 1902 autem
1486 1850 1664 1918 justos
1696 1851 1977 1908 Dominus.
2366 1841 2409 1897 Β

2366 1841 2409 1897 Β
2505 1862 2595 1915 56.
2635 1837 3013 1930 ’Υποστηρίζει
3043 1859 3099 1912 δὲ
3122 1837 3256 1923 τοὺς
3283 1859 3525 1923 δικαίους
3553 1837 3834 1931 δ’Κύριος.

837 1929 926 1983 57.
964 1929 1122 1987 Novit
1148 1934 1409 1994 Dominus
1434 1943 1549 1996 vias
1580 1943 2056 1999 immaculatorum
2089 1963 2103 2000 :

2507 1956 2594 2009 57.
2632 1929 2889 2008 Γινώσκει
2921 1952 3124 2023 Κύριος
3153 1952 3256 2016 τὰς
3287 1954 3440 2016 ὁδοὺς
3468 1953 3579 2006 τῶν
3611 1929 3888 2025 άμῶμων·

831 2020 921 2075 58.
952 2021 1017 2077 Et
1047 2025 1331 2086 haereditas
1366 2048 1555 2086 eorum
1583 2036 1636 2088 in
1664 2045 1922 2089 aeternum
1950 2037 2076 2091 erit.

2506 2044 2592 2098 58.
2628 2044 2737 2096 Καὶ
2770 2046 2801 2114 ἡ
2831 2020 3160 2115 κληρονομία
3189 2045 3367 2097 αὐτῶν
3400 2047 3480 2108 εἰς
3506 2043 3598 2099 τὸν
3621 2020 3799 2098 αίῶνα
3829 2047 3975 2099 ἔσται.

831 2109 923 2166 59.
958 2111 1074 2169 Non
1105 2119 1506 2177 confundentur
1530 2126 1584 2178 in
1613 2135 1852 2196 tempore
1879 2129 2023 2182 malo
2049 2147 2062 2180 :

2508 2136 2592 2190 59.
2625 2137 2698 2188 Οὐ
2737 2109 3288 2205 καταισγυνθῆσονται
3317 2138 3374 2188 ὲν
3405 2136 3579 2208 καιρῷ
3601 2137 3859 2209 πονηρῷ-

958 2203 1025 2301 Et
1058 2207 1111 2260 in
1143 2209 1336 2266 diebus
1362 2212 1521 2270 famis
1549 2219 1961 2275 saturabuntur.

2509 2228 2597 2280 40.
2633 2229 2742 2281 Καὶ
2777 2230 2833 2279 ὲν
2863 2202 3100 2298 ἡμέραις
3126 2227 3284 2296 λιμοῦ
3311 2202 3795 2301 χορτασθήσοντάίι.

958 2294 1094 2362 Quia
1124 2314 1439 2370 peccatores
1473 2310 1766 2376 peribunt:

2507 2318 2594 2372 41.
2627 2319 2746 2371 Ὀτι
2769 2319 2816 2371 οἱ
2842 2294 3151 2389 ἁμαρτωλοὶ
3174 2294 3497 2371 άπολξῦνται
3518 2335 3532 2351 ·

839 2387 930 2441 42.
964 2389 1170 2447 Inimici
1205 2411 1331 2450 vero
1355 2397 1571 2454 Domini
1603 2418 1728 2457 mox
1755 2413 1814 2458 ut
1841 2405 2182 2460 honoriﬁcati
2213 2403 2332 2459 fue-

2507 2411 2594 2464 ιε.
2632 2412 2694 2464 υί
2727 2410 2782 2464 δὲ
2810 2387 2992 2482 ἐχθροὶ
3019 2408 3110 2462 τοῦ
3140 2410 3343 2480 Κυρίου
3365 2451 3380 2474 ,
3423 2411 3540 2482 ἅμα
3572 2411 3650 2483 τῷ
3682 2413 3980 2484 δοξασθῆνιι

767 2478 876 2532 rint
900 2481 1001 2550 ipsi
1036 2494 1090 2539 et
1117 2489 1361 2555 exaltali,

2439 2505 2634 2566 αὐτοὺς
2658 2503 2751 2556 καὶ
2779 2503 3055 2573 ὑψωθῆναι
3077 2545 3090 2568 ,

837 2573 926 2628 45.
957 2575 1273 2636 Deﬁcientes
1307 2587 1761 2653 quemadmodum
1797 2597 1981 2648 turnus
2013 2592 2285 2649 deﬁcient.

2109 2594 2285 2649 icient.
2507 2596 2597 2650 45.
2647 2595 3015 2658 Ἐκλείποντες
3052 2595 3184 2648 ὡσεὶ
3213 2597 3416 2661 καπνὸς
3453 2597 3722 2662 ἐξέλιπον.

835 2665 926 2719 Η.
961 2667 1236 2726 Mutuatur
1264 2689 1532 2747 peccator,
1561 2691 1614 2735 et
1641 2699 1747 2736 non
1773 2686 1941 2739 solvet
1969 2704 1983 2739 :

2509 2687 2595 2740 Η.
2628 2687 2931 2751 Δανείζεται
2951 2690 2979 2740 ό
3004 2688 3342 2758 ἁμαρτωλὸς,
3367 2691 3459 2743 καὶ
3486 2692 3584 2743 οὐκ
3614 2692 3892 2745 ἀποτίσειο

839 2756 928 2812 ιδ.
960 2760 1148 2818 Justus
1173 2776 1352 2821 autem
1387 2771 1695 2838 miseretur,
1723 2787 1774 2830 et
1804 2779 2022 2834 tribuet.

2509 2780 2600 2834 45.
2651 2781 2707 2831 '0
2732 2780 2787 2831 δὲ
2818 2779 3024 2842 δίκαιος
3043 2756 3322 2853 οἰκτείρει,
3353 2781 3446 2834 καὶ
3484 2782 3720 2838 δίδωσιν.

1885 2910 2258 2968 ATHANASII
2297 2912 2881 2970 INTERPRETATIO.

839 3015 933 3069 ει.
961 3015 1224 3073 Diabolus
1253 3028 1306 3074 et
1334 3021 1454 3090 ejus
1484 3023 1721 3079 ministri
1755 3025 2046 3082 observant
2068 3027 2272 3085 ﬁdeles.
2361 3035 2404 3092 (ζ

2371 3035 2404 3092 C
2505 3031 2593 3084 24.
2634 3031 2694 3083 ’0
2722 3030 2964 3093 διάϐολος
2995 3029 3088 3084 καὶ
3128 3031 3178 3084 οί
3216 3029 3382 3084 αὑτοῦ
3415 3032 3856 3103 παρατηροῦνται
3879 3039 3984 3100 τοὺς

2463 3121 2683 3173 πιστούς.

839 3201 929 3256 25.
961 3201 1220 3268 ρυιετθηε
1242 3204 1417 3274 ipsum
1443 3209 1688 3276 perdere.

2439 3136 2683 3183 πιστους.

2507 3210 2599 3266 25.
2629 3208 2814 3280 Ζητῶν
2846 3208 3004 3261 αὐτὸν
3029 3208 3320 3264 ἀναλῶσαι.

839 3293 930 3348 26.
968 3293 1103 3348 Eum
1158 3296 1434 3352 inﬁrmum
1480 3302 1750 3368 ostendet;
1774 3311 1826 3358 ct
1856 3301 1975 3373 ejus
2003 3304 2336 3360 voluntatem

2508 3301 2596 3354 26.
2641 3301 2863 3372 Ἀσθενῆ
2899 3301 3061 3356 αὑτὸν
3091 3301 3358 3369 ἀναδείξει
3381 3345 3395 3371 ,
3431 3303 3510 3376 (1)
3550 3305 3642 3358 καὶ
3677 3307 3777 3380 τὴν
3813 3309 3987 3382 βουλὴν

769 3385 979 3441 irritam
1013 3386 1192 3443 faciet.

2438 3393 2601 3448 αὐτοῦ
2626 3393 2943 3466 ματαιὼσει.

835 3481 927 3537 27.
966 3483 1088 3539 Dies
1111 3488 1413 3556 punitionis
1440 3490 1583 3560 ejus.

2508 3486 2598 3540 27.
2647 3487 2711 3539 Ἠ
2747 3486 2928 3558 ἡμέρα
2956 3487 3055 3556 τῆς
3079 3484 3353 3549 κολάσεως
3380 3484 3562 3544 αὑτοῦ.

838 3574 929 3629 28.
965 3575 1247 3635 Daemones
1277 3592 1579 3650 peccatum.

2509 3578 2597 3632 28.
2626 3579 2686 3633 Οί
2716 3578 2969 3649 δαίμονες
3000 3577 3098 3650 τὴν
3128 3578 3421 3650 ἁμαρτίαν.

838 3669 930 3724 29.
961 3669 1144 3726 Mundi
1179 3675 1521 3743 cupiditates.

2504 3671 2595 3726 29.
2623 3671 2736 3735 Τάς
2755 3671 3048 3741 ἐπιθυμίας
3074 3670 3169 3725 τοῦ
3200 3671 3428 3743 κόσμου.

834 3762 924 3817 50.
954 3763 1194 3818 Justnm.

2508 3763 2596 3818 50.
2627 3765 2728 3816 Τὸν
2753 3763 2977 3816 δίκαιον.

840 3854 903 3907 51
918 3893 930 3906 .
967 3855 1213 3913 Sanctos.

2509 3854 2570 3909 51
2585 3895 2598 3908 .
2634 3855 2772 3918 Τοὺς
2809 3854 3016 3925 ἁγίους.

838 3948 928 4004 52.
963 3952 1235 4006 Conversa
1266 3962 1346 4008 est
1374 3953 1633 4025 iniquitas
1661 3973 1849 4013 eorum
1880 3959 1932 4013 in
1961 3959 2125 4030 ipsos.

2509 3944 2597 3997 52.
2641 3943 3001 4015 Ἐπέστρεψεν
3025 3944 3058 4014 ἡ
3087 3943 3254 3997 κακία
3275 3942 3453 3998 αὐτῶν
3481 3944 3570 3997 ἐπ’
3598 3944 3817 4012 αὐτούς.

840 4043 933 4096 55.
964 4042 1134 4114 lgnita
1170 4046 1475 4101 daamonum
1509 4049 1615 4102 tela
1648 4051 1938 4119 signiﬁcat.

2507 4037 2597 4091 55.
2631 4037 2711 4089 Τὰ
2738 4034 3104 4106 πεπυρωμένα
3127 4035 3252 4106 βέλη
3292 4035 3399 4091 τῶν
3422 4037 3696 4107 δαιμόνων
3734 4037 3902 4109 λέγει.

838 4135 928 4191 54.
959 4137 1205 4207 Amplius
1239 4148 1321 4192 est
1359 4138 1509 4208 justo
1545 4143 1767 4208 paulum
1816 4142 2202 4198 misericordia:
2234 4142 2334 4198 Do-

2508 4129 2597 4183 54.
2628 4129 2828 4192 Μείζόν
2860 4131 3005 4183 ἐστιν
3041 4131 3231 4200 μικρὸν
3259 4129 3404 4193 ἕλεος
3434 4130 3528 4184 τοῦ
3579 4133 3792 4204 Κυρίου
3836 4133 3910 4204 τῷ
3931 4132 3991 4186 διε

771 4231 926 4292 mini.
955 4248 1118 4300 quam
1144 4248 1336 4287 omnes
1366 4235 1553 4288 mundi
1586 4236 1807 4289 divitize.

2441 4221 2580 4292 καίῳ
2614 4222 2754 4294 ὑπὲρ
2792 4223 2968 4276 πάντα
3000 4223 3090 4275 τὸν
3117 4221 3344 4275 πλοῦτον
3373 4222 3467 4276 τοῦ
3497 4224 3726 4295 κόσμου.

842 4326 932 4381 55.
959 4324 1227 4391 Quoniam
1265 4329 1443 4381 omnis
1475 4343 1662 4381 eorum
1692 4330 1932 4397 potentia
1967 4331 2184 4398 peribit.
2374 4397 2380 4398 ί

2511 4315 2598 4369 55.
2634 4316 2753 4368 Ὀτι
2791 4317 2940 4370 πᾶσα
2968 4317 3000 4386 ὴ
3024 4315 3312 4369 δυναστεία
3345 4315 3522 4370 αὐτῶν
3564 4319 3869 4373 ἀπολεῖται.

837 4416 924 4470 56.
963 4416 1223 4473 Immotos
1254 4435 1350 4472 eos
1379 4419 1617 4474 custodit
1646 4420 1699 4472 in
1728 4429 2010 4474 aeternum.
2367 4397 2412 4451 Ῑ)

2374 4397 2412 4451 D
2509 4410 2595 4463 56.
2615 4409 2963 4472 Ἀσαλεύτους
2983 4409 3173 4471 αὐτοὺς
3185 4408 3527 4478 διαφυλάττει
3543 4411 3623 4474 είς
3639 4411 3767 4475 τοὺς
3789 4413 3987 4475 αίὼνας.

842 4511 930 4564 57.
963 4510 1094 4580 Ejus
1118 4512 1260 4565 enim
1290 4521 1416 4566 sunt
1449 4527 1610 4582 opera
1643 4524 1984 4568 sanctorum.

2513 4503 2606 4557 57.
2634 4501 2807 4556 Αὐτοῦ
2847 4505 2953 4573 γάρ
2980 4504 3084 4555 εἱσι
3113 4503 3180 4556 τὰ
3206 4502 3342 4573 ἔργα
3362 4503 3469 4556 τῶν
3500 4504 3686 4572 ἁγίων.

847 4602 936 4655 58.
969 4601 1035 4655 Et
1061 4618 1286 4671 regnum
1312 4604 1573 4658 cmlorum
1598 4619 1786 4658 eorum
1811 4615 1914 4658 est.

2513 4593 2600 4646 58.
2635 4594 2742 4644 Kal.
2768 4593 2800 4662 ἡ
2830 4592 3069 4660 βασιλεία
3091 4592 3197 4645 τῶν
3222 4592 3667 4663 οὐρανῶνάὐτῶν
3690 4595 3844 4649 ἐστιν
3872 4595 3957 4665 (2).

835 4696 925 4750 59.
963 4694 1022 4749 In
1049 4696 1137 4749 die
1160 4696 1380 4766 judicii.

2513 4688 2599 4741 59.
2645 4688 2728 4744 Ἐν
2757 4687 2937 4758 ἡμέρᾳ
2970 4687 3042 4755 (5)
3069 4685 3318 4758 κρίσεως.

841 4789 931 4843 40.
965 4786 1085 4843 Non
1112 4789 1271 4858 panis
1301 4788 1494 4843 famem
1529 4790 1815 4860 signiﬁcat,
1848 4789 1939 4844 sed
1975 4788 2160 4861 gratia:
2185 4789 2300 4843 Dei.

2515 4779 2603 4833 40.
2646 4779 2718 4830 Οὐ
2746 4778 2899 4848 λιμὸν
2937 4777 3103 4848 ἄρτου
3137 4777 3302 4846 λέγει,
3337 4776 3473 4830 ἀλλὰ
3511 4777 3612 4848 τῆς
3649 4779 3875 4850 χάριτος
3915 4774 3992 4831 τοῦ

2444 4871 2596 4924 Θεοῦ.

841 4972 1025 5026 41-45.
1080 4970 1364 5027 Daemones
1417 4982 1470 5028 et
1524 4974 1615 5042 qui
1675 4973 1780 5028 illis
1824 4975 2218 5045 obsequuntur,
2283 4974 2334 5027 in

2519 4964 2703 5018 41—45.
2741 4965 2802 5017 Οί
2848 4963 3096 5034 δαίμονες
3145 4961 3239 5017 καὶ
3270 4960 3320 5014 οἱ
3363 4960 3675 5032 πειθόμενοι
3714 4961 3900 5026 αὐτοῖς
3928 4961 3992 5023 εἰς

773 5064 1001 5118 nihilum
1031 5064 1357 5133 redigentur.

1346 5106 1357 5117 .
2443 5059 2591 5111 οὐδὲν
2623 5059 2958 5128 γενήσονται.

841 5154 931 5207 44.
961 5153 1191 5210 Peccata
1239 5156 1472 5224 peccatis
1513 5156 1684 5220 addit,
1721 5165 1772 5210 et
1821 5156 2195 5227 paenitentiam
2230 5169 2339 5209 non

2511 5149 2599 5203 44.
2633 5147 2992 5220 Προστίθησιν
3034 5145 3306 5218 ἁμαρτίας
3342 5147 3426 5214 ἐφ’
3456 5145 3731 5217 ἁμαρτίας
3759 5188 3774 5209 ,
3811 5144 3902 5200 καὶ
3941 5140 3991 5197 οὐ

772 5245 903 5313 agit,
922 5246 1219 5314 deprecans
1242 5263 1340 5317 pro
1369 5249 1494 5303 illis.

2453 5259 2585 5310 μετα
2595 5242 2832 5311 μελεῖται
2856 5239 3177 5310 προσφέρων
3203 5239 3414 5310 δεήσεις
3437 5239 3575 5310 ὑπὲρ
3596 5238 3800 5291 αὐτῶν.

817 5335 937 5392 ιιὸ.
963 5336 1155 5391 Justus
1184 5347 1366 5392 autem
1405 5338 1560 5394 ουτω-ι
1594 5337 1702 5392 Deo
1730 5354 1824 5407 per
1858 5339 2226 5407 cleemosynas
2259 5335 2340 5389 di-

2519 5337 2606 5388 dii.
2648 5336 2703 5387 Ὀ
2730 5334 2784 5386 δὲ
2817 5334 3020 5395 δίκαιος
3054 5332 3348 5403 προσφέρει
3373 5331 3450 5402 τῷ
3475 5330 3590 5403 Θεῷ
3616 5332 3681 5385 δι’
3718 5331 3992 5403 ἐλεημοσυ-

774 5429 935 5485 vilias
966 5446 1114 5485 suas.

2448 5429 2552 5484 νῶν
2596 5429 2683 5481 τὸν
2708 5427 2898 5481 ἑαυτοῦ
2925 5425 3169 5482 πλοῦτον.

1722 5589 2024 5652 Addenda
2054 5597 2115 5651 et
2145 5586 2512 5665 corrigenda
2545 5601 2619 5643 ex
2671 5582 2809 5643 cod.
2842 5580 3038 5641 Vatic.

847 5715 922 5782 (ί)
966 5713 1277 5779 Ἀποδείξει.

847 5784 924 5855 (2)
957 5786 1168 5838 Ἔσται.

2521 5710 2596 5780 (5)
2636 5709 2718 5761 Ἐἰ
2743 5710 2805 5777 τῇ
2834 5706 3013 5777 ἡμέρξι
3046 5704 3142 5774 τῆς
3179 5720 3263 5774 κρ-
