4068 6318
724 356 821 413 791
1563 359 1620 412 S.
1655 358 2026 416 ATHANASII
2063 357 2212 413 OPP.
2255 355 2432 411 PARS
2469 354 2555 411 lll.
2591 384 2660 395 —
2694 351 3104 409 EXEGETICA.
3852 346 3943 404 799.

791 472 881 527 67.
918 470 983 525 Et
1002 471 1184 542 lingua
1213 470 1334 543 ejus
1362 472 1616 542 loquetur
1637 475 1901 543 judicium
1929 496 1942 532 :
2309 480 2362 537 Α

2309 480 2362 537 Α
2457 472 2546 527 67.
2578 473 2686 524 Kal
2716 473 2748 541 ὴ
2777 471 2999 538 γλῶσσα
3032 466 3197 522 αὑτοῦ
3222 467 3444 540 λαλήσει
3480 466 3693 539 κρίσιν·

791 565 880 621 68.
912 564 1021 619 Lex
1049 564 1144 620 Dei
1173 566 1293 636 ejus
1314 565 1368 619 in
1400 568 1563 622 corde
1603 568 1792 639 ipsius,

2461 561 2549 617 68.
2593 562 2650 613 Ὀ
2682 561 2844 631 νόμος
2869 559 2962 611 τοῦ
2996 556 3130 610 Θεοῦ
3156 557 3320 610 αὐτοῦ
3354 559 3410 611 ὲν
3441 557 3635 628 καρδίᾳ
3664 555 3855 619 αὐτοῦ,

787 656 878 711 69.
913 656 980 710 Et
1006 671 1112 711 non
1148 658 1640 727 supplantabuntur
1663 676 1884 730 gressus
1910 659 2048 730 ejus.

2459 654 2547 708 69.
2579 653 2688 705 Kal
2701 653 2798 721 οὐχ
2814 649 3333 720 ὑποσκελισθήσεται
3347 649 3414 702 τὰ
3426 649 3582 719 διαϐή
3592 666 3737 719 ματα
3766 646 3937 701 αὐτοῦ’

788 749 878 803 70.
914 748 1236 807 Considerat
1257 762 1512 822 peccator
1534 753 1769 825 justum,
1816 763 1873 809 et
1909 755 2108 824 quterit
2140 768 2289 809 mor-

2460 745 2547 799 70.
2576 746 2848 798 Κατανοεῖ
2874 744 2903 795 ὀ
2926 741 3245 813 ἁμαρτωλὸς
3281 741 3373 795 τὸν
3406 740 3628 805 δίκαιον,
3662 741 3760 793 καὶ
3802 739 3943 810 ζητεῖ

718 842 925 899 titicare
956 857 1104 898 eum.

2392 835 2487 889 τοῦ
2519 834 2824 888 θανατῶσαι
2845 832 3025 886 αὐτόν.

788 932 875 987 71.
904 932 1166 988 Dominus
1195 941 1380 988 autem
1418 949 1527 989 non
1560 935 1899 1007 derelinquct
1924 952 2048 992 eum
2085 938 2138 991 in
2172 953 2288 992 ma-

2464 928 2548 983 7l.
2583 930 2658 998 (ιι)
2703 927 2762 980 '0
2792 926 2849 979 δὲ
2879 926 3083 997 Κύριος
3110 923 3169 976 ού
3206 920 3280 993 μὴ
3311 922 3650 995 ἐγκαταλίπῃ
3680 923 3844 975 αὐτὸν
3872 924 3940 987 εις

719 1023 881 1079 nibus
902 1025 1019 1093 ejus
1046 1042 1060 1078 :

2387 1021 2488 1084 τὰς
2520 1023 2705 1091 χεῖρας
2736 1016 2897 1071 αὐτοῦ
2919 1033 2932 1047 ·

786 1117 877 1171 72.
910 1114 1020 1173 Nec
1048 1117 1329 1173 damnabit
1353 1133 1477 1174 eum
1509 1138 1525 1175 :

2459 1111 2543 1164 72.
2574 1110 2697 1163 Οὐδ’
2724 1110 2784 1163 οὐ
2817 1109 2892 1180 μὴ
2927 1106 3081 1179 [οὐδὲ
3117 1106 3192 1177 μή
3238 1107 3295 1159 in
3327 1105 3452 1161 cod.
3496 1103 3703 1177 Barb.]
3733 1107 3938 1160 καταδι-

1314 1252 1321 1257 ι
2388 1204 2622 1273 κάσηται
2657 1201 2836 1266 αὐτὸν,

784 1294 871 1350 73.
896 1293 1032 1351 Cum
1056 1296 1389 1367 iudicabitur
1420 1296 1496 1351 illi
1525 1316 1539 1351 :

2457 1295 2546 1350 75.
2585 1295 2750 1347 Ὅταν
2783 1291 3033 1364 κρίνηται
3059 1290 3207 1360 αὐτῷ
3237 1290 3435 1361 [αὐτόν
3474 1292 3528 1343 in
3555 1290 3674 1342 cod.
3706 1290 3911 1360 Burin].

787 1383 871 1442 74.
901 1386 1168 1459 Exspecta
1194 1389 1505 1459 Dominum,
1535 1400 1592 1446 et
1611 1388 1822 1447 custodi
1856 1390 2001 1446 viam
2035 1391 2157 1461 ejus
2185 1408 2201 1445 :

2456 1385 2543 1440 74.
2587 1384 2908 1455 ’Υπόμεινον
2934 1382 3025 1435 τὸν
3054 1382 3281 1452 Κύριον,
3317 1381 3409 1434 καὶ
3437 1380 3677 1451 φύλαξον
3704 1382 3804 1452 τὴν
3835 1382 3937 1436 ὁδὸν

2388 1476 2553 1530 αὑτοῦ
2572 1492 2590 1508 ·

781 1560 871 1617 75.
902 1560 967 1618 Et
994 1564 1256 1621 exaltabit
1290 1573 1363 1631 te,
1406 1576 1467 1621 ut
1500 1566 1815 1621 haereditate
1847 1566 2033 1638 capias
2059 1575 2277 1623 terram.

2459 1566 2545 1623 75.
2574 1568 2685 1621 Kal
2730 1566 2934 1637 ὑψώσει
2986 1584 3046 1620 σε
3089 1566 3184 1620 τοῦ
3234 1567 3779 1638 κατακληρονομῆσαι
3808 1566 3930 1636 γῆν·

783 1651 871 1707 76.
905 1653 1041 1732 Cum
1076 1656 1339 1725 perierint
1362 1666 1675 1727 peccatores
1698 1656 1928 1713 videbis.

2455 1658 2541 1714 76.
2589 1660 2676 1712 ’Ev
2704 1658 2783 1729 τῷ
2806 1657 3244 1728 ὲξολοθρεύεσθαι
3274 1658 3645 1729 ἁμαρτωλοὺς,
3678 1658 3800 1728 ὄψει
3823 1656 3932 1729 [ὄψῃ

2385 1752 2462 1806 id.
2498 1751 2613 1805 cod.
2648 1750 2857 1806 Barb.l.

782 1831 869 1886 77.
899 1831 1022 1889 Vidi
1046 1835 1271 1906 impium
1304 1840 1788 1907 superexaltatum,
2303 1814 2354 1875 Β
2387 1796 2388 1800 Ἴ

2385 1752 2462 1806 id.
2498 1751 2613 1805 cod.
2648 1748 2857 1821 Barb.].

2303 1814 2354 1875 Β
2455 1843 2543 1897 77.
2571 1836 2722 1895 Εἶδον
2747 1842 2838 1894 τὸν
2871 1840 3041 1912 ἀσεϐῆ
3073 1840 3534 1912 ὑπερυψούμενον,

786 1924 872 1979 78.
902 1925 967 1981 Ει
990 1928 1259 1983 elevatuin
1298 1931 1442 1986 sicut
1471 1932 1666 1988 cedros
1687 1932 1879 1988 Libani
1910 1951 1924 1987 :

2452 1936 2541 1990 78.
2579 1936 2689 1988 Kal
2715 1934 3074 2005 ἐπαιρόμενον
3099 1934 3174 1996 ὼς
3196 1934 3294 1997 τὰς
3315 1934 3535 2004 κέδρους
3561 1930 3657 1987 τοῦ
3680 1932 3929 1986 Διϐάνου’

786 2015 873 2072 79.
905 2016 971 2073 Et
1004 2021 1251 2086 transivi,
1286 2031 1340 2077 et
1363 2038 1488 2078 ecce
1516 2040 1626 2077 non
1660 2033 1778 2078 erat
1806 2042 1818 2077 :

2454 2029 2542 2083 79.
2574 2027 2684 2080 Kal
2717 2025 3014 2097 παρῆλθον.
3042 2028 3135 2078 xal
3164 2014 3271 2078 ἰδοὺ
3306 2026 3405 2079 οὐκ
3436 2021 3537 2096 ἦν’

751 2112 871 2207 ,80.
907 2112 972 2169 Et
1015 2118 1239 2186 (ιιιωείνί
1274 2134 1421 2187 eum,
1443 2127 1498 2174 et
1540 2134 1651 2174 non
1698 2127 1783 2175 est
1821 2120 2073 2175 inventus
2120 2118 2279 2175 locus

2456 2118 2545 2172 80.
2577 2116 2687 2170 Kal
2716 2117 2953 2188 ἐζήτησα
2975 2115 3262 2178 αύτὸν,καὶ
3278 2117 3375 2186 οὐχ
3397 2115 3594 2187 εὑρέθη
3617 2117 3646 2169 ὁ
3663 2116 3827 2180 τόπος
3850 2114 3930 2169 αύ-

713 2209 835 2265 CJus
872 2216 886 2251 :
2384 2206 2477 2260 τοῦ
2499 2221 2511 2235 ⁸

783 2288 871 2344 81.
905 2289 1128 2347 Custodi
1152 2292 1538 2361 innocentiam,
1567 2303 1621 2349 et
1650 2295 2106 2365 vidcazquitatem
2138 2314 2151 2349 :

2078 2311 2106 2348 η
2138 2314 2151 2349 :
2456 2299 2545 2353 81.
2578 2299 2824 2352 Φύλασσε
2859 2298 3113 2363 ἀκακίαν,
3150 2299 3242 2350 καὶ
3266 2298 3340 2350 ἴδε
3376 2296 3646 2369 εὐθύτητα
3669 2314 3684 2328 ·

779 2380 869 2434 82.
899 2382 1165 2447 Quoniam
1192 2394 1320 2439 sunt
1348 2385 1591 2454 reliquiae
1619 2387 1821 2441 homini
1855 2378 2097 2456 pacilico.

2453 2390 2539 2445 82.
2579 2391 2697 2444 ’Ὁτι
2739 2390 2889 2442 ἐστὶν
2911 2389 3322 2458 ἐγκατάλειμμα
3345 2388 3615 2461 ἀνθρώπῳ
3642 2389 3907 2461 εἰρηνικῷ.

780 2472 869 2527 85.
902 2472 1092 2544 lnjnsti
1124 2485 1307 2529 autem
1338 2474 1683 2546 disperibunt
1713 2479 1875 2533 simul
1909 2499 1921 2533 :

2455 2483 2541 2538 85.
2572 2483 2635 2536 Οἱ
2653 2483 2709 2536 δὲ
2732 2482 3033 2553 παράνομοι
3047 2480 3588 2553 ὲξολοθρευθήσονται
3607 2483 3699 2535 ἐπὶ
3715 2482 3776 2535 τὸ
3794 2481 3926 2535 αὐτό·

779 2564 868 2619 84.
902 2563 1161 2637 Reliquiae
1191 2567 1479 2639 impiorum
1512 2570 1831 2626 interibunt.

2454 2575 2540 2629 84.
2573 2576 2654 2627 Τά
2688 2573 3169 2644 ὲγκαταλείμματα
3191 2572 3299 2627 τῶν
3323 2574 3532 2628 ἀσεϐῶν
3560 2574 3928 2646 ἐξολοθρευθή-

2387 2683 2585 2720 σονται.

779 2743 869 2798 85.
904 2741 1063 2800 Salus
1100 2756 1282 2801 autem
1307 2746 1578 2815 justorum
1612 2764 1640 2802 a
1683 2751 1911 2805 Domino
1944 2769 1958 2805 :

2443 2758 2534 2814 85.
2570 2759 2821 2831 Σωτηρία
2847 2758 2902 2812 δὲ
2925 2759 3032 2811 τῶν
3056 2757 3277 2812 δικαίων
3304 2757 3454 2829 παρά
3477 2757 3686 2831 Κυρίου
3705 2775 3721 2788 ·

777 2858 853 2928 (a)
882 2855 1014 2914 Vers
1043 2859 1127 2913 τι.
1161 2858 1265 2913 Καὶ
1302 2861 1469 2933 ζητεῖ.
1504 2864 1534 2932 ι
1572 2862 1657 2918 72.
1690 2863 1766 2927 δέ,
1798 2872 1903 2918 etc.
1941 2864 1972 2927 ι
2001 2863 2084 2918 73.
2109 2866 2244 2919 Οὐδὲ
2283 2867 2358 2939 μὴ

1941 2864 1972 2927 ᾗ
2001 2863 2084 2918 75.
2109 2866 2244 2919 Οὐδὲ
2283 2867 2358 2939 μὴ
2386 2886 2488 2922 κατ
2513 2912 2528 2927 .
2562 2910 2575 2924 .
2613 2910 2625 2923 .
2661 2868 2830 2941 αὐτῷ.
2866 2872 2895 2939 ᾖ
2926 2869 3013 2926 74.
3054 2869 3395 2941 Ὑπόμεινον,
3416 2877 3522 2925 etc.

1873 3007 2235 3064 ATHANASII
2274 3005 2841 3065 INTERPRETATIO.

783 3129 873 3185 67.
905 3131 1221 3203 Veritatem,
1256 3136 1448 3209 inquit.
2311 3156 2356 3217 C

2311 3156 2356 3217 (ζ
2458 3145 2544 3199 67.
2593 3143 2876 3215 Ἀλήθειαν
2910 3143 3074 3213 λέγει.

782 3223 870 3278 68.
905 3223 1063 3282 Fides
1097 3226 1193 3282 Dei
1216 3230 1300 3284 sui
1324 3230 1379 3283 in
1408 3232 1571 3287 corde
1595 3233 1736 3303 ejus.

2451 3236 2539 3291 68.
2574 3237 2638 3288 'H
2670 3237 2849 3297 πίστις
2872 3235 2968 3288 τοῦ
2997 3233 3129 3287 Θεοῦ
3157 3232 3319 3286 αὑτοῦ
3344 3234 3399 3285 ἐν
3426 3235 3492 3303 τῇ
3523 3231 3728 3304 καρδίᾳ
3756 3230 3924 3286 αὐτοῦ.

775 3316 865 3372 69.
897 3315 965 3371 Et
993 3335 1275 3390 nunquam
1304 3322 1547 3379 discedet
1576 3326 1645 3379 ab
1671 3340 1755 3379 eo.

2447 3325 2534 3380 69.
2570 3327 2680 3379 Kal
2714 3328 2788 3398 (Ι)
2818 3323 3187 3397 ἀποστήσεταί
3215 3340 3343 3377 ποτε
3375 3324 3468 3376 ἀπ’
3498 3321 3682 3375 αὑτοῦ.

780 3406 869 3461 70.
903 3407 1051 3465 Bello
1074 3412 1301 3481 peccati.

2446 3420 2535 3472 70.
2572 3419 2647 3490 (2)
2680 3421 2777 3472 Διὰ
2812 3419 2903 3474 τοῦ
2930 3419 3169 3490 πολέμου
3196 3417 3297 3488 τῆς
3322 3416 3624 3488 ἁμαρτίας.

782 3499 870 3554 71.
900 3499 1018 3555 Νοιι
1054 3502 1170 3571 ipse
1198 3503 1340 3559 siuet
1382 3506 1623 3577 superari
1664 3507 1926 3578 improbis
1964 3510 2085 3582 ejus
2119 3513 2277 3585 cupi-

2451 3511 2537 3565 71.
2567 3512 2678 3564 Οὐκ
2705 3511 2769 3565 ἂν
2800 3512 2961 3575 αὐτὸς
3008 3511 3337 3581 συγχωρήσῃ
3373 3507 3670 3580 ἡττηθῆναι
3698 3508 3816 3570 ταῖς
3844 3520 3928 3557 τω-

713 3590 997 3649 ditatibus.

2379 3618 2441 3670 νη
2453 3603 2570 3671 ραῖς
2593 3602 2751 3655 ἐπιθυ
2760 3602 2985 3673 μήσεσιν
3007 3600 3192 3654 αὐτοῦ.

776 3682 866 3740 72.
894 3684 1030 3740 Cum
1068 3687 1350 3762 impugnat
1373 3707 1499 3746 eum

2450 3693 2539 3746 72.
2571 3693 2737 3746 Ὅταν
2769 3692 2977 3763 πολεμῇ
3010 3691 3190 3745 αὐτόν.

784 3776 872 3831 75.
904 3776 1044 3832 Loco
1070 3780 1319 3834 dicendi:
1352 3795 1476 3836 cum
1502 3781 1992 3853 ipsejudicabitur.

1981 3824 1992 3841 .
2447 3784 2536 3837 75.
2578 3783 2726 3837 Ἀντί
2756 3782 2882 3846 τοῦ,
2920 3783 2977 3834 ἐν
2998 3782 3074 3852 τῷ
3104 3781 3381 3854 κρίνεσθαι
3408 3783 3587 3836 αὐτόν.

782 3867 867 3921 74.
902 3868 1218 3927 Praestolare
1272 3871 1585 3941 Dominum,
1633 3885 1688 3930 et
1732 3877 1948 3933 custodi
1999 3875 2162 3933 ﬁdem
2220 3885 2275 3933 et

2447 3874 2532 3928 74.
2575 3875 2897 3944 Ἀπεκδέχου
2934 3874 3025 3929 τὸν
3053 3874 3248 3946 Κύριον
3277 3915 3291 3939 ,
3323 3876 3416 3928 καὶ
3462 3875 3701 3944 φύλασσε
3732 3874 3826 3945 τὴν
3851 3871 3926 3925 πί-

708 3959 961 4016 mandata
986 3962 1126 4031 ejus.

2379 3984 2492 4020 στιν
2528 3968 2620 4021 καὶ
2650 3967 2750 4030 τὰς
2795 3966 3012 4030 ἐντολὰς
3036 3968 3217 4019 αὐτοῦ.

780 4052 866 4107 75.
903 4052 969 4108 Ει
997 4055 1320 4125 gloriﬁcabit
1349 4066 1402 4113 te
1429 4060 1482 4113 in
1510 4075 1677 4131 regno
1704 4076 1827 4117 suo.

2449 4058 2534 4113 7'3.
2567 4058 2668 4111 Kal
2686 4057 2894 4122 δοξάσει
2921 4075 2979 4111 σε
3002 4059 3058 4110 ὲν
3087 4062 3153 4129 τῇ
3191 4057 3435 4129 βασιλείᾳ
3469 4058 3656 4113 αὐτοῦ.

780 4143 867 4198 76.
898 4145 1034 4200 Cum
1063 4149 1352 4204 traduntur
1380 4149 1491 4220 igni
1512 4160 1734 4205 aeterno.

2448 4147 2531 4202 76.
2566 4149 2731 4202 Ὅταν
2757 4149 3149 4220 παραδίδωνται
3180 4148 3256 4219 τῷ
3281 4149 3479 4218 αἰωνίῳ
3509 4147 3660 4218 πυρί.

779 4234 868 4301 77,
902 4235 987 4290 78.
1024 4236 1330 4294 Diabolum.

2445 4240 2534 4304 77,
2570 4240 2660 4295 78.
2695 4241 2798 4294 Τὸν
2824 4240 3084 4295 διάϐολον.

781 4326 867 4382 79.
899 4326 966 4382 Ει
998 4331 1220 4385 transivi
1257 4334 1359 4388 sub
1388 4332 1498 4389 Deo
1533 4334 1585 4389 in
1624 4344 2043 4403 resurrectione,
2078 4344 2130 4391 et
2164 4351 2273 4390 non

2445 4333 2533 4387 79.
2565 4332 2669 4386 Kal
2698 4332 2975 4405 παρῆλθον
3014 4332 3090 4404 (5)
3126 4332 3230 4386 ὑπὸ
3272 4333 3365 4386 τοῦ
3409 4332 3543 4385 Θεοῦ
3586 4334 3645 4384 ἐν
3719 4336 3782 4402 τῇ
3813 4333 3922 4385 ἀνα-

707 4419 942 4489 amplius
984 4421 1237 4478 inventus
1288 4434 1369 4479 est
1410 4425 1657 4481 diabolus
1688 4446 1700 4481 ε
1732 4426 1965 4482 traditur
1996 4427 2138 4481 enim
2163 4427 2272 4482 iani

2379 4425 2585 4488 στάσει,
2618 4426 2713 4478 καὶ
2749 4425 2849 4477 οὐκ
2874 4424 2948 4476 ἔτι
2973 4424 3199 4496 εὓρηται
3226 4427 3254 4477 ὁ
3282 4425 3523 4488 διάϐολος
3546 4443 3558 4455 ·
3589 4426 3920 4496 παραδίδοται

705 4519 928 4566 :eterno.
1415 4580 1425 4588 ,
2306 4511 2311 4571 Ῑ

1415 4580 1425 4588 ,
2306 4510 2356 4571 Ι)
2385 4516 2491 4587 γὰρ
2516 4515 2591 4586 τῷ
2621 4515 2823 4585 αἰωνίῳ
2852 4515 3002 4586 πυρί.

772 4603 861 4657 80.
894 4602 1175 4658 Alienatus
1196 4604 1340 4657 enim
1377 4612 1461 4658 est
1488 4603 1664 4658 eloco
1691 4604 1994 4674 justorum.

2447 4608 2533 4662 80.
2580 4606 2934 4677 Ἠλλοτρίωτο
2957 4606 3063 4677 γὰρ
3088 4603 3178 4658 τοῦ
3201 4605 3365 4658 τόπου
3394 4605 3468 4675 (4)
3495 4604 3604 4657 τῶν
3630 4604 3863 4659 δικαίων.

778 4695 866 4751 81.
900 4694 1047 4751 Tene
1079 4697 1371 4752 Dominum
1405 4698 1461 4751 in
1492 4696 1686 4768 teipse,
1731 4705 1786 4752 et
1817 4696 1903 4752 fac
1943 4712 2104 4753 omne
2140 4712 2277 4768 opus

2442 4701 2529 4754 81.
2566 4700 2766 4771 Κράτει
2794 4700 2883 4754 τὸν
2914 4698 3109 4770 Κύριον
3132 4700 3187 4753 ὲν
3217 4696 3412 4769 ἑαυτῷ,
3439 4698 3533 4750 καὶ
3559 4698 3706 4753 ποίει
3731 4700 3833 4751 πᾶν
3851 4698 3916 4767 ἕρ-

707 4791 932 4844 bonum.

2376 4812 2472 4864 γον
2500 4792 2720 4861 ἀγαθόν.

779 4880 869 4937 82.
896 4881 1165 4949 Quoniam
1194 4882 1479 4936 retributio
1506 4891 1589 4937 est
1612 4883 1960 4953 diligentibus
1989 4898 2135 4937 eum.

2448 4886 2535 4939 82.
2569 4885 2689 4937 Ὅτι
2714 4884 2830 4935 ἐστὶ
2860 4883 3251 4953 μισθαποδοσία
3282 4882 3394 4944 τοῖς
3419 4881 3707 4949 ἀγαπῶσιν
3730 4880 3874 4934 αὐτόν

780 4970 868 5026 85.
901 4971 1076 5026 Simul
1107 4972 1163 5026 in
1195 4973 1660 5027 consummatione
1684 4988 1873 5029 omnes
1907 4974 2163 5043 peribunt
2191 4972 2275 5026 in-

2451 4976 2537 5031 85.
2578 4975 2742 5045 Ὀμοῦ
2774 4976 2889 5046 ἅμα
2921 4977 2978 5028 ὲν
3015 4978 3081 5046 τῇ
3129 4974 3405 5043 συντελείᾳ
3445 4975 3643 5037 πάντες
3682 4970 3910 5027 ἀπολοῦν-

703 5063 864 5133 justi,
887 5079 1063 5135 neque
1087 5079 1227 5117 unus
1260 5065 1616 5134 relinquetur.

2379 5086 2466 5121 ται
2489 5070 2537 5121 οἱ
2563 5069 2885 5139 παράνομοι,
2916 5067 3011 5121 λαὶ
3040 5067 3160 5120 οὐδὲ
3185 5060 3264 5129 εἷς
3294 5065 3790 5137 περιλειφθήσεται.

782 5153 871 5208 84.
904 5155 1079 5226 Opera
1103 5170 1293 5211 eorum
1320 5172 1442 5211 cum
1470 5157 1600 5226 ipsis
1622 5156 1895 5226 peribunt.

2446 5161 2533 5215 84.
2570 5162 2650 5215 Τά
2678 5162 2813 5231 ἔργα
2836 5160 3012 5215 αὐτῶν
3044 5161 3139 5214 σὺν
3168 5159 3350 5223 αὐτοῖς
3380 5156 3727 5214 ἀπολοῦνται.

778 5245 869 5301 85.
905 5245 972 5299 Et
999 5247 1054 5301 in
1075 5248 1324 5318 praesenti
1350 5258 1405 5303 et
1437 5250 1489 5303 in
1516 5247 1701 5303 futuro
1724 5248 1942 5304 saeculo.

1724 5248 1942 5304 saeculo.
2445 5254 2534 5309 85.
2560 5254 2665 5309 Kal
2687 5256 2745 5307 ὲν
2771 5253 2849 5324 τῷ
2882 5253 3124 5324 μέλλοντι
3150 5250 3324 5305 αἰῶνι.

1653 5408 1955 5471 Addenda
1986 5416 2046 5470 et
2075 5409 2447 5489 corrigenda
2502 5429 2580 5472 ex
2618 5411 2756 5471 cod.
2792 5409 2989 5471 Vatic.

780 5527 856 5600 (1)
889 5528 993 5600 Kal
1014 5529 1133 5593 οὐκ,
1157 5538 1260 5584 etc.
1322 5598 1330 5600 _
2376 5550 2386 5587 1

1322 5598 1330 5600 ᾗ
2376 5549 2431 5587 n.
2465 5532 2551 5585 74.
2600 5532 2907 5600 Ἀποδέχου.

786 5599 865 5668 (2)
888 5599 960 5673 _N.
999 5601 1089 5673 70.
1141 5604 1168 5653 ὁ
1215 5598 1477 5663 διάϐολος.
1511 5616 1572 5673 _n.
1626 5600 1714 5673 71.
1764 5600 1881 5665 Διά,
1924 5608 2128 5673 οιιξιι.
2178 5600 2263 5654 7:2.

1790 5600 1881 5665 ιιά,
1924 5608 2051 5673 etc;
2076 5616 2128 5673 n.
2178 5600 2263 5654 7:2.
2445 5605 2518 5669 (ὅ)
2556 5598 2857 5673 numen;
2891 5643 2905 5656 .
2943 5640 2958 5673 .
2994 5599 3187 5673 εὑρέθη
3211 5602 3259 5660 ὁ.
3293 5608 3396 5654 etc.

712 5668 826 5742 00;:
872 5670 937 5723 ἂν
964 5672 1123 5724 αὑτὸν
1152 5687 1255 5737 συγ
1281 5711 1293 5722 .
1328 5713 1341 5725 .
1374 5711 1386 5723 .
1410 5670 1748 5741 ἐπιθυμίαις,
1777 5681 1879 5725 etc.
1913 5688 1965 5723 ιι.
1992 5670 2074 5724 75.
2102 5672 2268 5723 Ὅταν

1607 5672 1748 5733 ¹ίαις,
1777 5681 1879 5725 etc.
1913 5688 1965 5723 ιι.
1992 5670 2074 5724 75.
2102 5672 2268 5723 Ὅταν
2447 5668 2520 5742 (4)
2551 5668 2668 5725 Τῶν
2698 5668 2873 5726 τόπιιιν
2898 5668 3080 5735 αὐτοῦ,
3112 5668 3213 5726 etc.

713 5738 1024 5811 πολεμεῖται
1078 5742 1256 5803 αὐτόν,
1317 5738 1616 5797 versiculus
1663 5741 1805 5794 Ἀντί
1851 5742 2002 5797 dccst
2053 5742 2103 5795 in
2137 5743 2254 5796 cod.
