4068 6318
109 366 213 418 795
965 368 1053 422 DE
1091 369 1360 425 TITULIS
1396 372 1839 431 PSALMORUM.
1895 407 1966 415 ——
2002 378 2198 434 PSAL.
2241 381 2504 436 XXXVII.
3235 389 3336 445 79‘

181 482 274 537 86.
305 485 424 537 Καὶ
455 489 860 558 ὑπερασπιστὴς
892 488 1067 540 αὐτῶν
1094 490 1237 541 ἐστιν
1271 491 1326 541 ἐν
1367 491 1541 562 καιρῷ
1568 491 1680 545 ϐλί-
1709 505 1750 552 Α

1731 505 1750 552 t
1849 493 1938 548 86.
1966 495 2031 577 Et
2050 508 2321 568 protector
2342 516 2527 555 eorum
2554 508 2636 554 est
2672 501 2725 555 in
2759 508 2998 574 tempore
3033 504 3337 560 tribulatio-

108 573 277 641 ψεως.
1785 587 1886 641 nis.

179 667 268 720 87.
301 669 417 722 Καὶ
445 669 700 742 βοηθήσει
737 672 918 734 αὑτοῖς
946 671 1167 742 Κύριος,
1209 672 1301 724 καὶ
1329 674 1549 742 ῥύσεται
1583 675 1680 728 αὑ-

1852 677 1940 732 87.
1980 675 2044 732 Ει
2086 677 2364 747 adjuvabit
2393 692 2488 734 eos
2517 677 2802 747 Dominus,
2846 693 2898 738 et
2937 682 3187 740 liberabit
3215 701 3331 752 eos,

107 777 266 823 τους,

175 855 265 908 88.
299 856 417 908 Καὶ
453 855 712 921 ὲξελείται
742 858 937 920 αὑτοὺς
965 859 1022 922 ἐξ
1049 857 1385 929 ἁμαρτωλῶν
1407 876 1422 890 ο

1217 857 1385 911 τωλῶν
1407 876 1422 890 ο
1850 853 1936 907 88.
1974 853 2037 907 Et
2061 863 2214 909 eruet
2242 870 2335 911 eos
2361 871 2391 910 a
2414 858 2788 926 peccatoribus
2811 878 2823 913 :

176 946 264 999 89.
298 946 411 998 Καὶ
440 945 600 1000 σώσει
634 949 853 1013 αὑτοὺς,
887 950 966 1001 ὅτι
996 949 1227 1020 1ήλπισαν
1261 951 1345 1002 ἐπ’
1374 951 1556 1006 αὑτόν.

1552 992 1556 1006 ,
1850 943 1940 998 89.
1978 945 2042 998 Et
2076 947 2301 1001 salvabit
2333 963 2446 1014 eos,
2473 950 2598 1019 quia
2627 961 2974 1020 speraverunt
2997 951 3050 1004 in
3077 966 3158 1007 co.

216 1058 477 1127 Ψαλμὸς
503 1058 581 1123 τῷ
599 1060 797 1112 Δαϐίδ·
833 1064 920 1126 εὶς
943 1061 1283 1130 ἀνάμνησιν
1307 1062 1438 1130 περὶ
1470 1065 1578 1118 τοῦ
1781 1055 1822 1110 Ρ

1781 1055 2026 1110 Ρεαίιηιιε
2073 1058 2242 1112 David
2279 1061 2379 1130 :jn
2424 1065 2915 1117 commemoratione
2971 1065 3034 1118 de
3085 1063 3336 1119 Sabbato.

551 1130 871 1184 Σαόϐἁτου.
905 1129 1071 1185 ΨΑΛ.
1104 1134 1233 1185 ΛΖ’.
1384 1129 1389 1130 ⁷

1223 1171 1233 1184 ,
1384 1129 1389 1130 ⁷
2290 1129 2686 1185 PSAL.'XXX
2706 1132 2829 1186 VII.

179 1241 228 1294 1.
259 1241 464 1312 Κύριε,
495 1242 665 1313 μήτῷ
691 1244 847 1315 θυμῷ
881 1262 972 1298 σου
1001 1245 1222 1319 ἐλέγξῃς
1254 1264 1319 1317 με
1341 1263 1354 1276 ⁸

1851 1239 1903 1290 1.
1935 1238 2178 1305 Domine,
2212 1257 2280 1297 ne
2318 1243 2371 1297 in
2405 1243 2584 1300 furore
2608 1255 2701 1301 tuo
2729 1263 2926 1316 arguas
2961 1263 3046 1301 me
3079 1266 3091 1302 :

176 1330 228 1382 2.
268 1331 429 1401 Μηδὲ
462 1335 526 1400 τῇ
563 1334 696 1403 ὀργῇ
724 1350 817 1386 σου
843 1334 1136 1406 παιδεύσῃς
1167 1352 1254 1405 με.

1241 1374 1254 1387 ,
1846 1330 1903 1383 2.
1931 1329 2116 1395 Neque
2145 1335 2198 1387 in
2225 1334 2305 1388 ira
2331 1345 2423 1391 tua
2446 1339 2710 1407 corripias
2743 1355 2844 1394 me.

178 1422 230 1475 3.
267 1424 393 1475 Ὅτι
423 1424 490 1476 τὰ
519 1423 645 1494 βέλη
687 1441 778 1476 σου
813 1426 1158 1496 ὲνεπάγησάν
1191 1444 1281 1497 μοι
1311 1445 1324 1459 ·

1847 1422 1899 1476 3.
1931 1422 2196 1489 Quoniam
2224 1428 2432 1497 sagitta:
2470 1439 2575 1484 tua:
2605 1430 2783 1484 inﬁxa:
2805 1442 2935 1485 sunt
2959 1431 3090 1485 mibi
3119 1452 3130 1484 :

179 1516 230 1567 4.
265 1517 380 1568 Καὶ
418 1516 778 1586 ἐπεστήριξας
804 1518 889 1569 ἐπ’
921 1517 1020 1586 ἐμὲ
1045 1517 1144 1588 τὴν
1167 1519 1322 1588 χεῖρά
1348 1535 1462 1571 σου.

1847 1513 1899 1567 4.
1927 1513 1992 1568 Et
2027 1517 2359 1573 conﬁrmasti
2388 1535 2551 1589 super
2581 1535 2667 1574 me
2689 1536 2910 1574 manum
2940 1531 3109 1575 tuam.

182 1605 228 1657 5.
263 1606 382 1657 Οὑκ
404 1606 554 1658 ἔστιν
583 1605 724 1668 ἴασις
753 1607 810 1658 ἐν
839 1608 904 1676 τῇ
930 1607 1088 1677 σαρκί
1122 1624 1223 1676 μου
1250 1607 1358 1660 ἀπὸ
1389 1609 1678 1680 προσώπου

1850 1606 1902 1659 5.
1939 1605 2056 1662 Non
2113 1620 2196 1664 est
2245 1611 2448 1666 sanitas
2501 1612 2556 1666 in
2605 1627 2766 1667 carne
2812 1629 2931 1667 mea
2983 1630 3011 1666 a
3061 1612 3196 1666 facie
3245 1611 3338 1668 iraa

113 1695 208 1763 τῆς
239 1695 418 1765 ὀργῆς
451 1712 545 1747 σου
571 1714 584 1726 υ
1780 1707 1885 1751 tua:

182 1786 232 1840 6.
268 1789 386 1840 Οὐκ
412 1788 559 1840 ἔστιν
588 1791 774 1860 εἰρήνη
810 1791 866 1841 ἐν
892 1793 1002 1852 τοῖς
1034 1789 1238 1853 ὀστέοις
1276 1807 1374 1860 μου
1401 1791 1508 1844 ἀπὸ
1551 1809 1681 1863 προ-

1851 1791 1903 1842 6.
1940 1789 2055 1844 Νοη
2083 1799 2166 1845 est
2200 1805 2302 1859 pax
2335 1792 2554 1846 ossibus
2581 1793 2715 1847 meis
2744 1809 2771 1847 a
2807 1793 2945 1848 facie
2992 1805 3336 1863 peccatorum

119 1879 292 1930 σώπου
325 1880 439 1930 τῶν
468 1880 750 1950 ἁμαρτιῶν
776 1898 895 1950 μου.
1710 1949 1725 1950 7

438 1901 439 1912 π
468 1880 750 1950 ἁμαρτιῶν
776 1898 895 1950 μου.
1710 1949 1738 1950 ί
1781 1897 2044 1937 meorum.

182 1969 234 2024 7.
268 1971 394 2023 ’Ὁτι
425 1973 484 2024 αἱ
505 1949 720 2041 ἀνομίαι
741 1949 841 2041 μου
859 1971 1141 2043 ὑπερῆρ-αν
1165 1972 1262 2040 τὴν
1290 1974 1527 2042 κεφαλήν
1548 1988 1670 2044 μουο
1709 1949 1753 2005 Β

1734 1949 1753 2005 ι
1854 1974 1905 2027 7.
1948 1974 2216 2040 Quoniam
2263 1971 2575 2041 iniquitates
2622 1987 2758 2027 mezc
2807 1989 3172 2045 supergressa;
3212 1985 3340 2030 sunt

1782 2072 1946 2131 caput
1970 2079 2147 2118 meum
2176 2082 2188 2116 :

184 2149 236 2202 8.
281 2149 433 2201 Ὠσεὶ
466 2148 682 2220 φορτίον
711 2149 846 2220 βαρὺ
875 2146 1247 2218 ἐϐαρύνθησαν
1272 2148 1357 2199 ἐπ’
1383 2148 1501 2218 ὲμὲ.

1849 2153 1901 2206 8.
1939 2153 2088 2206 Sicut
2123 2169 2260 2206 onus
2285 2171 2444 2222 grave
2469 2163 2702 2220 gravatae
2732 2164 2859 2209 sunt
2892 2170 3054 2223 snper
3079 2171 3181 2210 me.

187 2241 234 2294 9.
269 2241 633 2311 Προσώζεσαν
661 2242 752 2294 καὶ
786 2241 1066 2309 ἐσάπησαν
1093 2241 1140 2289 οἱ
1181 2239 1442 2308 μώλωπες
1474 2258 1594 2310 μου,

1850 2242 1899 2297 9.
1929 2241 2259 2295 Putruerunt
2299 2251 2348 2295 et
2393 2252 2661 2310 corrupta:
2701 2253 2827 2296 sunt
2858 2244 3139 2298 cicatrices
3183 2259 3335 2311 mete,

189 2330 271 2384 10.
309 2331 445 2383 Ἀπὸ
475 2330 764 2402 προσώπου
793 2331 888 2400 τῆς
917 2329 1224 2399 ἀφροσύνης
1247 2347 1368 2399 μου.

1100 2329 1224 2398 ύνης
1247 2347 1368 2399 μου.
1846 2334 1932 2388 10.
1968 2333 2012 2387 Α
2043 2334 2179 2391 facie
2206 2335 2528 2405 insipientia!
2557 2349 2706 2390 meae.

1233 2507 1606 2564 ATIIANASII
1646 2509 2232 2566 INTERPRETATIO.

187 2669 272 2724 86.
307 2671 572 2740 Πρόνοιαν
597 2669 772 2724 αὑτῶν
805 2668 890 2722 ἀεὶ
926 2667 1261 2738 ποιούμενος.

1856 2669 1941 2722 86.
1971 2667 2170 2721 Curam
2201 2667 2417 2721 illorum
2442 2682 2655 2736 semper
2682 2683 2889 2737 gerens.

190 2763 275 2817 8'1.
305 2764 384 2834 Τῇ
414 2765 554 2835 χειρὶ
583 2759 744 2815 αὑτοῦ
777 2762 1011 2825 σκέπων,
1042 2761 1135 2813 καὶ
1179 2760 1435 2832 δυναμῶν
1480 2761 1678 2824 αὐτοὺς

1853 2760 1936 2813 87.
1972 2759 2131 2813 Manu
2181 2775 2276 2813 sua
2329 2770 2654 2829 protegens,
2698 2767 2752 2813 et
2799 2755 3110 2812 confortans
3152 2771 3245 2812 eos
3283 2757 3337 2812 in

127 2851 178 2902 ὲν
201 2853 446 2924 ὑπομονῇ
485 2853 672 2923 πολλῇ.

660 2893 672 2905 .
1782 2852 1951 2905 multa
1987 2851 2265 2919 patientia.

191 2940 276 2995 88.
306 2943 412 2995 Καὶ
443 2943 772 3013 λυτρὼσεται
798 2941 992 3004 αὑτοὺς
1033 2944 1095 2994 ἐκ
1122 2944 1228 2994 τῶν
1269 2943 1554 3014 δαιμόνων,
1589 2945 1678 2995 καὶ

1854 2943 1942 2997 88.
1975 2943 2038 2997 Ει
2089 2941 2336 2997 liberabit
2386 2955 2481 2996 eos
2523 2955 2589 2995 cx
2640 2940 2995 3006 daemonibus,
3043 2956 3341 3012 eorumque

127 3031 223 3081 τῶν
249 3031 537 3101 ὑπουργῶν
564 3031 761 3084 αὑτῶν.

531 3052 537 3077 ι
564 3031 761 3084 αὑτῶν.
1785 3036 2137 3090 administris.

190 3121 270 3175 89.
302 3123 398 3186 Ei;
430 3123 526 3193 τὴν
552 3122 767 3177 αἰώνιον
799 3122 1070 3192 βασιλείαν
1099 3121 1287 3186 αὑτοῦ,
1320 3124 1402 3187 είς
1429 3125 1493 3195 ἢν
1518 3123 1677 3193 ὴλπί-

1633 3123 1677 3173 ί·
1853 3125 1940 3180 89.
1976 3124 2030 3179 In
2058 3134 2258 3180 aeterno
2291 3125 2410 3194 ejus
2432 3138 2616 3192 regno,
2649 3123 2702 3176 in
2731 3138 2840 3193 quo
2865 3137 3235 3193 speraverunt.

131 3231 288 3284 σαμεν
320 3215 413 3285 (1).

202 3334 264 3387 Ἥ
295 3337 625 3406 προκειμένη
654 3336 928 3406 ἐπιγραφὴ
955 3335 1303 3406 περιέχειβ).
1347 3331 1586 3402 Ψιιλμὸς
1616 3331 1695 3396 τῷ
1731 3330 1924 3395 Δαϐὶδ,
1972 3333 2057 3396 εἰς
2092 3329 2435 3398 ἀνάμνησιν
2472 3327 2575 3380 τοῦ
2611 3324 2912 3380 Σίιϐὔάτου
2938 3341 2950 3354 ·
2989 3325 3282 3385 τουτέστιν,
3314 3323 3344 3374 ὁ

131 3424 324 3496 ψιλμὸς
348 3420 503 3488 οὗτος
529 3427 740 3496 εἴρηται
778 3426 849 3495 τῷ
875 3427 1063 3496 δικαίῳ
1091 3426 1167 3496 τῷ
1198 3425 1338 3479 κατὰ
1369 3426 1458 3477 τὸν
1481 3424 1660 3487 Δαϐὶδ,
1692 3425 1855 3494 ήνίκα
1876 3421 2192 3492 ὑπεμνήσθη
2219 3422 2316 3491 τῆς
2348 3421 2558 3493 ἡμέρας
2587 3418 2685 3489 τῆς
2713 3419 2963 3490 κρίσεως,
2991 3417 3130 3486 λέγω
3157 3415 3222 3486 δὴ
3245 3411 3339 3467 τοῦ

134 3521 619 3592 ὲπτακισχιλιοστοῦ
656 3521 806 3584 ἔτους
827 3538 838 3549 ’
877 3521 1151 3574 Σάϐὁατον
1181 3521 1287 3592 γὰρ
1315 3519 1675 3590 ἑρμηνεύεται
1709 3518 2070 3583 ἀνάπαυσις.

196 3610 400 3668 Titulus
444 3614 766 3682 praepositus
807 3613 1092 3666 continet:
1142 3609 1380 3666 Psalmus
1421 3610 1588 3663 Dauid
1631 3611 1685 3662 in
1731 3608 2220 3662 commemoratione
2258 3606 2320 3660 de
2363 3605 2592 3660 Sabbato
2618 3621 2635 3658 :
2665 3605 2768 3659 hoc
2806 3613 2906 3667 est,
2957 3602 3200 3672 psalmus
3243 3599 3343 3654 iste

134 3697 297 3756 dictus
327 3711 410 3757 est
436 3704 506 3757 ab
531 3704 748 3757 homine
773 3704 942 3773 justo,
973 3702 1149 3774 qualis
1180 3712 1296 3757 erat
1324 3701 1491 3756 David
1521 3717 1642 3758 cum
1684 3700 2000 3758 recordatus
2029 3708 2112 3756 est
2139 3700 2244 3756 diei
2275 3698 2486 3770 judicii,
2535 3705 2736 3766 septem
2767 3694 3059 3760 millesimi,
3096 3695 3339 3761 inquam,

137 3793 290 3847 anni:
325 3793 623 3849 Sabbatnm
647 3796 790 3850 enim
826 3798 1025 3865 requies
1089 3797 1496 3864 interpretatur.

205 3914 251 3966 1.
285 3914 478 3986 Κύριε,
509 3914 581 3983 μὴ
622 3913 877 3985 Ουμωθῇς
914 3915 1011 3983 (5),
1055 3914 1148 3966 καὶ
1189 3915 1544 3986 ἀποστραφῇς
1591 3932 1679 3986 με,
1709 3919 1751 3977 C

1735 3919 1751 3975 ζ
1855 3913 1904 3965 1.
1941 3910 2187 3976 Domine,
2219 3924 2286 3962 ne
2315 3908 2448 3962 mihi
2485 3923 2832 3973 succenseas,
2870 3921 3042 3976 neque
3074 3905 3341 3960 averseris

143 4005 224 4055 καὶ
252 4005 446 4068 πάντες
475 4004 692 4072 γνῶσιν,
723 4006 805 4058 ὃτι
835 4006 1131 4076 ἀϐοήθητος
1160 4010 1308 4078 εἰμι’.

1778 4020 1885 4066 me,
1909 4013 1963 4058 et
1990 4016 2181 4058 omnes
2214 4009 2533 4070 agnoscant,
2558 4002 2702 4068 quod
2727 4017 2846 4054 sum
2871 4001 2988 4054 sine
3010 3997 3231 4051 auxilio.

203 4097 252 4150 2.
285 4099 432 4168 Μηδὲ
460 4098 618 4152 πάλιν
638 4099 893 4170 ὀργισθῇς
927 4118 1017 4169 μοι
1045 4101 1144 4171 (4),
1168 4101 1260 4154 καὶ
1289 4101 1454 4172 ἐάσῃς
1490 4120 1555 4172 με
1579 4102 1680 4155 ὑπὸ

1845 4095 1897 4148 2.
1932 4093 2116 4163 Neque
2176 4109 2368 4148 rursus
2422 4093 2677 4147 irascaris
2734 4092 2908 4158 milii,
2959 4100 3013 4144 et
3059 4089 3208 4144 sinas
3255 4101 3340 4141 me

143 4188 238 4242 τῶν
259 4191 522 4262 δαιμόνων
554 4209 693 4262 μαστ
706 4190 779 4257 ίζε
788 4191 929 4248 σθαι.

877 4210 929 4248 ιι,
1778 4185 2041 4257 ﬂagellari
2071 4201 2099 4239 a
2125 4185 2483 4239 daemonibus.

203 4282 250 4334 5.
277 4284 335 4335 Αἱ
361 4284 566 4353 πληγαί
594 4302 711 4349 σου,
737 4284 905 4353 λέγει.

873 4303 905 4342 ι.
1851 4281 1902 4335 5.
1933 4279 2110 4349 Plagae
2138 4288 2264 4339 luat,
2288 4276 2479 4344 inquit.

200 4380 247 4425 4.
281 4373 380 4427 Και
405 4377 778 4439 ὲταπείνωσάς
814 4394 904 4446 με.

848 4394 904 4429 .ε.
1847 4373 1898 4426 »1.
1929 4372 1992 4426 Et
2022 4367 2316 4424 hulniliasti
2351 4382 2454 4421 me.

202 4464 249 4518 5.
281 4467 352 4538 (5)
383 4469 497 4520 υὺκ
522 4467 665 4521 ἐστιν
685 4469 740 4520 ὲν
763 4471 874 4530 τοῖς
898 4469 1254 4540 ἁμαρτήμασί
1287 4487 1386 4539 μου
1414 4471 1575 4536 ἴασις,
1598 4474 1678 4526 ὅτι

1849 4466 1901 4519 5.
1932 4462 2048 4515 Non
2076 4469 2159 4515 est
2183 4460 2236 4513 in
2265 4458 2501 4529 peccatis
2540 4456 2674 4512 meis
2697 4455 2922 4520 sanitas,
2948 4452 3204 4523 quoniam
3229 4452 3337 4506 ira-

142 4554 330 4626 ὀργίζει
358 4560 476 4631 με.ι
495 4559 732 4630 ὼργίζου
766 4559 914 4632 μοι].

523 4559 732 4630 ›ργίζου
766 4559 914 4632 μοι].
1780 4565 1866 4609 tus
1895 4569 1954 4608 es
1977 4553 2129 4606 mihi.

202 4648 249 4702 6.
278 4651 386 4703 Οὑκ
409 4651 555 4703 ἐστιν
583 4654 769 4722 εἰρήνη
795 4655 851 4704 ὲν
872 4656 938 4723 τῇ
966 4653 1110 4722 ἰσχύϊ
1134 4657 1231 4727 τῆς
1256 4656 1428 4726 ψυχῆς
1454 4674 1552 4727 μου
1578 4672 1590 4684 '
1623 4657 1676 4709 αἱ

1847 4644 1898 4699 6.
1931 4642 2050 4698 Non
2081 4655 2163 4699 est
2203 4659 2303 4712 pax
2333 4636 2397 4695 in'
2432 4638 2745 4694 fortitudine
2778 4636 2972 4690 anima:
3015 4651 3146 4690 meat
3175 4654 3189 4701 ;
3219 4650 3335 4688 mea

143 4738 234 4807 γὰρ
260 4741 518 4814 ἁμαρτίαι
549 4761 648 4813 μου
679 4743 968 4813 πολεμοῦσί
1001 4762 1109 4815 μοι.

1777 4738 1919 4793 enim
1946 4745 2162 4806 peccata
2189 4744 2425 4805 pugnant
2450 4742 2637 4788 contra
2665 4745 2751 4784 me

203 4830 248 4885 7.
281 4834 393 4888 Ὅτι
422 4837 480 4888 αἱ
499 4835 715 4905 ἀνομίαι
747 4851 846 4905 μου
876 4836 1371 4897 κατεδυνάστευσάν
1397 4854 1522 4907 μου.

1852 4829 1901 4882 7.
1934 4828 2201 4894 Quoniam
2225 4826 2540 4896 iniquitates
2563 4838 2694 4878 mea:
2720 4819 3116 4892 praevaluerunt
3148 4827 3334 4872 contra

1781 4933 1884 4973 me.

203 5012 249 5065 8.
281 5012 376 5068 Καὶ
398 5017 500 5069 οὑκ
520 5015 647 5070 ἐῶσί
685 5033 750 5085 με
780 5014 1067 5069 ἀνανεῦσαι
1092 5016 1225 5085 πρὸς
1261 5017 1340 5068 σέ..

1333 5057 1340 5068 ,
1850 5010 1900 5064 8.
1932 5009 1996 5063 Et
2027 5023 2132 5062 non
2159 5006 2344 5060 sinunt
2375 5019 2460 5058 me
2489 5002 2554 5058 ad
2579 5011 2629 5058 te
2652 5001 2939 5071 respicere.

204 5103 250 5164 9,
278 5105 354 5158 l0.
386 5105 492 5159 Καὶ
518 5107 625 5160 ἀπὸ
646 5105 738 5159 τοῦ
776 5106 849 5176 μὴ
872 5107 1158 5176 τυγχάνειν
1207 5123 1273 5176 με
1307 5106 1499 5168 ἰάσεως
1528 5103 1677 5174 παρά

1848 5102 1901 5164 9,
1933 5102 2017 5155 10.
2056 5100 2119 5153 Et
2141 5099 2267 5169 quia
2293 5114 2320 5151 a
2357 5107 2407 5150 te
2430 5095 2713 5150 sanitatem
2739 5109 2847 5146 non
2882 5106 3000 5145 sum
3029 5099 3331 5154 assecutus,

149 5189 247 5255 σοῦ,
280 5194 600 5267 εἱλκωμένος
637 5196 752 5266 εἰμὶ
779 5196 916 5258 ὅλος,
951 5195 1042 5248 καὶ
1093 5196 1373 5264 βδελυκτὸς
1415 5195 1676 5266 ἐγενόμην

1781 5205 1924 5249 totus
1965 5193 2239 5247 ulceribus
2261 5191 2451 5260 plenus
2485 5204 2627 5254 sum,
2665 5197 2718 5240 et
2745 5183 3125 5240 abonuinabilis
3159 5182 3332 5238 factus

149 5284 280 5350 παρὰ
300 5289 376 5340 σοὶ
399 5289 508 5343 ἀπὸ
535 5288 634 5358 τῆς
665 5287 936 5359 ἁμαρτίας
968 5305 1069 5358 μου
1107 5288 1205 5359 (6).
1713 5281 1753 5334 Ῑ)

1170 5288 1205 5358 )·
1713 5281 1753 5334 Ι)
1779 5301 1897 5341 sum
1926 5285 2067 5354 apud
2099 5293 2149 5339 te
2179 5285 2247 5339 ob
2279 5288 2557 5353 peccatum
2583 5293 2776 5333 meum.

1056 5446 1355 5511 Addenda
1386 5454 1445 5512 et
1493 5445 1867 5526 corrigenda
1906 5460 1984 5506 ex
2015 5444 2154 5506 cod.
2183 5439 2382 5503 Vatic.

305 5612 589 5684 Ἥλπισαν.
803 5683 811 5684 7
838 5683 841 5684 ν
1847 5610 1923 5684 (ᾗ)
1951 5602 2262 5684 -Ὁργισθεὶς
2295 5626 2381 5684 μοι
2417 5609 2532 5684 ὲάσ.
2654 5676 2679 5684 .-

385 5685 470 5756 διὸ.
502 5684 599 5756 τῆς
630 5683 993 5755 κινναϐάρεως
1023 5703 1142 5756 περ.

1951 5674 2127 5756 [Illic
2161 5674 2312 5756 deest
2336 5682 2386 5732 in
2414 5683 2534 5756 cod.
2566 5695 2618 5733 Il.
2651 5676 2700 5738 ὃ,
2727 5676 2778 5733 6.
2810 5676 2919 5729 Οὑκ
2943 5674 3086 5731 ἔστιν
3116 5675 3321 5746 εἰρήνη.

211 5746 567 5820 (316υμιυθείξ
598 5770 684 5822 μοι
712 5746 903 5810 ἀποστ.
975 5746 988 5750 ⁷
1094 5746 1103 5756 ’

872 5772 903 5810 :.
975 5746 988 5750 ⁷
1094 5746 1103 5756 ’
1877 5746 1929 5818 6)
1957 5752 2070 5803 Meo
2098 5750 2243 5802 deest
2283 5750 2334 5804 in
2362 5751 2478 5804 cod.
