4084 6322
725 297 828 356 795

723 527 867 566 nem.

795 604 883 659 12.
915 603 1052 660 Tota
1081 605 1166 662 die
1186 611 1539 671 contristatus
1565 616 1899 678 incedebam.

794 698 880 753 15.
912 697 1179 765 Quoniam
1216 702 1383 760 lumbi
1428 711 1534 764 mei
1592 711 1798 783 impleti
1837 728 1964 773 sunt
2011 721 2279 781 illusioni-

722 790 825 846 bus
853 809 866 845 :

794 881 882 936 M.
918 881 983 936 Et
1013 900 1118 940 non
1148 895 1229 942 est
1265 890 1471 946 sanitas
1508 894 1561 948 in
1594 911 1759 954 carne
1786 917 1926 958 mea.

797 973 885 1028 15.
914 976 1160 1034 Aﬂlictus
1193 996 1315 1035 sum
1345 996 1396 1038 et
1432 986 1745 1048 humiliatus
1775 1011 1895 1050 sum
1924 998 2091 1056 nimis
2127 1019 2142 1056 :

794 1066 880 1121 16.
916 1067 1212 1138 Rugiebam
1242 1089 1271 1128 a
1302 1080 1501 1146 gemitu
1537 1084 1716 1137 cordis
1750 1089 1875 1140 mei.

793 1158 880 1213 17.
909 1158 1154 1230 Domine,
1188 1178 1311 1224 ante
1333 1180 1382 1224 te
1408 1187 1566 1227 omne
1594 1174 1918 1233 desiderium
1950 1196 2127 1236 meum
2157 1202 2170 1237 :

790 1248 878 1306 18.
912 1249 978 1305 Et
1008 1257 1241 1324 gemitus
1272 1277 1426 1317 meus
1457 1279 1487 1316 τι
1534 1275 1581 1320 te
1628 1283 1735 1322 non
1777 1279 1860 1326 est
1903 1273 2274 1330 absconditus.

792 1342 880 1398 19.
913 1341 1021 1400 Cor
1048 1364 1227 1404 meum
1260 1359 1642 1413 conturbatum
1668 1372 1750 1417 est
1781 1381 1794 1416 :

793 1435 881 1490 20.
917 1435 1214 1514 Dereliquit
1238 1463 1322 1503 me
1353 1451 1522 1506 virtus
1546 1469 1662 1507 mea
1691 1471 1703 1508 :

793 1528 882 1583 2|.
916 1529 984 1586 Et
1018 1533 1202 1591 lumen
1238 1541 1518 1597 oculorum
1559 1561 1826 1614 meorum,
1857 1556 1911 1603 et
1954 1548 2129 1619 ipsum
2173 1566 2279 1605 non

719 1630 804 1677 est
831 1640 1063 1682 mecum.

788 1717 880 1773 22.
907 1721 1082 1777 Amici
1127 1726 1232 1780 mei
1280 1735 1334 1782 et
1383 1732 1618 1798 proxuni
1680 1736 1787 1791 mei
1847 1738 2134 1794 adversum
2194 1756 2280 1796 me

720 1812 1308 1883 appmpinquavcrunt,
1333 1832 1384 1875 et
1411 1832 1677 1880 steterunt
1705 1847 1717 1880 :

781 1902 871 1957 25.
909 1903 972 1958 Et
1001 1908 1091 1976 qui
1121 1910 1276 1978 juxta
1308 1928 1393 1968 me
1415 1928 1570 1972 erant
1594 1919 1658 1974 de
1685 1921 1842 1992 longe
1868 1932 2132 1980 steterunt
2159 1947 2170 1980 :

786 1995 876 2050 24.
915 1997 981 2053 Et
1017 2001 1124 2055 vim
1173 2002 1475 2074 faciebant,
1530 2013 1621 2081 qui
1675 2016 1990 2084 quaerebant
2033 2020 2272 2075 animam

719 2101 896 2143 meam
927 2109 942 2146 2

791 2178 878 2234 23.
913 2181 979 2237 Et
1030 2187 1122 2255 qui
1170 2187 1518 2260 inquirebant
1564 2196 1706 2253 mala
1750 2198 1906 2269 milii,
1935 2201 2103 2258 locuti
2152 2213 2281 2260 sunt

719 2275 978 2332 vanitates
1001 2295 1015 2333 :

788 2365 877 2420 26.
910 2368 974 2423 Ει
1003 2371 1156 2427 dolos
1183 2381 1294 2428 tota
1318 2375 1404 2428 die
1428 2377 1668 2431 meditati
1699 2390 1844 2434 sunt.

789 2458 879 2514 27.
909 2457 1021 2532 Ego
1061 2473 1242 2520 autem
1268 2475 1527 2537 tanquam
1554 2471 1752 2526 surdus
1797 2487 1904 2527 non
1947 2475 2275 2534 audiebam:

1559 314 1616 369 S.
1654 317 2020 379 ATHANASII
2059 325 2207 383 ΟΡΡ.
2246 330 2430 388 PARS
2460 333 2546 388 lll.
2587 364 2654 376 —-
2693 338 3101 396 EXEGETICA.
3846 354 3930 409 796

792 419 877 476 11.
909 419 1072 480 Miser
1101 425 1278 486 factus
1322 446 1466 496 sum.
1515 445 1568 490 et
1616 454 1874 500 curvatus
1919 463 2090 518 usque
2135 451 2190 505 in
2217 451 2280 506 11-
2308 460 2353 516 Α

2317 460 2353 515 Α
2448 457 2532 511 11.
2584 458 3053 534 Ἐταλαιπώρησα,
3120 467 3212 518 καὶ
3260 469 3652 541 κατεκὰμφθην
3699 471 3810 534 ἓως
3855 474 3930 524 τέ-

2381 545 2524 610 λους·

2450 639 2537 694 12.
2574 643 2739 712 Ὅλην
2759 645 2857 716 τὴν
2889 647 3099 719 ἡμέραν
3147 651 3551 721 σκυθρωπάζων
3577 654 3928 726 ἐπορευόμην.

2449 731 2684 786 13.Ὂτι
2740 738 2796 790 αι
2849 737 2975 805 ψόαι
3043 757 3142 809 μου
3207 741 3554 813 ἐπλήσθησαν
3618 746 3932 816 ἐμπαιγμὰο

2379 838 2484 874 των
2506 840 2518 852 ⁸

2453 915 2538 967 14.
2571 918 2681 969 Kal
2701 919 2798 972 οὐκ
2833 921 2975 974 ἐστιν
3003 923 3143 988 ἴασις
3178 926 3236 978 ἐν
3262 929 3325 997 τῇ
3360 930 3518 999 σαρκί
3556 949 3678 1000 μου.

2452 1009 2536 1064 15.
2586 1011 2895 1083 Ἐκακὼθην
2932 1016 3023 1069 καὶ
3067 1019 3433 1091 ἐταπεινώθην
3463 1022 3567 1085 ἕως
3609 1024 3834 1094 σφόδρα.

2453 1099 2537 1152 16.
2585 1101 2852 1176 Ὠρυόμην
2882 1106 2988 1159 ἀπὸ
3018 1112 3321 1180 στεναγμοῦ
3349 1113 3446 1181 τῆς
3493 1115 3722 1183 καρδίας
3753 1134 3852 1185 μου

2453 1191 2536 1246 17.
2572 1193 2761 1263 Κύριε,
2787 1196 3025 1251 ἐναντίον
3048 1216 3138 1253 σου
3181 1204 3324 1254 πᾶσα
3356 1206 3387 1272 ἠ
3417 1204 3682 1274 ἐπιθυμία
3709 1224 3835 1275 μου.

2450 1282 2536 1334 18.
2571 1284 2679 1335 Kal
2710 1286 2738 1336 ὁ
2771 1290 3071 1357 στεναγμός
3101 1307 3200 1359 μου
3230 1293 3337 1344 ἀπὸ
3363 1294 3454 1345 σοῦ
3480 1296 3580 1346 οὐκ
3610 1297 3877 1367 ἀπεκρύεέ

2453 1373 2540 1425 19.
2583 1374 2646 1426 Ἦ
2669 1377 2863 1446 καρδία
2889 1396 2991 1448 μου
3013 1381 3285 1454 ἐταράχθη
3306 1399 3318 1414 ⁶

2448 1465 2536 1517 20.
2582 1466 2931 1534 Ἐγκατέλιπέ
2961 1488 3029 1540 με
3061 1475 3092 1543 ἡ
3127 1475 3275 1544 ἰσχύς
3308 1494 3406 1545 μου
3433 1495 3446 1507 θ

2450 1554 2537 1608 21.
2571 1557 2680 1609 Kal
2707 1557 2765 1610 τὸ
2789 1560 2903 1629 φῶς
2926 1564 3033 1616 τῶν
3061 1564 3350 1636 ὀφθαλμῶν
3386 1587 3508 1639 μου,
3545 1573 3640 1623 xxi.
3675 1573 3807 1624 αὐτὸ
3845 1577 3931 1626 οὐκ

2382 1651 2494 1704 ἐστι
2516 1657 2633 1722 μετ’
2666 1656 2819 1725 ἐμοῦ.

2449 1744 2534 1797 22.
2561 1747 2623 1798 0i
2655 1748 2794 1814 φίλοι
2825 1767 2925 1819 μου
2949 1754 3040 1805 καὶ
3061 1756 3108 1806 οἱ
3128 1755 3353 1827 πλησίον
3373 1773 3472 1826 μου
3499 1757 3809 1823 ἐξεναντίας
3841 1779 3931 1830 μου

2382 1837 2632 1906 ἤγγισαν,
2669 1841 2763 1892 καὶ
2783 1840 3014 1912 ἔστησαν
3037 1859 3053 1874 ο

2451 1927 2539 1981 25.
2571 1929 2679 1981 Kal
2710 1930 2757 1982 οί
2787 1929 3013 1998 ἔγγιστά
3046 1950 3146 2003 μου
3180 1935 3287 1987 ἀπὸ
3317 1936 3585 2008 μακρόθεν
3618 1938 3875 2009 ἔστησαν·

2449 2016 2537 2072 24.
2573 2019 2681 2072 Kal
2702 2020 3038 2086 ἐξεϐιάζοντο
3057 2026 3105 2077 οἱ
3135 2025 3421 2097 ζητοῦντες
3441 2028 3538 2099 τὴν
3569 2029 3746 2100 ψυχήν
3783 2047 3905 2100 μον

2453 2204 2541 2260 25.
2571 2206 2680 2259 Kal
2710 2207 2759 2259 οἱ
2798 2207 3083 2275 ζητοῦντες
3109 2213 3178 2265 τὰ
3206 2217 3348 2268 κακά
3389 2233 3477 2286 μοι
3526 2216 3796 2287 ἐλάλησαν
3842 2236 3934 2285 μα-

2383 2299 2666 2371 ταιότητας
2684 2314 2700 2332 ⁶

2448 2389 2538 2443 26.
2573 2392 2679 2444 Kal
2703 2391 3008 2462 δολιότητας
3037 2395 3160 2464 ὅλην
3186 2395 3281 2466 τὴν
3310 2396 3520 2468 ἡμέραν
3559 2399 3909 2470 ἐμελέτησαν.

2449 2483 2538 2536 27.
2580 2483 2720 2553 Ἐγὼ
2747 2485 2803 2537 δὲ
2835 2485 2966 2538 ὡσεὶ
2997 2488 3175 2555 κωφὸς
3197 2490 3293 2542 οὐκ
3324 2490 3517 2559 1ἤκουον
3537 2505 3549 2517 ·

1833 2633 2207 2692 ATHANASU
2246 2637 2822 2694 INTERPRETATIO.

795 2778 881 2832 11.
919 2777 1119 2836 Servus
1145 2780 1319 2842 lactus
1349 2803 1492 2855 sum,
1519 2790 1713 2861 inquit,
1738 2793 1887 2848 omni
1909 2807 2153 2866 peccato.

794 2955 881 3010 12.
913 2957 1162 3024 Quotidie
1190 2963 1502 3019 incedebant
1532 2969 1583 3021 in
1610 2973 1864 3038 peccatis.

794 3047 881 3102 13.
911 3048 1174 3116 Quoniam
1193 3056 1370 3110 omnis
1388 3056 1648 3114 fortitudo
1679 3063 1874 3117 animat
1900 3080 2030 3120 mem
2057 3065 2276 3137 impleta

723 3149 800 3194 est
829 3143 974 3194 omni
1017 3143 1300 3213 iniquitate

793 3232 880 3286 14.
920 3233 982 3288 Ει
1015 3252 1122 3291 non
1157 3249 1241 3292 est
1275 3241 1481 3295 sanitas
1515 3243 1567 3296 in
1603 3247 1911 3300 carnalibus
1941 3251 2274 3318 operationi-

722 3325 822 3379 bus
857 3327 1010 3381 meis.

792 3414 878 3468 15.
930 3415 1205 3474 Inﬁrmata
1247 3432 1350 3488 est,
1397 3423 1593 3493 inquit,
1635 3429 1811 3484 anima
1862 3447 1980 3487 mea
2023 3449 2193 3506 usque
2226 3436 2278 3490 iu

723 3505 902 3559 tinem.

796 3596 881 3650 16.
906 3596 1137 3655 Plorabo
1173 3604 1349 3659 solum
1386 3624 1492 3663 non
1528 3612 1734 3666 audens
1762 3622 1811 3668 te
1835 3614 2136 3684 deprecari.

796 3690 882 3745 l7.
914 3690 1160 3760 Domine,
1214 3702 1389 3765 nosti,
1426 3704 1570 3771 quod
1613 3705 1981 3761 misericordia
2017 3717 2108 3764 tua
2145 3713 2284 3766 indi-

723 3794 844 3848 geo.

794 3873 880 3928 18.
914 3873 1092 3942 Quare
1118 3879 1491 3952 ingemiscam,
1531 3903 1634 3942 non
1668 3890 1904 3959 ignoras.

794 3967 881 4031 19,
914 3967 1001 4022 20.
1039 3969 1327 4040 lnquinato
1365 3980 1526 4034 corde
1567 3989 1694 4038 meo
1741 3985 1808 4038 ab
1846 3987 1993 4042 omni
2038 3999 2278 4057 peccato,

726 4058 900 4128 gratia
935 4069 1025 4116 tua
1048 4078 1133 4117 me
1162 4065 1417 4121 deseruit.

795 4151 882 4204 2t.
916 4148 981 4207 Et
1021 4169 1127 4210 non
1174 4159 1408 4229 amplius
1443 4162 1713 4220 illuminat
1746 4167 1935 4223 oculos
1975 4172 2156 4228 cordis
2179 4176 2282 4229 mei

725 4243 892 4312 gratia
917 4253 1029 4299 tua.

793 4334 884 4388 22.
914 4334 1065 4392 Dona
1112 4347 1228 4408 tua,
1266 4356 1387 4412 qua:
1418 4354 1573 4401 antea
1619 4349 1908 4420 habebam,
1947 4354 2122 4409 ablata
2159 4366 2285 4411 sunt

726 4425 881 4480 mihi.

795 4515 883 4570 25.
916 4515 1126 4574 Sanctae
1152 4528 1256 4576 tua:
1285 4521 1532 4579 virtutes.

793 4608 885 4662 24.
916 4609 981 4664 Et
1007 4615 1221 4666 demum
1259 4616 1480 4671 trahunt
1526 4635 1612 4674 me
1642 4621 1708 4675 ad
1748 4623 1957 4693 scipsos
1988 4627 2279 4685 dmmones.

2453 2797 2538 2851 11.
2572 2796 2968 2872 Κατεδούλομαι
2998 2800 3468 2875 [Κατεδουλόμην1,
3487 2806 3655 2876 λέγει,
3693 2816 3840 2868 πᾶσα
3871 2815 3930 2868 ἀ-

2385 2890 2583 2961 μαρτία
2615 2893 2712 2962 (1).

2458 2984 2541 3036 12.
2575 2987 2649 3037 Δι’
2675 2986 2795 3038 ὅλου
2820 2989 2875 3038 ἐν
2904 2989 3194 3058 ἁμαρτίαις
3223 2993 3582 3063 ἐπορευόμην.

2456 3082 2538 3136 13.
2572 3084 2691 3134 ’Ότι
2722 3085 2868 3136 πᾶσα
2898 3086 2929 3154 ἡ
2978 3087 3127 3154 ἰσχὺς
3155 3087 3253 3157 τῆς
3284 3089 3458 3159 ψυχῆς
3520 3108 3623 3160 μου
3650 3092 3936 3163 πεπλήρω-

2308 3165 2348 3221 C
2381 3187 2469 3222 ται
2503 3173 2679 3242 πάσης
2713 3173 2937 3242 ἀνομίας
2970 3173 3065 3242 (2).

2459 3257 2543 3311 14.
2575 3257 2678 3311 Καὶ
2723 3260 2821 3312 οὐκ
2865 3259 3007 3314 ἐστιν
3052 3262 3193 3326 ἴασις
3229 3264 3286 3317 ἐν
3319 3268 3433 3328 ταῖς
3473 3274 3759 3338 σαρκικαῖς
3800 3272 3935 3343 πρά·

2381 3347 2491 3415 εεσί
2520 3367 2643 3420 μου.

2452 3441 2538 3496 15.
2583 3443 2900 3517 Ἦσθένησε,
2924 3446 3090 3517 λέγει,
3122 3449 3316 3522 ἡψυχὴ
3349 3469 3448 3523 μου
3481 3452 3586 3518 ἓως
3623 3456 3806 3521 τέλους
3839 3459 3931 3526 (5).

2453 3625 2536 3680 16.
2570 3628 2811 3694 Στενάξω
2840 3628 2914 3698 (ι)
2945 3629 3100 3698 μόνον
3148 3631 3220 3698 μὴ
3249 3633 3460 3699 τολμῶν
3491 3634 3745 3704 δεηθῆναί
3780 3654 3890 3691 σου.

2453 3715 2537 3768 17.
2566 3713 2753 3783 Κύριε,
2793 3713 2959 3781 οἶδας,
2984 3719 3065 3771 ὃτι
3093 3718 3184 3770 τοῦ
3217 3720 3395 3785 ἐλέους
3436 3739 3528 3775 σου
3559 3724 3762 3796 χρῄζω.

2453 3896 2539 3950 18.
2573 3899 2684 3950 Ουκ
2709 3900 2921 3965 αγνοεῖς
2941 3898 3028 3951 διὰ
3055 3901 3106 3952 τί
3138 3900 3372 3964 στενάξω
3401 3902 3499 3972 (5).

2458 3989 2545 4051 19,
2574 3989 2661 4044 20.
2695 3991 3032 4063 Θολωθείσης
3057 3993 3163 4062 γὰρ
3189 3993 3285 4062 τῆς
3303 3993 3526 4062 καρδίας
3557 4012 3656 4064 μου
3700 3997 3803 4049 ὑπὸ
3839 3999 3938 4051 πά.-

2384 4097 2480 4151 σης
2505 4082 2796 4151 ἁμαρτίας,
2819 4083 3137 4152 ἐγκατέλιπε
3163 4102 3228 4154 με
3256 4088 3289 4156 ἡ
3313 4086 3469 4157 χάρις
3513 4104 3626 4142 σου,

2452 4170 2540 4222 21.
2579 4170 2680 4224 Kal
2703 4173 2800 4225 οὐκ
2827 4173 2905 4225 ἔτι
2934 4173 3151 4242 φωτίζει
3183 4177 3303 4238 τοὺς
3342 4176 3652 4245 ὀφθαλμοὺς
3684 4179 3778 4249 τῆς
3807 4197 3938 4252 καρ-

2383 4260 2499 4324 δίας
2538 4279 2636 4331 μου
2671 4264 2702 4333 ἡ
2736 4264 2893 4332 χάρις
2928 4282 3039 4318 σου.

2450 4351 2536 4404 22.
2576 4352 2654 4404 Τὰ
2682 4355 2992 4424 χαρίσματα
3016 4373 3128 4421 σου,
3150 4356 3185 4411 ἃ
3217 4352 3362 4427 εἶχον
3391 4357 3451 4410 τὸ
3492 4358 3774 4430 πρότερον,
3804 4360 3940 4430 ἀφῃ-

2389 4446 2620 4516 ρέθησαν
2642 4446 2732 4498 ἀπ’
2757 4447 2911 4515 ἐμοῦ.

2313 4535 2356 4588 1)
2451 4536 2538 4590 23.
2575 4538 2638 4588 Ai
2667 4537 2818 4605 ἆγιαί
2853 4555 2944 4591 σου
2965 4539 3238 4610 δυνάμεις.

2454 4627 2545 4681 24.
2579 4627 2682 4681 Kal
2723 4629 2905 4683 λοιπὸν
2955 4631 3169 4684 ’έλκουσί
3212 4650 3278 4702 με
3321 4632 3448 4704 πρὸς
3494 4634 3715 4698 ἑαυτοὺς
3751 4636 3802 4687 οἱ
3832 4636 3936 4690 δαί-

794 4702 884 4756 2‘5.
917 4702 981 4757 Et
1003 4719 1218 4759 omnem
1246 4707 1581 4777 iniquitatem
1601 4723 1944 4784 etpeccatum
1970 4720 2023 4774 in
2047 4725 2283 4778 animam
2386 4737 2564 4790 μονες-

727 4811 902 4849 meum
927 4795 1264 4853 incessanter
1292 4801 1559 4872 iujiciunt.

2453 4810 2542 4864 25.
2577 4809 2681 4865 Kal
2708 4812 2889 4866 πᾶσαν
2914 4813 3141 4884 ἀνομίαν
3172 4815 3262 4868 καὶ
3285 4816 3556 4887 ἁμαρτίαν
3587 4817 3858 4887 ἐμὸάλλου
3869 4837 3941 4871 τιν

792 4886 879 4940 26.
929 4885 1086 4944 Omni
1131 4899 1370 4962 tempore
1408 4898 1760 4968 cogitationes
1816 4904 2079 4972 quasdam
2119 4908 2284 4963 veluti
2385 4904 2405 4957 ὁ

1488 4898 1760 4968 gitatioucs
1816 4904 2079 4972 quasdam
2119 4908 2284 4963 veluti
2385 4903 2676 4967 ἀπαύστως
2709 4907 2772 4976 τῇ
2808 4905 2949 4976 ψυχῇ
2982 4924 3101 4976 μου.

727 4977 898 5047 prima
953 4979 1132 5048 specie
1199 4981 1453 5042 honestas
1499 4991 1864 5058 quaesiverunt
1914 4995 2182 5065 subjicere
2229 4999 2281 5053 in

728 5070 890 5122 corde
913 5084 1055 5124 meo.

797 5159 886 5212 27.
923 5159 1036 5230 Ego
1079 5171 1257 5217 autem
1310 5175 1566 5237 tanquam
1614 5185 1720 5225 non
1769 5174 2014 5240 audiens,
2055 5193 2175 5246 quae
2213 5180 2280 5233 ab

729 5250 864 5321 ipsis
889 5252 1164 5320 dicuntur,
1195 5256 1296 5312 hoc
1318 5263 1477 5316 modo
1502 5277 1564 5317 ea
1594 5278 1698 5316 non
1727 5266 2083 5323 committam.

2456 4995 2543 5048 26.
2581 4998 2656 5048 At’
2712 4995 2829 5048 ὅλου
2885 4998 3207 5071 ἐνθυμήσεις
3237 5001 3388 5065 τινὰς
3438 5002 3511 5067 ὡς
3565 5005 3940 5075 εὐλογοτξανεῖς

2384 5089 2674 5142 ἐσκέπτοντο
2699 5091 2772 5161 (6)
2803 5093 3109 5146 ὑποτιθέναι
3141 5095 3197 5146 ἐν
3227 5097 3292 5167 τῇ
3325 5096 3519 5167 καρδίᾳ
3553 5116 3677 5168 μου.

2453 5182 2542 5236 27.
2593 5182 2730 5250 Ἐγὼ
2751 5183 2828 5247 δὲ,
2860 5184 2934 5247 ὡς
2965 5185 3037 5256 μὴ
3071 5184 3281 5238 ἀκούων
3313 5187 3381 5240 τὰ
3415 5191 3542 5261 παρ’
3582 5189 3760 5245 αὐτῶν
3796 5189 3923 5260 λεγὸ

2391 5293 2544 5346 μενα,
2578 5275 2748 5338 οὕτως
2780 5277 2878 5329 οὐκ
2912 5278 3141 5331 ἐπιτελῶ
3172 5278 3360 5334 ταῦτα.

1667 5427 1962 5492 Addenda
2011 5437 2070 5492 et
2100 5431 2463 5512 corrigenda
2500 5451 2576 5495 ex
2626 5435 2762 5496 cod.
2801 5437 2999 5500 Vatic.

803 5583 878 5664 (Ξ)
906 5589 1061 5664 Ψισῇ
1087 5590 1342 5664 ἁμαρτίᾳ-

804 5657 880 5726 (2)
924 5657 1242 5729 ’Λμαρτίαξ.

805 5729 882 5798 (3)
916 5731 1057 5795 Ἕως
1081 5731 1264 5796 τέλους
1297 5733 1471 5790 deest.

2460 5607 2533 5672 (4)
2568 5608 2860 5672 Στενάζων.

2459 5677 2532 5744 (5)
2559 5678 2819 5743 Στενάζω.

2461 5747 2532 5815 (6)
2583 5749 2951 5804 Ἐσκέπτοντο.
