4084 6322
188 378 298 438 797

1070 379 1158 434 DE
1194 378 1470 434 TITULIS
1501 378 1956 438 PSALMORUM.
1998 410 2069 424 --
2105 379 2303 436 PSAL.
2342 380 2607 438 XXXVII.

3315 379 3419 436 798

261 500 356 552 28.
388 498 497 552 Kal
521 497 652 551 ὡσεὶ
673 497 868 560 ἀλαλος
886 498 985 551 οὐκ
1006 497 1235 567 ἀνοίγων
1261 499 1323 552 τὸ
1352 500 1525 569 στόμα
1548 499 1713 553 αὑτοῦ
1733 517 1748 531 ο
1779 504 1827 562 Α
1923 499 2012 554 28.
2050 498 2115 554 Et
2145 499 2287 555 sicut
2312 510 2495 557 mutus
2518 517 2607 556 nor

1923 499 2012 554 28.
2050 498 2115 554 Et
2145 499 2287 555 sicut
2312 510 2495 557 mutus
2518 517 2627 556 non
2661 501 2911 571 aperiens
2932 517 2995 556 os
3023 516 3187 556 suum
3213 517 3230 555 :

263 589 356 644 29.
383 591 492 642 Kal
520 589 784 661 ἐγενόμην
806 590 936 642 ὡσεὶ
968 589 1250 662 ἄνθρωπος
1279 591 1378 644 οὐκ
1418 589 1650 657 ἀκούων,

258 679 350 734 50.
384 680 491 734 Kal
514 682 612 734 οὐκ
642 680 778 751 ἔχων
809 683 864 733 ἐν
899 680 977 751 τῷ
1008 681 1232 752 στόματι
1270 681 1434 735 αὑτοῦ
1471 680 1752 752 ὲλεγμούς.

263 770 357 825 51.
388 771 508 825 Ὅτι
535 772 625 824 ἐπὶ
653 773 752 833 σοὶ,
783 769 974 841 Κύριε,
1001 772 1202 843 ἤλπισα
1235 787 1252 805 ⁸

264 862 356 916 52.
386 863 458 916 Σὺ
479 863 793 936 εἰσακούσῃ,
817 863 989 936 Κύριε
1012 867 1040 916 ὁ
1069 865 1200 926 Θεός
1227 881 1351 935 μου.

265 955 354 1010 55.
387 957 508 1009 Ὀτι
541 953 716 1026 εἷπον,
739 959 963 1029 Μήποτε
1003 957 1304 1029 ἐπιχαρῶσί
1353 975 1441 1028 μοι
1481 958 1528 1011 oi
1572 955 1756 1030 ἐχθροί

197 1064 342 1117 μων

265 1138 358 1194 54.
392 1140 498 1194 Kal
527 1142 583 1194 ὲν
611 1141 688 1212 τῷ
707 1140 1029 1213 σαλευθῆναι
1054 1142 1369 1214 πόδαειμου,
1401 1141 1488 1195 ἐπ’
1511 1142 1610 1212 ἐμὲ
1633 1143 1760 1214 ἐμε-

193 1232 436 1304 γαλορῤη
445 1233 578 1304 μόνη
588 1251 706 1289 σαν.

266 1323 355 1377 55.
395 1324 513 1378 Ὅτι
538 1323 648 1393 ἐγὼ
680 1327 760 1388 εἰς
798 1325 1066 1396 μάστιγας
1085 1325 1301 1398 ἕτοιμος
1323 1341 1338 1356 '

265 1416 360 1472 56.
388 1418 498 1473 Kal
521 1421 554 1490 ἠ
579 1418 825 1490 ἀλγηδών
862 1437 962 1491 μου
997 1418 1228 1474 ἐνώπιόν
1263 1417 1364 1491 μού
1395 1419 1510 1473 ἐστι
1534 1419 1759 1472 διαπαν-

188 1524 304 1570 τος.

260 1600 351 1654 57.
389 1601 509 1654 Ὅτι
531 1599 630 1672 τὴν
652 1601 882 1672 ἀνομίαν
919 1619 1020 1671 μου
1049 1601 1158 1669 ἐγὼ
1181 1601 1467 1670 ἀναγγελῶ
1484 1615 1501 1630 ⁶

261 1695 352 1749 58.
385 1695 494 1749 Kal
532 1699 854 1768 μεριμνήσω
881 1697 1024 1769 ὑπὲρ
1039 1697 1138 1767 τῆς
1165 1697 1440 1768 ἁμαρτίας
1472 1712 1593 1766 μου.

267 1787 355 1840 59.
388 1787 450 1839 Οἱ
503 1786 558 1839 δὲ
603 1787 785 1859 ἐχθροί
842 1805 944 1857 μου
1003 1784 1156 1850 ζῶσι,
1197 1787 1292 1839 καὶ
1321 1785 1758 1858 ⁸κεκραταίωντιιι

190 1878 336 1947 ὑπὲρ
357 1877 477 1948 ἐμέ.

259 1968 350 2023 40.
386 1969 496 2023 Kal
521 1969 934 2042 ὲπληθύνθησαν
955 1971 1004 2023 οἱ
1041 1967 1326 2041 μισοῦντές
1361 1985 1428 2038 με
1467 1967 1689 2031 ἀδίκως.

258 2150 352 2205 41.
383 2152 444 2206 Οἱ
465 2151 908 2216 ἀνταποδιδόντες
943 2169 1032 2222 μοι
1059 2149 1203 2213 κακά
1229 2150 1350 2202 ἀντὶ
1376 2147 1614 2217 ἀγαθῶν,

259 2241 352 2294 42⁸
391 2242 750 2297 Ἐνδιὲὀαλλόν
799 2260 890 2314 με,
930 2243 1050 2296 ἐπεὶ
1097 2242 1424 2296 κατεδίωκον
1474 2237 1757 2309 ἀγαθωσύ-

185 2349 288 2402 νην
321 2332 416 2403 (α).

261 2426 352 2480 45.
386 2425 478 2497 Μὴ
499 2427 870 2498 ἐγκαταλίπῃς
893 2445 978 2498 με,
1015 2427 1207 2499 Κύριε,

258 2516 352 2571 ll.
397 2518 454 2569 Ὀ
487 2517 615 2580 Θεός
649 2535 770 2588 μου,
800 2519 875 2587 μὴ
900 2520 1139 2587 ἀποστῇς
1171 2520 1264 2570 ἀπ’
1297 2515 1454 2587 ἐμοῦ.

257 2608 348 2660 45.
386 2610 624 2680 Πρόσχες
646 2611 724 2673 εἰς
743 2611 837 2681 τὴν
864 2611 1113 2681 βοήθειάν
1151 2627 1275 2680 μου,
1305 2609 1477 2680 Κύριε
1523 2605 1621 2676 τῆς
1647 2621 1754 2657 σω-

186 2699 387 2770 τηρίας
423 2717 548 2770 μου,

1927 593 2015 646 29.
2048 592 2111 646 Et
2138 592 2314 648 factus
2346 609 2464 649 sum
2496 595 2640 649 sicut
2671 595 2835 647 homo
2864 608 2968 647 non
2992 593 3242 654 audiens,

1927 684 2017 738 30.
2050 683 2114 739 Et
2141 700 2250 738 non
2275 684 2482 740 habens
2510 686 2565 740 in
2589 700 2683 740 ore
2710 700 2811 741 suo
2835 684 3267 755 redargutiones.

1925 776 2012 830 3|.
2048 775 2314 842 Quoniam
2348 778 2400 831 in
2425 789 2496 842 te,
2529 779 2774 844 Domine,
2803 779 3015 848 speravi
3052 797 3065 830 :

1926 868 2014 923 52.
2047 868 2124 924 Τυ
2157 871 2415 927 exaudies
2447 887 2552 936 me,
2587 872 2813 926 Domine
2843 871 2985 925 Deus
3017 886 3190 925 meus.

1927 960 2014 1014 33.
2051 962 2191 1026 Quia
2217 963 2352 1032 dixi,
2383 962 2684 1034 Nequando
2707 963 3142 1035 supergaudeant
3161 959 3292 1016 milii
3320 961 3418 1015 ini-

1857 1049 1983 1104 mici
2007 1051 2111 1104 Inei
2147 1068 2163 1106 :

1931 1141 2019 1195 54.
2055 1141 2122 1197 Et
2161 1144 2290 1198 dum
2343 1155 2754 1201 commoventur
2786 1146 2948 1217 pedes
2987 1143 3116 1209 mei,
3146 1158 3308 1212 super
3337 1157 3420 1197 me

1856 1248 2054 1300 magna
2083 1234 2249 1290 locuti
2273 1246 2419 1291 sunt.

1928 1325 2017 1378 55.
2053 1325 2320 1391 Quoniam
2348 1343 2449 1399 ego
2477 1327 2531 1382 in
2559 1327 2769 1398 ﬂagella
2798 1336 3022 1398 paratus
3044 1342 3162 1381 sum
3197 1370 3209 1382 .

1925 1417 2012 1472 56.
2046 1419 2112 1474 Et
2158 1421 2313 1476 dolor
2354 1437 2509 1478 meus
2548 1423 2602 1476 in
2647 1430 2942 1492 conspectu
2984 1435 3105 1476 meo
3151 1427 3234 1474 est
3279 1431 3420 1472 scm-

1857 1524 1974 1578 per.

1928 1599 2016 1654 37.
2049 1599 2316 1666 Quoniam
2345 1603 2691 1672 iniquitatem
2720 1618 2898 1658 meam
2923 1616 3025 1673 ego
3059 1598 3423 1656 annuntiabo;

1926 1692 2015 1746 38.
2051 1693 2114 1748 Et
2147 1695 2398 1764 cogitabo
2429 1713 2526 1766 pro
2548 1707 2767 1768 peccato
2795 1711 2937 1750 meo.

1933 1784 2023 1838 39.
2053 1786 2266 1842 Inimici
2290 1798 2470 1843 autem
2495 1791 2598 1844 mei
2633 1790 2843 1854 vivunt,
2866 1797 2919 1842 et
2944 1785 3254 1842 conﬁrmati
3297 1790 3424 1838 sunt

1788 1861 1835 1920 Β
1864 1884 2026 1944 super
2056 1891 2142 1931 me
2171 1894 2186 1931 :

1938 1968 2028 2025 40.
2058 1967 2127 2024 Et
2174 1970 2516 2040 multiplicati
2567 1981 2715 2036 sunt,
2760 1970 2855 2043 qui
2910 1969 3145 2027 oderunt
3185 1980 3273 2021 me
3323 1963 3424 2019 ini-

1939 2073 1990 2112 e.

1862 2073 2021 2204 qufi.
2054 2147 2155 2214 Qui
2182 2147 2489 2202 retribuunt
2517 2148 2650 2202 mihi
2676 2148 2817 2202 mala
2844 2161 2942 2217 pro
2966 2146 3147 2210 bonis,

1928 2241 2021 2295 42.
2053 2240 2421 2296 Detrahebant
2445 2240 2602 2305 mibi,
2634 2241 2894 2312 quoniam
2928 2240 3194 2311 sequebar
3215 2238 3424 2293 bonita-

1861 2339 1993 2386 tem.

1933 2421 2022 2476 43.
2047 2418 2125 2474 Ne
2147 2418 2494 2489 derelinquas
2517 2433 2626 2486 me,
2650 2416 2877 2473 Domine
2907 2434 2921 2470 :

1929 2512 2019 2564 44.
2061 2510 2200 2564 Deus
2224 2525 2399 2576 meus,
2425 2526 2491 2563 ne
2514 2508 2833 2564 discesseris
2864 2522 2893 2560 a
2927 2521 3012 2560 me
3041 2524 3054 2558 :

1931 2600 2018 2655 45.
2053 2598 2283 2653 Intende
2315 2599 2371 2652 in
2405 2597 2737 2668 adjutorium
2779 2611 2983 2659 meum,
3024 2591 3248 2648 Domine
3285 2591 3427 2648 Deus

1857 2693 2053 2749 salutis
2078 2705 2230 2746 meae.

263 2880 342 2950 (α)
373 2880 432 2936 In
465 2889 615 2937 textu
648 2882 842 2953 legitur
884 2880 1257 2954 δικαιοσύνην,
1304 2882 1398 2936 sed
1448 2894 1609 2948 supra
1653 2879 1946 2949 ascriptum
1970 2886 2052 2934 est
2074 2874 2432 2946 ἀγαθοσύνην.

1861 2893 1946 2932 um
1970 2886 2052 2934 est
2074 2874 2432 2946 ἀγαθοσύνην.

1309 3027 1682 3083 ATHANASII
1722 3022 2308 3082 INTERPRETATIO.

259 3191 355 3246 28.
387 3189 500 3241 Οὐκ
522 3187 1004 3260 ἀνταπεκρινάμην
1029 3186 1102 3256 (1)
1134 3187 1339 3250 αὐτοῖς.

259 3281 355 3336 29.
393 3280 646 3351 Ἀνήκοος
675 3279 918 3350 διέμενον
942 3279 1017 3350 μὴ
1034 3276 1254 3348 πληρῶν
1283 3275 1418 3346 amp
1447 3273 1654 3345 ἤθελον.

257 3450 353 3507 50.
388 3451 481 3536 Ὦς
510 3451 584 3522 μὴ
616 3450 912 3520 δυνάμενος
950 3451 1144 3514 αὐτοὺς
1177 3450 1436 3520 ἐλέγχειν.

258 3543 354 3600 51.
383 3544 503 3596 Ὀτι
533 3545 610 3607 εἰς
641 3542 700 3595 τὸ
722 3542 870 3606 ἔλεός
898 3559 1014 3607 σου,
1045 3541 1234 3612 Κύριε,
1261 3541 1481 3612 ἧλπισα.

262 3720 358 3777 52.
389 3720 488 3774 Διά
513 3714 676 3775 τοῦτο
696 3721 1034 3783 εἰσακούσεις
1073 3722 1170 3793 (2),
1201 3721 1363 3793 Κύριε
1389 3723 1416 3773 ὁ
1446 3720 1575 3784 Θεός
1617 3737 1737 3791 μου.

257 3814 349 3870 55.
389 3815 516 3868 Ὀτι
541 3811 715 3868 εἷπον
739 3829 752 3845 ⁸
791 3813 980 3885 Κύριε,
1017 3814 1117 3868 ἐὰν
1155 3815 1228 3886 μὴ
1257 3813 1581 3886 εἰσακούσῃς
1623 3830 1721 3883 μου
1746 3851 1760 3875 ,

187 3908 473 3978 κείρονται
500 3909 548 3961 οἱ
584 3907 765 3979 ἐχθροί
795 3926 920 3980 μου.

261 4000 356 4055 54.
391 3999 494 4053 Kal
523 4003 581 4054 ὲν
607 3999 686 4072 τῷ
714 4001 820 4054 ἀπὸ
851 3999 1133 4065 ἀσθενείας
1177 4001 1397 4054 πίπτειν
1424 4019 1490 4071 με
1517 4043 1531 4067 ,
1568 4005 1764 4056 ὲκεῖυοι

189 4089 576 4159 ἀγαλλιῶνται.

262 4179 358 4234 55.
389 4178 511 4232 Ὀτι
541 4178 917 4254 ὑπόκειμαιτῇ
952 4182 1144 4254 αἰωνίᾳ
1173 4182 1411 4237 κολάσει.

259 4271 354 4327 56.
389 4268 494 4325 Kal
520 4270 581 4324 τὺ
612 4270 721 4343 πῦρ
752 4273 813 4326 τὸ
844 4272 1060 4328 αἰώνιον
1094 4273 1194 4344 ἤδη
1233 4273 1544 4345 προϐλέπω.

262 4365 360 4420 57.
406 4364 860 4436 Ἐξομολογοῦμαί
896 4384 976 4421 σοι
1007 4367 1107 4439 τὴν
1132 4368 1360 4438 ἀνομίαν
1403 4385 1523 4440 μου.

258 4453 355 4510 58.
394 4452 497 4507 Kal
530 4457 845 4529 μετανοήσω
877 4457 1016 4529 ὑπὲρ
1047 4451 1121 4511 ὧν
1149 4458 1359 4529 ἔπραξα
1381 4458 1586 4512 κακῶν.

1787 3187 1834 3249 C
1932 3181 2023 3237 28.
2054 3179 2165 3239 Nec
2195 3180 2277 3237 eis
2308 3190 2499 3236 contra
2533 3181 2810 3252 respondi.

1935 3273 2026 3328 29.
2059 3271 2236 3327 Veluti
2287 3286 2395 3327 non
2445 3273 2668 3328 audiens
2714 3271 2997 3327 manebam
3031 3287 3141 3327 non
3177 3272 3427 3344 impleas,

1861 3364 2008 3435 quod
2041 3365 2313 3418 volebant.

1933 3454 2024 3510 30.
2049 3456 2333 3525 Tanquam
2360 3468 2469 3509 non
2497 3453 2686 3508 valens
2711 3466 2806 3507 eos
2840 3451 3182 3520 redarguere.

1934 3547 2022 3602 3i.
2059 3544 2329 3613 Quoniam
2364 3545 2422 3600 in
2465 3543 2839 3600 misericordia
2869 3551 2983 3604 tua.
3028 3541 3275 3607 Domine,
3303 3556 3430 3612 spe-

1862 3637 1999 3692 ravi.

1935 3723 2023 3778 32.
2060 3722 2355 3793 Propterea
2391 3722 2649 3778 exaudies
2676 3737 2782 3789 me,
2813 3721 3040 3776 Domine
3069 3721 3211 3776 Deus
3253 3737 3428 3778 meus.

1932 3813 2020 3869 33.
2059 3814 2201 3880 Quia
2227 3816 2384 3869 dixi:
2414 3814 2664 3880 Domine,
2698 3815 2746 3870 si
2773 3831 2858 3869 me
2895 3829 3002 3869 non
3024 3814 3271 3881 exaudis,
3301 3831 3434 3886 gau-

1863 3907 1992 3962 dent
2018 3907 2221 3961 inimici
2251 3891 2376 3963 mei.

1931 4001 2018 4055 54.
2054 3997 2264 4054 Etcum
2321 4013 2435 4071 prae
2483 3994 2802 4050 inﬁrmitate
2859 3993 3071 4060 decido,
3123 3994 3198 4049 illi
3247 3996 3434 4050 exsuh

1866 4097 2002 4144 tant.

1933 4181 2020 4236 55.
2053 4177 2322 4245 Quoniam
2359 4176 2631 4232 obnoxius
2655 4190 2776 4230 sum
2812 4183 3016 4229 aeterno
3039 4179 3326 4248 supplicio.

1935 4272 2022 4327 36.
2053 4271 2244 4341 Etiam
2274 4268 2552 4341 prospicio
2584 4269 2760 4338 ignem
2785 4275 3071 4322 aeternum.

1933 4365 2022 4420 57.
2051 4362 2364 4418 Conlitebor
2395 4361 2494 4415 tibi
2529 4359 2872 4430 iniquitatem
2898 4374 3098 4414 meam.

1936 4455 2024 4512 38.
2059 4454 2122 4510 Et
2153 4455 2527 4525 paenitentiam
2566 4469 2722 4523 agam
2749 4455 2814 4508 de
2848 4454 2935 4518 iis,
2973 4468 3095 4522 qute
3123 4451 3227 4508 feci
3268 4457 3431 4511 mala.

259 4546 354 4602 39.
393 4547 454 4599 Οἱ
478 4545 535 4600 δὲ
564 4547 820 4619 ἄρχοντες
840 4547 933 4602 τοῦ
960 4548 1206 4602 διαϐόλου
1237 4549 1585 4621 κατισχύουσί
1623 4567 1744 4621 μου.
1795 4550 1839 4607 D
1942 4550 2031 4604 39.
2063 4547 2343 4617 Principes
2385 4556 2563 4602 autem
2603 4570 2607 4597 ε

1942 4550 2031 4604 59.
2063 4547 2343 4617 Principes
2385 4556 2563 4602 autem
2603 4546 2809 4602 diaboli
2867 4545 3213 4602 invaluerunt
3247 4559 3434 4603 eontra

260 4721 356 4776 40.
387 4717 491 4775 Kal
517 4719 697 4775 πολλοὶ
731 4722 974 4792 ἐγένοντο
999 4725 1084 4776 ἐπ’
1108 4725 1228 4794 ὲμέ.

257 4811 352 4866 41.
385 4813 447 4864 Ol
470 4812 567 4884 τὴν
593 4813 690 4884 σὴν
715 4814 1059 4868 διδασκαλίαν
1091 4814 1349 4880 λαϐόντες
1373 4816 1469 4870 ἀπ’
1495 4815 1651 4889 ἐμοῦ,
1671 4817 1763 4871 καὶ

188 4903 290 4964 τὰς
325 4902 539 4956 ἑαυτῶν
571 4904 864 4975 ἐπιθυμίας
880 4905 1170 4970 δεδωκότες
1200 4925 1308 4979 μοι.

261 4997 356 5052 42.
387 4997 533 5069 Πρὸς
553 4999 776 5062 ἑαυτοὺς
800 5001 1243 5056 συνεϐουλεύοντο
1264 5001 1339 5074 (5)
1371 5003 1633 5056 ἀπολέσαι
1673 5021 1762 5074 με,

190 5088 382 5160 ἐπειδὴ
415 5087 555 5142 θέλω
583 5092 929 5162 μετανοῆσαι.

262 5185 355 5248 45,
389 5182 475 5237 ﬂ.
520 5183 595 5255 (4)
630 5185 722 5256 Μὴ
751 5186 918 5260 ἐάσῃς
951 5203 1040 5257 με,
1068 5186 1233 5259 Κύριε
1260 5190 1289 5242 ὁ
1312 5188 1442 5252 Θεός
1467 5207 1588 5260 μου.

265 5274 360 5331 45.
407 5274 545 5328 Ἀλλ’
573 5276 692 5330 ἐλθὲ
712 5279 793 5343 είς
815 5279 914 5351 τὴν
943 5277 1189 5352 βοήθειάν
1224 5299 1345 5350 μου.

1869 4658 1976 4698 me.

1931 4735 2020 4790 40.
2051 4735 2118 4790 Et
2139 4735 2293 4790 multi
2321 4735 2543 4790 fuerunt
2580 4735 2840 4790 adversus
2869 4746 2974 4788 me.

1931 4828 2020 4882 41.
2048 4827 2152 4894 Qui
2177 4826 2485 4882 auferentes
2510 4826 2823 4880 doctrinam
2856 4836 3004 4881 tuam
3035 4843 3064 4881 a
3092 4844 3198 4895 me,
3233 4836 3286 4882 ct
3306 4841 3435 4880 suas

1861 4921 1994 4975 mihi
2017 4921 2284 4976 dederunt
2327 4919 2672 4990 cupiditates.

1934 5014 2022 5067 49..
2051 5013 2246 5068 Secum
2273 5013 2374 5081 ipsi
2401 5012 2687 5066 consilium
2719 5011 3013 5076 iniverunt,
3046 5019 3102 5065 ut
3130 5026 3216 5065 mc
3247 5011 3437 5081 perde-

1869 5113 2007 5162 rent.
2039 5103 2296 5173 quoniam
2334 5102 2704 5171 paenitentiam
2737 5118 2898 5173 agere
2933 5104 3202 5158 volebam.

1938 5193 2029 5257 43,
2058 5193 2146 5246 44.
2176 5191 2252 5245 Ne
2277 5193 2520 5247 dimittas
2545 5210 2650 5259 me,
2675 5193 2901 5249 Domine
2933 5193 3076 5251 Deus
3103 5209 3279 5250 meus.

1935 5285 2025 5339 45.
2059 5283 2164 5340 Sed
2192 5285 2244 5339 in
2269 5286 2536 5340 auxilium
2566 5301 2745 5342 meum
2772 5285 2916 5341 veni.

1150 5463 1454 5528 Addenda
1492 5473 1552 5528 et
1582 5465 1958 5546 corrigenda
2005 5482 2086 5527 ex
2113 5465 2251 5526 cod.
2291 5467 2486 5528 Vatic.

261 5656 342 5737 l1)
382 5658 810 5737 ΓΑρτεκρινομηγ·

257 5727 340 5793 (2)
367 5728 467 5782 Διά
493 5727 651 5781 τοῦτο
671 5727 1008 5780 εἰσάκουσον.

262 5798 349 5870 (5)
385 5798 449 5853 Ν.
504 5799 588 5853 42.
651 5795 1099 5852 Συνεόουλεὺοντο
1153 5795 1209 5849 τὸ
1257 5795 1366 5860 πῶς
1414 5793 1550 5849 ἀπο).
1580 5835 1594 5850 .
1629 5833 1642 5848 .
1685 5835 1697 5849 .
1731 5834 1744 5848 .

1861 5649 2187 5723 μετανοῆσαι
2201 5663 2225 5723 μ’
2257 5650 2371 5723 καὶ-
2395 5649 2704 5723 ἁπέρῤιςαάν
2742 5666 2807 5721 με
2844 5649 2935 5704 τὸν
2962 5648 3264 5723 ἀγαπητὸν,
3298 5650 3425 5704 ὡσεὶ

1856 5719 2046 5790 νεκρὸν
2076 5719 2488 5788 ὲϐδελυγμένον.

1928 5789 2004 5861 (ι)
2034 5789 2097 5847 Ν.
2127 5791 2211 5859 ιδ,
2236 5790 2324 5858 ιιι,
2350 5790 2434 5846 .13.
2467 5792 2578 5865 Μή,
2613 5802 2741 5856 ctc.,
2779 5792 2892 5845 ἀλλ’
2933 5791 3052 5845 ἑλοὲ
3085 5793 3164 5854 εἰς
3191 5791 3408 5861 τήν,ριε
