4068 6318
687 345 788 403 799
1522 361 1578 414 S.
1620 361 1993 419 ATHANASII
2035 365 2184 422 Ol‘l’.
2229 367 2407 422 PARS
2448 365 2532 420 Ill.
2576 397 2607 406 -
2684 363 3089 418 EXl-ZGETICA.
3817 359 3912 414 300

930 466 994 520 In
1028 470 1768 553 ρηειηὲίιξίμιιιιῃ-ςᾳιι-ι-ἰριιῃι
1800 483 1992 538 David.
2276 497 2323 551 Α
2446 489 2536 553 Εἷς

2276 497 2323 551 Α
2446 489 2545 553 Εις
2593 485 2659 539 τὸ
2692 486 2864 551 τέλος
2899 485 2978 550 τῷ
3025 483 3306 553 Ἰδιϐοὺμν,
3339 478 3462 544 ᾠδὴ
3505 476 3580 542 τῷ
3613 478 3813 529 Aac-'56.

1172 542 1373 598 PSAL.
1419 547 1755 606 XXXVIII.
2276 542 2323 551 "
2526 542 2541 553 ’
2843 542 2857 551 '
2947 542 3310 609 ’ΨΛΛ.ΛΗ’.

758 649 810 703 1.
846 647 985 705 Dixi.
1009 652 1328 712 Custodiam
1361 659 1478 716 vias
1502 677 1672 731 meas,
1709 673 1768 720 ut
1799 682 1906 720 non
1943 666 2254 737 delinqnam

2427 672 2477 725 1.
2511 668 2653 724 Εἷπα
2673 686 2686 699 ⁸
2723 670 2944 734 Φυλάξω
2970 669 3068 733 τὰς
3098 667 3249 731 ὁδούς
3281 683 3404 737 μου,
3439 664 3532 718 τοῦ
3575 663 3651 734 μὴ
3679 665 3915 734 ἁμαρτά-

687 745 742 800 in
766 746 948 817 lingua
980 766 1121 806 mea.
1190 815 1202 829 ο

2356 779 2467 817 νειν
2505 779 2570 832 με
2600 764 2656 814 ἐν
2687 761 2904 832 γλώσσῃ
2943 777 3065 830 μου.

755 841 807 893 2.
842 841 1006 897 Posui
1035 844 1116 898 ori
1141 860 1263 901 meo
1286 849 1615 917 custodiam,

2426 856 2480 907 2.
2531 853 2764 923 Ἐθέμην
2793 851 2869 920 τῷ
2906 850 3133 921 στόματί
3167 867 3267 920 μου
3294 849 3555 920 φυλακὴν,

752 929 802 982 3.
835 931 970 984 Cum
1005 934 1327 990 consisteret
1358 950 1611 1006 peccator
1637 941 1926 998 adversum
1953 960 2062 1000 me.

2427 947 2480 1000 5.
2535 947 2620 998 Ἐν
2656 945 2732 1016 τῷ
2760 946 3017 1015 συστῆναι
3048 943 3138 997 τὸν
3170 942 3487 1013 ἁμαρτωλὸν
3529 941 3776 994 ἐναντίον
3807 957 3915 1008 μου.

755 1022 808 1076 '4.
846 1022 1103 1080 Obmutui
1130 1034 1183 1081 et
1209 1028 1526 1087 humiliatus
1557 1049 1701 1100 sum,
1740 1045 1794 1090 et
1824 1038 1949 1092 silui
1979 1053 2010 1093 a
2055 1038 2256 1096 bonis:

2431 1038 2484 1092 4.
2528 1036 2858 1108 Ἐκωφὼθην
2899 1035 2993 1090 καὶ
3043 1033 3430 1104 ὲταπεινώθην,
3471 1033 3566 1087 καὶ
3606 1032 3843 1103 ὲσίγησα
3869 1030 3921 1095 ἐξ

2358 1129 2578 1200 ἀγαθῶν
2603 1148 2615 1161 ·

762 1216 814 1269 5.
848 1214 913 1269 Et
942 1218 1097 1274 dolor
1122 1237 1275 1278 meus
1307 1233 1600 1281 renovatus
1628 1235 1731 1282 est.

2431 1221 2484 1275 5.
2521 1221 2632 1274 Kal
2656 1220 2715 1272 τὸ
2750 1219 2972 1290 ἄλγημά
3001 1235 3102 1289 μου
3138 1217 3508 1288 ἀνεκαινίσθη.

763 1307 815 1360 6.
843 1308 1128 1366 Concaluit
1158 1329 1250 1367 cor
1279 1330 1460 1377 meum
1489 1316 1629 1371 intra
1659 1335 1746 1373 me
1780 1338 1793 1374 :

2431 1315 2482 1367 6.
2526 1312 2919 1384 Ἐθερμάνθηή
2953 1312 3144 1382 καρδία
3181 1328 3281 1381 μου
3323 1311 3472 1373 ἐντός
3512 1327 3649 1380 μου·

759 1399 811 1453 7.
844 1401 908 1454 Et
939 1402 990 1456 in
1028 1405 1378 1463 meditatione
1415 1423 1532 1462 mea
1566 1411 1884 1467 exardescet
1914 1412 2074 1482 ignis.

2432 1408 2482 1460 7.
2519 1407 2629 1460 Kal
2660 1409 2716 1458 ὲν
2741 1409 2806 1476 τῇ
2835 1405 3029 1476 μελέτῃ
3063 1422 3161 1474 μου
3192 1402 3588 1473 ἐκκαυθήσεται
3616 1400 3747 1470 πῦρ.

750 1492 804 1546 8.
839 1492 1078 1550 Locutus
1119 1515 1239 1552 sum
1287 1500 1338 1553 in
1387 1501 1570 1570 lingua
1609 1520 1728 1559 mea
1761 1523 1772 1558 :
1811 1515 1999 1560 notum
2051 1507 2134 1563 fac
2159 1509 2259 1562 mi-

2430 1501 2484 1555 8.
2531 1499 2800 1569 Ἐλάλησα
2840 1503 2894 1551 ὲν
2930 1497 3149 1571 γλώσσῃ
3189 1515 3310 1550 μου·
3351 1495 3612 1567 γνὼρισὸν
3657 1512 3769 1565 μοι,
3820 1496 3925 1548 Κι-

689 1580 763 1648 hi,
801 1581 1047 1651 Domine,
1083 1587 1242 1642 linem
1277 1605 1478 1657 meum,

1306 1605 1478 1657 neum,
2364 1611 2465 1664 ριε,
2497 1595 2557 1645 τὸ
2585 1593 2757 1661 πέρας
2790 1609 2912 1663 μου.

766 1681 820 1734 9.
858 1681 922 1736 Ει
958 1701 1248 1740 numerum
1282 1688 1492 1742 dierum
1519 1702 1788 1755 meorum,
1823 1687 1947 1758 quis
1974 1687 2103 1742 est?

2432 1687 2484 1739 9.
2522 1685 2631 1738 Kal
2666 1684 2754 1736 τὸν
2776 1683 3007 1754 ἀριθμὸν
3031 1681 3140 1737 τῶν
3171 1681 3392 1754 ἡμερῶν
3420 1699 3541 1752 μου,
3577 1683 3663 1744 τξς
3694 1682 3841 1733 ἐστιν
3871 1696 3883 1742 ;

760 1771 847 1826 10.
883 1773 951 1828 Ut
978 1777 1145 1832 sciam
1170 1779 1298 1847 quid
1337 1779 1475 1834 desit
1503 1780 1656 1833 mihi.
2293 1846 2304 1847 ,

2293 1846 2304 1847 γ
2434 1777 2519 1832 10.
2553 1779 2666 1830 Ἵνα
2694 1776 2806 1846 γνῶ
2829 1777 2880 1828 τί
2909 1775 3118 1847 ὑστερῶ
3151 1774 3279 1842 ἐγώ.

755 1866 842 1920 11.
873 1867 1008 1923 Ecce
1037 1846 1428 1926 mensurabiles
1457 1871 1684 1942 posuisti
1714 1871 1828 1927 dies
1855 1887 2005 1926 meos
2032 1892 2043 1927 :
2290 1846 2332 1901 Β

2290 1846 2332 1901 Β
2443 1870 2532 1923 ιι.
2569 1869 2697 1921 Ἰδοὺ
2727 1869 3025 1931 παλαιστὰς
3045 1846 3174 1921 tom.
3204 1867 3303 1929 τὰς
3325 1867 3531 1937 ἡμέρας
3569 1884 3691 1936 μου,

759 1959 843 2010 12.
877 1960 939 2013 Et
966 1962 1265 2017 substantia
1295 1980 1435 2029 mea,
1464 1973 1721 2034 tanquam
1759 1963 1987 2016 nihilum
2019 1973 2142 2016 ante
2167 1972 2252 2018 te:

2439 1961 2506 2016 12
2556 1961 2660 2015 Kal
2684 1964 2716 2031 ἡ
2745 1962 3037 2024 ὑπόστασίς
3070 1979 3169 2032 μου
3196 1962 3325 2013 ὡσεὶ
3352 1960 3502 2013 οὐδὲν
3541 1959 3772 2011 ἐνώπιόν
3803 1971 3922 2011 σου·

762 2050 846 2105 15.
891 2048 1273 2109 Verumtamen
1307 2056 1560 2111 universa
1596 2056 1830 2120 vanitas,
1882 2056 2061 2111 omnis
2096 2056 2257 2112 homo

2436 2055 2521 2108 15.
2564 2053 2708 2124 Πλὴν
2741 2053 2807 2106 τὰ
2833 2053 3117 2124 σύμπαντα
3148 2052 3465 2123 ματαιότης,
3498 2053 3606 2114 πᾶς
3650 2051 3924 2123 ἄνθρωπος

690 2140 900 2200 vivens.
2367 2148 2493 2214 ζῶν.

1311 2239 1638 2308 Diapsalma.

2922 2243 3233 2310 Διάψαλμα
3293 2257 3367 2309 0,.

763 2327 850 2381 14.
888 2327 1272 2386 Verumtamen
1307 2333 1359 2386 in
1394 2332 1628 2401 imagine
1664 2329 1955 2398 pertransit
1979 2334 2140 2384 homo
2173 2347 2184 2382 :

2438 2328 2525 2381 M.
2566 2329 2826 2399 Μέντοιγε
2859 2331 2915 2383 ἐν
2943 2331 3109 2383 εἰκόνι
3131 2331 3510 2403 διαπορεύεται
3545 2330 3855 2402 ἄνθρωπος·

761 2420 1091 2492 15.,Τ;ιιιιειι
1124 2423 1328 2479 {rustra
1365 2424 1718 2479 conturbatur
1746 2440 1759 2476 :

1675 2439 1718 2476 Ir
1746 2440 1759 2476 :
2439 2421 2524 2474 15.
2569 2423 2713 2494 Πλὴν
2740 2425 2912 2494 μάτην
2937 2425 3281 2494 ταράσσεται.

761 2552 842 2626 (a)
881 2555 1000 2613 Vat.
1034 2561 1154 2615 cod.
1189 2558 1304 2618 Pal.

1811 2742 2184 2798 ATllANASll
2227 2741 2813 2800 lNTERPllETATlO.

773 2898 838 2952 'H
872 2901 1201 2971 προκειμένη
1237 2902 1514 2973 ἐπιγραφὴ
1547 2902 1791 2972 περιέχει
1815 2903 1890 2969 (1)
1912 2919 1925 2932 ⁸
1954 2905 2052 2966 Εἰς
2089 2900 2153 2954 τὸ
2179 2901 2350 2966 τέλος
2373 2900 2451 2967 τῷ
2491 2900 2738 2969 Ἰδιθοὺμ
2762 2902 2859 2972 (2),
2887 2902 3008 2970 ᾠδὴ
3041 2877 3332 2968 τῷΔίιϐίδ.
3369 2900 3538 2954 Τοῦτο
3568 2897 3660 2955 οὖν
3695 2901 3867 2970 λέγει·
3894 2906 3920 2970 ἡ

694 2993 800 3063 ᾠδὴ
831 2993 907 3063 τῷ
932 2995 1092 3046 Δαὸὶδ
1119 2996 1255 3066 αὕτη
1283 2996 1474 3066 ἐλέχθη
1511 2998 1590 3059 εἰς
1620 2997 1715 3067 τὴν
1739 2996 2044 3050 συντέλειαν
2073 2996 2181 3050 τῶν
2213 2997 2422 3051 αἰώνων
2451 2997 2528 3068 τῷ
2559 2999 2637 3052 ἐν).
2673 2999 2949 3070 κριτῇ,τῷ
2979 3000 3273 3069 ἐρχομένῳ.
3309 2997 3476 3050 Τοῦτο
3503 2997 3612 3069 γὰρ
3641 3001 3923 3069 ἑρμηνεύε-

694 3102 781 3137 ται
805 3085 865 3136 τὸ
909 3086 1158 3157 Ἰδιθοὺμ,
1190 3088 1534 3155 ἑνὸςκριτοῦ
1548 3090 1888 3157 ἐρχομένου.

768 3175 982 3232 Titulus
1011 3180 1335 3248 praepositus
1363 3181 1606 3235 continet
1637 3199 1649 3235 :
1686 3182 1749 3233 In
1787 3182 1943 3249 finem
1969 3178 2209 3232 Idithum
2242 3178 2509 3231 canticum
2555 3175 2749 3230 David.
2789 3177 2903 3232 lloc
2943 3187 3123 3231 autem
3170 3179 3459 3247 signiﬁcat,
3485 3182 3630 3248 quod
3667 3182 3924 3234 canticum

699 3268 842 3322 istud
863 3269 1066 3324 dictum
1096 3279 1178 3324 est
1206 3286 1235 3324 a
1268 3270 1467 3324 Davide
1491 3271 1582 3324 uni
1604 3271 1774 3340 judici
1811 3271 2136 3325 advenienti.
2167 3269 2244 3324 lla
2270 3272 2413 3326 enim
2451 3272 2834 3338 interpretatur
2863 3269 3092 3324 Idithum
3123 3287 3135 3322 :
3170 3286 3306 3321 unus
3323 3269 3492 3335 jndex
3521 3272 3820 3324 adveniens.

768 3364 818 3416 1.
852 3362 1152 3418 Deliberavi
1185 3365 1328 3419 haud
1358 3366 1594 3435 amplius
1630 3371 1930 3435 producere
1956 3382 2266 3431 sermones,
2296 3372 2338 3428 C

2322 3372 2338 3428 ζ
2445 3367 2497 3422 1.
2534 3365 2973 3434 Ἐϐουλευσάμην
3012 3364 3085 3435 μὴ
3125 3364 3285 3416 πάλιν
3314 3364 3388 3434 (5)
3423 3366 3548 3427 τοὺς
3585 3364 3774 3433 λόγους
3818 3369 3928 3428 τοὺς

698 3457 788 3525 qui
823 3455 954 3507 mihi
979 3456 1047 3508 ab
1072 3456 1293 3509 inimico
1315 3469 1698 3526 suggeruntur.

2375 3459 2524 3528 παρὰ
2561 3457 2651 3512 τοῦ
2683 3455 2878 3528 ἐχθροῦ
2912 3475 3001 3526 μοι
3037 3455 3521 3525 ὑποῦαλλομένους.

765 3547 818 3600 2.
845 3546 1111 3617 Proposui
1137 3548 1347 3602 nullum
1376 3550 1599 3603 verbum
1617 3550 1852 3605 otiosum
1880 3549 2178 3620 producere
2202 3563 2268 3602 ex

2437 3551 2491 3604 2.
2535 3550 2764 3621 Ἐθέμην
2784 3549 2877 3602 τοῦ
2902 3549 3101 3621 μηδένα
3126 3547 3280 3616 λόγον
3303 3547 3468 3618 ἀργὸν
3498 3548 3760 3618 προάγειν
3789 3549 3856 3619 (4)
3879 3551 3933 3602 ὲκ

703 3655 795 3693 ore
822 3656 961 3695 meo.

2371 3643 2465 3696 τοῦ
2503 3643 2767 3712 στόματός
2799 3660 2923 3712 μου.

772 3734 824 3787 5.
856 3733 1142 3788 Diabolum
1182 3734 1467 3804 signiﬁcat.

2442 3736 2494 3789 5.
2529 3735 2632 3786 Τὸν
2666 3732 2912 3786 διάϐολον
2932 3732 3097 3801 λέγει.

769 3826 823 3878 4.
859 3825 1144 3880 Abducens
1179 3826 1442 3895 meipsum
1475 3841 1505 3879 a
1536 3824 1694 3880 bonis
1740 3824 1946 3890 mundi,
1982 3832 2036 3878 et
2078 3823 2269 3879 solita—

2443 3826 2495 3880 4.
2533 3827 2705 3895 Ἀρας
2745 3825 2934 3878 ἑαυτὸν
2965 3828 3028 3878 ἐκ
3067 3823 3176 3877 τῶν
3204 3822 3422 3892 ἀγαθῶν
3451 3822 3546 3877 τοῦ
3595 3823 3825 3894 κόσμου,
3856 3825 3939 3876 καὶ

701 3917 816 3972 rius
835 3917 1029 3972 sedens
1060 3919 1328 3988 meipsum
1360 3919 1414 3972 in
1441 3918 1657 3973 silentio
1686 3917 2061 3971 humiliabam.

2376 3917 2664 3982 καθεσθεὶς
2691 3917 2832 3971 κατὰ
2863 3918 3051 3988 μόνας,
3084 3917 3400 3970 ὲταπεῖνουν
3423 3917 3613 3969 ἑαυτὸν
3641 3917 3936 3988 ἡσυχάζων.

772 4010 827 4064 5.
859 4009 925 4064 Ει
957 4011 1276 4066 recordatus
1301 4026 1422 4064 sum
1448 4011 1654 4080 peccati
1691 4008 1817 4064 mei.

2449 4011 2500 4064 5.
2535 4010 2638 4062 Kal
2667 4008 3094 4078 ὑπεμνησκόμην
3137 4007 3236 4078 τῆς
3273 4007 3544 4078 ἁμαρτίας
3581 4025 3707 4077 μου.

775 4101 829 4155 6.
870 4103 1139 4172 Ingemuit
1169 4117 1264 4157 cor
1292 4118 1474 4157 meum
1510 4103 1654 4157 intra
1675 4117 1781 4157 me.

2445 4106 2496 4160 ϐ.
2532 4104 2750 4156 Ἐτενεν
2783 4103 2855 4172 (5)
2886 4104 2918 4171 ἡ
2960 4101 3155 4172 καρδία
3189 4119 3290 4171 μου
3327 4101 3474 4163 ἐντός
3508 4117 3630 4170 μου.

776 4192 826 4247 7.
858 4192 922 4248 Et
953 4210 1063 4265 pra:
1095 4195 1281 4250 dolore
1301 4194 1502 4250 exarsi.

2447 4198 2501 4250 7.
2539 4194 2644 4249 Kal
2675 4193 2983 4268 ἔφλεγόμην
3006 4192 3115 4246 ἀπὸ
3141 4192 3241 4261 τῆς
3261 4190 3452 4260 ὀδύνης
3480 4189 3578 4262 (6).

775 4286 826 4340 8.
865 4285 929 4340 Et
957 4288 1108 4342 oravi
1131 4289 1318 4343 dicens
1355 4307 1366 4341 :
1401 4288 1474 4342 Da
1516 4289 1672 4355 mihi,
1711 4287 1957 4352 Domine,
1988 4296 2047 4341 ut
2085 4286 2274 4350 sciam,

2452 4289 2504 4342 8.
2537 4287 2640 4340 Kal
2666 4286 3054 4357 προσηυχὸμην
3081 4283 3253 4351 λέγων
3274 4299 3290 4313 ·
3325 4283 3422 4345 Δός
3455 4299 3566 4352 μοι,
3595 4280 3787 4352 Κύριε,
3818 4283 3939 4335 εἰδέ-

706 4380 924 4451 quando
953 4395 1038 4435 me
1068 4389 1281 4450 oportet
1305 4392 1481 4434 astare
1512 4391 1606 4435 tuo
1643 4380 1919 4434 tribunali.

2380 4401 2488 4446 ναι,
2517 4382 2598 4434 ὅτι
2621 4378 2964 4451 παραστῆναι
2993 4395 3060 4448 με
3088 4377 3167 4429 δεῖ
3189 4375 3265 4446 τῷ
3291 4374 3491 4445 βήματί
3513 4391 3630 4428 σου.

777 4472 829 4526 9.
860 4470 926 4524 Et
947 4473 1090 4541 quod
1117 4473 1231 4526 dies
1259 4473 1362 4527 mei
1392 4473 1548 4543 pauci
1575 4483 1720 4528 sunt.

2446 4477 2498 4530 9.
2528 4474 2633 4527 Kal
2664 4475 2746 4526 ὅτι
2774 4473 2828 4525 αἱ
2853 4474 3055 4542 ἡμέραι
3089 4487 3188 4540 μου
3223 4467 3399 4535 ὀλίγαι
3420 4467 3573 4521 εἰσιν.

779 4563 865 4617 10.
904 4561 974 4618 Ut
998 4565 1212 4620 tandem
1236 4581 1583 4637 cognoscam,
1615 4566 1746 4637 quid
1771 4567 1835 4620 de
1859 4565 2142 4636 praeceptis
2173 4572 2280 4617 tuis

2456 4568 2542 4621 10.
2573 4567 2689 4618 ’Ὶνα
2731 4562 2843 4633 γνῶ
2886 4562 3071 4614 λοιπὸν
3116 4561 3170 4613 τί
3214 4558 3519 4630 παρέλειψα
3575 4558 3686 4611 τῶν
3727 4557 3939 4612 ἐντολῶν

708 4658 1050 4727 praetermisi.
2313 4722 2343 4727 _
2386 4678 2499 4713 σου.

782 4749 866 4802 11.
899 4747 1235 4803 Miserabiles
1262 4746 1550 4817 signiﬁcat,
1577 4755 1629 4800 et
1649 4746 1958 4801 demetitos.
2312 4722 2355 4776 D

1927 4763 1958 4801 ἰ,
2312 4722 2355 4776 Ι)
2456 4749 2544 4802 Η,
2575 4747 2811 4818 Οῐκτρὰς
2838 4744 3010 4813 λέγει,
3040 4743 3136 4797 καὶ
3162 4741 3434 4815 μετρητάς
3460 4740 3533 4811 (7)

783 4839 868 4892 12.
903 4838 1085 4893 Pulvis
1120 4856 1263 4906 sum,
1299 4840 1492 4909 inquit.

1472 4880 1492 4893 η·
2450 4841 2536 4895 12.
2575 4840 2879 4909 Χοῦςοείμι,
2913 4837 3078 4905 λέγει.

784 4934 869 4986 15.
901 4931 1284 4988 Verumtamen
1330 4949 1492 5002 opera
1546 4935 1864 5000 hominum,
1901 4949 2023 5005 qua:
2063 4935 2114 4989 in
2172 4951 2276 4991 noc

2453 4934 2538 4987 15.
2574 4932 2719 5004 Πλὴν
2742 4931 2809 4985 τὰ
2842 4931 2977 5000 ἔργα
3004 4928 3109 4982 τῶν
3138 4925 3436 5000 ἀνθρώπων
3474 4925 3538 4979 τὰ
3576 4928 3633 4979 ἐν
3669 4926 3747 4997 τῷ
3771 4926 3933 4994 κόσμῳ

713 5025 935 5090 mundo,
973 5034 1101 5080 sunt
1132 5025 1362 5079 vanitas.

1266 5033 1362 5079 las.
2385 5027 2681 5098 ’ματαιότης
2708 5024 2872 5080 ἐστίν.

786 5117 871 5170 14.
910 5115 1085 5171 Veluti
1115 5118 1299 5171 umbra
1338 5120 1658 5174 transcurrit
1686 5121 1866 5174 homo.

2457 5120 2542 5174 14.
2573 5118 2716 5170 Ὡσε).
2745 5117 2817 5189 (8)
2847 5117 2974 5170 σκιὰ
3001 5117 3271 5188 διατρέχει
3303 5118 3330 5169 ὁ
3357 5115 3643 5187 ἄνθρωπος

787 5208 872 5263 15.
908 5207 972 5263 Et
1003 5209 1108 5276 hic,
1145 5220 1196 5264 et
1226 5210 1334 5264 illic
1358 5211 1733 5281 intempestive
1767 5212 2131 5280 perturbatur.

2032 5222 2131 5267 Lur.
2457 5213 2543 5267 15.
2587 5211 2694 5263 Kal
2723 5210 2966 5280 ἀκαίρως
2991 5202 3091 5262 ὧδε
3126 5211 3284 5262 κάκεῖ
3311 5208 3638 5278 θορυϐεῖται.

1670 5374 1968 5435 Addenda
2000 5380 2058 5433 et
2091 5372 2466 5451 corrigenda
2520 5390 2596 5434 ex
2627 5373 2767 5434 cod.
2800 5369 2997 5432 Vatic.

791 5497 866 5568 (li
903 5497 966 5568 'll
984 5495 1072 5568 διὰ
1101 5495 1197 5564 τῆς
1227 5497 1593 5566 κινναϐάρεως
1628 5515 1751 5568 περ.
2464 5495 2540 5565 (5)
2580 5495 2850 5568 ξΈ-στενεν.

792 5566 868 5633 (2)
911 5559 1376 5638 ἰδιθοῦμὶζμαλμὺς
1401 5559 1542 5638 ᾠδῆς
1567 5569 1642 5638 τῷ
1677 5559 1869 5623 Ᾰαϐίδ·
1907 5568 2039 5639 αὕτη
2064 5567 2276 5644 ἐλέχθη.
2574 5565 2796 5644 ξοδύνης
2823 5563 3092 5644 τῆςιὲνιτῇ
3124 5559 3266 5644 ψνχῇ
3298 5577 3418 5644 μου.

721 5631 857 5706 ειη-,⁷
1103 5631 1190 5637 ’-
1615 5631 1626 5638 ’
2031 5631 2255 5644 ’“’

2031 5631 2039 5639 ⁷
2155 5631 2187 5644 ⁷“
2246 5631 2255 5638 ’
2465 5636 2542 5706 (7)
2573 5636 2674 5687 Kal
2701 5631 2972 5704 μετρητάς
2996 5634 3143 5688 deest
3168 5633 3220 5685 in
3253 5631 3370 5685 cod‘.

794 5705 866 5783 (5)
1016 5707 1190 5759 λαλεῖν
1227 5749 1236 5759 .
1282 5751 1290 5760 .
1332 5752 1343 5763 .
1380 5711 1571 5783 ἐχοροδ
1608 5728 1728 5780 μου.
2463 5709 2536 5776 (⁸)
2581 5706 2801 5771 Καῖὼς·

793 5779 865 5844 (4)
901 5780 1236 5848 ΙΙροαγαγεὶν
