4084 6322
166 381 268 435 801
968 373 1057 427 DE
1092 370 1366 428 TITULIS
1403 365 1853 425 PSALMORUM.
1891 393 1956 404 —
1992 364 2187 419 PSAL.
2220 363 2501 418 XXXVIII.
3292 363 3396 416 802

240 496 326 550 I6.
367 491 711 563 Θησαυρὶζει,
737 491 830 544 καὶ
850 490 911 543 οὺ
933 487 1186 558 γινώσκει
1213 487 1318 541 τίνι
1342 483 1556 551 συνάξει
1573 483 1728 540 αὐτά.
1761 491 1810 548 Α

1761 491 1810 548 Α
1907 481 1992 536 16.
2025 480 2400 560 Thesaurizat,
2430 487 2482 535 et
2513 479 2727 550 ignorat
2760 480 2846 534 cui
2881 479 3229 550 congregabit
3258 496 3342 534 ea.

239 590 327 644 I7.
369 588 476 641 Kal.
495 585 590 642 νῦν
618 585 698 648 τίς
726 587 759 655 ὴ
788 583 1028 655 ὑπομονή
1063 599 1201 647 uou;
1229 580 1351 652 οὐχ).
1375 583 1404 635 ὁ
1433 580 1664 651 Κύριοςς

1910 575 1994 629 I7.
2026 575 2092 630 Et
2135 591 2284 632 nunc
2328 590 2448 646 quae
2492 575 2826 645 exspectatio
2875 575 3027 629 mea?
3075 590 3252 630 nonne
3292 573 3399 630 Do-

1837 666 2055 720 minus?
2563 680 2569 687 '

238 759 326 811 I8.
368 757 529 828 KaH)
557 771 850 818 υποστασις
879 772 978 824 μου
1005 753 1156 825 παρὰ
1182 751 1274 806 σοῦ
1305 753 1473 806 ἐστιν.

1232 751 1274 805 μῦ
1305 753 1473 806 ἐστιν.
1906 757 1992 811 18.
2026 755 2092 808 Ει
2123 755 2424 810 substantia
2458 770 2575 809 mea
2606 770 2635 809 a
2664 763 2714 810 te
2743 762 2845 810 est.

237 852 324 904 I9.
355 849 486 902 ’Arfb
521 847 709 901 πασῶν
731 846 837 900 τῶν
860 846 1095 916 ἀνομιῶν
1126 861 1223 914 μου
1257 842 1417 915 ῥῦσαί
1449 861 1543 914 με·

1910 848 1996 901 19.
2028 848 2109 901 Ab
2139 848 2388 901 omnibus
2418 846 2794 917 iniquitatibus
2822 847 2956 901 meis
2986 863 3117 904 erue
3148 863 3232 904 me
3260 863 3275 902 :

235 942 327 995 20.
353 941 588 1003 Ὅνειδος
614 940 809 1010 ἄφρονι
843 938 1050 1001 ἔδωκάς
1083 955 1171 1007 με.

1906 937 1995 991 20.
2030 937 2391 1007 Opprobrium
2430 938 2704 1007 insipienti
2731 939 2926 993 dedisti
2951 954 3054 994 me.

234 1034 297 1086 21
312 1075 324 1087 .
355 1016 702 1101 Ἐκωφὼθην,
721 1031 814 1084 καὶ
828 1031 927 1083 οὐκ
944 1029 1127 1100 ἧνοιξα
1141 1031 1202 1082 τὸ
1220 1030 1391 1099 στόμα
1405 1045 1533 1099 μου,
1551 1027 1638 1081 ὅτι
1662 1027 1734 1100 (rt)

1905 1028 1993 1082 21.
2030 1026 2309 1096 Obmutui,
2339 1037 2393 1082 et
2422 1044 2529 1082 non
2568 1030 2753 1099 aperui
2787 1045 2880 1086 eos
2914 1030 3112 1097 meum,
3139 1032 3395 1101 quoniam

167 1124 232 1176 σὺ
263 1124 546 1194 ἐποίησας.

501 1141 546 1186 ς.
1835 1129 1890 1176 ιιι
1919 1120 2113 1176 fecisti.

234 1215 327 1269 22.
362 1216 688 1284 Ἀπόστησον
718 1214 812 1268 ἀπ’
845 1213 977 1284 ἐμοῦ
1002 1212 1100 1276 τὰς
1139 1214 1406 1283 μάστιγάς
1434 1233 1556 1268 σου·

1188 1214 1406 1283 tame;
1434 1233 1556 1268 σου·
1903 1211 1992 1268 22.
2024 1213 2227 1267 Amove
2252 1228 2279 1266 a
2310 1228 2396 1268 me
2425 1213 2609 1284 plagas
2638 1225 2759 1271 tuas
2788 1229 2801 1267 :

234 1310 326 1364 25.
358 1309 489 1361 Ἀπὸ
519 1309 624 1380 γὰρ
664 1309 764 1379 τῆς
809 1307 987 1377 ἰσχύος
1026 1307 1124 1376 τῆς
1170 1308 1349 1380 χειρός
1389 1326 1479 1362 σου
1512 1307 1620 1377 ἐγὼ
1652 1309 1736 1374 ἐξ-

1696 1309 1736 1374 ξ-
1900 1304 1990 1358 25.
2021 1304 2067 1357 Α
2101 1304 2416 1360 fortitudine
2450 1307 2593 1360 enim
2629 1322 2823 1361 manus
2854 1316 2957 1362 tuae
2988 1323 3088 1380 ego
3116 1309 3309 1365 defeci.

162 1404 372 1456 ἐλιπον.
1503 1404 1506 1408 ‘

233 1495 326 1548 2-4.
362 1495 449 1548 Ἐν
478 1495 726 1564 ἐλεγμοῖς
757 1493 895 1564 ὑπὲρ
922 1491 1145 1563 ἀνομίας
1176 1492 1497 1556 ἐπαίδευσας
1525 1493 1736 1565 ἄνθρω-

1902 1485 1990 1538 24.
2026 1485 2081 1538 ln
2115 1485 2578 1556 increpationibus
2605 1497 2826 1559 propter
2854 1488 3190 1560 iniquitatem
3222 1493 3397 1545 corri-

163 1598 269 1639 πον
294 1603 306 1616 ⁸

1833 1575 1996 1643 puisti
2033 1575 2309 1631 hominem
2338 1597 2349 1632 :

233 1679 327 1733 25.
365 1681 474 1732 Καὶ
499 1677 754 1749 ἐξέτηξας
778 1679 854 1743 ὡς
886 1679 1124 1752 ἀράχνην
1151 1678 1247 1749 τὴν
1273 1678 1449 1749 ψυχήν
1480 1697 1583 1749 μου
1618 1678 1735 1750 [αὑ-

1903 1667 1994 1720 25.
2029 1667 2096 1721 Et
2143 1669 2416 1724 tabescere
2467 1669 2642 1726 fecisti
2686 1671 2827 1727 sicut
2859 1687 3114 1729 araneam
3159 1677 3394 1732 animam

161 1772 258 1825 τοῦ
290 1773 405 1826 cod.
429 1772 639 1844 Barb.].
1834 1757 1975 1826 ejus.

230 1862 324 1917 26.
362 1863 506 1933 Πλὴν
538 1866 711 1936 μάτην
743 1866 850 1928 πᾶς
870 1863 1071 1936 [μάτην
1099 1864 1428 1936 ταράσσεται
1452 1865 1576 1925 πᾶς,
1601 1861 1732 1934 etc.)
1768 1845 1810 1904 Β

1784 1846 1810 1904 3
1907 1849 1997 1903 26.
2029 1847 2415 1905 Verumtamen
2464 1867 2603 1908 vane
2644 1855 2823 1909 omnis
2849 1855 3009 1926 [vane
3051 1862 3397 1928 perturbatur

163 1951 477 2020 ἂνθοωπος,
1836 1941 2033 2004 omnis,
2065 1937 2198 2011 εις.)
2235 1940 2415 1994 homo.

728 2052 1045 2120 Διάψαλμα
1907 2118 1929 2122 _
1941 2118 1972 2122 _
2033 2118 2072 2122 _
2206 2121 2209 2122 ν

1170 2093 1174 2107 Ι
2414 2037 2426 2066 ’-
2452 2030 2783 2098 Diapsalma.

231 2145 326 2199 27.
359 2145 685 2199 Εἰσάκουσον
711 2146 807 2216 τῆς
837 2118 1142 2215 προσευχῆς
1170 2159 1292 2213 μου,
1318 2144 1509 2213 Κυριε,
1528 2143 1737 2216 καὶτῆς

1903 2118 1993 2172 27.
2033 2118 2240 2176 Exaudi
2287 2121 2586 2177 orationem
2625 2140 2821 2190 meam,
2865 2123 3112 2194 Domine,
3140 2128 3398 2200 depreca-

159 2220 404 2308 δεήσεώξ·
433 2254 534 2307 μου
568 2236 695 2309 [μου
727 2211 1073 2307 aiming."
1102 2211 1110 2213 ί
1174 2211 1183 2213 ἡ
1410 2211 1421 2213 _
1454 2305 1460 2309 _
1693 2211 1703 2216 ν

1693 2211 1703 2216 ’
1834 2211 2037 2267 tionem
2066 2229 2240 2268 meam
2275 2213 2472 2286 [meam
2509 2217 2732 2273 auribus
2769 2219 3005 2293 percipe]
3043 2237 3054 2273 :

230 2329 325 2384 28.
359 2329 429 2400 (c)
462 2330 741 2384 Ἐνώτισαι
773 2329 882 2382 τῶν
911 2327 1159 2398 δακρύων
1196 2347 1318 2398 μου.

1453 2305 1460 2311 ’
1903 2304 1991 2360 28.
2030 2305 2268 2361 Auribus
2293 2308 2508 2378 percipe
2536 2309 2803 2380 lacrymas
2834 2327 3003 2366 meas.

231 2421 323 2477 29.
477 2423 926 2494 παρασιωπήσῃς,
957 2395 1037 2474 ὅτι
1064 2395 1323 2494 πάροικος
1349 2422 1460 2492 ἐγώ
1488 2424 1602 2494 εἰμι
1631 2439 1734 2477 πα-

1906 2396 1995 2450 29.
2022 2395 2099 2452 Ne
2133 2399 2318 2463 sileas,
2350 2401 2608 2469 quoniam
2634 2401 2842 2457 advena
2867 2417 2967 2474 ego
2993 2419 3114 2458 sum
3147 2405 3288 2475 apud
3316 2413 3396 2473 te;

163 2514 234 2584 ρὰ
271 2515 354 2568 σοί
373 2531 388 2546 ·

231 2605 323 2659 50.
344 2605 452 2659 Καὶ
469 2607 739 2679 παρεπίδη
748 2604 1060 2678 μος,καθὼς
1072 2605 1270 2670 πάντες
1284 2608 1331 2660 ol
1357 2607 1589 2677 πατέρες
1609 2623 1730 2677 μου.

1609 2623 1730 2677 μου.
1911 2598 2000 2655 50.
2029 2597 2096 2653 Ει
2127 2599 2465 2670 peregrinus,
2493 2601 2635 2656 sicut
2666 2615 2855 2657 omnes
2881 2611 3062 2673 patres
3093 2604 3219 2661 mei.

233 2749 313 2831 (ᾳ)
333 2751 475 2831 "Qu,
507 2759 636 2831 etcf,
664 2751 879 2831 desunt.
1844 2817 1846 2822 ,

1844 2745 2198 2831 ..(εὶηῖοηεεν
2245 2745 2368 2831 im".
2407 2745 2654 2831 δςικρύωγ
2690 2761 2789 2831 μευ
2825 2745 2898 2831 ea
2933 2746 3391 2831 εεαεξσιελπῇσης-

229 2814 312 2892 (ο)
357 2814 476 2878 Vat.
509 2824 629 2879 cod.
668 2821 786 2879 Pal.

1844 2814 1920 2874 νζ
1943 2814 2162 2882 29,”Οτι
2189 2817 2321 2888 πάρ.
2353 2817 2462 2884 ἐγώ
2492 2814 2605 2885 ειμι
2629 2819 2685 2869 ἐν
2708 2819 2774 2885 τῇ
2803 2814 2896 2886 γῇ.
2933 2814 2996 2869 ν.
3018 2814 3107 2884 50,
3139 2814 3267 2877 Kai,
3291 2814 3395 2870 etc.

1287 2977 1667 3033 ATHANASII
1701 2976 2292 3034 INTERPRETATIO.

233 3117 321 3171 I6.
364 3111 691 3186 Θησαυρίζει
737 3113 863 3188 γὰρ,
902 3115 994 3169 καὶ
1044 3115 1103 3167 οὐ
1148 3111 1403 3184 γινώσκει
1442 3119 1524 3182 τίς
1551 3119 1731 3172 αὐτῶν
1758 3123 1801 3182 C

1783 3123 1801 3181 ζ
1907 3116 1992 3170 16.
2038 3115 2393 3169 Thesaurizat
2445 3115 2611 3179 enim,
2658 3122 2712 3168 et
2751 3114 2982 3183 ignorat,
3029 3115 3154 3184 quis
3210 3131 3396 3174 eorum

161 3208 410 3281 κυριεύει
440 3208 537 3277 (1).

1840 3209 2094 3264 dominus
2131 3207 2251 3262 erit.

271 3302 326 3356 7.
358 3302 466 3354 Kal.
492 3299 587 3353 νῦν
637 3301 698 3353 τὸ
727 3301 1017 3372 ὑπομένειν
1066 3319 1132 3374 με
1162 3301 1222 3354 τὸ
1252 3301 1453 3370 ἀγαθὸν
1481 3303 1556 3360 (2)
1589 3304 1737 3377 παρὰ

1913 3298 2001 3354 I7.
2027 3297 2091 3353 Et
2133 3313 2278 3353 nunc
2307 3305 2554 3367 superest
2581 3297 2734 3363 milii,
2771 3307 2830 3352 ut
2869 3297 3072 3353 bonum
3102 3314 3132 3354 a
3170 3299 3399 3358 Dom.uo

162 3395 257 3449 τοῦ
283 3395 492 3464 Κυρίου
523 3393 652 3464 ἐχω.

552 3411 652 3464 χω.
1839 3402 2165 3461 exspectem.

235 3490 328 3544 I8.
368 3489 478 3542 Kal.
505 3490 539 3559 ἡ
572 3488 877 3542 comoedica
913 3505 982 3559 με
1015 3487 1172 3559 χάρις
1202 3485 1351 3558 παρὰ
1380 3485 1474 3540 σοῦ
1509 3489 1674 3542 ἐστιν.

1575 3506 1674 3542 τιν.
1913 3482 1998 3537 18.
2034 3481 2099 3535 Ει
2128 3481 2321 3551 gratia,
2357 3497 2478 3550 qua:
2506 3496 2592 3536 me
2618 3490 2905 3553 sustentat,
2940 3498 2970 3537 a
2999 3491 3051 3538 te
3089 3495 3188 3540 est.

234 3581 325 3635 19.
367 3577 674 3650 mortva
711 3595 798 3648 με,
828 3579 996 3647 λέγει,
1023 3579 1129 3631 τῶν
1165 3578 1399 3648 ἀνομιῶν
1429 3598 1551 3649 μου.

1913 3572 1998 3627 19.
2036 3570 2231 3624 Munda
2260 3586 2363 3635 me,
2395 3571 2587 3639 inquit,
2624 3571 2690 3623 ab
2719 3570 3096 3639 iniquitatibus
3126 3576 3279 3632 meis.

231 3671 323 3726 20.
368 3671 766 3740 Καταγελῶντά
812 3671 887 3743 (5)
928 3689 996 3743 με
1038 3673 1150 3742 ἔχει
1182 3674 1211 3725 ὁ
1256 3671 1496 3738 διάϐολος
1528 3674 1614 3727 διὰ
1640 3674 1740 3740 τὰς

1911 3663 2001 3718 20.
2034 3661 2244 3716 Derisui
2289 3676 2375 3715 me
2421 3661 2582 3716 habet
2623 3661 2871 3718 diabolus
2919 3674 3138 3734 propter
3178 3677 3399 3737 peccata

163 3764 442 3837 ἁμαρτίας
471 3781 589 3835 μου.
1840 3771 1981 3810 mea.

233 3857 324 3912 21.
357 3857 469 3910 Οὺκ
490 3856 569 3909 ἔτι
598 3855 856 3910 ὑπακούω
879 3859 942 3927 τῇ
968 3858 1235 3928 ἁμαρτίᾳ,
1268 3859 1350 3911 ὅτι
1383 3860 1739 3930 σὺέποίησας

1910 3846 1998 3900 21.
2028 3844 2146 3901 Νοη
2191 3846 2424 3916 amplius
2466 3846 2716 3903 ausculto
2761 3858 3015 3917 peccato,
3045 3851 3299 3920 quoniam
3341 3861 3397 3908 tu

162 3950 324 4005 τοῦτό
352 3968 420 4022 με
453 3950 696 4020 ποιῆσαι.

1839 3934 2012 3990 fecisti
2043 3942 2102 3990 ut
2134 3951 2232 4005 ego
2259 3935 2313 3988 id
2339 3935 2589 3992 facerem.

232 4043 326 4098 22.
355 4040 622 4112 Ἰλάσθητί
651 4058 760 4110 μοι,
787 4041 956 4110 λέγει.

1910 4029 1998 4082 22.
2034 4028 2287 4084 Miserere
2319 4029 2440 4094 mei,
2470 4029 2616 4084 dicit.

230 4135 326 4189 25.
348 4132 482 4187 Ἀπὸ
527 4132 634 4204 γὰρ
682 4132 780 4202 τῆς
830 4132 1151 4204 προσδοκίας
1183 4135 1274 4186 τοῦ
1311 4134 1616 4204 λογίζεσθαί
1649 4155 1734 4208 με,

1910 4120 1999 4174 25;
2027 4118 2106 4175 0b
2125 4120 2573 4188 exspectationem
2596 4122 2762 4185 enim,
2790 4122 2917 4175 dum
2944 4139 3154 4178 mecum
3186 4138 3394 4197 reputo,

165 4227 244 4280 δτι
277 4225 456 4297 μέλλει
487 4224 560 4296 (4)
591 4241 656 4296 με
691 4225 892 4296 κρίνειν
927 4223 1038 4278 ἴσον
1069 4223 1296 4279 θανάτου
1322 4227 1609 4298 ἐγενόμην.

1840 4215 1987 4283 quod
2027 4221 2081 4268 tu
2116 4228 2200 4267 me
2224 4212 2565 4281 judicaturus
2596 4226 2654 4268 es
2685 4214 2906 4284 perinde
2938 4231 3001 4270 ac
3032 4229 3277 4275 mortuus
3316 4220 3397 4275 fa-

1840 4313 1960 4357 ειυς
1988 4318 2129 4357 sum.

233 4393 728 4464 21.Ἐλεγχόμενος
769 4391 921 4464 παρὰ
966 4393 1058 4446 σοῦ
1102 4393 1189 4447 διὰ
1229 4394 1324 4458 τὰς
1371 4396 1598 4467 ἀνομίας
1635 4415 1736 4467 μου

1908 4393 1996 4446 24.
2033 4393 2326 4463 Correptus
2354 4410 2383 4448 a
2413 4404 2462 4449 te
2497 4406 2714 4466 propter
2741 4397 3051 4468 iniquitates
3089 4417 3238 4458 meas
3263 4405 3395 4461 edo-

166 4484 449 4554 ἐδιδὰχθην
479 4483 552 4553 μὴ
578 4481 928 4555 ἁμαρτάνειν.
1761 4468 1779 4522 Ῑ

899 4501 928 4537 ν.
1761 4468 1811 4522 Ῑ)
1839 4494 1957 4540 ctus
1987 4501 2107 4539 sum
2135 4503 2240 4541 non
2274 4501 2512 4556 peccare.

231 4576 328 4629 23.
366 4574 476 4628 Καὶ
524 4573 630 4626 ἀπὸ
663 4573 763 4643 τῆς
808 4571 1039 4642 θλίψεως
1061 4573 1162 4644 τῆς
1192 4573 1365 4646 ψυχῆς
1399 4594 1498 4646 μου
1534 4575 1733 4648 ἐτάκην

1910 4577 2000 4632 25.
2033 4577 2098 4632 Ει
2139 4594 2248 4648 prae
2291 4577 2580 4634 afﬂictione
2613 4579 2808 4635 anima:
2852 4597 2987 4639 mea:
3022 4585 3235 4654 penitus
3262 4604 3393 4645 con-

166 4667 321 4730 ὅλως.

1839 4671 2005 4726 tabui.

230 4756 326 4811 26.
360 4754 506 4827 Πλὴν
537 4754 688 4808 οὐδέν
716 4755 861 4809 ἐστιν
890 4754 1118 4830 ἕκαστος
1152 4757 1260 4810 τῶν
1286 4757 1606 4828 ἀνθρώπων.

1499 4776 1606 4813 των.
1914 4763 2002 4822 26.
2037 4763 2417 4820 Verumtamen
2451 4766 2587 4821 nihil
2612 4777 2695 4823 est
2722 4770 2899 4825 omnis
2929 4771 3112 4827 homo.

230 4852 325 4905 27.
353 4850 446 4920 Μὴ
469 4848 663 4922 ἀπώσῃ
692 4849 789 4921 τὴν
827 4854 1133 4924 προσευχήν
1163 4870 1283 4924 μου,
1312 4854 1444 4909 ἀλλὰ
1469 4855 1735 4927 μακροθύ-

1909 4855 1998 4909 27.
2034 4854 2110 4911 Ne
2152 4858 2379 4926 repellas
2411 4858 2710 4914 orationem
2750 4876 2926 4917 meam
2949 4901 2964 4926 ,
2998 4865 3091 4920 sed
3131 4865 3396 4936 patienter

168 4961 281 5014 μως
311 4942 516 5011 ταύτην
545 4941 617 5012 (5)
652 4943 904 4997 ἄκουσον.

546 4941 617 5012 (5)
652 4943 904 4997 ἄκουσον.
1837 4948 1978 5002 hanc
2013 4949 2159 5003 audi.

229 5034 320 5088 28.
363 5033 456 5104 Μὴ
482 5033 710 5105 παρίδῃς
737 5034 805 5087 τὰ
830 5033 1040 5104 δάκρυά
1067 5052 1187 5104 μου.

1917 5039 2008 5094 28.
2036 5040 2113 5096 Ne
2142 5043 2406 5112 despicias
2430 5045 2696 5117 lacrymas
2730 5062 2897 5103 meas.

228 5128 319 5179 29.
340 5128 464 5178 ’Ὁτι
490 5126 859 5196 ἐναπόγραφός
881 5127 974 5179 σού
1002 5129 1114 5198 εἰμι
1144 5128 1272 5196 ἐγώ.

1914 5132 2005 5188 29.
2043 5134 2311 5200 Quoniam
2339 5138 2672 5206 ascriptitius
2697 5147 2822 5194 tuus
2851 5154 2972 5194 sum
2997 5155 3116 5213 ego.

230 5219 320 5277 50.
362 5221 473 5273 Kal.
505 5218 598 5271 ἐπὶ
621 5219 716 5290 τῆς
739 5221 841 5289 γῆς
875 5221 1249 5292 παρεπίδημός
1280 5225 1392 5294 εἰμι
1410 5239 1423 5253 ⁸
1445 5223 1603 5297 ἡγὰρ
1623 5224 1733 5279 ἄνω

1909 5224 1995 5277 50.
2032 5225 2096 5279 Et
2131 5227 2183 5279 in
2233 5236 2374 5282 terra
2409 5230 2724 5300 peregrinus
2758 5247 2876 5286 sum
2923 5250 2937 5288 :
2985 5249 3216 5303 superna
3253 5237 3395 5291 enim

173 5312 534 5385 Ἰερουσαλὴμ
557 5312 707 5375 πόλις
737 5330 837 5382 μου
866 5311 1004 5367 ἐστί.

1841 5316 2139 5375 Jerusalem
2167 5321 2358 5376 civitas
2385 5339 2500 5377 mea
2525 5334 2625 5382 est.

1114 5472 1418 5536 Addenda
1448 5481 1509 5537 et
1541 5476 1917 5557 corrigenda
1950 5495 2030 5539 ex
2068 5483 2208 5544 cod.
2250 5483 2451 5546 Vatic.

231 5630 308 5716 (1)
348 5631 724 5716 lives-ima.
893 5703 903 5716 .
1008 5705 1032 5716 -
1068 5709 1110 5716 --
1200 5707 1210 5715 .
1306 5707 1327 5716 -
1909 5645 1984 5716 (ι)
2025 5647 2269 5712 Mense.

350 5703 736 5830 ὲὰέτέᾓέ
767 5703 916 5776 παρὰ
941 5705 1036 5760 τοῦ
1068 5707 1272 5779 Κυρίου
1303 5707 1441 5779 ἔχω;
2025 5702 2246 5791 Ταύτης
2264 5719 2512 5787 ἄκουσον,
2545 5721 2636 5775 καὶ
2665 5722 2895 5794 δεήσεὼς
2923 5742 3043 5794 μου.
