4084 6322
724 343 828 401 807

1561 340 1616 395 S.
1658 337 2031 395 ATHANASH
2071 337 2219 394 OPP.
2263 338 2444 395 PARS
2484 337 2571 392 ΙΙΙ.
2615 368 2681 378 -
2722 337 3137 404 EXEGETICA.
3869 339 3959 393 808

792 457 881 512 9.8.
919 456 998 510 'l‘u
1030 465 1205 512 autem
1227 495 1241 520 ,
1275 456 1530 521 Domine,
1565 472 1631 513 ne
1664 457 1823 528 longe
1856 457 2026 513 facias
2058 458 2289 513 misera-
2319 462 2359 520 Α

2345 464 2359 520 ι
2442 455 2549 521 38.
2585 456 2655 507 Σὺ
2698 454 2754 507 δὲ
2786 453 2975 525 Κύριε,
3013 452 3088 524 μὴ
3145 452 3424 526 μακρὼῃς
3472 455 3595 517 τοὺς
3649 453 3958 524 οίκτιρμούς

729 546 905 599 tiones
935 554 1052 598 tuas
1089 560 1116 597 a
1151 560 1235 598 me
1264 563 1275 598 :

797 636 887 689 29.
922 636 1288 691 Misericordia
1320 646 1413 690 tua
1439 646 1491 690 et
1512 638 1715 693 veritas
1742 654 1831 693 tua
1863 654 2077 710 semper
2106 656 2299 697 susce-

728 738 923 798 perunt
947 743 1030 781 me
1066 726 1352 798 [suscipiat
1375 727 1508 796 me].

800 814 885 868 50.
924 814 1193 881 Quoniam
1225 817 1700 872 circumdederunt
1740 833 1825 873 me
1859 820 2034 887 mala,
2065 835 2299 890 quorum

730 922 836 959 mm
861 916 944 961 est
980 923 1239 963 numerus
1267 926 1281 974 ;

798 997 888 1050 5t.
921 996 1463 1067 Comprelienderunt
1488 1013 1575 1054 me
1608 998 1924 1069 iniquitates
1942 1017 2093 1067 meae,
2117 1013 2170 1059 et
2192 1019 2298 1061 non

735 1089 886 1158 potui
919 1100 977 1142 ut
1007 1090 1244 1143 viderem
1280 1109 1295 1145 :

804 1179 890 1232 '52.
924 1179 1293 1250 Multiplieata:
1333 1190 1459 1236 sunt
1490 1196 1654 1253 super
1686 1182 1911 1253 capillos
1941 1183 2131 1253 capitis
2172 1186 2297 1251 mei,

798 1361 885 1414 55.
919 1359 985 1413 Et
1011 1375 1104 1415 cor
1136 1377 1313 1415 meum
1341 1362 1628 1433 dereliquit
1650 1380 1755 1418 me.

799 1454 889 1507 54.
929 1454 1298 1523 Cornplaceat,
1334 1454 1582 1519 Domine,
1619 1469 1676 1511 ut
1695 1474 1853 1510 eruas
1878 1474 1962 1511 me
1989 1478 2003 1513 :

795 1542 885 1596 55.
929 1544 1182 1611 Domine,
1222 1548 1286 1599 ad
1321 1547 1686 1615 adjuvandum
1718 1565 1803 1602 me
1837 1551 2058 1619 respice.

803 1634 893 1688 56.
936 1636 1347 1693 (Inrifuntlantur
1373 1649 1425 1693 et
1460 1650 1810 1695 revereantur
1841 1642 2002 1696 simul
2033 1642 2126 1713 qui
2152 1658 2301 1713 qua:-

734 1735 860 1781 rnnt
883 1729 1119 1781 animam
1152 1744 1328 1783 meam
1351 1769 1366 1794 ,
1397 1739 1454 1784 ut
1476 1730 1724 1785 auferant
1747 1748 1885 1787 eam.

807 1910 896 1964 57.
935 1911 1265 1967 Avertantur
1286 1923 1583 1969 retrorsum
1610 1924 1663 1970 et
1688 1925 2056 1984 revereantur,
2085 1916 2174 1987 qui
2207 1933 2299 1972 vo-

734 2003 849 2056 lunt
882 2004 1012 2057 mihi
1049 2006 1208 2059 mala.

801 2094 890 2148 58.
921 2094 1117 2148 Ferant
1139 2095 1426 2150 confestim
1460 2095 1839 2153 confusionem
1867 2113 2021 2153 suam
2044 2138 2058 2164 ,
2087 2100 2181 2171 qui
2210 2100 2297 2155 di-

734 2198 868 2240 cunt
904 2188 1068 2240 mihi:
1100 2203 1257 2258 euge,
1289 2203 1443 2259 euge.

803 2278 891 2331 59.
926 2277 1210 2333 Exsultent
1260 2290 1314 2335 et
1340 2282 1588 2338 laetentur
1627 2298 1790 2353 super
1825 2292 1877 2338 te
1915 2298 2107 2340 omnes
2154 2300 2302 2355 qna:—

735 2379 912 2423 rentes
946 2379 1017 2435 te,
1062 2370 1291 2427 Domine
1312 2415 1328 2439 ,

798 2459 885 2512 40.
924 2459 988 2515 Ει
1016 2462 1198 2518 dicant
1222 2480 1458 2534 semper,
1485 2464 1860 2534 magnificetur
1896 2464 2191 2531 Dominus,

800 2656 889 2711 41.
923 2658 1023 2725 Qui
1052 2661 1281 2731 diligunt
1306 2663 1546 2718 salutare
1587 2674 1737 2719 tuum
1765 2664 1942 2737 [tuum
1971 2668 2229 2741 semper].

798 2749 887 2803 L2.
926 2750 1038 2821 Ego
1076 2765 1254 2807 autem
1285 2754 1567 2811 mendicus
1603 2771 1723 2811 sum
1768 2767 1822 2811 et
1857 2773 2081 2828 pauper,
2120 2758 2301 2815 Domi-

733 2856 837 2896 nus
863 2842 1128 2899 sollicitus
1154 2846 1257 2899 erit
1283 2846 1408 2900 mei.

801 2998 1020 3069 (α)Ἐπ“ι
1060 3003 1143 3057 σοί
1175 3003 1326 3059 deest
1366 3004 1418 3056 in
1453 3004 1577 3059 cod.

2402 565 2494 600 σου
2527 550 2617 600 ἀπ’
2642 546 2774 618 ἐμοῦ
2798 563 2811 577 ⁸

2468 638 2554 689 29.
2579 638 2648 689 Τὸ
2680 637 2824 700 ἔλεός
2860 655 2955 690 σου
2976 638 3068 691 καὶ
3096 639 3129 709 ὴ
3162 634 3386 704 ἀλήθειά
3415 654 3504 689 σου
3521 636 3824 699 διαπαντὸς
3849 635 3961 688 ἀντ-

2405 728 2658 781 ελάϐοντό
2689 746 2789 799 μου
2832 727 3174 799 [ἀντελάϐετό
3204 727 3347 800 μου].

2469 820 2556 875 50.
2577 821 2696 872 Ὅτι
2730 820 3009 891 περιέσχον
3038 839 3104 890 με
3127 819 3290 883 κακὰ,
3307 814 3381 876 ὧν
3405 822 3503 875 οὐκ
3527 822 3679 875 ἐστιν
3703 822 3930 894 ἀριθμός
3948 840 3960 853 ·

2471 1016 2559 1071 51.
2600 1015 2909 1069 Κατέλαόόν
2944 1032 3011 1085 με
3034 1015 3089 1068 αἱ
3117 1015 3333 1085 ἀνομίαι
3367 1032 3487 1085 μου,
3521 1016 3611 1069 καὶ
3642 1016 3753 1068 οὐκ
3784 1017 3963 1085 ἡδυνη-

2402 1108 2500 1179 Θην
2527 1108 2620 1159 τοῦ
2649 1107 2862 1175 βλέπειν
2880 1125 2891 1136 ·

2471 1196 3025 1267 59..Ἐπληθύνθησαν
3059 1197 3199 1268 ὑπὲρ
3246 1198 3345 1262 τὰς
3386 1200 3576 1270 τρίχας
3597 1199 3704 1261 τῖες
3741 1198 3965 1268 κεφαλῆς

2406 1309 2527 1358 μου.

2470 1384 2555 1436 55.
2590 1384 2697 1435 Καὶ
2722 1385 2753 1453 ἠ
2785 1383 2977 1454 καρδία
3014 1400 3114 1453 μου
3140 1382 3462 1452 ἐγκατέλιπέ
3490 1400 3578 1453 με.

2472 1474 2559 1529 54.
2594 1474 2913 1543 Εὐδόκησον,
2942 1476 3133 1547 Κύριε,
3166 1475 3257 1528 τοῦ
3293 1475 3556 1546 ῥύσασθαί
3590 1493 3691 1545 με·

2471 1567 2557 1620 55.
2593 1566 2783 1636 Κύριε,
2817 1569 2895 1629 είς
2918 1566 2979 1618 τὸ
3012 1566 3273 1637 βοηθῆσαί
3306 1584 3393 1636 μοι
3426 1567 3684 1637 πρόσχες.

2472 1658 2559 1712 56.
2593 1657 3130 1727 Καταισχυνθείησαν
3155 1657 3595 1730 [αἰσχυνθείησαν
3621 1659 3640 1731 ]
3664 1662 3761 1714 καὶ
3790 1663 3969 1732 ἐντρα-

2405 1748 2635 1818 πείησαν
2680 1749 2794 1819 ἅμα
2837 1748 2886 1800 οἱ
2929 1746 3216 1817 ζητοῦντες
3265 1750 3363 1820 τὴν
3403 1748 3580 1820 ψυχήν
3608 1768 3738 1820 μου,
3766 1752 3863 1805 τοῦ
3891 1756 3969 1819 ἐξ·

2402 1842 2527 1911 ἆραι
2558 1840 2744 1909 αὑτήν.

2468 1934 2554 1985 57.
2574 1933 3078 2006 Ἀποστραφείησαν
3101 1936 3180 1999 είς
3203 1934 3271 1988 τὰ
3298 1934 3491 1999 ὀπίσω,
3523 1938 3621 1990 καὶ
3651 1956 3971 2011 καταισχυν-

2397 2022 2617 2093 θείησαν
2649 2026 2697 2076 ot
2734 2025 2975 2088 Θέλοντές
3003 2044 3091 2095 μοι
3121 2026 3285 2079 κακά.

2466 2116 2554 2169 58.
2590 2116 3025 2187 Κομισάσθωσαν
3056 2119 3391 2189 παραχρῆμα
3424 2118 3691 2190 αἰσχύνην
3717 2116 3973 2182 αὐτῶν,οί

2397 2208 2645 2277 λέγοντές
2678 2226 2786 2279 μοι·
2821 2206 2983 2275 Εὖγε,
3010 2205 3156 2279 εὖγε.

2472 2299 2558 2353 59.
2578 2300 3050 2368 Ἀγαλλιάσοωσαν
3079 2302 3172 2355 καὶ
3192 2301 3652 2372 εὐφρανθήτωσαν
3673 2302 3773 2354 ἐπὶ
3798 2301 3883 2355 σοὶ
3905 2301 3974 2371 (ο)

2401 2394 2599 2457 πάντες
2626 2396 2673 2447 οί
2708 2392 2994 2463 ζητοῦντές
3024 2412 3104 2459 σε,
3140 2396 3332 2466 Κύριε,

2470 2484 2557 2537 40.
2596 2484 2703 2537 Kal.
2730 2485 3036 2539 εἰπάτωσαν
3058 2486 3367 2551 διαπαντὸς,
3403 2486 3799 2561 μεγαλυνθήτω
3817 2488 3847 2539 ὁ
3866 2483 3973 2537 Κύ-

2406 2593 2541 2648 ριος,

2471 2668 2559 2722 “.
2581 2670 2653 2750 ⁸Οἱ
2670 2670 2989 2739 ἀγαπῶντες
3006 2673 3067 2726 τὸ
3094 2673 3358 2745 σωτήριόν
3388 2690 3477 2726 σου
3504 2673 3627 2745 [σου
3644 2670 3971 2743 διαπαντός].

2475 2760 2565 2815 42.
2586 2761 2727 2831 Ἐγὼ
2756 2763 2811 2815 δὲ
2843 2764 3052 2835 πτωχός
3097 2767 3211 2835 είμι
3255 2764 3346 2818 καὶ
3376 2764 3564 2835 πένης,
3593 2763 3798 2835 Κύριος
3823 2776 3977 2833 (ερον-

2406 2854 2511 2903 τιεῖ
2543 2869 2632 2923 με.

1841 3164 2225 3225 ATHANASII
2263 3166 2849 3227 INTERPBETATIO.

800 3322 891 3380 28.
924 3323 1124 3380 Deinde
1151 3341 1246 3396 qui
1283 3325 1625 3381 crediderunt
1656 3326 1844 3382 dicunt
1879 3325 2109 3381 Domino
2141 3346 2154 3381 :

800 3519 891 3574 29.
919 3519 1089 3575 Filius
1114 3529 1239 3574 tuus
1261 3529 1314 3575 et
1338 3530 1561 3577 sanctus
1604 3532 1730 3578 tuus
1776 3521 2013 3593 Spiritus
2045 3541 2297 3598 suscepe-

733 3625 861 3671 runt
899 3632 979 3670 Ine
1011 3631 1243 3686 semper.

804 3708 894 3763 50.
928 3706 1175 3770 Peccata,
1208 3707 1405 3775 inquit.

798 3802 887 3855 51.
932 3799 1233 3852 Dominata:
1260 3810 1383 3851 sunt
1411 3798 1541 3853 mihi
1566 3798 1881 3870 iniquitates
1906 3814 2041 3855 mea:
2065 3810 2118 3855 et
2139 3802 2303 3859 hebe-

735 3904 918 3948 tarunt
948 3895 1135 3948 oculos
1174 3878 1354 3948 cordis
1382 3894 1507 3947 mei.

801 3986 890 4040 32.
925 3984 1029 4037 Pro
1071 3986 1610 4048 immensuraliiliter,
1642 3996 1696 4039 et
1728 3986 2194 4057 investigabiliter.

798 4077 889 4130 35.
924 4074 988 4129 Et
1014 4076 1229 4129 demum
1257 4075 1435 4131 factus
1459 4091 1579 4130 sum
1622 4086 1880 4146 tanquam
1916 4078 2199 4149 insipiens.

802 4167 891 4222 54.
925 4166 1115 4222 Libera
1151 4184 1235 4221 me
1266 4168 1440 4238 gratia
1472 4178 1586 4235 tua,
1618 4169 1864 4225 Domine.

807 4260 894 4314 55.
930 4259 1009 4314 Ad
1048 4275 1135 4313 me
1170 4260 1484 4329 erigendum
1518 4260 1739 4317 festina.

807 4350 898 4404 '56.
940 4350 1244 4405 Contrariae
1272 4359 1587 4419 potestates.

807 4444 898 4499 57.
934 4442 1193 4498 Similiter
1232 4444 1517 4499 contrariae
1559 4453 1887 4515 potestates,
1934 4455 1982 4501 te
2006 4461 2097 4502 eas
2124 4461 2305 4518 perse-

736 4546 957 4607 quente,
1002 4544 1334 4589 avertantur.

806 4626 896 4681 58.
934 4624 1000 4678 Ει
1020 4626 1111 4695 qui
1142 4625 1330 4677 volunt
1358 4624 1567 4677 ruinam
1597 4640 1795 4690 meam,
1822 4624 2065 4681 videntes
2087 4642 2169 4682 me
2198 4644 2229 4683 a
2255 4638 2306 4684 te

738 4718 1004 4787 adjuvari,
1035 4718 1214 4771 statim
1239 4717 1512 4785 accipiant
1545 4716 1952 4772 confusionem.

806 4809 892 4863 39.
928 4808 993 4863 Et
1026 4809 1196 4863 sancti
1224 4811 1301 4863 tui
1332 4809 1713 4879 glorificabunt
1757 4818 1809 4863 te
1848 4809 2111 4877 videntes,
2154 4812 2298 4881 quod

737 4903 1048 4957 convertisti
1074 4918 1177 4956 me.

802 4993 891 5046 40.
924 4991 989 5044 Et
1017 4992 1381 5045 indesinenter
1409 4992 1726 5046 exaltabnnt
1753 5000 1822 5047 te.

808 5083 897 5135 41.
934 5082 1225 5153 Diligentes
1253 5097 1467 5137 crucem
1500 5094 1673 5137 tuam.

806 5174 894 5229 42.
929 5175 1037 5244 Ego
1066 5184 1244 5228 autem
1270 5174 1510 5242 humilis,
1538 5185 1591 5230 et
1619 5174 1786 5231 miser
1810 5191 1954 5244 sum,
1985 5176 2078 5232 sed
2109 5175 2299 5231 Domi-

740 5283 843 5321 nus
874 5281 1053 5320 euram
1079 5266 1178 5320 mei
1216 5276 1381 5336 geret.

2324 3337 2368 3394 C.
2475 3329 2564 3384 28.
2601 3330 2797 3382 Λοιπὸν
2828 3329 2876 3380 οἱ
2910 3330 3331 3394 πεπιστευκότες
3350 3329 3568 3399 λέγουσι
3595 3331 3736 3404 πρὸς
3756 3332 3847 3387 τὸν
3871 3332 3981 3389 K6-

2406 3441 2518 3493 ριον
2552 3423 2647 3492 (1).

2472 3516 2557 3569 29.
2594 3516 2649 3565 Ὀ
2681 3514 2798 3577 Υἱός
2830 3530 2945 3576 σου,
2974 3515 3066 3568 καὶ
3096 3513 3157 3568 τὸ
3191 3513 3419 3585 Πνεῦμά
3461 3531 3557 3570 σου
3591 3515 3659 3569 τὸ
3688 3517 3841 3586 ἅγιον
3868 3520 3985 3572 ἀντ-

2404 3606 2653 3658 ελάὸοντό
2686 3605 2759 3672 (2)
2795 3622 2894 3675 μου
2935 3605 3183 3659 πάντοτε.

2470 3698 2559 3751 50.
2596 3699 2658 3748 Αἱ
2686 3698 2947 3767 ἁμαρτίαι
2974 3699 3069 3767 (5),
3100 3697 3269 3764 λέγει.

2472 3788 2557 3842 51.
2596 3790 3033 3860 Κατεκυρίευσάν
3068 3807 3133 3861 με
3160 3790 3212 3843 αί
3241 3789 3460 3861 ἀνομίαι
3486 3807 3613 3861 μου,
3649 3790 3756 3845 καὶ
3774 3791 3983 3862 {19.62p-

2402 3894 2497 3932 ·δαν
2526 3880 2646 3942 τοὺς
2672 3879 2981 3951 ὀφθαλμοὺς
3014 3880 3115 3951 τῆς
3149 3882 3375 3951 καρδίας
3406 3900 3531 3952 μου.

2472 3971 2557 4025 52.
2582 3972 2727 4024 Ἀντὶ
2764 3973 2837 4042 (4)
2876 3971 2969 4025 τοῦ
2990 3988 3003 4002 ·
3033 3974 3374 4043 ἀμετρήτως,
3401 3974 3494 4027 καὶ
3531 3975 3978 4047 ἀνεξιχνιάσειως.

2473 4062 2559 4116 55.
2602 4064 2709 4115 Καὶ
2736 4063 2809 4126 ὡς
2843 4064 3001 4127 ἄνους
3030 4063 3297 4134 ἐγενόμην
3322 4064 3526 4121 λοιπόν.

2472 4154 2559 4208 54.
2581 4155 2966 4227 Έλευθέρωσόν
2997 4174 3061 4227 με
3090 4157 3178 4211 διὰ
3209 4159 3308 4228 τῆς
3339 4159 3437 4229 σῆς
3462 4159 3714 4229 χάριτος,
3748 4162 3946 4233 Κύριε.

2473 4247 2563 4302 55.
2604 4248 2696 4313 El;
2722 4250 2780 4302 τὸ
2805 4250 3102 4320 ἀναστῆσαί
3136 4250 3211 4321 (5)
3241 4267 3306 4319 με
3328 4249 3582 4307 σπεῦσον.

2475 4341 2564 4395 56.
2606 4342 2672 4393 Δί
2707 4342 2944 4395 ἐναντίαι
2981 4342 3254 4412 δυνάμεις.

2474 4432 2563 4489 57.
2590 4434 2818 4504 Ὁμοίως
2856 4436 2909 4487 αί
2951 4434 3187 4487 ἐναντίαι
3214 4434 3466 4504 δυνάμεις
3496 4435 3830 4508 διωκόμεναι
3880 4441 3981 4494 ὑπὸ

2408 4526 2500 4581 σοῦ
2531 4528 2701 4580 ἀποστ
2710 4543 2840 4597 ραφε
2851 4525 3024 4596 ίησαν.

2476 4619 2562 4673 58.
2592 4620 2700 4671 Καὶ
2728 4620 2777 4671 οί
2806 4619 3047 4683 θέλοντες
3077 4621 3173 4691 τὴν
3221 4621 3424 4675 πτῶσιν
3466 4639 3587 4693 μου,
3635 4625 3874 4695 ὁρῶντές
3919 4645 3983 4697 με

2408 4711 2765 4782 βοηθούμενον
2790 4712 2893 4765 ὑπὸ
2925 4711 3040 4780 σοῦ,
3074 4714 3273 4777 εὐθέως
3305 4714 3541 4768 λάϐωσιν
3567 4717 3855 4786 αἰσχύνην.

2476 4806 2563 4860 59.
2592 4808 2701 4859 Καὶ
2743 4806 2793 4857 οἱ
2839 4804 2983 4874 ἆγιοί
3027 4822 3118 4857 σου
3160 4805 3441 4870 δοξάσουσί
3490 4822 3549 4859 σε
3589 4807 3854 4878 ὁρῶντες,
3901 4811 3981 4864 ὅτι

2408 4896 2745 4967 ὲπέστρεψάς
2789 4913 2876 4965 με.

2477 4991 2564 5045 40.
2601 4991 2707 5043 Καὶ
2741 4988 3095 5051 ἀδιαλείπτως
3125 4988 3405 5052 δοξάσουσί
3428 5007 3507 5044 σε.

2477 5083 2566 5135 41.
2603 5083 2663 5132 οἱ
2691 5080 3007 5149 ἀγαπῶντες
3036 5080 3126 5132 τὸν
3156 5082 3385 5151 σταυρόν
3416 5098 3528 5134 σου.

2474 5175 2562 5228 42.
2583 5174 2721 5242 Ἐγὼ
2750 5174 2805 5228 δὲ
2836 5173 3087 5236 ταπεινός
3112 5174 3246 5245 εἰμι,
3275 5173 3391 5226 ἀλλ’
3422 5176 3452 5227 ὁ
3486 5174 3688 5247 Κύριος
3720 5176 3981 5248 πρόνοιάν

2410 5286 2510 5339 μου
2536 5285 2784 5321 ποιειται.

1678 5424 1979 5489 Addenda
2014 5434 2073 5489 et
2104 5428 2475 5511 corrigenda
2535 5446 2607 5489 ex
2643 5426 2777 5486 eod.
2819 5426 3018 5487 Vatic.

810 5599 886 5667 Η)
926 5599 1074 5651 Θεὸν.

811 5672 886 5737 (2)
914 5669 1252 5722 Ἀντελάὸετό
1279 5689 1376 5741 μου
1411 5672 1713 5738 διαπαντός.

810 5743 885 5805 (3)
908 5741 1044 5805 Ἀμα
1054 5742 1201 5807 ρτίας
1233 5760 1352 5810 μου.

2482 5602 2552 5669 (ι)
2578 5598 3011 5674 ίΕπληθρνΟησαν
3042 5600 3147 5673 γὰρ
3174 5603 3367 5674 ἀμετρ.

2480 5674 2554 5740 (8)
2581 5669 2632 5724 Ἀ
2641 5672 2897 5739 ναστῆσαί
2925 5688 3041 5723 ιιον.
