4084 6322
185 356 293 414 809
1112 360 1204 415 DE
1237 359 1513 417 TITULIS
1546 359 2002 417 PSALMORUM.
2040 393 2097 403 —
2143 361 2338 417 PSAL.
2385 363 2496 418 XL.
3328 357 3441 418 810

261 476 349 528 15.
390 477 585 548 Βοηθός
610 499 710 552 μου
741 483 831 536 καὶ
868 483 1247 553 ὑπεράπιστής
1289 502 1389 554 μου
1421 480 1470 536 εἷ
1499 485 1563 537 σὺ
1589 484 1690 555 (a),
1737 485 1764 537 ὁ
1793 487 1839 543 Α

1823 506 1839 542 ι
1935 486 2021 538 45.
2052 485 2281 555 Adjntor
2321 502 2474 541 meus
2505 497 2555 540 et
2599 495 2871 556 protector
2904 500 3057 540 mcus
3088 499 3146 539 es
3176 491 3258 537 tu.
3294 479 3436 536 Deus

184 564 322 629 θεὸς
357 569 428 638 (ὁ)
461 589 578 641 μου,
623 575 696 645 μὴ
724 576 996 646 χρονίσῃς.

865 576 996 646 ῐσῃς.
1869 594 2043 642 meus,
2072 594 2137 633 ne
2160 580 2478 634 tardaveris.

291 706 396 770 Εἰς
422 707 482 758 τὸ
513 709 706 775 τέλος,
733 703 1076 779 ψαλμὸότῷ
1102 713 1297 766 Δαϐίδ.
1345 716 1518 768 ΨΑΛ.
1551 714 1650 768 Μ’.

2068 715 2132 769 In
2173 719 2328 786 ﬁnem
2371 719 2605 788 psalmus
2655 717 2840 771 David.
2916 715 3118 770 PSAL.
3148 714 3264 770 XL.

269 815 314 867 1.
359 818 638 890 Μακάριος
664 824 691 873 6
729 821 920 874 συνιὼν
945 825 1036 876 ἐπὶ
1062 825 1274 894 πτωχὸν
1308 827 1398 878 καὶ
1427 827 1652 896 πένητα·

1942 837 1991 888 1.
2025 833 2223 888 Beatus
2238 835 2328 904 qui
2350 835 2597 906 intelligit
2613 849 2776 902 super
2791 848 3020 903 egenum
3039 839 3090 884 et
3108 843 3432 900 pauperem:

262 908 317 964 2.
338 912 428 962 Ἐν
451 913 632 984 ἡμέρᾳ
656 913 872 985 ῥύσεται
902 918 1061 970 αὺτὸν
1089 921 1116 971 6
1146 919 1370 991 Κύριος.

1939 929 1992 981 2.
2031 926 2086 980 ln
2121 927 2210 981 die
2241 927 2381 981 mala
2407 927 2660 981 liberabit
2685 941 2808 980 eum
2841 924 3121 978 Dominus.

259 1000 311 1052 3.
358 1001 559 1072 Κύριος
590 1005 909 1074 διαφυλάξαι
939 1008 1120 1072 αὑτὸν,
1151 1012 1246 1062 καὶ
1279 1011 1440 1082 ζήσαι
1468 1014 1649 1077 αὐτὸν,
1669 1017 1763 1068 κα).

1939 1021 1992 1074 5.
2028 1021 2290 1074 Dominus
2333 1029 2615 1074 conservet
2647 1034 2810 1081 eum,
2857 1027 2910 1072 et
2949 1015 3181 1070 viviticet
3207 1030 3352 1078 eum,
3384 1022 3437 1067 et

191 1094 496 1163 μακαρίσαι
524 1096 684 1150 αὐτὸν
710 1100 766 1149 ὲν
788 1102 852 1169 τῇ
883 1102 977 1170 γῇ.

1872 1113 2086 1166 beatum
2121 1111 2286 1165 faciat
2316 1127 2439 1165 cum
2466 1111 2518 1163 in
2551 1121 2690 1164 terra
2722 1129 2735 1162 :

257 1183 313 1236 4.
356 1186 464 1237 Καὶ
489 1187 561 1257 μὴ
585 1189 819 1258 ,παραδῷ
845 1191 1005 1244 αὑτὸν
1031 1194 1107 1255 είς
1132 1197 1317 1264 χεῖρας
1343 1196 1549 1266 ἐχθρῶν
1573 1199 1760 1252 αὑτοῦ.

1943 1204 1996 1256 4.
2029 1203 2092 1256 Ει
2121 1220 2227 1257 non
2259 1205 2434 1258 tradat
2460 1219 2582 1258 eum
2613 1205 2665 1257 in
2697 1219 2889 1256 manus
2914 1201 3262 1263 inimicorum
3291 1199 3430 1267 ejus.

258 1273 313 1327 5.
358 1276 559 1347 Κύριος
582 1278 843 1349 βοηθῆσαι
864 1282 1009 1353 αὐτῷ
1030 1284 1120 1335 ἐπὶ
1148 1285 1334 1356 κλίνης
1367 1286 1556 1358 ὀδύνης
1573 1288 1759 1342 αὑτοῦ.

1943 1294 1993 1348 5.
2031 1294 2291 1349 Dominus
2327 1309 2484 1364 opem
2524 1293 2659 1347 ferat
2692 1293 2960 1362 illisuper
2992 1289 3191 1346 lectum
3231 1289 3435 1343 doloris

1871 1402 1988 1440 CIIIS
2019 1407 2031 1440 Ζ

259 1445 312 1499 6.
331 1447 498 1519 Ὅλην
532 1448 628 1520 τὴν
656 1451 840 1523 κοίτην
884 1455 1049 1508 αὑτοῦ
1079 1456 1347 1528 ἔστρεψας
1391 1461 1447 1512 ὲν
1481 1464 1546 1531 τῇ
1593 1464 1766 1533 ἀρρω-
1871 1414 1872 1431 χ

1871 1404 1988 1455 εμιε
2019 1407 2031 1440 :

1937 1482 1988 1534 6.
2024 1479 2350 1535 Universum
2378 1488 2606 1535 stratum
2632 1493 2750 1548 ejus
2782 1477 3009 1532 versasti
3036 1476 3088 1530 in
3119 1473 3435 1530 inﬁrmitate

183 1554 315 1608 στιᾳ
340 1554 524 1594 αυτου.
1870 1575 2009 1626 eius.

259 1596 314 1683 7..
361 1632 501 1699 Ἐγὼ
534 1631 681 1688 εῒπαο
710 1635 904 1708 Κύριε,
939 1638 1157 1709 ἐλέησόν
1183 1659 1267 1710 με’
1531 1677 1534 1679 λ
1870 1603 1872 1617 1

1870 1593 2009 1642 ejus.

1531 1677 1534 1679 λ
1947 1669 1993 1719 7.
2034 1665 2142 1735 Ego
2165 1665 2271 1718 dixi
2307 1684 2321 1720 :
2361 1663 2608 1725 Domine,
2646 1661 2903 1716 miserere
2935 1660 3037 1714 mei
3070 1678 3083 1712 :

255 1721 314 1822 ἓ.
356 1721 530 1778 Ἰασαι
557 1727 652 1798 τὴν
683 1727 859 1799 ψυχήν
889 1747 1009 1798 μου,
1038 1733 1118 1783 ὅτι
1146 1732 1389 1804 ἦμαρτόν
1424 1751 1525 1788 σοι.

1942 1758 1996 1812 8.
2036 1757 2176 1810 Sana
2206 1757 2440 1809 animam
2474 1770 2671 1818 meam,
2703 1753 2830 1822 quia
2865 1753 3078 1821 peccavi
3113 1750 3228 1803 tibi.

259 1813 321 1908 ς).
339 1816 401 1867 Oi
425 1816 604 1888 ἐχθροί
633 1836 731 1888 μου
752 1815 904 1872 εἷπον
935 1822 1078 1874 κακά
1125 1840 1232 1891 μοι’
1792 1854 1834 1908 Β

1792 1854 1834 1908 Β
1935 1848 1986 1901 9.
2033 1846 2240 1899 Inimici
2270 1847 2373 1897 mei
2408 1844 2663 1897 direrunt
2693 1844 2834 1896 mala
2863 1841 3000 1894 mihi
3030 1858 3042 1894 :

258 1904 348 1960 10.
396 1907 534 1960 Πότε
581 1909 950 1999 ἀποθανεῖται,
1012 1914 1106 1965 καὶ
1158 1914 1435 1968 ἀπολεῖται
1489 1918 1548 1969 τὸ
1588 1917 1759 1989 ὄνομα
1794 1904 1826 1908 ⁷

1715 1937 1759 1972 ια
1794 1904 1826 1908 ⁷
1938 1937 2022 1990 10.
2059 1935 2290 2002 Quando
2318 1934 2602 1997 morietur,
2627 1943 2677 1987 et
2708 1934 2902 2003 peribit
2935 1946 3131 1986 nomen
3170 1928 3328 2000 ejus?

181 2014 356 2051 αυτου
381 2016 397 2064 ;

261 2089 351 2142 11.
383 2093 490 2144 Καὶ
520 2096 897 2166 εἰσεπορεύετο
923 2096 1014 2150 τοῦ
1044 2098 1194 2162 ἰδεῖν,
1225 2100 1399 2171 μάτην
1427 2102 1602 2155 ἐλάλει
1627 2104 1696 2173 (τ)
1729 2106 1760 2173 ἡ

1942 2098 2027 2150 11.
2061 2095 2122 2150 Et
2161 2095 2562 2166 ingrediebatur
2590 2101 2651 2148 ut
2679 2092 2917 2155 videret,
2948 2104 3083 2144 vana
3113 2088 3434 2158 loquebatur

181 2181 388 2250 καρδία
415 2185 600 2248 αὐτοῦ,

534 2185 600 2248 ›ὖ,
1872 2210 1964 2244 cor
1994 2191 2110 2258 ejus
2132 2229 2147 2253 ,

257 2273 351 2327 12.
394 2276 704 2346 Συνήγαγεν
737 2279 964 2351 ἀνομίαν
988 2283 1165 2353 ἐαυτῷ
1186 2304 1199 2317 ο

1942 2281 2027 2335 12.
2064 2280 2428 2351 Congregavit
2457 2279 2793 2347 iniquitatem
2826 2276 2928 2330 sibi
2959 2317 2971 2329 .

259 2366 351 2420 15.
398 2368 772 2441 Ἐξεπορεύετο
797 2373 919 2437 ἔξω,
950 2375 1041 2427 καὶ
1075 2375 1248 2428 ἐλάλει
1274 2378 1363 2429 ἐπὶ
1391 2378 1450 2430 τὸ
1480 2378 1625 2431 αὐτό.

1946 2376 2028 2429 15.
2063 2372 2449 2444 Egrediebatur
2473 2369 2639 2434 foras,
2665 2380 2717 2423 et
2746 2369 3071 2438 loquebatur
3091 2366 3142 2418 in
3171 2364 3427 2434 idipsum.

263 2461 344 2524 (al
386 2459 456 2514 El
485 2465 565 2515 σύ
593 2464 744 2520 deest
772 2467 823 2520 in
853 2470 971 2523 cod.

262 2531 339 2601 (ὁ)
671 2536 802 2598 Θεός
835 2556 957 2606 μου,
987 2549 1092 2596 etc.

247 2600 334 2670 (ε)
363 2600 423 2654 ν.
453 2602 540 2668 12,
583 2603 644 2656 Ἢ
675 2600 886 2676 καρδία,
914 2619 1042 2674 etc.,
1069 2611 1128 2664 τὸ
1173 2612 1368 2682 ἐαυτῷ.
1402 2611 1463 2665 ν.
1497 2613 1582 2677 13,
1624 2613 1743 2664 Ἐπὶ
1781 2613 1932 2677 αὐτὸ,
1965 2621 2091 2675 etc.,
2123 2612 2171 2662 οἱ
2194 2608 2376 2680 ἐχθροί
2413 2623 2535 2678 μου.

1308 2723 1683 2780 ATHANASII
1724 2719 2315 2780 INTERPRETATIO.

257 2831 348 2884 43.
391 2832 651 2904 Πολεμεῖς
679 2839 789 2899 τοῖς
815 2839 1105 2910 πολεμοῦσί
1140 2860 1236 2913 με,
1286 2843 1381 2896 καὶ
1423 2843 1644 2907 σκέπεις
1691 2843 1765 2914 (1)

1939 2843 2026 2896 45.
2067 2843 2356 2910 lmpugnas
2408 2837 2785 2906 impugnantes
2833 2850 2940 2897 me,
2989 2843 3042 2889 et
3087 2835 3326 2905 protegis
3364 2835 3431 2889 ab

177 2918 296 2972 ἀπὸ
346 2920 452 2973 τῶν
493 2925 878 2996 ἀντικειμένων
916 2947 1024 2998 μοι,
1053 2933 1081 2983 6
1111 2930 1244 2994 Θεός
1281 2932 1357 3003 (2)
1397 2949 1520 3002 μου,
1555 2934 1635 3004 μὴ
1672 2933 1765 2986 ὲάο

1873 2933 2286 2989 adversantibus
2305 2929 2435 2984 mihi
2462 2949 2474 2983 :
2497 2927 2637 2983 Deus
2665 2943 2837 2989 meus,
2872 2942 2938 2980 ne
2957 2926 3300 2996 derelinquas
3325 2942 3428 2980 me.

185 3028 288 3080 σῃς
325 3029 414 3082 με.

267 3108 334 3159 Ἠ
365 3125 698 3179 προκειμενη
733 3111 1007 3182 ἐπιγραφὴ
1039 3113 1282 3183 περιέχει
1314 3113 1388 3183 (5)
1415 3130 1427 3142 ·
1458 3115 1557 3178 Et;
1602 3112 1669 3165 τὸ
1702 3113 1895 3174 τέλος,
1928 3109 2168 3176 ψαλμὸς
2196 3105 2276 3171 τῷ
2329 3105 2519 3161 Δαϐίδ.
2551 3103 2720 3157 Τοῦτο
2749 3098 2840 3157 οὖν
2878 3103 3046 3174 λέγει,
3069 3105 3150 3156 ὅτι
3180 3105 3306 3174 περὶ
3336 3104 3434 3173 τῆς

183 3195 488 3266 μελλούσης
517 3200 766 3269 κρίσεως,
799 3202 892 3254 καὶ
914 3196 988 3256 ὧν
1019 3204 1200 3273 μέλλει
1230 3205 1455 3275 πάσχειν
1484 3207 1569 3258 ἐπ’
1597 3205 1837 3275 ἐσχάτων
1854 3205 1928 3275 (4)
1947 3204 2051 3256 τῶν
2078 3201 2300 3274 ἡμερῶν
2325 3203 2353 3252 6
2389 3199 2692 3268 Ἀγαπητὸς
2718 3197 2809 3250 τοῦ
2840 3199 3074 3270 Πατρὸς,
3103 3200 3377 3252 τουτέστιν
3405 3201 3435 3251 6

181 3286 413 3356 Κύριος.
447 3288 615 3343 Τοῦτο
648 3291 753 3362 γὰρ
781 3292 1139 3364 ἑρμηνεύεται
1167 3296 1350 3358 Δαϐὶδ,
1385 3293 1565 3362 οὗτος
1603 3296 1926 3366 ἀγαπητός.

255 3377 475 3433 Titulus
521 3381 837 3450 praepositus
879 3385 1166 3440 continet:
1203 3384 1269 3439 In
1313 3388 1469 3455 ﬁnem
1511 3387 1747 3456 psalmus
1791 3385 1981 3439 David.
2051 3384 2162 3440 Hoc
2216 3383 2377 3454 igitur
2422 3384 2710 3454 signiﬁcat,
2759 3384 2902 3454 quod
2954 3384 3194 3454 psalmus
3253 3385 3434 3440 dictus

180 3485 266 3529 est
303 3475 371 3529 de
405 3475 586 3531 futuro
620 3477 846 3546 judicio,
881 3490 935 3534 et
978 3481 1047 3536 de
1089 3482 1158 3538 iis
1207 3499 1330 3552 qua:
1373 3497 1640 3553 passurus
1671 3492 1754 3536 est
1790 3483 1997 3536 ultimis
2043 3482 2237 3536 diebus
2270 3479 2511 3536 Dilectus
2540 3480 2734 3543 Patris,
2773 3481 2875 3534 hoc
2909 3489 2992 3533 est
3026 3477 3322 3544 Dominus;
3358 3479 3433 3532 ita

179 3570 330 3624 enim
363 3571 748 3640 interpretatur
771 3571 960 3636 David,
992 3567 1076 3625 hie
1101 3573 1346 3626 dilectus.

254 3667 308 3718 1.
369 3664 658 3733 Μακάριοι
709 3669 761 3719 οὶ
798 3666 1140 3735 ἐλεήμονες,
1179 3667 1271 3720 ὅτι
1315 3668 1481 3722 αὐτοὶ
1514 3665 1764 3734 ἐλεηθή-
1792 3680 1834 3737 α

1814 3680 1834 3737 ζ
1941 3667 1991 3720 1.
2028 3665 2181 3719 Beati
2231 3665 2631 3728 misericordes,
2678 3665 2926 3734 quoniam
2983 3665 3082 3734 ipsi
3131 3665 3427 3720 ntisericor—

177 3773 420 3812 σονται.

1861 3757 2006 3810 diam
2035 3766 2411 3826 consequentur
2430 3756 2497 3809 ⁸¹.

255 3848 312 3902 2.
371 3848 462 3900 Ἐν
509 3850 574 3918 τῇ
620 3848 800 3920 ἡμέρᾳ
853 3847 951 3919 τῆς
1003 3848 1267 3920 κρίσεως,
1315 3849 1482 3916 λέγει,
1540 3847 1759 3919 ῥύσεται

1929 3849 1984 3903 2.
2014 3848 2070 3901 ln
2096 3849 2182 3903 die
2203 3849 2415 3918 judicii,
2451 3848 2651 3918 inquit,
2677 3847 2929 3902 liberabit
2956 3863 3081 3903 eum
3113 3847 3381 3904 Dominus
3411 3873 3421 3902 ;

181 3940 350 3991 αὑτὸν
378 3939 404 3990 6
433 3938 654 4008 Κύριος.
674 3936 1127 4007 Κατακαυχᾶται
1156 3938 1264 4011 γὰρ
1287 3939 1459 4005 ἕλεος
1483 3939 1757 4006 κρίσεως.

1864 3939 2134 3995 Gloriatur
2187 3941 2334 3997 enim
2409 3943 2774 3996 misericordia
2846 3942 3093 3997 adversus
3141 3942 3423 4012 judicium,

182 4031 378 4094 καθὼς
411 4031 486 4099 (5)
515 4031 845 4102 γέγραπται.

1860 4034 2317 4101 quemadmodum
2343 4033 2604 4102 scriptum
2630 4042 2714 4086 est
2741 4034 2806 4087 “.

253 4123 306 4176 3.
341 4123 430 4175 Ἐν
462 4121 539 4190 τῷ
571 4120 812 4189 μέλλοντι
855 4120 1010 4175 αίῶνι
1040 4122 1348 4192 ῥυσάμενος
1374 4121 1535 4175 αὐτὸν
1566 4125 1631 4174 ὲκ
1657 4122 1758 4193 τῆς

1934 4124 1985 4176 5.
2020 4124 2078 4177 1η
2105 4123 2290 4178 futuro
2312 4125 2513 4178 saeculo
2539 4122 2778 4178 liberans
2807 4138 2934 4177 eum
2968 4123 3037 4177 ab
3069 4131 3274 4178 aeterno
3299 4139 3426 4193 sup-

179 4212 405 4266 αἰωνίου
433 4209 724 4273 κολάσεως.

433 4209 724 4273 κολάσεως.
1860 4215 2041 4284 plicio.

234 4305 465 4368 4,5.Kai
479 4303 563 4374 μὴ
582 4301 824 4373 παραδῷ
837 4303 1023 4358 αὐτὸν
1031 4305 1150 4366 ταῖς
1166 4303 1459 4375 ἁμαρτίαις
1476 4302 1639 4356 αὑτοῦ
1661 4301 1755 4373 (6).

1497 4302 1639 4356 ιὺτοῦ
1661 4301 1755 4373 (6).
1931 4308 1995 4372 4,
2033 4308 2084 4362 5.
2117 4306 2188 4360 Et
2221 4323 2322 4362 non
2357 4307 2536 4361 tradat
2570 4324 2684 4361 eum
2711 4309 2947 4378 peccatis
2977 4308 3110 4363 suis.

249 4398 300 4451 6.
338 4397 530 4458 Πάσας
555 4396 653 4458 τὰς
682 4395 955 4466 ἁμαρτίας
981 4396 1146 4448 αὐτοῦ
1171 4395 1497 4468 ἀπέρριψας.

1337 4395 1497 4464 διψάς.
1933 4399 1985 4453 6.
2024 4398 2219 4453 Omnia
2255 4409 2475 4468 peccata
2503 4399 2622 4468 ejus
2656 4399 2950 4469 projecisti.

248 4491 305 4554 7,
337 4489 394 4542 8.
422 4488 604 4542 Ταῦτα
631 4487 708 4558 τῷ
729 4488 916 4559 Κυρίῳ
942 4487 1087 4555 λέγει
1110 4490 1138 4540 ὁ
1165 4486 1519 4559 ἡμαρτηκὼς.

1352 4486 1519 4559 ηκώς.
1932 4490 1964 4542 7
1984 4532 1999 4556 ,
2036 4490 2086 4545 8.
2125 4490 2250 4545 Haec
2274 4490 2504 4545 Domino
2529 4489 2660 4544 dicit
2692 4498 2965 4560 peccator.

248 4583 302 4636 9.
340 4580 474 4635 Εἶτα
508 4581 826 4652 μετέρχεται
848 4583 926 4644 είς
945 4581 1072 4645 τοὺς
1112 4580 1417 4643 Ἰουδαίους.

1287 4580 1417 4643 ίους.
1928 4581 1981 4636 9.
2013 4581 2217 4635 Deinde
2245 4580 2537 4650 pertransit
2564 4583 2630 4636 ad
2663 4582 2900 4636 Judaeos.

247 4675 336 4728 10.
375 4671 558 4725 Ταῦτα
591 4671 772 4739 ἔλεγον
795 4673 875 4734 είς
905 4672 1127 4735 ἑαυτοὺς
1157 4672 1205 4723 ot
1249 4669 1488 4722 Ἰουδαῖοι
1515 4667 1591 4739 (7)
1622 4686 1758 4738 συμ-

1931 4674 2016 4729 ii).
2054 4673 2178 4729 Haac
2206 4675 2459 4728 dicebant
2481 4675 2623 4729 intra
2649 4691 2707 4729 se
2733 4675 2834 4744 ipsi
2863 4673 3034 4729 Judaei
3060 4673 3419 4729 deliberantes

172 4767 557 4836 ϐουλευόμενοι
584 4765 788 4818 ἀνελεῖν
808 4765 987 4819 αὐτόν.

718 4767 788 4817 εῖν
808 4765 987 4819 αὐτόν.
1859 4781 1983 4819 eum
2013 4767 2331 4820 interﬁcere.

247 4860 337 4912 11.
376 4859 511 4929 Περὶ
560 4858 655 4911 τοῦ
701 4857 867 4912 Ἰούδα
922 4856 1089 4927 λέγει,
1117 4858 1197 4909 ὅτι
1227 4854 1414 4919 δολίως
1475 4854 1652 4910 ἐλάλει
1681 4855 1757 4925 τῷ

1931 4858 2017 4915 11.
2050 4857 2124 4912 De
2175 4856 2313 4912 Juda
2366 4857 2626 4929 loquitur,
2678 4859 2823 4928 quod
2866 4858 3053 4914 dolose
3100 4857 3419 4928 loquebatur

173 4951 393 5019 Κυρίῳ.

1858 4950 2086 5005 Domino
2113 4970 2125 5004 :

242 5037 334 5091 12.
369 5038 671 5107 Προσέθετο
692 5039 1022 5110 παραδοῦναι
1048 5038 1137 5091 τὸν
1160 5038 1364 5108 Κύριον
1785 5043 1828 5097 D

1785 5043 1828 5097 D
1929 5044 2014 5096 12.
2048 5043 2243 5099 Secum
2272 5045 2460 5099 statuit
2482 5045 2696 5100 tradere
2733 5044 3041 5099 Dominum.

243 5132 333 5184 13.
388 5130 644 5194 Ἐξελθὼν
676 5132 784 5202 γὰρ
824 5131 1125 5184 συνετίθετο
1150 5133 1261 5193 τοῖς
1302 5130 1602 5196 Ἰουδαίοις,
1635 5129 1751 5192 πῶς

1931 5136 2016 5189 15.
2055 5135 2350 5205 Egrediens
2391 5139 2534 5190 enim
2580 5137 2830 5192 convenit
2867 5151 2989 5191 cum
3019 5133 3253 5200 Iudaeis,
3284 5149 3420 5204 quo-

170 5221 333 5275 αύτδν
365 5222 592 5293 παραδῷ
614 5224 810 5285 αὐτοῖς.

1858 5227 2020 5280 modo
2053 5243 2177 5281 eum
2207 5227 2341 5296 ipsis
2369 5226 2622 5280 traderet.

239 5337 284 5367 ⁶¹
326 5334 519 5389 Matth.
548 5352 601 5402 v,
628 5336 680 5400 6,
709 5336 758 5390 7.
820 5337 864 5368 “
890 5335 1004 5393 .Iac.
1039 5351 1098 5404 ll,
1127 5336 1212 5390 15.

1125 5446 1433 5509 Addenda
1462 5453 1523 5507 et
1556 5443 1928 5525 corrigenda
1961 5464 2039 5507 ex
2069 5446 2210 5509 cod.
2247 5449 2449 5513 Vatic.

237 5546 319 5618 (1)
363 5549 489 5613 Mat,
518 5551 612 5600 καὶ
645 5547 862 5612 σκέπεις
900 5567 989 5619 με.
1918 5547 1994 5619 (Β)
2033 5548 2209 5601 Καθά.

342 5619 559 5701 ᾔτει,
668 5619 818 5681 Θεός,
844 5631 958 5701 etc.
2135 5619 2186 5701 5,
2209 5620 2292 5673 Ἐν
2322 5625 2385 5692 τῇ
2418 5623 2666 5693 ἀσθενείᾳ
2694 5625 2787 5686 τῆς
2815 5623 2992 5701 ψυχῆς
3022 5622 3210 5677 αὐτοῦ.

234 5687 316 5827 ἕὸ)
342 5690 408 5740 Ἡ
439 5690 524 5741 διὰ
555 5689 654 5758 τῆς
687 5690 1048 5760 κινναϐάρεως
1073 5706 1194 5759 περ.
1919 5689 1992 5757 (7)
2023 5689 2198 5742 Αύτοί.

272 5761 318 5827 1)
349 5760 628 5827 Ἐσχάτου.

272 5761 318 5829 1)
349 5760 628 5830 Ἐσχάτου.

413 5851 688 5910 Parnm.
756 5849 872 5909 (in.
930 5850 1190 5910 XXV”.

3101 5846 3174 5907 26
