4084 6322
669 345 759 401 811
1527 338 1584 391 S.
1629 331 2004 390 ATIIANASII
2045 329 2195 386 OPP.
2238 325 2421 381 PARS
2461 323 2551 377 Ill.
2591 349 2660 360 —
2695 319 3109 375 EXEGETICA.
3829 321 3918 380 διε)

739 466 825 520 14.
862 465 1161 519 Adversum
1181 479 1267 517 me
1288 462 1649 516 susurrabant
1671 474 1865 513 omnes
1883 455 2088 510 inimici
2109 453 2234 518 mei,
2268 457 2314 511 Α

2268 457 2314 511 Α
2419 447 2500 500 14.
2526 448 2656 498 Κατ’
2686 441 2816 514 ἐμοῦ
2843 439 3154 512 ἐψιθύριζον
3196 437 3393 499 πάντες
3427 436 3476 486 οί
3509 431 3702 504 ἐχθροί
3736 447 3855 502 μου,

735 560 818 614 15.
855 559 1154 613 Adversum
1182 573 1266 611 me
1293 556 1604 627 cogitabant
1629 553 1770 606 mala
1800 549 1958 605 mibi.

1883 549 1958 603 hi.
2415 541 2500 594 15.
2539 540 2676 590 Κατ’
2710 535 2841 607 ἐμοῦ
2878 533 3179 601 ἐλογίζοντο
3209 529 3353 582 κακά
3389 545 3495 597 μοι.

739 655 824 708 16.
866 651 1099 706 Verbum
1125 651 1370 720 iniquum
1390 649 1791 704 constituerunt
1808 644 2094 698 adversum
2118 656 2236 694 me:

2118 656 2236 694 me:
2415 629 2500 682 16.
2542 629 2712 694 Λόγον
2747 626 3060 694 παράνομον
3089 620 3376 674 κατέθεντο
3407 617 3525 670 κατ’
3554 612 3719 686 ἐμοῦ·

740 746 826 798 17.
859 703 1110 812 Nunquid
1135 703 1234 811 qui
1252 703 1456 793 dormit
1480 753 1587 792 non
1615 735 1835 806 adjiciet
1856 744 1916 787 ut
1950 731 2244 800 resurgat?

2416 722 2502 774 17.
2538 720 2630 789 Μὴ
2647 721 2673 771 ὁ
2697 715 3033 787 κοιμώμενος
3048 713 3166 781 οὐχὶ
3183 711 3475 781 προσθήσει
3493 706 3582 759 τοῦ
3604 703 3913 772 ἀναστῆναι;

737 837 822 890 18.
861 796 1068 889 Etenim
1097 796 1263 886 homo
1291 829 1441 900 pacis
1467 843 1618 891 meae,
1663 796 1716 880 in
1751 839 1861 896 quo
1895 796 2140 894 speravi,

2422 814 2502 866 18.
2522 812 2630 864 Καὶ
2661 809 2768 881 γὰρ
2799 810 2827 860 ὁ
2855 806 3141 877 ἄνθρωπος
3176 805 3276 874 τῆς
3310 803 3529 874 εἰρήνης
3577 817 3712 869 μου,
3769 797 3848 864 ἐφ’
3870 796 3915 849 ὃν

2345 906 2565 977 ἤλπισα,

743 1020 828 1072 19.
864 1017 964 1083 Qui
1001 1015 1195 1070 edebat
1241 1026 1407 1080 panes
1449 1024 1622 1075 meos,
1670 1006 2036 1077 magnilicavit
2079 1019 2243 1072 super

2417 999 2500 1052 19.
2547 998 2604 1047 Ὀ
2646 994 2838 1047 ἐσθίων
2890 991 3088 1062 ἄρτους
3142 1007 3265 1059 μου,
3327 986 3661 1057 ἑμεγὰλυνεν
3715 984 3804 1036 ἐπ’
3834 980 3915 1050 ἐμὲ

671 1128 756 1166 me
789 1107 1298 1179 supplantationem.

1076 1107 1274 1160 tionem
1285 1144 1298 1157 .
2344 1105 2442 1140 πτε
2453 1085 2689 1158 ρνισμὸν.

739 1201 829 1256 20.
865 1198 944 1252 Tu
976 1205 1156 1252 autem
1179 1238 1192 1259 ,
1225 1194 1488 1256 Domine,
1532 1190 1791 1245 miserere
1825 1186 1970 1253 mei,
2000 1195 2054 1241 et
2084 1201 2237 1240 resu-

2413 1181 2502 1235 20.
2536 1181 2608 1232 Σὺ
2638 1178 2713 1239 δὲ,
2749 1175 2941 1246 Κύριε,
2975 1172 3193 1242 ἐλέησόν
3244 1189 3331 1242 με,
3358 1170 3450 1223 καὶ
3480 1169 3793 1240 ἀνάστησὸν
3843 1183 3916 1236 με,

671 1297 805 1350 scita
829 1309 935 1358 me,
961 1302 1015 1346 et
1044 1290 1339 1344 retribuam
1365 1287 1464 1340 eis.

1462 1327 1464 1338 .
2345 1273 2436 1327 καὶ
2469 1269 2836 1325 ἀνταποδώσω
2874 1268 3075 1328 αὐτοῖς.

737 1387 830 1440 2|.
859 1382 916 1437 In
951 1384 1056 1437 hoc
1085 1379 1338 1450 cognovi,
1369 1377 1628 1446 quoniam
1657 1371 1878 1427 voluisti
1912 1385 2026 1433 me;

1986 1386 2026 1433 :;
2412 1364 2502 1420 21.
2547 1364 2632 1414 Ἐν
2659 1361 2830 1431 τούτῳ
2858 1360 3048 1427 ἔγνων,
3078 1359 3159 1410 ὅτι
3188 1356 3486 1424 τεθέληκάς
3514 1371 3599 1424 με·

723 1477 1092 1544 22.Quoniam
1112 1489 1216 1527 non
1233 1470 1484 1543 gaudebit
1502 1466 1759 1522 inimicus
1777 1479 1932 1518 meus
1949 1475 2114 1529 super
2131 1474 2239 1514 me.

2214 1481 2239 1514 τ.
2412 1456 2501 1509 22.
2534 1457 2654 1507 Ὅτι
2681 1455 2740 1505 οὐ
2791 1453 2865 1523 μὴ
2894 1452 3126 1520 ἐπιχαρῇ
3155 1449 3184 1500 ὁ
3213 1447 3406 1518 ἐχθρός
3440 1464 3539 1516 μου
3576 1446 3668 1496 ἐπ’
3705 1443 3827 1496 ἐμέ.

737 1573 826 1627 23.
861 1568 942 1622 Me
970 1577 1149 1621 autem
1177 1574 1395 1635 propter
1424 1560 1792 1616 innocentiam
1826 1556 2148 1624 suscepisti;

2064 1557 2148 1618 sti;
2411 1548 2500 1601 25.
2549 1545 2712 1616 Ἐμοῦ
2743 1546 2799 1596 δὲ
2831 1544 2917 1596 διὰ
2951 1545 3048 1612 τὴν
3084 1542 3317 1595 ἀκακίαν
3357 1537 3677 1592 ἀντελὰὄου·

737 1664 825 1718 2t.
847 1662 911 1716 Et
925 1659 1262 1716 conﬁrmasti
1282 1672 1367 1710 me
1383 1657 1436 1709 in
1456 1664 1748 1722 conspectu
1769 1663 1862 1707 tuo
1881 1654 1934 1706 in
1947 1659 2238 1706 aeternum.

2413 1639 2502 1694 24.
2539 1639 2649 1690 Καὶ
2678 1635 3011 1697 ὲ6ε6αίωσάς
3046 1651 3111 1704 με
3134 1631 3361 1686 ἐνώπιόν
3399 1648 3488 1683 σου
3514 1631 3589 1692 εἰς
3617 1629 3718 1682 τὸν
3744 1628 3921 1680 αίῶνα.

738 1756 826 1810 23.
864 1752 1185 1807 Benedictus
1218 1746 1484 1801 Dominus
1525 1743 1667 1800 Deus
1696 1742 1858 1799 Israel
1883 1784 1899 1808 ,

2411 1731 2502 1784 25.
2533 1728 2836 1798 Εὐλογητὸς
2859 1727 3061 1797 Κύριος
3095 1728 3123 1777 ὁ
3154 1725 3284 1787 Θεὸς
3333 1723 3570 1794 Ἰσραήλ.

733 1848 824 1902 26.
863 1849 906 1900 Α
931 1843 1132 1900 saeculo
1152 1849 1206 1896 et
1231 1842 1282 1893 in
1312 1836 1593 1904 sarculum,
1624 1836 1737 1902 liat,
1771 1836 1882 1889 liat.
2272 1831 2314 1886 Β

2309 1840 2314 1881 ι
2410 1819 2502 1872 26.
2537 1817 2670 1871 Ἀπὸ
2709 1815 2804 1869 τοῦ
2847 1813 3040 1878 αἰῶνος
3075 1814 3167 1867 καὶ
3198 1815 3276 1875 εἰς
3325 1812 3416 1866 τὸν
3475 1810 3666 1874 αίῶνα,
3699 1810 3922 1879 γένοιτο,

2345 1912 2571 1980 γένοιτο.

908 2002 974 2057 In
1004 2002 1158 2072 ﬁnem
1183 2040 1198 2064 ο
1232 2001 1283 2052 in
1314 1997 1636 2051 ίηίείίεεεηηι
1667 1995 1795 2062 ﬁm’
1821 1992 1976 2048 θυῖε·
2409 2005 2512 2070 Εἰς
2549 2003 2612 2056 τὸ
2669 2003 2878 2067 τέλος,
2923 2002 3010 2064 εις
3046 2000 3302 2054 σύνεσιν
3345 1996 3466 2062 τοῖς
3503 1997 3658 2062 υἱοῖς
3689 1994 3858 2063 Κορέ.

1269 2088 1470 2145 ΡδΑι..
1507 2086 1659 2141 XLI.

2945 2095 3117 2146 ΨΑΛ.
3157 2095 3296 2148 MA'.

741 2195 788 2249 1.
845 2187 1312 2258 Quemadmodum
1363 2183 1632 2238 desiderat
1685 2194 1878 2236 cervus
1936 2178 2001 2232 ad
2064 2176 2240 2232 fontes

2425 2188 2476 2242 1.
2517 2188 2612 2239 Ὃν
2639 2186 2837 2256 τρόπον
2865 2184 3175 2255 ὲπιποθεῖὴ
3223 2184 3418 2253 ἔλαφος
3479 2182 3572 2235 ἐπὶ
3603 2181 3706 2244 τὰς
3757 2181 3923 2251 πηγὰς

671 2301 968 2361 aquarum;

2353 2276 2462 2328 τῶν
2497 2275 2720 2327 ὑδάτων·

1792 2403 2170 2460 ATHANASII
2215 2407 2802 2466 INTERPRETATIO.

744 2539 829 2595 ll.
860 2534 922 2590 Et
944 2533 1047 2605 ipsi
1068 2529 1240 2587 Judaei
1273 2525 1562 2582 consilium
1597 2523 1872 2577 iniverunt
1906 2537 2030 2578 cum
2058 2520 2195 2577 Juda
2222 2563 2238 2587 ,

2415 2528 2495 2581 14.
2531 2529 2638 2581 Καὶ
2668 2529 2822 2582 αὐτοὶ
2881 2527 2931 2580 oi
2980 2525 3223 2579 Ἰουδαῖοι
3283 2522 3737 2578 συνεϐουλεύοπο
3794 2521 3921 2595 μετὰ

2341 2620 2431 2674 τοῦ
2478 2622 2670 2687 Ἰούδα,

743 2713 829 2768 15.
868 2708 937 2766 Ut
960 2722 1085 2762 eum
1111 2701 1656 2774 comprehenderent,

1616 2709 1656 2765 ί»
2410 2713 2498 2766 15.
2523 2715 2641 2766 Ἵνα
2671 2713 3016 2782 κρατήσωσιν
3044 2710 3227 2772 αὐτὸν,

744 2803 831 2858 16.
869 2800 939 2856 Ut
971 2801 1148 2870 ipsum
1186 2794 1570 2850 interﬁcerent.

2413 2801 2500 2854 16.
2533 2802 2650 2854 Ἵνα
2679 2800 3075 2854 ἀποκτείνωσιν
3102 2798 3283 2850 αὐτόν.

745 2896 830 2951 17.
862 2894 1086 2948 Mortem
1129 2888 1340 2945 Domini
1386 2886 1688 2956 signiﬁcat,
1728 2895 1782 2938 et
1819 2882 1966 2953 quod
1995 2881 2234 2952 seipsum

2417 2891 2504 2944 17.
2537 2890 2640 2943 Τὸν
2671 2889 2901 2943 θάνατον
2923 2887 3018 2941 τοῦ
3047 2888 3253 2958 Κυρίου
3292 2886 3462 2955 λέγει,
3515 2887 3611 2939 καὶ
3643 2887 3923 2941 ausa-nini

675 2984 1035 3042 resuscitavit.
2272 3040 2288 3054 Α

2272 3040 2309 3054 Α
2343 2983 2659 3054 ἀνέστησεν.

744 3077 832 3131 18.
867 3073 963 3128 Hic
979 3073 1124 3128 enim
1148 3076 1233 3125 est
1259 3083 1362 3138 pax
1389 3075 1574 3121 nostra
1600 3065 1822 3120 dicens:
1851 3062 2047 3119 Pacem
2071 3078 2239 3117 meam
2267 3040 2310 3099 θ

2415 3073 2498 3127 18.
2530 3040 2697 3135 Diam;
2743 3070 2818 3142 (1)
2865 3070 2972 3142 γάρ
3005 3071 3153 3124 ἐστιν
3195 3070 3229 3140 ἡ
3256 3070 3445 3141 εἰρήνη
3477 3067 3660 3140 ἡμῶν,
3689 3071 3718 3121 ὁ
3746 3068 3923 3121 εἰπών·

673 3173 740 3225 do
765 3169 907 3224 vobis
937 3166 982 3197 ⁸³
2339 3164 2600 3234 Εἰρήνην
2632 3163 2748 3232 τὴν
2775 3162 2932 3231 ἐμὴν
2961 3161 3168 3230 δίδωμι
3201 3162 3363 3229 ὑμῖν.

744 3260 832 3317 19.
864 3259 939 3314 De
957 3256 1095 3312 Juda
1121 3253 1382 3324 loquitur,
1411 3259 1464 3304 et
1488 3250 1608 3320 ejus
1630 3248 1959 3318 proditione.

2418 3254 2505 3308 19.
2529 3255 2664 3324 Περὶ
2689 3252 2785 3305 τοῦ
2802 3252 2971 3305 Ἰούδα
2986 3251 3154 3319 λέγει,
3183 3253 3277 3304 καὶ
3309 3251 3407 3320 τῆς
3427 3251 3723 3320 προδοσίας
3749 3251 3926 3306 αὑτοῦ.

742 3351 832 3408 20.
863 3351 1090 3406 Demum
1118 3345 1354 3417 populus
1393 3358 1422 3396 a
1457 3342 1688 3396 Domino
1729 3340 1994 3394 liberatus
2021 3337 2152 3393 dicit
2176 3337 2243 3392 ad

2411 3348 2501 3402 20.
2530 3346 2732 3400 Λοιπὸν
2756 3349 2785 3400 ὁ
2818 3347 3035 3416 ῥυσθεὶς
3071 3345 3162 3398 διά
3217 3345 3312 3397 τοῦ
3368 3346 3573 3416 Κυρίου
3611 3346 3743 3409 λαὸς
3791 3349 3926 3416 λέγει

673 3461 796 3502 eum
839 3462 852 3497 :
892 3441 997 3504 Tu,
1030 3439 1274 3499 Domine,
1303 3437 1394 3506 qui
1430 3437 1542 3488 haec
1594 3431 1924 3498 sustinuisti,
1975 3429 2242 3486 resuscita

2345 3438 2480 3509 πρὸς
2508 3436 2687 3490 αὐτόν·
2709 3437 2808 3501 Σὺ,
2827 3436 3019 3507 Κύριε,
3047 3438 3075 3490 ὁ
3094 3436 3266 3490 ταῦτα
3296 3439 3926 3511 ὑπομείναςβνὼττησον

675 3551 776 3590 nos
806 3548 899 3603 per
931 3538 1160 3584 mortem
1189 3535 1336 3580 tuam
1359 3563 1374 3589 ,
1419 3532 1476 3578 et
1514 3522 1921 3577 dominabimur
1953 3521 2243 3590 potestati-

2343 3531 2491 3600 ἡμᾶς
2515 3528 2601 3582 διὰ
2630 3528 2719 3582 τοῦ
2749 3528 2978 3584 θανάτου
3014 3547 3128 3596 σου,
3158 3532 3252 3584 καὶ
3287 3532 3654 3604 κυριεύσομεν
3702 3533 3811 3585 τῶν
3842 3532 3925 3584 δυ-

674 3631 778 3683 bus
805 3623 1027 3679 inimici.

2343 3622 2559 3691 νάμεων
2587 3620 2682 3673 τοῦ
2716 3621 2931 3694 ἐχθροῦ.

743 3720 806 3774 2i
828 3759 843 3784 ,
876 3718 966 3772 22.
996 3715 1130 3771 Hinc
1153 3711 1534 3783 cognovimus,
1573 3708 1834 3779 quoniam
1875 3705 2096 3762 voluisti
2133 3704 2243 3760 sal—

2409 3715 2609 3780 2i,22.
2653 3716 2933 3769 Ἐντεῦθεν
2967 3715 3286 3787 ἐγνώκαμεν
3313 3719 3394 3771 ὅτι
3430 3719 3712 3788 ἠθέλησας
3764 3719 3929 3771 σῶσαι

675 3828 801 3867 vare
823 3827 944 3876 nos,
973 3824 1040 3864 eo
1065 3807 1209 3878 quod
1234 3821 1335 3860 nos
1356 3803 1600 3858 liberasti
1630 3817 1660 3856 a
1691 3801 1932 3856 diabolo.

2345 3809 2510 3879 ἡμᾶς,
2536 3809 2627 3875 ἀφ’
2655 3801 2728 3860 ὧν
2749 3808 2964 3879 ὲρῤύσω
2994 3811 3142 3879 ἡμᾶς
3174 3812 3239 3862 ὲκ
3268 3809 3362 3862 τοῦ
3390 3809 3663 3864 διαὸὀλου.

741 3906 832 3960 25.
861 3903 1154 3972 Propterea
1199 3896 1486 3968 suscepisti
1516 3909 1623 3961 me,
1661 3895 1789 3965 quia
1817 3894 2034 3949 sincero
2074 3889 2241 3947 corde

2414 3899 2506 3952 23.
2541 3898 2640 3951 Διά
2662 3899 2818 3952 τοῦτο
2836 3901 3132 3954 ἀντελάϐου
3161 3917 3284 3972 μου,
3341 3902 3424 3954 ὅτι
3449 3901 3509 3953 ὲν
3539 3901 3765 3973 καθαρᾷ
3804 3918 3927 3972 καρ-

673 3996 913 4061 credidi,

2343 3991 2431 4061 δίᾳ
2451 3991 2761 4045 ἐπίστευσα.

743 4083 833 4138 24.
874 4081 938 4136 Ει
963 4080 1259 4152 promisisti
1286 4079 1418 4136 mihi
1451 4092 1678 4150 regnum
1709 4075 2000 4131 cmlorum.

2412 4082 2503 4136 24.
2521 4083 2632 4135 Καὶ
2652 4083 2965 4154 ὲπηγγείλω
3000 4103 3089 4156 μοι
3118 4086 3215 4157 τὴν
3238 4085 3515 4157 βασιλείαν
3540 4087 3652 4142 τῶν
3671 4088 3927 4161 οὐρανῶν.

742 4179 848 4244 25,
877 4175 968 4233 26.
1015 4175 1338 4230 Benedictus
1380 4169 1642 4225 Dominus
1691 4167 1836 4223 Deus
1880 4167 2129 4222 cordium
2164 4165 2245 4219 vi-

2414 4174 2507 4238 25,
2560 4174 2648 4230 26.
2710 4177 3014 4248 Εὐλογητὸς
3072 4178 3278 4249 Κύριος
3329 4181 3516 4242 ὁΘεὸς
3556 4181 3669 4232 τῶν
3701 4179 3932 4252 καρδιῶν

675 4271 917 4325 dentium
962 4283 1083 4323 eum
1125 4283 1158 4321 a
1197 4263 1452 4335 praesenti
1477 4261 1708 4325 saeculo,
1735 4269 1788 4314 ct
1822 4275 1993 4328 usque
2020 4258 2073 4312 in
2099 4274 2244 4314 sem-

2345 4269 2454 4324 τῶν
2484 4271 2734 4343 ὁρώντων
2769 4274 2932 4327 αὐτὸν
2960 4273 3068 4326 ἀπὸ
3091 4272 3184 4325 τοῦ
3215 4270 3310 4325 νῦν
3351 4271 3545 4334 αἰῶνος
3578 4273 3674 4326 καὶ
3714 4274 3820 4336 ἕως
3846 4271 3930 4324 τοῦ

676 4365 969 4432 piternum.
1011 4362 1181 4415 Amen
1215 4360 1408 4413 Amen.
1461 4354 1622 4411 Israel
1658 4353 1803 4408 enim
1857 4353 2245 4422 interpretatur
2281 4395 2289 4449 1

2314 4363 2730 4442 γάτελευτήτου.
2768 4364 2959 4435 Ἀμὴν,
2993 4365 3164 4436 ἀμήν.
3203 4363 3420 4436 Ἰσραὴλ
3471 4364 3570 4434 μὲν
3616 4352 3729 4436 γάρ
3765 4366 3927 4436 ἑρμη-

675 4471 818 4506 mena
866 4452 1041 4506 videns
1091 4449 1280 4504 Deum.
1340 4447 1478 4501 Illud
1527 4453 1706 4500 autem
1757 4445 1854 4512 ﬁat
1912 4444 2032 4500 loco
2082 4444 2288 4498 Amen'

2353 4455 2566 4508 νεύεται
2594 4457 2740 4521 νοῦς
2771 4455 2927 4523 ὀρῶν
2976 4457 3146 4510 Θεόνο
3187 4456 3247 4508 τὸ
3291 4457 3347 4510 δὲ
3398 4455 3633 4526 γένοιτο
3679 4457 3804 4510 ἀντὶ
3847 4453 3929 4508 τοῦ

675 4546 918 4615 ponitur.

2345 4546 2508 4614 ἀμὴν
2539 4548 2842 4617 πρόκειται.

757 4665 819 4716 Ἦ
847 4657 1178 4733 προκειμένη
1205 4653 1483 4726 ἐπιγραφὴ
1518 4651 1759 4722 περιέχει
1777 4650 1874 4721 (2)'
1894 4654 1998 4718 Εἰς
2023 4651 2090 4706 τὸ
2134 4654 2328 4722 τέλος,
2356 4662 2442 4725 εὶς
2471 4662 2730 4714 σύνεσιν
2754 4661 2878 4727 τοῖς
2912 4662 3065 4728 υἱοῖς
3096 4661 3264 4731 Κορέ’
3293 4664 3590 4725 τουτέστιν,
3634 4665 3683 4717 οἱ
3733 4661 3930 4717 ἀντιλᾴ

675 4772 859 4828 γοντες
891 4752 978 4808 διὰ
1005 4750 1103 4814 τὰς
1130 4749 1397 4821 ἁμαρτίας
1428 4748 1503 4817 (3)
1531 4743 1609 4814 τῷ
1642 4743 1853 4814 Κυρίῳ,
1897 4745 2002 4798 υίοὶ
2053 4747 2198 4819 Κορέ
2251 4751 2409 4804 εἰσιν·
2463 4753 2650 4822 ἐπειδὴ
2700 4755 2949 4817 κάκεῖνος
2988 4754 3326 4824 ἀντιλογικὸς
3353 4756 3646 4826 γεγένηται
3683 4755 3826 4826 πρὸς
3852 4754 3930 4808 τὸν

676 4849 826 4996 erm-
889 4848 997 4991 1:1;
1022 4840 1347 5008 ἱῦἶμὲὓτως
1399 4838 1756 4906 ἀντιλογικοῖς
1822 4831 1940 4890 οὖσι
2005 4837 2066 4890 τὸ
2105 4839 2387 4912 πρότερον,
2437 4845 2529 4897 ἐπὶ
2567 4844 2718 4907 τέλος
2767 4846 2844 4916 (4)
2879 4846 2935 4898 δὲ
2991 4847 3083 4900 ιπι
3140 4845 3352 4901 σύνεσιν
3411 4846 3620 4916 ἀγαθὴν
3668 4846 3931 4932 ἐλθοῦσινι

677 4961 702 4995 ε
730 4956 864 5008 ρηκε
894 4957 924 4992 τ
956 4956 985 4992 ν
1065 4953 1102 4990 α
1207 4953 1254 4989 ν.

730 4956 864 5014 ρηκε
894 4956 985 4992 τον
1022 4956 1254 5008 ψαλμον.

748 5055 965 5111 Titulus
992 5051 1315 5123 prepositus
1344 5048 1588 5104 continet
1620 5067 1632 5102 :
1667 5045 1730 5101 1η
1755 5046 1944 5115 ﬁnem,
1979 5048 2034 5100 in
2072 5048 2398 5103 intellectum
2432 5051 2564 5121 ﬁliis
2595 5051 2728 5107 Core
2758 5071 2774 5106 :
2815 5069 2920 5109 noc
2963 5067 3048 5110 est
3075 5095 3091 5121 ,
3132 5053 3226 5124 qui
3268 5053 3658 5110 contradicunt
3701 5051 3930 5106 Domino

679 5162 898 5224 propter
924 5158 1149 5221 peccata
1169 5187 1184 5210 ,
1212 5146 1307 5201 ﬁlii
1340 5145 1483 5202 Core
1509 5152 1669 5209 sunt,
1708 5143 1967 5212 quoniam
1997 5153 2061 5198 et
2088 5145 2176 5200 ille
2209 5149 2582 5203 contradictor
2631 5147 2742 5203 Deo
2772 5151 2984 5204 exstitit
3015 5171 3027 5204 :
3063 5151 3150 5205 his
3178 5150 3345 5222 igitur
3371 5149 3443 5202 ita
3471 5147 3626 5219 prius
3652 5145 3928 5201 contradi-

678 5246 953 5308 centibus,
980 5245 1035 5298 in
1069 5243 1231 5299 ﬁnem
1263 5253 1443 5296 autem
1469 5241 1522 5294 in
1550 5241 1756 5295 bonum
1782 5240 2122 5295 intellectum
2147 5243 2495 5300 venientibus
2536 5247 2812 5314 psalmum
2849 5247 3010 5303 dixit.

745 5366 796 5417 1.
826 5360 1295 5429 Quemadmodum
1321 5375 1536 5424 cervus,
1570 5368 1927 5430 posteaquam
1975 5359 2085 5415 edit
2125 5376 2244 5417 ser-

2424 5364 2475 5418 1.
2496 5366 2705 5436 Ὥσπερ
2728 5365 2973 5435 ἠέλαιρος
3005 5366 3141 5436 μετὰ
3172 5366 3232 5418 τὸ
3263 5363 3463 5419 ἐσθίειν
3489 5363 3581 5417 τὸν
3604 5362 3731 5431 ὅφιν
3753 5362 3929 5433 τρέχει

821 5459 978 5513 Joan.
1007 5473 1117 5521 xxv,
1142 5456 1232 5511 27.

1627 5527 1937 5592 Addenda
1969 5537 2028 5592 et
2065 5531 2434 5610 corrigenda

1627 5527 1937 5592 Addenda
1969 5537 2028 5592 et
2065 5531 2439 5610 corrigenda
2471 5548 2548 5590 ex
2586 5529 2727 5590 cod.
2762 5530 2961 5591 Vatic.

749 5635 827 5722 (1)
849 5634 1039 5722 ἐἶτέςτ
1106 5705 1133 5717 -
1280 5721 1284 5722 ν
1360 5704 1419 5722 ..
1476 5721 1479 5722 ,

1558 5721 1561 5722 κ
1650 5719 1695 5722 μ
2428 5632 2957 5722 (ξὶῖηῆςςάμαρτίας-

749 5705 826 5775 (ει)
873 5708 935 5759 Ἡ
959 5706 1046 5759 διὰ
1075 5705 1172 5776 τῆς
1201 5705 1566 5776 κινναϐάρεως
1601 5719 1724 5774 περ.
2434 5705 2506 5774 (4)
2535 5705 2707 5756 Τέλει.
