  <div class='ocr_page' id='page_1' title='image "/cluster/home/n/w/nwhite01/storage/ocr_20150623/27/pst.000005712182/416.png"; bbox 0 0 4084 6322; ppageno 0'>
   <div class='ocr_carea' id='block_1_1' title="bbox 122 364 3363 454">
    <p class='ocr_par' dir='ltr' id='par_1_1' title="bbox 122 364 3363 454">
     <span class='ocr_line' id='line_1_1' title="bbox 122 364 3363 454; baseline -0.01 0"><span class='ocrx_word' id='word_1_1' title='bbox 122 400 206 454; x_wconf 77' lang='grc' dir='ltr'><strong>8Ιῖ</strong></span> <span class='ocrx_word' id='word_1_2' title='bbox 1000 391 1087 445; x_wconf 83' lang='lat' dir='ltr'><strong>DE</strong></span> <span class='ocrx_word' id='word_1_3' title='bbox 1122 386 1402 443; x_wconf 68' lang='lat' dir='ltr'><strong>TITULIS</strong></span> <span class='ocrx_word' id='word_1_4' title='bbox 1441 380 1894 439; x_wconf 76' lang='lat' dir='ltr'><strong>PSALMORUM.</strong></span> <span class='ocrx_word' id='word_1_5' title='bbox 1935 409 2005 421; x_wconf 93' lang='lat'><strong>-—</strong></span> <span class='ocrx_word' id='word_1_6' title='bbox 2041 377 2236 434; x_wconf 84' lang='lat' dir='ltr'><strong>PSAL.</strong></span> <span class='ocrx_word' id='word_1_7' title='bbox 2280 373 2438 432; x_wconf 81' lang='lat' dir='ltr'><strong>XLII.</strong></span> <span class='ocrx_word' id='word_1_8' title='bbox 3259 364 3363 423; x_wconf 68' lang='lat'><strong>818</strong></span> 
     </span>
    </p>
   </div>
   <div class='ocr_carea' id='block_1_2' title="bbox 435 506 2048 587">
    <p class='ocr_par' dir='ltr' id='par_1_2' title="bbox 435 506 1765 587">
     <span class='ocr_line' id='line_1_2' title="bbox 435 506 1765 587; baseline -0.009 -15"><span class='ocrx_word' id='word_1_9' title='bbox 435 515 681 587; x_wconf 71' lang='grc' dir='ltr'><strong>Ψαλμὸς</strong></span> <span class='ocrx_word' id='word_1_10' title='bbox 705 513 785 581; x_wconf 80' lang='grc' dir='ltr'><strong>τῷ</strong></span> <span class='ocrx_word' id='word_1_11' title='bbox 816 513 1009 568; x_wconf 61' lang='lat' dir='ltr'><strong>Accio.</strong></span> <span class='ocrx_word' id='word_1_12' title='bbox 1040 516 1213 567; x_wconf 76' lang='grc' dir='ltr'><strong>ΨΑΑ.</strong></span> <span class='ocrx_word' id='word_1_13' title='bbox 1251 506 1390 565; x_wconf 85' lang='lat' dir='ltr'><strong>MB’.</strong></span> <span class='ocrx_word' id='word_1_14' title='bbox 1721 506 1765 561; x_wconf 83' lang='lat' dir='ltr'><strong>A</strong></span> 
     </span>
    </p>
   </div>
   <div class='ocr_carea' id='block_1_3' title="bbox 1441 506 3054 587">
    <p class='ocr_par' dir='ltr' id='par_1_3' title="bbox 1721 506 3054 575">
     <span class='ocr_line' id='line_1_3' title="bbox 1721 506 3054 575; baseline -0.008 1"><span class='ocrx_word' id='word_1_15' title='bbox 1721 506 1765 561; x_wconf 79' lang='grc' dir='ltr'><strong>Α</strong></span> <span class='ocrx_word' id='word_1_16' title='bbox 2130 520 2377 575; x_wconf 72' lang='grc' dir='ltr'>Ρδαιηιυε</span> <span class='ocrx_word' id='word_1_17' title='bbox 2410 517 2601 571; x_wconf 80' lang='lat' dir='ltr'><strong>David.</strong></span> <span class='ocrx_word' id='word_1_18' title='bbox 2642 514 2837 571; x_wconf 72' lang='lat' dir='ltr'><strong>PSAL.</strong></span> <span class='ocrx_word' id='word_1_19' title='bbox 2870 510 3054 569; x_wconf 82' lang='lat' dir='ltr'><strong><em>XLII.</em></strong></span> 
     </span>
    </p>
   </div>
   <div class='ocr_carea' id='block_1_4' title="bbox 188 598 1801 681">
    <p class='ocr_par' dir='ltr' id='par_1_4' title="bbox 188 598 1691 681">
     <span class='ocr_line' id='line_1_4' title="bbox 188 598 1691 681; baseline -0.011 -18"><span class='ocrx_word' id='word_1_20' title='bbox 188 610 235 665; x_wconf 81' lang='grc'><strong>1.</strong></span> <span class='ocrx_word' id='word_1_21' title='bbox 266 611 466 681; x_wconf 80' lang='grc' dir='ltr'>Κρίνόν</span> <span class='ocrx_word' id='word_1_22' title='bbox 497 628 607 681; x_wconf 89' lang='grc' dir='ltr'>μοι,</span> <span class='ocrx_word' id='word_1_23' title='bbox 633 612 661 663; x_wconf 95' lang='lat'><strong>6</strong></span> <span class='ocrx_word' id='word_1_24' title='bbox 697 608 848 672; x_wconf 83' lang='grc' dir='ltr'>Θεὸς,</span> <span class='ocrx_word' id='word_1_25' title='bbox 890 607 984 661; x_wconf 74' lang='grc' dir='ltr'><strong>καὶ</strong></span> <span class='ocrx_word' id='word_1_26' title='bbox 1025 605 1242 660; x_wconf 87' lang='grc' dir='ltr'>δίκασον</span> <span class='ocrx_word' id='word_1_27' title='bbox 1261 602 1359 672; x_wconf 80' lang='grc' dir='ltr'><strong>τὴν</strong></span> <span class='ocrx_word' id='word_1_28' title='bbox 1382 598 1535 669; x_wconf 84' lang='grc' dir='ltr'>δίκην</span> <span class='ocrx_word' id='word_1_29' title='bbox 1591 613 1691 667; x_wconf 82' lang='grc' dir='ltr'><strong>μου</strong></span> 
     </span>
    </p>
   </div>
   <div class='ocr_carea' id='block_1_5' title="bbox 1751 598 3364 681">
    <p class='ocr_par' dir='ltr' id='par_1_5' title="bbox 1872 609 3364 678">
     <span class='ocr_line' id='line_1_5' title="bbox 1872 609 3364 678; baseline -0.01 -9"><span class='ocrx_word' id='word_1_30' title='bbox 1872 616 1924 669; x_wconf 98' lang='grc'><strong>1.</strong></span> <span class='ocrx_word' id='word_1_31' title='bbox 1965 613 2158 669; x_wconf 84' lang='lat' dir='ltr'><strong>Judica</strong></span> <span class='ocrx_word' id='word_1_32' title='bbox 2186 628 2293 678; x_wconf 90' lang='lat' dir='ltr'><strong>me,</strong></span> <span class='ocrx_word' id='word_1_33' title='bbox 2332 611 2495 676; x_wconf 87' lang='lat' dir='ltr'><strong>Deus,</strong></span> <span class='ocrx_word' id='word_1_34' title='bbox 2542 620 2596 664; x_wconf 89' lang='lat' dir='ltr'><strong>et</strong></span> <span class='ocrx_word' id='word_1_35' title='bbox 2633 609 2882 665; x_wconf 84' lang='lat' dir='ltr'><strong>discerne</strong></span> <span class='ocrx_word' id='word_1_36' title='bbox 2922 618 3145 662; x_wconf 83' lang='lat' dir='ltr'><strong>causam</strong></span> <span class='ocrx_word' id='word_1_37' title='bbox 3188 612 3364 656; x_wconf 79' lang='lat' dir='ltr'><strong>meam</strong></span> 
     </span>
    </p>
   </div>
   <div class='ocr_carea' id='block_1_6' title="bbox 127 702 1740 774">
    <p class='ocr_par' dir='ltr' id='par_1_6' title="bbox 127 702 695 773">
     <span class='ocr_line' id='line_1_6' title="bbox 127 702 695 773; baseline 0 -19"><span class='ocrx_word' id='word_1_38' title='bbox 127 703 179 766; x_wconf 74' lang='grc' dir='ltr'><strong>ἐξ</strong></span> <span class='ocrx_word' id='word_1_39' title='bbox 200 703 385 765; x_wconf 77' lang='grc' dir='ltr'><strong>ἔθνους</strong></span> <span class='ocrx_word' id='word_1_40' title='bbox 411 703 508 773; x_wconf 78' lang='grc' dir='ltr'>οὐχ</span> <span class='ocrx_word' id='word_1_41' title='bbox 527 702 695 755; x_wconf 83' lang='grc' dir='ltr'>όσίου’</span> 
     </span>
    </p>
   </div>
   <div class='ocr_carea' id='block_1_7' title="bbox 813 702 2426 774">
    <p class='ocr_par' dir='ltr' id='par_1_7' title="bbox 1794 705 2426 774">
     <span class='ocr_line' id='line_1_7' title="bbox 1794 705 2426 774; baseline -0.008 -15"><span class='ocrx_word' id='word_1_42' title='bbox 1794 705 1861 759; x_wconf 86' lang='lat' dir='ltr'><strong>de</strong></span> <span class='ocrx_word' id='word_1_43' title='bbox 1885 713 2043 774; x_wconf 77' lang='lat' dir='ltr'><strong>gente</strong></span> <span class='ocrx_word' id='word_1_44' title='bbox 2066 718 2171 757; x_wconf 91' lang='lat' dir='ltr'><strong>non</strong></span> <span class='ocrx_word' id='word_1_45' title='bbox 2200 710 2386 757; x_wconf 88' lang='lat' dir='ltr'><strong>sancta</strong></span> <span class='ocrx_word' id='word_1_46' title='bbox 2412 718 2426 754; x_wconf 90' lang='lat'>:</span> 
     </span>
    </p>
   </div>
   <div class='ocr_carea' id='block_1_8' title="bbox 187 779 1800 862">
    <p class='ocr_par' dir='ltr' id='par_1_8' title="bbox 187 779 1583 858">
     <span class='ocr_line' id='line_1_8' title="bbox 187 779 1583 858; baseline -0.007 -18"><span class='ocrx_word' id='word_1_47' title='bbox 187 788 239 844; x_wconf 60' lang='grc' dir='ltr'><strong>ἓ.</strong></span> <span class='ocrx_word' id='word_1_48' title='bbox 278 787 411 839; x_wconf 81' lang='grc' dir='ltr'>Ἀπὸ</span> <span class='ocrx_word' id='word_1_49' title='bbox 441 786 724 858; x_wconf 83' lang='grc' dir='ltr'>ἀνθρώπου</span> <span class='ocrx_word' id='word_1_50' title='bbox 751 786 935 839; x_wconf 85' lang='grc' dir='ltr'>ἀδίκου</span> <span class='ocrx_word' id='word_1_51' title='bbox 966 784 1060 837; x_wconf 76' lang='grc' dir='ltr'>καὶ</span> <span class='ocrx_word' id='word_1_52' title='bbox 1101 782 1275 837; x_wconf 78' lang='grc' dir='ltr'>δολίου</span> <span class='ocrx_word' id='word_1_53' title='bbox 1309 779 1467 852; x_wconf 81' lang='grc' dir='ltr'>ῥῦσαί</span> <span class='ocrx_word' id='word_1_54' title='bbox 1493 787 1583 849; x_wconf 78' lang='grc' dir='ltr'>με’</span> 
     </span>
    </p>
   </div>
   <div class='ocr_carea' id='block_1_9' title="bbox 1489 779 3102 862">
    <p class='ocr_par' dir='ltr' id='par_1_9' title="bbox 1493 787 3102 862">
     <span class='ocr_line' id='line_1_9' title="bbox 1493 787 3102 862; baseline -0.004 -13"><span class='ocrx_word' id='word_1_55' title='bbox 1493 787 1583 849; x_wconf 79' lang='grc' dir='ltr'><strong>με’</strong></span> <span class='ocrx_word' id='word_1_56' title='bbox 1868 795 1922 848; x_wconf 73' lang='grc'><strong>2.</strong></span> <span class='ocrx_word' id='word_1_57' title='bbox 1956 795 2038 849; x_wconf 81' lang='lat' dir='ltr'><strong>Ab</strong></span> <span class='ocrx_word' id='word_1_58' title='bbox 2068 793 2289 848; x_wconf 88' lang='lat' dir='ltr'><strong>homine</strong></span> <span class='ocrx_word' id='word_1_59' title='bbox 2310 792 2497 862; x_wconf 91' lang='lat' dir='ltr'><strong>iniquo</strong></span> <span class='ocrx_word' id='word_1_60' title='bbox 2518 798 2571 844; x_wconf 89' lang='lat' dir='ltr'><strong>et</strong></span> <span class='ocrx_word' id='word_1_61' title='bbox 2598 789 2791 844; x_wconf 91' lang='lat' dir='ltr'><strong>doloso</strong></span> <span class='ocrx_word' id='word_1_62' title='bbox 2810 803 2940 844; x_wconf 88' lang='lat' dir='ltr'><strong>erue</strong></span> <span class='ocrx_word' id='word_1_63' title='bbox 2972 801 3059 841; x_wconf 91' lang='lat' dir='ltr'><strong>me</strong></span> <span class='ocrx_word' id='word_1_64' title='bbox 3091 808 3102 843; x_wconf 88' lang='lat'>:</span> 
     </span>
    </p>
   </div>
   <div class='ocr_carea' id='block_1_10' title="bbox 190 875 1803 953">
    <p class='ocr_par' dir='ltr' id='par_1_10' title="bbox 190 875 1308 948">
     <span class='ocr_line' id='line_1_10' title="bbox 190 875 1308 948; baseline -0.004 -17"><span class='ocrx_word' id='word_1_65' title='bbox 190 878 240 931; x_wconf 74' lang='lat'><strong>3.</strong></span> <span class='ocrx_word' id='word_1_66' title='bbox 276 880 400 931; x_wconf 88' lang='grc' dir='ltr'>Ὅτι</span> <span class='ocrx_word' id='word_1_67' title='bbox 435 879 497 931; x_wconf 74' lang='grc' dir='ltr'><strong>σὺ</strong></span> <span class='ocrx_word' id='word_1_68' title='bbox 533 875 584 931; x_wconf 72' lang='grc' dir='ltr'>εἴ</span> <span class='ocrx_word' id='word_1_69' title='bbox 609 881 638 932; x_wconf 96' lang='lat'><strong>6</strong></span> <span class='ocrx_word' id='word_1_70' title='bbox 669 878 801 942; x_wconf 76' lang='grc' dir='ltr'>Θεὸς</span> <span class='ocrx_word' id='word_1_71' title='bbox 832 876 1156 948; x_wconf 84' lang='grc' dir='ltr'>κραταίωμά</span> <span class='ocrx_word' id='word_1_72' title='bbox 1184 893 1308 947; x_wconf 92' lang='grc' dir='ltr'>μου.</span> 
     </span>
    </p>
   </div>
   <div class='ocr_carea' id='block_1_11' title="bbox 1303 875 2916 953">
    <p class='ocr_par' dir='ltr' id='par_1_11' title="bbox 1303 881 2916 953">
     <span class='ocr_line' id='line_1_11' title="bbox 1303 881 2916 953; baseline -0.007 -8"><span class='ocrx_word' id='word_1_73' title='bbox 1303 913 1308 926; x_wconf 72' lang='grc' dir='ltr'><strong>ι</strong></span> <span class='ocrx_word' id='word_1_74' title='bbox 1870 888 1928 943; x_wconf 80' lang='grc'><strong>5.</strong></span> <span class='ocrx_word' id='word_1_75' title='bbox 1976 888 2115 953; x_wconf 89' lang='lat' dir='ltr'><strong>Quia</strong></span> <span class='ocrx_word' id='word_1_76' title='bbox 2150 896 2208 939; x_wconf 92' lang='lat' dir='ltr'><strong>tu</strong></span> <span class='ocrx_word' id='word_1_77' title='bbox 2234 900 2294 940; x_wconf 90' lang='lat' dir='ltr'><strong>es</strong></span> <span class='ocrx_word' id='word_1_78' title='bbox 2319 883 2463 939; x_wconf 86' lang='lat' dir='ltr'><strong>Deus</strong></span> <span class='ocrx_word' id='word_1_79' title='bbox 2486 881 2748 937; x_wconf 91' lang='lat' dir='ltr'><strong>fortitudo</strong></span> <span class='ocrx_word' id='word_1_80' title='bbox 2777 895 2916 935; x_wconf 88' lang='lat' dir='ltr'><strong>mea.</strong></span> 
     </span>
    </p>
   </div>
   <div class='ocr_carea' id='block_1_12' title="bbox 186 970 1799 1047">
    <p class='ocr_par' dir='ltr' id='par_1_12' title="bbox 186 970 866 1039">
     <span class='ocr_line' id='line_1_12' title="bbox 186 970 866 1039; baseline 0.001 -18"><span class='ocrx_word' id='word_1_81' title='bbox 186 970 239 1021; x_wconf 75' lang='grc'><strong>4.</strong></span> <span class='ocrx_word' id='word_1_82' title='bbox 278 971 397 1023; x_wconf 83' lang='grc' dir='ltr'>Ἵνα</span> <span class='ocrx_word' id='word_1_83' title='bbox 436 970 487 1023; x_wconf 78' lang='grc' dir='ltr'><strong>τί</strong></span> <span class='ocrx_word' id='word_1_84' title='bbox 526 970 731 1023; x_wconf 81' lang='grc' dir='ltr'>ἀπώσω</span> <span class='ocrx_word' id='word_1_85' title='bbox 765 986 866 1039; x_wconf 88' lang='grc' dir='ltr'><strong>με;</strong></span> 
     </span>
    </p>
   </div>
   <div class='ocr_carea' id='block_1_13' title="bbox 945 970 2558 1047">
    <p class='ocr_par' dir='ltr' id='par_1_13' title="bbox 1870 975 2558 1047">
     <span class='ocr_line' id='line_1_13' title="bbox 1870 975 2558 1047; baseline -0.012 -12"><span class='ocrx_word' id='word_1_86' title='bbox 1870 980 1923 1035; x_wconf 73' lang='grc'><strong>4.</strong></span> <span class='ocrx_word' id='word_1_87' title='bbox 1957 979 2138 1045; x_wconf 84' lang='lat' dir='ltr'><strong>Quare</strong></span> <span class='ocrx_word' id='word_1_88' title='bbox 2167 994 2254 1033; x_wconf 89' lang='lat' dir='ltr'><strong>me</strong></span> <span class='ocrx_word' id='word_1_89' title='bbox 2276 975 2558 1047; x_wconf 85' lang='lat' dir='ltr'><strong>repulisti?</strong></span> 
     </span>
    </p>
   </div>
   <div class='ocr_carea' id='block_1_14' title="bbox 190 1055 1803 1145">
    <p class='ocr_par' dir='ltr' id='par_1_14' title="bbox 190 1056 1694 1133">
     <span class='ocr_line' id='line_1_14' title="bbox 190 1056 1694 1133; baseline -0.003 -17"><span class='ocrx_word' id='word_1_90' title='bbox 190 1063 241 1116; x_wconf 85' lang='lat'><strong>5.</strong></span> <span class='ocrx_word' id='word_1_91' title='bbox 297 1063 408 1115; x_wconf 77' lang='grc' dir='ltr'>Καὶ</span> <span class='ocrx_word' id='word_1_92' title='bbox 456 1063 541 1116; x_wconf 79' lang='grc' dir='ltr'>ἴνα</span> <span class='ocrx_word' id='word_1_93' title='bbox 592 1064 643 1116; x_wconf 87' lang='grc' dir='ltr'><strong>τί</strong></span> <span class='ocrx_word' id='word_1_94' title='bbox 710 1060 1118 1133; x_wconf 78' lang='grc' dir='ltr'><strong>σκυθρωπάζων</strong></span> <span class='ocrx_word' id='word_1_95' title='bbox 1177 1060 1474 1132; x_wconf 82' lang='grc' dir='ltr'><strong>πορεύομαι</strong></span> <span class='ocrx_word' id='word_1_96' title='bbox 1522 1057 1579 1112; x_wconf 82' lang='grc' dir='ltr'>ὲν</span> <span class='ocrx_word' id='word_1_97' title='bbox 1619 1056 1694 1129; x_wconf 85' lang='grc' dir='ltr'>τῷ</span> 
     </span>
    </p>
   </div>
   <div class='ocr_carea' id='block_1_15' title="bbox 1759 1055 3372 1145">
    <p class='ocr_par' dir='ltr' id='par_1_15' title="bbox 1876 1055 3372 1145">
     <span class='ocr_line' id='line_1_15' title="bbox 1876 1055 3372 1145; baseline -0.013 -13"><span class='ocrx_word' id='word_1_98' title='bbox 1876 1077 1930 1132; x_wconf 85' lang='grc'><strong>5.</strong></span> <span class='ocrx_word' id='word_1_99' title='bbox 1970 1075 2036 1131; x_wconf 89' lang='grc' dir='ltr'>Ει</span> <span class='ocrx_word' id='word_1_100' title='bbox 2070 1090 2241 1145; x_wconf 89' lang='lat' dir='ltr'><strong>quare</strong></span> <span class='ocrx_word' id='word_1_101' title='bbox 2274 1074 2448 1129; x_wconf 76' lang='lat' dir='ltr'><strong>tristis</strong></span> <span class='ocrx_word' id='word_1_102' title='bbox 2476 1072 2667 1127; x_wconf 85' lang='lat' dir='ltr'><strong>incedo</strong></span> <span class='ocrx_word' id='word_1_103' title='bbox 2693 1069 2822 1124; x_wconf 91' lang='lat' dir='ltr'><strong>dum</strong></span> <span class='ocrx_word' id='word_1_104' title='bbox 2850 1064 3037 1135; x_wconf 81' lang='lat' dir='ltr'><strong>afﬂigit</strong></span> <span class='ocrx_word' id='word_1_105' title='bbox 3074 1078 3161 1118; x_wconf 93' lang='lat' dir='ltr'><strong>me</strong></span> <span class='ocrx_word' id='word_1_106' title='bbox 3190 1055 3372 1116; x_wconf 73' lang='lat' dir='ltr'><strong>inimi-</strong></span> 
     </span>
    </p>
   </div>
   <div class='ocr_carea' id='block_1_16' title="bbox 126 1154 1942 1226">
    <p class='ocr_par' dir='ltr' id='par_1_16' title="bbox 126 1154 1942 1226">
     <span class='ocr_line' id='line_1_16' title="bbox 126 1154 1942 1226; baseline 0.009 -20"><span class='ocrx_word' id='word_1_107' title='bbox 126 1154 387 1207; x_wconf 72' lang='grc' dir='ltr'>ἐκθλίϐειν</span> <span class='ocrx_word' id='word_1_108' title='bbox 418 1155 507 1208; x_wconf 78' lang='grc' dir='ltr'><strong>τὸν</strong></span> <span class='ocrx_word' id='word_1_109' title='bbox 535 1155 724 1226; x_wconf 76' lang='grc' dir='ltr'>ἐχθρόν</span> <span class='ocrx_word' id='word_1_110' title='bbox 747 1172 761 1219; x_wconf 88' lang='grc'><strong>;</strong></span> <span class='ocrx_word' id='word_1_111' title='bbox 1800 1170 1942 1226; x_wconf 81' lang='lat' dir='ltr'><strong>cus?</strong></span> 
     </span>
    </p>
   </div>
   <div class='ocr_carea' id='block_1_17' title="bbox 190 1242 1803 1316">
    <p class='ocr_par' dir='ltr' id='par_1_17' title="bbox 190 1242 1690 1314">
     <span class='ocr_line' id='line_1_17' title="bbox 190 1242 1690 1314; baseline -0.004 -15"><span class='ocrx_word' id='word_1_112' title='bbox 190 1246 242 1300; x_wconf 83' lang='lat'><em>6.</em></span> <span class='ocrx_word' id='word_1_113' title='bbox 279 1244 688 1309; x_wconf 85' lang='grc' dir='ltr'>Ἐξαπόστειλον</span> <span class='ocrx_word' id='word_1_114' title='bbox 707 1246 767 1298; x_wconf 82' lang='grc' dir='ltr'>τὸ</span> <span class='ocrx_word' id='word_1_115' title='bbox 787 1245 902 1314; x_wconf 81' lang='grc' dir='ltr'><strong>φῶς</strong></span> <span class='ocrx_word' id='word_1_116' title='bbox 936 1262 1027 1298; x_wconf 87' lang='grc' dir='ltr'><strong>σου</strong></span> <span class='ocrx_word' id='word_1_117' title='bbox 1058 1244 1150 1298; x_wconf 74' lang='grc' dir='ltr'>καὶ</span> <span class='ocrx_word' id='word_1_118' title='bbox 1180 1243 1276 1314; x_wconf 86' lang='grc' dir='ltr'><strong>τὴν</strong></span> <span class='ocrx_word' id='word_1_119' title='bbox 1304 1242 1557 1314; x_wconf 80' lang='grc' dir='ltr'>ἀλήθειάν</span> <span class='ocrx_word' id='word_1_120' title='bbox 1579 1258 1690 1294; x_wconf 86' lang='grc' dir='ltr'>σου·</span> 
     </span>
    </p>
   </div>
   <div class='ocr_carea' id='block_1_18' title="bbox 1530 1242 3143 1316">
    <p class='ocr_par' dir='ltr' id='par_1_18' title="bbox 1530 1251 3143 1316">
     <span class='ocr_line' id='line_1_18' title="bbox 1530 1251 3143 1316; baseline -0.014 4"><span class='ocrx_word' id='word_1_121' title='bbox 1530 1261 1557 1295; x_wconf 84' lang='grc' dir='ltr'>ν</span> <span class='ocrx_word' id='word_1_122' title='bbox 1579 1258 1690 1294; x_wconf 48' lang='grc' dir='ltr'><strong>σοιν</strong></span> <span class='ocrx_word' id='word_1_123' title='bbox 1868 1262 1921 1316; x_wconf 83' lang='grc'><strong>6.</strong></span> <span class='ocrx_word' id='word_1_124' title='bbox 1958 1260 2157 1313; x_wconf 86' lang='lat' dir='ltr'><strong>Emitte</strong></span> <span class='ocrx_word' id='word_1_125' title='bbox 2181 1258 2359 1312; x_wconf 91' lang='lat' dir='ltr'><strong>lucem</strong></span> <span class='ocrx_word' id='word_1_126' title='bbox 2381 1264 2529 1309; x_wconf 85' lang='lat' dir='ltr'><strong>tuam</strong></span> <span class='ocrx_word' id='word_1_127' title='bbox 2558 1264 2612 1308; x_wconf 91' lang='lat' dir='ltr'><strong>et</strong></span> <span class='ocrx_word' id='word_1_128' title='bbox 2636 1251 2915 1307; x_wconf 83' lang='lat' dir='ltr'><strong>veritatem</strong></span> <span class='ocrx_word' id='word_1_129' title='bbox 2953 1256 3100 1302; x_wconf 88' lang='lat' dir='ltr'><strong>tuam</strong></span> <span class='ocrx_word' id='word_1_130' title='bbox 3130 1263 3143 1298; x_wconf 92' lang='lat'>:</span> 
     </span>
    </p>
   </div>
   <div class='ocr_carea' id='block_1_19' title="bbox 188 1334 1801 1420">
    <p class='ocr_par' dir='ltr' id='par_1_19' title="bbox 188 1336 1698 1409">
     <span class='ocr_line' id='line_1_19' title="bbox 188 1336 1698 1409; baseline -0.001 -20"><span class='ocrx_word' id='word_1_131' title='bbox 188 1338 243 1394; x_wconf 90' lang='lat'><strong>7.</strong></span> <span class='ocrx_word' id='word_1_132' title='bbox 290 1337 440 1391; x_wconf 77' lang='grc' dir='ltr'>Δύτά</span> <span class='ocrx_word' id='word_1_133' title='bbox 496 1354 562 1408; x_wconf 85' lang='grc' dir='ltr'><strong>με</strong></span> <span class='ocrx_word' id='word_1_134' title='bbox 613 1336 923 1409; x_wconf 83' lang='grc' dir='ltr'>ὡδήγησαν,</span> <span class='ocrx_word' id='word_1_135' title='bbox 956 1338 1048 1391; x_wconf 80' lang='grc' dir='ltr'>καὶ</span> <span class='ocrx_word' id='word_1_136' title='bbox 1097 1337 1299 1408; x_wconf 71' lang='grc' dir='ltr'>ἠγαγόν</span> <span class='ocrx_word' id='word_1_137' title='bbox 1353 1354 1420 1408; x_wconf 86' lang='grc' dir='ltr'><strong>με</strong></span> <span class='ocrx_word' id='word_1_138' title='bbox 1457 1338 1536 1399; x_wconf 84' lang='grc' dir='ltr'>είς</span> <span class='ocrx_word' id='word_1_139' title='bbox 1574 1336 1698 1407; x_wconf 83' lang='grc' dir='ltr'>όρος</span> 
     </span>
    </p>
   </div>
   <div class='ocr_carea' id='block_1_20' title="bbox 1755 1334 3368 1420">
    <p class='ocr_par' dir='ltr' id='par_1_20' title="bbox 1877 1334 3368 1420">
     <span class='ocr_line' id='line_1_20' title="bbox 1877 1334 3368 1420; baseline -0.011 -17"><span class='ocrx_word' id='word_1_140' title='bbox 1877 1352 1928 1406; x_wconf 88' lang='lat'><strong>7.</strong></span> <span class='ocrx_word' id='word_1_141' title='bbox 1965 1349 2081 1420; x_wconf 82' lang='lat' dir='ltr'><strong>Ipsa</strong></span> <span class='ocrx_word' id='word_1_142' title='bbox 2118 1365 2204 1403; x_wconf 93' lang='lat' dir='ltr'><strong>me</strong></span> <span class='ocrx_word' id='word_1_143' title='bbox 2238 1348 2621 1408; x_wconf 81' lang='lat' dir='ltr'><strong>deduxerunt,</strong></span> <span class='ocrx_word' id='word_1_144' title='bbox 2666 1352 2720 1397; x_wconf 94' lang='lat' dir='ltr'><strong>et</strong></span> <span class='ocrx_word' id='word_1_145' title='bbox 2755 1340 3100 1396; x_wconf 80' lang='lat' dir='ltr'><strong>adduxerunt</strong></span> <span class='ocrx_word' id='word_1_146' title='bbox 3124 1334 3181 1389; x_wconf 88' lang='lat' dir='ltr'><strong>in</strong></span> <span class='ocrx_word' id='word_1_147' title='bbox 3209 1345 3368 1388; x_wconf 86' lang='lat' dir='ltr'><strong>mon-</strong></span> 
     </span>
    </p>
   </div>
   <div class='ocr_carea' id='block_1_21' title="bbox 126 1430 1739 1503">
    <p class='ocr_par' dir='ltr' id='par_1_21' title="bbox 126 1430 430 1497">
     <span class='ocr_line' id='line_1_21' title="bbox 126 1430 430 1497; baseline -0.003 -14"><span class='ocrx_word' id='word_1_148' title='bbox 126 1430 278 1497; x_wconf 81' lang='grc' dir='ltr'>ᾶγιόν</span> <span class='ocrx_word' id='word_1_149' title='bbox 314 1447 430 1494; x_wconf 89' lang='grc' dir='ltr'>σου,</span> 
     </span>
    </p>
   </div>
   <div class='ocr_carea' id='block_1_22' title="bbox 791 1430 2404 1503">
    <p class='ocr_par' dir='ltr' id='par_1_22' title="bbox 1804 1452 2404 1503">
     <span class='ocr_line' id='line_1_22' title="bbox 1804 1452 2404 1503; baseline -0.013 -4"><span class='ocrx_word' id='word_1_150' title='bbox 1804 1453 1911 1499; x_wconf 82' lang='lat' dir='ltr'><strong>tem</strong></span> <span class='ocrx_word' id='word_1_151' title='bbox 1937 1452 2186 1499; x_wconf 78' lang='lat' dir='ltr'><strong>sanctum</strong></span> <span class='ocrx_word' id='word_1_152' title='bbox 2218 1452 2368 1495; x_wconf 92' lang='lat' dir='ltr'><strong>tuum</strong></span> <span class='ocrx_word' id='word_1_153' title='bbox 2389 1478 2404 1503; x_wconf 95' lang='lat'><strong>,</strong></span> 
     </span>
    </p>
   </div>
   <div class='ocr_carea' id='block_1_23' title="bbox 190 1520 1803 1593">
    <p class='ocr_par' dir='ltr' id='par_1_23' title="bbox 190 1520 1084 1593">
     <span class='ocr_line' id='line_1_23' title="bbox 190 1520 1084 1593; baseline 0.001 -18"><span class='ocrx_word' id='word_1_154' title='bbox 190 1522 243 1575; x_wconf 90' lang='lat'><strong>8.</strong></span> <span class='ocrx_word' id='word_1_155' title='bbox 281 1522 391 1574; x_wconf 81' lang='grc' dir='ltr'>Καὶ</span> <span class='ocrx_word' id='word_1_156' title='bbox 415 1522 495 1585; x_wconf 88' lang='grc' dir='ltr'>είς</span> <span class='ocrx_word' id='word_1_157' title='bbox 512 1521 581 1575; x_wconf 82' lang='grc' dir='ltr'><strong>τὰ</strong></span> <span class='ocrx_word' id='word_1_158' title='bbox 613 1520 947 1593; x_wconf 73' lang='grc' dir='ltr'>σκηνώματα</span> <span class='ocrx_word' id='word_1_159' title='bbox 970 1539 1084 1576; x_wconf 91' lang='grc' dir='ltr'>σου.</span> 
     </span>
    </p>
   </div>
   <div class='ocr_carea' id='block_1_24' title="bbox 1005 1520 2618 1593">
    <p class='ocr_par' dir='ltr' id='par_1_24' title="bbox 1005 1529 2618 1591">
     <span class='ocr_line' id='line_1_24' title="bbox 1005 1529 2618 1591; baseline 0.004 -17"><span class='ocrx_word' id='word_1_160' title='bbox 1005 1539 1084 1576; x_wconf 91' lang='grc' dir='ltr'>ου.</span> <span class='ocrx_word' id='word_1_161' title='bbox 1875 1537 1927 1591; x_wconf 88' lang='lat'><strong>8.</strong></span> <span class='ocrx_word' id='word_1_162' title='bbox 1964 1534 2029 1589; x_wconf 86' lang='lat' dir='ltr'><strong>Et</strong></span> <span class='ocrx_word' id='word_1_163' title='bbox 2053 1535 2107 1589; x_wconf 91' lang='lat' dir='ltr'><strong>in</strong></span> <span class='ocrx_word' id='word_1_164' title='bbox 2131 1529 2481 1588; x_wconf 87' lang='lat' dir='ltr'><strong>tabernacula</strong></span> <span class='ocrx_word' id='word_1_165' title='bbox 2506 1537 2618 1582; x_wconf 88' lang='lat' dir='ltr'><strong>tua.</strong></span> 
     </span>
    </p>
   </div>
   <div class='ocr_carea' id='block_1_25' title="bbox 188 1611 1801 1685">
    <p class='ocr_par' dir='ltr' id='par_1_25' title="bbox 188 1611 1694 1685">
     <span class='ocr_line' id='line_1_25' title="bbox 188 1611 1694 1685; baseline -0.001 -18"><span class='ocrx_word' id='word_1_166' title='bbox 188 1613 238 1667; x_wconf 88' lang='lat'><strong>9.</strong></span> <span class='ocrx_word' id='word_1_167' title='bbox 263 1614 375 1667; x_wconf 79' lang='grc' dir='ltr'>Καὶ</span> <span class='ocrx_word' id='word_1_168' title='bbox 399 1614 774 1685; x_wconf 74' lang='grc' dir='ltr'><strong>εἰσελεύσομαι</strong></span> <span class='ocrx_word' id='word_1_169' title='bbox 803 1615 936 1685; x_wconf 82' lang='grc' dir='ltr'>πρὸς</span> <span class='ocrx_word' id='word_1_170' title='bbox 950 1615 1011 1666; x_wconf 84' lang='grc' dir='ltr'><strong>τὸ</strong></span> <span class='ocrx_word' id='word_1_171' title='bbox 1032 1615 1410 1685; x_wconf 83' lang='grc' dir='ltr'>θυσιαστήριον</span> <span class='ocrx_word' id='word_1_172' title='bbox 1434 1613 1525 1667; x_wconf 82' lang='grc' dir='ltr'>τοῦ</span> <span class='ocrx_word' id='word_1_173' title='bbox 1540 1611 1694 1676; x_wconf 82' lang='grc' dir='ltr'>Θεοῦ,</span> 
     </span>
    </p>
   </div>
   <div class='ocr_carea' id='block_1_26' title="bbox 1144 1611 2757 1685">
    <p class='ocr_par' dir='ltr' id='par_1_26' title="bbox 1144 1611 2757 1685">
     <span class='ocr_line' id='line_1_26' title="bbox 1144 1611 2757 1685; baseline -0.01 0"><span class='ocrx_word' id='word_1_174' title='bbox 1144 1616 1410 1685; x_wconf 64' lang='grc' dir='ltr'><strong>ιαστήριον</strong></span> <span class='ocrx_word' id='word_1_175' title='bbox 1434 1613 1525 1667; x_wconf 69' lang='grc' dir='ltr'><strong>τοῦ</strong></span> <span class='ocrx_word' id='word_1_176' title='bbox 1540 1611 1694 1676; x_wconf 58' lang='grc' dir='ltr'>θεοῦ,</span> <span class='ocrx_word' id='word_1_177' title='bbox 1874 1628 1926 1683; x_wconf 84' lang='grc'><strong>9.</strong></span> <span class='ocrx_word' id='word_1_178' title='bbox 1968 1626 2034 1681; x_wconf 88' lang='grc' dir='ltr'>Ει</span> <span class='ocrx_word' id='word_1_179' title='bbox 2066 1625 2302 1681; x_wconf 92' lang='lat' dir='ltr'><strong>introibo</strong></span> <span class='ocrx_word' id='word_1_180' title='bbox 2334 1622 2402 1677; x_wconf 89' lang='lat' dir='ltr'><strong>ad</strong></span> <span class='ocrx_word' id='word_1_181' title='bbox 2425 1620 2596 1675; x_wconf 89' lang='lat' dir='ltr'><strong>altare</strong></span> <span class='ocrx_word' id='word_1_182' title='bbox 2632 1616 2757 1683; x_wconf 88' lang='lat' dir='ltr'><strong>Dei;</strong></span> 
     </span>
    </p>
   </div>
   <div class='ocr_carea' id='block_1_27' title="bbox 188 1697 1801 1785">
    <p class='ocr_par' dir='ltr' id='par_1_27' title="bbox 188 1706 1659 1777">
     <span class='ocr_line' id='line_1_27' title="bbox 188 1706 1659 1777; baseline 0 -19"><span class='ocrx_word' id='word_1_183' title='bbox 188 1706 277 1760; x_wconf 80' lang='grc'><strong>10.</strong></span> <span class='ocrx_word' id='word_1_184' title='bbox 320 1706 463 1776; x_wconf 82' lang='grc' dir='ltr'>Πρὸς</span> <span class='ocrx_word' id='word_1_185' title='bbox 484 1707 574 1759; x_wconf 80' lang='grc' dir='ltr'><strong>τὸν</strong></span> <span class='ocrx_word' id='word_1_186' title='bbox 596 1706 728 1760; x_wconf 80' lang='grc' dir='ltr'>Θεὸν</span> <span class='ocrx_word' id='word_1_187' title='bbox 755 1707 1111 1777; x_wconf 80' lang='grc' dir='ltr'>εὐφραίνοντα</span> <span class='ocrx_word' id='word_1_188' title='bbox 1152 1708 1253 1777; x_wconf 82' lang='grc' dir='ltr'>τὴν</span> <span class='ocrx_word' id='word_1_189' title='bbox 1283 1707 1505 1777; x_wconf 85' lang='grc' dir='ltr'>νεότητά</span> <span class='ocrx_word' id='word_1_190' title='bbox 1541 1724 1659 1777; x_wconf 87' lang='grc' dir='ltr'>μου·</span> 
     </span>
    </p>
   </div>
   <div class='ocr_carea' id='block_1_28' title="bbox 1759 1697 3372 1785">
    <p class='ocr_par' dir='ltr' id='par_1_28' title="bbox 1872 1697 3372 1785">
     <span class='ocr_line' id='line_1_28' title="bbox 1872 1697 3372 1785; baseline -0.012 -11"><span class='ocrx_word' id='word_1_191' title='bbox 1872 1721 1958 1774; x_wconf 84' lang='grc'><strong>10.</strong></span> <span class='ocrx_word' id='word_1_192' title='bbox 1990 1697 2070 1773; x_wconf 80' lang='lat' dir='ltr'><strong>Ad</strong></span> <span class='ocrx_word' id='word_1_193' title='bbox 2117 1718 2324 1781; x_wconf 93' lang='lat' dir='ltr'><strong>Deum,</strong></span> <span class='ocrx_word' id='word_1_194' title='bbox 2370 1714 2464 1785; x_wconf 89' lang='lat' dir='ltr'><strong>qui</strong></span> <span class='ocrx_word' id='word_1_195' title='bbox 2509 1711 2746 1767; x_wconf 63' lang='lat' dir='ltr'><strong>laetificat</strong></span> <span class='ocrx_word' id='word_1_196' title='bbox 2775 1707 3112 1778; x_wconf 75' lang='lat' dir='ltr'><strong>iuventutem</strong></span> <span class='ocrx_word' id='word_1_197' title='bbox 3154 1715 3372 1758; x_wconf 84' lang='lat' dir='ltr'><strong>meam:</strong></span> 
     </span>
    </p>
   </div>
   <div class='ocr_carea' id='block_1_29' title="bbox 188 1798 1801 1872">
    <p class='ocr_par' dir='ltr' id='par_1_29' title="bbox 188 1798 1699 1872">
     <span class='ocr_line' id='line_1_29' title="bbox 188 1798 1699 1872; baseline 0.002 -22"><span class='ocrx_word' id='word_1_198' title='bbox 188 1798 277 1851; x_wconf 81' lang='grc' dir='ltr'><strong>Η.</strong></span> <span class='ocrx_word' id='word_1_199' title='bbox 347 1798 837 1870; x_wconf 80' lang='grc' dir='ltr'>Ἐξομολογήσομαί</span> <span class='ocrx_word' id='word_1_200' title='bbox 892 1816 973 1853; x_wconf 90' lang='grc' dir='ltr'><strong>σοι</strong></span> <span class='ocrx_word' id='word_1_201' title='bbox 1032 1800 1091 1852; x_wconf 79' lang='grc' dir='ltr'>ἐν</span> <span class='ocrx_word' id='word_1_202' title='bbox 1150 1800 1370 1872; x_wconf 73' lang='grc' dir='ltr'>κιθάρᾳ,</span> <span class='ocrx_word' id='word_1_203' title='bbox 1404 1802 1432 1853; x_wconf 91' lang='lat'><strong>6</strong></span> <span class='ocrx_word' id='word_1_204' title='bbox 1491 1800 1699 1867; x_wconf 76' lang='grc' dir='ltr'>Θεὸς,ό</span> 
     </span>
    </p>
   </div>
   <div class='ocr_carea' id='block_1_30' title="bbox 1690 1798 3303 1872">
    <p class='ocr_par' dir='ltr' id='par_1_30' title="bbox 1690 1798 3303 1869">
     <span class='ocr_line' id='line_1_30' title="bbox 1690 1798 3303 1869; baseline -0.012 -1"><span class='ocrx_word' id='word_1_205' title='bbox 1690 1803 1699 1852; x_wconf 61' lang='grc'><strong>⁵</strong></span> <span class='ocrx_word' id='word_1_206' title='bbox 1874 1813 1962 1866; x_wconf 79' lang='grc'><strong>11.</strong></span> <span class='ocrx_word' id='word_1_207' title='bbox 1993 1810 2305 1866; x_wconf 84' lang='lat' dir='ltr'><strong>Confltebor</strong></span> <span class='ocrx_word' id='word_1_208' title='bbox 2332 1806 2431 1862; x_wconf 87' lang='lat' dir='ltr'><strong>tibi</strong></span> <span class='ocrx_word' id='word_1_209' title='bbox 2454 1806 2509 1859; x_wconf 89' lang='lat' dir='ltr'><strong>in</strong></span> <span class='ocrx_word' id='word_1_210' title='bbox 2537 1805 2767 1869; x_wconf 87' lang='lat' dir='ltr'><strong>cithara,</strong></span> <span class='ocrx_word' id='word_1_211' title='bbox 2792 1798 3114 1867; x_wconf 83' lang='lat' dir='ltr'><strong>Deus,Deus</strong></span> <span class='ocrx_word' id='word_1_212' title='bbox 3134 1811 3303 1851; x_wconf 90' lang='lat' dir='ltr'><strong>meus.</strong></span> 
     </span>
    </p>
   </div>
   <div class='ocr_carea' id='block_1_31' title="bbox 125 1888 411 1959">
    <p class='ocr_par' dir='ltr' id='par_1_31' title="bbox 125 1888 411 1959">
     <span class='ocr_line' id='line_1_31' title="bbox 125 1888 411 1959; baseline 0.003 -19"><span class='ocrx_word' id='word_1_213' title='bbox 125 1888 249 1951; x_wconf 82' lang='grc' dir='ltr'><strong>Θεὸς</strong></span> <span class='ocrx_word' id='word_1_214' title='bbox 290 1907 411 1959; x_wconf 93' lang='grc' dir='ltr'>μου.</span> 
     </span>
    </p>
   </div>
   <div class='ocr_carea' id='block_1_32' title="bbox 193 1980 1806 2056">
    <p class='ocr_par' dir='ltr' id='par_1_32' title="bbox 193 1980 1700 2055">
     <span class='ocr_line' id='line_1_32' title="bbox 193 1980 1700 2055; baseline 0.002 -22"><span class='ocrx_word' id='word_1_215' title='bbox 193 1980 282 2035; x_wconf 74' lang='grc'><strong>12.</strong></span> <span class='ocrx_word' id='word_1_216' title='bbox 313 1984 428 2034; x_wconf 86' lang='grc' dir='ltr'>’Ἰνα</span> <span class='ocrx_word' id='word_1_217' title='bbox 461 1984 513 2035; x_wconf 91' lang='grc' dir='ltr'><strong>τί</strong></span> <span class='ocrx_word' id='word_1_218' title='bbox 560 1984 855 2055; x_wconf 83' lang='grc' dir='ltr'>περίλυπος</span> <span class='ocrx_word' id='word_1_219' title='bbox 883 1981 952 2049; x_wconf 82' lang='grc' dir='ltr'><strong>εἴ,</strong></span> <span class='ocrx_word' id='word_1_220' title='bbox 988 1986 1020 2054; x_wconf 85' lang='grc' dir='ltr'><strong>ἡ</strong></span> <span class='ocrx_word' id='word_1_221' title='bbox 1051 1983 1194 2055; x_wconf 80' lang='grc' dir='ltr'><strong>ψυχή</strong></span> <span class='ocrx_word' id='word_1_222' title='bbox 1229 2001 1365 2054; x_wconf 77' lang='grc' dir='ltr'>μους</span> <span class='ocrx_word' id='word_1_223' title='bbox 1401 1984 1492 2036; x_wconf 71' lang='grc' dir='ltr'>καὶ</span> <span class='ocrx_word' id='word_1_224' title='bbox 1518 1984 1602 2036; x_wconf 78' lang='grc' dir='ltr'>ἵνα</span> <span class='ocrx_word' id='word_1_225' title='bbox 1648 1983 1700 2036; x_wconf 89' lang='grc' dir='ltr'><strong>τί</strong></span> 
     </span>
    </p>
   </div>
   <div class='ocr_carea' id='block_1_33' title="bbox 1761 1980 3374 2056">
    <p class='ocr_par' dir='ltr' id='par_1_33' title="bbox 1878 1980 3374 2056">
     <span class='ocr_line' id='line_1_33' title="bbox 1878 1980 3374 2056; baseline -0.014 -12"><span class='ocrx_word' id='word_1_226' title='bbox 1878 1991 1962 2044; x_wconf 71' lang='grc'><strong>12.</strong></span> <span class='ocrx_word' id='word_1_227' title='bbox 1997 1989 2178 2056; x_wconf 86' lang='lat' dir='ltr'><strong>Quare</strong></span> <span class='ocrx_word' id='word_1_228' title='bbox 2211 1988 2385 2043; x_wconf 89' lang='lat' dir='ltr'><strong>tristis</strong></span> <span class='ocrx_word' id='word_1_229' title='bbox 2422 2000 2512 2052; x_wconf 91' lang='lat' dir='ltr'><strong>es,</strong></span> <span class='ocrx_word' id='word_1_230' title='bbox 2553 1983 2735 2039; x_wconf 87' lang='lat' dir='ltr'><strong>anima</strong></span> <span class='ocrx_word' id='word_1_231' title='bbox 2772 1980 2930 2035; x_wconf 86' lang='lat' dir='ltr'><strong>mea?</strong></span> <span class='ocrx_word' id='word_1_232' title='bbox 2964 1988 3019 2034; x_wconf 87' lang='lat' dir='ltr'><strong>et</strong></span> <span class='ocrx_word' id='word_1_233' title='bbox 3051 1987 3220 2047; x_wconf 85' lang='lat' dir='ltr'><strong>quare</strong></span> <span class='ocrx_word' id='word_1_234' title='bbox 3246 1984 3374 2026; x_wconf 83' lang='lat' dir='ltr'><strong>cou-</strong></span> 
     </span>
    </p>
   </div>
   <div class='ocr_carea' id='block_1_34' title="bbox 127 2075 1740 2145">
    <p class='ocr_par' dir='ltr' id='par_1_34' title="bbox 127 2075 643 2145">
     <span class='ocr_line' id='line_1_34' title="bbox 127 2075 643 2145; baseline 0.006 -20"><span class='ocrx_word' id='word_1_235' title='bbox 127 2075 519 2143; x_wconf 76' lang='grc' dir='ltr'>συνταράσσεις</span> <span class='ocrx_word' id='word_1_236' title='bbox 547 2093 613 2145; x_wconf 90' lang='grc' dir='ltr'><strong>με</strong></span> <span class='ocrx_word' id='word_1_237' title='bbox 630 2093 643 2141; x_wconf 91' lang='grc'><strong>;</strong></span> 
     </span>
    </p>
   </div>
   <div class='ocr_carea' id='block_1_35' title="bbox 537 2075 2150 2145">
    <p class='ocr_par' dir='ltr' id='par_1_35' title="bbox 547 2084 2150 2145">
     <span class='ocr_line' id='line_1_35' title="bbox 547 2084 2150 2145; baseline 0.005 -17"><span class='ocrx_word' id='word_1_238' title='bbox 547 2093 643 2145; x_wconf 90' lang='grc' dir='ltr'>με;</span> <span class='ocrx_word' id='word_1_239' title='bbox 1805 2084 1992 2140; x_wconf 85' lang='lat' dir='ltr'><strong>turbas</strong></span> <span class='ocrx_word' id='word_1_240' title='bbox 2026 2084 2150 2137; x_wconf 85' lang='lat' dir='ltr'><strong>me?</strong></span> 
     </span>
    </p>
   </div>
   <div class='ocr_carea' id='block_1_36' title="bbox 186 2160 1799 2243">
    <p class='ocr_par' dir='ltr' id='par_1_36' title="bbox 186 2166 1694 2243">
     <span class='ocr_line' id='line_1_36' title="bbox 186 2166 1694 2243; baseline 0.004 -25"><span class='ocrx_word' id='word_1_241' title='bbox 186 2168 276 2219; x_wconf 77' lang='grc'><strong>45.</strong></span> <span class='ocrx_word' id='word_1_242' title='bbox 298 2168 554 2221; x_wconf 84' lang='grc' dir='ltr'>Ἐλπισον</span> <span class='ocrx_word' id='word_1_243' title='bbox 574 2168 666 2221; x_wconf 73' lang='grc' dir='ltr'><strong>ἐπὶ</strong></span> <span class='ocrx_word' id='word_1_244' title='bbox 685 2168 774 2223; x_wconf 81' lang='grc' dir='ltr'><strong>τὸν</strong></span> <span class='ocrx_word' id='word_1_245' title='bbox 784 2166 934 2233; x_wconf 86' lang='grc' dir='ltr'>Θεδν,</span> <span class='ocrx_word' id='word_1_246' title='bbox 951 2169 1031 2221; x_wconf 82' lang='grc' dir='ltr'>ὅτι</span> <span class='ocrx_word' id='word_1_247' title='bbox 1045 2168 1664 2243; x_wconf 81' lang='grc' dir='ltr'>ὲξομολογήσομαιαύτῷ</span> <span class='ocrx_word' id='word_1_248' title='bbox 1682 2190 1694 2201; x_wconf 90' lang='grc'><strong>·</strong></span> 
     </span>
    </p>
   </div>
   <div class='ocr_carea' id='block_1_37' title="bbox 1557 2160 3170 2243">
    <p class='ocr_par' dir='ltr' id='par_1_37' title="bbox 1558 2160 3170 2243">
     <span class='ocr_line' id='line_1_37' title="bbox 1558 2160 3170 2243; baseline -0.011 -13"><span class='ocrx_word' id='word_1_249' title='bbox 1558 2170 1694 2243; x_wconf 81' lang='grc' dir='ltr'><strong>ὐτῷ·</strong></span> <span class='ocrx_word' id='word_1_250' title='bbox 1878 2176 1965 2229; x_wconf 77' lang='grc'><strong>15.</strong></span> <span class='ocrx_word' id='word_1_251' title='bbox 2001 2172 2169 2242; x_wconf 88' lang='lat' dir='ltr'><strong>Spera</strong></span> <span class='ocrx_word' id='word_1_252' title='bbox 2198 2173 2253 2226; x_wconf 92' lang='lat' dir='ltr'><strong>in</strong></span> <span class='ocrx_word' id='word_1_253' title='bbox 2279 2171 2412 2235; x_wconf 89' lang='lat' dir='ltr'><strong>Deo,</strong></span> <span class='ocrx_word' id='word_1_254' title='bbox 2451 2168 2709 2239; x_wconf 87' lang='lat' dir='ltr'><strong>quoniam</strong></span> <span class='ocrx_word' id='word_1_255' title='bbox 2734 2163 3030 2220; x_wconf 83' lang='lat' dir='ltr'><strong>confitebor</strong></span> <span class='ocrx_word' id='word_1_256' title='bbox 3056 2160 3170 2216; x_wconf 81' lang='lat' dir='ltr'><strong>illi:</strong></span> 
     </span>
    </p>
   </div>
   <div class='ocr_carea' id='block_1_38' title="bbox 192 2257 1805 2339">
    <p class='ocr_par' dir='ltr' id='par_1_38' title="bbox 192 2257 1773 2339">
     <span class='ocr_line' id='line_1_38' title="bbox 192 2257 1773 2339; baseline 0.005 -29"><span class='ocrx_word' id='word_1_257' title='bbox 192 2257 278 2310; x_wconf 77' lang='grc'><strong>14.</strong></span> <span class='ocrx_word' id='word_1_258' title='bbox 323 2259 596 2331; x_wconf 76' lang='grc' dir='ltr'>Σωτήριον</span> <span class='ocrx_word' id='word_1_259' title='bbox 645 2259 738 2313; x_wconf 84' lang='grc' dir='ltr'>τοῦ</span> <span class='ocrx_word' id='word_1_260' title='bbox 792 2258 1082 2332; x_wconf 80' lang='grc' dir='ltr'>προσώπου</span> <span class='ocrx_word' id='word_1_261' title='bbox 1111 2279 1210 2331; x_wconf 89' lang='grc' dir='ltr'><strong>μου</strong></span> <span class='ocrx_word' id='word_1_262' title='bbox 1236 2263 1329 2315; x_wconf 87' lang='grc' dir='ltr'><strong>καί</strong></span> <span class='ocrx_word' id='word_1_263' title='bbox 1363 2264 1391 2315; x_wconf 90' lang='grc' dir='ltr'><strong>ό</strong></span> <span class='ocrx_word' id='word_1_264' title='bbox 1420 2263 1550 2327; x_wconf 84' lang='grc' dir='ltr'>Θεός</span> <span class='ocrx_word' id='word_1_265' title='bbox 1575 2282 1695 2334; x_wconf 88' lang='grc' dir='ltr'>μου.</span> <span class='ocrx_word' id='word_1_266' title='bbox 1731 2286 1773 2339; x_wconf 80' lang='grc' dir='ltr'><strong>Β</strong></span> 
     </span>
    </p>
   </div>
   <div class='ocr_carea' id='block_1_39' title="bbox 1437 2257 3050 2339">
    <p class='ocr_par' dir='ltr' id='par_1_39' title="bbox 1437 2258 3050 2339">
     <span class='ocr_line' id='line_1_39' title="bbox 1437 2258 3050 2339; baseline -0.004 -23"><span class='ocrx_word' id='word_1_267' title='bbox 1437 2263 1550 2327; x_wconf 62' lang='grc' dir='ltr'>θεός</span> <span class='ocrx_word' id='word_1_268' title='bbox 1575 2282 1695 2334; x_wconf 88' lang='grc' dir='ltr'>μου.</span> <span class='ocrx_word' id='word_1_269' title='bbox 1731 2286 1773 2339; x_wconf 79' lang='grc' dir='ltr'><strong>Β</strong></span> <span class='ocrx_word' id='word_1_270' title='bbox 1874 2267 1962 2322; x_wconf 74' lang='grc'><strong>14.</strong></span> <span class='ocrx_word' id='word_1_271' title='bbox 2005 2266 2255 2321; x_wconf 84' lang='lat' dir='ltr'><strong>Salutare</strong></span> <span class='ocrx_word' id='word_1_272' title='bbox 2276 2264 2457 2319; x_wconf 78' lang='lat' dir='ltr'><strong>vultus</strong></span> <span class='ocrx_word' id='word_1_273' title='bbox 2484 2261 2587 2315; x_wconf 92' lang='lat' dir='ltr'><strong>mei</strong></span> <span class='ocrx_word' id='word_1_274' title='bbox 2626 2268 2681 2313; x_wconf 90' lang='lat' dir='ltr'><strong>et</strong></span> <span class='ocrx_word' id='word_1_275' title='bbox 2704 2258 2847 2313; x_wconf 87' lang='lat' dir='ltr'><strong>Deus</strong></span> <span class='ocrx_word' id='word_1_276' title='bbox 2874 2271 3050 2310; x_wconf 87' lang='lat' dir='ltr'><strong>meus.</strong></span> 
     </span>
    </p>
   </div>
   <div class='ocr_carea' id='block_1_40' title="bbox 1242 2441 2241 2499">
    <p class='ocr_par' dir='ltr' id='par_1_40' title="bbox 1242 2441 2241 2499">
     <span class='ocr_line' id='line_1_40' title="bbox 1242 2441 2241 2499; baseline -0.001 -4"><span class='ocrx_word' id='word_1_277' title='bbox 1242 2441 1614 2499; x_wconf 73' lang='lat' dir='ltr'><strong>ATHANASII</strong></span> <span class='ocrx_word' id='word_1_278' title='bbox 1654 2441 2241 2499; x_wconf 79' lang='lat' dir='ltr'><strong>INTERPRETATIO.</strong></span> 
     </span>
    </p>
   </div>
   <div class='ocr_carea' id='block_1_41' title="bbox 201 2562 3380 2644">
    <p class='ocr_par' dir='ltr' id='par_1_41' title="bbox 201 2562 3380 2644">
     <span class='ocr_line' id='line_1_41' title="bbox 201 2562 3380 2644; baseline 0.006 -27"><span class='ocrx_word' id='word_1_279' title='bbox 201 2565 264 2617; x_wconf 86' lang='lat' dir='ltr'><strong>&#39;H</strong></span> <span class='ocrx_word' id='word_1_280' title='bbox 306 2568 644 2639; x_wconf 79' lang='grc' dir='ltr'>προκειμένη</span> <span class='ocrx_word' id='word_1_281' title='bbox 690 2570 969 2642; x_wconf 79' lang='grc' dir='ltr'>ἐπιγραφὴ</span> <span class='ocrx_word' id='word_1_282' title='bbox 1020 2572 1261 2643; x_wconf 81' lang='grc' dir='ltr'>περιέχει</span> <span class='ocrx_word' id='word_1_283' title='bbox 1292 2574 1391 2643; x_wconf 78' lang='grc'><strong>(1)’</strong></span> <span class='ocrx_word' id='word_1_284' title='bbox 1446 2576 1692 2644; x_wconf 83' lang='grc' dir='ltr'><strong>Ψαλμὸς</strong></span> <span class='ocrx_word' id='word_1_285' title='bbox 1748 2575 1827 2641; x_wconf 85' lang='grc' dir='ltr'>τῷ</span> <span class='ocrx_word' id='word_1_286' title='bbox 1882 2577 2079 2630; x_wconf 78' lang='grc' dir='ltr'>Δαϐίδ·</span> <span class='ocrx_word' id='word_1_287' title='bbox 2136 2576 2434 2640; x_wconf 81' lang='grc' dir='ltr'>τουτέστιν,</span> <span class='ocrx_word' id='word_1_288' title='bbox 2484 2577 2512 2627; x_wconf 91' lang='lat'><strong>6</strong></span> <span class='ocrx_word' id='word_1_289' title='bbox 2573 2571 2785 2642; x_wconf 77' lang='grc' dir='ltr'>ψαλμὸς</span> <span class='ocrx_word' id='word_1_290' title='bbox 2834 2564 2986 2633; x_wconf 70' lang='grc' dir='ltr'>οὗτος</span> <span class='ocrx_word' id='word_1_291' title='bbox 3040 2567 3254 2641; x_wconf 69' lang='grc' dir='ltr'>εἴρηται</span> <span class='ocrx_word' id='word_1_292' title='bbox 3301 2562 3380 2637; x_wconf 72' lang='grc' dir='ltr'><strong>τῷ</strong></span> 
     </span>
    </p>
   </div>
   <div class='ocr_carea' id='block_1_42' title="bbox 125 2656 3379 2740">
    <p class='ocr_par' dir='ltr' id='par_1_42' title="bbox 125 2656 3379 2740">
     <span class='ocr_line' id='line_1_42' title="bbox 125 2656 3379 2740; baseline 0.008 -34"><span class='ocrx_word' id='word_1_293' title='bbox 125 2657 435 2720; x_wconf 81' lang='grc' dir='ltr'>πταίσαντι,</span> <span class='ocrx_word' id='word_1_294' title='bbox 462 2660 555 2711; x_wconf 76' lang='grc' dir='ltr'>καὶ</span> <span class='ocrx_word' id='word_1_295' title='bbox 585 2662 643 2713; x_wconf 82' lang='grc' dir='ltr'>ὲν</span> <span class='ocrx_word' id='word_1_296' title='bbox 676 2662 933 2733; x_wconf 80' lang='grc' dir='ltr'>μετανοίᾳ</span> <span class='ocrx_word' id='word_1_297' title='bbox 961 2663 1187 2718; x_wconf 78' lang='grc' dir='ltr'>ἐλθόντι.</span> <span class='ocrx_word' id='word_1_298' title='bbox 1222 2666 1385 2719; x_wconf 60' lang='grc' dir='ltr'>Δαὸὶδ</span> <span class='ocrx_word' id='word_1_299' title='bbox 1417 2667 1523 2740; x_wconf 83' lang='grc' dir='ltr'>γὰρ</span> <span class='ocrx_word' id='word_1_300' title='bbox 1550 2669 1909 2740; x_wconf 80' lang='grc' dir='ltr'>ἑρμηνεύεται</span> <span class='ocrx_word' id='word_1_301' title='bbox 1942 2670 2414 2740; x_wconf 75' lang='grc' dir='ltr'>ἐξουθενημένος</span> <span class='ocrx_word' id='word_1_302' title='bbox 2443 2670 2538 2722; x_wconf 72' lang='grc' dir='ltr'>καὶ</span> <span class='ocrx_word' id='word_1_303' title='bbox 2563 2663 2914 2733; x_wconf 70' lang='grc' dir='ltr'>ἠλεημένος,</span> <span class='ocrx_word' id='word_1_304' title='bbox 2933 2659 3075 2731; x_wconf 65' lang='grc' dir='ltr'><strong>ὅσπερ</strong></span> <span class='ocrx_word' id='word_1_305' title='bbox 3100 2656 3379 2731; x_wconf 67' lang='grc' dir='ltr'><strong>ἀμφότερα</strong></span> 
     </span>
    </p>
   </div>
   <div class='ocr_carea' id='block_1_43' title="bbox 123 2745 3101 2839">
    <p class='ocr_par' dir='ltr' id='par_1_43' title="bbox 123 2745 3101 2839">
     <span class='ocr_line' id='line_1_43' title="bbox 123 2745 3101 2839; baseline 0.012 -43"><span class='ocrx_word' id='word_1_306' title='bbox 123 2745 379 2817; x_wconf 79' lang='grc' dir='ltr'>εὑρήσεις</span> <span class='ocrx_word' id='word_1_307' title='bbox 404 2751 486 2813; x_wconf 82' lang='grc' dir='ltr'>είς</span> <span class='ocrx_word' id='word_1_308' title='bbox 514 2750 605 2804; x_wconf 79' lang='grc' dir='ltr'>τὸν</span> <span class='ocrx_word' id='word_1_309' title='bbox 636 2753 1013 2825; x_wconf 80' lang='grc' dir='ltr'>ἡμαρτηκότα,</span> <span class='ocrx_word' id='word_1_310' title='bbox 1068 2758 1162 2810; x_wconf 79' lang='grc' dir='ltr'><strong>καὶ</strong></span> <span class='ocrx_word' id='word_1_311' title='bbox 1194 2760 1274 2823; x_wconf 86' lang='grc' dir='ltr'>είς</span> <span class='ocrx_word' id='word_1_312' title='bbox 1302 2762 1594 2830; x_wconf 75' lang='grc' dir='ltr'>μετάνοιαν</span> <span class='ocrx_word' id='word_1_313' title='bbox 1618 2762 1859 2817; x_wconf 79' lang='grc' dir='ltr'>ἐλθόντα.</span> <span class='ocrx_word' id='word_1_314' title='bbox 3090 2832 3101 2839; x_wconf 69' lang='grc'><strong>,</strong></span> 
     </span>
    </p>
   </div>
   <div class='ocr_carea' id='block_1_44' title="bbox 197 2839 3379 2927">
    <p class='ocr_par' dir='ltr' id='par_1_44' title="bbox 197 2839 3379 2927">
     <span class='ocr_line' id='line_1_44' title="bbox 197 2839 3379 2927; baseline 0.003 -36"><span class='ocrx_word' id='word_1_315' title='bbox 197 2839 417 2897; x_wconf 86' lang='lat' dir='ltr'><strong>Titulus</strong></span> <span class='ocrx_word' id='word_1_316' title='bbox 444 2844 737 2916; x_wconf 89' lang='lat' dir='ltr'><strong>inscriptus</strong></span> <span class='ocrx_word' id='word_1_317' title='bbox 776 2852 1017 2904; x_wconf 84' lang='lat' dir='ltr'><strong>continet</strong></span> <span class='ocrx_word' id='word_1_318' title='bbox 1051 2870 1062 2905; x_wconf 94' lang='lat'>:</span> <span class='ocrx_word' id='word_1_319' title='bbox 1096 2851 1345 2906; x_wconf 77' lang='lat' dir='ltr'><strong>Psalmus</strong></span> <span class='ocrx_word' id='word_1_320' title='bbox 1379 2856 1572 2909; x_wconf 83' lang='lat' dir='ltr'><strong>David.</strong></span> <span class='ocrx_word' id='word_1_321' title='bbox 1610 2856 1724 2914; x_wconf 86' lang='lat' dir='ltr'><strong>Hoc</strong></span> <span class='ocrx_word' id='word_1_322' title='bbox 1756 2868 1861 2923; x_wconf 91' lang='lat' dir='ltr'><strong>est,</strong></span> <span class='ocrx_word' id='word_1_323' title='bbox 1897 2858 1987 2914; x_wconf 87' lang='lat' dir='ltr'><strong>hic</strong></span> <span class='ocrx_word' id='word_1_324' title='bbox 2015 2873 2261 2927; x_wconf 62' lang='lat' dir='ltr'><strong>psalmus</strong></span> <span class='ocrx_word' id='word_1_325' title='bbox 2291 2858 2469 2911; x_wconf 85' lang='lat' dir='ltr'><strong>dictus</strong></span> <span class='ocrx_word' id='word_1_326' title='bbox 2494 2863 2577 2908; x_wconf 90' lang='lat' dir='ltr'><strong>est</strong></span> <span class='ocrx_word' id='word_1_327' title='bbox 2600 2851 2669 2906; x_wconf 87' lang='lat' dir='ltr'><strong>ab</strong></span> <span class='ocrx_word' id='word_1_328' title='bbox 2725 2862 2813 2912; x_wconf 90' lang='lat' dir='ltr'><strong>eo,</strong></span> <span class='ocrx_word' id='word_1_329' title='bbox 2848 2863 2941 2917; x_wconf 74' lang='lat' dir='ltr'><strong>qu:</strong></span> <span class='ocrx_word' id='word_1_330' title='bbox 2971 2845 3187 2909; x_wconf 91' lang='lat' dir='ltr'><strong>cecidit,</strong></span> <span class='ocrx_word' id='word_1_331' title='bbox 3230 2854 3285 2901; x_wconf 89' lang='lat' dir='ltr'><strong>et</strong></span> <span class='ocrx_word' id='word_1_332' title='bbox 3322 2846 3379 2901; x_wconf 92' lang='lat' dir='ltr'><strong>in</strong></span> 
     </span>
    </p>
   </div>
   <div class='ocr_carea' id='block_1_45' title="bbox 126 2936 3364 3019">
    <p class='ocr_par' dir='ltr' id='par_1_45' title="bbox 126 2936 3364 3019">
     <span class='ocr_line' id='line_1_45' title="bbox 126 2936 3364 3019; baseline 0.002 -31"><span class='ocrx_word' id='word_1_333' title='bbox 126 2936 505 3000; x_wconf 58' lang='lat' dir='ltr'><strong>paenitentiam</strong></span> <span class='ocrx_word' id='word_1_334' title='bbox 544 2942 711 2993; x_wconf 80' lang='lat' dir='ltr'><strong>venit.</strong></span> <span class='ocrx_word' id='word_1_335' title='bbox 745 2939 912 2994; x_wconf 85' lang='lat' dir='ltr'><strong>David</strong></span> <span class='ocrx_word' id='word_1_336' title='bbox 958 2943 1103 2997; x_wconf 90' lang='lat' dir='ltr'><strong>enim</strong></span> <span class='ocrx_word' id='word_1_337' title='bbox 1136 2945 1525 3017; x_wconf 77' lang='lat' dir='ltr'><strong>interpretatur</strong></span> <span class='ocrx_word' id='word_1_338' title='bbox 1567 2951 1831 3019; x_wconf 80' lang='lat' dir='ltr'><strong>neglectus</strong></span> <span class='ocrx_word' id='word_1_339' title='bbox 1872 2963 1927 3008; x_wconf 89' lang='lat' dir='ltr'><strong>et</strong></span> <span class='ocrx_word' id='word_1_340' title='bbox 1956 2952 2382 3006; x_wconf 78' lang='lat' dir='ltr'><strong>misericordiam</strong></span> <span class='ocrx_word' id='word_1_341' title='bbox 2413 2954 2759 3010; x_wconf 72' lang='lat' dir='ltr'><strong>consecutus,</strong></span> <span class='ocrx_word' id='word_1_342' title='bbox 2783 2949 3080 3011; x_wconf 86' lang='lat' dir='ltr'><strong>utrumque</strong></span> <span class='ocrx_word' id='word_1_343' title='bbox 3111 2940 3364 2996; x_wconf 85' lang='lat' dir='ltr'><strong>convenit</strong></span> 
     </span>
    </p>
   </div>
   <div class='ocr_carea' id='block_1_46' title="bbox 128 3026 1686 3101">
    <p class='ocr_par' dir='ltr' id='par_1_46' title="bbox 128 3026 1686 3101">
     <span class='ocr_line' id='line_1_46' title="bbox 128 3026 1686 3101; baseline 0.01 -23"><span class='ocrx_word' id='word_1_344' title='bbox 128 3026 177 3079; x_wconf 85' lang='lat' dir='ltr'><strong>in</strong></span> <span class='ocrx_word' id='word_1_345' title='bbox 202 3043 356 3091; x_wconf 88' lang='lat' dir='ltr'><strong>eum,</strong></span> <span class='ocrx_word' id='word_1_346' title='bbox 385 3029 480 3099; x_wconf 87' lang='lat' dir='ltr'><strong>qui</strong></span> <span class='ocrx_word' id='word_1_347' title='bbox 509 3041 717 3098; x_wconf 86' lang='lat' dir='ltr'><strong>peccat,</strong></span> <span class='ocrx_word' id='word_1_348' title='bbox 744 3041 797 3085; x_wconf 87' lang='lat' dir='ltr'><strong>et</strong></span> <span class='ocrx_word' id='word_1_349' title='bbox 819 3033 885 3086; x_wconf 86' lang='lat' dir='ltr'><strong>ad</strong></span> <span class='ocrx_word' id='word_1_350' title='bbox 919 3035 1294 3101; x_wconf 73' lang='lat' dir='ltr'><strong>pmnitentiam</strong></span> <span class='ocrx_word' id='word_1_351' title='bbox 1322 3040 1686 3094; x_wconf 84' lang='lat' dir='ltr'><strong>convertitur.</strong></span> 
     </span>
    </p>
   </div>
   <div class='ocr_carea' id='block_1_47' title="bbox 193 3121 1806 3203">
    <p class='ocr_par' dir='ltr' id='par_1_47' title="bbox 193 3121 1703 3203">
     <span class='ocr_line' id='line_1_47' title="bbox 193 3121 1703 3203; baseline 0.01 -31"><span class='ocrx_word' id='word_1_352' title='bbox 193 3121 243 3174; x_wconf 78' lang='grc'><strong>1.</strong></span> <span class='ocrx_word' id='word_1_353' title='bbox 297 3121 751 3195; x_wconf 83' lang='grc' dir='ltr'>Σπλαγχνίσθητι,</span> <span class='ocrx_word' id='word_1_354' title='bbox 785 3127 813 3178; x_wconf 80' lang='lat'><strong>6</strong></span> <span class='ocrx_word' id='word_1_355' title='bbox 847 3125 1046 3198; x_wconf 84' lang='grc' dir='ltr'>Κύριος</span> <span class='ocrx_word' id='word_1_356' title='bbox 1070 3128 1167 3199; x_wconf 75' lang='grc'>(2),</span> <span class='ocrx_word' id='word_1_357' title='bbox 1196 3132 1288 3184; x_wconf 78' lang='grc' dir='ltr'>καὶ</span> <span class='ocrx_word' id='word_1_358' title='bbox 1317 3132 1455 3203; x_wconf 83' lang='grc' dir='ltr'>ὁρῶν</span> <span class='ocrx_word' id='word_1_359' title='bbox 1487 3150 1554 3203; x_wconf 86' lang='grc' dir='ltr'><strong>με</strong></span> <span class='ocrx_word' id='word_1_360' title='bbox 1588 3133 1703 3186; x_wconf 83' lang='grc' dir='ltr'>ἀδι-</span> 
     </span>
    </p>
   </div>
   <div class='ocr_carea' id='block_1_48' title="bbox 1765 3121 3378 3203">
    <p class='ocr_par' dir='ltr' id='par_1_48' title="bbox 1882 3123 3378 3196">
     <span class='ocr_line' id='line_1_48' title="bbox 1882 3123 3378 3196; baseline 0 -18"><span class='ocrx_word' id='word_1_361' title='bbox 1882 3127 1933 3179; x_wconf 86' lang='grc'><strong>1.</strong></span> <span class='ocrx_word' id='word_1_362' title='bbox 1971 3123 2248 3189; x_wconf 83' lang='lat' dir='ltr'><strong>Miserere,</strong></span> <span class='ocrx_word' id='word_1_363' title='bbox 2300 3126 2548 3189; x_wconf 89' lang='lat' dir='ltr'><strong>Domine,</strong></span> <span class='ocrx_word' id='word_1_364' title='bbox 2582 3137 2636 3181; x_wconf 90' lang='lat' dir='ltr'><strong>et</strong></span> <span class='ocrx_word' id='word_1_365' title='bbox 2687 3127 2875 3181; x_wconf 88' lang='lat' dir='ltr'><strong>videns</strong></span> <span class='ocrx_word' id='word_1_366' title='bbox 2922 3140 3007 3180; x_wconf 89' lang='lat' dir='ltr'><strong>me</strong></span> <span class='ocrx_word' id='word_1_367' title='bbox 3048 3125 3233 3196; x_wconf 88' lang='lat' dir='ltr'><strong>inique</strong></span> <span class='ocrx_word' id='word_1_368' title='bbox 3261 3139 3378 3195; x_wconf 86' lang='lat' dir='ltr'><strong>per-</strong></span> 
     </span>
    </p>
   </div>
   <div class='ocr_carea' id='block_1_49' title="bbox 127 3212 1740 3296">
    <p class='ocr_par' dir='ltr' id='par_1_49' title="bbox 127 3212 1701 3296">
     <span class='ocr_line' id='line_1_49' title="bbox 127 3212 1701 3296; baseline 0.011 -35"><span class='ocrx_word' id='word_1_369' title='bbox 127 3212 391 3281; x_wconf 73' lang='grc' dir='ltr'>κούμενον</span> <span class='ocrx_word' id='word_1_370' title='bbox 423 3214 527 3266; x_wconf 84' lang='grc' dir='ltr'>ὑπὸ</span> <span class='ocrx_word' id='word_1_371' title='bbox 546 3214 653 3267; x_wconf 86' lang='grc' dir='ltr'><strong>τῶν</strong></span> <span class='ocrx_word' id='word_1_372' title='bbox 685 3218 938 3272; x_wconf 75' lang='grc' dir='ltr'>ἐναντίων</span> <span class='ocrx_word' id='word_1_373' title='bbox 966 3221 1271 3292; x_wconf 85' lang='grc' dir='ltr'>δυνάμεων,</span> <span class='ocrx_word' id='word_1_374' title='bbox 1309 3223 1582 3296; x_wconf 86' lang='grc' dir='ltr'>λύτρωσαί</span> <span class='ocrx_word' id='word_1_375' title='bbox 1613 3242 1701 3295; x_wconf 91' lang='grc' dir='ltr'>με.</span> 
     </span>
    </p>
   </div>
   <div class='ocr_carea' id='block_1_50' title="bbox 1586 3212 3199 3296">
    <p class='ocr_par' dir='ltr' id='par_1_50' title="bbox 1613 3217 3199 3295">
     <span class='ocr_line' id='line_1_50' title="bbox 1613 3217 3199 3295; baseline -0.001 -22"><span class='ocrx_word' id='word_1_376' title='bbox 1613 3242 1701 3295; x_wconf 86' lang='grc' dir='ltr'><strong>με,</strong></span> <span class='ocrx_word' id='word_1_377' title='bbox 1810 3225 2101 3273; x_wconf 88' lang='lat' dir='ltr'><strong>tractatum</strong></span> <span class='ocrx_word' id='word_1_378' title='bbox 2130 3234 2158 3271; x_wconf 80' lang='grc' dir='ltr'><strong>ιι</strong></span> <span class='ocrx_word' id='word_1_379' title='bbox 2187 3217 2477 3271; x_wconf 82' lang='lat' dir='ltr'><strong>contrariis</strong></span> <span class='ocrx_word' id='word_1_380' title='bbox 2519 3218 2878 3287; x_wconf 79' lang='lat' dir='ltr'><strong>potestatibus</strong></span> <span class='ocrx_word' id='word_1_381' title='bbox 2902 3218 3071 3272; x_wconf 87' lang='lat' dir='ltr'><strong>libera</strong></span> <span class='ocrx_word' id='word_1_382' title='bbox 3094 3232 3199 3273; x_wconf 86' lang='lat' dir='ltr'><strong>me.</strong></span> 
     </span>
    </p>
   </div>
   <div class='ocr_carea' id='block_1_51' title="bbox 190 3303 1803 3386">
    <p class='ocr_par' dir='ltr' id='par_1_51' title="bbox 190 3303 1142 3386">
     <span class='ocr_line' id='line_1_51' title="bbox 190 3303 1142 3386; baseline 0.015 -31"><span class='ocrx_word' id='word_1_383' title='bbox 190 3303 245 3356; x_wconf 72' lang='grc'><strong>2.</strong></span> <span class='ocrx_word' id='word_1_384' title='bbox 289 3304 424 3356; x_wconf 84' lang='grc' dir='ltr'>Ἀπὸ</span> <span class='ocrx_word' id='word_1_385' title='bbox 454 3306 547 3359; x_wconf 82' lang='grc' dir='ltr'>τοῦ</span> <span class='ocrx_word' id='word_1_386' title='bbox 577 3309 839 3377; x_wconf 76' lang='grc' dir='ltr'>διαϐόλου,</span> <span class='ocrx_word' id='word_1_387' title='bbox 870 3313 1013 3381; x_wconf 82' lang='grc' dir='ltr'>λέγει</span> 
     </span>
    </p>
   </div>
   <div class='ocr_carea' id='block_1_52' title="bbox 883 3303 2496 3386">
    <p class='ocr_par' dir='ltr' id='par_1_52' title="bbox 883 3307 2496 3386">
     <span class='ocr_line' id='line_1_52' title="bbox 883 3307 2496 3386; baseline -0.002 -21"><span class='ocrx_word' id='word_1_388' title='bbox 883 3314 1013 3381; x_wconf 61' lang='grc' dir='ltr'>λέγει</span> <span class='ocrx_word' id='word_1_389' title='bbox 1048 3314 1142 3386; x_wconf 80' lang='grc'><strong>(3),</strong></span> <span class='ocrx_word' id='word_1_390' title='bbox 1880 3307 1933 3362; x_wconf 74' lang='grc'><strong>2.</strong></span> <span class='ocrx_word' id='word_1_391' title='bbox 1965 3309 2007 3362; x_wconf 82' lang='grc' dir='ltr'><strong>Α</strong></span> <span class='ocrx_word' id='word_1_392' title='bbox 2037 3308 2277 3375; x_wconf 85' lang='lat' dir='ltr'><strong>diabolo,</strong></span> <span class='ocrx_word' id='word_1_393' title='bbox 2304 3308 2496 3377; x_wconf 87' lang='lat' dir='ltr'><strong>inquit.</strong></span> 
     </span>
    </p>
   </div>
   <div class='ocr_carea' id='block_1_53' title="bbox 188 3394 1801 3474">
    <p class='ocr_par' dir='ltr' id='par_1_53' title="bbox 188 3394 1044 3474">
     <span class='ocr_line' id='line_1_53' title="bbox 188 3394 1044 3474; baseline 0.012 -26"><span class='ocrx_word' id='word_1_394' title='bbox 188 3395 242 3448; x_wconf 80' lang='grc'><strong>5.</strong></span> <span class='ocrx_word' id='word_1_395' title='bbox 279 3396 406 3449; x_wconf 86' lang='grc' dir='ltr'><strong>Ὅτι</strong></span> <span class='ocrx_word' id='word_1_396' title='bbox 432 3398 495 3451; x_wconf 79' lang='grc' dir='ltr'><strong>σὺ</strong></span> <span class='ocrx_word' id='word_1_397' title='bbox 521 3394 573 3452; x_wconf 77' lang='grc' dir='ltr'><strong>εἴ</strong></span> <span class='ocrx_word' id='word_1_398' title='bbox 606 3402 640 3471; x_wconf 81' lang='grc' dir='ltr'>ἡ</span> <span class='ocrx_word' id='word_1_399' title='bbox 677 3400 896 3472; x_wconf 83' lang='grc' dir='ltr'>βοήθειά</span> <span class='ocrx_word' id='word_1_400' title='bbox 924 3423 1044 3474; x_wconf 91' lang='grc' dir='ltr'>μου.</span> 
     </span>
    </p>
   </div>
   <div class='ocr_carea' id='block_1_54' title="bbox 1318 3394 2931 3474">
    <p class='ocr_par' dir='ltr' id='par_1_54' title="bbox 1883 3401 2931 3468">
     <span class='ocr_line' id='line_1_54' title="bbox 1883 3401 2931 3468; baseline -0.002 -11"><span class='ocrx_word' id='word_1_401' title='bbox 1883 3402 1937 3457; x_wconf 76' lang='grc'><strong>5.</strong></span> <span class='ocrx_word' id='word_1_402' title='bbox 1968 3401 2241 3468; x_wconf 85' lang='lat' dir='ltr'><strong>Quoniam</strong></span> <span class='ocrx_word' id='word_1_403' title='bbox 2268 3413 2321 3456; x_wconf 93' lang='lat' dir='ltr'><strong>tu</strong></span> <span class='ocrx_word' id='word_1_404' title='bbox 2348 3418 2406 3457; x_wconf 90' lang='lat' dir='ltr'><strong>es</strong></span> <span class='ocrx_word' id='word_1_405' title='bbox 2433 3402 2697 3456; x_wconf 78' lang='lat' dir='ltr'><strong>auxilium</strong></span> <span class='ocrx_word' id='word_1_406' title='bbox 2730 3418 2931 3458; x_wconf 91' lang='lat' dir='ltr'><strong>meum.</strong></span> 
     </span>
    </p>
   </div>
   <div class='ocr_carea' id='block_1_55' title="bbox 185 3488 1798 3564">
    <p class='ocr_par' dir='ltr' id='par_1_55' title="bbox 185 3488 942 3564">
     <span class='ocr_line' id='line_1_55' title="bbox 185 3488 942 3564; baseline 0.009 -23"><span class='ocrx_word' id='word_1_407' title='bbox 185 3488 240 3541; x_wconf 78' lang='grc'><strong>4.</strong></span> <span class='ocrx_word' id='word_1_408' title='bbox 277 3490 399 3542; x_wconf 84' lang='grc' dir='ltr'>Ἵνα</span> <span class='ocrx_word' id='word_1_409' title='bbox 425 3491 479 3542; x_wconf 91' lang='grc' dir='ltr'><strong>τί</strong></span> <span class='ocrx_word' id='word_1_410' title='bbox 501 3493 811 3564; x_wconf 77' lang='grc' dir='ltr'>ἀπέρριψας</span> <span class='ocrx_word' id='word_1_411' title='bbox 840 3512 942 3564; x_wconf 87' lang='grc' dir='ltr'>με;</span> 
     </span>
    </p>
   </div>
   <div class='ocr_carea' id='block_1_56' title="bbox 1005 3488 2618 3564">
    <p class='ocr_par' dir='ltr' id='par_1_56' title="bbox 1880 3491 2618 3563">
     <span class='ocr_line' id='line_1_56' title="bbox 1880 3491 2618 3563; baseline 0 -17"><span class='ocrx_word' id='word_1_412' title='bbox 1880 3493 1931 3546; x_wconf 77' lang='grc'><strong>4.</strong></span> <span class='ocrx_word' id='word_1_413' title='bbox 1967 3492 2147 3558; x_wconf 88' lang='lat' dir='ltr'><strong>Quare</strong></span> <span class='ocrx_word' id='word_1_414' title='bbox 2184 3509 2270 3547; x_wconf 91' lang='lat' dir='ltr'><strong>me</strong></span> <span class='ocrx_word' id='word_1_415' title='bbox 2302 3491 2618 3563; x_wconf 64' lang='lat' dir='ltr'><strong>proiecisti?</strong></span> 
     </span>
    </p>
   </div>
   <div class='ocr_carea' id='block_1_57' title="bbox 190 3581 1803 3662">
    <p class='ocr_par' dir='ltr' id='par_1_57' title="bbox 190 3582 1701 3662">
     <span class='ocr_line' id='line_1_57' title="bbox 190 3582 1701 3662; baseline 0.009 -29"><span class='ocrx_word' id='word_1_416' title='bbox 190 3582 245 3633; x_wconf 84' lang='lat'><strong>5.</strong></span> <span class='ocrx_word' id='word_1_417' title='bbox 270 3583 386 3635; x_wconf 77' lang='grc' dir='ltr'>Καὶ</span> <span class='ocrx_word' id='word_1_418' title='bbox 414 3582 499 3649; x_wconf 76' lang='grc' dir='ltr'><strong>ἵνα</strong></span> <span class='ocrx_word' id='word_1_419' title='bbox 518 3584 571 3636; x_wconf 90' lang='grc' dir='ltr'><strong>τί</strong></span> <span class='ocrx_word' id='word_1_420' title='bbox 599 3585 979 3656; x_wconf 78' lang='grc' dir='ltr'>ἐσκοτισμένος</span> <span class='ocrx_word' id='word_1_421' title='bbox 1008 3588 1308 3660; x_wconf 85' lang='grc' dir='ltr'>πορεύομαι</span> <span class='ocrx_word' id='word_1_422' title='bbox 1338 3590 1396 3645; x_wconf 83' lang='grc' dir='ltr'>ὲν</span> <span class='ocrx_word' id='word_1_423' title='bbox 1420 3591 1497 3662; x_wconf 82' lang='grc' dir='ltr'>τῷ</span> <span class='ocrx_word' id='word_1_424' title='bbox 1538 3606 1701 3646; x_wconf 84' lang='grc' dir='ltr'>κατα-</span> 
     </span>
    </p>
   </div>
   <div class='ocr_carea' id='block_1_58' title="bbox 1764 3581 3377 3662">
    <p class='ocr_par' dir='ltr' id='par_1_58' title="bbox 1880 3581 3377 3652">
     <span class='ocr_line' id='line_1_58' title="bbox 1880 3581 3377 3652; baseline 0.003 -15"><span class='ocrx_word' id='word_1_425' title='bbox 1880 3582 1932 3637; x_wconf 84' lang='lat'><strong>5.</strong></span> <span class='ocrx_word' id='word_1_426' title='bbox 1968 3581 2033 3637; x_wconf 87' lang='lat' dir='ltr'><strong>Et</strong></span> <span class='ocrx_word' id='word_1_427' title='bbox 2066 3598 2237 3652; x_wconf 88' lang='lat' dir='ltr'><strong>quare</strong></span> <span class='ocrx_word' id='word_1_428' title='bbox 2266 3583 2660 3639; x_wconf 86' lang='lat' dir='ltr'><strong>obtenebratus</strong></span> <span class='ocrx_word' id='word_1_429' title='bbox 2693 3587 2907 3647; x_wconf 87' lang='lat' dir='ltr'><strong>incedo,</strong></span> <span class='ocrx_word' id='word_1_430' title='bbox 2950 3586 3081 3641; x_wconf 90' lang='lat' dir='ltr'><strong>dum</strong></span> <span class='ocrx_word' id='word_1_431' title='bbox 3122 3586 3255 3640; x_wconf 85' lang='lat' dir='ltr'><strong>mihi</strong></span> <span class='ocrx_word' id='word_1_432' title='bbox 3288 3586 3377 3641; x_wconf 53' lang='lat' dir='ltr'><strong>do‘</strong></span> 
     </span>
    </p>
   </div>
   <div class='ocr_carea' id='block_1_59' title="bbox 125 3670 1738 3744">
    <p class='ocr_par' dir='ltr' id='par_1_59' title="bbox 125 3670 1738 3744">
     <span class='ocr_line' id='line_1_59' title="bbox 125 3670 1738 3744; baseline 0.004 -22"><span class='ocrx_word' id='word_1_433' title='bbox 125 3670 471 3725; x_wconf 82' lang='grc' dir='ltr'>δυναστεύειν</span> <span class='ocrx_word' id='word_1_434' title='bbox 510 3690 609 3744; x_wconf 82' lang='grc' dir='ltr'><strong>μου</strong></span> <span class='ocrx_word' id='word_1_435' title='bbox 639 3673 730 3727; x_wconf 85' lang='grc' dir='ltr'><strong>τὸν</strong></span> <span class='ocrx_word' id='word_1_436' title='bbox 761 3674 1032 3743; x_wconf 73' lang='grc' dir='ltr'>διάϐολονς</span> <span class='ocrx_word' id='word_1_437' title='bbox 1735 3687 1738 3713; x_wconf 69' lang='grc' dir='ltr'><strong>ε</strong></span> 
     </span>
    </p>
   </div>
   <div class='ocr_carea' id='block_1_60' title="bbox 759 3670 2372 3744">
    <p class='ocr_par' dir='ltr' id='par_1_60' title="bbox 761 3671 2372 3743">
     <span class='ocr_line' id='line_1_60' title="bbox 761 3671 2372 3743; baseline 0.002 -16"><span class='ocrx_word' id='word_1_438' title='bbox 761 3674 1032 3743; x_wconf 73' lang='grc' dir='ltr'>διάϐολονς</span> <span class='ocrx_word' id='word_1_439' title='bbox 1735 3671 1777 3728; x_wconf 87' lang='lat' dir='ltr'><strong>C</strong></span> <span class='ocrx_word' id='word_1_440' title='bbox 1812 3678 2051 3730; x_wconf 88' lang='lat' dir='ltr'><strong>minatur</strong></span> <span class='ocrx_word' id='word_1_441' title='bbox 2084 3676 2372 3731; x_wconf 85' lang='lat' dir='ltr'><strong>diabolus?</strong></span> 
     </span>
    </p>
   </div>
   <div class='ocr_carea' id='block_1_61' title="bbox 195 3761 1808 3843">
    <p class='ocr_par' dir='ltr' id='par_1_61' title="bbox 195 3761 1707 3843">
     <span class='ocr_line' id='line_1_61' title="bbox 195 3761 1707 3843; baseline 0.008 -30"><span class='ocrx_word' id='word_1_442' title='bbox 195 3763 250 3814; x_wconf 79' lang='lat'><em>6.</em></span> <span class='ocrx_word' id='word_1_443' title='bbox 289 3761 701 3826; x_wconf 80' lang='grc' dir='ltr'>Ἐξαπόστειλον</span> <span class='ocrx_word' id='word_1_444' title='bbox 732 3765 824 3821; x_wconf 88' lang='grc' dir='ltr'><strong>τὸν</strong></span> <span class='ocrx_word' id='word_1_445' title='bbox 850 3766 977 3820; x_wconf 85' lang='grc' dir='ltr'>Υίόν</span> <span class='ocrx_word' id='word_1_446' title='bbox 1020 3785 1135 3835; x_wconf 87' lang='grc' dir='ltr'>σου,</span> <span class='ocrx_word' id='word_1_447' title='bbox 1155 3771 1249 3821; x_wconf 74' lang='grc' dir='ltr'><strong>καὶ</strong></span> <span class='ocrx_word' id='word_1_448' title='bbox 1278 3770 1339 3822; x_wconf 84' lang='grc' dir='ltr'><strong>τὸ</strong></span> <span class='ocrx_word' id='word_1_449' title='bbox 1371 3769 1593 3843; x_wconf 74' lang='grc' dir='ltr'>Πνεῦμα</span> <span class='ocrx_word' id='word_1_450' title='bbox 1616 3788 1707 3825; x_wconf 93' lang='grc' dir='ltr'><strong>σου</strong></span> 
     </span>
    </p>
   </div>
   <div class='ocr_carea' id='block_1_62' title="bbox 1767 3761 3380 3843">
    <p class='ocr_par' dir='ltr' id='par_1_62' title="bbox 1882 3767 3380 3842">
     <span class='ocr_line' id='line_1_62' title="bbox 1882 3767 3380 3842; baseline 0 -19"><span class='ocrx_word' id='word_1_451' title='bbox 1882 3768 1935 3823; x_wconf 84' lang='grc'><strong>6.</strong></span> <span class='ocrx_word' id='word_1_452' title='bbox 1977 3767 2126 3823; x_wconf 85' lang='lat' dir='ltr'><strong>Mitte</strong></span> <span class='ocrx_word' id='word_1_453' title='bbox 2187 3768 2388 3824; x_wconf 89' lang='lat' dir='ltr'><strong>Filium</strong></span> <span class='ocrx_word' id='word_1_454' title='bbox 2458 3781 2655 3837; x_wconf 92' lang='lat' dir='ltr'><strong>tuum,</strong></span> <span class='ocrx_word' id='word_1_455' title='bbox 2709 3782 2763 3827; x_wconf 89' lang='lat' dir='ltr'><strong>et</strong></span> <span class='ocrx_word' id='word_1_456' title='bbox 2816 3772 3076 3842; x_wconf 89' lang='lat' dir='ltr'><strong>Spiritum</strong></span> <span class='ocrx_word' id='word_1_457' title='bbox 3134 3779 3380 3827; x_wconf 85' lang='lat' dir='ltr'><strong>sanctum</strong></span> 
     </span>
    </p>
   </div>
   <div class='ocr_carea' id='block_1_63' title="bbox 125 3853 1738 3922">
    <p class='ocr_par' dir='ltr' id='par_1_63' title="bbox 125 3853 389 3922">
     <span class='ocr_line' id='line_1_63' title="bbox 125 3853 389 3922; baseline 0.015 -17"><span class='ocrx_word' id='word_1_458' title='bbox 125 3867 182 3906; x_wconf 74' lang='grc' dir='ltr'><strong>το</strong></span> <span class='ocrx_word' id='word_1_459' title='bbox 212 3853 389 3922; x_wconf 75' lang='grc' dir='ltr'>ἅγιον.</span> 
     </span>
    </p>
   </div>
   <div class='ocr_carea' id='block_1_64' title="bbox 373 3853 1986 3922">
    <p class='ocr_par' dir='ltr' id='par_1_64' title="bbox 377 3868 1986 3915">
     <span class='ocr_line' id='line_1_64' title="bbox 377 3868 1986 3915; baseline 0.004 -6"><span class='ocrx_word' id='word_1_460' title='bbox 377 3897 389 3909; x_wconf 93' lang='grc'><strong>.</strong></span> <span class='ocrx_word' id='word_1_461' title='bbox 1811 3868 1986 3915; x_wconf 89' lang='lat' dir='ltr'><strong>tuum.</strong></span> 
     </span>
    </p>
   </div>
   <div class='ocr_carea' id='block_1_65' title="bbox 196 3946 1809 4026">
    <p class='ocr_par' dir='ltr' id='par_1_65' title="bbox 196 3946 1709 4026">
     <span class='ocr_line' id='line_1_65' title="bbox 196 3946 1709 4026; baseline 0.007 -28"><span class='ocrx_word' id='word_1_462' title='bbox 196 3947 250 4009; x_wconf 88' lang='lat'><strong>7,</strong></span> <span class='ocrx_word' id='word_1_463' title='bbox 282 3946 334 4001; x_wconf 91' lang='lat'><strong>8.</strong></span> <span class='ocrx_word' id='word_1_464' title='bbox 370 3948 518 4001; x_wconf 82' lang='grc' dir='ltr'>Δύτά</span> <span class='ocrx_word' id='word_1_465' title='bbox 545 3966 611 4018; x_wconf 85' lang='grc' dir='ltr'><strong>με</strong></span> <span class='ocrx_word' id='word_1_466' title='bbox 631 3948 725 4002; x_wconf 78' lang='grc' dir='ltr'>νῦν</span> <span class='ocrx_word' id='word_1_467' title='bbox 746 3949 1034 4021; x_wconf 84' lang='grc' dir='ltr'>ὡδήγησαν</span> <span class='ocrx_word' id='word_1_468' title='bbox 1049 3950 1167 4023; x_wconf 75' lang='grc' dir='ltr'>[καὶ</span> <span class='ocrx_word' id='word_1_469' title='bbox 1198 3952 1449 4024; x_wconf 76' lang='grc' dir='ltr'>ἧγαγον],</span> <span class='ocrx_word' id='word_1_470' title='bbox 1468 3955 1709 4026; x_wconf 81' lang='grc' dir='ltr'>ὑπομνη-</span> 
     </span>
    </p>
   </div>
   <div class='ocr_carea' id='block_1_66' title="bbox 1765 3946 3378 4026">
    <p class='ocr_par' dir='ltr' id='par_1_66' title="bbox 1884 3951 3378 4023">
     <span class='ocr_line' id='line_1_66' title="bbox 1884 3951 3378 4023; baseline 0.005 -19"><span class='ocrx_word' id='word_1_471' title='bbox 1884 3953 1947 4017; x_wconf 89' lang='grc'>7,</span> <span class='ocrx_word' id='word_1_472' title='bbox 1987 3952 2040 4008; x_wconf 88' lang='grc'><strong>8.</strong></span> <span class='ocrx_word' id='word_1_473' title='bbox 2076 3951 2195 4023; x_wconf 89' lang='lat' dir='ltr'><strong>Ipsa</strong></span> <span class='ocrx_word' id='word_1_474' title='bbox 2236 3968 2323 4007; x_wconf 93' lang='lat' dir='ltr'><strong>me</strong></span> <span class='ocrx_word' id='word_1_475' title='bbox 2360 3969 2507 4007; x_wconf 89' lang='lat' dir='ltr'><strong>nunc</strong></span> <span class='ocrx_word' id='word_1_476' title='bbox 2543 3953 2892 4009; x_wconf 83' lang='lat' dir='ltr'><strong>deduxerunt</strong></span> <span class='ocrx_word' id='word_1_477' title='bbox 2930 3963 2985 4008; x_wconf 91' lang='lat' dir='ltr'><strong>et</strong></span> <span class='ocrx_word' id='word_1_478' title='bbox 3022 3953 3378 4013; x_wconf 77' lang='lat' dir='ltr'><strong>adduxerunt.</strong></span> 
     </span>
    </p>
   </div>
   <div class='ocr_carea' id='block_1_67' title="bbox 132 4038 1745 4114">
    <p class='ocr_par' dir='ltr' id='par_1_67' title="bbox 132 4038 1707 4111">
     <span class='ocr_line' id='line_1_67' title="bbox 132 4038 1707 4111; baseline 0.01 -23"><span class='ocrx_word' id='word_1_479' title='bbox 132 4038 325 4107; x_wconf 60' lang='grc' dir='ltr'>σθῆναι</span> <span class='ocrx_word' id='word_1_480' title='bbox 352 4041 452 4110; x_wconf 81' lang='grc' dir='ltr'><strong>τῆς</strong></span> <span class='ocrx_word' id='word_1_481' title='bbox 478 4041 728 4111; x_wconf 86' lang='grc' dir='ltr'>οὔρανίου</span> <span class='ocrx_word' id='word_1_482' title='bbox 755 4042 1024 4107; x_wconf 81' lang='grc' dir='ltr'>πολιτείας</span> <span class='ocrx_word' id='word_1_483' title='bbox 1066 4046 1158 4097; x_wconf 80' lang='grc' dir='ltr'><strong>καὶ</strong></span> <span class='ocrx_word' id='word_1_484' title='bbox 1208 4045 1314 4100; x_wconf 85' lang='grc' dir='ltr'><strong>τῶν</strong></span> <span class='ocrx_word' id='word_1_485' title='bbox 1353 4048 1581 4101; x_wconf 88' lang='grc' dir='ltr'>αἰωνίων</span> <span class='ocrx_word' id='word_1_486' title='bbox 1617 4067 1707 4103; x_wconf 93' lang='grc' dir='ltr'><strong>σου</strong></span> 
     </span>
    </p>
   </div>
   <div class='ocr_carea' id='block_1_68' title="bbox 1766 4038 3379 4114">
    <p class='ocr_par' dir='ltr' id='par_1_68' title="bbox 1812 4046 3379 4114">
     <span class='ocr_line' id='line_1_68' title="bbox 1812 4046 3379 4114; baseline 0.001 -16"><span class='ocrx_word' id='word_1_487' title='bbox 1812 4055 1869 4099; x_wconf 92' lang='lat' dir='ltr'><strong>ut</strong></span> <span class='ocrx_word' id='word_1_488' title='bbox 1903 4047 2223 4101; x_wconf 87' lang='lat' dir='ltr'><strong>recordarer</strong></span> <span class='ocrx_word' id='word_1_489' title='bbox 2263 4046 2501 4101; x_wconf 76' lang='lat' dir='ltr'><strong>caelestis</strong></span> <span class='ocrx_word' id='word_1_490' title='bbox 2551 4048 3003 4114; x_wconf 85' lang='lat' dir='ltr'><strong>conversationis,</strong></span> <span class='ocrx_word' id='word_1_491' title='bbox 3061 4056 3116 4102; x_wconf 91' lang='lat' dir='ltr'><strong>et</strong></span> <span class='ocrx_word' id='word_1_492' title='bbox 3157 4056 3379 4102; x_wconf 75' lang='lat' dir='ltr'><strong>:eterna-</strong></span> 
     </span>
    </p>
   </div>
   <div class='ocr_carea' id='block_1_69' title="bbox 127 4131 1740 4207">
    <p class='ocr_par' dir='ltr' id='par_1_69' title="bbox 127 4131 612 4204">
     <span class='ocr_line' id='line_1_69' title="bbox 127 4131 612 4204; baseline 0.012 -23"><span class='ocrx_word' id='word_1_493' title='bbox 127 4131 344 4184; x_wconf 84' lang='grc' dir='ltr'>ἁναπαύ</span> <span class='ocrx_word' id='word_1_494' title='bbox 353 4149 489 4185; x_wconf 88' lang='grc' dir='ltr'>σεων</span> 
     </span>
    </p>
   </div>
   <div class='ocr_carea' id='block_1_70' title="bbox 922 4131 2535 4207">
    <p class='ocr_par' dir='ltr' id='par_1_70' title="bbox 1810 4138 2535 4207">
     <span class='ocr_line' id='line_1_70' title="bbox 1810 4138 2535 4207; baseline 0.003 -17"><span class='ocrx_word' id='word_1_495' title='bbox 1810 4154 1931 4192; x_wconf 79' lang='lat' dir='ltr'><strong>rum</strong></span> <span class='ocrx_word' id='word_1_496' title='bbox 1963 4146 2181 4191; x_wconf 89' lang='lat' dir='ltr'><strong>tuarum</strong></span> <span class='ocrx_word' id='word_1_497' title='bbox 2209 4138 2535 4207; x_wconf 88' lang='lat' dir='ltr'><strong>requietum.</strong></span> 
     </span>
    </p>
   </div>
   <div class='ocr_carea' id='block_1_71' title="bbox 194 4224 1807 4302">
    <p class='ocr_par' dir='ltr' id='par_1_71' title="bbox 194 4224 1704 4299">
     <span class='ocr_line' id='line_1_71' title="bbox 194 4224 1704 4299; baseline 0.005 -22"><span class='ocrx_word' id='word_1_498' title='bbox 194 4225 249 4278; x_wconf 88' lang='lat'><strong>9.</strong></span> <span class='ocrx_word' id='word_1_499' title='bbox 278 4225 393 4277; x_wconf 73' lang='grc' dir='ltr'>Καὶ</span> <span class='ocrx_word' id='word_1_500' title='bbox 412 4228 479 4295; x_wconf 83' lang='grc' dir='ltr'>τῇ</span> <span class='ocrx_word' id='word_1_501' title='bbox 508 4224 713 4297; x_wconf 78' lang='grc' dir='ltr'>διανοίᾳ</span> <span class='ocrx_word' id='word_1_502' title='bbox 735 4226 965 4280; x_wconf 75' lang='grc' dir='ltr'>εἰσέλθω</span> <span class='ocrx_word' id='word_1_503' title='bbox 990 4229 1067 4291; x_wconf 83' lang='grc' dir='ltr'>είς</span> <span class='ocrx_word' id='word_1_504' title='bbox 1090 4227 1148 4281; x_wconf 80' lang='grc' dir='ltr'>τὺ</span> <span class='ocrx_word' id='word_1_505' title='bbox 1170 4228 1487 4299; x_wconf 77' lang='grc' dir='ltr'>ἐπουράνιον</span> <span class='ocrx_word' id='word_1_506' title='bbox 1518 4230 1704 4285; x_wconf 81' lang='grc' dir='ltr'>θυσια-</span> 
     </span>
    </p>
   </div>
   <div class='ocr_carea' id='block_1_72' title="bbox 1765 4224 3378 4302">
    <p class='ocr_par' dir='ltr' id='par_1_72' title="bbox 1879 4228 3378 4302">
     <span class='ocr_line' id='line_1_72' title="bbox 1879 4228 3378 4302; baseline 0 -19"><span class='ocrx_word' id='word_1_507' title='bbox 1879 4231 1932 4285; x_wconf 85' lang='grc'><strong>9.</strong></span> <span class='ocrx_word' id='word_1_508' title='bbox 1965 4229 2029 4283; x_wconf 86' lang='grc' dir='ltr'>Ει</span> <span class='ocrx_word' id='word_1_509' title='bbox 2057 4240 2236 4286; x_wconf 89' lang='lat' dir='ltr'><strong>mente</strong></span> <span class='ocrx_word' id='word_1_510' title='bbox 2266 4231 2542 4302; x_wconf 80' lang='lat' dir='ltr'><strong>ingredior</strong></span> <span class='ocrx_word' id='word_1_511' title='bbox 2566 4230 2632 4286; x_wconf 89' lang='lat' dir='ltr'><strong>ad</strong></span> <span class='ocrx_word' id='word_1_512' title='bbox 2657 4231 3044 4302; x_wconf 75' lang='lat' dir='ltr'><strong>supcrcmleste</strong></span> <span class='ocrx_word' id='word_1_513' title='bbox 3072 4230 3243 4286; x_wconf 89' lang='lat' dir='ltr'><strong>altare</strong></span> <span class='ocrx_word' id='word_1_514' title='bbox 3264 4228 3378 4284; x_wconf 91' lang='lat' dir='ltr'><strong>Dei.</strong></span> 
     </span>
    </p>
   </div>
   <div class='ocr_carea' id='block_1_73' title="bbox 129 4318 671 4387">
    <p class='ocr_par' dir='ltr' id='par_1_73' title="bbox 129 4318 671 4387">
     <span class='ocr_line' id='line_1_73' title="bbox 129 4318 671 4387; baseline 0.009 -20"><span class='ocrx_word' id='word_1_515' title='bbox 129 4319 354 4387; x_wconf 82' lang='grc' dir='ltr'>στήριον</span> <span class='ocrx_word' id='word_1_516' title='bbox 387 4318 481 4371; x_wconf 80' lang='grc' dir='ltr'>τοῦ</span> <span class='ocrx_word' id='word_1_517' title='bbox 519 4318 671 4373; x_wconf 80' lang='grc' dir='ltr'>Θεοῦ.</span> 
     </span>
    </p>
   </div>
   <div class='ocr_carea' id='block_1_74' title="bbox 198 4408 1811 4484">
    <p class='ocr_par' dir='ltr' id='par_1_74' title="bbox 198 4410 1385 4484">
     <span class='ocr_line' id='line_1_74' title="bbox 198 4410 1385 4484; baseline 0.004 -21"><span class='ocrx_word' id='word_1_518' title='bbox 198 4411 284 4464; x_wconf 80' lang='grc'><strong>10.</strong></span> <span class='ocrx_word' id='word_1_519' title='bbox 319 4411 428 4463; x_wconf 83' lang='grc' dir='ltr'>Τὸν</span> <span class='ocrx_word' id='word_1_520' title='bbox 457 4410 832 4484; x_wconf 78' lang='grc' dir='ltr'>εὐφραίνοντα,</span> <span class='ocrx_word' id='word_1_521' title='bbox 859 4412 1026 4481; x_wconf 83' lang='grc' dir='ltr'>λέγει,</span> <span class='ocrx_word' id='word_1_522' title='bbox 1062 4413 1240 4484; x_wconf 77' lang='grc' dir='ltr'>ψυχήν</span> <span class='ocrx_word' id='word_1_523' title='bbox 1267 4432 1385 4484; x_wconf 90' lang='grc' dir='ltr'>μου.</span> 
     </span>
    </p>
   </div>
   <div class='ocr_carea' id='block_1_75' title="bbox 1531 4408 3144 4484">
    <p class='ocr_par' dir='ltr' id='par_1_75' title="bbox 1880 4408 3144 4478">
     <span class='ocr_line' id='line_1_75' title="bbox 1880 4408 3144 4478; baseline 0.002 -16"><span class='ocrx_word' id='word_1_524' title='bbox 1880 4410 1966 4464; x_wconf 89' lang='grc'><strong>10.</strong></span> <span class='ocrx_word' id='word_1_525' title='bbox 2000 4408 2408 4475; x_wconf 72' lang='lat' dir='ltr'><strong>Laetificantem,</strong></span> <span class='ocrx_word' id='word_1_526' title='bbox 2441 4410 2645 4478; x_wconf 90' lang='lat' dir='ltr'><strong>inquit,</strong></span> <span class='ocrx_word' id='word_1_527' title='bbox 2672 4410 2910 4463; x_wconf 87' lang='lat' dir='ltr'><strong>animam</strong></span> <span class='ocrx_word' id='word_1_528' title='bbox 2948 4426 3144 4464; x_wconf 86' lang='lat' dir='ltr'><strong>meam.</strong></span> 
     </span>
    </p>
   </div>
   <div class='ocr_carea' id='block_1_76' title="bbox 192 4501 1805 4579">
    <p class='ocr_par' dir='ltr' id='par_1_76' title="bbox 192 4504 1703 4579">
     <span class='ocr_line' id='line_1_76' title="bbox 192 4504 1703 4579; baseline 0.003 -22"><span class='ocrx_word' id='word_1_529' title='bbox 192 4505 281 4559; x_wconf 81' lang='grc'><strong>11.</strong></span> <span class='ocrx_word' id='word_1_530' title='bbox 314 4504 553 4571; x_wconf 79' lang='grc' dir='ltr'>Δοξάσω,</span> <span class='ocrx_word' id='word_1_531' title='bbox 585 4504 751 4573; x_wconf 82' lang='grc' dir='ltr'>λέγει,</span> <span class='ocrx_word' id='word_1_532' title='bbox 782 4508 839 4559; x_wconf 85' lang='grc' dir='ltr'>ὲν</span> <span class='ocrx_word' id='word_1_533' title='bbox 875 4510 941 4578; x_wconf 81' lang='grc' dir='ltr'>τῇ</span> <span class='ocrx_word' id='word_1_534' title='bbox 962 4506 1105 4578; x_wconf 77' lang='grc' dir='ltr'>ψυχῇ</span> <span class='ocrx_word' id='word_1_535' title='bbox 1139 4525 1258 4577; x_wconf 89' lang='grc' dir='ltr'>μου,</span> <span class='ocrx_word' id='word_1_536' title='bbox 1282 4509 1375 4561; x_wconf 77' lang='grc' dir='ltr'>καὶ</span> <span class='ocrx_word' id='word_1_537' title='bbox 1408 4510 1463 4561; x_wconf 84' lang='grc' dir='ltr'>ὲν</span> <span class='ocrx_word' id='word_1_538' title='bbox 1494 4507 1569 4579; x_wconf 81' lang='grc' dir='ltr'><strong>τῷ</strong></span> <span class='ocrx_word' id='word_1_539' title='bbox 1604 4505 1703 4560; x_wconf 81' lang='grc' dir='ltr'><strong>σώ-</strong></span> 
     </span>
    </p>
   </div>
   <div class='ocr_carea' id='block_1_77' title="bbox 1765 4501 3378 4579">
    <p class='ocr_par' dir='ltr' id='par_1_77' title="bbox 1882 4501 3378 4571">
     <span class='ocr_line' id='line_1_77' title="bbox 1882 4501 3378 4571; baseline -0.001 -15"><span class='ocrx_word' id='word_1_540' title='bbox 1882 4503 1966 4559; x_wconf 83' lang='lat' dir='ltr'><strong>ll.</strong></span> <span class='ocrx_word' id='word_1_541' title='bbox 2004 4502 2355 4563; x_wconf 83' lang='lat' dir='ltr'><strong>Gloriﬁcabo,</strong></span> <span class='ocrx_word' id='word_1_542' title='bbox 2385 4502 2584 4571; x_wconf 89' lang='lat' dir='ltr'><strong>inquit,</strong></span> <span class='ocrx_word' id='word_1_543' title='bbox 2618 4504 2672 4557; x_wconf 91' lang='lat' dir='ltr'><strong>in</strong></span> <span class='ocrx_word' id='word_1_544' title='bbox 2708 4502 2891 4555; x_wconf 88' lang='lat' dir='ltr'><strong>anima</strong></span> <span class='ocrx_word' id='word_1_545' title='bbox 2921 4517 3039 4555; x_wconf 89' lang='lat' dir='ltr'><strong>mea</strong></span> <span class='ocrx_word' id='word_1_546' title='bbox 3061 4540 3075 4565; x_wconf 91' lang='lat'><strong>,</strong></span> <span class='ocrx_word' id='word_1_547' title='bbox 3108 4511 3163 4555; x_wconf 92' lang='lat' dir='ltr'><strong>et</strong></span> <span class='ocrx_word' id='word_1_548' title='bbox 3188 4501 3239 4554; x_wconf 92' lang='lat' dir='ltr'><strong>in</strong></span> <span class='ocrx_word' id='word_1_549' title='bbox 3264 4517 3378 4556; x_wconf 87' lang='lat' dir='ltr'><strong>cor-</strong></span> 
     </span>
    </p>
   </div>
   <div class='ocr_carea' id='block_1_78' title="bbox 128 4593 1741 4672">
    <p class='ocr_par' dir='ltr' id='par_1_78' title="bbox 128 4597 1703 4672">
     <span class='ocr_line' id='line_1_78' title="bbox 128 4597 1703 4672; baseline 0.003 -23"><span class='ocrx_word' id='word_1_550' title='bbox 128 4615 281 4663; x_wconf 83' lang='grc' dir='ltr'>ματι,</span> <span class='ocrx_word' id='word_1_551' title='bbox 308 4597 587 4668; x_wconf 82' lang='grc' dir='ltr'>νεκρὼσας</span> <span class='ocrx_word' id='word_1_552' title='bbox 609 4601 673 4670; x_wconf 80' lang='grc' dir='ltr'><strong>τῇ</strong></span> <span class='ocrx_word' id='word_1_553' title='bbox 708 4599 950 4671; x_wconf 74' lang='grc' dir='ltr'>ἁμαρτίᾳ</span> <span class='ocrx_word' id='word_1_554' title='bbox 978 4599 1096 4653; x_wconf 83' lang='grc' dir='ltr'>ὅλον</span> <span class='ocrx_word' id='word_1_555' title='bbox 1126 4600 1333 4654; x_wconf 72' lang='grc' dir='ltr'>ἑαυτόψ</span> <span class='ocrx_word' id='word_1_556' title='bbox 1364 4601 1562 4672; x_wconf 81' lang='grc' dir='ltr'>κιθάρα</span> <span class='ocrx_word' id='word_1_557' title='bbox 1596 4602 1703 4672; x_wconf 82' lang='grc' dir='ltr'><strong>γὰρ</strong></span> 
     </span>
    </p>
   </div>
   <div class='ocr_carea' id='block_1_79' title="bbox 1765 4593 3378 4672">
    <p class='ocr_par' dir='ltr' id='par_1_79' title="bbox 1806 4593 3378 4667">
     <span class='ocr_line' id='line_1_79' title="bbox 1806 4593 3378 4667; baseline 0 -19"><span class='ocrx_word' id='word_1_558' title='bbox 1806 4612 1937 4667; x_wconf 89' lang='lat' dir='ltr'><strong>pore</strong></span> <span class='ocrx_word' id='word_1_559' title='bbox 1972 4593 2309 4649; x_wconf 84' lang='lat' dir='ltr'><strong>mortiﬁcans</strong></span> <span class='ocrx_word' id='word_1_560' title='bbox 2355 4602 2527 4648; x_wconf 90' lang='lat' dir='ltr'><strong>totum</strong></span> <span class='ocrx_word' id='word_1_561' title='bbox 2571 4596 2836 4664; x_wconf 85' lang='lat' dir='ltr'><strong>meipsum</strong></span> <span class='ocrx_word' id='word_1_562' title='bbox 2887 4594 3378 4664; x_wconf 79' lang='lat' dir='ltr'><strong>peccatozcithara</strong></span> 
     </span>
    </p>
   </div>
   <div class='ocr_carea' id='block_1_80' title="bbox 126 4686 1739 4761">
    <p class='ocr_par' dir='ltr' id='par_1_80' title="bbox 126 4688 1704 4761">
     <span class='ocr_line' id='line_1_80' title="bbox 126 4688 1704 4761; baseline 0.002 -23"><span class='ocrx_word' id='word_1_563' title='bbox 126 4688 283 4752; x_wconf 79' lang='grc' dir='ltr'>ξύλον</span> <span class='ocrx_word' id='word_1_564' title='bbox 316 4688 435 4741; x_wconf 74' lang='grc' dir='ltr'>ἐστὶ</span> <span class='ocrx_word' id='word_1_565' title='bbox 466 4689 625 4760; x_wconf 81' lang='grc' dir='ltr'>ξηρὸν</span> <span class='ocrx_word' id='word_1_566' title='bbox 652 4689 770 4759; x_wconf 75' lang='grc' dir='ltr'>ἕχον</span> <span class='ocrx_word' id='word_1_567' title='bbox 794 4688 981 4760; x_wconf 78' lang='grc' dir='ltr'>νεῦρα,</span> <span class='ocrx_word' id='word_1_568' title='bbox 1017 4690 1244 4761; x_wconf 84' lang='grc' dir='ltr'>ἀόρατον</span> <span class='ocrx_word' id='word_1_569' title='bbox 1300 4690 1481 4761; x_wconf 82' lang='grc' dir='ltr'>φωνὴν</span> <span class='ocrx_word' id='word_1_570' title='bbox 1510 4691 1704 4743; x_wconf 84' lang='grc' dir='ltr'>ἀποτε-</span> 
     </span>
    </p>
   </div>
   <div class='ocr_carea' id='block_1_81' title="bbox 1765 4686 3378 4761">
    <p class='ocr_par' dir='ltr' id='par_1_81' title="bbox 1805 4686 3378 4758">
     <span class='ocr_line' id='line_1_81' title="bbox 1805 4686 3378 4758; baseline -0.003 -14"><span class='ocrx_word' id='word_1_571' title='bbox 1805 4691 1947 4744; x_wconf 88' lang='lat' dir='ltr'><strong>enim</strong></span> <span class='ocrx_word' id='word_1_572' title='bbox 1996 4697 2080 4743; x_wconf 91' lang='lat' dir='ltr'><strong>est</strong></span> <span class='ocrx_word' id='word_1_573' title='bbox 2134 4688 2341 4758; x_wconf 77' lang='lat' dir='ltr'><strong>lignum</strong></span> <span class='ocrx_word' id='word_1_574' title='bbox 2386 4689 2596 4743; x_wconf 82' lang='lat' dir='ltr'><strong>aridum</strong></span> <span class='ocrx_word' id='word_1_575' title='bbox 2630 4690 2834 4745; x_wconf 84' lang='lat' dir='ltr'><strong>habens</strong></span> <span class='ocrx_word' id='word_1_576' title='bbox 2871 4705 3090 4753; x_wconf 88' lang='lat' dir='ltr'><strong>nervos,</strong></span> <span class='ocrx_word' id='word_1_577' title='bbox 3136 4686 3378 4742; x_wconf 80' lang='lat' dir='ltr'><strong>invisibi-</strong></span> 
     </span>
    </p>
   </div>
   <div class='ocr_carea' id='block_1_82' title="bbox 128 4779 1741 4853">
    <p class='ocr_par' dir='ltr' id='par_1_82' title="bbox 128 4779 1503 4853">
     <span class='ocr_line' id='line_1_82' title="bbox 128 4779 1503 4853; baseline 0.003 -23"><span class='ocrx_word' id='word_1_578' title='bbox 128 4779 297 4833; x_wconf 79' lang='grc' dir='ltr'><strong>κοῦσα</strong></span> <span class='ocrx_word' id='word_1_579' title='bbox 332 4781 411 4851; x_wconf 83' lang='lat'><strong>(5)</strong></span> <span class='ocrx_word' id='word_1_580' title='bbox 451 4782 569 4834; x_wconf 86' lang='grc' dir='ltr'>κατ’</span> <span class='ocrx_word' id='word_1_581' title='bbox 594 4782 868 4851; x_wconf 77' lang='grc' dir='ltr'>ἐνέργειαν</span> <span class='ocrx_word' id='word_1_582' title='bbox 887 4781 981 4834; x_wconf 78' lang='grc' dir='ltr'>τοῦ</span> <span class='ocrx_word' id='word_1_583' title='bbox 1013 4782 1283 4845; x_wconf 80' lang='grc' dir='ltr'>κινοῦντος</span> <span class='ocrx_word' id='word_1_584' title='bbox 1318 4783 1503 4853; x_wconf 82' lang='grc' dir='ltr'>αὑτήν.</span> 
     </span>
    </p>
   </div>
   <div class='ocr_carea' id='block_1_83' title="bbox 1764 4779 3377 4853">
    <p class='ocr_par' dir='ltr' id='par_1_83' title="bbox 1805 4782 3377 4851">
     <span class='ocr_line' id='line_1_83' title="bbox 1805 4782 3377 4851; baseline -0.003 -13"><span class='ocrx_word' id='word_1_585' title='bbox 1805 4788 1908 4838; x_wconf 89' lang='lat' dir='ltr'><strong>lem</strong></span> <span class='ocrx_word' id='word_1_586' title='bbox 1960 4795 2145 4835; x_wconf 90' lang='lat' dir='ltr'><strong>vocem</strong></span> <span class='ocrx_word' id='word_1_587' title='bbox 2192 4784 2448 4837; x_wconf 86' lang='lat' dir='ltr'><strong>emittens</strong></span> <span class='ocrx_word' id='word_1_588' title='bbox 2493 4782 2791 4836; x_wconf 89' lang='lat' dir='ltr'><strong>secundum</strong></span> <span class='ocrx_word' id='word_1_589' title='bbox 2840 4782 3209 4851; x_wconf 86' lang='lat' dir='ltr'><strong>operationem</strong></span> <span class='ocrx_word' id='word_1_590' title='bbox 3260 4796 3377 4835; x_wconf 85' lang='lat' dir='ltr'><strong>eam</strong></span> 
     </span>
    </p>
   </div>
   <div class='ocr_carea' id='block_1_84' title="bbox 1805 4873 2093 4929">
    <p class='ocr_par' dir='ltr' id='par_1_84' title="bbox 1805 4873 2093 4929">
     <span class='ocr_line' id='line_1_84' title="bbox 1805 4873 2093 4929; baseline -0.014 0"><span class='ocrx_word' id='word_1_591' title='bbox 1805 4873 2093 4929; x_wconf 86' lang='lat' dir='ltr'><strong>moventis.</strong></span> 
     </span>
    </p>
   </div>
   <div class='ocr_carea' id='block_1_85' title="bbox 193 4955 1806 5030">
    <p class='ocr_par' dir='ltr' id='par_1_85' title="bbox 193 4955 1765 5030">
     <span class='ocr_line' id='line_1_85' title="bbox 193 4955 1765 5030; baseline 0.005 -19"><span class='ocrx_word' id='word_1_592' title='bbox 193 4958 284 5011; x_wconf 66' lang='grc' dir='ltr'><strong>η.</strong></span> <span class='ocrx_word' id='word_1_593' title='bbox 313 4955 433 5010; x_wconf 82' lang='grc' dir='ltr'>ἰνα</span> <span class='ocrx_word' id='word_1_594' title='bbox 464 4957 517 5009; x_wconf 89' lang='grc' dir='ltr'><strong>τί</strong></span> <span class='ocrx_word' id='word_1_595' title='bbox 548 4957 717 5021; x_wconf 78' lang='grc' dir='ltr'>οὕτως</span> <span class='ocrx_word' id='word_1_596' title='bbox 740 4958 989 5027; x_wconf 84' lang='grc' dir='ltr'>ἀπέγνως</span> <span class='ocrx_word' id='word_1_597' title='bbox 1019 4960 1242 5030; x_wconf 84' lang='grc' dir='ltr'><strong>ὲαυτῆς;</strong></span> <span class='ocrx_word' id='word_1_598' title='bbox 1730 5021 1765 5030; x_wconf 81' lang='lat'><strong><em>_</em></strong></span> 
     </span>
    </p>
   </div>
   <div class='ocr_carea' id='block_1_86' title="bbox 1353 4955 2966 5030">
    <p class='ocr_par' dir='ltr' id='par_1_86' title="bbox 1730 4960 2966 5030">
     <span class='ocr_line' id='line_1_86' title="bbox 1730 4960 2966 5030; baseline 0 -14"><span class='ocrx_word' id='word_1_599' title='bbox 1730 5021 1765 5030; x_wconf 81' lang='lat'><strong><em>_</em></strong></span> <span class='ocrx_word' id='word_1_600' title='bbox 1876 4963 1960 5017; x_wconf 71' lang='lat'><strong>12.</strong></span> <span class='ocrx_word' id='word_1_601' title='bbox 1996 4962 2176 5028; x_wconf 86' lang='lat' dir='ltr'><strong>Quare</strong></span> <span class='ocrx_word' id='word_1_602' title='bbox 2206 4962 2280 5015; x_wconf 87' lang='lat' dir='ltr'><strong>ita</strong></span> <span class='ocrx_word' id='word_1_603' title='bbox 2305 4961 2370 5015; x_wconf 89' lang='lat' dir='ltr'><strong>de</strong></span> <span class='ocrx_word' id='word_1_604' title='bbox 2397 4969 2448 5015; x_wconf 91' lang='lat' dir='ltr'><strong>te</strong></span> <span class='ocrx_word' id='word_1_605' title='bbox 2484 4961 2598 5030; x_wconf 85' lang='lat' dir='ltr'><strong>ipsa</strong></span> <span class='ocrx_word' id='word_1_606' title='bbox 2625 4960 2966 5030; x_wconf 85' lang='lat' dir='ltr'><strong>desperasti?</strong></span> 
     </span>
    </p>
   </div>
   <div class='ocr_carea' id='block_1_87' title="bbox 188 5021 1801 5125">
    <p class='ocr_par' dir='ltr' id='par_1_87' title="bbox 188 5021 1773 5122">
     <span class='ocr_line' id='line_1_87' title="bbox 188 5021 1773 5122; baseline 0 -19"><span class='ocrx_word' id='word_1_607' title='bbox 188 5052 279 5105; x_wconf 80' lang='grc'><strong>15.</strong></span> <span class='ocrx_word' id='word_1_608' title='bbox 318 5050 578 5104; x_wconf 84' lang='grc' dir='ltr'>Ἐλπισον</span> <span class='ocrx_word' id='word_1_609' title='bbox 605 5052 696 5103; x_wconf 75' lang='grc' dir='ltr'>ἐπὶ</span> <span class='ocrx_word' id='word_1_610' title='bbox 730 5052 819 5106; x_wconf 81' lang='grc' dir='ltr'><strong>τὸν</strong></span> <span class='ocrx_word' id='word_1_611' title='bbox 845 5021 980 5105; x_wconf 57' lang='grc' dir='ltr'><strong>Θεὸν⁷</strong></span> <span class='ocrx_word' id='word_1_612' title='bbox 998 5053 1086 5106; x_wconf 79' lang='grc' dir='ltr'><strong>τὸν</strong></span> <span class='ocrx_word' id='word_1_613' title='bbox 1110 5021 1349 5115; x_wconf 53' lang='grc' dir='ltr'>σώζοντα</span> <span class='ocrx_word' id='word_1_614' title='bbox 1372 5053 1494 5116; x_wconf 79' lang='grc' dir='ltr'>τοὺς</span> <span class='ocrx_word' id='word_1_615' title='bbox 1530 5068 1696 5122; x_wconf 76' lang='grc' dir='ltr'>προσ·</span> <span class='ocrx_word' id='word_1_616' title='bbox 1730 5021 1773 5076; x_wconf 80' lang='lat' dir='ltr'><strong>D</strong></span> 
     </span>
    </p>
   </div>
   <div class='ocr_carea' id='block_1_88' title="bbox 1766 5021 3379 5125">
    <p class='ocr_par' dir='ltr' id='par_1_88' title="bbox 1766 5021 3379 5125">
     <span class='ocr_line' id='line_1_88' title="bbox 1766 5021 3379 5125; baseline 0.002 -20"><span class='ocrx_word' id='word_1_617' title='bbox 1766 5031 1773 5068; x_wconf 80' lang='grc'><em>’</em></span> <span class='ocrx_word' id='word_1_618' title='bbox 1881 5052 1965 5106; x_wconf 78' lang='lat' dir='ltr'><strong>I5.</strong></span> <span class='ocrx_word' id='word_1_619' title='bbox 2002 5021 2169 5121; x_wconf 57' lang='grc' dir='ltr'>ἐρεῖ-ε</span> <span class='ocrx_word' id='word_1_620' title='bbox 2205 5052 2258 5104; x_wconf 91' lang='lat' dir='ltr'><strong>in</strong></span> <span class='ocrx_word' id='word_1_621' title='bbox 2288 5049 2480 5114; x_wconf 88' lang='lat' dir='ltr'><strong>Deum,</strong></span> <span class='ocrx_word' id='word_1_622' title='bbox 2503 5021 2615 5121; x_wconf 33' lang='lat' dir='ltr'><strong>uqui</strong></span> <span class='ocrx_word' id='word_1_623' title='bbox 2661 5021 2836 5105; x_wconf 79' lang='lat' dir='ltr'><strong>salvat</strong></span> <span class='ocrx_word' id='word_1_624' title='bbox 2864 5051 2931 5106; x_wconf 92' lang='lat' dir='ltr'><strong>ad</strong></span> <span class='ocrx_word' id='word_1_625' title='bbox 2963 5066 3021 5107; x_wconf 85' lang='lat' dir='ltr'><strong>se</strong></span> <span class='ocrx_word' id='word_1_626' title='bbox 3062 5052 3379 5125; x_wconf 78' lang='lat' dir='ltr'><strong>confugien-</strong></span> 
     </span>
    </p>
   </div>
   <div class='ocr_carea' id='block_1_89' title="bbox 124 5141 1737 5216">
    <p class='ocr_par' dir='ltr' id='par_1_89' title="bbox 124 5141 1699 5216">
     <span class='ocr_line' id='line_1_89' title="bbox 124 5141 1699 5216; baseline 0.001 -23"><span class='ocrx_word' id='word_1_627' title='bbox 124 5143 431 5210; x_wconf 72' lang='grc' dir='ltr'>φεύγοντας</span> <span class='ocrx_word' id='word_1_628' title='bbox 454 5141 626 5213; x_wconf 78' lang='grc' dir='ltr'>αὐτῷ,</span> <span class='ocrx_word' id='word_1_629' title='bbox 656 5144 738 5197; x_wconf 83' lang='grc' dir='ltr'>ὅτι</span> <span class='ocrx_word' id='word_1_630' title='bbox 795 5143 948 5213; x_wconf 80' lang='grc' dir='ltr'><strong>κάγὼ</strong></span> <span class='ocrx_word' id='word_1_631' title='bbox 986 5144 1161 5215; x_wconf 80' lang='grc' dir='ltr'>μέλλω</span> <span class='ocrx_word' id='word_1_632' title='bbox 1192 5144 1339 5215; x_wconf 83' lang='grc' dir='ltr'>αὐτῷ</span> <span class='ocrx_word' id='word_1_633' title='bbox 1378 5143 1699 5216; x_wconf 78' lang='grc' dir='ltr'>ἐξομολογή-</span> 
     </span>
    </p>
   </div>
   <div class='ocr_carea' id='block_1_90' title="bbox 1477 5141 3090 5216">
    <p class='ocr_par' dir='ltr' id='par_1_90' title="bbox 1477 5142 3090 5216">
     <span class='ocr_line' id='line_1_90' title="bbox 1477 5142 3090 5216; baseline 0 -19"><span class='ocrx_word' id='word_1_634' title='bbox 1477 5143 1699 5216; x_wconf 86' lang='grc' dir='ltr'>μολογή-</span> <span class='ocrx_word' id='word_1_635' title='bbox 1804 5155 1909 5209; x_wconf 86' lang='lat' dir='ltr'><strong>tes,</strong></span> <span class='ocrx_word' id='word_1_636' title='bbox 1936 5145 2199 5214; x_wconf 87' lang='lat' dir='ltr'><strong>quoniam</strong></span> <span class='ocrx_word' id='word_1_637' title='bbox 2223 5150 2277 5197; x_wconf 87' lang='lat' dir='ltr'><strong>et</strong></span> <span class='ocrx_word' id='word_1_638' title='bbox 2306 5157 2408 5212; x_wconf 85' lang='lat' dir='ltr'><strong>ego</strong></span> <span class='ocrx_word' id='word_1_639' title='bbox 2440 5143 2544 5214; x_wconf 90' lang='lat' dir='ltr'><strong>ipsi</strong></span> <span class='ocrx_word' id='word_1_640' title='bbox 2566 5142 2917 5199; x_wconf 78' lang='lat' dir='ltr'><strong>confessurus</strong></span> <span class='ocrx_word' id='word_1_641' title='bbox 2950 5159 3090 5198; x_wconf 85' lang='lat' dir='ltr'><strong>sum.</strong></span> 
     </span>
    </p>
   </div>
   <div class='ocr_carea' id='block_1_91' title="bbox 125 5232 451 5301">
    <p class='ocr_par' dir='ltr' id='par_1_91' title="bbox 125 5232 451 5301">
     <span class='ocr_line' id='line_1_91' title="bbox 125 5232 451 5301; baseline 0.012 -16"><span class='ocrx_word' id='word_1_642' title='bbox 125 5235 323 5288; x_wconf 79' lang='grc' dir='ltr'>σασθαι</span> <span class='ocrx_word' id='word_1_643' title='bbox 356 5232 451 5301; x_wconf 81' lang='grc'><strong>(6).</strong></span> 
     </span>
    </p>
   </div>
   <div class='ocr_carea' id='block_1_92' title="bbox 191 5325 1804 5401">
    <p class='ocr_par' dir='ltr' id='par_1_92' title="bbox 191 5326 1128 5401">
     <span class='ocr_line' id='line_1_92' title="bbox 191 5326 1128 5401; baseline 0.004 -21"><span class='ocrx_word' id='word_1_644' title='bbox 191 5326 281 5380; x_wconf 77' lang='grc'><strong>14.</strong></span> <span class='ocrx_word' id='word_1_645' title='bbox 316 5327 489 5391; x_wconf 80' lang='grc' dir='ltr'>Αὐτός</span> <span class='ocrx_word' id='word_1_646' title='bbox 520 5329 664 5380; x_wconf 82' lang='grc' dir='ltr'>ἐστιν</span> <span class='ocrx_word' id='word_1_647' title='bbox 688 5330 715 5381; x_wconf 89' lang='lat'><strong>6</strong></span> <span class='ocrx_word' id='word_1_648' title='bbox 737 5328 866 5392; x_wconf 83' lang='grc' dir='ltr'>Θεός</span> <span class='ocrx_word' id='word_1_649' title='bbox 900 5347 1001 5400; x_wconf 89' lang='grc' dir='ltr'><strong>μου</strong></span> <span class='ocrx_word' id='word_1_650' title='bbox 1033 5329 1128 5401; x_wconf 82' lang='lat'><strong>(7).</strong></span> 
     </span>
    </p>
   </div>
   <div class='ocr_carea' id='block_1_93' title="bbox 981 5325 2594 5401">
    <p class='ocr_par' dir='ltr' id='par_1_93' title="bbox 981 5325 2594 5401">
     <span class='ocr_line' id='line_1_93' title="bbox 981 5325 2594 5401; baseline -0.002 -18"><span class='ocrx_word' id='word_1_651' title='bbox 981 5349 1001 5383; x_wconf 83' lang='lat' dir='ltr'><strong>J</strong></span> <span class='ocrx_word' id='word_1_652' title='bbox 1033 5329 1128 5401; x_wconf 83' lang='lat'><strong>(7).</strong></span> <span class='ocrx_word' id='word_1_653' title='bbox 1874 5328 1962 5385; x_wconf 74' lang='grc'><strong>14.</strong></span> <span class='ocrx_word' id='word_1_654' title='bbox 1992 5325 2111 5397; x_wconf 85' lang='lat' dir='ltr'><strong>Ipse</strong></span> <span class='ocrx_word' id='word_1_655' title='bbox 2132 5334 2215 5382; x_wconf 90' lang='lat' dir='ltr'><strong>est</strong></span> <span class='ocrx_word' id='word_1_656' title='bbox 2247 5325 2394 5382; x_wconf 90' lang='lat' dir='ltr'><strong>Deus</strong></span> <span class='ocrx_word' id='word_1_657' title='bbox 2421 5343 2594 5382; x_wconf 84' lang='lat' dir='ltr'><strong>meus.</strong></span> 
     </span>
    </p>
   </div>
   <div class='ocr_carea' id='block_1_94' title="bbox 1075 5504 2426 5584">
    <p class='ocr_par' dir='ltr' id='par_1_94' title="bbox 1075 5504 2426 5584">
     <span class='ocr_line' id='line_1_94' title="bbox 1075 5504 2426 5584; baseline -0.004 -16"><span class='ocrx_word' id='word_1_658' title='bbox 1075 5508 1381 5570; x_wconf 73' lang='lat' dir='ltr'><strong>Addenda</strong></span> <span class='ocrx_word' id='word_1_659' title='bbox 1416 5516 1471 5568; x_wconf 87' lang='lat' dir='ltr'><strong>et</strong></span> <span class='ocrx_word' id='word_1_660' title='bbox 1525 5505 1901 5584; x_wconf 72' lang='lat' dir='ltr'><strong>corrigenda</strong></span> <span class='ocrx_word' id='word_1_661' title='bbox 1935 5524 2012 5566; x_wconf 79' lang='lat' dir='ltr'><strong>ex</strong></span> <span class='ocrx_word' id='word_1_662' title='bbox 2046 5505 2185 5565; x_wconf 88' lang='lat' dir='ltr'><strong>cod.</strong></span> <span class='ocrx_word' id='word_1_663' title='bbox 2222 5504 2426 5565; x_wconf 76' lang='lat' dir='ltr'><strong>Vatic.</strong></span> 
     </span>
    </p>
   </div>
   <div class='ocr_carea' id='block_1_95' title="bbox 186 5624 2361 5703">
    <p class='ocr_par' dir='ltr' id='par_1_95' title="bbox 186 5624 2361 5703">
     <span class='ocr_line' id='line_1_95' title="bbox 186 5624 2361 5703; baseline -0.003 -22"><span class='ocrx_word' id='word_1_664' title='bbox 186 5632 263 5703; x_wconf 12' lang='lat' dir='ltr'><strong>(l7)</strong></span> <span class='ocrx_word' id='word_1_665' title='bbox 322 5632 385 5703; x_wconf 77' lang='grc' dir='ltr'>Ἡ</span> <span class='ocrx_word' id='word_1_666' title='bbox 412 5630 626 5703; x_wconf 67' lang='grc' dir='ltr'><strong>διὰτῆς</strong></span> <span class='ocrx_word' id='word_1_667' title='bbox 673 5632 1037 5703; x_wconf 73' lang='grc' dir='ltr'>κινναϐάρεως</span> <span class='ocrx_word' id='word_1_668' title='bbox 1070 5649 1187 5702; x_wconf 69' lang='grc' dir='ltr'>περ,</span> <span class='ocrx_word' id='word_1_669' title='bbox 1984 5624 2361 5703; x_wconf 47' lang='grc' dir='ltr'>ίᾼποτελοῦσα.</span> 
     </span>
    </p>
   </div>
   <div class='ocr_carea' id='block_1_96' title="bbox 190 5695 2469 5763">
    <p class='ocr_par' dir='ltr' id='par_1_96' title="bbox 190 5695 2469 5763">
     <span class='ocr_line' id='line_1_96' title="bbox 190 5695 2469 5763; baseline -0.002 -13"><span class='ocrx_word' id='word_1_670' title='bbox 190 5702 266 5761; x_wconf 69' lang='grc' dir='ltr'><strong>ιίὶ)</strong></span> <span class='ocrx_word' id='word_1_671' title='bbox 327 5701 385 5753; x_wconf 86' lang='grc' dir='ltr'><em>Ὀ</em></span> <span class='ocrx_word' id='word_1_672' title='bbox 420 5695 594 5762; x_wconf 42' lang='grc' dir='ltr'>Θεόςξ</span> <span class='ocrx_word' id='word_1_673' title='bbox 905 5695 913 5703; x_wconf 61' lang='grc'><strong>⁷</strong></span> <span class='ocrx_word' id='word_1_674' title='bbox 1144 5695 1154 5702; x_wconf 79' lang='grc'><em>’</em></span> <span class='ocrx_word' id='word_1_675' title='bbox 1872 5696 1945 5761; x_wconf 78' lang='lat'><strong>(6)</strong></span> <span class='ocrx_word' id='word_1_676' title='bbox 1990 5695 2469 5763; x_wconf 70' lang='grc' dir='ltr'>Ἐξομολογεῐσθαι.</span> 
     </span>
    </p>
   </div>
   <div class='ocr_carea' id='block_1_97' title="bbox 188 5768 2601 5841">
    <p class='ocr_par' dir='ltr' id='par_1_97' title="bbox 188 5768 2601 5841">
     <span class='ocr_line' id='line_1_97' title="bbox 188 5768 2601 5841; baseline -0.002 -18"><span class='ocrx_word' id='word_1_677' title='bbox 188 5771 265 5831; x_wconf 69' lang='lat'><strong>(7-)</strong></span> <span class='ocrx_word' id='word_1_678' title='bbox 304 5772 484 5838; x_wconf 85' lang='grc' dir='ltr'>Λέγει,</span> <span class='ocrx_word' id='word_1_679' title='bbox 507 5772 664 5841; x_wconf 74' lang='grc' dir='ltr'>ῥῦσαί</span> <span class='ocrx_word' id='word_1_680' title='bbox 696 5791 781 5841; x_wconf 77' lang='grc' dir='ltr'>με.</span> <span class='ocrx_word' id='word_1_681' title='bbox 1879 5768 1950 5835; x_wconf 59' lang='grc'><strong>(7)</strong></span> <span class='ocrx_word' id='word_1_682' title='bbox 1986 5768 2122 5830; x_wconf 57' lang='lat' dir='ltr'><strong>Mm,</strong></span> <span class='ocrx_word' id='word_1_683' title='bbox 2153 5768 2242 5819; x_wconf 66' lang='lat'><strong>77&quot;.</strong></span> <span class='ocrx_word' id='word_1_684' title='bbox 2269 5768 2446 5835; x_wconf 74' lang='grc' dir='ltr'>σωτήρ</span> <span class='ocrx_word' id='word_1_685' title='bbox 2480 5781 2601 5834; x_wconf 74' lang='grc' dir='ltr'>μου.</span> 
     </span>
    </p>
   </div>
   <div class='ocr_carea' id='block_1_98' title="bbox 182 5843 698 5905">
    <p class='ocr_par' dir='ltr' id='par_1_98' title="bbox 182 5843 698 5905">
     <span class='ocr_line' id='line_1_98' title="bbox 182 5843 698 5905; baseline 0.004 -12"><span class='ocrx_word' id='word_1_686' title='bbox 182 5844 258 5905; x_wconf 73' lang='grc'><strong>(6)</strong></span> <span class='ocrx_word' id='word_1_687' title='bbox 299 5843 698 5896; x_wconf 77' lang='grc' dir='ltr'>’Λπολαύσειι›ν.</span> 
     </span>
    </p>
   </div>
  </div>
