4068 6318
738 353 840 410 819
1576 357 1633 412 S.
1677 355 2045 412 ATIIANASII
2084 357 2231 412 OPP.
2275 355 2454 410 PARS
2477 357 2569 414 Ill.
2596 385 2665 397 —-
2703 351 3113 408 EXEGETICA.
3874 351 3968 407 8Ξο

961 468 1028 525 1η
1054 469 1209 540 ﬁnem
1240 482 1258 522 :
1285 469 1413 537 [iliis
1448 466 1580 525 Core
1608 470 1676 522 ad
1707 469 2045 524 intellectum.
2323 474 2366 529 Α
2400 470 2499 533 Είς
2552 485 2567 520 1

2359 470 2499 533 ,Εἰς
2552 467 2618 520 τὸ
2687 467 2889 532 τέλος,
2945 466 3068 532 τοῖς
3119 466 3268 532 υἱοῖς
3338 467 3488 535 Κορὲ
3554 469 3642 533 εἷς
3691 469 3965 527 σύνεσιν.

966 629 978 642 ,
1262 561 1465 617 ΡδΑι..
1508 562 1728 617 XLIII.

3015 560 3178 612 ΨΑΛ.
3217 561 3359 613 ΜΓ.

799 659 850 713 1.
884 657 1048 722 Deus,
1076 656 1130 711 in
1155 657 1379 711 auribus
1408 658 1611 712 nostris
1639 658 1983 720 audivimus,

2467 649 2515 702 1.
2567 650 2624 700 '0
2653 648 2803 711 Θεὸς,
2840 649 2897 700 ἐν
2921 651 3029 712 τοῖς
3060 650 3190 701 ὠσὶν
3389 649 3725 720 ἠκούσαμεν,

795 750 852 804 9.
888 750 1076 806 Patres
1098 752 1268 805 nostri
1292 751 1752 805 annuntiaverunt
1785 751 1940 804 nobis

2469 742 2522 794 9..
2553 742 2614 794 Οί
2646 741 2877 811 πατέρες
2906 739 3060 810 ἡμῶν
3093 742 3418 811 ἀνήγγειλαν
3449 742 3578 812 ἡμῖν

798 842 851 895 5.
887 841 1071 911 Opus,
1122 842 1268 909 quod
1308 851 1565 911 Operatus
1587 857 1649 896 es
1672 842 1725 896 in
1754 841 1947 896 diebus
1985 855 2208 901 eorum,
2240 838 2292 890 in

2469 835 2521 888 5.
2559 834 2777 903 Ἔργον,
2806 832 3091 903 ὃείργάσω
3122 834 3180 884 ἐν
3223 837 3340 897 ταῖς
3385 835 3621 905 ἡμέραις
3659 836 3882 895 αὐτῶν,
3923 839 3963 889 ἐι

728 933 919 987 diebus
946 933 1199 1002 antiquis.

2403 925 2634 996 ἡμέραις
2666 924 2939 995 ἀρχαίαις.

799 1024 851 1076 4.
891 1021 1081 1076 Manus
1117 1031 1206 1076 tua
1234 1030 1423 1093 gentes
1445 1022 1862 1093 disperdidit,et
1885 1022 2138 1092 plautasti
2161 1037 2290 1075 eos:

2472 1017 2523 1069 4.
2559 1019 2621 1068 Ἢ
2647 1017 2766 1088 χείρ
2789 1034 2881 1070 σου
2903 1015 3030 1086 ἔθνη
3059 1015 3436 1087 ἐξωλὸθρευσε,
3456 1017 3549 1069 καὶ
3568 1018 3965 1086 κατεφύτευςας

2402 1122 2614 1168 αυτουςο

886 1199 1141 1253 Afﬂixisti
1166 1199 1417 1268 populos,
1449 1207 1504 1254 et
1539 1199 1795 1268 expulisti
1821 1213 1938 1254 eos.

2471 1199 2522 1251 5.
2570 1198 2885 1261 Ἐκάκωσας
2909 1198 3087 1262 λαοὺς,
3123 1200 3214 1252 καὶ
3236 1198 3480 1266 ἐξέϐαλες
3509 1201 3728 1264 αὐτούς.

802 1294 853 1347 6.
887 1292 996 1347 Nec
1030 1293 1171 1348 enim
1205 1293 1256 1346 in
1289 1293 1467 1363 gladio
1511 1309 1612 1348 suo
1652 1295 2014 1362 possederunt
2045 1300 2241 1346 terram
2280 1312 2293 1346 :

2476 1290 2527 1344 6.
2551 1292 2625 1343 Οὐ
2643 1291 2750 1362 γὰρ
2768 1294 2824 1343 ἐν
2840 1295 2903 1362 τῇ
2926 1292 3165 1362 ῥομφαίᾳ
3190 1293 3364 1345 αὐτῶν
3391 1294 3844 1364 ἐκληρονόμησαν
3862 1294 3966 1363 γῆν

803 1382 856 1436 7.
892 1383 955 1436 Et
977 1384 1258 1438 brachium
1280 1398 1467 1438 eorum
1503 1399 1611 1437 non
1642 1383 1872 1438 salvavit
1899 1397 1993 1436 eos
2029 1400 2041 1436 :

2482 1383 2531 1434 7.
2558 1384 2666 1435 Kal.
2695 1383 2722 1434 6
2751 1383 2990 1453 βραχίων
3017 1384 3192 1437 αὐτῶν
3226 1386 3323 1437 οὐκ
3352 1385 3551 1438 ἔσωσεν
3583 1387 3790 1448 αὐτούς
3809 1405 3823 1416 ·

801 1473 855 1528 8.
891 1473 994 1528 Sed
1020 1475 1238 1528 dextera
1264 1483 1353 1528 tua
1386 1484 1438 1530 et
1464 1475 1748 1530 brachium
1797 1484 1980 1538 tuum,
2013 1483 2067 1528 et
2102 1473 2302 1527 illumi-

2480 1474 2532 1528 8.
2580 1475 2719 1526 Ἀλλ’
2748 1478 2779 1545 ἡ
2808 1476 2959 1541 δεξιά
2986 1493 3100 1542 σου,
3126 1477 3219 1530 καὶ
3247 1479 3274 1529 6
3303 1477 3539 1548 βραχίων
3571 1495 3687 1538 σου,
3712 1479 3810 1531 καὶ
3835 1481 3861 1531 6
3884 1496 3977 1545 σεω-

734 1564 882 1617 natio
907 1565 1089 1620 vultus
1117 1566 1214 1629 tui,

2406 1563 2598 1632 τισμὺς
2627 1563 2718 1614 τοῦ
2749 1565 3039 1632 προσώπου
3069 1581 3182 1626 σου,

803 1652 854 1708 9.
882 1655 1148 1720 Quoniam
1179 1657 1550 1726 complacuisti
1587 1656 1638 1709 in
1670 1655 1769 1710 eis.

1735 1672 1769 1710 ς.
2479 1655 2530 1707 9.
2569 1655 2690 1707 Ὅτι
2719 1655 3014 1724 εὐδόκησας
3054 1658 3111 1710 ἐν
3140 1656 3341 1719 αὐτοῖς.

808 1745 894 1798 10.
929 1743 1007 1798 Tu
1036 1761 1094 1800 es
1121 1747 1238 1814 ipse
1266 1761 1357 1799 rex
1391 1761 1545 1799 meus
1570 1754 1623 1798 et
1653 1745 1794 1800 Deus
1818 1760 1992 1812 meus,

2486 1747 2570 1800 10.
2604 1748 2674 1798 Σὺ
2710 1742 2760 1798 εἴ
2788 1747 2950 1809 αὐτὸς
2979 1749 3006 1800 6
3033 1747 3285 1816 βασιλεὺς
3312 1767 3413 1820 μου
3440 1748 3534 1800 καὶ
3562 1751 3589 1801 6
3614 1748 3757 1819 ,Θεὸς
3793 1765 3910 1818 μου,

807 1836 894 1888 11.
921 1833 1022 1900 Qui
1049 1835 1276 1889 mandas
1306 1835 1508 1891 salutes
1533 1834 1722 1890 Jacob.
2334 1833 2375 1891 Β

2334 1833 2375 1891 Β
2489 1840 2573 1892 11.
2617 1839 2672 1890 '0
2701 1838 3077 1908 ἐντελλόμενος
3106 1839 3203 1902 τὰς
3239 1840 3508 1911 σωτηρίας
3548 1840 3761 1891 Ἰακώϐ.

810 1927 896 1980 12.
930 1925 986 1979 In
1013 1936 1063 1979 te
1094 1926 1347 1981 inimicos
1378 1938 1596 1980 nostros
1621 1926 2008 1980 ventilabimus
2038 1941 2230 1990 cornu,

2215 1965 2230 1990 ,
2483 1931 2568 1982 12.
2614 1929 2701 1982 Ἐν
2733 1932 2816 1983 σοὶ
2841 1932 2964 1994 τοὺς
2997 1931 3223 2002 ἐχθροὺς
3252 1932 3405 2002 ἡμῶν
3434 1932 3820 2001 κερατιοῦμεν,

807 2018 894 2070 15.
951 2016 1015 2070 Et
1067 2016 1119 2070 in
1165 2017 1383 2071 nomine
1440 2025 1532 2071 tuo
1584 2032 1905 2086 speruemus
1963 2017 2307 2088 insurgentes

2487 2023 2571 2075 15.
2611 2022 2717 2074 Ka‘t
2760 2025 2816 2075 ἐν
2868 2021 2947 2092 τῷ
2997 2023 3218 2093 ὀνόματὶ
3256 2041 3345 2076 σου
3394 2022 3821 2093 ἐξουδενὼσομεν
3865 2024 3978 2084 τοὺς

736 2110 915 2163 nobis.

2413 2115 2874 2185 ἐπανισταμένους
2906 2117 3050 2185 ἡμῖν.

806 2198 894 2258 14.
920 2197 1036 2252 Non
1062 2199 1205 2254 enim
1237 2200 1288 2254 in
1316 2215 1442 2255 arcu
1472 2215 1590 2254 meo
1622 2200 1883 2269 Sperabo:

2486 2205 2573 2258 14.
2606 2206 2678 2256 Οὐ
2708 2205 2816 2275 γὰρ
2855 2206 2945 2257 ἐπὶ
2975 2206 3052 2277 τῷ
3079 2207 3218 2278 τόξῳ
3248 2225 3346 2276 μου
3389 2205 3557 2259 ἐλπιῶ
3577 2222 3591 2236 ⁰

808 2291 894 2342 15.
920 2288 984 2344 Ει
1017 2291 1226 2362 gladius
1255 2306 1409 2346 meus
1441 2307 1547 2345 non
1583 2291 1814 2346 salvabit
1846 2307 1951 2345 me.

2479 2297 2567 2350 15.
2600 2299 2708 2350 Καὶ
2737 2300 2769 2367 ὴ
2804 2297 3050 2368 ῥομφαία
3086 2315 3186 2368 μου
3215 2299 3275 2349 οὐ
3309 2297 3471 2350 σώσει
3506 2315 3595 2366 με.

1854 2427 2224 2483 ΑΤΙΙΑΝΑΞΙΙ
2261 2428 2327 2483 ΙΝ
2339 2429 2381 2484 Τ
2396 2430 2866 2486 ERPRETATIO.

834 2542 882 2595 H
914 2544 1251 2613 προκειμένη
1295 2542 1574 2612 ἐπιγραφὴ
1600 2541 1840 2612 περιέχει
1861 2543 1958 2614 (1)·
1984 2545 2087 2608 Εἰς
2116 2544 2182 2597 τὸ
2215 2545 2411 2609 τέλος,
2444 2544 2571 2607 τοῖς
2596 2544 2751 2609 υἱοῖς
2780 2541 2930 2609 Κορὲ
2954 2544 3039 2607 είς
3069 2542 3325 2596 σύνεσιν
3351 2539 3447 2610 (η)’
3483 2540 3577 2592 καὶ
3602 2538 3806 2609 ἑτέρως
3831 2538 3890 2608 δὴ
3916 2540 3978 2602 (Ξ)

734 2634 837 2705 τὴν
859 2635 1025 2706 αὐτὴν
1072 2637 1364 2709 ἑρμηνείαν
1391 2636 1635 2706 εἴπομενο
1661 2636 1805 2706 λέγει
1829 2637 1956 2708 γάρ’
1995 2639 2098 2702 Εἰς
2127 2637 2192 2690 τὸ
2225 2638 2422 2704 τέλος,
2463 2638 2587 2702 τοῖς
2611 2636 2766 2700 υἱοῖς
2790 2636 2940 2702 Κορέ
2977 2639 3061 2700 είς
3087 2632 3360 2688 σύνεσιν.
3398 2635 3471 2686 Τὸ
3528 2634 3587 2686 δὲ
3634 2634 3780 2704 Κορέ
3821 2637 3978 2702 ἑρμη-

736 2729 950 2785 νεύεται
986 2732 1291 2799 φαλακρός
1317 2733 1413 2802 (5).
1445 2733 1567 2793 Τοῖς
1613 2726 1702 2784 οὖν
1733 2731 1937 2801 γυμνὸν
1960 2732 2142 2802 ἔχουσι
2168 2731 2226 2784 τὸ
2255 2732 2577 2803 ἡγεμονικὸν
2610 2733 2708 2802 τῆς
2760 2730 2985 2802 καρδίας
3017 2729 3125 2782 ἀπὸ
3173 2729 3346 2798 ἔργων
3380 2727 3480 2794 (4),
3512 2727 3604 2777 ἐπὶ
3643 2727 3787 2778 τέλει
3826 2729 3880 2780 δὲ
3906 2731 3976 2790 εἰς

741 2819 956 2875 σύνεσιν
984 2824 1294 2894 ἐρχομένων
1323 2826 1350 2876 6
1371 2824 1582 2895 ψαλμὸς
1602 2817 1757 2887 οὗτος
1783 2824 2017 2894 εἴρηται.

808 2930 1024 2988 Titulus
1057 2935 1351 3006 inscriptus
1382 2937 1623 2990 continet
1650 2954 1663 2988 :
1694 2935 1759 2987 In
1785 2935 2108 3004 ﬁnem,filiis
2125 2933 2257 2988 Core
2283 2935 2352 2987 ad
2372 2935 2808 2999 intellectum....;
2849 2943 2905 2989 et
2925 2934 3027 2987 alia
3053 2931 3499 3000 interpretatione
3521 2931 3592 2984 ita
3624 2931 3739 2984 haec
3755 2931 3982 2998 explica-

741 3042 864 3081 mus
890 3046 902 3080 :
926 3027 1057 3082 dicit
1085 3029 1230 3082 enim
1263 3048 1275 3083 :
1309 3027 1375 3082 In
1404 3030 1581 3099 ﬁnem,
1614 3031 1742 3100 ﬁliis
1765 3031 1897 3085 Core
1929 3031 1997 3084 ad
2025 3030 2370 3084 intellectum.
2400 3032 2540 3086 Core
2575 3040 2755 3084 autem
2785 3032 3204 3098 interpretatur:
3230 3026 3443 3081 Calvus.
3482 3025 3666 3095 Itaque
3695 3026 3765 3079 ab
3791 3026 3981 3079 haben-

743 3124 888 3177 tibus
916 3133 1148 3179 mentem
1181 3126 1360 3181 cordis
1377 3127 1630 3182 nudatam
1664 3129 1732 3184 ab
1753 3129 2030 3199 operibus,
2054 3129 2107 3182 in
2149 3128 2253 3182 ﬁne
2275 3138 2452 3182 autem
2487 3129 2541 3181 in
2584 3127 2916 3181 intellectum
2948 3123 3287 3178 venientibus
3305 3122 3666 3190 psalmusisle
3683 3120 3860 3174 dictus
3890 3135 3978 3176 ecl.

812 3236 863 3289 1.
896 3237 937 3289 Α
985 3237 1234 3295 ﬁdelibus
1302 3241 1435 3297 viris
1497 3244 1828 3313 accepimus,
1878 3258 2000 3313 qua:
2041 3242 2312 3296 narraturi
2342 3246 2384 3303 C

2375 3247 2384 3298 ζ
2486 3240 2536 3292 1.
2557 3238 2713 3310 Παρὰ
2743 3237 2949 3291 πιστῶν
2981 3234 3187 3306 ἀνδρῶν
3217 3232 3652 3302 παρειλήφαμεν,
3673 3230 3710 3283 ὃ.
3735 3231 3981 3301 μέλλομεν

740 3339 806 3382 811
813 3340 951 3382 mus.

2425 3332 2723 3400 διηγεῖσθαι
2745 3331 2839 3399 (5).

817 3420 871 3470 2.
907 3418 1117 3487 Moyses
1138 3423 1194 3470 et
1225 3417 1502 3486 propheta:
1541 3418 1595 3471 in
1625 3419 1924 3490 Scripturis
1958 3434 2318 3479 narraverunt

2495 3421 2549 3473 2.
2588 3421 2792 3489 Μωσῆς
2824 3421 2916 3472 καὶ
2960 3419 3008 3470 οἱ
3045 3417 3317 3486 προφῆται
3357 3417 3443 3469 διὰ
3495 3418 3602 3468 τῶν
3646 3416 3877 3485 Γραφῶν
3919 3416 3982 3467 δε-

746 3515 812 3566 de
836 3509 1112 3579 gentibus,
1140 3524 1278 3579 quas
1301 3509 1460 3578 ejecit
1489 3509 1653 3565 Deus.

2417 3512 2689 3582 ηγήσαντο
2719 3510 2845 3579 περὶ
2867 3511 2974 3561 τῶν
2996 3509 3182 3573 ἐθνῶν,
3210 3503 3283 3562 ὧν
3311 3507 3558 3572 ἐξέϐαλεν
3579 3511 3607 3560 6
3634 3507 3783 3570 Θεός.

815 3604 867 3658 5.
903 3602 1189 3669 Quomodo
1231 3603 1285 3657 in
1330 3604 1582 3658 omnibus
1626 3605 1782 3662 bellis
1825 3608 2103 3663 debellasti
2152 3609 2316 3663 variis

2487 3606 2537 3657 5.
2576 3605 2648 3656 Τὺ
2671 3604 2786 3667 πῶς
2814 3605 2871 3655 ἐν
2900 3603 3114 3672 ἑκάστῳ
3140 3603 3358 3671 πολέμῳ
3391 3599 3547 3662 αὐτὸς
3573 3599 3844 3670 διαφόρως
3873 3601 3980 3650 ἐπο-

748 3697 927 3752 modis
961 3696 1219 3750 inimicos
1242 3711 1453 3749 eorum.

2417 3697 2658 3765 λέμησας
2684 3698 2808 3758 τοὺς
2836 3695 3062 3764 ἐχθροὺς
3100 3692 3297 3745 αὐτῶν.

821 3790 873 3842 4.
908 3788 1082 3841 Filius
1119 3795 1248 3841 tuus
1283 3788 1608 3855 disperdidit
1631 3803 1726 3844 eos
1749 3829 1763 3852 ,
1790 3798 1844 3844 et
1868 3790 1922 3844 in
1951 3791 2316 3844 haereditatem

2490 3789 2540 3841 4.
2579 3789 2635 3841 'O
2664 3787 2790 3850 Υίὸς
2844 3803 2936 3838 σου
2991 3785 3383 3854 ἐξωλόθρευσεν
3442 3785 3672 3847 αὐτοὺς,
3734 3785 3829 3836 καὶ
3867 3798 3981 3834 κατ-

750 3879 897 3934 dedit
923 3876 1046 3930 ﬁliis
1075 3875 1260 3930 Israel.

2419 3879 2804 3951 εκληροδότησε
2850 3878 2924 3948 (6)
2961 3878 3088 3941 τοὺς
3130 3878 3280 3939 υἱοὺς
3325 3876 3557 3946 Ἰσραήλ.

825 3967 878 4022 5.
918 3965 1250 4020 Vulneratos
1280 3977 1375 4018 eos
1400 3962 1456 4016 in
1488 3960 1668 4031 fugam
1701 3960 2002 4030 conjecisti.

2489 3970 2540 4022 5.
2569 3967 3045 4039 Τιτρωσκομένους
3074 3967 3272 4028 αὐτοὺς
3302 3965 3540 4034 φυγάδας
3574 3964 3854 4032 ἐποίησας.

822 4063 876 4116 6.
909 4060 1026 4117 Νοη
1074 4060 1221 4116 enim
1266 4073 1456 4113 eorum
1505 4056 1673 4111 armis
1720 4056 2080 4126 possederunt
2118 4065 2319 4112 terram

2491 4063 2543 4114 6.
2569 4063 2642 4114 Οὐ
2683 4060 2789 4131 γὰρ
2841 4059 2901 4113 ἐν
2939 4060 3049 4121 τοῖς
3105 4057 3286 4120 ὅπλοις
3326 4057 3501 4110 αὐτῶν
3552 4055 3979 4126 ἐκληρονόμτισαν

750 4154 1151 4227 promissionis,

2421 4153 2516 4222 τὴν
2538 4153 2637 4223 γῆν
2657 4153 2757 4222 τῆς
2783 4151 3130 4220 ἐπαγγελίας,

825 4247 879 4302 7.
908 4246 976 4299 Et
1003 4245 1244 4314 potentia
1264 4256 1452 4297 eorum
1485 4256 1591 4295 non
1619 4241 1848 4296 salvavit
1882 4256 2005 4305 eos;

2498 4241 2548 4294 7.
2582 4242 2691 4294 Καὶ
2724 4243 2758 4310 ἡ
2791 4239 3075 4291 δυναστεία
3104 4238 3280 4290 αὐτῶν
3300 4235 3397 4287 οὐκ
3434 4233 3637 4285 ἔσωσεν
3675 4231 3885 4293 αὐτούς·

826 4336 880 4390 8.
911 4333 1016 4389 Sed
1070 4333 1386 4402 unigenitus
1426 4330 1596 4386 Filius
1629 4342 1790 4397 tuus,
1822 4330 1916 4399 qui
1955 4339 2039 4385 est
2073 4331 2324 4401 splendor

2495 4332 2546 4386 8.
2585 4331 2722 4383 Ἀλλ’
2752 4333 2779 4383 6
2808 4331 3099 4400 μονογενής
3136 4346 3227 4382 σου
3267 4326 3429 4390 Υἱὸς,
3479 4328 3508 4376 6
3537 4324 3610 4376 ὢν
3655 4324 3971 4391 ἀπαύγασμα

757 4429 942 4498 gloriae
964 4437 1090 4481 tua.

2423 4425 2522 4494 τῆς
2558 4422 2715 4492 δόξης
2739 4439 2852 4474 σου.

826 4520 881 4584 9,
915 4517 1002 4572 1ςο.
1037 4516 1115 4572 Tu
1151 4533 1203 4571 es
1245 4517 1374 4584 ipse,
1406 4514 1499 4584 qui
1531 4523 1584 4568 et
1612 4523 1761 4580 tunc,
1810 4521 1864 4568 et
1910 4513 1966 4567 in
2014 4512 2324 4568 novissimis

2496 4514 2548 4576 9,
2579 4513 2661 4565 10.
2683 4512 2757 4581 (7)
2775 4511 2857 4565 Σὺ
2891 4511 2949 4563 εἴ
2979 4515 3011 4563 ό
3030 4509 3211 4574 αὐτὸς
3235 4511 3262 4560 6
3283 4509 3423 4568 τότε,
3442 4508 3536 4559 καὶ
3551 4508 3637 4559 ἐπ’
3662 4505 3897 4575 ἐσχάτων
3915 4507 3973 4572 (ὃ)

759 4611 1119 4679 temporibus.

2432 4606 2532 4658 τῶν
2558 4605 2780 4674 χρόνων.

831 4705 919 4757 11.
945 4701 1046 4768 Qui
1077 4716 1174 4772 per
1206 4709 1258 4754 te
1283 4699 1458 4768 ipsum
1492 4713 1719 4752 enarras
1749 4698 2004 4752 mandata
2037 4709 2148 4753 tua.
2358 4769 2379 4772 Α

2501 4695 2586 4747 11.
2635 4695 2691 4746 '0
2712 4694 2775 4746 δι’
2796 4693 2985 4745 ἑαυτοῦ
3010 4691 3360 4762 διηγούμενος
3376 4688 3445 4741 τὰ
3467 4687 3862 4758 προστάγματὰ
3883 4703 3969 4738 σου.

833 4794 920 4848 12.
946 4792 1002 4848 in
1027 4769 1100 4857 te,
1122 4793 1316 4858 dicit,e
1339 4790 1518 4844 medio
1538 4789 1786 4843 tollemus
1812 4788 2062 4843 inimicos
2085 4799 2324 4854 nostros,
2357 4769 2400 4822 ι)

2363 4769 2400 4822 D
2499 4787 2585 4838 1⁸2.
2619 4786 2707 4837 Ἐν
2739 4785 2844 4849 σοὶ,
2872 4785 3046 4852 λέγει,
3071 4782 3398 4852 ἀναιροῦμεν
3425 4782 3549 4842 τοὺς
3574 4779 3804 4850 ἐχθροὺς
3825 4777 3969 4850 ἡμῶν,

763 4884 867 4939 hoc
901 4896 984 4939 est
1015 4882 1371 4953 cogitationes
1400 4879 1581 4934 cordis
1607 4878 1803 4932 nostri.

2429 4881 2572 4949 λέγω
2597 4881 2659 4950 δὴ
2684 4882 2808 4944 τοὺς
2832 4881 2889 4931 ἐν
2920 4882 2986 4949 τῇ
3023 4876 3218 4948 καρδίᾳ
3242 4874 3398 4946 ἡμῶν
3427 4872 3738 4943 λογισμούς.

838 4978 923 5031 15.
955 4976 1206 5029 Diabolos
1232 4973 1522 5043 signiﬁcat.

2502 4975 2585 5028 15.
2620 4973 2756 5036 Τοὺς
2783 4970 3057 5032 διαϐόλους
3089 4970 3163 5039 (9)
3197 4967 3358 5036 λέγει·

835 5069 922 5122 14.
951 5066 1068 5121 Νυη
1094 5067 1238 5120 enim
1274 5068 1326 5121 in
1357 5067 1595 5136 potentia
1623 5079 1738 5117 mea
1767 5063 2018 5131 sperabo.

2507 5065 2591 5118 Μ.
2618 5065 2690 5116 Οὐ
2725 5063 2832 5133 γὰρ
2860 5061 2918 5113 ἐν
2948 5063 3012 5131 τῇ
3043 5057 3323 5128 δυναστείᾳ
3354 5073 3454 5126 μου
3489 5055 3679 5109 ἐλπιῶ.

837 5166 925 5219 15.
956 5164 1022 5218 Ει
1047 5178 1197 5218 arma
1233 5177 1351 5217 mea
1376 5175 1485 5215 non
1521 5159 1812 5214 salvabunt
1835 5175 1922 5213 me

2503 5155 2592 5210 15.
2620 5154 2731 5225 (10)
2758 5154 2868 5206 Καὶ
2902 5153 2969 5206 τὰ
2992 5152 3129 5204 ὃπλα
3157 5168 3257 5222 μου
3299 5150 3357 5201 οὐ
3389 5147 3554 5201 σώσει
3591 5165 3655 5217 με

1714 5294 2021 5357 Addenda
2049 5299 2112 5355 et
2147 5293 2521 5372 corrigenda
2553 5309 2631 5352 ex
2662 5289 2804 5349 cod.
2851 5288 3051 5348 Vatic.

869 5425 914 5491 t)
953 5423 1124 5476 Ἥδιὰ
1152 5423 1247 5490 τῆς
1277 5419 1641 5491 κινναϐάρεως
1671 5437 1794 5490 περ.
2519 5415 2586 5491 ζρ)
2619 5410 3158 5491 ξςατεκξεῃρονρμῃσε-
3282 5478 3294 5490 ,
3382 5476 3393 5489 ⁸
3476 5475 3517 5491 η
3701 5474 3757 5491 ω
3804 5467 3845 5491 μ,

861 5474 1058 5562 <23
1206 5474 1245 5490 ”’
1506 5474 1518 5491 ⁵
1622 5474 1639 5482 ’
1744 5474 1756 5490 ’

2513 5474 2588 5552 (7)
2620 5483 2683 5535 Ν.
2718 5485 2771 5545 9,
2806 5474 2927 5533 "(in
2953 5474 3217 5549 ἠθέλησας
3240 5476 3448 5541 αὐτούς.
3476 5475 3538 5528 Ν.
3577 5475 3658 5538 10,
3701 5474 3772 5526 Σὺ
3800 5474 3860 5530 εἴ.
3885 5480 3959 5523 etc.

862 5552 914 5629 3’)
949 5564 1309 5633 Φαλάκρωμα.
1362 5632 1378 5633 η

1306 5604 1309 5614 ,
1362 5632 1378 5633 ﬂ
2638 5552 2912 5633 :Esxatou.

842 5625 917 5698 (Α)
959 5625 1170 5706 ”Εργω’ν
1207 5625 1442 5706 ἀγαθῶν·
2515 5625 2913 5706 ςξιμείιξοχας·

952 5691 1339 5774 Διὴγήσασσαι.

2514 5691 2622 5766 (10)
2656 5693 2719 5746 Ν.
2752 5691 2818 5744 15
2847 5694 3013 5746 deest.

849 5817 924 5879 (α)
954 5815 1168 5881 Aliquid
1207 5813 1394 5870 deesse
1423 5814 1648 5868 videtur.
