4084 6322
198 381 305 438 821
1112 386 1198 440 DE
1240 386 1514 442 TITULIS
1555 384 2004 440 PSALMORUBI.
2045 416 2112 425 —
2145 383 2339 438 PSAL.
2382 383 2557 437 XLIII.
3339 375 3452 436 82‘3

265 509 356 564 16.
408 511 654 573 ’Ἑσωσας
703 509 809 580 γὰρ
843 511 988 580 ἡμᾶς
1021 511 1084 564 ἐκ
1116 512 1223 564 τῶν
1256 510 1545 564 θλιϐόντων
1588 512 1736 581 ἡμᾶς
1758 542 1770 555 ο
1803 534 1848 590 Α

1637 512 1736 581 μᾶς
1758 542 1770 555 ο
1803 534 1848 590 Α
1950 508 2034 561 16.
2066 506 2302 562 Salvasti
2329 507 2474 559 enim
2501 520 2600 559 nos
2632 504 2698 558 de
2727 500 3084 574 atlligeutib'us
3112 517 3250 558 nos:

271 605 358 656 17.
385 605 491 656 Καὶ
524 605 648 666 τοὺς
681 604 970 673 μισοῦντας
999 607 1031 675 ἡ
1043 607 1146 674 μᾶς
1175 607 1534 676 κατῄσχυνας.

1263 607 1534 676 ῖῄσχυνας.
1951 603 2038 658 17.
2071 601 2136 657 Ει
2163 603 2409 656 odientes
2432 616 2531 656 nos
2559 599 2876 655 confudisti.

269 698 355 752 I8.
392 699 480 750 ’Ev
510 696 584 767 τῷ
608 697 725 765 Θεῷ
749 697 1217 768 ὲπαινεθησόμεθα
1247 699 1374 768 ὅλην
1403 698 1500 768 τὴν
1524 698 1768 768 ἡμέρανο

1311 715 1374 768 ην
1403 698 1500 768 τὴν
1524 698 1768 768 ἡμέρανο
1946 695 2034 750 18.
2064 693 2122 748 In
2157 694 2268 749 Deo
2292 693 2636 749 laudabimur
2662 701 2772 746 tota
2800 693 2888 746 die
2913 711 2924 744 :

267 790 355 843 19.
392 790 500 842 Kal
532 793 589 843 ὲν
624 790 701 860 τῷ
754 789 976 860 ὀνόματί
1013 807 1104 843 σου
1142 790 1646 862 ὲξομολογησόμεθα
1690 793 1770 855 είς

1947 790 2034 844 19.
2065 787 2128 843 Ει
2166 789 2218 842 in
2252 787 2474 842 nomine
2507 795 2601 842 tuo
2627 785 3008 841 conﬁtebimur
3039 783 3092 838 in
3124 782 3405 838 saeculum.

191 881 284 933 τὸν
317 881 510 934 αεῶνα.

262 971 358 1026 20.
396 972 529 1024 Νυνὶ
562 972 616 1024 δὲ
646 971 852 1024 ἀπώσω
886 972 980 1025 καὶ
1012 971 1352 1042 κατῄσχυνας
1380 973 1525 1042 ἡμᾶς
1545 991 1557 1003 ’

1949 962 2040 1018 20.
2065 961 2218 1018 Nunc
2251 971 2431 1018 autem
2463 963 2710 1033 repulisti
2731 971 2784 1016 et
2805 960 3099 1017 confudisti
3129 975 3264 1015 nos:

263 1060 328 1113 2I
345 1100 358 1111 .
372 1059 477 1110 Kal
489 1058 588 1109 οὐκ
599 1056 871 1128 ὲξελεύσῃ,
884 1059 911 1110 ὁ
923 1057 1072 1121 Θεὸς,
1090 1058 1147 1110 ὲν
1157 1061 1275 1121 ταῖς
1286 1058 1576 1125 δυνάμεσιν
1588 1058 1620 1128 ἡ
1631 1056 1765 1127 μῶν.

1942 1056 2033 1110 21.
2087 1055 2152 1110 Ει
2169 1071 2273 1110 non
2295 1055 2612 1127 egredieris,
2636 1055 2801 1120 Deus,
2819 1056 2873 1110 in
2891 1055 3184 1110 virtutibus
3214 1054 3436 1110 nostris.

266 1149 360 1202 22.
399 1147 769 1218 Ἀπέστρεψας
814 1149 961 1218 ἡμᾶς
1010 1150 1089 1212 εἰς
1131 1147 1198 1201 τὰ
1232 1149 1406 1202 ὀπίσω
1456 1150 1607 1220 παρὰ
1646 1149 1771 1212 τοὺς

1943 1150 2033 1207 22.
2063 1149 2321 1206 Avertisti
2360 1165 2460 1206 nos
2509 1159 2809 1204 retrorsum
2865 1158 2986 1220 post
3035 1148 3286 1203 inimicos
3341 1161 3442 1202 no-

194 1241 428 1312 ὲχϐροὺς

419 1259 428 1302 ;
455 1240 632 1311 ἡμῶν.
1870 1252 2032 1297 stros.

265 1333 360 1386 25.
396 1333 501 1384 Kal
529 1333 578 1384 οἱ
606 1330 887 1402 μισοῦντες
914 1332 1058 1402 ἡμᾶς
1087 1331 1384 1401 διήρπαζον
1411 1332 1641 1395 ἑαυτοῖς.

1519 1333 1641 1395 τοῖς.
1936 1330 2026 1384 25.
2057 1330 2122 1386 Et
2146 1332 2239 1400 qui
2265 1330 2499 1386 oderunt
2529 1346 2627 1385 nos
2655 1329 2982 1399 diripiebant
3009 1329 3132 1384 sibi.

260 1424 355 1478 24,
397 1425 640 1488 Ἕδωκας
663 1424 908 1494 ήμᾶςὼς
937 1425 1182 1493 πρόϐατα
1217 1423 1468 1494 βρώσεως
1490 1441 1502 1455 ⁸

1940 1423 2031 1476 21.
2058 1421 2261 1476 Dedisti
2286 1437 2384 1476 nos
2415 1432 2671 1490 tanquam
2695 1436 2823 1475 oves
2843 1435 3121 1485 escarum;

258 1518 353 1571 25.
388 1517 496 1570 Kal
521 1517 578 1568 tv
606 1519 717 1580 τοῖς
741 1516 916 1570 ἔθνεσι
945 1515 1260 1586 διέσπειρας
1286 1517 1431 1585 ἡμᾶς

1352 1517 1431 1577 Lai;
1939 1514 2030 1566 25.
2067 1512 2132 1566 Et
2155 1513 2207 1566 in
2242 1513 2490 1582 gentibus
2520 1511 2822 1580 dispersisti
2847 1525 2965 1565 nos.

261 1607 355 1661 26.
383 1608 608 1660 Ἀπέδου
632 1607 722 1660 τὸν
759 1606 888 1659 λαόν
919 1623 1014 1660 σου
1043 1606 1172 1659 ἄνευ
1200 1605 1366 1674 τιμῆς
1385 1621 1399 1636 ⁸

1939 1605 2029 1658 26.
2068 1603 2361 1659 Vendidisti
2389 1604 2646 1674 populum
2672 1611 2822 1657 tuum
2851 1602 2970 1657 sine
2998 1601 3207 1670 pretio:

260 1697 351 1750 27.
383 1697 491 1750 Kal
516 1698 614 1750 οὐκ
644 1693 712 1768 ἦν
739 1696 941 1767 πλῆθος
963 1699 1020 1750 tv
1049 1698 1164 1759 τοῖς
1184 1695 1561 1766 ἀλαλάγμασιν
1592 1694 1766 1766 ἡμῶν.

1941 1697 2030 1751 27.
2064 1695 2130 1750 Et
2160 1711 2268 1751 non
2324 1696 2428 1750 fuit
2477 1695 2772 1750 multitudo
2829 1695 2883 1749 in
2922 1692 3442 1750 commutationibus

1873 1789 2094 1842 nostris.

257 1877 353 1930 28.
395 1875 555 1930 Ἐθου
595 1878 742 1947 ἡμᾶς
770 1875 970 1939 ὄνειδος
997 1877 1110 1939 τοῖς
1141 1875 1376 1943 γείτοσιν
1405 1873 1560 1944 ἡμῶν
1581 1891 1593 1903 ·
1802 1905 1843 1960 Β

1802 1905 1843 1960 Β
1942 1881 2035 1937 28.
2067 1880 2305 1936 Posuisti
2334 1896 2436 1935 nos
2462 1895 2816 1950 opproonum
2846 1881 3043 1936 vicinis
3074 1883 3277 1938 nostris
3302 1900 3316 1936 :

247 1969 344 2023 29.
373 1968 764 2039 Μυκτηρισμὸν
792 1969 884 2020 καὶ
907 1967 1209 2038 χλευασμὸν
1245 1968 1354 2028 τοῖς
1384 1964 1566 2035 κύκλῳ
1587 1962 1765 2034 ἡμῶν.

1942 1973 2032 2028 29.
2066 1973 2560 2028 Subsannationem
2609 1985 2661 2028 et
2702 1974 2945 2029 derisum
2992 1975 3076 2030 his
3117 1975 3210 2045 qui
3244 1976 3298 2029 in
3332 1976 3441 2030 cir-

1873 2065 2019 2118 cuitu
2057 2075 2264 2119 nostro.

256 2146 353 2203 50.
391 2146 552 2199 Ἐθου
582 2148 727 2218 ἡμᾶς
757 2149 847 2210 είς·
871 2145 1184 2216 παραϐολὴν
1223 2147 1279 2198 tv
1309 2147 1421 2208 τοῖς
1454 2143 1663 2206 ἔθνεσι,

1942 2153 2032 2207 50.
2063 2152 2300 2209 Posuisti
2334 2168 2435 2209 nos
2462 2154 2515 2208 in
2549 2154 2961 2211 similitudinem
2993 2157 3045 2210 in
3076 2158 3349 2228 gentibus,

251 2241 346 2295 51.
393 2241 619 2309 Κίνησιν
653 2241 892 2311 κεφαλῆς
917 2242 973 2293 ἐν
998 2243 1110 2303 τοῖς
1133 2240 1301 2302 λαοῖς.

1947 2247 2037 2300 51.
2069 2245 2501 2301 Commotionem
2537 2247 2727 2317 capitis
2751 2248 2805 2302 in
2836 2249 3069 2318 populis.

259 2331 336 2385 52
391 2331 554 2400 Ὅλην
579 2330 973 2402 τὴνηὴμέρανὴ
1019 2333 1250 2402 ὲντροπή
1290 2347 1390 2401 μου
1422 2331 1768 2384 κατεναντίον

1692 2331 1768 2384 ίον
1943 2339 2033 2392 52.
2070 2336 2206 2392 Tota
2235 2336 2323 2392 die
2350 2339 2675 2394 verecundia
2706 2355 2823 2394 mea
2856 2350 3046 2395 contra
3081 2357 3167 2397 me
3195 2349 3299 2409 est,

185 2422 296 2494 μού
332 2425 467 2486 ὲστι,

254 2513 350 2568 35.
384 2513 494 2567 Kal
529 2514 561 2584 ἡ
594 2513 823 2586 αἰσχύνη
855 2514 946 2568 τοῦ
975 2513 1263 2584 προσώπου
1285 2532 1384 2586 μου
1405 2513 1642 2583 ἐκάλυψὲ
1675 2531 1762 2584 με.

1562 2513 1642 2583 ιψέ
1675 2531 1762 2584 με.
1941 2515 2029 2569 55.
2064 2514 2130 2569 Et
2161 2516 2413 2571 confusio
2444 2516 2600 2573 faciei
2626 2519 2730 2572 mei
2755 2518 3037 2587 cooperuit
3070 2533 3175 2572 me.

252 2603 350 2658 34.
377 2604 510 2656 Ἀπὸ
529 2606 708 2675 φωνῆς
724 2606 1087 2670 ὀνειδίζοντος,
1110 2606 1204 2658 καὶ
1225 2603 1650 2668 καταλαλοῦντος
1666 2605 1762 2676 (α)·

1546 2605 1762 2676 ιτος(α)·
1943 2607 2031 2662 54.
2066 2610 2111 2660 Α
2137 2624 2271 2664 voce
2297 2609 2677 2680 exprobrantis
2703 2619 2757 2666 et
2779 2610 3159 2680 obloquentis:

255 2696 340 2766 (α)
367 2696 837 2768 Παρακαλοῦντος,
878 2698 932 2751 in
966 2698 1210 2769 margine
1247 2698 1367 2753 cod.
1401 2709 1461 2752 ut
1493 2699 1546 2752 in
1577 2705 1747 2752 textu.

1313 2814 1688 2870 ATHANASII
1731 2807 2315 2870 INTERPRETATIO.

255 2911 354 2964 16.
397 2910 490 2962 Ἐκ
514 2909 622 2982 τῶν
650 2911 902 2962 ἐναντίων
929 2910 1228 2980 δυνάμεων.
1800 2913 1840 2967 C

1225 2950 1228 2960 .
1800 2913 1840 2967 c
1946 2905 2032 2958 16.
2067 2904 2111 2956 Α
2137 2901 2430 2957 contrariis
2460 2901 2838 2971 potestatibus.

263 3004 355 3056 17.
399 3002 508 3064 Τὰς
533 3001 701 3064 αὑτὰς
723 3001 798 3073 (1)
828 3001 1104 3068 δυνάμεις.

1021 3018 1104 3065 εις.
1943 2997 2030 3052 17.
2061 2994 2290 3050 Easdem
2319 3002 2634 3063 potestates.

261 3097 286 3148 1
301 3096 358 3149 8.
383 3094 472 3147 Ἐν
493 3093 568 3163 τῷ
591 3093 708 3163 Θεῷ
743 3093 1126 3165 καυχησόμεθα
1146 3094 1232 3147 ἀεὶ
1250 3095 1400 3157 ὄντες
1426 3095 1483 3148 tv
1504 3093 1582 3165 τῷ
1608 3093 1765 3164 φωτί.

1940 3089 2027 3143 18.
2057 3089 2116 3141 lo
2134 3086 2246 3142 Deo
2263 3087 2618 3157 glorialrimur
2640 3102 2853 3157 semper
2873 3088 3197 3146 exsisteutes
3221 3090 3275 3145 in
3298 3092 3437 3148 luce.

261 3186 357 3239 I9.
380 3185 486 3238 Kal
514 3184 571 3236 ἐν
593 3183 670 3254 τῷ
698 3184 920 3256 ὀνόματί
947 3202 1039 3239 σου
1061 3185 1130 3239 τὰ
1155 3184 1362 3258 ἀρεστὰ
1402 3183 1633 3239 ἐνώπιόν
1675 3202 1768 3238 σου

1941 3180 2029 3234 19.
2057 3178 2122 3231 Et
2147 3179 2201 3232 in
2229 3179 2452 3233 nomine
2477 3187 2570 3234 tuo
2594 3194 2715 3249 qua:
2745 3180 2938 3248 placita
2971 3181 3067 3236 tibi
3105 3191 3234 3238 sunt
3258 3199 3438 3239 coram

183 3277 324 3346 aro-.1]
334 3291 518 3346 σομεν.

1871 3283 1924 3329 te
1955 3272 2243 3329 faciemus.

255 3368 357 3423 20.
383 3368 484 3421 Τὸν
508 3367 635 3421 λαὸν
658 3366 806 3436 λέγει
840 3366 947 3421 τῶν
980 3366 1272 3422 Ἰουδαίων.

1939 3365 2031 3420 20.
2068 3364 2334 3434 Populum
2369 3365 2718 3420 Hebraeorum
2748 3367 3035 3437 signiﬁcat.

255 3461 327 3516 2|
345 3504 358 3515 .
374 3461 482 3514 Kal
506 3461 562 3512 tv
578 3462 690 3522 τοῖς
704 3459 930 3545 ἄρχουσι
950 3459 1057 3512 τῶν
1075 3458 1336 3512 Ἰουδαίων
1354 3458 1453 3513 οὐκ
1469 3459 1765 3530 εὐδοκήσει.

1941 3458 2030 3510 21.
2066 3456 2132 3510 Ει
2154 3457 2208 3510 in
2236 3458 2572 3545 principibus
2590 3457 2901 3513 Iudaeorum
2925 3475 3034 3515 non
3061 3461 3439 3531 complacebit.

257 3553 357 3605 22.
401 3549 746 3618 Παρέδωκας,
779 3544 949 3618 λέγει,
982 3549 1408 3614 τοὺςἸουδαίους
1432 3552 1554 3613 ταῖς
1584 3549 1767 3604 ἐπιθυ-

1940 3547 2030 3600 22.
2058 3544 2374 3612 Tradidisti,
2395 3547 2592 3618 inquit,
2607 3545 2822 3602 Judaaos
2845 3549 3297 3619 concupiscentiis
3320 3566 3442 3605 cor-

185 3630 361 3712 μίαιξ
380 3638 489 3692 τῶν
521 3637 758 3709 καρδιῶν
788 3637 985 3694 αὐτῶν.

649 3637 758 3691 ῑιῶν
788 3637 985 3694 αὐτῶν.
1871 3637 2018 3692 dium
2051 3650 2262 3689 eorum.

257 3734 354 3788 25.
389 3730 497 3794 Τὰς
528 3729 705 3801 ψυχὰς
737 3731 890 3803 ἡμῶν
919 3733 967 3785 οἱ
998 3732 1249 3804 δαίμονες
1277 3732 1592 3804 διήρπαζον.

1939 3728 2030 3782 25.
2057 3728 2287 3784 Animas
2317 3735 2532 3784 nostras
2557 3728 2830 3785 daemones
2855 3728 3217 3801 diripuerunt.

257 3823 363 3878 24.
391 3823 502 3877 Kal
537 3824 684 3894 ἡμᾶς
725 3822 798 3894 (2)
823 3823 927 3877 ὑπὸ
948 3824 1356 3897 τῶνὰμαρτιῶν
1379 3825 1454 3890 ὼς
1477 3825 1580 3880 ὑπὸ
1595 3825 1771 3879 λύκων

1559 3825 1771 3879 ὸλύκων
1939 3822 2030 3877 24.
2070 3821 2136 3877 Et
2165 3839 2264 3879 nos
2295 3838 2327 3888 a
2358 3824 2592 3893 peccatis
2620 3823 2785 3878 veluti
2809 3838 2838 3878 a
2865 3823 3007 3895 lupis
3035 3825 3172 3896 rapi.

185 3914 567 3986 ἁρπάζεσθαι.

258 4005 363 4060 25.
397 4005 504 4057 Kal
531 4003 607 4066 ὡς
630 4004 686 4055 tv
715 4003 1057 4076 αἰχμαλωσίᾳ
1089 4005 1426 4076 πεπραμένοι
1457 4005 1621 4075 ἐσμὲν
1656 4007 1774 4067 ταῖς

1943 4003 2033 4056 25.
2067 4001 2134 4056 Ει
2161 4002 2324 4058 veluti
2365 4004 2423 4058 in
2474 4005 2837 4074 captivitatem
2871 4008 3072 4062 venditi
3104 4024 3294 4064 sumus
3320 4023 3441 4078 pec-

182 4097 502 4169 ἁμαρτίαις
535 4096 711 4168 ἡμῶν.

645 4096 711 4151 3v.
1875 4099 2010 4153 catis
2034 4097 2258 4153 nostris.

259 4189 360 4244 26.
398 4189 623 4253 Δούλους
648 4188 835 4252 εἴασας
876 4190 1026 4260 ἡμᾶς
1060 4185 1195 4241 εἶναι
1229 4189 1326 4259 τῆς
1355 4189 1628 4260 ἁμαρτίας
1671 4191 1768 4260 (5).
1803 4253 1836 4260 _

1388 4189 1628 4260 papriaq
1671 4191 1768 4260 (5).
1803 4253 1836 4260 _
1944 4188 2036 4242 26.
2065 4187 2265 4243 Servos
2293 4187 2468 4243 sivisti
2500 4203 2599 4242 nos
2627 4203 2747 4244 esse
2775 4190 3001 4258 peccati.

258 4282 360 4335 27.
395 4281 501 4333 Kal
529 4280 627 4334 οὐκ
660 4280 803 4334 ἔστιν
834 4281 862 4333 ὁ
898 4253 1037 4350 βοῶν
1078 4280 1212 4352 πρὸς
1252 4253 1309 4334 at
1349 4253 1486 4351 μεέτᾶ
1527 4253 1771 4353 κραυγῆς
1803 4253 1848 4308 D

1828 4254 1848 4308 )
1943 4279 2031 4335 27.
2071 4279 2137 4335 Ει
2166 4297 2274 4336 non
2298 4289 2380 4336 est
2400 4281 2642 4336 clamans
2673 4283 2739 4336 ad
2775 4253 2828 4337 te
2850 4298 2973 4337 cum
3002 4283 3239 4339 clamore
3267 4284 3441 4338 valido

188 4375 434 4444 ἰσχυρᾶς
460 4372 554 4425 καὶ
578 4371 847 4443 δακρύων.

695 4371 847 4442 ούων.
1871 4380 1925 4426 ct
1954 4372 2208 4442 lacrymis
2245 4373 2308 4428 “.

257 4466 359 4520 28.
395 4465 659 4537 Αίσχύνην
683 4463 969 4528 κατέλιπες
996 4466 1141 4536 ἡμᾶς
1171 4467 1281 4529 τοῖς
1314 4467 1371 4518 tv
1397 4466 1473 4536 τῷ
1500 4466 1707 4521 κόσιιω.

1940 4462 2030 4517 28.
2053 4463 2133 4518 Ad
2153 4464 2508 4535 ignominiam
2539 4465 2806 4535 reliquisti
2831 4481 2931 4520 nos
2959 4466 3027 4521 iis
3045 4466 3140 4536 qui
3163 4483 3216 4520 In
3242 4467 3443 4522 mundo

1871 4563 2015 4610 sunt.

261 4646 364 4700 29.
399 4641 784 4712 Καταγὲλωτα,
814 4643 980 4712 λέγει,
1004 4646 1114 4708 τοῖς
1138 4644 1404 4714 δαίμοσιν.

1944 4647 2033 4704 29.
2064 4647 2406 4715 Ludibrium,
2437 4648 2633 4720 inquit,
2667 4649 3023 4705 daemonibus.

257 4732 558 4791 50.Λαλῶν
568 4733 676 4804 γὰρ
689 4735 745 4786 ὲν
756 4733 1105 4802 Εὐαγγελίοις
1118 4737 1173 4787 tv
1187 4737 1299 4797 τοῖς
1311 4733 1636 4799 ἐθνεσι,τοὺς
1653 4735 1776 4788 Ἰου-

1945 4741 2034 4796 50.
2069 4740 2322 4812 Loquens
2367 4744 2512 4797 enim
2549 4743 2602 4796 in
2640 4741 2943 4813 Evangeliis
2975 4745 3029 4797 in
3081 4744 3358 4813 gentibus,
3391 4744 3441 4796 in

182 4826 382 4888 δαίους
401 4823 475 4893 (4)
491 4821 802 4894 παραϐολὴν
817 4825 1022 4894 ἤγαγεν
1034 4826 1092 4878 οὑ
1099 4844 1131 4895 χ
1147 4824 1311 4891 ἅπαξ,
1335 4825 1469 4878 ἀλλὰ
1494 4825 1768 4892 πολλάκις.

1876 4836 2190 4908 parabolam
2214 4834 2433 4891 Judazos
2469 4836 2694 4890 adduxit
2735 4852 2843 4890 non
2872 4835 3062 4900 semel,
3093 4835 3188 4890 sed
3222 4835 3441 4904 saepius.

258 4917 358 4971 51.
398 4914 508 4968 Kal
533 4913 632 4985 τὴν
650 4914 820 4986 ἀρχὴν
852 4917 950 4986 τῆς
974 4915 1219 4982 ἐξουσίας
1245 4954 1258 4979 ,
1292 4917 1357 4987 ἢν
1389 4913 1532 4987 εἶχον
1563 4919 1612 4970 οἱ
1640 4919 1771 4972 Ἰου-

1947 4929 2034 4983 51.
2064 4928 2129 4982 Et
2174 4928 2538 4998 principatum
2588 4928 2904 4997 potestatis,
2951 4942 3115 4998 quam
3167 4927 3437 4983 habebant

183 5011 356 5072 δαῖοι,
389 5007 699 5078 μετήγαγεν
720 5010 798 5070 είς
822 5008 888 5062 τὰ
922 5007 1068 5080 ἔθνη.

1876 5019 2066 5087 Judaei,
2100 5021 2375 5076 transtulit
2410 5021 2465 5074 in
2489 5029 2692 5092 gentes.
2843 5079 2845 5081 ,

259 5101 356 5156 52.
405 5098 720 5164 Ἀπαύστως
757 5100 790 5170 ἡ
823 5099 1067 5172 ἁμαρτία
1098 5118 1199 5172 μου
1230 5104 1346 5171 μετ’
1371 5103 1502 5173 ἐμοῦ
1533 5105 1700 5158 ἐστιν.

1949 5113 2039 5166 52.
2075 5112 2455 5169 ιηάεείηειιιει·’
2474 5121 2755 5183 peccatum
2784 5127 2965 5168 meum
2995 5127 3206 5168 mecum
3232 5122 3334 5169 est.

258 5191 357 5244 55.
385 5189 498 5241 Kal
514 5189 546 5260 ή
563 5188 700 5260 αὑτὴ
717 5188 960 5260 ἁμαρτία
979 5191 1076 5262 τῆς
1100 5190 1277 5263 ψυχῆς
1294 5208 1395 5263 μου
1425 5193 1656 5258 σκοτίζει
1681 5215 1769 5267 με.

1948 5205 2034 5259 55.
2058 5203 2124 5260 Ει
2148 5206 2322 5274 ipsum
2345 5214 2627 5276 peccatum
2649 5204 2840 5259 animae
2857 5219 2989 5260 mea!
3005 5204 3318 5260 obtcnebrat
3335 5218 3437 5260 nne.

260 5284 360 5339 54.
405 5283 539 5334 Ἀπὸ
565 5281 665 5352 τῆς
695 5282 1039 5349 διδασκαλίας
1069 5284 1161 5337 τοῦ
1191 5285 1456 5340 διαϐόλου.

1018 5302 1039 5349 ς
1069 5284 1161 5337 τοῦ
1191 5285 1456 5340 διαϐόλου.
1947 5298 2038 5354 54.
2065 5298 2110 5351 Α
2137 5299 2385 5354 doctrina
2414 5298 2631 5355 diaboli.

260 5381 310 5412 εδ
345 5377 518 5432 Hebr.
551 5394 604 5445 ν,
635 5377 688 5431 7.

259 5644 310 5783 li

299 5713 325 5766 2

1155 5498 1462 5563 Addenda
1503 5509 1562 5564 et
1593 5501 1972 5583 corrigenda
2003 5517 2087 5562 ex
2125 5499 2265 5563 cod.
2297 5501 2498 5561 Vatic.

380 5639 560 5712 Αὑτὰς
585 5641 850 5703 ἐναντίας,
881 5648 984 5696 etc.
1954 5641 2029 5712 (5)
2068 5640 2260 5703 Ἐάσας
2295 5680 2309 5693 .
2341 5679 2352 5712 .
2485 5639 2584 5710 τῆς
2621 5637 2862 5709 ἀνομίας.

380 5645 560 5702 Arb-ra;
585 5645 850 5703 ἐναντίας,
881 5648 984 5696 etc.
1954 5645 2029 5712 (5)
2068 5645 2260 5703 Ἐάσας
2295 5680 2309 5693 .
2341 5679 2352 5691 .
2390 5679 2405 5692 .
2438 5677 2453 5692 .
2485 5645 2520 5692 τέ

326 5645 348 5782 )
394 5711 638 5774 Ἐδωκας
672 5713 833 5782 ἡμᾶς.
1953 5711 2028 5782 (4)
2062 5713 2183 5777 Τοῖς
2232 5710 2520 5772 Ἰουδαίοις.
