4068 6318
697 365 806 420 827
1541 371 1597 420 ὃ.
1641 368 2012 420 A'l'llANASll
2056 368 2209 422 OPP.
2253 367 2303 422 Ρ.

2350 367 2433 421 RS
2469 367 2554 420 ll].
2591 396 2660 409 -ς
2698 365 3106 418 ΕΧΕΟΕΤΙΩΛ.
3863 366 3956 419 82⁸

774 482 859 533 16.
895 476 1052 548 Virga
1079 476 1392 531 directionis
1421 477 1570 547 virga
1597 478 1747 548 regni
1775 478 1874 533 tui.
2294 485 2341 541 Α

2439 479 2522 532 16.
2575 477 2795 539 Ῥάόδος
2820 477 3113 548 εὐθύτητος
3135 479 3166 548 ή
3186 478 3379 548 ῥάϐδος
3404 479 3500 547 τῆς
3529 478 3832 547 βασιλείας
3850 500 3951 536 σου.

773 573 858 623 17.
892 569 1132 624 Dilexisti
1160 569 1428 638 justitiam
1452 577 1506 621 et
1536 568 1701 622 odisti
1729 568 2067 637 iniquitatem
2096 585 2110 622 :

2448 570 2532 623 17.
2578 569 2901 642 Ἠγάπησας
2950 569 3322 641 δικαιοσύνην,
3370 571 3462 623 καὶ
3511 571 3803 643 ἐμίσησας
3849 575 3955 625 ἀερο-

2425 660 2508 712 ίαν
2531 676 2547 690 ·

771 751 855 804 18.
887 749 1176 819 Propterea
1203 750 1358 804 unxit
1392 759 1441 803 te
1470 748 1634 810 Deus.
1669 748 1811 804 Deus
1835 762 1981 816 tuus,

2425 678 2508 712 ιαν
2531 678 2547 690 ·

2379 678 2417 730 μ
2445 753 2530 807 18.
2563 752 2662 806 Διὰ
2689 753 2845 804 τοῦτο
2877 751 3061 822 ἐχρισέ
3087 769 3146 806 σε
3171 755 3198 805 ὁ
3223 753 3374 816 Θεὸς,
3398 754 3426 805 ὁ
3453 753 3584 817 Θεός
3623 771 3751 821 σου,

773 846 858 898 19.
884 841 1016 898 Oleo
1047 844 1244 897 laetitiae
1269 859 1377 913 prae
1401 843 1752 897 consortibus
1784 843 1912 898 tuis.

2453 845 2539 898 19.
2578 844 2798 897 Ἔλαιον
2825 843 3194 910 ἀγαλλιάσεως
3224 843 3372 913 παρὰ
3389 844 3513 906 τούς
3542 845 3825 913 μετόχους
3847 862 3950 899 σου.

771 936 860 990 20.
897 936 1136 1006 Myrrha,
1164 944 1219 990 et
1243 944 1417 1004 gutta,
1453 944 1506 989 et
1532 936 1680 991 casia
1711 952 1739 989 a
1768 935 2108 990 vestimentis
2135 934 2265 1000 tuis.

2443 938 2534 992 20.
2568 936 2814 1008 Σμύρνα,
2850 937 2944 990 καὶ
2983 935 3207 1006 στακτὴ,
3240 937 3332 988 καὶ
3357 938 3516 988 κασία
3544 937 3655 990 ἀπὸ
3685 938 3813 991 τῶν
3844 941 3954 1008 ἱμε-

2372 1047 2502 1081 τιων
2537 1046 2650 1091 σου,

758 1119 850 1174 21.
883 1118 926 1171 Α
964 1117 1216 1173 domibus
1265 1118 1542 1183 eburneis,
1595 1135 1660 1173 ex
1714 1118 1914 1188 quibus
1961 1119 2266 1173 delectave-

2447 1122 2536 1175 21.
2581 1121 2722 1173 Ἀπὸ
2751 1119 2960 1190 βάρεων
2984 1117 3362 1188 ἐλεφαντίνων,
3394 1118 3451 1185 ἐξ
3472 1138 3544 1173 ων
3565 1120 3865 1191 εὐφρανάν
3905 1137 3952 1172 σε

727 1219 822 1263 unt
850 1219 902 1263 te

697 1226 822 1264 runt
850 1226 902 1263 te

764 1301 852 1352 22.
888 1298 1037 1353 Filiae
1064 1313 1249 1366 regum
1283 1297 1337 1350 in
1365 1296 1573 1349 honore
1600 1304 1692 1349 tuo
1722 1314 1735 1349 :

2449 1294 2541 1348 22.
2568 1301 2876 1364 θυγατερες
2909 1291 3169 1362 βασιλέων
3191 1294 3248 1345 ἐν
3273 1293 3337 1361 τῇ
3361 1293 3492 1360 τιμῇ
3529 1306 3623 1342 σου
3643 1307 3657 1322 ·

760 1392 850 1446 25.
881 1391 1066 1446 Astitit
1100 1389 1281 1460 regina
1311 1405 1340 1442 a
1373 1389 1580 1443 dextris
1606 1387 1738 1453 tuis,

2442 1387 2534 1442 25.
2572 1385 2825 1457 Παρέστη
2861 1389 2893 1455 ὴ
2925 1385 3205 1455 βασίλισσα
3242 1387 3304 1436 ἐκ
3327 1384 3511 1450 δεξιῶν
3547 1400 3665 1448 σου,

759 1483 852 1540 24.
882 1480 938 1536 ln
970 1483 1165 1536 vestitu
1199 1481 1465 1535 deaurato
1491 1479 1828 1533 circumdata
1858 1479 2142 1533 varietate.

2443 1477 2534 1531 24.
2587 1478 2671 1529 Ἐν
2722 1475 2999 1548 ἱματισμῷ
3033 1475 3307 1548 διαχρύσῳ
3354 1475 3828 1546 περισεϐλημένη,
3870 1494 3951 1529 πε-

2374 1567 2716 1638 ποικιλμένη.

758 1658 850 1713 25.
877 1656 1038 1721 Audi,
1076 1656 1207 1722 ﬁlia,
1236 1664 1291 1710 et
1333 1655 1476 1720 vide,
1509 1663 1565 1709 et
1603 1653 1802 1708 inclina
1837 1669 2022 1709 aurem
2068 1664 2213 1708 tuam
2249 1674 2262 1708 :

2441 1659 2532 1714 25.
2571 1660 2739 1711 Ἀκου
2752 1674 2863 1722 σον,
2899 1656 3157 1728 θύγατερ,
3183 1659 3277 1711 καὶ
3304 1658 3403 1721 ῐδε,
3437 1658 3530 1710 καὶ
3554 1655 3739 1710 κλῖνον
3770 1657 3838 1710 τὸ
3864 1654 3953 1721 οἷς

2373 1767 2490 1806 σου.

759 1835 850 1888 26.
885 1833 951 1888 Et
979 1834 1299 1890 obliviscere
1328 1833 1586 1904 populum
1627 1841 1780 1887 tuum
1817 1841 1871 1888 et
1895 1832 2116 1887 domum
2169 1848 2265 1902 pa-
2296 1850 2337 1904 Β

2434 1841 2525 1896 26.
2559 1842 2670 1895 Καὶ
2702 1841 2962 1896 ἐπιλάθου
2993 1840 3087 1894 τοῦ
3113 1841 3242 1894 λαου
3273 1857 3367 1894 σου
3400 1841 3495 1895 καὶ
3524 1841 3619 1894 τοῦ
3647 1841 3806 1895 οἴκου
3855 1838 3945 1895 τοῦ

696 1927 792 1982 tris
821 1927 918 1980 tui.

2374 1933 2578 2005 πατρός
2613 1950 2726 1988 σου.

759 2022 848 2076 27.
885 2021 950 2075 Ει
979 2021 1327 2091 concupiscet
1355 2035 1450 2072 rex
1481 2019 1733 2072 decorem
1769 2028 1920 2069 tuum
1954 2035 1968 2069 :

2440 2027 2530 2080 27.
2567 2027 2676 2079 Καὶ
2704 2024 3034 2095 ἐπιθυμήσει
3059 2026 3087 2074 ὁ
3121 2024 3372 2094 βασιλεὺς
3393 2024 3488 2077 τοῦ
3511 2024 3748 2086 κάλλους
3785 2042 3880 2077 σου
3905 2042 3914 2052 ·

759 2119 850 2173 28.
882 2118 1149 2184 Quoniam
1173 2119 1288 2186 ipse
1317 2125 1400 2170 est
1429 2115 1691 2168 Dominus
1729 2122 1878 2174 tuus,
1911 2120 1964 2166 et
2009 2111 2264 2166 adorabis

2444 2115 2534 2171 28.
2569 2118 2691 2170 Ὀτι
2718 2116 2879 2180 αὐτός
2909 2118 3026 2169 ἐστι
3069 2116 3273 2186 Κύριός
3327 2134 3457 2180 σου,
3503 2118 3596 2169 καὶ
3641 2112 3950 2187 προσκυνή-

696 2228 840 2268 eum.

2375 2223 2488 2268 σεις
2518 2206 2684 2275 αὐτῷ.

759 2306 828 2360 29
883 2303 946 2357 Et
981 2302 1085 2356 ﬁlia
1113 2300 1238 2372 Tyri
1285 2300 1338 2354 in
1368 2299 1706 2354 muneribus.

2445 2296 2533 2352 29.
2569 2296 2643 2367 (a)
2677 2296 2786 2350 Καὶ
2811 2295 3056 2366 θυγάτηρ
3081 2295 3255 2367 Τύρου
3290 2299 3346 2348 ἐν
3373 2299 3586 2368 δώροις.

761 2425 838 2495 (α)
876 2421 934 2478 ν.
967 2422 1057 2487 29,
1107 2421 1219 2475 Καὶ
1251 2421 1720 2494 προσκυνήσουσιν
1756 2415 1904 2482 αὐτῷ
1933 2415 2230 2485 Θυγατέρες
2269 2414 2444 2487 Τύρου
2479 2417 2536 2469 ἐν
2567 2415 2761 2487 δώροις
2792 2413 2861 2470 V.
2893 2416 2980 2483 50,
3015 2413 3106 2482 Τό,
3133 2424 3239 2471 etc.

1809 2553 2188 2608 ATHANASII
2225 2551 2817 2608 INTERPRETATIO.

761 2673 850 2728 16.
878 2672 1126 2727 Potestas
1152 2681 1352 2727 aeterna
1377 2687 1602 2741 regnum
1633 2679 1809 2726 tuum.

2446 2668 2533 2722 16.
2581 2667 2829 2732 Ἐξουσία
2856 2667 3069 2729 αίώνιος
3095 2668 3127 2737 ἡ
3163 2666 3408 2736 βασιλεία
3436 2683 3547 2718 σου.

763 2765 849 2818 17.
889 2763 1132 2817 Dilexisti
1174 2772 1392 2818 sanctos
1445 2771 1590 2826 tuos,
1639 2774 1692 2816 et
1737 2761 1900 2815 odisti
1958 2760 2267 2814 inventores

2436 2762 2523 2813 17.
2571 2761 2894 2830 Ἠγάπησας
2913 2761 3038 2822 τοὺς
3063 2760 3248 2826 ἁγίους
3281 2775 3392 2820 σου,
3412 2760 3505 2810 καὶ
3536 2758 3948 2830 ἐμίσησαςτους

697 2855 1016 2927 tniquitatis‘,
1053 2855 1331 2909 diabolum
1368 2869 1580 2925 nempe,
1604 2865 1657 2908 et
1681 2855 1900 2924 angelos
1931 2854 2070 2921 ejus.

2373 2853 2600 2926 εὑρετὰς
2627 2854 2724 2923 τῆς
2749 2852 2998 2922 ἀνομίας,
3032 2851 3172 2920 φημὶ
3207 2849 3271 2919 δὴ
3302 2849 3390 2901 τὸν
3424 2848 3670 2902 διάϐολον
3708 2851 3802 2902 καὶ
3827 2853 3948 2916 τοὺς

2297 2995 2341 3055 C
2375 2945 2640 3014 ἀγγέλους
2667 2943 2854 3000 αὐτοῦ.

763 3029 852 3096 18,
886 3029 972 3084 19.
1009 3028 1302 3097 Propterea
1327 3028 1663 3082 renuntiavit
1689 3036 1742 3081 te
1771 3025 1930 3080 Pater
1967 3043 2061 3096 per
2092 3026 2265 3097 Spiri-
2297 3025 2341 3055 υ

2339 3034 2341 3051 ¹
2445 3036 2642 3102 18,19.
2692 3035 2790 3089 Διὰ
2842 3035 3002 3090 τοῦτο
3043 3035 3280 3103 ἀνέδειξέ
3330 3052 3391 3087 σε
3434 3037 3463 3088 ὁ
3510 3035 3702 3105 Πατὴρ
3734 3034 3825 3086 διὰ
3857 3033 3945 3085 τοῦ

696 3132 804 3175 tum
829 3128 1078 3177 sanctum
1107 3135 1287 3191 regem
1311 3120 1424 3190 jam
1460 3122 1817 3176 exsistentem
1853 3137 1866 3173 :
1899 3120 2256 3190 quandoqui-

2368 3130 2685 3200 Πνεύματος
2726 3130 2883 3197 άγίου
2923 3129 3147 3199 βασιλέα
3175 3129 3304 3182 ὄντα
3327 3147 3340 3160 ο
3375 3128 3671 3198 ἐπειδήπερ
3709 3129 3949 3198 ὐπῆρχες

697 3219 813 3269 item
843 3229 1055 3283 semper
1077 3213 1332 3269 exstitisti
1363 3229 1459 3268 rex
1490 3229 1655 3283 supra
1685 3228 1804 3276 eos,
1836 3213 1931 3282 qui
1969 3214 2265 3283 participes

2369 3221 2454 3273 ἀεὶ
2478 3219 2730 3288 βασιλεὺς
2760 3219 2901 3287 ὑπὲρ
2930 3219 3056 3280 τοὺς
3087 3219 3411 3287 γενομένους
3431 3219 3692 3288 μετόχους
3721 3219 3822 3287 τῆς
3854 3219 3947 3285 χά-

696 3307 914 3360 iuerunt
967 3307 1156 3376 gratia:
1211 3315 1359 3371 tuae;
1415 3305 1853 3371 Melchisedech,
1914 3306 2160 3374 inquam,
2214 3313 2269 3358 et

2374 3312 2518 3382 ριτός
2548 3328 2640 3363 σου
2663 3329 2675 3341 ·
2714 3311 2858 3378 λέγω
2886 3310 2950 3380 δὴ
2978 3307 3332 3379 Μελχισεδὲχ,
3352 3310 3446 3361 καὶ
3467 3308 3649 3372 Δαϐὶδ,
3682 3310 3772 3362 καὶ
3807 3307 3951 3374 Ἐξι-

697 3395 885 3456 David.
918 3408 971 3450 et
994 3395 1246 3459 Ezechia,
1271 3405 1323 3449 et
1347 3393 1516 3459 Josia,
1546 3404 1602 3449 et
1633 3403 1903 3464 quotquot
1932 3395 2018 3449 his
2060 3394 2270 3450 similes

1885 3403 1903 3448 t
1932 3395 2018 3449 his
2060 3394 2270 3450 similes
2371 3403 2483 3472 χία,
2510 3403 2604 3456 καὶ
2645 3402 2847 3465 Ἰωσία,
2879 3400 2972 3453 καὶ
2993 3401 3106 3453 ὅσοι
3134 3400 3254 3453 κατ’
3278 3399 3489 3464 αὐτούς.

696 3489 939 3542 fuerunt.

765 3579 854 3632 20.
887 3577 1108 3648 Myrrha
1135 3577 1518 3646 interpretatur
1545 3575 1772 3630 melodia
1808 3578 2063 3646 ipsorum.
2103 3577 2272 3632 Melo-

2439 3577 2530 3632 20.
2568 3579 2809 3647 Σμύρνα
2863 3575 3221 3649 ἑρμηνεύεται
3267 3576 3531 3646 μελῳδία
3570 3574 3789 3630 αὐτῶν.
3829 3575 3938 3645 Τὴν

697 3672 841 3724 diam
865 3670 1026 3740 igitur
1049 3684 1262 3735 eorum,
1298 3679 1350 3723 et
1379 3669 1625 3738 gentium
1669 3667 2025 3740 fragrantiam
2070 3671 2273 3743 signiﬁ-

2372 3664 2463 3723 οὖν
2497 3669 2762 3740 μελῳδίαν
2791 3668 2971 3721 αὐτῶν
3006 3668 3102 3739 (1),
3133 3669 3225 3720 καὶ
3265 3669 3360 3739 τὴν
3383 3668 3608 3721 εὐωδίαν
3641 3668 3751 3720 τῶν
3783 3668 3948 3721 ἐθνῶν

695 3774 800 3825 cat,
826 3779 987 3833 quam
1016 3778 1046 3815 a
1076 3761 1328 3815 doctrina
1363 3761 1597 3829 collegit.

2371 3761 2541 3829 λέγει,
2575 3761 2641 3829 ἠν
2670 3760 3071 3829 ἐπισυνήγαγεν
3102 3758 3210 3810 ἀπὸ
3234 3760 3333 3828 τῆς
3361 3759 3714 3822 διδασκαλίας
3745 3760 3846 3829 (2).

766 3854 854 3907 21.
887 3853 968 3905 Ab
1005 3849 1236 3904 urbibus
1262 3849 1436 3904 ﬁrmis
1471 3860 1525 3904 et
1550 3849 1786 3914 decoris,
1831 3849 1936 3903 hoc
1963 3858 2048 3904 est
2080 3864 2110 3904 a
2140 3865 2270 3904 san-

2443 3852 2533 3905 21.
2578 3852 2712 3903 Ἀπὸ
2751 3850 2860 3904 τῶν
2901 3849 3110 3902 πόλεων
3151 3849 3260 3902 τῶν
3296 3851 3550 3920 ἰσχυρῶν,
3601 3850 3714 3904 τῶν
3757 3852 3949 3925 εὐπρε-

702 3945 830 4006 ctis,
855 3942 1000 3996 unde
1023 3941 1328 3996 laetiﬁcatus
1354 3955 1430 3995 es.

2374 3945 2514 4006 πῶν,
2543 3942 2792 3995 τουτέστι
2825 3942 2933 3994 τῶν
2963 3942 3154 4010 ἁγίων,
3182 3941 3240 4005 ἐξ
3258 3935 3332 3994 ὧν
3361 3941 3694 4013 εὐφράνθης.

768 4035 860 4117 22.
894 4034 1101 4088 Animae
1135 4042 1450 4088 sanctorum
1473 4031 1855 4102 gloriﬁcabunt
1883 4038 1954 4086 te.

2443 4036 2535 4093 22.
2568 4037 2636 4088 Ai
2663 4035 2833 4105 ψυχαὶ
2863 4033 2972 4088 τῶν
3007 4034 3178 4102 ἁγίων
3209 4032 3489 4099 δοξάσουσί
3516 4051 3596 4088 σε.

767 4131 858 4183 23.
892 4127 1158 4182 Ecclesia.

2446 4129 2534 4182 25.
2579 4129 2642 4181 Ἢ
2682 4128 2995 4199 Ἐκκλησία.

771 4219 862 4272 24.
895 4217 955 4272 In
990 4217 1286 4273 multifaria
1319 4215 1586 4286 sapientia
1619 4224 1837 4270 ornata.

2447 4221 2536 4274 24.
2580 4221 2668 4273 Ἐν
2699 4223 2764 4292 τῇ
2802 4221 2962 4291 σοφίᾳ
2985 4223 3050 4291 τῇ
3087 4219 3457 4288 πολυποικίλῳ
3487 4221 3895 4290 κεκοσμημένη.

767 4309 859 4362 25.
886 4307 1052 4372 Audi,
1096 4307 1229 4360 dicit
1261 4306 1514 4360 Ecclesiae
1548 4321 1615 4360 ex
1649 4306 1902 4375 gentibus
1933 4305 2275 4375 prmdicatio-
2301 4333 2354 4389 Β

2335 4335 2354 4386 ι
2451 4314 2542 4367 25.
2579 4313 2844 4366 ’Ἄκουσον
2871 4352 2884 4375 ,
2920 4311 3066 4380 λέγει
3103 4315 3168 4382 τῇ
3216 4310 3508 4381 Ἐκκλησία
3547 4313 3614 4381 τῇ
3660 4311 3720 4376 ἐξ
3753 4312 3941 4376 ἐθνῶν,

698 4407 824 4457 nem
874 4399 1116 4467 Domini,
1169 4408 1223 4454 et
1277 4401 1495 4455 attende
1539 4401 1713 4456 oculis
1756 4400 1940 4455 cordis
1990 4401 2278 4470 praeceptis

2386 4404 2481 4458 τοῦ
2509 4403 2864 4475 κηρύγματος
2885 4401 2978 4455 τοῦ
3002 4403 3228 4474 Κυρίου,
3257 4402 3352 4455 καὶ
3369 4402 3601 4473 πρὸσχες
3617 4404 3734 4465 τοῖς
3757 4402 3942 4470 ὀφθαλ-

701 4493 941 4558 Domini,
965 4501 1021 4548 et
1050 4492 1296 4548 ausculta
1323 4509 1468 4548 eum.

2391 4497 2511 4564 μοῖς
2535 4493 2635 4563 τῆς
2657 4492 2883 4564 καρδίας
2907 4495 3029 4554 ταῖς
3052 4491 3294 4556 ἐντολαῖς
3344 4491 3437 4543 τοῦ
3473 4491 3700 4561 Κυρίου,
3743 4494 3836 4544 καὶ
3865 4492 3940 4543 ὑπ-

2388 4588 2615 4640 άκουσον
2646 4585 2833 4640 αὐτοῦ.

768 4673 862 4728 26.
893 4671 959 4728 Et
985 4672 1306 4728 obliviscere
1326 4671 1668 4744 gentilitatis,
1692 4681 1744 4725 et
1763 4671 2099 4729 idololatriae.

2455 4678 2545 4734 26.
2583 4680 2693 4732 Καὶ
2715 4677 2973 4732 ἐπιλάθου
3007 4677 3099 4732 τοῦ
3150 4674 3500 4746 Ἑλληνισμοῦ
3539 4677 3632 4728 καὶ
3673 4678 3776 4748 τῆς
3805 4679 3939 4731 εἰδωο

2382 4769 2716 4838 λολατρείας,

772 4851 863 4906 27.
895 4850 1158 4905 Dominus
1185 4851 1341 4905 ﬁdem
1369 4861 1538 4905 tuam.

2459 4861 2551 4915 27.
2599 4864 2656 4915 '0
2683 4862 2887 4936 Κύριος
2920 4865 3018 4934 τῆς
3055 4863 3289 4927 πίστεώς
3323 4879 3435 4917 σου.

772 4943 862 4997 28.
891 4943 1162 5008 Quoniam
1189 4943 1305 5013 ipse
1343 4951 1426 4998 est
1452 4942 1714 4998 Dominus
1750 4953 1898 5010 tuus,
1947 4949 1995 4997 et
2039 4943 2142 5012 ipsi
2186 4941 2281 4996 ﬁe-

2458 4953 2547 5006 28.
2587 4955 2708 5007 Ὅτι
2738 4956 2901 5018 αὐτός
2941 4957 3056 5007 ἐστι
3083 4954 3356 5025 Δεσπότης
3391 4969 3504 5015 σου,
3540 4953 3634 5005 καὶ
3657 4949 3806 5019 αὐτῷ
3845 4948 3933 5001 κλί-

705 5036 870 5091 ctitur
897 5049 1060 5090 omne
1083 5050 1221 5104 genu
1251 5037 1304 5090 in
1333 5036 1471 5091 caelo
1493 5045 1547 5090 et
1572 5037 1626 5090 in
1655 5046 1797 5091 terra
1829 5037 1894 5091 “.

2389 5062 2469 5096 νει
2497 5045 2572 5116 (5)
2609 5045 2794 5118 [πᾶν]
2827 5047 2956 5115 γόνυ
2988 5048 3045 5099 ἐν
3073 5045 3286 5118 οὐρανῷ
3315 5046 3407 5099 καὶ
3433 5045 3525 5098 ἐπὶ
3552 5044 3675 5114 γῆς.

776 5126 866 5181 29.
899 5125 963 5179 Et
1018 5125 1128 5180 ﬁlia
1179 5126 1542 5192 confusionis,
1594 5142 1788 5196 nempe
1819 5125 2159 5191 idololatriae,
2195 5123 2284 5178 ad-

2464 5135 2554 5190 29.
2586 5140 2698 5190 Καὶ
2725 5139 2821 5209 τῆς
2853 5139 3166 5209 συγχύσεως
3194 5137 3458 5208 θυγάτηρ,
3493 5135 3636 5205 λέγω
3667 5135 3726 5204 δὴ
3750 5133 3844 5202 τῆς
3870 5133 3931 5182 εἰ·

706 5219 870 5275 ducta
943 5225 1028 5272 est
1091 5217 1158 5272 ad
1225 5216 1404 5272 ﬁdem.
1469 5218 1637 5288 Tyrus
1689 5219 1833 5274 enim
1898 5217 2284 5287 interpretatur

2391 5228 2808 5302 δωλολατρείας,
2865 5232 3206 5304 προσηνέχθη
3262 5233 3319 5285 ἐν
3373 5230 3578 5284 πίστει.
3638 5229 3807 5296 Τύρος
3839 5222 3930 5294 γὰρ

707 5311 975 5380 confusio.

2392 5322 2696 5390 σύγχυσις
2733 5323 3107 5395 ἑρμηνεύεται.

781 5423 826 5456 ⁸⁸
859 5422 963 5480 lsa.
998 5441 1119 5492 xcv,
1151 5428 1256 5494 2t;
1293 5426 1452 5482 Rom.
1482 5444 1593 5496 xw,
1620 5429 1718 5494 ll;
1752 5427 1948 5497 Philip.
1985 5444 2044 5494 ιι,
2081 5428 2164 5480 10.

1691 5543 2001 5605 Addenda
2033 5552 2093 5604 et
2125 5540 2502 5621 corrigenda
2535 5557 2613 5600 ex
2649 5541 2787 5604 cod.
2816 5543 2991 5604 Vatie

895 5661 1102 5735 Αὐτῶν
1129 5663 1300 5735 deest.

1208 5672 1300 5718 est.
2479 5664 2554 5735 (5)
2582 5663 2814 5729 Κλινεῖς.

787 5730 862 5801 (2)
903 5732 1258 5798 Διδασκαλίας
1292 5751 1404 5788 σου.
