4084 6322
696 371 802 425 851
1545 367 1602 422 S.
1665 363 2036 418 ATllANASll
2077 361 2226 415 Ol’l’.
2271 357 2448 414 PARS
2486 356 2568 411 ιιι.
2610 387 2677 397 —-
2714 355 3122 410 EXEGETICA.
3828 347 3915 402 839.

765 492 818 546 3.
852 489 1141 558 Propterea
1187 501 1296 540 non
1353 483 1662 541 timebimus
1689 525 1702 549 ,
1765 483 1894 536 dum
1956 480 2260 534 turbabitur
2290 485 2334 538 Α

2300 485 2334 538 Α
2433 476 2483 528 5.
2516 475 2613 527 Διὰ
2642 473 2798 526 τοῦτο
2825 476 2886 526 οὐ
2915 470 3334 542 φοὸηθησόμεθα
3364 471 3419 522 ὲν
3455 468 3528 538 τῷ
3563 467 3913 540 ταράσσεσθαι

695 593 860 637 terra.

2363 584 2459 635 τήν
2488 584 2587 633 γην
2615 607 2628 629 ,

757 676 818 728 4.
850 673 913 727 Et
945 671 1340 726 transferentur
1369 679 1580 725 montes
1607 671 1658 723 in
1693 685 1786 724 cor
1817 669 2003 722 maris.

2434 658 2485 710 4.
2519 657 2626 708 Καὶ
2659 654 3035 724 μετατίθεσθαι
3063 653 3162 724 ὅρη
3190 654 3246 704 ὲν
3289 653 3530 722 καρδίαις
3560 651 3861 703 θαλασσῶν.

764 766 816 818 5.
854 765 1165 818 Sonuerunt
1191 771 1244 816 et
1277 761 1501 814 turbatae
1524 770 1650 814 sunt
1673 773 1826 826 aquae
1858 770 2081 810 eorum:

2434 752 2487 804 5.
2523 751 2772 818 Ἥχτισαν
2812 749 2902 800 καὶ
2927 747 3298 818 ἐταράχθησαν
3320 746 3385 798 τὰ
3421 745 3584 816 ὕδατα
3614 745 3834 796 αὐτῶν·

764 858 816 907 ti.
849 854 1170 908 Conturbati
1197 861 1322 904 sunt
1345 858 1557 903 montes
1591 849 1642 902 in
1670 847 1986 902 fortitudine
2011 846 2151 912 ejus.

2430 843 2483 896 6.
2534 839 2942 912 Ἐταράχθήσαν
2970 839 3039 892 τὰ
3057 839 3155 909 ὅρη
3192 839 3250 889 ὲν
3273 841 3336 908 τῇ
3369 837 3723 907 κραταιότητι
3750 835 3913 894 αὑτοῦ.

769 947 821 1004 7.
852 945 1116 1001 Fluminis
1151 947 1384 1014 impetus
1415 941 1651 998 laetiﬁcat
1680 941 1951 995 civitatem
1984 938 2102 992 Dei.

2437 932 2486 984 7.
2523 929 2629 982 Τοῦ
2663 929 2906 1001 ποταμοῦ
2935 929 3002 982 τὰ
3026 930 3168 999 ὁρμή
3178 945 3319 998 ματα
3341 928 3688 997 εὐφραίνωσι
3713 928 3813 997 τὴν
3834 925 3915 980 τώ-

2360 1024 2441 1077 λιν
2471 1023 2560 1075 τοῦ
2593 1022 2747 1075 Θεοῦ.

1309 1117 1642 1182 Diapsalma.
2917 1152 2922 1167 .

2917 1114 3229 1184 Διάψαλμα
3262 1114 3356 1183 (η).

766 1204 799 1258 8
854 1203 1217 1258 Sanctiﬁcavit
1239 1202 1644 1256 tabernaculum
1677 1216 1833 1254 suum
1866 1198 2200 1251 Altissimus.

2077 1212 2200 1249 ηιις-
2432 1208 2484 1260 8.
2531 1208 2756 1274 Ἡγίασε
2782 1206 2842 1258 τὸ
2874 1208 3134 1277 σκήνωμα
3162 1207 3321 1259 αὑτοῦ
3350 1207 3378 1257 ὁ
3405 1205 3687 1274 Ὕψιστος.

767 1299 819 1352 9.
856 1296 998 1351 Deus
1023 1297 1076 1350 in
1104 1295 1279 1350 medio
1305 1296 1445 1364 ejus,
1479 1304 1531 1348 et
1560 1309 1667 1346 non
1703 1291 2165 1345 commovebitur:

2428 1301 2479 1353 9.
2514 1300 2587 1366 (ὁ)
2615 1300 2672 1352 Ὀ
2689 1298 2818 1361 Θεὸς
2833 1300 2890 1351 ὲν
2917 1298 3064 1367 μέσῳ
3086 1299 3272 1368 αὐτῆς,
3303 1300 3394 1351 καὶ
3423 1300 3480 1350 οῦ
3511 1298 3910 1369 σαλευθήσεται·

767 1389 856 1444 10.
887 1389 1176 1458 Adjuvabit
1204 1403 1322 1442 eam
1356 1387 1497 1441 Deus
1531 1401 1687 1439 mane
1715 1373 1978 1439 diluculo.

2432 1391 2518 1444 10.
2557 1391 2819 1460 Βοήθήσει
2855 1392 2991 1460 αὐτῇ
3027 1391 3053 1441 6
3081 1390 3212 1452 Θεὸς
3236 1392 3296 1442 τὸ
3320 1391 3450 1461 πρὸς
3480 1390 3621 1461 πρωὶ
3650 1391 3821 1460 πρωί.

770 1481 855 1534 ll.
888 1480 1235 1535 Conturbataa
1285 1489 1412 1534 sunt
1462 1489 1669 1549 gentes,
1724 1488 1776 1532 et
1825 1478 2079 1530 inclinata
2135 1483 2260 1528 sunt

2135 1483 2260 1528 sunt
2431 1481 2519 1534 11.
2565 1479 2971 1550 Ἑταράχθήσαν
3004 1479 3150 1551 ἔθνη,
3174 1481 3385 1534 ἔκλιναν
3412 1481 3680 1550 βασιλεῖαι
3703 1496 3715 1509 ’

694 1589 898 1642 regna:

768 1665 854 1717 l2.
883 1661 1034 1717 Dedit
1060 1676 1244 1716 vocem
1271 1677 1424 1717 suam
1453 1659 1786 1723 Altissimus,
1815 1669 1962 1713 mota
1983 1667 2065 1713 est
2094 1668 2254 1712 terra.

2429 1668 2517 1720 12.
2541 1667 2746 1719 Ἔδωκε
2766 1665 2946 1735 φωνὴν
2975 1664 3136 1717 αὐτοῦ
3153 1664 3180 1715 6
3193 1663 3470 1732 Ὕψιστος,
3494 1662 3760 1736 ἐσαλεύθη
3777 1665 3809 1735 ή

766 1757 850 1808 15.
883 1754 1145 1808 Dominus
1165 1755 1421 1808 virtutum
1451 1753 1762 1807 nobiscum:

2287 1832 2330 1846 n
2434 1776 2517 1828 15.
2547 1775 2751 1846 Κύριος
2776 1774 2883 1827 τῶν
2914 1774 3196 1843 δυνάμεων
3230 1774 3346 1844 μεθ’
3377 1774 3561 1844 ήμῶν·

765 1849 851 1899 14.
888 1846 1180 1917 Susceptor
1207 1855 1390 1899 noster
1420 1844 1561 1898 Deus
1586 1843 1770 1897 Jacob.
2285 1832 2332 1890 Β

2285 1832 2332 1890 Β
2431 1865 2518 1918 14.
2563 1832 2935 1934 Ἀντιλήπτωρ
2975 1832 3130 1934 ήμιῦν
3157 1832 3335 1926 ὁΘεὸς
3377 1832 3590 1918 ’ίακώᾶ

766 1939 852 1992 15.
891 1937 1078 1991 Venite
1103 1948 1155 1990 et
1180 1938 1353 1992 videte
1383 1951 1544 2004 opera
1581 1936 1692 1998 Dei,

2432 1958 2520 2011 15.
2552 1957 2736 2018 Δεῦτε,
2763 1957 2853 2008 καὶ
2879 1956 3014 2008 ἴδετε
3047 1956 3114 2008 τὰ
3149 1957 3281 2027 ἔργα
3302 1957 3392 2009 τοῦ
3422 1957 3578 2022 Θεοῦ,

767 2030 851 2082 lt}.
883 2029 1013 2094 Quze
1037 2031 1217 2099 posuit
1244 2029 1487 2099 prodigia
1515 2043 1677 2096 super
1712 2037 1929 2079 terram.

1813 2041 1929 2078 "am-
2432 2046 2516 2098 16.
2554 2048 2618 2097 Ἀ
2650 2047 2800 2098 ἔθετο
2828 2047 3028 2116 τέρατα
3059 2048 3150 2098 ἐπὶ
3181 2048 3278 2116 τῆς
3305 2050 3426 2117 γῆς.

767 2121 852 2173 17.
887 2121 1152 2176 Auferens
1175 2121 1312 2175 bella
1337 2135 1510 2190 usque
1536 2120 1600 2174 ad
1634 2118 1766 2172 lines
1802 2127 1985 2171 terrae:

2433 2135 2518 2188 17.
2571 2137 2927 2208 Ἀνταναιρῶν
2959 2138 3224 2208 πολέμους
3257 2137 3415 2209 μέχρι
3439 2139 3546 2192 τῶν
3569 2139 3818 2211 περάτων
3834 2141 3917 2209 τῆς

771 2306 849 2356 18.
887 2303 1082 2357 Arcum
1116 2311 1353 2357 conteret
1383 2311 1435 2356 et
1463 2300 1771 2370 confringet
1804 2316 1976 2368 arma,
2362 2244 2384 2293 Ἰ

2362 2244 2516 2369 mh.
2550 2317 2711 2380 Τόξον
2746 2318 3044 2390 συντρίψει,
3087 2322 3177 2372 καὶ
3204 2323 3485 2376 συνθλάσει
3516 2324 3711 2391 eum,

765 2396 850 2451 19.
884 2393 951 2448 Ει
976 2403 1125 2448 scuta
1150 2395 1431 2448 comburet
1466 2393 1519 2444 in
1557 2393 1695 2454 igne.

2437 2407 2522 2460 19.
2560 2409 2668 2460 Καὶ
2703 2409 2927 2481 θυρεοὺς
2948 2411 3279 2467 κατακαύσει
3307 2417 3363 2469 ὲν
3387 2418 3538 2488 πυρί.

1054 2510 1212 2636 ὃῖεὲει
1243 2580 1295 2634 in
1329 2579 1474 2647 cod.,
1515 2579 1606 2633 sed
1635 2587 1810 2632 exstat
1861 2579 1915 2632 in
1955 2595 2127 2651 marg.
2161 2594 2361 2642 recent.
2403 2589 2737 2645 charactere.

1801 2742 2171 2800 ATHANASII
2225 2746 2810 2810 INTERI’RETATIO.

760 2870 812 2924 3.
840 2866 1130 2936 Propterea
1157 2878 1262 2917 non
1288 2862 1520 2932 amplius
1551 2861 1825 2925 timemus,
1848 2861 2256 2932 insurgentibus

2429 2867 2479 2920 3.
2512 2868 2610 2920 Διὰ
2639 2869 2794 2921 τοῦτο
2827 2871 2927 2922 οὐκ
2975 2869 3054 2924 ἔτι
3101 2870 3434 2942 φοϐούμεθα,
3492 2871 3922 2945 ὲπεγειρομένων

693 2962 746 3016 in
779 2977 878 3015 nos
911 2959 1138 3014 terrenis
1171 2955 1467 3024 spiritibus.

2359 2961 2489 3030 ἡμῖν
2519 2962 2719 3030 γηίνων
2755 2962 3101 3032 πνευμάτων.

759 3051 813 3103 4.
849 3047 1346 3117 Etjustiticationes
1391 3043 1488 3098 Dei
1525 3051 1685 3098 erunt
1729 3041 1784 3096 in
1831 3043 2088 3099 cordibus
2124 3060 2252 3115 gen-

2432 3053 2482 3105 4.
2522 3055 2627 3105 Καὶ
2659 3054 2723 3104 τὰ
2748 3053 3088 3126 δικαιώματα
3116 3055 3207 3108 τοῦ
3239 3055 3373 3108 Θεοῦ
3407 3050 3546 3110 εἶναι
3575 3058 3635 3110 ἐν
3661 3063 3782 3122 ταῖς
3799 3077 3922 3129 καρ-

691 3143 849 3198 tium.
1376 3228 1384 3229 ί
1435 3227 1443 3229 ἓ
1631 3227 1643 3229 _
1841 3224 1852 3229 _
2283 3173 2304 3229 (

2283 3173 2323 3229 C
2360 3143 2496 3206 δίαις
2523 3144 2628 3196 τῶν
2658 3145 2843 3198 ἐθνῶν.

765 3231 816 3284 5.
848 3229 1070 3285 Territa:
1103 3236 1230 3283 sunt
1256 3237 1307 3281 et
1337 3227 1548 3280 ululant
1581 3224 1906 3281 adversariae
1938 3234 2252 3296 potestates.
2293 3224 2322 3229 ⁷

2309 3224 2322 3228 Ρ
2427 3236 2478 3292 5.
2527 3236 2898 3307 Ἐφοϐήθησαν
2925 3238 3017 3290 καὶ
3047 3238 3402 3301 ἀλαλάζουσιν
3426 3241 3482 3293 αί
3505 3241 3746 3294 ἐναντίαι
3771 3240 3922 3293 5m-

2362 3343 2500 3396 μεις.

765 3411 819 3464 6.
848 3406 1063 3460 Domini
1095 3406 1291 3459 virtute
1321 3405 1596 3459 dissolutae
1627 3414 1755 3459 sunt
1787 3405 1986 3460 eaedem
2032 3414 2254 3461 contra—

2425 3419 2475 3472 6.
2505 3418 2831 3489 Διελύθησαν
2866 3420 2942 3491 (1)
2970 3423 3024 3474 αἱ
3047 3420 3205 3475 αὑταὶ
3227 3419 3465 3474 ἐναντίαι
3493 3420 3757 3492 δυνάμεις
3779 3424 3836 3474 ὲν
3861 3423 3920 3492 τῇ

695 3503 788 3554 ria:
817 3508 1124 3568 potestates.
2360 3513 2504 3581 ἰσχύϊ
2535 3513 2627 3564 τοῦ
2652 3513 2880 3584 Κυρίου.

767 3591 817 3646 7.
850 3590 997 3643 Dona
1020 3590 1164 3643 enim
1193 3590 1365 3644 sancti
1409 3589 1641 3660 Spiritus
1683 3589 2124 3646 illuminaverunt
2150 3590 2253 3647 Ec-

2426 3605 2477 3656 7.
2512 3606 2591 3658 Τὰ
2620 3606 2725 3675 γὰρ
2752 3607 3062 3676 χαρίσματα
3089 3605 3182 3658 τοῦ
3217 3605 3368 3674 ἁγίου
3415 3606 3736 3679 Πνεῦματος
3789 3607 3923 3678 ἐφώ-

694 3683 911 3738 clesiam
945 3681 1061 3736 Dei.
2356 3712 2511 3749 τισαν
2540 3697 2635 3768 τὴν
2682 3697 3004 3769 Ἐκκλησίαν
3023 3697 3116 3750 τοῦ
3149 3697 3306 3752 Θεοῦ.

763 3775 816 3829 8.
851 3772 1217 3828 Sanctiﬁcavit
1248 3772 1472 3826 chorum
1504 3781 1817 3827 sanctorum
1846 3773 2128 3829 Dominus.

2425 3788 2476 3840 8.
2524 3789 2746 3856 Ἡγίασε
2776 3791 2866 3843 τὸν
2911 3791 3069 3860 χορὸν
3089 3790 3196 3842 τῶν
3239 3791 3443 3860 κυρίων
3470 3789 3720 3863 [ἁγίων]
3749 3795 3777 3846 6
3807 3795 3921 3846 Ku—

2361 3894 2472 3947 ριος
2490 3878 2588 3947 (‘2)-

2427 3971 2481 4023 9.
2517 3971 2575 4022 Ὀ
2605 3970 2736 4033 Θεὸς
2759 3972 2815 4024 ὲν
2844 3973 2962 4035 ταῖς
2991 3971 3238 4044 καρδίαις
3263 3969 3355 4024 τοῦ
3377 3969 3530 4033 λαοῦ,
3559 3972 3656 4024 καὶ
3686 3972 3927 4044 ἀκίνητα

2358 4058 2697 4128 διαμένουσιν
2723 4061 2830 4114 άπὸ
2851 4063 2949 4132 τῆς
2980 4063 3232 4124 πίστεως.

2430 4150 2513 4205 10.
2540 4152 2803 4223 Βοηθήσει
2834 4154 2862 4205 6
2888 4153 3019 4216 Θεὸς
3047 4157 3112 4223 τῇ
3158 4153 3457 4224 Ἐκκλησία
3476 4155 3534 4206 ὲν
3567 4154 3647 4225 τῷ
3671 4157 3822 4225 spent
3839 4154 3925 4208 τοῦ

2360 4243 2536 4310 φωτὸς
2570 4244 2753 4296 αὑτοῦ.

2429 4334 2513 4386 11.
2551 4332 2882 4403 Διελύθησαν
2909 4335 2957 4386 ot
2987 4333 3258 4404 δαίμονες,
3291 4333 3383 4386 καὶ
3416 4332 3490 4403 (3)
3526 4335 3846 4407 ἡττήθησαν
3875 4336 3925 4386 αἱ

2357 4425 2447 4476 τοῦ
2481 4424 2671 4494 ἐχθροῦ
2695 4425 2966 4495 δυνάμεις.

769 4499 850 4550 1:2.
881 4496 1196 4550 Przedicavit
1223 4495 1364 4551 Deus
1382 4497 1603 4551 verbum
1635 4511 1814 4560 suum,
1840 4504 1893 4550 et
1915 4495 2252 4550 auscultave-
2286 4527 2329 4580 Ι)

2312 4529 2329 4577 )
2429 4515 2512 4568 12.
2562 4513 2852 4585 Ἐκήρυξεν
2899 4517 2926 4568 6
2974 4514 3105 4577 Θεὸς
3143 4515 3217 4586 (At)
3272 4515 3361 4570 τὸν
3403 4517 3561 4587 λόγον
3601 4518 3807 4584 αὐτοῦ,
3841 4521 3925 4572 καὶ

765 3947 819 4001 9.
847 3944 988 4000 Deus
1021 3945 1074 3999 in
1103 3944 1359 4001 cordibus
1392 3946 1594 4016 p0puli,
1625 3956 1678 4001 et
1710 3947 2014 4005 immobiles
2044 3965 2258 4020 perma-

697 4050 825 4094 nent
856 4040 908 4092 in
940 4039 1062 4094 ﬁde.

767 4131 856 4184 10.
887 4128 1180 4198 Adjuvabit
1210 4127 1352 4183 Deus
1381 4127 1681 4184 Ecclesiam
1711 4131 1766 4185 in
1804 4133 2090 4202 splendore
2121 4134 2259 4189 lucis

698 4239 828 4278 SINE.

766 4312 850 4364 Η.
884 4309 1133 4378 Dissipati
1158 4318 1283 4364 sunt
1302 4308 1594 4375 dazmones,
1618 4318 1671 4364 et
1692 4320 1954 4380 superatae
1974 4320 2099 4365 sunt
2123 4312 2262 4367 vires

697 4421 924 4457 llllllllCI.

696 4599 823 4642 runt
848 4598 1053 4658 gentes.

2362 4608 2673 4677 ὑπήκουσαν
2706 4604 2871 4658 αὐτοῦ
2910 4605 2978 4658 τὰ
3005 4606 3150 4677 ἔθνη.

771 4682 850 4735 15.
892 4681 1153 4736 Dominus
1178 4681 1356 4736 omnis
1387 4678 1788 4749 supercmlestis
1817 4678 2022 4733 militiae
2072 4677 2256 4732 nobis—

2434 4700 2518 4753 15.
2562 4700 2620 4750 Ὀ
2653 4699 2927 4769 Δεσπότης
2959 4699 3135 4769 πάσης
3169 4700 3491 4770 ἐπουρανίου
3520 4708 3783 4774 στρατιᾶς
3815 4704 3923 4775 μεθ’

697 4788 816 4824 cum
850 4780 955 4824 est.

1660 4859 1673 4860 γ
1884 4859 1896 4860 7
2186 4859 2189 4860 ν
2363 4789 2516 4860 ήμῶν
2549 4791 2681 4842 ἐστι.

776 4863 852 4915 Il.
895 4862 1188 4931 Susceptor
1231 4872 1416 4917 noster
1468 4860 1610 4916 Deus
1651 4859 1841 4925 Jacob,
1869 4859 2145 4925 Christus,
2181 4859 2261 4913 in-
2386 4859 2389 4860 ⁷

2386 4859 2393 4860 7
2440 4880 2524 4932 Μ.
2568 4880 2938 4952 Ἀντιλήπτωρ
2965 4884 2995 4950 ἡ
3009 4881 3121 4950 μῶν
3141 4883 3168 4934 6
3190 4880 3321 4944 Θεὸς
3343 4881 3435 4934 τοῦ
3469 4883 3688 4948 Ἰακὼϐ,
3711 4885 3853 4954 λέγω
3879 4887 3925 4937 δὲ

697 4972 880 5024 quam,
914 4956 1006 5023 qui
1037 4955 1282 5022 providet
1316 4956 1492 5010 nobis.

2365 4969 2618 5038 Χριστὸς,
2652 4971 2678 5021 6
2704 4970 2940 5040 προνοῶν
2972 4971 3145 5040 ἡμῶν.

778 5046 857 5099 ll'i.
892 5046 1172 5099 Advocant
1201 5055 1385 5115 gentes
1414 5046 1663 5114 apostoli.

2443 5062 2526 5114 15.
2559 5061 2996 5130 Προσκαλοῦνται
3020 5062 3088 5115 τὰ
3119 5060 3244 5132 ἔθνη
3272 5064 3321 5115 ot
3356 5063 3663 5118 ἀπόστολοι.

770 5140 853 5191 16.
887 5139 1018 5203 Qua:
1048 5131 1173 5193 fecit
1197 5141 1452 5209 mysteria
1477 5141 1530 5193 in
1564 5149 1726 5193 terra.

2437 5155 2520 5205 16.
2557 5157 2621 5206 "A
2651 5155 2870 5224 ἐποίησε
2918 5156 3188 5225 μυστήρια
3223 5131 3316 5207 ἐπὶ
3355 5157 3454 5225 τῆς
3489 5157 3607 5226 γῆς.

770 5230 854 5284 17.
889 5229 1144 5284 Dissolvit
1173 5231 1313 5284 bella
1341 5233 1505 5286 totius
1536 5231 1746 5285 mundi.

2433 5246 2517 5297 17.
2559 5246 2698 5308 Τοὺς
2735 5247 3000 5316 πολέμους
3025 5247 3144 5300 ὅλου
3169 5247 3246 5314 (5)
3272 5246 3363 5299 τοῦ
3399 5249 3606 5318 κόσμου
3632 5250 3893 5303 διέλυσεν.

776 5322 855 5385 l8,
898 5321 983 5374 l9.
1022 5321 1322 5377 Potestates
1351 5323 1578 5378 inimici.

2442 5334 2526 5400 18,
2561 5335 2647 5387 19.
2689 5335 2798 5399 Τὰς
2829 5335 2921 5388 τοῦ
2944 5336 3135 5406 ἐχθροῦ
3170 5336 3425 5408 δυνάμεις
3458 5338 3553 5408 (6).

1648 5460 1947 5523 Addenda
1981 5467 2037 5521 et
2096 5464 2466 5531 corrigenda
2497 5489 2574 5532 ex
2610 5473 2747 5535 cod.
2785 5473 2979 5536 Valic.

876 5573 983 5657 δαὶ
1014 5574 1352 5657 διελύθησαν.
1461 5650 1468 5657 _
1625 5649 1638 5657 .
2442 5589 2516 5657 (Si)
2550 5591 2761 5654 Ὅλους.

879 5644 1188 5733 yer’si‘culus
1219 5644 1252 5700 8
1277 5650 1427 5707 deest
1460 5650 1509 5704 in
1545 5649 1659 5705 cod.

2636 5648 2851 5733 18ξΤῂν
2883 5663 3168 5733 ἁμαρτίαν,
3203 5664 3288 5716 καὶ
3319 5662 3401 5716 ’.ὸν
3452 5664 3702 5718 θάνατον.
3739 5663 3800 5718 Ν.
3837 5665 3893 5719 19

773 5714 847 5772 (ὅ)
881 5715 987 5763 Καί
1012 5714 1179 5768 deest.
2372 5731 2386 5779 ’ξ

2372 5714 2596 5792 ’1’ἑις’τοῦ
2632 5714 2844 5800 ἐχθροῦ,
2869 5714 2967 5788 clr,

771 5785 843 5848 (Δ)
887 5784 942 5830 ὐ
971 5785 1189 5854 Κύριος.
