4068 6318
121 383 258 438 B33
1051 386 1138 440 DE
1165 385 1437 442 TITULIS
1471 383 1917 440 PSALMORUM.
1949 384 2239 439 —'PSAL.
2276 383 2456 439 XLVI.
3288 391 3398 448 854

215 500 308 554 20.
343 501 644 571 Σχολάσατε
674 505 768 558 καὶ
804 503 998 572 γνῶτε,
1033 503 1111 556 ὅτι
1137 502 1247 571 ἐγώ
1276 505 1389 573 είμι
1429 503 1456 554 6
1479 502 1628 565 Θεός.
1748 511 1787 565 Α

1778 535 1787 564 ι
1888 503 1978 558 20.
2009 503 2205 558 Vacate
2227 513 2279 558 et
2309 505 2622 574 cognoscite
2642 507 2899 576 quoniam
2934 523 3036 579 ego
3071 523 3190 564 sum
3218 507 3384 565 Deus.

215 594 308 647 9|.
351 593 732 668 ἰ’ψωθήσομαι
766 598 823 649 ὲν
849 599 959 660 τοῖς
992 596 1222 661 ἔθνεσιν,
1262 595 1623 666 ὑψωθήσομαι
1659 596 1717 646 ἐν

1659 596 1717 646 ἐν
1889 597 1979 650 21.
2005 595 2296 651 Exaltabor
2318 598 2370 651 in
2403 600 2676 668 gentibus,
2704 601 2982 655 exaltabor
3005 601 3056 655 in
3081 613 3246 657 terra.

167 687 544 844 ﬁgkdpw;
576 773 684 826 τῶν
711 772 991 843 δυνάμεων
1028 775 1144 844 μεθ’
1172 772 1326 845 ἡμῶν
1345 792 1360 806 ·

1286 776 1326 828 ὸν
1345 792 1360 806 ·
1885 775 1971 828 29..
2009 775 2269 831 Dominus
2293 777 2546 831 virtutum
2569 777 2853 833 nobiscum
2881 798 2892 833 :

208 867 305 919 25.
348 866 715 937 Ἀντιλήπτωρ
746 867 777 936 ἠ
789 865 904 934 μῶν
935 867 963 918 6
985 867 1115 930 Θεὸς
1165 867 1377 920 Ἰακώϐ.

1295 867 1377 920 b6.
1886 864 1973 917 25.
2013 862 2304 934 Susceptor
2330 877 2513 921 noster
2543 866 2684 922 Deus
2710 867 2901 923 Jacob.

119 981 250 1044 Εἰς
282 979 347 1032 τὸ
384 979 575 1044 τέλος,
617 977 768 1046 ὑπὲρ
807 977 926 1032 τῶν
972 979 1117 1032 υἱῶν
1156 980 1324 1048 Κορέ.
1364 983 1533 1036 ΨΑΛ.
1565 983 1713 1049 MQ".

1602 983 1713 1049 lg".
1992 976 2058 1029 In
2083 979 2260 1046 ﬁnem,
2319 995 2412 1048 pro
2437 980 2563 1048 ﬁliis
2589 978 2738 1035 Core.
2759 980 2969 1035 ‘PSAL.
3004 980 3098 1036 XL
3116 981 3208 1038 VI.

211 1091 264 1142 1.
296 1091 480 1143 Πάντα
504 1089 572 1142 τὰ
602 1089 749 1161 ἔθνη,
782 1091 1082 1160 κροτήσατε
1106 1094 1292 1163 χεῖρας
1315 1110 1328 1124 ·

1889 1083 1937 1135 1.
1970 1081 2170 1139 Omnes
2200 1096 2408 1157 gentes,
2443 1089 2684 1157 plaudite
2714 1092 2997 1159 manilius;

209 1184 267 1236 Ξ.
317 1183 638 1246 Ἀλαλάξατε
660 1183 737 1253 τῷ
766 1182 884 1254 Θεῷ
915 1185 970 1236 ὲν
994 1187 1142 1254 φωνῇ
1175 1184 1568 1253 ἀγαλλιάσεωςο

1415 1202 1568 1249 ςεωςο
1883 1175 1936 1226 2.
1976 1175 2209 1232 Jubilate
2244 1179 2352 1234 Deo
2378 1182 2427 1233 in
2463 1196 2592 1236 voce
2623 1185 3021 1252 exsultationis,

210 1275 268 1328 5.
301 1274 424 1326 Ὅτι
448 1276 652 1345 Κύριος
679 1274 920 1345 ὕψιστος,
950 1277 1198 1348 φοϐερὸς,

1884 1268 1934 1321 5.
1966 1268 2234 1334 Quoniam
2268 1271 2531 1328 Dominus
2562 1277 2829 1343 excelsus,
2861 1279 3137 1344 terribilis,

207 1365 266 1418 4.
294 1366 559 1430 Βασιλεὺς
589 1366 758 1436 μέγας
784 1368 874 1418 ἐπὶ
901 1369 1082 1420 πᾶσαν
1111 1367 1208 1438 τὴν
1230 1367 1356 1437 γῆν.

1883 1362 1935 1415 4.
1970 1359 2081 1415 Rex
2115 1379 2344 1432 magnus
2370 1380 2532 1434 super
2560 1384 2775 1422 omnem
2810 1379 3029 1425 terram.

210 1455 264 1508 5.
312 1456 574 1522 Ὑπέταξε
597 1456 755 1520 λαοὺς
789 1459 944 1528 ἡμῖν,
973 1457 1068 1510 καὶ
1103 1457 1227 1529 ἔθνη
1260 1459 1363 1511 ὑπὸ
1396 1460 1519 1523 τοὺς
1546 1459 1709 1524 πόδας

1883 1455 1933 1507 5.
1967 1454 2204 1524 Subjecit
2236 1458 2464 1527 populos
2510 1461 2692 1526 nobis,
2719 1471 2773 1516 et
2802 1472 2988 1532 gentes
3020 1463 3122 1518 sub
3153 1462 3384 1533 pedibus

116 1548 158 1614 ἡ
173 1546 324 1616 μῶν.

1813 1549 2035 1602 nostris.

207 1637 262 1689 6.
316 1635 626 1702 Ἐξελέξατο
659 1639 787 1708 ἡμῖν
814 1637 913 1702 τὴν
944 1639 1306 1710 κληρονομίαν
1337 1637 1533 1710 ἐαυτῷ,

1272 1657 1306 1692 ,ν
1337 1637 1533 1710 ἑαυτῷ,
1882 1639 1934 1691 6.
1966 1638 2136 1708 Elegit
2167 1640 2326 1697 nobis
2361 1643 2726 1700 lnereditatem
2753 1647 2878 1713 sibi,

206 1727 263 1780 7.
293 1729 404 1798 Τὴν
435 1728 691 1800 καλλονὴν
730 1729 942 1793 Ἰακὼϐ,
979 1732 1045 1799 ἣν
1074 1731 1379 1802 ἠγάπησεν.

1257 1747 1379 1801 γσεν.
1881 1731 1933 1785 7.
1966 1731 2210 1802 Speciem
2239 1732 2430 1802 Jacob,
2459 1753 2622 1805 quam
2656 1739 2863 1795 dilexit.

699 1839 1010 1909 Διάψαλμα
1037 1843 1136 1910 (a).
1735 1849 1780 1909 B

1735 1849 1780 1909 Β
2427 1849 2764 1920 Diapsalma.

203 1928 259 1982 8.
310 1930 504 2001 Ἀνέϐη
537 1933 564 1984 ὁ
587 1931 717 1994 Θεὸς
744 1933 800 1984 ὲν
833 1931 1132 2003 ἀλαλαγμῷ
1158 1951 1172 1965 ’

1116 1932 1172 1984 3-
1883 1935 1934 1987 8.
1970 1935 2227 1992 Ascendit
2258 1937 2399 1994 Deus
2431 1941 2484 1993 in
2511 1942 2722 2010 jubilo:

202 2021 260 2074 9.
294 2022 497 2092 Κύριος
525 2023 582 2075 ὲν
622 2025 770 2093 φωνῇ
802 2022 1124 2092 σάλπιγγος.

1059 2042 1124 2087 ig.
1880 2027 1932 2082 9.
1972 2029 2226 2086 Dominus
2260 2033 2311 2086 in
2342 2049 2473 2087 voce
2506 2036 2665 2089 tubae.

204 2110 297 2162 10.
332 2112 552 2164 Ψάλατε
581 2112 658 2182 τῷ
695 2113 810 2184 Θεῷ
843 2114 1019 2186 ήμῶν,
1041 2115 1244 2182 ψάλατε
1264 2130 1278 2146 ·

1264 2130 1278 2146 ο
1886 2117 1966 2170 10.
2001 2118 2213 2174 Psallite
2244 2121 2352 2176 Deo
2380 2136 2589 2190 nostro,
2617 2126 2827 2195 psallite
2855 2144 2866 2180 :

204 2203 298 2256 11.
324 2203 542 2256 Ψάλατε
577 2203 654 2274 τῷ
683 2204 888 2274 βασιλεῖ
916 2209 1090 2278 ἡμῶν,
1113 2207 1345 2276 ψάλατε·

1281 2223 1345 2259 τεο
1882 2213 1967 2262 11.
2007 2210 2228 2267 Psallite
2265 2216 2377 2283 regi
2418 2228 2625 2282 nostro,
2657 2219 2887 2286 psallite.

207 2293 298 2346 12.
334 2295 452 2347 Ὀτι
476 2294 723 2364 βασιλεὺς
753 2298 931 2367 πάσης
968 2299 1068 2370 τῆς
1106 2299 1210 2368 γῆς
1241 2300 1269 2352 6
1304 2299 1455 2362 Θεός·

1370 2300 1455 2362 ός·
1881 2300 1967 2354 12.
1997 2301 2262 2368 Quoniam
2298 2322 2388 2358 rex
2420 2309 2599 2363 omnis
2632 2319 2786 2364 terra:
2819 2309 2976 2376 Deus,

204 2387 295 2438 15.
321 2386 543 2440 Ψάλατε
572 2387 828 2450 συνετῶς.

1883 2394 1966 2447 15.
1996 2393 2215 2452 Psallite
2243 2399 2535 2467 sapienter.

201 2524 218 2577 ί
227 2525 298 2590 '3‘»
315 2525 384 2585 tu
424 2527 544 2579 cod.
582 2523 752 2579 Vatic.

1257 2614 1632 2671 ATHANASII
1668 2615 2259 2675 INTERPRETATIO.

199 2707 275 2761 20
327 2708 616 2763 ΙῙαῐδσασοε
651 2711 757 2764 ἀπὸ
789 2712 888 2782 τῆς
922 2713 1217 2784 ἁμαρτίας.

954 2713 1217 2784 ,μαρτίας.
1878 2713 1966 2768 20.
1996 2715 2217 2770 Cessate
2242 2733 2270 2771 a
2304 2721 2560 2786 peccatis.

200 2800 295 2853 2|.
323 2800 728 2873 Δοξασθὴσομαι
758 2804 815 2856 ὲν
853 2808 965 2868 τοῖς
991 2805 1189 2870 ἔθνεσι,
1224 2807 1316 2860 καὶ
1365 2808 1422 2858 ὲν
1470 2805 1549 2874 τῷ
1588 2805 1702 2876 λαῷ

1875 2805 1963 2859 21.
2001 2805 2356 2862 Gloriticabor
2387 2812 2437 2862 in
2466 2811 2734 2879 gentibus,
2767 2824 2822 2868 et
2853 2814 2905 2868 in
2939 2820 3138 2886 populo
3161 2817 3371 2876 Iudaeo-

120 2893 240 2944 τῶν
285 2892 554 2947 Ἰουδαίων
576 2894 688 2947 τῶν
717 2897 1080 2949 πιστευόντων
1114 2899 1194 2960 είς
1225 2898 1343 2966 ἐμέ.

902 2897 1080 2949 »όντων
1114 2899 1194 2960 είς
1225 2898 1343 2966 ὲμέ.
1808 2913 1928 2951 rum
1961 2898 2012 2951 in
2044 2915 2127 2953 me
2154 2902 2508 2956 credentium.

199 2984 292 3037 ‘22.
337 2985 394 3036 Ὁ
418 2983 767 3057 ὲξουσιαστὴς
801 2987 990 3040 πασῶν
1021 2988 1127 3042 τῶν
1168 2987 1501 3059 ἐπουρανίων
1538 2987 1693 3042 δυνά-

1880 2990 1972 3043 22.
2008 2990 2322 3048 Dominator
2353 2997 2597 3050 omnium
2631 2999 3098 3067 supercaalestium
3133 3016 3370 3072 potesta-

125 3093 283 3144 μεων
313 3074 434 3145 μεθ’
462 3076 616 3146 ἡμῶν
645 3078 738 3129 ἐπὶ
767 3078 863 3146 τῆς
893 3079 993 3149 γῆς
1023 3078 1454 3150 ἀναστρέφεσθαι
1491 3079 1695 3149 μέλλει.

1241 3078 1454 3147 ἕψεσθαι
1491 3079 1695 3149 μέλλει.
1733 3135 1769 3150 Α
1804 3090 1915 3136 tum
1948 3084 2230 3139 nobiscum
2269 3087 2320 3140 in
2350 3095 2494 3142 terra
2520 3090 2847 3145 versabitur.

196 3167 290 3218 25.
313 3135 699 3237 ,Ἀντιλιήπτωρ
901 3135 1158 3241 υπάρχων
1175 3135 1209 3224 ὁ.
1225 3135 1374 3234 Θεὸς,
1403 3172 1431 3224 6
1451 3135 1519 3224 τά
1542 3171 1700 3241 ἑσχα-
1728 3135 1770 3192 c

1763 3138 1770 3192 ί
1873 3171 1962 3224 25.
1989 3171 2280 3242 Susceptor
2301 3185 2484 3231 noster
2506 3179 2777 3234 exsistens
2799 3181 2963 3248 Deus,
2987 3184 3080 3254 qui
3103 3195 3369 3254 postrema

122 3270 194 3306 τα
218 3253 315 3306 τοῦ
353 3254 556 3325 κόσμου
609 3256 928 3326 συναγαγὼν
980 3262 1116 3330 πρὸς
1152 3260 1339 3313 ἑαυτὸν
1395 3262 1693 3324 παντελῶς.

1804 3259 1990 3311 mundi
2022 3259 2086 3312 ad
2132 3276 2190 3314 se
2231 3264 2405 3330 ipsum
2451 3278 2760 3338 congregat.
2794 3269 2961 3325 Iacob
3008 3253 3153 3328 enim
3201 3276 3368 3332 inter-

133 3345 352 3399 Ἰακὼὸ
376 3346 482 3418 γὰρ
505 3348 864 3419 ἑρμηνεύεται
894 3351 1124 3419 κρατῶν
1148 3352 1398 3420 ἔσχατα.

951 3351 1124 3405 >ατῶν
1148 3352 1398 3420 ἔσχατα.
1802 3359 2042 3418 pretatur
2073 3363 2332 3420 postrema
2363 3364 2557 3410 tenens.

211 3458 281 3511 Ἦ
311 3460 643 3532 προκειμένη
673 3463 949 3534 ἐπιγραφὴ
981 3466 1222 3536 περιέχει
1251 3467 1325 3535 (1)
1348 3484 1359 3494 ·
1392 3466 1494 3530 Εἰς
1528 3463 1593 3517 τὸ
1625 3463 1818 3530 τέλος,
1848 3450 2000 3534 ὑπὲρ
2038 3464 2154 3519 τῶν
2181 3467 2327 3521 υἱῶν
2369 3469 2523 3539 Κορὲ
2553 3476 2827 3543 ψαλμόςο
2858 3480 3156 3546 τουτέστιν,
3194 3483 3273 3546 είς
3311 3483 3368 3536 τὸ

123 3547 283 3610 τέλος
306 3548 414 3603 τῶν
448 3550 655 3621 καιρῶν
685 3551 822 3621 ὑπὲρ
847 3552 954 3604 τῶν
983 3553 1114 3606 υἱῶν
1144 3555 1241 3625 τῆς
1275 3553 1582 3621 ἀντιλογίας
1607 3553 1713 3606 τῶν
1739 3556 2173 3624 ἐπιστρεφόντων
2212 3558 2287 3629 (2)
2311 3560 2339 3611 6
2359 3561 2570 3633 ψαλμὸς
2593 3565 2824 3637 εἴρηται.

199 3663 419 3719 Titulus
448 3664 741 3734 inscriptus
769 3667 1040 3722 continet:
1067 3666 1133 3721 In
1164 3671 1340 3739 ﬁnem,
1366 3687 1458 3740 pro
1484 3670 1611 3741 ﬁliis
1655 3668 1787 3724 Core
1818 3671 2074 3737 psalmus.
2107 3671 2220 3727 Hoc
2250 3683 2334 3728 est
2365 3676 2419 3728 in
2454 3677 2558 3732 ﬁne
2587 3689 2890 3751 temporum
2942 3701 3042 3755 pro
3070 3688 3194 3746 ﬁliis
3244 3705 3364 3747 con-

122 3755 472 3810 tradictionis
502 3772 560 3812 se
590 3761 1032 3816 convertentibus
1061 3763 1302 3832 psalmus
1334 3764 1516 3820 dictus
1544 3770 1647 3818 est.

198 3850 253 3904 1.
304 3849 653 3918 ’Δγαλλιᾶσθε
677 3856 797 3916 ταῖς
819 3854 1084 3926 καρδίαις.

917 3854 1084 3919 δδίαις.
1869 3858 1916 3910 1.
1945 3857 2209 3914 Cordibus
2238 3861 2523 3917 exsultate.

195 3941 256 3994 2.
293 3941 562 4006 Δοξὰσατε
601 3943 781 3995 αὐτόν.

1861 3948 1916 4003 2.
1943 3947 2249 4006 Gloriﬁcate
2270 3967 2412 4007 eum.

196 4031 255 4082 5.
289 4030 401 4082 Οὐκ
467 4030 546 4083 ἔτι
613 4034 666 4084 αἱ
713 4033 951 4102 ὲπίγειαι
1013 4036 1270 4108 δυνάμεις
1324 4037 1696 4109 βασιλεύουσιν

1863 4038 1912 4091 5.
1945 4037 2062 4094 Non
2101 4043 2334 4111 amplius
2385 4053 2611 4098 terrena:
2657 4056 2952 4115 potestates
2996 4053 3154 4108 nobis
3187 4055 3356 4112 domi-

124 4121 312 4191 ἡμῶν.

1794 4140 2008 4184 nantur.

187 4213 247 4267 4.
292 4211 452 4266 Ἀλλὰ
482 4212 753 4284 βασιλεύει
791 4217 972 4287 πάσης
1015 4218 1111 4288 τῆς
1161 4218 1259 4289 γῆς
1297 4222 1325 4272 6
1363 4220 1623 4291 "mmo;
1665 4224 1693 4274 ὁ

1867 4221 1920 4274 4.
1949 4219 2050 4274 Sed
2094 4222 2339 4278 excelsus
2381 4237 2428 4279 et
2470 4228 2722 4285 terribilis
2776 4243 2965 4303 regnat
3005 4235 3057 4290 in
3107 4238 3353 4294 universa

123 4303 380 4376 φοϐερός.

355 4323 380 4363 μ
1797 4319 1961 4364 terra.

192 4394 252 4447 5.
281 4395 521 4450 Ἔδωκεν
543 4398 675 4469 ἡμῖν
698 4398 945 4464 ἐξουσίαν
970 4402 1159 4456 πατεῖν
1185 4403 1367 4456 ἐπάνω
1394 4403 1568 4473 ὄφεων
1596 4405 1690 4459 καὶ

1867 4404 1919 4457 5.
1957 4403 2280 4460 Potestatem
2333 4409 2487 4465 nobis
2515 4412 2660 4468 dedit
2694 4417 3002 4474 ambulandi
3039 4437 3201 4489 super
3243 4442 3348 4480 ser-

125 4486 427 4558 σκορπίων,
459 4488 552 4542 καὶ
579 4490 674 4544 ἐπὶ
718 4493 896 4547 πᾶσαν
920 4494 1018 4564 τὴν
1056 4494 1281 4565 δύναμιν
1312 4493 1404 4546 τοῦ
1443 4493 1653 4572 ἐχθροῦ.
1722 4554 1731 4607 1

1741 4555 1766 4607 )
1797 4504 1981 4563 pentes
2014 4505 2068 4550 et
2111 4500 2446 4568 scorpiones,
2489 4513 2540 4557 et
2570 4521 2731 4574 super
2780 4523 2994 4565 omnem
3037 4486 3347 4583 potestatem

1794 4586 1998 4639 inimici
2031 4589 2094 4643 “.

195 4666 256 4722 6.
281 4669 420 4733 Τοὺς
453 4670 640 4739 ἁγίους
663 4672 989 4736 ἀποστόλους
1019 4672 1316 4740 ἐξελέξατο.

1075 4674 1316 4740 ξελέξατο.
1864 4679 1916 4732 6.
1949 4677 2118 4750 Elegit
2147 4696 2360 4739 sancms
2387 4688 2681 4755 apostolos,

189 4758 252 4812 7.
294 4760 406 4814 Καὶ
431 4759 523 4825 οὓς
556 4763 839 4833 ἠγάπησεν
871 4766 935 4817 ὲκ
959 4763 1053 4817 τοῦ
1081 4764 1209 4818 λαοῦ
1255 4765 1518 4819 Ἰουδαίων
1554 4767 1648 4836 (5).

1463 4783 1518 4819 υν
1554 4767 1648 4836 (5).
1863 4770 1911 4824 7.
1944 4771 2010 4826 Et
2031 4790 2169 4843 quos
2201 4777 2386 4830 dilexit
2417 4779 2482 4833 de
2510 4784 2706 4850 populo
2739 4782 3069 4842 Judazorum.

190 4851 254 4905 8.
289 4852 396 4923 Τὴν
423 4853 684 4925 ἀνάληψιν
711 4855 857 4925 λέγει
887 4855 980 4909 τοῦ
1014 4856 1146 4910 Θεοῦ
1177 4859 1374 4926 Λόγου.

1863 4864 1915 4917 8.
1951 4866 2388 4937 Assumptionem
2423 4873 2690 4942 signiﬁcat
2724 4876 2812 4930 Dei
2841 4878 3020 4933 Verbi.

186 4944 250 4997 9.
284 4944 644 5016 Δοξαζόμενος
671 4947 774 5000 ὑπὸ
803 4948 909 5001 τῶν
930 4949 1098 5018 ἁγίων
1125 4951 1431 5021 δυνάμεων.

1314 4970 1431 5006 εων.
1862 4956 1911 5008 9.
1947 4955 2290 5016 Gloriticatus
2319 4978 2346 5014 a
2375 4965 2576 5019 sanctis
2607 4967 2920 5027 virtutibus.

194 5032 288 5085 10.
325 5032 432 5084 Καὶ
459 5035 619 5104 ἡμεῖς
644 5035 734 5089 ἐπὶ
767 5037 868 5106 γῆς
892 5037 1184 5109 δοξάσομεν
1215 5041 1402 5097 αὐτόν.

1869 5049 1951 5104 10.
1977 5049 2042 5103 Ει
2068 5067 2166 5106 nos
2193 5055 2614 5123 gloriﬁcabimus
2643 5076 2763 5116 eum
2795 5064 2845 5116 in
2879 5073 3035 5119 terra.

193 5124 282 5176 11.
321 5121 410 5194 Τῷ
442 5125 548 5195 πρὸ
577 5126 807 5181 αίὼνων.

1863 5142 1947 5194 11.
1983 5143 2111 5214 Regi
2135 5121 2260 5201 ante
2290 5151 2505 5205 saecula.

190 5210 284 5268 19..
323 5215 381 5266 '0
421 5213 667 5284 βασιλεύς
696 5217 841 5270 ἐστιν
865 5218 943 5287 (1)
974 5220 1056 5288 ἐφ’
1090 5222 1257 5292 ἡμᾶς.

941 5241 943 5264 ι
1090 5222 1257 5292 ἡμᾶς.
1869 5232 1954 5286 12.
1990 5210 2103 5288 Rei;
2132 5247 2214 5292 est
2242 5255 2404 5310 super
2429 5259 2547 5298 nos.

190 5305 217 5354 1
232 5302 284 5356 5.
319 5301 586 5368 Δοξάσατε
605 5306 764 5361 αὐτὸν
790 5309 847 5360 ὲν
869 5308 1116 5380 ἀληθείᾳ.

188 5414 240 5446 ⁸⁸
270 5411 403 5469 an.
431 5431 486 5481 ι,
527 5416 611 5472 19.

1867 5325 1951 5377 15.
1985 5328 2292 5387 Gloriticate
2322 5349 2444 5389 eum
2481 5338 2532 5388 in
2562 5339 2804 5396 veritate.

1066 5540 1370 5604 Addenda
1395 5549 1454 5605 et
1485 5545 1858 5626 corrigenda
1889 5571 1967 5615 ex
2017 5561 2156 5621 cod.
2198 5561 2399 5624 Vatic.

188 5628 266 5728 (ἐξ
305 5628 1158 5728 περ.
1214 5713 1264 5728 Μ
1313 5715 1337 5726 _
1440 5717 1464 5728 _
1575 5720 1628 5728 __
1861 5660 1934 5726 (5)
1960 5660 2023 5713 Ν.
2067 5664 2115 5716 7.
2167 5665 2260 5717 Ἐκ
2295 5666 2388 5719 τοῦ
2421 5668 2550 5721 λαοῦ
2580 5670 2689 5724 τῶν
2733 5672 3020 5728 Ἰουδαίων.

151 5698 812 5804 ἱβζιῑὲντριλογίαςὶλέγω
830 5698 894 5780 δὴ
922 5698 1058 5783 ὑπὲρ
1078 5698 1181 5767 τῶν
1211 5713 1378 5770 ἐθνῶν
1398 5717 1503 5772 τῶν
1539 5720 1671 5773 υἱῶν
1960 5698 2086 5786 λῦτι.
2419 5698 2559 5799 ,A

151 5771 216 5796 __
440 5773 450 5788 ,
615 5775 638 5786 η
747 5771 754 5774 _
883 5771 894 5780 ,
1028 5771 1039 5783 ,
1487 5771 1492 5772 ν
1548 5771 1557 5772 κ
1859 5771 1929 5800 ν,
1989 5771 2407 5810 cupa-“mu,”

123 5782 213 5837 τη,
247 5771 539 5840 ἁμαρτιας,
574 5792 679 5829 των
703 5780 913 5844 ὲπιστρ.
