4068 6318
653 340 761 397 833
1454 339 1511 394 S.
1552 335 1924 393 ATHA’NASII
1964 334 2116 391 OPP.
2148 332 2259 388 PA!

2326 368 2327 373 η
2367 330 2459 387 Ill.
2496 360 2565 371 —
2604 330 3016 386 EXEGETECA.
3827 334 3932 384 855

725 460 811 512 14.
844 457 1107 528 Regnavit
1140 457 1281 512 Deus
1304 473 1466 527 super
1493 466 1715 528 gentes;
2256 459 2300 512 Α

2256 459 2300 512 Α
2404 449 2486 502 14.
2535 447 2910 499 Ἑτασίλευσεν
2943 451 2971 500 ὁ
3004 446 3135 509 Θεὸς
3167 447 3259 499 ἐπὶ
3280 447 3345 500 τὰ
3378 448 3529 518 ἔΟνησ

728 551 810 604 15.
850 550 991 605 Deus
1024 550 1175 604 sedet
1206 565 1372 618 super
1404 550 1582 603 sedem
1613 557 1854 602 sanetam
1881 561 2061 600 suam.

2404 539 2483 591 15.
2522 539 2577 589 ὐ
2608 538 2738 599 Θεὸς
2765 537 2996 606 κάθηται
3021 538 3112 590 ἐπὶ
3136 537 3322 607 Θρόνου
3346 539 3501 605 ἁγίου
3530 540 3735 591 αὐτοῦ.

723 642 805 694 16.
836 640 1111 711 Principes
1135 644 1456 713 populomm
1483 641 1792 711 congregati
1821 649 1947 693 sunt.
1976 653 2097 690 cum
2117 636 2225 689 Deo

2400 630 2481 681 16.
2519 631 2808 699 Ἄρχοντες
2858 628 3001 681 λαῶν
3051 628 3392 698 συνήχθησαν
3445 630 3583 699 μετά
3640 630 3752 682 τοῦ
3788 628 3929 681 Θεοῦ

657 734 933 785 Abraham
963 752 976 787 :

2341 720 2587 791 Ἀϐραάμ
2608 738 2619 749 ·

726 826 812 878 17.
844 827 1107 891 Quoniam
1140 829 1230 882 Dei
1270 828 1438 883 fortes
1466 835 1622 881 terra:
1654 824 1995 878 vehementer
2034 818 2221 874 elevati

2400 813 2484 864 17.
2513 813 2632 864 Ὅτι
2653 812 2744 864 τοῦ
2761 810 2894 863 Θεοῦ
2918 812 2967 864 οἱ
2992 812 3245 883 κραταιοὶ
3266 811 3362 882 τῆς
3383 812 3484 881 γῆς
3506 812 3724 882 σφόδρα
3746 812 3928 883 ἐπήρ-

654 928 801 974 sunt.
2329 904 2522 974 075m”

792 1028 1036 1085 Psalmus
1061 1028 1250 1079 cantici
1273 1025 1397 1093 [iliis
1417 1022 1567 1086 Core,
1598 1022 1824 1075 secunda
1856 1021 2098 1077 Sabbuli.
2333 1020 2398 1070 Ψι

2333 1016 2572 1085 Ψαλμὸς
2600 1016 2757 1084 ᾠδῆς
2783 1017 2905 1082 τοῖς
2930 1017 3079 1084 υἱοῖς
3106 1018 3280 1085 Κορὲ,
3300 1019 3543 1088 δευτέρᾳ
3567 1019 3922 1073 Σαϐϐἀτσιπ.

1217 1113 1415 1169 PSAL.
1453 1110 1696 1166 XLVII.

1684 1152 1696 1164 .
2933 1112 3105 1165 ΨΑΛ.
3145 1114 3279 1163 MZ'.

728 1216 773 1265 1.
802 1212 1024 1280 Magnus
1049 1210 1326 1272 Dominus,
1351 1217 1403 1261 et
1434 1204 1718 1259 laudabilis
1742 1202 1925 1267 nimis,

2402 1198 2445 1248 l.
2488 1198 2673 1265 Μέγας
2706 1197 2927 1268 Κύριος,
2954 1199 3046 1251 καὶ
3074 1199 3282 1262 αἰνετδς
3318 1200 3536 1270 σφόδρα,

2435 1332 2445 1342 .
2474 1291 2560 1341 Ἐν
2589 1291 2739 1341 πόλει
2768 1290 2861 1342 τοῦ
2894 1289 3027 1341 Θεοῦ
3059 1291 3234 1359 ἡμῶν,
3266 1294 3321 1343 ὲν
3353 1293 3467 1361 ὄρει
3501 1293 3646 1360 ἁγίῳ
3671 1290 3883 1345 αὐτοῦ.

2432 1418 2444 1430 .
2490 1378 2701 1448 Εὐρίζῳ
2732 1378 3095 1449 ἁγαλλιάματι
3123 1380 3304 1451 πάσης
3333 1383 3427 1450 τῆς
3455 1384 3588 1452 γῆς·

2433 1508 2445 1520 .
2465 1469 2601 1538 Ὀρη
2635 1467 2772 1521 Σιὼν
2802 1469 2869 1520 τά
2893 1469 3099 1541 πλευρὰ
3131 1471 3225 1522 τοῦ
3255 1471 3442 1542 βορρᾶ,

724 1306 775 1358 2.
812 1308 870 1358 In
906 1303 1122 1357 civitate
1151 1300 1243 1353 Dei
1281 1301 1475 1358 nostri,
1507 1299 1559 1351 in
1594 1305 1778 1349 monte
1805 1304 1996 1349 sancto
2022 1296 2159 1365 ejus.

723 1399 772 1451 5.
808 1396 948 1450 Bene
977 1394 1196 1449 fundata
1225 1391 1585 1447 exsultatione
1611 1390 1881 1443 universzn
1915 1398 2071 1442 teme
2103 1408 2117 1454 ;

725 1491 779 1542 4.
810 1487 1018 1541 Montes
1052 1486 1182 1539 Sion
1214 1487 1381 1538 latera
1418 1480 1710 1552 aquilonis,

722 1580 776 1634 5.
808 1577 1013 1630 Civitas
1047 1574 1186 1644 regis
1211 1573 1412 1643 magni.

2392 1561 2443 1614 5.
2472 1561 2533 1612 ἸΙ
2563 1561 2712 1625 πόλις
2747 1562 2839 1614 τοῦ
2875 1562 3137 1631 βασιλέως
3168 1563 3261 1616 τοῦ
3295 1566 3548 1635 μεγάλου.

725 1664 779 1717 6.
812 1663 952 1717 Deus
983 1663 1033 1715 in
1069 1660 1320 1715 domibus
1341 1660 1459 1729 ejus
1480 1658 1852 1728 cognoscitur,

2392 1652 2444 1703 6.
2470 1652 2527 1703 '0
2560 1652 2692 1710 Θεὸς
2720 1654 2777 1705 ἐν
2810 1656 2928 1715 ταῖς
2955 1652 3178 1724 βάρεσιν
3208 1653 3380 1723 αὐτῆς
3403 1655 3766 1724 γινώσκεται.

730 1755 782 1805 '7.
817 1754 953 1807 Cum
988 1752 1239 1820 suscipiet
1275 1748 1550 1821 [suscipit]
1586 1764 1732 1804 eam.

2394 1745 2443 1794 7.
2462 1745 2627 1796 Ὅταν
2658 1746 3124 1816 ἀντιλαμϐάνηται
3148 1747 3649 1824 [ἀντιλαμϐάνεται]
3674 1754 3882 1825 αὐτῆς.

724 1840 776 1898 8.
810 1842 1073 1909 Quoniam
1096 1859 1221 1897 ecce
1252 1858 1404 1912 reges
1435 1851 1592 1895 terr-.e
1621 1840 1934 1912 congregati
1966 1848 2113 1903 sunt,
2255 1825 2294 1878 Β

2054 1848 2113 1903 ιι,
2255 1825 2294 1878 Β
2394 1835 2589 1887 8.”Οτι
2624 1836 2732 1887 ἰδοὺ
2766 1837 3005 1905 βασιλεῖς
3034 1838 3132 1908 τῆς
3161 1840 3261 1908 γῆς
3297 1842 3660 1913 συνήχθησαν,

2392 1290 2426 1341 ‘2.

2392 1380 2425 1431 5

2395 1469 2426 1521 4

2392 1561 2424 1614 5

2392 1652 2425 1703 6

2394 1743 2423 1793 7

725 1940 778 1990 9.
818 1936 1195 1991 Convenerunt
1227 1936 1278 1988 in
1314 1950 1502 1988 unum.

2401 1925 2451 1979 9.
2493 1926 2788 1995 Διήλϐοσαν
2812 1927 2903 1979 ἐπὶ
2932 1929 2991 1980 τὸ
3015 1929 3162 1984 αύτό.

729 2029 816 2083 10.
847 2027 948 2096 Ipsi
976 2028 1221 2081 videntes
1244 2026 1323 2079 sic
1354 2023 1606 2078 admirati
1643 2031 1791 2077 sunt.

2402 2018 2486 2071 10.
2528 2019 2687 2071 Αὐτοὶ
2729 2019 2925 2082 ἰδόντες
2949 2019 3120 2084 οὕτως
3158 2022 3491 2093 ἐθαύμασαν,

734 2120 819 2173 11.
856 2118 1174 2172 Conturbati
1215 2127 1360 2180 sunt,
1391 2115 1644 2171 commoti
1689 2122 1849 2177 sunt,
1880 2122 2084 2167 tremor
2129 2127 2225 2182 ap-

2404 2111 2487 2164 11.
2514 2111 2945 2182 Ἐταράχοησαν,
2969 2114 3362 2185 ὲσαλεύθησαν,
3391 2119 3584 2188 τρόμος
3608 2118 3921 2173 ἐπελάϐετο

660 2212 943 2282 prehendit
975 2226 1092 2266 eos.

927 2222 943 2263 ι
975 2226 1092 2266 (ξοδ,
2333 2200 2532 2255 αὐτῶν.

732 2303 814 2355 Η.
851 2301 921 2354 lbi
956 2302 1169 2356 dolores
1193 2312 1252 2354 ut
1281 2298 1666 2370 parturientis:

2404 2292 2488 2345 12.
2518 2292 2663 2343 Ἐκεῖ
2694 2292 2881 2356 ὠδῖνες
2904 2294 2979 2356 ὡς
3012 2295 3332 2366 τικτούσης·

728 2398 812 2448 13.
850 2394 904 2448 In
931 2396 1124 2464 spiritu
1150 2393 1454 2449 vehementi
1495 2400 1747 2446 conteres
1783 2402 1946 2441 naves
1977 2385 2220 2442 Tharsis.

2401 2384 2486 2437 13.
2514 2385 2601 2435 ‘Ev
2626 2383 2893 2454 πνεύματι
2920 2385 3077 2456 βιαίῳ
3105 2389 3415 2459 συντρίῲεις
3437 2390 3591 2445 πλοῖα
3610 2394 3882 2464 Θαρσεῖς.

723 2490 813 2541 Η.
851 2487 1005 2541 Sicut
1036 2486 1366 2547 audivimus,
1392 2484 1470 2539 sic
1498 2492 1551 2537 et
1581 2482 1853 2536 vidimus:

2402 2476 2487 2529 14.
2530 2475 2793 2546 Καθάπερ
2819 2475 3153 2548 ἠκούσαμεν,
3183 2480 3324 2532 οὕτω
3347 2484 3440 2535 καὶ
3466 2484 3684 2555 εἴδομεν
3708 2502 3723 2515 ο

1777 2568 2155 2627 ATHANASII
2191 2567 2783 2623 INTERPRETATIO.

732 2668 813 2720 14.
851 2667 1183 2722 Convertens
1206 2681 1395 2721 eorum
1426 2667 1812 2737 captivitatem.

2406 2662 2493 2715 14.
2532 2660 2893 2730 Ἐπιστρέψας
2925 2661 2999 2731 (1)
3023 2664 3200 2716 αὐτῶν
3222 2665 3320 2737 τὴν
3340 2668 3736 2738 αἰχμαλωσίαν.

730 2759 815 2812 15.
849 2760 895 2811 Α
923 2759 1128 2814 dextris
1156 2759 1332 2813 Patris

2409 2752 2495 2807 15.
2544 2754 2638 2805 Ἐκ
2656 2752 2845 2815 δεξιῶν
2876 2754 2970 2806 τοῦ
3005 2755 3236 2824 Πατρός.

731 2850 817 2903 16.
850 2849 1094 2920 Δροειοιεί
1127 2865 1249 2904 cum
1278 2848 1529 2905 Domino.

2412 2844 2492 2898 16.
2523 2845 2585 2896 Οἱ
2620 2844 2911 2897 ἀπόστολοι
2938 2846 3076 2916 μετὰ
3094 2846 3188 2899 τοῦ
3222 2848 3425 2918 Κυρίου
3458 2848 3553 2918 (2).

735 2942 819 2995 17.
849 2943 1117 3010 Quoniam
1144 2943 1301 2997 electi
1328 2941 1421 2995 Dei
1453 2942 1682 2995 multum
1708 2940 2003 2995 confortati
2028 2949 2169 2995 sunt

2408 2937 2493 2988 17.
2525 2936 2647 2988 ’Ὁτι
2668 2937 2716 2988 οἱ
2749 2936 2995 2989 ἐκλεκτοὶ
3017 2937 3111 2989 τοῦ
3136 2937 3271 2991 Θεοῦ
3299 2941 3438 2993 πάνυ
3466 2940 3781 3011 ἐνίσχυσαν.

740 3056 805 3108 Ἦ
843 3056 1176 3127 προκειμένη
1206 3056 1487 3127 ἐπιγραφὴ
1514 3056 1760 3128 περιέχει
1791 3056 1869 3126 (ὅ)
1897 3073 1912 3086 ·
1958 3055 2203 3125 Ψαλμὸς
2228 3052 2386 3120 ᾠδῆς
2420 3050 2543 3115 τοῖς
2577 3051 2727 3115 υἱοῖς
2759 3050 2861 3119 (4),
2889 3050 3135 3118 δευτέρῃ
3164 3052 3484 3109 Σαϐϐἀτου.
3509 3052 3683 3107 Τοῦτο
3715 3050 3817 3107 οὖν
3843 3054 3920 3107 λέ·

664 3163 747 3218 γει
776 3148 805 3200 ὁ
831 3146 1041 3217 ψαλμδς
1066 3147 1164 3218 τῆς
1191 3146 1333 3217 ᾠδῆς
1356 3146 1560 3218 ταύτης
1596 3147 1723 3217 περὶ
1751 3146 1868 3200 τῶν
1897 3145 2044 3200 υἱῶν
2076 3146 2173 3215 τῆς
2203 3141 2559 3202 ἀναπαύσεως
2588 3139 2687 3209 (5).
2716 3139 2873 3205 Λέγω
2894 3138 2956 3210 δὴ
2992 3139 3127 3209 μετὰ
3154 3139 3213 3191 τὸ
3239 3140 3335 3212 τὴν
3360 3142 3538 3213 κρίσιν
3561 3143 3822 3211 γενέσθαι
3842 3146 3918 3204 εἰς

666 3242 758 3313 τὴν
782 3241 1036 3314 δευτέραν
1061 3241 1154 3295 τοῦ
1186 3242 1393 3313 Κυρίου
1423 3242 1499 3312 (6)
1527 3243 1899 3295 κατάπαυσιν.
1935 3239 2237 3293 Σὰϐὄιιτον
2258 3236 2368 3307 γὰρ
2394 3233 2772 3298 κατάπαυσις
2798 3232 2875 3303 (7)
2904 3230 3281 3302 ἑρμηνεύεται.

732 3336 947 3392 Titulus
982 3337 1277 3405 inscriptus
1310 3338 1554 3391 continet
1584 3354 1596 3389 :
1634 3334 1882 3389 Psalmus
1916 3334 2107 3387 cantici
2139 3332 2288 3400 ﬁliis,
2316 3330 2545 3384 secunda
2577 3326 2817 3381 Sabbati.
2846 3324 2960 3380 Hoc
2991 3326 3153 3395 igitur
3177 3324 3467 3393 signiﬁcat,
3488 3326 3635 3395 quod
3670 3329 3917 3401 psalmus

664 3431 862 3485 cantici
896 3430 1058 3498 hujus
1095 3429 1309 3482 canitur
1338 3430 1404 3483 de
1436 3428 1565 3497 ﬁliis
1601 3429 1879 3497 requietis.
1916 3429 2049 3483 Dico
2088 3434 2269 3480 autem
2321 3432 2673 3491 posteaquam
2719 3420 2985 3490 judicium
3022 3419 3225 3475 factum
3270 3416 3453 3484 fuerit,
3482 3434 3611 3475 cum
3646 3419 3917 3476 Dominus

664 3519 904 3574 secundo
934 3518 1258 3588 requieverit
1287 3537 1300 3573 :
1334 3518 1624 3575 Sabbatum
1651 3522 1796 3577 enim
1829 3522 2027 3592 requies
2063 3521 2468 3589 interpretatur.

738 3654 787 3707 1.
817 3638 1077 3709 Mirabilis
1099 3662 1183 3709 est
1207 3664 1259 3710 et
1285 3656 1646 3727 gloriﬁcatus,
2257 3672 2301 3731 C

2257 3672 2301 3731 ς
2406 3654 2455 3703 1.
2497 3648 2819 3719 Θαυμαστός
2848 3650 2964 3701 ἐστι
2993 3649 3090 3702 καὶ
3122 3648 3529 3719 δεδοξασμένος,

733 3744 787 3799 2.
815 3743 870 3798 In
897 3761 1129 3814 superna
1153 3744 1481 3802 Jerusalem.

2408 3742 2461 3792 2.
2506 3741 2599 3802 Εἰς
2625 3740 2726 3809 τὴν
2752 3739 2863 3792 ἄνω
2903 3738 3274 3810 Ἰερουσαλήμ.

731 3836 787 3889 5.
818 3835 1071 3890 Gaudens
1103 3836 1207 3889 [ide
1234 3838 1503 3905 gentium.

2408 3833 2460 3886 ’5.
2501 3832 2719 3902 Χαίρων
2751 3833 2843 3884 ἐπὶ
2873 3834 2938 3902 τῇ
2974 3830 3152 3884 πίστει
3184 3832 3292 3884 τῶν
3321 3829 3510 3885 ἐθνῶν.

737 3929 791 3982 Δ.
823 3928 1033 3995 Quibus
1080 3942 1238 3986 antea
1282 3932 1529 3988 diabolus
1585 3933 1873 3998 illudebat,
1904 3934 2058 3991 electi
2112 3944 2240 3991 sunt

2408 3930 2458 3982 4.
2502 3930 2595 3992 Εἰς
2620 3928 2712 3992 οὓς
2740 3929 2803 3982 ἂν
2825 3929 3085 3983 ἐπαίσατο
3111 3930 3172 3981 τὸ
3197 3930 3270 3999 (8)
3302 3928 3568 4000 πρότερον
3594 3932 3625 3984 ὁ
3650 3930 3909 3995 διάϐολος,

666 4035 728 4073 su
739 4034 921 4088 perna:
944 4018 1265 4077 Jerusalem.

2337 4017 2580 4068 ἐκλεκτοί
2609 4019 2712 4068 εἰσι
2736 4016 2835 4084 τῆς
2862 4018 2973 4069 ἄνω
3012 4017 3380 4088 Ἰερουσαλήμ.

736 4112 770 4165 5
820 4110 1063 4166 Ecclesia
1095 4113 1186 4166 Dei
1224 4113 1396 4167 nostri
1428 4112 1557 4167 Jesu
1590 4115 1814 4169 Christi.

2411 4110 2461 4160 5.
2488 4109 2553 4159 ἸΙ
2585 4107 2873 4178 Ἐκκλησία
2905 4107 2997 4160 τοῦ
3025 4109 3158 4161 Θεοῦ
3188 4108 3338 4179 ἡμῶν
3372 4108 3545 4179 Ἰησοῦ
3581 4110 3837 4182 Χριστοῦ.

732 4202 790 4263 6.
821 4204 871 4258 7.
900 4203 1042 4259 Deus
1069 4205 1122 4258 in
1151 4205 1356 4260 sanctis
1381 4208 1498 4276 ejus
1528 4207 1939 4263 manifestatur.

2409 4199 2459 4261 6,
2500 4199 2545 4251 7.
2583 4199 2639 4251 '0
2665 4198 2795 4261 Θεὸς
2825 4201 2882 4251 ὲν
2906 4203 3016 4264 τοῖς
3045 4201 3219 4268 ἁγίοις
3247 4200 3416 4271 αὐτῆς
3449 4200 3525 4273 (9)
3556 4202 3906 4274 φανεροῦται.

743 4294 797 4350 8.
824 4295 1091 4364 Apostoli.
2410 4290 2462 4341 8.
2506 4292 2566 4342 Οἱ
2595 4288 2905 4344 ἀπόστολοι.

741 4385 793 4438 9.
823 4386 902 4438 Ad
933 4386 1358 4453 prmdicandum.

2411 4379 2462 4433 9.
2505 4364 2596 4440 Ε’ἰς
2625 4378 2685 4430 τὸ
2716 4379 2973 4449 κήρυγμα
2998 4377 3128 4447 (10).

744 4477 830 4531 10.
870 4478 1140 4544 Quoniam
1166 4480 1219 4534 in
1256 4481 1412 4536 terris
1444 4483 1719 4552 apparuit.

1616 4483 1719 4538 uit.
2411 4470 2497 4524 10.
2517 4470 2637 4521 ’Ὁτι
2664 4470 2755 4520 ἐπὶ
2791 4470 2889 4539 τῆς
2919 4470 3025 4538 γῆς
3048 4468 3222 4541 ὤφθη.

743 4571 832 4624 11.
859 4570 1096 4639 Populus
1120 4571 1450 4628 Judreorum.

2412 4563 2498 4615 11.
2530 4561 2586 4613 Ὀ
2616 4562 2743 4624 λαὸς
2774 4560 2881 4613 τῶν
2922 4560 3208 4614 Ἰουδαίων.

743 4662 830 4715 19..
864 4662 916 4714 In
951 4678 1221 4733 synagoga
1253 4663 1600 4738 ,Ιιιιὶςιιοιηυιιι⁸

2411 4650 2497 4704 12.
2524 4650 2611 4702 Ἐν
2636 4653 2700 4722 τῇ
2730 4652 3015 4722 συναγωγῇ
3046 4651 3153 4704 τῶν
3184 4651 3466 4706 Ἰουδαίων.

742 4754 919 4808 15.1η
963 4770 1158 4826 magna
1205 4756 1287 4810 ira
1331 4767 1576 4813 conteres
1597 4756 1904 4813 Iudaeorum
1941 4760 2237 4831 principes,

2410 4743 2497 4797 15.
2526 4743 2613 4795 Ἐν
2636 4742 2771 4813 ὀργῇ
2801 4742 3006 4813 μεγάλῃ
3039 4742 3345 4813 συντρίψεις
3365 4745 3492 4807 τοὺς
3514 4744 3779 4817 ἄρχοντας
3804 4749 3909 4801 τῶν

669 4849 762 4919 qui
808 4850 1005 4904 habent
1051 4850 1104 4903 in
1151 4851 1342 4921 seipsis
1393 4852 1793 4923 Scripturarum
1844 4857 2235 4924 cognitionem.

2352 4831 2637 4898 Ἰουδαίων,
2672 4833 2797 4896 τοὺς
2832 4832 3052 4903 ἔχοντας
3084 4835 3140 4885 ὲν
3185 4835 3394 4897 ἑαυτοῖς
3416 4835 3517 4906 τὴν
3545 4837 3656 4891 τῶν
3688 4838 3909 4909 Γραᾳῶν

674 4942 890 4997 ΤΙιανδίι
943 4942 1087 4997 enim
1119 4944 1501 5014 interpretatur
1531 4944 1781 5013 inspectio
1804 4948 2027 5001 ίωιίιὶω.

2341 4924 2561 4993 γνῶσιν.
2596 4924 2845 4992 Θαρσεῖς
2877 4926 2986 4996 γάρ
3018 4925 3374 4997 ἑρμηνεύεται
3417 4930 3771 4998 κατασκοπὴ
3813 4934 3906 4984 εὐ·

2270 5025 2314 5082 ι)
2342 5016 2673 5083 φροσύνης.

744 5117 1331 5201 Quemadmodum
1378 5119 1684 5173 audivimus
1723 5118 1791 5173 de
1851 5120 2083 5176 adventu
2140 5120 2232 5176 Dei

2411 5106 2497 5160 11.
2529 5106 2793 5179 Καθάπερ
2819 5108 3128 5180 ἠκούσαμεν
3160 5108 3291 5182 περὶ
3333 5111 3433 5182 τῆς
3479 5111 3778 5185 παρουσίας
3815 5109 3902 5164 τοῦ

672 5198 866 5243 nostri.

2343 5198 2475 5252 Θεοῦ
2497 5201 2529 5270 ἡ
2540 5199 2670 5270 μῶν.

1620 5303 1927 5367 Addenda
1957 5314 2018 5367 et
2044 5308 2418 5389 corrigenda
2467 5332 2544 5375 ex
2577 5315 2720 5375 cod.
2761 5315 2959 5378 Vatic.

857 5401 1242 5483 Ἐπέστρεψαςθ
2410 5414 2486 5483 (6)
2525 5413 2678 5466 Θεοῦ.

750 5472 1028 5563 59.33151
1096 5540 1119 5550 -
1345 5543 1403 5563 ,..

1345 5543 1374 5563 μ
1392 5543 1403 5557 ⁹
2513 5486 2857 5563 ἶᾼνὰπαυσις.

945 5540 1553 5626 ίῖίὰ,ἶῆς,κινν²βάρεωῖ
1587 5559 1710 5615 περ·
2518 5540 2855 5608 ’Λνεπαύετο.

747 5610 827 5691 (ἑ)
864 5610 1231 5691 Ξὲεῖςκρρέι-
1311 5614 1360 5691 .·
1422 5610 1493 5691 ⁷.
1659 5610 1671 5615 ⁷

1113 5611 1231 5691 ηρέ.-
1311 5614 1360 5691 .’
1422 5610 1430 5613 ⁷
1482 5684 1493 5691 ⁸
1659 5610 1671 5615 ⁷
2529 5623 2719 5676 Αὐτοῦ.

746 5682 824 5751 (5)
864 5680 1006 5733 Υίῶν
1040 5678 1144 5734 τῶν
1172 5680 1270 5751 τῆς
1301 5682 1660 5747 ἀναστάσεως.
2417 5678 2528 5761 (11))
2570 5694 2647 5747 Τά
2673 5693 3022 5763 κηρύγματα.
