4084 6322
144 368 257 424 837
1032 364 1120 418 DE
1158 363 1436 420 TITULIS
1466 364 1919 421 PSALMORUM.
1965 366 2248 422 —PS.\L.
2285 365 2524 421 XLVIII.
3298 364 3414 427 838

221 481 307 535 15.
337 481 423 533 Ἐν
450 480 597 532 πόλει
622 480 826 550 Κυρίου
862 479 967 532 τῶν
993 481 1296 551 δυνάμεων,
1764 489 1811 542 Α

1275 500 1296 546 ι,
1764 489 1811 542 Α
1910 481 1997 534 I5.
2030 479 2086 534 In
2118 481 2336 535 civitate
2363 480 2576 535 Domini
2609 481 2888 545 virtutum,

221 573 306 625 I‘i.
337 573 422 624 Ἐν
455 572 604 624 πόλει
632 571 724 624 τοῦ
754 570 889 625 Θεοῦ
920 572 1096 644 ἡμῶν.

1056 589 1096 625 ν.
1899 571 1984 625 16.
2016 571 2071 625 In
2099 573 2316 626 civitate
2345 572 2437 627 Dei
2473 573 2669 627 nostri.

219 664 306 717 I7.
335 663 393 715 Ὀ
426 663 556 726 Θεὸς
588 662 946 734 ὲθεμελίωσεν
980 665 1152 737 αὐτὴν
1181 667 1261 728 είς
1291 664 1385 717 τὸν
1412 663 1604 718 αἰῶνα.

1359 681 1385 717 ν
1412 663 1604 718 αἰῶνα.
1898 664 1983 718 I'l.
2017 663 2159 717 Deus
2181 663 2430 718 fundavit
2459 678 2579 717 eam
2608 664 2662 716 in
2687 673 2972 718 mternum.

223 757 305 806 18.
336 754 724 826 ’Υπελάῆομεν,
754 758 782 808 6
814 756 964 820 Θεὸς,
987 757 1047 810 τὸ
1076 757 1224 820 ἔλεός
1263 774 1355 810 σου
1379 758 1436 810 ὲν
1464 758 1610 828 μέσῳ
1630 755 1725 809 τοῦ

1900 756 1984 810 18.
2020 755 2408 825 Suscepimus,
2450 754 2626 818 Deus,
2671 753 3100 809 misericordiam
3151 762 3300 807 tuam
3344 752 3401 810 In

142 847 278 901 λαοῦ
317 864 432 900 σου.

1829 848 2006 903 medio
2038 848 2222 918 populi
2252 848 2348 902 tui.

219 938 308 991 I9.
352 938 507 991 Κατὰ
538 938 597 990 τὸ
623 938 790 1009 ὄνομά
818 957 932 1006 σου,
963 939 1157 1006 ὀΘεὸς,
1178 941 1317 994 οὕτω
1343 943 1436 995 καὶ
1462 943 1494 1012 ἡ
1526 942 1729 1005 αίνεσίς

1901 941 1985 995 I9.
2015 939 2323 996 Secundum
2357 955 2550 995 nomen
2584 948 2756 1004 tuum,
2789 937 2951 1005 Deus,
2977 939 3056 993 sic
3086 946 3140 992 et
3167 938 3283 992 laus
3305 944 3395 992 tua

147 1047 242 1083 30.,
272 1031 363 1082 ἐπὶ
396 1031 464 1082 τὰ
503 1031 712 1102 πέρατα
742 1033 842 1103 τῆς
869 1032 994 1103 γῆς.

623 1049 712 1084 ιτα
742 1033 842 1103 τῆς
869 1032 994 1103 γῆς.
1829 1035 1881 1088 in
1906 1035 2039 1088 ﬁnes
2060 1042 2236 1089 terra}.

216 1123 311 1175 20.
355 1122 709 1194 Δικαιοσύνης
748 1123 961 1195 πλήρης
994 1126 1026 1196 ἡ
1058 1125 1206 1190 δεξιὰ
1233 1142 1344 1178 σου.

1198 1143 1206 1177 ι
1233 1142 1344 1178 σου.
1894 1125 1982 1178 20.
2014 1123 2232 1178 Justitia
2259 1125 2416 1194 plena
2444 1125 2666 1178 dextera
2701 1132 2811 1179 tua.

213 1215 310 1268 2l.
353 1215 722 1288 Εὑφρανϐήτω
754 1217 878 1288 ὅρος
911 1218 1069 1281 Σιὼν,

1028 1237 1069 1281 ν,
1897 1216 1987 1268 21.
2025 1214 2262 1268 Laetetur
2293 1229 2453 1268 mons
2484 1216 2641 1281 Sion,

212 1305 308 1359 22.
352 1306 458 1357 Καὶ
471 1305 915 1374 ἀγαλλιὰσθωσαν
933 1311 988 1362 αἱ
1010 1310 1306 1382 θυγατέρες
1320 1310 1421 1381 τῆς
1447 1312 1724 1377 Ἰουδαίας,

1103 1310 1306 1382 ἀτέρες
1320 1310 1421 1381 τῆς
1447 1312 1724 1377 Ἰουδαίας,
1900 1307 1991 1362 22.
2025 1306 2090 1361 Et
2110 1307 2379 1362 exsultent
2398 1307 2521 1362 ﬁlim
2543 1307 2716 1372 Judae,

213 1397 308 1450 23.
330 1397 553 1449 Ἕνεκεν
579 1398 687 1450 τῶν
721 1401 1005 1470 χριμάτων
1037 1418 1150 1466 σου,
1179 1403 1373 1476 Κύριε.

1296 1422 1373 1459 ιε.
1897 1402 1988 1455 25.
2018 1399 2244 1470 Propter
2267 1400 2474 1470 judicia
2508 1409 2620 1463 tua,
2657 1398 2909 1453 Domine.

213 1485 308 1537 25.
355 1483 680 1537 Κυκλώπατε
706 1485 862 1550 Σιὼν,
897 1487 985 1539 καὶ
1013 1489 1332 1559 περιλὰϐετε
1362 1491 1529 1563 αὐτὴν
1550 1507 1564 1522 ·

1898 1493 1989 1547 24.
2027 1492 2370 1547 Circumdate
2404 1490 2558 1556 Sion,
2582 1501 2634 1544 et
2660 1488 3086 1560 complectimini
3114 1503 3256 1552 eam,

212 1576 307 1630 25.
351 1577 691 1647 Διηγήσασθε
723 1580 782 1630 ἐν
817 1581 931 1642 τοῖς
963 1580 1190 1651 πύργοις
1218 1582 1408 1652 αὐτῆς.

1152 1600 1190 1643 ις
1218 1582 1408 1652 αὐτῆς.
1900 1583 1991 1637 25.
2024 1581 2251 1636 Narrate
2273 1581 2326 1635 in
2354 1581 2596 1636 turribus
2627 1581 2765 1650 ejus.

216 1667 308 1721 26.
350 1668 520 1720 Θέσθε
539 1668 634 1730 τὰς
655 1669 881 1738 καρδίας
901 1670 1052 1742 ὑμῶν
1069 1675 1147 1734 είς
1161 1673 1258 1744 τὴν
1275 1674 1503 1745 δύναμιν
1525 1676 1692 1748 αὐτῆς
1713 1695 1724 1706 ·

1494 1676 1724 1748 ραύτῆς’
1900 1673 1990 1726 26.
2031 1671 2222 1727 Ponite
2244 1673 2408 1728 corda
2432 1683 2609 1728 vestra
2638 1673 2693 1726 in
2725 1672 2920 1728 virtute
2953 1671 3107 1743 ejus;

214 1758 309 1816 27.
355 1760 464 1812 Καὶ
490 1760 866 1815 καταδιέλεσθε
901 1763 999 1826 τὰς
1037 1764 1221 1836 βάρεις
1252 1767 1442 1837 αὐτῆς,

1195 1783 1221 1828 ς
1252 1767 1442 1837 αὐτῆς,
1898 1764 1988 1818 27.
2020 1762 2086 1818 Et
2110 1765 2419 1820 distribuite
2440 1764 2636 1820 domos
2663 1766 2802 1834 ejus,

215 1851 309 1904 28.
327 1853 512 1916 Ὅπως
541 1852 605 1904 ἂν
637 1853 970 1926 διηγήσησθε
1003 1859 1080 1921 είς
1111 1859 1301 1926 γενεὰν
1336 1860 1550 1931 ἑτέραν·
1760 1854 1800 1908 Β

1336 1860 1550 1931 ἐτέρανο
1760 1854 1800 1908 Β
1897 1855 1986 1910 28.
2017 1853 2087 1909 Ut
2111 1856 2377 1911 enarretis
2405 1857 2462 1910 in
2493 1858 2749 1927 progenie
2773 1857 2942 1911 altera

216 1943 308 1996 29.
332 1944 454 1995 Ὀτι
479 1939 631 2007 οὗτός
658 1947 804 1996 ἐστιν
833 1948 861 1999 6
888 1947 1020 2011 Θεὸς
1054 1949 1232 2019 ἡμῶν,

1895 1947 1983 2001 29.
2017 1947 2283 2014 Quoniam
2316 1949 2403 2002 hic
2430 1956 2514 2003 est
2541 1948 2684 2004 Deus
2720 1960 2926 2014 noster,

219 2034 312 2088 50.
356 2036 449 2098 Εἰς
478 2037 568 2088 τὸν
593 2038 762 2092 αἰῶνα
798 2041 890 2092 καὶ
916 2042 994 2103 είς
1026 2040 1114 2092 τὸν
1141 2040 1310 2095 αἰῶνα
1333 2040 1428 2095 τοῦ
1461 2041 1653 2105 αίῶνος
1673 2059 1687 2072 ·

1470 2041 1653 2105 ιξῶνος
1673 2059 1687 2072 ·
1895 2039 1986 2095 50.
2023 2039 2080 2094 In
2105 2048 2392 2107 aeternum,
2420 2049 2472 2095 et
2494 2040 2546 2095 in
2576 2041 2833 2096 sarculum
2869 2039 3083 2095 saeculi:

217 2127 309 2185 51.
350 2128 524 2192 Αὐτὸς
563 2133 818 2200 ποιμανεῖ
841 2133 988 2201 ἡμᾶς
1017 2133 1097 2194 είς
1131 2133 1255 2196 τοὺς
1288 2132 1512 2197 αίῶνας.

1195 2133 1255 2196 ὺς
1288 2132 1512 2197 αίῶνας.
1895 2135 1983 2190 3t.
2019 2136 2137 2205 Ipse
2165 2145 2351 2206 pascet
2380 2150 2480 2190 nos
2508 2135 2562 2189 in
2588 2135 2806 2189 saecula.

237 2221 342 2283 Εἰς
374 2219 440 2272 τὸ
479 2220 672 2286 τέλος,
723 2221 845 2288 τοῖς
877 2223 1027 2290 υἱοῖς
1054 2223 1225 2292 Κορέ.
1267 2228 1442 2282 ΨΑΛ.
1491 2229 1636 2282 MH'.

1571 2231 1636 2282 Ψ.
2036 2227 2104 2282 1η
2132 2229 2310 2297 ﬁnem,
2342 2229 2468 2297 ﬁliis
2492 2227 2642 2282 Core.
2673 2225 2874 2281 PSAL.
2903 2225 2999 2279 XL
3019 2222 3184 2280 γηι.

218 2308 270 2361 1.
305 2307 599 2362 Ἀκούσατε
631 2310 824 2375 ταῦτα,
862 2313 1036 2366 πάντα
1056 2313 1125 2367 τὰ
1157 2313 1308 2384 ἔθνη,

1187 2313 1308 2384 θνη.
1903 2319 1954 2372 1.
1985 2319 2182 2372 Audite
2214 2318 2348 2383 haec,
2384 2334 2572 2373 omnes
2596 2327 2800 2387 gentes,

208 2401 267 2455 2.
299 2402 673 2472 Ἐνωτίσοισθε,
703 2406 900 2470 πάντες
929 2408 978 2460 οί
1012 2407 1390 2471 κατοικοῦντες
1423 2407 1519 2478 τὴν
1545 2410 1722 2461 οίκουο

1900 2413 1954 2468 2.
1983 2411 2220 2466 Auribus
2244 2411 2524 2481 percipite,
2551 2424 2744 2464 omnes
2777 2409 2871 2478 qui
2905 2405 3162 2462 habitatis
3188 2403 3394 2459 orbem.

137 2493 335 2564 μένην.

1282 2588 1660 2646 ATIIANASII
1699 2588 2283 2648 INTERI’RETATIO.

211 2698 308 2761 I5,
337 2697 424 2752 I6.
463 2701 548 2751 ’Ev
576 2704 640 2772 τῇ
668 2702 781 2756 ἄνω
817 2703 1184 2776 Ἰερουσαλήμ.

1909 2706 1994 2771 15,
2032 2705 2122 2759 16.
2153 2705 2212 2758 In
2239 2718 2468 2772 superna
2497 2701 2823 2758 Jerusalem.

213 2790 309 2843 I7.
338 2789 656 2854 Ἀσάλευτός
685 2793 831 2845 ἐστιν
847 2796 924 2857 είς
946 2797 1068 2859 τοὺς
1088 2797 1476 2870 ἁτελευτήτους
1495 2800 1721 2861 αἰῶνας.

1527 2800 1721 2861 ηίῶνας.
1905 2803 1994 2856 17.
2030 2799 2332 2854 Immobilis
2354 2808 2438 2854 est
2470 2799 2522 2852 in
2558 2798 2889 2867 sempiterna
2920 2794 3140 2850 saecula.

337 2883 740 2984 ﬁtnno‘épzeda
771 2886 850 2955 (1)
878 2886 944 2940 τὰ
977 2888 1276 2958 παθήματὰ
1309 2908 1422 2944 σου.
1753 2924 1796 2984 c

1244 2891 1276 2942 ἁ
1309 2908 1422 2944 σου.
1753 2924 1796 2984 c
1905 2892 1988 2946 I8.
2020 2890 2372 2947 Narravimus
2401 2890 2684 2960 passiones
2716 2898 2857 2942 tuas.

210 2972 304 3024 19.
337 2972 423 3035 Ὠς
453 2974 808 3046 ἀτελεύτητον
838 2979 954 3028 ἐστι
997 2977 1059 3028 τὸ
1088 2978 1258 3048 ὄνομά
1289 2996 1404 3045 σου,
1435 2979 1606 3044 οὕτως
1633 2982 1726 3035 καὶ
1758 2972 1796 2984 '-

1784 2972 1796 2982 ’
1900 2983 1985 3038 I9.
2025 2981 2177 3037 Sicut
2207 2983 2599 3052 sempiternum
2646 2988 2728 3035 est
2771 2992 2970 3033 nomen
3012 2985 3188 3035 tuum.
3227 2973 3301 3028 ita
3347 2979 3397 3032 ct

134 3064 183 3132 ἡ·
207 3062 424 3129 αἴνεσίς
456 3083 574 3121 σου.

475 3083 574 3121 που.
1827 3070 1947 3126 laus
1979 3080 2088 3126 tua.

205 3155 304 3210 20.
337 3157 394 3209 '0
426 3157 552 3220 λαὸς
589 3159 617 3210 6
643 3157 815 3222 ἑστὼς
843 3162 906 3212 ὲκ
930 3159 1118 3227 δεξιῶν
1155 3180 1257 3234 μου
1289 3164 1388 3219 (2).

1289 3164 1388 3219 ί2).
1897 3164 1987 3218 20.
2022 3162 2258 3232 Populus
2290 3171 2440 3217 stans
2469 3177 2498 3216 a
2526 3162 2734 3217 dextris
2766 3162 2894 3215 tuis.

207 3249 306 3300 21.
335 3249 398 3301 Ἦ
425 3249 536 3303 ἄνω
569 3251 946 3324 Ἰερουσαλήμ.

1894 3248 1982 3302 2|.
2020 3245 2266 3317 Superna
2299 3244 2623 3301 Jerusalem.

205 3341 304 3393 2‘3.
349 3342 414 3392 Αἱ
445 3342 612 3414 ψυχαὶ
640 3343 747 3397 τῶν
772 3346 963 3413 ἁγίων.

1894 3340 1984 3394 22.
2020 3339 2232 3394 Animae
2259 3347 2591 3393 sanctorum.

202 3431 547 3487 25.Ἐνεκεν
578 3435 677 3505 τῆς
708 3435 1114 3500 ἁνταποδὸσεώς
1144 3455 1259 3501 σου,
1290 3438 1483 3508 Κύριε.

1900 3428 1994 3481 25.
2028 3427 2254 3497 Propter
2285 3427 2699 3482 retributionem
2725 3435 2895 3490 tuam,
2923 3424 3171 3479 Domine.

201 3524 301 3578 25.
347 3525 616 3594 υίκήσατε
650 3526 748 3595 τὴν
780 3526 892 3579 ἁνω
927 3529 1301 3599 Ἰερουσαλὴμ,
1329 3533 1420 3584 καὶ
1445 3531 1525 3594 εἰς
1558 3531 1725 3583 κατά-

1893 3521 1983 3574 24.
2017 3520 2266 3576 Habitate
2317 3533 2611 3589 supernam
2659 3519 2959 3576 Jerusalem
2983 3558 3000 3584 ,
3041 3529 3095 3572 et
3127 3516 3399 3588 possidete

129 3633 330 3687 QZEGW
359 3616 530 3686 αὐτὴν
561 3615 746 3687 ἔσχετε
776 3618 875 3688 (a).
1825 3623 1965 3664 eam.

205 3707 304 3760 25.
340 3707 430 3759 Ἐν
455 3709 565 3770 τοῖς
590 3708 766 3776 ἁγίοις
785 3709 955 3782 αὐτῆς
985 3711 1316 3783 διηγήσασθε
1338 3714 1406 3768 τὰ
1426 3713 1726 3784 δικαιώμα-

1894 3701 1978 3755 25.
2014 3700 2240 3756 Narrate
2268 3701 2322 3755 in
2353 3701 2560 3757 sanctis
2592 3699 2764 3771 ipsius
2791 3697 3211 3771 justiﬁcationes
3253 3698 3375 3767 ejus

125 3817 198 3853 τα
232 3817 432 3854 αυτου.

199 3891 298 3946 26.
345 3892 515 3946 Θέσθε
536 3894 633 3964 τὴν
651 3895 885 3949 διάνοιαν
909 3895 1061 3966 ὑμῶν
1080 3899 1160 3960 εἰς
1178 3897 1277 3961 τὰς
1295 3898 1514 3962 ἐντολὰς
1535 3896 1720 3952 αὐτοῦ.

1708 3939 1720 3951 .
1895 3896 1982 3950 26.
2015 3896 2206 3952 Ponite
2233 3906 2470 3953 mentem
2501 3906 2738 3952 vestram
2765 3896 2818 3949 in
2845 3895 3131 3966 praeceptis
3158 3893 3321 3949 illius.

199 3984 301 4038 27.
347 3985 457 4038 Καὶ
485 3987 768 4056 μερίσεσθε
802 3986 876 4056 (b)
913 3987 1009 4050 τὰς
1043 3989 1208 4058 μονὰς
1233 3991 1424 4062 αὐτῆς.

1238 3991 1424 4062 αὐτῆς.
1895 3990 1983 4043 27.
2021 3988 2088 4044 Et
2111 3988 2336 4044 dividite
2370 3990 2684 4043 mansiones
2709 3987 2851 4057 ejus.

198 4075 299 4130 28.
321 4075 511 4139 Ὅπως
535 4077 600 4130 ἂν
617 4079 944 4151 διηγήσασθε
960 4083 1018 4134 ὲν
1039 4082 1108 4152 (c)
1127 4081 1390 4155 τῷχρόνῳ
1407 4084 1512 4139 τῶν
1531 4083 1721 4154 ἁγίων.

1498 4083 1721 4154 νὰγίων.
1897 4079 1986 4134 28.
2013 4077 2084 4134 Ut
2111 4080 2377 4135 enarratis
2408 4081 2463 4134 in
2494 4088 2737 4149 tempore
2775 4087 3111 4134 sanctorum.

196 4167 296 4222 29.
328 4168 461 4222 ’Ὅτι
495 4165 669 4237 οὗτός
708 4172 879 4228 ἐστιν
907 4177 940 4227 ὀ
970 4174 1114 4242 Θεὸς
1136 4174 1325 4244 ἡμῶν.

1236 4174 1325 4229 ὗν.
1891 4173 1980 4227 29.
2017 4171 2277 4237 Quoniam
2300 4173 2384 4226 hic
2406 4183 2483 4227 est
2513 4171 2653 4226 Deus
2676 4183 2849 4226 noster

197 4259 298 4326 30,
327 4259 418 4315 3|.
451 4261 508 4314 ὐ
537 4262 737 4336 ποιμὴν
763 4266 792 4318 6
825 4267 986 4331 καλὸς
1016 4269 1270 4339 ποιμανεῖ
1295 4269 1440 4338 ἡμᾶς
1475 4266 1579 4337 (π).
1746 4279 1790 4334 Ῑ)

1427 4285 1440 4331 ῖ
1475 4266 1579 4337 (7-).
1746 4279 1790 4334 ι)
1885 4265 1975 4332 50,
2011 4265 2100 4320 51.
2131 4264 2326 4321 Pastor
2355 4265 2550 4331 bonus,
2587 4266 2680 4336 qui
2714 4274 2896 4335 pascet
2921 4281 3040 4321 nos.

210 4374 285 4425 Ἡ
321 4375 653 4448 προκειμένη
679 4378 956 4450 ἐπιγραφὴ
985 4381 1223 4452 περιέχει
1251 4380 1327 4450 (4)
1349 4398 1362 4410 '
1392 4383 1495 4445 Εἰς
1519 4379 1583 4432 τὸ
1617 4377 1810 4445 τέλος,
1839 4378 1962 4446 τοῖς
1991 4379 2142 4445 υἱοῖς
2170 4378 2320 4447 Κορὲ
2351 4379 2589 4448 ψαλμός
2607 4396 2621 4410 ο
2647 4379 2774 4449 περὶ
2799 4377 2893 4431 τοῦ
2921 4377 3105 4439 τέλους
3132 4373 3239 4428 τῶν
3264 4371 3390 4427 υἱῶν

121 4463 225 4534 τῆς
259 4464 553 4530 ἀπειθείας
578 4467 607 4519 ὁ
636 4465 848 4539 ψαλμδς
874 4469 1040 4540 λέγει.
1072 4472 1223 4540 Κορὲ
1249 4472 1395 4540 λέγει
1432 4470 1684 4539 ἀπειθὴς
1719 4470 1796 4541 (5)
1826 4470 1908 4537 τῷ
1951 4470 2072 4538 Θεῷ
2102 4471 2441 4542 γεγένηταιο
2472 4471 2604 4524 διότι
2641 4471 2733 4524 καὶ
2766 4471 2891 4534 τοὺς
2942 4468 3215 4530 τοιούτους
3245 4466 3390 4529 υἱοὺς

122 4555 300 4608 αὑτοῦ
329 4557 488 4610 καλεί
519 4559 552 4628 ἡ
583 4559 794 4631 Γραφή.

194 4646 422 4703 Titulus
459 4649 752 4720 inscriptus
782 4651 1024 4707 continet
1059 4669 1073 4706 :
1112 4649 1178 4705 In
1207 4652 1383 4721 ﬁnem,
1418 4651 1548 4721 ﬁliis
1576 4651 1709 4707 Core
1753 4653 2010 4722 psalmus.
2041 4651 2118 4707 De
2175 4653 2279 4708 line
2330 4652 2568 4708 ﬁliorum
2625 4653 2998 4709 inobedientiae
3029 4652 3274 4720 psalmus
3307 4650 3389 4703 lo-

119 4746 343 4814 quitur.
380 4741 512 4799 Core
545 4746 829 4816 signiﬁcat,
865 4748 1163 4804 inobcdiens
1199 4748 1306 4801 Deo
1332 4748 1506 4816 factus
1544 4757 1644 4815 est,
1679 4757 1965 4820 propterea
2000 4750 2134 4805 tales
2164 4749 2283 4820 ejus
2308 4750 2452 4805 ﬁlios
2481 4758 2638 4804 vocat
2672 4746 2866 4818 psalmi
2906 4746 3209 4816 inscriptio.

193 4839 251 4893 I.
297 4837 631 4910 Παιδεύθητε
663 4841 854 4907 ταῦτα,
887 4841 923 4897 ἃ
963 4840 1143 4914 μέλλω
1187 4841 1390 4908 λέγειν,
1421 4840 1602 4896 πάντα
1646 4841 1715 4894 τὰ

1891 4844 1942 4898 1.
1976 4842 2175 4898 Discite
2206 4843 2340 4908 haec,
2371 4858 2492 4912 quae
2520 4843 2766 4897 dicturus
2790 4855 2933 4903 sum,
2960 4853 3152 4893 omnes
3179 4847 3387 4908 gentes.

118 4927 279 4980 ἔθνη.

185 4944 254 5073 ἓ
277 5016 601 5082 Έκδέξασϐε
637 5020 706 5074 τὰ
736 5015 850 5075 ὦτα
881 5023 1035 5093 ὑμῶν
1057 5022 1092 5077 ἃ
1120 5022 1230 5094 ἐρῶ
1261 5023 1390 5093 ὑμῖν
1432 5021 1532 5092 (6).

1895 5019 1948 5076 2.
1977 5019 2224 5090 Excipite
2246 5019 2472 5076 auribus
2504 5018 2721 5086 vestris,
2747 5033 2870 5088 quae
2896 5016 3071 5072 dicam
3104 5013 3281 5068 vobis.

1081 5143 1387 5205 Addenda
1419 5149 1479 5203 et
1534 5139 1915 5219 corrigenda
1946 5157 2025 5202 ex
2059 5139 2200 5202 cod.
2235 5141 2438 5203 Vatic.

188 5261 206 5327 (
220 5260 270 5332 υ
315 5259 719 5332 ἒιηγησόμεθα·
1892 5261 1965 5329 (4)
1991 5263 2051 5314 Ἥ
2076 5262 2162 5316 διὰ
2193 5263 2292 5332 τῆς
2314 5260 2683 5330 κινναϐάρεως
2712 5274 2838 5327 περ.

187 5330 271 5404 li)
307 5328 490 5404 Ξουιέ
555 5328 620 5404 ζ..
675 5393 733 5404 -.
791 5394 805 5404 .
1195 5394 1209 5404 .
1346 5396 1357 5404 ,
1890 5328 1966 5403 (5)
2004 5328 2283 5404 Κορὲίγάῥ
2315 5333 2411 5385 ἀπ·
2499 5328 2558 5404 λ
2623 5399 2635 5404 ,
2693 5401 2713 5404 _
2829 5397 2841 5404 .
3030 5395 3044 5404 .
3298 5392 3326 5404 -

186 5393 268 5463 (3)
299 5398 380 5471 _N.
425 5395 516 5471 29,
541 5396 645 5471 _50,
675 5393 764 5458 31,
791 5394 1044 5471 leguntur
1069 5394 1442 5471 Aconjunctim,
1491 5406 1709 5471 ac_post

2001 5393 2320 5468 Είαδέξαοίθε
2349 5404 2429 5466 εἰς
2456 5402 2588 5456 τὰ...
2617 5399 2742 5470 ὑμῖν
2772 5397 2970 5459 πάντες
2996 5395 3045 5449 οί
3075 5393 3383 5451 κατοικοῦν-

113 5472 266 5547 ᾗμᾷς
298 5465 748 5547 ηωειαᾶόιιηῑιιε,
767 5467 877 5547 κείς.
900 5467 1443 5547 τοὺςὰτελευτήτους
1481 5465 1707 5531 αἰῶνας,

772 5467 877 5547 ,εἰς’
900 5467 1443 5547 τοὺςὰῖελευτήτους
1481 5465 1707 5531 αἰῶνας,
1810 5465 1903 5539 τες
1931 5465 2029 5547 τὴν
2053 5465 2385 5545 οἰκουμένην.

111 5535 270 5608 δ’τὴν
307 5536 488 5606 ψυχὴν
521 5535 684 5588 αὑτοῦ
709 5535 820 5599 Osi;
855 5535 994 5607 ὑπὲρ
1019 5535 1192 5607 ἡμῶν.

179 5653 264 5727 (ᾳ)
299 5650 598 5727 ςβσχετε.
626 5645 787 5727 Forte
813 5647 1103 5727 Exsre,_vel
1130 5648 1327 5721 ἴσχετε.
1361 5650 1519 5727 Eutr.
1601 5720 1638 5727 _

1601 5720 1638 5727 _
1879 5655 1950 5727 (c)
1981 5655 2372 5725 Διηγήσασθε.
2405 5652 2564 5710 Forte
2600 5647 2948 5722 διηγήσησθε.
2987 5647 3139 5703 Ευιτ.

177 5721 260 5790 (ὁ)
289 5717 650 5786 Μερίσεσθε.
686 5717 813 5789 Leg.
842 5717 951 5774 vid.
1000 5717 1217 5789 interp.,
1256 5721 1570 5791 μερίσασθε.
1597 5720 1695 5777 En.
