4084 6322
717 359 818 416 839
1561 350 1619 406 S.
1662 348 2040 406 ATIIANASII
2079 349 2230 406 ΟΡΡ.
2272 345 2450 402 PARS
2492 346 2580 402 111.
2619 379 2686 388 -
2723 347 3137 406 EXEGETICA.
3879 355 3970 412 810

784 482 834 534 ὖ.
873 479 1084 548 Quique
1107 476 1390 547 terrigenae
1413 484 1465 529 et
1488 473 1582 528 ﬁlii
1616 475 1922 540 hominum,
2307 480 2354 536 Α

2307 480 2354 536 Α
2451 473 2501 525 5.
2545 472 2616 523 ΟΞ
2646 489 2705 523 τε
2731 473 2984 542 γηγενεῖς
3009 471 3102 523 καὶ
3133 469 3237 523 υἱοὶ
3268 468 3373 521 τῶν
3395 469 3728 541 ἀνθρώπων,

786 573 838 625 4.
873 570 1044 625 Simul
1071 571 1123 624 in
1166 583 1332 622 unum
1359 566 1509 622 dives
1537 576 1592 621 et
1619 581 1845 635 pauper.

2459 564 2511 616 4.
2537 564 2662 615 Ἐπὶ
2688 565 2746 615 τὸ
2782 565 2913 616 αὐτὸ
2948 563 3200 624 πλούσιος
3238 564 3328 614 καὶ
3357 563 3543 633 πένης.

871 659 943 715 Os
979 676 1158 715 meum
1194 660 1444 729 loquetur
1476 658 1823 728 sapientiam,

2461 655 2511 707 5.
2555 654 2628 706 Τὸ
2658 654 2832 724 στόμα
2869 671 2968 723 μου
3001 654 3222 724 λαλήσει
3256 654 3463 720 σοφίαν,

786 755 838 806 6.
870 752 934 806 Et
961 751 1240 807 meditatio
1261 751 1443 806 cordis
1468 752 1573 804 mei
1605 749 1967 819 prudentiam.

2459 744 2512 799 6.
2557 746 2718 814 Καὶή
2756 745 2950 815 μελέτη
2983 744 3083 814 τῆς
3112 745 3338 813 καρδίας
3368 762 3468 814 μου
3504 744 3745 798 σύνεσιν.

786 846 837 898 7.
873 846 1149 899 lnclinabo
1187 845 1238 898 in
1274 844 1584 914 parabolam
1617 858 1802 896 aurem
1837 857 2036 904 meam,

1968 857 2036 904 m,
2459 837 2510 888 7.
2555 836 2734 888 Κλινῶ
2767 839 2845 899 είς
2871 835 3184 908 παραϐολὴν
3217 836 3279 887 τὸ
3315 831 3406 906 οὖς
3441 851 3543 904 μου
3567 851 3581 866 ·

787 942 837 993 8.
866 940 1118 1010 Aper-iam
1152 940 1203 993 in
1228 938 1481 1008 psalterio
1510 937 1935 1008 propositionem
1963 951 2162 989 meam.

2107 952 2162 988 n.
2459 928 2510 981 8.
2541 928 2757 1011 Ἀνοίξω
2786 930 2843 980 ὲν
2873 927 3155 998 ψαλτηρίῳ
3185 928 3246 981 τὸ
3279 927 3571 1011 πρόϐλημά
3597 946 3720 997 μου.

786 1033 838 1084 9.
869 1007 978 1084 cur
1007 1030 1168 1084 timeo
1200 1007 1252 1082 in
1288 1029 1374 1081 die
1411 1028 1588 1081 mala?
1618 1007 1623 1008 ί

2460 1018 2512 1073 9.
2532 1020 2648 1070 Ἵνα
2677 1007 2728 1071 τῖ
2760 1019 3030 1089 φοϐοῦμαι
3065 1021 3121 1071 ὲν
3155 1019 3339 1090 ἡμέρᾳ
3365 1007 3612 1088 ἆτονηρᾷ;

789 1122 874 1176 10.
907 1122 1166 1192 lniquitas
1197 1123 1434 1178 calcanei
1472 1123 1577 1176 mei
1614 1118 1976 1174 circumdabit
2006 1134 2108 1172 me.

2461 1110 2547 1162 10.
2574 1110 2637 1161 ’11
2665 1109 2865 1180 ἀνομία
2889 1109 2988 1179 τῆς
3025 1109 3261 1178 πτέρνης
3294 1125 3393 1178 μου
3433 1108 3706 1160 κυκλώσει
3743 1125 3831 1177 με.

793 1215 872 1268 l1.
903 1213 1005 1280 Qui
1031 1217 1310 1269 contidunt
1335 1215 1386 1267 in
1417 1215 1621 1268 virtute
1648 1228 1768 1276 sua,

2463 1205 2548 1257 11.
2592 1204 2653 1255 Οί
2681 1201 2999 1266 πεποιθότες
3031 1203 3122 1253 ἐπὶ
3145 1205 3209 1271 τῇ
3234 1201 3457 1270 δυνάμει
3491 1201 3695 1262 αὐτῶν,

788 1306 874 1359 12.
908 1305 972 1360 Et
1033 1307 1087 1360 in
1122 1307 1462 1361 multitudine
1517 1305 1827 1359 divitiarum
1886 1317 2109 1359 suarum
2169 1301 2286 1370 glo-

2467 1296 2547 1349 12.
2593 1297 2700 1349 Kal.
2741 1296 2833 1348 ἐπὶ
2881 1295 2958 1365 τῷ
3005 1295 3196 1366 πλήθει
3233 1293 3324 1345 τοῦ
3356 1294 3583 1346 πλούτου
3623 1294 3809 1345 αὐτῶν
3838 1313 3957 1346 καυ-

718 1399 944 1452 riattttur.
1078 1395 1081 1398 ’

1078 1395 1081 1398 ’
2391 1386 2468 1456 χὼ
2475 1405 2641 1457 μενοι.

789 1490 870 1543 15.
911 1491 1099 1545 Frater
1135 1508 1243 1546 non
1281 1491 1518 1558 redimit,
1550 1491 1782 1545 redimet
1808 1489 1994 1551 homo,

2466 1481 2547 1533 15.
2591 1479 2838 1548 Ἀδελφδς
2872 1479 2930 1532 οὐ
2962 1479 3266 1548 λυτροῦται,
3294 1479 3624 1548 λυτρὼσεται
3651 1480 3957 1545 ἄνθρωπος’

787 1582 876 1636 11.
906 1580 1023 1635 Non
1050 1581 1200 1637 dabit
1229 1583 1337 1638 Deo
1361 1583 1720 1653 placationem
1755 1596 1938 1645 suam,

2464 1569 2550 1623 H.
2585 1569 2658 1621 Οὐ
2689 1568 2850 1620 δώσει
2879 1567 2955 1638 τῷ
2984 1569 3101 1638 Θεῴ
3131 1568 3392 1639 ὲξίλασμα
3422 1567 3637 1634 ἑαυτοῦ,

788 1673 873 1726 15.
909 1673 973 1728 Ει
1005 1675 1238 1744 pretium
1271 1675 1660 1745 redemptionis
1689 1674 1886 1728 animae
1914 1687 2044 1727 sua}.

2466 1664 2552 1716 15.
2581 1664 2688 1716 Ka‘t
2709 1661 2804 1732 τὴν
2824 1663 2986 1732 τιμὴν
3007 1662 3103 1731 τῆς
3122 1662 3438 1732 λυτρώσεως
3457 1663 3560 1732 τῆς
3580 1663 3760 1733 ψυχῆς
3787 1663 3960 1716 αὑτοῦ.

791 1765 876 1819 16.
912 1765 973 1820 Et
1038 1767 1321 1822 laborabat
1372 1768 1427 1821 in
1473 1778 1758 1832 aeternum,
1819 1775 1874 1820 et
1929 1765 2071 1819 vivet
2117 1763 2174 1816 in
2228 1762 2290 1816 ti-
2328 1831 2341 1832 ί

2469 1755 2552 1807 16.
2582 1756 2690 1807 Kal
2722 1754 3010 1807 ἐκοπίασεν
3053 1755 3130 1816 εἰς
3159 1753 3247 1805 τὸν
3274 1753 3443 1806 αίῶνα
3465 1795 3479 1817 ,
3514 1755 3608 1807 καὶ
3643 1755 3870 1825 ζήσεται
3897 1758 3962 1817 si;

719 1876 864 1913 nem.
2324 1831 2332 1884 1

2324 1831 2366 1884 Β
2395 1847 2568 1908 τέλος.

792 1951 872 2004 17.
905 1950 1021 2005 Non
1052 1951 1253 2006 videbit
1281 1950 1586 2018 interitum,

2472 1937 2557 1991 17.
2595 1937 2707 1990 Οὐκ
2739 1935 2925 2005 ὄψεται
2959 1936 3324 2008 καταφθορὰν.

791 2045 875 2097 18.
909 2044 1044 2098 Cum
1069 2045 1265 2098 viderit
1294 2046 1566 2113 sapientes
1603 2040 1942 2095 morientes?

2471 2030 2556 2083 18.
2591 2031 2754 2083 Ὅταν
2791 2030 2875 2102 ἴδῃ
2907 2031 3102 2098 σοφοὺς
3127 2029 3598 2100 ἁποθνήσκοντας;

792 2136 878 2188 19.
906 2135 1078 2190 Simul
1111 2138 1373 2207 insipiens
1401 2144 1455 2190 et
1482 2135 1682 2190 stultus
1714 2135 1970 2203 peribunt
1994 2151 2008 2187 :

2475 2125 2559 2178 19.
2605 2125 2727 2175 Ἐπὶ
2758 2123 2820 2174 τὸ
2852 2123 2981 2175 αὐτὸ
3015 2123 3201 2193 ἄφρων
3231 2123 3324 2174 καὶ
3351 2122 3508 2185 ἄνους
3535 2122 3867 2177 ἀπολοῦνται
3887 2141 3901 2156 ⁸

791 2228 878 2282 20.
914 2227 979 2283 Et
1005 2229 1310 2298 relinquent
1337 2229 1526 2284 alienis
1555 2227 1773 2284 divitias
1807 2241 1962 2282 suas.

2466 2213 2556 2268 ΞΟ.
2599 2214 2707 2266 Kal.
2761 2214 3174 2282 καταλείψουσιν
3223 2214 3520 2284 ἀλλοτρίοις
3585 2214 3676 2266 τὸν
3747 2214 3965 2267 πλοῦτον

2397 2320 2598 2356 αυτων.

1845 2442 2218 2500 ATHANASII
2263 2439 2850 2498 INTERPRETATIO.

793 2609 848 2664 '5.
882 2606 1105 2661 Terreni
1134 2605 1227 2659 lilii
1257 2604 1563 2659 hominum.

2466 2603 2518 2655 5.
2563 2603 2622 2654 Οἱ
2651 2607 2826 2670 γήινοι
2867 2599 2968 2652 υἱοί
2995 2597 3101 2650 τῶν
3130 2595 3448 2668 ἀνθρώπων.

790 2699 842 2752 4.
883 2697 1136 2751 Eamdem
1167 2697 1466 2752 doctrinam
1493 2693 1650 2749 vobis
1679 2694 1937 2750 omnibus
1969 2692 2282 2764 propositu-

2465 2694 2518 2746 4.
2561 2692 2669 2763 Τὴν
2703 2692 2868 2762 αὐτὴν
2905 2691 3252 2745 διδασκαλίαν
3277 2692 3440 2744 πᾶσιν
3478 2690 3608 2760 ὑμῖν
3635 2688 3814 2758 μέλλω
3846 2706 3971 2759 πρε-

721 2805 818 2844 l'llS
843 2804 989 2843 sum.

2395 2787 2599 2840 τιθέναι
2623 2784 2723 2854 (1).

792 2882 846 2934 5.
876 2880 1117 2950 Apostoli
1151 2895 1243 2950 per
1276 2878 1716 2950 praedicationem
1755 2878 2048 2947 loquentur
2077 2875 2292 2945 sapien-

2467 2880 2520 2933 5.
2561 2879 2622 2930 Οί
2668 2877 2953 2929 ἀπόστολοι
3002 2876 3090 2929 διὰ
3131 2873 3225 2926 τοῦ
3272 2874 3629 2944 κηρύγματος
3683 2875 3970 2945 λαλήσουσι

721 2971 851 3024 tiam
884 2971 1023 3040 ejus,
1050 2986 1156 3024 non
1192 2971 1354 3038 hujus
1385 2969 1591 3023 saeculi.

2399 2969 2588 3039 σοφίαν
2615 2967 2800 3031 αὑτοῦ,
2829 2966 2976 3038 ίοὺκ]
3007 2965 3198 3027 αἰῶνος
3233 2963 3308 3033 (2)
3341 2965 3547 3016 τούτου.

792 3062 844 3115 6.
876 3060 942 3117 Et
986 3061 1266 3116 meditatio
1315 3060 1650 3116 credentium
1701 3060 1756 3114 in
1809 3075 1892 3114 me
1940 3058 2292 3129 intelligentia

2466 3062 2516 3114 6.
2559 3062 2668 3113 Kal.
2695 3063 2727 3130 ὴ
2769 3059 2962 3130 μελέτη
2996 3058 3102 3112 τῶν
3129 3057 3492 3110 πιστευόντων
3532 3059 3612 3121 είς
3640 3059 3739 3127 ἐμὲ
3768 3059 3974 3120 advexi;

721 3162 826 3208 est.

2396 3165 2563 3203 εστιν.

793 3243 846 3297 7.
881 3242 1158 3298 Adducam
1193 3243 1245 3298 in
1273 3242 1585 3314 parabolam
1613 3241 1935 3312 mysterium
1966 3255 2169 3295 meum.
2321 3231 2363 3288 C

2167 3283 2169 3291 ,
2321 3231 2363 3288 C
2467 3241 2520 3295 7.
2555 3240 2768 3309 Ἀγάγω
2794 3241 2872 3302 είς
2900 3239 3210 3310 παραϐολὴν
3242 3239 3299 3292 τὸ
3325 3241 3620 3310 μυστήριόν
3659 3258 3780 3310 μου.

789 3333 844 3387 8.
878 3333 1189 3389 Describam
1216 3335 1269 3388 in
1297 3335 1553 3403 psalterio
1578 3333 2013 3402 propositionem
2039 3346 2239 3385 meam.

2080 3346 2239 3385 team.
2471 3334 2524 3387 8.
2556 3333 2876 3403 Ἀναγράψω
2906 3335 2962 3384 ἐν
2990 3332 3271 3403 ψαλτηρίῳ
3298 3332 3357 3385 τὸ
3385 3333 3693 3402 πρόϐλημα.

791 3425 846 3480 9.
880 3425 1144 3494 Tempore
1171 3426 1442 3494 passionis
1475 3440 1628 3479 meae.

2471 3425 2527 3480 9.
2558 3427 2645 3478 Ἐν
2670 3426 2746 3496 τῷ
2781 3425 2956 3496 καιρῷ
2986 3424 3078 3478 τοῦ
3114 3424 3319 3487 πάθους
3355 3441 3478 3494 μου.

795 3516 883 3570 10.
917 3517 1086 3573 Judas
1127 3517 1351 3572 ultimus
1385 3517 1778 3587 discipulorum
1815 3529 2062 3571 meorum
2109 3514 2294 3569 insur-

2475 3518 2560 3571 10.
2592 3518 2786 3581 Ἰούδας
2811 3520 2838 3570 6
2864 3517 3097 3592 ἔσχατος
3111 3519 3218 3570 τῶν
3263 3516 3518 3586 μαθητῶν
3556 3533 3659 3586 μου
3705 3519 3975 3570 ὲπισυστεξ

723 3620 812 3683 get
837 3610 891 3662 in
921 3624 1030 3664 me.

2404 3611 2480 3675 (5)
2514 3609 2908 3681 [ὲπισυστήσει]
2942 3627 3050 3679 μοι.

796 3702 882 3756 11.
916 3700 1198 3771 Principes
1220 3700 1555 3757 Judaeorum.

2475 3701 2559 3754 11.
2600 3702 2661 3754 Oi
2689 3701 2943 3771 ἄρχοντες
2967 3702 3074 3754 τῶν
3111 3701 3401 3754 Ἰουδαίων.

794 3792 882 3846 12.
939 3790 1141 3846 Scriba:
1188 3801 1242 3847 et
1293 3791 1552 3846 Pharismi
1613 3790 2017 3861 Scripturarum
2073 3791 2294 3846 scientia

2479 3795 2564 3847 12.
2607 3798 2668 3845 Ui
2699 3797 3044 3864 γραμματεῖς
3079 3795 3170 3846 καὶ
3207 3795 3254 3846 οἱ
3296 3796 3579 3865 Φαρισαῖοι
3615 3796 3708 3847 ἐπὶ

725 3883 877 3935 elati.
2406 3901 2485 3936 σει
2520 3884 2596 3952 (4)
2623 3882 2730 3936 τῶν
2756 3883 2984 3956 Γραφῶν
3012 3871 3378 3954 ἐπαιρόμενοι.

798 3973 884 4027 15.
916 3970 1032 4026 Non
1086 3970 1256 4026 frater
1301 3981 1487 4027 noster
1523 3983 1625 4039 est,
1658 3975 1751 4044 qui
1779 3973 1997 4028 redimit
2035 3988 2158 4037 nos,
2193 3973 2296 4026 hoc

2484 3975 2563 4027 13.
2599 3975 2712 4026 Οὐκ
2746 3974 2971 4045 ἀδελφὸς
3002 3977 3158 4047 ἡμῶν
3185 3981 3331 4030 ἐστιν
3363 3980 3391 4031 6
3420 3976 3790 4048 λυτρούμενος
3817 3981 3982 4048 ἡμᾶς.

725 4073 810 4118 est
834 4074 1034 4118 nostrrr
1067 4074 1273 4119 natura:
1303 4075 1356 4119 et
1374 4065 1723 4133 conditionis,
1749 4065 1844 4122 sed
1868 4065 2012 4121 Deus
2043 4081 2138 4134 per
2169 4081 2296 4135 gra-

2403 4067 2679 4119 τουτὲστιν
2721 4068 2749 4118 6
2791 4067 2888 4136 τῆς
2924 4069 3000 4138 (5)
3043 4070 3312 4140 ἡμετέρας
3354 4069 3591 4138 φύσεως,
3629 4070 3746 4122 ἀλλ’
3788 4072 3814 4122 6
3855 4071 3983 4133 Θεὸς

727 4157 858 4210 tiam
885 4153 1062 4211 factus
1097 4157 1256 4210 homo
1282 4157 1533 4210 liberabit
1561 4172 1681 4212 nos.

2406 4158 2544 4211 κατὰ
2570 4157 2726 4228 χάριν
2759 4159 3052 4230 γενόμενος
3082 4161 3366 4232 ἄνθρωπος
3389 4161 3728 4232 λυτρὼσεται
3762 4165 3928 4231 ἡμᾶς.

797 4245 882 4299 14.
918 4245 984 4300 Et
1007 4262 1114 4300 non
1143 4235 1292 4300 dabit
1322 4248 1560 4317 seipsum
1595 4249 1956 4318 placationem
1986 4265 2086 4320 pro
2116 4250 2297 4304 anima

2482 4251 2568 4304 14.
2610 4251 2714 4304 Καὶ
2748 4252 3101 4315 οὺδξ,ὲαυτὸν
3138 4253 3296 4306 δώσει
3342 4253 3610 4323 ὲξίλασμα
3643 4254 3743 4324 τὴν
3779 4254 3854 4323 (6)
3885 4255 3985 4322 ψυ-

728 4354 851 4402 sua,
883 4338 976 4393 sed
1001 4353 1101 4406 pro
1129 4337 1406 4394 omnibus.

2406 4345 2504 4416 χὴν
2534 4343 2718 4407 αὑτοῦ,
2760 4345 2894 4398 ἀλλά
2921 4346 3006 4400 διά
3033 4347 3259 4407 πάντας.

801 4431 886 4485 15.
912 4428 1098 4500 Neque
1132 4432 1364 4501 pretium
1402 4433 1624 4504 aliquod
1656 4433 1830 4499 dabit,
1858 4443 1918 4488 ut
1959 4433 2150 4490 liberet
2181 4435 2300 4489 ani-

2481 4437 2568 4490 15.
2609 4437 2740 4490 Οὐδὲ
2788 4439 2952 4510 τιμήν
2998 4456 3113 4492 τινα
3157 4437 3335 4503 δώσει,
3383 4439 3467 4491 ἴνα
3513 4437 3860 4510 λυτρώσηται
3893 4441 3988 4510 τὴν

733 4539 874 4577 mam
901 4540 1078 4578 suam.
2339 4593 2346 4598 ι

2339 4593 2369 4598 _
2407 4529 2582 4598 ψυχὴν
2606 4528 2789 4582 αὑτοῦ.

804 4616 888 4669 16.
913 4616 977 4671 Et
1002 4631 1197 4686 passus
1213 4625 1296 4671 est
1326 4616 1378 4670 in
1409 4617 1632 4680 mundo,
1658 4617 1751 4671 sed
1778 4617 1908 4672 vivit
1941 4616 1993 4670 in
2020 4625 2302 4672 aeternum.
2338 4593 2384 4652 θ

2375 4603 2384 4645 ’
2425 4593 2433 4596 -
2608 4620 2717 4673 Kal.
2750 4620 2986 4674 πέπονθε
3017 4620 3095 4691 τῷ
3133 4620 3210 4692 (7)
3245 4622 3454 4693 κόσμῳ,
3485 4623 3622 4676 ἀλλά
3656 4622 3722 4695 ζῇ
3759 4625 3988 4678 ἀτελευ-

2410 4713 2608 4783 τήτως.

806 4791 888 4846 17.
925 4789 1024 4846 Hic
1054 4791 1270 4861 quidem
1312 4807 1420 4847 non
1454 4793 1606 4847 novit
1649 4799 2055 4866 corruptionem
2084 4815 2096 4863 ;
2131 4811 2306 4868 neque

2485 4805 2571 4860 17.
2609 4799 2776 4868 Οὗτος
2808 4805 2906 4876 μὲν
2942 4805 3040 4858 οὐκ
3073 4800 3179 4858 εἶδε
3215 4805 3534 4878 διαφθοράψ
3566 4809 3624 4859 οὐ
3664 4807 3771 4878 γὰρ
3799 4804 3874 4878 ἦν
3908 4811 3988 4862 δυ-

731 4885 881 4938 cnim
911 4883 1174 4952 possibile
1202 4892 1340 4949 erat,
1372 4893 1433 4938 ut
1476 4885 1591 4954 ipse
1621 4889 1967 4956 corruptione
2010 4897 2303 4943 teneretur.

2015 4897 2303 4943 teneretur.
2411 4896 2566 4949 νατὸν
2594 4897 2911 4968 κρατεῖσθαι
2941 4897 3101 4949 αὑτὸν
3136 4897 3241 4949 ὑπὸ
3269 4897 3366 4967 τῆς
3403 4897 3628 4968 φθορᾶς.

803 4977 888 5028 18.
915 4972 1116 5029 Omnes
1144 4987 1323 5029 autem
1349 4977 1620 5047 sapientes
1653 4978 1816 5048 hujus
1841 4981 2023 5035 saeculi
2053 4982 2169 5051 ipse
2192 4999 2307 5038 mo-

2485 4987 2570 5040 18.
2599 4989 2818 5050 Πάντας
2843 4989 2899 5040 δὲ
2937 4989 3062 5052 τοὺς
3091 4989 3284 5057 σοφοὺς
3316 4988 3409 5041 τοῦ
3440 4988 3634 5052 αἰῶνος
3664 4989 3859 5041 τούτου
3903 4991 3992 5042 αζι

733 5067 935 5122 rientes
961 5067 1184 5122 videbit.

2411 5080 2501 5142 τὸς
2535 5080 2722 5148 ὄψεται
2754 5080 3209 5151 ἀποθνήσκοντας.

805 5159 892 5211 19.
927 5157 1101 5211 Simul
1122 5172 1312 5214 omnes
1337 5160 1594 5230 peribunt
1625 5177 1734 5217 non
1769 5166 2090 5220 conﬁtentes
2127 5167 2304 5237 ipsum

2485 5173 2570 5225 19.
2612 5172 2980 5242 Ὀμοθυμαδὸν
3005 5173 3202 5236 πάντες
3222 5173 3546 5227 ἀπολοῦνται
3571 5175 3620 5225 οἱ
3647 5172 3722 5243 μὴ
3744 5171 3993 5240 λέγοντες

733 5259 854 5299 esse
886 5244 1080 5299 Deum.

2416 5264 2576 5317 αὐτὸν
2607 5260 2744 5318 εῖναι
2775 5266 2926 5318 Θεόν.

804 5337 895 5390 20.
925 5337 1272 5396 Daemonibus
1301 5342 1513 5398 animas
1537 5356 1666 5397 suas
1696 5343 1932 5399 tradent.

2488 5357 2577 5410 ΞΟ.
2611 5358 2734 5421 Τοῖς
2765 5358 2981 5428 δαίμοσι
3004 5357 3100 5421 τὰς
3128 5357 3302 5428 ψυχὰς
3335 5356 3514 5411 αὐτῶν
3540 5355 3995 5426 ὲμπιστεύσουσι.

1687 5459 1988 5520 Addenda
2022 5469 2082 5521 et
2114 5461 2495 5542 corrigenda
2528 5486 2606 5530 ex
2640 5470 2782 5533 md.
2825 5472 3027 5534 Vatic.

923 5549 1085 5638 ῥέγει
1117 5554 1346 5638 πᾷσινφ
1385 5555 1754 5638 προτίθεσθαι.
2493 5568 2566 5635 (5)
2598 5569 2671 5620 06
2699 5569 2818 5638 τῆς.

1359 5621 1570 5690 αἰῶνος.
2596 5641 2704 5723 K'al.
2738 5621 2898 5722 όίξδϋ
2924 5643 3111 5698 ἑαυτὸν
3135 5641 3291 5697 δώσει
3316 5641 3581 5723 ὲξίλασμα
3605 5643 3726 5713 τήν,
3759 5651 3865 5699 etc.

808 5691 884 5764 (5)
911 5691 1198 5764 ’ἐπισυστῇ
1228 5713 1333 5764 μοι.

1227 5713 1364 5780 im".
1419 5768 1442 5780 -
1621 5771 1632 5780 .
1727 5779 1730 5780 ν
1844 5769 1921 5780 ..
1998 5770 2008 5780 .
2164 5771 2188 5780 -
2497 5711 2571 5780 (7)
2616 5710 2828 5780 Ἐντῷο

809 5761 888 5830 (1)
913 5761 1275 5831 Τραμματεῖς
1308 5768 1504 5834 αὐτῶν,
1543 5771 1656 5836 καί,
1689 5779 1813 5837 etc.,
1841 5769 1931 5823 ἐπὶ
1961 5770 2056 5838 τὴν
2087 5771 2309 5838 γνῶσιν.

1175 5761 1275 5829 rei;
1308 5768 1504 5834 αὐτῶν,
1543 5771 1656 5836 καί,
1689 5779 1813 5837 etc.,
1841 5769 1931 5823 ἐπὶ
1961 5770 2056 5838 τὴν
2087 5771 2309 5838 γνῶσιν.
2499 5761 2512 5780 ’
2556 5761 2568 5779 I
2746 5761 2753 5762 ί
2781 5763 2788 5781 ’
