4084 6322
123 346 229 404 8M
1038 350 1126 403 DE
1164 349 1439 406 TITULIS
1476 352 2219 416 PSALMOIIUH.—PS.\L.
2250 361 2481 418 XLVIII.
3264 362 3369 419 812

196 463 289 519 21.
318 465 424 518 Kal
442 467 487 518 οἱ
508 465 665 535 τάφοι
693 466 870 520 αὐτῶν
890 468 1057 522 οἰκίαι
1082 468 1259 521 αὐτῶν
1285 472 1365 533 εἰς
1382 470 1472 523 τὸν
1495 472 1684 526 αἰῶνα·
1719 482 1772 537 Α

1753 495 1772 537 ι
1865 475 1952 530 21.
1984 475 2047 530 Et
2080 478 2324 549 sepulcra
2362 493 2552 533 eorum
2602 487 2801 534 domus
2851 478 3069 533 illorum
3114 476 3172 531 iu
3208 482 3366 531 aeter-

1798 583 1928 620 lIlIIII
1964 585 1977 620 ἰ

194 640 285 696 22.
318 640 658 713 Σκηνώματα
687 643 865 696 αὐτῶν
894 645 974 708 εἰς
1007 647 1198 714 γενεὰν
1224 648 1321 701 καὶ
1354 648 1547 716 γενεάν
1568 666 1582 679 ·

1864 662 1956 715 22.
1985 660 2359 716 Tabernacula
2401 675 2588 715 eorum
2635 662 2691 714 in
2724 660 3036 731 progeniem
3075 670 3130 714 et
3172 670 3358 729 proge-

1797 768 1941 807 IIICIII
1976 772 1989 807 Ζ

198 825 291 882 25.
341 825 769 879 Ἐπεκαλέσαντο
811 824 880 879 τὰ
926 825 1168 896 ὀνόματα
1213 827 1394 882 αὐτῶν
1441 828 1535 880 ἐπὶ
1586 832 1696 882 τῶν

1586 832 1696 882 τῶν
1867 844 1960 900 25.
2000 843 2341 900 Vocaverunt
2363 843 2585 898 nomina
2611 858 2706 898 sua
2736 842 2790 897 in
2821 842 2984 898 terris
3014 840 3151 896 suis.

119 917 300 985 γαιῶν
324 917 520 972 αὐτῶν.

202 1009 290 1063 21.
320 1012 430 1064 Kal
455 1011 754 1077 ἄνθοωπος,
788 1012 846 1065 ὲν
873 1013 1006 1081 τιμῇ
1036 1010 1131 1074 ὢν,
1161 1012 1221 1064 οὐ
1253 1012 1477 1066 συνῖικε’

1864 1014 1955 1070 21.
1989 1014 2056 1068 Ει
2103 1017 2267 1071 homo
2307 1033 2431 1073 eum
2475 1020 2530 1073 in
2570 1018 2775 1074 honore
2806 1026 2972 1084 esset,
3006 1030 3115 1071 non
3154 1011 3363 1070 intelle-

1795 1118 1872 1160 ιιι
1896 1151 1907 1162 .

197 1182 288 1237 25.
320 1183 777 1255 Παρασυνεϐλήθη
820 1187 932 1248 τοῖς
978 1185 1199 1255 κτήνεσι
1245 1187 1358 1249 τοῖς
1409 1187 1691 1259 ἀνοήτοις,

1863 1200 1953 1253 25.
1985 1198 2344 1269 Comparatus
2375 1199 2742 1271 estjumeutis
2776 1200 3178 1270 insipientibus,
3209 1208 3262 1256 et
3280 1200 3363 1257 ἐἰ-

114 1271 218 1325 καὶ
243 1272 500 1344 ὡμοιώθη
528 1275 732 1340 αὐτοῖς.

1796 1291 1938 1346 milis
1968 1291 2144 1346 factus
2170 1301 2253 1346 est
2282 1292 2410 1347 illis.

193 1363 287 1417 26.
321 1365 466 1435 Λῦτη
497 1368 530 1438 ἡ
561 1367 675 1430 ὁδὸς
703 1367 878 1420 αὐτῶν
906 1366 1202 1423 σκάνδαλον
1227 1372 1409 1435 αὐτοῖς
1429 1389 1443 1402 ·

1429 1389 1443 1402 ⁸
1862 1382 1950 1436 26.
1985 1382 2109 1438 llaec
2136 1385 2223 1439 via
2248 1381 2465 1440 illorum
2498 1383 2819 1439 scandalum
2852 1384 2985 1454 ipsis
3018 1402 3031 1438 :

194 1455 288 1509 27.
318 1457 426 1511 Kal
457 1459 593 1529 μετὰ
612 1458 783 1513 ταῦτα
809 1461 868 1513 ἐν
889 1459 966 1532 τῷ
998 1462 1227 1533 στόματι
1260 1464 1438 1517 αὐτῶν
1471 1465 1692 1536 εὐδοκή-

1428 1482 1438 1514 ο
1471 1465 1692 1536 εὐδοκή-
1860 1472 1952 1528 27.
1982 1471 2047 1528 Et
2072 1485 2260 1544 postea
2285 1474 2340 1529 in
2361 1488 2456 1529 ore
2478 1489 2580 1529 suo
2608 1475 3041 1544 complacebunt.

115 1563 328 1601 σουσιν.
672 1566 673 1569 “

683 1642 785 1697 Διά
795 1646 999 1713 ψαλμα
1032 1643 1128 1717 (ιι).

2412 1657 2741 1728 Diapsalma.

188 1732 283 1787 28.
329 1734 416 1796 Ὡς
446 1733 691 1805 πρόϐατα
717 1737 775 1790 ὲν
801 1736 901 1807 ᾇδη
932 1737 1147 1792 ἔθεντο·

1858 1748 1946 1803 28.
1981 1749 2133 1805 Sicut
2161 1766 2290 1807 oves
2320 1751 2375 1806 in
2408 1748 2620 1808 inferno
2644 1752 2805 1822 positi
2836 1761 3002 1810 sunt:

185 1826 283 1881 29.
311 1825 545 1890 Θάνατος
579 1832 836 1900 ποιμανεῖ
862 1830 1078 1894 αὐτούς.
1723 1823 1764 1877 Β

933 1830 1078 1894 τούς.
1723 1823 1764 1877 Β
1860 1837 1951 1893 29.
1976 1838 2123 1896 Mors
2148 1841 2402 1911 depascet
2430 1856 2546 1897 eos.

187 1916 281 1971 30.
310 1919 415 1971 Kal
439 1922 956 1992 κατακυριεύσουσιν
976 1923 1157 1976 αὐτῶν
1177 1926 1225 1977 οἱ
1246 1923 1422 1990 εὐθείς
1442 1927 1502 1979 τὸ
1526 1927 1684 1996 πρωϊ.

1860 1931 1950 1985 50.
1988 1931 2055 1987 Et
2083 1931 2530 2003 {dominabuntur
2559 1949 2748 1990 eorum
2779 1935 2913 2006 justi
2951 1937 3005 1990 in
3048 1939 3333 1997 matutino.

184 2010 279 2064 3|.
311 2012 420 2064 Kal
434 2015 467 2083 ἡ
488 2013 708 2084 βοήθεια
736 2014 915 2067 αὐτῶν
936 2014 1378 2089 παλαιωθήσεται
1399 2020 1456 2071 ὲν
1474 2017 1550 2089 τῷ
1566 2018 1685 2093 ᾄδῃ,

1606 2020 1685 2093 δη,
1856 2024 1944 2078 3i.
1980 2023 2045 2078 Et
2073 2025 2339 2080 auxilium
2362 2041 2552 2080 eorum
2584 2036 2883 2085 veterascet
2903 2029 2958 2082 in
2986 2028 3219 2095 inferno,

185 2102 281 2155 52.
324 2104 417 2157 Ἐκ
450 2106 548 2176 τῆς
574 2105 730 2179 δόξης
756 2106 936 2161 αὐτῶν
961 2108 1295 2180 ἐξώσθησαν.

1857 2116 1947 2171 52.
1976 2117 2018 2169 Α
2056 2117 2226 2188 gloria
2257 2131 2447 2172 eorum
2477 2118 2687 2189 expulsi
2721 2129 2867 2174 sunt.
3128 2176 3130 2181 ,

185 2193 280 2248 53.
312 2196 456 2267 Πλὴν
496 2199 523 2251 ὁ
555 2198 686 2263 Θεὸς
731 2198 1063 2270 λυτρώσεται
1097 2200 1195 2271 τὴν
1241 2200 1422 2272 ψυχήν
1470 2220 1573 2272 μου
1624 2205 1685 2257 ἐκ

1809 2278 1826 2288 ⁸
1856 2202 1943 2261 33.
1979 2207 2366 2264 Verumtamen
2400 2209 2541 2265 Deus
2564 2211 2793 2268 redimet
2822 2213 3059 2267 animant
3088 2228 3263 2270 meam
3295 2214 3362 2270 de

104 2304 170 2357 χε
180 2288 298 2360 ιρός
327 2288 471 2359 ᾅδου,

1794 2312 1957 2351 manu
1984 2297 2165 2365 inferi,

183 2381 279 2435 51.
319 2383 483 2436 Ὀταν
517 2383 766 2457 λαμϐάνῃ
801 2402 888 2456 με.

1867 2387 1956 2443 54.
1986 2386 2124 2444 Cum
2158 2390 2427 2461 acceperit
2456 2406 2560 2445 me.

183 2475 278 2528 35.
311 2476 401 2545 Μὴ
431 2475 616 2543 φοϐοῦ,
642 2476 767 2530 ὅταν
794 2478 1072 2550 πλουτήσῃ
1098 2468 1194 2533 ἄνθ
1204 2497 1403 2551 ρωπος,

1863 2479 1951 2534 ‘55.
1979 2479 2057 2536 Ne
2089 2482 2340 2539 timueris
2390 2496 2517 2539 cum
2553 2485 2706 2540 dives
2750 2483 2928 2541 factus
2970 2484 3134 2541 fuerit
3164 2484 3359 2549 homo,

178 2567 272 2621 ⁸56.
306 2568 373 2619 Ἢ
402 2568 527 2621 ὅταν
556 2568 829 2641 πληθυνθῇ
861 2572 894 2641 ἡ
922 2570 1045 2638 δόξα
1075 2572 1167 2626 τοῦ
1204 2575 1353 2626 οἴκου
1390 2574 1575 2627 αὐτοῦ.

1863 2567 1951 2622 56.
1981 2570 2090 2625 Aut
2139 2587 2264 2633 cum
2313 2572 2670 2644 multiplicata
2703 2572 2888 2629 fuerit
2936 2573 3107 2645 gloria
3163 2572 3360 2627 domus

1789 2673 1931 2727 ejus.

181 2769 265 2841 (α)
299 2767 377 2824 Ita
404 2770 524 2825 cod.
557 2769 724 2826 Vatic.

1231 2922 1597 2980 A'I‘IIANASII
1638 2920 2226 2981 INTERI’RETA'I‘IO.

179 3086 275 3140 21.
306 3085 416 3138 Καὶ
446 3085 501 3136 ἐν
523 3086 640 3146 ταῖς
665 3082 960 3153 ἁμαρτίαις
986 3085 1165 3137 αὐτῶν
1193 3081 1605 3136 ἀποθανοῦνται.
1711 3085 1755 3143 C

1284 3081 1605 3136 aOavoGwaz.
1711 3085 1755 3143 C
1857 3080 1944 3135 21.
1983 3080 2047 3136 Et
2080 3081 2134 3135 in
2173 3082 2408 3164 peccatis
2437 3081 2553 3138 suis
2581 3082 2897 3137 morientur.

176 3176 272 3229 22.
317 3176 382 3226 'Il
412 3173 675 3244 νέκρωσις
713 3171 890 3225 αὐτῶν
918 3175 994 3236 εἰς
1030 3172 1119 3225 τὸν
1146 3172 1316 3226 αἰῶνα
1339 3170 1434 3224 τοῦ
1464 3172 1677 3234 αἰῶνος.

1464 3172 1677 3234 αἰῶνος.
1860 3170 1951 3225 22.
1984 3170 2241 3226 lnteritus
2264 3187 2452 3227 eorum
2492 3173 2545 3226 in
2577 3175 2836 3229 saeculum
2870 3171 3074 3229 saeculi.

176 3269 273 3323 25.
307 3269 763 3338 Περιεποιήσαντο
789 3269 885 3331 τὰς
913 3270 1106 3339 γηῖνας
1134 3268 1326 3338 ἡδονὰς
1354 3268 1520 3337 αὐτῆς
1546 3268 1641 3337 (1).

1603 3268 1641 3337 ),
1858 3260 1945 3315 25.
1982 3262 2450 3332 Comparaveruut
2482 3264 2587 3318 sibi
2615 3273 2860 3319 terrenas
2888 3262 3214 3333 voluptates.

176 3362 272 3416 2-1.
304 3362 416 3414 Kal
447 3362 545 3415 οὐκ
580 3362 913 3428 ἐπέγνωσαν,
938 3363 1020 3415 ὅτι
1058 3363 1178 3415 κατ’
1207 3360 1390 3415 εἰκόνα
1424 3359 1558 3412 Θεοῦ
1593 3375 1682 3427 γε·

1858 3352 1949 3408 21.
1996 3353 2059 3409 Et
2112 3370 2222 3409 non
2271 3365 2677 3425 cognoverunt,
2729 3356 2876 3428 quod
2916 3357 3213 3412 secundum
3260 3353 3354 3412 Del

105 3458 391 3526 γένηνται.

1787 3446 2077 3517 imaginem
2103 3446 2232 3501 facti
2264 3456 2409 3502 sunt.

316 3546 453 3601 Ἀλλ’
485 3547 560 3609 ὠς
585 3548 738 3599 ἵπποι
763 3545 1087 3617 θηλυμανεῖς
1111 3546 1413 3617 εὑρέθησαν
1442 3544 1538 3602 (21.

1853 3536 1942 3591 25.
1978 3535 2085 3590 Sed
2114 3536 2277 3590 veluti
2322 3537 2448 3607 equi
2499 3536 2555 3591 iu
2606 3537 2836 3592 feminas
2884 3539 3219 3593 insanientes
3267 3539 3352 3592 in-

1785 3627 1930 3681 venti
1955 3635 2084 3681 sunt

179 3720 274 3776 26.
317 3722 382 3774 'II
427 3722 603 3794 τρυφὴ
646 3723 739 3775 καὶ
776 3724 957 3794 ἀπάτη
989 3722 1081 3778 τοῦ
1124 3724 1240 3794 βίου
1272 3726 1465 3778 τούτου
1513 3730 1678 3793 παγὶς

1854 3719 1944 3774 26.
1980 3719 2194 3776 Delicias
2221 3729 2275 3775 et
2305 3720 2573 3777 illecebrae
2604 3720 2767 3791 hujus
2788 3722 2909 3778 vita:
2940 3724 3173 3794 laqueus
3194 3722 3348 3794 ipsis.

103 3816 313 3868 αὐτοῖς.

176 3850 291 3961 2³1.⁵
302 3908 412 3960 Kal
438 3907 576 3977 μετά
599 3906 768 3961 ταῦτα
789 3908 888 3979 τὴν
916 3909 1199 3979 σπατάλην
1220 3909 1311 3963 τοῦ
1345 3910 1458 3964 ϐίου
1488 3911 1675 3964 τούτου

1629 3928 1675 3963 ,υ
1852 3894 1941 3948 27.
1966 3894 2031 3949 Et
2063 3904 2182 3965 post
2212 3897 2325 3951 hare
2345 3896 2535 3949 luxum
2563 3895 2726 3967 hujus
2751 3896 2932 3951 saeculi
2962 3896 3242 3951 amabunt.

103 3998 399 4068 ἑράσουσιν
434 3998 531 4067 (3).

176 4088 273 4142 28.
315 4088 404 4149 Ὠς
446 4086 615 4155 ἄλογα
664 4086 777 4151 ζῶα
826 4089 891 4158 τῇ
947 4086 1104 4158 ηὸονῆ
1152 4088 1247 4141 τοῦ
1293 4088 1407 4158 βίου
1454 4090 1678 4153 ἑαυτοὺς

1852 4068 1942 4123 28.
1968 4067 2039 4123 Ut
2067 4070 2223 4124 bruta
2258 4070 2513 4126 animalia
2543 4074 2913 4145 voluptatibus
2949 4075 3072 4130 vita:
3100 4089 3160 4131 se
3201 4074 3349 4146 ipsos

102 4180 454 4251 παρέδωκαν.

1778 4161 2148 4217 tradiderunt.

177 4270 272 4325 29.
299 4270 536 4333 Θάνατος
565 4268 739 4323 αὐτῶν
772 4268 1069 4340 κυριεύσει.

1033 4286 1069 4323 ι,
1851 4253 1942 4308 29.
1976 4254 2121 4309 Mors
2146 4254 2227 4310 eis
2255 4254 2646 4311 dominabitur.

175 4362 270 4416 30.
301 4364 363 4414 υἱ
392 4362 532 4429 ἅγιοι
562 4361 655 4414 τοῦ
677 4360 813 4414 Θεοῦ
839 4360 1113 4432 κρινοῦσιν
1146 4360 1339 4422 αὐτοὺς
1370 4362 1428 4417 ὲν
1456 4363 1523 4428 τῇ
1548 4360 1675 4412 ἀνα-

1850 4342 1940 4398 30.
1974 4342 2156 4400 Sancti
2202 4343 2296 4400 Dei
2345 4344 2668 4416 judicabant
2702 4359 2797 4401 eos
2832 4344 2886 4399 in
2927 4348 3344 4406 resurrectione.

105 4454 321 4506 στάσει.
1702 4443 1753 4502 D

176 4545 271 4598 51.
302 4543 412 4598 Καὶ
439 4546 472 4614 ἡ
507 4543 669 4613 σοφία
699 4543 791 4598 καὶ
825 4546 855 4597 ὁ
896 4542 1124 4607 πλοῦτος
1153 4543 1330 4596 αὐτῶν
1361 4545 1458 4596 σὺν
1491 4544 1677 4609 αὐτοῖς

1842 4540 1933 4601 51,
1964 4544 2030 4600 Et
2054 4545 2342 4614 sapientia,
2366 4557 2420 4602 et
2444 4546 2649 4605 divitia:
2673 4562 2860 4603 corum
2888 4561 3013 4603 cum
3034 4548 3167 4617 ipsis
3188 4563 3347 4606 erunt

101 4641 188 4699 εἴη
217 4641 303 4703 εἰς
328 4637 623 4692 ἀπώλειαν.

1777 4639 1833 4694 in
1861 4638 2243 4709 perditionem.

173 4732 267 4787 52.
296 4730 409 4787 Καὶ
434 4730 529 4801 τῆς
560 4728 846 4795 υἱοθεσίας,
902 4721 972 4802 ἧς
1009 4730 1155 4800 εἰχον
1183 4728 1245 4781 τὸ
1276 4728 1553 4800 πρότερον,
1586 4728 1675 4793 ὲξ-

1846 4727 1933 4781 52.
1969 4726 2035 4782 Et
2075 4728 2145 4783 ab
2183 4727 2493 4800 adoptione,
2522 4742 2686 4798 quam
2726 4737 2885 4783 antea
2929 4730 3219 4800 habebant,
3245 4749 3341 4789 ex-

99 4824 335 4877 ἔπεσαν.

1776 4818 2043 4873 ciderunt.

175 4919 268 4975 55.
298 4916 489 4987 Ὅμως
524 4915 553 4971 ὁ
583 4913 714 4977 Θεὸς
746 4908 1085 4984 λυτρώσεται
1113 4910 1211 4985 τὴν
1252 4910 1429 4983 ψυχήν
1472 4926 1571 4981 μου
1604 4912 1668 4964 ἑκ

1844 4909 1933 4962 53.
1965 4907 2349 4964 Verumtamen
2380 4908 2523 4965 Deus
2554 4909 2805 4965 liberabit
2831 4910 3067 4966 animam
3100 4926 3278 4970 meam
3312 4930 3342 4970 ο

98 5013 200 5083 τῆς
230 5007 506 5081 ἁμαρτίας
529 5005 624 5061 τοῦ
650 5005 901 5061 θανάτου.

620 5005 624 5054 ἱ
650 5005 901 5061 θανάτου.
1775 5010 2000 5069 peccato
2023 5001 2233 5056 mortis.

175 5104 267 5158 34.
308 5102 476 5154 Ὅταν
501 5096 861 5172 περιποιεῖται
899 5116 988 5168 με.

953 5116 988 5152 ε,
1846 5093 1934 5148 54.
1964 5093 2102 5148 Cum
2133 5095 2439 5164 possederit
2462 5113 2566 5152 me.

173 5195 266 5247 55.
304 5192 396 5263 Μὴ
423 5189 609 5259 φοϐοῦ,
637 5190 761 5243 ὃταν
791 5187 1008 5258 εὐθηνεῖ
1038 5187 1341 5259 ἄνθρωπος.

1848 5182 1936 5238 55.
1972 5181 2050 5238 Ne
2090 5184 2301 5251 timeas,
2331 5200 2456 5241 cum
2486 5194 2837 5257 prosperatur
2868 5183 3051 5239 homo.

170 5283 261 5337 56.
298 5284 369 5335 ‘H
395 5283 523 5335 ὅταν
549 5279 819 5350 ἀξιώμασι
851 5278 944 5332 καὶ
972 5281 1155 5349 τιμαῖς
1201 5277 1480 5347 μεγίσταις
1521 5292 1669 5347 περι-

1842 5274 1931 5331 36.
1970 5275 2035 5331 Et
2063 5292 2189 5331 cum
2221 5277 2416 5333 domus
2448 5278 2568 5349 ejus
2594 5276 2946 5350 dignitatibus
2986 5283 3043 5330 et
3086 5272 3339 5331 maximis

94 5375 363 5445 ϐέϐληται
394 5375 424 5427 ὁ
448 5368 594 5434 οἶκος
617 5370 806 5426 αὑτοῦ.

1773 5364 2077 5422 honoribus
2102 5367 2438 5423 circumdata
2462 5377 2562 5424 est.

1052 5541 1358 5607 Addenda
1406 5548 1466 5604 et
1496 5540 1873 5621 corrigenda
1904 5558 1981 5603 ex
2012 5542 2153 5605 cod.
2187 5542 2386 5607 Vatic.

214 5717 254 5776 Ι)
299 5712 564 5774 Ἐαυτοῖς.
1848 5706 1924 5778 (5)
1961 5703 2244 5779 Ἐρωνται,

240 5789 257 5862 )
287 5782 631 5855 Ηὺρὲθησαν.

344 5882 617 5945 Ρλπιοι.
658 5876 778 5938 Gn.
822 5872 1087 5938 XXVII.

2965 5862 3041 5924 27
