4084 6322
693 325 800 385 846
1503 328 1558 383 S.
1600 324 1973 383 ATHANASII
2022 323 2172 379 OPP.
2220 323 2305 377 PA

2330 321 2400 375 lS
2444 319 2535 373 111.
2569 351 2632 360 -
2670 316 3086 373 EXEGETICA.
3853 308 3943 361 844

772 445 858 500 57.
892 444 1158 512 Quoniam
1215 459 1339 499 eum
1388 442 1657 498 interierit
1710 443 1846 512 ipse,
1911 458 2019 496 non
2080 442 2339 499 sumetA

2328 476 2339 498 ι
2434 435 2521 488 57.
2556 434 2677 487 Ὀτι
2706 433 2802 485 οὐκ
2835 435 2892 484 ἐν
2915 430 2993 500 τῷ
3027 429 3390 500 ἀποθνήσκειν
3424 426 3587 482 αὐτὸν
3617 423 3858 495 λήψεται
3884 428 3941 478 τὰ

705 539 909 601 omnia,

2376 528 2571 588 πάντα,

771 627 861 682 58.
889 626 1073 698 Neque
1105 628 1393 683 descendet
1440 641 1563 683 cum
1606 643 1671 682 eo
1704 626 1875 698 gloria
1913 625 2033 696 ejus
2064 625 2265 697 [gloria

2443 618 2531 672 58.
2578 618 2711 671 Οὐδὲ
2772 615 3246 685 συγκαταϐήσεται
3305 610 3454 680 αὐτῷ
3509 611 3544 680 ἡ
3598 608 3735 675 δόξα
3788 608 3942 664 αὑτοῦ

705 720 899 775 domus
921 718 1082 792 ejus].

2375 709 2521 782 [δόξα
2550 708 2641 762 τοῦ
2672 709 2819 762 οἴκου
2849 706 3060 778 αὑτοῦ).

773 810 866 866 59.
896 808 1033 877 Quia
1063 811 1244 865 anima
1286 810 1402 878 ejus
1434 810 1487 863 in
1528 810 1636 863 vita
1684 809 1858 864 iusius
1890 806 2263 871 benedieetur,

2440 802 2658 856 59.”οτι
2693 804 2726 873 ἡ
2772 801 2917 872 ψυχὴ
2960 798 3123 854 αὑτοῦ
3162 798 3220 851 ὲν
3258 796 3324 866 τῇ
3364 793 3477 865 ζωῇ
3496 793 3665 847 αὐτοῦ
3712 793 3940 861 εὐλογη-

2373 895 2616 965 θήσεται,

777 993 862 1049 40.
894 991 1245 1047 Conﬁtebitur
1268 990 1364 1044 tibi
1395 1006 1517 1044 cum
1556 988 1887 1043 benefeceris
1909 986 1979 1042 ei.

2444 986 2531 1040 40.
2576 984 3052 1055 Ἑξομολογήσεταε
3082 1000 3183 1048 σοι,
3214 983 3343 1036 ὅταν
3372 980 3657 1050 ἀγαθύνῃς
3682 976 3866 1031 αὐτόν.

776 1080 860 1134 41.
894 1078 1141 1133 lntroibit
1162 1077 1411 1146 usqucjn
1436 1078 1741 1146 progeniem
1772 1085 1986 1146 patrum
2007 1088 2262 1139 suorum,

2194 1090 2262 1139 In.
2444 1080 2531 1133 41.
2563 1078 2938 1132 Εἱσελεύσεται
2966 1077 3071 1139 ἓως
3099 1077 3291 1144 γενεᾶς
3323 1075 3580 1144 πατέρων
3613 1069 3807 1136 αὐτοῦ,

774 1171 860 1224 ﬁ.
896 1168 1075 1239 Usque
1100 1170 1152 1223 in
1180 1179 1439 1222 aeternum
1473 1183 1578 1220 non
1620 1167 1818 1221 videbit
1846 1167 2047 1219 lumen.

1846 1167 2047 1219 lumen-
2443 1172 2530 1225 42.
2562 1172 2704 1235 Ἕως
2736 1170 2931 1233 αἰῶνος
2957 1170 3057 1221 οὐκ
3082 1169 3269 1237 ὄψεται
3300 1167 3432 1235 φῶς.

772 1262 856 1316 45.
895 1260 961 1316 Ει
1003 1261 1168 1315 homo
1199 1260 1392 1313 eumin
1436 1260 1638 1312 honore
1677 1267 1841 1315 esset.
1889 1271 1998 1310 non
2052 1253 2265 1310 intelle-

2113 1253 2265 1310 lelle-
2441 1264 2530 1317 45.
2560 1264 2667 1316 Καὶ
2698 1263 3003 1333 ἄνθρωπος,
3030 1263 3086 1314 ὲν
3112 1263 3245 1330 τιμῇ
3279 1258 3373 1324 ῶν,
3399 1260 3458 1310 οὺ
3489 1258 3724 1327 συνῆκε·

701 1366 797 1409 ιιι.

774 1446 858 1500 44.
890 1444 1248 1514 Comparatus
1277 1452 1360 1498 est
1380 1441 1643 1512 jumentis
1674 1438 2081 1508 insipientibus,
2107 1444 2161 1491 et
2185 1433 2261 1490 si-

2442 1436 2529 1490 44.
2574 1434 3033 1506 Παρασυνεϐλὴοη
3082 1436 3191 1496 τοῖς
3235 1433 3454 1503 κτήνεσι
3497 1436 3613 1494 τοῖς
3665 1431 3911 1501 ἀνοήτοις

702 1536 846 1591 milis
879 1535 1055 1591 factus
1082 1544 1165 1590 est
1189 1537 1314 1589 illis.

2370 1528 2465 1581 καὶ
2497 1526 2751 1598 ὡμοιώθη
2788 1528 2990 1588 αὐτοῖς.

1022 1626 1270 1682 Psalmus
1295 1632 1489 1698 Asaph.
1518 1628 1643 1683 PSA
1657 1627 1716 1681 L.
1750 1624 1952 1679 XLIX.

2664 1620 2909 1687 Ψαλμὸς
2942 1616 3020 1682 τῷ
3063 1618 3267 1685 Ἀσάφ.
3311 1619 3483 1670 ΨΑΛ.
3512 1618 3630 1668 ΜΘ

772 1720 823 1772 1.
860 1718 1002 1773 Deus
1046 1720 1267 1774 deorum
1300 1720 1560 1775 Dominus
1585 1722 1800 1775 locutus
1835 1726 1937 1784 est,
1968 1725 2022 1771 et
2049 1714 2264 1772 vocavit

2453 1715 2498 1768 l.
2530 1713 2661 1777 Θεὸς
2703 1714 2840 1766 θεῶν
2889 1714 3090 1777 Κύοιος
3131 1713 3379 1782 ἐλάλησε,
3431 1712 3524 1765 καὶ
3574 1712 3805 1765 ὲκὰλετε
3848 1711 3938 1779 τὴν

702 1818 932 1864 terram.
2302 1813 2344 1867 B
2373 1810 2498 1879 γῆν,

769 1897 823 1950 2.
858 1898 941 1952 Ab
970 1907 1090 1953 ortu
1124 1898 1253 1954 solis
1278 1913 1449 1967 usque
1478 1898 1543 1951 ad
1575 1911 1853 1951 occasum.

2438 1902 2493 1955 2.
2538 1901 2668 1954 Ἀπὸ
2692 1899 2962 1955 ἀνατολῶν
2993 1901 3143 1972 ἡλίου
3179 1901 3339 1972 μέχρι
3369 1899 3607 1968 δυσμῶν.

770 1989 823 2042 5.
856 1987 934 2043 Ex
964 1988 1093 2044 Sion
1122 1991 1327 2059 species
1352 1990 1563 2044 decoris
1589 1989 1710 2057 ejus
1742 2006 1754 2041 :

2436 1994 2487 2048 5.
2537 1995 2631 2047 Ἐκ
2658 1993 2797 2047 Σιὼν
2826 1997 2860 2065 ἡ
2897 1994 3196 2065 εὐπρέπεια
3221 1994 3321 2063 τῆς
3352 1993 3687 2062 ὼραιότητος
3722 1987 3884 2041 αὑτοῦ

769 2079 824 2134 4.
856 2077 997 2133 Deus
1024 2079 1307 2133 manileste
1333 2081 1529 2146 veniet,
1568 2078 1709 2135 Deus
1744 2085 1951 2145 noster,

2438 2084 2491 2137 4.
2538 2084 2595 2136 Ὀ
2624 2084 2755 2148 Θεὸς
2784 2084 3042 2155 ἐμφανῶς
3074 2084 3212 2153 ἣξει,
3240 2086 3268 2136 ὁ
3297 2084 3425 2147 Θεὸς
3461 2082 3535 2153 (ιι)
3564 2081 3742 2150 ἡμῶν,

773 2169 808 2223 5
862 2168 925 2223 Ει
950 2185 1055 2224 non
1091 2171 1290 2225 silebit.

2445 2175 2496 2228 5.
2530 2176 2641 2227 Kal.
2667 2176 2729 2228 οὐ
2761 2178 3266 2247 παρασιωπὴσεται.

777 2260 821 2314 6.
852 2260 995 2331 Ignis
1019 2262 1071 2316 in
1103 2271 1392 2332 conspectu
1419 2263 1535 2331 ejus
1558 2261 1875 2316 exardescet
1902 2279 1914 2314 :

1846 2269 1875 2314 ξι
1902 2279 1914 2314 :
2444 2265 2498 2321 6.
2535 2265 2652 2337 Πύρ
2687 2266 2913 2320 ἐνώπιον
2944 2268 3105 2321 αὑτοῦ
3132 2267 3459 2336 καυθήσεται

811 2389 826 2406 .
855 2349 919 2405 Et
945 2353 999 2405 in
1025 2353 1253 2408 circuitu
1283 2353 1398 2423 ejus
1435 2364 1727 2421 tempesms
1749 2352 1948 2405 valida.

2442 2355 2497 2410 7.
2530 2356 2640 2410 Kal.
2665 2357 2848 2429 κύκλῳ
2875 2358 3039 2412 αὑτοῦ
3065 2358 3315 2427 καταιγὶς
3349 2355 3575 2426 σφοδρά.

778 2526 848 2596 (α)
877 2527 1031 2581 Vers.
1065 2529 1119 2590 5,
1161 2528 1218 2578 '0
1246 2528 1396 2591 Θεός,
1432 2537 1560 2593 etc.,
1594 2532 2098 2603 παρασιωπήσεται.

1810 2685 2185 2742 ATHANASII
2212 2683 2809 2743 INTERPRETATIO.

773 2861 860 2923 57,
895 2862 981 2917 58.
1016 2860 1166 2914 Niln'l
1200 2864 1337 2915 enim
1362 2862 1639 2917 intulimus
1680 2865 1735 2916 in
1779 2864 2079 2928 mundum;
2119 2865 2261 2918 haud

2434 2865 2526 2931 57,
2553 2862 2642 2920 58.
2662 2862 2854 2918 οὐδὲν
2900 2860 3009 2931 γὰρ
3041 2860 3477 2930 εἰσηνέγκαμεν
3503 2861 3582 2928 (1)
3603 2862 3692 2923 εις
3717 2859 3826 2913 τὸν
3850 2861 3917 2913 κί’

702 2955 937 3014 dubium.
970 2955 1105 3024 quod
1138 2971 1224 3006 nec
1250 2955 1455 3022 auferre
1486 2955 1612 3023 quid
1637 2956 1923 3022 poterimus
1950 2957 2015 3009 ⁸⁷.

2364 2970 2543 3026 σμον·
2576 2956 2789 3026 δῆλον,
2809 2957 2897 3009 ὅτι
2920 2955 3061 3010 οὐδὲ
3081 2954 3416 3024 ἐξενεγκεῖν
3446 2971 3500 3007 τι
3532 2953 3916 3021 δυνησόμεθα

773 3046 862 3101 59.
892 3045 1158 3112 Quoniam
1205 3047 1386 3099 anima
1430 3047 1549 3115 ejus
1599 3046 1654 3100 in
1703 3048 1807 3102 hoc
1852 3048 2051 3104 saeculo
2103 3049 2261 3105 beata

2437 3045 2525 3099 59.
2558 3046 2681 3098 Ὅτι
2713 3048 2747 3117 ἡ
2776 3045 2923 3115 ψυχὴ
2968 3045 3130 3098 αὑτοῦ
3174 3048 3231 3099 ἐν
3272 3044 3350 3115 τῷ
3381 3043 3474 3097 νῦν
3516 3043 3675 3096 αἰῶνι
3710 3058 3937 3113 μακαοι-

701 3138 1105 3209 ρτωόίοιιὺὶιυν.
2367 3137 2649 3208 σθήσεται.

769 3230 860 3285 40.
888 3229 1244 3285 Conﬁtebitur
1280 3230 1376 3284 tibi
1413 3230 1465 3283 in
1502 3230 1722 3294 'udicio,
1771 3245 1895 3284 cum
1944 3230 2263 3287 humiliabis

2438 3229 2528 3283 40.
2574 3228 3053 3301 Ἑξομολογήσεταί
3085 3244 3164 3280 σοι
3188 3228 3246 3281 ὲν
3273 3231 3337 3298 τῇ
3369 3228 3569 3299 κρίσει,
3599 3228 3729 3280 ὅταν
3755 3242 3939 3280 ταπει-

702 3335 850 3375 eum.

2367 3320 2561 3384 νώσεις
2590 3321 2775 3377 αὐτόν.
3012 3384 3016 3389 ἱ

772 3410 862 3465 41.
901 3406 1164 3463 Tradetur
1199 3406 1343 3459 enim
1377 3407 1430 3459 in
1476 3407 1654 3461 locum
1692 3408 1896 3464 diaboli
1945 3418 1999 3466 et
2040 3411 2263 3482 angelo-

2410 3466 2415 3471 ,
2442 3412 2531 3466 41.
2565 3411 3007 3483 Παραδοθὴσεται
3037 3409 3143 3482 γὰρ
3166 3410 3243 3472 εἰς
3272 3409 3362 3461 τὸν
3388 3409 3550 3462 τόπον
3583 3409 3677 3462 τοῦ
3702 3409 3938 3463 autem»

704 3518 825 3557 rum
861 3501 1000 3570 ejus.

2373 3500 2465 3553 καὶ
2492 3499 2602 3554 τῶν
2637 3501 2884 3570 ἀγγέλων
2915 3500 3099 3554 αὐτοῦ.

770 3594 860 3649 42.
901 3593 991 3647 Est
1015 3594 1158 3647 enim
1191 3592 1242 3646 in
1281 3592 1517 3646 tenebris
1549 3594 1914 3649 exterioribus
1949 3594 2014 3647 ⁸⁸.

2444 3594 2535 3649 42.
2573 3596 2666 3659 Εἰς
2692 3596 2753 3648 τὸ
2789 3596 2976 3658 σκότος
3006 3595 3111 3665 γάρ
3140 3596 3254 3645 ἐστι
3287 3590 3362 3663 (‘2)
3393 3594 3454 3644 τὸ
3482 3590 3768 3663 ἐξώτερον.

771 3682 859 3737 45.
893 3679 1025 3736 Nam
1049 3688 1339 3737 cum’esset
1360 3681 1657 3736 secundum
1680 3682 1771 3737 Dei
1806 3684 2119 3752 imaginem,
2160 3699 2269 3741 non

2439 3687 2527 3741 45.
2560 3687 2696 3740 Κατ’
2730 3689 2915 3740 εἰκόνα
2959 3686 3069 3757 γὰρ
3118 3684 3252 3737 Θεοῦ
3302 3684 3411 3749 ὢν,
3456 3684 3556 3736 οὐκ
3606 3682 3826 3751 ἐπέγνω
3857 3681 3939 3735 τὸν

705 3774 958 3844 cognovit
984 3771 1245 3826 factorem
1276 3786 1457 3825 suum.

1278 3786 1457 3825 suum.
2368 3780 2675 3849 ποιήσαντα
2712 3779 2891 3833 αὐτόν.

775 3860 862 3913 44.
898 3859 1101 3914 Similis
1151 3860 1400 3913 inventus
1440 3868 1523 3916 est
1556 3860 1819 3930 jumentis
1864 3862 2266 3918 recalcitranti-

2438 3868 2528 3924 44.
2559 3871 2701 3934 Ἵσος
2731 3870 2923 3942 εὑρέθη
2948 3868 3053 3922 τῶν
3081 3865 3531 3938 ἁποσκιρτώντων
3558 3866 3655 3919 καὶ
3674 3868 3939 3922 ἀποστάν⁵

704 3955 829 4020 bus,
855 3963 907 4009 ct
930 3952 1320 4008 resilientibus.

1133 3952 1320 4006 itibus.
2369 3978 2478 4015 των
2512 3962 2746 4033 κτηνῶν.

786 4070 851 4122 Ἡ
895 4069 1221 4140 προκειμένη
1267 4067 1542 4136 ὲπιγριιιφὴ
1588 4069 1825 4139 περιέχει
1872 4072 1983 4141 (5)·
2024 4077 2264 4145 Ψαλμὸς
2293 4078 2373 4144 τῷ
2414 4082 2617 4151 Ἀσάφ,
2656 4082 2899 4135 τουτέστι
2926 4079 3137 4151 ψαλμδς
3173 4076 3248 4150 (4)
3283 4076 3360 4148 τῷ
3398 4080 3581 4149 κριτῇ.
3626 4078 3813 4150 Ἀσάφ
3838 4079 3936 4148 γὰρ

705 4158 912 4228 κριτὴς
936 4156 1315 4229 ἑρμηνεύεται.

778 4249 989 4305 Titulus
1020 4248 1307 4317 inscriptus
1337 4246 1575 4302 continet
1608 4264 1621 4299 :
1659 4244 1902 4300 Psalmus
1931 4252 2128 4317 Amph,
2175 4252 2279 4307 hoc
2305 4265 2388 4310 est
2432 4258 2675 4327 psalmus
2701 4258 2898 4314 Judiei.
2939 4260 3115 4329 Asaph
3161 4262 3306 4315 enim
3341 4262 3501 4329 iudex
3532 4261 3937 4333 interpretatur.

780 4346 832 4412 1,
866 4346 920 4397 ‘2.
952 4343 1094 4399 Deus
1140 4343 1419 4396 hominum
1468 4341 1731 4395 Dominus
1774 4356 1870 4411 per
1916 4344 2263 4410 praedicatio-

2449 4353 2500 4417 1,
2531 4353 2585 4407 2.
2616 4354 2747 4417 Θεὸς
2789 4357 2818 4407 ό
2846 4354 2955 4408 τῶν
2999 4356 3297 4427 ἀνθρώπων
3346 4358 3548 4428 Κύριος
3580 4359 3819 4431 ὲλάλησε
3858 4360 3939 4413 διὰ

709 4454 831 4494 nem
860 4438 1074 4492 locutus
1113 4444 1212 4496 est,
1247 4444 1301 4489 et
1325 4435 1537 4489 vocavit
1578 4449 1768 4489 omnes
1815 4435 1882 4489 ad
1912 4436 2071 4491 tidem
2101 4454 2260 4495 suam

2373 4443 2467 4497 τοῦ
2500 4446 2866 4518 κηρύγματος,
2906 4448 2999 4501 καὶ
3032 4448 3254 4502 ἐκάλεσε
3285 4450 3488 4513 πάντας
3522 4453 3601 4514 εἰς
3626 4452 3728 4524 τὴν
3752 4453 3935 4508 ἑαυτοῦ

708 4531 771 4585 al;
807 4537 929 4584 ortu
958 4528 1090 4583 solis
1120 4542 1291 4596 usque
1315 4525 1381 4580 ad
1407 4541 1686 4581 occasum.
2302 4563 2321 4617 Ι

2302 4563 2345 4617 D
2373 4536 2555 4589 πίστιν
2586 4536 2692 4589 ἀπὸ
2718 4538 2989 4592 ἀνατολῶν
3017 4540 3167 4610 ἡλίου
3200 4540 3304 4604 ἕως
3329 4540 3569 4613 δυσμῶν.

780 4624 832 4678 5.
859 4622 901 4675 E
923 4622 1073 4677 caelis
1103 4621 1363 4676 adventus
1382 4619 1570 4689 gratiae
1598 4618 1739 4687 ejus.

2446 4627 2498 4680 5.
2540 4628 2633 4680 Ἐκ
2649 4627 2756 4681 τῶν
2778 4629 3019 4700 οὐρανῶν
3043 4633 3075 4701 ἡ
3101 4632 3369 4702 παρουσία
3391 4633 3489 4702 τῆς
3511 4632 3739 4703 χάριτος
3756 4632 3914 4688 αὐτοῦ

779 4714 832 4768 4.
868 4715 927 4767 ln
960 4712 1422 4767 consummatione
1447 4711 1628 4765 smeuli
1655 4724 1844 4765 rursus
1870 4713 2069 4767 veniet.

2445 4718 2497 4771 4.
2541 4719 2629 4771 Ἐν
2654 4721 2719 4790 τῇ
2753 4720 3029 4792 συντελείᾳ
3054 4723 3213 4776 πάλιν
3239 4723 3331 4776 τοῦ
3363 4723 3556 4787 αἰῶνος
3585 4724 3720 4795 ἔλθῃ
3753 4726 3854 4797 (5).

778 4802 830 4857 5.
859 4800 1161 4871 Rcdarguet
1181 4802 1324 4855 enim
1352 4816 1540 4857 omnes
1571 4809 1901 4869 peccatores.

2447 4809 2499 4862 5.
2542 4810 2774 4879 Ἐλέγξει
2805 4812 2913 4883 γὰρ
2938 4812 3144 4876 πάντας
3164 4815 3289 4876 τοὺς
3322 4812 3726 4885 ἡμαρτηκότας.

779 4892 833 4947 6.
862 4890 1087 4947 Flumen
1112 4902 1167 4947 et
1195 4892 1343 4947 lacus
1370 4892 1527 4962 ignis.

2447 4900 2499 4953 6.
2541 4900 2598 4954 '0
2626 4904 2863 4973 ποταμὸς
2894 4904 2988 4957 καὶ
3021 4906 3054 4974 ἡ
3082 4904 3244 4977 λίμνη
3276 4904 3368 4958 τοῦ
3402 4904 3592 4975 πυρός.

782 4983 831 5039 7.
862 4982 1066 5040 Ventus
1096 4985 1384 5040 vehemens
1418 4986 1589 5055 magis
1629 4987 1911 5056 magisque
1958 4986 2262 5043 accendens

2446 4992 2497 5044 7.
2532 4994 2761 5064 ’Ἄνεμος
2789 4996 3014 5067 σφοδρὸς
3054 4996 3300 5061 ἐξάπτων
3330 4995 3591 5069 μειζόνως
3636 4999 3737 5070 τὴν
3772 4998 3934 5071 φλόγα

708 5077 983 5132 ﬂammam
1009 5077 1148 5148 ignis
1173 5078 1337 5132 illius.

1307 5094 1337 5132 ι.
2373 5081 2465 5133 τοῦ
2501 5083 2669 5154 πυρὸς
2694 5084 2920 5138 ἐκείνου.

781 5248 822 5277 ⁸⁷
861 5248 882 5300 ι
915 5248 1052 5302 Tim.
1095 5266 1167 5313 vr,
1220 5250 1271 5305 7.
1347 5250 1633 5322 “Matth.
1687 5252 1939 5321 “11,12;
1995 5268 2133 5318 χιιι,
2187 5254 2285 5322 l5;
2338 5273 2465 5325 xxv,
2496 5259 2583 5314 50.

1652 5410 1956 5472 Addenda
1988 5422 2048 5472 et
2079 5413 2453 5492 corrigenda
2506 5432 2582 5474 ex
2611 5416 2748 5476 eod.
2790 5415 2993 5477 Vatic.

786 5572 861 5645 (l)
893 5572 1286 5644 Εἰσενέγκαμεν
1321 5576 1375 5627 ἐν
1417 5573 1492 5643 τῷ
1520 5574 1705 5645 κόσμῳ
1732 5616 1743 5628 .
1768 5618 1778 5631 .
1802 5616 1814 5631 .
1840 5617 1852 5629 .
1911 5578 1961 5628 τί
1988 5595 2068 5641 τις
2101 5578 2260 5639 δυνή-
2650 5575 2735 5653 ᾅιὰ
2758 5577 2864 5653 ’τῆς
2894 5579 3263 5652 κινναὸἀρεως
3286 5558 3412 5653 περ.

714 5659 883 5716 σεται.
898 5713 956 5716 Α-

2446 5648 2519 5713 (4)
2558 5649 2802 5716 Ψαλμός
2830 5650 2999 5703 deest.

788 5714 862 5783 (2)
896 5713 1099 5766 Ἔσται.

2446 5717 2519 5787 (ὅ)
2553 5713 2731 5785 Ἔλθή
2764 5719 2912 5773 deest
2941 5719 2993 5772 in
3024 5719 3144 5775 cod.
