4068 6318
75 363 168 415 815
959 360 1044 413 DE
1077 359 1353 415 TlTULlS
1394 359 1841 418 PSAM‘IORUM.
1882 395 1948 404 —
1979 362 2175 422 PSAL.
2221 367 2404 424 XLIX.
3105 420 3112 426 .
3202 368 3305 423 846

136 476 186 528 8.
215 474 662 543 Προσκαλὲσεται
693 476 779 526 τὸν
819 474 1042 543 οὐρανὸν
1088 476 1198 528 ἄνω
1233 478 1324 529 καὶ
1361 475 1458 545 τὴν
1505 476 1628 544 γῆν,
1663 484 1708 540 Α

1394 475 1458 545 ὴν
1505 476 1628 544 γῆν,
1663 484 1708 540 Α
1805 480 1856 532 8.
1892 480 2185 536 Advocabit
2218 485 2414 537 uelum
2451 502 2666 540 sursum
2697 499 2746 541 et
2777 499 2998 556 terram,

136 565 186 618 9.
219 565 328 616 Τοῦ
357 566 633 636 διακρῖναι
664 566 753 616 τὸν
781 564 906 618 λαὸν
933 567 1114 618 αὑτοῦ.

1809 571 1859 624 9.
1899 569 1964 625 Ut
1997 573 2267 628 discernat
2295 577 2547 644 populum
2582 596 2760 633 suum.

137 656 220 710 10.
257 656 607 724 Συναγάγετε
636 655 780 725 αὐτῷ
812 658 936 718 τοὺς
962 658 1138 720 ὁσίους
1171 656 1353 720 αὑτοῦ,

1184 656 1353 720 ιὺτοῦ,
1809 663 1893 718 10.
1928 664 2268 736 Congregate
2293 669 2370 721 illi
2398 678 2620 723 sanctos
2651 672 2790 739 ejus,

138 749 220 799 11.
258 750 403 811 Τοὺς
446 749 848 817 διατιθεμένους
889 748 984 818 τὴν
1026 749 1288 820 διαθήκην
1339 749 1500 803 αὑτοῦ
1545 749 1637 804 ἐπὶ

1808 754 1892 808 1|.
1929 753 2030 819 Qui
2057 756 2309 812 ordinant
2344 769 2721 815 testamentum
2759 764 2878 832 ejus
2920 783 3081 836 super
3126 772 3296 824 sacri-

71 841 295 904 θυσίαις.
1737 846 1880 899 ficia.

140 933 220 984 12.
253 932 366 984 Καὶ
415 931 808 1000 ἀναγγελοῦσιν
843 934 891 984 οἱ
924 933 1138 1002 οὐρανοὶ
1167 934 1262 1004 τὴν
1293 932 1636 1004 δικαιοσύνην

1449 932 1636 1004 »σύνην
1809 936 1893 988 12.
1927 934 1987 989 Et
2020 939 2412 994 annuntiabunt
2442 942 2560 997 cozli
2589 943 2856 1011 justitiam
2892 946 3012 1015 ejus
3043 965 3055 1002 :

72 1021 256 1073 αὑτοῦ·

138 1115 217 1166 15.
250 1114 374 1166 Ὀτι
405 1114 436 1165 ὁ
472 1113 603 1175 Θεὸς
636 1115 828 1184 κριτής
853 1115 1021 1166 ἐστιν.

1809 1111 1891 1163 15.
1924 1111 2187 1176 Quoniam
2222 1113 2363 1169 Deus
2389 1118 2556 1184 judex
2587 1129 2691 1172 est.

139 1207 224 1259 14.
254 1207 550 1270 Ἄκουσον,
584 1206 709 1268 λαός
740 1224 862 1276 μου,
893 1209 984 1259 καὶ
1009 1207 1222 1276 λαλήσω
1255 1223 1355 1269 σοι,
1399 1203 1633 1276 Ἰσραὴλ,

1625 1243 1633 1265 ,
1811 1202 1893 1257 14.
1925 1202 2084 1268 Audi,
2119 1205 2349 1274 populus
2377 1223 2551 1268 meus.
2586 1219 2638 1263 et
2673 1211 2866 1281 loquar
2896 1215 3009 1280 tibi,
3044 1216 3231 1281 Israel,

146 1298 227 1350 15.
259 1299 370 1350 Καὶ
393 1299 833 1368 διαμαρτύρομαί
869 1315 976 1350 σοι·

909 1315 976 1350 οι·
1810 1294 1893 1348 15.
1924 1293 1990 1347 Et
2019 1297 2343 1351 testiﬁcabor
2378 1300 2471 1352 tibi
2504 1318 2515 1352 :

144 1389 225 1440 10,
263 1391 320 1441 Ὀ
351 1390 489 1452 Θεὸς
514 1393 541 1442 ὁ
565 1391 694 1452 θεός
730 1390 821 1442 σού
849 1392 962 1458 εἰμι
989 1389 1115 1458 ἐγώ.

1104 1431 1115 1442 ,
1809 1386 1893 1441 16.
1928 1386 2068 1442 Deus
2103 1388 2242 1444 Deus
2276 1401 2399 1444 tuus
2433 1407 2531 1460 ego
2567 1411 2706 1450 smn.

143 1478 224 1530 17.
261 1480 378 1530 Οὐκ
407 1481 502 1531 ἐπὶ
527 1481 646 1540 ταῖς
671 1478 879 1541 θυσίαις
907 1496 997 1530 σου
1026 1479 1226 1546 ἐλέγξω
1257 1495 1314 1530 σε
1336 1493 1349 1505 ’

1807 1478 1892 1531 17.
1928 1476 2044 1532 Νοη
2075 1478 2128 1532 in
2161 1481 2442 1537 sacriﬁciis
2471 1485 2577 1539 tuis
2608 1503 2830 1552 arguam
2863 1498 2917 1544 te
2953 1509 2961 1542 :

143 1570 223 1623 18.
257 1572 340 1623 Τὰ
387 1572 447 1623 δὲ
500 1572 922 1641 ὁλοκαυτώματα
965 1589 1056 1626 σου
1098 1571 1328 1624 ἐνώπιόν
1372 1569 1470 1642 μού
1522 1571 1635 1623 ἐστι

1809 1568 2251 1627 18.-Holocausta
2278 1585 2452 1629 autem
2482 1586 2570 1630 tua
2597 1578 2647 1630 in
2678 1595 2967 1650 conspectu
3012 1601 3131 1641 meo
3169 1599 3293 1643 sunt

79 1662 376 1723 διαπαντός.

364 1701 376 1713 .
1737 1673 1967 1727 semper.

142 1757 220 1808 19.
251 1755 323 1805 Οὐ
353 1753 579 1823 δέξομαι
604 1756 666 1805 ἐκ
697 1753 788 1806 τοῦ
819 1755 964 1806 οἴκου
994 1771 1085 1805 σου
1113 1754 1369 1824 μόσχους,

1810 1753 1894 1804 19.
1927 1751 2044 1805 Non
2069 1755 2334 1824 accipiam
2367 1757 2432 1809 de
2462 1757 2622 1813 domo
2654 1772 2742 1814 tua
2778 1766 2987 1823 vitulos.

147 1846 226 1898 20.
263 1846 398 1898 Οὖδὲ
432 1849 497 1898 ὲκ
527 1846 633 1898 τῶν
664 1846 921 1916 ποιμνίων
953 1863 1042 1897 σου
1071 1847 1354 1916 χιμάρους.
1666 1839 1710 1896 Β

1231 1863 1354 1908 ›ους.
1666 1839 1710 1896 Β
1807 1843 1896 1899 20.
1929 1845 2109 1916 Neque
2133 1848 2199 1902 de
2228 1850 2478 1918 gregibus
2506 1854 2613 1905 tuis
2639 1855 2837 1912 hircus.

142 1942 224 1993 21.
253 1943 376 1994 ’Ὁτι
409 1942 522 2011 ὲμὰ
553 1943 670 1994 ἐστι
700 1943 876 1994 πάντα
909 1941 975 1991 τὰ
1003 1940 1168 2008 θηρία
1189 1938 1283 1991 τοῦ
1311 1937 1503 2009 ἀγροῦ,

1812 1936 1899 1991 21.
1936 1938 2201 2004 Quoniam
2231 1956 2363 1996 mea:
2393 1954 2520 1996 sunt
2553 1960 2740 2001 omnes
2772 1951 2897 2004 fera:
2926 1952 3204 2018 silvarum,

142 2034 226 2089 22.
262 2035 453 2104 Κτήνη
479 2037 537 2090 ὲν
559 2037 671 2096 τοῖς
695 2033 842 2104 δρεσι
874 2031 968 2084 καὶ
999 2031 1144 2100 βόες.

1812 2025 1901 2078 22.
1932 2027 2180 2083 Jumcnta
2217 2031 2270 2083 in
2306 2033 2602 2096 montibus,
2632 2049 2681 2089 et
2709 2038 2888 2094 boves.

145 2127 228 2178 25.
262 2127 522 2194 Ἔγνωκα
543 2127 719 2178 πάντα
740 2123 808 2176 τὰ
836 2121 1052 2174 πετεινὰ
1075 2121 1167 2174 τοῦ
1191 2119 1421 2193 οὐρανοῦ
1445 2135 1460 2154 ·

1261 2119 1421 2193 ρανοῦ
1445 2135 1460 2154 ε
1812 2116 1900 2171 25.
1927 2117 2165 2188 Cognovi
2199 2124 2380 2177 omnia
2418 2127 2654 2182 volatilia
2692 2131 2811 2184 ςαξῑὶ
2851 2151 2860 2184 :

150 2218 233 2271 24.
263 2219 373 2270 Καὶ
405 2217 677 2290 ὡραιότης
707 2213 876 2285 ἀγροῦ
905 2215 1018 2284 μετ’
1047 2213 1177 2282 ἐμοῦ
1202 2215 1370 2265 ἐστιν.

1303 2231 1370 2265 ιν,
1815 2209 1902 2261 24.
1942 2209 2002 2264 Et
2038 2212 2383 2280 pulchritudo
2417 2219 2530 2286 agri
2568 2236 2776 2276 merum
2802 2235 2901 2279 est.

143 2306 226 2358 25.
264 2308 390 2360 Ἐὰν
422 2307 685 2368 πεινάσω,
713 2306 771 2357 οὐ
808 2306 881 2376 μή
909 2322 989 2356 σοι
1018 2305 1183 2356 εἴπω·

1813 2301 1904 2355 25.
1937 2302 1991 2356 Si
2025 2307 2289 2370 esuriem,
2315 2324 2421 2362 non
2449 2311 2624 2365 dicam
2659 2315 2753 2368 tibi
2784 2333 2794 2365 :

148 2399 228 2451 26.
267 2399 404 2469 Ἐμὴ
440 2400 549 2468 γάρ
585 2400 729 2450 ἐστιν
763 2400 794 2468 ἡ
837 2398 1128 2467 οἰκουμένη
1160 2399 1251 2450 καὶ
1277 2397 1337 2450 τὸ
1369 2397 1639 2468 πλήρωμα

1817 2392 1904 2448 26.
1937 2394 2085 2449 Meus
2110 2408 2190 2450 est
2222 2401 2364 2453 enim
2396 2401 2544 2456 orbis
2571 2414 2744 2472 terrae,
2767 2416 2821 2462 et
2849 2409 3130 2478 plenitudo
3155 2415 3291 2484 ejus.

93 2508 264 2560 αντης.

1193 2660 1562 2716 ATIIANASII
1607 2659 2184 2720 INTERPRETATIO.

155 2820 211 2885 8,
245 2821 294 2875 9.
331 2823 523 2894 Στήσει
565 2825 688 2886 τοῦς
720 2823 786 2875 τὰ
828 2823 1048 2891 οὐράνια
1091 2822 1464 2891 φρονήσαντας
1487 2859 1502 2882 ,
1538 2819 1636 2874 καὶ

1819 2821 1872 2883 8,
1911 2821 1960 2873 9.
2003 2819 2165 2875 Sistet
2198 2822 2297 2875 sibi
2334 2839 2458 2886 eos,
2500 2828 2589 2895 qui
2617 2831 2851 2884 rmlestia
2881 2835 3211 2903 cogitarunt,
3246 2854 3295 2890 et

104 2915 210 2977 τοὺς
221 2915 288 2968 ιὰ
303 2917 484 2986 γήινα,
501 2915 594 2967 καὶ
617 2916 840 2966 ἕκαστον
855 2915 1026 2984 κρινεῖ
1043 2911 1183 2964 κατὰ
1195 2911 1255 2963 τὸ
1277 2912 1431 2982 ἔργον
1452 2911 1636 2964 αὑτοῦ.

1749 2911 1841 2978 qui
1881 2920 2088 2965 terrena
2110 2954 2125 2977 ,
2168 2925 2222 2968 et
2252 2931 2687 2985 unumquemque
2708 2920 2970 2988 judicabit
3001 2928 3295 2980 secundum

1745 3019 1906 3071 opera
1941 3019 2058 3057 sua.

163 3092 238 3144 10.
267 3092 461 3161 Στήσει
487 3091 682 3152 αὐτοὺς
713 3092 774 3142 ἐκ
802 3089 987 3155 δεξιῶν
1016 3087 1180 3142 αὑτοῦ

1818 3094 1904 3145 10.
1933 3094 2236 3149 Constituet
2267 3113 2358 3152 eos
2386 3114 2416 3152 a
2449 3098 2650 3156 dextris
2680 3105 2811 3159 suis.

165 3183 243 3236 11.
280 3183 397 3234 Ἐπὶ
428 3181 767 3251 ἐλεημοσύνῃ
794 3183 886 3233 καὶ
913 3181 1090 3233 πίστει
1123 3180 1276 3251 ὀρθῇ.
1673 3234 1714 3251 _

1177 3180 1276 3250 ›θῇ.
1673 3234 1714 3251 η
1816 3185 1899 3238 11.
1934 3186 1988 3238 lu
2021 3188 2392 3244 misericordia
2419 3202 2470 3245 et
2494 3194 2596 3247 ﬁde
2622 3206 2783 3250 recta.

164 3234 241 3335 12,
271 3275 349 3327 15.
393 3234 817 3343 Ἀνυμνήσουὲιν
856 3274 904 3326 οἱ
935 3273 1078 3340 ἆγιοι
1108 3234 1206 3344 τήν
1229 3234 1395 3335 ⁸δόξαν
1440 3270 1602 3326 αὑτοῦ
1625 3311 1639 3334 ,
1670 3234 1714 3294 C

1693 3234 1714 3255 ,
1821 3234 1899 3238 __-
2021 3234 2392 3244 ---η-.-.νψυω
2421 3234 2470 3245 ν.
2494 3234 2596 3247 ..αν
2623 3234 2784 3250 ww...

1693 3273 1714 3294 ⁴
1824 3275 2019 3340 12,15.
2052 3279 2368 3334 Laudabunt
2408 3283 2579 3336 sancti
2610 3285 2835 3355 gloriam
2873 3289 3010 3358 ejus,
3045 3298 3299 3351 conﬁten-

103 3366 481 3435 ὁμολογοῦντες,
511 3370 591 3420 ὅτι
619 3369 645 3418 ὁ
671 3367 803 3430 Θεὸς
834 3368 1026 3436 κριτής
1051 3368 1219 3419 ἐστιν.

883 3368 1026 3436 οιτής
1051 3368 1219 3419 ἐστιν.
1746 3376 1826 3422 tes
1856 3369 1998 3438 quod
2029 3367 2169 3424 Deus
2191 3371 2350 3439 judex
2389 3383 2489 3427 est.

163 3458 237 3510 14.
272 3459 369 3511 Διὰ
401 3459 463 3512 τὸ
498 3460 588 3511 τὸν
622 3459 750 3509 Θεὸν
783 3456 994 3525 μέλλειν
1041 3457 1245 3523 κρίνειν
1273 3455 1369 3524 τὴν
1394 3453 1644 3523 οίκουμέο

1818 3460 1902 3512 14.
1953 3457 2220 3524 Quoniam
2273 3463 2412 3517 Deus
2461 3465 2803 3532 judicaturus
2870 3480 2953 3524 est
3003 3477 3299 3541 mundum,

105 3567 212 3618 νην,
243 3551 485 3621 παραινῶ
517 3567 597 3602 σοι
619 3588 632 3610 ,
683 3550 761 3612 εἰς
798 3547 1042 3617 ὑπακοὴν
1085 3546 1403 3618 εὐτρέπισόν
1457 3563 1545 3617 μοι
1578 3546 1644 3598 τὰ

1746 3551 1935 3606 hortor
1963 3563 2032 3617 te,
2060 3563 2119 3607 ut
2150 3555 2278 3607 mihi
2308 3572 2575 3626 pratpares
2609 3576 2768 3616 aures
2808 3572 2928 3618 tuas
2974 3568 3038 3618 ad
3080 3573 3303 3626 audien-

107 3634 204 3693 ὦτά
229 3659 338 3707 σου,
369 3643 465 3695 καὶ
493 3641 689 3706 διδάξω
719 3657 799 3692 σε.

719 3657 799 3692 σε.
1746 3641 1892 3708 dum,
1928 3654 1981 3697 et
2007 3646 2211 3699 docebo
2243 3656 2310 3699 te.

165 3733 242 3787 15.
273 3735 377 3788 Καὶ
404 3731 843 3806 διαμαρτύρομαί
881 3749 991 3793 σοι,
1021 3731 1057 3784 ἃ
1094 3731 1305 3802 μέλλεις
1335 3747 1644 3798 φυλαττειν,

1820 3736 1909 3790 15.
1956 3737 2018 3791 Et
2068 3739 2392 3794 testiﬁcabor
2436 3744 2570 3806 tibi.
2617 3763 2735 3815 qua!
2775 3763 2806 3802 a
2858 3759 2908 3804 te
2950 3755 3301 3812 custodienda
3382 3761 3384 3765 ’

110 3823 270 3889 ὁλαὸς
300 3830 326 3880 ὁ
352 3827 444 3880 τοῦ
475 3826 633 3880 Θεοῦ.
671 3824 909 3894 Ἰσραὴλ
951 3825 1057 3896 γὰρ
1097 3823 1456 3896 ἑρμηνεύεται
1500 3822 1648 3887 λαὸς

1749 3837 1893 3891 sunt,
1923 3835 2117 3898 popule
2169 3832 2279 3885 Dei.
2309 3831 2478 3888 Israel
2503 3839 2644 3891 enim
2673 3839 3050 3911 interpretatur
3082 3850 3300 3917 populus

115 3917 357 3987 ἰσχυρός,
1751 3921 1923 3990 fortis.

179 4009 252 4064 16.
289 4011 423 4078 Ἐγὼ
456 4012 534 4077 (1)
564 4014 592 4063 ὁ
620 4010 771 4073 Θεὸς,
804 4013 975 4080 φημὶ,
1005 4010 1034 4062 ὁ
1059 4009 1190 4073 Θεός
1219 4025 1331 4062 σου.

1219 4025 1331 4062 σου.
1822 4014 1904 4069 16.
1938 4015 2048 4086 Ege
2081 4016 2242 4082 Deus,
2279 4019 2472 4089 inquit,
2503 4019 2642 4075 Deus
2671 4033 2812 4077 tutis.

181 4094 253 4150 17.
279 4090 392 4151 ’Ὅτι
433 4100 534 4152 οὐκ
578 4100 662 4151 ἐπ’
708 4099 779 4168 (2)
815 4099 936 4168 ἐμοὶ
972 4099 1302 4169 προσφέρεις
1345 4097 1533 4161 Θυσίας
1573 4097 1650 4168 τῷ

1822 4104 1905 4158 17.
1937 4104 2202 4171 Quoniam
2237 4126 2341 4164 non
2383 4112 2613 4179 amplius
2655 4115 2784 4167 mihi
2834 4117 2994 4172 offers
3036 4125 3300 4178 sacriliria

117 4180 217 4254 Θεῷ
243 4203 348 4249 σου,
375 4188 510 4241 ἀλλὰ
533 4189 767 4257 δαίμοσι,
797 4187 890 4239 καὶ
919 4186 1172 4252 εἰδώλοις,
1207 4187 1299 4239 καὶ
1325 4187 1583 4258 δένδρεσι.

1754 4194 1862 4247 Deo
1897 4205 2011 4262 tuo,
2042 4198 2135 4254 sed
2165 4199 2520 4263 daemonibus,
2553 4212 2606 4255 et
2635 4204 2811 4270 idolis,
2844 4219 2894 4262 et
2926 4212 3227 4272 arboribus.

183 4279 257 4331 18.
283 4281 358 4333 Τὰ
378 4283 432 4334 δὲ
463 4284 666 4352 κρύιρια
687 4280 786 4351 τῆς
821 4281 1044 4352 καρδίας
1075 4298 1166 4334 σου
1201 4279 1312 4350 ὁρῶ
1341 4279 1646 4344 διαπαντός.

1516 4281 1646 4344 ντός.
1823 4286 1908 4340 18.
1937 4287 2160 4344 Occulta
2184 4299 2364 4345 autem
2389 4293 2569 4348 cordis
2600 4298 2674 4349 tui
2705 4300 2859 4354 video
2892 4316 3122 4374 seraper.

181 4371 257 4424 19.
285 4375 416 4438 Τοὺς
452 4374 833 4443 κερατίζοντας
875 4375 968 4427 καὶ
1009 4374 1342 4444 σκιρτῶντας
1384 4372 1537 4442 ὑμῶν
1577 4373 1652 4436 ὼς

1826 4379 1910 4434 19.
1945 4380 2212 4444 Petulcos.
2263 4394 2316 4437 et
2354 4385 2692 4444 lascivientes
2721 4403 2975 4462 tanquam
3005 4371 3200 4455 vitulos
3237 4418 3299 4458 ex

127 4465 365 4535 μοσχάρια
393 4470 453 4520 οὐ
481 4467 604 4536 δέχο
613 4485 724 4536 μαι.

688 4486 724 4519 ι.
1753 4472 1905 4526 vobis
1929 4487 2034 4526 non
2066 4473 2290 4543 accipio.

178 4553 257 4608 20.
280 4557 408 4622 Τοὺς
436 4559 738 4630 τριχώδεις,
768 4561 1010 4611 τουτέστι
1036 4558 1160 4621 τοὺς
1189 4560 1418 4630 πόρνους
1453 4560 1545 4614 καὶ
1562 4556 1649 4626 βε·
1681 4583 1726 4638 D

1697 4583 1726 4636 ο
1823 4563 1912 4618 20.
1939 4562 2168 4628 Pilosos.
2209 4567 2312 4622 hoc
2353 4578 2432 4622 est
2471 4567 2849 4642 fornicatores,
2896 4586 2950 4631 et
2996 4579 3303 4641 immundos

127 4625 313 4714 δήλους,
340 4651 397 4702 οὐ
428 4625 652 4722 δέχομαι
1262 4625 1273 4630 ⁷
1565 4625 1572 4626 7
1681 4625 1722 4638 υ

518 4625 652 4722 [ομαι
679 4651 777 4721 (5).
1262 4625 1273 4630 ⁷
1565 4625 1572 4626 7
1681 4625 1722 4638 ν
1750 4672 1859 4711 non
1900 4656 2124 4725 accipio.

183 4738 260 4793 21.
285 4742 362 4796 Τὰ
385 4743 514 4814 ἔθνη
543 4744 709 4812 λέγει.

1819 4749 1908 4803 21.
1936 4747 2135 4805 Gentes
2163 4750 2447 4821 signiﬁcat.

185 4828 263 4888 22.
287 4834 417 4898 Τοὺς
456 4835 646 4904 ἁγίους
687 4839 744 4891 ὲν
781 4837 899 4898 ταῖς
942 4833 1184 4907 Γραφαῖς
1229 4836 1320 4888 καὶ
1357 4837 1482 4900 τοὺς
1529 4835 1655 4890 ἁπο-

1397 4837 1482 4900 οὺς
1529 4835 1655 4890 ἁπο-
1817 4840 1905 4894 22.
1941 4841 2170 4897 Sanctos
2197 4843 2249 4897 in
2277 4843 2592 4916 Scripturis,
2627 4859 2679 4904 et
2708 4855 3003 4918 apostolos.

133 4923 342 4990 στόλους.

194 5012 266 5068 25.
293 5018 397 5084 Τὰς
425 5020 603 5092 ψυχὰς
632 5020 777 5089 λέγει
807 5022 903 5085 τὰς
937 5020 1028 5072 ἐπὶ
1068 5020 1134 5072 τὰ
1169 5019 1394 5090 οὐράνια
1423 5020 1653 5074 ἀνιπταο

1821 5018 1910 5072 25.
1945 5018 2512 5092 Animas.siguiﬁcat,
2556 5042 2772 5082 sursum
2804 5029 2870 5084 ad
2899 5032 3139 5089 cmlestia
3185 5049 3313 5091 evo-

139 5105 296 5173 μένας,
1757 5113 1950 5168 lantes.

191 5197 270 5252 21.
295 5203 352 5257 Oi
378 5206 794 5268 πεπιστευκότες
821 5206 878 5257 ὲν
899 5204 974 5274 τῷ
1004 5177 1207 5273 κόσμῳ.

1149 5221 1207 5272 ῳ.
1819 5204 1910 5257 24.
1946 5204 2050 5270 Qui
2079 5207 2422 5264 crediderunt
2451 5211 2502 5263 in
2533 5213 2755 5267 mundo.

195 5289 271 5344 25.
306 5294 385 5347 Ἑν
413 5297 488 5367 τῷ
520 5296 695 5366 καιρῷ
726 5297 822 5366 τῆς
851 5295 1143 5366 παρουσίας
1175 5312 1292 5364 μου.

1046 5295 1143 5357 πίας
1175 5312 1292 5364 μου.
1829 5295 1917 5348 25.
1950 5295 2212 5367 Tempore
2244 5302 2347 5354 mei
2377 5302 2652 5360 adventus.

191 5378 270 5434 26.
296 5384 492 5453 Πάντες
521 5389 572 5441 οἱ
605 5387 723 5440 λαοὶ
754 5387 860 5440 τῶν
890 5386 1079 5441 ὲθνῶν.

1039 5405 1079 5441 υ,
1831 5386 1921 5439 26.
1953 5386 2152 5444 Omnes
2176 5393 2412 5460 gentium
2442 5397 2645 5464 populi.

1045 5520 1348 5584 Addenda
1378 5529 1438 5586 et
1468 5523 1838 5604 corrigenda
1880 5543 1957 5586 ex
1997 5529 2136 5589 cod.
2176 5531 2374 5595 Vatic.

459 5692 572 5764 είμι
598 5693 627 5745 ὁ
651 5691 802 5758 Θεὸς,
829 5691 856 5744 ὁ
886 5691 1032 5754 Θεός.
1840 5701 1909 5772 (5)
1950 5702 2035 5765 Ὡς
2070 5704 2259 5768 Ἠσαῦ,
2294 5706 2600 5762 τουτέστι...
2637 5706 2876 5778 δέξομαι.
