4068 6318
731 335 839 391 847
1544 340 1626 410 ιε.
1659 338 2022 396 ATIIANASII
2056 341 2204 398 OPP.
2246 341 2426 396 PARS
2465 340 2548 395 Ill.
2591 372 2656 384 -
2699 341 3110 398 EXEGETICA.
3905 339 4002 393 848

807 451 892 504 27.
929 454 1183 520 Nunquid
1215 450 1552 506 manducabo
1584 465 1778 509 carnes
1813 455 2136 508 taurorum?
2328 467 2368 514 Λ

1813 455 2136 508 taurorum?
2328 467 2368 514 Λ
2469 455 2555 508 27.
2588 455 2677 525 Μὴ
2710 457 2968 527 φάγωμαι
2998 455 3133 527 κρέα
3166 460 3411 529 ταύρων;

810 543 896 596 28.
929 542 1035 597 Aut
1056 543 1372 612 sanguinem
1406 544 1679 600 hircorum
1712 546 1952 614 potabo?

1743 546 1952 600 otabo?
2466 545 2554 597 28.
2586 547 2653 597 ’Ἡ
2689 543 2830 616 αἷμα
2857 547 3071 616 τράγων
3103 548 3310 618 πίωμαι
3339 568 3349 611 ς

809 634 896 690 29.
927 635 1148 688 lmmola
1177 635 1283 691 Deo
1309 636 1632 691 sacriﬁcium
1669 637 1844 691 laudis
1864 677 1878 702 ,

2463 635 2552 688 29.
2586 637 2757 689 Θῦσον
2780 637 2857 707 τῷ
2881 636 3000 707 Θεῷ
3025 637 3214 690 ουσίαν
3243 641 3529 703 αἰνέσεως·

809 727 900 782 50.
935 726 998 781 Et
1026 727 1186 781 redde
1212 727 1491 784 Altissimo
1522 738 1643 784 vota
1678 738 1787 784 tua.

2465 728 2553 780 56.
2587 729 2693 780 Καὶ
2717 730 2914 792 ἀπόδος
2939 730 3016 800 τῷ
3054 731 3290 801 ’Υψίστῳ
3311 732 3409 794 τὰς
3429 734 3598 802 εὐχάς
3629 751 3765 788 σου.

807 818 897 873 Si.
924 817 990 872 Et
1015 817 1202 872 invoca
1231 835 1316 874 me
1347 821 1400 874 in
1434 821 1520 875 die
1551 821 1916 877 tribulationis
1946 830 2050 876 tuae
2081 838 2094 875 :

2465 821 2551 874 51.
2585 822 2690 873 Καὶ
2723 821 3038 875 ἐπικάλεσαί
3073 839 3138 891 με
3167 823 3223 876 ὲν
3250 824 3430 894 ἡμέρᾳ
3459 824 3706 893 θλίψεὼς
3749 841 3884 878 σου·

806 909 895 964 32.
925 908 1124 963 Eruam
1157 918 1230 974 te,
1259 917 1313 965 et
1342 911 1668 981 glorilicabis
1701 927 1807 966 me.

2466 910 2552 963 52.
2586 912 2692 963 Καὶ
2721 912 3004 982 ὲξελοῦμαὶ
3040 930 3119 975 σε,
3162 916 3254 966 καὶ
3287 915 3525 981 δοξάσεις
3550 933 3649 987 με.

804 1003 893 1056 55.
926 999 1200 1056 Peecatori
1231 1012 1412 1057 autem
1439 1003 1574 1057 dixit
1608 1003 1746 1058 Deus
1777 1023 1788 1056 :

2462 1002 2549 1055 55.
2584 1003 2672 1072 Τῷ
2699 1003 2755 1054 δὲ
2785 1003 3088 1074 ἁμαρτωλῷ
3114 999 3264 1057 εἶπεν
3294 1008 3320 1057 ὁ
3349 1008 3509 1070 656.;-

805 1094 893 1170 54.
922 1093 1100 1160 Quare
1130 1102 1187 1149 tu
1212 1109 1434 1150 enarras
1457 1094 1698 1164 justitias
1725 1096 1911 1151 meas?

2462 1093 2548 1146 54.
2581 1093 2694 1146 Ἵνα
2723 1095 2773 1147 τί
2803 1096 2866 1146 σὺ
2896 1095 3115 1168 ὲκδιηγῇ
3147 1098 3213 1149 τὰ
3241 1098 3580 1168 δικαιώματά
3614 1119 3769 1170 μου;

802 1166 888 1242 55.
905 1181 981 1242 Et
1007 1188 1242 1242 assumis
1262 1181 1665 1243 Testamentum
1687 1203 1865 1242 meum
1897 1203 1992 1258 per
2014 1203 2074 1243 os
2105 1189 2294 1242 tuum?

2465 1184 2554 1240 55.
2588 1186 2695 1237 Ka‘t
2726 1166 3125 1259 ἀναλαμϐάνεις
3154 1190 3252 1260 τὴν
3280 1166 3535 1262 διαθήκην
3571 1166 3676 1262 μου
3723 1192 3826 1245 διὰ
3864 1190 3981 1245 στό-

2399 1276 2564 1344 ματός
2597 1292 2688 1328 σου
2709 1294 2723 1341 ;

801 1363 890 1417 56.
925 1361 1004 1415 'l‘u
1035 1376 1163 1416 vero
1189 1360 1352 1416 odisti
1376 1360 1718 1430 disciplinam
1750 1377 1763 1390 ·

1750 1377 1763 1390 ·
2464 1364 2549 1417 56.
2585 1366 2654 1418 Σὺ
2683 1366 2737 1418 δὲ
2772 1368 3038 1440 ἐμίσησας
3067 1371 3309 1426 παιδείαν
3330 1389 3341 1400 ·

800 1454 886 1508 57.
919 1453 982 1507 Et
1011 1453 1283 1522 projecisti
1311 1467 1590 1507 sermones
1616 1467 1766 1507 meos
1796 1461 2114 1507 retrorsum.

2465 1456 2550 1510 57.
2587 1459 2693 1510 Ka‘t
2725 1459 2976 1524 ἐξέϐαλες
3005 1465 3128 1526 τοὺς
3165 1464 3352 1532 λόγους
3390 1483 3490 1536 μου
3522 1469 3601 1529 εις
3649 1468 3726 1521 τὰ
3781 1469 3975 1525 ὀπίσω.

799 1543 888 1597 58.
921 1542 974 1596 Si
1009 1543 1226 1597 videbas
1252 1543 1447 1608 furem,
1475 1544 1735 1597 currebas
1771 1559 1893 1596 cum
1917 1558 1984 1597 eo
2012 1561 2025 1596 :

2460 1548 2546 1602 58.
2581 1551 2641 1603 Εἰ
2671 1551 2922 1622 ἑθεώρεις
2948 1555 3207 1627 κλέπτην,
3237 1557 3548 1630 συνέτρεχες
3580 1560 3743 1628 αὐτῷ
3769 1577 3785 1591 ⁸

800 1635 889 1689 59.
922 1635 983 1688 Ει
1021 1651 1144 1689 eum
1184 1636 1429 1690 adultero
1462 1634 1769 1706 [adulteris]
1802 1637 2106 1706 portionem
2142 1644 2289 1691 tuam

2216 1651 2289 1690 tm
2464 1640 2549 1694 59.
2589 1642 2693 1695 Καὶ
2724 1645 2857 1713 μετὰ
2894 1646 3080 1716 μοιχοῦ
3101 1649 3204 1717 ,τὴν
3236 1649 3426 1718 μερίδα
3459 1668 3548 1704 σου
3581 1652 3822 1716 ἐτίθεις.

729 1725 987 1794 ponebas.

799 1814 887 1869 40.
925 1812 998 1868 Os
1032 1824 1181 1868 tuum
1208 1815 1501 1868 abundavit
1530 1815 1732 1868 malitia
1763 1831 1775 1866 :
2323 1805 2364 1861 Β

2323 1805 2364 1861 Β
2466 1823 2551 1876 40.
2586 1823 2656 1877 Τὸ
2688 1841 2858 1896 στομα
2891 1845 2982 1881 σου
3013 1830 3302 1885 ἐπλεόνασε
3336 1835 3530 1888 κακίαν
3550 1852 3561 1866 ·

796 1901 885 1959 4l'.
917 1902 980 1958 Et
1014 1904 1192 1974 lingua
1222 1915 1309 1959 tua
1342 1907 1701 1960 concinnabat
1727 1905 1903 1960 dolos.

2456 1914 2541 1968 4i.
2576 1917 2684 1968 Καὶ
2716 1920 2747 1986 ἡ
2780 1918 2999 1986 γλῶσσά
3029 1939 3122 1974 σου
3158 1925 3480 1993 περιέπλεκε
3509 1928 3866 2000 δολιὸτητας.

796 1995 884 2048 42.
916 1993 1119 2050 Sedens
1143 1997 1401 2051 adversus
1438 1996 1657 2049 fratrem
1688 2007 1838 2050 tuum
1868 1996 2176 2065 loquebaris
2202 2016 2214 2051 :

2457 2006 2542 2059 42.
2577 2008 2897 2079 Καοήμενος
2921 2013 3059 2065 κατὰ
3093 2013 3186 2066 τοῦ
3211 2016 3434 2084 ἀδελφοῦ
3477 2036 3563 2070 σου
3595 2023 3966 2085 κατελὰλεις·

797 2086 886 2139 45.
917 2085 981 2140 Et
1005 2087 1260 2142 adversus
1289 2086 1459 2141 ﬁlium
1491 2089 1681 2143 matris
1713 2096 1820 2143 tua:
1867 2089 2105 2158 ponebas
2133 2105 2288 2145 scan-

2455 2096 2539 2149 45.
2590 2099 2697 2151 Καὶ
2737 2101 2875 2153 κατὰ
2918 2102 3010 2155 τοῦ
3055 2106 3168 2158 υἱοῦ
3220 2108 3319 2178 τῆς
3368 2111 3570 2180 μητρός
3615 2128 3706 2163 σου
3771 2115 3969 2166 ἐτίῡει-

727 2177 929 2231 dalum.

2389 2185 2699 2239 σκάνδαλον.

796 2268 883 2322 44.
918 2265 1039 2323 llazc
1071 2267 1268 2334 fecisti,
1299 2280 1351 2326 et
1381 2273 1524 2328 tacui
1559 2292 1570 2325 :

2458 2275 2545 2328 44.
2579 2278 2756 2331 Ταῦτα
2791 2282 3079 2352 ἐποίησας,
3115 2287 3208 2339 καὶ
3236 2289 3498 2360 ἐσίγησα·

796 2361 884 2415 45.
913 2359 1243 2417 Existimasti
1274 2364 1630 2433 iniquitatem,
1651 2362 1792 2432 quod
1828 2378 1921 2416 ero
1956 2363 2030 2416 tni
2067 2364 2281 2420 similis.

2245 2381 2281 2420 ι.
2458 2365 2544 2418 45.
2581 2367 2878 2432 ’Υπὲλαϐες
2911 2373 3156 2443 ἀνομίαν,
3187 2377 3268 2429 ὅτι
3298 2379 3487 2450 ἔσομαί
3517 2399 3594 2435 σοι
3627 2385 3851 2454 ὅμοιος,

795 2451 884 2507 46.
915 2455 1151 2518 Arguam
1198 2464 1268 2521 te,
1313 2465 1367 2510 et
1411 2465 1643 2510 statuam
1675 2467 1864 2511 contra
1908 2455 2098 2511 faciem
2134 2466 2282 2512 tuam

2458 2457 2546 2510 46.
2589 2460 2820 2528 Ἐλέγξω
2856 2481 2947 2530 σε,
2987 2468 3079 2520 καὶ
3112 2472 3443 2542 παραστήσω
3484 2475 3620 2526 κατά
3662 2451 3963 2541 τιρὸσωπὸν

727 2554 947 2617 peccata
977 2553 1088 2600 tua.

2390 2567 2479 2602 σου
2509 2551 2606 2612 τὰς
2635 2553 2898 2624 ἁμαρτίας
2928 2573 3041 2613 σου.

797 2635 887 2690 47.
921 2636 1203 2708 lntelligite
1229 2636 1362 2704 liazc,
1391 2637 1483 2707 qni
1513 2637 1892 2693 oblivisciinini
1923 2636 2091 2693 Deum
2124 2659 2138 2694 :

2453 2642 2542 2697 47.
2573 2644 2764 2697 Σύνετε
2794 2646 2858 2718 δὴ
2888 2649 3078 2715 ταῦτα,
3105 2655 3151 2706 οἱ
3177 2654 3647 2729 ἐπιλανθανόμενοι
3668 2661 3769 2714 τοῦ
3801 2663 3957 2716 Θεοῦ·

1833 2790 2202 2849 ATllANASlI
2238 2795 2832 2856 INTERPRETATIO.

793 2947 883 3013 27,
905 2947 993 3000 28.
1016 2946 1133 3002 Non
1162 2946 1422 3016 accipiam
1448 2954 1749 2999 vestrorum
1782 2946 2114 3013 petulcornm
2145 2949 2286 3017 prin-
2313 2957 2354 3012 C

2351 2960 2354 3010 L
2455 2952 2545 3012 27,
2577 2954 2667 3007 28.
2708 2955 2791 3027 Μὴ
2822 2957 3181 3029 καταδέξομαι
3223 2961 3324 3024 τὰς
3349 2963 3455 3015 τῶν
3495 2964 3773 3036 ἀρχόντων
3804 2971 3957 3040 ὑμῶν

724 3043 904 3111 eipum
929 3040 1194 3101 carnales,
1223 3046 1277 3092 et
1303 3037 1744 3106 sanguinolentas
1777 3039 2118 3106 cupiditates.

2388 3043 2493 3096 τῶν
2510 3061 2569 3095 κε
2579 3046 2898 3113 ρατιζὸντων
2913 3052 3176 3120 σαρκικὰς
3189 3056 3280 3106 καὶ
3295 3055 3615 3126 αἱματώδεις
3627 3060 3950 3131 ἐπιθυμίας.

791 3129 876 3184 29.
914 3127 1127 3183 llonora
1160 3143 1282 3182 eum
1315 3127 1474 3181 bonis
1499 3128 1772 3196 operibus.

2455 3135 2544 3189 29.
2583 3136 2813 3200 Δόξασον
2844 3141 3003 3194 αὐτὸν
3033 3141 3098 3193 δι’
3129 3144 3303 3212 ἔργων
3332 3148 3567 3214 ἀγαθῶν.

792 3223 878 3276 50.
913 3220 976 3275 Ει
999 3237 1118 3291 qum
1145 3219 1374 3273 Domino
1409 3220 1730 3287 promisisti,
1758 3219 2007 3286 adimple.

2453 3224 2542 3280 50.
2580 3230 2688 3281 Καὶ
2719 3229 3002 3300 πλήρωσον
3035 3232 3111 3302 τῷ
3140 3235 3327 3305 Κυρίῳ
3355 3236 3389 3289 ἂ
3421 3239 3750 3310 ἐπήγγειλας
3780 3245 3884 3315 (Ι).

791 3315 878 3369 51.
909 3312 973 3366 Et
1005 3329 1128 3367 eum
1153 3314 1406 3366 inimicus
1441 3311 1778 3380 impngnabit
1823 3312 2060 3366 animam
2107 3321 2278 3380 tuam,

2450 3319 2537 3371 51.
2573 3321 2681 3372 Καὶ
2701 3321 2861 3390 ἡνίκα
2885 3325 2913 3374 ὁ
2935 3324 3123 3395 ἐχθρὸς
3154 3326 3379 3395 πολεμεῖ
3402 3329 3498 3398 τὴν
3522 3333 3699 3402 ψυχήν
3722 3311 3950 3408 μου-(2),

723 3406 914 3458 invoca
945 3418 1052 3455 me.

2387 3409 2699 3463 ὲπικάλεσαί
2727 3430 2814 3481 με.

793 3495 878 3548 52.
915 3492 975 3547 Et
1009 3493 1248 3548 liberabo
1286 3502 1356 3558 te,
1385 3502 1437 3546 et
1461 3493 1659 3562 gratias
1693 3491 1823 3545 mihi
1853 3507 1998 3562 ages.

2449 3503 2535 3557 '52.
2566 3505 2673 3557 Καὶ
2703 3506 2934 3578 ρύσομαί
2969 3525 3047 3571 σε,
3087 3512 3176 3564 καὶ
3208 3514 3619 3588 εὐχαριστήσεις
3648 3535 3758 3586 μοι.

790 3587 878 3640 55.
911 3585 1280 3640 Perseveranti
1311 3586 1364 3640 in
1391 3594 1631 3655 peccato,
1667 3585 1781 3639 sive
1802 3584 2036 3639 diabolo.

2455 3594 2541 3651 55.
2580 3597 2667 3667 Τῷ
2697 3599 3002 3669 ὲπιμένοντι
3030 3603 3093 3671 τῇ
3124 3603 3386 3675 ἁμαρτίᾳ,
3413 3607 3444 3675 ἢ
3471 3584 3546 3676 τῷ
3576 3584 3829 3681 διαϐόλῳ.

789 3679 878 3732 54.
911 3678 1087 3744 Quare
1121 3686 1177 3731 tu
1208 3692 1314 3731 non
1336 3677 1648 3732 custodiens
1674 3692 1756 3740 ea,
1778 3677 1890 3730 haec
1919 3680 2178 3730 enarras?

2450 3687 2538 3742 54.
2571 3689 2685 3742 ’Ὶνα
2717 3689 2769 3741 τί
2796 3692 2879 3754 σὺ,
2901 3692 2974 3761 μὴ
2999 3691 3278 3760 φυλάττων
3310 3697 3468 3760 αὐτὰ,
3490 3699 3715 3770 ἑκδιηγῇ
3739 3677 3943 3770 ταῦτα

785 3770 875 3825 55.
911 3767 975 3823 Et
1019 3768 1098 3821 vis
1129 3783 1248 3822 esse
1293 3768 1423 3837 legis
1467 3767 1725 3835 magister
1759 3781 2033 3835 exponens
2089 3764 2280 3823 Testa-

2445 3779 2534 3833 55.
2570 3781 2678 3834 Καὶ
2715 3780 2889 3845 θέλεις
2930 3779 3067 3836 εἶναι
3108 3784 3555 3855 νομοδιδάσκαλος
3593 3764 3943 3863 δὶήξοιμενοέ

722 3874 842 3914 men
852 3868 961 3912 tum
991 3871 1190 3911 meum.

2382 3871 2478 3942 τὴν
2498 3871 2760 3943 διαθήκην
2787 3891 2909 3942 μου.

788 3950 878 4015 56,
904 3951 992 4005 57.
1025 3950 1126 4015 Qui
1155 3947 1317 4018 igitur
1348 3946 1516 4000 alium
1543 3947 1727 4013 doces,
1752 3962 1847 4000 cur
1872 3956 1924 4001 te
1957 3948 2135 4018 ipsum
2167 3965 2278 4005 non

2449 3963 2537 4026 56,
2563 3965 2653 4018 57.
2691 3966 2746 4018 '0
2774 3962 2866 4020 οὖν
2892 3966 3154 4022 διδάσκων
3185 3970 3398 4041 ἕτερον,
3437 3971 3525 4026 διὰ
3556 3972 3609 4026 τί
3635 3977 3858 4033 σεαυτὸν
3879 3979 3934 4034 οὐ

720 4040 943 4096 instruis
959 4039 981 4090 ?

2384 4053 2654 4117 παιδεύεις
2669 4073 2682 4118 ;

785 4133 872 4186 58.
907 4130 1097 4184 [licens
1132 4145 1239 4183 non
1274 4127 1584 4193 furandum,
1619 4125 1851 4191 iuraris;

1966 4217 1974 4219 ξ
2448 4145 2535 4198 58.
2571 4146 2627 4198 Ὁ
2649 4146 2820 4215 λέγων
2852 4149 2926 4219 μὴ
2952 4148 3203 4202 κλέπτειν
3227 4151 3499 4215 κλέπτεις.

783 4219 872 4273 59.
910 4218 1100 4272 Dicens
1146 4233 1253 4272 non
1287 4217 1687 4286 mmeliandum,
1720 4217 2095 4276 mmcliaris".
2302 4295 2351 4314 ﬁ

1939 4217 2009 4272 τῖε
2029 4219 2095 4271 ⁸⁸·
2302 4295 2351 4314 ﬁ
2449 4236 2536 4291 59.
2572 4237 2628 4291 '0
2654 4239 2826 4308 λέγων
2954 4240 3223 4311 μοιχεύειν
3255 4243 3545 4314 μοιχεύεις.

799 4307 888 4361 46.
916 4305 1215 4361 Mendacio.
2300 4295 2353 4357 Β

1187 4324 1215 4358 ν·
2300 4295 2353 4357 Β
2450 4331 2540 4386 ιο.
2569 4295 2793 4397 Ψεῦδος.

789 4397 876 4451 41.
909 4395 1052 4451 Nihil
1080 4407 1305 4454 rectum.

2451 4420 2537 4474 ιι.
2574 4422 2736 4475 Οὐδὲν
2755 4395 2941 4492 ὀρθόν.

781 4488 866 4542 42.
903 4487 1327 4544 Conviciabaris.

1300 4506 1327 4584 ὲ·
2447 4509 2537 4565 ιε.
2572 4487 2906 4584 Ἐλοιδόρεις.

783 4581 872 4634 45.
907 4580 1358 4636 Calumniabaris.

1883 4674 1894 4681 _
2142 4674 2176 4681 __
2446 4602 2534 4659 45.
2570 4580 3071 4679 Ψευδοκατηγόρεις

783 4673 873 4726 44.
901 4670 1171 4727 Hactenus
1195 4672 1359 4736 enim,
1396 4681 1447 4728 te
1475 4681 1752 4742 peccante,
1789 4674 2055 4744 patienter
2083 4674 2200 4729 tuli.

2452 4693 2539 4750 44.
2579 4697 2701 4749 Ἐπὶ
2732 4670 2981 4752 τοσοδτον
3149 4670 3552 4773 ἆμαρτανοντός
3583 4719 3676 4759 σου
3707 4708 3926 4783 ἒμαπφο-

2378 4787 2620 4843 Θύμησα.

785 4849 874 4903 45.
907 4847 1236 4905 Existimasti
1267 4865 1353 4905 me
1379 4849 1872 4923 hypocritaaﬁcsse,
1906 4850 1982 4906 uti
2013 4860 2064 4906 et
2090 4861 2146 4906 tu
2181 4865 2261 4906 es.
2378 4807 2391 4841 ‘

2378 4807 2443 4842 oo
2533 4807 2620 4843 σα.

2572 4882 2876 4953 Ἐνόμισας,
2912 4885 2993 4938 ὃτι
3017 4885 3317 4958 ὑποκριτής
3341 4889 3477 4958 ειμι.
3508 4889 3585 4954 ὡς
3619 4893 3713 4947 καὶ
3733 4893 3824 4958 σὺς
3855 4895 3917 4965 (4)

2380 4971 2467 5045 [σὺ
2494 4971 2620 5046 sic].

783 5048 871 5102 46.
903 5047 961 5103 ln
989 5048 1076 5103 die
1098 5049 1311 5118 iudicii.

1759 5138 1814 5144 __
1867 5139 1895 5144 _
1943 5140 1954 5144 _
2129 5138 2141 5144 _
2441 5066 2528 5119 46·
2575 5068 2659 5120 Ἐν
2687 5072 2750 5139 τῇ
2780 5070 2959 5142 ἡμέρᾳ
2986 5073 3083 5143 τῆς
3113 5072 3365 5144 κρίσεως.

783 5136 871 5190 47.
899 5136 1142 5208 Cogitate
1167 5138 1296 5202 haec,
1312 5139 1404 5208 qui
1434 5155 1540 5197 non
1564 5138 1846 5197 custoditis
1864 5139 1957 5195 Dei
1982 5138 2258 5194 mandata.

2438 5158 2526 5213 47.
2563 5136 3002 5231 Νοήσατεταῦτα
3023 5136 3050 5229 ,I
3077 5167 3126 5219 οἱ
3152 5136 3236 5238 ’μὴ
3269 5165 3639 5234 φυλάσσοντες
3667 5148 3760 5234 τὰς
3785 5170 3915 5223 ιντο-

2376 5249 2471 5314 λὰς
2501 5250 2592 5304 τοῦ
2622 5251 2777 5308 Θεοῦ.

817 5339 862 5372 ⁶⁹
892 5337 1048 5394 Rom.
1081 5356 1141 5405 ιι,
1174 5338 1368 5394 20-22.

1651 5499 1955 5570 Addenda
2009 5505 2073 5564 et
2105 5500 2475 5579 corrigenda
2541 5519 2621 5570 ex
2664 5503 2804 5564 cod.
2839 5505 3035 5566 Vatic.

892 5663 1224 5786 ἑῗηγγείλω
1252 5665 1438 5735 αὐτῷ’
2784 5665 3133 5739 κατηγορίας.

804 5733 855 5795 ‘3)
892 5735 1010 5788 Σου.
1372 5733 1378 5735 “

1372 5733 1378 5735 τ
2445 5735 2517 5802 (ι)
2551 5736 2640 5787 Σύ.
