4084 6322
741 347 839 405 851
1354 354 1358 358 “
1588 364 1644 421 S.
1677 365 2047 423 ATHANASII
2080 368 2226 424 OPP.
2268 370 2448 428 PARS
2484 368 2571 429 ιῖἶ.
2622 408 2680 418 —-
2716 377 3125 435 EXEGETICA.
3868 384 3955 442 852

806 471 858 523 ὃ.
899 472 969 529 Ut
989 475 1300 545 justifieeris
1333 480 1386 534 in
1414 483 1758 539 sermonibus
1789 487 1916 551 tuis,

813 564 867 619 9.
898 563 964 621 Et
990 568 1173 625 vineas
1207 587 1329 626 cum
1360 572 1643 642 judicaris.

811 655 1064 726 104Ecce
1083 661 1227 716 enim
1260 664 1314 716 in
1338 664 1712 733 iniquitatibus
1743 679 2037 739 conceptus
2071 687 2222 727 sum:

806 746 889 799 11.
919 745 984 801 Et
1010 749 1063 802 in
1091 753 1329 820 peccatis
1353 756 1596 824 concepit
1627 772 1713 813 me
1742 766 1918 813 mater
1947 775 2087 816 mea.

810 838 895 891 12.
931 838 1067 896 Ecce
1096 844 1238 897 enim
1261 846 1539 902 veritatem
1568 850 1837 906 dilexisti:

810 930 894 983 15.
928 928 1135 987 Incerta
1166 944 1218 989 et
1245 938 1454 992 occulta
1483 942 1761 1010 sapientiae
1804 954 1908 1002 tua:
1940 950 2298 1008 manifestasti

804 1114 890 1165 11.
923 1114 1185 1189 Asperges
1215 1135 1301 1175 me
1337 1122 1571 1192 hySSOpO
1595 1134 1648 1179 et
1681 1129 2012 1185 mundabor:

805 1204 889 1257 15.
926 1204 1153 1263 Lavabis
1182 1226 1288 1276 me,
1322 1223 1376 1266 et
1403 1230 1566 1284 super
1596 1218 1770 1274 nivem
1801 1221 2112 1278 dealbabor.

804 1295 887 1348 16.
917 1298 1137 1355 Auditui
1174 1318 1296 1357 meo
1326 1305 1479 1362 dabis
1504 1310 1760 1376 gaudium
1790 1320 1845 1368 et
1870 1314 2109 1370 latitiam

808 1386 890 1442 17.
921 1387 1281 1447 Exsultabunt
1321 1412 1443 1452 ossa
1476 1400 1777 1457 humiliata.

2321 495 2369 550 Α
2468 494 2520 549 8.
2553 495 2738 557 Ὅπως
2769 495 2834 548 ἂν
2860 496 3151 568 δικαιωθῇς
3180 499 3236 551 ἐν
3261 500 3372 561 τοῖς
3400 498 3577 565 λόγοις
3609 513 3729 551 σου“

2469 585 2521 640 9.
2554 587 2662 638 Kal
2695 589 2921 659 νικήσῃς
2948 590 3006 642 ὲν
3038 590 3114 660 τῷ
3144 589 3421 661 κρίνεσθαί
3452 607 3533 642 σε.

2470 678 2555 732 10.
2605 680 2733 732 Ἰδοὺ
2763 680 2869 752 γὰρ
2890 684 2947 734 ἐν
2978 683 3228 753 ἀνομίαις
3254 682 3615 755 συνελήφθηνο

2472 772 2554 825 11.
2580 773 2689 825 Kal
2710 775 2765 825 ἐν
2786 774 3081 845 ἁμαρτίαις
3112 775 3367 845 ὲκίσσησέ
3410 792 3475 845 με
3502 777 3534 846 ἡ
3564 776 3751 847 μήτηρ
3779 794 3897 847 μου.

2473 863 2559 917 12.
2602 864 2729 917 Ἰδοὺ
2761 865 2868 936 γὰρ
2897 866 3153 936 ἀλήθειαν
3177 868 3485 938 ἠγάπησας·

2471 957 2560 1011 15.
2592 957 2671 1009 Τά
2695 957 2863 1029 ἄδηλα
2885 960 2977 1011 καὶ
2997 958 3064 1011 τὰ
3088 958 3293 1027 κρύφια
3316 958 3415 1028 τῆς
3438 956 3629 1026 σοφίας
3655 974 3752 1011 σου
3775 958 3953 1030 ἐδήλω-

2399 1049 2497 1112 σὰς
2532 1066 2640 1119 μοι.

2469 1142 2554 1195 14.
2601 1142 2863 1205 Ῥαντιείς
2894 1160 2961 1213 με
2984 1143 3239 1214 ὑσσώπῳ,
3281 1142 3375 1195 καὶ
3403 1141 3896 1215 καθαρισθήσομαι·

2469 1232 2556 1285 15.
2590 1233 2813 1298 Πλυνεῖς
2845 1252 2932 1304 με,
2972 1235 3067 1287 καὶ
3100 1233 3241 1305 ὑπὲρ
3268 1233 3420 1304 χιόνα
3440 1230 3897 1301 λευκανθήσομαι.

2467 1326 2556 1379 16.
2602 1326 2892 1389 ’Δκουτιεῖς
2923 1344 3013 1396 μοι
3046 1325 3364 1394 ἀγαλλίασιν
3396 1324 3489 1377 καὶ
3513 1322 3873 1395 εὐφροσύνην·

2465 1417 2551 1478 17.
2600 1417 3033 1485 Ἀγαλλιάσονται
3062 1416 3221 1469 ὀστέα
3244 1413 3707 1485 τεταπεινωμένα.

806 1480 886 1536 18.
923 1482 1115 1538 Averte
1142 1484 1332 1542 faciem
1366 1500 1513 1545 tuam
1547 1510 1575 1547 a
1612 1496 1851 1563 peccatis
1883 1499 2050 1554 meis:

2468 1510 2551 1565 18.
2588 1480 2950 1581 Ἀτιόστρεψον
2976 1509 3039 1562 τὸ
3070 1508 3357 1580 πρόσωπόν
3386 1524 3477 1560 σου
3506 1480 3617 1560 ἀᾶτδ
3654 1506 3766 1557 τῶν
3799 1507 3958 1575 ἅμαρ-

802 1572 889 1626 19.
927 1573 992 1628 Ει
1016 1591 1204 1633 omnes
1237 1582 1552 1651 iniquitates
1588 1602 1737 1643 meas
1764 1589 1900 1643 dele.
2392 1622 2415 1655 τ

1055 1592 1204 1633 mnes
1237 1582 1552 1651 iniquitates
1588 1602 1737 1643 meas
1764 1589 1900 1643 dele.
2392 1604 2523 1657 τιῶν
2549 1618 2668 1675 μου·

2468 1697 2550 1750 19.
2579 1696 2690 1750 Kal
2725 1695 2900 1757 πάσας
2928 1693 3025 1755 τὰς
3047 1693 3272 1762 ἀνομίας
3299 1708 3399 1761 μου
3432 1684 3733 1759 ὲξάλὲιψον.

2463 1790 2553 1843 20.
2581 1788 2823 1859 Καρδίαν
2854 1784 3099 1857 καθαρὰν
3127 1786 3311 1837 κτίσον
3333 1786 3390 1838 ὲν
3415 1782 3557 1853 ἐμοὶ,
3586 1785 3615 1836 ὁ
3644 1782 3779 1844 Θεός

1059 1846 1311 1913 spiritum
1372 1860 1577 1906 rectum
1631 1857 1827 1911 innova
1882 1858 1935 1911 in
1997 1850 2367 1916 visceribusB
2462 1880 2552 1934 ει,
2586 1881 2671 1932 Κα

2344 1850 2367 1905 3
2462 1880 2552 1934 21.
2586 1846 2695 1932 Kal
2755 1876 2970 1947 πνεῦμα
3000 1846 3170 1939 ,εὐθὲς
3211 1846 3513 1943 ὲγκαίνισον
3555 1875 3614 1927 ὲν
3662 1875 3778 1936 τοῖς
3810 1871 3957 1940 ἐγκά-

2397 1989 2506 2034 τοις
2537 1989 2657 2042 μου.

800 1748 887 1804 20.
918 1750 1023 1807 Cor
1046 1757 1305 1811 mundum
1331 1775 1451 1814 crea
1482 1762 1533 1815 in
1562 1779 1666 1829 me,
1698 1764 1872 1822 Deus;

806 1838 894 1891 21.
934 1840 999 1891 ΕΙ.
1059 1846 1310 1891 sniritnm
1372 1860 1575 1891 rnolnm
1632 1857 1823 1891 innnva

849 1841 894 1893 1.
934 1840 999 1896 Et

734 1932 889 1987 meis.

799 2046 888 2100 22.
921 2044 995 2101 Ne
1030 2050 1285 2117 projicias
1318 2066 1405 2106 me
1440 2070 1468 2107 a
1500 2052 1637 2109 facie
1661 2065 1751 2110 tua
1779 2076 1791 2110 :

2459 2063 2547 2117 22.
2583 2063 2675 2133 Μὴ
2698 2061 3008 2133 ἀπορῤίψῃς
3043 2075 3109 2131 με
3135 2057 3243 2111 ἀπὸ
3269 2057 3361 2110 τοῦ
3403 2055 3693 2128 προσώπου
3717 2070 3836 2106 σου·

798 2134 889 2190 25.
916 2136 982 2190 Ει
1016 2138 1276 2207 Spiritum
1302 2152 1556 2197 sanctum
1590 2154 1743 2201 tuum
1772 2164 1839 2202 ne
1871 2151 2088 2208 auferas
2126 2170 2158 2209 a
2192 2169 2295 2209 me.

2466 2154 2557 2207 25.
2588 2156 2699 2208 Kal
2724 2154 2785 2206 τὸ
2820 2151 3046 2223 Πνεῦμά
3087 2167 3177 2205 σου
3229 2150 3290 2203 τὸ
3345 2150 3499 2217 ἅγιον
3539 2148 3612 2218 μὴ
3674 2144 3958 2213 ἀντανέλῃς

2398 2263 2409 2299 ι

796 2323 885 2377 24.
918 2322 1099 2379 Redde
1121 2324 1252 2379 milii
1280 2327 1514 2383 laetitiam
1545 2332 1799 2390 salutaris
1828 2338 1904 2391 tui
1928 2356 1938 2389 :

2398 2246 2819 2398 ἁπ2ιξίι
2856 2351 2945 2404 μοι
2977 2335 3076 2401 τὴν
3099 2331 3414 2401 ἀγαλλίασιν
3440 2329 3533 2383 τοῦ
3560 2327 3833 2398 σωτηρίου
3856 2340 3955 2379 σου·

798 2418 888 2474 25.
922 2417 987 2473 Et
1018 2418 1221 2488 Spiritu
1248 2422 1532 2491 principali
1564 2424 1825 2482 conﬁrma
1852 2444 1955 2483 me.

2471 2428 2561 2482 25.
2592 2429 2705 2481 Kal
2736 2425 3012 2495 Πνεύματι
3034 2422 3341 2494 ’ἡγεμονικῷ
3374 2420 3619 2493 στήριξόν
3649 2436 3733 2490 με.

1845 2605 2219 2662 ATHANASII
2255 2604 2839 2663 INTERPRETATIO.

799 2757 851 2821 8,
883 2758 932 2810 9.
971 2756 1239 2823 Quoniam
1284 2762 1579 2830 praedixisti
1623 2762 1800 2825 nobis,
1824 2762 1970 2832 quod
2013 2770 2295 2832 peccatum

2468 2760 2521 2823 8,
2549 2759 2603 2813 9.
2637 2758 2713 2828 (1)
2742 2758 2867 2810 Ὅτι
2895 2757 3153 2826 προεῖπες
3185 2754 3335 2824 ἡμῖν,
3378 2754 3460 2806 ὄτι
3510 2752 3544 2821 ἠ
3598 2750 3851 2821 ἁμαρτία
3880 2750 3958 2804 9&-

730 2866 877 2905 mors
904 2860 1005 2914 est,
1042 2859 1096 2906 et
1144 2852 1528 2908 inexcusabilis
1574 2861 1662 2908 est
1686 2854 1865 2908 omnis
1908 2854 2070 2907 homo
2112 2868 2296 2908 coram

2398 2851 2554 2913 νατός
2586 2852 2722 2913 ἐστι,
2766 2848 2860 2902 καὶ
2925 2844 3322 2915 ἀναπολόγητός
3372 2845 3486 2897 ἐστι
3528 2842 3636 2904 πᾶς
3687 2840 3958 2911 ἅνθρωπος

730 2954 799 2997 te.

2398 2942 2627 2995 ἐνώπιόν
2664 2958 2776 2996 σου.

804 3034 890 3088 10.
920 3034 1057 3089 Ecce
1086 3034 1231 3088 enim
1258 3033 1313 3087 in
1338 3034 1735 3103 iniquitatibus,
1764 3051 1900 3105 quas
1929 3034 2052 3104 feci,
2077 3036 2297 3091 conclu-

2468 3034 2555 3090 10.
2586 3034 2715 3088 Ἰδοὺ
2742 3034 2848 3104 γὰρ
2874 3034 2933 3087 ὲν
2948 3029 3218 3100 ἀνομίαις,
3238 3028 3304 3092 ἃς
3320 3024 3526 3098 ἔπραξα
3549 3022 3960 3094 συγκεκλεισμέ-

732 3144 825 3179 SIIS
856 3143 997 3180 SIBI].
2321 3170 2345 3228 (

2150 3218 2163 3228 ι
2321 3170 2365 3228 c
2396 3146 2487 3193 νος
2518 3127 2653 3198 είμί.

798 3218 882 3269 ll.
914 3215 978 3268 Et
1007 3232 1129 3270 cum
1158 3232 1333 3271 essem
1375 3217 1429 3271 in
1473 3218 1708 3287 peccatis
1741 3220 1979 3287 suscepit
2020 3232 2105 3272 me
2149 3218 2295 3272 lava-
2322 3208 2365 3228 ν

2347 3208 2365 3228 ¹
2470 3220 2557 3275 11.
2592 3220 2702 3272 Kal
2743 3220 2800 3271 ὲν
2824 3214 3261 3287 ταίςξάμαρτίαις
3301 3214 3431 3267 ὄντα
3489 3229 3558 3282 με
3607 3208 3871 3263 συνέλαϐε
3904 3224 3960 3277 με

734 3324 905 3360 rrum.

2397 3313 2432 3385 ἡ
2453 3311 2824 3382 κολυμϐήθρα.

807 3400 888 3453 12.
918 3400 1053 3454 Ecce
1085 3388 1230 3454 enim
1262 3415 1347 3454 me
1377 3399 1589 3453 Satanae
1614 3400 2011 3456 renuntiantem
2043 3402 2261 3458 amasti.

2468 3400 2556 3456 12.
2598 3400 2727 3454 Ἰδοὺ
2762 3398 2872 3472 γὰρ
2902 3392 3312 3469 ἀποταξάμενόν
3366 3410 3433 3465 με
3468 3392 3547 3464 τῷ
3595 3392 3814 3461 Σατανᾷ
3840 3390 3961 3461 ἠγά-

2399 3509 2601 3565 πησας.

809 3583 891 3636 15.
921 3581 984 3635 Ει
1012 3580 1316 3650 symbolum
1349 3581 1473 3636 [dei
1501 3590 1722 3637 tuae-me
1751 3581 2005 3637 docuisti.

2470 3583 2555 3638 15.
2588 3583 2698 3637 Kal
2722 3582 2784 3636 τὸ
2817 3581 3080 3653 σύμϐολον
3109 3579 3184 3651 (2)
3238 3580 3336 3650 τῆς
3368 3574 3604 3639 πίστεώς
3656 3591 3755 3627 σου
3804 3572 3961 3626 ἐδίδα-

2400 3676 2495 3741 ξάς
2520 3692 2610 3743 με.

810 3760 892 3812 11.
927 3762 1190 3829 Asperges
1218 3773 1307 3813 me
1327 3773 1425 3830 per
1449 3757 1716 3830 Spiritum
1760 3766 2005 3815 sanctum
2039 3757 2302 3827 sanguine

2471 3768 2557 3822 14.
2602 3769 2865 3829 Ῥαντιεϊς
2888 3782 2955 3835 με
2978 3763 3055 3834 τῷ
3076 3763 3213 3833 ἁγίῳ
3228 3763 3503 3833 Πνεῦμα-ει
3527 3760 3592 3813 τὸ
3616 3754 3761 3830 αἷμα
3795 3762 3869 3829 ('5)
3884 3757 3962 3810 τοῦ

740 3852 855 3905 Filii
886 3852 983 3913 tui,
1009 3862 1059 3905 et
1086 3850 1444 3907 emundabor.

2399 3859 2529 3913 Υἱοῦ
2566 3876 2681 3925 σου,
2717 3859 2809 3913 καὶ
2842 3855 3334 3928 καθαρισθήσομαι.

814 3947 896 3999 15.
937 3944 1001 3997 Ει
1030 3960 1169 4013 aqua
1201 3945 1385 4000 lateris
1416 3945 1493 3999 tui
1524 3946 1788 4001 mundum
1820 3957 1909 3999 me
1934 3951 1989 3997 et
2037 3942 2303 3999 immacu-

2470 3951 2556 4005 15.
2581 3951 2693 4005 Kal
2711 3950 2788 4022 τῷ
2811 3949 2963 4003 ὕδατι
2985 3948 3061 4019 τῷ
3098 3950 3162 4001 ὲκ
3187 3948 3285 4017 τῆς
3313 3945 3550 4016 πλευρᾶς
3602 3958 3699 3995 σου
3755 3942 3965 3997 ἄσπιλον

739 4038 904 4090 latum
934 4035 1144 4087 reddes.
1851 4062 1855 4065 -

1851 4062 1855 4065 '
2400 4043 2494 4097 καὶ
2527 4044 2753 4113 ἄμωμον
2785 4040 3079 4105 ἀναδείξεις
3110 4058 3195 4110 με.

811 4129 893 4180 16.
932 4126 993 4179 Et
1019 4130 1233 4180 demum
1264 4122 1485 4178 docebis
1510 4137 1593 4178 me
1617 4134 1880 4194 praecepta
1905 4129 2022 4181 tua.

2475 4132 2562 4186 16.
2597 4132 2705 4184 Kal
2728 4130 2911 4184 λοιπὸν
2938 4129 3166 4193 διδάξεις
3193 4145 3258 4200 με
3288 4127 3385 4189 τὰς
3404 4124 3621 4191 ἐντολάς
3647 4143 3769 4179 σου.

815 4220 900 4271 17.
934 4217 1234 4273 Exsultabit
1257 4214 1517 4269 fortitudo
1538 4216 1732 4271 anima:
1754 4231 1905 4281 meae,
1932 4216 2002 4272 ob
2024 4229 2303 4287 peccatum

2474 4225 2560 4278 17.
2609 4220 3015 4290 Ἀγαλλιάσεται
3075 4222 3108 4289 ἡ
3174 4220 3324 4287 ἰσχὺς
3368 4218 3468 4286 τῆς
3496 4217 3681 4288 ψυχῆς
3710 4213 3968 4288 gemine

742 4323 896 4367 anlca
930 4312 1159 4364 illiil‘mﬂ-
2406 4318 2665 4390 πρότερον
2683 4317 2787 4369 ὑπὸ
2807 4315 2906 4385 τῆς
2933 4313 3199 4385 ἁμαρτίας
3227 4310 3545 4365 ἀσθενοῦσα.

721 4458 733 4471 Ἰ
816 4404 899 4456 13.
936 4400 1199 4470 Deprecor
1231 4417 1299 4470 te,
1329 4420 1397 4459 ne
1426 4404 1657 4474 amplius
1684 4419 1869 4460 eorum
1893 4406 2195 4462 recorderis

2039 4406 2195 4462 'deris
2476 4409 2561 4464 18.
2592 4407 2790 4476 Δέομαί
2815 4422 2926 4459 σου·
2966 4404 3040 4475 μὴ
3073 4403 3311 4474 μνησθῇς
3332 4404 3512 4455 αὐτῶν
3549 4404 3652 4459 ἔτι.

815 4497 897 4548 19.
935 4495 1039 4550 Eas
1064 4513 1254 4551 omnes
1281 4498 1419 4552 dele.
2336 4514 2381 4570 ι)

2336 4514 2381 4570 1)
2478 4501 2565 4555 19.
2594 4497 2759 4560 Ὅλας
2791 4496 2957 4559 αὐτὰς
2978 4495 3235 4564 ἀφάνισον
3266 4494 3362 4563 (4).

810 4586 894 4639 20.
923 4587 1030 4640 Cor
1059 4604 1235 4641 meum
1264 4589 1318 4643 in
1347 4590 1667 4659 baptismate
1694 4609 1887 4662 purum
1919 4594 2084 4649 cllice.

2471 4590 2560 4645 20.
2609 4587 2805 4660 Ἀγνὴν
2859 4587 3082 4659 ποίησον
3127 4586 3185 4639 ὲν
3240 4585 3318 4655 (5)
3343 4585 3422 4656 τῷ
3477 4584 3837 4655 ’βαπτίσματι
3888 4585 3968 4656 τὴν

2405 4681 2625 4752 καρδίαν
2666 4697 2785 4749 μου.

814 4768 900 4821 21.
929 4766 993 4820 Ει
1012 4766 1094 4823 fac
1112 4768 1417 4839 utSpiritus
1440 4782 1661 4829 sanctus
1680 4783 1803 4829 tuus
1828 4777 2024 4831 habitet
2047 4779 2098 4831 in
2123 4779 2301 4833 anima

2477 4773 2566 4825 21.
2595 4771 2705 4824 Kal
2734 4770 2794 4822 τὸ
2825 4769 3049 4839 Πνεῦμά
3074 4785 3167 4821 σου
3195 4766 3256 4820 τὸ
3298 4766 3449 4833 ἅγιον
3505 4768 3737 4820 ἐνοικεῖν
3766 4768 3971 4839 ποίησεν

747 4880 863 4916 mea
894 4873 945 4916 et
971 4862 1021 4915 in
1054 4873 1228 4917 mente
1258 4879 1396 4918 mea.

2413 4865 2467 4916 ὲν
2496 4865 2558 4932 τῇ
2588 4861 2733 4932 ψυχῇ
2758 4877 2857 4930 μου
2886 4860 2979 4911 καὶ
3000 4861 3055 4910 ἐν
3080 4861 3145 4928 τῇ
3176 4858 3381 4928 διανοίᾳ
3408 4874 3530 4925 μου.

818 4954 901 5007 22.
937 4953 1013 5007 Ne
1044 4954 1321 5023 indignum
1358 4970 1444 5009 me
1476 4966 1690 5027 reputes
1718 4964 1888 5029 gratia
1911 4969 2023 5013 tua.

2483 4954 2569 5007 22.
2601 4955 2689 5023 Μὴ
2727 4952 2940 5015 ἀνάξιόν
2968 4968 3031 5022 με
3055 4952 3233 5022 ἡγήσῃ
3256 4949 3355 5019 τῆς
3384 4950 3604 5021 χάριτός
3631 4967 3745 5005 σου.

817 5044 901 5095 25.
941 5044 1171 5097 Arrliam
1202 5044 1527 5113 adoptionis.

2484 5047 2572 5099 25.
2602 5045 2703 5098 Τὸν
2734 5045 3027 5115 ἀρραϐῶνα
3055 5043 3152 5112 τῆς
3182 5043 3469 5105 υἱοθεσίας.

818 5134 905 5187 21.
938 5134 1208 5205 Consigna
1240 5149 1324 5189 me
1360 5136 1513 5206 signo
1544 5135 1776 5206 Spiritus
1812 5141 1910 5191 tui.

2481 5134 2569 5187 24.
2599 5134 2901 5203 Σφράγισόν
2937 5150 3004 5202 με
3032 5136 3098 5203 τῇ
3121 5132 3371 5203 σφραγῖδι
3399 5131 3494 5185 τοῦ
3524 5133 3846 5202 Πνεύματδς
3874 5149 3970 5183 σου.

817 5224 905 5276 25.
936 5223 1000 5274 Ει
1028 5234 1215 5280 sancto
1248 5226 1452 5296 Spiritu
1484 5229 1552 5282 ob
1584 5230 1918 5283 divinitatem
1952 5233 2306 5301 omnipotenti

2483 5227 2570 5280 25.
2595 5228 2704 5280 Kal
2719 5225 2795 5295 τῷ
2816 5226 2955 5296 ἁγίῳ
2994 5225 3266 5295 Πνεύματι
3297 5224 3376 5278 τῶ
3428 5227 3495 5283 τῆ
3559 5226 3785 5296 θεότητι
3839 5226 3973 5277 αὑτο-

747 5312 991 5369 conforta
1006 5331 1118 5368 .me.

2414 5318 2719 5393 κρατορικῷ
2747 5321 2821 5388 (0)
2851 5320 3161 5371 δυνὰμωσόν
3197 5335 3280 5388 με.

1691 5478 1997 5540 Addenda
2039 5486 2098 5540 et
2129 5479 2505 5558 corrigenda
2550 5494 2629 5539 ex
2684 5475 2823 5536 cod.
2883 5474 3081 5534 Vatie.

925 5655 987 5719 Β.
1017 5637 1071 5719 8.ζ
1111 5640 1251 5719 ᾭτι.
1289 5649 1412 5704 etc,
1442 5658 1490 5695 η.
1523 5642 1569 5696 9.
1601 5641 1705 5695 Καὶ
1735 5643 2150 5714 ἀναπολόγητὸς,
2182 5655 2281 5699 etc.
2596 5641 2842 5719 ξιλφανεῖς
2869 5639 3109 5708 ποίησον.

825 5708 900 5767 (2)
925 5707 1241 5775 Σύμὸουλον,
1981 5707 1989 5712 τ
2028 5707 2037 5714 ’
2118 5707 2145 5710 7⁷

1328 5780 1335 5781 ί
1981 5707 1989 5712 ·
2028 5707 2037 5714 '
2118 5707 2145 5710 θ’
2480 5707 2556 5781 (ε.)
2596 5714 2694 5761 Ἐν
2729 5712 2894 5763 deest.

831 5779 900 5847 (ὅ)
932 5778 1018 5851 Τῷ
1042 5781 1232 5850 αἱματι
1258 5780 1371 5848 τοῦ,
1403 5793 1500 5836 etc.
2603 5780 2761 5852 Ἀγίῳ
2793 5797 2947 5835 σου...
2985 5783 3469 5856 αὐτοκρατορικῶς.
