4084 6322
147 362 258 417 857
1132 371 1217 425 DE
1252 371 1521 431 TITULIS
1562 376 2006 438 PSALMORUM.
2045 414 2115 424 —
2153 383 2343 440 PSAL.
2374 386 2484 443 LII.
3284 392 3386 447 853

226 476 318 535 12.
351 478 459 531 Καὶ
489 476 576 532 ἐπ’
601 480 760 537 αὐτὸν
792 483 1127 552 γελάσονται,
1150 488 1242 540 καὶ
1262 488 1475 559 ἐροῦσιν
1495 508 1508 522 ·
1747 508 1797 563 Α

1434 508 1475 543 ιν
1495 508 1508 522 ·
1747 508 1797 563 Α
1893 499 1980 553 12.
2015 498 2076 554 Ει
2105 516 2270 571 super
2302 518 2423 557 eum
2451 503 2723 569 ridebunt,
2747 515 2800 560 et
2831 505 3009 559 dicent
3035 523 3047 556 :

227 570 316 623 15.
363 571 492 624 Ἰδοὺ
523 571 822 645 ἄνθρωπος,
862 575 1039 640 ὅςούκ
1067 576 1217 632 ἔθετο
1246 579 1336 633 τὸν
1365 581 1497 635 Θεὸν
1527 581 1717 654 βοηθὸν

1882 590 1969 645 15.
2005 592 2142 648 Ecce
2168 594 2353 662 homo,
2384 597 2476 666 qui
2512 611 2618 650 non
2650 597 2831 665 posuit
2860 596 3030 651 Deum
3053 597 3378 667 adiutorium

149 677 326 715 αυτου
344 678 356 692 ·
794 730 795 733 η

794 730 795 733 η
1817 696 2006 737 suum:

232 752 321 806 H.
365 752 502 807 Ἀλλ’
531 753 827 811 ὲπῆλπισεν
864 758 959 813 ἐπὶ
982 758 1061 813 τῶ
1106 760 1296 831 πλήθει
1347 763 1440 817 τοῦ
1489 765 1716 821 πλούτου

1887 773 1975 827 tl.
2010 773 2114 829 Sed
2154 775 2390 845 speravit
2430 776 2484 830 in
2521 777 2865 833 multitudine
2906 779 3212 835 divitiarum
3255 796 3378 836 sua-

149 860 327 896 αυτ-ου
345 860 359 874 ⁹
1815 880 1878 919 ru
1887 881 1937 919 m
1962 883 1976 920 2

234 934 320 988 15.
353 934 462 989 Καὶ
492 934 862 1009 ἐνεδυναμώθη
893 939 985 992 ἐπὶ
998 944 1063 1011 τῇ
1097 944 1417 1015 ματαιότητι
1441 947 1625 1002 αὐτοῦ.

1278 944 1417 1015 ετητι
1441 947 1625 1002 αὐτοῦ.
1891 956 1976 1010 15.
2010 956 2073 1010 Et
2100 958 2380 1026 prawaluit
2416 960 2467 1014 in
2502 960 2738 1015 vanitate
2774 977 2891 1016 sua.

230 1024 317 1081 16.
360 1024 499 1093 Ἐγὼ
528 1025 583 1079 δὲ
609 1025 741 1080 ὡσεὶ
773 1028 927 1082 ἐλαία
962 1034 1313 1103 κατάκαρπος
1362 1038 1420 1090 ὲν
1462 1038 1539 1109 τῷ
1583 1039 1718 1109 οἴκῳ

1897 1047 1986 1101 16.
2028 1024 2141 1118 Ego
2190 1058 2374 1103 autem
2422 1051 2563 1105 sicut
2603 1051 2742 1105 oliva
2794 1052 3067 1108 fructifera
3118 1054 3171 1107 in
3217 1054 3378 1110 domo

150 1118 251 1172 τοῦ
273 1116 411 1171 Θεοῦ
430 1132 444 1145 ⁸
1817 1138 1908 1193 Dei
1938 1158 1952 1193 :

237 1210 321 1263 17.
354 1210 589 1264 Ἥλπισα
618 1212 707 1265 ἐπὶ
734 1213 794 1266 τὸ
818 1212 963 1278 ἔλεος
993 1214 1084 1269 τοῦ
1115 1216 1249 1270 Θεοῦ
1292 1220 1371 1281 εἰς
1405 1219 1495 1271 τὸν
1523 1218 1713 1286 αἰῶνα,

1890 1231 1976 1285 17.
2013 1230 2233 1299 Speravi
2284 1231 2336 1284 in
2380 1230 2749 1287 misericordia
2798 1233 2887 1286 Dei
2935 1234 3293 1301 inmternunt,
3326 1246 3380 1292 et

148 1301 247 1353 καὶ
268 1302 351 1364 εἰς
368 1300 459 1352 τὸν
483 1302 654 1355 αἰῶνα
674 1301 766 1355 τοῦ
794 1304 1005 1369 αἰῶνος.

794 1304 1005 1369 αἰῶνοςο
1819 1323 1872 1377 in
1905 1324 2162 1377 saeuiunt
2193 1323 2393 1376 saeculi.

228 1390 312 1443 18.
363 1391 850 1465 Ἐξομολογήσομαί
877 1412 958 1448 σοι
978 1397 1056 1459 εἰς
1084 1399 1175 1451 τὸν
1204 1398 1373 1453 αἰῶνα
1426 1400 1506 1453 ὅτι
1532 1400 1716 1471 ἐποίη-

1622 1400 1716 1471 ›ίη-
1886 1416 1973 1470 18.
2007 1414 2317 1469 Contitebor
2348 1415 2443 1469 tibi
2478 1414 2531 1469 in
2569 1416 2847 1480 sarculum.
2868 1418 2993 1486 quia
3024 1416 3235 1474 fecisti:

149 1496 283 1543 σας·

230 1570 314 1625 t9.
350 1571 454 1624 Καὶ
484 1571 737 1643 ὑπομενῶ
766 1574 826 1627 τὺ
845 1574 1017 1646 ὄνομά
1042 1596 1156 1642 σου,
1181 1579 1262 1633 ὅτι
1334 1580 1525 1634 οτιστὸν
1554 1582 1713 1634 ἐναν-

1883 1584 1968 1638 19.
2002 1583 2067 1639 Et
2096 1596 2425 1656 exspectano
2459 1602 2651 1642 nomen
2684 1598 2856 1655 tuum,
2889 1587 3142 1657 quoniam
3177 1587 3376 1641 bonum

144 1661 266 1713 τὶον
300 1660 409 1713 τῶν
439 1662 600 1715 ὁσίων
642 1678 756 1717 σου.

1817 1676 1870 1729 ill
1893 1690 2186 1747 CODSPCCIII
2217 1691 2530 1733 sanctorum
2566 1689 2801 1734 tuorum.

146 1756 217 1807 Εἰ
224 1774 257 1818 ς
282 1753 350 1806 τὸ
382 1753 554 1821 τέλος
577 1756 729 1824 ὑπὲρ
767 1758 1019 1820 Μαελὲθ,
1051 1763 1357 1828 συνέσεως
1406 1764 1485 1829 τῷ
1516 1767 1711 1821 Δαϐίδ.

1598 1767 1711 1821 ὅίδ.
1981 1764 2047 1819 In
2072 1767 2250 1833 ﬁnem,
2280 1784 2375 1836 pro
2413 1767 2659 1832 Maeleth,
2698 1768 2988 1822 intellectus
3028 1766 3211 1823 David.

773 1852 944 1904 ΨΑΛ.
973 1853 1102 1906 NB'.
1744 1863 1786 1917 Β

1744 1863 1786 1917 Β
2404 1859 2607 1915 PSAL.
2658 1860 2782 1916 LII.

220 1937 275 1992 1.
307 1933 474 1992 Εἶπεν
505 1939 692 2011 ἄφρων
712 1943 769 1995 ὲν
798 1944 996 2015 καρδίᾳ
1020 1945 1182 1998 αὑτοῦ
1202 1963 1215 1977 ·
1250 1948 1362 2000 Οὐκ
1394 1948 1505 2001 ἔστι
1531 1950 1680 2014 Θεός.

1891 1949 1942 2002 1.
1977 1949 2119 2004 Dixit
2153 1951 2411 2020 insipiens
2448 1953 2499 2005 iu
2537 1956 2699 2007 corde
2721 1970 2857 2007 suo:
2891 1952 3006 2005 Nnn
3040 1964 3119 2004 cst
3152 1952 3304 2006 Deus.

220 2026 275 2080 2.
309 2028 705 2101 Διεφθάρησαν,
730 2034 820 2085 καὶ
836 2033 1226 2105 ἐϐδελύχοησαν
1261 2038 1317 2090 ἐν
1339 2038 1587 2108 ἀνομίαις
1608 2058 1622 2072 ·

1888 2039 1942 2092 9..
1977 2039 2230 2111 Corrupti
2281 2053 2429 2109 sunt,
2458 2053 2509 2098 et
2562 2045 2948 2099 abominabiles
2989 2044 3113 2098 facti
3154 2051 3279 2096 sunt
3322 2044 3375 2097 in

1820 2132 2197 2200 iniquitatibus
2220 2154 2231 2189 :

223 2208 278 2264 3.
316 2210 432 2263 Οὐκ
456 2209 567 2263 ἐστι
599 2212 763 2265 ποιῶν
792 2212 1010 2281 ἀγαθόν.

1889 2225 1941 2278 5.
1978 2223 2093 2277 Non
2125 2235 2206 2279 est
2231 2225 2319 2295 qui
2356 2224 2509 2278 faciat
2544 2225 2765 2279 bonum.

220 2303 277 2356 4.
329 2303 387 2355 '0
418 2303 547 2367 Θεὸς
571 2306 633 2358 ὲκ
656 2304 748 2359 τοῦ
771 2306 999 2378 ούρανοῦ
1026 2307 1275 2379 διέκυψεν
1298 2311 1390 2364 ἐπὶ
1414 2312 1540 2375 τοὺς
1560 2313 1711 2379 υἱοὺς

1888 2316 1940 2371 4.
1974 2315 2117 2372 Deus
2153 2317 2220 2371 de
2252 2317 2392 2372 cwlo
2417 2317 2694 2387 prospexit
2719 2332 2880 2387 super
2904 2318 3041 2374 filios
3076 2319 3376 2387 hominum,

141 2396 258 2449 τῶν
289 2395 606 2466 ἀνθρώπων,

1260 2537 1635 2597 ATIIANASII
1678 2541 2261 2600 INTERPRETATIO.

219 2711 308 2765 19..
346 2712 635 2786 Χαίροντες
664 2715 886 2769 εἴπωσιν
908 2734 922 2748 ·
1738 2730 1780 2786 c

908 2734 922 2748 '
1738 2730 1780 2786 C
1886 2726 1971 2779 l2.
2001 2726 2308 2781 Gatttlcutcs
2338 2726 2517 2783 dicent

220 2805 307 2858 15.
346 2800 511 2871 Οὗτος
546 2803 613 2879 ἦν
639 2811 668 2862 6
699 2810 1086 2882 ἀνθιστάμενος
1110 2812 1189 2884 τῷ
1221 2813 1361 2886 Θεῷ.

1340 2848 1361 2868 ι.
1888 2820 1976 2873 15.
2008 2818 2105 2873 llic
2132 2830 2267 2884 erat,
2292 2820 2384 2889 qui
2418 2819 2525 2874 Deo
2551 2819 2953 2875 adversabatur.

219 2895 308 2951 14.
354 2898 492 2951 Ἀλλ’
534 2899 715 2971 ὲθάρει
755 2902 833 2969 (1)
867 2902 1244 2978 [ἐθάρρησεν]
1285 2907 1377 2960 ἐπὶ
1408 2908 1472 2978 τῇ
1524 2906 1717 2972 ἀλαζο-

1375 2946 1377 2957 ,
1408 2908 1472 2978 τῇ
1524 2906 1717 2972 ἀλαζο-
1890 2910 1974 2965 11.
2010 2911 2112 2966 Sed
2143 2912 2381 2966 conﬁsus
2408 2919 2491 2966 est
2514 2912 2565 2965 in
2594 2911 2853 2981 jactantia
2875 2925 2988 2965 sua.

139 3006 201 3043 νε
210 2989 270 3060 ia
300 2988 514 3043 ἑαυτοῦ.

221 3081 312 3134 15.
349 3083 456 3135 Καὶ
487 3082 701 3153 ἴσχυσεν
723 3084 779 3136 ἐν
804 3088 870 3156 τῇ
900 3086 1118 3157 ἀνομίᾳ,
1148 3088 1213 3158 ἦν
1244 3087 1481 3160 ὲφηῦρεν
1506 3090 1603 3160 (2).

1891 3084 1975 3139 15.
2015 3083 2078 3138 Et
2108 3085 2385 3154 prarvaluit
2424 3085 2476 3138 in
2507 3086 2789 3154 iniquitate
2818 3101 2982 3154 quam
3013 3085 3234 3140 invenit.

219 3170 307 3224 16.
344 3171 405 3251 ξΟ
431 3173 487 3224 δὲ
525 3174 683 3244 χορὸς
712 3175 820 3228 τῶν
876 3177 1045 3246 ἁγίων
1089 3177 1299 3251 πὶήρης
1354 3182 1500 3235 ἐστὶν
1534 3182 1719 3246 ἐλέους

1884 3176 1970 3232 16.
2001 3176 2213 3230 Chorus
2236 3186 2414 3231 autem
2461 3187 2774 3231 sanctorum
2815 3177 3005 3246 plenus
3042 3184 3126 3231 cst
3164 3177 3381 3232 miseri—

141 3264 240 3316 καὶ
277 3263 504 3334 καρπῶν
533 3268 840 3337 εἰρηνικῶν.

1182 3248 1211 3250 ᾔ
1258 3248 1267 3251 ν
1814 3269 2020 3332 cordia,
2056 3278 2106 3323 et
2142 3269 2413 3323 fructibus
2439 3270 2700 3337 paciﬁcis.

218 3356 310 3408 17.
349 3357 731 3422 ’Δδιαλείπτως
759 3360 991 3414 πέποιθα
1022 3364 1113 3415 ἐπὶ
1147 3364 1208 3416 τὸ
1241 3364 1549 3435 ἀμέτρητον
1570 3365 1718 3430 ἔλεος

1886 3362 1971 3416 17.
2002 3361 2376 3416 lntlclieientcr
2430 3362 2669 3418 confisus
2717 3379 2837 3419 sum
2890 3364 2943 3417 in
2991 3363 3253 3417 immensa
3286 3358 3378 3414 Dei

141 3447 240 3503 τοῦ
277 3447 436 3503 Θεοῦ.
621 3514 628 3520 _

621 3514 628 3520 _
1816 3452 2198 3506 misericordia.

222 3537 310 3590 18.
350 3535 567 3602 Δοξὰσω
598 3553 658 3590 σε
698 3537 777 3601 εἰς
828 3537 917 3590 τὸν
944 3540 1134 3609 αἰῶνα,
1162 3544 1242 3596 ὅτι
1295 3542 1373 3613 (5)
1438 3545 1500 3597 σύ
1532 3562 1599 3615 με
1633 3546 1713 3610 εἰς

1883 3541 1971 3597 18.
2000 3541 2328 3596 Gloriﬁcabo
2373 3550 2424 3595 te
2469 3541 2523 3596 in
2575 3553 2858 3605 teternum,
2890 3540 3145 3611 quoniam
3191 3547 3249 3592 tu
3294 3553 3380 3591 me

140 3627 308 3680 τοῦτο
327 3629 551 3696 ἤγαγες.

1815 3631 1923 3687 huc
1950 3647 2126 3702 usque
2160 3632 2457 3686 adduxisti.

214 3719 306 3775 19.
334 3721 445 3774 Καὶ
471 3721 706 3794 διαμενῶ
732 3723 808 3794 (4)
832 3726 917 3779 ἀεὶ
961 3726 1019 3778 ὲν
1061 3725 1139 3796 τῷ
1195 3725 1418 3798 ὀνόματί
1461 3746 1589 3793 σου,
1630 3728 1715 3783 ὅτι

1886 3725 1973 3780 19.
2003 3723 2068 3778 Et
2094 3726 2423 3794 permanebo
2468 3740 2682 3794 semper
2722 3727 2777 3777 in
2822 3723 3041 3777 nomine
3082 3731 3195 3785 tuo,
3238 3736 3376 3789 quo-

139 3810 309 3865 τοῦτο
331 3810 536 3880 ἀγαθόν
564 3815 679 3867 ἐστι
710 3816 842 3868 πᾶσι
871 3818 983 3880 τοῖς
1012 3816 1186 3885 ἁγίοις
1212 3834 1326 3871 σου.

1818 3818 1963 3872 niam
1989 3817 2089 3872 hoc
2110 3817 2313 3871 bonum
2340 3826 2422 3870 est
2455 3817 2717 3870 omnibus
2741 3815 2943 3870 sanctis
2973 3815 3098 3867 tuis.

227 3925 297 3978 Ἥ
323 3925 654 3996 προκειμένη
694 3927 968 3996 ἐπιγραφὴ
1001 3928 1242 3998 περιέχει
1270 3928 1346 3997 (5)
1373 3946 1387 3961 ’
1416 3930 1519 3995 Εἰς
1566 3929 1631 3983 τὸ
1667 3929 1842 3993 τέλος
1890 3924 2041 3993 ὑπὲρ
2086 3923 2343 3988 Μαελέθ,
2400 3922 2707 3989 συνέσεως
2738 3922 2818 3988 τῷ
2866 3922 3061 3977 Δαϐίδ.
3097 3921 3266 3974 Τοῦτο
3288 3917 3381 3975 οὖν

141 4022 299 4073 ἐστιν
326 4018 394 4091 [ὃ
425 4019 609 4092 λέγει]
637 4022 729 4074 ἐπὶ
749 4022 890 4075 τέλει
918 4023 1026 4075 τῶν
1059 4023 1267 4078 αἰώνων
1300 4026 1438 4095 ὑπὲρ
1462 4026 1554 4078 τοῦ
1582 4026 1785 4096 Κυρίου
1812 4023 1961 4087 λέγει
1991 4024 2019 4075 ὁ
2049 4021 2286 4091 ψαλμὺς,
2308 4021 2423 4098 πῶς
2455 4019 2533 4089 (6)
2558 4018 2873 4089 ἐπιστρέφει
2893 4018 2982 4070 τὸν
3008 4016 3131 4069 λαὸν
3152 4016 3377 4069 λυτρού-

144 4128 317 4179 μενος
340 4112 504 4165 αὑτὸν
536 4113 600 4165 ἐκ
627 4114 725 4184 τῆς
753 4114 846 4167 τοῦ
880 4114 1127 4168 διαϐόλου
1165 4117 1500 4180 δυναστείας.
1548 4117 1781 4173 Μυελὲο
1810 4117 1920 4187 γὰρ
1953 4115 2314 4188 ἑρμηνεύεται
2368 4112 2607 4179 ἀπαρχὴ
2628 4129 2643 4142 ⁸
2694 4110 2919 4181 ἀπαρχὴ
2946 4109 3002 4161 δὲ
3053 4112 3085 4161 o'
3129 4111 3381 4176 Χριστός

141 4203 317 4255 ἐστιν.
354 4204 459 4269 Εἰς
480 4205 737 4257 σύνεσιν
762 4202 1081 4278 [Συνέσεως]
1108 4206 1165 4259 δὲ
1195 4204 1273 4272 τῷ
1307 4207 1505 4273 Δαϐὶδ,
1535 4208 1815 4262 τουτέστιν
1842 4209 1971 4260 ὅταν
2010 4204 2136 4276 ἔλθῃ
2167 4206 2247 4267 εἰς
2272 4202 2488 4256 σύνεσιν
2521 4203 2549 4254 6
2568 4200 2691 4263 λαὸς
2718 4203 2747 4253 6
2788 4199 3161 4269 πεποοημένος
3184 4216 3195 4226 ·
3223 4197 3380 4250 τοῦτο

142 4299 256 4367 γὰρ
287 4297 645 4367 ἑρμηνεύεται
676 4301 708 4351 ό
730 4298 922 4353 Δαΰίδ.

212 4387 437 4443 Titulus
468 4388 784 4459 praepositus
810 4390 1050 4446 continet
1080 4407 1092 4441 :
1127 4388 1193 4441 In
1237 4388 1392 4458 ﬁnem
1438 4404 1531 4458 pro
1565 4388 1807 4455 llaelcth,
1859 4386 2154 4442 intellectus
2181 4388 2367 4442 David.
2408 4387 2521 4443 Hoc
2547 4388 2711 4459 igitur
2738 4399 2820 4444 est
2845 4388 3010 4460 [quod
3052 4383 3376 4457 signiﬁcat]:

142 4478 403 4534 Psalmus
433 4479 670 4549 loquitur
698 4481 765 4535 de
787 4480 1016 4535 Domino
1051 4482 1104 4536 in
1139 4484 1246 4537 line
1278 4484 1624 4549 szeculorum,
1651 4483 1924 4555 quomodo
1955 4484 2219 4537 convertit
2262 4483 2542 4553 pupulum,
2579 4484 2815 4539 liberans
2847 4499 2969 4538 eum
3006 4498 3068 4536 ex
3119 4490 3381 4549 potestate

142 4572 375 4627 diaboli.
410 4570 636 4625 Haeletlt
667 4573 811 4628 enim
837 4574 1224 4644 interpretatur
1250 4578 1500 4644 primitia:
1524 4594 1542 4630 :
1578 4576 1831 4631 primitiae
1862 4585 2042 4629 autem
2078 4574 2321 4629 Christus
2357 4587 2477 4631 est:
2516 4574 2815 4629 Intellectus
2841 4586 3019 4629 autem
3054 4572 3243 4637 David,
3274 4572 3381 4627 hoc

141 4674 249 4727 est,
279 4678 411 4719 cum
447 4664 501 4717 in
531 4665 860 4723 intellectum
891 4670 1097 4723 venerit
1125 4670 1359 4739 populus
1388 4669 1762 4731 desideratus;
1790 4668 1861 4722 ita
1887 4670 2031 4721 enim
2068 4668 2425 4737 iuterpetatur
2457 4669 2641 4723 David.

213 4758 271 4811 1.
330 4756 390 4808 ’0
412 4754 655 4821 διάϐολος
687 4762 781 4813 καὶ
812 4762 863 4814 οἱ
896 4761 1061 4815 αὐτοῦ
1090 4763 1289 4825 πάντες
1323 4762 1451 4833 περί
1492 4761 1585 4814 τοῦ
1625 4779 1715 4815 τε·
1744 4764 1791 4820 D

1769 4766 1791 4818 )
1890 4761 1942 4814 1.
1976 4759 2234 4815 Diabolus
2278 4770 2332 4815 et
2359 4777 2547 4818 omnes
2580 4763 2671 4834 qui
2709 4764 2829 4835 cjus
2859 4770 2986 4819 sunt
3018 4760 3270 4817 dixerunt
3314 4763 3382 4819 de

140 4852 371 4923 χθέντος
394 4850 459 4902 ἐκ
482 4850 582 4921 τῆς
610 4852 905 4923 Παρθένου.

695 4852 905 4923 ρθένου.
1813 4860 1942 4907 nato
1977 4867 2040 4906 ev
2070 4851 2306 4920 Virgine.

209 4943 267 4997 2.
299 4941 740 5014 Κατεφθάρησαν
764 4946 858 4997 καὶ
881 4944 1229 5016 προσώζεσαν
1257 4947 1314 4997 ὲν
1347 4945 1657 5015 ἁμαρτίαις.

1565 4962 1657 5007 ιις.
1882 4946 1937 4999 2.
1972 4944 2225 5013 Corrupti
2260 4954 2387 4998 sunt
2414 4953 2463 4998 ct
2494 4951 2811 5013 pulrueruut
2838 4945 2892 4996 in
2924 4947 3178 5013 peccatis.

210 5033 271 5087 5.
298 5032 427 5086 Τῶν
455 5034 820 5088 ἀπειθούντων
851 5038 930 5107 τῷ
959 5037 1079 5109 Θεῷ
1110 5038 1188 5108 τῷ
1225 5038 1434 5106 ἀγαῡῴ,
1473 5038 1563 5089 καί
1591 5038 1712 5089 κολ-

1883 5038 1936 5090 3.
1972 5038 2170 5091 Eorum
2205 5038 2298 5106 qui
2347 5037 2456 5091 Deo
2487 5038 2691 5105 eptimo
2722 5036 2999 5101 resistunt,
3026 5048 3074 5092 ct
3105 5039 3378 5095 attinerent

144 5123 414 5194 λωμένοις
449 5123 523 5193 (7)
556 5123 635 5198 τῷ
659 5125 900 5197 πονηρῷ.
1816 5130 1979 5183 malo.

212 5214 268 5270 4.
302 5216 606 5271 Κατανοεῖν
631 5218 697 5270 τὰ
728 5217 861 5289 ἔργα
892 5218 999 5272 τῶν)
1026 5218 1343 5293 ἀνθρώπων.

1321 5238 1343 5273 ν.
1906 5220 1953 5271 et.
1983 5215 2049 5271 Ut
2072 5229 2423 5279 cognosceret
2452 5232 2612 5286 opera
2639 5216 2934 5271 hominum.

1116 5382 1414 5445 Addenda
1445 5388 1504 5444 et
1554 5381 2032 5460 corrigendae:
2069 5381 2207 5442 cod.
2249 5381 2447 5441 Vatic.

212 5543 295 5678 (1}
344 5543 611 5616 Ἐθάῤῥει.

212 5614 270 5678 (2
330 5614 545 5678 Ἴσχυεν
574 5657 585 5667 .
617 5654 631 5666 .
660 5656 671 5666 .
738 5615 977 5678 ἐφεῦρεν.

2098 5548 2187 5601 διὰ
2218 5550 2315 5620 τῆς
2339 5552 2699 5621 κινναϐάρεως
2732 5568 2850 5623 περ.

1932 5641 1943 5668 ι
2070 5639 2115 5678 ς.

210 5614 290 5687 (2)
330 5614 545 5687 Ἰσχυεν
568 5657 585 5687 ί.
617 5654 631 5666 .
660 5656 671 5666 .
738 5615 977 5687 ἐφεῦρεν.

501 5633 545 5667 εν
568 5657 585 5687 γ.
617 5654 631 5666 .
660 5656 671 5666 .
738 5615 977 5687 ἐφεῦρεν.
1890 5614 1962 5685 (li)
2000 5622 2114 5683 Ὃς.

338 5676 746 5761 Σίᾶπαύστως,
776 5676 885 5752 ὅτιξ
912 5697 1015 5743 ctc.
1890 5676 1966 5757 (7)
1995 5676 2381 5761 Κολλωμενων.

217 5752 297 5821 (4)
333 5758 426 5812 Δια
436 5756 603 5825 μείνω
