4084 6322
161 395 267 455 861
1116 397 1201 450 DE
1241 395 1512 450 TITULIS
1544 394 1985 451 PSALMORUM.
2016 426 2082 439 --
2122 395 2316 449 PSAL.
2351 393 2483 448 LIII.
3295 383 3397 439 862

239 514 299 568 9..
336 515 440 567 Καὶ
466 516 524 567 ἐν
544 516 610 584 τῇ
634 513 858 584 δυνάμει
906 530 997 565 σου
1037 517 1241 584 κρινεῖς
1274 531 1358 584 με.
1756 526 1805 578 Α

1291 531 1358 567 ιε.
1756 526 1805 578 Α
1898 515 1953 567 2.
1981 513 2044 567 Et
2070 517 2123 566 in
2161 514 2358 567 virtute
2390 523 2481 566 tua
2503 511 2773 581 judicabis
2801 525 2904 564 me.

242 607 299 659 3.
343 606 400 658 Ὀ
424 604 573 671 Θεὸς,
603 607 919 660 εἰσάκουσον
944 606 1044 676 τῆς
1080 607 1387 677 προσευχῆς
1418 622 1539 675 μου·

1360 624 1387 669 ς
1418 622 1539 675 μου·
1903 607 1955 661 5.
1991 606 2147 669 Deus,
2178 606 2376 660 exaudi
2411 607 2712 660 orationem
2741 618 2916 658 meam
2956 618 2970 655 :

238 694 298 748 4.
340 694 618 748 Ἐνώτισαι
642 696 711 749 τὰ
743 699 960 768 ῥήματα
989 697 1081 750 τοῦ
1114 698 1377 768 στόματός
1408 714 1529 767 μου.

1360 716 1377 761 ;
1408 714 1529 767 μου.
1905 698 1958 751 4.
1997 698 2236 751 Auribus
2268 697 2483 766 percipe
2512 695 2675 750 verba
2710 695 2822 748 oris
2848 691 2973 747 mei.

245 786 302 841 5.
334 787 454 840 Ὅτι
481 787 749 859 ἀλλότριοι
777 788 1148 859 ἐπανέστησαν
1179 791 1264 841 ἐπ’
1302 789 1433 859 ἐμὲ·

1899 792 1953 846 5.
1988 792 2257 857 Quoniam
2292 790 2453 846 alieni
2479 792 2895 845 insurrexerunt
2934 785 3219 840 adversum
3242 794 3365 836 me:

244 879 306 933 6.
336 879 444 933 Καὶ
466 881 715 952 κραταιοὶ
741 882 1008 951 ἐζήτησαν
1032 883 1130 952 τὴν
1153 882 1333 953 ψυχήν
1368 898 1469 952 μου
1488 897 1503 912 ο

1908 884 1960 937 6.
1988 884 2052 937 Et
2081 883 2248 938 fortes
2275 883 2607 952 quaesierunt
2631 882 2868 935 animam
2905 893 3080 932 meam
3112 895 3122 929 :

245 969 299 1022 7.
329 971 439 1024 Καὶ
465 970 527 1024 οὐ
553 970 841 1042 προέθεντο
864 973 956 1026 τὸν
985 973 1117 1027 Θεὸν
1152 973 1380 1027 ἐνώπιον
1402 971 1597 1026 αὐτῶν.

1907 976 1960 1028 '.'.
1989 974 2055 1029 Et
2084 990 2191 1028 non
2218 982 2621 1045 proposuerunt
2666 971 2833 1027 Deum
2881 978 3004 1024 ante
3042 972 3390 1035 conspectum

1836 1082 2015 1121 suum.

245 1148 303 1205 8.
350 1150 480 1204 Ἰδοὺ
503 1150 611 1222 γὰρ
640 1149 670 1202 6
700 1150 832 1215 Θεὸς
858 1152 1042 1225 βοηθεῖ
1073 1171 1162 1224 μοι
1180 1171 1196 1185 ⁶

1908 1158 1961 1210 8.
1995 1157 2136 1212 Ecce
2164 1158 2306 1211 enim
2332 1157 2474 1211 Deus
2509 1154 2728 1225 adjuvat
2754 1169 2839 1208 me

244 1240 297 1297 9.
336 1243 443 1295 Kal.
470 1244 498 1295 6
523 1244 723 1314 Κύριος
752 1246 1100 1318 ἀντιλήπτωρ
1139 1248 1239 1316 τῆς
1263 1247 1440 1317 ψυχῆς
1476 1264 1596 1318 μου.

1476 1264 1596 1318 μου.
1911 1249 1966 1305 9.
2000 1250 2068 1304 Et
2101 1249 2363 1303 Dominus
2394 1257 2679 1318 susceptor
2704 1246 2896 1299 animae
2924 1257 3072 1296 meat.

245 1334 336 1389 10.
372 1335 710 1409 Ἀποστρέψῃ
753 1333 1177 1409 [Ἀποστρέψει]
1218 1338 1285 1391 τὰ
1328 1338 1473 1391 κακὰ
1505 1340 1616 1401 τοῖς
1652 1338 1740 1404 ἐχ-

1568 1340 1616 1401 is
1652 1338 1740 1404 ἐχ·
1910 1341 1997 1396 1ο.
2024 1342 2251 1397 Avertes
2276 1340 2548 1412 [avertet]
2574 1340 2714 1395 mala
2748 1337 2982 1393 inimicis
3011 1334 3147 1390 meis
3165 1350 3181 1366 ο

164 1423 325 1492 Θροῖς
362 1441 462 1493 μου
485 1440 499 1453 ’

252 1515 342 1568 11.
379 1515 465 1568 Ἐν
496 1519 562 1587 τῇ
589 1516 814 1587 ἀληθείᾳ
839 1533 933 1570 σου
966 1518 1342 1591 ὲξολόθρευσον
1380 1517 1593 1582 αὐτούς.

1394 1517 1593 1582 ιύτούς.
1913 1517 1997 1572 11.
2026 1516 2093 1571 Et
2124 1518 2177 1571 in
2210 1518 2443 1573 veritate
2466 1527 2556 1572 tua
2578 1516 2832 1587 disperde
2866 1516 3007 1570 illos.

248 1605 335 1658 12.
378 1608 669 1670 Ἑκουσίως
703 1606 852 1661 θύσω
886 1626 993 1673 σοι,

1913 1609 2001 1662 12.
2026 1608 2343 1665 Voluntarie
2377 1610 2698 1665 sacriﬁcabo
2729 1610 2858 1662 tibi:

248 1696 335 1750 15.
380 1699 868 1771 Ἐξομολογήσομαι
913 1702 990 1773 τῷ
1022 1702 1245 1773 ὀνόματι
1289 1720 1401 1765 σου,
1434 1700 1628 1772 Κύριε,
1658 1701 1738 1754 ὅτι

1913 1698 2338 1754 15.Conﬁtebor
2389 1701 2598 1755 nomini
2660 1710 2774 1765 tuo,
2825 1696 3088 1760 Domine,
3143 1693 3397 1765 quoniam

165 1787 404 1855 ἀγαθόν.

1839 1790 2066 1846 bonum.

247 1880 339 1933 14.
370 1881 491 1933 Ὅτι
512 1882 574 1935 ὲκ
600 1884 780 1956 πάσης
808 1884 1042 1954 θλίψεως
1084 1886 1301 1957 ὲρῥύσω
1332 1901 1399 1953 με
1767 1900 1810 1956 Β

1783 1901 1810 1956 3
1914 1884 2003 1937 M.
2036 1884 2303 1950 Quoniam
2333 1902 2400 1941 ex
2426 1886 2576 1941 omni
2606 1884 2958 1939 tribulatione
2988 1877 3236 1950 eripuisti
3262 1892 3349 1931 me
3382 1894 3396 1930 :

247 1969 338 2023 15.
372 1971 481 2025 Καὶ
508 1972 566 2028 ὲν
603 1977 716 2039 τοῖς
755 1975 967 2046 ἐχθροῖς
1011 1992 1110 2045 μου
1142 1973 1350 2026 ἐπεῖδεν
1390 1972 1418 2023 6
1460 1969 1735 2042 ὀφθαλμός

1912 1974 2000 2028 15.
2050 1973 2118 2030 Et
2167 1991 2333 2049 super
2405 1977 2657 2031 inimicos
2711 1989 2863 2029 meos
2914 1970 3159 2040 despexit
3212 1966 3404 2022 oculus

169 2074 307 2130 μου.

1841 2079 2012 2121 meus.

1291 2286 1662 2343 ATHANASII
1700 2286 2287 2373 iNTERPRETATiO.

168 2500 341 2551 νῆμα
362 2499 378 2510 ·
410 2484 619 2550 Ζιφαίοι
639 2483 694 2536 δὲ
716 2485 1100 2556 ὲρμηνεύονται
1123 2485 1586 2552 ἀναϐάλλοντες.
1613 2487 1785 2541 Σαοὺλ
1804 2489 1861 2541 δὲ
1890 2488 2251 2559 ἑρμηνεύεται
2281 2492 2541 2558 αἱτητός.
2582 2489 2754 2544 Τοῦτο
2777 2485 2868 2544 οὖν
2902 2490 3048 2558 λέγει
3069 2506 3082 2518 ·
3114 2488 3164 2540 οἱ
3214 2486 3406 2557 δαίμο-

172 2594 274 2638 νες
293 2575 373 2645 τῷ
394 2574 622 2646 διαϐόλῳ
646 2576 892 2645 λέγουσιν
917 2597 932 2610 ο
973 2582 1101 2635 Ἰδοὺ
1138 2580 1613 2651 συγκεκλεισμένοι
1641 2580 1715 2651 (1)
1740 2580 1933 2652 ἔχομεν
1964 2582 2054 2636 τὸν
2083 2580 2501 2652 ἐξουθενημένον
2528 2586 2731 2637 ἐκεῖνον
2757 2599 2771 2613 ⁸
2811 2583 2994 2637 λοιπὸν
3031 2584 3058 2634 6
3100 2580 3174 2652 (2)
3212 2580 3406 2649 συλλη-

166 2668 335 2739 φθεὶς
371 2668 462 2721 ὑπ’
492 2668 666 2723 αὐτῶν
691 2672 783 2725 ἐπὶ
813 2672 955 2724 τέλει
977 2675 1057 2736 εἰς
1090 2674 1303 2731 σύνεσιν
1336 2674 1462 2746 ἔλθῃ
1495 2676 1600 2728 ὑπὸ
1628 2675 1720 2732 τοῦ
1742 2676 1898 2741 Θεοῦ,
1932 2678 2159 2748 ἀνυμνεῖ
2180 2676 2269 2729 τὸν
2297 2677 2449 2741 Θεὸν,
2480 2677 2575 2732 καὶ
2600 2678 2775 2732 δέεται
2802 2676 2966 2732 αὑτοῦ
2993 2677 3164 2745 λέγων
3182 2692 3196 2705 °

166 2794 288 2841 tem
324 2787 746 2857 interpretantur
767 2792 1165 2861 repullulantes.
1198 2796 1328 2851 Saul
1358 2813 1484 2852 vero
1512 2797 1896 2867 interpretatur
1923 2801 2133 2867 petitus.
2186 2798 2298 2852 Hoc
2340 2797 2506 2868 igitur
2546 2793 2834 2865 signiﬁcat,
2877 2793 3147 2845 daemones
3190 2786 3407 2841 diabolo

164 2879 400 2933 dicunt:
448 2877 585 2934 Ecce
615 2882 934 2937 conclusum
967 2885 1230 2941 habemus
1277 2895 1645 2957 contemptum
1706 2888 1877 2943 illum.
1926 2890 1996 2945 At
2023 2891 2242 2944 demum
2273 2888 2698 2959 comprehensus
2729 2885 2797 2939 ab
2825 2883 2980 2953 ipsis,
3036 2885 3161 2937 cum
3192 2880 3408 2935 tandem

165 2976 362 3032 divina
389 2993 489 3048 ope
513 2980 658 3034 venit
690 2980 746 3033 in
776 2981 1135 3047 intellectum,
1172 2982 1357 3037 laudat
1385 2984 1579 3049 Deum,
1612 2993 1666 3039 et
1692 2997 1947 3056 precatur
1979 2987 2182 3055 ipsum,
2210 2986 2433 3042 dicens:

242 3153 306 3209 2.
332 3156 444 3209 Καὶ
472 3154 607 3208 κατὰ
627 3157 724 3226 τὴν
749 3156 977 3230 δύναμίν
1006 3176 1100 3212 σου
1134 3158 1400 3232 βοήθησόν
1440 3179 1507 3233 με
1537 3162 1638 3233 (5).
1775 3167 1818 3225 C

1775 3167 1818 3225 C
1917 3165 1970 3219 2.
1998 3162 2066 3217 Et
2102 3162 2401 3218 secundum
2430 3170 2579 3215 tuam
2610 3159 2903 3230 potentiam
2939 3158 3133 3228 adjuva
3164 3171 3263 3213 me.

244 3245 306 3299 3.
338 3245 435 3308 Et;
475 3244 547 3298 τὰ
608 3241 721 3302 ὦτά
781 3265 875 3302 σου
928 3251 1335 3322 είσακουσθήτω
1381 3255 1414 3322 ἡ
1470 3254 1744 3324 προσευχὴ

1652 3254 1744 3324 δχή
1921 3260 1973 3315 5.
2006 3257 2064 3311 In
2098 3256 2325 3311 auribus
2348 3254 2457 3309 tuis
2486 3252 2738 3309 audiatur
2771 3251 2947 3307 oratio
2972 3266 3107 3305 mea.
3261 3243 3265 3248 ’

168 3348 311 3408 μου.

244 3426 306 3480 4.
343 3427 567 3482 Πάντων
590 3428 725 3499 όμοῦ
763 3429 839 3499 (4)
881 3430 987 3483 τῶν
1033 3432 1295 3501 ῥημάτιον
1330 3433 1558 3488 ἀκοῦσαι
1605 3450 1752 3489 κατ-

1924 3439 2237 3508 4.Dignare
2284 3439 2473 3494 audire
2530 3439 2716 3494 omnia
2770 3436 2931 3491 verba
3004 3449 3157 3501 mea;
3207 3431 3410 3487 nullum

165 3519 443 3585 αξίωσον·
475 3520 639 3591 μηδὲν
670 3521 849 3573 αὐτῶν
877 3522 1181 3591 ἀπόϐλητον
1208 3524 1347 3575 ἔστω
1375 3525 1525 3577 παρὰ
1555 3526 1658 3578 σοί.

883 3522 1181 3591 ἀπόϐλητον
1208 3524 1347 3575 ἔστω
1375 3525 1525 3577 παρὰ
1555 3526 1658 3578 σοί.
1848 3547 2035 3586 eorum
2060 3546 2091 3584 a
2122 3540 2173 3585 te
2198 3530 2496 3600 rejiciatur.

248 3612 309 3665 5.
342 3612 408 3664 Οἱ
432 3612 703 3683 δαίμονες.

695 3651 703 3665 .
1922 3623 1974 3677 5.
2002 3620 2308 3677 Daemones.

244 3703 305 3757 6.
345 3703 577 3773 Ὁμοίως
600 3705 655 3757 at
680 3706 919 3759 ἐναντίαι
945 3706 1227 3778 δυνάμεις.

1922 3716 1974 3772 6.
2014 3715 2280 3771 Similiter
2305 3712 2631 3769 adversariae
2661 3719 2972 3782 potestates.

248 3796 305 3849 7.
341 3796 453 3849 Καὶ
483 3797 581 3850 οὐκ
608 3797 942 3867 ὲλογίσαντο,
972 3800 1052 3853 ὅτι
1071 3802 1099 3854 6
1125 3799 1257 3863 Θεὸς
1279 3800 1498 3865 δυνατός
1521 3802 1635 3854 ἐστι
1656 3799 1749 3855 τοῦ

1924 3809 1976 3865 7.
2018 3809 2087 3864 Et
2115 3824 2221 3863 non
2241 3808 2639 3880 cogitaverunt,
2669 3805 2815 3876 quod
2847 3804 2988 3860 Deus
3012 3814 3206 3876 potens
3232 3814 3317 3862 est
3346 3806 3414 3861 ab

165 3887 450 3960 ῥύσασθαί
484 3905 551 3959 με
583 3890 675 3941 ἀπ’
706 3888 907 3943 αὐτῶν.

782 3888 907 3943 τῶν.
1851 3903 1988 3974 ipsis
2024 3919 2110 3957 me
2139 3901 2395 3957 liberare.

242 3979 303 4034 8.
346 3978 481 4031 Ἰδοὺ
508 3980 616 4050 γὰρ
640 3982 668 4031 6
691 3980 822 4044 Θεὸς
847 3980 1133 4052 λυτροῦταί
1162 4001 1231 4054 με
1249 3984 1369 4037 καθ’
1391 3984 1626 4054 ἑκάστην
1651 3983 1748 4053 (5).

1518 4000 1626 4054 πην
1651 3983 1748 4053 (5)-
1920 3996 1973 4049 8.
2008 3993 2148 4049 Ecce
2175 3992 2321 4047 enim
2358 3990 2502 4046 Deus
2532 3990 2729 4046 liberat
2758 4006 2844 4044 me
2870 3989 3131 4058 quotidie.

241 4072 300 4126 9.
337 4070 451 4124 Καὶ
472 4071 547 4135 ὡς
572 4072 846 4143 Δεσπότης
879 4092 977 4145 μου
1006 4077 1362 4129 ἀντιποιεῖται
1389 4076 1480 4129 τοῦ
1502 4076 1749 4147 πλάσμα-

1923 4087 1975 4142 9.
2011 4085 2077 4140 Et
2108 4085 2277 4141 veluti
2311 4082 2579 4139 Dominus
2630 4097 2789 4137 meus
2832 4081 3066 4152 protegit
3096 4080 3412 4152 ﬁgmentum

163 4182 265 4228 τος
292 4163 484 4217 αὐτοῦ.

419 4163 484 4217 >6.
1850 4194 2032 4234 suum.

248 4258 343 4312 10.
386 4257 742 4330 Ἀποστρέψει
774 4258 849 4331 (6)
883 4258 1342 4332 [Ἀπόστρεψεται
1365 4258 1384 4331 ]
1411 4261 1443 4330 ἡ
1468 4257 1625 4329 ὀδύνη
1650 4258 1749 4310 αὑ-

1491 4257 1625 4329 ιδύνη
1650 4258 1749 4310 αὖ·
1923 4267 2008 4324 10.
2034 4266 2395 4322 Convertetur
2426 4263 2587 4320 dolor
2610 4278 2801 4319 eorum
2841 4262 2896 4317 in
2938 4262 3104 4333 ipsos.

165 4350 284 4402 τῶν
309 4352 398 4401 ἐπ’
433 4350 643 4413 αὐτούς.

248 4441 342 4493 11.
396 4438 485 4492 Ἐν
513 4443 579 4511 τῇ
609 4442 789 4511 χάριτι
820 4440 913 4493 τοῦ
942 4441 1096 4511 ἁγίου
1125 4440 1443 4513 Πνεύματος
1475 4439 1747 4493 ἀπέλασον

1920 4448 2009 4503 11.
2042 4445 2229 4503 Gratia
2263 4444 2436 4501 sancti
2471 4441 2708 4513 Spiritus
2743 4442 2953 4511 expelle
3002 4454 3095 4495 eos
3128 4438 3197 4495 ab
3230 4438 3412 4493 anima

165 4532 376 4595 αὐτοὺς
409 4532 519 4584 ἀπὸ
548 4533 646 4603 τῆς
677 4532 851 4603 ψυχῆς
884 4551 1006 4605 μου.
1776 4534 1821 4588 1)
1851 4554 1993 4593 mea.

236 4626 334 4679 12.
364 4626 485 4679 Ἵνα
534 4625 718 4679 λοιπὸν
783 4629 840 4681 ὲν
894 4627 1085 4699 μηδενὶ
1130 4626 1490 4696 κατεχόμενος
1537 4623 1743 4691 δοξάσω

1916 4628 2003 4682 19..
2036 4627 2109 4682 Ut
2136 4626 2355 4681 demum
2403 4626 2549 4680 nulla
2597 4640 2651 4677 in
2689 4641 2746 4681 re
2803 4623 3054 4676 detentus
3111 4628 3163 4675 te
3207 4617 3413 4690 gloriﬁ-

165 4731 253 4768 σε.
1844 4735 1983 4776 cem.

241 4804 335 4858 13.
375 4805 697 4876 Ἀνυμνὴσω
742 4808 802 4859 τὸ
838 4806 1010 4879 ὄνομά
1060 4824 1177 4877 σου,
1235 4810 1315 4861 ὅτι
1348 4808 1550 4875 ἀγαθόν
1604 4809 1747 4859 ἐστιν

1920 4809 2007 4862 15.
2043 4806 2301 4861 Laudabo
2333 4820 2532 4860 nomen
2571 4812 2746 4867 tuum,
2772 4801 3031 4872 quoniam
3073 4800 3276 4856 bonum
3307 4807 3410 4864 cst,

164 4898 503 4950 ὲπαναπαυό
510 4915 667 4966 μενον
696 4900 787 4953 ἐπί
816 4917 955 4957 τινα.

1849 4916 1972 4955 eum
2010 4916 2172 4969 super
2193 4900 2426 4968 aliquem
2453 4896 2758 4967 requiescit.

240 4988 334 5043 14.
370 4990 559 5058 Πάσης
593 4992 867 5062 ἁμαρτίας
902 4993 998 5060 (7).

943 4993 998 5060 Γ).
1922 4987 2007 5045 ιι.
2044 4993 2121 5045 Ex
2145 4992 2294 5044 omni
2320 4999 2556 5059 peccato.

236 5079 332 5133 15.
372 5082 483 5133 Kal.
505 5085 572 5154 τῇ
598 5082 804 5156 διανοίᾳ
825 5085 1121 5157 προσέσχον
1147 5085 1261 5156 μετ’
1285 5084 1451 5155 ὀργῆς
1477 5084 1615 5136 κατὰ
1636 5082 1742 5134 τῶν

1923 5081 2010 5135 15.
2042 5079 2108 5134 Ει
2149 5087 2329 5135 mente
2373 5077 2578 5133 attendi
2613 5092 2737 5133 eum
2790 5077 2871 5131 ira
2932 5082 3122 5131 contra
3161 5072 3413 5129 inimicus

148 5172 390 5245 ,ἐχθρῶν
422 5191 547 5245 μου.

422 5191 547 5245 μου.
1848 5188 2017 5227 meos.

1122 5376 1419 5440 Addenda
1456 5381 1514 5435 et
1552 5372 1925 5452 corrigenda
1958 5389 2035 5432 ex
2087 5370 2228 5430 eod.
2266 5369 2463 5428 Vatia.

236 5566 320 5633 (Ι)
357 5563 875 5635 Συγκεκὶίέσμένον.
1921 5562 1992 5621 (Si)
2035 5559 2415 5635 '_l_‘215tatf“{_:i7:‘
2444 5556 2639 5610 αὐτῶν.

243 5627 325 5692 (2)
360 5627 558 5685 Λοίπὸν
592 5630 682 5686 οὖν
699 5627 757 5684 ό.

1922 5634 1996 5696 (ti)
2042 5627 2406 5695 Ἰζπιστρέψει.

238 5706 319 5775 (ὃ)
357 5704 646 5775 Ιῖοηθήσεις
690 5722 797 5772 μοι.
1924 5702 1998 5769 (7)
2046 5699 2342 5769 ’Λμαρτίας
2372 5697 2537 5765 λέγει.

239 5779 321 5843 (ά)
352 5776 488 5828 Μου.
