4068 6318
80 348 170 403 865
1003 335 1090 391 DE
1121 330 1396 388 TITUUS
1435 323 1878 382 PSALMODUM.
1915 353 1979 364 ——
2020 322 2215 377 PSAL
2261 321 2393 375 LIV.
3167 307 3270 363 861)

143 466 220 520 12.
250 461 661 534 Προσεδεχὸμην
692 458 782 511 τὸν
817 456 946 507 Θεὸν
974 453 1065 507 τὸν
1105 453 1341 518 σώζοντά
1387 467 1453 521 με
1507 447 1615 502 ἀπὸ
1640 453 1692 507 Α

1661 453 1692 507 ι
1788 444 1871 498 12.
1903 441 2288 512 Exspectabam
2335 439 2524 500 Deum,
2565 436 2658 505 qui
2700 433 2908 488 salvum
2961 444 3044 483 me
3085 426 3209 482 facit
3239 445 3267 481 a

80 532 423 625 ὀλιγοψυχίας,
462 554 556 604 καὶ
581 550 687 603 ἀπὸ
711 546 1037 614 καταιγίδος.

1717 535 2158 608 pusillanimitate
2190 532 2410 601 spiritus
2432 541 2485 583 et
2516 536 2849 594 tempestate.

145 616 233 702 1'5:
270 616 713 708 Kacandvctaov,
767 638 970 708 Κύριε,
1030 638 1124 691 καὶ
1174 634 1451 688 καταὸίελε
1519 633 1618 698 τὰς

1790 627 1875 680 15.
1909 625 2211 695 Praecipita,
2246 621 2486 683 Domine,
2511 629 2564 673 et
2590 617 2766 671 divide
2789 616 3001 682 linguas
3030 625 3220 665 eorum
3254 649 3268 664 .

83 736 306 807 γλώσσας
345 733 534 788 αὐτῶν
551 751 565 765 ·

145 828 224 884 11.
259 829 378 880 Ὀτι
412 821 554 879 εἶδον
587 822 848 894 ἀνομίαν,
878 820 970 874 καὶ
1001 818 1300 886 ἀντιλογίαν
1339 820 1396 871 ἐν
1424 819 1490 888 τῇ
1521 815 1620 870 πό·

87 924 226 1067 m15.
263 1011 511 1082 Ἡμέρας
556 1008 649 1062 καὶ
689 1006 881 1072 νυκτὸς
908 1003 1173 1059 κυκλώσει
1218 1000 1386 1071 αὐτὴν
1419 999 1510 1053 ἐπὶ
1552 997 1623 1053 τά

1789 801 1874 854 11.
1901 797 2163 863 Quoniam
2189 797 2296 851 vidi
2330 795 2689 864 iniquitatem,
2716 802 2768 846 et
2785 789 3270 844 contradictionem

1719 892 1776 950 in
1800 891 2036 946 civitate.

1790 981 1876 1034 15.
1916 979 2008 1032 Die
2045 991 2108 1031 ac
2144 981 2302 1028 nocte
2337 973 2698 1028 circumdabit
2747 987 2868 1026 eam
2899 986 3064 1040 super
3091 985 3274 1025 muros

86 1105 215 1134 ..ειη
249 1103 412 1134 -.θη-,τη
441 1118 456 1130 .
1723 1087 1840 1134 eius
1877 1090 1888 1125 ε

94 1105 153 1154 πεί
249 1103 371 1154 αὖτ’
441 1118 456 1130 ·

257 1119 594 1262 Καίῖἒινομία
623 1192 716 1246 καὶ
741 1191 905 1253 κόπος
925 1190 981 1242 ἐν
1004 1188 1152 1259 μέσῳ
1179 1186 1367 1256 αὐτῆς,
1401 1185 1494 1239 καὶ
1512 1183 1625 1238 ἀδι-

1723 1090 1752 1126 C
1780 1090 1840 1126 US
1877 1090 1888 1125 ε

1751 1090 1770 1141 J
1798 1165 1885 1217 1t}.
1915 1162 1978 1218 Et
2001 1163 2256 1232 iniquitas
2271 1171 2324 1217 ct
2352 1162 2505 1218 labor
2530 1162 2584 1216 in
2608 1161 2783 1215 medio
2812 1161 2950 1228 ejus,
2970 1169 3022 1213 et
3052 1159 3273 1229 injusti-

1726 1257 1821 1310 tia.

89 1301 184 1336 κια.

149 1378 225 1429 17.
257 1377 364 1430 Kal
381 1375 484 1428 οὐκ
515 1373 757 1439 ἐξέλιπεν
778 1374 842 1426 ἐκ
861 1371 966 1425 τῶν
996 1370 1261 1425 πλατειῶν
1283 1371 1452 1443 αὐτῆς
1471 1372 1627 1436 τόκος

89 1471 168 1522 καὶ
195 1468 354 1532 δόλος.

152 1560 228 1613 18.
258 1562 396 1621 Ὅτι,
425 1561 476 1610 εί
499 1561 528 1611 ὁ
550 1557 738 1620 ἐνθοὸς
761 1557 1001 1610 ὠνείδισέ
1037 1573 1124 1626 με,
1158 1556 1437 1625 ὑπήνεγκα
1473 1555 1560 1611 ἀν.

1801 1553 1885 1603 18.
1921 1551 2183 1616 Quoniam
2213 1549 2254 1602 si
2284 1548 2702 1603 iuimieusmcus
2726 1548 3095 1604 maledixisset
3121 1551 3275 1616 mihi,

1729 1643 2108 1696 sustinuissent
2144 1644 2345 1708 utique.

1798 1349 1883 1402 17.
1920 1346 1982 1402 Et
2005 1363 2109 1401 non
2133 1344 2328 1402 defecit
2343 1346 2409 1401 de
2427 1347 2614 1416 plateis
2645 1346 2764 1415 ejus
2799 1363 2985 1413 usura,
3013 1356 3068 1402 ct
3095 1348 3272 1402 dolus.

151 1736 226 1790 19.
252 1735 355 1789 Καὶ
379 1737 426 1786 εἰ
451 1736 480 1788 ὁ
515 1735 687 1805 μισῶν
709 1753 774 1805 με
806 1735 890 1787 ἐπ’
908 1736 1005 1805 ἐμὲ
1032 1733 1625 1804 ἐμεγαλορῤημονησεν,

1803 1737 1884 1788 19.
1929 1734 1991 1787 lit
2021 1737 2063 1788 si
2101 1735 2144 1787 is
2168 1735 2259 1801 qui
2284 1735 2470 1786 oderat
2493 1748 2577 1786 mc
2601 1749 2762 1802 super
2796 1748 2879 1785 me
2908 1749 3098 1801 magna
3136 1733 3281 1787 locu-

94 1828 304 1898 ἐκρύὸην
325 1828 390 1880 ἂν
412 1829 512 1880 ἀπ’
544 1827 744 1896 αὑτοῦ.ξ
1658 1809 1700 1864 Β

1658 1809 1700 1864 Β
1736 1838 1821 1881 tus
1853 1827 2063 1890 luisset,
2092 1826 2492 1879 abscondissem
2526 1841 2609 1876 me
2633 1823 2856 1878 forsitan
2892 1825 2958 1877 ab
2986 1841 3066 1878 eo.

150 1920 227 1972 20.
251 1917 320 1973 Σὺ
339 1921 414 1985 δέ,
444 1920 700 1990 ἄνθρωπε
725 1919 962 1992 ἰσόψυχε,
995 1922 1211 1990 ήγεμων
1238 1937 1359 1990 μου,
1388 1935 1480 1971 και
1498 1935 1628 1986 γνω-

1805 1915 2004 1970 2t).~Tu
2039 1933 2159 1970 vero
2189 1917 2347 1970 homo
2377 1915 2666 1979 unanimis,
2697 1915 2807 1968 dux
2844 1932 3016 1980 mens,
3040 1926 3091 1968 et
3125 1924 3282 1970 notus

96 2011 170 2062 στέ
200 2029 292 2081 μου
313 2029 326 2040 ·

1733 2024 1888 2063 1118118
1925 2027 1937 2063 Ξ

153 2101 226 2153 2|.
257 2104 347 2165 '0;
376 2102 500 2172 [Ὧς
552 2101 712 2176 mss.]
755 2104 848 2158 ἐπὶ
894 2103 954 2156 τὸ
1010 2103 1138 2156 αὐτὸ
1193 2099 1494 2168 ἐγλύκανάς
1535 2117 1625 2170 μοι

1802 2100 1894 2153 2|.
1937 2099 2039 2165 Qui
2083 2098 2338 2169 [Quippe]
2370 2099 2529 2155 simul
2555 2115 2763 2154 mecum
2804 2100 2988 2155 dulces
3033 2102 3282 2170 cupiebas

98 2193 337 2262 ἐδέσματα
353 2209 370 2226 ⁸

322 2209 370 2245 ι’
1734 2191 1884 2248 cibos
1916 2209 1928 2244 :

153 2283 233 2336 22.
264 2284 344 2338 Ἐν
372 2284 448 2355 τῷ
470 2285 605 2356 οἴκῳ
637 2286 729 2340 τοῦ
757 2285 885 2338 Θεοῦ
909 2283 1279 2354 ἐπορεύθημεν
1311 2285 1366 2335 ἐν
1388 2282 1629 2354 ὁμονοίᾳ.

1497 2282 1629 2354 vola.
1797 2283 1884 2336 22.
1918 2285 1971 2335 In
2004 2283 2164 2336 domo
2195 2282 2285 2336 Dei
2320 2283 2715 2339 ambulavimus
2741 2284 2793 2337 in
2819 2299 3103 2340 consi'nsu.

157 2376 235 2429 25.
281 2378 508 2430 Ἐλθέτω
543 2379 604 2448 δὴ
626 2378 847 2440 Θάνατος
877 2378 962 2430 ἐπ’
995 2379 1188 2439 αὐτοὺς
1207 2417 1222 2440 ν

1033 2379 1188 2439 ὑτοὺς
1207 2417 1222 2440 ,
1801 2374 1890 2428 25.
1925 2372 2111 2426 Veniat
2134 2391 2281 2428 mors
2310 2390 2473 2444 super
2497 2375 2637 2438 illos,

158 2466 235 2518 2|.
269 2468 372 2520 Kal
402 2468 800 2539 καταϐήτωσαν
830 2470 908 2530 εἰς
938 2468 1062 2538 ᾆδον
1095 2468 1325 2531 ζῶντεςο

1801 2464 1890 2516 2-1.
1919 2463 1981 2517 Et
2005 2465 2330 2520 descendant
2358 2470 2408 2518 in
2434 2465 2702 2520 infernum
2739 2467 3007 2520 viventes:

159 2556 237 2613 25.
261 2558 376 2612 Ὀτι
398 2559 633 2630 πονηρία
658 2561 714 2614 ἐν
743 2561 862 2622 ταῖς
888 2559 1198 2630 παροικίαις
1231 2559 1426 2624 αὐτῶν,
1459 2560 1516 2612 ἐν
1546 2557 1631 2628 μὲ-

1924 2555 2192 2619 Quoniam
2229 2558 2471 2627 nequitia
2522 2558 2574 2610 in
2621 2558 2944 2614 habitaculis
2980 2574 3191 2627 eorum,
3233 2560 3286 2614 in

105 2663 170 2715 σῳ
197 2648 384 2705 αὐτῶν.

1737 2645 1915 2700 medio
1945 2662 2150 2700 corum.

162 2740 239 2794 26.
277 2742 413 2812 Ἐγὼ
442 2743 580 2814 πρὸς
615 2742 706 2797 τὸν
737 2743 865 2796 Θεὸν
903 2741 1200 2809 ἐκέκραξα.
1238 2738 1329 2791 καὶ⁷
1359 2739 1388 2790 ὁ
1432 2736 1632 2808 Κύριος

1807 2737 1898 2792 26.
1937 2736 2050 2809 Ego
2079 2740 2143 2794 ad
2177 2739 2344 2796 Deum
2381 2742 2632 2811 clamavi,
2665 2754 2719 2798 et
2758 2744 3021 2800 Dominus
3068 2747 3291 2801 exaudi-

106 2832 356 2904 εἰσήκουσέ
391 2851 513 2905 μου.

391 2851 513 2905 μου.
1740 2830 1817 2884 vit
1844 2846 1927 2885 me
1965 2849 1979 2886 :

1194 3007 1563 3063 ATIlANASll
1601 3007 2183 3069 INTERI’RETATIO.

169 3163 245 3218 12.
272 3162 463 3217 Λοιπὸν
488 3163 887 3234 προσεδεχομην
908 3163 995 3214 τὸν
1012 3162 1140 3214 θεὸν
1164 3163 1253 3215 τὸν
1273 3163 1632 3236 λυτρούμενόν
1657 3172 1702 3232 c

1690 3173 1702 3229 ι
1803 3166 1888 3220 12.
1932 3166 2167 3237 Denique
2193 3172 2566 3238 exspectabam
2612 3173 2799 3236 Deum,
2843 3176 2935 3244 qui
2982 3191 3063 3229 me
3103 3177 3296 3232 liberat

115 3272 167 3326 με
194 3257 290 3311 ἀπὸ
313 3257 421 3311 τῶν
451 3256 707 3309 εἰσϐολῶν
738 3256 830 3308 τοῦ
874 3256 1086 3325 ἐχθροῦ.

805 3256 830 3308 ῦ
874 3256 1086 3325 ἐχθροῦ.
1743 3260 1809 3313 ab
1842 3261 2152 3315 incursibus
2189 3262 2411 3316 inimici.

176 3350 247 3403 15.
293 3350 629 3413 Θανάτωσον,
685 3349 893 3417 Κύριε,
945 3348 1038 3402 καὶ
1089 3346 1375 3418 σύντριψον
1446 3347 1644 3404 κακίαν

1815 3354 1900 3407 15.
1937 3354 2214 3421 Mor-tilica,
2257 3356 2501 3423 Domint‘,
2540 3368 2592 3413 ct
2645 3367 2861 3414 contere
2907 3358 3162 3412 malitiam
3207 3373 3299 3414 eo-

112 3454 282 3492 αυτων.
1743 3459 1884 3497 ΙἹΙΙΙὶο

173 3532 247 3585 14.
275 3533 390 3585 Ὅτι
415 3531 672 3600 αἴσθομαι
703 3531 761 3581 ἐν
790 3531 854 3599 τῇ
896 3529 1087 3601 καρδίᾳ
1116 3547 1237 3598 μου.

1199 3554 1237 3582 ι.
1814 3534 1897 3586 11.
1931 3535 2196 3598 Quoniam
2230 3536 2372 3587 sensi
2403 3536 2452 3587 in
2480 3537 2639 3589 corde
2667 3551 2805 3591 meo.

170 3621 244 3674 15.
288 3621 602 3684 Ἀπαῦστως
632 3620 841 3690 ἡμέρας
877 3620 970 3674 καὶ
1002 3620 1193 3683 νυκτὸς
1226 3620 1642 3691 περικαθέζεταί

1817 3628 1902 3680 15.
1933 3627 2270 3682 Incessanlcr
2307 3629 2393 3683 die
2430 3645 2494 3684 ac
2545 3639 2700 3685 nocte
2727 3631 3138 3690 circumassidct
3168 3636 3301 3692 mihi

119 3725 190 3776 μοι
213 3710 242 3780 ή
274 3711 526 3783 ἁμαρτία.

436 3711 526 3765 τία.
1743 3729 2042 3787 peccatum.

177 3800 252 3854 16.
286 3802 643 3872 Πεπλήρωται
671 3803 703 3870 ἡ
731 3800 937 3854 ὅιὲνοιά
972 3817 1071 3870 μου
1095 3799 1407 3869 λογισμῶν.’

1817 3811 1899 3863 11$.
1939 3810 2152 3880 ltepleta
2177 3823 2256 3865 est
2280 3828 2432 3865 mens
2456 3829 2570 3866 mea
2596 3815 3033 3884 cogitationibus.
3128 3853 3134 3860 -

179 3891 252 3944 17.
285 3893 388 3946 Kal
421 3895 520 3945 οὐκ
563 3892 855 3960 ἀφίσταται
904 3891 1013 3945 ἀπὸ
1060 3891 1160 3962 τῆς
1207 3893 1430 3962 καρδίας
1467 3909 1564 3961 μου
1613 3892 1646 3961 ἡ

1814 3901 1899 3956 17.
1935 3902 1998 3956 Et
2022 3920 2126 3955 non
2145 3905 2396 3958 discessit
2421 3922 2449 3957 a
2467 3905 2626 3958 corde
2644 3922 2784 3968 meo,
2810 3906 2952 3974 quod
2980 3917 3138 3963 antea
3160 3924 3304 3966 8x51-

119 3981 512 4051 προϋπάρχουσα
541 3983 800 4053 ἁμαρτία.

639 3984 800 4053 ιρτία.
1747 3990 1920 4044 stebat
1949 4005 2124 4060 peccat
2137 4009 2245 4046 um.

178 4073 254 4127 18.
288 4077 391 4128 Kal
421 4077 508 4128 ὅτε
535 4077 564 4128 ὁ
591 4075 779 4145 ἐχθρὸς
813 4074 1050 4138 ὠνείδιζέ
1088 4091 1154 4144 με
1174 4114 1188 4138 ,
1223 4074 1508 4146 ἰπέφερον.

1819 4085 1902 4137 18.
1931 4084 1994 4137 Et
2026 4101 2148 4138 eum
2180 4085 2432 4139 inimicus
2473 4085 2748 4139 maledixit
2779 4087 2931 4154 mibi,
2955 4089 3197 4146 toleravi.

178 4165 254 4221 19.
279 4168 378 4220 Kal
399 4168 559 4222 πάλιν
585 4168 672 4219 ὅτε
695 4165 791 4238 τήν
811 4167 1023 4237 ἀπάτην
1041 4166 1133 4219 τοῦ
1159 4165 1273 4236 βίον
1295 4166 1510 4219 ἐνέϐαλέ
1534 4185 1647 4237 μοι,

1823 4176 1909 4229 19.
1941 4176 2003 4230 Et
2041 4194 2225 4232 rursus
2263 4193 2384 4231 cum
2434 4177 2804 4247 deceptionem
2838 4180 2961 4235 vita:
3003 4183 3135 4237 milii
3168 4184 3303 4254 inje-

123 4253 204 4307 οὐκ
222 4258 476 4328 ήνεχόμην
509 4256 861 4329 [ἠνεσχόμην]
897 4257 1084 4314 αὑτοῦ.

897 4257 1084 4314 αὑτοῦ.
1749 4270 1842 4334 cit,
1877 4271 2052 4337 ipsum
2086 4286 2189 4322 nou
2223 4268 2475 4323 sustinui.

183 4346 260 4400 ΞΟ.
275 4348 358 4401 Σοὶ
381 4349 435 4402 δὲ
452 4349 597 4416 λέγω
616 4351 681 4418 τῇ
698 4349 904 4420 διανοίᾳ
925 4366 1026 4420 μου
1047 4365 1062 4382 ο
1085 4349 1158 4402 Τὸ
1175 4349 1493 4420 ἡγεμονικόν
1514 4365 1614 4418 μου
1629 4363 1647 4382 ο

1819 4354 1907 4409 20.
1947 4354 2066 4408 Tibi
2096 4367 2274 4410 autem
2301 4355 2424 4410 dico
2458 4372 2610 4411 mens
2653 4371 2771 4410 mea
2793 4396 2807 4421 ,
2837 4355 3207 4428 Principatum
3250 4360 3305 4414 in

1751 4458 1838 4497 me
1866 4460 2014 4498 tenes
2044 4463 2056 4496 ε

183 4529 264 4586 2|.
288 4531 356 4585 Τὸ
388 4535 502 4605 μετ’
533 4533 667 4605 ἐμοῦ
698 4532 766 4585 τὰ
804 4532 964 4601 λόγια
988 4550 1082 4586 του
1116 4532 1250 4585 Θεοῦ
1285 4533 1453 4604 ήδέως
1493 4531 1643 4602 ἔχον·
1681 4511 1728 4569 θ

1429 4550 1453 4596 ς
1493 4531 1643 4602 ἔχον·
1681 4511 1728 4569 Ῑ)
1821 4534 1908 4587 2|.
1943 4533 2146 4588 Mecum
2171 4535 2385 4606 eloquia
2411 4537 2499 4591 Dei
2523 4537 2761 4602 suaviter
2784 4537 2991 4594 habens
3020 4557 3035 4595 :

186 4619 265 4678 22.
291 4625 643 4696 Πορευθῶμεν
677 4625 789 4696 ἅμα
821 4626 900 4687 είς
935 4625 1258 4696 προσευχήν.

1170 4625 1258 4695 ςήν,
1823 4627 1909 4677 22.
1943 4626 2140 4680 lvimus
2170 4628 2329 4680 simul
2370 4629 2430 4679 ad
2456 4628 2776 4684 orationem.

183 4711 262 4767 25.
289 4715 392 4769 Kal
423 4717 636 4789 ἔρχεται
659 4717 796 4789 ὀργὴ
813 4715 908 4770 τοῦ
930 4715 1064 4770 Θεοῦ
1094 4718 1184 4770 ἐπὶ
1211 4717 1332 4780 τοὺς
1360 4717 1647 4787 λογισμοὺς

1622 4735 1647 4780 ς
1825 4714 1913 4769 25.
1946 4714 2010 4769 Et
2039 4718 2185 4772 venit
2213 4720 2292 4772 ira
2318 4717 2408 4771 Dei
2441 4735 2604 4790 super
2640 4719 3000 4789 cogitationes
3028 4720 3223 4779 malas.

130 4803 234 4866 τοὺς
257 4808 465 4871 κακούς.

187 4893 266 4950 24.
298 4897 400 4951 Kal
434 4899 658 4970 ἀφανεῖς
686 4896 925 4966 γίνονται
961 4899 1088 4968 περὶ
1134 4900 1410 4970 χρήματος
1443 4899 1515 4969 (1)
1552 4899 1650 4968 (α).

1373 4917 1410 4962 ις
1443 4899 1515 4969 (1)
1552 4899 1650 4968 (α),
1828 4893 1916 4947 21.
1953 4893 2017 4946 Et
2056 4903 2382 4948 evanescunt
2415 4893 2467 4947 iu
2498 4895 2612 4964 ipso
2638 4910 2819 4948 rerum
2851 4910 2979 4950 usu.

190 4985 388 5040 25.'Oti
404 4990 570 5044 κακία
591 4987 759 5060 πολλὴ
779 4989 835 5042 ἐν
849 4993 914 5060 τῇ
937 4988 1149 5061 καρδίᾳ,
1170 4990 1294 5043 ὅταν
1320 4988 1553 5041 οἰκοῦσιν
1574 4986 1651 5060 (2)

1825 4986 1918 5041 25.
1959 4986 2227 5052 Quoniam
2279 4987 2484 5042 malitia
2535 4987 2702 5042 multa
2741 4988 2796 5042 in
2836 4988 3000 5044 corde
3041 4999 3143 5056 est,
3187 5005 3310 5046 cum

130 5074 182 5124 ὲ)
213 5075 353 5148 αὐτῇ.

1758 5077 1862 5148 ipsi
1893 5077 1947 5130 in
1978 5091 2043 5129 eo
2077 5076 2339 5131 habitant.

195 5163 272 5218 26.
293 5166 426 5234 Ἐγὼ
445 5166 790 5239 ἀδικούμενος
812 5167 901 5220 ὑπ’
918 5168 1094 5221 αὐτῶν
1117 5170 1385 5240 ἀνεϐόησα
1413 5169 1545 5240 πρὸς
1564 5168 1658 5224 τὸν

1827 5167 1916 5221 26.
1951 5167 2061 5236 Ego
2090 5168 2250 5221 lmsus
2273 5168 2342 5222 ab
2384 5169 2517 5239 ipsis
2539 5167 2766 5224 clamavi
2796 5169 2861 5224 ad
2902 5170 3091 5232 Deum,
3126 5179 3180 5223 ct
3209 5171 3314 5224 Do-

135 5252 266 5321 θεὺν,
297 5259 382 5312 καὶ
404 5263 432 5314 ὁ
458 5260 658 5333 Κύριος
686 5259 947 5332 ἐϐοήθησὲ
983 5279 1070 5332 μοι
1102 5260 1198 5331 (5).

695 5259 947 5332 ἐϐοήθησὲ
983 5279 1070 5332 μοι
1102 5260 1198 5331 (5).
1761 5260 1944 5315 minus
1965 5260 2168 5329 adjuvit
2198 5276 2301 5316 me.

1037 5373 1341 5436 Addenda
1371 5383 1428 5434 et
1461 5375 1832 5455 corrigenda
1867 5394 1948 5438 ex
1980 5377 2119 5439 cod.
2172 5378 2372 5442 Vatic.

200 5516 270 5659 (1)
288 5520 517 5577 Γίνονται
549 5524 904 5596 παραχρῆμα.
1829 5521 1907 5595 (3)
1937 5524 2236 5597 Είσήκουσέ
2267 5544 2387 5597 μου.

219 5587 252 5643 2
296 5593 624 5659 Οίκήσουσιν.

296 5593 624 5666 Οίκήσουσιν.

207 5726 273 5799 (α)
296 5732 579 5805 Χρήσεως.
640 5734 696 5792 ln
730 5735 844 5794 cod.
885 5731 1043 5789 Bari).
1078 5734 1178 5792 lioe
1220 5735 1438 5791 verbum
1483 5745 1654 5793 exstat
1695 5737 1749 5793 in
1776 5746 1923 5795 textu
1956 5737 2107 5807 nigra
2135 5736 2329 5794 lineola
2367 5736 2816 5800 subternotatum.
