4056 6318
689 346 794 405 867
1543 353 1599 408 S.
1636 352 2004 409 ATIMNASII
2045 352 2194 411 OPP.
2234 352 2235 357 “

2394 356 2415 408 5
2455 355 2539 408 111.
2588 387 2643 397 κο
2688 356 3095 412 EXEGETICA.
3870 356 3962 411 888

765 472 852 527 27.
889 473 1137 542 Vespere,
1162 484 1213 528 et
1238 488 1414 539 mane,
1444 484 1496 529 et
1519 475 1743 530 meridie
1776 476 2034 543 narrabo,

759 648 847 702 28.
874 648 939 701 Et
972 650 1322 715 annuntiabo,
1345 661 1397 704 et
1426 651 1676 706 exaudiet
1701 667 1890 707 vocem
1924 668 2123 708 meam.

760 738 849 792 29.
879 738 1123 793 Redimet
1158 741 1209 793 in
1259 754 1388 809 pace
1427 743 1662 795 animam
1702 757 1875 797 meam
1914 743 1983 797 ab
2020 743 2125 807 his,
2158 744 2252 813 qui

688 831 1123 899 appropinquant
1147 832 1275 884 mihi
1306 851 1321 886 :

759 920 848 975 50.
881 920 1148 987 Quoniam
1181 924 1317 977 inter
1350 923 1544 976 multos
1568 931 1723 978 erant
1756 940 1988 980 mecum.

756 1009 843 1063 51.
878 1003 1137 1067 Exaudiet
1169 1011 1334 1077 Deus,
1385 1022 1440 1067 et
1483 1013 1794 1069 humiliabit
1832 1015 1977 1082 illos,
2022 1015 2116 1085 qui
2166 1025 2251 1072 est

690 1094 819 1153 ante
847 1103 1045 1156 sazcula

1310 1195 1471 1266 Diaps
1479 1198 1639 1251 alma.

754 1281 844 1338 52.
868 1281 987 1339 Νοη
1022 1286 1163 1340 enim
1195 1299 1277 1343 est
1300 1290 1405 1345 illis
1436 1289 1814 1355 commutatio,
1840 1288 2099 1360 quoniam
2140 1304 2245 1344 non

686 1374 983 1432 timuerunt
1004 1376 1197 1433 Deum.

751 1466 838 1521 55.
878 1467 1130 1525 Extendit
1164 1487 1383 1526 manum
1412 1489 1566 1527 suam
1596 1474 1648 1527 in
1680 1474 2030 1529 retribuendo
2057 1492 2069 1527 :

750 1556 838 1611 54.
872 1558 1395 1615 Contaminaverunt
1424 1574 1807 1618 testamentum
1831 1565 1949 1635 ejus
1980 1582 1993 1618 :

749 1648 839 1704 55.
868 1650 1037 1707 Divisi
1072 1662 1196 1709 sunt
1221 1656 1287 1709 ab
1326 1655 1407 1710 ira
1433 1658 1616 1711 vultus
1636 1657 1778 1727 ejus.

751 1741 839 1797 56.
878 1742 942 1797 Ει
972 1747 1539 1817 appropinquavcrunt
1581 1748 1745 1803 corda
1790 1764 2002 1804 eorum.

745 1855 832 1909 57.
862 1856 1050 1912 Molliti
1081 1866 1207 1913 sunt
1237 1875 1517 1917 sermones
1546 1876 1737 1918 eorum
1770 1878 1934 1933 super
1956 1861 2159 1927 oleum,

753 1946 839 2002 58.
868 1947 934 2002 Ει
963 1950 1063 2020 ipsi
1095 1961 1221 2007 sunt
1248 1952 1454 2022 jacula.

751 2038 839 2094 59.
872 2038 1024 2096 Jacta
1061 2058 1225 2114 super
1253 2043 1544 2099 Dominum
1578 2060 1767 2101 curam
1816 2054 1988 2112 tuam,
2028 2056 2083 2101 et
2124 2046 2241 2116 ipse

680 2138 732 2186 te
760 2132 995 2188 enutriet
1022 2153 1034 2188 :

750 2220 836 2274 40.
872 2218 991 2276 Νοη
1028 2225 1179 2281 dabit
1213 2229 1267 2283 in
1295 2239 1555 2285 aeternum
1587 2230 1990 2287 ﬂuctuationem
2017 2229 2188 2299 justo.

746 2313 830 2367 41.
867 2314 947 2371 Tu
972 2333 1121 2385 vero,
1152 2320 1315 2388 Deus,
1340 2324 1575 2380 deduees
1602 2340 1697 2380 eos
1732 2326 1786 2378 in
1836 2333 2058 2393 puteum
2102 2321 2241 2373 inte-

680 2405 838 2460 ritus.
1482 2413 1488 2418 ’

745 2498 835 2553 42.
869 2498 983 2552 Viri
1017 2500 1371 2569 sanguinum,
1400 2509 1454 2554 et
1486 2500 1686 2567 dolosi,

745 2590 837 2645 45.
866 2590 984 2645 Νοη
1015 2591 1376 2647 dimidiabnnt
1406 2592 1523 2649 dies
1556 2608 1709 2649 suos.

2276 485 2322 538 Α
2418 477 2503 531 27.
2538 480 2611 546 (α)
2654 479 2939 551 Ἑσπέρας,
2975 482 3065 533 καὶ
3102 481 3263 552 πρωῒ,
3310 484 3401 536 καὶ
3442 481 3845 553 μεσημϐρίας
3890 480 3961 531 δι-

2359 570 2628 639 ηγήσομαι
2650 608 2665 633 ν

2422 661 2509 715 28.
2528 663 2636 715 Καὶ
2655 664 2965 731 ἀπαγγελῶ,
2980 647 3073 719 καὶ
3088 667 3456 720 εἰσακούσεται
3470 669 3580 739 τῆς
3596 666 3821 737 φωνῆς
3844 684 3962 735 μου.

2421 754 2509 809 29.
2538 754 2884 827 Λυτρὼσεται
2916 761 2972 811 ὲν
3002 761 3188 832 εἰρήνῃ
3211 762 3309 831 τὴν
3338 761 3515 831 ψυχήν
3548 779 3663 831 μου
3696 759 3831 814 ἀπὸ
3858 759 3963 811 τῶν

2355 848 2678 916 ἐγγιζόντων
2709 867 2798 920 μοι
2818 866 2831 879 ·

2422 940 2510 993 50.
2548 939 2674 992 Ὅτε
2703 942 2760 994 ὲν
2793 941 3002 1005 πολλοῖς
3028 936 3165 1013 ἦσαν
3190 944 3285 997 σὺν
3318 944 3459 1013 ἐμοί.

2422 1030 2510 1084 51.
2546 1032 2933 1086 Εοὶσακούσεται
2958 1037 2987 1087 6
3032 1034 3191 1101 Θεὸς,
3224 1037 3315 1089 καὶ
3342 1036 3685 1090 ταπεινώσει
3721 1033 3961 1097 αὐτοὺς,

2350 1123 2379 1175 6
2410 1122 2668 1196 ὑπάρχων
2696 1125 2802 1196 πρὸ
2832 1124 2940 1179 τῶν
2963 1126 3195 1180 αἰώνων.

2946 1217 3049 1271 Διά
3058 1222 3280 1288 Ψαλμα.

2418 1304 2505 1359 52.
2531 1305 2605 1358 Οὐ
2637 1306 2744 1377 γάρ
2775 1308 2920 1360 ἐστιν
2944 1310 3125 1373 αὐτοῖς
3158 1310 3525 1381 ἀντάλλαγμα,
3557 1313 3645 1366 ὅτι
3676 1315 3802 1366 οὐκ
3830 1315 3958 1381 ἐφο-

2346 1394 2589 1465 ϐήθησαν
2622 1397 2712 1449 τὸν
2740 1396 2892 1450 Θεόν.

2412 1488 2502 1543 55.
2556 1488 2816 1552 Ἐξέτεινε
2850 1489 2949 1561 τὴν
2972 1492 3127 1561 χεῖρα
3163 1492 3323 1545 αὑτοῦ
3364 1495 3420 1545 ὲν
3460 1493 3537 1564 τῷ
3581 1494 3953 1548 ἀποδιδόναι.

2415 1580 2501 1634 54.
2548 1581 2919 1653 Ἐὁεὸἡλωσαν
2950 1585 3048 1652 τὴν
3093 1583 3353 1655 διαθήκην
3384 1584 3578 1638 αὐτοῦ·

2415 1672 2501 1726 55.
2526 1673 2951 1745 Διεμερίσθησαν
2973 1675 3079 1727 ἀπὸ
3100 1676 3265 1746 ὀργῆς
3286 1676 3378 1729 τοῦ
3402 1677 3708 1748 προσώπου
3744 1678 3951 1739 αὐτοῦ,

2414 1763 2502 1818 56.
2542 1766 2651 1818 Καὶ
2682 1767 2913 1836 ἤγγισαν
2945 1770 3000 1822 αἱ
3032 1768 3247 1839 καρδίαι
3276 1769 3468 1823 αὐτῶν.

2415 1856 2503 1910 57.
2548 1855 2959 1929 Ὴπαλύνθησαν
2986 1861 3034 1914 οἱ
3060 1860 3205 1929 λόγοι
3234 1862 3412 1915 αὐτῶν
3436 1863 3575 1931 ὑπὲρ
3600 1863 3834 1929 ἔλαιον,

2415 1947 2505 2002 58.
2538 1949 2647 2001 Καὶ
2678 1950 2830 2003 αὐτοί
2863 1952 2969 2004 εἰσι
3000 1950 3218 2021 βολίδες.

2414 2041 2501 2096 59.
2552 2043 2863 2115 Ἐπίρριψον
2890 2045 2981 2097 ἐπὶ
3011 2044 3212 2116 Κύριον
3240 2047 3336 2117 τὴν
3365 2046 3630 2117 μέριμναν
3668 2063 3814 2109 σου,
3848 2048 3945 2099 καὶ

2343 2134 2503 2197 αὐτός
2527 2151 2586 2185 τε
2609 2133 2912 2206 διαθρέψειο

2414 2225 2500 2281 40.
2528 2228 2601 2280 Οὐ
2626 2227 2785 2281 δώσει
2811 2230 2891 2293 εἰς
2916 2228 3005 2282 τὸν
3032 2228 3202 2283 αἰῶνα
3230 2230 3384 2283 σάλον
3408 2229 3483 2300 τῷ
3508 2230 3737 2300 δικαξῳ.

2412 2320 2500 2374 41.
2532 2321 2603 2373 Σὺ
2629 2320 2705 2385 δὲ,
2730 2324 2757 2374 6
2788 2322 2941 2388 Θεὸς,
2975 2322 3225 2387 κατάξεις
3256 2323 3445 2387 αὐτοὺς
3472 2325 3549 2386 εἰς
3583 2324 3789 2395 φρέαρ
3820 2324 3939 2376 δια·

2344 2410 2569 2483 φθορᾶς.

2410 2503 2497 2557 42.
2534 2504 2755 2577 ’Ἄνδρες
2787 2505 3034 2576 αἱμάτων
3071 2508 3163 2560 καὶ
3194 2506 3512 2578 δολιότητος,

2412 2596 2499 2651 45.
2536 2599 2609 2651 Οὐ
2639 2598 2713 2669 μὴ
2744 2599 3075 2671 ἡμισεύσωσι
3103 2599 3200 2663 τὰς
3224 2600 3431 2672 ἠ’μέρας
3461 2601 3657 2654 αὐτῶν.

749 2703 827 2777 (a)
850 2703 1001 2762 Vers.
1035 2705 1125 2773 27,
1132 2706 1451 2781 ,‘Eonépag,
1480 2719 1581 2768 etc.
1616 2711 1926 2781 ἀπαγγελῶ.
1971 2711 2105 2769 Vers
2133 2713 2225 2779 28,

2410 2715 2572 2782 εὶσα.,
2600 2728 2707 2772 etc.

1808 2912 2173 2969 ATHANASH
2218 2912 2791 2972 INTERPRETATIO.

704 3051 708 3055 ’
744 3062 834 3116 27.
870 3062 1002 3117 Sine
1036 3062 1440 3120 intermissione
1466 3079 1630 3120 orans
1657 3066 1954 3122 conﬁtebor
1978 3068 2094 3121 tibi.

744 3153 836 3208 28.
865 3153 932 3207 Et
965 3155 1179 3225 quoties
1207 3157 1453 3213 clamabo
1482 3159 1548 3213 ad
1588 3174 1733 3226 eum,
1760 3169 1817 3213 ut
1855 3161 2075 3231 impleat
2104 3162 2239 3232 peti-

677 3249 879 3299 tionem
908 3260 1107 3308 meam,
1138 3257 1192 3301 et
1226 3263 1411 3302 curam
1444 3249 1548 3304 mei
1578 3260 1771 3306 sumet.

744 3335 833 3391 29.
865 3335 1136 3393 Liberabit
1184 3341 1354 3408 gratia
1404 3357 1500 3397 sua
1539 3345 1777 3397 animam
1812 3359 1985 3397 meam
2025 3343 2093 3397 ab
2133 3343 2239 3397 im-

678 3428 861 3497 probis
892 3430 1337 3497 cogitationibus.

748 3516 835 3571 30.
863 3517 1130 3584 Quoniam
1166 3520 1350 3574 multa:
1377 3528 1533 3574 erant
1563 3520 1618 3573 in
1646 3524 1808 3575 corde
1848 3536 1999 3577 meo.

746 3608 833 3662 51.
864 3607 1306 3679 Deprceationem
1351 3627 1525 3666 meam
1575 3612 1629 3666 in
1682 3614 1842 3666 linem
1883 3615 2137 3680 adducet,
2182 3625 2238 3669 et

676 3700 988 3757 Substernet
1010 3718 1105 3757 eos
1131 3704 1355 3773 pedibus
1393 3706 1528 3759 meis
1561 3704 1721 3772 Deus,
1746 3706 1838 3775 qui
1874 3717 1997 3763 ante
2020 3710 2235 3764 saecula.

750 3796 839 3850 52.
872 3793 989 3849 Non
1022 3796 1168 3850 enim
1198 3796 1333 3865 ipsis
1368 3808 1572 3865 parcet.

744 3887 837 3941 55.
870 3884 1119 3942 Detinere
1156 3902 1242 3942 me
1279 3887 1451 3942 voluit
1493 3889 1767 3954 inimicus,
1805 3905 1928 3946 cum
1976 3906 2064 3947 me
2095 3889 2237 3947 Deus

679 3975 933 4032 liberaret
960 3993 990 4032 a
1015 3986 1258 4046 peccato.

749 4073 836 4127 54.
863 4074 1379 4129 Contaminaverunt
1409 4075 1655 4131 homines
1695 4076 2000 4147 iniquitate.

747 4254 837 4312 55.
870 4256 1084 4326 Decepti
1113 4265 1242 4313 sunt
1268 4256 1512 4313 homines
1542 4274 1572 4313 a
1602 4257 1906 4314 daemonum
1938 4260 2163 4315 malitia.

753 4428 838 4485 36.
866 4428 929 4483 Et
952 4429 1113 4484 corda
1134 4444 1321 4487 eorum
1351 4433 1603 4489 conclusa
1627 4442 1769 4489 sunt.

755 4521 837 4574 57.
866 4520 1184 4592 Deceptione
1209 4525 1438 4593 peccati.

751 4614 837 4667 58.
860 4612 1137 4681 Tanquam
1178 4631 1337 4691 argos
1367 4616 1563 4671 sublati
1591 4627 1716 4671 sunt
1742 4619 1811 4671 ab
1834 4620 1970 4687 ipso.

750 4701 839 4755 59.
870 4700 1164 4771 Deprecare
1191 4703 1498 4771 Dominum,
1519 4713 1573 4759 et
1601 4705 1712 4775 ipse
1740 4716 1791 4759 te
1819 4707 2134 4761 vivilicabit.

758 4791 838 4848 ω.
863 4789 981 4845 Νοη
1007 4794 1237 4863 patietur
1260 4812 1499 4866 unquam
1531 4798 1725 4851 tentari
1746 4798 1954 4867 justum
1989 4799 2037 4830 "

754 4883 837 4938 41.
866 4882 923 4937 1η
952 4882 1134 4939 futuro
1161 4889 1359 4943 seculo
1386 4889 1681 4945 daamones.

748 4974 839 5029 42.
871 4974 1077 5031 Inimici
1102 4986 1411 5046 potestates.

744 5064 835 5119 45.
862 5064 1030 5120 Erant
1066 5070 1208 5122 enim
1230 5071 1599 5139 immortales;
1636 5075 1913 5131 tradentur
1947 5088 2126 5135 autem
2175 5083 2229 5137 in

683 5155 861 5225 ignem
889 5166 1150 5212 aeternum
1173 5160 1303 5231 ipsis
1324 5174 1702 5233 praeparatum.

753 5310 796 5343 τι
834 5309 855 5365 ι
885 5310 1010 5368 Cor.
1040 5330 1094 5382 ι,
1127 5315 1213 5370 ιδ.

2263 3076 2304 3132 C
2405 3070 2494 3124 27.
2533 3072 2850 3138 Ἀπαύστως
2890 3059 3151 3153 δεόμενος
3181 3077 3257 3149 (1)
3288 3077 3761 3153 ὲξομολογήσομαξ
3813 3103 3921 3138 σοι.

2410 3164 2498 3218 28.
2529 3165 2636 3218 Καὶ
2666 3167 2856 3229 ὁσάκις
2890 3152 2974 3221 ¹ἂν
3001 3169 3077 3240 (2)
3108 3171 3390 3241 ἀναϐοήσω
3416 3173 3546 3245 πρὸς
3568 3152 3743 3229 αὑὲὺν
3778 3180 3928 3249 πλη-

2342 3254 2508 3324 ρῶσαι
2542 3257 2600 3309 τὸ
2630 3257 2837 3328 αἴτημά
2872 3278 2970 3330 μου
2992 3301 3006 3324 ,
3041 3262 3133 3314 καὶ
3174 3264 3424 3333 πρόνοιάν
3456 3284 3550 3336 μου
3588 3272 3921 3340 ποιήσεται.

2408 3344 2494 3397 29.
2533 3347 2875 3416 Λυτρὼσεται
2897 3351 2984 3403 διὰ
3014 3352 3111 3421 τῆς
3139 3353 3356 3423 χάριτος
3384 3357 3541 3410 αὐτοῦ
3576 3360 3674 3430 τὴν
3728 3363 3923 3434 ψυχήν

2340 3452 2442 3504 μου
2472 3437 2577 3489 ἀπὸ
2607 3439 2711 3491 τῶν
2741 3441 2990 3513 πονηρῶν
3015 3443 3304 3514 λογισμῶν.

2412 3528 2500 3583 50.
2540 3530 2659 3584 "Uri
2687 3531 2870 3585 πολλοὶ
2901 3530 3040 3605 ἦσαν
3072 3536 3128 3588 ὲν
3162 3540 3227 3608 τῇ
3263 3538 3456 3610 καρδίᾳ
3500 3558 3623 3610 μου.

2410 3621 2496 3676 51.
2527 3622 2618 3684 Εἰς
2646 3623 2814 3695 πέρας
2837 3627 3033 3695 ἀγαγεῖ
3054 3629 3153 3699 τὴν
3177 3629 3356 3699 δέησίν
3381 3649 3481 3700 μου
3506 3632 3596 3686 καὶ
3623 3634 3925 3707 ὑποστρώ-

2340 3729 2419 3765 σει
2450 3713 2641 3775 αὐτοὺς
2668 3710 2780 3777 τοῖς
2807 3718 2931 3768 ποσί
2957 3735 3056 3786 μου
3089 3721 3117 3770 6
3150 3720 3465 3791 προαιώνιος
3491 3723 3640 3786 Θεός.

2336 3841 2353 3874 ε
2372 3850 2388 3864 .
2407 3804 2493 3858 52.
2520 3805 2593 3857 Οὐ
2626 3805 2736 3877 γὰρ
2766 3811 3175 3880 συγχωρήσεται
3205 3815 3279 3882 (5)
3313 3814 3512 3876 αὐτοῖς.

2407 3895 2496 3950 55.
2521 3898 2826 3969 Κατασχεῖν
2852 3917 2919 3970 με
2942 3900 3200 3970 ἠθέλησεν
3222 3905 3250 3955 ὁ
3272 3904 3462 3976 ἐχθρὸς
3481 3908 3538 3959 ἐν
3556 3907 3635 3977 τῷ
3656 3909 3759 3963 τὸν
3775 3912 3919 3968 Θεὸν

2337 3987 2658 4057 λυτροῦσθαι
2692 3991 2887 4058 με’ἀπὸ
2918 3992 3017 4060 τῆς
3042 3994 3331 4064 ἁμαρτίας.

2407 4079 2493 4133 54.
2530 4082 2823 4151 Ἐμόλυναν
2870 4084 2993 4148 τοὺς
3025 4086 3337 4158 ἀνθρώπους
3382 4090 3468 4145 διὰ
3510 4093 3608 4161 τῆς
3640 4096 3913 4167 ἀνθμὲας.

2404 4254 2492 4311 55.
2521 4256 2905 4330 Ἢπατήθησαν
2934 4263 2981 4313 οἱ
3006 4261 3277 4334 ἄνθρωποι
3308 4266 3414 4320 ἀπὸ
3442 4267 3536 4337 τῆς
3559 4272 3768 4337 κακίας
3800 4246 3919 4328 τῶν

2336 4347 2622 4417 δαιμόνων.

2260 4441 2311 4500 D
2404 4440 2491 4492 56.
2528 4440 2636 4491 Καὶ
2674 4443 3121 4515 συνεκλείσθησαν
3146 4448 3201 4499 αἱ
3235 4450 3450 4520 καρδίαι
3472 4452 3662 4508 αὐτῶν.

2398 4531 2485 4583 57.
2514 4532 2591 4602 Τῇ
2618 4532 2799 4605 ἀπάτῃ
2825 4537 2920 4605 τῆς
2955 4537 3243 4609 ἁμαρτίας.

2399 4621 2485 4675 58.
2530 4622 2615 4686 Ὠς
2643 4624 2791 4689 τόξον
2822 4627 3134 4700 ὲπάρθησαν
3167 4632 3260 4684 ἀπ’
3290 4632 3453 4687 αὑτοῦ
3485 4635 3572 4704 (4).

2398 4714 2485 4769 59.
2508 4717 2733 4791 Δεήθητι
2761 4720 2853 4772 τοῦ
2882 4721 3117 4793 Κυρίου,
3149 4725 3242 4777 καὶ
3270 4725 3429 4791 αὑτός
3454 4744 3511 4781 σε
3541 4730 3904 4807 ζωοποιήσει.

2404 4804 2490 4857 40.
2520 4806 2631 4858 Οὐκ
2660 4807 2805 4861 ἐάσει
2836 4812 2964 4865 ποτὲ
3001 4815 3355 4887 πειρασθῆναι
3377 4820 3467 4873 τὸν
3486 4821 3713 4881 δίκαιον.

2409 4893 2500 4948 41.
2527 4896 2615 4949 Ἐν
2648 4896 2724 4967 τῷ
2757 4899 2997 4970 μέλλοντι
3026 4904 3180 4957 αἰῶνι
3203 4907 3329 4969 τοὺς
3358 4909 3635 4981 δαίμονας.

2407 4985 2496 5041 42.
2538 4988 2602 5040 At
2636 4989 2728 5041 τοῦ
2763 4992 2954 5064 ἐχθροῦ
2987 4995 3262 5065 δυνάμεις.

2406 5077 2492 5131 45.
2524 5075 2702 5133 Ἦσαν
2730 5082 2837 5154 γὰρ
2882 5084 3176 5141 ἀθάνατοι·
3222 5092 3687 5167 παραδοθήσονται
3727 5100 3790 5155 δὲ
3823 5106 3903 5169 εἰς

2336 5174 2395 5228 τὸ
2421 5177 2531 5250 πῦρ
2557 5179 2617 5232 τὺ
2643 5179 2874 5247 αἰώνιον,
2908 5184 2969 5237 τὸ
2996 5188 3393 5259 ἡτοιμασμένον
3431 5193 3636 5257 αὐτοῖς.

1617 5439 1919 5503 Addenda
1958 5450 2018 5504 et
2073 5443 2445 5523 corrigenda
2475 5463 2552 5506 ex
2578 5446 2718 5508 cod.
2753 5448 2951 5512 Vatic.

755 5591 832 5667 (1)
865 5593 931 5667 ᾼὲ
967 5595 1234 5667 ὲσόμιενος.

753 5662 829 5731 (2)
867 5665 976 5747 ᾊν
998 5662 1198 5749 μέρει)
1223 5670 1381 5737 paulo
1412 5684 1551 5743 post,
1592 5675 1797 5747 αἴτημά
1829 5695 1940 5744 σου,
1975 5680 2067 5733 καὶ
2098 5678 2230 5749 πρό-

683 5747 831 5787 νοιαν
865 5742 1025 5788 αὑτοῦ
1055 5742 1359 5811 ποιήσηται.

2409 5611 2482 5686 (5)
2511 5613 3018 5686 ἓδγχωρηθήσεται.

2408 5683 2483 5752 (4)
2510 5683 2596 5737 Ἐν
2620 5686 2818 5748 αὐτοῖς.
