4056 6318
65 351 167 405 875
967 353 1054 409 DE
1095 354 1369 414 TITULIS
1410 357 1850 419 PSALMORUM.
1893 396 1962 406 -—-
2004 367 2201 426 PSAL.
2245 372 2378 428 LVI.
3211 386 3316 442 874

126 467 181 522 3.
223 468 341 522 Kal.
369 472 437 522 ὲν
469 470 535 542 τῇ
575 473 703 544 σκιᾷ
733 471 840 526 τῶν
871 474 1160 545 πτερύγων
1191 493 1284 530 σου
1318 477 1507 544 ελπιῶ,
1679 491 1728 548 Α

1485 506 1507 544 ι,
1679 491 1728 548 Α
1838 485 1891 541 5.
1943 484 2010 540 Et
2035 487 2088 540 in
2123 490 2314 544 umbra
2353 492 2563 547 alarum
2597 502 2811 551 tuarum
2839 499 3087 570 sperabo,

121 557 177 611 4.
197 557 350 622 Ἕως
379 554 451 614 οὗ
486 562 726 634 παρέλθῃ
755 565 788 635 ἡ
814 564 1037 636 ἀνομία,

1823 578 1875 632 4.
1931 577 2114 635 Donec
2156 588 2395 638 transeat
2434 583 2717 654 iniquitas.

124 647 176 702 5.
220 649 596 724 Κεκράξομαι
627 657 758 726 πρὸς
791 657 883 710 τὸν
913 657 1045 712 Θεὸν
1071 658 1161 712 τὸν
1189 659 1432 730 ὕψιστον,

1292 677 1432 724 στον,
1823 668 1874 722 5.
1919 669 2180 725 Clamabo
2211 674 2276 726 ad
2306 672 2474 729 Deum
2518 647 2844 735 altissimum
2880 699 2894 737 :

123 738 175 791 Θ.
219 741 329 794 Τὸν
358 743 504 796 Θεὸν
529 745 620 798 τὸν
646 747 1082 821 εὐεργετήσαντα
1115 769 1203 822 με.

1115 769 1203 822 με.
1822 757 1875 812 6.
1931 758 2098 814 Deum
2124 761 2217 829 qui
2244 763 2512 820 benefecit
2543 768 2699 823 mibi.

125 829 176 882 7.
205 830 633 896 Ἐξαπέστειλεν
665 838 722 902 ὲξ
752 839 998 910 οὐρανοῦ,
1029 844 1123 896 καὶ
1155 843 1324 897 ἔσωσέ
1353 861 1449 916 με·

1308 844 1324 897 έ
1353 861 1449 916 με·
1825 850 1874 904 7.
1929 850 2073 907 Misit
2102 853 2168 909 de
2200 855 2360 920 coelo,
2394 864 2448 912 et
2485 859 2736 916 liberavit
2775 878 2861 919 me.
2896 881 2910 918 ι

122 921 173 974 8.
194 924 456 980 Ἔδωκεν
484 929 562 991 εἰς
593 927 789 994 ὗνειδος
815 933 941 996 τοὺς
973 936 1422 1001 καταπατοῦντας
1458 955 1543 1008 με.

1499 955 1543 992 ε.
1812 939 1866 995 8.
1925 940 2077 997 Dedit
2103 944 2155 998 in
2195 947 2546 1017 opprobrium
2579 953 2965 1012 conculcantes
2997 972 3101 1012 me.

121 1014 176 1071 9.
205 1016 635 1082 Ἐξαπέστειλεν
678 1023 706 1074 ὁ
749 1021 879 1087 Θεὸς
919 1025 978 1078 τὸ
1025 1027 1174 1092 ἔλεος
1218 1029 1402 1092 αὑτοῦ,
1429 1032 1521 1083 καὶ
1555 1031 1651 1102 τὴν

1823 1033 1876 1088 9.
1931 1033 2075 1090 Misit
2123 1035 2264 1094 Deus
2310 1041 2743 1100 misericordiam
2793 1062 2971 1114 suam,
3015 1059 3069 1104 et
3113 1050 3311 1106 verita-

52 1109 315 1178 ἁλήθειαν
346 1110 525 1164 αὑτοῦ
548 1130 560 1141 ·

492 1110 525 1164 ηὖ
548 1130 560 1141 ·
1751 1134 1857 1180 tom
1893 1141 2047 1181 suam
2084 1146 2094 1180 :

118 1202 206 1255 10.
252 1203 374 1256 Kal.
423 1205 694 1276 ἐρρύσατο
734 1208 834 1279 τὴν
876 1209 1052 1283 ψυχήν
1085 1231 1184 1285 μου
1219 1216 1282 1270 ὲκ
1327 1220 1491 1289 μέσου
1519 1220 1649 1274 σκύ-

1825 1218 1910 1272 10.
1963 1217 2027 1272 Ει
2060 1221 2260 1290 eripuit
2301 1224 2540 1279 animam
2577 1241 2752 1281 meam
2791 1228 2858 1283 de
2898 1229 3074 1285 medio
3108 1231 3314 1287 catulo-

56 1313 202 1363 μνων
222 1314 236 1326 ·

1753 1323 1872 1362 rum
1911 1309 2132 1364 leonum
2169 1329 2181 1365 :

123 1389 211 1441 11.
255 1390 604 1463 Ἐκοιμήθην
634 1397 1053 1478 τετιαραγμένος.

990 1416 1053 1462 ›ς.
1823 1402 1882 1454 11
1897 1441 1909 1454 .
1948 1399 2184 1456 Dormivi
2218 1403 2592 1459 conturbatus.

125 1479 214 1532 19..
251 1481 382 1534 Υἱοὶ
398 1483 724 1556 ἀνθρώπων.
740 1489 788 1540 οἱ
809 1487 1018 1554 ὀδόντες
1039 1493 1215 1547 αὐτῶν
1230 1495 1366 1548 ὅπλα
1385 1497 1477 1550 καὶ
1497 1495 1640 1568 βέλη·

1823 1493 1906 1546 12.
1940 1493 2057 1548 Filii
2079 1495 2381 1560 hominum,
2406 1497 2591 1554 dentes
2616 1514 2803 1554 eorum
2832 1517 2982 1558 arma
3006 1508 3309 1572 ctsagittaz.

127 1570 212 1623 15.
245 1573 366 1625 Kal.
399 1576 437 1644 ἡ
464 1574 681 1642 γλῶσσα
708 1578 888 1633 αὐτῶν
921 1581 1162 1654 μάχαιρα
1191 1584 1356 1649 ὀξεῖα.

1288 1589 1356 1638 ἴα.
1822 1589 1909 1644 15.
1940 1588 2007 1644 Ει
2030 1591 2211 1660 lingua
2245 1607 2434 1646 eorum
2463 1593 2673 1663 gladius
2699 1607 2890 1655 acutus

123 1661 209 1715 14.
257 1665 546 1737 ’Υψώθητι
583 1670 674 1723 ἐπὶ
698 1672 822 1736 τοὺς
853 1675 1134 1743 οὐρανοὺς,
1160 1675 1188 1728 ὁ
1213 1677 1362 1742 Θεὸς·

1213 1677 1362 1742 Θεὸς·
1821 1680 1908 1734 14.
1938 1679 2184 1737 Exaltare
2212 1698 2372 1753 super
2403 1661 2589 1751 eteius,
2620 1684 2762 1744 Deus
2798 1706 2809 1740 ι

128 1753 216 1806 15.
247 1756 368 1808 Καὶ
394 1757 491 1810 ἐπὶ
517 1761 701 1815 πᾶσαν
721 1763 818 1833 τὴν
835 1765 949 1836 ,γῆν
982 1769 1015 1837 ὴ
1044 1767 1169 1834 δόξα
1199 1785 1310 1822 σου.

1199 1785 1310 1822 σου.
1821 1772 1908 1826 15.
1943 1771 2008 1826 Ει
2039 1773 2094 1827 in
2124 1774 2273 1828 omni
2305 1783 2444 1830 terra
2470 1776 2639 1847 gloria
2670 1785 2783 1843 tua,

125 1847 212 1901 16.
245 1849 368 1918 lla}
389 1851 477 1906 ,δα
499 1853 801 1925 ἡτοίμασαν
828 1860 943 1923 τοῖς
974 1861 1100 1915 ποσί
1132 1879 1254 1933 μου·
1673 1865 1720 1924 Β

1673 1865 1720 1924 Β
1818 1865 1906 1918 16.
1937 1863 2215 1936 Laqueum
2243 1877 2570 1937 paraverunt
2596 1869 2823 1940 pedibus
2851 1876 2988 1933 meis
3021 1895 3033 1931 :

124 1939 211 1990 17.
244 1941 364 1994 Kal.
401 1943 759 2016 κατέκαμψαν
786 1947 882 2019 τὴν
905 1949 1085 2023 ψυχήν
1117 1971 1240 2024 μου.

1827 1956 1911 2010 17.
1945 1955 2010 2011 Ει
2036 1957 2458 2014 incurvaverunt
2485 1961 2722 2018 animam
2754 1981 2950 2024 meam.

127 2031 212 2085 18.
251 2033 503 2104 Ὠρυξαν
528 2037 632 2106 πρὸ
664 2039 952 2110 προσώπου
989 2061 1088 2113 μου
1119 2045 1328 2117 βόθρον·

1820 2046 1907 2101 18.
1939 2047 2211 2104 Foderunt
2236 2061 2359 2106 ante
2389 2049 2583 2107 faciem
2607 2069 2782 2110 meam
2816 2056 3025 2116 foveam
3053 2079 3070 2117 :

126 2123 212 2178 19.
242 2125 360 2178 Kal.
390 2126 647 2183 ἐνέπεσον
679 2132 759 2194 εἰς
782 2133 964 2188 αὐτόν.

1817 2140 1903 2195 19.
1935 2140 1999 2195 Et
2032 2142 2336 2200 inciderunt
2368 2145 2423 2200 in
2453 2161 2593 2203 eam.

639 2223 952 2296 Διάψαλμα
980 2228 1079 2298 (a).

2365 2239 2695 2310 Diapsalma.

122 2305 210 2360 20.
253 2309 546 2385 Ἑτοίμηή
576 2314 772 2386 καρδία
803 2334 925 2387 μου,
959 2321 988 2372 ό
1019 2319 1179 2383 Θεός·

1166 2337 1179 2350 ·
1815 2323 1903 2379 20.
1933 2323 2187 2383 Paratum
2224 2343 2320 2384 cor
2348 2305 2551 2397 meum,
2583 2332 2725 2390 Deus
2751 2354 2763 2392 :

126 2396 208 2450 21.
253 2400 484 2475 Ἐτοίμη
514 2405 548 2476 ἡ
583 2405 776 2477 καρδία
827 2427 950 2478 μου,
987 2409 1207 2483 ᾄσομαι,
1255 2417 1348 2487 καὶ
1390 2415 1546 2486 ψαλῶ
1579 2415 1635 2470 ὲν

1810 2416 1900 2473 21.
1932 2416 2187 2475 Paratum
2217 2436 2312 2476 cor
2341 2438 2538 2489 meum,
2570 2428 2820 2495 cantabo,
2852 2439 2905 2484 et
2932 2433 3200 2501 psalmum
3232 2435 3311 2490 di-

59 2487 119 2555 τῇ
144 2487 268 2560 δόξῃ
306 2509 440 2561 μου.

1741 2522 1860 2562 eam
1894 2510 1948 2564 in
1983 2511 2151 2582 gloria
2182 2529 2321 2570 mea.

128 2606 201 2675 (α)
225 2608 366 2665 Cod.
399 2607 568 2665 Palat.

285 2722 289 2724 ·
1181 2709 1558 2766 ATHANASII
1596 2709 2185 2767 INTERPRETATIO.

62 2848 136 2914 τῷ
172 2853 364 2908 αὑτὸν
392 2855 860 2927 ἀποδιδράσκειν
892 2863 1008 2918 ἀπὸ
1044 2865 1368 2934 προσώπου
1402 2867 1599 2922 Σαοὺλ
1627 2869 1714 2934 εις
1747 2867 1812 2922 τὸ
1847 2867 2172 2936 σπήλαιον.
2210 2869 2379 2923 Τοῦτο
2399 2865 2492 2925 οὖν
2529 2871 2696 2944 δηλοῖ,
2727 2875 2855 2929 ὅταν
2888 2891 2970 2941 τις
2998 2876 3174 2950 φεύγῃ
3203 2878 3310 2934 ἀπὶ

68 2946 349 3015 προσώπου
383 2952 557 3005 Σαοὺλ
584 2955 664 3016 εἰς
695 2955 784 3010 τὸν
820 2961 1029 3032 μονήρη
1065 2963 1199 3033 βίον,
1236 2963 1432 3036 μηκέτι
1456 2965 1758 3037 διαφθείρει
1798 2966 1874 3038 (1)
1904 2967 1984 3028 εἰς
2015 2965 2114 3037 τὴν
2150 2966 2242 3021 τοῦ
2274 2969 2479 3039 Κυρίου
2511 2971 2806 3040 πολιτείαν,
2840 2973 2976 3029 ἀλλὰ
3005 2946 3309 3050 postiam

67 3043 192 3112 πρὸς
220 3045 385 3098 αὑτὸν
414 3046 504 3101 τὸν
538 3051 890 3121 προκείμενον
916 3056 1148 3126 ψαλμόν.
1181 3061 1353 3113 Σαοὺλ
1384 3060 1492 3130 γὰρ
1525 3063 1605 3124 εἰς
1628 3061 1721 3113 τὸν
1754 3061 1995 3115 διάϐολον
2025 3063 2416 3134 ἑρμηνεύεται,
2454 3065 2634 3131 καθὼς
2666 3066 2921 3134 πολλάκις
2952 3043 3272 3142 εἰρήααμεν.

71 3137 195 3202 Ῑαεὶε
219 3138 354 3195 Saul
387 3145 443 3197 in
477 3144 795 3215 speluncam.
832 3145 944 3203 Hoc
979 3150 1146 3220 igitur
1169 3152 1459 3223 signiﬁcat,
1489 3169 1614 3209 cum
1649 3155 1774 3226 quis
1800 3154 1936 3226 fugit
1965 3172 1994 3210 a
2032 3156 2168 3212 facie
2197 3158 2326 3214 Saul
2363 3161 2418 3214 in
2450 3162 2616 3217 vitam
2667 3137 3164 3229 solitariamgnon‘
3191 3182 3303 3221 am-

69 3228 198 3295 plius
224 3236 535 3304 corrumpit
557 3239 1026 3295 conversationem
1061 3239 1299 3312 Domini,
1333 3244 1428 3298 sed
1467 3245 1754 3301 clamando
1779 3247 1844 3301 ad
1870 3262 1993 3302 eum
2029 3249 2335 3319 appositum
2366 3253 2634 3321 psalmum
2669 3255 2822 3313 dicit.
2858 3255 2987 3312 Saul
3030 3259 3175 3313 enim
3209 3275 3307 3329 pro

72 3321 276 3383 diabolo
305 3330 597 3402 accipitur,
628 3336 1087 3404 quemadmodum
1127 3355 1271 3412 saepe
1311 3341 1574 3399 diximus.

130 3463 180 3516 3.
215 3465 326 3520 Kal.
377 3468 437 3522 ὲν
474 3472 540 3541 τῇ
593 3470 894 3526 ἀναπαύσει
918 3472 1026 3527 τῶν
1054 3475 1194 3530 δύων
1234 3494 1325 3531 σου
1367 3476 1640 3548 διαθηκῶν
1667 3486 1709 3542 C

1704 3487 1709 3539 ι
1815 3478 1870 3533 ὅ.
1923 3475 1990 3531 Et
2015 3480 2070 3532 in
2106 3477 2384 3551 refrigerio
2415 3479 2650 3539 duorum
2683 3491 3132 3544 testamentorum
3178 3497 3306 3549 tuo-

73 3554 228 3611 ὲλπιῶ
245 3575 258 3589 ⁶

1736 3582 1858 3621 rum
1896 3568 2126 3636 sperabo
2160 3586 2174 3621 :

128 3648 338 3715 ι.Ἒως
369 3645 432 3707 οὗ
463 3654 782 3728 συντελεσθῇ
814 3659 843 3711 ὁ
873 3657 1095 3730 κόσμος.

1802 3657 1857 3713 4.
1910 3657 2092 3714 Donec
2136 3671 2550 3717 consummetur
2583 3665 2843 3721 mundus.

133 3738 182 3794 5.
221 3744 584 3817 Δεηθήσομαι,
614 3746 779 3817 λέγει,
808 3749 901 3804 τοῦ
939 3750 1074 3806 Θεοῦ
1108 3750 1201 3806 τοῦ
1231 3751 1454 3822 ὑψίστου
1475 3770 1488 3785 ο

1485 3771 1488 3784 ι
1803 3753 1857 3807 5.
1903 3751 2264 3823 Deprecabor,
2291 3754 2486 3826 inquit,
2522 3755 2691 3812 Deum
2722 3758 3087 3818 altissimum:

133 3829 180 3883 6.
220 3834 321 3888 Τὸν
346 3837 730 3910 δωρησάμενον
759 3841 834 3911 (2)
860 3841 929 3896 τὰ
959 3843 1153 3896 ἑαυτοῦ
1182 3844 1380 3900 πάντα.

1031 3843 1153 3896 υτοῦ
1182 3844 1380 3900 πάντα.
1804 3844 1857 3899 6.
1918 3843 2019 3911 Qui
2048 3861 2146 3901 sua
2173 3847 2359 3902 omnia
2394 3847 2633 3905 donavit.

134 3921 182 3976 7.
220 3925 321 3980 Τὸν
347 3927 481 3982 Θεὸν
511 3930 683 3998 Λόγον
711 3930 1088 3998 ἐξαπέστειλεν
1116 3935 1145 3987 ὁ
1172 3935 1362 4007 Πατήρ

1137 3938 1145 3985 ι
1172 3935 1362 4007 Πατήρ
1800 3937 1850 3991 7.
1903 3937 2071 3992 Deum
2099 3936 2337 3993 Verbum
2369 3940 2517 3994 misit
2552 3940 2739 3999 Pater.

135 4015 182 4068 8.
221 4017 359 4081 Τοὺς
384 4020 643 4090 δαίμονας
670 4023 841 4092 λέγει.

1799 4026 1852 4080 8.
1902 4026 2183 4085 Daemones
2216 4029 2506 4100 signiﬁcat.

136 4105 184 4158 9.
222 4108 323 4162 Τὸν
350 4111 478 4164 Υἱὸν
504 4113 691 4180 αὑτοῦ,
717 4116 811 4166 καὶ
837 4115 898 4168 τὸ
923 4117 1146 4188 Πνεῦμα
1180 4117 1345 4173 αὐτοῦ
1370 4117 1430 4172 τὸ
1454 4119 1625 4188 ἅγιον.

1583 4138 1625 4176 ν.
1801 4119 1856 4174 9.
1913 4118 2108 4176 Filium
2139 4134 2297 4177 Suum
2333 4132 2388 4178 et
2422 4131 2861 4180 sanctumsuum
2901 4122 3185 4197 Spiritum.

138 4199 326 4258 10.Ἒκ
353 4206 518 4276 μέσου
545 4205 654 4262 τῶν
678 4208 968 4280 δαιμόνων.

1801 4211 1888 4268 10.
1937 4211 2010 4268 De
2050 4215 2228 4269 medio
2264 4215 2589 4271 daemonum.

143 4290 221 4348 Η.
263 4297 678 4373 ’Δνεπαυσόιμην
717 4302 855 4374 μετὰ
895 4303 1170 4373 φροντίδος
1205 4303 1313 4358 τῶν
1349 4305 1628 4378 ἁμαρτιῶν

1423 4305 1628 4378 apud»;
1803 4302 1890 4358 11.
1923 4303 2178 4374 Requievi
2207 4305 2472 4361 sollicitus
2508 4306 2575 4361 de
2608 4307 2846 4376 peccatis
2871 4311 3025 4366 meis.

80 4398 190 4449 μου.

140 4476 340 4536 1Ξ.Τῶν
360 4483 458 4539 ἀνθ
468 4484 661 4555 ρώπων
677 4490 730 4540 αἱ
746 4488 1079 4544 διδασκαλίαι
1093 4489 1452 4564 θανατηφόροι
1470 4490 1622 4544 εἰσίν.

1361 4490 1452 4562 ιροι
1470 4490 1622 4544 εῑσίν,
1799 4479 1885 4533 ιε.
1916 4478 2181 4536 Doctrina:
2203 4481 2483 4536 hominum
2510 4480 2801 4538 mortiferae
2819 4493 2963 4540 sunt.

139 4569 216 4624 15.
251 4575 357 4631 Kal.
385 4579 419 4648 ἡ
449 4577 610 4632 λαλιὰ
640 4579 817 4633 αὐτῶν
851 4582 1159 4654 ὴκονημένη
1194 4582 1270 4646 είς
1303 4582 1467 4636 κακά.

1369 4582 1467 4636 ιχά,
1800 4570 1887 4624 15.
1917 4569 1983 4624 Ει
2009 4572 2220 4641 loquela
2246 4588 2434 4627 eorum
2462 4585 2618 4627 acuta
2651 4574 2719 4627 ad
2747 4575 2971 4629 malum.

142 4660 216 4714 H.
244 4666 535 4742 Δοξάσθητι
565 4672 622 4724 ὲν
653 4675 764 4734 τοῖς
792 4672 965 4740 ἁγίοις
993 4690 1107 4737 σου,
1133 4675 1162 4727 ὀ
1189 4673 1340 4737 Θεός.

1298 4693 1340 4737 ς,
1793 4659 1881 4713 14.
1918 4660 2232 4717 Gloritlcare
2265 4662 2318 4716 in
2351 4663 2555 4718 sanctis
2585 4664 2712 4726 tuis,
2738 4661 2900 4719 Deus.

140 4749 216 4806 15.
247 4755 351 4810 Kal
385 4760 446 4813 ὲν
481 4760 642 4815 παντὶ
667 4760 746 4831 τῷ
774 4762 963 4833 κόσμῳ
992 4765 1026 4834 η
1061 4764 1241 4827 πίστις
1273 4780 1385 4816 σου.

1158 4781 1241 4827 τις
1273 4780 1385 4816 σου,
1792 4755 1878 4810 15.
1908 4754 1973 4809 Ει
1997 4757 2048 4810 in
2077 4759 2223 4813 omni
2247 4759 2454 4815 mundo
2479 4759 2612 4816 ﬁdes
2649 4770 2760 4817 tua.

143 4837 218 4897 16.
247 4846 306 4898 Οἱ
329 4847 584 4918 δαίμονες
605 4849 702 4921 τὴν
733 4849 1128 4922 (5)’ἁμαρτίαν.
1651 4868 1696 4923 ι)

918 4850 1128 4922 αρτίαν.
1651 4868 1696 4923 ι)
1800 4846 1882 4902 16.
1919 4847 2195 4906 Daemones
2220 4863 2520 4919 peccatum.

143 4930 219 4986 17.
247 4937 351 4993 Kal.
378 4941 632 4996 εἵλκυσαν
663 4942 762 5014 τὴν
789 4942 966 5014 ψυχήν
998 4961 1120 5013 μου.

1793 4938 1880 4994 17.
1911 4939 1977 4993 Ει
2010 4950 2287 4997 traxerunt
2320 4944 2554 4998 animam
2583 4960 2777 4999 meam.

144 5021 218 5077 18.
246 5028 587 5104 Ηὺτρέπισάν
622 5053 714 5105 μοι
742 5034 836 5089 τοῦ
870 5037 1056 5088 πεσεῖν
1093 5037 1171 5099 εἰς
1201 5035 1297 5106 τὴν
1327 5035 1619 5106 ἀμαρτιαν,

1791 5033 1877 5087 18.
1911 5033 2247 5090 Paraverunt
2282 5037 2414 5092 milii
2443 5047 2501 5092 ut
2533 5039 2780 5095 caderem
2816 5039 2869 5093 in
2902 5051 3206 5111 peccatum,
3231 5058 3284 5102 et

83 5113 158 5164 καὶ
189 5119 281 5188 ἐμὲ
311 5124 408 5194 μὲν
441 5125 688 5198 ὲρρύσω·

1719 5140 1805 5180 me
1829 5127 2046 5195 quidem
2076 5128 2337 5184 liberasti.

144 5204 218 5262 19.
261 5213 486 5269 Ἐκεῖνοι
519 5218 573 5271 δὲ
606 5219 887 5290 ἐνέμειναν
918 5221 976 5274 ἐν
1005 5221 1158 5292 αὐτῇ.

1788 5218 1873 5272 19.
1908 5218 2009 5288 lpsi
2036 5233 2214 5275 autem
2249 5223 2304 5275 in
2331 5237 2396 5276 eo
2427 5235 2860 5292 permanserunt.

141 5295 218 5351 20.
252 5304 338 5370 Εἰς
365 5308 425 5360 τὸ
450 5308 659 5380 θέλημά
691 5328 806 5365 σου.

1791 5308 1880 5362 20.
1914 5308 1970 5363 1η
1996 5311 2325 5365 voluntatem
2361 5323 2528 5368 tuam.

139 5388 218 5445 Ἥ.
253 5396 524 5470 Ἀνυμνῶν
555 5418 646 5454 σου
689 5404 781 5456 καὶ
819 5402 994 5473 λέγων
1019 5406 1116 5468 τὰς
1147 5405 1352 5478 δωρεὰς
1389 5404 1454 5468 ἃς
1485 5407 1616 5474 ἐχα-

1789 5401 1878 5453 21.
1916 5400 2167 5457 Laudans
2191 5414 2242 5457 et
2269 5422 2528 5462 ευριπ-ους,
2556 5408 2694 5463 dona
2729 5418 2840 5477 tua,
2872 5424 2992 5481 qua:
3023 5411 3278 5481 elargitus

85 5475 199 5542 Ρίσω
234 5505 334 5557 μοι.
1226 5475 1236 5478 ν

1226 5475 1236 5478 ’
1722 5506 1779 5546 es
1809 5492 1961 5544 mihi.

987 5630 1294 5693 Addenda
1324 5639 1385 5694 et
1431 5626 1804 5707 corrigenda
1838 5644 1911 5687 ex
1947 5629 2086 5689 cod.
2141 5630 2334 5692 Vatic.

145 5781 209 5854 (1)
243 5792 583 5864 Διαφθείρῃς.
834 5798 909 5859 (‘2)
944 5801 1336 5873 Δωρησὰμενόν
1373 5821 1483 5873 μοι.
1770 5800 1846 5869 (5)
1882 5801 1973 5862 Εις
1996 5801 2115 5871 τήν.

324 5886 595 5946 Parnm.
636 5886 750 5949 Gn.
788 5889 1045 5948 XXVII.
2949 5897 3029 5960 28
