4056 6318
776 335 881 390 875
1613 339 1668 391 S.
1712 335 2083 392 ATHANASH
2123 336 2271 392 OPP.
2306 335 2484 392 PARS
2523 334 2614 390 111.
2654 366 2719 379 -
2753 333 3158 392 EXEGETICA.
3886 338 3958 393 876

845 452 934 503 22.
967 449 1227 521 Exsurge,
1266 450 1434 522 gloria
1468 466 1584 506 mea
1627 466 1638 501 :
2365 455 2411 512 Α

2365 455 2411 512 Α
2508 449 2595 504 22.
2624 449 2698 519 (α)
2737 449 3098 522 Ἐξεγέρθητι,
3129 452 3162 522 ἡ
3189 450 3314 518 δόξα
3344 468 3443 522 μου
3463 467 3479 481 ⁸

843 543 931 596 25.
967 541 1226 613 Exsurge,
1256 544 1570 613 psalterium
1597 553 1649 598 et
1681 544 1886 598 cithara
1921 560 1932 594 :

2511 540 2601 594 23.
2642 541 3006 614 Ἐξεγέρθητι,
3030 542 3325 614 ψαλτήριον
3353 543 3447 598 καὶ
3480 541 3704 614 κιθάρα.

844 632 933 687 2i.
962 632 1256 703 Exsurgam
1285 634 1541 689 diluculo.

2511 632 2600 685 24.
2639 631 3093 704 Ἐξεγερθήσομαι
3120 633 3337 705 ὄρθρου.

842 724 932 777 ‘25.
966 724 1273 779 Conﬁtebcr
1297 726 1394 779 tibi
1421 726 1474 778 in
1501 726 1731 795 populis,
1761 724 2001 778 Domine.

2509 722 2597 775 25.
2639 722 3126 794 Ἐξομολογήσομαί
3163 742 3243 777 σοι
3267 726 3326 778 ὲν
3355 723 3523 788 λαοῖς,
3548 724 3726 796 Κύριε
3745 740 3761 756 ⁶

841 817 929 868 20.
967 815 1030 868 Et
1063 817 1330 886 psalmum
1367 816 1535 870 dicam
1564 816 1659 870 tibi
1690 817 1745 870 iu
1771 815 2038 885 gentibus.

1649 816 1659 868 i
1690 817 1745 870 iu
1771 815 2038 885 gentibus.
2507 816 2594 869 26.
2624 814 2793 868 Ψαλῶ
2819 832 2902 869 σοι
2935 817 2994 869 ὲν
3025 814 3251 869 ἔθνεσιν.

842 907 930 960 27.
965 907 1232 974 Quoniam
1266 909 1599 978 magniﬁcam
1634 919 1716 963 est
1744 922 1914 976 usque
1941 906 2006 961 ad
2033 906 2199 963 cmlos
2235 907 2325 962 mi-

2506 908 2596 961 27.
2633 909 2753 962 Ὀτι
2791 908 3126 981 ὲμεγαλύνθη
3174 909 3278 974 ἕως
3319 910 3425 962 τῶν
3471 908 3719 980 οὐρανῶν
3752 909 3809 960 τὸ
3847 909 3953 970 ἐλεὸς

771 1001 1066 1054 sericordia
1095 1009 1184 1054 tua
1211 1016 1223 1052 :
2439 1015 2553 1052 σου·

837 1091 926 1144 28.
962 1091 1026 1144 Et
1056 1106 1223 1160 usque
1249 1092 1313 1145 ad
1345 1090 1516 1146 nubes
1538 1091 1739 1146 veritas
1770 1098 1882 1145 tua.

2506 1089 2592 1144 28.
2621 1090 2730 1142 Kal.
2756 1090 2858 1155 ἕως
2890 1091 2998 1146 τῶν
3027 1091 3264 1163 νεφελῶν
3300 1094 3332 1161 ὴ
3369 1091 3594 1162 ἀλήθειά
3625 1109 3743 1144 σου.

840 1182 926 1235 29.
961 1181 1207 1237 Exaltare
1236 1197 1400 1250 super
1428 1181 1614 1246 caelos,
1641 1181 1782 1236 Deus
1812 1197 1826 1234 :

2505 1183 2594 1237 29.
2642 1183 2911 1255 Ὑψώθητι
2937 1184 3029 1239 ἐπὶ
3056 1186 3180 1248 τοὺς
3211 1185 3488 1256 οὐρανοὺς,
3517 1187 3544 1237 δ
3568 1185 3705 1248 Θεός
3723 1202 3735 1214 ·

841 1275 928 1329 50.
966 1274 1030 1328 Ει
1063 1291 1226 1344 super
1259 1291 1473 1329 omnem
1508 1285 1701 1329 terram
1730 1275 1900 1346 gloria
1936 1284 2049 1330 tua.

2504 1275 2591 1327 50.
2622 1277 2729 1328 Καὶ
2755 1279 2845 1330 ἐπὶ
2878 1278 3056 1332 πᾶσαν
3079 1277 3176 1347 τὴν
3211 1277 3312 1348 γῆν
3342 1279 3374 1347 ή
3403 1277 3526 1342 δόξα
3557 1293 3679 1332 σου.

770 1427 834 1484 In
868 1431 1044 1499 ﬁnem,
1074 1446 1136 1484 ne
1165 1429 1454 1498 disperdas,
1480 1428 1648 1482 David
1672 1431 1723 1481 in
1751 1429 1894 1482 tituli
1919 1429 2327 1498 inscriptionem.

2431 1429 2536 1493 Εἰς
2572 1427 2645 1480 τὸ
2675 1427 2869 1495 τέλος,
2894 1428 2979 1498 μὴ
3014 1427 3375 1498 διαφθείρῃς,
3406 1428 3486 1493 τῷ
3523 1431 3705 1486 Δαϐὶδ
3740 1434 3820 1499 είς
3847 1448 3953 1500 στη-

1323 1521 1524 1576 PSAL.
1567 1521 1608 1574 L
1627 1520 1744 1574 VII.
2847 1525 2920 1574 .10

2847 1523 3194 1591 λογραφιάν.
3233 1524 3381 1576 ΨΑΛ
3392 1562 3405 1576 .
3430 1523 3558 1576 ΝΖ.

844 1657 893 1710 1.
930 1658 985 1709 Si
1026 1672 1147 1710 vere
1176 1657 1358 1725 utique
1386 1656 1649 1726 justitiam
1682 1655 1964 1724 loquimini
2001 1672 2012 1707 :

2504 1656 2555 1709 l.
2585 1657 2648 1709 Et
2677 1655 2889 1727 άληθῶς
2920 1656 3025 1726 ἄρα
3048 1655 3389 1727 δικαιοσύνην
3412 1656 3641 1723 λαλεῖτε,

842 1747 894 1800 2.
930 1745 1089 1802 Recta
1115 1748 1350 1816 judicate
1380 1747 1472 1799 lilii
1507 1747 1806 1800 hominum.

2500 1746 2552 1798 2.
2583 1746 2809 1809 Εὐθείας
2840 1746 3082 1817 κρίνατε,
3112 1747 3214 1797 υἱοὶ
3247 1745 3352 1798 τῶν
3379 1745 3701 1816 ἀνθρώπων.

839 1837 892 1891 5.
927 1837 1136 1890 Etenim
1163 1837 1214 1889 in
1240 1837 1401 1890 corde
1425 1836 1736 1905 iniquitates
1756 1836 2050 1906 operamini
2075 1835 2325 1890 interra:
2360 1841 2402 1897 Β

2360 1841 2402 1897 Β
2503 1839 2556 1892 5.
2592 1839 2701 1892 Καὶ
2725 1838 2830 1909 γὰρ
2853 1841 2911 1893 ὲν
2930 1839 3126 1909 καρδίᾳ
3150 1836 3378 1908 ἀνομίαν
3403 1836 3702 1908 ἐργάζεσθε
3729 1840 3784 1891 ὲν
3806 1841 3863 1909 τῇ
3881 1843 3947 1907 γῇ·

833 1931 884 1983 ι.
918 1928 1234 1998 lnjustitiam
1266 1943 1458 1982 manus
1484 1938 1673 1982 vestra:
1699 1928 2044 1984 concinnant.

2502 1931 2558 1986 4.
2602 1931 2835 1986 ’Δδικίαν
2863 1934 2916 1986 at
2946 1934 3124 2002 χεῖρες
3152 1930 3304 2001 ὑμῶν
3333 1929 3755 2000 συμπλέκουσιν.

838 2020 890 2075 5.
924 2020 1156 2074 Alienati
1189 2028 1316 2075 sunt
1344 2028 1653 2090 peccatores
1687 2034 1716 2071 a
1749 2018 1906 2071 vulva
1934 2033 1945 2068 :

2501 2023 2554 2078 5.
2599 2022 3132 2096 Ἀπηλλοτριώθησαν
3163 2025 3210 2074 οἱ
3239 2023 3550 2094 ἁμαρτωλοὶ
3571 2023 3682 2078 ἀπὸ
3709 2025 3921 2095 μήτρας·

835 2200 914 2273 (α)
946 2198 1098 2254 Vers.
1130 2197 1220 2262 22,
1247 2198 1504 2269 ’ᾼσομαι,
1530 2197 1623 2251 καὶ
1659 2195 1812 2267 ψαλῶ
1842 2210 1943 2249 σοι’
1982 2194 2132 2250 deest
2175 2195 2232 2246 ἐν
2280 2196 2339 2264 τῇ
2371 2193 2437 2246 δὸ.

1907 2210 1943 2249 ι’
1982 2194 2132 2250 deest
2175 2195 2232 2246 ἐν
2280 2196 2339 2264 τῇ
2371 2193 2496 2266 δόξῃ
2531 2211 2652 2264 μου.
2692 2195 2843 2250 V'ers.
2873 2195 2963 2262 23,
3002 2194 3370 2265 Ἐξεγέρθητι,
3404 2204 3508 2251 etc.

1869 2371 2242 2428 ATHANASll
2283 2372 2869 2428 INTERPRETATIO.

832 2561 923 2618 22.
953 2561 1136 2617 Gratia
1166 2569 1278 2612 tua.

2493 2549 2582 2605 22.
2625 2550 2690 2602 Ἦ
2723 2550 2882 2622 χάρις
2905 2567 3020 2604 σου.

831 2655 923 2708 25.
959 2653 1193 2722 Spiritus
1230 2658 1452 2705 sanctus
1484 2659 1630 2702 tuus.

2487 2642 2578 2696 23.
2615 2642 2686 2694 Τὸ
2712 2642 2939 2713 Πνεῦμά
2965 2660 3058 2697 σου
3086 2642 3145 2697 τὸ
3167 2643 3343 2712 ἅγιον.

831 2746 923 2799 24.
955 2744 1010 2798 lu
1045 2745 1163 2798 luce
1196 2753 1308 2798 tua.

2486 2731 2578 2785 24.
2621 2733 2708 2785 Ἐν
2736 2731 2812 2803 τῷ
2841 2734 2978 2802 φωτί
3008 2751 3123 2790 σου.

830 2837 922 2893 25.
955 2836 1276 2892 Glorilicabo
1307 2847 1379 2902 te,
1403 2834 1554 2889 dicit.

1539 2874 1554 2889 ο
2490 2820 2580 2875 25.
2607 2821 2824 2887 Δοξάσω
2861 2840 2943 2888 σε,
2973 2824 3140 2895 λέγει.

833 2928 919 2981 26.
951 2927 1086 2983 Cum
1118 2926 1412 2981 cruciﬁxus
1435 2939 1495 2980 es
1524 2936 1624 2993 pro
1649 2920 1906 2976 universo
1934 2918 2156 2974 mundo.

2485 2911 2574 2967 26.
2605 2913 2775 2966 Ὅταν
2805 2915 2881 2985 (1)
2913 2916 3239 2989 παυρωθεὶς
3283 2915 3647 2994 [σταυρωθῇς]
3682 2923 3816 2994 ὑπὲρ
3843 2941 3944 2977 παν-

2415 3004 2507 3067 τὸς
2535 3003 2627 3058 τοῦ
2653 3005 2881 3077 κόσμου.

826 3109 918 3162 27.
949 3105 1216 3172 Quoniam
1247 3103 1540 3174 gloriﬁcata
1563 3109 1645 3156 est
1669 3115 1698 3154 a
1727 3109 1865 3155 terra
1900 3111 2074 3166 usque
2107 3100 2174 3152 ad
2205 3110 2315 3152 cm-

2483 3096 2573 3151 27.
2603 3098 2726 3151 Ὅτι
2778 3097 3033 3171 ἐδοξάσθη
3067 3101 3174 3155 ἀπὸ
3197 3101 3296 3174 τῆς
3331 3104 3430 3175 γῆς
3461 3105 3564 3169 ἕως
3599 3106 3715 3161 τῶν
3741 3108 3946 3180 οὐρανῶν

766 3199 849 3254 los
873 3197 1055 3268 passio
1081 3205 1193 3250 tua.
2347 3207 2368 3265 ί

2347 3206 2390 3265 ο
2419 3187 2480 3241 τὸ
2507 3187 2676 3252 πάθος
2711 3206 2824 3244 σου.

828 3291 918 3345 28.
955 3288 1018 3343 Et
1051 3288 1183 3344 ﬁdes
1210 3298 1299 3342 tua
1332 3287 1387 3342 in
1418 3295 1655 3343 sanctos.

2489 3279 2578 3334 28.
2608 3280 2717 3333 Kal.
2745 3283 2777 3352 ὴ
2809 3282 2987 3346 πίστις
3014 3283 3088 3354 (2)
3113 3302 3205 3338 σου
3235 3289 3310 3350 είς
3339 3289 3702 3357 τοὺς.άγίους.

829 3384 919 3438 29.
957 3381 1201 3436 Ascende
1232 3380 1287 3432 in
1321 3378 1487 3432 caelos
1515 3394 1527 3428 :

2487 3373 2576 3428 29.
2618 3373 2976 3446 Ἀναλήφθητι
3004 3376 3083 3440 είς
3117 3379 3241 3441 τοὺς
3276 3379 3532 3448 οὐρανούς
3562 3383 3667 3451 (5).

827 3474 916 3528 50.
949 3473 1014 3527 Et
1045 3475 1098 3527 iu
1137 3471 1282 3526 omni
1318 3479 1460 3524 terra
1489 3467 1666 3538 passio
1693 3475 1781 3522 tua
1809 3464 2221 3537 gloriﬁcabitur.

2489 3463 2576 3518 50.
2601 3465 2710 3519 Καὶ
2736 3467 2795 3520 ὲν
2824 3469 2887 3537 τῇ
2911 3470 2979 3538 γῇ
3011 3468 3157 3542 πάσῃ
3177 3469 3238 3522 τὸ
3260 3470 3426 3535 πάθος
3451 3490 3541 3525 σου
3568 3474 3930 3548 δοξασθήσεται

838 3650 902 3703 Ἥ
931 3649 1259 3721 προκειμένη
1310 3643 1584 3716 ἐπιγραφὴ
1628 3641 1866 3714 περιέχει
1898 3640 1972 3711 (4)
1996 3655 2010 3670 '
2047 3642 2151 3705 Εἰς
2197 3637 2262 3690 τὸ
2304 3637 2496 3703 τέλος,
2537 3638 2624 3707 μὴ
2671 3639 3030 3709 διαφθείρῃς,
3062 3640 3141 3707 τῷ
3180 3643 3355 3697 Δασίδ
3382 3649 3467 3711 είς
3505 3651 3946 3718 στηλοπραμίαγ,

766 3748 925 3802 Γοῦτο
950 3743 1041 3800 οὖν
1072 3747 1218 3812 λέγει
1291 3743 1393 3804 ἓως
1434 3741 1615 3801 τέλους
1657 3739 1731 3808 μὴ
1771 3735 2080 3808 διαφθείρῃς
2116 3734 2254 3786 κατὰ
2293 3733 2368 3803 (5)
2398 3732 2528 3784 Θεόν
2563 3750 2655 3786 σου
2686 3733 2989 3787 πολιτείαν*
3023 3735 3098 3798 ὡς
3128 3735 3236 3807 γὰρ
3285 3739 3538 3803 πολλάκις
3580 3744 3890 3814 είρηκαμεν,
3922 3749 3945 3814 ἡ

762 3839 1127 3911 πηλογραφία
1158 3839 1235 3898 εἰς
1261 3835 1358 3906 τὴν
1388 3830 1657 3886 πολιτείαν
1689 3829 1992 3899 θεωρεῖται.

827 3981 1039 4037 Titulus
1068 3977 1384 4050 przepositus
1419 3973 1660 4030 continet
1694 3986 1708 4021 :
1742 3968 1808 4022 In
1843 3969 2021 4038 ﬁnem,
2054 3982 2115 4020 ne
2157 3979 2484 4032 corrumpas,
2529 3961 2700 4017 David
2731 3963 2784 4017 in
2818 3963 2961 4018 tituli
3003 3965 3412 4035 inscriptionem.
3462 3968 3573 4026 Hoc
3605 3971 3774 4042 igitur
3809 3973 3946 4042 signi-

758 4077 882 4130 ﬁcat
919 4088 1090 4144 usque
1131 4073 1185 4126 in
1214 4071 1396 4134 linem,
1427 4085 1493 4122 ne
1525 4079 1841 4135 corrumpas
1872 4065 2165 4119 secundum
2199 4060 2366 4116 Deum
2398 4058 2861 4115 conversationem
2901 4068 3048 4115 tuam
3079 4080 3092 4116 :
3131 4071 3189 4116 ut
3216 4064 3361 4121 enim
3395 4081 3534 4137 saepe
3563 4068 3808 4126 diximus
3833 4069 3944 4122 tituli

760 4167 1035 4235 inscriptio
1062 4165 1342 4233 allegorice
1370 4160 1666 4232 explicatur
1692 4157 1758 4212 de
1789 4152 2196 4210 conversatione
2229 4168 2324 4208 seu
2347 4153 2470 4208 vita
2495 4151 2856 4206 institutione.

827 4347 877 4398 1.
908 4343 962 4398 Si
994 4355 1178 4398 revera
1202 4339 1333 4394 estis
1357 4334 1648 4391 Christiani
1681 4349 1694 4384 :

2488 4325 2538 4381 1.
2567 4326 2630 4379 Et
2655 4327 2793 4381 κατὰ
2813 4327 3071 4400 ἀλήθειαν
3093 4335 3409 4403 ’Σίριστιανοί
3437 4336 3576 4404 ἐστε,

823 4437 876 4490 2.
907 4435 1057 4490 Justa
1083 4443 1136 4489 et
1161 4433 1321 4502 digna
1346 4430 1413 4486 de
1440 4444 1534 4484 vos
1568 4426 1699 4497 ipsis
1723 4424 2008 4481 consulite.

2480 4418 2535 4472 2.
2566 4420 2756 4474 Δίκαια
2791 4422 2884 4474 καὶ
2939 4422 3064 4489 agna
3101 4422 3415 4494 βουλεύεσθε
3479 4432 3604 4504 περὶ
3645 4433 3838 4490 ἑαυτοῦ
3889 4436 3943 4507 (6)

2413 4508 2686 4585 [ἐαυτῶν1.

824 4616 876 4669 5.
910 4613 1114 4668 Etenim
1163 4611 1216 4664 in
1248 4607 1558 4664 hominibus
1603 4604 1940 4660 extrinsecus
1981 4600 2112 4672 justi
2142 4614 2305 4669 appa-
2339 4649 2381 4705 υ
2410 4691 2426 4705 Ι

2339 4649 2381 4705 D
2410 4691 2434 4705 Α
2481 4604 2534 4657 5.
2552 4604 2683 4705 ’Καὶ
2708 4605 2820 4705 γὰρ
2846 4608 2955 4705 τοῖς
2980 4607 3284 4705 ἀνθρώποις
3326 4616 3575 4684 φαίνεσθε
3612 4619 3812 4677 δίκαιοι
3834 4621 3937 4687 ἔξω·

759 4709 914 4771 retis;
946 4707 1090 4760 intus
1118 4717 1245 4757 vero
1275 4715 1490 4754 omnem
1517 4713 1758 4753 errorem
1791 4695 1987 4751 colitis.
2339 4691 2361 4705 ‘

2339 4691 2378 4705 “’
2409 4691 2518 4746 θεν·
2549 4693 2749 4748 ἔσωθεν
2778 4696 2834 4749 δὲ
2857 4697 3044 4768 νέμετε
3071 4699 3146 4772 (7)
3175 4704 3353 4777 πάσης
3385 4709 3604 4782 πλάνης.

823 4802 876 4855 4.
908 4797 974 4852 Ει
1000 4796 1161 4852 corda
1198 4804 1373 4849 vestra
1412 4791 1816 4846 adinventiones
1861 4786 2122 4858 quasdam
2155 4801 2306 4839 com-

2477 4785 2530 4840 4.
2566 4786 2674 4840 Καὶ
2696 4785 2751 4840 at
2785 4788 3000 4859 καρδίαι
3030 4791 3180 4862 ὑμῶν
3203 4795 3574 4872 ὲξερευνήσεις
3597 4805 3760 4871 τινὰς
3789 4821 3934 4859 συντι-

753 4905 978 4964 pouunt.
2408 4873 2575 4929 θεῖσιν
2600 4877 2695 4946 (8).

825 4987 877 5040 5.
912 4985 1069 5041 Tales
1096 4980 1381 5038 abalienati
1405 4988 1531 5035 sunt
1555 4993 1585 5032 a
1615 4992 1735 5032 meo
1766 4977 2001 5029 lavacro.

2410 5075 2427 5109 ἱ

2478 4969 2530 5023 5.
2564 4971 2626 5023 υἱ
2658 4972 2884 5027 τοιοῦτοι
2925 4976 3436 5056 ἀπηλλοτριώθησαν
3466 4988 3562 5044 ἀπ’
3599 4990 3740 5064 ἐμοῦ
3769 4990 3858 5064 τῆς
3879 4991 3936 5064 (9)

2410 5059 2804 5113 κολυμϐήθρας,

2410 5064 2534 5112 κολυ
2542 5064 2804 5132 μσήθρας.

1688 5220 1993 5285 Addenda
2028 5229 2088 5283 et
2120 5223 2494 5303 corrigenda
2532 5243 2611 5287 ex
2642 5226 2784 5290 cod.
2818 5229 3017 5293 Vatic.

822 5403 1150 5475 (¹)’ογἀρο
1463 5472 1494 5475 __
1602 5471 1613 5475 ,
1707 5470 1716 5475 ,
1946 5465 2026 5475 ..
2213 5465 2238 5474 -

1463 5472 1494 5475 __
1602 5471 1613 5475 _
1707 5470 1716 5475 _
1946 5467 1958 5475 _
2015 5465 2026 5475 _
2213 5465 2238 5474 _
2590 5403 2698 5475 [ὴν
2733 5403 2890 5475 gata,
2918 5414 3019 5462 etc,

822 5465 898 5543 (2)
927 5465 1256 5542 Τὴν’π”ίστιν,
1285 5482 1339 5527 at
1375 5472 1566 5527 melius
1592 5471 1625 5541 ὴ
1659 5470 1902 5532 πίστις...
1935 5465 2119 5533 ἁγίους
2148 5465 2261 5518 σοῦ.

1173 5493 1256 5536 τιν,
1285 5482 1339 5527 at
1375 5471 1625 5541 meliusi}
1659 5470 1902 5532 πίστις...
1935 5465 2119 5533 ἁγίους
2148 5465 2261 5518 σοῦ.
2479 5471 2554 5543 (ti)
2597 5465 2775 5540 Ἐμοί),

822 5542 896 5614 (5)
930 5548 1218 5615 Οὑρανοίις,
1243 5547 1270 5596 ὁ
1303 5544 1448 5615 Θεός.
1476 5614 1482 5615 7
1807 5609 1818 5615 _
1982 5613 2039 5615 ψ
2155 5610 2164 5615 _
2255 5607 2266 5615 .
2478 5542 2552 5602 (7)
2587 5543 2804 5615 [ἐμετε.

821 5607 896 5682 (4)
938 5607 1110 5667 Ἠλῖιὰ
1143 5607 1238 5684 τῆς
1270 5614 1632 5685 κινναϐάρεως
1668 5609 1938 5681 περιέχει·
1976 5613 2078 5668 Ei“
2113 5610 2171 5662 τί)
2207 5607 2298 5660 τέ’
2478 5617 2550 5685 (δ’
2587 5607 2944 5685 Σῴθῗίοφυσίν·

755 5690 875 5753 λος.
908 5685 984 5748 τῷ
1007 5683 1204 5747 Δαὸίὸ.
1231 5697 1329 5740 etc.
1499 5683 1507 5685 “

1499 5683 1507 5685 “
2477 5683 2551 5747 (9,)
2602 5683 2726 5734 ’Λπὸ
2752 5684 2866 5748 τῆς,
2893 5697 2997 5739 etc.
