4056 6318
118 355 221 407 877

182 469 238 525 6.
278 471 687 542 Ἑπλανήοησαν
717 472 821 526 ἀπὸ
855 476 1107 547 γαστρὸς,
1133 477 1398 546 ἐλάλησαν
1428 476 1616 545 ψευδῆ.

192 562 242 615 7.
270 563 450 632 θυμὸς
481 565 656 626 αὐτοῖς
685 564 819 616 κατὰ
845 563 941 636 τὴν
970 566 1224 635 ὁμοίωσιν
1257 566 1351 619 τοῦ
1381 566 1574 636 ὄφεως,

189 653 242 706 8.
287 654 430 706 Ὠσεὶ
448 656 664 717 ἀσπίδος
686 656 890 725 κωφῆς,
913 656 1006 710 καὶ
1027 656 1257 729 βυούσης
1279 659 1345 710 τὰ
1362 652 1474 712 ὦτα
1494 660 1679 730 αὐτῆς·

191 747 243 798 9.
285 749 442 809 ~111:;
469 749 568 799 οὐκ
599 747 964 800 εἰσακούσεται
993 749 1173 818 φωνῆς
1196 750 1518 821 ἐπᾳδόντων,
1545 768 1683 822 φαρ-

122 836 300 904 μακοῦ
329 855 406 897 τε,

193 929 279 979 11),
317 926 391 998 (τι)
414 927 869 998 Φαρμακευομὲνη
899 927 1046 998 παρά
1072 927 1253 998 σοφοῦ.

191 1019 279 1070 11.
327 1020 384 1069 Ὀ
413 1018 538 1080 θεὸς
567 1019 837 1086 συντρίψει
885 1019 1007 1082 τοὺς
1039 1019 1255 1084 ὀδόντας
1293 1021 1468 1074 αὐτῶν
1510 1024 1567 1075 ὲν
1607 1023 1685 1094 τῷ

125 1110 354 1179 στόματι
384 1110 558 1160 αὐτῶν
574 1125 586 1138 ·

197 1201 277 1252 1‘2.
305 1201 416 1262 Τὰς
441 1200 610 1270 μύλας
633 1201 738 1252 τῶν
767 1201 994 1254 λεόντων
1023 1203 1340 1256 συνέθλασεν
1365 1207 1393 1257 ὁ
1415 1204 1635 1276 Κύριος.

194 1295 277 1347 15.
322 1293 859 1364 Ἐξουδενωοήσονται
887 1295 1015 1346 ὡσεὶ
1039 1295 1181 1366 ὕδωρ
1205 1295 1648 1366 διαπορευόμενον
1667 1314 1679 1325 ·

189 1385 276 1437 11.
328 1386 557 1436 Ἑντενεί
580 1385 638 1438 τὸ
670 1386 818 1450 τόξον
852 1386 1034 1451 αὑτοῦ,
1064 1387 1165 1449 ἕως
1193 1383 1251 1442 οὗ
1277 1388 1679 1458 ἀσθενήσουσιν.

187 1476 273 1530 15.
315 1476 459 1528 'ﬂss‘t
482 1477 646 1548 κηρὸς
675 1478 877 1540 τακεὶς,
908 1478 1471 1549 ἀνταναιρεοὴσονται⁹

188 1569 268 1621 16.
309 1570 445 1621 "Et:
457 1586 508 1621 σε
534 1569 604 1620 πῦ
615 1587 645 1641 ρ
668 1572 752 1621 ἐπ’
776 1571 988 1634 αὐτοὺς,
1014 1573 1105 1626 καὶ
1125 1573 1222 1624 οὐκ
1249 1567 1384 1624 εἶδον
1404 1572 1493 1624 τὸν
1512 1573 1679 1642 ἣλιον.

190 1661 274 1713 17.
324 1662 438 1732 Πρὸ
488 1662 579 1714 τοῦ
634 1663 868 1715 συνιέναι
935 1664 1034 1727 τὰς
1085 1665 1321 1726 ἀκάνθας
1379 1664 1531 1734 ὑμῶν
1585 1665 1681 1736 τὴν

123 1752 322 1821 ῥάμνον
334 1771 344 1780 “

193 1843 274 1896 18.
323 1842 466 1895 Ὠσεὶ
510 1842 732 1907 ζῶντας,
775 1844 907 1897 ὡσεὶ
950 1846 1007 1898 ἐν
1043 1845 1178 1917 ὀργῇ
1220 1846 1541 1898 καταπίεται
1589 1847 1681 1898 αὖ·
1716 1828 1754 1880 Β

120 1934 238 1997 τούς
269 1934 368 2001 (ὁ).

189 2027 270 2080 19.
310 2026 756 2098 Εὑρρανοήσεται
781 2028 1006 2090 δίκαιος,
1041 2029 1166 2080 ὅταν
1196 2027 1278 2097 ἴδῃ
1301 2027 1605 2096 ἐκδίκησινσ

184 2119 271 2171 ‘20.
308 2118 418 2181 Τὰς
450 2123 635 2190 χεῖρας
678 2117 839 2171 αὑτοῦ
893 2119 1100 2188 νίφεται
1159 2122 1214 2172 ἐν
1247 2120 1324 2189 τῷ
1356 2120 1546 2190 αἵματι
1585 2121 1676 2172 τοῦ

123 2210 444 2280 ἀμαρτωλοῦ
455 2253 465 2263 .

188 2301 275 2353 ‘21.
309 2301 418 2353 Καὶ
447 2298 562 2371 ἐρεῖ
586 2297 895 2371 ἄνθρωπος·
931 2303 992 2354 Εἰ
1019 2301 1125 2372 ἄρα
1175 2300 1291 2353 ἐστὶ
1349 2301 1556 2371 καρπὸς
1605 2301 1678 2370 τῷ

123 2392 308 2444 δικαίω
327 2410 340 2422 ·

187 2482 273 2536 22.
308 2484 450 2554 Ἀρα
483 2483 628 2536 ἐστὶν
659 2486 686 2538 ὁ
723 2482 852 2547 Θεὸς
878 2483 1076 2553 κρίνων
1101 2484 1294 2545 αὐτοὺς
1327 2485 1383 2535 ὲν
1408 2486 1472 2553 τῇ
1501 2486 1590 2553 γῇ.

191 2696 263 2770 (ᾳ)
295 2694 448 2770 _Vers.
489 2696 570 2762 10,
593 2697 885 2770 Φαρμακοῦ
907 2716 987 2764 τε,
1015 2710 1143 2766 etc.,
1179 2698 1362 2770 σοφοῦ.

195 2764 264 2833 ψ)
295 2765 348 2818 lu
383 2782 555 2838 marg.
586 2764 722 2822 cod.
744 2769 908 2838 ὑμᾶς.

990 357 1075 410 DE
1115 355 1384 410 TlTULlS
1423 355 1870 412 PSALMORUM.
1913 389 1972 397 --
2019 357 2211 413 PSAL.
2249 357 2404 413 LVII.

3240 363 3341 417 878

1709 487 1754 540 Α
1849 477 1900 530 6.
1936 477 2263 534 Erraveruut
2294 480 2361 533 ab
2389 489 2563 545 utero,
2596 479 2757 534 locuti
2793 489 2919 536 sunt
2945 479 3100 534 falsa.

1859 571 1907 624 7.
1935 570 2109 625 Furor
2135 573 2239 627 illis
2265 573 2559 627 secundum
2590 574 2998 629 similitudinem
3033 576 3296 645 serpentis
3327 593 3343 630 :

1856 662 1909 714 8.
1949 659 2100 716 Sicut
2132 665 2334 733 aspidis
2368 657 2559 730 surdae,
2587 673 2640 718 et
2671 665 2974 720 obturantis
2997 682 3156 722 aures
3182 682 3343 723 suas:

1855 753 1908 806 9.
1945 753 2078 819 Qum
2121 770 2230 809 nou
2275 756 2526 811 exaudiet
2574 772 2758 812 vocem
2815 758 3244 825 iucantantium,
3293 767 3345 815 et

1783 847 2028 910 veneﬁcL

1859 939 1942 990 10.
1969 938 2098 1004 Quae
2129 939 2432 995 incantatur
2462 958 2490 994 a
2525 942 2783 1011 sapiente.

1853 1030 1938 1082 11.
1971 1029 2112 1083 Deus
2142 1039 2379 1085 conteret
2405 1031 2590 1086 dentes
2617 1048 2804 1086 eorum
2840 1032 2892 1085 in
2927 1048 3020 1087 ore
3049 1032 3287 1102 ipsorum
3324 1048 3336 1083 :

1856 1204 1940 1257 12.
1979 1203 2147 1260 Molas
2175 1206 2390 1260 leonum
2423 1205 2686 1276 confregit
2724 1205 3004 1262 Dominus.

1859 1295 1944 1347 15.
1966 1295 2042 1348 Ad
2064 1297 2286 1349 nihilum
2306 1297 2586 1352 devenient
2604 1308 2857 1366 tanquam
2873 1313 3011 1367 aqua
3029 1297 3342 1354 decurrens.

1857 1385 1876 1436 -1
1889 1385 1940 1440 .1.
1970 1385 2208 1440 lntendet
2235 1402 2418 1442 arcum
2445 1403 2624 1451 suum,
2652 1388 2822 1442 donec
2848 1389 3201 1442 inlirmeutur.

1853 1478 1938 1532 15.
1972 1477 2123 1532 Sicut
2149 1495 2272 1533 cera
2296 1495 2415 1547 qua:
2441 1477 2576 1541 ﬂuit,
2604 1479 2916 1532 aul'creutur
2953 1498 2965 1532 :

1857 1570 1938 1623 16.
1969 1571 2171 1624 Cecidit
2191 1571 2327 1640 ignis
2346 1587 2506 1641 super
2531 1588 2646 1639 eos,
2669 1581 2721 1624 ct
2749 1590 2851 1626 non
2875 1572 3126 1624 viderunt
3149 1573 3340 1627 solem.

1856 1662 1942 1716 17.
1970 1661 2289 1730 Priusquam
2334 1663 2690 1734 intelligerent
2732 1665 2898 1733 spina:
2932 1676 3122 1719 vestra:
3160 1665 3342 1719 rham-

1787 1769 1912 1807 num
1947 1773 1958 1807 Σ

1860 1842 1943 1895 18.
1979 1843 2130 1897 Sicut
2164 1843 2421 1906 viventes,
2455 1843 2593 1899 sicut
2621 1845 2671 1896 in
2705 1845 2781 1897 ira
2819 1845 3069 1899 absorbet
3102 1860 3214 1900 eos.

1852 2024 1934 2080 19.
1969 2024 2259 2080 Laltaliitur
2286 2025 2467 2096 justus
2505 2042 2627 2078 cum
2660 2026 2852 2079 viderit
2877 2025 3166 2079 vindictam
3196 2045 3207 2078 :

1852 2115 1940 2167 21).
1974 2115 2163 2170 Manus
2193 2134 2319 2171 suas
2350 2117 2549 2171 lavabit
2578 2117 2629 2170 in
2667 2117 2927 2185 sanguine
2952 2118 3265 2184 peccatoris.

1852 2297 1940 2350 9.1.
1975 2296 2039 2350 Et
2064 2297 2206 2351 dicet
2233 2297 2393 2351 homo
2429 2317 2442 2352 :
2480 2296 2534 2351 Si
2564 2299 2748 2366 utique
2786 2307 2866 2352 est
2900 2297 3107 2352 fructus
3144 2297 3290 2367 justo
3324 2313 3339 2350 :

1858 2479 1944 2534 29..
1979 2478 2180 2550 Utique
2205 2490 2287 2535 est
2315 2479 2454 2535 Deus
2477 2480 2729 2550 judicans
2763 2493 2857 2535 eos
2890 2479 2942 2534 in
2967 2487 3125 2533 terra.

1233 2967 1606 3022 ATIIANASII
1642 2968 2225 3026 INTERPRETATIO.

193 3169 240 3222 6.
271 3167 484 3239 Πλάνην
513 3168 620 3240 γὰρ
652 3169 727 3240 (1)
758 3169 945 3224 ἔλαϐον
975 3171 1081 3224 ἀπὺ
1111 3172 1201 3224 τοῦ
1230 3172 1618 3244 βαπτίσματος.
1709 3202 1717 3241 ε

1855 3174 1906 3228 6.
1940 3175 1984 3227 Α
2011 3174 2278 3244 baptismo
2309 3174 2453 3228 enim
2485 3188 2725 3228 errorem
2760 3172 2990 3242 amplexi
3021 3185 3167 3229 sunt.

194 3260 239 3313 7.
257 3261 317 3312 Ἢ
333 3261 519 3332 διδαχὴ
538 3263 713 3316 αὐτῶν
731 3263 1193 3336 θανατηφόρος,ὼς
1210 3267 1237 3317 ὁ
1252 3266 1362 3328 υἱὸς
1378 3265 1469 3318 τοῦ
1486 3266 1679 3336 ὄφεως.

193 3352 240 3402 8.
282 3352 414 3404 ’ἀπὸ
438 3354 537 3422 τῆς
565 3353 816 3424 ἀληθείας
838 3357 934 3428 τὴν
965 3357 1128 3428 ἀκοὴν
1162 3358 1614 3430 ἀποστρέψουσιν.

195 3442 244 3494 9.
284 3441 472 3505 Οὕτως
521 3443 638 3495 οὐδὲ
684 3438 828 3498 οὗτοι
875 3446 1127 3499 ἀκούουσι
1177 3447 1284 3498 τῶν
1330 3447 1684 3500 διδασκόντων

133 3532 310 3598 αὐτοὺς
338 3535 436 3605 τὴν
464 3535 740 3605 ἀλήθειαν.

199 3624 378 3678 10.οξ
429 3625 732 3679 διδάσκαλοι
777 3626 953 3680 αὐτῶν
1005 3630 1071 3699 τῇ
1129 3628 1290 3698 σοφία
1336 3628 1427 3680 τοῦ
1478 3629 1682 3700 κόσμου

133 3716 308 3768 τούτου
349 3717 632 3772 ἀπατῶσιν
661 3720 878 3784 αὐτούς.

202 3805 279 3858 11.
313 3807 422 3871 Τὰς
450 3808 796 3874 διδασκαλίας
835 3812 1031 3864 αὐτῶν.

196 3897 279 3951 12.
310 3900 448 3963 Τοὺς
481 3902 808 3972 ἡγουμένους
838 3902 1036 3955 αὐτῶν.

199 3991 279 4045 15.
325 3993 388 4045 Ἠ
420 3995 607 4064 ἡμέρα
634 3995 708 4064 (Ξ)
738 3996 834 4064 τῆς
861 3996 1092 4067 κρίσεως
1122 3998 1415 4068 ἀπορρίζάι
1442 3986 1658 4059 αὑτοῦς.

201 4080 281 4132 1-1.
323 4082 622 4151 Ἐνισχύσει
667 4083 758 4136 τὸν
796 4083 950 4152 λόγον
984 4085 1076 4137 τοῦ
1124 4086 1475 4156 κηρύγματος
1520 4089 1682 4140 αὑτοῦ

139 4169 228 4231 έως
255 4173 346 4242 τῆς
375 4171 704 4237 συντελείας.

202 4262 279 4315 15.
325 4263 409 4328 Ὠς
437 4266 467 4316 ὁ
511 4265 679 4336 κηρὸς
707 4265 784 4337 (5)
825 4269 881 4320 ὲν
919 4267 995 4338 τῷ
1031 4271 1159 4339 πυρὶ
1189 4270 1551 4325 ἀναλίσκεται.
1592 4271 1682 4323 οὖ-

141 4369 232 4414 τως
256 4354 401 4408 ἔσται
433 4358 466 4426 ἡ
500 4355 742 4410 ἀπώλεια
769 4358 972 4412 αὐτῶν·

202 4444 279 4496 16.
331 4447 764 4516 Κατεκυρίευσεν
813 4450 987 4503 αὐτῶν
1039 4455 1066 4505 ὁ
1110 4454 1382 4520 Σατανᾶς,
1442 4455 1532 4506 καὶ
1589 4455 1686 4506 οὐκ

143 4535 358 4601 ἔγνωσαν
386 4538 479 4590 τὸν
505 4539 728 4610 Κύριον.

204 4626 281 4689 17,
314 4628 397 4682 18.
430 4630 545 4700 Πρὸ
574 4630 666 4682 τοῦ
689 4631 785 4693 τὰς
818 4632 1042 4703 ἀνομίας
1064 4632 1214 4703 ὑμῶν
1236 4633 1678 4705 κεκολλῆσθαιτῷ

143 4719 365 4790 ιαῦόλῳ,
395 4723 472 4785 ὡς
499 4721 574 4774 ἔτι
597 4723 720 4775 ἐστὲ
745 4722 962 4788 ζῶντες,
993 4727 1050 4779 ἐν
1074 4729 1136 4796 τῇ
1169 4727 1304 4796 ὀργῇ
1343 4727 1506 4780 αὑτοῦ
1550 4744 1680 4779 κατ-

144 4810 274 4864 έπιεν
305 4813 444 4882 ὑμᾶς
473 4813 561 4866 διὰ
591 4814 687 4882 τὴν
722 4814 925 4886 πλάνην
953 4817 1049 4886 τῆς
1082 4819 1341 4889 αἱρέσεως
1365 4819 1536 4888 ὑμῶν.

209 4901 280 4955 19.
325 4904 408 4956 Ἐν
437 4904 516 4975 τῷ
547 4905 723 4975 καιρῷ
753 4906 850 4975 τῆς
875 4909 1301 4970 ἀνταποδόσεως.

201 4993 282 5048 ΞΟ.
324 4995 520 5048 Ἀθῶον
545 4997 733 5050 ἑαυτὸν
756 4996 915 5062 δείξει
945 4999 1017 5070 (4)
1043 5001 1148 5053 ἀπὸ
1178 5000 1274 5069 τῆς
1302 4998 1592 5069 ἁμαρτίας.

202 5085 284 5140 21.
312 5088 417 5141 Καὶ
447 5091 562 5159 ἐρεῖ
588 5088 814 5154 ἕκαστος
833 5106 847 5121 ·
886 5091 1089 5156 Ὄντως
1106 5092 1250 5145 ἐστὶν
1283 5090 1674 5163 μισθαποδοσία

148 5175 211 5244 τῷ
232 5175 435 5248 δικαίῳ.

202 5268 282 5320 9:2.
310 5271 514 5335 Ὄντως
549 5272 691 5325 ἐστὶν
719 5275 747 5324 ὁ
783 5275 947 5328 ποιῶν
979 5272 1156 5328 αὐτῶν
1179 5273 1275 5344 τὴν
1304 5273 1603 5342 ἐκδίκησιν.

1857 3265 1908 3319 7.
1943 3264 2197 3320 Doctrina
2221 3280 2406 3319 eorum
2453 3262 2752 3328 mortifera,
2791 3274 2849 3317 ut
2880 3264 3020 3319 ﬁlius
3049 3269 3338 3335 serpentis.

1856 3357 1909 3411 8.
1937 3359 2197 3411 Avertunt
2221 3357 2460 3411 auditum
2484 3373 2514 3410 a
2540 3357 2782 3411 veritate.

1856 3444 1908 3498 9.
1954 3444 2030 3498 lta
2076 3457 2248 3514 neque
2296 3445 2386 3499 isti
2434 3445 2659 3499 audiunt
2709 3445 2963 3501 docentes
3008 3461 3104 3501 eos
3151 3450 3343 3502 verita-

1789 3547 1915 3589 tem.

1857 3625 1943 3678 10.
1975 3624 2209 3695 Magistri
2239 3640 2428 3679 eorum
2459 3626 2718 3696 sapientia
2770 3625 2930 3695 hujus
2964 3627 3149 3680 mundi
3195 3628 3340 3683 deei-

1785 3717 1940 3786 piunt
1969 3732 2081 3771 eos.

1861 3811 1942 3862 11.
1979 3808 2219 3878 Ipsorum
2249 3808 2540 3864 doctrinas.

1860 3901 1946 3956 19..
1977 3899 2150 3954 Duces
2181 3917 2390 3954 corum.

1857 3993 1942 4046 15.
1977 3991 2100 4046 Dies
2123 3991 2313 4059 iudicii
2347 3992 2594 4062 projiciet
2617 4006 2731 4046 eos.

1857 4085 1942 4138 14.
1989 4085 2372 4138 Corroborabit
2418 4099 2724 4138 sermonem
2777 4083 3174 4152 prmdicationis
3229 4103 3339 4141 suae

1788 4194 1959 4247 usque
1985 4178 2050 4230 ad
2083 4177 2624 4232 consummationem.

1859 4270 1945 4322 15.
1995 4266 2061 4320 Ut
2094 4282 2215 4321 cera
2263 4268 2384 4337 igne
2428 4268 2788 4335 consumitur,
2833 4268 2913 4323 sic
2964 4267 3064 4322 erit
3110 4269 3336 4338 perditio

1787 4376 1970 4416 eorum
1982 4403 1994 4416 .

1859 4452 1944 4507 16.
1978 4451 2296 4507 Dominatus
2332 4461 2415 4507 est
2450 4455 2529 4507 eis
2577 4451 2827 4518 Satanas,
2861 4463 2913 4508 et
2939 4469 3043 4507 non
3073 4469 3337 4524 cognove-

1785 4556 1912 4600 runt
1947 4547 2254 4600 Dominum.

1855 4640 1943 4703 17,
1972 4639 2056 4692 18.
2091 4639 2410 4706 Priusquam
2461 4645 2649 4692 vestrm
2689 4636 2999 4707 iniquitates
3033 4639 3338 4693 adlucreant

1786 4731 2017 4795 diabolo,
2061 4740 2119 4784 ut
2166 4730 2339 4783 adhuc
2370 4729 2606 4783 viventes
2633 4730 2785 4794 estis,
2820 4730 2876 4783 in
2914 4730 2992 4784 ira
3036 4745 3132 4785 sua
3177 4736 3338 4786 devo-

1788 4823 1930 4876 rabit
1965 4837 2061 4876 vos
2085 4829 2298 4890 propter
2328 4835 2565 4874 errorem
2595 4819 2815 4874 IIIEI‘eSiS
2851 4827 3060 4874 vestrae.

1861 4913 1946 4965 19.
1980 4911 2037 4964 ln
2062 4921 2299 4980 tempore
2324 4909 2709 4964 retributionis.

1851 5003 1940 5056 ΞΟ.
1976 5003 2176 5056 Purum
2210 5018 2267 5056 se
2302 5003 2476 5070 ipsum
2506 5004 2756 5055 ostendet
2790 5016 2818 5054 α
2852 5011 3093 5070 peccato.

1851 5095 1939 5148 21.
1974 5093 2039 5148 Et
2073 5094 2215 5148 dicet
2262 5092 2670 5162 unusquisque:
2709 5091 2840 5147 Vere
2879 5103 2963 5147 est
2989 5093 3136 5162 justo
3180 5095 3338 5148 retri-

1783 5183 1953 5240 butio.

1848 5277 1936 5330 29..
1970 5275 2222 5331 Profecto
2258 5284 2340 5328 est
2371 5274 2574 5329 faciens
2602 5288 2788 5329 eorum
2820 5272 3128 5329 vindictam.

1060 5479 1356 5542 Addenda
1394 5487 1452 5541 et
1478 5477 1848 5556 corrigenda
1895 5493 1972 5537 ex
2022 5477 2159 5536 cod.
2199 5476 2397 5537 Vatia.

210 5681 274 5755 ll!)
302 5684 526 5755 Πλὰνην,
562 5685 628 5754 ἦν
660 5685 980 5755 παρέλαϐον.

210 5749 278 5820 (2)
306 5755 377 5824 Τῇ
690 5749 1028 5826 ἀπορρίψας.

1850 5683 1926 5774 ei
1960 5682 2314 5774 servm

1853 5752 1926 5824 (-1)
1974 5753 2030 5804 Ἀ
2039 5752 2242 5817 ποδείξε
2253 5771 2266 5800 ι
2277 5794 2288 5805 .
