4084 6322
161 391 258 446 881
1038 379 1126 432 DE
1168 375 1446 432 TITULIS
1486 370 1930 428 I’SALMOIIUM.
1971 401 2039 410 -—
2071 368 2265 424 I’SAL.
2309 366 2488 422 LVIII.
3301 359 3404 414 882

713 497 1030 567 Attio-alga
1062 500 1159 564 (α).
1753 498 1798 550 Α
2435 479 2766 550 Diapsalma.

232 595 319 649 15.
362 589 804 661 Ἐπιστρέψουσιν
832 589 910 650 εἰς
958 586 1192 655 ἑσπέραν
1219 623 1233 647 ,
1288 579 1609 652 λιμὼξουσιν
1656 578 1731 640 ὡς

1913 581 1996 634 15.
2029 579 2429 632 Comet-tentur
2464 575 2530 629 ad
2553 589 2865 642 vesperam.
2900 571 3098 626 I‘ament
3131 580 3403 634 pattentur

161 685 309 738 κύων
330 725 344 750 ,
373 682 469 736 καὶ
498 681 833 736 κυκλώσουσι
867 678 1039 730 πόλιν.

1841 684 1893 727 ut
1918 673 2093 735 canis,
2119 679 2172 725 et
2201 671 2512 725 circnibunt
2544 669 2837 722 civitatem.

239 775 322 829 14.
355 774 484 828 Ἰδοὺ
505 773 658 826 αὐτοὶ
673 769 1101 839 ὰποφθέγξονται
1115 769 1170 819 ἐν
1181 763 1259 836 τῷ
1276 763 1502 835 στόματι
1519 759 1698 815 αὐτῶν

1376 759 1698 835 ματιαύτῶν
1909 763 1994 816 II.
2027 762 2163 817 Ecce
2194 763 2293 831 ipsi
2329 762 2620 830 loquentur
2647 759 2699 812 in
2723 772 2816 811 ore
2850 771 2989 810 suo:

235 868 324 922 15.
360 866 432 939 (b)
466 867 574 919 Καὶ
608 861 848 935 ῥομφαία
881 861 937 913 ὲν
960 861 1069 923 τοῖς
1101 858 1333 928 χείλεσιν
1356 855 1534 908 αὐτῶν
1556 869 1567 882 ⁸

1252 873 1333 909 σιν
1356 855 1567 908 αὐτῶν
1905 861 1994 915 I5.
2029 858 2095 912 Et
2125 856 2337 927 gladius
2365 853 2418 906 in
2450 851 2610 906 labiis
2633 864 2818 904 eorum
2853 863 2865 901 :

237 960 321 1014 16.
354 933 474 1013 έότι
508 958 589 1020 τίς
609 933 840 1028 ἥκουσα
877 952 986 1006 Καὶ
1012 952 1106 1019 σὺ,
1164 949 1335 1021 Κύριε
1363 987 1377 1014 ,
1419 944 1733 1015 ὲκγελάσεις

1905 952 1993 1006 I6.
2028 948 2296 1016 Quoniam
2329 947 2454 1015 quis
2486 941 2730 998 audivit?
2762 939 2828 992 Et
2853 947 2939 1000 tu,
2969 935 3225 998 Domine,
3257 933 3401 987 deri—

161 1053 362 1115 αὑτούς
385 1070 400 1083 ο

1832 1045 1984 1100 debis
2015 1058 2109 1098 eos
2143 1059 2155 1094 :

237 1146 320 1197 I7.
365 1141 766 1208 Ἐξουδενωσεις
795 1139 972 1192 πάντα
1005 1136 1071 1189 τὰ
1101 1136 1247 1206 ἔθνη.

1904 1137 1990 1191 17.
2029 1134 2108 1188 Ad
2134 1132 2364 1186 nihilum
2396 1128 2630 1183 deduecs
2658 1139 2850 1179 omnes
2871 1129 3074 1193 gentes.

232 1235 320 1287 18.
351 1235 422 1287 Τὸ
447 1233 644 1305 κράτος
685 1249 785 1301 μου
823 1231 956 1301 πρὸς
991 1230 1048 1280 σὲ
1071 1227 1309 1295 φυλάξω·

1909 1229 1994 1282 I8.
2033 1223 2428 1279 Fortitudinem
2459 1234 2634 1273 meam
2669 1217 2735 1270 ad
2770 1225 2819 1269 te
2846 1211 3148 1270 custodiam
3178 1229 3189 1262 :

235 1326 323 1379 I9.
362 1325 480 1376 Ὅτι
507 1325 591 1390 σὺ,
629 1325 656 1374 ὁ
683 1322 834 1384 Θεὸς,
871 1319 1220 1389 ἁντιλήπτωρ
1248 1335 1350 1388 μου
1380 1311 1451 1370 εἶ.

1438 1356 1451 1370 ·
1901 1323 1984 1376 19.
2021 1319 2156 1386 Quia
2184 1327 2261 1379 tu,
2287 1315 2448 1378 Dens,
2483 1319 2766 1379 susceptor
2793 1323 2944 1362 meus
2972 1320 3051 1360 es.

232 1417 325 1470 20.
367 1417 425 1468 Ὀ
446 1415 576 1479 Θεός
606 1432 726 1486 μου,
756 1414 814 1466 τὸ
836 1413 982 1475 ἕλεος
1003 1412 1166 1465 αὐτοῦ
1195 1410 1494 1481 προφθάσει
1522 1425 1588 1478 με
1611 1423 1624 1436 ·

1900 1412 1990 1465 20.
2024 1409 2169 1464 Deus
2200 1423 2375 1472 meus,
2417 1402 2792 1458 misericordia
2817 1409 2909 1453 tua
2955 1395 3246 1468 praeveniet
3274 1409 3357 1445 me
3389 1411 3400 1446 :

231 1508 322 1562 21.
369 1506 426 1560 ὐ
456 1505 586 1570 Θεός
620 1523 720 1576 μου
752 1505 911 1571 δείξει
943 1521 1032 1575 μοι
1061 1505 1117 1558 ὲν
1157 1505 1267 1565 τοῖς
1288 1503 1497 1574 ἐχθροῖς
1533 1519 1656 1571 μου.

1897 1509 1986 1561 21.
2022 1505 2166 1559 Deus
2189 1519 2340 1557 mctts
2357 1499 2605 1556 ostendet
2621 1496 2752 1550 mihi
2785 1491 3213 1563 superinimieos
3232 1503 3399 1543 meos.

231 1597 324 1652 22.
356 1599 446 1670 Μὴ
485 1597 810 1670 ἀποκτείνῃς
843 1597 1068 1663 αὐτοὺς,
1118 1598 1325 1667 μήποτε
1368 1592 1730 1647 ἐπιλάθωνται

1895 1598 1986 1651 22.
2024 1596 2100 1652 Ne
2128 1596 2347 1651 occidas
2368 1608 2485 1654 eos,
2515 1606 2581 1644 ne
2606 1588 2825 1660 quando
2847 1585 3242 1641 obliviscantur
3272 1579 3403 1649 legis

151 1688 256 1743 τοῦ
277 1688 442 1760 νόμου
470 1704 582 1741 σου.
1831 1701 1955 1747 ωε,

231 1781 321 1835 23.
355 1781 746 1852 Διασκόρπισον
773 1780 968 1842 αὐτοὺς
999 1781 1057 1832 ὲν
1091 1782 1155 1850 τῇ
1182 1779 1407 1850 δυνάμει
1443 1795 1570 1833 σουο
1763 1849 1796 1852 _

1306 1796 1407 1850 ιμει
1443 1795 1570 1833 σουο
1763 1849 1796 1852 _
1904 1776 1994 1829 25.
2027 1771 2284 1843 Disperge
2317 1768 2436 1823 illos
2469 1768 2520 1819 in
2551 1766 2748 1818 virtute
2782 1773 2873 1817 tua
2908 1781 2919 1814 :

231 1873 323 1926 24.
359 1873 466 1926 Kal.
519 1849 796 1942 κατάγαγε
838 1872 1052 1938 αὐτοὺς,
1097 1849 1153 1926 ὁδί
1180 1849 1587 1944 ὑπερασπιστὴς
1626 1888 1726 1942 μου
1760 1849 1804 1903 Β

1648 1888 1726 1924 ιου
1760 1849 1804 1903 Β
1903 1867 1990 1922 21.
2029 1865 2096 1920 Ει
2129 1865 2339 1934 depone
2366 1876 2491 1922 eos,
2524 1865 2801 1928 protector
2826 1871 2981 1909 mens
3015 1851 3261 1906 Domine.

153 1966 364 2038 Κύριε.

368 2059 634 2133 Ἀμαρτία
674 2060 936 2132 στόματος
984 2059 1159 2113 αὐτῶν
1186 2058 1342 2127 λόγος
1375 2057 1595 2130 χειλέων
1633 2060 1730 2111 αὖ-

1902 2048 1991 2103 25.
2030 2046 2297 2102 Delictum
2329 2044 2443 2099 oris
2473 2056 2664 2097 eorum
2687 2078 2702 2102 ,
2737 2049 2919 2092 sermo
2959 2032 3222 2086 Iabiorum
3258 2029 3405 2099 ipsc-

151 2158 271 2208 τῶν
289 2169 305 2182 ο

1830 2158 1950 2198 rum
1986 2161 1999 2196 ζ

223 2244 319 2298 26.
358 2246 466 2300 Καὶ
485 2243 940 2315 συλληφθήτωσαν
971 2243 1028 2294 ὲν
1057 2244 1122 2314 τῇ
1147 2241 1494 2311 ὑπερηφανίᾳ
1522 2239 1718 2294 αὐτῶν.

1582 2239 1718 2292 ιτῶν.
1901 2234 1991 2289 26.
2025 2233 2090 2288 Et
2117 2227 2650 2302 comprehendantur
2677 2224 2731 2276 in
2765 2219 3017 2290 superbia
3056 2231 3195 2271 sua:

230 2336 325 2391 27.
351 2337 542 2403 Καὶὲξ
569 2305 706 2406 api;
747 2305 844 2388 καὶ
886 2305 1122 2405 ψεύδουξ
1165 2305 1610 2403 διαγγέλήσὸνται
1671 2335 1728 2385 ὲν

1898 2328 1988 2381 27.
2026 2325 2092 2381 Et
2129 2327 2196 2380 de
2232 2321 2642 2380 exsecratione.
2687 2327 2742 2370 et
2782 2311 3068 2370 mendacio
3110 2305 3403 2363 annuntia-

155 2425 471 2496 συντελείᾳ,

1829 2422 2035 2477 buntur
2066 2420 2120 2475 in
2148 2413 2626 2472 consummatione
2645 2453 2659 2476 ,

231 2515 325 2570 28.
369 2517 455 2569 Ἑν
478 2516 612 2587 ὀργῇ
663 2516 986 2582 συντελείας,
1015 2517 1107 2569 καὶ
1135 2516 1196 2567 οὑ
1227 2515 1300 2586 μὴ
1321 2513 1621 2586 ὑπάρξωσι.

1554 2532 1621 2569 σι.
1901 2511 1990 2565 28.
2023 2508 2083 2562 In
2117 2507 2198 2562 ira
2233 2501 2744 2566 consummationis,
2775 2506 2830 2552 et
2852 2512 2958 2552 non
2988 2501 3167 2550 erunt.

230 2606 323 2662 29.
362 2609 471 2661 Καὶ
504 2581 819 2676 γνωσονται,
842 2607 921 2658 ὃτι
944 2581 981 2657 ὁ
1012 2605 1144 2668 Θεὸς
1181 2581 1563 2669 δεσπόζει-τοῦ
1629 2605 1732 2658 ’la-

1903 2602 1998 2657 29.
2034 2600 2103 2655 Et
2136 2601 2331 2666 scient,
2365 2598 2492 2668 quia
2522 2594 2662 2650 Deus
2691 2589 3004 2648 dominatur
3035 2585 3224 2649 Iacob,
3257 2591 3309 2637 et
3340 2581 3403 2634 F.-

151 2698 301 2763 κὼό,
331 2699 427 2753 καὶ
463 2698 568 2751 τῶν
593 2697 840 2769 περάτων
874 2698 970 2767 τῆς
995 2698 1115 2768 γῆς.

593 2697 840 2769 περάτων
874 2698 970 2767 τῆς
995 2698 1115 2768 γῆς.
1835 2695 1987 2750 nium
2021 2705 2197 2749 terra}.

238 2792 316 2861 (α)
342 2791 474 2846 Cod.
517 2790 688 2844 Palat.

235 2863 314 2932 (b)
346 2859 500 2918 γει-ε.
535 2861 620 2915 15.
649 2861 758 2914 Καὶ
778 2861 1038 2932 ῥομφαία,
1062 2871 1192 2925 etc.,
1217 2861 1438 2932 ἢκουσε.
1469 2860 1623 2916 Vers.
1646 2860 1731 2926 I6,
1765 2861 1848 2913 Κα

789 2861 1038 2932 ῥομφαία,
1062 2871 1192 2925 etc.,
1217 2861 1438 2932 ἢκουσε.
1469 2860 1623 2916 Vers.
1646 2860 1731 2926 I6,
1765 2857 1877 2913 Καὶ
1908 2857 1996 2919 σὺ,
2023 2866 2152 2919 etc.,
2185 2847 2402 2911 αὐτούς.

1303 2997 1675 3053 ATHANASII
1712 2989 2292 3054 IN'IERPIIETATIO.

233 3112 327 3167 15.
367 3113 652 3183 Ἐρχονται
683 3115 740 3164 ὲν
796 3112 975 3164 σκότει
1028 3113 1351 3177 κυκλοῦντες
1392 3115 1489 3186 τὴν
1532 3115 1730 3187 ψυχὴν,
1760 3119 1803 3179 ρ

1791 3119 1803 3179 ζ
1912 3113 1998 3166 15.
2027 3107 2268 3162 Veniunt
2316 3104 2369 3157 in
2416 3099 2654 3156 tenebris
2692 3093 3098 3151 circumdantes
3143 3089 3404 3152 animam,

155 3205 260 3259 καὶ
295 3205 598 3258 κατεσθίειν
629 3204 876 3275 ζητοῦσιν
900 3205 974 3267 ὼς
1001 3205 1180 3267 κύνες.

1142 3223 1180 3267 ς.
1837 3214 1890 3259 οι
1913 3203 2175 3256 devorare
2204 3203 2456 3268 quaerunt
2485 3203 2544 3247 ut
2573 3205 2755 3246 canes.

232 3297 325 3352 14.
346 3297 476 3350 Ἰδοὺ
499 3297 650 3350 αὐτοὶ
673 3291 817 3351 οὗτοι
835 3299 1222 3372 πειθανότητάς
1238 3317 1387 3364 τινας
1405 3300 1622 3354 λαλοῦσι
1637 3300 1731 3369 (I).

1848 3356 1851 3360 _
1915 3297 1999 3351 14.
2040 3293 2178 3349 Ecce
2211 3292 2267 3346 bi
2312 3291 2415 3361 ipsi
2461 3285 2768 3360 plausibilia
2805 3280 3051 3354 quadam
3084 3279 3397 3348 loquuntur.

235 3389 261 3442 1
276 3387 329 3442 5.
361 3390 468 3441 Καὶ
489 3389 800 3462 ἀναιροῦσιν
823 3393 880 3443 ὲν
903 3394 1014 3454 τοῖς
1029 3391 1206 3459 λόγοις
1228 3391 1404 3444 αὐτῶν
1423 3394 1547 3455 τοὺς
1574 3390 1736 3446 ἀκού-

1909 3392 1996 3446 15.
2029 3389 2093 3444 Ει
2115 3386 2370 3443 occidunt
2393 3384 2444 3437 in
2472 3380 2816 3438 sermonibus
2838 3376 2954 3432 suis
2976 3374 3260 3429 audientes
3282 3385 3400 3426 eos.

154 3498 328 3546 οντας
354 3482 547 3535 αὐτῶν.

239 3572 332 3631 16,
364 3573 474 3626 Καὶ
507 3574 593 3636 σὺ,
621 3571 811 3645 Κύριε,
829 3573 1120 3636 ἀπελάσεις
1149 3574 1366 3639 αὐτούς.

1262 3574 1366 3639 δὺς.
1910 3565 1995 3620 16.
2027 3563 2093 3618 Et
2117 3572 2195 3629 tn,
2225 3559 2476 3623 Domine,
2511 3556 2730 3627 dejicies
2763 3570 2875 3609 eos.

237 3664 453 3744 17..Τά
487 3663 611 3736 ἔθνη
646 3664 786 3719 αὐτὰ
816 3664 1010 3719 ταῦτα.

995 3701 1010 3719 .
1908 3657 1993 3712 17.
2032 3657 2232 3710 Gentes
2267 3651 2604 3724 huiusmodi.

237 3737 479 3828 18.”Τὴν
503 3757 752 3828 βοήθειάν
795 3774 896 3827 μου
921 3757 1071 3827 παρὰ
1100 3755 1191 3809 σοῦ
1222 3757 1452 3827 αἰτήσω.

1368 3773 1452 3811 τω.
1912 3747 1997 3802 18.
2035 3746 2313 3801 Auxilium
2338 3758 2518 3798 meum
2547 3750 2650 3796 ate
2678 3737 2981 3811 postulabo.

234 3850 330 3906 19.
369 3851 491 3903 Ὀτι
531 3854 594 3904 σὺ
627 3853 890 3922 ὑπάρχεις
919 3851 1050 3912 Θεός
1073 3868 1194 3921 μου.

1911 3841 1997 3896 19.
2033 3837 2299 3905 Quoniam
2331 3846 2386 3890 tu
2416 3850 2475 3888 es
2497 3832 2638 3886 Deus
2668 3846 2841 3885 meus.

231 3944 330 3999 20.
381 3943 436 3995 Ὀ
457 3941 648 4013 ἔφορός
666 3919 895 4013 posta),
915 3942 975 3994 τὸ
992 3919 1138 4004 ἕλε-ος
1162 3941 1324 3995 αὑτοῦ
1357 3940 1618 3995 σκεπάσει
1648 3958 1734 4001 με.

1906 3930 1997 3986 20.
2016 3929 2338 3998 Prospector
2355 3939 2530 3986 meus,
2544 3919 2911 3976 misericordia
2928 3927 3017 3971 tua
3037 3922 3278 3985 proteget
3301 3929 3404 3968 me.

238 4036 337 4090 2|.
374 4036 496 4099 Τοῖς
528 4035 743 4106 δαίμοσι
782 4035 881 4106 (5),
1902 4022 1991 4076 21.
2029 4019 2396 4075 Dat-monibus.

232 4129 333 4184 22.
365 4129 455 4200 Μὴ
480 4129 755 4193 παντελῶς
774 4132 1007 4202 ποιήσῃς
1030 4130 1223 4192 αὐτοὺς
1250 4127 1323 4198 μὴ
1348 4121 1507 4191 εἶναι,
1533 4127 1738 4197 μήποτε

1907 4114 1996 4167 22.
2029 4111 2107 4167 Ne
2133 4110 2302 4166 facias
2328 4124 2422 4164 eos
2445 4121 2672 4178 prorsus
2689 4120 2797 4159 non
2813 4102 3098 4166 exsistere,
3123 4095 3409 4168 nequando

158 4224 246 4280 ὡς
280 4222 360 4292 μὴ
400 4221 731 4292 ὑπάρχοντες
761 4221 858 4273 οὑκ
890 4221 967 4274 ἔτι
995 4218 1422 4292 μνημονεύσουσι
1453 4217 1560 4272 τῶν
1583 4217 1740 4270 κολά-

1843 4217 2030 4279 utpote
2085 4220 2193 4259 non
2227 4204 2552 4258 exsistentes
2608 4213 2716 4252 non
2769 4194 3124 4250 recordentur
3180 4188 3410 4261 amplius

161 4332 338 4376 σεων,
369 4305 446 4365 ὧν
468 4313 688 4380 ἐπάγεις
713 4312 913 4374 αὐτοῖς.

1843 4299 2236 4373 suppliciorum
2267 4311 2389 4367 quae
2414 4294 2546 4364 ipsis
2569 4290 2758 4346 infers.

238 4408 336 4462 23.
381 4404 538 4458 Ἀλλὰ
563 4404 947 4476 διασκὸρπισον
977 4404 1265 4467 αὐτοὺςεὶς
1291 4402 1351 4455 τὸ
1380 4401 1491 4473 πῦρ
1522 4402 1582 4454 τὸ
1612 4400 1740 4454 αἰώ-

1612 4400 1740 4454 αἰώ-
1913 4395 2002 4449 25.
2033 4392 2140 4448 Sed
2171 4392 2422 4460 disperge
2461 4386 2584 4440 illos
2615 4384 2670 4439 in
2707 4384 2883 4454 ignem
2915 4388 3198 4435 teternum.

157 4519 306 4556 νιον.
1769 4477 1815 4533 D

235 4591 335 4646 24.
371 4591 480 4643 Kal.
513 4591 590 4653 εἰς
612 4590 857 4660 τάρταρα
887 4588 988 4657 τῆς
1021 4587 1121 4658 γῆς
1157 4587 1434 4654 κατά-τάγε
1463 4587 1677 4650 αὐτούς.

1348 4603 1434 4654 ιγε
1463 4587 1677 4650 αὐτούς,
1908 4574 1999 4627 21.
2035 4571 2102 4626 Et
2128 4572 2182 4625 in
2217 4579 2418 4625 tartara
2460 4578 2618 4624 terra:
2645 4565 2820 4620 deduc
2847 4579 2961 4620 eos.

231 4685 333 4740 25.
365 4683 462 4736 Διὰ
499 4683 596 4745 τὰς
623 4681 896 4753 ἁμαρτίας
939 4679 1031 4733 τοῦ
1092 4680 1357 4748 στόματος
1407 4678 1582 4732 αὐτῶν
1603 4719 1620 4736 .
1652 4678 1744 4730 κα).

1910 4667 2000 4720 25.
2031 4664 2262 4734 Propter
2300 4672 2522 4733 peccata
2560 4660 2674 4715 oris
2730 4661 2998 4729 ipsorum,
3037 4666 3092 4713 et
3131 4667 3411 4712 sermones

154 4779 300 4840 τοὺς
328 4776 518 4843 λόγους
553 4772 626 4846 (4)
656 4772 747 4837 οὓς
779 4773 1043 4842 ἐλάλησαν
1078 4771 1216 4824 κατὰ
1244 4771 1359 4824 σοῦ.

1118 4771 1216 4824 ατὰ
1244 4771 1359 4824 σοῦ.
1842 4774 1980 4823 quos
2005 4757 2170 4812 locuti
2206 4764 2336 4811 sunt
2367 4756 2631 4809 adversus
2661 4761 2731 4806 te.

238 4868 338 4923 26.
379 4868 488 4919 Καὶ
513 4864 974 4920 καταδικασθῶσιν
997 4866 1053 4916 ὲν
1072 4867 1137 4934 τῇ
1174 4863 1668 4934 numquam.

1495 4863 1668 4914 ὑτῶν.
1911 4851 2000 4906 26.
2036 4851 2100 4906 Et
2120 4850 2552 4905 condemnentur
2583 4846 2638 4900 in
2667 4845 2961 4899 rebellione
2989 4856 3108 4898 sua.

238 4960 341 5013 27.
369 4957 476 5011 Καὶ
501 4957 602 5026 τῆς
626 4955 867 5025 ἑκκοπῆς
896 4955 994 5025 (5),
1017 4931 1232 5008 meos
1248 4931 1497 5023 ψεύδους,
1527 4949 1587 5006 οὗ
1621 4953 1742 5006 ἑλά-

1909 4945 2002 4998 27.
2033 4943 2100 4998 Et
2145 4943 2212 4996 de
2257 4940 2608 4996 eﬂ‘renatione
2651 4938 2802 5000 oris,
2857 4946 2910 4990 et
2953 4932 3234 4989 mendacio
3269 4931 3413 5002 quod

155 5057 369 5129 λησαν,
404 5051 500 5105 καὶ
521 5048 760 5114 ἐδίδαξαν
793 5050 851 5102 ὲν
886 5048 963 5119 τῷ
982 5049 1186 5119 κόσμῳ.

1845 5038 2012 5095 locuti
2042 5047 2188 5100 sunt,
2215 5042 2271 5088 et
2296 5032 2605 5088 docuerunt
2629 5031 2682 5084 in
2709 5029 2928 5082 mundo.

235 5146 335 5202 28.
353 5145 465 5198 Kal.
482 5146 539 5196 ὲν
553 5144 616 5214 τῇ
633 5144 767 5214 ὀργῇ
791 5141 886 5213 τῆς
904 5116 1212 5203 συντελείας
1227 5140 1287 5193 οὐ
1313 5140 1386 5211 μὴ
1411 5138 1742 5211 ὑπάρξωσιν.

1705 5155 1742 5193 ν.
1915 5129 2006 5184 28.
2039 5128 2106 5182 Ει
2133 5128 2185 5181 in
2221 5127 2301 5180 ira
2331 5122 2824 5181 consummationis
2854 5135 2961 5174 non
3000 5116 3318 5174 subsistent.

237 5240 337 5295 29.
380 5237 488 5291 Καὶ
662 5209 980 5303 γνωσονται,
1020 5233 1100 5286 ὃτι
1133 5231 1212 5302 τῷ
1249 5209 1384 5303 esp
1409 5209 1745 5286 δουλεύσουσι

1915 5223 2006 5278 29.
2043 5221 2109 5275 Ει
2136 5229 2264 5274 tunc
2294 5225 2658 5290 cognoscent,
2706 5213 2853 5285 quod
2891 5211 3000 5267 Deo
3035 5209 3273 5265 servient
3300 5222 3418 5261 om-

159 5335 355 5391 πᾶσαι
377 5329 541 5400 φυλαὶ
565 5326 806 5396 γλῶσσαι
842 5327 937 5397 (6).

850 5327 937 5397 [6).
1849 5333 1946 5373 nes
1971 5317 2147 5370 tribus
2166 5324 2219 5370 et
2248 5315 2463 5384 lingua).

1134 5437 1435 5499 Addenda
1469 5446 1528 5498 et
1558 5435 1933 5514 corrigenda
1958 5451 2037 5494 ex
2093 5433 2231 5494 cod.
2266 5429 2466 5490 Vatie.

245 5564 684 5635 (1)Λαλήσουσι.
781 5633 805 5635 μ
1079 5629 1108 5635 _
1201 5632 1210 5635 _
1597 5633 1647 5635 __

1079 5629 1108 5635 _
1201 5632 1210 5635 _
1597 5633 1607 5635 _
1641 5633 1647 5635 _
2033 5555 2598 5635 {I__6~;oug_a~bté'u~v.net'c:

248 5623 329 5707 (2')
353 5623 550 5688 Αὑτοῦ.
574 5635 664 5688 sed
687 5633 871 5688 melius
905 5648 1026 5704 μου.
1069 5629 1242 5690 Paulo
1276 5646 1388 5703 post
1439 5633 1742 5706 προφθάσει

1089 5630 1242 5690 Paulo
1276 5646 1388 5703 post
1439 5633 1742 5706 προφθάσει
2028 5629 2313 5707 Eueni};
2334 5625 2427 5704 τοῦ
2458 5623 2702 5707 ιμείδους.

249 5682 327 5707 ⁸-⁷
353 5682 550 5688 ’⁷⁷⁷⁷⁷⁷
576 5682 661 5688 ⁷⁷⁷⁷
691 5682 870 5688 “’⁷’“““”
917 5682 1024 5685 ""'
1069 5682 1092 5686 “
1122 5682 1236 5690 """
1317 5682 1388 5689 "'
1446 5682 1541 5688 ""
1601 5682 1740 5687 ------
1929 5682 1938 5695 ι
1986 5682 1995 5692 ι
2272 5682 2309 5696 ,-
2477 5682 2485 5692 ,
2668 5682 2679 5685 _

166 5724 316 5781 211;-
373 5778 380 5781 _
445 5775 455 5781 _
611 5773 666 5781 ,,
905 5682 917 5704 ⁸
1276 5682 1300 5703 Γ
1487 5682 1498 5706 ⁸
1555 5682 1578 5704 τ
1919 5699 1995 5769 (6)
2028 5698 2148 5752 Ὅτι
2193 5695 2362 5768 Ἰησοῦ
2417 5695 2492 5764 τῷ
2538 5694 2815 5764 Θεῷ....
2852 5692 2907 5742 αἱ
2941 5682 3418 5757 amnemam-

248 5746 325 5848 15)
357 5775 585 5848 Δαίμοσι
611 5773 774 5842 λέγει.
1859 5746 1963 5824 σαὶιῖ
