4056 6318
65 355 189 411 885
1003 354 1091 407 DE
1134 352 1407 408 TITULIS
1439 352 1882 410 PSALMORL‘M.
1920 383 1988 394 —-
2027 352 2218 406 PSAL.
2263 352 2396 406 LIX.
3237 348 3337 401 886

145 470 208 522 2.
257 468 572 539 Ὠργίσθης,
606 468 696 520 καὶ
729 466 1068 538 ᾡκτείρησας
1097 468 1262 536 ἡμᾶς.
1711 481 1747 526 Α

1711 481 1755 526 Α
1851 469 1903 521 2.
1933 465 2106 520 lratus
2131 483 2211 531 es,
2241 477 2294 520 et
2328 467 2584 521 misertus
2608 480 2668 520 es
2702 464 2878 518 nobis.

140 561 202 612 5.
244 559 575 620 Συνέσεισας
603 558 700 627 τὴν
741 557 862 626 γῆν,
894 557 984 608 καὶ
1015 555 1374 626 συνετάραξας
1416 557 1606 626 αὑτήν·

1596 574 1606 588 ’
1851 561 1904 613 5.
1942 557 2299 614 Commovisti
2330 569 2549 622 terram,
2586 567 2639 612 ct
2669 554 3007 611 conturbasti
3038 569 3154 607 eum
3185 592 3198 605 .

147 650 209 703 4.
253 651 443 702 Ἰασαι
467 650 533 702 τά
560 648 937 717 συντρίμματα
972 647 1161 715 αὐτῆς,
1188 649 1270 700 ὃτι
1301 647 1582 718 ἐσαλεύθη.

1850 651 1902 704 4.
1937 650 2078 704 Sana
2107 651 2458 704 contritiones
2497 651 2636 720 ejus,
2669 649 2794 719 quia
2829 656 3099 702 commota
3132 653 3233 699 est.

147 743 211 797 5.
254 743 507 808 Ἔδειξας
523 741 600 811 τῷ
631 739 743 809 λαῷ
779 756 871 792 σου
895 739 1124 810 σκληρά.

1849 745 1902 798 5.
1939 743 2234 798 Ostendisti
2267 743 2464 812 pepulo
2495 753 2589 797 tuo
2622 743 2793 798 dura:

145 834 208 888 6.
259 835 553 895 Ἐπότισας
579 833 724 902 ἡμᾶς
757 826 898 884 οἶνον
920 830 1283 893 κατανύξεως.

1856 833 1908 890 6.
1937 834 2142 890 Potasti
2177 851 2278 889 nos
2309 836 2438 889 vino
2466 836 2919 905 eompunctionis.

155 926 214 980 7.
258 925 513 988 Ἐδωκας
538 927 648 986 τοῖς
683 923 1034 992 φοϐουμένοις
1063 939 1120 974 σε
1153 922 1471 993 σημείωσιν,
1491 926 1564 995 (a)
1583 925 1676 976 τοῦ

1852 927 1905 983 7.
1938 927 2138 982 Dedisti
2174 928 2539 982 metuentibus
2573 937 2623 982 te
2655 928 3103 996 signiﬁcationem
3125 971 3140 996 ,
3168 940 3224 984 ut
3257 930 3341 985 lu-

67 1022 297 1087 φυγεῖν
335 1019 442 1072 ἀπὺ
470 1016 758 1088 προσώπου
785 1015 956 1080 τόξον.

749 1033 758 1067 ι
785 1015 956 1080 τόξον.
1781 1018 1928 1089 giant
1959 1034 1990 1072 a
2021 1017 2154 1073 facie
2176 1033 2351 1074 arcus.

150 1111 214 1165 8.
257 1112 453 1174 ’Ὅπως
471 1109 536 1162 ἂν
564 1107 829 1179 ρυσθῶσιν
859 1108 904 1158 οξ
933 1108 1201 1178 ἀγαπητοί
1223 1125 1336 1162 σου.

1087 1109 1201 1178 ητοὶ
1223 1125 1336 1162 σου.
1851 1109 1902 1162 8.
1946 1107 2012 1164 Ut
2033 1109 2328 1166 liberentur
2355 1111 2536 1167 dilecti
2572 1113 2646 1166 tui
2677 1131 2689 1166 :

149 1202 214 1256 9.
245 1203 436 1255 Σῶσον
463 1206 526 1272 τῇ
558 1201 707 1270 δεξιᾴ
737 1216 852 1261 σου,
892 1201 987 1252 καὶ
1012 1199 1312 1253 ἐπάκουσόν
1344 1219 1465 1271 μου.

1851 1203 1904 1256 9.
1938 1201 2158 1256 Salvum
2186 1203 2273 1258 fac
2301 1204 2521 1260 dextera
2557 1217 2668 1272 tua,
2699 1217 2753 1263 et
2778 1210 2972 1264 exaudi
3005 1225 3113 1264 me.

151 1294 256 1348 10.
308 1295 367 1347 Ὀ
391 1293 519 1356 Θεὸς
545 1292 800 1364 ἐλάλησεν
821 1294 877 1345 ἐν
907 1291 984 1360 τῷ
1016 1292 1154 1360 άγίῳ
1183 1292 1368 1344 αύτούο

1325 1292 1368 1344 5ο
1855 1294 1938 1348 10.
1967 1293 2107 1349 Deus
2132 1295 2345 1351 locutus
2369 1306 2454 1352 est
2485 1298 2537 1350 in
2569 1309 2756 1353 saneto
2786 1315 2887 1354 suo
2913 1319 2927 1354 :

155 1385 259 1438 11.
303 1385 741 1454 Ἀγαλλιάσομαι,
771 1386 864 1438 καὶ
895 1385 1158 1455 διαμεριῶ
1181 1386 1398 1454 Σίκιμα·

1350 1402 1398 1436 α·
1850 1385 1934 1438 11.
1966 1384 2236 1454 ιωιοῦοτ,
2260 1395 2312 1440 et
2343 1389 2585 1458 partibor
2615 1389 2910 1445 Sieltimam
2940 1412 2952 1445 :

156 1480 260 1533 12.
306 1480 416 1530 Καὶ
443 1477 538 1548 τὴν
571 1477 790 1530 κοιλάδα
821 1477 928 1529 τῶν
959 1476 1175 1547 σκηνῶν
1208 1476 1571 1546 διαμετρήσει).

1559 1514 1571 1526 .
1855 1478 1941 1532 12,
1975 1476 2042 1531 Ει
2074 1479 2373 1534 convallem
2405 1483 2878 1537 tabernaculorum
2911 1485 3161 1540 metibor.

159 1572 261 1626 15.
303 1571 462 1641 Ἐμός
489 1571 604 1622 ἐστι
633 1568 864 1631 Γαλαὰδ,
901 1569 994 1622 καὶ
1022 1569 1151 1640 ἐμός
1178 1571 1290 1621 ἐστι
1328 1567 1642 1637 Μανασσῆς

1595 1581 1642 1630 ς’
1860 1570 1945 1624 15.
1975 1569 2126 1626 Meus
2150 1581 2229 1627 est
2263 1571 2484 1640 Galaad,
2513 1583 2565 1628 et
2598 1590 2751 1630 meus
2783 1585 2864 1630 est
2890 1574 3197 1632 Manasses:

160 1750 253 1820 (α)
287 1748 451 1804 Vers.
478 1749 534 1812 8,
567 1746 741 1801 Τοῦ...
769 1749 833 1800 Υ.
870 1745 922 1810 9,
957 1745 1163 1808 Ὅπως.

1226 1920 1604 1978 ATHANASII
1654 1920 2231 1978 INTERPRETATIO.

87 2145 205 2194 γει,
238 2128 332 2181 ὅτι
359 2130 450 2182 ἐπὶ
479 2128 620 2183 τέλει
662 2129 710 2180 οἱ
753 2126 1143 2199 άλλοιούμενοι,
1177 2126 1459 2179 τουτέστιν
1498 2125 1546 2178 οἱ
1585 2125 2040 2196 μεταϐαλλόμενοι
2067 2125 2175 2180 ἀπὸ
2209 2122 2301 2176 τοῦ
2341 2123 2510 2177 κακοῦ
2568 2125 2646 2188 εἰς
2675 2122 2736 2176 τὸ
2768 2123 2990 2192 ἀγαθὸν,
3039 2125 3116 2188 εἰς
3156 2124 3343 2200 στηλο-

89 2222 352 2290 γραφίαν
375 2221 642 2292 ἔρχονται,
665 2220 806 2288 λέγω
833 2220 897 2291 δὴ
919 2222 997 2284 εἰς
1024 2219 1120 2289 τὴν
1146 2220 1396 2288 ἐνάρετον
1416 2218 1709 2271 πολιτείαν·
1741 2215 1877 2271 εἶταο
1916 2217 2000 2283 Τῷ
2052 2216 2232 2274 Δαδὶδ
2257 2220 2344 2282 εις
2389 2216 2664 2285 διδαχὴν,
2718 2216 2860 2286 φημὶ
2893 2217 2984 2270 καὶ
3018 2219 3098 2280 είς
3125 2216 3343 2285 διδαχὴν

89 2313 205 2366 τοῦ
232 2313 449 2365 ἱκανοῦ
476 2311 550 2381 τῇ
580 2313 900 2384 χειρὶ,ὃπερ
931 2315 1010 2376 εις
1025 2314 1113 2366 τὸν
1133 2312 1336 2382 Κύριον
1367 2311 1696 2382 ἀναφέρεται
1731 2327 1744 2344 ο
1773 2312 1868 2362 καὶ
1896 2311 2077 2364 λοιπὸν
2125 2312 2441 2379 ἐνεπύρισε
2468 2309 2564 2381 τὴν
2594 2309 2821 2381 ἔπαρσιν
2847 2307 2939 2362 τοῦ
2969 2310 3342 2380 μετεωρισμού

92 2402 314 2455 ὡσανεὶ
340 2401 438 2472 τὴν
472 2403 764 2474 ἁμαρτίαν,
790 2406 882 2457 καὶ
907 2405 998 2457 τὸν
1047 2405 1420 2476 μετεωρισμὸν
1453 2404 1551 2474 τῆς
1581 2403 1856 2476 ἁμαρτίας
1907 2403 2003 2456 καλ⁸
2048 2402 2426 2469 παλαιώσεως,
2459 2403 2703 2457 τουτέστι
2735 2403 2826 2457 τὸν
2847 2403 3094 2458 Θάνατον·
3120 2402 3346 2456 δώδεκα

93 2493 214 2565 γάρ
245 2495 514 2563 χιλιάδες
543 2495 826 2570 [χιλιάδας]
848 2493 967 2550 εἷπε
996 2496 1085 2551 διὰ
1117 2497 1180 2550 τὸ
1209 2499 1315 2552 πᾶν
1343 2497 1443 2568 τῆς
1470 2498 1743 2570 ἁμαρτίας
1777 2497 1869 2551 τοῦ
1903 2497 2154 2552 θανάτου.

96 2629 366 2686 feruntur
395 2647 425 2685 a
457 2631 602 2685 malo
634 2631 688 2685 in
723 2631 947 2698 bonum,
978 2631 1204 2684 veniunt
1235 2631 1291 2684 in
1326 2629 1465 2684 tituli
1503 2629 1933 2699 inscriptionem,
1963 2631 2088 2686 dico
2115 2637 2294 2686 autem
2328 2629 2394 2686 ad
2420 2631 2616 2684 bonam
2642 2628 2765 2684 vita
2794 2629 3212 2685 institutionem.
3239 2629 3342 2685 De-

97 2728 234 2781 inde
260 2746 276 2782 :
319 2727 484 2781 David
512 2729 566 2780 in
595 2727 910 2788 doctrinam,
937 2735 990 2780 et
1016 2726 1070 2779 in
1098 2724 1422 2790 doctrinam,
1457 2724 1700 2795 inquam,
1729 2741 1889 2778 manu
1913 2725 2068 2794 fortis
2086 2741 2104 2788 ;
2130 2724 2275 2794 quod
2308 2724 2373 2779 ad
2401 2723 2691 2778 Dominum
2721 2723 2971 2780 refertur.
3000 2723 3068 2780 Et
3087 2726 3301 2782 demum
3328 2748 3340 2781 :

99 2817 395 2873 Succendit
421 2817 774 2873 elevationem
796 2819 1178 2885 sublimitatis;
1209 2834 1400 2890 nempe
1422 2830 1724 2890 peccatum,
1756 2827 1811 2876 et
1843 2820 2230 2874 sublimitatem
2266 2818 2475 2890 peccati
2503 2827 2557 2872 et
2588 2818 2874 2874 vetustatis
2906 2839 2920 2875 :
2947 2819 3050 2874 hoc
3084 2832 3168 2878 est
3196 2840 3341 2880 mor-

100 2922 214 2968 tem
254 2933 270 2968 :
301 2912 595 2966 Duodecim
621 2914 758 2968 enim
783 2914 955 2967 millia
983 2913 1139 2978 dixit,
1171 2923 1392 2984 propter
1417 2929 1579 2970 omne
1604 2931 1776 2986 genus
1806 2918 2014 2988 peccati
2041 2916 2310 2972 mortalis.

174 3114 232 3169 2.
259 3115 374 3168 Ούκ
397 3117 476 3178 εἰς
499 3114 652 3178 τέλος
673 3113 1047 3188 ἀπεστράφης,
1070 3113 1190 3167 οὐδὲ
1217 3113 1481 3169 ἐπελάθου
1502 3116 1535 3186 ἡ
1545 3116 1680 3187 μῶν.
1712 3124 1754 3179 Β

1737 3126 1754 3179 ι
1851 3118 1905 3171 2.
1938 3117 2055 3174 Non
2096 3119 2147 3172 in
2185 3119 2343 3174 ﬁnem
2392 3128 2670 3175 aversatus
2699 3135 2778 3187 es,
2805 3136 2983 3190 neque
3026 3120 3230 3176 oblitus
3280 3138 3339 3176 es

1780 3212 1973 3266 nostri.

175 3293 232 3346 3.
265 3294 330 3346 Οἱ
359 3292 419 3358 ἐξ
439 3293 608 3346 ἐθνῶν
632 3293 706 3363 (1)
731 3292 1058 3357 ἀκούσαντες
1077 3293 1162 3346 διὰ
1184 3295 1277 3347 τού
1307 3293 1677 3366 κηρύγματος,

1849 3306 1900 3360 5.
1935 3305 2039 3372 Qui
2076 3321 2142 3360 ex
2181 3305 2430 3375 gentibus
2469 3315 2597 3362 sunt
2637 3305 2920 3360 audientes
2952 3320 3046 3374 per
3084 3304 3341 3373 praedica-

104 3384 187 3437 ὅτι
222 3386 458 3455 ἕστησας
486 3386 716 3455 ἡμέραν,
734 3385 792 3437 ἐν
880 3385 1090 3454 μέλλεις
1111 3388 1286 3456 κρῖναι
1314 3387 1410 3456 τὴν
1431 3389 1681 3458 οἰκουμέ-

1782 3400 2002 3464 tionem,
2029 3399 2174 3470 quod
2219 3400 2454 3456 statuisti
2493 3399 2659 3465 diem,
2689 3399 2743 3451 in
2773 3411 2882 3468 quo
2909 3397 3252 3467 judicaturus
3282 3413 3341 3452 es

103 3492 204 3546 νην
236 3477 299 3528 ἐν
320 3475 654 3548 δικαιοσύνῃ.

1779 3494 1965 3547 orbem
1997 3495 2048 3546 in
2075 3497 2307 3564 justitia.

173 3569 230 3623 4.
269 3570 445 3622 Ἱασαι
473 3571 540 3623 τὰ
567 3568 946 3640 συντρίμματα
968 3569 1153 3641 αὐτῆς,
1172 3571 1252 3623 ὅτι
1278 3571 1553 3642 ὑπήκουσέ
1573 3587 1678 3627 σοι.

1844 3585 1897 3638 4.
1939 3583 2079 3639 Sana
2109 3587 2459 3641 contritiones
2485 3587 2624 3655 ejus,
2652 3587 2910 3657 quoniam
2938 3583 3180 3641 obedivit
3219 3585 3336 3638 tibi.

175 3661 229 3715 5.
268 3663 450 3716 Πάντα
473 3662 542 3715 τὰ
569 3664 962 3734 προστάγματα
988 3681 1101 3720 σου.

953 3681 1101 3720 ισου,
1851 3678 1904 3731 5.
1937 3676 2132 3732 Omnia
2159 3679 2411 3732 mandata
2447 3687 2555 3732 tua.

177 3751 230 3806 6.
265 3753 376 3824 Τὴν
401 3754 556 3824 χάριν
580 3769 671 3804 σου
695 3756 772 3817 εἰς
801 3754 1130 3823 ἐπιστροφήν

1850 3770 1901 3824 6.
1935 3769 2118 3824 Gratia
2146 3781 2237 3824 tua
2268 3772 2333 3824 ad
2369 3775 2800 3830 conversionem.

178 3841 230 3895 7.
269 3844 394 3905 Τοῖς
425 3845 500 3913 (2)
533 3845 741 3906 πιστοῖς
787 3842 1006 3911 γνῶσιν,
1053 3841 1146 3895 τοῦ
1199 3846 1388 3913 φυγεῖν
1436 3844 1543 3898 άπὸ
1583 3849 1680 3916 τῆς

111 3933 406 3984 ἁμαρτίας.

1855 3861 1904 3916 7.
1931 3860 2207 3917 Fidelibus
2241 3863 2644 3930 cognitionem,
2683 3873 2737 3918 ut
2781 3865 2992 3932 fugiant
3029 3881 3058 3919 a
3101 3877 3339 3935 peccato.

150 3950 406 4003 μαρτιας.

175 4025 231 4079 8.
280 4025 400 4077 Ἀπ’
427 4025 595 4096 αὐτῆς
618 4026 694 4097 (5)
724 4027 822 4096 τῆς
857 4027 1148 4097 ἁμαρτίας.

857 4027 1148 4097 ἁμαρτίας.
1851 4036 1901 4090 8.
1941 4037 2023 4091 Ab
2052 4037 2168 4108 ipso
2197 4048 2433 4107 peccato.

176 4118 228 4172 9.
285 4118 613 4171 Ἐπάκουσόν
652 4137 773 4188 μου,
806 4121 900 4172 καὶ
935 4120 1104 4172 σῷσον
1130 4122 1186 4172 ἐν
1218 4120 1294 4190 τῷ
1326 4120 1439 4192 Υἱῷ
1467 4138 1579 4174 σου.

1326 4120 1439 4192 Υἱῷ
1467 4138 1579 4174 σου.
1846 4127 1899 4181 9.
1936 4127 2144 4181 Exaudi
2173 4144 2277 4194 me,
2307 4137 2360 4182 et
2383 4129 2530 4184 salva
2558 4131 2610 4184 in
2645 4131 2780 4186 Filio
2809 4141 2899 4188 tuo

174 4208 267 4263 10.
310 4208 366 4263 '0
395 4210 584 4280 Πατὴρ
616 4209 769 4280 ἐντῷ
813 4209 945 4281 Υἱῷ.

813 4209 945 4281 Υἱῷ.
1854 4220 1940 4274 10.
1974 4218 2132 4274 Pater
2159 4220 2211 4273 in
2240 4220 2397 4275 Filio.

181 4301 273 4354 11.
317 4301 528 4370 Σίκιμα
556 4301 914 4373 ἑρμηνεύεται
968 4303 1396 4357 ἀναϐαίνουσα.
1444 4303 1552 4374 Τὴν
1589 4299 1682 4357 οὖν

1851 4311 1937 4364 11.
1967 4309 2197 4364 Sic/rima
2225 4312 2603 4381 interpretatur
2626 4312 2926 4364 ascendens.
2954 4313 3341 4370 Ascendentem

110 4390 498 4446 ἀναϐαίνουσαι)
530 4393 706 4464 ψυχὴν
749 4393 881 4463 πρὸς
904 4394 991 4464 μὲ,
1041 4394 1073 4464 ἢ
1108 4391 1274 4463 αὐτὴν
1317 4392 1391 4462 (4)
1420 4391 1516 4464 τὴν
1563 4394 1682 4446 Ἐκ-

1742 4469 1747 4477 _
1783 4401 1946 4473 igitur
1996 4403 2233 4456 animam
2269 4402 2336 4456 ad
2362 4418 2476 4466 me,
2509 4419 2605 4458 seu
2650 4405 2822 4472 ipsam
2862 4403 3157 4459 Ecclesium
3191 4423 3344 4477 sepa-

113 4484 340 4555 κλησίαν
367 4487 692 4556 ἀποχωρίσω
722 4486 829 4538 άπὸ
856 4486 946 4538 τοῦ
971 4487 1172 4556 κόσμου
1202 4484 1440 4555 ἐμαυτῷ.
1707 4477 1715 4519 ⁴

777 4486 829 4538 τὸ
856 4486 946 4538 τοῦ
971 4487 1172 4556 κόσμου
1202 4484 1440 4555 ἐμαυτῷ.
1707 4467 1748 4525 C
1784 4467 1914 4548 rabo
1943 4494 2073 4548 mihi
2099 4510 2128 4547 a
2157 4494 2379 4551 mundo.

181 4578 269 4632 12.
302 4579 410 4631 Καὶ
434 4579 492 4630 ἐν
522 4580 588 4648 τῇ
625 4576 766 4648 ψυχῇ
795 4577 903 4630 τῶν
935 4578 1008 4649 (5)
1047 4577 1314 4631 ταπεινῶν
1367 4579 1675 4648 ἐμπεριπα-

1443 4593 1675 4648 περιπα-
1857 4587 1943 4644 12.
1977 4585 2045 4640 Et
2069 4587 2121 4640 in
2153 4587 2334 4641 anima
2367 4585 2650 4641 humilium
2676 4585 3042 4643 inambulabo.

111 4669 280 4739 τὴσω.

180 4764 274 4818 15.
314 4763 560 4818 Γαλαὰδ
618 4764 975 4834 ἑρμηνεύεται
1032 4763 1300 4816 κατοικία
1343 4765 1673 4833 μαρτυρίου

1854 4763 1941 4816 15.
1992 4761 2198 4815 Galaad
2246 4762 2628 4831 interpretatur
2672 4762 2989 4816 in/mbitalio
3036 4768 3337 4821 testimonii.

116 4853 207 4923 (6).
264 4856 602 4925 Μανασσῆς
682 4857 1040 4928 ἑρμηνεύεται
1109 4857 1671 4925 ἐπιλανθανόμενος.

1783 4857 2054 4911 Μιιηοεδεε
2089 4858 2471 4925 interpretatur
2493 4855 2704 4909 oblitus.
2734 4855 2845 4911 lloc
2870 4859 3032 4927 igitur
3056 4861 3342 4929 signilieat,

115 4943 281 4998 Τοῦτο
337 4942 428 5000 οὖν
471 4947 638 5015 λέγει’
687 4948 857 5016 Ἐμός
889 4947 1020 4999 ἐστι
1068 4946 1331 5010 Γαλαὰδ,
1358 4947 1385 4997 ὁ
1419 4947 1526 4998 άπὸ
1577 4947 1674 5015 τῆς

1784 4950 1931 5004 Metui
1955 4960 2030 5004 est
2061 4949 2268 5003 Culaad
2293 4966 2312 5002 :
2337 4949 2428 5018 qui
2462 4965 2491 5002 a
2521 4959 2739 5017 peccato
2783 4953 3248 5020 transmigraverit
3277 4958 3342 5008 ad

116 5038 382 5112 ἁμαρτίας
415 5041 660 5112 μέτοικος
689 5041 968 5110 γινόμενος
1018 5038 1153 5109 πρὸς
1188 5038 1286 5108 ἐμὲ
1315 5039 1372 5088 ἐν
1404 5039 1676 5108 μαρτυρία

1782 5061 1866 5097 ine
1893 5044 1943 5094 in
1973 5042 2282 5094 testimonio
2311 5057 2322 5091 :
2347 5050 2418 5105 et,
2453 5057 2592 5094 meus
2615 5050 2689 5094 est
2720 5040 3009 5105 .‘llanasser,
3035 5043 3128 5112 qui
3146 5044 3341 5101 oblitus

115 5131 204 5202 (Ἱ)’
233 5135 331 5189 καὶ
358 5135 499 5204 ἐμός
543 5135 673 5188 ἐστι
721 5132 1078 5200 Μανασσῆς,
1122 5134 1149 5185 ό
1193 5129 1675 5199 ἐπιλανθανόμενος

1508 5131 1675 5199 ὶμενος
1779 5143 1864 5189 est
1896 5135 2242 5204 pristinarum
2269 5148 2488 5186 suarum
2516 5133 2779 5187 malarum
2815 5134 3110 5190 actionum.

115 5223 214 5278 τῶν
245 5226 528 5298 προτέρων
557 5225 717 5281 αὑτοῦ
744 5225 990 5296 πονηρῶν
1023 5223 1288 5296 πράξεων.

1051 5372 1356 5433 Addenda
1397 5379 1453 5429 (ιι
1488 5371 1867 5447 corrigenda
1903 5387 1979 5430 ex
2011 5369 2150 5430 cod.
2194 5369 2392 5430 Valic.

284 5555 434 5638 9!}.5
457 5558 636 5638 ἐθνῶν
650 5557 852 5610 desunt.

1850 5555 1925 5638 (fr?
1957 5555 2097 5638 119?;
2135 5553 2346 5638 μὲνβίτγ
2377 5554 2566 5634 αδῖήνν
2593 5564 2696 5638 sw-

181 5626 250 5694 (ἓ)
287 5628 530 5691 Ἐδωκας
553 5632 683 5694 τοῖς,
712 5637 814 5683 etc.
1853 5626 1927 5692 (5)
1963 5623 2068 5677 και
2097 5623 2192 5692 τὴν
2217 5625 2389 5693 ψυχὴν
2418 5623 2548 5685 τῶν,
2577 5633 2680 5678 etc.

184 5696 253 5773 (ᾖ)
308 5698 409 5751 Τοῦ
457 5700 651 5768 φυγεῖν
699 5699 804 5751 ἀπὸ
854 5701 950 5767 τῆς
1008 5699 1296 5773 ἁμαρτίας.
1332 5697 1393 5752 Ν.
1439 5702 1490 5752 9.
1545 5699 1666 5751 Ἀπὸ
1846 5696 2212 5773 ﬂuentia
2238 5696 2558 5773 μαρτυρίας.

118 5764 283 5836 αὐτῆς,
470 5764 481 5768 ⁷
548 5764 555 5767 ⁷
912 5764 942 5767 ”⁷
1050 5764 1058 5767 ’
1129 5764 1138 5773 “
1848 5767 2041 5837 (UBE;
2078 5766 2394 5840 μαρτυρίαν.
