4084 6322
165 341 267 400 889
1038 347 1126 402 DE
1167 347 1444 405 'IlTL‘LlS
1482 351 1925 409 PSALMORUM.
1966 386 2034 395 —
2069 355 2263 410 PSAL.
2303 357 2413 414 LX.
3287 357 3391 413 890

231 461 288 517 2.
322 463 561 536 Πρόσχες
586 467 651 536 τῇ
689 469 960 537 προσευχῇ
993 485 1115 538 μου.
1751 477 1796 534 Α

1041 485 1115 520 ου.
1751 477 1796 534 Α
1893 475 1945 528 2.
1979 475 2197 530 Intende
2225 476 2460 530 orationi
2487 490 2654 532 mea:

228 555 281 610 ὅ.
328 555 461 608 Ἀπὸ
491 555 597 609 τῶν
631 557 884 627 κεράτιον
904 559 1005 629 τῆς
1033 560 1136 630 γῆς
1167 559 1302 631 πρὸς
1342 562 1403 614 σὲ
1429 563 1718 636 ἐκέκραξα,

1899 569 1951 621 5.
1988 569 2030 620 Α
2059 568 2256 624 ﬁnibus
2286 578 2444 624 terrae
2470 568 2536 622 ad
2567 577 2618 624 te
2647 567 2897 634 clamavi,
2925 567 3053 623 dum
3078 568 3391 622 anxi-aretur

162 642 222 698 ἐν
257 645 333 715 τῷ
356 646 430 716 (a)
465 647 752 718 ἀκηδιάσαι
779 648 875 718 τὴν
903 649 1128 720 καρδίαν
1165 665 1295 720 pou-

562 647 752 718 (διάσαι
779 648 875 718 τὴν
903 649 1128 720 καρδίαν
1165 665 1295 720 μου·
1829 676 1923 714 cor
1957 677 2134 715 meum
2163 679 2175 716 :

234 737 286 790 4.
327 738 415 798 Ἐν
445 740 620 812 πέτρᾳ
651 738 872 810 ῦῲωσάς
905 759 993 812 με.

1897 754 1948 809 4.
1981 752 2038 808 In
2069 765 2214 824 petra
2249 757 2499 812 exaltaSti
2534 773 2637 812 me.

232 829 284 882 5.
330 830 628 903 Ὠδήγησάς
660 849 748 901 με,
772 834 852 885 ὃτι
886 834 1148 906 ὲγενήθης
1175 838 1330 901 ἐλπίς
1367 853 1497 907 μου,

1903 849 1953 902 5.
1981 845 2261 903 Deduxisti
2295 863 2400 915 me,
2438 850 2563 919 quia
2597 848 2773 904 factus
2797 863 2857 904 es
2883 863 3006 918 spes
3038 862 3178 910 mea,

233 921 285 975 6.
317 923 530 995 Πύργος
563 925 744 995 ἰσχύος
781 926 888 978 ἀπὸ
915 926 1204 998 προσώπου
1236 930 1448 1002 ἐχθροῦ.

1420 930 1448 982 i-
1902 939 1956 992 6.
1991 937 2179 994 Turris
2207 937 2539 994 fortitudinis
2571 956 2599 994 a
2632 939 2772 994 facie
2804 938 3033 993 inimici.

722 1019 1035 1090 Διάψαλμα
1061 1023 1158 1092 (b).

1152 1063 1158 1076 .
2429 1029 2765 1098 Diapsalma.

232 1106 287 1159 7.
309 1107 630 1179 Παροικήσω
644 1108 702 1162 ὲν
717 1109 794 1179 τῷ
817 1111 1130 1182 σκηνώματί
1149 1129 1241 1166 σου
1262 1116 1341 1177 είς
1355 1116 1479 1177 τοὺς
1501 1112 1721 1176 αἰῶνας.

1626 1131 1721 1176 ἀς-
1905 1119 1956 1174 7.
1989 1120 2306 1174 lnhabitabo
2331 1121 2383 1174 in
2410 1120 2764 1176 tabernaculo
2802 1129 2896 1174 tuo
2924 1118 2979 1173 in
3009 1120 3202 1174 saecula
3227 1137 3239 1150 ·

230 1199 286 1254 8.
321 1201 775 1272 Σκεπασθήσομαι
803 1204 860 1254 ἐν
885 1207 949 1275 τῇ
978 1206 1150 1278 σκέπῃ
1172 1205 1279 1260 τῶν
1306 1207 1588 1278 πτερύγων
1610 1224 1722 1259 σου.

1539 1224 1588 1260 ον
1610 1224 1722 1259 σου·
1899 1213 1952 1268 8.
1985 1210 2240 1282 Protegar
2269 1213 2322 1266 in
2349 1213 2650 1267 velamento
2685 1213 2890 1268 alarum
2915 1221 3152 1267 tuarum.

231 1293 287 1348 9.
323 1293 445 1345 Ὅτι
480 1294 565 1355 σὺ,
593 1295 622 1346 ὁ
658 1293 814 1360 Θεὸς,
846 1298 1167 1365 εἰσήκουσας
1199 1297 1304 1349 τῶν
1335 1297 1508 1367 εὐχῶν
1539 1315 1637 1368 μου
1659 1314 1672 1326 ·

1906 1306 1957 1358 9.
1981 1304 2248 1369 Quoniam
2280 1313 2358 1369 tu,
2383 1303 2545 1371 Deus,
2563 1306 2830 1361 exaudisti
2857 1306 3157 1359 orationem
3183 1320 3389 1358 meam:

232 1385 320 1438 10.
356 1384 599 1448 Ἔδωκας
627 1385 986 1458 κληρονομίαν
1014 1391 1124 1451 τοῖς
1157 1389 1504 1460 φοϐουμένοις
1534 1390 1593 1442 τὸ
1613 1389 1727 1442 δνο-

207 1476 242 1530 ά
279 1493 396 1530 σου.

1900 1399 1986 1453 10.
2018 1397 2219 1451 Dedisti
2251 1395 2617 1452 [nereditatem
2642 1397 2960 1453 timentibus
2988 1412 3183 1452 nomen
3220 1406 3392 1450 tuum.

158 1493 242 1547 μα
279 1493 396 1533 σου.

232 1569 320 1622 11.
351 1570 592 1642 Ἡμέρας
625 1571 710 1642 ἐφ’
740 1572 950 1643 ἡμέρας
977 1573 1068 1627 τοῦ
1098 1573 1358 1642 βασιλέως
1383 1571 1728 1642 προσθήσεις,

1308 1591 1358 1636 ος
1383 1571 1728 1642 προσθήσεις.
1907 1579 1991 1633 11.
2030 1578 2149 1634 Dies
2174 1594 2334 1648 super
2359 1577 2477 1633 dies
2501 1579 2645 1651 regis
2675 1579 2921 1649 adjicies,

232 1661 322 1716 12.
364 1661 445 1716 Τὰ
483 1663 580 1735 ἐτη
613 1665 776 1718 αὐτοῦ
807 1666 911 1730 ἕως
938 1666 1154 1738 ἡμέρας
1181 1669 1373 1734 γενεᾶς
1393 1667 1488 1720 καὶ
1515 1667 1724 1734 γενεᾶς.

1904 1671 1990 1726 12.
2025 1673 2208 1725 Annos
2251 1672 2370 1741 ejus
2417 1687 2591 1742 usque
2639 1671 2695 1726 in
2737 1672 2880 1726 diem
2929 1669 3295 1741 generationis
3345 1677 3397 1724 et

1836 1764 2220 1834 generationis.

229 1840 321 1894 15.
351 1841 604 1912 Διαμενεϊ
633 1843 713 1904 είς
743 1843 834 1895 τὸν
868 1842 1038 1896 αἰῶνα
1065 1843 1290 1896 ἐνώπιον
1316 1842 1408 1895 τοῦ
1434 1842 1588 1896 Θεοῦ.
1764 1839 1806 1899 Β

1764 1839 1806 1899 Β
1912 1858 1994 1910 15.
2032 1855 2382 1911 Permanehit
2413 1857 2465 1910 in
2502 1866 2767 1911 asternum
2802 1856 2856 1910 in
2890 1866 3188 1927 conspectu
3220 1856 3333 1911 Dei.

229 1930 322 1984 14.
355 1932 540 1996 Ἔλεος
575 1934 667 1986 καὶ
695 1933 954 2004 ἀλήθειαν
980 1933 1142 1987 αὑτοῦ
1177 1933 1264 1997 τίς
1297 1932 1622 2005 ὲκζητήσει;

1911 1951 1996 2004 11.
2015 1949 2438 2005 Misericordiam
2465 1949 2815 2004 etveritatem
2842 1948 2961 2019 ejus
2985 1949 3110 2020 quis
3127 1950 3400 2018 requiret?

232 2023 323 2079 15.
352 2023 508 2078 υῦτω
533 2024 688 2096 ψαλῶ
723 2025 800 2097 τῷ
835 2025 1057 2097 ὀνόματί
1115 2042 1206 2078 σου
1250 2027 1329 2089 εἰς
1360 2027 1486 2089 τοὺς
1534 2024 1732 2088 αίῶνας

1909 2041 1995 2096 15.
2034 2041 2124 2095 Sic
2166 2042 2435 2112 psalmum
2486 2042 2663 2098 dicam
2715 2041 2923 2099 nomini
2968 2050 3064 2097 tuo
3107 2042 3164 2097 in
3204 2043 3399 2099 saecula

151 2114 278 2187 [τὸν
304 2115 518 2189 αἰῶναῙ.
1845 2134 2147 2206 [smculum]
2171 2153 2183 2188 :

233 2210 327 2264 16.
372 2208 476 2263 Τοῦ
510 2208 802 2264 ἀποδοῦναί
839 2226 907 2280 με
953 2208 1053 2274 τὰς
1084 2211 1247 2282 εὐχάς
1293 2227 1392 2282 μου
1424 2208 1638 2282 ἡμέραν
1675 2208 1735 2274 ἐξ

149 2302 397 2356 ἡμέρας.

1525 2208 1638 2282 έραν
1675 2208 1735 2274 ἐξ
1910 2231 1998 2285 16.
2027 2229 2097 2285 Ut
2129 2231 2350 2288 reddam
2376 2239 2502 2287 vota
2533 2245 2653 2287 mea
2684 2228 2751 2285 de
2777 2229 2864 2286 die
2889 2230 2944 2286 in
2974 2229 3138 2285 diem.

170 2320 397 2372 ῑμεραςο

228 2415 309 2486 (α)
344 2413 597 2486 Vers._4,
622 2415 711 2468 Ἐν
745 2414 847 2484 τῷ,
875 2424 1004 2486 etc.,
1032 2413 1253 2485 ὖψωσάς
1288 2431 1375 2486 με.

231 2484 310 2555 (ὁ)
344 2486 476 2540 Cod.
507 2482 684 2541 Palat.
727 2482 979 2543 ut‘infra.

1279 2619 1654 2676 ATHANASII
1695 2619 2284 2678 INTERPRETATIO.

151 2764 328 2836 μέχρι
361 2763 544 2826 τέλους
571 2765 651 2827 είς
680 2762 848 2834 ὕμνον
871 2765 1081 2835 εἴρηται
1115 2762 1193 2828 τῷ
1217 2761 1400 2829 ἱκανῷ
1428 2761 1500 2832 τῇ
1522 2762 1694 2833 χειρί,
1720 2763 1968 2819 τουτέστι
2004 2764 2080 2837 τῷ
2105 2763 2222 2836 Υἱῷ
2248 2763 2341 2818 τοῦ
2363 2762 2521 2817 Θεοῦ.
2551 2760 2728 2817 Δαόὶδ
2754 2758 2861 2836 γὰρ
2898 2754 3252 2829 ἑρμηνεύεται
3282 2758 3408 2809 ικα-

146 2861 270 2926 νύς
303 2859 473 2928 χειρὶ,
515 2859 590 2923 ὡς
623 2859 818 2931 εἴρηκα
845 2862 920 2930 (1)
950 2859 1224 2922 πολλάκις.

151 2965 294 3003 num
323 2949 502 3004 dictus
518 2959 600 3004 est
622 2948 873 3006 Psalmus
897 2969 1054 3008 manu
1083 2955 1229 3020 farti,
1253 2954 1356 3009 hoc
1384 2953 1620 3010 estFilio
1655 2953 1767 3008 Dei.
1789 2952 1957 3008 David
1977 2954 2122 3008 enim
2142 2955 2533 3023 interpretatur
2567 2967 2725 3004 manu
2778 2949 2951 3018 fartis,
2981 2957 3039 3001 ut
3060 2946 3254 3017 saepius
3271 2946 3402 3001 dixi.

232 3045 290 3098 2.
329 3044 422 3116 Μὴ
460 3046 814 3117 ἀποστραφῇς
845 3049 941 3118 τὴν
975 3051 1278 3120 προσευχήν
1313 3069 1429 3120 μου.
1763 3053 1807 3112 C

1324 3069 1429 3103 .ι.ου.
1763 3053 1807 3112 C.
1910 3049 1964 3102 2.
1996 3047 2075 3103 Ne
2106 3048 2374 3103 averseris
2404 3047 2707 3102 orationem
2742 3060 2937 3099 meam.

233 3137 290 3189 3.
323 3135 498 3188 ’Ὀλων
521 3137 626 3187 τῶν
657 3137 862 3207 γηίνων
892 3138 998 3190 τῶν
1030 3141 1087 3192 ὲν
1112 3139 1185 3210 τῷ
1219 3140 1408 3211 κόσμῳ
1438 3139 1737 3212 καθαρίσας

1909 3142 1962 3196 5.
1993 3143 2128 3198 Cum
2152 3142 2220 3196 ab
2244 3141 2496 3196 omnibus
2523 3140 2685 3194 rebus
2708 3137 2960 3200 terrenis,
2984 3152 3104 3206 quae
3129 3135 3180 3189 in
3204 3136 3407 3189 mundo

151 3228 266 3297 τὴν
299 3227 538 3281 διάνοιάν
572 3246 672 3299 μου
693 3269 707 3292 ,
737 3229 909 3294 οῦτως
944 3231 1167 3304 ἐδεήθην
1199 3250 1313 3287 σου.

1843 3242 1990 3296 sunt,
2022 3235 2344 3289 mundasscs
2388 3240 2626 3286 mentem
2655 3244 2850 3294 meam,
2892 3228 2965 3281 ita
3013 3235 3063 3280 te
3089 3227 3407 3296 deprecatus

1842 3342 1986 3382 sum.

239 3401 298 3455 4.
344 3402 432 3457 Ἐν
457 3401 534 3473 τῷ
565 3403 822 3469 νυστάξαι
854 3407 934 3467 εἰς
965 3405 1065 3476 τὴν
1091 3406 1364 3476 ἁμαρτίαν
1394 3406 1494 3474 τὴν
1515 3405 1741 3476 καρδίαν

1912 3416 1966 3470 4.
1994 3415 2130 3469 Cum
2162 3413 2482 3469 dormitaret
2522 3411 2576 3465 in
2599 3417 2819 3480 peccato
2850 3423 2945 3464 cor
2966 3423 3146 3463 meum
3183 3407 3238 3463 in
3274 3421 3410 3478 prae-

163 3511 306 3566 μρυ,
339 3493 397 3545 ἐν
419 3495 538 3555 ταῖς
563 3493 801 3556 ἐντολαῖς
832 3510 925 3546 σου
960 3493 1322 3564 ἐθεμελίωσας
1360 3511 1445 3564 με.

960 3493 1322 3564 ἐθεμελίωσάς
1360 3511 1445 3564 με.
1843 3507 2013 3575 ceptis
2042 3505 2150 3558 tuis
2177 3503 2416 3556 fundasti
2449 3519 2552 3556 me.

241 3585 300 3640 5.
343 3585 432 3637 Ἐν
457 3583 532 3654 τῷ
567 3587 704 3654 φωτὶ
735 3586 832 3657 τῆς
858 3585 1075 3657 χάριτός
1107 3602 1198 3638 σου
1231 3585 1516 3656 ὼδήγησὰς
1548 3602 1634 3654 με.
1826 3642 1830 3648 ¹

1382 3585 1516 3654 ησάς
1548 3602 1634 3654 με·
1826 3642 1830 3648 .
1914 3595 1966 3650 5.
1993 3595 2050 3649 ln
2078 3594 2199 3648 luce
2230 3593 2418 3663 gratiae
2452 3603 2556 3647 tuae
2591 3593 2862 3648 deduxisti
2890 3609 2995 3647 me.

244 3677 303 3732 6.
338 3677 526 3747 Τεῖχος
569 3679 783 3752 ἰσχυρόν
819 3696 906 3750 μοι
942 3680 1018 3749 (2)
1054 3679 1318 3749 ὑπάρχεις
1351 3678 1601 3747 φεύγοντι
1639 3677 1744 3731 ἀπὸ

1914 3687 1968 3740 6.
1994 3683 2182 3739 Murus
2212 3683 2545 3739 fortissimus
2575 3684 2710 3738 mihi
2735 3699 2796 3739 es
2818 3682 3043 3754 fugienti
3072 3698 3102 3737 a
3130 3691 3371 3753 peccato.

151 3772 272 3841 τῆς
310 3770 604 3841 ἁμαρτίας.

239 3862 304 3915 7.
342 3862 433 3914 Ἐν
462 3863 574 3923 τοῖς
603 3861 933 3932 δικαιώμασί
955 3880 1048 3916 σου
1075 3862 1317 3933 διαμένω
1342 3860 1417 3931 (5)
1458 3857 1746 3931 [διαμενῶ]

1714 3857 1746 3929 ι]
1921 3865 1972 3919 7.
2004 3866 2060 3918 ln
2082 3864 2569 3935 justiﬁcatiouibus
2591 3863 2702 3918 tuis
2728 3861 3061 3933 permanebo
3092 3874 3327 3929 semper.

153 3952 486 4013 διαπαντός.

239 4045 300 4099 8.
328 4043 744 4114 Φυλαχθήσομαι
776 4041 879 4093 ὑπὸ
925 4040 1033 4093 τῶν
1065 4041 1158 4094 δύο
1190 4039 1474 4110 Διαθηκῶν
1509 4055 1603 4092 σου
1648 4040 1744 4109 (4).

1648 4040 1744 4109 (4)-
1920 4041 1972 4096 8.
2007 4041 2295 4096 Custodiar
2328 4040 2430 4095 sub
2458 4039 2672 4095 duobus
2701 4036 3065 4094 Testamentis
3098 4034 3226 4089 tuis.

240 4137 304 4191 9.
331 4133 630 4207 Πληρώσας
661 4153 727 4206 με
755 4133 846 4187 τοῦ
878 4134 1154 4205 φωτισμοῦ
1189 4152 1302 4190 σου.

1921 4134 1975 4188 9.
2008 4132 2240 4202 Replens
2267 4147 2352 4187 me
2388 4131 2785 4185 illuminatione
2813 4138 2926 4183 tua.

238 4230 338 4285 10.
357 4229 468 4297 Τὴν
496 4226 767 4297 βασιλείαν
792 4227 898 4280 τῶν
917 4226 976 4279 ού
987 4228 1159 4298 ρανῶν
1180 4227 1384 4292 ἔδωκας
1398 4230 1509 4291 τοῖς
1539 4223 1750 4281 ποιοῦσι

1925 4226 2008 4280 lt).
2045 4224 2290 4296 Regnum
2335 4225 2597 4280 calorum
2632 4222 2828 4280 dedisti
2861 4217 3190 4275 facientibus
3227 4216 3417 4271 volun-

153 4323 229 4377 τὺ
268 4321 403 4390 Θέλη
413 4321 488 4390 μά
520 4336 633 4372 σου.

599 4337 633 4372 ›.
1854 4328 2016 4373 tatem
2047 4327 2212 4372 tuam.

245 4413 342 4467 11.
373 4413 483 4466 Καὶ
529 4411 605 4482 τῷ
652 4410 929 4476 ἀξιωθέντι
959 4410 1134 4483 πιστῷ
1167 4428 1260 4466 σου
1292 4411 1405 4482 λαῷ
1453 4413 1509 4464 ὲν
1540 4409 1618 4480 τῷ
1655 4408 1749 4463 νῦν
1781 4397 1826 4452 ι)

1807 4398 1826 4451 )
1927 4411 2013 4464 ll.
2051 4409 2117 4463 Et
2146 4407 2339 4480 populo
2364 4416 2455 4460 tuo
2477 4404 2642 4468 ﬁdeli,
2668 4403 2762 4474 qui
2793 4402 2848 4458 in
2879 4401 2983 4457 hoc
3005 4401 3203 4456 saeculo
3223 4399 3420 4469 dignus

161 4507 343 4564 αἰῶνι
367 4504 464 4558 τοῦ
492 4504 665 4574 φωτὸς
703 4505 800 4575 τῆς
837 4505 1057 4576 χαριτὸς
1093 4521 1185 4558 σου
1235 4504 1561 4575 προσθήσεις
1607 4501 1755 4572 αύτῷ

1859 4505 2034 4559 factus
2058 4513 2141 4558 est
2171 4503 2291 4556 luce
2320 4499 2506 4570 gratia:
2540 4507 2669 4564 tuae,
2702 4494 2924 4564 adjicies
2955 4495 3055 4563 ipsi
3086 4492 3250 4547 etiam
3288 4490 3422 4545 frui-

157 4601 272 4655 καὶ
297 4596 394 4651 τοῦ
419 4596 586 4650 ἀϊδίου
611 4597 786 4666 (gone;
813 4594 1115 4649 ἀπολαῦσαι
1137 4595 1194 4648 ὲν
1214 4595 1290 4666 τῷ
1317 4594 1558 4665 μέλλοντι
1578 4592 1753 4648 αἰῶνι.

1456 4611 1558 4647 σντι
1578 4592 1753 4648 αἰῶνι.
1860 4597 2063 4650 ιῑοηιη)
2091 4604 2305 4648 mternae
2337 4591 2474 4646 lucis
2505 4591 2560 4643 in
2592 4597 2823 4643 venturo
2847 4587 3069 4641 saeculo.

247 4692 346 4746 12.
381 4690 492 4743 Καὶ
520 4692 554 4761 η
584 4688 694 4760 ζωὴ
715 4687 876 4741 αὑτοῦ
905 4687 1252 4761 ἁτελεύτητός
1280 4689 1423 4740 ἐστιν
1447 4688 1542 4758 (5).

1280 4689 1423 4740 ἐστιν
1447 4688 1542 4758 (5).
1934 4687 2019 4739 19..
2053 4685 2118 4737 Et.
2152 4685 2259 4736 vita
2291 4683 2408 4750 ejus
2439 4679 2767 4750 sempiterna
2791 4686 2891 4732 est.

249 4785 345 4839 15.
361 4783 470 4835 Καὶ
487 4781 784 4854 ἀχώριστὸς
814 4782 931 4843 ἐστι
947 4779 1038 4833 τοῦ
1055 4781 1190 4852 ὁρᾷν
1207 4781 1301 4850 τὴν
1323 4777 1474 4843 δόξαν
1490 4777 1582 4832 τοῦ
1599 4776 1755 4832 Θεοῦ.

1673 4776 1755 4832 οῦ.
1935 4779 2018 4832 15.
2050 4775 2114 4831 Et
2147 4773 2521 4844 inseparabilis
2549 4779 2633 4827 est
2665 4785 2696 4824 a
2719 4769 2930 4825 visione
2959 4766 3144 4839 gloria:
3168 4765 3281 4819 Dei.

249 4877 346 4932 14.
378 4873 491 4944 Τὴν
523 4853 928 4942 εὐσπλαγχνίαν
943 4871 1108 4925 αὐτοῦ
1133 4871 1227 4925 καὶ
1252 4871 1351 4942 τὴν
1367 4870 1757 4942 δικαιοκρισίαν

1934 4873 2020 4925 14.
2056 4868 2452 4924 Miseratiouem
2499 4865 2620 4936 ejus
2664 4870 2722 4920 et
2756 4861 2962 4933 justum
3007 4858 3271 4928 judicium
3304 4853 3426 4923 quis

155 4973 260 5035 τίς
292 4969 374 5038 (6)
405 4965 686 5039 καταλάϐῃ
705 4982 719 5030 ;

708 4982 719 5030 ἱ
1863 4961 2321 5034 comprehendet?

249 5061 345 5115 15.
371 5056 560 5121 Οὕτως
585 5057 739 5127 ψαλῶ
773 5074 853 5110 σοι
885 5056 960 5130 (7)
985 5056 1297 5119 ἀπαύστως,
1328 5055 1400 5119 ὡς
1427 5055 1674 5124 ὀφείλων,
1701 5057 1757 5108 ἐν

1934 5058 2020 5111 15.
2055 5057 2146 5110 Sic
2172 5053 2439 5124 psalmum
2462 5051 2638 5106 dicam
2657 5048 2752 5105 tibi
2774 5047 3127 5108 incessanter,
3155 5049 3214 5095 ut
3237 5039 3425 5100 debeo,

156 5151 585 5225 εὑχαριστίαις.

1867 5152 1919 5203 in
1952 5148 2242 5218 gratiarum
2269 5145 2594 5200 actionibus.

250 5247 343 5300 16.
391 5245 673 5315 Ἀνυμνεῖν
704 5259 766 5296 σε
796 5242 890 5296 καὶ
933 5245 990 5296 ὲν
1015 5242 1091 5313 τῷ
1141 5242 1234 5296 νῦν
1267 5240 1419 5295 αἰῶνι
1460 5241 1552 5294 καὶ
1592 5241 1649 5292 ἐν
1687 5238 1761 5308 τῷ

1940 5242 2025 5297 16.
2057 5240 2124 5297 Ut
2152 5241 2365 5295 laudem
2401 5250 2451 5292 te
2489 5250 2541 5292 et
2572 5237 2626 5291 in
2657 5231 2908 5308 praesenti
2943 5228 3142 5286 saeculo
3169 5237 3221 5283 et
3265 5242 3316 5282 m
3348 5224 3431 5281 lu-

164 5342 466 5416 μέλλοντι.

399 5359 466 5394 τι.
1868 5344 1922 5388 tu
1933 5350 2012 5388 ro.

1140 5450 1454 5516 Addenda
1482 5459 1543 5514 et
1568 5450 1946 5528 corrigenda
1992 5466 2070 5508 ex
2105 5446 2242 5507 cod.
2284 5445 2480 5506 Vatic.

247 5581 331 5652 (1)
365 5577 637 5652 Πολλάκις
672 5579 991 5652 εἰρήκαμεν.
2034 5576 2244 5652 Ἔσται.

249 5645 331 5712 (2)
362 5650 500 5701 MOU.
725 5645 738 5649 ⁷
781 5645 792 5651 ’
874 5645 886 5652 ⁷

725 5645 738 5649 ⁷
781 5645 792 5651 ’
874 5645 886 5652 ’
1927 5649 2003 5718 (6)
2044 5645 2214 5718 Αὑτοῦ
2242 5648 2338 5707 τίς.

247 5709 332 5786 (3)
354 5721 650 5790 Διαμείνω.

1934 5709 2011 5787 (7)
2034 5718 2122 5768 Σοί
2149 5715 2318 5779 deest,
2352 5712 2643 5776 ἀπαύστως
2670 5709 2857 5782 δερελον
2889 5711 2968 5773 ἐν,
3003 5712 3110 5762 etc.

254 5791 335 5862 (ὁ)
372 5794 471 5846 Σου
506 5791 678 5844 deest.
