4084 6322
709 320 807 379 891
1551 333 1610 390 S.
1652 335 2018 393 ATHANASII
2066 339 2215 397 OI’P.
2258 343 2435 399 PARS
2473 344 2557 401 ΙΙΙ.
2594 372 2661 384 -
2698 345 3105 402 EXEGETICA.
3828 349 3915 408 892

916 436 980 494 In
1009 440 1185 510 ﬁnem,
1213 460 1305 513 pro
1343 443 1572 500 Idithum
1619 451 1854 515 psalmus
1890 450 2073 506 David.
2301 463 2344 515 Α
2371 460 2472 526 Εἰς
2503 478 2529 513 τ

2301 463 2344 515 Α
2371 460 2472 526 Εἰς
2503 464 2565 515 τὸ
2596 461 2798 528 τέλος,
2832 461 2985 530 ὑπὲρ
3030 459 3281 529 ἰδιθοὺμ
3320 463 3564 532 ψαλμός
3608 462 3692 529 τῷ
3737 468 3910 522 Acad.

1295 537 1490 594 ρδΑι.
1534 540 1689 597 LXI.

2954 557 3127 611 ΨΑΛ.
3186 555 3327 609 EA’.

781 624 832 679 1.
861 622 1049 680 Nonne
1069 625 1178 680 Deo
1208 629 1448 699 sultjeeta
1476 634 1577 686 erit
1606 634 1784 687 anima
1813 636 1971 689 mea?

2443 647 2490 699 1.
2528 648 2660 717 Οὐχὶ
2692 646 2768 717 τῷ
2800 646 2917 718 Θεῷ
2950 648 3349 719 ὑποταγήσεται
3382 650 3415 720 ἠ
3442 649 3586 721 ψυχή
3624 667 3768 721 μου;

777 716 832 770 2.
869 718 946 771 Ab
973 718 1090 787 ipso
1123 720 1267 773 enim
1300 722 1546 779 Salutare
1578 741 1778 779 meum.

2437 738 2491 791 2.
2528 716 2665 808 Παρ⁹
2698 716 2845 809 αυτῷ
2874 716 2983 809 χὰρ
3012 738 3071 791 τὸ
3105 716 3379 809 Σώτήριὸν

778 809 832 864 3.
860 808 993 864 Nam
1021 821 1072 865 et
1096 812 1211 881 ipse
1241 812 1384 870 Deus
1414 830 1565 870 meus
1591 826 1643 869 et
1670 814 1937 871 Salutaris
1968 832 2142 883 meus,

2133 858 2142 882 ν
2439 829 2491 882 5.
2527 830 2635 883 Καὶ
2663 829 2771 900 γὰρ
2803 808 2963 893 αὐτὸξ
2990 830 3121 893 Θεός
3150 808 3253 901 μου
3270 808 3369 884 νκαὶ
3398 808 3590 904 Σωτήρ
3619 852 3746 905 μου,

777 902 829 955 4.
862 902 1155 971 Susceptor
1184 920 1362 969 meus,
1396 921 1503 959 non
1534 907 1792 960 m0vebor
1822 906 2075 977 amplius.

2442 922 2495 975 4.
2536 922 2905 994 Ἀντιλήπτωρ
2936 940 3036 993 μου
3056 961 3070 985 ,
3097 923 3156 974 οὐ
3203 922 3277 993 μὴ
3322 902 3567 977 σαλευθῶ
3597 902 3692 979 ἐπὶ
3728 928 3912 981 πλεῖον.

781 993 833 1047 5.
871 992 1169 1064 Quousque
1201 996 1408 1053 irruitis
1440 999 1491 1051 in
1522 998 1838 1052 hominem?

2438 1013 2489 1067 5.
2514 1015 2654 1079 Ἕως
2680 992 2808 1068 ποτε
2840 992 3142 1068 ἐπιτίθεσθε
3176 992 3275 1067 ιάί
3293 1015 3611 1085 ἄνθρωπον;

779 1084 833 1138 6.
865 1085 1172 1141 lnterlieitis
1205 1088 1440 1144 universi
1472 1105 1602 1144 vos:

1592 1108 1602 1143 :
2442 1106 2493 1159 6.
2520 1107 2773 1160 Φονεύετε
2800 1106 2997 1170 πάντες
3030 1108 3205 1177 ὑμεῖς,

778 1176 833 1230 7.
869 1173 1147 1247 Tanquam
1195 1180 1387 1248 parieti
1439 1181 1697 1235 inclinato
1777 1188 1831 1236 et
1882 1180 2133 1237 maceria:
2178 1180 2270 1236 de-

2247 1210 2270 1220 '
2444 1198 2495 1251 7.
2541 1199 2628 1263 Ὠς
2658 1200 2818 1270 τοίχῳ
2851 1173 3189 1273 κεκλισιιλένῳ
3212 1200 3304 1251 καὶ
3336 1199 3575 1270 φραγμῷ
3600 1200 3860 1271 ὠσμένῳς

705 1268 911 1339 ρωεωῖ

780 1358 832 1412 8.
872 1355 1257 1412 Verumtamen
1293 1360 1524 1429 pretium
1559 1377 1735 1418 meum
1772 1365 2143 1436 cogitaverunt
2189 1379 2272 1417 re-

2442 1372 2496 1428 8.
2531 1373 2678 1446 Πλὴν
2714 1375 2812 1445 τὴν
2839 1378 3001 1446 τιμήν
3032 1393 3133 1447 μου
3165 1375 3549 1431 ἐϐουλεύσαντο
3590 1378 3918 1432 ἀπώσασθαι.

708 1449 925 1518 pollere.

775 1541 829 1595 9.
856 1539 1086 1597 Cucurri
1115 1543 1166 1596 in
1205 1544 1291 1598 siti
1317 1586 1329 1597 .

2441 1549 2494 1605 9.
2526 1549 2795 1621 Ἔδραμον
2823 1552 2880 1605 ὲν
2907 1551 3052 1622 δίψῃ.

781 1632 867 1686 10.
900 1632 1004 1687 Ore
1050 1651 1148 1689 suo
1194 1636 1602 1704 benedicebant,
1627 1638 1788 1693 corde
1810 1636 1886 1711 [et
1918 1636 2104 1703 corde,
2137 1636 2268 1708 etc.]

2445 1639 2531 1694 10.
2557 1640 2647 1709 Τῷ
2672 1641 2897 1711 στόματι
2917 1641 3091 1696 αὐτῶν
3117 1642 3390 1713 εὐλόγουν,
3416 1648 3483 1716 τῇ
3521 1645 3723 1718 καρδίᾳ
3761 1644 3922 1700 αὐτῶν

707 1741 806 1782 suo
831 1727 1239 1782 maledicebant.

1093 1728 1239 1782 bant.
2374 1750 2511 1804 κατη
2520 1733 2706 1805 ρῶντο.

1332 1819 1661 1890 Diapsalma.
2298 1826 2338 1881 Β
2919 1823 3233 1896 Auﬁda/114a
3267 1828 3363 1897 (a).

778 1910 863 1963 ll.
898 1910 1282 1967 Verumtamen
1314 1912 1422 1967 Deo
1446 1913 1687 1981 subjecta
1712 1919 1851 1974 esto,
1885 1910 2065 1966 anima
2114 1926 2265 1967 mea:

2115 1926 2265 1967 mea:
2442 1916 2527 1971 11.
2559 1917 2704 1985 Πλὴν
2737 1916 2816 1987 τῷ
2847 1917 2964 1988 Θεῷ
2994 1918 3315 1989 ὑποτάγηθι,
3347 1921 3378 1991 ἡ
3406 1919 3551 1991 ψυχή
3587 1938 3693 1991 μου
3712 1937 3728 1953 ’

778 2002 862 2055 12.
899 2002 1165 2068 Quoniam
1200 2004 1267 2058 ab
1298 2006 1416 2073 ipso
1444 2004 1696 2073 patientia
1732 2018 1871 2058 mea.
1984 2051 1987 2053 ,

1984 2051 1987 2053 .
2440 2007 2526 2061 12.
2565 2009 2687 2063 Ὅτι
2717 2012 2845 2079 παρ’
2875 2010 3021 2081 αὐτῷ
3051 2013 3083 2082 ἡ
3122 2012 3365 2083 ὑπομονὴ
3402 2030 3525 2083 μου.

776 2092 862 2145 15.
891 2091 1033 2157 Quin
1062 2094 1174 2162 ipse
1205 2092 1347 2149 Deus
1378 2109 1531 2148 meus
1559 2103 1613 2148 et
1642 2094 1888 2149 Salvator
1914 2110 2101 2150 meus:

2088 2114 2101 2150 :
2444 2100 2529 2154 15.
2572 2102 2693 2154 Ὅτι
2718 2103 2878 2165 αὐτὸς
2908 2103 3039 2167 Θεός
3071 2121 3170 2175 μου
3196 2104 3288 2157 καὶ
3318 2106 3511 2177 Σωτήρ
3536 2122 3640 2175 μου
3664 2121 3680 2138 ⁸

775 2185 863 2239 ﬂ.
892 2187 1117 2255 Adjutor
1139 2202 1317 2255 meus,
1348 2202 1452 2243 nou
1480 2187 1781 2258 emigrabo.

2443 2190 2529 2244 M.
2568 2191 2937 2266 Ἀντιλὴπτωρ
2967 2210 3091 2264 μου,
3124 2194 3186 2247 οὐ
3220 2195 3293 2265 μὴ
3322 2194 3746 2265 μεταναστεύσυ

778 2317 854 2389 (a)
881 2318 1063 2374 Codex
1091 2318 1264 2374 Palat.

1824 2476 2195 2532 ATHANASII
2232 2474 2816 2532 INTERPRETATIO.

782 2630 847 2683 'H
873 2631 1208 2703 προκειμένη
1240 2631 1517 2704 ἐπιγραφὴ
1562 2632 1805 2704 περιέχει
1851 2631 1961 2703 (1)·
1992 2633 2093 2699 Εἰς
2123 2632 2189 2685 τὸ
2217 2632 2390 2698 τέλος
2414 2672 2429 2695 ,
2466 2630 2618 2699 ὑπὲρ
2662 2629 2909 2699 Ἰδιθοὺμ
2967 2628 3208 2700 ψαλμὸς
3271 2627 3354 2694 τῷ
3378 2628 3557 2684 Δαόίδ
3577 2644 3594 2661 ’
3648 2628 3809 2683 τοῦτο
3852 2625 3934 2682 οὖν

704 2720 887 2791 λέγει·
910 2724 1002 2775 ἐπὶ
1019 2722 1162 2775 τέλει
1200 2722 1307 2775 τῶν
1336 2723 1546 2779 αἰώνων
1566 2726 1705 2797 ὑπὲρ
1732 2724 1838 2779 τοῦ
1863 2725 2003 2791 ἐνὸς
2024 2724 2227 2793 κριτοῦ
2250 2722 2356 2778 τοῦ
2380 2721 2707 2792 ἐρχομένου
2728 2740 2742 2754 ’
2772 2721 2931 2775 τοῦτο
2960 2722 3068 2793 γὰρ
3101 2721 3459 2793 ἑρμηνεύεται
3490 2721 3736 2793 Ἰδιθούμ
3755 2739 3769 2752 ·
3801 2720 3931 2776 εἷται

715 2814 959 2884 Ψαλμὸς
984 2814 1063 2879 τῷ
1087 2814 1283 2880 Δαϐὶδ,
1301 2816 1546 2869 τουτέστι
1569 2815 1803 2886 ψαλμὺς,
1832 2812 1911 2879 τῷ
1934 2812 2120 2877 ἱκανῷ
2144 2811 2218 2880 τῇ
2242 2814 2426 2881 χειρί·
2454 2810 2611 2862 τοῦτο
2638 2809 2707 2878 γά
2717 2827 2746 2881 ρ
2778 2810 3135 2881 ἑρμηνεύεται
3157 2810 3337 2865 Δαϐίδ.
3357 2812 3565 2865 Οὐκοῦν
3588 2811 3779 2882 σαφῶς
3797 2812 3934 2878 λέγει

705 2911 834 2982 περὶ
854 2910 945 2963 τοῦ
974 2910 1103 2963 Υἱοῦ
1138 2909 1229 2963 τοῦ
1263 2910 1419 2978 Θεοῦ,
1453 2911 1547 2965 τοῦ
1580 2910 1698 2974 ἑνὸς
1727 2909 1916 2981 κριτοῦ
1943 2909 2240 2981 ἐρχομένου
2269 2906 2478 2961 ἱκανοῦ
2508 2907 2657 2977 χειρὶ
2686 2906 2860 2973 ὄντος
2887 2906 2985 2977 (2).

777 3000 991 3057 Titulus
1021 3004 1346 3073 praepositus
1379 3005 1624 3059 continet
1649 3022 1661 3058 :
1687 3002 1754 3056 In
1783 3004 1961 3072 ﬁnem,
1997 3019 2091 3073 pro
2122 3001 2363 3055 ldithum
2391 3000 2628 3068 psalmus
2650 2998 2841 3054 David.
2874 2996 2989 3053 Hoc
3020 2998 3185 3069 igitur
3212 2998 3521 3072 signiﬁcat:
3554 3000 3609 3054 in
3644 2999 3756 3055 ﬁne
3776 3014 3937 3055 saecu-

704 3094 885 3149 lorum
911 3109 1009 3164 pro
1033 3113 1135 3150 uno
1158 3096 1335 3165 judice
1360 3109 1608 3158 venturo;
1638 3096 1713 3149 ita
1752 3097 1897 3150 enim
1932 3096 2322 3163 interpretatur
2361 3090 2620 3146 Idithum.
2654 3092 2858 3146 Deinde
2885 3110 2899 3146 :
2932 3090 3179 3146 Psalmus
3226 3090 3417 3154 David,
3454 3092 3559 3147 hoc
3585 3100 3675 3147 est
3704 3090 3939 3162 psalmus

706 3206 869 3243 manu
892 3190 1038 3260 forti,
1066 3192 1139 3246 ita
1164 3193 1306 3246 enim
1339 3195 1728 3261 interpretatur
1756 3189 1944 3243 David.
1978 3190 2166 3259 Itaque
2193 3186 2481 3242 manifeste
2508 3187 2747 3256 loquitur
2785 3187 2852 3241 de
2882 3186 3018 3241 Filio
3047 3185 3162 3254 Dei,
3194 3187 3286 3256 qui
3316 3186 3514 3241 unicus
3552 3186 3734 3243 Iudex
3757 3196 3942 3243 ventu-

706 3296 804 3340 rus
836 3293 940 3352 est,
974 3294 1026 3341 et
1047 3302 1207 3339 manu
1230 3287 1384 3356 furtis
1404 3297 1503 3339 est.

780 3395 835 3452 1.
862 3393 1047 3467 Neque
1073 3398 1283 3467 justum
1328 3414 1504 3469 neque
1540 3399 1670 3454 utile
1691 3408 1775 3454 est
1794 3398 1989 3453 animae
2012 3412 2143 3452 mea:
2164 3397 2270 3450 ulla
2299 3404 2340 3460 c

2330 3404 2340 3459 ζ
2447 3394 2498 3447 1.
2541 3394 2614 3446 Ot't
2660 3393 2863 3447 δίκαιον
2892 3394 2985 3448 καὶ
3015 3393 3288 3465 συμφέρον
3320 3393 3436 3447 ἐστὶ
3469 3395 3536 3465 τῇ
3575 3393 3725 3465 ψυχῇ
3761 3411 3864 3467 μου
3892 3394 3943 3446 ἐν

702 3487 763 3544 in
795 3504 853 3543 re
876 3489 1150 3545 adversari
1182 3491 1312 3547 Deo.

2381 3486 2565 3557 μηδενὶ
2594 3485 2943 3539 ἀνθίστασθαι
2974 3486 3052 3557 τῷ
3082 3485 3218 3556 Θεῷ.

768 3583 827 3639 2.
853 3580 987 3635 Nam
1012 3583 1154 3653 apud
1180 3598 1304 3638 eum
1332 3583 1441 3636 vita
1473 3596 1589 3636 mea
1612 3589 1666 3636 et
1692 3580 1745 3635 in
1773 3583 2023 3651 praesenti
2055 3584 2274 3638 saeculo.

2448 3578 2501 3628 “2.
2523 3577 2657 3644 Παρ’
2680 3574 2826 3644 αὐτῷ
2848 3576 2954 3646 γὰρ
2977 3577 3010 3645 ή
3036 3575 3145 3646 ζωή
3172 3593 3272 3646 μου
3300 3576 3393 3630 καὶ
3413 3576 3472 3629 ἐν
3495 3575 3576 3646 τῷ
3599 3576 3699 3630 νῦν
3721 3577 3799 3647 (3)
3817 3578 3942 3630 ὄντι.

774 3675 829 3731 5.
860 3674 993 3730 Nam
1048 3686 1101 3731 et
1147 3676 1263 3745 ipse
1314 3685 1399 3730 est
1451 3684 1665 3730 creator
1724 3689 1877 3730 meus
1924 3685 1977 3729 et
2029 3675 2276 3729 Salvator

2447 3670 2499 3722 5.
2537 3670 2646 3720 Καὶ
2667 3667 2775 3738 γὰρ
2796 3667 2957 3732 αὑτός
2978 3670 3093 3721 ἐστι
3120 3667 3448 3739 δημιουργός
3501 3686 3605 3739 μου
3641 3671 3741 3722 καὶ
3763 3670 3946 3739 Σωτήρ

715 3784 891 3824 meus.
2381 3778 2503 3832 pou.

780 3860 834 3913 4.
874 3858 987 3913 Non
1015 3860 1290 3915 discedam
1321 3860 1389 3914 ab
1423 3875 1489 3914 eo
1521 3874 1693 3929 usque
1727 3857 1781 3912 in
1810 3858 1994 3914 ﬁnem.

2446 3854 2498 3909 4.
2528 3853 2602 3907 Οὐ
2638 3853 2711 3924 μὴ
2750 3852 2969 3906 ἀποστῶ
3004 3852 3099 3906 ἀπ’
3129 3849 3293 3904 αὑτοῦ
3328 3851 3431 3916 ἕως
3453 3854 3665 3917 τέλους.

778 3955 831 4009 5.
863 3954 1159 4024 Quousque
1190 3954 1428 4007 humana
1448 3952 1687 4023 potentia
1712 3961 1767 4005 et
1790 3952 1996 4007 auxilio
2025 3952 2279 4008 utimini?

2449 3945 2501 4003 5.
2534 3945 2675 4006 Ἕως
2698 3943 2827 3995 πότε
2853 3945 2919 4014 τῇ
2953 3940 3270 4015 ἀνθρωπίνῃ
3294 3942 3579 4013 δυναστείᾳ
3606 3945 3707 3998 καὶ
3733 3943 3952 4016 βοηθείᾳ

2378 4035 2579 4108 χρῆσθε
2608 4035 2718 4106 (4);

775 4128 831 4185 6.
861 4127 928 4183 Et
954 4128 1202 4185 occiditis
1224 4128 1513 4187 inferiores
1538 4129 1694 4185 vobis
1721 4148 1733 4182 :

2447 4126 2497 4181 6.
2529 4128 2637 4180 Καὶ
2668 4125 2917 4196 φονεύετε
2938 4129 3064 4192 τοὺς
3086 4128 3506 4201 ὑποδεεστέρους
3539 4128 3702 4199 ὑμῶν
3728 4148 3742 4161 ·

781 4219 837 4276 7.
864 4220 1037 4275 Veluti
1069 4235 1225 4275 muro
1251 4221 1482 4288 cadenti,
1515 4229 1569 4275 et
1595 4218 1843 4274 maceria:
1861 4219 2139 4291 disjectas?

2455 4220 2505 4273 7.
2549 4220 2636 4283 Ὧς
2658 4219 2822 4290 τοίχῳ
2848 4219 3099 4275 πίπτοντι
3128 4223 3221 4275 καὶ
3251 4222 3487 4293 φραγμῷ
3514 4222 3773 4293 ριφέντι;

780 4312 833 4369 8.
862 4313 939 4369 lta
964 4312 1220 4367 mandata
1249 4328 1370 4367 mea
1392 4313 1750 4382 repelluntur.

2452 4311 2505 4367 8.
2541 4311 2725 4374 Οὕτως
2758 4313 2827 4366 τὰ
2858 4314 3251 4385 προστάγματά
3283 4333 3380 4386 μου
3406 4314 3784 4370 ἀπωθοῦνται.

782 4406 836 4469 9,
871 4402 958 4461 10.
985 4402 1163 4457 Veluti
1198 4419 1426 4458 currens
1466 4405 1521 4458 in
1559 4403 1673 4465 siti,
1706 4400 1802 4472 qui
1830 4418 1925 4458 ore
1950 4404 2170 4474 quidem
2200 4406 2281 4461 ni-

2449 4408 2503 4471 9,
2540 4405 2628 4459 10.
2668 4404 2759 4469 Ὠς
2790 4408 2819 4459 ὁ
2843 4407 3048 4479 τρέχων
3078 4411 3134 4461 ὲν
3167 4412 3231 4480 τῇ
3265 4409 3340 4479 (5)
3368 4408 3496 4480 δίψῃ
3519 4409 3597 4478 τῷ
3624 4410 3735 4479 μὲν
3770 4413 3961 4481 στόμα·

710 4498 809 4559 bit,
835 4511 932 4552 cor
973 4505 1153 4552 autem
1199 4500 1319 4565 ejus
1352 4495 1487 4549 nihil
1527 4505 1686 4565 potus
1728 4495 1932 4565 exeipit
1963 4515 1976 4550 :
2007 4497 2081 4551 ita
2115 4498 2277 4553 etiam

2381 4515 2434 4551 τι
2472 4498 2694 4570 πίνει,ή
2728 4501 2785 4554 δὲ
2811 4500 3005 4570 καρδία
3029 4498 3193 4552 αὑτοῦ
3226 4500 3375 4553 οὐδὲν
3416 4500 3627 4571 δέχεται
3657 4503 3759 4555 τοῦ
3792 4506 3960 4575 πόμα-

712 4590 800 4644 isti
849 4606 943 4645 ore
986 4606 1175 4644 eorum
1202 4589 1417 4661 eloquia
1465 4605 1585 4644 mea
1630 4587 1923 4657 accipiunt,
1966 4605 2061 4645 cor
2100 4601 2277 4647 autem

2382 4606 2472 4652 τος
2491 4607 2504 4620 ·
2528 4589 2670 4644 οὕτω
2703 4593 2797 4644 καὶ
2826 4587 2968 4646 οὗτοι
2997 4592 3075 4663 τῷ
3097 4592 3321 4662 στόματι
3354 4595 3533 4647 αὐτῶν
3562 4596 3631 4649 τὰ
3669 4596 3841 4668 λόγιά
3868 4616 3959 4670 μου

710 4697 898 4737 eorum
935 4682 1090 4752 longe
1120 4681 1290 4735 abest.

2382 4680 2663 4751 δέχονται,
2716 4685 2748 4754 ή
2778 4683 2833 4736 δὲ
2865 4683 3059 4754 καρδία
3101 4684 3279 4737 αὐτῶν
3314 4684 3597 4756 πόρρωθεν
3628 4687 3712 4756 (6)
3746 4690 3960 4761 ἀπέχει.

787 4775 871 4828 ll.
910 4774 989 4828 Tu
1026 4784 1229 4838 autem,
1257 4776 1436 4829 anima
1463 4791 1604 4842 mea,
1630 4776 1739 4832 Deo
1763 4778 2005 4848 subjecta
2033 4786 2171 4833 esto.
2310 4794 2352 4849 ι)

2102 4786 2171 4832 l0.
2310 4794 2352 4849 ο
2452 4772 2537 4824 11.
2577 4774 2648 4827 Σὺ
2674 4774 2750 4839 δὲ,
2778 4774 2921 4845 ψυχή
2958 4792 3057 4845 μου
3078 4817 3092 4841 ,
3124 4774 3201 4846 τῷ
3234 4776 3351 4846 Θεῷ
3373 4778 3715 4849 ὑποτάγηθι.

783 4866 867 4920 12.
902 4866 1170 4932 Quoniam
1205 4868 1344 4936 apud
1375 4869 1554 4937 ipsum
1585 4871 1870 4925 retributio
1901 4887 2040 4926 mea.

2455 4865 2541 4921 12.
2580 4867 2701 4919 Ὅτι
2729 4871 2857 4939 παρ’
2884 4869 3031 4941 αὐτῷ
3064 4872 3096 4939 ἡ
3129 4870 3519 4941 μισθαποδοσΞα
3554 4890 3680 4943 μου.

782 4959 870 5013 15.
905 4958 1038 5013 Nam
1068 4968 1121 5013 et
1151 4959 1263 5028 ipse
1290 4959 1432 5015 Deus
1456 4976 1609 5015 meus
1638 4971 1691 5016 et
1718 4963 1965 5018 Salvator
1995 4979 2170 5020 meus.

2456 4959 2545 5015 15.
2583 4961 2691 5013 Καὶ⁵
2724 4962 2832 5032 γὰρ
2870 4962 2945 5030 (7)
2979 4961 3140 5024 αὐτὸς
3176 4962 3306 5026 Θεός
3340 4982 3441 5034 μου
3478 4966 3572 5018 καὶ
3610 4967 3817 5042 Σωτήρ
3849 4984 3966 5039 μου.

786 5049 872 5103 11.
908 5049 1201 5120 Sttsceptor
1230 5066 1383 5106 meus
1408 5061 1489 5106 est
1515 5069 1529 5117 ;
1560 5053 1691 5106 nulli
1720 5054 1874 5109 alteri
1901 5055 2205 5112 adhaerebo.

2455 5050 2539 5103 M.
2585 5051 2949 5125 Ἀντιλήπτωρ
2984 5052 3083 5124 μού
3119 5054 3291 5108 ἐστιν·
3324 5055 3385 5107 οὐ
3429 5056 3506 5128 μὴ
3534 5056 3683 5130 ἄλλῳ
3714 5061 3830 5113 τινὶ
3853 5058 3968 5115 κολ-

2384 5142 2551 5215 ληθῶ.

1665 5318 1969 5384 Addenda
2001 5327 2062 5382 et
2108 5320 2483 5400 corrigenda
2520 5341 2592 5385 ex
2629 5326 2768 5387 eod.
2802 5325 3003 5388 Vatic.

993 5505 1080 5559 διὰ
1109 5507 1206 5578 τῆς
1234 5509 1599 5583 κινναϐάρεως
1635 5530 1755 5583 περ.
2462 5516 2537 5582 (ἴὶ)
2568 5516 2645 5584 Τῇ
2677 5515 2845 5570 deest.

791 5577 1169 5656 (ἓὶῖἒὲλτωέξ
1299 5651 1368 5656 __
1464 5577 1505 5656 ζ
2462 5577 2779 5655 (‹;)Πὸρῤω.

907 5648 1019 5733 ξῦν
1044 5649 1197 5733 quin):
1230 5651 1321 5704 καὶ
1352 5652 1411 5705 ἐν
1439 5651 1514 5721 τῷ
1548 5652 1809 5721 μέλλοντι.

1767 5672 1809 5703 ηι.
2571 5648 2842 5733 Καὶ’γὰρ,
2880 5667 2965 5713 etc
2992 5695 3008 5724 ,
3039 5657 3135 5727 τῷ,
3163 5657 3380 5715 desunt.

799 5718 876 5782 (1)
908 5719 1252 5788 Κεχρῆσοαις
