4084 6322
199 376 305 437 895
1073 379 1160 433 DE
1202 377 1475 452 TlTULlS
1511 377 1956 434 PSALMORUM'.
2000 409 2064 417 —
2094 378 2289 433 PSAL.
2327 377 2482 432 LXII.
3312 385 3419 441 894

274 489 359 544 15.
405 488 523 541 Ἐπὶ
545 489 622 559 τῷ
642 490 759 561 Θεῷ
788 491 847 543 τὸ
873 492 1135 562 σωτήριόν
1165 509 1263 562 μου
1297 493 1445 562 καὶὴ
1478 492 1602 556 δόξα
1634 509 1754 562 μου.
1787 495 1834 547 Α

1559 493 1602 555 ζα
1634 509 1754 562 μου.
1787 495 1834 547 Α
1933 493 2019 547 15.
2060 494 2114 545 ln
2150 492 2257 546 Deo
2281 495 2517 547 salutare
2545 507 2722 547 meum
2753 502 2804 547 et
2837 492 3005 562 gloria
3033 510 3172 549 mea.

279 581 358 632 I6.
390 579 448 632 '0
470 580 600 644 Θεὸς
633 582 731 650 τῆς
765 583 1012 653 βοηθείας
1047 602 1166 654 μου,
1199 585 1290 637 καὶ
1316 585 1514 655 ήὲλπίς
1544 603 1642 655 μου
1669 585 1758 637 ἐπὶ

1604 605 1642 637 ιυ
1669 585 1758 637 ἐπὶ
1935 587 2019 643 16.
2057 589 2198 644 Deus
2228 589 2414 643 auxilii
2446 589 2588 656 mei,
2621 599 2674 642 et
2703 605 2824 659 spes
2858 606 2974 643 mea
3004 591 3055 643 in
3092 591 3217 647 Deo.

196 670 277 738 τῷ
312 671 448 742 Θεῷ.

270 764 358 818 17.
408 765 689 818 Ἐλπίσατε
707 766 805 817 ἐπ’
819 766 999 830 αὐτὸν,
1023 767 1168 818 πᾶσα
1187 764 1471 835 συναγωγὴ
1492 763 1634 818 λαῶν

1919 775 2004 826 17.
2045 773 2265 842 Sperate
2293 773 2344 826 in
2373 789 2456 839 eo,
2483 773 2659 827 omnis
2687 775 3032 844 congregatio
3067 777 3404 846 populorum.

275 856 362 910 18.
404 856 654 924 Ἐκχὲατε
677 854 904 907 ἐνώπιον
945 855 1106 908 αὑτοῦ
1137 855 1233 918 τὰς
1270 854 1495 923 καρδίας
1526 855 1676 925 ὑμῶν
1711 872 1725 886 ο

1481 873 1495 917 ς
1526 855 1676 925 ὑμῶν
1711 872 1725 886 ⁶
1929 865 2014 918 18.
2056 863 2325 918 ΕΠυιιιΙίιε
2352 880 2531 919 coram
2565 865 2654 918 illo
2683 866 2846 920 corda
2874 876 3050 920 vestra
3083 888 3094 921 :

278 950 364 1003 19.
400 950 519 1001 Ὀτι
544 952 571 1001 ὁ
601 947 732 1011 Θεὸς
755 948 945 1017 βοηθὸς
978 947 1152 1018 ἡμῶν.

1927 955 2013 1009 19.
2048 954 2186 1008 ﬂuia
2214 953 2354 1008 Deus
2379 953 2593 1022 adjutor
2621 963 2820 1009 noster.

792 1039 1124 1109 Διάψαλμα.

2469 1045 2686 1113 Diapsal
2694 1063 2797 1100 ma.

273 1131 366 1186 20.
397 1131 543 1200 Πλὴν
574 1130 786 1200 μάταιοι
817 1132 864 1180 οἱ
898 1130 1002 1180 υἱοὶ
1021 1128 1128 1180 τῶν
1159 1127 1455 1197 ἀνθρώπων
1484 1141 1497 1155 ·

1484 1141 1497 1155 ·
1925 1135 2016 1188 20.
2055 1134 2438 1190 Verumtamen
2469 1137 2591 1189 vani
2620 1135 2712 1188 ﬁlii
2757 1135 3073 1190 hominum-

272 1224 362 1275 21.
389 1224 614 1286 Ψευδεῖς
639 1223 688 1274 οἱ
719 1222 822 1274 υἱοὶ
849 1221 956 1274 τῶν
984 1219 1280 1290 ἀνθρώπιον
1327 1221 1381 1270 ἐν
1427 1217 1630 1284 ζυγοῖς,
1665 1215 1756 1267 τοῦ

1924 1229 2014 1282 21.
2045 1228 2329 1282 Mcndaces
2357 1228 2451 1281 lilii
2486 1230 2764 1283 hominum
2819 1229 2873 1282 in
2913 1229 3146 1292 stateris,
3181 1238 3238 1284 ιιι
3270 1229 3415 1284 deci-

199 1311 458 1380 ἁδικῆσαι
478 1329 493 1342 ·
1857 1320 2025 1389 piam.

273 1402 365 1455 22.
396 1403 557 1454 Αὐτοὶ
584 1405 647 1455 ὲκ
676 1402 1034 1472 ματαιότητος
1062 1401 1152 1451 ἐπὶ
1174 1398 1233 1451 τὸ
1260 1397 1407 1450 αὑτό.

1263 1397 1407 1450 αὖτῦ-
1929 1412 2018 1467 22.
2053 1410 2157 1479 Ipsi
2186 1411 2251 1465 de
2275 1411 2511 1464 vanitate
2543 1412 2593 1463 in
2624 1410 2876 1480 idipsum.

272 1496 361 1548 23.
399 1497 487 1565 Μὴ
512 1495 757 1557 ἐλπίζετε
795 1495 878 1547 ἐπ’
913 1494 1122 1546 ἀδικίαν
1145 1509 1157 1519 ·

1926 1502 2015 1556 25.
2051 1501 2228 1555 Nolite
2254 1517 2471 1571 sperare
2497 1501 2550 1554 in
2577 1500 2858 1570 iniquitate
2889 1520 2900 1554 :

273 1587 369 1640 21.
398 1589 506 1638 Καὶ
529 1587 619 1638 ἐπὶ
653 1586 919 1656 ἅρπαγμα
947 1589 1019 1656 μὴ
1050 1583 1354 1637 ἐπιποθεῖτε
1377 1601 1390 1613 ·

1383 1601 1390 1613 ’
1928 1597 2018 1649 21.
2055 1594 2120 1647 Et
2149 1595 2370 1662 rapinas
2407 1594 2572 1648 nolite
2596 1593 2996 1662 concupiscere.

260 1677 353 1729 25.
385 1676 615 1740 Πλοῦτος
646 1678 740 1729 ἐὰν
769 1678 886 1749 ῥέῃ,
920 1677 991 1747 μὴ
1019 1673 1368 1746 προστίθεσίιε
1403 1671 1644 1742 καρδίαν.

1633 1709 1644 1720 ·
1927 1687 2016 1741 25.
2054 1685 2264 1738 Divitize
2295 1685 2338 1738 si
2369 1683 2609 1748 allluant,
2641 1681 2807 1735 nolite
2831 1697 2922 1734 cor
2953 1696 3240 1750 apponere.

275 1769 369 1821 26.
411 1770 589 1834 Ἃπαξ
616 1770 872 1839 ἐλάλησεν
903 1773 928 1822 6
958 1770 1108 1830 Θεὸς,
1130 1767 1220 1819 δύο
1241 1764 1412 1818 ταῦτα
1437 1764 1641 1833 ἤκουσα

1791 1837 1816 1839 -ν
1927 1776 2018 1830 26.
2053 1776 2229 1830 Semel
2253 1775 2469 1828 locutus
2504 1784 2585 1826 est
2619 1772 2782 1838 Deus,
2808 1771 2914 1826 duo
2941 1772 3052 1826 haec
3076 1772 3256 1827 audivi
3292 1790 3305 1827 :

273 1861 368 1913 27.
403 1861 476 1930 (b)
511 1863 630 1915 ’Ὁτι
661 1862 721 1914 τὸ
749 1837 948 1933 κράτος
981 1861 1073 1912 τοῦ
1105 1859 1260 1925 Θεοῦ,
1786 1837 1833 1896 Β

1001 1861 1073 1912 τοῦ
1105 1859 1260 1925 θεοῦ,
1786 1837 1833 1896 Β
1930 1869 2018 1922 27.
2048 1868 2182 1934 Quia
2215 1877 2455 1936 potcSIas
2489 1865 2614 1930 Dei,

267 1951 364 2005 28.
392 1953 501 2004 Καὶ
531 1953 622 2004 σοῦ
657 1952 747 2020 (c).
779 1952 968 2021 Κύριε,
993 1951 1052 2002 τὸ
1071 1951 1232 2013 ἕλεος.

1931 1959 2019 2013 28.
2066 1959 2128 2012 Et
2163 1970 2274 2020 tua.
2302 1957 2548 2013 Domine.
2576 1955 2964 2010 misericordia.

269 2046 362 2099 29.
393 2047 512 2099 Ὅτι
544 2048 605 2100 σὺ
641 2046 942 2110 ἀποδώσεις
976 2047 1190 2114 ἑκάστῳ
1231 2040 1369 2095 κατὰ
1400 2039 1468 2090 τὰ
1498 2037 1632 2107 ἔργα
1664 2050 1759 2088 αυ-

1696 2052 1759 2085 υ·
1929 2053 2018 2106 29.
2056 2051 2191 2117 Quia
2228 2059 2280 2103 tu
2309 2049 2502 2104 reddes
2531 2048 2821 2118 unicuique
2841 2047 2990 2116 juxta
3013 2061 3173 2103 onera
3196 2061 3309 2099 sua.

190 2151 318 2189 του.

270 2225 518 2295 Ψαλμὸς
553 2224 632 2290 τῷ
663 2223 839 2277 Δαϐίδ
859 2241 871 2254 ⁸
901 2223 970 2275 ἐν
1003 2222 1079 2285 τῷ
1111 2218 1260 2273 εἶναι
1298 2222 1480 2273 αὐτὸν
1509 2221 1576 2273 ὲν
1611 2217 1684 2286 τῇ
1862 2212 1883 2267 1

1862 2211 2107 2267 Psalmus
2139 2210 2305 2264 David
2329 2225 2344 2260 :
2371 2224 2488 2261 cum
2516 2218 2646 2260 esset
2680 2207 2790 2273 ipse
2822 2207 2876 2257 in
2918 2204 3120 2258 deserto
3146 2202 3413 2259 Iduma'tr.

435 2315 628 2387 ἐρήμῳ
657 2315 769 2382 τῆς
813 2312 1164 2381 Ἰδουμαίας.
1206 2313 1362 2362 ΨἉΛ.
1390 2307 1516 2362 ΞΠ.

1268 2315 1362 2362 \A.
1390 2307 1516 2362 SB’.
2390 2297 2652 2353 PSALM.
2700 2295 2881 2351 LX“.

274 2409 326 2463 1.
365 2410 424 2462 Ὀ
453 2407 581 2470 Θεὸς
609 2411 636 2459 6
667 2407 796 2468 Θεός
823 2422 945 2474 μου,
983 2404 1115 2474 πρὸς
1148 2405 1204 2456 σὲ
1231 2403 1482 2475 ὀρθρίζω.

1933 2399 1985 2451 1.
2023 2394 2165 2449 Deus
2190 2392 2330 2447 Deus
2362 2407 2535 2456 meus,
2561 2389 2626 2444 ad
2653 2399 2707 2444 te
2726 2390 2793 2444 de
2820 2389 2937 2444 luce
2964 2387 3137 2458 vigilo.

271 2523 352 2590 (α)
384 2519 439 2571 In
475 2536 641 2587 marg.
669 2519 788 2573 cod.
820 2519 970 2571 λαοῦ.

272 2592 352 2662 (1))
389 2590 539 2644 Vers.
575 2590 664 2650 27,
695 2591 784 2653 28,
816 2590 915 2643 suh
937 2590 1094 2643 unico
1129 2604 1276 2642 num.

271 2675 345 2732 te)
380 2663 467 2714 Σοι
492 2662 546 2713 iu
577 2676 746 2731 marg.
775 2662 895 2716 cod.

1305 2746 1674 2802 ATHANASll
1711 2732 2287 2798 ιΝΤΕιιΡιιΕΤΑΤιο.

270 2867 362 2921 15.
401 2865 525 2917 Ἐπὶ
553 2863 630 2934 τῷ
656 2863 772 2932 Θεῷ
802 2865 834 2931 ἡ
863 2863 971 2932 ζωὴ
1008 2880 1106 2932 μου
1136 2865 1228 2916 καὶ
1261 2863 1319 2915 τὸ
1353 2861 1614 2931 καύχημά
1633 2877 1754 2930 μου.

1467 2861 1614 2931 χημά
1633 2877 1754 2930 μου.
1933 2849 2018 2905 15.
2051 2846 2109 2900 1η
2133 2845 2242 2901 Deo
2268 2843 2372 2897 vita
2397 2856 2536 2908 mea,
2575 2850 2628 2896 et
2663 2841 2910 2914 gloriatio
2944 2857 3080 2895 mea.

272 2959 365 3013 16.
402 2960 460 3009 '0
489 2956 617 3018 Θεός
651 2971 750 3024 μου
782 2953 970 3023 βοηθός
1002 2971 1101 3024 μου
1128 2954 1332 3022 γίνεται
1367 2953 1474 3020 ἀεὶ,
1530 2952 1621 3004 καὶ
1671 2950 1760 3002 διὰ

1935 2940 2022 2994 16.
2052 2938 2193 2992 Deus
2237 2951 2391 2990 meus
2421 2933 2635 3002 adiutor
2663 2949 2816 2988 meus
2847 2943 2927 2989 est
2957 2948 3190 3003 semper,
3219 2943 3270 2987 et
3300 2933 3419 2987 ideo

187 3052 412 3119 τοῦτοὴ
438 3048 588 3110 ἐλπίς
621 3065 720 3118 μου
750 3046 834 3098 ἐπ’
865 3046 1010 3115 αὐτῷ
1039 3048 1172 3099 ἐστι.

872 3046 1010 3115 αὑτῷ
1039 3048 1172 3099 ἐστι.
1865 3046 1988 3102 spes
2020 3044 2140 3083 mea
2169 3028 2222 3081 in
2244 3028 2362 3096 ipso
2385 3033 2485 3081 est.

276 3139 364 3193 17.
397 3117 506 3189 Καὶ
538 3117 692 3206 ὑμεῖς
725 3131 836 3197 οὖν,
861 3135 945 3186 ἐπ’
979 3134 1223 3204 αὑτὸνῌ)
1261 3132 1510 3185 ἐλπίσατε
1541 3131 1757 3194 πάντες.
1790 3173 1834 3234 c

1547 3131 1757 3194 πάντες.
1790 3173 1834 3234 c
1938 3123 2026 3177 17.
2058 3119 2123 3176 Et
2145 3135 2242 3174 vos
2268 3119 2430 3188 igitur
2450 3133 2660 3184 omnes,
2694 3126 2903 3187 sperate
2935 3117 2987 3169 in
3016 3131 3160 3170 eum.

1558 3229 1570 3234 -
1627 3227 1639 3234 .
1711 3225 1723 3234 .
1946 3217 2005 3234 ιη
2059 3216 2315 3234 n,,_,_..._
2361 3212 2637 3234 -_-t.--l-_.:
2675 3209 3015 3234 -_....-..I:L..n
3061 3210 3112 3234 ζ...
3151 3223 3160 3234 ι

272 3232 362 3286 18.
394 3228 484 3300 Τῷ
510 3228 738 3298 ἑτοίμως
774 3226 1051 3297 βοηθοῦντι
1082 3229 1191 3290 τοῖς
1222 3226 1528 3291 ὲλπίξονσιν
1556 3227 1639 3279 ἐπ’
1665 3225 1760 3277 αὐ-
1791 3207 1834 3234 υ

1809 3213 1834 3234 ⁴
1941 3217 2030 3272 18.
2059 3216 2320 3283 Promptc
2355 3212 2637 3281 opitulanti
2673 3209 3018 3281 sperantibus
3061 3210 3115 3262 in
3147 3223 3212 3262 eo
3240 3207 3422 3262 aﬂ‘ertc

186 3329 290 3381 τὸν
319 3323 723 3396 προσενέγκατε
753 3322 899 3392 αὑτῴ
928 3321 1024 3384 τὰς
1045 3322 1266 3391 καρδίας
1297 3321 1468 3374 ὑμῶν.

776 3322 899 3392 ιὺτῴ
928 3321 1024 3384 τὰς
1045 3322 1266 3391 καρδίας
1297 3321 1468 3374 ὑαῶν.
1863 3313 1965 3383 ipsi
1996 3311 2157 3366 corda
2194 3315 2389 3361 vestra.

269 3391 380 3474 19.-
409 3417 727 3470 ’Δντίκειται
753 3391 1101 3482 τοῖςὲχθροῖς
1131 3411 1305 3482 ἡμῶν.

1277 3429 1305 3464 ι.
1931 3402 2018 3457 19.
2047 3401 2378 3453 Adversatur
2408 3392 2642 3448 inimicis
2672 3391 2890 3447 nostris.

268 3510 363 3564 20.
400 3508 462 3560 Οἱ
488 3506 554 3559 τὰ
586 3503 900 3575 ἀνθρώπινα
925 3501 1264 3574 φρονοῦντες.

1024 3501 1264 3566 ινοῦντες.
1937 3492 2027 3546 20.
2060 3489 2305 3544 Humana
2339 3487 2637 3556 cogitantes

274 3602 366 3653 21.
398 3597 567 3650 Δόλιοι
602 3595 1155 3659 καταδυναστεύοντες
1181 3595 1275 3649 καὶ
1318 3594 1651 3658 ἀδικοῦντες.

1938 3583 2030 3637 21.
2063 3581 2246 3636 Dolosi
2299 3579 2617 3648 impotenter
2676 3575 3058 3635 dominantes,
3119 3581 3172 3626 et
3228 3572 3425 3642 injuste

1868 3682 2087 3730 azentes

268 3755 366 3809 22.
406 3755 501 3807 Ἐκ
531 3751 838 3820 πλεονεξίας
871 3756 1192 3822 συναγαγεῖν
1221 3755 1432 3815 ἑαυτοῖς
1469 3755 1501 3824 ὴ
1547 3752 1765 3824 φροντὶς
1868 3713 1881 3730 ⁸

1868 3691 1895 3730 a
1937 3691 2087 3730 entes

1903 3691 2023 3821 S22.
2061 3761 2132 3819 Ut
2161 3763 2263 3819 sibi
2294 3776 2323 3817 e
2356 3761 2497 3830 turpi
2529 3760 2679 3812 lucro
2705 3763 3050 3826 congregem,
3084 3769 3212 3809 cura
3237 3768 3423 3807 eorum

193 3847 388 3902 αὐτῶν
419 3849 583 3899 ἐστιν.
1865 3865 1966 3912 εει,

271 3937 470 3992 25-25.
505 3939 568 3989 Ol
593 3935 701 4004 γὰρ
734 3933 1018 3988 πλουτεῖν
1046 3933 1326 3999 θέλοντες
1367 3934 1767 4002 ἐμπίπτουσιν

1938 3945 2125 4000 25-25.
2162 3943 2303 3996 Nam
2337 3942 2425 4011 qui
2473 3939 2650 3993 volunt
2696 3939 2882 3992 divites
2914 3938 3056 4005 ﬁeri,
3105 3937 3341 3989 incidunt
3373 3936 3424 3989 in

194 4034 296 4096 εὶς
324 4027 656 4096 πειρασμὸν
679 4027 773 4080 καὶ
807 4025 1025 4095 παγίδα
1049 4026 1152 4079 τοῦ
1183 4025 1482 4079 διαϐόλου.

1322 4026 1482 4079 0'10”-
1869 4037 2207 4092 teutationem
2237 4044 2286 4087 et
2315 4036 2366 4087 in
2393 4035 2634 4102 laqueum
2661 4032 2935 4084 diaboli".

273 4122 370 4176 26.
409 4120 487 4172 Τὰ
515 4119 653 4172 αὐτὰ
684 4119 942 4188 ἐλάλησεν
967 4119 994 4169 6
1025 4116 1156 4179 Θεὸς
1178 4118 1269 4170 καὶ
1291 4119 1346 4169 ἐν
1379 4116 1456 4188 τῷ
1489 4118 1655 4188 νόμῳ,
1675 4119 1766 4171 καὶ

1934 4126 2023 4180 26.
2056 4102 2256 4180 ἐδόθη]
2315 4125 2529 4179 loeutus
2571 4131 2654 4177 est
2712 4122 2848 4175 Deus
2890 4130 2941 4174 ct
2989 4121 3043 4173 in
3093 4120 3226 4190 lege,
3267 4129 3320 4173 et
3373 4118 3426 4173 in

191 4216 257 4266 ἐν
284 4214 400 4273 τοῖς
424 4212 725 4280 προφήταις
757 4208 825 4260 τὰ
855 4207 946 4259 δύο
969 4208 1139 4260 ταῦτα
1167 4225 1179 4237 ο

855 4207 946 4259 δύο
969 4208 1139 4260 ταῦτα
1167 4225 1179 4237 °
1867 4219 2146 4289 prophetis
2173 4218 2287 4272 haec
2318 4219 2424 4270 duo
2450 4234 2461 4268 :

268 4304 365 4358 27.
409 4301 752 4370 Ἀγαπήσεις
786 4303 1006 4369 Κύριον
1039 4300 1145 4352 τὸν
1176 4302 1323 4353 Θεόν
1350 4314 1485 4352 σου.

1437 4318 1485 4352 U-
1932 4305 2023 4364 27.
2057 4310 2253 4379 Diliges
2291 4307 2576 4360 Dominum
2615 4305 2777 4360 Deum
2811 4315 2957 4358 tuum
2985 4303 3050 4356 ³⁷³.

269 4397 367 4456 28.
402 4397 513 4450 Καὶ
541 4399 782 4466 ποιήσεις
809 4394 953 4448 ἔλεον
989 4393 1066 4465 τῷ
1090 4393 1313 4462 πλησίον
1349 4409 1440 4445 σου
1466 4392 1540 4455 ὡς
1568 4392 1762 4460 ἐαυτῷ.

1937 4402 2026 4455 28.
2063 4401 2128 4454 Et
2171 4400 2338 4454 facies
2390 4398 2819 4454 miscricordiam
2871 4395 3120 4464 proximo
3157 4403 3248 4446 tuo
3292 4391 3431 4446 sicut

1799 4512 1844 4568 ι)
1872 4495 1966 4548 tibi
2004 4493 2103 4563 ipsi
2128 4493 2191 4545 τι.

272 4580 366 4633 ιθ·
389 4575 672 4646 Αὺτδςγάρ
689 4574 956 4628 ἀποδώσει
971 4575 1184 4644 ἑκάστῳ
1199 4575 1416 4628 κατὰτὰ
1432 4576 1566 4647 ἔργα
1586 4579 1765 4637 αὑτοῦ,

1946 4585 2035 4640 20.
2068 4585 2188 4655 Ipse
2216 4584 2358 4638 enim
2379 4582 2670 4652 unicuique
2690 4581 2875 4635 reddet
2894 4579 3045 4647 juxta
3073 4593 3229 4647 opera
3258 4576 3424 4632 Sua".

285 4670 352 4721 Ἦ
379 4667 710 4739 προκειμένη
744 4665 1021 4736 ἐπιγραφὴ
1044 4656 1286 4735 περιέχει
1313 4665 1388 4735 (⁸2)
1416 4681 1429 4695 ⁸
1469 4668 1712 4736 Ψαλμος
1741 4670 1820 4742 τῷ
1849 4673 2024 4728 Δαόίδ
2047 4690 2061 4704 ·
2094 4673 2164 4726 ἐν
2187 4665 2268 4739 τῷ
2293 4668 2443 4726 εἶναι
2477 4669 2662 4722 αὑτὸν
2686 4670 2754 4721 ἐν
2778 4667 2853 4735 τῇ
2885 4668 3078 4736 ἐρήμῳ
3110 4666 3214 4732 τῆς
3255 4665 3434 4719 Ἰδου-

188 4763 405 4834 μαίας.
433 4760 602 4813 Τοῦτο
615 4756 705 4812 οὗν
727 4760 871 4812 ἐστιν
897 4758 924 4810 ὃ
947 4758 1111 4824 λέγει.
1131 4758 1309 4811 Δαϐὶδ
1341 4760 1697 4829 ἑρμηνεύεται
1719 4767 2109 4835 ὲξουθένημα,
2137 4766 2354 4835 ἔρημος
2382 4764 2475 4815 καὶ
2500 4765 2572 4833 (5)
2607 4765 2637 4814 ὀ
2659 4762 2884 4830 κόσμος
2909 4761 3212 4828 θεωρεῖται.
3254 4756 3434 4810 Ἰδου-

185 4853 352 4923 μαία
373 4852 430 4904 δὲ
465 4850 820 4921 ἑρμηνεύεται
851 4848 1219 4900 ἐκλείπουσα
1239 4866 1252 4878 ·
1285 4849 1557 4901 τουτέστιν
1584 4853 1611 4903 ὁ
1638 4853 1959 4926 ἁμαρτωλὸς
1987 4857 2015 4908 6
2041 4855 2458 4926 ἐξουθενημένος
2489 4853 2561 4906 ὧν
2593 4853 2668 4924 (4)
2703 4855 2819 4904 ἐστι
2843 4850 2919 4919 τῷ
2946 4851 3132 4919 κόσμῳ
3156 4848 3233 4919 τῷ
3266 4847 3433 4900 ὲκλεί-

276 4943 502 4996 Titulus
538 4942 867 5010 prtepositus
893 4942 1132 4994 continet
1163 4959 1176 4993 :
1209 4940 1456 4996 Psalmus
1484 4944 1652 5000 David
1692 4967 1708 5002 :
1741 4968 1857 5003 cum
1892 4961 2026 5005 esset
2058 4952 2166 5018 ipse
2204 4952 2259 5001 in
2295 4949 2497 5000 deserto
2533 4945 2804 4999 Iduma'w.
2845 4942 2957 4997 Hoc
2983 4944 3144 5011 igitur
3165 4951 3266 5004 cst,
3291 4942 3430 5010 quod

193 5041 502 5111 signiﬁcat.
549 5038 719 5090 David
753 5039 1135 5105 interpretatur
1181 5037 1424 5105 abjectio,
1459 5048 1512 5093 et
1541 5042 1733 5098 deserti
1763 5047 1984 5101 nomine
2021 5047 2245 5099 mundus
2279 5044 2562 5113 allegorice
2592 5039 2908 5110 intelligitur
2941 5058 2953 5093 :
2988 5037 3225 5090 Idumtea
3255 5046 3432 5089 autem

194 5134 604 5201 interpretatur
650 5129 894 5198 deﬁciens
931 5144 949 5180 :
981 5145 1172 5197 nempe
1200 5139 1470 5196 peccator,
1517 5137 1609 5201 qui
1656 5150 1807 5190 cura;

1820 5152 1838 5189 ι
1871 5136 1981 5192 Deo
2012 5144 2356 5204 contemptus
2389 5144 2442 5188 et
2482 5133 2723 5201 ahjcctus
2747 5139 2849 5195 est,
2891 5144 3114 5182 manens
3143 5127 3195 5179 in
3232 5127 3433 5179 mundo

272 5247 326 5300 1.
369 5247 428 5297 Ὀ
461 5245 589 5308 θεὸς
616 5247 644 5296 6
672 5244 802 5308 Θεός
830 5262 951 5315 μου,
969 5244 1060 5297 ἐπὶ
1085 5245 1144 5296 τὸ
1168 5244 1281 5314 φῶς
1300 5263 1390 5298 σου
1415 5247 1551 5301 θέλω
1573 5249 1763 5304 ἐλθεῖν.

1952 5253 1998 5307 1.
2034 5252 2175 5308 Deus
2201 5250 2344 5304 Deus
2371 5264 2523 5302 meus
2545 5289 2558 5313 ,
2591 5247 2655 5300 ad
2689 5245 2864 5298 lucem
2902 5252 3048 5297 tuam
3073 5241 3195 5294 volo
3229 5242 3429 5296 venire.

272 5362 319 5391 ⁷³
355 5357 372 5410 1
401 5353 545 5414 Τιιιι.
572 5376 646 5423 vr,
678 5359 730 5413 9.
806 5359 852 5388 ⁷³
871 5357 1022 5413 Deut.
1045 5375 1120 5422 Vl,
1148 5360 1212 5424 5;
1248 5358 1437 5416 Matth.
1466 5363 1700 5426 xxu,57.
1779 5364 1822 5395 ⁷⁵
1856 5363 2027 5421 Lex-it.
2066 5382 2178 5428 xu,
2208 5363 2274 5417 18
2297 5380 2310 5427 ;
2337 5360 2526 5414 Matth.
2555 5373 2692 5424 χχιι,
2725 5355 2816 5411 59.
2898 5356 2944 5386 "°
2976 5353 3134 5408 Rom.
3159 5368 3219 5419 ιι,
3242 5353 3294 5406 6.

1157 5477 1460 5538 Addenda
1499 5485 1557 5537 et
1599 5479 1971 5559 corrigenda
2004 5500 2080 5542 ex
2113 5479 2250 5540 cod.
2290 5476 2486 5538 Vatie.

271 5604 350 5670 Η)
405 5602 518 5672 Ἑ⁶π⁹
542 5597 698 5672 αὐτῷ
723 5598 988 5672 ἐλπίσατε-
1014 5600 1210 5662 πάντες
1243 5599 1317 5670 τῷ
1348 5600 1596 5672 ἑτοίμως,
1639 5613 1765 5668 Ειοο,
1950 5605 2024 5672 (δ)
2051 5604 2133 5655 Δέ-

194 5666 502 5744 ὲπέαύτόν.
632 5671 726 5744 18.
759 5669 1184 5744 Προσενέγκατε.
1290 5666 1300 5670 ⁷
1464 5666 1474 5672 ’
1754 5666 1758 5668 ’
2063 5676 2120 5728 ὀ
2148 5674 2223 5728 ὢν
2251 5672 2334 5725 ἔτι
2353 5671 2409 5722 ἐν
2431 5666 2531 5729 τῷ,
2564 5674 2670 5721 είς,

277 5743 353 5813 (2)
405 5745 449 5794 ll
483 5742 572 5794 διὰ
597 5741 694 5810 τῆς
723 5740 1088 5809 κινναϐάρεως
1112 5757 1228 5810 περ.
