4084 6322
719 338 824 398 895
1555 345 1612 402 S.
1650 346 2024 406 ATIIANASII
2057 353 2205 408 OPP.
2248 353 2426 409 PARS
2467 355 2552 411 Ill.
2593 388 2661 398 —-
2702 358 3107 416 EXEGETICA.
3849 365 3930 420 898

789 458 844 512 2.
877 457 1054 514 Sitivit
1081 470 1130 516 te
1158 463 1336 518 anima
1365 481 1481 520 mea
1513 485 1527 521 :
2303 481 2349 536 Α

2303 481 2349 536 Α
2447 477 2500 528 2.
2549 477 2796 548 Ἐὃίψησέ
2832 495 2888 530 σε
2923 481 2954 549 ή
2986 481 3129 550 ψυχή
3163 496 3294 551 μου⁶

788 551 841 604 3.
877 549 1048 617 Quam
1083 555 1452 624 multipliciter
1480 560 1574 614 tibi
1602 577 1731 616 caro
1761 578 1900 618 mea.

1714 577 1731 616 )
1761 578 1900 618 mea.
2455 569 2508 621 5.
2537 569 2837 635 Ποσαπλῶς
2875 589 2955 624 σοι
2985 575 3016 642 ἡ
3209 590 3327 644 μου.

785 643 839 697 4.
874 642 928 696 ln
961 654 1100 700 terra
1127 646 1362 714 deserta,
1386 660 1437 704 et
1467 652 1630 718 invia,
1651 664 1703 709 ct
1726 656 1988 726 inaquosa
2019 678 2029 711 :

2455 663 2507 715 4.
2547 663 2632 714 Ἐν
2670 667 2738 732 γῇ
2767 665 2978 734 ἐρήμῳ,
3004 665 3098 718 καὶ
3123 642 3327 734 ἀϐάτῳ,
3361 665 3455 718 καὶ
3487 664 3707 735 ἀνύδρῳ

790 735 844 789 5.
877 735 966 792 Sic
988 738 1040 791 in
1064 749 1254 796 sancto
1279 745 1504 811 apparui
1542 746 1636 800 tibi
1671 765 1684 801 :

2456 757 2507 810 5.
2541 756 2727 819 Οὕτως
2760 758 2815 808 ἐν
2848 757 2924 827 τῷ
2947 759 3087 828 ἁγίῳ
3126 757 3298 829 δφθην
3328 775 3410 810 σοι
3435 775 3449 790 ·

787 827 841 882 6.
887 828 953 884 Ut
996 831 1235 886 viderem
1271 833 1523 891 virtutem
1569 851 1735 903 tuam,
1772 850 1824 895 et
1850 843 2076 912 gloriam
2107 854 2276 899 tuam.

2270 885 2276 899 .
2457 851 2510 902 6.
2545 849 2647 902 Τοῦ
2675 849 2800 902 ἰδεῖν
2827 850 2924 919 τὴν
2952 827 3194 920 δύμαμίν
3218 827 3308 902 σου
3340 850 3432 902 καὶ
3459 849 3561 919 τὴν
3588 847 3751 910 δόξαν
3782 862 3883 899 σου.

792 921 842 976 7.
881 921 1148 989 Quoniam
1195 928 1384 982 melior
1434 940 1517 984 est
1565 934 1938 991 misericordia
1987 947 2074 992 tua
2120 955 2280 1009 super

2120 955 2280 1009 super
2459 941 2509 997 7.
2549 941 2669 994 Ὅτι
2703 945 2952 1012 κρεῖσσον
2981 943 3041 994 τὸ
3073 941 3216 1006 ἔλεός
3248 959 3339 994 σου
3375 941 3514 1011 ὑπὲρ
3549 939 3731 1003 ζωᾶς·

720 1011 857 1069 vitas
887 1027 902 1067 :

791 1103 844 1157 8.
880 1102 1046 1160 Labia
1072 1122 1189 1162 mea
1218 1109 1515 1164 laudabunt
1548 1121 1618 1181 te,

2454 1121 2508 1176 8.
2541 1121 2620 1175 Τὰ
2645 1121 2793 1192 χείλη
2829 1137 2927 1190 μου
2955 1119 3296 1172 ἐπαινέσουσι
3333 1135 3411 1171 σε.

790 1197 841 1252 9.
882 1196 969 1253 Sic
995 1199 1307 1256 benedicam
1344 1215 1394 1258 te
1419 1205 1471 1258 in
1497 1207 1604 1261 vita
1630 1224 1745 1263 mea
1773 1229 1784 1264 :

2453 1217 2504 1271 9.
2540 1215 2726 1278 Οὕτως
2751 1214 3026 1285 εὐλογήσω
3051 1231 3107 1265 σε
3137 1215 3194 1266 ἐν
3227 1215 3291 1282 τῇ
3325 1211 3432 1280 ζωῇ
3473 1227 3576 1280 μου
3598 1226 3611 1239 ·

791 1288 878 1342 10.
916 1289 979 1343 Et
1008 1291 1059 1343 in
1084 1293 1304 1348 nomine
1330 1304 1420 1349 tuo
1451 1296 1639 1352 levabo
1667 1316 1860 1357 manus
1889 1320 2056 1360 meas.

2455 1308 2540 1361 10.
2577 1307 2687 1360 Kal.
2710 1307 2767 1358 ὲν
2790 1304 2865 1374 τῷ
2897 1305 3121 1374 ὀνόματί
3154 1320 3247 1355 σου
3277 1302 3394 1373 ἀρῶ
3427 1300 3525 1362 τὰς
3560 1301 3759 1371 χεῖράς
3793 1316 3903 1370 μου.

794 1377 881 1431 11.
917 1379 1070 1435 Sicut
1111 1382 1265 1452 adipe
1310 1394 1363 1439 et
1406 1386 1732 1456 pinguedine
1780 1392 2049 1461 repleatur
2099 1394 2274 1448 anima

2456 1401 2544 1454 11.
2583 1400 2668 1461 Ὠς
2717 1400 2779 1450 ὲκ
2827 1397 3046 1460 στέατος
3091 1397 3183 1449 καὶ
3233 1395 3485 1465 πιότητος
3535 1393 3931 1463 ἐμπλησθείηή

719 1485 838 1525 mea
865 1490 877 1525 ε

2381 1491 2522 1562 ψυχή
2558 1507 2677 1561 μου·

782 1563 867 1618 12.
897 1562 964 1618 Et
988 1565 1147 1623 labiis
1181 1571 1563 1630 exsultationis
1599 1576 1842 1634 laudabit
1871 1595 1934 1635 os
1964 1597 2170 1638 meum.

2453 1584 2538 1636 12.
2573 1584 2679 1635 Kal
2715 1583 2866 1651 χείλη
2902 1579 3272 1648 ἀγαλλιάσεως
3295 1579 3500 1631 αἰνέσει
3528 1577 3591 1630 τὸ
3617 1579 3794 1647 στόμα
3826 1595 3931 1647 μου.

786 1657 870 1712 15.
907 1656 962 1712 Si
999 1676 1208 1716 memor
1253 1662 1329 1718 fui
1367 1668 1441 1719 tui
1485 1684 1650 1738 super
1697 1681 1925 1728 stratum
1960 1692 2175 1742 meum,
2221 1677 2274 1732 in

2450 1677 2532 1730 15.
2570 1676 2632 1727 Εἰ
2665 1673 3066 1745 ὲμνημόνευσόν
3102 1690 3194 1724 σου
3234 1672 3325 1724 ἐπὶ
3367 1673 3464 1742 τῆς
3503 1674 3798 1743 στρωμνῆς
3829 1687 3931 1739 μου,

715 1750 994 1808 matutinis
1024 1755 1324 1811 meditabar
1346 1760 1398 1812 in
1424 1769 1494 1814 te.

2382 1771 2438 1823 ὲν
2459 1773 2571 1832 τοῖς
2606 1768 2821 1840 ὄρθροις
2851 1766 3120 1836 ἐμελέτων
3146 1768 3224 1828 εἰς
3255 1765 3312 1817 σέ
3332 1781 3343 1794 ·

783 1843 866 1895 ιι.
901 1843 1038 1910 Quia
1068 1847 1216 1902 fuisti
1242 1851 1459 1920 adjutur
1487 1871 1638 1912 meus
1669 1880 1682 1913 ε
2312 1843 2355 1899 Β

2312 1843 2355 1899 Β
2457 1861 2542 1914 14.
2584 1861 2705 1912 Ὅτι
2733 1859 2995 1930 ἐγενήθης
3031 1857 3221 1927 βοηθός
3257 1873 3387 1928 μου·

784 1933 870 1987 15.
904 1934 969 1990 Ει
997 1937 1046 1991 in
1075 1940 1378 1998 velamento
1405 1947 1616 2003 alarum
1647 1959 1864 2008 tuarum
1902 1957 2206 2013 exsultabo.

2452 1955 2540 2008 15.
2567 1953 2677 2006 Καὶ
2702 1954 2758 2006 ὲν
2800 1956 2866 2022 τῇ
2905 1952 3081 2022 σκέπῃ
3107 1951 3213 2002 τῶν
3251 1949 3539 2021 πτερύγων
3570 1966 3668 2001 σου
3700 1947 3939 2016 eryma-

2381 2066 2564 2102 σομαι.

2381 2072 2398 2102 ι.

785 2116 865 2170 16.
905 2119 1140 2178 Adhaesit
1173 2127 1354 2182 anima
1394 2145 1514 2185 mea
1561 2144 1681 2204 post
1712 2145 1762 2191 te
1792 2157 1805 2192 :

2528 2067 2564 2101 ι.

2381 2067 2540 2198 σοῗὲ.
2584 2139 2932 2210 Ἑκολλήθηὴ
2967 2139 3109 2207 ψυχή
3141 2154 3241 2207 μου
3260 2134 3432 2187 ὀπίσω
3467 2151 3561 2186 σου
3585 2151 3598 2164 ·

783 2208 872 2262 17.
907 2209 990 2266 Me
1012 2223 1192 2270 autem
1225 2224 1464 2292 suscepit
1488 2224 1681 2282 dextra
1708 2239 1823 2283 tua.

2456 2235 2545 2288 17.
2593 2231 2755 2303 Ἐμοῦ
2788 2208 2844 2283 δὲ
2865 2208 3196 2283 Ῠὰντελάϐετο
3227 2229 3258 2296 ἡ
3300 2225 3450 2290 δεξιά
3479 2242 3595 2278 σου.

786 2300 872 2356 18.
909 2302 1016 2374 lpsi
1077 2324 1204 2365 vero
1267 2312 1324 2366 in
1380 2329 1582 2371 vanum
1648 2321 1982 2389 quaesierunt
2044 2323 2282 2382 animam

2451 2329 2535 2383 18.
2563 2300 2728 2381 Αὐτοὶ
2751 2325 2807 2378 δὲ
2835 2327 2914 2388 εἰς
2949 2324 3123 2393 μάτην
3145 2321 3418 2391 ἐζήτησαν
3448 2317 3548 2390 τὴν
3575 2317 3763 2389 ψυχήν
3794 2331 3910 2386 μου·

712 2405 888 2446 meam
918 2412 930 2426 '

1821 2553 2193 2610 ATHANASII
2234 2551 2819 2611 INTERPRETATIO.

711 2701 884 2752 ποντι,
923 2685 1088 2742 Θέλων
1118 2691 1441 2764 ἐπιστρέψαι
1468 2696 1563 2750 καὶ
1590 2697 1762 2752 ἐλθεῖν
1785 2702 1877 2754 ἐπὶ
1899 2704 1960 2756 τὸ
1990 2704 2270 2777 βάπτισμα
2297 2749 2310 2773 ,
2349 2705 2509 2761 πάλιν
2535 2705 2674 2776 μετὰ
2706 2704 2788 2776 (1)
2817 2704 3098 2776 βάπτισμα
3124 2696 3480 2773 ἡμαρτηκὼς,
3509 2698 3607 2753 καὶ
3637 2697 3811 2752 θέλων
3863 2715 3942 2767 με·

710 2779 966 2850 τανοῆσαι
990 2781 1133 2850 λέγει
1167 2785 1257 2838 τὸν
1279 2786 1492 2859 ψαλμὸν
1519 2791 1726 2847 τοῦτον.

711 2871 1015 2942 deﬁciente,
1049 2891 1170 2931 eum
1200 2879 1312 2933 vult
1340 2885 1604 2949 converti,
1634 2894 1689 2939 et
1713 2887 1897 2942 venire
1926 2888 1990 2942 ad
2017 2890 2307 2959 baptisma,
2336 2898 2390 2944 et
2420 2903 2611 2945 rursus
2647 2897 2768 2958 post
2798 2887 3066 2958 baptisma
3103 2902 3225 2941 cum
3261 2883 3587 2956 peccaverit,
3619 2893 3677 2939 et
3699 2883 3816 2937 vult
3844 2897 3942 2952 pe-

712 2967 992 3025 nitentiam
1025 2989 1204 3044 agere,
1229 2977 1361 3031 dicit
1383 2978 1529 3033 hunc
1558 2980 1853 3049 psalmum.

777 3065 831 3118 2.
868 3066 1204 3124 Desideravit
1229 3079 1278 3126 te
1312 3073 1489 3128 anima
1518 3091 1657 3130 mea.
2296 3085 2342 3147 C

2296 3085 2342 3147 C
2441 3082 2496 3136 2.
2531 3079 2874 3150 Ἐπεθύμησέ
2905 3095 2962 3130 σε
2995 3079 3027 3148 ἡ
3055 3075 3198 3146 ψυχή
3234 3090 3355 3143 μου.

785 3155 840 3209 '5.
882 3155 1244 3228 Multiplieitcr
1276 3163 1772 3224 innumerabiliter.

1615 3169 1772 3224 iliter.
2444 3175 2498 3229 ὅ.
2531 3174 2793 3243 Ποσαχῶς
2821 3173 2920 3224 ἀνα
2930 3169 3013 3241 ριο
3024 3171 3228 3239 μήτως.

780 3246 835 3300 4.
871 3247 1137 3315 Quoniam
1171 3269 1426 3324 tanquam
1471 3260 1606 3314 nihil
1655 3278 1776 3317 sum
1823 3279 2008 3318 coram
2042 3275 2094 3319 te
2136 3283 2149 3319 :
2195 3265 2272 3319 si-

2448 3267 2499 3320 4.
2545 3267 2664 3318 Ὅτι
2707 3265 2782 3327 ὡς
2811 3262 2962 3317 οὐδέν
3017 3263 3128 3331 εἰμι
3164 3257 3389 3312 ἐνώπιόν
3425 3274 3555 3310 σου·
3604 3257 3801 3328 ἐπειδὴ
3839 3255 3943 3309 οὒτε

709 3339 930 3408 quidem
965 3357 1142 3412 neque
1174 3346 1350 3413 radix,
1381 3363 1557 3417 neque
1585 3350 1706 3418 llos,
1749 3369 1925 3422 neque
1957 3353 2164 3410 fructus
2195 3364 2276 3410 est

2119 3370 2164 3410 ts
2195 3364 2276 3410 est
2383 3359 2528 3430 ῥίζα,
2557 3359 2678 3411 οὔτε
2713 3356 2893 3419 ἄνθος,
2926 3353 3048 3408 οὔτε
3074 3351 3282 3422 καρπός
3309 3353 3456 3402 ὲστιν
3488 3351 3546 3402 ὲν
3579 3348 3732 3420 ἐμοί.

711 3446 765 3484 ιιι
801 3447 907 3487 me.

781 3525 835 3579 5.
872 3523 962 3580 Sic
981 3526 1034 3581 in
1064 3527 1226 3583 domo
1251 3542 1438 3587 sancta
1462 3542 1553 3590 tua
1586 3539 1789 3594 accessi
1813 3540 1879 3595 ad
1919 3550 1992 3596 te.

2450 3534 2501 3589 5.
2538 3534 2723 3600 Οὕτως
2750 3537 2806 3588 ὲν
2833 3533 2910 3605 τῷ
2940 3533 3073 3604 οἴκῳ
3107 3531 3185 3603 (Ξ)
3219 3529 3297 3600 τῷ
3326 3527 3465 3598 ἁγίῳ
3499 3544 3595 3579 σου
3647 3525 3944 3599 προσῆλθόν

2380 3645 2460 3682 σοι

784 3699 836 3752 6.
877 3699 941 3754 Ut
970 3703 1238 3760 discerem
1271 3711 1724 3766 resurrectionem
1785 3727 1933 3767 tuam
1983 3725 2038 3770 et
2070 3716 2278 3786 passio.

2451 3718 2505 3774 6.
2544 3716 2649 3770 Τοῦ
2683 3715 2870 3787 μαθεῖν
2896 3715 2992 3788 τὴν
3037 3713 3331 3770 ἀνάστασιν
3361 3713 3437 3782 (Si
3481 3729 3578 3765 σου
3621 3715 3724 3766 καὶ
3766 3714 3827 3766 τὸ
3855 3711 3945 3763 πά-

715 3806 839 3845 nem
864 3803 1033 3848 tuam.

1006 3816 1033 3848 ι.
2381 3812 2471 3874 Οος
2506 3828 2619 3865 σου.

787 3884 838 3939 7.
872 3885 1142 3952 Quoniam
1182 3891 1354 3947 multo
1397 3894 1588 3948 melior
1643 3907 1724 3950 est
1761 3896 2128 3954 misericordia
2190 3909 2280 3955 tua

2455 3904 2503 3956 7.
2532 3905 2653 3956 ’Ότι
2685 3902 2818 3955 πολὺ
2847 3901 3051 3970 βέλτιον
3080 3901 3138 3953 τὸ
3171 3900 3316 3962 ἔλεός
3361 3915 3451 3951 σου
3497 3897 3643 3969 ὑπὲρ
3682 3899 3787 3970 τὴν

714 3993 876 4046 quam
906 3981 1210 4050 voluptates
1234 3993 1283 4039 et
1308 3985 1512 4041 divitiae
1543 3989 1705 4058 hujus
1724 3992 1930 4047 saeculi.

2380 3989 2588 4051 λαυσιν,
2616 3987 2708 4042 καὶ
2737 3987 2826 4041 τὸν
2851 3986 3076 4039 πλοῦτον
3105 3986 3198 4040 τοῦ
3234 3984 3426 4047 αἰῶνος
3461 3984 3676 4039 τούτου.

786 4069 838 4122 8.
871 4069 1036 4126 Labia
1056 4074 1239 4130 cordis
1263 4078 1366 4132 mei
1399 4077 1700 4135 laudabunt
1733 4090 1802 4135 te.

2452 4083 2505 4138 8.
2543 4081 2622 4134 Τὰ
2647 4081 2797 4152 χείλη
2824 4083 2923 4151 τῆς
2944 4081 3170 4151 καρδίας
3200 4096 3299 4150 μου
3323 4079 3707 4149 ἁνυμνήσουσξ
3741 4099 3819 4133 σε.

789 4157 843 4212 9.
877 4159 1123 4232 Semper.

2451 4175 2505 4229 9.
2539 4172 2855 4235 Διαπαντός.

790 4252 877 4305 10.
913 4253 1140 4308 lntendo
1176 4257 1242 4310 ad
1275 4267 1324 4310 te
1360 4272 1454 4313 eor
1479 4275 1682 4314 meum.

2457 4266 2543 4319 10.
2587 4266 2876 4318 ’Λνατείνω
2906 4264 3041 4336 πρὸς
3069 4265 3128 4318 σὲ
3160 4264 3257 4334 τὴν
3287 4263 3508 4333 καρδίαν
3546 4280 3675 4333 μου.

787 4343 873 4398 11.
907 4343 1090 4401 Gratia
1129 4356 1240 4402 tua.
2313 4427 2334 4429 Α

2313 4427 2334 4429 Α
2458 4359 2542 4411 11.
2574 4359 2652 4428 Τῇ
2680 4357 2860 4429 χάριτί
2891 4374 2979 4410 σου
3006 4357 3103 4426 (4).

787 4436 871 4492 12.
907 4437 1082 4495 Corde
1103 4442 1409 4500 exsultante
1446 4444 1687 4500 laudabit
1727 4457 1776 4502 te
1803 4465 1863 4504 os
1891 4467 2094 4510 meum.
2311 4427 2354 4480 Β

2339 4430 2354 4479 )
2456 4450 2540 4503 η.
2573 4427 2683 4518 Τῆς
2709 4427 2935 4519 καρδίας
2969 4447 3403 4518 ἀγαλλιωμένης,
3432 4445 3636 4498 αἰνέσει
3686 4449 3750 4500 τὸ
3791 4449 3952 4519 πόμα

2425 4560 2505 4595 Ου.

787 4613 872 4667 15.
907 4613 964 4668 Si
1000 4618 1300 4672 meminero
1345 4622 1422 4674 tui
1467 4622 1518 4674 in
1559 4624 1739 4692 quiete
1782 4627 1979 4683 animae
2030 4646 2183 4700 meae,
2227 4635 2280 4688 in

2425 4560 2505 4595 ou.

2385 4560 2422 4614 μ
2455 4635 2540 4689 15.
2578 4632 2701 4687 Ἐὰν
2749 4629 3104 4703 μνημονεύσω
3137 4646 3229 4681 σου
3275 4628 3330 4680 ἐν
3360 4631 3423 4698 τῇ
3465 4630 3676 4699 ἡσυχίᾳ,
3725 4632 3830 4700 τῆς
3865 4633 3952 4700 cru-

717 4708 988 4763 mandatis
1016 4711 1124 4765 tuis
1155 4711 1478 4770 meditabor.

2383 4729 2484 4797 χῆς
2511 4743 2634 4797 μου,
2672 4726 2728 4778 ἐν
2755 4726 2865 4787 τοῖς
2896 4720 3280 4792 προστάγμασί
3315 4737 3406 4772 σου
3434 4720 3749 4791 μελετήσω.

790 4802 874 4855 1-1.
905 4803 1041 4870 Quia
1077 4822 1293 4876 semper
1348 4808 1402 4864 in
1461 4810 1730 4866 mandatis
1777 4814 1885 4868 tuis
1935 4819 2281 4874 corroboravi

2456 4820 2545 4874 11.
2577 4821 2695 4872 ’Ὁτι
2727 4819 2812 4871 ἀεὶ
2845 4819 2902 4870 ὲν
2930 4819 3040 4879 τοῖς
3070 4814 3449 4886 προστάγμασι
3481 4831 3572 4866 σου
3609 4817 3951 4886 mammo-

714 4909 822 4949 me.

2387 4912 2456 4966 σά
2479 4929 2545 4983 με
2572 4911 2670 4981 (5).

789 4986 876 5041 15.
907 4987 971 5043 Ει
999 4991 1051 5043 in
1079 4991 1291 5046 duobus
1313 4993 1419 5048 tuis
1444 4992 1805 5054 Testamentis
1832 5001 2136 5056 exsultabo.

2455 5005 2539 5058 15.
2572 5004 2682 5056 Kal.
2715 5004 2772 5054 ὲν
2793 5003 2913 5064 ταῖς
2939 4999 3057 5054 δυσί
3089 5015 3180 5051 σου
3206 4997 3502 5068 Διαθῆκαις
3526 4997 3951 5074 ἀγαλλιάεομαι,

787 5081 874 5135 16.
908 5082 1144 5155 Vestigia
1171 5096 1260 5141 tua
1285 5097 1559 5157 sequetur.

2457 5098 2542 5152 16.
2573 5098 2698 5159 Τοῖς
2727 5095 2896 5165 ἷχνεσί
2927 5109 3018 5146 σου
3045 5090 3463 5161 ὲξακολουθήσει

790 5175 876 5231 17.
907 5175 986 5229 Tu
1013 5190 1192 5233 autem
1221 5182 1336 5251 ipse
1365 5182 1640 5240 deduxisti
1674 5201 1758 5241 me
1781 5187 2002 5243 dextera
2033 5198 2142 5244 tua.

2046 5205 2142 5244 ,ua.
2461 5187 2544 5240 17.
2578 5186 2748 5248 Αὐτὸς
2777 5185 2833 5237 δὲ
2862 5183 3147 5254 ὡδήγησάς
3173 5198 3240 5252 με
3271 5183 3337 5253 τῇ
3360 5180 3513 5253 δεξιᾷ
3539 5197 3659 5238 σου.

787 5268 874 5325 18.
901 5267 1204 5328 Daemones.

2460 5279 2543 5332 18.
2578 5279 2639 5330 Οἱ
2662 5277 2932 5347 δαίμονες.

1659 5484 1964 5551 Addenda
1995 5493 2054 5549 et
2085 5484 2460 5564 corrigenda
2505 5498 2581 5542 ex
2612 5481 2754 5541 cod.
2790 5478 2988 5539 Vatic.

785 5633 860 5717 (tl
888 5635 1041 5717 ιδπεῖά
1441 5708 1453 5717 .

2699 5634 2923 5717 χάριτός
2948 5649 3061 5717 σου.

893 5706 1039 5787 Sed):
1070 5707 1236 5787 Paullo
1269 5717 1386 5777 post
1424 5708 1572 5765 deest
1603 5727 1715 5764 σου.

1525 5719 1572 5765 st
1603 5727 1715 5764 σου.
2576 5705 3012 5787 ςξνεδυνὰμωσάς
3049 5720 3136 5774 με.

793 5775 866 5845 (5)
913 5774 1391 5847 Ἀνὰπαυσίνίεια

2461 5779 2535 5850 (6)
2576 5774 3033 5850 Ἑξακολουθήσω.
