4056 6318
85 365 205 418 901
986 361 1075 415 DE
1116 358 1387 415 TITULIS
1421 357 1861 414 PSALMORRM.
1895 389 1962 397 -—
2000 357 2162 412 PSAI
2220 356 2402 413 LXIV.
3232 359 3335 414 902

172 475 244 529 2.
292 474 400 527 Καὶ
427 475 507 528 σοὶ
531 473 919 546 ἀποδοθήσεται
952 474 1082 546 εὐχὴ
1118 477 1174 528 ὲν
1207 475 1572 548 Ἰερουσαλήμ.
1711 482 1756 538 Α

1491 475 1572 545 ius.
1711 482 1756 538 Α
1849 474 1903 529 2.
1939 473 2002 527 Et
2031 475 2126 528 tibi
2152 474 2399 529 reddetur
2426 480 2607 526 votum
2644 471 2699 526 in
2734 471 3093 530 Hierusalem.

173 565 246 620 ὅ.
290 566 619 621 Εἰσάκουσον
645 565 950 639 προσευχῆς
979 583 1098 637 μου,
1127 567 1260 639 πρὸς
1289 567 1348 620 σὲ
1378 568 1528 621 πᾶσα
1550 565 1684 639 σάρξ

1852 567 1904 622 3.
1943 566 2147 622 Exaudi
2197 567 2496 622 orationem
2549 580 2759 631 meam,
2805 567 2873 621 ad
2913 576 2965 622 te
3002 565 3180 621 omnis
3208 581 3329 621 caro

84 657 262 727 ἥξει.

1781 660 1975 715 veniet.

171 750 238 804 4.
286 751 447 819 Λόγοι
475 753 686 822 ἀνόμων
718 751 1204 823 ὕπερεδυνάμωσαν
1231 753 1396 823 ἡμᾶς.

1849 748 1902 802 4.
1942 748 2113 804 Verba
2145 749 2452 818 iniquorum
2486 749 2878 820 przevaluerunt
2903 763 3066 816 super
3093 763 3193 804 nos
3221 766 3231 802 :

172 841 240 895 5.
287 843 397 896 Kal.
423 846 538 906 ταῖς
565 842 837 905 ἀσεϐείαις
865 843 1021 914 ἡμῶν
1056 844 1119 896 σὺ
1156 844 1333 916 ἱλάσῃ.

1851 839 1899 894 5.
1937 839 2001 893 Et
2031 841 2390 909 impietatibus
2417 842 2617 896 nostris
2643 851 2698 894 tu
2723 840 3121 910 propitiaberis.

172 933 239 986 6.
288 936 591 1005 Μακάριος,
623 933 680 987 ὃν
706 935 949 999 ἐξελέξω,
981 935 1074 988 καὶ
1105 935 1436 1007 προσὲλαϐου
1456 949 1471 967 ν

1463 950 1471 967 ν
1850 931 1901 986 6.
1937 931 2152 997 Beatus,
2184 949 2344 1002 quem
2376 934 2584 1003 elegisti
2610 945 2660 987 ct
2683 933 3024 1004 assumpsisti
3052 951 3065 986 :

173 1021 238 1074 7.
283 1024 707 1093 Κατασκηνώσει
737 1026 793 1076 ὲν
823 1028 942 1087 ταῖς
975 1024 1164 1088 αὐλαῖς
1197 1042 1310 1078 σου.

1079 1027 1164 1088 αἶς
1197 1042 1310 1078 σου.
1851 1025 1899 1078 7.
1933 1027 2255 1081 lnhabitabit
2286 1029 2337 1081 in
2371 1029 2522 1082 atriis
2550 1031 2677 1082 tuis.

174 1112 244 1167 8.
289 1114 718 1186 Πλησθησόμεθα
744 1116 800 1167 ὲν
824 1119 935 1180 τοῖς
961 1116 1182 1185 ἀγαθοῖς
1209 1118 1300 1170 τοῦ
1328 1119 1473 1170 οἴκου
1502 1135 1592 1170 σου
1614 1136 1625 1147 ·

1345 1119 1473 1170 δίκου
1502 1135 1625 1170 σου·
1846 1117 1896 1171 8.
1934 1117 2284 1188 Replehimur
2315 1123 2367 1174 in
2398 1120 2556 1174 bonis
2585 1121 2778 1173 domus
2805 1127 2910 1174 tute
2934 1138 2947 1174 :

171 1203 240 1258 9.
264 1206 450 1271 ’Δγιος
481 1209 509 1259 6
535 1207 659 1270 ναός
681 1223 797 1272 σου,
829 1206 1133 1278 θαυμαστὸς
1167 1212 1224 1262 ὲν
1247 1209 1573 1280 δικαιοσύνῃ.

1848 1210 1898 1264 9.
1942 1209 2199 1264 Sanctum
2235 1212 2492 1281 templum
2516 1221 2687 1276 tuum,
2717 1210 2961 1263 mirabile
2985 1208 3036 1262 in
3061 1208 3327 1278 arquitate.

175 1296 276 1350 1ο.
306 1299 636 1352 Ἐπάκουσον
659 1299 834 1370 ἡμῶν,
865 1301 893 1352 6
920 1300 1052 1364 Θεὸς
1077 1303 1104 1354 6
1130 1302 1316 1372 Σωτὴρ
1343 1301 1520 1372 ἡμῶν,

1412 1301 1520 1366 ιῶν,
1851 1303 1934 1357 10.
1975 1303 2176 1358 Exaudi
2204 1320 2336 1371 nos,
2375 1305 2512 1359 Deus
2543 1305 2787 1358 Salvator
2815 1312 3014 1368 noster,

177 1387 205 1439 1
223 1389 249 1441 1
264 1428 276 1440 .
304 1389 368 1441 Ἦ
401 1390 552 1452 ἐλπὶς
580 1391 795 1444 πάντων
813 1390 919 1443 τῶν
941 1392 1191 1464 περάτων
1212 1393 1307 1463 τῆς
1326 1396 1428 1463 γῆς
1459 1393 1552 1446 καὶ
1574 1394 1678 1445 τῶν

1845 1395 1929 1446 11.
1965 1394 2098 1464 Spes
2123 1397 2364 1450 omnium
2395 1397 2581 1450 [inium
2624 1407 2808 1459 terrae,
2845 1405 2897 1449 et
2934 1411 3121 1450 eorum
3156 1391 3328 1463 quiin

89 1481 155 1531 ὲν
197 1480 446 1552 θαλάσσῃ
476 1484 710 1554 μακράν.

527 1484 710 1554 ικράν.
1777 1483 1913 1536 mari
1953 1483 2129 1549 longe.

173 1571 276 1625 12.
303 1572 632 1644 Ἐτοιμάζων
663 1573 762 1644 ὅρη
791 1576 848 1627 ὲν
879 1577 945 1645 τῇ
976 1575 1116 1645 ἰσχύϊ
1144 1575 1328 1642 αὐτοῦ,

1846 1573 1931 1626 12.
1971 1572 2286 1644 Ριτορστοηδ
2314 1586 2522 1631 montes
2554 1577 2606 1630 in
2639 1578 2836 1630 virtute
2863 1591 2961 1629 sua

173 1663 272 1716 13.
315 1663 756 1734 Περιεζωσμένος
787 1666 844 1716 ὲν
869 1665 1174 1739 δυναστεία.

959 1665 1174 1739 ηαστεία.
1847 1664 1931 1719 13.
1965 1664 2254 1722 Accinctus
2285 1669 2517 1737 potentia
2551 1687 2561 1720 :

173 1751 272 1805 14.
300 1752 358 1804 '0
388 1753 770 1824 συνταράσσων
795 1755 854 1808 τὸ
886 1755 1044 1819 κύτος
1078 1758 1175 1827 τῆς
1208 1757 1500 1828 θαλάσσης,
1710 1822 1741 1828 _

1393 1774 1500 1828 της,
1710 1822 1741 1828 _
1842 1754 1926 1808 M.
1968 1754 2072 1821 Qui
2107 1757 2399 1812 conturbas
2430 1756 2754 1827 profundum
2796 1771 2995 1819 maris,

171 1845 272 1900 15.
289 1845 492 1914 Ἦχους
514 1822 770 1917 κυμάτων
799 1849 968 1920 αὐτῆς
993 1849 1074 1913 τίς
1114 1822 1506 1919 ύποστήσεταις
1709 1822 1748 1877 Β

1492 1868 1506 1913 ;
1709 1822 1748 1877 Β
1847 1847 1931 1900 15.
1967 1846 2165 1901 Sonum
2195 1822 2452 1902 ﬂuctuum
2483 1849 2599 1917 ejus
2630 1848 2750 1916 quis
2773 1845 3093 1901 sustinebit?

173 1933 268 1986 16.
307 1935 748 2007 Ταραχθὴσονται
785 1939 852 1993 τὰ
888 1940 1034 2012 ἔθνη,
1086 1942 1178 1994 καὶ
1210 1941 1600 2012 φοϐηθήσονται
1629 1945 1676 1996 οἱ

1848 1939 1934 1993 16.
1967 1939 2352 1994 Turbabuntur
2384 1950 2600 2009 gentes,
2641 1949 2694 1995 et
2733 1939 3000 1995 timebunt
3039 1937 3132 2008 qui
3175 1936 3326 1991 babi-

89 2024 488 2090 κατοικοῦντες
516 2028 582 2082 τὰ
610 2029 816 2100 πέρατα
848 2029 954 2083 ἀπὸ
980 2029 1088 2082 τῶν
1114 2032 1356 2102 σημείων
1384 2049 1477 2085 σου
1497 2049 1509 2062 ’

1002 2029 1088 2082 τῶν
1114 2032 1356 2102 σημείων
1384 2049 1477 2085 σου
1497 2049 1509 2062 ο
1775 2041 1890 2086 tant
1920 2034 2178 2087 terminos
2201 2048 2230 2086 a
2256 2033 2424 2103 signis
2457 2033 2564 2087 tuis
2593 2049 2604 2085 :

171 2115 267 2170 17.
317 2117 557 2184 Ἐξόδους
589 2121 820 2190 πρωῖας,
851 2123 945 2176 καὶ
980 2123 1215 2193 ἑσπέρας
1243 2123 1478 2194 τέρψεις.

1849 2122 1931 2175 17.
1963 2121 2152 2178 Exitus
2179 2124 2444 2187 matutini,
2469 2133 2522 2178 et
2552 2137 2774 2193 vespere
2803 2120 3115 2177 delectabis.

172 2208 267 2261 18.
302 2210 608 2283 Ἐπισκέψω
631 2212 728 2284 τὴν
758 2217 879 2282 γῆν,
915 2215 1008 2267 καὶ
1045 2214 1312 2284 ὲμέθυσας
1340 2215 1505 2286 αὑτήν
1526 2232 1538 2244 ·

1433 2216 1505 2286 ῖήν
1526 2232 1538 2244 ·
1853 2212 1936 2268 18.
1977 2213 2219 2269 VisitaSIi
2247 2223 2467 2280 terram,
2493 2225 2545 2268 et
2572 2214 2850 2268 inebriasti
2875 2229 2992 2269 eam
3022 2231 3035 2267 :

178 2298 271 2352 19.
303 2299 637 2372 Ἐπλήθυνας
669 2302 762 2356 τοῦ
791 2303 1069 2357 πλουτίσαι
1099 2305 1287 2377 αὑτήν.

1244 2324 1287 2359 v.
1847 2305 1932 2361 19.
1966 2306 2329 2377 Multiplicasti
2360 2307 2681 2377 locupletare
2704 2320 2846 2361 eam.

1231 2481 1601 2537 ATHANASII
1642 2481 2215 2540 INTERPRETATIO.

170 2640 232 2693 2.
273 2640 385 2694 Καὶ
424 2642 484 2692 ὲν
514 2643 578 2711 τῇ
612 2640 754 2712 ψυχῇ
777 2644 842 2712 τῇ
873 2641 1054 2716 ὁρώσῃ
1084 2659 1143 2695 σε
1170 2641 1556 2714 ἀποδοθήσεται
1591 2659 1670 2696 σοι

1844 2643 1898 2697 2.
1934 2641 2000 2698 Et
2026 2643 2206 2697 anima
2244 2640 2458 2697 vidente
2501 2651 2551 2698 te
2592 2643 2842 2698 reddetur
2868 2640 2961 2694 tibi
2996 2643 3205 2698 oratio:
3233 2642 3323 2698 Je-

93 2732 258 2801 εύχήο
287 2731 669 2802 Ἰερουσαλὴμ
685 2733 792 2803 γὰρ
811 2734 1166 2804 ἑρμηνεύεται
1187 2733 1391 2803 ὅρασις
1406 2733 1666 2802 ειρήνης.

1333 2733 1666 2802 ἰςειρήνηᾳ
1777 2736 2002 2790 rusalem
2031 2736 2172 2790 enim
2211 2735 2593 2806 interpretatur
2617 2736 2746 2789 visio
2771 2736 2935 2803 pacis.

176 2825 232 2878 5.
275 2824 608 2880 Είσάκουσον
638 2828 735 2898 τῆς
769 2829 1073 2899 προσευχῆς
1103 2845 1226 2898 μου,
1260 2828 1340 2882 ὅτι
1379 2827 1669 2897 πάντεςτῴ

1845 2827 1899 2880 5.
1923 2825 2128 2880 Exaudi
2154 2827 2454 2881 orationem
2485 2842 2685 2890 meam,
2711 2828 2966 2897 quoniam
2987 2841 3176 2882 omnes
3200 2835 3324 2882 ante

98 2916 317 2986 βήματι
350 2935 441 2970 σου
467 2918 925 2989 παραστησόμεθα
963 2918 1060 2990 (1).

963 2918 1060 2990 (1).
1773 2915 2038 2972 tribunale
2067 2926 2218 2970 tuum
2243 2922 2561 2972 statuemur.

173 3010 230 3062 4'.
261 3009 328 3062 'H
355 3010 540 3081 διδαχὴ
570 3010 663 3062 τοῦ
692 3010 933 3064 διαϐόλου
953 3012 1046 3064 καὶ
1064 3011 1172 3064 τῶν
1201 3011 1485 3083 ὑπουργῶν
1506 3010 1668 3065 αὐτοῦ

1840 3010 1893 3064 4.
1922 3008 2176 3064 Doctrina
2225 3008 2423 3063 diaboli
2460 3019 2515 3064 et
2552 3008 2923 3064 ministrorum
2968 3009 3086 3078 ejus
3118 3025 3320 3080 praeva-

96 3099 393 3167 κατίσχυεν
420 3098 497 3167 (2)
536 3099 707 3167 ἡμῶν.

632 3099 707 3150 ὗν.
1776 3104 1875 3158 luit
1902 3112 2087 3158 contra
2118 3118 2234 3157 nos.

177 3189 230 3241 5.
250 3187 310 3240 ’0
340 3186 535 3258 Ἀμνὸς
577 3187 671 3240 τοῦ
709 3187 842 3241 Θεοῦ
876 3189 905 3241 6
933 3187 1101 3258 αἴρων
1132 3187 1231 3261 τὴν
1265 3187 1534 3260 ἁμαρτίαν
1578 3187 1670 3240 τοῦ

1482 3205 1534 3240 ιν
1578 3187 1670 3240 τοῦ
1848 3191 1900 3247 5.
1930 3193 2116 3262 Agnus
2147 3191 2238 3246 Dei
2264 3191 2356 3260 qui
2393 3192 2528 3246 tollit
2557 3198 2838 3260 peccatum
2873 3190 3084 3248 mundi.

95 3281 335 3350 κόσμου.
1693 3270 1740 3334 C

170 3371 226 3426 6.
268 3370 551 3442 Μακάριος
593 3370 653 3424 6v
699 3371 912 3443 ὲρῤύσω
940 3374 1003 3426 ὲκ
1029 3372 1104 3445 (5)
1133 3373 1240 3426 τῶν
1267 3371 1549 3443 ἁμαρτιῶν
1579 3373 1673 3426 αύ-

1843 3382 1893 3436 ὁ.
1925 3380 2120 3435 Beatus
2165 3394 2325 3450 quem
2361 3378 2598 3434 liberasti
2643 3395 2671 3433 a
2699 3378 2931 3449 peccatis
2963 3379 3096 3448 suis,
3135 3389 3188 3435 et
3219 3395 3320 3436 cu-

99 3461 220 3525 τοῦ,
254 3464 349 3516 καὶ
372 3463 640 3532 ὲφύλαξας
665 3465 848 3517 αὐτόν.

555 3464 640 3532 Ξας
665 3465 848 3517 αὖτόνο
1773 3474 1982 3533 stodisti
2014 3490 2157 3529 eum.

176 3555 231 3609 7.
253 3553 345 3607 Ἐν
372 3558 491 3616 ταῖς
516 3555 759 3617 αἰωνίαις
791 3555 1176 3610 ἀναπαύσεσιν.

957 3555 1176 3610 ιύσεσιν.
1845 3569 1894 3622 7.
1931 3567 1984 3619 1η
2006 3566 2221 3620 :eternis
2248 3563 2559 3634 refrigeriis.

174 3646 229 3700 8.
248 3645 685 3716 Ἐμπλησθῶμεν
713 3646 823 3700 τῶν
853 3646 1234 3716 δικαιωμάτων
1267 3646 1360 3700 τοῦ
1397 3647 1524 3700 λαοῦ
1553 3664 1667 3702 σου.

1504 3647 1524 3699 3
1553 3664 1667 3702 σου.
1838 3656 1890 3710 8.
1920 3654 2753 3726 Replehimurjustilicationibus
2783 3653 2967 3722 populi
3011 3655 3106 3707 tui.

180 3737 234 3790 9.
255 3735 316 3790 '0
341 3736 468 3798 λαὸς
483 3737 508 3787 ὁ
541 3735 810 3789 πιστεύων
831 3737 909 3799 εἰς
928 3737 1004 3800 σὲ,
1024 3739 1079 3789 ὲν
1096 3731 1174 3799 οἷς
1195 3737 1356 3799 αὐτὸς
1382 3739 1666 3800 κατοικεῖς.

1575 3739 1666 3800 εἷς·
1840 3745 1892 3800 9.
1926 3745 2161 3814 Populus
2185 3744 2410 3799 credens
2436 3743 2489 3797 in
2521 3753 2593 3808 te,
2621 3743 2672 3796 iu
2712 3742 2828 3811 ipso
2857 3750 2912 3794 tu
2946 3741 3177 3796 habitas.

181 3827 268 3881 10.
314 3826 751 3899 Πρόσδεξαιτοὺς
781 3828 981 3898 ὕμνους
1001 3827 1177 3899 ἡμῶν,
1211 3826 1306 3892 οὓς
1337 3845 1417 3881 σοι
1440 3828 1672 3899 προσφέ-

1840 3835 1927 3890 10.
1959 3834 2158 3906 Excipe
2181 3835 2410 3907 hymnos
2433 3843 2667 3899 nostros,
2695 3849 2835 3904 quos
2877 3834 2975 3888 tibi
3020 3833 3313 3890 oﬂcrimus.

106 3939 297 3994 ρομενο

180 4015 269 4068 11.
311 4014 430 4067 Τῶν
461 4013 730 4067 Ἰουδαίων
763 4011 988 4066 καὶτῶν
1023 4011 1191 4065 ὲθνῶν
1224 4010 1459 4068 πάντων.

1309 4026 1459 4068 ντων.
1840 4013 1925 4066 11.
1961 4011 2269 4067 Iudaeorum
2292 4020 2346 4065 et
2375 4010 2617 4065 omnium
2648 4011 2911 4080 gentium.

179 4103 270 4157 1Ξ.
313 4101 595 4155 Ταπεινῶν
621 4101 718 4164 τάς
751 4099 997 4162 ἐναντίας
1030 4099 1302 4170 δυνάμεις.

1842 4104 1926 4158 12.
1958 4101 2260 4158 Humilians
2285 4102 2585 4158 contrarias
2613 4109 2930 4172 potestates.

178 4196 266 4249 15.
289 4193 613 4265 Ἐρχόμενος
641 4194 698 4246 ὲν
727 4191 1031 4262 δυναστείᾳ.

949 4191 1031 4262 lg.
1841 4193 1928 4246 15.
1957 4191 2190 4248 Veniens
2217 4192 2270 4246 in
2295 4192 2551 4260 potentia.

176 4290 266 4343 14.
295 4289 351 4342 '0
370 4287 666 4359 συντρίϐων
688 4287 748 4340 τὸ
772 4285 938 4358 κέρας
965 4284 1057 4338 τοῦ
1083 4284 1339 4355 ἄρχοντος
1358 4281 1449 4336 τοῦ
1467 4283 1667 4352 κόσμου

1541 4299 1667 4352 σμου
1834 4283 1923 4339 11.
1949 4282 2242 4339 Conterens
2274 4297 2443 4338 cornu
2465 4281 2723 4352 principis
2747 4282 2934 4337 mundi
2958 4281 3143 4353 hujus.

101 4398 317 4434 τούτου.

179 4473 269 4526 15.
310 4471 418 4535 Τάς
436 4469 698 4531 ὑποϐολὰς
712 4467 818 4521 τῶν
834 4467 1089 4533 ἐξουσιῶν
1105 4467 1195 4520 τοῦ
1221 4465 1411 4537 ἐχθροῦ
1436 4465 1516 4528 τίς
1536 4466 1666 4518 ὑπο-

1645 4495 1666 4504 ·
1839 4466 1925 4521 15.
1951 4463 2181 4521 lnsidias
2201 4474 2522 4537 potestatum
2546 4464 2750 4519 inimici
2778 4463 2901 4533 quis
2925 4463 3247 4519 sustinebit?

149 4567 300 4631 ἐρει;

107 4583 270 4710 φεῖ
287 4607 543 4726 ζἙμιροϐα
572 4654 807 4727 ἕντρομα
833 4651 908 4722 (4)
957 4651 1273 4721 γενήσονται
1314 4648 1380 4701 τά
1414 4648 1539 4719 ἔθνη
1561 4649 1668 4702 ἀπὸ
1697 4615 1709 4668 1

1709 4615 1739 4668 D
1839 4645 1924 4700 16.
1955 4643 2178 4699 Timidae
2216 4658 2280 4699 ac
2319 4643 2538 4714 trepidae
2563 4643 2691 4699 [ient
2719 4653 2906 4715 gentes
2944 4643 3015 4698 ob
3047 4643 3311 4698 mirabilia

107 4749 216 4802 τῶν
251 4747 540 4818 θαυμάτων
574 4761 688 4810 σου,
716 4739 791 4799 ὧν
819 4743 1138 4814 ἀκηκόασιν.

767 4761 791 4798 ν
819 4743 1138 4814 ἀκηκόασιν.
1768 4747 1859 4794 tua
1883 4753 2002 4809 qua
2029 4738 2369 4793 audiverunt.

181 4840 267 4895 17.
287 4839 376 4892 Ἐν
407 4837 482 4910 τῷ
513 4837 651 4907 φωτί
684 4854 776 4890 σου
803 4835 1087 4904 ὲξαγάγεις
1108 4833 1176 4884 τὰ
1203 4833 1350 4904 ἔθνη,
1395 4833 1488 4885 καὶ
1515 4833 1572 4885 ἐν
1604 4834 1668 4901 τῇ

1841 4831 1927 4886 17.
1955 4829 2012 4883 In
2041 4829 2160 4884 luce
2200 4839 2290 4883 tua
2319 4827 2505 4883 educis
2541 4837 2744 4896 gentes,
2774 4827 2931 4888 etin
2969 4841 3311 4882 consumma-

112 4930 387 5002 συντελείᾳ
417 4929 511 4983 τοῦ
541 4928 729 4992 αἰῶνος
769 4927 1073 4998 πληρώσεις
1105 4925 1243 4978 αὑτά
1271 4925 1669 4994 ἀγαλλιάσεται.

1326 4925 1669 4993 (αλλιάσεται.
1774 4923 1919 4978 tione
1957 4921 2138 4975 saeculi
2170 4919 2414 4988 implebis
2441 4934 2533 4975 eas
2555 4921 2928 4975 exsultatione.

181 5025 268 5079 18.
290 5023 415 5077 ἐπὶ
466 5023 565 5092 τῆς
611 5020 715 5091 γῆς
749 5017 952 5089 ὤφθης,
985 5017 1078 5070 καὶ
1125 5015 1302 5086 πάσης
1341 5015 1673 5086 εὐφροσύνης

1844 5011 2011 5066 18.1η
2044 5021 2182 5066 terra
2226 5011 2375 5066 visus
2422 5027 2500 5077 es,
2537 5021 2592 5066 et
2617 5012 2764 5066 omni
2814 5012 2997 5067 laetitia
3042 5009 3309 5082 replevistl

112 5117 249 5186 ὲπλή
259 5131 432 5186 ρωσας
454 5114 581 5176 τοὺς
603 5111 698 5165 ἀνθ
708 5109 938 5183 ρώπους.

426 5131 432 5174 :
454 5114 581 5176 τοὺς
603 5109 938 5183 ἀνθρώπους.
1768 5104 2028 5160 homines.

186 5209 271 5263 19.
291 5204 625 5278 Ἐπλήθυνας
639 5202 706 5256 τά
721 5199 1032 5273 χαρίσματά
1058 5217 1150 5252 σου
1177 5201 1233 5252 ὲν
1257 5200 1324 5268 τῇ
1348 5195 1665 5267 Ἐκκλησία.

1389 5195 1665 5267 Ξκκλησιᾳ.
1842 5195 1927 5249 19.
1963 5195 2327 5266 Multiplicasti
2363 5195 2504 5250 dona
2537 5203 2626 5249 tua
2653 5195 2704 5248 in
2737 5194 2991 5252 Ecclesia.

1058 5375 1364 5437 Addenda
1396 5381 1454 5433 et
1492 5372 1861 5452 corrigenda
1895 5391 1967 5431 ex
2003 5374 2140 5434 cod.
2178 5371 2372 5434 Vatic.

185 5509 262 5578 (1)
280 5507 710 5578 Παριστάμεθρ.
726 5504 986 5578 Ιηηῐῃαι-ε.
1015 5501 1136 5557 cod.
1152 5500 1266 5555 haec
1295 5500 1552 5578 leguntur
1562 5511 1660 5578 fo-

697 5546 710 5558 .
726 5504 986 5578 lnumarg.
1015 5501 1136 5557 cod.
1152 5500 1266 5555 haec
1295 5500 1552 5578 leguntur
1562 5511 1660 5578 fo-
1930 5501 2185 5578 ⁵ιςιπιηξίςςχυ
2195 5518 2298 5552 σεν,

113 5565 256 5635 ἀείτί
280 5565 609 5640 charactere,
637 5576 726 5629 ’Ev
772 5565 967 5638 ἄλλοιςξ
1007 5565 1499 5643 παραστησόμεθα.-
1538 5565 1659 5620 Haec

479 5565 609 5640 tere,
637 5576 726 5629 ’Ev
772 5565 967 5638 ἄλλοιςξ
1007 5565 1499 5643 παραστησόμεθα.-
1538 5565 1659 5620 Haec
1833 5565 1906 5643 (Si)
1930 5571 2080 5643 haud.

116 5633 290 5708 autem
325 5633 607 5703 adnotatio'
647 5645 880 5700 ostendit
906 5633 1437 5707 vetustatem'hujus
1489 5639 1657 5710 inter-

1834 5633 1908 5707 (4)
1948 5641 2053 5690 Καὶ
2105 5640 2337 5710 ἔντρομα
2381 5640 2691 5710 γενήσονται
2733 5635 2798 5710 τά
2838 5633 3120 5710 Αέθνη.λκα).
3159 5634 3217 5686 ὲν
3247 5635 3311 5692 τῆ

119 5705 423 5790 prolationis
479 5734 595 5790 seu_
628 5714 1018 5790 commentarii,
1057 5713 1210 5783 cujus
1244 5705 1421 5780 plures
1447 5709 1657 5762 codices

1767 5705 2040 5778 συντελείᾳ
2069 5711 2160 5762 τοῦ
2188 5705 2379 5771 αἰῶνος
2413 5705 2700 5779 πληρώσῃς
2727 5707 2859 5760 αὐτὰ
2890 5705 3275 5773 ἀγαλλιάσεως.

122 5786 240 5847 mss.
275 5791 472 5847 saeculo
501 5805 552 5842 Ix
579 5788 688 5855 jam
714 5786 1012 5842 exstabant.
