4056 6318
735 350 836 405 905
1538 342 1595 399 S.
1632 340 2003 398 ATHANASII
2040 339 2188 396 OPP.
2247 340 2424 396 PARS
2460 340 2544 398 lli.
2580 370 2649 380 —
2691 341 3103 397 EXEGETICA.
3850 347 3943 400 904

803 470 889 524 20.
919 467 1144 522 Flumen
1173 465 1265 521 Dei
1295 465 1550 535 repletum
1577 472 1659 520 est
1687 465 1843 536 aquis
1867 482 1880 519 :
2315 471 2362 528 Α

2315 471 2362 528 Α
2457 464 2546 519 20.
2585 463 2644 518 Ὀ
2674 463 2911 534 ποταμὸς
2938 461 3030 516 τοῦ
3054 463 3188 518 Θεοῦ
3216 467 3503 540 ἐπληρώθη
3527 468 3733 524 ὑδάτων
3752 486 3764 498 ·

805 563 894 614 21.
936 558 1147 614 Parasti
1198 557 1378 612 cibum
1429 556 1679 624 illorum,
1720 557 1978 627 quoniam
2031 554 2102 610 ita
2151 571 2282 626 pra:-

2459 556 2548 610 2l.
2595 556 2920 626 Ἠτοίμασας
2950 557 3049 628 τὴν
3079 559 3284 630 τροφὴν
3329 561 3528 625 αὐτῶν,
3580 564 3662 617 ὅτι
3691 560 3866 624 οὕτως
3918 564 3943 629 1",

739 653 967 723 paratio.

2393 648 2701 718 ἑτοιμασία.

810 742 898 795 22.
937 739 1098 796 Rivos
1133 743 1250 810 ejus
1286 741 1494 796 inebria
1523 759 1537 796 :

2460 742 2548 795 22.
2588 742 2665 811 (a)
2697 743 2806 807 Τὰς
2837 745 3079 810 αὔλακας
3111 747 3279 817 αὐτῆς
3306 748 3565 818 μέθυσον·

809 831 899 886 25.
927 831 1217 901 Multipliea
1253 831 1524 902 genimina
1552 830 1691 900 ejus.

2460 833 2546 886 25.
2573 834 2843 904 Πλήθυνον
2877 838 2946 890 τὰ
2972 841 3279 911 γεννήματα
3311 842 3501 911 αὐτῆς.

807 921 896 976 24.
927 921 984 976 In
1012 922 1299 977 stillicidiis
1323 923 1440 991 ejus
1460 922 1727 976 lattabitur
1759 922 2087 993 germinans.

2463 922 2550 975 24.
2595 925 2681 977 Ἐν
2713 928 2830 990 ταῖς
2861 930 3116 998 σταγόσιν
3142 932 3308 1002 αὐτῆς
3340 933 3769 1005 εὐφρανθήσεται
3817 933 3942 986 ἀνα-

2395 1014 2573 1067 τέλλου
2583 1032 2668 1068 σα.

811 1093 901 1149 25.
942 1093 1231 1148 Benedices’
1254 1109 1468 1149 coronae
1494 1094 1621 1148 anni
1656 1093 2002 1163 benignitatis
2037 1102 2141 1148 tua:
2171 1111 2185 1147 :

2460 1107 2548 1160 25.
2574 1108 2895 1177 Εὑλογήσεις
2919 1108 3008 1162 τὸν
3040 1110 3299 1179 στέφανον
3318 1110 3411 1165 τοῦ
3431 1114 3676 1168 ἐνιαυτοῦ
3703 1117 3798 1185 τῆς
3820 1134 3943 1187 χρη-

2397 1200 2648 1271 στότητός
2685 1218 2775 1253 σου
2798 1219 2810 1232 ·

2461 1291 2547 1346 26.
2580 1294 2687 1346 Καὶ
2712 1294 2778 1346 τὰ
2807 1294 2960 1348 πεδία
2987 1313 3076 1348 σου
3105 1297 3503 1370 πλησθήσονται
3534 1300 3802 1370 πιότητος.

2462 1382 2550 1435 27.
2586 1384 2973 1456 Πιανθήσονται
2995 1387 3062 1439 τὰ
3088 1387 3262 1459 ὡραῖα
3294 1391 3392 1460 τῆς
3425 1392 3632 1461 ἐρήμου
3652 1409 3665 1422 ·

2463 1473 2548 1526 28.
2577 1475 2684 1528 Kal
2713 1477 3028 1543 ἁγαλλίασιν
3060 1480 3108 1531 οἱ
3150 1480 3326 1550 βουνοὶ
3359 1482 3776 1553 περιζὼσονται.

2463 1564 2550 1620 29.
2601 1567 2942 1622 Ἐνεδύσαντο
2975 1573 3023 1622 οἱ
3059 1572 3204 1642 κριοὶ
3237 1571 3344 1625 τῶν
3369 1574 3658 1644 προῦἁτων
3681 1590 3695 1604 ·

810 1272 896 1326 26.
929 1272 992 1327 Et
1027 1272 1201 1343 campi
1231 1274 1307 1327 tui
1337 1273 1705 1344 implebuntur
1732 1273 1996 1328 ubertate.

810 1366 898 1420 27.
934 1364 1292 1434 Pinguescent
1322 1366 1564 1435 speciosa
1590 1365 1787 1420 deserti
1815 1383 1827 1419 :

812 1457 898 1510 48.
940 1457 1004 1511 Et
1029 1458 1384 1513 exsultatione
1415 1459 1577 1512 colles
1610 1458 1980 1527 aceingentur.

810 1546 900 1602 29.
937 1546 1110 1601 induti
1143 1557 1269 1602 sunt
1297 1549 1495 1602 arietes
1522 1549 1702 1602 ovium
1731 1568 1742 1601 :

812 1642 902 1696 30.
937 1643 1001 1695 Et
1025 1645 1190 1697 valles
1217 1644 1569 1698 abundabunt
1600 1643 1870 1698 frumento
1897 1662 1908 1698 :

2463 1655 2548 1710 50.
2580 1657 2686 1709 Kal
2716 1660 2768 1710 ai
2803 1658 3042 1723 κοιλάδες
3072 1642 3425 1731 πληθυνοῦσιή
3445 1665 3621 1715 σῖτον·

813 1733 900 1786 51.
936 1734 1276 1798 Clamabunt,
1309 1735 1504 1789 etenim
1534 1735 1792 1803 hymnum
1819 1736 2017 1789 dicent.

2014 1777 2017 1786 .
2070 1825 2077 1826 7
2332 1824 2354 1826 _
2463 1748 2548 1802 5|.
2586 1750 2949 1821 Κεκράξονται
2970 1791 2985 1816 ,
3012 1753 3104 1805 καὶ
3133 1755 3238 1826 γὰρ
3261 1755 3616 1826 ὑμνήσουσιν.

897 1822 947 1876 'n
985 1824 1155 1887 ﬁnem,
1195 1826 1455 1878 canticum
1481 1825 1673 1890 psalmi
1709 1825 2125 1879 resurrectionis.
2327 1824 2368 1878 Β

2327 1824 2368 1878 Β
2531 1838 2632 1903 Εις
2660 1840 2724 1891 τὸ
2754 1839 2947 1906 τέλος,
2982 1841 3103 1909 ᾠδὴ
3138 1822 3821 1912 ψαλμοῦγὰναστάσεως.

1333 1914 1528 1969 ΡΒΑΙ..
1564 1915 1659 1968 LX
1680 1915 1736 1969 V.

1730 1955 1736 1968 .
3008 1933 3180 1985 ΨΑΛ.
3206 1931 3332 1985 ΞΕ¹⁸

820 2012 866 2064 l.
903 2005 1135 2065 .lultilat'e
1170 2007 1418 2076 Demino,
1447 2012 1626 2066 omnis
1658 2021 1801 2066 terra
1831 2028 1845 2064 :

2472 2015 2521 2069 1.
2562 2016 2881 2085 Ἀλαλάξατε
2910 2021 2984 2092 τῷ
3008 2023 3214 2093 Κυρίῳ,
3250 2025 3396 2076 πᾶσα
3421 2026 3454 2095 ἡ
3477 2025 3546 2094 γῆ
3573 2042 3585 2054 ·

814 2101 866 2154 2.
894 2101 1168 2155 Psaltnum
1200 2101 1357 2156 dicite
1391 2103 1594 2156 nontini
1629 2103 1766 2170 ejus.

2469 2105 2524 2160 2.
2557 2108 2775 2163 Ψάλατε
2806 2111 2869 2181 δὴ
2895 2111 2970 2182 τῷ
3007 2113 3230 2184 ὀνόματι
3262 2113 3455 2168 αὑτοῦ·

816 2193 868 2245 5.
910 2192 1038 2246 Date
1068 2194 1293 2262 gloriam
1331 2195 1383 2248 in
1415 2196 1572 2272 laude
1599 2195 1740 2265 ejus.

2470 2197 2523 2252 5.
2550 2201 2680 2254 Δότε
2712 2202 2868 2269 δόξαν
2893 2204 2950 2256 ὲν
2975 2205 3175 2259 αἰνέσει
3204 2207 3385 2260 αὐτοῦ.

817 2283 870 2336 4.
908 2281 1075 2338 Dicite
1108 2283 1254 2341 Deo:
1296 2286 1467 2353 Quam
1499 2287 1760 2342 terribilia
1800 2295 1928 2342 sunt
1960 2299 2124 2356 opera
2157 2287 2288 2341 tua!

2247 2327 2250 2340 ι
2276 2287 2288 2340 i
2471 2289 2523 2343 4.
2561 2290 2761 2346 Εἴπατε
2793 2294 2869 2364 τῷ
2900 2294 3050 2366 Θεῷ·
3100 2296 3188 2360 Ὠς
3219 2295 3424 2368 φοϐερὰ
3453 2295 3525 2349 τὰ
3557 2294 3697 2366 ἔργα
3731 2312 3849 2349 σου.

823 2425 901 2494 (a)
933 2423 1114 2479 Codex
1139 2422 1312 2478 Palat.

1855 2512 2228 2571 ATHANASII
2267 2512 2847 2571 INTERPRETATIO.

819 2676 910 2732 20.
957 2675 1193 2748 Spiritus
1238 2684 1456 2732 sanctus
1511 2675 1605 2730 Dei
1648 2675 1914 2746 requievit
1958 2688 2121 2745 super
2170 2687 2304 2742 gen-

2471 2673 2561 2729 20.
2591 2675 2663 2727 Τὸ
2689 2675 2840 2745 ἅγιον
2863 2673 3088 2748 Πνεῦμα
3117 2675 3208 2731 τοῦ
3238 2675 3369 2730 Θεοῦ
3397 2676 3747 2732 ἀνεπαύσατο
3780 2679 3864 2731 ἐπὶ
3888 2677 3944 2728 te

753 2780 847 2825 tes.
2408 2761 2557 2832 ἔθνη.

824 2861 913 2914 21.
949 2855 1174 2926 Eloquia
1204 2861 1295 2907 tua
1323 2852 1642 2925 praeparasti
1677 2851 1779 2906 eis.

2479 2853 2570 2908 21.
2598 2852 2679 2907 Τὰ
2702 2852 2857 2921 λόγιά
2889 2871 2981 2906 σου
3018 2855 3353 2928 ηὑτρέπισας
3377 2861 3586 2925 αὐτοις,

822 2951 912 3007 22.
943 2948 1116 3004 Corda
1151 2946 1386 3001 ﬁdelium
1416 2943 1561 3016 reple
1589 2945 1759 3014 gratia
1792 2952 1905 2999 tua.

2477 2946 2567 3000 22.
2597 2944 2706 3008 Τὰς
2731 2945 2956 3017 καρδίας
2982 2946 3089 3000 τῶν
3111 2949 3317 3002 πιστῶν
3361 2949 3641 3023 ἔμπλησον
3692 2954 3788 3024 τῆς
3819 2954 3942 3024 χάρι-

2408 3039 2499 3103 τός
2527 3056 2640 3092 σου.

827 3130 917 3183 25.
950 3127 1014 3180 Ει
1041 3141 1176 3195 auge
1203 3138 1367 3194 opera
1389 3122 1610 3194 iustitiae
1643 3135 1854 3176 eorum.

2479 3131 2569 3183 25.
2598 3130 2708 3181 Καὶ
2736 3129 3023 3186 πλεόνασον
3044 3133 3111 3188 τὰ
3131 3133 3266 3207 ἔργα
3283 3137 3385 3207 τῆς
3407 3136 3756 3208 δικαιοσύνης
3775 3137 3943 3190 αὐτῶν.

827 3223 916 3274 24.
951 3220 1085 3274 Cum
1116 3218 1284 3288 gratia
1322 3226 1413 3272 tua
1451 3213 1783 3270 descenderit
1835 3227 1994 3283 super
2025 3211 2304 3283 populum,

2480 3220 2568 3274 2"
2613 3221 2700 3272 Ἑν
2724 3221 2800 3290 τῷ
2827 3224 2924 3294 τὴν
2950 3227 3106 3297 χάριν
3128 3245 3219 3280 σου
3244 3229 3487 3283 κατιέναι
3507 3230 3601 3282 ἐπὶ
3631 3231 3723 3283 τὸν
3756 3229 3948 3292 λαὸν,ὲν

758 3315 812 3370 in
844 3312 1026 3367 laetitia
1059 3310 1258 3365 facient
1283 3309 1517 3365 fructum
1550 3306 1894 3380 poenitentia}.

2411 3312 2717 3386 εὐφροσύνῃ
2742 3317 3025 3387 ποιήσουσι
3058 3322 3264 3392 καρπὸν
3295 3322 3602 3392 μετανοίας.

824 3403 914 3458 25.
958 3403 1182 3473 Pepulo,
1215 3401 1306 3470 qui
1340 3399 1586 3454 credidit.

2483 3406 2571 3459 25.
2605 3405 2706 3458 Τὸν
2739 3405 2864 3459 λαὸν
2897 3408 2986 3460 τὸν
3019 3413 3439 3467 πεπιστευκότα.

829 3497 920 3550 26.
989 3494 1053 3549 Ει
1106 3493 1372 3550 mansueti
1438 3492 1601 3548 corde
1674 3491 2035 3562 implebuntur
2104 3487 2308 3558 Spiritu

2483 3497 2572 3551 26.
2602 3498 2712 3551 Kal
2749 3500 2797 3551 οἱ
2825 3503 3016 3573 πραεῖς
3048 3506 3112 3576 τῇ
3155 3505 3353 3579 καρδίᾳ
3395 3505 3767 3579 ’κληθήσονται
3812 3506 3951 3561 Πνεύ-

763 3595 971 3643 sancto.

2419 3605 2582 3659 ματος
2611 3589 2783 3657 ἁγίου.

832 3678 922 3732 27.
969 3673 1370 3746 Participabunt
1410 3671 1579 3744 gratia
1610 3678 1738 3738 tua,
1785 3684 1924 3740 quos
1964 3686 1995 3726 e
2025 3669 2226 3725 mundo
2257 3685 2313 3725 e-
2339 3695 2384 3757 ς

2349 3695 2384 3757 ε
2481 3681 2567 3735 27.
2608 3683 2964 3739 Μεταλὰϐωσι
2985 3687 3082 3760 τῆς
3106 3688 3324 3760 χάριτός
3352 3709 3466 3757 σου,
3508 3692 3603 3755 οὓς
3647 3692 3875 3760 ἐξελέξω
3905 3694 3951 3744 ix

761 3769 958 3841 legisti.

2415 3771 2506 3827 τοῦ
2533 3772 2752 3844 κόσμου.

831 3863 922 3915 28.
953 3861 1017 3915 Et
1045 3861 1138 3915 ﬁlii
1169 3859 1551 3931 prophetarum
1583 3858 1908 3931 gaudebunt.

2483 3863 2572 3918 28.
2602 3865 2710 3916 Kal
2733 3865 2782 3917 οἱ
2812 3865 2920 3918 υἱοὶ
2951 3866 3060 3921 τῶν
3094 3871 3384 3940 προφητῶν
3414 3873 3751 3946 χαρισονται.

832 3952 922 4006 29.
955 3951 1138 4007 Gratia
1169 3953 1342 4008 sancti
1380 3950 1613 4023 Spiritus
1641 3949 1893 4021 apostoli.

2484 3954 2572 4009 29.
2602 3954 2711 4025 Τὴν
2739 3955 2898 4028 χάριν
2934 3958 3024 4011 τοῦ
3048 3960 3201 4028 ἁγίου
3229 3962 3542 4036 Πνεύματος
3573 3969 3623 4020 oi
3671 3966 3949 4022 ἀπόστολοι.

830 4044 916 4099 50.
955 4046 1163 4100 Anima:
1188 4044 1418 4100 humiles
1457 4043 1807 4098 abundabunt
1854 4040 2185 4114 germinibus
2226 4038 2313 4109 ju—

2484 4046 2571 4101 50.
2605 4046 2670 4098 Ai
2695 4046 2862 4119 ψυχαὶ
2895 4051 2948 4104 αἱ
2984 4054 3236 4109 ταπειναὶ
3283 4056 3612 4128 πληθυνοῦσι
3665 4063 3953 4132 γεννήματα

761 4136 941 4193 stitiaz.

2418 4141 2779 4215 δικαιοσύνης.

831 4229 918 4282 51.
960 4225 1368 4292 Glorilicabunt,
1405 4234 1456 4280 et
1485 4221 1697 4294 hymnis
1730 4230 1779 4276 te
1812 4221 2130 4280 laudabunt.

2094 4233 2130 4280 ι.
2489 4229 2575 4284 51.
2608 4230 2946 4299 Δοξάξονται,
2981 4239 3073 4292 καὶ
3109 4241 3478 4313 ἀνυμνήσουσί
3503 4246 3582 4319 (1)
3612 4264 3696 4303 σε.

842 4341 906 4393 Ἢ
934 4341 1263 4412 προκειμένη
1295 4337 1572 4409 ἐπιγραφὴ
1595 4337 1835 4407 περιέχει
1864 4336 1969 4407 (2)⁸
2004 4339 2106 4404 Εἰς
2127 4340 2191 4392 τὸ
2212 4341 2404 4410 τέλος,
2435 4344 2554 4413 ᾠδὴ
2578 4347 2822 4414 ψαλμοῦ
2843 4351 3252 4423 ἀναστάσεως.
3297 4359 3604 4423 Τουτέστιν,
3637 4367 3722 4429 εἰς
3744 4366 3808 4422 τὸ
3832 4364 3953 4422 τέλος

762 4433 870 4486 τῶν
909 4432 1115 4526 alii)va
1145 4435 1178 4502 ἡ
1210 4431 1319 4503 ᾠδὴ
1346 4429 1485 4500 αὓτη
1529 4429 1740 4499 εἴρηται
1790 4429 1927 4500 μετὰ
1950 4429 2165 4501 ψαλμοῦ
2199 4433 2274 4504 (3)
2322 4436 2448 4507 περὶ
2493 4437 2592 4506 τῆς
2637 4437 2978 4508 ἀναστάσεως
3029 4446 3123 4499 τοῦ
3172 4449 3384 4521 Κυρίου
3405 4453 3512 4508 τῶν
3548 4455 3622 4526 (4)
3659 4456 3830 4510 ἐθνῶν
3859 4459 3952 4509 ἑπι-

765 4544 827 4579 στ
836 4541 1020 4598 ροφης.

834 4642 1046 4698 Titulus
1076 4641 1395 4713 praepositus
1420 4638 1658 4694 continet
1684 4657 1696 4693 :
1731 4637 1803 4692 In
1818 4639 1994 4708 ﬁnem,
2025 4642 2288 4694 canticum
2317 4647 2506 4710 psalmi
2540 4652 2953 4708 resurrectionis.
2985 4653 3097 4712 Hoc
3138 4667 3243 4729 est,
3279 4660 3334 4716 in
3364 4661 3470 4719 ﬁne
3514 4664 3845 4720 seculorum
3882 4668 3953 4720 hoc

766 4741 1035 4795 canticum
1061 4737 1254 4807 psalmi
1289 4735 1494 4790 dictum
1528 4742 1611 4788 est
1635 4734 1702 4788 de
1731 4736 2125 4792 resurrectione
2149 4735 2384 4807 Domini,
2407 4749 2460 4796 et
2485 4747 2835 4802 conversione
2863 4751 3122 4819 gentium.

838 4863 891 4926 1,
919 4861 971 4914 2.
1011 4861 1068 4915 1η
1099 4874 1229 4913 voce
1259 4857 1432 4913 valida
1463 4857 1676 4912 laudate
1727 4857 2012 4913 Dominum
2063 4859 2116 4913 in
2163 4861 2307 4931 psal-
2341 4867 2384 4922 D

2351 4868 2384 4922 D
2484 4865 2535 4932 1,
2568 4868 2621 4922 2.
2666 4870 2751 4925 Ἐν
2786 4872 2979 4947 ἰσχυρᾷ
3005 4878 3155 4948 φωνῇ
3188 4877 3538 4954 ἀνυμνήσατε
3576 4882 3670 4936 τὸν
3693 4884 3889 4955 Κύριον
3916 4886 3953 4935 ἐν

764 4958 891 5016 mis,
919 4966 1106 5006 omnes
1131 4958 1335 5021 gentes.

2419 4955 2670 5030 ψαλμοῖς,
2708 4963 2882 5016 πάντα
2905 4966 2972 5019 τὰ
2997 4966 3141 5040 ἔθνη.

836 5043 887 5096 5.
919 5040 984 5094 Ει
1009 5041 1062 5093 in
1104 5041 1208 5096 line
1238 5039 1666 5112 uniuscujusque
1695 5041 1886 5111 psalmi
1916 5043 2142 5113 gloriam
2177 5057 2314 5113 prae-

2491 5051 2543 5104 5.
2576 5053 2683 5106 Kal
2725 5055 2782 5107 ὲν
2827 5056 2903 5126 τῷ
2948 5039 3360 5116 τέλειγὲκάστου
3409 5060 3628 5134 ψαλμοῦ
3652 5063 3809 5130 δόξαν
3836 5065 3953 5134 αὐτῷ

764 5135 884 5190 bete
915 5135 984 5188 ei.

2422 5145 2794 5214 προσαγάγετε
2824 5147 2920 5217 (5).

834 5227 887 5279 4.
921 5224 1087 5280 Dicite
1121 5223 1268 5277 Deo:
1298 5220 1581 5286 Quomodo
1629 5222 2064 5281 inenarrabiliter
2115 5242 2313 5284 conce-

2487 5236 2539 5288 4.
2575 5238 2775 5290 Εἴπατε
2801 5240 2877 5310 τῷ
2904 5237 3021 5310 Θεῷ
3041 5255 3054 5269 ⁸
3093 5239 3180 5302 Ὠς
3198 5238 3604 5314 ἀνεκδιηγήτως
3624 5246 3952 5321 συνελήφθηςι

766 5326 889 5387 ptus
914 5333 992 5381 es,
1023 5323 1255 5383 curatus
1281 5328 1340 5369 es
1363 5315 1417 5368 in
1447 5315 1629 5369 terra?

1559 5315 1629 5369 ac?
2420 5327 2512 5379 καλ⁸
2533 5327 2753 5398 ὲτέχθης
2780 5331 2870 5384 ἐπὶ
2901 5331 3000 5401 τῆς
3028 5334 3161 5403 τῆςῖ

1702 5447 2007 5514 Addenda
2037 5458 2098 5515 et
2117 5453 2490 5534 corrigenda
2527 5479 2608 5523 ex
2639 5464 2776 5527 cod.
2816 5465 3015 5528 Vatic.

942 5591 1384 5680 Ealﬁ‘oﬁagovzsg
1415 5594 1607 5680 ἀχυμν.

2492 5611 2568 5680 (4)
2609 5615 2832 5680 Κυρίου,
2851 5613 2944 5665 καὶ
2971 5612 3068 5680 τῆς
3093 5611 3220 5664 τῶν.

838 5613 911 5664 μ)
945 5613 1384 5678 βαιλοοςαςοντες
1415 5613 1607 5664 ανυμν.
2492 5613 2568 5734 (ιζ
2609 5615 2689 5665 Κυ
2733 5613 2944 5673 ίου,καὶ
2971 5613 3068 5710 τῆς
3093 5613 3221 5664 τῶν.
3289 5678 3316 5692 ,

838 5664 913 5754 ςὲξ
945 5662 1644 5754 ..ίὲξξάξῖεῇκιγγεδάεεως
1672 5684 1795 5741 περ·
2490 5683 2546 5736 ιδ
2605 5632 2769 5749 Δάξῖιν
2795 5684 3146 5754 ἀναπέμψατε
3179 5681 3346 5752 aw-

840 5735 916 5805 (ὅ)
943 5735 1165 5804 Εἴρηται
1194 5734 1286 5786 τοῦ
1321 5734 1551 5806 ψαλμοῦ.
