4056 6318
85 331 189 386 905

973 323 1058 380 DE
1095 325 1369 381 TITULIS
1409 321 1859 379 PSALMORUM.
1896 352 1961 360 —
2003 319 2196 373 PSAL.
2240 319 2398 375 LXV.

3229 321 3333 376 906

164 445 214 497 5.
261 445 357 498 Ἐν
383 445 456 516 τῷ
481 443 674 515 πλήθει
703 444 802 513 τῆς
826 442 1105 513 δυνάμεώς
1136 458 1228 494 σου
1265 440 1552 510 ψεύσονται
1603 456 1662 491 σε
1694 446 1713 500 ,Δ

1836 439 1889 495 5.
1940 436 1994 490 1η
2048 436 2392 490 multitudine
2438 434 2652 488 virtutis
2708 441 2814 488 tuae
2861 435 3186 489 mentientur
3232 436 3326 488 tibi

86 539 132 587 οί
163 536 353 608 ἐχθροί
387 554 495 590 σου,

155 625 205 678 6.
239 628 454 698 nimi)
490 628 562 698 γῆ
595 626 1125 698 προσκυνησάτωσαν
1159 639 1262 686 σοι,
1294 623 1387 677 κα)⁵
1413 623 1666 691 ψαλάτω-

91 734 188 769 σαν
213 736 298 771 σοι
327 736 342 750 ⁸

159 808 211 861 7.
240 809 585 894 ιξαλὰτωοάν
618 811 682 881 δὴ
711 811 787 881 τῷ
809 811 1031 880 ὀνόματί
1061 826 1174 871 σου,
1206 809 1452 877 ’Υψιστε.

158 898 212 951 8.
246 898 439 962 Δεῦτε,
472 901 566 953 καὶ
607 900 741 952 ἴδετε
779 901 847 951 τὰ
882 898 1016 968 ἔργα
1049 894 1142 947 τοῦ
1167 894 1302 948 Θεοῦ

663 991 980 1060 musz
1019 987 1117 1056 (a).

159 1080 215 1136 9.
252 1079 347 1144 Ὠς
370 1080 599 1153 φοϐερὸς
616 1085 672 1136 ἐν
706 1083 917 1153 βουλαῖς
947 1080 1086 1149 ὑπὲρ
1118 1078 1240 1142 τοὺς
1272 1080 1419 1142 υἱοὺς
1449 1080 1556 1132 τῶν
1577 1081 1668 1132 ἀν-

92 1166 354 1238 θρώπων.

165 1260 254 1313 10.
297 1261 358 1313 '0
395 1259 779 1330 μεταστρέφων
809 1258 906 1329 τὴν
939 1258 1210 1312 Θάλασσαν
1237 1262 1314 1323 εἰς
1337 1261 1526 1332 ξηράν

165 1352 251 1404 11.
307 1353 397 1404 Ἐν
433 1350 659 1420 ποταμῷ
692 1349 1053 1406 διελεύσονται
1089 1351 1227 1403 ποδί.

166 1446 254 1498 12.
303 1446 451 1496 Ἑκεῖ
479 1442 964 1514 εὐφρανθησόμεθα
991 1446 1075 1496 ἐπ’
1116 1444 1286 1515 αὐτῷ,

168 1538 258 1591 15.
295 1537 389 1607 Τῷ
414 1535 726 1600 δεσπόζοντι
751 1538 806 1589 ὲν
826 1539 890 1606 τῇ
922 1536 1209 1608 δυναστεία
1233 1537 1395 1590 αὑτοῦ
1425 1537 1517 1590 τοῦ
1545 1537 1672 1590 αίῶ-

95 1646 184 1690 νος

174 1721 260 1776 14.
295 1722 358 1772 Ol
389 1718 658 1789 ὀφθαλμοὶ
691 1718 852 1772 αὑτοῦ
879 1721 970 1772 ἐπὶ
1005 1720 1072 1774 τὰ
1095 1721 1222 1791 ἔθνη
1247 1721 1634 1775 ἐπιϐλέπουσιν
1654 1739 1666 1752 ·

172 1815 258 1870 15.
281 1817 346 1867 Οἱ
365 1812 891 1883 παραπικραίνοντες
909 1813 980 1882 μὴ
998 1813 1350 1882 ὑψούσθωσαν
1371 1817 1426 1866 ὲν
1441 1817 1668 1876 ἑαυτοῖς.
1705 1795 1746 1848 Β

171 1905 256 1958 16.
291 1904 596 1972 Εὐλογεῖτε,
629 1901 776 1972 ἔθνη,
801 1902 892 1955 τὸν
925 1902 1055 1955 Θεὸν
1082 1903 1236 1973 ἡμῶν
1257 1921 1269 1933 ·

170 1998 258 2053 17,
294 1998 402 2050 Καὶ
429 1995 747 2050 ἁκουτίσατε
763 1995 860 2065 τὴν
885 1994 1064 2064 φωνὴν
1084 1996 1181 2064 τῆς
1197 1996 1456 2058 αἰνέσεως
1486 1993 1666 2047 αὐτοῦ.

165 2091 257 2144 18.
297 2088 403 2142 Τοῦ
440 2088 665 2157 θεμένου
690 2088 788 2156 τὴν
817 2085 993 2155 ψυχήν
1023 2102 1120 2154 μου
1147 2086 1225 2146 είς
1258 2082 1425 2154 ζωήν.

169 2183 256 2236 19.
289 2181 400 2233 Καὶ
437 2180 507 2250 μὴ
537 2179 716 2240 δόντος
739 2179 815 2240 είς
843 2176 999 2230 σάλον
1023 2177 1147 2239 τοὺς
1181 2174 1346 2238 πόδας
1380 2193 1499 2245 μου.

168 2273 261 2326 eo,
289 2273 414 2324 ’Ὁτι
441 2271 762 2340 ἐδοκίμασας
784 2270 950 2338 ἡμᾶς,
967 2271 994 2321 ὁ
1018 2268 1167 2332 Θεὸς,
1193 2269 1480 2339 ὲπύρωσας
1503 2269 1671 2337 ἡμᾶς’

97 2362 172 2426 ὡς
204 2363 475 2434 πυροῦται
505 2362 565 2414 τὸ
601 2361 884 2433 ἀργύριον.

175 2523 254 2592 (a)
293 2523 473 2577 Codex
506 2518 677 2575 Palat.

1772 528 1973 582 inimici
2006 528 2103 581 tui.

1839 620 1892 674 6.
1928 619 2116 673 Omnis
2143 626 2284 672 terra
2313 619 2498 672 adoret
2548 626 2598 672 te
2622 626 2675 671 et
2701 616 2892 685 psallat
2921 618 3014 670 tibi
3042 635 3053 669 :

1843 802 1892 855 7‘.
1929 801 2199 855 Psalmum
2234 801 2376 854 dicat
2407 799 2612 852 nomini
2644 810 2761 864 tuo,
2795 799 3089 852 Altissime.

1841 895 1894 948 8.
1929 895 2135 956 Venite,
2172 893 2427 958 et‘j'idete
2456 907 2614 961 opera
2648 891 2740 945 Dei
2788 909 2801 944 :

2403 988 2733 1058 Diapsalma.

1841 1084 1892 1138 9.
1939 1083 2112 1149 Quam
2166 1082 2419 1136 terribilis
2474 1082 2526 1134 in
2560 1080 2804 1135 consiliis
2854 1094 3017 1148 super
3050 1078 3186 1132 ﬁlios
3240 1090 3335 1132 no-

1773 1178 2005 1230 minum.

1845 1269 1929 1324 10.
1962 1268 2063 1334 Qui
2101 1267 2368 1322 convertit
2401 1282 2552 1320 mare
2584 1266 2637 1319 in
2669 1266 2874 1320 aridam
2906 1286 2917 1320 :

1849 1359 1933 1411 11.
1963 1357 2018 1410 1η
2057 1357 2278 1410 ﬂumine
2305 1356 2714 1426 pertransibunt
2739 1357 2892 1424 pede.

1842 1451 1928 1505 1‘2.
1956 1448 2027 1503 lbi
2046 1450 2346 1504 lcetabimur
2362 1449 2413 1500 in
2437 1450 2576 1517 ipso,

1847 1543 1930 1596 15.
1962 1542 2065 1608 Qui
2093 1541 2402 1596 dominatur
2443 1539 2494 1592 in
2527 1539 2724 1592 virtute
2753 1553 2849 1591 sua
2890 1539 2942 1590 in
2979 1547 3241 1591 aeternum
3269 1557 3282 1592 ε

1849 1719 1934 1772 14.
1961 1717 2112 1771 Oculi
2147 1719 2264 1785 eius
2301 1733 2466 1786 super
2497 1727 2682 1786 gentes
2719 1717 3055 1785 respiciunt:

1848 1811 1932 1864 15.
1961 1809 2064 1875 Qui
2096 1821 2419 1878 exasperant
2451 1825 2556 1862 non
2591 1811 2896 1862 exaltentur
2927 1809 2978 1861 in
3011 1809 3336 1876 semetipsis.

1847 1900 1932 1954 16.
1976 1899 2301 1965 Benedicite,
2329 1911 2534 1969 gentes,
2567 1899 2734 1954 Deum
2768 1909 3012 1954 nostrum
3044 1919 3054 1951 :

1849 1993 1932 2046 Π.
1968 1992 2031 2046 Et
2065 1993 2303 2047 auditam
2342 1991 2501 2046 facite
2524 2007 2710 2046 vocem
2745 1991 2918 2046 laudis
2947 1992 3085 2058 ejus.

1850 2083 1932 2136 18.
1963 2083 2064 2148 Qui
2096 2086 2276 2153 posuit
2303 2084 2540 2136 animam
2574 2098 2749 2137 meam
2780 2083 2845 2137 ad
2872 2084 3037 2137 vitam
3066 2102 3077 2135 :

1851 2175 1934 2229 19.
1969 2174 2034 2227 Ει
2063 2191 2169 2228 non
2199 2177 2345 2229 dedit
2379 2177 2429 2228 in
2463 2176 2880 2229 commotionem
2915 2176 3077 2244 pedes
3103 2191 3270 2229 meos.

1852 2264 1940 2318 ΞΟ.
1965 2264 2232 2330 Quoniam
2265 2266 2502 2335 probasti
2529 2280 2648 2327 nos,
2680 2264 2842 2329 Deus,
2871 2266 2992 2337 igne
3019 2267 3339 2320 examinasti

1782 2371 1902 2423 nos,
1939 2357 2080 2412 sicut
2106 2358 2446 2412 examinatur
2475 2366 2775 2426 argentum.

1245 2607 1614 2664 ATHANASII
1650 2609 2222 2666 INTERPRETATIO.

179 2769 233 2823 5.
266 2770 380 2822 Καὶ
402 2769 459 2822 ὲν
479 2769 555 2839 τῷ
581 2767 744 2822 πάθει
772 2768 866 2820 καὶ
907 2765 982 2835 (1)
1013 2767 1080 2834 τῇ
1105 2763 1393 2816 ἀναστάσει
1437 2781 1529 2817 σου
1573 2765 1672 2833 ἁρ-

105 2861 365 2932 νήσονταὶ
398 2879 456 2914 σε
487 2862 616 2914 Θεὸν
636 2863 686 2913 οἱ
718 2860 974 2913 Ἰουδαῖοι.

174 2953 228 3006 6.
265 2953 348 3006 Τὰ
377 2953 502 3023 ἔθνη
538 2953 713 3005 πάντα
747 2948 1116 3009 πιστεύσουσι,
1150 2944 1242 2996 καὶ
1287 2943 1566 3009 δοξὰσουσί
1593 2961 1672 2998 σε.

180 3047 230 3099 7.
285 3047 674 3116 Ἀνυμνήσουσι
707 3043 766 3096 τὸ
796 3039 1202 3114 μεγαλοπρεπὲς
1224 3038 1394 3106 ὄνομά
1421 3054 1512 3089 σου
1541 3038 1638 3107 (2).

175 3138 231 3192 8.
260 3140 342 3208 Τῇ
363 3137 557 3207 καρδία
580 3135 734 3207 ἡμῶν
752 3135 1046 3205 προσέχετε
1069 3130 1145 3201 (3)
1181 3133 1290 3192 τοῖς
1319 3128 1676 3200 δικαιώμασιν

106 3229 298 3284 αὐτοῦ.

179 3323 232 3376 9.
270 3321 392 3374 ’Ὁτι
419 3321 453 3392 ή
474 3318 659 3390 διδαχὴ
681 3319 776 3389 τῆς
791 3317 1010 3388 χάριτος
1042 3314 1206 3369 αὑτοῦ
1235 3313 1547 3384 ἐνδοξοτέρα
1563 3313 1678 3366 ἐστὶ

105 3413 204 3484 τῆς
241 3413 436 3482 σοφίας
464 3413 570 3464 τῶν
598 3410 918 3480 ἀνθρώπων.

180 3504 270 3558 10.
312 3505 367 3556 Ὀ
400 3505 497 3573 τὴν
525 3502 797 3571 ἁμαρτίαν
837 3499 933 3553 τοῦ
965 3499 1171 3568 κόσμου
1199 3496 1443 3550 θανατῶν

181 3595 268 3646 11.
315 3594 399 3646 Ἐν
429 3595 496 3662 τῇ
529 3591 711 3661 χάριτι
741 3589 831 3643 τοῦ
869 3589 1021 3658 ἁγίου
1069 3586 1381 3656 Πνεύματος
1427 3585 1679 3655 ζησουσιν

109 3684 352 3748 ἀφόϐως.

183 3775 273 3829 12.
317 3776 402 3826 Ἐν
423 3776 487 3844 τῇ
507 3773 684 3844 χάριτι
705 3771 776 3842 (1)
796 3771 888 3824 τοῦ
917 3771 1200 3842 μέλλοντος
1230 3770 1422 3834 αἰῶνος
1451 3769 1682 3840 εὐφραν-

110 3868 390 3938 θησόμεθα
410 3867 642 3936 ὁρῶντες
672 3864 767 3935 τὴν
798 3864 951 3928 δόξαν
976 3864 1070 3916 τοῦ
1098 3863 1252 3916 θεοῦ.

182 3961 271 4014 13.
310 3958 497 4028 Πατὴρ
519 3957 624 4028 γάρ
647 3958 761 4008 ἐστι
793 3954 886 4008 τοῦ
925 3955 1207 4026 μέλλοντος
1233 3955 1445 4017 αἰῶνος.

181 4051 272 4103 14.
300 4051 361 4104 Ol
404 4050 687 4102 ἀπόστολοι
711 4048 802 4100 ἐπὶ
824 4047 885 4100 τὸ
922 4049 1180 4118 κήρυγμα
1226 4046 1334 4098 τῶν
1399 4045 1566 4097 ἐθνῶν
1600 4061 1686 4098 πο-

116 4142 387 4214 ρεύονται.

185 4234 277 4290 15.
319 4234 376 4287 '0
403 4233 530 4296 λαὸς
556 4232 664 4285 τῶν
700 4231 986 4296 Ἰουδαίων,
1019 4229 1093 4300 μὴ
1121 4229 1392 4300 καυχᾶσθε
1415 4228 1678 4298 λέγοντες·

113 4327 355 4397 Σπέρμα
398 4323 641 4395 Ἀϐραάμ
668 4325 871 4392 ἐσμεν.

185 4419 274 4472 16.
303 4411 414 4470 υῦκ
437 4416 515 4468 ἔτι
542 4417 649 4486 γὰρ
680 4416 852 4485 μόνων
887 4413 1152 4466 Ἰουδαίων
1186 4415 1214 4465 ὁ
1241 4412 1391 4475 Θεὸς,
1420 4411 1556 4465 ἀλλὰ
1588 4409 1682 4462 καὶ

115 4511 305 4564 ἐθνῶν.

187 4604 277 4656 17.
301 4601 408 4655 Καὶ
425 4597 763 4652 ὑπακούσατε
787 4597 864 4666 τῷ
880 4597 1194 4669 κηρύγματι
1211 4597 1306 4666 τῆς
1324 4595 1480 4664 δόξης
1497 4592 1682 4648 αὑτοῦ.

184 4694 274 4748 18.
297 4691 401 4746 Τοῦ
430 4692 823 4763 μεταγαγόντος
847 4692 909 4742 ὲκ
928 4690 1021 4743 τοῦ
1044 4689 1273 4742 θανάτου
1301 4690 1379 4751 εἰς
1396 4687 1494 4758 τὴν
1518 4686 1682 4756 ζωήν.

182 4785 270 4840 19.
302 4786 411 4837 Καὶ
441 4783 513 4854 μὴ
542 4782 798 4846 ἐάσαντός
831 4800 897 4854 με
934 4783 1040 4846 ἓως
1081 4781 1265 4842 τέλους
1329 4782 1394 4850 τῇ
1443 4779 1686 4850 ἁμαρτίᾳ

119 4873 531 4929 συναπολέσθαι.

182 4969 276 5023 20.
316 4968 435 5019 Ὀτι
460 4965 602 5036 είδης
628 4961 831 5035 [εἷδες],
860 4963 940 5014 ὅτι
985 4960 1329 5030 ὑπακούομεν
1368 4961 1445 5024 (3)
1472 4959 1549 5030 τῷ
1582 4976 1680 5028 κη-

119 5057 360 5131 ρύγματί
399 5075 490 5111 σου
512 5073 524 5086 ·
555 5056 630 5127 (6)
658 5055 835 5106 πᾶσαν
873 5051 1211 5126 ἀκαθαρσίαν
1238 5048 1403 5104 οὖσαν
1442 5053 1499 5102 ὲν
1550 5051 1680 5118 ἡμῖν

117 5155 378 5222 ἐποίησας
409 5149 553 5220 ἡμᾶς
578 5145 892 5200 ἀποθέσθαι.

183 5264 234 5295 ’⁸
261 5261 418 5318 Joan.
452 5276 569 5323 vm,
599 5260 684 5313 35.
761 5260 805 5290 ""
842 5255 999 5312 Rom.
1033 5273 1114 5323 Ill,
1138 5257 1226 5311 29.

1847 2764 1898 2817 5.
1928 2763 1992 2815 Et
2023 2764 2073 2817 in
2108 2768 2376 2835 passione,
2406 2776 2456 2821 et
2493 2767 2544 2820 in
2597 2769 2994 2824 resurrectione
3039 2781 3126 2823 tua
3178 2784 3336 2842 nega-

1779 2856 1914 2910 bunt
1946 2865 1995 2910 te
2033 2857 2197 2913 Deum
2226 2859 2418 2913 Judaei.

1849 2949 1902 3001 6.
1932 2948 2131 3006 Gentes
2156 2968 2343 3007 omnes
2371 2953 2612 3018 credent,
2649 2962 2701 3006 ct
2731 2953 3108 3022 glorilicahunt
3133 2966 3200 3008 te.

1855 3041 1904 3095 7.
1938 3042 2259 3098 Laudabunt
2283 3047 2625 3114 magniﬁcum
2663 3060 2856 3098 nomen
2883 3054 3054 3098 tuum.

1851 3131 1902 3184 8.
1968 3132 2235 3187 Cordibus
2297 3136 2490 3187 vestris
2557 3136 2814 3188 attendite
2861 3135 3340 3203 justiﬁcationibus

1779 3222 1916 3292 ejus.

1849 3313 1900 3367 9.
1947 3313 2212 3380 Quoniam
2257 3314 2501 3369 doctrina
2543 3317 2727 3386 gratia:
2777 3318 2893 3387 ejus
2936 3318 3218 3388 gloriosior
3259 3331 3340 3375 est

1782 3406 2018 3460 humana
2048 3407 2333 3477 sapientia.

1853 3500 1938 3553 10.
1965 3498 2066 3564 Qui
2099 3501 2390 3554 mortiﬁcat
2419 3509 2696 3568 peccatum
2735 3499 2939 3552 mundi.

1855 3589 1940 3642 11.
1971 3588 2025 3642 1η
2052 3591 2222 3659 gratia
2257 3590 2429 3644 sancti
2460 3589 2690 3658 Spiritus
2723 3607 2911 3644 secure
2945 3591 3141 3646 vivent.

1853 3768 2019 3824 12.1n
2067 3771 2237 3842 gratia
2281 3772 2492 3826 venturi
2538 3773 2718 3827 saeculi
2751 3772 3050 3827 laetabimur
3098 3774 3336 3828 vioentes

1784 3865 2006 3936 gloriam
2040 3865 2146 3920 Dei.

1857 3960 1943 4013 15.
1980 3959 2138 4014 Pater
2162 3961 2304 4014 enim
2337 3970 2419 4014 est
2449 3961 2659 4014 venturi
2690 3961 2892 4015 saeculi.

1858 4051 1941 4104 H.
1988 4041 2230 4120 Apostoli
2281 4056 2346 4105 ad
2396 4052 2830 4120 prtedicationem
2884 4051 3120 4125 gentium
3173 4053 3338 4121 profi-

1785 4142 2024 4196 ciscuntu
2034 4158 2076 4193 r.

1857 4233 1941 4286 15.
1992 4231 2181 4302 Populi
2228 4230 2537 4287 Judaaorum
2590 4250 2656 4289 ne
2710 4236 3008 4305 gloriemini
3063 4237 3336 4291 dicentes-

1787 4325 1969 4380 Semen
1994 4325 2216 4379 Abrahae
2230 4343 2407 4379 sumus
2426 4328 2492 4382 ⁷⁸.

1857 4415 1944 4468 16.
1969 4414 2084 4470 Νοη
2119 4418 2349 4486 amplius
2369 4418 2512 4471 enim
2539 4419 2714 4472 solum
2740 4417 3048 4473 Iudaeorum
3077 4429 3157 4474 est
3175 4419 3335 4484 Deus,

1718 4521 1760 4574 ο
1786 4509 1877 4562 sed
1907 4509 2069 4563 etiam
2103 4511 2337 4578 gentium
2365 4509 2428 4561 ⁷⁷.

1861 4601 1949 4656 17.
1986 4599 2051 4652 Et
2075 4601 2374 4655 auscultate
2399 4599 2764 4671 praedicnioni
2795 4600 2978 4668 gloria:
3017 4603 3154 4671 ejus.

1862 4688 1944 4742 18.
1979 4687 2081 4754 Qui
2111 4688 2371 4743 transfert
2393 4705 2419 4740 a
2453 4699 2623 4743 morte
2653 4687 2704 4740 in
2739 4688 2924 4738 vitam.

1860 4781 1944 4834 19.
1978 4779 2042 4835 Et
2078 4798 2183 4837 non
2214 4797 2408 4851 passus
2435 4790 2518 4834 est
2563 4795 2649 4834 me
2693 4794 2863 4847 usque
2912 4780 2962 4830 in
3012 4779 3170 4832 ﬁnem
3221 4796 3340 4833 cum

1789 4882 2009 4942 peccato
2040 4876 2232 4942 perire.

1857 4963 1945 5017 ‘20.
1974 4963 2238 5031 Quoniam
2272 4965 2473 5031 vidisti,
2502 4964 2647 5035 quod
2683 4966 3119 5033 obtemperamus
3152 4963 3344 5033 prmdi-

1789 5054 1987 5107 eationi
2044 5064 2187 5110 tuae:
2236 5071 2449 5110 omnem
2498 5055 2914 5119 immunditiam,
2961 5071 3079 5122 quae
3124 5064 3238 5107 erat
3289 5056 3341 5108 in

1791 5145 1967 5201 nobis.
1997 5147 2168 5204 fecisti
2200 5159 2255 5202 ut
2284 5164 2383 5203 nos
2413 5147 2824 5216 deponeremus.

1067 5393 1366 5457 Addenda
1401 5400 1462 5456 et
1499 5389 1874 5467 corrigenda
1909 5405 1989 5448 ex
2024 5389 2166 5448 cod.
2198 5384 2401 5444 Vatic.

188 5529 268 5598 (1)
309 5528 394 5580 Ἐν
418 5525 494 5598 τῷ
516 5524 729 5598 πλήθει,
759 5523 872 5576 καί.

185 5589 265 5670 (2)
299 5599 371 5670 Ἰξὸ
399 5589 576 5670 Δὄνομά
609 5589 701 5646 σου
736 5589 1175 5662 μεγαλοπρεπῶς.

187 5665 268 5738 (5)
300 5665 593 5738 Πρόσθετε.

187 5739 262 5796 Ml
285 5738 464 5809 Χαρᾷ.

435 5830 706 5889 Pauor“
754 5819 872 5879 Gn.
928 5817 1190 5878 XXVII.

1857 5515 1931 5584 (ὅ)
1958 5516 2078 5568 Ὅτι
2110 5515 2242 5585 ἴδῃς.
2274 5515 2354 5565 ὅτι
2389 5511 2785 5585 ὑπακοῤ-σομεν.

1857 5577 1928 5657 (6)
1961 5587 2027 5644 N.
2056 5577 2383 5657 21.’Πᾱσαν.
2425 5592 2525 5657 etc.
2564 5577 2768 5657 N_.__22._
2798 5581 3037 5647 Ἥγαγες
3077 5580 3222 5648 ἡμᾶς
3267 5577 3345 5639 είς

1785 5650 1880 5728 τὴν
1913 5650 2164 5719 σύνταξίν
2193 5670 2303 5706 σου.
2343 5652 2406 5706 Ν.
2438 5652 2525 5706 25.
2572 5650 2860 5716 Ἤλιγξας,
2883 5661 2985 5704 etc.

2979 5802 3051 5862 29
