4098 6318
702 369 802 424 907
1541 355 1596 411 S.
1641 349 2011 409 ATHANASII
2049 348 2199 404 OPP.
2237 345 2318 401 PA

2328 343 2416 397 BS
2453 341 2540 395 |||.
2574 373 2642 382 —
2681 337 3090 395 EXEGETICA.
3850 319 3938 378 908

768 483 858 537 21.
886 480 1145 535 Induxisti
1176 493 1276 533 nos
1311 477 1365 531 in
1391 476 1644 545 laqueum
1673 492 1684 528 :
2294 476 2338 526 Α

2294 476 2338 526 Α
2435 462 2521 515 21.
2561 461 2635 530 (α)
2665 459 2969 529 Είσήγαγες
2999 454 3147 525 ἡμᾶς
3178 453 3258 514 εἰς
3291 450 3388 522 τὴν
3424 445 3626 545 παγίδα

769 575 857 631 22.
889 575 1125 629 Posuisti
1152 572 1532 628 tribulationes
1564 571 1618 623 in
1648 570 1810 623 dorso
1836 575 2024 620 nostro
2050 582 2063 617 :

2438 552 2526 605 22.
2567 550 2729 603 Ἐθου
2759 549 2962 617 θλίψεις
2989 548 3080 599 ἐπὶ
3101 546 3190 598 τὸν
3213 543 3379 596 νῶτον
3407 543 3560 610 ἡμῶν
3584 556 3597 567 ·

769 669 860 721 25.
890 667 1198 735 Imposuisti
1233 665 1482 719 homines
1511 678 1671 732 super
1705 661 1880 729 capita
1917 667 2120 712 nostra.

2438 645 2527 697 25.
2566 641 2925 702 Ἐπεὸίϐασας
2951 638 3266 710 ἀνθρώπους
3280 635 3372 688 ἐπὶ
3391 633 3488 694 τὰς
3506 627 3757 697 κεφαλὰς
3776 627 3937 696 ἡμῶν.

774 759 863 813 21.
903 729 1278 812 Transivimus
1305 772 1400 826 per
1433 729 1635 824 ignem.
1665 762 1720 807 et
1747 767 1982 822 aquam:

1931 767 1944 803 ι
1969 768 1982 803 :
2437 735 2525 787 24.
2562 735 2855 804 Διήλθομεν
2885 732 2972 784 διὰ
3005 731 3174 802 πυρὸς
3202 729 3295 782 καὶ
3325 729 3511 788 ὓδατος
3539 743 3549 754 ·

774 851 860 904 25.
900 850 962 903 Ει
985 851 1217 903 eduxisti
1241 866 1340 904 nos
1373 849 1424 902 in
1451 847 1811 918 refrigerium.

2438 828 2528 881 25.
2561 829 2666 879 Καὶ
2696 827 2960 896 ἐξήγαγες
2982 826 3128 896 ἡμᾶς
3150 824 3229 886 είς
3254 821 3551 888 ἀναψυχήν.

776 943 866 997 26.
893 941 1133 996 lntroibo
1161 943 1212 994 in
1246 942 1467 996 domum
1496 950 1645 995 tuam
1674 942 1725 993 in
1754 939 2084 992 holocaustis
2111 951 2124 988 :

2437 919 2523 971 26.
2568 918 2956 988 Εἰσελεύσομαι
2984 919 3062 980 εἰς
3097 915 3187 970 τὸν
3221 910 3366 966 οἶκόν
3398 930 3487 964 σου
3529 912 3586 962 ὲν
3637 910 3940 961 ὁλοκαυτώ-

2374 1029 2537 1083 μασιν
2555 1027 2572 1045 ·

772 1115 860 1168 27.
896 1115 1135 1170 Reddam
1164 1115 1257 1169 tibi
1291 1125 1414 1170 vota
1446 1131 1586 1179 mea,
1617 1129 1738 1184 quae
1780 1113 2147 1168 distinxerunt
2194 1109 2272 1162 la-

2440 1106 2529 1158 27.
2572 1101 2857 1156 Ἀποδώσω
2891 1119 2972 1156 σοι
2995 1101 3092 1165 τὰς
3125 1101 3286 1170 εὐχάς
3318 1116 3437 1168 μου,
3461 1100 3525 1160 a;
3557 1095 3836 1149 διέστειλε
3887 1095 3942 1144 τὰ

705 1208 790 1268 bia
819 1223 963 1260 mea:

2373 1198 2522 1270 χείλη
2552 1215 2648 1267 μου
2671 1213 2683 1226 ·

774 1298 862 1351 28.
920 1298 984 1352 1Ξι
1035 1299 1275 1352 locutum
1327 1305 1410 1350 est
1468 1309 1530 1348 os
1577 1308 1756 1346 meum
1805 1291 1858 1344 in
1917 1287 2268 1342 tribulatione

2444 1289 2533 1343 28.
2566 1288 2675 1341 Καὶ
2708 1285 2932 1355 ὲλάλησε
2959 1281 3019 1334 τὸ
3049 1281 3220 1350 στόμα
3253 1297 3353 1349 μου
3388 1280 3442 1331 ἐν
3468 1283 3535 1348 τῆ
3567 1279 3762 1347 θλίψει
3797 1295 3911 1347 μου.

707 1409 848 1448 mea.

774 1484 862 1537 29.
909 1480 1236 1535 ||olocausta
1271 1475 1561 1532 medullata
1613 1474 1832 1530 offeram
1887 1474 1980 1528 tibi
2017 1490 2138 1529 cum
2188 1474 2272 1526 in-

2440 1466 2527 1520 29.
2571 1463 3024 1534 Ὀλοκαυτώματα
3053 1463 3442 1534 μεμυελώμένα
3473 1463 3679 1514 ἁνοίσω
3707 1479 3792 1514 σοι
3821 1461 3946 1531 μετὰ

706 1591 871 1633 censo
903 1583 955 1627 et
987 1572 1247 1631 arietibus
1273 1589 1285 1623 :

2377 1561 2451 1630 (b)
2479 1560 2816 1630 θυμιάματος
2846 1559 2938 1610 καὶ
2973 1557 3174 1628 κριῶν·

776 1660 864 1714 50.
897 1657 1130 1713 Olferam
1166 1657 1260 1709 tibi
1296 1656 1460 1708 boves
1487 1669 1610 1707 cum
1649 1652 1837 1706 hircis.

2438 1650 2526 1703 50.
2562 1651 2782 1702 Ἀνοίσω
2814 1667 2893 1701 σοι
2924 1649 3050 1719 βόας
3087 1649 3223 1718 μετὰ
3255 1648 3516 1717 χιμάρων.

781 1755 868 1807 54.
903 1752 1111 1813 Venite,
1148 1750 1354 1813 audite,
1381 1757 1435 1802 et
1466 1748 1698 1801 narrabo
1727 1746 1902 1811 vobis,
1938 1757 2132 1799 omnes
2177 1744 2270 1801 nui

2443 1744 2528 1796 5|.
2563 1744 2746 1807 Δεῦτε,
2775 1741 3064 1806 ἀκούσατε,
3094 1743 3185 1794 καὶ
3207 1741 3532 1813 διηγήσομαι
3561 1740 3724 1808 ὑμῖν,
3756 1755 3948 1800 παντες

710 1847 910 1901 timetis
941 1847 1127 1898 Deum.
2309 1831 2328 1890 1

2309 1831 2351 1890 Β
2379 1839 2428 1890 oi
2458 1838 2777 1907 φοϐούμενοι
2809 1838 2900 1892 τὸν
2933 1839 3083 1892 Θεόν.

1330 1956 1665 2024 Diapsa.ma.

2977 1955 3312 2024 Διάψαλμα.

777 2072 866 2126 52.
901 2070 1111 2136 Quanta
1137 2067 1266 2122 fecit
1289 2067 1482 2120 anima:
1505 2082 1656 2120 meae.

2447 2069 2533 2122 52.
2568 2069 2705 2120 Ὅσα
2740 2069 2960 2139 ἐποίησε
2989 2073 3052 2141 τῇ
3081 2069 3222 2142 ψυχῇ
3262 2088 3381 2141 μου.

778 2156 868 2209 55.
897 2157 974 2207 Ad
1007 2156 1184 2223 ipsum
1217 2168 1310 2206 ore
1345 2167 1467 2206 meo
1491 2153 1717 2206 clamavi
1747 2173 1760 2207 :

2445 2160 2531 2212 55.
2568 2160 2711 2229 Πρδς
2735 2160 2894 2222 αὐτὸν
2923 2160 2998 2230 τῷ
3029 2161 3254 2232 στόματί
3291 2180 3390 2233 μου
3417 2158 3723 2232 ἐκέκραξα·

781 2247 870 2302 54.
900 2246 963 2301 Et
996 2245 1224 2300 exaltavi
1258 2245 1359 2298 sub
1393 2245 1575 2314 lingua
1612 2260 1732 2299 mea
1762 2263 1773 2297 :

2447 2250 2534 2302 54.
2561 2252 2669 2302 Καὶ
2701 2250 2886 2319 ὕψωσα
2919 2252 3023 2303 ὑπὸ
3049 2253 3146 2323 τὴν
3172 2253 3420 2320 γλῶσσάν
3458 2270 3578 2322 μου.

785 2339 872 2393 55.
911 2339 1252 2408 lniquitatem
1285 2337 1332 2391 si
1366 2337 1552 2405 aspexi
1582 2337 1637 2389 in
1683 2336 1844 2390 corde
1872 2352 2012 2401 meo,
2045 2353 2151 2392 non
2185 2352 2277 2390 ex-

2452 2341 2542 2394 55.
2577 2342 2812 2396 Ἀδικίαν
2863 2345 2912 2394 ei
2942 2343 3206 2398 ὲθεώοουν
3242 2345 3300 2399 ὲν
3340 2345 3540 2416 καρδίᾳ
3572 2361 3701 2414 μου,
3741 2345 3819 2414 μὴ
3851 2344 3953 2398 εισ-

714 2433 895 2487 audiat
930 2446 1016 2486 me
1047 2428 1327 2484 Dominus.

2385 2436 2668 2488 ακουσὰτω
2699 2421 3042 2507 μουΚύριος.

805 2636 860 2706 a)
888 2634 1039 2706 Yers.
1073 2635 1161 2688 2|.
1206 2633 1542 2706 Ἐπυριι›σας,
1576 2641 1681 2706 etc.
1907 2631 2225 2698 Εἱσήγαγες,
2267 2633 2423 2700 etc.j‘

1280 2649 1542 2706 πυρωσας,
1576 2641 1681 2706 (319-
1779 2629 1866 2706 22-
1907 2631 2225 2698 Εἱσήγαγες,
2267 2641 2372 2688 etc.
2398 2633 2426 2700 ς
2454 2633 2541 2686 25.
2574 2634 2759 2697 Ἐοου,
2798 2643 2898 2691 etc.

805 2702 858 2775 ὁ)
895 2705 1041 2760 Vers.
1068 2706 1156 2760 50.
1185 2702 1360 2768 Μετὰ,
1385 2713 1487 2758 etc.
1522 2705 1549 2763 ὲ
1585 2703 1672 2755 5|.
1711 2702 1950 2765 Ἀνοίσω,
1984 2713 2084 2754 etc.

1831 2890 2206 2945 ATHANASII
2252 2894 2814 2958 INTERPRETATIO

788 3093 876 3147 21.
900 3091 1160 3148 lnduxisti
1185 3108 1283 3149 nos
1317 3094 1370 3147 in
1401 3093 1762 3163 cognitionem
1797 3104 1965 3152 luam.

2457 3080 2544 3135 2|.
2582 3083 2888 3154 Είσήγαγες
2908 3086 3053 3155 ἡμᾶς
3081 3103 3160 3151 εις
3184 3101 3283 3160 την
3309 3107 3523 3146 συνεσιν
3554 3111 3659 3147 σου.

787 3186 876 3240 22.
905 3185 1245 3256 Redarguisti
1275 3186 1585 3257 iniquitates
1611 3198 1849 3253 nostras,
1881 3199 1934 3244 et
1980 3188 2280 3244 humiliasti

2459 3170 2544 3225 22.
2579 3174 2847 3242 Ἠλεγξας
2873 3177 3029 3247 ἡμῶν
3051 3179 3148 3242 τὰς
3170 3181 3421 3251 ἀνομίας,
3460 3188 3553 3238 καὶ
3584 3188 3958 3256 ὲταπείνωσας

718 3294 838 3334 nos.
2387 3279 2556 3334 ημαςο

785 3369 877 3424 25.
907 3366 1243 3423 Constituisti
1271 3366 1428 3420 nobis
1456 3367 1622 3422 duces
1651 3377 1868 3422 sanctos
1896 3377 2038 3424 tuos.
2311 3405 2352 3462 Ο

2311 3405 2352 3462 C
2569 3359 2923 3430 Κατέστησας
2943 3362 3066 3426 τοὺς
3093 3364 3280 3430 ἁγίους
3319 3383 3413 3418 σου
3451 3368 3709 3438 ἡγεῖσθαι
3744 3375 3927 3444 ἡμῶν.

785 3461 878 3515 24.
909 3459 1011 3513 Per
1042 3459 1371 3526 baptismum
1405 3465 1580 3510 tuum.
2314 3447 2352 3462 ν

2314 3447 2352 3462 ν
2455 3447 2542 3502 24.
2574 3450 2674 3503 Διὰ
2691 3451 2784 3503 τοῦ
2811 3451 3180 3524 βαπτίσματός
3216 3474 3329 3514 σου.

788 3552 879 3604 25.
909 3550 974 3603 Ει
1001 3549 1202 3603 duxisti
1232 3563 1330 3602 nos
1353 3547 1607 3605 liberatos
1636 3564 1666 3604 a
1702 3551 1937 3607 neccatis
1979 3553 2182 3608 nostris
2229 3554 2282 3609 in

2456 3541 2546 3595 25.
2578 3543 2688 3594 Καὶ
2727 3544 2803 3615 (1)
2844 3547 2923 3608 εἰς
2968 3548 3270 3602 ἀνάπαυσιν
3305 3552 3511 3622 ἤγαγες
3557 3557 3708 3626 ἡμᾶς
3754 3558 3963 3630 λυτρω-

722 3642 1086 3716 refrigerium.

2387 3630 2574 3695 θέντας
2603 3633 2709 3686 τῶν
2743 3636 3022 3706 ἁμαρτιῶν
3050 3638 3225 3708 ἡμῶν.

791 3735 880 3787 26.
923 3733 1292 3804 Ingrediemur
1319 3750 1372 3787 in
1400 3749 1687 3803 supernam
1720 3733 2021 3790 Jerusalem
2051 3735 2284 3806 perfecte

2449 3725 2537 3780 26.
2566 3726 2997 3791 Είσελευσόμεθα
3027 3731 3102 3793 είς
3133 3731 3230 3799 τὴν
3258 3733 3368 3786 ἄνω
3404 3735 3767 3809 Ἰερουσαλὴμ
3797 3759 3962 3796 κεκα-

722 3825 1020 3880 cmundati.

2387 3818 2701 3890 θαρισμένοι
2730 3820 2988 3884 ὁλοτελῶς
3013 3821 3110 3891 (2).

795 3917 883 3971 27.
907 3913 1142 3985 lmplebo
1170 3929 1290 3983 quae
1312 3913 1536 3982 promisi
1571 3915 1663 3970 tibi
1699 3916 1751 3970 in
1779 3917 2068 3987 baptismo.

2457 3911 2546 3964 27.
2579 3911 2860 3984 Πληρώσω
2885 3913 2920 3966 ἃ
2947 3916 3357 3988 ἐπηγγειλάμην
3394 3935 3475 3972 σοι
3504 3922 3592 3974 διὰ
3627 3925 3724 3977 τοῦ
3770 3926 3966 3995 βαπτί-

2390 4018 2612 4073 σματος.

797 4099 886 4152 28.
918 4097 983 4152 Et
1006 4099 1059 4152 in
1089 4115 1207 4169 qua:
1228 4100 1455 4154 conveni
1481 4099 1655 4155 adhuc
1684 4100 1949 4155 exsistens
1968 4101 2019 4154 in
2044 4108 2283 4169 peccato.

2147 4108 2283 4153 calo.
2457 4096 2543 4149 28.
2582 4097 2689 4150 Καὶ
2723 4097 2758 4152 ἃ
2781 4099 3079 4171 συνεθέμην
3109 4101 3188 4154 ἔτι
3209 4100 3283 4154 ὢν
3315 4104 3370 4155 ἐν
3395 4107 3460 4174 τῇ
3495 4107 3765 4177 ἁμαρτίᾳ.

797 4191 887 4244 29.
931 4190 1124 4244 Totum
1175 4192 1437 4260 meipsum
1502 4192 1764 4246 adducam
1832 4193 1922 4245 tibi
1980 4207 2104 4245 cum
2163 4206 2285 4244 ora-

2457 4187 2546 4241 29.
2586 4190 2744 4242 ’Όλον
2775 4193 3009 4260 ἐμαυτὸν
3043 4195 3376 4262 προσαγάγω
3406 4213 3486 4248 σοι
3535 4199 3675 4266 μετὰ
3705 4202 3780 4267 (5)
3811 4220 3968 4271 προσ-

732 4282 895 4348 tione,
924 4290 976 4335 et
1013 4281 1264 4350 operibus
1287 4281 1512 4351 justitiaa
1549 4283 2017 4351 progredientibus
2061 4291 2186 4336 ante
2214 4290 2284 4335 te.

2390 4282 2555 4351 ευχῆς
2571 4282 2662 4334 καὶ
2683 4283 2787 4336 τῶν
2814 4283 2989 4353 ἔργων
3018 4285 3113 4356 τῆς
3133 4286 3474 4358 δικαιοσύνης
3498 4289 3605 4341 τῶν
3629 4308 3969 4364 πρύπορευῃ.

2393 4374 2567 4444 μένων
2599 4375 2904 4445 ἔμπροσθέν
2935 4393 3047 4428 σου.

802 4469 891 4523 50.
937 4468 1174 4524 Membra
1223 4485 1363 4535 mea,
1406 4480 1459 4524 et
1507 4471 1742 4525 animam
1797 4485 1970 4523 meam
2030 4468 2291 4522 dedicabo

2460 4465 2547 4519 50.
2586 4467 2665 4518 Τὰ
2698 4468 2830 4538 μέλη
2864 4486 2985 4538 μου,
3006 4471 3098 4523 καὶ
3123 4471 3218 4536 τὴν
3241 4471 3413 4542 ψυ-(ήν
3446 4492 3549 4543 μου
3568 4476 3864 4548 ἁνάθωμαί
3893 4496 3965 4531 σοι

734 4561 852 4615 tibi.

2393 4557 2757 4629 [ἀναθήσομαί
2784 4559 2909 4631 σοι].

801 4652 890 4708 51.
916 4649 1127 4713 Venite,
1157 4649 1338 4704 audite
1375 4649 1644 4718 quomodo
1675 4650 1899 4704 salvavit
1926 4665 2029 4703 me.

1926 4665 2029 4703 me.
2458 4653 2545 4707 5|.
2571 4653 2754 4715 Δεῦτε,
2787 4653 3053 4710 ἀκούσατε
3081 4655 3197 4720 πῶς
3225 4657 3393 4710 ἐσωσέ
3431 4677 3519 4729 με.

801 4745 890 4800 52.
934 4742 1052 4798 Νοη
1106 4743 1280 4797 solum
1337 4744 1662 4798 condonavit
1715 4744 1848 4797 mihi
1900 4752 2141 4807 oeccata,
2199 4743 2290 4799 sed
2324 4788 2368 4844 Β

2351 4790 2368 4841 )
2463 4746 2549 4799 52.
2587 4747 2660 4797 Οὐ
2690 4745 2846 4814 μόνον
2871 4747 3212 4819 συνεχώρησέ
3243 4767 3332 4819 μοι
3366 4752 3463 4814 τὰς
3490 4755 3765 4825 ἁμαρτίας
3787 4795 3802 4818 ,
3836 4755 3969 4809 ἀλλὰ

732 4837 895 4892 etiam
920 4836 1089 4889 filium
1117 4851 1275 4889 suum
1309 4851 1395 4890 me
1428 4834 1576 4890 fecit.
2324 4834 2350 4844 '

2324 4834 2361 4844 ”
2397 4839 2490 4891 καὶ
2517 4838 2630 4891 υἱὸν
2657 4837 2849 4890 ἑαυτοῦ
2875 4839 3096 4910 ἐποίησέ
3134 4859 3219 4911 με.

799 4929 885 4982 55.
918 4927 1103 4981 Solum
1130 4926 1372 4981 invocavi
1404 4943 1549 4982 eum.

2466 4927 2553 4980 55.
2582 4926 2755 4978 Μόνον
2786 4927 3200 4998 ἐπεκαλεσάμην
3232 4932 3410 4987 αὐτόν.

802 5021 890 5074 54.
925 5018 991 5073 Ει
1021 5017 1304 5074 confessus
1334 5035 1451 5074 sum
1480 5021 1656 5090 ipsum
1686 5022 1867 5092 lingua
1895 5037 2034 5076 mea.

2465 5018 2555 5072 54.
2583 5018 2690 5069 Καὶ
2720 5017 3043 5090 ὡμολόγησα
3073 5022 3231 5075 αὑτὸν
3258 5027 3321 5095 τῇ
3352 5026 3427 5096 (4)
3462 5027 3686 5102 γλώσσῃ
3714 5049 3839 5101 μου.

803 5114 890 5167 55.
929 5112 987 5166 Si
1032 5112 1243 5166 sincero
1281 5112 1443 5167 corde
1473 5128 1582 5170 non
1624 5115 1825 5170 credidi
1863 5114 1996 5184 ipsi,
2048 5127 2154 5167 non
2204 5126 2289 5164 me

2463 5110 2550 5163 55.
2580 5110 2639 5161 El
2679 5109 2751 5181 μὴ
2783 5112 2839 5163 ὲν
2861 5111 3084 5182 ἀληθινῇ
3114 5116 3305 5186 καρδίᾳ
3340 5117 3643 5175 ἐπίστευσα
3686 5124 3858 5194 αὐτῷ,
3897 5140 3967 5195 μη

735 5203 991 5260 exaudiat
1015 5203 1297 5258 Dominus.

2398 5201 2769 5253 εἰσακουσάτω
2799 5217 2899 5270 μου
2930 5205 2958 5255 ὁ
2983 5203 3201 5275 Κύριος.

1690 5414 1986 5473 Adoenoa
2010 5422 2068 5472 et
2104 5412 2477 5491 corrigenda
2513 5429 2589 5472 ex
2616 5415 2756 5474 cod.
2791 5415 2991 5475 Vatic.

913 5626 1099 5703 25.
1118 5626 1246 5703 ’Κγαι
1276 5629 1444 5681 deest.
2406 5628 2429 5703 ζ

2406 5627 2472 5703 9:.
2499 5629 2596 5703 .3_|_.
2629 5629 2706 5703 Τᾲ
2744 5631 2900 5703 μέλη,
2925 5639 3048 5694 elc.,
3077 5630 3361 5702 ἀνάθωμαί
3397 5649 3500 5689 σοι.
3530 5635 3597 5692 Ν.
3627 5637 3722 5703 52,
3751 5639 3804 5694 in
3844 5643 3965 5700 cod.

814 5697 886 5770 (2)
935 5697 1243 5770 Ὀλοτελεῐς.
2040 5767 2050 5770 Α
2078 5767 2088 5770 _
2401 5699 2491 5757 55,
2513 5700 2637 5770 (Τὰς
2665 5697 2932 5770 ἁμαρτίας
2952 5717 3084 5770 -μου,
3114 5711 3216 5756 etc.

816 5767 892 5831 (5)
918 5769 1069 5821 Μετὰ
1111 5770 1440 5836 προσευχῶν,
1498 5771 1608 5838 καί,
1650 5780 1775 5832 etc.,
1821 5767 2123 5840 ἔμπροσθέν
2172 5783 2288 5837 μου.
2475 5768 2551 5838 (4)
2594 5771 2679 5823 Ἐν
2707 5767 2792 5837 τῇ.
