  <div class='ocr_page' id='page_1' title='image "/cluster/home/n/w/nwhite01/storage/ocr_20150623/27/pst.000005712182/464.png"; bbox 0 0 4056 6318; ppageno 0'>
   <div class='ocr_carea' id='block_1_1' title="bbox 67 381 3327 465">
    <p class='ocr_par' dir='ltr' id='par_1_1' title="bbox 67 381 3327 465">
     <span class='ocr_line' id='line_1_1' title="bbox 67 381 3327 465; baseline 0.009 -32"><span class='ocrx_word' id='word_1_1' title='bbox 67 381 173 436; x_wconf 84' lang='grc'><strong>913</strong></span> <span class='ocrx_word' id='word_1_2' title='bbox 983 388 1069 444; x_wconf 84' lang='lat' dir='ltr'><strong>DE</strong></span> <span class='ocrx_word' id='word_1_3' title='bbox 1108 390 1382 447; x_wconf 87' lang='lat' dir='ltr'><strong>TITULIS</strong></span> <span class='ocrx_word' id='word_1_4' title='bbox 1421 392 1876 456; x_wconf 73' lang='lat' dir='ltr'><strong>PSALMORUM.</strong></span> <span class='ocrx_word' id='word_1_5' title='bbox 1915 428 1984 439; x_wconf 92' lang='lat'><strong>—</strong></span> <span class='ocrx_word' id='word_1_6' title='bbox 2021 394 2214 451; x_wconf 76' lang='lat' dir='ltr'><strong>PSAL.</strong></span> <span class='ocrx_word' id='word_1_7' title='bbox 2240 395 2447 452; x_wconf 81' lang='lat' dir='ltr'><strong>LXVII.</strong></span> <span class='ocrx_word' id='word_1_8' title='bbox 3224 405 3327 465; x_wconf 76' lang='lat'><strong>914</strong></span> 
     </span>
    </p>
   </div>
   <div class='ocr_carea' id='block_1_2' title="bbox 132 500 1734 592">
    <p class='ocr_par' dir='ltr' id='par_1_2' title="bbox 132 500 1727 592">
     <span class='ocr_line' id='line_1_2' title="bbox 132 500 1727 592; baseline 0.014 -41"><span class='ocrx_word' id='word_1_9' title='bbox 132 500 216 552; x_wconf 78' lang='lat'><strong>15.</strong></span> <span class='ocrx_word' id='word_1_10' title='bbox 289 501 529 568; x_wconf 74' lang='grc' dir='ltr'>Εξάγων</span> <span class='ocrx_word' id='word_1_11' title='bbox 570 507 966 577; x_wconf 78' lang='grc' dir='ltr'>πεπεδημένους</span> <span class='ocrx_word' id='word_1_12' title='bbox 989 512 1046 564; x_wconf 84' lang='grc' dir='ltr'>ἐν</span> <span class='ocrx_word' id='word_1_13' title='bbox 1077 511 1320 584; x_wconf 70' lang='grc' dir='ltr'>ἀνδρεία,</span> <span class='ocrx_word' id='word_1_14' title='bbox 1681 536 1727 592; x_wconf 71' lang='grc' dir='ltr'><strong>Α</strong></span> 
     </span>
    </p>
   </div>
   <div class='ocr_carea' id='block_1_3' title="bbox 1373 500 2975 592">
    <p class='ocr_par' dir='ltr' id='par_1_3' title="bbox 1681 517 2975 592">
     <span class='ocr_line' id='line_1_3' title="bbox 1681 517 2975 592; baseline 0.003 -20"><span class='ocrx_word' id='word_1_15' title='bbox 1681 536 1727 592; x_wconf 70' lang='grc' dir='ltr'><strong>Α</strong></span> <span class='ocrx_word' id='word_1_16' title='bbox 1829 519 1918 572; x_wconf 83' lang='grc'><strong>15.</strong></span> <span class='ocrx_word' id='word_1_17' title='bbox 1959 518 2060 586; x_wconf 89' lang='lat' dir='ltr'><strong>Qui</strong></span> <span class='ocrx_word' id='word_1_18' title='bbox 2097 519 2279 574; x_wconf 82' lang='lat' dir='ltr'><strong>educit</strong></span> <span class='ocrx_word' id='word_1_19' title='bbox 2313 519 2525 575; x_wconf 89' lang='lat' dir='ltr'><strong>vinctos</strong></span> <span class='ocrx_word' id='word_1_20' title='bbox 2548 517 2602 574; x_wconf 89' lang='lat' dir='ltr'><strong>in</strong></span> <span class='ocrx_word' id='word_1_21' title='bbox 2627 519 2975 584; x_wconf 86' lang='lat' dir='ltr'><strong>fortitudine.</strong></span> 
     </span>
    </p>
   </div>
   <div class='ocr_carea' id='block_1_4' title="bbox 133 590 1735 683">
    <p class='ocr_par' dir='ltr' id='par_1_4' title="bbox 133 590 1653 674">
     <span class='ocr_line' id='line_1_4' title="bbox 133 590 1653 674; baseline 0.013 -32"><span class='ocrx_word' id='word_1_22' title='bbox 133 590 213 642; x_wconf 77' lang='grc'><strong>16.</strong></span> <span class='ocrx_word' id='word_1_23' title='bbox 263 591 674 663; x_wconf 76' lang='grc' dir='ltr'>Ὀμοίωςοτοὺς</span> <span class='ocrx_word' id='word_1_24' title='bbox 717 605 1275 674; x_wconf 82' lang='grc' dir='ltr'>παραπικραίνοντας,</span> <span class='ocrx_word' id='word_1_25' title='bbox 1317 606 1440 670; x_wconf 74' lang='grc' dir='ltr'>τοὺς</span> <span class='ocrx_word' id='word_1_26' title='bbox 1476 625 1653 660; x_wconf 85' lang='grc' dir='ltr'>κατοι-</span> 
     </span>
    </p>
   </div>
   <div class='ocr_carea' id='block_1_5' title="bbox 1720 590 3322 683">
    <p class='ocr_par' dir='ltr' id='par_1_5' title="bbox 1720 590 3322 683">
     <span class='ocr_line' id='line_1_5' title="bbox 1720 590 3322 683; baseline 0.003 -19"><span class='ocrx_word' id='word_1_27' title='bbox 1720 590 1727 592; x_wconf 34' lang='grc'><strong>-</strong></span> <span class='ocrx_word' id='word_1_28' title='bbox 1831 610 1917 665; x_wconf 83' lang='grc'><strong>16.</strong></span> <span class='ocrx_word' id='word_1_29' title='bbox 1961 610 2221 667; x_wconf 79' lang='lat' dir='ltr'><strong>Similiter</strong></span> <span class='ocrx_word' id='word_1_30' title='bbox 2253 628 2344 667; x_wconf 88' lang='lat' dir='ltr'><strong>eos</strong></span> <span class='ocrx_word' id='word_1_31' title='bbox 2369 612 2463 682; x_wconf 89' lang='lat' dir='ltr'><strong>qui</strong></span> <span class='ocrx_word' id='word_1_32' title='bbox 2495 622 2836 683; x_wconf 77' lang='lat' dir='ltr'><strong>exasperant,</strong></span> <span class='ocrx_word' id='word_1_33' title='bbox 2873 613 2967 682; x_wconf 89' lang='lat' dir='ltr'><strong>qui</strong></span> <span class='ocrx_word' id='word_1_34' title='bbox 3001 612 3242 668; x_wconf 86' lang='lat' dir='ltr'><strong>habitant</strong></span> <span class='ocrx_word' id='word_1_35' title='bbox 3273 616 3322 669; x_wconf 91' lang='lat' dir='ltr'><strong>in</strong></span> 
     </span>
    </p>
   </div>
   <div class='ocr_carea' id='block_1_6' title="bbox 60 683 1662 773">
    <p class='ocr_par' dir='ltr' id='par_1_6' title="bbox 60 683 657 757">
     <span class='ocr_line' id='line_1_6' title="bbox 60 683 657 757; baseline 0.022 -26"><span class='ocrx_word' id='word_1_36' title='bbox 60 683 297 746; x_wconf 73' lang='grc' dir='ltr'>κοίντας</span> <span class='ocrx_word' id='word_1_37' title='bbox 339 688 404 739; x_wconf 80' lang='grc' dir='ltr'>ἐν</span> <span class='ocrx_word' id='word_1_38' title='bbox 444 689 657 757; x_wconf 71' lang='grc' dir='ltr'>τάφοις.</span> 
     </span>
    </p>
   </div>
   <div class='ocr_carea' id='block_1_7' title="bbox 439 683 2041 773">
    <p class='ocr_par' dir='ltr' id='par_1_7' title="bbox 444 689 2041 773">
     <span class='ocr_line' id='line_1_7' title="bbox 444 689 2041 773; baseline 0.011 -33"><span class='ocrx_word' id='word_1_39' title='bbox 444 689 657 757; x_wconf 71' lang='grc' dir='ltr'>τάφοις.</span> <span class='ocrx_word' id='word_1_40' title='bbox 1755 704 2041 773; x_wconf 83' lang='lat' dir='ltr'><strong>sepulcris.</strong></span> 
     </span>
    </p>
   </div>
   <div class='ocr_carea' id='block_1_8' title="bbox 134 775 1736 866">
    <p class='ocr_par' dir='ltr' id='par_1_8' title="bbox 134 775 1652 857">
     <span class='ocr_line' id='line_1_8' title="bbox 134 775 1652 857; baseline 0.014 -31"><span class='ocrx_word' id='word_1_41' title='bbox 134 775 221 828; x_wconf 88' lang='lat'><strong>17.</strong></span> <span class='ocrx_word' id='word_1_42' title='bbox 274 778 338 830; x_wconf 82' lang='grc' dir='ltr'><strong>Ὀ</strong></span> <span class='ocrx_word' id='word_1_43' title='bbox 373 780 533 844; x_wconf 87' lang='grc' dir='ltr'>Θεὸς,</span> <span class='ocrx_word' id='word_1_44' title='bbox 572 784 628 836; x_wconf 79' lang='grc' dir='ltr'><strong>ἐν</strong></span> <span class='ocrx_word' id='word_1_45' title='bbox 663 781 738 853; x_wconf 81' lang='grc' dir='ltr'>τῷ</span> <span class='ocrx_word' id='word_1_46' title='bbox 765 781 1158 857; x_wconf 81' lang='grc' dir='ltr'>ἐκπορεύεσθαί</span> <span class='ocrx_word' id='word_1_47' title='bbox 1203 807 1259 842; x_wconf 88' lang='grc' dir='ltr'><strong>σε</strong></span> <span class='ocrx_word' id='word_1_48' title='bbox 1296 791 1523 846; x_wconf 83' lang='grc' dir='ltr'>ἐνώπιον</span> <span class='ocrx_word' id='word_1_49' title='bbox 1560 795 1652 848; x_wconf 73' lang='grc' dir='ltr'>τοῦ</span> 
     </span>
    </p>
   </div>
   <div class='ocr_carea' id='block_1_9' title="bbox 1716 775 3318 866">
    <p class='ocr_par' dir='ltr' id='par_1_9' title="bbox 1830 793 3318 866">
     <span class='ocr_line' id='line_1_9' title="bbox 1830 793 3318 866; baseline 0.001 -19"><span class='ocrx_word' id='word_1_50' title='bbox 1830 795 1914 847; x_wconf 84' lang='lat' dir='ltr'><strong>l7.</strong></span> <span class='ocrx_word' id='word_1_51' title='bbox 1958 794 2120 860; x_wconf 86' lang='lat' dir='ltr'><strong>Deus,</strong></span> <span class='ocrx_word' id='word_1_52' title='bbox 2156 809 2277 848; x_wconf 91' lang='lat' dir='ltr'><strong>cum</strong></span> <span class='ocrx_word' id='word_1_53' title='bbox 2309 793 2645 862; x_wconf 81' lang='lat' dir='ltr'><strong>egredereris</strong></span> <span class='ocrx_word' id='word_1_54' title='bbox 2695 795 2749 848; x_wconf 93' lang='lat' dir='ltr'><strong>in</strong></span> <span class='ocrx_word' id='word_1_55' title='bbox 2804 804 3093 864; x_wconf 83' lang='lat' dir='ltr'><strong>conspectu</strong></span> <span class='ocrx_word' id='word_1_56' title='bbox 3139 795 3318 866; x_wconf 77' lang='lat' dir='ltr'><strong>populi</strong></span> 
     </span>
    </p>
   </div>
   <div class='ocr_carea' id='block_1_10' title="bbox 59 867 1880 941">
    <p class='ocr_par' dir='ltr' id='par_1_10' title="bbox 59 867 1880 941">
     <span class='ocr_line' id='line_1_10' title="bbox 59 867 1880 941; baseline 0.012 -21"><span class='ocrx_word' id='word_1_57' title='bbox 59 867 192 923; x_wconf 78' lang='grc' dir='ltr'>λαοῦ</span> <span class='ocrx_word' id='word_1_58' title='bbox 232 888 360 936; x_wconf 79' lang='grc' dir='ltr'>σου,</span> <span class='ocrx_word' id='word_1_59' title='bbox 1756 887 1830 941; x_wconf 83' lang='grc' dir='ltr'>ιιιί</span> <span class='ocrx_word' id='word_1_60' title='bbox 1869 905 1880 941; x_wconf 89' lang='lat'><strong>:</strong></span> 
     </span>
    </p>
   </div>
   <div class='ocr_carea' id='block_1_11' title="bbox 131 963 1733 1048">
    <p class='ocr_par' dir='ltr' id='par_1_11' title="bbox 131 963 1649 1048">
     <span class='ocr_line' id='line_1_11' title="bbox 131 963 1649 1048; baseline 0.01 -33"><span class='ocrx_word' id='word_1_61' title='bbox 131 963 221 1017; x_wconf 93' lang='lat'><strong>18.</strong></span> <span class='ocrx_word' id='word_1_62' title='bbox 271 964 369 1018; x_wconf 83' lang='lat' dir='ltr'><strong>’Ev</strong></span> <span class='ocrx_word' id='word_1_63' title='bbox 398 966 478 1037; x_wconf 84' lang='grc' dir='ltr'>τῷ</span> <span class='ocrx_word' id='word_1_64' title='bbox 500 967 794 1022; x_wconf 78' lang='grc' dir='ltr'>διαϐαίνειν</span> <span class='ocrx_word' id='word_1_65' title='bbox 822 987 879 1022; x_wconf 92' lang='grc' dir='ltr'><strong>σε</strong></span> <span class='ocrx_word' id='word_1_66' title='bbox 909 971 965 1023; x_wconf 86' lang='grc' dir='ltr'><strong>ἐν</strong></span> <span class='ocrx_word' id='word_1_67' title='bbox 979 974 1044 1042; x_wconf 82' lang='grc' dir='ltr'>τῇ</span> <span class='ocrx_word' id='word_1_68' title='bbox 1070 973 1282 1045; x_wconf 77' lang='grc' dir='ltr'>ἐρήμῳ,</span> <span class='ocrx_word' id='word_1_69' title='bbox 1313 976 1381 1046; x_wconf 83' lang='grc' dir='ltr'><strong>γῆ</strong></span> <span class='ocrx_word' id='word_1_70' title='bbox 1411 975 1649 1048; x_wconf 76' lang='grc' dir='ltr'>ἐσείσοηο</span> 
     </span>
    </p>
   </div>
   <div class='ocr_carea' id='block_1_12' title="bbox 1714 963 3316 1048">
    <p class='ocr_par' dir='ltr' id='par_1_12' title="bbox 1829 977 3316 1047">
     <span class='ocr_line' id='line_1_12' title="bbox 1829 977 3316 1047; baseline 0.002 -15"><span class='ocrx_word' id='word_1_71' title='bbox 1829 981 1914 1032; x_wconf 82' lang='grc'><strong>18.</strong></span> <span class='ocrx_word' id='word_1_72' title='bbox 1952 977 2088 1032; x_wconf 89' lang='lat' dir='ltr'><strong>Cum</strong></span> <span class='ocrx_word' id='word_1_73' title='bbox 2121 977 2480 1047; x_wconf 91' lang='lat' dir='ltr'><strong>pertransires</strong></span> <span class='ocrx_word' id='word_1_74' title='bbox 2510 977 2564 1032; x_wconf 91' lang='lat' dir='ltr'><strong>in</strong></span> <span class='ocrx_word' id='word_1_75' title='bbox 2595 979 2830 1046; x_wconf 86' lang='lat' dir='ltr'><strong>deserto,</strong></span> <span class='ocrx_word' id='word_1_76' title='bbox 2849 988 2996 1036; x_wconf 90' lang='lat' dir='ltr'><strong>terra</strong></span> <span class='ocrx_word' id='word_1_77' title='bbox 3029 993 3172 1037; x_wconf 83' lang='lat' dir='ltr'><strong>mota</strong></span> <span class='ocrx_word' id='word_1_78' title='bbox 3205 992 3316 1035; x_wconf 84' lang='lat' dir='ltr'><strong>est:</strong></span> 
     </span>
    </p>
   </div>
   <div class='ocr_carea' id='block_1_13' title="bbox 133 1054 1735 1139">
    <p class='ocr_par' dir='ltr' id='par_1_13' title="bbox 133 1054 1651 1139">
     <span class='ocr_line' id='line_1_13' title="bbox 133 1054 1651 1139; baseline 0.011 -33"><span class='ocrx_word' id='word_1_79' title='bbox 133 1054 218 1108; x_wconf 89' lang='lat'><strong>19.</strong></span> <span class='ocrx_word' id='word_1_80' title='bbox 249 1055 334 1126; x_wconf 84' lang='grc' dir='ltr'><strong>(α)</strong></span> <span class='ocrx_word' id='word_1_81' title='bbox 369 1060 484 1112; x_wconf 73' lang='grc' dir='ltr'>Καὶ</span> <span class='ocrx_word' id='word_1_82' title='bbox 518 1060 625 1131; x_wconf 80' lang='grc' dir='ltr'><strong>γὰρ</strong></span> <span class='ocrx_word' id='word_1_83' title='bbox 655 1063 703 1114; x_wconf 80' lang='grc' dir='ltr'><strong>οῖ</strong></span> <span class='ocrx_word' id='word_1_84' title='bbox 728 1062 943 1133; x_wconf 75' lang='grc' dir='ltr'>οὐρανοὶ</span> <span class='ocrx_word' id='word_1_85' title='bbox 972 1062 1200 1130; x_wconf 80' lang='grc' dir='ltr'>ἔσταξαν</span> <span class='ocrx_word' id='word_1_86' title='bbox 1223 1067 1330 1121; x_wconf 84' lang='grc' dir='ltr'>ἀπὸ</span> <span class='ocrx_word' id='word_1_87' title='bbox 1359 1068 1651 1139; x_wconf 81' lang='grc' dir='ltr'><strong>προσώπου</strong></span> 
     </span>
    </p>
   </div>
   <div class='ocr_carea' id='block_1_14' title="bbox 1716 1054 3318 1139">
    <p class='ocr_par' dir='ltr' id='par_1_14' title="bbox 1833 1067 3318 1132">
     <span class='ocr_line' id='line_1_14' title="bbox 1833 1067 3318 1132; baseline 0.001 -10"><span class='ocrx_word' id='word_1_88' title='bbox 1833 1069 1917 1124; x_wconf 82' lang='lat'><strong>19.</strong></span> <span class='ocrx_word' id='word_1_89' title='bbox 1956 1067 2172 1124; x_wconf 87' lang='lat' dir='ltr'><strong>Etenim</strong></span> <span class='ocrx_word' id='word_1_90' title='bbox 2212 1069 2337 1125; x_wconf 64' lang='lat' dir='ltr'><strong>caeli</strong></span> <span class='ocrx_word' id='word_1_91' title='bbox 2365 1067 2766 1125; x_wconf 82' lang='lat' dir='ltr'><strong>distillaverunt</strong></span> <span class='ocrx_word' id='word_1_92' title='bbox 2796 1084 2825 1123; x_wconf 87' lang='lat' dir='ltr'><strong>a</strong></span> <span class='ocrx_word' id='word_1_93' title='bbox 2858 1069 2997 1126; x_wconf 87' lang='lat' dir='ltr'><strong>facie</strong></span> <span class='ocrx_word' id='word_1_94' title='bbox 3024 1067 3116 1122; x_wconf 88' lang='lat' dir='ltr'><strong>Dei</strong></span> <span class='ocrx_word' id='word_1_95' title='bbox 3147 1067 3318 1132; x_wconf 83' lang='lat' dir='ltr'><strong>Sinai,</strong></span> 
     </span>
    </p>
   </div>
   <div class='ocr_carea' id='block_1_15' title="bbox 59 1145 641 1219">
    <p class='ocr_par' dir='ltr' id='par_1_15' title="bbox 59 1145 641 1219">
     <span class='ocr_line' id='line_1_15' title="bbox 59 1145 641 1219; baseline 0.017 -23"><span class='ocrx_word' id='word_1_96' title='bbox 59 1145 152 1198; x_wconf 75' lang='grc' dir='ltr'>τοῦ</span> <span class='ocrx_word' id='word_1_97' title='bbox 176 1146 322 1201; x_wconf 75' lang='grc' dir='ltr'>Θεοῦ</span> <span class='ocrx_word' id='word_1_98' title='bbox 362 1151 463 1204; x_wconf 80' lang='grc' dir='ltr'><strong>τοῦ</strong></span> <span class='ocrx_word' id='word_1_99' title='bbox 493 1153 641 1219; x_wconf 79' lang='grc' dir='ltr'>Σινᾶ,</span> 
     </span>
    </p>
   </div>
   <div class='ocr_carea' id='block_1_16' title="bbox 128 1238 1730 1322">
    <p class='ocr_par' dir='ltr' id='par_1_16' title="bbox 128 1238 1305 1322">
     <span class='ocr_line' id='line_1_16' title="bbox 128 1238 1305 1322; baseline 0.011 -30"><span class='ocrx_word' id='word_1_100' title='bbox 128 1238 220 1293; x_wconf 88' lang='grc'><strong>20.</strong></span> <span class='ocrx_word' id='word_1_101' title='bbox 273 1242 421 1296; x_wconf 84' lang='grc' dir='ltr'>Ἀπὸ</span> <span class='ocrx_word' id='word_1_102' title='bbox 453 1244 743 1314; x_wconf 88' lang='grc' dir='ltr'>προσώπου</span> <span class='ocrx_word' id='word_1_103' title='bbox 771 1245 864 1300; x_wconf 77' lang='grc' dir='ltr'>τοῦ</span> <span class='ocrx_word' id='word_1_104' title='bbox 896 1247 1028 1301; x_wconf 80' lang='grc' dir='ltr'>Θεοῦ</span> <span class='ocrx_word' id='word_1_105' title='bbox 1069 1251 1305 1322; x_wconf 73' lang='grc' dir='ltr'>Ἰσραήλ.</span> 
     </span>
    </p>
   </div>
   <div class='ocr_carea' id='block_1_17' title="bbox 914 1238 2516 1322">
    <p class='ocr_par' dir='ltr' id='par_1_17' title="bbox 914 1247 2516 1322">
     <span class='ocr_line' id='line_1_17' title="bbox 914 1247 2516 1322; baseline 0.008 -23"><span class='ocrx_word' id='word_1_106' title='bbox 914 1247 1028 1301; x_wconf 60' lang='grc' dir='ltr'>θεοῦ</span> <span class='ocrx_word' id='word_1_107' title='bbox 1069 1251 1305 1322; x_wconf 74' lang='grc' dir='ltr'>Ἰσραήλ.</span> <span class='ocrx_word' id='word_1_108' title='bbox 1822 1255 1911 1309; x_wconf 75' lang='lat'><strong>20.</strong></span> <span class='ocrx_word' id='word_1_109' title='bbox 1948 1255 1992 1309; x_wconf 80' lang='grc' dir='ltr'><strong>Α</strong></span> <span class='ocrx_word' id='word_1_110' title='bbox 2027 1254 2164 1312; x_wconf 88' lang='lat' dir='ltr'><strong>facie</strong></span> <span class='ocrx_word' id='word_1_111' title='bbox 2197 1254 2290 1310; x_wconf 86' lang='lat' dir='ltr'><strong>Dei</strong></span> <span class='ocrx_word' id='word_1_112' title='bbox 2333 1253 2516 1312; x_wconf 88' lang='lat' dir='ltr'><strong>Israel.</strong></span> 
     </span>
    </p>
   </div>
   <div class='ocr_carea' id='block_1_18' title="bbox 129 1331 1731 1421">
    <p class='ocr_par' dir='ltr' id='par_1_18' title="bbox 129 1331 1652 1419">
     <span class='ocr_line' id='line_1_18' title="bbox 129 1331 1652 1419; baseline 0.011 -35"><span class='ocrx_word' id='word_1_113' title='bbox 129 1331 220 1386; x_wconf 82' lang='lat'><strong>21.</strong></span> <span class='ocrx_word' id='word_1_114' title='bbox 259 1333 484 1406; x_wconf 78' lang='grc' dir='ltr'>Βροχὴν</span> <span class='ocrx_word' id='word_1_115' title='bbox 512 1337 756 1393; x_wconf 79' lang='grc' dir='ltr'>ἑκούσιον</span> <span class='ocrx_word' id='word_1_116' title='bbox 778 1340 1045 1412; x_wconf 80' lang='grc' dir='ltr'>ἀφοριεῖς,</span> <span class='ocrx_word' id='word_1_117' title='bbox 1075 1343 1103 1395; x_wconf 84' lang='grc' dir='ltr'><strong>ὁ</strong></span> <span class='ocrx_word' id='word_1_118' title='bbox 1127 1343 1279 1408; x_wconf 84' lang='grc' dir='ltr'>Θεὸς,</span> <span class='ocrx_word' id='word_1_119' title='bbox 1309 1347 1374 1416; x_wconf 78' lang='grc' dir='ltr'>τῇ</span> <span class='ocrx_word' id='word_1_120' title='bbox 1399 1348 1652 1419; x_wconf 85' lang='grc' dir='ltr'>κληρονο-</span> 
     </span>
    </p>
   </div>
   <div class='ocr_carea' id='block_1_19' title="bbox 1719 1331 3321 1421">
    <p class='ocr_par' dir='ltr' id='par_1_19' title="bbox 1824 1347 3321 1421">
     <span class='ocr_line' id='line_1_19' title="bbox 1824 1347 3321 1421; baseline 0.001 -19"><span class='ocrx_word' id='word_1_121' title='bbox 1824 1349 1911 1402; x_wconf 81' lang='lat'><strong>21.</strong></span> <span class='ocrx_word' id='word_1_122' title='bbox 1947 1347 2191 1403; x_wconf 63' lang='lat' dir='ltr'><strong>Plui-iam</strong></span> <span class='ocrx_word' id='word_1_123' title='bbox 2222 1349 2582 1405; x_wconf 83' lang='lat' dir='ltr'><strong>voluntariam</strong></span> <span class='ocrx_word' id='word_1_124' title='bbox 2606 1351 2937 1421; x_wconf 75' lang='lat' dir='ltr'><strong>segregabis,</strong></span> <span class='ocrx_word' id='word_1_125' title='bbox 2969 1348 3321 1419; x_wconf 73' lang='lat' dir='ltr'><strong>Deus,ba3re-</strong></span> 
     </span>
    </p>
   </div>
   <div class='ocr_carea' id='block_1_20' title="bbox 65 1421 1667 1498">
    <p class='ocr_par' dir='ltr' id='par_1_20' title="bbox 65 1421 338 1494">
     <span class='ocr_line' id='line_1_20' title="bbox 65 1421 338 1494; baseline 0.015 -20"><span class='ocrx_word' id='word_1_126' title='bbox 65 1421 164 1494; x_wconf 77' lang='grc' dir='ltr'><strong>μίᾳ</strong></span> <span class='ocrx_word' id='word_1_127' title='bbox 197 1441 297 1478; x_wconf 85' lang='grc' dir='ltr'><strong>σου</strong></span> <span class='ocrx_word' id='word_1_128' title='bbox 323 1440 338 1454; x_wconf 86' lang='grc'><strong>·</strong></span> 
     </span>
    </p>
   </div>
   <div class='ocr_carea' id='block_1_21' title="bbox 481 1421 2083 1498">
    <p class='ocr_par' dir='ltr' id='par_1_21' title="bbox 1752 1440 2083 1498">
     <span class='ocr_line' id='line_1_21' title="bbox 1752 1440 2083 1498; baseline -0.003 -2"><span class='ocrx_word' id='word_1_129' title='bbox 1752 1440 1906 1496; x_wconf 90' lang='lat' dir='ltr'><strong>ditati</strong></span> <span class='ocrx_word' id='word_1_130' title='bbox 1941 1449 2046 1498; x_wconf 65' lang='lat' dir='ltr'><strong>tua:</strong></span> <span class='ocrx_word' id='word_1_131' title='bbox 2071 1459 2083 1495; x_wconf 89' lang='lat'><strong>:</strong></span> 
     </span>
    </p>
   </div>
   <div class='ocr_carea' id='block_1_22' title="bbox 130 1514 1732 1606">
    <p class='ocr_par' dir='ltr' id='par_1_22' title="bbox 130 1514 1472 1606">
     <span class='ocr_line' id='line_1_22' title="bbox 130 1514 1472 1606; baseline 0.012 -38"><span class='ocrx_word' id='word_1_132' title='bbox 130 1514 222 1606; x_wconf 85' lang='grc'><strong>22.</strong></span> <span class='ocrx_word' id='word_1_133' title='bbox 259 1518 382 1570; x_wconf 68' lang='grc' dir='ltr'>Καὶ</span> <span class='ocrx_word' id='word_1_134' title='bbox 424 1520 689 1592; x_wconf 75' lang='grc' dir='ltr'><strong>ἠσθένησε</strong></span> <span class='ocrx_word' id='word_1_135' title='bbox 711 1539 723 1551; x_wconf 90' lang='grc'>·</span> <span class='ocrx_word' id='word_1_136' title='bbox 759 1523 826 1578; x_wconf 80' lang='grc' dir='ltr'><strong>σὺ</strong></span> <span class='ocrx_word' id='word_1_137' title='bbox 854 1524 910 1578; x_wconf 81' lang='grc' dir='ltr'>δὲ</span> <span class='ocrx_word' id='word_1_138' title='bbox 938 1527 1254 1598; x_wconf 82' lang='grc' dir='ltr'>κατηρτίσω</span> <span class='ocrx_word' id='word_1_139' title='bbox 1288 1529 1472 1602; x_wconf 80' lang='grc' dir='ltr'>αὑτήν.</span> 
     </span>
    </p>
   </div>
   <div class='ocr_carea' id='block_1_23' title="bbox 1607 1514 3209 1606">
    <p class='ocr_par' dir='ltr' id='par_1_23' title="bbox 1823 1535 3209 1606">
     <span class='ocr_line' id='line_1_23' title="bbox 1823 1535 3209 1606; baseline 0.004 -18"><span class='ocrx_word' id='word_1_140' title='bbox 1823 1535 1912 1589; x_wconf 86' lang='lat'><strong>22.</strong></span> <span class='ocrx_word' id='word_1_141' title='bbox 1951 1535 2017 1588; x_wconf 86' lang='lat' dir='ltr'><strong>Et</strong></span> <span class='ocrx_word' id='word_1_142' title='bbox 2053 1536 2327 1591; x_wconf 79' lang='lat' dir='ltr'><strong>infirmata</strong></span> <span class='ocrx_word' id='word_1_143' title='bbox 2375 1544 2491 1601; x_wconf 89' lang='lat' dir='ltr'><strong>est;</strong></span> <span class='ocrx_word' id='word_1_144' title='bbox 2527 1545 2581 1590; x_wconf 91' lang='lat' dir='ltr'><strong>tu</strong></span> <span class='ocrx_word' id='word_1_145' title='bbox 2618 1550 2747 1591; x_wconf 85' lang='lat' dir='ltr'><strong>vero</strong></span> <span class='ocrx_word' id='word_1_146' title='bbox 2771 1535 3041 1606; x_wconf 87' lang='lat' dir='ltr'><strong>perfecisti</strong></span> <span class='ocrx_word' id='word_1_147' title='bbox 3067 1552 3209 1593; x_wconf 91' lang='lat' dir='ltr'><strong>eam.</strong></span> 
     </span>
    </p>
   </div>
   <div class='ocr_carea' id='block_1_24' title="bbox 132 1605 1734 1692">
    <p class='ocr_par' dir='ltr' id='par_1_24' title="bbox 132 1605 1282 1692">
     <span class='ocr_line' id='line_1_24' title="bbox 132 1605 1282 1692; baseline 0.017 -35"><span class='ocrx_word' id='word_1_148' title='bbox 132 1605 223 1659; x_wconf 75' lang='lat'><strong>25.</strong></span> <span class='ocrx_word' id='word_1_149' title='bbox 255 1609 343 1661; x_wconf 73' lang='grc' dir='ltr'><strong>Τὰ</strong></span> <span class='ocrx_word' id='word_1_150' title='bbox 384 1610 498 1673; x_wconf 62' lang='lat' dir='ltr'><strong>god</strong></span> <span class='ocrx_word' id='word_1_151' title='bbox 531 1629 623 1665; x_wconf 89' lang='grc' dir='ltr'><strong>σου</strong></span> <span class='ocrx_word' id='word_1_152' title='bbox 651 1616 995 1672; x_wconf 69' lang='grc' dir='ltr'><strong>κατοικοῦσιν</strong></span> <span class='ocrx_word' id='word_1_153' title='bbox 1022 1620 1078 1672; x_wconf 85' lang='grc' dir='ltr'>ἐν</span> <span class='ocrx_word' id='word_1_154' title='bbox 1108 1621 1243 1692; x_wconf 78' lang='grc' dir='ltr'>αὐτῇ</span> <span class='ocrx_word' id='word_1_155' title='bbox 1268 1639 1282 1653; x_wconf 86' lang='grc'>·</span> 
     </span>
    </p>
   </div>
   <div class='ocr_carea' id='block_1_25' title="bbox 1312 1605 2914 1692">
    <p class='ocr_par' dir='ltr' id='par_1_25' title="bbox 1822 1605 2914 1684">
     <span class='ocr_line' id='line_1_25' title="bbox 1822 1605 2914 1684; baseline 0.002 -3"><span class='ocrx_word' id='word_1_156' title='bbox 1822 1628 1912 1683; x_wconf 74' lang='lat'><strong>23.</strong></span> <span class='ocrx_word' id='word_1_157' title='bbox 1950 1628 2219 1683; x_wconf 76' lang='lat' dir='ltr'><strong>Animalia</strong></span> <span class='ocrx_word' id='word_1_158' title='bbox 2250 1637 2342 1684; x_wconf 90' lang='lat' dir='ltr'><strong>tua</strong></span> <span class='ocrx_word' id='word_1_159' title='bbox 2370 1629 2694 1684; x_wconf 86' lang='lat' dir='ltr'><strong>habitabunt</strong></span> <span class='ocrx_word' id='word_1_160' title='bbox 2723 1605 2784 1683; x_wconf 14' lang='lat' dir='ltr'><strong>in,</strong></span> <span class='ocrx_word' id='word_1_161' title='bbox 2813 1645 2914 1684; x_wconf 89' lang='lat' dir='ltr'><strong>ea:</strong></span> 
     </span>
    </p>
   </div>
   <div class='ocr_carea' id='block_1_26' title="bbox 131 1697 1733 1793">
    <p class='ocr_par' dir='ltr' id='par_1_26' title="bbox 131 1697 1649 1793">
     <span class='ocr_line' id='line_1_26' title="bbox 131 1697 1649 1793; baseline 0.013 -42"><span class='ocrx_word' id='word_1_162' title='bbox 131 1697 220 1793; x_wconf 70' lang='grc'><strong>24.</strong></span> <span class='ocrx_word' id='word_1_163' title='bbox 263 1699 604 1773; x_wconf 80' lang='grc' dir='ltr'>Ἤτοίμασας</span> <span class='ocrx_word' id='word_1_164' title='bbox 630 1708 688 1760; x_wconf 86' lang='grc' dir='ltr'>ἐν</span> <span class='ocrx_word' id='word_1_165' title='bbox 709 1711 772 1778; x_wconf 84' lang='grc' dir='ltr'>τῇ</span> <span class='ocrx_word' id='word_1_166' title='bbox 805 1711 1134 1783; x_wconf 74' lang='grc' dir='ltr'><strong>χρηστότητι</strong></span> <span class='ocrx_word' id='word_1_167' title='bbox 1165 1731 1258 1767; x_wconf 89' lang='grc' dir='ltr'><strong>σου</strong></span> <span class='ocrx_word' id='word_1_168' title='bbox 1311 1714 1390 1786; x_wconf 80' lang='grc' dir='ltr'>τῷ</span> <span class='ocrx_word' id='word_1_169' title='bbox 1423 1715 1649 1788; x_wconf 82' lang='grc' dir='ltr'><strong>πτωχῷ,</strong></span> 
     </span>
    </p>
   </div>
   <div class='ocr_carea' id='block_1_27' title="bbox 1568 1697 3170 1793">
    <p class='ocr_par' dir='ltr' id='par_1_27' title="bbox 1568 1715 3170 1793">
     <span class='ocr_line' id='line_1_27' title="bbox 1568 1715 3170 1793; baseline 0.001 -18"><span class='ocrx_word' id='word_1_170' title='bbox 1568 1715 1649 1788; x_wconf 74' lang='grc' dir='ltr'><strong>[ᾧ.</strong></span> <span class='ocrx_word' id='word_1_171' title='bbox 1822 1719 1910 1775; x_wconf 72' lang='grc'><strong>24.</strong></span> <span class='ocrx_word' id='word_1_172' title='bbox 1947 1719 2156 1776; x_wconf 87' lang='lat' dir='ltr'><strong>Parasti</strong></span> <span class='ocrx_word' id='word_1_173' title='bbox 2187 1721 2241 1776; x_wconf 93' lang='lat' dir='ltr'><strong>in</strong></span> <span class='ocrx_word' id='word_1_174' title='bbox 2276 1721 2563 1778; x_wconf 90' lang='lat' dir='ltr'><strong>dulcedine</strong></span> <span class='ocrx_word' id='word_1_175' title='bbox 2593 1731 2684 1778; x_wconf 90' lang='lat' dir='ltr'><strong>tua</strong></span> <span class='ocrx_word' id='word_1_176' title='bbox 2716 1722 2974 1793; x_wconf 80' lang='lat' dir='ltr'><strong>pauperi,</strong></span> <span class='ocrx_word' id='word_1_177' title='bbox 3007 1720 3170 1776; x_wconf 88' lang='lat' dir='ltr'><strong>Deus.</strong></span> 
     </span>
    </p>
   </div>
   <div class='ocr_carea' id='block_1_28' title="bbox 65 1788 271 1855">
    <p class='ocr_par' dir='ltr' id='par_1_28' title="bbox 65 1788 271 1855">
     <span class='ocr_line' id='line_1_28' title="bbox 65 1788 271 1855; baseline 0.029 -15"><span class='ocrx_word' id='word_1_178' title='bbox 65 1791 90 1840; x_wconf 77' lang='grc'>6</span> <span class='ocrx_word' id='word_1_179' title='bbox 113 1788 271 1855; x_wconf 85' lang='grc' dir='ltr'>Θεός.</span> 
     </span>
    </p>
   </div>
   <div class='ocr_carea' id='block_1_29' title="bbox 135 1882 1737 1977">
    <p class='ocr_par' dir='ltr' id='par_1_29' title="bbox 135 1882 1725 1969">
     <span class='ocr_line' id='line_1_29' title="bbox 135 1882 1725 1969; baseline 0.011 -35"><span class='ocrx_word' id='word_1_180' title='bbox 135 1882 225 1935; x_wconf 82' lang='grc'><strong>25.</strong></span> <span class='ocrx_word' id='word_1_181' title='bbox 266 1884 481 1956; x_wconf 80' lang='grc' dir='ltr'>Κύριος</span> <span class='ocrx_word' id='word_1_182' title='bbox 511 1888 670 1943; x_wconf 83' lang='grc' dir='ltr'>δώσει</span> <span class='ocrx_word' id='word_1_183' title='bbox 702 1891 855 1962; x_wconf 73' lang='grc' dir='ltr'>ῥῆμα</span> <span class='ocrx_word' id='word_1_184' title='bbox 882 1896 993 1957; x_wconf 86' lang='grc' dir='ltr'>τοῖς</span> <span class='ocrx_word' id='word_1_185' title='bbox 1027 1895 1534 1969; x_wconf 77' lang='grc' dir='ltr'>εὐαγγελιζομένοις</span> <span class='ocrx_word' id='word_1_186' title='bbox 1556 1897 1649 1951; x_wconf 82' lang='grc' dir='ltr'>δυ·</span> <span class='ocrx_word' id='word_1_187' title='bbox 1684 1887 1725 1942; x_wconf 82' lang='grc' dir='ltr'><strong>Β</strong></span> 
     </span>
    </p>
   </div>
   <div class='ocr_carea' id='block_1_30' title="bbox 1714 1882 3316 1977">
    <p class='ocr_par' dir='ltr' id='par_1_30' title="bbox 1714 1891 3316 1977">
     <span class='ocr_line' id='line_1_30' title="bbox 1714 1891 3316 1977; baseline 0.002 -19"><span class='ocrx_word' id='word_1_188' title='bbox 1714 1891 1725 1940; x_wconf 64' lang='grc' dir='ltr'>ι</span> <span class='ocrx_word' id='word_1_189' title='bbox 1823 1905 1913 1961; x_wconf 78' lang='grc'><strong>25.</strong></span> <span class='ocrx_word' id='word_1_190' title='bbox 1954 1904 2214 1962; x_wconf 88' lang='lat' dir='ltr'><strong>Dominus</strong></span> <span class='ocrx_word' id='word_1_191' title='bbox 2243 1905 2393 1961; x_wconf 83' lang='lat' dir='ltr'><strong>dabit</strong></span> <span class='ocrx_word' id='word_1_192' title='bbox 2422 1906 2651 1961; x_wconf 84' lang='lat' dir='ltr'><strong>verbum</strong></span> <span class='ocrx_word' id='word_1_193' title='bbox 2687 1906 3185 1977; x_wconf 78' lang='lat' dir='ltr'><strong>evangelizantibus</strong></span> <span class='ocrx_word' id='word_1_194' title='bbox 3209 1906 3316 1961; x_wconf 83' lang='lat' dir='ltr'><strong>vir-</strong></span> 
     </span>
    </p>
   </div>
   <div class='ocr_carea' id='block_1_31' title="bbox 66 1974 1668 2052">
    <p class='ocr_par' dir='ltr' id='par_1_31' title="bbox 66 1974 468 2050">
     <span class='ocr_line' id='line_1_31' title="bbox 66 1974 468 2050; baseline 0.027 -29"><span class='ocrx_word' id='word_1_195' title='bbox 66 1974 229 2043; x_wconf 70' lang='grc' dir='ltr'>νὰμει</span> <span class='ocrx_word' id='word_1_196' title='bbox 266 1979 468 2050; x_wconf 80' lang='grc' dir='ltr'>πολλῇ.</span> 
     </span>
    </p>
   </div>
   <div class='ocr_carea' id='block_1_32' title="bbox 480 1974 2082 2052">
    <p class='ocr_par' dir='ltr' id='par_1_32' title="bbox 1749 1995 2082 2052">
     <span class='ocr_line' id='line_1_32' title="bbox 1749 1995 2082 2052; baseline 0 -1"><span class='ocrx_word' id='word_1_197' title='bbox 1749 2005 1863 2052; x_wconf 87' lang='lat' dir='ltr'><strong>tute</strong></span> <span class='ocrx_word' id='word_1_198' title='bbox 1892 1995 2082 2051; x_wconf 90' lang='lat' dir='ltr'><strong>multa.</strong></span> 
     </span>
    </p>
   </div>
   <div class='ocr_carea' id='block_1_33' title="bbox 136 2069 1738 2161">
    <p class='ocr_par' dir='ltr' id='par_1_33' title="bbox 136 2069 1510 2153">
     <span class='ocr_line' id='line_1_33' title="bbox 136 2069 1510 2153; baseline 0.01 -30"><span class='ocrx_word' id='word_1_199' title='bbox 136 2069 226 2124; x_wconf 84' lang='grc'><strong>26.</strong></span> <span class='ocrx_word' id='word_1_200' title='bbox 271 2074 334 2127; x_wconf 82' lang='grc' dir='ltr'>Ὀ</span> <span class='ocrx_word' id='word_1_201' title='bbox 360 2074 611 2144; x_wconf 77' lang='grc' dir='ltr'>βασιλεὺς</span> <span class='ocrx_word' id='word_1_202' title='bbox 634 2077 742 2131; x_wconf 81' lang='grc' dir='ltr'>τῶν</span> <span class='ocrx_word' id='word_1_203' title='bbox 767 2078 1047 2152; x_wconf 83' lang='grc' dir='ltr'><strong>δυνάμεων</strong></span> <span class='ocrx_word' id='word_1_204' title='bbox 1066 2082 1160 2136; x_wconf 70' lang='grc' dir='ltr'>τοῦ</span> <span class='ocrx_word' id='word_1_205' title='bbox 1196 2083 1475 2153; x_wconf 79' lang='grc' dir='ltr'><strong>ἀγαπητοῦ</strong></span> <span class='ocrx_word' id='word_1_206' title='bbox 1497 2101 1510 2114; x_wconf 83' lang='lat'><strong><em>°</em></strong></span> 
     </span>
    </p>
   </div>
   <div class='ocr_carea' id='block_1_34' title="bbox 990 2069 2592 2161">
    <p class='ocr_par' dir='ltr' id='par_1_34' title="bbox 990 2082 2592 2161">
     <span class='ocr_line' id='line_1_34' title="bbox 990 2082 2592 2161; baseline 0.002 -26"><span class='ocrx_word' id='word_1_207' title='bbox 990 2100 1047 2136; x_wconf 81' lang='grc' dir='ltr'>υν</span> <span class='ocrx_word' id='word_1_208' title='bbox 1066 2082 1160 2136; x_wconf 72' lang='grc' dir='ltr'>τοῦ</span> <span class='ocrx_word' id='word_1_209' title='bbox 1196 2083 1475 2153; x_wconf 80' lang='grc' dir='ltr'><strong>ἀγαπητοῦ</strong></span> <span class='ocrx_word' id='word_1_210' title='bbox 1497 2101 1510 2114; x_wconf 80' lang='grc' dir='ltr'><strong><em>ο</em></strong></span> <span class='ocrx_word' id='word_1_211' title='bbox 1815 2083 1904 2138; x_wconf 82' lang='grc'><strong>26.</strong></span> <span class='ocrx_word' id='word_1_212' title='bbox 1938 2083 2050 2139; x_wconf 79' lang='lat' dir='ltr'><strong>Rex</strong></span> <span class='ocrx_word' id='word_1_213' title='bbox 2082 2084 2338 2139; x_wconf 87' lang='lat' dir='ltr'><strong>virtutum</strong></span> <span class='ocrx_word' id='word_1_214' title='bbox 2365 2084 2545 2140; x_wconf 85' lang='lat' dir='ltr'><strong>dilecti</strong></span> <span class='ocrx_word' id='word_1_215' title='bbox 2579 2102 2592 2161; x_wconf 92' lang='lat'>_:</span> 
     </span>
    </p>
   </div>
   <div class='ocr_carea' id='block_1_35' title="bbox 135 2163 1737 2246">
    <p class='ocr_par' dir='ltr' id='par_1_35' title="bbox 135 2163 1481 2240">
     <span class='ocr_line' id='line_1_35' title="bbox 135 2163 1481 2240; baseline 0.011 -25"><span class='ocrx_word' id='word_1_216' title='bbox 135 2163 227 2216; x_wconf 85' lang='grc'><strong>27.</strong></span> <span class='ocrx_word' id='word_1_217' title='bbox 263 2166 348 2237; x_wconf 82' lang='grc' dir='ltr'><strong>Τῇ</strong></span> <span class='ocrx_word' id='word_1_218' title='bbox 377 2169 668 2240; x_wconf 85' lang='grc' dir='ltr'>ὡραιότητι</span> <span class='ocrx_word' id='word_1_219' title='bbox 688 2172 781 2224; x_wconf 77' lang='grc' dir='ltr'>τοῦ</span> <span class='ocrx_word' id='word_1_220' title='bbox 807 2172 956 2225; x_wconf 80' lang='grc' dir='ltr'>οἴκου</span> <span class='ocrx_word' id='word_1_221' title='bbox 988 2174 1256 2229; x_wconf 82' lang='grc' dir='ltr'><strong>διελέσθαι</strong></span> <span class='ocrx_word' id='word_1_222' title='bbox 1292 2175 1481 2231; x_wconf 83' lang='grc' dir='ltr'>σκῦλα.</span> 
     </span>
    </p>
   </div>
   <div class='ocr_carea' id='block_1_36' title="bbox 1273 2163 2875 2246">
    <p class='ocr_par' dir='ltr' id='par_1_36' title="bbox 1292 2175 2875 2246">
     <span class='ocr_line' id='line_1_36' title="bbox 1292 2175 2875 2246; baseline 0.003 -18"><span class='ocrx_word' id='word_1_223' title='bbox 1292 2175 1481 2231; x_wconf 84' lang='grc' dir='ltr'>σκῦλα.</span> <span class='ocrx_word' id='word_1_224' title='bbox 1818 2177 1906 2232; x_wconf 84' lang='grc'><strong>27.</strong></span> <span class='ocrx_word' id='word_1_225' title='bbox 1943 2176 2151 2246; x_wconf 88' lang='lat' dir='ltr'><strong>Speciei</strong></span> <span class='ocrx_word' id='word_1_226' title='bbox 2183 2177 2381 2232; x_wconf 87' lang='lat' dir='ltr'><strong>domus</strong></span> <span class='ocrx_word' id='word_1_227' title='bbox 2412 2178 2650 2233; x_wconf 78' lang='lat' dir='ltr'><strong>dividere</strong></span> <span class='ocrx_word' id='word_1_228' title='bbox 2683 2176 2875 2246; x_wconf 90' lang='lat' dir='ltr'><strong>spolia.</strong></span> 
     </span>
    </p>
   </div>
   <div class='ocr_carea' id='block_1_37' title="bbox 136 2253 1738 2339">
    <p class='ocr_par' dir='ltr' id='par_1_37' title="bbox 136 2253 1456 2339">
     <span class='ocr_line' id='line_1_37' title="bbox 136 2253 1456 2339; baseline 0.014 -34"><span class='ocrx_word' id='word_1_229' title='bbox 136 2253 225 2307; x_wconf 92' lang='grc'><strong>28.</strong></span> <span class='ocrx_word' id='word_1_230' title='bbox 279 2258 410 2310; x_wconf 76' lang='grc' dir='ltr'><strong>Ἐὰν</strong></span> <span class='ocrx_word' id='word_1_231' title='bbox 433 2261 731 2332; x_wconf 82' lang='grc' dir='ltr'>κοιμηθῆτε</span> <span class='ocrx_word' id='word_1_232' title='bbox 765 2264 1037 2335; x_wconf 79' lang='grc' dir='ltr'>ἀναμέσον</span> <span class='ocrx_word' id='word_1_233' title='bbox 1062 2266 1170 2320; x_wconf 82' lang='grc' dir='ltr'>τῶν</span> <span class='ocrx_word' id='word_1_234' title='bbox 1206 2268 1422 2339; x_wconf 82' lang='grc' dir='ltr'><strong>κλήρων</strong></span> <span class='ocrx_word' id='word_1_235' title='bbox 1443 2285 1456 2299; x_wconf 90' lang='grc'><strong>·</strong></span> 
     </span>
    </p>
   </div>
   <div class='ocr_carea' id='block_1_38' title="bbox 1379 2253 2981 2339">
    <p class='ocr_par' dir='ltr' id='par_1_38' title="bbox 1379 2267 2981 2325">
     <span class='ocr_line' id='line_1_38' title="bbox 1379 2267 2981 2325; baseline 0.001 -4"><span class='ocrx_word' id='word_1_236' title='bbox 1379 2287 1422 2322; x_wconf 80' lang='lat' dir='ltr'><strong>iv</strong></span> <span class='ocrx_word' id='word_1_237' title='bbox 1443 2285 1456 2299; x_wconf 91' lang='grc'><strong>·</strong></span> <span class='ocrx_word' id='word_1_238' title='bbox 1820 2271 1910 2324; x_wconf 86' lang='lat'><strong>28.</strong></span> <span class='ocrx_word' id='word_1_239' title='bbox 1954 2269 2011 2323; x_wconf 89' lang='lat' dir='ltr'><strong>Si</strong></span> <span class='ocrx_word' id='word_1_240' title='bbox 2051 2269 2333 2324; x_wconf 86' lang='lat' dir='ltr'><strong>dormiatis</strong></span> <span class='ocrx_word' id='word_1_241' title='bbox 2360 2269 2500 2324; x_wconf 89' lang='lat' dir='ltr'><strong>inter</strong></span> <span class='ocrx_word' id='word_1_242' title='bbox 2531 2267 2735 2325; x_wconf 87' lang='lat' dir='ltr'><strong>medios</strong></span> <span class='ocrx_word' id='word_1_243' title='bbox 2760 2268 2936 2324; x_wconf 82' lang='lat' dir='ltr'><strong>cleros</strong></span> <span class='ocrx_word' id='word_1_244' title='bbox 2968 2286 2981 2322; x_wconf 89' lang='lat'><strong>:</strong></span> 
     </span>
    </p>
   </div>
   <div class='ocr_carea' id='block_1_39' title="bbox 139 2345 1741 2433">
    <p class='ocr_par' dir='ltr' id='par_1_39' title="bbox 139 2345 1466 2428">
     <span class='ocr_line' id='line_1_39' title="bbox 139 2345 1466 2428; baseline 0.011 -30"><span class='ocrx_word' id='word_1_245' title='bbox 139 2345 227 2402; x_wconf 77' lang='lat'><strong>9.9.</strong></span> <span class='ocrx_word' id='word_1_246' title='bbox 260 2349 543 2422; x_wconf 73' lang='grc' dir='ltr'>Ιῐτὲρυγες</span> <span class='ocrx_word' id='word_1_247' title='bbox 571 2357 898 2426; x_wconf 79' lang='grc' dir='ltr'>περιστερᾶς</span> <span class='ocrx_word' id='word_1_248' title='bbox 930 2358 1466 2428; x_wconf 82' lang='grc' dir='ltr'>περιηργυρωμέναι,</span> 
     </span>
    </p>
   </div>
   <div class='ocr_carea' id='block_1_40' title="bbox 1259 2345 2861 2433">
    <p class='ocr_par' dir='ltr' id='par_1_40' title="bbox 1259 2358 2861 2433">
     <span class='ocr_line' id='line_1_40' title="bbox 1259 2358 2861 2433; baseline 0.003 -22"><span class='ocrx_word' id='word_1_249' title='bbox 1259 2358 1466 2428; x_wconf 78' lang='grc' dir='ltr'>υμέναι,</span> <span class='ocrx_word' id='word_1_250' title='bbox 1819 2362 1909 2416; x_wconf 84' lang='grc'><strong>29.</strong></span> <span class='ocrx_word' id='word_1_251' title='bbox 1945 2361 2142 2417; x_wconf 62' lang='lat' dir='ltr'><strong>Pennas</strong></span> <span class='ocrx_word' id='word_1_252' title='bbox 2173 2362 2438 2418; x_wconf 67' lang='lat' dir='ltr'><strong>columba:</strong></span> <span class='ocrx_word' id='word_1_253' title='bbox 2469 2362 2861 2433; x_wconf 79' lang='lat' dir='ltr'><strong>dcargentatae,</strong></span> 
     </span>
    </p>
   </div>
   <div class='ocr_carea' id='block_1_41' title="bbox 142 2509 1744 2598">
    <p class='ocr_par' dir='ltr' id='par_1_41' title="bbox 142 2509 1744 2589">
     <span class='ocr_line' id='line_1_41' title="bbox 142 2509 1744 2589; baseline 0.011 -29"><span class='ocrx_word' id='word_1_254' title='bbox 142 2509 220 2578; x_wconf 82' lang='grc' dir='ltr'><strong>(α)</strong></span> <span class='ocrx_word' id='word_1_255' title='bbox 248 2510 408 2570; x_wconf 82' lang='lat' dir='ltr'><strong>Vers.</strong></span> <span class='ocrx_word' id='word_1_256' title='bbox 439 2515 522 2570; x_wconf 87' lang='lat'><strong>19.</strong></span> <span class='ocrx_word' id='word_1_257' title='bbox 549 2517 626 2586; x_wconf 84' lang='grc' dir='ltr'><strong>Γῆ</strong></span> <span class='ocrx_word' id='word_1_258' title='bbox 650 2554 668 2583; x_wconf 83' lang='lat'><strong>,</strong></span> <span class='ocrx_word' id='word_1_259' title='bbox 705 2527 808 2574; x_wconf 95' lang='lat' dir='ltr'><strong>etc.</strong></span> <span class='ocrx_word' id='word_1_260' title='bbox 865 2533 1034 2573; x_wconf 86' lang='lat' dir='ltr'><strong>usoue</strong></span> <span class='ocrx_word' id='word_1_261' title='bbox 1081 2519 1147 2574; x_wconf 84' lang='lat' dir='ltr'><strong>ad</strong></span> <span class='ocrx_word' id='word_1_262' title='bbox 1177 2519 1430 2586; x_wconf 77' lang='grc' dir='ltr'>ἕσταξαν.</span> <span class='ocrx_word' id='word_1_263' title='bbox 1482 2523 1512 2589; x_wconf 68' lang='grc' dir='ltr'><strong><em>Ῡ</em></strong></span> <span class='ocrx_word' id='word_1_264' title='bbox 1545 2521 1634 2576; x_wconf 90' lang='grc'><strong>20.</strong></span> <span class='ocrx_word' id='word_1_265' title='bbox 1691 2524 1744 2577; x_wconf 80' lang='grc' dir='ltr'><strong>Ἀ</strong></span> 
     </span>
    </p>
   </div>
   <div class='ocr_carea' id='block_1_42' title="bbox 1123 2509 2725 2598">
    <p class='ocr_par' dir='ltr' id='par_1_42' title="bbox 1123 2519 2725 2598">
     <span class='ocr_line' id='line_1_42' title="bbox 1123 2519 2725 2598; baseline 0.004 -24"><span class='ocrx_word' id='word_1_266' title='bbox 1123 2519 1147 2574; x_wconf 77' lang='grc' dir='ltr'><strong>ι1</strong></span> <span class='ocrx_word' id='word_1_267' title='bbox 1177 2519 1430 2586; x_wconf 77' lang='grc' dir='ltr'>ἕσταξαν.</span> <span class='ocrx_word' id='word_1_268' title='bbox 1482 2523 1512 2589; x_wconf 68' lang='grc' dir='ltr'><strong><em>Ῡ</em></strong></span> <span class='ocrx_word' id='word_1_269' title='bbox 1545 2521 1634 2576; x_wconf 90' lang='grc'><strong>20.</strong></span> <span class='ocrx_word' id='word_1_270' title='bbox 1691 2524 1822 2577; x_wconf 83' lang='grc' dir='ltr'>Ἀπὸ</span> <span class='ocrx_word' id='word_1_271' title='bbox 1861 2523 2151 2578; x_wconf 84' lang='grc' dir='ltr'>ποοσὼπου</span> <span class='ocrx_word' id='word_1_272' title='bbox 2180 2540 2354 2596; x_wconf 86' lang='lat' dir='ltr'><strong>usque</strong></span> <span class='ocrx_word' id='word_1_273' title='bbox 2386 2535 2453 2580; x_wconf 86' lang='lat' dir='ltr'><strong>ad</strong></span> <span class='ocrx_word' id='word_1_274' title='bbox 2493 2527 2725 2598; x_wconf 87' lang='grc' dir='ltr'>Ἰσραήλ.</span> 
     </span>
    </p>
   </div>
   <div class='ocr_carea' id='block_1_43' title="bbox 1200 2658 2200 2742">
    <p class='ocr_par' dir='ltr' id='par_1_43' title="bbox 1200 2658 2200 2742">
     <span class='ocr_line' id='line_1_43' title="bbox 1200 2658 2200 2742; baseline 0.008 -8"><span class='ocrx_word' id='word_1_275' title='bbox 1200 2679 1574 2738; x_wconf 78' lang='lat' dir='ltr'><strong>ATHANASII</strong></span> <span class='ocrx_word' id='word_1_276' title='bbox 1615 2658 2200 2742; x_wconf 69' lang='lat' dir='ltr'><strong>iursnpnsruio.</strong></span> 
     </span>
    </p>
   </div>
   <div class='ocr_carea' id='block_1_44' title="bbox 145 2816 1747 2914">
    <p class='ocr_par' dir='ltr' id='par_1_44' title="bbox 145 2816 1649 2905">
     <span class='ocr_line' id='line_1_44' title="bbox 145 2816 1649 2905; baseline 0.013 -36"><span class='ocrx_word' id='word_1_277' title='bbox 145 2816 231 2871; x_wconf 80' lang='grc'><strong>15.</strong></span> <span class='ocrx_word' id='word_1_278' title='bbox 265 2819 408 2881; x_wconf 65' lang='grc' dir='ltr'>Τοὺς</span> <span class='ocrx_word' id='word_1_279' title='bbox 429 2823 625 2889; x_wconf 70' lang='grc' dir='ltr'>αὐτοὺς</span> <span class='ocrx_word' id='word_1_280' title='bbox 665 2827 992 2896; x_wconf 76' lang='grc' dir='ltr'>μονάζοντας</span> <span class='ocrx_word' id='word_1_281' title='bbox 1037 2832 1101 2885; x_wconf 83' lang='grc' dir='ltr'><strong>ἐκ</strong></span> <span class='ocrx_word' id='word_1_282' title='bbox 1146 2833 1254 2886; x_wconf 82' lang='grc' dir='ltr'>τῶν</span> <span class='ocrx_word' id='word_1_283' title='bbox 1297 2834 1513 2905; x_wconf 87' lang='grc' dir='ltr'>δεσμῶν</span> <span class='ocrx_word' id='word_1_284' title='bbox 1541 2835 1649 2888; x_wconf 85' lang='grc' dir='ltr'><strong>τῶν</strong></span> 
     </span>
    </p>
   </div>
   <div class='ocr_carea' id='block_1_45' title="bbox 1708 2816 3310 2914">
    <p class='ocr_par' dir='ltr' id='par_1_45' title="bbox 1819 2835 3310 2914">
     <span class='ocr_line' id='line_1_45' title="bbox 1819 2835 3310 2914; baseline 0.009 -25"><span class='ocrx_word' id='word_1_285' title='bbox 1819 2837 1906 2893; x_wconf 82' lang='grc'><strong>15.</strong></span> <span class='ocrx_word' id='word_1_286' title='bbox 1941 2835 2168 2893; x_wconf 86' lang='lat' dir='ltr'><strong>Eosdem</strong></span> <span class='ocrx_word' id='word_1_287' title='bbox 2199 2842 2548 2897; x_wconf 62' lang='lat' dir='ltr'><strong>monaclios‘e</strong></span> <span class='ocrx_word' id='word_1_288' title='bbox 2581 2844 2814 2899; x_wconf 76' lang='lat' dir='ltr'><strong>vinculis</strong></span> <span class='ocrx_word' id='word_1_289' title='bbox 2853 2855 3194 2914; x_wconf 88' lang='lat' dir='ltr'><strong>peccatorum</strong></span> <span class='ocrx_word' id='word_1_290' title='bbox 3227 2865 3310 2904; x_wconf 89' lang='lat' dir='ltr'><strong>re-</strong></span> 
     </span>
    </p>
   </div>
   <div class='ocr_carea' id='block_1_46' title="bbox 78 2906 1680 3003">
    <p class='ocr_par' dir='ltr' id='par_1_46' title="bbox 78 2906 1648 2995">
     <span class='ocr_line' id='line_1_46' title="bbox 78 2906 1648 2995; baseline 0.017 -40"><span class='ocrx_word' id='word_1_291' title='bbox 78 2906 360 2979; x_wconf 79' lang='grc' dir='ltr'>ἁμαρτιῶν</span> <span class='ocrx_word' id='word_1_292' title='bbox 394 2912 750 2985; x_wconf 79' lang='grc' dir='ltr'>λυτρούμενος</span> <span class='ocrx_word' id='word_1_293' title='bbox 773 2919 828 2970; x_wconf 90' lang='grc' dir='ltr'>ἐν</span> <span class='ocrx_word' id='word_1_294' title='bbox 863 2918 1007 2988; x_wconf 78' lang='grc' dir='ltr'>ἰσχύϊ</span> <span class='ocrx_word' id='word_1_295' title='bbox 1036 2921 1113 2991; x_wconf 88' lang='grc'><strong>(1)</strong></span> <span class='ocrx_word' id='word_1_296' title='bbox 1143 2923 1282 2975; x_wconf 78' lang='grc' dir='ltr'>κατὰ</span> <span class='ocrx_word' id='word_1_297' title='bbox 1323 2925 1418 2992; x_wconf 83' lang='grc' dir='ltr'>τῆς</span> <span class='ocrx_word' id='word_1_298' title='bbox 1466 2926 1648 2995; x_wconf 78' lang='grc' dir='ltr'>ἁμαρ-</span> 
     </span>
    </p>
   </div>
   <div class='ocr_carea' id='block_1_47' title="bbox 1317 2906 2919 3003">
    <p class='ocr_par' dir='ltr' id='par_1_47' title="bbox 1323 2906 2919 3003">
     <span class='ocr_line' id='line_1_47' title="bbox 1323 2906 2919 3003; baseline 0.008 -29"><span class='ocrx_word' id='word_1_299' title='bbox 1323 2925 1418 2992; x_wconf 83' lang='grc' dir='ltr'>τῆς</span> <span class='ocrx_word' id='word_1_300' title='bbox 1466 2926 1648 2995; x_wconf 84' lang='grc' dir='ltr'>ἁμαρ·</span> <span class='ocrx_word' id='word_1_301' title='bbox 1745 2927 1959 2984; x_wconf 90' lang='lat' dir='ltr'><strong>dimens</strong></span> <span class='ocrx_word' id='word_1_302' title='bbox 1986 2931 2040 2983; x_wconf 91' lang='lat' dir='ltr'><strong>in</strong></span> <span class='ocrx_word' id='word_1_303' title='bbox 2064 2927 2380 2985; x_wconf 81' lang='lat' dir='ltr'><strong>fortitudine</strong></span> <span class='ocrx_word' id='word_1_304' title='bbox 2403 2941 2591 2988; x_wconf 87' lang='lat' dir='ltr'><strong>contra</strong></span> <span class='ocrx_word' id='word_1_305' title='bbox 2616 2906 2919 3003; x_wconf 76' lang='lat' dir='ltr'><strong>peccatum.</strong></span> 
     </span>
    </p>
   </div>
   <div class='ocr_carea' id='block_1_48' title="bbox 78 3000 214 3062">
    <p class='ocr_par' dir='ltr' id='par_1_48' title="bbox 78 3000 214 3062">
     <span class='ocr_line' id='line_1_48' title="bbox 78 3000 214 3062; baseline 0.037 -14"><span class='ocrx_word' id='word_1_306' title='bbox 78 3000 214 3062; x_wconf 81' lang='grc' dir='ltr'>τὶας.</span> 
     </span>
    </p>
   </div>
   <div class='ocr_carea' id='block_1_49' title="bbox 147 3091 1749 3188">
    <p class='ocr_par' dir='ltr' id='par_1_49' title="bbox 147 3091 1649 3180">
     <span class='ocr_line' id='line_1_49' title="bbox 147 3091 1649 3180; baseline 0.015 -37"><span class='ocrx_word' id='word_1_307' title='bbox 147 3091 230 3146; x_wconf 89' lang='grc'><strong>16.</strong></span> <span class='ocrx_word' id='word_1_308' title='bbox 265 3095 404 3158; x_wconf 74' lang='grc' dir='ltr'><strong>Τοῦς</strong></span> <span class='ocrx_word' id='word_1_309' title='bbox 425 3096 510 3150; x_wconf 69' lang='grc' dir='ltr'><strong>διὰ</strong></span> <span class='ocrx_word' id='word_1_310' title='bbox 539 3097 644 3150; x_wconf 84' lang='grc' dir='ltr'>τῶν</span> <span class='ocrx_word' id='word_1_311' title='bbox 677 3101 957 3173; x_wconf 85' lang='grc' dir='ltr'>ἁμαρτιῶν</span> <span class='ocrx_word' id='word_1_312' title='bbox 994 3105 1068 3174; x_wconf 92' lang='grc'><strong>(2)</strong></span> <span class='ocrx_word' id='word_1_313' title='bbox 1100 3107 1649 3180; x_wconf 80' lang='grc' dir='ltr'>παραπικραενοντας</span> 
     </span>
    </p>
   </div>
   <div class='ocr_carea' id='block_1_50' title="bbox 1707 3091 3309 3188">
    <p class='ocr_par' dir='ltr' id='par_1_50' title="bbox 1813 3111 3309 3188">
     <span class='ocr_line' id='line_1_50' title="bbox 1813 3111 3309 3188; baseline 0.005 -22"><span class='ocrx_word' id='word_1_314' title='bbox 1813 3112 1899 3166; x_wconf 84' lang='grc'><strong>16.</strong></span> <span class='ocrx_word' id='word_1_315' title='bbox 1935 3111 2038 3178; x_wconf 88' lang='lat' dir='ltr'><strong>Qui</strong></span> <span class='ocrx_word' id='word_1_316' title='bbox 2100 3114 2250 3183; x_wconf 88' lang='lat' dir='ltr'><strong>prius</strong></span> <span class='ocrx_word' id='word_1_317' title='bbox 2310 3116 2770 3171; x_wconf 82' lang='lat' dir='ltr'><strong>exaeerbaverant</strong></span> <span class='ocrx_word' id='word_1_318' title='bbox 2835 3132 2961 3173; x_wconf 86' lang='lat' dir='ltr'><strong>eum</strong></span> <span class='ocrx_word' id='word_1_319' title='bbox 3039 3119 3309 3188; x_wconf 82' lang='lat' dir='ltr'><strong>peccatis,</strong></span> 
     </span>
    </p>
   </div>
   <div class='ocr_carea' id='block_1_51' title="bbox 81 3181 1683 3296">
    <p class='ocr_par' dir='ltr' id='par_1_51' title="bbox 81 3181 1683 3296">
     <span class='ocr_line' id='line_1_51' title="bbox 81 3181 1683 3291; baseline 0.015 -58"><span class='ocrx_word' id='word_1_320' title='bbox 81 3181 232 3236; x_wconf 74' lang='grc' dir='ltr'>αὑτὸν</span> <span class='ocrx_word' id='word_1_321' title='bbox 257 3186 538 3258; x_wconf 81' lang='grc' dir='ltr'>πρότερον,</span> <span class='ocrx_word' id='word_1_322' title='bbox 569 3189 789 3262; x_wconf 73' lang='grc' dir='ltr'>ὕστερον</span> <span class='ocrx_word' id='word_1_323' title='bbox 817 3194 874 3247; x_wconf 79' lang='grc' dir='ltr'>δὲ</span> <span class='ocrx_word' id='word_1_324' title='bbox 903 3199 1360 3270; x_wconf 81' lang='grc' dir='ltr'>μετανοήσαντας,</span> <span class='ocrx_word' id='word_1_325' title='bbox 1393 3201 1487 3255; x_wconf 73' lang='grc' dir='ltr'>καὶ</span> <span class='ocrx_word' id='word_1_326' title='bbox 1512 3220 1645 3255; x_wconf 90' lang='grc' dir='ltr'>κατ-</span> <span class='ocrx_word' id='word_1_327' title='bbox 1673 3243 1683 3291; x_wconf 46' lang='grc' dir='ltr'><strong>ε</strong></span> 
     </span>
     <span class='ocr_line' id='line_1_52' title="bbox 81 3273 1548 3296; baseline 0 0"><span class='ocrx_word' id='word_1_328' title='bbox 81 3273 359 3296; x_wconf 48' lang='lat' dir='ltr'><strong>A...-.&#39;..___,</strong></span> <span class='ocrx_word' id='word_1_329' title='bbox 393 3278 524 3296; x_wconf 51' lang='lat'><strong>1,,,&#39;</strong></span> <span class='ocrx_word' id='word_1_330' title='bbox 841 3284 850 3296; x_wconf 74' lang='grc' dir='ltr'><strong><em>ο</em></strong></span> <span class='ocrx_word' id='word_1_331' title='bbox 1004 3288 1015 3296; x_wconf 86' lang='grc'>.</span> <span class='ocrx_word' id='word_1_332' title='bbox 1154 3291 1174 3296; x_wconf 85' lang='grc'><strong>..</strong></span> <span class='ocrx_word' id='word_1_333' title='bbox 1362 3293 1382 3296; x_wconf 44' lang='grc' dir='ltr'><strong><em>ᾼ</em></strong></span> <span class='ocrx_word' id='word_1_334' title='bbox 1465 3292 1548 3296; x_wconf 45' lang='grc' dir='ltr'><strong>-μ-</strong></span> 
     </span>
    </p>
   </div>
   <div class='ocr_carea' id='block_1_52' title="bbox 1707 3181 3309 3296">
    <p class='ocr_par' dir='ltr' id='par_1_52' title="bbox 1707 3181 3309 3294">
     <span class='ocr_line' id='line_1_53' title="bbox 1707 3181 3309 3294; baseline 0.002 -34"><span class='ocrx_word' id='word_1_335' title='bbox 1707 3239 1715 3294; x_wconf 53' lang='grc' dir='ltr'><strong>ι</strong></span> <span class='ocrx_word' id='word_1_336' title='bbox 1746 3206 1938 3260; x_wconf 90' lang='lat' dir='ltr'><strong>deinde</strong></span> <span class='ocrx_word' id='word_1_337' title='bbox 1980 3181 2303 3275; x_wconf 72' lang='lat' dir='ltr'><strong>puenitentes</strong></span> <span class='ocrx_word' id='word_1_338' title='bbox 2325 3248 2340 3272; x_wconf 88' lang='lat'><strong>,</strong></span> <span class='ocrx_word' id='word_1_339' title='bbox 2374 3217 2426 3262; x_wconf 91' lang='lat' dir='ltr'><strong>et</strong></span> <span class='ocrx_word' id='word_1_340' title='bbox 2461 3209 2768 3265; x_wconf 88' lang='lat' dir='ltr'><strong>habitantes</strong></span> <span class='ocrx_word' id='word_1_341' title='bbox 2800 3210 2852 3264; x_wconf 91' lang='lat' dir='ltr'><strong>in</strong></span> <span class='ocrx_word' id='word_1_342' title='bbox 2883 3211 3179 3281; x_wconf 84' lang='lat' dir='ltr'><strong>sepulcris,</strong></span> <span class='ocrx_word' id='word_1_343' title='bbox 3209 3211 3309 3265; x_wconf 82' lang='lat' dir='ltr'><strong>hoc</strong></span> 
     </span>
    </p>
   </div>
   <div class='ocr_carea' id='block_1_53' title="bbox 81 3273 1683 3363">
    <p class='ocr_par' dir='ltr' id='par_1_53' title="bbox 81 3273 1683 3360">
     <span class='ocr_line' id='line_1_54' title="bbox 81 3273 1683 3360; baseline 0.016 -39"><span class='ocrx_word' id='word_1_344' title='bbox 81 3273 359 3338; x_wconf 78' lang='grc' dir='ltr'>οικοῦντας</span> <span class='ocrx_word' id='word_1_345' title='bbox 391 3278 446 3328; x_wconf 86' lang='grc' dir='ltr'>ἐν</span> <span class='ocrx_word' id='word_1_346' title='bbox 467 3279 674 3347; x_wconf 73' lang='grc' dir='ltr'>τάφοις,</span> <span class='ocrx_word' id='word_1_347' title='bbox 699 3284 974 3338; x_wconf 77' lang='grc' dir='ltr'>τουτέστιν</span> <span class='ocrx_word' id='word_1_348' title='bbox 1002 3288 1057 3341; x_wconf 81' lang='grc' dir='ltr'><strong>ἐν</strong></span> <span class='ocrx_word' id='word_1_349' title='bbox 1083 3291 1202 3353; x_wconf 86' lang='grc' dir='ltr'>ταῖς</span> <span class='ocrx_word' id='word_1_350' title='bbox 1223 3293 1431 3360; x_wconf 77' lang='grc' dir='ltr'>μοναῖς,</span> <span class='ocrx_word' id='word_1_351' title='bbox 1461 3292 1645 3360; x_wconf 79' lang='grc' dir='ltr'>ἐξάγει</span> <span class='ocrx_word' id='word_1_352' title='bbox 1673 3273 1683 3291; x_wconf 41' lang='grc'><strong>1</strong></span> 
     </span>
    </p>
   </div>
   <div class='ocr_carea' id='block_1_54' title="bbox 1707 3273 3309 3363">
    <p class='ocr_par' dir='ltr' id='par_1_54' title="bbox 1707 3273 3309 3363">
     <span class='ocr_line' id='line_1_55' title="bbox 1707 3273 3309 3363; baseline 0.002 -9"><span class='ocrx_word' id='word_1_353' title='bbox 1707 3273 1715 3294; x_wconf 66' lang='grc'><em>’</em></span> <span class='ocrx_word' id='word_1_354' title='bbox 1745 3311 1827 3354; x_wconf 88' lang='lat' dir='ltr'><strong>est</strong></span> <span class='ocrx_word' id='word_1_355' title='bbox 1856 3301 1907 3352; x_wconf 87' lang='lat' dir='ltr'><strong>in</strong></span> <span class='ocrx_word' id='word_1_356' title='bbox 1954 3301 2322 3363; x_wconf 85' lang='lat' dir='ltr'><strong>monasteriis,</strong></span> <span class='ocrx_word' id='word_1_357' title='bbox 2350 3300 2532 3356; x_wconf 83' lang='lat' dir='ltr'><strong>educit</strong></span> <span class='ocrx_word' id='word_1_358' title='bbox 2559 3301 2615 3356; x_wconf 91' lang='lat' dir='ltr'><strong>in</strong></span> <span class='ocrx_word' id='word_1_359' title='bbox 2648 3302 2963 3358; x_wconf 80' lang='lat' dir='ltr'><strong>fortitudine</strong></span> <span class='ocrx_word' id='word_1_360' title='bbox 2987 3313 3175 3358; x_wconf 89' lang='lat' dir='ltr'><strong>contra</strong></span> <span class='ocrx_word' id='word_1_361' title='bbox 3196 3303 3309 3357; x_wconf 86' lang='lat' dir='ltr'><strong>dia-</strong></span> 
     </span>
    </p>
   </div>
   <div class='ocr_carea' id='block_1_55' title="bbox 84 3361 1948 3448">
    <p class='ocr_par' dir='ltr' id='par_1_55' title="bbox 84 3361 1948 3448">
     <span class='ocr_line' id='line_1_56' title="bbox 84 3361 1948 3448; baseline 0.016 -35"><span class='ocrx_word' id='word_1_362' title='bbox 84 3361 136 3413; x_wconf 80' lang='grc' dir='ltr'><strong>ἐν</strong></span> <span class='ocrx_word' id='word_1_363' title='bbox 162 3365 382 3438; x_wconf 72' lang='grc' dir='ltr'>ἀνδρείᾳ</span> <span class='ocrx_word' id='word_1_364' title='bbox 405 3371 542 3423; x_wconf 77' lang='grc' dir='ltr'>κατὰ</span> <span class='ocrx_word' id='word_1_365' title='bbox 565 3372 656 3425; x_wconf 77' lang='grc' dir='ltr'><strong>τοῦ</strong></span> <span class='ocrx_word' id='word_1_366' title='bbox 686 3375 951 3430; x_wconf 82' lang='grc' dir='ltr'>διαϐόλου.</span> <span class='ocrx_word' id='word_1_367' title='bbox 1746 3390 1948 3448; x_wconf 87' lang='lat' dir='ltr'><strong>bolum.</strong></span> 
     </span>
    </p>
   </div>
   <div class='ocr_carea' id='block_1_56' title="bbox 153 3454 1755 3551">
    <p class='ocr_par' dir='ltr' id='par_1_56' title="bbox 153 3454 1645 3544">
     <span class='ocr_line' id='line_1_57' title="bbox 153 3454 1645 3544; baseline 0.013 -38"><span class='ocrx_word' id='word_1_368' title='bbox 153 3454 232 3508; x_wconf 87' lang='lat'><strong>17.</strong></span> <span class='ocrx_word' id='word_1_369' title='bbox 270 3459 328 3510; x_wconf 88' lang='grc' dir='ltr'><strong>Ὀ</strong></span> <span class='ocrx_word' id='word_1_370' title='bbox 355 3459 505 3526; x_wconf 88' lang='grc' dir='ltr'>Θεὸς,</span> <span class='ocrx_word' id='word_1_371' title='bbox 525 3465 579 3516; x_wconf 80' lang='grc' dir='ltr'><strong>ἐν</strong></span> <span class='ocrx_word' id='word_1_372' title='bbox 607 3464 682 3533; x_wconf 85' lang='grc' dir='ltr'>τῷ</span> <span class='ocrx_word' id='word_1_373' title='bbox 714 3466 1105 3537; x_wconf 77' lang='grc' dir='ltr'>ἐκπορεύεσθαξ</span> <span class='ocrx_word' id='word_1_374' title='bbox 1134 3487 1191 3522; x_wconf 90' lang='grc' dir='ltr'><strong>σε</strong></span> <span class='ocrx_word' id='word_1_375' title='bbox 1221 3473 1283 3524; x_wconf 77' lang='grc' dir='ltr'><strong>ἐκ</strong></span> <span class='ocrx_word' id='word_1_376' title='bbox 1308 3472 1425 3524; x_wconf 77' lang='grc' dir='ltr'>τῶν</span> <span class='ocrx_word' id='word_1_377' title='bbox 1450 3489 1645 3544; x_wconf 85' lang='grc' dir='ltr'>πατρι-</span> 
     </span>
    </p>
   </div>
   <div class='ocr_carea' id='block_1_57' title="bbox 1707 3454 3309 3551">
    <p class='ocr_par' dir='ltr' id='par_1_57' title="bbox 1819 3480 3309 3551">
     <span class='ocr_line' id='line_1_58' title="bbox 1819 3480 3309 3551; baseline 0.001 -17"><span class='ocrx_word' id='word_1_378' title='bbox 1819 3483 1904 3536; x_wconf 83' lang='lat'><strong>17.</strong></span> <span class='ocrx_word' id='word_1_379' title='bbox 1941 3482 2103 3546; x_wconf 90' lang='lat' dir='ltr'><strong>Deus,</strong></span> <span class='ocrx_word' id='word_1_380' title='bbox 2139 3498 2262 3537; x_wconf 90' lang='lat' dir='ltr'><strong>eum</strong></span> <span class='ocrx_word' id='word_1_381' title='bbox 2305 3490 2358 3536; x_wconf 95' lang='lat' dir='ltr'><strong>tu</strong></span> <span class='ocrx_word' id='word_1_382' title='bbox 2387 3481 2705 3551; x_wconf 87' lang='lat' dir='ltr'><strong>procederes</strong></span> <span class='ocrx_word' id='word_1_383' title='bbox 2750 3498 2815 3537; x_wconf 76' lang='lat' dir='ltr'><strong>ex</strong></span> <span class='ocrx_word' id='word_1_384' title='bbox 2871 3482 2993 3538; x_wconf 89' lang='lat' dir='ltr'><strong>sinu</strong></span> <span class='ocrx_word' id='word_1_385' title='bbox 3026 3480 3219 3548; x_wconf 87' lang='lat' dir='ltr'><strong>Patris,</strong></span> <span class='ocrx_word' id='word_1_386' title='bbox 3252 3493 3309 3536; x_wconf 85' lang='lat' dir='ltr'><strong>ut</strong></span> 
     </span>
    </p>
   </div>
   <div class='ocr_carea' id='block_1_58' title="bbox 88 3544 1690 3641">
    <p class='ocr_par' dir='ltr' id='par_1_58' title="bbox 88 3544 1589 3634">
     <span class='ocr_line' id='line_1_59' title="bbox 88 3544 1589 3634; baseline 0.015 -39"><span class='ocrx_word' id='word_1_387' title='bbox 88 3544 189 3596; x_wconf 83' lang='grc' dir='ltr'><strong>κῶν</strong></span> <span class='ocrx_word' id='word_1_388' title='bbox 222 3550 453 3613; x_wconf 80' lang='grc' dir='ltr'>κόλπων,</span> <span class='ocrx_word' id='word_1_389' title='bbox 483 3553 710 3623; x_wconf 65' lang='grc' dir='ltr'>ὀφθῆναι</span> <span class='ocrx_word' id='word_1_390' title='bbox 745 3559 834 3610; x_wconf 74' lang='grc' dir='ltr'><strong>ἐπὶ</strong></span> <span class='ocrx_word' id='word_1_391' title='bbox 865 3561 964 3630; x_wconf 74' lang='grc' dir='ltr'>τῆς</span> <span class='ocrx_word' id='word_1_392' title='bbox 997 3562 1098 3631; x_wconf 82' lang='grc' dir='ltr'><strong>γῆς</strong></span> <span class='ocrx_word' id='word_1_393' title='bbox 1128 3565 1238 3626; x_wconf 88' lang='grc' dir='ltr'>τοῖς</span> <span class='ocrx_word' id='word_1_394' title='bbox 1265 3563 1589 3634; x_wconf 79' lang='grc' dir='ltr'>ἀνθρώποις.</span> 
     </span>
    </p>
   </div>
   <div class='ocr_carea' id='block_1_59' title="bbox 1053 3544 2655 3641">
    <p class='ocr_par' dir='ltr' id='par_1_59' title="bbox 1053 3562 2655 3641">
     <span class='ocr_line' id='line_1_60' title="bbox 1053 3562 2655 3641; baseline 0.009 -29"><span class='ocrx_word' id='word_1_395' title='bbox 1053 3562 1098 3631; x_wconf 64' lang='grc' dir='ltr'>ᾖς</span> <span class='ocrx_word' id='word_1_396' title='bbox 1128 3565 1238 3626; x_wconf 86' lang='grc' dir='ltr'>τοῖς</span> <span class='ocrx_word' id='word_1_397' title='bbox 1265 3563 1589 3634; x_wconf 79' lang='grc' dir='ltr'>ἀνθρώποις.</span> <span class='ocrx_word' id='word_1_398' title='bbox 1745 3587 2037 3641; x_wconf 85' lang='lat' dir='ltr'><strong>appareres</strong></span> <span class='ocrx_word' id='word_1_399' title='bbox 2066 3573 2116 3625; x_wconf 90' lang='lat' dir='ltr'><strong>in</strong></span> <span class='ocrx_word' id='word_1_400' title='bbox 2146 3581 2288 3626; x_wconf 90' lang='lat' dir='ltr'><strong>terra</strong></span> <span class='ocrx_word' id='word_1_401' title='bbox 2319 3573 2655 3628; x_wconf 83' lang='lat' dir='ltr'><strong>hominibus.</strong></span> 
     </span>
    </p>
   </div>
   <div class='ocr_carea' id='block_1_60' title="bbox 153 3638 1755 3735">
    <p class='ocr_par' dir='ltr' id='par_1_60' title="bbox 153 3638 1643 3726">
     <span class='ocr_line' id='line_1_61' title="bbox 153 3638 1643 3726; baseline 0.012 -35"><span class='ocrx_word' id='word_1_402' title='bbox 153 3638 230 3692; x_wconf 90' lang='grc'><strong>18.</strong></span> <span class='ocrx_word' id='word_1_403' title='bbox 273 3643 361 3694; x_wconf 80' lang='grc' dir='ltr'>Ἑν</span> <span class='ocrx_word' id='word_1_404' title='bbox 405 3643 484 3714; x_wconf 84' lang='grc' dir='ltr'><strong>τῷ</strong></span> <span class='ocrx_word' id='word_1_405' title='bbox 511 3646 807 3719; x_wconf 80' lang='grc' dir='ltr'>ὁδοιπορεῖν</span> <span class='ocrx_word' id='word_1_406' title='bbox 837 3667 894 3702; x_wconf 84' lang='grc' dir='ltr'><strong>σε</strong></span> <span class='ocrx_word' id='word_1_407' title='bbox 938 3653 994 3703; x_wconf 86' lang='grc' dir='ltr'><strong>ἐν</strong></span> <span class='ocrx_word' id='word_1_408' title='bbox 1039 3652 1115 3724; x_wconf 82' lang='grc' dir='ltr'>τῷ</span> <span class='ocrx_word' id='word_1_409' title='bbox 1149 3653 1358 3725; x_wconf 84' lang='grc' dir='ltr'>κόσμῳ,</span> <span class='ocrx_word' id='word_1_410' title='bbox 1410 3656 1477 3709; x_wconf 69' lang='grc' dir='ltr'><strong>τὰ</strong></span> <span class='ocrx_word' id='word_1_411' title='bbox 1517 3657 1643 3726; x_wconf 74' lang='grc' dir='ltr'>ἔθνη</span> 
     </span>
    </p>
   </div>
   <div class='ocr_carea' id='block_1_61' title="bbox 1707 3638 3309 3735">
    <p class='ocr_par' dir='ltr' id='par_1_61' title="bbox 1785 3638 3309 3735">
     <span class='ocr_line' id='line_1_62' title="bbox 1785 3638 3309 3735; baseline 0.003 -19"><span class='ocrx_word' id='word_1_412' title='bbox 1785 3638 2071 3716; x_wconf 82' lang='lat' dir='ltr'><strong>Cum</strong></span> <span class='ocrx_word' id='word_1_413' title='bbox 2134 3671 2188 3716; x_wconf 92' lang='lat' dir='ltr'><strong>tu</strong></span> <span class='ocrx_word' id='word_1_414' title='bbox 2245 3664 2346 3717; x_wconf 90' lang='lat' dir='ltr'><strong>iter</strong></span> <span class='ocrx_word' id='word_1_415' title='bbox 2411 3664 2618 3718; x_wconf 80' lang='lat' dir='ltr'><strong>faceres</strong></span> <span class='ocrx_word' id='word_1_416' title='bbox 2699 3663 2753 3717; x_wconf 92' lang='lat' dir='ltr'><strong>in</strong></span> <span class='ocrx_word' id='word_1_417' title='bbox 2824 3664 3062 3731; x_wconf 90' lang='lat' dir='ltr'><strong>mundo,</strong></span> <span class='ocrx_word' id='word_1_418' title='bbox 3120 3674 3309 3735; x_wconf 76' lang='lat' dir='ltr'><strong>gentes</strong></span> 
     </span>
    </p>
   </div>
   <div class='ocr_carea' id='block_1_62' title="bbox 90 3727 1692 3826">
    <p class='ocr_par' dir='ltr' id='par_1_62' title="bbox 90 3727 1642 3816">
     <span class='ocr_line' id='line_1_63' title="bbox 90 3727 1642 3816; baseline 0.01 -36"><span class='ocrx_word' id='word_1_419' title='bbox 90 3727 156 3796; x_wconf 82' lang='grc'><strong>(5)</strong></span> <span class='ocrx_word' id='word_1_420' title='bbox 192 3732 551 3805; x_wconf 75' lang='grc' dir='ltr'>μετετέθησαν</span> <span class='ocrx_word' id='word_1_421' title='bbox 580 3738 687 3790; x_wconf 82' lang='grc' dir='ltr'><strong>ἀπὸ</strong></span> <span class='ocrx_word' id='word_1_422' title='bbox 713 3740 809 3809; x_wconf 80' lang='grc' dir='ltr'><strong>τῆς</strong></span> <span class='ocrx_word' id='word_1_423' title='bbox 829 3741 1267 3813; x_wconf 79' lang='grc' dir='ltr'>εἰδωλολατρείας</span> <span class='ocrx_word' id='word_1_424' title='bbox 1297 3746 1376 3808; x_wconf 72' lang='grc' dir='ltr'><strong>εἰς</strong></span> <span class='ocrx_word' id='word_1_425' title='bbox 1400 3745 1498 3816; x_wconf 83' lang='grc' dir='ltr'>τὴν</span> <span class='ocrx_word' id='word_1_426' title='bbox 1522 3747 1642 3799; x_wconf 79' lang='grc' dir='ltr'>ἐπί-</span> 
     </span>
    </p>
   </div>
   <div class='ocr_carea' id='block_1_63' title="bbox 1702 3727 3304 3826">
    <p class='ocr_par' dir='ltr' id='par_1_63' title="bbox 1747 3727 3304 3826">
     <span class='ocr_line' id='line_1_64' title="bbox 1747 3727 3304 3826; baseline 0.003 -20"><span class='ocrx_word' id='word_1_427' title='bbox 1747 3754 2022 3809; x_wconf 71' lang='lat' dir='ltr'><strong>translata:</strong></span> <span class='ocrx_word' id='word_1_428' title='bbox 2046 3763 2173 3809; x_wconf 89' lang='lat' dir='ltr'><strong>sunt</strong></span> <span class='ocrx_word' id='word_1_429' title='bbox 2206 3754 2274 3808; x_wconf 91' lang='lat' dir='ltr'><strong>ab</strong></span> <span class='ocrx_word' id='word_1_430' title='bbox 2304 3754 2614 3810; x_wconf 86' lang='lat' dir='ltr'><strong>idololatria</strong></span> <span class='ocrx_word' id='word_1_431' title='bbox 2651 3755 2705 3809; x_wconf 92' lang='lat' dir='ltr'><strong>in</strong></span> <span class='ocrx_word' id='word_1_432' title='bbox 2737 3727 3102 3826; x_wconf 79' lang='lat' dir='ltr'><strong>cegnitionem</strong></span> <span class='ocrx_word' id='word_1_433' title='bbox 3121 3727 3304 3810; x_wconf 50' lang='lat' dir='ltr'><strong>&#39;tuam.</strong></span> 
     </span>
    </p>
   </div>
   <div class='ocr_carea' id='block_1_64' title="bbox 89 3834 424 3885">
    <p class='ocr_par' dir='ltr' id='par_1_64' title="bbox 89 3834 424 3885">
     <span class='ocr_line' id='line_1_65' title="bbox 89 3834 424 3885; baseline 0.033 -17"><span class='ocrx_word' id='word_1_434' title='bbox 89 3834 276 3885; x_wconf 83' lang='grc' dir='ltr'>γνωσιν</span> <span class='ocrx_word' id='word_1_435' title='bbox 309 3841 424 3878; x_wconf 86' lang='grc' dir='ltr'>σου.</span> 
     </span>
    </p>
   </div>
   <div class='ocr_carea' id='block_1_65' title="bbox 155 3911 1757 4010">
    <p class='ocr_par' dir='ltr' id='par_1_65' title="bbox 155 3911 1646 3998">
     <span class='ocr_line' id='line_1_66' title="bbox 155 3911 1646 3998; baseline 0.013 -33"><span class='ocrx_word' id='word_1_436' title='bbox 155 3911 233 3968; x_wconf 87' lang='lat'><strong>19.</strong></span> <span class='ocrx_word' id='word_1_437' title='bbox 267 3917 376 3969; x_wconf 74' lang='lat' dir='ltr'><strong>Kal</strong></span> <span class='ocrx_word' id='word_1_438' title='bbox 403 3917 510 3988; x_wconf 75' lang='grc' dir='ltr'><strong>γὰρ</strong></span> <span class='ocrx_word' id='word_1_439' title='bbox 535 3917 583 3970; x_wconf 78' lang='grc' dir='ltr'>οξ</span> <span class='ocrx_word' id='word_1_440' title='bbox 608 3919 892 3973; x_wconf 77' lang='grc' dir='ltr'>ἀπόστολοι</span> <span class='ocrx_word' id='word_1_441' title='bbox 923 3937 1014 3974; x_wconf 90' lang='grc' dir='ltr'><strong>σου</strong></span> <span class='ocrx_word' id='word_1_442' title='bbox 1035 3923 1127 3976; x_wconf 86' lang='grc' dir='ltr'>τὸν</span> <span class='ocrx_word' id='word_1_443' title='bbox 1155 3924 1310 3994; x_wconf 86' lang='grc' dir='ltr'>λόγον</span> <span class='ocrx_word' id='word_1_444' title='bbox 1337 3943 1429 3980; x_wconf 85' lang='grc' dir='ltr'><strong>σου</strong></span> <span class='ocrx_word' id='word_1_445' title='bbox 1453 3927 1646 3998; x_wconf 77' lang='grc' dir='ltr'>ἔταξαν</span> 
     </span>
    </p>
   </div>
   <div class='ocr_carea' id='block_1_66' title="bbox 1704 3911 3306 4010">
    <p class='ocr_par' dir='ltr' id='par_1_66' title="bbox 1815 3938 3306 4010">
     <span class='ocr_line' id='line_1_67' title="bbox 1815 3938 3306 4010; baseline 0.002 -17"><span class='ocrx_word' id='word_1_446' title='bbox 1815 3940 1900 3995; x_wconf 83' lang='grc'><strong>19.</strong></span> <span class='ocrx_word' id='word_1_447' title='bbox 1939 3938 2150 3996; x_wconf 87' lang='lat' dir='ltr'><strong>Etenim</strong></span> <span class='ocrx_word' id='word_1_448' title='bbox 2174 3940 2405 4010; x_wconf 87' lang='lat' dir='ltr'><strong>apostoli</strong></span> <span class='ocrx_word' id='word_1_449' title='bbox 2436 3943 2512 3998; x_wconf 91' lang='lat' dir='ltr'><strong>tui</strong></span> <span class='ocrx_word' id='word_1_450' title='bbox 2552 3957 2855 3997; x_wconf 89' lang='lat' dir='ltr'><strong>sermonem</strong></span> <span class='ocrx_word' id='word_1_451' title='bbox 2899 3949 3051 3996; x_wconf 93' lang='lat' dir='ltr'><strong>tuum</strong></span> <span class='ocrx_word' id='word_1_452' title='bbox 3080 3939 3306 3998; x_wconf 84' lang='lat' dir='ltr'><strong>distilla-</strong></span> 
     </span>
    </p>
   </div>
   <div class='ocr_carea' id='block_1_67' title="bbox 89 4005 1691 4090">
    <p class='ocr_par' dir='ltr' id='par_1_67' title="bbox 89 4005 761 4079">
     <span class='ocr_line' id='line_1_68' title="bbox 89 4005 761 4079; baseline 0.018 -23"><span class='ocrx_word' id='word_1_453' title='bbox 89 4005 160 4068; x_wconf 79' lang='grc' dir='ltr'>εἰς</span> <span class='ocrx_word' id='word_1_454' title='bbox 186 4007 281 4072; x_wconf 73' lang='grc' dir='ltr'>τὰς</span> <span class='ocrx_word' id='word_1_455' title='bbox 304 4011 528 4079; x_wconf 74' lang='grc' dir='ltr'>καρδίας</span> <span class='ocrx_word' id='word_1_456' title='bbox 562 4013 761 4069; x_wconf 80' lang='grc' dir='ltr'>αὐτῶν.</span> 
     </span>
    </p>
   </div>
   <div class='ocr_carea' id='block_1_68' title="bbox 849 4005 2451 4090">
    <p class='ocr_par' dir='ltr' id='par_1_68' title="bbox 1747 4032 2451 4090">
     <span class='ocr_line' id='line_1_69' title="bbox 1747 4032 2451 4090; baseline 0.007 -5"><span class='ocrx_word' id='word_1_457' title='bbox 1747 4041 1940 4086; x_wconf 85' lang='lat' dir='ltr'><strong>verunt</strong></span> <span class='ocrx_word' id='word_1_458' title='bbox 1965 4032 2020 4086; x_wconf 91' lang='lat' dir='ltr'><strong>in</strong></span> <span class='ocrx_word' id='word_1_459' title='bbox 2048 4047 2235 4087; x_wconf 88' lang='lat' dir='ltr'><strong>eorum</strong></span> <span class='ocrx_word' id='word_1_460' title='bbox 2265 4033 2451 4090; x_wconf 91' lang='lat' dir='ltr'><strong>corda.</strong></span> 
     </span>
    </p>
   </div>
   <div class='ocr_carea' id='block_1_69' title="bbox 156 4101 1758 4179">
    <p class='ocr_par' dir='ltr' id='par_1_69' title="bbox 156 4101 843 4163">
     <span class='ocr_line' id='line_1_70' title="bbox 156 4101 843 4163; baseline 0.012 -10"><span class='ocrx_word' id='word_1_461' title='bbox 156 4101 236 4156; x_wconf 78' lang='grc'><strong>20.</strong></span> <span class='ocrx_word' id='word_1_462' title='bbox 279 4104 410 4156; x_wconf 79' lang='grc' dir='ltr'>Ἀπὸ</span> <span class='ocrx_word' id='word_1_463' title='bbox 440 4105 533 4158; x_wconf 82' lang='grc' dir='ltr'>τοῦ</span> <span class='ocrx_word' id='word_1_464' title='bbox 566 4107 694 4159; x_wconf 85' lang='grc' dir='ltr'>Υἱοῦ</span> <span class='ocrx_word' id='word_1_465' title='bbox 731 4126 843 4163; x_wconf 82' lang='grc' dir='ltr'>σου.</span> 
     </span>
    </p>
   </div>
   <div class='ocr_carea' id='block_1_70' title="bbox 683 4101 2285 4179">
    <p class='ocr_par' dir='ltr' id='par_1_70' title="bbox 683 4107 2285 4179">
     <span class='ocr_line' id='line_1_71' title="bbox 683 4107 2285 4179; baseline 0.013 -20"><span class='ocrx_word' id='word_1_466' title='bbox 683 4107 694 4159; x_wconf 79' lang='lat' dir='ltr'><strong>i</strong></span> <span class='ocrx_word' id='word_1_467' title='bbox 731 4126 843 4163; x_wconf 84' lang='grc' dir='ltr'>σου.</span> <span class='ocrx_word' id='word_1_468' title='bbox 1812 4124 1901 4178; x_wconf 87' lang='grc'><strong>20.</strong></span> <span class='ocrx_word' id='word_1_469' title='bbox 1934 4123 1976 4178; x_wconf 85' lang='grc' dir='ltr'><strong>Δ</strong></span> <span class='ocrx_word' id='word_1_470' title='bbox 2012 4124 2147 4179; x_wconf 87' lang='lat' dir='ltr'><strong>Filio</strong></span> <span class='ocrx_word' id='word_1_471' title='bbox 2175 4135 2285 4179; x_wconf 91' lang='lat' dir='ltr'><strong>tuo.</strong></span> 
     </span>
    </p>
   </div>
   <div class='ocr_carea' id='block_1_71' title="bbox 155 4191 1757 4286">
    <p class='ocr_par' dir='ltr' id='par_1_71' title="bbox 155 4191 1019 4286">
     <span class='ocr_line' id='line_1_72' title="bbox 155 4191 1019 4286; baseline 0.016 -41"><span class='ocrx_word' id='word_1_472' title='bbox 155 4191 237 4286; x_wconf 66' lang='grc'><strong>21.</strong></span> <span class='ocrx_word' id='word_1_473' title='bbox 267 4196 339 4248; x_wconf 89' lang='grc' dir='ltr'>Τὸ</span> <span class='ocrx_word' id='word_1_474' title='bbox 366 4198 626 4270; x_wconf 78' lang='grc' dir='ltr'>κήρυγμα</span> <span class='ocrx_word' id='word_1_475' title='bbox 658 4204 769 4264; x_wconf 87' lang='grc' dir='ltr'>τοῖς</span> <span class='ocrx_word' id='word_1_476' title='bbox 790 4202 1019 4259; x_wconf 76' lang='grc' dir='ltr'>ἔθνεσιν.</span> 
     </span>
    </p>
   </div>
   <div class='ocr_carea' id='block_1_72' title="bbox 1090 4191 2692 4286">
    <p class='ocr_par' dir='ltr' id='par_1_72' title="bbox 1814 4214 2692 4286">
     <span class='ocr_line' id='line_1_73' title="bbox 1814 4214 2692 4286; baseline 0.006 -18"><span class='ocrx_word' id='word_1_477' title='bbox 1814 4215 1905 4272; x_wconf 84' lang='grc'><strong>21.</strong></span> <span class='ocrx_word' id='word_1_478' title='bbox 1939 4214 2386 4270; x_wconf 67' lang='lat' dir='ltr'><strong>Prmdicationem</strong></span> <span class='ocrx_word' id='word_1_479' title='bbox 2421 4216 2692 4286; x_wconf 82' lang='lat' dir='ltr'><strong>gentibus.</strong></span> 
     </span>
    </p>
   </div>
   <div class='ocr_carea' id='block_1_73' title="bbox 155 4280 1757 4376">
    <p class='ocr_par' dir='ltr' id='par_1_73' title="bbox 155 4280 1641 4376">
     <span class='ocr_line' id='line_1_74' title="bbox 155 4280 1641 4376; baseline 0.015 -39"><span class='ocrx_word' id='word_1_480' title='bbox 155 4280 236 4339; x_wconf 78' lang='grc'><strong>22.</strong></span> <span class='ocrx_word' id='word_1_481' title='bbox 273 4289 382 4342; x_wconf 78' lang='grc' dir='ltr'>Καὶ</span> <span class='ocrx_word' id='word_1_482' title='bbox 410 4291 713 4362; x_wconf 70' lang='grc' dir='ltr'>ἠσθένησαν</span> <span class='ocrx_word' id='word_1_483' title='bbox 740 4296 807 4348; x_wconf 75' lang='grc' dir='ltr'>τὰ</span> <span class='ocrx_word' id='word_1_484' title='bbox 834 4296 982 4368; x_wconf 81' lang='grc' dir='ltr'>ἔθνη,</span> <span class='ocrx_word' id='word_1_485' title='bbox 1008 4299 1101 4351; x_wconf 73' lang='grc' dir='ltr'>καὶ</span> <span class='ocrx_word' id='word_1_486' title='bbox 1127 4300 1154 4351; x_wconf 85' lang='grc' dir='ltr'><em>ὁ</em></span> <span class='ocrx_word' id='word_1_487' title='bbox 1185 4300 1385 4373; x_wconf 78' lang='grc' dir='ltr'>Κύριος</span> <span class='ocrx_word' id='word_1_488' title='bbox 1417 4303 1641 4376; x_wconf 74' lang='grc' dir='ltr'>ἰασάμε-</span> 
     </span>
    </p>
   </div>
   <div class='ocr_carea' id='block_1_74' title="bbox 1703 4280 3305 4376">
    <p class='ocr_par' dir='ltr' id='par_1_74' title="bbox 1816 4280 3305 4375">
     <span class='ocr_line' id='line_1_75' title="bbox 1816 4280 3305 4375; baseline 0.006 -16"><span class='ocrx_word' id='word_1_489' title='bbox 1816 4305 1904 4360; x_wconf 85' lang='grc'><strong>22.</strong></span> <span class='ocrx_word' id='word_1_490' title='bbox 1940 4305 2004 4361; x_wconf 87' lang='grc' dir='ltr'>Ει</span> <span class='ocrx_word' id='word_1_491' title='bbox 2033 4315 2218 4375; x_wconf 77' lang='lat' dir='ltr'><strong>gentes</strong></span> <span class='ocrx_word' id='word_1_492' title='bbox 2252 4280 2538 4362; x_wconf 46' lang='lat' dir='ltr'><strong>infirm&#39;atze</strong></span> <span class='ocrx_word' id='word_1_493' title='bbox 2571 4319 2730 4373; x_wconf 82' lang='lat' dir='ltr'><strong>sunt,</strong></span> <span class='ocrx_word' id='word_1_494' title='bbox 2777 4318 2830 4363; x_wconf 91' lang='lat' dir='ltr'><strong>et</strong></span> <span class='ocrx_word' id='word_1_495' title='bbox 2881 4308 3141 4367; x_wconf 89' lang='lat' dir='ltr'><strong>Dominus</strong></span> <span class='ocrx_word' id='word_1_496' title='bbox 3182 4328 3305 4368; x_wconf 87' lang='lat' dir='ltr'><strong>cum</strong></span> 
     </span>
    </p>
   </div>
   <div class='ocr_carea' id='block_1_75' title="bbox 93 4382 1695 4468">
    <p class='ocr_par' dir='ltr' id='par_1_75' title="bbox 93 4382 1326 4460">
     <span class='ocr_line' id='line_1_76' title="bbox 93 4382 1326 4460; baseline 0.015 -32"><span class='ocrx_word' id='word_1_497' title='bbox 93 4389 170 4438; x_wconf 80' lang='grc' dir='ltr'><strong>νος</strong></span> <span class='ocrx_word' id='word_1_498' title='bbox 193 4382 515 4450; x_wconf 82' lang='grc' dir='ltr'>κατήρτισεν</span> <span class='ocrx_word' id='word_1_499' title='bbox 550 4386 688 4438; x_wconf 80' lang='grc' dir='ltr'>αὐτὰ</span> <span class='ocrx_word' id='word_1_500' title='bbox 718 4389 797 4449; x_wconf 71' lang='grc' dir='ltr'>εἰς</span> <span class='ocrx_word' id='word_1_501' title='bbox 816 4387 877 4440; x_wconf 88' lang='grc' dir='ltr'><strong>τὸ</strong></span> <span class='ocrx_word' id='word_1_502' title='bbox 901 4389 1112 4460; x_wconf 82' lang='grc' dir='ltr'>Θέλημα</span> <span class='ocrx_word' id='word_1_503' title='bbox 1143 4392 1326 4446; x_wconf 81' lang='grc' dir='ltr'>αὑτοῦ.</span> 
     </span>
    </p>
   </div>
   <div class='ocr_carea' id='block_1_76' title="bbox 1498 4382 3100 4468">
    <p class='ocr_par' dir='ltr' id='par_1_76' title="bbox 1745 4397 3100 4468">
     <span class='ocr_line' id='line_1_77' title="bbox 1745 4397 3100 4468; baseline 0.003 -16"><span class='ocrx_word' id='word_1_504' title='bbox 1745 4398 2067 4463; x_wconf 85' lang='lat' dir='ltr'><strong>sanavisset,</strong></span> <span class='ocrx_word' id='word_1_505' title='bbox 2105 4397 2329 4468; x_wconf 84' lang='lat' dir='ltr'><strong>perfecit</strong></span> <span class='ocrx_word' id='word_1_506' title='bbox 2349 4415 2441 4454; x_wconf 88' lang='lat' dir='ltr'><strong>eas</strong></span> <span class='ocrx_word' id='word_1_507' title='bbox 2471 4399 2523 4454; x_wconf 89' lang='lat' dir='ltr'><strong>in</strong></span> <span class='ocrx_word' id='word_1_508' title='bbox 2561 4401 2889 4455; x_wconf 89' lang='lat' dir='ltr'><strong>voluntatem</strong></span> <span class='ocrx_word' id='word_1_509' title='bbox 2926 4416 3100 4456; x_wconf 88' lang='lat' dir='ltr'><strong>suam.</strong></span> 
     </span>
    </p>
   </div>
   <div class='ocr_carea' id='block_1_77' title="bbox 156 4468 1758 4553">
    <p class='ocr_par' dir='ltr' id='par_1_77' title="bbox 156 4468 1073 4553">
     <span class='ocr_line' id='line_1_78' title="bbox 156 4468 1073 4553; baseline 0.014 -31"><span class='ocrx_word' id='word_1_510' title='bbox 156 4468 235 4522; x_wconf 82' lang='grc'><strong>25.</strong></span> <span class='ocrx_word' id='word_1_511' title='bbox 269 4474 334 4525; x_wconf 87' lang='grc' dir='ltr'>Οἱ</span> <span class='ocrx_word' id='word_1_512' title='bbox 358 4475 536 4528; x_wconf 77' lang='grc' dir='ltr'>πιστοὶ</span> <span class='ocrx_word' id='word_1_513' title='bbox 573 4478 630 4529; x_wconf 87' lang='grc' dir='ltr'>ἐν</span> <span class='ocrx_word' id='word_1_514' title='bbox 655 4481 717 4550; x_wconf 84' lang='grc' dir='ltr'>τῇ</span> <span class='ocrx_word' id='word_1_515' title='bbox 762 4479 1073 4553; x_wconf 76' lang='grc' dir='ltr'>Ἐκκλησία.</span> 
     </span>
    </p>
   </div>
   <div class='ocr_carea' id='block_1_78' title="bbox 915 4468 2517 4553">
    <p class='ocr_par' dir='ltr' id='par_1_78' title="bbox 915 4482 2517 4553">
     <span class='ocr_line' id='line_1_79' title="bbox 915 4482 2517 4553; baseline 0.006 -20"><span class='ocrx_word' id='word_1_516' title='bbox 915 4482 1073 4553; x_wconf 72' lang='grc' dir='ltr'><strong>,ησίᾳ.</strong></span> <span class='ocrx_word' id='word_1_517' title='bbox 1811 4487 1900 4542; x_wconf 81' lang='grc'><strong>25.</strong></span> <span class='ocrx_word' id='word_1_518' title='bbox 1937 4487 2148 4544; x_wconf 88' lang='lat' dir='ltr'><strong>Fideles</strong></span> <span class='ocrx_word' id='word_1_519' title='bbox 2175 4489 2226 4544; x_wconf 91' lang='lat' dir='ltr'><strong>in</strong></span> <span class='ocrx_word' id='word_1_520' title='bbox 2260 4487 2517 4545; x_wconf 84' lang='lat' dir='ltr'><strong>Ecclesia.</strong></span> 
     </span>
    </p>
   </div>
   <div class='ocr_carea' id='block_1_79' title="bbox 156 4560 1758 4655">
    <p class='ocr_par' dir='ltr' id='par_1_79' title="bbox 156 4560 1715 4655">
     <span class='ocr_line' id='line_1_80' title="bbox 156 4560 1715 4655; baseline 0.014 -41"><span class='ocrx_word' id='word_1_521' title='bbox 156 4560 240 4655; x_wconf 67' lang='grc'><strong>24.</strong></span> <span class='ocrx_word' id='word_1_522' title='bbox 269 4564 358 4635; x_wconf 82' lang='grc' dir='ltr'><strong>Τῷ</strong></span> <span class='ocrx_word' id='word_1_523' title='bbox 389 4566 499 4638; x_wconf 84' lang='grc' dir='ltr'><strong>λαῷ</strong></span> <span class='ocrx_word' id='word_1_524' title='bbox 520 4568 597 4640; x_wconf 82' lang='grc' dir='ltr'>τῷ</span> <span class='ocrx_word' id='word_1_525' title='bbox 621 4572 860 4644; x_wconf 89' lang='grc' dir='ltr'>ταπεινῷ</span> <span class='ocrx_word' id='word_1_526' title='bbox 876 4577 941 4645; x_wconf 82' lang='grc' dir='ltr'>τῇ</span> <span class='ocrx_word' id='word_1_527' title='bbox 965 4575 1160 4647; x_wconf 78' lang='grc' dir='ltr'>καρδία</span> <span class='ocrx_word' id='word_1_528' title='bbox 1179 4576 1276 4647; x_wconf 80' lang='grc' dir='ltr'>τὴν</span> <span class='ocrx_word' id='word_1_529' title='bbox 1293 4576 1405 4632; x_wconf 73' lang='grc' dir='ltr'><strong>ἄνω</strong></span> <span class='ocrx_word' id='word_1_530' title='bbox 1445 4579 1638 4651; x_wconf 86' lang='grc' dir='ltr'>Ἰερου-</span> <span class='ocrx_word' id='word_1_531' title='bbox 1674 4582 1715 4636; x_wconf 83' lang='grc'><strong>1)</strong></span> 
     </span>
    </p>
   </div>
   <div class='ocr_carea' id='block_1_80' title="bbox 1697 4560 3299 4655">
    <p class='ocr_par' dir='ltr' id='par_1_80' title="bbox 1697 4579 3299 4655">
     <span class='ocr_line' id='line_1_81' title="bbox 1697 4579 3299 4655; baseline 0.004 -21"><span class='ocrx_word' id='word_1_532' title='bbox 1697 4584 1715 4634; x_wconf 83' lang='grc'><strong>)</strong></span> <span class='ocrx_word' id='word_1_533' title='bbox 1816 4581 1906 4635; x_wconf 68' lang='grc'><strong>24.</strong></span> <span class='ocrx_word' id='word_1_534' title='bbox 1935 4579 2142 4651; x_wconf 83' lang='lat' dir='ltr'><strong>Populo</strong></span> <span class='ocrx_word' id='word_1_535' title='bbox 2178 4583 2368 4636; x_wconf 91' lang='lat' dir='ltr'><strong>humili</strong></span> <span class='ocrx_word' id='word_1_536' title='bbox 2418 4584 2578 4639; x_wconf 91' lang='lat' dir='ltr'><strong>corde</strong></span> <span class='ocrx_word' id='word_1_537' title='bbox 2614 4598 2904 4655; x_wconf 88' lang='lat' dir='ltr'><strong>supernam</strong></span> <span class='ocrx_word' id='word_1_538' title='bbox 2945 4583 3299 4642; x_wconf 82' lang='lat' dir='ltr'><strong>Hierusalem.</strong></span> 
     </span>
    </p>
   </div>
   <div class='ocr_carea' id='block_1_81' title="bbox 99 4652 281 4725">
    <p class='ocr_par' dir='ltr' id='par_1_81' title="bbox 99 4652 281 4725">
     <span class='ocr_line' id='line_1_82' title="bbox 99 4652 281 4725; baseline 0.038 -23"><span class='ocrx_word' id='word_1_539' title='bbox 99 4652 217 4725; x_wconf 83' lang='grc' dir='ltr'>σαλή</span> <span class='ocrx_word' id='word_1_540' title='bbox 225 4675 281 4725; x_wconf 91' lang='grc' dir='ltr'>μ.</span> 
     </span>
    </p>
   </div>
   <div class='ocr_carea' id='block_1_82' title="bbox 155 4744 1757 4831">
    <p class='ocr_par' dir='ltr' id='par_1_82' title="bbox 155 4744 758 4819">
     <span class='ocr_line' id='line_1_83' title="bbox 155 4744 758 4819; baseline 0.02 -22"><span class='ocrx_word' id='word_1_541' title='bbox 155 4744 236 4798; x_wconf 69' lang='grc'><strong>235.</strong></span> <span class='ocrx_word' id='word_1_542' title='bbox 266 4750 392 4812; x_wconf 86' lang='grc' dir='ltr'>Τοῖς</span> <span class='ocrx_word' id='word_1_543' title='bbox 425 4751 758 4819; x_wconf 80' lang='grc' dir='ltr'>ἀποστόλοις.</span> 
     </span>
    </p>
   </div>
   <div class='ocr_carea' id='block_1_83' title="bbox 613 4744 2215 4831">
    <p class='ocr_par' dir='ltr' id='par_1_83' title="bbox 613 4754 2215 4831">
     <span class='ocr_line' id='line_1_84' title="bbox 613 4754 2215 4831; baseline 0.005 -25"><span class='ocrx_word' id='word_1_544' title='bbox 613 4754 758 4819; x_wconf 82' lang='grc' dir='ltr'>5λοις.</span> <span class='ocrx_word' id='word_1_545' title='bbox 1811 4760 1899 4815; x_wconf 87' lang='grc'><strong>25.</strong></span> <span class='ocrx_word' id='word_1_546' title='bbox 1929 4761 2215 4831; x_wconf 84' lang='lat' dir='ltr'><strong>Apostolis.</strong></span> 
     </span>
    </p>
   </div>
   <div class='ocr_carea' id='block_1_84' title="bbox 155 4835 1757 4923">
    <p class='ocr_par' dir='ltr' id='par_1_84' title="bbox 155 4835 1087 4919">
     <span class='ocr_line' id='line_1_85' title="bbox 155 4835 1087 4919; baseline 0.019 -31"><span class='ocrx_word' id='word_1_547' title='bbox 155 4835 235 4893; x_wconf 85' lang='grc'><strong>26.</strong></span> <span class='ocrx_word' id='word_1_548' title='bbox 271 4841 345 4892; x_wconf 88' lang='grc' dir='ltr'>Τὸ</span> <span class='ocrx_word' id='word_1_549' title='bbox 376 4841 528 4912; x_wconf 78' lang='grc' dir='ltr'>ἅγιον</span> <span class='ocrx_word' id='word_1_550' title='bbox 565 4847 787 4919; x_wconf 77' lang='grc' dir='ltr'>Πνεῦμα</span> <span class='ocrx_word' id='word_1_551' title='bbox 814 4849 909 4903; x_wconf 78' lang='grc' dir='ltr'>τοῦ</span> <span class='ocrx_word' id='word_1_552' title='bbox 938 4851 1087 4907; x_wconf 77' lang='grc' dir='ltr'><strong>Υἱοῦ.</strong></span> 
     </span>
    </p>
   </div>
   <div class='ocr_carea' id='block_1_85' title="bbox 992 4835 2594 4923">
    <p class='ocr_par' dir='ltr' id='par_1_85' title="bbox 992 4850 2594 4923">
     <span class='ocr_line' id='line_1_86' title="bbox 992 4850 2594 4923; baseline 0.003 -20"><span class='ocrx_word' id='word_1_553' title='bbox 992 4852 1087 4907; x_wconf 79' lang='grc' dir='ltr'><strong>ἱοῦ.</strong></span> <span class='ocrx_word' id='word_1_554' title='bbox 1808 4850 1900 4904; x_wconf 89' lang='grc'><strong>26.</strong></span> <span class='ocrx_word' id='word_1_555' title='bbox 1935 4852 2166 4908; x_wconf 87' lang='lat' dir='ltr'><strong>Sanctus</strong></span> <span class='ocrx_word' id='word_1_556' title='bbox 2190 4851 2426 4923; x_wconf 88' lang='lat' dir='ltr'><strong>Spiritus</strong></span> <span class='ocrx_word' id='word_1_557' title='bbox 2453 4853 2594 4908; x_wconf 86' lang='lat' dir='ltr'><strong>Filii.</strong></span> 
     </span>
    </p>
   </div>
   <div class='ocr_carea' id='block_1_86' title="bbox 158 4925 1760 5023">
    <p class='ocr_par' dir='ltr' id='par_1_86' title="bbox 158 4925 1642 5023">
     <span class='ocr_line' id='line_1_87' title="bbox 158 4925 1642 5023; baseline 0.018 -43"><span class='ocrx_word' id='word_1_558' title='bbox 158 4925 238 4983; x_wconf 88' lang='grc'><strong>27.</strong></span> <span class='ocrx_word' id='word_1_559' title='bbox 273 4932 397 4997; x_wconf 84' lang='grc' dir='ltr'>Τοῖς</span> <span class='ocrx_word' id='word_1_560' title='bbox 443 4936 714 5002; x_wconf 78' lang='grc' dir='ltr'>ἐκλεκτοῖς</span> <span class='ocrx_word' id='word_1_561' title='bbox 751 4940 845 4994; x_wconf 78' lang='grc' dir='ltr'>τοῦ</span> <span class='ocrx_word' id='word_1_562' title='bbox 876 4942 1004 4997; x_wconf 84' lang='grc' dir='ltr'>λαοῦ</span> <span class='ocrx_word' id='word_1_563' title='bbox 1025 4944 1204 5000; x_wconf 80' lang='grc' dir='ltr'>δίδωσι</span> <span class='ocrx_word' id='word_1_564' title='bbox 1225 4945 1455 5018; x_wconf 68' lang='grc' dir='ltr'>διάφορα</span> <span class='ocrx_word' id='word_1_565' title='bbox 1484 4967 1642 5023; x_wconf 87' lang='grc' dir='ltr'>χαρι-</span> 
     </span>
    </p>
   </div>
   <div class='ocr_carea' id='block_1_87' title="bbox 1701 4925 3303 5023">
    <p class='ocr_par' dir='ltr' id='par_1_87' title="bbox 1811 4942 3303 5018">
     <span class='ocr_line' id='line_1_88' title="bbox 1811 4942 3303 5018; baseline 0.007 -22"><span class='ocrx_word' id='word_1_566' title='bbox 1811 4942 1900 4997; x_wconf 88' lang='grc'><strong>27.</strong></span> <span class='ocrx_word' id='word_1_567' title='bbox 1932 4943 2129 5001; x_wconf 87' lang='lat' dir='ltr'><strong>Electis</strong></span> <span class='ocrx_word' id='word_1_568' title='bbox 2173 4945 2360 5017; x_wconf 83' lang='lat' dir='ltr'><strong>pepuli</strong></span> <span class='ocrx_word' id='word_1_569' title='bbox 2407 4945 2500 5001; x_wconf 83' lang='lat' dir='ltr'><strong>dat</strong></span> <span class='ocrx_word' id='word_1_570' title='bbox 2546 4947 2783 5018; x_wconf 81' lang='lat' dir='ltr'><strong>Spiritus</strong></span> <span class='ocrx_word' id='word_1_571' title='bbox 2824 4959 3045 5007; x_wconf 88' lang='lat' dir='ltr'><strong>sanctus</strong></span> <span class='ocrx_word' id='word_1_572' title='bbox 3090 4951 3303 5006; x_wconf 81' lang='lat' dir='ltr'><strong>diversa</strong></span> 
     </span>
    </p>
   </div>
   <div class='ocr_carea' id='block_1_88' title="bbox 102 5023 1905 5098">
    <p class='ocr_par' dir='ltr' id='par_1_88' title="bbox 102 5023 1905 5098">
     <span class='ocr_line' id='line_1_89' title="bbox 102 5023 1905 5098; baseline 0.017 -27"><span class='ocrx_word' id='word_1_573' title='bbox 102 5029 262 5083; x_wconf 79' lang='grc' dir='ltr'>σματα</span> <span class='ocrx_word' id='word_1_574' title='bbox 288 5023 348 5075; x_wconf 90' lang='grc' dir='ltr'><strong>τὸ</strong></span> <span class='ocrx_word' id='word_1_575' title='bbox 377 5025 596 5097; x_wconf 78' lang='grc' dir='ltr'>Πνεῦμα</span> <span class='ocrx_word' id='word_1_576' title='bbox 624 5029 683 5082; x_wconf 85' lang='grc' dir='ltr'><strong>τὸ</strong></span> <span class='ocrx_word' id='word_1_577' title='bbox 704 5030 874 5098; x_wconf 70' lang='grc' dir='ltr'>ἅγιον.</span> <span class='ocrx_word' id='word_1_578' title='bbox 1743 5034 1905 5090; x_wconf 68' lang='lat' dir='ltr'><strong>d003-</strong></span> 
     </span>
    </p>
   </div>
   <div class='ocr_carea' id='block_1_89' title="bbox 159 5105 1761 5200">
    <p class='ocr_par' dir='ltr' id='par_1_89' title="bbox 159 5105 1640 5200">
     <span class='ocr_line' id='line_1_90' title="bbox 159 5105 1640 5200; baseline 0.017 -38"><span class='ocrx_word' id='word_1_579' title='bbox 280 5113 403 5166; x_wconf 80' lang='grc' dir='ltr'><strong>Ἐὰν</strong></span> <span class='ocrx_word' id='word_1_580' title='bbox 434 5115 816 5191; x_wconf 81' lang='grc' dir='ltr'>ἀναπαύσησθε</span> <span class='ocrx_word' id='word_1_581' title='bbox 850 5124 909 5176; x_wconf 81' lang='grc' dir='ltr'><strong>ὲν</strong></span> <span class='ocrx_word' id='word_1_582' title='bbox 935 5126 1058 5190; x_wconf 83' lang='grc' dir='ltr'>ταῖς</span> <span class='ocrx_word' id='word_1_583' title='bbox 1083 5127 1320 5193; x_wconf 80' lang='grc' dir='ltr'>ἐντολαῖς</span> <span class='ocrx_word' id='word_1_584' title='bbox 1361 5130 1456 5184; x_wconf 84' lang='grc' dir='ltr'>τοῦ</span> <span class='ocrx_word' id='word_1_585' title='bbox 1482 5130 1640 5188; x_wconf 82' lang='grc' dir='ltr'>Θεοῦ.</span> 
     </span>
    </p>
   </div>
   <div class='ocr_carea' id='block_1_90' title="bbox 1345 5105 2947 5200">
    <p class='ocr_par' dir='ltr' id='par_1_90' title="bbox 1361 5128 2947 5200">
     <span class='ocr_line' id='line_1_91' title="bbox 1361 5128 2947 5200; baseline 0.003 -16"><span class='ocrx_word' id='word_1_586' title='bbox 1361 5130 1456 5184; x_wconf 84' lang='grc' dir='ltr'>τοῦ</span> <span class='ocrx_word' id='word_1_587' title='bbox 1482 5130 1640 5188; x_wconf 83' lang='grc' dir='ltr'>Θεοῦ.</span> <span class='ocrx_word' id='word_1_588' title='bbox 1813 5128 1904 5182; x_wconf 87' lang='grc'><strong>28.</strong></span> <span class='ocrx_word' id='word_1_589' title='bbox 1941 5128 1997 5182; x_wconf 92' lang='lat' dir='ltr'><strong>Si</strong></span> <span class='ocrx_word' id='word_1_590' title='bbox 2029 5131 2406 5200; x_wconf 83' lang='lat' dir='ltr'><strong>requieveritis</strong></span> <span class='ocrx_word' id='word_1_591' title='bbox 2436 5133 2488 5187; x_wconf 92' lang='lat' dir='ltr'><strong>in</strong></span> <span class='ocrx_word' id='word_1_592' title='bbox 2533 5133 2801 5188; x_wconf 88' lang='lat' dir='ltr'><strong>mandatis</strong></span> <span class='ocrx_word' id='word_1_593' title='bbox 2834 5133 2947 5190; x_wconf 91' lang='lat' dir='ltr'><strong>Dei.</strong></span> 
     </span>
    </p>
   </div>
   <div class='ocr_carea' id='block_1_91' title="bbox 159 5197 1761 5298">
    <p class='ocr_par' dir='ltr' id='par_1_91' title="bbox 159 5197 1646 5298">
     <span class='ocr_line' id='line_1_92' title="bbox 159 5197 1646 5298; baseline 0.017 -44"><span class='ocrx_word' id='word_1_594' title='bbox 159 5197 237 5298; x_wconf 56' lang='grc'><strong>29.</strong></span> <span class='ocrx_word' id='word_1_595' title='bbox 274 5205 339 5256; x_wconf 78' lang='grc' dir='ltr'><strong>ΛΞ</strong></span> <span class='ocrx_word' id='word_1_596' title='bbox 369 5205 461 5259; x_wconf 88' lang='grc' dir='ltr'><strong>δύο</strong></span> <span class='ocrx_word' id='word_1_597' title='bbox 498 5207 779 5281; x_wconf 65' lang='grc' dir='ltr'>διαθῆκαιξ</span> <span class='ocrx_word' id='word_1_598' title='bbox 801 5216 854 5267; x_wconf 76' lang='grc' dir='ltr'><strong>αῖ</strong></span> <span class='ocrx_word' id='word_1_599' title='bbox 888 5215 968 5287; x_wconf 83' lang='grc' dir='ltr'>τῷ</span> <span class='ocrx_word' id='word_1_600' title='bbox 1001 5218 1138 5289; x_wconf 79' lang='grc' dir='ltr'>ἁγίῳ</span> <span class='ocrx_word' id='word_1_601' title='bbox 1172 5219 1451 5294; x_wconf 77' lang='grc' dir='ltr'>Πνεύματι</span> <span class='ocrx_word' id='word_1_602' title='bbox 1481 5223 1646 5298; x_wconf 82' lang='grc' dir='ltr'>λαλη-</span> 
     </span>
    </p>
   </div>
   <div class='ocr_carea' id='block_1_92' title="bbox 1700 5197 3302 5298">
    <p class='ocr_par' dir='ltr' id='par_1_92' title="bbox 1815 5197 3302 5297">
     <span class='ocr_line' id='line_1_93' title="bbox 1815 5197 3302 5297; baseline 0.005 -19"><span class='ocrx_word' id='word_1_603' title='bbox 1815 5223 1905 5279; x_wconf 86' lang='grc'><strong>29.</strong></span> <span class='ocrx_word' id='word_1_604' title='bbox 1943 5223 2061 5279; x_wconf 89' lang='lat' dir='ltr'><strong>Duo</strong></span> <span class='ocrx_word' id='word_1_605' title='bbox 2092 5197 2434 5290; x_wconf 73' lang='lat' dir='ltr'><strong>testamenta,</strong></span> <span class='ocrx_word' id='word_1_606' title='bbox 2463 5242 2584 5297; x_wconf 80' lang='lat' dir='ltr'><strong>quae</strong></span> <span class='ocrx_word' id='word_1_607' title='bbox 2614 5242 2644 5280; x_wconf 89' lang='lat' dir='ltr'><strong>a</strong></span> <span class='ocrx_word' id='word_1_608' title='bbox 2675 5225 2881 5296; x_wconf 88' lang='lat' dir='ltr'><strong>Spiritu</strong></span> <span class='ocrx_word' id='word_1_609' title='bbox 2913 5236 3103 5284; x_wconf 90' lang='lat' dir='ltr'><strong>sancto</strong></span> <span class='ocrx_word' id='word_1_610' title='bbox 3128 5245 3302 5284; x_wconf 90' lang='lat' dir='ltr'><strong>enun-</strong></span> 
     </span>
    </p>
   </div>
   <div class='ocr_carea' id='block_1_93' title="bbox 104 5283 1706 5389">
    <p class='ocr_par' dir='ltr' id='par_1_93' title="bbox 104 5283 1614 5379">
     <span class='ocr_line' id='line_1_94' title="bbox 104 5283 1614 5379; baseline 0.023 -40"><span class='ocrx_word' id='word_1_611' title='bbox 104 5283 256 5346; x_wconf 77' lang='grc' dir='ltr'>θεῖσαι</span> <span class='ocrx_word' id='word_1_612' title='bbox 315 5299 491 5352; x_wconf 78' lang='grc' dir='ltr'>πᾶσαν</span> <span class='ocrx_word' id='word_1_613' title='bbox 522 5302 863 5377; x_wconf 80' lang='grc' dir='ltr'>καθαρότητα</span> <span class='ocrx_word' id='word_1_614' title='bbox 898 5307 1137 5379; x_wconf 76' lang='grc' dir='ltr'>ἔχουσαι.</span> <span class='ocrx_word' id='word_1_615' title='bbox 1602 5283 1614 5298; x_wconf 49' lang='grc'><strong>¹</strong></span> 
     </span>
    </p>
   </div>
   <div class='ocr_carea' id='block_1_94' title="bbox 1282 5283 2884 5389">
    <p class='ocr_par' dir='ltr' id='par_1_94' title="bbox 1321 5283 2884 5389">
     <span class='ocr_line' id='line_1_95' title="bbox 1321 5283 2884 5389; baseline 0.006 -23"><span class='ocrx_word' id='word_1_616' title='bbox 1321 5283 1333 5294; x_wconf 55' lang='grc'><em>’</em></span> <span class='ocrx_word' id='word_1_617' title='bbox 1602 5283 1614 5298; x_wconf 62' lang='grc'><em>’</em></span> <span class='ocrx_word' id='word_1_618' title='bbox 1751 5315 1880 5370; x_wconf 87' lang='lat' dir='ltr'><strong>tiata</strong></span> <span class='ocrx_word' id='word_1_619' title='bbox 1918 5327 2068 5383; x_wconf 89' lang='lat' dir='ltr'><strong>sunt,</strong></span> <span class='ocrx_word' id='word_1_620' title='bbox 2093 5331 2309 5373; x_wconf 88' lang='lat' dir='ltr'><strong>omnem</strong></span> <span class='ocrx_word' id='word_1_621' title='bbox 2343 5319 2544 5373; x_wconf 89' lang='lat' dir='ltr'><strong>habent</strong></span> <span class='ocrx_word' id='word_1_622' title='bbox 2575 5319 2884 5389; x_wconf 86' lang='lat' dir='ltr'><strong>puritatem.</strong></span> 
     </span>
    </p>
   </div>
   <div class='ocr_carea' id='block_1_95' title="bbox 1026 5485 2354 5573">
    <p class='ocr_par' dir='ltr' id='par_1_95' title="bbox 1026 5485 2354 5573">
     <span class='ocr_line' id='line_1_96' title="bbox 1026 5485 2354 5573; baseline 0.014 -28"><span class='ocrx_word' id='word_1_623' title='bbox 1026 5485 1330 5552; x_wconf 80' lang='lat' dir='ltr'><strong>Addenda</strong></span> <span class='ocrx_word' id='word_1_624' title='bbox 1361 5500 1423 5553; x_wconf 90' lang='lat' dir='ltr'><strong>et</strong></span> <span class='ocrx_word' id='word_1_625' title='bbox 1465 5493 1832 5573; x_wconf 79' lang='lat' dir='ltr'><strong>corrigenda</strong></span> <span class='ocrx_word' id='word_1_626' title='bbox 1866 5512 1942 5556; x_wconf 79' lang='lat' dir='ltr'><strong>ex</strong></span> <span class='ocrx_word' id='word_1_627' title='bbox 1976 5496 2116 5561; x_wconf 91' lang='lat' dir='ltr'><strong>cod.</strong></span> <span class='ocrx_word' id='word_1_628' title='bbox 2154 5497 2354 5563; x_wconf 85' lang='lat' dir='ltr'><strong>Vatic.</strong></span> 
     </span>
    </p>
   </div>
   <div class='ocr_carea' id='block_1_96' title="bbox 164 5639 1766 5730">
    <p class='ocr_par' dir='ltr' id='par_1_96' title="bbox 164 5639 1766 5730">
     <span class='ocr_line' id='line_1_97' title="bbox 164 5639 1766 5730; baseline 0.015 -42"><span class='ocrx_word' id='word_1_629' title='bbox 164 5639 228 5730; x_wconf 74' lang='grc' dir='ltr'>ί</span> <span class='ocrx_word' id='word_1_630' title='bbox 266 5642 438 5730; x_wconf 53' lang='grc' dir='ltr'>ςῐσχύῖ</span> <span class='ocrx_word' id='word_1_631' title='bbox 461 5643 751 5730; x_wconf 49' lang='grc' dir='ltr'>δέ-αύτούς,</span> <span class='ocrx_word' id='word_1_632' title='bbox 779 5655 883 5700; x_wconf 90' lang='lat' dir='ltr'><strong>etc.</strong></span> <span class='ocrx_word' id='word_1_633' title='bbox 1015 5720 1029 5730; x_wconf 73' lang='lat'><strong><em>_</em></strong></span> <span class='ocrx_word' id='word_1_634' title='bbox 1155 5722 1165 5730; x_wconf 83' lang='lat'>_</span> <span class='ocrx_word' id='word_1_635' title='bbox 1741 5659 1766 5712; x_wconf 89' lang='grc' dir='ltr'><strong>δ</strong></span> 
     </span>
    </p>
   </div>
   <div class='ocr_carea' id='block_1_97' title="bbox 418 5639 2020 5730">
    <p class='ocr_par' dir='ltr' id='par_1_97' title="bbox 418 5643 2020 5730">
     <span class='ocr_line' id='line_1_98' title="bbox 418 5643 2020 5730; baseline 0.012 -34"><span class='ocrx_word' id='word_1_636' title='bbox 418 5649 438 5696; x_wconf 87' lang='grc' dir='ltr'><strong>ῐ</strong></span> <span class='ocrx_word' id='word_1_637' title='bbox 461 5643 751 5730; x_wconf 50' lang='grc' dir='ltr'>δέ-αύτούς,</span> <span class='ocrx_word' id='word_1_638' title='bbox 779 5655 883 5700; x_wconf 91' lang='lat' dir='ltr'><strong>etc.</strong></span> <span class='ocrx_word' id='word_1_639' title='bbox 1015 5720 1029 5730; x_wconf 76' lang='lat'><strong><em>_</em></strong></span> <span class='ocrx_word' id='word_1_640' title='bbox 1155 5722 1165 5730; x_wconf 82' lang='lat'><strong>_</strong></span> <span class='ocrx_word' id='word_1_641' title='bbox 1741 5659 1909 5730; x_wconf 76' lang='grc' dir='ltr'>δρεὶα,</span> <span class='ocrx_word' id='word_1_642' title='bbox 1939 5670 2020 5716; x_wconf 85' lang='lat' dir='ltr'><strong>etc</strong></span> 
     </span>
    </p>
   </div>
   <div class='ocr_carea' id='block_1_98' title="bbox 166 5711 1768 5809">
    <p class='ocr_par' dir='ltr' id='par_1_98' title="bbox 166 5711 1758 5809">
     <span class='ocr_line' id='line_1_99' title="bbox 166 5711 1758 5809; baseline 0.014 -47"><span class='ocrx_word' id='word_1_643' title='bbox 166 5711 237 5809; x_wconf 43' lang='lat'><strong>(‘2&#39;),-</strong></span> <span class='ocrx_word' id='word_1_644' title='bbox 266 5711 573 5784; x_wconf 81' lang='grc' dir='ltr'>Ἀμαρτιῶν</span> <span class='ocrx_word' id='word_1_645' title='bbox 606 5716 803 5795; x_wconf 66' lang='grc' dir='ltr'>αὐτῶν,</span> <span class='ocrx_word' id='word_1_646' title='bbox 832 5720 1040 5809; x_wconf 56' lang='grc' dir='ltr'>δια,ξρ</span> <span class='ocrx_word' id='word_1_647' title='bbox 1064 5722 1344 5809; x_wconf 59' lang='grc' dir='ltr'><strong>’πρότερονζ</strong></span> <span class='ocrx_word' id='word_1_648' title='bbox 1365 5735 1502 5805; x_wconf 41' lang='grc' dir='ltr'>τις..</span> <span class='ocrx_word' id='word_1_649' title='bbox 1541 5744 1633 5809; x_wconf 78' lang='grc' dir='ltr'>με-</span> <span class='ocrx_word' id='word_1_650' title='bbox 1713 5773 1723 5784; x_wconf 89' lang='grc'><strong>.</strong></span> <span class='ocrx_word' id='word_1_651' title='bbox 1750 5711 1758 5712; x_wconf 17' lang='lat'><em>7</em></span> 
     </span>
    </p>
   </div>
   <div class='ocr_carea' id='block_1_99' title="bbox 1697 5711 3299 5809">
    <p class='ocr_par' dir='ltr' id='par_1_99' title="bbox 1713 5711 3299 5809">
     <span class='ocr_line' id='line_1_100' title="bbox 1713 5711 3299 5809; baseline 0.008 -25"><span class='ocrx_word' id='word_1_652' title='bbox 1713 5711 1988 5796; x_wconf 28' lang='grc' dir='ltr'><strong>ξ’ίιπγῡὲξ</strong></span> <span class='ocrx_word' id='word_1_653' title='bbox 1998 5711 2102 5788; x_wconf 55' lang='lat'><strong>&#39;19.</strong></span> <span class='ocrx_word' id='word_1_654' title='bbox 2142 5731 2328 5804; x_wconf 63' lang='lat' dir='ltr'><strong>&quot;cava,</strong></span> <span class='ocrx_word' id='word_1_655' title='bbox 2360 5745 2487 5798; x_wconf 72' lang='grc' dir='ltr'>εις..</span> <span class='ocrx_word' id='word_1_656' title='bbox 2528 5736 2777 5803; x_wconf 79' lang='grc' dir='ltr'>ἔσταξαν,</span> <span class='ocrx_word' id='word_1_657' title='bbox 2802 5747 2929 5806; x_wconf 88' lang='lat' dir='ltr'><strong>clc.,</strong></span> <span class='ocrx_word' id='word_1_658' title='bbox 2966 5754 3062 5809; x_wconf 85' lang='lat' dir='ltr'><strong>pro</strong></span> <span class='ocrx_word' id='word_1_659' title='bbox 3087 5737 3299 5804; x_wconf 76' lang='grc' dir='ltr'>ἔταξαν.</span> 
     </span>
    </p>
   </div>
   <div class='ocr_carea' id='block_1_100' title="bbox 108 5785 1608 5863">
    <p class='ocr_par' dir='ltr' id='par_1_100' title="bbox 108 5785 1608 5863">
     <span class='ocr_line' id='line_1_101' title="bbox 108 5785 1608 5863; baseline 0.015 -37"><span class='ocrx_word' id='word_1_660' title='bbox 108 5785 480 5852; x_wconf 73' lang='grc' dir='ltr'>τανοήσα·ιτας”</span> <span class='ocrx_word' id='word_1_661' title='bbox 532 5787 913 5853; x_wconf 70' lang='grc' dir='ltr'>κατοικοῦντας</span> <span class='ocrx_word' id='word_1_662' title='bbox 964 5789 1058 5855; x_wconf 83' lang='grc' dir='ltr'>δέ,</span> <span class='ocrx_word' id='word_1_663' title='bbox 1107 5785 1243 5862; x_wconf 53' lang='lat' dir='ltr'><strong>&#39;etc.,&#39;</strong></span> <span class='ocrx_word' id='word_1_664' title='bbox 1291 5785 1500 5863; x_wconf 71' lang='grc' dir='ltr'>ἐξάγειν</span> <span class='ocrx_word' id='word_1_665' title='bbox 1541 5785 1608 5850; x_wconf 59' lang='grc' dir='ltr'>ἂν</span> 
     </span>
    </p>
   </div>
  </div>
