4056 6318
779 388 886 446 915
1619 383 1676 441 S.
1718 384 2090 442 ATIIANASII
2129 388 2282 447 OPP.
2322 387 2502 445 PARS
2539 386 2627 444 111.
2665 416 2735 428 -
2773 385 3178 447 EXEGETICA.
3892 398 3981 455 9M

850 525 940 579 5ο.
973 523 1038 578 Et
1066 524 1366 593 posteriora
1397 522 1547 579 dorsi
1585 525 1704 595 ejus
1738 525 1790 578 in
1824 527 2026 597 pallore
2055 529 2193 584 auri.
2365 513 2415 570 Α

2371 513 2415 569 Α
2512 507 2602 560 50.
2629 506 2735 558 Καὶ
2759 505 2828 558 τὰ
2853 507 3164 576 μετάφρενα
3179 507 3346 577 αὐτῆς
3368 508 3427 560 έν
3449 508 3736 580 χλωρότητι
3751 519 3973 583 χρυςίου,

850 615 942 669 51.
974 614 1114 669 Dum
1143 615 1402 672 discernit
1423 617 1660 672 caelestis
1687 633 1842 688 reges
1859 634 2021 690 super
2041 635 2158 675 eam
2177 656 2196 683 ,

2444 710 2452 743 1

2516 598 2606 652 51.
2654 598 2740 650 Ἐν
2767 598 2845 668 τῷ
2861 598 3188 652 διαστέλλειν
3215 600 3306 652 τὸν
3320 601 3633 670 ἐπουράνιον
3658 605 3883 670 (lactist;
3903 611 3965 663 ἐξ

2444 691 2634 744 αὐτῆς.

2444 707 2634 756 αυτης.

850 769 938 826 52.
971 770 1102 826 Nive
1129 771 1525 827 dealbabuntur
1557 773 1610 827 in
1638 773 1876 829 Selmon.
2444 710 2452 743 ⁴

2444 709 2634 762 αυτης.

1823 789 1876 828 n.
2517 787 2604 842 52.
2639 784 3072 856 Χιονωθήσονται
3105 789 3162 840 ὲν
3190 787 3425 858 Σελμὼν.

853 865 943 921 55.
977 862 1132 919 Mons
1153 862 1270 926 Dei,
1295 880 1450 919 mons
1469 863 1713 936 pinguis:

2515 878 2606 932 55.
2638 879 2798 948 Ὄρος
2823 877 2913 930 τοῦ
2938 878 3069 930 Θεοῦ
3095 879 3217 949 ὅρος
3249 883 3368 932 πῖον
3392 896 3405 910 ·

849 953 938 1007 54.
971 953 1127 1008 Mons
1156 957 1492 1025 coagulatus,
1525 973 1682 1012 mons
1707 958 1962 1026 pinguis:

1947 978 1962 1013 :
2521 969 2609 1023 54.
2651 972 2812 1042 Ὄρος
2855 972 3227 1042 τετυρωμένον
3259 973 3382 1046 ὅρος
3409 979 3546 1030 πῖον.

849 1043 938 1098 55.
970 1043 1168 1114 thuid
1203 1045 1558 1116 suspicamini
1585 1056 1796 1103 montes
1823 1049 2172 1119 coagulatos?

2518 1061 2606 1113 55.
2639 1062 2754 1112 Ἵνα
2792 1061 2844 1113 τί
2875 1062 3275 1131 ὑπολαμϐάνετε
3302 1065 3402 1136 ὅρη
3422 1067 3790 1138 τετυρωμέπς

889 1136 941 1191 6.
975 1137 1149 1204 Mons,
1188 1139 1243 1193 in
1273 1153 1384 1209 quo
1419 1140 1812 1212 beneplacitum
1845 1152 1928 1198 est
1960 1141 2070 1197 Deo
2100 1142 2343 1196 habitare

2517 1152 2605 1208 56.
2637 1153 2710 1206 Τὸ
2731 1151 2874 1222 ὅρος,
2895 1154 2924 1206 ὃ
2943 1154 3230 1225 εὐδόκησεν
3254 1156 3283 1209 6
3304 1156 3434 1220 Θεὸς
3457 1136 3725 1213 κατοικεῖν
3751 1163 3809 1212 ὲν
3824 1161 3968 1233 αὐτεξν

783 1243 838 1283 ιη
871 1245 964 1285 €02

851 1322 936 1376 57.
973 1321 1183 1377 Etenim
1209 1321 1472 1380 Dominus
1500 1323 1767 1379 habitabit
1797 1325 1850 1378 in
1878 1325 2059 1379 ﬁnem.

2515 1335 2604 1389 57.
2645 1334 2754 1388 Καὶ
2775 1334 2881 1406 γὰρ
2904 1336 2933 1388 6
2960 1335 3162 1407 Κύριος
3185 1338 3593 1409 κατασκηνώσει
3617 1343 3699 1407 εἰς
3722 1343 3880 1408 τέλος.

853 1413 942 1470 58.
975 1415 1181 1470 Currus
1214 1416 1303 1471 Dei
1330 1418 1514 1472 decem
1543 1419 1782 1474 millibus
1813 1419 2092 1488 multiplex
2125 1461 2136 1471 .

2034 1434 2092 1472 ex
2125 1461 2136 1471 .
2519 1417 2605 1471 58.
2649 1417 2721 1470 Τὸ
2760 1420 2909 1491 ἆρμα
2931 1419 3024 1473 τοῦ
3053 1421 3184 1474 Θεοῦ
3217 1423 3603 1495 μυριοπλάσιον
3623 1444 3636 1456 ⁸

853 1505 943 1562 59.
980 1506 1143 1562 Millia
1175 1507 1564 1562 abundantium
1593 1527 1606 1562 :

2516 1509 2602 1564 59.
2639 1508 2888 1573 Χιλιάδες
2912 1511 3271 1581 εὐθηνούντων

846 1599 934 1654 40.
971 1600 1233 1654 Dominus
1268 1602 1320 1655 in
1348 1601 1428 1656 eis
1457 1600 1510 1654 in
1541 1600 1670 1655 Sina
1703 1602 1754 1656 in
1794 1612 2001 1657 sancto.

2514 1602 2604 1654 40.
2643 1603 2847 1674 Κύριος
2871 1607 2927 1656 ὲν
2952 1606 3137 1668 αὐτοῖς
3160 1608 3218 1658 ἐν
3240 1608 3370 1660 Σινᾶ
3399 1623 3457 1659 εν
3476 1610 3553 1678 τῷ
3582 1610 3738 1678 ἁγίῳ.

847 1691 936 1746 41.
967 1691 1272 1747 Ascendisti
1303 1693 1358 1746 in
1380 1692 1548 1747 altum
1572 1733 1587 1757 ,
1615 1694 1802 1762 cepisti
1830 1694 2229 1763 captivitatem:

2515 1692 2602 1746 41.
2647 1693 2866 1765 Ἀνέϐης
2882 1696 2961 1758 εἰς
2982 1694 3134 1765 ὓψος,
3155 1695 3579 1767 ῂχμαλὼτευσας
3609 1701 3969 1770 αἰχμαλωσίαν.

850 1779 939 1834 42.
971 1781 1242 1850 Aceepisti
1268 1781 1411 1836 dona
1443 1782 1496 1834 in
1537 1781 1888 1836 hominibus:

2513 1781 2600 1836 42.
2635 1782 2858 1847 Ἔλαδες
2893 1782 3100 1854 δόματα
3129 1787 3186 1836 ἐν
3218 1784 3519 1855 ἀνθρώποις

847 1873 934 1928 45.
969 1871 1178 1928 Etenim
1211 1889 1320 1928 non
1354 1874 1635 1929 credentes
1660 1873 1985 1928 inhabitare.
2369 1875 2412 1928 B

2369 1875 2412 1928 B
2509 1875 2596 1928 45.
2629 1875 2738 1927 Καὶ
2761 1875 2868 1944 γὰρ
2897 1876 3250 1940 ἀπειθοῦντας
3272 1877 3365 1932 τοῦ
3396 1881 3827 1949 καταπηνῶσαι.

851 1962 937 2016 44.
974 1961 1238 2018 Dominus
1259 1963 1403 2020 Deus
1424 1966 1740 2021 benedictus
1761 2005 1776 2029 ,
1807 1965 2126 2019 benedictus
2158 1962 2343 2018 Domi-

2510 1967 2595 2021 44.
2635 1968 2836 2039 Κύριος
2879 1970 2909 2021 6
2966 1969 3096 2032 Θεὸς
3128 1969 3413 2041 εὐλογητὸς
3435 2012 3450 2036 ,
3486 1971 3770 2043 εὐλογητὸς
3799 1976 3974 2047 Κύριος

781 2069 885 2106 nus
912 2053 997 2108 die
1028 2056 1268 2123 quotidie
1294 2075 1306 2108 :

2439 2058 2654 2128 ἡμέραν
2684 2058 2809 2111 καθ’
2841 2058 3070 2130 ἡμέραν·

847 2144 1300 2215 45..Prosperum
1337 2146 1439 2200 iter
1474 2145 1639 2202 faciat
1667 2147 1826 2204 nobis
1849 2147 1992 2204 Deus
2021 2149 2339 2204 salutarium

2509 2148 2598 2200 45.
2637 2148 2714 2216 (α)
2750 2148 3127 2202 Κατευοδὼσαι
3177 2151 3308 2220 ἡμῖν
3355 2153 3384 2204 6
3416 2151 3547 2215 Θεὸς
3591 2153 3700 2206 τῶν
3728 2156 3973 2224 campi“

781 2244 1114 2291 nostrorum.
2441 2241 2473 2309 ἡ
2481 2239 2597 2308 μῶν

1407 2329 1732 2400 Diapsalma.

3059 2313 3389 2380 Διάψαλμα.

852 2418 941 2471 46·.
983 2418 1124 2475 Deus
1148 2430 1352 2487 noster,
1380 2422 1522 2478 Deus
1555 2424 1734 2478 salvos
1761 2422 1990 2478 faciendi
2013 2445 2026 2478 :

2013 2445 2026 2478 :
2516 2422 2603 2478 46.
2642 2425 2700 2475 '0
2722 2424 2850 2488 Θεὸς
2872 2423 3025 2495 ἡμῶν
3057 2424 3084 2475 6
3114 2425 3245 2489 Θεὸς
3271 2425 3364 2478 τοῦ
3388 2425 3610 2489 σώζειν·

853 2507 939 2561 47.
980 2507 1042 2564 Et
1067 2507 1302 2579 Domini,
1333 2510 1546 2567 Domini
1575 2513 1754 2569 exitus
1777 2516 1985 2569 mortis.

2514 2516 2603 2569 47.
2638 2518 2743 2570 Καὶ
2759 2516 2852 2570 τοῦ
2868 2517 3094 2588 Κυρίου,
3111 2518 3315 2582 Κυρίου
3331 2520 3386 2572 αἱ
3402 2515 3628 2582 διέξοδοι
3641 2515 3737 2574 τοῦ
3752 2517 3970 2575 θανάτω.

852 2648 928 2718 (a)
965 2647 1118 2703 Vers.
1152 2649 1241 2704 45.
1274 2648 1597 2719 Εὐλογητὸς,
1634 2658 1764 2714 etc.,
1796 2656 2173 2705 κανευοδωσει.

1899 2809 2268 2865 ATHANASH
2311 2810 2888 2867 INTERPRETATIO.

853 2963 943 3020 50.
975 2964 1041 3021 Ει
1083 2966 1324 3040 c0gnitio
1368 2968 1564 3026 divina:
1613 2969 1909 3040 Scriptura:
1949 2970 2112 3025 veluti
2147 2985 2338 3025 aurum

2505 2973 2592 3026 50.
2631 2973 2741 3026 Καὶ
2773 2977 2806 3046 ἡ
2835 2975 3031 3042 γνῶσις
3065 2976 3162 3046 τῆς
3195 2974 3346 3038 θείας
3373 2972 3620 3045 Γραφῇ,
3673 2971 3750 3037 ὡς
3786 2974 3969 3045 χρυςίου

783 3053 1020 3126 effulget.
2145 3095 2149 3101 ’

2145 3095 2149 3101 -
2435 3065 2814 3136 ἐξαστράπτει.

851 3147 950 3210 51,
981 3147 1066 3200 52.
1098 3147 1234 3202 Cum
1269 3148 1478 3204 miserit
1509 3150 1769 3206 Dominus
1793 3153 2067 3221 apostolos
2098 3152 2151 3207 in
2179 3169 2340 3209 muu-
2375 3223 2404 3228 _

2375 3223 2404 3228 _
2511 3157 2599 3222 51,
2637 3157 2727 3212 52.
2762 3156 2838 3227 (1)
2875 3157 2961 3208 Ἐν
2995 3154 3070 3225 τῷ
3121 3154 3210 3208 τὸν
3252 3155 3455 3228 Κύριον
3496 3157 3847 3210 ἀποστέλλειν
3873 3159 3970 3218 τοις

782 3238 932 3299 dum,
965 3239 1402 3294 emundabuntur
1434 3241 1487 3294 in
1525 3241 1728 3296 auxilio
1757 3241 1894 3311 ejus.
2364 3223 2384 3280 (

2368 3223 2405 3280 C
2437 3247 2769 3310 ἀποστόλους
2789 3249 2866 3309 εἰς
2890 3247 2986 3316 τὴν
3019 3245 3340 3316 οἰκουμένην
3359 3286 3374 3312 ,
3408 3240 3891 3321 καθαρισθησονται
3927 3251 3970 3299 ἐν

2437 3339 2502 3407 τῇ
2542 3336 2761 3406 βοηθείᾳ
2787 3335 2972 3388 αὐτοῦ.

851 3420 940 3475 55.
973 3419 1266 3490 Virginem,
1289 3432 1342 3477 et
1367 3422 1649 3492 Deiparam
1674 3424 1944 3494 signiﬁcat
1962 3466 1977 3489 ,

2508 3425 2594 3478 55.
2615 3425 2726 3494 Τὴν
2753 3424 3023 3496 Παρθένον
3056 3424 3200 3492 λέγει
3225 3425 3318 3476 καὶ
3343 3425 3623 3489 Θεοτόκον,

852 3513 940 3567 54.
983 3511 1335 3582 Obsignatam
1367 3514 1621 3570 videlicet
1643 3515 1967 3586 virginitate.

2508 3515 2596 3570 54.
2627 3516 3138 3588 Συνεσφραγισμένη
3165 3519 3229 3587 τῇ
3263 3516 3528 3588 παρθενίᾳ
3553 3518 3814 3589 δηλονότι.

852 3603 942 3659 55.
979 3603 1220 3675 Populus
1281 3603 1634 3674 Iudaeorum,
1689 3608 1782 3678 qui
1844 3610 2007 3664 corde
2071 3609 2337 3678 coagulati

2509 3607 2597 3660 55.
2646 3608 2702 3660 Ὀ
2723 3607 2846 3672 λαὸς
2879 3607 2986 3661 τῶν
3031 3608 3314 3671 Ἰουδαίων,
3349 3612 3396 3660 οἱ
3430 3612 3494 3679 τῇ
3537 3610 3735 3681 καρδίᾳ
3765 3628 3969 3681 τετυρω-

783 3707 931 3756 511111.

2443 3698 2612 3768 μένοι.

842 3791 930 3846 56.
979 3788 1047 3844 Ut
1077 3805 1183 3845 non
1217 3789 1540 3845 existimetis
1574 3790 1836 3860 virginem
1871 3800 2202 3860 corruptam.

2510 3788 2598 3843 56.
2643 3789 2756 3839 Ἵνα
2779 3785 2853 3856 (2)
2887 3786 2961 3857 μὴ
2983 3785 3171 3856 δοκῆτε
3203 3787 3300 3858 τὴν
3325 3789 3599 3860 Παρθένον
3644 3792 3937 3863 φθαρεῖσαν.

852 3881 942 3933 57.
980 3879 1189 3934 Etenim
1234 3880 1497 3934 Dominus
1551 3881 1605 3934 in
1652 3883 2123 3937 consummatione
2158 3883 2339 3938 saeculi

2509 3879 2597 3933 57.
2637 3879 2746 3932 Καὶ
2792 3879 2898 3949 γὰρ
2945 3880 2973 3930 6
3018 3877 3221 3949 Κύριος
3251 3881 3341 3932 ἐπὶ
3386 3882 3667 3954 συντελείᾳ
3688 3884 3783 3937 τοῦ
3812 3884 3967 3944 αἰῶνος

786 3970 1047 4027 habitabit
1087 3971 1140 4025 in
1172 3987 1253 4026 ea.

2445 3967 2852 4038 κατασκηνώσει
2883 3970 2938 4020 έν
2962 3969 3117 4038 αὐτῇ.

852 4066 944 4120 58.
977 4063 1184 4119 Novum
1215 4073 1621 4130 testamentum,
1653 4073 1708 4120 et
1729 4065 1860 4120 ﬁdes
1888 4063 2000 4120 Dei.

2511 4059 2598 4112 ’58.
2645 4061 2707 4111 'H
2737 4059 2830 4112 νέα
2849 4059 3078 4130 διαθήκη
3111 4059 3203 4114 καὶ
3231 4062 3262 4131 ἡ
3295 4062 3474 4125 πίστις
3493 4063 3586 4115 τοῦ
3623 4063 3778 4117 Θεοῦ.

855 4158 942 4212 59.
973 4157 1040 4210 Ει
1064 4158 1353 4212 multitudo
1388 4159 1647 4213 ﬁdelium.

2509 4153 2596 4207 59.
2630 4153 2737 4204 Καὶ
2766 4152 2824 4204 τὸ
2861 4152 3062 4222 πλῆθος
3089 4153 3195 4206 τῶν
3233 4155 3455 4207 πιστῶν.

858 4249 948 4302 40.
987 4246 1158 4301 Filius
1185 4248 1237 4300 in
1263 4247 1492 4310 sanctis,
1525 4247 1618 4315 qui
1644 4255 1771 4301 sunt
1794 4249 1847 4300 in
1884 4246 2140 4300 mandato
2166 4245 2340 4300 Patris

2512 4243 2600 4297 40.
2645 4244 2702 4297 Ὀ
2730 4243 2854 4307 Υἱὸς
2878 4246 2934 4297 ἐν
2961 4247 3072 4307 τοῖς
3107 4245 3298 4313 ἁγίοις,
3321 4248 3430 4308 τοῖς
3454 4246 3512 4299 ὲν
3553 4249 3619 4316 τῇ
3671 4249 3853 4318 ἐντολῇ
3899 4247 3966 4299 τοῦ

784 4343 887 4396 sui.

2441 4338 2487 4390 Π
2493 4355 2557 4391 ατ
2565 4337 2654 4408 ρὸς
2685 4335 2869 4390 αὐτοῦ.

851 4433 942 4488 41.
974 4433 1300 4503 Assumptus
1322 4448 1383 4488 es
1413 4433 1464 4486 in
1500 4431 1672 4502 gloria
1711 4429 1985 4490 accipiens
2014 4430 2256 4500 captivos
2287 4431 2340 4484 in

2520 4429 2602 4484 41.
2652 4428 2981 4498 Ἀνελὴφθης
3014 4430 3071 4480 ἐν
3096 4428 3221 4500 δόξῃ
3251 4428 3426 4482 λαϐὼν
3457 4430 3581 4493 τοὺς
3619 4431 3695 4498 (5)
3725 4430 3968 4502 αἰχμαλώ-

782 4526 1096 4581 servitutem
1133 4525 1380 4578 redactos
1402 4540 1432 4578 a
1456 4523 1693 4578 diabolo.
2369 4552 2384 4611 l

2369 4552 2420 4612 Β
2442 4536 2588 4584 τους,
2621 4521 2746 4582 τοὺς
2767 4519 3294 4590 αἰχμαλωτισθέντας
3327 4517 3428 4569 ὑπὸ
3455 4517 3548 4570 τοῦ
3582 4518 3845 4574 διαϐόλου.

852 4617 939 4669 42.
981 4615 1133 4670 Dono
1158 4616 1413 4685 accepisti
1445 4617 1713 4673 homines.
2369 4608 2402 4612 —

2369 4608 2402 4612 —
2515 4611 2601 4664 42.
2637 4611 2863 4674 Ἔλαὸες
2889 4610 3095 4680 δόματα
3118 4611 3240 4673 τοὺς
3267 4608 3599 4681 ἀνθρώπους.

850 4710 936 4763 45.
973 4708 1182 4764 Etenim
1207 4708 1381 4764 fecisti
1407 4717 1464 4763 ut
1485 4708 1576 4778 qui
1604 4707 1695 4762 tibi
1721 4717 1874 4762 erant
1898 4715 2055 4761 antea
2077 4707 2336 4773 inﬁdeles,

2514 4703 2600 4756 45.
2633 4703 2740 4755 Καὶ
2778 4702 2885 4772 γὰρ
2929 4701 3190 4770 ἐποίησας
3234 4700 3358 4761 τοὺς
3405 4700 3762 4764 ἀπειθοῦντάς
3809 4716 3880 4752 σοι
3923 4701 3965 4750 τὸ

782 4817 927 4856 nunc
961 4808 1314 4868 permaneant
1344 4801 1397 4854 in
1422 4799 1707 4870 praeceptis
1733 4799 1856 4853 tuis.

2447 4795 2706 4866 πρότερον
2733 4794 2825 4850 νῦν
2851 4793 3129 4863 ἐπιμένειν
3154 4794 3210 4845 ὲν
3241 4795 3358 4856 ταῖς
3387 4791 3622 4855 ἐντολαῖς
3646 4809 3736 4846 σου

847 4895 933 4948 at.
971 4893 1229 4947 {Eternus
1254 4902 1308 4947 et
1337 4893 1452 4947 sine
1489 4891 1772 4962 principio.

1631 4891 1772 4960 :ipio.
2515 4887 2603 4941 44.
2645 4887 2834 4950 Ἀἲδιος
2857 4887 2949 4939 καὶ
2981 4887 3233 4957 ἄναρχος.

853 4987 939 5040 45.
968 4984 1035 5038 Ει
1061 4985 1258 5056 dirigat
1297 5000 1390 5040 cor
1431 4992 1674 5038 nostrum
1701 4985 1754 5038 in
1783 4992 2045 5052 prtecepta
2078 4998 2195 5039 sua.

2514 4978 2601 5031 45.
2637 4978 2748 5031 Καὶ
2771 4976 3083 5031 κατευούνει
3119 4975 3485 5048 [κατευθύναι]
3512 4975 3588 5046 (ὕ)
3631 4976 3730 5047 τὴν
3780 4973 3961 5044 καῴίιν

2441 5070 2599 5140 ἡμῶν
2637 5073 2715 5133 εἰς
2748 5070 2844 5132 τὰς
2872 5070 3088 5131 ἐντολὰς
3116 5067 3298 5122 αὐτοῦ.

851 5170 941 5225 46.
975 5169 1134 5226 Jesus
1170 5168 1434 5224 Dominus
1473 5177 1674 5223 noster.

2515 5159 2597 5211 46.
2643 5159 2848 5229 Ἰησοῦς
2876 5163 2902 5213 ὁ
2927 5161 3129 5231 Κύριος
3155 5160 3326 5228 ἡμῶν.

853 5263 940 5318 47.
973 5261 1188 5317 Primus
1233 5263 1375 5316 enim
1423 5262 1537 5330 ipse
1582 5276 1868 5329 resurgens
1919 5276 1948 5314 a
1997 5267 2168 5314 morte
2219 5258 2344 5310 fecit

2514 5253 2600 5305 47.
2636 5253 2855 5323 Πρῶτος
2911 5252 3015 5323 γὰρ
3067 5252 3224 5314 αὐτὸς
3258 5251 3493 5306 ἀναστὰς
3549 5254 3615 5305 ἐκ
3643 5253 3738 5306 τοῦ
3779 5253 3957 5306 Onam

781 5358 983 5411 exitum
1012 5357 1080 5411 iis
1129 5356 1221 5424 qui
1247 5354 1606 5409 dormierunt.

2449 5344 2700 5414 ἐποίησεν
2727 5345 2902 5411 ἔξοδον
2934 5346 3046 5408 τοῖς
3077 5344 3437 5415 κεκοιμημένο

1725 5468 2028 5529 Addenda
2067 5472 2129 5527 et
2170 5465 2540 5542 corrigenda
2574 5481 2649 5524 ex
2682 5463 2822 5523 cod.
2861 5462 3058 5525 Vatic.

855 5599 928 5666 (Il
963 5598 1022 5650 Ν.
1057 5597 1144 5650 51.
1202 5595 1288 5646 Ἕν
1329 5594 1428 5663 τῷ,
1454 5604 1556 5648 etc.
1582 5596 1654 5666 Ν.
1694 5595 1782 5647 52.
1817 5591 2248 5666 Καθαρέ-σονταιη
2273 5589 2340 5640 Ν.
2627 5590 2742 5666 :lva

782 5658 869 5721 55.
902 5669 1032 5736 Τὴν,
1062 5676 1190 5729 ett:.,
1221 5680 1344 5736 mox
1372 5658 1467 5734 pro
1499 5665 1588 5718 καί
1615 5667 1827 5735 βτιυῐέιι
1858 5658 2061 5736 την.’Ν.
2094 5660 2190 5736 64..
2213 5660 2342 5736 Συν-

1372 5658 1467 5734 pro
1499 5665 1588 5718 καί
1615 5667 1827 5735 βτιυῐέιι
1858 5658 2061 5736 την.’Ν.
2094 5660 2190 5736 64..
2213 5660 2342 5736 Συν-
2629 5658 2764 5736 ’[ούς
2786 5659 2959 5736 deest.

783 5729 1116 5806 εσφιγμένην
1158 5735 1287 5797 (sed
1321 5729 1422 5803 leg.
1479 5737 1588 5792 vid.
1617 5729 2200 5805 ’συνεσφραὴισμένηη
2248 5731 2345 5798 τὴν

1331 5729 1422 5803 ιθξξ.
1479 5737 1588 5792 vid.
1617 5729 2200 5805 ’συνεσφραὴισμένηη
2248 5731 2345 5798 τὴν
2767 5729 2933 5806 ίιςρει.

788 5795 1084 5868 παρθενίαν
1107 5795 1275 5877 αὐτῇς
1319 5795 1485 5878 δηλοῖ.
1805 5795 1845 5804 ”
1917 5795 1924 5805 ’
2003 5795 2012 5804 ’
2126 5795 2191 5804 ”
2303 5795 2312 5798 “
2521 5800 2592 5867 (5)
2626 5795 2969 5853 Κατευθυνεῐ.
