4098 6318
191 372 302 429 917
1054 367 1137 423 DE
1188 367 1462 425 TITULIS
1504 367 1949 424 PSALMORUM.
1989 397 2058 408 —
2099 366 2292 422 PSAL.
2332 366 2539 424 LXVII.
3318 375 3422 434 9I8

269 491 354 544 48.
384 490 527 560 Πλὴν
555 492 584 543 ὁ
624 487 755 554 Θεὸς
784 489 1064 544 συνθλὰσει
1119 491 1358 560 κεφαλὰς
1407 490 1618 563 ἐχθρῶν
1657 492 1755 547 αὐε-
1787 497 1833 555 Α

1807 497 1833 555 ι
1932 489 2020 544 48.
2058 488 2438 544 Verumtamen
2471 490 2612 546 Deus
2639 492 2942 564 confringet
2971 494 3146 565 capita
3178 493 3425 550 inimico-

190 601 317 644 του.

1859 601 1978 640 rum
2020 600 2244 638 suorum
2266 625 2279 649 ,

271 676 355 729 I9.
393 675 648 747 Κορυφὴν
679 675 862 748 τριχὸς
901 676 1365 748 διαπορευομένων
1400 680 1458 730 ἐν
1503 678 1755 749 πλημμε-

1928 676 2017 730 49.
2055 675 2322 730 Verticem
2359 677 2538 744 capilli
2586 679 3074 747 perambulantium
3120 679 3172 732 in
3209 679 3418 734 delictis

190 765 370 830 λείαις
415 767 610 821 αὐτῶν.
1857 767 1991 822 suis.

269 855 358 908 50.
385 852 515 908 Εἷπε
547 855 747 926 Κύριος
769 873 782 886 ·
832 857 924 910 Ἐκ
955 857 1134 910 Bas-iv
1161 860 1490 930 ἐπιστρέψω,

1926 859 2016 913 50.
2073 857 2216 911 Dixit
2248 856 2513 913 Dominus
2536 877 2546 912 :
2569 860 2644 912 Ex
2677 860 2848 914 Busan
2885 876 3209 929 convertam,

265 948 354 1002 5t.
403 949 740 1019 Ἐπιστρὲψω
760 952 816 1002 ἐν
846 950 1024 1019 βυθοῖς
1049 950 1340 1023 θαλάσσης.

1929 950 2016 1002 51.
2054 948 2381 1001 Convertam
2415 949 2467 1001 in
2505 947 2828 1018 profundunt
2858 952 3041 1005 maris.

264 1040 353 1096 52.
385 1043 568 1104 Ὅπως
595 1041 659 1094 ἂν
687 1041 829 1112 βαφῇ
853 1043 880 1094 ὁ
903 1042 1034 1105 ποῦς
1061 1060 1152 1098 σου
1191 1046 1248 1097 ἐν
1271 1047 1460 1113 αἵματι
1482 1064 1493 1075 ·

1925 1039 2014 1093 52.
2053 1038 2122 1094 Ut
2153 1039 2451 1109 intingatur
2479 1056 2573 1109 pes
2607 1050 2732 1096 tuus
2754 1042 2804 1094 in
2834 1045 3132 1114 sanguine:

260 1131 354 1188 53.
372 1133 433 1184 'H
455 1133 672 1201 γλῶσσα
687 1133 793 1186 τῶν
815 1135 988 1186 κυνῶν
1008 1151 1099 1187 σου
1117 1135 1176 1200 ἐξ
1191 1137 1398 1206 ἐχθρῶν
1419 1139 1547 1208 παρ’
1563 1137 1748 1192 αὐτοῦ.

1924 1131 2012 1184 55.
2061 1130 2267 1200 Lingua
2299 1146 2496 1184 canum
2531 1142 2749 1187 tuorum
2789 1149 2852 1187 ex
2885 1134 3120 1190 inimicis
3161 1136 3230 1190 ab
3275 1138 3414 1206 ipso.

260 1222 355 1278 54.
398 1224 810 1297 Ἐθεωρήθησαν
840 1227 896 1278 αἱ
924 1229 1136 1297 πορεῖαί
1171 1246 1282 1292 σου,
1313 1232 1341 1282 ὁ
1369 1230 1520 1296 Θεὸς,

1369 1230 1520 1296 Θεὸς,
1921 1221 2009 1276 54.
2045 1221 2157 1277 Visi
2189 1234 2315 1278 sunt
2348 1225 2627 1294 ingressus
2653 1228 2751 1288 tui,
2789 1225 2963 1288 Deus,

259 1315 350 1371 55.
383 1317 448 1370 Δί
475 1320 685 1388 πορεῖαι
713 1318 804 1371 τοῦ
829 1318 961 1373 Θεοῦ
999 1337 1096 1390 μου
1127 1320 1218 1373 τοῦ
1251 1321 1530 1391 βασιλέως,
1569 1323 1663 1377 τοῦ
1692 1325 1749 1378 ἐν

1923 1314 2012 1369 55.
2049 1313 2330 1384 Ingressus
2360 1315 2452 1370 Dei
2487 1315 2593 1370 mei
2644 1317 2805 1386 regis,
2857 1319 2950 1388 qui
2997 1327 3079 1373 est
3114 1320 3164 1372 iu
3203 1330 3411 1376 sancto.

181 1407 266 1479 τῷ
292 1409 447 1480 ἁγίῳ.

254 1503 346 1560 56.
381 1506 731 1577 Προέφθασαν
751 1508 1007 1579 ἄρχοντες
1031 1509 1262 1580 ἐχόμενα
1288 1509 1595 1570 ψαλλόντων
1623 1549 1638 1574 ,

1917 1497 2006 1553 56.
2040 1497 2423 1556 Ρηενεηειίιηι
2478 1501 2751 1572 principes
2803 1501 3080 1572 conjuncti
3134 1500 3413 1572 psallenti-

1845 1590 1986 1654 bus,

253 1682 348 1738 57.
391 1683 478 1736 Ἐν
514 1684 661 1754 μέσῳ
692 1685 948 1738 νεανίδων
972 1685 1438 1757 τυμπανιστριῶν.

1914 1682 2003 1736 57.
2038 1679 2097 1735 1η
2127 1683 2309 1737 medio
2335 1682 2753 1752 juveucularum
2779 1685 3301 1757 tympanistriarum.

253 1773 344 1829 58.
389 1775 476 1826 Ἐν
507 1775 852 1846 Ἐκκλησίαις
872 1776 1139 1844 εὐλογεῖτε
1163 1776 1254 1832 τὸν
1277 1776 1430 1842 Θεὸν,
1773 1835 1812 1846 __

1277 1776 1430 1842 Θεὸν,
1773 1835 1812 1846 __
1911 1774 1997 1828 58.
2035 1774 2093 1828 In
2121 1773 2376 1831 Ecclesiis
2406 1776 2706 1833 benedicite
2737 1777 2846 1834 Deo
2865 1821 2880 1845 ,

249 1863 342 1919 59.
369 1865 572 1935 Κύριον
593 1867 656 1920 ἑκ
679 1835 868 1936 τξηγῶν
907 1835 1143 1938 Ἰσραήλ.
1415 1835 1426 1842 ν
1773 1835 1815 1890 Β

1415 1835 1426 1842 ’
1773 1835 1815 1890 Β
1913 1865 2000 1921 59.
2035 1865 2263 1921 Domino
2285 1867 2352 1921 de
2382 1865 2623 1925 fontibus
2646 1869 2831 1929 Israel.

246 1957 341 2013 60.
389 1958 532 2011 Ἐκεῖ
557 1959 810 2029 Βενιαμὶν
831 1959 1092 2031 νεώτερος
1128 1961 1186 2012 ἐν
1214 1961 1468 2016 ἐκστάσει

1915 1956 2003 2010 60.
2043 1955 2120 2012 Ibi
2157 1957 2442 2030 Benjamin
2476 1961 2914 2021 adolescentulus
2960 1969 3012 2022 in
3068 1970 3268 2026 mentis
3312 1985 3410 2026 ex-

1842 2062 1998 2103 cessu
2018 2061 2035 2102 :

245 2135 339 2192 61.
371 2137 446 2208 (α)
476 2139 764 2209 Ἄρχοντες
805 2138 970 2192 Ἰούδα
999 2137 1264 2208 ἡγεμόνες
1296 2136 1476 2190 αὐτῶν
1503 2154 1516 2167 ο

1310 2136 1476 2190 ιύτῶν
1503 2154 1516 2167 ο
1911 2139 1998 2194 61.
2033 2138 2315 2199 Principes
2336 2141 2474 2200 Juda
2506 2145 2672 2201 duces
2704 2164 2889 2204 eorum
2917 2171 2928 2182 ·

247 2293 329 2366 (α)
357 2295 410 2364 ᾗ.
441 2292 530 2361 61,
563 2294 651 2362 62,
683 2292 790 2349 Sub
824 2295 978 2350 unico
1003 2312 1237 2364 numero,
1264 2297 1423 2350 sicuti
1444 2305 1493 2351 et
1527 2295 1595 2350 66
1626 2305 1676 2350 et
1711 2295 1780 2350 67
1810 2313 1824 2363 ;
1855 2296 1979 2353 item
2007 2299 2069 2354 81
2105 2309 2155 2354 et
2193 2303 2280 2356 82.

1295 2455 1663 2515 ATHANASII
1702 2459 2280 2518 INTERPRETATIO.

245 2633 336 2687 48.
365 2632 484 2688 Τῶν
517 2635 772 2690 ἐναντίων
802 2636 1101 2708 δυνάμεων.

1903 2626 1992 2681 48.
2023 2627 2433 2683 Contrariarum
2469 2637 2815 2698 potestatum.

242 2727 332 2783 49.
369 2728 470 2781 Τὸν
503 2729 744 2785 διάϐολον
800 2733 890 2785 τὸν
919 2733 1016 2802 τὴν
1074 2732 1272 2787 κακίαν
1305 2734 1602 2807 ἑφευρόντα
1656 2736 1735 2798 είς

1903 2717 1992 2772 49.
2026 2718 2309 2774 Diabolum
2368 2721 2704 2775 inventorem
2736 2723 2954 2776 malitia:
2998 2724 3050 2776 in
3094 2735 3395 2793 peccatum.

172 2817 476 2888 ἁμαρτίαν.

241 2907 332 2961 50.
359 2904 491 2962 Εἷπε
521 2910 720 2979 Κύριος
741 2927 754 2940 ·
794 2911 932 2976 Τοὺς
962 2911 1037 2982 (1)
1065 2914 1130 2968 ἐκ
1166 2916 1264 2986 τῆς
1300 2917 1560 2988 αἰσχύνης
1607 2917 1727 2968 ἐπι·
1758 2971 1795 2988 η

1773 2971 1795 2988 η
1904 2900 1990 2954 50.
2032 2899 2176 2956 Dixit
2207 2902 2471 2960 Dominus
2508 2923 2519 2958 :
2551 2920 2666 2969 eos,
2700 2907 2790 2976 qui
2815 2922 2881 2962 ex
2905 2907 3227 2962 confusione
3244 2920 3391 2968 sunt.

164 2997 390 3066 στρέψω
411 3013 423 3024 '
471 2971 677 3051 Βασέιν
702 2971 830 3072 Ὗγὰρ
883 2971 1260 3076 ἑρμηινεύεταΐ
1290 2971 1571 3077 αίσὲύνῆ,
1606 3012 1726 3082 ἥτις
1756 2971 1782 3027 ί

1771 2971 1795 3027 3
1831 3003 2140 3047 convertam
2187 3012 2199 3046 :
2237 2993 2418 3048 Basan
2461 2995 2602 3049 enim
2651 2996 3034 3065 interpretatur
3079 2999 3389 3068 ignominia,

159 3090 314 3141 ἐστὶν
341 3089 369 3140 ὁ
391 3089 611 3158 κόσμος.

1831 3098 1927 3138 seu
1964 3085 2225 3152 confusio,
2260 3087 2437 3154 qualis
2469 3096 2552 3141 est
2586 3091 2841 3143 mundus.

234 3179 326 3232 51.
374 3180 712 3252 Ἐπιστρέψω
741 3182 936 3245 αὐτοὺς
955 3183 1047 3236 ἐπὶ
1070 3185 1128 3237 τὸ
1166 3185 1470 3261 βάπτισμα.

1326 3206 1470 3261 ¹αμα,
1899 3174 1986 3230 51.
2028 3175 2354 3229 Convertam
2381 3193 2474 3232 eos
2506 3179 2572 3233 ad
2597 3179 2944 3248 baptismum.

229 3269 318 3322 52.
358 3270 544 3335 Ὅπως
569 3271 634 3324 ἂν
669 3272 736 3326 τὰ
768 3273 1049 3328 τελευταῖα
1079 3277 1187 3335 τῶν
1210 3278 1387 3349 μελῶν
1429 3299 1543 3348 σου,
1571 3299 1724 3336 τουτ-

1896 3268 1985 3323 52.
2021 3268 2091 3323 Ut.
2117 3279 2392 3338 postrema
2426 3274 2670 3328 membra
2727 3287 2851 3340 tua,
2905 3275 3006 3330 hoc
3050 3283 3133 3328 est
3181 3284 3385 3345 gentes,

155 3358 280 3416 ἐστι
301 3363 371 3415 τὰ
396 3363 541 3434 ἔθνη,
571 3363 934 3434 βαπτισθῶσιν
964 3369 1020 3421 ἐν
1050 3368 1126 3440 τῷ
1153 3373 1342 3440 αἵματί
1368 3392 1479 3429 σου.
1825 3358 2168 3429 δθβίίῑθυιυτ
2201 3362 2254 3416 in
2291 3364 2553 3434 εθηευίιιθ
2587 3374 2699 3419 "10-

235 3452 324 3508 53.
364 3454 484 3507 Τῶν
507 3455 673 3508 ἐθνῶν
702 3455 898 3521 αὐτῶν,
933 3459 1026 3510 καὶ
1051 3461 1082 3528 ὴ
1109 3461 1326 3527 γλῶσσα
1357 3464 1530 3536 ἐδάφη
1563 3469 1619 3518 ἑν
1648 3467 1724 3537 τῷ

1892 3450 1980 3504 55.
2014 3449 2258 3520 Ipsarum
2314 3455 2592 3523 gentium,
2638 3467 2690 3511 et
2744 3457 2925 3527 lingua
2979 3458 3147 3513 tincta
3198 3467 3284 3513 est
3333 3459 3383 3512 in

155 3545 358 3615 αἵματί
393 3561 486 3597 σου
528 3545 604 3616 τῷ
641 3544 853 3618 θανάτῳ
885 3548 981 3618 (2),
1009 3549 1094 3602 ὅτε
1125 3552 1477 3624 ἐπέστρεψαν,
1505 3558 1566 3610 ἑκ
1617 3557 1723 3609 τῶν

1825 3541 2093 3610 sanguine
2127 3551 2222 3597 tuo
2251 3560 2347 3614 per
2373 3557 2625 3612 mortem,
2658 3550 2878 3617 quando
2909 3561 3294 3606 converterunt
3327 3567 3384 3605 se

155 3635 354 3688 ἐθνῶν.

1821 3643 1886 3683 ex
1925 3632 2194 3700 gentibus.

230 3726 320 3785 54.
355 3728 434 3781 Τὰ
461 3729 806 3802 δικαιώματά
825 3749 916 3786 σου
948 3735 1385 3809 ἑπεγνώσθησαν.

1893 3718 1982 3773 54.
2018 3718 2446 3778 Justiﬁcationes
2478 3733 2584 3780 tua:
2611 3727 2838 3797 cognitae
2864 3738 3007 3784 sunt.

229 3817 323 3874 55.
350 3822 414 3874 At
447 3821 655 3876 ἐντολαὶ
685 3823 777 3877 τοῦ
803 3824 931 3880 Υἱοῦ
964 3827 1056 3879 τοῦ
1089 3829 1238 3891 ὄντος
1260 3832 1317 3882 ἑν
1343 3830 1420 3900 τῷ
1451 3829 1645 3902 Πατρί.

1371 3830 1420 3900 ᾧ
1451 3829 1645 3902 nam.
1893 3813 1982 3866 55.
2017 3811 2289 3885 Prtecepta
2318 3815 2461 3880 Filii,
2486 3819 2580 3887 qui
2606 3827 2688 3874 est
2727 3820 2779 3872 in
2810 3819 2989 3876 Patre.

229 3909 319 3965 56.
347 3913 408 3964 Οἱ
434 3911 721 3982 ἡγούμενοι
746 3914 854 3968 τῶν
903 3919 1234 3986 μοναζόντων
1271 3917 1429 3991 ἦλθον
1451 3923 1528 3985 είς
1550 3923 1721 3976 ἀπάν-

1889 3904 1977 3958 56.
2011 3906 2276 3963 Praasides
2304 3911 2695 3964 monachorum
2727 3922 2988 3967 venerunt
3032 3915 3244 3968 obviam
3277 3915 3381 3972 Do-

149 4019 318 4074 τησιν
349 4002 438 4055 τοῦ
476 4002 680 4074 Κυρίου
713 4005 1030 4075 κατέχοντος
1063 4009 1139 4080 (5)
1188 4012 1314 4073 τοὺς
1359 4011 1566 4065 ἑαυτῶν
1617 4031 1712 4082 μα-

1359 4011 1566 4065 έαυτῶν
1617 4031 1712 4082 μα-
1818 3995 1969 4053 mino
1992 4013 2175 4053 secum
2208 4000 2467 4057 habentes
2501 4018 2630 4058 suos
2659 4004 2971 4076 discipulos.

149 4091 350 4147 θητάς.

209 4109 300 4143 -τα
335 4133 350 4147 .

209 4109 330 4233 ⁸57ῗ
358 4181 444 4235 Ἐν
475 4183 623 4255 μέσῳ
664 4184 784 4256 τῶνΙ
804 4186 990 4257 ψυχῶν
1023 4187 1130 4242 τῶν
1161 4190 1354 4242 νεωστὶ
1399 4190 1474 4260 (ιι)
1510 4190 1714 4244 amca--

1882 4181 1970 4237 57.
2010 4181 2066 4235 In
2111 4183 2290 4240 medio
2325 4184 2656 4249 animarum,
2696 4189 2789 4256 qui
2822 4200 3066 4244 recenter
3096 4195 3375 4248 renuntiav

149 4271 404 4341 ξαμένων
427 4275 518 4327 καὶ
551 4277 856 4348 νεκρουσῶν
876 4279 944 4331 τὰ
974 4279 1105 4350 μέλη
1134 4280 1360 4335 ἑαυτῶν.
1745 4317 1767 4372 ι

1755 4317 1788 4372 D
1815 4283 2009 4328 verunt
2067 4274 2271 4329 mundo
2297 4315 2312 4340 ,
2362 4285 2415 4330 et
2469 4278 2934 4335 mortiﬁcaveruut
2977 4284 3217 4337 membra
3255 4300 3373 4341 sua.

192 4360 315 4423 .58.
359 4362 445 4414 Ἑν
497 4367 607 4427 τοῖς
648 4365 863 4434 μέλεσιν
914 4367 1066 4436 ὑμῶν
1130 4369 1401 4437 εὐλογεῖτε
1453 4370 1544 4422 τὸν
1585 4370 1713 4425 Θεὸν
1747 4360 1784 4372 ”

1756 4360 1784 4372 “’
1888 4368 1976 4421 58.
2017 4369 2073 4421 lu
2103 4370 2363 4424 membris
2394 4373 2591 4426 vestris
2615 4372 2912 4427 benedicite
2955 4373 3084 4439 Deo,
3112 4381 3374 4444 quemad-

147 4451 254 4520 (5),
311 4453 491 4517 καθὼς
531 4455 851 4527 γέγραπται⁸
889 4459 1006 4511 Ὅτι
1029 4459 1196 4529 ὑμεῖς
1211 4460 1356 4526 ναὸς
1381 4462 1527 4515 Θεοῦ
1553 4462 1691 4514 ἐστε

1815 4459 2034 4513 modum
2067 4462 2330 4529 scriptum
2372 4471 2455 4516 est
2484 4479 2497 4515 :
2530 4464 2652 4531 quia
2691 4481 2775 4518 vos
2809 4465 3050 4534 templum
3095 4467 3191 4521 Dei
3228 4472 3371 4532 estis,

143 4542 251 4595 καὶ
283 4542 350 4594 τὸ
380 4543 620 4614 Πνεῦμα
646 4547 750 4601 τοῦ
786 4547 931 4602 Θεοῦ
968 4550 1122 4603 οἰκεῖ
1146 4552 1214 4603 ἐν
1232 4552 1394 4621 ὑμῖν.

1232 4552 1394 4621 ὑμῖν.
1811 4561 1860 4606 et
1897 4551 2128 4620 Spiritus
2157 4552 2248 4605 Dei
2284 4553 2487 4606 habitat
2513 4556 2566 4608 in
2603 4556 2741 4611 vobis
2766 4558 2833 4610 3‘.

219 4634 312 4688 59.
344 4635 544 4707 Κύριον
587 4641 650 4691 ἑκ
698 4641 805 4694 τῶν
855 4642 1090 4713 καρδιῶν
1128 4644 1279 4714 ὑμῶν
1338 4645 1587 4711 δοξάζει-τε
1615 4645 1712 4716 (6)·

1886 4644 1976 4697 59.
2016 4642 2246 4697 Domino
2275 4661 2304 4699 e
2342 4647 2598 4703 cordibus
2636 4652 2829 4705 vestris
2857 4652 3374 4721 gloriﬁcatczlsmet

154 4725 401 4793 Ἰσραὴλ
432 4728 540 4799 γὰρ
573 4731 950 4801 ἑρμηνεύεται,
981 4733 1128 4800 νοῦς
1155 4735 1306 4804 ὀρῶν
1331 4738 1496 4791 Θεόν.

1375 4738 1496 4791 εόν.
1813 4736 1956 4792 enim
1990 4737 2402 4805 interpretatur,
2431 4757 2572 4793 meus
2604 4741 2777 4795 videns
2807 4742 2991 4796 Deum.

215 4816 308 4869 60.
337 4818 437 4871 Τὸν
460 4821 664 4875 Παῦλον
695 4823 859 4892 λέγει.

1882 4828 1970 4882 60.
2009 4826 2241 4883 Paulum
2270 4832 2553 4901 signiﬁcat.

223 4905 314 4960 61.
352 4909 414 4960 0t
435 4911 716 4967 ἀπόστολοι
746 4915 838 4967 τοῦ
866 4916 998 4971 Θεοῦ
1029 4917 1267 4972 αίνετοῧ·
1319 4919 1545 4988 Ἰούδας
1600 4921 1706 4993 γὰρ

1886 4919 1973 4972 61.
2011 4919 2259 4990 Apostoli
2298 4920 2388 4976 Dei
2431 4923 2718 4980 laudabilis
2755 4945 2766 4980 :
2801 4925 2972 4980 ludas
3016 4926 3157 4982 enim
3204 4939 3371 4982 inter-

142 4998 527 5072 ἑρμηνεύεται,
558 5007 698 5074 Θεὸς
722 5011 968 5077 αἰνετός.

955 5052 968 5065 ,
1815 5019 2076 5081 pretatur,
2106 5013 2239 5067 Deus
2265 5013 2570 5073 laudabilis.

214 5173 262 5204 ⁸¹
295 5171 314 5226 Ι
345 5171 472 5228 Cor.
501 5189 579 5240 Ill,
618 5177 702 5235 16.

392 5188 472 5228 or.
501 5189 579 5240 III,
618 5177 702 5235 16.
1097 5258 1400 5322 Addenda
1431 5270 1490 5325 et
1518 5261 1890 5337 Corrigenda
1940 5281 2017 5324 ex
2049 5267 2188 5328 cod.
2223 5268 2420 5330 Vatic.

242 5407 294 5503 ll
327 5407 654 5503 $395.39“!
684 5429 718 5503 ει,
749 5415 869 5503 αῖά-
946 5484 966 5503 .
1337 5493 1350 5503 .
1463 5495 1476 5503 .

747 5415 869 5503 cod.
946 5484 966 5503 '
1337 5493 1350 5503 -
1463 5495 1476 5503 _
1888 5432 2340 5503 (5)Κατέχοντες.

235 5477 921 5575 ἔτ’.⁸ξξ.ιξ¹.ῖξῑξιεέφῖνάῖφο
946 5484 1005 5575 ιη
1047 5493 1373 5575 mars-we
1414 5495 1701 5575 adnotatur

1572 5504 1701 5575 ,atur
1880 5477 1958 5566 at),
1986 5477 2193 5555 Νεωσίξί
2229 5477 2373 5557 deest
2400 5525 2411 5557 :
2446 5503 2604 5575 paulo
2640 5515 2755 5572 post
2784 5501 3190 5575 νεκρωσαντων.

141 5545 406 5642 ἱζζᾶλλοις
428 5545 1004 5642 τῷέθανᾴτιξηθίιιυο
1026 5545 1264 5642 αρρεῖςι,
1291 5545 1432 5642 quod
1452 5569 1698 5633 superius
1878 5545 1956 5642 Si
1993 5545 2330 5641 Εὐῖογήσατξ
2362 5545 2706 5642 τὸνγΚύριξι,

141 5624 304 5712 etiam
333 5624 543 5680 monui,
572 5624 706 5676 tanti
736 5624 1076 5706 luisse—swe:
1098 5624 1153 5711 ix
1202 5624 1340 5686 hanc
1379 5624 1700 5703 interpreta-

1876 5624 2202 5712 Κύριοςί
2243 5653 2369 5712 etc”
2407 5624 2706 5709 δοξάζεται,
2754 5656 2882 5710 elc.;
2937 5645 3027 5700 sed
3083 5647 3186 5699 mel
3249 5644 3361 5702 Κό..

145 5687 370 5778 tionem',
401 5703 497 5769 seu
530 5697 999 5778 commentarium,
1026 5709 1081 5751 ut
1103 5701 1210 5778 jam
1240 5703 1388 5769 plura
1421 5687 1697 5761 exsiareut

756 5697 999 5774 ita-rium,
1026 5701 1210 5778 utqu
1240 5703 1388 5778 plura
1421 5687 1697 5761 exsiareut
1807 5687 1962 5778 ριδνί
2005 5750 2019 5763 .
2111 5687 2374 5778 δοξάζετεῖ

143 5758 493 5827 exemplaria,
514 5761 710 5830 quibus
739 5766 965 5835 scriptor
990 5758 1160 5825 nostri
1193 5758 1392 5828 codicis
1427 5789 1557 5831 usus
1592 5758 1674 5831 est
