4056 6318
697 361 798 416 919
1549 369 1603 422 S.
1651 368 2026 424 ATllANASll
2067 369 2216 426 ΟΡΡ.
2259 372 2440 427 PARS
2480 371 2565 426 Ill.
2607 402 2677 410 —
2712 369 3122 426 EXEGETICA.
3848 368 3943 424 920

767 478 854 536 62.
889 481 1168 552 Principes
1201 483 1440 539 Zabulon
1459 530 1473 550 ,
2304 499 2350 554 Α

2304 499 2350 554 Α
2449 492 2538 546 62.
2566 494 2860 563 ’Ἄρχοντες
2891 486 3195 552 Ζαϐουλὼν,

767 573 858 628 65.
901 574 1183 647 Principes
1217 577 1523 646 Nephtliali.

2449 585 2536 639 63.
2579 586 2869 656 ’Ἄρχοντες
2899 568 3238 649 Νεφθαλεῖμ.

768 668 856 722 64.
893 667 1110 736 Manda,
1141 670 1303 732 Deus,
1329 672 1514 726 virtuti
1550 683 1654 727 ιυιε
1681 693 1693 727 :

2446 674 2534 728 66.
2571 673 2864 734 Ἐντειλαι,
2893 672 2922 724 ὁ
2949 670 3101 732 Θεὸς,
3133 671 3199 739 τῇ
3227 667 3454 738 δυνάμει
3491 683 3579 719 σου

765 759 853 813 65.
887 760 1163 816 Conﬁrma
1216 763 1317 818 hoc
1338 804 1353 827 ,
1408 763 1585 830 Deus,
1638 768 1784 835 quod
1835 777 2094 837 operatus
2124 783 2184 824 es
2217 769 2271 824 in

2447 766 2536 822 65.
2569 765 2917 834 Δυνὰμωσον,
2951 763 2979 814 ὁ
3005 762 3156 825 Θεὸς,
3190 759 3381 822 τοῦτο,
3430 760 3458 812 δ
3514 762 3844 830 κατηργάσω
3885 761 3938 814 ἐν

699 852 878 906 nobis.

2375 863 2408 932 ἡ
2416 862 2524 931 μῖν.

766 943 853 999 66.
881 945 925 997 Α
955 947 1154 1016 templo
1179 956 1272 1002 tuo
1304 949 1356 1002 in
1395 947 1730 1004 Hierusalem
1753 991 1768 1014 ,

2445 951 2535 1006 66.
2586 951 2718 1004 Ἀπὸ
2748 951 2841 1003 τοῦ
2868 950 2996 1002 ναοῦ
3028 963 3122 999 σου
3148 946 3241 997 ἐπὶ
3281 943 3649 1014 Ἰερουσαλὴμ,

767 1037 852 1092 67.
892 1039 1012 1093 Tibi
1046 1039 1274 1094 oll'erent
1298 1057 1454 1111 reges
1486 1058 1736 1097 munera.

2451 1042 2542 1096 67.
2567 1044 2657 1095 Σοὶ
2687 1042 2893 1096 οἴσουσι
2924 1039 3160 1110 βασιλεῖς
3184 1035 3350 1107 δῶρα.

769 1133 857 1187 68.
895 1135 1114 1204 Increpa
1151 1135 1295 1191 feras
1331 1137 1660 1192 arundinis:

2445 1139 2532 1193 68.
2570 1139 2920 1209 Ἐπιτίμησον
2945 1138 3052 1198 τοῖς
3093 1133 3300 1205 Θηρίοις
3329 1130 3421 1184 τοῦ
3454 1131 3733 1202 καλάμου·

771 1227 859 1282 69.
891 1228 1255 1299 Congregatio
1285 1240 1570 1285 taurorum
1602 1233 1654 1285 in
1688 1231 1870 1289 vaccis
1899 1233 2226 1303 populorum
2257 1254 2268 1288 :

2451 1232 2543 1286 69.
2583 1231 2646 1283 'H
2681 1227 2972 1300 συναγωγὴ
3012 1226 3122 1280 τῶν
3161 1223 3378 1295 ταύρων
3422 1225 3482 1277 ἐν
3527 1227 3642 1289 ταῖς
3683 1224 3931 1295 δαμωιι

2378 1343 2486 1376 των
2514 1337 2656 1376 Ααων
2685 1340 2698 1353 ⁶

775 1411 862 1466 70.
899 1409 968 1467 Ut
994 1413 1352 1468 excludantur
1379 1415 1453 1481 ii,
1488 1416 1579 1486 qui
1612 1417 1824 1487 probati
1869 1427 1998 1474 sunt
2024 1428 2268 1488 argento.

2450 1415 2539 1469 70.
2577 1413 2684 1466 Τοῦ
2735 1413 3111 1484 ἐγκλεισθῆναι
3152 1409 3280 1473 τοὺς
3331 1408 3820 1478 δεδοκιμασμένους
3867 1410 3933 1479 τῷ

2375 1507 2643 1579 ἀργυρίῳ.

777 1596 862 1651 71.
896 1596 1107 1667 Dissipa
1138 1609 1325 1668 gentes
1354 1615 1475 1669 qua:
1506 1599 1645 1654 bella
1687 1602 1875 1656 volunt
1904 1620 1915 1654 :

2451 1600 2537 1653 71.
2572 1599 2969 1670 Διασκόρπισον
3003 1595 3129 1667 ἔθνη
3155 1595 3223 1648 τὰ
3250 1598 3376 1656 τοὺς
3404 1595 3672 1666 πολέμους
3706 1595 3927 1648 θέλοντα.

771 1688 859 1742 72.
898 1689 1128 1744 Venient
1157 1692 1318 1761 legati
1341 1708 1406 1746 ex
1436 1691 1672 1763 IEgypto
1699 1711 1711 1746 ι

2445 1693 2534 1747 72.
2566 1691 2794 1757 Ἥξουσι
2820 1689 3077 1762 πρέσϐεις
3106 1686 3165 1753 ἐξ
3193 1687 3470 1757 Αἰγύπτου
3492 1705 3504 1717 ·

771 1781 857 1834 ’5.
895 1781 1173 1852 ᾹΣιΙιίορὶα
1208 1785 1502 1853 praeveniet
1522 1801 1718 1840 manus
1751 1786 1871 1855 ejus
1901 1783 2035 1840 Deo.
2308 1844 2346 1855 _

2308 1844 2346 1855 _
2451 1785 2540 1838 75.
2579 1783 2832 1837 Αἰθιοπία
2865 1782 3166 1853 προφθάσει
3199 1783 3357 1852 χεῖρα
3383 1781 3555 1849 αὐτῆς
3589 1779 3665 1849 τῷ
3691 1779 3827 1849 Θεῷ.

776 1871 860 1925 τι.
895 1871 1077 1941 Regna
1109 1882 1265 1928 terra:
1292 1883 1506 1930 cantate
1540 1872 1668 1939 Deo,
1704 1844 1919 1944 psallite
1951 1873 2200 1929 Domino.
2308 1844 2349 1901 Β

2326 1844 2349 1901 3
2447 1877 2534 1931 74.
2573 1878 2637 1929 Αἰ
2663 1844 2930 1945 βασιλεῖαι
2956 1844 3054 1944 τῆς
3090 1844 3416 1944 ᾅσατε
3448 1844 3528 1943 τῷ
3567 1844 3709 1941 Θεῷ,
3740 1844 3928 1939 ψαλατε

2375 1968 2454 2038 τῷ
2482 1966 2691 2038 Κυρίῳ,

775 2056 861 2109 75.
892 2055 996 2122 Qui
1025 2058 1271 2112 ascendit
1295 2072 1459 2127 super
1490 2058 1690 2112 coelum
1727 2059 1849 2114 caali
1888 2059 1954 2113 ad
1986 2059 2271 2114 orientem.

2447 2059 2536 2112 75.
2561 2057 2652 2128 Τῷ
2682 2056 3034 2128 ἐπιϐεϐηκότι
3075 2057 3169 2110 ἐπὶ
3200 2057 3291 2110 τὸν
3323 2056 3551 2127 οὐρανὸν
3584 2056 3676 2109 τοῦ
3723 2056 3929 2128 ούρανοῦ

2378 2151 2517 2205 κατὰ
2543 2151 2823 2214 ἀνατολάς.

775 2239 861 2293 76.
895 2239 1032 2295 Ecce
1063 2241 1215 2294 dabit
1245 2242 1362 2297 voci
1396 2258 1508 2298 sua:
1545 2257 1727 2298 vocem
1755 2244 1991 2299 virtutis.

2449 2244 2535 2296 76.
2584 2243 2716 2296 Ἰδοὺ
2742 2241 2899 2295 δώσει
2927 2246 2993 2314 τῇ
3023 2245 3174 2315 φωνῇ
3203 2243 3368 2297 αὑτοῦ
3395 2243 3577 2314 φωνὴν
3604 2243 3889 2312 δυνάμεως.

771 2333 859 2385 77.
890 2333 1022 2388 Date
1050 2335 1274 2404 gloriam
1307 2335 1418 2390 Deo
1450 2352 1465 2390 :

2450 2333 2537 2386 77.
2570 2334 2698 2386 Δότε
2726 2332 2880 2398 δόξαν
2909 2332 2986 2401 τῷ
3007 2332 3143 2402 Θεῷ·

776 2425 860 2478 78.
901 2425 1073 2495 Super
1098 2426 1264 2482 Israel
1291 2429 1691 2498 magniﬁcentia
1722 2429 1841 2498 ejus
1873 2449 1884 2482 :

2454 2424 2537 2479 78.
2585 2426 2706 2478 Ἐπὶ
2733 2425 2826 2477 τὸν
2867 2423 3081 2494 Ἰσραὴλ
3101 2425 3134 2492 ἡ
3167 2424 3611 2496 μεγαλοπρέπεια
3642 2423 3834 2477 αὑτοῦ·

772 2517 856 2570 79.
891 2515 955 2570 Et
981 2517 1152 2572 virtus
1171 2516 1296 2586 ejus
1323 2519 1374 2570 in
1409 2519 1667 2572 nubibus.

2453 2517 2536 2572 79.
2572 2519 2680 2570 Καὶ
2709 2521 2740 2588 ἡ
2766 2517 2991 2587 δύναμις
3024 2516 3188 2568 αύτοῦ
3216 2517 3272 2566 ἐν
3297 2521 3414 2579 ταῖς
3444 2517 3717 2586 νεφέλαις.

774 2610 861 2663 80.
897 2609 1162 2666 Μὶτιώἰιὶς
1197 2609 1340 2666 Deus
1375 2611 1430 2664 in
1459 2613 1662 2666 sanctis
1687 2612 1804 2667 suis
1834 2631 1846 2664 :

2450 2609 2536 2663 80.
2560 2607 2880 2678 Θαυμαστὸς
2907 2610 2934 2660 ὁ
2960 2606 3090 2670 Θεὸς
3123 2609 3180 2659 ἐν
3213 2609 3324 2670 τοῖς
3349 2608 3524 2675 ἁγίοις
3556 2607 3741 2660 αὑτοῦ.

1831 2722 2204 2780 ATHANASII
2244 2719 2822 2778 INTERPRETATIO.

773 2819 862 2887 69.,
896 2821 984 2875 63.
1008 2819 1111 2889 Ipsi
1135 2822 1389 2892 apostoli,
1417 2823 1677 2892 quoniam
1706 2833 1862 2878 erant
1891 2838 1960 2880 ex
1995 2825 2139 2879 tribu
2175 2825 2275 2877 Za-

2449 2816 2539 2880 62,
2575 2816 2662 2871 65.
2690 2817 2752 2869 Οἱ
2786 2817 2938 2868 αὐτοὶ
2964 2814 3269 2876 ἀπόστολοι,
3305 2812 3490 2882 ἐπειδὴ
3535 2813 3600 2864 ἐκ
3634 2811 3733 2879 τῆς
3779 2809 3923 2878 φυλῆς

705 2906 890 2972 bulnn,
922 2918 973 2961 et
1005 2903 1373 2976 Neplithalim.

2381 2907 2666 2963 Ζαϐουλὼν
2694 2909 2787 2961 καὶ
2807 2905 3122 2976 Νεφθαλεὶμ
3153 2900 3310 2975 ἦσαν.

897 2998 1097 3094 gratiae
1123 3008 1250 3055 tuae.
2301 3037 2342 3094 ϐ

2301 3037 2342 3094 c
2448 3002 2535 3056 64.
2565 3001 2643 3071 Τῇ
2674 3000 2854 3071 χάριτί
2881 3017 2994 3052 σου.

777 3093 863 3146 65.
901 3091 1086 3146 Fidem
1117 3102 1287 3147 tuam.
2311 3091 2335 3094 ⁷

2311 3091 2335 3094 ⁷
2445 3092 2534 3147 65.
2576 3091 2686 3162 Τὴν
2711 3092 2891 3144 πίστιν
2917 3109 3028 3144 σου.

778 3186 875 3247 66,
909 3184 995 3239 67.
1025 3184 1099 3240 Ex
1134 3187 1314 3242 anima
1344 3195 1399 3242 et
1431 3202 1660 3256 corpore
1710 3187 1934 3242 aﬂ'erent
1972 3188 2065 3241 tibi
2107 3201 2272 3256 opera

2446 3189 2533 3254 66,
2571 3189 2658 3243 67.
2677 3190 2771 3242 Ἐκ
2797 3189 2896 3257 τῆς
2927 3188 3104 3259 ψυχῆς
3132 3189 3225 3241 καὶ
3250 3188 3342 3242 τοῦ
3383 3185 3634 3258 σώματος
3662 3187 3746 3238 σοὶ
3786 3199 3931 3254 προσ-

707 3280 889 3334 tideles
913 3281 1045 3349 justi
1079 3281 1132 3334 in
1167 3297 1404 3351 superna
1434 3281 1794 3343 Hierusalem.

2376 3282 2660 3349 αγᾰγωσιν
2694 3279 2830 3352 ἔργα
2863 3281 3062 3334 δίκαιοι
3121 3280 3300 3333 πιστοὶ
3332 3282 3389 3332 ἐν
3412 3282 3478 3349 τῇ
3517 3279 3630 3332 ἄνω
3678 3280 3928 3349 Ἰερουσα-

2377 3373 2509 3446 λήμ.

769 3467 858 3520 68.
889 3467 1191 3533 Daemones,
1215 3476 1270 3523 et
1301 3466 1537 3522 Judaeos.

2447 3465 2537 3523 68.
2567 3468 2693 3530 Τοῖς
2719 3465 2934 3537 δαίμοσι
2962 3466 3055 3520 καὶ
3080 3468 3190 3530 τοῖς
3226 3465 3516 3529 Ἰουδαίοις.

780 3559 870 3613 69.
905 3556 1219 3629 Principes,
1259 3569 1312 3614 et
1341 3559 1532 3614 scribae
1565 3556 1894 3612 Judaaorum.

2449 3558 2536 3611 69.
2565 3559 2628 3610 Οί
2656 3557 2915 3629 ἄρχοντες
2945 3557 3037 3610 καὶ
3058 3559 3107 3610 οἱ
3127 3560 3474 3629 γραμματεῖς
3503 3556 3612 3609 τῶν
3661 3555 3931 3608 Ἰουδαίων.

784 3650 867 3701 70.
901 3649 1132 3715 Quando
1162 3650 1516 3720 conjecerunt
1543 3650 1596 3703 in
1631 3664 1904 3704 carcerem
1942 3649 2043 3718 ipsi
2081 3647 2274 3714 Judazi,

2444 3653 2531 3706 70.
2572 3652 2697 3704 Ὅτε
2755 3652 3064 3706 ἐνέκλεισαν
3113 3654 3192 3715 είς
3248 3649 3492 3721 φυλακὴν
3548 3651 3599 3703 οἱ
3638 3643 3795 3702 α’ύτοὶ
3823 3651 3934 3702 Ἰου-

709 3754 757 3795 et
819 3742 1076 3798 Pharisaei
1132 3745 1454 3822 apostolos)
1512 3741 1972 3813 quemadmodum
2021 3740 2075 3793 in
2129 3740 2278 3793 Actis

2378 3745 2516 3797 δαῖοι
2550 3745 2643 3797 καὶ
2692 3746 2980 3816 Φαρισαῖοι
3025 3746 3151 3807 τοὺς
3194 3743 3524 3805 ἀποστόλους
3567 3742 3711 3813 [ὡς]
3750 3746 3808 3795 ἐν
3833 3744 3934 3803 ταῖς

710 3847 966 3891 narratur
993 3837 1037 3868 "
1066 3857 1077 3890 :
1104 3838 1230 3907 quia
1260 3837 1624 3907 loquebantur
1653 3835 1879 3890 verbum
1918 3831 2034 3887 Dei.

2381 3835 2621 3906 Πρὰξεσι
2643 3853 2658 3867 ο
2687 3836 2777 3890 διὰ
2803 3837 2854 3888 τί
2892 3833 3103 3907 [διότι]
3137 3834 3360 3904 ἐλάλουν
3390 3834 3480 3887 τόν
3510 3834 3668 3902 λόγον
3717 3835 3797 3905 τῷ
3835 3835 3935 3903 Θεῷ

2421 3927 2513 3980 τοῦ
2535 3926 2704 3981 Θεοῦ]
2745 3927 2845 3981 (ll.

789 4017 1134 4087 7|.Populos
1191 4015 1502 4070 Judazorum
1557 4015 1800 4070 volentes
1841 4011 2166 4080 voluptates,
2225 4018 2281 4066 et
2383 3926 2391 3999 Ι

2383 3926 2513 3999 [τοῦ
2535 3925 2704 4000 Θεοῦ]
2745 3927 2845 3998 (1).

2451 4018 2538 4070 71.
2573 4018 2712 4080 Τοὺς
2755 4017 2958 4089 δήμους
2985 4035 3094 4071 των
3137 4019 3406 4071 Ἰουδαίων
3441 4019 3567 4080 τοὺς
3615 4017 3717 4081 τὰς
3765 4019 3933 4089 ἡδονὰς

711 4109 1179 4180 concupiscentias
1211 4110 1352 4163 vitae.

2383 4111 2474 4162 καὶ
2493 4109 2591 4171 τὰς
2621 4109 2916 4180 ἐπιθυμίας
2942 4110 3035 4163 τοῦ
3061 4110 3176 4180 βίου
3204 4110 3473 4173 θέλοντας.

790 4204 876 4257 τε.
909 4202 1140 4257 Venient
1170 4203 1398 4258 apostoli
1434 4218 1464 4256 e
1504 4216 1723 4256 carcere
1750 4201 2032 4269 loquentes
2057 4199 2281 4250 verbum

2453 4203 2542 4256 7‘2.
2579 4204 2640 4256 Ol
2679 4203 2965 4255 ἀπόστολοι
3004 4203 3314 4256 ἐλεύσονται
3341 4206 3404 4257 ἐκ
3425 4203 3526 4272 τῆς
3557 4204 3828 4275 φυλακῆς,
3852 4205 3928 4256 λα-

713 4300 768 4354 in
804 4297 1022 4366 templo.

2383 4294 2601 4357 λοῦντες
2635 4295 2725 4347 τὸν
2750 4293 2905 4362 λόγον
2932 4297 2988 4348 ἐν
3014 4294 3090 4365 τῷ
3112 4294 3261 4366 ἱερῷ.

817 4389 870 4443 5.
901 4385 1071 4440 Judaei
1096 4425 1111 4450 ,
1151 4385 1242 4456 qui
1276 4383 1622 4440 crediderunt
1654 4382 1708 4436 in
1747 4381 1838 4436 illa
1863 4381 1948 4435 die
1973 4381 2277 4436 animarum
2311 4377 2355 4432 D

2328 4377 2355 4432 ὖ
2451 4387 2542 4440 75.
2569 4387 2631 4439 Ol
2667 4387 3088 4451 πεπιστευκότες
3124 4388 3361 4441 Ἰουδαῖοι
3387 4391 3444 4442 ἐν
3460 4392 3525 4460 τῇ
3561 4389 3746 4460 ἡμέρᾳ
3771 4389 3930 4458 ἐκείνῃ

713 4483 868 4550 quasi
897 4481 1133 4549 quinque
1167 4479 1334 4532 millia
1368 4476 1434 4532 ⁸³.

2384 4478 2553 4549 ψυχαὶ
2581 4479 2711 4532 ὡσεὶ
2747 4480 3193 4551 πεντακισχίλιαι.

787 4575 874 4627 74.
906 4572 1150 4641 Apostoli
1182 4579 1389 4626 stantes
1419 4570 1475 4624 in
1516 4570 1720 4641 templo
1753 4566 2041 4640 loquimini
2079 4565 2284 4638 populo

2455 4570 2539 4625 74.
2567 4572 2630 4623 Ol
2654 4571 2940 4625 ἀπόστολοι
2978 4571 3263 4636 σταθέντες
3286 4572 3345 4627 ἐν
3371 4572 3447 4644 τῷ
3465 4571 3616 4644 ἱερῷ,
3643 4573 3845 4626 λαλεῖτε
3867 4572 3928 4642 τῷ

713 4668 874 4724 γεῑὺι
904 4665 1024 4720 vita:
1051 4664 1235 4734 hujus.

2383 4664 2495 4734 λαῷ
2523 4664 2590 4717 τὰ
2615 4665 2836 4734 ῥήματα
2860 4666 2960 4734 τῆς
2993 4665 3138 4735 ζωῆς
3169 4665 3396 4736 ταύτης.

783 4761 866 4814 73.
905 4759 1007 4825 Qui
1036 4767 1352 4828 assumptus
1374 4766 1456 4812 est
1485 4771 1651 4827 super
1682 4754 1868 4810 caelos.

2454 4755 2543 4810 75.
2576 4757 2665 4826 Τῷ
2698 4757 3055 4830 ἀναληφθέντι
3090 4758 3341 4831 ὑπεράνω
3362 4757 3470 4812 τῷν
3488 4759 3752 4831 οὐρανῶν.
3820 4817 3825 4825 _

788 4852 874 4906 76.
911 4851 1182 4920 Apostolis
1212 4850 1654 4919 praedicationem
1685 4848 1823 4906 eius.

2447 4847 2537 4902 76.
2575 4849 2699 4912 Τοῖς
2725 4850 3041 4913 ἀποστόλοις
3062 4849 3123 4904 τὸ
3156 4851 3414 4923 κήρυγμα
3444 4851 3628 4907 αὐτοῦ.

786 4945 870 4998 77.
907 4941 1200 5014 Unigenito
1225 4943 1316 4997 Dei
1342 4940 1500 4996 Filio.

2458 4943 2542 4995 77.
2577 4942 2667 5013 Τῷ
2701 4947 2979 5013 μονογενεῖ
3007 4943 3120 5013 Υἰῷ
3148 4943 3241 4998 τοῦ
3267 4942 3423 5000 Θεοῦ.

782 5033 874 5092 78.
905 5034 1092 5090 Gratia
1125 5049 1222 5091 sua
1251 5049 1414 5104 super
1439 5049 1567 5096 eos,
1597 5035 1687 5102 qui
1724 5040 1902 5086 mente
1927 5047 2054 5086 eum
2079 5031 2283 5086 vident.

2453 5036 2542 5090 78.
2592 5037 2655 5088 'H
2687 5036 2844 5107 χάρις
2890 5037 3052 5098 αὐτοῦ
3103 5039 3196 5091 ἐπὶ
3241 5039 3368 5101 τοὺς
3409 5037 3652 5106 ὁρῶντας
3695 5036 3917 5108 αὐτὸντῇ

2385 5126 2611 5181 διανοία.

784 5214 874 5271 79.
910 5214 977 5270 Et
1001 5225 1222 5271 sanctus
1248 5214 1368 5285 ejus
1399 5213 1636 5285 Spiritus
1672 5215 1727 5268 in
1759 5213 2044 5284 apostolis.

2462 5217 2546 5272 79.
2577 5219 2685 5272 Καὶ
2730 5218 2791 5272 τὸ
2829 5217 3050 5288 Πνεῦμα
3093 5218 3156 5274 τὸ
3197 5218 3350 5287 ἅγιον
3381 5218 3546 5273 αὑτοῦ
3579 5222 3639 5273 ἐν
3670 5222 3770 5284 τοῖς
3813 5221 3911 5274 ἐς)

2391 5309 2614 5372 στόλοις.

786 5395 876 5451 80.
904 5395 1252 5449 Gloriticatur
1282 5394 1427 5448 Deus
1468 5397 1524 5446 in
1559 5393 1762 5447 sanctis
1793 5411 1928 5449 suis.

2467 5400 2555 5455 80.
2595 5400 2885 5465 Δοξάζεται
2907 5405 2934 5456 ὁ
2961 5401 3183 5474 Θεδςξέν
3209 5404 3322 5468 τοῖς
3343 5402 3521 5472 ἁγίοις
3541 5401 3723 5457 αὑτοῦ.

787 5513 828 5548 ³)
854 5512 971 5566 Act.
1006 5525 1079 5574 iv,
1111 5510 1164 5564 ὅ.
1241 5509 1285 5540 ⁸³
1314 5508 1436 5562 Act.
1473 5522 1531 5572 ιι,
1559 5507 1622 5561 41
1654 5526 1666 5570 ;
1698 5523 1768 5573 iv,
1798 5509 1850 5561 4.

1663 5624 1968 5687 Addenda
2007 5631 2066 5685 et
2093 5625 2473 5705 corrigenda
2503 5646 2580 5690 ex
2625 5631 2766 5693 cod.
2802 5632 3004 5693 V’atic.

749 5747 865 5876 αα)
901 5750 961 5832 9|
1010 5751 1161 5806 αὐτοὶ
1208 5751 1489 5822 Φαρισαῖοι
1537 5753 1659 5814 τοὺς
1693 5750 2023 5813 ἀποστόλους
2065 5753 2119 5804 ἐν
2167 5754 2284 5813 ταῖς
2326 5751 2598 5823 Πράξεσιν
2629 5757 2714 5812 διὰ
2749 5757 2800 5810 τί
2847 5757 3067 5813 ἐλάλουν
3105 5756 3184 5833 τῷ
3223 5755 3364 5828 λόγῳ
3400 5757 3532 5830 (leg.
3570 5757 3660 5812 τὸν
3693 5755 3852 5826 λόγοι)

767 5843 791 5876 _|
827 5838 953 5876 [.10).

715 5837 791 5891 τῳ
827 5838 953 5891 Λαίς),
