4056 6318
65 368 170 424 921
978 373 1066 428 DE
1104 373 1378 430 TlTULIS
1418 377 1865 440 PSALMORUM.
1907 419 1974 429 —
2007 387 2203 442 PSAL.
2255 388 2484 446 LXVIII.
3243 397 3346 451 922

145 489 243 543 SI.
287 491 360 544 ὐ
378 491 506 554 Θεὸς
542 491 756 564 Ἰσραήλ
776 490 968 554 ἀὐτὸς
991 488 1149 542 δώσει
1178 486 1406 562 δύναμιν
1433 497 1524 548 καὶ
1549 514 1675 569 κρα-
1705 509 1747 561 Α

1717 509 1750 561 Α
1848 501 1937 555 81.
1975 501 2120 557 Deus
2154 503 2353 570 Israel;
2390 506 2505 576 ipse
2532 505 2683 561 dabit
2713 506 2989 586 virtutem,
3037 521 3090 565 et
3135 511 3319 570 fortitu

66 581 323 633 ταίωσιν
355 583 432 652 τῷ
462 581 574 651 λαῷ
605 583 789 636 αὑτοῦ.

699 583 789 635 :05.
1779 591 1957 645 dinem
1988 592 2128 660 plebi
2158 609 2268 648 suae
2291 613 2301 647 :

145 671 249 726 82.
296 672 611 742 Εὐλογητὸς
637 674 664 724 ὁ
696 672 846 735 Θεός.

1852 683 1941 737 82.
1973 682 2300 740 Benedictus
2333 685 2491 742 Deus.

69 769 184 833 Εις
221 769 296 821 τὸ
339 769 534 834 τέλος,
559 769 712 836 ὑπὲρ
742 767 858 821 τῶν
890 768 1489 837 ἀλλοιωθησομένων,
1525 773 1671 838 ψαλ-

1835 772 1901 827 In
1933 776 2092 844 ﬁnem
2118 817 2132 840 ,
2173 794 2271 846 pro
2311 779 2378 831 iis
2411 779 2500 841 qui
2545 780 3029 850 committebantur,
3073 788 3303 854 psalmus

476 862 593 930 μύς
630 861 708 925 τῷ
747 862 942 917 Δαϐἰδ.
983 865 1154 915 ΨΑΛ.
1189 862 1313 915 EH'.

2199 867 2396 925 David.
2431 867 2631 928 PSAL.
2673 870 2770 926 LX
2787 870 2948 928 VIII.

153 952 212 1007 1.
249 953 450 1008 Σῶσόν
479 969 569 1024 με,
597 953 626 1005 ὁ
645 952 795 1018 Θεὸς,
818 954 899 1006 ὃτι
927 953 1242 1024 είσήλθοσαν
1269 954 1433 1007 ὓδατα
1455 952 1557 1016 ἓως
1579 953 1678 1022 ψυ-

1857 958 1908 1012 l.
1951 955 2170 1012 Salvum
2209 976 2294 1015 me
2343 961 2462 1026 fac,
2508 962 2681 1031 Deus,
2731 968 2986 1036 quoniam
3020 971 3349 1026 intraverunt

67 1042 184 1113 χῆς
229 1059 370 1113 μου.

1783 1062 1937 1114 aqua:
1965 1065 2140 1119 usque
2170 1054 2235 1106 ad
2267 1054 2501 1109 animam
2538 1071 2733 1111 meam.

147 1136 212 1188 2.
271 1135 586 1207 Ἐνεπάγην
620 1138 700 1200 είς
731 1136 844 1190 ἰλὺν
883 1135 1068 1206 βυθοῦ,
1102 1137 1197 1189 καὶ
1223 1136 1324 1188 οὐκ
1362 1135 1510 1188 ἐστιν
1555 1135 1684 1188 ὑπό-

1851 1139 1904 1194 2.
1941 1141 2149 1198 Inlixus
2187 1160 2308 1198 sum
2341 1147 2394 1199 in
2437 1147 2568 1201 limo
2593 1149 2871 1218 profundi,
2899 1159 2950 1204 et
2974 1167 3082 1205 non
3111 1163 3193 1207 est
3225 1154 3351 1208 sub-

75 1242 321 1290 στασις.

1783 1233 2001 1285 stantia.

156 1322 216 1375 5.
263 1319 478 1376 Ἶιλθον
501 1324 582 1384 είς
612 1323 683 1377 τὰ
722 1323 860 1394 βάθη
888 1323 988 1393 τῆς
1022 1323 1320 1394 θαλάσσης,
1359 1324 1452 1377 καὶ
1498 1339 1683 1376 καται-

1857 1325 1908 1378 5.
1950 1323 2084 1380 Veni
2119 1327 2173 1381 in
2211 1328 2554 1384 altitudinem
2612 1333 2800 1397 maris,
2840 1346 2891 1388 et
2941 1346 3232 1408 tempestas
3260 1338 3353 1394 de-

74 1415 172 1480 γὶς
207 1415 583 1468 κατεπόντισέ
617 1433 704 1486 με.

506 1415 583 1468 ισέ
617 1433 704 1486 με.
1787 1418 1974 1471 mersit
2006 1434 2108 1474 me.

150 1504 212 1558 4.
263 1507 570 1560 Ἐκοπὶασα
602 1507 839 1578 κράζων,
871 1507 1234 1579 ὲὸραγχίασεν
1265 1511 1294 1562 ὁ
1323 1509 1528 1578 λαρυγξ
1558 1525 1682 1578 μου.

1856 1511 1910 1564 4.
1953 1510 2220 1566 Laboravi
2257 1514 2521 1582 clamans,
2578 1532 2756 1572 rauca:
2804 1517 2958 1574 facta:
3001 1529 3128 1574 sunt
3171 1520 3354 1578 fauces

1785 1615 1935 1654 ηιεεε.

156 1686 217 1740 5.
273 1686 561 1753 Ἐξέλιπον
588 1690 636 1740 οἱ
663 1687 927 1758 ὀφθαλμοί
966 1704 1068 1758 μου
1093 1687 1200 1741 άπὸ
1223 1686 1317 1740 τοῦ
1343 1687 1580 1752 ἐλπίζειν
1615 1706 1680 1758 με

1861 1693 1914 1746 5.
1949 1685 2273 1748 Defecerunt
2326 1695 2468 1749 oculi
2528 1695 2656 1760 mei,
2709 1697 2837 1751 dum
2881 1713 3037 1766 spero
3083 1700 3136 1754 in
3184 1700 3351 1756 Deum

78 1779 180 1831 ὸπὶ
204 1779 312 1832 τὸν
334 1779 468 1833 Θεόν
494 1799 615 1851 μου.

387 1781 468 1833 εόν
494 1799 615 1851 μου.
1715 1845 1744 1851 ι
1785 1791 1989 1832 meum.

160 1873 220 1925 6.
272 1845 721 1945 Ἐπληθύνθησαν
754 1873 897 1944 ὑπὲρ
928 1873 1026 1938 τὰς
1065 1873 1258 1945 τρίχας
1305 1874 1403 1944 τῆς
1444 1872 1683 1942 κεφαλῆς
1715 1845 1754 1901 Β

1745 1851 1754 1899 ⁸
1863 1871 1917 1923 6.
1951 1869 2316 1940 Multiplicata:
2351 1882 2478 1926 sunt
2509 1887 2676 1942 super
2705 1875 2926 1944 capillos
2974 1877 3164 1946 capitis
3220 1893 3347 1942 met,

85 1979 199 2031 μου
237 1965 296 2017 oi
335 1965 616 2035 μισοῦντές
652 1982 717 2034 με
749 1965 978 2036 δωρεάν.

879 1967 978 2020 ιάν.
1789 1962 1880 2030 qui
1915 1962 2147 2016 oderunt
2182 1979 2267 2016 me
2298 1962 2481 2032 gratis.

163 2055 223 2110 7.
279 2055 758 2127 Ἐκραταιὼθησαν
793 2058 841 2109 οἱ
885 2055 1068 2127 ἐχθροί
1095 2073 1218 2127 μου,
1250 2057 1299 2108 οί
1333 2053 1684 2120 ὲκδιὼκοντές

1862 2052 1912 2106 7.
1951 2052 2255 2108 Confortali
2305 2063 2454 2120 sunt,
2513 2056 2605 2125 qui
2657 2058 2925 2126 persecuti
2953 2066 3081 2112 sunt
3112 2073 3218 2125 me,
3252 2058 3353 2112 inl-

88 2163 163 2216 με
188 2147 405 2210 ἀδίκως
427 2187 442 2202 .

1789 2144 1914 2197 mici
1947 2144 2052 2197 mei
2084 2145 2283 2214 injuste
2313 2163 2327 2200 :

163 2240 226 2296 8.
264 2241 336 2292 Ἀ
358 2243 455 2310 οὐχ
482 2242 745 2311 ἥρπαζον,
775 2239 895 2291 τότε
921 2238 1260 2292 άπετίννυον.

1859 2237 1912 2289 8.
1947 2235 2076 2301 Qua:
2099 2253 2204 2290 non
2234 2239 2410 2306 rapui,
2446 2251 2576 2293 tunc
2605 2239 2952 2294 exsolvebam

165 2331 225 2384 9.
272 2333 333 2384 '0
358 2333 508 2395 Θεὸς,
535 2333 598 2384 σὺ
632 2331 801 2399 ἔγνως
830 2331 925 2401 τὴν
948 2331 1259 2402 ἀφροσύνην
1295 2347 1418 2400 μου,

1365 2347 1418 2392 υ,
1859 2329 1914 2382 9.
1956 2328 2114 2395 Deus,
2149 2341 2202 2384 tu
2232 2332 2339 2386 scis
2372 2332 2735 2401 insipientiam
2767 2349 2964 2398 meam,

167 2424 270 2478 10.
307 2425 415 2476 Καὶ
436 2427 489 2477 αἱ
522 2423 892 2494 πλημμέλειαι
924 2441 1024 2494 μου
1055 2423 1162 2476 άπὸ
1187 2422 1280 2475 σοῦ
1311 2424 1410 2474 οὐκ
1441 2423 1682 2492 ἁπεκρύο

1607 2423 1682 2473 ›ύσ
1860 2420 1944 2473 10.
1979 2419 2043 2474 Et
2066 2422 2262 2476 delicta
2291 2439 2406 2478 mea
2435 2440 2462 2478 a
2491 2435 2541 2479 te
2574 2441 2682 2478 non
2713 2435 2840 2479 sunt
2871 2424 3209 2480 abscondita.

90 2514 310 2568 ϐησαν.

127 2530 310 2586 ησαν.

173 2609 270 2662 11.
306 2609 394 2678 Μὴ
426 2607 840 2677 αἰσχυνθείησαν
866 2607 953 2658 ἐπ’
980 2605 1077 2675 ἐμὲ
1120 2607 1166 2657 οἱ
1197 2606 1558 2676 ὑπομένοντες
1599 2621 1678 2669 σε,

1862 2608 1944 2659 ll.
1981 2605 2097 2657 Non
2130 2604 2452 2658 erubescant
2483 2606 2533 2658 in
2567 2621 2652 2659 me
2690 2622 2780 2675 qut
2807 2614 3123 2674 exspectant
3149 2614 3221 2665 te.
3248 2603 3353 2660 Do-

93 2700 305 2770 Κύριε,
341 2701 510 2771 Κύριε
531 2699 637 2752 τῶν
667 2699 944 2768 δυνάμεων
963 2716 975 2727 ·

943 2716 975 2735 η·
1786 2695 1950 2754 mine.
1990 2693 2214 2748 Domine
2247 2695 2504 2750 virtutum
2535 2715 2545 2750 :

1228 2791 1599 2848 ATHANASII
1641 2787 2208 2844 INTERPRETATIO

170 2885 269 2948 8|,
303 2883 391 2937 82.
435 2885 490 2937 Ὀ
518 2884 648 2948 Θεὸς
687 2884 793 2938 τῶν
863 2886 1117 2958 καθαρῶν
1150 2888 1213 2956 τῇ
1257 2886 1470 2957 καρδία,
1510 2885 1668 2946 αὐτὸς

1864 2882 1952 2947 81,
1989 2880 2076 2937 82.
2116 2881 2256 2935 Deus
2294 2897 2480 2936 eorum
2511 2883 2601 2953 qui
2639 2885 2803 2937 corde
2835 2883 3019 2938 mundi
3053 2891 3201 2944 sunt,
3241 2879 3354 2949 ipse

94 2973 267 3029 δώσει
296 2979 355 3030 τὸ
391 2978 612 3048 Πνεῦμα
643 2979 702 3030 τὸ
736 2979 888 3045 ἆγιον
933 2982 1043 3040 τοῖς
1087 2978 1476 3050 πειθαρχοῦσιν
1509 2977 1676 3046 αύτῷ·

1787 2974 1937 3027 dabit
1973 2972 2235 3042 Spiritum
2263 2985 2512 3029 sanctum
2546 2976 2646 3037 eis,
2678 2975 2768 3044 qui
2796 2974 2894 3043 ipsi
2923 2974 3200 3036 obediunt,
3224 2988 3344 3040 nam

93 3063 492 3138 δεδοξασμένος
517 3069 626 3138 γάρ
652 3069 799 3119 ἐστιν
831 3069 888 3118 ἐν
919 3068 1117 3129 αὐτοῖς.

919 3068 1117 3129 αὐτοῖς.
1785 3067 2119 3144 glorificatus
2153 3077 2236 3122 est
2269 3069 2322 3122 in
2360 3070 2512 3138 ipsis.

183 3161 255 3214 Ἡ
284 3161 613 3232 προκειμένη
648 3161 926 3232 ἐπιγραφὴ
955 3163 1198 3233 περιέχει
1230 3162 1304 3232 (1)
1327 3179 1339 3192 ·
1368 3165 1470 3226 Εἰς
1503 3162 1567 3215 τὸ
1595 3160 1789 3226 τέλος,
1809 3161 1961 3228 ὑπὲρ
1993 3152 2110 3214 ἐῶν
2144 3164 2740 3232 ἁλλοιωθησομένων,
2767 3163 3008 3232 mni/16¢
3043 3158 3119 3230 τῷ
3153 3159 3351 3215 Δαδίδ.

101 3251 287 3304 Τοῦτο
310 3248 402 3306 οῦν
433 3252 604 3320 λέγει,
645 3253 738 3304 ἐπὶ
765 3251 908 3305 τέλει
942 3252 1051 3305 τῶν
1077 3251 1285 3305 αἰώνων
1321 3253 1460 3323 ὑπὲρ
1497 3252 1603 3305 τῶν
1634 3251 2080 3322 μεταδληθέντων
2124 3253 2290 3305 ἐθνῶν
2333 3255 2437 3306 ἀπὸ
2470 3255 2570 3323 τῆς
2606 3255 2877 3324 ἁμαρτίας
2904 3256 2980 3315 εἰς
3007 3253 3094 3304 τὸν
3124 3251 3344 3321 Κύριον,

101 3343 197 3393 καὶ
231 3341 342 3393 τῶν
381 3341 651 3394 Ἰουδαίων
672 3341 781 3393 τῶν
812 3341 1254 3412 μεταϐληθέντων
1280 3343 1387 3394 ἀπὸ
1407 3343 1513 3395 τῶν
1548 3340 1775 3394 ἐντολῶν
1807 3341 1898 3393 τοῦ
1923 3342 2056 3394 Θεοῦ
2089 3347 2167 3406 εἰς
2195 3344 2291 3414 τὴν
2326 3345 2627 3416 ἁμαρτίαν.
2663 3344 2906 3414 ιιάλμδς
2940 3341 3018 3407 τῷ
3043 3341 3116 3412 (2)
3144 3341 3318 3396 Δαϐίδ
3340 3357 3355 3374 ⁸

96 3433 312 3485 ὡσανεὶ
339 3433 551 3503 ψαλμὸς
575 3431 653 3497 τῷ
684 3431 869 3496 ικανῷ
902 3431 976 3499 τῇ
1008 3435 1178 3501 χειρί,
1204 3433 1450 3485 τουτέστι
1481 3433 1558 3503 τῷ
1585 3432 1698 3503 Υἰῴ
1731 3433 1822 3485 τοῦ
1851 3434 2006 3485 Θεοῦ.

173 3527 396 3582 Titulus
430 3526 758 3594 praepositus
790 3526 1032 3580 continet
1062 3544 1073 3578 :
1113 3523 1176 3576 In
1204 3526 1361 3592 ﬁnem
1382 3566 1396 3589 ,
1424 3541 1518 3591 pro
1546 3527 1634 3586 iis,
1672 3526 1760 3593 qui
1793 3523 2282 3581 commutabuntur.
2325 3525 2560 3591 psalmus
2603 3524 2788 3575 David.
2818 3523 2931 3576 lIoc
2957 3526 3118 3594 igitur
3147 3528 3354 3596 signiﬁ-

101 3633 216 3685 cat,
252 3623 305 3675 in
334 3621 440 3674 ﬁne
469 3621 797 3675 saeculorum
832 3635 931 3690 pro
959 3621 1210 3690 gentibus
1236 3662 1250 3686 ,
1296 3635 1416 3690 qua:
1458 3620 1733 3674 translatae
1765 3628 1892 3672 sunt
1924 3636 1952 3672 a
1987 3630 2207 3688 peccato
2254 3620 2305 3672 in
2349 3619 2634 3671 Dotninutn
2662 3661 2674 3680 ,
2704 3629 2755 3671 et
2798 3635 2893 3686 pro
2927 3618 3160 3686 Iuda-is,
3199 3625 3289 3692 qui
3323 3641 3353 3680 ο

105 3715 390 3770 mandatis
419 3713 514 3769 Dei
551 3729 610 3770 se
651 3715 1048 3770 transtulerunt
1081 3715 1133 3769 in
1167 3725 1471 3785 peccatum.
1521 3713 1767 3768 Psalmus
1809 3713 2018 3766 David:
2048 3714 2297 3767 videlicet
2343 3713 2586 3782 psalmus
2635 3730 2790 3765 manu
2822 3713 2946 3782 [orti
2970 3757 2982 3779 ,
3021 3718 3120 3770 hoc
3147 3728 3228 3771 est
3261 3717 3353 3774 Dei

102 3804 252 3862 Filio

179 3899 238 3951 1.
283 3878 452 3960 ⁹Ελθὲ,
479 3895 679 3962 ὁΘεὺς,
707 3898 784 3960 είς
817 3897 1061 3968 βοήθειάν
1099 3916 1220 3968 μου,
1272 3899 1351 3951 ὃτι
1392 3902 1446 3952 αξ
1489 3901 1673 3953 ἐπιθυ·
1704 3907 1744 3962 C

1854 3901 1903 3954 l.
1937 3899 2093 3966 Veni,
2128 3901 2287 3964 Deus,
2346 3902 2398 3955 in
2456 3903 2785 3971 adjutoriunt
2837 3920 3039 3966 meum,
3087 3905 3346 3975 quoniam

111 3992 236 4061 μίαι
264 3989 356 4042 τοῦ
389 3989 594 4058 κόσμου
626 3990 906 4058 κατέχουσι
935 4008 1020 4059 με.

1782 3993 2108 4060 cupiditates
2141 3994 2325 4046 mundi
2359 3995 2599 4047 detinent
2633 4013 2735 4047 tne.

177 4087 238 4138 2.
281 4081 620 4153 Δεδούλωμαι
650 4085 715 4153 τῇ
749 4083 1013 4154 ἁμαρτίᾳ,
1054 4085 1145 4136 καὶ
1187 4084 1288 4136 οὐκ
1329 4083 1494 4154 ἰσχύω
1541 4086 1675 4138 ἀπο-

1849 4087 1903 4137 2.
1940 4083 1996 4136 In
2033 4086 2344 4138 servitutem
2379 4089 2626 4142 redactus
2655 4104 2773 4142 sum
2812 4105 2839 4142 a
2883 4101 3103 4160 peccato
3125 4130 3140 4152 ,
3172 4099 3225 4145 et
3251 4108 3349 4145 nc-

109 4176 326 4245 στῆναι.

1778 4192 1919 4246 queo
1941 4177 2221 4230 absistere.

176 4267 236 4320 5.
266 4261 463 4318 ἾῙλθον
491 4269 569 4330 είς
599 4265 697 4329 τὰς
745 4265 938 4337 ἡδονὰς
987 4267 1081 4318 καὶ
1113 4265 1209 4330 τὰς
1257 4266 1545 4336 ἐπιθυμίας
1583 4266 1675 4320 τοῦ

1851 4270 1898 4322 5.
1943 4267 2074 4323 Veni
2115 4269 2167 4321 in
2199 4273 2541 4336 voluptates,
2589 4274 2639 4319 ct
2684 4267 3158 4336 concupiscentias
3197 4290 3350 4330 ntuno

108 4360 342 4428 κόσμου,
378 4358 469 4410 καὶ
508 4360 539 4427 ἡ
578 4357 818 4427 ἁμαρτία
849 4358 1234 4430 κατεκυρίευσέ
1270 4376 1335 4428 με
1370 4360 1464 4426 (5).

1370 4360 1464 4426 (5).
1778 4362 1863 4426 di,
1900 4376 1954 4415 et
1978 4371 2258 4431 peccatum
2289 4361 2628 4413 dominatum
2663 4370 2743 4413 est
2775 4362 2827 4412 in
2859 4377 2961 4415 tne.

178 4451 236 4504 4.
268 4451 359 4511 Εἰς
389 4450 695 4515 ἀπόγνωσιν
713 4447 894 4501 λοιπὸν
932 4448 1008 4519 (4)
1035 4449 1141 4500 ἀπὸ
1166 4448 1258 4500 τοῦ
1289 4449 1362 4520 μὴ
1396 4447 1674 4501 εἰσακούε-

1855 4453 1909 4509 4.
1950 4451 2174 4507 Demum
2217 4453 2267 4504 in
2300 4450 2733 4520 desperationem
2772 4451 2927 4518 veni,
2961 4468 3026 4506 eo
3059 4457 3204 4524 quod
3229 4473 3349 4513 ora-

111 4542 243 4594 σθαι
275 4540 370 4609 τὴν
395 4539 576 4611 δέησίν
613 4558 732 4610 μου.

1779 4548 1853 4599 tio
1890 4560 2008 4598 mea
2037 4560 2142 4596 non
2170 4542 2538 4596 exaudiretur.

183 4635 241 4690 3.
283 4633 412 4686 Ἀπὸ
439 4632 532 4685 τοῦ
581 4633 825 4686 δακεύειν
867 4633 942 4702 (5)
977 4651 1064 4704 με,
1113 4634 1205 4688 καὶ
1254 4635 1564 4706 περιμένειν
1618 4633 1677 4686 τὸ

1845 4637 1896 4689 5.
1935 4633 2070 4687 Dum
2119 4635 2341 4701 ﬂerent,
2385 4645 2440 4689 et
2491 4644 2860 4703 exspectarem
2921 4637 3347 4695 misericordiam

108 4724 259 4787 ἕλεος
286 4723 378 4777 τοῦ
411 4722 546 4776 Θεοῦ
574 4740 694 4793 μου.

424 4722 546 4776 Θεοῦ
574 4740 694 4793 μου.
1778 4727 1869 4781 Dei
1901 4727 2026 4781 mei.

179 4817 235 4873 6.
263 4815 453 4870 Πολλοί
479 4819 616 4870 είσιν
636 4817 683 4868 oi
715 4815 967 4888 δαίμονες
988 4818 1036 4869 οἱ
1066 4817 1425 4889 ἀντικείμενοί
1455 4838 1540 4888 μοι
1575 4823 1670 4890 (6).

1843 4820 1895 4872 (5.
1934 4819 2083 4873 Multi
2124 4829 2249 4874 sunt
2279 4819 2576 4884 dzemones,
2607 4820 2695 4889 qui
2731 4821 2864 4875 mihi
2901 4824 3274 4879 adversantur.

183 4909 240 4962 7.
275 4910 409 4980 Περὶ
433 4909 539 4962 τῶν
563 4907 740 4962 αὐτῶν
769 4909 1026 4962 ἐναντίων
1050 4909 1330 4980 δυνάμεων
1365 4912 1530 4980 λέγει,

1848 4912 1898 4966 7.
1937 4912 2012 4965 De
2049 4913 2178 4980 ipsis
2210 4912 2539 4967 adversariis
2565 4916 2923 4982 potestatibus
2949 4918 3202 4974 loquitur.

181 4999 240 5055 8.
279 5001 343 5052 Ἀ
379 5001 619 5071 ἐμίσουν,
648 4999 820 5052 ταῦτα
859 4999 1144 5071 ἔπραττον.

1844 5005 1896 5058 8.
1929 5005 2059 5070 Quae
2087 5005 2332 5067 oderam,
2369 5003 2484 5058 haec
2513 5003 2800 5058 faciebam.

179 5092 240 5150 9.
281 5093 342 5145 Ὀ
368 5092 521 5156 Θεὸς,
557 5093 620 5146 σὺ
643 5087 790 5156 οἶδας
808 5092 905 5163 τὴν
929 5093 1200 5165 ἁμαρτίαν
1233 5113 1354 5166 μου.

1278 5113 1354 5150 ου.
1845 5095 1899 5149 9.
1937 5095 2099 5158 Deus,
2125 5104 2180 5148 tu
2205 5095 2344 5149 nosti
2372 5103 2652 5164 peccatum
2680 5111 2880 5150 meum.

183 5185 273 5239 10.
299 5187 407 5238 Καὶ
426 5189 481 5239 αί
515 5184 730 5256 ἀνομίαι
757 5201 857 5256 μου
881 5185 1108 5256 φανεραί
1129 5188 1265 5238 εἰσιν
1296 5188 1394 5257 (7).

1848 5184 1936 5239 10.
1971 5182 2035 5237 Ει
2065 5184 2380 5252 iniquitates
2417 5199 2549 5237 mea:
2584 5182 2886 5237 manifestae
2913 5193 3060 5237 sunt.

183 5274 270 5327 11.
299 5275 409 5343 Μὴ,
430 5275 516 5328 διὰ
549 5275 608 5328 τὸ
633 5273 963 5345 ἁμαρτάνειν
1015 5292 1100 5344 με,
1135 5275 1208 5345 (8)
1263 5277 1424 5348 ἔχωσι
1456 5283 1669 5351 παῤῥη-
1701 5280 1744 5334 D

1740 5294 1744 5322 ι
1846 5278 1930 5334 ll.
1969 5274 2046 5329 Ne
2093 5276 2319 5330 timeant
2362 5276 2537 5331 sancti
2584 5277 2658 5332 tui
2707 5287 2923 5348 propter
2962 5285 3180 5347 peccata
3228 5293 3342 5334 mea

113 5365 235 5421 σίαν
263 5365 314 5418 οί
344 5365 486 5434 ἅγιοι
509 5382 605 5423 σου,
629 5365 720 5418 τοῦ
751 5367 1072 5438 πρεσϐεύειν
1101 5369 1241 5441 ὑπὲρ
1258 5370 1413 5440 ἐμοῦ.

751 5367 1072 5438 πρεσϐεύειν
1101 5369 1241 5441 ὑπὲρ
1258 5370 1413 5440 ἐμοῦ.
1775 5384 1871 5438 pro
1895 5384 1979 5422 me
2003 5370 2352 5423 intercedere.

1066 5481 1373 5546 Addenda
1405 5490 1466 5545 et
1501 5482 1876 5564 corrigenda
1911 5499 1987 5541 ex
2015 5479 2155 5542 cod.
2191 5481 2391 5543 Vatic.

511 5581 606 5656 τῇς
629 5584 993 5656 κινναϐάρεως
1021 5602 1143 5656 περ.
1852 5586 1928 5653 (5)
1957 5583 2243 5656 Δακρύειν.

184 5651 260 5724 (3)
287 5651 519 5724 ᾼῩαλμὸς
543 5651 600 5706 δὲ
619 5654 715 5724 τῷ,
753 5651 867 5713 etc.
1095 5651 1105 5656 ’

487 5670 519 5717 ις
543 5651 600 5706 δὲ
619 5654 715 5724 τῷ.
753 5651 867 5713 etc.
1095 5651 1105 5656 '
1853 5651 1927 5722 (6)
1953 5651 2089 5709 Μουζ

185 5721 260 5794 (δ)
283 5721 421 5794 Μρυς
668 5721 678 5724 ⁷

668 5721 678 5724 ’
1849 5727 1926 5794 (7)
1962 5727 2049 5778 Σοί
2071 5727 2225 5782 εἰσιν.

183 5786 256 5862 (ι)
283 5786 502 5849 Ἦλθον.
1849 5786 1922 5866 (8)
1958 5798 2068 5874 Μή.
