4098 6318
727 341 832 394 923
1543 345 1599 399 S.
1637 343 2009 399 ATHANASII
2051 343 2200 400 OPP.
2237 345 2417 400 PARS
2459 346 2542 400 Ill.
2593 377 2652 388 -—
2691 346 3102 404 EXEGETICA.
3860 349 3945 405 99.1

794 460 878 512 12.
908 460 1093 529 Neque
1127 459 1530 518 confundantur
1563 481 1727 534 super
1758 482 1862 530 me,
1914 466 2006 536 qui
2036 479 2285 536 quaerunt
2314 473 2357 527 Α

2326 473 2357 527 Α
2464 468 2542 519 12.
2577 467 2723 537 Μηδὲ
2754 469 3150 540 ἐντραπείησαν
3173 468 3259 520 ἐπ’
3286 468 3389 538 ἐμὲ
3417 468 3467 521 οἱ
3493 467 3792 539 ζητοῦντές
3827 485 3900 532 σε,
3926 469 3944 519 ἐ

725 559 793 613 te,
832 550 970 606 Deus
999 553 1182 606 Israel.

789 646 874 698 15.
919 646 1186 710 Quoniam
1217 655 1438 716 prOpter
1473 659 1522 701 te
1550 650 1784 703 sustinui
1823 651 2172 719 opprobrium
2203 673 2212 704 :

793 737 877 790 11.
911 737 1133 806 Operuit
1159 739 1408 794 confusio
1443 740 1634 794 faciem
1667 757 1864 796 meam.

793 830 878 882 15.
917 828 1216 884 Exlraneus
1249 831 1423 886 factus
1458 850 1576 886 sum
1608 833 1868 889 fratribus
1899 834 2030 888 meis
2059 853 2071 888 :

793 921 878 972 10.
919 921 980 974 Et
1006 924 1320 993 peregrinus
1355 925 1478 979 filiis
1508 927 1698 979 matris
1727 941 1876 980 meae.

791 1013 875 1064 17.
907 1012 1173 1078 Quoniam
1207 1019 1352 1072 zelus
1385 1018 1580 1073 domus
1608 1029 1712 1073 tua:
1743 1019 1977 1073 comedit
2013 1034 2134 1072 me:

795 1107 879 1157 13.
912 1105 976 1158 lit
1020 1111 1308 1177 opprobria
1347 1114 1794 1169 exprobrantium
1846 1114 1939 1167 tibi
1973 1113 2284 1168 ceciderunt

722 1209 882 1265 Super
911 1216 1015 1255 me.

799 1293 876 1344 :9.
915 1291 978 1346 Et
1012 1295 1198 1361 Operui
1233 1296 1285 1348 in
1311 1297 1517 1365 jejunio
1549 1296 1785 1350 animam
1822 1313 2039 1352 meam:

791 1385 880 1437 :10.
911 1386 973 1438 Et
1014 1385 1212 1441 factum
1239 1400 1320 1443 est
1345 1389 1543 1460 [factus
1565 1390 1711 1460 sum]
1738 1392 1792 1444 in
1816 1391 2104 1461 opprobria
2131 1391 2281 1445 mihi.

792 1479 882 1531 2|.
919 1478 986 1533 Et
1011 1482 1168 1548 posui
1209 1482 1591 1536 vestimentum
1618 1498 1800 1537 meum
1831 1483 2066 1537 cilicium
2097 1501 2109 1535 :

793 1570 880 1623 22.
921 1570 988 1624 Et
1022 1572 1194 1627 factus
1219 1589 1339 1628 sum
1373 1574 1482 1629 illis
1517 1577 1566 1628 in
1601 1576 1938 1644 parabolam.

784 1661 869 1715 25.
915 1664 1213 1719 Adversum
1265 1681 1350 1721 me
1401 1667 1762 1727 loquebantur
1801 1669 1893 1737 qui
1941 1666 2197 1722 sedebant
2234 1667 2285 1720 in

763 1764 894 1807 ortis

763 1769 818 1804 OI'

723 1769 757 1822 Ρ
793 1769 981 1896 εῖῗίει
1010 1842 1061 1895 in
1092 1857 1176 1896 me
1213 1842 1516 1912 psallebant
1542 1845 1635 1912 qui
1666 1845 1924 1900 bibebant
1956 1845 2161 1901 vinum.

794 1935 884 1988 9.5.
922 1933 1031 2004 Ego
1058 1950 1184 1988 vero
1212 1937 1455 1990 oratione
1485 1952 1603 1990 mea
1641 1939 1706 1993 ad
1731 1950 1803 2002 te,
1835 1939 2096 1993 Domine:

792 2026 882 2080 26.
917 2026 1154 2095 Tempus
1178 2029 1521 2097 beneplaciti.

792 2117 882 2172 27.
935 2115 1101 2182 Deus,
1150 2119 1205 2173 in
1253 2121 1599 2174 multitudine
1643 2117 2030 2175 misericordia:
2054 2125 2164 2172 tute
2197 2133 2288 2169 cx-

723 2210 845 2263 audi
880 2224 983 2263 me.

790 2301 878 2353 28.
908 2300 962 2352 In
995 2300 1219 2353 veritate
1245 2298 1437 2352 salutis
1461 2309 1584 2352 tuae.

789 2390 880 2441 29.
910 2387 1068 2456 Eripe
1099 2404 1183 2442 me
1207 2388 1274 2441 de
1307 2389 1440 2450 luto,
1481 2398 1538 2441 ut
1571 2404 1677 2441 non
1708 2387 1932 2458 inﬁgar:

791 2479 879 2534 50.
915 2479 1200 2533 Liberatus
1233 2495 1354 2532 sum
1384 2480 1450 2532 ab
1482 2479 1570 2547 iis,
1602 2482 1691 2548 qui
1720 2479 1949 2534 oderunt
1986 2493 2092 2541 me,
2125 2489 2170 2531 et
2223 2485 2287 2530 tle.

722 2569 1005 2641 profundis
1033 2585 1316 2639 aquarum.

793 2702 845 2767 (α
904 2699 962 2752 1n
1006 2717 1176 2768 marg.
1221 2701 1344 2753 cod.
1379 2696 1570 2764 Κάγώ.

794 2701 870 2841 (ὺέ
901 2770 1053 2827 Vers.
1096 2770 1181 2825 26.
1235 2770 1437 2840 Καιρδς
1466 2769 1570 2821 εὐδ(

2390 559 2520 620 Θεὸς
2547 559 2639 611 τοῦ
2673 560 2908 631 Ἰσραήλ.

2462 653 2542 705 15.
2575 654 2694 705 ’Ὁτι
2722 654 2884 706 ἐνεκά
2909 671 2999 705 σου
3020 653 3302 719 ὑπήνεγκα
3333 653 3658 723 ὀνειδισμόν.

2462 745 2546 797 1-1.
2585 745 2882 814 Ἐκάλυψεν
2906 745 3138 816 ἐντροπὴ
3172 746 3232 798 τὸ
3260 747 3551 815 πρόσωπόν
3588 763 3718 816 μου.

2456 835 2542 888 15.
2567 835 3099 906 Ἀπηλλοτριωμένος
3125 837 3384 907 ἐγενήθην
3406 842 3517 900 τοῖς
3541 839 3800 906 ἀδελφοῖς
3830 855 3946 907 μου·

2464 927 2544 979 16.
2576 929 2684 979 Kal
2713 927 2859 992 ξένος
2895 931 3008 991 τοῖς
3040 931 3174 992 υἱοῖς
3207 928 3306 998 τῆς
3340 931 3540 1000 μητρός
3571 948 3700 1000 μου.

2457 1018 2539 1069 17.
2575 1020 2695 1070 Ὅτι
2729 1022 2756 1071 ὁ
2779 1018 2936 1088 ζῆλος
2957 1017 3051 1071 τοῦ
3073 1019 3220 1071 οἴκου
3250 1036 3342 1071 σου
3371 1021 3648 1088 κατέφαγε
3689 1038 3760 1091 με
3784 1037 3798 1050 ·

2465 1109 2547 1161 18.
2581 1111 2689 1162 Kal
2715 1112 2760 1163 οξ
2789 1111 3084 1180 ὀνειδισμοὶ
3125 1111 3232 1163 τῶν
3263 1112 3627 1176 ὀνειδιζόντων
3662 1129 3725 1166 σε
3767 1111 3925 1165 ἐτ’-..ἐπε

2397 1217 2484 1253 σον
2514 1202 2600 1252 ἐπ’
2628 1202 2747 1270 ἐμέ.

2470 1293 2552 1346 19.
2587 1294 2694 1346 Kal
2725 1294 3067 1364 συνεκάλυψα
3100 1298 3160 1348 ἐν
3185 1295 3407 1365 νηστείᾳ
3438 1294 3535 1365 τὴν
3569 1295 3756 1366 ψυχήν
3792 1312 3906 1366 μου.

2456 1382 2547 1438 20.
2582 1383 2689 1435 Kal
2717 1384 2947 1455 ἐγενήθη
2988 1383 3297 1456 [ἐγενήθην]
3331 1387 3408 1447 είς
3435 1385 3781 1454 ὀνειδισμοὺς
3825 1384 3949 1455 ἐμοί.

2462 1475 2547 1528 21.
2579 1474 2687 1527 Kal
2724 1474 2928 1546 ἐθέμην
2953 1476 3015 1530 τδ
3042 1477 3243 1548 ἐνδυμά
3273 1495 3370 1547 μου
3405 1476 3639 1530 σάκκονο

2463 1567 2553 1619 22.
2588 1567 2698 1619 Kal
2728 1568 2991 1639 ἐγενόμην
3021 1568 3203 1632 αὐτοῖς
3235 1571 3315 1630 είς
3349 1569 3684 1639 παραϐολήν.

2458 1659 2546 1712 25.
2576 1659 2710 1711 Κατ’
2732 1659 2866 1728 ἐμοῦ
2897 1659 3214 1729 ἠδολὲσχουν
3234 1662 3282 1712 οἱ
3311 1659 3608 1730 καθήμενοι
3639 1663 3701 1714 ἐν
3734 1659 3949 1722 πύλαις·

2320 1830 2358 1882 Β
2460 1839 2550 1892 2-1.
2582 1839 2692 1891 Kal
2717 1841 2796 1903 είς
2826 1841 2925 1911 ἐμέ
2959 1840 3188 1910 ἔψαλλον
3219 1843 3267 1893 oi
3303 1842 3548 1906 πίνοντες
3587 1837 3753 1896 οἶνον.

2462 1931 2549 1985 25.
2584 1929 2727 1998 Ἐγὼ
2753 1929 2809 1984 δὲ
2843 1932 2916 2001 (a)
2948 1935 3011 2002 τῇ
3047 1937 3316 2004 προσευχῇ
3347 1951 3446 2004 μου
3479 1936 3616 2004 πρὸς
3649 1938 3730 2000 σὲ,
3760 1936 3948 2007 Κύριε·

2466 2024 2554 2075 26.
2590 2022 2665 2093 (ὁ)
2696 2023 2898 2094 Καιρὸς
2923 2025 3189 2087 εὐδοκίας.

2463 2115 2551 2166 27.
2597 2116 2653 2168 Ὀ
2683 2114 2832 2179 Θεὸς.
2868 2117 2925 2169 ἐν
2961 2115 3033 2186 τῷ
3057 2116 3248 2188 πλήθει
3275 2118 3367 2170 τοῦ
3393 2119 3571 2182 ἐλέους
3605 2137 3698 2174 σου
3730 2122 3949 2174 ἐπάκου-

2401 2207 2486 2257 σὸν
2534 2222 2654 2275 μου.

2457 2296 2545 2349 28.
2581 2297 2670 2350 Ἐν
2699 2297 2922 2368 ἀληθείᾳ
2953 2299 3050 2366 τῆς
3075 2301 3346 2370 σωτηρίας
3376 2318 3489 2353 σου.

2462 2387 2549 2439 29.
2590 2387 2769 2441 Σῶσόν
2803 2407 2868 2459 με
2898 2389 3005 2442 ἀπὸ
3032 2391 3224 2460 πηλοῦ,
3259 2394 3342 2444 ἴνα
3377 2394 3451 2463 μὴ
3485 2395 3720 2463 ἐμπαγῶ
3743 2412 3758 2424 ’

2467 2481 2552 2532 50.
2598 2480 2877 2551 Ῥυσθείην
2917 2484 2980 2534 ἐκ
3025 2482 3133 2535 τῶν
3180 2484 3476 2539 μισούντων
3525 2505 3591 2556 με
3628 2491 3720 2541 καὶ
3764 2490 3827 2542 ἐκ
3855 2489 3948 2540 τῶν

2399 2568 2604 2636 βαθέων
2635 2570 2741 2623 τῶν
2768 2570 2991 2625 ὑδάτων.

901 2770 1053 2827 Vers.
1096 2766 1181 2825 26.
1235 2770 1437 2840 Καιρὸς
1466 2766 1708 2830 εὐδοκίας
1735 2768 1762 2820 ὁ
1791 2767 1938 2830 Θεός.
1998 2766 2152 2821 Vers.
2183 2767 2272 2820 27.
2314 2769 2402 2819 Ἐν
2438 2768 2535 2838 τῷ,
2565 2779 2670 2826 etc,

1845 2887 2221 2943 ATHANASII
2265 2888 2841 2950 lNTEllPRETATlO.

798 3010 882 3064 12.
913 3009 978 3063 Et
1003 3010 1307 3079 deprecatio
1356 3020 1667 3064 sanctorum
1699 3018 1939 3076 tuorum,
1975 3025 2141 3080 quam
2191 3027 2288 3081 pro
2317 3016 2356 3069 C

2329 3016 2356 3069 Β
2466 3014 2547 3067 12.
2586 3014 2694 3067 Καὶ
2728 3015 2832 3069 τῶν
2867 3016 3035 3083 ἁγίων
3064 3017 3215 3085 σουὴ
3250 3016 3434 3087 ϐἐησις
3479 3023 3513 3084 η
3537 3021 3681 3071 υπεο
3713 3018 3848 3072 ἐμοῦ
3885 3021 3947 3087 μὴ

727 3117 812 3155 me
844 3102 1097 3165 fundunt,
1129 3101 1342 3156 infirma
1380 3117 1487 3157 non
1523 3103 1636 3156 fiat.

799 3193 884 3248 15.
915 3193 1182 3259 Quoniam
1229 3205 1448 3264 propter
1477 3211 1650 3265 spem,
1702 3210 1866 3265 quam
1899 3194 2071 3250 habeo
2117 3194 2173 3248 in
2223 3203 2295 3260 te,

725 3285 967 3354 despicio
996 3286 1403 3342 tribulationes.

800 3379 888 3431 14.
923 3377 1149 3431 infamia
1184 3382 1387 3447 peccati
1422 3385 1544 3436 mei.

797 3467 886 3521 15.
916 3465 1231 3535 Baptizatis.

802 3560 885 3613 16.
919 3560 1132 3615 Ablutis
1165 3562 1215 3613 in
1247 3561 1484 3614 lavacro.

805 3653 884 3704 17.
925 3651 1026 3718 Qui
1056 3653 1188 3705 mihi
1218 3663 1300 3706 est
1322 3662 1508 3707 contra
1546 3664 1840 3723 peccatum.

798 3744 883 3797 18.
919 3744 1376 3800 Ratiociuationes
1411 3746 1742 3801 daemonum.

802 3835 885 3887 19.
918 3832 984 3886 Et
1017 3834 1253 3888 abstinui
1284 3835 1352 3887 ab
1392 3835 1538 3888 oruni
1573 3835 1737 3887 malo.

793 3926 883 3977 ‘20.
935 3923 1162 3993 Propter
1217 3941 1534 3994 sermones,
1576 3927 1778 3999 quibus
1837 3925 2300 3997 exprobraverunt

734 4016 866 4069 mihi
905 4016 1198 4071 daemones.

804 4108 892 4161 2|.
921 4105 1131 4160 Fletum
1169 4107 1458 4177 significat.

801 4200 892 4253 22.
933 4199 990 4252 ln
1031 4199 1292 4253 derisum.

801 4291 890 4344 25.
950 4290 1253 4345 Contrariae
1298 4298 1592 4360 potestates
1642 4300 1834 4344 contra
1884 4304 1970 4345 me
2021 4290 2296 4346 consulta-

732 4383 880 4437 bant.

809 4475 893 4529 21.
927 4473 992 4529 Et
1023 4474 1077 4529 in
1109 4489 1195 4528 me
1217 4483 1544 4543 aspexerunt
1573 4474 1868 4544 gaudentes
1896 4474 1951 4528 iu
1980 4474 2156 4530 malis.

805 4651 892 4706 25.
932 4651 1043 4723 Ego
1072 4660 1251 4707 autem
1285 4668 1383 4707 oro
1411 4652 1476 4706 ad
1513 4661 1583 4718 te,
1619 4652 1863 4708 Domine.

803 4742 894 4797 “16.
928 4741 1066 4800 Ecce
1096 4754 1308 4813 tempus
1344 4744 1674 4813 acceptabile
1707 4745 2106 4813 deprecationis
2143 4760 2295 4800 meas.

803 4833 893 4887 27.
923 4833 1060 4890 Ecce
1097 4851 1242 4888 nunc
1274 4835 1389 4889 dies
1421 4837 1611 4893 salutis
1639 4855 1772 4894 meae
1801 4849 2020 4910 propter
2053 4841 2298 4894 multitu—

734 4926 913 4981 dinem
946 4929 1329 4984 misericordize
1362 4937 1485 4984 tuaa.

806 5018 893 5071 28.
928 5019 983 5073 1n
1012 5031 1160 5074 certa
1193 5023 1384 5084 salute,
1414 5037 1533 5091 quae
1568 5020 1698 5074 mihi
1734 5037 1763 5074 a
1804 5033 1854 5076 te
1888 5031 1988 5076 est.

805 5110 892 5164 29.
921 5109 1106 5165 Reduc
1136 5128 1221 5166 me
1250 5129 1277 5165 a
1311 5122 1550 5183 peccato,
1585 5129 1652 5169 ne
1681 5129 2047 5184 permaneam.

807 5287 893 5340 30.
931 5287 1214 5345 Liberatus
1243 5306 1360 5345 sum
1387 5291 1454 5346 ab
1487 5291 1784 5347 immundis
1814 5294 2118 5361 spiritibus,
2151 5305 2201 5348 et
2231 5297 2298 5349 ab

739 5394 927 5435 eorum
957 5384 1359 5454 cupiditatibus.

2399 3105 2687 3174 ἀνίσχυρος
2715 3106 2957 3177 γένηται.

2468 3193 2554 3250 15.
2589 3195 2708 3248 Ὀτι
2735 3195 2822 3247 διὰ
2853 3197 2951 3266 τὴν
2978 3196 3068 3249 ἐπὶ
3100 3197 3158 3249 σέ
3187 3197 3373 3250 ἐλπίδα
3402 3198 3657 3269 ὑπερορῶ
3688 3198 3906 3269 θλίψεις.

2473 3372 2557 3427 14.
2600 3374 2663 3426 Ἡ
2690 3375 2918 3446 αἰσχύνη
2960 3378 3056 3446 τῆς
3095 3377 3365 3448 ἁμαρτίας
3400 3396 3522 3449 μου.

2472 3467 2555 3520 15.
2585 3467 2709 3531 Τοῖς
2735 3470 2793 3523 ἐν
2819 3469 2897 3538 τῷ
2920 3469 3268 3539 βαπτίσματι.

2472 3557 2555 3610 16.
2590 3559 2714 3621 Τοῖς
2749 3561 2806 3611 ἐν
2834 3563 2899 3629 τῇ
2939 3560 3311 3631 κολυμϐήθρᾳ.

2472 3649 2558 3702 17.
2589 3651 2649 3702 Οἱ
2687 3648 2811 3720 [Ὃς
2845 3651 2934 3721 μοὶ
2965 3651 3127 3722 κατὰ]
3163 3652 3262 3722 τῆς
3297 3652 3566 3724 ἁμαρτίας
3593 3653 3834 3727 ὑπάρχοι
3868 3657 3951 3726 (1).

2473 3738 2554 3791 18.
2589 3740 2648 3791 Oi
2683 3737 2931 3809 λογισμοὶ
2959 3739 3067 3793 τῶν
3096 3740 3380 3811 δαιμόνων.

2471 3829 2554 3882 19.
2591 3831 2700 3883 Kal
2729 3831 2965 3900 ἀπέσχον
2994 3831 3067 3900 (2)
3102 3831 3208 3883 ἀπὸ
3238 3832 3437 3895 παντὸς
3468 3833 3657 3889 κακοῦ.

2467 3919 2556 3973 20.
2580 3919 2677 3972 Διὰ
2702 3920 2775 3986 (3)
2801 3919 2907 3973 τῶν
2930 3920 3222 3991 λογισμῶν,
3253 3914 3326 3974 ὧν
3368 3922 3635 3986 ὠνείδιζόν
3680 3943 3755 3995 με
3786 3926 3832 3979 oi
3857 3923 3953 3978 διὶ·

2403 4025 2579 4079 μονες.

2469 4101 2556 4153 21.
2596 4101 2753 4168 Λέγω
2781 4100 2845 4170 δὴ
2880 4100 3091 4162 πένθος.

2468 4193 2557 4244 22.
2589 4192 2684 4254 Είς
2712 4191 3082 4260 καταγέλωτα.

2469 4282 2560 4335 2'5.
2595 4284 2662 4334 Ai
2707 4283 2940 4337 ἐναντίαι
2973 4282 3228 4354 δυνάμεις
3263 4288 3382 4338 κατ’
3424 4285 3554 4358 ἐμοῦ
3603 4286 3950 4342 ἐϐουλεύοντο.

2470 4461 2558 4514 24.
2584 4461 2696 4513 Kal
2721 4461 2801 4524 είς
2827 4462 2927 4531 ἐμὲ
2951 4458 3089 4518 εἶδον
3113 4465 3163 4517 oi
3189 4463 3595 4536 εὐφραινόμενοι
3620 4465 3721 4521 ἐπὶ
3742 4470 3851 4532 τοῖς
3873 4485 3953 4519 κα-

2401 4573 2535 4618 κοις.

2468 4647 2557 4700 25.
2594 4647 2735 4714 Ἐγὼ
2763 4648 2821 4701 δέ
2846 4647 3036 4719 δέομαι
3057 4648 3283 4720 πρδς’σέ
3303 4689 3318 4714 ,
3348 4650 3539 4722 Κύριε.

2468 4738 2558 4792 26.
2581 4738 2713 4790 Ἰδοὺ
2733 4739 2808 4810 (4)
2825 4740 3012 4810 καιρὸς
3032 4740 3420 4812 εὐπρόσδεκτος
3436 4743 3531 4810 τῆς
3547 4740 3789 4811 δεήσεώς
3808 4757 3917 4811 μου.

2473 4833 2562 4886 27.
2603 4831 2735 4886 Ἰδοὺ
2766 4833 2859 4886 νῦν
2885 4835 3067 4905 ἡμέρα
3097 4835 3366 4907 σωτηρίας
3395 4853 3493 4905 μου
3525 4835 3612 4888 διὰ
3655 4836 3722 4888 τὸ
3769 4834 3949 4901 πλῆθος

2406 4924 2493 4976 τοῦ
2523 4923 2705 4987 ἐλέους
2734 4941 2846 4980 σου.

2475 5016 2561 5070 28.
2589 5017 2678 5069 Ἐν
2701 5020 2766 5088 τῇ
2795 5017 3023 5071 ἀπλανεῖ
3049 5018 3290 5091 σωτηρίᾳ
3318 5035 3416 5089 μου
3445 5021 3509 5089 τῇ
3547 5017 3693 5089 παρὰ
3728 5018 3809 5072 σοί
3836 5018 3920 5084 (5}.

2473 5108 2558 5162 29.
2587 5109 2720 5160 Ἀπὸ
2747 5108 2844 5179 τῆς
2867 5110 3138 5181 ἁμαρτίας
3172 5108 3411 5178 ἀνάγαγέ
3437 5127 3506 5180 με
3527 5148 3542 5175 ,
3587 5110 3671 5162 ἵνα
3718 5108 3792 5179 μὴ
3833 5109 3948 5159 ἀπ)-

2409 5202 2594 5271 μείνω.

2474 5293 2560 5346 50.
2592 5295 2871 5367 Ῥυσθείην
2892 5297 2954 5348 ἐκ
2976 5295 3081 5351 τῶν
3100 5295 3420 5361 ἀκαθάρτων
3441 5293 3763 5366 πνευμάτων
3785 5293 3870 5346 καὶ
3895 5292 3943 5343 ἐκ

2403 5385 2508 5436 τῶν
2536 5386 2838 5455 ἐπιθυμιῶν
2871 5388 3068 5443 αὐτῶν.

1684 5497 1989 5560 Addenda
2020 5502 2078 5557 et
2128 5494 2501 5569 corrigenda
2538 5513 2621 5556 ex
2644 5495 2784 5557 eod.
2813 5497 3014 5561 Vatic.

936 5620 1100 5671 ’Υπου
1110 5622 1246 5690 ργοί.

815 5689 889 5761 (2)
922 5689 1260 5761 Ἀπεσχόμτν

816 5760 893 5830 (3)
924 5762 1028 5812 Kal
1059 5763 1163 5814 διά.

2478 5627 2552 5767 μζ
2588 5628 2716 5681 Ίδού
2747 5625 2860 5680 νῦν.

2499 5699 2529 5749 5
2582 5697 2701 5752 Σοῦ.

2499 5697 2552 5752 ὅ)
2582 5697 2701 5752 Σοῦ.
