4098 6318
195 407 308 467 925
1087 403 1174 460 DE
1211 402 1483 461 TITULIS
1517 397 1963 456 PSALMORUM.
2002 428 2070 439 ——
2114 394 2304 450 PSAL.
2340 390 2568 448 LXVIII.
3304 376 3418 433 9&6

273 526 363 580 51.
388 524 478 596 Μή
509 541 573 594 με
602 536 1046 577 καταποντισατω
1079 521 1326 589 καταιγὶς
1354 519 1538 582 ὓδατος
1557 535 1572 548 ο
1781 518 1830 573 Α

1511 535 1572 582 ς·
1781 518 1830 573 Α
1925 515 2013 569 51.
2051 511 2166 566 Νυη
2203 524 2287 563 me
2319 507 2594 574 demergat
2623 511 2910 572 tempestas
2939 515 3129 569 aquae:

274 615 364 670 52.
397 591 546 684 Μηδὲ
573 613 883 668 καταπιέτω
914 628 980 682 με
1010 610 1164 680 βυθός
1183 628 1198 642 ο

1929 603 2018 659 52.
2051 602 2236 671 Neque
2265 599 2555 653 absorbent
2579 609 2664 648 me
2698 591 3016 662 profundum
3046 609 3057 644 :

272 710 360 762 55.
402 708 550 777 Μηδὲ
586 706 823 776 ωσχὲτω
851 706 934 756 ἐπ’
961 704 1057 773 ἐμὲ
1087 702 1262 772 φρέαρ
1292 702 1352 754 τὸ
1377 700 1545 770 στόμα
1570 697 1752 754 αὐτοῦ.

1655 697 1752 754 τοῦ.
1929 696 2016 749 55.
2047 694 2229 761 Neque
2271 695 2458 759 urgeat
2479 701 2641 755 super
2668 701 2752 739 me
2782 693 2974 753 puteus
3007 697 3069 737 os
3095 695 3273 736 suum.

269 801 356 856 54.
396 771 720 854 Είσὰκονσδν
756 813 855 868 μου
876 837 890 862 ,
925 771 1490 865 Κῦριε,ῗὸτιγχρηστδν
1517 792 1577 845 τὸ
1610 791 1754 855 ἔλεός

1929 785 2018 840 54.
2053 781 2256 837 Exaudi
2313 796 2419 843 me,
2473 775 2719 839 Domine,
2750 773 3002 843 quoniam
3053 771 3281 842 benigna
3325 774 3407 824 est

1860 875 2225 932 misericordia
2253 883 2342 927 tua

201 909 331 946 σουο

276 981 364 1036 55.
399 981 551 1034 Κατὰ
583 981 643 1034 τὸ
670 979 869 1051 πλῆθος
895 979 1002 1032 τῶν
1025 977 1317 1048 οἰκτιρμῶν
1353 994 1443 1030 σου
1469 975 1755 1045 ὲπίϐλεψον

1928 968 2014 1022 55.
2062 966 2367 1020 Secundum
2413 961 2811 1018 multitudinem
2854 959 3261 1016 miserationum
3292 963 3411 1010 tua-

200 1071 290 1124 ἐπ’
318 1071 417 1140 ὲμέ

1860 1073 1978 1113 rum
2005 1057 2212 1125 respice
2252 1055 2304 1108 in
2331 1069 2433 1108 me.

271 1160 358 1217 56.
391 1163 479 1233 Μὴ
498 1163 841 1235 ἀποστρέψῃς
857 1163 919 1216 τὺ
945 1160 1230 1232 πρόσωπόν
1260 1177 1350 1212 σου
1378 1157 1482 1211 ἀπὸ
1506 1155 1602 1210 τοῦ
1631 1172 1756 1210 παι-

1536 1155 1602 1210 ηοῦ
1631 1172 1756 1210 παι-
1927 1147 2018 1203 56.
2045 1146 2121 1202 Ne
2143 1156 2352 1201 avertas
2380 1144 2570 1199 faciem
2600 1149 2749 1196 tuam
2782 1156 2812 1194 a
2843 1155 3008 1210 puero
3034 1149 3154 1194 tuo:

199 1250 291 1315 δός
321 1270 412 1306 σου
433 1271 447 1283 ·

1927 1323 2014 1377 57.
2046 1321 2305 1388 Quoniam
2340 1319 2589 1382 tribulor,
2618 1318 2875 1374 velociter
2900 1316 3093 1370 exaudi
3127 1331 3232 1371 me.

1928 1415 2016 1468 58.
2045 1412 2265 1466 Intende
2299 1411 2492 1465 aninue
2517 1426 2668 1472 mea},
2703 1417 2756 1463 et
2784 1409 2949 1462 libera
2982 1424 3100 1462 eam
3128 1427 3142 1462 :

1926 1505 2014 1559 59.
2047 1506 2275 1573 Propter
2301 1503 2551 1556 inimicos
2574 1516 2727 1554 meos
2760 1500 2907 1568 eripe
2939 1515 3042 1554 me.

1925 1594 2014 1650 40.
2051 1594 2131 1649 Tu
2163 1595 2306 1649 enim
2339 1593 2447 1648 scis
2476 1592 2860 1662 improperium
2892 1606 3091 1656 meum,
3118 1599 3171 1645 et.
3214 1589 3407 1646 confu—

1857 1687 2065 1743 sionem
2098 1702 2291 1751 meam,
2329 1695 2383 1742 αι
2408 1686 2764 1741 reverentiam
2793 1699 2963 1737 meam
2991 1702 3003 1736 :

1925 1778 2014 1832 41.
2038 1777 2090 1830 In
2114 1783 2402 1845 conspectu
2424 1785 2511 1829 tuo
2535 1784 2660 1830 sunt
2680 1789 2888 1837 omnes,
2907 1774 2998 1842 qui
3022 1771 3278 1827 tribulant
3297 1786 3403 1826 me.

268 1345 357 1399 57.
397 1346 512 1398 Ὅτι
541 1344 808 1414 θλίϐομαι,
842 1347 976 1416 ταχὺ
1001 1344 1304 1398 ἐπακουσὸν,
1327 1359 1447 1412 μου.

274 1434 362 1488 58.
401 1434 639 1505 Πρόσχες
670 1439 732 1506 τῇ
782 1436 925 1506 ψυχῇ
976 1453 1104 1505 μου,
1146 1435 1238 1486 καὶ
1265 1432 1534 1503 λύτρωσαι
1565 1429 1750 1501 αὐτήν.

267 1527 353 1582 59.
387 1529 586 1581 Ἕνεκα
615 1527 719 1581 τῶν
751 1527 957 1598 ἐχθρῶν
994 1543 1094 1597 μου
1128 1524 1282 1596 ῥῦσαί
1319 1540 1406 1593 με.

269 1620 339 1676 40
389 1621 459 1673 Σὺ
489 1620 594 1691 γὰρ
619 1619 901 1688 γινώσκεις
929 1619 1019 1671 τὸν
1046 1617 1341 1686 ὀνειδισμὸν
1375 1631 1478 1687 μου
1500 1653 1515 1679 ,
1539 1612 1631 1668 καὶ
1657 1611 1753 1684 τὴν

201 1712 459 1782 αἰσχύνην
486 1729 610 1782 μου,
643 1712 734 1764 καὶ
763 1711 859 1781 τὴν
887 1711 1148 1779 ὲντροπήν
1186 1725 1305 1777 μου.

265 1802 352 1855 41.
387 1802 650 1854 Ἐναντίον
685 1819 774 1854 σου
807 1802 1002 1863 πάντες
1035 1801 1082 1851 οἱ
1117 1797 1383 1862 θλίϐοντές
1411 1815 1498 1868 με.

267 1893 356 1946 42.
393 1895 718 1965 Ὀνειδισμὸν
745 1892 1138 1965 προσεδόκησεν
1171 1894 1203 1963 ἠ
1235 1890 1375 1961 ψυχή
1402 1867 1502 1960 μου
1533 1888 1633 1959 (α),
1661 1886 1756 1942 κα)⁸
1785 1867 1831 1928 Β

1787 1867 1831 1928 Β
1924 1888 2014 1942 42.
2065 1887 2455 1958 lmproperium
2477 1887 2809 1958 exspectavit
2845 1887 3026 1941 anima
3058 1901 3196 1954 mea,
3226 1894 3279 1942 et
3308 1887 3405 1939 mi-

194 1981 592 2054 ταλαιπωρίαν.

451 1983 592 2054 ρίαν.
1853 1980 2069 2035 seriam.

266 2073 356 2128 45.
388 2076 495 2128 Καὶ
524 2075 787 2128 ὑπέμεινα
813 2073 1262 2144 συλλυπούμενον,
1286 2071 1378 2124 κα.)¹
1398 2070 1495 2140 οὐχ
1517 2068 1753 2143 ὑπῆρξεο

1921 2070 2009 2124 43.
2046 2068 2110 2124 Ει
2143 2070 2379 2126 sustinui
2410 2073 2504 2142 qui
2534 2072 2695 2126 simul
2729 2071 3166 2140 contristaretur,
3201 2082 3256 2128 et
3296 2086 3406 2125 non

1858 2159 2001 2215 fuit:

269 2246 355 2302 44.
390 2249 496 2303 Καὶ
533 2250 976 2322 παρακαλοῦντας
996 2292 1011 2316 ,
1037 2250 1130 2303 καὶ
1159 2251 1255 2320 οὐχ
1286 2243 1461 2320 εὗρον.

1926 2251 2016 2306 44.
2051 2251 2113 2306 Et
2138 2253 2230 2322 qui
2262 2254 2654 2318 consolaretur,
2690 2262 2745 2308 et
2773 2269 2881 2307 non
2914 2255 3111 2309 inveni.

265 2336 355 2394 45.
391 2343 498 2394 Καὶ
529 2341 732 2398 ἔδωκαν
755 2345 835 2408 είς
863 2344 922 2396 τὸ
949 2342 1143 2415 βρῶμά
1171 2360 1269 2413 μου
1303 2341 1463 2413 χολήν
1481 2358 1494 2370 ⁸

1407 2343 1494 2412 ήνο
1923 2344 2011 2397 45.
2042 2343 2107 2399 Et
2136 2345 2401 2400 dederunt
2429 2345 2484 2399 in
2515 2361 2697 2400 escam
2728 2362 2900 2400 meam
2937 2346 3025 2400 fel.

263 2430 356 2484 46.
388 2432 492 2484 Καὶ
523 2435 600 2497 εἰς
630 2435 728 2504 τὴν
758 2435 914 2503 δίψαν
946 2452 1044 2504 μου
1076 2435 1327 2488 ὲπότισάν
1354 2450 1420 2503 με
1453 2430 1594 2494 ὅξος.

1496 2433 1594 2494 ioco
1918 2436 2006 2490 46.
2036 2436 2101 2491 Et
2130 2438 2182 2492 in
2206 2439 2293 2492 siti
2329 2455 2446 2494 mea
2480 2450 2808 2510 potavcrunt
2835 2457 2920 2495 me
2943 2449 3114 2495 aceto.

303 2523 354 2576 7.
383 2523 661 2596 Γενηθήτω
690 2527 721 2595 ἡ
748 2525 989 2596 τράπεζα
1014 2527 1192 2579 αὐτῶν
1220 2524 1443 2577 ἐνώπιον
1471 2517 1646 2572 αὐτῶν
1668 2516 1747 2578 είς

303 2615 397 2654 va.

1725 2530 1747 2578 ἴ
1921 2530 2011 2586 47.
2035 2531 2154 2588 Fiat
2183 2549 2369 2590 mensa
2392 2550 2578 2590 eorum
2603 2550 2794 2591 coram
2820 2537 2952 2606 ipsis
2980 2537 3033 2590 in
3068 2536 3343 2606 laqueum,

190 2615 422 2681 παγίδα,

267 2709 342 2773 (αξ
384 2704 440 2758 lu
475 2721 646 2775 marg.
681 2706 822 2772 cod.,
853 2709 889 2776 ἡ
918 2708 1110 2777 καρδία
1145 2723 1262 2776 μου.

1301 2789 1670 2847 ATHANASII
1707 2785 2292 2843 INTERPRETATIO.

263 2885 353 2952 51,
376 2885 461 2940 52.
489 2884 567 2957 (1)
592 2887 682 2959 Μή
717 2903 816 2957 μου
846 2886 1327 2958 κατακυριευσάτω
1367 2884 1627 2958 ἐπιθυμία
1650 2883 1756 2938 τῶν
1781 2886 1825 2944 C

1791 2886 1825 2944 [ς
1927 2881 2015 2946 51,
2051 2880 2142 2936 5ἳ.
2171 2881 2288 2935 Non
2329 2884 2560 2953 amplius
2609 2886 2664 2939 in
2702 2901 2786 2940 me
2819 2885 3127 2940 dominetur
3154 2886 3409 2956 concupi-

187 2998 252 3034 δα
262 2998 278 3032 ι
285 2979 460 3048 μόνων
468 3021 479 3030 .

1856 2975 2060 3029 scenlia
2089 2976 2414 3028 dtemonum.

270 3071 357 3125 ⁸55.
391 3072 539 3140 Μηδὲ
567 3072 859 3144 συγκλείσῃ
891 3089 956 3142 με
979 3073 1036 3126 ἐν
1068 3070 1242 3141 ἑαυτῷ
1278 3073 1306 3124 ὁ
1326 3071 1586 3134 διάϐολος.

1923 3064 2012 3118 55.
2046 3061 2231 3132 Neque
2257 3065 2546 3120 concludat
2572 3081 2658 3120 me
2691 3064 2745 3119 in
2773 3080 2832 3121 se
2866 3066 2982 3135 ipso
3007 3065 3270 3120 diabolus.

259 3163 348 3216 54.
383 3162 666 3231 Ὠερέλιμόν
701 3161 775 3233 (2)
819 3165 984 3215 ἐστιν.
1261 3176 1266 3181 ·

710 3161 775 3233 f2)
819 3165 984 3215 ἐστιν.
1261 3176 1266 3181 ·
1919 3156 2008 3209 54.
2044 3154 2200 3209 Utilis
2229 3167 2328 3210 est.

261 3255 354 3309 55.
381 3254 540 3307 Ὅσον
567 3255 829 3326 ὑπάρχεις
858 3255 1151 3326 οἰκτίρμων
1176 3295 1192 3318 ,
1239 3254 1497 3326 βοήθησον
1544 3271 1610 3324 με
1644 3254 1748 3323 (5).

1491 3273 1497 3300 ι
1544 3271 1610 3324 με
1644 3254 1748 3323 (5).
1921 3247 2012 3302 55.
2041 3247 2316 3312 Quantum
2350 3263 2409 3304 es
2435 3248 2748 3301 misericors
2777 3247 2970 3315 adiuva
3007 3263 3109 3302 me.

262 3343 353 3398 56.
390 3343 478 3414 Μὴ
511 3344 788 3417 ὀργισῡῇς,
822 3347 1081 3408 Δέσποτα,
1112 3343 1188 3414 τῷ
1221 3343 1297 3414 σῷ
1332 3344 1536 3415 οἰκέτῃ.

1416 3344 1536 3415 ἐτη.
1917 3337 2005 3392 56.
2042 3336 2119 3392 Ne
2148 3339 2419 3405 irasceris,
2461 3338 2704 3404 Domine,
2737 3355 2894 3395 servo
2923 3350 3034 3393 tuo.

201 3435 217 3450 ‘
259 3432 350 3485 57.
385 3434 504 3486 Ὅτι
527 3433 775 3504 θλίϐομαι
801 3436 886 3488 διὰ
907 3435 1004 3504 τὴν
1031 3435 1300 3503 ἁμαρτίαν
1351 3451 1450 3503 μου
1484 3433 1621 3504 ταχὺ
1653 3433 1749 3486 ἐπ-

1919 3430 2009 3486 57.
2053 3429 2324 3495 Quoniam
2358 3430 2586 3484 tribulor
2633 3441 2850 3501 propter
2890 3440 3168 3501 peccatum
3203 3445 3404 3492 meum.

189 3521 428 3578 ἄκουσόν
456 3525 530 3592 (4)
560 3526 706 3594 μον.“

1848 3519 2103 3573 velociter
2131 3521 2326 3574 exaudi
2359 3536 2461 3573 me.

387 3616 687 3685 Προνόησον
717 3619 782 3687 τῇ
817 3615 959 3690 ψυχῇ
998 3636 1096 3688 μου
1127 3619 1225 3688 (5).

1049 3636 1096 3672 re
1127 3619 1225 3688 (5).
1918 3610 2005 3665 58.
2039 3609 2269 3665 Provide
2295 3613 2487 3664 anima:
2518 3625 2667 3664 mea.

263 3709 352 3762 59.
387 3711 448 3762 Ei
478 3712 569 3762 καὶ
595 3711 704 3778 ἐγὼ
731 3711 829 3764 οὐκ
856 3713 971 3783 εἰμὶ
1017 3713 1162 3778 ἄξιος
1195 3713 1269 3783 (6)
1305 3712 1615 3784 δυσωπῆσαι
1665 3728 1748 3776 σε,

1918 3704 2006 3758 59.
2034 3703 2098 3757 Ει
2136 3705 2180 3757 si
2211 3720 2308 3773 ego
2333 3705 2528 3773 dignus
2561 3718 2667 3756 non
2695 3701 2796 3757 sim
2827 3709 2885 3754 ιιι
2926 3709 2977 3754 te
3013 3715 3251 3762 exorem,
3304 3717 3399 3755 νος

184 3801 329 3854 ἀλλὰ
359 3801 446 3854 διὰ
479 3802 538 3854 τὸ
573 3806 753 3872 μισεῖν
786 3821 842 3856 σε
871 3805 968 3866 τὰς
999 3805 1242 3867 ἐναντίας
1270 3804 1545 3874 δυνάμεις.

1850 3804 2159 3849 rumtamen
2197 3795 2453 3863 quoniam
2489 3793 2653 3848 odisti
2691 3792 2993 3847 contrarias
3016 3798 3325 3859 potestates.

261 3891 352 3944 40.
379 3892 449 3945 Σὺ
470 3892 578 3964 γὰρ
607 3894 894 3963 γινώσκεις
918 3894 1006 3948 τὸν
1040 3895 1340 3966 ὀνειδισμὸν
1375 3912 1474 3968 μου
1503 3896 1592 3949 τὸν
1625 3896 1752 3966 παρ’

1921 3887 2006 3940 40.
2051 3885 2130 3941 Tu
2174 3888 2318 3941 enim
2371 3886 2480 3941 seis
2529 3884 2878 3955 opprobrium
2924 3897 3126 3946 meum,
3161 3883 3306 3951 quod
3341 3883 3409 3936 ab

184 3983 390 4050 αὐτῶν,
427 3986 519 4038 καὶ
545 3988 643 4056 τὴν
669 3985 928 4056 αἰσχύνην
961 3987 1027 4056 ἢν
1055 3986 1182 4057 ἔχω,
1209 3989 1300 4040 καὶ
1333 3987 1431 4057 τὴν
1463 3991 1749 4060 ἐντροπὴν.

1847 3980 1928 4035 eis
1955 3980 2086 4033 mihi
2125 3989 2226 4045 est,
2257 3989 2312 4034 et
2351 3979 2747 4043 confusionem,
2786 3991 2949 4045 quam
2998 3975 3191 4038 lialieo,
3227 3983 3280 4029 et
3305 3991 3407 4043 pu-

1850 4071 2052 4126 dorem.

256 4157 348 4210 41.
386 4159 452 4210 At
484 4159 716 4211 ἐναντίαι
747 4159 1000 4229 δυνάμεις
1037 4160 1172 4212 εἰσὶν
1197 4161 1254 4214 αξ
1283 4160 1558 4214 θλίϐουσαί
1591 4180 1677 4231 με.

1920 4162 2011 4216 41.
2044 4160 2345 4214 Contrarite
2373 4170 2668 4229 potestates
2694 4167 2841 4222 sunt,
2867 4172 2987 4227 quae
3015 4156 3273 4210 tribulant
3301 4172 3403 4212 me.

257 4246 350 4299 42.
372 4247 529 4318 Παρὰ
566 4251 726 4302 πᾶσιν
751 4250 949 4313 ὄνειδος
973 4251 1064 4304 καὶ
1089 4249 1375 4319 βδελυκτὸς
1408 4252 1691 4323 ἐγενόμην.
1781 4248 1823 4302 ι)

1789 4248 1823 4302 D
1921 4249 2008 4303 42.
2045 4249 2199 4318 Apud
2232 4264 2422 4305 omnes
2468 4251 2784 4320 probrosus,
2815 4257 2870 4303 et
2901 4247 3281 4302 abominabilis
3329 4245 3407 4300 fa—

1849 4351 1968 4395 ειυς
2000 4356 2142 4396 sum.

256 4424 347 4478 45.
382 4424 578 4476 Λοιπὸν
609 4427 637 4476 ὁ
665 4424 867 4497 Κύριος
913 4426 1060 4495 λέγει
1083 4467 1098 4492 ,
1144 4429 1225 4482 ὅτι
1266 4430 1588 4500 Περιέμεινα
1624 4431 1749 4483 ἰδεῖν

1919 4433 2007 4488 45.
2041 4431 2266 4486 Demum
2314 4427 2577 4483 Dominus
2625 4427 2777 4491 dicit,
2807 4426 3063 4496 quoniam
3101 4424 3405 4494 exspectavi

175 4532 310 4568 τινα
366 4514 793 4587 συλλυπούμενον
847 4519 923 4589 τῷ
984 4521 1378 4589 ἁμαρτάνοντι,
1428 4523 1521 4574 καὶ
1579 4521 1747 4586 οὐδεὶς

1849 4525 2033 4578 videre
2088 4523 2323 4589 aliquem
2370 4520 2745 4574 condolentem
2795 4518 3100 4589 peceatori.
3144 4526 3198 4570 et
3247 4529 3406 4569 nemo

179 4609 348 4671 ὅλως.

1850 4616 2074 4669 omnino
2103 4612 2223 4666 fuit.

258 4700 350 4754 44.
383 4700 784 4765 Νουθετοῦντας
820 4702 1118 4776 ἐξεζήτησα
1172 4702 1248 4772 (7)
1305 4701 1472 4754 ἐλθὼν
1517 4704 1608 4756 ἐπὶ
1650 4703 1748 4776 τὴν

1920 4705 2011 4760 44.
2044 4703 2414 4757 Admonentes
2462 4699 2683 4769 quaesivi
2733 4698 2956 4753 veniens
2982 4695 3036 4749 in
3079 4704 3300 4762 terram,
3353 4704 3408 4751 et

173 4789 311 4860 γῆν,
341 4792 434 4842 καὶ
466 4791 560 4861 οὐχ
585 4787 760 4862 εὗρον.

585 4787 760 4862 εὗρον.
1851 4813 1958 4853 non
1987 4797 2184 4850 inveni.

253 4879 349 4934 45.
379 4881 502 4935 Ἐπὶ
526 4883 619 4936 τοῦ
650 4883 902 4954 σταυροῦ.

681 4883 902 4954 ηταυροῢ.
1919 4889 2006 4943 45.
2039 4888 2093 4941 in
2122 4901 2299 4942 cruce.

253 4973 345 5028 46.
393 4972 619 5044 Ὁμοίως
641 4975 715 5045 (8)
747 4976 839 5027 ἐπὶ
867 4974 960 5028 τοῦ
997 4976 1251 5046 σταυροῦ.

997 4976 1251 5046 σταυροῦ.
1916 4978 2004 5033 46.
2043 4979 2302 5032 Similiter
2331 4977 2388 5031 in
2420 4990 2599 5033 cruce.

255 5063 345 5117 47.
365 5063 425 5116 Ἦ
444 5064 637 5135 καρδία
660 5064 836 5118 αὐτῶν
851 5066 976 5117 εἴτω
996 5063 1178 5136 [ἔστω]
1211 5067 1628 5139 εὐτρεπισμένον
1664 5070 1740 5141 (9)

1916 5070 2003 5122 47.
2037 5072 2146 5126 Cor
2166 5085 2353 5125 eorum
2381 5071 2451 5124 sit
2476 5073 2833 5138 praeparatum
2863 5063 3097 5127 diabolo,
3126 5073 3178 5117 et
3201 5063 3405 5134 angelis

172 5153 262 5224 τῷ
293 5155 540 5226 διαϐόλῳ,
571 5157 663 5208 καὶ
694 5159 804 5219 τοῖς
833 5155 1082 5224 ἀγγέλοις
1111 5156 1293 5211 αὐτοῦ.
1847 5161 1984 5233 ejus.

1130 5250 1436 5312 Addenda
1476 5261 1537 5313 et
1567 5253 1944 5334 corrigenda
1966 5271 2042 5314 ex
2067 5250 2206 5312 cod.
2239 5248 2439 5309 Vatic.

368 5368 430 5425 N.
465 5371 553 5424 51.
580 5372 847 5446 _Mf)._etc.
875 5369 939 5427 Ν.
971 5373 1057 5427 52.
1131 5372 1190 5426 '0
1222 5373 1484 5440 διάϐολος.
1542 5377 1608 5430 Ν.
1642 5376 1733 5437 55.
1909 5376 1984 5446 (6)
2016 5377 2076 5429 ΕΞ
2101 5374 2193 5428 καὶ
2215 5369 2324 5446 εγὼ
2375 5369 2591 5435 ἀνάξιός
2624 5369 2757 5435 είμι.
2801 5365 2919 5420 Mox
2957 5368 3132 5437 μισεῖν
3155 5409 3169 5423 .
3197 5408 3212 5423 .
3237 5409 3251 5425 .
3278 5409 3294 5424 .
3314 5368 3403 5426 δ’).

173 5441 338 5517 unfit-ﬁ
371 5442 767 5517 usqneéaptqi.
830 5513 840 5517 _
1003 5512 1013 5517 _
1064 5512 1101 5517 ﬂ
1162 5515 1170 5517 _
1842 5441 2052 5517 νάμεις,
2089 5441 2371 5517 ῥῦσαί-με.

277 5510 335 5583 ἓ)
365 5503 491 5583 ξοξι
521 5503 796 5581 ὠφέλιμόν
826 5513 938 5565 ἐστι
967 5512 1028 5566 τὸ
1061 5512 1205 5578 ἔλεός
1233 5532 1344 5569 σου.
1911 5503 1986 5582 (7)
2017 5503 2126 5567 ’καὶ
2155 5503 2537 5583 νουθετορντας
2568 5507 2822 5583 ἐζήτησα.

363 5581 494 5653 MOI.
658 5649 668 5653 Α
703 5579 711 5581 ἡ
2031 5584 2263 5653 Ὁμοίως
2295 5580 2472 5637 πάλιν,
2505 5587 2607 5653 etc.

253 5648 332 5726 (4)
365 5649 758 5726 ἘπάκονσόνἈ
841 5719 853 5726 ⁸
939 5721 963 5726 _
2026 5648 2180 5708 “ne...
2213 5648 2632 5720 εὐτρεπισμένη.

249 5719 332 5791 (5)
365 5719 668 5792 Προνόησαι
699 5720 794 5791 τῆς
826 5719 1000 5791 ψυχῆς
1033 5740 1151 5793 μου.
