4056 6318
704 370 810 423 9ἳ7
1544 375 1600 431 S.
1644 375 2009 433 ATHANASII
2048 377 2200 435 OPP.
2242 376 2420 432 PARS
2460 377 2544 431 lll.
2583 408 2651 420 --
2687 374 3093 432 EXEGETICA.
3833 372 3929 430 928

776 486 864 544 48.
895 487 959 542 Et
989 489 1041 544 in
1071 492 1504 560 retributionem,
1537 506 1590 550 et
1613 498 1666 550 in
1701 500 2042 556 scandalum.
2298 505 2344 560 Α

2298 505 2344 560 Α
2443 499 2510 552 48
2566 500 2672 552 Kal.
2705 499 2783 562 είς
2823 497 3196 556 ἀνταπόδοσιν,
3229 494 3321 547 καὶ
3350 495 3430 558 είς
3459 491 3769 546 σκάνδαλον.

775 580 861 635 49.
896 581 1269 640 Obscurentur
1296 587 1440 642 oculi
1467 604 1680 658 eorum,
1705 607 1772 647 ne
1801 593 2059 650 videant:

2445 587 2530 641 49.
2556 587 2996 659 Σκοτισθήτωσαν
3027 587 3076 638 οἱ
3108 585 3372 655 ὀφθαλμοὶ
3405 584 3580 637 αὐτῶν
3604 582 3695 636 τοῦ
3721 582 3800 653 μὴ
3823 581 3929 651 βλέ-

2375 696 2495 732 πειν
2517 697 2530 709 ⁶

776 754 866 809 50.
904 754 969 810 Ει
999 757 1222 815 dorsum
1258 776 1448 817 eorum
1478 780 1692 836 semper
1723 767 1969 826 incurva.

2445 770 2532 825 50.
2564 770 2671 823 Καὶ
2720 770 2809 823 τὸν
2869 767 3035 822 νῶτον
3072 767 3248 821 αὐτῶν
3276 766 3561 831 διαπαντὸς
3595 764 3925 835 σύγκαμψον.

777 847 865 901 51.
895 847 1121 905 Ellunde
1148 869 1312 923 super
1343 870 1437 911 eos
1466 857 1600 911 iram
1627 867 1816 915 tuam:

2443 863 2529 919 51.
2565 865 2790 933 Ἐκχεον
2812 864 2896 916 ἐπ’
2927 863 3119 925 αὐτοὺς
3151 861 3248 932 τὴν
3281 861 3450 932 ὀργήν
3483 878 3604 914 σου·

778 940 865 992 59..
900 939 966 994 Et
999 941 1151 998 furor
1182 946 1274 1000 ira:
1302 955 1406 1002 tua:
1432 953 1855 1020 comprehendat
1880 967 1994 1008 eos.

2455 955 2542 1009 52.
2580 956 2688 1008 Kal.
2715 957 2742 1008 ὁ
2767 954 2936 1024 θυμὸς
2961 952 3058 1023 τῆς
3083 952 3251 1023 ὀργῆς
3281 969 3371 1004 σου
3406 950 3697 1004 καταλάϐοι
3718 950 3923 1012 αὐτούς.

777 1030 863 1084 55.
893 1031 1011 1086 Fiat
1043 1034 1306 1091 habitatio
1333 1055 1521 1095 eorum
1547 1043 1758 1097 deserta
1785 1063 1799 1099 :

2444 1047 2531 1100 55.
2566 1045 2852 1117 Γενηθήτω
2886 1047 2919 1117 ἡ
2961 1045 3182 1108 ἔπαυλις
3215 1044 3390 1097 αὐτῶν
3427 1042 3757 1114 ἡρημωμένη

782 1124 870 1179 5t.
901 1124 966 1180 Et
1007 1127 1062 1180 in
1111 1129 1474 1188 tabernaculis
1508 1149 1698 1190 eorum
1729 1151 1835 1190 non
1865 1137 1956 1205 sit,
1989 1137 2081 1208 qui
2114 1137 2272 1193 inha-

2442 1139 2529 1194 54.
2564 1140 2673 1192 Καὶ
2711 1141 2767 1192 ὲν
2789 1140 2900 1202 τοῖς
2935 1137 3282 1209 σκηνώμασιν
3313 1136 3492 1190 αὐτῶν
3521 1135 3593 1206 μὴ
3628 1136 3768 1191 ἔστω
3789 1137 3816 1186 ὁ
3841 1152 3922 1186 κα-

709 1215 863 1270 bitet.

2373 1231 2593 1284 τοικῶν.

777 1306 863 1360 55.
888 1307 1154 1374 Quoniam
1178 1326 1336 1381 quem
1363 1320 1419 1367 tu
1448 1315 1789 1384 percussisti,
1809 1319 2078 1387 persecuti
2104 1330 2231 1375 sunt
2255 1337 2270 1376 :

2165 1330 2270 1376 nt:
2446 1325 2536 1380 55.
2565 1325 2684 1378 Ὅτι
2717 1324 2775 1377 δν
2810 1323 2874 1376 σὺ
2906 1323 3199 1386 ὲπάταξας,
3233 1319 3383 1373 αὐτοὶ
3411 1319 3735 1384 κατεδίωξαν
3756 1360 3767 1371 .

779 1397 867 1452 56.
917 1399 980 1454 Et
1024 1415 1184 1471 super
1212 1403 1454 1460 dolorem
1502 1406 1784 1461 vulnerum
1831 1424 2074 1465 meorum
2111 1411 2264 1466 addi-

2447 1415 2537 1472 56.
2573 1415 2684 1468 Καὶ
2722 1414 2812 1468 ἐπὶ
2844 1413 2907 1467 τὸ
2945 1413 3106 1482 ἄλγος
3133 1411 3242 1466 τῶν
3267 1409 3595 1482 τραυμάτων
3623 1427 3724 1480 μου
3773 1425 3920 1479 προσ-

710 1487 924 1544 derunt.

2373 1507 2588 1578 έθηκαν.

781 1582 865 1637 57.
889 1584 1113 1654 Appone
1137 1585 1473 1656 iniquitatem
1497 1603 1657 1658 super
1674 1590 2014 1661 iniquitatem
2040 1609 2230 1650 eorum
2256 1612 2267 1648 :

2171 1609 2230 1648 im
2256 1612 2267 1648 :
2447 1596 2534 1649 57.
2579 1594 2823 1666 Πρόσθες
2852 1593 3084 1663 ἀνομίαν
3117 1592 3208 1645 ἐπὶ
3235 1595 3298 1662 τῇ
3332 1589 3530 1661 ἀνομίᾳ
3568 1589 3773 1643 αὐτῶν·

783 1677 872 1730 58.
907 1676 969 1730 Et
1003 1692 1108 1730 non
1139 1678 1339 1732 intrent
1368 1680 1421 1732 in
1444 1681 1709 1749 justitiam
1740 1692 1908 1738 tuam.

2441 1687 2529 1740 58.
2570 1686 2679 1739 Kal.
2710 1687 2783 1758 μὴ
2815 1684 3203 1739 είσελθέτωσαν
3229 1686 3286 1736 ὲν
3319 1681 3631 1751 δικαιοσύνῃ
3666 1698 3776 1734 σου.

782 1768 869 1822 59.
905 1767 1190 1823 Deleantur
1219 1772 1286 1823 de
1309 1769 1447 1825 libro
1478 1772 1773 1827 viventium
1801 1791 1814 1828 :
2305 1845 2336 1849 _

2305 1845 2336 1849 _
2447 1780 2534 1834 59.
2558 1779 3064 1849 Ἐξαλειιρθήτωσαν
3094 1779 3158 1831 ἐκ
3184 1776 3364 1847 βίϐλου
3395 1775 3638 1840 ζώντων·

783 1858 870 1910 60.
903 1856 1110 1912 Etcum
1139 1859 1300 1930 justis
1329 1876 1435 1914 non
1464 1863 1792 1918 scribantur.
2305 1845 2345 1899 Β

2305 1845 2345 1899 Β
2448 1871 2534 1926 60.
2576 1845 2684 1925 Ka‘t
2715 1845 2850 1941 μετὰ
2871 1845 3096 1924 δικαίων
3126 1845 3198 1942 μή
3222 1871 3605 1940 γραφήτωσαν.

780 1945 865 2000 6|.
898 1945 1110 2018 Pauper
1141 1959 1194 2003 et
1223 1950 1412 2004 dolens
1444 1967 1562 2006 sum
1595 1968 1733 2021 ego:

2443 1963 2530 2018 6|.
2573 1964 2792 2035 Πτωχὸς
2818 1965 2910 2017 καὶ
2940 1963 3118 2031 ἀλγῶν
3152 1965 3265 2033 εἰμι
3295 1961 3427 2030 ἐγώ·

781 2038 869 2094 62.
905 2040 1063 2095 Salus
1096 2049 1209 2108 tua,
1243 2043 1406 2108 Deus,
1439 2047 1677 2115 suscepit
1711 2062 1815 2102 me.

2442 2054 2530 2108 62.
2557 2057 2619 2108 Ἦ
2649 2056 2890 2127 σωτηρία
2919 2072 3008 2107 σου
3041 2056 3068 2107 ὁ
3097 2055 3226 2118 Θεὸς
3251 2053 3586 2109 ἀντιλάϐοιτό
3613 2052 3687 2120 (α)
3728 2070 3843 2120 μου.

776 2130 864 2186 65.
903 2131 1162 2187 Laudabo
1197 2151 1392 2190 nomen
1423 2136 1512 2192 Dei
1545 2137 1662 2210 [Dei
1694 2139 1822 2212 mei]
1870 2156 1994 2197 cum
2021 2143 2270 2198 cantico:

2447 2147 2534 2202 65.
2576 2147 2783 2200 Αίνὲσω
2799 2146 2858 2198 τὺ
2874 2145 3044 2216 ὄνομα
3058 2145 3150 2197 τοῦ
3168 2145 3299 2197 Θεοῦ
3319 2142 3474 2215 [Θεοῦ
3497 2141 3620 2213 μου]
3642 2142 3917 2212 μετ’

779 2223 863 2278 6i.
894 2224 1250 2296 Magnilicabo
1279 2243 1402 2283 eum
1427 2229 1480 2285 in
1513 2230 1689 2287 laude.

2453 2238 2539 2292 64.
2580 2238 2877 2306 Μεγαλυνῶ
2903 2239 3061 2290 αὑτὸν
3088 2241 3143 2290 ὲν
3175 2237 3396 2290 αἰνέσει.

782 2316 868 2369 65.
903 2315 966 2370 Ει
989 2319 1217 2388 placebit
1244 2322 1352 2376 Deo
1385 2338 1548 2392 super
1575 2323 1804 2379 vitulum
1830 2323 2122 2392 novellum,
2153 2339 2274 2382 cor-

2446 2332 2534 2385 65.
2577 2332 2682 2383 Καὶ
2708 2330 2895 2402 ἀρέσει
2927 2328 3002 2398 τῷ
3030 2328 3146 2400 Θεῷ
3171 2329 3310 2395 ὑπὲρ
3343 2327 3538 2398 μόσχον
3564 2327 3702 2388 νέον,
3735 2325 3917 2394 κέρατι

712 2424 818 2460 nua
849 2411 1235 2477 producentem
1271 2425 1322 2468 et
1352 2417 1600 2485 ungulas.

1410 2417 1600 2485 tgulas.
2376 2425 2676 2496 ὲκῳέροντσι
2706 2425 2798 2477 καὶ
2824 2421 3012 2486 ὁπλάς.

774 2499 859 2552 66.
897 2497 1123 2555 Videant
1147 2519 1410 2574 pauperes
1433 2517 1486 2561 et
1516 2507 1779 2564 lzetentur.

2444 2516 2533 2571 66.
2577 2516 2651 2586 (ὁ)
2679 2515 2958 2569 ’ἰδέτωσαν
2988 2513 3211 2584 πτωχοὶ,
3246 2513 3337 2566 καὶ
3374 2510 3841 2582 εὐφρανθήτωσαν.

769 2610 843 2750 Eu)
869 2612 1212 2666 ’Λντελάὅετο
1248 2632 1350 2670 ms.
1383 2627 1437 2671 et
1465 2619 1588 2674 cod.
1628 2618 1742 2673 Pal.

797 2681 846 2750 ὁ)
891 2683 949 2734 V.
986 2685 1071 2738 66.
1101 2685 1344 2750 Κέρατα,
1377 2698 1478 2742 ctc.
1511 2688 1576 2742 ν.
1613 2689 1698 2742 67.
1725 2691 1737 2710 '

797 2681 846 2751 ὁ)
891 2683 949 2734 V.
986 2685 1071 2738 66.
1101 2685 1344 2756 Κέρατα,
1377 2698 1478 2742 etc.
1511 2688 1576 2742 ν.
1613 2689 1698 2742 67.
1725 2689 2022 2756 ἰδέτωσαν,
2057 2699 2161 2747 etc.
2191 2690 2258 2748 ν.
2298 2692 2386 2749 68.

1725 2689 2022 2756 ἰδέτωσαν,
2057 2699 2161 2747 etc.
2191 2690 2258 2748 ν.
2298 2692 2386 2749 68.
2412 2694 2799 2768 Ἐκζητήσατε,
2829 2704 2958 2759 etc.,
2989 2710 3110 2766 usq.
3150 2694 3320 2766 ὑμῶν.

1819 2846 2196 2903 ATHANASII
2238 2844 2821 2903 INTERPRETATIO.

773 2952 858 3005 48.
898 2954 957 3006 Et
992 2955 1043 3007 in
1072 2957 1322 3024 praesenti
1360 2960 1559 3013 szeculo
1609 2963 2082 3031 (retributionem)
2117 2963 2261 3018 acci-
2289 2966 2330 3023 C

2312 2966 2330 3022 Ζ
2432 2961 2518 3014 48.
2553 2961 2661 3013 Καὶ
2708 2962 2766 3014 ὲν
2797 2959 2875 3030 τῷ
2929 2958 3024 3014 νῦν
3057 2959 3211 3013 αἰῶνι
3254 2959 3602 3024 ἀπολάϐωσι,
3640 2962 3732 3014 καὶ
3768 2965 3824 3016 ἔν
3851 2963 3914 3032 τῷ

701 3044 868 3110 piant,
891 3046 1009 3099 etin
1033 3047 1214 3102 l‘uturo
1230 3051 1681 3119 condemnentur,
1697 3054 1824 3124 quia
1845 3053 2104 3109 seandalo
2120 3065 2266 3110 sunt.

2096 3065 2266 3110 tsunt.
2374 3053 2617 3125 μέλλοντι
2644 3051 3064 3124 κατακριθῶσιν,
3101 3052 3176 3115 ὡς
3206 3051 3496 3106 σκάνδαλον
3530 3051 3698 3116 ὄντες.

773 3134 859 3186 49.
891 3134 1043 3188 Oculi
1077 3139 1272 3192 mentis
1304 3154 1518 3193 eorum.

2441 3144 2528 3198 49.
2554 3146 2616 3196 Ol
2643 3144 2906 3214 ὀφθαλμοὶ
2935 3144 3031 3214 τῆς
3065 3144 3298 3208 διανοίας
3331 3145 3528 3198 αὐτῶν.

771 3215 860 3271 50.
895 3218 957 3271 Ει
989 3236 1094 3273 non
1143 3223 1466 3292 resipiscam
1496 3243 1526 3281 a
1557 3229 1792 3298 peccatis
1827 3245 2040 3298 eorum,
2073 3231 2166 3288 sed
2213 3230 2270 3287 in

2442 3236 2528 3293 50.
2561 3239 2670 3290 Καὶ
2700 3239 2774 3309 μὴ
2810 3237 3173 3292 ἀνανεύσωσιν
3197 3237 3302 3291 ἀπὸ
3323 3239 3419 3307 τῆς
3443 3238 3713 3308 ἁμαρτίας
3736 3240 3912 3303 αὐτῶν,

702 3307 834 3375 Ipsis
865 3312 1189 3367 moriantur.

2370 3329 2481 3384 ἀλλ’
2514 3331 2571 3382 ὲν
2600 3307 2736 3400 αὑτῇ
2763 3307 3177 3384 ἀποθανοῦνται.

765 3401 855 3458 5-1.
891 3403 1016 3474 Igne
1051 3408 1296 3462 comburi
1326 3409 1410 3465 l‘ac
1441 3426 1537 3466 eos
1571 3429 1600 3466 e
1622 3414 1778 3468 coelo.

2443 3421 2530 3474 51.
2549 3421 2951 3491 Πυρικαύστους
2984 3422 3176 3485 αὐτοὺς
3199 3421 3273 3491 (l)
3298 3420 3521 3490 ποίησον
3554 3422 3618 3473 ὲκ
3648 3419 3743 3472 τοῦ
3773 3423 3912 3492 οὐρα-

2380 3533 2483 3570 JOU.

774 3577 860 3631 5‘2.
899 3576 960 3631 Et
994 3595 1156 3634 nemo
1186 3596 1372 3636 eorum
1400 3585 1657 3641 salvetur.

2443 3607 2532 3661 52.
2569 3607 2677 3660 Καὶ
2716 3606 2903 3677 μηδεὶς
2934 3606 3110 3660 αὐτῶν
3138 3606 3386 3676 διασωθῇ,

769 3669 859 3723 55.
897 3669 1126 3725 Mentem
1164 3689 1349 3729 eorum
1389 3678 1678 3747 signiﬁcat.

2439 3698 2525 3753 55.
2558 3697 2667 3767 Τὴν
2691 3669 2924 3751 διάνοιαν
2950 3698 3024 3767 (‘2)
3052 3697 3229 3751 αὐτῶν
3261 3669 3423 3765 λέξει.

770 3761 858 3815 5-1.
892 3761 1020 3817 Sine
1056 3766 1260 3820 auxilio
1287 3769 1416 3822 sint.

2440 3790 2526 3843 54.
2559 3761 2873 3860 ’Λ6οήθητοι
2906 3761 3058 3842 ὦσιν.

773 3851 862 3905 55.
894 3852 1186 3919 Quoniam,
1215 3870 1375 3926 quem
1409 3867 1465 3913 tu
1517 3860 1713 3915 misisti
1746 3862 1801 3916 in
1846 3862 2130 3929 mundum,
2162 3864 2264 3938 ipsi

2441 3882 2527 3935 55.
2561 3882 2682 3935 Ὀτι
2707 3851 2788 3935 ’δᾴ
2817 3883 2880 3935 σὺ
2910 3881 3227 3944 ἀπέστειλας
3257 3882 3335 3945 είς
3382 3881 3472 3935 τὸν
3515 3883 3716 3935 κόσμον
3743 3921 3757 3936 .
3783 3881 3913 3935 αὐτοὶ

701 3943 1033 4000 occiderunt.

768 4033 853 4086 56.
887 4032 1097 4090 Lancea
1129 4041 1533 4097 transfixorum.

771 4123 860 4176 57.
893 4123 1364 4190 Quemadmodum
1402 4135 1503 4202 ipsi
1533 4138 1769 4192 contenti
1803 4154 1911 4193 non
1937 4137 2156 4192 fuerunt
2180 4151 2264 4190 me

700 4215 1057 4283 crucitixisse,
1104 4223 1200 4276 sed
1251 4225 1417 4279 aliam
1474 4228 1637 4283 etiam
1685 4230 1896 4300 plagam
1947 4232 2078 4284 mihi
2124 4231 2266 4284 intu-

701 4305 899 4360 lerunt.

770 4399 858 4454 58.
890 4402 948 4454 ln
977 4417 1199 4470 regnum
1233 4413 1406 4460 tuum.

770 4493 858 4546 59.
889 4491 928 4543 E
951 4495 1124 4548 cmlis.

773 4583 857 4637 60.
896 4584 950 4638 In
984 4588 1158 4644 cmlis.

769 4676 856 4730 6|.
910 4677 1234 4734 Mcndicavit
1284 4681 1336 4736 in
1391 4683 1702 4738 servitutem
1755 4684 2030 4742 redactum
2093 4703 2260 4759 genus

2371 3977 2683 4044 ἐφόνευσαν.

2558 4069 2737 4139 Λόγχῃ
2771 4067 2845 4138 (5)
2881 4067 3251 4138 ἐξεκέντησαν.

2438 4160 2524 4214 57.
2553 4161 2761 4231 ’Ὠσπερ
2791 4160 2943 4213 αὐτοὶ
2984 4161 3082 4214 οὐκ
3129 4160 3471 4232 ἠρκέσθησαν
3522 4160 3914 4232 σταυρώσαντίς

2298 4305 2340 4360 D
2372 4270 2460 4322 με,
2494 4253 2628 4306 ἀλλὰ
2661 4253 2754 4306 καὶ
2785 4254 2975 4325 ἑτέραν
3000 4253 3209 4325 πληγὴν
3239 4254 3512 4324 ὲπήγαγόν
3536 4271 3646 4322 μοι.

2441 4429 2526 4484 58.
2551 4429 2641 4482 Ἐν
2663 4433 2727 4501 τῇ
2758 4429 2998 4502 βασιλεία
3026 4448 3140 4484 σου.

2441 4523 2528 4577 59.
2554 4522 2652 4576 Ἐκ
2677 4522 2783 4576 τῶν
2811 4524 3072 4595 οὐρανῶν.

2442 4613 2528 4669 60.
2556 4614 2645 4667 Ἐν
2677 4618 2788 4678 τοῖς
2815 4616 3077 4687 οὐρανοῖς.

2437 4706 2524 4759 Gl.
2550 4704 2889 4777 Ἐπτώχευσε
2920 4706 3179 4761 δουλωθὲν
3211 4707 3272 4761 τὸ
3302 4707 3655 4779 γένος

699 4775 965 4822 nostrum.

769 4856 855 4910 62.
894 4858 959 4912 Et
994 4861 1269 4931 sepultura
1313 4875 1365 4918 et
1412 4869 1739 4923 resurrectio
1777 4878 1891 4934 tua,
1932 4869 2095 4938 Deus,
2138 4890 2260 4930 sus-

2433 4880 2520 4934 62.
2563 4881 2670 4933 Καὶ
2703 4882 2735 4951 ἡ
2760 4881 2901 4952 ταφὴ
2935 4880 3028 4934 καὶ
3056 4882 3088 4952 ὴ
3119 4881 3408 4946 ἀνάστασίς
3438 4897 3553 4945 σου.
3582 4883 3610 4934 ό
3647 4881 3792 4945 Θεὸς,
3820 4884 3895 4935 άν-

697 4949 837 5017 cepit
869 4966 974 5005 me.

2362 4972 2614 5026 τελάϐετό
2649 4949 2769 5042 μοι).

767 5039 853 5093 65.
894 5038 1119 5110 Hymnis
1155 5042 1440 5100 celebrabo
1475 5059 1598 5099 eum
1632 5047 1684 5101 in
1710 5050 2092 5108 exsultatione.

1897 5052 2092 5108 atione.
2433 5064 2523 5118 65.
2551 5038 2672 5117 me
2683 5067 2869 5136 μνήσω
2899 5066 3057 5120 αὑτὸν
3088 5067 3144 5120 ἐν
3169 5065 3499 5134 ἀγαλλιάσει.

767 5130 854 5183 64.
889 5131 1216 5188 Glorilicabo
1241 5151 1363 5190 eum
1397 5139 1450 5191 in
1482 5139 1658 5194 laude.

2435 5156 2523 5210 64.
2566 5130 2784 5220 Midam
2810 5159 2968 5211 αὐτὸν
2998 5160 3054 5211 ὲν
3083 5130 3300 5213 αἰνέσει.

767 5222 854 5275 65.
895 5223 1069 5293 Super
1101 5227 1360 5296 populum
1394 5227 1703 5287 Judaaorum
1758 5236 2052 5303 petulcum,
2083 5245 2138 5292 et
2180 5237 2258 5291 la-

2435 5247 2523 5302 65.
2561 5248 2728 5321 ’Υπὲρ
2753 5249 2843 5302 τὸν
2871 5250 2996 5304 λαὸν
3020 5251 3126 5305 τῶν
3159 5251 3422 5305 Ἰουδαίων
3446 5252 3573 5316 τοὺς
3602 5254 3676 5322 (4)
3707 5249 3885 5320 κερατί-

696 5315 1012 5371 scivientcm
1042 5319 1095 5372 in
1127 5321 1382 5389 peccatis.

2362 5339 2571 5406 ζοντας,
2609 5315 2708 5398 καὶ.
2728 5346 3059 5417 σκιρτῶντας
3091 5348 3147 5401 ὲν
3177 5350 3294 5410 ταῖς
3315 5346 3624 5419 ἁμαρτίαις.

765 5411 850 5465 66.
890 5411 1159 5483 Pauperes
1191 5417 1373 5481 corde,

2429 5434 2517 5489 66.
2559 5437 2620 5488 Οἱ
2655 5441 2717 5510 τῇ
2750 5411 2941 5510 καρδίᾳ
2971 5443 3194 5512 πτωχοὶ.

1642 5534 1946 5598 Addenda
1974 5544 2031 5598 et
2057 5540 2430 5618 corrigenda
2463 5565 2537 5609 ex
2571 5551 2709 5611 cod.
2737 5553 2939 5614 Vatie.

772 5630 846 5691 (ι)
883 5629 1087 5691 Αὺτθύς
1119 5631 1288 5686 deest.

772 5701 843 5726 ,ω
886 5701 945 5726 'll
988 5701 1186 5726 2..'...-....

2445 5650 2516 5716 (Α)
2556 5651 2626 5726 Ν.
2661 5652 2762 5726 _6_(i.
2815 5654 2952 5718 Τοὺς
3000 5671 3138 5726 κερ.,
3179 5655 3299 5712 etc.‘
3327 5655 3394 5711 N.
3424 5655 3511 5711 67.
3545 5656 3603 5708 Οἱ
3650 5655 3732 5725 τῇ,
3776 5662 3874 5713 νίς..

770 5701 844 5766 (‘2)
886 5701 945 5751 ἸΙ
985 5701 1210 5754 διάνοια.
2365 5733 2372 5768 ι

773 5772 844 5793 ιτι
873 5771 945 5793 *ΡΞ
981 5771 1141 5793 \1_-__._
1177 5775 1336 5793 :P-,,.’,
1477 5778 1486 5790 ο

1202 5744 1227 5793 .r
1313 5775 1322 5786 '
1477 5778 1486 5790 '
2365 5701 2532 5788 usque
2564 5723 2627 5775 ad
2657 5723 2804 5793 ἔθνη.

771 5772 846 5838 (5)
873 5771 948 5837 Τῇ
981 5771 1146 5842 λόγχῃ
1173 5775 1524 5844 ἐξεκέντησαν
1557 5793 1642 5846 με.
