4056 6318
85 355 217 412 999
1006 364 1091 420 DE
1131 362 1406 420 TITULIS
1440 361 1880 418 PSALMORUM.
1923 392 1991 402 ——
2031 360 2228 417 PSAL.
2268 358 2451 415 LXIX.
3265 357 3367 412 930

173 479 280 534 67.
303 480 676 553 Ἐκζητήσατε
708 483 797 536 τὸν
825 485 977 547 Θεὸν,
1723 495 1765 548 Α

840 485 977 547 θεὸν,
1723 495 1765 548 Α
1864 484 1950 540 67.
1978 485 2215 552 Quaerite
2250 483 2442 549 Deum,

173 572 280 628 68.
323 574 431 625 Καὶ
471 574 698 643 ζήσεται
725 578 756 645 ἡ
787 577 931 648 ψυχὴ
963 578 1132 649 ὑμῶν.

1066 578 1132 633 ἓν.
1873 582 1960 636 68.
1997 583 2062 635 Et
2092 582 2231 634 vivet
2259 579 2440 633 anima
2473 585 2668 631 vestra.

174 664 280 720 69.
301 667 423 718 Ὀτι
459 668 743 738 εξσήκουσε
769 669 875 724 τῶν
905 673 1148 742 πενήτων
1182 673 1209 723 ὁ
1239 673 1467 744 Κύριοςε

1874 675 1961 728 69.
1999 674 2265 740 Quoniam
2301 671 2578 728 exaudivit
2614 684 2878 740 pauperes
2911 667 3214 724 Dominus:

177 759 281 813 7U.
326 761 432 813 Καὶ
452 761 576 824 τοὺς
603 763 1010 833 πεπεδημένους
1027 766 1190 818 αὑτοῦ
1208 767 1305 820 οὐκ
1325 767 1691 831 ὲξουδένωσεν.

1264 786 1305 820 ικ
1325 767 1691 831 ὲξουδένωσεν.
1875 769 1962 821 70.
1999 767 2059 821 Ει
2090 769 2296 820 vinctos
2325 782 2452 819 suos
2476 781 2578 818 non
2607 765 2866 834 despexit.

177 850 282 906 Ἠ.
324 853 700 908 Λίνεσάτωσαν
731 857 886 908 αὑτὸν
917 859 963 909 οἱ
987 858 1202 928 οὐρανοὶ
1232 861 1320 912 καὶ
1355 863 1385 929 ἡ
1411 861 1500 930 γῆ,

1232 861 1320 912 καὶ
1355 863 1385 929 ἡ
1411 861 1500 930 γῆ,
1873 860 1958 912 71.
1995 858 2237 913 Laudent
2269 859 2415 912 illum
2438 858 2559 911 ςαξιί
2582 867 2632 911 et
2662 866 2823 921 terra,

177 943 280 996 7‘2.
325 946 578 998 Θάλασσα
601 948 693 999 καὶ
727 949 898 1001 πάντα
926 949 994 1002 τὰ
1030 951 1264 1021 ἓρποντα
1293 954 1348 1003 ὲν
1381 954 1516 1022 αὐτῇ
1541 968 1553 980 ·

1305 958 1348 1003 ἐν
1381 954 1516 1022 αὐτῇ
1541 968 1553 980 ·
1874 951 1960 1003 '72.
1990 949 2136 1002 Mare
2171 960 2222 1003 et
2254 951 2434 1002 omnia
2466 951 2677 1018 reptilia
2719 951 2771 1003 in
2800 964 2864 1003 eo
2899 969 2907 1003 :

175 1034 279 1088 75.
301 1039 423 1090 Ὅτι
452 1040 480 1089 ὁ
508 1039 637 1102 Θεὸς
667 1039 825 1093 σώσει
859 1040 956 1112 τὴν
985 1042 1121 1094 Σιών
1144 1060 1155 1072 ·

1878 1041 1965 1096 75.
2004 1039 2270 1106 Quoniam
2308 1037 2449 1094 Deus
2476 1041 2679 1095 salvam
2719 1040 2880 1093 faciet
2911 1039 3080 1104 Sion;

174 1129 280 1183 τό.
325 1133 433 1184 Καὶ
471 1133 984 1204 οἰκοδομηθήσονται
1012 1138 1064 1188 αἱ
1089 1137 1269 1198 πόλεις
1289 1139 1388 1205 τῆς
1409 1135 1687 1198 Ἰουδαίας·

1384 1135 1687 1198 ΓἹουδαίας·
1868 1134 1960 1187 74.
1991 1134 2052 1187 Et
2087 1134 2497 1188 :edilicabnntur
2527 1135 2771 1188 civitates
2810 1131 2944 1186 Juda
2975 1149 2986 1183 :

175 1221 276 1275 75.
324 1224 430 1275 Καὶ
469 1227 880 1296 κατοικήσουσιν
920 1229 1054 1292 ἐκεῖ,
1071 1229 1160 1280 καὶ
1202 1228 1693 1299 κληρονομήσουσιν

1872 1225 1959 1281 75.
1993 1223 2057 1280 Ει
2095 1227 2479 1282 inbabitabunt
2517 1227 2611 1296 ibi,
2639 1238 2692 1282 et
2737 1229 3049 1282 lmreditate
3083 1226 3359 1296 acquircnt

92 1312 313 1381 αὑτήν.

1799 1333 1939 1374 eam.

181 1403 280 1456 713.
303 1407 476 1459 Καὶετδ
497 1409 717 1480 σπέρμα
727 1411 830 1462 τῶν
847 1410 1046 1464 δούλων
1063 1429 1152 1466 σου
1172 1412 1487 1476 καθέξουσιν
1505 1415 1688 1484 αὑτήν.

1869 1408 1956 1463 76.
1993 1407 2058 1462 Et
2091 1425 2273 1464 semen
2311 1425 2589 1463 servorum
2622 1419 2834 1464 tuorum
2879 1410 3172 1478 possidebit
3217 1424 3358 1464 eam.

180 1494 278 1545 77.
299 1498 405 1549 Καὶ
423 1499 468 1550 οἱ
488 1500 804 1566 ἀγαπῶντες
833 1502 894 1555 τὸ
921 1503 1090 1574 ὄνομά
1121 1521 1213 1556 σου
1242 1505 1693 1575 κατασκηνώσου-

1874 1500 1962 1557 77.
2020 1501 2086 1555 Et
2138 1503 2234 1572 qui
2291 1501 2523 1572 diligunt
2582 1516 2778 1555 nomen
2833 1509 2982 1555 tuum
3045 1501 3359 1555 habitabant

95 1601 194 1636 σιν
236 1589 296 1641 ἐν
328 1591 484 1659 αὐτῇ.

359 1591 484 1659 ηὺτῇ.
1798 1593 1852 1650 in
1880 1610 1961 1650 ea.

94 1704 218 1768 Εἰς
249 1704 310 1756 τὸ
344 1704 532 1770 τέλος,
557 1704 636 1771 τῷ
663 1708 857 1771 Δαόὶδ,
884 1711 968 1775 είς
999 1710 1360 1780 ἀνάμνησιν,
1387 1713 1472 1780 είς
1490 1713 1553 1766 τό
1577 1712 1692 1766 σῶ-

1840 1707 1906 1765 In
1935 1712 2111 1780 ﬁnem,
2139 1711 2324 1773 Dauid.
2367 1713 2419 1764 in
2452 1713 2930 1764 rememorationem
2986 1714 3122 1781 quod
3152 1713 3355 1766 salvum

473 1799 580 1850 σαί
602 1816 696 1868 με,
724 1801 951 1868 Κύριος.
987 1805 1159 1857 ΨΑΛ.
1191 1802 1315 1858 ΞΘ’.
1724 1861 1762 1874 _
2030 1823 2075 1858 m

1724 1861 1762 1874 ,ι
2030 1823 2109 1859 me
2155 1807 2330 1874 fecerit
2365 1806 2637 1860 Dominus.
2677 1806 2874 1859 I’SAL.
2909 1805 3112 1862 LXIX.

183 1888 241 1940 ‘l.
273 1889 336 1941 '0
360 1889 512 1953 θεὸς,
549 1861 627 1955 εἰς
651 1861 746 1964 την
776 1861 1024 1963 βοήθειάν
1055 1913 1154 1965 μου
1195 1895 1448 1967 πρόσχες.
1724 1861 1767 1920 Β

1724 1861 1767 1920 Β
1866 1895 1913 1949 1.
1950 1895 2112 1959 Deus,
2149 1899 2200 1950 in
2233 1898 2561 1966 adjutorium
2603 1915 2781 1951 meum
2809 1900 3063 1952 intende:

178 1979 240 2032 Ξ.
286 1982 480 2052 Κύριε,
512 1987 590 2046 εἰς
614 1985 672 2037 τὸ
703 1986 968 2056 βοηθῆσαί
1002 2006 1090 2056 μοι
1125 1989 1372 2041 σπεῦσον.

1865 1989 1917 2042 2.
1948 1990 2193 2054 Domine,
2222 1990 2286 2043 ad
2313 1989 2676 2060 adjuvandnm
2716 2006 2799 2044 me
2828 1990 3043 2043 festina.

183 2071 246 2125 5.
289 2075 763 2147 Αἱσχυνθήτωσαν,
801 2081 892 2132 καὶ
940 2081 1363 2152 ἐντραπήτωσαν
1395 2081 1442 2134 οἱ
1473 2081 1691 2152 ζητοῦν-

1867 2082 1919 2136 5.
1968 2082 2402 2146 Confundanlur,
2457 2092 2510 2136 et
2559 2091 2926 2147 revereantnr,
2964 2083 3055 2151 qui
3108 2091 3359 2150 qumrnnt

98 2179 204 2226 τες
235 2166 335 2236 τὴν
363 2168 537 2238 ψυχήν
581 2187 699 2238 μου.

666 2189 699 2222 ›.
1796 2175 2031 2228 animam
2074 2191 2268 2228 meam.

182 2258 244 2311 4.
265 2260 794 2332 Ἀποστραφήτωσαν
822 2263 897 2324 εἰς
925 2261 993 2314 τὰ
1016 2262 1211 2328 ὀπίσω,
1243 2265 1336 2319 καὶ
1361 2283 1690 2336 καταισχυν-

1866 2267 1918 2320 4.
1947 2268 2272 2321 Avertantnr
2306 2278 2625 2336 retrorsum,
2662 2281 2715 2326 et
2757 2271 3100 2336 erubescant,
3134 2269 3224 2339 qui
3257 2283 3359 2322 vo-

100 2347 372 2420 Θήτωσαν
397 2356 442 2404 oi
473 2352 782 2423 βουλόμενοί
818 2371 906 2424 μοι
938 2356 1100 2412 κακά.

675 2353 782 2406 ενοί
818 2371 906 2424 μοι
938 2356 1100 2412 κακά.
1797 2358 1913 2413 Ιυηι
1943 2359 2075 2413 mihi
2117 2362 2277 2415 mala.

1237 2516 1610 2575 ATHANASII
1653 2517 2215 2574 fNTERPIlETATIO

179 2668 281 2724 67.
321 2671 575 2726 Τουτέστι
606 2672 674 2728 τὰ
699 2673 844 2745 ἔθνη.

829 2717 844 2730 .
1859 2679 1944 2732 67.
1975 2676 2088 2733 lloc
2110 2687 2191 2733 est
2219 2689 2424 2749 gentes.

180 2762 280 2817 68.
323 2762 413 2826 Εἰς
444 2764 530 2817 τὸν
555 2765 724 2820 αίῶνα
751 2766 841 2821 τοῦ
872 2768 1083 2834 αἰῶνος.

970 2786 1083 2834 ινος,
1859 2771 1944 2823 68.
1976 2774 2033 2824 In
2075 2775 2330 2828 saeculum
2365 2777 2572 2832 smeuli.

181 2855 284 2911 69.
325 2857 442 2909 Τῶν
475 2859 642 2926 ἁγίων
676 2861 772 2928 (Ι).

636 2879 642 2903 ν
676 2861 772 2928 (Ι).
1864 2865 1951 2920 69.
1989 2865 2238 2922 Sanetos.

180 2948 280 3000 70.
322 2949 456 3012 Τοὺς
479 2951 917 3020 προσςεύγοντας
938 2953 1084 3023 αὐτῷ
1107 2952 1216 3007 ἀπὸ
1241 2954 1339 3026 τῆς
1364 2953 1655 3024 ἁμαρτίας.

1364 2953 1655 3024 ἁμαρτίας.
1869 2960 1956 3014 70.
1989 2960 2376 3029 Confugientes
2406 2959 2470 3014 ad
2496 2974 2617 3014 eum
2651 2975 2680 3014 a
2719 2963 2952 3030 peccatis

182 3041 283 3096 7f.
323 3043 381 3094 Οί
411 3045 718 3113 ἐπουράνιοι
744 3047 836 3098 καὶ
861 3047 910 3097 οἱ
939 3046 1186 3114 ἐπίγειοι.

1001 3046 1186 3114 ςίγειοι.
1869 3053 1954 3107 71.
1990 3053 2273 3117 Caelestes,
2299 3063 2352 3106 et
2383 3052 2603 3106 terreni.

183 3134 278 3186 79..
306 3134 360 3187 '0
395 3135 594 3206 κόσμος
628 3137 718 3189 καὶ
747 3139 793 3189 οί
827 3139 1288 3210 ἀναστρεφόμενοι
1320 3141 1377 3192 ἐν
1404 3137 1572 3210 αὐτῷ.
1717 3140 1761 3199 C

1373 3137 1572 3210 ναῦτῷ.
1717 3140 1761 3199 C
1863 3145 1952 3198 72.
1983 3144 2233 3207 Mundus,
2266 3154 2319 3197 et
2348 3147 2438 3212 qni
2477 3145 2527 3197 in
2563 3160 2628 3199 eo
2669 3160 2975 3202 versantur.

184 3227 276 3280 75.
321 3228 427 3299 Τὴν
454 3228 629 3300 ψυχὴν
676 3230 773 3300 τὴν
807 3231 1044 3300 διψῶσαν
1073 3233 1252 3286 αὐτόν.
1287 3232 1438 3286 Σιὼν
1467 3233 1573 3303 γὰρ
1599 3231 1686 3302 ἐρ-

1865 3233 1952 3289 75.
1990 3235 2239 3288 Animam
2272 3235 2540 3290 sitientem
2572 3251 2717 3288 eum.
2751 3237 2880 3290 Sion
2922 3241 3063 3293 enim
3100 3241 3357 3314 interpre-

111 3320 408 3389 μηνεύεται
433 3320 690 3390 διψῶσα.

568 3321 690 3376 ὃσα.
1795 3338 1938 3383 tatur
1968 3329 2170 3382 sitiens.

185 3412 279 3466 74.
321 3414 429 3466 Καὶ
468 3414 975 3487 οίκοδομηθήσονται
1023 3419 1076 3470 αἱ
1106 3417 1344 3488 καρδίαι,
1373 3417 1428 3469 αἱ
1459 3415 1535 3486 τῷ
1568 3415 1686 3486 Θεῷ

1865 3423 1951 3477 74.
1990 3422 2054 3476 Ει
2086 3422 2506 3477 αξύίιὶοιιιηιηιιιι·
2553 3421 2713 3476 corda
2750 3422 3057 3478 confitentia
3095 3426 3224 3482 Deo.
3260 3428 3357 3484 Ju-

109 3506 623 3576 ὲξομολογούμεναι.
645 3508 890 3561 Ἰουδαία
918 3511 1024 3578 γὰρ
1054 3509 1411 3579 ἑρμηνεύεται
1446 3507 1565 3573 Θεῷ
1593 3509 1687 3572 ἐξα

1372 3527 1411 3560 ιι
1446 3507 1565 3573 Θεῷ
1593 3509 1687 3572 ὲξο
1795 3511 1910 3562 dma
1945 3509 2088 3563 enim
2130 3510 2517 3565 interpretatur
2551 3513 2808 3578 conﬁtens
2852 3512 2974 3567 Deo.

111 3602 590 3670 ομολογούμενος

189 3693 284 3746 75.
326 3693 436 3763 Τὴν
467 3693 577 3746 ἄνω
611 3693 988 3766 Ἰερουσαλήμ.

1870 3689 1957 3745 75.
2002 3688 2304 3760 Snpernam
2327 3688 2648 3744 Jerusalem.

184 3781 277 3836 76.
318 3783 425 3836 Kal
442 3785 508 3836 τὰ
523 3783 658 3856 ἔργα
685 3785 790 3838 τῶν
805 3787 975 3853 ἁγίων
996 3803 1089 3840 σου
1111 3788 1476 3859 κρατήσουσιν
1500 3787 1692 3859 αὑτήν.

1871 3781 1956 3834 76.
2000 3780 2066 3836 Et
2095 3797 2256 3852 opera
2283 3792 2595 3837 sanctorum
2625 3793 2837 3836 tuorum
2873 3785 3190 3842 obtinebunt
3218 3805 3358 3847 eam.

185 3876 279 3930 77.
319 3876 429 3930 Καὶ
458 3879 610 3930 αὐτοὶ
644 3879 786 3946 ἇγιοι
821 3879 1188 3948 σκηνὼσουσιν
1219 3880 1296 3949 (ὅ)
1323 3883 1380 3935 ὲν
1414 3883 1571 3951 αὐτῇ.

1323 3883 1380 3935 ὲν
1414 3883 1571 3951 αὐτῇ.
1868 3875 1956 3928 77.
1990 3874 2054 3929 Et
2075 3875 2174 3944 ipsi
2201 3875 2371 3930 sancti
2415 3875 2736 3930 habitabunt
2769 3877 2819 3930 in
2845 3894 2906 3932 ea

195 3986 264 4041 Ἦ
298 3989 629 4060 προκειμένη
665 3992 939 4063 ἐπιγραφὴ
979 3993 1219 4064 περιέχει
1249 3994 1325 4065 (4)
1347 4013 1359 4026 ·
1393 3998 1494 4062 Είς
1521 3997 1586 4049 τὸ
1609 3995 1800 4060 τέλος,
1824 3989 1902 4056 τῷ
1932 3989 2126 4052 Δαϐίδ,
2152 3992 2238 4056 εἰς
2271 3990 2610 4059 ἀνάμνησιν
2652 3993 2738 4057 εἷς
2785 3993 2848 4044 τὸ
2892 3995 3090 4048 σῶσαί
3113 4016 3206 4066 με,
3251 4002 3358 4056 K15-

114 4100 240 4152 βιος
271 4086 368 4156 (5).
402 4086 570 4140 Τοῦτο
598 4083 689 4141 οὖν
718 4091 884 4152 ἐστιν,
920 4089 1012 4142 ἐπὶ
1044 4089 1197 4155 τέλος
1228 4090 1302 4162 (6)
1346 4094 1374 4145 ὁ
1422 4091 1858 4161 ἐξουθενημένος,
1891 4088 1923 4157 ἢ
1958 4089 2084 4140 ὅταν
2115 4086 2246 4158 ἔλθῃ
2289 4090 2367 4150 εἰς
2415 4089 2718 4160 ἀνάμνησιν
2743 4093 2821 4153 εἰς
2846 4090 2905 4144 τὸ
2938 4094 3174 4165 σωθῆναι
3201 4101 3359 4153 αὑτὸν

116 4175 219 4231 ὕπὸ
249 4181 454 4250 Κυρίου
483 4179 625 4250 λέγει
647 4181 737 4234 τὸν
759 4181 991 4252 ψαλμόν.
1015 4183 1190 4237 Δαϐίό
1217 4183 1324 4256 γὰρ
1349 4183 1706 4256 ἑρμηνεύεται
1729 4179 2219 4248 ἐξουθενημένος,
2255 4179 2389 4250 ὅπερ
2471 4180 2497 4231 ὁ
2521 4181 2745 4244 δίκαιος,
2766 4180 2867 4253 [ὃς]
2885 4185 3194 4254 εὑρίσκεται
3216 4193 3361 4262 παρᾶ

115 4268 222 4320 τῶν
257 4271 312 4321 ἐν
343 4270 421 4342 τῷ
451 4271 637 4342 κόσμῳ
669 4270 1112 4344 ἐξουθενημένος,
1148 4274 1180 4345 ἥ
1211 4273 1239 4325 ὁ
1271 4273 1589 4345 ἁμαρτωλὸς
1620 4272 2025 4340 ὀνειδιζόμενος.

184 4361 399 4416 Titulus
437 4365 754 4433 prmpositus
782 4366 1024 4422 continet
1057 4385 1071 4420 :
1111 4366 1176 4421 In
1212 4370 1392 4437 ﬁnem,
1426 4368 1595 4421 David
1620 4369 1674 4420 in
1702 4366 2204 4432 rementorationem,
2239 4368 2376 4436 quod
2400 4368 2600 4421 salvum
2624 4385 2704 4422 me
2734 4371 2914 4438 fecerit
2951 4372 3222 4428 Dominus.
3249 4376 3357 4433 Hoc

116 4456 280 4525 igitur
312 4469 416 4522 est,
448 4460 500 4514 in
535 4463 638 4515 fine
667 4471 1034 4532 contemptus,
1069 4474 1163 4518 aut
1200 4479 1322 4518 cum
1354 4463 1564 4519 venerit
1613 4463 1666 4517 in
1706 4461 2235 4523 rememorationem,
2279 4461 2422 4530 quod
2464 4461 2671 4516 salvum
2707 4477 2829 4515 enm
2875 4463 3062 4516 fecerit
3095 4464 3361 4526 Dominus

116 4549 245 4606 dicit
272 4553 561 4622 psalmum.
601 4552 769 4606 David
813 4555 957 4609 enim
1004 4555 1390 4624 interpretatur
1423 4563 1764 4623 contemptus,
1799 4552 1976 4622 qualis
2002 4561 2082 4606 est
2113 4551 2317 4620 justus,
2357 4554 2448 4622 qui
2485 4552 2758 4607 invenitur
2794 4562 3136 4624 contemptus
3177 4559 3246 4613 ab
3296 4562 3360 4615 ii:-

116 4645 207 4711 (ιιιί
233 4645 285 4697 in
321 4643 524 4698 mundo
557 4655 703 4712 sunt,
737 4655 828 4700 aut
852 4647 1031 4716 qualis
1061 4654 1148 4701 est
1178 4658 1430 4716 peccator
1457 4645 1866 4715 opprobriosus.

187 4741 238 4795 1.
269 4741 328 4792 '0
352 4740 500 4805 Θεὸς,
533 4741 816 4811 εὑδόκησον
841 4741 919 4803 είς
951 4740 1010 4794 τὸ
1037 4739 1417 4794 ἀντιλαϐέσθαι
1448 4757 1570 4811 μου.
1721 4743 1766 4796 D

1556 4779 1570 4794 .
1721 4743 1766 4796 Ι)
1869 4736 1919 4789 l.
1949 4734 2293 4804 Complaceat
2322 4733 2437 4798 tibi,
2477 4734 2633 4800 Dens,
2668 4737 2798 4790 mihi
2835 4752 2988 4806 opem
3019 4739 3156 4795 ferre

184 4833 238 4888 2.
280 4831 475 4903 Κύριε,
499 4835 577 4896 εἰς
597 4833 658 4887 τὸ
681 4833 944 4905 βοηθῆσαι
965 4835 1101 4908 ὑπὲρ
1119 4834 1252 4906 ἐμοῦ
1279 4834 1571 4905 παραγίνου
1592 4832 1686 4902 (7).

1866 4828 1920 4878 2.
1972 4825 2217 4890 Domine,
2265 4827 2330 4879 ad
2381 4824 2661 4880 ferendum
2696 4844 2796 4896 pro
2828 4845 2913 4882 me
2962 4831 3222 4886 auxilium
3267 4837 3352 4889 ad-

1800 4934 1944 4973 veni.

185 5010 238 5065 5.
282 5009 373 5081 Μὴ
391 5009 655 5080 ποιήσωσι
671 5008 745 5080 (8)
765 5009 823 5062 τὸ
840 5009 1052 5081 θέλημα
1074 5008 1251 5062 αὐτῶν
1273 5011 1329 5061 ἐν
1354 5008 1566 5080 μηδενί.

1859 5009 1912 5062 ‘5.
1947 5006 2289 5062 Voluntatem
2329 5022 2481 5062 suam
2517 5008 2661 5062 nulla
2691 5008 2741 5062 in
2777 5025 2834 5064 re
2868 5027 3251 5084 exsequantur.

187 5105 236 5158 ι.
277 5104 458 5175 Μηδὲν
477 5101 770 5166 ἀνύσαντες
794 5101 869 5173 (9)
896 5102 1207 5157 παοαυτίκα
1239 5102 1613 5172 αἰσχυνόμενοι
1637 5101 1685 5152 οἱ

1865 5101 1918 5154 4.
1961 5099 2104 5153 Nihil
2157 5100 2501 5170 proficientes
2554 5103 2735 5157 statim
2767 5106 3088 5162 erubescant
3120 5110 3357 5170 dicentes

119 5197 364 5270 λέγοντές
392 5216 514 5271 μοι’
548 5195 708 5267 Εὖγε,
740 5193 882 5268 εὖγε.

740 5193 882 5268 εὖγε.
1795 5193 1927 5247 mihi
1953 5211 1965 5247 :
1997 5191 2162 5263 Euge,
2189 5209 2341 5264 euge.

1065 5333 1368 5397 Addenda
1403 5342 1463 5397 et
1489 5331 1863 5411 corrigenda
1895 5349 1972 5392 ex
2004 5334 2146 5394 eod.
2169 5331 2368 5396 Vatic.

299 5505 502 5579 'Ayitmt
523 5503 691 5572 λέγει.
711 5575 720 5579 _

1866 5501 1940 5567 (6)
2114 5500 2276 5579 τέλει,
2307 5515 2409 5554 etc.
2450 5497 2700 5579 Εἷταῇτε
2733 5501 2878 5574 ἔλθῃ,
2911 5518 3012 5563 etc-

219 5507 267 5576 Ι)
299 5506 491 5572 Ἀγίων
523 5506 691 5572 λέγει.
1866 5506 1940 5567 (6)
1965 5506 2086 5552 Ἐπὶ
2114 5506 2276 5576 τέλει,
2307 5515 2409 5554 etc.
2450 5506 2580 5552 Εἶτα
2615 5506 2700 5553 ὅτε

192 5506 269 5647 is)
294 5575 814 5646 Ἐξομολογουμένηο
861 5645 870 5647 _
1865 5575 1935 5647 (ἶ)
1977 5573 2354 5647 θολεμὴσαι...
2396 5574 2717 5642 παραγένω,

308 5650 368 5700 Οἱ
399 5643 551 5701 αὐτοὶ
585 5643 726 5713 ἆγιοι
760 5643 1085 5714 οἰκήσουσιν.
1863 5644 1935 5712 (8)
1978 5643 2214 5715 Ποιῄσω.

189 5712 265 5786 (ti
295 5720 355 5771 ἠ
381 5719 466 5772 διὰ
488 5719 584 5788 τῆς
609 5712 972 5787 amcam;
1003 5731 1126 5785 περ.
1863 5716 1936 5783 (9)
1978 5713 2331 5788 Νμιο-Μηδὲν
2361 5714 2652 5788 δικάσαντες
2770 5716 2908 5784 ἐμοι
2935 5717 3105 5779 οὕτως
3132 5719 3354 5776 ἀπελεύ-

301 5789 520 5864 Κὺριον.
545 5784 556 5788 ’
839 5784 850 5787 ⁷
1079 5784 1085 5785 ί
1793 5801 1990 5839 σονται.
2026 5784 2093 5837 Ν.
2122 5785 2172 5838 5.
2195 5784 2617 5854 ’Λπαοέικλητοι.
2649 5801 2776 5840 ιιρ..
2812 5788 2977 5840 αὐτὶ-ν
3005 5789 3291 5845 ἀπώλειαν.
