  <div class='ocr_page' id='page_1' title='image "/cluster/home/n/w/nwhite01/storage/ocr_20150623/27/pst.000005712182/474.png"; bbox 0 0 4098 6318; ppageno 0'>
   <div class='ocr_carea' id='block_1_1' title="bbox 158 355 3400 440">
    <p class='ocr_par' dir='ltr' id='par_1_1' title="bbox 158 355 3400 440">
     <span class='ocr_line' id='line_1_1' title="bbox 158 355 3400 440; baseline 0.009 -32"><span class='ocrx_word' id='word_1_1' title='bbox 158 355 276 409; x_wconf 78' lang='lat'><strong>933</strong></span> <span class='ocrx_word' id='word_1_2' title='bbox 1087 361 1175 416; x_wconf 83' lang='lat' dir='ltr'><strong>DE</strong></span> <span class='ocrx_word' id='word_1_3' title='bbox 1217 361 1490 420; x_wconf 83' lang='lat' dir='ltr'><strong>TlTULlS</strong></span> <span class='ocrx_word' id='word_1_4' title='bbox 1527 362 1970 421; x_wconf 77' lang='lat' dir='ltr'><strong>PSALMORUM.</strong></span> <span class='ocrx_word' id='word_1_5' title='bbox 2011 395 2068 406; x_wconf 90' lang='lat'><strong>-—</strong></span> <span class='ocrx_word' id='word_1_6' title='bbox 2113 366 2307 423; x_wconf 78' lang='lat' dir='ltr'><strong>PSAL.</strong></span> <span class='ocrx_word' id='word_1_7' title='bbox 2350 368 2512 424; x_wconf 76' lang='lat' dir='ltr'><strong>LXX.</strong></span> <span class='ocrx_word' id='word_1_8' title='bbox 3300 381 3400 440; x_wconf 74' lang='grc'><strong>954</strong></span> 
     </span>
    </p>
   </div>
   <div class='ocr_carea' id='block_1_2' title="bbox 246 468 1864 558">
    <p class='ocr_par' dir='ltr' id='par_1_2' title="bbox 246 468 1800 551">
     <span class='ocr_line' id='line_1_2' title="bbox 246 468 1800 551; baseline 0.008 -28"><span class='ocrx_word' id='word_1_9' title='bbox 246 469 292 523; x_wconf 84' lang='grc'>7.</span> <span class='ocrx_word' id='word_1_10' title='bbox 334 468 393 524; x_wconf 87' lang='grc' dir='ltr'><strong>Ὃ</strong></span> <span class='ocrx_word' id='word_1_11' title='bbox 420 472 544 535; x_wconf 84' lang='grc' dir='ltr'>Θεός</span> <span class='ocrx_word' id='word_1_12' title='bbox 578 491 697 543; x_wconf 81' lang='grc' dir='ltr'>μου,</span> <span class='ocrx_word' id='word_1_13' title='bbox 733 474 888 545; x_wconf 77' lang='grc' dir='ltr'>ῥῦσαί</span> <span class='ocrx_word' id='word_1_14' title='bbox 920 494 986 547; x_wconf 84' lang='grc' dir='ltr'><strong>με</strong></span> <span class='ocrx_word' id='word_1_15' title='bbox 1010 479 1072 531; x_wconf 88' lang='grc' dir='ltr'><strong>ἐκ</strong></span> <span class='ocrx_word' id='word_1_16' title='bbox 1101 479 1281 549; x_wconf 80' lang='grc' dir='ltr'>χειρὸς</span> <span class='ocrx_word' id='word_1_17' title='bbox 1311 481 1653 551; x_wconf 70' lang='grc' dir='ltr'>ἀμαρτωλοῦθ</span> <span class='ocrx_word' id='word_1_18' title='bbox 1751 491 1800 542; x_wconf 79' lang='grc' dir='ltr'><strong>Α</strong></span> 
     </span>
    </p>
   </div>
   <div class='ocr_carea' id='block_1_3' title="bbox 1656 468 3274 558">
    <p class='ocr_par' dir='ltr' id='par_1_3' title="bbox 1751 480 3274 558">
     <span class='ocr_line' id='line_1_3' title="bbox 1751 480 3274 558; baseline 0.012 -28"><span class='ocrx_word' id='word_1_19' title='bbox 1751 491 1800 542; x_wconf 75' lang='grc' dir='ltr'><strong>Α</strong></span> <span class='ocrx_word' id='word_1_20' title='bbox 1898 482 1946 535; x_wconf 92' lang='grc'><strong>7.</strong></span> <span class='ocrx_word' id='word_1_21' title='bbox 1985 480 2125 536; x_wconf 86' lang='lat' dir='ltr'><strong>Deus</strong></span> <span class='ocrx_word' id='word_1_22' title='bbox 2157 498 2331 550; x_wconf 90' lang='lat' dir='ltr'><strong>meus,</strong></span> <span class='ocrx_word' id='word_1_23' title='bbox 2361 485 2504 553; x_wconf 83' lang='lat' dir='ltr'><strong>eripe</strong></span> <span class='ocrx_word' id='word_1_24' title='bbox 2540 500 2624 540; x_wconf 91' lang='lat' dir='ltr'><strong>me</strong></span> <span class='ocrx_word' id='word_1_25' title='bbox 2650 487 2717 542; x_wconf 92' lang='lat' dir='ltr'><strong>de</strong></span> <span class='ocrx_word' id='word_1_26' title='bbox 2745 504 2903 543; x_wconf 90' lang='lat' dir='ltr'><strong>manu</strong></span> <span class='ocrx_word' id='word_1_27' title='bbox 2938 496 3235 558; x_wconf 73' lang='lat' dir='ltr'><strong>peccatoris</strong></span> <span class='ocrx_word' id='word_1_28' title='bbox 3264 516 3274 550; x_wconf 92' lang='lat'><strong>:</strong></span> 
     </span>
    </p>
   </div>
   <div class='ocr_carea' id='block_1_4' title="bbox 233 561 1851 655">
    <p class='ocr_par' dir='ltr' id='par_1_4' title="bbox 233 561 1565 637">
     <span class='ocr_line' id='line_1_4' title="bbox 233 561 1565 637; baseline 0.011 -24"><span class='ocrx_word' id='word_1_29' title='bbox 233 561 295 620; x_wconf 84' lang='grc'>,8.</span> <span class='ocrx_word' id='word_1_30' title='bbox 331 563 424 615; x_wconf 85' lang='grc' dir='ltr'>Ἐκ</span> <span class='ocrx_word' id='word_1_31' title='bbox 451 565 628 634; x_wconf 64' lang='grc' dir='ltr'>χειρρς</span> <span class='ocrx_word' id='word_1_32' title='bbox 650 568 1083 637; x_wconf 76' lang='grc' dir='ltr'><strong>παρανομοῦντος</strong></span> <span class='ocrx_word' id='word_1_33' title='bbox 1114 571 1208 624; x_wconf 77' lang='grc' dir='ltr'>καὶ</span> <span class='ocrx_word' id='word_1_34' title='bbox 1236 571 1565 636; x_wconf 79' lang='grc' dir='ltr'><strong>ἀδικοῦντος.</strong></span> 
     </span>
    </p>
   </div>
   <div class='ocr_carea' id='block_1_5' title="bbox 1586 561 3204 655">
    <p class='ocr_par' dir='ltr' id='par_1_5' title="bbox 1907 574 3204 655">
     <span class='ocr_line' id='line_1_5' title="bbox 1907 574 3204 655; baseline 0.011 -28"><span class='ocrx_word' id='word_1_35' title='bbox 1907 574 1958 628; x_wconf 92' lang='lat'><strong>8.</strong></span> <span class='ocrx_word' id='word_1_36' title='bbox 1994 574 2067 627; x_wconf 91' lang='lat' dir='ltr'><strong>De</strong></span> <span class='ocrx_word' id='word_1_37' title='bbox 2095 591 2255 629; x_wconf 89' lang='lat' dir='ltr'><strong>manu</strong></span> <span class='ocrx_word' id='word_1_38' title='bbox 2284 586 2470 631; x_wconf 88' lang='lat' dir='ltr'><strong>contra</strong></span> <span class='ocrx_word' id='word_1_39' title='bbox 2502 579 2671 648; x_wconf 84' lang='lat' dir='ltr'><strong>legem</strong></span> <span class='ocrx_word' id='word_1_40' title='bbox 2705 584 2910 650; x_wconf 79' lang='lat' dir='ltr'><strong>agentis</strong></span> <span class='ocrx_word' id='word_1_41' title='bbox 2935 596 2986 638; x_wconf 85' lang='lat' dir='ltr'><strong>et</strong></span> <span class='ocrx_word' id='word_1_42' title='bbox 3018 587 3204 655; x_wconf 88' lang='lat' dir='ltr'><strong>iniqui.</strong></span> 
     </span>
    </p>
   </div>
   <div class='ocr_carea' id='block_1_6' title="bbox 237 654 1855 736">
    <p class='ocr_par' dir='ltr' id='par_1_6' title="bbox 237 654 1325 733">
     <span class='ocr_line' id='line_1_6' title="bbox 237 654 1325 733; baseline 0.009 -28"><span class='ocrx_word' id='word_1_43' title='bbox 237 654 292 707; x_wconf 83' lang='lat'><strong>9.</strong></span> <span class='ocrx_word' id='word_1_44' title='bbox 317 655 439 706; x_wconf 84' lang='grc' dir='ltr'><strong>’Ότι</strong></span> <span class='ocrx_word' id='word_1_45' title='bbox 462 657 524 708; x_wconf 80' lang='grc' dir='ltr'><strong>σὺ</strong></span> <span class='ocrx_word' id='word_1_46' title='bbox 554 654 658 728; x_wconf 76' lang='grc' dir='ltr'><strong>εἷή</strong></span> <span class='ocrx_word' id='word_1_47' title='bbox 697 659 938 730; x_wconf 73' lang='grc' dir='ltr'>ὑπομονὴ</span> <span class='ocrx_word' id='word_1_48' title='bbox 975 679 1097 730; x_wconf 81' lang='grc' dir='ltr'>μου,</span> <span class='ocrx_word' id='word_1_49' title='bbox 1133 663 1325 733; x_wconf 82' lang='grc' dir='ltr'>Κύριε·</span> 
     </span>
    </p>
   </div>
   <div class='ocr_carea' id='block_1_7' title="bbox 1571 654 3189 736">
    <p class='ocr_par' dir='ltr' id='par_1_7' title="bbox 1908 654 3189 736">
     <span class='ocr_line' id='line_1_7' title="bbox 1908 654 3189 736; baseline 0.009 -16"><span class='ocrx_word' id='word_1_50' title='bbox 1908 666 1959 720; x_wconf 88' lang='grc'><strong>9.</strong></span> <span class='ocrx_word' id='word_1_51' title='bbox 1991 665 2257 730; x_wconf 84' lang='lat' dir='ltr'><strong>Quoniam</strong></span> <span class='ocrx_word' id='word_1_52' title='bbox 2287 677 2342 721; x_wconf 93' lang='lat' dir='ltr'><strong>tu</strong></span> <span class='ocrx_word' id='word_1_53' title='bbox 2373 684 2431 722; x_wconf 92' lang='lat' dir='ltr'><strong>es</strong></span> <span class='ocrx_word' id='word_1_54' title='bbox 2471 671 2726 736; x_wconf 72' lang='lat' dir='ltr'><strong>patientia</strong></span> <span class='ocrx_word' id='word_1_55' title='bbox 2767 689 2904 736; x_wconf 88' lang='lat' dir='ltr'><strong>mea,</strong></span> <span class='ocrx_word' id='word_1_56' title='bbox 2935 654 3189 732; x_wconf 84' lang='lat' dir='ltr'><strong>Domine:</strong></span> 
     </span>
    </p>
   </div>
   <div class='ocr_carea' id='block_1_8' title="bbox 240 745 1858 831">
    <p class='ocr_par' dir='ltr' id='par_1_8' title="bbox 240 745 1432 826">
     <span class='ocr_line' id='line_1_8' title="bbox 240 745 1432 826; baseline 0.009 -27"><span class='ocrx_word' id='word_1_57' title='bbox 240 745 322 800; x_wconf 87' lang='grc'><strong>10.</strong></span> <span class='ocrx_word' id='word_1_58' title='bbox 358 747 547 817; x_wconf 79' lang='grc' dir='ltr'>Κύριε,</span> <span class='ocrx_word' id='word_1_59' title='bbox 637 750 914 826; x_wconf 58' lang='grc' dir='ltr'>ἐλπίςμου</span> <span class='ocrx_word' id='word_1_60' title='bbox 947 755 1010 805; x_wconf 85' lang='grc' dir='ltr'><strong>ἐκ</strong></span> <span class='ocrx_word' id='word_1_61' title='bbox 1042 755 1287 825; x_wconf 79' lang='grc' dir='ltr'>νεότητός</span> <span class='ocrx_word' id='word_1_62' title='bbox 1313 773 1432 825; x_wconf 87' lang='grc' dir='ltr'>μου.</span> 
     </span>
    </p>
   </div>
   <div class='ocr_carea' id='block_1_9' title="bbox 1487 745 3105 831">
    <p class='ocr_par' dir='ltr' id='par_1_9' title="bbox 1910 757 3105 831">
     <span class='ocr_line' id='line_1_9' title="bbox 1910 757 3105 831; baseline 0.011 -21"><span class='ocrx_word' id='word_1_63' title='bbox 1910 757 1995 810; x_wconf 92' lang='grc'><strong>10.</strong></span> <span class='ocrx_word' id='word_1_64' title='bbox 2033 758 2280 826; x_wconf 80' lang='lat' dir='ltr'><strong>Domine,</strong></span> <span class='ocrx_word' id='word_1_65' title='bbox 2308 774 2432 826; x_wconf 84' lang='lat' dir='ltr'><strong>spes</strong></span> <span class='ocrx_word' id='word_1_66' title='bbox 2463 777 2577 814; x_wconf 88' lang='lat' dir='ltr'><strong>mea</strong></span> <span class='ocrx_word' id='word_1_67' title='bbox 2607 778 2634 815; x_wconf 95' lang='lat' dir='ltr'><strong>a</strong></span> <span class='ocrx_word' id='word_1_68' title='bbox 2655 764 2941 831; x_wconf 81' lang='lat' dir='ltr'><strong>juventute</strong></span> <span class='ocrx_word' id='word_1_69' title='bbox 2967 783 3105 823; x_wconf 89' lang='lat' dir='ltr'><strong>mea.</strong></span> 
     </span>
    </p>
   </div>
   <div class='ocr_carea' id='block_1_10' title="bbox 235 837 1853 920">
    <p class='ocr_par' dir='ltr' id='par_1_10' title="bbox 235 837 1435 920">
     <span class='ocr_line' id='line_1_10' title="bbox 235 837 1435 920; baseline 0.013 -32"><span class='ocrx_word' id='word_1_70' title='bbox 235 837 326 890; x_wconf 85' lang='grc'><strong>11.</strong></span> <span class='ocrx_word' id='word_1_71' title='bbox 372 838 492 890; x_wconf 78' lang='grc' dir='ltr'>Ἐπὶ</span> <span class='ocrx_word' id='word_1_72' title='bbox 529 841 586 892; x_wconf 81' lang='grc' dir='ltr'>σὲ</span> <span class='ocrx_word' id='word_1_73' title='bbox 627 843 1021 914; x_wconf 76' lang='grc' dir='ltr'>ἐπεστηρίχθην</span> <span class='ocrx_word' id='word_1_74' title='bbox 1050 847 1155 898; x_wconf 86' lang='grc' dir='ltr'><strong>ἀπὸ</strong></span> <span class='ocrx_word' id='word_1_75' title='bbox 1181 851 1435 920; x_wconf 72' lang='grc' dir='ltr'>γαστρόςο</span> 
     </span>
    </p>
   </div>
   <div class='ocr_carea' id='block_1_11' title="bbox 1398 837 3016 920">
    <p class='ocr_par' dir='ltr' id='par_1_11' title="bbox 1398 845 3016 912">
     <span class='ocr_line' id='line_1_11' title="bbox 1398 845 3016 912; baseline 0.01 -18"><span class='ocrx_word' id='word_1_76' title='bbox 1398 867 1435 912; x_wconf 75' lang='grc' dir='ltr'>ς’</span> <span class='ocrx_word' id='word_1_77' title='bbox 1908 847 1995 900; x_wconf 86' lang='grc'><strong>11.</strong></span> <span class='ocrx_word' id='word_1_78' title='bbox 2032 845 2087 899; x_wconf 88' lang='lat' dir='ltr'><strong>lu</strong></span> <span class='ocrx_word' id='word_1_79' title='bbox 2117 857 2167 902; x_wconf 90' lang='lat' dir='ltr'><strong>te</strong></span> <span class='ocrx_word' id='word_1_80' title='bbox 2192 851 2547 906; x_wconf 79' lang='lat' dir='ltr'><strong>conﬁrmatus</strong></span> <span class='ocrx_word' id='word_1_81' title='bbox 2577 868 2696 906; x_wconf 90' lang='lat' dir='ltr'><strong>sum</strong></span> <span class='ocrx_word' id='word_1_82' title='bbox 2730 869 2793 908; x_wconf 86' lang='lat' dir='ltr'><strong>ex</strong></span> <span class='ocrx_word' id='word_1_83' title='bbox 2825 865 2977 910; x_wconf 83' lang='lat' dir='ltr'><strong>utero</strong></span> <span class='ocrx_word' id='word_1_84' title='bbox 3004 876 3016 910; x_wconf 91' lang='lat'>:</span> 
     </span>
    </p>
   </div>
   <div class='ocr_carea' id='block_1_12' title="bbox 232 927 1850 1021">
    <p class='ocr_par' dir='ltr' id='par_1_12' title="bbox 232 927 1733 1010">
     <span class='ocr_line' id='line_1_12' title="bbox 232 927 1733 1010; baseline 0.012 -30"><span class='ocrx_word' id='word_1_85' title='bbox 232 927 324 981; x_wconf 81' lang='grc'><strong>12.</strong></span> <span class='ocrx_word' id='word_1_86' title='bbox 374 930 466 982; x_wconf 86' lang='grc' dir='ltr'>Ἐκ</span> <span class='ocrx_word' id='word_1_87' title='bbox 496 932 700 996; x_wconf 79' lang='grc' dir='ltr'>κοιλίας</span> <span class='ocrx_word' id='word_1_88' title='bbox 724 937 928 1006; x_wconf 81' lang='grc' dir='ltr'>μητρός</span> <span class='ocrx_word' id='word_1_89' title='bbox 956 955 1055 1007; x_wconf 73' lang='grc' dir='ltr'><strong>μου</strong></span> <span class='ocrx_word' id='word_1_90' title='bbox 1088 938 1149 990; x_wconf 83' lang='grc' dir='ltr'>σύ</span> <span class='ocrx_word' id='word_1_91' title='bbox 1185 957 1286 1009; x_wconf 78' lang='grc' dir='ltr'><strong>μου</strong></span> <span class='ocrx_word' id='word_1_92' title='bbox 1319 938 1370 994; x_wconf 77' lang='grc' dir='ltr'>εἴ</span> <span class='ocrx_word' id='word_1_93' title='bbox 1400 945 1733 1010; x_wconf 72' lang='grc' dir='ltr'>σκεπαστής’</span> 
     </span>
    </p>
   </div>
   <div class='ocr_carea' id='block_1_13' title="bbox 1768 927 3386 1021">
    <p class='ocr_par' dir='ltr' id='par_1_13' title="bbox 1909 938 3386 1021">
     <span class='ocr_line' id='line_1_13' title="bbox 1909 938 3386 1021; baseline 0.012 -30"><span class='ocrx_word' id='word_1_94' title='bbox 1909 939 1996 993; x_wconf 70' lang='grc'><strong>12.</strong></span> <span class='ocrx_word' id='word_1_95' title='bbox 2042 938 2114 994; x_wconf 90' lang='lat' dir='ltr'><strong>De</strong></span> <span class='ocrx_word' id='word_1_96' title='bbox 2161 951 2345 996; x_wconf 89' lang='lat' dir='ltr'><strong>ventre</strong></span> <span class='ocrx_word' id='word_1_97' title='bbox 2383 944 2570 997; x_wconf 82' lang='lat' dir='ltr'><strong>matris</strong></span> <span class='ocrx_word' id='word_1_98' title='bbox 2618 961 2750 1001; x_wconf 71' lang='lat' dir='ltr'><strong>mea:</strong></span> <span class='ocrx_word' id='word_1_99' title='bbox 2797 957 2853 1001; x_wconf 89' lang='lat' dir='ltr'><strong>tu</strong></span> <span class='ocrx_word' id='word_1_100' title='bbox 2897 964 3050 1004; x_wconf 91' lang='lat' dir='ltr'><strong>meus</strong></span> <span class='ocrx_word' id='word_1_101' title='bbox 3108 968 3166 1005; x_wconf 87' lang='lat' dir='ltr'><strong>es</strong></span> <span class='ocrx_word' id='word_1_102' title='bbox 3217 963 3386 1021; x_wconf 86' lang='lat' dir='ltr'><strong>prote-</strong></span> 
     </span>
    </p>
   </div>
   <div class='ocr_carea' id='block_1_14' title="bbox 1834 1042 1969 1086">
    <p class='ocr_par' dir='ltr' id='par_1_14' title="bbox 1834 1042 1969 1086">
     <span class='ocr_line' id='line_1_14' title="bbox 1834 1042 1969 1086; baseline 0 -1"><span class='ocrx_word' id='word_1_103' title='bbox 1834 1042 1969 1086; x_wconf 71' lang='grc'>6101⁸.</span> 
     </span>
    </p>
   </div>
   <div class='ocr_carea' id='block_1_15' title="bbox 235 1107 1853 1203">
    <p class='ocr_par' dir='ltr' id='par_1_15' title="bbox 235 1107 1353 1186">
     <span class='ocr_line' id='line_1_15' title="bbox 235 1107 1353 1186; baseline 0.014 -26"><span class='ocrx_word' id='word_1_104' title='bbox 235 1107 322 1162; x_wconf 82' lang='grc'>15.</span> <span class='ocrx_word' id='word_1_105' title='bbox 363 1110 448 1162; x_wconf 87' lang='grc' dir='ltr'>Ἐν</span> <span class='ocrx_word' id='word_1_106' title='bbox 481 1112 560 1164; x_wconf 73' lang='grc' dir='ltr'><strong>σοὶ</strong></span> <span class='ocrx_word' id='word_1_107' title='bbox 591 1115 622 1184; x_wconf 86' lang='grc' dir='ltr'><strong>ή</strong></span> <span class='ocrx_word' id='word_1_108' title='bbox 649 1114 880 1186; x_wconf 81' lang='grc' dir='ltr'>ῦμνησίς</span> <span class='ocrx_word' id='word_1_109' title='bbox 913 1133 1012 1186; x_wconf 67' lang='grc' dir='ltr'><strong>μου</strong></span> <span class='ocrx_word' id='word_1_110' title='bbox 1041 1119 1353 1186; x_wconf 84' lang='grc' dir='ltr'>διαπαντός.</span> 
     </span>
    </p>
   </div>
   <div class='ocr_carea' id='block_1_16' title="bbox 1227 1107 2845 1203">
    <p class='ocr_par' dir='ltr' id='par_1_16' title="bbox 1227 1123 2845 1203">
     <span class='ocr_line' id='line_1_16' title="bbox 1227 1123 2845 1203; baseline 0.009 -30"><span class='ocrx_word' id='word_1_111' title='bbox 1227 1123 1353 1186; x_wconf 63' lang='grc' dir='ltr'>ιτὸς.</span> <span class='ocrx_word' id='word_1_112' title='bbox 1908 1128 1992 1179; x_wconf 72' lang='grc'>15.</span> <span class='ocrx_word' id='word_1_113' title='bbox 2031 1129 2088 1180; x_wconf 86' lang='lat' dir='ltr'><strong>In</strong></span> <span class='ocrx_word' id='word_1_114' title='bbox 2111 1137 2165 1182; x_wconf 91' lang='lat' dir='ltr'><strong>te</strong></span> <span class='ocrx_word' id='word_1_115' title='bbox 2193 1131 2432 1184; x_wconf 86' lang='lat' dir='ltr'><strong>cantatio</strong></span> <span class='ocrx_word' id='word_1_116' title='bbox 2461 1147 2580 1186; x_wconf 86' lang='lat' dir='ltr'><strong>mea</strong></span> <span class='ocrx_word' id='word_1_117' title='bbox 2611 1147 2845 1203; x_wconf 86' lang='lat' dir='ltr'><strong>semper.</strong></span> 
     </span>
    </p>
   </div>
   <div class='ocr_carea' id='block_1_17' title="bbox 229 1199 1847 1293">
    <p class='ocr_par' dir='ltr' id='par_1_17' title="bbox 229 1199 1394 1280">
     <span class='ocr_line' id='line_1_17' title="bbox 229 1199 1394 1280; baseline 0.015 -29"><span class='ocrx_word' id='word_1_118' title='bbox 229 1200 322 1253; x_wconf 70' lang='grc'><strong>14.</strong></span> <span class='ocrx_word' id='word_1_119' title='bbox 367 1200 510 1255; x_wconf 78' lang='grc' dir='ltr'>Ὠσεὶ</span> <span class='ocrx_word' id='word_1_120' title='bbox 539 1205 698 1274; x_wconf 82' lang='grc' dir='ltr'>τέρας</span> <span class='ocrx_word' id='word_1_121' title='bbox 730 1208 989 1279; x_wconf 79' lang='grc' dir='ltr'><strong>ἐγενήθην</strong></span> <span class='ocrx_word' id='word_1_122' title='bbox 1017 1214 1128 1271; x_wconf 80' lang='grc' dir='ltr'>τοῖς</span> <span class='ocrx_word' id='word_1_123' title='bbox 1163 1199 1394 1280; x_wconf 73' lang='grc' dir='ltr'>πολλοίς·</span> 
     </span>
    </p>
   </div>
   <div class='ocr_carea' id='block_1_18' title="bbox 1633 1199 3251 1293">
    <p class='ocr_par' dir='ltr' id='par_1_18' title="bbox 1906 1199 3251 1293">
     <span class='ocr_line' id='line_1_18' title="bbox 1906 1199 3251 1293; baseline 0.009 -23"><span class='ocrx_word' id='word_1_124' title='bbox 1906 1218 1990 1272; x_wconf 77' lang='grc'><strong>14.</strong></span> <span class='ocrx_word' id='word_1_125' title='bbox 2027 1217 2304 1289; x_wconf 84' lang='lat' dir='ltr'><strong>Tanquam</strong></span> <span class='ocrx_word' id='word_1_126' title='bbox 2328 1224 2643 1293; x_wconf 77' lang='lat' dir='ltr'><strong>prodigium</strong></span> <span class='ocrx_word' id='word_1_127' title='bbox 2678 1199 2851 1281; x_wconf 76' lang='lat' dir='ltr'><strong>factus</strong></span> <span class='ocrx_word' id='word_1_128' title='bbox 2877 1242 2996 1281; x_wconf 82' lang='lat' dir='ltr'><strong>sum</strong></span> <span class='ocrx_word' id='word_1_129' title='bbox 3030 1230 3214 1284; x_wconf 88' lang='lat' dir='ltr'><strong>multis</strong></span> <span class='ocrx_word' id='word_1_130' title='bbox 3243 1248 3251 1282; x_wconf 83' lang='lat'><em>;</em></span> 
     </span>
    </p>
   </div>
   <div class='ocr_carea' id='block_1_19' title="bbox 229 1290 1847 1382">
    <p class='ocr_par' dir='ltr' id='par_1_19' title="bbox 229 1290 1215 1370">
     <span class='ocr_line' id='line_1_19' title="bbox 229 1290 1215 1370; baseline 0.014 -29"><span class='ocrx_word' id='word_1_131' title='bbox 229 1290 318 1343; x_wconf 80' lang='grc'>15.</span> <span class='ocrx_word' id='word_1_132' title='bbox 354 1291 463 1344; x_wconf 69' lang='grc' dir='ltr'><strong>Καὶ</strong></span> <span class='ocrx_word' id='word_1_133' title='bbox 494 1295 558 1346; x_wconf 81' lang='grc' dir='ltr'><strong>σὺ</strong></span> <span class='ocrx_word' id='word_1_134' title='bbox 591 1293 780 1364; x_wconf 83' lang='grc' dir='ltr'>βοηθός</span> <span class='ocrx_word' id='word_1_135' title='bbox 812 1314 911 1367; x_wconf 83' lang='grc' dir='ltr'><strong>μου</strong></span> <span class='ocrx_word' id='word_1_136' title='bbox 942 1302 1215 1370; x_wconf 84' lang='grc' dir='ltr'>κραταιός.</span> 
     </span>
    </p>
   </div>
   <div class='ocr_carea' id='block_1_20' title="bbox 1006 1290 2624 1382">
    <p class='ocr_par' dir='ltr' id='par_1_20' title="bbox 1006 1290 2624 1382">
     <span class='ocr_line' id='line_1_20' title="bbox 1006 1290 2624 1382; baseline 0.013 -32"><span class='ocrx_word' id='word_1_137' title='bbox 1006 1302 1215 1365; x_wconf 75' lang='grc' dir='ltr'>ιαταιός.</span> <span class='ocrx_word' id='word_1_138' title='bbox 1902 1311 1986 1364; x_wconf 80' lang='grc'>15.</span> <span class='ocrx_word' id='word_1_139' title='bbox 2023 1310 2090 1364; x_wconf 85' lang='grc' dir='ltr'>Ει</span> <span class='ocrx_word' id='word_1_140' title='bbox 2120 1322 2172 1366; x_wconf 81' lang='grc' dir='ltr'><strong>ιιι</strong></span> <span class='ocrx_word' id='word_1_141' title='bbox 2205 1290 2420 1382; x_wconf 79' lang='lat' dir='ltr'><strong>adjutor</strong></span> <span class='ocrx_word' id='word_1_142' title='bbox 2445 1290 2624 1371; x_wconf 74' lang='lat' dir='ltr'><strong>furtis.</strong></span> 
     </span>
    </p>
   </div>
   <div class='ocr_carea' id='block_1_21' title="bbox 222 1380 1840 1477">
    <p class='ocr_par' dir='ltr' id='par_1_21' title="bbox 222 1380 1425 1461">
     <span class='ocr_line' id='line_1_21' title="bbox 222 1380 1425 1461; baseline 0.014 -28"><span class='ocrx_word' id='word_1_143' title='bbox 222 1380 314 1438; x_wconf 85' lang='grc'>16.</span> <span class='ocrx_word' id='word_1_144' title='bbox 343 1383 686 1457; x_wconf 77' lang='grc' dir='ltr'>Πληρωθήτω</span> <span class='ocrx_word' id='word_1_145' title='bbox 719 1389 778 1441; x_wconf 86' lang='grc' dir='ltr'><strong>τὸ</strong></span> <span class='ocrx_word' id='word_1_146' title='bbox 817 1391 986 1461; x_wconf 88' lang='grc' dir='ltr'>στόμα</span> <span class='ocrx_word' id='word_1_147' title='bbox 1021 1410 1120 1461; x_wconf 85' lang='grc' dir='ltr'><strong>μου</strong></span> <span class='ocrx_word' id='word_1_148' title='bbox 1149 1393 1425 1461; x_wconf 78' lang='grc' dir='ltr'>αἰνέσεως,</span> 
     </span>
    </p>
   </div>
   <div class='ocr_carea' id='block_1_22' title="bbox 1213 1380 2831 1477">
    <p class='ocr_par' dir='ltr' id='par_1_22' title="bbox 1213 1393 2831 1477">
     <span class='ocr_line' id='line_1_22' title="bbox 1213 1393 2831 1477; baseline 0.012 -30"><span class='ocrx_word' id='word_1_149' title='bbox 1213 1393 1425 1461; x_wconf 78' lang='grc' dir='ltr'>νέσεως,</span> <span class='ocrx_word' id='word_1_150' title='bbox 1907 1402 1992 1456; x_wconf 92' lang='grc'>16.</span> <span class='ocrx_word' id='word_1_151' title='bbox 2032 1404 2320 1474; x_wconf 79' lang='lat' dir='ltr'><strong>Repleatur</strong></span> <span class='ocrx_word' id='word_1_152' title='bbox 2354 1423 2414 1463; x_wconf 90' lang='lat' dir='ltr'><strong>os</strong></span> <span class='ocrx_word' id='word_1_153' title='bbox 2446 1425 2623 1464; x_wconf 90' lang='lat' dir='ltr'><strong>meum</strong></span> <span class='ocrx_word' id='word_1_154' title='bbox 2654 1411 2831 1477; x_wconf 89' lang='lat' dir='ltr'><strong>laude,</strong></span> 
     </span>
    </p>
   </div>
   <div class='ocr_carea' id='block_1_23' title="bbox 222 1473 1840 1571">
    <p class='ocr_par' dir='ltr' id='par_1_23' title="bbox 222 1473 1240 1561">
     <span class='ocr_line' id='line_1_23' title="bbox 222 1473 1240 1561; baseline 0.014 -36"><span class='ocrx_word' id='word_1_155' title='bbox 222 1473 314 1525; x_wconf 80' lang='grc'>17.</span> <span class='ocrx_word' id='word_1_156' title='bbox 355 1476 538 1540; x_wconf 82' lang='grc' dir='ltr'>Ὅπως</span> <span class='ocrx_word' id='word_1_157' title='bbox 567 1479 789 1550; x_wconf 85' lang='grc' dir='ltr'>ὑμνήσω</span> <span class='ocrx_word' id='word_1_158' title='bbox 821 1483 919 1552; x_wconf 78' lang='grc' dir='ltr'>τὴν</span> <span class='ocrx_word' id='word_1_159' title='bbox 950 1483 1104 1548; x_wconf 78' lang='grc' dir='ltr'>δόξαν</span> <span class='ocrx_word' id='word_1_160' title='bbox 1127 1501 1240 1561; x_wconf 82' lang='grc' dir='ltr'>σου·</span> 
     </span>
    </p>
   </div>
   <div class='ocr_carea' id='block_1_24' title="bbox 1208 1473 2826 1571">
    <p class='ocr_par' dir='ltr' id='par_1_24' title="bbox 1208 1473 2826 1571">
     <span class='ocr_line' id='line_1_24' title="bbox 1208 1473 2826 1571; baseline 0.013 -33"><span class='ocrx_word' id='word_1_161' title='bbox 1208 1505 1240 1538; x_wconf 86' lang='grc'><strong>›·</strong></span> <span class='ocrx_word' id='word_1_162' title='bbox 1903 1495 1989 1548; x_wconf 88' lang='grc'><strong>17.</strong></span> <span class='ocrx_word' id='word_1_163' title='bbox 2026 1473 2339 1553; x_wconf 13' lang='grc' dir='ltr'><strong>υιίοδηιθηι</strong></span> <span class='ocrx_word' id='word_1_164' title='bbox 2376 1502 2602 1571; x_wconf 81' lang='lat' dir='ltr'><strong>gloriam</strong></span> <span class='ocrx_word' id='word_1_165' title='bbox 2641 1513 2826 1558; x_wconf 88' lang='lat' dir='ltr'><strong>tuam:</strong></span> 
     </span>
    </p>
   </div>
   <div class='ocr_carea' id='block_1_25' title="bbox 225 1565 1843 1665">
    <p class='ocr_par' dir='ltr' id='par_1_25' title="bbox 225 1565 1654 1649">
     <span class='ocr_line' id='line_1_25' title="bbox 225 1565 1654 1649; baseline 0.014 -33"><span class='ocrx_word' id='word_1_166' title='bbox 225 1565 316 1618; x_wconf 91' lang='grc'><strong>18.</strong></span> <span class='ocrx_word' id='word_1_167' title='bbox 349 1566 515 1638; x_wconf 79' lang='grc' dir='ltr'>Ὅλην</span> <span class='ocrx_word' id='word_1_168' title='bbox 540 1569 634 1640; x_wconf 78' lang='grc' dir='ltr'>τὴν</span> <span class='ocrx_word' id='word_1_169' title='bbox 662 1571 872 1642; x_wconf 78' lang='grc' dir='ltr'>ἡμέραν</span> <span class='ocrx_word' id='word_1_170' title='bbox 906 1574 1001 1645; x_wconf 80' lang='grc' dir='ltr'><strong>τὴν</strong></span> <span class='ocrx_word' id='word_1_171' title='bbox 1033 1579 1500 1649; x_wconf 77' lang='grc' dir='ltr'>μεγαλοπρέπειαν</span> <span class='ocrx_word' id='word_1_172' title='bbox 1543 1599 1654 1638; x_wconf 87' lang='grc' dir='ltr'>σου.</span> 
     </span>
    </p>
   </div>
   <div class='ocr_carea' id='block_1_26' title="bbox 1327 1565 2945 1665">
    <p class='ocr_par' dir='ltr' id='par_1_26' title="bbox 1327 1580 2945 1665">
     <span class='ocr_line' id='line_1_26' title="bbox 1327 1580 2945 1665; baseline 0.012 -34"><span class='ocrx_word' id='word_1_173' title='bbox 1327 1580 1500 1634; x_wconf 76' lang='grc' dir='ltr'>ἑπειαν</span> <span class='ocrx_word' id='word_1_174' title='bbox 1543 1599 1654 1638; x_wconf 87' lang='grc' dir='ltr'>σου.</span> <span class='ocrx_word' id='word_1_175' title='bbox 1903 1589 1989 1642; x_wconf 92' lang='grc'><strong>18.</strong></span> <span class='ocrx_word' id='word_1_176' title='bbox 2028 1589 2161 1645; x_wconf 83' lang='lat' dir='ltr'><strong>Tota</strong></span> <span class='ocrx_word' id='word_1_177' title='bbox 2196 1592 2282 1648; x_wconf 89' lang='lat' dir='ltr'><strong>die</strong></span> <span class='ocrx_word' id='word_1_178' title='bbox 2317 1595 2743 1665; x_wconf 78' lang='lat' dir='ltr'><strong>magnitudinem</strong></span> <span class='ocrx_word' id='word_1_179' title='bbox 2777 1607 2945 1651; x_wconf 77' lang='lat' dir='ltr'><strong>tuam.</strong></span> 
     </span>
    </p>
   </div>
   <div class='ocr_carea' id='block_1_27' title="bbox 227 1658 1845 1760">
    <p class='ocr_par' dir='ltr' id='par_1_27' title="bbox 227 1658 1411 1742">
     <span class='ocr_line' id='line_1_27' title="bbox 227 1658 1411 1742; baseline 0.014 -32"><span class='ocrx_word' id='word_1_180' title='bbox 227 1658 318 1712; x_wconf 87' lang='grc'><strong>19.</strong></span> <span class='ocrx_word' id='word_1_181' title='bbox 350 1659 438 1730; x_wconf 81' lang='grc' dir='ltr'><strong>Μὴ</strong></span> <span class='ocrx_word' id='word_1_182' title='bbox 473 1661 778 1733; x_wconf 67' lang='grc' dir='ltr'>ἀπορῤἱψῃς</span> <span class='ocrx_word' id='word_1_183' title='bbox 809 1683 873 1736; x_wconf 89' lang='grc' dir='ltr'><strong>με</strong></span> <span class='ocrx_word' id='word_1_184' title='bbox 899 1668 977 1733; x_wconf 82' lang='grc' dir='ltr'><strong>είς</strong></span> <span class='ocrx_word' id='word_1_185' title='bbox 1001 1669 1189 1740; x_wconf 82' lang='grc' dir='ltr'>καιρὸν</span> <span class='ocrx_word' id='word_1_186' title='bbox 1209 1673 1411 1742; x_wconf 74' lang='grc' dir='ltr'>γήρως-</span> 
     </span>
    </p>
   </div>
   <div class='ocr_carea' id='block_1_28' title="bbox 1591 1658 3209 1760">
    <p class='ocr_par' dir='ltr' id='par_1_28' title="bbox 1901 1683 3209 1760">
     <span class='ocr_line' id='line_1_28' title="bbox 1901 1683 3209 1760; baseline 0.008 -24"><span class='ocrx_word' id='word_1_187' title='bbox 1901 1683 1987 1738; x_wconf 89' lang='grc'><strong>19.</strong></span> <span class='ocrx_word' id='word_1_188' title='bbox 2021 1684 2097 1738; x_wconf 86' lang='lat' dir='ltr'><strong>Ne</strong></span> <span class='ocrx_word' id='word_1_189' title='bbox 2129 1687 2384 1756; x_wconf 88' lang='lat' dir='ltr'><strong>projicias</strong></span> <span class='ocrx_word' id='word_1_190' title='bbox 2415 1704 2500 1743; x_wconf 89' lang='lat' dir='ltr'><strong>me</strong></span> <span class='ocrx_word' id='word_1_191' title='bbox 2524 1691 2576 1742; x_wconf 92' lang='lat' dir='ltr'><strong>in</strong></span> <span class='ocrx_word' id='word_1_192' title='bbox 2610 1699 2850 1760; x_wconf 89' lang='lat' dir='ltr'><strong>tempore</strong></span> <span class='ocrx_word' id='word_1_193' title='bbox 2878 1695 3170 1746; x_wconf 86' lang='lat' dir='ltr'><strong>senectutis</strong></span> <span class='ocrx_word' id='word_1_194' title='bbox 3199 1714 3209 1747; x_wconf 95' lang='lat'>:</span> 
     </span>
    </p>
   </div>
   <div class='ocr_carea' id='block_1_29' title="bbox 221 1747 1839 1856">
    <p class='ocr_par' dir='ltr' id='par_1_29' title="bbox 221 1747 1800 1856">
     <span class='ocr_line' id='line_1_29' title="bbox 221 1747 1800 1856; baseline 0.016 -57"><span class='ocrx_word' id='word_1_195' title='bbox 221 1747 315 1801; x_wconf 89' lang='lat'><strong>20.</strong></span> <span class='ocrx_word' id='word_1_196' title='bbox 361 1750 446 1802; x_wconf 85' lang='grc' dir='ltr'>Ἐν</span> <span class='ocrx_word' id='word_1_197' title='bbox 472 1751 547 1820; x_wconf 85' lang='grc' dir='ltr'>τῷ</span> <span class='ocrx_word' id='word_1_198' title='bbox 580 1753 848 1810; x_wconf 81' lang='grc' dir='ltr'>ἐκλείπειν</span> <span class='ocrx_word' id='word_1_199' title='bbox 874 1760 972 1830; x_wconf 84' lang='grc' dir='ltr'><strong>τὴν</strong></span> <span class='ocrx_word' id='word_1_200' title='bbox 1010 1762 1164 1831; x_wconf 80' lang='grc' dir='ltr'>ἰσχύν</span> <span class='ocrx_word' id='word_1_201' title='bbox 1200 1781 1324 1833; x_wconf 91' lang='grc' dir='ltr'>μου,</span> <span class='ocrx_word' id='word_1_202' title='bbox 1382 1785 1457 1839; x_wconf 86' lang='grc' dir='ltr'>μη</span> <span class='ocrx_word' id='word_1_203' title='bbox 1492 1786 1726 1838; x_wconf 74' lang='grc' dir='ltr'>εγκατα-</span> <span class='ocrx_word' id='word_1_204' title='bbox 1757 1831 1800 1856; x_wconf 54' lang='grc' dir='ltr'>ἢ</span> 
     </span>
    </p>
   </div>
   <div class='ocr_carea' id='block_1_30' title="bbox 1764 1747 3382 1856">
    <p class='ocr_par' dir='ltr' id='par_1_30' title="bbox 1764 1775 3382 1856">
     <span class='ocr_line' id='line_1_30' title="bbox 1764 1775 3382 1856; baseline 0.009 -30"><span class='ocrx_word' id='word_1_205' title='bbox 1764 1831 1800 1856; x_wconf 63' lang='grc' dir='ltr'>η</span> <span class='ocrx_word' id='word_1_206' title='bbox 1901 1775 1988 1828; x_wconf 77' lang='lat'><strong>20.</strong></span> <span class='ocrx_word' id='word_1_207' title='bbox 2021 1775 2155 1830; x_wconf 84' lang='lat' dir='ltr'><strong>Cum</strong></span> <span class='ocrx_word' id='word_1_208' title='bbox 2210 1779 2467 1835; x_wconf 86' lang='lat' dir='ltr'><strong>defecerit</strong></span> <span class='ocrx_word' id='word_1_209' title='bbox 2513 1784 2684 1838; x_wconf 88' lang='lat' dir='ltr'><strong>virtus</strong></span> <span class='ocrx_word' id='word_1_210' title='bbox 2729 1800 2870 1848; x_wconf 87' lang='lat' dir='ltr'><strong>mea,</strong></span> <span class='ocrx_word' id='word_1_211' title='bbox 2926 1802 2991 1840; x_wconf 90' lang='lat' dir='ltr'><strong>ne</strong></span> <span class='ocrx_word' id='word_1_212' title='bbox 3041 1788 3382 1856; x_wconf 77' lang='lat' dir='ltr'><strong>derelinquas</strong></span> 
     </span>
    </p>
   </div>
   <div class='ocr_carea' id='block_1_31' title="bbox 144 1831 1936 1919">
    <p class='ocr_par' dir='ltr' id='par_1_31' title="bbox 144 1831 1936 1919">
     <span class='ocr_line' id='line_1_31' title="bbox 144 1831 1936 1919; baseline 0.015 -27"><span class='ocrx_word' id='word_1_213' title='bbox 144 1842 318 1910; x_wconf 78' lang='grc' dir='ltr'>λίπης</span> <span class='ocrx_word' id='word_1_214' title='bbox 358 1860 444 1911; x_wconf 90' lang='grc' dir='ltr'><strong>με.</strong></span> <span class='ocrx_word' id='word_1_215' title='bbox 1202 1831 1211 1833; x_wconf 36' lang='lat'>_</span> <span class='ocrx_word' id='word_1_216' title='bbox 1382 1831 1394 1836; x_wconf 30' lang='grc' dir='ltr'><strong>ν</strong></span> <span class='ocrx_word' id='word_1_217' title='bbox 1447 1831 1457 1839; x_wconf 43' lang='grc'><em>’</em></span> <span class='ocrx_word' id='word_1_218' title='bbox 1531 1831 1543 1838; x_wconf 34' lang='grc'>⁷</span> <span class='ocrx_word' id='word_1_219' title='bbox 1757 1831 1800 1888; x_wconf 76' lang='grc' dir='ltr'><strong>Β</strong></span> <span class='ocrx_word' id='word_1_220' title='bbox 1831 1880 1936 1919; x_wconf 89' lang='lat' dir='ltr'><strong>me.</strong></span> 
     </span>
    </p>
   </div>
   <div class='ocr_carea' id='block_1_32' title="bbox 213 1935 1831 2022">
    <p class='ocr_par' dir='ltr' id='par_1_32' title="bbox 213 1935 1229 2018">
     <span class='ocr_line' id='line_1_32' title="bbox 213 1935 1229 2018; baseline 0.013 -31"><span class='ocrx_word' id='word_1_221' title='bbox 213 1936 312 1988; x_wconf 86' lang='grc'><strong>21.</strong></span> <span class='ocrx_word' id='word_1_222' title='bbox 348 1937 468 1990; x_wconf 81' lang='grc' dir='ltr'><strong>Ὀτι</strong></span> <span class='ocrx_word' id='word_1_223' title='bbox 501 1935 650 1993; x_wconf 82' lang='grc' dir='ltr'>εἷπον</span> <span class='ocrx_word' id='word_1_224' title='bbox 671 1943 718 1993; x_wconf 69' lang='lat' dir='ltr'><strong>oi</strong></span> <span class='ocrx_word' id='word_1_225' title='bbox 742 1942 921 2013; x_wconf 83' lang='grc' dir='ltr'>ἐχθροί</span> <span class='ocrx_word' id='word_1_226' title='bbox 968 1963 1067 2012; x_wconf 87' lang='grc' dir='ltr'><strong>μου</strong></span> <span class='ocrx_word' id='word_1_227' title='bbox 1091 1949 1229 2018; x_wconf 76' lang='grc' dir='ltr'>ἐμοι·</span> 
     </span>
    </p>
   </div>
   <div class='ocr_carea' id='block_1_33' title="bbox 1381 1935 2999 2022">
    <p class='ocr_par' dir='ltr' id='par_1_33' title="bbox 1896 1955 2999 2022">
     <span class='ocr_line' id='line_1_33' title="bbox 1896 1955 2999 2022; baseline 0.01 -13"><span class='ocrx_word' id='word_1_228' title='bbox 1896 1955 1983 2009; x_wconf 82' lang='grc'><strong>21.</strong></span> <span class='ocrx_word' id='word_1_229' title='bbox 2022 1956 2154 2022; x_wconf 86' lang='lat' dir='ltr'><strong>Quia</strong></span> <span class='ocrx_word' id='word_1_230' title='bbox 2193 1959 2445 2016; x_wconf 79' lang='lat' dir='ltr'><strong>dixerunt</strong></span> <span class='ocrx_word' id='word_1_231' title='bbox 2474 1962 2676 2019; x_wconf 91' lang='lat' dir='ltr'><strong>inimici</strong></span> <span class='ocrx_word' id='word_1_232' title='bbox 2702 1967 2804 2021; x_wconf 90' lang='lat' dir='ltr'><strong>mei</strong></span> <span class='ocrx_word' id='word_1_233' title='bbox 2833 1968 2999 2021; x_wconf 87' lang='lat' dir='ltr'><strong>mihi:</strong></span> 
     </span>
    </p>
   </div>
   <div class='ocr_carea' id='block_1_34' title="bbox 211 2025 1829 2127">
    <p class='ocr_par' dir='ltr' id='par_1_34' title="bbox 211 2025 1378 2111">
     <span class='ocr_line' id='line_1_34' title="bbox 211 2025 1378 2111; baseline 0.015 -33"><span class='ocrx_word' id='word_1_234' title='bbox 211 2025 308 2079; x_wconf 81' lang='lat'><strong>22.</strong></span> <span class='ocrx_word' id='word_1_235' title='bbox 340 2029 448 2081; x_wconf 72' lang='grc' dir='ltr'><strong>Καὶ</strong></span> <span class='ocrx_word' id='word_1_236' title='bbox 472 2030 518 2082; x_wconf 75' lang='grc' dir='ltr'>οἱ</span> <span class='ocrx_word' id='word_1_237' title='bbox 545 2030 903 2098; x_wconf 81' lang='grc' dir='ltr'>φυλάσσοντες</span> <span class='ocrx_word' id='word_1_238' title='bbox 925 2035 1022 2106; x_wconf 80' lang='grc' dir='ltr'>τὴν</span> <span class='ocrx_word' id='word_1_239' title='bbox 1055 2037 1229 2110; x_wconf 78' lang='grc' dir='ltr'>ψυχήν</span> <span class='ocrx_word' id='word_1_240' title='bbox 1257 2058 1378 2111; x_wconf 82' lang='grc' dir='ltr'>μου,</span> 
     </span>
    </p>
   </div>
   <div class='ocr_carea' id='block_1_35' title="bbox 1487 2025 3105 2127">
    <p class='ocr_par' dir='ltr' id='par_1_35' title="bbox 1896 2047 3105 2127">
     <span class='ocr_line' id='line_1_35' title="bbox 1896 2047 3105 2127; baseline 0.012 -27"><span class='ocrx_word' id='word_1_241' title='bbox 1896 2047 1983 2103; x_wconf 78' lang='lat'><strong>22.</strong></span> <span class='ocrx_word' id='word_1_242' title='bbox 2020 2049 2085 2103; x_wconf 89' lang='lat' dir='ltr'><strong>Et</strong></span> <span class='ocrx_word' id='word_1_243' title='bbox 2107 2052 2197 2120; x_wconf 92' lang='lat' dir='ltr'><strong>qui</strong></span> <span class='ocrx_word' id='word_1_244' title='bbox 2230 2054 2609 2110; x_wconf 83' lang='lat' dir='ltr'><strong>custodiebant</strong></span> <span class='ocrx_word' id='word_1_245' title='bbox 2641 2058 2874 2112; x_wconf 88' lang='lat' dir='ltr'><strong>animam</strong></span> <span class='ocrx_word' id='word_1_246' title='bbox 2912 2077 3105 2127; x_wconf 85' lang='lat' dir='ltr'><strong>meam,</strong></span> 
     </span>
    </p>
   </div>
   <div class='ocr_carea' id='block_1_36' title="bbox 211 2116 1829 2217">
    <p class='ocr_par' dir='ltr' id='par_1_36' title="bbox 211 2116 1161 2191">
     <span class='ocr_line' id='line_1_36' title="bbox 211 2116 1161 2191; baseline 0.012 -22"><span class='ocrx_word' id='word_1_247' title='bbox 211 2116 308 2170; x_wconf 78' lang='lat'><strong>23.</strong></span> <span class='ocrx_word' id='word_1_248' title='bbox 353 2117 770 2174; x_wconf 79' lang='grc' dir='ltr'>Ἐὅουλεύσαντο</span> <span class='ocrx_word' id='word_1_249' title='bbox 801 2122 897 2176; x_wconf 77' lang='grc' dir='ltr'><strong>ἐπὶ</strong></span> <span class='ocrx_word' id='word_1_250' title='bbox 926 2125 986 2176; x_wconf 82' lang='grc' dir='ltr'><strong>τὸ</strong></span> <span class='ocrx_word' id='word_1_251' title='bbox 1014 2127 1161 2191; x_wconf 80' lang='grc' dir='ltr'>αὐτὸ,</span> 
     </span>
    </p>
   </div>
   <div class='ocr_carea' id='block_1_37' title="bbox 1283 2116 2901 2217">
    <p class='ocr_par' dir='ltr' id='par_1_37' title="bbox 1894 2116 2901 2217">
     <span class='ocr_line' id='line_1_37' title="bbox 1894 2116 2901 2217; baseline 0.012 -24"><span class='ocrx_word' id='word_1_252' title='bbox 1894 2139 1983 2196; x_wconf 79' lang='lat'><strong>2&#39;5.</strong></span> <span class='ocrx_word' id='word_1_253' title='bbox 2017 2116 2315 2198; x_wconf 46' lang='lat' dir='ltr'><strong>Con—silium</strong></span> <span class='ocrx_word' id='word_1_254' title='bbox 2347 2145 2592 2202; x_wconf 77' lang='lat' dir='ltr'><strong>fecerunt</strong></span> <span class='ocrx_word' id='word_1_255' title='bbox 2619 2150 2672 2203; x_wconf 86' lang='lat' dir='ltr'><strong>in</strong></span> <span class='ocrx_word' id='word_1_256' title='bbox 2708 2166 2901 2217; x_wconf 88' lang='lat' dir='ltr'><strong>unum,</strong></span> 
     </span>
    </p>
   </div>
   <div class='ocr_carea' id='block_1_38' title="bbox 213 2210 1831 2309">
    <p class='ocr_par' dir='ltr' id='par_1_38' title="bbox 213 2210 1462 2284">
     <span class='ocr_line' id='line_1_38' title="bbox 213 2210 1462 2284; baseline 0.012 -21"><span class='ocrx_word' id='word_1_257' title='bbox 213 2210 311 2264; x_wconf 71' lang='grc'><strong>24.</strong></span> <span class='ocrx_word' id='word_1_258' title='bbox 344 2211 623 2279; x_wconf 56' lang='grc' dir='ltr'>[λέγοντες</span> <span class='ocrx_word' id='word_1_259' title='bbox 669 2214 726 2267; x_wconf 87' lang='lat'><strong>&#39;0</strong></span> <span class='ocrx_word' id='word_1_260' title='bbox 742 2215 872 2278; x_wconf 87' lang='grc' dir='ltr'>Θεὸς</span> <span class='ocrx_word' id='word_1_261' title='bbox 900 2218 1254 2284; x_wconf 80' lang='grc' dir='ltr'>ἐγκατέλιπεν</span> <span class='ocrx_word' id='word_1_262' title='bbox 1280 2221 1462 2277; x_wconf 78' lang='grc' dir='ltr'>αὐτονο</span> 
     </span>
    </p>
   </div>
   <div class='ocr_carea' id='block_1_39' title="bbox 1308 2210 2926 2309">
    <p class='ocr_par' dir='ltr' id='par_1_39' title="bbox 1308 2221 2926 2309">
     <span class='ocr_line' id='line_1_39' title="bbox 1308 2221 2926 2309; baseline 0.012 -33"><span class='ocrx_word' id='word_1_263' title='bbox 1308 2221 1462 2277; x_wconf 77' lang='grc' dir='ltr'>ιύτον·</span> <span class='ocrx_word' id='word_1_264' title='bbox 1887 2231 1976 2286; x_wconf 73' lang='grc'>24.</span> <span class='ocrx_word' id='word_1_265' title='bbox 2007 2232 2254 2290; x_wconf 87' lang='lat' dir='ltr'><strong>Dicentes</strong></span> <span class='ocrx_word' id='word_1_266' title='bbox 2281 2255 2294 2289; x_wconf 90' lang='lat'>:</span> <span class='ocrx_word' id='word_1_267' title='bbox 2326 2237 2466 2292; x_wconf 85' lang='lat' dir='ltr'><strong>Deus</strong></span> <span class='ocrx_word' id='word_1_268' title='bbox 2488 2239 2775 2309; x_wconf 85' lang='lat' dir='ltr'><strong>dereliquit</strong></span> <span class='ocrx_word' id='word_1_269' title='bbox 2807 2259 2926 2296; x_wconf 88' lang='lat' dir='ltr'><strong>eum</strong></span> 
     </span>
    </p>
   </div>
   <div class='ocr_carea' id='block_1_40' title="bbox 214 2300 1832 2403">
    <p class='ocr_par' dir='ltr' id='par_1_40' title="bbox 214 2300 1439 2371">
     <span class='ocr_line' id='line_1_40' title="bbox 214 2300 1439 2371; baseline 0.011 -17"><span class='ocrx_word' id='word_1_270' title='bbox 214 2300 312 2354; x_wconf 82' lang='lat'><strong>25.</strong></span> <span class='ocrx_word' id='word_1_271' title='bbox 338 2303 739 2371; x_wconf 79' lang='grc' dir='ltr'>Καταδιὼξατε,</span> <span class='ocrx_word' id='word_1_272' title='bbox 767 2308 860 2360; x_wconf 77' lang='grc' dir='ltr'><strong>καὶ</strong></span> <span class='ocrx_word' id='word_1_273' title='bbox 894 2311 1225 2367; x_wconf 80' lang='grc' dir='ltr'>καταλάὸετε</span> <span class='ocrx_word' id='word_1_274' title='bbox 1260 2317 1439 2370; x_wconf 78' lang='grc' dir='ltr'>αὐτόν·</span> 
     </span>
    </p>
   </div>
   <div class='ocr_carea' id='block_1_41' title="bbox 1499 2300 3117 2403">
    <p class='ocr_par' dir='ltr' id='par_1_41' title="bbox 1894 2323 3117 2403">
     <span class='ocr_line' id='line_1_41' title="bbox 1894 2323 3117 2403; baseline 0.011 -27"><span class='ocrx_word' id='word_1_275' title='bbox 1894 2323 1984 2379; x_wconf 75' lang='grc'>25.</span> <span class='ocrx_word' id='word_1_276' title='bbox 2018 2323 2432 2398; x_wconf 88' lang='lat' dir='ltr'><strong>Persequimini,</strong></span> <span class='ocrx_word' id='word_1_277' title='bbox 2459 2342 2513 2385; x_wconf 91' lang='lat' dir='ltr'><strong>et</strong></span> <span class='ocrx_word' id='word_1_278' title='bbox 2535 2335 2970 2403; x_wconf 86' lang='lat' dir='ltr'><strong>comprehendite</strong></span> <span class='ocrx_word' id='word_1_279' title='bbox 2996 2353 3117 2392; x_wconf 89' lang='lat' dir='ltr'><strong>eum</strong></span> 
     </span>
    </p>
   </div>
   <div class='ocr_carea' id='block_1_42' title="bbox 211 2392 1829 2493">
    <p class='ocr_par' dir='ltr' id='par_1_42' title="bbox 211 2392 1093 2472">
     <span class='ocr_line' id='line_1_42' title="bbox 211 2392 1093 2472; baseline 0.012 -26"><span class='ocrx_word' id='word_1_280' title='bbox 211 2392 306 2446; x_wconf 87' lang='lat'><strong>26.</strong></span> <span class='ocrx_word' id='word_1_281' title='bbox 337 2394 456 2448; x_wconf 81' lang='grc' dir='ltr'><strong>Ὅτι</strong></span> <span class='ocrx_word' id='word_1_282' title='bbox 477 2397 576 2449; x_wconf 85' lang='grc' dir='ltr'><strong>οὑκ</strong></span> <span class='ocrx_word' id='word_1_283' title='bbox 597 2398 740 2451; x_wconf 80' lang='grc' dir='ltr'>ἔστιν</span> <span class='ocrx_word' id='word_1_284' title='bbox 758 2402 785 2452; x_wconf 86' lang='grc' dir='ltr'>ὁ</span> <span class='ocrx_word' id='word_1_285' title='bbox 815 2401 1093 2472; x_wconf 79' lang='grc' dir='ltr'>ῥυόμενος.</span> 
     </span>
    </p>
   </div>
   <div class='ocr_carea' id='block_1_43' title="bbox 1140 2392 2758 2493">
    <p class='ocr_par' dir='ltr' id='par_1_43' title="bbox 1889 2392 2758 2493">
     <span class='ocr_line' id='line_1_43' title="bbox 1889 2392 2758 2493; baseline 0.014 -28"><span class='ocrx_word' id='word_1_286' title='bbox 1889 2413 1977 2467; x_wconf 78' lang='grc'>26.</span> <span class='ocrx_word' id='word_1_287' title='bbox 2011 2415 2146 2481; x_wconf 86' lang='lat' dir='ltr'><strong>Quia</strong></span> <span class='ocrx_word' id='word_1_288' title='bbox 2179 2392 2284 2472; x_wconf 81' lang='lat' dir='ltr'><strong>non</strong></span> <span class='ocrx_word' id='word_1_289' title='bbox 2311 2429 2393 2473; x_wconf 88' lang='lat' dir='ltr'><strong>est</strong></span> <span class='ocrx_word' id='word_1_290' title='bbox 2421 2392 2519 2490; x_wconf 24' lang='lat' dir='ltr'><strong>&#39;qui</strong></span> <span class='ocrx_word' id='word_1_291' title='bbox 2547 2392 2758 2493; x_wconf 76' lang='lat' dir='ltr'><strong>eripiat.</strong></span> 
     </span>
    </p>
   </div>
   <div class='ocr_carea' id='block_1_44' title="bbox 212 2484 1830 2583">
    <p class='ocr_par' dir='ltr' id='par_1_44' title="bbox 212 2484 1439 2568">
     <span class='ocr_line' id='line_1_44' title="bbox 212 2484 1439 2568; baseline 0.011 -30"><span class='ocrx_word' id='word_1_292' title='bbox 212 2484 308 2540; x_wconf 87' lang='lat'><strong>27.</strong></span> <span class='ocrx_word' id='word_1_293' title='bbox 356 2487 412 2540; x_wconf 90' lang='lat'><strong>&#39;0</strong></span> <span class='ocrx_word' id='word_1_294' title='bbox 443 2487 571 2551; x_wconf 86' lang='grc' dir='ltr'>Θεός</span> <span class='ocrx_word' id='word_1_295' title='bbox 603 2507 724 2560; x_wconf 83' lang='grc' dir='ltr'>μου,</span> <span class='ocrx_word' id='word_1_296' title='bbox 758 2492 831 2564; x_wconf 82' lang='grc' dir='ltr'>μὴ</span> <span class='ocrx_word' id='word_1_297' title='bbox 858 2494 1140 2568; x_wconf 80' lang='grc' dir='ltr'>μακρύνῃς</span> <span class='ocrx_word' id='word_1_298' title='bbox 1167 2499 1261 2551; x_wconf 82' lang='grc' dir='ltr'>ἀπ’</span> <span class='ocrx_word' id='word_1_299' title='bbox 1286 2500 1439 2568; x_wconf 85' lang='grc' dir='ltr'>ἐμοῦ.</span> 
     </span>
    </p>
   </div>
   <div class='ocr_carea' id='block_1_45' title="bbox 1341 2484 2959 2583">
    <p class='ocr_par' dir='ltr' id='par_1_45' title="bbox 1341 2500 2959 2583">
     <span class='ocr_line' id='line_1_45' title="bbox 1341 2500 2959 2583; baseline 0.013 -33"><span class='ocrx_word' id='word_1_300' title='bbox 1341 2500 1439 2553; x_wconf 86' lang='grc' dir='ltr'><strong>ιοῦ.</strong></span> <span class='ocrx_word' id='word_1_301' title='bbox 1893 2506 1981 2558; x_wconf 77' lang='grc'><strong>27.</strong></span> <span class='ocrx_word' id='word_1_302' title='bbox 2021 2506 2160 2562; x_wconf 89' lang='lat' dir='ltr'><strong>Deus</strong></span> <span class='ocrx_word' id='word_1_303' title='bbox 2189 2525 2362 2575; x_wconf 88' lang='lat' dir='ltr'><strong>meus,</strong></span> <span class='ocrx_word' id='word_1_304' title='bbox 2396 2527 2462 2566; x_wconf 91' lang='lat' dir='ltr'><strong>ne</strong></span> <span class='ocrx_word' id='word_1_305' title='bbox 2491 2512 2758 2583; x_wconf 85' lang='lat' dir='ltr'><strong>elongeris</strong></span> <span class='ocrx_word' id='word_1_306' title='bbox 2784 2533 2812 2569; x_wconf 90' lang='lat' dir='ltr'><strong>a</strong></span> <span class='ocrx_word' id='word_1_307' title='bbox 2843 2533 2959 2571; x_wconf 91' lang='lat' dir='ltr'><strong>me:</strong></span> 
     </span>
    </p>
   </div>
   <div class='ocr_carea' id='block_1_46' title="bbox 217 2575 1835 2678">
    <p class='ocr_par' dir='ltr' id='par_1_46' title="bbox 217 2575 1682 2664">
     <span class='ocr_line' id='line_1_46' title="bbox 217 2575 1682 2664; baseline 0.012 -34"><span class='ocrx_word' id='word_1_308' title='bbox 217 2575 311 2632; x_wconf 74' lang='lat'><strong>28.</strong></span> <span class='ocrx_word' id='word_1_309' title='bbox 360 2579 418 2633; x_wconf 88' lang='grc' dir='ltr'>Ὀ</span> <span class='ocrx_word' id='word_1_310' title='bbox 437 2579 568 2644; x_wconf 86' lang='grc' dir='ltr'>Θεός</span> <span class='ocrx_word' id='word_1_311' title='bbox 603 2600 726 2653; x_wconf 85' lang='grc' dir='ltr'>μου,</span> <span class='ocrx_word' id='word_1_312' title='bbox 755 2587 834 2649; x_wconf 80' lang='grc' dir='ltr'><strong>εἰς</strong></span> <span class='ocrx_word' id='word_1_313' title='bbox 859 2586 956 2658; x_wconf 82' lang='grc' dir='ltr'><strong>τὴν</strong></span> <span class='ocrx_word' id='word_1_314' title='bbox 986 2587 1238 2660; x_wconf 86' lang='grc' dir='ltr'>βοήθειάν</span> <span class='ocrx_word' id='word_1_315' title='bbox 1295 2609 1394 2660; x_wconf 84' lang='grc' dir='ltr'><strong>μου</strong></span> <span class='ocrx_word' id='word_1_316' title='bbox 1429 2599 1682 2664; x_wconf 82' lang='grc' dir='ltr'>πρόσχες.</span> 
     </span>
    </p>
   </div>
   <div class='ocr_carea' id='block_1_47' title="bbox 1578 2575 3196 2678">
    <p class='ocr_par' dir='ltr' id='par_1_47' title="bbox 1578 2593 3196 2678">
     <span class='ocr_line' id='line_1_47' title="bbox 1578 2593 3196 2678; baseline 0.01 -30"><span class='ocrx_word' id='word_1_317' title='bbox 1578 2613 1682 2664; x_wconf 77' lang='grc' dir='ltr'>χες.</span> <span class='ocrx_word' id='word_1_318' title='bbox 1892 2594 1980 2647; x_wconf 80' lang='lat'><strong>28.</strong></span> <span class='ocrx_word' id='word_1_319' title='bbox 2017 2593 2155 2651; x_wconf 84' lang='lat' dir='ltr'><strong>Deus</strong></span> <span class='ocrx_word' id='word_1_320' title='bbox 2186 2614 2360 2668; x_wconf 90' lang='lat' dir='ltr'><strong>meus,</strong></span> <span class='ocrx_word' id='word_1_321' title='bbox 2388 2601 2439 2654; x_wconf 92' lang='lat' dir='ltr'><strong>in</strong></span> <span class='ocrx_word' id='word_1_322' title='bbox 2470 2602 2733 2657; x_wconf 80' lang='lat' dir='ltr'><strong>auxilium</strong></span> <span class='ocrx_word' id='word_1_323' title='bbox 2768 2618 2940 2660; x_wconf 89' lang='lat' dir='ltr'><strong>meum</strong></span> <span class='ocrx_word' id='word_1_324' title='bbox 2979 2611 3196 2678; x_wconf 88' lang='lat' dir='ltr'><strong>respice.</strong></span> 
     </span>
    </p>
   </div>
   <div class='ocr_carea' id='block_1_48' title="bbox 1262 2790 2256 2860">
    <p class='ocr_par' dir='ltr' id='par_1_48' title="bbox 1262 2790 2256 2860">
     <span class='ocr_line' id='line_1_48' title="bbox 1262 2790 2256 2860; baseline 0.014 -16"><span class='ocrx_word' id='word_1_325' title='bbox 1262 2790 1637 2850; x_wconf 81' lang='lat' dir='ltr'><strong>ATHANASII</strong></span> <span class='ocrx_word' id='word_1_326' title='bbox 1675 2796 2256 2860; x_wconf 78' lang='lat' dir='ltr'><strong>INTERPRETATIO.</strong></span> 
     </span>
    </p>
   </div>
   <div class='ocr_carea' id='block_1_49' title="bbox 215 2951 1833 3052">
    <p class='ocr_par' dir='ltr' id='par_1_49' title="bbox 215 2951 984 3028">
     <span class='ocr_line' id='line_1_49' title="bbox 215 2951 984 3028; baseline 0.013 -24"><span class='ocrx_word' id='word_1_327' title='bbox 215 2951 267 3004; x_wconf 89' lang='lat'><strong>7.</strong></span> <span class='ocrx_word' id='word_1_328' title='bbox 302 2951 406 3005; x_wconf 88' lang='grc' dir='ltr'>Τοῦ</span> <span class='ocrx_word' id='word_1_329' title='bbox 441 2954 682 3007; x_wconf 76' lang='grc' dir='ltr'>διαϐόλου</span> <span class='ocrx_word' id='word_1_330' title='bbox 711 2957 788 3028; x_wconf 93' lang='grc'>(1)</span> <span class='ocrx_word' id='word_1_331' title='bbox 818 2959 984 3015; x_wconf 80' lang='grc' dir='ltr'>λενει.</span> 
     </span>
    </p>
   </div>
   <div class='ocr_carea' id='block_1_50' title="bbox 814 2951 2432 3052">
    <p class='ocr_par' dir='ltr' id='par_1_50' title="bbox 818 2959 2432 3052">
     <span class='ocr_line' id='line_1_50' title="bbox 818 2959 2432 3052; baseline 0.016 -42"><span class='ocrx_word' id='word_1_332' title='bbox 818 2959 984 3015; x_wconf 68' lang='grc' dir='ltr'>λέγει.</span> <span class='ocrx_word' id='word_1_333' title='bbox 1895 2977 1945 3030; x_wconf 88' lang='grc'><strong>7.</strong></span> <span class='ocrx_word' id='word_1_334' title='bbox 1977 2976 2207 3044; x_wconf 87' lang='lat' dir='ltr'><strong>Diaboli,</strong></span> <span class='ocrx_word' id='word_1_335' title='bbox 2243 2982 2432 3052; x_wconf 84' lang='lat' dir='ltr'><strong>inquit.</strong></span> 
     </span>
    </p>
   </div>
   <div class='ocr_carea' id='block_1_51' title="bbox 212 3043 1830 3139">
    <p class='ocr_par' dir='ltr' id='par_1_51' title="bbox 212 3043 613 3102">
     <span class='ocr_line' id='line_1_51' title="bbox 212 3043 613 3102; baseline 0.007 -4"><span class='ocrx_word' id='word_1_336' title='bbox 212 3043 266 3098; x_wconf 90' lang='lat'><strong>8.</strong></span> <span class='ocrx_word' id='word_1_337' title='bbox 301 3044 405 3096; x_wconf 85' lang='grc' dir='ltr'><strong>Τοῦ</strong></span> <span class='ocrx_word' id='word_1_338' title='bbox 432 3046 613 3102; x_wconf 83' lang='grc' dir='ltr'>αὑτοῦ.</span> 
     </span>
    </p>
   </div>
   <div class='ocr_carea' id='block_1_52' title="bbox 637 3043 2255 3139">
    <p class='ocr_par' dir='ltr' id='par_1_52' title="bbox 1895 3043 2255 3139">
     <span class='ocr_line' id='line_1_52' title="bbox 1895 3043 2255 3139; baseline 0.011 -15"><span class='ocrx_word' id='word_1_339' title='bbox 1895 3070 1945 3124; x_wconf 88' lang='lat'><strong>8.</strong></span> <span class='ocrx_word' id='word_1_340' title='bbox 1983 3071 2255 3139; x_wconf 85' lang='lat' dir='ltr'><strong>Ejusdem.</strong></span> 
     </span>
    </p>
   </div>
   <div class='ocr_carea' id='block_1_53' title="bbox 215 3132 1833 3234">
    <p class='ocr_par' dir='ltr' id='par_1_53' title="bbox 215 3132 1780 3234">
     <span class='ocr_line' id='line_1_53' title="bbox 215 3132 1780 3234; baseline 0.017 -49"><span class='ocrx_word' id='word_1_341' title='bbox 215 3132 265 3187; x_wconf 89' lang='lat'><strong>9.</strong></span> <span class='ocrx_word' id='word_1_342' title='bbox 298 3135 419 3188; x_wconf 74' lang='grc' dir='ltr'><strong>Ὀτι</strong></span> <span class='ocrx_word' id='word_1_343' title='bbox 442 3139 504 3234; x_wconf 46' lang='grc' dir='ltr'><em>σέ)</em></span> <span class='ocrx_word' id='word_1_344' title='bbox 535 3136 586 3192; x_wconf 83' lang='grc' dir='ltr'>εἴ</span> <span class='ocrx_word' id='word_1_345' title='bbox 611 3143 642 3213; x_wconf 78' lang='grc' dir='ltr'>ἡ</span> <span class='ocrx_word' id='word_1_346' title='bbox 667 3147 1008 3220; x_wconf 76' lang='grc' dir='ltr'>παράκλησίς</span> <span class='ocrx_word' id='word_1_347' title='bbox 1032 3166 1154 3219; x_wconf 83' lang='grc' dir='ltr'>μου,</span> <span class='ocrx_word' id='word_1_348' title='bbox 1177 3149 1372 3222; x_wconf 81' lang='grc' dir='ltr'>Κύριε.</span> <span class='ocrx_word' id='word_1_349' title='bbox 1739 3141 1780 3195; x_wconf 77' lang='lat' dir='ltr'>C</span> 
     </span>
    </p>
   </div>
   <div class='ocr_carea' id='block_1_54' title="bbox 1566 3132 3184 3234">
    <p class='ocr_par' dir='ltr' id='par_1_54' title="bbox 1739 3141 3184 3234">
     <span class='ocr_line' id='line_1_54' title="bbox 1739 3141 3184 3234; baseline 0.015 -24"><span class='ocrx_word' id='word_1_350' title='bbox 1739 3141 1780 3195; x_wconf 69' lang='grc' dir='ltr'><strong>(ἶ</strong></span> <span class='ocrx_word' id='word_1_351' title='bbox 1882 3159 1933 3213; x_wconf 89' lang='grc'><strong>9.</strong></span> <span class='ocrx_word' id='word_1_352' title='bbox 1963 3158 2230 3226; x_wconf 83' lang='lat' dir='ltr'><strong>Quoniam</strong></span> <span class='ocrx_word' id='word_1_353' title='bbox 2267 3171 2321 3218; x_wconf 91' lang='lat' dir='ltr'><strong>tu</strong></span> <span class='ocrx_word' id='word_1_354' title='bbox 2357 3181 2417 3221; x_wconf 90' lang='lat' dir='ltr'><strong>es</strong></span> <span class='ocrx_word' id='word_1_355' title='bbox 2439 3168 2738 3224; x_wconf 88' lang='lat' dir='ltr'><strong>consolatio</strong></span> <span class='ocrx_word' id='word_1_356' title='bbox 2765 3186 2905 3234; x_wconf 89' lang='lat' dir='ltr'><strong>mea,</strong></span> <span class='ocrx_word' id='word_1_357' title='bbox 2940 3171 3184 3231; x_wconf 85' lang='lat' dir='ltr'><strong>Domine.</strong></span> 
     </span>
    </p>
   </div>
   <div class='ocr_carea' id='block_1_55' title="bbox 211 3223 1829 3340">
    <p class='ocr_par' dir='ltr' id='par_1_55' title="bbox 211 3223 1478 3340">
     <span class='ocr_line' id='line_1_55' title="bbox 211 3223 1478 3318; baseline 0.019 -43"><span class='ocrx_word' id='word_1_358' title='bbox 211 3224 296 3277; x_wconf 87' lang='grc'><strong>10.</strong></span> <span class='ocrx_word' id='word_1_359' title='bbox 336 3226 406 3277; x_wconf 75' lang='grc' dir='ltr'><strong>Σὺ</strong></span> <span class='ocrx_word' id='word_1_360' title='bbox 436 3223 485 3279; x_wconf 87' lang='grc' dir='ltr'>εἶ</span> <span class='ocrx_word' id='word_1_361' title='bbox 508 3229 660 3295; x_wconf 87' lang='grc' dir='ltr'>ἐλπίς</span> <span class='ocrx_word' id='word_1_362' title='bbox 694 3253 794 3302; x_wconf 87' lang='grc' dir='ltr'><strong>μου</strong></span> <span class='ocrx_word' id='word_1_363' title='bbox 828 3237 920 3307; x_wconf 74' lang='grc' dir='ltr'><strong>ἀφ’</strong></span> <span class='ocrx_word' id='word_1_364' title='bbox 945 3231 1005 3291; x_wconf 75' lang='grc' dir='ltr'><strong>οῦ</strong></span> <span class='ocrx_word' id='word_1_365' title='bbox 1029 3239 1348 3314; x_wconf 79' lang='grc' dir='ltr'>ὲνεποιήθην</span> <span class='ocrx_word' id='word_1_366' title='bbox 1378 3241 1478 3318; x_wconf 74' lang='grc' dir='ltr'><strong>(Ξ).</strong></span> 
     </span>
     <span class='ocr_line' id='line_1_56' title="bbox 211 3315 779 3340; baseline 0.011 0"><span class='ocrx_word' id='word_1_367' title='bbox 211 3315 230 3340; x_wconf 82' lang='grc' dir='ltr'>ι</span> <span class='ocrx_word' id='word_1_368' title='bbox 251 3316 265 3340; x_wconf 81' lang='grc' dir='ltr'>ι</span> <span class='ocrx_word' id='word_1_369' title='bbox 340 3317 384 3340; x_wconf 68' lang='grc' dir='ltr'><strong>ο.</strong></span> <span class='ocrx_word' id='word_1_370' title='bbox 406 3320 462 3340; x_wconf 57' lang='grc' dir='ltr'><strong>-λ</strong></span> <span class='ocrx_word' id='word_1_371' title='bbox 509 3339 547 3340; x_wconf 35' lang='grc' dir='ltr'><strong>ρ</strong></span> <span class='ocrx_word' id='word_1_372' title='bbox 567 3323 590 3333; x_wconf 72' lang='lat'><strong>~</strong></span> <span class='ocrx_word' id='word_1_373' title='bbox 619 3325 642 3340; x_wconf 77' lang='grc' dir='ltr'><strong><em>η</em></strong></span> <span class='ocrx_word' id='word_1_374' title='bbox 768 3329 779 3340; x_wconf 71' lang='grc' dir='ltr'><strong>ρ</strong></span> 
     </span>
    </p>
   </div>
   <div class='ocr_carea' id='block_1_56' title="bbox 1573 3223 3191 3340">
    <p class='ocr_par' dir='ltr' id='par_1_56' title="bbox 1880 3249 3191 3340">
     <span class='ocr_line' id='line_1_57' title="bbox 1880 3249 3191 3340; baseline 0.019 -37"><span class='ocrx_word' id='word_1_375' title='bbox 1880 3249 1965 3306; x_wconf 90' lang='grc'><strong>10.</strong></span> <span class='ocrx_word' id='word_1_376' title='bbox 1998 3251 2075 3307; x_wconf 88' lang='lat' dir='ltr'><strong>Tu</strong></span> <span class='ocrx_word' id='word_1_377' title='bbox 2108 3270 2165 3308; x_wconf 88' lang='lat' dir='ltr'><strong>es</strong></span> <span class='ocrx_word' id='word_1_378' title='bbox 2201 3273 2325 3325; x_wconf 86' lang='lat' dir='ltr'><strong>spes</strong></span> <span class='ocrx_word' id='word_1_379' title='bbox 2358 3275 2501 3326; x_wconf 89' lang='lat' dir='ltr'><strong>mea,</strong></span> <span class='ocrx_word' id='word_1_380' title='bbox 2525 3278 2590 3318; x_wconf 81' lang='lat' dir='ltr'><strong>ex</strong></span> <span class='ocrx_word' id='word_1_381' title='bbox 2617 3281 2726 3335; x_wconf 89' lang='lat' dir='ltr'><strong>quo</strong></span> <span class='ocrx_word' id='word_1_382' title='bbox 2758 3267 3027 3340; x_wconf 81' lang='lat' dir='ltr'><strong>ingenitus</strong></span> <span class='ocrx_word' id='word_1_383' title='bbox 3055 3288 3191 3328; x_wconf 86' lang='lat' dir='ltr'><strong>sum.</strong></span> 
     </span>
    </p>
   </div>
   <div class='ocr_carea' id='block_1_57' title="bbox 207 3315 1825 3416">
    <p class='ocr_par' dir='ltr' id='par_1_57' title="bbox 207 3315 1014 3400">
     <span class='ocr_line' id='line_1_58' title="bbox 207 3315 1014 3400; baseline 0.024 -32"><span class='ocrx_word' id='word_1_384' title='bbox 207 3315 294 3368; x_wconf 86' lang='grc'><strong>11.</strong></span> <span class='ocrx_word' id='word_1_385' title='bbox 340 3317 470 3372; x_wconf 78' lang='grc' dir='ltr'><strong>Ἀπὸ</strong></span> <span class='ocrx_word' id='word_1_386' title='bbox 499 3323 592 3376; x_wconf 86' lang='grc' dir='ltr'><strong>τοῦ</strong></span> <span class='ocrx_word' id='word_1_387' title='bbox 616 3325 1014 3400; x_wconf 78' lang='grc' dir='ltr'>βαπτίσματος.</span> 
     </span>
    </p>
   </div>
   <div class='ocr_carea' id='block_1_58' title="bbox 728 3315 2346 3416">
    <p class='ocr_par' dir='ltr' id='par_1_58' title="bbox 731 3315 2346 3416">
     <span class='ocr_line' id='line_1_59' title="bbox 731 3315 2346 3416; baseline 0.016 -37"><span class='ocrx_word' id='word_1_388' title='bbox 731 3329 1014 3400; x_wconf 83' lang='grc' dir='ltr'>τίσματος.</span> <span class='ocrx_word' id='word_1_389' title='bbox 1435 3315 1443 3318; x_wconf 41' lang='grc'><em>’</em></span> <span class='ocrx_word' id='word_1_390' title='bbox 1875 3341 1965 3397; x_wconf 90' lang='grc'><strong>11.</strong></span> <span class='ocrx_word' id='word_1_391' title='bbox 1991 3342 2036 3396; x_wconf 86' lang='grc' dir='ltr'><strong>Α</strong></span> <span class='ocrx_word' id='word_1_392' title='bbox 2060 3315 2346 3416; x_wconf 67' lang='lat' dir='ltr'><strong>baptismo.</strong></span> 
     </span>
    </p>
   </div>
   <div class='ocr_carea' id='block_1_59' title="bbox 203 3405 1821 3497">
    <p class='ocr_par' dir='ltr' id='par_1_59' title="bbox 203 3405 977 3489">
     <span class='ocr_line' id='line_1_60' title="bbox 203 3405 977 3489; baseline 0.021 -31"><span class='ocrx_word' id='word_1_393' title='bbox 203 3405 291 3460; x_wconf 88' lang='grc'><strong>12.</strong></span> <span class='ocrx_word' id='word_1_394' title='bbox 330 3407 421 3462; x_wconf 87' lang='grc' dir='ltr'>Ἐκ</span> <span class='ocrx_word' id='word_1_395' title='bbox 452 3412 548 3482; x_wconf 84' lang='grc' dir='ltr'><strong>τῆς</strong></span> <span class='ocrx_word' id='word_1_396' title='bbox 580 3414 977 3489; x_wconf 76' lang='grc' dir='ltr'>κολυμϐήθρας.</span> 
     </span>
    </p>
   </div>
   <div class='ocr_carea' id='block_1_60' title="bbox 731 3405 2349 3497">
    <p class='ocr_par' dir='ltr' id='par_1_60' title="bbox 731 3405 2349 3497">
     <span class='ocr_line' id='line_1_61' title="bbox 731 3405 2349 3497; baseline 0.019 -30"><span class='ocrx_word' id='word_1_397' title='bbox 731 3417 977 3489; x_wconf 76' lang='grc' dir='ltr'>ιϐήθρας.</span> <span class='ocrx_word' id='word_1_398' title='bbox 1882 3434 1968 3491; x_wconf 80' lang='grc'><strong>12.</strong></span> <span class='ocrx_word' id='word_1_399' title='bbox 2008 3436 2080 3491; x_wconf 83' lang='lat' dir='ltr'><strong>Ex</strong></span> <span class='ocrx_word' id='word_1_400' title='bbox 2115 3405 2349 3497; x_wconf 61' lang='lat' dir='ltr'><strong>lavacro.</strong></span> 
     </span>
    </p>
   </div>
   <div class='ocr_carea' id='block_1_61' title="bbox 202 3497 1820 3599">
    <p class='ocr_par' dir='ltr' id='par_1_61' title="bbox 202 3497 878 3575">
     <span class='ocr_line' id='line_1_62' title="bbox 202 3497 878 3575; baseline 0.018 -27"><span class='ocrx_word' id='word_1_401' title='bbox 202 3497 291 3550; x_wconf 81' lang='grc'>15.</span> <span class='ocrx_word' id='word_1_402' title='bbox 334 3498 396 3551; x_wconf 84' lang='grc' dir='ltr'><strong>Ἦ</strong></span> <span class='ocrx_word' id='word_1_403' title='bbox 427 3503 720 3572; x_wconf 83' lang='grc' dir='ltr'>προσδοκία</span> <span class='ocrx_word' id='word_1_404' title='bbox 755 3524 878 3575; x_wconf 89' lang='grc' dir='ltr'>μου.</span> 
     </span>
    </p>
   </div>
   <div class='ocr_carea' id='block_1_62' title="bbox 867 3497 2485 3599">
    <p class='ocr_par' dir='ltr' id='par_1_62' title="bbox 867 3527 2485 3599">
     <span class='ocr_line' id='line_1_63' title="bbox 867 3527 2485 3599; baseline 0.01 -28"><span class='ocrx_word' id='word_1_405' title='bbox 867 3545 878 3560; x_wconf 90' lang='lat'><strong>-</strong></span> <span class='ocrx_word' id='word_1_406' title='bbox 1879 3527 1966 3582; x_wconf 76' lang='grc'><strong>15.</strong></span> <span class='ocrx_word' id='word_1_407' title='bbox 1998 3529 2342 3599; x_wconf 81' lang='lat' dir='ltr'><strong>Exspcctatio</strong></span> <span class='ocrx_word' id='word_1_408' title='bbox 2370 3549 2485 3587; x_wconf 91' lang='lat' dir='ltr'><strong>mea</strong></span> 
     </span>
    </p>
   </div>
   <div class='ocr_carea' id='block_1_63' title="bbox 201 3589 1819 3689">
    <p class='ocr_par' dir='ltr' id='par_1_63' title="bbox 201 3589 1271 3673">
     <span class='ocr_line' id='line_1_64' title="bbox 201 3589 1271 3673; baseline 0.017 -31"><span class='ocrx_word' id='word_1_409' title='bbox 201 3589 288 3645; x_wconf 70' lang='grc'><strong>14.</strong></span> <span class='ocrx_word' id='word_1_410' title='bbox 339 3591 479 3644; x_wconf 74' lang='grc' dir='ltr'>Ὢσεὶ</span> <span class='ocrx_word' id='word_1_411' title='bbox 515 3595 760 3663; x_wconf 80' lang='grc' dir='ltr'>παίγνιον</span> <span class='ocrx_word' id='word_1_412' title='bbox 786 3600 861 3666; x_wconf 81' lang='lat'><strong>(5)</strong></span> <span class='ocrx_word' id='word_1_413' title='bbox 895 3601 1006 3663; x_wconf 84' lang='grc' dir='ltr'>τοῖς</span> <span class='ocrx_word' id='word_1_414' title='bbox 1034 3602 1271 3673; x_wconf 81' lang='grc' dir='ltr'>δαίμοσι.</span> 
     </span>
    </p>
   </div>
   <div class='ocr_carea' id='block_1_64' title="bbox 1362 3589 2980 3689">
    <p class='ocr_par' dir='ltr' id='par_1_64' title="bbox 1877 3589 2980 3689">
     <span class='ocr_line' id='line_1_65' title="bbox 1877 3589 2980 3689; baseline 0.015 -19"><span class='ocrx_word' id='word_1_415' title='bbox 1877 3618 1961 3672; x_wconf 71' lang='grc'><strong>11.</strong></span> <span class='ocrx_word' id='word_1_416' title='bbox 2000 3589 2278 3689; x_wconf 51' lang='lat' dir='ltr'><strong>Tan-quam</strong></span> <span class='ocrx_word' id='word_1_417' title='bbox 2307 3623 2598 3678; x_wconf 88' lang='lat' dir='ltr'><strong>ludibrium</strong></span> <span class='ocrx_word' id='word_1_418' title='bbox 2625 3625 2980 3686; x_wconf 86' lang='lat' dir='ltr'><strong>daemonibus.</strong></span> 
     </span>
    </p>
   </div>
   <div class='ocr_carea' id='block_1_65' title="bbox 202 3682 1820 3784">
    <p class='ocr_par' dir='ltr' id='par_1_65' title="bbox 202 3682 1148 3764">
     <span class='ocr_line' id='line_1_66' title="bbox 202 3682 1148 3764; baseline 0.017 -30"><span class='ocrx_word' id='word_1_419' title='bbox 202 3682 289 3736; x_wconf 79' lang='grc'><strong>15.</strong></span> <span class='ocrx_word' id='word_1_420' title='bbox 330 3685 435 3737; x_wconf 78' lang='grc' dir='ltr'>Καὶ</span> <span class='ocrx_word' id='word_1_421' title='bbox 471 3687 532 3738; x_wconf 71' lang='grc' dir='ltr'><strong>σὺ</strong></span> <span class='ocrx_word' id='word_1_422' title='bbox 561 3687 748 3756; x_wconf 80' lang='grc' dir='ltr'>βοηθός</span> <span class='ocrx_word' id='word_1_423' title='bbox 777 3707 876 3760; x_wconf 90' lang='grc' dir='ltr'><strong>μου</strong></span> <span class='ocrx_word' id='word_1_424' title='bbox 903 3694 1148 3764; x_wconf 70' lang='grc' dir='ltr'>ἰσχυρός.</span> 
     </span>
    </p>
   </div>
   <div class='ocr_carea' id='block_1_66' title="bbox 1198 3682 2816 3784">
    <p class='ocr_par' dir='ltr' id='par_1_66' title="bbox 1875 3710 2816 3784">
     <span class='ocr_line' id='line_1_67' title="bbox 1875 3710 2816 3784; baseline 0.012 -21"><span class='ocrx_word' id='word_1_425' title='bbox 1875 3710 1963 3764; x_wconf 79' lang='grc'><strong>15.</strong></span> <span class='ocrx_word' id='word_1_426' title='bbox 1995 3710 2057 3766; x_wconf 82' lang='grc' dir='ltr'><strong>Ει</strong></span> <span class='ocrx_word' id='word_1_427' title='bbox 2085 3723 2138 3767; x_wconf 80' lang='grc' dir='ltr'><strong>ιιι</strong></span> <span class='ocrx_word' id='word_1_428' title='bbox 2167 3714 2382 3784; x_wconf 88' lang='lat' dir='ltr'><strong>adjutor</strong></span> <span class='ocrx_word' id='word_1_429' title='bbox 2405 3732 2559 3772; x_wconf 90' lang='lat' dir='ltr'><strong>meus</strong></span> <span class='ocrx_word' id='word_1_430' title='bbox 2586 3720 2816 3775; x_wconf 77' lang='lat' dir='ltr'><strong>validus.</strong></span> 
     </span>
    </p>
   </div>
   <div class='ocr_carea' id='block_1_67' title="bbox 201 3777 1819 3859">
    <p class='ocr_par' dir='ltr' id='par_1_67' title="bbox 201 3777 810 3850">
     <span class='ocr_line' id='line_1_68' title="bbox 201 3777 810 3850; baseline 0.013 -22"><span class='ocrx_word' id='word_1_431' title='bbox 201 3777 289 3829; x_wconf 87' lang='grc'><strong>16.</strong></span> <span class='ocrx_word' id='word_1_432' title='bbox 327 3777 435 3846; x_wconf 81' lang='grc' dir='ltr'>Τῆς</span> <span class='ocrx_word' id='word_1_433' title='bbox 457 3780 675 3850; x_wconf 84' lang='grc' dir='ltr'>χάριτός</span> <span class='ocrx_word' id='word_1_434' title='bbox 698 3800 810 3837; x_wconf 88' lang='grc' dir='ltr'>σου.</span> 
     </span>
    </p>
   </div>
   <div class='ocr_carea' id='block_1_68' title="bbox 685 3777 2303 3859">
    <p class='ocr_par' dir='ltr' id='par_1_68' title="bbox 698 3799 2303 3859">
     <span class='ocr_line' id='line_1_69' title="bbox 698 3799 2303 3859; baseline 0.016 -25"><span class='ocrx_word' id='word_1_435' title='bbox 698 3800 810 3837; x_wconf 88' lang='grc' dir='ltr'>σου.</span> <span class='ocrx_word' id='word_1_436' title='bbox 1886 3799 1972 3853; x_wconf 85' lang='grc'><strong>16.</strong></span> <span class='ocrx_word' id='word_1_437' title='bbox 2006 3800 2185 3856; x_wconf 84' lang='lat' dir='ltr'><strong>Gratia</strong></span> <span class='ocrx_word' id='word_1_438' title='bbox 2216 3815 2303 3859; x_wconf 83' lang='lat' dir='ltr'><strong>tua</strong></span> 
     </span>
    </p>
   </div>
   <div class='ocr_carea' id='block_1_69' title="bbox 203 3869 1821 3969">
    <p class='ocr_par' dir='ltr' id='par_1_69' title="bbox 203 3869 1434 3956">
     <span class='ocr_line' id='line_1_70' title="bbox 203 3869 1434 3956; baseline 0.02 -37"><span class='ocrx_word' id='word_1_439' title='bbox 203 3869 291 3921; x_wconf 87' lang='grc'><strong>17.</strong></span> <span class='ocrx_word' id='word_1_440' title='bbox 328 3870 435 3941; x_wconf 82' lang='grc' dir='ltr'>Τὴν</span> <span class='ocrx_word' id='word_1_441' title='bbox 462 3872 765 3947; x_wconf 77' lang='grc' dir='ltr'>ὡραιότητα</span> <span class='ocrx_word' id='word_1_442' title='bbox 797 3878 871 3948; x_wconf 64' lang='grc' dir='ltr'><strong>(τί)</strong></span> <span class='ocrx_word' id='word_1_443' title='bbox 899 3883 996 3952; x_wconf 82' lang='grc' dir='ltr'><strong>τῆς</strong></span> <span class='ocrx_word' id='word_1_444' title='bbox 1019 3883 1298 3956; x_wconf 83' lang='grc' dir='ltr'>δυνάμεώς</span> <span class='ocrx_word' id='word_1_445' title='bbox 1318 3904 1434 3945; x_wconf 65' lang='grc' dir='ltr'>σοι).</span> 
     </span>
    </p>
   </div>
   <div class='ocr_carea' id='block_1_70' title="bbox 1275 3869 2893 3969">
    <p class='ocr_par' dir='ltr' id='par_1_70' title="bbox 1275 3893 2893 3969">
     <span class='ocr_line' id='line_1_71' title="bbox 1275 3893 2893 3969; baseline 0.014 -32"><span class='ocrx_word' id='word_1_446' title='bbox 1275 3904 1434 3952; x_wconf 71' lang='grc' dir='ltr'>ςσου.</span> <span class='ocrx_word' id='word_1_447' title='bbox 1873 3894 1960 3949; x_wconf 91' lang='grc'><strong>17.</strong></span> <span class='ocrx_word' id='word_1_448' title='bbox 1989 3893 2457 3954; x_wconf 88' lang='lat' dir='ltr'><strong>Pulchritudinem</strong></span> <span class='ocrx_word' id='word_1_449' title='bbox 2489 3905 2741 3969; x_wconf 66' lang='lat' dir='ltr'><strong>potentia:</strong></span> <span class='ocrx_word' id='word_1_450' title='bbox 2769 3913 2893 3960; x_wconf 63' lang='lat' dir='ltr'><strong>tuae.</strong></span> 
     </span>
    </p>
   </div>
   <div class='ocr_carea' id='block_1_71' title="bbox 199 3960 1817 4060">
    <p class='ocr_par' dir='ltr' id='par_1_71' title="bbox 199 3960 1703 4056">
     <span class='ocr_line' id='line_1_72' title="bbox 199 3960 1703 4056; baseline 0.019 -44"><span class='ocrx_word' id='word_1_451' title='bbox 199 3960 287 4014; x_wconf 90' lang='grc'>18.</span> <span class='ocrx_word' id='word_1_452' title='bbox 310 3961 718 4034; x_wconf 82' lang='grc' dir='ltr'>Κοιταζόμενος,</span> <span class='ocrx_word' id='word_1_453' title='bbox 735 3972 826 4023; x_wconf 76' lang='grc' dir='ltr'>καὶ</span> <span class='ocrx_word' id='word_1_454' title='bbox 842 3972 1268 4047; x_wconf 80' lang='grc' dir='ltr'>διανιστάμενος,</span> <span class='ocrx_word' id='word_1_455' title='bbox 1291 3983 1384 4038; x_wconf 75' lang='grc' dir='ltr'><strong>καὶ</strong></span> <span class='ocrx_word' id='word_1_456' title='bbox 1409 3986 1703 4056; x_wconf 86' lang='grc' dir='ltr'>πορευόμε-</span> 
     </span>
    </p>
   </div>
   <div class='ocr_carea' id='block_1_72' title="bbox 1748 3960 3366 4060">
    <p class='ocr_par' dir='ltr' id='par_1_72' title="bbox 1876 3984 3366 4060">
     <span class='ocr_line' id='line_1_73' title="bbox 1876 3984 3366 4060; baseline 0.017 -25"><span class='ocrx_word' id='word_1_457' title='bbox 1876 3984 1960 4037; x_wconf 87' lang='grc'><strong>18.</strong></span> <span class='ocrx_word' id='word_1_458' title='bbox 1993 3984 2277 4042; x_wconf 89' lang='lat' dir='ltr'><strong>Dormiens</strong></span> <span class='ocrx_word' id='word_1_459' title='bbox 2320 3997 2373 4043; x_wconf 91' lang='lat' dir='ltr'><strong>et</strong></span> <span class='ocrx_word' id='word_1_460' title='bbox 2413 4005 2667 4060; x_wconf 82' lang='lat' dir='ltr'><strong>surgens,</strong></span> <span class='ocrx_word' id='word_1_461' title='bbox 2700 4003 2753 4047; x_wconf 88' lang='lat' dir='ltr'><strong>et</strong></span> <span class='ocrx_word' id='word_1_462' title='bbox 2799 3996 3085 4053; x_wconf 86' lang='lat' dir='ltr'><strong>ambulans</strong></span> <span class='ocrx_word' id='word_1_463' title='bbox 3135 4001 3366 4059; x_wconf 85' lang='lat' dir='ltr'><strong>laudabo</strong></span> 
     </span>
    </p>
   </div>
   <div class='ocr_carea' id='block_1_73' title="bbox 126 4054 1744 4155">
    <p class='ocr_par' dir='ltr' id='par_1_73' title="bbox 126 4054 1700 4148">
     <span class='ocr_line' id='line_1_74' title="bbox 126 4054 1700 4148; baseline 0.018 -46"><span class='ocrx_word' id='word_1_464' title='bbox 126 4068 214 4115; x_wconf 86' lang='grc' dir='ltr'><strong>νος</strong></span> <span class='ocrx_word' id='word_1_465' title='bbox 246 4054 472 4124; x_wconf 80' lang='grc' dir='ltr'>ὑμνήσω</span> <span class='ocrx_word' id='word_1_466' title='bbox 495 4056 554 4108; x_wconf 85' lang='grc' dir='ltr'>τὸ</span> <span class='ocrx_word' id='word_1_467' title='bbox 585 4059 811 4128; x_wconf 83' lang='grc' dir='ltr'>μέγεθος</span> <span class='ocrx_word' id='word_1_468' title='bbox 843 4063 918 4130; x_wconf 51' lang='grc' dir='ltr'><strong>τὸ</strong></span> <span class='ocrx_word' id='word_1_469' title='bbox 951 4065 1329 4141; x_wconf 83' lang='grc' dir='ltr'>ἀκατάληπτον</span> <span class='ocrx_word' id='word_1_470' title='bbox 1359 4073 1458 4144; x_wconf 78' lang='grc' dir='ltr'>τῆς</span> <span class='ocrx_word' id='word_1_471' title='bbox 1485 4054 1700 4148; x_wconf 72' lang='grc' dir='ltr'>εὐπρε-</span> 
     </span>
    </p>
   </div>
   <div class='ocr_carea' id='block_1_74' title="bbox 1618 4054 3236 4155">
    <p class='ocr_par' dir='ltr' id='par_1_74' title="bbox 1618 4079 3236 4155">
     <span class='ocr_line' id='line_1_75' title="bbox 1618 4079 3236 4155; baseline 0.012 -25"><span class='ocrx_word' id='word_1_472' title='bbox 1618 4095 1700 4148; x_wconf 86' lang='grc' dir='ltr'>ρε-</span> <span class='ocrx_word' id='word_1_473' title='bbox 1804 4079 2229 4149; x_wconf 80' lang='lat' dir='ltr'><strong>magnitudinem</strong></span> <span class='ocrx_word' id='word_1_474' title='bbox 2269 4084 2868 4155; x_wconf 77' lang='lat' dir='ltr'><strong>incompreliensibilem</strong></span> <span class='ocrx_word' id='word_1_475' title='bbox 2897 4092 3109 4147; x_wconf 86' lang='lat' dir='ltr'><strong>decoris</strong></span> <span class='ocrx_word' id='word_1_476' title='bbox 3141 4101 3236 4150; x_wconf 87' lang='lat' dir='ltr'><strong>tui.</strong></span> 
     </span>
    </p>
   </div>
   <div class='ocr_carea' id='block_1_75' title="bbox 128 4159 402 4206">
    <p class='ocr_par' dir='ltr' id='par_1_75' title="bbox 128 4159 402 4206">
     <span class='ocr_line' id='line_1_76' title="bbox 128 4159 402 4206; baseline 0.011 -11"><span class='ocrx_word' id='word_1_477' title='bbox 128 4159 286 4206; x_wconf 82' lang='grc' dir='ltr'>πειας</span> <span class='ocrx_word' id='word_1_478' title='bbox 310 4163 402 4198; x_wconf 87' lang='grc' dir='ltr'><strong>σου</strong></span> 
     </span>
    </p>
   </div>
   <div class='ocr_carea' id='block_1_76' title="bbox 195 4240 1813 4341">
    <p class='ocr_par' dir='ltr' id='par_1_76' title="bbox 195 4240 1696 4331">
     <span class='ocr_line' id='line_1_77' title="bbox 195 4240 1696 4331; baseline 0.016 -40"><span class='ocrx_word' id='word_1_479' title='bbox 195 4240 284 4293; x_wconf 83' lang='grc'><strong>10.</strong></span> <span class='ocrx_word' id='word_1_480' title='bbox 318 4242 767 4319; x_wconf 66' lang='grc' dir='ltr'>Μὴάπορῤίψῃς</span> <span class='ocrx_word' id='word_1_481' title='bbox 818 4266 906 4319; x_wconf 88' lang='grc' dir='ltr'>με,</span> <span class='ocrx_word' id='word_1_482' title='bbox 961 4251 1088 4307; x_wconf 85' lang='grc' dir='ltr'>ὅταν</span> <span class='ocrx_word' id='word_1_483' title='bbox 1147 4256 1311 4325; x_wconf 78' lang='grc' dir='ltr'>ἐγγὺς</span> <span class='ocrx_word' id='word_1_484' title='bbox 1362 4259 1581 4331; x_wconf 87' lang='grc' dir='ltr'>γίνομαι</span> <span class='ocrx_word' id='word_1_485' title='bbox 1621 4261 1696 4331; x_wconf 87' lang='grc'>(5)</span> 
     </span>
    </p>
   </div>
   <div class='ocr_carea' id='block_1_77' title="bbox 1738 4240 3356 4341">
    <p class='ocr_par' dir='ltr' id='par_1_77' title="bbox 1874 4254 3356 4341">
     <span class='ocr_line' id='line_1_78' title="bbox 1874 4254 3356 4341; baseline 0.014 -34"><span class='ocrx_word' id='word_1_486' title='bbox 1874 4255 1960 4309; x_wconf 86' lang='grc'>19.</span> <span class='ocrx_word' id='word_1_487' title='bbox 1989 4254 2066 4311; x_wconf 88' lang='lat' dir='ltr'><strong>Ne</strong></span> <span class='ocrx_word' id='word_1_488' title='bbox 2096 4258 2319 4327; x_wconf 88' lang='lat' dir='ltr'><strong>abjicias</strong></span> <span class='ocrx_word' id='word_1_489' title='bbox 2358 4277 2444 4317; x_wconf 90' lang='lat' dir='ltr'><strong>me</strong></span> <span class='ocrx_word' id='word_1_490' title='bbox 2470 4279 2592 4319; x_wconf 90' lang='lat' dir='ltr'><strong>cum</strong></span> <span class='ocrx_word' id='word_1_491' title='bbox 2635 4280 2800 4336; x_wconf 84' lang='lat' dir='ltr'><strong>prOpe</strong></span> <span class='ocrx_word' id='word_1_492' title='bbox 2833 4284 2910 4333; x_wconf 87' lang='lat' dir='ltr'><strong>es,</strong></span> <span class='ocrx_word' id='word_1_493' title='bbox 2952 4280 3008 4322; x_wconf 92' lang='lat' dir='ltr'><strong>ut</strong></span> <span class='ocrx_word' id='word_1_494' title='bbox 3038 4272 3356 4341; x_wconf 74' lang='lat' dir='ltr'><strong>dispeream.</strong></span> 
     </span>
    </p>
   </div>
   <div class='ocr_carea' id='block_1_78' title="bbox 123 4331 456 4402">
    <p class='ocr_par' dir='ltr' id='par_1_78' title="bbox 123 4331 456 4402">
     <span class='ocr_line' id='line_1_79' title="bbox 123 4331 456 4402; baseline 0.027 -21"><span class='ocrx_word' id='word_1_495' title='bbox 123 4331 456 4402; x_wconf 72' lang='grc' dir='ltr'>ἀφανισμοῦ.</span> 
     </span>
    </p>
   </div>
   <div class='ocr_carea' id='block_1_79' title="bbox 193 4423 1811 4538">
    <p class='ocr_par' dir='ltr' id='par_1_79' title="bbox 193 4423 1770 4538">
     <span class='ocr_line' id='line_1_80' title="bbox 193 4423 1770 4538; baseline 0.015 -63"><span class='ocrx_word' id='word_1_496' title='bbox 193 4423 280 4478; x_wconf 91' lang='grc'><strong>20.</strong></span> <span class='ocrx_word' id='word_1_497' title='bbox 319 4426 408 4478; x_wconf 86' lang='grc' dir='ltr'>Ἐν</span> <span class='ocrx_word' id='word_1_498' title='bbox 435 4427 511 4498; x_wconf 84' lang='grc' dir='ltr'>τῷ</span> <span class='ocrx_word' id='word_1_499' title='bbox 535 4428 777 4484; x_wconf 83' lang='grc' dir='ltr'>ἀσθενεῖν</span> <span class='ocrx_word' id='word_1_500' title='bbox 805 4433 901 4505; x_wconf 85' lang='grc' dir='ltr'><strong>τὴν</strong></span> <span class='ocrx_word' id='word_1_501' title='bbox 927 4433 1102 4507; x_wconf 77' lang='grc' dir='ltr'>ψυχήν</span> <span class='ocrx_word' id='word_1_502' title='bbox 1129 4454 1227 4507; x_wconf 89' lang='grc' dir='ltr'><strong>μου</strong></span> <span class='ocrx_word' id='word_1_503' title='bbox 1266 4440 1339 4511; x_wconf 81' lang='grc' dir='ltr'><strong>μὴ</strong></span> <span class='ocrx_word' id='word_1_504' title='bbox 1368 4441 1531 4512; x_wconf 83' lang='grc' dir='ltr'>ἐάσῃς</span> <span class='ocrx_word' id='word_1_505' title='bbox 1567 4458 1656 4509; x_wconf 86' lang='grc' dir='ltr'><strong>με.</strong></span> <span class='ocrx_word' id='word_1_506' title='bbox 1725 4484 1770 4538; x_wconf 79' lang='lat' dir='ltr'><strong>D</strong></span> 
     </span>
    </p>
   </div>
   <div class='ocr_carea' id='block_1_80' title="bbox 1683 4423 3301 4538">
    <p class='ocr_par' dir='ltr' id='par_1_80' title="bbox 1725 4435 3301 4538">
     <span class='ocr_line' id='line_1_81' title="bbox 1725 4435 3301 4538; baseline 0.012 -52"><span class='ocrx_word' id='word_1_507' title='bbox 1725 4484 1770 4538; x_wconf 68' lang='grc' dir='ltr'><strong><em>Β</em></strong></span> <span class='ocrx_word' id='word_1_508' title='bbox 1873 4435 1961 4489; x_wconf 75' lang='lat'><strong>9.0.</strong></span> <span class='ocrx_word' id='word_1_509' title='bbox 1996 4436 2073 4492; x_wconf 89' lang='lat' dir='ltr'><strong>Ne</strong></span> <span class='ocrx_word' id='word_1_510' title='bbox 2095 4438 2331 4493; x_wconf 89' lang='lat' dir='ltr'><strong>dimittas</strong></span> <span class='ocrx_word' id='word_1_511' title='bbox 2357 4457 2443 4496; x_wconf 91' lang='lat' dir='ltr'><strong>me</strong></span> <span class='ocrx_word' id='word_1_512' title='bbox 2466 4457 2588 4497; x_wconf 91' lang='lat' dir='ltr'><strong>cum</strong></span> <span class='ocrx_word' id='word_1_513' title='bbox 2624 4445 2806 4500; x_wconf 80' lang='lat' dir='ltr'><strong>anima</strong></span> <span class='ocrx_word' id='word_1_514' title='bbox 2834 4462 2952 4502; x_wconf 88' lang='lat' dir='ltr'><strong>mea</strong></span> <span class='ocrx_word' id='word_1_515' title='bbox 2981 4450 3301 4505; x_wconf 81' lang='lat' dir='ltr'><strong>inﬁrmatur.</strong></span> 
     </span>
    </p>
   </div>
   <div class='ocr_carea' id='block_1_81' title="bbox 193 4518 1811 4599">
    <p class='ocr_par' dir='ltr' id='par_1_81' title="bbox 193 4518 1770 4599">
     <span class='ocr_line' id='line_1_82' title="bbox 193 4518 1770 4599; baseline 0.013 -28"><span class='ocrx_word' id='word_1_516' title='bbox 193 4518 283 4572; x_wconf 89' lang='lat' dir='ltr'><strong>2l.</strong></span> <span class='ocrx_word' id='word_1_517' title='bbox 323 4520 442 4574; x_wconf 75' lang='grc' dir='ltr'>Ὀτι</span> <span class='ocrx_word' id='word_1_518' title='bbox 475 4523 754 4579; x_wconf 73' lang='grc' dir='ltr'>ἀπειλοῦσί</span> <span class='ocrx_word' id='word_1_519' title='bbox 787 4544 853 4596; x_wconf 88' lang='grc' dir='ltr'><strong>με</strong></span> <span class='ocrx_word' id='word_1_520' title='bbox 889 4528 962 4596; x_wconf 89' lang='grc'><strong>(6)</strong></span> <span class='ocrx_word' id='word_1_521' title='bbox 996 4530 1043 4581; x_wconf 90' lang='grc' dir='ltr'>οἱ</span> <span class='ocrx_word' id='word_1_522' title='bbox 1069 4529 1337 4599; x_wconf 84' lang='grc' dir='ltr'>δαίμονες.</span> <span class='ocrx_word' id='word_1_523' title='bbox 1725 4518 1770 4538; x_wconf 66' lang='grc' dir='ltr'><strong><em>υ</em></strong></span> 
     </span>
    </p>
   </div>
   <div class='ocr_carea' id='block_1_82' title="bbox 1427 4518 3045 4599">
    <p class='ocr_par' dir='ltr' id='par_1_82' title="bbox 1725 4518 3045 4597">
     <span class='ocr_line' id='line_1_83' title="bbox 1725 4518 3045 4597; baseline 0.012 -17"><span class='ocrx_word' id='word_1_524' title='bbox 1725 4518 1770 4538; x_wconf 64' lang='grc'><strong>³⁷</strong></span> <span class='ocrx_word' id='word_1_525' title='bbox 1865 4530 1951 4587; x_wconf 77' lang='grc'><strong>21.</strong></span> <span class='ocrx_word' id='word_1_526' title='bbox 1984 4527 2249 4595; x_wconf 83' lang='lat' dir='ltr'><strong>Quoniam</strong></span> <span class='ocrx_word' id='word_1_527' title='bbox 2281 4536 2412 4588; x_wconf 91' lang='lat' dir='ltr'><strong>mibi</strong></span> <span class='ocrx_word' id='word_1_528' title='bbox 2450 4537 2722 4593; x_wconf 87' lang='lat' dir='ltr'><strong>minantur</strong></span> <span class='ocrx_word' id='word_1_529' title='bbox 2751 4541 3045 4597; x_wconf 65' lang='lat' dir='ltr'><strong>dmmoxrcs.</strong></span> 
     </span>
    </p>
   </div>
   <div class='ocr_carea' id='block_1_83' title="bbox 190 4609 1808 4699">
    <p class='ocr_par' dir='ltr' id='par_1_83' title="bbox 190 4609 1339 4691">
     <span class='ocr_line' id='line_1_84' title="bbox 190 4609 1339 4691; baseline 0.015 -30"><span class='ocrx_word' id='word_1_530' title='bbox 190 4609 262 4662; x_wconf 77' lang='lat'><strong>22</strong></span> <span class='ocrx_word' id='word_1_531' title='bbox 322 4611 432 4664; x_wconf 80' lang='lat' dir='ltr'><strong>Kal.</strong></span> <span class='ocrx_word' id='word_1_532' title='bbox 456 4614 504 4665; x_wconf 84' lang='grc' dir='ltr'>οἱ</span> <span class='ocrx_word' id='word_1_533' title='bbox 529 4615 872 4685; x_wconf 83' lang='grc' dir='ltr'>ἐκδεχόμενοι</span> <span class='ocrx_word' id='word_1_534' title='bbox 906 4619 1230 4687; x_wconf 84' lang='grc' dir='ltr'>παγιδεῦσαί</span> <span class='ocrx_word' id='word_1_535' title='bbox 1254 4639 1339 4691; x_wconf 84' lang='grc' dir='ltr'><strong>με.</strong></span> 
     </span>
    </p>
   </div>
   <div class='ocr_carea' id='block_1_84' title="bbox 1525 4609 3143 4699">
    <p class='ocr_par' dir='ltr' id='par_1_84' title="bbox 1864 4621 3143 4699">
     <span class='ocr_line' id='line_1_85' title="bbox 1864 4621 3143 4699; baseline 0.012 -25"><span class='ocrx_word' id='word_1_536' title='bbox 1864 4621 1951 4676; x_wconf 76' lang='grc'><strong>22.</strong></span> <span class='ocrx_word' id='word_1_537' title='bbox 1979 4622 2044 4676; x_wconf 83' lang='grc' dir='ltr'><strong>Ει</strong></span> <span class='ocrx_word' id='word_1_538' title='bbox 2077 4627 2168 4693; x_wconf 91' lang='lat' dir='ltr'><strong>qui</strong></span> <span class='ocrx_word' id='word_1_539' title='bbox 2204 4639 2516 4697; x_wconf 83' lang='lat' dir='ltr'><strong>exspectant</strong></span> <span class='ocrx_word' id='word_1_540' title='bbox 2549 4631 2758 4699; x_wconf 88' lang='lat' dir='ltr'><strong>laqueis</strong></span> <span class='ocrx_word' id='word_1_541' title='bbox 2792 4649 2876 4687; x_wconf 91' lang='lat' dir='ltr'><strong>me</strong></span> <span class='ocrx_word' id='word_1_542' title='bbox 2911 4635 3143 4689; x_wconf 88' lang='lat' dir='ltr'><strong>irretire.</strong></span> 
     </span>
    </p>
   </div>
   <div class='ocr_carea' id='block_1_85' title="bbox 187 4701 1805 4787">
    <p class='ocr_par' dir='ltr' id='par_1_85' title="bbox 187 4701 1123 4780">
     <span class='ocr_line' id='line_1_86' title="bbox 187 4701 1123 4780; baseline 0.007 -23"><span class='ocrx_word' id='word_1_543' title='bbox 187 4701 278 4757; x_wconf 77' lang='lat'><strong>25.</strong></span> <span class='ocrx_word' id='word_1_544' title='bbox 305 4703 582 4772; x_wconf 83' lang='grc' dir='ltr'>Συνταγάς</span> <span class='ocrx_word' id='word_1_545' title='bbox 606 4705 784 4776; x_wconf 82' lang='grc' dir='ltr'>ἔχουσι</span> <span class='ocrx_word' id='word_1_546' title='bbox 819 4711 936 4761; x_wconf 82' lang='grc' dir='ltr'>κατ’</span> <span class='ocrx_word' id='word_1_547' title='bbox 967 4711 1123 4780; x_wconf 88' lang='grc' dir='ltr'>ἐμοῦ,</span> 
     </span>
    </p>
   </div>
   <div class='ocr_carea' id='block_1_86' title="bbox 1217 4701 2835 4787">
    <p class='ocr_par' dir='ltr' id='par_1_86' title="bbox 1863 4713 2835 4787">
     <span class='ocr_line' id='line_1_87' title="bbox 1863 4713 2835 4787; baseline 0.013 -23"><span class='ocrx_word' id='word_1_548' title='bbox 1863 4713 1952 4767; x_wconf 75' lang='grc'><strong>25.</strong></span> <span class='ocrx_word' id='word_1_549' title='bbox 1980 4713 2179 4772; x_wconf 82' lang='lat' dir='ltr'><strong>Foedus</strong></span> <span class='ocrx_word' id='word_1_550' title='bbox 2210 4718 2481 4776; x_wconf 85' lang='lat' dir='ltr'><strong>iniverunt</strong></span> <span class='ocrx_word' id='word_1_551' title='bbox 2508 4733 2696 4776; x_wconf 89' lang='lat' dir='ltr'><strong>contra</strong></span> <span class='ocrx_word' id='word_1_552' title='bbox 2729 4739 2835 4787; x_wconf 89' lang='lat' dir='ltr'><strong>me,</strong></span> 
     </span>
    </p>
   </div>
   <div class='ocr_carea' id='block_1_87' title="bbox 184 4793 1802 4871">
    <p class='ocr_par' dir='ltr' id='par_1_87' title="bbox 184 4793 1268 4863">
     <span class='ocr_line' id='line_1_88' title="bbox 184 4793 1268 4863; baseline 0.007 -13"><span class='ocrx_word' id='word_1_553' title='bbox 184 4793 276 4850; x_wconf 80' lang='grc'><strong>24.</strong></span> <span class='ocrx_word' id='word_1_554' title='bbox 308 4795 591 4863; x_wconf 83' lang='grc' dir='ltr'>Λέγοντες·</span> <span class='ocrx_word' id='word_1_555' title='bbox 640 4799 698 4850; x_wconf 91' lang='grc' dir='ltr'>Ὁ</span> <span class='ocrx_word' id='word_1_556' title='bbox 719 4798 850 4863; x_wconf 82' lang='grc' dir='ltr'>Θεὸς</span> <span class='ocrx_word' id='word_1_557' title='bbox 876 4800 1053 4853; x_wconf 78' lang='grc' dir='ltr'>εἴασεν</span> <span class='ocrx_word' id='word_1_558' title='bbox 1085 4804 1268 4858; x_wconf 80' lang='grc' dir='ltr'>αὐτόν.</span> 
     </span>
    </p>
   </div>
   <div class='ocr_carea' id='block_1_88' title="bbox 1249 4793 2867 4871">
    <p class='ocr_par' dir='ltr' id='par_1_88' title="bbox 1255 4803 2867 4871">
     <span class='ocr_line' id='line_1_89' title="bbox 1255 4803 2867 4871; baseline 0.016 -25"><span class='ocrx_word' id='word_1_559' title='bbox 1255 4845 1268 4858; x_wconf 76' lang='grc'><strong>,</strong></span> <span class='ocrx_word' id='word_1_560' title='bbox 1864 4803 1952 4858; x_wconf 72' lang='grc'>24.</span> <span class='ocrx_word' id='word_1_561' title='bbox 1987 4804 2237 4864; x_wconf 78' lang='lat' dir='ltr'><strong>Dicentes</strong></span> <span class='ocrx_word' id='word_1_562' title='bbox 2265 4829 2279 4864; x_wconf 90' lang='lat'>:</span> <span class='ocrx_word' id='word_1_563' title='bbox 2312 4810 2452 4868; x_wconf 87' lang='lat' dir='ltr'><strong>Deus</strong></span> <span class='ocrx_word' id='word_1_564' title='bbox 2480 4813 2688 4868; x_wconf 88' lang='lat' dir='ltr'><strong>dimisit</strong></span> <span class='ocrx_word' id='word_1_565' title='bbox 2725 4831 2867 4871; x_wconf 90' lang='lat' dir='ltr'><strong>eum.</strong></span> 
     </span>
    </p>
   </div>
   <div class='ocr_carea' id='block_1_89' title="bbox 187 4888 1805 4978">
    <p class='ocr_par' dir='ltr' id='par_1_89' title="bbox 187 4888 1682 4967">
     <span class='ocr_line' id='line_1_90' title="bbox 187 4888 1682 4967; baseline 0.01 -26"><span class='ocrx_word' id='word_1_566' title='bbox 187 4888 278 4941; x_wconf 80' lang='lat'><strong>25.</strong></span> <span class='ocrx_word' id='word_1_567' title='bbox 306 4889 628 4959; x_wconf 81' lang='grc' dir='ltr'>Κρατήσατε</span> <span class='ocrx_word' id='word_1_568' title='bbox 665 4892 844 4955; x_wconf 81' lang='grc' dir='ltr'>αὐτὸν,</span> <span class='ocrx_word' id='word_1_569' title='bbox 877 4894 969 4946; x_wconf 75' lang='grc' dir='ltr'>καὶ</span> <span class='ocrx_word' id='word_1_570' title='bbox 990 4897 1454 4967; x_wconf 81' lang='grc' dir='ltr'>κατακυριεύσατε</span> <span class='ocrx_word' id='word_1_571' title='bbox 1492 4901 1682 4958; x_wconf 84' lang='grc' dir='ltr'>αὐτου.</span> 
     </span>
    </p>
   </div>
   <div class='ocr_carea' id='block_1_90' title="bbox 1501 4888 3119 4978">
    <p class='ocr_par' dir='ltr' id='par_1_90' title="bbox 1501 4897 3119 4978">
     <span class='ocr_line' id='line_1_91' title="bbox 1501 4897 3119 4978; baseline 0.006 -24"><span class='ocrx_word' id='word_1_572' title='bbox 1501 4901 1682 4958; x_wconf 72' lang='grc' dir='ltr'>αὐτου,</span> <span class='ocrx_word' id='word_1_573' title='bbox 1865 4897 1956 4950; x_wconf 82' lang='grc'>25.</span> <span class='ocrx_word' id='word_1_574' title='bbox 1995 4897 2193 4956; x_wconf 86' lang='lat' dir='ltr'><strong>Tenete</strong></span> <span class='ocrx_word' id='word_1_575' title='bbox 2216 4918 2361 4969; x_wconf 87' lang='lat' dir='ltr'><strong>eum,</strong></span> <span class='ocrx_word' id='word_1_576' title='bbox 2390 4915 2443 4958; x_wconf 88' lang='lat' dir='ltr'><strong>et</strong></span> <span class='ocrx_word' id='word_1_577' title='bbox 2471 4906 2824 4961; x_wconf 86' lang='lat' dir='ltr'><strong>dominamini</strong></span> <span class='ocrx_word' id='word_1_578' title='bbox 2862 4909 2913 4961; x_wconf 92' lang='lat' dir='ltr'><strong>in</strong></span> <span class='ocrx_word' id='word_1_579' title='bbox 2946 4909 3119 4978; x_wconf 88' lang='lat' dir='ltr'><strong>ipsum</strong></span> 
     </span>
    </p>
   </div>
   <div class='ocr_carea' id='block_1_91' title="bbox 188 4979 1806 5067">
    <p class='ocr_par' dir='ltr' id='par_1_91' title="bbox 188 4979 1681 5063">
     <span class='ocr_line' id='line_1_92' title="bbox 188 4979 1681 5063; baseline 0.01 -30"><span class='ocrx_word' id='word_1_580' title='bbox 188 4979 277 5033; x_wconf 88' lang='lat'><strong>26.</strong></span> <span class='ocrx_word' id='word_1_581' title='bbox 309 4980 432 5031; x_wconf 84' lang='grc' dir='ltr'><strong>Ὀτι</strong></span> <span class='ocrx_word' id='word_1_582' title='bbox 451 4981 625 5043; x_wconf 73' lang='grc' dir='ltr'>οὐδεὶς</span> <span class='ocrx_word' id='word_1_583' title='bbox 647 4981 865 5036; x_wconf 84' lang='grc' dir='ltr'>δύναται</span> <span class='ocrx_word' id='word_1_584' title='bbox 898 4987 1058 5039; x_wconf 78' lang='grc' dir='ltr'>αὑτὸν</span> <span class='ocrx_word' id='word_1_585' title='bbox 1112 4987 1372 5057; x_wconf 80' lang='grc' dir='ltr'>ῥύσασθαι</span> <span class='ocrx_word' id='word_1_586' title='bbox 1411 4992 1469 5056; x_wconf 80' lang='grc' dir='ltr'>ἐξ</span> <span class='ocrx_word' id='word_1_587' title='bbox 1502 4992 1681 5063; x_wconf 85' lang='grc' dir='ltr'>ἡμῶν.</span> 
     </span>
    </p>
   </div>
   <div class='ocr_carea' id='block_1_92' title="bbox 1734 4979 3352 5067">
    <p class='ocr_par' dir='ltr' id='par_1_92' title="bbox 1867 4989 3352 5067">
     <span class='ocr_line' id='line_1_93' title="bbox 1867 4989 3352 5067; baseline 0.011 -25"><span class='ocrx_word' id='word_1_588' title='bbox 1867 4989 1955 5044; x_wconf 82' lang='lat'><strong>26.</strong></span> <span class='ocrx_word' id='word_1_589' title='bbox 1988 4991 2254 5056; x_wconf 85' lang='lat' dir='ltr'><strong>Quoniam</strong></span> <span class='ocrx_word' id='word_1_590' title='bbox 2282 5011 2442 5050; x_wconf 88' lang='lat' dir='ltr'><strong>nemo</strong></span> <span class='ocrx_word' id='word_1_591' title='bbox 2471 5006 2642 5067; x_wconf 86' lang='lat' dir='ltr'><strong>potest</strong></span> <span class='ocrx_word' id='word_1_592' title='bbox 2673 4998 2822 5052; x_wconf 90' lang='lat' dir='ltr'><strong>illum</strong></span> <span class='ocrx_word' id='word_1_593' title='bbox 2855 5015 2885 5053; x_wconf 89' lang='lat' dir='ltr'><strong>a</strong></span> <span class='ocrx_word' id='word_1_594' title='bbox 2920 5000 3072 5056; x_wconf 89' lang='lat' dir='ltr'><strong>nobis</strong></span> <span class='ocrx_word' id='word_1_595' title='bbox 3108 5001 3352 5058; x_wconf 80' lang='lat' dir='ltr'><strong>liberare.</strong></span> 
     </span>
    </p>
   </div>
   <div class='ocr_carea' id='block_1_93' title="bbox 187 5067 1805 5152">
    <p class='ocr_par' dir='ltr' id='par_1_93' title="bbox 187 5067 1106 5146">
     <span class='ocr_line' id='line_1_94' title="bbox 187 5067 1106 5146; baseline 0.013 -27"><span class='ocrx_word' id='word_1_596' title='bbox 187 5068 278 5121; x_wconf 86' lang='lat'><strong>27.</strong></span> <span class='ocrx_word' id='word_1_597' title='bbox 325 5068 382 5120; x_wconf 91' lang='lat'>&#39;0</span> <span class='ocrx_word' id='word_1_598' title='bbox 403 5067 535 5132; x_wconf 86' lang='grc' dir='ltr'>Θεός</span> <span class='ocrx_word' id='word_1_599' title='bbox 559 5088 679 5141; x_wconf 87' lang='grc' dir='ltr'>μου,</span> <span class='ocrx_word' id='word_1_600' title='bbox 713 5071 787 5141; x_wconf 82' lang='grc' dir='ltr'><strong>μὴ</strong></span> <span class='ocrx_word' id='word_1_601' title='bbox 815 5074 980 5146; x_wconf 74' lang='grc' dir='ltr'>ἐάσῃς</span> <span class='ocrx_word' id='word_1_602' title='bbox 1015 5095 1106 5145; x_wconf 85' lang='grc' dir='ltr'><strong>με.</strong></span> 
     </span>
    </p>
   </div>
   <div class='ocr_carea' id='block_1_94' title="bbox 1213 5067 2831 5152">
    <p class='ocr_par' dir='ltr' id='par_1_94' title="bbox 1861 5081 2831 5152">
     <span class='ocr_line' id='line_1_95' title="bbox 1861 5081 2831 5152; baseline 0.013 -21"><span class='ocrx_word' id='word_1_603' title='bbox 1861 5081 1948 5132; x_wconf 79' lang='grc'><strong>27.</strong></span> <span class='ocrx_word' id='word_1_604' title='bbox 1982 5082 2123 5138; x_wconf 88' lang='lat' dir='ltr'><strong>Deus</strong></span> <span class='ocrx_word' id='word_1_605' title='bbox 2149 5101 2322 5152; x_wconf 90' lang='lat' dir='ltr'><strong>meus,</strong></span> <span class='ocrx_word' id='word_1_606' title='bbox 2354 5103 2420 5142; x_wconf 91' lang='lat' dir='ltr'><strong>ne</strong></span> <span class='ocrx_word' id='word_1_607' title='bbox 2452 5088 2691 5143; x_wconf 86' lang='lat' dir='ltr'><strong>dimittas</strong></span> <span class='ocrx_word' id='word_1_608' title='bbox 2727 5104 2831 5144; x_wconf 90' lang='lat' dir='ltr'><strong>me.</strong></span> 
     </span>
    </p>
   </div>
   <div class='ocr_carea' id='block_1_95' title="bbox 183 5159 1801 5252">
    <p class='ocr_par' dir='ltr' id='par_1_95' title="bbox 183 5159 1682 5244">
     <span class='ocr_line' id='line_1_96' title="bbox 183 5159 1682 5244; baseline 0.009 -30"><span class='ocrx_word' id='word_1_609' title='bbox 183 5159 274 5214; x_wconf 86' lang='lat'><strong>28.</strong></span> <span class='ocrx_word' id='word_1_610' title='bbox 347 5159 404 5219; x_wconf 82' lang='grc'>’0</span> <span class='ocrx_word' id='word_1_611' title='bbox 454 5161 644 5234; x_wconf 78' lang='grc' dir='ltr'>ἐφορός</span> <span class='ocrx_word' id='word_1_612' title='bbox 693 5181 820 5234; x_wconf 88' lang='grc' dir='ltr'>μου,</span> <span class='ocrx_word' id='word_1_613' title='bbox 885 5171 1188 5243; x_wconf 78' lang='grc' dir='ltr'>προνοητής</span> <span class='ocrx_word' id='word_1_614' title='bbox 1242 5190 1341 5243; x_wconf 89' lang='grc' dir='ltr'><strong>μου</strong></span> <span class='ocrx_word' id='word_1_615' title='bbox 1392 5175 1682 5244; x_wconf 68' lang='grc' dir='ltr'>εὐδόκησω</span> 
     </span>
    </p>
   </div>
   <div class='ocr_carea' id='block_1_96' title="bbox 1737 5159 3355 5252">
    <p class='ocr_par' dir='ltr' id='par_1_96' title="bbox 1862 5171 3355 5252">
     <span class='ocr_line' id='line_1_97' title="bbox 1862 5171 3355 5252; baseline 0.011 -30"><span class='ocrx_word' id='word_1_616' title='bbox 1862 5171 1951 5225; x_wconf 73' lang='lat'><strong>28.</strong></span> <span class='ocrx_word' id='word_1_617' title='bbox 1984 5172 2258 5244; x_wconf 90' lang='lat' dir='ltr'><strong>lnspector</strong></span> <span class='ocrx_word' id='word_1_618' title='bbox 2304 5195 2458 5234; x_wconf 91' lang='lat' dir='ltr'><strong>meus</strong></span> <span class='ocrx_word' id='word_1_619' title='bbox 2497 5182 2829 5252; x_wconf 87' lang='lat' dir='ltr'><strong>complaceat</strong></span> <span class='ocrx_word' id='word_1_620' title='bbox 2876 5180 2968 5236; x_wconf 89' lang='lat' dir='ltr'><strong>tibi</strong></span> <span class='ocrx_word' id='word_1_621' title='bbox 3019 5190 3076 5234; x_wconf 93' lang='lat' dir='ltr'><strong>ut</strong></span> <span class='ocrx_word' id='word_1_622' title='bbox 3109 5185 3355 5251; x_wconf 85' lang='lat' dir='ltr'><strong>provisor</strong></span> 
     </span>
    </p>
   </div>
   <div class='ocr_carea' id='block_1_97' title="bbox 123 5249 1741 5318">
    <p class='ocr_par' dir='ltr' id='par_1_97' title="bbox 123 5249 274 5308">
     <span class='ocr_line' id='line_1_98' title="bbox 123 5249 274 5308; baseline 0.026 -4"><span class='ocrx_word' id='word_1_623' title='bbox 123 5249 274 5308; x_wconf 75' lang='grc' dir='ltr'>εἶναι.</span> 
     </span>
    </p>
   </div>
   <div class='ocr_carea' id='block_1_98' title="bbox 448 5249 2066 5318">
    <p class='ocr_par' dir='ltr' id='par_1_98' title="bbox 1796 5264 2066 5318">
     <span class='ocr_line' id='line_1_99' title="bbox 1796 5264 2066 5318; baseline 0.015 -4"><span class='ocrx_word' id='word_1_624' title='bbox 1796 5277 1948 5316; x_wconf 87' lang='lat' dir='ltr'><strong>meus</strong></span> <span class='ocrx_word' id='word_1_625' title='bbox 1972 5264 2066 5318; x_wconf 91' lang='lat' dir='ltr'><strong>sis.</strong></span> 
     </span>
    </p>
   </div>
   <div class='ocr_carea' id='block_1_99' title="bbox 1066 5437 2404 5521">
    <p class='ocr_par' dir='ltr' id='par_1_99' title="bbox 1066 5437 2404 5521">
     <span class='ocr_line' id='line_1_100' title="bbox 1066 5437 2404 5521; baseline 0.005 -23"><span class='ocrx_word' id='word_1_626' title='bbox 1066 5437 1370 5501; x_wconf 83' lang='lat' dir='ltr'><strong>Addenda</strong></span> <span class='ocrx_word' id='word_1_627' title='bbox 1403 5447 1462 5503; x_wconf 88' lang='lat' dir='ltr'><strong>et</strong></span> <span class='ocrx_word' id='word_1_628' title='bbox 1498 5441 1872 5521; x_wconf 80' lang='lat' dir='ltr'><strong>corrigenda</strong></span> <span class='ocrx_word' id='word_1_629' title='bbox 1904 5461 1981 5504; x_wconf 80' lang='lat' dir='ltr'><strong>ex</strong></span> <span class='ocrx_word' id='word_1_630' title='bbox 2027 5444 2167 5504; x_wconf 93' lang='lat' dir='ltr'><strong>cod.</strong></span> <span class='ocrx_word' id='word_1_631' title='bbox 2210 5445 2404 5506; x_wconf 84' lang='lat' dir='ltr'><strong>Vatic.</strong></span> 
     </span>
    </p>
   </div>
   <div class='ocr_carea' id='block_1_100' title="bbox 188 5623 2190 5712">
    <p class='ocr_par' dir='ltr' id='par_1_100' title="bbox 188 5623 2190 5712">
     <span class='ocr_line' id='line_1_101' title="bbox 188 5623 2190 5712; baseline 0.001 -33"><span class='ocrx_word' id='word_1_632' title='bbox 427 5623 720 5712; x_wconf 50' lang='lat' dir='ltr'><strong>XEIPD’QATOD</strong></span> <span class='ocrx_word' id='word_1_633' title='bbox 743 5627 1005 5686; x_wconf 80' lang='grc' dir='ltr'>διαϐόλου.</span> <span class='ocrx_word' id='word_1_634' title='bbox 1037 5628 1196 5686; x_wconf 90' lang='lat' dir='ltr'><strong>Deest</strong></span> <span class='ocrx_word' id='word_1_635' title='bbox 1224 5629 1385 5698; x_wconf 82' lang='grc' dir='ltr'>λέγει.</span> <span class='ocrx_word' id='word_1_636' title='bbox 1951 5626 2190 5712; x_wconf 55' lang='grc' dir='ltr'>ρεότητα</span> 
     </span>
    </p>
   </div>
   <div class='ocr_carea' id='block_1_101' title="bbox 189 5696 2216 5783">
    <p class='ocr_par' dir='ltr' id='par_1_101' title="bbox 189 5696 2216 5783">
     <span class='ocr_line' id='line_1_102' title="bbox 189 5696 2216 5783; baseline 0.011 -37"><span class='ocrx_word' id='word_1_637' title='bbox 284 5696 751 5783; x_wconf 46' lang='grc' dir='ltr'>νζΕνεωποιῄΘην.Λ</span> <span class='ocrx_word' id='word_1_638' title='bbox 1297 5696 1304 5698; x_wconf 17' lang='lat' dir='ltr'><strong>ﬁ</strong></span> <span class='ocrx_word' id='word_1_639' title='bbox 1959 5696 2216 5783; x_wconf 54' lang='grc' dir='ltr'><strong>ξένωίθοαίη</strong></span> 
     </span>
    </p>
   </div>
   <div class='ocr_carea' id='block_1_102' title="bbox 189 5767 2066 5840">
    <p class='ocr_par' dir='ltr' id='par_1_102' title="bbox 189 5767 2066 5840">
     <span class='ocr_line' id='line_1_103' title="bbox 189 5767 2066 5840; baseline 0.001 -21"><span class='ocrx_word' id='word_1_640' title='bbox 189 5769 262 5840; x_wconf 74' lang='grc'><strong>(5)</strong></span> <span class='ocrx_word' id='word_1_641' title='bbox 284 5767 535 5835; x_wconf 78' lang='grc' dir='ltr'>Παίγνιον</span> <span class='ocrx_word' id='word_1_642' title='bbox 561 5767 822 5840; x_wconf 67' lang='grc' dir='ltr'>ἐγενήθην</span> <span class='ocrx_word' id='word_1_643' title='bbox 1857 5769 1928 5837; x_wconf 57' lang='lat'><strong>{6)</strong></span> <span class='ocrx_word' id='word_1_644' title='bbox 1961 5769 2066 5821; x_wconf 76' lang='lat' dir='ltr'><strong>Mat</strong></span> 
     </span>
    </p>
   </div>
  </div>
