4056 6318
701 370 802 424 939
1568 363 1623 415 S.
1670 353 2033 412 ATHANASII
2072 350 2217 406 OPP.
2262 343 2442 400 PARS
2480 343 2567 398 111.
2611 374 2679 383 —-
2717 341 3131 398 EXECETICA.
3838 336 3928 390 9w

766 485 816 540 4.
849 484 913 538 Et
940 502 1199 555 pauperes
1231 495 1353 540 tuos
1379 482 1430 536 in
1453 476 1682 549 judicio.
2290 463 2338 517 Α

2290 463 2338 517 Α
2435 458 2486 511 4.
2528 457 2634 509 Καὶ
2665 457 2788 518 τοὺς
2813 453 3060 523 πτωχούς
3103 469 3195 505 σου
3220 453 3276 505 ὲν
3319 450 3515 519 κρίσει.

759 575 812 631 5.
846 540 1151 645 Suscipiaut
1183 586 1395 630 montes
1430 582 1614 640 pacem
1639 562 1836 636 populo
1875 579 1885 612 :

2436 547 2485 599 5.
2530 545 2867 600 Ἀναλαϐἐτω
2894 545 2960 596 τὰ
2998 545 3096 614 ὅρη
3134 544 3354 613 εἰρήνην
3399 542 3471 610 τῷ
3508 540 3621 609 λαῷ
3648 557 3660 568 ·

766 667 816 721 6.
859 666 922 722 Ει
951 671 1114 724 colles
1144 668 1433 738 justitiam.

2436 641 2489 694 6.
2518 641 2626 692 Καὶ
2655 641 2702 692 οἱ
2735 639 2910 707 βουνοὶ
2961 635 3324 705 δικαιοσύνην.

767 758 817 810 7.
845 757 1117 814 Judicabit
1144 725 1408 829 pauperes
1442 749 1625 824 populi
1657 767 1670 803 :

2439 733 2489 784 7.
2520 733 2711 802 Κρινεῖ
2739 733 2864 792 τοὺς
2903 729 3149 797 πτωχοὺς
3168 727 3262 778 τοῦ
3284 725 3413 779 λαοῦ
3435 740 3447 753 ⁸

767 849 818 903 8.
851 848 914 903 Et
945 855 1122 905 salvos
1147 821 1309 903 iacict
1345 821 1482 901 filios
1511 821 1812 912 pauperum
1847 855 1858 888 :

2439 826 2489 880 8.
2517 825 2626 878 Καὶ
2655 823 2816 876 σώσει
2838 823 2962 885 τοὺς
2999 824 3146 883 υἱοὺς
3178 821 3285 873 τῶν
3317 837 3563 890 πενητων
3584 837 3597 848 ·

765 941 815 993 9.
854 940 917 994 Et
945 941 1247 994 bumiliabit
1271 935 1743 993 calumniatorem.

2439 917 2490 972 9.
2519 918 2628 970 Kal
2651 914 2974 969 ταπεινώσει
3011 913 3368 983 συκοφάντην.

771 1030 858 1084 10.
887 1029 952 1084 Et
981 1030 1316 1100 permanebit
1342 1043 1466 1082 cum
1499 1025 1633 1086 sole.

2445 1007 2529 1060 10.
2565 1010 2674 1062 Καὶ
2704 1010 3120 1078 σνμπαραμενεῖ
3150 1006 3228 1076 τῷ
3256 1005 3407 1075 ἡλίῳ,

774 1129 854 1177 11.
893 1124 956 1176 Et
981 1096 1112 1177 ante
1142 1124 1322 1177 lunam
1375 1122 1427 1174 in
1473 1114 1819 1187 generatione
1863 1117 1916 1164 et
1959 1104 2265 1178 generatio-

2250 1133 2265 1143 -
2442 1099 2527 1152 11.
2556 1100 2664 1152 Ka‘t
2686 1098 2791 1167 πρὸ
2820 1099 2912 1160 τῆς
2940 1098 3161 1160 σελήνης
3182 1098 3374 1164 γενεᾶς
3407 1096 3500 1149 καὶ
3523 1097 3597 1166 (a)
3631 1097 3852 1164 γενεῶν.

700 1232 816 1270 DCS.

771 1308 857 1361 12.
898 1306 1192 1360 Descendet
1221 1305 1362 1358 sicut
1386 1302 1564 1372 pluvia
1599 1301 1650 1354 in
1681 1298 1852 1352 vellus
1881 1317 1891 1350 :

2445 1298 2527 1351 12.
2563 1297 2942 1368 Καταϐήσεται
2974 1297 3045 1359 ὥς
3076 1297 3226 1359 ὑετὸς
3259 1297 3350 1348 ἐπὶ
3385 1297 3550 1349 πόκον
3577 1315 3588 1326 ·

769 1398 855 1451 15.
891 1395 954 1449 Et
989 1398 1127 1450 sicut
1159 1405 1306 1465 gutta
1339 1393 1551 1448 stillans
1580 1406 1743 1459 super
1763 1398 1979 1444 terram.

2446 1388 2529 1441 15.
2563 1387 2821 1440 Καὶὼσεὶ
2858 1386 3066 1454 σταγὼν
3097 1389 3127 1457 ὴ
3157 1388 3424 1451 στάζουσα
3465 1389 3556 1439 ἐπὶ
3588 1388 3688 1457 τὴν
3718 1389 3847 1457 γῆν.

769 1487 856 1542 14.
883 1485 1102 1542 Orietur
1131 1487 1183 1539 in
1217 1487 1407 1539 diebus
1434 1484 1551 1553 ejus
1572 1480 1809 1551 justitia,

2448 1478 2532 1531 M.
2580 1480 2848 1531 Ἀνατελεῖ
2887 1481 2942 1531 ἐν
2971 1482 3087 1541 ταῖς
3117 1479 3350 1550 ἡμέραις
3390 1479 3552 1532 αὑτοῦ
3578 1480 3912 1552 δικαιοσύνη,

770 1577 857 1634 15.
886 1576 953 1630 Ει
997 1577 1323 1630 abundantia
1370 1575 1538 1645 pacis,
1583 1573 1756 1625 donec
1796 1567 2073 1624 auferatur
2121 1569 2265 1622 luna.

2447 1574 2531 1627 15.
2560 1575 2667 1627 Καὶ
2696 1574 2898 1644 πλῆθος
2937 1575 3175 1645 εἰρήνης,
3209 1575 3311 1639 ἕως
3370 1569 3430 1627 οὗ
3491 1576 3859 1646 ἀνταναιρεϐῇ
3909 1580 3933 1644 ἡ

2380 1667 2575 1738 σελήνη
2589 1707 2601 1718 .

773 1759 857 1812 16.
883 1758 947 1812 Ει
969 1759 1337 1813 dominabitur
1366 1774 1395 1811 a
1430 1758 1567 1812 mari
1590 1771 1763 1827 usque
1789 1756 1855 1811 ad
1889 1770 2060 1820 mare,
2307 1819 2344 1828 __

2336 1821 2344 1828 _
2449 1757 2535 1810 16.
2568 1757 2678 1810 Καὶ
2709 1755 3130 1827 κατακυριεύσει
3159 1756 3264 1809 ἀπὸ
3304 1757 3578 1828 θαλάσσης
3614 1760 3721 1822 ἕως
3753 1758 3938 1810 Gali:-

2307 1819 2348 1874 Β
2386 1869 2504 1922 σης.

777 1941 861 1996 l7.
890 1941 953 1995 Et
975 1956 1003 1995 a
1039 1939 1352 1994 ﬂuminibus
1390 1954 1562 2010 usque
1595 1939 1661 1994 ad
1697 1937 1962 1993 terminos
1989 1935 2141 1990 orbis
2165 1943 2272 1989 ter-

2450 1942 2536 1995 17.
2568 1942 2678 1996 Καὶ
2714 1941 2820 1994 ἀπὸ
2846 1939 3104 2013 ποταμῶν
3133 1941 3237 2004 ’ἐως
3274 1943 3526 2013 περάτων
3563 1943 3666 2012 τῆς
3698 1943 3937 2012 οἰκουμέ-

704 2049 912 2089 rarum.
2378 2053 2496 2106 νης.

779 2125 862 2179 18.
897 2123 1088 2179 Coram
1116 2123 1206 2176 illo
1233 2121 1516 2192 procident
1537 2120 1824 2191 IEthiopes
1861 2137 1875 2174 :

2450 2124 2535 2180 18.
2579 2122 2835 2178 Ἐνώπιον
2868 2125 3031 2176 αὐτου
3064 2122 3460 2194 προπεσοῦνται
3497 2125 3777 2188 Αἰθίοπες·

780 2215 863 2268 19.
895 2213 960 2267 Et
993 2215 1198 2268 inimici
1229 2215 1347 2281 ejus
1383 2221 1582 2267 terram
1614 2212 1841 2281 lingent.

2451 2215 2536 2270 19.
2565 2218 2672 2269 Καὶ
2703 2218 2752 2268 οἱ
2781 2217 2964 2287 ἐχθροὶ
2994 2216 3158 2268 αὑτοῦ
3200 2216 3327 2285 χοῦν
3358 2217 3609 2281 λείξουσι.

773 2307 862 2361 20.
902 2306 1071 2380 Reges
1106 2306 1352 2368 Tharsis,
1400 2312 1453 2360 et
1495 2305 1686 2360 insulae
1726 2319 1949 2358 munera
1999 2301 2228 2358 oﬂ‘erent
2263 2321 2275 2354 :

2449 2307 2535 2361 20.
2575 2309 2819 2372 Βασιλεῖς
2852 2309 3082 2380 Θαρσεῖς
3115 2311 3208 2361 καὶ
3232 2309 3382 2379 νῆσοι
3404 2310 3552 2381 δῶρα
3583 2312 3937 2383 προσοίσουσε·

777 2398 865 2452 21.
903 2397 1071 2469 Reges
1098 2398 1334 2453 Arabum
1363 2404 1416 2452 et
1440 2396 1581 2450 Saba
1610 2396 1751 2451 dona
1785 2396 2075 2449 adducent.

2453 2399 2542 2455 21.
2573 2401 2816 2463 Βασιλεῖς
2857 2401 3099 2472 Ἀράϐων
3125 2404 3214 2454 καὶ
3249 2403 3394 2456 Σαϐᾶ
3423 2403 3571 2474 δῶρα
3598 2405 3934 2476 προσάξουσι.

783 2533 855 2605 (a)
887 2534 994 2587 Καί
1028 2535 1198 2588 deest.

1818 2624 2185 2680 ATHANASII
2227 2623 2820 2680 INTERPRETATIO.

781 2793 834 2847 4.
864 2789 927 2844 Et
949 2803 1212 2859 pauperes
1244 2786 1436 2856 spiritu
1468 2785 1522 2839 in
1545 2783 1790 2839 veritate.

2451 2781 2503 2835 4.
2537 2781 2647 2834 Καὶ
2675 2780 2802 2844 τοὺς
2842 2783 3088 2850 πτωχοὺς
3118 2781 3192 2852 τῷ
3223 2781 3489 2852 πνεύματι
3526 2784 3584 2836 ἐν
3604 2783 3849 2855 ἀληθεία.

781 2883 834 2936 5.
872 2879 1150 2948 Propheta:
1179 2875 1549 2947 praedicabunt
1580 2873 1790 2927 Domini
1817 2873 2130 2926 adventum.

2452 2875 2503 2928 5.
2531 2876 2590 2925 Οἱ
2616 2874 2888 2943 προφῆται
2919 2873 3212 2942 κηρύξουσι
3249 2874 3340 2926 τὸν
3369 2875 3569 2944 Κύριον
3595 2877 3900 2947 ἐρχόμενον.

781 2972 834 3026 6.
865 2971 932 3025 Et
962 2969 1189 3040 apostoli
1213 2970 1387 3038 ipsum
1420 2968 1708 3022 Dominum
1734 2966 2157 3020 annuntiabuut.
2307 2999 2350 3055 Ω

2110 2973 2157 3017 ηι.
2307 2999 2350 3055 c
2452 2965 2503 3019 6.
2533 2965 2642 3018 Kal
2667 2966 2713 3016 οἱ
2737 2965 3021 3018 ἀπόστολοι
3055 2966 3146 3018 τὸν
3172 2967 3332 3019 αὑτὸν
3363 2969 3712 3043 κηρύξουσιν.

783 3065 834 3119 7.
871 3063 1113 3117 Adducet
1142 3076 1406 3131 pauperes
1433 3059 1645 3130 spiritu.

2455 3058 2509 3112 7.
2546 3057 2766 3126 Ἀγάγει
2794 3059 2918 3120 τοὺς
2941 3058 3192 3127 πτωχοὺς
3230 3058 3306 3128 τῷ
3335 3060 3622 3130 πνεύματι.

785 3154 836 3208 8.
868 3152 934 3206 Ει
958 3153 1138 3207 salvos
1165 3151 1322 3205 faciet
1357 3150 1730 3220 apostolorum
1759 3149 2080 3218 discipulos.

2453 3150 2506 3205 8.
2537 3150 2644 3202 Καὶ
2673 3149 2835 3202 σώσει
2869 3151 2993 3214 τοὺς
3021 3151 3268 3221 μαθητὰς
3291 3152 3396 3204 τῶν
3424 3155 3753 3209 ἀποστόλων.

783 3245 835 3298 9.
870 3241 1175 3296 Diabolum.

2455 3244 2507 3299 9.
2541 3243 2640 3296 Τὸν
2673 3242 2938 3296 διάϐολον.

788 3336 873 3391 10.
904 3334 968 3390 Et
999 3333 1333 3405 permanebit
1362 3349 1484 3387 cum
1522 3336 1749 3386 sanctis.

2459 3336 2541 3389 10.
2577 3335 2648 3405 (α)
2674 3335 2780 3386 Ka‘t
2804 3338 3225 3404 συμπαραμενεῖ
3250 3338 3360 3396 τοῖς
3395 3335 3592 3402 ἁγίοις.

782 3433 867 3486 il.
900 3428 966 3482 Et
993 3439 1118 3482 ante
1154 3426 1414 3480 mundum
1452 3426 1613 3495 elegit
1641 3439 1760 3478 eos.
1990 3476 1997 3482 ,

2459 3429 2543 3480 11.
2579 3427 2687 3479 Καὶ
2729 3426 2831 3496 πρὸ
2865 3425 2956 3478 τοῦ
2986 3428 3189 3496 κόσμου
3225 3426 3505 3493 ἐξελέξατο
3533 3427 3748 3491 αὐτούς.

790 3524 871 3576 l2.
909 3521 1205 3576 Descendct
1238 3536 1267 3575 e
1305 3521 1458 3574 caelis
1499 3518 1804 3574 euiuudans
1838 3532 2054 3572 omnem
2086 3514 2285 3584 iniqui-

2459 3519 2542 3572 i‘l.
2577 3519 2955 3589 Καταὸήσεται
2990 3519 3094 3571 ἀπὸ
3124 3518 3230 3571 τῶν
3257 3519 3502 3590 οὐρανῶν
3544 3520 3820 3591 καθαίρων
3852 3524 3944 3574 πᾶ-

715 3624 903 3669 tatem.

2391 3629 2487 3666 σαν
2514 3612 2760 3682 ἀνομίαν.

790 3709 872 3762 15.
905 3705 1051 3760 Dona
1092 3722 1189 3762 sua
1221 3706 1274 3760 in
1312 3705 1590 3775 apostolis.

2460 3704 2545 3757 15.
2583 3703 2663 3756 Τὰ
2690 3703 3000 3774 χαρίσματα
3022 3703 3186 3756 αὑτοῦ
3217 3706 3274 3756 ἐν
3315 3709 3424 3768 τοῖς
3450 3707 3785 3770 ἀποστόλοις.

789 3799 872 3853 14.
907 3796 1114 3852 Sancti.

2461 3795 2545 3849 H.
2587 3796 2648 3846 Οἱ
2682 3794 2844 3862 ἆγιοι.

790 3890 872 3948 15.
908 3889 1016 3943 Pax
1050 3887 1216 3942 multa
1242 3885 1343 3940 erit
1373 3886 1425 3937 in
1459 3883 1538 3938 eis
1560 3895 1730 3952 usque
1764 3881 1828 3936 ad
1858 3878 2260 3935 consummatio

2462 3887 2546 3940 15.
2586 3887 2647 3938 Ἠ
2677 3887 2748 3955 (1)
2776 3886 2962 3954 εἰρήνη
2995 3885 3161 3956 πολλὴ
3190 3886 3340 3941 ἔσται
3387 3889 3445 3940 ἐν
3480 3891 3661 3954 αὐτοῖς
3711 3892 3816 3953 ἓως
3864 3891 3946 3959 τῆς

716 4003 840 4044 nem
878 3984 1081 4040 saeculi.

2394 3979 2698 4041 συντελείας
2732 3978 2825 4031 τοῦ
2861 3978 3071 4042 αἰῶνος.

792 4079 877 4133 16.
912 4078 955 4129 Α
977 4073 1242 4147 principio
1276 4068 1459 4126 mundi
1499 4082 1669 4137 usque
1690 4065 1754 4119 ad
1787 4065 1967 4118 ﬁnem.

2461 4072 2546 4126 16.
2596 4071 2726 4123 Ἀπὸ
2752 4071 2923 4142 ἀρχῆς
2946 4072 3039 4124 τοῦ
3067 4071 3270 4142 κόσμου
3301 4073 3402 4135 ἕως
3442 4074 3733 4146 ιέηάτης]
3767 4076 3940 4146 ἀρχῆς,

792 4172 877 4227 17.
910 4169 975 4224 Et
1018 4183 1049 4222 a
1093 4165 1343 4236 gentibus
1370 4173 1544 4230 usque
1597 4159 1661 4212 ad
1701 4157 1941 4226 reliquos
1965 4169 2154 4209 omnes
2186 4168 2284 4224 po-

2462 4164 2545 4218 17.
2578 4163 2685 4216 Καὶ
2710 4163 2785 4231 (2)
2810 4161 2916 4215 ἀπὸ
2935 4161 3043 4214 τῶν
3063 4161 3228 4214 ἐθνῶν
3246 4163 3349 4226 ἕως
3369 4163 3476 4214 τῶν
3494 4164 3698 4218 λοιπῶν
3727 4166 3943 4217 πάντων.

714 4265 896 4337 pulos.

795 4355 878 4411 18.
909 4351 1192 4409 Procident
1217 4363 1396 4403 coram
1423 4361 1488 4401 eo
1514 4344 1777 4414 denigrati
1805 4359 1833 4396 a
1874 4343 2128 4411 peccatis.
2325 4355 2368 4408 ι)

2344 4356 2368 4407 )
2466 4334 2551 4388 18.
2583 4335 2991 4406 Προσπέσουσιν
3034 4335 3110 4407 (5)
3141 4337 3290 4406 αὐτῷ
3320 4339 3369 4390 οἰ
3414 4339 3817 4408 μελανωθέντες
3859 4339 3946 4392 ἀπὸ

2396 4427 2504 4480 τῶν
2527 4429 2826 4500 ἁμαρτιῶν.

793 4534 881 4588 19.
915 4532 1219 4586 Daemones.

2468 4521 2551 4576 19.
2583 4524 2644 4574 Οἱ
2673 4523 2941 4594 δαίμονες.

789 4621 882 4675 20.
918 4619 1178 4690 Apostoli,
1214 4628 1265 4671 et
1296 4614 1528 4685 populus
1569 4611 1809 4666 ildclium
1861 4610 2131 4665 adducent
2171 4613 2293 4666 ani-

2467 4612 2554 4667 20.
2588 4615 2650 4667 Οί
2681 4615 2963 4670 ἀπόστολοι
2994 4619 3087 4672 καὶ
3114 4619 3141 4672 ὁ
3172 4616 3300 4679 λαὸς
3328 4613 3437 4667 τῶν
3465 4615 3676 4668 πιστῶν
3709 4617 3809 4679 τὰς
3843 4617 3945 4668 ἐαυ-

722 4729 842 4770 mas
893 4729 1039 4767 suas.
1079 4707 1335 4764 Dicemus
1379 4719 1558 4760 autem
1599 4714 1652 4758 et
1682 4704 1842 4756 aliam
1890 4705 2293 4772 interpretatio-

2393 4705 2501 4757 τῶν
2530 4705 2707 4775 ψυχὰς
2731 4710 3174 4779 προσαγάγωσιν.
3201 4709 3454 4777 Λέξωμεν
3480 4707 3536 4760 δὲ
3559 4707 3653 4762 καὶ
3673 4707 3847 4772 ἄλλως
3866 4710 3945 4776 τὴν

724 4822 870 4862 nem.
917 4803 1133 4858 Thuriis
1177 4803 1559 4869 interpretatur
1595 4795 1846 4864 inspectio
1886 4795 2092 4864 gaudii,
2141 4795 2286 4865 quod

2396 4798 2688 4868 ἑρμηνείαν
2715 4813 2728 4825 ·
2765 4801 3012 4868 Θαρσεῖς
3049 4799 3407 4872 ἑρμηνεύεται
3455 4799 3815 4866 κατασκοπὴ
3860 4815 3947 4867 χωρ

724 4899 977 4954 convenit
1002 4893 1280 4966 apostolis,
1301 4908 1365 4944 eu
1386 4890 1528 4961 quod
1558 4889 1842 4942 visitareut
1866 4887 1983 4956 ejus
2009 4887 2284 4956 populum.

2387 4884 2522 4953 ρᾶς,
2553 4887 2688 4960 ὅπερ
2707 4883 2850 4958 ⁴ἦσαν
2880 4891 2927 4942 oi
2957 4890 3261 4952 ἀπόστολοι,
3311 4888 3398 4942 διὰ
3432 4890 3492 4942 τὸ
3540 4890 3943 4943 smnia-.5391;

728 4986 926 5042 Insula:
975 5000 1102 5039 vero
1150 4982 1398 5035 Ecclesia:
1445 4980 1601 5035 dictae
1643 4985 1790 5040 sunt,
1826 4977 1953 5047 quia
2001 4992 2192 5032 omnes
2235 4978 2290 5029 in

2397 4978 2561 5031 αὑτοῦ
2593 4978 2668 5047 (4)
2700 4979 2790 5032 τὸν
2817 4980 2965 5035 λαόν.
3003 4981 3198 5050 Νῆσοι
3223 4982 3279 5034 δὲ
3307 4984 3365 5034 al
3383 4983 3728 5048 Έκκλησίω
3761 4985 3944 5055 εξρήνε-

727 5080 858 5150 ipsis
883 5078 1183 5133 salvantur.

2396 5088 2505 5132 ται,
2537 5070 2622 5124 διὰ
2653 5071 2713 5122 τὸ
2742 5073 2943 5136 πάντας
2973 5077 3028 5127 ὲν
3063 5075 3254 5137 αὐταῖς
3283 5072 3565 5136 σώζεσθαι.

795 5172 883 5225 21.
918 5170 1045 5224 item
1094 5168 1344 5222 similiter
1392 5165 1645 5229 apostoli,
1710 5173 1764 5217 et
1817 5177 1875 5216 se
1918 5170 2295 5215 convertentes

2469 5161 2556 5213 91.
2608 5163 2834 5233 Ὁμοίως
2895 5164 3056 5217 πάλιν
3093 5166 3141 5217 οἱ
3188 5164 3471 5218 ἀπόστολοι
3504 5166 3598 5217 καὶ
3630 5167 3678 5217 oi
3720 5164 3942 5232 ἐπιστρέ-

724 5264 993 5318 adducent
1036 5276 1094 5315 se
1160 5258 1305 5328 ipsos
1367 5259 1419 5313 iu
1467 5243 1679 5312 ‘donum
1735 5253 1983 5308 Domino.
2036 5251 2294 5308 Dicamus

2400 5269 2587 5321 φοντες
2613 5255 3031 5324 προσαγάγωσιν
3061 5257 3285 5319 ἑαυτοὺς
3330 5257 3476 5328 δῶρα
3508 5256 3585 5326 τῷ
3629 5257 3828 5328 Κυρίῳ.
3870 5254 3941 5308 Εἰ-

1641 5413 1949 5477 Addenda
1993 5419 2054 5474 et
2102 5412 2478 5491 corrigenda
2511 5429 2587 5473 ex
2625 5429 2764 5476 coa.
2797 5415 2992 5475 Vatic.

819 5545 871 5620 1)
907 5543 1013 5620 Καί
1050 5545 1220 5620 pro

2579 5532 3004 5620 ῌροπεσοῖινται,
3022 5541 3169 5620 "etc,
3199 5537 3297 5605 τῆς
3316 5534 3620 5620 ,ἁμαρτίαφ

793 5545 871 5685 ρζ
907 5545 1013 5598 Καὶ
1050 5557 1145 5612 pro
1166 5545 1220 5614 ἡ.

815 5616 851 5670 2
896 5616 1003 5669 Καί
1036 5615 1205 5667 deest.

2472 5545 2549 5600 (ο)
2579 5545 3004 5620 υροπεσουνται,
3037 5545 3169 5611 etc.,
3199 5545 3297 5605 τῆς
3325 5545 3382 5604 αι.

2470 5602 2544 5675 (4)
2568 5606 2796 5672 Αυτους,
2837 5614 2968 5671 etc.,
2991 5604 3255 5676 εἴρηνται,
3276 5614 3382 5660 "etc.

793 5759 868 5829 (a)
903 5757 965 5810 N.
1003 5757 1083 5812 10.
1119 5755 1295 5812 Deest.
