4098 6318
206 331 309 388 ειι
1123 340 1208 393 DE
1247 341 1516 397 TITULIS
1556 343 1998 428 PSALMORUM.
2043 351 2320 409 —PSAL.
2365 356 2546 411 LXXI.
3305 369 3408 425 942

279 453 376 506 22.
410 454 516 508 Καὶ
546 459 1001 528 προσκυνήσουσιν
1030 461 1173 531 αὐτῷ
1211 465 1406 527 πάντες
1432 467 1480 518 ot
1523 466 1760 534 βασιλεῖς
1795 474 1839 529 Α

1580 467 1760 530 ισιλεῖς
1795 474 1839 529 Α
1934 472 2019 526 22.
2058 473 2118 528 Ει
2151 475 2449 533 adorabunt
2471 495 2592 534 cum
2619 497 2803 538 omnes
2830 494 3198 550 regesterraa:

206 559 308 611 της
335 560 437 612 γης
457 560 469 573 ⁸

278 637 370 687 25.
397 636 575 688 Πάντα
608 636 674 689 τὰ
703 636 824 709 ἔθνη
851 640 1218 695 δουλεύσουσιν
1245 636 1409 714 αὐτῷ.

1191 662 1218 695 ν
1245 636 1409 714 αὐτῷ.
1927 649 2017 703 25.
2048 649 2245 706 Omnes
2272 664 2456 721 gentes
2484 658 2718 711 servient
2741 662 2809 713 ei.

277 724 369 777 24.
403 726 521 778 Ὅτι
555 729 817 798 ἐρρύσατο
838 733 1046 800 πτωχὸν
1074 736 1135 786 ἐκ
1172 734 1452 799 δυνάστου,

1930 738 2018 792 24.
2048 740 2183 806 Quia
2205 729 2451 797 liberabit
2475 761 2759 814 pauperem
2789 765 2819 801 a
2852 757 3090 817 potente,

276 815 369 866 25.
402 818 506 868 Καὶ
533 819 754 890 πένητα,
783 815 826 888 ᾧ
854 825 948 892 οὐχ
973 826 1180 896 ὑπῆρχε
1210 828 1425 898 βοηθός.

1925 829 2014 883 25.
2045 830 2111 884 Ει
2137 848 2442 902 pauperem,
2469 837 2554 889 cui
2588 852 2693 890 non
2732 815 3098 908 erat—adjutor.

273 905 366 959 26.
396 909 634 962 Φείσεται
665 914 876 982 πτωχοῦ
902 906 993 968 Scal
1028 917 1288 987 πένητος⁹

1119 932 1288 987 νητοςο
1922 916 2009 971 26.
2036 916 2222 974 Parcet
2241 924 2458 991 pauperi
2479 932 2531 978 et
2552 925 2695 995 inopi
2723 944 2737 980 :

274 995 367 1050 27.
399 1000 502 1052 Καὶ
533 1000 706 1071 ψυχὰς
732 1009 972 1076 πενήτων
996 1007 1175 1064 σώσει.

1926 1007 2012 1062 27.
2043 1008 2108 1063 Et
2134 1013 2342 1069 animas
2367 1029 2658 1085 pauperum
2687 1019 2860 1074 salvas
2885 1018 3056 1074 faciet.

271 1087 363 1140 28.
405 1089 495 1141 Ἐκ
517 1092 694 1158 τόκου,
713 1097 802 1146 καὶ
824 1096 880 1160 ἐξ
903 1096 1110 1161 ἀδικίας
1147 1101 1479 1172 λυτρὼσεται
1524 1104 1624 1168 τὰς
1649 1105 1756 1175 ψυ-

1920 1098 2007 1153 28.
2037 1099 2113 1152 Ex
2159 1104 2357 1169 usuris,
2401 1115 2452 1158 et
2494 1107 2771 1177 iniquitate
2811 1110 3034 1164 redimet
3065 1110 3271 1164 animas
3298 1123 3392 1164 co-

191 1177 301 1245 χάς
329 1181 510 1233 αὐτῶν
535 1199 548 1213 ⁶
1856 1205 1993 1246 tum,

270 1269 360 1323 29.
395 1273 501 1323 Καὶ
531 1274 739 1345 ἔντιμον
765 1277 823 1328 τὺ
844 1279 1009 1349 ὄνομα
1036 1281 1196 1334 αὐτοῦ
1231 1281 1456 1340 ἐνώπιον
1480 1285 1680 1343 αὐτῶν.

1552 1285 1680 1343 τῶν,
1922 1282 2009 1336 29.
2039 1281 2102 1337 Ει
2129 1285 2441 1341 honorabile
2467 1302 2658 1341 nomen
2688 1289 2805 1357 ejus
2836 1304 3015 1343 coram
3047 1291 3169 1345 illis.

265 1360 355 1412 50.
393 1363 498 1415 Καὶ
527 1365 765 1435 ζήσεται,
795 1371 887 1421 καὶ
916 1371 1196 1442 δοθήσεται
1223 1375 1368 1444 αὐτῷ
1399 1376 1462 1429 ἐκ
1491 1376 1585 1430 τοῦ
1619 1397 1752 1450 χρυ-

1621 1397 1752 1450 χρυ-
1921 1375 2007 1428 50.
2048 1375 2111 1429 Ει
2145 1377 2301 1445 vivet,
2330 1389 2382 1433 et
2413 1380 2628 1435 dabitur
2657 1383 2704 1435 ei
2734 1383 2798 1435 de
2833 1398 2966 1438 auro
3000 1383 3239 1438 Arabiae-

189 1446 308 1500 σίου
344 1452 443 1520 τῆς
480 1453 728 1523 Ἀραϐίας
763 1474 778 1489 ⁸

261 1539 353 1593 51.
386 1542 492 1594 Καὶ
525 1549 904 1615 προσεύξονται
936 1555 1060 1622 περὶ
1085 1554 1246 1606 αὑτοῦ
1273 1555 1562 1626 διαπαντός
1587 1578 1602 1591 ·

1333 1559 1562 1626 απαντός
1587 1578 1602 1591 ο
1918 1554 2004 1608 5|.
2033 1553 2097 1607 Et
2121 1555 2422 1610 adorabunt
2447 1556 2511 1611 de
2546 1557 2661 1626 ipso
2699 1573 2908 1629 semper
2939 1579 2951 1614 :

252 1633 347 1686 52.
377 1635 538 1705 Ὅλην
558 1638 651 1709 τὴν
677 1641 886 1712 ἡμέραν
921 1645 1304 1716 εὑλογήσουσιν
1338 1649 1515 1702 αὐτόν.

1113 1662 1304 1714 (σουσιν
1338 1649 1515 1702 αὐτόν.
1915 1646 2002 1700 52.
2031 1644 2164 1699 Tota
2197 1647 2282 1700 die
2318 1647 2629 1703 benedicent
2664 1649 2731 1704 ei.

256 1721 346 1774 55.
381 1725 564 1777 Ἔσται
604 1731 876 1800 στήριγμα
927 1736 982 1785 ἐν
1040 1738 1102 1803 τῇ
1151 1738 1218 1805 γῇ
1281 1737 1366 1789 ἐπ’
1408 1738 1589 1808 ἄκρων
1639 1740 1744 1794 τῶν
1778 1802 1812 1808 _

1778 1802 1812 1808 _
1915 1738 2001 1791 55.
2041 1737 2105 1790 Et
2152 1738 2254 1790 erit
2313 1737 2704 1793 ﬁrmamentum
2753 1741 2805 1792 in
2859 1749 2997 1794 terra
3057 1740 3110 1793 in
3161 1742 3392 1794 summis

173 1809 358 1880 ὀρέων
381 1830 395 1843 ·
1079 1802 1099 1803 Vr
1194 1802 1216 1805 Π
1484 1802 1495 1808 -
1776 1802 1791 1857 ¹

1776 1802 1817 1857 Β
1848 1830 2109 1884 montium
2138 1847 2149 1882 :

251 1898 343 1951 54.
397 1901 855 1978 Ὑπεραρθήσεται
902 1911 1040 1983 ὑπὲρ
1073 1913 1162 1965 τὸν
1190 1917 1419 1972 Λίϐανον
1463 1920 1489 1970 ὁ
1528 1921 1736 1990 καρπὸς

1919 1924 2005 1978 54.
2042 1925 2498 1993 Superextolletur
2519 1939 2677 1994 super
2711 1924 2972 1979 Libanum
2997 1923 3205 1980 fructus
3229 1924 3346 1993 ejus
3377 1943 3385 1975 :

172 2003 371 2039 αυτου’

246 2079 338 2132 55.
371 2083 479 2134 Καὶ
502 2085 881 2160 ὲξανθήσουσιν
906 2095 968 2146 ἐκ
1001 2095 1202 2159 πόλεως
1236 2099 1366 2152 ὡσεὶ
1408 2100 1596 2172 χόρτος
1639 2102 1738 2172 τῆς

1711 2120 1738 2166 ς
1909 2104 1994 2158 55.
2030 2103 2092 2158 Ει
2125 2104 2386 2160 ﬂorebunt
2413 2106 2478 2159 de
2500 2105 2715 2160 civitate
2748 2107 2889 2159 sicut
2918 2104 3099 2159 fenum
3131 2115 3284 2160 terra;
3315 2123 3326 2158 :

169 2169 300 2238 γῆς·

244 2263 336 2354 56.
374 2266 560 2321 Ἔσται
597 2269 654 2322 τὸ
687 2271 856 2344 ὄνομα
888 2277 1054 2330 αὐτοῦ
1100 2280 1456 2354 εὐλογημένον
1502 2288 1580 2348 εἰς
1612 2289 1735 2350 τοὺς

1612 2289 1735 2350 τοὺς
1913 2282 1998 2335 56.
2033 2283 2145 2336 Erit
2167 2299 2357 2337 nomen
2388 2284 2505 2352 ejus
2530 2285 2867 2339 benedictum
2891 2286 2943 2338 in
2965 2286 3159 2340 saecula
3192 2304 3205 2339 :

167 2370 347 2408 αιωνα

241 2445 332 2496 57.
371 2448 482 2517 Πρὸ
508 2451 598 2502 τοῦ
632 2452 782 2523 ἡλίου
809 2456 1050 2526 διαμένει
1074 2462 1134 2513 τὸ
1166 2463 1332 2531 ονομα
1364 2464 1547 2516 αὑτοῦ.

1426 2464 1547 2516 ιτοῦ.
1907 2463 1995 2514 57.
2029 2463 2165 2515 Ante
2188 2463 2352 2516 solem
2381 2471 2658 2531 permanet
2691 2479 2884 2518 nomen
2909 2465 3044 2534 ejus.

239 2535 330 2588 58.
367 2539 474 2590 Καὶ
497 2541 1002 2617 ἐνευλογηθήσονται
1026 2553 1083 2602 ὲν
1115 2552 1263 2622 αὐτῷ
1286 2556 1452 2608 πᾶσαι
1479 2557 1531 2606 αἱ
1567 2555 1728 2623 φυλαὶ

1905 2553 1992 2606 58.
2022 2551 2086 2606 Et
2111 2553 2492 2607 benedicentur
2521 2554 2571 2605 in
2611 2555 2726 2621 ipso
2754 2569 2943 2610 omnes
2972 2555 3149 2611 tribus
3170 2569 3322 2610 terra:
3363 2573 3375 2610 :

162 2641 266 2695 της
287 2644 391 2698 γης
415 2641 429 2656 ⁸

1279 2779 1648 2832 ATIMNASII
1688 2775 2268 2831 INTERPRETATIO.

163 2887 361 2943 πωμεν
385 2876 440 2929 δὲ
466 2880 555 2930 καὶ
578 2881 748 2946 ἄλλως
776 2886 873 2954 τὴν
902 2889 1216 2958 ἑρμηνείαν.
1240 2893 1397 2947 Σαϐᾶ
1437 2895 1732 2964 ἑρμηνεύε-

1834 2899 2010 2943 autem
2039 2899 2090 2942 et
2122 2890 2280 2943 aliam
2327 2890 2842 2959 interpretationem.
2878 2892 3018 2948 Saba
3060 2897 3376 2967 interpreta-

161 2980 252 3016 ται
277 2966 628 3038 ἐπιστροφή·
650 2975 904 3042 Ἀράϐων
924 2979 977 3030 δὲ
994 2982 1349 3051 ἑρμηνεύεται
1372 2985 1434 3037 τὸ
1451 2985 1568 3037 τῶν
1595 2986 1731 3040 Ἰου-

1831 2991 1917 3036 tur
1943 2985 2202 3035 conversio
2234 2998 2250 3034 :
2285 2981 2478 3035 Arabes
2519 2992 2695 3037 autem
2733 3001 2852 3054 gens
2882 2984 3207 3050 Iudaeorum,
3240 3005 3374 3058 quo-

157 3055 343 3110 δαίων
370 3061 562 3127 ἔθνος,
595 3067 778 3137 ἐπειδὴ
805 3071 861 3121 ἐν
893 3071 968 3139 τῷ
1003 3073 1131 3143 Σινᾷ
1156 3074 1269 3142 ὄρει
1293 3076 1385 3128 τὸν
1412 3077 1572 3145 νόμον
1609 3078 1723 3130 ἐδέ-

1827 3075 1971 3128 niam
2004 3075 2056 3126 in
2085 3084 2264 3128 monte
2296 3072 2423 3126 Sina
2447 3075 2612 3142 legem
2639 3088 2962 3145 acceperunt
2995 3077 3158 3143 ;Sina
3193 3089 3369 3133 autem

157 3147 336 3253 Eil‘d‘to.
372 3151 444 3202 Τὸ
475 3153 529 3204 δὲ
554 3156 679 3208 Σινᾶ
712 3157 834 3228 ὅρος
855 3164 909 3212 ὲν
927 3166 990 3232 τῇ
1029 3165 1254 3236 Ἀραϐία
1277 3169 1411 3221 ἐστε.
1450 3171 1544 3222 Διὰ
1565 3170 1718 3222 τοῦτο
1746 3202 1775 3256 C

1752 3202 1786 3256 Ε
1824 3180 1976 3218 mons
2003 3165 2054 3216 in
2079 3164 2272 3216 Arabia
2305 3174 2404 3218 est.
2443 3165 2563 3217 Ideo
2591 3167 2750 3234 igitur
2778 3166 3081 3222 Judaaorum
3119 3173 3370 3240 populum

151 3234 244 3292 οὖν
297 3244 424 3305 τοὺς
483 3244 590 3297 ἀπὸ
640 3248 746 3299 τῶν
785 3250 1048 3305 Ἰουδαίων
1122 3255 1290 3325 στόμα
1340 3255 1530 3328 [Σαϐᾶ
1589 3257 1712 3328 καὶ]
1746 3234 1769 3256 ι

891 3252 1048 3305 δαίων
1122 3234 1290 3325 στόμα
1340 3255 1530 3328 [Σαϐᾶ
1589 3257 1712 3328 καὶ]
1746 3234 1785 3256 υ
1820 3254 1960 3308 Saba
1989 3265 2042 3308 et
2064 3256 2257 3308 Arabes
2280 3256 2509 3309 vocavit.

155 3330 408 3397 Ἄραϐας
438 3335 511 3405 (1)
547 3339 788 3394 ἐκάλεσε.

218 3423 309 3477 22.
349 3424 414 3480 Οἱ
446 3429 811 3497 βασιλεύοντες
844 3436 979 3489 κατὰ
1013 3439 1111 3508 τῆς
1141 3441 1432 3511 ἁμαρτίας.

1237 3441 1432 3511 ιρτίας,
1892 3432 1980 3486 22.
2009 3432 2308 3502 Regnantes
2334 3444 2518 3488 contra
2555 3446 2855 3505 peccatum.

217 3512 310 3566 25.
361 3515 913 3590 Ἐξαγορασθήσονται
949 3525 1038 3577 ὑπ’
1063 3527 1138 3595 (2)
1164 3529 1346 3580 αὐτοῦ.
1886 3524 1976 3576 25.
2016 3522 2367 3578 Redimonlur
2397 3525 2462 3578 ab
2497 3527 2629 3594 ipso.

213 3601 307 3656 24.
343 3604 481 3669 Τοὺς
513 3612 759 3680 πτωχοὺς
782 3614 856 3684 (5)
887 3616 951 3667 ὲκ
984 3616 1076 3669 τοῦ
1105 3618 1370 3673 διαϐόλου.
1883 3613 1972 3667 24-
2003 3614 2270 3685 Ρθυρετεε
2299 3633 2326 3670 ³
2358 3618 2586 3672 diahOlO-

210 3692 304 3749 25.
338 3696 442 3749 Τὸν
468 3703 784 3757 πιστεύοντα
816 3707 1037 3762 παλαιόν
1063 3711 1157 3781 (4).

909 3710 1037 3762 ιαιόν
1063 3711 1157 3781 (4),
1885 3707 1976 3760 25.
2011 3707 2246 3763 Fidelem
2274 3719 2527 3764 veterem.

208 3785 301 3842 26.
333 3788 453 3840 Τῶν
485 3792 674 3860 ἁγίων.

628 3812 674 3848 ν.
1883 3801 1971 3855 26.
2009 3800 2244 3856 Sanctis.

208 3875 298 3929 27.
327 3878 447 3929 Τῶν
478 3886 925 3954 προσφευγόντων
954 3889 1044 3942 ἐπὶ
1072 3892 1128 3943 τὸ
1150 3892 1293 3956 ἔλεος
1321 3895 1504 3947 αὐτοῦ.

1877 3893 1963 3946 27.
1992 3892 2191 3948 Eorum
2217 3893 2308 3963 qui
2333 3893 2397 3948 ad
2422 3893 2539 3964 ejus
2569 3893 2988 3948 miscricordiam
3020 3896 3337 3969 confugiunt

206 3964 298 4018 28.
338 3967 432 4019 Ἐκ
455 3969 552 4040 τῆς
586 3978 1036 4049 προϋπαρχούσης
1068 3982 1243 4034 αὐτῶν
1274 3984 1564 4053 ἁμαρτίας.

1395 3985 1564 4053 ρτίας.
1871 3983 1958 4038 28.
1984 3984 2060 4038 Ex
2084 3987 2509 4055 przecedentibus
2538 4002 2723 4040 eorum
2759 3990 3009 4056 peccatis.

205 4055 295 4110 29.
333 4059 724 4132 Δεδοεασμὲνον
791 4068 851 4119 τὸ
928 4069 1098 4140 ὄνομα
1155 4072 1312 4125 αὑτοῦ
1392 4077 1448 4126 ὲν
1511 4076 1694 4141 αὐτοῖς

1511 4076 1694 4141 αὐτοῖς
1876 4073 1964 4127 29.
1997 4074 2363 4129 Gloriticatum
2396 4084 2481 4130 est
2508 4091 2700 4129 nomen
2727 4077 2844 4145 ejus
2881 4078 2933 4131 in
2970 4076 3121 4148 ipsis.

143 4146 286 4198 ἐστιν
315 4148 413 4216 (5).

204 4241 292 4296 50.
329 4245 390 4296 Οἱ
415 4243 692 4297 ἀπόστολοι
719 4246 940 4302 δοθῶσιν
966 4250 1114 4320 αὐτῷ
1149 4253 1211 4304 ἐκ
1240 4251 1333 4304 τοῦ
1366 4251 1551 4316 ἔθνους
1588 4255 1694 4308 τῶν

1875 4254 1962 4308 50.
1997 4255 2239 4325 Apostoli
2275 4257 2480 4309 dabunt
2530 4254 2849 4326 [dabuntur]
2889 4256 2939 4310 ei
2973 4271 3036 4311 ex
3076 4267 3231 4327 gente
3259 4256 3350 4312 Ju-

148 4332 433 4386 Ἰουδαίων.

1799 4345 2059 4400 deorum.

200 4424 286 4476 51,
318 4424 635 4490 ’Λπαύ-στως
669 4429 958 4499 κηρύξουσι
983 4434 1108 4502 περὶ
1131 4434 1293 4486 αὐτοῦ
1313 4472 1326 4487 .

1313 4472 1326 4487 .
1870 4439 1956 4491 5t.
1995 4441 2334 4493 lncessanter
2363 4441 2428 4494 de
2449 4454 2513 4494 eo
2545 4439 2931 4509 praedicabunt.

201 4512 288 4566 52.
325 4513 707 4581 Ἀδιαλείπτως
734 4519 1046 4582 δοξάσουσιν
1077 4523 1260 4576 αὐτόν.
1722 4531 1766 4585 D

1722 4531 1766 4585 Ι)
1867 4531 1952 4585 52.
1991 4530 2364 4586 lndesinenter
2385 4534 2555 4602 ipsum
2589 4533 2983 4603 glorificabunt.

195 4604 282 4659 55.
318 4605 511 4658 Ἔσται
551 4607 838 4676 βεδαίωσις
863 4612 968 4664 τῶν
1003 4615 1352 4686 προφητικῶν
1385 4616 1556 4686 λόγων
1603 4619 1681 4691 (6)

1865 4623 1953 4676 55.
1985 4620 2100 4675 Erit
2147 4621 2483 4676 conﬁrmatio
2533 4625 2967 4692 prOpbeticornm
3031 4639 3338 4679 sermonum

131 4691 188 4744 τὺ
210 4694 473 4765 κήρυγμα
494 4696 600 4750 τῶν
620 4699 953 4754 ἀποστόλων.

897 4719 953 4754 ›ν.
1792 4713 2101 4782 prrcdicatio
2129 4715 2515 4783 apostolorum.

188 4783 274 4838 54.
314 4787 372 4838 'O
402 4786 526 4850 λαὸς
546 4787 573 4838 ό
602 4790 790 4853 πιστὸς
822 4791 957 4864 ὑπὲρ
985 4793 1073 4846 τὸν
1098 4793 1224 4847 λαὸν
1244 4795 1351 4850 τῶν
1386 4795 1681 4851 Ἰουδαίων.

1629 4815 1681 4851 ν.
1860 4804 1946 4857 54.
1981 4803 2218 4873 Populus
2243 4806 2412 4860 ﬁdelis
2445 4822 2609 4876 super
2639 4822 2895 4876 populum
2917 4807 3244 4862 Judteornm.

190 4875 276 4930 55.
310 4875 416 4930 Καὶ
447 4877 522 4948 (7)
555 4879 919 4950 ἐκλάμψουσιν
967 4885 1022 4938 ἐν
1057 4888 1120 4956 τῇ
1150 4886 1260 4940 ἄνω
1299 4887 1676 4959 Ἰερουσαλήμ.

1482 4887 1676 4959 ςαλήμ.
1857 4896 1945 4950 55.
1981 4895 2047 4949 Et
2079 4896 2407 4966 atfulgebunt
2439 4899 2492 4952 in
2518 4875 2757 4967 superna
2783 4897 3100 4954 Jerusalem.

191 4965 276 5024 36.
299 4969 395 5032 Εἰς
415 4971 539 5033 τοὺς
566 4972 950 5043 ἀτελευτήτους
981 4977 1204 5041 αἰῶνας.

902 4994 950 5039 »ς
981 4977 1204 5041 αἰῶνας.
1857 4983 1945 5038 56.
1983 4984 2035 5038 In
2068 4965 2273 5042 inﬁnita
2307 4989 2520 5042 saecula.

188 5054 271 5110 57.
299 5059 574 5130 Ἀναρχως
599 5063 690 5115 καὶ
718 5064 1111 5137 ἀπερινοήτως-.

1851 5077 1937 5130 57.
1974 5076 2101 5132 Sine
2130 5080 2412 5149 principio,
2443 5093 2496 5136 et
2527 5082 3156 5154 incompreliensibiliter.

190 5147 275 5202 58.
307 5150 398 5202 Ἐν
435 5153 512 5222 τῷ
544 5153 764 5223 ὀνόματι
805 5156 967 5210 αὐτοϋ
1002 5160 1436 5233 ¹ἁγιιισθήσονται
1497 5164 1545 5214 ot
1593 5181 1678 5215 πι-

1857 5166 1944 5220 58.
1978 5167 2031 5222 In
2067 5170 2285 5225 nomine
2305 5172 2421 5241 ejus
2441 5175 2718 5231 credentes
2746 5177 2800 5231 in
2828 5177 3002 5248 ipsum
3029 5179 3332 5236 sanctitica-
3400 5237 3407 5245 ,

128 5237 393 5303 στεὺοντες
413 5239 487 5310 (8)
520 5243 689 5313 αὐτῷ.

375 5239 487 5310 ῖ(8)
520 5243 689 5313 αὐτῷ·
1780 5256 1993 5310 buntur.

1019 5402 1322 5464 Addenda
1368 5415 1428 5467 et
1469 5409 1844 5486 corrigenda
1901 5430 1976 5472 ex
2038 5414 2178 5474 cod.
2228 5417 2422 5477 Vatic.

288 5512 562 5598 Jouaat'tuv
599 5514 924 5580 ἀποστόλους
954 5517 1213 5587 Ἀοσῇσς,
1257 5533 1361 5578 etc.

717 5514 924 5580 πόλους
954 5517 1213 5587 Ἀοαῇσς,
1257 5533 1361 5578 etc.
1838 5531 1913 5598 (5)
1951 5534 2147 5585 Ἐστιν
2169 5536 2335 5590 deest.

287 5581 542 5681 Ξ.
1178 5581 1208 5583 γ’
1937 5581 2399 5681 λ-όγωνυτῶν
2430 5612 2737 5681 προφητῶν.

188 5650 256 5738 fit
292 5651 536 5738 μιςτοιες-
1134 5662 1136 5664 τ

1134 5662 1136 5664 ’

190 5719 260 5787 (Δ)
283 5722 437 5774 Λαόν.
1936 5719 2362 5808 ’ᾗὶὶ-τέΐςέξιτες.
