  <div class='ocr_page' id='page_1' title='image "/cluster/home/n/w/nwhite01/storage/ocr_20150623/27/pst.000005712182/480.png"; bbox 0 0 4056 6318; ppageno 0'>
   <div class='ocr_carea' id='block_1_1' title="bbox 75 345 3326 407">
    <p class='ocr_par' dir='ltr' id='par_1_1' title="bbox 75 345 3326 407">
     <span class='ocr_line' id='line_1_1' title="bbox 75 345 3326 407; baseline 0 -3"><span class='ocrx_word' id='word_1_1' title='bbox 75 351 192 406; x_wconf 78' lang='grc'><strong>945</strong></span> <span class='ocrx_word' id='word_1_2' title='bbox 949 349 1038 403; x_wconf 79' lang='lat' dir='ltr'><strong>DE</strong></span> <span class='ocrx_word' id='word_1_3' title='bbox 1083 348 1368 405; x_wconf 78' lang='lat' dir='ltr'><strong>TITULIS</strong></span> <span class='ocrx_word' id='word_1_4' title='bbox 1407 348 1858 407; x_wconf 78' lang='lat' dir='ltr'><strong>PSALMORUM.</strong></span> <span class='ocrx_word' id='word_1_5' title='bbox 1903 379 1961 389; x_wconf 89' lang='lat'><strong><em>—</em></strong></span> <span class='ocrx_word' id='word_1_6' title='bbox 2003 347 2197 404; x_wconf 77' lang='lat' dir='ltr'><strong>PSAL.</strong></span> <span class='ocrx_word' id='word_1_7' title='bbox 2241 346 2450 402; x_wconf 81' lang='lat' dir='ltr'><strong>LXXII.</strong></span> <span class='ocrx_word' id='word_1_8' title='bbox 3221 345 3326 405; x_wconf 75' lang='grc'><strong>946</strong></span> 
     </span>
    </p>
   </div>
   <div class='ocr_carea' id='block_1_2' title="bbox 155 466 1757 540">
    <p class='ocr_par' dir='ltr' id='par_1_2' title="bbox 155 466 1741 540">
     <span class='ocr_line' id='line_1_2' title="bbox 155 466 1741 540; baseline 0.004 -20"><span class='ocrx_word' id='word_1_9' title='bbox 155 468 214 520; x_wconf 87' lang='grc'><strong>6.</strong></span> <span class='ocrx_word' id='word_1_10' title='bbox 256 468 366 520; x_wconf 86' lang='lat' dir='ltr'><strong>Kal</strong></span> <span class='ocrx_word' id='word_1_11' title='bbox 398 466 682 540; x_wconf 75' lang='grc' dir='ltr'><strong>στερέωμα</strong></span> <span class='ocrx_word' id='word_1_12' title='bbox 705 469 762 521; x_wconf 83' lang='grc' dir='ltr'>ὲν</span> <span class='ocrx_word' id='word_1_13' title='bbox 794 471 856 539; x_wconf 77' lang='grc' dir='ltr'>τῇ</span> <span class='ocrx_word' id='word_1_14' title='bbox 889 471 1112 540; x_wconf 77' lang='grc' dir='ltr'><strong>μάστιγι</strong></span> <span class='ocrx_word' id='word_1_15' title='bbox 1134 470 1332 525; x_wconf 71' lang='grc' dir='ltr'>αὐτῶν.</span> <span class='ocrx_word' id='word_1_16' title='bbox 1696 471 1741 527; x_wconf 72' lang='grc' dir='ltr'><strong>Δ</strong></span> 
     </span>
    </p>
   </div>
   <div class='ocr_carea' id='block_1_3' title="bbox 1325 466 2927 540">
    <p class='ocr_par' dir='ltr' id='par_1_3' title="bbox 1325 466 2927 536">
     <span class='ocr_line' id='line_1_3' title="bbox 1325 466 2927 536; baseline -0.003 -11"><span class='ocrx_word' id='word_1_17' title='bbox 1325 510 1332 525; x_wconf 88' lang='grc'><strong>.</strong></span> <span class='ocrx_word' id='word_1_18' title='bbox 1696 471 1741 527; x_wconf 72' lang='grc' dir='ltr'><strong>Δ</strong></span> <span class='ocrx_word' id='word_1_19' title='bbox 1838 469 1889 522; x_wconf 80' lang='grc'><strong>6.</strong></span> <span class='ocrx_word' id='word_1_20' title='bbox 1924 466 1989 522; x_wconf 87' lang='grc' dir='ltr'>Ει</span> <span class='ocrx_word' id='word_1_21' title='bbox 2022 469 2420 523; x_wconf 80' lang='lat' dir='ltr'><strong>ﬁrmamentum</strong></span> <span class='ocrx_word' id='word_1_22' title='bbox 2457 468 2509 519; x_wconf 90' lang='lat' dir='ltr'><strong>in</strong></span> <span class='ocrx_word' id='word_1_23' title='bbox 2543 467 2692 536; x_wconf 76' lang='lat' dir='ltr'><strong>plaga</strong></span> <span class='ocrx_word' id='word_1_24' title='bbox 2720 480 2927 520; x_wconf 83' lang='lat' dir='ltr'><strong>eorum.</strong></span> 
     </span>
    </p>
   </div>
   <div class='ocr_carea' id='block_1_4' title="bbox 156 556 1758 627">
    <p class='ocr_par' dir='ltr' id='par_1_4' title="bbox 156 556 1173 627">
     <span class='ocr_line' id='line_1_4' title="bbox 156 556 1173 627; baseline 0.002 -17"><span class='ocrx_word' id='word_1_25' title='bbox 156 556 215 610; x_wconf 89' lang='lat'><strong>7.</strong></span> <span class='ocrx_word' id='word_1_26' title='bbox 254 557 343 611; x_wconf 86' lang='grc' dir='ltr'><strong>Ἐν</strong></span> <span class='ocrx_word' id='word_1_27' title='bbox 378 558 570 622; x_wconf 79' lang='grc' dir='ltr'><strong>κόποις</strong></span> <span class='ocrx_word' id='word_1_28' title='bbox 592 557 894 627; x_wconf 77' lang='grc' dir='ltr'>ἀνθρώπων</span> <span class='ocrx_word' id='word_1_29' title='bbox 919 560 1018 612; x_wconf 78' lang='grc' dir='ltr'>οὐκ</span> <span class='ocrx_word' id='word_1_30' title='bbox 1035 560 1140 612; x_wconf 81' lang='grc' dir='ltr'>εἰσί</span> <span class='ocrx_word' id='word_1_31' title='bbox 1162 577 1173 589; x_wconf 92' lang='grc'><strong>·</strong></span> 
     </span>
    </p>
   </div>
   <div class='ocr_carea' id='block_1_5' title="bbox 1352 556 2954 627">
    <p class='ocr_par' dir='ltr' id='par_1_5' title="bbox 1851 559 2954 615">
     <span class='ocr_line' id='line_1_5' title="bbox 1851 559 2954 615; baseline 0.001 -2"><span class='ocrx_word' id='word_1_32' title='bbox 1851 560 1902 614; x_wconf 91' lang='grc'><strong>7.</strong></span> <span class='ocrx_word' id='word_1_33' title='bbox 1935 559 1992 614; x_wconf 92' lang='lat' dir='ltr'><strong>In</strong></span> <span class='ocrx_word' id='word_1_34' title='bbox 2017 561 2296 615; x_wconf 81' lang='lat' dir='ltr'><strong>laboribus</strong></span> <span class='ocrx_word' id='word_1_35' title='bbox 2332 560 2621 615; x_wconf 79' lang='lat' dir='ltr'><strong>hominum</strong></span> <span class='ocrx_word' id='word_1_36' title='bbox 2651 575 2758 614; x_wconf 92' lang='lat' dir='ltr'><strong>non</strong></span> <span class='ocrx_word' id='word_1_37' title='bbox 2788 569 2915 614; x_wconf 85' lang='lat' dir='ltr'><strong>sunt</strong></span> <span class='ocrx_word' id='word_1_38' title='bbox 2943 577 2954 615; x_wconf 87' lang='lat'>:</span> 
     </span>
    </p>
   </div>
   <div class='ocr_carea' id='block_1_6' title="bbox 158 647 1760 722">
    <p class='ocr_par' dir='ltr' id='par_1_6' title="bbox 158 647 1518 722">
     <span class='ocr_line' id='line_1_6' title="bbox 158 647 1518 722; baseline 0.002 -22"><span class='ocrx_word' id='word_1_39' title='bbox 158 647 218 704; x_wconf 90' lang='lat'><strong>8.</strong></span> <span class='ocrx_word' id='word_1_40' title='bbox 255 649 366 701; x_wconf 85' lang='lat' dir='ltr'><strong>Kal</strong></span> <span class='ocrx_word' id='word_1_41' title='bbox 397 649 534 720; x_wconf 79' lang='grc' dir='ltr'><strong>μετὰ</strong></span> <span class='ocrx_word' id='word_1_42' title='bbox 563 648 865 720; x_wconf 80' lang='grc' dir='ltr'>ἀνθρώπων</span> <span class='ocrx_word' id='word_1_43' title='bbox 897 652 958 703; x_wconf 79' lang='grc' dir='ltr'><strong>οῦ</strong></span> <span class='ocrx_word' id='word_1_44' title='bbox 996 651 1518 722; x_wconf 80' lang='grc' dir='ltr'>μαστιγωθήσονται.</span> 
     </span>
    </p>
   </div>
   <div class='ocr_carea' id='block_1_7' title="bbox 1469 647 3071 722">
    <p class='ocr_par' dir='ltr' id='par_1_7' title="bbox 1469 651 3071 722">
     <span class='ocr_line' id='line_1_7' title="bbox 1469 651 3071 722; baseline 0.003 -20"><span class='ocrx_word' id='word_1_45' title='bbox 1469 669 1518 704; x_wconf 74' lang='grc' dir='ltr'>ιι.</span> <span class='ocrx_word' id='word_1_46' title='bbox 1843 656 1893 708; x_wconf 85' lang='lat'><strong>8.</strong></span> <span class='ocrx_word' id='word_1_47' title='bbox 1924 651 1992 705; x_wconf 85' lang='lat' dir='ltr'><strong>Et</strong></span> <span class='ocrx_word' id='word_1_48' title='bbox 2017 669 2140 707; x_wconf 88' lang='lat' dir='ltr'><strong>cum</strong></span> <span class='ocrx_word' id='word_1_49' title='bbox 2170 654 2479 708; x_wconf 86' lang='lat' dir='ltr'><strong>hominibus</strong></span> <span class='ocrx_word' id='word_1_50' title='bbox 2509 670 2614 707; x_wconf 91' lang='lat' dir='ltr'><strong>non</strong></span> <span class='ocrx_word' id='word_1_51' title='bbox 2643 651 3071 722; x_wconf 79' lang='lat' dir='ltr'><strong>ﬂagellabnntur.</strong></span> 
     </span>
    </p>
   </div>
   <div class='ocr_carea' id='block_1_8' title="bbox 162 740 1764 816">
    <p class='ocr_par' dir='ltr' id='par_1_8' title="bbox 162 740 1662 816">
     <span class='ocr_line' id='line_1_8' title="bbox 162 740 1662 816; baseline 0.003 -22"><span class='ocrx_word' id='word_1_52' title='bbox 162 740 222 796; x_wconf 87' lang='lat'><strong>9.</strong></span> <span class='ocrx_word' id='word_1_53' title='bbox 257 740 358 794; x_wconf 74' lang='grc' dir='ltr'><strong>Διὰ</strong></span> <span class='ocrx_word' id='word_1_54' title='bbox 384 741 544 795; x_wconf 79' lang='grc' dir='ltr'>τοῦτο</span> <span class='ocrx_word' id='word_1_55' title='bbox 578 743 878 814; x_wconf 77' lang='grc' dir='ltr'>ἐκράτησεν</span> <span class='ocrx_word' id='word_1_56' title='bbox 897 745 1093 806; x_wconf 70' lang='grc' dir='ltr'>αὐτοὺς</span> <span class='ocrx_word' id='word_1_57' title='bbox 1129 746 1162 816; x_wconf 81' lang='grc' dir='ltr'>ὴ</span> <span class='ocrx_word' id='word_1_58' title='bbox 1199 745 1543 816; x_wconf 67' lang='grc' dir='ltr'><strong>ὑπερηφανία</strong></span> <span class='ocrx_word' id='word_1_59' title='bbox 1568 747 1662 798; x_wconf 78' lang='grc' dir='ltr'>αῦ-</span> 
     </span>
    </p>
   </div>
   <div class='ocr_carea' id='block_1_9' title="bbox 1584 740 3186 816">
    <p class='ocr_par' dir='ltr' id='par_1_9' title="bbox 1584 742 3186 802">
     <span class='ocr_line' id='line_1_9' title="bbox 1584 742 3186 802; baseline 0 -4"><span class='ocrx_word' id='word_1_60' title='bbox 1584 747 1662 798; x_wconf 77' lang='grc' dir='ltr'><strong>ιύ-</strong></span> <span class='ocrx_word' id='word_1_61' title='bbox 1846 745 1897 798; x_wconf 87' lang='lat'><strong>9.</strong></span> <span class='ocrx_word' id='word_1_62' title='bbox 1930 742 2057 798; x_wconf 86' lang='lat' dir='ltr'><strong>Ideo</strong></span> <span class='ocrx_word' id='word_1_63' title='bbox 2087 743 2259 799; x_wconf 86' lang='lat' dir='ltr'><strong>tenuit</strong></span> <span class='ocrx_word' id='word_1_64' title='bbox 2280 759 2377 799; x_wconf 88' lang='lat' dir='ltr'><strong>eos</strong></span> <span class='ocrx_word' id='word_1_65' title='bbox 2406 743 2656 802; x_wconf 76' lang='lat' dir='ltr'><strong>superbia</strong></span> <span class='ocrx_word' id='word_1_66' title='bbox 2686 759 2874 798; x_wconf 83' lang='lat' dir='ltr'><strong>eorum</strong></span> <span class='ocrx_word' id='word_1_67' title='bbox 2906 743 2960 797; x_wconf 89' lang='lat' dir='ltr'><strong>in</strong></span> <span class='ocrx_word' id='word_1_68' title='bbox 2991 742 3186 798; x_wconf 75' lang='lat' dir='ltr'><strong>tinem:</strong></span> 
     </span>
    </p>
   </div>
   <div class='ocr_carea' id='block_1_10' title="bbox 75 826 610 898">
    <p class='ocr_par' dir='ltr' id='par_1_10' title="bbox 75 826 610 898">
     <span class='ocr_line' id='line_1_10' title="bbox 75 826 610 898; baseline 0.007 -20"><span class='ocrx_word' id='word_1_69' title='bbox 75 826 201 880; x_wconf 76' lang='grc' dir='ltr'><strong>τῶν</strong></span> <span class='ocrx_word' id='word_1_70' title='bbox 228 830 310 891; x_wconf 83' lang='grc' dir='ltr'>εἰς</span> <span class='ocrx_word' id='word_1_71' title='bbox 337 829 486 892; x_wconf 76' lang='grc' dir='ltr'>τέλος</span> <span class='ocrx_word' id='word_1_72' title='bbox 513 831 610 898; x_wconf 80' lang='lat' dir='ltr'><strong>(a)°</strong></span> 
     </span>
    </p>
   </div>
   <div class='ocr_carea' id='block_1_11' title="bbox 163 916 1765 994">
    <p class='ocr_par' dir='ltr' id='par_1_11' title="bbox 163 916 1581 990">
     <span class='ocr_line' id='line_1_11' title="bbox 163 916 1581 990; baseline 0.005 -20"><span class='ocrx_word' id='word_1_73' title='bbox 163 916 258 970; x_wconf 85' lang='grc'><strong>10.</strong></span> <span class='ocrx_word' id='word_1_74' title='bbox 295 919 687 990; x_wconf 74' lang='grc' dir='ltr'>Περιεϐἀλοντο</span> <span class='ocrx_word' id='word_1_75' title='bbox 709 920 922 974; x_wconf 78' lang='grc' dir='ltr'><strong>ἀδικίαν</strong></span> <span class='ocrx_word' id='word_1_76' title='bbox 951 923 1041 975; x_wconf 77' lang='grc' dir='ltr'><strong>καὶ</strong></span> <span class='ocrx_word' id='word_1_77' title='bbox 1071 923 1325 977; x_wconf 63' lang='grc' dir='ltr'>ἀσέϐειαν</span> <span class='ocrx_word' id='word_1_78' title='bbox 1355 924 1581 979; x_wconf 79' lang='grc' dir='ltr'>ἑαυτῶν.</span> 
     </span>
    </p>
   </div>
   <div class='ocr_carea' id='block_1_12' title="bbox 1552 916 3154 994">
    <p class='ocr_par' dir='ltr' id='par_1_12' title="bbox 1552 923 3154 994">
     <span class='ocr_line' id='line_1_12' title="bbox 1552 923 3154 994; baseline 0.002 -19"><span class='ocrx_word' id='word_1_79' title='bbox 1552 945 1581 979; x_wconf 69' lang='grc' dir='ltr'><strong>ρ.</strong></span> <span class='ocrx_word' id='word_1_80' title='bbox 1849 925 1932 978; x_wconf 87' lang='grc'><strong>10.</strong></span> <span class='ocrx_word' id='word_1_81' title='bbox 1959 924 2139 993; x_wconf 88' lang='lat' dir='ltr'><strong>Operti</strong></span> <span class='ocrx_word' id='word_1_82' title='bbox 2172 934 2296 979; x_wconf 88' lang='lat' dir='ltr'><strong>sunt</strong></span> <span class='ocrx_word' id='word_1_83' title='bbox 2338 924 2623 994; x_wconf 78' lang='lat' dir='ltr'><strong>iniquitate</strong></span> <span class='ocrx_word' id='word_1_84' title='bbox 2651 933 2704 979; x_wconf 93' lang='lat' dir='ltr'><strong>ct</strong></span> <span class='ocrx_word' id='word_1_85' title='bbox 2733 923 3005 994; x_wconf 86' lang='lat' dir='ltr'><strong>impietate</strong></span> <span class='ocrx_word' id='word_1_86' title='bbox 3035 939 3154 978; x_wconf 84' lang='lat' dir='ltr'><strong>sua.</strong></span> 
     </span>
    </p>
   </div>
   <div class='ocr_carea' id='block_1_13' title="bbox 166 1008 1768 1086">
    <p class='ocr_par' dir='ltr' id='par_1_13' title="bbox 166 1008 1603 1084">
     <span class='ocr_line' id='line_1_13' title="bbox 166 1008 1603 1084; baseline 0.006 -24"><span class='ocrx_word' id='word_1_87' title='bbox 166 1008 227 1061; x_wconf 89' lang='grc'><strong>11</strong></span> <span class='ocrx_word' id='word_1_88' title='bbox 245 1050 258 1064; x_wconf 93' lang='grc'>.</span> <span class='ocrx_word' id='word_1_89' title='bbox 313 1009 678 1076; x_wconf 74' lang='grc' dir='ltr'>Ἐξελεύσεται</span> <span class='ocrx_word' id='word_1_90' title='bbox 702 1011 776 1075; x_wconf 84' lang='grc' dir='ltr'>ὡς</span> <span class='ocrx_word' id='word_1_91' title='bbox 801 1014 862 1064; x_wconf 79' lang='grc' dir='ltr'>ἐκ</span> <span class='ocrx_word' id='word_1_92' title='bbox 895 1013 1164 1084; x_wconf 81' lang='grc' dir='ltr'>στέατοςὴ</span> <span class='ocrx_word' id='word_1_93' title='bbox 1206 1015 1386 1068; x_wconf 78' lang='grc' dir='ltr'>ἀδικία</span> <span class='ocrx_word' id='word_1_94' title='bbox 1405 1015 1603 1068; x_wconf 70' lang='grc' dir='ltr'>αὐτῶνθ</span> 
     </span>
    </p>
   </div>
   <div class='ocr_carea' id='block_1_14' title="bbox 1624 1008 3226 1086">
    <p class='ocr_par' dir='ltr' id='par_1_14' title="bbox 1849 1016 3226 1086">
     <span class='ocr_line' id='line_1_14' title="bbox 1849 1016 3226 1086; baseline 0.001 -16"><span class='ocrx_word' id='word_1_95' title='bbox 1849 1018 1930 1070; x_wconf 84' lang='grc' dir='ltr'><strong>Η.</strong></span> <span class='ocrx_word' id='word_1_96' title='bbox 1975 1016 2216 1071; x_wconf 81' lang='lat' dir='ltr'><strong>l’rodibit</strong></span> <span class='ocrx_word' id='word_1_97' title='bbox 2239 1017 2394 1086; x_wconf 82' lang='lat' dir='ltr'><strong>quasi</strong></span> <span class='ocrx_word' id='word_1_98' title='bbox 2416 1032 2481 1071; x_wconf 81' lang='lat' dir='ltr'><strong>ex</strong></span> <span class='ocrx_word' id='word_1_99' title='bbox 2513 1016 2668 1085; x_wconf 88' lang='lat' dir='ltr'><strong>adipe</strong></span> <span class='ocrx_word' id='word_1_100' title='bbox 2701 1016 2961 1086; x_wconf 78' lang='lat' dir='ltr'><strong>iniquitas</strong></span> <span class='ocrx_word' id='word_1_101' title='bbox 2986 1029 3176 1070; x_wconf 90' lang='lat' dir='ltr'><strong>eorum</strong></span> <span class='ocrx_word' id='word_1_102' title='bbox 3207 1028 3226 1072; x_wconf 87' lang='lat'><strong>:</strong></span> 
     </span>
    </p>
   </div>
   <div class='ocr_carea' id='block_1_15' title="bbox 170 1098 1772 1178">
    <p class='ocr_par' dir='ltr' id='par_1_15' title="bbox 170 1098 1239 1178">
     <span class='ocr_line' id='line_1_15' title="bbox 170 1098 1239 1178; baseline 0.007 -26"><span class='ocrx_word' id='word_1_103' title='bbox 170 1098 265 1154; x_wconf 84' lang='grc'><strong>12.</strong></span> <span class='ocrx_word' id='word_1_104' title='bbox 297 1101 591 1172; x_wconf 76' lang='grc' dir='ltr'>Διήλοοσαν</span> <span class='ocrx_word' id='word_1_105' title='bbox 618 1105 696 1166; x_wconf 86' lang='grc' dir='ltr'><strong>είς</strong></span> <span class='ocrx_word' id='word_1_106' title='bbox 727 1103 962 1158; x_wconf 75' lang='grc' dir='ltr'>διάθεσιν</span> <span class='ocrx_word' id='word_1_107' title='bbox 993 1107 1239 1178; x_wconf 76' lang='grc' dir='ltr'>καρδίας.</span> 
     </span>
    </p>
   </div>
   <div class='ocr_carea' id='block_1_16' title="bbox 1309 1098 2911 1178">
    <p class='ocr_par' dir='ltr' id='par_1_16' title="bbox 1846 1107 2911 1164">
     <span class='ocr_line' id='line_1_16' title="bbox 1846 1107 2911 1164; baseline -0.004 0"><span class='ocrx_word' id='word_1_108' title='bbox 1846 1111 1928 1164; x_wconf 74' lang='grc'><strong>12.</strong></span> <span class='ocrx_word' id='word_1_109' title='bbox 1963 1109 2319 1164; x_wconf 84' lang='lat' dir='ltr'><strong>Transierunt</strong></span> <span class='ocrx_word' id='word_1_110' title='bbox 2352 1111 2404 1162; x_wconf 90' lang='lat' dir='ltr'><strong>in</strong></span> <span class='ocrx_word' id='word_1_111' title='bbox 2430 1108 2676 1163; x_wconf 73' lang='lat' dir='ltr'><strong>allectum</strong></span> <span class='ocrx_word' id='word_1_112' title='bbox 2710 1107 2911 1162; x_wconf 87' lang='lat' dir='ltr'><strong>cordis.</strong></span> 
     </span>
    </p>
   </div>
   <div class='ocr_carea' id='block_1_17' title="bbox 167 1186 1769 1272">
    <p class='ocr_par' dir='ltr' id='par_1_17' title="bbox 167 1186 1450 1272">
     <span class='ocr_line' id='line_1_17' title="bbox 167 1186 1450 1272; baseline 0.009 -30"><span class='ocrx_word' id='word_1_113' title='bbox 167 1186 258 1246; x_wconf 77' lang='grc'><strong>15,</strong></span> <span class='ocrx_word' id='word_1_114' title='bbox 291 1193 673 1264; x_wconf 70' lang='grc' dir='ltr'>Διενοήϐησαν,</span> <span class='ocrx_word' id='word_1_115' title='bbox 706 1196 799 1248; x_wconf 77' lang='grc' dir='ltr'>καὶ</span> <span class='ocrx_word' id='word_1_116' title='bbox 827 1195 1092 1266; x_wconf 74' lang='grc' dir='ltr'>ἐλάλησαν</span> <span class='ocrx_word' id='word_1_117' title='bbox 1117 1200 1174 1250; x_wconf 76' lang='grc' dir='ltr'>ὲν</span> <span class='ocrx_word' id='word_1_118' title='bbox 1200 1199 1450 1272; x_wconf 80' lang='grc' dir='ltr'>πονηρίᾳ·</span> 
     </span>
    </p>
   </div>
   <div class='ocr_carea' id='block_1_18' title="bbox 1596 1186 3198 1272">
    <p class='ocr_par' dir='ltr' id='par_1_18' title="bbox 1845 1199 3198 1272">
     <span class='ocr_line' id='line_1_18' title="bbox 1845 1199 3198 1272; baseline 0 -16"><span class='ocrx_word' id='word_1_119' title='bbox 1845 1203 1931 1256; x_wconf 78' lang='grc'><strong>15.</strong></span> <span class='ocrx_word' id='word_1_120' title='bbox 1963 1201 2364 1272; x_wconf 77' lang='lat' dir='ltr'><strong>Cogitavernnt,</strong></span> <span class='ocrx_word' id='word_1_121' title='bbox 2395 1210 2450 1256; x_wconf 91' lang='lat' dir='ltr'><strong>et</strong></span> <span class='ocrx_word' id='word_1_122' title='bbox 2482 1201 2645 1256; x_wconf 84' lang='lat' dir='ltr'><strong>locuti</strong></span> <span class='ocrx_word' id='word_1_123' title='bbox 2677 1209 2804 1254; x_wconf 89' lang='lat' dir='ltr'><strong>sunt</strong></span> <span class='ocrx_word' id='word_1_124' title='bbox 2831 1200 2883 1253; x_wconf 90' lang='lat' dir='ltr'><strong>in</strong></span> <span class='ocrx_word' id='word_1_125' title='bbox 2911 1199 3149 1270; x_wconf 83' lang='lat' dir='ltr'><strong>nequitia</strong></span> <span class='ocrx_word' id='word_1_126' title='bbox 3179 1212 3198 1256; x_wconf 84' lang='lat'><strong>:</strong></span> 
     </span>
    </p>
   </div>
   <div class='ocr_carea' id='block_1_19' title="bbox 165 1280 1767 1364">
    <p class='ocr_par' dir='ltr' id='par_1_19' title="bbox 165 1280 1201 1360">
     <span class='ocr_line' id='line_1_19' title="bbox 165 1280 1201 1360; baseline 0.011 -25"><span class='ocrx_word' id='word_1_127' title='bbox 165 1280 258 1336; x_wconf 69' lang='lat' dir='ltr'><strong>ﬂ.</strong></span> <span class='ocrx_word' id='word_1_128' title='bbox 299 1281 532 1338; x_wconf 68' lang='grc' dir='ltr'>Ἀδικίαν</span> <span class='ocrx_word' id='word_1_129' title='bbox 566 1287 646 1349; x_wconf 86' lang='grc' dir='ltr'>εἰς</span> <span class='ocrx_word' id='word_1_130' title='bbox 671 1286 732 1340; x_wconf 81' lang='grc' dir='ltr'><strong>τὸ</strong></span> <span class='ocrx_word' id='word_1_131' title='bbox 755 1286 888 1356; x_wconf 68' lang='grc' dir='ltr'>ὕψος</span> <span class='ocrx_word' id='word_1_132' title='bbox 916 1288 1201 1360; x_wconf 70' lang='grc' dir='ltr'>ἐλάλησαν.</span> 
     </span>
    </p>
   </div>
   <div class='ocr_carea' id='block_1_20' title="bbox 1414 1280 3016 1364">
    <p class='ocr_par' dir='ltr' id='par_1_20' title="bbox 1844 1292 3016 1364">
     <span class='ocr_line' id='line_1_20' title="bbox 1844 1292 3016 1364; baseline -0.003 -16"><span class='ocrx_word' id='word_1_133' title='bbox 1844 1296 1927 1350; x_wconf 77' lang='grc'><strong>14.</strong></span> <span class='ocrx_word' id='word_1_134' title='bbox 1958 1295 2294 1364; x_wconf 84' lang='lat' dir='ltr'><strong>Iniquitalem</strong></span> <span class='ocrx_word' id='word_1_135' title='bbox 2326 1294 2378 1347; x_wconf 90' lang='lat' dir='ltr'><strong>in</strong></span> <span class='ocrx_word' id='word_1_136' title='bbox 2426 1292 2640 1348; x_wconf 76' lang='lat' dir='ltr'><strong>excelso</strong></span> <span class='ocrx_word' id='word_1_137' title='bbox 2669 1292 2834 1347; x_wconf 85' lang='lat' dir='ltr'><strong>locuti</strong></span> <span class='ocrx_word' id='word_1_138' title='bbox 2871 1300 3016 1348; x_wconf 89' lang='lat' dir='ltr'><strong>sunt.</strong></span> 
     </span>
    </p>
   </div>
   <div class='ocr_carea' id='block_1_21' title="bbox 168 1374 1770 1452">
    <p class='ocr_par' dir='ltr' id='par_1_21' title="bbox 168 1374 1417 1452">
     <span class='ocr_line' id='line_1_21' title="bbox 168 1374 1417 1452; baseline 0.004 -23"><span class='ocrx_word' id='word_1_139' title='bbox 168 1374 260 1430; x_wconf 81' lang='grc'><strong>15.</strong></span> <span class='ocrx_word' id='word_1_140' title='bbox 298 1377 518 1431; x_wconf 84' lang='grc' dir='ltr'>Ἐθεντο</span> <span class='ocrx_word' id='word_1_141' title='bbox 543 1381 621 1442; x_wconf 74' lang='grc' dir='ltr'>εἰς</span> <span class='ocrx_word' id='word_1_142' title='bbox 647 1380 875 1449; x_wconf 69' lang='grc' dir='ltr'>οὐρανὸν</span> <span class='ocrx_word' id='word_1_143' title='bbox 908 1381 967 1434; x_wconf 82' lang='grc' dir='ltr'><strong>τὸ</strong></span> <span class='ocrx_word' id='word_1_144' title='bbox 991 1381 1163 1452; x_wconf 78' lang='grc' dir='ltr'>στόμα</span> <span class='ocrx_word' id='word_1_145' title='bbox 1191 1383 1370 1436; x_wconf 77' lang='grc' dir='ltr'>αὐτῶν</span> <span class='ocrx_word' id='word_1_146' title='bbox 1403 1399 1417 1414; x_wconf 90' lang='grc'><strong>·</strong></span> 
     </span>
    </p>
   </div>
   <div class='ocr_carea' id='block_1_22' title="bbox 1293 1374 2895 1452">
    <p class='ocr_par' dir='ltr' id='par_1_22' title="bbox 1295 1383 2895 1442">
     <span class='ocr_line' id='line_1_22' title="bbox 1295 1383 2895 1442; baseline -0.001 -2"><span class='ocrx_word' id='word_1_147' title='bbox 1295 1383 1370 1436; x_wconf 74' lang='grc' dir='ltr'>ὢν</span> <span class='ocrx_word' id='word_1_148' title='bbox 1403 1399 1417 1414; x_wconf 90' lang='lat'><strong>&#39;</strong></span> <span class='ocrx_word' id='word_1_149' title='bbox 1845 1388 1931 1441; x_wconf 81' lang='grc'><strong>15.</strong></span> <span class='ocrx_word' id='word_1_150' title='bbox 1970 1386 2274 1442; x_wconf 85' lang='lat' dir='ltr'><strong>Posucrunt</strong></span> <span class='ocrx_word' id='word_1_151' title='bbox 2305 1387 2359 1440; x_wconf 90' lang='lat' dir='ltr'><strong>in</strong></span> <span class='ocrx_word' id='word_1_152' title='bbox 2388 1387 2582 1441; x_wconf 73' lang='lat' dir='ltr'><strong>cmlum</strong></span> <span class='ocrx_word' id='word_1_153' title='bbox 2609 1401 2672 1440; x_wconf 77' lang='lat' dir='ltr'><strong>os</strong></span> <span class='ocrx_word' id='word_1_154' title='bbox 2696 1400 2853 1439; x_wconf 84' lang='lat' dir='ltr'><strong>suum</strong></span> <span class='ocrx_word' id='word_1_155' title='bbox 2883 1401 2895 1438; x_wconf 91' lang='lat'><strong>:</strong></span> 
     </span>
    </p>
   </div>
   <div class='ocr_carea' id='block_1_23' title="bbox 173 1466 1775 1548">
    <p class='ocr_par' dir='ltr' id='par_1_23' title="bbox 173 1466 1556 1547">
     <span class='ocr_line' id='line_1_23' title="bbox 173 1466 1556 1547; baseline 0.008 -26"><span class='ocrx_word' id='word_1_156' title='bbox 173 1466 264 1522; x_wconf 85' lang='grc'><strong>16.</strong></span> <span class='ocrx_word' id='word_1_157' title='bbox 292 1470 400 1522; x_wconf 97' lang='lat' dir='ltr'><strong>Kal</strong></span> <span class='ocrx_word' id='word_1_158' title='bbox 427 1473 458 1542; x_wconf 80' lang='grc' dir='ltr'>ἡ</span> <span class='ocrx_word' id='word_1_159' title='bbox 490 1470 707 1540; x_wconf 86' lang='grc' dir='ltr'>γλῶσσα</span> <span class='ocrx_word' id='word_1_160' title='bbox 741 1472 918 1526; x_wconf 79' lang='grc' dir='ltr'>αὐτῶν</span> <span class='ocrx_word' id='word_1_161' title='bbox 938 1472 1153 1544; x_wconf 76' lang='grc' dir='ltr'>διῆλθεν</span> <span class='ocrx_word' id='word_1_162' title='bbox 1187 1477 1280 1528; x_wconf 72' lang='grc' dir='ltr'>ἐπὶ</span> <span class='ocrx_word' id='word_1_163' title='bbox 1308 1479 1404 1547; x_wconf 80' lang='grc' dir='ltr'>τῆς</span> <span class='ocrx_word' id='word_1_164' title='bbox 1435 1477 1556 1546; x_wconf 71' lang='grc' dir='ltr'>γῆς.</span> 
     </span>
    </p>
   </div>
   <div class='ocr_carea' id='block_1_24' title="bbox 1379 1466 2981 1548">
    <p class='ocr_par' dir='ltr' id='par_1_24' title="bbox 1379 1476 2981 1548">
     <span class='ocr_line' id='line_1_24' title="bbox 1379 1476 2981 1548; baseline -0.007 -9"><span class='ocrx_word' id='word_1_165' title='bbox 1379 1494 1404 1539; x_wconf 79' lang='grc' dir='ltr'>ς</span> <span class='ocrx_word' id='word_1_166' title='bbox 1435 1477 1556 1546; x_wconf 73' lang='grc' dir='ltr'>γῆς.</span> <span class='ocrx_word' id='word_1_167' title='bbox 1841 1479 1926 1534; x_wconf 87' lang='grc'><strong>16.</strong></span> <span class='ocrx_word' id='word_1_168' title='bbox 1953 1477 2018 1532; x_wconf 87' lang='grc' dir='ltr'>Ει</span> <span class='ocrx_word' id='word_1_169' title='bbox 2043 1478 2223 1548; x_wconf 80' lang='lat' dir='ltr'><strong>lingua</strong></span> <span class='ocrx_word' id='word_1_170' title='bbox 2247 1492 2435 1532; x_wconf 91' lang='lat' dir='ltr'><strong>eorum</strong></span> <span class='ocrx_word' id='word_1_171' title='bbox 2459 1476 2706 1532; x_wconf 80' lang='lat' dir='ltr'><strong>transivit</strong></span> <span class='ocrx_word' id='word_1_172' title='bbox 2737 1478 2792 1530; x_wconf 89' lang='lat' dir='ltr'><strong>in</strong></span> <span class='ocrx_word' id='word_1_173' title='bbox 2818 1483 2981 1528; x_wconf 85' lang='lat' dir='ltr'><strong>terra.</strong></span> 
     </span>
    </p>
   </div>
   <div class='ocr_carea' id='block_1_25' title="bbox 171 1559 1773 1639">
    <p class='ocr_par' dir='ltr' id='par_1_25' title="bbox 171 1559 1555 1637">
     <span class='ocr_line' id='line_1_25' title="bbox 171 1559 1555 1637; baseline 0.007 -25"><span class='ocrx_word' id='word_1_174' title='bbox 171 1559 261 1614; x_wconf 82' lang='grc'><strong>17.</strong></span> <span class='ocrx_word' id='word_1_175' title='bbox 298 1561 394 1614; x_wconf 70' lang='grc' dir='ltr'><strong>Διὰ</strong></span> <span class='ocrx_word' id='word_1_176' title='bbox 418 1562 575 1615; x_wconf 83' lang='grc' dir='ltr'>τοῦτο</span> <span class='ocrx_word' id='word_1_177' title='bbox 605 1564 920 1635; x_wconf 62' lang='grc' dir='ltr'>ἐπιστρέψει</span> <span class='ocrx_word' id='word_1_178' title='bbox 947 1567 974 1618; x_wconf 85' lang='grc' dir='ltr'>ὁ</span> <span class='ocrx_word' id='word_1_179' title='bbox 1006 1566 1129 1630; x_wconf 82' lang='grc' dir='ltr'>λαός</span> <span class='ocrx_word' id='word_1_180' title='bbox 1160 1584 1260 1637; x_wconf 84' lang='grc' dir='ltr'><strong>μου</strong></span> <span class='ocrx_word' id='word_1_181' title='bbox 1295 1567 1555 1622; x_wconf 80' lang='grc' dir='ltr'>ἐνταῦθα·</span> 
     </span>
    </p>
   </div>
   <div class='ocr_carea' id='block_1_26' title="bbox 1450 1559 3052 1639">
    <p class='ocr_par' dir='ltr' id='par_1_26' title="bbox 1450 1566 3052 1639">
     <span class='ocr_line' id='line_1_26' title="bbox 1450 1566 3052 1639; baseline -0.001 -18"><span class='ocrx_word' id='word_1_182' title='bbox 1450 1568 1555 1622; x_wconf 75' lang='grc' dir='ltr'><strong>ιοαο</strong></span> <span class='ocrx_word' id='word_1_183' title='bbox 1845 1571 1932 1630; x_wconf 84' lang='grc'><strong>17.</strong></span> <span class='ocrx_word' id='word_1_184' title='bbox 1960 1573 2086 1626; x_wconf 83' lang='lat' dir='ltr'><strong>Ideo</strong></span> <span class='ocrx_word' id='word_1_185' title='bbox 2115 1579 2455 1626; x_wconf 79' lang='lat' dir='ltr'><strong>convertctur</strong></span> <span class='ocrx_word' id='word_1_186' title='bbox 2484 1569 2713 1639; x_wconf 84' lang='lat' dir='ltr'><strong>pOpUIIIS</strong></span> <span class='ocrx_word' id='word_1_187' title='bbox 2743 1583 2896 1622; x_wconf 88' lang='lat' dir='ltr'><strong>meus</strong></span> <span class='ocrx_word' id='word_1_188' title='bbox 2921 1566 3010 1622; x_wconf 90' lang='lat' dir='ltr'><strong>hic</strong></span> <span class='ocrx_word' id='word_1_189' title='bbox 3039 1585 3052 1620; x_wconf 91' lang='lat'><strong>:</strong></span> 
     </span>
    </p>
   </div>
   <div class='ocr_carea' id='block_1_27' title="bbox 172 1652 1774 1733">
    <p class='ocr_par' dir='ltr' id='par_1_27' title="bbox 172 1652 1610 1731">
     <span class='ocr_line' id='line_1_27' title="bbox 172 1652 1610 1731; baseline 0.009 -27"><span class='ocrx_word' id='word_1_190' title='bbox 172 1652 265 1708; x_wconf 84' lang='grc'><strong>18.</strong></span> <span class='ocrx_word' id='word_1_191' title='bbox 299 1654 402 1706; x_wconf 81' lang='grc' dir='ltr'><strong>Καὶ</strong></span> <span class='ocrx_word' id='word_1_192' title='bbox 435 1656 639 1726; x_wconf 76' lang='grc' dir='ltr'>ἡμέραι</span> <span class='ocrx_word' id='word_1_193' title='bbox 663 1656 887 1730; x_wconf 73' lang='grc' dir='ltr'>πλήρεις</span> <span class='ocrx_word' id='word_1_194' title='bbox 916 1659 1299 1731; x_wconf 78' lang='grc' dir='ltr'>εὑρεθήσονται</span> <span class='ocrx_word' id='word_1_195' title='bbox 1331 1663 1387 1713; x_wconf 83' lang='grc' dir='ltr'>ὲν</span> <span class='ocrx_word' id='word_1_196' title='bbox 1410 1662 1610 1726; x_wconf 77' lang='grc' dir='ltr'>αὐτοῖς.</span> 
     </span>
    </p>
   </div>
   <div class='ocr_carea' id='block_1_28' title="bbox 1347 1652 2949 1733">
    <p class='ocr_par' dir='ltr' id='par_1_28' title="bbox 1347 1660 2949 1733">
     <span class='ocr_line' id='line_1_28' title="bbox 1347 1660 2949 1733; baseline 0.001 -21"><span class='ocrx_word' id='word_1_197' title='bbox 1347 1678 1387 1713; x_wconf 76' lang='grc' dir='ltr'><strong>ιν</strong></span> <span class='ocrx_word' id='word_1_198' title='bbox 1410 1662 1610 1726; x_wconf 77' lang='grc' dir='ltr'>αὐτοῖς.</span> <span class='ocrx_word' id='word_1_199' title='bbox 1847 1665 1932 1719; x_wconf 90' lang='grc'><strong>18.</strong></span> <span class='ocrx_word' id='word_1_200' title='bbox 1963 1662 2028 1718; x_wconf 85' lang='lat' dir='ltr'><strong>Et</strong></span> <span class='ocrx_word' id='word_1_201' title='bbox 2061 1663 2177 1718; x_wconf 88' lang='lat' dir='ltr'><strong>dies</strong></span> <span class='ocrx_word' id='word_1_202' title='bbox 2208 1663 2352 1733; x_wconf 84' lang='lat' dir='ltr'><strong>pleni</strong></span> <span class='ocrx_word' id='word_1_203' title='bbox 2387 1662 2726 1716; x_wconf 79' lang='lat' dir='ltr'><strong>invenientur</strong></span> <span class='ocrx_word' id='word_1_204' title='bbox 2760 1661 2815 1714; x_wconf 92' lang='lat' dir='ltr'><strong>in</strong></span> <span class='ocrx_word' id='word_1_205' title='bbox 2851 1660 2949 1715; x_wconf 84' lang='lat' dir='ltr'><strong>eis.</strong></span> 
     </span>
    </p>
   </div>
   <div class='ocr_carea' id='block_1_29' title="bbox 171 1744 1773 1823">
    <p class='ocr_par' dir='ltr' id='par_1_29' title="bbox 171 1744 1201 1820">
     <span class='ocr_line' id='line_1_29' title="bbox 171 1744 1201 1820; baseline 0.012 -21"><span class='ocrx_word' id='word_1_206' title='bbox 171 1745 260 1800; x_wconf 86' lang='grc'><strong>19.</strong></span> <span class='ocrx_word' id='word_1_207' title='bbox 295 1747 402 1800; x_wconf 83' lang='lat' dir='ltr'><strong>Kal</strong></span> <span class='ocrx_word' id='word_1_208' title='bbox 431 1744 582 1802; x_wconf 79' lang='grc' dir='ltr'>εἷπον</span> <span class='ocrx_word' id='word_1_209' title='bbox 602 1767 614 1779; x_wconf 89' lang='grc'><strong>·</strong></span> <span class='ocrx_word' id='word_1_210' title='bbox 654 1750 777 1815; x_wconf 87' lang='grc' dir='ltr'>Πῶς</span> <span class='ocrx_word' id='word_1_211' title='bbox 805 1751 946 1820; x_wconf 76' lang='grc' dir='ltr'>ἔγνω</span> <span class='ocrx_word' id='word_1_212' title='bbox 977 1753 1006 1804; x_wconf 88' lang='grc' dir='ltr'>ὁ</span> <span class='ocrx_word' id='word_1_213' title='bbox 1036 1753 1201 1818; x_wconf 78' lang='grc' dir='ltr'>Θεός;</span> 
     </span>
    </p>
   </div>
   <div class='ocr_carea' id='block_1_30' title="bbox 1452 1744 3054 1823">
    <p class='ocr_par' dir='ltr' id='par_1_30' title="bbox 1843 1751 3054 1823">
     <span class='ocr_line' id='line_1_30' title="bbox 1843 1751 3054 1823; baseline -0.006 -11"><span class='ocrx_word' id='word_1_214' title='bbox 1843 1757 1930 1815; x_wconf 87' lang='grc'><strong>19.</strong></span> <span class='ocrx_word' id='word_1_215' title='bbox 1962 1755 2028 1812; x_wconf 87' lang='grc' dir='ltr'>Ει</span> <span class='ocrx_word' id='word_1_216' title='bbox 2049 1757 2335 1812; x_wconf 74' lang='lat' dir='ltr'><strong>dixerunt:</strong></span> <span class='ocrx_word' id='word_1_217' title='bbox 2371 1756 2654 1823; x_wconf 83' lang='lat' dir='ltr'><strong>Quomodo</strong></span> <span class='ocrx_word' id='word_1_218' title='bbox 2686 1755 2843 1810; x_wconf 69' lang='lat' dir='ltr'><strong>scivit</strong></span> <span class='ocrx_word' id='word_1_219' title='bbox 2868 1751 3054 1807; x_wconf 85' lang='lat' dir='ltr'><strong>Deus?</strong></span> 
     </span>
    </p>
   </div>
   <div class='ocr_carea' id='block_1_31' title="bbox 169 1835 1771 1918">
    <p class='ocr_par' dir='ltr' id='par_1_31' title="bbox 169 1835 1745 1918">
     <span class='ocr_line' id='line_1_31' title="bbox 169 1835 1745 1918; baseline -0.002 -24"><span class='ocrx_word' id='word_1_220' title='bbox 169 1837 262 1894; x_wconf 86' lang='grc'><strong>20.</strong></span> <span class='ocrx_word' id='word_1_221' title='bbox 297 1840 404 1893; x_wconf 80' lang='lat' dir='ltr'><strong>Kal</strong></span> <span class='ocrx_word' id='word_1_222' title='bbox 435 1843 482 1894; x_wconf 84' lang='grc' dir='ltr'><strong>εί</strong></span> <span class='ocrx_word' id='word_1_223' title='bbox 518 1841 633 1896; x_wconf 81' lang='grc' dir='ltr'>ἔστι</span> <span class='ocrx_word' id='word_1_224' title='bbox 666 1843 866 1912; x_wconf 78' lang='grc' dir='ltr'>γνῶσις</span> <span class='ocrx_word' id='word_1_225' title='bbox 896 1845 953 1896; x_wconf 77' lang='grc' dir='ltr'><strong>ἐν</strong></span> <span class='ocrx_word' id='word_1_226' title='bbox 982 1843 1058 1914; x_wconf 83' lang='grc' dir='ltr'><strong>τῷ</strong></span> <span class='ocrx_word' id='word_1_227' title='bbox 1099 1844 1358 1918; x_wconf 70' lang='grc' dir='ltr'>’Υψίστῳς</span> <span class='ocrx_word' id='word_1_228' title='bbox 1703 1835 1745 1891; x_wconf 86' lang='grc' dir='ltr'><strong>Β</strong></span> 
     </span>
    </p>
   </div>
   <div class='ocr_carea' id='block_1_32' title="bbox 1247 1835 2849 1918">
    <p class='ocr_par' dir='ltr' id='par_1_32' title="bbox 1247 1835 2849 1918">
     <span class='ocr_line' id='line_1_32' title="bbox 1247 1835 2849 1918; baseline -0.002 -13"><span class='ocrx_word' id='word_1_229' title='bbox 1247 1863 1358 1918; x_wconf 64' lang='lat' dir='ltr'><strong>mp;</strong></span> <span class='ocrx_word' id='word_1_230' title='bbox 1703 1835 1745 1891; x_wconf 77' lang='grc' dir='ltr'><strong>Β</strong></span> <span class='ocrx_word' id='word_1_231' title='bbox 1843 1850 1934 1907; x_wconf 78' lang='grc'><strong>20.</strong></span> <span class='ocrx_word' id='word_1_232' title='bbox 1971 1851 2036 1906; x_wconf 85' lang='grc' dir='ltr'>Ει</span> <span class='ocrx_word' id='word_1_233' title='bbox 2063 1853 2107 1907; x_wconf 91' lang='lat' dir='ltr'><strong>si</strong></span> <span class='ocrx_word' id='word_1_234' title='bbox 2136 1860 2218 1906; x_wconf 85' lang='lat' dir='ltr'><strong>est</strong></span> <span class='ocrx_word' id='word_1_235' title='bbox 2246 1853 2469 1906; x_wconf 86' lang='lat' dir='ltr'><strong>scientia</strong></span> <span class='ocrx_word' id='word_1_236' title='bbox 2497 1851 2549 1905; x_wconf 90' lang='lat' dir='ltr'><strong>in</strong></span> <span class='ocrx_word' id='word_1_237' title='bbox 2573 1849 2798 1904; x_wconf 80' lang='lat' dir='ltr'><strong>Excelso</strong></span> <span class='ocrx_word' id='word_1_238' title='bbox 2827 1848 2849 1900; x_wconf 73' lang='grc'><strong><em>2</em></strong></span> 
     </span>
    </p>
   </div>
   <div class='ocr_carea' id='block_1_33' title="bbox 165 1928 1767 2014">
    <p class='ocr_par' dir='ltr' id='par_1_33' title="bbox 165 1928 1552 2011">
     <span class='ocr_line' id='line_1_33' title="bbox 165 1928 1552 2011; baseline 0.007 -26"><span class='ocrx_word' id='word_1_239' title='bbox 165 1930 262 1986; x_wconf 86' lang='grc'><strong>21.</strong></span> <span class='ocrx_word' id='word_1_240' title='bbox 307 1934 438 1988; x_wconf 79' lang='grc' dir='ltr'>Ἰδοὺ</span> <span class='ocrx_word' id='word_1_241' title='bbox 473 1928 617 1990; x_wconf 79' lang='grc' dir='ltr'>οῦτοι</span> <span class='ocrx_word' id='word_1_242' title='bbox 642 1938 691 1989; x_wconf 90' lang='grc' dir='ltr'>οἱ</span> <span class='ocrx_word' id='word_1_243' title='bbox 724 1936 1037 2009; x_wconf 73' lang='grc' dir='ltr'>ἁμαρτωλοὶ</span> <span class='ocrx_word' id='word_1_244' title='bbox 1070 1938 1164 1992; x_wconf 64' lang='grc' dir='ltr'><strong>καὶ⁵</strong></span> <span class='ocrx_word' id='word_1_245' title='bbox 1200 1939 1552 2011; x_wconf 75' lang='grc' dir='ltr'>εὐθηνοῦντες</span> 
     </span>
    </p>
   </div>
   <div class='ocr_carea' id='block_1_34' title="bbox 1485 1928 3087 2014">
    <p class='ocr_par' dir='ltr' id='par_1_34' title="bbox 1485 1938 3087 2014">
     <span class='ocr_line' id='line_1_34' title="bbox 1485 1938 3087 2014; baseline -0.002 -19"><span class='ocrx_word' id='word_1_246' title='bbox 1485 1959 1552 2006; x_wconf 68' lang='lat' dir='ltr'><strong>re;</strong></span> <span class='ocrx_word' id='word_1_247' title='bbox 1847 1945 1939 1999; x_wconf 80' lang='grc'><strong>21.</strong></span> <span class='ocrx_word' id='word_1_248' title='bbox 1973 1943 2112 2000; x_wconf 86' lang='lat' dir='ltr'><strong>Ecce</strong></span> <span class='ocrx_word' id='word_1_249' title='bbox 2141 1944 2244 2013; x_wconf 86' lang='lat' dir='ltr'><strong>ipsi</strong></span> <span class='ocrx_word' id='word_1_250' title='bbox 2267 1954 2598 2014; x_wconf 82' lang='lat' dir='ltr'><strong>peccatores,</strong></span> <span class='ocrx_word' id='word_1_251' title='bbox 2631 1951 2684 1995; x_wconf 88' lang='lat' dir='ltr'><strong>et</strong></span> <span class='ocrx_word' id='word_1_252' title='bbox 2712 1938 3087 1994; x_wconf 86' lang='lat' dir='ltr'><strong>abundantes:</strong></span> 
     </span>
    </p>
   </div>
   <div class='ocr_carea' id='block_1_35' title="bbox 172 2026 1774 2101">
    <p class='ocr_par' dir='ltr' id='par_1_35' title="bbox 172 2026 1266 2101">
     <span class='ocr_line' id='line_1_35' title="bbox 172 2026 1266 2101; baseline 0.005 -20"><span class='ocrx_word' id='word_1_253' title='bbox 172 2026 265 2082; x_wconf 84' lang='grc'><strong>22.</strong></span> <span class='ocrx_word' id='word_1_254' title='bbox 296 2028 388 2092; x_wconf 70' lang='lat' dir='ltr'><strong>El;</strong></span> <span class='ocrx_word' id='word_1_255' title='bbox 412 2029 503 2083; x_wconf 76' lang='grc' dir='ltr'>τὸν</span> <span class='ocrx_word' id='word_1_256' title='bbox 524 2031 693 2084; x_wconf 81' lang='grc' dir='ltr'>αἰῶνα</span> <span class='ocrx_word' id='word_1_257' title='bbox 718 2031 982 2101; x_wconf 79' lang='grc' dir='ltr'>κατέσχον</span> <span class='ocrx_word' id='word_1_258' title='bbox 1012 2032 1266 2086; x_wconf 78' lang='grc' dir='ltr'>πλούτου.</span> 
     </span>
    </p>
   </div>
   <div class='ocr_carea' id='block_1_36' title="bbox 1302 2026 2904 2101">
    <p class='ocr_par' dir='ltr' id='par_1_36' title="bbox 1848 2032 2904 2092">
     <span class='ocr_line' id='line_1_36' title="bbox 1848 2032 2904 2092; baseline -0.005 -1"><span class='ocrx_word' id='word_1_259' title='bbox 1848 2036 1942 2092; x_wconf 70' lang='grc'><strong>22.</strong></span> <span class='ocrx_word' id='word_1_260' title='bbox 1975 2035 2031 2091; x_wconf 85' lang='lat' dir='ltr'><strong>ln</strong></span> <span class='ocrx_word' id='word_1_261' title='bbox 2067 2037 2267 2092; x_wconf 71' lang='lat' dir='ltr'><strong>saeculo</strong></span> <span class='ocrx_word' id='word_1_262' title='bbox 2292 2035 2646 2092; x_wconf 83' lang='lat' dir='ltr'><strong>obtinuerunt</strong></span> <span class='ocrx_word' id='word_1_263' title='bbox 2667 2032 2904 2089; x_wconf 80' lang='lat' dir='ltr'><strong>divitias.</strong></span> 
     </span>
    </p>
   </div>
   <div class='ocr_carea' id='block_1_37' title="bbox 166 2118 1768 2200">
    <p class='ocr_par' dir='ltr' id='par_1_37' title="bbox 166 2118 1663 2200">
     <span class='ocr_line' id='line_1_37' title="bbox 166 2118 1663 2200; baseline 0.005 -25"><span class='ocrx_word' id='word_1_264' title='bbox 166 2120 259 2176; x_wconf 82' lang='grc'><strong>25.</strong></span> <span class='ocrx_word' id='word_1_265' title='bbox 299 2123 406 2176; x_wconf 86' lang='lat' dir='ltr'><strong>Kal</strong></span> <span class='ocrx_word' id='word_1_266' title='bbox 431 2118 561 2177; x_wconf 72' lang='grc' dir='ltr'>εἶπα</span> <span class='ocrx_word' id='word_1_267' title='bbox 583 2141 596 2155; x_wconf 69' lang='grc' dir='ltr'><strong>ο</strong></span> <span class='ocrx_word' id='word_1_268' title='bbox 627 2118 773 2195; x_wconf 73' lang='grc' dir='ltr'>Ἀρα</span> <span class='ocrx_word' id='word_1_269' title='bbox 808 2125 1051 2195; x_wconf 80' lang='grc' dir='ltr'>ματαίως</span> <span class='ocrx_word' id='word_1_270' title='bbox 1079 2126 1374 2182; x_wconf 78' lang='grc' dir='ltr'>ἐδικαίωσα</span> <span class='ocrx_word' id='word_1_271' title='bbox 1413 2126 1511 2200; x_wconf 74' lang='grc' dir='ltr'>τὴν</span> <span class='ocrx_word' id='word_1_272' title='bbox 1537 2145 1663 2199; x_wconf 86' lang='grc' dir='ltr'>καρ-</span> 
     </span>
    </p>
   </div>
   <div class='ocr_carea' id='block_1_38' title="bbox 1733 2118 3335 2200">
    <p class='ocr_par' dir='ltr' id='par_1_38' title="bbox 1848 2121 3335 2200">
     <span class='ocr_line' id='line_1_38' title="bbox 1848 2121 3335 2200; baseline -0.007 -16"><span class='ocrx_word' id='word_1_273' title='bbox 1848 2130 1938 2186; x_wconf 74' lang='grc'><strong>25.</strong></span> <span class='ocrx_word' id='word_1_274' title='bbox 1972 2129 2038 2185; x_wconf 85' lang='grc' dir='ltr'>Ει</span> <span class='ocrx_word' id='word_1_275' title='bbox 2083 2129 2195 2184; x_wconf 78' lang='lat' dir='ltr'><strong>dixi</strong></span> <span class='ocrx_word' id='word_1_276' title='bbox 2251 2149 2265 2183; x_wconf 91' lang='lat'><strong>:</strong></span> <span class='ocrx_word' id='word_1_277' title='bbox 2320 2128 2462 2200; x_wconf 77' lang='lat' dir='ltr'><strong>Ergo</strong></span> <span class='ocrx_word' id='word_1_278' title='bbox 2505 2130 2623 2184; x_wconf 87' lang='lat' dir='ltr'><strong>sine</strong></span> <span class='ocrx_word' id='word_1_279' title='bbox 2670 2141 2834 2184; x_wconf 86' lang='lat' dir='ltr'><strong>causa</strong></span> <span class='ocrx_word' id='word_1_280' title='bbox 2895 2121 3189 2196; x_wconf 63' lang='lat' dir='ltr'><strong>iustiﬁcari</strong></span> <span class='ocrx_word' id='word_1_281' title='bbox 3243 2133 3335 2175; x_wconf 88' lang='lat' dir='ltr'><strong>cor</strong></span> 
     </span>
    </p>
   </div>
   <div class='ocr_carea' id='block_1_39' title="bbox 88 2214 1690 2286">
    <p class='ocr_par' dir='ltr' id='par_1_39' title="bbox 88 2214 380 2286">
     <span class='ocr_line' id='line_1_39' title="bbox 88 2214 380 2286; baseline 0 -18"><span class='ocrx_word' id='word_1_282' title='bbox 88 2214 216 2269; x_wconf 81' lang='grc' dir='ltr'>δίαν</span> <span class='ocrx_word' id='word_1_283' title='bbox 247 2233 347 2286; x_wconf 86' lang='grc' dir='ltr'><strong>μου</strong></span> <span class='ocrx_word' id='word_1_284' title='bbox 365 2231 380 2281; x_wconf 88' lang='lat'><strong>;</strong></span> 
     </span>
    </p>
   </div>
   <div class='ocr_carea' id='block_1_40' title="bbox 400 2214 2002 2286">
    <p class='ocr_par' dir='ltr' id='par_1_40' title="bbox 1779 2222 2002 2279">
     <span class='ocr_line' id='line_1_40' title="bbox 1779 2222 2002 2279; baseline 0.004 -2"><span class='ocrx_word' id='word_1_285' title='bbox 1779 2238 1961 2279; x_wconf 87' lang='lat' dir='ltr'><strong>meum</strong></span> <span class='ocrx_word' id='word_1_286' title='bbox 1979 2222 2002 2278; x_wconf 75' lang='grc' dir='ltr'>τ</span> 
     </span>
    </p>
   </div>
   <div class='ocr_carea' id='block_1_41' title="bbox 171 2336 1008 2410">
    <p class='ocr_par' dir='ltr' id='par_1_41' title="bbox 171 2336 1008 2410">
     <span class='ocr_line' id='line_1_41' title="bbox 171 2336 1008 2410; baseline 0.007 -19"><span class='ocrx_word' id='word_1_287' title='bbox 171 2336 248 2410; x_wconf 85' lang='lat' dir='ltr'><strong>(a)</strong></span> <span class='ocrx_word' id='word_1_288' title='bbox 284 2338 489 2392; x_wconf 74' lang='grc' dir='ltr'>Αὐτῶν</span> <span class='ocrx_word' id='word_1_289' title='bbox 502 2343 587 2404; x_wconf 73' lang='grc' dir='ltr'><strong>εις</strong></span> <span class='ocrx_word' id='word_1_290' title='bbox 604 2340 775 2406; x_wconf 77' lang='grc' dir='ltr'>τέλος</span> <span class='ocrx_word' id='word_1_291' title='bbox 797 2341 1008 2397; x_wconf 82' lang='lat' dir='ltr'><strong>desunt.</strong></span> 
     </span>
    </p>
   </div>
   <div class='ocr_carea' id='block_1_42' title="bbox 1229 2456 2223 2514">
    <p class='ocr_par' dir='ltr' id='par_1_42' title="bbox 1229 2456 2223 2514">
     <span class='ocr_line' id='line_1_42' title="bbox 1229 2456 2223 2514; baseline 0.001 -2"><span class='ocrx_word' id='word_1_292' title='bbox 1229 2456 1606 2514; x_wconf 76' lang='lat' dir='ltr'><strong>ATHANASII</strong></span> <span class='ocrx_word' id='word_1_293' title='bbox 1645 2456 2223 2514; x_wconf 75' lang='lat' dir='ltr'><strong>INTERPRETATIO.</strong></span> 
     </span>
    </p>
   </div>
   <div class='ocr_carea' id='block_1_43' title="bbox 175 2568 1777 2649">
    <p class='ocr_par' dir='ltr' id='par_1_43' title="bbox 175 2568 1189 2648">
     <span class='ocr_line' id='line_1_43' title="bbox 175 2568 1189 2648; baseline 0.009 -25"><span class='ocrx_word' id='word_1_294' title='bbox 175 2568 230 2624; x_wconf 87' lang='lat'><strong>6.</strong></span> <span class='ocrx_word' id='word_1_295' title='bbox 263 2571 374 2623; x_wconf 87' lang='lat' dir='ltr'><strong>Kal</strong></span> <span class='ocrx_word' id='word_1_296' title='bbox 395 2571 711 2641; x_wconf 78' lang='grc' dir='ltr'>ἐπιμένουσι</span> <span class='ocrx_word' id='word_1_297' title='bbox 734 2575 799 2644; x_wconf 80' lang='grc' dir='ltr'>τῇ</span> <span class='ocrx_word' id='word_1_298' title='bbox 823 2575 1064 2648; x_wconf 79' lang='grc' dir='ltr'><strong>ἁμαρτίᾳ</strong></span> <span class='ocrx_word' id='word_1_299' title='bbox 1090 2577 1189 2647; x_wconf 87' lang='grc'><strong>(1).</strong></span> 
     </span>
    </p>
   </div>
   <div class='ocr_carea' id='block_1_44' title="bbox 1001 2568 2603 2649">
    <p class='ocr_par' dir='ltr' id='par_1_44' title="bbox 1001 2576 2603 2649">
     <span class='ocr_line' id='line_1_44' title="bbox 1001 2576 2603 2649; baseline 0.002 -21"><span class='ocrx_word' id='word_1_300' title='bbox 1001 2576 1064 2648; x_wconf 80' lang='grc' dir='ltr'><strong>·ίᾳ</strong></span> <span class='ocrx_word' id='word_1_301' title='bbox 1090 2577 1189 2647; x_wconf 90' lang='grc'><strong>(1).</strong></span> <span class='ocrx_word' id='word_1_302' title='bbox 1852 2580 1904 2634; x_wconf 85' lang='grc'><strong>6.</strong></span> <span class='ocrx_word' id='word_1_303' title='bbox 1933 2578 1998 2632; x_wconf 80' lang='lat' dir='ltr'><strong>Et</strong></span> <span class='ocrx_word' id='word_1_304' title='bbox 2027 2587 2250 2634; x_wconf 88' lang='lat' dir='ltr'><strong>manent</strong></span> <span class='ocrx_word' id='word_1_305' title='bbox 2275 2579 2328 2632; x_wconf 88' lang='lat' dir='ltr'><strong>in</strong></span> <span class='ocrx_word' id='word_1_306' title='bbox 2359 2585 2603 2649; x_wconf 82' lang='lat' dir='ltr'><strong>peccato.</strong></span> 
     </span>
    </p>
   </div>
   <div class='ocr_carea' id='block_1_45' title="bbox 180 2660 1782 2743">
    <p class='ocr_par' dir='ltr' id='par_1_45' title="bbox 180 2660 1668 2732">
     <span class='ocr_line' id='line_1_45' title="bbox 180 2660 1668 2732; baseline 0.005 -19"><span class='ocrx_word' id='word_1_307' title='bbox 180 2660 232 2717; x_wconf 88' lang='lat'><strong>7.</strong></span> <span class='ocrx_word' id='word_1_308' title='bbox 267 2660 343 2714; x_wconf 80' lang='grc' dir='ltr'><strong>Οὐ</strong></span> <span class='ocrx_word' id='word_1_309' title='bbox 382 2661 688 2732; x_wconf 74' lang='grc' dir='ltr'>λογίζονται</span> <span class='ocrx_word' id='word_1_310' title='bbox 722 2666 946 2729; x_wconf 79' lang='grc' dir='ltr'>ἑαυτοὺς</span> <span class='ocrx_word' id='word_1_311' title='bbox 973 2667 1058 2720; x_wconf 83' lang='grc' dir='ltr'><strong>ἵνα</strong></span> <span class='ocrx_word' id='word_1_312' title='bbox 1083 2667 1159 2730; x_wconf 80' lang='grc' dir='ltr'>ὡς</span> <span class='ocrx_word' id='word_1_313' title='bbox 1183 2668 1412 2732; x_wconf 67' lang='grc' dir='ltr'>ἕκαστος</span> <span class='ocrx_word' id='word_1_314' title='bbox 1439 2669 1545 2722; x_wconf 86' lang='grc' dir='ltr'><strong>τῶν</strong></span> <span class='ocrx_word' id='word_1_315' title='bbox 1572 2672 1668 2723; x_wconf 64' lang='grc' dir='ltr'><strong>ἀν-</strong></span> 
     </span>
    </p>
   </div>
   <div class='ocr_carea' id='block_1_46' title="bbox 1735 2660 3337 2743">
    <p class='ocr_par' dir='ltr' id='par_1_46' title="bbox 1849 2661 3337 2743">
     <span class='ocr_line' id='line_1_46' title="bbox 1849 2661 3337 2743; baseline -0.005 -18"><span class='ocrx_word' id='word_1_316' title='bbox 1849 2675 1898 2727; x_wconf 87' lang='lat'><strong>7.</strong></span> <span class='ocrx_word' id='word_1_317' title='bbox 1934 2672 2053 2727; x_wconf 87' lang='lat' dir='ltr'><strong>Non</strong></span> <span class='ocrx_word' id='word_1_318' title='bbox 2084 2673 2433 2728; x_wconf 84' lang='lat' dir='ltr'><strong>considerant</strong></span> <span class='ocrx_word' id='word_1_319' title='bbox 2474 2673 2684 2743; x_wconf 86' lang='lat' dir='ltr'><strong>seipsos</strong></span> <span class='ocrx_word' id='word_1_320' title='bbox 2703 2670 2868 2726; x_wconf 82' lang='lat' dir='ltr'><strong>veluti</strong></span> <span class='ocrx_word' id='word_1_321' title='bbox 2894 2668 3131 2738; x_wconf 89' lang='lat' dir='ltr'><strong>reliquos</strong></span> <span class='ocrx_word' id='word_1_322' title='bbox 3160 2661 3337 2719; x_wconf 83' lang='lat' dir='ltr'><strong>homi-</strong></span> 
     </span>
    </p>
   </div>
   <div class='ocr_carea' id='block_1_47' title="bbox 94 2752 1893 2825">
    <p class='ocr_par' dir='ltr' id='par_1_47' title="bbox 94 2752 1893 2825">
     <span class='ocr_line' id='line_1_47' title="bbox 94 2752 1893 2825; baseline 0.006 -16"><span class='ocrx_word' id='word_1_323' title='bbox 94 2752 360 2825; x_wconf 80' lang='grc' dir='ltr'><strong>θρὼπων.</strong></span> <span class='ocrx_word' id='word_1_324' title='bbox 1780 2782 1893 2820; x_wconf 86' lang='lat' dir='ltr'><strong>nes.</strong></span> 
     </span>
    </p>
   </div>
   <div class='ocr_carea' id='block_1_48' title="bbox 175 2844 1777 2963">
    <p class='ocr_par' dir='ltr' id='par_1_48' title="bbox 175 2844 1742 2963">
     <span class='ocr_line' id='line_1_48' title="bbox 175 2844 1742 2963; baseline 0.006 -65"><span class='ocrx_word' id='word_1_325' title='bbox 175 2844 227 2898; x_wconf 88' lang='lat'><strong>8.</strong></span> <span class='ocrx_word' id='word_1_326' title='bbox 256 2845 389 2899; x_wconf 77' lang='grc' dir='ltr'>Οὐδὲ</span> <span class='ocrx_word' id='word_1_327' title='bbox 436 2847 518 2901; x_wconf 80' lang='grc' dir='ltr'><strong>ὅτι</strong></span> <span class='ocrx_word' id='word_1_328' title='bbox 565 2849 703 2917; x_wconf 77' lang='grc' dir='ltr'>μετὰ</span> <span class='ocrx_word' id='word_1_329' title='bbox 743 2847 850 2899; x_wconf 88' lang='grc' dir='ltr'><strong>τῶν</strong></span> <span class='ocrx_word' id='word_1_330' title='bbox 894 2848 1195 2920; x_wconf 82' lang='grc' dir='ltr'>ἀνθρώπων</span> <span class='ocrx_word' id='word_1_331' title='bbox 1248 2851 1497 2922; x_wconf 82' lang='grc' dir='ltr'>μέλλουσι</span> <span class='ocrx_word' id='word_1_332' title='bbox 1554 2853 1672 2924; x_wconf 84' lang='grc' dir='ltr'>κρί-</span> <span class='ocrx_word' id='word_1_333' title='bbox 1699 2906 1742 2963; x_wconf 74' lang='lat' dir='ltr'><strong>C</strong></span> 
     </span>
     <span class='ocr_line' id='line_1_49' title="bbox 175 2937 286 2963; baseline 0 0"><span class='ocrx_word' id='word_1_334' title='bbox 175 2937 286 2963; x_wconf 57' lang='grc' dir='ltr'><strong>Αἱ...</strong></span> 
     </span>
    </p>
   </div>
   <div class='ocr_carea' id='block_1_49' title="bbox 1730 2844 3332 2963">
    <p class='ocr_par' dir='ltr' id='par_1_49' title="bbox 1730 2846 3332 2926">
     <span class='ocr_line' id='line_1_50' title="bbox 1730 2846 3332 2926; baseline -0.006 -16"><span class='ocrx_word' id='word_1_335' title='bbox 1730 2907 1741 2926; x_wconf 81' lang='grc'><em>,</em></span> <span class='ocrx_word' id='word_1_336' title='bbox 1851 2854 1903 2909; x_wconf 89' lang='grc'><strong>8.</strong></span> <span class='ocrx_word' id='word_1_337' title='bbox 1934 2852 2120 2924; x_wconf 75' lang='lat' dir='ltr'><strong>Neque</strong></span> <span class='ocrx_word' id='word_1_338' title='bbox 2169 2852 2313 2924; x_wconf 91' lang='lat' dir='ltr'><strong>quod</strong></span> <span class='ocrx_word' id='word_1_339' title='bbox 2364 2867 2486 2908; x_wconf 86' lang='lat' dir='ltr'><strong>cum</strong></span> <span class='ocrx_word' id='word_1_340' title='bbox 2537 2851 2658 2904; x_wconf 85' lang='lat' dir='ltr'><strong>aliis</strong></span> <span class='ocrx_word' id='word_1_341' title='bbox 2703 2848 3015 2904; x_wconf 84' lang='lat' dir='ltr'><strong>hominibus</strong></span> <span class='ocrx_word' id='word_1_342' title='bbox 3059 2846 3332 2911; x_wconf 77' lang='lat' dir='ltr'><strong>iudicandi</strong></span> 
     </span>
    </p>
   </div>
   <div class='ocr_carea' id='block_1_50' title="bbox 95 2937 1697 3001">
    <p class='ocr_par' dir='ltr' id='par_1_50' title="bbox 95 2937 312 2992">
     <span class='ocr_line' id='line_1_51' title="bbox 95 2937 312 2992; baseline -0.009 0"><span class='ocrx_word' id='word_1_343' title='bbox 95 2937 312 2992; x_wconf 81' lang='grc' dir='ltr'>νεσθαι.</span> 
     </span>
    </p>
   </div>
   <div class='ocr_carea' id='block_1_51' title="bbox 322 2937 1924 3001">
    <p class='ocr_par' dir='ltr' id='par_1_51' title="bbox 1700 2937 1924 3001">
     <span class='ocr_line' id='line_1_52' title="bbox 1700 2937 1924 3001; baseline -0.018 0"><span class='ocrx_word' id='word_1_344' title='bbox 1700 2937 1742 2963; x_wconf 68' lang='grc' dir='ltr'><em>ν</em></span> <span class='ocrx_word' id='word_1_345' title='bbox 1780 2954 1924 3001; x_wconf 90' lang='lat' dir='ltr'><strong>sunt.</strong></span> 
     </span>
    </p>
   </div>
   <div class='ocr_carea' id='block_1_52' title="bbox 173 3025 1775 3111">
    <p class='ocr_par' dir='ltr' id='par_1_52' title="bbox 173 3028 1735 3111">
     <span class='ocr_line' id='line_1_53' title="bbox 173 3028 1735 3111; baseline 0.009 -27"><span class='ocrx_word' id='word_1_346' title='bbox 173 3029 228 3084; x_wconf 88' lang='lat'><strong>9.</strong></span> <span class='ocrx_word' id='word_1_347' title='bbox 256 3030 354 3084; x_wconf 79' lang='grc' dir='ltr'><strong>Διά</strong></span> <span class='ocrx_word' id='word_1_348' title='bbox 383 3028 538 3084; x_wconf 84' lang='grc' dir='ltr'>τοῦτο</span> <span class='ocrx_word' id='word_1_349' title='bbox 560 3031 619 3084; x_wconf 81' lang='grc' dir='ltr'><strong>οὐ</strong></span> <span class='ocrx_word' id='word_1_350' title='bbox 655 3034 1101 3107; x_wconf 79' lang='grc' dir='ltr'>μετεμελήθησαν</span> <span class='ocrx_word' id='word_1_351' title='bbox 1126 3036 1218 3092; x_wconf 73' lang='grc' dir='ltr'><strong>ἐπὶ</strong></span> <span class='ocrx_word' id='word_1_352' title='bbox 1247 3039 1313 3110; x_wconf 78' lang='grc' dir='ltr'>τῇ</span> <span class='ocrx_word' id='word_1_353' title='bbox 1341 3038 1570 3111; x_wconf 83' lang='grc' dir='ltr'>σπάρσει</span> <span class='ocrx_word' id='word_1_354' title='bbox 1594 3037 1670 3110; x_wconf 83' lang='grc'><strong>(2)</strong></span> <span class='ocrx_word' id='word_1_355' title='bbox 1729 3092 1735 3098; x_wconf 92' lang='grc'><strong>.</strong></span> 
     </span>
    </p>
   </div>
   <div class='ocr_carea' id='block_1_53' title="bbox 1733 3025 3335 3111">
    <p class='ocr_par' dir='ltr' id='par_1_53' title="bbox 1733 3025 3335 3103">
     <span class='ocr_line' id='line_1_54' title="bbox 1733 3025 3335 3103; baseline -0.005 -15"><span class='ocrx_word' id='word_1_356' title='bbox 1733 3093 1735 3097; x_wconf 47' lang='grc'>,</span> <span class='ocrx_word' id='word_1_357' title='bbox 1850 3036 1903 3088; x_wconf 82' lang='grc'><strong>9.</strong></span> <span class='ocrx_word' id='word_1_358' title='bbox 1937 3031 2226 3103; x_wconf 83' lang='lat' dir='ltr'><strong>Propterea</strong></span> <span class='ocrx_word' id='word_1_359' title='bbox 2255 3046 2350 3085; x_wconf 86' lang='lat' dir='ltr'><strong>eos</strong></span> <span class='ocrx_word' id='word_1_360' title='bbox 2372 3044 2480 3083; x_wconf 91' lang='lat' dir='ltr'><strong>non</strong></span> <span class='ocrx_word' id='word_1_361' title='bbox 2515 3025 2767 3099; x_wconf 72' lang='lat' dir='ltr'><strong>pmnituit</strong></span> <span class='ocrx_word' id='word_1_362' title='bbox 2800 3034 3020 3098; x_wconf 86' lang='lat' dir='ltr'><strong>propter</strong></span> <span class='ocrx_word' id='word_1_363' title='bbox 3046 3025 3335 3081; x_wconf 87' lang='lat' dir='ltr'><strong>elationem</strong></span> 
     </span>
    </p>
   </div>
   <div class='ocr_carea' id='block_1_54' title="bbox 94 3120 1696 3194">
    <p class='ocr_par' dir='ltr' id='par_1_54' title="bbox 94 3120 674 3194">
     <span class='ocr_line' id='line_1_55' title="bbox 94 3120 674 3194; baseline -0.002 -18"><span class='ocrx_word' id='word_1_364' title='bbox 94 3121 206 3194; x_wconf 74' lang='grc' dir='ltr'>τῆς</span> <span class='ocrx_word' id='word_1_365' title='bbox 229 3120 453 3192; x_wconf 80' lang='grc' dir='ltr'>καρδίας</span> <span class='ocrx_word' id='word_1_366' title='bbox 474 3120 674 3176; x_wconf 83' lang='grc' dir='ltr'>αὐτῶν.</span> 
     </span>
    </p>
   </div>
   <div class='ocr_carea' id='block_1_55' title="bbox 597 3120 2199 3194">
    <p class='ocr_par' dir='ltr' id='par_1_55' title="bbox 597 3120 2199 3181">
     <span class='ocr_line' id='line_1_56' title="bbox 597 3120 2199 3181; baseline 0.003 -7"><span class='ocrx_word' id='word_1_367' title='bbox 597 3120 674 3176; x_wconf 78' lang='grc' dir='ltr'><strong>ὒν.</strong></span> <span class='ocrx_word' id='word_1_368' title='bbox 1779 3126 1960 3181; x_wconf 83' lang='lat' dir='ltr'><strong>cordis</strong></span> <span class='ocrx_word' id='word_1_369' title='bbox 1989 3139 2199 3180; x_wconf 91' lang='lat' dir='ltr'><strong>eorum.</strong></span> 
     </span>
    </p>
   </div>
   <div class='ocr_carea' id='block_1_56' title="bbox 176 3208 1778 3286">
    <p class='ocr_par' dir='ltr' id='par_1_56' title="bbox 176 3209 1670 3284">
     <span class='ocr_line' id='line_1_57' title="bbox 176 3209 1670 3284; baseline 0.001 -18"><span class='ocrx_word' id='word_1_370' title='bbox 176 3212 267 3268; x_wconf 85' lang='grc'><strong>19.</strong></span> <span class='ocrx_word' id='word_1_371' title='bbox 305 3211 434 3276; x_wconf 82' lang='grc' dir='ltr'><strong>Ταῖς</strong></span> <span class='ocrx_word' id='word_1_372' title='bbox 467 3209 678 3266; x_wconf 81' lang='grc' dir='ltr'>ἑαυτῶν</span> <span class='ocrx_word' id='word_1_373' title='bbox 704 3211 1000 3284; x_wconf 80' lang='grc' dir='ltr'>ἁμαρτίαις</span> <span class='ocrx_word' id='word_1_374' title='bbox 1031 3212 1125 3267; x_wconf 72' lang='grc' dir='ltr'>καὶ</span> <span class='ocrx_word' id='word_1_375' title='bbox 1152 3213 1384 3278; x_wconf 86' lang='grc' dir='ltr'>ἀδικίαις</span> <span class='ocrx_word' id='word_1_376' title='bbox 1416 3215 1670 3284; x_wconf 79' lang='grc' dir='ltr'>σφίγγον-</span> 
     </span>
    </p>
   </div>
   <div class='ocr_carea' id='block_1_57' title="bbox 1731 3208 3333 3286">
    <p class='ocr_par' dir='ltr' id='par_1_57' title="bbox 1849 3208 3333 3286">
     <span class='ocr_line' id='line_1_58' title="bbox 1849 3208 3333 3286; baseline -0.006 -14"><span class='ocrx_word' id='word_1_377' title='bbox 1849 3218 1936 3272; x_wconf 84' lang='grc'><strong>10.</strong></span> <span class='ocrx_word' id='word_1_378' title='bbox 1967 3215 2426 3286; x_wconf 78' lang='lat' dir='ltr'><strong>Constringuntur</strong></span> <span class='ocrx_word' id='word_1_379' title='bbox 2453 3210 2712 3283; x_wconf 81' lang='lat' dir='ltr'><strong>peccatis,</strong></span> <span class='ocrx_word' id='word_1_380' title='bbox 2730 3219 2783 3266; x_wconf 91' lang='lat' dir='ltr'><strong>et</strong></span> <span class='ocrx_word' id='word_1_381' title='bbox 2800 3210 3175 3281; x_wconf 83' lang='lat' dir='ltr'><strong>iniquitatibus</strong></span> <span class='ocrx_word' id='word_1_382' title='bbox 3199 3208 3333 3265; x_wconf 82' lang='lat' dir='ltr'><strong>suis.</strong></span> 
     </span>
    </p>
   </div>
   <div class='ocr_carea' id='block_1_58' title="bbox 93 3325 216 3362">
    <p class='ocr_par' dir='ltr' id='par_1_58' title="bbox 93 3325 216 3362">
     <span class='ocr_line' id='line_1_59' title="bbox 93 3325 216 3362; baseline 0 0"><span class='ocrx_word' id='word_1_383' title='bbox 93 3325 216 3362; x_wconf 78' lang='grc' dir='ltr'>ται.</span> 
     </span>
    </p>
   </div>
   <div class='ocr_carea' id='block_1_59' title="bbox 179 3389 1781 3475">
    <p class='ocr_par' dir='ltr' id='par_1_59' title="bbox 179 3400 1673 3475">
     <span class='ocr_line' id='line_1_60' title="bbox 179 3400 1673 3475; baseline -0.001 -20"><span class='ocrx_word' id='word_1_384' title='bbox 179 3401 268 3456; x_wconf 90' lang='grc'><strong>11.</strong></span> <span class='ocrx_word' id='word_1_385' title='bbox 295 3403 385 3455; x_wconf 82' lang='grc' dir='ltr'><strong>Ἔν</strong></span> <span class='ocrx_word' id='word_1_386' title='bbox 416 3406 482 3474; x_wconf 80' lang='grc' dir='ltr'>τῇ</span> <span class='ocrx_word' id='word_1_387' title='bbox 505 3404 691 3474; x_wconf 75' lang='grc' dir='ltr'>ἡμέρᾳ</span> <span class='ocrx_word' id='word_1_388' title='bbox 725 3404 822 3472; x_wconf 82' lang='grc' dir='ltr'>τῆς</span> <span class='ocrx_word' id='word_1_389' title='bbox 863 3404 1094 3475; x_wconf 86' lang='grc' dir='ltr'>κρίσεως</span> <span class='ocrx_word' id='word_1_390' title='bbox 1128 3400 1321 3473; x_wconf 75' lang='grc' dir='ltr'>ισχυρὰ</span> <span class='ocrx_word' id='word_1_391' title='bbox 1355 3402 1388 3472; x_wconf 78' lang='grc' dir='ltr'><strong>ἡ</strong></span> <span class='ocrx_word' id='word_1_392' title='bbox 1432 3401 1673 3473; x_wconf 77' lang='grc' dir='ltr'>ἁμαρτία</span> 
     </span>
    </p>
   </div>
   <div class='ocr_carea' id='block_1_60' title="bbox 1735 3389 3337 3475">
    <p class='ocr_par' dir='ltr' id='par_1_60' title="bbox 1854 3389 3337 3467">
     <span class='ocr_line' id='line_1_61' title="bbox 1854 3389 3337 3467; baseline -0.005 -11"><span class='ocrx_word' id='word_1_393' title='bbox 1854 3402 1938 3456; x_wconf 87' lang='grc'><strong>11.</strong></span> <span class='ocrx_word' id='word_1_394' title='bbox 1976 3399 2033 3454; x_wconf 89' lang='lat' dir='ltr'><strong>ln</strong></span> <span class='ocrx_word' id='word_1_395' title='bbox 2066 3398 2153 3453; x_wconf 88' lang='lat' dir='ltr'><strong>die</strong></span> <span class='ocrx_word' id='word_1_396' title='bbox 2178 3393 2369 3467; x_wconf 75' lang='lat' dir='ltr'><strong>iudicii</strong></span> <span class='ocrx_word' id='word_1_397' title='bbox 2401 3407 2562 3463; x_wconf 79' lang='lat' dir='ltr'><strong>grave</strong></span> <span class='ocrx_word' id='word_1_398' title='bbox 2592 3389 2906 3448; x_wconf 85' lang='lat' dir='ltr'><strong>ostendetur</strong></span> <span class='ocrx_word' id='word_1_399' title='bbox 2931 3405 3120 3447; x_wconf 87' lang='lat' dir='ltr'><strong>eorum</strong></span> <span class='ocrx_word' id='word_1_400' title='bbox 3151 3407 3337 3463; x_wconf 81' lang='lat' dir='ltr'><strong>pecca-</strong></span> 
     </span>
    </p>
   </div>
   <div class='ocr_carea' id='block_1_61' title="bbox 96 3493 1912 3565">
    <p class='ocr_par' dir='ltr' id='par_1_61' title="bbox 96 3493 1912 3565">
     <span class='ocr_line' id='line_1_62' title="bbox 96 3493 1912 3565; baseline -0.001 -17"><span class='ocrx_word' id='word_1_401' title='bbox 96 3493 289 3548; x_wconf 76' lang='grc' dir='ltr'>αὐτῶν</span> <span class='ocrx_word' id='word_1_402' title='bbox 315 3494 600 3564; x_wconf 80' lang='grc' dir='ltr'>ἀναδειχθῇ</span> <span class='ocrx_word' id='word_1_403' title='bbox 631 3495 732 3565; x_wconf 84' lang='grc'><strong>(5).</strong></span> <span class='ocrx_word' id='word_1_404' title='bbox 1777 3502 1912 3548; x_wconf 89' lang='lat' dir='ltr'><strong>tum.</strong></span> 
     </span>
    </p>
   </div>
   <div class='ocr_carea' id='block_1_62' title="bbox 182 3581 1784 3659">
    <p class='ocr_par' dir='ltr' id='par_1_62' title="bbox 182 3585 782 3659">
     <span class='ocr_line' id='line_1_63' title="bbox 182 3585 782 3659; baseline 0.002 -20"><span class='ocrx_word' id='word_1_405' title='bbox 182 3585 272 3640; x_wconf 87' lang='grc'><strong>12.</strong></span> <span class='ocrx_word' id='word_1_406' title='bbox 300 3586 782 3659; x_wconf 77' lang='grc' dir='ltr'>Ἐξηκολούθησαν.</span> 
     </span>
    </p>
   </div>
   <div class='ocr_carea' id='block_1_63' title="bbox 728 3581 2330 3659">
    <p class='ocr_par' dir='ltr' id='par_1_63' title="bbox 728 3581 2330 3640">
     <span class='ocr_line' id='line_1_64' title="bbox 728 3581 2330 3640; baseline -0.003 0"><span class='ocrx_word' id='word_1_407' title='bbox 728 3604 782 3640; x_wconf 61' lang='grc' dir='ltr'>ιν.</span> <span class='ocrx_word' id='word_1_408' title='bbox 1849 3584 1936 3638; x_wconf 73' lang='grc'><strong>12.</strong></span> <span class='ocrx_word' id='word_1_409' title='bbox 1966 3581 2148 3637; x_wconf 90' lang='lat' dir='ltr'><strong>Secuti</strong></span> <span class='ocrx_word' id='word_1_410' title='bbox 2183 3591 2330 3638; x_wconf 88' lang='lat' dir='ltr'><strong>sunt.</strong></span> 
     </span>
    </p>
   </div>
   <div class='ocr_carea' id='block_1_64' title="bbox 182 3673 1784 3748">
    <p class='ocr_par' dir='ltr' id='par_1_64' title="bbox 182 3673 1673 3748">
     <span class='ocr_line' id='line_1_65' title="bbox 182 3673 1673 3748; baseline -0.002 -18"><span class='ocrx_word' id='word_1_411' title='bbox 182 3676 273 3733; x_wconf 81' lang='grc'><strong>15.</strong></span> <span class='ocrx_word' id='word_1_412' title='bbox 308 3676 662 3748; x_wconf 75' lang='grc' dir='ltr'>Ἐσκέψαντο,</span> <span class='ocrx_word' id='word_1_413' title='bbox 709 3677 802 3732; x_wconf 79' lang='grc' dir='ltr'>καὶ</span> <span class='ocrx_word' id='word_1_414' title='bbox 853 3675 1117 3747; x_wconf 74' lang='grc' dir='ltr'>ἐλάλησαν</span> <span class='ocrx_word' id='word_1_415' title='bbox 1158 3673 1370 3747; x_wconf 81' lang='grc' dir='ltr'>πονηρὰ</span> <span class='ocrx_word' id='word_1_416' title='bbox 1402 3675 1542 3729; x_wconf 83' lang='grc' dir='ltr'>κατὰ</span> <span class='ocrx_word' id='word_1_417' title='bbox 1579 3673 1673 3727; x_wconf 84' lang='grc' dir='ltr'><strong>τοῦ</strong></span> 
     </span>
    </p>
   </div>
   <div class='ocr_carea' id='block_1_65' title="bbox 1737 3673 3339 3748">
    <p class='ocr_par' dir='ltr' id='par_1_65' title="bbox 1853 3676 3339 3748">
     <span class='ocr_line' id='line_1_66' title="bbox 1853 3676 3339 3748; baseline -0.001 -16"><span class='ocrx_word' id='word_1_418' title='bbox 1853 3679 1939 3732; x_wconf 75' lang='grc'><strong>15.</strong></span> <span class='ocrx_word' id='word_1_419' title='bbox 1965 3676 2484 3746; x_wconf 81' lang='lat' dir='ltr'><strong>Consideraverunt,</strong></span> <span class='ocrx_word' id='word_1_420' title='bbox 2511 3687 2565 3734; x_wconf 90' lang='lat' dir='ltr'><strong>et</strong></span> <span class='ocrx_word' id='word_1_421' title='bbox 2594 3678 2760 3734; x_wconf 87' lang='lat' dir='ltr'><strong>locuti</strong></span> <span class='ocrx_word' id='word_1_422' title='bbox 2787 3687 2916 3734; x_wconf 85' lang='lat' dir='ltr'><strong>sunt</strong></span> <span class='ocrx_word' id='word_1_423' title='bbox 2935 3676 3182 3748; x_wconf 77' lang='lat' dir='ltr'><strong>improba</strong></span> <span class='ocrx_word' id='word_1_424' title='bbox 3210 3689 3339 3732; x_wconf 89' lang='lat' dir='ltr'><strong>con-</strong></span> 
     </span>
    </p>
   </div>
   <div class='ocr_carea' id='block_1_66' title="bbox 99 3768 1701 3825">
    <p class='ocr_par' dir='ltr' id='par_1_66' title="bbox 99 3770 266 3825">
     <span class='ocr_line' id='line_1_67' title="bbox 99 3770 266 3825; baseline 0 0"><span class='ocrx_word' id='word_1_425' title='bbox 99 3770 266 3825; x_wconf 83' lang='grc' dir='ltr'>Θεοῦ.</span> 
     </span>
    </p>
   </div>
   <div class='ocr_carea' id='block_1_67' title="bbox 471 3768 2073 3825">
    <p class='ocr_par' dir='ltr' id='par_1_67' title="bbox 1777 3768 2073 3824">
     <span class='ocr_line' id='line_1_68' title="bbox 1777 3768 2073 3824; baseline -0.003 -2"><span class='ocrx_word' id='word_1_426' title='bbox 1777 3779 1858 3824; x_wconf 86' lang='lat' dir='ltr'><strong>tra</strong></span> <span class='ocrx_word' id='word_1_427' title='bbox 1889 3768 2073 3824; x_wconf 87' lang='lat' dir='ltr'><strong>Deum.</strong></span> 
     </span>
    </p>
   </div>
   <div class='ocr_carea' id='block_1_68' title="bbox 181 3854 1783 3933">
    <p class='ocr_par' dir='ltr' id='par_1_68' title="bbox 181 3854 1677 3933">
     <span class='ocr_line' id='line_1_69' title="bbox 181 3854 1677 3933; baseline -0.005 -16"><span class='ocrx_word' id='word_1_428' title='bbox 181 3861 276 3917; x_wconf 66' lang='grc'><strong>11.</strong></span> <span class='ocrx_word' id='word_1_429' title='bbox 302 3861 560 3933; x_wconf 68' lang='grc' dir='ltr'>Ῥήματα</span> <span class='ocrx_word' id='word_1_430' title='bbox 591 3860 883 3932; x_wconf 78' lang='grc' dir='ltr'><strong>βλάσφημα</strong></span> <span class='ocrx_word' id='word_1_431' title='bbox 911 3858 1052 3913; x_wconf 79' lang='grc' dir='ltr'>κατὰ</span> <span class='ocrx_word' id='word_1_432' title='bbox 1102 3855 1196 3912; x_wconf 81' lang='grc' dir='ltr'><strong>τοῦ</strong></span> <span class='ocrx_word' id='word_1_433' title='bbox 1225 3854 1421 3928; x_wconf 83' lang='grc' dir='ltr'>Κυρίου</span> <span class='ocrx_word' id='word_1_434' title='bbox 1450 3856 1524 3925; x_wconf 71' lang='grc'><strong>(1)</strong></span> <span class='ocrx_word' id='word_1_435' title='bbox 1555 3855 1677 3909; x_wconf 75' lang='grc' dir='ltr'><strong>ἐλά-</strong></span> 
     </span>
    </p>
   </div>
   <div class='ocr_carea' id='block_1_69' title="bbox 1735 3854 3337 3933">
    <p class='ocr_par' dir='ltr' id='par_1_69' title="bbox 1856 3854 3337 3929">
     <span class='ocr_line' id='line_1_70' title="bbox 1856 3854 3337 3929; baseline -0.002 -16"><span class='ocrx_word' id='word_1_436' title='bbox 1856 3859 1943 3914; x_wconf 71' lang='grc'><strong>14.</strong></span> <span class='ocrx_word' id='word_1_437' title='bbox 1979 3857 2152 3914; x_wconf 81' lang='lat' dir='ltr'><strong>Verba</strong></span> <span class='ocrx_word' id='word_1_438' title='bbox 2191 3857 2508 3929; x_wconf 82' lang='lat' dir='ltr'><strong>blasphema</strong></span> <span class='ocrx_word' id='word_1_439' title='bbox 2550 3856 2718 3912; x_wconf 83' lang='lat' dir='ltr'><strong>locuti</strong></span> <span class='ocrx_word' id='word_1_440' title='bbox 2762 3866 2888 3912; x_wconf 84' lang='lat' dir='ltr'><strong>sunt</strong></span> <span class='ocrx_word' id='word_1_441' title='bbox 2912 3866 3105 3913; x_wconf 79' lang='lat' dir='ltr'><strong>contra</strong></span> <span class='ocrx_word' id='word_1_442' title='bbox 3155 3854 3337 3913; x_wconf 81' lang='lat' dir='ltr'><strong>Domi-</strong></span> 
     </span>
    </p>
   </div>
   <div class='ocr_carea' id='block_1_70' title="bbox 98 3955 1700 4028">
    <p class='ocr_par' dir='ltr' id='par_1_70' title="bbox 98 3955 300 4028">
     <span class='ocr_line' id='line_1_71' title="bbox 98 3955 300 4028; baseline -0.025 -16"><span class='ocrx_word' id='word_1_443' title='bbox 98 3955 172 4028; x_wconf 85' lang='grc' dir='ltr'><strong>λη</strong></span> <span class='ocrx_word' id='word_1_444' title='bbox 179 3972 300 4010; x_wconf 88' lang='grc' dir='ltr'>σαν.</span> 
     </span>
    </p>
   </div>
   <div class='ocr_carea' id='block_1_71' title="bbox 327 3955 1929 4028">
    <p class='ocr_par' dir='ltr' id='par_1_71' title="bbox 1779 3965 1929 4006">
     <span class='ocr_line' id='line_1_72' title="bbox 1779 3965 1929 4006; baseline -0.02 0"><span class='ocrx_word' id='word_1_445' title='bbox 1779 3965 1929 4006; x_wconf 91' lang='lat' dir='ltr'><strong>num.</strong></span> 
     </span>
    </p>
   </div>
   <div class='ocr_carea' id='block_1_72' title="bbox 180 4033 1782 4120">
    <p class='ocr_par' dir='ltr' id='par_1_72' title="bbox 180 4042 1198 4120">
     <span class='ocr_line' id='line_1_73' title="bbox 180 4042 1198 4120; baseline -0.007 -17"><span class='ocrx_word' id='word_1_446' title='bbox 180 4047 272 4103; x_wconf 89' lang='grc'><strong>15.</strong></span> <span class='ocrx_word' id='word_1_447' title='bbox 302 4047 724 4120; x_wconf 79' lang='grc' dir='ltr'>Δυσφημοῦντες</span> <span class='ocrx_word' id='word_1_448' title='bbox 751 4043 892 4099; x_wconf 76' lang='grc' dir='ltr'>κατὰ</span> <span class='ocrx_word' id='word_1_449' title='bbox 919 4060 1013 4097; x_wconf 85' lang='grc' dir='ltr'><strong>του</strong></span> <span class='ocrx_word' id='word_1_450' title='bbox 1043 4042 1198 4097; x_wconf 86' lang='grc' dir='ltr'>Θεοῦ.</span> 
     </span>
    </p>
   </div>
   <div class='ocr_carea' id='block_1_73' title="bbox 1202 4033 2804 4120">
    <p class='ocr_par' dir='ltr' id='par_1_73' title="bbox 1861 4033 2804 4097">
     <span class='ocr_line' id='line_1_74' title="bbox 1861 4033 2804 4097; baseline -0.006 -2"><span class='ocrx_word' id='word_1_451' title='bbox 1861 4041 1947 4097; x_wconf 79' lang='grc'><strong>15.</strong></span> <span class='ocrx_word' id='word_1_452' title='bbox 1980 4038 2384 4094; x_wconf 79' lang='lat' dir='ltr'><strong>Murmurantes</strong></span> <span class='ocrx_word' id='word_1_453' title='bbox 2404 4044 2594 4092; x_wconf 88' lang='lat' dir='ltr'><strong>contra</strong></span> <span class='ocrx_word' id='word_1_454' title='bbox 2617 4033 2804 4090; x_wconf 87' lang='lat' dir='ltr'><strong>Deum.</strong></span> 
     </span>
    </p>
   </div>
   <div class='ocr_carea' id='block_1_74' title="bbox 182 4127 1784 4215">
    <p class='ocr_par' dir='ltr' id='par_1_74' title="bbox 182 4136 1590 4215">
     <span class='ocr_line' id='line_1_75' title="bbox 182 4136 1590 4215; baseline -0.008 -18"><span class='ocrx_word' id='word_1_455' title='bbox 182 4141 275 4198; x_wconf 85' lang='grc'><strong>16.</strong></span> <span class='ocrx_word' id='word_1_456' title='bbox 308 4142 415 4197; x_wconf 81' lang='lat' dir='ltr'><strong>Kal</strong></span> <span class='ocrx_word' id='word_1_457' title='bbox 447 4141 687 4215; x_wconf 78' lang='grc' dir='ltr'>ήδιδαχὴ</span> <span class='ocrx_word' id='word_1_458' title='bbox 722 4139 900 4196; x_wconf 79' lang='grc' dir='ltr'>αὐτῶν</span> <span class='ocrx_word' id='word_1_459' title='bbox 933 4137 1194 4208; x_wconf 79' lang='grc' dir='ltr'>κατέσχεν</span> <span class='ocrx_word' id='word_1_460' title='bbox 1229 4136 1320 4189; x_wconf 75' lang='grc' dir='ltr'><strong>ἐπὶ</strong></span> <span class='ocrx_word' id='word_1_461' title='bbox 1344 4136 1442 4207; x_wconf 76' lang='grc' dir='ltr'>τῆς</span> <span class='ocrx_word' id='word_1_462' title='bbox 1469 4137 1590 4206; x_wconf 78' lang='grc' dir='ltr'>γῆς.</span> 
     </span>
    </p>
   </div>
   <div class='ocr_carea' id='block_1_75' title="bbox 1611 4127 3213 4215">
    <p class='ocr_par' dir='ltr' id='par_1_75' title="bbox 1849 4127 3213 4200">
     <span class='ocr_line' id='line_1_76' title="bbox 1849 4127 3213 4200; baseline -0.001 -14"><span class='ocrx_word' id='word_1_463' title='bbox 1849 4133 1935 4187; x_wconf 84' lang='grc'><strong>16.</strong></span> <span class='ocrx_word' id='word_1_464' title='bbox 1974 4130 2040 4186; x_wconf 91' lang='lat' dir='ltr'><strong>Et</strong></span> <span class='ocrx_word' id='word_1_465' title='bbox 2064 4129 2310 4185; x_wconf 85' lang='lat' dir='ltr'><strong>doctrina</strong></span> <span class='ocrx_word' id='word_1_466' title='bbox 2334 4142 2522 4184; x_wconf 85' lang='lat' dir='ltr'><strong>eorum</strong></span> <span class='ocrx_word' id='word_1_467' title='bbox 2553 4127 2786 4182; x_wconf 85' lang='lat' dir='ltr'><strong>obtinuit</strong></span> <span class='ocrx_word' id='word_1_468' title='bbox 2807 4142 2971 4200; x_wconf 84' lang='lat' dir='ltr'><strong>super</strong></span> <span class='ocrx_word' id='word_1_469' title='bbox 2993 4136 3213 4186; x_wconf 79' lang='lat' dir='ltr'><strong>terram.</strong></span> 
     </span>
    </p>
   </div>
   <div class='ocr_carea' id='block_1_76' title="bbox 186 4222 1788 4322">
    <p class='ocr_par' dir='ltr' id='par_1_76' title="bbox 186 4224 1749 4322">
     <span class='ocr_line' id='line_1_77' title="bbox 186 4224 1749 4322; baseline -0.008 -32"><span class='ocrx_word' id='word_1_470' title='bbox 186 4236 278 4292; x_wconf 85' lang='grc'><strong>17.</strong></span> <span class='ocrx_word' id='word_1_471' title='bbox 307 4234 403 4288; x_wconf 73' lang='grc' dir='ltr'><strong>Διὰ</strong></span> <span class='ocrx_word' id='word_1_472' title='bbox 434 4234 594 4288; x_wconf 82' lang='grc' dir='ltr'>τοῦτο</span> <span class='ocrx_word' id='word_1_473' title='bbox 634 4233 724 4287; x_wconf 75' lang='grc' dir='ltr'>τὸν</span> <span class='ocrx_word' id='word_1_474' title='bbox 761 4233 888 4286; x_wconf 85' lang='grc' dir='ltr'>λαόν</span> <span class='ocrx_word' id='word_1_475' title='bbox 922 4247 1022 4300; x_wconf 87' lang='grc' dir='ltr'><strong>μου</strong></span> <span class='ocrx_word' id='word_1_476' title='bbox 1055 4227 1433 4301; x_wconf 72' lang='grc' dir='ltr'>ὲπισυναγὰγῃ</span> <span class='ocrx_word' id='word_1_477' title='bbox 1459 4224 1523 4298; x_wconf 73' lang='grc' dir='ltr'><strong>[ὁ</strong></span> <span class='ocrx_word' id='word_1_478' title='bbox 1548 4224 1675 4289; x_wconf 89' lang='grc' dir='ltr'>λαός</span> <span class='ocrx_word' id='word_1_479' title='bbox 1706 4267 1749 4322; x_wconf 78' lang='lat' dir='ltr'><strong>D</strong></span> 
     </span>
    </p>
   </div>
   <div class='ocr_carea' id='block_1_77' title="bbox 1736 4222 3338 4322">
    <p class='ocr_par' dir='ltr' id='par_1_77' title="bbox 1736 4222 3338 4319">
     <span class='ocr_line' id='line_1_78' title="bbox 1736 4222 3338 4319; baseline 0.001 -40"><span class='ocrx_word' id='word_1_480' title='bbox 1736 4272 1749 4319; x_wconf 55' lang='grc'><em>,</em></span> <span class='ocrx_word' id='word_1_481' title='bbox 1855 4225 1945 4279; x_wconf 89' lang='grc'><strong>17.</strong></span> <span class='ocrx_word' id='word_1_482' title='bbox 1989 4223 2280 4294; x_wconf 80' lang='lat' dir='ltr'><strong>Propterea</strong></span> <span class='ocrx_word' id='word_1_483' title='bbox 2331 4222 2564 4294; x_wconf 85' lang='lat' dir='ltr'><strong>populus</strong></span> <span class='ocrx_word' id='word_1_484' title='bbox 2611 4235 2766 4278; x_wconf 87' lang='lat' dir='ltr'><strong>meus</strong></span> <span class='ocrx_word' id='word_1_485' title='bbox 2813 4223 3234 4296; x_wconf 72' lang='lat' dir='ltr'><strong>congregabitur</strong></span> <span class='ocrx_word' id='word_1_486' title='bbox 3283 4225 3338 4281; x_wconf 87' lang='lat' dir='ltr'><strong>in</strong></span> 
     </span>
    </p>
   </div>
   <div class='ocr_carea' id='block_1_78' title="bbox 107 4320 1709 4402">
    <p class='ocr_par' dir='ltr' id='par_1_78' title="bbox 107 4320 1709 4402">
     <span class='ocr_line' id='line_1_79' title="bbox 107 4320 1709 4402; baseline -0.006 -20"><span class='ocrx_word' id='word_1_487' title='bbox 107 4346 218 4402; x_wconf 82' lang='grc' dir='ltr'><strong>μου</strong></span> <span class='ocrx_word' id='word_1_488' title='bbox 250 4325 751 4397; x_wconf 82' lang='grc' dir='ltr'>ὲπισυναγάγηται]</span> <span class='ocrx_word' id='word_1_489' title='bbox 788 4328 845 4378; x_wconf 78' lang='grc' dir='ltr'><strong>ἐν</strong></span> <span class='ocrx_word' id='word_1_490' title='bbox 880 4324 955 4395; x_wconf 78' lang='grc'><strong>(5)</strong></span> <span class='ocrx_word' id='word_1_491' title='bbox 999 4320 1243 4392; x_wconf 66' lang='grc' dir='ltr'>βασιλείᾳ</span> <span class='ocrx_word' id='word_1_492' title='bbox 1279 4337 1397 4390; x_wconf 87' lang='grc' dir='ltr'>μου.</span> <span class='ocrx_word' id='word_1_493' title='bbox 1707 4320 1709 4322; x_wconf 72' lang='grc'><em>’</em></span> 
     </span>
    </p>
   </div>
   <div class='ocr_carea' id='block_1_79' title="bbox 511 4320 2113 4402">
    <p class='ocr_par' dir='ltr' id='par_1_79' title="bbox 511 4320 2113 4397">
     <span class='ocr_line' id='line_1_80' title="bbox 511 4320 2113 4397; baseline -0.006 -19"><span class='ocrx_word' id='word_1_494' title='bbox 511 4325 751 4397; x_wconf 82' lang='grc' dir='ltr'>’ἀγηται]</span> <span class='ocrx_word' id='word_1_495' title='bbox 788 4328 845 4378; x_wconf 78' lang='grc' dir='ltr'><strong>ἐν</strong></span> <span class='ocrx_word' id='word_1_496' title='bbox 880 4324 955 4395; x_wconf 77' lang='grc'><strong>(5)</strong></span> <span class='ocrx_word' id='word_1_497' title='bbox 999 4320 1243 4392; x_wconf 68' lang='grc' dir='ltr'>βασιλείᾳ</span> <span class='ocrx_word' id='word_1_498' title='bbox 1279 4337 1397 4390; x_wconf 87' lang='grc' dir='ltr'>μου.</span> <span class='ocrx_word' id='word_1_499' title='bbox 1707 4320 1734 4322; x_wconf 61' lang='grc'>⁷</span> <span class='ocrx_word' id='word_1_500' title='bbox 1779 4332 1940 4389; x_wconf 82' lang='lat' dir='ltr'><strong>regno</strong></span> <span class='ocrx_word' id='word_1_501' title='bbox 1973 4331 2113 4371; x_wconf 87' lang='lat' dir='ltr'><strong>meo.</strong></span> 
     </span>
    </p>
   </div>
   <div class='ocr_carea' id='block_1_80' title="bbox 184 4407 1786 4486">
    <p class='ocr_par' dir='ltr' id='par_1_80' title="bbox 184 4410 1678 4486">
     <span class='ocr_line' id='line_1_81' title="bbox 184 4410 1678 4486; baseline -0.007 -11"><span class='ocrx_word' id='word_1_502' title='bbox 184 4419 275 4474; x_wconf 90' lang='grc'><strong>18.</strong></span> <span class='ocrx_word' id='word_1_503' title='bbox 323 4418 426 4474; x_wconf 80' lang='lat' dir='ltr'><strong>Kal</strong></span> <span class='ocrx_word' id='word_1_504' title='bbox 481 4419 630 4473; x_wconf 72' lang='grc' dir='ltr'>οὐδὲν</span> <span class='ocrx_word' id='word_1_505' title='bbox 689 4417 960 4471; x_wconf 80' lang='grc' dir='ltr'>σκοτεινὸν</span> <span class='ocrx_word' id='word_1_506' title='bbox 1005 4415 1164 4486; x_wconf 82' lang='grc' dir='ltr'>ἔργον</span> <span class='ocrx_word' id='word_1_507' title='bbox 1200 4413 1256 4466; x_wconf 78' lang='grc' dir='ltr'><strong>ἐν</strong></span> <span class='ocrx_word' id='word_1_508' title='bbox 1305 4411 1509 4476; x_wconf 74' lang='grc' dir='ltr'>αὐτοῖς,</span> <span class='ocrx_word' id='word_1_509' title='bbox 1545 4410 1678 4465; x_wconf 75' lang='grc' dir='ltr'>ἀλλὰ</span> 
     </span>
    </p>
   </div>
   <div class='ocr_carea' id='block_1_81' title="bbox 1738 4407 3340 4486">
    <p class='ocr_par' dir='ltr' id='par_1_81' title="bbox 1851 4407 3340 4481">
     <span class='ocr_line' id='line_1_82' title="bbox 1851 4407 3340 4481; baseline -0.001 -17"><span class='ocrx_word' id='word_1_510' title='bbox 1851 4409 1938 4464; x_wconf 87' lang='grc'><strong>18.</strong></span> <span class='ocrx_word' id='word_1_511' title='bbox 1969 4407 2036 4464; x_wconf 88' lang='grc' dir='ltr'>Ει</span> <span class='ocrx_word' id='word_1_512' title='bbox 2064 4408 2270 4465; x_wconf 87' lang='lat' dir='ltr'><strong>nullum</strong></span> <span class='ocrx_word' id='word_1_513' title='bbox 2297 4424 2436 4481; x_wconf 91' lang='lat' dir='ltr'><strong>opus</strong></span> <span class='ocrx_word' id='word_1_514' title='bbox 2458 4408 2803 4464; x_wconf 89' lang='lat' dir='ltr'><strong>tenebrosum</strong></span> <span class='ocrx_word' id='word_1_515' title='bbox 2832 4408 2887 4464; x_wconf 89' lang='lat' dir='ltr'><strong>in</strong></span> <span class='ocrx_word' id='word_1_516' title='bbox 2922 4409 3075 4481; x_wconf 84' lang='lat' dir='ltr'><strong>ipsis,</strong></span> <span class='ocrx_word' id='word_1_517' title='bbox 3106 4409 3198 4465; x_wconf 86' lang='lat' dir='ltr'><strong>sed</strong></span> <span class='ocrx_word' id='word_1_518' title='bbox 3224 4425 3340 4464; x_wconf 89' lang='lat' dir='ltr'><strong>om-</strong></span> 
     </span>
    </p>
   </div>
   <div class='ocr_carea' id='block_1_82' title="bbox 104 4504 1706 4584">
    <p class='ocr_par' dir='ltr' id='par_1_82' title="bbox 104 4507 1081 4584">
     <span class='ocr_line' id='line_1_83' title="bbox 104 4507 1081 4584; baseline -0.01 -14"><span class='ocrx_word' id='word_1_519' title='bbox 104 4513 207 4571; x_wconf 81' lang='grc' dir='ltr'><strong>τοῦ</strong></span> <span class='ocrx_word' id='word_1_520' title='bbox 233 4514 409 4583; x_wconf 79' lang='grc' dir='ltr'>φωτὸς</span> <span class='ocrx_word' id='word_1_521' title='bbox 432 4513 646 4567; x_wconf 81' lang='grc' dir='ltr'>πάντων</span> <span class='ocrx_word' id='word_1_522' title='bbox 680 4507 930 4584; x_wconf 84' lang='grc' dir='ltr'>[πάντα]</span> <span class='ocrx_word' id='word_1_523' title='bbox 984 4507 1081 4578; x_wconf 88' lang='lat'><strong>(6).</strong></span> 
     </span>
    </p>
   </div>
   <div class='ocr_carea' id='block_1_83' title="bbox 603 4504 2205 4584">
    <p class='ocr_par' dir='ltr' id='par_1_83' title="bbox 603 4504 2205 4584">
     <span class='ocr_line' id='line_1_84' title="bbox 603 4504 2205 4584; baseline -0.005 -19"><span class='ocrx_word' id='word_1_524' title='bbox 603 4530 646 4565; x_wconf 89' lang='grc' dir='ltr'><strong>›ν</strong></span> <span class='ocrx_word' id='word_1_525' title='bbox 680 4507 930 4584; x_wconf 83' lang='grc' dir='ltr'>[πάντα]</span> <span class='ocrx_word' id='word_1_526' title='bbox 984 4507 1081 4578; x_wconf 89' lang='grc'><strong>(6).</strong></span> <span class='ocrx_word' id='word_1_527' title='bbox 1779 4504 1870 4558; x_wconf 87' lang='lat' dir='ltr'><strong>nia</strong></span> <span class='ocrx_word' id='word_1_528' title='bbox 1901 4504 1992 4558; x_wconf 73' lang='lat' dir='ltr'><strong>lux</strong></span> <span class='ocrx_word' id='word_1_529' title='bbox 2025 4510 2205 4557; x_wconf 91' lang='lat' dir='ltr'><strong>erunt.</strong></span> 
     </span>
    </p>
   </div>
   <div class='ocr_carea' id='block_1_84' title="bbox 186 4589 1788 4665">
    <p class='ocr_par' dir='ltr' id='par_1_84' title="bbox 186 4589 1680 4661">
     <span class='ocr_line' id='line_1_85' title="bbox 186 4589 1680 4661; baseline -0.005 -5"><span class='ocrx_word' id='word_1_530' title='bbox 186 4602 273 4656; x_wconf 93' lang='grc'><strong>19.</strong></span> <span class='ocrx_word' id='word_1_531' title='bbox 311 4604 420 4656; x_wconf 87' lang='lat' dir='ltr'><strong>Kal</strong></span> <span class='ocrx_word' id='word_1_532' title='bbox 477 4598 637 4655; x_wconf 72' lang='grc' dir='ltr'>εἶπαν</span> <span class='ocrx_word' id='word_1_533' title='bbox 677 4603 728 4656; x_wconf 88' lang='grc' dir='ltr'>οἱ</span> <span class='ocrx_word' id='word_1_534' title='bbox 772 4598 1018 4661; x_wconf 77' lang='grc' dir='ltr'>ἁσεὸεῖς’</span> <span class='ocrx_word' id='word_1_535' title='bbox 1069 4595 1241 4650; x_wconf 81' lang='grc' dir='ltr'>Πόθεν</span> <span class='ocrx_word' id='word_1_536' title='bbox 1300 4589 1440 4648; x_wconf 81' lang='grc' dir='ltr'>οἶδεν</span> <span class='ocrx_word' id='word_1_537' title='bbox 1488 4597 1516 4648; x_wconf 86' lang='grc' dir='ltr'><strong>ὀ</strong></span> <span class='ocrx_word' id='word_1_538' title='bbox 1549 4593 1680 4657; x_wconf 78' lang='grc' dir='ltr'>Θεὸς</span> 
     </span>
    </p>
   </div>
   <div class='ocr_carea' id='block_1_85' title="bbox 1739 4589 3341 4665">
    <p class='ocr_par' dir='ltr' id='par_1_85' title="bbox 1851 4591 3341 4665">
     <span class='ocr_line' id='line_1_86' title="bbox 1851 4591 3341 4665; baseline -0.003 -16"><span class='ocrx_word' id='word_1_539' title='bbox 1851 4595 1937 4650; x_wconf 87' lang='grc'><strong>19.</strong></span> <span class='ocrx_word' id='word_1_540' title='bbox 1971 4594 2039 4650; x_wconf 90' lang='lat' dir='ltr'><strong>Et</strong></span> <span class='ocrx_word' id='word_1_541' title='bbox 2063 4597 2319 4651; x_wconf 84' lang='lat' dir='ltr'><strong>dixerunt</strong></span> <span class='ocrx_word' id='word_1_542' title='bbox 2349 4596 2498 4665; x_wconf 89' lang='lat' dir='ltr'><strong>impii</strong></span> <span class='ocrx_word' id='word_1_543' title='bbox 2533 4611 2546 4646; x_wconf 87' lang='lat'><strong>:</strong></span> <span class='ocrx_word' id='word_1_544' title='bbox 2577 4591 2731 4648; x_wconf 88' lang='lat' dir='ltr'><strong>Unde</strong></span> <span class='ocrx_word' id='word_1_545' title='bbox 2774 4591 2933 4648; x_wconf 76' lang='lat' dir='ltr'><strong>scivit</strong></span> <span class='ocrx_word' id='word_1_546' title='bbox 2965 4591 3109 4648; x_wconf 85' lang='lat' dir='ltr'><strong>Deus</strong></span> <span class='ocrx_word' id='word_1_547' title='bbox 3137 4591 3341 4664; x_wconf 81' lang='lat' dir='ltr'><strong>aliquid</strong></span> 
     </span>
    </p>
   </div>
   <div class='ocr_carea' id='block_1_86' title="bbox 101 4689 1703 4764">
    <p class='ocr_par' dir='ltr' id='par_1_86' title="bbox 101 4690 636 4764">
     <span class='ocr_line' id='line_1_87' title="bbox 101 4690 636 4764; baseline -0.011 -15"><span class='ocrx_word' id='word_1_548' title='bbox 101 4707 168 4749; x_wconf 75' lang='grc' dir='ltr'>τι</span> <span class='ocrx_word' id='word_1_549' title='bbox 195 4692 323 4764; x_wconf 73' lang='grc' dir='ltr'>περ).</span> <span class='ocrx_word' id='word_1_550' title='bbox 356 4690 487 4762; x_wconf 81' lang='grc' dir='ltr'>ἐμοῦ</span> <span class='ocrx_word' id='word_1_551' title='bbox 518 4690 594 4761; x_wconf 84' lang='grc'><strong>(7)</strong></span> <span class='ocrx_word' id='word_1_552' title='bbox 622 4706 636 4755; x_wconf 90' lang='grc'><strong>;</strong></span> 
     </span>
    </p>
   </div>
   <div class='ocr_carea' id='block_1_87' title="bbox 403 4689 2005 4764">
    <p class='ocr_par' dir='ltr' id='par_1_87' title="bbox 403 4689 2005 4761">
     <span class='ocr_line' id='line_1_88' title="bbox 403 4689 2005 4761; baseline -0.001 -17"><span class='ocrx_word' id='word_1_553' title='bbox 403 4690 487 4745; x_wconf 69' lang='grc' dir='ltr'><strong>ιοῦ</strong></span> <span class='ocrx_word' id='word_1_554' title='bbox 518 4690 594 4761; x_wconf 84' lang='grc'><strong>(7)</strong></span> <span class='ocrx_word' id='word_1_555' title='bbox 622 4706 636 4755; x_wconf 89' lang='grc'>;</span> <span class='ocrx_word' id='word_1_556' title='bbox 1777 4689 1845 4746; x_wconf 89' lang='lat' dir='ltr'><strong>de</strong></span> <span class='ocrx_word' id='word_1_557' title='bbox 1869 4705 1954 4745; x_wconf 91' lang='lat' dir='ltr'><strong>me</strong></span> <span class='ocrx_word' id='word_1_558' title='bbox 1984 4690 2005 4743; x_wconf 84' lang='lat'><strong>?</strong></span> 
     </span>
    </p>
   </div>
   <div class='ocr_carea' id='block_1_88' title="bbox 183 4774 1785 4850">
    <p class='ocr_par' dir='ltr' id='par_1_88' title="bbox 183 4774 1672 4850">
     <span class='ocr_line' id='line_1_89' title="bbox 183 4774 1672 4850; baseline -0.007 -12"><span class='ocrx_word' id='word_1_559' title='bbox 183 4782 273 4838; x_wconf 86' lang='grc' dir='ltr'><strong>2ο.</strong></span> <span class='ocrx_word' id='word_1_560' title='bbox 303 4781 406 4838; x_wconf 75' lang='lat' dir='ltr'><strong>Kal</strong></span> <span class='ocrx_word' id='word_1_561' title='bbox 430 4785 477 4835; x_wconf 81' lang='grc' dir='ltr'><strong>εί</strong></span> <span class='ocrx_word' id='word_1_562' title='bbox 507 4783 642 4844; x_wconf 80' lang='grc' dir='ltr'>ὅλως</span> <span class='ocrx_word' id='word_1_563' title='bbox 667 4779 781 4833; x_wconf 70' lang='grc' dir='ltr'>ἐστὶ</span> <span class='ocrx_word' id='word_1_564' title='bbox 809 4777 1026 4850; x_wconf 70' lang='grc' dir='ltr'>φροντὶς</span> <span class='ocrx_word' id='word_1_565' title='bbox 1057 4777 1406 4848; x_wconf 72' lang='grc' dir='ltr'>περὶτούτων</span> <span class='ocrx_word' id='word_1_566' title='bbox 1431 4775 1508 4846; x_wconf 81' lang='grc' dir='ltr'>τῷ</span> <span class='ocrx_word' id='word_1_567' title='bbox 1522 4774 1672 4846; x_wconf 81' lang='grc' dir='ltr'><strong>Θεῷ;</strong></span> 
     </span>
    </p>
   </div>
   <div class='ocr_carea' id='block_1_89' title="bbox 1316 4774 2918 4850">
    <p class='ocr_par' dir='ltr' id='par_1_89' title="bbox 1316 4774 2918 4846">
     <span class='ocr_line' id='line_1_90' title="bbox 1316 4774 2918 4846; baseline -0.004 -11"><span class='ocrx_word' id='word_1_568' title='bbox 1316 4795 1406 4830; x_wconf 70' lang='grc' dir='ltr'>των</span> <span class='ocrx_word' id='word_1_569' title='bbox 1431 4775 1508 4846; x_wconf 80' lang='grc' dir='ltr'><strong>τῷ</strong></span> <span class='ocrx_word' id='word_1_570' title='bbox 1522 4774 1672 4846; x_wconf 82' lang='grc' dir='ltr'><strong>Θεῷ;</strong></span> <span class='ocrx_word' id='word_1_571' title='bbox 1853 4781 1942 4837; x_wconf 78' lang='lat'><strong>20.</strong></span> <span class='ocrx_word' id='word_1_572' title='bbox 1976 4779 2042 4836; x_wconf 86' lang='lat' dir='ltr'><strong>Et</strong></span> <span class='ocrx_word' id='word_1_573' title='bbox 2063 4780 2110 4836; x_wconf 89' lang='lat' dir='ltr'><strong>si</strong></span> <span class='ocrx_word' id='word_1_574' title='bbox 2141 4779 2248 4834; x_wconf 85' lang='lat' dir='ltr'><strong>ulla</strong></span> <span class='ocrx_word' id='word_1_575' title='bbox 2277 4785 2362 4834; x_wconf 89' lang='lat' dir='ltr'><strong>est</strong></span> <span class='ocrx_word' id='word_1_576' title='bbox 2389 4792 2522 4833; x_wconf 86' lang='lat' dir='ltr'><strong>cura</strong></span> <span class='ocrx_word' id='word_1_577' title='bbox 2544 4777 2612 4832; x_wconf 91' lang='lat' dir='ltr'><strong>de</strong></span> <span class='ocrx_word' id='word_1_578' title='bbox 2645 4777 2732 4832; x_wconf 86' lang='lat' dir='ltr'><strong>his</strong></span> <span class='ocrx_word' id='word_1_579' title='bbox 2761 4775 2870 4834; x_wconf 85' lang='lat' dir='ltr'><strong>Deo</strong></span> <span class='ocrx_word' id='word_1_580' title='bbox 2897 4776 2918 4829; x_wconf 69' lang='lat'><strong><em>3</em></strong></span> 
     </span>
    </p>
   </div>
   <div class='ocr_carea' id='block_1_90' title="bbox 184 4870 1786 4944">
    <p class='ocr_par' dir='ltr' id='par_1_90' title="bbox 184 4870 1214 4944">
     <span class='ocr_line' id='line_1_91' title="bbox 184 4870 1214 4944; baseline -0.009 -13"><span class='ocrx_word' id='word_1_581' title='bbox 184 4874 276 4932; x_wconf 83' lang='grc'><strong>21.</strong></span> <span class='ocrx_word' id='word_1_582' title='bbox 301 4876 391 4928; x_wconf 86' lang='grc' dir='ltr'>Ἐν</span> <span class='ocrx_word' id='word_1_583' title='bbox 423 4873 501 4944; x_wconf 81' lang='grc' dir='ltr'>τῷ</span> <span class='ocrx_word' id='word_1_584' title='bbox 530 4874 720 4944; x_wconf 89' lang='grc' dir='ltr'>κόσμῳ</span> <span class='ocrx_word' id='word_1_585' title='bbox 740 4870 1095 4942; x_wconf 73' lang='grc' dir='ltr'>εὖθηνοῦντες</span> <span class='ocrx_word' id='word_1_586' title='bbox 1116 4870 1214 4940; x_wconf 89' lang='grc'><strong>(8).</strong></span> 
     </span>
    </p>
   </div>
   <div class='ocr_carea' id='block_1_91' title="bbox 1209 4870 2811 4944">
    <p class='ocr_par' dir='ltr' id='par_1_91' title="bbox 1209 4871 2811 4941">
     <span class='ocr_line' id='line_1_92' title="bbox 1209 4871 2811 4941; baseline -0.006 -8"><span class='ocrx_word' id='word_1_587' title='bbox 1209 4908 1214 4922; x_wconf 80' lang='grc' dir='ltr'>ι</span> <span class='ocrx_word' id='word_1_588' title='bbox 1852 4874 1946 4929; x_wconf 82' lang='grc'><strong>21.</strong></span> <span class='ocrx_word' id='word_1_589' title='bbox 1974 4871 2033 4928; x_wconf 86' lang='lat' dir='ltr'><strong>In</strong></span> <span class='ocrx_word' id='word_1_590' title='bbox 2068 4872 2271 4926; x_wconf 86' lang='lat' dir='ltr'><strong>mundo</strong></span> <span class='ocrx_word' id='word_1_591' title='bbox 2297 4884 2550 4941; x_wconf 88' lang='lat' dir='ltr'><strong>prospere</strong></span> <span class='ocrx_word' id='word_1_592' title='bbox 2575 4878 2811 4941; x_wconf 77' lang='lat' dir='ltr'><strong>agentes.</strong></span> 
     </span>
    </p>
   </div>
   <div class='ocr_carea' id='block_1_92' title="bbox 187 4963 1789 5034">
    <p class='ocr_par' dir='ltr' id='par_1_92' title="bbox 187 4963 1064 5034">
     <span class='ocr_line' id='line_1_93' title="bbox 187 4963 1064 5034; baseline -0.008 -11"><span class='ocrx_word' id='word_1_593' title='bbox 187 4968 280 5023; x_wconf 80' lang='grc'><strong>22.</strong></span> <span class='ocrx_word' id='word_1_594' title='bbox 309 4968 402 5032; x_wconf 78' lang='grc' dir='ltr'><strong>Εἰς</strong></span> <span class='ocrx_word' id='word_1_595' title='bbox 426 4967 518 5020; x_wconf 81' lang='grc' dir='ltr'><strong>τὸν</strong></span> <span class='ocrx_word' id='word_1_596' title='bbox 536 4966 706 5020; x_wconf 75' lang='grc' dir='ltr'>αἰῶνα</span> <span class='ocrx_word' id='word_1_597' title='bbox 725 4965 815 5017; x_wconf 75' lang='grc' dir='ltr'><strong>τὸν</strong></span> <span class='ocrx_word' id='word_1_598' title='bbox 847 4963 940 5017; x_wconf 83' lang='grc' dir='ltr'><strong>νῦν</strong></span> <span class='ocrx_word' id='word_1_599' title='bbox 965 4963 1064 5034; x_wconf 87' lang='lat'><strong>(9).</strong></span> 
     </span>
    </p>
   </div>
   <div class='ocr_carea' id='block_1_93' title="bbox 811 4963 2413 5034">
    <p class='ocr_par' dir='ltr' id='par_1_93' title="bbox 811 4963 2413 5034">
     <span class='ocr_line' id='line_1_94' title="bbox 811 4963 2413 5034; baseline -0.001 -17"><span class='ocrx_word' id='word_1_600' title='bbox 811 4982 815 5007; x_wconf 75' lang='grc' dir='ltr'><strong>ι</strong></span> <span class='ocrx_word' id='word_1_601' title='bbox 847 4963 940 5017; x_wconf 87' lang='grc' dir='ltr'><strong>νῦν</strong></span> <span class='ocrx_word' id='word_1_602' title='bbox 965 4963 1064 5034; x_wconf 87' lang='grc'><strong>(9).</strong></span> <span class='ocrx_word' id='word_1_603' title='bbox 1850 4967 1940 5021; x_wconf 72' lang='grc'><strong>22.</strong></span> <span class='ocrx_word' id='word_1_604' title='bbox 1970 4967 2028 5020; x_wconf 86' lang='lat' dir='ltr'><strong>In</strong></span> <span class='ocrx_word' id='word_1_605' title='bbox 2063 4967 2168 5020; x_wconf 87' lang='lat' dir='ltr'><strong>hoc</strong></span> <span class='ocrx_word' id='word_1_606' title='bbox 2198 4963 2413 5019; x_wconf 66' lang='lat' dir='ltr'><strong>saeculo.</strong></span> 
     </span>
    </p>
   </div>
   <div class='ocr_carea' id='block_1_94' title="bbox 186 5049 1788 5128">
    <p class='ocr_par' dir='ltr' id='par_1_94' title="bbox 186 5049 1678 5128">
     <span class='ocr_line' id='line_1_95' title="bbox 186 5049 1678 5128; baseline -0.005 -15"><span class='ocrx_word' id='word_1_607' title='bbox 186 5057 276 5115; x_wconf 75' lang='grc'><strong>25.</strong></span> <span class='ocrx_word' id='word_1_608' title='bbox 311 5058 424 5111; x_wconf 87' lang='lat' dir='ltr'><strong>Kal</strong></span> <span class='ocrx_word' id='word_1_609' title='bbox 449 5056 778 5128; x_wconf 74' lang='grc' dir='ltr'>ἐλογισάμην</span> <span class='ocrx_word' id='word_1_610' title='bbox 799 5054 919 5109; x_wconf 79' lang='grc' dir='ltr'>καθ’</span> <span class='ocrx_word' id='word_1_611' title='bbox 951 5053 1139 5108; x_wconf 80' lang='grc' dir='ltr'>ἑαυτόν</span> <span class='ocrx_word' id='word_1_612' title='bbox 1159 5069 1171 5082; x_wconf 91' lang='grc'><strong>·</strong></span> <span class='ocrx_word' id='word_1_613' title='bbox 1199 5049 1344 5125; x_wconf 62' lang='grc' dir='ltr'>*Αρα</span> <span class='ocrx_word' id='word_1_614' title='bbox 1370 5052 1443 5125; x_wconf 80' lang='grc' dir='ltr'>μὴ</span> <span class='ocrx_word' id='word_1_615' title='bbox 1471 5056 1551 5117; x_wconf 78' lang='grc' dir='ltr'><strong>εἰς</strong></span> <span class='ocrx_word' id='word_1_616' title='bbox 1577 5053 1678 5123; x_wconf 83' lang='grc' dir='ltr'><strong>μά-</strong></span> 
     </span>
    </p>
   </div>
   <div class='ocr_carea' id='block_1_95' title="bbox 1743 5049 3345 5128">
    <p class='ocr_par' dir='ltr' id='par_1_95' title="bbox 1856 5050 3345 5128">
     <span class='ocr_line' id='line_1_96' title="bbox 1856 5050 3345 5128; baseline -0.003 -15"><span class='ocrx_word' id='word_1_617' title='bbox 1856 5058 1942 5113; x_wconf 79' lang='lat'><strong>23.</strong></span> <span class='ocrx_word' id='word_1_618' title='bbox 1962 5055 2028 5111; x_wconf 85' lang='lat' dir='ltr'><strong>Et</strong></span> <span class='ocrx_word' id='word_1_619' title='bbox 2048 5057 2189 5128; x_wconf 87' lang='lat' dir='ltr'><strong>apud</strong></span> <span class='ocrx_word' id='word_1_620' title='bbox 2219 5071 2306 5110; x_wconf 89' lang='lat' dir='ltr'><strong>me</strong></span> <span class='ocrx_word' id='word_1_621' title='bbox 2332 5055 2510 5126; x_wconf 89' lang='lat' dir='ltr'><strong>ipsum</strong></span> <span class='ocrx_word' id='word_1_622' title='bbox 2546 5052 2776 5125; x_wconf 75' lang='lat' dir='ltr'><strong>cogitavi</strong></span> <span class='ocrx_word' id='word_1_623' title='bbox 2802 5074 2814 5110; x_wconf 84' lang='lat'><strong>:</strong></span> <span class='ocrx_word' id='word_1_624' title='bbox 2838 5050 2978 5125; x_wconf 74' lang='lat' dir='ltr'><strong>Ergo</strong></span> <span class='ocrx_word' id='word_1_625' title='bbox 3004 5050 3202 5108; x_wconf 81' lang='lat' dir='ltr'><strong>frustra</strong></span> <span class='ocrx_word' id='word_1_626' title='bbox 3228 5050 3345 5108; x_wconf 78' lang='lat' dir='ltr'><strong>abs-</strong></span> 
     </span>
    </p>
   </div>
   <div class='ocr_carea' id='block_1_96' title="bbox 111 5145 1713 5220">
    <p class='ocr_par' dir='ltr' id='par_1_96' title="bbox 111 5145 1649 5220">
     <span class='ocr_line' id='line_1_97' title="bbox 111 5145 1649 5220; baseline -0.003 -17"><span class='ocrx_word' id='word_1_627' title='bbox 111 5164 219 5220; x_wconf 81' lang='grc' dir='ltr'><strong>την</strong></span> <span class='ocrx_word' id='word_1_628' title='bbox 242 5149 341 5202; x_wconf 77' lang='grc' dir='ltr'>οὐκ</span> <span class='ocrx_word' id='word_1_629' title='bbox 376 5147 611 5215; x_wconf 76' lang='grc' dir='ltr'>ἐξέδωκα</span> <span class='ocrx_word' id='word_1_630' title='bbox 651 5148 730 5212; x_wconf 87' lang='grc' dir='ltr'><strong>εἰς</strong></span> <span class='ocrx_word' id='word_1_631' title='bbox 781 5148 873 5201; x_wconf 80' lang='grc' dir='ltr'><strong>τὸν</strong></span> <span class='ocrx_word' id='word_1_632' title='bbox 919 5146 1146 5201; x_wconf 84' lang='grc' dir='ltr'>πλοῦτον</span> <span class='ocrx_word' id='word_1_633' title='bbox 1193 5145 1287 5199; x_wconf 87' lang='grc' dir='ltr'><strong>τοῦ</strong></span> <span class='ocrx_word' id='word_1_634' title='bbox 1318 5146 1520 5218; x_wconf 83' lang='grc' dir='ltr'>κόσμου</span> <span class='ocrx_word' id='word_1_635' title='bbox 1553 5145 1649 5216; x_wconf 79' lang='grc' dir='ltr'>τὴν</span> 
     </span>
    </p>
   </div>
   <div class='ocr_carea' id='block_1_97' title="bbox 1198 5145 2800 5220">
    <p class='ocr_par' dir='ltr' id='par_1_97' title="bbox 1198 5145 2800 5218">
     <span class='ocr_line' id='line_1_98' title="bbox 1198 5145 2800 5218; baseline 0.001 -19"><span class='ocrx_word' id='word_1_636' title='bbox 1198 5145 1287 5199; x_wconf 83' lang='grc' dir='ltr'><strong>τοῦ</strong></span> <span class='ocrx_word' id='word_1_637' title='bbox 1318 5146 1520 5218; x_wconf 83' lang='grc' dir='ltr'>κόσμου</span> <span class='ocrx_word' id='word_1_638' title='bbox 1553 5145 1649 5216; x_wconf 79' lang='grc' dir='ltr'>τὴν</span> <span class='ocrx_word' id='word_1_639' title='bbox 1791 5151 1926 5205; x_wconf 88' lang='lat' dir='ltr'><strong>tinui</strong></span> <span class='ocrx_word' id='word_1_640' title='bbox 1961 5165 2056 5206; x_wconf 90' lang='lat' dir='ltr'><strong>cor</strong></span> <span class='ocrx_word' id='word_1_641' title='bbox 2082 5164 2262 5204; x_wconf 88' lang='lat' dir='ltr'><strong>meum</strong></span> <span class='ocrx_word' id='word_1_642' title='bbox 2287 5163 2318 5202; x_wconf 82' lang='lat' dir='ltr'><strong>a</strong></span> <span class='ocrx_word' id='word_1_643' title='bbox 2345 5148 2534 5204; x_wconf 87' lang='lat' dir='ltr'><strong>mundi</strong></span> <span class='ocrx_word' id='word_1_644' title='bbox 2561 5145 2800 5203; x_wconf 71' lang='lat' dir='ltr'><strong>divitiis?</strong></span> 
     </span>
    </p>
   </div>
   <div class='ocr_carea' id='block_1_98' title="bbox 111 5241 511 5314">
    <p class='ocr_par' dir='ltr' id='par_1_98' title="bbox 111 5241 511 5314">
     <span class='ocr_line' id='line_1_99' title="bbox 111 5241 511 5314; baseline -0.008 -18"><span class='ocrx_word' id='word_1_645' title='bbox 111 5241 344 5314; x_wconf 77' lang='grc' dir='ltr'>καρδίαν</span> <span class='ocrx_word' id='word_1_646' title='bbox 377 5257 476 5311; x_wconf 84' lang='grc' dir='ltr'><strong>μου</strong></span> <span class='ocrx_word' id='word_1_647' title='bbox 496 5255 511 5304; x_wconf 88' lang='grc'><strong>;</strong></span> 
     </span>
    </p>
   </div>
   <div class='ocr_carea' id='block_1_99' title="bbox 1065 5348 2379 5432">
    <p class='ocr_par' dir='ltr' id='par_1_99' title="bbox 1065 5348 2379 5432">
     <span class='ocr_line' id='line_1_100' title="bbox 1065 5348 2379 5432; baseline -0.005 -16"><span class='ocrx_word' id='word_1_648' title='bbox 1065 5351 1374 5416; x_wconf 81' lang='lat' dir='ltr'><strong>Addenda</strong></span> <span class='ocrx_word' id='word_1_649' title='bbox 1423 5357 1487 5415; x_wconf 87' lang='lat' dir='ltr'><strong>et</strong></span> <span class='ocrx_word' id='word_1_650' title='bbox 1518 5351 1891 5432; x_wconf 77' lang='lat' dir='ltr'><strong>corrigenda</strong></span> <span class='ocrx_word' id='word_1_651' title='bbox 1923 5369 2001 5413; x_wconf 78' lang='lat' dir='ltr'><strong>ex</strong></span> <span class='ocrx_word' id='word_1_652' title='bbox 2032 5348 2174 5412; x_wconf 91' lang='lat' dir='ltr'><strong>cod.</strong></span> <span class='ocrx_word' id='word_1_653' title='bbox 2200 5349 2379 5411; x_wconf 80' lang='lat' dir='ltr'><strong>Vatic</strong></span> 
     </span>
    </p>
   </div>
   <div class='ocr_carea' id='block_1_100' title="bbox 194 5471 2872 5555">
    <p class='ocr_par' dir='ltr' id='par_1_100' title="bbox 194 5471 2872 5555">
     <span class='ocr_line' id='line_1_101' title="bbox 194 5471 2872 5555; baseline -0.001 -21"><span class='ocrx_word' id='word_1_654' title='bbox 194 5480 270 5555; x_wconf 73' lang='grc'><strong>(1)</strong></span> <span class='ocrx_word' id='word_1_655' title='bbox 292 5481 578 5555; x_wconf 58' lang='grc' dir='ltr'><strong>Δξέὶμαρτίςι</strong></span> <span class='ocrx_word' id='word_1_656' title='bbox 606 5478 802 5534; x_wconf 82' lang='grc' dir='ltr'>αὐτῶν.</span> <span class='ocrx_word' id='word_1_657' title='bbox 2144 5475 2322 5555; x_wconf 60' lang='grc' dir='ltr'>τιλήρη</span> <span class='ocrx_word' id='word_1_658' title='bbox 2349 5472 2439 5527; x_wconf 83' lang='grc' dir='ltr'><strong>τοῦ</strong></span> <span class='ocrx_word' id='word_1_659' title='bbox 2461 5471 2646 5555; x_wconf 48' lang='lat' dir='ltr'><strong>ymo;</strong></span> <span class='ocrx_word' id='word_1_660' title='bbox 2670 5472 2872 5531; x_wconf 78' lang='grc' dir='ltr'>πάντα.</span> 
     </span>
    </p>
   </div>
   <div class='ocr_carea' id='block_1_101' title="bbox 187 5545 2614 5619">
    <p class='ocr_par' dir='ltr' id='par_1_101' title="bbox 187 5545 2614 5619">
     <span class='ocr_line' id='line_1_102' title="bbox 187 5545 2614 5619; baseline -0.002 -13"><span class='ocrx_word' id='word_1_661' title='bbox 187 5545 268 5619; x_wconf 79' lang='grc'><strong>(2)</strong></span> <span class='ocrx_word' id='word_1_662' title='bbox 292 5545 572 5619; x_wconf 72' lang='grc' dir='ltr'>Ἐττάρσει’.</span> <span class='ocrx_word' id='word_1_663' title='bbox 1869 5546 1945 5619; x_wconf 68' lang='grc' dir='ltr'><strong>(Ἰ)</strong></span> <span class='ocrx_word' id='word_1_664' title='bbox 1976 5546 2043 5619; x_wconf 52' lang='lat'><strong>:0</strong></span> <span class='ocrx_word' id='word_1_665' title='bbox 2064 5545 2224 5619; x_wconf 65' lang='grc' dir='ltr'>θεὸς,</span> <span class='ocrx_word' id='word_1_666' title='bbox 2252 5545 2319 5598; x_wconf 73' lang='grc' dir='ltr'><strong>τί</strong></span> <span class='ocrx_word' id='word_1_667' title='bbox 2335 5545 2488 5598; x_wconf 82' lang='grc' dir='ltr'>ποιοῦ</span> <span class='ocrx_word' id='word_1_668' title='bbox 2497 5560 2614 5616; x_wconf 89' lang='grc' dir='ltr'>μεν.</span> 
     </span>
    </p>
   </div>
   <div class='ocr_carea' id='block_1_102' title="bbox 216 5615 2526 5759">
    <p class='ocr_par' dir='ltr' id='par_1_102' title="bbox 216 5615 2526 5759">
     <span class='ocr_line' id='line_1_103' title="bbox 216 5615 2526 5759; baseline -0.003 -83"><span class='ocrx_word' id='word_1_669' title='bbox 216 5622 270 5690; x_wconf 84' lang='grc'><strong>5)</strong></span> <span class='ocrx_word' id='word_1_670' title='bbox 291 5615 678 5694; x_wconf 73' lang='grc' dir='ltr'>Ἀναδειχθείη.</span> <span class='ocrx_word' id='word_1_671' title='bbox 1869 5615 1947 5759; x_wconf 80' lang='grc'><strong>(8)</strong></span> <span class='ocrx_word' id='word_1_672' title='bbox 1976 5616 2328 5698; x_wconf 57' lang='grc' dir='ltr'>Ερθηνοῦσιν.</span> <span class='ocrx_word' id='word_1_673' title='bbox 2514 5685 2526 5701; x_wconf 37' lang='grc' dir='ltr'><strong><em>υ</em></strong></span> 
     </span>
     <span class='ocr_line' id='line_1_104' title="bbox 216 5685 2526 5759; baseline -0.003 -13"><span class='ocrx_word' id='word_1_674' title='bbox 216 5691 272 5759; x_wconf 71' lang='grc'><strong>1)</strong></span> <span class='ocrx_word' id='word_1_675' title='bbox 301 5693 455 5750; x_wconf 76' lang='grc' dir='ltr'>Θεοῦ.</span> <span class='ocrx_word' id='word_1_676' title='bbox 1859 5686 1924 5759; x_wconf 89' lang='lat'><strong>(9</strong></span> <span class='ocrx_word' id='word_1_677' title='bbox 1976 5687 2090 5743; x_wconf 83' lang='lat' dir='ltr'><strong>Nuv</strong></span> <span class='ocrx_word' id='word_1_678' title='bbox 2113 5686 2372 5758; x_wconf 79' lang='grc' dir='ltr'>κατέσχον</span> <span class='ocrx_word' id='word_1_679' title='bbox 2397 5685 2526 5740; x_wconf 83' lang='grc' dir='ltr'>πλου</span> 
     </span>
    </p>
   </div>
   <div class='ocr_carea' id='block_1_103' title="bbox 215 5685 2647 5764">
    <p class='ocr_par' dir='ltr' id='par_1_103' title="bbox 215 5685 2647 5764">
     <span class='ocr_line' id='line_1_105' title="bbox 215 5685 2647 5764; baseline -0.002 -18"><span class='ocrx_word' id='word_1_680' title='bbox 215 5685 272 5764; x_wconf 64' lang='grc'><strong>1)</strong></span> <span class='ocrx_word' id='word_1_681' title='bbox 301 5693 455 5750; x_wconf 76' lang='grc' dir='ltr'>Θεοῦ.</span> <span class='ocrx_word' id='word_1_682' title='bbox 502 5685 534 5694; x_wconf 78' lang='grc'><em>”</em></span> <span class='ocrx_word' id='word_1_683' title='bbox 642 5685 655 5694; x_wconf 79' lang='grc'><em>’</em></span> <span class='ocrx_word' id='word_1_684' title='bbox 871 5761 891 5764; x_wconf 89' lang='lat'>_</span> <span class='ocrx_word' id='word_1_685' title='bbox 1859 5685 1947 5759; x_wconf 87' lang='grc'><strong>(9)</strong></span> <span class='ocrx_word' id='word_1_686' title='bbox 1976 5687 2090 5743; x_wconf 81' lang='grc' dir='ltr'>Νῦν</span> <span class='ocrx_word' id='word_1_687' title='bbox 2113 5685 2372 5758; x_wconf 78' lang='grc' dir='ltr'>κατέσχον</span> <span class='ocrx_word' id='word_1_688' title='bbox 2397 5685 2647 5740; x_wconf 80' lang='grc' dir='ltr'>πλούτου.</span> 
     </span>
    </p>
   </div>
   <div class='ocr_carea' id='block_1_104' title="bbox 213 5761 917 5834">
    <p class='ocr_par' dir='ltr' id='par_1_104' title="bbox 213 5761 917 5834">
     <span class='ocr_line' id='line_1_106' title="bbox 213 5761 917 5834; baseline -0.006 -15"><span class='ocrx_word' id='word_1_689' title='bbox 213 5761 266 5825; x_wconf 75' lang='grc'><strong>5)</strong></span> <span class='ocrx_word' id='word_1_690' title='bbox 301 5764 717 5833; x_wconf 79' lang='grc' dir='ltr'>Ἑπισυναγάγω</span> <span class='ocrx_word' id='word_1_691' title='bbox 744 5780 801 5818; x_wconf 77' lang='grc' dir='ltr'>ιν</span> <span class='ocrx_word' id='word_1_692' title='bbox 831 5761 917 5834; x_wconf 70' lang='grc' dir='ltr'><strong>τῇ.</strong></span> 
     </span>
    </p>
   </div>
  </div>
