4098 6318
145 377 243 435 949
984 373 1076 428 DE
1125 374 1401 431 TITULIS
1441 370 1887 428 PSALMORUM.
1944 405 2011 414 —
2050 371 2242 426 PSAL.
2285 368 2490 424 LXXII.
3266 363 3367 418 950

202 495 292 549 40.
324 494 489 564 Κάγὼ
516 495 955 563 ὲξουδενωμένος,
987 494 1081 546 καὶ
1108 494 1208 546 οὐκ
1231 493 1399 561 ἔγνων
1419 510 1431 522 ·
1727 506 1770 560 Α

1747 506 1770 560 ι
1879 490 1967 546 40.
2027 489 2096 544 Et
2128 506 2227 559 ego
2260 489 2324 542 ad
2352 487 2580 541 nihilum
2610 483 2859 539 redactus
2886 499 3027 550 sum,
3052 492 3105 536 et
3133 482 3365 538 nescivi:

209 583 297 638 41.
325 583 616 654 Κτηνώδης
643 582 904 653 ἐγενήθην
942 581 1093 652 παρὰ
1126 581 1226 635 σοί.

1886 585 1974 637 4|.
2036 581 2347 637 Iumentum
2382 579 2554 634 factus
2584 594 2702 633 sum
2733 578 2868 646 apud
2897 586 2965 630 te.

204 672 296 727 42.
331 673 498 742 Κάγὼ
524 673 812 735 διαπαντὸς
844 672 980 741 μετὰ
1010 671 1102 724 σοῦ
1124 687 1136 699 ·

1099 687 1136 717 ’⁸
1883 675 1973 730 42.
2027 675 2092 728 Et
2129 690 2228 745 ego
2265 688 2477 742 semper
2501 681 2676 725 tecum
2707 689 2717 722 :

207 763 295 818 45.
343 765 676 834 Ἐκράτησας
705 764 802 833 τῆς
831 764 1008 834 χειρὸς
1030 764 1127 831 τῆς
1151 762 1327 826 δεξιᾶς
1360 780 1459 833 μου
1479 780 1492 794 ·

1448 780 1492 815 ›·
1888 766 1977 819 45.
2035 763 2276 818 Tenuisti
2307 776 2526 815 manum
2557 761 2826 814 dexteram
2853 773 3025 811 meam
3054 775 3066 788 ·

208 854 298 908 4-4.
325 855 433 908 Kal
467 858 523 908 ὲν
546 858 611 925 τῇ
646 855 804 925 βουλῇ
837 872 928 907 σου
959 854 1243 925 ὡδήγησὰς
1273 871 1371 926 με’

1881 858 1970 911 44.
2028 855 2092 910 Et
2123 857 2179 908 in
2211 853 2439 908 consilio
2469 861 2560 906 tuo
2584 849 2850 905 deduxisti
2892 864 3014 904 me:

209 944 300 998 45.
329 946 437 998 Kal
468 945 604 1013 μετὰ
628 944 783 1014 δόξης
814 943 1146 1011 προσελάὸου
1181 960 1266 1013 με.

1884 947 1971 1001 45.
2029 945 2243 1000 Etcum
2276 943 2444 1013 gloria
2475 941 2758 1011 suscepisti
2795 955 2895 994 me.

210 1038 300 1089 46.
336 1038 398 1090 Τί
423 1037 532 1108 γάρ
566 1055 654 1107 μοι
678 1037 914 1106 ὑπάρχει
946 1036 1107 1106 ἐντῷ
1138 1034 1376 1106 οὐρανῷ;

1284 1034 1376 1106 up;
1886 1038 1979 1092 46.
2037 1036 2176 1104 Quid
2203 1035 2344 1090 enim
2379 1034 2510 1088 mihi
2541 1043 2618 1088 est
2653 1034 2705 1087 in
2733 1031 2902 1088 cmlo?

211 1129 302 1182 47.
337 1129 444 1182 Kal
467 1129 616 1200 παρὰ
643 1128 735 1181 σοῦ
765 1128 817 1180 τί
846 1127 1082 1197 ἠθέλησα
1113 1129 1204 1180 ἐπὶ
1234 1129 1330 1198 τῆς
1357 1128 1490 1198 γῆς;

1439 1144 1490 1192 ;;
1897 1131 1986 1185 47.
2048 1129 2109 1183 Et
2141 1144 2171 1182 a
2213 1137 2264 1183 te
2293 1128 2422 1197 quid
2451 1127 2596 1181 volui
2629 1141 2791 1194 super
2822 1124 3057 1178 terram?

211 1221 298 1274 48.
344 1221 616 1286 Ἐξέλιπεν
666 1223 698 1291 ἡ
733 1220 927 1292 καρδία
961 1237 1061 1290 μου
1096 1221 1188 1273 καὶ
1235 1221 1266 1290 ἡ
1315 1221 1448 1291 σάρξ
1491 1237 1589 1291 μου
1615 1261 1628 1285 ,
1677 1221 1705 1273 ὁ

1896 1222 1986 1277 48.
2040 1219 2243 1275 Deiecit
2269 1235 2396 1274 caro
2442 1234 2560 1273 mea
2591 1228 2643 1272 ct
2675 1232 2767 1271 cor
2798 1231 2998 1274 meum.
3027 1213 3166 1270 Deus
3198 1215 3371 1269 cordis

142 1311 270 1376 Θεὸς
302 1312 377 1382 (ο)
407 1314 502 1382 τῆς
529 1311 753 1382 καρδίας
787 1329 887 1382 μου
911 1328 924 1342 ·
1814 1316 1916 1371 mei
1952 1331 1966 1368 :

208 1403 299 1457 49.
327 1403 435 1455 Kal
459 1405 491 1474 ἡ
525 1403 682 1474 μερίς
712 1420 810 1473 μου
838 1405 866 1456 ὁ
889 1401 1020 1465 Θεὸς
1053 1404 1132 1466 είς
1157 1402 1246 1455 τὸν
1273 1405 1460 1457 αἰῶνα.

1371 1422 1460 1457 ινα.
1894 1406 1984 1459 49.
2043 1403 2108 1459 Et
2137 1420 2263 1475 pars
2289 1419 2407 1459 mea
2443 1403 2583 1458 Deus
2628 1404 2679 1457 in
2712 1411 2989 1458 aeternum.

209 1494 299 1548 50.
347 1495 466 1547 Ὅτι
519 1495 626 1547 ἰδοὺ
683 1496 732 1546 οί
785 1493 1147 1565 μακρύνοντες
1190 1497 1416 1560 ἑαυτοὺς
1455 1497 1562 1551 ἀπὸ
1611 1497 1705 1551 σοῦ

1899 1496 1989 1551 50.
2047 1493 2182 1560 Quia
2229 1509 2352 1549 ecce
2383 1494 2475 1563 qui
2519 1493 2769 1564 clongant
2808 1506 2864 1546 se
2893 1507 2922 1544 a
2968 1499 3041 1551 te,
3081 1488 3368 1559 peribunt:

138 1583 462 1639 ἀπολοῦνται
480 1601 493 1614 ·

212 1675 301 1728 5|.
348 1673 570 1740 Ἐξωλόθ
581 1676 978 1745 ρευσας.πάντα
996 1676 1086 1729 τὸν
1116 1676 1440 1748 πορνεύοντα
1463 1677 1570 1730 ἀπὸ
1591 1677 1705 1734 σοῦ.

1654 1677 1705 1734 6.
1894 1675 1981 1729 5i.
2034 1673 2319 1730 Perdidisti
2356 1689 2543 1728 omnes
2575 1673 2666 1740 qui
2704 1672 3034 1727 fornicamur
3077 1671 3173 1725 abs
3203 1680 3270 1725 te.

205 1766 297 1820 52.
333 1767 484 1836 Ἐμοὶ
511 1766 565 1818 δὲ
591 1766 651 1819 τὸ
677 1767 1106 1838 προσκολλᾶσθαι
1123 1769 1200 1838 τῷ
1217 1767 1332 1838 Θεῷ
1355 1767 1557 1836 ἀγαθόν
1573 1770 1704 1821 ἐστι’

1605 1785 1704 1821 στι·
1902 1766 1998 1821 52.
2046 1765 2174 1820 Mihi
2206 1777 2384 1821 autem
2419 1766 2692 1822 adhaerere
2717 1765 2846 1832 Deo,
2876 1766 3076 1820 bonum
3108 1772 3223 1818 est:

207 1857 298 1911 55.
326 1857 581 1912 Τίθεσθαι
606 1860 662 1911 ὲν
687 1859 765 1930 τῷ
793 1859 978 1930 Κυρίῳ
1005 1860 1102 1932 τὴν
1136 1861 1322 1914 ἐλπίδα
1355 1878 1477 1931 μου.
1739 1879 1781 1934 Β

1739 1879 1781 1934 Β
1894 1858 1985 1913 55.
2031 1857 2252 1914 Ponere
2282 1860 2335 1912 in
2369 1857 2596 1913 Domino
2625 1858 2733 1914 Deo
2760 1875 2906 1930 spem
2943 1873 3140 1913 meam.

209 1946 301 2012 54.
330 1947 435 1999 T06
458 1947 764 2016 ἐξαγγεῖλαι
799 1966 866 2018 με
896 1949 1073 2014 πάσας
1102 1949 1197 2013 τὰς
1229 1950 1460 2014 αἰνέσεις
1487 1967 1600 2014 σου,

1445 1967 1600 2014 ῖσου,
1891 1951 1981 2006 54.
2036 1950 2108 2007 Ut
2135 1953 2447 2008 annuntiem
2483 1968 2671 2008 omnes
2699 1953 2882 2008 laudes
2923 1960 3063 2015 tuas,

209 2036 304 2090 55.
347 2039 433 2091 Ἐν
454 2042 570 2101 ταῖς
595 2039 788 2104 πύλαις
814 2040 913 2112 τῆς
945 2039 1211 2108 θυγατρὸς
1237 2038 1394 2094 Σιών.

1025 2040 1211 2108 γατρὸς
1237 2038 1394 2094 Σιών.
1894 2043 1981 2099 55.
2033 2045 2093 2099 in
2134 2046 2306 2115 portis
2337 2046 2459 2102 ﬁliae
2492 2046 2643 2102 Sion.

212 2211 296 2285 (α)
327 2211 483 2269 Vers.
507 2212 592 2279 49,
635 2216 692 2268 '0
716 2214 867 2279 Θεὸς,
901 2227 1028 2280 etc.,
1058 2217 1148 2269 τὸν
1171 2216 1362 2272 αἰῶνα.

1267 2371 1646 2427 ATHANASII
1690 2372 2268 2430 INTEBPRETATIO.

211 2521 307 2575 40.
343 2523 450 2575 Kal
475 2521 890 2594 ἑξουδενωμένος
918 2525 1062 2595 ήμην
1097 2525 1223 2595 παρ’
1254 2526 1468 2592 αὐτοῖς,
1498 2527 1590 2580 καὶ
1621 2527 1718 2580 οὐκ

1621 2527 1718 2580 οὐκ
1906 2527 1996 2583 40.
2047 2527 2113 2582 Et
2141 2535 2487 2598 contemptus
2519 2527 2593 2583 fui
2627 2528 2694 2584 ab
2724 2527 2877 2600 ipsis,
2904 2536 2958 2585 et
2980 2529 3209 2601 neglexi.

139 2612 310 2684 ἔμελε
341 2631 450 2684 μοι.

216 2706 314 2760 41.
342 2707 452 2760 Kal
477 2707 551 2770 ὡς
578 2707 773 2776 κτῆνος
797 2709 944 2778 ήμην
1004 2706 1155 2778 παρὰ
1190 2707 1271 2760 σοὶ
1311 2707 1387 2778 τῷ
1419 2709 1715 2783 βουλήματι

1892 2702 1982 2755 41.
2041 2700 2108 2757 Ει
2135 2704 2301 2759 veluti
2329 2704 2637 2774 jumentum
2665 2706 2741 2760 l‘ui
2767 2706 2909 2776 apud
2940 2715 3011 2773 te,
3035 2705 3181 2761 omni
3196 2705 3383 2762 volun-

141 2797 470 2868 ἐπιθέμενος
495 2799 671 2871 πάντῃ
700 2799 797 2870 (1).

711 2799 797 2870 Ii).
1825 2793 1923 2847 tati
1954 2802 2058 2849 tuae
2091 2795 2329 2851 deditus.

215 2888 317 2942 42.
344 2889 402 2941 Ὀ
432 2889 633 2962 Κύριος
657 2889 800 2957 λέγει
823 2889 957 2960 πρὸς
981 2890 1142 2943 αὐτόν
1164 2908 1177 2920 ·
1199 2892 1308 2944 Kal
1333 2891 1441 2961 ἐγὼ
1463 2893 1549 2946 διὰ
1569 2894 1727 2947 τοῦτο

1891 2885 1981 2942 42.
2029 2888 2097 2943 Et
2127 2887 2393 2946 Dominus
2423 2892 2556 2948 dicit
2591 2894 2657 2948 ad
2689 2909 2835 2958 eum,
2880 2902 2934 2948 et
2967 2907 3067 2963 ego
3100 2899 3384 2962 propterea

144 2985 303 3056 ήμην
335 2981 620 3046 διαπαντὸς
654 2981 792 3053 μετὰ
816 2981 929 3036 σοῦ.

761 2981 792 3034 ὰ
816 2981 929 3036 σοῦ.
1825 2981 1901 3037 fui
1930 2997 2144 3052 semper
2179 2992 2379 3038 tecum.

214 3075 315 3138 45,
344 3075 431 3128 44.
459 3075 567 3128 Kal
597 3075 670 3138 ὡς
716 3075 945 3146 κτῆνος,
989 3075 1123 3128 ὅπου
1157 3075 1250 3127 ἐὰν
1277 3075 1524 3147 ὡδήγησέ
1554 3076 1629 3148 (2)
1659 3095 1725 3147 με

1892 3075 1984 3143 45,
2024 3076 2112 3130 44.
2157 3074 2226 3130 Et
2255 3075 2423 3132 veluti
2445 3072 2774 3147 iumentum,
2806 3091 3133 3147 quocunque
3164 3076 3386 3132 deduxit

149 3165 179 3234 ἡ
210 3165 343 3235 χείρ
374 3181 464 3217 σου
497 3165 589 3216 καὶ
611 3165 670 3216 τὸ
697 3164 906 3234 θέλημὰ
939 3181 1050 3228 σου,
1082 3166 1440 3237 ἐπορευόμην.
1749 3154 1767 3210 ί

1749 3153 1792 3210 C
1826 3180 1913 3220 me
1942 3182 2139 3222 manus
2168 3174 2282 3232 tua,
2318 3177 2371 3222 et
2394 3168 2647 3223 voluntas
2670 3176 2782 3233 tua,
2814 3169 3189 3239 procedebam.

213 3256 316 3310 45.
351 3257 458 3309 Kal
488 3255 581 3310 v6v
608 3258 664 3310 ἐν
702 3261 767 3329 τῇ
799 3257 1042 3330 βασιλείᾳ
1077 3275 1168 3310 σου
1212 3259 1348 3329 μετὰ
1374 3259 1530 3331 δόξης
1557 3277 1725 3332 προσ-

1892 3253 1982 3309 45.
2025 3254 2092 3311 Et
2137 3272 2282 3312 nunc
2308 3258 2362 3311 in
2408 3273 2572 3328 regno
2606 3267 2698 3312 tuo
2739 3273 2862 3312 cum
2893 3257 3063 3328 gloria
3105 3253 3391 3324 suscepisti

138 3347 348 3400 ελάὸου
375 3365 460 3418 με.
1824 3362 1930 3401 me.

213 3437 315 3491 46.
355 3438 418 3489 Τί
439 3438 544 3509 γάρ
579 3439 668 3508 μοί
689 3440 836 3491 ἐστιν
868 3438 994 3491 ἄλλο
1021 3439 1079 3491 ὲν
1102 3438 1179 3508 τῷ
1207 3440 1438 3510 οὐρανῷ,
1467 3443 1513 3493 εἰ
1546 3440 1623 3511 μὴ
1637 3438 1722 3492 διὰ

1894 3438 1982 3491 46.
2034 3437 2174 3504 Quid
2205 3437 2348 3492 enim
2383 3437 2515 3491 mihi
2556 3446 2640 3493 est
2676 3440 2823 3494 aliud
2867 3441 2918 3494 in
2967 3441 3126 3508 caelo,
3180 3443 3285 3498 nisi
3333 3452 3392 3498 ut

137 3529 242 3599 τῆς
269 3528 494 3600 χάριτός
515 3546 606 3582 σου
629 3529 1021 3601 δοξασθήσομαι
1051 3531 1128 3600 ('5)
1157 3530 1261 3583 ὑπὸ
1294 3530 1420 3598 σοῦ;

1222 3530 1261 3583 ;ὸ
1294 3530 1420 3598 σοῦ;
1824 3546 1920 3600 per
1951 3530 2180 3601 gratiam
2214 3539 2362 3585 tuam
2398 3547 2427 3584 a
2454 3539 2504 3585 te
2537 3532 2840 3602 gloriﬁcer?

210 3621 316 3676 47.
349 3622 457 3675 Kal
481 3622 560 3675 ἐτι
588 3621 663 3675 ὢν
687 3625 743 3676 ὲν
773 3625 839 3694 τῇ
872 3625 941 3692 γῇ
972 3622 1129 3676 τοῦτο
1155 3624 1393 3695 ἠθέλησα
1423 3622 1574 3695 παρὰ
1605 3623 1720 3679 σοῦ.

1644 3623 1720 3679 06.
1896 3619 1987 3675 47.
2036 3619 2102 3674 Et
2131 3621 2308 3676 adhuc
2337 3621 2522 3676 vivens
2557 3622 2610 3677 in
2647 3630 2785 3676 terra
2825 3622 2929 3678 hoc
2964 3623 3105 3680 volui
3143 3639 3172 3678 a
3195 3633 3262 3680 te.

209 3711 312 3767 48.
353 3713 514 3766 Οὐδὲν
553 3713 764 3784 θέλημα
793 3715 891 3785 τῆς
917 3715 1140 3787 καρδίας
1172 3733 1293 3786 μου,
1332 3717 1364 3787 ἢ
1400 3716 1496 3788 τῆς
1527 3717 1725 3788 σαρκός

1898 3712 1989 3770 48.
2038 3711 2251 3768 Nullam
2305 3714 2637 3770 voluntatem
2693 3716 2874 3771 cordis
2930 3717 3048 3785 mei
3112 3725 3163 3772 et
3213 3718 3391 3773 carnis

138 3819 251 3872 μου
281 3802 606 3875 ἐποιούμην.

546 3821 606 3875 ιν.
1827 3821 1960 3860 meae
1991 3805 2164 3861 effeci.

212 3895 316 3952 49.
373 3895 508 3949 Ἀλλ’
542 3899 599 3950 ὲν
631 3897 706 3969 (4)
742 3897 902 3952 παντὶ
950 3899 1041 3952 καὶ
1081 3900 1140 3953 ὲν
1192 3899 1356 3952 πᾶσιν
1388 3900 1417 3951 ὁ
1457 3899 1587 3962 Θεὸς
1624 3916 1724 3971 μου

1906 3899 1998 3954 49.
2049 3898 2154 3953 Sed
2181 3899 2326 3954 omni
2372 3899 2425 3953 in
2461 3915 2539 3966 re,
2586 3909 2638 3953 et
2683 3899 2738 3954 in
2769 3897 3022 3953 omnibus
3070 3897 3210 3955 Deus
3240 3917 3392 3956 meus

133 3985 416 4058 (πάρχει.
1825 4002 1928 4048 est.

211 4079 316 4142 50,
352 4075 441 4131 51.
476 4078 538 4132 Οἱ
583 4079 1048 4150 ὰποσχοινίζοντες
1093 4079 1316 4143 ἑαυτοὺς
1355 4079 1464 4133 ἀπὸ
1513 4080 1606 4132 σοῦ
1649 4080 1725 4151 (5)

1579 4080 1606 4132 6
1649 4080 1725 4151 (5)
1918 4088 2007 4156 50,
2060 4089 2146 4144 51.
2180 4089 2536 4161 Sejungentes
2560 4090 2768 4160 seipsos
2798 4101 2900 4146 ate
2928 4091 3197 4161 peribunt.

135 4169 504 4224 ἀπολοῦνται.

204 4262 307 4316 52.
349 4263 501 4333 Ἐμοὶ
527 4263 583 4316 δὲ
610 4264 671 4316 τὸ
698 4263 995 4338 ἀχώριστον
1023 4261 1160 4318 εἶναι
1186 4261 1280 4317 τοῦ
1303 4263 1437 4316 Θεοῦ
1461 4263 1728 4336 ἐπιθυμη-

1910 4267 1998 4324 52.
2052 4267 2183 4322 Mihi
2215 4276 2394 4322 autem
2429 4283 2535 4322 non
2567 4268 2809 4338 separari
2843 4283 2873 4321 a
2899 4267 3008 4322 Deo
3039 4267 3093 4322 in
3129 4268 3269 4325 votis
3291 4275 3372 4324 est

135 4353 269 4406 τέον
311 4353 394 4423 (6)
424 4352 560 4407 ὲστί.

214 4445 321 4500 55.
373 4445 559 4500 Πᾶσαν
595 4446 694 4519 τὴν
745 4445 1012 4518 μέριμναν
1060 4461 1151 4498 σου
1195 4445 1273 4516 (7)
1312 4443 1596 4516 ὲπίῤῥιψον
1638 4445 1724 4496 ἐπ’
1758 4494 1800 4519 n

1653 4445 1724 4496 in’
1758 4494 1800 4519 η
1916 4449 2004 4504 55.
2048 4446 2275 4504 Omnem
2306 4463 2493 4503 curam
2533 4457 2679 4503 tuam
2708 4449 2852 4518 jacta
2877 4462 3039 4517 super
3073 4462 3196 4503 eum
3226 4448 3271 4479 ⁸⁸

218 4494 320 4500 ’““
373 4494 550 4500 —_"""
607 4494 685 4519 "l'
745 4494 1005 4518 r'r'r"'"
1065 4494 1145 4498 "'
1198 4494 1271 4516 \‘I
1315 4494 1589 4516 ""l'|"l"
1644 4494 1704 4496 “⁷⁷
1755 4494 1801 4549 D

138 4537 347 4590 αὐτόν.

214 4628 319 4683 54.
357 4629 466 4682 T06
494 4629 792 4701 διηγεῖσθαί
817 4628 892 4703 (8)
925 4645 992 4699 με
1015 4629 1115 4692 τὰς
1143 4628 1457 4699 εὐεργεσίας
1488 4643 1601 4680 σου.

1363 4628 1457 4691 πίας
1488 4643 1601 4680 σου.
1911 4627 1998 4683 54.
2054 4625 2125 4683 Ut
2151 4643 2397 4683 enarrem
2423 4627 2821 4683 beneficientias
2843 4634 2981 4681 tuas.

214 4721 323 4777 55.
369 4723 685 4788 ’Δπαύστως
714 4721 1051 4794 ἁνυμνοῦντά
1091 4738 1149 4775 σε
1181 4725 1237 4775 ὲν
1277 4724 1343 4792 τῇ
1378 4722 1489 4776 ἄνω
1535 4719 1727 4792 Ἰερου-

1911 4719 1999 4774 55.
2052 4717 2422 4776 indesinenter
2471 4730 2521 4774 te
2567 4719 2794 4775 laudans
2825 4719 2878 4773 in
2912 4731 3145 4789 superna
3183 4713 3371 4773 Jerusa

136 4813 289 4886 σαλή
299 4831 366 4884 μ.
1841 4812 1967 4867 lem.

236 4997 290 5029 ⁸⁵
351 4993 560 5050 Psalm.
594 5011 701 5061 LIV,
726 4995 817 5051 25.

1118 5155 1426 5218 Addenda
1460 5163 1520 5217 et
1544 5150 1916 5231 corrigenda
1963 5167 2038 5212 ex
2081 5148 2221 5212 cod.
2257 5147 2455 5208 Vatic.

245 5324 306 5392 1)
342 5320 443 5394 Τῷ
471 5322 765 5394 βουλήματι
795 5341 887 5377 σου
949 5321 1209 5393 ἐπιθόμην
1244 5318 1437 5372 πάντα.
1845 5317 2090 5394 me;ng
2125 5323 2228 5394 etc.
2256 5312 2323 5367 N.
2347 5311 2449 5394 .51.
2488 5311 2620 5384 Περὶ
2650 5307 2878 5365 είδώλων
2909 5307 3078 5378 λέγει,

245 5383 312 5464 2)
363 5383 682 5464 'mﬁmcel'.
1105 5383 1118 5393 ’
1166 5383 1178 5392 ’
1487 5451 1490 5457 ⁸
2024 5383 2413 5464 ξῌπιθυμητόν.

244 5458 308 5534 5)
349 5458 685 5534 Δοξασθῆναί
704 5478 798 5534 με.
2024 5459 2164 5534 Μου.

245 5522 308 5599 4)
360 5522 522 5586 Ἀλλὰ
546 5522 618 5586 τὰ
643 5522 818 5586 πάντα
844 5534 922 5593 ὲν.
951 5541 1054 5587 etc.
1283 5598 1290 5599 ί
1569 5597 1579 5599 _
1913 5522 1988 5599 (8)
2019 5522 2411 5599 Διηγήσασθαί.

219 5597 311 5678 (5)
349 5601 417 5657 N.
452 5603 542 5660 50.
583 5603 704 5656 Ὀτι
747 5601 854 5656 ἰδοὺ
891 5604 938 5655 οἱ
990 5598 1455 5672 ἀποσχοινίζοντες
1490 5597 1595 5652 ἀπὸ
1641 5613 1730 5650 σου
