4056 6318
658 323 762 378 955
1471 315 1529 371 S.
1575 312 1944 369 ATHANASII
1990 313 2139 367 ()PP.
2182 311 2361 368 PARS
2399 313 2486 367 Ill.
2531 343 2596 352 -—
2636 312 3043 369 EXEGETICA.
3830 313 3928 370 955

728 437 817 488 '54.
849 431 1117 488 Estatem
1152 441 1206 486 et
1235 445 1326 484 ver
1355 440 1410 484 tu
1448 431 1725 500 plasmasti
1753 445 1838 488 ea.
2255 434 2300 489 Α

2255 434 2300 489 Α
2397 428 2486 482 54.
2523 429 2690 501 Θέρος
2723 431 2816 484 καί⁵
2843 431 2944 502 ἔαρ
2978 431 3042 483 σὺ
3075 429 3312 494 ἔπλασας
3337 430 3504 496 αὐτὰ,

725 527 815 581 55.
851 525 1057 580 Memor
1088 535 1206 580 esto
1239 524 1421 592 hujus.

2402 521 2493 575 35.
2529 523 2650 592 Μνή
2660 522 2813 591 σθητι
2843 522 3063 592 ταύτης.

727 619 818 674 56.
854 619 1115 674 Inimicus
1155 615 1546 685 impmpcravit
1587 612 1857 666 Domino:

1793 628 1817 666 ο
1843 631 1857 666 :
2404 612 2493 667 36.
2537 613 2756 684 Ἐχθρὸς
2779 613 3020 666 ὠνείδισε
3044 613 3136 666 τὸν
3163 614 3395 684 Κύριον·

728 712 817 766 57.
849 709 914 765 Et
947 710 1176 782 p0pulus
1210 707 1471 776 insipiens
1519 705 1760 760 incitavit
1788 720 1982 758 nomen
2017 714 2191 760 tuum.

2177 745 2191 760 .
2399 705 2488 758 57.
2523 706 2634 758 Καὶ
2667 705 2794 770 λαὸς
2823 707 3012 778 άφρων
3043 705 3325 778 παρώξυνε
3356 707 3414 759 τὸ
3439 705 3610 776 ὄνομά
3635 719 3777 760 σου.

728 802 816 857 58.
849 799 928 857 Ne
956 801 1140 856 tradas
1171 799 1356 854 bestiis
1381 800 1618 852 animam
1651 797 1996 852 conﬁtentem
2027 797 2120 852 tibi
2151 817 2162 851 :

2401 796 2489 852 38.
2516 798 2605 869 Μὴ
2630 797 2888 870 παραδῷς
2912 801 3025 864 τοῖς
3051 798 3261 871 θηρίοις
3285 797 3460 869 ψυχὴν
3483 797 3928 867 ἐξομολογούμε-

2331 906 2428 960 νην
2470 906 2570 943 σοι.

731 983 820 1038 59.
848 982 1068 1036 Animas
1109 996 1404 1051 pauperum
1443 989 1660 1035 tuorum
1697 996 1764 1035 ne
1793 981 2138 1036 obliviscaris
2175 982 2227 1035 in

2402 980 2492 1034 39.
2529 979 2650 1034 Τῶν
2679 981 2865 1052 ψυχῶν
2903 980 3011 1035 τῶν
3046 981 3292 1050 πενήτων
3327 995 3420 1031 σου
3455 977 3527 1050 μὴ
3561 977 3822 1050 ἐπιλάϐῃ
3858 979 3927 1038 εἰς

664 1078 844 1131 linem.

2334 1077 2504 1139 τέλος.

731 1167 819 1223 40.
851 1168 1077 1238 Respice
1113 1169 1164 1221 in
1200 1177 1580 1222 testamentum
1610 1177 1761 1222 tuum
1791 1188 1804 1223 :

2403 1167 2490 1222 40.
2535 1165 2850 1236 Ἐπίὸλεψον
2879 1168 2960 1229 εἰς
2991 1167 3091 1237 τὴν
3120 1165 3382 1235 διαθήκην
3410 1181 3500 1217 σου
3518 1181 3531 1195 ·

731 1263 820 1318 4|.
863 1261 998 1329 Quia
1048 1262 1233 1330 repleti
1282 1270 1409 1316 sunt
1451 1262 1543 1331 qui
1591 1261 1867 1317 obscurati
1917 1268 2044 1316 sunt
2073 1271 2230 1314 terra:

2403 1262 2489 1316 4i.
2526 1264 2647 1315 Ὅτι
2697 1262 3090 1334 ἐπληρώθησαν
3142 1263 3191 1314 οἰ
3233 1259 3609 1330 ὲσκοτισμένοι
3663 1257 3785 1326 τῆς
3833 1253 3929 1326 γῆς

661 1354 916 1412 domibus
963 1354 1338 1422 iniquitatum.

1183 1366 1252 1406 itu
1263 1369 1338 1408 nt.
2332 1355 2494 1408 οἴκων
2528 1353 2785 1424 ἀνομιῶν.

733 1447 822 1501 42.
859 1445 935 1501 Ne
959 1455 1234 1500 avertatur
1269 1443 1492 1498 humilis
1522 1441 1722 1506 factus,
1757 1451 1809 1496 ct
1835 1440 2100 1497 confusus
2130 1460 2146 1497 :

2403 1445 2490 1499 49.
2520 1445 2610 1516 Μὴ
2642 1447 3045 1518 ἁποστραφήτω
3071 1443 3552 1514 τεταπεινωμένος,
3573 1441 3668 1493 καὶ
3702 1442 3929 1511 ((2)12:-

2332 1538 2681 1610 ῃσχυμμένος
2703 1556 2714 1566 ·

728 1627 820 1682 45.
851 1626 1087 1697 Pauper,
1124 1637 1179 1682 et
1209 1627 1367 1696 inops
1390 1625 1690 1680 laudabunt
1724 1640 1919 1680 nomen
1948 1637 2122 1681 tuum.

2404 1633 2492 1687 45.
2536 1633 2758 1702 Πτωχὸς
2787 1632 2881 1685 καὶ
2919 1631 3090 1702 πένης
3116 1631 3386 1684 αἰνέσουσι
3419 1631 3481 1683 τὸ
3505 1627 3680 1698 δνομά
3713 1643 3837 1678 σου.

733 1722 822 1778 44.
855 1723 1119 1793 Exsurge,
1147 1721 1310 1784 Deus,
1346 1720 1532 1791 judica
1558 1736 1781 1775 causam
1810 1729 1954 1774 tuam
1983 1720 2227 1793 [meam]:
2266 1781 2303 1793 κ

2408 1725 2496 1778 44.
2539 1725 2794 1786 Ἀνάστα,
2826 1727 2853 1778 ὁ
2874 1725 3026 1789 Θεὸς,
3059 1725 3276 1778 δίκασον
3305 1723 3404 1792 τὴν
3420 1721 3574 1791 δίκην
3609 1737 3709 1772 σου
3746 1715 3925 1788 [μουῖ·

732 1816 825 1869 45.
858 1781 1063 1869 Memor
1084 1823 1202 1868 esto
1234 1814 1690 1884 improperiorum
1727 1822 1964 1880 tuorum,
1984 1781 2119 1884 qua:
2164 1781 2233 1868 a‘b
2265 1781 2305 1834 Β

2406 1817 2494 1871 45.
2530 1781 2815 1888 Μνήσθητι
2851 1818 2946 1870 τοῦ
2974 1781 3276 1888 δνειδισμοῦ
3308 1781 3399 1868 σου
3420 1857 3434 1880 ,
3469 1781 3562 1865 τού
3601 1814 3708 1866 ὑπὸ
3748 1781 3927 1881 ’ἁᾳρο-

662 1904 951 1975 insipiente
988 1914 1115 1959 sunt
1148 1915 1258 1959 tota
1292 1905 1399 1959 die.

1386 1946 1399 1959 .
2335 1927 2423 1974 νος
2456 1910 2584 1980 ὃλην
2617 1908 2716 1980 τὴν
2749 1910 2985 1980 ἡμέραν.

731 1995 820 2050 46.
855 1994 931 2050 Ne
953 1996 1294 2050 obliviscaris
1321 2011 1506 2050 vocem
1538 2009 1822 2050 servorum
1852 2003 2069 2049 tuorum
2099 2014 2112 2051 :

2408 2000 2495 2055 46.
2525 1999 2614 2071 Μὴ
2651 1999 2883 2074 ὲπιλάθῃ
2913 2000 3011 2071 τῆς
3035 1999 3214 2068 φωνῆς
3241 1998 3350 2050 τῶν
3383 1995 3608 2050 οἰκετῶν
3635 2011 3732 2048 σου
3757 2010 3769 2022 ·

729 2088 818 2143 47.
876 2088 1136 2158 Superbia
1185 2104 1399 2151 eorum,
1452 2089 1545 2158 qui
1602 2091 1835 2143 oderunt
1890 2097 1962 2154 te,
1993 2090 2239 2145 ascendit

2405 2089 2498 2143 47.
2546 2091 2609 2143 Ἡ
2642 2089 2988 2160 ὑπερηφανία
3023 2088 3132 2141 τῶν
3168 2086 3468 2158 μισούντων
3503 2101 3558 2137 σε
3600 2084 3778 2152 ἀνέϐη
3815 2081 3928 2134 δαι-

661 2195 873 2251 semper
905 2180 1179 2252 [ascendit
1204 2180 1270 2233 ad
1304 2190 1354 2236 te
1377 2180 1633 2253 semper].

2340 2184 2539 2246 παντός
2566 2179 2756 2253 [ἀνέϐη
2789 2181 2924 2251 πρὸς
2949 2180 3010 2232 σὲ
3047 2177 3240 2250 διαπ.].

819 2271 889 2327 In
917 2273 1073 2342 ﬁnem
1092 2288 1111 2326 :
1147 2289 1210 2327 ne
1233 2289 1554 2336 corrumpas.
1593 2273 1843 2326 l’salmus
1873 2272 2067 2326 cantici
2339 2274 2421 2338 Εἰς

2339 2274 2442 2338 Εἰς
2471 2271 2536 2325 τὸ
2567 2271 2774 2338 τέλος·
2813 2271 2900 2341 μὴ
2926 2271 3292 2340 διαφθείρῃς.
3361 2267 3608 2338 Ψαλμὸς
3652 2263 3824 2333 ᾠδῆς
3854 2257 3927 2328 τῷ

1055 2364 1250 2433 Amph.
1289 2362 1545 2417 PSALM.
1579 2361 1842 2417 LXXIV.

2807 2361 3018 2432 Ἀσάφ.
3067 2359 3300 2415 man.
3328 2362 3453 2412 οΔσ.

734 2452 786 2506 1.
817 2451 1212 2508 Conﬁtebimur
1236 2453 1356 2517 tibi,
1387 2453 1526 2508 Deus
1553 2469 1565 2504 :

2412 2457 2464 2512 1.
2509 2456 3047 2529 Ἑξομολογησόμεθά
3078 2473 3180 2521 σοι,
3210 2457 3238 2508 ὁ
3262 2455 3389 2517 Θεός
3412 2472 3425 2484 ·

735 2572 809 2641 (a)
843 2571 950 2626 Καί
975 2573 1146 2628 deest.

1801 2731 2179 2787 ATHANASII
2221 2730 2806 2790 INTERPRETATIO.

737 2894 826 2952 54.
859 2893 1088 2948 Sanctos
1126 2898 1251 2944 tuos
1285 2889 1337 2943 in
1391 2890 1590 2958 quibus
1637 2892 1835 2946 crescit
1881 2893 1974 2947 lux
2022 2903 2139 2960 tua,
2180 2901 2233 2947 et
2259 2897 2302 2954 C

2404 2893 2495 2948 54.
2532 2893 2658 2956 Τοῖς
2691 2890 2866 2960 ἁγίοις
2893 2889 3054 2961 [Τοὺς
3087 2885 3295 2958 ἁγίους]
3343 2903 3431 2938 σου
3452 2925 3467 2947 .
3494 2887 3550 2940 ὲν
3578 2879 3660 2948 οἷς
3685 2883 3843 2953 αὔξει
3873 2883 3929 2937 τὸ

671 2987 975 3061 germinant
996 2983 1157 3037 ﬂores
1187 2981 1458 3036 donorum
1492 2989 1735 3047 tuorum,
1769 2993 1823 3038 tu
1856 2983 2056 3040 fecisti.

2347 2983 2463 3054 φῶς
2497 3001 2591 3037 σου
2618 3023 2633 3048 ,
2671 2981 2766 3036 καὶ
2809 2978 3096 3050 βλαστάνει
3127 2976 3199 3029 τὰ
3235 2976 3369 3044 ἄνθη
3415 2975 3522 3028 τῶν
3571 2977 3929 3048 χαρισμάτων

2350 3093 2466 3139 σου,
2498 3076 2560 3128 σὺ
2597 3073 2875 3144 ἐποίησας.

740 3167 830 3222 '55.
864 3165 1066 3219 Memor
1093 3174 1211 3220 esto
1250 3163 1415 3235 igitur
1447 3165 1754 3219 testamenti
1790 3164 1972 3234 hujus.

2419 3165 2507 3219 35.
2551 3163 2833 3234 Μνήσθητι
2859 3157 2950 3215 οὖν
2980 3161 3079 3230 τῆς
3102 3159 3356 3228 τοιαύτης
3387 3159 3666 3229 διαθήκης.

739 3259 828 3315 56.
864 3257 1142 3312 Diabolus.

2420 3256 2511 3310 56.
2559 3257 2616 3308 Ὁ
2646 3253 2908 3316 διάϐολος.

739 3351 827 3405 57.
865 3347 1174 3403 Judzeorum
1205 3339 1459 3413 populus.

2419 3347 2507 3402 57.
2552 3348 2610 3400 '0
2639 3346 2767 3409 λαὸς
2797 3344 2904 3397 τῶν
2931 3343 3220 3397 Ἰουδαίων.

740 3442 829 3496 5κ.
861 3439 938 3494 Ne
971 3438 1154 3494 tradas
1184 3435 1521 3491 daemonibus
1563 3435 1833 3506 supplices
1884 3450 1943 3490 se
1978 3435 2070 3490 tibi
2115 3452 2212 3506 pro

2422 3439 2510 3494 58.
2545 3439 2638 3509 Μὴ
2670 3435 2924 3510 παραδῷς
2953 3438 3064 3499 τοῖς
3086 3436 3301 3507 δαίμοσι
3332 3434 3459 3499 τοῦς
3492 3434 3929 3505 προσπίπτοντας

671 3547 887 3587 SlCI‘llCll
897 3540 994 3585 ωδ.
2355 3552 2456 3588 σοι.

742 3621 829 3677 59.
867 3619 1189 3675 Sanctorum
1225 3627 1463 3672 tuorum.

1410 3629 1463 3667 II-
2420 3625 2509 3681 '59.
2543 3623 2664 3676 Τῶν
2699 3622 2868 3691 ἁγίων
2898 3638 3012 3673 σου.

742 3712 832 3768 40.
868 3711 923 3766 In
963 3711 1180 3766 eosdem
1207 3719 1424 3764 sanctos
1461 3718 1602 3762 tuos.

2421 3715 2508 3770 40.
2538 3715 2634 3777 Εἰς
2666 3714 2793 3776 τοὺς
2820 3713 3017 3775 αὐτοὺς
3048 3710 3232 3778 ἁγίους
3274 3728 3384 3762 σου.

743 3803 833 3857 4|.
870 3799 1152 3856 Dmmones
1187 3799 1292 3853 Sibi
1326 3794 1749 3852 adlla‘ﬁre'llibus-
2421 3806 2512 3863 41.
2539 3808 2601 3859 Oi
2639 3805 2892 3876 δαίμονες
2915 3802 3022 3856 τῶν
3047 3801 3402 3872 κολλωμένων
3435 3799 3614 3854 αὐτῶν
3643 3800 3738 3871 (1).

743 3891 832 3944 42.
861 3887 938 3945 Ne
967 3890 1192 3960 abjicias
1219 3887 1617 3957 confugientein
1642 3884 1708 3937 ad
1738 3896 1810 3939 te.

2422 3898 2511 3952 42.
2546 3898 2638 3970 Μὴ
2668 3895 2948 3968 ἀποϐάλλῃ
2977 3895 3068 3948 τὸν
3103 3893 3514 3965 προσφεύγοντὰ
3547 3909 3627 3945 σοι

744 3984 832 4038 45.
865 3982 1138 4054 Paupercs
1164 3982 1347 4036 corde.

2423 3991 2512 4045 43.
2538 3993 2599 4044 Οί
2635 3991 2844 4062 πτωχοὶ
2870 3994 2936 4061 τῇ
2962 3989 3175 4061 καρδίᾳ.

746 4075 837 4140 44,
882 4075 971 4129 45.
1030 4073 1293 4142 Exsurge,
1330 4083 1382 4127 et
1435 4085 1644 4127 memor
1698 4077 1815 4123 esto
1867 4085 2078 4138 eorum,
2127 4086 2248 4140 qua:

2426 4083 2512 4145 44,
2549 4081 2636 4135 45.
2671 4081 2746 4151 (‘2)
2777 4081 3066 4151 Ἀνάστηθι
3092 4120 3105 4142 ,
3138 4080 3230 4131 καὶ
3256 4076 3523 4147 μνήσθητι
3550 4065 3624 4126 ὦν
3677 4069 3925 4142 ἐποίησεν

675 4167 802 4223 fecit
831 4167 1060 4222 Satanas
1089 4167 1142 4220 in
1180 4166 1285 4218 hoc
1318 4165 1536 4219 saeculo.

2354 4175 2384 4224 ὁ
2417 4174 2660 4236 Σατανᾶς
2687 4174 2743 4225 ἐν
2781 4172 2861 4242 τῷ
2897 4171 3049 4224 αἰῶνι
3075 4169 3265 4237 τούτῳ.

751 4256 839 4311 46.
879 4261 1203 4312 Sanctorum
1235 4267 1474 4309 tuorum.
2282 4260 2328 4315 ι)

1419 4271 1474 4309 n.
2282 4260 2328 4315 D
2427 4263 2516 4318 46.
2551 4264 2671 4316 Τῶν
2707 4265 2874 4333 ἁγίων
2911 4281 3021 4317 σου.

754 4351 842 4404 47.
874 4350 1140 4421 Superbia
1173 4349 1507 4415 daemonum,
1537 4359 1591 4402 et
1623 4346 2002 4402 haereticorum
2033 4347 2249 4418 cognita

2430 4356 2520 4410 47.
2566 4356 2630 4409 Ἦ
2664 4356 3011 4428 ὑπερηφανία
3038 4356 3146 4408 τῶν
3178 4352 3443 4424 δαιμόνων
3473 4347 3700 4404 καὶτῶν
3733 4348 3924 4418 αἱρετι-

681 4443 778 4498 tibi
816 4452 917 4499 est.

2361 4445 2472 4500 κῶν
2500 4447 2816 4518 ὲγνωσμένη
2854 4447 2935 4500 σοί
2958 4448 3126 4500 ἐστιν.

760 4556 825 4607 Ἦ
862 4553 1194 4625 προκειμένη
1235 4549 1516 4622 ἐπιγραφὴ
1547 4549 1790 4621 περιέχει
1813 4547 1888 4618 (δ)
1908 4563 1921 4577 ’
1955 4550 2059 4613 Εἰς
2081 4548 2148 4602 τὸ
2180 4550 2388 4621 τέλος,
2414 4555 2501 4626 μὴ
2540 4556 2919 4626 διαφθείρῃς·
2958 4555 3118 4624 ᾠδῆς
3139 4551 3217 4619 τῷ
3257 4551 3447 4620 Ἀσὰφ
3469 4551 3730 4621 ψαλμός.
3763 4548 3925 4602 Τοῦτο

683 4645 774 4704 οὖν
820 4649 1072 4710 παραινεῖ
1110 4647 1137 4699 ὁ
1170 4643 1416 4715 ψαλμὸςη
1441 4642 1647 4714 Μηδεὶς
1694 4639 1984 4711 διαφθείρῃ
2026 4640 2100 4711 (4)
2129 4641 2234 4708 ἕως
2269 4646 2456 4713 τέλους
2495 4649 2603 4703 τῶν
2647 4648 2875 4703 ἐντολῶν
2915 4649 3006 4703 τοῦ
3048 4649 3203 4702 Θεοῦ.
3246 4649 3474 4718 Ψαλμὸς
3510 4650 3566 4701 ὄὲ
3607 4645 3683 4711 τῷ
3729 4647 3921 4715 Ἀσάφ,

685 4746 820 4815 ὅπερ
855 4740 1210 4813 ἑρμηνεύεται
1232 4738 1576 4807 συναγωγὴ,
1605 4737 1700 4790 κο.)⁸
1724 4733 2060 4814 συλλέγων.
2079 4736 2266 4794 Ταῦτα
2300 4742 2357 4796 δὲ
2384 4746 2463 4809 εἰς
2485 4746 2576 4799 τὸν
2602 4745 2807 4816 Κύριον
2849 4745 3240 4818 ὲρμηνεύονται
3265 4745 3450 4816 (5),,τὸ
3476 4741 3811 4813 συλλέγων,
3837 4746 3924 4796 καὶ

681 4838 761 4899 εἰς
800 4839 890 4889 τὸν
931 4833 1166 4903 κόσμον,
1211 4830 1288 4901 τῷ
1307 4829 1647 4901 συναγωγή.

754 4925 970 4981 Titulus
999 4923 1323 4994 praepositus
1345 4923 1625 4977 continet:
1666 4919 1733 4974 In
1759 4921 1940 4989 ﬁnem,
1971 4935 2033 4973 ne
2068 4935 2395 4989 corrumpas,
2424 4922 2673 4978 Psalmus
2707 4927 2901 4980 cantici
2932 4927 3128 4993 Amph.
3167 4926 3281 4983 Hoc
3316 4928 3478 4997 igitur
3525 4930 3768 4999 psalmus
3803 4947 3921 4987 sua—

683 5027 792 5088 det,
824 5032 884 5078 ut
912 5036 1071 5077 nemo
1105 5027 1420 5088 corrumpat
1442 5033 1613 5088 usque
1643 5018 1696 5071 in
1725 5019 1886 5071 linem
1920 5015 2140 5084 aliquod
2175 5015 2269 5070 Dei
2300 5031 2653 5089 praaceptum.
2691 5018 2940 5077 Psalmus
2985 5032 3167 5076 autem
3204 5023 3402 5092 Amph,
3437 5023 3584 5092 quod
3620 5025 3918 5096 interpreta-

685 5114 774 5178 tur
802 5119 1162 5190 congregatio,
1192 5125 1248 5172 et
1281 5131 1620 5187 congregans.
1655 5111 1781 5169 Haec
1830 5122 2011 5168 autem
2056 5127 2376 5184 congregans
2412 5115 2801 5187 interpretatur
2847 5119 2914 5174 de
2967 5119 3206 5184 Domino,
3268 5121 3600 5189 congregatio
3647 5131 3816 5176 autem
3859 5117 3918 5170 de

743 5229 905 5269 ιιηαο.

683 5213 1248 5372 ωῗῗᾶὲοηῧιοὺὶωιιτ,
1289 5301 1455 5370 Deus,
1477 5314 1579 5356 nos
1615 5297 1836 5354 servitio
1870 5304 1965 5350 tuo
2005 5293 2254 5350 addictos

2434 5298 2485 5352 1.
2505 5297 2940 5371 ὐμολογήσομεν
2965 5298 3190 5363 ἑαυτοὺς
3214 5297 3570 5356 δεδουλῶσθαι
3599 5317 3704 5367 σοι,
3733 5303 3761 5356 ὀ
3778 5297 3911 5365 Θεός.

686 5411 829 5456 0588.

1629 5485 1936 5549 Addenda
1985 5493 2048 5547 et
2078 5484 2453 5566 corrigenda
2502 5504 2582 5548 ex
2614 5487 2755 5548 cod.
2788 5486 2986 5547 Vatic.

781 5593 836 5664 4)
867 5594 1091 5664 ῥύτοζς.
1216 5663 1219 5664 ν
1378 5663 1387 5664 7
1831 5659 1839 5664 _
1948 5660 1959 5664 Δ
2121 5658 2134 5664 _
2361 5589 2736 5664 Ἀσᾲφνῴδῇᾳ

821 5594 1079 5664 >Αὐτοῖς.
2361 5590 2535 5658 Ἀσάφ
2592 5590 2605 5610 ’
2651 5590 2736 5659 ἦς.

821 5667 837 5732 )
866 5661 930 5718 N.
961 5663 1049 5717 44.
1082 5663 1236 5717 Ἐλθὲ
1262 5705 1275 5724 ,
1309 5663 1518 5734 Κύριε·
1551 5664 1734 5732 κρῖνον
1793 5659 1892 5732 τὴν
1913 5658 2238 5731 οἰκουμένην
2432 5661 2508 5734 (4)
2536 5590 2990 5734 Βίῖιδδιαφθείρῃς.

759 5663 837 5736 (‘2)
866 5663 930 5718 N.
961 5663 1049 5717 44.
1082 5663 1236 5717 Ἐλθὲ
1262 5705 1275 5724 ,
1309 5663 1481 5734 Κύριε
1505 5680 1518 5692 ·
1551 5664 1734 5732 κρῖνον
1793 5663 1892 5732 τὴν
1913 5663 2238 5731 οἰκουμένην
2432 5663 2487 5728 (4
2536 5663 2626 5731 Μὴ
2653 5663 2990 5731 διαφθείρῃς.

697 5731 766 5791 Ν.
795 5734 883 5789 45,
915 5735 1195 5805 Μνήσθητι
1234 5735 1340 5787 τῶν
1381 5732 1629 5805 εποίησεν
1657 5742 1828 5805 etc.__
1954 5801 1964 5805 _
2015 5801 2024 5805 Δ
2091 5799 2103 5805 _
2550 5730 2962 5802 Ἐρμηνεύεται.
3013 5728 3130 5783 Mox
3157 5728 3217 5782 τὸ
3249 5725 3560 5798 συναγωγή

778 5806 850 5877 (3)
899 5807 962 5858 Ἢ
995 5799 1079 5860 διὰ
1102 5799 1198 5875 τῆς
1230 5799 1591 5876 κινναϐάρεως
1616 5820 1738 5875 περ.
1781 5801 1901 5859 Mox
1937 5799 2147 5873 ψαλμδς
2188 5816 2265 5868 τῳ
