4056 6318
57 381 163 442 965
956 382 1047 438 DE
1086 383 1358 438 TITULlS
1389 382 1828 439 PSAIMORUM.
1864 416 1918 424 —-
1952 384 2142 442 PSAL.
2189 387 2418 441 LXXVI.
3195 381 3300 432 966

129 502 217 560 18.
258 501 372 555 Καὶ
405 499 534 557 εἶπα
567 519 580 533 ·
620 503 730 557 Νῦν
752 502 1001 574 ἠρξάμην
1029 519 1042 533 ⁸
1669 514 1715 566 Α

976 523 1001 554 ν
1029 519 1042 533 ·
1669 514 1715 566 Α
1813 504 1897 557 18.
1931 505 1990 560 Et
2028 507 2136 559 dixi
2165 526 2178 561 :
2217 506 2370 560 Nunc
2398 506 2536 574 (ιωρὶ
2569 527 2578 559 :

132 595 219 648 |9.
258 594 424 665 Δῦτη
445 597 479 666 ἡ
507 595 785 657 ἀλλοίωσις
816 596 913 665 τῆς
946 596 1122 659 δεξιᾶς
1151 595 1242 648 τοῦ
1285 596 1558 665 Ὑψίστου.

1222 595 1242 648 5
1285 596 1558 665 Ὑψίστου.
1815 596 1898 649 19.
1925 595 2044 650 Ihec
2075 599 2302 652 mutatio
2331 598 2566 651 dexterae
2589 597 2824 650 lixcclsi.

126 683 220 737 20.
253 685 581 756 Ἐμνήσοην
607 685 714 736 τῶν
739 683 909 755 ἔργων
933 684 1127 755 Κυρίου
1153 702 1166 715 ·

1809 688 1897 742 9.0.
1935 687 2135 742 Memor
2168 688 2241 742 fui
2273 704 2494 758 operum
2531 689 2777 739 Domini:

127 776 221 829 21.
256 777 385 828 Ὅτι
421 776 799 847 μνησθήσομαι
833 776 936 828 ἀπὸ
964 777 1061 844 τῆς
1099 778 1268 847 ἀρχῆς
1296 778 1401 829 τῶν
1436 777 1643 847 θαυμα-

1811 779 1899 832 21.
1930 779 2064 845 Quia
2086 795 2288 834 memor
2312 795 2406 834 cro
2425 781 2490 833 ab
2508 779 2660 832 initio
2692 777 3017 831 mirabilium
3044 786 3284 830 tuorum.

65 865 193 918 σίων
226 882 350 919 amr

128 956 218 1008 22.
259 955 372 1007 Καὶ
409 955 692 1024 μελετήσει)
736 957 793 1007 ἔν
829 957 960 1008 πᾶσι
990 959 1102 1018 τοῖς
1130 957 1306 1026 ἔργοις
1341 973 1463 1009 σου⁹

1811 957 1898 1010 22.
1931 956 1997 1010 Et
2037 957 2335 1011 meditabor
2366 957 2417 1009 in
2454 955 2703 1009 onmihus
2733 954 2986 1022 Opet'ibtls
3019 954 3153 1007 luis:

129 1046 222 1099 25.
253 1047 371 1097 Καὶ
406 1049 466 1096 εν
489 1050 597 1107 τοῖς
622 1047 1016 1115 ἐπιτηδεύμασί
1055 1064 1146 1098 σου
1174 1047 1532 1116 ἀδολεσχήσιυ.

1450 1065 1532 1099 τω.
1812 1049 1898 1102 25.
1932 1049 1995 1101 Et
2023 1049 2072 1101 in
2111 1049 2584 1102 adinventionibus
2613 1047 2718 1100 tuis
2746 1046 3052 1100 exercebor.

126 1137 216 1189 24.
267 1138 327 1188 Ὀ
364 1137 524 1200 Θεὸς,
562 1139 618 1188 ἐν
650 1137 723 1206 τῷ
760 1138 896 1205 ἁγίῳ
932 1139 962 1205 ἡ
991 1138 1105 1199 ὁδός
1137 1155 1227 1189 σου
1257 1155 1267 1166 ·

1081 1155 1105 1199 ς
1137 1155 1227 1189 σου
1257 1155 1267 1166 ·
1812 1139 1898 1190 21.
1931 1138 2090 1202 Deus,
2129 1139 2179 1191 in
2209 1149 2396 1192 sancto
2433 1138 2515 1189 via
2548 1146 2635 1189 tua
2667 1155 2678 1189 :

131 1227 222 1280 25.
256 1228 358 1290 Τίς
387 1228 524 1290 Θεὸς
552 1229 721 1296 μέγας
750 1228 820 1290 ὡς
851 1231 877 1280 6
903 1228 1032 1290 Θεος
1061 1229 1246 1297 mmini;

1815 1229 1902 1280 23.
1940 1229 2072 1293 Quis
2099 1229 2237 1283 Deus
2267 1244 2493 1297 magnus
2517 1229 2654 1282 sicut
2678 1227 2817 1281 Deus
2846 1227 3058 1282 noster?

126 1317 218 1371 26.
248 1320 324 1370 Σὺ
345 1315 400 1369 εἷ
426 1320 455 1369 ὁ
478 1319 606 1381 Θεὸς
633 1321 657 1371 ὁ
694 1319 852 1370 ποιῶν
889 1318 1186 1389 Θαυμάσια.

1813 1317 1900 1369 213.
1937 1318 2012 1369 Tu
2040 1334 2099 1372 es
2125 1317 2281 1381 Deus,
2309 1319 2397 1386 qui
2435 1318 2564 1371 facis
2598 1318 2891 1371 mirabilia:

132 1409 221 1462 9.7.
256 1408 602 1478 Ἐγνώρισας
636 1411 690 1460 ἐν
721 1413 830 1471 τοῖς
860 1409 1004 1470 λαοῖς
1030 1409 1125 1479 τὴν
1156 1409 1380 1479 δύναμίν
1418 1425 1508 1460 σου

1811 1410 1898 1462 27.
1929 1409 2114 1463 Notam
2150 1411 2321 1465 fecisti
2357 1411 2406 1462 in
2435 1411 2645 1478 populis
2676 1410 2922 1463 virtutem
2967 1419 3152 1463 tuam:

133 1500 226 1553 ‘28.
262 1499 595 1569 Ἐλυτρὼσω
621 1502 676 1550 ὲν
702 1499 777 1568 τῷ
809 1499 1048 1569 βραχίονι
1073 1517 1162 1552 σου
1192 1501 1282 1552 τὸν
1307 1500 1430 1552 λαόν
1456 1517 1569 1560 σου,

1556 1541 1569 1560 ς
1812 1502 1900 1555 28.
1941 1503 2230 1559 ltcdemisti
2259 1492 2314 1556 in
2337 1503 2558 1556 brachio
2583 1511 2673 1554 tuo
2701 1503 2953 1570 populum
2983 1513 3154 1566 tumn,

135 1592 223 1644 29.
258 1593 407 1654 Τοὺς
444 1592 591 1653 υἱοὺς
628 1591 819 1642 Ἰακὼϐ
855 1593 945 1644 καὶ
977 1593 1197 1662 Ἰωσήφ.

1033 1593 1197 1662 inﬁgo.
1813 1594 1900 1646 99.
1933 1593 2098 1648 Filios
2128 1594 2295 1648 Jacob
2330 1605 2383 1648 et
2417 1593 2635 1661 Joscpli.

139 1683 228 1736 50.
263 1683 502 1736 Εἶδοσάν
527 1700 583 1734 σε
618 1683 803 1748 ῦδατα,
830 1685 858 1736 6
881 1683 1010 1745 Θεός
1035 1701 1045 1713 '

1813 1687 1898 1740 50.
1931 1687 2186 1741 Viderunt
2213 1697 2262 1740 te
2291 1703 2461 1756 aquae,
2492 1686 2665 1738 Deus:

137 1775 224 1827 5|.
255 1774 492 1827 Εἴδοσάν
520 1791 576 1826 σε
607 1773 793 1833 ῦδατα.
828 1776 918 1827 καὶ
943 1775 1306 1846 ἐφοϐήθησαν.
1680 1842 1710 1846 _

1274 1793 1306 1828 ι.
1680 1842 1710 1846 _
1817 1777 1902 1828 5|.
1938 1777 2198 1831 Viderunt
2228 1788 2276 1831 te
2309 1794 2459 1846 :iqttre
2487 1785 2539 1828 et
2564 1777 2876 1828 timuerunt.

139 1865 228 1917 52.
277 1865 691 1936 Ἐταράχθησαν
714 1865 956 1930 ἄϐυσσοι,
984 1842 1184 1936 πλῆὸος
1207 1866 1369 1936 ἠχοῦς
1415 1865 1642 1919 ὑδάτων·
1679 1842 1717 1894 Β

1693 1842 1717 1894 3
1819 1867 1906 1920 52.
1934 1866 2153 1921 Turbati
2187 1877 2310 1922 sunt
2340 1842 2538 1937 abyssi,
2568 1866 2852 1919 multitudo
2891 1866 3100 1920 sonitus
3127 1881 3295 1934 aqua-

1752 1974 1912 2013 rum:

143 2038 229 2090 55.
265 2039 461 2108 Φωνὴν
493 2041 694 2092 ἔδωκαν
729 2042 782 2093 αἱ
815 2041 1052 2108 νεφέλαι,

1037 2083 1052 2104 .
1820 2051 1907 2102 53.
1945 2047 2136 2102 Vocem
2162 2046 2422 2100 dederunt
2448 2047 2636 2112 nubes,

144 2129 230 2180 54.
269 2131 382 2180 Καὶ
423 2131 528 2201 γὰρ
561 2133 625 2182 τὰ
657 2131 781 2200 βέλη
822 2148 912 2183 σου
940 2131 1368 2203 διαπορεῦονται·

1255 2150 1368 2186 νται·
1821 2141 1907 2194 51.
1937 2139 2143 2194 Etenim
2176 2140 2381 2208 sagittae
2406 2145 2511 2192 tuae
2541 2148 2818 2193 transeunt
2847 2159 2857 2192 :

147 2223 232 2276 55,
269 2226 430 2296 Φωνὴ
462 2229 556 2296 τῆς
583 2227 804 2298 βροντῆς
839 2244 929 2279 σου
954 2228 1010 2278 ἐν
1045 2227 1120 2297 τῷ
1143 2228 1340 2297 τροχῷ.

1069 2227 1120 2297 τῷ
1143 2228 1340 2297 τροχῷ.
1820 2232 1908 2286 55.
1942 2229 2056 2283 Vox
2089 2230 2308 2283 tonitrui
2337 2229 2414 2282 tui
2450 2229 2502 2282 in
2536 2240 2671 2285 rota.

1200 2344 1570 2400 ATHANASII
1613 2345 2189 2403 INTERPRETATIO.

153 2453 237 2505 18.
267 2454 380 2505 Καὶ
403 2449 530 2506 εἶπα
549 2471 564 2486 ·
603 2455 792 2525 Κύριε,
817 2454 891 2518 ὡς
922 2453 1013 2508 νῦν
1048 2455 1348 2525 ἀρξαμένου
1392 2473 1491 2525 μου
1518 2457 1640 2509 κολ-

1822 2461 1904 2514 18.
1947 2461 2011 2513 Et
2060 2460 2209 2517 dixi:
2245 2458 2490 2520 Domine,
2524 2457 2685 2512 veluti
2718 2472 2859 2511 nunc
2892 2457 3176 2526 incipiente
3213 2471 3297 2510 me

87 2543 278 2595 λὶσθαί
317 2561 426 2606 σοι,
458 2544 602 2606 ἔλεός
637 2562 733 2613 μου
756 2544 931 2613 γενοῦ.

1745 2553 2017 2605 adhmrere
2051 2553 2304 2613 tibi,esto
2335 2549 2708 2604 misericordia
2742 2565 2879 2602 mea.

150 2635 232 2687 19.
263 2633 370 2686 Καὶ
399 2637 460 2687 τὸ
493 2635 661 2696 οὕτως
691 2637 1082 2707 μεταϐληθῆναί
1116 2653 1179 2707 με
1206 2637 1311 2690 ἀπὸ
1339 2637 1434 2707 τῆς
1470 2638 1643 2709 ἁμαρ⁴

1820 2646 1904 2698 19.
1935 2644 1999 2697 Et
2048 2645 2119 2696 ita
2165 2657 2250 2696 me
2302 2642 2585 2696 transferri
2635 2657 2664 2694 a
2710 2655 2928 2710 peccato
2969 2641 3019 2693 itt
3048 2641 3295 2693 timorem

88 2726 201 2789 τίας
233 2729 312 2790 εἰς
338 2728 432 2780 τὸν
460 2727 618 2794 φόϐον
648 2745 737 2780 σου
763 2730 858 2799 τῆς
888 2729 1104 2798 χάριτός
1133 2729 1222 2781 σοῦ
1249 2731 1416 2781 ἐστιν.

799 2730 858 2799 ἧς
888 2729 1104 2798 χάριτός
1133 2729 1222 2781 σοῦ
1249 2731 1416 2781 ἐστιν.
1747 2741 1919 2798 tuum,
1956 2733 2140 2802 gratia:
2167 2740 2270 2785 tuae
2303 2741 2401 2785 est.

169 2818 257 2871 20.
291 2821 404 2871 Καὶ
438 2818 620 2871 λοιπὸν
653 2822 707 2872 ὲν
748 2819 821 2889 νῷ
852 2819 1036 2872 ἔλαϐον
1085 2820 1137 2871 τί
1182 2822 1294 2871 ἔστι
1349 2821 1410 2871 τὸ
1461 2820 1650 2890 εῦάρε-

1812 2823 1900 2878 20.
1931 2823 1994 2876 Ει
2019 2825 2233 2876 demum
2258 2824 2312 2875 in
2339 2829 2515 2876 mente
2538 2821 2740 2890 accepi,
2764 2820 2908 2890 quod
2938 2828 3019 2874 est
3048 2821 3293 2890 benepla-

95 2926 206 2960 στον
227 2911 300 2978 (1)
331 2911 411 2981 τῷ
440 2912 650 2980 Κυρίῳ.

551 2912 650 2979 ιίῳ.
1743 2931 1872 2970 cens
1905 2913 2153 2966 Domino.

159 3001 244 3054 21,
281 3003 408 3054 Ὅτι
447 3003 506 3066 ἐξ
542 3003 713 3074 ἀρχῆς
773 3004 1148 3076 μνησθήσομαι
1191 3004 1298 3056 τὼν
1339 3005 1641 3076 δικαιωμά-

1811 3007 1898 3060 21.
1929 3005 2194 3072 Quoniam
2221 3003 2287 3056 ab
2312 3001 2469 3056 initio
2499 3014 2705 3053 memor
2726 3013 2820 3054 ero
2845 2999 3294 3068 justiticationum

95 3106 194 3141 των
218 3108 308 3143 σου
319 3131 330 3143 .

1743 3105 1981 3152 tuarum.

161 3181 244 3232 9.9..
283 3184 391 3234 Καὶ
422 3182 659 3252 ἐπιμενῶ
686 3185 848 3235 πᾶσιν
879 3185 1079 3246 αὐτοῖς.
1671 3167 1711 3224 C

1671 3167 1711 3224 (ἶ
1813 3188 1901 3240 22.
1934 3185 1996 3238 Ει
2026 3185 2079 3238 in
2114 3184 2367 3238 omnibus
2390 3183 2517 3246 ipsis
2544 3183 2885 3250 permanebo.

160 3271 241 3322 25,
276 3274 384 3324 Καὶ
410 3276 466 3326 ἐν
495 3277 601 3336 τοῖς
619 3275 795 3344 ἔργοις
818 3275 912 3337 τῆς
930 3275 1272 3338 δικαιοσύνης
1301 3292 1391 3329 σου
1411 3284 1646 3348 τερφῠη-

1511 3284 1646 3348 φθη-
1812 3278 1902 3336 25.
1941 3275 2006 3330 Ει
2038 3275 2346 3330 delcctabor
2378 3275 2427 3325 in
2460 3274 2712 3341 operibus
2735 3274 2962 3342 jnslitia:
2991 3284 3112 3328 tum.

103 3378 271 3430 σομαι.

163 3452 248 3504 2|.-
288 3456 345 3506 ὐ
381 3456 532 3518 Θεὸς,
565 3458 619 3507 ἐν
649 3456 722 3525 τῷ
753 3455 864 3526 Υἱῷ
894 3474 985 3509 σου
1017 3457 1252 3526 ήπίστις
1289 3474 1399 3509 σου.

1167 3475 1252 3520 ’τις
1289 3474 1399 3509 σου.
1813 3456 1902 3509 24.
1935 3454 2093 3516 Deus,
2134 3453 2184 3504 in
2218 3451 2350 3505 Filio
2378 3459 2472 3504 tuo
2497 3451 2627 3504 iides
2655 3459 2769 3503 tua.

164 3542 247 3594 25.
275 3546 410 3616 Πιρὶ
435 3542 492 3598 οὗ
533 3546 740 3607 Παῦλος
769 3547 870 3614 ἔφη
899 3565 911 3576 ·
952 3547 1060 3598 Τοῦ
1091 3547 1354 3615 μεγάλου
1381 3550 1524 3600 Θεου
1550 3565 1645 3601 και

1812 3548 1900 3600 25.
1934 3546 2007 3599 De
2035 3560 2142 3615 quo
2174 3543 2374 3595 Paulus
2406 3543 2616 3595 dicebat
2647 3561 2658 3594 :
2695 3541 2872 3611 Magni
2909 3539 3002 3593 Dei
3029 3549 3075 3592 ct
3106 3538 3278 3594 Salva-

103 3634 360 3702 Σωτῆρος
396 3637 561 3704 ἡμῶν
602 3637 800 3702 Ἰησοῦ
840 3637 1116 3704 Χριστοῦ,
1144 3637 1247 3691 τοῦ
1277 3638 1482 3704 δόντος
1510 3639 1646 3694 ἑαυ-

1747 3641 1874 3692 toris
1904 3639 2069 3692 nostri
2095 3636 2220 3690 Jesu
2271 3637 2492 3698 Christi,
2531 3636 2618 3704 qui
2655 3636 2795 3688 dedit
2842 3636 3064 3703 seipsum
3095 3635 3281 3688 redem-

110 3722 208 3774 τὸν
232 3727 584 3796 ἀντίλυτρον
606 3730 758 3797 ὑπὲρ
789 3729 1045 3784 πάντων.

835 3729 1045 3784 άντων.
1743 3733 1968 3800 ptionem
1993 3747 2084 3798 pro
2111 3729 2344 3781 omnibus
2372 3729 2436 3780 θ’.

166 3815 250 3869 26.
284 3819 354 3869 Σὺ
384 3814 433 3870 εἶ
458 3821 485 3870 ὀ
511 3820 639 3884 Θεὸς
691 3823 716 3872 6
761 3821 1048 3891 ἰασάμενος
1082 3822 1136 3874 ἐν
1173 3821 1247 3890 (2)
1280 3825 1344 3891 τῇ
1384 3824 1650 3896 παρουσίᾳ

1817 3822 1906 3875 26.
1945 3820 2024 3874 Tu
2061 3836 2118 3875 cs
2149 3820 2310 3881 Dens,
2339 3821 2430 3888 qui
2478 3819 2679 3874 sanasti
2715 3820 2767 3872 in
2795 3819 3022 3872 adventu
3063 3825 3155 3871 tuo
3183 3834 3267 3872 om

109 3921 190 3957 σου
228 3909 427 3974 πάντας
461 3915 582 3975 τοὺς
610 3913 1240 3983 καταδυναστευομένους
1270 3915 1372 3967 ὑπὸ
1406 3915 1498 3968 τοῦ
1532 3917 1648 3968 δια-

1313 3915 1372 3967 πὸ
1406 3915 1498 3968 τοῦ
1532 3917 1648 3968 δια-
1749 3930 1844 3968 ncs
1872 3914 1963 3983 qui
1993 3921 2144 3967 erant
2173 3913 2274 3967 sub
2296 3912 2662 3966 dominatione
2696 3909 2915 3964 diaboli.

111 3996 272 4052 δόλου.

169 4089 250 4143 27.
294 4095 669 4165 Ἑφανέρωσας
693 4098 802 4158 τοῖς
831 4094 1132 4166 ἀνθρώποις
1165 4099 1252 4150 τὸν
1282 4100 1511 4170 Χριστόν
1533 4118 1644 4157 σου.

1536 4118 1644 4157 σου,
1813 4090 1903 4145 27.
1935 4089 2289 4144 Manifestasti
2317 4087 2592 4142 Christum
2628 4093 2780 4139 tuum
2812 4085 3138 4140 hominibus.

171 4176 250 4231 28.
284 4181 368 4234 Ἐν
400 4183 546 4252 αὐτῷ
584 4183 660 4253 τῷ
692 4182 804 4252 Υίῴ
835 4199 950 4235 σου.

846 4199 950 4235 που.
1816 4183 1906 4236 28.
1945 4181 1998 4234 lu
2032 4183 2147 4250 ipso
2179 4179 2311 4232 Filio
2334 4185 2448 4232 tuo.

163 4266 244 4321 ‘29.
279 4273 412 4335 Τοὺς
444 4273 548 4326 τῶν
607 4273 864 4327 Ἰουδαίων
899 4274 990 4328 καὶ
1043 4274 1150 4327 τῶν
1197 4275 1387 4328 ἐθνῶν.
1428 4277 1648 4344 Ἰωσὴφ

1816 4274 1904 4328 29.
1937 4271 2149 4326 Judaeos
2188 4284 2238 4324 et
2277 4278 2482 4339 gentes.
2524 4268 2712 4337 Joseph
2743 4266 2887 4321 enim
2917 4265 3287 4334 interpretatur

109 4358 205 4426 γὰρ
255 4361 607 4432 ἑρμηνεύεται
667 4365 901 4418 ὀνείδου
964 4363 1267 4437 [ὀνείδους]
1311 4367 1644 4434 ἀφαίρεσις,

1311 4367 1644 4434 ἀφαίρεσις,
1746 4365 1942 4419 ablatio
1971 4364 2253 4433 opprobrii,
2282 4361 2469 4431 quales
2499 4370 2651 4414 erant
2679 4367 2882 4428 gentes.

110 4446 229 4519 ὅπερ
255 4454 354 4504 εἰσὶ
384 4455 452 4506 τὰ
483 4456 558 4521 (5)
586 4455 733 4526 ἔθνη.

171 4508 250 4594 5|).
276 4508 614 4614 Ἐπέγνιῦσάν
647 4508 712 4600 σέ
737 4549 785 4600 οἱ
813 4549 1086 4618 δαίμονες.
1669 4508 1718 4561 D

1669 4508 1718 4561 Β
1816 4540 1903 4594 50.
1933 4539 2313 4609 Cognovcrunt
2340 4547 2390 4590 te
2420 4535 2707 4590 daemones.

171 4629 249 4684 5|.
285 4635 503 4702 Ἔλεγον
529 4635 633 4706 γάρ
661 4638 708 4688 οἱ
725 4636 973 4706 δαίμονες
997 4654 1008 4666 ·
1048 4636 1105 4688 Τί
1131 4651 1225 4689 σοι
1259 4635 1277 4707 [
1307 4637 1407 4690 Ἔα
1440 4638 1488 4690 τί
1512 4640 1640 4709 ἡμῖν

1816 4632 1903 4684 5|.
1934 4630 2192 4684 Dicebant
2225 4629 2367 4681 enim
2409 4627 2678 4681 daemones
2705 4642 2716 4676 :
2743 4621 2883 4688 Quid
2931 4622 3074 4674 nobis
3103 4631 3149 4673 et
3177 4619 3289 4684 tibi,

114 4718 192 4769 καὶ
214 4723 304 4777 σοί.
338 4737 440 4780 etc.
464 4726 482 4797 ]
513 4727 724 4796 όᾶγιος
751 4728 853 4780 τοῦ
878 4726 1023 4780 Θεοῦ
1045 4728 1151 4797 (4);

751 4728 853 4780 τοῦ
878 4726 1023 4780 Θεοῦ
1045 4728 1151 4797 (6);
1748 4734 1874 4785 ctc.,
1900 4722 2122 4776 Sanctus
2152 4721 2243 4774 Dei
2263 4720 2347 4772 "1'

170 4810 247 4865 52.
275 4817 536 4887 Ἐκραζον
569 4818 674 4887 γὰρ
693 4819 819 4871 αὑτό
839 4819 912 4888 (5)
946 4817 1122 4889 [τοῦτο
1150 4818 1304 4889 αὐτό]
1328 4837 1339 4849 ·
1383 4820 1638 4888 Δεόμεθά

1816 4815 1902 4867 52.
1939 4814 2322 4866 Clariiaverunt
2359 4811 2501 4864 enim
2552 4811 2653 4863 hoc
2696 4810 2910 4879 ipsum:
2951 4806 3289 4862 Obsecramus

114 4914 229 4965 σου,
253 4907 330 4973 μὴ
350 4910 698 4976 βασανίσῃς
731 4909 904 4977 ἡμᾶς·
940 4910 998 4962 τὸ
1028 4909 1224 4982 πλῆθος
1259 4908 1350 4963 τοῦ
1379 4909 1637 4979 λεγεῶνος

1746 4913 1792 4956 te
1827 4919 1885 4955 ne
1912 4913 2148 4970 torqueas
2179 4917 2268 4954 nos
2291 4900 2369 4952 "z
2399 4899 2687 4953 multitudo
2715 4897 2940 4967 legionis
2964 4897 3289 4951 descendens

113 4988 163 5039 τὸ
199 4995 268 5056 εἰς
291 4999 384 5068 τὴν
421 4999 648 5051 ἄϐυσσον
671 4999 918 5054 ἀπελθόν.

497 5016 648 5051 υσσον
671 4999 918 5054 ἀπελθόν.
1747 4996 1796 5049 in
1821 4998 2099 5064 abyssum.

174 5080 248 5135 55.
279 5089 334 5139 Οἱ
356 5091 624 5159 προφῆται
648 5089 1097 5160 προανεφώνησαν
1127 5091 1252 5158 περὶ
1280 5088 1460 5143 αὑτοῦ.

1371 5088 1460 5143 τοῦ.
1808 5088 1896 5140 55.
1925 5085 2203 5154 Propheta:
2231 5084 2722 5152 praenuntiaverunt
2753 5080 2818 5136 de
2840 5081 2973 5150 ipso.

173 5174 250 5230 54.
275 5181 348 5234 Τὰ
377 5182 528 5248 λόγιά
563 5200 655 5234 σου
681 5181 1045 5251 ἡκούσοησαν.

1805 5177 1892 5230 54.
1930 5174 2151 5244 Eloquia
2183 5182 2272 5227 tua
2303 5173 2484 5226 audita
2517 5178 2659 5225 sunt.

173 5263 248 5320 55.
278 5272 342 5324 Τὸ
369 5273 626 5344 κήρυγμά
649 5290 740 5325 σου
769 5273 826 5325 ἐν
862 5273 938 5342 τῷ
963 5273 1170 5344 κόσμῳ.

1096 5292 1170 5342 .ῳ.
1814 5268 1900 5321 55.
1933 5265 2248 5320 Praedicatio
2277 5275 2364 5319 tua
2395 5265 2447 5317 in
2480 5265 2698 5317 mundo.

169 5395 203 5425 "
237 5396 332 5456 Tit.
356 5419 416 5466 tt,
446 5403 541 5467 |5;
578 5400 597 5454 |
638 5401 776 5455 Tim.
807 5417 865 5468 tt,
910 5401 960 5454 6.
1038 5403 1082 5432 θ’
1118 5401 1303 5455 Matth.
1330 5417 1442 5466 vnt,
1479 5401 1586 5467 99;
1655 5399 1818 5454 Marc.
1857 5416 1892 5466 ι,
1927 5399 2025 5464 24;
2067 5396 2198 5452 Luc.
2236 5413 2309 5463 tv,
2341 5396 2429 5451 5|.
2471 5395 2694 5449 "Marc.
2723 5411 2774 5458 ν,
2812 5393 3027 5459 7;Lttc.
3061 5411 3170 5461 vni,
3197 5396 3283 5450 28.

1014 5510 1315 5571 Addenda
1344 5518 1402 5571 et
1435 5510 1808 5588 corrigenda
1843 5527 1921 5570 ex
1948 5509 2086 5569 cod.
2121 5508 2320 5570 Vatia.

265 5612 522 5683 ίᾹρεστόν.
1898 5611 1964 5683 Οἱ,
1986 5610 2258 5683 δαίμονες·
2285 5610 2517 5679 Οἴδαμέν
2542 5627 2620 5674 σε,
2645 5609 2727 5670 τίς
2755 5604 2804 5661 εἷ
2824 5609 2972 5677 ἅγιος
2991 5607 3080 5660 τοῦ
3127 5608 3280 5662 Θεοῦ.

194 5608 213 5656 |
265 5612 522 5683 ‘Apsatév.

194 5608 240 5813 ἓξ
270 5681 352 5733 Ἐν
378 5686 547 5738 deest.

194 5745 222 5797 ὅ
277 5751 497 5806 Ὀνείδου
535 5752 818 5813 ἀφαίρεσις
848 5751 982 5813 ὅπερ
1028 5752 1173 5804 ἐστὶν
1207 5751 1292 5812 τά.
1325 5761 1427 5805 etc.

474 5634 522 5666 ν.
1798 5611 1870 5680 (4)
1898 5611 1960 5662 Οἱ
1986 5610 2070 5661 δαί

474 5693 547 5738 st.
1800 5681 1872 5750 (5)
1903 5679 2076 5748 Αὐτῷ.

474 5773 497 5804 υ
535 5752 818 5813 ἀφαίρεσις
848 5751 982 5813 ὅπερ
1028 5752 1173 5804 ἐστὶν
1207 5751 1292 5812 τά.
1325 5761 1427 5805 etc.

277 5751 497 5806 Ὀνείδου
535 5752 818 5822 ἀφαίρεσις
848 5751 982 5821 ὅπερ
1028 5752 1173 5804 ἐστὶν
1207 5751 1292 5812 τά.
1325 5761 1427 5828 etc.
