4056 6318
735 301 830 356 971

809 428 897 481 26.
934 429 1054 483 Non
1079 430 1456 488 custodierunt
1487 442 1873 490 testamentum
1904 437 2015 493 Dei.

805 520 896 574 27.
923 520 989 576 Et
1013 521 1068 576 in
1099 522 1215 593 lege
1241 523 1360 594 ejus
1391 525 1686 582 noluerunt
1714 529 2015 585 ambulare.

805 702 896 756 28.
932 701 998 758 Et
1022 705 1172 760 obliti
1199 717 1328 762 sunt
1354 707 1764 764 benefactorum
1795 710 1936 779 ejus,

803 795 896 850 29.
928 794 994 849 Et
1027 797 1357 853 mirabilium
1389 799 1528 869 ejus,
1564 817 1686 871 quae
1713 802 1954 855 ostendit
1977 802 2075 856 eis.

801 973 888 1027 50.
919 974 1114 1029 Coram
1141 974 1387 1046 patribus
1409 994 1621 1044 eorum,
1647 995 1767 1048 quae
1796 978 1922 1034 fecit
1948 982 2239 1046 mirabilia,

802 1148 890 1204 51.
922 1148 980 1203 lu
1007 1161 1148 1206 terra
1182 1151 1421 1223 )Egypti,
1451 1155 1503 1208 in
1535 1170 1729 1224 campo
1751 1156 1968 1212 Taneos

799 1240 886 1295 52.
913 1241 1211 1312 Interrupit
1237 1261 1407 1307 mare,
1436 1257 1488 1300 et
1521 1249 1774 1316 perduxit
1801 1263 1894 1303 eos
1922 1268 1934 1303 :

802 1336 891 1388 55.
918 1335 985 1389 Et
1008 1339 1201 1391 statuit
1222 1353 1392 1408 aquas
1421 1340 1577 1408 quasi
1604 1350 1802 1396 utrem.

798 1429 887 1482 54.
921 1429 986 1484 Et
1017 1431 1241 1487 deduxit
1269 1449 1364 1488 eos
1397 1433 1449 1487 in
1481 1437 1624 1489 nube
1653 1434 1796 1489 diei:

799 1519 890 1573 55.
924 1518 990 1574 Ει
1015 1529 1123 1574 tota
1159 1533 1317 1577 nocte
1347 1523 1400 1577 in
1431 1523 1831 1578 illuminatione
1860 1525 2022 1595 ignis.

795 1610 885 1666 56.
918 1613 1214 1683 interrupit
1244 1623 1451 1683 petram
1477 1616 1530 1668 in
1555 1631 1739 1670 eremo
1766 1635 1780 1672 :

793 1702 884 1757 57.
915 1702 981 1756 Ει
1008 1705 1303 1774 adaquavit
1329 1721 1425 1760 eos
1454 1707 1600 1761 velut
1627 1709 1681 1762 in
1711 1709 1912 1780 abysso
1945 1713 2114 1767 multa
2143 1731 2155 1766 :

794 1796 884 1851 58.
917 1797 983 1850 Et
1008 1799 1198 1852 eduxit
1221 1815 1420 1870 aquam
1453 1800 1519 1855 de
1543 1811 1736 1871 petra:

795 1890 885 1943 59.
927 1888 992 1944 Et
1013 1874 1199 1946 eduxit
1235 1899 1493 1962 tanquam
1526 1892 1753 1949 ﬂumina
1782 1909 1977 1966 aquas.

791 1980 880 2034 40.
909 1980 971 2036 Et
997 1994 1369 2051 apposuerunt
1397 1985 1575 2040 adhuc
1601 2001 1828 2056 peccare
1858 1989 1942 2042 ei:

788 2071 878 2122 41.
914 2070 969 2123 In
1005 2072 1141 2126 iram
1177 2073 1561 2129 excitaverunt
1588 2073 1881 2130 Excelsum
1909 2077 1965 2130 in
2005 2076 2298 2147 inaquoso.

793 2160 884 2216 42.
916 2161 981 2217 Ει
1006 2173 1349 2222 tentaverunt
1373 2166 1541 2222 Deum
1577 2167 1632 2222 in
1659 2169 1918 2225 cordibus
1951 2170 2090 2233 suis,

793 2358 872 2438 (ᾳ)
900 2361 1243 2438 ζηθελονλΛξ
1272 2363 1326 2417 in
1357 2378 1531 2436 marg.
1556 2363 1957 2438 ἠϐουλήθησαν.

796 2432 869 2499 (b)
900 2432 1007 2504 Τοῦ
1033 2431 1205 2504 Θεοῦ.
1226 2433 1281 2486 In
1319 2431 1504 2504 marg:
1529 2431 1718 2489 αὑτοῦ.

792 2505 864 2572 (ε)
904 2503 1164 2557 Ἔδωκεν.
1193 2503 1252 2558 Ιιι
1288 2503 1463 2576 marg.
1496 2506 1718 2573 ἔδειξεν.

1569 311 1625 366 S.
1668 310 2040 368 ATHANASH
2078 312 2229 370 OPP.
2272 316 2452 374 PARS
2507 317 2596 374 111.
2634 351 2702 362 -
2739 321 3149 382 EXEGETICA.
3891 331 3969 386 97?

2342 450 2386 506 Α
2484 444 2569 499 20.
2599 447 2712 500 Ούκ
2750 448 3025 518 ἐφύλαξαν
3053 451 3154 522 τῂν
3185 449 3449 524 διαθήκην
3477 451 3570 506 τοῦ
3594 449 3769 508 Θεοῦ.

2486 537 2574 591 27.
2604 540 2712 592 Kal
2768 542 2826 593 ἐν
2875 541 2953 612 τῷ
3007 543 3155 613 νόμῳ
3184 544 3347 597 αὐτοῦ
3375 546 3474 598 οὐκ
3505 545 3889 617 ἠϐουλήθησαν
3918 548 3972 616 (ι)

2415 629 2763 699 πορεύεσθαι.

2487 722 2575 778 28.
2606 725 2713 776 Kal
2737 711 3067 780 ἐπελάθοντο
3085 727 3192 780 τῶν
3215 731 3538 803 εὐεργεσιῶν
3558 732 3739 786 αὑτοῦ
3769 730 3861 802 (b),

2485 815 2572 868 29.
2639 816 2746 869 Kal
2799 818 2907 873 τῶν
2956 820 3270 891 θαυμασίων
3326 824 3508 888 αὑτοῦ,
3560 819 3640 879 ὧν
3679 825 3882 890 ἔδειξεν
3921 829 3974 896 (cl

2415 906 2618 970 αὐτοῖς.

2484 999 2571 1053 50.
2645 1001 2915 1056 Ἐναντίον
2970 1005 3078 1058 τῶν
3113 1008 3363 1079 πατέρων
3415 1011 3614 1078 αὐτῶν,
3680 1013 3723 1067 ἃ.
3779 1013 3970 1083 ἐποξητι

2415 1087 2712 1158 θαυμάσια,

2483 1181 2570 1234 51.
2620 1184 2706 1234 Ἐν
2730 1185 2798 1253 γῇ
2831 1185 3115 1259 Αἰγύπτῳ,
3149 1192 3206 1244 ἐν
3240 1192 3410 1264 πεδίῳ
3440 1193 3684 1258 Τάνεως.

2483 1273 2568 1325 52.
2603 1274 2866 1346 Διέρῤηξε
2900 1277 3198 1347 θάλασσαν,
3230 1283 3323 1336 καὶ
3356 1284 3614 1356 διήγαγεν
3655 1285 3889 1348 αὐτούς·

2482 1365 2568 1418 55.
2604 1367 2952 1438 Παρέστησεν
2988 1371 3158 1428 ὕδατα
3191 1375 3322 1428 ὡσεὶ
3355 1377 3539 1431 ἀσκόν.

2482 1455 2566 1508 54.
2604 1458 2711 1509 Kal
2732 1459 3010 1532 ὡδήγησεν
3034 1466 3230 1530 αὐτοὺς
3253 1467 3310 1520 ἐν
3338 1469 3532 1541 νεφέλῃ
3565 1471 3793 1539 ἡμέρας
3811 1486 3824 1499 °

2480 1547 2569 1601 55.
2595 1549 2704 1601 Kal
2725 1551 2853 1622 ὅλην
2874 1553 2972 1624 τὴν
3004 1557 3174 1610 νύκτα
3197 1560 3257 1611 ἐν
3290 1560 3551 1630 φωτισμῷ
3578 1561 3784 1630 πυρός.

2480 1641 2570 1699 56.
2607 1643 2870 1716 Διὲρρηξε
2901 1649 3106 1721 πέτραν
3142 1653 3201 1706 ἐν
3239 1656 3462 1726 ἐρήμῳο

2484 1735 2573 1788 57.
2612 1737 2723 1789 Καὶ
2750 1739 3000 1793 ἐπότισεν
3022 1743 3218 1808 αὐτοὺς
3241 1746 3315 1808 ὡς
3341 1748 3398 1800 ἐν
3428 1745 3656 1815 ἀὸύσσῳ
3693 1743 3881 1813 πολλῇ.

2481 1825 2569 1879 58.
2604 1828 2715 1881 Kal
2743 1829 3013 1901 ἐξήγαγεν
3051 1831 3196 1905 ὕδωρ
3218 1836 3283 1889 ἐκ
3312 1836 3517 1908 πέτρας
3536 1854 3549 1867 ·

2480 1915 2568 1970 59.
2598 1919 2709 1972 Kal
2738 1923 3052 1993 κατήγαγεν
3072 1924 3147 1988 ὡς
3174 1930 3448 1997 ποταμοὺς
3475 1928 3663 1983 ὕδατα.

2483 2008 2572 2064 40.
2610 2013 2720 2066 Kal
2761 2015 3088 2085 προσέθεντο
3114 2018 3193 2071 ἐτι
3225 2018 3320 2072 τοῦ
3361 2019 3702 2091 ἁμαρτάνειν
3735 2017 3878 2087 αύτῷ

2481 2099 2571 2156 41.
2609 2104 3037 2180 Παρεπίκραναν
3067 2112 3156 2164 τὸν
3181 2111 3442 2182 ’Ὕψιστον
3468 2113 3525 2164 ἐν
3553 2112 3796 2184 ἀνύδρῳ.

2485 2192 2574 2247 42.
2613 2197 2720 2251 Kal
2745 2198 3108 2272 ἐξεπείρασαν
3131 2205 3222 2257 τὸν
3245 2205 3377 2260 Θεὸν
3403 2210 3461 2260 ἐν
3484 2209 3602 2269 ταῖς
3624 2204 3875 2276 καρδίαις
3893 2203 3961 2256 αύ-

2413 2280 2543 2348 τῶν,

1851 2621 2228 2681 ATHANASII
2269 2624 2854 2682 INTERPRETATIO.

791 2779 880 2836 26.
904 2779 961 2835 ln
985 2780 1052 2836 iis
1077 2796 1199 2851 qua:
1218 2781 1284 2836 de
1305 2780 1538 2838 Domino
1555 2783 1699 2839 dicta
1727 2793 1856 2840 sunt
1874 2799 1970 2856 per
1987 2785 2300 2856 prophetas.

790 2951 881 3005 27.
920 2949 983 3005 Et
1009 2966 1072 3005 ea
1107 2967 1227 3022 quae
1253 2953 1387 3023 legis
1419 2964 1595 3021 erant,
1626 2958 1919 3013 noluerunt
1954 2957 2153 3014 facere.

790 3041 885 3103 28,
915 3041 1006 3096 29.
1061 3041 1225 3097 Obliti
1272 3053 1399 3099 sunt
1452 3049 1729 3116 quomodo
1779 3051 2130 3119 pertransivit
2164 3050 2298 3120 ipsis

723 3132 977 3187 omnibus
1015 3132 1385 3200 benefacieus,
1419 3146 1472 3191 et
1507 3155 1710 3198 sanans
1747 3157 1938 3196 omnes
1985 3141 2078 3211 qui
2117 3141 2298 3211 possi-

722 3225 990 3280 debantur
1018 3242 1047 3280 a
1079 3228 1317 3283 diabolo.

797 3316 886 3372 50.
917 3316 1116 3373 Coram
1148 3319 1490 3389 principibus
1519 3317 1855 3386 Iudaeorum,
1886 3338 2006 3392 quae
2037 3322 2162 3378 fecit
2194 3324 2299 3378 mi-

723 3410 938 3464 rabilia.

793 3502 885 3555 '51.
918 3502 972 3554 In
1011 3508 1156 3555 terra
1194 3503 1546 3559 obtenebrata
1590 3523 1643 3560 in
1680 3517 1856 3578 gente,
1883 3525 2005 3579 qua:
2040 3509 2173 3562 nihil
2204 3525 2299 3563 su-

726 3593 889 3647 blime
913 3595 1041 3665 agit.
1083 3593 1273 3649 Taneis
1312 3597 1455 3651 enim
1498 3600 1887 3668 interpretatur
1921 3603 2149 3656 humilia
2181 3603 2298 3670 jus-

724 3703 836 3751 sus,
868 3689 972 3742 hoc
996 3698 1079 3742 est
1101 3687 1295 3743 Judaei.

795 3780 885 3833 52.
919 3780 1145 3850 Aperuit
1174 3781 1338 3835 corda
1371 3796 1584 3848 eorum,
1614 3793 1674 3837 ut
1706 3795 1986 3840 cessarent
2016 3803 2043 3839 υ
2074 3786 2300 3855 pristina

725 3885 914 3931 eorum
956 3874 1390 3929 conversatione.

793 3965 880 4018 55.
913 3963 979 4016 Et
1007 3965 1292 4021 advocavit
1318 3975 1508 4039 gentes
1532 3978 1777 4025 mortuas
1805 3970 1874 4025 ob
1901 3980 2205 4041 peccatum.
2285 4027 2287 4029 ,

795 4145 970 4201 54.1η
1003 4145 1121 4202 luce
1151 4161 1272 4201 sua.

791 4237 880 4291 55.
911 4235 976 4289 Ει
1000 4252 1218 4292 omnem
1257 4237 1602 4293 tenebrosam
1633 4239 1870 4309 priorem
1900 4243 2144 4312 ipsorum
2179 4259 2305 4298 con-

2480 2785 2570 2839 26.
2597 2785 2708 2838 Kal
2729 2787 2840 2848 τοῖς
2873 2786 3180 2858 εἰρημένοις
3212 2791 3337 2863 περ).
3371 2790 3466 2845 τοῦ
3526 2795 3732 2867 Κυρίου
3760 2795 3846 2850 διά
3875 2799 3960 2850 τῶν

2411 2873 2722 2947 προφητῶν.

2328 2956 2369 3012 C
2471 2965 2562 3018 27.
2595 2965 2705 3018 Kal
2733 2963 2802 3017 τὰ
2828 2965 2921 3018 τοῦ
2952 2968 3118 3037 νόμου
3147 2970 3246 3022 οὐκ
3270 2971 3541 3044 ἠθέλησαν
3565 2977 3810 3047 ποιῆσαι.

2469 3057 2561 3123 28,
2596 3058 2685 3113 29.
2733 3058 3088 3113 Ἐπελάθοντο
3128 3063 3245 3126 πῶς
3299 3065 3512 3137 διῆλθεν
3561 3071 3858 3142 εὐεργετῶν
3885 3073 3960 3124 αι-

2400 3147 2525 3209 τοὺς
2548 3147 2775 3211 πάντας,
2811 3148 2903 3201 καὶ
2962 3148 3190 3219 ἰώμενος
3241 3154 3450 3219 πάντας
3497 3160 3622 3222 τοὺς
3685 3161 3958 3214 καταδυνα-

2405 3237 2756 3308 στευομένους
2790 3239 2894 3290 ὑπὸ
2922 3239 3014 3292 τοῦ
3042 3240 3307 3296 διαϐόλου.

2473 3327 2563 3382 50.
2595 3320 2941 3401 Ἐμπροσθεν
2989 3331 3098 3386 τῶν
3127 3336 3402 3406 ἀρχόντων
3432 3338 3542 3393 τῶν
3594 3341 3887 3406 Ἰουδαίων,
3933 3346 3958 3398 5.

2402 3420 2626 3492 ἐποίησε
2658 3417 2953 3491 θαυμάσια.

2469 3512 2567 3566 51.
2605 3512 2692 3565 Ἐν
2723 3516 2790 3585 τῇ
2814 3518 2882 3586 γῇ
2915 3516 2990 3587 (1)
3026 3519 3386 3594 ἐσκοτισμένῃ
3409 3525 3467 3578 ἐν
3491 3526 3570 3597 τῷ
3597 3527 3740 3583 ἔθνει
3771 3530 3846 3602 τῷ
3875 3550 3958 3601 μη-

2401 3603 2489 3656 δὲν
2521 3603 2722 3658 τέλειον
2753 3608 3016 3662 ποιοῦντι.
3042 3611 3214 3678 Τάνις
3248 3616 3355 3685 γὰρ
3376 3617 3744 3688 ἑρμηνεύεται
3777 3624 3955 3677 ἐντελ-

2402 3693 2657 3764 λόμενος
2697 3699 2966 3761 ταπεινὰ,
3002 3701 3278 3754 τουτέστιν
3310 3706 3358 3756 οἱ
3403 3708 3662 3761 Ἰουδαῖοι.

2479 3786 2568 3841 52.
2601 3787 2841 3856 Διήνοιξε
2893 3789 2991 3852 τὰς
3034 3791 3272 3862 καρδίας·
3311 3795 3521 3862 αὐτῶν,
3553 3799 3645 3853 τοῦ
3673 3801 3955 3856 παύσασξαι

2414 3873 2492 3943 (2)
2524 3876 2623 3946 τῆς
2670 3877 2942 3949 προτέρας
2971 3881 3150 3935 αὐτῶν
3178 3885 3544 3958 ἀναστροφῆς.

2475 3968 2562 4022 55.
2595 3970 2703 4022 Καὶ
2738 3972 3176 4042 προσεκαλέσατο
3216 3977 3286 4032 τὰ
3311 3979 3437 4053 ἔθνη
3476 3986 3854 4058 νενεκρωμένα
3895 3986 3954 4054 (5)

2407 4058 2511 4112 ὑπὸ
2538 4059 2636 4130 τῆς
2663 4061 2957 4132 ἁμαρτίας.

2476 4151 2565 4207 54.
2613 4153 2702 4206 Ἐν
2738 4153 2818 4224 τῷ
2844 4156 2982 4224 φωτὶ
3015 4157 3202 4214 αὐτοῦ.

2479 4241 2568 4296 55.
2605 4245 2714 4296 Kal
2777 4243 2906 4314 ὃλην
2956 4244 3054 4316 τὴν
3096 4247 3375 4320 σκοτεινὴν
3430 4249 3505 4320 (ι)
3555 4251 3656 4324 τὴν
3713 4257 3953 4329 προτέραν

725 4329 1088 4383 versationem
1136 4339 1521 4397 commutans,
1565 4332 1621 4386 in
1669 4333 2068 4390 illuminatione
2115 4337 2298 4407 gratia:

2405 4333 2585 4386 αὐτῶν
2615 4336 2959 4407 ἀναστροφὴν
2993 4338 3315 4408 μεταϐαλὼν
3334 4380 3349 4404 ,
3385 4343 3442 4395 ἐν
3480 4342 3557 4413 τῷ
3589 4349 3848 4419 φωτισμῴ
3875 4349 3952 4416 τῆς

724 4436 838 4476 sua:
864 4421 1086 4476 deduxit
1114 4437 1231 4477 eos.

793 4512 884 4572 56.
914 4513 1082 4570 Latus
1114 4530 1274 4570 suum
1308 4515 1363 4570 iu
1393 4516 1598 4571 mundo
1633 4517 1867 4587 aperuit.

794 4603 884 4658 57.
914 4601 1191 4675 Sanguine
1220 4620 1321 4660 suo
1362 4604 1659 4676 adaquavit
1686 4608 2112 4678 justilicationes
2149 4625 2298 4666 suas.

794 4780 882 4835 58.
915 4780 992 4835 Ex
1023 4781 1194 4836 latere
1226 4797 1346 4838 suo.

791 4874 881 4930 59.
917 4874 983 4929 Ει
1008 4875 1126 4945 ipsa
1172 4891 1334 4946 aqua,
1366 4893 1488 4948 qua
1524 4877 1682 4934 ﬂuxit
1721 4894 1788 4935 ex
1823 4878 1991 4934 latere
2021 4893 2140 4949 ejus
2168 4877 2296 4933 illu-

725 4967 948 5022 minavit
975 4979 1179 5038 gentes.

792 5061 883 5116 ιο.
916 5062 1182 5118 lncreduli
1211 5059 1404 5118 Judmi.

791 5154 879 5208 Η.
908 5151 1384 5210 Contristaverunt
1428 5152 1693 5224 Spiritum
1722 5165 1971 5212 sanctum
1998 5157 2055 5214 in
2087 5158 2294 5214 sterili-

721 5255 828 5301 tate
861 5247 1058 5300 animae
1090 5261 1302 5301 eorum.

790 5336 878 5390 42.
918 5334 1114 5390 Filium
1144 5336 1238 5394 Dei
1263 5340 1319 5393 in
1345 5338 1576 5392 adventu
1612 5354 1733 5393 suo.

2405 4425 2625 4496 χάριτος
2652 4426 2817 4480 αὑτοῦ
2842 4427 3124 4500 ὡδήγησεν
3156 4431 3356 4495 αὐτούς

2477 4516 2563 4570 56.
2593 4517 2703 4590 Τὴν
2725 4519 2962 4591 πλευρὰν
2988 4521 3152 4575 αὑτοῦ
3175 4524 3232 4574 ἐν
3257 4524 3335 4593 τῷ
3366 4523 3554 4596 κόσμῳ
3586 4526 3834 4598 διήνοιξε.

2475 4616 2562 4669 57.
2592 4614 2690 4668 Διά
2717 4614 2811 4668 τοῦ
2849 4616 3080 4688 αἵματος
3116 4619 3282 4673 αὑτοῦ
3308 4622 3525 4677 ἐπότισε
3556 4624 3634 4694 (5)
3665 4626 3730 4679 τὰ
3756 4626 3949 4680 δικαιὼ-

2409 4723 2553 4778 gaza
2579 4706 2766 4760 αὑτοῦ.

2476 4798 2562 4851 58.
2612 4799 2706 4851 Ἐκ
2753 4800 2854 4870 τῆς
2882 4799 3124 4873 πλευρᾶς
3157 4803 3346 4860 αὑτοῦ.

2478 4890 2565 4945 59.
2596 4891 2702 4943 Kal
2729 4893 2786 4945 ἐν
2819 4893 2966 4965 αὐτῷ
2993 4893 3071 4966 τῷ
3098 4893 3251 4950 ὕδατι
3283 4898 3359 4969 τῷ
3386 4900 3451 4952 ἐκ
3480 4900 3582 4971 τῆς
3612 4901 3842 4975 πλευρᾶς
3869 4903 3947 4957 αὑ-

2405 4982 2499 5036 τοῦ
2535 4982 2764 5051 ἐφώτισε
2787 4987 2856 5040 τά
2877 4987 3024 5060 ἔθνη.

2479 5072 2566 5126 40.
2600 5071 2662 5127 Oi
2687 5076 3039 5142 ἀπειθοῦντες
3082 5079 3344 5134 Ἰουδαῖοι.

2475 5164 2564 5219 ﬂ.
2612 5167 2916 5238 Ἑλύπησαν
2946 5171 3005 5224 τὸ
3034 5172 3257 5243 Πνεῦμα
3276 5174 3335 5227 τὸ
3364 5173 3518 5242 ἅγιον
3543 5193 3602 5229 εν
3634 5180 3698 5248 τῇ
3731 5178 3916 5251 ἀκαρπί

2408 5255 2506 5327 τῆς
2530 5258 2707 5331 ψυχῆς
2734 5261 2931 5316 αὐτῶν.

2481 5350 2562 5405 42.
2594 5353 2700 5406 Τὸν
2727 5354 2852 5408 Υἰὸν
2879 5355 2973 5409 τοῦ
3003 5356 3137 5411 Θεοῦ
3172 5359 3229 5414 ἐν
3251 5363 3317 5432 τῇ
3349 5361 3622 5435 παρουσίᾳ
3650 5363 3830 5421 αυτοῦ.

1673 5473 1984 5538 Addenda
2015 5485 2076 5539 et
2105 5482 2478 5562 corrigenda
2514 5507 2590 5552 ex
2625 5492 2762 5553 cod.
2798 5493 2999 5557 Vatic.

895 5596 973 5674 [Γῇ
1001 5603 1071 5672 γῇ
1093 5602 1181 5672 τῇ,
1214 5607 1344 5674 etc.,
1377 5617 1498 5656 mox
1533 5601 1924 5674 ἐντελλόμενοι.

797 5666 874 5746 (2)
899 5665 1278 5740 liiie'rpretatio
1326 5674 1487 5741 hujus
1526 5677 1663 5728 vers.
1694 5665 1880 5746 incipit
1912 5695 1939 5730 a
1972 5681 2136 5735 verbo
2157 5681 2294 5735 παύ-

725 5736 931 5793 σεσθαι.

2480 5618 2553 5692 (5)
2590 5619 2906 5692 δικώμενα.

2480 5625 2532 5686 (5
2592 5625 2906 5692 Νικὼμενα.

2583 5691 2966 5770 Τ-ῂνισκοτίαν,
2985 5694 3054 5770 ἢν
3077 5695 3176 5769 τὴν
3203 5697 3499 5770 προτέραν,
3530 5694 3656 5761 etc.|

2473 5759 2550 5828 (ὃ)
2609 5759 2868 5816 Ε’πὸτισεν
2895 5759 3109 5832 αύτούς,
3130 5759 3242 5823 ἀς.
