4098 6318
231 356 310 413 73
1044 343 1133 401 DE
1173 343 1447 402 TITULIS
1485 343 1937 400 PSALMORUM.
1983 375 2050 388 —-
2088 343 2284 400 PSAL.
2327 343 2589 398 LXXVII.

267 468 362 525 45.
386 463 494 520 Τοῦ
513 462 730 536 αἰτῆσαι
757 461 1020 536 βρώματα
1046 465 1167 526 ταῖς
1187 459 1386 533 ψυχαῖς
1418 459 1617 514 αὐτῶν.

268 557 469 636 44.,(α)
500 558 609 611 Καὶ
631 555 1006 625 κατελάλησαν
1035 554 1129 607 τοῦ
1155 552 1292 606 θεοῦ
1313 569 1327 580 ο

266 650 360 704 45.
399 649 514 702 Κᾶν
545 645 730 701 εἷπον·
780 647 871 717 Μὴ
915 646 1257 716 δυνήσεταιὸ
1306 643 1438 707 Θεὸς
1487 643 1768 713 ἑτοιμάσαι

201 741 475 814 τράπεζαν
497 743 554 793 ἐν
592 741 781 811 ἐρήμῳ
806 755 821 804 ;

267 834 360 888 46.
409 833 559 886 Ἐπεὶ
581 832 818 898 ἐπάταξε
847 831 1075 903 πέτραν,
1104 831 1198 883 καὶ
1228 829 1504 900 ἐρρύησαν
1532 829 1716 884 ὕδατα.

264 924 359 976 47.
396 923 504 976 Καὶ
526 921 816 993 χείμαρροι
845 919 1309 991 κατεκλύσθησαν.

262 1015 358 1068 48.
393 1015 484 1086 Μὴ
513 1014 606 1066 καὶ
631 1013 793 1085 ἄρτον
821 1012 1042 1066 δύναται
1074 1013 1290 1078 δοῦναι;

265 1103 361 1158 49.
395 1105 465 1157 Ἢ
501 1104 784 1174 ἑτοιμάσαι
812 1103 1089 1174 τράπεζαν
1114 1103 1192 1173 τῷ
1223 1102 1336 1172 λαῷ
1367 1102 1532 1157 αὑτοῦ
1557 1122 1572 1170 ;

269 1194 362 1248 50.
396 1194 495 1247 Διά
526 1195 680 1248 τοῦτο
706 1194 903 1265 ἤκουσε
931 1194 1154 1267 Κύριος,
1191 1195 1284 1247 καί
1309 1194 1628 1249 ἀνεϐάλετο·

269 1285 365 1341 51.
391 1287 500 1339 Καὶ
521 1285 630 1355 πῦρ
661 1286 877 1356 ἀνήφθη
914 1288 971 1339 ὲν
1015 1285 1227 1340 Ἰακώϐ.

268 1376 364 1432 52.
400 1377 507 1428 Καὶ
535 1376 672 1447 ὀργὴ
704 1377 872 1448 ἀνέϐη
905 1378 996 1430 ἐπὶ
1021 1377 1110 1430 τὸν
1156 1377 1389 1449 Ἰσραήλ.

273 1469 366 1524 53.
394 1469 516 1522 Ὅτι
539 1469 638 1522 οὐκ
661 1469 984 1524 ἐπίστευσαν
1013 1469 1069 1522 ἐν
1107 1468 1180 1539 (b)
1208 1469 1286 1540 τῷ
1318 1468 1455 1538 Θεῷ.

274 1561 368 1614 54.
406 1561 539 1615 Οὐδὲ
571 1560 803 1632 ἤλπισαν
825 1557 919 1614 ἐπὶ
942 1562 1004 1614 τὸ
1038 1562 1301 1632 σωτήριον
1337 1561 1519 1612 αὐτοῦ.

271 1650 366 1704 55.
395 1652 504 1704 Καὶ
529 1651 828 1704 ἐνετείλατο
853 1651 1103 1721 νεφέλαις
1137 1651 1481 1723 ὑπεράνωθεν
1506 1669 1516 1680 ·

271 1741 365 1798 ὥ.
390 1743 500 1796 Καὶ
529 1741 696 1813 θύρας
724 1743 955 1815 οὐρανοῦ
985 1745 1207 1814 ἀνέῳξε.

272 1833 366 1888 57.
407 1834 517 1888 Καὶ
554 1831 772 1905 ἔϐρεξεν
801 1835 982 1899 αὐτοῖς
1014 1836 1185 1906 μάννα
1235 1839 1426 1903 φαγεῖν
1449 1853 1460 1864 ο

273 1924 365 1980 58.
397 1925 510 1979 Καὶ
541 1924 704 1997 ἀρτον
734 1926 966 1997 οὐρανοῦ
993 1927 1192 1980 ἔδωκεν
1221 1929 1425 1988 αὐτοῖς.

273 2017 365 2076 59.
393 2019 588 2090 Ἄρτον
617 2019 861 2089 ἀγγέλων
899 2018 1099 2088 ἔφαγεν
1126 2019 1408 2090 ἅνθρωπος
1425 2037 1437 2048 .

300 2227 358 2298 b)
400 2229 540 2283 Ἐπί.
566 2227 622 2282 In
648 2244 822 2298 marg.
852 2230 930 2281 ὲν.

3345 340 3447 398 974

1793 469 1842 526 Α
1938 461 2023 517 45.
2058 461 2192 516 Cum
2224 470 2465 530 peterent
2489 475 2643 516 escas
2671 459 2958 516 animabus
2989 461 3124 517 suis.

1939 555 2027 609 44.
2057 554 2122 609 Et
2153 557 2295 609 male
2329 555 2489 608 locuti
2526 563 2655 606 sunt
2677 553 2743 607 de
2775 553 2918 608 Deo:

1940 647 2029 701 45.
2068 646 2135 701 Et
2173 647 2431 702 dixerunt
2467 664 2478 697 :
2527 645 2782 716 Nunquid
2828 646 3023 716 poterit
3066 645 3206 703 Deus
3251 661 3456 718 parare

1872 753 2113 793 mensam
2144 739 2197 793 in
2226 739 2474 794 deserto?

1944 828 2032 882 46.
2064 829 2334 896 Quoniam
2363 831 2627 901 percussit
2656 839 2860 900 petram
2877 841 2928 886 et
2957 831 3230 888 ﬂuxerunt
3254 848 3410 902 aqua:
3440 852 3448 864 ·

1943 921 2032 974 47.
2067 920 2133 975 Ει
2155 930 2425 978 torrentes
2450 923 2871 978 inundaverunt.

1943 1009 2032 1064 48.
2060 1009 2317 1082 Nunquid
2352 1022 2404 1067 et
2426 1028 2618 1082 panem
2643 1014 2839 1082 poterit
2863 1014 3030 1066 dare?

1945 1100 2032 1156 49.
2061 1103 2168 1154 Aut
2201 1118 2393 1172 parare
2425 1119 2666 1159 mensam
2697 1105 2894 1173 p0piilo
2918 1105 3064 1159 suo?

1945 1192 2033 1248 50.
2065 1193 2187 1247 Ideo
2214 1194 2420 1248 audivit
2444 1192 2708 1248 Dominus
2735 1205 2789 1249 et
2811 1196 3020 1251 distulit
3044 1216 3058 1261 ;

1949 1284 2036 1338 5!.
2070 1285 2131 1338 Et
2159 1284 2297 1354 ignis
2324 1299 2590 1339 accensus
2624 1297 2705 1341 est
2736 1286 2787 1339 in
2810 1284 3018 1341 Jaeoli:

1948 1376 2036 1430 5'2.
2074 1374 2142 1430 Et
2177 1377 2255 1430 ira
2288 1377 2535 1431 ascendit
2557 1378 2610 1430 in
2641 1376 2827 1431 Israel.

1948 1467 2035 1522 55.
2071 1465 2208 1532 Quia
2239 1482 2346 1520 non
2381 1468 2730 1522 crediderunt
2762 1470 2813 1521 in
2847 1467 2990 1522 Deo:

1952 1559 2038 1612 54.
2074 1557 2183 1613 Nec
2205 1569 2563 1627 speraverunt
2599 1559 2651 1612 in
2684 1561 2907 1614 salutari
2934 1563 3074 1631 ejus.

1947 1648 2032 1701 55.
2065 1648 2129 1702 Et
2160 1650 2436 1705 mandavit
2464 1650 2701 1706 nubibus
2733 1651 2995 1720 desuper:

1953 1741 2037 1794 56.
2075 1741 2137 1795 Et
2161 1742 2359 1811 januas
2388 1743 2512 1796 coeli
2538 1744 2767 1812 aperuit.

1954 1835 2041 1886 57.
2080 1834 2144 1888 Et
2173 1836 2309 1904 pluit
2336 1835 2444 1890 illis
2471 1851 2670 1890 manna
2692 1836 2758 1888 ad
2791 1836 3229 1891 manducandum

1953 1925 2038 1979 58.
2073 1925 2139 1980 Et
2164 1942 2356 1996 panem
2385 1927 2507 1983 caeli
2538 1928 2684 1981 dedit
2714 1928 2811 1980 eis.

1952 2019 2041 2073 59.
2082 2019 2280 2074 Panem
2314 2020 2630 2090 angelorum
2664 2022 3012 2075 manducavit
3033 2022 3234 2077 houw:

273 2155 358 2300 (τι)
381 2156 535 2237 Vers.
553 2158 642 2212 44.
674 2158 804 2220 Καί,
828 2166 956 2226 etc.,
1000 2175 1172 2230 usque
1202 2160 1268 2213 ad
1299 2155 1470 2212 εἷπον.
1505 2159 1562 2211 γ.
1602 2157 1688 2212 45.
1724 2161 1794 2212 Mi

300 2229 330 2279 θ
400 2229 540 2283 Ἐπί.
566 2227 622 2282 In
648 2244 822 2298 marg.
852 2230 930 2281 ὲν.

1885 2163 2153 2231 υνὴτεται,
2190 2177 2292 2218 etc.

1333 2385 1704 2440 ATIIANASII
1745 2386 2325 2442 INTERPRETATIO.

274 2542 367 2598 45.
413 2541 500 2596 Ἐν
524 2541 604 2613 τῷ
647 2542 724 2614 (1)
775 2542 1059 2613 ἐπιθυμεῖν
1113 2544 1305 2606 αὐτοὺς
1362 2545 1459 2606 τὰς
1509 2547 1778 2615 σαρκικὲις

199 2635 364 2692 ιπιθυ
372 2635 521 2707 μίας.

276 2730 367 2784 44.
403 2731 532 2784 Ὅτε
561 2731 791 2802 ήρχοντο
817 2729 879 2796 ὲξ
905 2730 1196 2800 Αἰγύπτου.

276 2823 369 2879 45.
417 2823 696 2887 Ἀδύνατος
726 2823 820 2878 τοῦ
851 2823 928 2894 (2)
971 2825 1192 2894 ποιῆσαι
1230 2823 1389 2876 τοῦτο
1405 2820 1617 2894 ἔλεγον.

273 2915 366 2978 46,
392 2915 481 2969 47.
513 2916 585 2986 (5)
620 2917 858 2985 Νόμισον
898 2917 962 2968 ὲκ
1001 2916 1098 2986 τῆς
1156 2917 1360 2985 πέτρας
1413 2918 1641 2988 ἐδυνήθη
1690 2916 1776 2980 ἐξ·
1809 2960 1850 3014 C

198 3007 436 3072 αγαγεῖν
461 3003 625 3074 ὕδωρ,
659 3001 908 3069 διέξοδον,
942 3003 1142 3074 πλῆθος
1186 3005 1390 3058 ὑδάτων
1416 3022 1428 3036 ο

273 3096 368 3151 48.
398 3097 490 3166 Μὴ
515 3095 573 3148 δὲ
605 3095 680 3167 (4)
720 3095 883 3167 ἄρτον
927 3097 1061 3167 ἔχει,
1089 3096 1252 3150 πόθεν
1281 3098 1414 3162 Θεὸς
1435 3096 1615 3151 δοῦναι
1637 3101 1692 3150 ἐν
1715 3102 1780 3169 τῇ

198 3186 306 3259 te".
317 3205 401 3258 μιρ
421 3203 436 3251 ;

276 3278 368 3334 49.
404 3280 633 3351 ’Ἄρτους
654 3279 748 3332 καὶ
769 3279 941 3350 κρέα;

277 3367 369 3423 50.
401 3370 500 3423 Διά
521 3371 680 3426 τοῦτο
710 3371 949 3436 ἀκούσας
978 3371 1156 3426 αὐτῶν
1177 3373 1298 3426 τότε
1325 3374 1354 3425 ὁ
1384 3372 1610 3444 Κύριος,
1643 3373 1784 3444 μετὰ

199 3460 384 3514 ταῦτα
412 3461 704 3534 ἐχόρτασεν
735 3463 933 3526 αὐτοὺς
973 3465 1030 3516 ὲν
1089 3465 1362 3535 παρουσίᾳ
1412 3465 1576 3518 αὑτοῦ
1628 3467 1687 3517 ὲν
1716 3468 1783 3535 τῇ

198 3553 422 3625 ἑρήμῳ,
439 3556 525 3608 ὅτε
537 3557 662 3620 τοὺς
675 3555 879 3609 δώδεκα
890 3557 1140 3624 κοφίνους
1155 3553 1328 3627 [ἦραν
1343 3557 1407 3609 τὸ
1419 3572 1671 3626 περισσε
1679 3557 1786 3610 {1m-

201 3645 335 3699 τῶν
357 3647 738 3716 κλασμάτων,
774 3645 1000 3701 δώδεκα
1025 3649 1313 3717 κοφίνους
1361 3645 1662 3718 πλήρεις],
1691 3647 1785 3701 καὶ

200 3739 310 3802 τὰς
347 3739 484 3794 έπτά
533 3740 814 3812 σπυρίδας,
851 3741 939 3794 ἵνα
980 3740 1130 3812 δείξῃ
1175 3741 1379 3806 αὐτοῖς,
1433 3741 1515 3794 ὅτι
1565 3740 1783 3793 δύναται

199 3831 500 3901 ἑτοιμάσαι
524 3832 801 3905 τράπεζαν
831 3834 890 3886 ὲν
908 3835 974 3903 τῇ
1001 3831 1076 3902 (5)
1108 3833 1319 3903 ἐρήμῳ.

280 3922 375 3978 51.
409 3923 520 3978 Καὶ
576 3923 882 3996 θυμωθεὶς,
931 3927 1011 3987 εἰς
1049 3925 1359 3995 ἀφανισμὸν
1423 3923 1624 3977 ἔδωκεν
1688 3923 1785 3976 αὺ-

204 4014 339 4079 τούς
365 4013 461 4084 (6).

278 4106 373 4160 52.
401 4106 512 4160 Καὶ
529 4103 837 4176 κατέφαγεν
869 4104 1071 4177 πλῆθος
1097 4105 1155 4172 ἐξ
1175 4105 1376 4161 αὐτῶν.

280 4199 374 4263 55,
402 4199 488 4254 54.
513 4200 635 4253 Ὅτι
660 4198 781 4253 οὔτε
809 4200 869 4253 τὸ
899 4201 1160 4271 πρότερον
1180 4197 1303 4253 οὗτε
1321 4199 1380 4252 ἐν
1409 4200 1474 4270 τῇ
1511 4200 1782 4271 παρουσίᾳ

201 4290 378 4346 αὑτοῦ
411 4291 735 4346 ἐπίστευσαν
760 4291 837 4363 τῷ
865 4290 979 4362 Υἱῷ
1009 4292 1102 4345 τοῦ
1139 4291 1296 4345 Θεοῦ.

278 4377 370 4432 55.
402 4377 526 4442 Τοῖς
573 4379 711 4450 μετά
757 4379 928 4432 ταῦτα
957 4382 1258 4452 προφήταις
1295 4383 1407 4444 τοῖς
1459 4375 1583 4453 [οἷς]
1624 4399 1781 4454 περι-

201 4469 427 4535 έλαϐον,
471 4472 668 4544 μηκέτι
697 4469 774 4543 (7)
807 4472 990 4534 αὐτοῖς
1028 4471 1326 4544 λαληθῆναι
1366 4473 1458 4526 τὸν
1500 4472 1654 4541 λόγον
1684 4474 1782 4545 τῆς

200 4564 380 4635 ζωῆς.

281 4653 375 4710 56.
398 4653 538 4718 Τοὺς
573 4655 923 4721 ἀποστόλους,
948 4656 1014 4711 δι’
1046 4649 1122 4712 ὧν
1168 4657 1400 4730 ἀνέῳξεν
1440 4657 1518 4731 (8)
1543 4698 1559 4722 ,
1602 4658 1780 4730 είσέρ-

202 4764 401 4818 χονται
428 4747 508 4811 εἰς
530 4747 792 4818 οὐρανοὺς
826 4749 877 4802 οἱ
905 4748 1107 4803 πιστοί.

279 4837 376 4891 57.
404 4836 509 4890 Τὸν
536 4838 663 4893 Υἱὸν
686 4838 851 4894 αὐτοῦ
878 4839 1258 4906 ἐξαπέστειλεν
1292 4842 1497 4906 αὐτοῖς.

283 4928 377 4984 58.
391 4929 496 4983 Τδν
512 4930 673 4986 αὐτὸν
688 4930 890 5003 Κύριον
905 4931 1110 5003 Ἰησοῦν
1126 4935 1239 4996 τοῖς
1255 4933 1598 4986 πιστεύουσιν
1614 4931 1781 5002 αὐτῷ.

284 5021 378 5077 59.
401 5021 505 5075 Τὸν
551 5021 920 5089 ζωοποιοῦντα
951 5025 1078 5089 τοὺς
1119 5023 1443 5095 ἀνθρώπους
1469 5023 1547 5094 (9)
1584 5023 1784 5092 ἔφαγεν

201 5114 449 5178 ἕκαστος
470 5112 576 5167 τῶν
603 5116 961 5188 πιστευόντων
989 5115 1157 5187 αὐτῷ,
1193 5116 1275 5168 ὅτι
1303 5114 1418 5169 ἔστι
1440 5115 1593 5179 Θεός.

281 5232 334 5268 ⁹⁶
359 5231 548 5288 Matth.
583 5249 672 5300 xv,
701 5233 770 5288 57
792 5249 809 5301 ;
830 5232 1000 5290 Mare.
1029 5250 1107 5303 vi,
1135 5233 1237 5301 43;
1266 5249 1386 5299 vui,
1419 5233 1474 5287 8.

1955 2547 2040 2598 45.
2074 2549 2206 2599 (lum
2260 2547 2361 2615 ipsi
2409 2549 2861 2617 concupiscerent
2904 2550 3148 2606 carnales
3193 2553 3455 2630 concupi-

1879 2639 2045 2692 sceuti
2055 2653 2135 2691 as.

1951 2728 2040 2781 44.
2078 2727 2308 2792 Quando
2344 2734 2606 2778 venerunt
2634 2740 2696 2779 ex
2729 2723 2984 2794 Aigypto.

1952 2819 2043 2874 45.
2081 2803 2363 2888 lmpotens
2406 2828 2508 2883 est,
2547 2816 2830 2879 dicebant,
2865 2817 2931 2870 ad
2966 2819 3068 2870 hoc
3122 2815 3453 2873 faciendum.

1954 2911 2042 2975 46,
2078 2898 2640 2980 47.'Puta,quouiam
2691 2927 2752 2964 ex
2801 2919 2948 2978 petra
3001 2910 3174 2979 potuit
3225 2911 3454 2966 educere

1884 3019 2078 3073 aquas,
2109 3003 2335 3063 exitum,
2369 3000 2770 3055 multitudinem
2807 3014 3106 3070 aquarum:

1949 3094 2035 3148 48.
2067 3091 2316 3162 Nunquid
2341 3103 2520 3146 autem
2544 3108 2737 3161 panem
2766 3094 2947 3153 habet,
2974 3106 3136 3161 quem
3162 3089 3302 3144 Deus
3325 3090 3454 3145 dare

1885 3165 2139 3254 possitoin
2153 3184 2417 3245 deserto?

1954 3278 2040 3331 49.
2070 3277 2266 3329 I‘anem
2289 3283 2343 3329 et
2365 3273 2622 3328 carnem?

1959 3371 2045 3424 50.
2075 3369 2198 3423 ideo
2225 3385 2348 3422 cum
2375 3367 2670 3423 audivisset
2683 3383 2776 3421 eos
2794 3376 2924 3422 tune
2951 3368 3235 3433 Dominus,
3266 3380 3450 3441 postea

1885 3462 2102 3518 satiavit
2153 3461 2300 3529 ipsos
2353 3461 2405 3512 in
2464 3460 2696 3514 adventu
2747 3475 2849 3514 suo
2884 3461 2934 3514 in
2976 3462 3212 3527 deserto,
3238 3464 3454 3532 quamlo

1887 3553 2140 3624 [tulerunt
2171 3552 2421 3620 reliquias
2459 3551 2732 3604 duodecim
2758 3553 3007 3622 cophinos
3037 3556 3456 3626 fragmentorum

1884 3641 2081 3708 plenos,
2105 3650 2155 3693 et
2177 3651 2368 3708 septem
2402 3651 2608 3709 sporta:
2631 3641 2720 3711 ⁸³],
2744 3653 2799 3695 ιιι
2833 3646 3143 3700 ostenderet
3180 3647 3280 3712 eis,
3309 3649 3456 3717 quod

1885 3736 2063 3804 potest
2091 3749 2286 3803 parare
2313 3748 2560 3788 mensam
2587 3736 2640 3788 in
2668 3734 2905 3790 deserto.

1955 3910 2043 3963 5|.
2083 3910 2146 3964 Et
2173 3911 2344 3966 iratus
2373 3913 2426 3966 in
2459 3915 2736 3970 interitum
2771 3917 2917 3971 dedit
2942 3933 3058 3973 eos.

1957 4108 2045 4162 52.
2073 4107 2140 4164 Et
2166 4125 2231 4165 ex
2262 4110 2342 4165 eis
2375 4111 2776 4167 multitudinem
2804 4115 3098 4171 devoravit.

1955 4205 2044 4271 55,
2080 4206 2169 4260 54.
2201 4205 2467 4271 Quoniam
2505 4223 2680 4277 neque
2718 4217 2861 4274 ante,
2895 4225 3069 4266 neaue
3112 4211 3166 4266 in
3219 4214 3458 4272 adventu

1816 4307 1859 4362 ι)
1889 4295 2061 4368 ipsius
2098 4281 2235 4352 Filio
2267 4296 2358 4350 Dei
2391 4298 2762 4353 crediderunt.

1958 4389 2048 4444 55.
2077 4387 2206 4443 Post
2230 4389 2342 4442 haec
2391 4391 2692 4458 prophetis,
2723 4407 2861 4460 quos
2904 4393 3455 4466 comprehenderunt,

1890 4496 1956 4534 ne
1982 4479 2214 4548 amplius
2235 4479 2313 4532 eis
2339 4479 2688 4550 loquerentur
2716 4483 2940 4535 verbum
2963 4482 3105 4539 vitae.

1959 4655 2048 4709 56.
2083 4657 2389 4728 Apostolos,
2419 4675 2513 4729 per
2542 4674 2682 4724 quos
2723 4662 2955 4731 aperuit,
2989 4663 3131 4717 unde
3164 4663 3350 4719 ﬁdeles
3404 4666 3456 4720 in

1889 4749 2057 4802 caelos
2092 4749 2481 4818 ingrediantur.

1957 4837 2046 4892 57.
2077 4835 2274 4893 Filium
2308 4855 2466 4892 suum
2500 4840 2565 4894 ad
2593 4856 2688 4896 eos
2715 4841 2881 4896 misit.

1963 4928 2050 4983 58.
2085 4927 2264 4999 Ipsum
2297 4928 2584 4985 Dominum
2618 4931 2803 4989 Jesum
2849 4935 3193 4994 credentibus
3223 4939 3277 4992 in
3305 4955 3456 4995 eum.

1960 5019 2050 5074 59.
2083 5019 2451 5075 Vivilicantem
2481 5023 2749 5087 homines,
2775 5026 3124 5082 manducavit
3159 5033 3458 5101 unusquis-

1893 5129 1998 5184 que
2021 5114 2355 5169 credentium
2381 5115 2452 5179 ei,
2478 5116 2621 5185 quod
2653 5127 2736 5171 est
2762 5117 2920 5174 Deus.

1163 5349 1472 5413 Addenda
1501 5355 1565 5411 et
1591 5347 1967 5426 corrigenda
2005 5352 2107 5410 ex?
2134 5350 2273 5412 cod.
2307 5352 2508 5416 Vatic.

313 5497 370 5560 1)
401 5496 496 5560 Εἰς
521 5495 601 5550 τό.

307 5499 370 5634 ἐ)
736 5567 852 5621 ἐστι
885 5566 1003 5633 τοῦ,
1031 5577 1161 5629 etc.,
1183 5566 1341 5621 τοῦτο
1363 5581 1470 5621 non
1504 5564 1721 5635 legitur.

253 5635 367 5709 ,(5)
497 5636 583 5710 46ἐ
628 5637 866 5710 Νόμισον
895 5640 959 5710 tu;
996 5639 1218 5710 πέτρας,
1241 5636 1474 5708 ἠδυνήθη
1497 5635 1784 5703 ἐξαγαγεῖν

419 5706 484 5759 Ν.
521 5707 608 5763 47.
640 5706 872 5774 Διέξοδοι
904 5706 1138 5778 πλήθους
1168 5706 1394 5764 ὑδάτων.

287 5724 384 5832 ωιρ.
419 5724 484 5759 ιν.
521 5724 608 5763 ιιι.
640 5724 872 5774 Διεςοοοι
904 5724 1138 5778 πλήθους
1168 5724 1190 5762 ιῑ

287 5781 306 5847 (
351 5783 368 5846 )
393 5782 466 5830 As
496 5780 589 5832 καὶ
612 5779 756 5842 Θεός
788 5793 892 5832 non
923 5780 1190 5849 leguntur.

1961 5495 2038 5565 (5)
2063 5497 2140 5568 Τῇ
2170 5499 2336 5553 deest.

1963 5568 2038 5636 (6)
2066 5569 2272 5632 Αὐτοὺς
2299 5570 2514 5626 ἔδωκεν.

1965 5638 2043 5716 (7)
2069 5637 2196 5716 ΙΤοῖς
2223 5641 2348 5716 περὶ
2391 5642 2648 5716 Ἀγαϐον,
2679 5645 2895 5716 μηκέτι,
2919 5656 3025 5703 etC.

1969 5707 2048 5788 (8)
2082 5707 2338 5788 Ἀνέιρξέν
2389 5707 2496 5766 non
2528 5707 2752 5788 legitliri
2782 5718 2861 5780 εἰς
2890 5719 3017 5788 τοὺς
3049 5717 3329 5788 οὐρανούς,
3351 5725 3456 5775 etc.

1970 5777 2045 5848 (9)
2093 5777 2394 5848 Ἅγγέλουςι
2439 5792 2540 5839 etc.
2580 5777 2918 5852 Deestai‘vréfi
2946 5777 3038 5842 καὶ
3080 5777 3247 5854 θεός.
