4098 6318
692 325 794 381 975
1524 325 1581 381 S.
1622 324 1990 379 ATIIANASII
2030 324 2180 380 OPP.
2224 326 2403 381 PARS
2444 326 2530 381 Ill.
2573 359 2639 367 —
2676 324 3087 382 EXEGETICA.
3830 327 3917 381 976

761 445 848 503 60.
874 444 1089 503 Cibaria
1117 446 1265 501 misit
1290 445 1369 501 eis
1395 445 1447 497 in
1476 442 1828 498 abundantia.

761 538 848 592 6|.
881 537 1447 593 Transtulitaustrum
1477 538 1539 590 de
1569 538 1707 591 caelo
1735 554 1748 589 :

759 629 849 683 62.
878 627 943 682 Et
966 630 1179 683 induxit
1203 629 1256 683 in
1288 630 1482 683 virtute
1511 643 1609 682 sua
1637 627 1885 681 airicnm.

759 724 845 777 63.
876 724 939 777 Et
969 724 1103 791 pluit
1131 739 1293 793 super
1325 739 1418 778 eos
1442 725 1583 779 sicut
1617 723 1891 792 pulverem
1916 739 2109 777 car'nos
2138 742 2149 774 :

756 817 843 870 64.
882 817 947 869 Et
978 817 1119 871 sicut
1141 831 1360 871 arenam
1391 817 1557 869 maris
1586 815 1827 869 volatilia
1854 825 2113 884 pennata.

758 910 845 963 65.
880 907 945 961 Et
971 907 1283 963 ceciderunt
1310 908 1361 960 in
1398 908 1573 961 medio
1600 916 1909 963 castrorum
1938 923 2152 967 eorum,

753 1001 839 1056 66.
868 1002 1025 1055 Circa
1058 999 1409 1054 tabernacula
1434 1014 1652 1053 eorum.

754 1092 841 1143 67.
874 1090 939 1143 Et
961 1092 1424 1146 manducaverunt
1447 1100 1500 1144 et
1527 1090 1757 1146 saturati
1792 1098 1923 1145 sunt
1950 1091 2110 1146 nimis
2136 1111 2147 1143 :

756 1178 843 1233 68.
876 1179 941 1232 Et
977 1178 1304 1234 desiderium
1341 1195 1526 1234 eorum
1564 1180 1748 1235 attulit
1779 1180 1897 1233 eis:

756 1270 845 1324 69.
876 1268 991 1323 Non
1021 1279 1145 1325 sunt
1169 1268 1400 1328 fraudati
1429 1286 1456 1323 a
1484 1270 1754 1325 desiderio
1783 1286 1907 1325 suo.

759 1362 844 1416 70.
881 1363 1071 1416 Adhuc
1099 1378 1223 1416 esca
1254 1369 1372 1416 erat
1398 1364 1449 1416 in
1484 1378 1579 1416 ore
1609 1365 1875 1432 ipsorum,

761 1454 843 1505 7|.
879 1453 941 1507 Et
972 1454 1048 1507 ira
1075 1452 1165 1507 Dei
1196 1456 1441 1507 ascendit
1470 1470 1631 1523 super
1663 1469 1782 1509 cos.

758 1544 847 1597 72.
875 1544 937 1597 Et
959 1544 1155 1599 occidit
1181 1545 1446 1613 plurimos
1465 1560 1652 1599 eorum
1678 1563 1691 1596 :

760 1636 844 1691 73.
877 1636 941 1691 Et
970 1638 1169 1691 electos
1204 1636 1369 1692 Israel
1400 1638 1751 1706 compedivit.

758 1728 845 1781 7'4.
878 1728 935 1783 In
966 1729 1220 1783 omnibus
1248 1729 1333 1784 his
1360 1736 1722 1798 peccaverunt
1755 1727 1932 1781 adhuc
1960 1746 1972 1780 :

756 1822 846 1877 75.
876 1820 940 1876 Et
963 1837 1069 1876 non
1103 1822 1450 1876 crediderunt
1485 1821 1537 1873 in
1576 1819 1921 1873 mirabilibus
1950 1817 2093 1885 ejus.

760 1913 845 1967 76.
880 1915 941 1967 Et
966 1913 1281 1969 defecerunt
1306 1914 1359 1968 in
1391 1914 1629 1967 vanitate
1665 1914 1782 1967 dies
1804 1926 2033 1966 eorum:

760 2006 847 2060 77.
884 2005 951 2060 Et
981 2007 1107 2060 anni
1136 2021 1325 2060 eorum
1358 2019 1481 2058 cum
1510 2002 1875 2058 feminatione.

762 2097 853 2153 78.
884 2097 1018 2153 Cum
1050 2098 1322 2152 occideret
1351 2112 1475 2160 eos,
1513 2106 1642 2151 tunc
1667 2094 1984 2165 quaerebant
2014 2108 2138 2146 eum
2167 2109 2178 2143 :

758 2193 845 2247 79.
879 2190 945 2247 Et
986 2192 1416 2255 revertebantur.
1465 2201 1518 2246 et
1566 2189 1807 2245 diluculo
1854 2187 2144 2240 veniebant
2186 2183 2251 2237 ad

686 2283 881 2340 Deum.

2284 457 2330 509 Λ
2429 445 2514 499 60.
2554 444 2924 512 Ἑπισιτισμὸν
2946 443 3260 497 ἀπέστειλεν
3287 444 3467 507 αὐτοῖς
3492 448 3569 509 εἰς
3588 446 3896 517 πλησμονήν

2440 538 2499 590 61
2570 538 2773 608 Ἀπῆρε
2795 538 2943 590 νότον
2972 538 3028 602 ὲξ
3055 536 3306 607 οὐρανοῦ·

2432 629 2519 683 69..
2552 630 2659 681 Kal.
2688 630 2965 699 ἐπήγαγεν
3000 630 3056 680 tv
3081 632 3145 697 τῇ
3169 628 3391 699 δυνάμει
3421 629 3582 680 αὑτοῦ
3610 628 3769 683 λίϐα.

2433 718 2517 771 63.
2554 720 2661 771 Kal
2688 718 2905 790 ἔϐρεξεν
2931 720 3017 772 ἐπ’
3040 720 3234 781 αὐτοὺς
3255 720 3383 773 ὡσεὶ
3409 720 3536 790 χοῦν
3579 722 3823 792 σαρκας·

2433 810 2519 862 61.
2554 812 2661 862 Kal.
2686 812 2816 863 ὡσεὶ
2842 812 3022 881 ἄμμον
3058 811 3341 864 Θαλασσῶν
3368 813 3589 865 πετεινὰ
3622 814 3887 885 πτερωτά.

2430 899 2516 953 65.
2542 902 2650 953 Kal
2674 900 2937 954 ἐπέπεσον
2962 904 3019 952 tv
3056 903 3203 971 μέσῳ
3229 903 3331 971 τῆς
3358 921 3469 974 παρ
3504 905 3714 975 μεολῆς
3744 906 3914 970 αὐτῶν,

2430 991 2516 1044 66.
2552 992 2750 1062 Κύκλῳ
2780 992 2886 1045 τῶν
2914 994 3285 1063 σκηνωμάτων
3320 995 3513 1047 αὐτῶν.

2432 1083 2518 1136 67.
2554 1084 2662 1136 Kal.
2696 1084 2917 1152 ἱφαςον,
2946 1087 3040 1137 καὶ
3079 1087 3486 1156 ἐνεπλήσθησαν
3518 1088 3762 1158 στόδρα·

2430 1172 2517 1225 68.
2557 1174 2665 1224 Kal.
2697 1174 2795 1239 τὴν
2828 1173 3123 1244 ἐπιθυμίαν
3157 1174 3334 1228 αὐτῶν
3364 1178 3586 1245 ήνεγκεν
3611 1180 3816 1239 αὑτινῖς.

2428 1264 2514 1319 69.
2548 1266 2661 1317 Οὐκ
2688 1266 3058 1337 ἐστερήθησαν
3088 1268 3194 1319 ἀπὸ
3217 1268 3313 1337 τῆς
3335 1269 3624 1338 ἐπιθυμίας
3659 1271 3857 1322 αὐτῶν.

2428 1358 2513 1410 70.
2557 1359 2675 1410 Ἔτι
2702 1359 2799 1428 τῆς
2826 1360 3079 1429 βρώσεως
3108 1359 3275 1429 οὔσης
3297 1362 3353 1411 tv
3381 1360 3457 1429 τῷ
3486 1362 3717 1428 στόματι
3743 1362 3912 1414 αὐτῶν.

2427 1450 2512 1500 71.
2551 1451 2658 1501 Καὶ
2683 1451 2817 1521 ὀργὴ
2843 1451 2935 1504 τοῦ
2968 1452 3102 1505 Θεοῦ
3128 1453 3296 1523 ἀνέϐη
3325 1453 3409 1503 ἐπ’
3450 1452 3674 1515 αὐτούς.

2426 1540 2512 1592 72.
2546 1542 2655 1593 Καὶ
2692 1541 3011 1595 ἀπέκτεινεν
3048 1546 3103 1595 tv
3130 1547 3242 1605 τοῖς
3275 1545 3516 1595 πλείοσιν
3548 1545 3762 1595 αὐτῶν·

2426 1630 2511 1683 75.
2552 1632 2660 1684 Kal
2690 1634 2814 1695 τοὺς
2838 1634 3125 1696 ἐκλεκτοὺς
3157 1634 3250 1688 τοῦ
3287 1631 3503 1705 Ἰσραὴλ
3533 1637 3888 1689 συνεπόδισεν.

2429 1722 2514 1774 71.
2556 1724 2643 1775 Ἐν
2685 1726 2818 1776 πᾶσι
2846 1724 3058 1787 τούτοις
3091 1726 3334 1795 ἥμαρτον
3364 1727 3477 1779 ἔτισ

2290 1831 2331 1887 η
2430 1814 2516 1867 75.
2550 1816 2658 1868 Kal
2686 1816 2785 1869 οὐκ
2816 1817 3143 1869 ἐπίστευσαν
3171 1820 3228 1870 tv
3258 1822 3371 1880 τοῖς
3402 1819 3731 1890 θαυμασίοις
3753 1818 3913 1872 αὑτοῦ.

2430 1907 2517 1962 76.
2556 1908 2663 1961 Kal
2693 1906 2939 1973 ἐξέλιπον
2974 1912 3030 1962 tv
3068 1911 3385 1981 ματαιότητι
3414 1913 3469 1963 αἱ
3496 1914 3704 1983 ήμέραι
3737 1914 3913 1966 αὐτῶν·

2432 2001 2519 2053 77.
2556 2002 2667 2053 Kal
2688 2002 2755 2054 τὰ
2788 2000 2880 2072 ἔτη
2912 2003 3089 2055 αὐτῶν
3120 2003 3256 2073 μετὰ
3285 2004 3543 2073 σπουδῆς.

2430 2091 2518 2143 78.
2554 2091 2718 2144 Ὅταν
2740 2092 3053 2145 ἀπέκτεινεν
3077 2095 3293 2156 αὐτοὺς,
3310 2096 3427 2146 τότε
3448 2095 3737 2166 ἐξεζήτουν
3753 2094 3913 2147 αὐτόν*

2426 2181 2513 2234 79.
2582 2180 2690 2234 Kal.
2754 2184 3122 2254 ἐπέστρεφον,
3195 2188 3286 2241 καὶ
3338 2187 3605 2259 ὧρθριζον
3663 2190 3795 2259 πρὸς
3844 2186 3917 2239 τὸν

2360 2272 2513 2325 Θεόν.

1804 2396 2185 2454 ATHANASII
2226 2392 2808 2450 INTERPRETATIO.

750 2546 839 2600 60-.
875 2544 1051 2598 Vitam
1083 2544 1491 2614 sempiternam.

751 2640 840 2695 6|.
872 2639 1174 2695 Transtulit
1212 2640 1467 2709 populum
1507 2636 1815 2693 Judmorum
1864 2636 1931 2690 de
1970 2634 2256 2706 promissis

762 2749 825 2783 IS.

762 2749 775 2783 I
817 2774 825 2783 .

689 2748 845 2878 806:.
881 2822 942 2878 Et
965 2822 1188 2877 adduxit
1214 2822 1293 2875 eis
1324 2837 1386 2874 ex
1422 2818 1709 2874 Occidente
1733 2816 2147 2885 Vespasianum.

756 2994 847 3060 63,
875 2994 965 3048 61.
1000 2992 1394 3047 Multitudinem
1428 2992 1720 3047 exercitus.

752 3088 823 3141 65
878 3086 1011 3141 Pars
1036 3100 1222 3140 eorum
1254 3086 1531 3139 descendit
1558 3086 1609 3139 in
1638 3096 1813 3140 castra
1848 3083 2181 3139 Judaorum.

758 3264 846 3321 66.
876 3230 1363 3318 Circumdederunt
1390 3276 1505 3317 eos.

757 3355 846 3417 67.
871 3352 1049 3421 Plagis
1070 3353 1137 3405 ab
1163 3367 1228 3407 eo
1249 3351 1432 3405 illatis.

759 3446 848 3500 68.
882 3444 947 3500 Et
972 3458 1279 3499 sermonem
1310 3457 1470 3512 quem
1504 3440 1669 3494 locuti
1706 3449 1833 3493 sunt
1877 3440 2256 3509 cruciﬁgentes

2434 2536 2521 2590 60.
2559 2538 2710 2608 Ζωὴν
2735 2537 3085 2606 ἀτελεύτητον
3121 2540 3214 2605 (1).

2426 2627 2513 2681 61.
2561 2628 2873 2697 Μετέστησε
2927 2628 3018 2679 τὸν
3064 2629 3189 2681 λαὸν
3246 2629 3352 2683 τῶν
3394 2632 3662 2684 Ἰουδαίων
3716 2636 3777 2685 tx
3824 2630 3917 2685 τῶν

2364 2717 2702 2786 ἐπαγγελιῶν
2733 2717 2897 2770 αὑτοῦ
2926 2718 3021 2787 (2).

2430 2807 2516 2861 69..
2546 2808 2653 2860 Kal
2674 2808 2881 2878 ἢγαγεν
2910 2807 3092 2871 αὐτοῖς
3126 2810 3187 2861 ἐκ
3211 2808 3308 2877 τῆς
3337 2808 3553 2872 Δύσεως
3588 2809 3911 2864 Οὐεσπασια-

2362 2900 2448 2953 νόν
2472 2900 2569 2969 (δ).

2423 2991 2511 3055 65,
2541 2990 2628 3043 64.
2662 2990 2737 3059 (4)
2760 2991 2833 3042 Τὸ
2862 2990 3067 3059 πλῆθος
3101 2991 3195 3045 τοῦ
3234 2995 3689 3065 στρατευομένου.

2430 3083 2514 3137 65.
2547 3084 2628 3134 Τὰ
2661 3082 2794 3152 μέλη
2827 3082 3007 3134 αὐτῶν
3042 3082 3309 3153 κατῆλοον
3348 3086 3427 3147 είς
3450 3086 3545 3156 τὴν
3583 3087 3917 3165 παρεμϐολήν

2356 3173 2464 3226 τῶν
2503 3173 2789 3227 Ἰουδαίων.

2430 3265 2517 3320 66.
2562 3266 2909 3319 Ἐκύκλωσαν
2938 3265 3153 3328 αὐτούς.

2425 3359 2514 3411 67.
2545 3359 2655 3422 Τὰς
2692 3358 2903 3427 πληγὰς
2932 3358 3031 3421 τὰς
3082 3358 3399 3429 ὲναχθείσας
3430 3359 3505 3429 (5)
3555 3359 3695 3431 [ὑπ’]
3740 3362 3914 3414 αὑτοῦ.

2427 3449 2515 3503 68.
2543 3451 2652 3502 Kal.
2675 3450 2765 3503 τὸν
2792 3450 2969 3518 λόγον,
2991 3452 3048 3504 ὃν
3076 3452 3258 3520 ελεγον
3303 3451 3667 3522 σταυροῦντες
3701 3453 3790 3505 τὸν
3820 3452 3919 3505 Κύ-

690 3539 981 3593 Dominum
1034 3537 1273 3592 dicentes
1308 3555 1320 3590 :
1360 3533 1472 3588 Nos
1511 3533 1736 3587 Cesaris
1782 3534 2049 3599 suntut",
2078 3535 2253 3588 attulit

2363 3560 2495 3614 ριον,
2523 3543 2605 3596 ὅτι
2642 3541 2841 3611 Ἡμεῖς
2872 3543 2978 3597 τοῦ
3017 3544 3318 3611 Καίσαρός
3346 3544 3551 3612 ἐσμεν,
3581 3547 3808 3614 ἤνεγκεν
3832 3547 3917 3598 αὑ·

687 3648 787 3690 ets.

760 3723 849 3778 69.
878 3722 1031 3788 Quod
1057 3721 1534 3790 exquisiveruntet
1552 3720 1727 3789 adepti
1758 3728 1904 3774 sunt.

763 3814 853 3869 70.
888 3814 964 3867 Ex
993 3828 1101 3883 quo
1133 3813 1386 3865 dicebant
1420 3810 1522 3864 hoc
1556 3810 1608 3863 in
1644 3826 1738 3865 ore
1761 3826 1882 3865 suo.

762 3902 849 3956 7|.
886 3900 1008 3954 Fuit
1032 3902 1144 3971 ipsa
1183 3900 1261 3953 ira
1296 3915 1323 3952 a
1349 3899 1457 3953 Deo
1494 3915 1655 3967 super
1683 3917 1798 3956 eos.

764 3992 851 4046 72.
883 3992 945 4047 Et
971 3993 1168 4046 occidit
1195 3992 1596 4047 multitudinem
1624 4007 1834 4046 eorum.

762 4084 847 4137 73.
881 4083 946 4138 Et
972 4099 1158 4137 eorum
1184 4084 1443 4153 reliquos,
1470 4084 1561 4154 qui
1589 4085 1951 4139 censebantur
1982 4100 2101 4154 pios
2135 4101 2257 4139 esse

690 4175 909 4230 tradidit
935 4176 987 4228 in
1014 4176 1349 4229 servitutem.

761 4268 848 4322 71.
879 4267 943 4320 Et
976 4282 1169 4321 rursus
1195 4276 1612 4337 permanserunt
1642 4268 1693 4319 in
1728 4275 1967 4335 peccato.

758 4361 848 4414 75.
883 4360 950 4415 Et
978 4375 1083 4414 non
1115 4360 1457 4415 crediderunt
1493 4360 1605 4423 eis,
1654 4375 1774 4429 quae
1825 4358 1963 4413 facta
1997 4370 2123 4413 sunt
2150 4360 2248 4429 ipsi

689 4461 718 4500 a
756 4445 880 4498 Deo.

764 4536 847 4589 76.
880 4535 944 4589 Ει
971 4536 1025 4589 in
1061 4534 1296 4588 vanitate
1327 4533 1522 4586 mentis
1551 4546 1740 4585 eorum
1778 4533 2071 4601 perierunt.

760 4714 846 4767 77.
882 4712 946 4767 Et
976 4712 1101 4765 anni
1134 4726 1323 4765 eorum
1366 4724 1487 4763 cum
1535 4708 1877 4763 festinatione
1920 4708 2249 4764 defecerunt.

764 4803 849 4857 78.
876 4802 1011 4856 Cum
1042 4801 1312 4857 occideret
1336 4816 1429 4855 eos
1462 4800 1666 4855 scilicet
1691 4800 2002 4869 qumrebaut
2029 4815 2174 4854 eum.

760 4971 848 5027 79.
880 4969 946 5026 Et
977 4971 1282 5035 veniebant,
1308 4981 1361 5025 et
1389 4972 1778 5026 conﬁtebantur
1809 4988 1956 5026 eum.

766 5114 813 5147 ’τ
831 5114 983 5168 Joan.
1021 5128 1132 5177 xu,
1160 5112 1246 5167 15.

2358 3637 2490 3697 τοῖς.

2432 3724 2517 3777 69.
2559 3725 2623 3776 Ὃ
2658 3722 3021 3795 ὲπεζήτησαν,
3049 3726 3142 3777 καὶ
3176 3724 3363 3793 ἔλαχον
3400 3724 3496 3793 (6).

2433 3816 2522 3869 70.
2565 3816 2681 3884 Ἀφ’
2707 3811 2766 3869 οῦ
2802 3816 2987 3883 ελεγον
3020 3815 3179 3868 τοῦτο
3207 3820 3263 3868 tv
3289 3815 3367 3887 τῷ
3397 3818 3626 3887 στόματι
3660 3819 3853 3871 αὐτῶν.

2429 3908 2518 3960 71.
2544 3904 2651 3960 Ἦν
2678 3909 2813 3977 αὑτὴ
2841 3909 2873 3976 ή
2898 3910 3033 3978 ὀργὴ
3064 3909 3149 3961 ἐπ’
3181 3910 3380 3972 αὐτοὺς
3408 3910 3537 3979 περ).
3563 3911 3640 3981 (7)
3668 3912 3823 3964 Θεοῦ.

2429 3999 2517 4055 79..
2551 4001 2659 4052 Kal
2684 4000 2743 4051 τὸ
2764 4000 2967 4070 πλῆθος
3001 4000 3179 4053 αὐτῶν
3206 4000 3510 4054 ἀπέκτεινε.

2430 4090 2517 4143 75.
2556 4091 2665 4143 Καὶ
2710 4092 2835 4153 τοὺς
2867 4090 3088 4153 λοιποὺς
3141 4090 3321 4143 αὐτῶν
3370 4094 3494 4153 τοὺς
3542 4092 3918 4163 νομιζομένους

2362 4178 2629 4241 Θεοσεϐεϊς
2662 4175 2801 4231 εἶναι
2826 4182 2903 4242 είς
2927 4180 3170 4233 δουλείαν
3192 4180 3411 4234 ἱδωκεν.

2288 4289 2333 4348 D
2430 4270 2517 4323 74.
2551 4270 2657 4322 Kal.
2688 4270 2846 4322 πάλιν
2876 4270 3142 4341 ἐπέμενον
3175 4274 3239 4341 τῇ
3271 4272 3533 4342 ἁμαρτία.

2428 4361 2515 4414 75.
2546 4362 2653 4413 Kal
2674 4363 2773 4413 οὐκ
2804 4361 3130 4415 ἐπίστευσαν
3166 4365 3277 4425 τοῖς
3308 4365 3696 4433 γεγενημένοις
3744 4364 3918 4427 αὐτοῖς

2362 4450 2464 4502 ὑπὸ
2488 4450 2579 4502 τοῦ
2614 4450 2769 4504 Θεοῦ.

2431 4540 2517 4593 76.
2553 4542 2663 4594 Kal.
2715 4545 2770 4594 tv
2818 4560 3135 4613 ματαιοτητι
3188 4544 3279 4598 τοῦ
3314 4544 3432 4610 νοὸς
3472 4544 3652 4599 αὐτῶν
3684 4546 3909 4599 ἀπώλον-

2359 4647 2421 4681 το
2460 4630 2555 4699 (8).

2431 4721 2519 4774 77.
2552 4722 2662 4774 Kal.
2683 4723 2748 4775 τὰ
2774 4722 2867 4791 ἔτη
2896 4724 3075 4776 αὐτῶν
3105 4725 3243 4795 μετὰ
3282 4726 3513 4795 σπουδῆς
3545 4726 3791 4789 ἐξέλιπεν
3827 4730 3917 4793 (9).

2432 4806 2518 4858 78.
2559 4808 2726 4859 Ὅταν
2754 4810 3069 4865 ἀπέκτεινεν
3092 4813 3203 4882 (10)
3237 4814 3430 4875 αὐτοὺς
3458 4814 3615 4884 δῆθεν
3644 4815 3919 4886 εξεξήτουν

2363 4896 2524 4949 αὐτόν

2433 4986 2519 5042 79.
2546 4988 2655 5042 Καὶ
2692 4991 2935 5061 ήρχοντο,
2978 4994 3070 5047 κα)⁸
3102 4994 3532 5065 ὲξωμολογοῦντο
3560 4998 3721 5051 αὐτόν
3757 4995 3915 5068 (11)..

1634 5183 1939 5245 Addenda
1969 5194 2029 5246 et
2060 5193 2439 5273 corrigenda
2475 5221 2551 5262 ex
2585 5206 2726 5268 cod.
2776 5208 2976 5269 Vatic.

761 5309 807 5377 (1
826 5323 836 5371 )
876 5307 1183 5376 ’Λνεκλιπή

758 5378 832 5451 (2)
871 5378 964 5451 Ἐκ
988 5378 1095 5451 τῷν
1135 5377 1302 5430 ὲθνῶν
1336 5378 1443 5451 τῶν
1475 5379 1742 5451 πατρῴων
1768 5378 1957 5434 αὑτοῦ.

763 5450 835 5515 (ὖ)
870 5450 971 5500 Τὸν
1001 5449 1421 5500 Οὐεσπασιανόν.

763 5518 926 5608 (ἕλῃ.
1082 5517 1151 5599 ]“ὸ
1189 5519 1529 5608 πλῆίξοξιξοῦ
1574 5522 2005 5608 στριατελᾶματος.
2061 5525 2124 5581 Ν.
2160 5528 2247 5583 64,

688 5589 771 5661 Τὰ
804 5590 926 5657 βέλη
971 5589 1147 5661 αὐτῶν
1171 5629 1184 5651 ,
1244 5592 1337 5641 καὶ
1360 5586 1519 5659 ἦλθον
1542 5586 1729 5653 είςξΝ.
1756 5586 1844 5661 65,
1869 5586 2093 5654 66.-Καὶ
2126 5600 2253 5652 ἐκύ-

692 5660 902 5712 κλωσαν
932 5659 1143 5720 αὐτούς.

760 5729 838 5803 (5)
880 5730 1162 5798 Ἐνεδήσας
1194 5730 1394 5793 αὐτοῖς.

2433 5329 2505 5397 (6)
2541 5331 2794 5388 Ἔλαὸον.

2431 5401 2506 5466 (7)
2540 5402 2718 5471 Παρὰ.

2430 5472 2503 5539 (8)
2550 5473 2885 5527 Ἀπολοῦντο.

2430 5540 2725 5615 ,Δςιτῶν
2762 5546 3007 5614 ματαίως
3041 5550 3303 5615 ἐξέλιπον.

2434 5609 2545 5678 (10)
2591 5609 2928 5671 Ἀπέκτενεν.

2436 5679 2545 5749 (11)
2576 5682 2747 5752 Αὐτῷ.
