4098 6318
194 386 302 439 977

1067 381 1159 439 DE
1201 381 1477 439 TlTL’LlS
1521 382 1974 440 l’SALMORUM.
2013 413 2084 426 —
2112 379 2307 436 PSAL.
2349 376 2600 434 LXXVII.
3348 369 3449 430 978

267 505 356 560 80.
387 504 490 558 Kal
533 505 903 578 ἐμνήσθησαν,
918 503 999 558 δτι
1026 505 1055 558 6
1072 502 1204 569 Θεὸς
1220 503 1412 577 βοηθὸς
1428 504 1607 558 αὐτῶν
1629 506 1768 559 ἐστι·
1798 511 1843 568 Α

1828 528 1843 568 ι
1944 503 2033 562 80.
2072 503 2141 561 Et
2170 495 2517 559 rememorati
2575 506 2706 556 sunt
2751 497 2880 569 quia
2936 493 3079 552 Deus
3114 493 3328 563 adjulor
3363 500 3446 551 est

266 701 356 756 8|.
389 700 498 754 Kal
528 702 557 755 6
587 700 718 764 Θεὸς
746 701 775 754 6
806 698 1026 770 ὓψιστος
1064 699 1341 771 λυτρωτὴς
1374 698 1554 752 αὐτῶν
1581 703 1716 754 ἐστι.

267 793 358 846 82.
389 793 499 846 Kal
527 791 820 864 ἠγάπησαν
852 791 1014 846 αὑτὸν
1055 794 1112 845 ὲν
1149 790 1228 862 τῷ
1262 791 1488 862 στόματι
1521 791 1700 844 αὐτῶν
1720 809 1732 821 ·

267 883 356 938 83.
389 885 495 938 Kal
526 886 591 956 τῇ
629 881 850 957 γλώσσῃ
878 882 1057 937 αὐτῶν
1086 881 1384 952 ἐψεύσαντο
1407 881 1577 954 αὐτῷ.

267 977 358 1033 84.
403 979 467 1031 Ἦ
499 977 556 1031 δὲ
590 977 786 1050 καρδία
816 976 995 1031 αὐτῶν
1023 977 1123 1031 οὐκ
1161 975 1343 1030 εὐθεῖα
1379 978 1496 1048 μετ’
1522 975 1686 1029 αὑτοῦ
1709 991 1723 1007 ·

265 1071 358 1127 83.
393 1069 528 1125 Οὐδὲ
556 1069 931 1140 ἐπιστώθησαν
964 1071 1022 1123 ὲν
1057 1071 1124 1140 τῇ
1147 1067 1391 1143 Διαθήκῃ
1419 1067 1603 1122 αὐτοῦ.

267 1163 359 1220 86.
394 1163 564 1228 Αὐτὸς
596 1162 653 1216 δέ
695 1163 774 1231 (α)
806 1163 954 1216 ἐστιν
976 1162 1309 1233 οἰκτίρμων·

267 1254 362 1310 87.
389 1256 504 1310 Kal
529 1254 772 1309 ίλάσεται
801 1257 923 1318 ταῖς
944 1253 1241 1326 ἁμαρτίαις
1273 1253 1453 1308 αὐτῶν
1470 1271 1484 1284 ·

267 1344 361 1400 88.
397 1345 506 1400 Kal
534 1345 595 1398 οὐ
630 1344 926 1416 διαφθερεῖ.

266 1437 360 1492 89.
383 1439 490 1491 Kal
508 1438 789 1509 πληθυνεῖ,
811 1436 905 1490 τοῦ
924 1436 1263 1509 ἀποστρέψαι
1282 1436 1373 1490 τὸν
1399 1435 1569 1508 θυμὸν
1589 1432 1774 1488 αὐτοῦ·

268 1528 361 1586 90.
392 1531 501 1585 Kal
529 1531 648 1603 οὐχὶ
682 1533 942 1587 ὲκκαύσςι
963 1534 1144 1586 πᾶσαν
1169 1531 1265 1602 τὴν
1293 1531 1461 1605 ὀργὴν
1485 1528 1672 1584 αὑτοῦ.

266 1618 361 1673 91.
388 1620 497 1674 Kal
519 1622 787 1696 ἐμνήσθη,
818 1625 901 1678 ὅτι
929 1622 1066 1694 σάρξ
1089 1624 1218 1689 εἰσι,

269 1708 363 1764 92.
397 1710 622 1782 Πνεῦμα
651 1715 1040 1786 πορευόμενον,
1064 1711 1160 1767 καὶ
1188 1712 1289 1766 οὐκ
1325 1710 1670 1783 ἐπιστρέφον.

269 1801 363 1858 95.
391 1804 628 1868 Ποσάκις
667 1805 1085 1878 παρεπίκραναν
1107 1805 1268 1860 αὑτὸν
1301 1805 1358 1856 ὲν
1380 1806 1446 1875 τῇ
1468 1803 1692 1874 ὲρήμῳ;

271 1893 362 1946 96.
392 1894 751 1966 Παρὼργισαν
778 1897 939 1950 αὑτὸν
972 1898 1030 1950 ὲν
1072 1899 1142 1968 γῇ
1175 1896 1245 1967 (b)
1283 1893 1498 1965 ἀνύδρῳ
1525 1910 1540 1958 ἱ

271 2076 366 2135 95.
397 2077 507 2130 Kal
538 2073 903 2145 ἐπέστρεψαν,
941 2075 1036 2128 καὶ.
1073 2074 1371 2145 ἐπείρασαν
1398 2071 1489 2124 τὸν
1509 2070 1641 2125 Θεὸν
1665 2087 1680 2102 ·

273 2167 366 2224 96.
394 2167 505 2223 Kal
531 2167 623 2221 τὸν
647 2167 836 2237 ’Δγιον
878 2165 973 2219 τοῦ
1015 2164 1232 2236 Ἰσραὴλ
1264 2162 1612 2236 παρώξυναν.

272 2259 366 2314 97.
403 2259 515 2313 Kal
544 2259 616 2328 (ε)
642 2258 741 2310 οὐκ
759 2255 1110 2327 ἐμνήσθησαν
1139 2255 1238 2326 τῆς
1257 2254 1437 2326 χειρὸς
1471 2251 1658 2316 αὑτοῦ,

272 2352 366 2409 98.
415 2349 675 2423 Ἡμέρας,
699 2345 767 2420 ἦς
798 2347 1141 2421 ὲλυτρώσατο
1163 2347 1360 2410 αὐτοὺς
1388 2345 1465 2415 (d)
1499 2347 1564 2398 ὲκ
1605 2343 1785 2416 χειρὸς

185 2445 503 2508 θλίϐοντος.

275 2576 359 2648 (ο)
389 2577 524 2649 Γᾴρ.
553 2580 612 2633 In
639 2592 811 2646 marg.
842 2575 924 2630 δέ.

275 2644 356 2719 (ὑ)
386 2644 644 2718 Γῇ”άοειι
667 2649 721 2719 in
753 2644 928 2719 textu;
953 2653 1008 2698 at
1035 2645 1139 2713 leg.
1175 2644 1244 2697 in-
1259 2658 1430 2714 marg.

274 2716 356 2788 dc)
388 2716 499 2772 Kal
527 2734 634 2772 non
665 2716 878 2786 legitur.

1874 613 2062 655 eorum
2095 617 2109 652 ι

1945 692 2035 746 8i.
2071 688 2138 745 Et
2182 687 2324 743 Deus
2351 684 2602 742 excelsus
2630 683 2939 752 redemptor
2958 691 3145 736 eorum
3173 685 3278 734 est.

1946 782 2034 839 82.
2064 780 2130 836 Et
2152 780 2459 836 dilexerunt
2479 793 2601 835 eum
2626 776 2681 830 in
2706 790 2801 830 ore
2825 789 2928 830 suo
2952 815 2966 828 .

1943 877 2034 933 83.
2070 873 2134 930 Et
2162 874 2346 944 lingua
2377 888 2476 928 sua
2503 869 2715 926 mentiti
2744 877 2872 925 sunt
2893 867 2964 922 ei.

1945 968 2036 1024 84.
2064 967 2172 1022 Cor
2191 976 2372 1021 autem
2409 977 2602 1018 eorum
2636 977 2745 1016 non
2778 970 2986 1016 rectum
3022 975 3146 1015 cum
3174 974 3276 1016 eo:

1946 1060 2036 1115 85.
2067 1056 2179 1114 Nec
2214 1056 2399 1112 ﬁdeles
2436 1053 2608 1109 habiti
2647 1062 2775 1108 sunt
2806 1053 2860 1107 in
2889 1051 3241 1109 Testamento
3267 1051 3406 1121 eius.

1944 1148 2035 1204 86.
2070 1149 2192 1218 Ipse
2216 1157 2396 1204 autem
2429 1156 2513 1202 est
2537 1144 2884 1200 misericors:

1947 1239 2036 1296 87.
2073 1237 2140 1294 Et
2171 1238 2440 1311 propitius
2468 1235 2558 1290 (let
2581 1235 2823 1305 peccatis
2848 1249 3040 1290 eorum
3066 1250 3083 1288 :

1947 1331 2037 1389 83.
2068 1330 2135 1386 Et
2161 1347 2269 1386 non
2294 1330 2590 1402 disperdet.

1947 1424 2037 1481 89.
2071 1421 2139 1478 Et
2169 1423 2492 1489 abundabit,
2527 1432 2588 1478 ut
2622 1431 2891 1478 averteret
2917 1423 3053 1478 iram
3079 1435 3276 1476 suam:

1949 1514 2039 1570 90.
2074 1513 2140 1570 Et
2165 1531 2273 1570 non
2302 1514 2563 1570 accendet
2588 1529 2808 1570 omnem
2830 1514 2966 1569 iram
2998 1527 3175 1569 suam.

1949 1608 2039 1666 9i.
2074 1605 2140 1662 Et
2165 1607 2488 1664 recordatus
2510 1617 2624 1672 est,
2649 1606 2778 1676 quia
2808 1621 2940 1664 caro
2971 1614 3130 1671 sunt,

1951 1699 2042 1754 92.
2071 1699 2309 1770 Spiritus
2334 1699 2560 1764 radens,
2585 1708 2767 1755 etnon
2795 1699 3029 1755 rediens.

1950 1791 2039 1846 93.
2072 1789 2297 1858 Quoties
2319 1793 2784 1846 cxacerbaverunt
2821 1805 2945 1846 eum
2978 1790 3033 1844 in
3064 1787 3315 1844 deserto?

1815 1850 1858 1909 Β
1957 1881 2046 1938 94.
2089 1884 2147 1936 lu
2214 1881 2348 1937 iram
2426 1883 2836 1938 concitaverunt
2887 1897 3013 1938 eum
3066 1881 3121 1936 in
3171 1891 3310 1935 terra
3369 1878 3454 1934 in-

1889 1989 2094 2045 aquosa
2112 1975 2136 2028 ἲ

1957 2070 2047 2126 95.
2081 2069 2150 2126 Et
2181 2071 2432 2128 conversi
2454 2079 2602 2137 sunt,
2630 2081 2684 2126 et
2716 2079 3060 2127 tentaverunt
3095 2069 3265 2124 Deum
3297 2086 3311 2100 ν

1959 2161 2047 2215 96.
2079 2159 2145 2215 Et
2172 2159 2430 2217 Sanctum
2457 2161 2621 2218 Israel
2653 2161 3142 2242 exaeerbarerunt.

1962 2251 2051 2310 97.
2082 2251 2148 2308 Et
2176 2268 2283 2308 non
2309 2254 2576 2310 recordati
2599 2263 2728 2311 sunt
2748 2269 2946 2312 manus
2965 2255 3114 2326 ejus.

1924 2355 1930 2360 '
1964 2345 2055 2401 98.
2091 2344 2209 2417 Die,
2235 2363 2342 2419 qua
2373 2349 2596 2405 redemit
2619 2363 2716 2405 eos
2741 2350 2808 2404 de
2834 2365 2994 2404 manu
3023 2348 3333 2405 tribulautis

273 2783 360 2863 (ἆ)
383 2789 586 2854 Δὺτούς
605 2783 754 2844 deest
781 2788 833 2840 in
859 2793 1003 2840 textu
1030 2801 1046 2850 ;
1076 2783 1270 2856 legitur
1302 2783 1356 2838 in
1398 2800 1605 2855 marg.;
1640 2799 1764 2840 mox
1799 2783 2104 2848 θλιεόιτων,
2131 2785 2183 2838 iu
2217 2786 2702 2893 rnarg./D).i€ov:0;.

1335 2926 1718 2984 nmmsu
1755 2901 2366 2988 INTERPRETATIO.

277 3067 378 3132 80,
416 3065 505 3120 8i.
539 3064 652 3118 Kal
703 3063 870 3135 ἀνέϐη
925 3064 1017 3116 ἐπὶ
1050 3061 1148 3135 τὴν
1177 3061 1402 3134 καρδίαν
1450 3061 1628 3114 αὑτῶν
1688 3062 1789 3114 ὅσα

1968 3063 2057 3129 80,
2091 3064 2180 3119 8i.
2214 3064 2277 3120 Et
2317 3066 2564 3121 ascendit
2601 3065 2656 3120 in
2690 3080 2785 3121 cor
2817 3081 3006 3121 eorum
3039 3067 3302 3140 quidquid
3342 3068 3470 3126 fecit

195 3155 442 3227 ἐποίησε
478 3156 591 3217 τοῖς
623 3153 745 3207 δυσὶ
807 3151 1084 3224 βασιλεῦσι
1132 3151 1238 3206 τῶν
1284 3151 1646 3224 Ἀμορραίων,
1698 3153 1793 3204 καὶ

1777 3155 1793 3204 l
1899 3155 2112 3211 duobus
2142 3156 2358 3227 regibus
2387 3157 2820 3224 Amorraeorum,
2850 3168 2905 3212 et
2925 3159 3144 3216 Amalec
3189 3161 3244 3217 in
3283 3164 3395 3219 via.

195 3249 328 3304 τῶν
371 3245 618 3319 ’Λμαλὴκ
644 3245 701 3298 ὲν
739 3246 805 3316 τῇ
831 3242 954 3314 ὁδῷ.

282 3339 380 3396 82.
420 3338 530 3392 Kal
552 3335 885 3390 συνετίθεντο
909 3338 1021 3399 τοῖς
1044 3335 1462 3408 προστάγμασιν
1518 3333 1682 3389 αὑτοῦ
1717 3334 1796 3404 τῷ

201 3427 454 3497 στόματι
487 3425 686 3478 αὐτῶν.

283 3518 380 3575 83.
430 3517 595 3588 Ἦρνή
608 3531 768 3568 παντο
786 3514 968 3568 αὐτόν.

285 3609 382 3666 86.
428 3609 491 3662 'H
522 3607 578 3662 δὲ
625 3607 819 3678 καρδία
849 3606 1028 3661 αὐτῶν
1069 3607 1257 3679 πόρρω
1292 3608 1519 3676 ἀπεῖχεν
1557 3607 1652 3660 ἀπ’
1698 3607 1796 3660 αὑ-

206 3705 334 3760 τῶν
371 3702 473 3773 (ι).

289 3795 387 3852 85.
418 3795 555 3849 Οὐδὲ
600 3793 876 3866 ἠνείχοντο
916 3791 1198 3846 ἐπιθέσθαι
1255 3789 1330 3861 (‘2)
1373 3792 1472 3862 τῆς
1528 3791 1802 3864 Auequ

206 3887 418 3944 αὑτοῦ.

290 3980 388 4038 86.
419 3979 580 4039 Αὐτὸς
619 3977 675 4032 δὲ
712 3975 1065 4048 μακρόθνμός
1090 3977 1258 4030 ἐστιν.

291 4071 390 4128 87.
419 4071 530 4125 Kal
558 4065 789 4121 ἱλατεύει
819 4068 939 4128 ταῖς
969 4066 1264 4135 ἁμαρτίαις
1299 4065 1501 4120 αὐτῶν.

293 4161 390 4219 88.
424 4161 536 4215 Kal
555 4161 655 4214 οὐκ
701 4156 923 4212 ἁπόλλει
954 4157 1027 4228 (3)
1081 4159 1278 4221 αὐτοὺς
1320 4155 1672 4227 ἐκδεχόμενος
1706 4158 1805 4226 τὴν

217 4255 520 4330 μετάνοιαν
553 4249 753 4307 αὐτῶν.

296 4345 391 4402 89.
425 4343 536 4398 Kal
573 4343 666 4396 ἐπὶ
709 4340 844 4395 πολὺ
873 4343 1125 4413 ὲπιμενεῖ
1152 4340 1228 4412 (II)
1260 4343 1326 4412 τῇ
1362 4340 1656 4412 ἁγαοότητι
1712 4341 1808 4393 αὖ-

213 4456 323 4492 του
334 4477 348 4489 .

298 4529 392 4583 90.
430 4526 540 4581 Kal
559 4527 658 4581 οὐκ
683 4525 893 4599 ὁργίζει
928 4525 1167 4590 τελείως.

297 4619 393 4676 91.
425 4617 769 4691 Μνημονεύει
801 4617 931 4690 γὰρ,
962 4618 1042 4671 ὅτι
1075 4617 1278 4689 πλῆθός
1311 4619 1437 4671 εἰσι.

297 4709 394 4766 92.
429 4710 550 4763 Ὅτι
590 4707 668 4780 (5)
703 4707 798 4762 ἐὰν
853 4709 1182 4781 ἀναχωρήσῃ
1221 4707 1405 4762 αὐτῶν
1463 4710 1497 4780 ἠ
1525 4707 1809 4779 ψυχὴ,οὐκ

216 4805 314 4859 ἔτι
342 4801 598 4856 δύνανται
628 4799 978 4872 μετανοῆσαι.

303 4894 398 4958 95,
431 4892 520 4948 94.
558 4890 888 4963 Παρώξυναν
913 4891 970 4944 ἐν
995 4895 1060 4963 τῇ
1084 4891 1279 4962 καρδίᾳ
1310 4893 1509 4948 αὐτῶν.

301 4986 397 5052 95,
419 4983 509 5039 96.
539 4983 649 5038 Kal
671 4983 885 5037 ἐποίουν
910 4983 1133 5046 ἑαυτοὺς
1160 4984 1286 5047 τοὺς
1326 4981 1735 5054 μετανοοῦντας.

301 5072 395 5128 97.
427 5071 543 5124 Οὐκ
573 5071 879 5142 ἐμέμνηντο
905 5069 1004 5140 τῆς
1034 5070 1214 5142 ίσχύος
1243 5071 1429 5125 αὑτοῦ.

303 5163 398 5217 98.
435 5163 559 5214 Ὅτι
588 5160 748 5224 αὑτός
771 5163 918 5217 ἐστιν
944 5163 972 5214 6
1001 5160 1361 5232 λυτρούμενος
1387 5163 1584 5225 αὐτοὺς
1607 5163 1669 5215 ἐκ
1697 5179 1808 5233 χει-

217 5259 330 5328 ρὸς
353 5253 577 5326 Φαραώ.

1973 3337 2064 3395 89..
2102 3337 2166 3394 Et
2200 3340 2410 3396 assensi
2447 3350 2572 3396 sunt
2594 3342 2861 3398 mandatis
2888 3342 3006 3414 ejus
3030 3359 3124 3398 ore
3150 3357 3270 3399 suo.

1970 3511 2059 3567 83.
2095 3511 2372 3582 Negabant
2402 3532 2547 3572 eum.

1969 3603 2058 3658 84.
2094 3602 2202 3658 Cor
2225 3615 2407 3661 autem
2442 3623 2632 3663 eorum
2667 3611 2823 3683 longe
2859 3613 3044 3667 aberat
3072 3613 3140 3667 ab
3171 3627 3261 3668 eo.

1973 3787 2064 3842 85.
2098 3784 2283 3856 Neque
2349 3790 2728 3846 sustinuerunt
2781 3791 3060 3848 intendere
3125 3783 3474 3848 Testamento

1903 3876 2044 3947 ejus.

1977 3971 2068 4026 89.
2105 3972 2222 4042 Ipse
2249 3981 2432 4027 autem
2467 3974 2790 4042 longanimis
2813 3986 2912 4030 est.

1977 4063 2067 4119 87.
2103 4062 2164 4116 Et
2201 4065 2467 4135 propitius
2488 4065 2731 4120 redditur
2758 4067 2992 4135 peccatis
3016 4082 3225 4121 mrum.

1977 4156 2067 4210 88.
2095 4153 2159 4210 Et
2193 4171 2300 4211 non
2341 4155 2518 4228 perdit
2537 4172 2632 4214 eus
2652 4169 2974 4228 exspectans
2997 4176 3184 4214 eorum
3208 4161 3476 4231 pmnitcn-

1908 4248 2059 4303 tiam.

1978 4344 2066 4395 89.
2107 4339 2170 4395 Et
2201 4341 2427 4396 multum
2459 4343 2798 4413 exspectabit
2832 4345 2902 4397 ob
2930 4361 3084 4399 suam
3124 4345 3442 4402 bonitatem.

1983 4517 2070 4570 90.
2109 4515 2171 4572 Et
2195 4531 2304 4572 non
2337 4518 2589 4574 irascitur
2623 4533 2795 4589 usque
2829 4519 2882 4573 in
2905 4518 3089 4575 linem.

1842 4635 1883 4688 ο
1984 4610 2073 4663 91.
2109 4607 2446 4664 Recordatur
2470 4610 2639 4677 enim,
2667 4611 2811 4681 quod
2839 4612 3133 4668 multitudo
3166 4624 3312 4670 sunt.

1987 4698 2075 4754 92.
2107 4699 2262 4766 Quod
2288 4701 2334 4756 si
2360 4702 2650 4758 recesserit
2673 4704 2743 4759 ab
2774 4702 2854 4760 eis
2883 4706 3088 4770 anima,
3120 4721 3226 4760 non
3251 4705 3484 4777 amplius

1915 4805 2144 4864 possunt
2171 4799 2449 4867 poenitere.

1983 4887 2073 4954 95,
2099 4888 2186 4944 94.
2215 4891 2570 4947 lrritaverunt
2603 4893 2656 4947 in
2680 4892 2841 4948 corde
2873 4907 3086 4948 eorum.

1986 4979 2076 5042 95,
2110 4980 2198 5038 96.
2234 4980 2298 5036 Et
2328 4983 2601 5038 tinxerunt
2631 5000 2689 5039 se
2713 4985 2855 5054 ipsos
2886 4986 3234 5054 poenitentcs.

1989 5069 2077 5126 97.
2109 5069 2226 5126 Non
2258 5075 2525 5130 recordati
2551 5085 2679 5130 sunt
2703 5076 3031 5146 puztritentize
3051 5075 3190 5143 ejus.

1989 5162 2077 5216 98.
2109 5162 2264 5230 Quod
2293 5165 2407 5235 ipse
2431 5179 2531 5232 est,
2554 5167 2645 5237 qui
2677 5168 2923 5222 liberavit
2945 5181 3039 5221 eos
3063 5165 3131 5221 de
3157 5181 3320 5222 manu
3344 5163 3484 5221 Pha-

1915 5256 2116 5311 raonis.

1196 5416 1500 5481 Addenda
1535 5424 1588 5479 el
1638 5414 2015 5495 corrigenda
2054 5431 2130 5480 ex
2168 5413 2308 5477 cod.
2341 5414 2542 5477 Vatic.

310 5570 390 5639 ιι)
419 5569 612 5624 Αὑτοῦ.

316 5641 396 5715 (ἓ)
423 5639 714 5715 ῌείθεσθαι
741 5645 809 5714 τῇ
836 5640 1098 5715 Διαθήκῃ,
1131 5652 1234 5699 clc.

316 5710 393 5777 (ὅ)
435 5710 734 5767 ’Λπολλύει.

317 5780 394 5851 (4)
436 5780 728 5853 Ἐπιμένει.

1991 5571 2068 5637 (5)
2101 5567 2278 5626 N.9‘2.
2323 5570 2453 5624 Ὀτε
2505 5571 2589 5635 ἄν,
2630 5581 2735 5623 elo.
2787 5568 2852 5624 Ν.
2897 5571 2988 5629 95.
3037 5562 3489 5637 Μ.11αριξ›ξυ·ι;ν

1924 5634 2031 5696 non
2053 5634 2284 5709 legitur.
2341 5639 2406 5699 Ν.
2440 5641 2529 5698 95.
2585 5642 2714 5707 Καί,
2745 5652 2850 5696 etc.
2907 5641 2971 5695 N.
3004 5637 3092 5695 96.
3146 5634 3353 5709 Ἰησοῦν
3397 5634 3489 5690 τὶν

1922 5711 2046 5766 Υἱὸν
2070 5711 2160 5766 τοῦ
2192 5711 2349 5768 Θεοῦ.
