4056 6318
75 355 160 411 981
935 355 1025 408 DE
1067 355 1341 410 TITULIS
1373 355 1819 414 PSALMORUM.
1860 389 1928 400 -—-
1967 357 2159 411 PSAL.
2200 357 2450 416 LXXVII.

3209 366 3311 424 982

144 475 252 528 118.
298 474 581 546 Ἀπαρχην
617 477 812 538 παντὸς
836 476 996 528 πόνου
1028 478 1224 541 αὐτῶν,
1267 480 1326 529 ἐν
1365 483 1475 544 τοῖς
1504 497 1636 551 σκη-
1667 491 1711 544 Α

1812 483 1931 536 118.
1968 481 2242 538 Primitias
2286 484 2467 537 omnis
2500 484 2703 540 laboris
2733 499 2921 538 eorum
2966 486 3016 538 in
3063 487 3312 543 taberna-

76 568 270 634 γώμασι
304 568 458 637 Χὰμ.

139 659 252 712 119.
290 660 400 712 Kal
438 659 654 729 ἀπῆρεν
674 659 745 723 ὡς
776 659 1022 734 πρόϐατα
1054 661 1145 714 τὸν
1173 662 1299 715 λαὸν
1324 664 1506 718 αὐτοῦ.

141 752 254 806 120.
282 754 391 805 Kal
416 754 696 824 ἀνήγαγεν
717 755 912 817 αὐτοὺς
933 755 1064 807 ὡσεὶ
1088 755 1333 825 ποίμνιον
1350 760 1404 809 ἐν
1428 759 1523 828 ἐρή
1534 776 1634 828 μῳ.

141 931 254 986 121.
282 930 396 984 Kal
428 930 710 1004 ὡδήγησεν
772 933 968 997 αὐτοὺς
1025 935 1110 986 ἐπ’
1152 933 1348 997 ἐλπίδι,
1390 935 1481 987 καὶ
1543 937 1641 988 οὐ).

77 1023 381 1078 ἐδειλίασαν.

141 1117 252 1170 122.
293 1118 407 1169 Kal
432 1119 560 1181 τοὺς
590 1117 814 1189 ἐχθροὺς
847 1119 1024 1172 αὐτῶν
1055 1121 1288 1190 ἐκάλυψε
1321 1121 1582 1176 θάλασσα.

143 1209 253 1264 123.
294 1209 406 1263 Kal
432 1211 722 1282 εἰσήγαγεν
771 1212 966 1274 αὐτοὺς
1017 1213 1094 1275 είς
1139 1213 1262 1284 ὅρος
1310 1215 1640 1284 ἁγιάσματος

77 1299 248 1360 αὑτοῦ.

141 1393 256 1447 124.
277 1395 446 1465 Ὄρος
476 1395 652 1459 τοῦτο,
684 1395 712 1446 ὃ
734 1395 1006 1466 ἐκτήσατο
1033 1398 1066 1468 ή
1093 1396 1240 1464 δεξιὰ
1265 1399 1450 1452 αὑτοῦ.

144 1571 259 1625 125.
300 1573 416 1626 Kal
439 1573 692 1639 ἐξέϐαλεν
725 1574 834 1626 ἀπὸ
861 1574 1154 1646 προσώπου
1181 1578 1358 1630 αὐτῶν
1390 1578 1513 1649 ἔθνη
1535 1597 1547 1608 ·

141 1661 257 1716 126.
298 1659 411 1715 Kal
450 1664 873 1734 ἐκληροδότησεν
901 1666 1094 1729 αὐτοὺς
1121 1669 1178 1719 ἐν
1203 1669 1417 1738 σχοινίῳ
1447 1669 1642 1739 κληρο-

80 1750 262 1816 ὃοσίας.

1742 575 1878 628 culis
1907 576 2100 628 Citam.

1814 665 1936 716 119.
1970 663 2034 717 Et
2064 664 2285 718 abstulit
2320 664 2464 717 sicut
2488 679 2618 716 oves
2653 664 3090 731 populum'sunm
3121 685 3135 720 :

1818 757 1938 811 120.
1974 756 2039 809 Et
2090 757 2341 826 perduxit
2392 772 2488 811 eos
2533 769 2790 826 tanquam
2844 775 3058 829 gregem
3111 758 3162 812 in
3219 759 3315 814 de-

1742 859 1887 904 serto
1920 869 1931 903 :

1817 942 1939 995 121.
1978 941 2044 995 Et
2063 940 2290 996 deduxit
2320 956 2417 996 eos
2447 942 2500 994 in
2531 956 2645 1011 spe,
2672 951 2721 994 et
2760 957 2867 994 non
2895 947 3196 998 timuerunt
3227 961 3240 995 :

1821 1122 1943 1174 122.
1980 1122 2042 1175 Et
2071 1120 2319 1176 inimicos
2346 1137 2531 1176 eorum
2567 1122 2780 1190 operuit
2817 1137 2982 1176 mare.

1823 1216 1944 1269 125.
1986 1215 2048 1268 Et
2097 1215 2307 1269 induxit
2347 1231 2440 1268 eos
2483 1215 2534 1266 in
2585 1223 2821 1268 montem
2867 1213 3316 1268 sanctiﬁcationis

1743 1323 1854 1359 sua:
1871 1349 1883 1367 ,

1826 1399 1946 1450 124.
1988 1397 2219 1450 Montem
2283 1397 2466 1462 hunc,
2527 1412 2685 1465 quem
2747 1396 3033 1466 acquisivit
3095 1395 3313 1449 dextera

1741 1492 1881 1561 eius.

1818 1585 1938 1637 125.
1985 1584 2050 1636 Et
2083 1584 2242 1652 ejecit
2271 1598 2296 1634 a
2329 1582 2464 1635 facie
2509 1597 2696 1636 eorum
2731 1590 2914 1649 gentes
2950 1599 2962 1633 :

1819 1677 1942 1728 126.
1981 1677 2045 1729 Et
2079 1686 2224 1729 sorte
2245 1675 2431 1728 divisit
2450 1675 2529 1727 eis
2548 1675 2599 1726 in
2624 1673 2867 1728 funiculo
2893 1671 3315 1727 distributionis.

145 1845 258 1897 127.
299 1847 412 1899 Kal
447 1849 856 1919 κατεσκήνωσεν
881 1851 936 1902 ἐν
958 1853 1067 1913 τοῖς
1090 1850 1440 1922 σκηνώμασιν
1467 1853 1641 1906 αὐτῶν
1676 1843 1716 1899 Β

1712 1873 1716 1893 ι
1813 1854 1932 1905 127.
1971 1853 2030 1906 l-It
2067 1853 2309 1906 habitare
2341 1852 2468 1906 fecit
2501 1854 2552 1905 in
2601 1851 2961 1906 tabernaculis
2993 1866 3181 1904 eorum
3218 1851 3314 1902 tri-

81 1936 361 2005 τὶις-φυλὰς
391 1939 487 1992 τοῦ
527 1941 758 2012 Ἰσραήλ.

147 2029 259 2081 128.
301 2032 413 2083 Kal
457 2033 773 2103 ἐπείρασαν,
822 2036 914 2088 καὶ
942 2035 1353 2106 παρεπίκραναν
1384 2038 1474 2089 τὸν
1513 2037 1643 2090 Θεὸν

83 2121 161 2172 τὸν
189 2122 408 2191 ὕψιστον
427 2141 441 2154 ·

151 2214 262 2267 129.
306 2216 418 2268 Kal
451 2216 520 2269 τὰ
557 2217 828 2288 μαρτύρια
856 2218 1020 2271 αὑτοῦ
1046 2221 1144 2272 οὐκ
1174 2218 1522 2288 ἐφυλάξαντο.

151 2305 262 2358 150.
303 2308 414 2360 Kal
446 2309 811 2378 ἀπέστρεψαν,
848 2311 939 2362 καὶ
973 2310 1263 2381 ἠθέτησαν,
1318 2311 1497 2375 καθὼς
1550 2313 1641 2365 καὶ

88 2392 129 2442 οἱ
153 2391 377 2463 πατέρες
409 2395 587 2447 αὐτῶν
609 2414 619 2424 ·

154 2483 267 2536 151.
308 2487 776 2560 Μετεστρὰφησαν
805 2495 882 2555 εἰς
909 2492 1058 2558 τόξον
1093 2493 1361 2563 στρεϐλόν.

152 2575 264 2630 152.
305 2579 416 2632 Καὶ
442 2581 798 2652 παρώργισαν
819 2584 978 2637 αὑτὸν
1002 2587 1057 2637 ἐν
1079 2588 1188 2648 τοῖς
1217 2586 1421 2655 βουνοῖς
1443 2585 1638 2638 αὑτῶψ

1739 1945 1840 1998 bUs
1871 1944 2051 1998 Israel.

1817 2034 1934 2087 128.
1987 2032 2056 2087 Et
2089 2041 2462 2097 tentaret-unt,
2521 2042 2574 2086 et
2627 2043 3091 2086 exacernaverunt
3147 2027 3315 2083 DEum

1740 2128 2014 2181 excelsum
2053 2146 2066 2179 :

1814 2218 1932 2272 129.
1973 2218 2034 2271 Et
2068 2219 2376 2272 testimonia
2408 2219 2528 2286 ejus
2572 2232 2679 2270 non
2710 2217 3106 2271 custodierunt.

1818 2312 1938 2363 130.
1977 2309 2041 2364 Et
2067 2317 2377 2364 averterunt
2396 2324 2474 2372 se,
2494 2317 2547 2362 et
2571 2325 2676 2361 non
2701 2315 3056 2362 servaverunt
3076 2316 3318 2375 pactum,

1749 2403 2207 2470 quemadmodum
2235 2413 2286 2455 et
2318 2412 2498 2469 patres
2531 2416 2719 2454 eorum
2749 2419 2761 2454 :

1820 2493 1943 2543 151.
1981 2491 2240 2544 Conversi
2270 2502 2395 2545 sunt
2428 2493 2480 2544 in
2519 2507 2704 2545 arcum
2739 2505 2988 2558 pravum.

1825 2584 1943 2636 152.
1979 2581 2042 2636 Et
2078 2584 2128 2636 in
2179 2585 2312 2636 iram
2353 2588 2763 2638 concitaverunt
2810 2597 2932 2638 eum
2985 2584 3038 2635 in
3090 2580 3322 2635 collibus

1749 2693 1865 2731 SUIS
1901 2696 1912 2731 ζ

1196 2847 1573 2904 ATHANASH
1612 2847 2197 2906 INTERPRETATIO.

154 3044 266 3099 118.
305 3048 437 3108 Ἀπὸ
482 3049 575 3102 τοῦ
610 3051 852 3122 ἀρχηγοῦ
883 3052 1060 3105 αὐτῶν
1094 3053 1187 3106 τοῦ
1236 3053 1481 3107 διαϐόλου
1509 3096 1522 3120 ,
1557 3058 1649 3109 καὶ

1825 3057 1942 3109 118.
1979 3056 2025 3112 Α
2054 3056 2295 3125 principe
2325 3071 2511 3109 eorum
2541 3053 2776 3120 diabolo,
2811 3063 2864 3106 et
2894 3054 3042 3106 omni
3077 3054 3195 3122 ejus
3218 3069 3320 3122 [κν

95 3137 256 3209 πάσης
309 3141 475 3194 αὐτοῦ
513 3143 611 3212 τῆς
667 3142 971 3214 δυνάμεως.
1017 3144 1145 3214 Χὰμ
1191 3148 1298 3216 γὰρ
1352 3149 1650 3216 τολμηρὸς

1376 3149 1650 3216 ὀλμηρὸς
1752 3156 1961 3201 testate.
1988 3148 2154 3200 Citam
2181 3148 2324 3200 enim
2357 3149 2741 3216 interpretatur
2777 3145 2978 3199 audax.

93 3225 451 3298 ἑρμηνεύεται.

158 3321 270 3400 1.19.
300 3325 409 3377 Kal
439 3326 706 3396 ἐρρύσατο
720 3325 794 3389 ὡς
825 3328 918 3380 ἀπ’
948 3327 1097 3381 ἐλέου
1133 3328 1208 3400 (1)
1230 3329 1354 3392 τοὺς
1376 3329 1652 3383 πιστεύον-

95 3425 178 3471 τας
206 3414 366 3484 αὐτῷ.

160 3505 269 3560 120.
299 3510 408 3562 Kal
453 3509 727 3580 ἀνήγαγεν
771 3512 966 3574 αὐτοὺς
1012 3512 1118 3565 ἀπὸ
1167 3514 1264 3585 τῆς
1301 3515 1505 3584 φθορας
1548 3514 1647 3583 τῆς

97 3594 348 3666 ἁμαρτίας
375 3599 469 3652 τοῦ
507 3602 582 3671 (2)
607 3601 996 3672 βαπτίσματος.

162 3689 271 3744 121.
300 3693 410 3745 Kal
431 3692 714 3763 ὡδήγησαν
747 3693 822 3758 (5)
844 3694 1036 3757 αὐτοὺς
1087 3697 1143 3748 ἐν
1187 3696 1388 3762 πίστει,
1431 3696 1523 3748 καὶ
1550 3697 1647 3749 οὐκ

99 3781 422 3855 ἐφοϐήθησαν
450 3788 546 3855 τὴν
575 3787 871 3857 ἁμαρτίαν.

161 3873 271 3928 122.
288 3877 398 3941 Τὰς
413 3879 658 3942 ἐναντίας
674 3879 928 3949 δυνάμεις
946 3880 1251 3933 ἐθανάτωσε
1270 3881 1328 3933 τὸ
1348 3881 1641 3953 βάπτισμα.

161 4053 272 4108 123.
291 4057 384 4120 Εἰς
407 4058 505 4122 τὴν
534 4058 858 4128 Ἐκκλησίαν

165 4147 275 4202 124.
315 4152 378 4204 Ἠ
413 4151 708 4222 Ἐκκλησία
749 4157 814 4222 ὴν
856 4154 931 4223 (5)
989 4157 1381 4226 περιποιήσατο
1424 4157 1510 4210 διὰ
1555 4158 1647 4210 τοῦ

103 4234 216 4288 ἰδίου
240 4242 463 4311 αἵματος
491 4246 518 4295 ὁ
555 4245 844 4313 μονογενὴς
877 4245 1001 4308 Υἱὸς
1027 4247 1118 4298 τοῦ
1147 4247 1297 4301 Θεοῦ.

165 4330 273 4385 125.
314 4335 451 4398 Τοὺς
478 4335 736 4405 δαίμονας
760 4338 821 4388 ἐκ
853 4336 960 4388 τῶν
986 4339 1218 4407 καρδιῶν
1242 4340 1437 4393 αὐτῶν.

167 4421 581 4496 126.Ἐμέρισεν
615 4428 796 4488 αὐτοῖς
834 4428 900 4478 τὰ
936 4427 1246 4497 χαρίσματα
1299 4430 1394 4498 τῆς
1431 4430 1648 4501 χάριτος

56 4565 58 4568 ,
104 4511 265 4566 αὑτοῦ.

171 4604 278 4661 127.
316 4608 427 4660 Kal
439 4607 687 4677 ἡγεῖσθαι
707 4611 957 4679 ἐποίησεν
974 4611 1150 4664 αὐτῶν
1167 4615 1288 4674 τοὺς
1301 4614 1646 4676 ἀποστόλους.

166 4695 276 4752 128.
316 4701 382 4753 Οἱ
415 4702 488 4772 μὴ
521 4702 906 4765 πιστεύσαντες
943 4705 1091 4774 αὐτῷ
1122 4704 1384 4758 Ἰουδαῖοι.

1821 3329 1942 3383 119.
1983 3327 2046 3382 Et
2069 3327 2232 3382 veluti
2263 3342 2372 3396 prae
2399 3323 3014 3380 miserationeliberavit
3036 3324 3321 3378 credentes

1674 3458 1719 3520 c
1751 3420 1804 3473 in
1833 3419 2030 3489 ipsum.

1824 3511 1947 3564 120.
1982 3511 2046 3564 Et
2077 3510 2291 3564 reduxit
2345 3525 2439 3564 eos
2493 3525 2522 3580 a
2571 3508 2921 3578 corruptione
2971 3505 3177 3576 peccati
3230 3521 3323 3575 pet‘

1749 3603 2099 3670 baptismum.

1826 3695 1947 3749 121.
1986 3694 2051 3748 Et
2077 3694 2301 3749 deduxit
2343 3710 2438 3749 eos
2481 3696 2533 3748 in
2582 3694 2719 3757 (ide,
2761 3705 2815 3747 et
2866 3709 2976 3748 non
3024 3693 3323 3747 timuerunt

1750 3796 2051 3856 peccatum.

1822 3877 1944 3930 122.
1979 3876 2335 3931 Adversarias
2392 3885 2685 3946 potestates
2738 3875 3087 3931 mortiﬁcavit
3144 3875 3324 3943 bapti-

1750 3983 1923 4022 smus.

1821 4059 1940 4111 125.
1978 4057 2033 4111 In
2061 4056 2381 4113 Ecclesiam.

1821 4148 1944 4204 124.
1980 4147 2299 4212 Ecclesiam,
2350 4165 2511 4218 quam
2558 4149 2894 4217 comparavit
2940 4148 3158 4218 proprio
3194 4162 3324 4202 san-

1751 4240 1912 4309 guine
1939 4241 2251 4309 unigenitus
2283 4239 2453 4294 Filius
2486 4241 2600 4293 Dei.

1824 4332 1947 4385 123.
1987 4331 2266 4386 Daemones
2287 4348 2350 4384 ex
2385 4334 2870 4387 curdibuseorunl.

1827 4423 1950 4480 126.
1983 4423 2175 4477 Divisit
2205 4424 2284 4477 eis
2304 4424 2442 4477 dona
2465 4427 2649 4494 gratize
2682 4444 2813 4478 sum.

1823 4602 1945 4655 127.
1977 4601 2040 4653 Et
2071 4603 2352 4654 constituit
2380 4603 2546 4656 duces
2569 4619 2756 4656 eorum
2786 4601 3083 4671 apostolos.

1825 4691 1946 4743 128.
1985 4689 2180 4754 Judaei,
2203 4691 2296 4759 qui
2329 4691 2426 4765 ipsi
2460 4707 2567 4744 non
2600 4692 2966 4745 crediderunt.

161 4784 271 4840 129.
312 4790 422 4853 Τὰς
449 4793 751 4864 μαρτυρίας
776 4794 871 4856 τὰς
901 4796 1196 4866 εἰρημένας
1225 4799 1351 4867 περὶ
1377 4798 1540 4851 αὐτοῦ
1564 4797 1650 4850 διὰ
1683 4799 1726 4852 D

1575 4797 1650 4850 5ιά
1683 4799 1726 4852 ι)
1824 4782 1948 4837 129.
1983 4781 2316 4838 Testimonia
2344 4783 2484 4836 dicta
2518 4783 2585 4836 de
2608 4782 2723 4851 ipso
2749 4799 2842 4837 uer
2869 4782 3177 4850 prophetas.

103 4875 192 4927 τῶν
225 4884 533 4953 προφητῶν.

166 4969 271 5026 130.
310 4977 421 5028 Kal
434 4979 737 5048 ἠρνήσαντο
749 4980 930 5045 αὑτὸν,
945 4979 1123 5046 καθὼς
1133 4984 1180 5034 οἱ
1197 4981 1425 5055 πατέρες
1445 4983 1642 5046 αὐτῶν.

165 5126 273 5185 131.
313 5133 410 5195 El;
437 5133 778 5188 διδασκαλίαν
803 5136 902 5189 οὐκ
934 5137 1120 5208 ὀρθήν.

167 5217 276 5287 152,
315 5225 437 5279 155.
457 5224 547 5278 Ἐν
574 5229 696 5290 ταῖς
721 5226 969 5298 καρδίαις
997 5230 1192 5285 αὐτῶν.

1827 4959 1949 5013 130.
1984 4957 2049 5011 Et
2076 4970 2408 5029 negaverunt
2439 4974 2561 5014 eum
2584 4998 2599 5023 ,
2639 4961 3094 5033 quemadmoaum
3141 4963 3323 5030 patres

1751 5068 1961 5107 eorum.

1826 5142 1950 5197 1'51.
1985 5141 2040 5194 In
2070 5142 2370 5196 doctrinam
2403 5157 2733 5210 perversam.

1827 5235 1951 5298 152,
1990 5235 2111 5290 155.
2135 5233 2190 5296 1n
2213 5234 2470 5288 cordibus
2493 5251 2704 5292 eorum.

1036 5416 1344 5480 Addenda
1378 5425 1438 5483 et
1461 5419 1844 5499 corrigenda
1875 5439 1955 5483 ex
1989 5428 2128 5483 cod.
2171 5423 2372 5485 Vatic.

166 5613 183 5682 (
191 5614 230 5685 Ι)
269 5621 396 5674 Ἀπὸ
421 5621 630 5686 λέοντος

169 5686 232 5750 ii)
259 5692 481 5749 Miro-3.

170 5755 234 5829 (5)
266 5762 566 5833 ’116ήγηςε-ι.

1835 5632 1909 5700 (4)
1956 5633 2063 5702 Τὴν
2102 5633 2426 5705 Ἐκκλησίαν
2457 5635 2619 5702 λέγει.

1832 5705 1908 5774 (5)
1949 5705 2057 5775 Τὴν
2097 5704 2444 5775 Ἐκκλησίαν,
2471 5707 2556 5776 ἦν,
2587 5716 2696 5761 etc.
