4098 6318
214 356 328 414 997
1107 358 1194 413 DE
1230 357 1506 414 TITULIS
1548 358 2002 417 PSALMORUM.
2042 388 2114 402 -
2151 358 2350 416 PSAL.
2394 360 2607 416 LXXX.
3365 369 3469 425 998

289 478 349 536 9.
383 481 697 552 Μαρτύριον
727 498 784 536 εν
813 482 890 554 τῷ
935 481 1128 554 Ἰωσὴφ
1155 481 1305 536 ἔθετο
1330 482 1490 536 αὐτόν
1508 500 1521 514 ο
1822 493 1868 548 Α

1822 493 1868 548 Α
1965 485 2016 539 9.
2055 483 2452 540 Testimonium
2486 486 2541 540 in
2570 484 2769 558 Joseph
2796 488 2977 559 posuit
3009 488 3142 545 illud
3173 505 3188 543 :

291 571 381 626 10.
417 573 504 625 Ἐν
536 571 611 643 τῷ
639 571 872 641 ἐξελθεῖν
903 574 1062 626 αὐτὸν
1096 577 1160 628 ὲκ
1192 576 1293 644 γῆς
1319 575 1612 642 Αἰγύπτου.

1529 593 1612 629 ου.
1965 573 2048 627 10.
2079 574 2214 629 Cum
2247 577 2422 630 exiret
2451 576 2568 646 ipse
2598 577 2664 632 de
2703 587 2846 633 terra
2881 579 3100 650 ASgypti
3133 595 3147 632 :

291 663 384 717 11.
411 664 666 718 Γλῶσσαν
691 665 756 737 ἢν
786 667 883 718 οὐκ
909 666 1066 734 ἔγνω,
1105 667 1354 737 ἤκουσεν.

1964 663 2048 717 11.
2081 662 2344 734 Linguam
2377 682 2539 736 quam
2574 681 2683 721 non
2718 678 2964 734 noverat,
3001 669 3229 725 audivit.

290 752 382 807 12.
411 755 746 824 Ἀπέστησεν
770 756 876 808 ἀπὸ
904 754 1115 826 ἄρσεων
1144 756 1235 808 τὸν
1265 757 1443 809 νῶτον.
1467 757 1631 810 αὑτοῦ
1651 775 1663 786 ·

1532 757 1631 809 τοῦ
1651 775 1663 786 ·
1965 755 2050 809 12.
2085 755 2313 811 Divertit
2345 759 2414 812 ab
2440 759 2698 814 oneribus
2731 761 2956 815 dorsum
2982 762 3102 831 ejus
3134 777 3150 816 :

291 844 383 899 15.
414 846 479 897 Αἱ
511 847 687 916 χεῖρες
719 844 880 899 αὑτοῦ
903 848 960 897 ὲν
993 844 1069 914 τῷ
1102 844 1301 915 κοφίνῳ
1337 843 1681 898 ἐδούλευσανο

1534 861 1681 898 ›σανο
1964 849 2050 902 15.
2083 847 2276 904 Manus
2309 851 2429 919 cjus
2465 851 2518 904 in
2553 852 2793 920 cophino
2825 854 3152 910 servierunt.

292 936 386 990 14.
419 938 507 990 Ἐν
535 936 709 1007 θλίψει
737 937 1050 991 ὲπεκαλέσω
1085 955 1172 1008 με,
1205 939 1296 991 καὶ
1327 938 1643 1009 ἐρρυσάμην
1671 954 1728 990 σε
1751 954 1762 967 ·

1963 941 2052 994 14.
2085 939 2142 993 In
2181 941 2531 996 tribulatione
2562 942 2827 997 invocasti
2859 960 2966 1009 me,
2993 952 3046 1000 et
3077 945 3300 1001 liberavi
3332 956 3382 1002 te
3414 965 3427 1002 :

289 1025 380 1079 15.
413 1027 727 1096 Ἐπήκουσά
754 1043 845 1089 σου
878 1029 934 1080 ἐν
966 1028 1268 1098 ἀποκρύφῳ
1299 1027 1632 1091 καταιγίδος·

1964 1032 2050 1086 15.
2086 1030 2348 1085 Exaudivi
2382 1040 2430 1085 te
2463 1034 2514 1085 in
2544 1034 2862 1089 abscondito
2897 1038 3238 1104 tempestatis
3274 1056 3287 1092 :

287 1115 380 1171 16.
412 1116 739 1188 Ἐδοκίμασά
769 1107 842 1172 σε’
861 1122 952 1173 ἐπὶ
985 1120 1173 1184 ὕδατος
1200 1121 1522 1190 ἀντιλογίας.

1966 1125 2052 1179 16.
2087 1123 2320 1180 Probavi
2357 1134 2407 1179 te
2434 1127 2574 1194 apud
2613 1141 2808 1196 aquam
2841 1129 3312 1186 eontradictionis.

897 1214 1210 1282 Διάψαλμα
1221 1252 1236 1266 .

1234 1255 1236 1262 »
2518 1216 2852 1287 Diapsalma.

289 1302 382 1357 17.
411 1305 696 1372 Ἄκουσον,
722 1305 849 1368 λαός
893 1323 1024 1378 μου,
1074 1307 1166 1358 καὶ
1208 1303 1648 1375 διαμαρτύρομαί
1689 1322 1789 1366 σοι,

1969 1307 2050 1361 17.
2084 1308 2243 1373 Audi,
2279 1310 2508 1380 populus
2539 1328 2712 1377 meus,
2748 1325 2802 1366 et
2849 1321 3124 1368 contestor
3160 1325 3210 1369 te
3245 1314 3415 1370 Israel
3447 1332 3463 1370 :

222 1391 452 1465 Ἰσραήλ
474 1394 548 1462 (a)

287 1488 382 1541 18.
431 1487 554 1541 Ἐὰν
601 1487 838 1558 ἀκούσῃς
893 1505 1024 1558 μου,
1067 1489 1166 1541 οὐκ
1213 1487 1365 1540 ἔσται
1414 1489 1472 1540 ἐν
1524 1488 1606 1540 σοι
1662 1487 1792 1550 Θεὸς

1972 1485 2052 1538 18.
2098 1485 2152 1540 Si
2201 1487 2437 1542 audieris
2486 1504 2608 1555 me,
2659 1504 2767 1544 non
2823 1491 2928 1546 erit.
2980 1492 3036 1547 in
3084 1501 3136 1548 te
3185 1492 3327 1550 Deus
3376 1510 3463 1550 re—

209 1577 534 1648 πρόσφατος
551 1595 565 1609 ·

456 1595 534 1641 ιος
551 1595 565 1609 ·
1895 1596 2022 1634 cens
2064 1599 2074 1632 :

285 1669 378 1722 19.
407 1669 478 1740 (b)
507 1670 642 1723 Οὐδὲ
671 1673 1067 1744 προσκυνήσεις
1095 1671 1201 1742 θεῷ
1231 1671 1514 1742 ἀλλοτρίῳ.

1435 1673 1514 1741 ίῳ.
1966 1675 2048 1727 19.
2086 1671 2270 1744 Neque
2303 1675 2558 1730 adorabis
2596 1677 2760 1730 deum
2796 1677 3053 1732 alienum.

282 1758 379 1813 20.
419 1759 556 1829 Ἐγὼ
588 1761 696 1834 γάρ
724 1765 837 1834 εἰμι
869 1763 1067 1834 Κύριος
1096 1767 1124 1817 ὁ
1145 1764 1274 1827 Θεός
1310 1782 1400 1817 σου
1421 1781 1432 1794 ⁸

1962 1765 2050 1820 20.
2082 1765 2194 1837 Ego
2224 1768 2367 1821 enim
2401 1784 2522 1822 sum
2558 1769 2822 1826 Dominus
2853 1771 2994 1828 Deus
3022 1781 3153 1828 tuus
3181 1790 3197 1830 :

289 1853 384 1907 21.
423 1853 482 1907 Ὀ
515 1855 804 1925 ἀναγαγών
837 1873 895 1909 σε
921 1860 984 1910 ὲκ
1017 1858 1118 1926 γῆς
1140 1857 1413 1926 Αἰγύπτου
1434 1873 1448 1886 ·
1824 1869 1867 1924 Β

1434 1873 1448 1886 ·
1824 1869 1867 1924 Β
1962 1857 2052 1910 21.
2087 1857 2191 1924 Qui
2224 1859 2384 1913 eduxi
2418 1869 2467 1913 te
2499 1860 2565 1915 de
2595 1871 2739 1915 terra
2775 1863 2993 1933 Egypti
3026 1880 3037 1914 :

284 1947 378 2001 22.
408 1947 678 2004 Πλάτυνον
706 1949 765 2002 τὸ
799 1951 969 2021 στόμα
1001 1967 1114 2015 σου,
1149 1951 1243 2002 καὶ
1278 1949 1549 2020 πληρώσω
1580 1950 1729 2002 αὐτό.

1454 1967 1549 2002 iam
1580 1950 1729 2002 αὐτό.
1954 1947 2045 2002 22.
2082 1949 2256 2004 Dilata
2284 1966 2345 2005 os
2371 1959 2544 2013 tuum,
2574 1964 2626 2006 et
2661 1953 2895 2023 implebo
2919 1954 3072 2008 illud.

287 2039 381 2095 25.
409 2041 518 2094 Kal.
550 2042 649 2094 οὐκ
678 2042 907 2112 ἤκουσεν
947 2045 974 2095 ὁ
1012 2041 1138 2106 λαός
1171 2059 1273 2112 μου
1308 2043 1404 2113 τῆς
1433 2044 1616 2112 φωνῆς
1652 2054 1784 2112 μου·

1955 2039 2046 2096 23.
2076 2040 2142 2096 Et
2168 2058 2274 2096 non
2311 2044 2520 2099 audivit
2551 2046 2785 2115 populus
2828 2062 2981 2102 meus
3011 2062 3201 2101 vocem
3236 2061 3409 2101 meam

281 2128 376 2183 24.
404 2131 514 2184 Kal.
548 2131 760 2204 Ἰσραὴλ
790 2133 851 2185 οὐ
881 2133 1147 2204 προσέσχε
1184 2150 1294 2204 μοι.

1955 2133 2048 2187 24.
2082 2132 2148 2187 Ει
2183 2133 2346 2189 Israel
2382 2151 2489 2190 non
2522 2136 2754 2192 intendit
2781 2138 2934 2192 mihi.

285 2223 380 2278 25.
415 2225 525 2296 Kal.
551 2225 900 2292 ὲξαπέστειλα
916 2227 1076 2290 αὐτὸς
1097 2225 1337 2300 [αὐτούς]
1357 2228 1496 2282 κατά
1514 2226 1581 2280 τὰ
1604 2229 1791 2296 ἐπιτη-

1959 2226 2047 2280 25.
2110 2226 2176 2282 Et
2225 2227 2407 2282 dimisi
2451 2243 2546 2283 eos
2605 2231 2906 2285 secundum
2966 2231 3236 2286 desideria
3283 2234 3465 2288 cordis

199 2314 462 2388 δεύματα
491 2318 599 2371 τῶν
631 2317 866 2390 καρδιῶν
889 2318 1097 2373 αὐτῶν⁸

507 2318 599 2371 τῶν
631 2317 866 2390 καρδιῶν
889 2318 1097 2373 αὐτῶν
1889 2334 2080 2374 eorum
2113 2335 2125 2372 :

285 2433 365 2575 zu;
407 2407 561 2488 γε...
609 2434 696 2489 18.
754 2437 1001 2507 Ἰσραήλ’
1066 2438 1229 2500 Ἐάν,
1280 2447 1381 2492 etc.
1422 2438 1483 2492 v.
1530 2438 1616 2493 ις).
1662 2437 1776 2490 Οὐκ
1818 2435 1903 2488 ἐστ

311 2503 340 2556 b
400 2502 550 2559 Vere.
593 2505 684 2559 eo.
729 2506 900 2574 Οὐδὲ,
932 2518 1036 2562 etc.
1084 2509 1141 2563 ν.
1180 2509 1269 2562 2t.
1311 2507 1450 2575 Ἐγὼ
1494 2509 1637 2575 γάρ,
1695 2516 1800 2560 etc.
1840 2504 1903 2558 v.

531 2450 561 2487 ε.
609 2434 696 2489 18.
754 2437 1001 2507 Ἰσραήλ’
1066 2438 1229 2500 Ἐάν,
1280 2447 1381 2492 etc.
1422 2438 1483 2492 V.
1530 2438 1616 2493 19.
1662 2437 1776 2490 Οὐκ
1818 2435 2003 2497 ἔσται,
2045 2445 2149 2491 etc.

531 2544 550 2558 η.
593 2505 684 2559 20.
729 2506 900 2574 Οὐδὲ,
932 2518 1036 2562 etc.
1084 2509 1141 2563 ν.
1180 2509 1269 2562 21.
1311 2507 1450 2575 Ἐγὼ
1494 2509 1637 2575 γάρ,
1695 2516 1800 2560 etc.
1840 2504 1904 2558 Υ.
1944 2506 2033 2560 22.
2072 2507 2130 2560 '0

311 2502 365 2575 ὁ)
400 2502 550 2559 Vers.
593 2505 684 2559 20.
729 2502 1036 2574 006§,'etc.
1084 2509 1141 2563 ν.
1180 2509 1269 2562 21.
1311 2507 1450 2578 Ἐγὼ
1494 2509 1637 2580 γάρ,
1695 2516 1800 2560 etc.
1840 2504 1904 2558 Υ.

1084 2509 1141 2563 ν.
1180 2509 1269 2562 21.
1311 2507 1450 2578 Ἐγὼ
1494 2509 1637 2580 γάρ,
1695 2516 1800 2560 etc.
1840 2504 1904 2558 Υ.
1944 2506 2033 2560 22.
2072 2507 2130 2560 '0
2160 2506 2454 2578 ἀναγαγών
2483 2527 2564 2576 σε,
2594 2518 2700 2565 etc.

1343 2620 1717 2678 ATliANASll
1756 2618 2337 2679 INTERPRETATIO.

288 2715 342 2772 9.
371 2715 446 2770 Τὸ
483 2716 653 2780 πάθος
694 2716 859 2770 αὐτοῦ
904 2719 1249 2789 μνημόσυνον
1287 2717 1438 2772 ἔθετο
1472 2721 1529 2772 ὲν
1571 2717 1648 2788 τῷ
1674 2715 1790 2785 λαῷ

1962 2718 2015 2772 9.
2046 2718 2369 2775 Passionem
2413 2736 2566 2776 suam
2611 2722 2934 2776 memoriam
2969 2734 3152 2791 posuit
3184 2727 3235 2777 in
3271 2713 3468 2792 pepdro

197 2806 294 2880 τῷ
335 2807 748 2880 καθαριξομένῳ
798 2809 906 2863 ἀπὸ
947 2809 1055 2863 τῶν
1102 2810 1385 2882 ἁμαρτιῶν
1428 2810 1525 2881 (1),
1577 2807 1788 2876 Ἰωσὴφ

1887 2812 2181 2867 emundato
2235 2827 2266 2866 a
2317 2814 2576 2882 peccatis.
2625 2812 2819 2883 Ioseph
2870 2815 3014 2869 enim
3084 2817 3466 2884 interpretatur

201 2900 325 2972 γὰρ
358 2900 716 2971 ἑρμηνεύεται
749 2899 986 2953 ὀνείδου
1013 2901 1348 2969 ἀφαίρεσις,
1378 2900 1535 2970 οἵπερ
1569 2899 1705 2950 εἰσὶν
1738 2897 1786 2949 οἱ

1634 2899 1705 2950 τὶν
1738 2897 1786 2949 οἱ
1888 2903 2085 2956 oblatio
2116 2904 2404 2974 opprobrii,
2439 2906 2585 2976 quod
2625 2907 2880 2961 convenit
2910 2907 3252 2961 illuminatis.

202 2992 595 3066 φωτιζόμενοι.

287 3083 375 3140 10.
403 3085 491 3137 Ἐν
517 3083 590 3157 (2)
614 3084 690 3156 τῷ
718 3084 810 3139 τὸν
842 3085 970 3138 λαὸν
1005 3083 1328 3157 λυτροῦσθαι
1360 3083 1468 3138 τῶν
1503 3082 1784 3155 ἁμαρτιῶν
1813 3115 1854 3172 c

1772 3101 1784 3134 ι
1813 3115 1854 3172 c
1963 3081 2047 3135 10.
2081 3080 2215 3135 Cum
2251 3083 2507 3140 liberaret
2539 3085 2800 3154 populum
2835 3100 2864 3139 a
2897 3086 3138 3155 peccatis
3177 3101 3390 3140 eorum.

198 3174 417 3230 αὐτῶν.

285 3267 375 3323 11.
417 3267 490 3322 To
524 3269 784 3340 κήρυγμα
824 3266 916 3324 τοῦ
959 3268 1164 3342 Κυρίου
1187 3308 1202 3333 ,
1237 3269 1374 3341 ὅπερ
1404 3269 1504 3322 οὐκ
1549 3269 1788 3340 ᾔδεισαν,

1969 3262 2055 3316 11.
2089 3261 2426 3320 Dominicam
2475 3261 2916 3330 praedicationem
2956 3280 2968 3314 :
3012 3280 3177 3333 quam
3219 3283 3325 3321 non
3365 3283 3465 3323 no—

198 3355 456 3426 ἧκουσαν
489 3356 558 3410 τά
578 3357 726 3430 ἔθνη.
1474 3388 1479 3392 ·

1474 3388 1479 3392 -
1892 3363 2100 3415 verant,
2127 3353 2450 3408 audiverunt
2479 3362 2685 3422 gentes.

281 3445 371 3501 12.
414 3446 732 3519 Ἀπὲστησε,
787 3449 880 3502 καὶ
935 3449 1260 3519 ἀπεστράφη
1323 3449 1461 3519 μετά
1516 3448 1688 3503 ταῦτα
1720 3448 1784 3501 τὸ

1962 3444 2049 3498 12.
2088 3443 2382 3508 Discessit,
2435 3453 2490 3499 et
2541 3456 2688 3500 retro
2739 3462 3002 3502 conversa
3054 3456 3137 3504 cst
3181 3458 3300 3517 post
3351 3450 3464 3506 haec

196 3537 636 3612 σκληροτραχεῖν
670 3542 744 3612 (5)
770 3540 879 3595 τῶν
915 3540 1203 3595 Ἰουδαίων.

942 3541 1203 3595 [ουδαίων.
1890 3537 2193 3605 pervicacia
2227 3534 2560 3590 Judteorum.

278 3630 372 3686 15.
402 3631 463 3686 Οἱ
494 3614 777 3686 ἀπόστολοι
806 3633 864 3686 ὲν
901 3630 980 3702 τῷ
1006 3631 1194 3703 κόσμῳ
1233 3629 1309 3703 τῷ
1339 3629 1708 3702 πεπληγμένῳ
1730 3629 1790 3682 τὸ

1963 3628 2048 3682 15.
2084 3627 2327 3696 Apostoli
2359 3627 2412 3680 in
2462 3628 2669 3682 mundo
2717 3638 2938 3699 stupore
2985 3631 3236 3699 perculso
3265 3634 3458 3701 praedi-

195 3723 476 3796 κήρυγμα
507 3724 808 3795 διηκόνουν.

1889 3719 2159 3773 cationem
2194 3718 2673 3772 administrabant.

282 3816 370 3874 M.
402 3817 545 3889 Πρὸς
592 3817 683 3870 τὸν
713 3817 841 3871 λαὸν
882 3816 1065 3885 λέγει’
1111 3817 1198 3869 ’Ev
1229 3815 1525 3888 ἁμαρτίαις
1555 3815 1632 3869 ὢν
1690 3815 1788 3869 ὲπ-

1968 3813 2050 3865 14.
2081 3811 2158 3866 Ad
2191 3812 2452 3883 p0pulum
2493 3813 2746 3882 loquitur
2773 3830 2787 3866 :
2817 3812 3100 3868 Exsisteus
3129 3813 3180 3866 in
3227 3817 3462 3882 peccatis

192 3909 454 3963 εκαλέσω
486 3926 575 3979 με,
605 3910 699 3963 καὶ
732 3909 1051 3980 ἐρρυσάμην
1084 3923 1165 3964 σε.

1155 3950 1165 3964 .
1893 3904 2157 3959 invocasti
2195 3917 2301 3966 me,
2339 3912 2392 3957 et
2421 3902 2647 3958 liberavi
2686 3911 2773 3968 te.

278 4001 372 4056 15.
406 4001 717 4073 Ἔπήκουσά
742 4017 836 4054 σου
862 4002 919 4053 ὲν
945 4000 1022 4072 τῷ
1059 3999 1239 4052 σκότει
1261 4001 1359 4069 τῆς
1377 4000 1454 4071 (ι)
1493 4001 1785 4072 ἁμαρτίας.

1403 4000 1454 4071 ι)
1493 4001 1785 4072 ἁμαρτίας.
1965 3995 2050 4049 15.
2080 3994 2341 4049 Exaudivi
2375 4004 2426 4050 te
2451 3994 2767 4050 intenebris
2792 3993 3021 4064 peccati.

275 4090 370 4146 16.
415 4091 536 4145 Ἐπὶ
561 4091 655 4145 τοῦ
693 4089 1081 4162 βαπτίσματος.

844 4089 1081 4162 ίσματος.
1963 4088 2050 4142 16.
2081 4088 2134 4140 In
2172 4088 2462 4157 baptismo.

271 4182 302 4236 1
316 4185 368 4250 7,
403 4183 485 4238 18.
507 4183 581 4255 (5)
598 4183 721 4238 Ἐπὶ
733 4182 829 4237 τοῦ
844 4182 1215 4254 βαπτίσματος
1230 4181 1659 4253 διαμαρτύρεται
1683 4183 1747 4235 αὖ
1758 4212 1784 4223 -

1964 4180 2054 4246 17,
2087 4178 2177 4234 18.
2221 4177 2280 4233 in
2320 4179 2594 4248 baptismo
2630 4184 2968 4233 contestatus
2995 4185 3081 4232 est
3122 4177 3213 4243 ei;
3261 4177 3342 4231 vir
3383 4179 3461 4230 vi-

190 4275 282 4346 τῷ
297 4292 313 4306 ο
349 4276 487 4346 ἀνὴρ
511 4275 649 4329 δ’τὸν
676 4274 807 4329 Θεδν
828 4274 991 4346 ὁρῶν,
1015 4273 1109 4328 ὲάν
1131 4272 1371 4344 ἀκούσῃς
1401 4291 1523 4344 μου,
1552 4273 1787 4327 οὐκέστι

1889 4269 2024 4326 deus
2058 4272 2247 4334 Deum,
2281 4269 2326 4325 si
2358 4269 2596 4324 audieris
2628 4284 2735 4332 me,
2767 4283 2876 4322 non
2909 4267 3015 4323 erit
3059 4267 3114 4322 in
3158 4277 3230 4336 te,
3271 4284 3459 4339 quem-

192 4368 261 4421 ἐν
298 4365 408 4431 σοὶ,
441 4365 516 4429 ὡς
544 4364 650 4438 πρὸ
670 4364 860 4419 τούτου
897 4367 995 4437 μὲν
1025 4363 1098 4436 μὴ
1125 4362 1220 4428 ὢν,
1243 4363 1379 4435 μετά
1397 4364 1567 4416 ταῦτα
1589 4364 1778 4433 λέγων.

1535 4382 1567 4416 α
1589 4364 1778 4433 λέγων.
1891 4365 2184 4418 admodum
2221 4378 2322 4418 nec
2357 4372 2514 4416 antea
2541 4359 2662 4423 fuit,
2691 4369 2750 4415 ut
2776 4369 2965 4430 postea
2998 4359 3148 4414 dicit.

275 4459 365 4514 19.
416 4457 549 4511 Οὐδὲ
609 4455 814 4529 κτίσμα
856 4456 1174 4528 προσθήκην
1221 4454 1344 4509 τινά
1386 4457 1779 4527 προσκυνήσεις
1813 4470 1854 4525 ι)

1840 4474 1854 4522 ι
1963 4455 2050 4510 19.
2090 4452 2276 4524 Neque
2316 4469 2429 4508 rem
2473 4461 2714 4507 creatam
2761 4451 3192 4504 additamentum
3240 4451 3458 4521 aliquod

191 4553 350 4624 πλὴν
383 4552 481 4621 τῆς
509 4549 758 4622 Τριάδος.

1881 4548 2157 4610 adorabis,
2194 4548 2287 4600 sed
2320 4546 2493 4600 solam
2534 4543 2877 4598 Trinitatem.

267 4642 366 4706 20,
397 4642 487 4696 21.
525 4641 666 4712 Ἐγὼ
705 4640 813 4715 γάρ
846 4642 960 4711 είμι
999 4642 1027 4695 ὁ
1056 4640 1351 4711 Δεσπότης,
1388 4642 1483 4694 καὶ
1511 4641 1784 4713 Δημιουρ-

1957 4638 2048 4698 20.
2082 4638 2172 4691 21.
2200 4637 2312 4708 Ego
2345 4637 2490 4691 enim
2527 4651 2647 4690 sum
2673 4633 2958 4700 Dominus,
2987 4643 3041 4690 et
3061 4634 3286 4690 Creator
3310 4644 3455 4701 tuus,

189 4736 298 4804 τός
344 4751 468 4798 σου,
507 4735 534 4786 ό
573 4732 662 4786 διὰ
687 4733 781 4787 τοῦ
811 4731 1016 4798 πάθους
1049 4751 1150 4805 μου
1175 4731 1466 4802 ἀναγαγών
1497 4747 1556 4783 σε
1593 4734 1654 4784 ὲκ
1683 4734 1781 4802 τῆς

1883 4731 1976 4799 qui
2013 4746 2106 4800 per
2139 4730 2450 4801 passionem
2487 4742 2659 4783 meam
2685 4727 2848 4782 eduxi
2889 4735 2941 4782 te
2976 4742 3006 4781 e
3041 4727 3303 4782 servitute
3336 4742 3458 4796 pec-

183 4826 450 4890 δουλείας
474 4826 570 4896 τῆς
597 4825 890 4897 ἁμαρτίας.
1885 4823 2010 4877 cati.

268 4915 368 4973 22.
398 4915 638 4981 Ἀνοιξον
663 4915 724 4970 τὸ
755 4917 930 4987 στόμα
957 4933 1070 4979 σου,
1095 4915 1189 4967 καὶ
1210 4912 1340 4967 λαϐὲ
1368 4912 1589 4983 Πνεῦμα
1611 4912 1785 4980 ἆγιον.

1961 4916 2052 4970 22.
2086 4913 2248 4984 Aperi
2281 4928 2344 4968 os
2370 4921 2547 4975 tuum,
2578 4919 2632 4966 et
2659 4909 2842 4978 accipe
2869 4907 3128 4980 Spiritum
3154 4919 3421 4966 sanctum.

270 5008 372 5064 25.
412 5007 581 5061 Καὶοί
617 5005 935 5070 ἀπιθοῦντες
949 5006 1024 5078 (ιι)
1063 5004 1304 5061 Ἰουδαῖοι
1337 5003 1437 5056 οὐκ
1464 5003 1792 5057 ἐπίστευσάν

1697 5003 1792 5057 σάν
1956 5010 2047 5067 25.
2089 5008 2152 5064 Et
2182 5007 2443 5062 increduli
2469 5005 2638 5062 Judaei
2663 5004 2796 5059 milii
2822 5019 2928 5060 non
2951 5003 3315 5060 crediderunt.

394 5191 459 5247 Οἱ
482 5190 632 5244 αὐτοὶ
670 5189 912 5244 Ἰουδαῖοι
938 5185 1244 5260 ἡρνήσαντό
1277 5204 1378 5257 με.

1325 5204 1351 5239 ε
1365 5228 1378 5242 .
1953 5187 2044 5243 24.
2080 5186 2245 5242 lidem
2271 5185 2444 5241 Judaei
2472 5191 2805 5256 negaverunt
2828 5197 2934 5237 me.

264 5283 364 5342 25.
390 5282 500 5338 Kal.
524 5282 681 5337 εἴασα
705 5281 900 5344 αὐτοὺς
922 5281 978 5335 ὲν
999 5281 1118 5343 ταῖς
1145 5277 1461 5349 ἐπιθυμίαις
1495 5277 1603 5331 τῶν
1638 5296 1770 5352 καρ-

1958 5278 2315 5335 25.Etdimisi
2328 5292 2424 5332 eos
2438 5278 2490 5331 in
2508 5275 2965 5346 concupiscentiis
2981 5272 3227 5329 cordium
3244 5285 3455 5327 eorum.

183 5375 331 5431 διῶν
366 5371 565 5427 αὐτῶν.

1149 5435 1454 5498 Addenda
1505 5443 1565 5496 et
1613 5443 1988 5524 corrigenda
2019 5460 2096 5503 ex
2130 5441 2270 5503 cod.
2304 5439 2501 5502 Vatic.

294 5545 354 5617 1)
379 5543 702 5617 ,ᾏμαιρτεῖιν
722 5539 922 5617 αὒῖὦῖν
951 5546 1084 5617 “9-:
1115 5537 1286 5608 ὅσπερ
1323 5551 1422 5606 pro
1448 5535 1627 5608 οἵπερο

1936 5543 2046 5617 _(3)__
2081 5541 2144 5597 N.
2180 5542 2265 5617 17.
2324 5540 2468 5617 Ἐπί,
2515 5550 2618 5617 etc.
2641 5537 2724 5617 .N.
2902 5538 3084 5617 ’Δνῄρ,
3121 5546 3233 5617 ⁸ιειιξ.
3266 5535 3330 5591 Ν.
3368 5536 3453 5617 19..

289 5605 351 5684 ἶ)
378 5605 561 5671 No.10.-
595 5614 718 5667 Ἐπὶ
741 5613 834 5668 τοῦ
867 5605 1265 5684 βαπτίσματος
1324 5605 1338 5606 7
1440 5677 1451 5684 _
1536 5605 1582 5684 ,⁷
1887 5605 1994 5666 υύκ
2014 5605 2178 5684 ’ἔσται
2204 5612 2394 5684 ὲνσοὶ,
2433 5616 2546 5684 πρὸξ
2565 5609 2752 5684 τούτου
2786 5605 3050 5684 θεὺςᾼμὲν
3076 5607 3149 5684 μὴ
3172 5605 3285 5684 Δὢν,
3319 5607 3460 5679 μετὰ

293 5675 352 5757 5)
369 5685 433 5739 Ν.
455 5685 539 5741 12.
559 5675 905 5757 ’Δπεστράφη
926 5698 983 5751 μ.
1003 5697 1053 5732 τ.
1075 5675 1132 5731 τ.
1152 5675 1285 5747 σκλη
1295 5677 1646 5749 ροτράχηλον,
1667 5691 1769 5736 etc.
1879 5687 2048 5757 ταυτα
2069 5683 2242 5757 δὲ-ὣν.
2279 5681 2341 5757 Ν.
2365 5683 2453 5735 20.
2479 5675 2620 5757 Ὀὐδὲ
2646 5680 2851 5757 κτίσμα
2868 5722 2890 5757 ,
2984 5675 3331 5757 προσθήκην,
3347 5688 3451 5732 etc.

290 5747 350 5830 ⁸)
387 5757 572 5810 Σκότει
603 5747 905 5828 “nx-"Ec:
928 5747 939 5751 -
1394 5747 1397 5748 ν
1488 5747 1491 5748 ν
1521 5747 1527 5749 ⁷
1882 5753 1942 5810 Ν.
1977 5754 2066 5808 2|.
2102 5753 2241 5806 ἘΣ-’ὼ
2273 5753 2380 5804 "rio
2432 5761 2533 5805 etc.
2564 5749 2626 5802 Ν.
2654 5747 2743 5803 22.
2779 5747 2839 5803 Ὅ
2866 5747 2951 5804 6:5.
2979 5747 3070 5801 «τόῦ
3101 5747 3302 5810 πάθους
3331 5763 3452 5817 μου.

267 5849 348 5904 (al
392 5848 775 5923 Ἇκιθοῦντες.
809 5845 967 5900 Forte
1002 5839 1371 5903 ἀπιστοῦντες.
1401 5841 1559 5896 Eutr.
