4056 6318
63 332 256 392 {009
964 339 1052 394 DE
1090 342 1367 399 TITULIS
1408 345 1856 404 PSALMORUM.
1900 379 1965 388 —
2003 345 2200 401 PSAL.
2237 345 2516 404 LXXXiV.
3215 355 3349 410 1010

170 453 279 510 18.
313 454 421 508 Καὶ
450 454 524 526 (a)
552 455 836 526 ὲπίϐλεψον
882 459 960 520 είς
1003 459 1062 512 τὺ
1118 461 1404 532 πρόσωπον
1435 462 1525 515 τοῦ
1554 465 1685 534 Χρι-
1716 472 1761 526 Α

1339 479 1404 514 τον
1435 462 1525 515 τοῦ
1554 465 1685 534 Χρι-
1716 472 1761 526 Α
1862 464 1944 518 18.
1984 464 2050 518 ΕΙ.
2079 467 2288 536 respice
2313 466 2367 520 in
2400 466 2592 522 faciem
2615 466 2815 521 Christi
2845 467 2941 520 lui.

72 560 250 600 στου
289 565 401 602 σου.

176 639 281 694 19.
307 641 427 692 Ὅτι
470 641 734 711 κρείσσων
763 644 945 714 ἡμέρα
999 644 1094 715 μία
1128 646 1186 699 ἐν
1209 649 1328 710 ταῖς
1378 647 1564 712 αὐλαῖς
1601 665 1692 701 σου

1867 643 1953 698 19.
1991 644 2128 711 Quia
2159 646 2352 701 melior
2375 655 2459 700 est
2480 645 2595 701 dies
2621 661 2728 701 una
2754 644 2807 699 in
2851 645 3003 699 atriis
3037 647 3166 710 tuis,
3196 662 3359 719 super

73 727 267 801 ὑπὲρ
289 732 548 801 χιλιάδας.

400 733 548 797 άδας.
1796 735 1962 789 millia
1993 757 2002 789 :

174 822 284 878 ξι).
320 824 672 896 Ἐξελεξάμην
711 830 1201 899 παραῤῥιπτεῖσθαι
1230 831 1286 884 ὲν
1309 830 1386 902 τῷ
1418 835 1550 903 οἴκῳ
1603 832 1695 885 τοῦ

1870 828 1961 882 20.
1995 827 2142 897 Elegi
2182 829 2427 898 abiectus
2469 845 2590 886 esse
2623 830 2674 883 in
2705 830 2868 886 domo
2902 831 2994 888 Dei
3030 832 3132 888 mei
3167 832 3357 903 magis,

80 913 262 966 Θεοῦ
294 932 395 984 μου
444 915 730 988 μᾶλλον,ἢ
792 919 864 988 (b)
915 922 1080 973 οἰκεῖν
1129 939 1194 991 με
1243 925 1299 976 ὲν
1350 924 1682 995 σκηνώμασιπ

1511 924 1698 995 υμασιν
1801 935 1964 974 uuam
1999 921 2243 976 habitare
2275 923 2326 975 in
2361 921 2725 976 tabernaculis
2744 933 3113 988 peccatorum.

89 1007 136 1057 ἁ
144 1024 241 1074 μα
252 1007 488 1077 ρίτωλῶν.

184 1099 286 1153 21.
322 1101 440 1152 Ὀτι
465 1101 610 1166 ἔλεος
633 1103 725 1157 καὶ
751 1104 1004 1176 ἀλήθειαν
1036 1107 1227 1178 ἀγαπᾷ
1253 1108 1455 1178 Κύριος
1485 1109 1513 1160 ὁ
1542 1109 1696 1172 Θεὸς,

1872 1098 1962 1152 21.
1997 1099 2134 1164 Quia
2168 1100 2598 1156 miscricordiam
2638 1111 2693 1156 et
2739 1101 3020 1155 veritatem
3052 1101 3228 1170 diligit
3264 1100 3365 1154 Do-

1803 1191 1984 1245 minus
2016 1189 2156 1244 Deus

188 1281 290 1334 9.2.
314 1283 486 1354 Χάριν
517 1283 782 1348 καὶδόξαν
813 1285 995 1339 δώσει.

1872 1280 1962 1334 εε.
1995 1279 2232 1334 Gratiam
2268 1289 2320 1334 ct
2346 1281 2569 1353 gloriam
2603 1282 2771 1336 dabit.

192 1372 296 1427 23.
314 1373 513 1447 Κύριος
538 1378 596 1429 οὺ
621 1381 866 1446 στερήσει
896 1377 962 1432 τὰ
990 1379 1166 1447 ἀγαθᾶ
1191 1382 1300 1444 τοῖς
1325 1379 1705 1451 πορευομένοις

1874 1370 1966 1426 25.
2003 1372 2265 1428 Dominus
2303 1390 2409 1428 non
2442 1375 2674 1445 privabit
2709 1375 2871 1429 bonis
2906 1389 3023 1438 eos,
3053 1375 3143 1445 qui
3173 1375 3367 1430 ambu—

97 1463 175 1513 ὲν
215 1463 442 1534 ἀκακία.

1807 1460 1919 1514 lant
1945 1461 1996 1513 in
2030 1461 2358 1517 innocentia.

199 1554 298 1608 24.
329 1557 496 1626 Κύριε
525 1559 553 1608 ὀ
579 1557 708 1622 Θεὸς
732 1560 838 1612 τῶν
877 1560 1175 1630 δυνάμεων,
1210 1561 1474 1631 μακάριος
1497 1559 1706 1632 ἄνθρω-

1876 1550 1965 1604 ‘24.
1999 1551 2230 1607 Domine
2289 1552 2432 1608 Deus
2454 1552 2710 1606 virtutum
2742 1593 2755 1615 ,
2805 1555 2995 1609 beatus
3041 1553 3237 1618 homo,
3276 1553 3366 1622 qui

103 1662 234 1710 στος
259 1648 288 1700 ὁ
313 1647 543 1712 ἐλπίζων
575 1651 668 1702 ἐπὶ
701 1651 777 1703 σέ.

575 1651 668 1702 ἐπὶ
701 1651 777 1703 σέ,
1809 1651 1992 1713 sperat
2019 1644 2070 1695 in
2107 1652 2176 1698 te.

232 1760 341 1826 Εἰς
362 1757 428 1812 τὸ
457 1759 652 1830 τέλος.
684 1761 806 1827 τοῖς
831 1761 982 1828 υἱοῖς
1007 1763 1177 1830 Κορέ.
1213 1765 1442 1818 ΨΑΛΜ.
1479 1766 1568 1816 HA
1593 1806 1606 1819 .

1972 1754 2033 1808 In
2067 1757 2242 1825 ﬁnem,
2276 1757 2404 1827 filiis
2427 1756 2576 1812 Core.
2612 1755 2870 1813 PSALM.
2903 1757 3211 1813 LXXXIV.

204 1850 230 1901 1
251 1889 263 1901 .
295 1849 626 1922 Εύδὸκησας.
665 1852 858 1923 Κύριε,
893 1853 990 1925 τὴν
1025 1853 1127 1924 γῆν
1157 1869 1282 1907 σου·
1738 1832 1781 1888 Β

1738 1832 1781 1888 Β
1880 1848 1931 1901 1.
1965 1846 2317 1911 Benedixisti,
2348 1847 2594 1913 Domine,
2622 1859 2818 1902 terram
2845 1859 2990 1903 tuam
3024 1867 3034 1902 :

200 1941 263 1993 2.
313 1942 680 2014 Ἀπέστρεψας
708 1946 807 2014 τὴν
833 1945 1202 2016 αἰχμαλωσίαν
1243 1946 1456 2000 Ἰακώϐ.

1243 1946 1456 2000 Ἰακώϐ.
1874 1939 1926 1992 9..
1963 1938 2217 1994 Avertisti
2246 1940 2606 2008 captivitatem
2630 1938 2813 1994 Jacob.

202 2033 263 2086 3.
310 2032 550 2104 Ἀφῆκας
579 2035 676 2098 τὰς
706 2037 931 2107 ἀνομίας
955 2037 1032 2107 τῷ
1056 2037 1170 2107 λαῷ
1201 2054 1293 2091 σου
1312 2055 1326 2069 ⁸

1318 2055 1326 2069 -
1882 2033 1933 2086 5.
1965 2031 2240 2087 Remisisti
2267 2032 2581 2101 iniquitates
2604 2032 2742 2100 plebi
2776 2043 2881 2086 tua:
2907 2051 2920 2086 :

215 2126 274 2177 4.
317 2127 622 2197 Ἐκὰλυψας
643 2129 822 2191 πάσας
851 2128 947 2190 τὰς
973 2129 1245 2200 ἁμαρτίας
1267 2129 1464 2183 αὐτῶν.

1353 2129 1464 2183 τῶν.
1883 2126 1935 2178 4.
1968 2124 2240 2194 Operuisti
2274 2125 2456 2179 omnia
2493 2135 2712 2194 peccata
2746 2141 2955 2180 corum.

207 2215 268 2270 5.
301 2217 666 2283 Κατέπαυσας
690 2219 868 2271 πᾶσαν
901 2217 996 2286 τὴν
1029 2218 1196 2291 ὀργήν
1219 2235 1311 2270 σου
1330 2236 1342 2247 ·

1283 2236 1342 2270 υ·
1985 2215 2240 2288 Mitigasti
2275 2232 2493 2272 onmem
2525 2217 2660 2271 iram
2698 2225 2842 2272 tuam
2872 2235 2882 2249 -

211 2330 292 2399 (a)
326 2331 433 2383 Καὶ
460 2347 564 2386 non
599 2331 808 2397 legitur.

216 2404 294 2470 th)
318 2399 467 2456 νει-ε.
487 2403 575 2457 21.
598 2403 668 2456 Ἦ
680 2405 866 2470 οἰκεῖν,
884 2414 987 2460 etc.
1004 2401 1156 2458 Vers.
1174 2402 1393 2457 9.2."Ott
1416 2401 1579 2468 ἔλεος,
1606 2411 1710 2458 etc.

1267 2505 1643 2562 ATIIANASII
1682 2503 2264 2562 INTERPRETATIO.

222 2596 309 2650 18.
361 2599 668 2652 Ἀντιλαὸοῦ
703 2603 780 2670 (Ι)
807 2603 914 2656 τῶν
942 2603 1109 2671 ἁγίων
1145 2621 1258 2658 σου.

1050 2621 1109 2656 υν
1145 2621 1258 2658 σου.
1885 2603 1972 2658 18.
2013 2603 2240 2674 Suspice
2269 2614 2487 2659 sanctos
2512 2613 2652 2658 tuos.

216 2689 308 2740 19.
351 2689 468 2741 Ὀτι
494 2689 674 2759 μεῖζον
702 2692 761 2744 τὸ
790 2693 955 2746 ἀΐδιον
1012 2693 1127 2764 φῶς
1178 2697 1277 2766 τῆς
1313 2696 1584 2767 βασιλείας
1626 2714 1718 2749 σου

1892 2696 1976 2750 19.
2013 2695 2148 2762 Quia
2180 2696 2368 2750 melior
2395 2706 2481 2752 est
2511 2706 2711 2751 aeterna
2761 2696 2851 2751 lux
2900 2697 3050 2768 regni
3097 2697 3172 2751 tui
3221 2713 3381 2767 super

131 2777 292 2847 ὑπὲρ
325 2778 422 2841 τὰς
462 2779 522 2844 ἐξ
549 2782 792 2850 χιλιάδας
837 2785 945 2838 τῶν
974 2787 1229 2842 ἐνιαυτῶν
1262 2788 1354 2842 τοῦ
1385 2789 1478 2842 νῦν
1505 2789 1717 2851 αἰῶνος.

1505 2789 1717 2851 αἰῶνος.
1820 2805 1914 2846 sex
1945 2790 2111 2844 millia
2144 2804 2413 2844 annorum
2447 2790 2732 2860 praesentis
2771 2790 2953 2844 saeculi
2984 2791 3081 2859 (a).

222 2870 314 2925 20.
359 2873 848 2945 Συγκακουχεῖσθαι
881 2878 961 2948 τῷ
989 2879 1100 2950 λαῷ
1148 2879 1242 2933 τοῦ
1275 2881 1349 2952 (2)
1393 2881 1548 2943 Θεοῦ,
1588 2882 1724 2952 (5)ἢ

1890 2883 1978 2939 20.
2016 2883 2205 2937 Potius
2235 2882 2420 2936 vexari
2450 2898 2573 2937 cum
2610 2884 2808 2952 populo
2839 2881 2952 2945 Dei,
2983 2896 3145 2951 quam
3175 2890 3383 2951 tempo-

134 2965 487 3035 πρόσκαιρον
503 2965 645 3036 ἔχειν
661 2969 929 3040 ἁμαρτίας
947 2971 1240 3024 ἀπόλαυσιν
1257 2973 1314 3024 ὲν
1329 2975 1437 3035 τοῖς
1450 2973 1722 3035 πλουσίοις

1781 3004 1793 3062 ι
1825 2976 1968 3029 raria
1996 2976 2275 3044 voluptate
2316 2976 2521 3043 peccati
2567 2973 2673 3028 frui
2717 2975 2856 3028 inter
2875 2973 3069 3028 divites
3105 2976 3383 3043 praesentis

134 3054 244 3106 τοῦ
271 3055 364 3107 νῦν
384 3056 575 3119 αἰῶνος
591 3060 702 3119 τοῖς
719 3060 791 3129 μὴ
810 3061 1020 3114 ποιοῦσι
1036 3062 1102 3115 τὰ
1121 3061 1398 3134 θελήματα
1418 3064 1510 3116 τοῦ
1534 3063 1690 3118 Θεοῦ.

1418 3064 1510 3116 τοῦ
1534 3063 1690 3118 Θεοῦ.
1755 3054 1793 3062 “
1825 3065 2029 3124 saeculi.
2059 3065 2153 3133 qui
2186 3077 2294 3117 non
2325 3063 2529 3119 faciunt
2563 3065 2653 3117 Dei
2683 3065 3008 3118 voluntates.

220 3145 315 3198 ‘21.
341 3146 460 3198 Ὅτι
491 3149 555 3218 τῇ
593 3147 926 3224 ἐλεημοσύνη
966 3153 1058 3206 καὶ
1093 3155 1268 3209 πίστει
1305 3158 1675 3228 εὐαρεστεῖται
1700 3160 1727 3211 ὁ

1893 3156 1983 3210 2|.
2019 3154 2290 3219 Quoniam
2343 3155 2756 3219 misericordia,
2815 3163 2866 3209 et
2930 3154 3034 3208 tide
3091 3154 3389 3212 delectatur

138 3237 216 3290 Θε
227 3237 306 3299 ός.
1309 3265 1314 3268 ·

1309 3265 1314 3268 ·
1824 3245 1983 3300 Deus.

227 3328 316 3381 22.
355 3330 440 3385 Ἐν
499 3331 573 3403 τῷ
606 3332 698 3388 νῦν
742 3336 896 3389 αίῶνι
928 3341 1038 3401 τοῖς
1090 3340 1298 3393 ποιοῦσι
1358 3342 1524 3394 ταῦτα
1568 3341 1724 3394 δώσει

1892 3336 1981 3389 τε.
2015 3335 2140 3392 llaec
2169 3334 2500 3391 facientibus
2531 3335 2582 3387 in
2611 3336 2712 3388 huc
2737 3337 2936 3390 saeculo
2966 3336 3113 3390 dabit
3137 3335 3385 3405 gratiam,

139 3423 337 3491 χάριν,
361 3425 450 3475 καὶ
472 3426 528 3475 ὲν
550 3424 624 3494 τῷ
653 3426 893 3495 μέλλοντι
917 3429 1126 3491 δοξάσει
1158 3431 1368 3493 αὐτούς.

1048 3447 1126 3482 σει
1158 3431 1368 3493 αὐτούς.
1827 3439 1880 3485 et
1908 3431 1959 3481 in
1990 3429 2170 3483 futuro
2197 3429 2518 3499 gloriﬁcabit
2536 3443 2649 3481 cos.

225 3513 317 3565 25.
345 3515 416 3566 Οὐ
449 3513 554 3584 γὰρ
580 3518 830 3586 στερήσει
865 3519 933 3571 τὰ
959 3519 1216 3589 μέλλοντα
1245 3522 1425 3590 ἀγαθὰ
1455 3524 1577 3586 τοὺς
1621 3539 1722 3591 μη-

1899 3521 1987 3574 23.
2021 3518 2137 3574 Non
2165 3520 2308 3574 enim
2333 3520 2566 3588 privabit
2592 3518 2788 3573 futuris
2814 3518 2974 3574 bonis
2997 3533 3112 3584 eos,
3141 3519 3232 3587 qui
3258 3516 3391 3570 nihil

139 3605 243 3656 δέν
273 3605 503 3675 πονηρὸν
534 3607 833 3673 ποιοῦντας.

790 3627 833 3673 ς.
1833 3613 2135 3681 improbum
2168 3612 2392 3667 iaciunt.

223 3695 317 3752 24.
355 3699 413 3750 Ὀ
442 3699 708 3754 πιστεύων
742 3704 818 3766 εἰς
843 3702 920 3756 σέ.

897 3702 920 3756 Ξ.
1900 3704 1987 3757 24.
2025 3704 2127 3771 Qui
2163 3706 2215 3759 in
2242 3715 2291 3760 te
2311 3707 2499 3760 credit.

246 3815 309 3868 Ἡ
338 3815 668 3886 προκειμένη
695 3816 973 3887 ἐπιγραφὴ
1001 3816 1240 3885 περιέχει
1282 3816 1358 3885 (4)
1386 3832 1400 3847 ο
1430 3818 1531 3883 Εἰς
1557 3819 1622 3871 τὸ
1653 3819 1844 3886 τέλος,
1873 3819 1996 3885 τοῖς
2017 3820 2169 3886 υἱοῖς
2203 3820 2353 3888 Κορὲ
2392 3818 2632 3887 ψαλμὸς
2651 3857 2665 3879 ,
2710 3818 2845 3887 ὅπερ
2883 3815 3245 3887 ἑρμηνεύεται
3273 3814 3394 3880 toic

146 3907 312 3973 υἱοῖς
339 3906 447 3975 τῆς
469 3907 772 3975 ἁμαρτίας.
799 3906 940 3977 Κορὲ
974 3906 1079 3977 γὰρ
1103 3907 1376 3978 ἀντιλογίᾳ
1397 3909 1659 3977 σχεήσατο
1698 3908 1993 3981 [ἐσχίσατο]
2030 3910 2104 3981 (5)
2139 3911 2274 3980 πρὸς
2304 3910 2395 3962 τὸν
2425 3909 2576 3962 Θεόν.
2609 3907 2818 3961 Οὐκοῦν
2856 3910 2966 3970 τοῖς
2998 3909 3132 3970 υἱοῖς
3161 3907 3258 3977 τῆς
3297 3908 3392 3959 ἁνο

152 3998 424 4066 τιλογίας,
464 3998 708 4057 τουτέστι
763 3998 863 4067 τῆς
899 3999 1189 4068 ἁμαρτίας,
1240 3999 1316 4070 τῷ
1344 3999 1455 4068 λαῷ
1493 4001 1600 4053 τῶν
1637 4003 1898 4056 Ἰουδαίων
1934 4002 2152 4056 καὶτῶν
2183 4002 2348 4056 ὲθνῶν
2384 4006 2411 4056 ὁ
2433 4003 2646 4074 ψαλμὸς
2669 4003 2880 4071 εἴρηται
2917 4001 3043 4072 περὶ
3070 4000 3178 4052 τῶν
3205 4003 3285 4063 είς
3321 4000 3392 4052 τὰ

150 4091 290 4162 τέλη
332 4089 437 4142 τῶν
461 4089 669 4142 αίὼνων
700 4089 1147 4161 παρασχεθέντων
1178 4089 1359 4154 αὐτοῖς
1388 4093 1540 4162 παρὰ
1578 4093 1671 4146 τοῦ
1713 4095 1868 4149 Θεοῦ.

235 4183 452 4238 Titulus
479 4182 800 4252 praapositus
834 4183 1074 4237 continet
1108 4181 1210 4236 :In
1242 4183 1418 4252 ﬁnem,
1451 4185 1578 4253 ﬁliis
1611 4183 1742 4240 Core
1768 4187 2027 4255 psalmus,
2056 4185 2204 4256 quod
2231 4185 2620 4256 interpretatur
2653 4185 2782 4254 ﬁliis
2827 4186 3044 4254 peccati.
3074 4185 3210 4240 Core
3250 4183 3394 4237 cnim

156 4279 597 4336 contradictione
626 4287 907 4347 separatus
936 4287 1018 4332 est
1044 4281 1304 4333 adversus
1337 4279 1523 4333 Deum.
1565 4279 1733 4350 igitur
1762 4283 1888 4338 liliis
1911 4281 2380 4345 contradictionis,
2413 4282 2517 4336 hoc
2560 4290 2641 4336 est
2685 4281 2914 4350 peccati,
2953 4279 3151 4348 populo
3177 4276 3396 4331 ,Ιυὰαεο-

157 4388 288 4427 rnm
312 4380 366 4426 et
394 4371 630 4441 gentium
669 4369 909 4439 psalmus
945 4370 1120 4425 dictus
1152 4381 1233 4425 cst
1260 4371 1325 4425 de
1349 4372 1434 4437 iis,
1466 4389 1586 4442 quae
1619 4374 1671 4426 in
1706 4375 1811 4430 line
1845 4377 2168 4432 saeculorum
2191 4376 2415 4446 praebita
2438 4383 2562 4430 sunt
2598 4372 2730 4442 ipsis
2753 4388 2782 4426 a
2811 4371 2941 4427 Deo.

241 4466 292 4520 1,
343 4463 633 4533 Ἐπιθυμίᾳ
670 4461 1016 4534 ἐπεθύμησας
1064 4462 1231 4515 σῶσον
1268 4463 1340 4534 (6)
1379 4465 1468 4517 τὸν
1505 4465 1722 4536 κόσμον.
1759 4471 1801 4525 ι)

1560 4465 1722 4536 ἱσμον.
1759 4471 1801 4525 1)
1903 4470 1953 4524 1.
1987 4469 2261 4523 Desiderio
2292 4465 2609 4522 desiderasti
2643 4465 2852 4519 salvare
2879 4461 3162 4517 mundum.

237 4559 290 4612 Ξ..
341 4555 583 4628 Ἐρῤύσω
613 4555 736 4619 τοὺς
777 4553 854 4624 (7)
899 4554 1181 4618 Ἰουδαίους
1225 4558 1347 4618 τοὺς
1375 4557 1723 4621 πιστεύοντας

1905 4562 1960 4614 ‘2.
2007 4558 2273 4615 Liberasti
2325 4556 2538 4614 Judaeos
2585 4558 2862 4612 credentes
2907 4554 3004 4609 tibi
3056 4569 3088 4608 e
3143 4552 3398 4608 servitute

163 4669 254 4704 σοι
289 4652 352 4702 ὲκ
380 4649 477 4719 τῆς
509 4647 752 4709 δουλείας
779 4646 876 4716 τῆς
902 4647 1191 4717 ἁμαρτίας.

456 4666 477 4711 ς
509 4647 752 4709 δουλείας
779 4646 876 4716 τῆς
902 4647 1191 4717 ἁμαρτίας.
1835 4652 2058 4724 peccati.

243 4741 296 4794 5.
327 4739 710 4810 Συνεχώρησας
764 4738 966 4800 πάντας
1015 4737 1088 4808 (8)
1121 4738 1214 4791 τὸν
1257 4737 1457 4808 κόσμον
1523 4739 1737 4810 [πάσας

1562 4740 1737 4804 πάσας
1905 4743 1957 4794 5.
1992 4740 2324 4795 Condonasti
2358 4753 2549 4794 omnes
2581 4738 2893 4807 iniquitates
2926 4735 3146 4789 mundo.

164 4832 400 4902 ἀνομίας
429 4831 506 4904 τῷ
546 4828 784 4900 κόσμῳ

247 4926 302 4981 «1.
332 4925 512 4995 Λήθην
543 4924 844 4992 πεποίηκας
871 4922 1059 4976 πασῶν
1081 4923 1186 4976 τῶν
1220 4923 1503 4995 ἁμαρτιῶν
1535 4941 1628 4977 του
1656 4925 1738 4976 κό-

1905 4921 1956 4973 4.
1990 4919 2046 4974 In
2091 4919 2416 4974 oblivionem
2451 4916 2721 4974 tradidisti
2767 4917 2948 4970 omnia
2992 4922 3213 4984 peccata
3252 4911 3397 4982 cius-

171 5037 316 5087 σ;λ.ου
357 5015 470 5088 [τοῦ
504 5015 692 5087 αὑτοῦ]
733 5032 847 5070 σου.

595 5015 692 5087 τοῦ]
733 5032 847 5070 σου.
1842 5011 1962 5066 dem
1993 5011 2197 5065 mundi.

248 5114 302 5168 5.
333 5109 681 5170 Μετεδλίπθτπς
704 5109 840 5172 ὅλως
874 5109 950 5179 (9)
980 5110 1058 5171 είς
1096 5108 1260 5172 ἔλεος.

1913 5103 1965 5157 5.
2005 5101 2172 5158 Totus
2199 5115 2497 5158 conversus
2528 5115 2587 5154 es
2622 5100 2676 5154 in
2706 5097 3151 5154 misericordiam.

1118 5216 1424 5280 Addenda
1455 5223 1515 5278 et
1554 5216 1925 5296 corrigenda
1962 5233 2038 5276 ex
2085 5216 2225 5276 cod.
2256 5215 2456 5277 Vatic.

253 5331 326 5405 (1)
345 5331 452 5405 iga}
481 5328 792 5405 ἀντιλαόοῦΖ
2030 5320 2347 5405 Ἐχρήσατο.

251 5389 330 5472 (2)
356 5401 681 5472 Τοῖςλὰγίοις
703 5399 818 5460 τοῦ,
840 5406 945 5472 etc.
1342 5464 1355 5472 _
1425 5465 1443 5472 _
1466 5463 1494 5472 η
1713 5463 1737 5472 _
2030 5389 2204 5472 ξ-ῷσαι
2241 5389 2330 5472 τὸν
2361 5389 2560 5472 κόσμον
2587 5407 2699 5445 σου.

247 5460 325 5554 (3}
455 5460 688 5554 213g"
722 5463 1739 5554 λιράσκαξρφννεὲοη..ῑξ,θέ>1μξει,τοδ

926 5483 1095 5552 αιρον,
1131 5473 1292 5554 etc,"
1310 5464 1368 5546 τὸ
1422 5463 1623 5554 θέλνὲμα
1650 5463 1739 5517 τοῦ
2021 5460 2226 5554 ﬁdem);
2247 5462 2391 5542 τοὺς,
2426 5470 2528 5514 ctc.

175 5530 331 5597 Θεοῦ.
364 5543 429 5596 Ν.
453 5543 542 5598 22.
577 5542 694 5593 Ὅτι
718 5530 1068 5609 ἐλεημοσύνη.
1099 5543 1224 5599 etc.,
1254 5534 1450 5604 Κύριος
1473 5537 1499 5586 ὀ
1521 5530 1667 5595 Θεός.
2023 5530 2191 5609 [13sz
2313 5530 2498 5609 Ξιρσμῳ
2523 5547 2633 5584 σου.

251 5614 323 5690 (4)
369 5614 549 5670 Ἡςδιὰ
570 5612 667 5680 τῆς
699 5600 1063 5680 κιννάϐαρεά
1085 5621 1211 5676 περ.
1343 5600 1351 5604 ’
2023 5601 2178 5664 Ὅλος
2207 5603 2284 5664 εἰς
2309 5600 2477 5664 ἔλεος.

250 5721 320 5799 (a)
366 5727 496 5782 Vide
517 5722 661 5780 Psal.
689 5740 737 5777 \‘l
775 5726 824 5777 et
848 5738 898 5775 ιι
923 5731 974 5774 ct
993 5703 1393 5772 Préfationem.
