4098 6318
724 352 855 407 1011
1560 354 1619 410 S.
1661 353 2036 410 ATHANASII
2075 351 2224 408 OPP.
2267 347 2448 403 PARS
2491 344 2666 400 Ill.—
2705 345 3118 401 EXEGETICA.
3838 345 3946 399 1012

788 468 842 526 6.
871 469 1126 526 Avertisti
1152 473 1220 528 ab
1250 474 1328 529 ira
1364 476 1756 548 indignationis
1784 490 1909 535 tuae.
2321 481 2371 536 Δ

2321 481 2371 536 Α
2468 474 2522 526 6.
2567 471 2938 540 Ἀπὲστρεψας
2962 471 3069 523 ἀπὸ
3092 470 3257 540 ὀργῆς
3285 467 3454 540 θυμοῦ
3477 486 3592 522 σου.

789 562 837 616 7.
878 562 1143 621 Converte
1167 583 1286 635 nos,
1318 569 1459 625 Deus
1486 572 1744 628 salutaris
1775 583 1981 628 noster.

2463 565 2516 617 7.
2558 564 2913 632 Ἐπίστρεψον
2940 563 3106 633 ἡμᾶς,
3139 565 3167 614 6
3194 561 3326 624 Θεὸς
3348 563 3456 614 τῶν
3482 561 3775 633 σωτηρίων
3797 560 3945 630 ἡμῶν·

785 655 840 708 8.
876 654 942 710 Et
973 668 1155 714 averte
1181 661 1318 715 iram
1347 673 1494 717 tuam
1532 681 1561 718 a
1593 665 1772 720 nobis.

2462 655 2517 709 8.
2551 655 2661 708 Καὶ
2684 653 3026 725 ἀπόστρεψον
3054 654 3144 706 τὸν
3181 653 3350 723 θυμόν
3381 669 3473 705 σου
3509 651 3602 721 ἀφ’
3633 653 3817 722 ήμῶν.

788 745 841 801 9.
871 745 1122 819 Nunquid
1149 752 1201 806 in
1232 763 1491 808 wternum
1520 756 1774 810 irasceris
1806 754 2011 811 nobis?

1995 754 2011 809 ῑ
2460 746 2514 801 9.
2545 745 2635 816 Μὴ
2673 747 2752 807 εἰς
2780 745 2906 808 τοὺς
2933 743 3135 806 αἰῶνας
3163 742 3420 814 ὀργισθῇς
3449 745 3613 814 ήμῖν;

794 840 1016 896 10.Aut
1060 845 1317 901 extendes
1363 848 1496 902 iram
1554 857 1703 903 tuam
1755 865 1785 903 a
1843 848 2191 919 generatione
2233 847 2287 902 in

2465 836 2552 890 10.
2587 835 2658 889 Ἦ
2681 834 2943 897 διατενεῖς
2963 833 3062 902 τὴν
3085 832 3258 903 ὀργήν
3285 847 3378 883 σου
3409 831 3518 884 ἀπὸ
3547 831 3748 897 γενεᾶς
3777 830 3853 894 είς
3875 846 3945 897 τε·

717 937 1122 1002 generationem
1145 937 1167 991 1
2391 928 2553 994 νεάν;

789 1029 875 1083 11.
909 1028 1072 1097 Deus,
1104 1041 1160 1087 tu
1191 1049 1487 1090 conversus
1516 1033 1817 1090 viviﬁcabis
1842 1051 1940 1092 nos
1969 1056 1981 1090 :

2464 1019 2547 1072 11.
2590 1019 2647 1072 Ὀ
2678 1017 2832 1081 Θεὸς,
2859 1018 2921 1070 σὺ
2955 1013 3289 1085 ἐπιστρέψας
3319 1013 3558 1077 ζωώσεις
3583 1015 3740 1084 ἡμᾶς
3764 1030 3778 1044 ·

786 1119 874 1175 12.
905 1119 972 1175 Ει
1001 1123 1151 1192 plebs
1181 1132 1270 1178 tua
1302 1126 1574 1180 Ιωιευίιυιι
1603 1128 1656 1181 in
1688 1136 1760 1184 ιθ,
2462 1111 2549 1163 12.
2583 1109 2692 1163 Καὶ
2722 1111 2750 1162 6
2775 1107 2901 1170 λαός
2942 1123 3034 1159 σου
3055 1105 3486 1176 εὐφρανθήσεται
3515 1106 3608 1157 ἐπὶ
3645 1104 3753 1158 σοί.

2463 1203 2546 1256 15.
2583 1200 2763 1265 Δεῖξον
2787 1201 2940 1269 ἡμῖν,
2973 1197 3164 1268 Κύριε,
3194 1195 3253 1249 τὸ
3279 1195 3426 1258 ἔλεός
3460 1212 3550 1248 σου
3570 1213 3581 1223 ·

2461 1294 2548 1347 14.
2578 1293 2686 1346 Καὶ
2717 1292 2778 1343 τὸ
2806 1290 3069 1361 σωτήριόν
3101 1305 3192 1342 σου
3223 1287 3364 1360 δῲης
3398 1290 3548 1359 ἡμῖν.

2461 1383 2548 1438 15.
2586 1381 2912 1452 Ἀκούσομαι
2941 1381 2991 1432 τί
3017 1380 3236 1451 λαλήσει
3265 1382 3321 1433 ἐν
3351 1379 3473 1450 ἐμοὶ
3500 1378 3709 1449 Κύριος
3749 1382 3781 1433 ὁ
3808 1380 3939 1443 Θεός.

789 1211 876 1266 1'5.
901 1209 1136 1270 Ostende
1167 1216 1346 1282 nobis,
1372 1216 1620 1283 Domine,
1641 1219 2067 1275 misericordiam
2091 1228 2238 1273 tuam
2270 1237 2281 1272 :

791 1303 874 1358 14.
913 1305 979 1360 Et
1014 1306 1251 1362 salutare
1275 1318 1428 1363 tuum
1455 1310 1523 1365 da
1555 1311 1736 1366 nobis.

785 1397 868 1450 15.
904 1397 1168 1464 Audiam,
1224 1401 1354 1470 quid
1428 1403 1682 1473 loquatur
1749 1404 1804 1458 in
1871 1419 1958 1459 me
2024 1401 2286 1458 Dominus

718 1487 883 1543 Deus.

789 1578 876 1632 16.
903 1579 1168 1647 Quoniam
1206 1584 1456 1655 loquetur
1487 1600 1671 1655 pacem
1702 1585 1754 1640 in
1781 1585 1989 1656 plebem
2019 1601 2193 1649 suam,

2188 1628 2193 1647 ν
2461 1582 2545 1638 16.
2579 1583 2698 1635 Ὅτι
2719 1581 2940 1651 λαλήσει
2971 1581 3195 1653 εἰρήνην
3218 1581 3308 1634 ἐπὶ
3340 1582 3430 1634 τὸν
3455 1581 3581 1634 λαὸν
3607 1581 3806 1642 αὐτου,

788 1670 875 1723 17.
902 1672 966 1726 Et
992 1689 1155 1744 super
1184 1685 1406 1731 sanctos
1439 1691 1594 1745 suos,
1621 1686 1674 1732 et
1707 1693 1871 1748 super
1895 1693 2011 1746 eos,
2041 1676 2136 1747 qui
2157 1691 2285 1732 con-

2459 1674 2544 1727 17.
2576 1673 2687 1727 Καὶ
2715 1673 2807 1724 ἐπὶ
2829 1673 2952 1735 τοὺς
2993 1673 3169 1735 ὁσίους
3199 1670 3383 1734 αὐτοῦ,
3419 1672 3510 1724 καὶ
3540 1672 3631 1725 ἐπὶ
3665 1674 3798 1735 τοὺς

715 1771 935 1818 vertunt
954 1780 1048 1819 cor
1070 1766 1135 1821 ad
1164 1782 1308 1822 eum.
2316 1818 2333 1837 ι

2316 1818 2359 1837 n
2390 1767 2717 1837 στρέφοντας
2742 1764 2970 1835 καρδίαν
3002 1766 3086 1816 ἐπ’
3121 1765 3301 1818 αὐτόν.

787 1856 874 1911 18.
904 1854 1292 1914 Verumtamen
1351 1875 1517 1930 prope
1568 1861 1819 1917 timentes
1867 1877 1993 1916 eum
2048 1860 2284 1916 salutare
2321 1854 2360 1874 ¹¹

2323 1854 2360 1874 ¹¹
2456 1857 2540 1910 18.
2572 1855 2716 1926 Πλὴν
2745 1858 2908 1924 ἐγγὺς
2942 1855 3050 1907 τῶν
3085 1855 3430 1926 φοϐουμένων
3468 1857 3628 1910 αὑτὸν
3672 1858 3738 1910 τὸ
3784 1862 3941 1912 σωτή-

719 1948 914 2016 ipsius,

2385 1966 2500 2020 ριον
2529 1945 2717 2010 αὑτοῦ,

787 2041 875 2095 19.
903 2039 973 2096 Ut
1007 2041 1272 2096 inhabitet
1292 2041 1462 2112 gloria
1489 2041 1542 2095 in
1574 2051 1716 2096 terra
1755 2052 1962 2098 nostra.

2453 2039 2538 2094 19.
2575 2039 2680 2093 Τοῦ
2720 2040 3139 2110 κατασκηνῶσαι
3161 2040 3317 2106 δόξαν
3343 2043 3402 2094 ἐν
3420 2046 3484 2114 τῇ
3519 2046 3586 2115 τῇ
3627 2044 3810 2115 ἡμῶν.

783 2129 872 2184 20.
900 2129 1267 2188 Misericordia
1303 2140 1358 2185 et
1376 2133 1578 2188 veritas
1605 2133 1958 2189 obviaverunt
1989 2151 2002 2188 :

1943 2143 1958 2188 ι
1989 2151 2002 2188 :
2455 2132 2544 2186 20.
2579 2133 2767 2197 Ἔλεος
2797 2133 2891 2186 καὶ
2925 2134 3154 2205 ἀλήθεια
3184 2137 3523 2206 συνήντησαν
3547 2153 3561 2168 ·

789 2224 878 2279 21.
913 2222 1129 2280 Justitia
1155 2232 1208 2278 et
1229 2239 1332 2294 pax
1365 2225 1624 2280 osculatae
1651 2233 1798 2280 sunt.

2468 2223 2556 2277 21.
2597 2224 2920 2294 Δικαιοσύνη
2947 2227 3041 2278 καὶ
3071 2228 3256 2298 εἰρήνη
3283 2227 3668 2298 κατεφίλησαν.

786 2317 878 2371 22.
905 2315 1119 2372 Veritas
1139 2318 1205 2372 de
1227 2327 1370 2371 terra
1396 2326 1515 2372 orta
1539 2326 1623 2372 est
1648 2335 1662 2370 :

2466 2314 2555 2367 22.
2605 2315 2853 2386 Ἀλήθεια
2884 2318 2946 2368 ἐκ
2969 2317 3068 2386 τῆς
3090 2318 3192 2387 γῆς
3216 2319 3451 2372 ἀνέτειλε
3477 2337 3488 2350 ·

786 2409 876 2465 23.
901 2408 968 2465 Et
994 2410 1205 2481 justitia
1239 2409 1305 2464 de
1330 2409 1468 2465 calo
1493 2409 1796 2478 prospexit.

2464 2407 2556 2462 23.
2590 2409 2698 2462 Καὶ
2733 2408 3046 2479 δικαιοσύνη
3079 2411 3142 2462 ἐκ
3168 2409 3260 2462 τοῦ
3290 2410 3518 2480 ούρανοῦ
3538 2410 3785 2480 διέκυψε.

1833 2604 2206 2662 ATHANASII
2243 2604 2824 2665 INTERPRETATIO.

788 2792 841 2846 6.
870 2790 1148 2861 Propitius
1177 2788 1351 2844 factus
1392 2802 1451 2843 es
1487 2787 1742 2843 universo
1788 2786 1975 2858 generi
2020 2786 2277 2844 humano.
2310 2788 2352 2846 C

2253 2812 2277 2842 ι.
2310 2788 2352 2846 C
2457 2785 2508 2839 6.
2541 2785 2728 2848 Ἴλεως
2757 2786 2915 2854 γενοῦ
2951 2786 3112 2840 παντὶ
3133 2785 3210 2858 τῷ
3240 2789 3388 2855 γένει
3414 2789 3519 2839 τῶν
3548 2787 3871 2859 ἀνθρώπιον.

792 2885 845 2941 7.
873 2882 956 2937 Ad
981 2891 1031 2938 te
1053 2882 1230 2952 ipsum
1256 2896 1523 2952 congrega
1551 2896 1672 2935 nos.

2459 2878 2513 2933 7.
2558 2877 2955 2948 Ἐπισυνάγαγε
2986 2882 3133 2951 ἡμᾶς
3171 2881 3307 2953 πρὸς
3340 2881 3548 2934 ἑαυτόν.

789 2978 843 3030 8.
880 2974 946 3030 Et
970 2990 1185 3031 cessare
1208 2974 1294 3028 fac
1316 2973 1685 3035 maledictum,
1707 2970 1855 3043 quod
1879 2969 1983 3026 fuit
2010 2972 2078 3026 ab
2095 2971 2290 3038 Adam,

2458 2967 2511 3022 8.
2546 2971 2653 3023 Καὶ
2702 2971 2911 3025 παῦσον
2938 2973 3038 3042 τὴν
3081 2973 3325 3044 κατάραν
3349 2972 3448 3043 τὴν
3492 2971 3600 3025 ἀπὸ
3630 2971 3726 3024 τοῦ
3771 2973 3944 3042 Ἀδὰμ,

719 3080 773 3124 et
804 3068 961 3134 Cain,
997 3077 1052 3123 et
1082 3067 1327 3136 reliquis.

2393 3063 2485 3113 καὶ
2517 3061 2678 3127 Κάῖν,
2705 3063 2798 3114 καὶ
2826 3063 2933 3115 τῶν
2963 3062 3185 3116 λοιπῶν.

790 3162 844 3215 9.
874 3159 1126 3230 Nunquid
1157 3159 1490 3229 permanebit
1518 3159 1782 3214 sententia
1814 3157 1903 3213 illa
1925 3172 2140 3228 semper
2166 3159 2189 3210 ἲ

2462 3153 2513 3207 9.
2554 3152 2640 3224 Μὴ
2667 3154 2920 3224 ἐπιμείνῃ
2955 3155 2988 3226 ή
3015 3153 3288 3222 ἀπόφασις
3319 3153 3500 3223 ἐκείνη
3521 3154 3608 3207 διὰ
3637 3158 3870 3221 παντὸςς

795 3252 1300 3307 10.Transeuntem
1347 3251 1414 3304 de
1476 3252 1823 3319 generatione
1876 3250 1932 3303 in
1989 3250 2294 3320 generatio-

2057 3250 2294 3305 neratio-
2464 3246 2550 3300 10.
2588 3247 2954 3316 Διερχομὲνην
2980 3245 3087 3300 ἀπὸ
3121 3248 3314 3313 γενεᾶς
3341 3247 3420 3310 εἰς
3444 3247 3636 3314 γενεάν
3658 3265 3672 3313 ;

723 3344 881 3399 nem?

792 3440 879 3491 11.
918 3437 1062 3494 Deus
1095 3447 1177 3506 tu,
1223 3439 1318 3509 qui
1351 3436 1671 3492 convenisti
1710 3450 1812 3492 nos
1848 3451 1915 3488 ex
1959 3443 2134 3489 morte
2170 3449 2292 3503 pec-

2467 3425 2552 3479 11.
2595 3426 2654 3480 '0
2679 3426 2829 3492 Θεὸς,
2862 3426 2926 3478 σὺ
2955 3423 3285 3496 ἐπιστρέψας
3316 3426 3463 3496 ἡμᾶς
3493 3425 3557 3478 ἐκ
3606 3423 3700 3477 τοῦ
3731 3424 3946 3479 θανάτου

725 3531 850 3596 cati,
878 3531 1086 3585 vivillca
1114 3547 1208 3600 per
1241 3531 1466 3601 gratiam
1498 3539 1664 3584 tuam.

2395 3521 2491 3589 τῆς
2517 3519 2810 3590 ἁμαρτίας,
2842 3517 3175 3588 ζωοποίησον
3206 3516 3293 3570 διὰ
3323 3516 3423 3587 τῆς
3451 3517 3671 3588 χάριτός
3699 3532 3815 3571 σου.

795 3621 882 3674 12.
909 3621 1203 3677 Credentes
1238 3621 1291 3674 in
1317 3631 1386 3675 te.

2469 3611 2553 3664 12.
2597 3613 2659 3663 Οἱ
2706 3609 3049 3670 πιστεύοντες
3084 3611 3140 3660 ἐν
3171 3607 3252 3660 σοί
3285 3607 3380 3677 (1).

795 3716 885 3768 13.
917 3714 1118 3770 Filium
1156 3725 1332 3771 tuum.

2467 3705 2551 3756 15.
2590 3702 2691 3755 Τὸν
2718 3703 2845 3755 Υίόν
2881 3718 2995 3755 σου.

794 3805 881 3859 14.
919 3803 1180 3876 Spiritum
1210 3816 1456 3862 sanctum
1493 3817 1665 3862 tuum.

2465 3792 2550 3845 M.
2584 3792 2656 3844 Τὸ
2687 3791 2912 3862 Πνεῦμά
2933 3809 3026 3844 σου
3050 3791 3111 3844 τὸ
3141 3791 3316 3859 ἅγιον.

799 3897 888 3953 15.
915 3897 1180 3968 Adjiciam
1207 3901 1320 3969 jam
1357 3909 1592 3954 mentem
1634 3913 1811 3954 meam
1841 3898 1929 3964 iis,
1977 3913 2098 3968 quae
2138 3897 2204 3951 ab
2230 3910 2296 3950 eo

2465 3886 2551 3939 15.
2599 3884 3018 3954 Ἐπιστήσωτὸν
3049 3881 3173 3936 νοῦν
3204 3901 3302 3952 μου
3332 3883 3520 3936 λοιπὸν
3569 3885 3682 3946 τοῖς
3738 3882 3953 3952 λεγομέ-

727 3989 870 4044 dieta
905 3993 1106 4046 suntin
1139 3991 1370 4047 adventu
1399 4008 1518 4047 suo.

2397 3995 2506 4041 νοις
2540 3977 2618 4049 (2)
2653 3976 2744 4029 ὑπ’
2775 3974 2939 4029 αὑτοῦ
2967 3977 3024 4028 ἐν
3048 3977 3114 4045 τῇ
3156 3975 3428 4046 παρουσίᾳ
3449 3973 3635 4027 αὐτοῦ.

804 4082 887 4135 16.
915 4082 1184 4149 Quoniam
1214 4099 1403 4155 pacem
1439 4100 1594 4141 suam
1619 4081 1844 4139 donabit
1870 4085 2046 4139 nobis.
2323 4136 2370 4155 ﬁ

2323 4136 2370 4155 ﬁ
2471 4069 2555 4122 16.
2580 4070 2703 4122 ’Ότι
2728 4067 2824 4138 τὴν
2852 4066 3041 4120 ἑαυτοῦ
3065 4067 3285 4137 είρήνην
3313 4065 3614 4137 δωρήσεται
3639 4067 3788 4136 ἡμῖν.

798 4173 887 4228 17.
917 4175 984 4228 Et
1018 4190 1182 4244 super
1209 4136 1485 4244 apostolos
1517 4191 1670 4241 suos,
1697 4183 1753 4230 et
1785 4190 1947 4243 super
1968 4190 2158 4228 omnes
2186 4189 2296 4227 cre-
2323 4136 2372 4191 υ

2332 4136 2372 4191 D
2468 4161 2552 4212 17.
2589 4158 2700 4211 Καὶ
2750 4136 2842 4210 ἐστὶ
2883 4159 3010 4220 τοὺς
3038 4136 3364 4219 ἀποστόλους
3387 4136 3574 4222 αὑτοῦ,
3628 4159 3720 4211 καὶ
3750 4157 3832 4218 είς
3885 4155 3950 4225 (3)

2397 4253 2602 4314 πάντας
2621 4251 2745 4313 τοὺς
2773 4249 3125 4311 πιστεύοντας
3153 4251 3231 4312 είς
3258 4249 3435 4302 αὐτόν.

2468 4343 2553 4396 18.
2588 4343 2778 4412 Ὅμως
2799 4341 3024 4412 πλησίον
3056 4340 3204 4393 ἐστὶν
3233 4342 3266 4410 ὴ
3292 4341 3533 4412 σωτηρία
3569 4341 3677 4394 τῶν
3699 4338 3953 4409 φοϐουμέ-

2397 4455 2501 4490 νων
2534 4435 2713 4500 αύτὺν,
2744 4435 2836 4488 καὶ
2866 4432 3227 4486 πιστευόντων
3253 4433 3420 4503 αὐτῷ.

2470 4528 2555 4584 19.
2583 4527 2689 4580 Τοῦ
2721 4528 2818 4597 τὴν
2840 4525 2999 4596 χάριν
3024 4524 3116 4578 τοῦ
3150 4524 3284 4578 Θεοῦ
3305 4525 3476 4578 ἐλθεῖν
3499 4527 3581 4589 είς
3609 4525 3706 4589 τὰς
3738 4525 3953 4597 ωρδὲας

728 4266 917 4322 dentes
951 4266 1005 4321 in
1033 4283 1176 4322 eum.

797 4357 886 4412 18.
940 4357 1325 4415 Verumtamen
1372 4362 1617 4430 proxima
1661 4370 1743 4416 est
1790 4361 1938 4417 salus
1993 4357 2297 4413 timentium

728 4465 878 4513 eum,
906 4459 962 4506 et
985 4453 1325 4508 credentium
1355 4454 1478 4523 ipsi.

801 4542 894 4597 19.
928 4539 1000 4598 Ut
1022 4545 1196 4614 gratia
1226 4545 1321 4600 Dei
1352 4546 1534 4600 veniat
1561 4545 1616 4598 in
1644 4545 1804 4600 corda
1835 4554 2042 4600 noslra.

2397 4621 2554 4692 ἡμῶν
2594 4619 2690 4689 (ι).

797 4719 888 4773 29.
922 4717 1175 4775 Gentium
1220 4729 1274 4776 et
1303 4719 1613 4778 Judazorum
1660 4725 1894 4794 populus
1932 4723 2094 4778 simul
2125 4721 2299 4777 credi-

2468 4714 2556 4766 20.
2592 4711 2713 4764 Τῶν
2761 4709 2929 4763 ἐθνῶν
2982 4708 3076 4762 καὶ
3118 4707 3223 4760 τῶν
3269 4707 3538 4764 Ἰουδαίων
3578 4710 3655 4781 (5)
3690 4711 3815 4772 λαὸς
3849 4710 3954 4762 ἐπί-

731 4810 949 4866 derunt.

2400 4820 2628 4856 στευσαν
2659 4802 2793 4872 ἅμα.

799 4902 890 4956 21.
920 4901 1179 4958 Similiter
1201 4903 1536 4969 Judaaorum,
1577 4918 1632 4962 et
1670 4908 1910 4980 gentium
1955 4907 2138 4977 p0puli
2170 4924 2300 4962 cun-

2470 4897 2559 4949 21.
2601 4895 2831 4965 Ὁμοίως
2868 4898 2916 4947 oi
2958 4895 3065 4947 τῶν
3099 4895 3364 4948 Ἰουδαίων
3387 4897 3480 4948 καὶ
3510 4895 3678 4948 ἐθνῶν
3702 4896 3780 4966 (6)
3803 4892 3951 4968 [λαοὶ]

735 4995 901 5050 iuncti
936 5006 1063 5051 sunt
1093 4997 1320 5052 invicem
1353 5000 1405 5053 in
1442 5000 1542 5054 lide
1570 5009 1624 5054 et
1655 5000 1940 5055 charitate.

2402 4985 2686 5056 ἡνώθησαν
2713 4985 2770 5035 ὲν
2795 4985 2972 5036 πίστει
3008 4985 3101 5036 καὶ
3126 4983 3312 5052 ἀγάπῃ
3347 4983 3614 5053 ἀλλήλοις.

801 5089 891 5144 22.
919 5088 1094 5160 Opera
1129 5089 1355 5160 iustitiae
1381 5093 1450 5147 de
1480 5093 1739 5146 cordibus
1767 5093 2073 5146 hominum.

2474 5079 2564 5134 22.
2593 5077 2672 5131 Τά
2701 5077 2838 5148 ἔργα
2865 5079 2964 5146 τῆς
2991 5075 3334 5146 δικαιοσύνης
3355 5079 3418 5128 ἐκ
3451 5076 3561 5130 τῶν
3594 5076 3832 5152 καρδιῶν
3858 5074 3953 5127 τῶν

2404 5173 2498 5226 ἀνθ
2505 5172 2721 5244 ρώπων.

800 5257 891 5314 25.
933 5257 1104 5313 Filius
1140 5256 1234 5314 Dei
1269 5259 1503 5315 advenit.

2475 5264 2565 5316 9.3.
2611 5263 2668 5316 Ὀ
2709 5262 2834 5323 Υἱὸς
2859 5260 2952 5313 τοῦ
2991 5261 3125 5315 Θεοῦ
3154 5262 3508 5330 παραγέγονε.

1681 5448 1990 5512 Addenda
2027 5456 2086 5512 et
2121 5447 2495 5528 corrigenda
2526 5465 2605 5509 ex
2642 5447 2787 5508 cod.
2822 5446 3015 5504 Vane.

805 5633 884 5702 (1)
911 5634 1006 5697 Εἰς
1047 5633 1128 5688 σέ.
2480 5633 2558 5701 (4)
2593 5631 2797 5702 ’Υμῶν.

805 5697 882 5774 (2)
913 5704 1235 5774 Λεγομὲνοις
1271 5723 1379 5774 μοι.
2596 5697 2995 5774 ⁹υ’τῶνέθνιῖ›ν
3028 5701 3119 5755 καὶ
3161 5697 3444 5774 Ἰουδαίων.

809 5769 884 5843 (5)
929 5769 1069 5828 Ἐπί.
1272 5769 1280 5774 ’
2479 5769 2556 5843 (6)
2585 5775 2643 5826 Oi
2672 5772 2774 5826 τῶν
2811 5773 3069 5829 Ἰουδαίων
3107 5770 3194 5825 καὶ
3226 5769 3332 5825 τῶν
3362 5769 3553 5836 ἐθνῶν,
3571 5781 3673 5826 etc.
