4056 6318
92 381 132 435 1
152 383 252 438 01
273 385 304 439 3
1023 384 1112 438 DE
1153 385 1430 442 TlTULlS
1463 385 1694 441 PSAIM

1811 387 1910 444 JM.
1957 421 2023 428 -—
2059 387 2251 442 PSAL.
2291 388 2539 445 LXXXV.
3281 393 3413 448 1014

203 500 316 553 24.
353 500 459 552 Καὶ
494 500 600 571 γὰρ
626 502 653 553 έν
677 500 878 570 Κύριος
900 499 1058 552 δώσει
1085 501 1426 572 χρηστότητα
1447 520 1460 533 ·
1761 504 1805 560 Α

1761 504 1805 560 Α
1904 502 1993 554 ΕΜ.
2031 501 2242 556 Etenim
2278 501 2542 556 Dominus
2564 502 2715 556 dabit
2738 504 3120 574 benignitatem
3155 524 3167 559 :

208 593 320 649 25.
353 595 460 647 Kal
476 595 509 662 ἡ
542 593 613 662 γῆ
639 593 788 664 ὑμῶν
808 593 1009 664 [ἡμῶν]
1027 592 1186 646 δώσει
1204 595 1294 647 τὸν
1311 595 1518 667 καρπὸν
1537 597 1729 666 αὐτῆς.

1537 597 1729 666 αὐτῆς.
1907 593 1997 646 25.
2030 592 2094 646 Et
2126 605 2272 649 terra
2295 603 2475 648 nostra
2507 595 2658 648 dabit
2681 595 2914 651 fructum
2945 613 3126 654 suum.

202 683 318 738 26.
351 685 668 755 Δικαιοσύνη
698 685 924 738 ἐνώπιον
953 686 1116 740 αὑτοῦ
1151 689 1583 760 τιςοπορεύσεται
1614 709 1620 719 ·

1321 689 1583 760 ιρεύσεται
1614 709 1620 719 ·
1907 686 1998 740 ‘26.
2027 684 2245 740 Justitia
2279 696 2401 740 ante
2424 701 2546 740 eum
2580 687 2883 742 ambulabit
2911 707 2923 743 :

201 776 318 829 97.
347 777 454 830 Καὶ
482 776 636 847 Θήσει
664 779 743 840 εἰς
767 777 883 830 ὁδὸν
912 779 982 831 τά
1015 779 1334 851 διαδήματα
1365 782 1550 837 αὐτοῦ.

1302 799 1334 834 α
1365 782 1550 837 αὐτοῦ,
1909 777 1999 830 ‘27.
2039 776 2102 831 Et
2135 788 2297 848 ponet
2327 778 2381 830 in
2409 778 2493 831 via
2520 794 2739 848 gressus
2766 794 2904 838 suos.

395 892 709 960 Προσευκὴ
734 889 814 956 τῷ
845 892 1041 946 Δαϐίδ.
1088 895 1316 949 ΨΑΛΜ.
1359 897 1487 953 ΠΕ’.

2125 888 2313 944 Oratio
2338 889 2532 944 David.
2561 888 2822 944 PSALM.
2851 891 3123 946 LXXXV.

213 982 246 1036 1
268 1023 283 1034 .
315 982 528 1049 κλῖνον,
564 982 756 1052 Κύριε,
789 983 848 1036 τὺ
872 980 964 1048 οὖς
995 1002 1109 1050 σου,
1140 988 1232 1039 καὶ
1275 988 1578 1041 ἐπάκουσὸν
1606 1009 1726 1060 μου,

1917 983 1966 1037 l.
2010 979 2248 1048 lnclina,
2317 981 2582 1046 Domine,
2637 999 2821 1038 aurem
2876 995 3056 1051 tuam,
3113 994 3167 1041 et
3218 987 3410 1040 exaudi

1832 1093 1916 1131 me
1948 1095 1962 1130 Ξ

205 1159 278 1212 2.
311 1161 433 1214 ’Ὁτι
463 1163 675 1232 πτωχὸς
710 1164 805 1215 καὶ
838 1165 1004 1234 πένης
1027 1167 1144 1236 εἰμὶ
1171 1168 1300 1236 ἐγώ.

1906 1171 1963 1224 '2.
1993 1170 2264 1237 Quoniam
2297 1171 2453 1239 inops
2482 1184 2534 1225 et
2561 1189 2767 1243 pauper
2800 1189 2918 1228 sum
2941 1190 3055 1244 ego.

209 1255 277 1306 5.
309 1253 544 1320 Φύλαξον
579 1256 678 1324 τὴν
702 1257 879 1328 ψυχήν
904 1275 1025 1327 μου,
1052 1261 1132 1312 ὅτι
1172 1262 1315 1324 ὅσιός
1344 1264 1494 1332 εἰμι’

1906 1264 1958 1317 ’5.
1987 1263 2213 1318 Custodi
2232 1265 2470 1317 animam
2499 1280 2697 1328 meam,
2719 1268 2978 1334 quoniam
3006 1274 3228 1320 sanctus
3254 1282 3373 1321 sum
3399 1286 3409 1320 :

210 1345 274 1397 4.
309 1347 488 1399 Σῶσον
538 1348 629 1401 τὸν
668 1349 852 1402 δοῦλόν
888 1368 1003 1415 σου,
1037 1353 1065 1402 ὁ
1113 1353 1244 1417 Θεός
1286 1373 1408 1425 μου,
1458 1359 1547 1411 τὸν
1581 1360 1729 1412 ἐλπί-

1917 1357 1971 1410 4.
2003 1355 2224 1410 Salvom
2255 1354 2338 1410 fac
2369 1371 2586 1411 servum
2609 1367 2782 1421 tuum,
2807 1357 2949 1413 Deus
2979 1375 3156 1423 meus,
3186 1374 3413 1427 speran-

94 1434 312 1500 ζοντα
347 1440 439 1492 ἐπὶ
470 1440 527 1492 σέ
568 1434 718 1513 [soi].

508 1440 527 1492 ἑ
568 1434 718 1513 [soi].
1830 1457 1936 1501 tem
1968 1449 2020 1500 in
2060 1457 2110 1500 te

215 1529 274 1583 5.
324 1531 574 1601 Ἐλέησόν
606 1551 695 1603 με,
745 1535 938 1606 Κύριε,
985 1538 1066 1589 ὅτι
1099 1542 1235 1610 πρὸς
1284 1543 1343 1596 σὲ
1389 1546 1727 1619 κεκράξομαι

1905 1540 1960 1594 5.
1994 1540 2252 1595 Miserere
2279 1541 2408 1604 mei,
2439 1540 2689 1606 Domine,
2720 1543 2977 1611 quoniam
3010 1541 3076 1596 ad
3101 1551 3150 1597 te
3181 1541 3411 1597 clamavi

94 1618 277 1690 ὃλην
304 1621 403 1691 τὴν
430 1622 664 1692 ἡμέραν.
1633 1618 1636 1619 ν

481 1622 664 1692 μέραν.
1633 1618 1636 1619 ν
1830 1641 1938 1686 tota
1975 1633 2083 1688 die.

210 1713 273 1767 6.
303 1714 587 1785 Εὔφρανον
608 1719 706 1787 τὴν
727 1719 907 1791 ψυχὴν
940 1720 1033 1774 τοῦ
1053 1723 1238 1776 δούλου
1275 1743 1365 1778 σου
1393 1744 1404 1756 °

1223 1745 1238 1776 δ
1275 1743 1365 1778 σου
1393 1744 1404 1756 ο
1903 1726 1956 1779 6.
1998 1726 2230 1780 Laetiliea
2260 1726 2498 1780 animam
2531 1728 2673 1780 servi
2708 1729 2782 1781 tui
2812 1749 2825 1781 ι

209 1804 267 1856 7.
299 1806 422 1858 Ὀτι
459 1808 595 1878 πρὸς
623 1809 680 1861 σὲ
705 1805 814 1881 ἦρα
845 1811 943 1882 τὴν
968 1813 1296 1884 ψυχήν.μου.
1758 1861 1799 1916 Β

1758 1861 1799 1916 Β
1907 1816 1957 1870 7.
1989 1815 2259 1881 Quoniam
2296 1818 2362 1871 ad
2396 1828 2446 1871 te
2481 1818 2718 1870 animam
2752 1833 2926 1870 meam
2967 1817 3158 1871 levavi.

207 1901 270 1951 δ.
306 1900 429 1952 Ὅτι
455 1901 541 1964 σὺ,
570 1902 764 1971 Κύριε,
797 1905 1033 1975 χρηστὸς
1058 1910 1148 1960 καὶ
1168 1911 1438 1980 ἐπιεικὴςν
1759 1900 1799 1916 υ

1759 1900 1799 1916 ’³
1901 1910 1954 1965 8.
1990 1910 2259 1974 Quoniam
2290 1920 2367 1975 tu,
2393 1909 2645 1969 Domine.
2673 1910 2856 1963 suavis
2892 1918 2945 1962 et
2975 1910 3141 1974 mitis,

206 1993 268 2044 9.
299 1991 408 2044 Καὶ
440 1992 719 2055 πολυέλεος
763 1997 894 2048 πᾶσι
929 2000 1041 2061 τοῖς
1070 2001 1515 2073 ἐπικαλουμένοις
1551 2023 1628 2059 σε.

1897 2003 1949 2056 9.
1978 2003 2042 2055 Et
2096 2003 2279 2056 multa:
2329 2003 2716 2057 misericordia:
2780 2002 3033 2057 omnibus
3106 2001 3403 2056 invocanti—

1831 2096 1932 2149 bus
1957 2105 2026 2149 te.

213 2167 308 2218 '10.
360 2168 662 2233 Ἐνώτισαι,
701 2171 894 2243 Κύριε,
930 2175 1027 2245 τὴν
1073 2181 1377 2250 προσευχήν
1413 2199 1512 2250 μου
1535 2199 1550 2214 ο

1902 2191 1987 2243 ll).
2021 2187 2262 2243 Auribus
2292 2188 2530 2257 percipe,
2559 2187 2808 2253 Domine,
2841 2187 3148 2241 orationem
3187 2200 3404 2239 meam:

213 2258 242 2309 1
264 2258 310 2312 l.
341 2260 448 2312 Καὶ
480 2263 716 2332 πρόσχες
748 2268 812 2335 τῇ
840 2269 990 2337 φωνῇ
1019 2268 1118 2337 τῆς
1145 2270 1379 2340 ὁεήσεώς
1409 2292 1531 2343 μου.

1492 2295 1531 2328 δα
1903 2285 1990 2337 Η.
2025 2283 2091 2336 Et
2125 2282 2340 2336 intende
2371 2283 2488 2335 voci
2516 2278 2916 2348 deprecationis
2941 2294 3094 2332 mea).

211 2350 302 2404 1‘2.
350 2353 436 2405 'Ev
467 2357 647 2426 ἡμέρᾳ
683 2358 914 2426 Θλίψεώς
945 2379 1045 2429 μου
1081 2363 1351 2433 ἐκέκραξα
1381 2367 1515 2436 πρὸς
1543 2369 1618 2430 σὲ,
1645 2371 1726 2423 ὅτι

1900 2376 1986 2430 12.
2018 2375 2074 2428 In
2110 2375 2197 2429 die
2226 2373 2596 2429 tribulationis
2622 2387 2754 2426 mem
2781 2371 3012 2426 clamavi
3053 2370 3120 2424 ad
3167 2381 3238 2433 te,
3277 2369 3407 2437 quia

111 2442 350 2512 ἔπήκου
360 2446 455 2508 σας
497 2463 620 2515 μου.

1827 2468 2095 2522 exaudisti
2127 2483 2231 2521 me.

1265 2659 1637 2717 ATHANASII
1674 2664 2260 2721 lNTERPllETATlO.

201 2825 299 2878 24.
334 2826 405 2877 Τὸ
438 2827 658 2897 Πνεῦμα
698 2831 861 2884 αὑτοῦ
891 2833 949 2884 τὸ
976 2833 1126 2900 Ξιγιον
1171 2837 1263 2888 καὶ
1305 2838 1508 2903 ἀγαθὸν
1551 2839 1723 2910 δωρή-

1891 2843 1980 2897 24.
2013 2841 2276 2912 Spiritum
2302 2853 2488 2896 ‘suum
2529 2854 2802 2908 sanctum,
2833 2847 2888 2896 et
2934 2841 3138 2896 bonum
3178 2841 3402 2897 donabit

115 2933 293 2969 σεται
327 2919 479 2986 ἡμῖν.

407 2920 479 2972 ἶνα
1825 2935 2007 2990 nobis.

203 3009 300 3064 ‘35.
333 3011 405 3062 Τὸ
438 3012 593 3078 γένος
620 3013 728 3068 τῶν
756 3015 1058 3086 ἀνθρώπων
1091 3018 1159 3072 τά
1194 3019 1333 3090 ἔργα
1381 3023 1481 3092 τῆς
1514 3023 1721 3075 δικαιο-

1386 3023 1481 3092 τῆς
1514 3023 1721 3075 δικαιο-
1891 3030 1978 3083 25.
2009 3031 2193 3086 Genus
2224 3031 2526 3085 humanum
2554 3045 2717 3100 opera
2744 3028 2988 3099 justitiaa.

117 3100 329 3172 σύνης.

203 3193 298 3248 26.
346 3195 594 3268 Ἰωάννης
631 3200 659 3251 ὁ
694 3199 1003 3273 Βαπτιστὴς
1031 3243 1047 3270 ,
1099 3206 1191 3257 καὶ
1243 3206 1303 3259 τὸ
1352 3208 1553 3278 πλῆθος
1606 3206 1715 3260 τῶν

1890 3211 1979 3265 ‘26.
2018 3215 2265 3267 Joannes
2292 3209 2553 3280 Baptista,
2588 3219 2642 3265 et
2673 3209 2965 3264 multitudo
2993 3209 3401 3279 prophetarum.

115 3287 454 3359 προφητῶν.

203 3380 298 3436 27.
335 3382 442 3436 Kal.
475 3384 765 3438 ἐντελεῖται
785 3387 843 3438 ὲν
870 3387 1048 3442 πίστει
1067 3390 1136 3443 τὰ
1158 3392 1502 3464 δικαιώματα
1528 3393 1710 3446 αὐτοῦ.

1614 3393 1710 3446 τοῦ.
1894 3392 1982 3445 27.
2015 3390 2081 3446 Ει
2111 3390 2388 3461 przecipiet
2415 3389 2466 3444 in
2500 3389 2602 3444 ﬁde
2630 3388 3049 3458 iustiﬁcationes
3078 3387 3216 3458 ejus.

216 3502 648 3573 Ἢοπροκειμὲνη
681 3507 959 3576 ἐπιγραφὴ
996 3509 1238 3578 περιέχει
1276 3511 1386 3578 (1)·
1424 3510 1746 3579 Προσευχὴ
1787 3508 1864 3572 τῷ
1889 3505 2088 3568 Δαὲὶδ,
2111 3506 2360 3557 τουτέστι
2408 3505 2488 3568 τῷ
2528 3503 2713 3569 ἱκανῷ
2753 3504 2826 3573 τῇ
2860 3503 3047 3573 χειρί·
3105 3502 3263 3555 τοῦτο
3294 3500 3400 3571 γὰρ

113 3594 498 3663 ἑρμηνεύεται
521 3595 702 3658 Δαὸὶδ,
743 3596 881 3668 ὅπερ
915 3599 1063 3651 ἐστὶν
1103 3602 1131 3652 ὁ
1163 3601 1287 3665 Υἱὸς
1311 3602 1402 3655 τοῦ
1434 3602 1591 3656 Θεοῦ.

199 3682 423 3742 Titulus
479 3688 806 3758 praepositus
854 3692 1138 3747 continet:
1173 3692 1361 3748 Oratio
1399 3693 1592 3761 David,
1659 3694 1765 3748 hoc
1823 3700 1926 3753 est,
1957 3705 2114 3742 manu
2139 3689 2288 3757 forti,
2327 3689 2398 3743 ita
2431 3689 2576 3744 enim
2609 3688 2996 3760 interpretatur
3034 3687 3226 3754 Πενίαν
3259 3705 3398 3760 qua-

114 3783 198 3835 lis
226 3791 313 3838 est
340 3781 512 3839 Filius
547 3783 662 3840 Dei.

204 3875 258 3928 1.
296 3876 534 3947 Εὑμενές
567 3897 658 3948 μοι
707 3881 930 3952 ποίησον
961 3885 1022 3938 τὸ
1052 3882 1146 3950 οὖς
1194 3906 1310 3951 σου,
1356 3891 1449 3942 καὶ
1474 3889 1706 3943 ὲπὰκου-
1735 3892 1776 3950 C

1889 3884 1932 3935 Ι.
1968 3881 2264 3951 Benignam
2318 3878 2450 3932 mibi
2501 3879 2586 3934 fac
2639 3893 2826 3933 aurem
2879 3887 3048 3943 tuam,
3083 3887 3136 3933 et
3191 3878 3389 3933 exaudi

115 3987 225 4023 σον
256 3970 357 4038 τῆς
390 3973 696 4042 προσευχῆς
724 3991 824 4044 μου
866 3975 963 4046 (2).

745 3991 824 4027 ιου
866 3975 963 4046 (2).
1818 3976 2124 4030 orationem
2153 3986 2347 4025 meam.

199 4055 257 4109 ε.
298 4056 375 4126 Τῇ
408 4058 624 4129 καρδία.

572 4077 624 4129 α.
1885 4067 1938 4119 2.
1973 4065 2167 4120 Corde.

203 4149 257 4202 5.
306 4149 619 4215 Ἀσφάλισαι
646 4153 742 4224 τὴν
777 4154 953 4229 ψυχήν
979 4177 1100 4230 μου,
1128 4163 1209 4215 ὅτι
1236 4180 1293 4214 σε
1317 4162 1426 4230 ἐγὼ
1463 4162 1706 4231 σέὗομαι.

1888 4156 1941 4210 5.
1975 4155 2122 4208 Μιιηί
2152 4153 2389 4207 animam
2423 4167 2623 4216 meam,
2663 4150 2922 4220 quoniam
2953 4167 3054 4220 ego
3092 4160 3142 4204 te
3175 4166 3313 4208 colo.

203 4238 257 4292 4.
299 4239 478 4293 Σῶσόν
512 4259 579 4311 με
618 4242 708 4294 τὸν
739 4244 924 4301 δοῦλόν
959 4265 1074 4318 σου,
1113 4254 1142 4303 ὁ
1169 4253 1302 4315 Θεὸς
1327 4293 1340 4315 ,
1371 4253 1450 4304 ὅτι
1487 4253 1706 4316 ἐλπίζω,

1885 4249 1935 4302 4.
1975 4248 2133 4302 Salva
2179 4262 2266 4301 me
2308 4262 2526 4300 servum
2569 4257 2743 4311 tuum,
2773 4243 2937 4310 Deus,
2971 4243 3229 4312 quoniam
3264 4258 3390 4314 spe-

113 4332 212 4384 ὅτι
239 4331 432 4396 σώζεις
467 4351 554 4404 με.

1815 4361 1876 4398 ro
1924 4340 2071 4412 quod
2107 4355 2195 4394 me
2228 4341 2487 4395 salvabis.

201 4425 253 4478 5.
302 4425 683 4495 Ἀδιαλείπτως
715 4434 1090 4506 προσεύχομαι
1137 4436 1194 4488 ὲν
1245 4437 1438 4507 καρδίᾳ
1475 4455 1708 4506 πεφωτι-

1405 4456 1438 4507 α
1475 4455 1708 4506 πεφωτι-
1883 4437 1934 4489 5.
1967 4432 2342 4489 lndesinenter
2368 4449 2465 4487 oro
2487 4433 2648 4489 corde
2681 4433 3005 4488 illuminalo.

119 4519 332 4589 σμένῃ.

202 4607 253 4660 6.
285 4609 383 4661 Διά
418 4610 518 4680 τῆς
540 4613 759 4683 χάριτός
789 4632 902 4670 σου.

1882 4617 1932 4669 6.
1966 4614 2068 4669 Per
2103 4614 2330 4687 gratiam
2363 4623 2531 4669 tuam.

202 4697 254 4749 7.
291 4699 380 4769 Τῷ
419 4700 682 4773 Θελήματι
717 4706 792 4776 (5)
822 4707 989 4778 αὐτὴν
1022 4709 1312 4780 ἀνεθέμην.

1284 4730 1312 4766 ρ.
1883 4707 1932 4759 7.
1970 4707 2027 4760 In
2062 4708 2342 4761 voluntate
2377 4716 2467 4760 tua
2501 4721 2620 4760 eam
2651 4719 2886 4773 reposui.

205 4790 258 4844 8.
309 4791 534 4860 Ἀγαθὸς
559 4796 653 4848 καὶ
673 4799 871 4866 πραΰς.

845 4817 871 4859 ;.
1879 4797 1929 4850 8.
1964 4797 2168 4863 Bonus,
2199 4808 2252 4852 et
2281 4798 2447 4852 mitis.

201 4880 257 4934 9.
288 4881 395 4935 Καὶ
419 4886 723 4959 ἀμέτρητος
766 4890 829 4942 σὺ
867 4892 925 4942 ἐν
961 4891 1039 4962 τῷ
1066 4892 1234 4945 ἐλεεῖν
1267 4895 1389 4959 τοὺς
1430 4896 1700 4964 καταφεύ-

1876 4893 1928 4941 ιι.
1965 4889 2029 4946 Ει
2053 4892 2320 4946 immensa
2352 4900 2439 4946 est
2461 4890 2833 4946 misericordia
2870 4898 2960 4944 tua
2988 4903 3120 4959 erga
3142 4904 3258 4954 eos,
3282 4886 3375 4958 qui

115 4989 327 5042 γοντας
355 4974 448 5025 ἐπὶ
477 4977 556 5029 σέ.

1808 4982 2132 5054 confugiunt
2165 4984 2234 5038 ad
2265 4994 2333 5039 te.

205 5069 290 5124 10.
326 5071 492 5126 Ἀκου
500 5089 608 5127 σον.

551 5091 608 5127 ιν.
1880 5076 1964 5130 10.
1993 5077 2153 5132 Audi.

207 5159 293 5214 Η.
324 5160 426 5216 Καὶ
465 5163 624 5235 ἔργον
652 5168 973 5224 ἁποτέλεσον
997 5173 1094 5244 τὴν
1118 5178 1421 5246 προσευχήν
1467 5194 1567 5246 μου
1601 5178 1694 5246 (4).

1343 5178 1421 5246 [ἠν
1467 5194 1567 5246 μου
1601 5178 1694 5246 (4).
1882 5168 1963 5222 ll.
1996 5170 2060 5224 Et
2088 5185 2226 5240 opus
2255 5171 2403 5226 ellice
2427 5171 2726 5226 oralionem
2752 5185 2945 5224 meam.

199 5251 285 5305 12.
332 5254 418 5306 Ἐν
448 5256 526 5327 τῷ
555 5258 727 5330 καιρῷ
747 5261 839 5314 τοῦ
861 5263 1154 5316 ἀπολέσθαι
1181 5282 1246 5334 με
1282 5266 1385 5318 ὑπὸ
1403 5267 1498 5335 τῆς
1514 5269 1692 5338 ἀμαρ-
1733 5247 1774 5300 D

1767 5258 1774 5290 θ
1877 5260 1961 5314 12.
1997 5260 2052 5315 In
2083 5273 2346 5331 tempore,
2389 5279 2499 5332 quo
2541 5263 2675 5332 perii
2719 5278 2746 5316 a
2797 5269 3017 5331 peccato
3049 5259 3369 5329 deprecatus

117 5343 245 5410 τίας
271 5344 495 5420 ἐδεήθην
521 5367 635 5418 σου,
669 5353 854 5424 ἐπειδὴ
885 5357 977 5409 καὶ⁴
1006 5356 1192 5410 ἄλλοτε
1227 5359 1532 5429 ὲπήκουσάς
1568 5377 1690 5429 μου.

1401 5359 1532 5423 usi;
1568 5377 1690 5429 μου.
1803 5375 1923 5414 sum
1958 5371 2029 5426 te,
2061 5360 2317 5429 quoniam
2355 5369 2410 5414 et
2431 5360 2565 5416 alias
2597 5376 2680 5414 mc
2716 5356 3003 5414 cxaudisti.

1087 5543 1393 5605 Addenda
1421 5551 1481 5604 et
1510 5545 1882 5623 corrigenda
1934 5564 2010 5607 ex
2043 5547 2182 5610 cod.
2223 5547 2426 5608 Valic.

196 5697 272 5766 (l)
315 5697 494 5781 ﬂeta
522 5701 622 5772 τῆς
658 5705 1021 5777 κινναϐάρεως
1057 5724 1203 5778 περ.,
1229 5715 1333 5762 etc.
1372 5707 1533 5762 Aa6‘:6
1577 5711 1699 5763 ἱκα-
1879 5711 1953 5778 (5)
1980 5709 2254 5781 Θελήματί
2293 5728 2401 5763 σου.

121 5773 763 5859 ν’ὸξμειρὶ,ἢὸπερ,ἐιε.
798 5849 818 5859 _
886 5773 948 5859 ⁷.
1130 5773 1139 5778 ’
1241 5851 1250 5859 ⁵

937 5850 948 5859 .
1130 5773 1139 5778 ⁷
1241 5851 1250 5859 ι
1879 5773 1953 5852 (4)
1984 5782 2059 5857 Τῇ
2096 5773 2366 5859 ἔροσενχῇ
2404 5800 2520 5856 μου.

254 5843 268 5906 )
311 5843 649 5911 Ἐπιθυμητή
677 5861 769 5900 σου
797 5849 904 5917 ﬁrm
929 5850 959 5919 ἡ
992 5851 1259 5921 προσευχὴ
1294 5866 1412 5903 uou.
