4056 6318
664 380 802 434 1015
1523 371 1583 426 S.
1623 367 1996 424 ATHANASII
2037 367 2187 422 01³1).
2229 362 2410 418 PARS
2451 362 2535 416 111.
2578 392 2647 402 -
2682 360 3092 416 EXEGETICA.
3837 349 3964 406 1016

736 502 820 554 15.
862 498 978 553 Non
1004 507 1086 552 est
1116 497 1312 553 similis
1339 496 1418 550 tui
1445 497 1497 549 in
1527 495 1654 558 diis,
1682 495 1913 549 Domine
1948 513 1959 546 :
2271 495 2318 553 Α

2271 495 2318 553 Α
2417 489 2504 542 15.
2534 488 2645 539 0'37.
2677 488 2822 538 ἐστιν
2850 486 3033 555 ὅμοιός
3071 501 3150 536 σοι
3178 484 3233 534 ἐν
3271 482 3428 544 θεοῖς,
3457 480 3652 534 Κύοιε
3681 493 3701 507 ⁶

731 593 815 646 14.
845 590 912 644 Et
945 606 1055 644 non
1078 599 1161 645 est
1188 589 1488 644 secundum
1520 602 1686 657 Opera
1719 597 1831 641 tua.

2422 581 2506 635 H.
2543 581 2651 632 Καὶ
2676 581 2776 632 οὐκ
2797 578 2910 630 ἔστι
2942 575 3084 628 κατὰ
3105 575 3174 628 τὰ
3203 574 3336 645 ἔργα
3375 591 3488 626 σου.

734 686 818 739 15.
856 683 1058 739 Omnes
1100 691 1310 753 gentes,
1357 697 1714 750 quascunque
1759 677 1957 741 iecisti,
2002 676 2240 741 venient,

2114 676 2240 741 ient,
2415 674 2503 729 15.
2536 673 2719 726 Πάντα
2751 673 2819 725 τὰ
2849 671 2996 740 ἔθνη,
3031 672 3130 722 ὅσα
3160 669 3439 739 ἐποίησας,
3470 666 3716 736 ἥξουσι,

736 779 821 834 16.
857 778 921 832 Et
949 778 1256 832 adorabunt
1284 791 1470 831 coram
1499 785 1572 839 te,
1607 773 1854 830 Domine.

2420 767 2509 820 16.
2547 766 2656 819 Kal.
2679 764 3152 837 προσκυνήσουσιν
3183 760 3409 815 ἐνώπιόν
3433 777 3551 822 σου,
3589 755 3829 826 Κύριε,

737 873 822 926 17.
858 871 924 925 Ει
947 871 1329 942 glorilicabunt
1360 883 1559 922 nomen
1587 877 1758 920 tuum.

2422 858 2510 911 17.
2549 857 2658 912 Καὶ
2689 855 2972 921 δοξάσουσι
3000 854 3062 908 τὸ
3093 855 3262 925 ὄνομά
3287 872 3399 907 σου.

739 965 822 1018 18.
861 941 1130 1030 Quoniam
1174 977 1406 1033 magnus
1444 975 1503 1016 es
1557 969 1637 1024 tu,
1689 970 1741 1014 et
1780 956 1985 1012 faciens
2023 953 2246 1009 mirabi-

2418 950 2504 1004 18.
2538 949 2615 1021 (a)
2646 950 2768 1002 Ὀτι
2793 948 2964 1019 μέγας
2986 941 3036 999 εἴ
3064 949 3147 1013 σὺ,
3179 947 3272 1000 καὶ
3302 946 3470 999 ποιῶν
3505 944 3606 996 Θαυ
3622 942 3833 995 acina
3852 957 3865 969 '

665 1059 734 1114 lia
775 1078 789 1114 :

737 1155 824 1208 19.
856 1153 934 1207 Τυ
959 1169 1018 1208 es
1048 1153 1191 1208 Deus
1216 1152 1389 1206 solus.

2419 1130 2504 1184 19.
2543 1129 2614 1181 Σὺ
2647 1123 2694 1181 εἷ
2725 1126 2857 1190 Θεὸς
2888 1125 2951 1198 [6
2979 1123 3147 1196 Θεὸς]
3196 1124 3371 1194 μόνος.

732 1246 823 1300 20.
854 1245 1038 1300 Deduc
1074 1261 1180 1311 me,
1216 1245 1467 1306 Domine,
1502 1246 1558 1296 in
1591 1242 1676 1296 via
1701 1250 1831 1296 tua:

2416 1222 2506 1275 20.
2551 1219 2844 1292 Ὀδήγησόν
2882 1237 2971 1291 με,
3006 1218 3201 1289 Κύριε,
3234 1218 3290 1268 ὲν
3312 1220 3378 1286 τῇ
3401 1216 3504 1286 ὀδῷ
3540 1232 3634 1266 σου
3660 1232 3677 1243 ·

733 1339 819 1392 21.
857 1338 923 1392 Et
949 1338 1224 1408 ingrediar
1247 1336 1299 1391 in
1330 1345 1556 1391 veritate
1582 1345 1691 1388 tua.

2418 1315 2508 1368 21.
2539 1315 2648 1367 Καὶ
2685 1313 3024 1384 πορεύσομαι
3051 1312 3108 1363 ὲν
3144 1314 3211 1381 τῇ
3247 1309 3473 1380 ἀληθείᾳ
3505 1326 3622 1360 σου.

734 1432 824 1485 22.
860 1431 1098 1487 Lectetur
1121 1448 1219 1486 cor
1249 1446 1458 1498 meum,
1486 1441 1544 1484 ut
1567 1431 1755 1484 timeat
1779 1441 1975 1481 nomen
2015 1434 2188 1480 tuum.

2418 1407 2507 1460 22.
2547 1406 2917 1477 Εὑφρανθήτω
2944 1407 2977 1474 ὴ
3006 1403 3200 1475 καρδία
3239 1419 3338 1472 μου
3368 1442 3381 1465 ,
3417 1399 3511 1453 τοῦ
3552 1398 3883 1468 φοὸεἰσθαι
3914 1396 3966 1447 τὲ

2351 1503 2438 1554 δνο
2445 1502 2524 1572 μά
2555 1517 2671 1554 σου.

736 1610 826 1667 25.
857 1610 1165 1666 Conﬁtebor
1195 1613 1313 1679 tibi,
1345 1611 1570 1666 Domine
1615 1609 1761 1664 Deus
1807 1622 1983 1672 meus,
2030 1606 2084 1660 in
2136 1613 2250 1659 toto

2421 1591 2510 1646 25.
2550 1588 3044 1661 Ἐξομολογήσομαί
3083 1603 3186 1650 σοι,
3223 1586 3394 1656 Κύριε
3442 1586 3468 1636 6
3518 1584 3658 1646 Θεὸς
3731 1600 3872 1652 μου,
3915 1581 3966 1633 ἐν

666 1704 828 1759 corde
862 1720 984 1759 meo
1018 1723 1031 1757 :

2351 1685 2447 1758 ὅλῃ
2471 1684 2667 1754 καρδίᾳ
2704 1700 2802 1754 μου
2824 1698 2835 1710 ·

730 1798 819 1851 24.
852 1797 917 1851 Et
939 1798 1254 1868 gloriﬁcabo
1286 1813 1482 1852 nomen
1520 1809 1674 1854 tuum
1706 1799 1760 1852 in
1783 1806 2068 1851 aeternum.
2276 1859 2316 1868 ﬁ

2422 1779 2511 1832 21.
2541 1778 2649 1831 Καὶ
2674 1775 2883 1842 δοξάσω
2914 1775 2973 1827 τὸ
2996 1773 3170 1843 ὄνομά
3193 1789 3286 1825 σου
3315 1774 3393 1835 εἰς
3414 1771 3502 1823 τὸν
3523 1768 3739 1822 αἰῶνα..

734 1888 822 1942 25.
858 1888 998 1954 Quia
1027 1888 1405 1943 misericordia
1437 1897 1527 1942 tua
1563 1904 1760 1958 magna
1800 1897 1882 1940 est
1917 1900 2077 1953 super
2114 1898 2199 1936 me
2228 1899 2242 1936 :
2276 1859 2323 1914 Β

1917 1900 2077 1953 super
2114 1898 2199 1936 me
2228 1899 2242 1936 ;
2276 1859 2323 1914 Β
2421 1870 2510 1923 25.
2545 1869 2750 1921 Ὅτιτὸ
2775 1866 2922 1930 ἔλεός
2953 1883 3044 1918 σου
3081 1865 3222 1936 μέγα
3257 1866 3343 1916 ἐπ’
3375 1861 3503 1932 ἐμέ·

734 1981 822 2035 26.
850 1981 917 2040 Ει
939 1982 1128 2037 eruisti
1154 1982 1396 2035 animam
1435 1995 1612 2034 meam
1640 1996 1706 2034 ex
1734 1978 1949 2034 inferno
1979 1975 2249 2031 inferiori.

2421 1961 2511 2015 26.
2543 1960 2652 2013 Καὶ
2673 1957 2892 2032 ὲρῤύσω
2912 1958 3009 2028 τὴν
3030 1956 3208 2027 ψυχήν
3233 1972 3336 2024 μου
3361 1952 3421 2017 ἐξ
3437 1951 3564 2023 ᾇδου
3593 1950 3962 2004 κατωτάτω.

728 2077 816 2130 27.
844 2075 1006 2140 Deus,
1046 2076 1218 2144 iniqui
1250 2077 1669 2129 insurrexerunt
1693 2090 1855 2142 super
1885 2089 1968 2126 me
2000 2091 2012 2126 :

2426 2060 2519 2113 27.
2563 2059 2620 2111 '0
2649 2057 2803 2121 Θεὸς,
2841 2059 3149 2127 παράνομοι
3180 2054 3557 2122 ἐπανέστησαν
3597 2048 3692 2100 ἐπ’
3735 2046 3850 2114 ὲμέ
3876 2063 3888 2075 ·

733 2165 824 2221 28.
853 2165 919 2219 Et
957 2181 1230 2237 synagoga
1276 2167 1577 2234 potentium
1622 2136 1960 2235 quaesierunt
2010 2162 2253 2216 animam

2426 2151 2516 2204 28.
2551 2151 2660 2203 Καὶ
2708 2147 2997 2219 συναγωγὴ
3027 2145 3303 2220 κραταιῶν
3331 2144 3608 2215 ἐζήτησαν
3633 2139 3750 2209 τὴν
3780 2136 3963 2204 ψυχήν

667 2272 839 2310 meam
874 2276 885 2310 Σ

2360 2260 2496 2315 μου,

733 2348 821 2403 29.
851 2347 916 2402 Et
945 2364 1050 2403 non
1075 2357 1477 2416 proposuerunt
1502 2346 1626 2399 tein
1658 2353 1951 2412 conspectu
1981 2359 2101 2397 suo.

2037 2359 2101 2397 .Io.
2425 2336 2518 2391 29.
2552 2337 2662 2390 Καὶ
2683 2337 2742 2388 οὐ
2773 2333 3064 2406 προέθεντο
3096 2350 3154 2386 σε
3187 2330 3414 2386 ἐνώπιον
3439 2329 3639 2382 αὐτῶν.

735 2440 822 2494 50.
853 2440 918 2494 Et
944 2451 1022 2505 tu,
1049 2415 1277 2494 Domine
1305 2439 1448 2494 Deus
1472 2455 1643 2502 incus,
1666 2439 1974 2503 miserator,
2002 2447 2054 2492 et
2081 2437 2243 2494 mise-

2420 2429 2507 2484 50.
2542 2430 2651 2483 Καὶ
2680 2430 2763 2494 σὺ,
2790 2430 2960 2481 Κὺοιε
2982 2430 3010 2480 6
3035 2427 3167 2490 Θεός
3190 2442 3314 2497 μου,
3332 2422 3634 2493 οἱκτίρμι-λν
3663 2417 3778 2473 καὶ
3810 2415 3953 2484 ἐλεή-

668 2550 686 2587 1
699 2539 862 2596 icors,

2358 2539 2477 2581 μων
2492 2557 2509 2576 ι

734 2673 808 2744 (α)
835 2669 988 2727 Vers.
1015 2669 1103 2738 18,
1131 2667 1218 2734 19,
1238 2667 1341 2724 sub
1370 2667 1531 2724 unico
1557 2680 1694 2720 vers.

1793 2843 2165 2902 ATHANASH
2221 2838 2781 2899 [NTERPRETATIO

741 3042 826 3096 15.
858 3039 1154 3108 Benignus.
2273 3037 2317 3095 C

2273 3037 2317 3095 C
2424 3030 2511 3083 15.
2535 3027 2729 3080 Φιλάνο
2741 3042 2939 3095 ρωπος.

742 3135 828 3188 11.
857 3133 933 3187 Ita
961 3133 1220 3198 liberans,
1257 3139 1311 3186 et
1345 3131 1581 3185 salvans.

2422 3119 2504 3172 H.
2535 3117 2720 3179 Οὕτως
2748 3115 3134 3185 λυτρούμενος,
3169 3112 3262 3166 καὶ
3295 3111 3499 3178 σώζων.

735 3228 823 3282 15.
859 3227 940 3280 Ad
974 3227 1312 3281 tremendum
1348 3234 1500 3279 tuum
1533 3223 1819 3292 baptisma.

2427 3211 2509 3265 15.
2543 3211 2635 3273 Εἰς
2664 3210 2723 3261 τὸ
2753 3207 3032 3278 βάπτισμά
3065 3222 3158 3258 σου
3188 3205 3265 3276 (1)
3294 3205 3353 3256 τὸ
3385 3203 3637 3274 φοϐερόν.

743 3320 830 3375 16.
868 3320 1071 3375 Flectet
1101 3334 1263 3375 omne
1289 3332 1451 3388 genu.

2424 3303 2507 3357 16.
2539 3303 2761 3371 Κάμψει
2790 3303 2897 3352 πᾶν
2921 3300 3068 3367 γόνυ.

739 3416 824 3469 17.
863 3415 930 3468 Et
960 3415 1142 3469 omnis
1169 3415 1355 3482 lingua
1384 3409 1738 3466 confitebitur
1763 3408 1882 3474 tibi,
1902 3406 2038 3472 Quia
2068 3407 2247 3460 Domi-

2425 3397 2511 3449 17.
2553 3397 2662 3448 Καὶ
2699 3396 2849 3446 πᾶσα
2883 3391 3100 3460 γλῶσσα
3127 3388 3529 3460 ὲξομολογεῖταί
3580 3404 3668 3439 σοι
3698 3389 3812 3455 (2),
3865 3388 3950 3438 ὁτι

670 3527 767 3566 nus
796 3509 950 3563 Jesus
982 3510 1034 3560 in
1058 3508 1227 3578 gloria
1258 3506 1355 3559 Dei
1388 3504 1569 3557 Patris
1598 3503 1639 3557 ⁸.
1667 3503 1861 3556 Amen.

2350 3490 2564 3562 Κύριος
2587 3487 2817 3555 Ἰησοῦς
2843 3489 2929 3550 εὶς
2955 3484 3143 3548 δόξαν
3165 3481 3312 3536 Θεοῦ
3342 3483 3594 3547 Πατρός.
3626 3479 3843 3549 ’Λμήν.

744 3605 828 3670 18,
862 3605 946 3659 19.
978 3572 1382 3657 lnenarrabilis.

2425 3581 2510 3644 18,
2546 3581 2630 3635 19.
2665 3578 3074 3649 Ἀνεκδιήγησις
3109 3573 3564 3646 [ἀνεκδιήγητος]
3597 3572 3701 3640 (5).

741 3697 830 3764 20,
863 3697 952 3752 21.
1000 3697 1114 3751 Duc
1165 3712 1273 3760 me,
1324 3694 1572 3762 Domine,
1604 3695 1656 3748 in
1704 3693 1808 3748 fide
1853 3704 1944 3747 tua
1989 3690 2041 3744 in
2087 3704 2247 3745 omne

2418 3675 2508 3735 20,
2539 3673 2628 3725 21.
2660 3672 2737 3741 (4)
2767 3670 2978 3738 Ἀγαγέ
3017 3685 3106 3737 με,
3153 3667 3345 3738 Κύριε,
3394 3668 3449 3717 ἐν
3491 3669 3556 3734 τῇ
3616 3665 3818 3717 πίστει
3859 3681 3947 3716 σου

673 3805 810 3859 opus
844 3789 1069 3841 bonum.

2352 3765 2431 3826 εἰς
2461 3766 2565 3816 πᾶν
2596 3763 2757 3834 ἔργον
2783 3761 3002 3830 ἀγαθόν.

740 3880 831 3935 22.
860 3880 1043 3935 Gratia
1063 3877 1239 3933 sancti
1259 3875 1494 3947 Spiritus
1515 3876 1591 3930 tui
1616 3874 1902 3945 impleatur
1919 3889 2014 3929 cor
2045 3888 2247 3937 meum,

2420 3855 2510 3909 22.
2539 3855 2650 3926 Τῆς
2671 3856 2890 3926 χάριτος
2919 3853 3013 3906 τοῦ
3047 3853 3207 3921 ἁγίου
3247 3849 3386 3903 Πνεύ
3398 3848 3558 3920 ματος
3590 3865 3688 3900 σου
3719 3849 3950 3918 πληρω-

675 3984 731 4029 ut
763 3975 982 4027 timeam
1014 3986 1210 4025 nomen
1250 3978 1426 4023 tuum.

2353 3951 2500 4020 Οήτω
2527 3952 2559 4018 ἡ
2593 3948 2787 4018 καρδία
2813 3965 2932 4016 μου,
2963 3947 3050 3998 ἵνα
3079 3945 3332 4015 φοὸὦμαι
3365 3944 3445 4012 (ὃ)
3478 3942 3536 3994 τὸ
3559 3943 3743 4012 ὄνομά
3775 3961 3893 3996 σου.

744 4066 830 4120 25.
862 4063 1343 4120 lnterminabiliter
1373 4062 1606 4117 laudabo
1647 4071 1718 4117 te.

2421 4041 2511 4094 25.
2539 4040 2662 4092 Ἀνυ
2672 4040 2776 4110 μνή
2786 4056 2860 4091 σω
2892 4055 2950 4091 σε
2967 4038 3422 4108 ,ἀμετεωρίστωᾳ

744 4161 830 4215 24.
859 4158 913 4212 In
939 4159 1087 4213 omni
1119 4167 1379 4226 tempore.

1273 4171 1379 4211 ore.
2425 4133 2514 4185 21.
2555 4132 2875 4194 Διαπαντός.

746 4254 833 4309 25.
871 4253 1141 4320 Quoniam
1169 4253 1486 4309 condonasti
1528 4251 1663 4307 mihi
1692 4251 2093 4306 multitudinem
2129 4267 2250 4318 pec-

2426 4228 2516 4281 25.
2553 4228 2676 4279 Ὅτι
2714 4225 2916 4296 πλῆθος
2950 4224 3232 4297 ἁμαρτιῶν
3273 4241 3372 4293 μου
3408 4221 3806 4292 συνεχώρησας
3850 4220 3940 4289 (6).

673 4360 917 4403 calorum
970 4361 1235 4401 meorum.
2289 4389 2330 4441 ῃ

743 4442 830 4493 26.
858 4440 898 4492 E
931 4438 1168 4492 diabolo.
2289 4438 2304 4441 '

2289 4438 2304 4441 ν
2428 4442 2515 4494 26.
2551 4441 2654 4494 Τοῦ
2685 4440 2947 4496 διαϐόλου.

751 4535 841 4586 27.
879 4530 1220 4586 Adversariae
1260 4532 1577 4597 potestates.

1565 4563 1577 4576 -
2422 4536 2512 4588 27.
2549 4537 2614 4586 Λὶ
2639 4536 2880 4587 ἐναντίαι
2903 4534 3159 4604 δυνάμεις

745 4630 835 4682 28.
867 4626 1152 4680 Exercitus
1183 4622 1409 4676 diaboli.

2427 4627 2515 4680 28.
2560 4627 2622 4678 ’11
2653 4627 2729 4695 (7)
2762 4626 2991 4698 στρατιά
3013 4627 3104 4679 τοῦ
3130 4626 3397 4680 διαόὁλου.

744 4723 833 4776 29.
867 4721 932 4774 Et
963 4736 1070 4775 non
1111 4719 1508 4790 cogitaverunt,
1542 4720 1688 4790 quod
1718 4720 1792 4789 tul
1819 4719 1932 4790 ipse
1985 4721 2255 4791 inspectas

2427 4717 2517 4770 29.
2553 4719 2660 4769 Καὶ
2692 4719 2791 4770 οὐκ
2841 4717 3174 4785 ὲλογίσαντο,
3229 4718 3310 4770 ὅτι
3361 4719 3560 4787 ἐφορᾷς
3623 4716 3794 4778 αὐτὸς
3844 4717 3935 4783 (8’·,

675 4830 795 4884 quae
820 4814 919 4882 ipsi
950 4812 1174 4868 faciunt.

1099 4825 1174 4868 nt.
2362 4809 2394 4862 ἃ.
2437 4809 2695 4862 ποιοῦσιν.

744 4905 830 4960 50.
870 4903 936 4959 Et
967 4905 1115 4968 novi,
1147 4905 1375 4963 Domine
1407 4906 1550 4962 Deus
1578 4924 1754 4975 meus,
1787 4905 2050 4976 quoniam
2091 4905 2253 4959 mise-

2433 4903 2520 4957 ‘60.
2550 4903 2661 4955 Καὶ
2684 4899 2822 4967 οἶδα,
2852 4902 3024 4974 Κύριε
3059 4905 3090 4958 6
3118 4903 3251 4968 Θεός
3283 4921 3406 4976 μου,
3438 4906 3519 4957 ὅτι
3550 4905 3854 4974 οἰκτιρμων
3892 4902 3937 4954 εἰ

676 5011 823 5054 ratur
847 5007 898 5054 et
925 4998 1236 5054 misericors
1262 5016 1341 5054 es.

1124 5015 1236 5054 cors
1262 5016 1341 5054 es.
2365 4996 2453 5048 καὶ
2481 4996 2726 5066 ἐλεήμων

747 5187 768 5219 ⁸
802 5186 1034 5257 Philipp.
1062 5202 1121 5253 ιι,
1167 5185 1253 5250 10,
1297 5184 1383 5242 11.

1629 5357 1939 5424 Addenda
1971 5366 2032 5420 et
2068 5362 2440 5440 corrigenda
2485 5380 2561 5423 ex
2596 5362 2736 5423 cod.
2776 5362 2974 5424 \‘atic.

748 5551 824 5615 (l)
849 5550 1009 5620 Βῆμά
1037 5568 1146 5603 σου.
2431 5550 2485 5620 (5

747 5621 822 5685 (2)
852 5623 941 5674 Σοι
964 5622 1135 5675 deest.
2430 5621 2481 5685 (6

748 5692 821 5760 (3)
853 5692 1266 5762 ἶᾼνεκδιήγητα.
1822 5760 1858 5762 μ
2434 5695 2484 5762 (7

748 5762 821 5834 (gi)
857 5761 918 5815 N.
951 5763 1039 5816 29.
1081 5760 1308 5828 ”Αγαγέ,
1329 5776 1455 5831 etc.,
1487 5763 1659 5817 πίστει
1687 5779 1798 5816 σου.
1820 5760 1884 5817 Ν.
1907 5764 1995 5817 21.
2020 5762 2126 5816 Καὶ
2155 5778 2248 5813 πο-

679 5833 939 5907 ρεύσομαι
963 5836 1037 5896 εἰς
1061 5835 1187 5899 πᾶν,
1211 5844 1312 5892 etc.

2488 5553 2505 5621 )
2537 5554 2672 5618 Μου,
2703 5553 2788 5606 ἵνα
2822 5552 3111 5623 φοϐοῦμαι.

2488 5625 2503 5692 )
2534 5623 2947 5695 Συνεχώρησαν,
2974 5625 3131 5678 male.

2494 5698 2509 5764 )
2543 5695 2608 5768 Ἠ
2629 5711 2734 5768 non
2768 5696 2976 5768 legitur.

2453 5768 2505 5835 8)
2542 5765 2761 5830 Αὐτους.
