4098 6318
662 367 801 425 1019
1440 361 1496 418 S.
1537 363 1906 418 ATHANASII
1946 362 2098 419 OPP.
2142 363 2277 417 PAR

2318 388 2323 411 ι
2366 361 2455 419 lll.
2482 391 2553 404 —
2592 360 3002 418 EXEGETICA.
3800 351 3936 406 £020

728 481 779 538 6.
812 480 983 536 Mater
1011 482 1164 545 Sion,
1192 481 1334 537 dicet
1361 482 1525 535 homo
1559 501 1574 536 :
2249 486 2292 539 Λ

2249 486 2292 539 Λ
2391 482 2443 534 6.
2476 480 2673 549 Μήτηρ
2700 477 2858 541 Σιὼν,
2889 478 3003 547 ἐρεῖ
3026 475 3335 545 ἄνθρωπος·

728 576 778 632 7.
809 575 876 631 Et
904 576 1070 630 homo
1098 585 1260 629 natus
1288 584 1373 630 est
1400 576 1454 629 in
1486 592 1548 629 ea

2413 572 2463 625 7.
2499 571 2602 625 Kal.
2636 570 2920 641 ἄνθρωπος
2951 567 3185 638 ἐγενήθη
3212 568 3268 618 ἐν
3292 565 3459 634 αὐτῇ·

725 669 776 723 8.
812 667 881 723 Et
913 669 1028 738 ipse
1054 665 1443 722 fuudaviteam
1473 667 1809 723 Altissimus.

2409 664 2461 718 8.
2498 664 2608 716 Καὶ
2642 661 2803 724 αὐτὸς
2828 660 3189 731 ἐθεμελίωσεν
3224 657 3391 728 αὐτὴν
3425 658 3452 709 6
3478 655 3787 725 ’Υψισ-τος.

724 761 779 817 9.
809 759 1073 815 Dominus
1105 760 1347 814 narrabit
1376 760 1431 813 in
1466 760 1751 829 scripturis
1784 760 2134 830 pepulerunt,
2177 767 2231 812 et

2405 757 2457 811 9.
2494 754 2696 827 Κύριος
2725 754 3045 825 διηγήσεται
3072 754 3128 805 ἐν
3154 755 3338 823 γραφῇ
3378 750 3543 815 λαῶν,
3582 750 3682 803 καὶ
3725 748 3940 819 ἀρχόν-

656 853 960 924 principum
988 853 1205 918 horum,
1236 854 1329 922 qui
1356 852 1573 907 luerunt
1606 854 1659 906 in
1688 868 1773 906 ea.

2334 866 2442 902 των
2474 848 2701 912 τούτων,
2734 846 2841 900 τῶν
2869 845 3255 917 γεγενημένων
3285 845 3343 897 ὲν
3368 843 3527 914 αὐτῇ.

727 943 813 999 10.
848 944 1005 999 Sicut
1034 945 1335 999 laetantium
1367 945 1612 999 omnium
1654 944 1917 998 habitatio
1946 951 2029 997 est
2064 942 2117 995 in
2154 950 2224 995 te.

2407 945 2499 1001 10.
2545 946 2632 1009 Ὠς
2663 944 3105 1016 εὐφραινομένων
3139 942 3353 996 παντων
3379 942 3413 1011 ἡ
3442 938 3695 993 κατοικία
3725 939 3795 989 ἐν
3832 935 3934 990 σοί.

654 1057 934 1113 Canticum
972 1056 1165 1126 psalmi
1191 1058 1319 1126 ﬁliis
1357 1058 1509 1121 Core,
1538 1060 1591 1111 in
1622 1059 1776 1127 ﬁnem
1816 1074 1910 1127 pro
1944 1056 2225 1119 Malieletli,

2346 1058 2484 1127 ᾯδὴ
2508 1056 2753 1127 ψαλμοῦ
2789 1056 2912 1123 τοῖς
2946 1054 3100 1121 υἱοῖς
3140 1053 3323 1121 Κορὲ,
3353 1055 3439 1118 είς
3465 1051 3529 1104 τὸ
3557 1050 3746 1116 τέλος
3781 1050 3938 1118 ὑπὲρ

724 1151 795 1205 ad
854 1151 1272 1221 respondendum
1329 1168 1616 1206 sermonem
1659 1154 1956 1205 intellectus
2004 1150 2224 1203 {Et/tam

2403 1150 2673 1213 Μαελὲο,
2740 1149 2846 1204 τοῦ
2910 1147 3307 1217 ἀποκριθῆναι
3357 1147 3541 1213 λόγον
3599 1144 3940 1207 συνέσεως

723 1240 1011 1298 Israelita.
1047 1241 1313 1298 PSALM.
1347 1242 1548 1297 LXXX
1571 1242 1697 1297 VII.

2403 1246 2589 1311 Αίθὰμ
2626 1242 2705 1309 τῷ
2751 1242 3111 1310 Ἰσραηλίτῃ.
3150 1242 3321 1293 ΨΑΛ.
3354 1241 3450 1293 ΠΖ
3461 1244 3494 1294 ’.

725 1336 779 1391 1.
809 1335 1041 1392 Domine
1073 1334 1218 1391 Deus
1243 1338 1436 1392 salutis
1469 1353 1624 1399 mere,

2406 1336 2458 1391 1.
2488 1335 2658 1408 Κύριε
2686 1337 2715 1388 6
2743 1335 2875 1399 Θεὸς
2906 1336 3007 1404 τῆς
3034 1332 3308 1404 σωτηρίας
3336 1348 3437 1400 μου
3458 1372 3472 1396 ,

722 1427 781 1482 2.
808 1425 904 1482 Die
935 1429 1171 1482 clamavi
1200 1436 1254 1483 et
1280 1438 1437 1484 nocte
1467 1445 1651 1485 coram
1686 1439 1759 1483 te.

2402 1428 2456 1481 2.
2506 1427 2746 1500 Ἡμέρας
2772 1427 3049 1498 ἐκέκραξα
3081 1426 3177 1479 καὶ
3205 1427 3261 1478 ἐν
3290 1423 3445 1478 νυκτὶ
3472 1424 3724 1477 ἐναντίον
3752 1438 3876 1475 σου.

723 1518 779 1573 3.
812 1518 984 1574 Intret
1018 1518 1075 1572 in
1103 1530 1400 1588 conspectu
1430 1530 1524 1575 tuo
1552 1520 1727 1574 oratio
1758 1533 1874 1573 mea
1902 1536 1916 1571 :

2406 1520 2460 1575 3.
2490 1518 2793 1573 Είσελθέτω
2822 1518 3051 1572 ἐνώπιόν
3074 1536 3165 1571 σου
3193 1519 3227 1589 ὴ
3254 1516 3523 1588 προσευχὴ
3560 1532 3666 1583 μου
3689 1528 3706 1543 ⁸

723 1610 779 1665 4.
812 1608 1018 1664 lnclina
1053 1625 1239 1664 aurem
1274 1621 1420 1665 tuam
1455 1611 1520 1664 ad
1549 1626 1764 1680 precem
1797 1624 1995 1663 meam.

1981 1648 1995 1661 .
2401 1610 2455 1663 4.
2487 1610 2683 1664 κλῖνον
2703 1610 2764 1662 τὸ
2785 1604 2878 1673 οὖς
2913 1625 3005 1661 σου
3042 1609 3120 1671 εἰς
3142 1608 3238 1678 τὴν
3262 1606 3443 1677 δέησίν
3475 1622 3594 1675 μου.

726 1702 779 1757 5.
805 1700 943 1767 Quia
970 1703 1171 1772 repleta
1196 1713 1281 1757 est
1308 1703 1468 1757 malis
1494 1704 1674 1757 anima
1706 1719 1823 1757 mea
1855 1721 1867 1755 :

2401 1700 2455 1755 5.
2492 1702 2613 1754 Ὅτι
2640 1700 2884 1772 ἐπλήσθη
2907 1699 3094 1753 κακῶν
3126 1700 3160 1769 ἠ
3187 1698 3333 1768 ψυχή
3371 1715 3471 1767 μου
3489 1713 3501 1727 ·

728 1792 780 1850 6.
812 1793 879 1849 Et
910 1795 1022 1849 vita
1051 1810 1172 1850 mea
1202 1794 1418 1850 inferno
1448 1796 1921 1868 appmpinquavit.
2250 1773 2299 1832 Β

1775 1796 1921 1850 tavit.
2250 1773 2299 1832 Β
2395 1791 2447 1846 6.
2473 1794 2581 1847 Καὶ
2604 1795 2637 1865 η
2663 1792 2775 1865 ζωή
2813 1810 2913 1865 μου
2946 1791 3023 1863 τῷ
3056 1791 3159 1865 ᾅδῃ
3201 1791 3393 1862 ῆγγισε

1788 1944 2161 2004 ATHANASII
2193 1947 2789 2008 INTERPRETATIO.

655 2092 911 2167 [populus
938 2092 1279 2163 ASthiopum]
1315 2093 1537 2147 humilis
1568 2092 1882 2163 denigratus
1920 2108 1951 2147 a
1982 2100 2224 2164 peccato,

2332 2095 2467 2162 οχὴ,
2496 2094 2591 2148 καὶ
2625 2092 2751 2154 λαδς
2786 2090 2943 2163 [λαὸς
2972 2088 3080 2143 τῶν
3104 2086 3405 2157 Αίθιόπων)
3428 2089 3456 2140 6
3488 2087 3747 2150 ταπεινὸς
3766 2090 3797 2141 ό
3823 2103 3930 2159 με·

654 2184 711 2238 hi
739 2200 930 2241 omnes
962 2185 1016 2238 in
1046 2185 1262 2239 lavacro
1296 2186 1537 2240 renovati
1568 2195 1715 2240 sunt.

2336 2187 2713 2257 μελανωμένος
2752 2185 2858 2237 ὑπὸ
2894 2186 2993 2255 τῆς
3027 2182 3320 2255 ἁμαρτίας,
3354 2176 3493 2235 οὗτοι
3524 2181 3728 2244 πάντες
3760 2184 3822 2235 ἐν
3858 2185 3928 2251 τῇ

2334 2277 2461 2330 κολυ
2470 2277 2614 2349 μϐἡθ
2626 2294 2693 2347 pqr
2716 2274 3112 2344 ἁνενεὼοησαν.

692 2359 744 2413 6.
808 2362 1030 2417 Matrem
1074 2373 1267 2419 vocant
1297 2364 1617 2429 Ecclesium,
1662 2363 1751 2417 ubi
1798 2362 2071 2419 confessio
2108 2364 2225 2420 sin-

2400 2370 2453 2422 6.
2484 2370 2714 2439 Μητέρα
2748 2366 2973 2420 καλοῦσι
3007 2365 3105 2437 τὴν
3141 2364 3492 2434 Ἐκκλησίαν,
3527 2365 3658 2418 ὅπου
3703 2365 3739 2434 η
3785 2366 3926 2434 ὀμο-

654 2455 904 2525 gulorum
926 2454 1187 2508 tidelium.

2332 2461 2488 2529 λογία
2508 2463 2740 2514 ἑκάστου
2772 2459 2881 2512 τῶν
2909 2457 3136 2511 πιστῶν.

724 2546 777 2613 7,
809 2546 859 2600 8.
886 2546 950 2600 Et
977 2547 1289 2603 Altissimus
1320 2547 1483 2603 homo
1516 2548 1733 2602 advenit
1765 2549 1815 2602 in
1850 2564 1992 2611 eam,
2029 2557 2082 2602 et
2109 2549 2225 2618 ipse

2403 2553 2457 2617 7,
2481 2552 2534 2605 8.
2573 2552 2649 2623 (1)
2680 2553 2789 2605 Καὶ
2826 2552 2855 2602 6
2906 2551 3167 2621 Ὕψιστος
3216 2548 3499 2620 ἄνθρωπος
3537 2547 3927 2617 παραγέγονεν

654 2636 899 2694 fundavit
926 2655 1069 2695 eam.

2329 2646 2386 2698 ἐν
2419 2644 2580 2715 αὐτῇ,
2615 2644 2709 2696 κα)⁸
2741 2644 2901 2706 αύτὸς
2926 2643 3287 2713 ἐθεμελίωσεν
3310 2643 3500 2711 αὑτήν.

724 2731 777 2786 9.
804 2731 1071 2789 Dominus
1099 2733 1213 2788 haec
1254 2733 1368 2804 ipsa
1417 2734 1661 2788 narrabit
1694 2734 1746 2787 in
1782 2733 2079 2802 Scripturis
2120 2730 2222 2786 Ju-

2398 2734 2448 2788 9-
2493 2733 2552 2785 ὐ
2574 2732 2779 2804 Κύριος
2808 2734 2946 2786 αὐτὰ
2971 2731 3143 2785 ταῦτα
3174 2732 3491 2801 διηγήσεται
3521 2733 3577 2782 ἐν
3610 2734 3676 2800 τῇ
3711 2729 3829 2799 Γρα
3844 2728 3923 2795 φῇ

652 2823 915 2890 ὺιιιοτιιω,
955 2833 1010 2880 et
1057 2826 1449 2896 apostolorum,
1502 2836 1556 2880 et
1598 2827 2078 2895 cvangelistarum,
2129 2827 2223 2894 qui

2327 2824 2435 2876 τῶν
2468 2824 2761 2885 Ἰουδαίων,
2793 2825 2886 2876 καὶ
2912 2822 3018 2875 τῶν
3047 2821 3377 2885 ἀποστόλων,
3401 2824 3494 2874 καὶ
3512 2822 3925 2889 εύαγγελιστῶν

652 2926 782 2971 sunt
810 2919 864 2971 in
896 2916 1141 2973 Ecclesia
1182 2918 1443 2972 ﬁdelium.

2327 2916 2436 2969 τῶν
2473 2916 2641 2969 ὄντων
2667 2919 2725 2970 ἐν
2748 2919 2813 2988 τῇ
2864 2916 3158 2988 Ἐκκλησία
3189 2915 3298 2968 τῶν
3325 2914 3551 2967 πιστῶν.

724 3008 811 3062 10.
842 3008 1000 3063 Sicut
1025 3009 1298 3064 exercitus
1329 3019 1643 3064 sanctorum
1675 3010 1989 3081 angelorum
2012 3024 2226 3065 semper

2402 3010 2490 3064 10.
2540 3011 2627 3075 Ὠς
2667 3012 2724 3065 αί
2752 3010 2861 3064 τῶν
2901 3011 3073 3079 ἁγίων
3116 3010 3367 3079 ἀγγέλων
3412 3008 3664 3081 στρατιαὶ
3692 3008 3803 3060 τῶν
3834 3009 3925 3059 ἀεὶ

651 3099 972 3170 laetantium,
1004 3102 1077 3157 ita
1101 3114 1184 3158 est
1218 3103 1485 3159 habitatio
1512 3105 1563 3158 in
1596 3114 1670 3160 te.
2257 3104 2269 3156 l

2257 3098 2300 3159 C
2334 3104 2656 3175 χαιρόντων,
2690 3102 2864 3165 οὕτως
2895 3104 3044 3155 ἐστὶν
3074 3105 3107 3173 ἡ
3138 3102 3386 3156 κατοικία
3420 3105 3475 3155 ἐν
3506 3103 3611 3156 σοί.

735 3193 799 3247 Ἦ
828 3196 1164 3266 προκειμένη
1193 3196 1472 3266 ἐπιγραφὴ
1505 3198 1751 3267 περιέχει
1784 3197 1858 3268 (9.)
1881 3212 1895 3226 ⁸
1938 3196 2077 3265 ’ῼδῖρ
2109 3196 2351 3265 ψαλμοῦ
2379 3195 2502 3261 τοῖς
2532 3194 2683 3261 υἱοῖς
2718 3194 2889 3263 Κορὲ,
2915 3196 3004 3262 είς
3032 3195 3099 3250 τὸ
3145 3194 3321 3259 τέλος
3345 3192 3496 3261 ὑπὲρ
3521 3195 3784 3257 Μαελὲθ,
3811 3196 3924 3248 τοῦ

650 3286 1042 3354 ἀποκριθῆναι
1074 3288 1259 3355 λόγον
1286 3286 1595 3353 συνέσεως
1629 3289 1814 3357 Λίθὰμ
1842 3287 1920 3351 τῷ
1962 3289 2327 3356 Ἰσραηλίτῃ.
2365 3288 2513 3359 Αὕτη
2541 3282 2635 3341 οὖν
2671 3285 2939 3359 ἑρμηνεία
2970 3285 3066 3340 τοῦ
3094 3285 3534 3356 ἐπιγράμματος.
3567 3285 3726 3352 Κορὲ
3750 3288 3924 3340 ἀντι-

650 3381 900 3450 λογικὸς
932 3382 1223 3453 γεγένηται
1273 3383 1409 3454 πρὸς
1442 3384 1531 3436 τὸν
1581 3382 1735 3436 Θεόν.
1795 3383 2033 3437 Mat-ﬂeo
2080 3383 2139 3435 δὲ
2187 3384 2551 3454 ἑρμηνεύεται
2586 3382 2852 3451 ἀπαρχή.
2913 3383 3104 3453 Αίθὰμ
3144 3381 3201 3435 δὲ
3246 3380 3605 3453 ἑρμηνεύεται
3651 3384 3920 3450 ὑψηλός.

665 3473 1049 3542 Ἰσραηλιτης
1074 3474 1130 3527 δὲ
1155 3474 1513 3546 ἑρμηνεύεται
1565 3474 1721 3543 ἀνὴρ
1751 3474 1907 3543 ὁρῶν
1939 3475 2046 3527 τὸν
2080 3476 2248 3529 Θεόν.
2298 3476 2359 3527 ’Π
2387 3474 2497 3545 ᾠδὴ
2521 3471 2614 3527 οὖν
2644 3473 2739 3527 τοῦ
2768 3474 2983 3546 ψαλμοῦ
3014 3477 3128 3539 τοῖς
3156 3475 3513 3543 ἁντιλογικοῖς
3535 3476 3638 3542 ἔτι,
3669 3474 3923 3530 τουτέστι

650 3562 731 3631 τῷ
765 3561 882 3614 λαῶ
909 3561 1017 3615 τῶν
1048 3563 1317 3621 Ἰουδαίων
1346 3564 1486 3635 ὑπὲρ
1514 3565 1611 3635 τῆς
1639 3564 1917 3634 ἀπαρχῆς,
1958 3564 2159 3616 ὡσανεὶ
2181 3563 2276 3617 τοῦ
2298 3563 2536 3635 Χριστοῦ
2572 3565 2963 3637 ἁποκρίνοντος
2992 3568 3073 3629 είς
3096 3564 3310 3619 σύνεσιν
3344 3566 3493 3637 αύτῷ
3514 3566 3593 3637 τῷ
3618 3568 3813 3640 ὑψηλῷ
3837 3568 3923 3638 τῷ

652 3650 771 3722 Υίῷ
795 3650 891 3705 τοῦ
913 3651 1047 3705 Θεοῦ
1078 3651 1155 3724 τῷ
1182 3654 1377 3725 ὁρῶντι
1403 3656 1496 3708 τὸν
1536 3654 1778 3725 Πατέρα.
1815 3653 2027 3719 οὐδεὶς
2057 3651 2278 3721 ἑώρακε
2306 3652 2415 3707 τὸν
2448 3654 2682 3723 Πατέρα
2705 3657 2759 3708 εί
2777 3654 2864 3724 μὴ
2898 3658 2931 3709 ό
2962 3654 3069 3709 τοῦ
3105 3656 3336 3723 Πατρός
3356 3656 3459 3719 ὢν,
3486 3657 3671 3722 καθὼς
3697 3660 3924 3732 εἴρηκεν

652 3750 712 3801 ὲν
742 3742 1077 3815 Εὑαγγελίῳ.
1106 3744 1204 3798 Ἐκ
1228 3744 1521 3816 προσώπου
1548 3741 1641 3799 οὖν
1670 3745 1777 3797 τῶν
1807 3745 2083 3798 Ἰουδαίων
2112 3746 2220 3798 τῶν
2250 3746 2689 3816 ἐπιστρεφόντων
2727 3748 2808 3810 είς
2833 3747 2925 3801 τὸν
2953 3746 3156 3819 Κύριόν
3196 3749 3340 3801 ἐστιν
3367 3749 3395 3801 6
3429 3748 3646 3821 ψαλμός

723 3833 937 3891 Titulus
959 3839 1283 3907 praepositus
1316 3840 1562 3895 continet
1586 3858 1600 3896 :
1624 3840 1904 3895 Canticum
1941 3841 2136 3911 psalmi
2160 3842 2289 3910 [iliis
2336 3842 2491 3901 Core.
2518 3843 2573 3895 in
2604 3844 2763 3911 ﬁnem
2798 3859 2893 3912 pro
2927 3842 3213 3911 Maheletlt,
3253 3845 3323 3899 ad
3353 3847 3776 3914 respondendum
3803 3866 3918 3903 ser-

656 3946 860 3983 monem
892 3931 1189 3987 intellectus
1222 3934 1449 3989 Ait/tam
1475 3934 1759 3991 Israelitaz.
1793 3936 1916 3991 llaec
1944 3939 2109 4007 igitur
2136 3948 2215 3993 est
2245 3939 2626 4008 interpretatio
2656 3939 3049 4009 inscriptionis.
3074 3940 3208 3995 Core
3238 3942 3600 3997 contradictor
3627 3944 3809 4001 factus
3832 3959 3919 4000 est

657 4032 846 4078 contra
888 4022 1079 4080 Deum.
1118 4025 1381 4082 Malteleth
1410 4039 1592 4085 autem
1640 4032 2026 4101 interpretatur
2068 4032 2341 4099 primitiw.
2375 4031 2601 4089 jEtItam
2642 4042 2825 4088 autem
2861 4034 3254 4104 interpretatur
3298 4035 3615 4093 altissimus.
3658 4038 3919 4095 Israelita

658 4124 839 4206 autem
870 4118 1261 4189 interpretatur
1310 4122 1399 4177 Vir
1424 4126 1602 4180 videns
1629 4126 1814 4181 Deum.
1850 4125 2134 4181 Canticum
2167 4127 2332 4197 igitur
2358 4129 2552 4198 psalmi
2580 4138 2663 4183 est
2691 4129 2991 4184 etiamnum
3016 4133 3537 4197 contradicentibus,
3575 4134 3683 4190 hoc
3713 4147 3799 4191 est
3819 4153 3918 4206 po-

658 4206 785 4271 pulo
808 4205 1120 4264 Iudaeorum
1157 4227 1256 4281 pro
1282 4217 1559 4282 primitiis,
1584 4234 1777 4287 nempe
1807 4218 2028 4273 Christo
2060 4219 2421 4288 respondente
2461 4219 2517 4273 in
2555 4219 2915 4286 intellectum,
2946 4220 3049 4290 ipsi
3079 4221 3363 4278 Altissimo
3404 4222 3498 4278 Dei
3527 4223 3671 4278 Filio
3710 4205 3915 4280 videnti

658 4298 895 4357 Patrem.
938 4300 1107 4357 Nemo
1141 4305 1268 4357 vidit
1304 4306 1539 4372 Putrem,
1565 4310 1670 4363 nisi
1696 4313 1783 4380 qui
1814 4310 1994 4365 Patris
2021 4321 2098 4365 est
2130 4311 2635 4381 :quemadmodum
2665 4312 2804 4368 dixit
2853 4313 2909 4367 in
2956 4313 3253 4385 Evangelio
3281 4317 3323 4371 ⁸.
3359 4314 3434 4371 Ex
3472 4332 3712 4387 persona
3752 4319 3917 4391 igitur

658 4393 972 4450 Judzeorum
1008 4401 1445 4456 conrertentium
1473 4418 1532 4457 se
1565 4401 1633 4457 ad
1664 4402 1955 4458 Dominum
1989 4411 2076 4459 est
2111 4403 2378 4474 psalmus.

734 4496 785 4545 1.
820 4490 1048 4548 Domine
1082 4493 1223 4549 Deus
1244 4495 1370 4551 vita:
1407 4513 1560 4553 mem.
2259 4500 2307 4558 D

2259 4500 2307 4558 Ι)
2405 4498 2458 4553 1.
2495 4499 2669 4572 Κύριε
2697 4499 2726 4553 6
2748 4499 2880 4565 Θεδς
2914 4502 3013 4572 τῆς
3051 4501 3197 4571 ζωῆς
3233 4520 3354 4572 μου.

732 4582 784 4635 2.
822 4582 1178 4639 lncessantcr.

2406 4592 2461 4646 2.
2490 4592 2663 4646 Ἀπαύ
2673 4610 2831 4657 στως.

731 4674 788 4731 5.
814 4672 935 4730 Non
979 4677 1346 4747 prohibebunt
1395 4693 1611 4751 peccata
1655 4698 1771 4739 mea
1804 4697 1874 4739 ne
1905 4682 1972 4738 ad
2000 4690 2053 4737 te
2078 4699 2232 4741 acce-

2404 4684 2458 4737 5.
2489 4683 2581 4755 Μὴ
2600 4684 2933 4739 κωλύσουσιν
2954 4686 3010 4740 αί
3030 4687 3296 4759 ἁμαρτίαι
3318 4706 3419 4760 μου
3438 4689 3532 4741 τοῦ
3555 4689 3909 4760 προσεγγίσαι

661 4765 752 4819 dat
779 4766 1089 4837 deprecatio
1127 4786 1268 4826 mea.

2337 4794 2421 4831 σοι
2452 4776 2551 4849 τὴν
2577 4777 2758 4848 δέησίν
2788 4794 2908 4847 μου.

732 4860 786 4914 4.
816 4856 1068 4915 Libenter
1100 4864 1288 4934 excipe
1312 4864 1762 4933 supplicationem
1797 4881 1997 4921 meam.

1886 4882 1997 4921 am.
2406 4868 2459 4922 4.
2506 4868 2709 4931 Ἡδέως
2736 4886 2839 4939 μου
2862 4868 3011 4935 δέξαι
3038 4870 3136 4943 τὴν
3168 4871 3375 4926 ἱκεσίαν
3404 4871 3502 4943 (3).

736 4950 789 5004 5.
823 4949 962 5018 Quia
994 4955 1196 5025 repleta
1221 4966 1304 5011 est
1331 4957 1565 5027 peccatis
1590 4959 1771 5013 anima
1796 4975 1936 5014 mea.

2409 4958 2463 5013 5.
2500 4959 2621 5012 Ὅτι
2651 4959 2896 5031 ἐπλήσθη
2925 4961 3207 5033 ἁμαρτιῶν
3241 4965 3274 5035 η
3302 4962 3445 5033 ψυχή
3481 4979 3602 5031 μου.

736 5042 789 5095 6.
822 5041 887 5097 Ει
915 5054 1198 5116 propterea
1234 5047 1342 5101 vita
1368 5063 1488 5104 mea
1514 5048 1771 5106 Christus
1796 5050 2010 5106 inferno
2038 5065 2232 5122 appro-

2412 5051 2465 5104 (i.
2508 5051 2616 5104 Καὶ
2643 5050 2730 5103 διὰ
2761 5050 2920 5105 τοῦτο
2945 5054 2977 5122 ἡ
3007 5051 3117 5116 {wn
3148 5071 3247 5107 ιιου
3271 5055 3300 5106 6
3323 5054 3554 5125 Χριστὸς
3579 5052 3659 5125 τῷ
3687 5053 3787 5125 ᾅδῃ
3815 5054 3908 5125 ἦγ-

664 5134 966 5205 pinquavit,
998 5147 1057 5193 ut
1088 5138 1345 5195 liberaret
1373 5156 1479 5195 me.

1377 5156 1479 5195 me.
2340 5160 2509 5211 γισεν,
2537 5144 2625 5196 ἵνα
2652 5142 2879 5214 ρύσηταί
2910 5161 2995 5214 με.

776 5297 799 5328 ⁵
830 5292 966 5349 Joau
1005 5311 1043 5360 ι,
1081 5295 1179 5363 18;
1212 5313 1287 5363 vr,
1324 5295 1412 5352 46.

1611 5370 1917 5433 Addenda
1948 5376 2010 5434 et
2055 5376 2429 5455 corrigenda
2462 5395 2540 5439 ex
2571 5380 2710 5441 cod.
2753 5376 2953 5439 l'atic.

702 5532 870 5612 gll‘N.
918 5533 971 5587 6.
999 5534 1123 5612 Καὶ.
1152 5536 1212 5612 6_,_
1238 5533 1455 5612 οιεᾏΝ.Δ
1487 5536 1538 5589 8.
1578 5536 1651 5612 'O__
1688 5538 2089 5612 K6ptog,__etc.,
2122 5540 2229 5593 τῶν

2342 5541 2593 5612 κριθῆναι
2619 5543 2904 5609 συνέσεως,
2935 5552 3062 5606 etc.,
3087 5547 3196 5607 τοῖς
3214 5542 3569 5612 ἀντιλογικοίς
3592 5545 3762 5605 ἐστιν,
3787 5557 3904 5607 etc,

679 5602 965 5686 ⁹ξουδαίων.
999 5604 1280 5686 Νκθζκαὶ
1300 5607 1409 5686 τῷν
1434 5602 1991 5686 ἁποστόλωνξριρξΝ.
2026 5611 2108 5664 10.
2146 5612 2234 5673 Ὡς

2342 5602 2433 5686 τοῦ
2450 5602 2706 5686 Χριστοῦ.
2727 5602 3131 5686 Ἀποκρίνονται
3161 5602 3259 5677 εἰς,
3286 5602 3419 5677 etc.,
3431 5602 3564 5686 6&1;
3584 5613 3680 5686 τοῦ

667 5674 985 5761 “529.12%.”
1004 5677 1175 5761 Ϋθὶίτῇ
1209 5677 1318 5729 ἄνω
1336 5678 1722 5761 ,ξίξρθυπαλήμε
2058 5751 2083 5761 __
2114 5754 2124 5761 _
2343 5674 2594 5761 ὦνε-είοη
2625 5685 2728 5735 τῶν
2762 5674 3198 5761 ἐπιστρεφόντων
3217 5674 3363 5740 ἐστὶν
3394 5674 3684 5755 δψαλμός.

744 5742 821 5815 (ἓ)
852 5746 911 5799 Ἠ
941 5747 1026 5800 διὰ
1053 5742 1545 5821 τῆξκινναῦἁρεως
1572 5742 1832 5824 περιέχει,
1853 5751 2083 5814 εἰς.,τοῧ
2104 5754 2233 5806 ἀπο·
2415 5754 2492 5821 (3)
2534 5742 2742 5828 Δίησιν.
