4056 6318
61 385 239 439 1021
974 378 1063 434 DE
1099 379 1369 436 TITULIS
1409 377 1857 435 PSALMORUM.
1901 413 1969 422 —
2000 381 2198 438 PSAL.
2241 383 2545 443 LXXXVII.
3235 394 3372 450 1022

146 504 221 558 7-
254 500 706 577 Προσελογίσθην
728 497 866 570 μετὰ
891 497 996 551 τῶν
1022 496 1454 550 καταϐαινόντων
1480 496 1558 557 εἰς
1580 494 1703 546 λάκ-
1728 514 1748 568 Α

1768 555 1774 567 _
1877 495 1928 548 7.
1959 493 2284 552 [Estimatus
2331 513 2454 553 sum
2501 515 2625 555 cum
2681 504 3134 562 descendentibus
3184 509 3235 562 in
3290 511 3370 564 la-

50 612 183 650 κον
209 614 230 629 ⁹

1801 603 1958 642 cum:

149 689 222 743 8.
264 685 575 765 Ἐγενήθην
596 680 730 736 ὡσεὶ
748 679 1032 751 ἄνθρωπος
1051 677 1370 749 ἀϐοήθητος,
1403 677 1460 730 ὲν
1489 677 1702 747 νεκροῖς

1867 678 1919 734 8.
1951 678 2151 735 Factus
2195 698 2317 737 sum
2367 684 2508 739 sicut
2542 686 2708 741 homo
2743 689 2860 746 sine
2901 691 3195 762 adjutorio,
3231 693 3369 747 inter

57 783 432 855 ἐλεύθερος.

1799 780 2044 827 mortuos
2070 771 2223 827 liber.

147 880 221 932 9.
286 876 434 929 Ὠσεὶ
460 869 789 945 τραυματίαι
824 866 1176 929 καθεύδοντες
1217 867 1274 919 ὲν
1308 865 1462 936 τάφῳ
1493 864 1591 936 (α),
1618 861 1692 923 ὧν

1870 865 1922 919 9.
1963 863 2117 921 Sicut
2166 867 2436 922 vulnerati
2483 868 2814 926 dormientes
2849 873 2902 927 in
2935 878 3201 946 sepulcro,
3232 894 3369 948 quo-

54 972 183 1022 οὐκ
228 968 526 1042 ἐμνήσθης
556 965 636 1018 ἔτι
655 981 668 996 ·

1798 972 1916 1009 rum
1944 973 2049 1010 non
2076 972 2134 1012 es
2159 974 2368 1013 memor
2392 962 2623 1032 amplius
2651 981 2662 1017 :

153 1061 268 1114 10.
308 1061 418 1112 Καὶ
452 1058 603 1112 αὐτοὶ
637 1058 700 1109 ὲκ
730 1055 828 1127 τῆς
855 1053 1035 1126 χειρός
1065 1070 1159 1106 σου
1190 1049 1542 1122 ἀπιῦσθησαν.

1407 1068 1542 1122 pom.
1872 1047 1962 1102 10.
1995 1048 2060 1104 Et
2086 1052 2187 1120 ipsi
2221 1053 2285 1106 de
2313 1068 2478 1108 manu
2513 1063 2601 1110 tua
2631 1058 2832 1126 repulsi
2865 1071 3009 1116 sunt.

151 1147 266 1200 11.
312 1145 537 1199 Ἐθεντό
572 1161 638 1214 με
669 1146 727 1197 ἐν
760 1143 949 1213 λάκκῳ
983 1144 1300 1213 κατωτάτῳ,

1866 1140 1952 1194 11.
1985 1140 2292 1199 Posuerunt
2330 1161 2417 1199 me
2446 1148 2498 1201 in
2538 1149 2656 1203 lacu
2687 1150 2952 1215 infcriori,

155 1236 262 1290 12.
301 1237 392 1289 Ἐν
424 1235 716 1296 σκοτεινοῖς
751 1234 846 1286 καὶ⁸
870 1235 926 1286 ὲν
953 1235 1079 1303 σκιᾷ
1108 1233 1359 1288 θανάτου.

1865 1231 1952 1285 12.
1992 1231 2050 1285 ln
2087 1234 2386 1291 tenebrosis
2422 1247 2474 1292 et
2507 1239 2561 1292 in
2596 1243 2786 1297 umbra
2819 1246 3026 1300 mortis.

151 1331 267 1383 13.
308 1330 427 1381 Ἐπ’
461 1327 560 1398 ἐμὲ
589 1325 952 1398 ὲπεστηρίχθη
987 1329 1015 1378 ό
1045 1325 1214 1396 θυμός
1241 1343 1332 1379 σου
1354 1344 1366 1354 ’

1867 1323 1956 1378 15.
1997 1322 2172 1394 Super
2207 1343 2294 1381 me
2327 1329 2682 1386 conﬁrmatus
2717 1344 2798 1387 est
2832 1333 2986 1390 furor
3009 1346 3135 1392 tuus
3164 1356 3176 1391 :

151 1421 267 1473 1.1..
303 1418 415 1472 Καὶ
444 1417 649 1480 πάντας
677 1416 803 1479 τοὺς
842 1414 1252 1486 μετεωρισμούς
1290 1433 1382 1468 σου
1414 1415 1686 1486 ἐπήγαγες

155 1513 170 1526 ¹
217 1511 246 1548 ἓ
267 1509 333 1548 ne!

1864 1416 1952 1470 14.
1986 1416 2052 1472 Et
2070 1433 2261 1475 omnes
2279 1420 2609 1478 elevationes
2633 1434 2757 1478 tuas
2781 1424 3042 1482 induxisti
3072 1443 3234 1499 super
3258 1444 3360 1483 me.

60 1513 170 1563 ἐπ’
217 1511 355 1581 ἐμὲ.

151 1604 264 1656 15.
304 1603 651 1673 Ἐμάκρννας
672 1618 796 1663 τους
832 1598 1105 1668 γνωστούς
1137 1616 1236 1669 μου
1273 1597 1367 1650 ἀπ’
1402 1597 1426 1648 ὲ
1437 1597 1538 1668 μοῦ
1561 1619 1572 1629 ·

1357 1597 1367 1616 ’
1402 1597 1572 1668 ἐμοῦ·
1864 1595 1949 1650 15.
1990 1595 2178 1668 Longe
2212 1596 2388 1654 fecisti
2415 1610 2572 1658 notos
2600 1619 2750 1660 meos
2777 1621 2807 1659 a
2843 1622 2959 1660 me:

151 1695 264 1749 16.
302 1694 528 1748 Ἔθεντό
557 1709 624 1763 με
653 1691 928 1762 βδέλυγμα
956 1691 1188 1751 ἑαυτοῖς.

1858 1687 1944 1742 16.
1977 1689 2285 1745 Posuerunt
2308 1707 2394 1747 me
2423 1693 2888 1753 abominationem
2919 1699 3045 1756 sibi.

152 1785 268 1840 17.
296 1784 630 1856 Παρεδόθην,
659 1785 754 1836 καὶ
785 1784 884 1836 οὑκ
909 1781 1310 1852 ἐξεπορευόμην
1329 1797 1344 1810 ’

1855 1780 1940 1833 17.
1976 1781 2230 1838 Traditus
2265 1800 2386 1838 sum
2419 1796 2474 1840 et
2504 1801 2614 1841 non
2641 1789 2996 1857 egrediebar:

155 1879 264 1934 18.
291 1880 354 1932 Ol.
376 1877 646 1947 ὀφθαλμοί
677 1893 778 1947 μου
813 1875 1117 1946 ἡσθένησαν
1140 1875 1248 1928 ἀπὸ
1282 1876 1570 1945 πτωχείας.
1711 1868 1753 1922 Β

1385 1876 1570 1945 ›χείας.
1711 1868 1753 1922 Β
1854 1873 1942 1926 18.
1969 1871 2122 1928 Oculi
2149 1877 2254 1930 mei
2285 1877 2612 1948 languerunt
2638 1895 2748 1948 prae
2783 1880 2987 1950 inopia.

155 1974 264 2029 19.
294 1971 600 2043 Ἐκὲκραξα
634 1969 768 2042 πρὸς
802 1969 893 2035 σὲ,
920 1967 1092 2039 Κύριε
1112 2008 1128 2033 ,
1153 1968 1279 2038 ὃλην
1317 1969 1388 2038 (b)
1411 1969 1509 2038 τὴν
1540 1966 1677 2038 ἠμέ-

1411 1969 1509 2038 τὴν
1540 1966 1677 2038 ήμέ-
1860 1962 1944 2018 10.
1982 1965 2222 2022 Clamavi
2249 1967 2317 2022 ad
2353 1979 2423 2034 te,
2460 1969 2709 2035 Domine,
2738 1979 2850 2026 tota
2882 1971 3009 2028 die:

66 2083 231 2139 ραν·

144 2157 259 2213 20.
296 2156 601 2212 Διεπέτασα
636 2153 772 2225 πρὸς
800 2151 860 2205 σὲ
890 2150 987 2215 τὰς
1016 2150 1202 2222 χεῖράς
1237 2167 1357 2220 μου.

1237 2167 1357 2220 μου,
1855 2142 1945 2197 20.
1977 2142 2220 2214 Expandi
2248 2147 2313 2200 ad
2349 2157 2400 2201 te
2431 2164 2627 2205 manus
2656 2165 2827 2206 meas.

147 2252 261 2306 21.
294 2252 388 2322 Μὴ
417 2253 529 2314 τοῖς
551 2252 764 2320 νεκροῖς
794 2247 1038 2317 ποιήσεις
1067 2243 1376 2314 θαυμάσια;

1855 2233 1944 2287 21.
1980 2232 2236 2305 Nunquid
2272 2238 2504 2291 mortuis
2533 2237 2703 2294 facies
2741 2240 3054 2296 mirabilia?

713 2339 1051 2407 Διὰψαλμα.

2391 2351 2729 2422 Diapsalma.

152 2436 259 2489 9.2.
285 2436 356 2488 Ἦ
384 2431 1060 2504 ἰατροὶάναστήσουσι,καὶ
1078 2426 1558 2498 ὲξομολογήσονταί
1574 2444 1674 2491 σοι;

1855 2435 1944 2489 22.
1972 2437 2078 2492 Aut
2105 2441 2300 2495 medici
2332 2445 2678 2500 suseitabunt
2710 2454 2764 2499 et
2795 2445 3196 2501 conﬁtebuntur
3232 2448 3361 2502 tibi?

151 2530 262 2586 ‘23.
299 2527 390 2600 Μὴ
421 2527 739 2597 διηγήσεταί
776 2543 858 2589 τις
891 2527 947 2577 ὲν
981 2524 1059 2595 τῷ
1089 2523 1265 2575 σκότει
1304 2521 1370 2572 τὰ
1402 2521 1678 2574 θαυαὰσιὰ

1852 2525 1940 2581 25.
1979 2528 2231 2601 Nunquid
2266 2534 2512 2590 narrabit
2540 2536 2739 2607 aliquis
2765 2536 2819 2590 in
2871 2538 3110 2595 tenebris
3136 2539 3359 2595 mirabi-

75 2639 181 2674 σου
213 2639 230 2686 ;

1781 2618 1850 2673 lia
1878 2624 2003 2677 tua?

161 2736 249 2802 (rt)
285 2736 375 2788 Ἐν
402 2735 612 2801 τάφοις.
661 2732 719 2786 In
757 2747 930 2801 marg.
979 2732 1036 2781 ὲν
1072 2730 1246 2802 τάφῳ.

159 2808 244 2878 (b)
286 2806 438 2861 Vers.
469 2805 560 2860 20.
589 2805 780 2873 Ὅλην,
809 2813 937 2866 etc.,
965 2801 1150 2870 χεῖράς
1183 2817 1304 2870 μου.

1223 2936 1598 2992 ATHANASII
1636 2937 2224 2996 INTERPRETATIO.

153 3088 212 3140 7.
247 3086 356 3139 Καὶ
392 3080 787 3156 προσελογίσθη
813 3082 840 3134 ὁ
868 3079 1070 3152 Κύριος
1105 3079 1359 3151 μετὰτῶν
1383 3078 1674 3132 ἀσθενούν-

1849 3081 1900 3132 7.
1938 3080 1999 3134 Ει
2035 3091 2313 3148 reputatus
2337 3092 2419 3138 est
2443 3083 2707 3138 Dominus
2736 3098 2859 3138 cum
2899 3082 3130 3138 inﬁrmis
3163 3094 3219 3140 et
3243 3102 3352 3142 mo-

81 3199 200 3234 των
234 3181 327 3234 καί
356 3179 432 3249 (1)
464 3176 936 3246 ἀποθνησκόντων.

464 3176 936 3246 ἀποθνησκόντων.
1775 3171 2065 3225 rienlibus.

159 3272 216 3325 8.
257 3271 365 3324 Καὶ
396 3269 608 3337 ἐγένετο
636 3269 664 3319 ὀ
690 3265 892 3337 Κύριος
920 3264 995 3328 ὼς
1019 3264 1303 3336 ἄνθρωπος
1330 3264 1406 3335 (2)
1441 3263 1677 3334 ἀϐοήθη-

1843 3261 1894 3313 8.
1928 3259 1992 3314 Ει
2044 3259 2222 3316 factus
2267 3272 2346 3317 est
2399 3261 2665 3317 Dominus
2713 3270 2976 3334 tanquam
3030 3267 3194 3320 homo
3241 3272 3358 3323 sine

84 3379 181 3426 τος
221 3363 281 3413 ἐν
313 3361 525 3430 νεκροῖς
552 3356 856 3427 ἐλεύθερος,
885 3354 1132 3408 τουτέστι
1165 3353 1240 3426 μὴ
1272 3353 1561 3426 χρεωστῶν
1591 3354 1678 3407 θά-

1775 3351 2046 3421 adjutorio
2093 3353 2235 3406 inter
2281 3362 2529 3407 mortuos
2573 3353 2731 3418 liber,
2760 3354 2863 3409 hoc
2902 3363 2985 3410 est
3010 3371 3117 3409 non
3154 3357 3357 3414 debens

85 3473 276 3510 νατον.
1252 3534 1276 3538 μ

1703 3476 1747 3538 c
1781 3453 2034 3499 111011.811].

161 3550 218 3603 9.
241 3550 328 3610 Ὠς
347 3548 396 3599 οἱ
420 3543 731 3618 ἁμαρτωλοὶ
759 3543 806 3596 οἱ
834 3541 1212 3606 ἀποθανόντες,
1241 3534 1315 3595 ὧν
1335 3541 1434 3593 οὐκ
1458 3540 1574 3595 ἔστι
1595 3540 1673 3611 (5)
1715 3534 1747 3538 “

1845 3537 1897 3591 9.
1938 3537 2089 3592 Sicut
2121 3547 2434 3609 peccatores
2469 3540 2788 3608 morientes,
2822 3557 3062 3612 quorum
3095 3544 3241 3599 nulla
3274 3555 3355 3600 est

87 3659 202 3715 μνη
214 3643 488 3714 μόνευσις.

460 3659 488 3698 :.
1780 3629 2062 3683 memoria.

163 3736 256 3793 10.
294 3734 653 3804 Ἀπώσθησαν
679 3732 786 3806 γὰρ
813 3731 1011 3798 ζῶντες
1039 3734 1104 3785 ὲκ
1146 3733 1243 3802 τῆς
1281 3729 1528 3802 βοηθείας
1559 3746 1671 3781 σου.

1851 3720 1936 3774 10.
1975 3717 2226 3772 Viventes
2260 3717 2404 3770 enim
2427 3716 2638 3786 depulsi
2671 3729 2799 3775 sunt
2828 3723 2895 3778 de
2927 3727 3130 3781 auxilio
3167 3736 3281 3783 tuo.

162 3831 256 3885 11.
291 3829 354 3883 Οἱ
385 3827 638 3897 δαίμονες
669 3828 727 3880 ὲν
755 3828 821 3897 τῇ
855 3824 1119 3896 ἁμαρτία.

995 3824 1119 3895 nia.
1847 3811 1932 3864 11.
1962 3808 2242 3864 Daemones
2271 3809 2323 3862 in
2352 3818 2597 3878 peccato.

165 3923 258 3976 12.
282 3920 370 3975 Ἐν
387 3922 506 3982 ταῖς
528 3919 844 3990 ἐπιθυμίαις
861 3917 954 3971 τοῦ
972 3917 1176 3988 κόσμου
1200 3917 1290 3970 καὶ
1312 3915 1404 3968 τοῦ
1425 3914 1669 3968 θανάτου.

1458 3914 1669 3968 ανάτου.
1849 3902 1936 3956 12.
1965 3901 2021 3954 1η
2053 3902 2505 3971 concupiscentiis
2538 3901 2728 3956 mundi
2758 3909 2814 3956 et
2842 3903 3057 3960 mortis.

170 4012 259 4066 15.
290 4009 580 4081 Ὠργίσθης
619 4026 728 4079 μοι.

1847 3994 1933 4047 15.
1968 3992 2140 4048 Iratus
2168 4010 2225 4048 es
2254 3994 2407 4049 mihi.

166 4104 260 4160 14,
288 4103 397 4167 Τὰς
423 4100 651 4166 ἀπειλάς
682 4119 798 4158 σου.

714 4119 798 4158 ου.
1849 4087 1938 4140 11.
1973 4088 2151 4141 Minas
2178 4097 2316 4140 tuas.

165 4197 258 4251 15.
285 4196 424 4260 Τοὺς
449 4196 754 4268 προφήτας.

684 4212 754 4258 ις,
1852 4179 1938 4234 15.
1971 4177 2286 4248 Prophetas.

164 4290 254 4345 16.
289 4288 698 4360 Μεμισημὲνον.

649 4305 698 4342 ν.
1851 4273 1938 4325 16.
1967 4271 2250 4325 Odiosum.

166 4381 258 4436 17.
285 4379 667 4453 Ἐκρατούμην
697 4379 804 4433 ἀπὸ
827 4377 928 4448 τῆς
958 4373 1229 4447 ἁμαρτίας
1251 4411 1266 4437 ,
1293 4375 1388 4426 καὶ
1415 4372 1515 4425 οὐκ
1548 4373 1672 4442 ἡδυ-

1848 4367 2221 4420 17.1)etentus
2270 4381 2390 4418 sum
2433 4381 2462 4419 a
2508 4376 2752 4436 peccato,
2790 4375 2846 4422 et
2887 4384 2993 4422 non
3023 4370 3172 4439 potui
3205 4371 3349 4425 absi-

93 4477 278 4548 νάμην
302 4475 620 4546 ἀποστῆναι.

341 4475 620 4546 ποστῆναι.
1782 4469 1943 4516 stere.

169 4569 258 4624 18.
307 4569 369 4622 Oi
402 4565 671 4637 ὀφθαλμοὶ
705 4565 804 4634 τῆς
836 4563 1070 4624 διανοίας
1111 4578 1212 4632 μου
1254 4560 1562 4630 ὴσθένησαν
1599 4558 1674 4627 (ιι)

1851 4552 1934 4605 18.
1971 4549 2126 4604 Oculi
2165 4553 2362 4607 mentis
2409 4567 2540 4605 mea:
2588 4552 2848 4607 inﬁrmati
2883 4561 3031 4618 sunt,
3060 4553 3205 4624 quod
3237 4554 3352 4608 sine

96 4663 206 4719 ἀπὺ
237 4661 331 4716 τοῦ
356 4658 658 4731 ἀδοήθητόν
692 4674 758 4728 με
789 4652 946 4709 εἶναι.

692 4674 758 4728 με
789 4652 946 4709 εἶναι.
1781 4647 2053 4716 adjutorio
2080 4663 2276 4701 essem.

167 4754 255 4809 19.
289 4751 486 4823 Δέομαί
522 4767 636 4816 σου,

1850 4741 1938 4795 19.
1977 4740 2248 4811 Deprecor
2280 4749 2351 4805 te,

165 4846 256 4900 20.
287 4845 397 4917 Τὴν
430 4843 659 4914 καρδίαν
696 4859 796 4913 μου
825 4842 1072 4894 ἀνέτεινα
1105 4838 1240 4910 πρὸς
1277 4837 1356 4890 σέ.
1702 4869 1752 4922 D

1121 4838 1240 4910 πρὸς
1277 4837 1356 4890 σέ.
1702 4869 1752 4922 D
1849 4834 1938 4888 20.
1969 4833 2076 4887 Cor
2111 4849 2290 4886 meum
2317 4832 2379 4884 ad
2410 4841 2459 4885 te
2499 4831 2723 4884 intendi.

163 4938 253 4992 21.
278 4937 370 5007 Μὴ
405 4936 545 5007 μετὰ
571 4934 630 4986 τδ
668 4933 956 4988 ἀποθανεῖν
987 4949 1053 5003 με
1086 4931 1330 5001 ποιήσεις
1363 4930 1450 4981 ἐπ’
1472 4928 1570 4998 ἐμὲ
1597 4926 1671 4995 (5)
1709 4920 1738 4922 ἡ

1850 4926 1936 4979 21.
1977 4924 2230 4994 Nunquid
2267 4935 2556 4993 postquam
2586 4932 2836 4977 mortuus
2869 4920 3023 4976 fuero
3063 4921 3230 4976 iacies
3254 4938 3346 4976 sn-

97 5029 163 5083 τὰ
190 5030 305 5083 ’θαυ
313 5029 484 5100 μάσιά
529 5046 621 5081 σου
644 5045 657 5093 ;

1780 5035 1875 5089 per
1912 5035 1998 5072 me
2029 5018 2296 5071 mirabilia
2328 5025 2417 5069 tua
2445 5017 2466 5068 ?

165 5122 256 5174 22.
285 5123 355 5175 Ἦ
380 5123 554 5193 ἰατροὶ¹
579 5120 831 5175 δύνανται
861 5117 1160 5190 ἀναστῆσαί
1202 5133 1286 5186 με,
1317 5116 1401 5168 ἵνα
1427 5111 1672 5184 ἐξομολο-

1848 5110 1940 5162 22.
1968 5109 2075 5164 Aut
2103 5107 2296 5163 medici
2321 5116 2550 5176 possunt
2578 5121 2663 5161 mc
2688 5105 2956 5163 suscitare
3000 5112 3056 5158 ut
3090 5104 3351 5159 conﬁtear

101 5215 354 5285 γήσωμαί
388 5230 472 5267 σοι
494 5229 511 5279 ;
1780 5201 1920 5256 tibi?

166 5307 256 5361 25.
287 5307 378 5378 Μὴ
407 5309 465 5360 ὲν
488 5305 567 5378 τῷ
606 5307 761 5377 τάφῳ
792 5305 1026 5378 δωρήσει
1059 5320 1148 5375 μοι
1185 5298 1531 5371 συγχώρησιν
1565 5298 1673 5351 τῶν

1849 5295 1943 5349 25.
1971 5293 2225 5364 Nunquid
2260 5294 2313 5347 in
2351 5292 2602 5363 sepulcro
2633 5290 2787 5348 dabit
2818 5291 2950 5345 milii
2989 5288 3198 5344 veniant
3230 5303 3351 5358 pec-

103 5398 510 5471 ἁμαρτημὰτων
542 5416 642 5469 μου
671 5398 780 5469 (6);

767 5418 780 5466 ;
1781 5395 2027 5442 calorum
2057 5399 2303 5440 meorum
2327 5384 2347 5436 ?

1047 5535 1354 5600 Addenda
1389 5540 1448 5596 et
1483 5531 1857 5610 corrigenda
1915 5545 1993 5589 ex
2027 5534 2167 5589 cod.
2203 5527 2403 5590 Vatic.

169 5682 245 5750 (Ι)
275 5682 394 5736 Τῶν
427 5684 814 5749 ἀσθενούντων,
846 5686 938 5739 καὶ
960 5685 1174 5744 desum,
1852 5673 1928 5811 μζ
2061 5671 2328 5794 οφθαλέοί
2365 5690 2465 5756 μον
2501 5674 2596 5746 τῆς
2623 5675 2854 5739 διανοίας
2885 5672 3206 5746 ὴσθὲνησαν,
3241 5683 3346 5732 etc.

173 5753 246 5811 (2)
286 5754 340 5807 ’0
363 5756 566 5811 κόσμος
596 5755 896 5811 ἄνθρωπος.
1876 5745 1907 5798 5
1959 5744 2050 5810 Et;
2079 5760 2199 5811 εμε,
2266 5753 2381 5798 eest
2411 5762 2497 5797 τα.

363 5756 566 5824 κόσμος
596 5744 896 5828 ἄνθρωπος.
2079 5744 2199 5816 ἐμὲ.
2230 5744 2386 5823 deest.

173 5813 245 5895 (3)
279 5824 417 5880 Ἔτι.
469 5813 480 5824 “
545 5813 563 5823 ”
697 5813 707 5828 '
857 5813 870 5821 '
1853 5813 1926 5888 (6)
1952 5814 2059 5883 Τὴν
2092 5813 2243 5882 συτχ.
2275 5831 2323 5874 τ,
2363 5816 2416 5872 ἁ.
2455 5815 2643 5885 sum;
