4056 6318
55 358 189 413 10⁸35
891 363 978 418 DE
1017 364 1291 421 TITUIJS
1327 365 1777 422 PSALMORUM.
1813 397 1881 406 -—
1909 367 2104 423 PSAL.
2151 365 2479 420 LXXXVIII.
3185 369 3320 424 {026

116 475 174 528 2.
214 474 312 539 Εἰς
337 477 548 544 γενεὰν
590 480 682 532 καὶ
721 481 910 548 γενεὰν
942 484 1235 554 ἀπαγγελῶ
1262 485 1362 556 τὴν
1392 485 1652 558 ἀλήθειάν
1685 495 1718 546 Α

1718 534 1729 546 ,
1824 488 1878 542 2.
1922 487 1978 540 In
2007 488 2409 557 generationem
2463 494 2506 539 et
2548 483 2946 554 generationem
2987 488 3320 541 anuuntiabo

55 583 143 618 σου
179 569 238 619 ἐν
265 568 348 639 τῷ
384 572 625 641 στόματί
658 590 777 642 μου.

1757 579 2033 633 veritatem
2057 588 2203 633 tuam
2235 579 2285 632 in
2313 593 2405 631 ore
2433 593 2570 630 meo.

119 659 168 712 3.
190 659 318 712 Ὅτι
359 658 568 729 εἶπαςο
618 667 709 730 Ei;
739 667 828 719 τὸν
861 667 1030 721 αἰῶνα
1057 668 1200 734 ἔλεος
1235 671 1654 742 οἰκοδομηθήσε-

1831 673 1882 725 5.
1905 671 2173 737 Quoniam
2196 671 2414 727 dixisti:
2438 668 2774 725 luaztcrnum
2799 672 3171 727 misericordia
3195 675 3321 729 mili-

52 768 137 802 ται
159 768 171 780 ’

1757 764 2009 818 ﬁcabitu-r
2036 781 2049 816 :

118 842 171 895 4.
203 844 295 896 Ἐν
326 848 455 911 τοῖς
481 848 726 919 οὐρανοῖς
753 849 1202 923 ὲτοιμασθήσεται
1236 853 1268 924 ἡ
1292 852 1517 924 ἀλήθειά
1539 870 1653 906 σου.

1348 852 1517 924 .ήθειά
1539 870 1653 906 σου.
1825 857 1878 910 4.
1910 856 1968 910 1η
1996 856 2149 911 cadis
2182 856 2577 926 praeparabitur
2610 864 2811 910 veritas
2836 866 2950 913 tua.

119 940 170 990 5.
214 939 509 1011 Διεθὲμην
546 942 809 1016 διαθήκην
843 948 951 1009 τοῖς
985 946 1254 1008 ἐκλεκτοῖς
1289 963 1391 1017 μου
1413 963 1426 976 ο

1413 963 1426 976 ·
1827 947 1880 1002 5.
1914 947 2168 1018 Disposui
2197 958 2585 1003 testamentum
2621 947 2806 1001 electis
2833 948 2971 1003 meis
2997 967 3008 1000 :

120 1029 174 1084 6.
194 1031 426 1100 Ὤμοσα
456 1033 623 1087 Aemo
650 1035 728 1107 τῷ
757 1037 926 1107 δούλῳ
955 1055 1078 1109 μου.

1064 1079 1078 1091 .
1825 1039 1878 1094 6.
1907 1039 2092 1094 Juravi
2125 1039 2290 1094 David
2325 1055 2483 1095 servo
2518 1054 2659 1092 meo.

123 1120 174 1172 7.
192 1121 346 1183 Ἕως
381 1123 486 1175 τοῦ
513 1124 705 1188 αἰῶνος
735 1125 1008 1196 ἑτοιμάσω
1029 1128 1090 1180 τὸ
1125 1129 1342 1200 σπέρμα
1384 1145 1475 1180 σου
1500 1145 1512 1160 ⁸

1831 1133 1880 1187 7.
1913 1132 2096 1201 Usque
2142 1133 2194 1187 in
2237 1141 2498 1186 aeternum
2547 1135 2863 1203 prarparabo
2899 1149 3084 1188 semen
3121 1141 3274 1188 tuum
3309 1155 3319 1188 :

119 1209 171 1264 8.
215 1212 332 1262 Καὶ
359 1213 714 1286 οἰκοδομήσω
750 1218 829 1280 είς
857 1219 1049 1286 γενεὰν
1084 1221 1174 1272 καὶ
1201 1219 1390 1287 γενεὰν
1419 1220 1507 1276 τὸν
1536 1219 1658 1293 θρό-

1828 1225 1879 1278 8.
1910 1223 1974 1277 Et
2003 1223 2278 1278 aediﬁcabo
2304 1224 2355 1278 in
2398 1227 2798 1292 generationem
2830 1236 2882 1280 et
2914 1228 3315 1296 generationem

55 1323 140 1357 νον
166 1322 258 1357 σου
270 1347 285 1362 .

1759 1316 1941 1370 sedem
1974 1325 2143 1372 tuam.

685 1402 1019 1471 Διάψαλμα.
2378 1407 2711 1480 Βὶαρεαιηια.

126 1489 178 1542 9.
217 1489 757 1562 Ἐξομολογήσονται
795 1496 842 1546 οῖ
875 1493 1092 1566 οὐρανοὶ
1126 1494 1194 1547 τὰ
1229 1494 1508 1566 Θαυμάσιά
1546 1513 1657 1562 σου,

1645 1538 1657 1562 ,
1831 1498 1882 1551 9.
1916 1498 2334 1553 Couﬁtebuntur
2364 1502 2486 1556 cmli
2521 1501 2788 1555 mirabilia
2824 1510 2910 1555 tua
2932 1542 2945 1567 ,
2979 1502 3204 1557 Domine
3237 1522 3247 1555 :

57 1579 228 1650 Κύριε
247 1597 260 1610 ”

126 1669 212 1724 10.
261 1673 377 1726 Καὶ
413 1673 530 1744 γάρ
563 1673 660 1745 τὴν
691 1674 943 1746 ἀλήθειάν
967 1693 1060 1728 σου
1084 1677 1141 1728 ἐν
1160 1676 1452 1747 Ἐκκλησία
1470 1675 1656 1744 ἁγίων.

1832 1670 1919 1724 10.
1952 1669 2157 1725 Etenim
2182 1672 2462 1727 veritatem
2485 1684 2630 1728 tuam
2658 1675 2709 1728 in
2727 1675 2967 1730 Ecclesia
2991 1685 3323 1731 sanctorum.

129 1760 214 1813 11.
238 1762 370 1814 Ὀτι
400 1763 491 1825 τίς
530 1765 587 1815 ὲν
621 1765 866 1832 νεφέλαις
897 1765 1220 1836 ίσωθήσεται
1251 1765 1327 1835 τῷ
1366 1767 1590 1837 Κυρίῳ;

1833 1764 1920 1817 11.
1946 1761 2210 1828 Quoniam
2241 1766 2364 1834 quis
2395 1767 2446 1820 in
2473 1767 2706 1821 nubibus
2736 1769 3039 1837 :equabitur
3064 1768 3331 1825 Domino?

129 1851 216 1906 12.
245 1852 694 1926 Ὀμοιωθήσεται
722 1856 798 1927 τῷ
826 1857 1015 1927 Κυρίῳ
1047 1859 1104 1909 ἐν
1127 1859 1259 1920 υἱοῖς
1294 1857 1462 1923 Θεοῦ;
1689 1860 1731 1914 Β

1345 1857 1462 1923 εοῦ;
1689 1860 1731 1914 Β
1829 1856 1916 1911 19..
1947 1856 2153 1911 Similis
2183 1858 2284 1912 erit
2316 1857 2546 1913 Domino
2580 1862 2632 1913 in
2661 1861 2783 1915 liliis
2817 1859 2947 1914 Dei?

128 1942 215 1995 13.
246 1944 307 1996 Ὀ
348 1944 514 2011 Θεὸς,
554 1948 582 1999 ὁ
612 1945 1021 2017 ὲνδοξαζόμενος
1051 1951 1107 2000 ὲν
1139 1949 1297 2019 βουλῇ
1329 1949 1516 2018 ἁγίων,

1831 1949 1916 2002 15.
1946 1950 2108 2014 Deus,
2135 1950 2225 2019 qui
2270 1951 2603 2020 gloriﬁcatur
2643 1953 2696 2006 in
2738 1954 2968 2007 consilio
2993 1964 3328 2020 sanctorum,

124 2034 218 2088 ‘H.
262 2036 469 2105 Μέγας
495 2038 587 2090 καὶ
611 2037 841 2110 φοϐερός
860 2042 1008 2093 ἐστιν
1038 2042 1128 2094 ἐπὶ
1148 2042 1354 2105 πάντας
1385 2042 1510 2104 τοὺς
1533 2041 1659 2113 περί

1834 2040 1921 2094 14.
1953 2040 2182 2110 Magnus
2205 2049 2258 2096 et
2293 2043 2550 2097 terribilis
2598 2059 2761 2114 super
2791 2059 2984 2099 omnes
3017 2046 3109 2115 qui
3141 2046 3194 2098 in
3225 2047 3330 2099 cir-

65 2124 245 2196 κύκλῳ
279 2128 481 2182 αὑτοῦ.

1763 2133 1909 2188 cuitu
1939 2135 2056 2202 ejus
2078 2143 2221 2187 sunt.

137 2216 223 2270 15.
265 2218 453 2288 Κύριε
479 2219 506 2272 ὁ
539 2219 670 2284 Θεὸς
701 2221 806 2276 τῶν
840 2222 1139 2294 δυνάμεων,
1168 2223 1248 2285 τίς
1285 2223 1468 2293 ὅμοιός
1505 2240 1622 2291 σοις

1835 2225 1922 2278 15.
1953 2223 2198 2288 Domine,
2234 2224 2374 2278 Deus
2408 2223 2694 2291 virtutum,
2729 2227 2850 2294 quis
2888 2227 3082 2282 similis
3115 2229 3257 2284 tibi?

133 2307 218 2361 16.
241 2312 490 2374 Δυνατὺς
511 2308 579 2381 εἴ,
601 2312 792 2384 Κύριε,
813 2317 908 2370 καὶ
927 2317 960 2388 ή
976 2315 1203 2387 ἁλήθειὰ
1218 2332 1309 2368 σου
1326 2315 1523 2368 κύκλου
1545 2333 1657 2372 σου.

1839 2318 1926 2373 16.
1959 2315 2159 2372 Potens
2184 2333 2262 2385 es,
2294 2316 2541 2382 Domine,
2573 2327 2624 2372 et
2663 2321 2859 2376 veritas
2894 2332 2986 2375 tua
3015 2324 3067 2377 in
3102 2324 3331 2379 circuitu

1771 2421 1881 2465 lllO.

136 2486 222 2540 17.
266 2488 342 2542 Σὺ
368 2489 656 2555 δεσπόζεις
687 2489 780 2543 τοῦ
812 2492 1042 2563 κράτους
1081 2491 1180 2562 τῆς
1213 2489 1482 2560 θαλάσσης
1503 2506 1516 2518 ⁸

1293 2489 1516 2560 ίὰσσης·
1837 2500 1920 2553 17.
1963 2499 2043 2554 Tu
2078 2501 2376 2557 dominaris
2405 2503 2656 2572 potestati
2693 2504 2895 2559 maris:

140 2581 226 2635 18.
267 2581 377 2636 Τὸν
406 2583 466 2636 δὲ
493 2585 652 2637 σάλον
670 2585 778 2639 τῶν
800 2585 1060 2656 κυμάτων
1080 2583 1250 2653 αὐτῆς
1269 2583 1330 2636 σὺ
1351 2580 1668 2652 καταπραΰο

1572 2580 1668 2636 αῢο
1846 2593 1932 2647 18.
1971 2592 2174 2648 Motum
2211 2604 2389 2649 autem
2423 2592 2683 2648 ﬂuctuum
2710 2596 2828 2665 ejus
2853 2603 2907 2647 tu
2938 2596 3174 2666 mitigas.

74 2687 199 2734 νεις.

1215 2844 1584 2902 ΑΤΒΑΝΑδΙΙ
1623 2841 2214 2900 INTERPRETATIO.

142 3044 194 3098 2.
237 3044 321 3098 Τὰ
348 3047 750 3119 προστάγμὰτὰ
781 3066 872 3101 σου
903 3048 1141 3120 κηρύξω.

1059 3048 1141 3115 Ξω,
1838 3045 1890 3098 2.
1919 3042 2194 3114 Prmcepta
2225 3053 2315 3100 tua
2340 3045 2661 3114 praedicabo.

143 3136 336 3190 5.”Οτι
377 3141 696 3212 ὲπηγγείλω
726 3142 1082 3206 ἀδιαλείπτως
1105 3141 1194 3196 τὸν
1217 3141 1512 3213 ἠλεημένον
1533 3141 1662 3196 λαὸν

1838 3139 1888 3192 5.
1925 3137 2062 3202 Quia
2095 3137 2462 3191 indesinenter
2511 3137 2839 3192 denuntiasti
2884 3136 3141 3206 populum
3167 3137 3331 3191 mise-

81 3232 437 3302 περιποιῆσὰι
465 3233 542 3304 (1)
575 3236 654 3297 είς
681 3235 990 3307 οἰκοδομήν.

1765 3229 2058 3285 ricordiam
2086 3229 2336 3298 adeptum
2373 3231 2648 3298 possidere
2679 3231 2732 3283 in
2760 3227 3189 3284 aedificationem.

146 3320 198 3373 -1,
224 3320 314 3373 Ἐν
337 3327 458 3388 τοῖς
484 3326 660 3393 ἁγίοις
687 3327 719 3396 ἠ
747 3325 927 3391 πίστις
957 3328 1053 3400 (2).

795 3325 927 3391 ίστις
957 3328 1053 3400 (2).
1837 3323 1892 3376 4.
1923 3321 1983 3376 In
2008 3320 2214 3377 sanctis
2248 3320 2397 3376 ﬁdes.

148 3413 198 3465 5.
226 3412 680 3488 Ἑπηγγειλάμην
699 3422 809 3482 τοῖς
825 3420 997 3488 ἁγίοις
1026 3420 1124 3492 τὴν
1152 3419 1424 3490 βασιλείαν
1446 3437 1542 3489 μου
1563 3419 1659 3487 (5).
1691 3439 1733 3497 C

1377 3437 1424 3472 ιν
1446 3437 1542 3489 μου
1563 3419 1659 3487 (5).
1691 3439 1733 3497 C
1837 3419 1889 3473 5.
1922 3417 2256 3472 Annuntiavi
2280 3416 2482 3471 sanctis
2516 3431 2739 3486 regnum
2778 3431 2979 3470 meum.

147 3501 198 3555 6.
239 3504 366 3568 Τοῖς
394 3506 538 3559 κατὰ
573 3508 665 3560 τὸν
700 3509 861 3560 Δασὶδ
889 3513 1080 3580 πραεῖς
1123 3509 1366 3582 [πραέσι]
1413 3514 1479 3580 τῇ
1535 3527 1667 3579 καρ-

1136 3509 1366 3581 ξπραέσι]
1413 3514 1479 3580 τῇ
1535 3527 1667 3579 καρ-
1838 3508 1889 3562 6.
1923 3508 2082 3562 Juxta
2112 3508 2278 3563 David
2309 3509 2531 3563 mitibus
2557 3510 2738 3563 corde.

88 3597 167 3667 δίᾳ
188 3600 283 3669 (4).

153 3689 201 3743 7.
243 3692 558 3764 Προαγάγω
592 3696 648 3748 ἐν
683 3694 760 3765 τῷ
788 3695 998 3766 κόσμῳ.

985 3735 998 3749 .
1845 3686 1894 3741 7.
1927 3684 2232 3740 Producam
2267 3686 2319 3739 in
2357 3685 2581 3740 mundo.

154 3781 205 3839 8.
245 3784 366 3856 Τὴν’
387 3787 666 3858 βασιλείαν
690 3805 805 3842 σου.

767 3815 805 3842 ι.
1837 3786 1890 3842 8.
1925 3786 2170 3858 Regnum
2200 3797 2369 3842 tuum.

151 3872 201 3928 9.
241 3878 603 3950 Διηγήσονται
647 3882 696 3932 οἱ
744 3880 1027 3934 ἀπόστολοι
1059 3881 1150 3933 καὶ
1191 3879 1267 3950 (5)
1317 3879 1365 3932 οἱ
1413 3879 1555 3946 ἆγιοι
1599 3879 1664 3934 τὰ

1624 3879 1664 3934 τὰ
1840 3881 1891 3936 9.
1923 3879 2230 3934 Narrabunt
2259 3879 2490 3949 apostoli
2524 3887 2577 3934 et
2610 3880 2784 3934 sancti
2810 3879 3082 3935 mirabilia
3113 3891 3226 3938 tua.

92 3962 364 4036 θαυμάσιὰ
400 3987 518 4026 σου.

155 4056 239 4113 10.
278 4062 390 4115 Καὶ
411 4063 522 4136 γὰρ
545 4065 644 4133 τὴν
663 4065 843 4118 πίστιν
862 4082 954 4118 σου
973 4067 1032 4118 ὲν
1047 4064 1124 4135 τῷ
1141 4065 1330 4135 πλήθει
1345 4064 1453 4117 τῶν
1473 4065 1662 4131 ἁγίων.

1840 4061 1924 4116 10.
1951 4061 2161 4118 Etenim
2185 4060 2342 4116 ﬁdem
2365 4070 2513 4114 tuam
2543 4061 2597 4113 in
2625 4062 2967 4117 multitudine
2997 4071 3331 4117 sanctorum.

160 4149 241 4216 11,
271 4154 358 4208 12.
393 4156 472 4228 (6')
507 4157 602 4220 Τίς
630 4156 737 4212 τῶν
765 4156 1057 4229 προφητῶν
1083 4157 1115 4228 ἢ
1142 4157 1250 4210 τῶν
1290 4157 1458 4224 ἁγίων
1494 4156 1664 4210 ίσοδύ-

1840 4155 1927 4223 11,
1960 4155 2044 4209 η.
2082 4154 2215 4221 Quis
2259 4154 2644 4224 prophetarum
2674 4165 2768 4208 aut
2807 4164 3118 4209 sanctorum
3148 4169 3333 4225 mqua-

93 4255 238 4295 ναται
281 4241 421 4299 εἶναι
463 4246 557 4300 τοῦ
605 4248 810 4319 Κυρίου
839 4247 952 4320 [τῷ
987 4247 1246 4319 Κυρίῳ];
1297 4248 1523 4301 Ἐκεῖνοι
1557 4245 1665 4317 γὰρ

1767 4249 1834 4304 lis
1864 4264 1986 4304 esse
2032 4257 2208 4318 potest
2257 4246 2526 4301 Domino?
2554 4245 2632 4301 llli
2680 4247 2826 4303 enim
2869 4247 3042 4318 gratia
3087 4248 3329 4318 ejusdem

98 4330 225 4384 κατὰ
256 4334 417 4407 χάριν
451 4336 617 4391 αὑτοῦ
646 4339 741 4392 τοῦ
787 4338 959 4410 Ἰησοῦ
993 4341 1097 4392 είσι
1126 4340 1230 4392 υίοὶ
1257 4338 1348 4392 τοῦ
1381 4338 1538 4405 Θεοῦ,
1563 4338 1660 4390 αὑ-

1323 4338 1348 4391 ῦ
1381 4338 1538 4405 Θεοῦ,
1563 4338 1660 4390 αὑ-
1765 4340 1891 4398 Jesu
1920 4351 2046 4397 sunt
2072 4339 2161 4395 Dei
2195 4340 2310 4404 ﬁlii,
2347 4341 2463 4410 ipse
2494 4348 2674 4395 autem
2712 4351 2925 4396 natura.

97 4419 178 4482 τὸς
201 4422 255 4476 δὲ
285 4428 427 4482 κατὰ
456 4428 636 4499 φύσιν.

163 4514 245 4571 13.
266 4520 353 4574 Ἐν
384 4525 506 4589 ταῖς
537 4524 784 4596 καρδίαις
819 4525 1015 4579 αὐτῶν.

935 4525 1015 4579 Iw.
1834 4520 1921 4574 15.
1948 4517 2005 4572 1η
2033 4517 2292 4573 cordibus
2325 4531 2537 4571 eorum.

162 4609 243 4664 H.
263 4615 674 4690 Ἀκατὰληπτος
694 4619 786 4671 καὶ
813 4619 1216 4690 παντοδῦναμός
1240 4619 1384 4671 ἐστιν
1407 4617 1501 4670 ἐπὶ
1522 4615 1656 4668 πάν-

1837 4613 1921 4666 16.
1960 4608 2524 4678 lncompreheusibilis
2572 4614 2624 4662 et
2660 4606 3005 4677 omnipotens
3054 4615 3136 4662 est
3174 4620 3337 4678 super

102 4710 188 4763 τις
211 4707 330 4771 τοὺς
359 4710 550 4780 ἁγίους
581 4711 765 4766 αὐτοῦ.

1767 4721 1960 4763 omnes
1984 4713 2206 4760 sanctos
2237 4717 2390 4758 SUOS.

165 4793 246 4850 15.
283 4800 666 4876 Φιλάνθρωπος
691 4806 783 4858 καὶ
810 4805 1076 4877 ἐλεήμων.
1697 4803 1741 4857 Ῑ)

1065 4846 1076 4860 .
1697 4803 1741 4857 ῐ)
1841 4799 1929 4855 15.
1965 4797 2239 4868 Benignus
2260 4804 2312 4851 et
2337 4793 2667 4850 misericors.

167 4885 247 4941 16.
288 4895 348 4946 υί
381 4895 528 4964 ἁγιοί
564 4912 680 4950 σου.

655 4922 680 4950 π.
1840 4889 1924 4944 16.
1953 4887 2137 4943 Sancti
2163 4889 2257 4942 tui.

168 4976 245 5034 17.
284 4983 471 5058 Πὰσης
506 4986 639 5057 ὁμοῦ
674 4988 772 5058 τῆς
797 4989 1116 5060 οἰκουμένης
1141 4985 1384 5051 ἐξουσίαν
1415 4984 1492 5055 (7)
1519 4983 1665 5054 ἔχεις

1835 4983 1921 5037 17.
1961 4981 2152 5036 Totius
2203 4978 2365 5034 simul
2412 4978 2654 5034 universi
2700 4985 3023 5048 potestatem
3073 4977 3238 5033 habes
3278 4984 3336 5034 ut

108 5063 173 5130 ὡς
196 5069 518 5149 δημιουργὸς
545 5079 735 5150 αὐτῆς.

1766 5073 2010 5145 ejusdem
2048 5078 2287 5128 creator.
2341 5131 2351 5147 _

168 5162 245 5220 18.
284 5169 422 5233 Τοὺς
447 5175 784 5242 πειρασμοὺς
808 5174 976 5245 αὐτῆς
1006 5173 1326 5244 ἀνισχύρους
1353 5172 1546 5233 ποιεῖς.

1302 5188 1326 5234 ς
1353 5172 1546 5233 ποιεῖς.
1839 5166 1924 5220 18.
1960 5164 2311 5220 Tentationes
2338 5162 2457 5233 ejus
2483 5162 2727 5217 inﬁrmas
2756 5159 2904 5216 facis.

1041 5397 1345 5460 Addenda
1377 5403 1437 5460 et
1485 5393 1863 5475 corrigenda
1894 5410 1971 5454 ex
2007 5392 2150 5456 cod.
2184 5391 2384 5452 Vatic.

261 5587 690 5666 I_I_s.ptmtsir30az.

1945 5581 2006 5666 εἰ
2033 5577 2340 5666 ἁπὸσντολοι,
2365 5578 2458 5666 καὶ
2482 5577 2698 5666 desunt.
3047 5648 3069 5658 α
3106 5645 3147 5666 ν
3237 5645 3247 5657 ,

276 5645 454 5726 “fw”;
492 5678 606 5713 σου,
1760 5725 1805 5730 __
1946 5651 2024 5730 Ιγᾷ
2053 5651 2132 5730 11,
2167 5651 2278 5712 Τίς.
2305 5690 2317 5702 .
2343 5648 2779 5730 .-{O:9;-55v913t
2810 5664 2948 5727 ειναι
2984 5648 3074 5700 τοῦ
3106 5645 3337 5718 Κυρίου,

277 5729 388 5784 Σου.
436 5718 453 5726 ⁷
1760 5718 1947 5785 Ν.’1ίὶ,
1968 5723 2262 5794 Ἐκεῖνοι...
2301 5719 2391 5774 τοῦ
2419 5719 2547 5774 Υίοῦ
2577 5718 2670 5772 τοῦ
2700 5718 2858 5772 Θεοῦ.

176 5791 244 5865 (1)
280 5800 470 5873 "paci;
497 5799 615 5856 οὖσι
646 5803 785 5859 κατὰ
816 5802 910 5873 τὴν
942 5803 1163 5873 καρδίαν
1193 5818 1311 5876 μου.
1831 5794 1905 5868 (7)
1948 5794 2016 5845 Σὺ
2047 5792 2316 5857 ἐξουσίαν.
