4098 6318
697 353 831 408 1027
1531 353 1586 407 S.
1628 352 1998 407 ATllANASll
2037 353 2186 410 OPP.
2223 352 2404 410 PARS
2441 353 2531 412 lll.
2565 387 2636 397 —
2673 355 3085 415 EXEGETICA.
3818 354 3958 412 1028

766 469 854 524 l9.
887 466 967 520 Tu
992 467 1287 521 humiliasti
1315 467 1456 522 sicut
1485 466 1827 522 vulneratum
1859 466 2181 535 superbum:
2286 470 2333 527 Α

2301 470 2333 527 λ
2431 465 2518 520 19.
2559 465 2629 518 Σὺ
2659 465 3027 529 ὲταπείνωσας
3049 464 3124 528 ὡς
3150 466 3486 535 τραυματίαν
3511 466 3881 540 ὑπερήφανον
3906 489 3919 501 ·

764 560 854 613 20.
900 560 958 613 ln
1008 560 1227 616 brachio
1263 560 1476 614 virtutis
1524 569 1630 614 tua:
1675 557 1978 628 dispersisti
2009 556 2259 612 inimicos

2428 557 2519 611 20.
2548 558 2635 610 Ἐν
2671 558 2749 628 τῷ
2792 558 3033 628 βραχίονι
3063 558 3163 628 τῆς
3187 558 3467 629 δυνάμεώς
3500 577 3592 614 σου
3621 562 3954 633 διεσκόρπι-

695 661 839 707 ιυοε.

2364 666 2460 711 σας
2489 649 2616 710 τοὺς
2643 647 2868 719 ἐχθρούς
2903 666 3015 702 σου.

765 746 853 800 21.
883 743 984 798 Tui
1021 755 1149 799 sunt
1174 743 1297 798 caeli
1332 751 1384 797 ct
1410 754 1499 798 tua
1528 754 1608 799 est
1635 755 1780 798 terra
1813 758 1826 794 :

2429 738 2518 792 2l.
2560 737 2650 789 Σοί
2688 739 2825 790 εἰσιν
2851 739 2900 790 οἰ
2926 739 3164 810 οὐρανοὶ,
3197 739 3289 792 καὶ
3319 740 3383 810 σή
3420 740 3562 794 ἐστιν
3594 744 3627 813 ἡ
3655 743 3734 814 γῆ
3759 760 3773 773 ·

763 839 850 893 22.
879 837 1078 892 Orbem
1134 845 1287 891 terra:
1334 846 1387 892 et
1429 837 1822 906 plenitudinem
1867 833 1985 903 ejus
2035 842 2092 888 tu
2136 832 2260 888 luu-

2427 830 2518 885 22.
2560 831 2671 901 Τὴν
2695 832 3018 902 οἰκουμένην
3047 831 3139 886 καὶ
3162 831 3223 886 τὸ
3245 831 3512 904 πλήρωμα
3537 834 3708 905 αὐτῆς
3746 836 3820 889 σὺ
3847 836 3955 889 ἑθε-

694 930 853 985 dasti.

2363 918 2658 988 μελίωσας.

763 1025 856 1077 25.
884 1020 1204 1091 Aquilonem
1237 1027 1290 1074 et
1318 1033 1470 1073 mare
1497 1027 1554 1072 tu
1586 1018 1781 1074 creasti
1810 1036 1825 1072 :

2427 1011 2517 1066 25.
2559 1013 2661 1064 Τὸν
2690 1014 2888 1084 βορρᾶν
2913 1012 3006 1066 καὶ
3034 1013 3132 1084 τὴν
3161 1013 3434 1067 θάλασσαν
3459 1016 3520 1069 σὺ
3549 1015 3786 1082 ἔκτισας
3809 1036 3823 1048 ·

762 1112 852 1166 24.
888 1111 1105 1165 Tliabor
1149 1120 1202 1165 ct
1249 1109 1486 1165 llermon
1532 1110 1586 1163 in
1618 1109 1835 1163 nomine
1878 1116 1974 1163 tuo
2015 1107 2258 1162 exsulta-

2429 1103 2519 1158 24.
2560 1103 2756 1176 Θαθὼρ
2782 1105 2874 1158 καὶ
2905 1106 3119 1177 Ἐρμὼν
3143 1107 3201 1160 ὲν
3226 1106 3302 1177 τῷ
3329 1105 3547 1178 ὀνόματί
3569 1126 3660 1163 σου
3678 1111 3955 1178 ἀγαλλιὰ-

692 1208 865 1259 bunt:

2363 1213 2544 1250 σονται
2565 1213 2576 1226 ⁸

760 1270 849 1348 25.
887 1293 1063 1346 Tuum
1093 1290 1378 1344 brachium
1411 1306 1532 1344 cum
1565 1291 1832 1360 polentia.

2427 1289 2518 1342 25.
2559 1288 2656 1352 Eo;
2688 1291 2716 1342 6
2749 1289 2986 1360 βραχίων
3019 1292 3156 1361 μετὰ
3178 1291 3507 1356 δυναστείας.

763 1385 851 1440 26.
890 1385 1160 1437 Firmctur
1206 1399 1398 1437 manus
1442 1392 1571 1450 tua,
1622 1391 1675 1437 ct
1726 1383 1995 1438 cxaltetur
2039 1384 2260 1441 dextera

2428 1379 2518 1435 26.
2559 1381 2969 1452 Κραταιωθήτω
2993 1383 3026 1453 ἡ
3048 1383 3165 1454 χείρ
3183 1400 3298 1448 σου,
3319 1383 3627 1456 ύψωθήτωή
3647 1385 3815 1452 δεξιά
3834 1404 3950 1442 σω.

691 1488 804 1534 tua.

758 1573 849 1629 27.
880 1571 1098 1625 Justitia
1130 1579 1180 1624 et
1204 1569 1494 1639 judicium,
1527 1570 1857 1638 praeparatio
1888 1570 2030 1625 sedis
2062 1579 2186 1625 tuae.

2426 1561 2516 1615 27.
2558 1563 2876 1634 Δικαιοσύνη
2895 1562 2988 1615 καὶ
3008 1565 3181 1634 κρῖμα
3198 1565 3478 1635 ὲτοιμασία
3494 1564 3582 1618 τοῦ
3600 1566 3806 1637 θρόνου
3831 1586 3951 1623 σου.

758 1665 849 1718 28.
898 1662 1266 1717 Misericordia
1327 1669 1380 1715 et
1427 1661 1626 1714 veritas
1691 1661 1996 1731 precedent
2056 1660 2256 1718 faciem

2427 1654 2517 1708 28.
2537 1654 2722 1718 Ἔλεος
2761 1655 2855 1707 καὶ
2887 1654 3112 1724 ἀλήθεια
3154 1648 3605 1728 προπορεύσονται
3631 1661 3742 1730 πρὸ
3772 1679 3953 1734 προσ-

691 1765 839 1811 tuam
869 1771 883 1808 :

2359 1745 2507 1799 ώπου
2539 1763 2630 1798 σου
2652 1761 2662 1775 ·

759 1849 849 1900 29.
880 1848 1075 1901 Beatus
1111 1846 1341 1915 populus
1373 1846 1463 1914 qui
1502 1844 1606 1899 scit
1629 1844 2033 1915 jubilationcm.
2289 1839 2330 1894 B

2289 1839 2330 1894 B
2429 1840 2517 1894 29.
2560 1838 2845 1909 Μακάριος
2868 1840 2896 1890 6
2929 1839 3054 1905 λαὸς
3082 1842 3111 1894 6
3140 1841 3422 1910 γινώσκων
3453 1844 3796 1916 ἀλαλαγμόν.

759 1940 849 1992 50.
883 1937 1129 2004 Domine,
1155 1937 1207 1990 in
1240 1937 1445 1990 lumine
1470 1937 1652 1990 vultus
1691 1935 1767 1989 tui
1794 1936 2188 1990 ambulabunt:

2432 1932 2520 1986 50.
2562 1932 2753 2001 Κύριε,
2771 1933 2827 1984 ὲν
2846 1930 2922 2001 τῷ
2949 1935 3089 2002 φωτὶ
3106 1935 3199 1989 τοῦ
3217 1935 3509 2008 προσώπου
3531 1956 3619 1991 σου
3640 1937 3951 2009 πορεύσον-

2360 2042 2472 2078 ται·

756 2141 844 2196 51.
878 2140 942 2194 Ει
973 2143 1026 2195 in
1057 2141 1277 2195 nomine
1308 2149 1399 2194 tuo
1435 2140 1784 2196 exsultabunt
1808 2149 1917 2198 tota
1949 2141 2036 2197 die
2067 2160 2081 2198 :
2371 2211 2374 2225 Ι

2360 2228 2374 2262 1

2430 2119 2522 2173 51.
2561 2121 2670 2174 Καὶ
2699 2122 2755 2174 ἐν
2778 2121 2856 2192 τῷ
2885 2121 3106 2193 ὀνόματί
3128 2139 3218 2175 σου
3256 2122 3670 2191 ἁγαλλιάσονται
3689 2125 3829 2196 ὅλην
3847 2125 3949 2196 τὴν

2360 2210 2570 2281 ἡμέραν
2589 2227 2605 2244 °

2403 2227 2570 2282 μεραν
2589 2227 2605 2244 ο

758 2299 846 2356 52.
884 2299 950 2355 Ει
981 2301 1032 2354 in
1064 2301 1270 2371 justitia
1297 2309 1387 2357 tua
1410 2303 1820 2358 exaltabuntur.

2431 2304 2520 2358 52.
2561 2304 2671 2358 Καὶ
2705 2306 2763 2358 ὲν
2791 2307 2854 2376 τῇ
2882 2305 3192 2377 δικαιοσύνῃ
3228 2324 3320 2361 σου
3351 2306 3749 2379 ὑψωθήσονται.

758 2391 846 2444 55.
879 2389 1144 2457 Quoniam
1177 2393 1343 2462 gloria
1376 2393 1589 2447 virtutis
1618 2407 1808 2446 eorum
1837 2397 1896 2445 tu
1924 2406 1984 2447 es
2011 2408 2024 2446 :

2431 2396 2656 2450 55.”Οτι
2682 2397 2941 2468 καύχημα
2965 2399 3064 2469 τῆς
3091 2397 3368 2468 δυνάμεως
3393 2399 3568 2453 αὐτῶν
3601 2400 3666 2452 σὺ
3699 2393 3766 2453 εἴ.

761 2485 850 2538 54.
887 2483 952 2538 Ει
983 2485 1035 2537 in
1082 2485 1422 2555 beneplacito
1467 2495 1563 2540 tuo
1602 2485 1926 2540 cxaltabitur
1955 2499 2123 2541 cornu
2156 2498 2255 2538 no-

2431 2488 2518 2540 54.
2563 2489 2671 2542 Καὶ
2713 2490 2771 2541 ὲν
2810 2491 2876 2559 τῇ
2923 2489 3140 2559 εὐδοκία
3179 2506 3270 2542 σου
3302 2489 3644 2561 ὑψωθήσεται
3679 2491 3742 2545 τὺ
3766 2489 3943 2562 κέρας

693 2585 886 2630 strum.

2361 2578 2539 2647 ἡμῶν.

1802 2729 2179 2787 ATllANASll
2214 2729 2791 2788 INTERPRETATIO.

758 2843 843 2897 l9.
879 2839 1184 2900 Diabolum.

2424 2849 2511 2903 19.
2553 2849 2656 2901 Τὸν
2684 2846 2942 2901 διάϐολον.

750 2935 925 2990 20.1n
984 2936 1300 2993 fortitudine
1334 2937 1455 2992 Filii
1499 2940 1573 2993 tui
1626 2939 1909 3009 perdidisti
1956 2940 2257 2996 contrarias

2426 2941 2516 2994 20.
2536 2939 2627 2995 Ἐν
2652 2943 2719 3011 τῇ
2750 2939 2893 3011 ἰσχύϊ
2921 2938 3013 2993 τοῦ
3045 2937 3174 2993 Υἰοῢ
3206 2955 3300 2992 σου
3324 2937 3614 3004 ἀπώλεσας
3641 2937 3745 3004 τὰς
3778 2941 3935 2997 ἐναν-

690 3035 1005 3094 potcstales.
2293 3098 2308 3104 -

2293 3098 2325 3104 _
2356 3033 2475 3097 τίας
2499 3033 2776 3104 δυνάμεις.

760 3117 845 3172 21.
883 3116 983 3169 Tui
1032 3125 1158 3171 sunt
1189 3118 1361 3171 sancti
1396 3117 1471 3171 tui
1516 3118 1570 3171 in
1616 3119 1774 3184 cmlo,
1809 3128 1862 3174 et
1906 3130 2092 3191 gentes
2135 3135 2254 3176 cre-
2283 3098 2326 3158 C

2319 3100 2326 3156 ⁵
2427 3126 2517 3182 ει.
2558 3098 2646 3178 Σοὶ
2676 3128 2811 3179 εἰσιν
2837 3125 2911 3196 (ι)
2935 3125 2986 3178 οἱ
3017 3124 3174 3195 ἐντῷ
3199 3123 3409 3194 ούρανῷ
3436 3123 3581 3192 amr
3606 3140 3722 3189 σου,
3748 3126 3937 3180 καιτά

688 3210 876 3263 dentes
910 3209 962 3260 in
992 3216 1043 3262 te
1069 3227 1082 3262 :
1115 3209 1364 3264 similiter
1406 3220 1460 3265 et
1491 3211 1691 3266 cadum
1720 3220 1776 3267 et
1808 3220 1953 3268 terra
1989 3222 2080 3267 tua
2108 3222 2254 3280 sunt,

2359 3215 2482 3286 ἔθνη
2522 3213 2591 3266 τὰ
2625 3213 2944 3267 πιστεύοντα
2982 3216 3061 3276 εἰς
3098 3216 3156 3267 σέ
3177 3231 3189 3244 ·
3224 3214 3424 3284 ὁμοίως
3454 3213 3549 3266 καὶ
3578 3215 3721 3268 κατά
3754 3215 3815 3268 τὸ
3843 3214 3935 3286 δη-

689 3301 816 3371 quia
845 3315 906 3355 ca
939 3301 1160 3356 creasti.

2362 3309 2747 3382 μιουργητικὸν
2785 3306 2950 3361 αὐτοῦ
2985 3309 3120 3360 εἰσιν
3149 3307 3198 3359 οἱ
3227 3307 3444 3376 οὐρανοὶ
3477 3307 3570 3359 καί
3599 3309 3632 3377 ἡ
3661 3307 3757 3377 γῆ.

757 3392 846 3444 22.
877 3391 1078 3447 Omnes
1107 3391 1271 3446 simul
1301 3391 1550 3446 homines
1583 3391 1824 3449 fundasti
1856 3395 1911 3449 in
1937 3395 2040 3451 ﬁde
2073 3406 2184 3451 tua.

2426 3401 2516 3455 22.
2559 3401 2772 3462 Πάντας
2801 3398 2934 3470 ὁμοῦ
2970 3399 3092 3462 τοὺς
3130 3396 3445 3470 ἀνθρώπους
3481 3397 3848 3468 ἐθεμελίωσας
3877 3402 3933 3452 ἐν

2355 3495 2420 3563 τῇ
2458 3493 2635 3545 πίστει
2668 3509 2782 3546 σου.

757 3572 847 3625 25.
880 3569 1242 3624 Adversantcs
1269 3567 1364 3624 tibi
1389 3566 1627 3637 Judzeos,
1659 3579 1714 3626 ct
1744 3572 2008 3628 mundum
2047 3583 2103 3627 tu
2131 3589 2254 3628 rur-

2423 3585 2511 3638 25.
2554 3585 2689 3646 Τοὺς
2715 3584 3153 3654 ἐναντιουμένους
3178 3601 3258 3636 σοι
3293 3582 3577 3646 Ἰουδαίους
3611 3583 3818 3638 καὶτὸν
3848 3585 3931 3638 κό-

688 3679 782 3720 SUS
809 3664 1103 3718 ι’θῐιονὶιειὶ-
2364 3695 2497 3748 σμον
2532 3678 2596 3729 σὺ
2627 3675 2787 3729 πάλιν
2817 3677 3180 3737 ἁνεκαίνισας.

757 3759 846 3812 24.
882 3756 1048 3814 Electi
1079 3757 1157 3810 tui
1187 3764 1241 3811 et
1269 3763 1581 3825 peccatores
1610 3757 1662 3809 in
1696 3759 1915 3812 nomine
1938 3766 2030 3814 tuo
2055 3760 2254 3830 gaude-

2423 3770 2511 3823 2-5.
2554 3769 2616 3820 Ui
2649 3768 2890 3821 ἐκλεκτοί
2925 3785 3014 3819 σου
3049 3767 3140 3821 καὶ
3173 3768 3220 3819 οἰ
3255 3766 3568 3838 ἁμαρτωλοὶ
3619 3769 3678 3821 ὲν
3710 3769 3789 3839 τῷ
3816 3770 3927 3824 6νὸ-

689 3856 844 3906 bunt.

2359 3863 2486 3933 ματί
2513 3878 2604 3914 σου
2631 3861 2959 3933 χαρίσονται.

756 3939 846 3993 25.
881 3936 1050 3992 Filius
1083 3945 1207 3993 tuus
1231 3938 1324 4008 qui
1352 3946 1545 4008 potens
1574 3949 1678 3992 est.

2421 3956 2509 4008 25.
2555 3955 2652 4018 Σὸς
2680 3957 2706 4006 ὁ
2742 3955 2866 4016 Υἱὸς
2894 3957 2922 4006 6
2947 3953 3170 4016 δυνατός
3205 3951 3301 4023 (2).

756 4033 846 4089 26.
883 4031 1089 4101 chuet
1129 4029 1301 4086 Filius
1329 4040 1475 4096 tuus,
1507 4039 1560 4084 et
1600 4030 1930 4098 gloriﬁectur
1962 4041 2087 4088 tuus
2117 4032 2253 4087 Uni-

2421 4045 2509 4099 26.
2550 4045 2887 4100 Βασιλευὲτω
2917 4045 2992 4116 (5)
3040 4047 3069 4097 6
3101 4045 3227 4109 Υἱός
3275 4062 3390 4110 σου,
3425 4047 3520 4099 καὶ
3563 4045 3870 4118 δοξασθήτω
3899 4047 3926 4099 ΰ

687 4129 917 4199 genitus.

2353 4140 2662 4208 Μονογενής
2693 4156 2804 4192 σου.

752 4221 842 4274 27.
872 4220 1141 4276 Severitas
1174 4228 1228 4276 et
1253 4220 1482 4289 aequitas
1514 4219 1567 4272 in
1595 4229 1690 4272 tuo
1723 4220 2002 4273 tribunali.

2423 4232 2509 4285 27.
2552 4231 2853 4301 Λὶσηρὸτης
2883 4230 2959 4300 (4)
2986 4231 3078 4283 καὶ
3107 4230 3570 4301 ἀπροσωποληψία
3609 4233 3673 4286 ὲν
3717 4231 3798 4303 τῷ
3835 4231 3924 4302 βή-

2357 4323 2486 4392 ματί
2521 4340 2636 4376 σου.

3841 4415 3863 4432 δ

754 4400 924 4456 28.1η
961 4402 1212 4471 praesenti
1244 4410 1421 4455 autem
1459 4403 1656 4457 sarculo
1686 4403 1815 4458 ﬁdes
1847 4412 1898 4458 ct
1933 4403 2246 4460 misericor-
2283 4460 2326 4486 n

2283 4460 2326 4486 n
2420 4416 2508 4469 28.
2539 4415 2627 4467 Ἐν
2663 4416 2717 4468 δὲ
2745 4415 2822 4486 τῷ
2859 4414 2951 4468 νῦν
2978 4413 3131 4468 αἰῶνι
3161 4414 3336 4478 πίστις
3363 4413 3457 4468 καὶ
3482 4415 3819 4486 ἐλεημοσύνη
3838 4415 3886 4470 δε

2283 4460 2326 4515 D

685 4494 771 4547 dia
803 4503 1033 4562 accepta:
1059 4494 1199 4562 apud
1238 4505 1307 4548 te.
2283 4494 2303 4515 ‘

1170 4494 1199 4547 d
1238 4505 1307 4548 te.
2283 4494 2326 4515 ν
2352 4507 2474 4558 κταὶ
2500 4504 2650 4576 παρὰ
2682 4505 2780 4558 σοί.

753 4583 844 4638 29.
874 4584 976 4649 Qui
1012 4600 1075 4638 ex
1102 4586 1265 4638 corde
1300 4601 1399 4639 suo
1423 4586 1606 4654 gemit.

2420 4596 2509 4650 29.
2537 4596 2594 4649 '0
2619 4596 2681 4648 ἐκ
2704 4596 2800 4666 τῆς
2823 4594 3046 4666 καρδίας
3072 4595 3237 4649 αὐτοῦ
3269 4595 3455 4649 πενθεῖ
3483 4596 3582 4667 (5).

751 4677 841 4732 50.
875 4679 933 4730 In
969 4679 1139 4746 gratia
1161 4677 1282 4730 Filii
1312 4679 1407 4730 tui.

2420 4688 2509 4744 50.
2541 4689 2627 4743 Ἑν
2656 4691 2718 4759 τῇ
2751 4689 2932 4758 χάριτι
2959 4688 3052 4741 τοῦ
3084 4687 3214 4741 Υἱοῦ
3243 4706 3357 4743 σου.

751 4770 839 4823 51.
872 4769 1241 4825 Indesinenter
1265 4770 1317 4823 in
1338 4779 1539 4826 reterna
1563 4769 1744 4826 futura
1771 4771 1889 4828 luce
1915 4773 2245 4842 gaudebunt.

2421 4780 2508 4833 5i.
2535 4779 2914 4842 Ἀδια).εἰπτως
2958 4781 3016 4832 ἐν
3065 4779 3142 4849 τῷ
3190 4780 3346 4850 ἁῶίῳ
3382 4780 3520 4849 φωτί
3559 4780 3638 4852 τῷ
3680 4781 3917 4852 μέλλοντι

2352 4872 2678 4941 χαρίσονται.

749 4954 838 5009 52.
873 4954 939 5007 Ει
969 4953 1021 5006 ἰη
1053 4952 1192 5006 Filio
1225 4962 1315 5008 tuo
1349 4953 1817 5023 gloriﬁcabuntur.

2421 4961 2506 5014 '52.
2552 4963 2656 5013 Καὶ
2695 4963 2751 5013 ἐν
2788 4962 2864 5032 τῷ
2898 4962 3010 5032 Υίῷ
3040 4979 3130 5015 σου
3164 4962 3603 5036 δοξασθήσονται.

749 5047 835 5099 55.
862 5046 1125 5110 Quoniam
1159 5047 1209 5099 in
1240 5055 1290 5099 te
1313 5046 1611 5115 gloriantur
1641 5057 1693 5100 et
1720 5047 2167 5105 corroborantur.

2100 5066 2167 5105 ll".
2423 5051 2508 5104 55.
2531 5052 2649 5103 Ὅτι
2687 5052 2744 5104 ἐν
2785 5055 2864 5106 σοὶ
2893 5053 3199 5123 καυχῶνται
3225 5057 3319 5109 καὶ
3339 5054 3718 5126 δυναμοῦνται.

750 5137 836 5189 54.
868 5136 930 5189 Et
962 5138 1012 5189 in
1046 5138 1315 5191 voluntate
1349 5149 1437 5192 tua
1465 5150 1517 5195 et
1549 5140 1668 5194 Filii
1703 5142 1789 5195 ἰιιί
1839 5142 2098 5211 dirigetur
2139 5158 2239 5212 po-

2422 5141 2507 5195 54.
2551 5144 2660 5196 Καὶ
2698 5146 2754 5197 ὲν
2791 5145 2868 5215 τῷ
2916 5144 3177 5216 θελήματί
3228 5164 3339 5212 σου,
3378 5149 3472 5201 καὶ
3509 5148 3604 5201 τοῦ
3650 5146 3776 5202 Υίοῦ
3821 5163 3907 5200 σου

683 5239 847 5285 testas
880 5240 1085 5295 nostra,
1118 5249 1278 5301 quam
1315 5234 1469 5286 nobis
1501 5234 1567 5288 ab
1595 5235 1747 5289 initio
1773 5236 1988 5294 dedisti.

2349 5234 2782 5306 ἀνορθωθήσεται
2813 5238 2885 5307 (6)
2916 5241 2948 5308 ἡ
2997 5238 3211 5305 ἐξουσία
3245 5239 3420 5312 ἡμῶν,
3463 5242 3530 5313 ἢν
3571 5244 3706 5313 ἡμῖν
3734 5241 3789 5308 ἐξ
3813 5245 3903 5310 ἀρ’

2352 5327 2451 5397 χῆς
2479 5328 2734 5393 δέδωκας.

1623 5438 1927 5498 Addenda
1980 5450 2037 5500 et
2074 5441 2450 5520 corrigenda
2487 5462 2564 5506 ex
2587 5448 2726 5508 cod.
2767 5449 2966 5512 l'atic.

751 5561 822 5644 (ἰ)
863 5563 951 5615 Σοί
983 5565 1084 5616 εἰσι
1116 5565 1209 5618 καὶ
1239 5565 1308 5630 οἰ,
1340 5566 1637 5635 ῡιρίὉμως
1665 5564 1776 5628 καί,
1815 5578 1916 5621 etc.
1955 5566 2080 5636 Leg.
2109 5567 2242 5632 vitl.,

1280 5565 1308 5630 ἰ,
1340 5566 1637 5635 οιρ.”ομιι)ς
1665 5564 1776 5628 καί,
1815 5578 1916 5621 etc.
1955 5566 2080 5636 Leg.
2109 5567 2242 5632 vid.,
2424 5571 2500 5641 (4)
2539 5573 2898 5644 Αύστηρύτης.

675 5634 894 5707 ὁμοίως.
974 5706 978 5707 ν
1527 5634 1533 5635 ⁷
2045 5634 2054 5636 ἡ
2538 5634 2770 5698 ΠενΟιῖἰν.

749 5706 824 5786 (3)
851 5707 907 5786 ’9
939 5706 1025 5786 σὸς
1057 5709 1175 5786 Υἰᾷς
1206 5707 1439 5772 δυνατός.
2425 5706 2497 5781 (6,)
2518 5713 2918 5786 Ἀνορθωθήτω.

748 5777 818 5844 (3)
855 5778 1247 5832 Βασιλίυσάτω.
