4098 6318
170 350 336 408 1029
1037 354 1123 409 DE
1163 354 1435 410 TI’I‘ULIS
1465 354 1914 413 PSALMOIIUM.
1954 384 2023 397 —
2050 354 2250 410 PSAL.
2286 354 2614 410 LXXXVIII.
3295 359 3429 413 1050

253 469 487 525 55.Ὄτι
510 467 604 521 τοῦ
635 471 838 541 Κυρίου
873 474 905 543 ἡ
936 473 1240 545 ἀντίληψ⁸ς’
1797 481 1846 538 Α

1175 492 1240 539 ις,
1797 481 1846 538 Α
1946 476 2038 531 55.
2067 476 2204 542 Quia
2234 475 2446 530 Domini
2470 476 2793 546 assumptio,

253 561 353 616 56.
392 562 501 616 Καὶ
530 561 623 616 τοῦ
662 564 815 632 ἁγίου
850 566 1064 637 Ἰσραὴλ
1095 565 1357 637 βασιλέως
1390 565 1568 637 ήμῶν.

1291 584 1357 629 ως
1390 565 1568 637 ήμῶν.
1939 568 2028 623 56.
2059 567 2124 621 Et
2153 568 2327 623 sancti
2352 568 2513 623 Israel
2547 569 2691 637 regis
2719 567 2909 624 nostri.

253 654 350 707 57.
390 653 520 707 Τότε
552 654 816 723 ὲλάλησας
841 658 897 709 ἐν
924 659 1109 728 ὁράσει
1140 660 1252 722 τοῖς
1289 660 1424 720 υἱοῖς
1459 674 1573 720 σου,

1566 697 1573 719 ,
1939 660 2029 715 57.
2064 659 2216 715 Tunc
2244 659 2457 714 locutus
2483 674 2540 714 es
2574 660 2625 713 in
2654 661 2865 715 visione
2899 659 3025 715 ﬁliis
3058 659 3184 724 tuis,

252 744 349 799 58.
390 745 498 798 Καὶ
522 741 679 809 εἴπας
698 763 710 776 ·
751 747 983 820 Ἐθὲμην
1015 748 1263 820 βοήθειαν
1295 749 1387 800 ἐπὶ
1413 747 1636 801 δυνατόν
1658 763 1675 779 ’

1670 764 1675 776 ’
1937 749 2025 804 58.
2055 748 2120 804 Et
2139 750 2322 805 dixisti
2350 770 2362 804 :
2389 748 2553 806 Posui
2589 752 2920 821 adjutorinm
2950 752 3002 806 in
3029 760 3249 823 potente
3275 771 3288 807 :

253 833 349 887 59.
380 833 609 903 ’Ύψωσα
637 836 889 890 ἐκλεκτὸν
919 840 982 891 ἐκ
1014 838 1107 893 τοῦ
1137 837 1266 893 λαοῦ
1297 855 1422 908 μου.

1388 856 1422 889 ι.
1935 845 2023 898 59.
2061 844 2301 898 Exaltavi
2327 844 2558 899 electum
2589 845 2654 900 de
2685 845 2836 914 plebe
2865 861 3006 902 mea.

246 925 345 980 40.
380 921 550 997 Εὗρον
574 926 735 981 Δαϐὶδ
758 928 850 982 τὸν
874 929 1056 983 δοῦλόν
1094 947 1215 1001 μου·

1939 936 2029 990 40.
2059 936 2243 990 Inveni
2271 934 2437 991 David
2472 952 2687 991 servum
2710 951 2923 991 meum:

249 1017 348 1074 41.
390 1019 477 1071 Ἐν
506 1018 669 1090 ἐλαίῳ
699 1021 838 1093 ἁγίῳ
864 1040 962 1093 μου
991 1022 1182 1094 ἔχρισα
1201 1022 1382 1075 αὐτόν.

1290 1022 1382 1075 τόν.
1939 1026 2030 1081 41.
2058 1025 2189 1081 Oleo
2220 1037 2411 1083 sancto
2438 1043 2560 1083 meo
2593 1028 2725 1082 unxi
2762 1044 2908 1084 cum.

246 1109 347 1166 42.
393 1111 457 1164 Ἦ
488 1111 594 1185 γὰρ
627 1112 746 1185 χείρ
782 1132 879 1185 μου
916 1114 1360 1185 συναντιλήψεται
1391 1109 1559 1180 αὐτῷ’

1444 1109 1559 1180 δτίῖν
1935 1120 2022 1175 42.
2051 1119 2242 1175 Manus
2272 1121 2416 1174 enim
2448 1136 2567 1175 mea
2606 1120 2958 1175 auxiliabitur
2991 1120 3062 1175 ei.

246 1204 346 1258 45.
380 1204 490 1257 Καὶ
515 1203 543 1254 ὁ
571 1203 805 1275 βραχίων
831 1225 931 1277 μου
960 1207 1274 1279 κατισχύσει
1299 1205 1481 1259 αὐτόν.

1938 1213 2026 1266 45.
2057 1211 2121 1266 Et
2148 1213 2430 1267 brachium
2470 1229 2649 1267 meum
2677 1214 3002 1268 confortabit
3025 1230 3170 1269 eum.

250 1294 347 1347 44.
378 1294 489 1347 Οὐκ
516 1294 781 1366 ὡςρελήσει
802 1300 992 1371 ἐχθρὸς
1025 1302 1081 1354 ὲν
1116 1298 1284 1369 αὐτῷ’

1934 1302 2026 1360 44.
2057 1300 2199 1355 Nihil
2231 1301 2473 1370 proﬁciet
2501 1302 2756 1357 inimicus
2781 1303 2836 1355 in
2866 1318 2932 1357 eo
2959 1322 2970 1356 :

248 1386 345 1440 45.
374 1387 483 1439 Καὶ
531 1388 644 1451 υίὸς
688 1390 918 1462 ἀνομίας
966 1393 1026 1445 οὐ
1063 1387 1483 1463 προσθήσειτοῦ
1513 1383 1762 1441 κακῶσαι

1746 1404 1762 1438 ι
1936 1394 2027 1449 45.
2053 1392 2117 1447 Ει
2149 1394 2290 1448 Iilius
2324 1392 2626 1463 iniquitatis
2655 1409 2761 1448 non
2797 1403 3031 1464 apponet
3062 1409 3257 1450 nocere
3282 1393 3357 1451 ei.

165 1479 371 1533 αὐτόν.

241 1567 458 1625 46.Καὶ
482 1566 733 1637 συγκόψω
764 1566 870 1620 ἀπὸ
888 1566 1178 1637 προσώπου
1203 1565 1367 1619 αὐτοῦ
1390 1567 1513 1631 τοὺς
1538 1568 1762 1641 ἐχθροὺς

1689 1568 1762 1633 ὡς
1932 1563 2022 1623 46.
2048 1566 2114 1622 Ει
2136 1566 2416 1624 concidam
2447 1581 2479 1621 a
2510 1565 2646 1621 facie
2677 1566 2847 1636 ipsius
2875 1566 3126 1621 'nimicos
3156 1564 3307 1636 ejus:

164 1660 352 1715 αὐτοῦ
372 1679 386 1692 θ

245 1753 341 1807 47.
371 1752 480 1805 Kal.
505 1752 627 1814 τοὺς
662 1748 949 1821 μισοῦντας
983 1748 1143 1802 αὐτὸν
1169 1748 1547 1820 τροπὼσομαι.

1546 1792 1547 1799 η
1931 1746 2020 1801 47.
2052 1748 2116 1802 Et
2139 1747 2381 1803 odicntes
2403 1761 2527 1802 eum
2556 1745 2608 1799 in
2637 1744 2819 1817 fugam
2854 1756 3164 1799 convertam

248 1844 339 1899 48.
363 1845 472 1897 Καὶ
501 1847 534 1916 ἠ
556 1842 778 1915 ἀλήθειά
801 1843 1029 1913 μου,καὶ
1060 1841 1121 1894 τὸ
1143 1840 1286 1906 ἔλεός
1312 1859 1413 1913 μου
1439 1845 1554 1915 μετ’
1569 1842 1751 1896 αὐτοῦ’
1784 1839 1827 1894 Β

1804 1840 1827 1893 3
1926 1839 2015 1894 48.
2060 1838 2127 1894 Ει
2181 1839 2383 1894 veritas
2438 1854 2578 1906 mea,
2615 1846 2670 1893 et
2716 1838 3089 1893 misericmdia
3137 1853 3255 1893 mea
3300 1853 3422 1892 cum

1855 1949 1973 2004 ipso
1998 1951 2011 1986 :

241 2025 339 2081 49.
373 2024 482 2077 Καὶ
507 2024 563 2077 ὲν
590 2022 667 2094 τῷ
699 2021 922 2093 ὀνόματί
956 2039 1059 2093 μου
1095 2022 1439 2095 ὑψωθήσεται
1486 2023 1544 2076 τὸ
1591 2024 1757 2094 κέρας

1730 2041 1757 2087 ς
1922 2023 2010 2079 49.
2042 2022 2107 2078 Ει
2138 2022 2192 2077 in
2230 2022 2450 2077 nomine
2479 2037 2602 2077 meo
2634 2022 2964 2077 exaltabitur
2993 2038 3161 2078 cornu
3190 2026 3347 2095 ejus:

160 2131 367 2169 αυτου.

239 2207 335 2262 50.
359 2208 467 2260 Καὶ
492 2206 724 2278 θήσομαι
754 2207 812 2259 ὲν
845 2205 1084 2277 θαλάσσῃ
1111 2207 1266 2277 χεῖρα
1292 2204 1476 2259 αὐτοῦ’

1396 2204 1476 2259 οὖο
1923 2200 2011 2256 50.
2043 2201 2107 2255 Et
2135 2216 2332 2271 ponam
2360 2201 2413 2255 in
2445 2202 2580 2257 mari
2612 2218 2834 2258 manum
2860 2202 3011 2273 ejus:

241 2296 333 2349 5|.
366 2297 473 2348 Καὶ
500 2298 556 2349 ἐν
586 2298 845 2365 ποταμοῖς
878 2293 1055 2360 δεξιὰν
1084 2294 1270 2348 αὑτοῦ.

1925 2295 2011 2349 51.
2041 2294 2107 2349 Ει
2130 2295 2182 2348 in
2208 2293 2522 2348 [luminibus
2546 2294 2829 2348 dexteram
2858 2296 2996 2363 ejus.

237 2386 334 2439 52.
354 2385 525 2448 Αὐτὸς
556 2385 935 2439 ἐπικαλέσεταί
973 2403 1059 2456 με·
1089 2386 1279 2456 Πατήρ
1310 2402 1412 2456 μου
1434 2378 1485 2437 εἴ
1513 2386 1598 2447 σὺ,

1553 2386 1598 2447 ὺ,
1927 2384 2016 2438 52.
2050 2384 2171 2454 Ipse
2202 2385 2475 2440 invocabit
2504 2400 2628 2439 me:
2659 2383 2822 2440 Pater
2853 2400 3008 2440 meus
3033 2400 3091 2440 es
3114 2394 3171 2441 tu

239 2476 333 2529 55.
364 2474 495 2539 Θεός
522 2493 647 2546 μου,
676 2475 770 2530 καὶ
796 2475 1146 2547 ἀντιλήπτωρ
1169 2476 1267 2546 τῆς
1289 2476 1560 2546 σωτηρίας
1594 2491 1715 2544 μου.

1594 2491 1715 2544 μου.
1921 2473 2009 2527 55.
2046 2473 2189 2529 Deus
2210 2490 2384 2539 meus,
2414 2484 2463 2529 et
2497 2484 2783 2546 susceptor
2811 2474 3003 2531 salutis
3034 2491 3186 2532 mete.

237 2567 333 2621 5i».
362 2567 529 2636 Κάγὼ
550 2566 888 2640 πρωτότοκον
921 2566 1156 2639 θήσομαι
1188 2567 1369 2630 αὑτὸν,
1756 2591 1765 2601 ~

1756 2591 1765 2601 ι
1922 2565 2009 2619 54.
2042 2564 2109 2619 Ει
2141 2581 2240 2635 ego
2269 2568 2686 2635 primogenitum
2713 2582 2911 2634 ponam
2938 2568 3112 2634 illum,

238 2659 327 2712 53.
370 2658 598 2729 ’Υψήλὸν
632 2658 779 2730 παρὰ
801 2661 909 2723 τοῖς
938 2658 1211 2729 βασιλεῦσι
1236 2659 1332 2729 τῆς
1361 2659 1484 2728 γῆς.

1314 2676 1332 2721 ς
1361 2659 1484 2728 γῆς.
1920 2658 2011 2714 55.
2041 2658 2328 2715 Excelsum
2368 2675 2477 2731 prte
2512 2660 2729 2730 regibus
2756 2668 2932 2717 terrm.

1283 2810 1657 2865 ATIIANASII
1696 2809 2285 2868 INTERPRETATIO.

235 2931 331 2995 55,
368 2930 456 2986 56.
494 2932 614 2985 Ὅτι
652 2932 745 2986 τοῦ
792 2934 1021 3004 Πατρὸς,
1054 2935 1143 2986 καὶ
1188 2933 1278 2986 τοῦ
1326 2932 1477 2997 Υἱοῦ,
1502 2934 1595 2987 καὶ
1647 2934 1738 2987 τοῦ
1768 2940 1809 2997 C

1795 2941 1809 2995 ζ
1913 2934 2003 2999 55,
2044 2933 2132 2991 56.
2166 2934 2432 3002 Quoniam
2462 2936 2640 2995 Patris
2668 2946 2721 2994 ct
2748 2939 2867 2994 Filii
2900 2949 2954 2996 et
2980 2940 3216 3012 Spiritus
3243 2947 3413 3003 sancti

154 3021 326 3074 ἁγίου
364 3020 678 3091 Πνεύματος
707 3024 739 3091 ή
765 3020 1047 3090 ἀντίληψις
1076 3022 1205 3088 ἡμῖν
1230 3023 1327 3089 (Ι).

766 3020 1047 3090 ἀντίληψις
1076 3022 1205 3088 ἡμῖν
1230 3023 1327 3089 (Ι).
1848 3028 2148 3095 assumptio
2175 3036 2384 3085 nostra.

234 3108 315 3166 57
360 3111 489 3164 Τότε
518 3112 628 3172 τοῖς
656 3110 928 3173 Ἰουδαίοις
959 3112 1014 3163 ὲν
1053 3110 1336 3180 αἰνίγμασι
1363 3110 1448 3163 διὰ
1475 3110 1576 3164 τῶν
1610 3129 1742 3182 προ-

1910 3118 1996 3171 57.
2033 3116 2185 3172 Tunc
2217 3117 2417 3173 Judzcis
2466 3120 2519 3173 in
2572 3122 2948 3193 arnigmatibus
2995 3142 3089 3196 per
3123 3130 3415 3200 prophetas

152 3201 353 3271 φητῶν
383 3200 543 3271 tiam;
552 3217 671 3264 σας,

552 3217 671 3264 σας,
1846 3209 2059 3264 locutus
2085 3226 2164 3276 es,

232 3292 325 3348 58.
366 3292 476 3346 Καὶ
502 3288 659 3356 εἶπας
677 3310 690 3322 ’
719 3292 808 3364 Τῷ
830 3292 943 3363 Υἱῷ
967 3310 1066 3363 μου
1098 3293 1348 3365 βοηθήσω
1379 3294 1524 3365 ὑμῖν.

1914 3300 2004 3356 58.
2033 3300 2097 3357 Ει
2120 3301 2305 3357 dixisti
2336 3321 2349 3356 :
2378 3303 2435 3356 In
2468 3302 2604 3358 Filio
2635 3321 2754 3361 meo
2777 3306 3044 3375 adjnvabo
3071 3325 3185 3364 vos.

229 3383 323 3438 59.
360 3382 462 3437 Τὸν
497 3384 651 3455 χορὸν
674 3384 781 3438 τῶν
836 3385 1006 3454 ἁγίων
1059 3386 1371 3440 ἀποστόλων
1410 3386 1740 3456 ἐξελεξάμην

1916 3393 2008 3448 59.
2041 3394 2280 3451 Chornm
2309 3406 2623 3451 sanctorum
2658 3399 3026 3467 apostolorum
3057 3402 3194 3473 elegi
3217 3411 3273 3459 et
3297 3405 3411 3476 glo-

150 3475 256 3529 xa‘t
276 3475 520 3540 ἐδόξασα.

455 3494 520 3529 ra.
1844 3486 2073 3539 riﬁcavi.

228 3566 320 3621 40.
349 3560 516 3637 Εὗρον
543 3564 618 3636 (9.)
640 3565 768 3620 λαὸν
793 3565 885 3618 τὸν
924 3566 1322 3636 πεποθημένον.

1311 3606 1322 3619 .
1910 3579 1999 3634 40.
2032 3579 2217 3633 Inveni
2245 3581 2505 3650 pepulum
2537 3584 2929 3646 desideratum.

225 3654 318 3710 41.
357 3653 444 3709 Ἐν
468 3654 547 3726 τῷ
596 3654 873 3725 Πνεύματί
932 3674 1033 3728 μου
1058 3655 1135 3727 τῷ
1165 3658 1303 3728 ἁγίῳ
1333 3657 1423 3711 τὸν
1456 3658 1617 3712 αὐτὸν
1651 3676 1739 3711 ττι-

1911 3667 1999 3721 Il.
2035 3666 2092 3720 In
2125 3665 2327 3735 Spiritu
2354 3678 2544 3725 sancto
2571 3686 2692 3728 meo
2719 3675 2968 3730 eumdem
2997 3678 3212 3736 ﬁdelem
3235 3696 3407 3753 popu-

147 3747 285 3801 στὺν
314 3747 438 3801 λαὸν
469 3747 733 3818 ἠγάπησα
753 3748 851 3818 (5).

552 3747 733 3818 ἁπησα
753 3748 851 3818 (5).
1842 3760 1951 3816 lum
1986 3762 2170 3817 dilexi.

225 3838 317 3892 49...
358 3839 416 3891 ’0
442 3838 548 3910 γὰρ
582 3840 709 3903 rw;
734 3857 832 3910 μου
857 3841 1217 3912 ὑπερασπίζει
1258 3843 1437 3896 αὐτόν.

1399 3862 1437 3896 ν.
1911 3854 1998 3908 42.
2028 3855 2158 3909 Nam
2187 3856 2357 3913 Filius
2380 3873 2532 3914 meus
2552 3861 2783 3932 protegit
2817 3862 3017 3933 ipsum.

223 3930 315 3983 45.
344 3930 452 3982 Καὶ
481 3930 641 3993 αὐτὸς
665 3933 693 3983 ὁ
725 3931 853 3993 Υἱός
888 3950 987 4001 μου
1012 3933 1246 4003 ἐνισχύει
1278 3934 1352 4005 (4)
1385 3935 1566 3989 αὐτόν.

1504 3935 1566 3989 5v.
1908 3946 1996 4000 45.
2029 3945 2095 3999 Et
2127 3946 2268 4001 idem
2299 3948 2469 4002 Filius
2500 3963 2655 4003 meus
2680 3930 2954 4008 confo'rtat
2976 3969 3122 4009 eum.

224 4020 316 4075 44.
345 4022 417 4074 Οὐ
452 4022 869 4090 κατακυριεύσει
907 4024 935 4075 ὁ
968 4023 1209 4086 διάϐολος
1236 4024 1422 4079 αὐτοῦ.

1904 4036 1994 4090 44.
2028 4036 2141 4091 Νοη
2172 4039 2539 4093 dominabitur
2567 4041 2619 4095 in
2654 4058 2778 4099 eum
2808 4045 3079 4105 diabolus.

223 4112 315 4168 45.
354 4113 411 4165 '0
438 4112 596 4177 αὐτὸς
626 4113 994 4184 ἀντικείμένος
1029 4116 1127 4167 οὐκ
1157 4115 1220 4167 ἂν
1254 4114 1450 4187 δυνηθῇ
1476 4118 1661 4172 αὑτοῦ.

1906 4128 1994 4183 45.
2026 4128 2166 4184 Idem
2198 4131 2543 4189 adversarius
2566 4135 2701 4190 nihil
2732 4139 2931 4206 poterit
2968 4142 3229 4199 adversus
3254 4159 3395 4201 eum.

221 4202 311 4259 46.
348 4204 458 4267 Τὰς
479 4206 726 4270 ἐναντίας
753 4205 1030 4277 δυνάμεις.

1765 4287 1796 4295 _
1908 4220 1999 4275 46.
2030 4221 2386 4279 Adversarias
2420 4202 2736 4295 potestates.

220 4297 310 4351 47.
337 4300 472 4362 Τοὺς
497 4301 752 4371 δαίμονας
776 4301 1026 4366 ὑποτάξω
1052 4304 1253 4367 αὐτοῖς.
1765 4287 1805 4340 θ

1190 4307 1253 4367 ῖς.
1765 4287 1805 4340 θ
1904 4311 1993 4366 47.
2026 4311 2307 4367 Dmmones
2340 4315 2623 4383 subjiciam
2659 4317 2808 4387 ipsis,

222 4390 313 4443 48.
348 4392 453 4443 Καὶ
474 4392 534 4444 τὸ
560 4393 786 4463 Πνεῦμα
828 4412 927 4462 μου
958 4395 1019 4447 τὸ
1051 4394 1226 4463 ἅγιον,
1266 4395 1360 4449 καὶ
1392 4396 1419 4448 ὁ
1474 4394 1598 4457 Υἱός
1633 4411 1733 4465 μου

1902 4404 1990 4457 48.
2021 4402 2087 4457 Et
2125 4402 2359 4472 Spiritus
2381 4418 2605 4460 sanctus
2629 4424 2805 4475 mens,
2830 4420 2884 4467 et
2913 4413 3084 4470 Filius
3115 4431 3267 4472 meus
3290 4434 3393 4473 non

144 4481 439 4553 ἀχώριστοι
460 4482 670 4538 ἔσονται
695 4484 787 4537 τοῦ
816 4486 1005 4539 πιστοῦ
1031 4486 1182 4541 λαοῦ.

1085 4486 1182 4541 non").
1830 4497 2224 4565 separabnntur
2248 4512 2275 4549 a
2305 4499 2508 4567 pOpnlo
2537 4500 2703 4555 tideli.

215 4572 305 4628 49.
354 4574 416 4626 'II
445 4574 685 4643 βασιλεία
713 4575 805 4629 τοῦ
836 4576 990 4629 λαοῦ.

883 4576 990 4628 ιοῦ.
1898 4588 1983 4642 49.
2020 4586 2263 4657 Regnum
2295 4592 2501 4660 populi.

214 4664 305 4717 50.
341 4665 426 4717 Ἐν
448 4665 525 4735 τῷ
548 4667 736 4738 κόσμῳ
762 4666 859 4738 τὴν
891 4667 1205 4722 δυναστείαν
1240 4668 1429 4723 αὐτοῦ.

1314 4668 1429 4723 τοῦ.
1892 4682 1980 4735 50.
2013 4679 2067 4733 In
2099 4683 2304 4737 mundo
2324 4683 2751 4742 dominationem
2789 4689 2929 4757 ejus.

215 4755 304 4811 51.
334 4756 441 4811 Καὶ
470 4758 526 4810 ὲν
554 4760 666 4823 τοῖς
697 4760 870 4815 ἔθνεσι
898 4759 995 4823 τὰς
1026 4760 1244 4823 ἐντολὰς
1276 4760 1460 4815 αὐτοῦ.

1324 4760 1460 4815 ὅτοῦ.
1890 4772 1977 4827 51.
2012 4770 2075 4827 Et
2098 4774 2151 4827 in
2178 4776 2428 4846 gentibus
2458 4791 2721 4850 prrecepta
2746 4755 2942 4848 ipsius.

210 4848 304 4902 52.
340 4848 431 4913 Τὸ,
464 4848 655 4919 Πάτερ
682 4850 851 4920 ἡμῶν
881 4856 913 4907 ὁ
940 4855 1009 4906 ἐν
1030 4854 1145 4919 τοῖς
1188 4855 1484 4921 οὐρανοῖς.

1232 4855 1484 4921 ὺρανοῖς.
1888 4864 1976 4919 5‘2.
2006 4863 2166 4920 I’ater
2196 4877 2373 4921 noster
2398 4871 2488 4939 qui
2514 4888 2567 4925 es
2599 4871 2653 4925 in
2685 4874 2850 4929 caelis.

211 4939 300 4995 55.
348 4939 445 5008 Μὴ
503 4942 851 5011 εἰσενέγκῃς
900 4943 1057 5013 ἡμᾶς
1100 4945 1174 5016 (5)
1233 4948 1320 5010 εἰς
1367 4946 1718 5015 πειρασμὸν,

1887 4956 1973 5011 55.
2016 4956 2097 5011 Ne
2123 4959 2343 5012 inducas
2374 4976 2466 5015 nos
2502 4964 2556 5016 in
2585 4967 2949 5036 tentationem,
2981 4971 3072 5025 sed
3103 4969 3267 5027 libera
3294 4988 3385 5027 nos

140 5030 302 5085 ἀλλὰ
318 5030 504 5099 ῥῦσαι
526 5031 682 5101 ’WC
706 5033 824 5087 ἀπὸ
853 5036 958 5089 τοῦ
982 5038 1275 5106 πονηροῦ.
1816 5063 1848 5099 a
1884 5046 2021 5098 malo
2044 5049 2086 5104 ⁸,
2388 5050 2391 5053 λ

207 5124 298 5178 54.
338 5124 424 5177 Ἐν
454 5127 519 5194 τῇ
554 5124 796 5197 βασιλείᾳ
824 5126 930 5180 τῶν
958 5129 1225 5199 οὐρανῶν.

1005 5129 1225 5199 ὒρανῶν.
1894 5138 1983 5193 54.
2008 5136 2064 5193 In
2093 5155 2316 5210 regnum
2345 5146 2623 5201 caelorum.

208 5213 298 5267 55.
329 5215 718 5286 Δεδοξασμένον
746 5218 882 5291 ὑπὲρ
914 5220 1039 5283 τοὺς
1063 5220 1315 5289 βασιλέας
1349 5221 1447 5293 (6).

1162 5221 1315 5286 ἰλέας
1349 5221 1447 5293 (6).
1890 5229 1977 5283 55.
2015 5228 2380 5289 Gloriﬁcatum
2415 5251 2578 5306 super
2607 5253 2780 5310 reges.

226 5329 248 5357 ⁵
282 5324 470 5383 Matth.
499 5345 573 5395 vr,
612 5330 762 5386 9-13.

1086 5425 1395 5487 Addenda
1426 5434 1486 5488 et
1517 5428 1891 5508 corrigenda
1945 5449 2022 5494 ex
2052 5435 2195 5498 cod.
2233 5438 2431 5499 Vatic.

208 5538 586 5632 3199.“...
750 5618 764 5632 .
827 5617 845 5632 .
895 5620 910 5632 .
1018 5621 1030 5632 .
1245 5620 1265 5632 .
1370 5622 1381 5632 .
1607 5624 1633 5632 _
1879 5558 2317 5632 (Mvawxﬁaeu

134 5636 139 5637 ί
203 5609 277 5678 (9.)
306 5607 369 5664 Ν.
387 5607 488 5668 ⁷40.
516 5608 687 5685 Εὗρον
716 5618 805 5670 τὸν
827 5617 952 5674 λαὸν
985 5621 1074 5675 τὸν
1097 5620 1494 5693 πεποοημένοψ
1542 5624 1701 5679 τοῦτο

134 5680 615 5767 γὰρ’-ξροιέῃνεύεται
646 5688 824 5742 Δαϐίδ.

1247 5620 1494 5693 οημένονι
1542 5624 1701 5679 τοῦτο
2417 5634 2491 5689 Ita
2524 5638 2682 5719 etiam
2720 5655 2865 5697 mox.

1897 5702 1949 5767 b)
1986 5703 2142 5758 Παοὰ
2172 5722 2295 5767 τους
2332 5705 2567 5767 βασιλεῖς
2591 5727 2684 5767 της
2717 5710 2837 5767 γῆς.

133 5680 615 5813 “ﬁmi...
646 5688 824 5742 ...εά
1296 5680 1328 5693 ··
1876 5680 1949 5769 eo;
1983 5680 2684 5776 ῆέιειντιέιῖξειέδῑεέέῖήξ
2717 5680 2837 5780 ii;

227 5750 277 5814 5)
316 5750 555 5819 Ἡγίασα.
