4098 6318
685 327 815 382 103(
1533 319 1589 372 S.
1635 317 2008 374 ATllANASll
2051 316 2203 370 OPP.
2247 316 2428 370 PARS
2466 315 2556 370 lll.
2597 346 2667 354 —
2707 315 3120 372 EXEGETICA.
3827 320 3951 375 £032

751 439 839 494 56.
876 441 932 493 In
952 447 1211 493 maternum
1235 437 1459 489 servabo
1480 434 1553 487 illi
1583 434 2009 488 misericordiam
2033 448 2208 487 meam
2234 451 2245 485 :
2281 441 2327 494 Α

2206 451 2245 485 .;
2281 441 2327 494 Α
2425 433 2510 485 56.
2543 433 2633 496 Εἰς
2670 433 2756 485 τὸν
2791 434 2959 486 αἰῶνα
2992 432 3209 502 φυλάξω
3238 432 3384 502 αὖτῷ
3418 434 3477 486 τὸ
3513 434 3662 498 ἔλεός
3698 453 3824 506 μου·

751 533 839 587 57.
870 532 934 585 Ει
964 538 1344 586 testamentum
1374 543 1552 582 meum
1587 527 1742 580 ﬁdele
1770 527 1892 594 ipsi.

2431 525 2519 577 57.
2559 526 2723 595 Καὶή
2758 524 2988 594 διαθήκη
3025 543 3124 594 μου
3163 525 3327 593 πιστὴ
3355 524 3520 595 αὐτῷ.

751 625 841 679 58.
882 623 945 676 Ει
975 638 1168 692 ponam
1203 624 1252 675 in
1284 621 1542 677 saaculum
1571 620 1756 674 saeculi
1787 635 1970 674 semen
1997 619 2114 688 ejus
2141 636 2155 674 :

2429 619 2516 671 58.
2571 619 2678 671 Kal
2732 618 2966 689 ϐήσομαι
3023 621 3111 681 εἰς·
3154 620 3242 672 τὸν
3272 621 3441 676 αἰῶνα
3487 621 3584 674 τοῦ
3645 621 3847 685 αἰῶνος
3899 637 3950 675 το

2359 714 2580 784 σπέρμα
2605 713 2789 766 αὐτοῦ’

756 807 843 864 59.
874 805 940 862 Ει
966 807 1222 860 thronum
1253 804 1372 875 ejus
1396 805 1537 859 sicut
1562 804 1678 859 dies
1713 803 1835 858 0031i
1865 821 1877 856 :

2441 804 2526 858 59.
2564 804 2672 857 Kal
2701 803 2788 856 τὸν
2813 803 2999 874 θρόνον
3028 805 3190 858 αὐτοῦ
3249 805 3321 869 ὡς
3353 805 3451 869 τὰς
3483 807 3700 877 ἡμέρας
3735 805 3835 858 τοῦ
3865 806 3942 856 οὐ·

2363 916 2543 970 ρανου.

760 987 846 1040 60.
877 986 934 1040 Si
968 995 1145 1040 autem
1168 983 1559 1053 dereliquerint
1592 981 1685 1036 ﬁlii
1723 981 1842 1050 ejus
1863 981 2034 1050 legem
2056 997 2253 1049 meam,

2426 992 2514 1046 60.
2587 991 2711 1044 Ἐὰν
2771 990 3206 1060 ἐγκαταλίπωσιν
3261 993 3309 1043 οἱ
3365 992 3469 1044 υἱοὶ
3531 991 3699 1044 αὐτοῦ
3751 991 3846 1044 τὸν
3871 992 3942 1042 νό-

2363 1102 2460 1154 μον
2498 1101 2599 1154 μου
2618 1127 2633 1150 ,

751 1172 839 1225 61.
875 1170 940 1224 Ει
977 1171 1029 1224 in
1054 1169 1273 1238 judiciis
1303 1168 1440 1222 meis
1476 1182 1582 1220 non
1617 1165 2022 1220 ambulaverint

2427 1176 2514 1230 61.
2548 1177 2654 1230 Kal
2677 1179 2789 1240 τοῖς
2817 1178 3046 1249 κρίμασί
3084 1195 3183 1248 μου
3220 1177 3293 1247 μὴ
3324 1176 3684 1248 πορευθῶσιν·

753 1266 842 1320 62.
880 1265 934 1320 Si
961 1266 1198 1335 justitias
1219 1279 1368 1317 meas
1393 1261 1834 1332 profanaverint:

2430 1270 2516 1323 62.
2567 1270 2692 1324 Ἐἀν
2717 1269 2786 1324 τά
2807 1270 3151 1341 δικαιώματά
3183 1288 3282 1340 μου
3315 1269 3684 1340 βεϐηλώσωσι’

753 1359 840 1412 65.
877 1358 940 1411 Ει
975 1359 1226 1411 mandata
1255 1371 1373 1410 mea
1406 1370 1514 1408 non
1543 1350 1927 1417 custodierint,

2427 1361 2515 1415 65.
2555 1363 2663 1415 Kal
2687 1363 2784 1426 τὰς
2817 1362 3032 1425 ἐντολάς
3064 1379 3165 1431 μου
3198 1361 3271 1431 μὴ
3296 1359 3622 1428 φυλάξωσιν·

750 1452 840 1506 64.
877 1451 1121 1505 V'isitabo
1159 1451 1211 1502 in
1249 1449 1398 1517 virga
1428 1446 1744 1515 iniquitates
1775 1457 1966 1498 eorum
1997 1481 2010 1496 .

2431 1454 2954 1527 6ςί.,Ἑπισκὲιᾲομαι
2981 1456 3036 1506 ἐν
3069 1454 3248 1525 ῥάϐδῳ
3280 1453 3378 1517 τὰς
3412 1452 3641 1523 ἀνομίας
3673 1453 3877 1515 αὐτῶν,

753 1543 839 1599 65.
870 1543 932 1596 Et
962 1543 1014 1595 in
1048 1541 1364 1596 verberibus
1396 1549 1618 1609 peccata
1648 1553 1863 1592 eorum.

2432 1548 2517 1600 65.
2554 1549 2661 1601 Kal
2682 1549 2738 1599 ὲν
2765 1547 2980 1617 μάστιξι
3009 1546 3108 1609 τὰς
3137 1545 3352 1608 ἀδικίας
3382 1545 3558 1599 αὐτῶν

751 1635 838 1689 66.
876 1635 1304 1690 Misericordiam
1357 1642 1539 1687 autem
1583 1646 1761 1686 meam
1813 1647 1920 1687 non
1951 1624 2258 1702 dispergam

2431 1642 2518 1697 66.
2553 1642 2624 1694 Τὸ
2645 1642 2700 1695 δὲ
2730 1641 2876 1704 ἔλεός
2910 1659 3012 1712 μου
3040 1641 3099 1693 οὐ
3127 1640 3201 1710 μὴ
3239 1639 3577 1693 διασκεδάσω
3611 1638 3707 1692 ἀπ’
3743 1638 3941 1691 αὐτῶν·

679 1732 750 1786 ab
781 1730 881 1784 eis.

751 1821 837 1874 67.
864 1817 1049 1888 Neque
1079 1817 1283 1872 nocebo
1317 1817 1368 1870 in
1401 1815 1628 1869 veritate
1655 1828 1794 1868 mea.
2284 1819 2329 1876 Β

2284 1819 2329 1876 Β
2427 1820 2513 1874 67.
2543 1820 2664 1873 Οὐδ’
2687 1821 2748 1874 οὐ
2788 1821 2862 1892 μὴ
2896 1821 3137 1892 ἀδικήσω
3163 1821 3220 1874 ἐν
3249 1823 3314 1892 τῇ
3338 1819 3564 1892 ἀληθείᾳ
3595 1838 3717 1890 μου.

753 1911 839 1964 68.
877 1910 1059 1979 Neque
1087 1908 1381 1979 profanabo
1405 1915 1788 1960 testamentum
1816 1919 2032 1959 meum:

2423 1914 2510 1968 68.
2536 1915 2655 1968 Οὐδ’
2690 1915 2748 1967 οὐ
2785 1917 2858 1986 μὴ
2891 1914 3183 1987 βεϐηλώσω
3204 1915 3302 1985 τὴν
3341 1915 3604 1987 διαθήκην
3642 1930 3764 1984 μου·

750 2002 838 2059 69.
877 2003 939 2056 Et
966 2018 1085 2072 qua:
1116 2000 1418 2070 procedunt
1442 1999 1507 2054 de
1536 1998 1698 2053 labiis
1724 1996 1884 2062 meis,
1915 2011 2024 2050 non
2059 1994 2255 2051 faciam

2424 2007 2509 2062 69.
2542 2008 2650 2060 Kal.
2673 2008 2740 2060 τὰ
2773 2007 3183 2078 ἐκπορευόμενα
3211 2006 3298 2058 διά
3343 2006 3450 2059 τῶν
3483 2007 3707 2075 χειλέων
3756 2023 3864 2075 μου
3888 2005 3943 2056 οὗ

681 2096 855 2150 irrita.

2358 2101 2431 2171 μὴ
2467 2099 2738 2170 ἀθετήσω.

751 2190 836 2242 70.
876 2185 1052 2242 Semel
1093 2184 1272 2256 juravi
1301 2184 1355 2238 in
1389 2191 1578 2240 sancto
1623 2197 1769 2249 meo,
1813 2183 1859 2240 si
1895 2181 2060 2238 David
2107 2198 2260 2237 men-

2428 2191 2511 2245 70.
2545 2189 2729 2256 "Attae
2788 2189 2977 2260 ὤμοσα
3021 2192 3079 2244 ἐν
3127 2188 3205 2261 τῷ
3234 2189 3372 2260 ἁγίῳ
3405 2207 3528 2261 μου,
3578 2190 3625 2242 εί
3673 2188 3752 2259 τῷ
3783 2190 3945 2243 Δαϐιδ

680 2283 824 2336 tiar?
1516 2266 1522 2271 ’

2356 2281 2626 2354 ψεύσομαι
2652 2301 2665 2348 ;

752 2375 838 2428 71.
872 2374 1067 2428 Semen
1093 2372 1213 2441 ejus
1240 2372 1296 2425 in
1321 2378 1585 2425 aeternum
1623 2368 1862 2423 manebit
1892 2367 2120 2442 [manet]
2147 2387 2159 2423 :

2433 2377 2520 2429 71.
2550 2376 2622 2428 Τὸ
2646 2376 2865 2447 σπέρμα
2890 2376 3052 2430 αὐτοῦ
3084 2379 3162 2439 εἰς
3196 2377 3286 2429 τὸν
3317 2377 3485 2431 αίῶνα
3518 2379 3668 2448 μενεί
3701 2376 3910 2448 [μένει]
3931 2394 3942 2407 ·

753 2469 841 2521 72.
881 2468 946 2521 Et
976 2468 1205 2520 thronus
1228 2464 1345 2533 ejus
1384 2464 1526 2518 sicut
1561 2464 1642 2518 sol
1679 2465 1730 2516 in
1772 2471 2068 2532 conspectu
2106 2478 2247 2519 meo.

2435 2469 2521 2522 7‘2.
2547 2469 2656 2522 Kal
2679 2471 2706 2520 6
2731 2469 2917 2541 θρόνος
2958 2468 3116 2523 αὑτοῦ
3145 2470 3220 2531 ὠς
3260 2471 3288 2521 ὁ
3319 2471 3467 2539 ἥλιος
3505 2471 3754 2524 ἐναντίον
3789 2489 3904 2539 μου.

755 2561 841 2614 75.
877 2559 939 2614 Et
973 2559 1109 2613 sicut
1141 2557 1266 2611 luna
1291 2556 1528 2626 perfecta
1562 2555 1614 2609 in
1649 2565 1953 2609 aeternum:

2430 2561 2517 2615 75.
2546 2563 2654 2614 Kal
2683 2563 2758 2625 ὡς
2787 2563 3033 2635 ήσελήνη
3065 2566 3471 2637 κατηρτισμένη
3507 2567 3583 2628 είς
3624 2566 3718 2618 τὸν
3754 2566 3940 2618 αἰῶνα·

1272 2647 1612 2717 Diapsalma.

2967 2651 3282 2723 Διὰψαλμα

752 2747 840 2801 'H.
872 2745 938 2799 Et
969 2745 1122 2799 testis
1149 2743 1202 2795 in
1238 2741 1376 2795 coelo
1407 2739 1603 2795 ﬁdelis.

2429 2742 2515 2798 74.
2543 2746 2652 2798 Καὶ
2685 2746 2711 2798 ὁ
2743 2745 2948 2817 μάρτυς
2974 2747 3030 2797 ἐν
3055 2747 3268 2817 οὐρανῷ
3294 2749 3494 2811 πιστός.

1808 2871 2181 2937 ATHANASJI
2222 2874 2802 2934 INTERPRETATIO.

752 2992 840 3045 56.
870 2990 1260 3046 lndcsiuenter.

2428 2995 2515 3049 56.
2564 2997 2953 3052 Ἀδιάλειπτον.

751 3086 842 3140 57.
872 3084 936 3139 Et
968 3087 1251 3154 passiones
1289 3082 1473 3137 ﬁdeles
1500 3079 1626 3149 ipsi.

2430 3087 2517 3142 57.
2548 3089 2656 3140 Καὶ
2690 3089 2758 3141 τὰ
2792 3089 3090 3160 παθήματα
3117 3092 3193 3160 (1)
3223 3092 3389 3144 πιστά
3426 3093 3595 3161 αὐτῷ.

753 3178 844 3233 58.
876 3177 1051 3248 Opera
1073 3178 1298 3247 justitiae
1326 3177 1465 3248 ejus.

2427 3177 2514 3232 58.
2547 3178 2625 3231 Τὰ
2647 3179 2780 3250 ἔργα
2805 3181 2902 3250 τῆς
2928 3181 3270 3251 δικαιοσύνης
3303 3183 3485 3238 αὐτοῦ.

754 3272 843 3327 59.
881 3272 947 3327 Ει
979 3287 1203 3344 regnum
1240 3272 1411 3342 ipsius
1442 3271 1863 3327 interminabile.

2426 3269 2514 3325 59.
2550 3272 2660 3324 Kal
2684 3271 2780 3343 τὴν
2816 3273 3094 3342 βασιλείαν
3116 3275 3281 3327 αὐτοῦ
3312 3275 3689 3346 ἀτελεύτητον.

754 3363 840 3420 60.
871 3363 928 3418 In
955 3365 1414 3436 concupiscentiis
1444 3365 1694 3419 cordium
1719 3379 1908 3419 eorum
1937 3373 2253 3433 sequentur.

2425 3363 2511 3418 60.
2561 3366 2646 3417 Ἐν
2675 3370 2795 3430 mf";
2841 3367 3157 3438 ἐπιθυμίαις
3195 3368 3303 3421 τῶν
3357 3370 3595 3439 καρδιῶν
3641 3371 3823 3425 αὐτῶν
3868 3374 3946 3439 ἐξ-

2280 3445 2322 3503 C
2355 3456 2789 3528 ακολουθήσουσι.

758 3545 844 3599 61.
875 3545 939 3598 Et
968 3544 1257 3599 declinabit
1285 3559 1381 3600 cor
1410 3559 1598 3599 eorum
1637 3561 1689 3598 In
1720 3544 2036 3599 vanitatem.

2429 3549 2517 3603 6|.
2554 3551 2662 3602 Kal
2684 3551 2961 3624 ἐκκλίνῃὴ
2989 3551 3187 3623 καρδία
3216 3552 3393 3607 αὐτῶν
3435 3555 3515 3618 εἰς
3550 3556 3907 3626 ματαιότητα.

757 3638 846 3692 62.
875 3640 930 3693 ln
958 3639 1401 3709 intemperantias
1424 3649 1832 3695 convertentur.

1787 3656 1832 3694 r.
2431 3639 2518 3693 62.
2568 3641 2653 3692 Ἑν
2677 3641 2984 3709 ἀσελγείαις
3011 3644 3405 3714 τραπήσονται.

761 3733 848 3786 65.
878 3732 942 3785 Ει
964 3733 1187 3786 omnino
1218 3748 1246 3783 a
1273 3746 1359 3784 me
1389 3731 1692 3785 discedent.

2429 3736 2514 3790 65.
2549 3737 2656 3790 Kal
2690 3737 3385 3809 rra‘namigﬁﬁootﬁsoucw
3422 3739 3497 3811 (ἓ)
3523 3741 3617 3793 ἀπ’
3647 3741 3801 3811 ἐμοῦ.

757 3823 844 3875 64.
877 3821 1050 3887 Quem
1075 3822 1219 3874 enim
1243 3822 1428 3890 diligo,
1464 3822 1680 3891 corrigo
1705 3830 1759 3875 et
1790 3823 2018 3892 castigo.

2430 3829 2517 3882 64.
2554 3833 2648 3883 Ὃν
2679 3830 2785 3901 γὰρ
2805 3831 3028 3898 ἀγαπῶ,
3070 3832 3279 3902 ἐλέγχω
3305 3834 3396 3885 καὶ
3432 3833 3692 3888 παιδεύω.

758 3916 846 3969 65.
881 3915 1119 3987 Flagello
1154 3927 1332 3971 autem
1383 3918 1436 3970 in
1480 3916 1791 3970 inﬁrmitate
1817 3927 1871 3971 et
1897 3917 2260 3982 tribulatione,

2434 3922 2520 3975 65.
2557 3924 2816 3985 Μαστίζω
2859 3925 2916 3976 δὲ
2975 3925 3031 3975 ἐν
3086 3925 3367 3995 ἀρρωστία
3403 3927 3496 3979 καὶ
3545 3925 3745 3995 enea,
3775 3927 3950 3980 πάντα

693 4021 906 4061 omnem
944 4008 1117 4060 lilium
1151 4018 1476 4076 exspectans
1507 4009 1572 4063 ad
1609 4011 2012 4078 paenitentiam.

1765 4011 2012 4065 tentiam.
2364 4016 2475 4065 υἱὸν
2507 4017 2584 4077 εἰς
2614 4015 2896 4084 μετάνοιαν
2927 4014 3375 4092 ἀπεκδεχόμενος.

769 4100 850 4155 66.
885 4101 1168 4173 Castigans
1199 4111 1379 4157 autem
1407 4117 1501 4157 eos
1527 4119 1633 4157 non
1665 4105 1827 4158 morti
1855 4106 2086 4159 tradam.

2062 4129 2086 4159 ι.
2437 4108 2523 4161 66.
2566 4107 2841 4162 Παιδεύων
2875 4109 2930 4161 δὲ
2959 4109 3154 4171 αὐτοὺς
3173 4109 3232 4162 οὐ
3261 4109 3334 4179 μὴ
3369 4109 3680 4164 θανατώσω.

766 4195 850 4248 67.
883 4193 1068 4264 Neque
1111 4197 1397 4266 projiciam
1433 4211 1527 4252 eos
1549 4207 1925 4252 convertentes
1963 4214 2019 4252 se
2045 4199 2096 4252 in
2130 4214 2266 4268 prae-

2437 4198 2524 4253 67.
2571 4197 2703 4250 Οὺδὲ
2746 4199 2819 4268 μὴ
2862 4197 2938 4267 (5)
2970 4198 3257 4269 ἀπορρίψω
3286 4197 3482 4261 αὐτοὺς
3521 4201 3951 4270 ἐπιστρέφοντας

700 4287 873 4357 ceptis
900 4289 1059 4342 meis.

2366 4293 2423 4344 ὲν
2446 4294 2554 4354 τοῖς
2577 4291 2957 4363 προστάγμασί
2990 4308 3110 4361 μου.

765 4380 853 4435 68.
890 4379 1076 4451 Neque
1103 4380 1326 4436 omnino
1361 4384 1890 4440 exterminabuutur.
2362 4439 2365 4441 _

2362 4439 2365 4441 _
2437 4383 2523 4437 68.
2554 4383 2686 4437 Οὐδὲ
2730 4385 2804 4454 μὴ
2836 4383 3052 4446 τελείως
3087 4385 3166 4445 εἰς
3205 4385 3511 4456 ἀφανισμον
3533 4390 3748 4441 ἔσονται
3779 4389 3874 4459 (4).

764 4473 850 4528 69.
885 4473 951 4527 Ει
984 4489 1105 4544 qua
1131 4476 1391 4544 promitto
1414 4491 1520 4529 non
1553 4476 1810 4533 destituo.

2437 4477 2521 4530 69.
2583 4477 2691 4528 Kal.
2749 4475 2890 4546 ἅπερ
2943 4476 3362 4548 ἐπαγγείλομαι,
3414 4480 3475 4531 οὺ
3532 4480 3606 4550 μὴ
3660 4481 3951 4533 παοεκλεί-

2371 4588 2456 4622 πω
2482 4568 2578 4638 (5).

767 4654 852 4710 70.
918 4655 1098 4711 Semel
1147 4656 1401 4712 constitui
1451 4658 1505 4711 in
1535 4658 1645 4712 ﬁlio
1709 4675 1832 4713 meo
1889 4659 2098 4726 David,
2157 4677 2263 4715 non

2440 4662 2525 4715 70.
2553 4661 2734 4724 "At-rati
2784 4661 2957 4732 ὥρισα
3002 4661 3062 4714 ἐν
3102 4658 3180 4734 τῷ
3232 4662 3336 4735 υἱῷ
3373 4681 3471 4734 μου
3506 4663 3583 4733 τῷ
3644 4665 3830 4730 Δαδὶδ,
3895 4668 3953 4721 οὐ

695 4749 947 4804 mentiar.
2291 4810 2313 4826 ‘

2291 4810 2338 4826 ῃ
2369 4755 2653 4826 ψεύσομαι.

771 4843 855 4897 71.
891 4841 1096 4897 Sancti.
2291 4810 2341 4864 D
2384 4810 2389 4826 Ι

2291 4810 2341 4864 D
2384 4810 2394 4826 ’
2439 4810 2616 4902 71..οἱ
2645 4850 2786 4917 ἅγιοι
2824 4848 2918 4918 (6).

768 4936 857 4990 72.
893 4935 1137 5006 Regnum
1168 4936 1410 5006 ipsorum
1438 4936 1732 5008 eﬁ‘ulgebit.

2443 4941 2530 4993 72.
2575 4942 2637 4993 Ἦ
2673 4941 2913 5010 βασιλεία
2936 4941 3113 4995 αὑτῶν
3137 4941 3212 5013 (7)
3237 4943 3518 5015 ἐκλάμψει.

765 5030 854 5082 75.
892 5028 1154 5083 Similiter
1184 5045 1408 5098 regnum
1438 5031 1603 5100 ipsius
1633 5029 1918 5083 fundatum
1947 5039 2050 5083 est.

2448 5033 2533 5087 75.
2568 5032 3014 5104 Τεθεμελιωμὲνη
3047 5032 3246 5103 ὁμοίως
3280 5036 3311 5106 ή
3344 5035 3585 5106 βασιλεία
3607 5035 3789 5096 αὐτοῦ.

768 5121 855 5176 74.
889 5119 1002 5175 Hoc
1036 5121 1232 5176 dicitur
1273 5123 1338 5176 de
1365 5121 1541 5188 Patre,
1580 5134 1633 5176 et
1673 5122 1739 5176 de
1773 5122 1931 5188 Filio,
1966 5130 2016 5176 et
2050 5122 2112 5176 de
2146 5121 2268 5190 Spi-

2445 5124 2530 5176 74.
2560 5125 2785 5190 Λέγεται
2845 5123 3001 5177 τοῦτο
3052 5125 3142 5176 ἐπὶ
3183 5126 3259 5195 (8)
3308 5128 3401 5180 τοῦ
3435 5129 3665 5198 Πατρδς,
3717 5130 3806 5182 καὶ
3861 5132 3952 5183 τοῦ

698 5214 805 5268 ritu
854 5223 1081 5268 sancto:
1118 5215 1183 5268 de
1235 5214 1393 5270 Patre
1449 5217 1705 5286 quidem,
1756 5218 2011 5288 quoniam
2061 5232 2089 5270 e
2129 5217 2266 5269 cmlo

2378 5214 2530 5277 Υίοῢ,
2555 5217 2647 5268 καὶ
2674 5215 2766 5268 τοῦ
2801 5218 2952 5282 ἀγίου
2987 5217 3320 5286 Πνεύματος·
3347 5218 3437 5270 ἐπὶ
3469 5219 3567 5288 μὲν
3595 5220 3688 5273 τοῦ
3717 5223 3951 5292 Πατρὸς,

701 5306 868 5360 dixit:
902 5304 1002 5358 Hic
1038 5317 1112 5360 est
1144 5307 1315 5361 Filius
1344 5327 1483 5363 meus
1513 5311 1802 5366 dilectus":
1831 5313 1894 5365 de
1928 5311 2063 5366 Filio
2087 5319 2267 5363 autem

2376 5307 2560 5376 ἐπειδὴ
2621 5307 2729 5360 ἀπὸ
2777 5307 2884 5359 τῶν
2937 5308 3180 5378 οὐρανῶν
3224 5303 3396 5363 εἶπεν·
3460 5307 3648 5379 Οὗτός
3703 5314 3874 5367 ἐστιν
3923 5317 3953 5365 ό

781 5402 804 5435 τ
1125 5422 1134 5438 τ

829 5401 1020 5458 malm.
1046 5421 1201 5473 ’μω
1233 5406 1286 5459 5.
1650 5477 1960 5541 Addenda
2004 5482 2064 5539 et
2098 5476 2474 5553 corrigenda
2507 5492 2585 5535 ex
2620 5473 2756 5534 cod.
2794 5474 2995 5535 Vatie.

772 5575 845 5652 (.1).
881 5575 1185 5652 [ιαθήμᾳτά
1215 5597 1332 5652 Wau-
1972 5603 1975 5606 ·
2453 5577 2527 5652 (ἒξ)
2557 5574 3015 5652 Ἐπαῒίγέλλοξιεὲιν
3060 5578 3118 5630 οὐ
3149 5598 3220 5649 μη
3249 5581 3588 5652 παραλείπω·

771 5644 850 5711 (2)
883 5644 1050 5716 Παντὶ
1076 5644 1401 5707 ἀποπτῶσιν.
2454 5648 2529 5716 (6)
2557 5647 2836 5697 Τουτέστιν
2865 5649 2912 5696 οἱ
2942 5647 3101 5712 ἅγιοι.

773 5716 850 5790 (ξι)
883 5715 1002 5790 926'
1029 5721 1088 5769 οὑ
1114 5723 1186 5790 μή
2457 5715 2532 5784 (τ)
2569 5716 2757 5790 53:06-

773 5786 847 5856 (4)
886 5786 1185 5845 Ἔστωσαν.
2450 5790 2524 5860 (8)
2568 5787 2734 5840 Τοῦτο
2760 5790 2851 5842 καὶ
2880 5789 2992 5856 ἐπὶ,
3031 5798 3130 5841 etc.
