4098 6318
159 353 312 408 1033
971 352 1061 408 DE
1104 353 1377 408 TITULIS
1416 352 1865 408 PSALMORUM.
1905 384 1971 393 —
2011 353 2209 408 PSAL.
2249 353 2578 409 LXXXVIII.
3265 361 3402 418 1034

234 473 328 525 75.
353 473 424 524 Σὺ
456 471 511 524 δὲ
542 469 742 523 ἀπώσω
771 473 863 524 καὶ
886 471 1273 538 ’ἐξουδένωσας,
1761 479 1808 532 Α

1761 479 1808 532 Α
1906 472 1992 527 75.
2028 471 2108 526 Tu
2137 486 2266 526 vero
2295 472 2538 541 repulisti
2570 481 2622 527 et
2654 472 2971 542 despexisti,

236 562 328 614 76.
373 560 652 612 ’Ᾱνεϐἁλου
681 560 773 612 τὸν
809 561 1043 631 Χριστόν
1082 579 1174 613 σου
1197 601 1210 624 ,

1198 601 1210 624 ,
1916 561 2000 616 76.
2033 560 2301 616 Distulisti
2332 559 2610 616 Christum
2641 570 2816 624 tuum,

230 652 324 705 77.
359 651 739 722 Κατέστρεψας
759 651 856 722 τήν
885 652 1146 723 διαθήκην
1172 651 1263 704 τοῦ
1293 650 1478 704 δούλου
1516 665 1628 703 σου·

1401 658 1478 703 κου
1516 665 1628 703 σου·
1915 653 1999 705 77.
2035 652 2286 708 Evertisti
2323 661 2702 707 testamentum
2731 655 2870 708 servi
2905 655 2979 707 tui
3009 673 3019 706 :

234 747 326 800 78.
369 746 739 813 Ἐὁεῦήλωσας
768 748 846 808 εἰς
890 747 987 815 τήν
1017 746 1119 815 γῆν
1151 746 1211 798 τὸ
1243 746 1487 815 ἁγίασμα
1515 745 1698 798 αὑτοῦ.

1553 745 1698 798 ὑτοῦ.
1916 743 2002 798 78.
2038 743 2344 799 Profanasti
2381 746 2432 798 in
2465 755 2607 799 terra
2637 745 3005 800 sanctum-ium
3031 749 3165 814 ejus.

233 838 325 892 79.
355 837 614 899 Καοεῖλες
645 837 848 900 πάντας
879 839 1004 902 τοὺς
1029 839 1312 909 φραγμοὺς
1341 838 1526 891 αὐτοῦ·

1341 838 1526 891 αὐτοῦ·
1916 835 2002 890 79.
2033 835 2356 892 Destruxisti
2393 852 2583 891 omnes
2605 853 2760 908 sepes
2786 839 2902 908 ejus
2927 857 2936 891 :

230 931 323 985 80.
356 930 514 982 Ἐθου
537 931 602 983 τὰ
633 929 962 1000 ὀχυρώματα
1002 930 1163 984 αὑτοῦ
1198 930 1421 985 δειλίαν.

1911 929 1999 984 80.
2033 929 2271 986 Posuisti
2296 930 2696 985 ﬁrmamentum
2729 932 2850 1001 ejus
2881 931 3242 986 formidinem.

233 1023 324 1076 8L
349 1023 650 1092 Διήρπαζον
673 1023 830 1074 αὑτὸν
860 1023 1056 1086 πάντες
1079 1024 1126 1075 οἱ
1149 1023 1475 1086 διοδεύοντες
1505 1023 1621 1074 ὁδόν
1640 1022 1736 1088 (η)·

1712 1038 1736 1069 ι’
1914 1020 2001 1073 81.
2033 1020 2379 1092 Diripuerunt
2407 1037 2529 1076 eum
2563 1037 2754 1077 omnes
2786 1031 3129 1077 transeuntes
3162 1024 3330 1076 viam:

235 1114 324 1168 8'2.
371 1113 626 1184 Ἐγενήοη
657 1113 853 1175 ὄνειδος
878 1117 987 1176 τοῖς
1017 1114 1247 1182 γείτοσιν
1274 1114 1457 1168 αὐτοῦ.

1914 1112 2002 1167 82.
2031 1112 2232 1168 Factus
2261 1124 2342 1168 est
2372 1115 2719 1184 cpprobrium
2752 1114 2948 1169 vicinis
2973 1118 3105 1170 suis.

234 1204 326 1257 85.
362 1205 620 1274 ’Υψωσας
649 1205 746 1274 τήν
777 1203 950 1268 δεξιὰν
971 1205 1077 1259 τῶν
1102 1207 1390 1260 Ολιόόντων
1418 1207 1597 1259 αὐτόν·

1913 1205 2001 1260 875.
2037 1203 2296 1260 Exaltasti
2333 1205 2606 1261 dexteram
2631 1207 3049 1276 deprimentium
3069 1223 3226 1262 eum:

239 1293 330 1346 84.
358 1293 647 1364 Εὖφρανας
672 1293 877 1355 πάντας
905 1296 1029 1357 τοὺς
1059 1295 1284 1366 ἐχθροὺς
1313 1294 1499 1347 αὑτοῦ.

1395 1294 1499 1347 τοῦ.
1916 1295 2003 1350 84.
2036 1295 2345 1351 Ltetiﬁcasti
2378 1312 2569 1351 omnes
2592 1297 2842 1351 inimicos
2874 1297 3013 1366 ejus.

237 1385 326 1439 85.
393 1386 762 1455 Ἀπέστρεψας
828 1384 926 1455 τήν
988 1385 1238 1456 βοήθειαν
1302 1387 1400 1456 τῆς
1469 1385 1742 1456 ῥομφαίας

1469 1385 1742 1456 ῥομφαίας
1912 1388 2000 1444 85.
2039 1389 2293 1442 Avertisti
2327 1388 2650 1458 adjutorium
2680 1389 2840 1459 gladii
2867 1389 2986 1458 ejus
3015 1406 3029 1443 :

153 1477 332 1530 αὐτοῦ
354 1495 366 1506 ·

235 1569 326 1622 86.
352 1571 458 1622 Καὶ
487 1571 584 1622 οὐκ
605 1569 898 1623 ἁντελὰΰου
925 1569 1090 1624 αὐτοῦ
1136 1573 1191 1623 ἐν
1225 1570 1302 1640 τῷ
1336 1570 1573 1640 πολέμῳ.

1363 1570 1573 1640 πολέμῳ.
1914 1568 2000 1621 86.
2035 1567 2100 1621 Et
2126 1583 2233 1622 non
2255 1584 2313 1623 es
2335 1569 2628 1624 auxiliatus
2659 1568 2706 1621 ei
2741 1569 2792 1621 in
2819 1567 2981 1623 bello.

235 1660 328 1715 87.
360 1663 675 1725 Κατέλυσας
726 1664 834 1716 ἀπὸ
879 1663 1220 1735 καθαρισμοῦ
1255 1661 1418 1715 αὑτοῦ
1448 1679 1458 1690 ⁸

1405 1661 1418 1713 3
1448 1679 1458 1690 ·
1912 1661 2001 1717 87.
2035 1659 2357 1716 Destruxisti
2390 1661 2457 1713 ab
2483 1661 2866 1715 emundatione
2891 1677 2986 1716 sua
3011 1682 3023 1715 :

235 1752 327 1806 88.
359 1754 459 1805 Τὸν
491 1753 676 1826 θρόνον
711 1756 871 1808 αὑτοῦ
901 1759 978 1820 είς
1001 1757 1099 1827 τὴν
1130 1756 1234 1826 γῆν
1265 1755 1630 1826 κατὲῤῥαξας.

1389 1755 1630 1826 Ξρραξας.
1913 1753 2002 1806 88.
2037 1754 2101 1807 Et
2130 1755 2308 1808 sedem
2343 1753 2460 1821 ejus
2493 1755 2545 1807 in
2575 1763 2714 1806 terra
2743 1755 3007 1809 collisisti.

234 1851 324 1905 89.
369 1851 730 1922 Ἐσμίκρυνας
758 1852 857 1914 τὰς
887 1853 1098 1924 ἡμέρας
1140 1851 1230 1904 τοῦ
1267 1852 1456 1922 χρόνου
1501 1848 1696 1902 αὑτοῦ·
1773 1829 1812 1882 Β

1305 1852 1456 1922 ρόνου
1501 1848 1661 1902 αὑτοῦ
1686 1866 1696 1875 σ
1773 1829 1812 1882 Β
1911 1847 2000 1901 89.
2027 1845 2306 1902 Miuorasti
2335 1849 2450 1901 dies
2480 1847 2740 1916 temporis
2765 1849 2884 1915 ejus
2911 1868 2921 1901 :

235 1941 326 1996 90.
359 1942 637 2012 Κατέχεας
669 1942 832 1997 αὑτοῦ
865 1942 1056 2014 [αὐτῷ]
1099 1944 1381 2015 αἰσχύνην.

1217 1944 1381 2015 ζώνην.
1909 1939 1996 1993 90.
2022 1939 2314 1994 Perfudisti
2340 1955 2462 1993 eum
2496 1941 2835 1994 confusione.

799 2035 1132 2104 Διάψαλμα.

2475 2030 2801 2099 Diupsalnm.

235 2123 328 2177 9L
358 2125 501 2189 Ἕως
525 2126 674 2186 πότε.
708 2127 898 2198 Κύριε,
937 2128 1253 2200 ἀποστρέφῃ
1286 2129 1365 2189 εἰς
1394 2127 1577 2189 τὲλος;

1563 2143 1577 2187 ;
1912 2124 1999 2179 91.
2038 2123 2350 2194 Usquequo,
2379 2123 2626 2187 Domine,
2656 2125 2854 2179 avertis
2890 2125 2942 2178 in
2977 2123 3175 2179 tinem?

238 2217 330 2272 92.
374 2219 801 2290 Ἐκκαυθήσεται
838 2220 911 2282 ὡς
945 2220 1055 2290 πῦρ
1084 2221 1117 2289 ὴ
1141 2220 1276 2290 ὀργή
1311 2237 1440 2284 σου;

1367 2238 1440 2284 ,υς
1911 2219 1999 2272 92.
2031 2216 2359 2272 Exardescet
2389 2217 2530 2271 sicut
2563 2217 2702 2286 ignis
2736 2217 2813 2270 ira
2850 2219 2985 2271 tua?

233 2311 326 2364 9'5.
352 2311 636 2382 Μνήσθητι
669 2314 753 2374 τίς
789 2329 889 2381 μου
926 2314 958 2382 ή
984 2313 1279 2376 ὑπόστασις
1303 2330 1315 2343 ο

1921 2309 2010 2364 93.
2049 2307 2347 2363 Memorare
2376 2323 2496 2375 qua:
2532 2322 2648 2360 mea
2681 2308 3020 2361 substantia:

236 2449 312 2518 (α)
346 2449 408 2502 Οἱ
439 2451 936 2521 παραπορευόμενοι
972 2452 1069 2522 τὴν
1109 2451 1246 2504 ὀδόν.
1283 2450 1350 2502 At
1380 2449 1432 2502 in
1457 2464 1652 2516 marg.,
1683 2447 1732 2500 οἱ
1768 2445 2090 2508 διοδεύοντες
2118 2445 2256 2498 ὀδόν.

1316 2565 1685 2620 ATHANASII
1724 2561 2299 2620 INTEBPRETATIO.

165 2683 306 2748 Υιός
328 2701 447 2752 μου
501 2686 801 2752 ἀγαπητός
827 2687 926 2756 (1)·
971 2690 1098 2758 περὶ
1144 2691 1200 2742 δὲ
1229 2689 1322 2742 τοῦ
1359 2690 1510 2753 Υἰοῦ,
1561 2689 1745 2759 ἐπειδὴ

1846 2688 1972 2757 quia
2046 2702 2241 2757 passus
2304 2695 2388 2740 est
2459 2687 2511 2741 in
2575 2693 2752 2750 terra;
2829 2684 2897 2738 de
2968 2695 3157 2740 sancto
3229 2696 3405 2739 autem

156 2773 430 2826 πέπονθεν
458 2776 549 2826 ἐπὶ
590 2777 682 2845 τῆς
716 2778 835 2848 γῆς’
867 2778 994 2850 περὶ
1024 2779 1078 2832 δὲ
1113 2780 1205 2831 τοῦ
1227 2780 1379 2847 ἁγίου
1412 2779 1745 2849 Πνεύματος,

1849 2779 2087 2848 Spiritu,
2144 2778 2270 2848 quia
2333 2777 2703 2831 testimonium
2773 2777 3045 2847 perhibuit
3115 2777 3181 2832 de
3249 2776 3405 2837 ῐεἪιιι.

155 2865 353 2936 ἐπειδὴ
375 2865 722 2938 ἐμαρτύρησε
750 2869 877 2940 περὶ
940 2867 1032 2921 τοῦ
1078 2869 1230 2932 Υἰοῦ,
1260 2869 1438 2933 καθὼς
1485 2872 1512 2922 ὁ
1547 2869 1749 2940 Κύριος

1847 2867 2301 2939 quemadmodum
2352 2866 2616 2921 Dominus
2645 2868 2781 2920 dixit
2810 2887 2820 2920 :
2851 2867 2977 2921 Cum
3019 2880 3191 2922 autem
3219 2883 3407 2922 cenem

155 2949 349 3008 εἶπεν·
382 2957 567 3010 ’Ὅταν
607 2958 673 3010 δὲ
697 2960 843 3027 ἔλθῃ
903 2963 934 3012 ὀ
967 2960 1355 3028 Παράλιλητος
1392 2961 1455 3014 τὸ
1506 2961 1749 3030 Πνεῦμα

1848 2961 2162 3014 Paracletus
2189 2958 2420 3030 Spiritus
2451 2961 2710 3024 veritatis,
2740 2960 2825 3014 ille
2859 2961 3210 3014 testimonium
3236 2963 3409 3030 perhi-

159 3046 273 3114 τῆς
298 3049 600 3115 ἀληθείας,
630 3051 857 3117 ἐκεῖνος
883 3053 1245 3121 μαρτυρήσει
1282 3054 1411 3119 περὶ
1438 3052 1601 3121 ἐμοῦ.
1773 3091 1814 3148 C
1848 3055 1983 3108 bebit
2013 3056 2078 3108 de
2110 3071 2189 3108 me
2213 3056 2254 3112 ⁸.

232 3136 323 3189 75.
376 3139 447 3190 ΣΞ)
481 3138 555 3199 δὲ,
605 3141 631 3191 ὁ
684 3139 810 3202 λαὸς
870 3140 975 3194 τῶν
1046 3141 1331 3204 Ἰουδαίων,
1386 3141 1611 3204 ἀπώσω,
1651 3143 1742 3195 καὶ
1778 3136 1814 3148 “”

1790 3136 1814 3148 ”
1919 3147 2005 3202 75.
2041 3147 2118 3201 Tu
2165 3157 2367 3212 autem,
2419 3149 2618 3217 popule
2673 3147 3005 3213 Judeorum,
3039 3149 3302 3220 repulisti,
3353 3159 3408 3204 et

155 3229 523 3294 ὲξουδένωσας
543 3231 633 3283 τὸν
663 3233 787 3284 Υἱὸν
811 3234 902 3285 τοῦ
938 3234 1070 3286 Θεοῦ
1105 3236 1193 3288 τὸν
1225 3235 1447 3305 βασιλέα
1486 3252 1597 3287 σου.

1275 3235 1447 3288 ισιλέα
1486 3252 1597 3287 σου.
1841 3237 2134 3308 despexisti
2164 3239 2356 3293 Filium
2383 3238 2474 3294 Dei
2509 3255 2688 3309 regem
2717 3249 2893 3294 tuum.

230 3318 321 3370 76.
348 3319 448 3370 Τὸν
473 3320 701 3391 Χριστὸν
733 3322 918 3390 ’ἕτερον
955 3326 1080 3394 παρ’
1101 3325 1260 3377 αὐτὸν
1287 3325 1737 3394 ἁπεκδεχὸμενος.

1645 3343 1737 3387 νος.
1918 3329 2002 3383 ‘76.
2033 3329 2210 3383 Alium
2236 3329 2513 3386 Christqu
2547 3340 2741 3400 prxter
2767 3345 2890 3384 eum
2926 3341 3263 3400 exspccmns.

233 3410 323 3464 77.
357 3411 461 3464 Τοῦ
493 3412 619 3465 λαοῦ
648 3416 754 3466 τῶν
803 3416 1088 3468 ⁹ἰουδσιίων.

959 3416 1088 3468 vim.
1913 3421 1998 3476 77.
2031 3420 2221 3493 Populi
2250 3423 2577 3478 Judteorum.

233 3501 322 3552 78.
373 3502 611 3568 ’Λφείλου
647 3504 720 3571 (9.)
776 3505 874 3575 τὴν
903 3505 1059 3576 χάριν
1093 3525 1184 3558 σου
1211 3508 1316 3560 ἀπὸ
1343 3506 1432 3559 τοῦ
1461 3509 1736 3576 ἐιγιὰσμα-

1919 3514 2004 3566 78.
2034 3516 2318 3571 Ahstulisti
2351 3518 2578 3582 gratiam
2613 3526 2756 3570 tuam
2790 3535 2818 3572 a
2850 3521 3160 3573 sanetuario
3195 3533 3404 3575 eorum.

151 3607 251 3654 τος
280 3610 476 3644 αυτων.

231 3684 324 3738 79.
361 3685 588 3750 Ἐλαῦες
617 3687 710 3757 τὴν
747 3687 993 3759 βοήθειάν
1024 3708 1111 3742 σου
1147 3693 1238 3744 ἀπ’
1266 3691 1469 3745 αὐτῶν.

1915 3693 2002 3748 79.
2036 3694 2318 3749 Abstulisti
2347 3695 2675 3764 adjutorium
2701 3705 2850 3751 tuum
2877 3698 2944 3752 ah
2971 3699 3118 3769 ipsis.

231 3776 321 3830 80.
348 3777 420 3828 Τὸ
443 3777 638 3848 Θράσος
672 3781 848 3833 αὐτῶν
871 3781 946 3850 (5)
974 3785 1264 3853 μετεϐαλες
1299 3787 1376 3848 εἰς
1407 3784 1628 3839 δειλίαν.

1916 3786 2004 3840 80.
2033 3787 2327 3842 Audaciam
2371 3803 2559 3842 eorum
2601 3793 2912 3847 convertisti
2961 3794 3014 3847 in
3043 3792 3403 3853 formidinem.

231 3867 320 3921 81.
370 3871 824 3940 ᾘχμαλώτευσαν
857 3876 1053 3940 αὐτοὺς
1076 3878 1143 3929 τὰ
1169 3880 1316 3949 ἔθνη.

1947 3879 1999 3933 1.
2031 3879 2085 3931 ln
2126 3879 2492 3947 captivitatem
2521 3879 2862 3935 abduxerunt
2891 3899 2986 3937 cos
3021 3892 3227 3955 gentes.

231 3956 320 4010 82.
355 3959 446 4022 Ei;
485 3960 725 4014 δουλείαν
753 3965 1007 4032 γεγόνασι
1036 3970 1148 4029 τοῖς
1184 3969 1358 4021 ἔθνεσι
1396 3971 1493 4040 (4).

1424 3971 1493 4039 4).
1913 3969 2000 4024 82.
2036 3968 2092 4022 In
2115 3970 2426 4024 servitutem
2455 3969 2580 4025 facti
2608 3981 2735 4026 sunt
2772 3975 3042 4045 gentibus.

232 4049 322 4104 83.
348 4053 849 4126 Κατακυριεύεσοαι
883 4058 1075 4121 αὐτοὺς
1103 4060 1484 4132 συνεχώρησας
1509 4063 1611 4115 ὑπὸ
1634 4065 1742 4115 τῶν

1911 4061 1998 4116 8'5.
2033 4061 2332 4117 Permisisti
2372 4071 2431 4115 ut
2469 4063 2718 4120 homines
2749 4066 2803 4120 in
2847 4081 2943 4123 eos
2971 4067 3401 4126 dominarentur.

150 4141 258 4196 ἀνθ
269 4143 491 4215 ρώπων.

231 4235 320 4290 84.
355 4239 554 4302 Εῖασας
582 4242 777 4306 αὐτοὺς
812 4243 1132 4314 σαλευθῆναι
1164 4246 1240 4314 (5)
1275 4246 1365 4299 ὑπ’
1389 4247 1590 4301 αὐτῶν.

1190 4246 1240 4314 5)
1275 4246 1365 4299 ὑπ’
1389 4247 1590 4301 αὐτῶν.
1911 4240 1998 4297 84.
2032 4241 2217 4296 Sivisti
2247 4257 2339 4298 eos
2369 4244 2437 4298 ab
2468 4245 2597 4314 ipsis
2617 4245 2808 4316 jaCtari

229 4327 320 4382 85.
361 4331 662 4404 ’Ᾱνίσχυροι
685 4337 989 4403 γεγόνασιν.

934 4355 989 4390 ιν,
1912 4331 2002 4385 85.
2027 4330 2228 4386 Inﬁrmi
2256 4331 2382 4387 facti
2407 4344 2552 4388 sunt.

231 4418 320 4472 86.
351 4420 611 4490 Πρόνοιαν
646 4425 820 4477 αὐτῶν
854 4428 951 4479 οὐκ
982 4426 1060 4479 ἔτι
1085 4428 1325 4498 ἐποιήσω
1359 4428 1451 4498 (6).
1767 4437 1812 4492 D

1767 4437 1812 4492 υ
1911 4421 2000 4475 86.
2036 4420 2153 4476 Νοη
2185 4424 2417 4493 amplius
2451 4441 2634 4481 curam
2661 4427 2726 4482 de
2749 4429 2854 4484 illis
2879 4434 3111 4500 gessisti.

230 4511 320 4565 87.
348 4513 458 4583 Τὴν
495 4517 792 4586 περιτομὴν
831 4519 1037 4572 ἑαυτῶν
1065 4521 1354 4588 κατέλεγεν
1387 4523 1485 4591 (7).

1473 4561 1485 4572 _
1914 4511 2003 4565 87.
2035 4509 2237 4565 Eorum
2267 4515 2735 4573 circumcisionem
2763 4522 3082 4589 reprobasti.

230 4603 317 4658 88.
347 4606 455 4676 Τὴν
480 4607 634 4671 δόξαν
656 4609 833 4663 αὐτῶν
859 4611 950 4663 καὶ¹
972 4613 1069 4682 τήν
1095 4613 1474 4683 ὑπερηφανίαν
1501 4617 1581 4678 εἰς
1607 4633 1736 4670 σπο-

1911 4603 2001 4659 88.
2030 4603 2266 4660 Gloriam
2295 4621 2486 4662 eorum
2513 4619 2566 4663 et
2595 4613 2903 4681 superbiam
2931 4615 2984 4670 in
3009 4616 3282 4686 pulverem
3309 4620 3400 4674 de-

153 4696 248 4749 δὸν
274 4699 605 4768 κατήγαγες.

437 4716 605 4767 ναγες.
1836 4697 2055 4753 duxisti.

229 4786 317 4842 89.
351 4789 463 4858 Τῆς
499 4791 714 4844 αἰωνίου
750 4793 892 4863 ζωῆς
916 4797 1312 4867 ἐστερήθησαν.

1192 4814 1312 4850 σαν.
1905 4789 1993 4846 89.
2028 4790 2254 4848 Eterna
2287 4793 2398 4848 vi...
2431 4794 2628 4863 privati
2658 4804 2802 4850 sunt.

230 4878 318 4935 90.
347 4882 454 4935 Καὶ
476 4884 532 4936 ὲν
563 4884 639 4954 τῷ
662 4885 775 4946 νῦν,
810 4888 902 4939 καὶ
929 4891 984 4941 ὲν
1014 4888 1090 4959 τῷ
1121 4890 1364 4960 μέλλοντι
1405 4892 1581 4944 αἰῶνι.

1459 4892 1581 4944 ὡνι.
1906 4883 1996 4938 90.
2024 4885 2092 4939 Ει
2117 4886 2170 4940 in
2207 4888 2457 4956 presenti
2489 4896 2543 4943 et
2568 4888 2621 4941 in
2655 4888 2836 4944 futuro
2864 4892 3077 4947 saeculo.

228 4971 318 5025 9i.
361 4973 420 5025 Ὀ
453 4977 733 5047 προφήτης
755 4978 930 5032 δέεται
963 4981 1103 5051 ὑπὲρ
1147 4981 1328 5035 αὐτῶν
1357 4999 1368 5010 ·
1406 4985 1506 5036 Διὰ
1547 4985 1601 5037 τί
1638 5001 1728 5036 τε·

1907 4977 1995 5031 91.
2024 4976 2294 5049 Propheta
2329 4996 2428 5050 pro
2462 4981 2592 5051 ipsis
2635 4982 2994 5051 deprecatur:
3026 4985 3200 5050 Quare
3220 5003 3397 5057 perpe-

151 5063 337 5128 λείως
358 5063 706 5136 ἀποστρέφῃ
730 5071 951 5137 αὐτούς
973 5087 992 5133 ;

745 5071 992 5137 ιὺτούς;
1837 5082 1924 5124 tuo
1952 5075 2204 5127 averseris
2233 5075 2363 5126 eos?

233 5150 323 5203 92.
375 5153 489 5206 Ἐπ’
515 5154 710 5218 αὐτοὺς
743 5160 798 5209 ἐν
824 5162 887 5230 τῇ
914 5165 1186 5234 παρουσίᾳ
1213 5182 1307 5217 σου

1213 5182 1307 5217 σου
1907 5161 1994 5216 92.
2029 5161 2200 5234 Super
2228 5177 2322 5219 eos
2355 5164 2407 5217 in
2434 5164 2665 5220 adventu
2702 5173 2810 5220 tuo.

230 5239 319 5294 95.
351 5242 470 5294 Ὀτι
491 5247 561 5313 γῆ
586 5247 678 5298 καὶ
702 5249 892 5313 σποδός
922 5253 1054 5321 εἰμι.

1905 5254 1992 5308 93.
2029 5253 2183 5320 Quod
2214 5267 2356 5310 terra
2389 5266 2443 5311 et
2475 5257 2652 5326 pulvis
2678 5274 2816 5313 sum.

242 5355 265 5386 ⁸
292 5352 448 5410 Joan.
485 5375 572 5424 xv,
605 5359 696 5413 26.

1117 5461 1423 5523 Addenda
1457 5469 1518 5523 et
1553 5460 1930 5540 corrigenda
1959 5480 2036 5524 ex
2069 5465 2208 5526 cod.
2249 5464 2447 5527 Vatie.

337 5548 401 5637 ξε)
423 5551 720 5637 ἀζαπητύς.
1904 5564 1982 5637 (5)
2017 5564 2395 5635 Σκυλευθῆναι.

223 5618 302 5718 £32
337 5618 648 5718 ’ἐξειίέξῇ

636 5710 648 5718 -
1908 5618 1986 5718 i9)
2021 5637 2254 5718 ρριίλσω.

351 5688 648 5775 Ξρἢθὰρσος
680 5694 860 5775 αὐτρῦ.
1906 5688 1982 5775 (7)
2012 5688 2197 5760 Αὺτῶν
2220 5688 2514 5760 διατέλυσαν

226 5755 307 5827 (4)
351 5755 598 5814 Ἐθνεσιν
632 5755 818 5818 αὐτοῦ.

479 5852 748 5918 ΡΑτιιοι..
776 5857 892 5919 Gn.
933 5859 1190 5921 XXVII.

3035 5857 3115 5922 33
