4056 6318
728 337 868 391 1055
1563 342 1618 395 S.
1660 341 2028 396 ATHANASII
2071 343 2218 396 OPP.
2263 343 2440 398 PARS
2483 345 2564 399 lll.
2606 375 2674 385 -—
2715 349 3122 406 EXEGETICA.
3825 361 3942 414 i036

798 459 882 512 94.
917 458 1164 529 Nunquid
1190 466 1334 516 enim
1358 479 1488 517 vane
1531 465 1863 519 constituisti
1897 480 2084 520 omnes
2135 465 2280 520 tilios
2318 471 2360 526 Α

2339 475 2360 526 ι
2455 468 2542 522 91.
2578 470 2671 537 Μὴ
2709 471 2815 541 γὰρ
2860 475 3103 542 ματαίως
3143 475 3361 537 ἔκτισας
3401 478 3602 540 πάντας
3645 478 3774 540 τοὺς
3809 481 3941 543 υἰοϋς

728 549 1053 604 hominum?

2391 564 2496 613 τῶν
2524 562 2823 632 ἀνθρώπων
2845 583 2857 629 ;

799 640 885 693 95.
917 638 1046 704 Quis
1094 649 1174 694 est
1229 642 1391 696 homo
1432 644 1521 713 qui
1577 645 1757 709 vivet,
1811 655 1863 698 et
1925 661 2030 698 non
2082 645 2287 700 videbit

2459 655 2546 706 95.
2583 656 2677 717 Τίς
2711 658 2856 708 ἐστιν
2889 657 3192 728 ἄνθρωπος,
3227 658 3284 721 ὃς
3313 659 3554 727 ζήσεται,
3589 663 3686 714 καὶ
3715 661 3818 714 οὐκ
3841 663 3949 729 δὲξ-

728 731 993 783 mortem?

2389 760 2474 796 ται
2497 745 2722 798 Θάνατον
2740 762 2752 809 ;

795 817 880 872 96.
914 817 1324 875 Eructanimam
1359 837 1512 876 suam
1535 823 1600 876 de
1631 839 1790 875 manu
1825 821 2001 875 inferi.

2455 835 2542 890 96.
2586 836 2837 890 Ῥύσεται
2867 838 2966 909 τὴν
2991 840 3170 912 ψυχὴν
3194 841 3357 895 αὑτοῦ
3387 845 3450 894 ἐκ
3485 841 3667 910 χειρὸς
3691 841 3838 912 ᾆδον.

794 910 882 964 9'1.
917 908 1016 962 Ubi
1071 922 1194 965 sunt
1248 914 1638 969 miser’cordiaa
1696 924 1798 968 tua:
1853 914 2121 982 antiqua,
2180 910 2285 963 Do-

2180 910 2285 963 DU‘
2453 927 2538 980 97.
2578 927 2686 978 Ποῦ
2714 929 2814 980 εἰσι
2843 908 3195 999 τὰνὲὶὲηησου
3225 932 3291 984 τὰ
3320 908 3540 1001 ἀρχαῖα,
3568 908 3742 1000 Κύριε
3761 969 3777 992 ,

725 1016 871 1053 nune
890 1040 902 1064 ,

791 1091 882 1144 98.
913 1091 1269 1162 Quasjurasti
1298 1093 1464 1148 David
1497 1094 1550 1146 in
1580 1093 1804 1147 veritate
1837 1094 1966 1146 tua?

2450 1107 2534 1159 98.
2577 1110 2643 1160 Ἀ
2671 1107 2888 1178 ὤμοσας
2914 1111 2991 1179 τῷ
3015 1112 3176 1165 Δαὸὶδ
3219 1115 3276 1166 ὲν
3307 1116 3373 1184 τῇ
3412 1113 3638 1182 ἀληθείᾳ
3673 1129 3804 1174 σονς

796 1180 882 1235 99.
917 1181 1120 1237 Memor
1173 1194 1289 1238 esto
1315 1224 1330 1248 ,
1379 1183 1628 1249 Domine,
1664 1182 1945 1252 opprobrii
2001 1195 2282 1236 servorum

2456 1195 2536 1251 99.
2567 1198 2870 1268 Μνήσθητι,
2913 1201 3083 1270 Κύριε
3110 1240 3124 1265 ,
3159 1201 3249 1253 τοῦ
3283 1202 3582 1268 ὁνειδισμοῦ
3611 1202 3722 1253 τῶν
3751 1201 3942 1253 δούλων

723 1281 962 1340 tuorum,
2385 1307 2499 1355 σου¹

795 1364 914 1419 100.
947 1364 1099 1431 Quod
1126 1367 1367 1422 continui
1405 1369 1460 1422 in
1505 1368 1626 1422 sinu
1661 1380 1782 1420 meo
1823 1365 2114 1418 multarum
2150 1379 2281 1435 gen-

2453 1381 2569 1436 100.
2600 1377 2672 1437 Οῦ
2697 1384 2932 1454 ὑπέσχου
2965 1383 3244 1458 [ὑπέσχον]
3274 1387 3330 1439 ὲν
3361 1385 3438 1454 τῷ
3477 1385 3662 1452 κόλπῳ
3689 1401 3790 1453 μου
3824 1383 3941 1433 πολ-

724 1455 878 1508 tium.

2381 1473 2486 1527 λῶν
2521 1473 2707 1528 ὲονῶν.

793 1545 912 1596 101.
952 1543 1104 1608 Quod
1145 1544 1604 1613 cxprobraverunt
1654 1546 1858 1599 inimici
1899 1545 1996 1609 tui,
2028 1543 2276 1607 Domine,

2059 1544 2276 1638 ὀτξῖξηέν
2453 1564 2572 1618 101.
2608 1560 2682 1617 Οῦ
2709 1565 2987 1620 ὠνείδισαν
3019 1570 3065 1620 οἱ
3089 1567 3268 1638 ἐχθροί
3301 1586 3414 1632 σου,
3455 1569 3626 1637 Κύριε
3649 1611 3661 1631 ,

800 1635 920 1688 102.
948 1634 1102 1700 Quod
1128 1637 1589 1704 exprobraverunt
1614 1638 2092 1692 commutationem
2121 1636 2280 1690 Cltri-

2452 1653 2572 1706 102.
2605 1650 2678 1708 Οὗ
2703 1655 2982 1709 ὡνεὶδισαν
3009 1658 3071 1709 τὸ
3087 1634 3432 1729 ἀνταλλαγμα
3454 1634 3806 1728 τοῦ-Χριστοῦ
3838 1673 3937 1708 σου.

723 1738 787 1781 Sll
825 1739 921 1780 llll.

793 1820 908 1872 105.
940 1819 1258 1875 Benedictus
1285 1819 1546 1874 Dominus
1577 1821 1630 1873 in
1661 1831 1925 1874 aeternum
1957 1837 1969 1873 :
2004 1820 2114 1882 ﬁat,
2159 1821 2272 1871 liat.
2307 1819 2348 1873 Β

2327 1821 2348 1872 3
2447 1805 2567 1859 105.
2603 1807 2902 1878 Εὐλογητὸς
2930 1809 3129 1878 Κύριος
3154 1811 3232 1872 εἰς
3258 1809 3348 1862 τὸν
3371 1808 3558 1862 αἰῶνα.
3593 1808 3828 1864 Γένοιτο,
3849 1807 3929 1873 γέ-

2385 1914 2542 1950 νοιτο.

811 1992 994 2046 Oratio
1031 1992 1200 2062 Moysi
1232 1994 1457 2048 hominis
1482 1994 1601 2050 Dei.
1644 1993 1847 2052 PSAL.
1887 1992 2202 2047 LXXXIX.

2487 1989 2803 2059 Προσευχὴ
2840 1989 3062 2057 Μωῦσῇ
3092 1990 3403 2059 ἀνθρώπου
3438 1992 3511 2060 (a)
3534 1991 3639 2044 τοῦ
3675 1990 3825 2044 Θεοῦ

2969 2063 3196 2115 ΨΑΛΜ.
3227 2064 3359 2114 119'.

789 2160 838 2196 ι.
870 2141 1121 2208 Domine,
1159 2145 1422 2217 refugium
1466 2146 1640 2203 factus
1675 2163 1732 2204 es
1771 2147 1924 2202 nobis
1953 2149 2006 2200 in
2047 2162 2273 2218 genera-

2453 2155 2502 2210 1.
2535 2157 2725 2230 Κύριε,
2753 2157 3042 2227 καταφυγὴ
3096 2156 3358 2228 ὲγενήθης
3392 2158 3521 2227 ἡμῖν
3561 2157 3618 2210 ὲν
3653 2159 3816 2210 νενεΞ
3857 2157 3935 2208 καὶ

712 2235 860 2288 tione
892 2245 944 2289 ct
973 2239 1334 2306 generatione.

973 2239 1334 2306 generatione.
2381 2249 2559 2316 γενεᾷ.

784 2365 858 2438 (α)
905 2369 1198 2436 ’Δνθοὼπῳ
1229 2371 1281 2423 in
1316 2372 1399 2425 cd.

797 2493 805 2538 ί
1825 2487 2196 2543 ATHANASH
2237 2480 2823 2542 lNTERPRETATlO.

783 2638 870 2692 91.
918 2637 1170 2710 Nunquid
1202 2639 1373 2696 fecisti
1407 2642 1674 2708 homines,
1703 2653 1761 2698 ut
1801 2643 2100 2714 perderes?

2448 2642 2535 2698 94.
2571 2641 2661 2713 Μὴ
2694 2639 2802 2710 γὰρ
2829 2640 2919 2692 ἐπὶ
2949 2641 3007 2694 τὺ
3051 2642 3312 2695 ἀπολέσαι
3341 2645 3648 2713 πεποίηκας
3692 2646 3820 2708 τοὺς
3857 2648 3934 2699 ἀν-

2382 2733 2628 2804 Θρώπους
2655 2750 2667 2798 ;

771 2825 860 2889 95,
885 2824 973 2878 96.
1017 2823 1149 2890 Quis
1186 2825 1462 2879 hominum
1513 2835 1686 2896 potest
1726 2826 1927 2893 vivere,
1967 2836 2020 2880 et
2052 2841 2158 2879 non
2193 2827 2277 2880 vi~

2449 2825 2536 2887 95,
2561 2825 2648 2878 96.
2681 2824 2773 2886 Τίς
2799 2823 3018 2876 δύναται
3049 2825 3154 2875 τῶν
3185 2822 3485 2893 ἀνθρώπων
3514 2825 3678 2894 ζῆσαι
3702 2865 3716 2887 ,
3757 2830 3848 2878 καὶ
3874 2831 3931 2895 μὴ

711 2917 837 2970 dere
887 2917 1159 2969 mortem?
1204 2916 1268 2970 Et
1318 2918 1362 2970 si
1411 2918 1606 2971 viderit
1651 2927 1899 2978 mortem,
1931 2919 2054 2984 quis
2099 2926 2276 2985 potest

2381 2919 2506 2971 ἰδεῖν
2535 2917 2795 2983 θάνατον;
2829 2918 2935 2968 Καὶ
2963 2917 3055 2968 ἐὰν
3099 2917 3182 2989 ἴδῃ
3217 2916 3467 2981 θάνατον,
3494 2916 3575 2980 τίς
3609 2919 3829 2970 δύναται
3854 2921 3932 2987 βι-

710 3022 900 3060 eruere
927 3008 1165 3060 animam
1196 3022 1374 3070 suam,
1401 3007 1503 3060 nisi
1531 3017 1587 3059 tu
1618 3007 1787 3070 solus,
1811 3006 1902 3075 qui
1931 3015 2146 3074 propter
2179 3019 2276 3058 nos

2378 3010 2573 3064 σασθαι
2605 3011 2703 3080 τὴν
2727 3009 2915 3062 ἑαυτοῦ
2937 3009 3139 3081 ψυχὴν,
3174 3011 3220 3061 εἰ
3263 3009 3336 3079 μὴ
3385 3009 3447 3060 σὺ
3497 3009 3573 3076 (1)
3611 3011 3770 3078 μόνω
3819 3015 3844 3062 ὁ
3879 3011 3932 3061 δι’

714 3096 873 3148 homo
896 3093 1072 3150 factus
1093 3098 1195 3149 es?
1225 3093 1432 3149 Etenim
1465 3110 1570 3148 non
1597 3095 1770 3149 solum
1804 3110 1860 3149 se
1888 3095 2062 3164 ipsum
2098 3097 2277 3148 susci-

2373 3104 2520 3172 ἡμᾶς
2548 3103 2836 3171 γενόμενος
2859 3099 3170 3171 ἄνθρωποςς
3198 3101 3270 3151 Οὐ
3297 3101 3454 3169 μόνον
3482 3102 3592 3169 γὰρ
3645 3103 3833 3154 ἑαυτὸν
3863 3106 3933 3154 ἁπο-

714 3188 865 3250 tmit,
908 3187 1002 3242 sed
1037 3188 1202 3240 multa
1255 3204 1474 3257 corpora
1529 3197 1872 3254 sanctorum,
1916 3189 2003 3257 qui
2057 3187 2280 3239 dormie-

2376 3192 2620 3260 ἑστησεν,
2635 3191 2766 3243 ἀλλὰ
2785 3190 2880 3243 καὶ
2898 3191 3095 3244 πολλὰ
3111 3191 3349 3256 σώματα
3372 3189 3488 3244 τῶν
3504 3194 3932 3261 κεκοιμημένων

713 3291 833 3333 rant
859 3281 898 3335 ’.

2375 3283 2559 3350 ἁγίων
2593 3281 2850 3350 ἤγειρεν.

777 3371 867 3433 97,
891 3369 978 3423 98.
1014 3370 1114 3425 Ubi
1156 3378 1282 3424 sunt
1327 3366 1746 3431 misericordiae,
1795 3379 1934 3436 quas
1979 3363 2278 3434 promisisti

2447 3373 2534 3437 97,
2571 3371 2658 3426 98.
2697 3371 2804 3424 Ποῦ
2836 3372 2993 3436 εἰσιν,
3017 3370 3052 3425 ἃ
3079 3372 3386 3440 ὲπηγγείλω
3407 3371 3484 3442 τῷ
3510 3373 3626 3444 ΥΞῷ
3657 3392 3754 3428 σου
3782 3379 3931 3428 ποιεῖν

711 3461 848 3516 Filio
878 3471 969 3516 tuo
998 3461 1173 3515 facere
1195 3475 1356 3529 super
1383 3474 1573 3513 omnes
1597 3459 1618 3511 τ
2301 3457 2313 3506 t

1290 3475 1356 3513 ter
1383 3459 1618 3513 omnes?
2301 3453 2342 3509 C
2375 3465 2466 3517 ἐπὶ
2499 3465 2703 3527 πάντας
2736 3463 2892 3534 ὲ).ἐη;

783 3553 869 3616 99,
907 3551 1024 3605 100.
1053 3549 1380 3617 Recordare,
1416 3549 1664 3612 Domine,
1689 3547 1831 3618 quod
1860 3545 2164 3616 opprobriis
2193 3542 2272 3598 af-

2438 3558 2526 3621 99,
2560 3557 2679 3611 100.
2705 3555 2982 3628 Μνήσθητι
3011 3597 3024 3619 ,
3058 3555 3227 3625 Κύριε
3249 3596 3263 3619 ,
3301 3556 3382 3608 ὅτι
3435 3556 3806 3628 ὀνειδιζόμεθα
3845 3558 3932 3610 ὐτὲ

712 3646 925 3700 (icimur
952 3646 1020 3699 ab
1050 3643 1376 3699 adversariis
1407 3642 1766 3712 potestatibus
1796 3641 2134 3695 dicentibus:
2171 3638 2270 3693 Ubi

2371 3649 2475 3702 τῶν
2510 3650 2765 3700 ἐναντίων
2797 3647 3076 3716 δυνάμεων
3110 3645 3402 3712 λεγόντωνο
3423 3646 3533 3698 Ποῦ
3562 3649 3702 3700 εἰσιν
3720 3649 3754 3702 ει
3782 3653 3931 3718 ἐπητ-

711 3747 856 3802 sunt,
894 3753 1013 3806 qum
1040 3736 1286 3805 promisit
1312 3732 1454 3788 Deus
1480 3733 1762 3787 ostendere
1794 3735 1941 3801 genti
1972 3731 2137 3785 David
2160 3733 2182 3784 ?

2160 3733 2182 3784 ?
2367 3741 2580 3810 γείλατο
2599 3742 2626 3791 ὁ
2654 3739 2782 3801 Θεὸς
2809 3735 3113 3789 δείκνυσθαι
3144 3735 3283 3787 ἔθνει
3314 3737 3407 3789 τοῦ
3437 3737 3604 3790 Δαὸξδ
3632 3739 3708 3808 (2)
3737 3757 3750 3803 ;

782 3829 902 3881 101.
927 3827 1116 3880 Judzni.

2442 3834 2562 3888 lOl.
2598 3835 2660 3886 οι
2703 3831 2938 3885 Ἰουδαῖοι
2971 3830 3067 3900 (5).

782 3921 904 3974 102.
930 3920 1155 3985 Quando
1200 3918 1485 3973 conviciati
1532 3925 1659 3970 sunt
1704 3916 1839 3970 Filio
1866 3926 1980 3982 tuo,
2011 3919 2098 3988 qui
2125 3918 2271 3971 dedit

2450 3926 2568 3979 102.
2599 3928 2724 3978 Ὂτε
2757 3925 3034 3978 ὼνείδισαν
3089 3926 3177 3978 τὸν
3229 3928 3352 3980 Υίόν
3394 3944 3486 3978 σου
3531 3929 3626 3980 τὸν
3685 3927 3929 3979 δεδωκότα

713 4029 768 4066 se
799 4013 975 4080 ipsum
1022 4012 1500 4065 commutationem
1543 4025 1641 4078 pro
1671 4010 1872 4078 populo
1904 4021 2015 4074 tuo,
2050 4011 2141 4080 qui
2172 4025 2270 4063 un-

2375 4017 2564 4072 ἑαυτὸν
2589 4015 2856 4083 ἀντάλλαγ
2867 4034 2938 4068 ιια
2955 4016 3093 4086 ὑπὲρ
3109 4016 3199 4069 τοῦ
3222 4016 3349 4070 λαοῦ
3377 4034 3468 4070 σου
3486 4017 3579 4069 τοῦ
3609 4018 3924 4088 χρισθέντος.

712 4115 829 4156 ctus
863 4110 964 4158 est.

790 4196 902 4247 105.
935 4196 1126 4261 Amen,
1160 4210 1336 4249 amen.

2449 4192 2568 4245 105.
2609 4191 2798 4261 Ἀμὴν,
2839 4192 3003 4262 ἀμήν.

793 4309 855 4359 ’11
895 4309 1222 4379 προκειμένη
1252 4307 1524 4380 ἐπιγραφὴ
1553 4305 1790 4376 περιέχει
1812 4321 1836 4349 ·-
1855 4305 2180 4373 «Προσευχὴ
2205 4303 2283 4369 τῷ
2303 4304 2546 4358 Μωῡσεῐ
2565 4303 2880 4372 ἀνθρώπου
2921 4304 2995 4373 (4)
3022 4304 3128 4356 τοῦ
3157 4303 3321 4357 Θεοῦ.
3353 4304 3498 4374 Αὕτη
3534 4300 3628 4356 οῦν
3682 4308 3927 4376 ἑρμηνεία

713 4403 962 4473 ὑπάρχει.
997 4403 1252 4472 Μωῢσῆς
1281 4404 1584 4471 ἀνάληψις
1609 4401 1986 4472 ἑρμηνεύεται.
2020 4401 2133 4463 Πᾶς
2163 4396 2253 4452 οὖν
2282 4401 2564 4470 ἄνθρωπος
2594 4400 2685 4453 τοῦ
2725 4400 2858 4452 Θεοῦ
2889 4400 3244 4470 προσεύχεται
3274 4401 3364 4452 τὸν
3409 4403 3771 4470 προκείμενον
3805 4403 3900 4470 ξφα).

716 4498 812 4565 μὸν
839 4500 903 4566 τῇ
926 4498 1206 4568 ἀναλήψει,
1236 4499 1478 4550 τουτέστι
1517 4497 1594 4566 τῷ
1645 4494 1753 4564 Υἱῷ
1804 4494 1896 4546 τοῦ
1942 4494 2095 4547 Θεοῦ.
2127 4496 2198 4547 Οὑ
2235 4496 2342 4564 γὰρ
2375 4491 2513 4558 εἷπε,
2548 4494 2857 4561 προσευχὴ
2910 4494 3204 4559 Μωϋσέως
3236 4494 3335 4564 (ὅ).
3393 4495 3527 4546 ἀλλά
3576 4495 3659 4559 τῷ
3715 4496 3932 4549 Μωῦστῗ

712 4592 906 4644 ὡσανεὶ
933 4594 996 4662 τῇ
1025 4593 1282 4662 ἀναλήψει
1305 4591 1592 4664 [τουτέστι]
1619 4590 1692 4660 τῷ
1725 4590 1830 4658 Υἰῷ
1853 4589 1944 4640 τοῦ
1969 4588 2123 4651 Θεοῦ,
2157 4586 2335 4650 καθὼς
2375 4589 2450 4659 (6)
2487 4590 2848 4660 προείπαμεν,
2871 4589 2950 4641 ὅτι
2971 4588 3197 4650 ἕκαστος
3228 4587 3335 4639 τῶν
3359 4587 3450 4639 τοῦ
3483 4587 3620 4639 Θεοῦ
3644 4588 3926 4657 ἀνθρ.υπι.ν

711 4680 880 4746 οὕτως
906 4684 1282 4753 προσεύχεται,
1318 4684 1496 4746 καθὼς
1521 4687 1548 4737 ὁ
1591 4684 1800 4753 eam;
1829 4683 2092 4752 περιέχει.

783 4796 994 4853 Titulus
1025 4802 1345 4868 praepositus
1368 4801 1645 4855 continet:
1679 4798 1864 4853 Oratio
1895 4798 2064 4867 Moysi
2093 4798 2315 4850 hominis
2345 4797 2464 4851 Dei.
2500 4797 2624 4851 Haec
2677 4797 2837 4863 igitur
2880 4797 3249 4867 interpretatio
3287 4806 3385 4850 est.
3423 4795 3628 4864 Moyses
3657 4807 3880 4862 assumpt
3902 4813 3924 4846 ο

713 4897 1118 4963 interpretatur.
1152 4895 1338 4950 Omnis
1364 4898 1525 4966 igitur
1552 4897 1713 4948 homo
1745 4894 1834 4948 Dei
1863 4904 1983 4947 orat
2018 4898 2321 4962 appositum
2357 4893 2622 4962 psalmum
2674 4893 3057 4961 assumptioni,
3087 4894 3186 4946 hoc
3217 4901 3296 4945 est
3335 4889 3472 4942 Filio
3502 4888 3619 4942 Dei.
3654 4889 3769 4943 Non
3798 4891 3921 4942 enim

711 4989 868 5050 dixit,
897 4987 1066 5038 oratio
1089 4985 1311 5055 Moysis,
1340 4988 1431 5040 sed
1470 4985 1662 5055 Moysi,
1693 4984 1914 5053 perinde
1943 5000 2006 5037 ac
2035 4987 2080 5036 si
2110 4984 2342 5037 dixisset
2371 4985 2750 5052 assumptioui,
2785 4987 2886 5037 hoc
2905 4994 2987 5038 est
3006 4983 3140 5037 Filio
3172 4983 3284 5048 Dei,
3321 4983 3462 5035 sicut
3493 4992 3653 5036 antea
3684 4983 3921 5039 diximus,

710 5085 857 5151 quod
890 5081 1264 5150 unusquisque
1294 5083 1453 5135 homo
1486 5081 1575 5134 Dei
1605 5082 1674 5133 ita
1705 5090 1822 5133 orat
1859 5080 2314 5148 quemadmodum
2354 5083 2598 5148 psalmus
2627 5081 2889 5134 continet.

781 5177 829 5226 1.
869 5175 949 5228 Ab
977 5175 1129 5239 Abel,
1155 5183 1206 5227 et
1244 5176 1296 5226 in
1326 5175 1551 5243 singulis
1586 5173 2041 5243 generationibus.

2436 5172 2484 5225 1.
2537 5174 2668 5225 Ἀπὸ
2698 5173 2882 5235 Ἅϐελ,
2916 5173 3007 5225 καὶ
3043 5171 3118 5240 (7)
3143 5170 3260 5224 καθ’
3292 5171 3528 5238 εκάστην
3561 5166 3769 5236 γενεάν.

780 5289 800 5320 ’
831 5286 1015 5340 Matth.
1053 5303 1222 5349 xxvu,
1254 5287 1340 5340 52.

1664 5381 1968 5442 Addenda
1999 5386 2058 5441 et
2087 5381 2460 5459 corrigenda
2515 5398 2591 5440 ex
2629 5379 2769 5440 cod.
2802 5381 3000 5442 Vatic.

784 5524 858 5591 (1)
891 5524 951 5576 Εἰ
991 5524 1062 5593 μὴ
1105 5527 1261 5594 μόνος
1297 5525 1380 5584 σύ,
1416 5537 1518 5580 etc.
2300 5529 2386 5583 Β)

1471 5542 1518 5579 c.
2300 5529 2343 5583 D
2371 5524 2614 5579 Μωϋσεῖ
2632 5524 2935 5592 ἀνθρώπῳ,
2971 5533 3072 5579 etc.

783 5594 860 5666 (2)
889 5595 1334 5666 ΑἈναδείκνυσοαι
1363 5596 1488 5666 ἔθνη
1510 5596 1600 5648 τοῦ
1627 5596 1760 5648 θεοῦ
1789 5613 1801 5657 ;
2451 5597 2523 5664 (5)
2557 5596 2661 5647 Τοῦ
2694 5597 2989 5657 Μωῦσέως.

783 5665 857 5735 (3)
886 5664 1040 5718 Deest
1067 5669 1117 5717 οὶ
1171 5666 1448 5720 Ἰουδαῖοι.
1479 5663 1487 5666 ⁷
2449 5667 2524 5732 (6)
2563 5666 2846 5735 Ἀναλήψει
2867 5683 2918 5721 τ.
2962 5666 3024 5721 Υ.
3060 5684 3107 5718 τ.
3135 5665 3192 5719 Θ.
3220 5663 3378 5724 καθά,
3408 5672 3514 5718 etc.

783 5734 856 5807 (4)
898 5737 958 5787 ⁸11
983 5737 1067 5788 διὰ
1104 5738 1198 5806 τῆς
1232 5738 1594 5812 κινναϐάρεως
1623 5738 1895 5809 περιέχει·
1951 5736 2265 5806 Προσεινχὴ

1259 5738 1594 5812 εινναὸἀρεως
1623 5738 1895 5809 περιέχει·
1951 5736 2265 5806 Προσειιχὴ
2450 5738 2525 5807 (7)
2559 5739 2666 5788 Καί
2701 5734 2861 5789 deest.
