4056 6318
96 372 224 425 1057
981 370 1069 424 DE
1110 369 1383 424 TlTULIS
1420 367 1868 425 PSALMORUM.
1895 401 1961 411 -—
1986 369 2179 426 PSAL.
2227 371 2510 425 LXXXIX.
3220 375 3356 431 1038

162 487 214 540 2.
245 487 364 557 Πρὸ
386 486 490 540 τοῦ
519 487 618 558 ὅρη
643 487 956 558 γενηθῆναι,
984 487 1079 540 καὶ
1103 486 1404 557 πλασθῆναι
1431 486 1527 559 τὴν
1555 488 1679 557 γῆν,
1710 503 1750 559 Α

1857 488 1911 541 2.
1945 485 2269 558 Priusquam
2299 497 2510 544 montes
2533 489 2743 552 tierent,
2771 496 2824 541 et
2857 486 3181 542 formaretur
3215 496 3356 546 terra

89 578 179 630 καὶ
214 579 318 648 τὴν
351 578 715 650 οἰκουμένην,

436 578 715 650 ιουμένην,
1790 590 1840 636 et
1871 579 2038 643 orbis.

157 669 210 724 3.
240 671 354 723 Kal.
387 670 506 724 ἀπὸ
537 670 628 724 τοῦ
659 668 852 734 αἰῶνος
885 670 978 723 καὶ
1012 671 1117 734 ἓως
1143 668 1238 723 τοῦ
1270 668 1464 732 αἰῶνος
1493 670 1555 721 σὺ
1585 665 1652 722 εἴ.

1591 665 1652 722 εἴ.
1856 674 1908 728 ’5.
1950 673 2014 726 Et
2045 688 2074 728 a
2106 673 2326 737 saeculo,
2362 680 2416 727 et
2447 687 2620 743 usque
2647 671 2702 726 in
2728 671 2987 726 saeculum
3028 681 3083 726 tu
3115 687 3193 727 es.

156 759 210 811 4.
239 759 334 830 Μὴ
381 760 742 832 ἀποστρέψῃς
771 760 1056 832 ἄνθρωπον
1087 763 1166 822 είς
1195 759 1521 813 ταπείνωσιν
1541 777 1553 789 ’

1494 777 1521 813 ν
1541 777 1553 789 ⁸
1859 765 1908 819 4.
1946 762 2024 818 Ne
2057 774 2269 820 avertas
2299 765 2575 818 hominem
2610 764 2664 817 in
2695 763 3091 817 humilitatem:

161 850 209 905 5.
248 853 363 904 Καὶ
396 847 565 916 εἴπας
590 869 603 881 ’
651 853 1065 924 Ἐπιστρέψατε,
1097 853 1201 905 uici.
1217 852 1324 906 τῶν
1355 852 1678 925 ἀνθρώπων.

1553 870 1678 907 πων.
1856 857 1906 911 5.
1942 857 2006 910 Et
2030 857 2212 911 dixisti
2241 874 2253 910 :
2280 855 2693 920 Convertimini,
2727 855 2820 908 lilii
2853 855 3155 908 hominum.

169 943 218 997 6.
253 945 382 997 Ὀτι
409 944 562 1014 χίλια
595 943 686 1013 ἔτη
711 945 769 997 ὲν
795 945 1088 1015 ὀφθαλμοῖς
1131 962 1248 1010 σου,
1289 945 1480 1016 Κύριε,
1513 947 1680 1016 ὼς(α)

1852 948 1905 1002 6.
1941 947 2205 1015 Quoniam
2240 949 2386 1003 mille
2407 949 2533 1003 anni
2558 955 2682 1002 ante
2712 946 2903 1000 oculos
2936 954 3076 1009 tuos,
3104 943 3355 1004 Domine.

87 1035 291 1107 ἡμέραν
1782 1052 2038 1113 tanquam
2068 1043 2185 1099 dies
2219 1042 2506 1116 [tanquam
2534 1042 2589 1096 in
2621 1038 2828 1111 nocte],

154 1127 204 1180 7.
250 1128 316 1179 Ἦ
346 1127 534 1198 ἐχθὲς,
558 1128 678 1199 ἥτις
703 1127 908 1198 διῆλθε,
943 1128 1037 1182 καὶ
1066 1127 1283 1200 φυλακὴ
1309 1131 1366 1182 ὲν
1396 1131 1571 1195 νυκτὶ,

1857 1134 1908 1188 7.
1942 1134 2067 1188 Dies
2098 1135 2375 1201 hesterna,
2410 1147 2530 1204 qua;
2563 1131 2858 1202 fpraeteriit,
2894 1136 2951 1183 et
2994 1127 3247 1184 custodia
3297 1129 3351 1183 in

1783 1235 1967 1289 nocte,

157 1305 207 1360 8.
239 1306 321 1357 Τὰ
348 1306 768 1378 ὲξουδενὼματα
801 1310 980 1365 αὐτῶν
1007 1309 1100 1382 ἔτη
1135 1309 1372 1364 ἔσονται.

1849 1317 1902 1373 8.
1935 1317 2067 1382 Quae
2099 1330 2196 1384 pro
2231 1313 2401 1367 nihilo
2424 1311 2694 1367 habentur
2724 1327 2912 1368 eorum
2938 1311 3068 1368 anni
3097 1323 3276 1368 erunt.

156 1399 208 1453 9.
242 1398 318 1450 Τὸ
349 1401 505 1469 πρωὶ
535 1399 666 1453 ὡσεὶ
700 1401 828 1474 χλόη
862 1401 1154 1474 παρέλθοι·

1151 1421 1154 1433 ’
1850 1412 1898 1466 9.
1935 1409 2088 1463 Mane
2110 1408 2253 1463 sicut
2278 1407 2444 1461 herba
2470 1413 2712 1462 transeat
2739 1425 2753 1461 :

158 1489 242 1542 10.
277 1490 353 1541 Τὸ
380 1492 534 1564 πρωὶ
560 1493 811 1563 άνθήσαι,
844 1495 938 1547 καὶ
979 1494 1269 1565 παρέλθοι’

1137 1494 1236 1548 teat
1256 1513 1269 1527 °
1853 1502 1934 1556 10.
1969 1501 2124 1556 Mane
2152 1499 2340 1554 ﬂoreat
2368 1508 2422 1553 et
2456 1505 2739 1554 transeat:

157 1579 243 1633 11.
277 1580 352 1632 Τὸ
376 1582 620 1655 ἑσπέρας
650 1584 934 1650 ἀποπὲσοι,
960 1586 1342 1657 σκληρυνθείη,
1369 1589 1460 1640 καὶ
1478 1587 1538 1658 ξη
1549 1606 1676 1659 ραν-

1425 1589 1460 1640 ιὶ
1478 1587 1676 1659 ξηραν-
1847 1594 1934 1647 ll.
1962 1592 2197 1662 Vespere
2219 1588 2450 1655 decidat,
2485 1588 2699 1644 induret
2720 1595 2773 1644 et
2793 1597 3027 1644 arescat.

93 1672 224 1744 θείη.

157 1764 243 1820 12.
280 1765 407 1819 Ὀτι
450 1766 770 1838 ὲξελίπομεν
800 1770 857 1821 ὲν
878 1772 943 1840 τῇ
976 1770 1111 1840 ὀργῇ
1147 1787 1238 1823 σου
1261 1786 1274 1800 ·

1209 1788 1238 1823 υ
1261 1786 1274 1800 ·
1848 1771 1934 1826 12.
1969 1770 2110 1837 Quia
2142 1767 2449 1823 defecimus
2476 1767 2532 1822 in
2571 1767 2649 1821 ira
2677 1776 2767 1822 tua
2799 1785 2810 1820 :

161 1855 244 1910 15.
279 1858 396 1911 Καὶ
432 1859 493 1911 ὲν
524 1858 601 1929 τῷ
628 1859 784 1930 θυμῷ
809 1878 900 1913 σου
937 1862 1340 1934 ἐταράχθημεν.
1711 1875 1753 1931 Β

1311 1881 1340 1916 ι.
1711 1875 1753 1931 Β
1850 1865 1936 1917 15.
1980 1863 2117 1918 Etin
2144 1860 2326 1916 furore
2349 1870 2443 1915 tuo
2469 1859 2668 1914 turbati
2702 1874 2913 1914 sumus.

158 1945 242 2000 14.
266 1949 438 2001 Ἔθου
458 1950 557 2013 τὰς
573 1952 798 2020 ἀνομίας
813 1953 845 2022 ή
854 1953 968 2022 μῶν
995 1955 1235 2008 ἐναντίον
1253 1954 1528 2029 [ἐνώπιόν]
1557 1974 1672 2010 σου·

1853 1956 1941 2010 14.
1972 1952 2210 2009 Posuisti
2237 1953 2547 2023 iniquitates
2576 1961 2794 2007 nostras
2825 1953 2881 2007 in
2903 1962 3193 2024 conspectu
3221 1961 3345 2010 tuo:

162 2040 247 2094 15.
297 2043 357 2095 '0
389 2043 529 2096 αἰὼν
548 2043 705 2114 ἡμῶν
726 2045 805 2108 εἰς
829 2045 1105 2117 φωτισμὸν
1132 2046 1224 2100 τοῦ
1245 2048 1534 2121 προσώπου
1555 2066 1671 2105 σου.

1887 2049 1940 2103 5.
1968 2045 2240 2107 Saeculum
2261 2062 2504 2109 nostrum
2530 2055 2583 2108 in
2608 2054 3007 2112 illuminatione
3029 2056 3213 2114 vultus
3243 2056 3346 2113 tui.

161 2244 234 2312 (a)
265 2243 425 2300 Vers.
476 2274 520 2302 ο.
561 2247 670 2310 Ὠς,
701 2257 830 2310 etc.,
863 2247 1038 2303 νυκτί.

1227 2449 1608 2506 ATHANASII
1649 2452 2231 2513 INTERPRETATIO.

169 2645 219 2710 2,
255 2647 305 2700 5.
332 2647 409 2718 (1)
446 2648 535 2712 Ὠς
560 2647 667 2721 γὰρ
687 2649 854 2714 ἀΐδιος
877 2651 1005 2714 Θεὸς
1028 2651 1244 2706 πάντων
1275 2654 1668 2726 προῦπάρχων,

1847 2657 1904 2723 2,
1932 2657 1984 2712 5.
2020 2655 2153 2711 Nam
2207 2658 2349 2713 sicut
2389 2657 2533 2716 Deus
2566 2668 2800 2716 aeternus
2834 2675 2958 2718 ante
2990 2678 3168 2720 omnia
3203 2668 3347 2722 exsi-

101 2737 169 2802 ὼς
212 2739 435 2795 πάντων
471 2741 828 2813 Δημιουργδς,
882 2741 1005 2796 οὔτε
1038 2744 1212 2814 ἀρχὴν
1241 2746 1462 2816 ήμερῶν
1496 2745 1669 2814 ἔχετο,

1779 2752 1962 2807 stetis,
2011 2751 2070 2797 ut
2115 2743 2357 2797 omnium
2399 2745 2648 2808 Creator,
2693 2761 2869 2815 neque
2916 2746 3105 2803 habuit
3133 2749 3343 2804 dierum

105 2830 220 2884 οὕτε
249 2833 397 2903 ζωῆς
431 2835 605 2897 τέλος.

1781 2834 2128 2906 principium,
2163 2850 2336 2904 neque
2377 2835 2594 2891 habebit
2624 2838 2746 2891 vitae
2777 2838 2959 2894 linem.

165 2922 215 2976 4.
245 2925 336 2997 Μὴ
361 2925 538 2991 οὕτως
568 2927 734 3001 ἐάσῃς
759 2928 906 3000 ἡμᾶς
944 2929 1000 2980 ὲν
1023 2928 1321 2999 ἁμαρτίαις
1357 2930 1516 2995 ὄντας
1541 2931 1674 2984 ἀπο-

1850 2929 1903 2984 4.
1932 2926 2008 2982 Ne
2036 2928 2107 2982 ita
2139 2930 2289 2983 sinas
2320 2945 2417 2984 nos
2450 2931 2503 2984 in
2535 2932 2769 3001 peccatis
2797 2933 3123 2989 exsistentes
3150 2935 3339 2989 reverti

110 3017 323 3087 στρέψαι
362 3021 443 3084 είς
472 3023 597 3091 γῆν,
624 3020 683 3085 ἐξ
713 3016 779 3092 ἧς
811 3020 1146 3100 ἐλήφθημεν-
1702 3061 1712 3106 l

1702 3055 1743 3111 ε
1780 3023 1832 3076 in
1863 3030 2082 3088 terram,
2109 3038 2174 3077 ex
2201 3038 2307 3092 qua
2332 3024 2535 3094 sumpti
2564 3039 2776 3079 sumus.

171 3107 219 3161 5.
254 3112 362 3164 Καὶ
416 3110 597 3178 εἶπας·
639 3116 722 3168 Οὐ
763 3114 1068 3183 ,βούλομαι
1118 3115 1224 3170 τὸν
1269 3115 1526 3170 θάνατον
1571 3115 1677 3167 τοῦ
1713 3107 1742 3111 ⁷

1853 3115 1904 3168 5.
1937 3114 2001 3168 Et
2030 3115 2214 3169 dixisti
2250 3135 2262 3169 :
2297 3115 2438 3170 Nolo
2465 3126 2684 3171 mortem
2713 3118 3024 3186 peccatoris,
3061 3119 3151 3173 sed
3176 3135 3342 3190 magis

107 3198 467 3270 ἀμαρτωλοῦ,
502 3207 583 3271 ὠς
615 3207 679 3259 τὸ
711 3207 1086 3276 ἐπιστρέψαι,
1119 3208 1216 3263 καὶ
1248 3207 1356 3277 ζῇν
1382 3206 1587 3262 αὐτόν.

939 3207 1086 3276 ξψαι,
1119 3208 1216 3263 καὶ
1248 3207 1356 3277 ζῇν
1382 3206 1587 3262 αὐτόν.
1778 3215 1836 3258 ut
1869 3217 2202 3259 convertatur
2230 3216 2278 3260 et
2309 3208 2445 3261 vivat
2479 3210 2541 3263 '°.

171 3292 220 3347 ϐ.
260 3294 323 3349 Ἦ
347 3298 531 3370 ήμέρα
557 3299 654 3370 τῆς
681 3300 932 3370 κρίσεως.

692 3300 932 3370 ιιρίσεως.
1847 3299 1901 3353 6.
1935 3298 2060 3354 Dies
2079 3299 2294 3370 judicii,

174 3385 223 3440 7.
267 3389 352 3452 Ὠς
383 3392 416 3462 ή
450 3390 796 3463 παρελθοῦσα
837 3393 1041 3465 ἡμέρα,
1075 3393 1245 3457 οὕτως
1284 3395 1554 3464 διερχεται
1581 3391 1676 3445 καὶ

1847 3392 1898 3446 7.
1940 3390 2092 3448 Sicut
2129 3393 2267 3457 dies,
2301 3409 2423 3463 qua:
2477 3394 2755 3463 praateriil,
2791 3394 2866 3449 ita
2909 3395 3103 3450 transit
3145 3406 3198 3452 et
3225 3396 3343 3452 dies

115 3475 146 3546 ἡ
176 3478 351 3551 ἡμέρα
379 3483 479 3554 τῆς
514 3484 775 3554 κρίσεως
817 3486 909 3537 καὶ
942 3484 1131 3557 ὥσπερ
1177 3488 1233 3538 ὲν
1283 3486 1438 3538 νυκτὶ
1467 3483 1544 3555 (2)
1577 3502 1676 3553 φυ-

1773 3483 1960 3554 judicii
1988 3501 2003 3537 :
2033 3492 2085 3538 et
2138 3485 2594 3554 quemadmodum
2643 3486 2696 3540 in
2742 3495 2901 3542 nocte
2939 3488 3184 3543 custodia
3236 3501 3339 3552 est.

113 3566 236 3639 λακή
268 3575 434 3636 ἐστιν,
463 3574 635 3638 οὓτως
663 3577 756 3628 καὶ
781 3575 919 3645 μετὰ
949 3575 1046 3646 τὴν
1073 3576 1284 3646 ἡμέραν
1311 3577 1409 3646 τῆς
1435 3575 1670 3646 κρίσεως

1778 3578 1849 3630 ita
1895 3586 1949 3631 et
2002 3585 2123 3647 post
2170 3577 2312 3631 dicm
2363 3578 2552 3647 judicii
2585 3580 2851 3636 securitas
2883 3581 3008 3645 erit,
3033 3591 3087 3637 et
3131 3590 3344 3638 aeterne

114 3659 362 3728 ἀσφάλεια
385 3664 592 3731 ἔσεται,
634 3667 845 3738 καὶτῆς
873 3667 1089 3720 αἰωνίου
1110 3667 1277 3738 ζωῆς.
1311 3667 1517 3737 καὶτῆς
1544 3668 1672 3720 alto-

893 3667 1089 3720 ιίωνίου
1110 3667 1277 3738 ζωῆς,
1311 3667 1517 3737 καὶτῆς
1544 3668 1672 3720 αίω⁴
1775 3671 1897 3724 vitae
1925 3678 1978 3724 et
2003 3671 2192 3725 aeterni
2224 3671 2495 3740 supplicii.

115 3749 215 3804 νίου
251 3755 543 3822 κολάσεως.

176 3842 225 3899 8.
256 3849 319 3901 Ai
339 3850 588 3917 κολάσεις
606 3853 803 3918 αὐτῶν,
859 3855 918 3908 ὲν
977 3851 1066 3918 αἷς
1120 3853 1478 3927 ἀναρίθμητοι
1526 3854 1674 3908 ἔσον-

1848 3844 1901 3900 8.
1930 3842 2203 3916 Supplicia
2238 3859 2454 3908 eorum,
2488 3845 2541 3900 in
2566 3845 2767 3916 quibus
2798 3846 2917 3902 sine
2946 3848 3055 3902 ulla
3081 3849 3342 3919 temporis

117 3949 197 3988 ται
223 3939 318 4010 (3).
1778 3952 2029 3993 mensura
2055 3939 2466 4008 permanebunt.

181 4027 229 4083 θ.
269 4033 331 4088 Ἠ
363 4037 628 4110 νηπιότης
658 4038 734 4102 ὡς
775 4039 901 4110 χλόη
935 4042 1210 4114 παρέλθοι.

1847 4027 1899 4082 9.
1935 4028 2163 4083 Infantia
2196 4029 2336 4084 sicut
2373 4029 2540 4084 herba
2567 4037 2830 4084 transeat.

185 4121 263 4178 10.
298 4127 404 4182 Καὶ
445 4130 607 4185 πάλιν
637 4131 839 4197 εὐθέως
871 4134 1188 4206 ήνηπιὸτης
1208 4135 1430 4208 ἀνθήσει
1451 4137 1531 4198 si;
1557 4135 1671 4188 νεό-

1849 4118 1931 4173 10.
1963 4119 2028 4174 Et
2057 4135 2248 4174 rursus
2279 4121 2459 4175 statim
2491 4119 2855 4175 adolescentia
2881 4120 3154 4178 adolescet
3180 4123 3234 4177 in
3250 4123 3343 4194 ju-

118 4229 259 4284 τητα,
287 4221 378 4274 καὶ
407 4221 545 4296 αὐτὴ
569 4223 767 4294 ὁμοίως
808 4225 1217 4296 παρελεύσεται.

1775 4218 2072 4277 ventutem,
2104 4218 2158 4266 et
2189 4211 2308 4281 ipsa
2334 4211 2585 4266 similiter
2613 4211 2984 4280 pertransibit.

185 4308 262 4365 11.
296 4314 459 4371 Ὅταν
486 4317 545 4371 δὲ
569 4318 808 4393 γηράσῃ,
831 4321 1314 4392 συγκαμφθήσεται
1347 4323 1439 4375 καὶ
1487 4322 1671 4376 τελευσ

1848 4303 1934 4360 1|.
1967 4302 2104 4360 Cum
2138 4314 2318 4360 autem
2361 4306 2604 4361 senuerit
2644 4305 3018 4362 incurvabitur
3047 4314 3101 4361 et
3143 4307 3339 4363 morie-

123 4399 277 4471 τήσει.
1707 4411 1749 4468 ε)
1777 4404 1886 4451 tur.

186 4491 266 4548 12.
299 4496 416 4553 Ὀτι
445 4501 848 4574 ἡμαρτηκότων
900 4501 1058 4576 ήμῶν
1101 4503 1188 4558 διὰ
1237 4505 1336 4575 τῆς
1390 4510 1674 4579 παρακοῆς

1854 4490 1938 4547 12.
1965 4490 2233 4558 Quoniam
2252 4487 2601 4562 peccantibus
2621 4488 2780 4545 nobis
2800 4504 2897 4560 per
2923 4489 3338 4548 inobedientiam

123 4579 395 4660 ὠργίσθης,
420 4593 516 4647 καὶ
544 4594 888 4667 ἀπέστρεψας
913 4597 1061 4668 ἡμᾶς
1088 4597 1186 4668 (4)·

938 4599 1061 4668 ιμᾶς
1088 4597 1186 4668 (4),
1779 4584 1950 4640 iratus
1981 4600 2040 4641 es
2073 4594 2128 4640 et
2154 4583 2396 4640 avertisti
2421 4597 2540 4638 nos.

192 4676 265 4734 13.
301 4681 417 4740 Ὀτι
456 4685 666 4756 ἐλήφθη
691 4703 779 4757 με,
813 4687 905 4740 καὶ
924 4688 999 4757 (5)
1032 4687 1375 4759 θυμωθέντος
1407 4711 1501 4746 σου
1531 4695 1672 4764 ἀφα-

1845 4677 1932 4732 15.
1967 4676 2232 4744 Quoniam
2267 4675 2537 4746 reliquisti
2571 4691 2679 4743 me,
2705 4685 2760 4732 et
2784 4683 2836 4732 te
2855 4686 3123 4734 irascente
3162 4687 3340 4734 exter-

128 4771 293 4838 νισμδς
330 4775 646 4847 ἐγενόμεθα.

601 4796 646 4833 ι,
1773 4769 1963 4824 minati
1994 4784 2203 4824 sumus.

190 4861 266 4918 14.
311 4868 814 4942 Ἀναγεγραμμέναι
852 4873 989 4926 εἰσὶν
1015 4873 1173 4944 ήμῶν
1204 4876 1261 4928 αί
1306 4877 1525 4948 ἀνομίαι
1582 4882 1667 4932 ὲν-

1850 4862 1937 4916 14.
1973 4862 2264 4931 Descrime
2309 4869 2436 4918 sunt
2456 4861 2774 4933 iniquitates
2807 4871 3008 4918 nostrae
3051 4878 3236 4920 coram
3264 4871 3337 4918 te.

129 4951 277 5010 ώπιὸν
302 4977 418 5019 σου.

191 5049 266 5104 15.
306 5055 366 5108 Ἦ
392 5056 508 5127 ζωὴ
537 5056 692 5127 ἡμῶν
721 5057 943 5127 γένηται
993 5059 1384 5132 πεφωτισμένη
1434 5063 1519 5116 διὰ
1570 5067 1668 5136 τῆς

1454 5064 1519 5116 ita:
1570 5067 1668 5136 τῆς
1849 5069 1936 5124 15.
1968 5068 2085 5123 Vita
2119 5078 2302 5124 nostra
2326 5068 2665 5126 illuminetur
2685 5070 2918 5125 adventu
2945 5079 3056 5125 tuo.

133 5149 399 5216 παρουσίας
434 5168 549 5206 σου.

181 5258 215 5287 ¹⁶
243 5259 425 5320 Ezech.
458 5280 656 5330 xxxm,
692 5266 777 5320 11.

1051 5424 1369 5487 Addenda
1410 5434 1468 5489 et
1501 5427 1874 5508 corrigenda
1905 5446 1978 5488 ex
2013 5427 2149 5489 ηοιῐ.
2185 5429 2386 5489 Vatic.

194 5577 260 5665 ii.)
371 5591 424 5646 ‘2.
464 5591 589 5668 ξΩςι
607 5597 733 5652 etc.,
764 5590 1156 5662 προῦπάρχεις,
1186 5598 1286 5644 etc.
1324 5593 1389 5646 N.
1436 5592 1490 5645 5.
1527 5591 1662 5646 Οθτε

1128 5609 1156 5654 ξ,
1186 5598 1286 5644 etc.
1324 5593 1389 5646 N.
1436 5592 1490 5645 5.
1527 5591 1662 5646 Οθτε
1949 5589 2045 5657 Ai;
2075 5595 2540 5668 παραδοθήσονται
2570 5596 2730 5668 άναρ.

139 5658 531 5736 αρχῇν-ήμερῶν
566 5658 741 5736 ἔχεις,⁸
766 5670 869 5736 etc.
914 5730 939 5736 _
1093 5731 1102 5736 _
1310 5734 1317 5736 Δ
1392 5732 1399 5736 _
1646 5735 1652 5736 γ
1961 5658 2302 5734 Ἠμᾶς,’ὅθεν
2326 5658 2658 5736 ἔλήιρθημεν.

148 5784 173 5809 ,μ
289 5719 754 5809 Πιᾶρέρχεταῖικαὶ
793 5732 826 5800 ἡ
869 5730 1240 5809 ,τῆςλιρίσεως
1297 5732 1475 5803 ἡμέρα
1497 5752 1509 5763 ·
1575 5735 1666 5788 καὶ
1952 5719 2038 5791 Ν)
2174 5738 2281 5790 Καὶ
2309 5719 2757 5807 θυμίωοέντοςσου
2789 5738 2868 5801 είς
2898 5735 3216 5809 ἀφανισμόν,
3235 5749 3334 5798 etc.

142 5805 297 5862 ωσπερ
323 5801 378 5853 ὲν
403 5801 475 5873 τῇ
492 5801 666 5863 νυκτί,
699 5810 823 5863 etc.,
861 5801 1122 5870 ἀσφάλειά
1149 5805 1310 5856 ἐστιν.
