4098 6318
699 360 836 418 1039
1535 358 1590 412 S.
1631 357 2000 412 ATHANASII
2043 359 2190 413 OPP.
2236 358 2417 413 PARS
2457 359 2539 412 Ill.
2585 390 2652 398 ——-
2689 360 3080 415 EXEGETICA
3815 372 3944 428 ίοιο

766 473 853 527 16.
889 471 1155 539 Quoniam
1182 486 1370 526 omnes
1401 471 1516 526 dies
1546 474 1718 528 nostri
1745 472 2094 530 defecerunt:
2287 496 2336 551 Α

2045 484 2094 530 t:
2287 496 2336 551 Α
2436 475 2519 528 16.
2540 475 2658 528 Ὅτι
2689 477 2859 528 πᾶσαι
2885 478 2939 529 αἱ
2971 478 3173 548 ἡμέραι
3198 479 3352 548 ἡμῶν
3385 480 3663 546 ἐξέλιπον·

766 566 855 620 17.
879 563 945 618 Et
966 567 1019 618 in
1047 565 1123 619 ira
1152 573 1240 618 tua
1266 563 1588 619 deiecimus.

2439 567 2523 621 17.
2564 569 2673 620 Καὶ
2707 571 2763 621 ἐν
2797 572 2863 640 τῇ
2889 572 3024 640 ὀργῇ
3059 589 3151 623 σου
3179 570 3517 642 ἐξελίττομεν.

764 658 833 714 18
890 657 1030 712 Anni
1052 657 1222 714 nostri
1250 657 1389 711 sicut
1413 673 1608 712 aranea
1643 658 2081 713 meditabuntur:

2069 676 2081 712 :
2433 659 2518 713 18.
2560 660 2638 713 Τὰ
2673 660 2766 730 ἔτη
2793 661 2948 732 ἡμῶν
2975 662 3106 714 ὡσεὶ
3133 663 3341 733 ἀράχνη
3371 663 3666 733 ἐμελέτων·

767 752 851 806 19.
883 749 1006 804 Dies
1029 765 1296 804 annorum
1325 759 1640 804 nostrorum
1672 751 1726 804 in
1758 750 1892 819 ipsis
1915 751 2256 822 septuaginta

2434 753 2518 806 19.
2561 753 2626 805 Αἱ
2671 753 2876 825 ἡμέραι
2918 754 3027 808 τῶν
3060 756 3195 808 ἐτών
3223 756 3377 826 ἡμῶν
3408 757 3465 809 ἐν
3493 760 3683 820 αὐτοῖς
3717 758 3942 828 ἐϐδομή-

693 845 853 900 anni:

2363 862 2523 898 κοντα
2553 847 2646 917 ἔτη
2669 862 2683 876 ο

767 938 856 993 20.
893 936 948 990 Si
975 948 1150 992 autem
1181 937 1234 989 in
1265 936 1629 1005 potentatibus
1663 936 1938 1006 octoginta
1969 936 2098 990 anni
2135 955 2147 988 :

2135 955 2147 988 :
2428 937 2518 992 20.
2540 937 2666 990 Ἐὰν
2695 938 2751 991 δὲ
2778 939 2835 991 ὲν
2868 937 3206 1004 δυναστείαις
3235 940 3560 1010 ὀγδοήκοντα
3585 942 3682 1013 ἐτη
3706 960 3719 972 ·

762 1025 853 1076 21.
893 1022 959 1076 Et
990 1023 1219 1092 amplius
1248 1036 1439 1077 eorum
1474 1023 1644 1089 labor,
1677 1031 1730 1077 et
1767 1022 1947 1077 dolor.

2429 1028 2518 1084 21.
2561 1030 2671 1082 Καὶ
2697 1030 2759 1082 τὸ
2789 1031 2973 1084 πλεῖον
2995 1031 3171 1085 αὐτῶν
3206 1033 3370 1097 κόπος
3403 1037 3492 1087 καὶ
3523 1036 3702 1097 πόνος.

756 1116 846 1169 22.
877 1116 1142 1182 Quoniam
1175 1116 1487 1185 supervenit
1526 1116 1890 1173 mansuetudo
1937 1130 2100 1184 super
2131 1130 2254 1182 nos,

2427 1119 2516 1173 22.
2537 1122 2656 1174 Ὀτι
2688 1120 2888 1191 ὲπῆλθε
2927 1122 3170 1193 πραότης
3196 1124 3279 1191 ἐφ’
3308 1127 3475 1194 ἡμᾶς,
3519 1126 3613 1178 καὶ
3660 1123 3942 1194 παιδευθη-

688 1218 741 1263 et
777 1209 1159 1277 corripiemur.

964 1209 1159 1262 iemur.
2361 1213 2582 1283 σόμεθα.

761 1300 848 1354 25.
876 1299 1010 1365 Quis
1037 1298 1185 1352 novit
1212 1305 1533 1367 potestatem
1563 1297 1658 1350 ira
1689 1295 1839 1351 tute?

2427 1304 2514 1360 25.
2557 1305 2653 1368 Τίς
2680 1305 2937 1374 γινώσκει
2962 1305 3021 1359 τὺ
3044 1305 3245 1376 κράτος
3273 1307 3370 1377 τῆς
3401 1309 3571 1379 ὀργῆς
3612 1325 3708 1361 σου
3738 1326 3753 1374 ;

758 1393 845 1446 2t.
877 1391 943 1445 Et
974 1407 1080 1445 *πω
1114 1391 1307 1444 timore
1342 1399 1436 1444 tuo
1489 1389 1624 1443 iram
1675 1398 1824 1443 tuam
1864 1385 2255 1443 dinumerare?

2423 1396 2512 1451 21.
2553 1398 2662 1451 Καὶ
2709 1398 2815 1453 ἀπὸ
2857 1397 2952 1451 τοῦ
3000 1398 3165 1467 φόϐου
3218 1416 3311 1451 σου
3357 1399 3446 1452 τὸν
3495 1401 3668 1471 θυμόν
3720 1418 3818 1454 σου
3866 1401 3943 1466 ἐξ-

2357 1487 2796 1560 αριθμήσασθαι;

755 1576 844 1628 23.
879 1573 1162 1628 Dexteram
1199 1581 1345 1626 tuam
1379 1573 1460 1627 sic
1490 1579 1674 1626 notam
1711 1569 1796 1625 fac
1825 1569 1961 1624 mihi
1991 1587 2003 1622 :

1991 1587 2003 1622 ε
2426 1578 2512 1633 25.
2558 1579 2667 1650 Τὴν
2691 1580 2872 1645 δεξιάν
2903 1597 2998 1632 σου
3029 1580 3171 1633 οὕτω
3194 1582 3458 1654 γνώρισόν
3488 1600 3608 1652 μοι·

754 1665 845 1719 26.
883 1663 947 1716 Ει
977 1664 1218 1718 eruditos
1250 1663 1414 1718 corde
1449 1663 1504 1715 in
1537 1661 1827 1731 sapientia.

2425 1671 2513 1724 26.
2555 1673 2663 1725 Καὶ
2694 1675 2818 1736 τοὺς
2853 1673 3317 1745 πεπαιδευμένους
3348 1679 3412 1746 τῇ
3441 1675 3639 1747 καρδίᾳ
3679 1676 3736 1729 ὲν
3764 1677 3938 1745 σοφίᾳ.

754 1757 844 1811 27.
871 1756 1217 1819 Convertere,
1258 1754 1507 1814 Domine.
1539 1754 1868 1824 usquequo?

1845 1754 1868 1808 Ϊ
2427 1765 2515 1820 27.
2536 1765 2914 1837 Ἐπίστρεψον,
2946 1766 3140 1837 Κύριε,
3170 1766 3274 1830 ἕως
3301 1767 3463 1833 πότε;

753 1849 842 1904 28.
878 1849 942 1901 Ει
969 1845 1326 1916 deprecabilis
1352 1854 1470 1900 esto
1495 1860 1658 1916 super
1689 1859 1877 1900 servos
1908 1851 2056 1898 tuos.
2285 1866 2326 1920 Β

2285 1866 2326 1920 Β
2423 1857 2511 1910 28.
2555 1858 2664 1910 Καὶ
2689 1858 3070 1929 παρακλήθητι
3097 1861 3190 1912 ἐπὶ
3214 1863 3327 1922 τοῖς
3351 1859 3558 1922 δούλοις
3582 1877 3699 1913 σου.

745 1941 836 1997 29.
872 1940 1078 2010 Repleti
1117 1954 1304 1994 sumus
1350 1954 1508 1993 mane
1550 1937 1928 1994 misericordia
1970 1945 2094 2001 tua,
2145 1935 2249 1992 Do-

2426 1951 2515 2004 29.
2535 1949 2872 2020 Ἐνεπλήσθη
2881 1968 2978 2020 μεν
2993 1951 3053 2002 τὸ
3070 1950 3215 2020 πρωὶ
3225 1951 3319 2004 τοῦ
3335 1951 3512 2015 ἐλέους
3527 1969 3643 2016 σου,
3658 1950 3836 2024 Κύριε
3849 1951 3940 2021 (ar

687 2050 859 2089 nune:

752 2127 842 2180 30.
877 2125 942 2179 Et
972 2125 1384 2188 exsultavimus,
1419 2133 1473 2178 et
1501 2124 1749 2180 delectati
1781 2141 1972 2181 sumus

2428 2127 2516 2179 50.
2558 2127 2666 2179 Καὶ
2696 2126 3164 2199 ὴγαλλιασὰμεθα,
3194 2130 3285 2182 καὶ
3310 2129 3718 2201 εὐφράνθημεν,

753 2222 842 2276 51.
876 2220 934 2276 In
965 2221 1218 2275 omnibus
1245 2220 1437 2275 diebus
1467 2218 1689 2273 nostris.

2429 2220 2516 2273 51.
2560 2221 2635 2287 (b)
2667 2220 2758 2273 Ἐν
2783 2222 2984 2286 πάσαις
3013 2226 3133 2287 ταῖς
3155 2225 3386 2296 ἡμέραις
3419 2224 3592 2294 ἡμῶν.

752 2317 841 2371 52.
874 2315 1062 2370 Lmtati
1095 2331 1306 2369 sumus.

2431 2311 2519 2365 52.
2563 2311 3012 2384 Εὑφρανθείημεν
3045 2316 3491 2388 [εὐφράνθημεν]·

755 2406 844 2459 55.
873 2404 981 2457 Pro
1012 2404 1200 2458 diebus
1224 2403 1426 2473 quibus
1451 2417 1551 2456 nos
1588 2401 1922 2456 humiliasti:

2427 2403 2517 2460 55.
2541 2403 2684 2456 Ἀνθ’
2709 2396 2784 2458 ὧν
2810 2404 3032 2475 ἡμερῶν
3057 2406 3426 2472 ὲταπείνωσας
3450 2409 3620 2480 ἡμᾶς·

754 2496 844 2552 51.
870 2495 1041 2550 Annis
1073 2495 1270 2564 quibus
1299 2494 1534 2549 vidimus
1567 2492 1731 2548 mala.

1659 2492 1731 2548 la.
2428 2495 2517 2548 54.
2545 2495 2735 2563 Ἐτῶν,
2761 2488 2837 2553 ὧν
2867 2498 3077 2570 εἴδομεν
3109 2500 3273 2553 κακά.

754 2653 833 2725 (a)
871 2654 1050 2725 Κύριε
1064 2651 1436 2725 _non_legitu_r.

755 2718 829 2795 (ὁ)
871 2718 1027 2778 Vers.
1061 2723 1151 2785 51,
1187 2718 1413 2787 52ζευι)
1442 2718 1605 2775 unico
1633 2735 1786 2773 num.

1807 2873 2183 2928 ATHANASII
2223 2873 2809 2930 INTERPRETATIO.

756 3027 841 3081 16.
877 3023 1144 3090 Quoniam
1171 3020 1282 3089 jam
1320 3017 1651 3087 completum
1677 3027 1760 3071 est
1783 3015 1886 3070 hoc
1919 3017 2199 3070 saeculum.
2291 3021 2337 3083 ς

2065 3017 2199 3070 lum.
2291 3021 2337 3083 C
2440 3019 2525 3073 16.
2547 3020 2668 3072 Ὅτι
2694 3020 2876 3073 λοιπὸν
2911 3021 3266 3093 πεπλήρωται
3294 3024 3322 3076 ό
3350 3024 3483 3076 αίὼν
3506 3017 3681 3086 οὗτος.

757 3118 844 3171 17.
870 3115 1003 3168 Nam
1030 3114 1192 3182 priori
1225 3111 1421 3165 saeculo
1445 3119 1842 3179 nongentorum
1880 3117 1998 3163 erat
2027 3108 2135 3162 vita
2165 3109 2258 3162 bo-

2437 3115 2519 3169 17.
2553 3115 2609 3166 Ὀ
2640 3114 2746 3184 γὰρ
2797 3116 3060 3187 πρότερος
3095 3115 3227 3169 αἰὼν
3259 3116 3333 3188 (1)
3372 3117 3700 3170 ἐννακοσίων
3723 3119 3864 3172 ὲτῶν
3883 3115 3945 3192 ἦν

683 3211 918 3272 minum,
943 3220 1086 3259 nunc
1125 3211 1301 3257 autem
1353 3201 1622 3255 diminuta
1679 3209 1762 3254 est
1810 3199 1864 3253 in
1904 3207 2123 3253 centum
2178 3200 2262 3252 vi—

2360 3211 2394 3280 ἡ
2426 3208 2535 3278 ζωὴ
2581 3208 2686 3260 τῶν
2730 3209 3051 3280 ἀνθρώπων,
3079 3209 3174 3262 νῦν
3219 3211 3275 3262 δὲ
3324 3210 3720 3281 ἠλαττώθησαν
3757 3213 3838 3275 είς
3867 3219 3943 3284 ρκ’

685 3301 820 3374 ginti
851 3314 1044 3353 annos.
2362 3299 2476 3369 ἔτη.

759 3396 844 3450 18.
880 3393 1018 3446 Anni
1055 3393 1224 3446 nostri
1264 3387 1602 3443 miserabiles
1629 3392 1680 3439 et
1708 3384 1909 3437 inﬁrmi
1949 3383 2078 3438 facti
2110 3393 2255 3438 sunt.

2433 3391 2516 3444 18.
2559 3390 2638 3443 Τὰ
2667 3390 2760 3461 ἔτη
2791 3389 2945 3462 ἡμῶν
2965 3390 3156 3461 οἰκτρὰ
3186 3390 3279 3443 καὶ
3307 3390 3573 3462 ἀνίσχυρα
3599 3393 3911 3460 γεγόνασιν.

761 3487 940 3543 19-21.
977 3485 1110 3538 Nam
1155 3484 1219 3537 ad
1266 3481 1604 3552 septuaginta
1650 3487 1704 3532 et
1745 3479 2024 3549 octoginta
2087 3493 2258 3530 annos

2432 3484 2497 3537 19
2518 3514 2541 3523 -
2564 3483 2652 3537 21.
2706 3485 2796 3546 Είς
2827 3483 3192 3554 ἑϐδομήκοντα
3225 3483 3334 3554 γὰρ
3366 3485 3459 3537 καὶ
3488 3485 3824 3556 ὀγδοήκοντα
3859 3490 3943 3556 ἔτη

685 3583 1036 3652 pervenimus
1064 3597 1075 3630 :
1106 3579 1149 3632 si
1185 3585 1364 3630 autem
1407 3573 1619 3642 longius
1651 3572 1849 3626 vixerit
1893 3574 2078 3636 homo,
2109 3571 2260 3624 labor

2362 3575 2706 3646 ἐφθάσαμεν·
2763 3577 2857 3629 ἐὰν
2909 3576 2964 3628 δὲ
3013 3576 3231 3629 πλείονα
3277 3577 3416 3647 ζήσῃ
3445 3577 3755 3648 ἄνθρωπος,
3787 3579 3945 3640 κόπος

685 3682 790 3738 est,
813 3681 867 3729 ct
893 3673 1046 3726 dolor
1069 3679 1284 3740 propter
1316 3677 1618 3737 peccatum,
1648 3665 1795 3735 quod
1826 3673 1910 3719 est
1947 3663 2001 3716 in
2029 3662 2255 3717 mundo.

2361 3668 2475 3719 ἐστὶ
2517 3668 2610 3718 καὶ
2659 3667 2818 3729 πόνος
2863 3667 2949 3718 διὰ
2991 3667 3087 3736 τὴν
3134 3668 3403 3736 ἁμαρτίαν
3443 3667 3540 3736 τὴν
3585 3664 3755 3721 οὖσαν
3784 3671 3844 3720 ὲν
3875 3685 3945 3736 τῳ

2361 3760 2572 3829 κόσμῳ.

754 3867 841 3922 22.
876 3865 1143 3931 Quoniam
1191 3861 1364 3916 Filius
1412 3859 1507 3915 Dei
1557 3859 1723 3923 venit,
1755 3867 1810 3913 et
1843 3857 2021 3912 edocti
2070 3872 2258 3912 sumus

2430 3853 2521 3906 22.
2543 3853 2663 3905 Ὅτι
2691 3851 2819 3914 Υἱὸς
2846 3849 2939 3902 τοῦ
2968 3849 3103 3902 Θεοῦ
3133 3845 3284 3920 ἦλθε,
3321 3851 3413 3901 καὶ
3452 3847 3824 3919 παιδευόμεθα
3852 3870 3946 3904 κα-

687 3968 1036 4014 contemnerc
1065 3957 1200 4009 hanc
1236 3954 1424 4008 vitam.

2361 3948 2646 4016 ταφρονεῖν
2682 3947 2779 4015 τῆς
2811 3943 2954 4012 ζωῆς
2984 3943 3205 4011 ταύτης.

752 4052 843 4106 25.
871 4050 1005 4116 Quis
1029 4048 1178 4103 novit
1197 4058 1394 4102 acterna
1426 4042 1736 4114 supplicia?

2430 4037 2521 4089 25.
2565 4036 2659 4098 Τίς
2681 4031 2786 4088 οἶδε
2815 4033 2883 4087 τὰ
2915 4034 3132 4086 αἰωνίου
3164 4032 3467 4098 κολάσεως

757 4147 847 4201 24.
876 4144 1092 4198 llabcns
1120 4143 1383 4213 timorem
1419 4149 1570 4193 tuum
1602 4146 1780 4208 potest
1811 4152 2141 4209 cognoscere
2167 4136 2259 4206 ju-

2433 4129 2523 4183 24.
2550 4130 2606 4180 Ὀ
2637 4128 2773 4198 ἔχων
2798 4126 2889 4179 τὸν
2917 4125 3078 4194 φόϐον
3125 4142 3216 4177 σου
3261 4124 3481 4177 δύναται
3514 4123 3818 4190 ἐπιγνῶναι
3854 4123 3944 4194 τὴν

689 4237 891 4291 dicium
919 4243 1094 4288 tuum.

1062 4249 1094 4286 I.
2362 4221 2542 4293 κρίσιν
2569 4239 2680 4273 σου.

759 4325 848 4379 25.
882 4321 1180 4378 Potentiam
1229 4331 1375 4376 tuam
1426 4337 1521 4391 per
1561 4320 1813 4376 timorem
1857 4329 2010 4374 tuum
2057 4319 2143 4375 fac
2172 4335 2259 4374 me

2433 4314 2521 4368 25.
2553 4313 2625 4364 Τὸ
2657 4311 2879 4365 δυνατόν
2916 4327 3006 4362 σου
3029 4308 3118 4362 διὰ
3139 4308 3232 4361 τοῦ
3263 4307 3427 4378 φόϐου
3467 4325 3558 4361 σου
3612 4307 3846 4378 ποίησόν
3874 4307 3946 4386 (2)

691 4419 1008 4488 intelligere.
2293 4401 2309 4452 l

2293 4401 2337 4452 Ι)
2368 4425 2435 4478 με
2466 4406 2679 4460 εἰδέναι.

760 4510 851 4564 26.
883 4509 946 4563 Et
988 4509 1218 4563 humiles
1252 4507 1416 4562 corde
1449 4507 1679 4576 repletos
1701 4505 1875 4576 gratia
1920 4513 2011 4558 tua
2057 4503 2142 4558 fac
2178 4519 2264 4558 me

2438 4500 2526 4553 26.
2560 4500 2668 4552 Καὶ
2695 4498 2819 4560 τοὺς
2847 4497 3130 4557 ταπεινοὺς
3168 4497 3231 4563 τῇ
3263 4493 3458 4563 καρδίᾳ
3489 4494 3618 4555 τοὺς
3659 4493 3945 4564 πεπληρω-

693 4620 1002 4676 agnoscere.

2371 4593 2562 4664 μένους
2594 4593 2658 4660 τῇ
2693 4589 2871 4661 χάριτί
2898 4603 2988 4639 σου
3026 4587 3099 4656 (5)
3126 4585 3347 4656 ποίησόν
3379 4602 3447 4654 με
3480 4583 3701 4637 ειδέναι.

763 4697 850 4751 27.
883 4695 1016 4751 Veni
1055 4695 1122 4750 ad
1158 4709 1274 4760 nos,
1311 4692 1557 4748 Domine.

2434 4685 2524 4739 27.
2549 4682 2701 4736 Ἐλθὲ
2735 4683 2870 4752 πρὸς
2899 4682 3065 4752 ἡμᾶς,
3099 4679 3288 4749 Κύριε.

761 4791 852 4846 28.
881 4790 955 4844 De
978 4788 1343 4845 anterioribus
1373 4787 1708 4856 temporibus
1735 4785 1966 4855 peccati.

2439 4777 2524 4831 28.
2566 4777 2701 4846 Περὶ
2731 4776 2837 4827 τῶν
2869 4772 3144 4844 προτέρων
3174 4769 3378 4840 χρόνων
3407 4769 3504 4838 τῆς
3533 4769 3833 4840 ἁμαρτιας.

761 4885 851 4939 29.
881 4881 1168 4935 Exoriente
1195 4890 1266 4946 te,
1303 4878 1505 4948 impleti
1541 4893 1732 4933 sumus
1760 4877 1934 4948 gratia
1965 4884 2083 4932 tua.

2441 4868 2530 4924 29.
2554 4865 2952 4927 Ἀνατείλαντὸς
2987 4879 3112 4928 σου,
3153 4859 3550 4931 ἐπληρώθημεν
3588 4859 3691 4931 τῆς
3730 4857 3943 4932 χάριτός

2373 4980 2486 5015 σου.

763 5063 850 5116 50.
884 5064 943 5115 1η
975 5059 1178 5130 Spiritu
1208 5067 1418 5114 sancto.

2442 5055 2528 5109 50.
2552 5053 2639 5105 Ἐν
2668 5051 2943 5120 Πνεύματι
2973 5048 3129 5118 ἁγίῳ.

773 5155 860 5208 31.
900 5152 956 5206 ln
986 5154 1134 5207 omni
1168 5168 1328 5222 opere
1348 5153 1511 5206 bono.

2438 5148 2524 5200 51.
2568 5145 2642 5214 (4)
2669 5143 2757 5196 Ἑν
2785 5142 2943 5194 παντὶ
2967 5141 3111 5210 ἔργῳ
3132 5135 3336 5206 ἀγαθῷ.

775 5245 864 5299 52.
894 5245 950 5298 In
983 5245 1230 5315 praesenti
1265 5244 1481 5299 saeculo.

1471 5283 1481 5294 .
2441 5239 2527 5291 52.
2553 5237 2642 5288 Ἐν
2676 5236 2751 5306 τῷ
2782 5233 2875 5288 νῦν
2913 5233 3087 5286 αἰῶνι.

777 5338 865 5401 55,
894 5338 981 5391 31.
1013 5336 1277 5406 Tempore
1304 5336 1528 5406 peccati.

2441 5331 2529 5395 55,
2558 5330 2644 5384 54.
2675 5327 2763 5382 Ἐν
2788 5327 2866 5398 τῷ
2894 5325 3069 5396 καιρῷ
3094 5325 3192 5395 τῆς
3217 5324 3507 5393 ἁμαρτιας.

1647 5491 1948 5553 Addenda
1998 5499 2058 5553 et
2090 5486 2463 5568 corrigenda
2494 5503 2573 5547 ex
2603 5485 2743 5547 cod.
2781 5483 2976 5543 Vatic.

772 5661 846 5733 (1)
887 5660 960 5713 Τὸ
993 5658 1096 5732 γὰρ
1127 5660 1384 5733 πρότερον
1413 5660 1442 5710 ὁ
1467 5658 1619 5725 αἰών,
1648 5669 1751 5713 etc.
2417 5651 2524 5733 "(4)
2895 5644 2985 5726 ‘Fiv
3019 5644 3361 5733 "traxerit-etc.
3404 5643 3474 5697 N.
3507 5643 3597 5704 55,
3633 5639 3726 5696 Ἐν
3753 5640 3834 5710 τῷ
3856 5637 3941 5692 νῦν

793 5717 849 5793 2)
888 5717 1428 5801 Ποιήσὸμαὶγείδέναι.
1607 5717 1617 5725 ⁷
2375 5717 2546 5776 αἰῶνι.
2574 5722 2641 5778 Ν.
2668 5719 2755 5784 54,
2783 5717 2870 5771 Ἐν
2893 5717 2969 5786 τῷ
2999 5717 3189 5787 καιρῷ,
3222 5725 3324 5770 etc.

793 5802 844 5871 5)
886 5802 995 5870 Τῆς
1012 5800 1237 5871 χάριτός
1279 5816 1387 5850 σου.
