4098 6318
123 365 285 419 1045
1062 364 1146 417 DE
1189 362 1464 418 TITULIS
1507 362 1956 418 PSALMORUM.
1997 395 2064 406 ——
2103 363 2294 418 PSAL.
2332 365 2460 420 XCI.
3234 365 3367 420 1046

213 477 312 531 26.
345 479 564 549 Μήποτε
599 479 910 550 προσκόψῃς
945 479 1078 550 πρὸς
1111 481 1256 534 λίθον
1279 481 1369 534 τὸν
1404 481 1537 535 πόδα
1563 499 1674 534 σου.
1745 488 1789 542 Λ

1745 488 1789 542 Λ
1889 481 1980 536 26.
2010 480 2085 536 Nc
2115 482 2252 536 forte
2287 483 2524 537 oﬂ‘endas
2550 483 2614 535 ad
2646 482 2871 550 lapidem
2909 479 3095 550 pedem
3131 487 3302 536 tuum.

213 568 313 621 27.
353 569 473 621 Ἐπὶ
503 569 700 624 ἀσπίδα
726 572 817 623 καὶ
843 571 1151 640 βασιλίσκον
1180 573 1420 646 έπιϐήσῃ
1444 590 1455 602 ·

1889 573 1979 627 27.
2015 572 2185 643 Super
2211 575 2472 643 aspidem,
2501 584 2554 629 et
2581 575 2890 629 basiliscum
2923 573 3225 629 ambulabis
3249 592 3262 628 :

218 662 318 715 28.
356 663 464 715 Kal.
489 667 897 734 καταπατήσεις
924 664 1109 718 λέοντα
1141 666 1234 718 καὶ
1255 667 1542 736 δράκοντα.

1487 683 1542 720 α.
1887 667 1978 721 28.
2018 667 2082 720 Et
2112 669 2453 725 conculcabis
2484 669 2689 722 leonem
2717 677 2770 722 et
2798 671 3104 721 draconem.

216 753 314 806 29.
346 753 463 806 Ὀτι
491 757 574 807 ἐπ’
605 755 701 824 ἐμὲ
735 756 948 825 ήλπισε,
980 758 1070 809 καὶ
1102 756 1332 826 ῥύσομαι
1370 757 1532 808 αὐτόν

1892 759 1984 810 29.
2024 759 2289 823 Quoniam
2320 761 2370 814 in
2414 776 2497 814 me
2530 760 2785 830 speravit,
2820 770 2871 816 et
2899 758 3137 813 liberabo
3167 772 3291 812 eum

217 845 313 900 '50.
350 846 608 900 Σκεπάσω
630 849 810 913 αὐτὸν,
843 849 922 901 ὃτι
951 849 1091 917 ἔγνω
1124 850 1182 901 rb
1215 849 1387 918 δνομά
1421 865 1544 916 μου.

1894 847 1981 900 50.
2029 847 2310 909 Protegam
2355 867 2512 918 cum,
2568 852 2823 920 quoniam
2870 848 3121 920 cognovit
3177 865 3301 904 nom

1819 956 1994 995 meum
2007 981 2018 993 .

224 1026 317 1080 3i.
353 1024 688 1096 Κεκράξεται
739 1025 872 1095 πρὸς
919 1026 1006 1095 μὲ,
1040 1023 1134 1077 καὶ
1185 1023 1296 1092 ἐγὼ
1339 1021 1721 1085 ὲπακούσομαι

1593 1038 1721 1085 ομαι
1905 1029 1991 1084 3|.
2025 1029 2290 1084 Clamabit
2317 1047 2382 1086 aa
2405 1048 2510 1098 me,
2538 1044 2589 1087 et
2618 1049 2716 1104 ego
2744 1034 3028 1089 exaudiam
3056 1047 3211 1088 eum:

135 1120 322 1172 αὐτοῦ
347 1140 357 1150 °

223 1213 319 1267 32.
350 1213 478 1266 Μετ⁹
507 1210 671 1266 αὐτοῦ
694 1213 808 1281 είμι
842 1212 900 1262 ἐν
926 1210 1101 1279 θλίψει

1895 1206 1984 1261 32.
2015 1205 2150 1261 Cum
2185 1209 2299 1278 ipso
2327 1225 2444 1263 sum
2480 1211 2530 1262 in
2567 1201 2944 1266 tribulatione:

223 1303 320 1357 35.
352 1303 665 1372 Ἐξελοῦμαι
697 1303 878 1365 αὑτὸν,
915 1302 1008 1354 καὶ
1032 1300 1238 1364 δοξάσω
1269 1299 1451 1353 αὐτόν.

1403 1317 1451 1353 ν.
1895 1298 1984 1352 33.
2019 1297 2250 1367 Eripiam
2286 1315 2431 1363 eum,
2466 1311 2518 1354 et
2543 1302 2852 1370 gloriﬁcabo
2878 1319 3020 1357 eum.

226 1395 320 1449 54.
356 1396 684 1464 Μακρότητα
717 1393 936 1464 ἡμερῶν
971 1393 1235 1462 ἐμπλήσω
1259 1392 1420 1444 αὐτόν
1442 1409 1456 1423 ·

1407 1409 1456 1443 ρ·
1893 1389 1980 1441 δι.
2018 1387 2372 1458 Longitudine
2393 1392 2600 1445 dierum
2633 1394 2848 1461 replebo
2873 1409 3025 1448 eum:

225 1485 317 1540 35.
346 1487 454 1538 Καὶ
485 1486 641 1551 δείξω
667 1484 815 1555 αὐτῷ
843 1484 904 1536 rb
939 1483 1214 1555 Σωτήριόν
1251 1501 1372 1553 μου.

1893 1480 1980 1532 35.
2015 1478 2077 1531 Et
2106 1481 2383 1532 ostendam
2427 1482 2503 1533 illi
2535 1481 2780 1537 Salutare
2816 1499 3014 1538 meum.

220 1577 455 1647 τ”αλμός
490 1577 666 1646 ᾠδῆς,
701 1578 787 1643 εἰς
816 1575 927 1644 τὴν
956 1575 1181 1645 ἡμέραν
1208 1575 1315 1629 τοῦ
1345 1577 1666 1628 Σαϐϐαῖον.

1858 1571 2102 1624 l’salmus
2140 1573 2352 1636 cantici,
2387 1574 2440 1626 in
2471 1577 2605 1626 diem
2640 1572 2878 1630 Sabbati.
2911 1575 3175 1638 PSALM.
3197 1577 3317 1635 XC.

749 1665 978 1720 ΨΑΛΜ.
1021 1669 1140 1731 ιιΛο.

234 1761 283 1815 1.
331 1758 553 1825 Ἀγαθὸν
578 1759 638 1812 τὸ
661 1759 1093 1829 ἐξομολογεῖσθαι
1119 1757 1197 1827 τῷ
1225 1756 1438 1826 Κυρίῳ.

1246 1756 1438 1826 (υρίῳ.
1902 1751 1947 1803 Ι.
1981 1749 2188 1804 Bonum
2225 1761 2308 1806 est
2341 1753 2582 1807 confiteri
2618 1754 2864 1821 Domino,

229 1849 286 1903 2.
321 1850 427 1903 Καὶ
457 1849 674 1918 ψάλλειν
702 1847 778 1917 τῷ
805 1848 1026 1918 ὀνόματί
1063 1864 1176 1908 σου,
1212 1845 1459 1913 Ὕψιστε.
1756 1909 1796 1918 __

1390 1861 1459 1897 re.
1756 1909 1796 1918 ﬁ
1897 1843 1950 1896 2.
1985 1845 2048 1897 Et
2083 1845 2310 1914 psallere
2339 1847 2542 1899 nomini
2572 1856 2686 1912 tuo,
2716 1848 3008 1905 Altissime.

227 1942 283 1995 3.
319 1941 422 1993 Τοῦ
450 1909 796 2008 άναγγέλλείν
824 1940 884 1992 rb
900 1909 1053 2012 ’πρωὶ
1077 1941 1136 1992 rb
1162 1909 1308 2002 ἔλεός
1328 1954 1442 2002 σου,
1752 1909 1799 1968 Β

1763 1909 1799 1968 Β
1902 1937 1954 1990 3.
1990 1935 2070 1990 Ad
2106 1938 2533 1992 annuntiandum
2573 1955 2730 1994 mane
2766 1943 3188 1998 miscricordiam
3213 1953 3381 2006 tuam,

231 2031 286 2084 4.
324 2032 432 2084 Καὶ
458 2031 556 2099 τὴν
585 2031 839 2102 ἀλήθειάν
872 2048 961 2083 σου
989 2030 1130 2084 κατὰ
1153 2029 1343 2092 νύκτα,

1303 2047 1343 2092 ι,
1901 2026 1955 2079 4.
1988 2025 2054 2078 Et
2086 2027 2364 2081 veritatem
2396 2038 2541 2082 tuam
2571 2045 2662 2099 per
2693 2041 2921 2101 noctem,

228 2124 283 2178 5.
327 2123 412 2176 'Ev
437 2124 742 2196 bexaxbpbop
762 2124 1060 2195 ψαλτηρίῳ,
1093 2123 1208 2194 μετ’
1237 2123 1380 2193 ᾠδῆς
1410 2123 1468 2176 ὲν
1501 2120 1720 2192 κιθάρᾳ.

1901 2117 1954 2172 5.
1985 2117 2040 2170 In
2063 2119 2400 2172 decachordo
2422 2123 2675 2189 psalterio
2693 2139 2814 2177 cum
2837 2123 3048 2179 cantico
3077 2125 3129 2179 in
3156 2126 3380 2181 cithara.

231 2213 285 2269 6.
317 2216 435 2270 Ὀτι
459 2216 728 2289 εὖφρανάς
753 2234 840 2288 με,
873 2215 1065 2287 Κύριε,
1098 2217 1155 2269 ὲν
1185 2214 1264 2286 τῷ
1296 2213 1556 2286 ποιήματί
1591 2227 1715 2266 σουο

1900 2209 1952 2264 6.
1991 2208 2127 2276 Quia
2163 2210 2441 2268 delectasti
2483 2228 2590 2279 me,
2632 2213 2878 2282 Domine,
2906 2216 2959 2270 in
2994 2217 3201 2273 factura
3230 2227 3319 2274 tua
3351 2238 3369 2273 ι

1267 2346 1643 2402 ATHANASII
1684 2345 2270 2403 INTERPRETATIO.

228 2466 321 2522 26.
351 2470 574 2537 Μήποτε
627 2469 768 2522 κατὰ
801 2469 932 2523 Θεὸν
987 2469 1358 2532 ἐπιτελοῦντος
1395 2469 1470 2539 (1)
1505 2485 1597 2520 σου
1633 2468 1726 2540 ἐρ-

1903 2468 1990 2523 26.
2022 2468 2099 2523 Ne
2119 2468 2267 2525 forte
2297 2467 2531 2522 obeuntc
2554 2477 2604 2522 te
2635 2482 2771 2536 opus
2799 2467 3098 2524 secundum
3130 2467 3296 2523 Deum
3327 2485 3389 2524 ea

148 2575 255 2627 γον
290 2559 616 2631 ὲνθυμηθῇς,
650 2561 734 2624 τίς
777 2561 1038 2632 ἐπιθυμία
1077 2561 1170 2614 τοῦ
1208 2560 1473 2626 διαϐόλου,
1510 2562 1603 2613 κα).
1630 2563 1725 2612 ὲκ-

1833 2561 2061 2632 cOgites,
2095 2577 2214 2630 quae
2248 2569 2376 2615 sunt
2425 2559 2864 2630 concupiscentia
2909 2560 3129 2626 diaboli,
3176 2561 3271 2616 sed
3299 2561 3392 2616 de-

150 2648 350 2718 κ).ίνῃς
369 2648 461 2700 ἀπ’
485 2649 668 2716 αὐτῆς.

645 2667 668 2706 τ.
1833 2654 2002 2709 clines
2025 2654 2093 2707 al)
2129 2653 2263 2721 ipsa.

232 2738 324 2791 27.
357 2739 478 2790 Ἐπὶ
505 2739 598 2809 τὴν
627 2739 824 2792 ἰοϐόλον
855 2741 948 2794 καὶ
978 2739 1305 2814 τυραννικὴν
1332 2739 1613 2811 ἐνέργειαν
1637 2742 1728 2795 τοῦ

1905 2744 1996 2797 27.
2037 2742 2213 2811 Super
2241 2751 2582 2806 venenatam,
2606 2750 2658 2796 et
2679 2741 3014 2810 tyrannicam
3037 2742 3233 2796 diaboli
3267 2757 3393 2812 0pc.-

153 2829 412 2881 διαϐδλου
458 2830 822 2901 κατισχύσεις.

1838 2835 2104 2889 rationem
2141 2833 2474 2903 praevalebis.

235 2921 327 2975 28.
363 2922 469 2974 Καὶ
503 2923 561 2975 rb
587 2924 784 2993 κράτος
813 2924 990 2977 αυτῶν
1025 2924 1331 2995 συντρίψεις
1365 2926 1462 2996 (2).

1365 2926 1462 2996 (2).
1905 2925 1996 2979 28.
2034 2923 2098 2978 Et
2139 2939 2328 2979 eorum
2362 2925 2657 2994 potentiam
2687 2932 2952 2979 conteres.

236 3012 327 3065 2‘).
361 3013 481 3066 Ὀτι
511 3016 608 3084 ἐμὲ
640 3015 829 3086 βοηθὸν
863 3015 1012 3068 ἔθετο
1037 3017 1093 3069 ὲν
1127 3017 1192 3086 τῇ
1220 3015 1415 3088 καρδίᾳ
1443 3015 1629 3071 αὐτοῦ.

1903 3016 1994 3070 29.
2037 3014 2307 3080 Quoniam
2338 3030 2421 3068 me
2455 3014 2756 3083 adjutorcm
2788 3017 2967 3084 posuit
2999 3015 3050 3068 in
3079 3014 3238 3070 corde
3274 3027 3393 3070 sue.

237 3104 330 3157 30.
358 3105 576 3169 Φυλάξω
609 3107 788 3174 αὑτὸν,
825 3108 905 3162 ὅτι
935 3107 1295 3164 πεπίστευκεν
1330 3111 1409 3174 είς
1444 3107 1564 3182 ὲμέ.

1905 3109 1996 3166 30.
2041 3105 2356 3163 Custodiam
2382 3121 2529 3173 eum,
2557 3107 2818 3177 quoniam
2846 3108 3076 3163 credidit
3103 3109 3157 3162 in
3185 3123 3289 3164 me.

237 3195 327 3249 3|.
360 3196 431 3251 Τὸ
461 3196 670 3270 θέλημα
701 3200 862 3253 αὑτοῦ
900 3204 1128 3271 ποιήσω.

1903 3202 1994 3255 3|.
2024 3198 2368 3254 Voluntatem
2399 3199 2515 3268 ejus
2549 3198 2764 3253 faciam.

239 3290 310 3342 32
359 3291 554 3362 Βοηθὸς
575 3293 733 3346 αὐτοῦ
757 3295 946 3364 ἔσομαι
969 3297 1023 3347 ἐν
1038 3297 1102 3365 τῇ
1121 3295 1298 3365 ἡμέρᾳ
1314 3295 1410 3365 τῆς
1423 3293 1733 3360 ἀπολογίας.
1763 3291 1805 3348 C

1490 3293 1733 3360 εοΑογίας.
1763 3291 1805 3348 C
1906 3294 1996 3350 32.
2025 3293 2254 3359 Adjutor
2289 3291 2406 3360 ejus
2437 3307 2530 3345 ero
2563 3291 2615 3345 in
2647 3292 2732 3346 die
2759 3290 3108 3347 defensionis.

246 3381 334 3435 33.
368 3384 462 3436 Ἐκ
495 3386 591 3453 τῆς
637 3388 856 3439 αἰωνίου
888 3387 1158 3449 κολάσεως
1190 3386 1606 3458 λυτρωσάμενος
1639 3385 1736 3438 αὐ-

1911 3388 1996 3442 33.
2029 3388 2070 3441 E
2107 3385 2373 3455 supplicio
2408 3394 2607 3439 aeterno
2654 3384 2888 3440 liberans
2921 3401 3045 3439 eum
3079 3385 3396 3442 transferam

166 3472 286 3534 τὴν,
328 3477 645 3544 μεταστήσω
682 3477 841 3527 αὑτὸν
877 3479 932 3528 ὲν
962 3481 1027 3546 τῇ
1064 3477 1307 3546 βασιλείᾳ
1332 3493 1452 3546 μου.

925 3494 932 3522 ι
962 3481 1027 3546 τῇ
1064 3477 1307 3546 βασιλείᾳ
1332 3493 1452 3546 μου.
1842 3497 1965 3537 eum
1996 3481 2048 3534 in
2075 3495 2300 3548 regnum
2345 3495 2543 3532 meum.

239 3563 329 3616 34.
363 3565 454 3628 Είς
485 3566 558 3636 (3)
605 3566 703 3631 τὰς
771 3568 1048 3631 αἰωνίους.
1081 3567 1414 3632 ἀναπαύσεις
1463 3568 1739 3638 εἰσαγάγω

1609 3568 1739 3637 ’άγω
1912 3572 2003 3626 34.
2036 3573 2095 3624 In
2125 3581 2324 3625 aeterna
2351 3569 2631 3638 refrigeria
2655 3570 2993 3626 introducam
3026 3573 3227 3628 iosum.

172 3653 359 3708 αὐτόν.

249 3748 337 3802 35.
367 3749 477 3819 Τὴν
507 3750 854 3805 άνταπόδοσίν
889 3769 1012 3822 μου.

1913 3749 2000 3804 35.
2032 3748 2461 3804 Retributionem
2488 3764 2685 3805 meam.

260 3869 327 3920 'H
357 3870 686 3939 προκειμένη
721 3850 998 3940 επιγραφὴ
1022 3870 1264 3940 περιέχει
1291 3869 1367 3941 (4)
1394 3886 1409 3900 ·
1447 3868 1691 3938 Ψαλμὸς
1718 3865 1898 3935 ᾠδῆς,
1937 3869 2024 3934 είς
2051 3868 2166 3936 τὴν
2190 3867 2418 3937 ἡμέραν
2457 3867 2564 3923 τοῦ
2592 3867 2914 3931 Σαϐϐἁτου,
2949 3868 3082 3938 ὅπερ
3113 3864 3406 3936 ἑρμηνεύε-

176 3979 270 4014 ται
297 3962 385 4024 εις
419 3959 531 4025 τὴν
561 3959 937 4014 συντέλειαν.
966 3959 1135 4012 Τοῦτο
1167 3961 1276 4031 γάρ
1302 3960 1451 4031 δηλοῖ
1479 3961 1538 4013 rb
1567 3960 1888 4023 Σάϐϐατον,
1923 3958 2058 4030 ὅπερ
2088 3960 2517 4031 ἑρμηνευόμενον
2557 3958 2773 4027 λέγεται
2802 3957 3195 4022 κατάπαυσις.

253 4075 465 4130 Titulus
495 4072 816 4144 prepositns
849 4073 1127 4128 continet:
1161 4073 1411 4128 Psalmus
1439 4075 1655 4140 cantici,
1683 4076 1739 4126 in
1764 4074 1900 4127 diem
1931 4071 2175 4138 Sabbatt,
2213 4073 2360 4144 quod
2385 4074 2771 4144 interpretatur
2799 4075 2854 4127 in
2883 4071 3401 4128 consummationem.

180 4171 301 4230 Hoc
330 4172 472 4227 enim
511 4173 744 4229 declarat
771 4173 939 4228 dictio
967 4171 1055 4225 illa
1090 4170 1380 4225 Sabbatum
1409 4171 1554 4240 quod
1594 4170 1980 4238 interpretatur
2015 4171 2240 4242 requies.

259 4293 310 4345 l.
341 4291 420 4343 Τά
449 4290 666 4360 κρυπτά
689 4289 786 4358 τῆς
812 4288 1036 4360 καρδίας
1051 4287 1313 4358 διηγεῖται
1335 4287 1410 4357 τῷ
1431 4286 1620 4357 Κυρίῳ
1649 4285 1743 4357 (5).
1781 4291 1824 4345 D

1493 4286 1620 4357 υρίῳ
1649 4285 1743 4357 (5).
1781 4291 1824 4345 D
1925 4290 1977 4345 l.
2007 4288 2338 4344 Abscondita
2367 4287 2549 4344 cordis
2577 4301 2834 4342 enarrare
2863 4285 3111 4342 Domino.

254 4385 309 4438 2.
340 4382 427 4434 ’Ev
457 4380 652 4452 μελέτῃ
681 4381 975 4434 ὲπαίνουσά
994 4377 1328 4451 [ὲπαίνεσίν]
1360 4396 1439 4432 σοι
1468 4379 1544 4450 (6)
1577 4395 1746 4449 προσ-

1468 4379 1544 4450 (6)
1577 4395 1746 4449 προσ·
1923 4382 1975 4437 2.
2011 4380 2067 4435 in
2098 4381 2452 4437 meditatione
2479 4381 2690 4436 laudem
2720 4379 2813 4434 tibi
2849 4378 3061 4434 aﬂ'erre.

232 4477 398 4531 έοειν.

232 4493 256 4528 ε
298 4493 398 4531 ειν.

185 4493 228 4546 φ
345 4567 449 4621 Τοῦ
479 4565 779 4639 διηγεῖσθαι
812 4565 1058 4636 φανερῶς
1089 4565 1148 4618 rb
1177 4563 1292 4628 πῶς
1327 4562 1560 4635 ήλεήθης
1594 4562 1690 4633 (7).

1663 4566 1690 4621 l.
1926 4562 1979 4615 3.
2015 4561 2096 4615 Ad
2129 4561 2585 4616 manifestandum
2617 4557 2892 4629 Quomodo
2923 4555 3177 4611 misertus
3207 4573 3281 4611 es.

259 4661 311 4715 4.
343 4661 452 4715 Καὶ
480 4660 622 4714 κατὰ
662 4659 738 4727 (8)
778 4659 956 4728 πάσης
994 4657 1268 4731 ἁμαρτίας
1296 4656 1623 4728 προσφέρειν
1653 4655 1752 4727 τὴν

1928 4653 1981 4707 4.
2031 4653 2096 4707 Et
2130 4651 2198 4707 ad
2250 4651 2627 4722 proferendam
2677 4659 2866 4704 contra
2923 4663 3081 4703 omne
3135 4655 3409 4716 peccatum

187 4752 447 4825 ἀλήθειαν
472 4754 579 4806 τῶν
606 4753 1038 4825 προσταγμάτων
1065 4769 1180 4806 σου.

1850 4746 2134 4800 veritatem
2174 4755 2567 4814 praeceptorum
2598 4749 2841 4796 tuorum.

265 4847 314 4902 5.
353 4847 442 4900 Ἐν
468 4849 591 4909 ταῖς
611 4846 740 4899 δέκα
765 4845 1004 4910 ἐντολαῖς
1029 4843 1308 4916 νεκρώσας
1340 4841 1400 4894 rb
1424 4841 1582 4913 σῶμα
1610 4841 1666 4893 έν
1688 4843 1756 4912 τῇ

1927 4837 1978 4891 5.
2012 4836 2066 4891 In
2096 4837 2279 4891 decem
2305 4836 2590 4906 praeceptis
2623 4832 2947 4888 mortiﬁcato
2977 4845 3200 4901 corpore
3222 4845 3414 4886 canere

190 4938 400 5009 διανοίᾳ.
434 4940 490 4991 ἐν
520 4939 753 5008 ψαλμοῖς
777 4936 921 5008 ᾄδειν
947 4935 1024 5006 τῷ
1059 4935 1248 5006 Κυρίῳ
1279 4934 1380 5003 (9).

963 4935 1024 5006 τῷ
1059 4935 1248 5006 Κυρίῳ
1279 4934 1380 5003 (9).
1855 4940 2036 4984 mente
2063 4929 2300 4998 psalmos
2332 4926 2581 4981 Domino.

262 5031 313 5084 6.
339 5031 449 5100 Τὴν
479 5028 702 5102 καρδίαν
737 5047 835 5099 μου
870 5027 956 5081 διὰ
976 5026 1082 5080 τῶν
1111 5025 1336 5079 ἐντολῶν
1373 5041 1489 5077 σου.

1239 5025 1336 5076 λῶν
1373 5041 1489 5077 σου.
1932 5020 1986 5074 6.
2018 5019 2127 5076 Cor
2153 5034 2334 5074 meum
2364 5019 2416 5071 in
2442 5016 2711 5072 mandatis
2734 5016 2857 5070 tuis.

1096 5157 1397 5220 Addenda
1435 5162 1496 5217 et
1531 5153 1905 5232 corrigenda
1957 5171 2034 5216 ex
2065 5153 2205 5215 cod.
2240 5150 2434 5214 Vatic.

268 5289 345 5360 (ι)
398 5285 819 5360 Ἐνθυμηθέντος
872 5302 962 5338 σου
1019 5283 1176 5354 ἔργον
1203 5324 1222 5360 τ
1301 5279 1600 5350 ἐνθύμησις
1656 5277 1758 5347 τῆς
1863 5275 2237 5360 μέγρςλξιξοῦτο
2265 5276 2394 5360 Ideo
2425 5283 2529 5329 θιο·
2559 5343 2604 5360 Μ
2698 5342 2722 5360 ⁸
2849 5343 2871 5360 _
2908 5342 2934 5360 Α
2964 5359 2987 5360 ﬂ
3026 5340 3087 5360 Δ,
3132 5338 3240 5360 ομ,

197 5338 476 5429 ινέῥὲείᾶς
499 5338 874 5429 ’τδῦδιαϐδλου
899 5338 1370 5408 συναντὶποάττει.
1435 5338 1447 5350 ’
1497 5338 1508 5348 ’
1579 5338 1592 5341 ’
1714 5338 1751 5347 ν
1863 5338 1875 5348 ’
2150 5338 2292 5429 κατά
2319 5338 2418 5429 τῆς
2448 5343 2671 5429 καρδίας
2695 5340 3099 5429 διηγεῖσθαιτῷ
3131 5338 3270 5412 Θεῷ.

271 5415 347 5498 (Ξῖ
376 5415 546 5498 Αὑτοῦ
584 5426 883 5498 συντρίψῃ.
1154 5494 1165 5498 _
1233 5493 1243 5498 _
1421 5489 1434 5498 _
1492 5489 1504 5498 .
1643 5488 1655 5498 ι
1677 5487 1691 5498 _
2045 5418 2132 5498 ‘Ex
2167 5416 2304 5498 ἐλέει
2334 5415 2588 5479 ἐπαίνους
2623 5431 2724 5481 σοι,
2754 5425 2859 5470 etc.

271 5444 344 5498 (2t
376 5444 546 5480 Αυτου
586 5444 883 5550 συνιὲριψει.

269 5501 345 5569 (3)
360 5497 436 5572 _N.
468 5497 557 5560 32,
582 5496 652 5549 33
733 5496 784 5551 4.
823 5496 938 5559 Εἰς.
975 5503 1106 5559 etc.,
1144 5493 1335 5561 ἀγάγω
1375 5489 1558 5553 αὐτόν,
1592 5487 1762 5542 addu-

975 5503 1106 5559 ctc.,
1144 5493 1335 5561 ἀγάγω
1375 5489 1558 5553 αὐτόν,
1592 5487 1762 5542 addu-

199 5553 556 5636 eain'ipsum.
640 5634 661 5636 _
1091 5553 1103 5559 ’
1193 5553 1279 5561 ”
1472 5630 1486 5636 _
1687 5627 1698 5636 _

1193 5553 1203 5561 ’
1268 5553 1279 5560 ⁷
1472 5630 1486 5636 _
1687 5627 1698 5636 _
2048 5553 2226 5636 [(ατά,
2262 5553 2392 5627 etc.,
2425 5556 2580 5614 deest
2600 5553 2721 5609 καί.

270 5641 344 5707 (4)
382 5627 448 5690 ’Ἡ
479 5635 565 5707 διά
603 5634 702 5707 τῇς
739 5635 1104 5707 κινναϐάρεως
1133 5650 1280 5707 περἶέ
1319 5627 1762 5707 (ἐίσηὲρμηνεύε-
1940 5627 2014 5699 (9)
2045 5629 2182 5699 Θεῳ.

203 5730 230 5763 r
255 5700 309 5765 ιι.
328 5705 566 5775 ¹Ψαλμὸς
591 5700 690 5774 τῆς
720 5706 861 5775 ᾠδῆς
883 5700 1080 5774 εἰς’τὴν
1110 5700 1412 5757 συντέλειάν
1439 5702 1584 5753 ἐστιν
1611 5701 1756 5769 εἰρη-
