4098 6318
726 344 866 402 1047

788 461 840 515 7.
865 451 930 516 Et
959 462 1012 516 in
1044 464 1300 538 .operihus
1328 482 1588 524 manuum
1619 480 1835 527 tuarum
1863 477 2165 533 exsultabo.

787 550 841 607 8.
872 551 1046 618 Quam
1072 557 1410 626 magnilicata
1447 570 1573 616 sunt
1607 579 1772 633 opera
1805 579 1917 631 tua,
1955 567 2178 624 Domine
2209 591 2218 624 :

787 643 840 698 9.
871 642 1044 702 Nimis
1072 647 1355 716 profunda:
1381 650 1534 708 facta:
1566 665 1693 710 sunt
1719 658 2074 728 cogitationes
2106 673 2231 718 tua.

786 734 873 790 10.
914 734 1007 791 Vir
1042 738 1306 808 insipiens
1335 758 1440 797 non
1469 759 1760 818 cognoscet
1787 767 1798 802 :

785 825 872 878 11.
901 824 968 880 Et
995 829 1195 884 stultus
1225 846 1330 885 non
1361 832 1622 905 intelliget
1650 836 1786 893 haec.

781 914 868 970 i2.
899 917 1037 970 Cum
1085 922 1260 976 exorti
1309 921 1509 980 fuerint
1535 940 1846 996 peccatores
1880 933 2022 988 sicut
2064 934 2270 1001 fenum,

783 1006 870 1062 15.
902 1007 967 1062 Et
995 1014 1344 1080 apparuerint
1386 1031 1599 1083 omnes,
1634 1021 1728 1090 qui
1751 1034 2043 1094 operantur
2071 1028 2272 1098 iniqui-

712 1109 896 1154 tatem.

782 1193 866 1246 14.
900 1193 969 1249 Ut
998 1196 1264 1251 intereant
1288 1197 1341 1251 in
1371 1201 1626 1256 saeculum
1655 1203 1859 1260 saeculi.

779 1370 864 1423 15.
909 1369 989 1423 Tu
1024 1380 1202 1427 autem
1231 1375 1544 1432 Altissimus
1578 1377 1632 1432 in
1667 1389 1951 1447 aeternum,
1999 1384 2242 1440 Domine.

779 1460 864 1514 16.
895 1459 1164 1526 Quoniam
1200 1480 1326 1520 ecce
1355 1467 1557 1524 inimici
1593 1471 1693 1535 tui,
1725 1471 1972 1540 Domine,
2005 1477 2262 1545 quoniam

705 1567 830 1606 erce
855 1553 1060 1608 inimici
1089 1557 1166 1608 tui
1205 1557 1480 1625 peribunt.

778 1644 863 1695 17.
906 1642 970 1698 Et
1008 1644 1386 1710 disoerqentur
1436 1664 1645 1714 omnes,
1693 1654 1786 1722 qui
1821 1666 2116 1724 operantur
2163 1661 2259 1714 ini-

704 1737 986 1803 quitatem.

776 1830 861 1882 18.
890 1829 953 1883 Ει
987 1831 1311 1887 cxaltabitur
1356 1836 1495 1889 sicut
1536 1838 1816 1893 unicornis
1851 1854 2019 1894 cornu
2044 1857 2263 1910 meum;
2298 1845 2342 1903 B
2438 1853 2486 1907 1i

2340 1856 2342 1892 :
2438 1829 2664 1907 ιδζιςαι
2695 1829 2946 1929 eadem;

777 1921 862 1976 19.
907 1921 971 1975 Et
1001 1933 1253 1978 senectus
1286 1941 1402 1980 mea
1435 1927 1490 1980 in
1526 1929 1648 1981 oleo
1685 1930 1858 1986 nheri.

770 2013 860 2067 ΞΟ.
891 2013 955 2068 Et
985 2015 1227 2085 despexit
1253 2019 1442 2074 oculus
1484 2035 1636 2075 meus
1671 2022 1922 2079 inimicos
1947 2041 2096 2082 meos
2125 2048 2138 2084 :

774 2106 863 2160 2|.
909 2105 976 2161 Et
1031 2108 1084 2161 in
1137 2108 1542 2181 insurgentibus
1600 2114 1651 2166 in
1701 2129 1787 2168 me
1843 2117 2261 2189 malignantibus

701 2198 883 2251 audiet
922 2201 1071 2255 auris
1107 2216 1247 2255 mea.

771 2288 864 2341 2'2.
891 2289 1078 2346 Justus
1113 2302 1171 2347 ut
1204 2294 1380 2362 palma
1410 2296 1620 2350 ﬂorebit
1652 2316 1663 2349 :

767 2382 855 2438 23.
900 2381 1050 2438 Sicut
1076 2385 1268 2439 cedrus
1303 2387 1355 2438 in
1389 2385 1594 2440 Libano
1631 2390 2089 2459 multiplicabitnr.

768 2477 856 2529 24.
891 2475 1125 2531 Plantati
1157 2479 1209 2531 in
1237 2479 1400 2532 dumo
1426 2478 1659 2538 Domini.

1565 351 1604 404 S
1667 352 2032 410 ATHANAS"
2075 360 2223 414 OPP.
2262 362 2438 417 PARS
2479 364 2564 418 111.
2612 394 2674 404 -
2709 365 3114 423 EXEGETICA.

3808 378 3941 437 1048

2303 486 2348 542 Α
2443 482 2492 534 7.
2529 483 2638 534 Kal.
2665 485 2722 535 ὲν
2752 485 3054 558 τοῖςέργοις
3073 485 3180 540 τῶν
3195 494 3388 557 χειρῶν
3413 506 3506 540 σου
3521 492 3941 566 ἀγαλλιάσομαι,

2446 574 2497 627 8.
2543 574 2631 636 Ὠς
2665 575 3005 646 ὲμεγαλύνθη
3035 578 3102 630 τὰ
3127 578 3263 649 ἔργα.
3298 597 3409 647 σου,
3445 581 3618 652 Κύριε
3649 603 3660 612 ·

2449 666 2500 718 9.
2533 666 2742 736 Σφόδρα
2777 667 3144 737 ὲὸαθύνθησαν
3175 671 3223 722 οἱ
3246 671 3582 743 διαλογισμοί
3614 693 3732 732 σου.

2452 758 2534 810 10.
2580 757 2740 828 Ἀνὴρ
2772 760 2958 829 ἄφρων
2991 762 3049 813 οὐ
3081 762 3344 829 γνώσεται
3370 781 3382 794 ο

2451 849 2539 900 11.
2577 851 2685 902 Καὶ
2713 849 2967 915 ἀσύνετος
2999 854 3057 904 οὺ
3087 856 3305 924 συνήσει
3334 856 3524 912 ταῦτα.

2448 940 2530 992 12.
2579 941 2666 993 Ἐν
2695 940 2770 1010 τῷ
2795 944 3066 998 ἀνατεῖλαι
3096 947 3447 1017 ἁμαρτωλοὺς
3478 951 3612 1004 ὡσεὶ
3646 955 3858 1024 χόρτον,

2452 1031 2538 1086 13.
2568 1033 2677 1086 Kal
2697 1034 2954 1104 διέκυψαν
2993 1037 3192 1101 πάντες
3224 1041 3271 1090 oi
3303 1041 3656 1112 ἐργαζόμενοι
3688 1048 3788 1118 τὴν
3819 1051 3942 1102 avo-

2380 1123 2528 1190 μίαν.

2451 1213 2534 1266 14.
2573 1215 2760 1280 Ὅπως
2790 1217 2856 1273 ἀν
2895 1219 3340 1292 ὲξολοθρευθῶσιν
3385 1228 3464 1291 εἰς
3504 1229 3597 1281 τὸν
3626 1230 3798 1283 αἰῶνα
3848 1231 3942 1286 τοῦ

2373 1304 2582 1369 αἰῶνος.

2451 1395 2532 1451 15.
2569 1398 2641 1449 Σὺ
2662 1398 2717 1450 δὲ
2743 1400 3003 1469 ’Ύψιστος
3025 1405 3104 1465 είς
3131 1405 3222 1458 τὸν
3251 1407 3439 1472 αἰῶνα,
3471 1411 3666 1480 Κύριε.

2444 1487 2530 1541 16.
2561 1489 2681 1542 Ὅτι
2717 1491 2823 1542 ἰδοὺ
2862 1495 2910 1544 oi
2939 1493 3121 1565 ἐχθροί
3142 1512 3256 1561 σου,
3291 1499 3480 1571 Κύριε,
3519 1503 3598 1554 ὅτι
3633 1504 3710 1572 (α)
3741 1503 3853 1557 ἰδοὺ
3892 1505 3939 1558 οἱ

2369 1580 2555 1652 ἐχθροί
2593 1599 2685 1636 σου
2711 1583 3053 1640 ἀπολοῦνται.

2437 1673 2524 1726 17.
2565 1675 2674 1727 Καὶ
2698 1675 3273 1751 διασκορπισθήσονται
3307 1684 3505 1749 πάντες
3539 1689 3586 1740 οἱ
3633 1689 3939 1761 ἐργαζόμε-

2369 1777 2448 1815 νοι
2481 1763 2580 1833 τὴν
2615 1764 2862 1834 ἀνομίαν.

2951 1876 3039 1911 ται
3061 1859 3136 1924 ὡς
3158 1865 3344 1932 μονοκέ
3354 1883 3520 1935 ρωτος
3541 1869 3598 1921 τὸ
3625 1871 3798 1942 κέρας
3816 1891 3938 1941 μου·

2433 1945 2518 2000 19.
2553 1948 2662 1999 Καὶ
2690 1949 2750 2000 τὸ
2775 1951 2950 2020 γῆράς
2987 1969 3084 2021 μου
3120 1956 3175 2006 ἐν
3205 1955 3366 2025 ὲλαίῳ
3402 1961 3561 2014 πίονι.

2433 2040 2522 2094 20.
2557 2040 2665 2094 Καὶ
2685 2043 2895 2095 ἐπεῖδεν
2915 2047 2941 2096 ὀ
2959 2045 3232 2114 ὀρθαλμός
3255 2066 3353 2118 μου
3375 2052 3430 2102 ἐν
3447 2054 3557 2114 τοῖς
3571 2054 3794 2123 ἐχθροῖς
3817 2074 3937 2124 μου·

2435 2127 2524 2183 21.
2554 2130 2661 2182 Kal.
2684 2133 2738 2182 ὲν
2768 2136 2879 2195 τοῖς
2906 2136 3355 2206 ἐπανισταμένοις
3384 2141 3468 2192 ἐπ’
3500 2143 3598 2210 ἐμὲ
3638 2161 3940 2214 πονηρευο-

2369 2217 2550 2288 μένοις
2578 2221 2864 2275 ἀκούσεται
2888 2226 2946 2277 τὸ
2973 2221 3064 2288 οὖς
3094 2245 3215 2296 μου.

2440 2307 2530 2363 22.
2565 2310 2780 2374 Δίκαιος
2807 2313 2880 2375 ὡς
2911 2317 3080 2380 φοῖνιξ
3108 2317 3327 2388 ἀνθήσει
3354 2335 3368 2348 ⁸

2439 2399 2528 2454 25.
2569 2401 2711 2454 Ὠσεὶ
2747 2404 2988 2476 κὲδροςή
3034 2409 3088 2458 ἐν
3121 2407 3196 2477 τῷ
3228 2411 3439 2481 Λιϐάνῳ
3473 2413 3934 2486 πληθυνθήσετιῑ.

2441 2492 2529 2545 24.
2567 2495 2972 2566 Πειρυτευμένοι
2995 2501 3050 2549 ἐν
3079 2499 3152 2568 τῷ
3178 2501 3308 2571 οἴκῳ
3343 2504 3561 2573 Κυρίου,

769 2614 841 2681 (a)
877 2613 1023 2697 'Vers.
1057 2617 1140 2670 17.
1169 2620 1309 2680 Ὅτι,
1334 2630 1462 2680 etc.,
1494 2623 1832 2677 ἀπολοῦνται.
1869 2624 1931 2675 γ.
1958 2625 2041 2678 18.
2087 2628 2196 2678 Καὶ
2220 2626 2485 2702 διασκορπ

2345 2633 2822 2704 χορτασθήσονται,
2859 2645 2962 2690 etc.
3005 2634 3066 2688 ν.
3098 2637 3178 2689 19.
3209 2636 3308 2690 Καὶ
3333 2638 3675 2710 ὑψωθήσεται
3711 2643 3792 2706 ὡς
3845 2661 3937 2714 ἔλθ’

697 2685 1031 2755 νοκερώτων,
1054 2698 1155 2742 etc.

1809 2785 2180 2842 ATl-IANASII
2225 2791 2805 2846 ΙΝΤΕΒΡΒΕΤΛΤΙΟ.

766 2895 817 2949 7.
851 2896 907 2949 ln
937 2899 1215 2967 pI-zeceptis
1249 2895 1482 2969 Spiritus
1514 2904 1614 2954 tui.

768 2984 818 3040 8.
849 2985 1157 3041 Gloriiicata
1191 3000 1317 3042 sunt
1347 2992 1550 3059 judicia
1583 3003 1695 3047 tua.

767 3075 822 3128 9.
858 3076 1265 3147 lnvestigabiles
1301 3090 1426 3134 sunt
1464 3085 1770 3138 voluntates
1806 3093 1928 3140 tuaz.

771 3163 859 3218 10.
897 3167 1160 3222 Animalia:
1186 3170 1335 3225 homo
1364 3190 1464 3226 non
1494 3176 1714 3244 percipit
1740 3194 1801 3230 ea
1831 3193 1948 3246 qua?
1983 3188 2101 3230 sunt
2137 3177 2257 3248 Spi-

700 3261 832 3315 ritus
872 3260 970 3314 Dei
997 3263 1061 3318 ".

773 3355 855 3409 11.
892 3355 1024 3410 Nam
1074 3360 1164 3427 qui
1215 3361 1267 3412 in
1327 3360 1527 3414 divitiis
1572 3371 1624 3415 ct
1691 3362 2046 3432 dignitatibus
2099 3375 2256 3429 sunt,
2288 3346 2329 3401 Ο

698 3447 1079 3514 perturbantur
1106 3450 1252 3504 curis
1293 3451 1494 3506 saeculi.

773 3536 863 3591 12.
903 3538 1016 3591 Visi
1051 3549 1179 3592 sunt
1209 3541 1382 3593 solum
1411 3541 1691 3610 gloriﬁcali
1721 3545 1772 3598 in
1800 3548 2019 3602 mundo.

768 3627 858 3681 1'5.
891 3629 950 3681 In
980 3627 1161 3683 futuro
1195 3630 1420 3698 judicio.

769 3720 859 3774 14.
886 3719 944 3774 ln
974 3722 1096 3792 igne
1127 3731 1347 3778 aeterno.

768 3812 856 3868 15.
884 3811 1252 3869 lndesinenter
1282 3817 1608 3884 glorifieatus
1641 3834 1718 3872 es.

769 3903 855 3958 16.
898 3902 1195 3959 Daamunes.

769 3995 856 4047 17.
886 3994 986 4060 Qui
1020 3997 1280 4052 obediunt
1307 4000 1456 4069 ipsis,
1490 4011 1651 4056 erunt
1683 4003 1736 4056 in
1778 4003 2151 4074 perditionem.

771 4086 856 4141 18.
893 4085 951 4140 In
979 4089 1131 4143 cmlis
1161 4091 1265 4143 erit
1293 4093 1642 4147 subsistentia
1674 4109 1813 4148 mea.

768 4176 854 4231 19.
888 4175 951 4232 Et
982 4195 1099 4233 mea
1129 4180 1424 4236 novissima
1457 4183 1509 4236 in
1541 4185 1711 4238 multo
1745 4186 2046 4256 refrigerio.

766 4265 946 4322 20.Et
990 4269 1124 4325 vidit
1170 4273 1360 4328 oculus
1411 4290 1586 4342 meus,
1639 4277 1914 4345 quomodo
1963 4280 2061 4333 viri
2108 4279 2259 4350 impii

699 4359 980 4415 tradantur
1011 4361 1064 4415 in
1097 4365 1432 4432 punitioncm
1461 4377 1739 4422 aeternam.

767 4450 854 4504 21.
898 4449 962 4505 Et
1019 4455 1231 4508 audiam
1283 4459 1605 4512 sententiam
1644 4462 1907 4529 prolatam
1957 4478 1985 4516 a
2032 4462 2259 4518 Domino

697 4549 885 4594 contra
910 4542 1249 4601 adversarias
1275 4556 1587 4615 potestates.

766 4625 858 4679 22.
896 4625 1127 4683 Mundus
1157 4631 1320 4686 corde
1346 4633 1650 4688 invenietur
1682 4635 1736 4689 in
1768 4651 1934 4708 regno
1975 4639 2255 4694 cmlorum.

761 4807 850 4861 2'5.
885 4807 940 4860 in
973 4808 1399 4880 incorruptibilia
1428 4814 1625 4869 saecula
1653 4815 2005 4883 permanebit.

758 4897 851 4950 24.
881 4895 938 4952 In
965 4914 1194 4968 superna
1223 4900 1543 4958 Jerusalem.

770 5010 852 5063 "l
885 5013 1010 5066 Cor.
1055 5031 1113 5078 ιι,
1142 5017 1221 5071 11.

2434 2910 2482 2962 7.
2533 2910 2619 2960 Ἐν
2661 2912 2770 2971 τοῖς
2798 2911 3175 2981 προστάγμασι
3208 2911 3298 2963 τοῦ
3334 2913 3638 2982 Πνεύματὸς
3672 2933 3789 2972 σου.

2431 3001 2479 3052 8.
2513 3000 2586 3068 (a)
2635 3000 3026 3071 Ἐδοξάσθησαν
3054 3003 3117 3054 τὰ
3149 3003 3390 3073 κρίματα
3415 3021 3526 3058 σου.

2429 3088 2477 3141 9.
2519 3090 2936 3159 Ἀνεξιχνίαστοί
2969 3094 3042 3159 (1)
3075 3097 3209 3144 εἰςιν
3243 3097 3295 3145 αἱ
3331 3094 3513 3163 βουλαί
3546 3113 3657 3148 σου.

2433 3182 2515 3233 10.
2549 3182 2622 3252 (2)
2665 3182 2922 3253 Τυχιχὸς
2957 3183 3261 3255 ἅνθρωπος
3314 3190 3386 3240 οὐ
3438 3187 3672 3256 δέχεται
3711 3191 3786 3243 τὰ
3832 3191 3936 3244 τοῦ

2362 3275 2703 3343 Ηνεύματος
2731 3275 2834 3327 τοῦ
2879 3276 3044 3328 θεοῦ.

2433 3365 2518 3420 11.
2556 3367 2641 3416 Ἔν
2667 3366 2876 3435 πλούτῳ
2896 3367 3001 3436 γὰρ
3029 3367 3120 3419 καί
3150 3368 3386 3437 ὑπεροχῇ
3421 3369 3569 3431 liv-.5;
3596 3373 3938 3443 συγχωροῦν-

2361 3473 2449 3508 ται
2479 3453 2866 3524 Γσυγχεοῦνται
2895 3456 2909 3527 j
2938 3457 3039 3508 ὑπὸ
3062 3457 3160 3526 τῆς
3194 3458 3284 3510 τοῦ
3311 3458 3426 3528 βίου
3461 3461 3758 3532 μερίμνης.

2436 3547 2522 3601 12.
2567 3547 2918 3619 Ἑωράθησαν
2946 3550 3104 3618 μόνον
3134 3550 3505 3621 δεδοξασμένοι
3530 3555 3586 3606 ὲν
3612 3553 3693 3623 τῷ
3724 3554 3932 3626 κόσμῳ.

2431 3638 2517 3691 15.
2554 3640 2645 3700 Ei;
2674 3639 2771 3708 τὴν
2809 3639 3100 3706 μέλλουσαν
3131 3642 3328 3709 κρίσιν.

2427 3728 2510 3780 14.
2547 3730 2638 3792 Εἰς
2664 3729 2722 3780 τὸ
2750 3728 2858 3798 πῦρ
2888 3728 2946 3781 τὸ
2980 3729 3211 3781 αἰώνιον.

2434 3815 2517 3868 15.
2549 3816 2942 3886 Δεδοξασμένος
2975 3813 3025 3869 εἷ
3044 3819 3354 3882 ἀπαύστως.

2429 3907 2514 3961 16.
2549 3910 2610 3960 Οἱ
2639 3907 2908 3978 δαίμονες.

2434 3999 2519 4052 17.
2553 4001 2614 4051 Ol
2650 3999 2960 4071 πειθόμενοι
2994 4004 3174 4065 αὐτοῖς
3208 4005 3285 4067 εἰς
3314 4005 3591 4059 ἀπώλειαν
3615 4008 3858 4066 ἔσονται.

2434 4089 2518 4142 18.
2554 4090 2640 4142 Ἐν
2670 4094 2778 4154 τοῖς
2808 4092 3052 4162 οὐρανοῖς
3088 4094 3234 4148 ἔσται
3264 4097 3295 4165 ὴ
3325 4095 3555 4168 ὓπαρξίς
3590 4119 3715 4170 μου.

2432 4180 2520 4234 19.
2551 4183 2660 4234 Kal.
2690 4182 2758 4234 τά
2781 4183 2904 4253 τέλη
2938 4202 3038 4253 μου
3069 4188 3122 4237 ἐν
3145 4188 3444 4241 ἀναπαύσει
3481 4192 3670 4262 πολλῇ.

2431 4271 2520 4328 20.
2552 4274 2659 4326 Καὶ
2682 4268 2815 4326 εἶδεν
2837 4277 2864 4326 ὁ
2879 4275 3147 4346 ὀφθαλμός
3175 4295 3274 4347 μου
3297 4280 3411 4344 πῶς
3433 4284 3824 4353 παραδίδονται
3856 4291 3932 4348 είς

2363 4365 2580 4418 κόλασιν
2614 4364 2824 4419 αἰώνιον
2845 4369 2894 4419 οἱ
2926 4369 3140 4432 ἀσεϐεῖς
3167 4369 3376 4442 ἄνδρες.

2429 4455 2519 4509 21.
2556 4457 2663 4508 Καὶ
2698 4459 2835 4511 κατά
2865 4460 2969 4511 τῶν
3010 4461 3262 4514 ἐναντίων
3303 4465 3582 4534 δυνάμεων
3623 4471 3930 4540 ἐκφερομέ-

2363 4567 2457 4620 νην
2485 4550 2584 4622 τὴν
2619 4552 2888 4620 ἀπόφασιν
2921 4553 3024 4605 ὑπὸ
3050 4553 3142 4606 τοῦ
3176 4556 3376 4626 Κυρίου
3406 4559 3643 4613 ἀκούσω.

2434 4640 2522 4692 22.
2555 4642 2808 4712 Καθαρὸς
2853 4643 3199 4714 εὑρεθήσεται
3243 4649 3306 4716 τῇ
3351 4648 3548 4719 καρδίᾳ
3578 4650 3637 4700 ἐν
3667 4653 3730 4700 ’τίς
3776 4651 3928 4703 3:13:-

2364 4729 2479 4800 λείᾳ
2504 4731 2608 4783 τῶν
2631 4733 2892 4803 οὐρανῶν.

2433 4822 2522 4875 25.
2555 4825 2646 4888 Εἰς
2669 4827 2972 4896 ἀφθάρτους
2996 4829 3194 4890 αἰῶνας
3216 4829 3457 4899 διαμενεῖ
3489 4832 3579 4901 (5).

2434 4913 2522 4966 24.
2561 4917 2647 4968 Ἐν
2682 4917 2754 4988 (4)
2780 4921 2843 4988 τῇ
2870 4919 2979 4971 ἀνω
3013 4919 3375 4990 Ἰερουσαλήμ.

1597 5136 1903 5198 Addenda
1957 5148 2015 5198 et
2066 5140 2439 5219 corrigenda
2482 5159 2559 5202 ex
2613 5142 2750 5203 cod.
2812 5143 3008 5204 Vatic.

764 5233 840 5303 (1)
868 5235 1295 5304 Ῠᾍνεξιχνίαστοί
1327 5242 1462 5288 εἰσιν
1490 5237 1544 5290 αἱ
1578 5237 1787 5289 ἐντολαί
1813 5255 1925 5291 σου.

762 5303 927 5378 (2)AN.
967 5303 1478 5378 1Ο,⁷11.-Ψυχικὸς,
1526 5306 1731 5378 etc.N.
1781 5307 1866 5361 12.
1905 5311 1991 5361 Ἑν
2020 5309 2252 5378 πλούτῳ,

693 5385 802 5448 _e_te.
831 5374 1500 5448 βὺῌσυγχωροῦνταιηοῑε.
1526 5376 1590 5448 Ν.
1631 5377 1712 5448 13.
1753 5378 2121 5448 Ἐωράθησαν,
2150 5374 2251 5434 etc.

689 5441 754 5498 Ν.
783 5444 869 5517 14.
897 5445 987 5506 Εἰς
1007 5441 1142 5517 τήν(
1163 5457 1263 5499 etc.
1285 5446 1347 5498 N.
1377 5447 1464 5500 15.
1495 5441 1910 5517 Δεδοξασμένοξ,
1937 5441 2038 5503 etc.
2064 5441 2128 5503 Ν.
2166 5450 2253 5502 16.

2427 5243 3136 5325 ςξ)ῑᾼφ9ειρῖεςδεαμείνηο
3385 5317 3408 5325 -
3631 5318 3641 5325 .
3733 5317 3778 5325 --

2424 5313 2597 5385 (ᾓΝ.
2630 5313 2722 5366 21.
2756 5315 2842 5366 Ἐν
2869 5313 3116 5385 «mem;
3167 5332 3340 5384 usque
3381 5317 3694 5380 διαπαντός.
3732 5317 3800 5372 Ν.
3833 5319 3918 5372 9.5.

2367 5383 2785 5454 Ἐκλὰμψουσιν,
2811 5383 3013 5437 θιιεξΝὶ
3045 5386 3136 5438 26.
3180 5383 3280 5451 Eli;
3305 5387 3472 5440 deest.
3507 5387 3920 5454 Ἀτελευτήτους

2352 5435 2552 5526 αἰῶναξ
2578 5435 2923 5526 διαμείνῶσιν
3436 5456 3527 5513 27.
3557 5459 3644 5511 Ἐν
3676 5435 3916 5526 ἀγαθοῖςῖ

692 5516 752 5566 οι
781 5503 1157 5603 ξᾳεμονὲςίψ
1182 5517 1264 5569 t7.
1296 5503 1679 5603 Elii-b33595?)
1709 5503 1941 5603 arma.
1969 5519 2156 5603 N._t§.
2193 5522 2255 5571 οι
2354 5503 2560 5603 sign;
2585 5503 2928 5603 ξιξῗίεπέιδὴ
2956 5503 3417 5598 magnam;
3440 5503 3654 5585 Eia-ﬁ.
3677 5503 3918 5585 ἒέιῖἶξῖιὶ

693 5583 998 5653 πειθόμενοι
1021 5585 1220 5650 αὐτῶν,
1246 5586 1431 5641 etc.N.
1462 5589 1548 5640 19.
1569 5583 1669 5641 Ἕν
1699 5591 1807 5651 τοῖς
1833 5590 2080 5659 οὐρανοῖς
2105 5591 2256 5642 ἔσται
2354 5595 2486 5648 οὐδὲι

2354 5595 2503 5648 οὐδὲν
2534 5593 2745 5665 ψεῦδος,
2772 5604 2876 5648 etc.

687 5656 722 5724 ή
757 5653 985 5722 ὖμνησίς
1015 5674 1136 5724 μου.

765 5768 836 5846 (a)
867 5772 1024 5830 Dee3t
1048 5777 1469 5833 commentarius
1493 5777 1591 5833 istc
1623 5777 1674 5832 in
1709 5777 1852 5845 cod.,
1902 5778 1994 5835 sed
2025 5793 2175 5835 num.
2212 5777 2244 5834 8
2284 5787 2337 5834 et
2366 5775 2397 5833 9
2425 5784 2550 5834 sunt
2585 5775 2684 5832 sub
2719 5775 2880 5832 unico
2911 5784 3200 5832 comment.
3237 5793 3290 5830 ιι.
3321 5776 3371 5832 9.
