4098 6318
724 360 853 417 1051
1598 364 1652 419 S.
1698 364 2064 421 ATHANASII
2107 367 2255 423 OPP.
2299 370 2480 426 PARS
2520 372 2606 428 ill.
2647 403 2716 414 —
2757 371 3165 429 EXEGETICA.
3828 373 3956 431 40a

787 479 839 532 9.
868 478 910 531 Α
942 480 1162 535 vocibus
1195 497 1456 549 aquarum
1495 485 1815 539 multarum.
2310 499 2356 553 Α

1764 502 1815 539 η·
2310 499 2356 553 Α
2457 495 2509 548 9.
2553 496 2683 548 Ἀπὸ
2704 495 2897 565 φωνῶν
2925 495 3131 549 ὑδάτων
3161 495 3382 547 πολλῶν.

790 573 877 626 10.
916 572 1187 629 Mirabiles
1216 575 1480 629 elationes
1510 577 1709 632 maris:

2458 588 2540 642 10.
2574 588 2889 658 Θαυμαστοὶ
2916 592 2965 642 οἱ
2994 589 3357 659 μετεωρισμοὶ
3388 588 3488 656 τῆς
3515 588 3803 660 θαλάσσης
3828 605 3841 618 ·

784 664 871 719 11.
908 665 1169 721 Mirabilis
1206 669 1259 723 in
1291 670 1413 723 altis
1445 669 1725 727 Dominus.

2458 679 2541 733 11.
2574 680 2898 750 Θαυμαστὸς
2924 682 2982 732 ὲν
3009 680 3227 750 ὑψηλοῖς
3256 681 3283 731 ὁ
3317 678 3536 751 Κύριος.

791 757 877 811 12.
921 756 1252 814 Testinmnia
1292 771 1381 815 tua
1422 764 1695 817 credibilia
1734 762 1872 818 facta
1904 774 2028 819 sunt
2068 766 2273 822 nimis:

2161 768 2233 821 tis
2262 787 2273 822 :
2457 770 2543 823 12.
2578 769 2660 822 Τὰ
2693 770 2969 842 μαρτύριά
3001 787 3092 823 σου
3126 769 3497 842 ἐπιστώθησαν
3532 771 3739 841 σφόδρα
3764 788 3779 800 ’

785 849 870 903 13.
905 848 1135 903 Domum
1174 860 1317 905 tuam
1367 854 1519 909 decet
1564 855 1894 922 sanctitudo,
1937 855 2182 923 Dontinc,
2225 858 2277 913 in

2450 863 2537 917 13.
2573 864 2662 934 Τῷ
2687 866 2819 935 οἴκῳ
2853 882 2943 918 σου
2967 864 3166 936 πρέπει
3200 865 3461 933 ἁγίασμα,
3485 862 3681 933 Κύριε,
3736 864 3824 924 είς
3867 880 3955 931 μα-

713 936 1103 1008 longitudinent
1141 943 1374 998 dierum.

1276 960 1374 998 tut.
2383 954 2621 1026 κρότητα
2653 956 2894 1025 ἡμερῶν.

784 1050 1031 1105 Ρδαιηιω
1072 1053 1239 1107 David
1261 1067 1452 1125 quarta
1480 1055 1719 1110 Sabbali.
1751 1055 1947 1111 PSJL.
1987 1056 2206 1113 XCI”.

2162 1056 2206 1113 ι,
2562 1046 2810 1115 Ψιιλμὸς
2848 1045 2927 1111 τῷ
3174 1044 3402 1182 τῗῦρνάδι
3447 1043 3777 1097 Σαεεάτου.

785 1207 834 1259 1.
868 1206 1004 1262 Deus
1031 1209 1296 1263 nltionum
1326 1209 1605 1275 Dominus,
1635 1211 1775 1267 Deus
1806 1212 2075 1267 ultionum
2108 1213 2278 1266 libere

2455 1208 2503 1261 1.
2541 1207 2672 1271 Θεὸς
2701 1208 3030 1279 ὲκδικήσεων
3074 1206 3277 1279 Κύριος
3298 1247 3312 1272 ,
3342 1206 3473 1270 Θεὸς
3508 1208 3587 1277 (a)
3616 1207 3948 1277 ἑκδικήσεων

715 1296 843 1364 egit.

2379 1298 2845 1369 ἐπαρρησιάσατο.

782 1388 835 1439 ‘2.
874 1386 1143 1449 Exaltare,
1174 1391 1263 1456 qui
1301 1390 1507 1458 iudicas
1534 1404 1733 1445 terram
1768 1412 1779 1444 :

1778 1412 1779 1415 π
2451 1389 2503 1441 2.
2548 1387 2837 1458 ’Υψὼθητμ
2863 1391 2890 1442 ὁ
2916 1389 3113 1458 κρίνων
3138 1390 3235 1458 τὴν
3263 1390 3364 1458 γῆν
3383 1406 3396 1419 ·

781 1478 834 1533 5.
871 1478 1053 1532 Redde
1083 1482 1490 1536 retributionem
1525 1485 1794 1549 superbis.

2452 1478 2505 1532 3.
2552 1479 2771 1540 Ἀπόδος
2798 1478 3146 1531 ἀνταπόδοσιν
3177 1481 3286 1541 τοῖς
3311 1478 3702 1549 ὑπερηφανοις.

777 1570 831 1623 4.
873 1569 1165 1641 υειμιιιιμιο
1206 1585 1538 1643 peccatores,
1567 1574 1838 1627 Domine?

1828 1574 1838 1623 Γ
2452 1564 2503 1617 4.
2539 1565 2685 1627 Ἕως
2718 1565 2846 1617 πότε
2882 1566 3215 1637 ἁμαρτωλοὶ,
3248 1568 3446 1638 Κύριε;

784 1660 837 1712 5.
881 1658 1171 1731 Usquequn
1205 1679 1237 1732 p
1260 1674 1512 1718 ‘cratnrcs
1542 1664 1955 1733 gloriabuntur?

2450 1654 2501 1707 5.
2534 1655 2679 1716 Ἕως
2717 1655 2847 1707 πότε
2879 1656 3190 1726 ἁμαρτωλοὶ
3232 1657 3627 1726 καυχήσονταις

780 1751 833 1803 6.
874 1751 1188 1807 Ιίίΐώιιιιιυῐ·
1218 1766 1269 1808 et
1299 1758 1586 1825 loquentur
1614 1758 1951 1825 iniquitatem

2448 1746 2500 1800 6.
2533 1746 2857 1815 Φθέγξονται
2886 1749 2977 1800 καὶ
3006 1748 3321 1818 λαλήσουσιν
3355 1748 3600 1813 ἁδικίαν;

776 1840 831 1895 7.
869 1840 1185 1911 Loquentur
1216 1860 1424 1910 omnes,
1466 1849 1557 1916 qui
1592 1858 1889 1916 operantur
1928 1846 2265 1914 iniustitiam.
2307 1836 2348 1893 Β

2324 1836 2348 1893 3
2454 1844 2505 1897 7.
2542 1844 2845 1913 Λαλήσουσι
2878 1844 3077 1907 πάντες
3106 1844 3153 1895 oi
3188 1842 3540 1912 ἐργαζόμενοι
3571 1842 3672 1913 τὴν
3696 1858 3942 1913 ανομιαν.

777 1932 834 1987 8.
873 1932 1132 2003 Pupulntu
1171 1947 1342 2000 tuum,
1381 1938 1627 2003 Domine,
1666 1941 2126 1995 lutntiliaverunt:

1992 1950 2087 1995 unt
2113 1960 2126 1995 :
2449 1934 2501 1988 8.
2539 1935 2642 1986 Τὸν
2680 1936 2805 1988 λαόν
2836 1952 2949 2000 σου,
2980 1933 3173 2007 Κύριε,
3210 1934 3573 1986 ἐταπείνωσαν
3598 1949 3610 1961 ·

774 2022 829 2076 9.
866 2022 928 2077 Et
960 2026 1319 2083 luereditatetu
1350 2040 1493 2082 tuam
1525 2040 1870 2085 vexari-runt.

2447 2032 2498 2085 9.
2532 2031 2640 2083 Καὶ
2671 2030 2768 2100 τὴν
2804 2030 3165 2101 κληρονομίαν
3198 2046 3289 2081 σου
3320 2028 3621 2083 ἐκάκωσαν.

781 2112 868 2167 10.
904 2114 1155 2183 Viduam,
1189 2128 1240 2173 et
1273 2122 1529 2189 pupillum
1563 2122 1944 2177 interfecerunt
1973 2141 1987 2175 :

1912 2130 1944 2175 It
1973 2141 1987 2175 :
2454 2121 2537 2174 10.
2572 2124 2760 2192 Χήραν
2788 2122 2883 2175 καὶ
2916 2122 3147 2192 ὀρφανὸν
3175 2122 3497 2174 ἀπέκτειναν
3518 2136 3530 2149 ·

780 2248 853 2319 (a)
885 2246 1038 2305 Vers.
1074 2250 1129 2304 9..
1168 2250 1224 2305 Ὁ
1255 2252 1404 2318 Θεὸς,
1432 2262 1534 2308 etc.

1817 2360 2192 2418 ATHANASII
2231 2360 2821 2417 INTERPRETATIO.

781 2514 833 2568 9.
868 2515 913 2567 A
954 2516 1201 2571 doctrina
1247 2516 1411 2587 hujus
1446 2517 1652 2585 mundi,
1686 2518 1890 2573 scilicet
1932 2535 1963 2573 a
2007 2516 2271 2589 sapientia

2446 2516 2498 2570 9.
2553 2515 2684 2568 Ἀπὸ
2717 2515 2813 2584 τῆς
2845 2514 3065 2585 διδαχῆς
3109 2516 3208 2586 τῆς
3238 2516 3295 2569 ἐν
3322 2514 3399 2585 τῷ
3446 2514 3667 2585 κόσμῳ,
3705 2514 3944 2569 τουτέστι

701 2606 1001 2661 mundana.

2372 2608 2471 2680 τῆς
2503 2608 2691 2676 σοφίας
2712 2607 2811 2676 τῆς
2837 2608 2893 2658 ὲν
2922 2605 2999 2675 τῷ
3032 2606 3236 2677 κόσμῳ.

775 2698 859 2752 10.
891 2698 1186 2753 Glorilicati
1224 2700 1398 2754 sancti
1441 2701 1492 2754 in
1523 2701 1746 2755 mundo.

2450 2701 2532 2756 10.
2564 2700 2948 2771 Δεδοξασμένοι
2972 2702 3020 2753 οἱ
3044 2702 3187 2768 ᾶγιοι
3216 2700 3272 2753 ὲν
3304 2699 3380 2771 τῷ
3400 2700 3588 2771 κόσμῳ

779 2790 862 2843 11.
902 2789 1248 2845 Gloriticatus
1280 2792 1333 2845 in
1370 2793 1569 2847 sanctis
1606 2792 1886 2848 Dominus.

2450 2793 2531 2844 11.
2567 2792 2955 2860 Δεδοξασμένος
2977 2794 3034 2843 ὲν
3059 2796 3169 2853 τοῖς
3194 2792 3367 2859 ἁγίοις
3391 2794 3418 2844 ὁ
3442 2791 3658 2862 Κύριος.

774 2880 855 2933 12.
891 2880 1179 2938 Passiones
1216 2893 1319 2937 tuae
1357 2885 1576 2938 credita:
1600 2895 1727 2937 sunt
1756 2885 1808 2937 in
1845 2884 2066 2939 mundo.

2449 2882 2532 2934 12.
2565 2883 2645 2935 Τὰ
2679 2882 2976 2952 παθήματά
2998 2899 3089 2934 σου
3124 2882 3517 2954 ἐπιστεύθησαν
3539 2884 3597 2935 ὲν
3628 2882 3708 2953 τῷ
3731 2884 3935 2953 κόσμῳ.

772 2971 857 3024 15.
906 2970 1169 3043 Populum
1220 2984 1372 3028 tuum
1421 2974 1573 3028 decet
1621 2975 1792 3043 gratia
1838 2983 1926 3026 tua
1963 2975 2014 3026 in
2060 2972 2265 3026 infinita

2445 2972 2527 3023 15.
2558 2970 2644 3040 Τῷ
2676 2970 2787 3041 λαῷ
2819 2988 2909 3023 σου
2952 2972 3145 3041 πρέπει
3184 2974 3217 3042 ἡ
3251 2972 3408 3043 χάρις
3457 2989 3548 3025 σου
3592 2974 3672 3035 είς
3696 2973 3827 3035 τοὺς
3865 2970 3933 3041 ti)

698 3062 918 3115 sarcula.

2374 3061 2761 3131 ἁτελευτήτους
2788 3062 3008 3125 αἰῶνας.

780 3157 845 3208 Ἠ
873 3157 1204 3227 προκειμένη
1235 3158 1511 3227 ἐπιγραφὴ
1536 3157 1777 3226 περιέχει
1802 3157 1878 3225 (2)
1904 3176 1917 3188 ·
1957 3159 2199 3225 Ψαλμὸς
2228 3156 2306 3219 τῷ
2331 3154 2509 3208 Δαϐὶδ
2539 3154 2769 3221 τετράδι
2798 3155 3099 3210 Σαῖϐἁτου
3124 3172 3137 3185 ·
3182 3157 3257 3221 ὼς
3292 3158 3547 3223 πολλάκις
3597 3160 3899 3231 εἰρήκαμεν
3922 3175 3935 3187 ·

703 3252 951 3318 Ψαλμὸς
982 3250 1081 3324 [τῷ
1102 3253 1297 3319 Δαϐὶδ,
1339 3252 1603 3323 τουτέστι]
1632 3251 1709 3317 τῷ
1736 3252 1916 3318 ἱκανῷ
1948 3253 2022 3320 τῇ
2046 3254 2214 3322 χειρὶ,
2244 3253 2489 3306 τουτέστι
2514 3251 2591 3319 τῷ
2616 3250 2725 3320 Υἱῷ
2758 3252 2849 3303 τοῦ
2872 3251 3027 3305 Θεοῦ.
3054 3250 3184 3305 Εἶτα
3214 3254 3443 3322 τετράδι
3466 3254 3787 3318 Σαϐϐἁτου.
3806 3258 3939 3325 ὅπερ

698 3347 866 3419 δηλοῖ,
902 3348 983 3401 ὃτι
1019 3349 1145 3419 περὶ
1173 3349 1432 3419 νηστειῶν
1454 3351 1546 3402 καὶ
1580 3349 1902 3419 ἐγκρατείας
1946 3349 2095 3417 δηλοῖ
2128 3350 2155 3400 ὁ
2204 3346 2417 3417 ψαλμός
2437 3362 2450 3376 °
2480 3344 2649 3406 οὕτως
2668 3342 2774 3414 γὰρ
2800 3343 2872 3411 (5)
2899 3342 3018 3407 ἔθος
3056 3344 3198 3414 ἔχειν
3230 3345 3326 3415 τὴν
3358 3346 3609 3415 τετράδα.
3648 3348 3757 3401 Τοῦ
3783 3349 3841 3402 δὲ
3867 3346 3937 3417 ll)

699 3442 1000 3495 Σαϐϐάτου
1034 3441 1305 3510 σημαίνει,
1340 3442 1419 3493 ὅτι
1457 3442 1700 3511 καὶπερὶ
1732 3440 1833 3510 τῆς
1868 3440 2165 3511 μελλούσης
2195 3440 2428 3511 κρίσεως
2461 3439 2489 3490 ὁ
2510 3434 2720 3505 eam;
2746 3434 2959 3505 εἴρηται
2986 3435 3084 3506 (5).
3109 3436 3462 3500 Κατάπαυσις
3494 3437 3600 3509 γὰρ
3630 3439 3690 3492 τὸ
3725 3440 3937 3495 Σάϐϐα-

697 3554 790 3591 τον
820 3536 1051 3604 εἴρηται.

773 3624 991 3677 ΤιιυΙυε
1029 3619 1351 3689 pra-positus
1377 3618 1616 3671 continet
1645 3633 1659 3681 ;
1695 3615 1941 3670 Psalmus
1978 3616 2146 3670 David
2172 3628 2367 3686 quarta
2398 3616 2649 3670 Sabbatt’:
2674 3629 2732 3671 ut
2763 3620 2961 3687 sazpius
2990 3620 3230 3674 diximus
3257 3637 3271 3674 :
3302 3618 3551 3675 Paulinus
3599 3622 3789 3690 David,
3835 3628 3939 3683 hoc

701 3728 803 3774 est.
841 3735 998 3769 manu
1023 3716 1174 3784 forti,
1204 3729 1395 3783 ncmpc
1434 3712 1527 3765 Dei
1562 3711 1717 3765 Filio.
1762 3710 1962 3766 Deinde
1984 3724 2175 3782 quarta
2217 3712 2457 3773 Sabbati,
2492 3713 2634 3780 quod
2680 3713 2968 3783 signiﬁcat,
3010 3716 3278 3783 psalmum
3308 3731 3465 3786 agere
3490 3717 3555 3773 de
3606 3719 3852 3790 jejuniis,
3886 3736 3937 3779 rt

701 3810 1063 3871 continentia;
1120 3808 1190 3858 ita
1233 3806 1375 3857 enim
1432 3819 1547 3856 mos
1589 3814 1671 3857 est
1713 3803 1955 3871 accipere
2023 3820 2307 3857 numerum
2360 3804 2791 3873 quaternatium.
2839 3803 3012 3860 Dictio
3056 3816 3235 3861 autem
3297 3808 3385 3861 illa
3422 3806 3645 3863 Sabbati
3697 3814 3930 3877 indicat.

702 3905 843 3973 quod
876 3903 1037 3954 etiam
1078 3901 1141 3952 de
1175 3898 1353 3951 futuro
1394 3897 1599 3965 judicio
1632 3896 1870 3966 psalmus
1910 3897 2087 3951 dictus
2116 3907 2216 3951 eSt.
2259 3898 2552 3952 Sabbatum
2592 3897 2738 3951 enim
2775 3899 2989 3967 requies
3018 3899 3398 3968 interpretatur

774 3996 825 4050 1.
881 3991 1198 4060 Unigenitus
1252 3989 1342 4043 Dei
1393 3989 1580 4049 Filius.
1632 3991 1848 4059 quando
1897 3991 2046 4045 visus
2083 3999 2166 4045 est
2216 3991 2267 4044 in
2297 3999 2338 4053 C

2313 3999 2338 4053 ἶ.
2442 3992 2492 4045 1.
2537 3994 2595 4044 '0
2634 3992 2924 4063 μονογενὴς
2942 3992 3066 4056 Υἱὸς
3092 3992 3183 4046 τοῦ
3207 3992 3361 4057 θεοῦ,
3385 3994 3472 4046 ὅτε
3499 3992 3574 4066 (6)
3600 3995 3815 4069 ὲπὶθτῆς
3831 3999 3931 4069 γῆς

702 4097 866 4150 terra,
888 4096 940 4139 et
974 4098 1096 4137 cunt
1128 4080 1433 4135 hominibus
1463 4091 1813 4136 conversatus
1851 4091 1933 4135 est
1958 4083 2023 4145 “,
2061 4082 2274 4136 dicebat

2368 4083 2521 4155 ὤφθη
2553 4087 2645 4138 καὶ
2674 4089 2785 4149 τοῖς
2808 4084 3115 4158 ἀνθρώποις
3143 4085 3567 4157 συνανεστράφη,
3614 4086 3794 4157 ἔλεγεν
3823 4092 3931 4154 τοῖς

700 4177 1008 4232 Iudaeorum
1051 4173 1416 4227 sacerdotibus
1442 4190 1454 4225 :
1484 4169 1596 4241 Ego
1626 4171 1805 4240 palam
1835 4171 2038 4225 locutus
2066 4189 2181 4227 sum
2210 4173 2265 4225 in

2368 4176 2476 4229 τῶν
2522 4177 2787 4230 Ἰουδαίων
2833 4176 3209 4249 ἀρχιερεῦσιν·
3269 4176 3409 4247 Ἐγὼ
3450 4180 3753 4248 παρῤησίᾳ
3795 4181 3931 4236 ἐλά-

704 4270 894 4337 templo
924 4269 987 4315 ⁸⁸.

2366 4270 2534 4335 λησα
2558 4268 2627 4320 ἐν
2648 4266 2727 4332 τῷ
2769 4267 2919 4336 ἱερῷ.

771 4361 823 4414 2.
860 4357 1191 4419 Gloriﬁrarc,
1218 4356 1319 4410 Fili
1350 4355 1463 4412 Dei.

2437 4359 2491 4412 2.
2528 4357 2844 4427 Δοξάσθητι,
2879 4360 2907 4410 ὁ
2942 4358 3067 4422 Υίὸς
3097 4358 3189 4411 τοῦ
3223 4358 3377 4414 Θεοῦ.

771 4455 823 4508 5.
860 4454 915 4505 In
957 4451 1043 4503 die
1073 4450 1284 4519 judicii.

2440 4449 2493 4503 5.
2543 4449 2628 4501 Ἐν
2658 4451 2722 4518 τῇ
2757 4448 2937 4521 ἡμέρᾳ
2959 4449 3059 4518 τῆς
3088 4449 3336 4519 κρίσεως.

772 4545 825 4598 Ai.
868 4543 1275 4596 Deliciabuntur
1308 4542 1359 4593 in
1389 4539 1630 4594 mundo?

1612 4541 1630 4591 ἲ
2439 4541 2492 4595 ι.
2540 4540 2875 4612 Ἐντρυφῶσι
2897 4540 2973 4611 τῷ
3002 4541 3190 4612 κόσμῳ
3216 4558 3230 4607 ;

773 4638 825 4692 5.
870 4637 922 4691 In
954 4635 1232 4704 jactantia.
1271 4644 1323 4688 et
1351 4634 1555 4702 rapinis
1580 4634 1715 4688 suis.

2438 4634 2492 4688 5.
2534 4633 2655 4685 Ἐπὶ
2686 4636 2749 4703 τῇ
2775 4631 3060 4702 ἀλαζονείᾳ
3093 4632 3187 4686 καὶ
3213 4634 3430 4705 ἁρπαγῇ
3471 4634 3667 4689 αὐτῶν.

774 4729 826 4784 6.
859 4728 1059 4780 Contra
1094 4736 1163 4790 te,
1208 4724 1453 4779 Domine.

2435 4720 2488 4774 6.
2523 4720 2679 4773 Κατὰ
2719 4720 2833 4785 σοῦ,
2866 4720 3035 4791 Κύριε
3069 4720 3166 4787 (7).

774 4820 825 4874 7.
858 4818 1246 4873 Gloriabuutur
1279 4818 1330 4869 in
1365 4817 1644 4883 jactantiis
1685 4816 1819 4871 suis.

2433 4811 2485 4866 7.
2521 4814 2896 4882 Καυχήσονται
2926 4814 2983 4864 ἐν
3010 4814 3129 4875 ταῖς
3158 4813 3491 4878 ἀλαζονείαις
3516 4816 3711 4871 αὐτῶν.

775 4910 827 4963 8.
860 4909 1149 4962 Credentes
1190 4908 1242 4962 in
1278 4921 1327 4961 te
1356 4907 1684 4961 occiderunt.

2440 4902 2494 4957 8.
2532 4903 2669 4967 Τοὺς
2696 4904 3045 4969 πιστεύοντας
3072 4907 3151 4968 είς
3179 4906 3235 4957 σὲ
3257 4905 3597 4961 ἀπέκτειναν.

774 5004 826 5055 9.
865 5001 1092 5055 Sanrtos
1123 5010 1240 5054 tuos
1272 5000 1323 5053 in
1363 5000 1671 5054 carceribus
1697 4998 2096 5053 concluserunt.

2440 4996 2495 5048 9.
2528 4994 2666 5057 Τοὺς
2700 4996 2885 5063 ἁγίους
2918 5014 3010 5048 σου
3042 4999 3098 5050 ὲν
3125 4996 3387 5065 φυλακαῖς
3419 4998 3784 5053 κατέκλεισαν.

776 5093 861 5148 10.
902 5093 1108 5162 Egcnos
1146 5092 1327 5162 p0puli
1364 5092 1461 5145 tui.

2444 5088 2530 5142 10.
2568 5088 2703 5151 Τοὺς
2735 5090 2978 5159 πτωχοὺς
3011 5089 3105 5142 τοῦ
3132 5089 3257 5143 λαοῦ
3292 5106 3400 5143 σου.

705 5302 730 5357 J
774 5232 821 5265 ιδ
857 5232 1065 5285 Baruch
1092 5247 1205 5356 ὧι,
1253 5230 1343 5287 ‘58.
1451 5232 1491 5264 "
1528 5231 1639 5303 Ego
1686 5230 1863 5301 palam
1898 5230 2103 5284 locutus
2140 5244 2255 5283 sunt
2289 5227 2485 5283 mundo
2512 5243 2531 5280 :
2571 5243 2664 5296 ego
2695 5243 2898 5296 semper
2928 5228 3087 5282 docui
3131 5230 3184 5282 in
3219 5236 3588 5296 synagoga,.el
3619 5228 3674 5281 in
3715 5226 3918 5293 tentplo.

738 5319 861 5357 oan.
900 5318 1051 5357 xvut.
1171 5343 1183 5356 .

738 5319 861 5358 oan.
900 5318 1051 5366 xvut,
1092 5318 1183 5356 zu.

1651 5396 1956 5459 Addenda
1982 5402 2042 5457 et
2066 5390 2440 5472 corrigenda
2473 5408 2551 5453 ex
2580 5389 2715 5451 cod.
2750 5390 2943 5452 Vatic.

784 5519 853 5585 (1)
889 5521 935 5571 Ν
995 5522 1076 5573 1-1.
1112 5523 1205 5585 Εἰς
1226 5522 1368 5585 τούς,
1397 5532 1500 5577 etc.
2299 5526 2342 5583 D
2444 5519 2517 5582 (5)
2560 5519 2616 5570 Ὀ
2644 5516 2855 5587 ψαλμὸς
2892 5515 3127 5587 εἴρηκεν.

780 5575 853 5664 ig}
891 5591 1067 5664 3153.5.
1097 5575 1200 5661 τῆξ
1222 5575 1583 5663 κιννὶὶεειριως
1615 5612 1736 5664 περ,
2299 5575 2333 5583 ’⁷
2444 5575 2519 5664 με)
2552 5590 2616 5640 Ν.
2649 5575 2701 5641 ἐν..
2742 5575 2889 5664 {965.
2944 5575 3059 5664 inii.-
3110 5585 3299 5664 ςελεγε
3350 5584 3459 5659 γὰρ
3504 5589 3615 5650 τοῖς
3652 5601 3703 5640 τ.
3766 5582 3821 5639 '1.
3849 5579 3917 5641 te-

777 5655 1354 5732 [5)τφῦτογάρυειοο
1452 5655 1461 5663 ·
1564 5655 1575 5659 ⁷
1690 5655 1698 5664 ·
2378 5678 2395 5732 ε

2378 5655 2579 5732 ρεῦσιν,
2617 5669 2719 5732 etc.
2752 5657 2814 5710 Ν.
2845 5660 2895 5710 5.
2916 5655 3246 5732 Aegiseqtt,
3271 5668 3372 5711 etc.

778 5728 853 5799 (4)
882 5730 951 5783 Δέ
976 5732 1141 5786 deest.
1173 5728 1181 5732 ’
2379 5728 2388 5732 ’

2379 5728 2388 5732 ⁷
2454 5729 2521 5799 (7)
2554 5730 2744 5798 Κύριε.
2775 5743 2878 5780 non
2916 5728 3104 5796 legitur
