4098 6318
159 358 321 415 1055
1102 366 1192 419 ΒΕ
1237 366 1510 423 TlTULlS
1549 367 1770 421 PSALM

1785 365 1994 421 OBUM.
2027 397 2096 406 ——-
2128 367 2320 420 PSAL.
2363 366 2543 423 XCIII.
3267 367 3403 421 1054

248 480 342 535 11.
367 483 473 535 Kal.
506 486 837 556 προσήλυτον
867 490 1179 556 ἐφόνευσαν.
1772 498 1816 551 Α

1126 509 1179 542 ,ν.
1772 498 1816 551 Α
1917 492 2001 544 11.
2033 490 2096 544 Ει
2126 493 2383 545 advenam
2412 491 2744 546 occiderunt.

243 574 339 628 12.
376 577 484 628 Καὶ
517 574 666 630 εἷπον
690 595 704 610 ο
739 581 851 632 υῦκ
883 582 1072 648 ὄψεται
1100 582 1302 653 Κύριος
1329 601 1340 612 ·

1915 583 1999 636 12.
2042 584 2103 636 Ει
2133 583 2382 637 dixerunt
2409 602 2420 637 :
2453 582 2569 636 Non
2596 584 2797 638 videbit
2821 579 3122 642 Dominus:

246 665 342 719 15.
374 667 506 720 Οὐδὲ
532 670 748 740 συνήσει
774 672 801 722 ὁ
828 671 958 734 Θεὸς
984 672 1076 724 τοῦ
1120 672 1330 725 Ἰακώϐ.

1255 672 1330 724 ἱ›6.
1918 675 2000 728 15.
2022 673 2202 740 Neque
2245 675 2499 745 intelliget
2525 674 2663 729 Deus
2689 674 2873 728 Jacob.

243 757 337 834 11.
370 759 561 812 Σύνετε
581 761 666 832 δὴ,
705 763 954 833 ἄφρονες,
982 767 1037 816 ὲν
1071 765 1146 834 τῷ
1171 765 1281 835 λαῷ
1304 781 1319 796 ·

1913 764 2001 816 14.
2041 764 2340 832 lutclligitc,
2375 765 2687 833 insipientes
2719 766 2770 818 in
2810 767 3035 836 populo;

241 848 336 902 15.
367 852 474 902 Καὶ
501 855 671 922 μωροὶ
695 855 842 917 ποτὲ,
876 856 1200 924 φρονήσατε.

1917 852 2004 905 15.
2040 853 2099 906 Et
2134 856 2277 908 stulti
2309 856 2616 923 aliquando.
2643 858 2832 924 sapite.

243 939 338 996 16.
385 943 442 995 '0
471 945 738 1010 φυτεύσας
760 948 818 998 τὸ
842 943 932 1010 οὖς
961 949 1078 1016 οὐχὶ
1111 947 1329 1011 ἀκούει;

1914 944 1996 996 16.
2035 943 2135 1010 Qui
2174 947 2430 1013 plantavit
2459 963 2667 1009 aurem,
2704 963 2806 1000 non
2831 949 3024 1002 audit?

243 1033 332 1085 17.
369 1035 437 1086 Ἦ
463 1037 490 1087 ὁ
520 1036 728 1099 πλάσας
751 1038 841 1089 τὸν
862 1038 1138 1108 ὀφθαλμὸν
1164 1040 1282 1107 οὐχὶ
1310 1041 1561 1091 κατανοεῖ
1585 1057 1600 1104 ;

1912 1033 1996 1087 17.
2034 1039 2139 1088 Aut
2166 1037 2256 1103 qui
2288 1038 2440 1090 tinxit
2474 1039 2712 1101 oculum,
2743 1055 2847 1091 non
2879 1040 3185 1095 considerat
3206 1042 3227 1083 τ

241 1126 335 1180 18.
375 1128 430 1180 '0
463 1130 728 1182 παιδεύων
754 1130 876 1201 ἔθνη
912 1132 1030 1200 οὐχ).
1071 1131 1311 1198 ἐλέγξας

1913 1125 1998 1178 18.
2039 1125 2140 1191 Qui
2180 1129 2403 1196 corripit
2433 1141 2636 1197 gentes,
2673 1146 2778 1182 nun
2812 1132 3039 1200 arguet?

239 1216 333 1270 19.
377 1218 432 1271 Ὀ
461 1219 723 1273 διδάσκων
752 1221 1032 1292 ἄνθρωπον
1067 1222 1297 1288 γνῶσιν;

1915 1218 1997 1269 19.
2029 1217 2128 1281 Qui
2164 1219 2316 1270 docet
2349 1221 2417 1272 ho
2443 1221 2617 1274 niuem
2653 1222 2971 1274 scientiam?

238 1307 334 1361 20.
362 1309 560 1378 Κύριος
583 1310 836 1377 γινώσκει
858 1312 980 1374 τοὺς
1002 1312 1378 1383 διαλογισμοὺς
1398 1312 1505 1367 τῶν
1533 1311 1740 1384 ἀνθρώ-

1911 1308 1999 1360 20.
2055 1309 2314 1364 Dominus
2370 1314 2471 1365 scit
2525 1314 2875 1382 cogitationes
2927 1315 3226 1380 hominum,
3260 1329 3390 1384 quo-

155 1413 326 1463 πων,
357 1400 436 1452 ὅτι
471 1403 576 1452 εἰσὶ
617 1403 853 1471 μάταιοι.

728 1421 853 1456 αιοι.
1842 1401 1985 1452 niam
2018 1418 2165 1455 nime
2200 1412 2343 1456 sunt.

235 1490 332 1543 21.
362 1493 645 1561 Μακάριος
674 1494 983 1564 ἄνθρωπος,
1018 1497 1075 1549 ὃν
1101 1496 1165 1549 ἂν
1192 1497 1503 1568 παιδεύσῃς,
1534 1496 1702 1569 Κύριε

1912 1491 1999 1543 21.
2041 1493 2236 1548 Βυοιιιε
2281 1496 2459 1558 homo,
2492 1512 2649 1564 quem
2682 1506 2735 1550 tu
2767 1500 3052 1564 erudit-ris,
3082 1498 3306 1554 Domine
3328 1517 3343 1532 ·

241 1580 338 1635 22.
366 1583 472 1634 Καὶ
512 1585 573 1634 ἐκ
602 1583 695 1636 τοῦ
727 1586 890 1655 νόμον
935 1603 1026 1637 σου
1068 1585 1277 1656 διδάξῃς
1309 1587 1484 1638 αὐτόν.

1264 1604 1277 1648 ;
1309 1587 1484 1638 αὐτόν.
1911 1583 1980 1635 22
2031 1583 2095 1636 Et
2129 1587 2192 1637 de
2218 1588 2329 1656 lege
2354 1599 2441 1641 tua
2466 1589 2714 1645 docueris
2739 1606 2882 1646 cum.

233 1672 326 1727 25.
365 1674 469 1726 Τοῦ
503 1675 736 1746 πραῧναι
769 1677 928 1729 αὐτὸν
964 1679 1053 1745 ἀφ’
1083 1677 1301 1748 ἡμερῶν
1346 1677 1595 1748 πονηρῶν

1346 1677 1595 1748 πονηρῶν
1910 1672 1981 1725 23
2035 1673 2104 1727 Ut
2137 1677 2344 1746 mitiges
2367 1680 2414 1731 ei
2451 1695 2478 1732 a
2514 1680 2704 1734 (lit’llllS
2738 1684 2890 1736 u-alis
2921 1700 2933 1736 :

238 1766 332 1818 21.
364 1766 507 1829 Ἕως
528 1761 586 1820 οὗ
620 1770 788 1838 ὸρυγῇ
816 1769 893 1838 τῷ
917 1769 1220 1838 ἁμαρτωλῷ
1253 1768 1456 1837 βόθρος.

1330 1769 1456 1836 ιρος.
1907 1763 1997 1817 24.
2026 1763 2202 1818 Donec
2226 1766 2458 1820 fodiatur
2490 1772 2754 1835 peccaturi
2781 1770 2948 1824 fovea.

235 1857 331 1910 25.
361 1859 480 1911 Ὅτι
507 1861 606 1912 οὐκ
635 1860 910 1914 ἀπώσεται
941 1861 1139 1929 Κύριος
1163 1861 1251 1914 τὸν
1285 1861 1407 1914 λαὸν
1435 1861 1595 1914 αὑτοῦ
1621 1877 1632 1886 ⁸
1772 1840 1811 1892 Β

1772 1840 1811 1892 Β
1909 1855 1997 1909 25.
2035 1855 2170 1921 Quia
2212 1863 2324 1910 unn’
2357 1860 2571 1927 repellet
2607 1859 2864 1916 Dominus
2898 1864 3100 1924 pleliem
3139 1879 3328 1929 suam;

237 1947 333 2000 26.
371 1948 479 2000 Καὶ
510 1949 608 2019 τὴν
636 1950 996 2020 κληρονομίαν
1025 1951 1185 2003 αὐτοῦ
1217 1952 1314 2002 οὐκ
1339 1950 1738 2020 ἐγκαταλείψει.

1586 1950 1738 2020 είψει.
1908 1946 1997 1998 26.
2030 1946 2092 1999 Et
2128 1950 2491 2003 Inereditatem
2525 1967 2677 2004 suam
2723 1969 2827 2006 non
2853 1953 3204 2021 derelinqm-t.

236 2039 331 2093 27.
371 2041 512 2105 Ἕως
545 2035 605 2094 οὗ
637 2042 946 2114 δικαιοσύνη
983 2044 1285 2114 ἐπιστρέψῃ
1317 2046 1394 2106 εἰς
1432 2044 1631 2113 κρίσιν.

1905 2038 1992 2090 27.
2027 2039 2391 2109 Quoadusquc
2414 2043 2621 2109 justitia
2650 2056 2989 2099 convertetur
3016 2047 3065 2098 in
3087 2047 3346 2114 judicium
3381 2069 3393 2104 :

233 2130 328 2186 28.
356 2133 461 2188 Καὶ
486 2134 730 2186 ὲνὸιιενοι
757 2134 923 2203 αὐτῆς
948 2134 1144 2195 πάντες
1167 2136 1213 2185 οἱ
1237 2135 1408 2197 εὐοείς
1432 2137 1495 2205 τῇ
1522 2134 1734 2204 καρδίᾳ.

1903 2131 1991 2184 28.
2027 2130 2092 2185 Ει
2137 2133 2229 2202 qui
2280 2134 2433 2203 juxta
2477 2135 2622 2188 illam
2666 2151 2888 2204 omnes,
2946 2139 3039 2208 qui
3078 2149 3223 2194 recto
3272 2156 3399 2197 sunt

1835 2225 2018 2277 corde.

241 2303 334 2357 29.
368 2304 461 2368 Τίς
491 2305 849 2378 ἀναστήσεταί
901 2325 986 2360 μοι
1015 2308 1106 2360 ἐπὶ
1138 2307 1584 2378 πονηρευομένοις
1614 2305 1734 2377 [πο-

1910 2315 1999 2369 29.
2038 2315 2170 2382 Quis
2201 2327 2492 2390 consurget
2526 2320 2658 2375 mihi
2683 2321 2945 2378 adversus
2975 2326 3373 2396 malignantes?

159 2413 233 2467 νη
242 2397 587 2470 ρευομένους]
608 2417 622 2463 ;

1282 2536 1653 2591 ATHANASII
1694 2536 2275 2597 INTERPRETATIO.

241 2695 332 2748 11.
359 2695 467 2746 Kal.
489 2692 594 2745 τῶν
619 2695 863 2764 πενήτων
886 2694 1276 2746 κατεδυνάστευ
1287 2709 1378 2744 σαν

1913 2696 1997 2750 11.
2029 2695 2093 2750 Et
2117 2713 2377 2767 pauperes
2407 2700 2643 2767 potentia
2671 2717 2767 2758 sua
2799 2715 3201 2773 oppresserunt.

241 2783 333 2837 12.
359 2783 432 2835 Οὐ
469 2788 699 2836 ποιεῖται
728 2786 982 2857 πρόνοιαν
1017 2784 1123 2837 τῶν
1151 2783 1469 2856 ἀνθρώπων.

1188 2783 1469 2856 νορὼπων.
1912 2786 1996 2839 12.
2037 2785 2152 2840 Non
2185 2791 2441 2858 prospicit
2477 2791 2804 2848 hominibus.

239 2875 334 2929 13.
369 2875 501 2928 Οὐδὲ
534 2877 733 2930 νοεῖτά
762 2879 1096 2946 γεγενημένα
1133 2877 1225 2944 (1).

1916 2879 1997 2933 15.
2030 2878 2214 2948 Neque
2243 2898 2362 2950 qua:
2394 2883 2534 2938 facta
2570 2895 2695 2938 sunt
2719 2887 2905 2940 noscit.

241 2963 330 3018 14.
364 2965 630 3035 Νοήσατε,
660 2968 708 3018 οἱ
740 2967 988 3032 λέγοντες
1014 2964 1088 3033 (2)
1117 2959 1253 3014 εἶναι
1287 2961 1436 3015 Θεόν.
1759 3013 1801 3071 C

1759 3013 1801 3071 α
1911 2971 1996 3024 14.
2036 2971 2339 3043 lntelligite,
2365 2976 2602 3032 dicentes
2637 2995 2740 3032 non
2766 2995 2884 3033 esse
2912 2979 3091 3035 Deum.

241 3057 328 3110 15.
356 3059 463 3110 Kal
485 3060 530 3110 οἱ
556 3058 822 3120 ἀσύνετοί,
841 3057 1170 3128 ἀνανήψατε.
1762 3057 1801 3071 ’⁸

1762 3057 1801 3071 ’⁸
1908 3062 1992 3116 15.
2030 3062 2090 3115 Et
2129 3065 2461 3132 insipientes.
2489 3070 2801 3138 resipiscite.

244 3150 333 3204 16.
381 3151 437 3203 '0
470 3152 753 3221 ἰασάμενος
794 3153 881 3205 τὸν
929 3152 1108 3205 δοῦλον
1143 3151 1234 3204 τοῦ
1287 3148 1604 3221 ἀρχιερέως,
1647 3149 1734 3238 ὅτε

1907 3153 1989 3208 16.
2047 3154 2144 3220 Qui
2196 3157 2314 3211 solo
2369 3167 2510 3212 tactu
2575 3163 2785 3215 sanavit
2849 3180 3062 3220 servum
3113 3167 3393 3238 principis,

165 3243 378 3311 Πέτρος
412 3243 680 3313 ἀπέκοψεν
702 3243 862 3296 αὐτοῦ
895 3243 954 3296 τὸ
978 3243 1134 3295 ὠτίον
1158 3242 1312 3312 μόνον
1330 3241 1622 3311 ἁψάμενος,
1642 3235 1735 3289 καὶ

1835 3246 2049 3315 quando
2073 3246 2265 3302 Petrus
2303 3249 2349 3302 ei
2391 3250 2619 3306 abscidit
2665 3255 2962 3308 auriculam
2989 3258 3054 3321 ¹⁶,
3085 3275 3210 3312 num
3260 3262 3391 3330 ipse,

166 3332 250 3399 ('5)
281 3332 441 3395 αὐτὸς
473 3334 499 3386 ὁ
533 3335 818 3404 ἰασάμενος
835 3331 941 3403 ἆρα
971 3335 1070 3385 οὐκ
1101 3331 1322 3395 ἀκούει;
1437 3351 1440 3356 ·

1145 3331 1322 3395 uouet;
1437 3351 1440 3356 ·
1835 3338 1925 3406 qui
1962 3354 2142 3392 aurem
2174 3342 2402 3405 sanavit,
2442 3358 2546 3396 non
2577 3345 2763 3398 audit?

245 3422 332 3473 17.
387 3422 442 3472 ὐ
470 3422 560 3473 τοῦ
605 3425 666 3474 ἐκ
685 3423 946 3491 γεννητῆς
970 3421 1170 3489 τυφλοῦ
1203 3419 1279 3488 τῷ
1319 3419 1430 3488 ἰδίῳ
1462 3417 1733 3487 πτύσματι

1906 3431 1990 3484 17.
2026 3431 2128 3496 Qui
2176 3436 2362 3490 oculos
2409 3436 2533 3490 caeci
2570 3452 2600 3490 a
2655 3438 2932 3493 nativitatc
2976 3441 3193 3508 proprio
3241 3453 3395 3512 sputo

166 3514 302 3576 τοὺς
330 3512 634 3583 ὀφθαλμοὺς
666 3514 871 3577 πλάσας
901 3514 972 3584 (4)
997 3531 1010 3579 ἶ

589 3533 634 3576 ac,
666 3514 871 3577 πλάσας
901 3514 1010 3584 (4);
1835 3518 2090 3576 formavit
2124 3523 2207 3575 "i

248 3605 337 3671 18,
370 3607 453 3660 19.
497 3608 552 3660 Ὀ
586 3608 805 3661 ἐνοικῶν
839 3609 916 3671 είς
946 3608 1044 3669 τὰς
1079 3606 1298 3677 καρδίας
1324 3604 1429 3657 τῶν
1457 3601 1734 3656 πιστευόν-

1908 3613 1994 3677 18,
2033 3615 2116 3668 19.
2153 3613 2254 3680 Qui
2288 3615 2552 3671 inhabitat
2581 3618 2631 3671 in
2666 3620 2920 3674 cordibus
2966 3622 3296 3676 credentium
3341 3626 3391 3678 in

167 3715 280 3750 των
299 3699 376 3760 είς
398 3698 577 3764 αὐτὸν,
606 3701 696 3752 καὶ
723 3700 985 3752 διδάσκων
1017 3699 1211 3760 αὐτοὺς
1242 3697 1300 3749 τὸ
1335 3696 1543 3765 θέλημα
1570 3691 1732 3746 αὑτοῦ

1834 3721 1978 3770 eum,
2016 3715 2068 3760 et
2110 3708 2264 3761 docet
2298 3709 2443 3777 ipsos
2493 3710 2819 3765 voluntatem
2852 3728 3028 3776 suam,
3079 3715 3396 3784 redarguere

167 3791 274 3844 οὐκ
304 3791 415 3860 ἔχει
456 3791 665 3860 ἐλέγξαι
696 3793 840 3861 ὑμᾶς
870 3795 926 3845 ὲν
950 3795 1014 3862 τῇ
1048 3792 1228 3863 ἡμέρᾳ
1265 3791 1363 3859 τῆς
1396 3790 1659 3856 κρίσεωςς

1050 3792 1228 3863 ἡμέρᾳ
1265 3791 1363 3859 τῆς
1396 3790 1659 3856 κρίσεωςς
1838 3798 2080 3866 nequibit
2116 3813 2208 3853 vos
2235 3799 2287 3852 in
2329 3801 2668 3868 diejudicii?

244 3882 335 3935 20.
365 3876 486 3935 Ὅτι
509 3884 798 3953 ἀνωφελεῖς
827 3887 962 3938 εἰσιν
987 3887 1040 3937 al
1075 3883 1250 3951 σοφίαι
1277 3882 1383 3935 τῶν
1415 3879 1732 3949 ἀνθρώπων.

1663 3897 1732 3932 ον.
1908 3887 1996 3940 20.
2038 3887 2301 3953 Quouiam
2334 3891 2550 3945 inutiles
2581 3902 2704 3945 sunt
2747 3894 2996 3948 humana:
3027 3897 3281 3952 scientia.

242 3975 329 4027 21.
353 3975 448 4027 Διά
471 3976 565 4044 τῆς
587 3976 803 4047 χάριτός
839 3993 929 4028 σου
953 4015 966 4039 ,
1003 3976 1060 4027 ὃν
1091 3974 1154 4027 ἂν
1182 3971 1473 4044 παιδεύσῃς
1502 3969 1735 4039 ἐπιγνῶ-

1904 3978 1994 4031 21.
2027 3977 2196 4043 Quem
2229 3995 2322 4048 per
2358 3982 2582 4048 gratiam
2615 3993 2760 4035 tuam
2801 3985 3066 4041 erudieris
3099 3989 3163 4041 ad
3195 4003 3397 4057 cogno-

168 4084 263 4120 ναι
293 4067 362 4120 τὰ
397 4068 790 4137 προστάγματά
822 4085 912 4119 σου
931 4109 946 4131 ,

846 4085 912 4119 που
931 4109 946 4131 ,
1838 4071 2031 4126 scenda
2062 4079 2326 4140 prmcepta
2354 4082 2464 4134 tua,

249 4158 338 4211 22.
365 4158 601 4222 Διδάξεις
629 4159 703 4228 (5)
739 4159 896 4211 αὑτὸν
921 4158 1184 4211 ἐπιτελεῖν
1212 4155 1367 4209 αὑτά.

1282 4155 1367 4209 τά.
1904 4162 1993 4215 22.
2029 4161 2252 4216 Docebis
2279 4179 2402 4217 eum
2442 4165 2626 4218 eadem
2660 4165 2899 4233 implere.

248 4250 336 4303 25.
380 4249 486 4302 Τοῦ
509 4250 606 4320 τὴν
633 4252 851 4321 εἰρήνην
882 4267 973 4302 σου
1014 4249 1194 4302 δοῦναι
1229 4250 1283 4300 ὲν
1310 4249 1374 4317 τῇ
1418 4245 1611 4316 καρδίᾳ
1636 4244 1734 4298 αύ-

1434 4245 1611 4316 ιαρδίᾳ
1636 4244 1734 4298 αὺ-
1905 4253 1996 4308 25.
2035 4253 2100 4308 Ut
2127 4255 2221 4309 des
2252 4269 2434 4324 pacem
2471 4265 2616 4309 tuam
2645 4257 2698 4310 in
2726 4259 2886 4314 corde
2915 4258 3052 4328 ejus.

167 4341 267 4395 ’τοῦ
307 4340 377 4408 (6)
389 4381 400 4393 .
1768 4355 1811 4410 D

246 4432 336 4487 21.
363 4433 504 4496 Ἕως
529 4424 588 4484 οὗ
632 4432 693 4485 τὸ
720 4430 932 4486 αἰώνιον
964 4431 1072 4504 πῦρ
1113 4431 1327 4500 δέξηται
1355 4431 1442 4483 τὸν
1468 4428 1731 4483 διάδολον.

1593 4429 1731 4483 ολον.
1901 4432 1991 4488 24.
2019 4433 2199 4486 Donec
2224 4441 2458 4489 aeternus
2490 4435 2629 4506 ignis
2661 4439 2892 4506 excipiat
2919 4438 3207 4494 diabolum.

245 4525 331 4578 25.
369 4525 486 4577 Ὀτι
520 4525 616 4577 οὐκ
644 4524 920 4598 ἀπορῤίψῃ
949 4525 1150 4597 Κύριος
1175 4524 1264 4576 τὸν
1286 4524 1411 4576 λαὸν
1444 4522 1626 4574 αὑτοῦ.

1899 4527 1988 4580 25.
2056 4524 2321 4591 Quoniam
2377 4545 2482 4583 non
2543 4530 2759 4598 abjiciet
2811 4531 3073 4589 Dominus
3137 4535 3391 4604 populum

1832 4633 2008 4672 suum.

246 4703 332 4757 26.
366 4705 476 4757 Καὶ
506 4706 628 4768 τοὺς
652 4704 840 4769 ἁγίους
872 4703 1034 4757 αυτοῦ
1066 4705 1125 4756 οὐ
1157 4703 1373 4773 παρίδῃ.

1332 4722 1373 4773 ῃ.
1901 4707 1988 4761 26.
2031 4706 2097 4762 Et
2123 4720 2340 4764 sanctos
2372 4725 2500 4764 suos
2530 4726 2638 4764 non
2673 4713 2950 4782 despiciet.

243 4798 331 4850 27.
365 4798 507 4860 Ἕως
529 4792 589 4852 οὗ
609 4801 636 4851 ὁ
661 4797 785 4860 Υἱὸς
806 4796 898 4848 τοῦ
924 4795 1056 4848 Θεοῦ
1086 4796 1211 4866 ἔλθῃ
1240 4797 1420 4864 κρῖναι
1443 4793 1537 4863 τὴν
1561 4795 1736 4847 οἰκον-

1903 4797 1992 4850 27.
2027 4797 2515 4882 ρυοοόυεηυῇῡοί
2546 4799 2714 4856 Filius
2748 4805 2924 4857 veniet
2956 4804 3019 4858 ad
3044 4805 3390 4874 judicamlum

173 4890 363 4961 μένην.

1834 4888 2113 4940 mundum.

242 4981 331 5035 28.
369 4982 475 5034 Καὶ
509 4982 731 5052 πλησίον
762 4983 833 5052 (7)
859 4983 1020 5035 αὑτοῦ
1047 4982 1242 5042 πάντες
1280 4981 1328 5032 οἱ
1379 4979 1519 5047 ἆγιοι
1549 4982 1732 5032 αὐτου.

1445 4997 1519 5032 ἰοι
1549 4982 1732 5032 αὐτου.
1903 4977 1990 5031 28.
2029 4976 2090 5030 Et
2114 4978 2266 5046 juxta
2303 4997 2425 5034 eum
2459 4997 2647 5036 omnes
2678 4986 2848 5038 sancti
2881 4987 3063 5055 ipsius.

243 5073 332 5146 2f}.
370 5073 464 5136 Τίς
492 5075 555 5126 ἂν
582 5074 765 5146 ἕτερος
795 5071 923 5145 ἦλθε
958 5073 1261 5144 πολεμῆσαι
1293 5073 1432 5126 κατά
1454 5070 1560 5122 τῶν
1587 5074 1738 5124 ἐναν-

1902 5070 1992 5124 29.
2025 5070 2281 5135 Quisnam
2314 5075 2452 5128 alius
2487 5077 2662 5130 veniet
2707 5077 2769 5130 ad
2818 5079 3162 5147 pugnandum
3205 5088 3391 5134 contra

171 5165 304 5216 τίων
335 5165 612 5234 δυνάμεων

1836 5161 2174 5218 adversarius
2215 5167 2550 5233 potestates?

248 5280 290 5316 ὀ
329 5275 458 5331 Luc.
503 5293 639 5341 xxii,
669 5279 756 5341 50,
789 5280 877 5335 51.
958 5280 996 5310 ⁸⁷
1023 5279 1179 5334 Joan.
1215 5297 1291 5345 Ix,
1327 5281 1380 5344 6,
1415 5281 1460 5333 7.

1167 5394 1414 5455 ddenda
1449 5400 1506 5453 et
1539 5387 1908 5469 corrigenda
1940 5406 2015 5451 ex
2047 5393 2184 5453 cod.
2226 5395 2424 5457 Vatic.

241 5540 318 5604 (1)
344 5539 624 5607 Γινόμενα.
1906 5539 1982 5606 (4)
2021 5544 2253 5605 Πλασας,
2279 5542 2351 5604 ὡς
2388 5542 2686 5612 νομίζεται,
2721 5539 2818 5592 οὐκ
2849 5540 3044 5609 Egone};

241 5609 313 5673 (2)
344 5610 406 5680 Οἱ
443 5608 516 5678 μὴ
544 5610 808 5678 λέγοντες.
1910 5614 1984 5680 (5)
2030 5615 2133 5664 Καὶ
2167 5613 2391 5675 διδάξεις
2413 5654 2425 5673 ,
2453 5608 2566 5666 etc.

243 5681 314 5752 (5)
351 5679 423 5732 Τὸ
448 5680 604 5734 ὠτίον
626 5680 787 5734 αὑτοῦ
817 5679 1090 5751 ἁψάμενος
1120 5683 1276 5752 μόνον
1302 5683 1489 5734 ἰάσατο
1523 5683 1581 5734 τὸ
1616 5680 1724 5746 οὖς,
1907 5685 1981 5745 (6)
2016 5684 2217 5735 Αὐτῶν.

173 5750 279 5814 xai‘,
313 5757 414 5806 etc.
866 5746 874 5750 ⁷
934 5746 943 5751 ’
1121 5746 1131 5752 ”

1908 5751 1982 5820 (7)
2016 5755 2128 5808 Καὶ
2160 5754 2389 5825 πλησίοι,
2424 5763 2550 5815 elo,
2584 5754 2628 5804 οἱ
2661 5751 2832 5813 soon;
2857 5752 2919 5818 τῇ
2957 5746 3167 5818 καρδία.
