4066 6318
709 351 848 405 1055
1552 354 1608 408 S.
1648 355 2014 409 ATHANASII
2058 355 2208 411 ΟΡΡ.
2251 357 2315 409 ΡΑ

2341 355 2429 412 RS
2467 357 2554 413 lll.
2597 391 2662 401 —
2688 360 3101 417 EXEGETICA.
3821 371 3943 426 1056

778 463 865 518 50.
903 463 1009 518 Aut
1037 464 1160 534 quis
1208 466 1370 519 stabit
1404 481 1613 520 mecum
1663 468 1923 523 adversus
1981 482 2266 539 operantes
2298 485 2315 532 ί

2335 519 2341 532 ,
2442 475 2529 528 50.
2562 477 2629 528 Ἣ
2663 475 2746 538 τίς
2777 478 3301 547 συμπαραστήσεταί
3335 497 3423 550 μοι
3453 482 3543 534 ἐπὶ
3575 487 3691 547 τοῖς
3727 485 3941 555 ἐργαζο-

706 554 1084 623 iniquitatem?

2380 564 2560 631 μένοις
2592 564 2689 635 τὴν
2724 567 2982 636 ἀνομίανς

780 649 866 702 51.
901 647 1014 702 Nisi
1050 651 1176 718 quia
1214 650 1477 707 Dominus
1512 654 1720 723 adjuvit
1765 672 1886 711 me:

2447 653 2537 708 51.
2567 655 2630 706 Et
2666 654 2739 725 μὴ
2767 657 2848 707 ὅτι
2880 656 3079 727 Κύριος
3108 657 3370 729 ἐϐοήθησέ
3402 675 3520 728 μοι’

783 739 870 794 52.
927 740 1094 796 Paulo
1145 743 1328 800 minus
1379 745 1680 802 habitasset
1727 749 1782 803 in
1833 749 2048 804 inferno
2095 752 2274 806 anima

2448 746 2536 801 52.
2588 747 2745 818 Παρὰ
2783 746 2955 818 βραχὺ
3014 749 3307 821 παρῴκησε
3335 751 3413 821 τῷ
3445 751 3544 822 ᾄδῃ
3574 754 3609 824 ἡ
3644 754 3795 826 ψυχή
3835 773 3942 825 μου.

706 847 849 886 mea.

780 926 867 978 55.
914 924 967 979 Si
995 926 1243 980 dicebam
1273 944 1285 980 :
1319 927 1497 983 Motus
1525 938 1611 985 est
1637 946 1734 1000 pes
1766 947 1956 987 meus:

2449 925 2538 978 55.
2573 927 2634 977 Εἰ
2661 925 2844 994 ἔλεγον
2865 943 2877 956 ·
2908 927 3231 982 Σεσάλευται
3256 930 3284 982 6
3307 930 3438 994 ποῦς
3468 949 3566 1002 μου
3595 950 3610 964 ·

779 1018 866 1071 54.
900 1017 1262 1072 Misericordia
1301 1029 1411 1080 tua.
1445 1022 1688 1085 Domine,
1713 1024 2005 1093 adjuvabat
2028 1043 2133 1081 me.

1961 1034 2005 1080 λι
2028 1043 2133 1081 τηρ,
2451 1016 2539 1068 54.
2573 1017 2644 1069 Τὸ
2673 1017 2821 1082 ἔλεός
2849 1035 2962 1084 σου,
2993 1020 3185 1092 Κύριε,
3215 1020 3428 1092 ἐϐοήθει
3461 1040 3567 1093 μοι.

779 1109 868 1163 55.
899 1107 1204 1163 Secundum
1238 1112 1636 1166 multitudinem
1670 1113 1918 1168 dolorum
1956 1131 2197 1170 meorum
2221 1118 2274 1171 in

2451 1108 2540 1162 55.
2572 1109 2728 1161 Κατά
2748 1109 2810 1161 τὸ
2843 1110 3046 1181 πλῆθος
3076 1113 3183 1166 τῶν
3210 1113 3409 1166 ὀδυνῶν
3436 1133 3537 1185 μου
3565 1117 3624 1168 ἐν
3761 1118 3947 1187 καρδίᾳ

711 1203 874 1256 corde
904 1219 1043 1268 meo,
1096 1205 1498 1260 consolationes
1548 1215 1652 1260 tua:
1706 1208 2118 1263 laetiticaverunt
2151 1211 2273 1264 ani-

2382 1217 2482 1270 μου
2511 1240 2524 1256 .
2559 1203 2614 1253 αἱ
2651 1200 3025 1273 παρακλήσεις
3069 1219 3162 1255 σου
3192 1201 3465 1275 εὔφραναν
3497 1205 3591 1277 τὴν
3617 1207 3801 1277 ψυχήν
3835 1226 3944 1277 μευ.

711 1309 855 1346 mam
888 1311 1082 1348 meam.

782 1386 868 1440 56.
897 1385 1150 1455 Nunquid
1180 1387 1416 1443 adhaeret
1448 1390 1543 1444 tibi
1572 1392 1726 1446 sedes
1753 1391 2076 1460 iniquitatis,

2451 1369 2540 1423 56.
2577 1365 2668 1440 Μὴ
2706 1371 3101 1442 συμπροσέστω
3129 1389 3209 1426 σοι
3235 1373 3419 1444 θρόνος
3443 1376 3706 1445 ἀνομίας,

780 1477 868 1532 57.
895 1477 996 1543 Qui
1027 1478 1182 1549 [iugis
1210 1480 1447 1532 laborem
1482 1481 1533 1532 in
1562 1482 1876 1550 praecepto?

2450 1462 2537 1514 57.
2581 1463 2639 1515 '0
2668 1463 2926 1518 πλάσσων
2952 1465 3118 1518 κόπον
3152 1467 3243 1518 ἐπὶ
3273 1465 3633 1537 πρόσταγμας

781 1569 869 1624 58.
898 1569 1206 1639 Οειριιὼυιιι
1236 1571 1288 1623 in
1315 1572 1550 1624 animam
1579 1573 1710 1639 justi
1739 1591 1750 1625 :

2453 1555 2541 1609 58.
2576 1555 2946 1626 Θηρεύσουσιν
2980 1558 3071 1610 ἐπὶ
3098 1556 3271 1628 ψυχὴν
3298 1557 3507 1612 δικαίου
3527 1578 3539 1589 ·

782 1659 871 1712 59.
906 1657 971 1712 Et
998 1660 1314 1728 sanguinem
1352 1660 1695 1713 innocentem
1728 1660 2188 1714 condemnabunt.

1960 1660 2188 1714 nanum.
2451 1645 2538 1698 59.
2583 1649 2692 1700 Καὶ
2724 1643 2862 1716 αἷμα
2897 1650 3071 1703 ἀθῶον
3097 1651 3566 1706 καταδικάσονται.

781 1747 870 1802 40.
913 1747 976 1800 Et
1008 1747 1179 1800 factus
1216 1757 1298 1800 est
1329 1749 1457 1800 mihi
1490 1745 1752 1801 Dominus
1788 1748 1839 1800 in
1872 1747 2142 1817 refugium
2172 1765 2185 1801 :

2172 1765 2185 1801 ς
2450 1736 2538 1790 40.
2573 1737 2681 1789 Καὶ
2712 1739 2927 1805 ἐγένετό
2959 1758 3048 1810 μοι
3072 1741 3274 1813 Κύριος
3305 1744 3386 1805 εἰς
3417 1746 3769 1814 καταφυγήν

782 1834 869 1884 41.
905 1831 970 1883 Ει
1001 1831 1142 1884 Deus
1166 1833 1385 1886 meusin
1419 1833 1748 1902 adjutorium
1774 1833 1887 1902 spei
1912 1848 2062 1887 meae.

2452 1829 2542 1882 41.
2577 1831 2687 1883 Καὶ
2710 1833 2737 1884 6
2768 1831 2901 1895 Θεός
2943 1851 3042 1903 μου
3069 1835 3148 1897 είς
3182 1833 3373 1905 βοηθὸν
3403 1835 3617 1898 ἐλπίδος
3650 1855 3772 1906 μου.

783 1924 872 1978 42.
909 1923 974 1978 Et
1003 1926 1187 1978 reddet
1222 1927 1329 1980 illis
1356 1925 1619 1981 Dominus
1645 1925 1995 1999 [secundum]
2024 1927 2280 1997 iniquita-
2308 1912 2353 1971 Β

2340 1915 2353 1968 ι
2450 1920 2538 1972 42.
2580 1922 2686 1973 Καὶ
2729 1922 2995 1978 ἀποδώσει
3031 1926 3211 1989 αὐτοῖς
3261 1925 3464 1996 Κύριος
3503 1925 3599 1996 τὴν
3638 1915 3946 1998 [κατὰξτὴν]

713 2024 820 2068 tem
855 2015 1120 2083 ipsorum.

2385 2013 2613 2081 ἀνομίαν
2652 2013 2849 2070 αὐτῶν.

782 2106 870 2158 45.
909 2106 982 2180 (a)
1018 2106 1082 2158 Et
1107 2107 1402 2160 secundum
1431 2107 1689 2161 malitiam
1720 2123 1907 2162 eorum
1938 2126 1951 2164 :

1879 2124 1907 2162 n
1938 2126 1951 2164 :
2455 2103 2543 2157 45.
2582 2106 2691 2156 Καὶ
2721 2105 2861 2157 κατὰ
2892 2105 2989 2176 τὴν
3019 2105 3280 2176 πονηρίαν
3310 2105 3485 2159 αὐτῶν

781 2195 870 2249 44.
908 2195 1188 2265 Disperdet
1218 2197 1338 2252 illos
1366 2198 1627 2254 Dominus
1654 2198 1796 2256 Deus
1832 2198 2066 2272 [noster]

2457 2195 2544 2248 44.
2594 2197 2839 2264 Ἀφανιεί
2866 2197 3064 2260 αὐτοὺς
3096 2196 3297 2268 Κύριος
3324 2198 3352 2250 ὸ
3378 2196 3509 2260 Θεὸς

782 2416 858 2486 (a)
884 2415 1039 2471 Vers.
1069 2417 1157 2478 45,
1189 2417 1276 2480 44,
1306 2432 1447 2470 vers.
1480 2432 1643 2469 unus.

1827 2675 2006 2731 ATHA
2020 2675 2200 2730 NASII
2235 2674 2823 2732 INTERPRETATIO.

778 2854 866 2909 50.
895 2853 1002 2908 Aut
1034 2853 1155 2925 quis
1183 2854 1314 2909 milii
1340 2870 1494 2926 opem
1545 2855 1677 2910 feret
1726 2864 1917 2912 contra
1953 2855 2269 2912 immundos

2451 2857 2538 2910 50.
2567 2858 2640 2909 Ἣ
2666 2858 2748 2920 τίς
2779 2855 3226 2911 συναντελάϐεταί
3252 2855 3326 2927 (1)
3360 2872 3451 2926 μοι
3477 2856 3572 2908 ἐπὶ
3617 2857 3687 2910 τὰ
3723 2857 3949 2929 πνεύμα-

712 2948 935 3018 Spiritus
961 2948 984 3001 ?

2377 2967 2447 3004 τα
2481 2950 2765 3022 ἀκάθαρτα
2785 2967 2799 3016 ;

781 3041 870 3095 51.
899 3037 1010 3092 Nisi
1039 3038 1177 3094 Deus
1204 3037 1298 3092 Dei
1327 3037 1497 3090 Filius
1525 3037 1824 3106 adjuvisset
1857 3053 1963 3094 me.

2451 3043 2538 3096 51.
2576 3043 2639 3095 Et
2674 3043 2748 3114 μὴ
2775 3045 2804 3096 6
2838 3043 2969 3105 Θεὸς
3003 3041 3098 3094 τοῦ
3127 3039 3261 3093 Θεοῦ
3299 3040 3565 3112 ἐϐοήθησέ
3596 3061 3710 3113 μοι.

780 3132 868 3186 52.
903 3131 1070 3185 Paulo
1120 3132 1299 3183 minus
1334 3129 1753 3198 permansissem
1807 3131 1863 3184 in
1919 3140 2097 3186 morte
2150 3148 2276 3201 pec-

2455 3129 2541 3183 52,
2574 3130 2709 3201 Παρ’
2745 3131 2921 3198 ὀλίγον
2951 3130 3277 3200 ἐναπέμεινα
3305 3129 3381 3200 τῷ
3404 3131 3623 3202 Θανάτῳ
3649 3132 3752 3204 τῆς
3777 3133 3945 3204 ἁμαρ-

715 3225 841 3279 cati.
2381 3216 2522 3280 τίας.

785 3315 871 3368 55.
907 3312 962 3368 Si
991 3312 1234 3366 videbam
1281 3328 1366 3366 me
1415 3313 1589 3382 ipsum
1632 3313 1686 3366 in
1728 3312 2046 3377 tentatione,
2079 3321 2134 3368 et
2175 3314 2283 3368 cla-
2308 3281 2352 3341 C

2340 3283 2352 3341 Ξ
2451 3310 2537 3363 55.
2576 3310 2638 3362 Εἰ
2669 3309 2896 3362 ἔϐλεπον
2938 3309 3126 3364 ἐαυτὸν
3161 3311 3550 3382 πειραζόμενον
3575 3351 3590 3375 ,
3647 3312 3746 3364 καὶ
3791 3309 3946 3363 ἐϐόων

709 3407 925 3461 mabam
964 3406 1028 3459 ad
1065 3416 1133 3459 te.

1065 3416 1133 3459 te.
2386 3400 2522 3472 πρὸς
2558 3402 2634 3454 σέ.

781 3499 869 3552 54.
908 3497 1018 3550 Nisi
1046 3497 1134 3549 Dei
1171 3495 1339 3549 Filius
1368 3495 1572 3564 adjuvit
1607 3510 1710 3548 me.

2453 3493 2540 3546 54.
2574 3494 2633 3545 El
2670 3493 2745 3564 (2)
2786 3493 2858 3566 μὴ
2890 3495 2917 3546 6
2941 3493 3068 3557 Υίὸς
3095 3493 3188 3547 τοῦ
3227 3494 3360 3547 Θεοῦ
3392 3492 3662 3565 ἐϐοήθησέ
3687 3507 3811 3564 μοι.

784 3589 871 3642 55.
897 3587 1202 3645 Secundum
1229 3588 1624 3641 multitudinem
1658 3588 2092 3644 adversariarum
2134 3597 2284 3659 pote-

2454 3584 2541 3637 55.
2578 3583 2732 3637 Κατὰ
2775 3585 2834 3637 τὸ
2876 3585 3075 3654 πλῆθος
3113 3586 3218 3638 τῶν
3252 3587 3506 3641 ἐναντίων
3538 3586 3822 3655 δυνάμεων
3850 3585 3945 3637 τῶν

715 3691 913 3738 statum
955 3682 1349 3750 insurgentium
1401 3681 1453 3735 in
1497 3681 1659 3736 corde
1712 3697 1830 3734 meo
1876 3681 2281 3749 superabunda—

2385 3677 2826 3745 ἐπανισταμένων
2868 3679 2924 3728 ἐν
2956 3680 3018 3747 τῇ
3050 3677 3244 3748 καρδίᾳ
3293 3695 3392 3749 μου
3425 3678 3946 3748 ὑπερεπερίσσευσεν

714 3773 790 3828 vit
834 3777 1002 3844 gratia
1056 3783 1165 3835 tua,
1218 3784 1271 3827 et
1303 3774 1529 3842 ejiciens
1579 3773 1794 3826 illorum
1836 3773 2190 3841 cogitationes
2228 3773 2283 3825 in

2385 3771 2417 3838 ἡ
2441 3768 2598 3838 χάρις
2632 3786 2746 3832 σου,
2779 3769 2872 3821 καὶ
2899 3769 3141 3822 ἐκϐαλὼν
3162 3769 3256 3833 τὰς
3284 3769 3505 3822 ἐκείνων
3528 3768 3854 3840 ἐνθυμήσεις
3876 3768 3944 3828 εἰς

716 3868 954 3922 laetitiam
989 3877 1042 3917 et
1063 3865 1316 3933 gaudium
1364 3866 1598 3918 animam
1635 3880 1809 3918 meam
1845 3865 2129 3918 convertit.

2385 3862 2722 3933 εὐφροσύνην
2757 3863 2850 3914 καὶ
2881 3860 3052 3932 χαρὰν
3091 3860 3350 3931 μετέϐαλε
3377 3860 3472 3931 τὴν
3501 3861 3678 3931 ψυχήν
3711 3877 3833 3930 μου.

793 3957 880 4012 56.
911 3955 1162 4025 Nunquid
1212 3957 1481 4011 inhabitat
1522 3957 1575 4011 in
1612 3958 1775 4013 corde
1823 3972 1945 4012 meo
1986 3958 2283 4012 dominatio

2453 3955 2542 4009 56.
2575 3956 2665 4024 Μὴ
2701 3954 2976 4008 ἐνοικείτω
3003 3955 3058 4006 ἐν
3089 3955 3155 4024 τῇ
3221 3953 3382 4026 αρδίᾳ
3428 3969 3530 4023 μου
3554 3952 3842 4006 δυναστεία
3862 3949 3943 4002 τοῦ

716 4049 937 4105 diaboli.

2383 4046 2650 4102 διαϐόλου.

787 4141 875 4196 57.
907 4138 1104 4195 Volens
1141 4139 1304 4194 vitam
1357 4139 1638 4194 instituere
1685 4141 1984 4195 secundum
2019 4138 2115 4194 Dei
2147 4155 2282 4208 pra:-

2455 4137 2542 4191 57.
2585 4138 2640 4188 '0
2661 4137 2802 4190 κατὰ
2829 4137 2888 4188 τὸ
2918 4136 2992 4206 (5)
3021 4137 3347 4208 πρόσταγμα
3371 4134 3464 4188 τοῦ
3493 4135 3629 4188 Θεοῦ
3661 4136 3940 4188 ἀσκεῖσθαι

717 4243 889 4302 cepta.

2394 4229 2726 4300 βουλόμενος.

785 4325 872 4378 58.
908 4323 1215 4392 Captabunt
1264 4321 1408 4376 enim
1460 4321 1759 4389 daemones,
1812 4321 1859 4376 si
1915 4320 2034 4375 ﬁeri
2083 4329 2277 4390 potest,

2452 4319 2538 4373 58.
2577 4317 2652 4388 Θη
2665 4318 2912 4388 ρεύσουσι
2939 4317 3047 4388 γὰρ
3073 4318 3121 4370 οί
3155 4315 3402 4389 δαίμονες
3427 4358 3440 4382 ,
3484 4320 3533 4370 εί
3562 4317 3791 4371 δυνατὸν
3810 4359 3824 4380 ,
3863 4318 3944 4371 καὶ

716 4417 880 4471 etiam
914 4417 1123 4469 animas
1156 4415 1354 4484 justas.

1328 4431 1354 4467 ι.
2381 4413 2559 4483 ψυχὰς
2591 4411 2805 4473 δικαίας

788 4508 875 4561 59.
918 4507 983 4560 Et
1021 4507 1230 4560 animas
1279 4514 1593 4562 sanctorum
1628 4515 1884 4577 tanquam
1917 4508 2122 4577 peccati
2160 4523 2280 4562 reas

2452 4505 2540 4560 59.
2574 4505 2682 4557 Καὶ
2716 4502 2812 4566 τὰς
2839 4501 2947 4555 τῶν
2990 4499 3161 4569 ἁγίων
3190 4498 3365 4571 ψυχὰς
3393 4501 3848 4570 συκοφαντοῦσιν,
3879 4500 3942 4563 ὡς

719 4597 1215 4652 calumnialiuutur.
2312 4618 2325 4671 ι

2312 4618 2355 4671 D
2386 4594 2748 4656 ὑποκειμένας
2780 4591 3018 4663 ἁμαρτίᾳ
3051 4590 3148 4660 (5).

789 4688 876 4741 40.
908 4687 987 4739 Ad
1013 4689 1186 4756 ipsum
1219 4687 1360 4739 enim
1407 4688 1723 4760 confugiens
1752 4688 2009 4745 liberatus
2049 4704 2166 4743 sum
2214 4688 2282 4742 ab

2458 4685 2542 4738 40.
2583 4682 2740 4753 Αὐτῷ
2792 4683 2900 4752 γὰρ
2963 4679 3327 4751 προσδραμὼν
3375 4679 3649 4752 ἐρῤύσθην
3689 4683 3748 4735 ἐν
3781 4681 3942 4752 (6)τῷ

716 4777 953 4833 inimicis
993 4781 1148 4832 meis.

1117 4797 1148 4832 ς.
2387 4778 2563 4848 ἐχθρῷ
2605 4795 2723 4847 μου.

789 4871 872 4923 41.
911 4870 984 4923 Ex
1020 4871 1150 4937 ipsis
1187 4885 1273 4924 me
1304 4870 1551 4924 redemit.

2453 4868 2540 4921 41.
2584 4866 2953 4939 Ἐλυτρώσατό
2990 4883 3056 4937 με
3092 4865 3168 4936 (7)
3202 4865 3262 4931 ἐξ
3289 4866 3482 4920 αὐτῶν.

791 4958 880 5011 4⁸2.
920 4958 976 5011 In
1009 4958 1094 5012 die
1124 4959 1334 5026 judicii.

2455 4958 2544 5011 42.
2577 4959 2665 5011 Ἐν
2700 4962 2765 5029 τῇ
2803 4957 2984 5029 ἡμέρα
3015 4958 3110 5028 τῆς
3138 4957 3383 5029 κρίσεως.

791 5049 879 5109 45,
909 5049 994 5102 4-1.
1033 5048 1096 5102 Et
1125 5065 1422 5105 secunoum
1459 5067 1645 5107 eorum
1695 5053 1956 5107 malitiam
2009 5053 2182 5109 tradet
2228 5053 2280 5107 in

2454 5051 2542 5114 45,
2572 5051 2659 5104 44.
2689 5050 2800 5103 Καὶ
2850 5051 2990 5104 κατὰ
3023 5049 3120 5120 τὴν
3169 5048 3363 5104 κακίαν
3413 5047 3594 5102 αὐτῶν
3641 5045 3936 5118 παραδώσει

721 5140 1046 5211 supplicium
1085 5152 1367 5197 azlernum.

2387 5145 2465 5205 εἰς
2497 5143 2572 5210 (8i
2613 5143 2829 5196 κόλασιν
2865 5141 3096 5198 αἰώνιον.

1667 5369 1969 5430 Addenda
1999 5375 2057 5429 et
2095 5366 2466 5444 corrigenda
2509 5384 2583 5427 ex
2618 5367 2756 5428 cod.
2797 5366 2996 5426 Vatie.

910 5551 1326 5625 ξυναντελάϐετό
1360 5573 1446 5625 μοι
1479 5556 1786 5624 πνεύματα,
1823 5563 1923 5625 etc.
1958 5622 1969 5625 _

1303 5557 1326 5607 6
1360 5573 1446 5625 μοι
1479 5556 1786 5624 πνεύματα,
1823 5563 1923 5625 etc.
1958 5622 1969 5625 _
2460 5551 2535 5625 (5)
2571 5551 2909 5625 ᾍμαρτίαις)

801 5619 878 5696 (ἓ)
1012 5619 1375 5696 εὐσπλαγχνία
1409 5644 1532 5691 σου,
1585 5619 1754 5696 Κύριε
1777 5662 1789 5686 ,
1818 5622 2015 5694 ἐϐοήθη
2050 5639 2157 5692 μοι.
2461 5621 2536 5696 (0)
2570 5622 2664 5696 '_E_x
2689 5619 2793 5673 τῶν
2818 5620 3027 5692 ἐχθρῶν
3063 5640 3180 5694 μου,
3216 5634 3262 5678 el
3297 5623 3370 5676 ita
3397 5623 3497 5689 leg.

801 5691 876 5759 (5)
909 5691 979 5743 Τό
1011 5695 1175 5748 deest.
1677 5691 1687 5696 ⁷
1935 5691 1942 5693 ’
2005 5691 2014 5694 “
2054 5691 2061 5692 “

1677 5691 1687 5696 ⁷
1935 5691 1942 5693 “
2005 5691 2014 5694 “
2054 5691 2061 5692 ί
2462 5691 2535 5756 (7)
2571 5691 2680 5761 Γὰρ
2719 5709 2801 5760 με.

802 5761 1143 5830 (4)Δεκαίων.
2467 5761 2539 5829 (8)
2572 5762 2837 5831 Πονηρίαν
2875 5762 3050 5818 αὐτῶν
3093 5763 3613 5835 παραδώσειαύτους
3656 5763 3756 5825 είς,
3804 5768 3900 5818 etc-
