4098 6318
714 338 846 393 1059
1550 343 1604 395 S.
1643 341 2013 396 ATHANASII
2051 342 2200 397 OPP.
2243 344 2421 398 PARS
2455 347 2542 401 ΙΙΙ.
2586 378 2650 387 -
2688 348 3096 405 EXEGETICA.
3807 357 3945 411 1060

775 452 859 505 10.
902 453 965 506 Ει
991 457 1194 509 aridam
1231 475 1424 513 manus
1459 461 1577 526 ejus
1605 459 1994 516 formaverunt.
2305 472 2350 527 Α

2305 472 2350 527 Α
2455 467 2535 520 10.
2579 468 2688 520 Καὶ
2719 469 2817 538 τὴν
2851 469 3018 539 ξηρὰν
3051 471 3104 521 αἱ
3133 472 3310 540 χεῖρες
3345 472 3508 525 αὐτοῦ
3542 472 3805 528 ἔπλασαν.

776 541 863 599 11.
912 542 1099 601 Venite
1130 549 1442 611 adoremus,
1475 561 1525 603 et
1559 551 1909 619 procidamus
1943 553 1988 604 ei
2017 570 2030 605 :

2447 555 2530 608 11.
2551 557 2731 620 Δεῦτε,
2747 561 3225 630 προσκυνήσωμεν,
3245 561 3336 612 καὶ
3355 563 3566 629 προσπέ
3577 579 3755 632 τωμεν
3780 556 3945 633 αύτῷί

771 634 856 688 12.
909 638 972 690 Ει
1002 640 1278 706 ploremus
1308 657 1487 696 coram
1536 643 1788 705 Domino,
1822 645 1913 713 qui
1963 644 2089 698 fecit
2137 648 2269 715 nos:

2446 647 2530 700 12.
2573 651 2680 700 Kal
2733 649 3052 720 κλαύσωμεν
3107 651 3344 704 ἐναντίον
3395 653 3625 721 Κυρίου,
3657 653 3750 706 τοῦ
3795 657 3946 725 ποιή-

2378 755 2563 801 σαντος
2600 742 2764 809 ἡμᾶς.

775 829 859 884 15.
917 831 1051 898 Quia
1087 837 1200 905 ipse
1235 849 1315 892 est
1350 840 1488 894 Deus
1519 850 1743 895 noster:

2445 831 2529 883 15.
2549 833 2666 883 ’Ότι
2695 833 2854 894 αὐτὸς
2884 835 3026 884 ἐστιν
3058 834 3084 884 ὁ
3112 833 3240 897 Θεὸς
3266 835 3418 902 ἡμῶν
3442 852 3453 863 ·

765 923 853 977 14.
912 925 973 977 Ει
1001 943 1098 980 nos
1123 933 1351 998 populus
1384 949 1595 1000 pascuae
1625 935 1779 1001 ejus:

2445 923 2528 976 M.
2571 925 2679 976 Kal
2718 927 2874 994 ἡμεῖς
2905 924 3028 988 λαὸς
3057 927 3225 995 νομῆς
3252 925 3435 978 αὐτοῦ.

775 1010 862 1064 15.
916 1011 980 1065 Ει
1014 1032 1138 1069 oves
1179 1035 1369 1072 manus
1400 1022 1540 1089 ejus.

2445 1015 2527 1069 15.
2570 1017 2679 1068 Kal
2719 1017 2960 1088 πρόϐατα
2995 1018 3172 1087 χειρὸς
3197 1018 3380 1070 αὐτοῦ.

781 1100 867 1153 16.
918 1102 1107 1167 llodie.
1147 1110 1189 1162 si
1223 1127 1407 1165 vocem
1443 1112 1559 1180 ejus
1598 1113 1912 1166 audieritis:

2444 1107 2528 1160 16.
2571 1109 2815 1179 Σήμερον
2854 1109 2946 1160 ἐὰν
2972 1112 3067 1180 τῆς
3102 1111 3279 1179 φωνῆς
3315 1109 3477 1162 αὑτοῦ
3511 1110 3817 1179 ἀκούσητε·

774 1189 857 1244 17.
913 1192 1084 1252 Nolite
1130 1201 1398 1256 obdurare
1443 1206 1603 1257 corda
1638 1216 1839 1266 vestra,
1875 1204 2014 1256 sicut
2059 1203 2113 1256 in
2144 1204 2268 1257 irri-

2443 1199 2528 1253 17.
2568 1202 2656 1271 Μὴ
2693 1202 3025 1273 σκληρύνητε
3067 1201 3163 1265 τὰς
3210 1202 3435 1271 καρδίας
3462 1203 3640 1272 ὑμῶν,
3675 1203 3839 1266 ὠς.ὲν
3867 1201 3937 1274 τῷ

702 1283 948 1338 talione.

2372 1295 2836 1364 παραπικρασμῷ.

772 1372 854 1426 18.
908 1374 1217 1431 Serundum
1248 1380 1388 1434 diem
1422 1382 1731 1435 tentationis
1763 1382 1814 1434 in
1845 1383 2060 1439 deserto
2088 1408 2100 1443 :

2442 1386 2526 1439 18.
2570 1387 2724 1438 Κατὰ
2745 1387 2838 1456 τὴν
2870 1387 3077 1458 ἡμέραν
3099 1387 3189 1439 τοῦ
3215 1385 3516 1457 πειρασμοῦ
3543 1390 3601 1439 ἐν
3627 1391 3694 1457 τῇ
3725 1390 3933 1460 ἐρήμῳ·

768 1461 852 1518 19.
914 1467 1008 1521 Ubi
1045 1478 1386 1524 tentaverunt
1429 1488 1511 1524 me
1546 1484 1721 1540 putres
1753 1475 1917 1526 vestri
1947 1494 1960 1528 :

2441 1477 2524 1531 19.
2567 1471 2639 1529 Οῦ
2671 1479 2963 1548 ἐπείρασαν
3001 1496 3065 1549 με
3092 1482 3139 1531 οἱ
3176 1479 3411 1549 πατέρες
3443 1478 3594 1546 ὑμῶν

766 1553 853 1607 20.
904 1558 1276 1616 Probat-erunt
1308 1581 1412 1626 me,
1459 1575 1509 1619 et
1542 1567 1790 1618 viderunt
1822 1581 1985 1633 Opera
2021 1583 2160 1620 mea.

2128 1585 2160 1620 I.
2436 1569 2523 1621 20.
2555 1571 2908 1640 Ἐδοκίμασάν
2944 1588 3030 1640 με,
3063 1572 3153 1622 καὶ
3184 1568 3319 1624 εἶδον
3344 1570 3411 1623 τὰ
3450 1571 3589 1641 ἔργα
3619 1590 3746 1641 μου.

763 1646 852 1700 21.
902 1651 1264 1724 Quadraginta
1311 1659 1468 1711 annis
1503 1659 1742 1713 oﬂ‘cnsus
1794 1659 1870 1712 fui
1932 1669 2264 1727 generation.

2437 1663 2523 1716 21.
2567 1664 2974 1734 Τεσσαράκοντα
3024 1664 3116 1735 ἔτη
3173 1663 3519 1734 προσώχθισα
3549 1665 3627 1734 (α)
3669 1670 3737 1738 τῇ
3777 1677 3935 1736 γενεᾶ

693 1737 770 1790 illi
811 1757 824 1791 :

2367 1753 2548 1823 ἐκείνῃ
2569 1772 2581 1784 ·

760 1829 846 1884 22.
909 1829 969 1881 Et
1004 1826 1110 1882 dixi
1141 1849 1151 1882 :
1192 1829 1415 1899 Semper
1441 1843 1624 1886 errant
1668 1836 1850 1890 corde.
2291 1836 2330 1890 Β

2291 1836 2330 1890 Β
2427 1844 2516 1896 22.
2561 1847 2666 1898 Kal
2695 1841 2820 1899 εἶπα
2841 1864 2855 1877 ·
2892 1847 2998 1900 Ἀεὶ
3026 1847 3326 1900 πλανῶνται
3350 1851 3416 1920 τῇ
3451 1848 3667 1922 καρδία.

760 1920 847 1973 25.
901 1920 1002 1987 Ipsi
1029 1936 1154 1974 vero
1181 1938 1288 1974 non
1325 1937 1694 1991 cognoverunt
1729 1929 1842 1983 vias
1873 1946 2058 1987 meas:

2431 1935 2522 1989 25.
2566 1939 2728 1991 Αὐτοὶ
2756 1939 2811 1991 δὲ
2833 1941 2932 1993 ούκ
2959 1940 3200 2008 ἔγνωσαν
3232 1940 3329 2004 τὰς
3353 1940 3505 2004 ὁδούς
3529 1920 3648 2012 μου
3668 1960 3683 1974 ·

760 2009 847 2063 21.
891 2008 992 2062 Ubi
1020 2011 1198 2079 juraxi
1232 2012 1285 2065 in
1333 2013 1411 2066 ira
1443 2030 1561 2069 inea
1593 2030 1606 2068 :
1658 2016 1715 2070 Si
1746 2019 2050 2078 introibant
2079 2024 2130 2080 in
2161 2041 2247 2083 re-

2429 2026 2518 2080 24.
2566 2029 2652 2092 Ὠς
2681 2029 2868 2101 ὤμοσα
2895 2035 2952 2086 ὲν
3001 2037 3067 2105 τῇ
3108 2034 3244 2104 ὀργῇ
3275 2049 3411 2105 μου·
3446 2034 3509 2086 Ει
3538 2008 3936 2092 εἰσελεύσονται

692 2101 874 2168 quiem
907 2117 1099 2155 meam.

2363 2120 2442 2184 εἰς
2473 2123 2571 2191 τὴν
2604 2125 2947 2181 κατάπαυσίν
2983 2146 3100 2199 μου.

783 2259 835 2321 a)
877 2258 1030 2314 Vers.
1064 2259 1153 2322 21,
1183 2261 1556 2332 Προσὼχθισα,
1586 2273 1690 2319 etc.

1823 2429 2199 2488 ATHANASII
2233 2432 2810 2494 INTERPRETATIO.

762 2572 846 2626 10.
893 2571 957 2625 Ει
1008 2587 1099 2626 cor
1157 2576 1400 2630 omnium
1457 2581 1662 2635 creavit
1729 2581 1963 2655 Spiritus
2028 2599 2251 2645 sanctus

2424 2593 2506 2646 10.
2544 2593 2654 2645 Kal
2686 2593 2782 2663 τὴν
2822 2594 3047 2665 καρδίαν
3095 2594 3306 2648 πάντων
3335 2595 3516 2649 ἔκτισε
3544 2597 3606 2649 τὸ
3627 2597 3854 2668 Πνεῦμα
3875 2596 3931 2652 νδ

685 2661 804 2729 eius
830 2665 882 2716 in
921 2664 1135 2719 lavacro
1172 2667 1726 2737 incorruptibilitatis.

2351 2682 2503 2751 ἆγιον
2537 2685 2696 2738 αὑτοῦ
2733 2688 2803 2756 (1)
2837 2689 2892 2740 ὲν
2919 2687 2997 2757 τῷ
3028 2687 3233 2758 λουτρῷ
3264 2689 3360 2758 τῆς
3390 2689 3719 2760 ἀφθαρσίας.

758 2754 844 2809 11.
894 2753 1136 2808 Primum
1185 2754 1466 2814 ﬂectamus
1500 2761 1547 2815 ei
1590 2780 1784 2833 genua,
1833 2774 2090 2837 tanquam
2131 2771 2249 2835 rei,

2424 2775 2508 2829 11.
2566 2777 2788 2848 Πρῶτον
2835 2779 2981 2849 αύτῷ
3021 2779 3287 2850 κλίνωμεν
3317 2782 3464 2848 γόνυ,
3513 2781 3588 2844 ὡς
3639 2782 3928 2837 ὑπεύθυνοι

683 2853 738 2898 et
771 2856 898 2900 tunc
931 2850 1268 2915 postulcmus
1311 2853 1525 2907 veniam
1567 2870 1782 2924 eorum,
1833 2876 2067 2931 quorum
2102 2864 2254 2919 debi-

2351 2865 2521 2929 ὄντες,
2558 2870 2649 2919 καὶ
2703 2869 2823 2921 τότε
2869 2870 3212 2941 συγχώρησιν
3262 2873 3593 2941 αἰτήσωμεν,
3623 2867 3698 2927 ὧν
3727 2875 3931 2944 ὀφεᾶο-

685 2946 830 2992 tores
856 2953 1067 2995 sumus.
2283 2998 2303 3027 Ι

1065 2984 1067 2993 ι
2283 2998 2323 3027 ρ
2361 2973 2459 3027 μεν
2487 2958 2683 3012 αὐτῶν.

757 3031 844 3083 12.
892 3030 1292 3089 Conﬁtebimur
1341 3051 1525 3092 coram
1565 3038 1816 3109 Domino,
1847 3043 1940 3112 qui
1974 3059 2258 3116 regenera—
2282 3030 2326 3058 υ

2311 3031 2326 3056 ⁸
2434 3049 2522 3103 12.
2557 3049 3082 3124 Ἐξομολογησόμεθα
3107 3053 3332 3107 ἐνώπιον
3350 3055 3556 3127 Κυρίου
3582 3056 3679 3110 τοῦ
3707 3057 3929 3112 ἀνακαι-

682 3118 763 3172 vit
793 3136 912 3175 nos.

2359 3141 2600 3202 νίσαντος
2633 3144 2797 3212 ἡμᾶς.
3585 3149 3595 3159 ’

754 3208 842 3263 15.
892 3211 994 3277 Qui
1029 3213 1269 3271 intuetur
1314 3233 1524 3276 omnes.

1455 3235 1524 3276 es.
2429 3234 2514 3288 15.
2537 3236 2630 3298 ’ος
2653 3208 2823 3307 εὐφορᾷ
2849 3236 3073 3300 πάντας.

753 3300 821 3355 14
891 3302 954 3358 Et
987 3321 1085 3360 nos
1131 3311 1362 3377 populus
1386 3313 1543 3367 ovilis
1570 3313 1720 3382 ejus.

2429 3325 2515 3378 14.
2557 3327 2666 3378 Kal
2696 3300 2862 3395 -ήμεῖς
2885 3328 3011 3390 λαὸς
3039 3328 3135 3398 τῆς
3157 3328 3326 3398 αὐλῆς
3357 3329 3540 3384 αὐτοῦ.

753 3392 839 3448 15.
900 3395 962 3449 Et
988 3413 1118 3452 oves
1140 3401 1374 3457 dextera:
1402 3405 1544 3473 ejus.

2429 3418 2514 3472 15.
2558 3420 2666 3472 Kal
2704 3392 2948 3490 πρόϐατα
2983 3423 3078 3492 τῆς
3095 3392 3293 3488 easta;
3311 3422 3496 3478 αὐτοῦ.

755 3483 842 3540 16.
896 3484 972 3539 Ex
1008 3503 1118 3557 quo
1148 3492 1300 3545 visus
1329 3503 1413 3547 est
1446 3493 1499 3546 in
1547 3494 1727 3562 terris,
1772 3496 1956 3556 audite
1991 3505 2046 3554 et
2073 3514 2255 3555 vocem

2427 3509 2512 3563 ιδ.
2542 3510 2658 3580 Ἀφ’
2679 3483 2896 3583 θεωρῇ
2924 3513 2999 3583 (ε)
3036 3483 3146 3568 ’ἐπὶ
3170 3483 3415 3586 ἐῆέγῆς,
3446 3516 3544 3570 και
3578 3517 3811 3574 ἀκούετε
3834 3523 3933 3592 τῆς

683 3575 823 3646 ejus,
859 3586 912 3630 et
939 3579 1348 3647 pmdicantiutn
1384 3585 1584 3653 ipsum.

2357 3602 2538 3673 φωνῆς
2574 3603 2758 3665 αὑτοῦ,
2792 3606 2881 3657 καί
2914 3606 3020 3657 τῶν
3049 3607 3428 3676 κηρυσσόντων
3458 3608 3637 3665 αὐτόν.

752 3669 839 3724 17.
887 3667 964 3724 Ne
992 3673 1115 3726 sitis
1145 3675 1308 3730 corde
1341 3677 1575 3747 lapideo.

1724 3768 1730 3769 γ
2370 3667 2378 3669 ἡ
2429 3667 2516 3747 17..
2554 3697 2645 3767 Μὴ
2674 3698 2884 3764 γίνεσθε
2916 3667 3262 3769 λιθοκάρδιοι.

750 3757 839 3813 18.
899 3760 1053 3815 Sicut
1111 3763 1346 3832 majores
1391 3768 1588 3834 nostri,
1643 3768 1738 3839 qui
1788 3772 2254 3831 exacerbaverunt

2424 3786 2511 3840 18.
2548 3757 2744 3857 (5H);
2776 3790 2824 3842 ot
2852 3790 2957 3862 πρὸ
3000 3757 3157 3861 ήμιῦν
3199 3793 3248 3846 οἱ
3278 3794 3800 3867 παραπικράναντες
3834 3799 3929 3852 αό-

689 3868 818 3907 cnm
852 3854 904 3906 in
933 3869 1139 3913 eremo.

2351 3877 2442 3932 τὸν
2472 3882 2528 3932 ἐν
2655 3882 2864 3953 ἐρήμῳ.

755 3944 842 4000 19.
901 3945 1253 4018 Nequaquam
1303 3966 1401 4007 vos
1434 3967 1557 4008 eum
1599 3953 1671 4009 ita
1713 3958 1993 4014 tentabitis
2043 3959 2097 4013 in
2156 3961 2249 4014 ad-

2425 3973 2510 4026 l9.
2543 3944 2697 4042 Mﬁaé
2720 3944 2876 4043 ύμεῖς
2902 3951 3070 4039 οὓτως
3096 3973 3258 4029 αὐτὸν
3298 3975 3518 4048 μέλλετε
3555 3977 3850 4048 πειράζειν
3877 3982 3931 4034 ὲν

680 4048 841 4092 ventu
869 4055 989 4107 suo,
1024 4045 1478 4110 quemadmodum
1510 4057 1689 4116 patres
1723 4050 1884 4103 vestri
1914 4060 2252 4107 tentaverunt

2350 4067 2414 4135 τῇ
2438 4065 2703 4136 παρουσία
2728 4066 2907 4132 αὑτοῦ,
2924 4067 2997 4132 ὡς
3024 4070 3070 4121 οἱ
3089 4045 3320 4140 πατέρες
3343 4069 3494 4139 ὑμῶν
3514 4045 3822 4136 ἐπείρασαν
3842 4090 3922 4141 με.

680 4147 788 4187 me.

750 4226 840 4284 20.
891 4225 1106 4296 Experti
1133 4239 1260 4283 sunt
1293 4232 1497 4297 omnia,
1541 4247 1661 4300 qua:
1695 4233 1871 4287 intulit
1907 4235 2009 4292 eis.

2417 4239 2739 4310 20.“Ἐχουσι
2759 4244 2949 4312 πεῖραν
2967 4240 3181 4295 πάντων
3207 4235 3281 4294 ὧν
3321 4242 3595 4312 ἐπήγαγεν
3612 4242 3688 4313 (4)
3713 4245 3926 4308 αὐτοῖς.

749 4317 838 4376 21.
889 4318 1254 4391 Quadraginta
1286 4338 1460 4377 annos
1488 4328 1756 4392 permansi
1798 4329 1849 4380 in
1894 4329 1982 4381 illa
2013 4345 2238 4399 genera-
2271 4345 2309 4400 ι)

2414 4332 2501 4385 21.
2523 4333 2940 4404 Τεσσαρὰκοντα
2972 4334 3062 4404 ἐτη
3096 4334 3233 4402 παρέ
3243 4351 3398 4402 μεινα
3415 4337 3470 4388 ἐν
3487 4337 3646 4404 γενεᾷ
3673 4336 3752 4402 (5)
3783 4337 3929 4390 ἐκει-

680 4410 826 4464 tione
855 4412 1163 4482 indignatus
1205 4431 1394 4470 eorum
1425 4418 1704 4485 operibus,
1750 4429 1801 4473 et
1848 4422 2112 4488 patienter
2158 4421 2234 4476 ie-
2342 4441 2405 4496 νῃ
2423 4424 2771 4496 ὀργιζόμενος
2789 4426 3878 4499 ἐπὶτοῖςἔργοιςαὺτῶν,καὶμακροθυι.ιῶ

681 4514 829 4555 rens.

748 4590 836 4645 22.
888 4591 954 4647 Ει
979 4594 1121 4648 dixi:
1155 4594 1271 4650 Non
1297 4606 1378 4652 est
1414 4597 1540 4652 fides
1571 4600 1623 4653 in
1659 4601 1810 4669 ipsis.

2415 4607 2504 4661 22.
2547 4608 2654 4659 Kal
2683 4603 2807 4660 εἶπα
2837 4608 2932 4677 (6)·
2969 4608 3081 4660 Οὐκ
3109 4607 3220 4660 ἔστι
3248 4608 3427 4671 πίστις
3456 4608 3512 4662 ἐν
3538 4607 3739 4671 αὐτοῖς.

749 4681 842 4741 25.
892 4684 996 4754 lpsi
1045 4697 1220 4740 autem
1270 4690 1560 4742 noluerunt
1606 4705 1936 4756 cognoscere
1993 4693 2242 4748 mandata

2419 4701 2506 4754 25.
2545 4702 2706 4752 Αὐτοὶ
2723 4701 2778 4752 δὲ
2797 4703 2893 4754 οὐκ
2923 4700 3192 4771 ἠθέλησαν
3217 4701 3412 4753 εἰδέναι
3431 4700 3529 4764 τὰς
3561 4700 3780 4764 ἐντολάς
3800 4719 3922 4773 μου.

669 4787 822 4827 mea.

749 4865 839 4919 24.
889 4862 958 4920 Ut
991 4869 1245 4922 constitui
1272 4868 1337 4924 de
1378 4869 1551 4939 ipsis:
1589 4869 1648 4925 Si
1681 4872 1982 4925 introibunt
2010 4873 2060 4926 in
2092 4882 2247 4926 arter-

2421 4877 2509 4930 24.
2537 4879 2622 4940 Ὠς
2650 4878 2822 4949 ὥρισα
2850 4880 2974 4949 περὶ
3009 4879 3204 4931 αὐτῶν⁸
3232 4879 3293 4932 El
3327 4880 3403 4950 (7)
3432 4879 3828 4936 εἰσελεύσονται
3848 4882 3926 4944 εἰς

682 4971 748 5008 na
780 4972 897 5010 mea
923 4957 1224 5026 refrigeria.

2353 4970 2449 5033 τὰς
2482 4970 2728 5033 αἰωνίους
2758 4988 2855 5040 μου
2887 4972 3237 5034 ἀναπαύσεις.

1637 5149 1942 5210 Addenda
1980 5160 2042 5211 et
2075 5151 2448 5229 corrigenda
2482 5170 2560 5213 ex
2587 5153 2724 5214 cod.
2765 5155 2962 5215 Vatic.

753 5307 828 5385 gl)
868 5309 1085 5359 Πάντων
1114 5310 1216 5361 τῶν
1256 5311 1552 5381 ἀνθρώπων
1599 5312 1776 5365 ἔκτισε
1812 5313 1870 5364 τὸ
1898 5313 2117 5385 Πνεῦμα
2142 5315 2236 5367 αύ-
2361 5315 2446 5380 Ὠς
2477 5317 2569 5367 καὶ
2608 5318 2652 5368 οἱ
2691 5317 2940 5385 πατέρες,
2979 5325 3073 5373 etc.

681 5377 1065 5454 105A15_§YtOV,
1097 5390 1200 5432 etc.
1292 5451 1301 5454 _
1357 5377 1367 5381 ⁷
1397 5451 1406 5454 _
2044 5377 2055 5385 ’
2418 5377 2491 5448 (εἰ)
2525 5377 2850 5454 Ἑπήγαγονζ

867 5447 1555 5526 Ὡφίξειίςηίξιεη-ἁκού-σετε,
1573 5461 1690 5526 μεὶς.
1716 5524 1724 5526 _

1287 5451 1555 5526 ἀκούσετε,
1573 5461 1690 5526 μεὶς.
1716 5524 1724 5526 _
2416 5456 2490 5521 (ὃ)
2731 5447 2905 5526 γενεᾷ.

754 5519 830 5584 (5)
871 5518 1060 5594 N._l_8.
1107 5521 1279 5594 'llgpi
1337 5523 1436 5592 πρὸ
1485 5523 1633 5589 ὑμῶν
1683 5524 1730 5574 οἱ
1778 5526 2235 5594 παραπικραίνον-
2417 5518 2490 5589 (εἰ)
2536 5518 2714 5578 Εἶπον.

678 5603 790 5651 τες,
817 5599 918 5642 etc.
947 5589 1034 5658 Μὴ
1080 5591 1170 5641 καὶ
1201 5589 1503 5662 ὑμεῖς,ἐις.
1546 5610 1711 5661 usque
1740 5594 1803 5647 ad
1839 5589 2040 5645 αὑτοῦ(
2060 5595 2125 5649 Ν.
2151 5595 2232 5652 19.

1201 5589 1503 5662 ὑμεῖς,’ρις.
1546 5610 1711 5661 usque
1740 5594 1803 5647 ad
1839 5589 2125 5649 auro-BIN.
2151 5595 2232 5652 19.
2417 5597 2492 5663 (7)
2531 5598 2597 5647 El
2624 5599 2788 5649 (leest.
