4066 6318
715 394 852 448 1067
1534 381 1589 436 S.
1631 377 2001 434 ATHANASII
2041 374 2190 431 OPP.
2233 374 2314 429 PA

2352 372 2410 429 iS
2450 374 2540 428 111.
2581 403 2649 413 -
2687 370 3100 426 EXEGETICA.
3834 366 3958 419 1068

783 512 866 566 17.
899 508 962 564 Et
986 509 1390 564 exsultaverunt
1419 502 1540 557 ﬁliae
1569 500 1741 565 Judze,
2298 499 2344 555 Α

2442 492 2529 548 17.
2561 493 2670 544 Καὶ
2700 488 3097 560 ὴγαλλιάσαντο
3127 488 3182 539 αἱ
3214 486 3511 556 Θυγατέρες
3535 485 3636 555 τῆς
3679 485 3953 544 Ἰουδαίας.

783 603 870 657 18.
904 600 1128 668 Propter
1156 599 1356 670 judicia
1386 605 1497 650 tua.
1533 593 1780 648 Domine.

2452 583 2539 637 18.
2569 584 2790 636 Ἕνεκεν
2821 585 2927 635 τῶν
2962 581 3242 651 χριμάτων
3271 596 3385 640 σου,
3417 577 3607 648 Κύριε.

782 697 866 750 19.
885 667 1236 760 Quoniamvtu
1255 688 1517 744 Dominus
1547 686 1846 741 altissimus
1875 695 2036 750 super
2057 693 2273 734 omnem

2254 693 2273 731 ι
2452 673 2537 728 19.
2564 675 2683 727 Ὅτι
2711 675 2774 726 σὺ
2805 673 3008 743 Κύριος
3031 673 3248 742 ὕψιστος
3278 672 3370 724 ἐπὶ
3401 673 3577 722 πᾶσαν
3605 669 3704 739 τὴν
3729 667 3860 736 τῆν’

714 802 909 845 ιυιτιιηι
945 804 958 841 Ζ

780 883 870 936 20.
905 879 1078 934 Nimis
1105 877 1374 933 exaltatus
1401 890 1459 930 es
1481 887 1643 943 super
1667 885 1856 927 omnes
1889 867 2041 923 deos.

2450 859 2538 912 20.
2564 858 2771 928 Σφόδρα
2797 855 3160 928 ὑπερυψώθης
3187 855 3327 926 ὑπὲρ
3356 854 3563 915 πάντας
3594 853 3727 914 τοὺς
3786 847 3954 910 θεούς.

778 974 865 1028 2|.
900 972 1004 1039 Qui
1030 969 1251 1039 diligitis
1284 942 1591 1030 Dominum,
1625 964 1771 1020 odite
1797 962 2027 1025 malum;

2451 950 2538 1004 21.
2565 951 2626 1001 Οἱ
2656 948 2974 1017 ἀγαπῶντες
2997 947 3088 999 τὸν
3117 945 3340 1017 Κύριον,
3375 947 3578 1015 μισεῖτε
3613 942 3853 1013 πονηρά·

777 1067 868 1120 22.
889 1062 1134 1118 Custodit
1156 1059 1417 1114 Dominus
1437 1059 1646 1113 animas
1670 1065 1980 1110 sanctorum
2009 1065 2232 1107 suorum
2256 1065 2270 1099 :

2450 1039 2537 1092 22.
2571 1038 2836 1091 Φυλάσσει
2864 1036 3066 1108 Κύριος
3084 1035 3182 1097 τὰς
3211 1034 3388 1104 ψυχὰς
3408 1033 3514 1086 τῶν
3547 1033 3712 1085 ὁσίων
3740 1031 3922 1084 αὐτοῦ’

780 1159 869 1211 23.
905 1155 979 1209 De
1013 1169 1170 1208 manu
1202 1150 1497 1221 peccatoris
1528 1147 1779 1204 liberabit
1807 1161 1923 1201 eos.

2451 1131 2539 1184 23.
2587 1132 2679 1183 Ἐκ
2710 1129 2889 1200 χειρὸς
2920 1126 3241 1201 ἀμαρτωλοῦ
3274 1126 3494 1198 ῥύσεται
3524 1123 3747 1188 αύτούς.

780 1248 867 1301 24.
903 1246 1019 1300 Lux
1051 1254 1167 1299 orta
1201 1220 1284 1297 est
1310 1243 1458 1311 justo
1493 1257 1507 1295 :

2449 1222 2538 1276 24.
2567 1222 2683 1285 Φῶς
2707 1220 2942 1274 ἀνέτειλε
2968 1221 3043 1289 τῷ
3069 1220 3277 1288 δικαίῳ·

780 1342 870 1395 25.
900 1338 962 1393 Et
992 1337 1154 1392 rectis
1181 1306 1342 1390 corde
1374 1333 1575 1388 laatitia.

2448 1313 2535 1367 25'.
2561 1312 2670 1366 Καὶ
2692 1315 2801 1374 τοῖς
2822 1310 3001 1364 εύθέσι
3028 1313 3094 1381 τῇ
3123 1310 3316 1381 καρδίᾳ
3346 1306 3671 1379 εὐφροσύνη.

780 1432 868 1486 26.
903 1427 1186 1483 Lastamini
1213 1424 1343 1495 justi
1376 1424 1428 1478 in
1456 1422 1684 1477 Domino
1711 1439 1724 1476 :

2450 1405 2537 1458 26.
2565 1405 2938 1476 Εὐφράνθητε,
2967 1405 3181 1468 δίκαιοι,
3205 1406 3262 1456 ὲν
3282 1402 3359 1472 τῷ
3383 1403 3571 1472 Κυρίῳ
3588 1419 3601 1432 ·

780 1522 869 1575 27.
896 1519 960 1574 Et
981 1517 1313 1573 conlitemini
1345 1515 1620 1570 memoria:
1663 1508 2106 1568 sanctificationis
2131 1507 2268 1577 ejus.

2448 1497 2648 1551 27.Καὶ
2662 1493 3056 1566 ἐξομολογεῖσθε
3069 1498 3134 1566 τῇ
3156 1497 3336 1566 μνήμῃ
3349 1495 3444 1565 τῆς
3459 1487 3955 1561 ἁγιωσύνηςαύτοῦ.

993 1610 1242 1664 Psalmus
1283 1609 1470 1662 David.
1507 1604 1708 1660 PSAL.
1743 1602 1837 1656 XC
1855 1599 1984 1654 VII.

2697 1589 2944 1657 Ψαλμύς
2968 1587 3046 1652 τῷ
3077 1588 3271 1640 Δαϐίδ.
3313 1591 3484 1640 ΨΑΛ.
3519 1588 3640 1651 ιιΖν.

788 1708 834 1761 1.
865 1705 1089 1760 Caritate
1112 1701 1339 1756 Domino
1368 1699 1639 1754 canticum
1666 1711 1864 1749 novum
1897 1710 1912 1758 ;

1897 1710 1912 1758 ;
2455 1685 2505 1737 1.
2542 1684 2743 1753 ’ᾼσατε
2776 1681 2854 1752 τῷ
2886 1681 3075 1754 Κυρίῳ
3099 1677 3249 1752 ᾆσμα
3270 1680 3480 1733 καινόν·

782 1802 836 1853 2.
871 1797 1007 1864 Quia
1037 1795 1303 1849 mirabilia
1328 1792 1456 1846 fecit
1489 1789 1768 1844 Dominus.

2453 1777 2507 1829 2.
2538 1778 2660 1827 ’Ότι
2695 1774 2983 1844 Θαυμαστὰ
3007 1774 3258 1844 ἐποίησεν
3278 1776 3305 1826 6
3337 1772 3559 1842 Κύριος.

786 1892 836 1943 ὅ.
951 1888 1112 1941 lvavit
1141 1899 1267 1940 eum
1295 1882 1515 1937 dextera
1546 1879 1688 1949 ejus.
2316 1865 2358 1919 Β

2316 1865 2358 1919 Β
2459 1868 2509 1920 5.
2549 1867 2791 1917 Ἔσωσεν
2817 1865 2978 1917 αὑτὸν
3011 1866 3045 1935 ἡ
3071 1863 3220 1930 δεξιὰ
3251 1862 3415 1916 αὑτοῦ
3448 1878 3459 1889 ·

784 1982 838 2034 4.
870 1979 932 2034 Et
959 1979 1240 2034 brachium
1272 1983 1520 2030 sanctum
1551 1970 1692 2040 ejus.

2455 1960 2504 2011 4.
2537 1960 2647 2011 Καὶ
2679 1960 2705 2010 ὁ
2735 1956 2973 2026 βραχίων
2993 1956 3021 2007 6
3045 1954 3198 2022 ἆγιος
3224 1952 3405 2007 αὑτοῦ.

873 2068 1071 2124 Notum
1107 2067 1228 2122 fecit
1262 2065 1520 2118 Dominus
1555 2060 1791 2115 salutare
1826 2070 1985 2110 suum
2015 2070 2029 2107 :

2452 2049 2504 2105 5.
2553 2048 2842 2119 Ἐγνὼρισε
2873 2046 3074 2118 Κύριος
3105 2045 3165 2098 τὸ
3192 2046 3451 2115 σωτήριον
3472 2041 3636 2094 αὑτοῦ
3661 2059 3672 2069 ·

785 2162 838 2218 6.
894 2160 948 2212 In
1019 2164 1313 2227 conspectu
1390 2151 1628 2223 gentium
1694 2146 1951 2202 revelavit
2015 2143 2284 2214 justitiam

2453 2141 2504 2193 6.
2546 2139 2814 2192 Ἑναντίον
2840 2136 2948 2190 τῶν
2987 2134 3154 2188 ὲονῶν
3201 2131 3515 2202 άπεκάλυιξβε
3559 2132 3656 2201 τὴν
3691 2127 3955 2184 δικαιοσύ-

718 2270 893 2310 suam.

2381 2251 2480 2303 νην
2505 2249 2687 2285 αυτου.

1832 2413 2207 2474 ATHANASII
2245 2409 2838 2468 INTERPRETATIO.

789 2592 876 2647 17.
912 2589 1118 2643 Anima:
1146 2591 1488 2646 sanctorum,
1532 2586 1585 2634 et
1621 2591 1743 2648 quae
1773 2576 2024 2645 reposita
2063 2579 2192 2628 sunt
2225 2571 2279 2624 in

2458 2567 2546 2622 17.
2575 2567 2638 2618 Αἰ
2690 2564 2859 2634 ψυχαὶ
2885 2562 2991 2616 τῶν
3030 2560 3221 2629 ἁγίων,
3253 2560 3344 2612 καὶ
3382 2559 3459 2631 (1)
3501 2559 3862 2631 ἀνακείμεναι

718 2696 949 2752 superna
973 2675 1326 2731 Hierusalem.

1293 2690 1326 2726 I.
2387 2659 2498 2714 ἄνω
2532 2656 2899 2728 Ἰερουσαλήμ.

788 2741 875 2830 18.
892 2773 1115 2842 Propter
1132 2781 1350 2835 ea,quae
1367 2765 1433 2818 de
1459 2762 1616 2816 nobis
1642 2757 1976 2823 deliberasti,
2000 2767 2053 2810 et
2081 2753 2281 2809 fecisti.

2454 2750 2541 2804 18.
2565 2751 2787 2803 Ἕνεκεν
2807 2741 2881 2800 ὧν
2901 2745 3200 2798 ἐϐουλεύσω
3221 2744 3348 2817 περὶ
3369 2744 3546 2816 ἡμῶν,
3567 2746 3665 2797 καὶ
3687 2744 3956 2810 ἐποίησας.

787 2870 874 2924 19.
909 2834 1178 2932 Quoniam
1209 2834 1300 2926 tu,
1339 2856 1587 2923 Domine,
1619 2852 1951 2925 gloriﬁcatus
1979 2865 2039 2904 es
2077 2848 2132 2902 in
2161 2846 2282 2901 uni-

2456 2843 2543 2897 19.
2581 2841 2704 2893 ’Ότι
2738 2841 2802 2892 σὺ
2838 2835 2888 2891 εἷ
2938 2839 3338 2908 δεδοξασμένος,
3371 2837 3567 2907 Κύριε,
3617 2839 3676 2888 ἐν
3705 2836 3868 2887 παντὶ
3895 2834 3960 2901 τῷ

719 2977 875 3017 verso
904 2955 1127 3013 mundo.

987 2955 1127 3012 mdo.
2383 2933 2593 3004 κόσμῳ.

907 3048 1045 3104 Vere
1069 3048 1471 3102 demonstratus
1499 3055 1578 3106 es,
1602 3037 1748 3109 quod
1773 3045 1830 3091 tu
1857 3049 1917 3089 es
1944 3032 2093 3089 solus
2113 3029 2280 3096 Deus,

2448 3025 2539 3081 20.
2579 3022 2821 3095 Ἀληθῶς
2873 3021 3141 3093 ἐδείχθης,
3193 3021 3274 3074 ὅτι
3308 3021 3372 3073 σὺ
3406 3014 3457 3071 εἶ
3493 3017 3626 3079 Θεὸς
3662 3017 3742 3088 (2)
3793 3017 3955 3088 μόνης·

717 3159 825 3201 non
859 3150 1038 3198 autem
1070 3139 1169 3205 illi,
1202 3137 1297 3207 qui
1325 3135 1399 3189 dii
1430 3134 1706 3188 dicuntur.

1520 3139 1706 3186 untur.
2385 3118 2448 3171 ού
2472 3117 2581 3185 γὰρ
2605 3118 2654 3169 οἱ
2683 3114 2962 3185 λεγόμενοι
2995 3112 3125 3168 θεοί.

785 3237 875 3290 21.
923 3201 1531 3302 υἱιίεεηιεέῡοιιιίιιυω
1573 3222 1743 3294 fugite
1777 3233 1941 3277 omne
1971 3225 2278 3289 peccatum.
2307 3212 2357 3273 C

2351 3222 2357 3273 ζ
2453 3210 2542 3263 21.
2576 3210 2638 3260 Οί
2696 3205 3016 3274 ἀγαπῶντες
3071 3205 3161 3258 τὸν
3221 3202 3447 3275 Κύριον,
3504 3201 3741 3270 φεύγετε
3794 3201 3957 3253 πᾶσαν

2385 3299 2681 3373 ἁμαρτίαν.

786 3418 879 3472 22.
910 3414 1212 3471 Colentium
1243 3426 1391 3466 eum.

2454 3392 2543 3446 22.
2573 3388 2691 3442 Τῶν
2716 3387 3021 3458 σεϐομένων
3047 3385 3210 3442 αὐτόν
3236 3385 3333 3456 (3).

787 3512 878 3566 225.
910 3508 989 3562 Ex
1019 3505 1219 3561 diaboli
1249 3508 1531 3573 potestate.

2454 3485 2545 3538 25.
2586 3483 2679 3535 Ἐκ
2712 3483 2812 3551 τῆς
2834 3481 2926 3534 τοῦ
2958 3479 3203 3534 διαϐόλου
3235 3474 3574 3538 δυναστείας.

911 3596 1095 3650 Gratia
1123 3607 1220 3648 sua
1250 3565 1309 3644 in
1339 3588 1596 3644 cordibus
1619 3584 1877 3641 ﬁdelium.

2453 3577 2543 3631 24.
2574 3575 2683 3646 Τὴν
2717 3576 2876 3646 χάριν
2914 3572 3011 3644 ['H
3047 3569 3226 3644 χάρις]
3254 3568 3417 3624 αὐτοῦ
3467 3569 3526 3620 ὲν
3552 3567 3675 3628 ταῖς
3727 3565 3955 3636 καρδίαις

2387 3667 2495 3720 τῶν
2527 3666 2602 3738 (4)
2631 3665 2856 3719 πιστῶν.

789 3775 878 3829 25.
912 3773 976 3827 Et
1007 3770 1224 3826 mundis
1249 3769 1413 3825 corde
1446 3767 1678 3835 Spiritus
1711 3763 1831 3834 ejus
1861 3770 2106 3818 sanctus.

2458 3759 2548 3812 25.
2580 3759 2688 3810 Καὶ
2715 3757 2790 3826 (5)
2844 3758 2955 3818 τοῖς
3009 3753 3265 3824 καθαροῖς
3302 3754 3368 3821 τῇ
3399 3753 3600 3824 καρδίᾳ
3636 3754 3702 3806 τὸ
3747 3750 3955 3818 Πνεῦμα

2390 3847 2554 3901 αὐτοῦ
2585 3849 2644 3899 τὺ
2677 3847 2848 3915 ἅγιον.

791 3945 881 4013 26,
910 3944 999 3998 27.
1031 3943 1330 4007 Exsultate,
1373 3949 1427 3994 et
1465 3939 1760 4010 gloriﬁcate
1803 3953 1926 3991 eum
1959 3937 2282 3992 memoriam

2461 3938 2564 4003 26,
2596 3938 2684 3992 27.
2717 3936 3094 4005 Ἀγαλλιᾶσθε,
3128 3935 3224 3990 καὶ
3253 3935 3503 4001 δοξάζετε
3530 3936 3719 4001 αὐτὸν,
3760 3949 3952 4005 μνημο-

725 4041 982 4096 liabentes
1015 4037 1318 4092 sanctitatis
1360 4033 1498 4103 ejus,
1540 4047 1648 4102 Qua
1691 4030 2014 4086 sanctiﬁcati
2047 4031 2199 4095 estis,
2234 4041 2288 4086 ct

2392 4030 2636 4092 νεύοντες
2658 4026 2751 4079 τοῦ
2791 4025 3064 4098 ἁγιασμοῦ
3097 4025 3170 4096 (6)
3187 4026 3375 4094 αὑτοῦ,
3403 4021 3463 4080 οὗ
3513 4025 3838 4096 ἡγιάσθητε,
3872 4024 3951 4074 καὶ

724 4146 822 4185 vos
855 4128 1172 4184 sanctiﬁcat.

2391 4122 2605 4191 ἁγιάζει
2638 4121 2799 4190 ὑμᾶς.

804 4267 870 4318 ⁸11
904 4261 1234 4335 προκειμένη
1256 4255 1532 4328 ἐπιγραφὴ
1560 4253 1804 4326 περιέχει
1835 4252 1942 4323 (71⁸
1983 4252 2226 4320 Ψαλμὸς
2246 4251 2323 4318 τῷ
2347 4253 2544 4318 Δαϐίὸ,
2571 4253 2817 4306 τουτέστι
2845 4250 2926 4317 τῷ
2946 4251 3128 4320 ἱκανῷ
3151 4252 3226 4323 τῇ
3255 4253 3428 4324 χειρὶ,
3448 4251 3528 4323 τῷ
3570 4252 3768 4324 Κυρίῳ
3813 4248 3950 4321 ἡμῶν

740 4360 912 4433 Ἰησοῦ
942 4355 1177 4430 Χριστῷ.

798 4452 1010 4507 Titulus
1037 4449 1357 4520 praepositus
1392 4445 1636 4501 continet
1674 4461 1686 4497 :
1725 4441 1974 4495 Psalmus
2007 4440 2206 4505 David,
2240 4443 2344 4495 hoc
2370 4449 2452 4496 est
2481 4456 2642 4493 manu
2677 4438 2828 4508 forti,
2871 4438 3105 4495 Domino
3133 4449 3326 4495 nostro
3355 4436 3484 4496 Jesu
3507 4438 3752 4495 Christo.

797 4565 847 4615 1.
879 4561 1156 4614 Mundum.
2320 4556 2364 4611 ι)

2320 4556 2364 4611 D
2465 4551 2515 4604 1.
2543 4551 2812 4624 Καθαρόν.

795 4656 850 4708 2.
881 4651 937 4705 1η
974 4662 1134 4704 terra.

2466 4641 2516 4694 2.
2563 4643 2684 4695 Ἐπὶ
2716 4641 2816 4711 τῆς
2847 4641 2969 4711 γῆς.

796 4747 847 4800 5.
879 4743 1048 4799 Filius
1084 4743 1202 4810 ejus
1229 4739 1516 4810 acquisivit
1551 4753 1744 4792 omnes
1770 4736 1874 4792 sibi
1903 4735 2029 4806 ipsi,
2061 4744 2116 4790 et
2138 4733 2288 4815 Patr}

2465 4734 2518 4787 5.
2563 4734 2621 4785 ὐ
2655 4733 2779 4796 Υἱὸς
2800 4733 2966 4786 αὑτοῦ
3003 4734 3424 4806 περιεποιήσατο
3446 4734 3656 4798 πάντας
3682 4732 3763 4805 (8)
3787 4730 3946 4801 ἑαυτῷ

721 4853 842 4894 ano.
2395 4825 2488 4878 καὶ
2511 4824 2587 4896 τῷ
2621 4825 2795 4895 Hatth
2824 4824 3009 4881 αὑτοῦ.

789 4931 843 4984 1.
879 4925 1196 4998 Unigenitus
1218 4923 1360 4978 Deus
1381 4921 1641 4977 Verbum.

2463 4913 2519 4968 4.
2564 4913 2625 4965 Ὀ
2660 4914 2954 4984 μονογενὴς
2971 4913 3103 4978 Θεὸς
3123 4913 3311 4983 Λόγος.

792 5021 842 5074 5.
876 5015 1233 5073 Manifestavit
1265 5013 1424 5068 Pater
1455 5011 1651 5067 Filium
1683 5028 1865 5068 suum.

2456 5003 2507 5060 5.
2557 5005 2924 5077 Ἐφανέρωσεν
2951 5009 2980 5060 6
3004 5008 3193 5079 Πατὴρ
3214 5007 3304 5059 τὸν
3331 5007 3457 5062 Υιδν
3495 5006 3679 5062 αὐτοῦ.

788 5110 842 5164 6.
880 5110 979 5164 Per
1014 5103 1469 5178 praedicationem
1493 5105 1749 5159 revelavit
1788 5103 1947 5158 Pater
1983 5099 2282 5158 Dominum

2460 5099 2511 5154 6.
2548 5097 2645 5151 Διὰ
2664 5098 2756 5150 τοῦ
2795 5100 3147 5172 κηρύγματος
3170 5100 3518 5171 ἀπεκάλυψεν
3561 5101 3590 5153 6
3630 5101 3815 5172 Πατὴρ
3863 5099 3941 5151 τὸν

721 5212 966 5259 nostrum
987 5200 1170 5257 Iesum
1198 5195 1485 5251 Christum

2390 5192 2595 5262 Κύριον
2625 5189 2780 5260 ἡμῶν
2813 5192 3020 5263 Ἰησοῦν
3050 5194 3303 5248 Χριστόν.

1660 5385 1967 5451 Addenda
1995 5391 2056 5448 et
2110 5380 2486 5460 corrigenda
2518 5398 2598 5442 ex
2633 5381 2774 5444 cod.
2815 5376 3015 5439 Vatic.

791 5563 868 5634 (l)
901 5564 964 5634 At
997 5573 1093 5634 pro
1119 5561 1230 5612 καί.

2461 5547 2537 5634 (Ξ)
2567 5547 2675 5634 περί
2702 5548 2862 5630 4W-

789 5608 865 5718 ξὲἓ
901 5608 963 5718 iii
993 5608 1299 5718 ξέάεῖὲέεο.
1338 5697 1352 5718 ,

2582 5618 2943 5686 Ἀγιάσματος
2971 5613 3156 5679 αὑτοῦ,
3187 5608 3249 5670 οὗ
3276 5610 3578 5685 ἡγιάσθη...
3599 5612 3765 5685 ἡμᾶς.

2463 5687 2540 5718 1³71
2589 5688 2648 5718 ἰι
2682 5688 2767 5718 λιλ-
2796 5689 2892 5718 ρῖ-ι-
2927 5686 3296 5718 υιυυηηριλειῃρ
3321 5682 3556 5718 ρθΛιένεο

894 5701 1060 5786 ἑῦτδν
1089 5682 1145 5751 ἐκ)
1166 5696 1409 5786 sinetis.

2574 5682 2892 5786 ἐῌόιὰξεῆς
2927 5682 3581 5758 κινναϐάρεακπεριέχει.

789 5757 862 5842 fl)
894 5769 998 5824 Τοῦ
1029 5767 1216 5822 πιστοῦ
1241 5757 1389 5820 Χαοῖί.
2464 5757 2538 5828 (8)
2564 5757 2718 5828 Αύτῴ
2743 5758 2973 5820 πάντας.
