4098 6318
697 364 823 420 1071
1529 349 1587 407 S.
1628 349 2006 406 ATIIANASII
2045 349 2195 406 OPP.
2235 347 2413 404 PARS
2454 346 2540 402 Ill.
2581 376 2647 386 —
2686 344 3098 402 EXEGETICA.
3811 344 3947 397 1072

760 479 814 532 2.
849 473 951 542 Qui
992 472 1147 529 sedes
1170 487 1330 542 super
1355 470 1657 533 cherubim.
1687 479 1971 525 moveatur
2010 480 2174 525 terra.
2281 475 2325 531 Α

2423 466 2478 519 2.
2525 465 2583 519 '0
2619 463 2926 535 καθήμενος
2952 463 3045 516 ἐπὶ
3075 463 3184 516 τῶν
3216 461 3514 534 χερουδὶμ,
3548 462 3884 532 σαλιυὸήτω
3916 460 3947 534 ἡ

2363 575 2452 627 γη-

761 648 811 701 5.
851 643 1112 701 Dominus
1146 643 1199 697 in
1231 640 1365 697 Sion
1396 656 1626 712 magnus
1646 682 1662 706 ,

1563 656 1626 696 us
1646 682 1662 706 ,
2428 649 2482 703 3.
2519 648 2719 717 Κύριος
2740 648 2797 700 ὲν
2818 646 2954 700 Σιὼν
2987 647 3174 718 μέγας.

761 737 812 791 4,
846 736 914 789 Ει
947 736 1198 791 excelsus
1225 748 1388 803 super
1411 748 1600 788 omnes
1629 732 1879 802 populos.

2429 739 2461 791 4
2510 740 2619 793 Καὶ
2644 738 2843 809 0%).6;
2876 740 3023 791 ἐστιν
3057 740 3148 792 ἐπὶ
3181 738 3389 801 πάντας
3419 739 3549 802 τοὺς
3576 738 3768 803 λαούς.

762 829 812 883 5.
851 828 1223 883 Conliteantur
1248 823 1485 898 [omnes]
1524 824 1729 879 nomini
1772 832 1865 879 tuo
1890 837 2131 894 magno:

2429 830 2481 883 5.
2526 828 3142 899 Ἐξομολογησασοωσαν
3172 827 3416 902 [πάντες]
3454 830 3533 900 τῷ
3576 829 3821 900 ὀνόματί
3856 846 3948 882 σου

2358 918 2433 970 τῶ
2468 920 2683 973 μεγάλω
2700 935 2713 946 ·

2358 936 2381 969 τ

763 998 815 1051 6.
848 997 1111 1064 Quoniam
1146 995 1406 1060 terribile,
1429 1005 1481 1049 et
1511 1003 1758 1049 sanctum
1785 1000 1868 1049 est
1897 1011 1909 1046 :

2358 936 2433 989 τῳ
2467 936 2713 990 μεγαλῳ·

1741 1008 1758 1047 ἰ
1785 1000 1868 1049 εει
1897 1011 1909 1046 ε
2428 1011 2479 1064 6.
2509 1012 2629 1063 Ὅτι
2665 1010 2893 1081 φοῦερὸν
2931 1011 3024 1062 καὶ
3042 1010 3195 1079 ἆγιόν
3225 1011 3359 1064 ἐστι.

762 1090 815 1143 7.
853 1088 916 1141 Et
950 1089 1125 1142 honor
1158 1087 1301 1157 regis
1324 1087 1589 1157 judicium
1620 1086 1816 1156 diligit.

2428 1098 2480 1152 7.
2515 1100 2623 1152 Καὶ
2647 1098 2780 1169 τιμὴ
2807 1099 3068 1169 βασιλέως
3094 1099 3271 1169 κρίσιν
3299 1101 3506 1170 ἀγαπᾷ.

763 1176 813 1228 8.
850 1174 929 1229 Tu
961 1175 1163 1244 parasti
1192 1174 1525 1229 directiones
1553 1191 1567 1228 :

2428 1186 2479 1241 8.
2517 1188 2586 1241 Σὺ
2611 1189 2913 1259 ἡτοίμασας
2944 1187 3244 1259 εὐθύτητας
3263 1201 3276 1213 ⁸

762 1267 813 1319 0.
850 1264 1121 1322 Judicium
1154 1274 1208 1320 et
1230 1265 1497 1333 justitiam
1525 1281 1577 1319 In
1605 1263 1774 1321 Jacob
1801 1275 1855 1321 tu
1886 1264 2080 1321 fecisti.

2427 1280 2478 1334 9.
2508 1280 2702 1349 Κρίσιν
2732 1281 2821 1334 καὶ
2845 1280 3187 1350 δικαιοσύνην
3213 1281 3269 1332 ὲν
3310 1278 3504 1333 Ἰακὼϐ
3549 1281 3614 1334 σὺ
3649 1279 3949 1351 ἐποίησας.

766 1357 851 1411 10.
876 1357 1119 1411 Exaltate
1141 1356 1429 1411 Dominum
1460 1355 1628 1412 Deum
1666 1366 1908 1412 nostrum
1934 1373 1949 1411 :

1884 1375 1908 1411 ΓΙ
1934 1373 1949 1411 ε
2430 1370 2513 1425 10.
2559 1371 2782 1442 ’Υψοῦτε
2821 1373 3023 1443 Κύριον
3048 1372 3136 1425 τὸν
3164 1372 3296 1426 Θεὸν
3320 1373 3502 1443 ἡμῶν·

767 1452 849 1503 11.
883 1448 947 1504 Et
971 1450 1193 1504 adnrate
1218 1451 1515 1505 scabellum
1544 1450 1739 1520 pedum
1762 1449 1880 1520 ejus
1906 1470 1917 1503 :

2432 1461 2487 1514 11
2502 1501 2515 1516 .
2536 1464 2645 1515 Καὶ
2670 1466 3022 1535 προσκυνεῖτε
3038 1464 3116 1535 τῷ
3132 1466 3407 1536 ὑποποδίῳ
3424 1465 3530 1518 τῶν
3553 1465 3732 1520 τωδῶν
3747 1464 3949 1518 αὐτοῦ·

766 1542 849 1595 12.
881 1540 1150 1607 Quoniam
1177 1550 1401 1596 sanctus
1422 1548 1524 1595 est.

1399 1548 1524 1595 .est.
2430 1552 2515 1606 12.
2549 1554 2669 1607 Ὀτι
2699 1555 2853 1623 ἆγιός
2882 1558 3017 1609 ἐστι.

764 1636 848 1686 15.
882 1633 1115 1704 Moyses,
1141 1643 1193 1687 et
1216 1635 1397 1687 Aaron
1429 1634 1480 1686 in
1507 1632 1880 1688 sacerdotibus
1908 1632 2026 1701 ejus
2047 1674 2062 1698 ,

2430 1643 2513 1698 13.
2549 1646 2808 1711 Μωῡσῆς,
2840 1647 2934 1699 καὶ
2980 1646 3185 1718 ’Λαρὼν
3211 1647 3269 1700 ἐν
3300 1649 3408 1711 τοῖς
3443 1648 3681 1719 ἱερεῦσιν
3704 1648 3880 1702 αὐτοῦ
3903 1687 3919 1711 ,

765 1722 849 1775 H.
889 1722 953 1777 Et
1006 1722 1227 1778 Samuel
1277 1725 1416 1778 inter
1456 1738 1571 1791 eos,
1626 1727 1717 1793 qui
1762 1723 2017 1779 invocant
2058 1740 2255 1780 nomen

2434 1734 2519 1788 N.
2554 1737 2662 1789 Και
2692 1737 2941 1808 Σαμουὴλ
2968 1740 3023 1790 ὲν
3048 1741 3159 1802 τοῖς
3189 1739 3638 1810 ἐπικαλουμένοις
3677 1741 3742 1794 τὸ
3768 1735 3953 1809 ὄνομα

692 1816 840 1884 cjus,
2293 1818 2310 1873 Ι

2293 1818 2334 1873 Β
2364 1827 2548 1891 αὐτοῦ,

765 1907 1205 1963 15.1ιινοοαι)οηι
1262 1906 1585 1977 Dominum,
1647 1917 1701 1964 et
1757 1910 1871 1980 ipse
1924 1909 2251 1965 exaudiebat

2436 1920 2522 1973 15.
2568 1921 2957 1977 Ἐπεκαλοῦντο
2983 1924 3072 1978 τὸν
3096 1923 3320 1995 Κύριον,
3347 1926 3439 1979 καὶ
3466 1927 3628 1990 αὐτὸς
3657 1929 3956 2000 είσήχουιν

691 2018 806 2058 00$.

2363 2010 2562 2064 αὐτῶν.

766 2093 850 2147 16.
882 2095 935 2148 In
962 2094 1212 2149 columna
1239 2095 1401 2150 nubis
1424 2095 1746 2165 loquebatur
1772 2095 1839 2151 ad
1878 2110 1995 2154 eos.

2433 2101 2519 2154 16.
2561 2103 2647 2155 Ἐν
2670 2102 2844 2173 στύλῳ
2868 2104 3096 2176 νεφέλης
3126 2106 3304 2160 ὲλαλει
3340 2107 3479 2177 πρὸς
3502 2108 3726 2173 αὐτούς.

765 2185 850 2239 17.
887 2185 1153 2252 Quoniam
1184 2186 1559 2241 custodiebant
1581 2188 1887 2243 testimonia
1921 2190 2077 2260 ejus,

2001 2205 2041 2245 Is
2060 2229 2077 2254 ,
2434 2192 2521 2247 17.
2553 2194 2675 2247 Ὀτι
2700 2194 3001 2263 ἐφύλασσον
3024 2197 3090 2249 τὰ
3115 2199 3389 2271 μαρτύρια
3412 2200 3579 2255 αὑτοῦ
3602 2240 3619 2265 ,

1800 2399 2173 2458 ATHANASII
2220 2404 2804 2470 INTERPRETATIO.

694 2601 975 2699 (ξανθῷ-τῃ
1025 2600 1172 2699 ζεᾼιρὶ
1342 2597 1457 2699 ﬁt?)
1498 2599 1591 2699 τού
1626 2597 1949 2699 Gnaei-Eia
1983 2603 2390 2699 ἀνεπίγραφος
2447 2613 2582 2681 παρ’
2621 2614 2934 2683 Ἑβραίοις.
2970 2619 3339 2692 ἀπρόσδεκτος
3364 2621 3441 2691 (ί)
3476 2623 3586 2697 γάρ
3622 2624 3781 2679 ἔστιν
3817 2628 3952 2699 παρ.

707 2694 982 2765 Ἐῢραίοις
1028 2694 1057 2745 ὁ
1087 2692 1405 2762 ἐγκείμενος
1434 2693 1493 2744 ἐν
1524 2691 1599 2760 τῷ
1631 2692 1851 2763 ψαλμῷ.
1882 2696 2157 2751 τουτέστιν
2181 2701 2208 2752 ὁ
2242 2700 2366 2767 Υἱὸς
2395 2705 2488 2759 τοῦ
2523 2706 2679 2759 Θεοῦ.

695 2785 903 2841 Deinde
933 2786 1045 2838 sine
1077 2785 1231 2837 titulo
1268 2783 1409 2852 apud
1442 2781 1692 2838 Hebrteos
1725 2800 1744 2836 :
1773 2794 2035 2855 exceptus
2056 2790 2201 2843 enim
2226 2808 2335 2849 non
2365 2808 2450 2852 est
2488 2798 2556 2853 ab
2590 2798 2851 2867 Hebraeis,
2882 2802 2977 2872 qui
3014 2803 3069 2857 in
3098 2803 3313 2874 psalmo
3344 2804 3680 2871 continetur,
3716 2807 3827 2865 hoc
3868 2817 3954 2863 est

695 2877 789 2933 Dei
818 2877 1005 2932 Filius.

776 2882 789 2931 i
818 2878 1005 2932 Filius.

767 3015 820 3068 9..
857 3013 961 3078 Qui
996 3013 1140 3067 sedes
1164 3029 1318 3081 super
1351 3012 1630 3068 Cnerubt'm
1651 3053 1665 3077 ,
1700 3013 1751 3067 in
1780 3016 2147 3086 cognitionem
2177 3032 2270 3075 ve—
2295 3004 2335 3061 (ἶ

2334 3042 2335 3053 χ
2437 3004 2489 3059 2.
2545 3006 2607 3061 Ὀ
2661 3013 3003 3079 καθήμενος
3044 3010 3144 3063 ἐπὶ
3193 3008 3312 3065 τῶν
3349 3013 3657 3081 χερουσὶμ,
3727 3016 3811 3078 είς
3875 3015 3952 3087 (Ξ)

697 3105 851 3158 hiant
881 3113 1084 3173 gentes.

2368 3095 2660 3166 ἐπίγνωσιν
2687 3102 2815 3175 ἔλθῃ
2842 3104 2909 3157 τὰ
2941 3102 3089 3173 ἔθνη.

770 3196 821 3250 5.
862 3196 915 3248 In
947 3194 1232 3249 animabus
1259 3194 1568 3251 sitientibus
1589 3210 1712 3251 eum
1746 3211 1977 3267 magnus
2002 3207 2106 3254 est.
2134 3197 2263 3255 Sion

2436 3191 2488 3245 3.
2534 3192 2617 3245 ’Ev
2637 3197 2753 3257 ταῖς
2775 3196 2969 3265 ψυχαῖς
2991 3200 3106 3259 ταῖς
3127 3194 3383 3262 διψὼσαις
3399 3198 3561 3251 αὐτὸν
3580 3198 3762 3269 μέγας
3786 3198 3951 3255 ἔστιν.

698 3289 841 3342 enim
872 3286 1253 3355 interpretatur
1277 3288 1482 3341 sitiens.

2366 3281 2520 3336 Σιὼν
2546 3285 2651 3355 γὰρ
2680 3284 2919 3354 διψῶσα
2946 3283 3327 3357 ἑρμηνεύεται.

768 3378 821 3434 4.
864 3377 1209 3433 Glorilicatus
1243 3378 1297 3431 in
1331 3378 1601 3449 gentibus.

2437 3372 2493 3428 4.
2523 3374 2915 3445 Δεδοξασμένος
2936 3378 2994 3427 ὲν
3026 3377 3138 3437 τοίς
3167 3375 3366 3429 ἔθνεσι.

767 3469 819 3525 5.
856 3468 1023 3525 Pceca
1032 3479 1083 3522 ta
1114 3484 1233 3522 sua.

2440 3464 2490 3519 5.
2526 3466 2636 3530 Τὰς
2672 3469 2945 3539 ἁμαρτίας
2970 3469 3168 3523 αὐτῶν.

770 3564 821 3615 (5.
854 3560 1125 3627 Quoniam
1159 3559 1496 3626 lionornbile,
1531 3568 1585 3615 et
1615 3560 1923 3617 immortale
1947 3570 2052 3617 est.

1879 3560 1923 3617 le
1947 3570 2052 3617 est.
2434 3556 2487 3609 6.
2519 3556 2639 3610 Ὅτι
2671 3558 2886 3630 ἔντιμον
2920 3560 3013 3613 καὶ
3051 3559 3321 3614 ἀθάνατόν
3360 3558 3497 3613 ἔστι.

771 3654 823 3707 7.
858 3653 921 3705 Et
953 3654 1121 3723 gloria
1148 3651 1268 3707 Filii
1297 3651 1390 3707 Dei
1420 3668 1607 3708 verum
1646 3653 1839 3723 diligit.

2441 3647 2490 3703 7.
2524 3649 2633 3701 Kal
2659 3651 2691 3720 ή
2724 3649 2850 3715 δόξα
2871 3650 2964 3704 τοῦ
2990 3651 3119 3703 Υίού
3145 3651 3239 3704 τοῦ
3263 3650 3397 3703 Θεοῦ
3419 3650 3479 3703 τὸ
3504 3649 3709 3720 ἀληθὲς
3736 3650 3951 3722 ἀγαπᾷ.

772 3746 823 3799 8.
858 3745 1106 3800 Mandata
1136 3756 1227 3800 tua
1266 3754 1390 3801 ante
1419 3746 1863 3801 constitutionem
1889 3744 2099 3800 mundi.

2439 3738 2492 3793 8.
2523 3739 2631 3802 Τὰς
2668 3740 2883 3804 ἐντολάς
2908 3758 3000 3794 σου
3032 3742 3107 3811 (5)
3135 3741 3242 3812 πρὸ
3272 3740 3577 3811 καταϐολῆς
3607 3742 3845 3811 κόσμου.

773 3839 826 3891 9.
858 3835 1075 3906 Legem,
1115 3846 1169 3891 et
1207 3837 1497 3906 prophetas
1528 3839 1581 3890 in
1610 3836 1814 3905 pouulo
1847 3834 2163 3895 Iudaeorum
2209 3843 2268 3889 tu

2438 3833 2491 3888 9.
2523 3832 2626 3885 Τὸν
2642 3835 2803 3900 νόμον
2832 3836 2924 3889 καὶ
2942 3835 3015 3906 (ι)
3032 3837 3316 3906 προφήτας
3342 3835 3399 3887 ἐν
3427 3833 3503 3905 τῷ
3524 3833 3641 3904 λαῷ
3663 3834 3783 3889 τῶν
3828 3836 3956 3891 Ἰου-

703 3930 924 3985 dedisti.

2371 3924 2535 3979 δαίων
2564 3928 2627 3981 σὺ
2660 3927 2888 3990 ἔδωκας.

778 4021 863 4077 1ο.
893 4021 1222 4077 Gloriﬂcate.

2444 4019 2530 4073 10.
2561 4019 2829 4085 Δοξάσατε
2858 4019 2953 4090 (5).

776 4115 865 4182 11,
897 4114 982 4169 12.
1018 4113 1245 4169 Crucem
1272 4112 1413 4182 ejus.

2443 4110 2767 4183 11,12.Τῷ
2806 4113 3024 4185 σταυρῷ
3056 4111 3242 4169 αὑτοῦ.

776 4208 861 4261 13.
896 4206 1103 4261 Fideles
1150 4204 1315 4259 veluti
1360 4202 1573 4274 Moyses
1625 4205 1679 4258 in
1732 4202 2161 4273 pradicatione,
2219 4213 2273 4257 et

2443 4202 2529 4256 15.
2560 4203 2622 4254 Οί
2658 4204 2839 4256 πιστοὶ
2891 4204 2965 4267 ὡς
3013 4204 3252 4275 Μωῦσῆς
3304 4205 3382 4266 είς
3410 4203 3472 4257 τὸ
3503 4204 3795 4276 κήρυγμα,
3863 4204 3956 4256 καὶ

706 4299 884 4353 omnis
909 4296 1168 4350 Ecclesia.
1194 4297 1375 4348 Aaron
1398 4294 1542 4348 enim
1572 4295 1960 4362 interpretatur
1988 4308 2135 4346 mons
2163 4292 2271 4347 vir-

2376 4295 2585 4365 πᾶσαή
2628 4294 2939 4365 Ἐκκλησία.
2988 4293 3204 4363 Ἀαρὼν
3254 4294 3361 4366 γὰρ
3407 4292 3770 4365 ἑρμηνεύεται
3817 4293 3957 4363 ὅρος

709 4392 855 4453 tutis,
887 4388 1064 4459 qualis
1097 4396 1181 4443 est
1209 4387 1451 4441 Ecclesia
1476 4386 1741 4440 ﬁdelium.
2300 4368 2327 4422 Ῑ

2300 4368 2343 4422 Ῑ)
2371 4382 2698 4451 δυνάμεως,
2728 4385 2864 4454 ὅπερ
2888 4386 3032 4438 ἐστὶν
3057 4386 3090 4455 ή
3129 4384 3425 4455 Ἐκκλησία
3444 4385 3549 4438 τῶν
3587 4384 3822 4437 πιστῶν.

782 4481 863 4535 1ι1.
898 4479 1132 4550 Populus
1163 4478 1367 4532 habens
1403 4492 1601 4531 nomen
1650 4476 1782 4541 Dei,
1833 4476 1938 4531 hoc
1984 4483 2069 4530 est
2113 4474 2271 4529 Chri-

2449 4474 2533 4527 14.
2573 4474 2631 4527 '0
2661 4474 2786 4537 λαὸς
2809 4478 2837 4527 ὁ
2864 4474 3001 4545 ἔχων
3022 4477 3082 4528 τὸ
3101 4474 3271 4547 ὃνομα
3294 4475 3368 4545 (6)
3394 4475 3488 4529 τοῦ
3516 4474 3670 4533 Θεοῦ.
3696 4475 3959 4529 τουτέστι

708 4576 933 4629 stisnus.
992 4571 1125 4627 Nam
1190 4569 1401 4627 Samuel
1455 4570 1841 4639 interpretatur
1903 4584 2092 4623 nomen
2154 4567 2269 4636 ejus

2376 4566 2716 4636 Χριστιανός.
2757 4566 3044 4636 Σαμουὴλ
3081 4566 3189 4638 γὰρ
3220 4566 3576 4639 ἑρμηνεύεται
3609 4565 3808 4634 ὄνομα
3847 4570 3958 4620 αὐ-

710 4659 867 4717 Deus.
2379 4656 2484 4711 τοῦ
2515 4661 2548 4712 ὀ
2568 4659 2729 4724 Θεός.

781 4755 867 4810 15.
900 4752 1147 4808 Fideles.-

2451 4751 2538 4804 15.
2565 4754 2627 4803 Ui
2658 4750 2836 4804 πιστοί
2862 4747 2957 4821 (7).

780 4844 866 4899 16.
898 4844 953 4897 In
983 4842 1276 4913 apostolis,
1304 4858 1397 4913 qui
1427 4857 1493 4898 ex
1522 4842 1806 4912 propnetis
1846 4850 2036 4906 erant,
2074 4839 2273 4911 pradi-

2450 4841 2535 4895 16.
2580 4840 2667 4895 Ἑν
2691 4844 2802 4904 τοῖς
2826 4839 3140 4904 ἀποστόλοις
3162 4842 3275 4903 τοῖς
3308 4838 3385 4909 (8)
3416 4841 3481 4893 ὲκ
3511 4838 3619 4894 τῶν
3651 4838 3957 4910 προφητῶν

710 4938 851 4993 cavit
870 4937 973 4992 eis.

2380 4938 2477 5007 εκή
2488 4937 2643 5008 ρυξεν
2664 4936 2864 4997 αὐτοῖς.

781 5022 868 5076 17.
893 5020 1158 5087 Quoniam
1194 5020 1536 5076 crediderunt
1562 5021 1615 5075 iu
1641 5019 1922 5077 doctrinas
1968 5018 2088 5088 ejus
2109 5058 2124 5083 ,

2453 5029 2538 5083 17.
2572 5028 2694 5081 Ὀτι
2729 5027 3055 5081 ἐπίστευσαν
3083 5024 3159 5097 (9)
3186 5027 3246 5079 ιν
3276 5025 3391 5088 τοῖς
3421 5025 3736 5096 μαθήμασιν
3758 5022 3955 5091 αὐτοῦ.

1648 5252 1958 5316 Addenda
1989 5258 2051 5314 et
2080 5248 2455 5330 corrigenda
2485 5266 2564 5309 ex
2592 5247 2732 5310 cod.
2769 5246 2971 5311 Vatic.

808 5456 1159 5539 1,)Ϊουτέστιν
1199 5458 1555 5529 ἀπροσδεκτος
1598 5459 1724 5531 παρ’
1763 5453 2035 5528 Ἑϐραίοις
2083 5455 2143 5507 ιν
2187 5454 2264 5525 τῷ
2557 5455 2828 5539 Αοξρισατε
2851 5456 3035 5511 αὐτόν.

710 5526 907 5651 cura
935 5526 1202 5596 βασιλεύς,
1237 5526 1341 5583 etc.
1680 5526 1690 5531 ’
1867 5526 1874 5528 “
2448 5526 2521 5599 (6)
2557 5527 2844 5595 Ὀνόματα.

783 5600 857 5651 ι’)
903 5599 1022 5650 Ἐπὶ
1060 5597 1279 5651 γνῶσιν.
2451 5598 2524 5651 i7)
2553 5599 2617 5648 0t
2648 5598 2828 5649 πιστοὶ
2861 5596 2965 5651 ὑπῆ

783 5598 857 5667 (ἳ)
903 5599 1022 5650 Ἐπὶ
1060 5598 1279 5667 γνῶσιν.
2451 5598 2524 5665 (7)
2553 5599 2617 5667 0i.
2648 5598 2828 5649 πιστοὶ
2861 5598 3129 5667 ὑπῆρχον.

783 5666 853 5738 (5)
884 5670 1021 5721 Μου.
1074 5666 1079 5667 ⁷

2455 5666 2532 5738 (ξ)
2561 5666 2687 5738 Ῑοῖς
2712 5667 2878 5721 deest.

782 5730 857 5809 (ι)
884 5740 988 5793 Καὶ
1013 5738 1157 5805 τούς,
1187 5748 1289 5794 etc.

2448 5730 2524 5806 (‘9)
2558 5736 2890 5805 Ἐπίστευον,
2929 5744 3057 5802 etc.,
3087 5733 3422 5806 παθήμασιν.
