4066 6318
104 384 229 437 1073
988 379 1077 433 DE
1118 381 1393 437 τιτυωδ
1431 378 1881 437 ιιεΑωωῐιυιι.
1924 412 1989 421 -—
2021 380 2215 435 PSAL.
2254 378 2431 433 XCIX.
3177 372 3312 427 1074

166 496 245 547 18.
283 492 387 546 Καὶ
420 493 486 545 τὰ
524 491 914 563 προστάγματα
939 491 1125 557 αὑτοῦ,
1156 492 1191 545 ἃ.
1222 492 1419 546 ἔδωκεν
1448 495 1646 556 αὐτοῖς.
1680 503 1722 559 Α

1326 510 1419 546 κεν
1448 495 1646 556 αὐτοῖς.
1680 503 1722 559 Α
1825 492 1911 545 18.
1948 488 2014 545 Et
2040 502 2301 561 praecepta
2325 490 2467 560 ejus.
2490 502 2610 557 quae
2637 484 2782 541 dedit
2806 485 2932 540 illis.

161 586 239 638 19.
267 582 432 652 Κύριε
465 581 493 632 ὁ
519 580 647 643 Θεὸς
674 581 848 651 ἡμῶν,
881 582 943 634 σὺ
976 583 1241 653 ὲπήκουες
1273 584 1449 637 αὐτῶν
1469 600 1481 612 ·

1822 582 1907 638 19.
1940 583 2166 637 Domine
2205 582 2345 637 Deus
2372 590 2575 645 noster,
2601 588 2657 634 tu
2680 578 3010 635 exaudiebss
3043 592 3172 635 eos:

167 673 251 727 20.
289 674 344 725 '0
367 671 519 738 Θεὸς,
544 673 607 725 σὺ
632 671 873 734 εύϊλατος
900 672 1076 739 ὲγίνου
1107 673 1313 738 αὐτοῖς,

1179 674 1313 738 τοῖς,
1818 673 1907 727 20.
1938 672 2079 729 Deus
2115 684 2168 729 tu
2206 672 2471 745 propitius
2505 670 2654 726 fuisti
2675 671 2785 737 eis,

159 767 242 821 21.
264 762 371 818 Καὶ
392 763 619 817 ὶκδικῶν
639 764 732 817 ἐπὶ
750 765 924 817 πάντα
942 765 1010 817 τὰ
1029 764 1432 835 ἐπιτηδεύματα
1453 765 1646 819 αὐτῶν.

1820 767 1911 821 21.
1942 765 2008 821 Et
2042 768 2311 823 ulciscens
2348 768 2403 821 in
2437 780 2633 821 omnes
2659 763 3071 820 adinveutiones
3100 778 3308 820 eorum.

164 857 249 910 22.
295 856 517 925 ’Υψοῦτε
551 854 751 927 Κύριον
774 856 864 909 τὸν
896 856 1025 908 Θεὸν
1054 858 1086 926 ἡ
1096 856 1212 926 μῶν
1232 871 1245 886 ·

1819 857 1910 911 22.
1940 858 2184 913 Exaltate
2218 858 2502 913 Dominum
2528 856 2694 911 Deum
2719 865 2967 909 nostrum
2998 873 3013 910 :

159 950 243 1003 25.
278 950 387 1002 Καὶ
414 951 763 1019 προσκυνεῖτε
796 950 874 1012 εἰς
900 948 1022 1018 ὄρος
1049 948 1200 1016 ἁγιον
1220 946 1414 1001 αὐτοῦ’

1359 946 1414 1000 ῠο
1819 949 1910 1003 25.
1939 949 2005 1003 Et
2037 949 2257 1004 adorate
2288 949 2341 1002 in
2368 957 2551 1003 monte
2576 952 2769 1001 sancto
2810 944 2928 1015 ejus
2952 964 2965 1000 :

162 1041 248 1094 21.
278 1041 400 1092 Ὀτι
427 1040 579 1108 ἅγιος
612 1040 813 1111 Κύριος
840 1042 868 1093 ὁ
894 1039 1024 1103 Θεὸς
1061 1039 1239 1111 ἡμῶν.

1821 1040 1913 1096 24.
1941 1040 2208 1108 Quoniam
2237 1048 2457 1096 sanctus
2485 1039 2747 1093 Dominus
2786 1036 2928 1093 Deus
2972 1043 3176 1092 noster.

106 1174 334 1243 Ψαλμὸς
386 1173 465 1239 τῷ
502 1173 675 1228 Δασίδ
705 1175 791 1240 εἰς
833 1173 1287 1244 ἐξομολόγησιν.
1329 1177 1504 1231 ΨΑΛ.
1531 1178 1646 1244 ιβ’.

1603 1180 1646 1230 γ.
1860 1172 2107 1227 Psalmus
2139 1169 2311 1226 David
2344 1173 2398 1225 in
2423 1170 2761 1239 confessione.
2784 1168 2985 1225 PSAL.
3003 1166 3209 1224 XCIX.

165 1312 213 1363 1.
251 1310 573 1376 Ἀλαλάξατε
605 1309 683 1380 τῷ
707 1308 843 1381 Θεῷ,
870 1312 1018 1365 πᾶσα
1045 1312 1078 1381 ἡ
1110 1311 1183 1382 γῆ
1201 1328 1215 1344 ·

1160 1312 1215 1382 ἡ·
1822 1307 1873 1361 1.
1917 1306 2152 1362 Juhilate
2186 1306 2316 1370 Deo,
2357 1304 2536 1361 omnis
2572 1312 2717 1359 terra
2750 1321 2766 1359 :

157 1404 208 1454 2.
241 1400 568 1454 Δουλεύσατε
597 1400 674 1471 τῷ
699 1401 887 1474 Κυρίῳ
920 1405 977 1456 ὲν
1001 1402 1327 1475 εὐφροσύνῃ.

1130 1402 1327 1474 ιοσύνῃ.
1819 1398 1875 1454 2.
1920 1397 2128 1453 Servite
2168 1397 2396 1453 Domino
2435 1397 2489 1451 in
2530 1395 2736 1451 laetitia.

163 1493 212 1546 5.
245 1491 526 1546 Εἰσέλθετε
552 1492 776 1547 ἐνώπιον
808 1494 969 1547 αὐτοῦ
1002 1496 1059 1547 ὲν
1087 1490 1420 1564 ἀγαλλίάσει.

1822 1490 1872 1545 5.
1917 1489 2143 1546 lntroite
2172 1489 2225 1544 in
2258 1496 2553 1558 conspectu
2591 1486 2711 1557 ejus
2744 1487 2800 1540 in
2837 1484 3213 1541 exsultatione.

160 1584 209 1637 4.
245 1585 439 1649 Γνῶτε,
474 1585 554 1639 ὅτι
586 1584 787 1657 Κύριος
816 1586 975 1650 αὑτός
1000 1589 1145 1641 ἐστιν
1167 1588 1195 1641 6
1220 1588 1350 1653 Θεὸς
1387 1589 1539 1660 ἡμῶν
1563 1606 1582 1622 ο

1822 1583 1875 1637 4.
1920 1581 2157 1649 Scitote,
2222 1584 2481 1653 quoniam
2543 1581 2807 1637 Dominus
2860 1581 2980 1651 ipse
3032 1585 3115 1633 est
3184 1576 3321 1634 Deut

1752 1682 1959 1729 noster.

166 1764 215 1816 5.
248 1764 417 1826 Αύτδς
444 1764 696 1835 ἐποίησεν
726 1764 895 1835 ἡμᾶς,
927 1764 1023 1819 καὶ
1049 1767 1146 1836 οὐχ
1177 1767 1335 1837 ἡμεῖς
1355 1784 1370 1799 ο

1264 1769 1335 1832 εἰς
1355 1784 1370 1799 ο
1823 1767 1876 1821 5.
1914 1763 2033 1835 Ipse
2066 1762 2195 1819 fecit
2229 1778 2351 1830 nos,
2372 1774 2426 1819 et
2455 1779 2564 1819 non
2594 1763 2693 1834 ipsi
2726 1777 2828 1818 nos
2855 1780 2870 1818 :

163 1856 215 1909 ο.
245 1855 433 1926 Ἡμεῖς
457 1856 513 1909 δι
534 1856 661 1921 λαὸς
677 1857 863 1926 αὑτοῦ,
884 1858 981 1912 και
1010 1856 1256 1929 πρόϐατα
1282 1859 1449 1930 νομῆς
1469 1859 1653 1914 αὑτοῦ.
1687 1837 1730 1893 Β

1717 1840 1730 1892 ⁵
1824 1857 1879 1913 6.
1915 1854 2025 1912 Nos
2078 1864 2259 1911 autem
2312 1857 2545 1927 populus
2595 1855 2750 1926 ejus,
2811 1861 2866 1909 et
2924 1865 3056 1909 oves
3110 1863 3323 1923 pascua

1753 1962 1892 2019 ejus.

162 2029 211 2082 7.
239 2028 516 2083 ΕἰσέλΘετε
549 2032 629 2095 εἰς
649 2032 747 2095 τὰς
778 2032 954 2096 πύλας
983 2031 1146 2086 αὐτοῦ
1174 2034 1231 2087 ὲν
1257 2033 1656 2107 ὲξομολογήσειδ

1376 2034 1656 2107 ιολογήσειδ
1826 2040 1877 2094 7.
1919 2038 2142 2095 lntroite
2173 2048 2357 2109 portas
2377 2039 2499 2110 ejus
2528 2038 2581 2094 in
2610 2035 2982 2103 confessione,

167 2120 220 2176 8.
254 2120 345 2186 Εἰς
378 2121 476 2185 τὰς
506 2123 674 2187 αὐλὰς
705 2122 870 2176 αὑτοῦ
901 2125 959 2175 ὲν
992 2122 1203 2193 ὕμνοις.

955 2141 959 2166 ι
992 2122 1203 2193 ὕμνοις.
1822 2129 1877 2184 8.
1919 2130 2071 2183 Atria
2094 2129 2216 2199 ejus
2245 2129 2299 2184 in
2324 2129 2561 2198 hymnis.

166 2212 217 2265 9.
256 2214 687 2285 Ἐξομολογεῖσθε
718 2215 885 2286 αὐτῷ,
929 2216 1129 2269 αἰνεῖτε
1169 2216 1232 2270 τδ
1255 2216 1426 2289 ὄνομα
1453 2218 1617 2273 αὑτοῦ
1637 2237 1654 2250 ι

1453 2218 1617 2273 αὑτοῦ
1637 2237 1654 2250 ο
1832 2220 1885 2274 9.
1922 2218 2265 2276 Conﬁtemini
2295 2219 2393 2285 illi,
2421 2219 2636 2274 laudate
2665 2233 2863 2274 nomen
2895 2217 3013 2288 ejus
3037 2234 3051 2272 :

173 2305 252 2360 10.
286 2307 405 2360 Ὀτι
437 2307 670 2379 χρηστὸς
699 2308 919 2380 Κύριος.

1834 2313 1922 2369 10.
1962 2311 2232 2380 Quoniam
2265 2312 2450 2368 suavis
2485 2323 2569 2368 est
2606 2309 2888 2366 Dominus.

170 2398 252 2453 11.
282 2398 377 2463 Εἰς
410 2399 500 2453 τὸν
529 2399 698 2455 αἰῶνα
726 2402 785 2456 τὸ
816 2400 1013 2476 [αἰῶνα
1045 2401 1137 2458 τοῦ
1167 2402 1363 2469 αἰῶνος
1398 2402 1480 2477 τδ]
1513 2402 1660 2469 ἔλεος

1837 2405 1924 2459 11.
1959 2404 2019 2459 ln
2046 2413 2310 2461 aeternum
2347 2404 2427 2479 (in
2468 2403 2724 2463 saeculum
2768 2399 2977 2473 seculi]
3018 2395 3326 2457 misericor-

101 2484 254 2540 αὑτοῦ
274 2504 289 2519 ο

1771 2494 1858 2550 dia
1879 2494 1998 2567 ejus
2024 2512 2037 2549 :

1209 2666 1589 2726 ATHANASII
1626 2667 2207 2730 INTERPRETATIO.

172 2820 253 2874 18.
288 2820 398 2884 Τὰς
443 2823 764 2893 παραδόσεις
792 2822 886 2877 τοῦ
933 2823 1233 2895 μυστηρίου
1271 2822 1366 2877 τοῦ
1408 2822 1662 2878 Θανάτου.
1693 2828 1736 2885 C

1210 2840 1233 2876 υ
1271 2822 1366 2877 τοῦ
1408 2822 1662 2878 θανάτου.
1693 2828 1736 2885 C
1839 2826 1925 2882 18.
1954 2825 2298 2881 Trsditiones
2331 2826 2572 2899 mysterii
2605 2828 2816 2885 mortis.

172 2913 251 2966 19.
282 2913 353 2966 Σὺ
383 2912 459 2983 (1)
490 2914 756 2986 ὲπλήρους
783 2914 851 2968 τὰ
878 2915 1155 2985 αἰτήματα
1181 2914 1384 2970 αὐτῶν.

1347 2932 1384 2969 θ.
1838 2919 1923 2974 19.
1956 2919 2037 2975 'I‘u
2072 2919 2405 2990 adimplebas
2428 2920 2715 2991 petitiones
2744 2935 2953 2975 eorum.

166 3003 252 3056 20.
288 3004 387 3057 Διὰ
411 3004 505 3057 τοῦ
536 3006 714 3075 τιμίου
751 3023 845 3059 σου
873 3005 1121 3076 σώματος
1149 3006 1242 3059 καὶ
1273 3005 1520 3077 αἵματος,

1837 3011 1926 3067 20.
1963 3011 2065 3067 Per
2094 3012 2391 3081 pretiosum
2435 3020 2586 3067 tuum
2632 3027 2850 3082 corpus,
2897 3019 2953 3067 et
2985 3012 3325 3083 ninguiuem.

167 3098 198 3147 2
212 3097 225 3146 l
241 3098 366 3149 Καὶ
382 3097 631 3167 πολεμῶν
648 3099 739 3151 καὶ
756 3115 885 3152 συντ
897 3097 1059 3171 ρίὸων
1075 3101 1201 3164 τοὺς
1217 3098 1442 3172 ἐχθροὺς
1457 3098 1658 3153 αὐτῶν.

1834 3103 1927 3159 21.
1958 3102 2023 3158 Ει
2049 3104 2398 3174 impugnans,
2427 3113 2484 3159 et
2514 3115 2804 3161 conterens
2832 3118 3020 3161 eorum
3062 3103 3326 3178 inimicos.

167 3188 252 3240 22.
283 3187 552 3254 Δοξάσατε
586 3189 767 3245 αὐτόν.

1835 3194 1926 3249 22.
1960 3194 2268 3250 Glorilicate
2304 3209 2448 3250 eum.

171 3280 257 3334 23.
295 3281 383 3335 Ἑν
410 3283 475 3353 τῇ
506 3281 617 3336 ἀνω
656 3283 1026 3355 Ἰερουσαλήμ.

1018 3325 1026 3339 .
1836 3284 1924 3341 2³5.
1959 3285 2019 3340 ln
2045 3299 2280 3355 superna
2306 3283 2624 3341 Jerusalem.

170 3372 255 3426 24.
286 3375 442 3429 Κατὰ
474 3374 634 3445 φύσιν
666 3376 824 3447 μόνος
851 3379 1035 3441 αὐτὸς.

1837 3376 1928 3433 24.
1962 3376 2277 3433 Secundum
2310 3384 2563 3431 naturam
2594 3376 2744 3432 solus
2776 3376 2907 3447 ipse.

184 3553 241 3604 'Il
274 3551 611 3623 προκειμένη
640 3553 916 3625 ἐπιγραφὴ
945 3553 1189 3626 περιέχει
1212 3554 1288 3626 (2)
1311 3571 1325 3584 ο
1354 3556 1601 3626 Υαλμὸς
1639 3556 1871 3622 πάντας
1894 3557 1982 3623 εἰς
2018 3555 2246 3620 πίστιν,
2278 3554 2376 3609 καί
2409 3553 2871 3625 ἐξομολόγησιπ·

175 3665 390 3723 Titulus
426 3667 751 3738 pmpositus
783 3669 1027 3725 continet
1054 3687 1068 3723 :
1098 3668 1351 3726 Psalmus
1381 3687 1559 3727 omnes
1602 3671 1671 3725 ad
1708 3671 1888 3741 ﬁdem,
1915 3680 1966 3727 et
1995 3670 2399 3741 confessionem.

175 3824 223 3878 l.
254 3823 493 3895 Δεήθητε
521 3822 615 3877 τοῦ
636 3822 771 3878 Θεοῦ
801 3825 937 3897 μετὰ
963 3826 1232 3897 δακρύων.

1132 3843 1232 3881 πων.
1844 3828 1896 3884 1.
1924 3826 2085 3882 Orate
2106 3826 2276 3883 Deum
2310 3841 2434 3882 cum
2466 3824 2738 3897 lacrymis.

175 3914 225 3968 2.
260 3914 542 3984 ’Υπάγητε
566 3913 641 3985 (5)
673 3914 822 3985 αὐτῷ
855 3916 992 3985 μετὰ
1017 3916 1345 3988 προθυμίας.

1310 3937 1345 3983 ς.
1842 3920 1897 3975 2.
1938 3918 2198 3989 Subjicite
2230 3934 2327 3975 vos
2358 3919 2435 3974 illi
2464 3933 2588 3975 cum
2618 3917 2916 3974 alacritate.

169 4006 221 4059 ὃ.
255 4004 586 4075 ΙΙροσὲλθετε
617 4005 693 4075 (4)
724 4005 873 4078 αὑτῷ
908 4008 1045 4077 μετὰ
1070 4009 1265 4078 χαρᾶς.

1203 4009 1265 4071 lc.
1841 4012 1895 4067 3.
1922 4010 2175 4067 Accedite
2199 4013 2267 4065 ad
2299 4025 2422 4065 eum
2450 4025 2573 4065 cum
2595 4009 2809 4079 gaudio.

175 4098 225 4151 4.
253 4096 586 4151 Πιπεύσατε
612 4096 685 4168 (5)
718 4098 795 4170 τῷ
822 4098 1203 4173 σταυρωθέντι,
1226 4100 1307 4154 ὅτι
1333 4100 1493 4165 αὐτός
1520 4102 1666 4155 ἔστιν
1702 4161 1738 4175 κ

1730 4165 1738 4175 _
1842 4106 1897 4159 4.
1924 4105 2140 4162 Credite
2199 4103 2497 4171 cruciﬂxo,
2558 4104 2700 4175 quod
2758 4103 2873 4175 ipse
2932 4111 3016 4158 est
3074 4098 3336 4158 Dominus

112 4191 510 4262 ὀΘεδςήμῶν.
621 4161 677 4168 ’⁷
766 4161 777 4170 ⁷
960 4161 973 4173 ’
1189 4161 1197 4164 ⁷
1474 4161 1489 4165 ⁷
1699 4161 1718 4216 ¹

376 4191 510 4262 μῶν.
621 4161 677 4168 ⁷⁷
766 4161 777 4170 ⁷
960 4161 973 4173 ⁷
1189 4161 1197 4164 ⁷
1474 4161 1489 4165 ⁷
1699 4161 1743 4216 D
1778 4208 1982 4257 noster.

173 4283 221 4337 5.
266 4284 439 4347 Αὐτὸς
468 4284 614 4354 ἡμᾶς
641 4284 862 4357 εποίησε
899 4285 1010 4357 (6),
1054 4286 1148 4340 καὶ
1193 4287 1312 4358 οὐχὶ
1342 4286 1401 4353 ἐξ
1430 4285 1584 4358 ἡμῶν
1609 4285 1670 4339 τὸ

1850 4291 1903 4346 5.
1938 4290 2055 4362 Ipse
2081 4305 2181 4347 nos
2214 4288 2363 4358 fecit,
2390 4299 2445 4346 et
2480 4303 2589 4345 nou
2625 4304 2694 4344 ex
2723 4288 2879 4345 nobis
2915 4302 3129 4354 sumus,
3155 4298 3213 4341 ut
3235 4286 3334 4340 sli-

114 4373 264 4439 ιῖναι,
289 4376 363 4441 ὦς
391 4393 537 4440 τινες
564 4375 829 4444 λέγουσιν.

488 4393 537 4440 ες
564 4375 829 4444 λέγουσιν.
1775 4385 1865 4458 qui
1887 4384 2094 4441 dicunt.

178 4468 227 4522 6.
264 4469 457 4540 Ἡμεῖς
482 4467 540 4520 δὲ
558 4467 686 4532 λαὸς
708 4468 893 4538 αὑτοῦ,
914 4470 1008 4524 καὶ
1036 4466 1281 4542 πρόϐατα
1311 4468 1411 4539 τῆς
1441 4468 1672 4540 ποίμνης

1660 4485 1672 4532 ς
1849 4480 1903 4535 ϐ.
1931 4478 2041 4535 Nos
2062 4487 2245 4535 autem
2273 4478 2503 4551 populus
2530 4478 2670 4550 eius,
2701 4486 2753 4534 et
2780 4491 2907 4533 oves
2927 4477 3103 4549 gregis
3126 4476 3266 4549 ejus.

116 4579 290 4616 αυτου.

183 4656 229 4709 7.
266 4656 345 4728 Τῇ
382 4655 460 4728 (7)
492 4655 696 4725 διανοίᾳ.
727 4652 899 4725 ὑμῶν.

731 4652 899 4725 ὑμῶν.
1850 4658 1901 4714 ’1.
1937 4657 2115 4715 Mente
2140 4666 2337 4714 vestra.

180 4750 230 4804 8.
265 4749 601 4817 Εἰσαγάγετε
640 4750 699 4799 ὲν
743 4749 857 4810 τοῖς
894 4748 1142 4819 οὐρανοῖς
1171 4746 1271 4810 τὰς
1311 4746 1473 4818 εὐχὰς
1500 4745 1680 4817 ὑμῶν.

1425 4746 1473 4809 is
1500 4745 1680 4817 ὑμῶν.
1850 4750 1909 4806 8.
1949 4749 2284 4805 lntroducite
2311 4751 2365 4804 in
2392 4749 2558 4806 cmlos
2590 4762 2775 4819 preces
2801 4756 3031 4804 vestras.

180 4840 230 4894 9.
266 4839 742 4913 Ἐξομολογοῦντες
769 4839 866 4902 τὰς
894 4840 1168 4911 ἁμαρτίας
1193 4839 1368 4912 ὑμῶν,
1401 4840 1493 4893 καὶ
1518 4839 1678 4910 εὐχα-

1852 4843 1904 4899 9.
1930 4840 2290 4899 Conlitentes‘
2334 4850 2551 4913 peccata
2609 4849 2819 4904 vestra,
2877 4848 2930 4894 ct
2991 4837 3189 4909 gratias
3238 4838 3340 4907 ipsi

121 4931 417 4999 ριστοῦντες
449 4930 614 5001 αὐτῷ.

410 4950 417 4990 :
449 4930 614 5001 αὐτῷ.
1781 4944 2016 5005 agentes.

184 5023 267 5087 10,
304 5024 390 5078 11.
424 5024 546 5077 Ὀτι
580 5022 781 5092 ἀγαθὸς
822 5022 1022 5094 Κύριος
1044 5063 1059 5089 ,
1088 5023 1181 5078 καὶ
1211 5024 1289 5095 (8)
1325 5022 1681 5092 ἀτελεύτητον

1854 5024 1944 5089 10,
1974 5026 2062 5080 11.
2094 5025 2361 5093 Quoniam
2383 5026 2558 5083 bonus
2582 5022 2863 5085 Dominus,
2886 5028 2942 5076 et
2960 5029 3217 5076 uernum
3241 5033 3338 5074 no-

120 5112 171 5164 τὸ
192 5113 356 5183 ὄνομα
382 5109 571 5167 αὐτοῦ.

466 5109 571 5167 τοῦ.
1784 5130 1905 5172 men
1936 5116 2072 5187 ejus.

1057 5291 1362 5354 Addenda
1408 5296 1468 5351 et
1507 5289 1887 5369 corrigenda
1912 5307 1990 5352 ex
2021 5289 2161 5350 cod.
2196 5288 2393 5350 Vstic.

185 5475 255 5549 (l
283 5474 509 5549 Κύριεμὸ
531 5476 667 5549 Θεὸς.
692 5477 867 5549 ἡμῶν,
897 5479 984 5541 σύ,
1006 5488 1109 5533 etc.
1189 5548 1194 5549 ί
1849 5479 1924 5547 (5)
1959 5477 2361 5535 Ἐπιστεύσατι.

186 5544 485 5619 (2)]116ιὰ
518 5546 617 5616 τῆς
647 5544 1014 5619 κινναϐάρεως
1046 5548 1304 5618 περιέχει·
1342 5549 1562 5619 Ψαλμὸς
1595 5550 1672 5610 εἰς

963 5567 1014 5619 υς
1046 5548 1304 5618 περιέχει·
1342 5549 1562 5619 Ψαλμὸς
1595 5550 1672 5610 εἰς
1854 5544 1930 5617 (0)
1956 5548 2246 5619 Ἔπλασεν,
2270 5550 2569 5619 plasmauit.

121 5611 895 5707 ὲξτξξρλᾴῃοξνὶξροτρέπεταί
919 5611 1027 5689 γὰρ
1051 5611 1307 5689 ὁῷαλμὸς
1332 5611 1681 5684 πάνταςέυιε.
1820 5706 1823 5707 ν
1860 5611 1936 5701 (7)
1974 5617 2034 5672 N.
2067 5611 2618 5707 τ..Τη⁷,⁷θις..εὑχὰς
2651 5615 2931 5707 ὑμῶν.
2964 5617 3025 5682 8,
3061 5617 3117 5683 9,
3153 5614 3341 5691 ὁμοὶος

297 5687 686 5761 ζΥποτᾴςίητεζ
932 5687 939 5689 ⁷
1000 5687 1009 5689 ⁷
1113 5687 1119 5688 ⁷
1212 5687 1219 5689 ⁷
1792 5687 2011 5761 γοῦντες
2041 5706 2091 5761 τ.
2120 5691 2171 5743 ἀ.
2207 5687 2284 5761 ύ.,
2318 5687 2782 5761 summam,
2804 5697 2911 5744 etc.

192 5753 262 5823 (4)
297 5753 656 5827 Προτόλθατε.

1805 5753 1813 5757 ⁷
1862 5759 1935 5827 (8)
1967 5759 2072 5812 Καί
2107 5776 2213 5817 non
2246 5753 2457 5828 legitur.
