4066 6318
751 356 886 410 1075

823 505 902 558 12.
940 503 1004 558 Et
1037 520 1206 574 usque
1248 506 1299 558 in
1341 507 1740 572 generationem
1764 552 1778 576 ,
1817 523 1870 566 et
1909 515 2304 584 generationem
2341 499 2379 554 Α

750 594 1172 665 [generationes]
1206 596 1405 650 veritas
1432 598 1569 665 ejus.

1118 687 1373 741 Psalmus
1405 688 1594 743 David.
1625 690 1826 746 PSAL.
1860 694 1898 748 (ἰ

819 781 868 832 1.
905 778 1328 835 Misericordiam
1357 792 1408 834 et
1436 781 1703 850 judicium
1748 787 1979 839 cantabo
2022 788 2150 854 tibi,
2204 788 2306 842 Do-

748 873 890 927 mine
915 890 927 925 :
1455 923 1469 938 ,

813 965 866 1017 2.
909 963 1142 1018 Psallam
1195 974 1247 1019 et
1304 964 1600 1036 intelligam
1664 966 1718 1019 in
1773 968 1858 1021 via
1920 968 2302 1034 immaculata,

744 1056 960 1124 quando
990 1056 1171 1110 venies
1193 1057 1258 1111 ad
1292 1072 1399 1112 me.

815 1150 866 1203 3.
901 1149 1348 1203 Perambulabam
1407 1149 1463 1202 in
1517 1149 1827 1205 innocentia
1875 1150 2058 1205 cordis
2100 1151 2206 1204 mei
2252 1151 2304 1203 in

745 1239 923 1292 medio
955 1238 1153 1292 domus
1183 1253 1337 1295 meaz.

814 1329 864 1382 4.
901 1327 1018 1383 Non
1074 1329 1443 1399 proponebam
1499 1334 1622 1384 ante
1659 1330 1841 1384 oculos
1880 1345 2027 1385 meos
2071 1346 2184 1385 rem
2226 1331 2308 1384 in-

736 1421 940 1490 justam
971 1440 982 1474 :

811 1513 863 1566 5.
899 1511 1181 1567 Facientes
1221 1513 1696 1582 praevaricationes
1724 1513 1888 1566 odivi.

811 1606 863 1660 6.
899 1603 1016 1659 Non
1048 1603 1277 1658 adhaesit
1302 1604 1436 1658 mihi
1463 1619 1557 1659 cor
1589 1620 1816 1673 pravum
1845 1623 1856 1657 :

811 1699 862 1751 '7.
901 1697 1266 1752 Declinantem
1316 1714 1345 1751 a
1397 1712 1484 1750 me
1529 1697 1823 1767 malignum
1870 1713 1975 1750 non
2012 1713 2306 1767 cognosce-

739 1792 860 1844 bam
871 1830 883 1843 .

811 1883 862 1933 8.
899 1879 1283 1935 Detralientem
1321 1885 1530 1932 secreto
1562 1879 1816 1947 proximo
1855 1893 1974 1945 suo,
2009 1879 2152 1932 hunc
2178 1893 2301 1947 per—
2335 1859 2375 1914 Β

740 1973 1024 2029 sequebar.

841 1990 1024 2029 nebar.

801 1990 862 2119 (Si).
895 2065 1140 2135 Superbo
1183 2065 1362 2130 oculo,
1394 2074 1446 2119 et
1494 2062 1789 2118 insatiabili
1826 2061 2003 2124 corde,
2041 2076 2162 2115 cum
2198 2060 2299 2114 hoc

739 2172 845 2212 non
878 2156 1122 2211 edebam.

810 2248 897 2300 10.
927 2245 1083 2300 Oculi
1115 2246 1219 2299 mei
1248 2245 1313 2299 ad
1343 2244 1525 2299 ﬁdeles
1558 2251 1711 2297 terrae
1737 2282 1748 2302 ,

807 2339 893 2393 11.
933 2336 1002 2393 Ut
1026 2338 1246 2393 sedeant
1274 2338 1374 2407 ipsi
1403 2351 1634 2390 mecum.

809 2432 896 2485 12.
921 2432 1220 2487 Ambulans
1262 2432 1315 2484 in
1358 2431 1440 2482 via
1499 2425 1840 2482 immaculata
1864 2466 1878 2490 ,
1916 2425 2000 2479 hic
2035 2424 2166 2478 mihi
2199 2425 2299 2478 mi-

740 2525 1023 2578 nistrabat.

1590 365 1644 418 S.
1689 366 2052 426 ATHANASII
2094 371 2242 427 OPP.
2285 377 2463 434 PARS
2500 378 2586 434 Ill.
2631 412 2692 420 --
2737 381 3138 440 EXEGETICA.

3853 389 3968 441 107C-

2482 500 2567 552 12.
2600 500 2706 552 Καὶ
2739 501 2841 564 ἕως
2862 505 3053 570 γενεᾶς
3085 504 3174 554 καὶ
3205 504 3394 570 γενεᾶς
3416 503 3666 574 [γενεῶν]
3766 507 3973 577 ἁλήῦςλ

2407 602 2589 638 αυτου.

2727 681 2971 748 Ψαλμός
3002 680 3078 744 τῷ
3106 683 3300 736 Δαϐίδ.
3341 685 3513 736 ΨΑΛ.
3553 689 3632 738 P'.

2477 785 2528 837 1.
2561 786 2749 839 Ἔλεον
2783 787 2874 838 καὶ
2913 788 3090 856 κρίσιν
3123 789 3320 858 ᾇσομαί
3350 807 3449 854 σοι,
3484 793 3683 860 Κύριεο

2472 964 2524 1016 2.
2552 964 2721 1018 Ψαλῶ
2766 967 2858 1018 καὶ
2899 968 3111 1038 συνὴσω
3140 970 3195 1020 ὲν
3221 968 3325 1037 ὁδῷ
3355 968 3568 1038 ἀμώμῳ
3589 1010 3603 1032 ,
3657 970 3794 1020 πότε
3839 972 3974 1038 ἣξεις

2405 1056 2540 1126 πρὸς
2570 1056 2654 1125 μέ.

2471 1148 2522 1199 5.
2558 1149 2960 1220 Διεπορευόμην
2994 1150 3050 1202 ἐν
3096 1151 3300 1221 ἀκακία
3330 1151 3551 1221 καρδίας
3593 1169 3698 1220 μου
3735 1153 3800 1203 ὲν
3838 1152 3972 1220 μέειρ

2404 1238 2496 1290 τοῦ
2525 1240 2668 1293 οἴκου
2706 1259 2824 1310 μου.

2475 1330 2528 1382 4.
2571 1332 2643 1382 Οὐ
2691 1333 3051 1403 προετιθέμην
3098 1334 3470 1405 [προεθέμην]
3521 1336 3628 1406 πρὸ
3684 1335 3970 1403 ὀφθαλμῶν

2409 1440 2509 1490 μου
2540 1424 2770 1493 πρᾶγμα
2805 1425 3116 1494 παράνομον
3136 1442 3150 1456 ·

2474 1514 2526 1567 5.
2562 1513 2854 1576 Ποιοῦντας
2886 1517 3219 1585 παραϐάσεις
3251 1517 3500 1587 ἐμίσησα.

2473 1605 2525 1657 6.
2556 1606 2668 1657 Οὐκ
2699 1606 2956 1675 ἐκολλήθη
2994 1625 3080 1676 μοι
3110 1607 3304 1679 καρδία
3337 1611 3550 1679 σκαμϐη
3570 1626 3583 1639 ·

2479 1697 2531 1750 7.
2573 1696 2938 1760 Ἐκκλίνοντος
2964 1699 3056 1750 ἀπ’
3093 1700 3224 1769 ἐμοῦ
3250 1700 3342 1752 τοῦ
3369 1702 3623 1770 πονηροῦ,
3662 1703 3763 1753 οὐκ
3791 1701 3972 1767 ἐγίνω-

2412 1805 2556 1841 σκον.

2477 1880 2526 1932 8.
2565 1880 2668 1932 Τὸν
2700 1881 3099 1934 καταλαλοῦντα
3133 1883 3308 1954 λάθρα
3339 1884 3426 1936 τὸν
3456 1884 3681 1954 πλησίον
3703 1884 3822 1955 [τοῦ
3850 1887 3967 1951 πλη-

2411 1971 2546 2041 σίον]
2577 1971 2762 2035 αὑτοῦ,
2789 1973 2975 2026 τοῦτον
3009 1973 3306 2038 ἐξεδίωκον.

2478 2064 2528 2115 9.
2569 2063 2933 2133 ’Υπερηφάνῳ
2982 2065 3240 2136 ὀφθαλμῷ
3266 2107 3280 2130 ,
3330 2068 3418 2118 καὶ
3453 2067 3710 2138 ἀπλήστῳ
3746 2070 3971 2140 acup-£4,

2404 2152 2574 2220 τούτῳ
2602 2153 2662 2204 οὐ
2693 2153 2991 2221 συνήσθιον.

2472 2243 2556 2295 10.
2597 2244 2657 2294 Οἱ
2691 2244 2955 2314 ὀφθαλμοί
2985 2263 3083 2314 μου
3119 2248 3210 2298 ἐπι
3234 2265 3358 2307 ’τους
3386 2265 3605 2311 πιστους
3640 2267 3741 2319 της
3779 2267 3904 2319 της.

2476 2332 2560 2384 11.
2601 2332 2704 2383 Τοῦ
2739 2334 3109 2404 συγκαθῆσθαι
3133 2336 3325 2399 αὐτοὺς
3355 2341 3468 2406 μετ’
3499 2341 3652 2409 ἐμοῦ.

2476 2420 2559 2472 12.
2596 2423 2966 2493 Πορενόμενος
3019 2427 3078 2478 ἐν
3114 2427 3215 2496 ὀδῷ
3250 2427 3492 2499 ἀμώμῳ,
3530 2426 3682 2494 οὗτος
3714 2453 3805 2503 μοι
3849 2435 3969 2487 ἐλει-

2402 2511 2492 2564 τού
2503 2529 2593 2582 ργε
2603 2531 2639 2567 ι.

1860 2672 2234 2730 ATHANASII
2276 2671 2858 2730 INTERPBETATIO.

808 2842 897 2897 12.
929 2841 998 2895 Et
1023 2840 1156 2897 ﬁdes
1183 2839 1297 2912 ejus
1327 2840 1674 2910 sempiterna.

2482 2834 2565 2885 12.
2594 2834 2702 2887 Καὶ
2735 2835 2767 2902 ἡ
2805 2833 2981 2897 πίστις
3012 2834 3174 2886 αὑτοῦ
3203 2835 3569 2904 ἀτελεύτητος.

819 2957 883 3009 Ἡ
909 2954 1250 3028 ,προκειμένη
1280 2953 1557 3024 ἐπιγραφὴ
1593 2950 1837 3021 περιέχει
1869 2949 1942 3017 (1)
1966 2965 1979 2978 υ
2019 2946 2261 3014 Ψαλμὸς
2293 2945 2372 3010 τῷ
2406 2946 2615 3010 Δαόὶδ,
2663 2945 2904 2998 τουτέστι
2963 2944 3044 3011 τῷ
3085 2945 3502 3013 εὐαρεστοῦντι
3537 2945 3606 2998 ἐν
3638 2946 3792 2999 πᾶσι
3838 2946 3964 3016 Θεῷ,

753 3048 1140 3121 Ἐρμηνεύεται
1165 3048 1273 3117 γὰρ
1291 3044 1368 3116 τῷ
1392 3044 1466 3115 (2)
1490 3041 1581 3095 τοῦ
1613 3041 1790 3094 Δαϐὶδ
1813 3039 1981 3109 ὄνομα
2003 3038 2215 3092 τοῦτον
2242 3037 2498 3106 ἐποίησα
2523 3035 2876 3108 [ἠγιὶπησα],
2905 3037 3103 3090 ὡσανεὶ
3130 3037 3234 3089 τῶν
3252 3039 3308 3088 ἐν
3339 3038 3471 3089 πᾶσι
3497 3035 3614 3107 Θεῷ
3638 3038 3961 3108 εὐαρεςτῶν.

805 3143 1020 3196 Titulus
1044 3139 1364 3210 praepositus
1391 3137 1635 3192 continet
1667 3153 1680 3189 :
1721 3133 1971 3187 Psalmus
1999 3131 2204 3197 David,
2243 3132 2348 3186 hoc
2379 3139 2457 3185 est
2488 3133 2535 3184 ei
2556 3172 2571 3196 ,
2608 3131 2698 3198 qui
2734 3133 2789 3182 in
2828 3133 3066 3183 omnibus
3099 3131 3380 3198 complacet
3419 3130 3545 3184 Deo.
3583 3130 3966 3201 Interpretatur

741 3237 885 3290 enim
923 3232 1094 3286 David
1122 3246 1315 3286 nomen
1339 3230 1473 3282 hunc
1501 3229 1599 3297 feci
1625 3223 1857 3297 [dilexi],
1891 3240 2081 3293 nempe
2115 3239 2263 3288 eum,
2290 3225 2404 3293 qui:
2434 3225 2486 3275 in
2523 3221 2778 3276 omnibus
2811 3221 2919 3276 Deo
2945 3222 3262 3290 complacet.

810 3325 864 3378 1.
897 3322 1311 3378 Beneticentiam
1351 3330 1497 3373 tuam
1521 3359 1533 3380 ,
1579 3327 1634 3370 et
1677 3315 1834 3368 iidem
1877 3326 2023 3368 tuam
2073 3315 2299 3368 medita-
2329 3325 2370 3381 (ι

743 3420 862 3480 bor,
898 3415 1146 3470 Domine.

811 3512 863 3564 '2.
902 3509 1234 3578 lntelligam,
1276 3520 1396 3576 qua:
1426 3502 1652 3574 psallam
1693 3502 1746 3555 in
1783 3501 1944 3555 corde
1986 3513 2140 3569 puro,
2177 3513 2300 3553 cum

743 3601 1067 3656 inhabitabit
1095 3601 1147 3654 in
1180 3613 1265 3654 me
1292 3598 1463 3669 gratia
1485 3606 1599 3660 tua,
1637 3593 1884 3648 Domine.

812 3693 865 3746 5.
901 3691 1292 3748 Permanebam
1349 3689 1402 3741 in
1435 3685 1799 3741 exsultatione
1857 3681 2040 3737 cordis
2092 3679 2196 3734 mei
2251 3678 2305 3731 in

742 3786 919 3839 medio
963 3785 1330 3843 membrorum
1371 3794 1636 3833 meorum.

815 3879 867 3931 4.
903 3875 1018 3930 Non
1052 3874 1232 3943 recepi
1263 3873 1317 3926 in
1347 3879 1526 3926 mente
1555 3870 1736 3924 cordis
1764 3868 1867 3922 mei
1907 3882 2020 3922 rem
2057 3879 2302 3935 pravam.

811 4056 864 4110 5.
900 4053 1268 4125 Cogitationes
1317 4047 1633 4102 diabolicas.

814 4141 866 4193 ὕ.
909 4136 1164 4191 Doctrina
1188 4133 1410 4188 diaboli.

818 4231 872 4283 7.
907 4228 1218 4282 Absistentc
1245 4237 1436 4293 parum
1470 4239 1500 4275 a
1541 4237 1626 4275 me
1657 4219 1917 4290 maligno,
1944 4233 2052 4272 non
2086 4226 2307 4272 cuncta-

748 4327 867 4387 bar,
893 4320 987 4377 sed
1015 4317 1390 4388 inspiciebam.

818 4417 867 4468 8.
901 4409 1299 4482 Cogitationem
1351 4414 1724 4477 suggerentem
1765 4403 1896 4458 milii
1942 4401 2144 4471 aliquid
2184 4417 2309 4470 pra-

746 4521 873 4559 vum
924 4511 1116 4557 contra
1155 4501 1391 4569 aliquem
1438 4497 1719 4551 hominem
1751 4496 2036 4565 ejiciebam
2081 4511 2109 4548 e
2145 4495 2309 4549 corde

749 4610 889 4650 11100.

815 4685 869 4740 9.
915 4683 1123 4739 Sensus
1175 4683 1482 4754 superbiat,
1534 4690 1588 4735 et
1639 4680 1878 4734 avaritiae
1928 4695 2036 4732 non
2091 4678 2199 4731 alui
2251 4678 2302 4730 in
2335 4683 2380 4736 D

745 4779 910 4835 corde
943 4790 1086 4831 meo.

816 4867 1018 4932 10,11.
1047 4865 1196 4922 Mens
1244 4882 1364 4920 mea
1407 4865 1460 4919 in
1508 4864 1797 4934 praceptis
1838 4862 1969 4924 tuis,
2005 4869 2066 4914 ut
2096 4875 2310 4930 perma-

745 4970 912 5015 neant
946 4960 1063 5027 ipsa
1097 4960 1153 5012 in
1182 4959 1346 5014 corde
1377 4972 1516 5012 meo.

817 5052 904 5107 12.
946 5052 1183 5121 Spiritus
1217 5059 1438 5105 sanctus
1478 5059 1604 5103 tuus
1647 5048 1736 5101 hic
1791 5047 1919 5101 mihi
1970 5045 2311 5100 ministrabat

746 5148 973 5216 gratiam
1011 5155 1179 5199 tuam.

2474 3312 2524 3365 1.
2557 3313 2666 3384 Τὴν
2695 3312 2937 3365 εὐποιίαν
2965 3330 3054 3364 σου
3085 3314 3177 3364 καὶ
3200 3314 3297 3382 τὴν
3331 3312 3509 3364 πίστιν
3536 3329 3629 3364 σου
3667 3315 3960 3384 μελετὴςω.

2408 3404 2601 3474 Κύριε.

2475 3493 2529 3546 2.
2582 3491 2847 3564 Ἐννοήσω
2898 3492 2971 3561 (3)
3012 3493 3155 3561 άπερ
3200 3493 3353 3562 ψαλῶ
3399 3495 3454 3545 ὲν
3501 3493 3698 3564 καρδίᾳ
3743 3495 3963 3564 inﬁgi.

2406 3588 2532 3640 ὅταν
2563 3586 2925 3657 ὲπισκηνώσει
2958 3589 2990 3656 ἡ
3022 3588 3178 3657 χάρις
3207 3604 3321 3650 σου,
3350 3588 3540 3657 Κύριε.

2474 3679 2525 3731 5.
2556 3677 2833 3730 Διετέλουν
2889 3680 2944 3729 ὲν
2996 3677 3314 3744 ἀγαλλιάσει
3357 3679 3453 3747 τῆς
3500 3678 3728 3746 καρδίας
3771 3697 3874 3750 με)
3920 3684 3964 3731 ἐν

2411 3771 2559 3840 μέσῳ
2590 3771 2696 3822 τῶν
2731 3769 2905 3839 μελῶν
2944 3787 3064 3839 μου.

2479 3862 2530 3914 4.
2567 3863 2679 3913 Οὐκ
2713 3861 2971 3932 ἐδεχόμην
3014 3864 3070 3913 ἐν
3108 3864 3172 3932 τῇ
3217 3860 3423 3931 διανοίᾳ
3469 3859 3567 3930 τῆς
3611 3860 3834 3932 καρδίαις
3874 3878 3961 3931 μον

2408 3955 2557 4024 πρᾶγ
2566 3970 2639 4022 μα
2668 3951 2741 4021 (-1)
2776 3953 3023 4023 πονηρόν.

2478 4048 2529 4101 5.
2575 4045 2929 4117 Ἐνθυμήσεις
2963 4047 3299 4115 δαιμονικάς.

2478 4139 2529 4190 6.
2562 4137 2888 4190 Διδασκαλία
2919 4137 3009 4189 τοῦ
3042 4137 3306 4191 διαϐόλου.

2477 4228 2529 4281 7.
2573 4227 2964 4298 Ἀφισταμένου
3017 4231 3207 4300 μικρὸν
3256 4231 3349 4282 ἀπ’
3384 4230 3515 4300 ἐμοῦ
3560 4228 3653 4282 τοῦ
3706 4229 3960 4300 tango-2.

2408 4319 2504 4371 οὲκ
2534 4319 2762 4388 ἤμελλον
2792 4320 2888 4389 (5),
2921 4320 3033 4373 ἀλλ’
3069 4321 3316 4391 ὲνηφόρῳ
3351 4320 3713 4394 [ἐναφὼρων].

2479 4410 2530 4465 8.
2576 4411 2677 4461 Τὸν
2710 4411 2965 4482 λογισμὸν
2995 4413 3082 4464 τὸν
3116 4412 3488 4465 ὑποϐάλλοντά
3520 4415 3609 4482 μοί
3649 4432 3701 4466 τι
3747 4414 3958 4482 πονηρὲνι

2411 4502 2553 4554 κατά
2585 4519 2726 4565 τινος
2751 4502 2858 4555 τῶν
2892 4503 3187 4574 ἀνθρώπιον
3216 4503 3464 4568 ἐξέϐαλον
3507 4507 3569 4556 ἐκ
3614 4506 3712 4576 τῆς
3755 4506 3958 4575 καρδίας

2413 4613 2512 4663 μου
2523 4639 2534 4649 .

2487 4685 2538 4737 9.
2582 4685 2935 4756 Ἐνθυμήσεις
2972 4686 3047 4756 (6)
3087 4685 3458 4756 ὑπερηφανίας
3492 4687 3582 4738 κα)⁸
3623 4686 3955 4756 φιλαργυρία.

2414 4776 2512 4827 οὐκ
2537 4774 2764 4846 ἔτρεφον
2791 4779 2847 4830 ἐν
2870 4780 2935 4847 τῇ
2967 4777 3159 4848 καρδίᾳ
3195 4795 3315 4847 μου.

2491 4866 2578 4930 10,
2618 4869 2702 4924 11.
2756 4869 3060 4922 Ἦ“διάνοιά
3090 4887 3190 4939 μου
3227 4871 3282 4921 ὲν
3323 4873 3434 4933 τοῖς
3469 4871 3840 4940 προστάγμασι
3881 4869 3955 4920 σοί

2418 4961 2532 5010 ἐστι
2557 4959 2650 5011 τοῦ
2680 4960 2952 5030 διαμένειν
2976 4962 3114 5015 αὐτὰ
3139 4963 3195 5012 ὲν
3317 4962 3510 5032 καρδίᾳ
3542 4979 3662 5031 μου.

2496 5051 2580 5103 12.
2628 5052 2699 5103 Τὸ
2736 5052 2960 5124 Πνεῦμά
2993 5069 3084 5105 σου
3125 5053 3183 5105 τὸ
3211 5053 3361 5120 ἅγιον
3398 5052 3546 5105 τοῦτό
3594 5054 3666 5122 (7)
3711 5070 3794 5122 μοι
3841 5052 3937 5102 iis:

2414 5143 2634 5213 τούργει
2661 5145 2758 5216 τὴν
2781 5147 2937 5216 χάριν
2962 5163 3074 5198 σου.

1700 5315 2004 5377 Addenda
2043 5325 2102 5375 et
2140 5318 2515 5397 corrigenda
2547 5338 2625 5381 ex
2657 5323 2795 5383 cod.
2828 5324 3029 5384 Vatic.

815 5469 892 5536 (l)
927 5469 990 5519 Ἡ
1017 5467 1103 5519 διὰ
1132 5471 1226 5537 τῆς
1263 5466 1629 5535 κινναϐάρεως
1656 5462 1917 5537 περιέχει.

821 5531 893 5605 (2)
940 5539 1010 5590 Τὸ
1036 5537 1128 5589 τοῦ
1162 5531 1321 5590 Δαϐὶδ
1361 5531 1558 5606 ὄνομα,
1590 5533 1774 5585 τοῦτον
1810 5531 2069 5602 ἐπὸθησα,
2117 5533 2315 5585 ὡσανεὶ

747 5610 837 5661 τὸν
866 5611 911 5659 ὲ.
947 5626 1005 5659 π.
1033 5607 1528 5677 6.·εὐαρεστοῦντα.

817 5678 1086 5748 (5))Ψαλῶ
1107 5719 1118 5739 ,
1158 5671 1249 5730 καὶ
1294 5682 1502 5748 πνῄσω
1526 5677 1678 5747 ,ἅπερ
1713 5671 1896 5742 ψάλλω
1928 5674 2004 5739 ἐν,
2033 5685 2161 5739 etc.,
2196 5679 2312 5730 ἐπι-

752 5747 1035 5817 σκηνώσει,
1073 5760 1175 5802 ctc.

2490 5465 2564 5534 (1)
2599 5468 2788 5536 Λόγον.

2493 5537 2570 5607 (ὅ)
2613 5538 2894 5607 Ἦμέ-λουν,
2925 5539 3037 5591 ἀλλ’
3072 5537 3267 5606 ἔνιφον.

2604 5606 2947 5680 Ἐνθύμησιν,
2976 5619 3100 5674 elc.,
3133 5610 3370 5680 ἔτρεφον,
3399 5615 3503 5662 etc.

2492 5678 2568 5747 (7)
2603 5679 2739 5731 Αὐτό
2773 5678 2879 5747 μοι.
