4066 6318
692 324 826 378 1079

759 440 812 491 8.
840 438 1133 494 Percussus
1160 457 1279 495 sum
1317 450 1375 495 ut
1407 442 1614 511 fenum,

754 528 810 584 9.
838 527 901 581 Et
926 532 1069 585 aruit
1105 548 1198 585 eor
1227 549 1405 588 meum
1446 556 1457 589 :

755 621 841 676 10.
874 622 1012 689 Quia
1042 625 1242 681 oblitus
1267 643 1383 681 sInn
1417 631 1703 685 comedere
1729 649 1923 703 panem
1959 654 2149 693 meum.

756 715 843 768 11.
875 714 922 769 Α
952 732 1084 772 voce
1111 720 1342 789 gemitus
1382 724 1484 775 mei
1527 724 1754 780 adhaesit
1784 744 1846 782 os
1887 746 2065 785 meum
2103 737 2259 788 carni

686 818 835 861 mcze.

759 899 841 955 1‘2.
872 900 1079 957 Similis
1114 900 1292 957 factus
1326 921 1446 959 sum
1486 906 1730 973 pelieano
1752 912 2060 969 solitudinis
2088 936 2099 968 :

755 990 839 1043 15.
872 990 1069 1046 Factus
1102 1009 1220 1046 sum
1249 994 1389 1049 sicut
1409 1002 1717 1067 nyctieorax
1754 1002 1807 1055 in
1848 1005 2142 1061 domicilio.

754 1079 838 1133 H.
875 1080 1122 1152 Vigilavi,
1148 1093 1202 1139 et
1228 1084 1404 1140 faetus
1425 1103 1546 1142 sum
1576 1091 1717 1145 sicut
1748 1108 1937 1162 passer
1973 1098 2253 1155 solitarius

686 1172 740 1227 in
772 1182 932 1229 tecto.

756 1266 841 1323 15.
867 1266 1000 1323 Tuta
1036 1268 1122 1324 die
1148 1270 1546 1340 exprobrabant
1581 1276 1714 1329 mihi
1749 1276 1953 1333 inimici
1986 1282 2088 1335 mei
2122 1303 2133 1335 :

753 1360 841 1416 16.
879 1357 947 1415 Et
989 1362 1081 1431 qui
1138 1363 1432 1418 laudabant
1491 1381 1578 1421 me
1624 1367 1908 1425 adversum
1962 1388 2047 1428 me
2104 1375 2255 1443 jura-

684 1451 834 1507 baut.

754 1540 838 1593 17.
884 1539 1021 1606 Quia
1085 1543 1323 1599 cinerem
1376 1553 1633 1616 tanquam
1694 1564 1889 1618 panem
1953 1554 2252 1610 manduca—

686 1629 808 1683 hani
841 1649 856 1685 :

756 1722 841 1776 18.
874 1719 938 1775 Et
964 1731 1149 1792 potum
1182 1738 1363 1777 meum
1395 1739 1519 1779 cum
1552 1724 1676 1781 fletu
1711 1727 2027 1783 miseebam.

752 1814 840 1867 19.
875 1812 920 1866 Α
947 1812 1085 1869 faeie
1113 1814 1207 1869 ira:
1229 1823 1353 1879 tuae,
1388 1823 1442 1868 et
1468 1817 1855 1887 indignationis
1885 1827 1991 1872 tua:
2024 1837 2037 1849 ·

749 1904 840 1958 9.0.
874 1904 1010 1971 Quia
1044 1906 1262 1961 elevans
1289 1906 1507 1963 allisisti
1538 1923 1643 1962 me.

754 1997 842 2050 2!.
870 1996 993 2052 Dies
1023 1997 1125 2052 mei
1156 1998 1298 2053 sicut
1326 1999 1515 2053 umbra
1542 2000 1949 2055 declinaverunt
1983 2020 1999 2053 τ

753 2092 842 2145 22.
879 2090 945 2146 Et
974 2107 1075 2162 ego
1103 2092 1247 2146 sicut
1270 2090 1453 2146 fenum
1487 2095 1627 2147 arui.

750 2184 841 2241 23.
878 2185 958 2240 Tu
990 2193 1200 2253 autem,
1223 2184 1477 2255 Domine,
1508 2186 1560 2241 in
1587 2195 1851 2241 aeternum
1894 2200 2180 2256 permanes
2208 2196 2222 2235 :

1527 332 1582 388 S.
1625 336 1990 395 ATHANASII
2031 342 2185 402 ΟΡΡ.
2220 346 2400 405 PARS
2438 350 2523 405 Ill.
2560 384 2627 395 --
2672 352 3083 411 EXEGETICA.

3812 372 3938 426 1080

2285 471 2330 528 Α
2432 465 2484 518 8.
2522 466 2797 540 Ἒπλήγην
2830 470 2957 523 ὡσεὶ
2994 474 3201 543 χόρτος,

2426 556 2478 608 9.
2506 556 2613 608 Καὶ
2642 556 2913 628 ἐξηράνθη
2948 562 2979 629 ἡ
3016 562 3210 632 καρδία
3239 580 3361 634 μουο

2428 647 2513 699 10.
2550 649 2671 702 Ὅτι
2703 650 3047 722 ἐπελαθόμην
3073 653 3168 707 τοῦ
3196 661 3387 724 φαγεῖν
3418 658 3506 710 τὸν
3534 660 3707 728 ἄρτον
3749 682 3873 732 μου,

2429 739 2512 793 11.
2543 741 2676 793 Ἀπὸ
2714 743 2898 813 φωνῆς
2944 744 3035 796 τοῦ
3086 750 3385 818 στεναγμοῦ
3435 769 3534 820 μου
3569 754 3850 825 ἐκολλήθη
3886 755 3941 807 τὸ

2354 829 2544 882 ὀστοῦν
2585 848 2686 901 μου
2718 836 2781 904 τῇ
2818 836 2979 905 σαρκέ
3007 853 3130 905 μου.

2425 924 2511 978 1ἐ.
2548 926 2845 998 Ὠμοιώθην
2878 929 3130 983 πελεκᾶνι
3156 932 3403 1004 ὲρημικῷ
3421 952 3435 963 ’

2426 1015 2514 1068 15.
2544 1016 2837 1089 Ἐγενήοην
2870 1019 3001 1073 ὡσεὶ
3029 1026 3349 1095 νυκτικόραξ
3375 1030 3433 1079 ἐν
3459 1030 3757 1099 οἱκοπέξφ.

2426 1107 2513 1162 11.
2546 1110 2920 1181 ’ῐίγρύττνησα,
2965 1115 3059 1165 καὶ
3103 1117 3368 1187 ἐγενόμην
3412 1120 3487 1183 ὡς
3525 1123 3817 1193 στρουθίον
3848 1143 3935 1192 μο-

2354 1200 2513 1263 νάζον
2548 1202 2640 1255 ἐπὶ
2666 1202 2912 1273 δώματος
2937 1203 3242 1277 [ὲγενήθην,
3268 1218 3396 1273 elc.,
3422 1211 3680 1285 δώματι]

2428 1294 2513 1347 15.
2545 1294 2712 1365 Ὅλην
2741 1295 2840 1367 τὴν
2866 1297 3079 1369 ἡμέραν
3109 1298 3379 1364 ὠνείδιζόν
3408 1321 3472 1372 με
3502 1306 3549 1355 οἱ
3580 1305 3773 1375 ἐχθροί
3803 1324 3899 1376 μου
3919 1326 3930 1334 ·

2429 1386 2512 1439 16.
2551 1386 2661 1438 Καὶ
2693 1388 2738 1438 οἱ
2766 1388 3111 1453 ἐπαινοῦντές
3140 1408 3203 1461 με
3235 1393 3352 1445 κατ’
3386 1394 3519 1463 ἐμοῦ
3548 1394 3796 1464 ὤμνυον.

2428 1562 2513 1615 Π.
2547 1562 2668 1615 Ὀτι
2701 1563 2891 1616 σποδὸν
2917 1563 3047 1617 ὡσεὶ
3079 1566 3239 1637 ἄρτον
3264 1566 3489 1638 ἔφαγον·

2428 1720 2513 1775 18.
2549 1721 2658 1774 Καὶ
2684 1721 2743 1773 τὸ
2774 1722 2926 1793 πόμα
2956 1742 3055 1793 μου
3083 1726 3219 1794 μετὰ
3250 1727 3525 1798 κλαυθμοῦ
3557 1731 3812 1801 ἐκέρνων.

2283 1819 2325 1872 Β
2430 1812 2657 1865 19.Ἀπὺ
2676 1817 2966 1884 προσώπου
2986 1815 3082 1885 τῆς
3098 1816 3263 1887 ὀργῆς
3282 1834 3396 1881 σου,
3410 1819 3502 1871 καὶ
3515 1820 3606 1871 τοῦ
3622 1820 3802 1891 θυμοῦ
3818 1837 3930 1873 σου-

2425 1903 2513 1957 20.
2543 1905 2663 1957 Ὅτι
2690 1906 2899 1976 ἐπάρας
2930 1906 3269 1978 κατέρῤαξάς
3299 1927 3384 1979 με.

2424 1996 2515 2049 21.
2544 1999 2607 2049 Ai
2639 1997 2841 2069 ἡμέραι
2875 2015 2973 2067 μου
3002 1999 3134 2052 ὡσεὶ
3162 2001 3288 2053 σκιὰ
3322 2002 3608 2072 ἐκλίθησαν
3629 2021 3645 2035 ο

2424 2088 2513 2140 29..
2549 2088 2719 2157 Κάγὼ
2744 2089 2876 2141 ὡσεὶ
2908 2090 3096 2159 χόρτος
3130 2092 3448 2164 ἐξηράνθην.

2425 2179 2518 2233 25.
2553 2180 2623 2232 ΣΞ)
2654 2180 2729 2245 δὲ,
2758 2180 3063 2252 Κύριε;εἱς
3090 2183 3183 2237 τὸν
3214 2184 3383 2239 αἰῶνα
3412 2186 3624 2258 μένεις·

1802 2381 2173 2436 ATHANASII
2222 2379 2803 2435 iNTERPRETATlO.

751 2544 803 2596 8.
842 2540 1060 2597 Concidi
1091 2541 1408 2596 vulneratus
1440 2558 1470 2596 a
1499 2550 1739 2611 peccato.

748 2638 802 2690 9.
834 2635 969 2701 Quia
994 2636 1165 2705 gratia
1193 2635 1427 2704 Spiritus
1457 2634 1534 2687 tui
1571 2649 1677 2687 non
1708 2641 1827 2686 erat
1859 2631 1914 2686 in
1945 2648 2050 2685 me.

753 2815 840 2868 10.
874 2813 1140 2880 Quoniam
1163 2814 1370 2884 neglexi
1395 2813 1646 2868 meditari
1679 2813 1732 2867 in
1769 2813 1885 2883 lege
1909 2820 2023 2866 tua.

757 2902 842 2959 11.
875 2900 956 2957 Ob
988 2903 1245 2973 gemitum
1291 2912 1651 2971 consumptus
1680 2918 1823 2969 sum,
1855 2910 1910 2956 et
1936 2915 2062 2956 ossa
2100 2899 2253 2969 peni-

684 3005 770 3050 rus
802 2994 972 3050 evasi.

751 3084 839 3140 12.
873 3085 1043 3141 Sicuti
1075 3086 1354 3155 pelieanus
1408 3085 1461 3138 in
1512 3084 1632 3139 loco
1678 3083 1832 3139 arido
1879 3082 2249 3153 deprehensus

681 3176 905 3229 omnino
947 3176 1309 3241 consumitur,
1333 3176 1409 3232 ita
1442 3183 1495 3229 et
1527 3189 1627 3245 ego
1662 3182 2020 3243 consumptus
2049 3186 2168 3226 sum
2193 3172 2245 3225 in

681 3277 924 3339 peccato,
959 3284 1081 3323 eum
1113 3269 1286 3341 gratia
1311 3279 1402 3323 tua
1430 3267 1562 3322 mihi
1587 3267 1824 3320 deesset.

753 3362 837 3415 15.
867 3358 1190 3433 Nycticorax
1222 3362 1275 3414 in
1303 3358 1541 3415 tenebris
1574 3359 1737 3429 degit.
1770 3366 1824 3412 et
1858 3357 1911 3410 in
1940 3364 2097 3411 nocte
2139 3354 2248 3410 cla-

682 3462 831 3506 mat:
869 3452 942 3506 ita
980 3452 1163 3522 igitur,
1194 3451 1387 3521 inquit,
1416 3458 1472 3505 et
1501 3464 1603 3520 ego
1650 3463 1877 3503 manens
1909 3448 1962 3501 in
2011 3446 2247 3501 tenebris

680 3544 908 3611 peccati,
932 3543 1152 3612 plorans
1179 3543 1378 3597 clamo.

754 3635 840 3689 M.
877 3634 1075 3689 Multos
1117 3634 1463 3689 insidiatores
1506 3634 1665 3689 habet
1707 3648 1897 3704 passer
1942 3631 2246 3694 solitarius,

681 3737 935 3793 anguem,
966 3731 1021 3778 et
1046 3724 1411 3779 abominanda
1453 3723 1749 3792 reptilium,
1771 3730 1827 3777 et
1864 3721 2032 3775 multa
2055 3722 2247 3775 volati-

683 3815 814 3867 lium
846 3832 863 3880 ;
894 3815 949 3868 in
985 3816 1093 3869 ictu
1133 3816 1298 3883 igitur
1327 3815 1470 3869 oculi
1501 3829 1755 3869 somnum
1792 3814 1907 3885 ipse
1932 3813 2095 3883 capit,
2120 3815 2247 3883 quia

680 3906 1068 3976 circumspicit,
1132 3922 1199 3963 ne
1272 3906 1558 3963 insidiator
1617 3906 1815 3978 aliquis
1872 3908 1920 3960 ei
1993 3922 2248 3977 superve-

681 3998 833 4053 niat:
873 3999 947 4054 ita
994 3999 1179 4069 igitur,
1218 4000 1414 4070 inquit,
1455 4008 1508 4055 et
1552 4014 1652 4070 ego
1680 4014 1828 4055 eram
1864 3998 2147 4065 sollicitus,
2179 4012 2248 4053 ne

682 4089 862 4157 aliqua
891 4087 1325 4145 adversariarum
1354 4096 1682 4154 ootestatum
1718 4088 1775 4141 in
1800 4102 1886 4143 me
1912 4089 2161 4143 irrueret.

753 4269 839 4324 l5.
872 4268 1209 4326 lncessanter
1237 4272 1511 4330 demones
1535 4283 1725 4329 contra
1752 4288 1839 4329 me
1853 4273 2241 4344 gloriabantur.

754 4362 839 4417 16.
876 4360 943 4418 Et
985 4366 1078 4435 qui
1120 4365 1275 4435 prius
1317 4366 1624 4435 gaudebant
1668 4382 1790 4423 mea
1839 4367 2242 4439 prodigalitate,

2426 2540 2478 2593 8.
2512 2541 2792 2596 Συνέπεσα
2818 2543 3044 2612 πληγεὶς
3066 2544 3169 2598 ὑπὸ
3194 2545 3290 2616 τῆς
3318 2546 3609 2616 ἁμαρτίας.

2423 2633 2475 2687 9.
2501 2632 2633 2685 Ἀπὸ
2656 2633 2747 2686 τοῦ
2769 2634 2927 2706 χάριν
2951 2635 3025 2704 (1)
3049 2636 3140 2688 τοῦ
3159 2636 3469 2709 Πνεύματὸς
3494 2656 3582 2692 σου
3607 2640 3685 2711 μὴ
3706 2637 3846 2695 εἶναι
3867 2644 3925 2695 iv

2352 2724 2493 2795 ἐμοί.

2428 2820 2511 2873 10.
2547 2821 2668 2873 Ὀτι
2694 2823 2942 2895 ἠμέλησα
2975 2821 3051 2893 (2)
3088 2824 3314 2895 μελετᾷν
3348 2826 3404 2877 ὲν
3429 2826 3506 2895 τῷ
3538 2828 3689 2898 νόμῳ
3715 2847 3833 2882 σου.

2425 2911 2511 2964 11.
2553 2912 2684 2965 Ἀπὸ
2734 2910 2827 2965 τοῦ
2874 2912 3149 2977 στενάζειν
3197 2931 3261 2983 με
3303 2913 3596 2987 ὲξετάκην,
3654 2922 3746 2972 καὶ
3790 2921 3920 2981 ὅλως

2354 3002 2535 3055 ὀστέον
2561 3004 2775 3071 γέγονα.

2425 3087 2513 3147 12.
2548 3095 2755 3166 Ὥσπερ
2776 3098 2804 3148 ὁ
2823 3096 3055 3149 πελεκάν
3079 3094 3155 3167 (5)
3183 3098 3239 3149 ἐν
3268 3096 3479 3167 ἀνύδρῳ
3499 3100 3648 3168 τόπῳ
3677 3100 3918 3169 εὑρεθεὶς

2350 3186 2485 3248 ὅλως
2513 3187 2909 3257 κατατήκεται.
2944 3185 3113 3251 οὕτως
3149 3187 3302 3257 κάγὼ
3339 3191 3729 3262 κατανηλώθην
3761 3195 3822 3246 ὲν
3854 3196 3915 3261 τῇ

2351 3274 2616 3347 ἁμαρτία,
2645 3276 2744 3345 τῆς
2772 3276 2989 3347 χάριτός
3014 3293 3105 3328 σου
3138 3277 3212 3347 μὴ
3245 3276 3410 3345 οὔσης
3440 3282 3498 3331 ὲν
3521 3282 3644 3350 ὲμοῐ

2421 3368 2509 3421 15.
2555 3368 2614 3420 '0
2640 3366 2963 3437 νυκτικόραξ
2990 3368 3047 3418 ὲν
3095 3368 3272 3420 σκότει
3318 3368 3511 3435 διάγει,
3549 3370 3644 3423 καὶ
3674 3373 3732 3422 ὲν
3765 3374 3917 3424 νυκτὶ

2352 3458 2447 3529 βοᾷ
2468 3477 2481 3490 ι
2526 3458 2699 3522 οὕτως
2729 3456 2843 3527 οὖν,
2876 3459 3053 3528 λέγει,
3086 3460 3270 3529 κάγὼ,
3302 3461 3359 3512 ὲν
3395 3462 3577 3515 σκότει
3610 3464 3711 3533 τῆς
3745 3466 3917 3536 ἀμαρ-

2348 3550 2467 3613 τίας
2490 3550 2587 3616 ὢν,
2619 3551 2938 3623 ὀδυρόμενος
2972 3552 3095 3622 βοῶ.

2421 3645 2508 3698 14.
2543 3643 2777 3707 Πολλοὺς
2825 3644 3143 3709 ἐπιϐούλους
3191 3645 3302 3716 ἔχει
3351 3647 3411 3699 τὸ
3458 3649 3775 3718 στρουθξον,
3827 3652 3915 3703 τόν

2347 3735 2503 3804 ὅφιν,
2530 3736 2624 3789 καὶ
2661 3736 2730 3789 τὰ
2779 3737 2997 3806 μυσαρὰ
3036 3736 3144 3791 τῶν
3186 3739 3445 3809 ἑρπετῶν,
3474 3742 3568 3793 καὶ
3614 3741 3781 3793 πολλὰ
3812 3743 3911 3794 τῶν

2348 3825 2638 3878 πετεινῶν
2683 3826 2740 3878 ὲν
2773 3828 2905 3896 ῥιπῇ
2938 3822 3031 3880 οὖν
3063 3828 3338 3898 ὀφθαλμοῦ
3372 3831 3515 3882 ἐστιν
3547 3834 3577 3884 ὁ
3620 3831 3786 3896 ὕπνος
3823 3836 3914 3887 αὖ·

2346 3915 2461 3979 τοῦ,
2496 3916 2581 3969 διὰ
2607 3917 2668 3969 τὸ
2712 3915 3131 3987 περιϐλέπεσθαι
3160 3917 3290 3972 αὐτὸ
3328 3921 3402 3991 μή
3434 3937 3518 3983 τις
3546 3923 3653 3973 τῶν
3696 3925 3907 3977 ἐπιδού-

2347 4005 2453 4059 λων
2484 4004 2558 4075 (4)
2594 4004 2810 4076 ἔρχεται
2852 4006 2939 4060 ἐπ’
2982 4007 3163 4078 αὐτῷ’
3205 4008 3376 4073 οὕτως
3420 4006 3531 4074 οὖν,
3560 4012 3731 4080 λέγει,
3764 4016 3910 4081 κάγὼ

2347 4098 2493 4168 ἥμην
2522 4097 2818 4168 μεριμνῶν,
2856 4099 2930 4169 μή
2977 4117 3059 4164 τις
3092 4101 3353 4173 ὲπιρῤίψῃ
3396 4120 3485 4173 μοι
3522 4104 3631 4156 τῶν
3655 4107 3907 4157 ὲναντὶων

2347 4188 2645 4259 δυνάμεων.

2419 4281 2506 4335 15.
2532 4281 2848 4347 Ἀπαύστως
2872 4282 2922 4335 οἱ
2947 4283 3195 4353 δαίμονες
3229 4287 3642 4357 κατεκαυχῶντό
3675 4306 3779 4358 μου
3813 4290 3899 4357 (Si.

2419 4375 2504 4430 16.
2536 4376 2648 4429 Καὶ
2686 4377 2736 4428 οι
2767 4377 2826 4429 τὸ
2856 4376 3115 4449 πρότερον
3160 4380 3441 4450 χαίροντες
3479 4381 3570 4434 ἐπὶ
3610 4384 3674 4452 τῇ
3708 4383 3903 4450 ἀσωτία

680 4463 801 4522 post
831 4453 946 4509 haec
982 4469 1066 4509 me
1093 4455 1391 4511 irridebant
1419 4456 1682 4523 dicentes,
1723 4473 1793 4513 ne
1821 4457 1893 4512 ita
1934 4456 2081 4526 (iam,
2122 4464 2243 4513 tan-
2274 4474 2319 4530 ι)
2351 4484 2366 4539 ι

2351 4484 2475 4539 μου,
2504 4465 2642 4537 μετὰ
2667 4465 2837 4520 ταῦτα
2866 4468 3171 4537 κατεγέλων
3202 4487 3302 4539 μου
3324 4470 3592 4538 λέγοντες·
3623 4472 3808 4535 Οὕτως
3834 4474 3902 4543 μὴ

680 4558 842 4611 quam
870 4543 999 4599 iste.

752 4630 837 4685 17.
872 4632 929 4687 ln
954 4632 1271 4703 paenitentia
1300 4651 1441 4690 mea.

756 4721 839 4777 18.
884 4722 1199 4781 Deﬂueliant
1242 4726 1494 4797 laerymze
1538 4744 1671 4785 mea:
1705 4728 1760 4783 in
1810 4736 1997 4799 potum
2038 4744 2244 4795 meum,

682 4830 803 4867 eum
831 4814 1104 4870 bibebam.

754 4906 841 4959 19.
870 4904 1007 4971 Quia
1041 4909 1289 4977 cognovi,
1323 4910 1469 4979 quod
1496 4921 1775 4967 aversatus
1803 4928 1862 4968 es
1893 4928 1996 4966 me.

750 4993 839 5048 20.
876 4992 941 5049 Et
969 4997 1113 5066 quod
1147 4998 1425 5067 projeeisu
1457 5016 1540 5054 me
1562 5016 1589 5055 a
1616 5010 1687 5055 te.

749 5087 843 5153 2i,
869 5086 959 5141 9.2.
989 5087 1064 5142 Eo
1089 5090 1231 5159 quod
1258 5104 1364 5145 non
1395 5091 1648 5148 haberem
1682 5092 2063 5163 pinguedinem
2094 5110 2248 5165 aqua:

683 5178 867 5244 gratia:
901 5189 1006 5233 tuas

748 5270 841 5325 23.
874 5270 1219 5326 Immortalis.

2342 4559 2606 4630 γένωμαι.
2637 4559 2713 4623 ὼς
2743 4552 2917 4623 οὗτος.

2416 4649 2503 4702 17.
2538 4648 2627 4700 Ἐν
2658 4650 2723 4719 τῇ
2764 4650 3016 4719 μετανοίᾳ
3054 4666 3177 4719 μου.

2419 4739 2499 4793 IS.
2534 4740 2805 4811 Κατέρρει
2851 4739 2917 4793 τὰ
2961 4740 3171 4813 δάκρυά
3206 4759 3306 4813 μου
3349 4745 3407 4796 ὲν
3440 4743 3521 4814 τῷ
3549 4744 3757 4813 πόματί
3786 4762 3897 4815 μου,

2344 4828 2418 4891 ῶς
2448 4828 2649 4881 ἔπινον.

2417 4920 2503 4974 19.
2532 4920 2630 4973 Διὰ
2654 4920 2713 4974 τὸ
2736 4923 3030 4991 ἐπιγνῶναι
3058 4942 3147 4994 με,
3177 4926 3257 4978 ὃτι
3289 4926 3645 4998 ἀπεστράφης
3678 4945 3764 4998 με.

2413 5010 2502 5064 20.
2538 5011 2648 5064 Καὶ
2672 5012 2753 5064 ὅτι
2783 5014 3093 5085 ἁπέρῤιψάς
3124 5033 3189 5085 με
3224 5016 3329 5069 ἀπὸ
3359 5016 3475 5069 σοῦ.

2412 5100 2614 5166 21,22.
2648 5099 2723 5171 (6)
2766 5102 2899 5155 Ἀπδ
2941 5102 3035 5156 τοῦ
3088 5104 3163 5175 μὴ
3204 5105 3347 5175 ἔχειν
3416 5125 3483 5177 με
3539 5109 3760 5179 πιότητα
3806 5105 3890 5159 τοῦ

2346 5188 2535 5253 ὓδατος
2562 5189 2662 5259 τῆς
2688 5192 2906 5261 χάριτός
2936 5211 3049 5249 σου.

2414 5280 2502 5334 23.
2540 5282 2561 5300 '
2573 5284 2597 5320 Α
2612 5281 2865 5353 φθαρτος.

1625 5389 1928 5450 Addenda
1960 5399 2018 5450 et
2049 5391 2420 5470 corrigenda
2462 5411 2538 5454 ex
2588 5397 2730 5458 cod.
2763 5398 2960 5458 Vatic.

755 5572 832 5694 iii
866 5572 1431 5694 fﬂiiiiii‘mnunv.

756 5692 831 5757 (3)
863 5692 1177 5755 Πελεκάνος.

758 5762 833 5831 (4)
871 5763 1196 5819 Ἐπιὸούλων
1223 5765 1402 5833 αὐτοῦ,
1436 5777 1535 5821 etc.
1573 5769 1740 5823 Κάγώ
1778 5788 1879 5825 non
1924 5773 2133 5839 legitur.

2521 5565 2751 5712 διῗίέι.
2812 5638 3130 5712 ’ᾼνωφελεϊς
3181 5659 3268 5712 μοι
3330 5643 3639 5711 γεγόνασιν.
3696 5640 3881 5711 3.21.

2365 5707 2512 5771 ’.λ-πό,
2543 5718 2668 5772 etc.,
2701 5709 2876 5779 ἑαυτῷ
2911 5711 3159 5774 πιότητα.
