4066 6318
741 364 878 419 1085
1580 358 1636 411 S.
1676 355 2052 411 ATHANASII
2087 352 2240 409 OPP.
2278 351 2457 409 PARS
2496 351 2583 406 Ill.
2611 380 2680 391 —
2714 342 3120 401 EXEGETICA.
3848 324 3967 376 “334

806 478 893 530 41.
933 474 996 528 Ut
1022 473 1340 527 annuntient
1372 472 1426 525 in
1456 471 1584 524 Sion
1620 486 1814 523 nomen
1842 470 2073 524 Domini.
2334 479 2385 533 Α

2334 479 2385 533 Λ
2479 468 2566 522 41,
2603 463 2708 516 Τοῦ
2730 461 3045 529 ἀναγγεῖλαι
3071 459 3127 509 ὲν
3149 453 3285 508 Σιὼν
3310 452 3369 504 τὸ
3390 452 3556 519 ὄνομα
3583 446 3805 517 Κυρίου
3826 485 3842 509 ,

809 567 900 625 42.
936 565 1000 618 Et
1034 566 1247 618 laudem
1274 564 1393 633 ejus
1420 563 1471 615 in
1503 560 1858 617 Hierusalem.

2482 560 2570 614 42.
2604 556 2711 609 Καὶ
2737 554 2836 623 τὴν
2873 554 3074 606 αῖνεσιν
3098 546 3259 602 αὑτοῦ
3283 548 3339 598 ἐν
3374 540 3756 613 Ἰερουσαλήμ..

811 657 900 711 45.
934 655 991 710 ln
1024 628 1393 711 conveniendo
1432 652 1661 723 populos
1688 652 1740 704 in
1778 666 1967 717 unum,
2002 659 2056 705 et
2079 665 2230 719 reges
2254 660 2311 705 ut

2480 652 2568 703 45.
2606 652 2693 703 Ἐν
2739 645 2815 715 τῷ
2863 639 3282 708 ὲπισυναχθῆναι
3337 635 3497 704 λαοὺς
3545 632 3639 684 ἐπὶ
3689 629 3761 681 τὺ
3814 628 3968 688 αὐτὶ,

742 750 982 803 serviant
1017 748 1272 803 Domino.

2413 739 2551 813 [καὶ]
2585 739 2660 811 (a)
2690 735 2927 808 βασιλεῖς
2959 729 3051 782 τοῦ
3078 728 3341 781 δουλεύειν
3370 724 3445 794 τῷ
3477 723 3688 792 Κυρίῳ.

812 843 901 896 44.
935 841 1234 910 Respondit
1258 843 1305 894 ei
1342 841 1396 894 in
1428 840 1511 892 via
1540 840 1756 893 virtutis
1779 853 1891 893 suae
1928 857 1940 892 :

2479 832 2575 885 44.
2607 826 2907 898 Ἀπεκρίθη
2934 824 3080 893 αὐτῴ
3110 824 3166 875 ἐν
3189 818 3293 889 ὁδῷ
3323 816 3503 888 ἰσχύος
3524 813 3689 869 αὑτοῦ
3717 828 3736 844 ·

811 932 899 985 45.
932 930 1260 985 Paucitatem
1290 931 1499 985 dierum
1535 944 1781 982 meorum
1816 928 2002 981 nuntia
2034 926 2190 979 mihi.

2480 922 2569 975 45.
2602 920 2712 991 Τὴν
2725 919 3009 985 ὀλιγότητα
3028 914 3134 966 τῶν
3163 913 3265 981 ἡμε
3278 908 3383 980 ρῶν
3404 925 3502 977 μου
3516 904 3855 973 ἀνάγγεύόν
3872 922 3967 972 μοι.

811 1022 897 1075 46.
932 1020 1008 1076 Ne
1033 1038 1251 1076 revoces
1281 1036 1367 1075 me
1394 1020 1447 1073 in
1485 1020 1710 1073 dimidio
1754 1020 1968 1073 dierum
2012 1031 2257 1071 meorum
2293 1030 2308 1067 :

2249 1032 2257 1069 l
2293 1030 2308 1067 :
2479 1010 2568 1063 46.
2603 1010 2694 1077 Μὴ
2732 1005 3012 1076 ἀναγάγῃς
3048 1019 3113 1072 με
3146 1001 3203 1052 ἐν
3226 998 3410 1068 ἡμίσει
3442 995 3663 1067 ἡμερῶν
3697 1012 3812 1065 μαι,
3840 1010 3855 1023 ·

811 1115 899 1167 47.
929 1113 984 1167 ln
1014 1115 1417 1183 generationem
1445 1111 1853 1181 generationum
1890 1109 2018 1162 anni
2051 1108 2150 1162 tui.

1890 1109 2018 1162 anni
2051 1108 2150 1162 tui.
2480 1102 2566 1154 47.
2615 1101 2701 1152 Ἐν
2724 1098 2886 1166 γενεᾷ
2918 1094 3116 1164 γενεῶν
3148 1091 3214 1144 τὰ
3240 1091 3332 1159 ἔτη
3358 1105 3471 1142 σου.

810 1204 899 1257 48.
936 1174 1094 1258 Initio
1124 1215 1203 1267 tu,
1243 1174 1487 1267 Domine,
1520 1211 1725 1256 terram
1759 1198 1997 1273 fundasti
2029 1216 2043 1252 :

2481 1192 2566 1244 48.
2602 1192 2736 1244 Κατ’
2770 1187 2941 1259 ἀρχὰς
2976 1187 3063 1251 σὺ,
3087 1183 3279 1254 Κύριε,
3306 1180 3404 1242 τὴν
3428 1178 3530 1248 γῆν
3562 1174 3937 1244 ἐθεμελίωσας
3956 1189 3968 1204 ⁸

813 1293 901 1347 49.
936 1292 1001 1348 Et
1029 1308 1191 1362 opera
1216 1309 1473 1347 manuum
1505 1300 1721 1345 tuarum
1749 1298 1876 1345 sunt
1908 1269 2051 1343 cmli.

2479 1282 2566 1335 49.
2594 1280 2703 1334 Καὶ
2732 1277 2992 1352 ἐργατῶν
3024 1274 3221 1345 χειρῶν
3260 1271 3350 1324 σού
3386 1272 3519 1323 εἰσιν
3548 1271 3597 1321 οἱ
3624 1268 3877 1339 οὐρανοί.

817 1384 901 1440 50.
931 1384 1035 1454 Ipsi
1065 1360 1320 1455 peribunt
1352 1405 1363 1439 :
1388 1394 1445 1438 tu
1475 1393 1657 1438 autem
1691 1397 1976 1453 pernianes
2010 1399 2022 1433 :

2020 1403 2022 1431 :
2482 1373 2566 1427 50.
2602 1372 2763 1425 Αὐτοὶ
2788 1367 3138 1422 ἀπολοῦνται*
3166 1365 3229 1418 σὺ
3257 1364 3312 1415 δὲ
3334 1360 3626 1431 διαμένεις·

816 1476 903 1529 51.
938 1476 1003 1530 Et
1022 1493 1213 1533 omnes
1243 1479 1383 1532 sicut
1413 1481 1790 1531 vestimentum
1828 1480 2186 1527 veterascent.

2479 1462 2565 1516 51.
2595 1462 2703 1514 Καὶ
2724 1459 2922 1520 πάντες
2954 1458 3029 1519 ὡς
3055 1456 3265 1525 ἱμάτιον
3299 1451 3794 1521 παλαιωθήσονται.

816 1568 904 1624 52.
937 1568 1001 1623 Et
1031 1572 1172 1623 sicut
1196 1569 1528 1639 opertorium
1559 1578 1738 1622 vertes
1769 1581 1884 1631 eos,
1919 1575 1973 1619 et
2018 1563 2311 1618 mutabun-

2484 1555 2573 1608 52.
2608 1555 2719 1607 Καὶ
2752 1552 2885 1605 ὡσεὶ
2918 1547 3256 1621 περιϐόλαιον
3283 1543 3475 1611 ἑλίξεις
3505 1543 3726 1605 αὐτοὺς,
3760 1540 3859 1593 καὶ
3890 1540 3970 1592 ἁ).-

746 1669 874 1714 tur:

2411 1645 2550 1715 λαγή
2558 1661 2735 1696 σονται
2762 1659 2776 1673 ’

814 1750 903 1804 55.
932 1750 1011 1805 Tu
1039 1760 1221 1805 autem
1250 1751 1392 1806 idem
1425 1750 1540 1819 ipse
1564 1764 1645 1817 es,
1671 1758 1725 1803 et
1757 1746 1887 1803 anni
1924 1746 2003 1801 tui
2034 1762 2140 1800 non
2177 1744 2304 1800 deli-
2343 1815 2379 1819 Α

2484 1732 2570 1787 55.
2600 1734 2670 1785 Σὺ
2701 1730 2759 1783 δὲ
2794 1732 2823 1783 ὁ
2855 1726 3014 1790 αὐτὸς
3056 1723 3125 1792 εἰ,
3173 1724 3268 1777 καὶ
3297 1721 3368 1774 τὰ
3400 1720 3493 1792 ἔτη
3542 1738 3637 1772 σου
3674 1720 3778 1772 οὐκ
3814 1718 3972 1771 ἐκλεξ-

744 1842 905 1894 tzicnt.
1445 1815 1463 1819 _
1631 1815 1635 1817 γ
2341 1817 2350 1874 Ῑ

1445 1815 1463 1819 -
1631 1815 1635 1817 γ
2341 1815 2389 1874 Β
2414 1824 2627 1893 ψουσιν.

821 1933 909 1987 54.
936 1932 1056 1986 Filii
1082 1948 1359 1988 servorum
1394 1943 1611 1988 tuorum
1640 1931 1998 1988 habitabunt:

2488 1911 2573 1965 54.
2611 1913 2673 1963 Οἱ
2699 1910 2806 1961 uici.
2830 1907 2937 1960 τῶν
2962 1905 3162 1959 δούλων
3192 1921 3285 1956 σου
3317 1899 3806 1971 κατασκηνώσουσξ
3830 1914 3843 1927 ·

815 2024 901 2078 55.
931 2023 996 2078 Et
1022 2040 1205 2080 semen
1239 2041 1427 2080 eorum
1454 2026 1507 2078 in
1531 2024 1787 2079 saeculum
1822 2022 2102 2091 dirigetur.

2490 2004 2577 2057 55.
2609 2002 2719 2054 Καὶ
2761 2000 2821 2053 τὸ
2868 1999 3087 2069 σπέρμα
3120 1995 3296 2049 αὐτῶν
3334 1997 3412 2058 εἰς
3442 1995 3532 2047 τὸν
3564 1992 3738 2045 αἰῶνα
3784 2007 3970 2042 κατεν-

2409 2095 2745 2154 θυνθήσεται.

818 2285 889 2352 (α)
926 2285 1077 2342 VCTS-
1114 2286 1201 2350 45,
1238 2287 1346 2338 Καὶ
1374 2282 1630 2355 βασιλεῖς,
1663 2291 1766 2338 etc.
1792 2282 1924 2336 Vers
1942 2282 2032 2345 44,
2082 2278 2401 2348 Ἀπεκρίθη,
2442 2284 2546 2331 etc.

1861 2432 2238 2488 ATHANASII
2278 2425 2867 2484 INTERPRETATIO.

814 2596 899 2649 41.
937 2595 1007 2652 Ut
1040 2598 1422 2668 praedicaretur
1480 2598 1534 2651 in
1584 2600 1788 2653 mundo
1840 2604 2187 2667 peccatorum
2228 2606 2314 2646 re-

2482 2589 2571 2643 41.
2607 2587 2711 2642 Τοῦ
2737 2585 3075 2656 κηρυχθῆναι
3103 2584 3159 2637 ὲν
3180 2584 3247 2653 τῇ
3285 2580 3573 2651 οἰκουμένῃ
3588 2578 3785 2668 ἄφεσιν
3805 2578 3969 2647 ἁμαρ·

745 2687 936 2741 missio
961 2688 1012 2741 in
1038 2689 1254 2741 nomine
1291 2687 1505 2741 Domini
1538 2687 1709 2741 nostri
1742 2666 1872 2740 Jesu
1896 2683 2123 2739 Christi.

2408 2682 2539 2735 τιῶν
2558 2684 2615 2734 ὲν
2648 2680 2725 2751 τῷ
2749 2681 2971 2749 ὀνόματι
2997 2675 3089 2730 τοῦ
3114 2676 3316 2746 Κυρίου
3343 2670 3497 2743 ἡμῶν
3523 2666 3701 2740 Ἰησοῦ
3715 2667 3962 2739 Χριστοῦ.

814 2780 904 2833 42.
935 2777 990 2833 ln
1014 2795 1246 2849 superna
1271 2777 1628 2833 Hierusalem.

2479 2773 2566 2827 42.
2606 2773 2691 2824 Ἐν
2711 2774 2778 2841 τῇ
2809 2771 2919 2824 ἀνω
2961 2766 3330 2838 Ἰερουσαλήμ.

818 2868 907 2924 45.
941 2869 998 2924 In
1029 2871 1399 2926 eonvcniemlo
1422 2880 1606 2941 gentes
1631 2886 1726 2940 per
1748 2866 2209 2939 praedicationem.

2482 2863 2570 2918 45.
2615 2862 2703 2915 Ἑν
2734 2861 2811 2931 τῷ
2843 2861 3014 2914 ἐλθεῖν
3045 2857 3131 2911 διὰ
3161 2857 3253 2909 τοῦ
3286 2856 3637 2927 κηρύγματος
3665 2856 3735 2908 τὰ
3760 2853 3913 2922 ἔθνη.

820 2962 906 3017 44.
937 2964 1409 3032 Λυεουιιιινετυηι,
1422 2971 1606 3032 gentes
1641 2961 1870 3015 Domino
1900 2959 2169 3015 credendo
2199 2974 2315 3029 pas-

2481 2954 2568 3007 44.
2607 2953 2681 3022 (1)
2743 2954 3087 3022 Ὑπήκουσαν
3136 2949 3202 3002 τὰ
3247 2946 3371 3016 ἔθνη
3421 2947 3499 3016 τῷ
3540 2947 3730 3016 Κυρίῳ

746 3053 954 3108 sionem
990 3056 1127 3124 ejus.

2409 3045 2502 3097 τοῦ
2537 3044 2739 3107 πάθους
2762 3042 2948 3097 αὑτοῦ.

812 3145 899 3198 45.
926 3145 1172 3200 Concede
1195 3145 1345 3211 mihi,
1378 3154 1430 3199 te
1456 3144 1739 3215 deprecor,
1765 3152 1824 3197 ut
1847 3159 2072 3213 prorsus
2093 3156 2317 3210 persua-

2479 3137 2567 3190 45.
2601 3136 2800 3205 Δέομαί
2835 3152 2946 3198 σου,
2990 3134 3077 3195 δός
3117 3151 3204 3203 μοι
3241 3131 3742 3202 πληροφρηθῆναι,
3789 3130 3875 3181 ὅτι
3917 3130 3961 3179 αἰ

745 3254 890 3301 sum,
927 3247 1243 3308 certumque
1277 3239 1528 3303 habeam,
1572 3253 1777 3308 paucos
1824 3252 1945 3291 esse
1987 3236 2104 3290 dies
2154 3235 2313 3304 hujus

1944 3278 1945 3283 η
1987 3236 2104 3290 dies
2154 3235 2313 3304 hujus
2409 3229 2611 3301 ἡμέραι
2642 3226 2735 3280 τοῦ
2769 3226 2960 3289 αἰῶνος
2990 3224 3176 3277 τούτου
3202 3223 3375 3275 ὀλίγαι
3398 3221 3550 3273 εἰσίν.

744 3331 946 3385 saeculi.

814 3422 903 3475 46.
929 3420 1005 3476 Ne
1035 3438 1121 3476 me
1156 3421 1452 3476 transferas
1493 3421 1561 3475 ab
1593 3422 1698 3476 hoc
1724 3421 1947 3485 mundo,
1992 3421 2309 3491 priusquam
2337 3391 2383 3451 ί)

2356 3391 2383 3451 3
2485 3407 2571 3461 46.
2598 3410 2687 3479 Μή
2720 3426 2786 3479 με
2819 3409 3158 3478 μεταστήσης
3186 3404 3291 3458 ἀπὸ
3318 3400 3408 3455 τοῦ
3442 3401 3649 3471 κόσμου
3681 3399 3873 3454 τούτου
3902 3399 3962 3465 μὴ

746 3513 1080 3579 impleverim
1105 3521 1369 3583 prazcepta
1403 3522 1512 3567 tua.

2418 3498 2773 3553 τελειώσαντά
2806 3516 2871 3569 με
2903 3499 2999 3560 τὰς
3032 3496 3249 3556 ἐντολάς
3284 3510 3397 3548 σου.

817 3603 904 3657 47.
934 3602 1281 3672 Sempiterni.

2486 3590 2573 3643 47.
2608 3590 2681 3659 (2)
2716 3588 3089 3656 Ἀτελεύτητα.

815 3690 903 3744 48.
942 3688 1111 3745 Natus
1143 3706 1201 3744 es
1234 3692 1286 3743 in
1318 3699 1483 3743 terra.

2488 3681 2577 3733 48.
2622 3679 2876 3749 Ἐτέχθης
2910 3679 2999 3730 ἐπὶ
3031 3675 3128 3747 τῆς
3149 3676 3271 3745 γῆς.

817 3779 906 3831 49.
934 3778 1038 3844 Qui
1070 3780 1125 3832 in
1155 3794 1251 3832 eos
1281 3787 1594 3846 assumptus
1624 3793 1702 3832 es.

2484 3773 2573 3828 49.
2608 3771 2713 3824 Τοῦ
2744 3770 3138 3842 ἀναληφθέντος
3170 3771 3225 3821 ἐν
3254 3767 3451 3828 αὐτοῖς.

816 3868 903 3921 50.
927 3867 1104 3921 Novos
1138 3877 1317 3922 autem
1348 3868 1535 3930 cmlos,
1565 3876 1618 3921 et
1649 3884 1842 3922 novam
1886 3877 2084 3922 terram
2114 3882 2310 3925 exsuc—

2484 3858 2573 3913 50.
2607 3861 2841 3921 Καινοὺς
2862 3859 2918 3912 δὲ
2945 3857 3223 3928 οὐρανοὺς,
3265 3855 3356 3908 καὶ
3386 3854 3577 3925 καινὴν
3615 3853 3721 3923 γῆν
3754 3857 3958 3925 προσδο-

746 3970 956 4014 etamus
989 3959 1142 4028 juxta
1165 3964 1315 4012 tuam
1345 3959 1784 4027 promissionem.

2415 3951 2598 4019 κῶμεν
2625 3949 2762 4003 κατὰ
2795 3949 2855 4001 τὸ
2879 3948 3198 4018 ἐπάγγελμα
3226 3945 3409 3999 αὑτοῦ.

820 4049 880 4103 51
895 4091 906 4103 .
939 4048 1389 4118 Corrumpentur.

2484 4039 2569 4092 51.
2598 4038 3139 4108 Καταφθαρήσονται.

821 4138 906 4191 52.
944 4138 1225 4207 Tanquam
1250 4139 1385 4193 liber
1415 4138 1536 4193 coeli
1572 4138 1934 4194 involventur.

2477 4132 2561 4185 52.
2593 4130 2979 4201 Εἱληθήσονται
3011 4128 3087 4198 (5)
3112 4129 3159 4180 οἱ
3187 4126 3402 4197 οὐρανοὶ
3426 4126 3501 4188 ὡς
3525 4126 3748 4195 βιόλίον.

823 4226 909 4280 55.
947 4225 1028 4279 Tu
1085 4234 1267 4279 autem
1314 4237 1365 4280 et
1417 4227 1589 4283 factus
1638 4229 1820 4293 homo,
1854 4228 1993 4283 idem
2039 4244 2095 4282 es
2136 4230 2311 4298 qualis

2484 4222 2569 4274 55.
2603 4221 2673 4272 Σὺ
2695 4221 2749 4272 δὲ
2778 4220 2868 4272 καὶ
2899 4218 3185 4287 γενόμενος
3218 4216 3292 4285 (4)
3316 4214 3596 4285 ἄνθρωπος
3640 4219 3668 4267 ὁ
3723 4213 3877 4274 αὐτὸς
3916 4207 3957 4262 εἴ

749 4332 893 4381 eras,
927 4325 980 4370 et
1006 4318 1146 4372 sicut
1168 4318 1378 4373 dierum
1402 4319 1727 4388 principium
1764 4334 1873 4373 non
1912 4319 2097 4383 habes,
2122 4321 2191 4373 ita
2215 4335 2310 4374 ne-

2415 4314 2593 4374 ὀποῖος
2616 4307 2701 4382 ἧς,
2735 4312 2827 4363 καὶ
2850 4310 3035 4380 ὥσπερ
3078 4307 3248 4379 ἀρχὴν
3297 4306 3513 4378 ἡμερῶν
3550 4307 3652 4360 οὐκ
3694 4306 3854 4375 ἔχεις,
3882 4302 3955 4355 οὖ-

747 4422 853 4475 que
881 4407 1003 4459 vitae
1032 4409 1213 4462 linem.

2415 4420 2521 4465 τως
2546 4403 2665 4456 οὐδὲ
2695 4400 2837 4473 ζωῆς
2866 4401 3035 4464 τέλος.

818 4497 905 4549 54.
942 4497 1043 4563 Qui
1074 4508 1201 4553 sunt
1231 4515 1323 4568 per
1360 4497 1518 4555 ﬁdem
1545 4501 1637 4553 lilii
1679 4503 2084 4570 prophetarum,
2114 4512 2166 4556 et
2191 4518 2313 4573 apo-

2487 4494 2574 4547 54.
2605 4495 2670 4547 Οἱ
2704 4493 2794 4547 διὰ
2834 4494 2933 4563 τῆς
2976 4490 3211 4553 πίστεως
3246 4490 3351 4542 υἱοὶ
3388 4488 3492 4541 τῶν
3536 4489 3829 4559 προφητῶν
3876 4487 3953 4539 καὶ

748 4589 1011 4645 stolorum
1046 4590 1364 4644 habitabunt
1397 4592 1449 4644 in
1488 4607 1719 4662 superna
1744 4592 2099 4648 Hierusalem.

2416 4586 2523 4638 τῶν
2548 4585 2860 4639 ἀποστόλων
2889 4580 3397 4653 κατασκηνώσουσιν
3427 4582 3483 4633 ὲν
3521 4582 3588 4649 τῇ
3616 4579 3728 4633 ἄνω
3776 4578 3952 4646 Ἰερου-

2421 4675 2552 4745 σαλή
2563 4694 2619 4746 μ,

822 4766 907 4819 55.
939 4765 1003 4819 Et
1033 4782 1193 4835 opera
1223 4768 1447 4838 justitiaz
1478 4784 1664 4824 eorum
1703 4769 2095 4840 permanebunt
2124 4768 2177 4822 in
2210 4782 2311 4822 sae-
2345 4748 2389 4801 D

2345 4748 2389 4801 D
2488 4767 2575 4820 55.
2605 4766 2714 4819 Καὶ
2739 4766 2806 4818 τὰ
2846 4765 2981 4835 ἔργα
3022 4764 3118 4833 τῆς
3165 4760 3505 4831 δικαιοσύνης
3546 4759 3721 4813 αὗτῶν
3765 4760 3843 4821 εἰς
3871 4756 3947 4808 τὸν

750 4858 932 4911 culum
960 4859 1369 4927 sempiternum.

2417 4859 2771 4930 ἀτελεύτητον
2799 4858 2970 4911 αἰῶνα
3004 4859 3170 4928 μενεῖ.

1750 5040 1999 5102 ddenda
2042 5046 2103 5102 et
2132 5040 2507 5121 corrigenda
2544 5058 2621 5103 ex
2654 5039 2795 5102 eod.
2825 5037 3026 5100 Vatic.

790 5204 901 5286 ~(l)
927 5203 998 5289 ⁹Ν.
1035 5206 1124 5261 44.
1312 5211 1433 5289 τοὺς
1471 5207 1840 5289 ᾒασιλεῖςῆτοῇ
1898 5209 2177 5262 δουλεῦσαι
2230 5205 2318 5289 διὰ
2591 5203 2774 5289 ΙΞᾎΕῚ3
2800 5203 2886 5256 48.
2925 5201 2989 5289 ’ρ
3006 5200 3217 5289 τεχθεὶς
3238 5200 3328 5285 ὲτξὶ
3351 5198 3591 5289 τῇεχῆς-

755 5268 850 5349 τῆς
880 5268 1109 5349 πίστεως
1131 5277 1207 5347 τῷ
1238 5268 1443 5349 Κυρίῳ.
1470 5268 1531 5332 Ν.
1567 5280 1653 5333 45.
1691 5268 2059 5349 Ὕπήκουσαν,
2095 5293 2225 5347 etc.,
2259 5282 2317 5331 ὲν
2486 5268 2562 5349 (5)
2595 5276 2941 5349 ξίλιγήσεται
2968 5274 2996 5326 ὁ
3028 5268 3252 5342 οὐρανὸς
3277 5269 3351 5332 ὡς
3375 5268 3591 5339 βιϐλίον.

754 5348 822 5415 τῇ
848 5347 1046 5400 πίστει.
1182 5345 1189 5347 ⁷
1329 5345 1341 5349 ⁷
1398 5345 1407 5349 ’
1823 5345 1833 5349 ⁷
2213 5345 2218 5347 ’
2489 5345 2562 5417 (4)
2598 5345 2919 5416 Γενάμενος.
