4066 6318
688 354 815 407 1087
1527 358 1582 413 5.
1627 358 1995 415 ΑΤΙΙΑΝΑΞΙΙ
2038 361 2188 419 OPP.
2226 365 2294 419 ΡΑ

2324 364 2405 420 RS
2445 368 2528 421 lll.
2569 395 2638 407 -—
2679 365 3085 421 EXEGETICA.
3809 368 3930 420 1088

755 491 842 545 19.
882 488 997 543 Non
1041 493 1333 547 secundum
1379 494 1694 563 iniquitates
1745 506 1959 551 nostras
2006 496 2251 568 [peccata
2284 487 2327 539 Α

2430 479 2515 533 19.
2548 480 2622 531 Οὐ
2660 480 2799 534 κατὰ
2824 481 2923 544 τάς
2948 482 3175 553 ἀνομίας
3202 479 3220 552 [
3246 478 3549 551 ἁμαρτίας]
3576 479 3744 550 ἡμῶν
3764 482 3935 548 ἐποίη-

690 584 892 653 nostra]
926 582 1051 638 fecit
1078 585 1235 639 nobis
1263 604 1276 639 :

1033 594 1051 637 t
1078 585 1235 639 nobis
1263 604 1276 639 :
2354 586 2444 621 σεν
2474 572 2603 639 ἡμῖν
2626 587 2637 599 ³

750 673 839 727 20.
870 671 1053 743 Neque
1081 674 1383 729 secundum
1419 683 1639 744 peccata
1684 686 1869 729 nostra
1912 676 2249 747 [iniquitates

2421 660 2508 714 20.
2542 661 2677 713 Οὐδὲ
2731 661 2874 714 κατά
2938 662 3035 725 τὰς
3080 662 3357 733 ἁμαρτίας
3412 658 3733 730 [ἀνομίας]
3787 660 3930 729 ῄμῷτ

687 775 899 819 nostras
939 766 1189 820 retribuit
1232 766 1406 819 nobis.

1312 766 1406 819 bis.
2352 751 2731 804 ἀνταπέδωκεν
2766 754 2918 822 ἡμῖν.

749 855 837 911 21.
866 857 1135 922 Quoniam
1173 857 1471 910 secundum
1503 856 1844 910 altitudinem
1874 857 2044 910 caelia
2081 868 2245 920 terra,

2419 842 2509 895 21.
2547 842 2669 895 Ὅτι
2698 843 2838 895 κατά
2861 843 2922 895 τὸ
2954 841 3086 910 ὕψος
3109 842 3201 895 τοῦ
3231 841 3457 913 οὐρανοῦ
3479 842 3589 896 ἀπὸ
3619 841 3729 908 τῆς
3758 840 3878 907 γῆς,

748 946 839 1000 22.
872 945 1259 999 Corroboravit
1304 944 1565 1000 Dominus
1615 946 2047 1000 misericordiam
2093 962 2250 1000 suam

2420 933 2508 987 22.
2551 934 2924 1004 Ἐκραταίωσε
2960 934 3161 1005 Κύριος
3202 935 3262 986 τὸ
3294 934 3442 997 ἔλεος
3473 933 3639 988 αὑτοῦ
3684 933 3789 984 ἐπὶ
3821 936 3932 994 τις-ζς

684 1052 845 1106 super
872 1038 1120 1091 timentes
1151 1052 1228 1091 se.

2353 1024 2723 1096 φοὸουμένους
2745 1026 2922 1079 αὐτόν.

750 1132 842 1184 25.
874 1128 1144 1196 Quantum
1168 1130 1333 1183 distat
1360 1138 1513 1182 ortus
1545 1129 1613 1181 ab
1646 1128 1949 1189 occidente,

2424 1116 2514 1171 25.
2551 1116 2796 1170 Καθόσον
2814 1118 3107 1187 ἀπέχουσιν
3130 1118 3384 1170 ἀνατολαὶ
3409 1116 3514 1170 ἀπὸ
3531 1114 3797 1186 δυσμῶν,

749 1221 839 1275 24.
872 1220 1050 1292 Longe
1078 1220 1205 1277 fecit
1233 1236 1263 1275 a
1294 1220 1452 1275 nobis
1484 1220 1796 1288 iniquitates
1823 1230 2060 1274 nostras.

2422 1206 2511 1259 24.
2555 1207 2892 1277 Ἐμάκρυνεν
2922 1208 3014 1275 ἀφ’
3037 1206 3195 1276 ἡμῶν
3216 1208 3313 1270 τὰς
3344 1207 3573 1277 ἀνομίας
3607 1204 3796 1277 ἡμῶν.

750 1312 838 1366 25.
876 1312 1157 1377 Quomodo
1184 1312 1475 1366 miseretur
1504 1321 1655 1380 pater
1686 1310 1919 1365 ﬁliorum
1956 1329 1967 1364 :

1842 1327 1919 1364 ιω
1956 1329 1967 1364 ε
2423 1296 2512 1350 25.
2554 1297 2749 1360 Καθὼς
2782 1298 3038 1367 οἰκτείρει
3064 1300 3243 1368 πατὴρ
3273 1297 3448 1361 υἱούςο

750 1406 837 1458 26.
875 1404 1125 1459 Misertus
1154 1414 1239 1459 est
1266 1403 1526 1458 Dominus
1558 1404 1875 1457 timentibus
1901 1418 1978 1457 se.

2422 1388 2515 1445 26.
2565 1390 2878 1460 ’ῼκτείρησε
2905 1391 3109 1461 Κύριος
3130 1392 3256 1453 τοὺς
3285 1390 3652 1459 φοσουμένους
3688 1388 3883 1442 αὐτόν.

750 1496 838 1549 27.
866 1495 1132 1561 Quoniam
1163 1498 1275 1564 ipse
1313 1496 1566 1565 cognovit
1606 1495 1921 1565 ﬁgmentum
1952 1505 2199 1549 nostrum
2235 1513 2248 1547 :

1981 1505 2199 1549 lesu-um
2235 1513 2248 1547 ε
2420 1480 2508 1534 27.
2543 1481 2666 1532 Ὀτι
2697 1481 2857 1544 αὐτὸς
2886 1483 3027 1549 ἔγνω
3054 1484 3115 1535 τὸ
3148 1481 3368 1553 πλάσμα
3400 1480 3547 1553 ἡμῶν
3574 1498 3587 1510 ·

750 1588 838 1641 28.
869 1586 1200 1642 Recordatus
1229 1597 1331 1652 est,
1370 1587 1627 1657 quoniam
1666 1586 1842 1654 pulvis
1872 1600 2085 1641 sumus.

1740 1586 1842 1640 lvis
1872 1600 2085 1641 sumus,
2424 1572 2513 1625 28.
2564 1573 2860 1643 Ἐμνήσθη,
2885 1576 2966 1627 ὅτι
3002 1574 3127 1645 χοῦς
3155 1577 3338 1644 ἐσμεν.

750 1680 840 1735 29.
877 1678 1049 1735 Homo
1075 1680 1213 1735 sicut
1245 1679 1426 1734 fenum
1458 1680 1574 1733 dies
1603 1680 1761 1747 ejus:

2430 1663 2521 1717 29.
2552 1663 2872 1733 Ἀνθρωπος
2908 1666 3038 1718 ὡσεὶ
3068 1667 3259 1737 χόρτος
3289 1667 3342 1718 αἱ
3382 1664 3585 1735 ἡμέραι
3616 1662 3791 1716 αὑτοῦ
3822 1677 3835 1691 ·

751 1771 837 1826 50.
862 1770 1142 1840 Tanquam
1171 1772 1270 1825 llos
1298 1772 1413 1840 agri
1444 1772 1523 1825 sic
1546 1769 1829 1823 elllorebit.

2425 1756 2513 1810 50.
2564 1756 2707 1809 Ὠσεὶ
2735 1756 2893 1821 ἄνθος
2926 1758 3020 1810 τοῦ
3054 1758 3223 1830 ἀγροῦ
3249 1757 3419 1819 οὕτως
3448 1755 3760 1825 ὲξανθήσει.

751 1864 841 1918 51.
868 1864 1140 1930 Quoniam
1167 1863 1392 1933 spiritus
1437 1864 1785 1933 pertransibit
1822 1862 1875 1916 in
1909 1862 2020 1927 illo,
2054 1870 2107 1916 et
2149 1877 2257 1917 non
2287 1844 2331 1898 Β

2325 1851 2331 1893 ἰ
2428 1842 2518 1895 51.
2552 1844 2674 1895 Ὅτι
2706 1846 2920 1915 πνεῦμα
2950 1846 3163 1916 διῆλθεν
3204 1850 3260 1900 tv
3298 1846 3463 1916 αὐτῷ,
3495 1846 3586 1899 καὶ
3625 1846 3726 1914 οὐχ
3766 1844 3931 1913 ὑπάρ-

684 1957 942 2011 iubsistet
975 1975 986 2009 :
1200 1932 1209 1933 ί
1440 1932 1454 1933 7
2358 1932 2435 1997 ξεί
2466 1950 2478 1963 ’

752 2046 841 2100 52.
880 2045 942 2099 Ει
973 2062 1077 2099 non
1110 2055 1403 2115 cognoscet
1435 2046 1669 2115 amplius
1691 2046 1871 2099 locum
1898 2061 2079 2101 suum.

2427 2022 2512 2076 52.
2552 2022 2663 2075 Καὶ
2689 2022 2791 2075 οὐκ
2812 2023 3174 2092 ἐπιγνώσεται
3206 2022 3285 2076 ἔτι
3311 2024 3402 2077 τὸν
3441 2026 3599 2078 τόπον
3634 2024 3827 2077 αὐτοῦ.

752 2139 840 2193 55.
873 2114 1244 2193 Misericordia
1296 2149 1475 2193 autem
1528 2114 1746 2192 Domini
1800 2138 1869 2191 ab
1918 2146 2145 2202 aeterno,
2206 2145 2259 2192 et

2424 2114 2509 2167 55.
2548 2115 2619 2166 Τὸ
2645 2115 2701 2167 δὲ
2737 2114 2883 2177 ἔλεος
2910 2114 3005 2168 τοῦ
3056 2116 3263 2187 Κυρίου
3315 2115 3422 2170 ἀπὸ
3469 2116 3560 2168 τοῦ
3608 2115 3813 2178 αἰῶνος
3846 2115 3932 2166 καὶ

688 2246 855 2299 usque
886 2232 937 2285 in
970 2242 1231 2286 a:ternum
1259 2246 1423 2300 super
1452 2231 1705 2285 timentes
1734 2246 1883 2284 eum.

2354 2206 2459 2268 ἕως
2481 2205 2573 2257 τοῦ
2608 2206 2801 2268 αἰῶνος
2825 2208 2917 2258 ἐπὶ
2937 2210 3063 2272 τοὺς
3087 2208 3457 2279 φοϐουμένους
3491 2208 3673 2261 αὐτόν.

754 2297 842 2376 34.
873 2321 937 2375 Et
957 2324 1168 2392 justitia
1199 2297 1343 2376 unus
1376 2323 1430 2375 in
1464 2322 1605 2376 lilios
1636 2322 1893 2385 ﬁliorum,

2430 2297 2516 2350 54.
2549 2298 2657 2349 Καὶ
2681 2299 2712 2367 ἡ
2737 2297 3046 2368 δικαιοσύνη
3077 2300 3239 2351 αὐτοῦ
3282 2300 3373 2351 ἐπὶ
3409 2300 3541 2361 viai;
3566 2299 3720 2362 υίῶν,

756 2414 847 2467 55.
882 2390 977 2469 His
1004 2417 1095 2483 qui
1127 2424 1345 2469 servant
1368 2423 1747 2467 testamentum
1779 2414 1917 2483 ejus,

2428 2390 2515 2443 55.
2549 2390 2673 2452 Τοῖς
2700 2390 3030 2458 φυλάσσουσι
3060 2391 3157 2462 τὴν
3185 2391 3448 2463 διαθήκην
3481 2392 3646 2445 αὐτοῦ
3677 2434 3690 2456 ,

760 2503 851 2560 56.
881 2502 946 2557 Et
970 2520 1237 2560 memores
1272 2515 1399 2560 sunt
1424 2506 1802 2560 mandatorum
1844 2505 2038 2574 ipsius,
2069 2504 2135 2558 ad
2181 2502 2260 2558 fa—

2428 2480 2515 2533 56.
2555 2482 2664 2533 Καὶ
2697 2482 3066 2552 μεμνημένοις
3091 2480 3199 2535 τῶν
3217 2483 3443 2535 ἐντολῶν
3461 2482 3647 2545 αὑτοῦ,
3670 2482 3765 2535 τοῦ
3783 2486 3931 2553 ποιῆ-

689 2594 936 2648 ciendum
969 2611 1050 2647 ea.

1865 2572 1879 2574 ’
2362 2587 2450 2623 σαι
2480 2572 2666 2633 αὑτάς.

756 2682 842 2736 57.
876 2680 1139 2737 Dominus
1176 2684 1229 2736 in
1263 2684 1400 2738 ccelo
1431 2684 1644 2754 paravit
1675 2683 1858 2738 sedem
1881 2698 2035 2738 suam
2064 2703 2075 2738 :

2425 2660 2511 2713 57.
2540 2659 2743 2730 Κύριος
2762 2663 2816 2715 ὲν
2832 2660 2908 2731 τῷ
2928 2661 2988 2713 οὐ
2996 2661 3144 2732 ρανῷ
3160 2663 3424 2733 ἡτοίμασε
3438 2664 3527 2717 τὸν
3540 2664 3727 2734 θρόνον
3747 2665 3927 2719 αὐτοῦ’

752 2774 839 2828 58.
875 2773 940 2827 Ει
968 2790 1191 2844 regnum
1219 2775 1386 2845 ipsius
1417 2752 1670 2831 omnibus
1699 2774 2041 2829 dominatur.

2424 2752 2511 2805 58.
2545 2754 2654 2805 Καὶ
2678 2756 2710 2822 ἡ
2746 2752 2990 2821 βασιλεία
3020 2753 3186 2807 αὐτοῦ
3216 2755 3433 2807 πάντων
3464 2754 3735 2819 δεσπόζει.

755 2865 841 2919 59.
872 2864 1174 2922 Benedicite
1196 2867 1447 2932 Domino,
1476 2884 1667 2923 omnes
1691 2868 1867 2937 angeli
1899 2868 2039 2935 ejus,

2428 2843 2516 2897 59.
2555 2844 2837 2912 Εὑλογείτε
2860 2844 2949 2897 τὸν
2973 2844 3197 2915 Κύριον,
3218 2844 3419 2909 πάντες
3436 2846 3487 2899 οι
3511 2847 3930 2916 incitata-3:03,

756 2958 842 3013 40.
877 2958 1129 3015 Potentes
1155 2962 1350 3015 virtute
1382 2961 1645 3015 facientes
1670 2935 1895 3013 verbum
1921 2958 2088 3023 illius,

2433 2935 2518 2990 40.
2550 2937 2774 2989 Δυνατοὶ
2801 2937 2944 3007 ἰσχύϊ
2980 2937 3262 3001 ποιοῦντες
3296 2939 3388 2992 τὸν
3415 2937 3574 3008 λόγον
3599 2941 3792 3008 αὑτοῦ,

1803 3133 2177 3190 ATHANASH
2230 3133 2806 3189 INTERPRETATIO.

762 3304 850 3361 19.
882 3300 995 3358 Νοη
1048 3302 1249 3357 oblitus
1300 3311 1384 3356 est
1424 3303 1619 3368 nostri,
1668 3301 2129 3371 quemadmodum
2165 3316 2263 3356 nos
2290 3310 2331 3366 C

2326 3312 2331 3364 ',
2438 3298 2521 3353 19.
2550 3296 2665 3350 Οὗκ
2692 3297 2985 3350 ἐπελάθετο
3034 3297 3210 3367 ἡμῶν,
3253 3294 3433 3359 καθὼς
3470 3298 3635 3367 ἡμεῖς
3680 3300 3932 3355 ἐπελαθό-

686 3398 807 3453 eius
835 3396 986 3451 obliti
1019 3410 1211 3449 sumus
1242 3394 1293 3445 in
1331 3393 1590 3460 peccatis.

2367 3389 2506 3460 μεθα
2537 3386 2706 3441 αὑτιῦ
2730 3391 2786 3441 ἐν
2819 3392 2937 3452 ταῖς
2974 3389 3285 3459 ἁμαρτίαις.

756 3490 846 3545 20.
876 3488 1064 3559 Neque
1093 3488 1168 3542 ita
1200 3486 1343 3550 fecit,
1376 3484 1837 3555 quemadmodum
1869 3487 2017 3557 digni
2047 3502 2259 3552 sumus,

2431 3486 2519 3539 20.
2547 3484 2681 3537 Ultt
2711 3484 2890 3549 καθὼς
2936 3484 3075 3548 ἄξιοί
3121 3484 3288 3555 ἐσμεν
3335 3481 3428 3536 τοῦ
3461 3481 3817 3556 βδελυχθῆιαι
3846 3487 3933 3538 ἀπ’

691 3596 747 3638 ιιι
782 3598 881 3637 nos
912 3582 1025 3651 ipse
1055 3579 1481 3633 abominaretur.

2362 3578 2547 3644 αὑτοῦ,
2570 3576 2670 3630 οὐκ
2695 3579 2915 3649 ἐποίησε
2942 3576 3118 3629 τοῦτο.

758 3674 846 3737 21,
877 3673 965 3727 22.
1014 3672 1337 3725 lmmensam
1382 3680 1435 3724 et
1471 3670 1902 3737 investigabilem
1945 3671 2261 3725 misericor-

2432 3670 2522 3733 21,
2547 3671 2642 3723 22.
2684 3670 3011 3741 Ἀμέτρητον
3043 3670 3137 3721 κα)⁵
3178 3668 3580 3738 ἀνεξιχνίαστον
3624 3670 3934 3741 ἐδωρήσατο

690 3767 831 3821 diam
862 3767 1122 3836 elargitus
1151 3773 1235 3818 est
1268 3762 1586 3817 timentibus
1620 3778 1766 3818 eum.

1752 3804 1766 3818 .
2364 3763 2509 3826 ἔλεος
2539 3765 2613 3833 (1)
2647 3780 2709 3816 το
2735 3781 2761 3826 ς
2791 3762 3142 3831 φοϐουμένοις
3170 3762 3350 3814 αὐτόν.

759 3859 849 3922 25,
883 3856 970 3910 21.
1007 3854 1117 3911 Nos
1146 3855 1293 3909 enim
1328 3854 1465 3909 lucis
1503 3855 1643 3911 tilios
1673 3856 1873 3922 ell‘ecit,
1907 3867 2128 3927 peccata
2166 3873 2264 3912 au-

2433 3860 2522 3917 25,
2557 3854 2646 3905 21.
2692 3853 2868 3921 Ἠμᾶς
2893 3856 3001 3923 γὰρ
3044 3852 3195 3913 υἱοὺς
3231 3850 3404 3919 φωτὸς
3440 3849 3681 3914 ἀνέδειξε
3703 3890 3718 3913 ,
3754 3850 3854 3912 τάς
3883 3850 3932 3903 ἃ

694 3964 798 4005 tcm
834 3961 1018 4004 nostra
1045 3949 1292 4003 dissolvit
1319 3949 1369 4001 in
1395 3948 1684 4017 baptismo.

2366 3948 2639 4019 ἁμαρτίας
2667 3945 2821 4016 ἡμῶν
2852 3944 3143 3999 κατέλυσεν
3176 3945 3233 3995 tv
3266 3942 3341 4012 τῷ
3375 3942 3734 4012 βαπτίσματι.

761 4044 852 4105 25,
881 4043 969 4098 26.
1006 4041 1230 4112 Propter
1262 4042 1640 4097 miserationes
1673 4045 1791 4113 ejus
1828 4058 2023 4111 passus
2054 4052 2136 4098 est
2168 4059 2265 4114 pro

2436 4046 2525 4109 25,
2558 4045 2647 4099 26.
2668 4043 2813 4116 [Διά]
2833 4044 2912 4096 Τά
2944 4042 3228 4111 σπλάγχνα
3258 4038 3421 4094 αὑτοῦ
3460 4040 3662 4092 ἔπαθον
3691 4040 3770 4110 (2)
3796 4040 3930 4107 ὑπὲρ

694 4138 871 4191 nobis.

2369 4141 2401 4209 ἡ
2410 4139 2544 4208 μῶν.

762 4226 852 4290 27,
884 4225 973 4277 28.
1006 4223 1272 4289 Quoniam
1304 4232 1449 4277 terra
1477 4231 1531 4277 et
1562 4222 1737 4291 pulvis
1764 4239 1972 4277 sumus.

1843 4239 1972 4277 mus.
2436 4229 2528 4289 27,
2555 4226 2643 4280 28.
2678 4228 2799 4279 Ὅτι
2829 4225 2901 4295 γῆ
2929 4224 3021 4277 καὶ
3051 4222 3241 4284 σποδός
3267 4222 3449 4293 ἐσμεν.

763 4317 853 4370 29.
884 4314 1241 4376 Germinavit,
1268 4313 1469 4377 ﬂoruit,
1502 4316 1736 4368 exaruit.

2436 4322 2527 4375 29.
2565 4320 2927 4389 Ἐϐλάστησεν
2963 4319 3060 4386 (5),
3090 4316 3343 4388 ἤνθησεν,
3371 4314 3659 4385 ἐξηράνθη.

764 4406 851 4460 50.
887 4406 1129 4468 Ditescit,
1160 4414 1214 4461 et
1241 4406 1577 4475 glorificatur
1602 4406 1654 4458 in
1685 4406 1791 4460 vita
1830 4422 1948 4462 sua.

2439 4410 2528 4463 50.
2567 4409 2813 4473 Πλουτεί,
2858 4410 2952 4462 καὶ
2979 4395 3258 4471 δοξάζεται
3284 4407 3342 4459 tv
3372 4408 3437 4476 τῇ
3471 4407 3580 4475 ζωῇ
3617 4404 3798 4456 αὑτοῦ.

765 4498 855 4552 51.
885 4499 1152 4562 Quoniam
1197 4496 1422 4564 angelus
1467 4498 1853 4566 superveniens
1895 4498 2098 4568 accepit
2145 4501 2258 4555 ani-

2437 4504 2524 4557 51.
2560 4503 2682 4554 Ὅτι
2732 4501 2960 4570 ἄγγελος
3014 4486 3245 4562 ὲπιστάς
3287 4498 3364 4569 (4)
3402 4496 3573 4567 ιἔλασε
3618 4496 3719 4567 τὴν
3765 4494 3928 4564 ψυχὴν

699 4603 840 4644 mam
872 4590 1041 4654 illius,
1083 4598 1137 4642 et
1167 4589 1387 4643 defecit.

1374 4628 1387 4641 -
2372 4594 2559 4658 αὑτοῦ,
2590 4594 2683 4646 καὶ
2706 4593 2969 4658 ἐξέλιπεν.

767 4682 855 4735 52.
885 4679 949 4734 Et
978 4697 1082 4734 non
1116 4681 1349 4749 amplius
1374 4680 1684 4734 revertitur.
2296 4684 2339 4739 Ι)

2296 4684 2339 4739 D
2438 4686 2524 4743 52.
2560 4686 2662 4739 Καὶ
2690 4686 2789 4738 οὐκ
2822 4685 2895 4756 (ὃ)
2923 4684 3002 4737 ἔτι
3031 4683 3449 4754 ὑποστρέφεται.

765 4774 854 4827 55.
883 4772 1087 4837 Gratia,
1122 4781 1176 4826 et
1210 4773 1515 4843 benignitas
1539 4774 1677 4844 ejus.

2436 4780 2523 4833 55.
2570 4780 2633 4831 'H
2662 4779 2819 4850 χάρις
2849 4778 2944 4830 καὶ
2970 4780 3002 4849 ή
3035 4775 3405 4847 φιλανθρωπία
3437 4774 3621 4829 αὐτοῦ.

767 4866 855 4919 54.
886 4865 951 4919 Et
977 4866 1267 4920 retributio
1290 4866 1429 4936 ejus.

2434 4872 2521 4926 51.
2559 4870 2812 4944 Καὶ(6)ἡ
2851 4869 3421 4943 μισθαποδοσίααὺτοῦ

766 4958 855 5023 55,
890 4958 977 5011 56.
1014 4956 1130 5023 His,
1156 4959 1248 5027 qui
1276 4960 1325 5013 ei
1362 4959 1738 5028 beneplacent.

2442 4965 2531 5025 35,
2562 4963 2652 5020 56.
2678 4966 2800 5029 Τοῖς
2826 4962 3209 5037 εὐαρεστοῦσιν
3245 4962 3409 5033 αὐτῷ.

769 5053 857 5107 57.
892 5050 1111 5118 Habuit,
1138 5063 1191 5107 et
1222 5054 1403 5109 habet.

1381 5095 1403 5109 η.
2442 5058 2532 5111 57.
2564 5053 2710 5128 Εἶχε,
2744 5058 2836 5112 καὶ
2860 5057 2987 5127 ἔχει.

769 5145 858 5199 58.
893 5144 1240 5211 C(elestibus,
1264 5158 1316 5200 et
1346 5148 1716 5212 terrestribus,
1754 5156 1807 5200 et
1830 5145 2040 5200 inferis.

2441 5147 2530 5201 58.
2564 5147 2955 5217 Ἐπουρανίων,
2992 5146 3084 5200 καὶ
3119 5147 3397 5214 ἐπιγείων,
3425 5146 3517 5199 καὶ
3549 5143 3920 5215 καταχθονίων.

770 5241 859 5304 59,
885 5240 971 5294 40.
1005 5239 1331 5295 Obedientes
1362 5240 1409 5293 ei
1441 5240 1492 5293 in
1526 5238 1803 5293 omnibus.

2442 5238 2532 5301 59,
2566 5237 2653 5293 40.
2690 5239 2753 5290 Οἱ
2788 5236 3151 5299 ὑπακούοντες
3179 5234 3326 5305 αὐτῷ
3355 5236 3434 5297 είς
3461 5234 3654 5287 πάντα.

1650 5392 1957 5455 Addenda
2007 5401 2067 5453 et
2096 5392 2471 5473 corrigenda
2502 5410 2581 5455 ex
2620 5392 2760 5454 eod.
2787 5392 2987 5453 Vatic.

778 5565 850 5627 (1)
885 5564 957 5615 Τὸ
984 5563 1149 5625 ἔλεος.
2438 5562 2513 5635 (5)
2570 5564 2676 5615 Καὶ
2719 5563 2819 5614 οὐκ
2879 5564 3183 5635 ἐπιστραφῇ
3240 5561 3337 5615 οὐκ
3380 5562 3458 5615 ἔτι
3500 5564 3557 5615 tv
3602 5560 3681 5632 τῷ
3730 5574 3908 5630 κοσμφ

776 5637 853 5699 (2)
894 5636 1159 5687 Ἐπαθεν.
2367 5633 2556 5702 τούτῳ.

775 5708 849 5759 (ὅ)
895 5706 1271 5773 Ἐ6>.ἀστησεν,
1305 5706 1533 5775 ηὔξησεν
1596 5705 1850 5775 ἤνθησεν,
1902 5703 2193 5775 ἐξηράνθη.
2450 5702 2524 5772 (ὃ)
2562 5704 2667 5757 Καί
2694 5703 2861 5760 deest.

780 5779 852 5834 l4)
893 5776 1143 5838 Ἐπιστὰς
1176 5777 1335 5839 αὐτῷ.
