4110 6318
143 367 283 422 1095
1058 367 1144 420 DE
1185 366 1458 421 TITULIS
1499 367 1766 425 PSALMO

1749 369 1946 429 )RUM.
1991 407 2058 416 —
2091 375 2279 430 PSAL.
2320 376 2456 430 CIII.
3237 377 3372 431 1094

208 500 301 552 21.
337 501 395 553 '0
425 500 827 566 ἐξαποστέλλων
855 500 1038 571 πηγὰς
1061 503 1117 555 ἐν
1144 503 1435 575 φάραγξιψ
1744 488 1791 545 Α

1423 521 1435 534 -
1744 488 1791 545 Δ
1885 490 1974 544 21.
2004 490 2105 556 Qui
2131 489 2331 544 emittis
2362 489 2538 542 fontes
2571 486 2624 540 in
2655 486 2992 542 convallibus
3025 504 3037 540 :

210 592 303 644 22.
332 591 460 644 Ἀνὰ
491 594 652 662 μέσον
675 593 783 645 τῶν
807 593 977 664 ὀρέων
1010 594 1368 648 διελεύσονται
1393 595 1576 650 ὕδατα.

1887 582 1976 637 22.
2003 581 2146 637 Inter
2188 583 2421 636 medium
2455 581 2717 635 montium
2753 579 3161 649 pertransibunt
3195 595 3370 650 aquae.

210 683 306 736 23.
333 684 583 737 Ποτιοῦσι
609 686 784 739 πάντα
811 687 879 738 τὰ
910 686 1072 757 θηρία
1093 686 1187 740 τοῦ
1211 687 1402 759 ἀγροῦ·

1289 687 1402 759 ροῦ·
1885 674 1976 729 25.
2013 673 2280 728 Potabunt
2305 686 2494 728 omnes
2538 672 2722 727 bestiae
2751 672 2864 741 agri
2898 712 2909 724 .

213 773 306 826 24.
331 775 715 844 Προσδέξονται
739 777 955 847 δναγροι
982 780 1060 840 είς
1076 777 1232 846 δίψαν
1262 778 1460 831 αὐτῶν.

1350 778 1460 831 τῶν,
1884 763 1974 818 24.
2005 761 2404 832 Exspectabunt
2432 762 2620 832 onagri
2649 763 2704 816 in
2735 762 2821 817 siti
2856 777 2973 816 sua.

210 864 304 916 25.
333 865 448 918 Ἐπ’
479 867 617 920 αὐτὰ
666 867 734 919 τὰ
788 868 1006 920 πετεινὰ
1037 867 1128 920 τοῦ
1176 867 1403 937 ούρανοῦ
1437 885 1716 941 κατασκη-

1467 885 1716 941 ιατασκη-
1883 854 1976 911 25.
2008 853 2181 925 Super
2202 870 2265 909 ea
2293 855 2540 909 volucres
2571 853 2693 909 caeli
2725 853 3048 908 habitabant
3077 871 3090 907 :

141 958 308 1007 νὼσει
329 974 341 984 ·
2172 958 2175 962 ·

211 1048 302 1100 26.
336 1048 431 1100 Ἐκ
463 1048 629 1118 μέσον
661 1049 767 1102 τῶν
801 1050 1012 1122 πετρῶν
1042 1049 1269 1103 δώσουσι
1300 1051 1505 1120 φωνήν.

1389 1051 1505 1120 νήν,
1885 1031 1974 1086 26.
2009 1031 2082 1086 De
2103 1030 2277 1085 medio
2304 1039 2580 1098 petrarum
2603 1029 2806 1083 dabunt
2835 1042 3012 1082 voces.

213 1136 306 1189 27.
345 1136 585 1200 Ποτίζων
613 1138 711 1209 ὅρη
741 1139 804 1191 ἐκ
823 1139 932 1191 τῶν
957 1140 1221 1210 ὑπερῴων
1250 1139 1434 1193 αὑτοῦ.

1882 1123 1972 1176 27.
2011 1122 2213 1190 Rigans
2239 1131 2451 1176 montes
2473 1122 2536 1175 de
2567 1119 2935 1189 superioribus
2958 1118 3088 1174 suis.

209 1228 302 1282 28.
340 1229 470 1281 Ἀπὸ
505 1231 714 1302 καρποῦ
765 1230 874 1284 τῶν
920 1231 1095 1304 ἔργων
1142 1249 1234 1284 σου
1293 1232 1714 1304 χορτασθήσεται

1881 1215 1970 1270 28.
2002 1214 2076 1269 De
2110 1213 2287 1269 fructu
2324 1228 2550 1284 Oporum
2602 1223 2819 1267 tuorum
2875 1210 3157 1266 satiabitur
3205 1217 3366 1264 terra.

139 1335 168 1386 η
210 1335 307 1388 γη.

210 1409 301 1462 29.
337 1410 396 1462 '0
422 1409 783 1474 ἐξανατέλλων
811 1412 1000 1482 χόρτον
1027 1413 1136 1474 τοῖς
1160 1412 1401 1482 κτήνεσι,

1209 1412 1401 1482 τήνεσι,
1881 1396 1971 1451 29.
2004 1394 2317 1450 Producens
2347 1392 2529 1447 fenum
2552 1390 2832 1460 iumentis.

208 1499 299 1553 30.
328 1500 434 1554 Καὶ
462 1501 622 1572 χλόην
653 1504 718 1572 τῇ
754 1480 966 1573 δουλεία
987 1503 1095 1555 τῶν
1123 1480 1444 1574 ἀνθρώπων.

1292 1519 1444 1556 ιπων,
1883 1489 1969 1540 50.
1997 1487 2061 1538 Ει
2085 1485 2304 1538 herbam
2334 1482 2577 1537 servituti
2613 1480 2915 1535 hominum.

203 1591 295 1645 31.
331 1592 435 1645 Τοῦ
469 1592 751 1663 ἐξαγαγεῖν
774 1593 934 1661 ἄρτον
964 1596 1029 1647 ἐκ
1059 1595 1160 1664 τῆς
1187 1573 1311 1665 γῆς’

1188 1573 1311 1665 γῆς·
1883 1579 1971 1633 51.
2007 1576 2079 1631 Ut
2103 1576 2302 1631 educas
2325 1589 2518 1645 panem
2538 1573 2604 1626 de
2626 1581 2767 1626 terra
2798 1590 2811 1624 :

204 1685 297 1738 32.
330 1686 440 1738 Καὶ
465 1662 605 1748 οἶνος
634 1685 910 1756 εὐφραίνει
945 1662 1170 1758 καρδίαν
1199 1662 1505 1757 ἀνθρώπου.

1337 1685 1505 1738 ὡπου.
1881 1674 1970 1727 52.
2002 1671 2068 1725 Ει
2100 1670 2285 1723 vinum
2317 1666 2551 1721 laetificet
2577 1679 2668 1719 cor
2698 1662 2958 1719 hominis.

212 1778 302 1830 33.
337 1777 440 1829 Τοῦ
478 1777 721 1848 ἱλαρῦναι
750 1756 1039 1849 πρόσωπον
1071 1781 1127 1832 ἐν
1158 1756 1336 1848 ἐλαίῳ·
1743 1835 1784 1849 ﬁ

1245 1756 1336 1848 ιίῳ·
1743 1835 1784 1849 _
1881 1764 1971 1817 55.
1999 1760 2070 1816 Ut
2094 1761 2358 1815 exhilaret
2390 1756 2583 1812 faciem
2618 1757 2670 1810 in
2701 1756 2822 1811 oleo
2856 1774 2868 1809 :

1742 1835 1786 1890 Β
1882 1855 1970 1908 54.
1999 1853 2065 1907 Et
2089 1851 2242 1922 panis
2267 1865 2361 1905 cor
2389 1849 2624 1904 hominis
2647 1847 2948 1902 confimict.

1880 1944 1968 1998 55.
2008 1941 2406 1996 Saturabuntur
2429 1940 2571 2008 ligna
2600 1936 2797 2005 campi.

1882 2038 1969 2093 56.
2006 2037 2071 2090 Et
2096 2034 2242 2091 cedri
2271 2031 2481 2095 Libani,
2506 2046 2641 2101 quas
2675 2029 2952 2099 plantavit.

1884 2127 1975 2186 57.
2006 2128 2119 2182 lllic
2138 2141 2385 2198 passeres
2415 2123 2767 2179 uidiﬁcabunt
2797 2139 2810 2175 :

207 1871 300 1926 34.
327 1872 434 1925 Καὶ
456 1870 617 1942 ἄρτος
644 1870 870 1941 καρδίαν
903 1869 1188 1942 ἀνθρώπου
1219 1865 1480 1938 στηρίξει.

206 1964 296 2017 35.
334 1964 802 2034 Χορτασθήσονται
830 1963 898 2016 τὰ
931 1964 1060 2029 ξύλα
1087 1964 1180 2016 τοῦ
1214 1962 1416 2025 πεδίου,

207 2055 299 2108 36.
346 2058 409 2109 ΑΞ
437 2056 613 2126 κέδροι
635 2055 726 2109 τοῦ
756 2056 1009 2119 Λιϐάνου,
1040 2056 1104 2118 ἃς
1136 2054 1454 2125 ἐφύτευσας.

207 2145 298 2203 37.
330 2151 476 2203 Ἐκεῖ
505 2150 758 2222 στρουθία
790 2148 1214 2204 ἐννοσσεύσουσν

1247 2278 1624 2341 ATHANASII
1674 2262 2263 2335 INTERPRETATIO.

1877 2431 1967 2486 21.
1999 2426 2102 2494 Qui
2135 2421 2338 2480 emittis
2363 2415 2640 2490 apostolos
2659 2414 2713 2468 in
2738 2423 2944 2485 gentes.

1873 2522 1965 2576 22.
1999 2520 2102 2573 Per
2121 2515 2358 2571 medium
2391 2511 2626 2583 gentium
2658 2504 3062 2577 pertransibunt
3099 2502 3361 2574 pradica-

1807 2623 1954 2669 tores
1984 2605 2283 2678 Evangelii.

1876 2704 1968 2758 25.
2016 2701 2335 2756 Sermonem
2380 2689 2654 2761 Evangelii
2695 2685 3068 2760 praedicabunt
3105 2685 3362 2742 omnibus

1807 2794 2056 2866 gentibus
2078 2789 2287 2843 mundi.

1873 2883 1965 2940 21.
2002 2879 2403 2950 EXSpectabunt
2441 2883 2625 2948 gentes
2665 2871 3096 2944 praedicationem
3138 2869 3191 2924 in
3214 2868 3365 2924 refri-

1808 2977 2013 3049 gerium
2040 2972 2368 3027 animarum.

1875 3070 1970 3127 25.
2002 3067 2177 3137 Super
2206 3063 2351 3132 ipsas
2383 3065 2567 3130 gentes
2592 3053 2915 3111 habitabant
2937 3053 3057 3123 ejus
3078 3051 3241 3108 dona.

202 2454 297 2507 21.
340 2453 400 2506 ’0
424 2449 823 2516 ἐξαποστέλλων
855 2445 978 2508 τοὺς
1013 2444 1340 2508 ἀποστόλους
1359 2445 1438 2507 εἰς
1466 2431 1535 2497 τά
1563 2441 1711 2511 ἔθνη.

201 2546 294 2601 22.
321 2544 451 2598 Ἀνὰ
489 2544 650 2615 μέσον
703 2540 812 2595 τῶν
858 2537 1027 2593 ἐθνῶν
1076 2535 1433 2589 διελεύσονται
1471 2536 1520 2588 οἱ
1551 2535 1685 2603 εὑαγ

139 2637 399 2705 γελισταί.

200 2729 294 2783 23.
347 2728 450 2781 Τὸν
497 2725 654 2795 λόγον
713 2721 808 2776 τοῦ
857 2719 1244 2790 εὐαγγελιστοῦ
1295 2720 1371 2792 (1)
1421 2717 1715 2790 κηρύξουσι

131 2825 272 2875 πᾶσι
297 2822 407 2883 τοῖς
432 2819 607 2872 ἔθνεσι
633 2816 725 2870 τοῦ
752 2817 976 2886 κόσμου.

195 2911 286 2965 24.
320 2910 706 2985 Προσδᾶονται
731 2909 799 2964 τὰ
826 2907 951 2978 ἔθνη
981 2906 1040 2959 τὸ
1061 2907 1319 2978 κήρυγμα
1347 2905 1428 2968 εἰς
1461 2902 1706 2974 ἀπάντη-

131 3023 218 3058 σιν
244 3005 320 3075 (2)
353 3004 455 3058 τῶν
484 3003 689 3074 ψυχῶν.

195 3096 290 3152 25.
329 3098 444 3150 Ἐπ’
478 3095 617 3151 αὐτὰ
644 3093 714 3147 τὰ
761 3093 888 3162 ἔθνη
912 3090 1226 3161 κατοικήσει
1276 3087 1346 3141 τὰ
1385 3086 1705 3158 χαρίσματα

129 3188 323 3245 αὑτοῦ.

195 3281 289 3336 26.
318 3279 414 3334 Ἐκ
447 3279 609 3350 μέσου
635 3277 742 3332 τῶν
762 3274 995 3348 καρδιῶν
1045 3271 1222 3327 αὐτῶν
1270 3267 1580 3335 δοξάσουσιν
1608 3267 1706 3322 αύ-

129 3376 221 3428 τόν
251 3375 348 3444 (δ).

198 3466 291 3522 27.
317 3463 553 3530 Ποτίζων
581 3462 649 3517 τὰ
671 3460 798 3531 ἔθνη
814 3459 888 3531 (4)
911 3460 972 3512 ἐκ
997 3457 1104 3512 τῶν
1123 3454 1472 3527 χαρισμάτων
1511 3450 1699 3506 αὑτοῦ.

196 3558 292 3612 28.
325 3557 458 3608 ’Δπὺ
509 3559 610 3624 τῆς
664 3553 884 3623 χάριτος
938 3550 1045 3602 τῶν
1120 3548 1553 3618 προσταγμάτων
1609 3561 1700 3596 σου

128 3647 601 3720 ἐμπλησθήσονται
634 3647 690 3699 αί
719 3643 889 3714 ψυχαὶ
918 3641 1024 3695 τῶν
1049 3639 1237 3693 ἐθνῶν.

191 3741 286 3796 29.
327 3741 388 3792 ὐ
420 3737 694 3810 μαραίνων
716 3736 807 3790 τὸν
827 3733 1054 3787 πλοῦτον
1083 3730 1188 3784 τῶν
1220 3729 1453 3783 ἀσεϐῶν.

195 3832 288 3888 30.
335 3832 445 3885 Καὶ
509 3825 915 3902 [ἐξανατέλλων]
977 3825 1047 3878 τὰ
1093 3822 1484 3894 προστάγματα
1538 3816 1701 3872 αὐτοῦ

127 3928 252 3987 ταῖς
279 3923 495 3994 ψυχαῖς,
530 3922 755 3983 καὶτοῖς
790 3918 972 3990 μέλεσι
1001 3915 1107 3969 τῶν
1160 3911 1548 3982 ἐπεγνωκότων
1601 3909 1701 3980 τὴν

125 4014 656 4161 ἁλέῗσσύστημα
683 4100 790 4153 τῶν
813 4094 1249 4152 πεπιστευκότων
1270 4089 1376 4161 (5).
1998 4046 2482 4161 S22E26?
2509 4040 2869 4161 ξῖξῗῗηῐίυωο

274 4145 288 4159 .
313 4105 386 4158 Τὸ
406 4102 656 4174 σύστημα
683 4100 790 4153 τῶν
813 4094 1249 4152 πεπιστευκότων
1270 4089 1376 4163 (5).
1870 4089 1897 4196 Ξ

1059 4094 1249 4148 δκότων
1871 4089 1961 4104 ν-·
2002 4089 2482 4152 ννι-ιῖ-υο---ν--νη-
2512 4089 2682 4098 νη--.

1870 4143 1959 4196 52.
1998 4141 2260 4197 Dominus
2289 4148 2474 4194 noster
2501 4135 2682 4192 Jesus.

1872 3246 1962 3302 26.
1986 3244 2030 3298 Ε
2057 3241 2234 3298 medio
2256 3238 2504 3296 cordium
2537 3249 2762 3292 suorum
2804 3231 3182 3306 gloriﬁcabunt
3211 3245 3355 3285 eum.

1871 3419 1964 3478 27.
1994 3417 2198 3488 Rigans
2227 3424 2410 3486 gentes
2437 3413 2503 3469 de
2531 3412 2691 3468 donis
2715 3409 2850 3466 suis.

1870 3511 1959 3567 28.
1995 3511 2179 3568 Gratia
2207 3510 2583 3564 mandatorum
2617 3515 2830 3558 tuorum
2857 3496 3359 3571 implebunturani-

1801 3620 1904 3659 mae
1934 3604 2197 3674 gentium.

1867 3693 1958 3749 29.
1990 3691 2319 3747 Marcescere
2351 3690 2552 3745 faciens
2580 3686 2794 3742 divitias
2821 3684 3130 3755 impiorum.

1871 3782 1958 3837 50.
1982 3781 2048 3835 Et
2088 3781 2288 3837 evoriri
2338 3778 2540 3835 faciens
2568 3784 2829 3847 praecepta
2868 3788 2966 3828 sua
3006 3771 3224 3834 animis,
3274 3769 3358 3823 in-

1803 3873 2078 3944 ternisque
2100 3872 2351 3929 sensibus
2379 3868 2782 3942 agnoscentium
2811 3865 3114 3920 veritatem.

193 4198 286 4252 52.
325 4197 384 4250 '0
414 4194 614 4256 Κύριος
642 4191 797 4256 ἡμῶν
833 4188 1058 4256 Ἰησοῦς-
1869 4188 1959 4256 ᾆξ’
1987 4188 2754 4256 ιῙ.⁷ζᾞῙῖ.”.Ϊζξζῖξᾲ’ζᾷξᾮη
2780 4222 3022 4256 .......:.....
3052 4223 3106 4256 ς..
3141 4218 3322 4256 mam;

192 4198 286 4252 32.
325 4197 384 4250 '0
414 4194 614 4266 Κύριος
642 4193 797 4264 ἡμῶν
833 4193 1058 4261 Ἰησοῦς.

186 4289 282 4343 33.
313 4285 418 4340 Τοῦ
451 4283 734 4356 πληρῶσαι
760 4282 858 4352 τῆς
896 4281 1115 4351 χάριτος
1150 4273 1312 4329 αὐτοῦ
1346 4274 1522 4326 πᾶσαν
1567 4288 1701 4343 καρ-

1869 4234 1961 4290 55.
1987 4232 2057 4288 Ut
2085 4233 2303 4303 impleat
2327 4231 2494 4302 gratia
2526 4243 2623 4284 sua
2663 4241 2754 4282 cor
2780 4222 3024 4279 omnium
3052 4223 3108 4275 in
3141 4218 3354 4274 miseri-

1800 4324 1983 4378 cordia
2011 4323 2202 4392 ipsius.

123 4379 243 4432 δίαν
269 4381 325 4430 ἐν
356 4375 433 4445 τῷ
457 4374 594 4426 ἐλέει
627 4374 810 4427 αὑτοῦ.

196 4467 289 4521 34.
332 4466 393 4519 '0
422 4463 739 4536 ἐπουράνιος
775 4461 938 4532 ἄρτος
966 4456 1040 4528 (6)
1080 4457 1108 4508 6
1157 4453 1359 4524 Κύριος
1383 4451 1540 4522 ἡμῶν
1597 4451 1698 4521 ’1η-

1661 4469 1698 4521 i_
1807 4374 2396 4484 "5;.ﬁsuperctnlestis
2417 4409 2574 4480 panis
2604 4404 2864 4461 Dominus
2896 4409 3079 4457 noster
3106 4397 3284 4456 Jesus.

127 4578 281 4614 σους.

195 4595 289 4707 3:3.
324 4650 396 4701 Τὸ
426 4647 623 4718 πλῆθος
655 4645 762 4699 τῶν
809 4641 978 4712 ἁγίων
1011 4640 1117 4694 τῶν
1148 4637 1223 4710 (7)
1263 4635 1467 4707 πλῆρες
1520 4633 1694 4703 ἔργων
1728 4674 1773 4729 D

1732 4674 1773 4729 υ
1871 4632 1960 4686 55.
1993 4631 2282 4687 Multitudo
2336 4639 2645 4686 sanctorum
2701 4627 2854 4698 plena
2900 4623 3152 4694 Operibus
3200 4621 3355 4676 bonis

123 4742 348 4813 ἀγαθῶν
378 4739 800 4812 χορτασθήσεται
819 4736 916 4806 τῆς
937 4733 1156 4804 χάριτος
1177 4730 1364 4784 αὐτοῦ.
1729 4723 1746 4729 ’

894 4752 916 4796 ς
937 4733 1156 4804 χάριτος
1177 4730 1364 4784 αὐτοῦ.
1729 4723 1762 4729 ⁷
1801 4724 2087 4778 satiabitur
2113 4725 2287 4796 gratia
2327 4723 2517 4792 ipsius.

188 4836 282 4892 36.
309 4803 552 4889 Οίαύτοὶ
577 4803 717 4901 ἅγιοι
743 4803 996 4898 ἄσηπτοι,
1014 4803 1114 4877 καὶ
1143 4822 1374 4895 καθαροὶ
1403 4823 1469 4892 τῇ
1497 4817 1694 4889 καρδίᾳ

1867 4815 1949 4869 56.
1980 4815 2085 4886 ipsi
2125 4817 2297 4872 sancti
2345 4810 2806 4880 incorruptibiles,
2858 4816 2914 4863 et
2958 4804 3143 4861 mundi
3190 4803 3355 4858 corde

121 4931 170 4982 oi
192 4925 548 4995 φυτευθέντες
567 4897 634 4976 ἐν*
665 4923 731 4992 τῇ
773 4897 951 4973 πίστει
978 4915 1124 4987 παρὰ
1177 4914 1269 4969 τοῦ
1322 4914 1546 4986 Κυρίου.
1593 4913 1695 4966 Λί-

1796 4905 2020 4975 plantati
2049 4909 2100 4960 in
2129 4907 2234 4961 ﬁde
2259 4921 2288 4960 a
2312 4905 2561 4959 Domino.
2591 4902 2822 4955 Libanus
2857 4900 3000 4953 enim
3032 4897 3353 4965 interpreta-

123 4985 307 5083 σαί·ος
355 5015 460 5086 γὰρ
504 4985 845 5078 λευκαᾶμὸς
887 4985 1264 5079 ἑρμηνεύεται,
1318 5006 1453 5075 ὅπερ
1487 5003 1632 5056 ἐστὶν
1665 5003 1694 5054 6

1795 5005 1887 5052 tur
1925 5000 2212 5065 dealbatio,
2242 4999 2389 5070 quod
2433 4995 2686 5052 convenit
2727 4991 2980 5057 Domino,
3017 4990 3109 5060 qui
3141 4985 3352 5042 dealbat

121 5111 328 5180 Κύριος
365 5111 393 5163 6
416 5105 709 5161 λευκαίνων
731 5101 805 5172 (8)
841 5103 1065 5164 πάντας.
1792 5105 2006 5147 omnes.

190 5202 285 5257 37.
310 5201 389 5254 Τὰ
419 5199 546 5269 ἔθνη
578 5200 635 5251 ἐν
663 5197 772 5258 τοῖς
793 5194 1125 5257 ἀποστόλοις.

966 5194 1125 5257 ὀλοις.
1865 5186 1954 5240 57.
1996 5185 2196 5240 Gentes
2221 5184 2276 5237 in
2305 5181 2587 5252 apostolis.

1070 5349 1375 5411 Addenda
1429 5353 1490 5411 et
1521 5344 1894 5425 corrigenda
1923 5361 2004 5406 ex
2033 5341 2173 5404 cod.
2208 5339 2409 5404 Vatic.

193 5487 271 5553 (1)
298 5483 626 5553 Εὐαγγελὶου
658 5483 974 5554 ποιήσαντες
1005 5482 1154 5545 πᾶσι,
1185 5491 1288 5535 etc.

848 5499 974 5545 ιντες
1005 5482 1154 5545 πᾶσι,
1185 5491 1288 5535 etc.
1958 5472 2135 5554 ἑύτὸς
2151 5485 2254 5550 _pro
2285 5469 2471 5554 ἄρτος.

294 5518 675 5626 ξλᾨξτᾎψσιςς
701 5518 746 5535 ””
771 5518 972 5554 ¹”“⁷’”’
1012 5518 1154 5545 "ﬂ"
1186 5518 1288 5535 wn
1958 5518 2499 5610 etii,
2533 5532 2996 5606 χορτασθήσονται
3043 5527 3144 5598 τῆς
3189 5518 3349 5598 χάρι-

190 5616 269 5762 (3)
298 5627 402 5678 Τὸν
434 5623 586 5676 Θεὸν.
1777 5616 1868 5678 τός
1897 5631 2012 5667 σου.

190 5697 248 5762 (II
304 5698 465 5762 Ὄρη.
874 5760 893 5762 γλ
1857 5683 1931 5757 (8)
1961 5686 2012 5738 Al

329 5699 465 5766 Ορη.
625 5762 634 5766 _
773 5763 783 5766 _
804 5761 818 5766 Δ
870 5760 893 5766 _
1857 5683 1931 5757 (8)
1961 5681 2289 5738 Λευκαίνων.

189 5697 268 5838 (4)
304 5698 465 5766 Ὄρη.
623 5762 634 5778 ⁸
870 5760 893 5772 _

218 5767 270 5838 5)
302 5767 742 5820 Πιπιστευκοτων
769 5761 952 5815 ἐθνων.
