4066 6318
95 347 289 404 1097
1065 351 1151 405 DE
1193 350 1468 405 Tl'l'L'LlS
1505 350 1954 412 PSALMORUM.
1998 386 2064 396 ——-
2101 355 2296 410 PSAL.
2340 355 2470 413 CIII.
3241 364 3373 418 1098

195 464 314 519 52.
345 463 530 516 Πάντα
557 463 615 514 ὲν
647 479 805 534 σοφιᾳ
828 465 1101 535 ἐποίησας·
1752 476 1798 527 Α

1752 476 1798 527 Α
1891 457 2200 524 52.Ὀιιιηία
2237 471 2288 523 in
2321 471 2584 540 sapientia
2613 469 2785 525 fecisti
2819 491 2831 525 :

199 556 314 610 55.
355 555 675 626 Ἐπληρώθη
705 557 737 626 ή
763 557 831 626 γῆ
859 558 954 626 τῆς
979 557 1204 619 κτίσεώς
1237 575 1347 610 σου.

1893 561 1979 615 55.
2008 559 2224 629 Impleta
2249 573 2331 615 est
2359 570 2502 613 terra
2541 561 2883 628 possessione
2917 571 3028 614 tua.

203 648 315 703 54.
354 647 503 716 Αὕτη
533 650 566 717 ὴ
594 647 834 700 θάλασσα
862 651 893 718 ή
927 649 1133 718 μεγάλη
1160 651 1252 702 καὶ
1283 650 1606 720 εὐρύχωρος

1893 654 1978 706 54.
2012 653 2124 708 Hoc
2160 670 2308 708 mare
2348 670 2623 723 magnum,
2656 663 2709 707 et
2740 655 3036 723 spatiosum
3083 655 3375 710 manibus:

201 739 313 795 55.
342 741 490 792 Ἐκεῖ
522 739 723 810 ἑρπετὰ
746 733 819 792 ὧν
848 741 946 792 οὐκ
972 741 1116 793 ἐστιν
1144 742 1395 812 ἀριθμὸς,

1893 745 1980 800 55.
2018 746 2130 800 lllic
2164 747 2395 814 reptilia,
2427 761 2658 815 quorum
2695 763 2800 800 non
2829 755 2914 801 est
2943 763 3219 812 numerus,

206 830 314 884 56.
353 830 476 884 Ζῶα
506 830 673 900 μικρὰ
703 830 837 899 μετὰ
868 832 1138 900 μεγάλων.

1892 839 1980 892 56,
2013 839 2281 892 Animalia
2308 839 2501 908 pusilla
2525 855 2647 893 cum
2685 837 2919 909 magnis.

206 922 316 975 57.
357 922 500 974 Ἐκεῖ
539 921 694 974 πλοῖα
718 921 1158 992 διαπορεύονται’

1145 938 1158 950 ’
1891 930 1978 982 57.
2005 929 2115 984 Illic
2140 946 2302 984 naves
2336 938 2751 1000 pel-transeunt:

207 1014 314 1067 58.
353 1015 578 1083 Δράκων
623 1009 805 1075 οὗτος,
859 1013 917 1065 ὃν
944 1012 1183 1076 ἔπλασας
1223 1014 1509 1082 ἐμπαίζειν
1550 1015 1718 1085 αὐτῷ.

1892 1021 1978 1075 58.
2013 1021 2185 1075 Draco
2208 1023 2328 1087 iste,
2357 1037 2517 1091 quem
2566 1021 2812 1076 formasti
2839 1023 2904 1075 ad
2944 1020 3272 1076 illudendum
3302 1021 3373 1074 ei.

208 1105 316 1159 59.
351 1106 535 1158 Πάντα
564 1106 697 1175 πρὸς
725 1105 783 1156 σὲ
817 1105 1156 1174 προσδοκῶσι
1185 1105 1365 1159 δοῦναι
1391 1107 1488 1178 τὴν
1517 1110 1719 1180 τροφὴν

1891 1114 1976 1168 59.
2010 1114 2203 1168 Omnia
2230 1131 2259 1168 a
2297 1125 2346 1168 te
2377 1123 2695 1184 exspectant
2721 1124 2781 1170 ut
2807 1115 2902 1169 des
2928 1129 3110 1168 escam
3135 1117 3372 1185 ipsorum

108 1199 333 1252 αὐτῶν
369 1197 594 1270 [αὐτοῖς]
619 1199 696 1261 είς
718 1195 996 1268 εὕκαιρον·

783 1214 967 1268 καιρον
983 1214 996 1228 ο
1823 1204 1998 1276 [ipsis]
2027 1206 2079 1258 in
2113 1215 2353 1274 tempore
2378 1225 2389 1261 :

212 1291 316 1345 60.
349 1292 541 1353 Δόντος
575 1308 664 1343 σου
703 1291 901 1353 αὐτοῖς,
939 1289 1299 1354 συλλέξουσιν.

1123 1290 1299 1352 ἰουσιν.
1890 1297 1980 1350 60.
2007 1296 2178 1350 Dante
2217 1308 2266 1351 te
2295 1297 2422 1362 illis,
2457 1295 2729 1368 colligent.

209 1379 313 1434 6|.
371 1380 701 1446 ’Δνοίξαντός
745 1397 836 1432 σου
871 1377 950 1449 [δέ
983 1376 1099 1449 σου]
1132 1377 1230 1450 τὴν
1257 1381 1411 1452 χεῖρα
1434 1422 1448 1444 ,
1484 1381 1550 1434 τὰ
1584 1379 1721 1453 σύμ-

1889 1390 1976 1444 6f.
2007 1390 2288 1459 Aperiente
2331 1388 2558 1463 [autem]
2596 1397 2648 1444 te
2687 1404 2930 1452 manum,
2974 1389 3155 1443 omnia
3186 1388 3373 1457 imple-

116 1489 332 1526 ταντα
366 1473 762 1544 πλησθήσονται
791 1470 1182 1542 χρηστότητος·
1819 1481 2019 1537 buntur
2049 1484 2316 1538 bonitate.

209 1565 313 1618 6?...
352 1565 813 1636 ’Δποστρέψαντος
831 1564 887 1617 δέ
920 1580 1012 1615 σου
1040 1563 1099 1614 τὸ
1119 1562 1426 1633 πρόσωπον,
1453 1564 1721 1637 ταραγθῆ-

1627 1564 1721 1620 θῆ-
1888 1572 1976 1626 62.
2004 1573 2290 1627 Avertente
2321 1582 2503 1628 autem
2531 1582 2583 1628 te
2609 1570 2834 1638 faciem,
2853 1573 3233 1629 turbabuntur.

121 1674 362 1710 σονται.

210 1748 310 1801 65.
356 1745 685 1808 ’Δντανελείς
710 1745 771 1798 τὸ
797 1745 1013 1816 πνεῦμα
1035 1744 1232 1808 αὐτῶν,
1263 1742 1356 1795 καὶ
1383 1740 1713 1810 ἐκλείψουσι·
1887 1726 1976 1780 65-
2009 1726 2232 1782 Αυῖθνθδ
2265 1726 2516 1797 Spiritum
2546 1743 2757 1792 eorum,
2782 1738 2835 1783 et
2859 1727 3108 1783 deficient
3138 1768 3151 1781 .

213 1838 312 1892 64.
342 1839 453 1892 Καὶ
479 1840 557 1900 εἰς
592 1837 681 1890 τὸν
713 1837 839 1907 χοῦν
865 1836 1043 1888 αὐτῶν
1071 1832 1504 1905 ἐπιστρέφουσιν.
1747 1825 1789 1880 Β

1457 1849 1504 1883 ν,
1747 1825 1789 1880 Β
1885 1816 1972 1872 64.
2003 1816 2069 1871 Ει
2101 1817 2154 1870 iu
2195 1819 2467 1886 pulverem
2502 1835 2663 1875 suum
2695 1830 3059 1875 revertentur.

215 1930 314 1984 65.
361 1929 765 1995 Ἐξαποστελετς
788 1928 848 1982 τὸ
873 1927 1098 1998 Πνεῦμα
1125 1945 1217 1980 σου
1239 1965 1253 1990 ,
1285 1926 1376 1978 καὶ
1399 1923 1715 1992 κτισθήσον-

1549 1924 1715 1992 νῆσον-
1893 1909 1979 1965 65.
2009 1909 2233 1965 Emittes
2255 1909 2516 1980 Spiritum
2550 1921 2722 1977 tuum,
2753 1921 2808 1966 ct
2836 1913 3155 1986 creabuntur

125 2040 238 2076 ται
264 2040 279 2053 ⁸

215 2115 316 2169 66.
344 2114 456 2167 Καὶ
487 2115 818 2176 ἁνακαινιεῖς
845 2110 904 2166 τὸ
930 2112 1215 2183 πρόσωπον
1248 2109 1346 2179 τῆς
1376 2108 1501 2177 γῆς.

1200 2126 1215 2163 ρ
1248 2109 1346 2179 τῆς
1376 2108 1501 2177 γῆς.
1891 2111 1979 2168 66.
2007 2111 2073 2165 Et
2101 2113 2385 2168 renovabis
2416 2113 2609 2168 faciem
2633 2119 2806 2168 teme.

210 2208 309 2259 67.
353 2207 504 2260 ’Πτω
538 2208 571 2278 ή
600 2205 724 2269 δόξα
753 2204 954 2276 Κυρίου
988 2205 1065 2266 είς
1096 2203 1218 2266 τοὺς
1247 2200 1446 2262 αἰῶνας
1465 2217 1477 2228 ·

1278 2200 1477 2262 .ἱῶνας·
1891 2204 1980 2258 67.
2014 2203 2094 2258 Sit
2119 2205 2285 2274 gloria
2321 2203 2531 2259 Domini
2558 2205 2610 2258 in
2638 2205 2838 2259 saecula
2870 2221 2884 2257 :

215 2301 312 2355 68.
342 2299 784 2371 Εὑφρανθήσεται
827 2297 1026 2368 Κύριος
1062 2295 1153 2348 ὲπὶ
1179 2296 1290 2356 τοῖς
1325 2292 1503 2363 ἔργοις
1531 2288 1713 2341 αὑτοῦ.

1500 2309 1503 2346 :
1531 2288 1713 2341 αὑτοῦ.
1890 2293 1980 2345 68.
2007 2292 2290 2348 Lzetabitur
2314 2293 2576 2349 Dominus
2602 2295 2656 2348 in
2687 2295 2940 2364 operibus
2973 2293 3106 2349 suis.

217 2394 313 2448 69.
356 2394 415 2446 '0
446 2391 750 2445 ἐπιϐλέπων
779 2391 872 2443 ὲπὶ
900 2389 996 2460 τὴν
1029 2388 1130 2458 γῆν
1155 2427 1171 2455 ,
1215 2386 1310 2440 καὶ
1344 2382 1509 2438 noqu
1549 2379 1716 2451 αὐτὴν

1660 2379 1716 2451 ὴν
1892 2383 1980 2438 69.
2013 2383 2113 2451 Qui
2139 2386 2356 2455 respicit
2382 2395 2602 2450 terram,
2631 2397 2685 2441 et
2715 2388 2842 2443 facit
2865 2402 2985 2443 eam
3018 2397 3266 2446 tremere.

131 2486 400 2559 τρέμειν.

1269 2674 1634 2733 ΑΤΙΙΑΝᾹΞΙῘ
1675 2673 2253 2729 INTERPRETATIO.

219 2888 316 2943 53.
343 2887 524 2940 Πάντα
549 2889 616 2940 τὰ
638 2885 946 2958 χαρίσματα
977 2902 1066 2936 σου
1089 2884 1145 2937 ὲν
1167 2887 1231 2954 τῇ
1255 2882 1617 2951 πολυποικίλῳ
1635 2899 1725 2936 σου

1896 2885 1983 2940 59..
2012 2885 2205 2941 Omnia
2236 2885 2377 2940 dona
2422 2895 2536 2952 tua,
2572 2903 2625 2940 in
2662 2886 2957 2942 multifaria
2991 2897 3082 2944 tua
3111 2893 3371 2962 sapientia

140 2978 318 3049 σοφία
346 2978 672 3047 κατήρτισας
701 2977 797 3045 (l).

507 2993 672 3039 ιτισας
701 2977 797 3045 (Ι).
1823 2978 2113 3046 perfecisti.

222 3068 314 3124 55.
353 3068 410 3121 ’0
436 3067 636 3137 κόσμος
677 3066 753 3138 (2)
779 3066 884 3119 τῶν
923 3064 1089 3134 ἁγίων
1117 3080 1228 3117 σου.

1011 3066 1089 3118 ξων
1117 3080 1228 3117 σου.
1889 3072 1973 3126 53.
2003 3071 2232 3125 Mundus
2255 3073 2457 3126 sanctis
2495 3072 2617 3126 tuis.

221 3161 313 3215 54.
357 3161 418 3213 Ἡ
446 3160 756 3231 οἰκουμένη.

1887 3161 1973 3213 5i.
2000 3159 2158 3214 Orbis
2187 3172 2473 3214 terrarum.

222 3253 314 3308 55.
342 3255 402 3306 Οἱ
435 3252 704 3324 δαίμονες.
1746 3265 1790 3326 C

701 3294 704 3305 .
1746 3265 1790 3326 (ς
1892 3251 1977 3304 55.
2010 3250 2307 3304 Daemones.

222 3345 310 3398 56.
342 3347 402 3398 Οί
423 3346 516 3398 ἀνθ
528 3350 714 3415 ρωποι.

680 3350 714 3396 ι.
2014 3341 2285 3396 Homines.

225 3440 312 3493 57.
343 3443 401 3492 Οἱ
435 3440 573 3507 ἅγιοι
620 3439 832 3508 ἔχοντες
887 3439 944 3488 ὲν
989 3435 1166 3497 αὐτοῖς
1221 3435 1294 3503 (5)
1323 3434 1390 3486 τὰ
1428 3433 1579 3500 λόγια
1615 3430 1710 3483 τοῦ

1887 3435 1976 3488 57.
2010 3433 2192 3487 Sancti
2233 3433 2489 3487 habentes
2542 3434 2592 3486 in
2649 3433 2840 3504 seipsis
2889 3437 3100 3506 eloquia
3145 3437 3262 3506 Det,
3317 3450 3369 3498 et

145 3529 309 3593 Θεοῦ,
332 3530 424 3584 καὶ
443 3529 533 3583 διὰ
550 3529 657 3584 τῶν
673 3529 746 3601 (4)
770 3527 1057 3598 τρέφοντες
1086 3533 1146 3579 το
1182 3527 1335 3596 γένος
1373 3524 1480 3578 τῶν
1506 3522 1712 3594 ἀνθρώ-

1182 3527 1335 3596 γένος
1373 3524 1480 3578 τῶν
1506 3522 1712 3594 ἀνθρώ-
1817 3525 2016 3581 eisdem
2040 3527 2244 3581 alentes
2269 3526 2564 3579 humanum
2592 3542 2779 3594 genus.

327 3713 385 3767 '0
411 3710 648 3777 διάὸολος
669 3709 786 3780 ὁ(5)
809 3709 1270 3780 καταπαιζόμενος
1296 3706 1397 3758 ὑπὸ
1419 3705 1522 3757 τῶν
1544 3705 1711 3774 ἁγίων

1352 3706 1397 3758 τὸ
1419 3705 1522 3757 τῶν
1544 3705 1711 3774 ἁγίων
1885 3699 1974 3754 58.
2010 3698 2265 3754 Diabolus
2289 3698 2512 3755 delusus
2543 3716 2572 3754 a
2599 3702 2801 3758 sanctis
2833 3703 2958 3759 tuis.

157 3820 275 3857 σου.

229 3896 310 3950 59.
343 3894 424 3947 Τὰ
454 3893 580 3961 ἔθνη
615 3892 997 3961 ἀπεκδέχονται
1039 3889 1135 3943 τὴν
1167 3888 1314 3959 παρά
1351 3889 1442 3942 σοῦ
1485 3897 1708 3959 τροφήν,

1886 3883 1973 3936 59.
2003 3880 2199 3936 Gentes
2238 3893 2552 3952 exspectant
2593 3899 2622 3937 a
2679 3893 2728 3938 te
2776 3900 2977 3953 escam,
3028 3904 3190 3958 quam
3236 3891 3365 3962 ipsis

154 3989 223 4059 ἡν
259 3989 433 4050 αὐτοῖς
459 3986 646 4049 δώσεις
679 3987 734 4038 ὲν
763 3985 971 4056 είρήνῃ.

620 4003 646 4049 ς
679 3987 734 4038 ὲν
763 3985 971 4056 εἰρήνῃ.
1814 3974 1968 4028 dabis
2001 3974 2052 4026 in
2078 3988 2226 4042 pace.

228 4079 311 4134 60.
337 4078 635 4140 Δεδωκότος
662 4093 751 4130 σου
782 4076 961 4138 αὐτοῖς
986 4111 999 4138 ,
1033 4073 1128 4136 τὰς
1162 4071 1377 4135 ἐντολάς
1412 4087 1503 4123 σου
1533 4071 1708 4136 δέξον-

1885 4061 1970 4119 60.
2002 4065 2142 4120 Cum
2181 4074 2240 4120 tu
2263 4063 2472 4120 dederis
2503 4065 2636 4136 ipsis
2659 4067 2908 4122 mandata
2934 4079 3044 4132 tua,
3073 4071 3361 4142 excipient.

158 4192 268 4229 ται.

229 4265 311 4320 61.
336 4261 748 4335 Φανερὼσαντος
787 4258 841 4314 δέ
872 4277 963 4313 σου
1011 4259 1102 4312 τὸν
1132 4257 1335 4328 Κύριον
1370 4257 1494 4310 Υίὸν
1516 4296 1530 4320 ,
1575 4259 1602 4310 ὁ
1633 4257 1708 4325 (6)

1883 4265 1968 4320 6t.
2010 4263 2388 4320 Manifestante
2440 4274 2619 4319 autem
2685 4277 2735 4322 te
2791 4267 3074 4325 Dominum
3133 4273 3361 4345 Filium,

157 4358 350 4428 κόσμος
374 4373 465 4410 σου
482 4354 846 4425 πλησθήσεται
863 4352 955 4406 τοῦ
977 4349 1289 4422 Πνεύματός
1309 4367 1400 4403 σου
1421 4349 1513 4402 τοῦ
1533 4349 1706 4417 ἁγίου.

1533 4349 1706 4417 ἁγίου·
1816 4359 2051 4414 mundus
2083 4368 2209 4413 tuus
2241 4357 2548 4428 implebitur
2575 4355 2780 4428 Spiritu
2809 4372 2997 4415 sancto
3019 4373 3131 4419 tuo.

228 4447 311 4502 62.
350 4447 481 4500 Ἀπὸ
507 4445 614 4499 τῶν
654 4445 917 4498 Ἰουδαίων
961 4444 1399 4515 ἀποστρέψαντος
1439 4442 1498 4495 τὸ
1540 4443 1704 4511 πρόσ-

1882 4451 1971 4506 62.
2005 4452 2289 4507 Avertente
2316 4458 2370 4506 te
2397 4449 2586 4508 faciem
2621 4459 2770 4508 tuam
2807 4468 2836 4507 a
2878 4453 3076 4510 .Iudacis
3117 4455 3183 4512 ad
3221 4459 3361 4515 nihi-

157 4541 299 4594 ωπὸν
325 4557 445 4603 σου,
476 4541 554 4602 είς
584 4537 881 4608 ἀφανισμὸν
920 4536 1129 4590 ἔσονται
1158 4535 1252 4606 (7).

669 4537 881 4608 rm:pr
920 4536 1129 4590 ἔσονται
1158 4535 1252 4606 (7).
1815 4544 1923 4598 lum
1949 4543 2275 4612 redigentur.

226 4628 309 4682 63.
328 4627 508 4700 Λάϐης
530 4628 628 4699 τὴν
646 4627 802 4700 χάριν
827 4627 918 4679 ἀπ’
935 4625 1134 4690 αὐτῶν,
1163 4625 1255 4678 καί
1274 4623 1698 4694 διαλυθήσονται.
1735 4629 1779 4684 D

1536 4641 1698 4677 ονται.
1735 4629 1779 4684 D
1878 4633 1967 4688 65.
1992 4633 2216 4687 Auferes
2248 4634 2473 4703 gratiam
2504 4634 2574 4690 ab
2606 4634 2757 4704 ipsis,
2784 4647 2837 4691 et
2875 4639 3142 4706 peribunt.

228 4717 309 4772 64.
337 4719 444 4772 Καὶ
472 4720 529 4771 ἐν
560 4721 626 4788 τῇ
658 4718 898 4790 ἁμαρτίᾳ
935 4716 1112 4770 αὐτῶν
1137 4717 1539 4787 ὲναπομὲνωσιν
1570 4714 1671 4787 (8).

1337 4717 1539 4770 ιὲνωσιν
1570 4714 1671 4787 (8).
1875 4726 1964 4781 64.
1994 4725 2061 4780 Ει
2087 4727 2139 4781 in
2172 4736 2390 4796 peccato
2406 4743 2507 4782 suo
2536 4729 2943 4799 permanebunt.

227 4807 308 4862 65.
348 4810 466 4863 Ἐπὶ
499 4811 622 4874 τοὺς
656 4810 1006 4873 πιστεύοντας
1033 4809 1114 4870 είς
1148 4808 1230 4862 σέ.

1066 4809 1114 4870 ίς
1148 4808 1230 4862 σέ.
1876 4813 1964 4869 65.
1991 4814 2166 4884 Super
2201 4815 2481 4871 credentes
2509 4818 2564 4871 in
2595 4830 2669 4872 te.

227 4900 307 4955 66.
324 4902 429 4955 Kal.
444 4901 761 4965 ἁνανδώσεις
783 4901 878 4973 τὴν
896 4902 1130 4957 διάνοιαν
1146 4900 1246 4971 τῆς
1262 4900 1487 4972 καρδίας
1505 4900 1704 4954 αὐτῶν.

1474 4900 1704 4965 ςαύτῶν.
1877 4905 1962 4961 66.
1999 4905 2064 4960 Et
2089 4909 2373 4962 renovabis
2407 4920 2639 4965 mentem
2662 4910 2840 4966 cordis
2871 4925 3080 4965 eorum.

229 4989 308 5054 67,
338 4992 423 5046 68.
451 4993 526 5064 (9)
553 4994 676 5056 Τοῖς
702 4994 897 5062 ἁγίοις.

803 5011 897 5057 οις.
1877 4997 1964 5062 67,
1994 4997 2082 5053 68.
2108 4996 2164 5052 ln
2189 5001 2409 5055 sanctis.

231 5082 307 5137 69.
335 5085 456 5138 Ἐπὶ
482 5086 542 5137 τὸ
577 5086 825 5155 σύστημα
854 5083 967 5139 τῶν

951 5103 967 5136 δ
990 5085 1280 5158 δαιμόνων.
1876 5086 1962 5144 69.
1991 5087 2304 5144 Damonum
2336 5098 2557 5147 canum.

1088 5260 1391 5324 Addenda
1437 5265 1497 5323 et
1525 5257 1895 5337 corrigenda
1925 5279 2006 5325 ex
2051 5263 2193 5326 eod.
2220 5264 2416 5327 Vatic.

322 5429 650 5513 ἧατήρτισα.
679 5501 694 5513 .
773 5497 789 5513 ⁸
1871 5438 1951 5513 (6)
1977 5439 2235 5513 ΤδνγΥίόν
2265 5457 2356 5495 σου
2382 5481 2395 5503 ,
2424 5441 2476 5505 ὁ,
2507 5450 2610 5496 etc.

249 5498 296 5582 ξ)
327 5497 645 5582 ξὲπληρώθη
669 5501 699 5556 ὁ
725 5497 946 5569 κόσμος,
977 5514 1079 5559 etc.

725 5497 946 5569 κόσμος,
977 5514 1079 5559 etc.
1872 5497 1948 5582 ί
1975 5511 2311 5582 Γενήσσνται.

279 5572 296 5642 )
331 5569 586 5650 Ἑαυτοῖξ·
634 5569 643 5571 _
1983 5569 2451 5674 Ἐνᾶπομείνωσιν.

281 5643 294 5674 \
323 5639 392 5674 Δι’
424 5641 603 5674 ηιίφιηυ
1874 5649 1948 5674 Im
1974 5650 2012 5674 tu
2081 5653 2125 5674 σοι
2208 5654 2227 5674 Α
2250 5653 2432 5674 __.',-_-

245 5637 294 5713 ξι)
318 5639 392 5691 Δι’
424 5641 627 5694 αὐτῶν.
1971 5650 2012 5702 Ν
2081 5653 2125 5678 ⁸⁸¹
2179 5637 2513 5716 ³Λπαύττως.
2563 5652 2628 5709 Ν.
2659 5653 2746 5711 68.
2775 5655 2898 5718 Τοῖς
2923 5655 3112 5721 ἁγίοις.

319 5709 375 5763 Ὀ
406 5711 574 5763 deest.

440 5726 574 5763 ecat.

411 5811 678 5870 ΡΑτκοι..
726 5810 842 5870 Gn.
893 5809 1149 5872 XXVII.

2967 5817 3041 5876 35
