4066 6318
125 346 291 401 1101
1067 352 1153 407 DE
1193 355 1467 413 TlTL'LlS
1507 361 1726 418 PSALM

1786 367 1944 424 RUM.
1989 371 2267 429 —PS.\L.
2310 376 2443 433 CIV.
3258 388 3392 442 “02

222 463 316 519 10.
342 464 418 518 Τὰ
441 465 638 537 τέρατα
666 469 828 523 αὐτοῦ
851 509 865 532 ,
901 469 993 524 καὶ
1031 471 1096 525 τὰ
1123 476 1362 544 κρίματα
1393 481 1485 532 τοῦ
1517 485 1717 554 στόμα-
1750 495 1792 548 Α

1427 481 1485 532 οὗ
1517 485 1717 554 στόμα-
1750 495 1792 548 Α
1894 491 1977 546 10.
2008 491 2256 567 Prodigia
2295 501 2434 568 ejus,
2463 501 2736 570 etjudicia
2762 500 2874 557 oris
2897 500 3033 570 ejus.

123 572 242 621 τος
284 558 468 612 αὑτοῦ.

221 650 311 703 11.
345 653 568 724 Σπέρμα
607 655 853 727 Ἀϐραὰμ
882 657 1057 711 δοῦλοι
1089 660 1274 723 αὑτοῦ,

1241 662 1274 723 ἱ.
1890 675 1972 727 11.
2004 674 2198 730 Semen
2229 680 2500 734 Abraham
2535 684 2675 736 servi
2709 684 2847 754 ejus,

219 742 312 796 12.
351 743 466 796 Υἱοὶ
510 745 699 798 Ἰακὼὸ
731 747 973 801 ἐκλεκτοὶ
1006 750 1192 804 αὐτοῦ.

1060 750 1192 804 ὅτοῦ.
1893 765 1974 819 12.
2005 764 2125 820 Filii
2156 765 2325 822 Jacob
2354 772 2505 824 electi
2528 772 2666 840 ejus.

215 831 310 886 15.
346 834 512 896 Αὐτὸς
552 835 754 906 Κύριος
793 840 822 889 ὁ
853 837 984 899 Θεὸς
1017 838 1172 908 ἡμῶν
1194 881 1206 902 ,

1886 855 1970 910 15.
2003 857 2120 927 Ipse
2151 861 2412 918 Dominus
2439 863 2578 918 Deus
2613 874 2817 929 noster,

216 924 310 978 14.
359 927 443 977 Ἐν
474 929 618 998 πάσῃ
652 932 716 998 τῇ
749 933 817 999 γῇ
853 931 919 983 τὰ
947 933 1185 1003 κρίματα
1220 932 1404 990 αὐτοῦ.

1304 932 1404 990 τοῦ.
1885 945 1969 999 14.
2004 949 2059 1000 In
2095 949 2345 1004 universa
2382 962 2520 1007 terra
2545 954 2747 1022 judicia
2773 955 2910 1023 ejus.

208 1016 306 1070 15.
349 1017 619 1090 Ἐμνήσθη
649 1025 726 1084 εἰς
756 1023 845 1074 τὸν
876 1026 1045 1078 αἰῶνα
1079 1026 1336 1099 διαθήκης
1364 1029 1547 1096 αὑτοῦ,

1883 1037 1967 1090 15.
2005 1037 2209 1094 Memor
2243 1040 2346 1096 fuit
2370 1046 2421 1098 in
2446 1045 2700 1099 szecnlum
2735 1049 3039 1100 testamenti
3069 1046 3173 1109 sui,

207 1108 302 1164 16.
334 1111 526 1178 Λόγου,
556 1107 614 1164 οὗ
641 1115 941 1169 ἐνετείλατο
971 1119 1048 1181 εἰς
1085 1117 1260 1187 χιλίας
1292 1124 1498 1188 γενεάς.

1882 1124 1969 1178 16.
2006 1123 2186 1193 Verbi,
2210 1132 2354 1198 quod
2388 1135 2666 1188 mandavit
2705 1135 2759 1189 in
2801 1137 2945 1190 mille
2972 1107 3367 1207 generationes.

209 1200 304 1255 17.
339 1205 434 1254 Ὃν
464 1203 664 1258 διέθετο
701 1206 773 1276 τῷ
809 1209 1076 1280 Ἀϐραὰμ,

1879 1218 1966 1272 17.
1992 1220 2147 1286 Quod
2174 1223 2445 1291 disposuit
2470 1227 2768 1292 Abraham,

203 1292 299 1345 18.
336 1295 559 1348 Καὶτοῦ
593 1299 753 1366 ὅρκου
785 1300 947 1352 αὑτοῦ
984 1303 1060 1372 τῷ
1099 1304 1302 1360 Ἰσαάκ.

1099 1304 1302 1360 Ἰσαάκ.
1877 1309 1963 1367 18.
1994 1311 2057 1365 Et
2078 1314 2368 1380 juramenti
2399 1320 2479 1369 sui
2520 1315 2688 1372 Isaac.

205 1386 298 1441 19.
331 1389 439 1441 Καὶ
471 1388 696 1458 ἔστησεν
733 1391 894 1443 αὑτὸν
920 1393 996 1462 τῷ
1033 1395 1223 1447 Ἰακὼὸ
1252 1399 1329 1461 είς
1362 1399 1684 1471 πρόσταγμα

1471 1415 1684 1471 σταγμα
1876 1401 1961 1456 19.
1991 1401 2054 1456 Ει
2084 1406 2270 1459 statuit
2295 1407 2420 1460 illud
2443 1405 2609 1462 Jacob
2638 1410 2690 1462 in
2721 1419 3074 1479 praeceptum,

197 1477 296 1531 20.
331 1481 437 1532 Καὶ
461 1479 539 1550 τῷ
584 1482 797 1550 Ἰσραὴλ
827 1485 906 1547 είς
933 1483 1200 1557 διαθήκην
1228 1488 1461 1541 αἰώνιον.

1453 1528 1461 1540 .
1873 1494 1963 1548 20.
1997 1495 2062 1549 Ει
2085 1498 2246 1553 Israel
2277 1500 2329 1553 in
2358 1477 2739 1555 testamentum
2774 1512 3059 1558 zeternum.

196 1570 294 1624 21.
329 1573 513 1640 Λέγων
589 1574 677 1625 Σοὶ
711 1573 864 1626 δώσω
892 1575 988 1646 τὴν
1020 1580 1123 1648 γῆν
1154 1580 1371 1632 Χαναὰν
1408 1597 1422 1610 °

1871 1580 1960 1633 2l.
1999 1581 2230 1639 Dicens:
2265 1583 2383 1641 Tibi
2406 1589 2548 1643 dabo
2583 1598 2783 1645 terram
2808 1592 3089 1658 Chanaan,

196 1662 293 1716 22.
319 1664 609 1735 Σχοίνισμα
640 1665 998 1738 κληρονομίας
1033 1670 1204 1739 ὑμῶν.

1870 1673 1958 1725 22.
1999 1673 2319 1731 Funiculum
2362 1680 2693 1736 haereditatis
2719 1693 2914 1736 vestras

193 1755 290 1809 25.
338 1757 423 1808 Ἐν
452 1757 526 1826 τῷ
557 1753 693 1810 εἶναι
724 1760 917 1824 αὐτοὺς
950 1762 1166 1832 ἀριθμῷ
1200 1763 1441 1834 βραχεῖς,

1374 1765 1441 1828 τς,
1870 1764 1955 1816 23.
1992 1764 2128 1818 Cum
2157 1780 2340 1823 essent
2369 1771 2468 1838 ipsi
2505 1789 2732 1828 numero
2763 1775 2980 1839 modici,

191 1847 287 1899 24.
335 1847 665 1916 Ὀλιγοστοὺς
694 1853 785 1903 καὶ
815 1853 1108 1922 παροίκους
1132 1857 1188 1905 ὲν
1218 1854 1375 1926 αὐτῇ.
1727 1855 1770 1912 Β

1171 1871 1188 1905 ν
1218 1854 1375 1926 αὐτῇ,
1727 1855 1770 1912 Β
1867 1852 1956 1907 21.
1992 1854 2310 1914 Paucissimi
2335 1872 2386 1915 et
2416 1863 2605 1918 incolae
2639 1866 2777 1934 ejus.

188 1937 288 1991 25.
311 1940 415 1992 Καὶ
439 1940 649 2010 διῆλθεν
682 1941 740 2006 ἐξ
773 1943 956 2006 ἔθνους
989 1947 1068 2006 είς
1093 1944 1241 2008 ἔθνος
1263 1964 1277 1976 ·

1872 1946 1961 2000 25.
1997 1949 2060 2002 Et
2089 1953 2521 2020 pertransierunt
2549 1957 2615 2009 de
2647 1969 2801 2027 gente
2831 1962 2882 2014 in
2916 1973 3129 2032 gentem
3159 1981 3173 2020 :

191 2031 287 2084 26.
315 2032 420 2084 Καὶ
447 2035 508 2085 ὲκ
539 2032 813 2101 βασιλείας
848 2035 926 2095 είς
951 2033 1075 2086 λαὸν
1112 2036 1319 2105 ἕτερον.

1871 2039 1955 2093 26.
1994 2040 2057 2096 Ει
2084 2043 2150 2098 de
2175 2060 2340 2114 regno
2372 2048 2438 2099 ad
2465 2051 2723 2117 populum
2755 2031 3005 2109 alterum.

1235 2234 1602 2292 ATHANASII
1645 2239 2229 2304 INTERPRETATIO.

192 2383 281 2440 10.
303 2384 368 2437 Αἱ
400 2385 565 2453 ἰάσεις
599 2391 691 2443 καὶ
712 2393 767 2443 αἱ
789 2390 1124 2444 διδασκαλίαι
1154 2390 1248 2446 τοῦ
1272 2392 1429 2463 λόγου
1458 2397 1557 2466 τῆς
1587 2398 1684 2467 χά-

1860 2401 1947 2455 10.
1986 2402 2330 2475 Sanationes,
2375 2422 2427 2464 et
2465 2411 2726 2469 doctrina:
2768 2417 2918 2473 verbi
2950 2425 3137 2491 gratiae
3183 2428 3355 2498 ipsius

105 2491 268 2543 ριτος
300 2477 462 2530 αὑτοῦ
491 2483 592 2549 (1).

187 2567 274 2619 11.
303 2570 365 2621 Οἱ
392 2574 569 2623 πιστοὶ
603 2575 677 2634 ὡς
707 2573 978 2643 Ἀϐραάμ.

1869 2579 1948 2634 ll.
1980 2580 2189 2639 Fideles
2221 2586 2360 2640 sicut
2391 2590 2685 2647 Abraham.

188 2659 274 2714 12.
306 2661 366 2712 οι
401 2662 685 2715 ἀπόστολοι.
717 2665 790 2727 ὡς
817 2664 1006 2718 Ἰακὼὸ
1027 2705 1041 2730 ,
1068 2666 1314 2720 τουτέστι
1359 2669 1587 2741 καθαροὶ
1618 2675 1684 2742 τῇ

1861 2674 1945 2727 12.
1983 2675 2228 2738 Apostnli
2280 2679 2418 2734 sicut
2455 2680 2644 2738 Jacob.
2680 2688 2782 2741 hoc
2827 2699 2908 2743 est
2946 2693 3132 2747 mundi
3160 2696 3360 2757 corde:

101 2752 332 2822 καρδίᾳ.

185 2844 274 2898 15.
315 2845 370 2898 '0
401 2845 458 2912 ἐξ
481 2848 655 2918 ἀρχῆς
685 2848 844 2912 αὐτὰ
871 2849 962 2902 καὶ
994 2850 1083 2901 ἐπὶ
1109 2851 1209 2919 γῆς
1234 2851 1418 2919 ὀφθείς
1445 2851 1540 2922 (2).

1859 2847 1946 2902 l3.
1977 2850 2076 2915 Qui
2104 2867 2131 2904 a
2165 2855 2451 2926 principio,
2491 2859 2629 2913 idem
2668 2871 2719 2915 et
2745 2861 2796 2915 in
2827 2874 2969 2921 terra
2995 2870 3143 2924 visus
3164 2881 3264 2927 est.

186 2937 274 2991 H.
309 2939 388 2992 Τὰ
420 2941 476 2992 ὲν
508 2944 617 3003 τοῖς
667 2940 1016 3008 Εὐαγγελίοις
1051 2943 1443 3012 προστάγματα
1495 2945 1679 3003 αὑτοῦ.

1858 2939 1942 2992 14.
1979 2939 2248 3012 Praecpta
2271 2945 2410 3014 ejus,
2433 2963 2552 3016 quae
2576 2948 2627 3002 in
2653 2949 2956 3023 Evangeliis
2979 2963 3328 3014 continentur

187 3031 272 3085 15.
300 3032 645 3103 Ἐπλήρωσεν
667 3034 723 3085 ὲν
744 3034 919 3106 καιρῷ
947 3035 1158 3106 ἐσχάτῳ
1177 3035 1243 3089 τὰ
1265 3039 1390 3108 περὶ
1412 3038 1509 3108 τῆς
1535 3040 1686 3110 βασι-

1857 3029 1940 3082 15.
1972 3031 2210 3099 Implevit
2233 3036 2285 3088 in
2317 3046 2558 3107 tempore
2587 3043 2886 3098 novissimo
2921 3061 3043 3115 qua:
3077 3049 3144 3102 de
3181 3065 3348 3120 regno

101 3121 264 3186 λείας
290 3123 477 3177 αὑτοῦ.

1785 3135 1884 3173 suo
1914 3125 2259 3189 promiserat.

180 3213 268 3268 16.
306 3216 440 3286 Περὶ
468 3216 561 3269 τοῦ
587 3217 788 3282 πάθους
817 3220 1000 3276 αὐτοῦ.
1027 3214 1089 3274 οὗ
1117 3223 1375 3292 προέλεγε
1404 3225 1525 3277 καθ’
1549 3226 1680 3280 ὲκὰο

1856 3209 1943 3265 16.
1974 3210 2048 3265 De
2077 3216 2328 3280 paSsione
2361 3232 2480 3284 sua,
2517 3237 2678 3289 quam
2725 3227 2976 3295 praedixit
3019 3231 3071 3285 in
3119 3235 3348 3305 singulis

103 3323 246 3377 πην
272 3309 459 3375 γενεὰν
487 3308 574 3362 διὰ
600 3309 708 3361 τῶν
735 3311 1045 3382 προφητῶν.
1707 3351 1709 3367 .

1707 3327 1755 3390 C
1786 3304 2223 3373 generationibus
2252 3323 2346 3377 per
2376 3312 2690 3380 prophetas.

183 3398 272 3452 17.
303 3398 423 3451 Ὀτι
456 3396 575 3453 εἷπε
603 3399 678 3468 τῷ
705 3399 988 3471 Ἁϐραάμ·
1027 3403 1216 3455 Ἔσται
1247 3402 1306 3456 τὸ
1341 3406 1560 3477 σπέρμα
1589 3423 1683 3460 σου

1857 3394 1942 3452 17.
1973 3396 2240 3462 Quoniam
2286 3400 2422 3456 dixit
2460 3402 2732 3464 Abraham
2770 3422 2788 3467 :
2828 3407 2942 3465 Erit
2981 3427 3164 3471 semen
3193 3424 3345 3475 tuum

104 3489 186 3554 ὡς
218 3491 287 3543 τὰ
324 3490 498 3560 ἄστρα
540 3490 632 3544 τοῦ
666 3492 896 3559 οὐρανοῦ
927 3492 1006 3562 τῷ
1045 3492 1238 3562 πλήθει
1269 3494 1362 3547 καὶ
1403 3496 1480 3566 τῷ
1523 3497 1680 3565 φωτί.

1353 3509 1362 3545 ι
1403 3496 1480 3566 τῷ
1523 3497 1680 3565 φωτί,
1783 3486 1922 3540 sicut
1951 3499 2097 3542 astra
2118 3492 2238 3544 caeli
2271 3496 2630 3558 multitudine,
2665 3508 2715 3553 et
2746 3500 2865 3556 luce
2893 3504 2959 3557 ³³.

189 3580 272 3634 18.
303 3583 412 3634 Καὶ
445 3583 543 3652 τὴν
580 3583 758 3638 πίστιν
793 3584 939 3655 αὑτῷ
971 3585 1046 3656 τῷ
1075 3585 1188 3657 λαῷ
1217 3588 1312 3659 τῆς
1345 3587 1564 3660 χάριτος
1603 3589 1681 3659 (5)
1785 3668 1790 3669 ν

1853 3576 1938 3630 18.
1973 3577 2036 3631 Ει
2060 3579 2214 3633 fidem
2247 3583 2418 3637 eidem
2448 3587 2647 3654 populo
2677 3590 2860 3659 gratiae
2893 3589 3140 3669 [lmtitiae]
3177 3615 3191 3663 ;
3223 3615 3343 3654 nam

104 3671 352 3746 [1192;].
377 3674 575 3746 Ὅρκος
623 3675 730 3747 γὰρ
776 3677 957 3740 πίστις
997 3678 1165 3734 ἐστίν.
1193 3678 1396 3733 Ἰακὼϐ
1418 3680 1474 3733 δὲ
1506 3681 1678 3751 ἑρμη-

1775 3668 2144 3737 juramentum
2194 3673 2325 3729 lides
2368 3685 2469 3730 est.
2508 3675 2673 3731 Iacob
2721 3691 2899 3737 autem
2960 3668 3345 3758 interpretatur

111 3766 326 3820 vss’sut
362 3767 554 3831 χάρις.

367 3767 554 3831 χάρις,
1779 3766 1973 3831 gratia.

186 3784 326 3820 seu:
362 3784 554 3835 χαρις.
1779 3784 1792 3831 ε

186 3854 247 3907 19
302 3856 408 3906 Καὶ
439 3855 750 3924 ἐπλήρωσεν
786 3856 952 3927 αὐτὴν
981 3856 1274 3912 ἀσάλευτον
1314 3861 1412 3930 τὴν
1438 3861 1644 3929 ιπαγγε
1665 3889 1677 3901 -

1779 3784 1974 3831 grana.

1849 3853 1934 3906 19.
1968 3852 2032 3906 Et
2061 3855 2301 3926 implevit
2331 3858 2502 3926 ipsam
2557 3861 3056 3921 incommutabilem
3106 3874 3340 3938 promis—

102 3947 226 3998 λίαν
253 3945 349 4014 τῆς
377 3944 608 4009 πίστεως
637 3946 714 4016 τῷ
742 3946 855 4016 λαῷ
891 3946 968 4017 τῷ
995 3947 1065 4002 τὰ
1095 3948 1222 4021 τέλη
1258 3949 1365 4002 τῶν
1407 3951 1677 4005 Ἰουδαίων

1778 3945 1981 3999 sionem
2013 3945 2133 4000 ﬁdei
2160 3951 2356 4017 populo
2379 3951 2648 4008 detinenti
2671 3959 2966 4014 novissima
3000 3959 3333 4020 Iudaeorum.

105 4037 452 4106 κατασχόντι.

173 4127 261 4197 20.
291 4130 400 4199 καὶ
437 4131 547 4192 τοῖς
599 4131 917 4195 ἀποστόλοις
982 4134 1076 4185 καὶ
1132 4135 1242 4197 τοῖς
1296 4134 1471 4204 ἁγίοις
1538 4136 1671 4188 πᾶσι

1844 4124 1932 4178 20.
1972 4124 2036 4178 Ει
2077 4128 2338 4193 apostolis
2385 4139 2439 4184 et
2490 4133 2694 4188 sanctis
2735 4137 2988 4192 omnibus
3031 4139 3336 4198 videntibus

99 4223 216 4282 τοῖς
237 4221 430 4290 ὁρῶσιν
453 4221 610 4273 αὑτὸν
636 4225 694 4275 ὲν
719 4222 1022 4292 ὁμοιώματι
1067 4224 1162 4276 ἀνθ
1173 4223 1387 4294 ρώπων,
1428 4226 1519 4277 καὶ
1540 4227 1670 4294 ὁμο-

1772 4230 1897 4271 eum
1942 4218 1992 4270 in
2045 4219 2454 4276 similitudinem
2507 4224 2787 4281 hominum
2839 4238 2892 4283 et
2949 4233 3332 4291 confitentibus

100 4308 348 4377 λογοῦσιν
377 4310 556 4374 αὑτὸν,
587 4310 662 4373 ὡς
705 4310 836 4362 Θεὸν
863 4311 939 4382 (4)
993 4316 1112 4364 κατ’
1136 4312 1342 4375 οὐσίαν,
1395 4312 1579 4384 ὥσπερ
1635 4317 1668 4367 d

1771 4324 1894 4363 eum
1923 4320 1979 4363 ut
2009 4309 2171 4364 Deum
2208 4317 2501 4369 secundum
2533 4319 2847 4384 essentiam,
2873 4324 3329 4391 quemadmodum

117 4401 352 4468 Ἰσραὴλ
378 4400 531 4469 ὀρῶν
550 4401 657 4456 τὸν
684 4404 851 4457 Θεόν,

1773 4401 1942 4454 Israel
1964 4403 2139 4457 videns
2174 4404 2336 4457 Deum
2371 4407 2770 4475 interpretatur.

175 4492 261 4544 21.
290 4492 474 4560 Λέγων
505 4492 582 4562 τῷ
611 4493 756 4563 χορῷ
789 4493 897 4546 τῶν
929 4495 1240 4547 ἀποστόλων
1268 4512 1279 4523 ·
1333 4496 1490 4565 Ὑμῖν
1513 4492 1668 4548 δώσω

1839 4497 1921 4548 21.
1958 4494 2147 4551 Diceus
2165 4498 2330 4552 choro
2352 4502 2713 4568 apostolorum
2736 4521 2750 4559 :
2773 4503 2934 4559 Vobis
2953 4506 3093 4565 dabo
3113 4525 3325 4568 omnem

105 4582 282 4634 πάντα
301 4582 390 4634 τὸν
411 4583 612 4653 κόσμον
638 4583 746 4635 τῶν
777 4581 969 4636 ἐθνῶν.
995 4584 1232 4637 Χαναὰν
1247 4584 1353 4654 γὰρ
1374 4583 1669 4655 ἑρμηνεύε-

1770 4587 2028 4638 mundum
2053 4587 2314 4656 gentium.
2341 4587 2611 4643 Clianaam
2634 4595 2776 4647 enim
2816 4596 3198 4666 interpretatur
3232 4603 3326 4655 ad-

101 4689 193 4725 ται
209 4672 562 4740 προσκυνῶν
583 4674 696 4743 τὴν
715 4675 787 4745 (5)
815 4675 1087 4744 ἀνομίαν,
1106 4677 1240 4746 ὅπερ
1262 4671 1399 4745 ἦσαν
1427 4676 1490 4728 τὰ
1513 4675 1658 4749 ἔθνη.
1694 4699 1707 4751 ι

1333 4693 1399 4728 αν
1427 4676 1490 4728 τὰ
1513 4675 1658 4749 ἔθνη.
1694 4699 1737 4751 υ
1768 4691 1923 4728 orans
1950 4677 2299 4747 iniquitatem,
2330 4681 2521 4750 quales
2552 4694 2705 4738 erant
2733 4695 2939 4754 gentes.

172 4764 261 4820 22.
313 4765 637 4836 Ἀπέραντον
658 4766 857 4836 πλῆθος
894 4767 992 4836 τῆς
1025 4765 1385 4838 κληρονομίας
1415 4766 1588 4838 ὑμῶν.

1835 4767 1925 4820 2‘1.
1951 4767 2216 4822 lulinitam
2246 4773 2640 4827 multitudinem
2674 4775 3008 4834 haereditatis
3036 4790 3229 4836 vestra.-

176 4855 263 4909 25.
293 4851 470 4910 Ἦσαν
498 4858 604 4929 γὰρ
630 4857 856 4912 δώδεκα.

1830 4860 1919 4913 25.
1960 4862 2124 4914 Erant
2149 4863 2291 4916 enim
2315 4864 2621 4919 duodecim.

172 4940 258 4995 24.
305 4942 538 5006 ’ἰδιώτας
561 4944 635 5015 τῷ
661 4945 820 5015 λόγῳ,
856 4947 948 4999 καὶ
978 4947 1221 5015 πτωχοὺς
1256 4947 1310 4998 ὲν
1341 4947 1418 5018 τῷ
1445 4949 1656 5019 κόσμῳ.

1552 4967 1656 5019 μῳ.
1824 4952 1911 5004 21.
1943 4954 2202 5009 Sermone
2232 4956 2469 5025 imperiti
2500 4969 2552 5012 et
2582 4974 2845 5030 pauperes
2876 4961 2930 5015 in
2958 4963 3158 5018 mundo

173 5031 258 5085 25.
290 5035 665 5104 Κηρύσσοντες
689 5037 786 5108 τὴν
813 5037 1084 5107 βασιλείαν
1107 5037 1197 5090 τοῦ
1230 5038 1366 5091 θεοῦ
1402 5039 1500 5110 (6).

1108 5037 1197 5090 τοῦ
1230 5038 1366 5091 θεοῦ
1402 5039 1500 5110 (6).
1823 5046 1910 5098 25.
1945 5045 2308 5102 Praedicantes
2341 5065 2566 5119 regnum
2606 5049 2714 5105 Dei.

171 5123 256 5178 26.
287 5126 394 5177 Καὶ
422 5126 485 5178 ὲκ
503 5125 596 5178 τοῦ
623 5127 750 5181 λαοῦ
774 5129 882 5181 τῶν
918 5129 1185 5182 Ἰουδαίων
1213 5129 1425 5199 διῆλθον
1452 5130 1589 5199 κηρύ
1601 5148 1658 5183 σ-

1823 5137 1910 5190 26.
1943 5137 2006 5192 Ει
2058 5138 2124 5191 de
2165 5141 2366 5207 populo
2415 5139 2728 5198 Iudaeorum
2778 5155 3212 5214 pertransmrunt
3251 5146 3317 5203 ad

107 5231 282 5278 σοντες
312 5217 392 5280 εις
417 5217 487 5270 τὰ
514 5217 662 5289 ἔθνη.

1755 5229 2154 5295 praedicandum
2185 5230 2236 5282 in
2263 5230 2512 5301 gentibus

173 5350 216 5380 "
251 5349 380 5405 Gen.
409 5369 499 5416 xv,
527 5354 604 5417 5;
646 5371 755 5420 XVI,
793 5354 877 5406 l0.

1035 5451 1337 5511 Addenda
1375 5459 1436 5512 et
1471 5451 1839 5529 corrigenda
1871 5469 1949 5512 ex
1995 5451 2136 5512 cod.
2168 5453 2366 5515 Vatic.

189 5595 235 5664 1)
263 5597 492 5668 Χάριτός
523 5615 635 5652 σου.
1826 5601 1900 5669 (4)
1932 5603 2022 5664 Εἰς
2048 5601 2198 5666 Θεὸν,
2233 5614 2338 5659 etc.

165 5595 235 5734 ίΞ)
267 5666 386 5721 Ἐπὶ
413 5669 515 5734 τῆς
554 5670 655 5734 γῆς
680 5667 854 5734 ὤφθη.
1825 5672 1899 5734 (5i
1937 5671 2053 5734 Τήν
2083 5674 2249 5728 deest.

186 5663 235 5750 ἓ)
263 5663 517 5750 Σιωπῆς
554 5670 658 5750 Iis
680 5667 876 5750 ὣῖθηκ
1206 5743 1242 5750 .-
1330 5742 1338 5750 .
1425 5740 1475 5750 -.

642 5667 876 5750 adeon:
1206 5743 1242 5750 .-
1330 5742 1338 5750 .
1425 5740 1475 5750 _.
1825 5663 1899 5750 (ξ)
1927 5663 2053 5750 Iit
2083 5663 2248 5750 ἀβεέιε

166 5736 418 5801 (JH-5:05
447 5739 526 5807 τῷ
559 5736 671 5809 λάῴ
697 5736 794 5811 τῆς
818 5736 1054 5814 χάριτος,
1075 5742 1388 5809 οιε.,’1σαὰκ
1421 5740 1500 5809 δέ,
1533 5750 1638 5798 etc.

1028 5757 1054 5814 τ,
1075 5742 1388 5809 οιε.,“1σαὰκ
1421 5740 1500 5809 δέ,
1533 5750 1638 5798 etc.
1825 5742 1896 5813 (6)
1922 5736 2053 5793 Θεοῦ
2084 5745 2161 5806 εἰς
2183 5743 2356 5798 πάντα
2390 5745 2457 5798 τὰ
2485 5745 2634 5823 ιθνη.
