4110 6318
723 333 861 392 1105
1563 335 1618 387 S.
1660 333 2021 389 ATIIANASII
2062 336 2210 394 OPP.
2254 338 2346 395 PA.

2316 337 2430 394 lBS
2468 341 2553 395 Ill.
2596 339 3098 396 —EXEGETICA.
3815 345 3939 400 4104

793 454 860 506 27
918 450 1032 505 Non
1060 449 1272 518 reliquit
1305 450 1577 504 hominem
1619 463 1812 503 nocere
1844 449 1956 503 eis:
2309 464 2353 512 Α

2309 464 2353 512 Α
2448 455 2536 508 27.
2569 457 2679 508 Ούκ
2709 455 2916 524 ἀφῆκεν
2943 457 3222 526 ἄνθρωπον
3245 457 3495 528 ἀδικῆσαι
3525 459 3728 523 αύτούς
3753 478 3767 492 ·

791 545 880 598 28.
909 542 973 595 Ει
1000 541 1259 611 corripuit
1286 555 1383 609 pro
1410 541 1488 594 eis
1518 555 1690 610 reges.

2450 547 2539 600 28.
2575 547 2680 599 Καὶ
2708 545 2928 616 ῆλεγξεν
2950 547 3089 618 ὑπὲρ
3116 548 3293 601 αὐτῶν
3323 548 3579 618 βασιλεῖς.

789 635 878 691 29.
915 631 1086 688 Nolite
1115 641 1330 699 tangere
1367 631 1602 686 christos
1639 648 1789 689 meos
1813 676 1827 689 .

2448 638 2537 691 29.
2573 640 2663 707 Μὴ
2700 639 2932 693 ἅπτεσθε
2965 640 3072 692 τῶν
3107 641 3336 710 χριστῶν
3365 660 3464 711 μου
3491 661 3502 673 ·

794 723 880 778 50.
919 724 978 776 Et
1013 723 1063 776 in
1094 722 1368 792 pr0phetis
1399 721 1531 774 meis
1564 722 1730 776 nolite
1759 724 2070 794 malignari.

2449 729 2536 784 50.
2573 731 2681 782 Καὶ
2713 731 2772 782 ὲν
2799 734 2910 793 τοῖς
2940 734 3244 801 προφήταις
3273 749 3372 802 μου
3406 734 3480 803 μὴ
3506 735 3894 806 πονηρεύεσθε.

793 814 879 868 5l.
918 814 979 867 Et
1006 814 1215 868 vocavit
1252 812 1446 866 famem
1471 828 1633 881 super
1665 824 1902 870 terrain:

1888 831 1902 870 :
2449 816 2535 870 51.
2573 820 2682 871 Καὶ
2714 819 2935 874 ἐκάλεσε
2960 820 3115 890 λιμὸν
3143 823 3234 874 ἐπὶ
3262 821 3357 893 τὴν
3386 823 3487 892 γῆν

793 905 878 960 5'2.
916 904 1085 959 Omne
1117 908 1514 958 lirmainentnm
1537 906 1694 974 panis
1722 907 1996 961 contrivit.

1941 908 1996 960 it.
2451 907 2538 962 52.
2573 910 2686 962 Πᾶν
2717 911 2990 982 στήριγμα
3021 912 3185 982 ἄρτου
3223 911 3558 983 συνέτριψεν.

793 999 876 1052 55.
916 998 1201 1052 Misitante
1231 1013 1324 1052 eos
1359 998 1575 1052 virum:

2449 1000 2535 1053 55.
2579 1001 2915 1054 Ἀπέστειλεν
2948 1002 3249 1074 ἔμπροσθεν
3270 1002 3446 1058 αὐτῶν
3478 1003 3772 1075 ἄνθρωπον

793 1090 863 1143 54
912 1089 968 1143 In
991 1105 1201 1144 servum
1234 1088 1572 1145 venundatus
1601 1098 1684 1145 est
1705 1087 1924 1160 Joseph.

1756 1090 1924 1160 iseph.
2448 1090 2532 1144 54.
2568 1091 2660 1154 Εἰς
2693 1091 2876 1145 δοῦλον
2910 1094 3119 1164 ἐπράθη
3163 1096 3379 1166 Ἰωσήφ.

795 1183 883 1235 55.
915 1181 1343 1235 llnniiliavcrunt
1374 1181 1426 1234 in
1456 1183 1811 1252 compedibus
1847 1182 2007 1250 pedes
2037 1181 2155 1252 ejus
2175 1194 2193 1216 ⁸

2449 1180 2536 1234 55.
2579 1182 2974 1235 Ἐταπείνωσαν
3003 1186 3058 1235 ὲν
3086 1184 3272 1245 πέδαις
3295 1187 3418 1250 τοὺς
3443 1186 3606 1250 πόδας
3634 1186 3844 1240 αὐτοῦ·

793 1272 882 1326 56.
916 1270 1140 1325 Ferrum
1175 1274 1486 1340 pertransiit
1514 1274 1751 1327 animam
1786 1273 1925 1343 ejus.

1832 1289 1925 1334 (us.
2446 1271 2533 1326 56.
2567 1271 2786 1344 Σίδηρον
2807 1274 3019 1346 διῆλθεν
3043 1277 3075 1346 ἡ
3107 1276 3250 1347 ψυχὴ
3272 1277 3455 1331 αὐτοῦ.

793 1361 878 1415 57.
912 1361 1089 1415 Donec
1118 1362 1324 1415 veniret
1347 1363 1566 1416 verbum
1599 1363 1716 1432 ejus
1743 1383 1755 1416 :

2447 1361 2532 1414 57.
2564 1361 2734 1432 Μέχρι
2766 1363 2858 1416 τοῦ
2888 1363 3059 1417 ὲλθεῖν
3088 1367 3176 1419 τὸν
3205 1367 3359 1435 λόγον
3385 1367 3566 1423 αὑτοῦ.

793 1452 879 1505 58.
917 1451 1202 1521 Eloquium
1231 1450 1443 1505 Domini
1471 1452 1819 1506 inﬂammavit
1851 1466 1993 1506 eum.

1970 1473 1993 1504 I.
2443 1453 2533 1508 58.
2566 1453 2638 1505 Τὸ
2664 1454 2839 1522 λόγιον
2865 1457 3064 1526 Κυρίου
3097 1458 3376 1529 ὲπύρωσεν
3413 1460 3593 1512 αὐτόν.

793 1544 878 1597 59.
915 1541 1059 1596 Misit
1083 1559 1196 1606 rex,
1221 1552 1274 1597 et
1295 1544 1454 1598 solvit
1481 1559 1604 1597 eum
1629 1561 1641 1595 :

2446 1545 2532 1598 59.
2572 1545 2880 1599 Ἀπέστειλε
2918 1547 3187 1616 βασιλεὺς,
3224 1550 3316 1602 καὶ
3350 1549 3535 1601 ἔλυσεν
3562 1549 3765 1602 αὐτόν·

792 1635 877 1688 4i).
910 1632 1164 1703 Princeps
1197 1635 1374 1703 populi
1410 1644 1464 1688 et
1486 1635 1690 1690 dimisit
1717 1650 1859 1690 eum.

2447 1634 2532 1689 40.
2569 1639 2784 1711 Ἀρχων
2813 1639 2963 1706 λαοῦ,
2998 1640 3090 1693 καὶ
3118 1640 3328 1710 ἀφῆκεν
3377 1643 3557 1697 αὐτόν.

791 1727 878 1779 41.
911 1724 1203 1780 Constituit
1235 1740 1357 1779 eum
1392 1724 1678 1780 Dominum
1705 1725 1902 1781 domus
1931 1740 2066 1789 suae,

2445 1728 2532 1784 41.
2565 1732 2908 1804 Κατέστησεν
2941 1733 3099 1786 αὑτὸν
3125 1734 3324 1804 Κύριον
3346 1733 3436 1786 τοῦ
3467 1736 3610 1787 οἴκου
3647 1731 3841 1799 afﬁci,

792 1816 878 1869 A2.
919 1815 981 1870 Et
1012 1817 1309 1886 principem
1345 1819 1524 1871 omnis
1552 1817 1916 1886 possessionis
1945 1833 2078 1872 sua.

2441 1821 2529 1875 42.
2557 1823 2664 1875 Καὶ
2691 1824 2927 1894 ἄρχοντα
2966 1824 3147 1893 πάσης
3180 1826 3276 1895 τῆς
3301 1826 3542 1895 κτήσεως
3577 1825 3766 1880 αὑτοῦ.

793 1909 874 1961 45.
916 1906 983 1963 Ut
1009 1910 1244 1964 erudiret
1282 1909 1552 1979 principes
1579 1908 1698 1978 ejus
1733 1910 1873 1964 sicut
1903 1910 2276 1979 semetipsum,

2444 1909 2530 1965 45.
2566 1910 2671 1964 Τοῦ
2695 1913 2976 1966 παιδεῦσαι
2998 1913 3122 1976 τοὺς
3151 1913 3411 1984 ἄρχοντας
3434 1914 3597 1967 αὑτοῦ
3618 1916 3698 1978 ὡς
3725 1915 3944 1978 ἑαυτὸν,

1834 2046 2112 2102 ATHANA
2125 2045 2213 2100 Sll
2257 2043 2832 2107 lNTERl’llETATIO.

790 2219 877 2274 27.
912 2217 1027 2273 Non
1054 2221 1270 2291 reliquit
1302 2223 1610 2292 quempiam
1645 2235 1852 2285 eorum,
1883 2221 1976 2290 qui
2012 2230 2138 2276 tunc
2171 2221 2272 2274 im-
2303 2225 2344 2279 Β

2321 2225 2344 2278 3
2439 2215 2528 2271 27.
2563 2217 2675 2269 Οὐκ
2713 2217 2890 2286 ἀφῆκέ
2925 2234 3044 2271 τινα
3082 2217 3186 2270 τῶν
3216 2219 3336 2270 τότε
3395 2216 3742 2288 κρατούντων
3775 2231 3944 2269 stata-

720 2311 926 2388 perium
955 2312 1290 2376 obtinebant,
1325 2324 1382 2368 ut
1417 2315 1691 2384 apostolos
1723 2323 2068 2383 superarent.

1611 2315 1691 2368 los
1723 2323 2068 2383 superarent.
2375 2306 2728 2362 δυναστεῦσαι
2759 2309 2865 2360 τῶν
2900 2307 3229 2361 ἀποστόλων.

785 2402 872 2456 28.
913 2400 1174 2457 Herodem
1204 2414 1256 2458 et
1291 2402 1556 2460 Neronem
1588 2404 1883 2460 interfecit.

2441 2400 2530 2453 28.
2582 2401 2826 2470 Ἡρώδην
2852 2401 2945 2453 καὶ
2972 2400 3197 2469 Νέρωνα
3231 2399 3585 2460 ἐθανάτωσεν.

785 2493 876 2548 29.
906 2494 1213 2561 Apostolus.

2442 2491 2529 2543 29.
2569 2490 2687 2543 Τῶν
2717 2491 3045 2543 ἀποστόλων.

786 2580 873 2634 50.
906 2582 1069 2634 Erant
1121 2582 1265 2634 enim
1317 2581 1476 2635 iidem
1516 2581 1746 2650 apostoli
1779 2583 1940 2636 etiam
1974 2582 2270 2652 prophetae,

2443 2580 2529 2634 50.
2557 2575 2733 2632 Ἦσαν
2767 2580 2873 2652 γὰρ
2912 2583 2958 2632 οί
2991 2582 3143 2634 αὑτοὶ
3182 2581 3464 2634 ἀπόστολοι
3497 2581 3592 2635 καὶ
3640 2581 3945 2654 προφῆται,

717 2671 1099 2725 annuntianles
1125 2687 1245 2739 qum
1272 2672 1450 2726 futura
1488 2682 1613 2726 sunt
1646 2674 1694 2725 in
1729 2688 1892 2743 regno
1916 2673 2202 2730 caelorum.

2375 2668 2616 2735 λέγοντες
2649 2669 2714 2721 τὰ
2747 2669 3005 2739 μέλλοντα
3033 2673 3089 2723 ἐν
3109 2672 3174 2739 τῇ
3200 2669 3446 2741 βασιλεία
3471 2669 3580 2722 τῶν
3605 2669 3881 2741 ούρανῶν.

786 2761 876 2814 51.
907 2759 962 2813 ln
1011 2759 1347 2832 Synagogam
1381 2762 1559 2815 intulit
1591 2777 1697 2815 non
1747 2760 1940 2817 [amem
1976 2763 2150 2833 panis,
2181 2763 2272 2818 sed

2444 2761 2528 2813 5l.
2573 2761 2659 2811 Ἐν
2698 2763 2762 2830 τῇ
2809 2765 3094 2832 συναγωγῇ
3152 2762 3382 2831 ήνεγκεν
3432 2764 3493 2814 οὐ
3543 2763 3706 2832 λιμὸν
3750 2763 3944 2835 ἄρτου.

717 2851 911 2906 famem
943 2852 1194 2907 audiendi
1232 2854 1450 2906 verbum
1482 2851 1693 2905 Domini
1719 2853 1781 2904 ’⁸.

2373 2850 2507 2904 ἀλλὰ
2536 2849 2689 2920 λιμὸν
2718 2850 2811 2904 τοῦ
2846 2851 3074 2904 ἀκοῦσαι
3102 2851 3254 2919 λόγον
3284 2853 3486 2923 Κυρίου
3521 2853 3619 2924 (1).

783 2942 870 2997 52.
902 2940 1126 2998 Omnem
1161 2957 1351 2996 eorum
1402 2943 1728 2997 mundanam
1779 2943 2082 2998 doctrinam
2129 2945 2275 3000 dedit

2441 2941 2527 2994 52.
2564 2943 2749 2995 Πᾶσαν
2781 2942 2955 2996 αὐτῶν
3003 2943 3099 3014 τὴν
3130 2943 3476 2999 διδασκαλίαν
3523 2946 3621 3015 τὴν
3671 2947 3946 3019 κοσμικὴν

715 3034 770 3088 in
805 3034 1183 3104 perditionem.

2375 3035 2454 3097 είς
2479 3035 2782 3103 ἀφανισμὸν
2802 3034 3016 3088 ἔδωκεν.

786 3125 874 3178 55.
908 3121 1034 3177 Fuit
1061 3125 1212 3178 homo
1236 3125 1428 3180 missus
1453 3141 1485 3180 α
1505 3124 1631 3192 Deo,
1652 3126 1737 3178 cui
1762 3143 1945 3180 nomen
1968 3137 2081 3180 erat
2107 3125 2274 3182 Joan-

2444 3126 2530 3180 55.
2585 3126 2844 3190 Ἐγένετο
2904 3126 3211 3193 ἅνθρωπος
3273 3127 3734 3197 ἀπεσταλμένος
3787 3131 3949 3198 παρὰ

716 3232 803 3269 tm
822 3216 888 3267 ".
2376 3217 2542 3280 Θεοῦ,
2565 3216 2748 3286 ὄνομα
2775 3215 2934 3281 αὐτῷ
2969 3215 3252 3284 Ἰωάννης

785 3307 872 3362 54.
904 3306 1209 3361 llnmanum
1242 3322 1409 3375 genus
1431 3308 1707 3361 venditum
1740 3317 1853 3360 erat
1877 3309 1930 3361 in
1958 3309 2273 3363 servitutem

2443 3306 2530 3359 54.
2561 3305 2634 3357 Τὸ
2658 3307 2809 3374 γένος
2841 3306 2947 3359 τῶν
2983 3306 3284 3377 ἀνθρώπων
3330 3310 3411 3371 είς
3456 3307 3704 3362 δουλείαν
3749 3306 3818 3381 ἦν
3853 3328 3949 3366 πε-

715 3392 785 3453 ab
817 3399 986 3450 Adam
1030 3399 1099 3450 ob
1145 3405 1424 3466 peccatum
1457 3414 1471 3451 :
1499 3413 1621 3451 nam
1666 3395 1857 3468 Ioseph
1889 3398 2275 3468 interpretatur

2374 3394 2650 3465 πραμένος
2695 3394 2770 3466 (2)
2810 3399 2874 3467 τῇ
2915 3397 3156 3468 ἁμαρτίᾳ
3199 3398 3308 3451 ἀπὺ
3341 3399 3434 3452 τοῦ
3474 3399 3680 3471 Ἀδάμ·
3720 3402 3947 3473 Ἰωσὴφ

716 3488 922 3541 addidi.
2305 3549 2338 3557 _

2305 3549 2338 3557 _
2375 3487 2481 3556 γὰρ
2519 3487 2872 3557 ἑρμηνεύεται
2905 3488 3265 3556 προσέθηκα.

787 3581 872 3633 55.
912 3579 1244 3634 Dnmuerunt
1273 3580 1593 3636 adverSariaa
1628 3591 1922 3651 poteStates
1965 3598 2134 3654 genus
2171 3583 2273 3637 hu-
2297 3549 2340 3605 ο

2325 3549 2340 3605 ἶ
2386 3549 2396 3554 ’
2445 3549 2529 3629 35.
2550 3549 2560 3557 Ι
2581 3549 2884 3644 ζΕδάμασαν
2924 3549 3163 3630 ἐναντίαί
3191 3577 3264 3646 (5)
3293 3576 3548 3646 δυνάμεις
3575 3579 3640 3630 τὸ
3660 3581 3818 3647 γένος
3837 3581 3948 3635 τῶν

713 3687 935 3726 manum
965 3673 1202 3740 peccalo.

2374 3666 2470 3718 ἀνθ
2477 3665 2674 3736 ρώπων
2697 3669 2763 3736 τῇ
2798 3667 3061 3739 ἁμαρτίᾳ..

787 3760 873 3812 56.
928 3759 984 3812 ln
1036 3769 1261 3814 mortem
1294 3759 1483 3814 incidit
1531 3763 1711 3815 anima
1760 3761 1998 3816 universi
2051 3764 2272 3818 humani

2444 3757 2531 3810 56.
2568 3757 2659 3819 Εἰς
2691 3756 2916 3810 θάνατον
2950 3758 3217 3813 ἐπέπεσεν
3253 3760 3329 3830 (4)
3366 3763 3398 3832 ἡ
3436 3761 3584 3834 ψυχὴ
3618 3765 3823 3828 παντὸς
3850 3765 3943 3818 τοῦ

715 3850 950 3920 generis.

2372 3849 2558 3916 γένους
2587 3848 2694 3901 τῶν
2720 3849 2815 3902 ἀνθ
2823 3848 3040 3920 ρώπων.

785 3940 874 3994 57.
902 3940 1078 3996 Donec
1106 3941 1253 3996 venit
1283 3941 1587 4015 unigenitus
1613 3941 1778 3998 Filius
1803 3943 1911 3998 Dei.

2439 3940 2526 3995 57.
2549 3941 2691 4006 Ἕως
2715 3937 2774 3995 οὗ
2803 3937 2962 4012 ἦλθεν
2993 3945 3021 3994 ὁ
3056 3943 3346 4014 μονογενὴς
3368 3945 3496 4008 Υίὸς
3523 3945 3619 3998 τοῦ
3652 3947 3813 4001 Θεοῦ.

784 4032 872 4088 58.
907 4032 1158 4088 Doctrina
1189 4046 1243 4090 et
1262 4033 1526 4090 adventus
1552 4032 1765 4089 Domini
1788 4034 2068 4089 inundavit
2101 4051 2270 4104 genus

2439 4033 2526 4088 58.
2570 4034 2632 4084 Ἦ
2658 4033 2841 4103 διδαχὴ
2873 4034 2964 4086 καὶ
2992 4036 3023 4104 ὴ
3055 4035 3325 4106 παρουσία
3358 4036 3451 4090 τοῦ
3487 4039 3698 4108 Κυρίου
3738 4038 3942 4094 ἐκαθά-

718 4125 1035 4177 humanum.

2373 4140 2488 4194 ρισε
2513 4124 2571 4176 τὸ
2601 4124 2754 4191 γένος
2778 4123 2884 4176 τῶν
2907 4123 3224 4194 ἀνθρώπων.

786 4214 870 4268 59.
901 4212 1059 4268 Pater
1091 4213 1284 4268 Filium
1316 4216 1486 4283 misit,
1517 4224 1570 4270 et
1597 4215 1759 4271 solvit
1791 4224 1966 4270 totum
2006 4216 2268 4270 mundum

2437 4216 2525 4272 59.
2568 4216 2625 4268 '0
2645 4216 2834 4287 Πατὴρ
2857 4217 2946 4269 τὸν
2969 4218 3094 4271 Υίὸν
3113 4218 3418 4281 ἀπέστειλε,
3453 4221 3546 4273 καί
3570 4219 3733 4274 ἔλυσε
3764 4224 3942 4279 πάντα

715 4321 744 4357 a
769 4306 998 4373 peccatis
1024 4307 1152 4361 suis.

2368 4307 2457 4360 τὸν
2481 4307 2680 4379 κόσμον
2706 4309 2813 4361 ἀπὸ
2838 4308 2945 4360 τῶν
2968 4307 3248 4380 ἁμαρτιῶν
3287 4310 3485 4364 αὐτῶν.

783 4394 866 4448 40.
907 4394 1127 4452 Liberos
1155 4398 1303 4482 ipsos
1338 4396 1516 4452 eﬂ‘ecit
1559 4413 1590 4452 a
1632 4399 2003 4454 dominatione
2040 4401 2264 4469 peccati.

2438 4398 2526 4453 40.
2581 4399 2926 4471 Ἐλευθέρους
2978 4400 3176 4463 αὐτοὺς
3222 4400 3488 4470 πεποίηκε
3545 4401 3642 4455 τοῦ
3683 4404 3939 4475 κυριεύει

2371 4488 2491 4542 σθαι
2525 4488 2602 4560 (5)
2634 4490 2738 4543 ὑπὸ
2764 4490 2864 4559 τῆς
2884 4491 3196 4562 ἀμαρτίας.Ι

787 4573 872 4628 ll.
907 4573 1065 4629 Pater
1096 4576 1288 4629 Filium
1316 4591 1474 4632 suum
1503 4576 1802 4631 declaravit
1842 4577 2123 4632 Dominum
2149 4594 2268 4632 om-

2434 4580 2524 4638 41.
2564 4581 2622 4633 '0
2650 4581 2838 4654 Πατὴρ
2863 4581 3095 4647 ἀνέδειξε
3119 4582 3210 4635 τὸν
3237 4581 3364 4636 Υίδν
3383 4582 3546 4637 αὑτοῦ
3572 4584 3786 4656 Κύριον
3809 4588 3941 4640 πάν-

714 4663 863 4719 nium
894 4675 1226 4729 sanctorum,
1257 4675 1312 4720 et
1349 4666 1520 4722 dixit:
1560 4666 1661 4721 Hic
1681 4677 1759 4722 est
1804 4665 1978 4722 Filius
2017 4685 2158 4723 meus
2185 4671 2268 4723 di-

2366 4688 2472 4725 των
2491 4670 2598 4724 τῶν
2639 4672 2827 4740 ἁγίων,
2873 4675 2966 4727 καὶ
3002 4674 3250 4745 εἴρηκεν,
3299 4675 3372 4738 ὡς
3410 4673 3600 4743 Οὗτός
3635 4677 3715 4746 (6)
3766 4680 3939 4732 ἐστιν

714 4759 895 4825 lectus,
930 4760 1100 4826 ipsum
1125 4757 1324 4812 audite.

2367 4764 2400 4816 ό
2434 4763 2564 4828 Υίός
2590 4781 2709 4832 μου
2734 4767 2768 4818 ὀ
2789 4765 3109 4834 ἀγαπητὸς,
3133 4767 3318 4822 αὐτοῦ
3341 4767 3609 4822 ἀκούετε.

781 4850 865 4905 42.
901 4849 1202 4918 Principem
1232 4857 1285 4903 et
1311 4847 1712 4903 Dominatorem
1751 4851 1933 4904 omnis
1965 4851 2126 4906 simul
2150 4867 2264 4908 τωο
2296 4874 2340 4932 ι)

2311 4874 2340 4931 D
2436 4853 2524 4908 42.
2560 4855 2824 4927 ’Ἄρχοντα
2885 4857 2978 4910 καὶ
3024 4857 3369 4929 ὲξουσιαστὴν
3418 4859 3598 4930 πάσης
3650 4859 3791 4930 ὁμοῦ
3838 4860 3934 4930 τῆς

717 4942 859 4997 testis
882 4951 934 4996 et
959 4941 1252 5006 terrestris,
1277 4949 1328 4995 et
1362 4939 1588 4996 infernae
1620 4948 1902 4996 creatum.

2368 4945 2710 5014 ἐπουρανίου,
2736 4947 2826 4998 καὶ
2865 4947 3141 5014 ἐπιγείων,
3184 4949 3276 5003 καὶ
3301 4948 3669 5019 καταχθονίων
3701 4950 3783 5020 (7)
3816 4950 3935 5006 Inl—

2376 5050 2530 5096 σεως.

776 5116 864 5169 45.
899 5113 1183 5185 Αροεῑοιοδ
1200 5114 1335 5184 eius»
2431 5123 2520 5180 45.
2558 5125 2694 5188 Τοὺς
2727 5125 3050 5189 ἀποστόλους
3075 5125 3258 5181 αὐτοῦ.

776 5235 822 5266 ⁸⁸
858 5235 1025 5288 Amos
1051 5245 1173 5296 vni,
1211 5230 1295 5285 ll.
1381 5231 1428 5264 ³⁵
1455 5228 1614 5285 Joan.
1651 5246 1687 5295 ι,
1715 5227 1772 5284 6.

1641 5325 1948 5389 Addenda
1985 5333 2048 5391 et
2077 5330 2453 5410 corrigenda
2498 5346 2577 5393 ex
2603 5332 2744 5394 cod.
2778 5333 2956 5396 Vatic

775 5494 848 5566 (li)
869 5491 1024 5566 93.06.
1127 5559 1136 5566 Δ
1588 5557 1628 5566 _
2435 5493 2510 5566 (5)
2539 5493 2757 5566 Toﬁpl]
2787 5494 3152 5566 κυριεύεσθαι.

775 5556 847 5635 (2)
879 5559 1250 5635 Πεπραμένον,
1277 5569 1404 5621 etc.,
1434 5557 1789 5629 προσέθηκεν.
2439 5556 2514 5635 (θ’)
2553 5556 2757 5632 Ἁγίων
2775 5556 2960 5624 αὑτοῦ,
2989 5564 3222 5635 είρηκώς
3250 5582 3264 5595 ·
3292 5556 3479 5629 Οὗτος,
3512 5579 3622 5624 etc.

775 5631 849 5706 (5)
873 5635 937 5706 ᾼί
970 5631 1227 5706 ὲ-ναντίαι.
1343 5699 1384 5706 _
1418 5697 1443 5706 _
1485 5698 1497 5706 _
2439 5634 2514 5704 (7)
2560 5635 2851 5701 Ἐπιγείου,
2879 5637 2969 5690 καὶ
2991 5631 3364 5706 καταχθονίου,
3391 5645 3497 5691 etc.

769 5697 842 5775 (4)
878 5701 1193 5767 Ὺπὲπεσεν,
1213 5711 1315 5755 etc.
1342 5697 1444 5751 Τοῦ
1468 5698 1634 5755 deest.
