4110 6318
206 378 363 435 1109
1135 382 1220 438 DE
1267 384 1538 441 TITULIS
1575 388 2026 447 PSALMORUM.
2064 422 2134 432 —-
2170 390 2363 447 PSAL.
2402 391 2514 447 CV.
3324 402 3456 457 “10

287 493 385 548 8|).
426 496 531 548 Καὶ
561 495 978 568 ἇρτονόύρανοῦ
1013 496 1303 567 ἐνέπλησεν
1336 499 1549 564 αύτούς.
1820 510 1866 565 Α

1840 510 1866 565 ι
1961 505 2050 559 80.
2073 504 2133 558 Et
2146 520 2285 575 pane
2299 507 2421 563 coeli
2437 507 2802 563 saturaviteos
2817 508 3030 583 [panem
3047 512 3163 566 coeli
3180 512 3463 593 dediteis].

287 586 385 640 8|.
425 587 680 659 Διέρῤηξε
710 588 935 660 πέτραν,
960 588 1053 641 καὶ
1078 588 1355 660 ἐρρύησαν
1384 591 1546 645 ὒδατα
1568 610 1580 623 ·

1571 610 1580 623 ·
1968 596 2059 653 8|.
2101 596 2344 667 Disrupit
2371 607 2599 666 petram,
2632 608 2685 653 et
2707 601 2976 655 ﬂuxerunt
3003 618 3155 669 aquae
3180 623 3194 660 :

290 676 387 732 82.
417 678 817 751 Ἐπορεύθησαν
852 682 912 734 ὲν
944 680 1192 752 ἀνύδροις
1224 683 1476 753 ποταμοί.

1966 690 2059 744 82.
2099 688 2472 761 Abierunt[Et
2498 691 2763 763 abierunt]
2795 695 2845 746 in
2886 695 3043 749 siccis
3075 695 3314 757 ﬂumina.

290 771 387 824 85.
407 772 528 823 Ὀτι
555 772 795 843 ἐμνήσθη
819 772 912 825 τοῦ
936 772 1091 841 λόγου
1113 773 1205 826 τοῦ
1239 775 1392 842 ἁγίου
1417 776 1602 840 αὑτοῦ,

1600 822 1602 833 ,
1968 780 2062 835 85.
2102 780 2369 847 Quoniam
2397 797 2606 836 memor
2635 782 2735 837 fuit
2772 786 2917 838 verbi
2942 789 3111 841 sancti
3143 788 3223 842 sui

290 860 387 917 84.
427 863 533 917 Τοῦ
568 864 700 936 πρὸς
741 864 991 935 Ἀϐραὰμ
1017 864 1107 917 τὸν
1134 864 1317 919 δοῦλον
1348 866 1533 920 αὑτοῦ.

1972 873 2062 930 84.
2099 872 2251 939 Quod
2278 874 2466 927 habuit
2497 873 2564 927 ad
2588 875 2858 930 Abraham
2889 893 3113 945 puerum
3150 896 3328 938 suum.

292 953 386 1008 83.
428 956 535 1007 Καὶ
572 956 803 1025 ἐξήγαγε
830 955 921 1008 τὸν
953 955 1079 1010 λαὸν
1110 956 1273 1010 αὑτοῦ
1308 959 1366 1011 ὲν
1394 959 1708 1027 ἀγαλλιάσει
1727 976 1741 990 °

1727 976 1741 990 °
1971 967 2059 1022 85.
2100 965 2165 1019 Ει
2188 966 2372 1021 eduxit
2396 967 2653 1036 populum
2684 984 2842 1022 suum
2876 970 2928 1023 in
2956 973 3347 1032 exsultatione:

291 1048 388 1101 86.
428 1050 537 1100 Kal.
571 1049 698 1111 τοὺς
731 1049 1018 1112 ἐκλεκτοὺς
1043 1049 1205 1102 αὑτοῦ
1234 1052 1293 1102 ὲν
1327 1050 1652 1124 εὐφροσύνῃ.

1242 1052 1293 1102 ὲν
1327 1050 1652 1124 εὐφροσύνῃ.
1969 1059 2058 1116 86.
2097 1058 2159 1111 Et
2203 1058 2405 1114 electos
2428 1074 2560 1114 suos
2585 1060 2635 1113 in
2665 1059 2865 1117 laetitia.

290 1139 385 1193 87.
427 1140 534 1193 Kal.
571 1141 768 1194 ἔδωκεν
795 1143 975 1203 αὐτοῖς
1001 1140 1184 1213 χώρας
1217 1140 1385 1195 ἐθνῶν
1403 1160 1415 1171 ·

1968 1152 2057 1206 87.
2100 1151 2163 1205 Et
2180 1152 2328 1206 dedit
2356 1154 2460 1208 illis
2493 1154 2735 1223 regiones
2761 1157 2997 1226 gentium
3024 1176 3038 1212 :

291 1232 388 1286 88.
428 1233 537 1285 Ka‘t
576 1233 767 1297 πόνους
804 1233 948 1286 λαῶν
982 1233 1547 1305 κατεκληρονόμησαν.

1966 1246 2054 1300 88.
2096 1245 2161 1299 Et
2193 1246 2405 1301 labores
2448 1249 2766 1317 populorum
2805 1251 3178 1318 possederunt.

290 1323 589 1387 89.”υπως
619 1322 683 1376 ἂν
717 1323 988 1393 φυλάξωσι
1013 1324 1080 1377 τά
1111 1322 1454 1394 δικαιώματα
1487 1325 1650 1377 αὑτοῦ
1671 1342 1683 1354 ·

1519 1325 1650 1377 κὺτοῦ
1671 1342 1683 1354 ·
1966 1338 2055 1393 89.
2100 1336 2169 1392 Ut
2211 1339 2517 1393 cnstodiant
2543 1339 2956 1409 justiticatioues
2983 1343 3103 1410 ejus
3131 1361 3142 1396 :

291 1414 387 1471 90.
428 1416 537 1469 Kal
565 1418 657 1470 τὸν
683 1417 846 1487 νόμον
875 1417 1039 1471 αὑτοῦ
1066 1419 1429 1489 ἐκζητήσωσι.

1966 1428 2056 1483 90.
2096 1427 2159 1482 Et
2190 1428 2360 1498 legem
2398 1429 2516 1499 ejus
2548 1430 2825 1499 requirant
2852 1429 3196 1505 [requirent].

656 1534 1039 1599 ’AJJnJodZ'a.
1072 1536 1404 1588 “mea”.
2346 1542 2591 1597 Alleluia.
2650 1540 2849 1597 PSAL.
2900 1542 3015 1600 CV.

292 1623 346 1677 1.
381 1624 813 1695 Ἐξομολογεῖσθε
842 1625 920 1694 τῷ
952 1625 1158 1696 Κυρίῳ,
1189 1626 1268 1677 ὅτι
1300 1625 1532 1697 χρηστός
1551 1643 1564 1655 ·

1970 1635 2020 1688 Ι.
2053 1632 2394 1688 Conﬁtemini
2429 1633 2676 1695 Domino,
2701 1637 2959 1704 quoniam
3004 1638 3176 1693 bonus
3202 1679 3216 1692 .

288 1717 348 1771 2.
366 1717 488 1769 Ὀτι
517 1719 596 1780 είς
626 1718 717 1769 τὸν
750 1718 918 1771 αἰῶνα
950 1716 1009 1769 τὸ
1034 1717 1180 1780 ἕλεος
1207 1717 1388 1770 αὑτοῦ.

1964 1726 2019 1780 2.
2063 1726 2329 1792 Quoniam
2362 1727 2414 1780 in
2443 1729 2698 1782 saxulum
2730 1728 3096 1783 misericordia
3126 1729 3262 1799 ejus.

290 1808 346 1864 3.
389 1808 485 1871 Τίς
513 1807 733 1878 λαλήσει
760 1810 856 1872 τὰς
886 1808 1202 1872 δυναστείας
1229 1808 1321 1861 τοῦ
1358 1809 1595 1879 Κυρίους
1828 1855 1868 1909 Β

1459 1809 1595 1873 algu;
1828 1855 1868 1909 Β
1969 1817 2020 1871 5.
2071 1817 2203 1882 Quis
2235 1818 2487 1886 loquetur
2529 1819 2800 1888 potentias
2832 1818 3082 1874 Domini?

289 1898 347 1953 6.
377 1900 668 1964 Ἀκουστὰς
701 1902 912 1971 ποιήσει
946 1900 1122 1963 πάσας
1146 1900 1243 1963 τάς
1272 1900 1501 1962 αἱνέσεις
1526 1899 1725 1967 αὐτοῦς
1828 1898 1867 1909 “’

1463 1918 1501 1962 ις
1526 1899 1725 1967 αὐτοῦς
1828 1898 1867 1909 ν
1966 1909 2018 1961 4.
2064 1909 2291 1963 Auditas
2315 1910 2470 1963 faciet
2503 1926 2692 1965 omnes
2726 1912 2910 1966 laudes
2930 1911 3086 1981 ejus?

292 1990 347 2043 5.
390 1992 659 2062 Μακάριοι
679 1995 726 2044 oi
750 1993 1111 2061 φυλάσσοντες
1137 1993 1336 2063 κρίσιν,
1359 1993 1452 2045 καὶ
1476 1993 1551 2062 (ιι)
1578 1994 1793 2048 ποιοῦν-

1965 2001 2017 2056 5.
2060 2001 2207 2057 Beati
2237 2004 2328 2073 qui
2376 2003 2687 2058 custodiunt
2728 2002 3016 2072 judicium,
3047 2016 3102 2061 et
3138 2004 3337 2061 faciunt
3370 2007 3460 2078 ju-

216 2094 310 2145 τις
336 2082 679 2154 δικαιοσύνην
711 2085 769 2137 ὲν
804 2085 963 2138 παντὶ
997 2083 1193 2155 καιρῷ.

1021 2083 1193 2155 ίαιρῷο
1897 2096 2097 2149 stitiam
2126 2097 2178 2149 in
2206 2096 2353 2151 omni
2383 2105 2644 2166 tempore.

291 2220 372 2291 (a)
409 2219 558 2277 Vers.
582 2223 634 2277 6.
662 2224 768 2277 Kal.
802 2224 1099 2291 ποιοῦντες,
1123 2232 1229 2281 etc.
1272 2224 1331 2277 ι’.
1368 2226 1416 2277 7.
1454 2226 1752 2297 Μνήσοητι,
1784 2239 1885 2282 etc.

1346 2409 1724 2464 ATIIANASII
1766 2411 2343 2471 INTERPBETATIO.

295 2561 387 2615 80.
428 2561 530 2614 Τὸν
560 2564 687 2617 Υίὸν
726 2566 889 2620 αὐτοῦ
932 2567 1022 2620 τὸν
1071 2570 1327 2639 μονογενῆ
1364 2569 1559 2625 εδωκεν
1585 2569 1662 2641 (ι)
1721 2572 1800 2636 at;

1968 2574 2054 2628 80.
2094 2574 2289 2629 Filium
2318 2591 2478 2631 suum
2513 2580 2846 2650 unigenitum
2888 2582 3035 2637 dedit
3080 2583 3130 2636 in
3168 2587 3424 2657 participat

216 2652 533 2725 μετάληψιν
567 2656 664 2726 (a).

498 2674 533 2707 .v
567 2656 664 2726 (a).
1898 2667 2121 2723 tionem.

294 2747 385 2801 8|.
426 2750 533 2820 Τὴν
560 2750 796 2819 πλευράν
814 2751 907 2803 τοῦ
940 2749 1070 2803 Υἱοῦ
1113 2750 1277 2805 αὑτοῦ
1310 2751 1388 2822 (2)
1414 2751 1670 2826 διήνοιξε,
1704 2754 1801 2809 καὶ

1962 2759 2052 2819 81.
2096 2759 2266 2816 Latus
2321 2761 2445 2817 Filii
2510 2764 2595 2818 sui
2655 2765 2885 2833 aperuit,
2947 2775 3001 2821 et
3059 2778 3246 2835 potum
3314 2768 3456 2825 dedit

213 2840 441 2895 ἱπότισε
472 2843 560 2893 τὸν
590 2843 811 2913 κόσμον.

494 2843 560 2893 ςὸν
590 2843 811 2913 κόσμον.
1894 2854 2117 2908 mundo.

295 2932 388 2986 82.
414 2931 813 3005 Ἐπορεύθτισαν
846 2937 903 2988 ὲν
929 2938 1041 3000 τοῖς
1063 2936 1268 2990 ἔθνεσιν
1302 2939 1350 2991 οἱ
1385 2938 1792 3007 εὐαγγελισταί.

1658 2941 1792 2998 mal.
1971 2943 2061 2999 82.
2101 2946 2365 3001 Ahierunt
2393 2947 2444 3000 in
2472 2958 2655 3018 gentes
2686 2946 2959 3020 Evangelii
2988 2966 3281 3021 prmcones.

299 3024 389 3089 85,
424 3026 511 3080 84.
543 3026 616 3097 (3)
659 3020 733 3079 Οῧ
781 3028 1142 3097 ἐπηγγείλατο
1174 3027 1347 3097 λέγων
1384 3030 1461 3099 τῷ
1507 3031 1792 3104 Ἀϐραάμ·

1969 3032 2061 3101 83,
2093 3034 2180 3090 84.
2223 3034 2376 3102 Quod
2426 3038 2753 3106 promiserat
2801 3039 3071 3093 Abraham
3116 3041 3300 3097 dicens
3333 3082 3346 3095 .
3398 3039 3456 3092 In

231 3116 331 3172 Ἐν
356 3119 419 3188 τῇ
453 3119 628 3171 πίστει
656 3136 747 3172 σου
781 3119 1227 3190 εὐλογηθήσονται
1267 3122 1444 3175 πάντα
1471 3122 1537 3174 τά
1577 3122 1722 3194 ἔθνη.

1471 3122 1537 3174 τά
1577 3122 1722 3194 ἔθνη.
1902 3124 2005 3181 ﬁde
2034 3135 2125 3181 tua
2158 3129 2544 3183 benedicentur
2576 3146 2763 3185 omnes
2792 3143 2978 3202 gentes
3008 3134 3071 3186 “.

299 3208 387 3262 85.
417 3209 508 3261 Ἐκ
541 3209 633 3262 τοῦ
660 3210 860 3280 κόσμου
893 3210 1080 3264 τούτου
1115 3213 1238 3276 τοὺς
1266 3218 1485 3278 πιστοὺς
1514 3216 1677 3268 αὐτοῦ
1706 3219 1797 3291 ὲρ-
1829 3276 1868 3291 Α

1592 3216 1677 3268 τοῦ
1706 3219 1797 3291 ὲρ-
1829 3276 1868 3291 Α
1970 3218 2060 3274 85.
2100 3220 2176 3274 Ex
2207 3220 2309 3275 hoc
2340 3222 2543 3275 mundo
2568 3221 2753 3277 ﬁdeles
2791 3239 2920 3279 suos
2953 3226 3215 3281 liberavit.

214 3299 452 3375 ῥύσατο.

296 3394 390 3448 86.
430 3394 538 3448 Καὶ
571 3397 694 3458 τοὺς
718 3397 903 3464 ἁγίους
931 3400 1095 3452 αὑτοῦ
1124 3401 1179 3452 ὲν
1214 3400 1377 3469 χαρᾷ.

1279 3400 1377 3469 ρᾷ.
1966 3399 2054 3455 86.
2095 3398 2159 3454 Et
2190 3411 2410 3456 sanctos
2445 3416 2574 3457 suos
2609 3403 2664 3456 in
2688 3403 2902 3473 gaudio.

298 3484 391 3539 87.
432 3486 540 3549 Τὰς
569 3489 817 3551 αἰωνίους
841 3489 1097 3542 ἁνὲπαλιν

1038 3508 1097 3542 ,ιν
1126 3488 1224 3558 (4).
1967 3492 2057 3545 87.
2099 3491 2321 3546 :Eterna
2363 3492 2661 3562 refrigeria.

299 3578 390 3631 88.
431 3577 539 3641 Τὰς
570 3579 735 3647 μονάς
765 3581 870 3633 τῶν
898 3584 1089 3650 ἁγίων.

1964 3582 2053 3637 88.
2095 3580 2420 3637 Sanctorum
2451 3585 2779 3637 mansiones.

299 3669 391 3725 89.
418 3671 809 3744 ’Δτελευτήτως
842 3674 1166 3746 διαμένωσιν
1324 3678 1401 3741 είς
1432 3676 1491 3731 τὸ
1517 3677 1796 3748 βάπτισμα

1964 3673 2054 3729 89.
2097 3675 2153 3729 ln
2180 3676 2570 3744 sempiternum
2597 3685 2948 3745 permaneant
2972 3676 3022 3730 in
3053 3676 3144 3732 Dei
3169 3677 3453 3749 baptismo.

216 3761 323 3816 τοῦ
361 3762 518 3820 Θεοῦ.

300 3857 393 3912 90.
422 3858 530 3912 Καὶ
562 3858 654 3913 τὸν
690 3859 854 3932 νόμον
894 3861 1059 3915 αὑτοῦ
1094 3861 1558 3934 ὲξακριϐὡσαντες
1581 3862 1801 3934 πληρώ-

1966 3857 2054 3910 90.
2099 3855 2163 3909 Ει
2232 3856 2402 3924 legem
2449 3856 2568 3925 ejus
2623 3866 2873 3911 accurate
2919 3873 2981 3912 ac
3027 3857 3308 3928 diligenter
3364 3859 3458 3912 int-

220 3965 412 4004 σουσι.

1896 3951 2009 4019 plea
2018 3960 2067 4002 nt
2079 3989 2090 4004 .

314 4062 383 4115 Ἦ
415 4063 743 4134 προκειμένη
772 4063 1048 4136 ἐπιγραφὴ
1080 4063 1318 4134 περιέχει
1350 4064 1425 4133 (6)
1448 4064 1853 4131 οἶαὶλληλούϊα,
1896 4061 2031 4130 ὅπερ
2069 4059 2429 4130 ἑρμηνεύεται
2462 4059 2679 4113 αἱνεῖτε
2722 4060 2830 4113 τὸν
2863 4061 3004 4115 ὄντα
3042 4062 3205 4116 Θεόν.

312 4153 521 4211 fitulus
549 4158 828 4227 appositus
875 4157 1115 4212 continet
1152 4174 1167 4211 :
1197 4157 1459 4219 Alleluia;
1488 4157 1631 4226 quod
1666 4156 2050 4224 interpretatur
2074 4152 2287 4206 laudate
2315 4169 2432 4205 eum
2459 4153 2548 4222 qui
2576 4152 2717 4207 Deus
2740 4161 2837 4206 est.

391 4275 766 4345 Ἐξαγγείλατε
812 4276 959 4349 αὐτῷ
1004 4278 1103 4342 τὰς
1137 4278 1407 4351 προτέρας
1434 4282 1491 4334 ὲν
1518 4281 1582 4349 τῇ
1613 4278 1803 4349 ἀγνοίᾳ
1836 4282 1878 4334 D
1978 4276 2003 4330 1

1836 4282 1878 4334 D
1978 4276 2030 4330 1.
2072 4274 2360 4329 Enuntiate
2394 4275 2497 4344 ipsi
2558 4273 2767 4345 priores
2791 4283 2998 4330 vestras
3028 4274 3286 4339 actiones,
3323 4289 3459 4347 quas

222 4370 393 4441 ὑμῶν
423 4370 664 4440 πράξεις,
693 4372 774 4424 ὅτι
800 4370 1003 4439 ἀγαθός
1028 4372 1195 4426 ἐστιν.

1903 4370 1955 4423 in
1981 4368 2282 4439 ignorantia
2316 4365 2687 4430 commisistis,
2719 4365 2975 4436 quoniam
3016 4366 3191 4421 bonus
3215 4377 3316 4422 est.

304 4462 360 4517 2.
400 4463 511 4516 Καὶ
538 4462 878 4516 ἀδιάλειπτον
906 4464 965 4517 τὸ
992 4463 1136 4528 ἔλεος
1166 4462 1351 4516 αὐτοῦ.

1970 4459 2025 4512 9..
2069 4458 2134 4512 Et
2158 4456 2540 4512 indefectibilis
2565 4456 2941 4510 misericordia
2972 4455 3110 4524 ejus.

306 4556 363 4615 5,
390 4555 442 4608 4.
490 4555 585 4619 Τίς
623 4555 821 4627 δυνηθῇ
856 4555 1214 4627 διηγήσασθαι
1247 4556 1405 4626 μόνον
1447 4554 1545 4617 τὰς
1592 4555 1806 4627 εὐεργε-

1971 4550 2027 4613 5,
2068 4549 2123 4604 4.
2164 4548 2297 4618 Quis
2348 4548 2545 4619 poterit
2589 4563 2810 4604 narrare
2852 4548 3026 4602 solum
3083 4548 3458 4603 beneﬁcentias

225 4644 361 4707 σίας
410 4644 501 4698 τοῦ
548 4646 773 4718 Κυρίου,
808 4646 874 4710 ἃς
924 4648 1152 4718 παρέχει
1202 4650 1313 4712 τοῖς
1360 4644 1683 4719 ἀνθρώποις,
1723 4648 1806 4701 ἵνα

1904 4642 2143 4708 Domini,
2178 4655 2316 4709 quas
2338 4640 2539 4710 prabet
2564 4639 2896 4701 hominibus.
2930 4649 2987 4694 ut
3021 4639 3303 4695 audientes
3344 4639 3458 4695 lau-

226 4736 530 4800 ἁκούοντες
561 4738 798 4809 ὑμνῶσιν
828 4739 903 4809 (7)
926 4738 1086 4791 αὐτόν
1112 4782 1127 4806 ,

598 4738 798 4809 μνῶσιν
828 4739 903 4809 (7)
926 4738 1086 4791 αὐτόν
1112 4782 1127 4806 ,
1902 4736 2027 4793 deut
2054 4734 2217 4790 eum?

310 4827 365 4883 5.
400 4828 478 4898 (8)
517 4829 790 4900 Μακάριοι
826 4831 877 4883 οἱ
922 4830 1285 4896 πιστεύοντες,
1322 4830 1404 4886 ὅτι
1446 4830 1557 4884 ἔστι
1606 4830 1804 4902 κρίσις,

1973 4829 2027 4884 5.
2068 4826 2218 4883 Beati
2270 4826 2572 4890 credentes,
2622 4824 2767 4895 quod
2826 4828 2911 4880 est
2953 4823 3238 4896 judicium,
3290 4832 3347 4880 et
3378 4823 3460 4881 fa~

224 4922 333 4976 καί
366 4919 641 4988 ποιοῦντες
685 4921 1045 4992 δικαιοσύνην,
1088 4923 1181 4977 καὶ
1223 4922 1414 4987 νυκτὸς
1462 4922 1555 4977 καὶ
1596 4922 1806 4997 ἡμέρας

1908 4922 2110 4977 cientes
2130 4918 2421 4992 justitiam,
2447 4930 2501 4975 et
2530 4928 2688 4973 nocte
2713 4933 2779 4975 ac
2797 4917 2885 4975 die
2923 4917 3121 4972 bonum
3151 4924 3455 4988 operantcs.

232 5012 529 5076 ποιοῦντες
556 5012 776 5081 ἀγαθόν.

316 5152 366 5183 ,ο
392 5151 526 5206 Gen.
561 5170 701 5215 ml,
732 5150 814 5211 18.
1185 5223 1491 5286 Addenda
1523 5230 1581 5284 et
1627 5221 2002 5301 corrigenda
2039 5237 2113 5281 ex
2148 5237 2286 5283 om.
2323 5218 2516 5279 “me.

309 5364 395 5445 (
418 5365 656 5445 'E§wx§v
674 5368 885 5445 αὐτοῖς,
924 5376 1029 5426 etc.
2160 5366 2269 5445 διὰ.
2282 5365 2379 5433 τῆς
2405 5363 2773 5435 κινναϐάρεως
2803 5363 3064 5436 περιέχει.

311 5436 393 5506 (2)
430 5438 622 5491 Αὐτοῦ
655 5440 817 5506 deest.

757 5450 817 5492 st.
1972 5438 2047 5504 (7)
2076 5435 2380 5506 Ὑμνοῦσιν.

308 5501 390 5581 (ε)
417 5508 494 5581 _N.
519 5508 607 5572 83,
637 5504 731 5581 o6,
754 5521 859 5565 etc.
887 5509 954 5564 N.
982 5510 1073 5576 84,
1108 5510 1198 5565 83.
1239 5510 1331 5563 Ἐκ
1363 5510 1479 5563 τοῦ.

1972 5501 2055 5581 (8)
2090 5501 2158 5559 Ν.
2198 5508 2254 5569 5,
2284 5505 2557 5581 Μακάριοι
2600 5519 2769 5581 usque
2814 5506 2878 5559 ad
2902 5504 3120 5581 ⁸κρίσις.
3176 5503 3240 5557 Ν.
3350 5503 3460 5555 Καὶ

306 5573 389 5641 (4)
417 5576 787 5642 Ἀναπαύσεις.
1058 5573 1066 5576 ⁷
1897 5598 1924 5632 ν

1897 5573 2109 5641 νυκτός,
2134 5587 2239 5632 etc.
2265 5575 2324 5629 τὸ
2349 5573 2564 5644 ἀγαθόν.
2601 5577 2800 5630 Desunt
2832 5576 2924 5629 καὶ
2954 5573 3226 5638 ποιοῦντες
3259 5573 3458 5627 Bimae-

308 5645 392 5717 [5)
428 5649 801 5719 Διαμείνωσιν.
1897 5648 2081 5718 σύνην.

307 5791 392 5865 (a)
435 5793 766 5867 Μετάληψις,
798 5799 1090 5851 ronnmmio
1123 5812 1215 5851 seu
1256 5792 1597 5866 participatio
1626 5792 1995 5850 Eucharistiae.
2030 5791 2151 5847 Vid.
2186 5790 2309 5845 Lex.
2348 5790 2495 5845 Suic.
