4066 6318
698 369 826 435 1111

1537 363 1592 419 S.
1637 364 2009 419 ATHANASII
2047 364 2196 419 OPP.
2240 363 2422 419 PARS
2460 362 2545 418 111.
2586 393 2656 405 --
2693 363 3099 421 EXEGETICA.

3819 369 3942 421 1112

762 486 818 541 6.
854 483 1117 541 Memento
1156 493 1348 546 nost...
1397 482 1642 548 Domine,
1689 484 1742 536 in
1794 482 2127 550 beneplacito
2170 497 2267 552 po-
2297 487 2338 541 Α
2439 478 2489 533 6.
2532 480 2677 550 Μνήο

2439 478 2489 533 6.
2532 480 2811 550 Μνήσθητι
2841 480 3017 551 ἡμῶν,
3050 480 3237 550 Κύριε,
3268 480 3326 531 ἐν
3356 482 3419 550 τῇ
3453 480 3672 549 εὐδοκία
3700 480 3800 534 τοῦ
3824 481 3939 535 λαοῦ

691 573 803 631 Puli
834 577 949 629 tui:

766 672 815 723 Ἰ.
860 668 1025 724 Visita
1059 683 1158 722 nos
1184 667 1238 721 in
1264 666 1489 721 salutari
1520 675 1635 721 tuo.

763 762 815 818 8.
856 763 934 815 Ad
961 762 1244 815 videndum
1276 760 1328 813 in
1358 760 1595 814 bonitate
1622 760 1915 813 electorum
1961 767 2198 825 tuorum,

762 854 813 906 9.
856 853 932 905 Ad
962 851 1253 905 laetandum
1294 850 1346 902 in
1380 849 1562 903 laetitia
1595 849 1769 918 gentis
1800 857 1924 910 tua.

762 941 845 995 10.
895 940 963 995 Ut
992 940 1229 993 lauderis
1263 954 1383 992 cum
1425 939 1740 993 haereditate
1767 948 1875 991 tua.

763 1036 847 1089 11.
890 1032 1236 1087 Peccavimus
1265 1047 1386 1085 cum
1422 1030 1669 1103 patrihus
1712 1031 1953 1085 nostris:

764 1128 847 1181 1‘2.
888 1126 1086 1194 injuste
1112 1126 1341 1193 egimus,
1375 1123 1712 1191 iniquitatem
1746 1122 1995 1177 fecimus.

766 1219 849 1271 15.
893 1216 1077 1271 Patres
1112 1218 1287 1271 nostri
1335 1215 1390 1270 in
1437 1214 1669 1286 Egyplo
1716 1229 1823 1273 non
1874 1213 2255 1269 intellexerunt

690 1309 954 1364 mirabilia
991 1317 1078 1361 tua
1112 1325 1128 1362 :

765 1402 844 1455 M.
892 1401 1008 1455 Non
1058 1400 1280 1454 fuerunt
1313 1413 1577 1459 memores
1626 1399 1994 1460 multitudinis
2039 1398 2253 1453 miseri-

691 1495 887 1557 cordiae
918 1504 1021 1548 tuae
1052 1512 1063 1546 :

761 1587 845 1640 15.
892 1586 956 1640 Et
982 1587 1325 1641 irritaverunt
1348 1584 1701 1639 ascendentes
1732 1584 1784 1637 in
1809 1598 1956 1638 mare
1986 1582 2252 1638 Rubrum.

763 1766 848 1823 16.
885 1764 948 1819 Et
974 1766 1200 1825 sairavit
1223 1782 1315 1822 eos
1346 1775 1564 1836 propter
1594 1782 1791 1821 nomen
1820 1782 1979 1822 suum
2010 1786 2020 1821 :

762 1860 847 1913 17.
892 1857 959 1912 Ut
994 1869 1175 1913 notam
1206 1859 1403 1913 faceret
1436 1861 1727 1928 potentiam
1768 1875 1945 1916 suam.

764 1949 848 2003 18.
892 1948 955 2003 Et
999 1949 1265 2018 increpuit
1298 1962 1445 2002 mare
1492 1948 1761 2007 Rubrum.
1814 1958 1868 2001 et
1917 1947 2251 2003 exsiccatum

690 2050 773 2097 est
802 2074 817 2096 ι

763 2136 849 2189 19.
889 2134 952 2189 Et
978 2134 1201 2189 deduxit
1230 2148 1325 2188 eos
1356 2135 1408 2187 in
1442 2133 1637 2204 abysso
1666 2135 1805 2188 sicut
1835 2132 1887 2185 in
1913 2132 2149 2192 deserto.

758 2226 851 2282 20.
891 2225 954 2280 Et
979 2227 1205 2280 salvavit
1226 2242 1321 2281 eos
1344 2226 1408 2281 de
1432 2242 1595 2279 manu
1625 2222 2253 2295 odicntis[odientium]:

762 2318 849 2372 21.
898 2318 963 2372 Et
995 2318 1221 2373 redemit
1250 2333 1344 2372 eos
1376 2318 1441 2372 de
1478 2334 1639 2371 manu
1667 2317 2036 2373 inimicorum.

2356 588 2484 624 σου·

2429 664 2481 719 7.
2515 664 2838 734 Ἐπίσκεψαι
2868 666 3013 735 ἡμᾶς
3035 665 3092 716 ὲν
3117 662 3194 733 τῷ
3220 663 3470 734 σωτηρίῳ
3500 679 3617 715 σου.

2425 756 2476 811 8.
2520 756 2626 808 Τοῦ
2669 756 2793 809 ίδεῖν
2827 758 2884 809 ὲν
2916 757 2980 825 τῇ
3016 755 3335 825 χρηστότητι
3365 754 3471 808 τῶν
3504 752 3791 807 ἐκλεκτῶν
3830 769 3939 817 σου,

2430 850 2480 904 9.
2522 849 2626 916 Τού
2646 847 3012 919 εὐφρανθῆναι
3031 850 3087 899 ὲν
3104 850 3165 917 τῇ
3184 846 3486 918 εὐφροσύνῃ
3499 846 3594 898 τοῦ
3614 846 3811 910 ἔθνους
3830 863 3937 909 σου,

2431 942 2517 998 10.
2561 940 2666 996 Τοῦ
2696 938 3031 991 ἐπαινεῖσθαι
3066 939 3203 1009 μετὰ
3228 939 3325 1008 τῆς
3351 938 3719 1008 κληρονομίας
3752 956 3870 994 σου.

2423 1031 2509 1084 11.
2558 1032 2903 1101 Ἠμάρτομεν
2940 1030 3074 1099 μετὰ
3105 1029 3210 1081 τῶν
3240 1028 3487 1098 πατέρων
3516 1027 3673 1098 ἡμῶν
3694 1043 3710 1057 '

2424 1122 2513 1175 12.
2560 1123 2962 1191 Ἢνομήσαμεν,
2998 1121 3353 1190 ἠδικήσαμεν.

2425 1214 2513 1268 15.
2545 1215 2607 1267 Οἱ
2641 1214 2876 1283 πατέρες
2911 1212 3068 1282 ἡμῶν
3115 1214 3171 1264 ἐν
3220 1211 3479 1282 Αἰγύπτῳ
3502 1212 3563 1264 οὐ
3598 1212 3848 1280 συνῆκαν
3874 1210 3937 1262 τὰ

2353 1308 2632 1378 θαυμάσια
2666 1324 2757 1359 σου
2778 1324 2791 1337 ο

2428 1400 2516 1455 14.
2550 1400 2666 1455 ()ὐκ
2703 1398 3050 1470 ἐμνήσθησαν
3078 1397 3169 1453 τοῦ
3198 1396 3431 1469 πλήθους
3453 1396 3546 1451 τοῦ
3580 1397 3769 1461 ἐλέους
3807 1413 3901 1448 σου
3920 1413 3933 1425 ·

2428 1580 2514 1633 13.
2544 1581 2657 1632 Καὶ
2678 1579 3095 1649 παρεπίκραναν
3122 1576 3497 1639 ἀναϐαίνοντες
3520 1577 3576 1629 ὲν
3600 1580 3665 1647 τῇ
3697 1576 3934 1647 Ἐρυθρᾷ

2356 1672 2619 1743 θαλάσσῃ.

2422 1764 2507 1816 16.
2533 1763 2642 1814 Καὶ
2676 1761 2876 1814 ἔσωσεν
2908 1761 3104 1823 αὐτοὺς
3130 1760 3311 1814 ἕνεκεν
3334 1760 3425 1816 τοῦ
3451 1760 3716 1831 ὀνόματος
3742 1758 3927 1812 αὐτοῦ⁴

2288 1844 2330 1902 Β
2426 1855 2511 1909 17.
2549 1853 2653 1906 Τοῦ
2683 1854 2945 1923 γνωρίσαι
2969 1852 3068 1923 τὴν
3100 1851 3412 1905 δυναστείαν
3440 1852 3629 1904 αὐτοῦ.

2418 1948 2503 2000 18.
2549 1947 2660 1999 Καὶ
2690 1946 2987 2017 ἐπετίμησε
3021 1947 3086 2016 τῇ
3126 1945 3360 2016 Ἐρυθρᾷ
3384 1944 3648 2016 Θαλάσσῃ,
3678 1943 3773 1997 καὶ
3806 1943 3930 2013 ἐξη-

2358 2039 2522 2109 ράνθη
2539 2056 2552 2069 ·

2426 2133 2509 2186 19.
2541 2131 2648 2184 Καὶ
2677 2130 2958 2200 ὡδήγησεν
2982 2129 3174 2189 αὐτοὺς
3204 2130 3260 2180 ὲν
3281 2126 3498 2196 ἁϐὐσσῳ
3523 2127 3598 2190 ὡς
3627 2128 3683 2179 ἐν
3714 2129 3925 2198 ἐρήμῳ.

2424 2222 2514 2275 20.
2550 2224 2659 2275 Καὶ
2692 2223 2891 2274 ἔσωσεν
2923 2222 3117 2283 αὐτοὺς
3152 2224 3215 2273 ἐκ
3246 2220 3425 2291 χειρὸς
3458 2219 3742 2288 μισοῦντος
3770 2234 3788 2259 ε

2423 2312 2513 2366 21.
2545 2315 2652 2365 Καὶ
2679 2313 3017 2384 ὲλυτρώσατο
3041 2315 3235 2377 αὐτοὺς
3264 2316 3327 2366 ἐκ
3351 2310 3529 2383 χειρὸς
3553 2311 3787 2381 ἐχθρῶν.

1819 2466 2183 2524 ATHANASII
2228 2465 2803 2537 INTERPRETATIO.

762 2631 816 2687 6.
852 2629 1116 2686 Memento
1164 2630 1353 2696 nostri,
1409 2630 1654 2694 Domine,
1700 2628 1954 2697 quoniam
2005 2628 2099 2682 tibi
2129 2629 2242 2697 pla—

693 2727 806 2785 cuit
836 2734 897 2779 ut
928 2725 1140 2777 venires
1172 2722 1239 2776 ad
1266 2739 1359 2776 eus
1386 2722 1479 2791 qui
1504 2720 1760 2775 credituri
1791 2730 1969 2775 erant.

764 2816 819 2874 7.
868 2814 1041 2868 Visita
1074 2830 1173 2868 nos
1215 2814 1455 2867 inlirmos
1485 2813 1537 2865 in
1566 2814 1817 2881 passione
1858 2822 1970 2872 tua,

765 2911 819 2964 8.
856 2907 936 2962 Ad
962 2906 1258 2961 faciendam
1292 2906 1719 2961 misericordiam
1760 2905 2046 2959 nobiscum
2073 2905 2122 2958 in
2149 2905 2248 2958 bo.

699 3004 883 3065 nitate,
909 3016 1069 3070 quam
1100 3001 1231 3054 facis
1261 3014 1384 3067 erga
1413 2998 1505 3052 Dei
1539 3000 1758 3051 electos.

768 3096 822 3149 9.
868 3087 947 3146 Ad
978 3092 1270 3145 laetandum
1302 3094 1354 3142 in
1387 3089 1579 3159 gratia,
1613 3105 1774 3159 quam
1804 3088 2011 3160 prazbes
2048 3088 2251 3143 sanctis

697 3185 826 3240 tuis.

771 3276 859 3329 10.
903 3281 967 3330 [Tt
1009 3272 1155 3344 digni
1203 3272 1497 3326 ciliciamur
1543 3272 1873 3328 beatitudine
1919 3288 2131 3339 eorum,
2162 3273 2256 3345 qui

697 3368 1050 3437 bencplacent
1085 3366 1199 3419 tibi.

770 3461 855 3522 11,
894 3460 979 3515 12.
1013 3457 1122 3513 Nos
1160 3468 1210 3512 et
1244 3468 1424 3528 patres
1464 3458 1633 3512 nostri
1671 3458 2045 3526 cruciligentes
2072 3470 2121 3513 te
2155 3457 2253 3511 ini-

695 3570 800 3623 que
827 3553 1057 3624 egimus.

767 3646 853 3702 15.
903 3645 1091 3699 Patres
1138 3645 1331 3711 nostri,
1375 3659 1500 3700 cum
1546 3644 1601 3697 in
1633 3642 1867 3697 tenebris
1896 3652 2100 3704 essent,
2150 3659 2256 3696 non

700 3737 1071 3790 intellexerunt
1101 3737 1521 3805 magnitudinem
1554 3734 1935 3788 misericordia:
1960 3744 2085 3788 tute.

772 3828 856 3883 14.
894 3827 1009 3882 Non
1057 3829 1319 3883 recordati
1364 3837 1490 3883 sunt
1535 3825 1917 3881 immensitatis
1949 3826 2257 3880 misericor-

698 3921 798 3977 dia:
823 3930 946 3985 ture,
974 3921 1066 3990 qui
1092 3937 1215 3975 cum
1246 3921 1386 3974 Deus
1414 3935 1585 3983 esses,
1609 3919 1862 3988 dignatus
1894 3933 1954 3975 es
1982 3919 2255 3973 hominem

698 4012 833 4075 ﬁeri,
868 4022 921 4066 et
946 4012 1277 4066 manifestari
1303 4011 1629 4075 hominibus,

769 4102 855 4155 13.
898 4101 964 4155 Et
992 4112 1169 4157 mente
1198 4103 1323 4156 elati
1353 4102 1703 4156 irritarerunt
1741 4111 1791 4156 te
1834 4101 2109 4157 mundana
2143 4113 2257 4156 tur-

699 4194 960 4263 pitudine.

772 4285 855 4338 16.
900 4285 963 4338 Et
988 4299 1177 4339 eorum
1224 4284 1491 4349 inﬁrmos,
1522 4293 1617 4339 aut
1646 4301 1674 4338 τι
1711 4284 1927 4339 diabolo
1973 4299 2257 4356 possessos

700 4378 924 4433 salvavit
966 4386 1182 4447 propter
1212 4378 1596 4449 benignitatem
1644 4378 1882 4433 nominis
1912 4378 2015 4432 sui.

769 4557 855 4611 17.
906 4556 975 4611 Ut
1005 4558 1311 4613 ostenderet
1352 4559 1485 4629 ipsis
1512 4574 1663 4613 suam
1700 4560 2020 4629 potentiam.

772 4650 856 4702 18.
906 4649 970 4702 Et
1032 4650 1300 4719 increpuit
1346 4651 1512 4704 verbo
1568 4650 1755 4720 gratiae
1808 4666 1919 4705 suae
1979 4657 2260 4721 peccatum

700 4741 907 4805 mundi,
937 4751 989 4795 ct
1015 4742 1361 4796 mortiﬁcavit
1392 4743 1540 4795 illud.

772 4833 856 4886 19.
900 4831 965 4885 Et
990 4834 1271 4888 credentes
1305 4834 1354 4886 ei
1391 4834 1616 4888 deduxit
1644 4834 1695 4887 in
1726 4834 2017 4903 baptismo,
2056 4836 2107 4888 in
2138 4834 2262 4888 illu-

704 4928 996 4982 minatione
1027 4938 1084 4981 ut
1113 4930 1253 4983 tilios
1284 4929 1444 4983 Israel
1472 4930 1525 4983 in
1561 4944 1765 4986 eremo.

770 5110 857 5174 20,
891 5111 979 5165 21.
1024 5110 1332 5179 Baptismus
1359 5110 1631 5181 principes
1656 5110 1867 5167 Satanae
1888 5113 2252 5167 mortiﬁcaxit.

2288 4520 2335 4577 D

2423 2627 2476 2685 6.
2521 2624 2799 2698 Μνήσθητι
2850 2626 3023 2697 ἡμῶν,
3066 2624 3255 2696 Κύριε,
3301 2626 3381 2678 ὅτι
3424 2625 3662 2687 εὐδοκεῖς
3707 2624 3805 2678 τοῦ
3836 2624 3920 2675 ἑλ-

2358 2718 2466 2772 θεῖν
2512 2718 2693 2791 [πρὸς]
2725 2720 2850 2781 τοὺς
2877 2718 3261 2782 πιστεύσοντας
3292 2720 3389 2789 (1).

2430 2813 2479 2865 7.
2506 2811 2827 2878 Ἑπίσκεῷαι
2854 2814 3001 2881 ἡμᾶς
3021 2812 3145 2872 τοὺς
3175 2811 3419 2875 ἀσθενεῖς
3449 2812 3507 2863 ὲν
3534 2809 3613 2880 τῷ
3632 2809 3921 2864 πάθεισουο

2428 2898 2481 2956 8.
2523 2902 2628 2954 Τοῦ
2667 2903 2722 2957 δὲ
2763 2904 2907 2972 ἡμᾶς
2954 2901 3027 2971 (2)
3069 2901 3286 2970 ἐλεῆσαι
3320 2904 3376 2954 ὲν
3415 2907 3479 2977 τῇ
3520 2904 3820 2972 ἀγαθὸτητι
3862 2906 3921 2972 ἦν

2361 2998 2530 3047 ποιεῖν
2568 2992 2783 3065 [ποιεῖς]
2816 2994 2937 3057 τούς
2967 2994 3251 3058 ἐκλεκτοὺς
3272 2994 3363 3047 τοῦ
3392 2994 3547 3049 Θεοῦ.

2428 3089 2479 3141 9.
2518 3087 2622 3140 Τοῦ
2657 3087 3019 3159 εὐφρανθῆναι
3046 3088 3101 3143 ἐν
3130 3091 3194 3157 τῇ
3225 3088 3403 3160 χάριτι
3436 3088 3501 3159 ἦν
3557 3088 3925 3159 (3).παρέχεις

2284 3166 2327 3227 (ἶ
2359 3184 2469 3243 τοῖς
2493 3181 2669 3247 ἁγίοις
2693 3197 2808 3233 σου.

2430 3272 2512 3325 10.
2546 3271 2650 3325 Τοῦ
2705 3271 3000 3343 ἀξιωθῆναι
3048 3273 3529 3344 μακαριασμοῦμ)
3576 3275 3685 3329 τῶν
3729 3278 3926 3345 εὐαρεο

2360 3365 2672 3435 στησάντων
2697 3383 2797 3419 σοι.

2428 3456 2619 3519 11,12.
2651 3458 2841 3528 Ἡμεῖς
2870 3457 2964 3509 καὶ
2991 3458 3038 3509 οἱ
3069 3457 3299 3528 πατέρες
3329 3457 3481 3528 ἡμῶν
3506 3460 3557 3511 οἱ
3584 3458 3927 3530 σταυρώσαν-

2355 3546 2445 3609 τές
2477 3563 2533 3599 σε
2565 3550 2738 3617 ὴνομή
2749 3566 2812 3599 σα
2821 3566 2939 3618 μεν.

2428 3637 2511 3699 15.
2547 3639 2608 3690 Οἱ
2636 3639 2869 3709 πατέρες
2898 3639 3051 3708 ἡμῶν
3091 3641 3143 3690 ἓν
3170 3639 3245 3705 (5)
3289 3640 3469 3692 σκότει
3507 3638 3660 3701 ὄντες
3699 3639 3761 3692 οὐ
3804 3657 3927 3693 συν-

2356 3726 2493 3796 ῆκαν
2522 3727 2619 3796 τὴν
2652 3726 2953 3795 ὑπερϐολὴν
2982 3727 3079 3796 τῆς
3109 3726 3504 3794 εὐσπλαγχνίας
3528 3743 3641 3779 σου.

2432 3818 2513 3870 11.
2547 3818 2657 3870 Οὐκ
2691 3816 3035 3887 ἐμνήσθησαν
3060 3817 3120 3869 τὸ
3154 3818 3453 3890 ἀμέτρητον
3490 3819 3566 3888 (6)
3594 3818 3779 3882 ἐλέους
3812 3836 3924 3881 σου,

2357 3907 2436 3959 ὅτι
2462 3907 2591 3969 θεὸς
2617 3906 2690 3959 ὢν
2715 3907 2951 3975 ἠξίωσας
2982 3907 3263 3978 ἄνθρωπος
3288 3908 3552 3978 γενέσθαι,
3576 3911 3671 3963 καὶ
3696 3910 3929 3981 ὀφῦἦναι

2358 4002 2469 4062 τοῖς
2505 3998 2828 4069 ἀνθρώποις.

2430 4091 2515 4144 15.
2573 4092 2681 4143 Καὶ
2730 4092 3143 4161 παρεπίκραναν
3205 4110 3261 4146 σε
3308 4094 3651 4166 ἐπαιρόμενοι
3706 4099 3771 4166 τῇ
3816 4097 3928 4149 δίαν

2358 4185 2474 4254 νοία
2508 4186 2564 4236 ἐν
2598 4183 2671 4251 (7)
2696 4186 2760 4251 τῇ
2793 4184 3019 4254 αἰσχύνῃ
3046 4185 3137 4237 τοῦ
3168 4186 3388 4255 κόσμου.

2432 4276 2514 4329 16.
2574 4275 2684 4327 Καὶ
2726 4276 2846 4338 τούς
2891 4275 3245 4339 ασθενούντας
3289 4278 3498 4337 αὐτῶν,
3547 4279 3579 4348 ἦ
3622 4278 3925 4331 καταδυνα-

2361 4367 2714 4437 στευομένους
2754 4366 2857 4418 ὑπὸ
2889 4365 2980 4418 τοῦ
3025 4367 3267 4420 διαϐόλου
3316 4368 3484 4422 ἔσωσε
3528 4370 3613 4422 διὰ
3657 4370 3717 4422 τὸ
3754 4370 3926 4439 ὄνομα

2362 4459 2521 4513 αὐτοῦ
2553 4459 2611 4511 τὸ
2642 4458 3033 4529 φιλάνθρωπον.

2434 4553 2518 4605 17.
2555 4553 2669 4605 Ἵνα
2702 4550 2988 4623 φανερώσῃ
3016 4551 3195 4611 αὐτοῖς
3220 4551 3315 4622 τὴν
3342 4553 3491 4622 ίσχύν
3516 4550 3697 4605 αὐτοῦ.

2431 4645 2519 4699 18.
2554 4644 2664 4696 Καὶ
2690 4645 2986 4713 ἐπετίμησε
3017 4644 3104 4696 διὰ
3134 4643 3228 4696 τοῦ
3260 4642 3417 4713 λόγου
3444 4644 3541 4713 τῆς
3569 4644 3793 4717 χάριτος
3830 4647 3925 4697 αὐ-

2358 4738 2449 4791 τοῦ
2482 4739 2544 4807 τῇ
2571 4737 2811 4807 ἁμαρτία
2836 4735 2926 4790 τοῦ
2959 4736 3182 4807 κόσμου,
3210 4738 3302 4789 καὶ
3341 4738 3631 4808 ὲνέκρωσεν
3658 4739 3853 4810 αὐτήν.

2430 4830 2515 4884 19.
2568 4829 2676 4881 Kal.
2716 4830 2842 4892 τοὺς
2886 4829 3236 4893 πιστεύοντας
3274 4829 3419 4899 αὐτῷ
3455 4830 3730 4899 ὡδήγησεν
3758 4832 3823 4881 ἐν
3852 4831 3927 4900 τῷ

2363 4922 2728 4992 βαπτίσματι,
2764 4921 2821 4973 ὲν
2867 4920 3128 4993 φωτισμῷ
3168 4920 3243 4984 ὡς
3275 4923 3400 4985 τοὺς
3438 4921 3584 4984 υἱοὺς
3629 4922 3846 4993 Ἰσραὴλ
3872 4926 3927 4975 ἐν

2362 5012 2425 5079 τῇ
2463 5010 2670 5079 ἐρήμῳ-

2432 5098 2519 5162 20,
2549 5099 2637 5152 21.
2674 5098 2750 5167 (8)
2792 5099 2864 5149 Τὸ
2910 5098 3185 5170 βάπτισμα
3226 5100 3349 5164 τούς
3394 5101 3653 5172 ἄρχοντας
3685 5099 3780 5153 τοῦ
3826 5101 3923 5155 EJ-

2365 5188 2501 5237 τανᾶ
2529 5184 2881 5244 ἐθανάτωσεν,

1646 5362 1948 5425 Addenda
1982 5374 2040 5426 et
2068 5366 2440 5446 corrigenda
2475 5387 2554 5431 ex
2592 5372 2733 5432 cod.
2768 5374 2964 5435 Vatic.

799 5506 850 5575 1)
872 5505 1095 5571 Ἐλθείν,
1126 5509 1219 5562 καὶ
1243 5510 1414 5563 σῶσαι
1444 5511 1565 5573 τοὺς
1592 5510 1939 5574 πιστεύοντας
1980 5529 2081 5570 σοι,

1024 5580 1296 5649 καὶ-ἡμᾶς,
1315 5594 1416 5637 etc.
1451 5577 1484 5652 ᾗ
1512 5586 1680 5643 ποιεῖς
1704 5583 1813 5645 τοῖς
1838 5583 2121 5647 ἐκλεκτοῖς,
2153 5594 2253 5653 etc.

797 5670 827 5699 θ’)
972 5690 983 5700 .

797 5670 850 5700 εἰ)
918 5670 983 5700 ll.

1026 5721 1389 5792 μακαρισμοῦ.

775 5790 851 5861 (5)
880 5789 964 5845 Ἐν
996 5791 1088 5861 τῷ,
1130 5789 1231 5845 etc.

2436 5516 2508 5591 (6)
2540 5520 2824 5591 Ἀμεςρον.

2437 5590 2510 5655 (7)
2542 5590 2757 5655 Διανοία
2782 5592 2922 5645 κατὰ
2956 5592 3068 5649 σοέι.
3105 5592 3182 5653 ἐν,
3215 5602 3317 5646 etc.

2416 5650 2527 5739 is).
2675 5650 2886 5725 213,21,
2938 5663 3028 5720 22.
3063 5650 3292 5725 "regem.
3337 5660 3402 5717 N.
3447 5663 3539 5721 as.
3572 5663 3773 5727 nam;
3818 5662 3916 5729 τερ

2369 5745 2582 5794 αυτους,
2606 5742 2687 5786 etc
