4066 6318
105 369 244 424 ιιτι
1037 359 1122 413 DE
1161 358 1434 416 TITULIS
1469 357 1711 413 PSALMI

1740 358 1918 413 'RUM.
1957 387 2025 398 -—
2061 356 2257 413 PSAL.
2303 355 2439 413 CVI.
3207 361 3346 416 1112

162 470 262 526 88.
296 470 583 534 Πλεονάκις
617 469 881 542 ἐρρύσατο
908 471 1123 549 αὐτούς’
1705 478 1751 534 Α

954 471 1123 534 ῢτούς·
1705 478 1751 534 Α
1848 469 1935 524 88.
1966 468 2116 539 Saepe
2150 470 2395 525 liberavit
2422 485 2518 524 eos
2550 512 2560 525 .

163 561 264 616 89.
324 562 484 614 Αὐτοὶ
530 561 586 615 δὲ
636 563 1049 634 παρεπίκραναν
1096 565 1256 618 αὑτὸν
1309 579 1365 616 εν
1394 581 1460 635 τῃ
1512 565 1675 634 βουλῇ

1851 562 1936 616 89.
1973 561 2078 634 Ipsi
2128 572 2308 618 autem
2358 563 2818 619 exacerbaverunt
2857 579 2982 620 eum
3030 564 3085 620 in
3116 565 3349 622 consilio

95 654 282 715 αὐτῶν
298 674 310 686 ·
1782 670 1882 710 suo
1908 673 1921 708 :

163 748 263 800 90.
293 746 393 799 Kal
418 744 858 815 ἐταπεινώθησαν
888 746 945 799 ἐν
973 749 1090 808 ταῖς
1117 745 1367 815 ἀνομίαις
1402 745 1604 798 αὐτῶν.

1541 763 1604 798 ιν.
1851 747 1939 800 90.
1973 744 2037 800 Ει
2063 745 2328 800 liumiliati
2363 755 2490 802 sunt
2518 748 2570 802 in
2606 748 2984 819 iniquitatibus
3011 751 3147 805 suis.

163 841 264 896 91.
293 840 394 894 Καὶ
414 836 519 894 εἶδε
552 841 750 911 Κύριος
777 841 834 892 ἐν
861 837 937 908 τῷ
969 838 1242 892 θλίϐεσθαι
1289 838 1504 901 αὐτούς·

1851 841 1940 894 91.
1971 840 2033 895 Et
2069 841 2194 894 vidit
2229 841 2506 903 Dominus,
2534 857 2657 895 cum
2690 844 2789 911 ipsi
2820 845 3203 900 triliularentur
3229 864 3244 901 :

164 933 264 990 92.
307 935 393 986 Ἐν
418 933 492 1002 τῷ
529 933 689 986 αὑτὸν
720 931 1032 987 εἰσακοῦσαι
1061 933 1159 1000 τῆς
1181 933 1415 1002 δεήσεως
1440 930 1639 984 αὐτῶν.

1231 934 1415 1002 ιήσεως
1440 930 1639 984 αὐτῶν.
1849 934 1937 988 92.
1969 934 2032 989 Et
2070 936 2272 989 audivit
2302 937 2600 990 Orationem
2630 952 2837 990 eorum.

165 1026 262 1081 93.
302 1024 403 1078 Kal
432 1024 672 1096 ἐμνήσθη
698 1024 796 1094 τῆς
824 1024 1087 1095 διαθήκης
1120 1024 1306 1077 αὐτοῦ’

1293 1042 1306 1055 ·
1851 1029 1939 1082 95.
1979 1028 2044 1082 Et
2075 1043 2282 1082 memor
2309 1027 2412 1081 fuit
2442 1029 2745 1083 testamenti
2775 1030 2855 1082 sui
2886 1047 2897 1082 :

167 1119 263 1173 94.
303 1117 406 1171 Καὶ
429 1116 765 1188 μετεμελήθη
797 1116 938 1170 κατὰ
977 1116 1038 1169 τὸ
1089 1116 1292 1186 πλῆθος
1338 1116 1429 1168 τοῦ
1491 1115 1673 1178 ἐλέους

1849 1119 1937 1174 94.
1997 1118 2060 1173 Et
2105 1119 2358 1188 pmnituit
2415 1135 2539 1174 eum
2597 1120 2892 1174 secundum
2942 1120 3341 1178 multitudinem

94 1210 295 1265 αὺτοῦ.

1779 1211 2166 1266 misericordiae
2200 1227 2330 1266 suae.

168 1305 262 1359 95.
298 1303 401 1359 Kal
429 1303 624 1357 ἔδωκεν
651 1302 846 1364 αὐτοὺς
867 1303 946 1365 είς
977 1302 1311 1374 οἰκτιρμοὺς,

1267 1320 1311 1365 ς,
1847 1301 1936 1356 95.
1973 1300 2036 1354 Ει
2067 1302 2214 1356 dedit
2241 1318 2335 1358 eos
2365 1303 2418 1357 in
2453 1304 2873 1369 misericordias,

167 1397 262 1452 96.
330 1396 596 1450 Ἐναντίον
659 1396 872 1450 πάντων
944 1394 1050 1448 τῶν
1120 1395 1674 1465 αἱχμαλωτευσάντων

1594 1413 1674 1450 ’ων
1850 1393 1938 1448 96.
1970 1393 2026 1448 ln
2063 1407 2356 1465 conspectu
2388 1397 2653 1462 omnium,
2690 1399 2782 1469 qui
2812 1409 3060 1468 ceperant
3086 1416 3200 1458 eos.

96 1490 322 1552 αὐτούς.

167 1583 262 1638 97.
293 1583 470 1635 Σῶσον
496 1581 662 1652 ἡμᾶς,
693 1579 855 1651 Κύριε
884 1581 911 1632 6
943 1579 1071 1642 Θεὸς
1096 1579 1249 1651 ἡμῶν
1285 1595 1299 1611 ο

1852 1574 1939 1629 97.
1975 1572 2164 1630 Salvos
2192 1591 2288 1630 nos
2319 1575 2422 1640 fac,
2461 1576 2686 1632 Domine
2723 1577 2864 1634 Deus
2896 1590 3112 1638 noster:

172 1679 265 1733 98.
307 1679 414 1730 Kal
447 1676 812 1744 ἐπισυναγαγε
848 1676 992 1745 ἡμᾶς
1016 1675 1078 1726 ὲκ
1113 1674 1219 1726 τῶν
1251 1673 1420 1727 ἐθνῶν
1446 1690 1460 1704 ο

1327 1674 1420 1727 νῶν
1446 1690 1460 1704 ο
1847 1668 1935 1721 98.
1970 1667 2034 1722 Ει
2062 1684 2326 1738 congrega
2355 1686 2455 1724 nos
2485 1671 2550 1724 de
2585 1673 2891 1726 nationibus
2919 1691 2933 1727 :

171 1772 263 1826 99.
295 1770 398 1823 Τοῦ
419 1767 908 1839 ἐξομολογήσασθαι
935 1767 1013 1836 τῷ
1039 1767 1259 1837 ὀνόματί
1287 1783 1377 1818 σου
1407 1763 1485 1835 τῷ
1506 1765 1666 1836 ἁγίῳο

1424 1763 1485 1835 τῷ
1506 1765 1666 1836 ἁγίῳο
1848 1759 1936 1814 99.
1972 1757 2037 1813 Ut
2063 1760 2423 1819 contiteamur,
2444 1763 2645 1816 nomini
2670 1772 2860 1819 sancto
2901 1774 3030 1820 tuo:

173 1862 302 1916 100.
338 1862 442 1915 Τοῦ
468 1861 834 1932 ἐγκαυχᾶσθαι
864 1863 919 1913 ἐν
939 1863 1002 1930 τῇ
1027 1859 1225 1912 αἰνέσει
1259 1875 1371 1912 σου.
1699 1839 1746 1898 Β

1187 1876 1225 1911 ε,
1259 1875 1371 1912 σου,
1699 1839 1746 1898 Β
1842 1851 1964 1918 100.
2000 1853 2062 1905 Et
2085 1853 2377 1921 gloriemur
2401 1854 2457 1907 in
2498 1855 2653 1909 laude
2681 1866 2793 1910 tua.

172 1953 299 2007 101.
336 1954 635 2023 Εὐλογητὸς
685 1952 934 2024 Κύριοςό
965 1951 1095 2012 Θεὸς
1138 1948 1384 2019 Ίσραήλ’

1844 1946 1964 2000 101.
1987 1945 2308 2000 Benedictus
2339 1945 2597 2001 Dominus
2629 1948 2769 2002 Deus
2795 1948 2957 2004 Israel
2984 1971 2996 2006 :

172 2043 299 2099 102.
338 2045 468 2097 Ἀπὸ
488 2044 579 2096 τοῦ
602 2043 792 2106 αίῶνος
819 2043 911 2094 καὶ
942 2042 1043 2101 ἕως
1068 2038 1160 2091 τοῦ
1189 2039 1402 2100 αἰῶνος.

1373 2055 1402 2097 :.
1843 2038 1964 2092 10‘).
1998 2037 2040 2088 Α
2067 2037 2285 2101 εωουιο,
2319 2046 2373 2090 et
2410 2053 2580 2106 usque
2619 2038 2668 2090 in
2699 2041 2979 2093 saeculum.

171 2135 297 2190 105.
328 2111 436 2190 kal
476 2138 588 2206 ἐρεῖ
618 2136 722 2198 πᾶς
755 2135 783 2185 6
813 2133 937 2194 λαός
957 2151 969 2162 ο
1003 2131 1234 2192 Γένοιτο,
1265 2131 1492 2198 γένοιτο.

1467 2152 1492 2184 ι.
1843 2131 1963 2184 103.
1998 2128 2061 2183 Et
2090 2130 2231 2184 dicet
2262 2132 2442 2184 omnis
2481 2132 2752 2200 pOpulus:
2789 2131 2925 2199 Fiat,
2962 2136 3073 2189 liat.

494 2251 864 2318 Ἀλληλοὺτα.
923 2251 1092 2302 ΨΑΛ.
1143 2249 1281 2314 PG".

2207 2245 2458 2300 Alleluia.
2506 2246 2709 2302 PSAL.
2745 2248 2895 2304 CVI.

168 2345 220 2399 1.
266 2342 700 2415 Ἐξομολογεϊπθε
734 2342 809 2412 τῷ
836 2342 1042 2414 Κυρίῳ,
1078 2342 1160 2394 ὅτι
1191 2339 1426 2412 χρηστός
1449 2355 1464 2370 ·

1412 2355 1464 2404 ῖ·
1844 2337 1894 2389 1.
1924 2336 2270 2393 Conﬁtemini
2307 2339 2557 2407 Domino,
2591 2344 2848 2414 quoniam
2878 2345 3018 2399 boni.

1213 2516 1578 2574 ATHANASII
1637 2513 2216 2572 INTERPRETATIO.

169 2682 254 2738 88.
294 2683 562 2747 Πολλάκις
595 2697 968 2752 συνεχωρησεν
997 2678 1214 2741 αὐτούς.

999 2678 1214 2741 αὐτούς.
1841 2672 1931 2728 88.
1964 2673 2117 2746 Saepe
2144 2674 2471 2730 condonavit
2507 2675 2605 2731 eis.

169 2775 252 2830 89.
303 2777 465 2829 Αὐτοὶ
517 2777 572 2829 δὲ
623 2773 968 2846 παρώργιζον
1019 2772 1180 2826 αὑτὸν
1231 2774 1287 2825 ἐν
1329 2775 1398 2843 τῇ
1449 2768 1678 2844 ἀπιστίᾳ

1841 2763 1930 2819 89.
1961 2765 2067 2835 Ipsi
2119 2777 2302 2822 autem
2354 2769 2705 2822 irritaverant
2754 2783 2878 2824 cum
2920 2771 2976 2827 in
3025 2773 3336 2836 inﬁdentate

103 2868 296 2923 αὐτῶν.
1769 2868 1890 2912 ⁸⁸³³·

171 2961 258 3017 90.
293 2961 394 3016 Καὶ
423 2958 796 3031 κατενύγησαν
820 2976 964 3022 τινες
992 2957 1195 3012 αὐτῶν.

1840 2953 1929 3008 90.
1969 2951 2032 3005 Et
2060 2949 2224 3020 aliqui
2253 2965 2439 3005 eorum
2469 2952 2780 3021 compuncti
2813 2963 2958 3009 sunt.

170 3053 254 3107 91.
291 3053 430 3115 Τοὺς
457 3052 533 3122 (1)
565 3051 931 3120 λυπουμένους
958 3049 1154 3103 αὐτῶν.
1697 3076 1742 3138 c

906 3067 931 3112 ς
958 3049 1154 3103 αὐτῶν.
1697 3076 1742 3138 c
1841 3044 1929 3101 91.
1965 3043 2114 3113 Ipsos
2138 3043 2512 3098 contristatos.

169 3142 251 3196 9‘2.
281 3141 386 3195 Kal
441 3143 706 3216 δεομένων
753 3140 932 3196 αὐτῶν
975 3141 1109 3212 πρὸς
1144 3140 1304 3195 αὑτὸν
1353 3143 1672 3216 ιίσήκουσεν
1710 3135 1737 3138 ’ν

1710 3135 1737 3138 ’⁷
1847 3138 1935 3196 92.
1970 3137 2037 3192 Et
2064 3136 2475 3193 deprecantibus
2506 3135 2638 3205 ipsis
2665 3136 2834 3202 illum,
2863 3138 3136 3198 exaudivit
3166 3159 3278 3200 eos.

105 3235 292 3288 αὐτῶν.

169 3325 252 3382 95.
277 3327 383 3382 Kal
403 3329 666 3401 ἐμνήσθη,
701 3331 781 3384 ὅτι
836 3331 930 3384 καὶ
961 3330 1113 3384 αὐτοὶ
1159 3330 1379 3402 σπέρμα
1423 3331 1670 3404 Ἀϐρααμ

1847 3355 1932 3409 95.
1967 3352 2034 3407 Et
2060 3351 2374 3408 recordatus
2402 3362 2506 3420 est,
2546 3356 2690 3426 quod
2721 3366 2770 3413 et
2801 3359 2902 3428 ipsi
2947 3378 3134 3424 semen
3165 3370 3338 3428 Abra-

103 3419 222 3472 ιίσι.

168 3513 251 3568 94.
282 3514 386 3568 Καὶ
407 3514 824 3586 ἐσπλαγχνίσθη.

1845 3537 1930 3591 94.
1969 3537 2032 3593 Et
2065 3537 2319 3596 misertus
2341 3550 2442 3597 est.

169 3606 250 3660 95.
287 3606 390 3659 Kal
412 3607 608 3660 ἔδωκεν
638 3609 830 3672 αὐτοὺς
859 3610 938 3672 είς
975 3609 1265 3678 ἐπίγνωσιν
1289 3609 1469 3674 ἐλέους
1497 3610 1593 3677 (2).

1844 3629 1934 3686 95.
1968 3631 2032 3684 Et
2059 3632 2205 3685 dedit
2231 3648 2327 3688 eos
2359 3633 2412 3688 in
2445 3634 2807 3706 cognitionem
2843 3643 3242 3704 misericordia.

169 3699 250 3754 96.
283 3698 387 3752 Kal
424 3700 792 3754 ἐναντιοῦσθαι
845 3704 958 3766 τοῖς
987 3702 1202 3773 δαίμοσι
1254 3705 1363 3766 τοῖς
1391 3704 1667 3774 αἰχμαλω-

1844 3722 1932 3778 96.
1966 3722 2025 3777 Et
2061 3739 2360 3794 repugnare
2391 3698 2726 3782 daemonibus
2755 3698 3248 3803 i'edigeiitilius—eos
3279 3743 3333 3799 in

105 3795 343 3846 τεύσασιν
377 3795 591 3857 αὐτούς.

1777 3447 1902 3501 ham
1931 3453 2078 3499 sunt.

1773 3816 2160 3886 captivitatem.

168 3883 248 3938 97.
279 3886 380 3939 Kal
408 3887 500 3940 τοῦ
534 3887 658 3958 βοᾷν
687 3888 821 3958 πρὸς
847 3886 1006 3939 αὐτὸν
1033 3886 1118 3940 διὰ
1145 3887 1237 3940 τοῦ
1271 3887 1660 3961 βαπτίσματος·

1841 3883 1931 3962 97.
1969 3906 2033 3962 Et
2059 3908 2296 3962 clamare
2331 3907 2399 3962 ad
2428 3923 2553 3964 eum
2588 3927 2684 3982 per
2707 3912 3036 3986 baptismum
3066 3937 3081 3975 :
3109 3921 3334 3982 Domine

107 3971 256 4044 Κύριε
280 3979 307 4030 6
335 3979 465 4042 Θεὸς
497 3979 670 4050 ἡμῶν.

543 3979 670 4048 μῶν·
1771 3995 1914 4052 Deus
1948 4005 2149 4050 noster.

167 4066 247 4122 98.
293 4071 386 4123 Ἐκ
418 4070 491 4140 (5)
527 4071 632 4124 τῶν
665 4073 919 4126 ἐναντίων
948 4073 1251 4144 δυνάμεων.

1155 4091 1251 4127 ων·
1839 4089 1930 4143 98.
1961 4087 2040 4142 Ex
2066 4089 2354 4146 contrariis
2383 4094 2761 4161 potestatibus.

168 4155 248 4212 99.
282 4160 390 4223 Τέις
413 4162 682 4232 ἁμαρτίας
709 4162 885 4232 ἡμῶν.

814 4162 885 4218 ὸν.
1840 4182 1926 4237 99.
1960 4180 2186 4238 Peccata
2217 4155 2420 4238 nostra.

170 4249 282 4305 100.
328 4254 414 4304 Ἑν
450 4256 524 4323 (Δ)
555 4258 663 4316 τοῖς
689 4255 1068 4326 προστάγμασί
1107 4273 1225 4310 σου.
1324 4305 1326 4309 .

905 4255 1068 4324 Υμασί
1107 4273 1225 4310 σου·
1324 4305 1326 4309 -
1841 4274 1961 4328 100.
1992 4274 2046 4328 ln
2078 4276 2356 4345 praeceptis
2387 4275 2511 4330 luis.

170 4338 281 4393 101.
315 4343 614 4412 Εὐλογητὸς
647 4345 846 4415 Κύριος
874 4348 902 4398 ὁ
947 4346 1078 4410 Θεὸς
1111 4347 1220 4400 τῶν
1259 4348 1508 4402 διανοιων
1543 4349 1653 4403 τῶν

1839 4366 1959 4420 101.
1996 4338 2315 4422 Benedictus
2363 4366 2628 4425 Dominus
2677 4370 2818 4427 Deus
2863 4378 3120 4434 mentium
3158 4385 3331 4438 conli-

104 4424 484 4497 ὁμολογούντων
521 4450 600 4496 σε,
625 4435 704 4487 ὅτι
739 4435 871 4498 θεὸς
905 4431 974 4490 εἷ.
1008 4437 1178 4491 Τοῦτο
1207 4439 1315 4511 γὰρ
1355 4441 1652 4513 ἑρμηνεύε-
1688 4452 1710 4507 [

1726 4457 1984 4510 'tentium
2049 4465 2100 4510 te
2164 4454 2334 4511 Deum
2398 4474 2539 4515 esse.
2592 4463 2665 4516 Ita
2727 4467 2872 4520 enim
2949 4467 3332 4541 interpretatur

103 4527 187 4609 ται
211 4519 454 4609 Ἰσραὴλ,
491 4525 636 4592 νοῦς
666 4525 821 4595 ὀρῶν
847 4527 954 4581 τὸν
986 4528 1059 4596 (5)
1089 4533 1254 4586 Θεόν.

930 4547 954 4576 ’⁸
986 4528 1059 4596 (⁵)
1089 4533 1254 4586 Θεόνο
1765 4545 1950 4609 Israel,
1978 4563 2119 4599 mens
2152 4548 2329 4602 videns
2353 4549 2536 4604 Deum.

169 4607 280 4708 102.
331 4617 463 4669 Ἀπὸ
482 4617 574 4670 τοῦ
605 4619 796 4680 αίῶνος
828 4621 920 4673 καὶ
953 4624 1032 4684 είς
1059 4623 1147 4675 τὸν
1181 4623 1460 4694 μέλλοντα.

1425 4643 1460 4678 ι.
1835 4636 1957 4690 102.
1990 4637 2034 4689 Α
2064 4642 2312 4708 praesenti
2345 4642 2566 4708 saaculo,
2597 4655 2649 4698 et
2682 4645 2735 4699 in
2770 4644 3031 4705 futurum.

110 4789 141 4842 ὰ
172 4699 282 4865 :03.
311 4707 418 4763 Kal
447 4711 554 4773 πᾶς
586 4712 614 4763 6
650 4710 776 4775 λαὸς
821 4711 929 4766 τῶν
972 4715 1178 4767 πιστῶν
1212 4715 1392 4786 λέγει’
1438 4717 1611 4790 Ἀμὴν
1639 4757 1653 4782 ,

146 4811 180 4861 μ
215 4813 257 4848 ν.

1832 4728 1951 4783 105.
1981 4727 2044 4783 Ει
2064 4699 2351 4786 universus
2393 4699 2629 4790 ﬁdelium
2659 4699 3098 4808 populus-dicat:
3133 4747 3326 4813 Amen,

1763 4835 1939 4865 amen-

146 4811 257 4865 μην·
1763 4835 1916 4872 amcn
1927 4860 1940 4873 .

119 4910 247 5056 es:
258 4917 581 5005 προκειμένη
608 4919 885 4995 ἐπιγραφὴ
911 4923 1171 4994 περιέχει·
1211 4924 1588 4996 Ἀλληλούτα,
1615 4929 1749 5002 ὅπερ
1773 4932 2154 5004 ἑρμηνεύεται,
2177 4933 2482 5004 αὶνέσατε,
2509 4941 2608 4994 καί
2625 4940 2700 5013 (6)
2718 4944 3029 5015 ὐμνήσατε
3053 4950 3158 5005 τὸν
3180 4951 3326 5008 ὄντα

173 5095 369 5158 Titulus
408 5107 729 5174 praepositus
755 5106 996 5161 continet
1033 5125 1046 5162 :
1074 5108 1328 5176 Alleluia,
1379 5111 1522 5181 quod
1553 5113 1964 5184 interpretatur,
2016 5117 2258 5188 laudate,
2285 5129 2334 5176 et
2360 5121 2594 5178 exaltare
2635 5142 2774 5190 eum,
2799 5133 2890 5198 qui
2915 5130 3051 5187 Deus
3074 5145 3171 5189 eu.

171 5208 194 5264 1
241 5214 310 5286 (7)
331 5221 712 5293 Προσαγὰγετε
739 5223 838 5286 τὰς
863 5222 1036 5294 ψυχὰς
1063 5224 1214 5295 ὑμῶν
1237 5225 1312 5296 τῷ
1345 5226 1554 5298 Κυρίῳ.

1268 5225 1312 5296 ᾧ
1345 5226 1554 5298 Κυρίῳ.
1835 5231 1885 5284 1.
1917 5231 2119 5288 Aﬂerte
2148 5235 2361 5291 animas
2391 5246 2596 5294 vestras
2626 5238 2872 5296 Domino.

1028 5359 1330 5424 Addenda
1356 5372 1423 5426 'et
1458 5363 1831 5444 corrigenda
1886 5381 1965 5426 ex
1997 5367 2136 5428 cod.
2174 5369 2374 5429 Vatic.

192 5469 237 5538 1)
263 5475 360 5532 Kal
383 5477 488 5534 εἶδε
513 5480 710 5553 Κύριος
736 5483 892 5546 τούς,
923 5493 1028 5539 etc.

191 5540 239 5613 ἓ)
264 5548 477 5606 Ἐλθεῖν.
1755 5578 1797 5613 χι

1755 5489 1892 5613 καφ)
1937 5493 2003 5545 Ἦ
2039 5492 2127 5545 διὰ
2169 5493 2267 5563 τῆς
2302 5496 2673 5567 κινναϐάρεως
2713 5501 2978 5571 περιέχει,
3011 5511 3115 5559 etc.
3161 5504 3327 5567 Deest

189 5610 237 5685 β)
262 5619 358 5674 Kal
390 5623 751 5693 ἑπισυνάγαγε
776 5626 921 5696 ἡμᾶς
944 5627 1026 5690 ἐκ,
1061 5638 1165 5683 etc.
1757 5610 1787 5613 η

189 5678 241 5748 ,⁸)
271 5688 367 5745 Τοῦ
398 5694 768 5748 ἐγκαυγᾶσθαι
801 5700 857 5748 ἐν
913 5705 1018 5748 etc.
1741 5700 1795 5748 ’ί

1919 5633 2070 5748 ﬁt.
2125 5636 2537 5708 Προσαγάγετε,
2589 5656 2760 5710 usque
2797 5642 2861 5697 ad
2924 5645 3092 5699 ἐστιν.
3140 5645 3211 5702 Ν.
3263 5648 3324 5709 2.

226 5703 241 5768 τι
263 5703 367 5768 _l'ou
398 5703 768 5768 ἐγκαυχασυαι
801 5703 857 5748 εν
913 5705 1018 5752 etc.
1741 5703 1884 5768 Ὅτι,
1919 5714 2024 5760 etc.

171 5749 235 5819 l5)
263 5759 364 5814 Τόν
384 5749 556 5821 deest.
