4066 6318
715 360 855 414 119ιό
1511 358 1567 414 S.
1611 357 1976 414 ATHANASII
2018 359 2168 414 OPP.
2210 355 2389 412 PARS
2429 353 2512 409 Ill.
2557 386 2624 396 —
2666 355 3076 414 EXECETICA.
3813 362 3946 417 119.1

782 476 834 530 2.
865 474 1131 541 Quoniam
1164 475 1214 529 in
1253 475 1511 530 stimulum
1549 477 1923 532 misericordia
1959 479 2098 548 ejus.
2304 486 2350 538 Α

1959 479 2098 548 ejus.
2304 486 2350 538 Α
2449 475 2502 527 2.
2536 476 2654 526 Ὀτι
2683 477 2760 537 εἱς
2787 476 2876 527 τὸν
2904 476 3070 528 αίῶνα
3095 475 3154 529 τὸ
3185 474 3330 538 ἔλεος
3351 475 3533 529 αὑτοῦ.

783 569 836 623 ὅ.
873 567 1062 621 Dieant
1088 568 1181 637 qui
1217 566 1476 636 redempti
1505 578 1630 622 sunt
1658 585 1687 622 a
1718 567 1946 624 Domino
1975 589 1986 624 :

2451 566 2503 619 ’5.
2530 567 2857 620 Εέπάτωσαν
2879 570 2926 620 οἱ
2955 567 3348 638 λελυτρωμένοι
3380 567 3486 619 ὑπὸ
3516 567 3726 636 Κυρίου
3755 588 3765 601 ·

783 665 834 719 1.
867 665 1014 731 Quos
1051 664 1275 718 redemit
1302 665 1368 719 de
1401 680 1564 719 manu
1598 665 1802 718 inimici
1833 683 1845 717 :

2457 658 2508 710 4.
2539 658 2644 720 Οῦς
2666 658 3006 729 ὲλυτρώσατο
3034 663 3097 714 ἐκ
3118 658 3296 730 χειρὸς
3327 658 3520 730 ἐχθροῦ
3543 675 3555 685 ·

787 760 838 813 5.
875 757 940 812 Ει
965 759 1031 813 de
1061 757 1377 828 regienibus
1409 758 1756 827 congregavit
1782 772 1915 812 cos:

2452 749 2502 802 5.
2537 750 2645 801 Καὶ
2679 750 2742 802 ἐκ
2773 749 2882 801 τῶν
2909 750 3098 821 χωρῶν
3127 751 3428 819 συνήγαγεν
3456 747 3654 812 αὐτούς
3677 765 3691 778 ·

787 851 839 906 6.
897 851 940 903 Α
991 851 1123 906 solis
1177 860 1336 912 ortu,
1389 858 1442 904 et
1491 865 1687 904 occasu
1718 892 1734 916 ,
1781 851 1848 904 ab
1900 851 2172 919 aquilone,
2229 857 2282 902 et

2449 839 2501 893 6.
2546 840 2677 892 Ἀπὸ
2702 840 2992 905 ἀνατολῶν,
3019 841 3111 894 καὶ
3133 840 3371 911 δυσμῶν,
3403 842 3490 894 καὶ
3517 841 3712 911 βορρᾶ,
3741 841 3840 894 καὶ
3863 839 3947 894 ea.

718 944 878 998 mari.

2380 930 2603 1003 λάσσης.

788 1036 838 1090 7.
871 1035 1202 1090 Erravernnt
1229 1034 1282 1087 in
1319 1033 1610 1088 solitudine
1639 1033 1692 1086 in
1736 1033 2044 1102 inaquoso:

2452 1024 2505 1077 7.
2553 1022 2957 1095 Ἐπλανήθησαν
2987 1026 3042 1076 ὲν
3065 1027 3129 1094 τῇ
3169 1026 3358 1096 ἐρήμῳ
3386 1028 3442 1078 ἐν
3472 1025 3689 1096 ἀνύδρῳ
3708 1041 3723 1055 ·

785 1127 838 1181 8.
883 1124 1038 1179 Viam
1074 1124 1311 1179 civitatis
1346 1123 1638 1177 habitaculi
1667 1139 1774 1178 non
1810 1125 2134 1177 invenerunt

2097 1132 2134 1176 ιι
2451 1115 2504 1168 8.
2543 1115 2688 1168 Ὀδὸν
2725 1116 2927 1180 πόλεως
2965 1117 3379 1203 κατοικητηρίου
3412 1119 3506 1189 οὐχ
3539 1114 3703 1191 εὖρον

786 1217 838 1274 9.
879 1218 1209 1281 Esurientes,
1245 1227 1297 1271 et
1331 1218 1615 1272 sitientes:

2450 1209 2503 1261 9.
2535 1207 2854 1272 Πεινῶντες,
2887 1209 2977 1260 καὶ
3005 1207 3263 1278 διψῶντες
3283 1226 3294 1238 ·

789 1311 875 1366 10.
901 1311 1093 1366 Anima
1123 1308 1380 1382 [Animae]
1403 1325 1591 1364 eorum
1620 1310 1675 1363 in
1715 1309 1849 1380 ipsis
1884 1308 2080 1364 defecit
2116 1307 2283 1379 [defe-

2454 1298 2538 1352 10.
2580 1299 2641 1350 'H
2671 1298 2815 1370 ψυχὴ
2860 1299 2947 1371 [Αἱ
2973 1298 3166 1373 ψυχαὶ]
3192 1301 3367 1354 αὐτῶν
3410 1304 3468 1354 ὲν
3496 1302 3687 1366 αὐτοῖς
3737 1302 3944 1366 ὲξέλιτι

718 1403 956 1476 cerunt].

2387 1387 2698 1463 [ὲξέλιπον].

795 1497 877 1550 11.
927 1495 992 1549 Et
1035 1495 1405 1550 clamaverunt
1433 1494 1499 1548 ad
1548 1492 1838 1548 Dominum
1885 1508 2008 1548 cum
2060 1493 2283 1548 tribula-

2453 1485 2538 1537 11.
2563 1484 2672 1536 Καὶ
2709 1481 3008 1556 ὲκέκραξαν
3034 1485 3167 1556 πρὸς
3212 1484 3410 1555 Κύριον
3452 1488 3508 1538 ὲν
3539 1485 3618 1557 τῷ
3669 1485 3947 1539 θλίϐεσθαι

717 1597 902 1641 1⁵8111111⁸
920 1605 932 1638 ζ

2383 1575 2576 1640 αὐτούς
2598 1594 2609 1606 ·

789 1679 875 1734 12.
912 1676 976 1732 Ει
1006 1676 1072 1731 de
1103 1676 1520 1732 necessitatibus
1549 1690 1738 1729 eorum
1767 1675 1965 1746 eripuit
1992 1691 2107 1730 eos.

2455 1666 2537 1718 12.
2567 1669 2673 1719 Καὶ
2704 1669 2766 1721 ἐκ
2795 1668 2902 1720 τῶν
2941 1667 3195 1734 ἀναγκῶν
3223 1669 3397 1720 αὐτῶν
3421 1669 3697 1737 ὲῤῥύσατο
3735 1668 3943 1729 αὖτοῦς.

789 1771 877 1824 15.
909 1769 972 1823 Et
1004 1769 1225 1823 deduxit
1250 1785 1344 1824 eos
1373 1771 1424 1822 in
1453 1769 1592 1822 viam
1621 1778 1845 1833 rectam,
2318 1829 2344 1833 ῃ

2318 1829 2344 1833 κ
2452 1759 2539 1812 13.
2569 1761 2675 1812 Καὶ
2700 1761 2979 1831 ὡδήγησεν
3005 1760 3198 1823 αὐτοὺς
3228 1762 3306 1822 είς
3333 1759 3449 1812 ὁδὸν
3477 1761 3701 1813 εὐθεῖαν
3726 1801 3743 1820 ,

790 1862 874 1915 ιι.
919 1859 991 1915 Ut
1021 1863 1158 1915 irent
1191 1862 1241 1914 in
1273 1862 1546 1915 civitatem
1577 1861 1948 1913 habitationis.
2316 1829 2357 1883 Β

2316 1829 2357 1883 Β
2453 1851 2536 1904 14.
2571 1853 2675 1905 Τοῦ
2710 1854 3032 1924 πορευθῆναι
3055 1856 3133 1916 είς
3165 1853 3315 1905 πόλιν
3345 1855 3805 1923 κατοιχητηρίου.

792 1955 879 2008 15.
913 1953 1284 2007 Conﬁteantur
1315 1952 1544 2004 Domino
1576 1951 1958 2005 misericordia:
1991 1950 2126 2020 ejus,

2455 1944 2537 1997 15.
2587 1946 3190 2015 Ἐξομολογησάσθωσαν
3211 1946 3285 2016 τῷ
3308 1949 3490 2018 Κυρίῳ
3508 1947 3575 1999 τὰ
3597 1947 3728 2017 ὲλὲη
3760 1946 3941 2008 αὐτοῦ,

792 2042 876 2097 16.
912 2043 977 2096 Et
1008 2041 1276 2096 mirabilia
1305 2041 1423 2110 ejus
1455 2041 1579 2095 ﬁliis
1611 2043 1910 2095 hominum.

2448 2035 2531 2089 16.
2571 2037 2677 2089 Καὶ
2703 2038 2770 2090 τὰ
2801 2037 3074 2106 θαυμάσια
3099 2033 3397 2102 αὐτοῦτοῖς
3422 2042 3553 2102 υἱοῖς
3583 2041 3694 2091 τῶν
3736 2039 3945 2111 ἀνθρὼο

2383 2145 2518 2179 πων.

793 2217 875 2271 17.
907 2215 1043 2283 Quia
1071 2215 1289 2269 satiavit
1315 2217 1553 2269 animam
1590 2215 1803 2269 inanem
1836 2239 1846 2271 :

1836 2239 1846 2271 :
2445 2217 2532 2272 17.
2571 2220 2690 2272 Ὅτι
2718 2221 2976 2292 ἐχόρτασε
3015 2221 3191 2293 ψυχὴν
3225 2227 3414 2294 κενήν·

789 2308 876 2362 18.
908 2307 973 2360 Et
1006 2305 1241 2358 animam
1272 2304 1596 2358 esurientem
1630 2305 1847 2358 satiavit
1878 2304 2054 2360 bonis.

2454 2309 2536 2364 18.
2567 2312 2673 2364 Καὶ
2694 2312 2867 2383 ψυχὴν
2894 2313 3160 2366 πεινῶσαν
3186 2316 3475 2385 ἐνέπλησεν
3501 2317 3748 2386 ἀγαθῶν.

1841 2492 2215 2550 ΑτιιΑΝΑδιι
2253 2493 2832 2550 INTERPRETATIO.

791 2653 841 2706 2.
883 2652 1148 2721 Quoniam
1186 2652 1365 2706 bonus
1399 2661 1505 2717 est,
1533 2653 1793 2723 quoniam
1826 2652 2034 2705 inﬁnita
2070 2661 2152 2707 est
2185 2652 2287 2706 mi-

2449 2651 2504 2704 2.
2541 2649 2659 2704 Ὀτι
2684 2651 2883 2722 ἀγαθός
2912 2655 3078 2717 ἐστιν,
3109 2655 3190 2708 ὅτι
3219 2653 3568 2725 ἀτελεύτητον
3594 2655 3656 2711 τὸ
3678 2658 3843 2723 ἔλεος
3862 2661 3944 2715 αὑ-

720 2745 1018 2799 sericordia
1047 2745 1186 2813 ejus.
2381 2744 2494 2798 τοῦ.

789 2836 842 2888 3.
898 2835 1087 2891 Dicant
1143 2835 1353 2890 liberati
1420 2851 1449 2888 a
1510 2835 1739 2890 Domino
1789 2851 1885 2906 per
1933 2836 2286 2906 baptismum,

2451 2837 2503 2888 5.
2530 2837 2848 2890 Εξπάτωσαν
2881 2841 2927 2891 οἱ
2953 2838 3340 2909 λελυτρωμένοι
3379 2840 3482 2893 ὑπὸ
3509 2842 3714 2912 Κυρίου
3749 2843 3834 2913 τῷ
3866 2845 3944 2912 βα-

719 2929 974 2998 quoniam
1027 2930 1247 2994 bonus,
1299 2936 1354 2982 et
1407 2927 1724 2982 indeﬁciens
1769 2938 1854 2981 est
1912 2929 2286 2982 misericordia

2383 2928 2759 2999 πτίσματι,ὃτι
2783 2930 3002 2998 ἀγαθὸς,
3025 2931 3118 2985 καὶ
3144 2931 3202 2984 τὸ
3232 2930 3377 2993 ἔλεος
3396 2931 3555 2984 αὐτοῦ
3601 2932 3944 2986 ἀδιάλειπιίιτ

719 3019 861 3089 ejus.
2312 3061 2325 3113 γ

1057 3110 1088 3114 __
2312 3057 2356 3114 ο
2386 3023 2498 3114 ἐστι
2534 3023 2627 3091 (ί)-

792 3111 843 3163 ι.
887 3110 1117 3164 Diaboli.
2322 3110 2354 3114 ⁷

2322 3110 2354 3114 ⁷
2454 3113 2507 3167 ι.
2546 3114 2649 3167 Τοῦ
2679 3111 2948 3168 διαϐόλου.

793 3199 844 3252 5.
873 3197 935 3251 Ει
967 3197 1217 3252 circuivit
1244 3195 1403 3253 Jesns
1429 3197 1592 3253 urbes
1623 3208 1675 3252 et
1705 3199 1952 3268 regiones
1984 3200 2284 3268 praedicans

2454 3206 2505 3262 5.
2542 3207 2650 3259 Kal.
2676 3209 2934 3279 περιῆγεν
2969 3208 2997 3260 ὁ
3034 3206 3110 3275 (2)
3154 3206 3357 3278 Ἰησοῦς
3377 3209 3475 3271 τάς
3503 3209 3701 3272 πόλεις,
3735 3210 3842 3266 καὶ
3861 3212 3945 3274 τὰς

721 3300 945 3354 regnum
987 3284 1114 3348 Dei,
1151 3295 1204 3340 et
1241 3302 1443 3341 sanans
1495 3302 1713 3340 omnem
1769 3288 2019 3342 morbum
2085 3301 2138 3343 et
2168 3306 2284 3343 om-

2384 3298 2564 3371 χώρας
2601 3298 2889 3370 κηρύσσων
2918 3301 3014 3370 τὴν
3050 3299 3324 3368 βασιλείαν
3353 3300 3447 3353 τοῦ
3476 3300 3631 3364 Θεοῦ,
3660 3304 3763 3355 καὶ
3796 3305 3946 3372 libat-

723 3390 844 3428 nem
877 3374 1269 3429 inﬁrmitatem.

2383 3409 2471 3455 νος
2493 3393 2668 3445 πᾶσαν
2699 3391 2872 3455 νόσον,
2900 3392 2994 3445 καὶ
3026 3393 3204 3445 πᾶσαν
3238 3391 3524 3462 μαλακίαν.

791 3461 843 3514 θ·
876 3463 919 3514 Α
950 3464 1153 3532 populo
1177 3461 1512 3528 λυτικοΐυῐῑιν
1536 3472 1591 3519 et
1617 3465 1876 3537 εθηιίυῐη-
2452 3480 2504 3534 6.
2551 3483 2681 3533 ’Λπὸ
2707 3481 2800 3533 τοῦ
2830 3480 2956 3534 λαοῦ
2985 3479 3093 3533 τῶν
3129 3461 3396 3534 Ἰουδαίων
3430 3482 3521 3534 καὶ
3552 3481 3660 3534 τῶν
3693 3481 3892 3536 ἐθνῶν.

796 3555 845 3609 7.
882 3554 1210 3610 Erraverunt
1245 3557 1296 3609 in
1348 3559 1548 3612 mundo
1589 3559 1642 3612 in
1679 3559 2003 3626 idololatria,
2035 3570 2088 3616 ct
2134 3563 2281 3617 omni

2452 3574 2504 3625 7.
2541 3571 2947 3643 Ἐπλανήθησαν
2982 3575 3038 3624 ὲν
3059 3571 3137 3642 τῷ
3160 3571 3346 3642 κόσμῳ
3364 3574 3423 3625 ὲν
3448 3575 3511 3644 τῇ
3535 3573 3941 3647 είδολωλατρεὶᾳ

724 3647 1335 3704 actione-infructifera.

2383 3665 2476 3718 καὶ
2508 3663 2656 3737 πάσῃ
2688 3663 2881 3734 πράξει
2908 3664 3159 3735 ἀκάρπῳ.

792 3741 845 3795 8.
871 3741 1203 3809 Pmccptum
1242 3742 1478 3796 caelestis
1525 3744 1759 3800 civitatis
1797 3761 1904 3798 non
1940 3747 2278 3802 invenerunt.

2451 3755 2503 3807 8.
2539 3754 2615 3826 (3)
2667 3755 2910 3825 Ἐντολὴν
2942 3755 3038 3825 τῆς
3059 3756 3379 3825 ἐπουρανίου
3403 3757 3606 3821 πόλεως
3630 3758 3730 3828 οὐχ
3764 3753 3939 3830 εὗρον.

791 3831 844 3884 9.
875 3828 944 3883 Ut
976 3830 1409 3886 rcfocillarentur
1435 3848 1622 3887 eorum
1650 3836 1863 3889 animat.

2449 3849 2502 3904 9.
2534 3848 2651 3902 Ἵνα
2683 3847 3095 3900 ἀναπαύσωνται
3134 3849 3189 3901 αἱ
3213 3849 3379 3919 ψυχαὶ
3401 3849 3595 3903 αὐτῶν.

793 3918 876 3972 10.
900 3918 1323 3983 Exarserunt,et
1351 3932 1688 3993 consumpta:
1711 3936 1836 3979 sunt
1867 3941 2056 3981 eorum
2088 3929 2283 3984 animae

2454 3938 2536 3990 10.
2579 3938 2930 4004 Ἐξεκαίοντο,
2961 3939 3053 3992 καὶ
3075 3942 3432 4012 κατετήκοντο
3456 3944 3508 3995 αἱ
3551 3942 3721 4012 ψυχαὶ
3769 3945 3939 3997 αὐτῶν

722 4031 752 4069 a
786 4024 1027 4084 peccato.

2381 4031 2487 4085 ἀπὸ
2513 4032 2608 4100 τῆς
2633 4032 2923 4101 ἁμαρτίας.

799 4109 877 4160 ll.
913 4107 1370 4166 Etclamaverunt
1398 4111 1463 4165 ad
1498 4110 1666 4166 Deum
1716 4128 1840 4167 cum
1870 4116 2282 4185 possiderentur

2453 4121 2538 4177 11.
2593 4124 2701 4175 Kal.
2746 4122 2976 4191 ὲῦόησαν
3016 4124 3152 4194 πρὸς
3198 4125 3288 4178 τὸν
3328 4125 3479 4188 Θεὸν,
3524 4127 3602 4178 ὅτι
3651 4128 3936 4181 κατεδυνα-

722 4214 750 4252 a
789 4211 1029 4266 peccato.

2383 4213 2631 4267 στεύοντο
2659 4215 2762 4266 ὑπὸ
2789 4217 2884 4287 τῆς
2914 4219 3206 4289 ἁμαρτίας.

794 4287 878 4339 12.
917 4286 986 4340 De
1015 4287 1340 4344 adversariis
1369 4293 1752 4359 potestatibus.

2451 4305 2537 4359 12.
2579 4306 2670 4358 Ἐκ
2692 4307 2766 4375 (4)
2796 4286 2901 4360 τῶν
2927 4286 3181 4364 ἐναντίων
3213 4312 3512 4383 δυνάμεων.

799 4381 876 4433 l3.
908 4376 963 4432 In
995 4380 1152 4435 ﬁdem
1178 4381 1422 4436 veritatis
1454 4398 1588 4438 suae.
2311 4395 2356 4451 Ι)

2311 4395 2356 4451 Ι)
2454 4396 2540 4450 15.
2575 4398 2667 4458 Εἰς
2695 4399 2790 4468 τὴν
2817 4401 2997 4452 πίστιν
3028 4402 3127 4472 τῆς
3152 4376 3404 4473 ἀληθείας
3429 4402 3610 4455 αὑτοῦ.

792 4473 875 4526 14.
903 4471 972 4526 Ut
1006 4474 1309 4528 invenirent
1339 4477 1576 4546 requiem
1606 4478 1657 4530 in
1691 4493 1921 4549 superna
1955 4479 2278 4536 Jerusalem.

2457 4487 2542 4542 14.
2579 4488 2683 4541 Τοῦ
2717 4491 2894 4560 εὑρεῖν
2919 4471 3112 4556 absab};
3138 4471 3439 4547 ἀνάπαυσιν
3466 4497 3531 4564 τῇ
3567 4494 3644 4565 (5)
3685 4494 3801 4548 ἄνω
3851 4495 3933 4549 '1;—

2386 4595 2479 4649 ρου
2488 4578 2617 4649 σαλή
2629 4597 2686 4648 μ.

794 4653 876 4706 15.
910 4650 1219 4708 Narrabunt
1245 4655 1496 4710 omnibus
1520 4657 1918 4715 misericordias
1949 4661 2088 4731 ejus.

1949 4661 2088 4731 ejus.
2455 4670 2540 4725 15.
2572 4673 2928 4743 Διηγήσονται
2967 4676 3098 4729 πᾶσι
3127 4675 3194 4728 τά
3226 4676 3346 4747 ἑλέη
3370 4675 3550 4728 αὑτοῦ.

793 4742 1228 4800 16.1mmensam
1268 4745 1388 4816 ejus
1420 4749 1711 4803 bonitatem
1748 4751 1871 4806 [iliis
1903 4753 2203 4809 hominum.

2455 4761 2539 4815 16.
2573 4765 2680 4816 Καὶ
2708 4742 2803 4837 τὴν
2827 4766 3132 4838 ἀμέτρητον
3169 4742 3346 4820 αὑτοῦ-
3367 4767 3674 4838 ἀγαϐότητα
3707 4767 3820 4831 τοῖς
3858 4765 3927 4835 (ὃ)

2383 4855 2514 4918 υἱοῖς
2537 4856 2644 4908 τῶν
2672 4857 2768 4910 ἀνθ
2776 4858 2993 4929 ρώπων.

791 4931 875 4987 17.
908 4931 1009 4998 Qni
1040 4933 1364 4991 confortavit
1385 4951 1600 4991 omnem
1627 4938 1863 4994 animam
1904 4941 2193 4998 infirmam.

2448 4947 2532 5000 17.
2573 4949 2693 5002 Ὅτι
2716 4953 2894 5003 πᾶσαν
2924 4951 3099 5022 ψυχὴν
3126 4949 3325 5021 ἀσθενῆ
3355 4951 3429 5022 (7)
3460 4950 3881 5020 ὲνεδυνάμωσεν.

791 5023 879 5080 18.
908 5024 972 5079 Et
997 5026 1239 5096 implevit
1260 5027 1417 5083 donis
1450 5027 1687 5099 Spiritus
1714 5032 1796 5086 sui
1825 5033 1971 5088 boni.

2450 5038 2533 5090 18.
2562 5042 2666 5092 Καὶ
2696 5042 2954 5109 ἐνέπλησε
2987 5044 3096 5097 τῶν
3122 5045 3471 5114 χαρισμάτων
3499 5041 3592 5096 τοῦ
3616 5041 3927 5106 Πνεῦματος

2380 5129 2540 5183 αὑτοῦ
2569 5131 2660 5183 τοῦ
2689 5133 2915 5200 ἀγαθοῦ.

1655 5297 1954 5361 Addenda
1986 5309 2046 5360 et
2090 5303 2464 5384 corrigenda
2511 5325 2589 5368 ex
2621 5310 2760 5370 cod.
2797 5310 2994 5372 Vatic.

713 5526 778 5580 τό
781 5458 811 5587 ;(
822 5457 1006 5580 126:3:
1029 5457 1103 5528 τῷ
1133 5458 1465 5530 βαπτίσματι
1499 5461 1603 5516 ὑπὸ
1628 5464 1853 5535 Κυρίου,
1889 5479 2017 5533 010.,
2047 5469 2269 5524 διαπαν-
2686 5478 2854 5598 gest.

781 5550 1001 5587 ςεστιν.

788 5597 1472 5683 (allicit-exerere
1653 5674 1662 5683 .
1744 5675 1834 5683 __
2231 5680 2236 5683 .

2447 5550 2522 5605 (5)
2567 5550 2651 5598 Ἐν
2686 5550 2771 5616 τῇ.

1653 5674 1662 5683 .
1744 5677 1754 5683 ,
1811 5675 1834 5683 _
1949 5677 1989 5683 __
2052 5679 2071 5683 _
2231 5680 2236 5683 Α
2446 5615 2523 5683 (6)
2563 5616 3096 5681 Τοῖς,ριο.,‹1εευιιι.

788 5665 1353 5755 (ἵξΗΪξξ-ῌἘντολήν
1398 5688 1569 5744 usque
1600 5674 1663 5726 ad
1698 5675 1895 5728 αὐτῶν.
1946 5677 2011 5731 Ν.
2045 5679 2096 5732 9.
2149 5680 2266 5746 Ἐξ-

1327 5690 1353 5722 ν
1398 5688 1569 5744 usque
1600 5674 1663 5726 ad
1698 5675 1895 5728 αὐτῶν.
1946 5677 2011 5731 Ν.
2045 5679 2096 5732 9.
2149 5680 2266 5746 Ἐξ·
2563 5665 2933 5741 ῖᾸάὸὲᾷᾱῖῖάὶιᾷζ

717 5736 979 5799 ικαεοντο,
1011 5747 1113 5792 ctc.
