4110 6318
135 370 291 427 1129
1065 377 1154 432 DF.
1189 378 1462 435 TITULIS
1501 379 1950 436 PSALMORUM.
1984 413 2051 423 —
2088 382 2282 436 PSAL.
2317 383 2449 439 CVI.
3240 395 3377 450 “30

221 492 313 544 55.
341 492 404 544 'H
431 492 575 563 ψυχὴ
609 491 786 545 αὐτῶν
818 494 875 546 ὲν
901 498 1087 559 κακοῖς
1116 497 1360 566 ἐτήκετο.
1749 505 1796 561 Α

1749 505 1796 561 Α
1899 499 1985 552 55.
2025 499 2218 554 Anima
2248 517 2435 556 eorum
2467 503 2520 555 in
2557 504 2713 558 malis
2737 505 3063 561 tabescebat.

221 582 315 634 54.
345 582 770 654 Ἐταράχθησαν,
804 586 1169 655 ἐσαλεύθησαν
1198 587 1272 649 ὡς
1298 589 1325 640 ὀ
1362 586 1572 657 μεθύων
1593 604 1606 616 ⁵

1600 604 1606 616 ι
1893 591 1983 646 54.
2014 590 2237 647 Turbati
2264 602 2407 650 sunt.
2436 607 2488 648 ct
2517 597 2645 652 moti
2679 608 2808 652 sunt
2830 598 2971 653 sicut
3001 599 3182 653 ebrius
3211 614 3223 651 :

219 671 311 725 55.
352 674 461 725 Kal
495 674 642 726 πᾶσα
673 677 703 744 ή
731 676 892 744 σοφία
917 676 1093 728 αὐτῶν
1123 677 1416 747 κατεπόθη.

2014 683 2079 738 Ει
2108 685 2285 739 oinnis
2314 687 2578 755 sapientia
2602 703 2792 743 eorum
2819 689 3071 746 devorata
3103 701 3205 746 est.

219 762 309 816 56.
351 765 460 817 Kal
512 763 811 834 ἐκέκραξαν
858 767 993 836 πρὸς
1031 767 1232 839 Κύριον
1262 772 1318 821 ἐν
1343 769 1420 838 τῷ
1444 768 1715 824 θλίϐεσθαι

1897 775 1986 828 56.
2043 774 2109 828 Et
2149 777 2519 833 clamaverunt
2563 782 2630 834 ad
2660 780 2950 837 Dominum
2980 799 3102 838 cum
3154 784 3380 838 tribula-

134 869 347 918 αυτους
366 872 378 884 ·

1824 875 2011 920 rentur
2035 883 2047 918 :

216 947 311 1002 57.
353 948 459 1000 Kal
487 949 550 1002 ἐκ
571 949 678 1001 τῶν
711 949 963 1018 ἀναγκῶν
995 951 1172 1004 αὐτῶν
1203 952 1467 1024 ἐξήγαγεν
1499 955 1711 1018 αὐτούς.

1558 955 1711 1018 ιτούς.
1894 959 1983 1012 57.
2010 958 2075 1013 Ει
2103 961 2168 1016 de
2191 961 2606 1019 necessitatibus
2632 979 2820 1020 eorum
2852 967 3039 1022 eduxit
3067 983 3181 1024 eos.

215 1037 308 1092 58.
350 1039 458 1092 Kal
489 1040 718 1106 ἐπέταξε
749 1045 814 1112 τῇ
845 1043 1133 1110 καταιγίδι,
1158 1043 1250 1096 καὶ
1273 1043 1402 1114 ἔστη
1423 1048 1501 1107 εἰς
1520 1042 1711 1117 αὔραν·

1636 1064 1711 1099 αν·
1892 1049 1978 1102 58.
2012 1049 2078 1106 Ει
2108 1053 2380 1108 mandavit
2403 1055 2671 1124 procellae,
2703 1067 2758 1112 et
2782 1059 2926 1113 stetit
2951 1060 3003 1113 in
3031 1076 3217 1115 auram
3248 1080 3259 1113 :

223 1127 308 1184 59.
356 1131 466 1183 Kal
500 1131 758 1203 ἐσίγησαν
794 1133 862 1186 τὰ
891 1133 1109 1204 κύματα
1140 1136 1330 1204 αὐτῆς.

1140 1136 1330 1204 αὐτῆς.
1886 1140 1975 1194 59.
2003 1139 2069 1196 Ει
2088 1142 2353 1198 siluerunt
2380 1143 2576 1200 ﬂuetus
2599 1145 2737 1216 ejus.

214 1218 307 1273 60.
351 1222 456 1273 Kal
487 1222 891 1295 εὐφράνθησαν,
916 1225 997 1277 ὅτι
1030 1225 1308 1295 ἡσύχασαν
1331 1241 1345 1255 ο

1302 1241 1345 1269 ν’
1891 1235 1978 1288 60.
2013 1234 2079 1291 Ει
2108 1237 2268 1292 laetati
2291 1247 2437 1305 sunt,
2464 1241 2590 1308 quia
2619 1241 2884 1296 siluerunt
2911 1260 2925 1295 :

215 1311 305 1364 6i.
347 1313 454 1365 Kal
482 1313 759 1386 ὡδήγησεν
803 1316 996 1379 αὐτοὺς
1039 1317 1131 1368 ἐπὶ
1177 1315 1371 1387 λιμένα
1412 1316 1713 1386 θελήματος

1643 1334 1713 1380 τος
1893 1327 1978 1381 61.
2019 1328 2082 1383 Ει
2112 1330 2332 1385 deduxit
2359 1345 2450 1386 eos
2485 1331 2537 1386 in
2567 1341 2784 1402 portum
2813 1334 3109 1388 voluntatis
3137 1351 3266 1390 suae.

131 1419 208 1454 αυ
220 1419 336 1456 του.

211 1495 304 1549 62.
331 1497 944 1568 Ἑξομολογησάσθωσαν
968 1498 1045 1570 τῷ
1069 1499 1258 1572 Κυρίῳ
1286 1499 1354 1553 τά
1377 1501 1500 1570 ὲλέη
1523 1500 1709 1562 αὑτοῦ,

1596 1500 1709 1562 τοῦ,
1889 1509 1978 1564 62.
2009 1510 2382 1566 Conﬁteantur
2411 1511 2641 1569 Domino
2673 1515 3060 1572 misericordia
3079 1515 3219 1586 ejus,

210 1588 305 1644 65.
319 1591 426 1642 Kal
439 1590 506 1643 τὰ
520 1590 796 1661 θαυμάσια
809 1591 973 1646 αὑτοῦ
989 1595 1101 1655 τοῖς
1116 1594 1251 1656 υἱοῖς
1265 1593 1372 1645 τῶν
1387 1593 1483 1646 ἀνθ
1491 1593 1708 1663 ρώπων.

1362 1593 1708 1663 νάνθρὼπων.
1886 1601 1974 1655 65.
2000 1599 2067 1655 Et
2091 1601 2360 1657 mirabilia
2386 1604 2506 1674 ejus
2530 1606 2654 1661 liliis
2685 1607 2985 1663 hominum.

212 1680 303 1732 64.
334 1679 729 1748 Ὑψωσάτωσαν
758 1681 920 1734 αὐτὸν
951 1685 1008 1735 ἐν
1041 1681 1305 1754 ἐκκλησίᾳ
1330 1684 1459 1736 λαοῦ
1481 1702 1494 1713 ·

1358 1684 1459 1736 .αοῦ
1481 1702 1494 1713 ·
1884 1691 1972 1746 64.
2001 1690 2248 1749 Exaltent
2275 1710 2402 1750 eum
2434 1696 2489 1750 in
2512 1696 2740 1751 ecclesia
2771 1699 2941 1767 plebis
2969 1717 2981 1751 :

213 1768 304 1822 65.
346 1770 453 1823 Kal
481 1771 540 1823 ἐν
570 1771 806 1842 καθέδρᾳ
821 1771 1205 1842 πρεσϐυτέρων
1226 1772 1708 1826 αίνεσάτωσαναὺ-

1524 1774 1708 1826 ἀναὺ-
1879 1781 1967 1836 65.
1993 1782 2058 1837 Ει
2089 1783 2142 1837 in
2175 1785 2427 1840 cathedra
2456 1785 2730 1841 seniorum
2761 1788 2979 1843 laudent
3003 1804 3147 1844 eum.

129 1861 253 1915 τόν.
1748 1876 1790 1930 Β

211 1950 304 2007 66.
325 1951 515 2006 Ἐθετο
546 1955 826 2024 ποταμοὺς
849 1955 930 2018 είς
956 1953 1052 2026 έρη
1061 1972 1159 2025 μον
1179 1971 1192 1985 ·

1880 1959 1968 2013 66.
2003 1965 2194 2017 Posuit
2224 1963 2448 2019 ﬂumina
2486 1965 2540 2020 in
2571 1967 2841 2020 desertum
2870 1983 2882 2018 :

211 2044 303 2098 67.
344 2047 454 2099 Kal
479 2045 744 2114 διεξόδους
769 2048 977 2102 ὑδάτων
1008 2050 1088 2113 είς
1115 2049 1294 2119 δίψαν.

1224 2066 1294 2104 ιν.
1881 2052 1967 2107 67.
2000 2052 2067 2108 Et
2099 2056 2276 2112 exitus
2307 2072 2571 2126 aquarum
2604 2059 2656 2112 in
2683 2059 2847 2113 sitim.

209 2137 304 2192 68.
345 2139 450 2209 Γῆν
478 2140 824 2211 καρποφόρον
853 2141 934 2203 είς
955 2139 1155 2212 ἅλμην,

1882 2142 1971 2198 68.
1999 2142 2222 2200 Terram
2247 2146 2579 2202 fructileram
2613 2149 2666 2203 in
2704 2149 3057 2222 salsuginem.

209 2227 302 2282 69.
346 2228 420 2300 (a)
450 2229 580 2282 Ἀπὸ
606 2229 802 2293 κακίας
832 2230 941 2282 τῶν
973 2230 1369 2284 κατοικούντων
1398 2232 1454 2283 ἐν
1483 2232 1640 2302 αὐτῇ.

1291 2248 1369 2284 των
1398 2232 1454 2283 ἐν
1483 2232 1640 2302 αὐτῇ.
1885 2234 1971 2289 69.
2006 2239 2049 2288 A
2076 2238 2279 2293 malitia
2306 2239 2723 2296 inhabitantium
2753 2243 2807 2296 in
2831 2258 2914 2297 ea.

209 2321 301 2376 70.
323 2321 512 2376 Ἐθετο
539 2322 741 2396 ἔρημον
767 2326 847 2387 εἰς
873 2323 1066 2394 λίμνας
1100 2325 1305 2379 ὑδάτων
1329 2343 1341 2355 ·

1887 2326 1971 2382 70.
2001 2328 2189 2386 Posuit
2218 2331 2490 2389 desertum
2529 2335 2579 2389 in
2612 2345 2800 2406 stagna
2825 2349 3086 2404 aquarum

208 2437 290 2509 (a)
323 2435 475 2492 Vers.
511 2435 600 2504 69,
632 2437 716 2504 70,
748 2438 837 2503 71,
866 2438 968 2494 sub
1001 2438 1161 2493 unico
1191 2447 1480 2494 comment.

1261 2595 1629 2652 ATHANASII
1676 2597 2254 2654 INTERPRETATIO.

206 2762 302 2817 55.
326 2761 720 2833 Ἐφοϐήθησαν,
751 2762 842 2816 καὶ
876 2761 1311 2834 ὠλιγοψύχησαν.

1876 2761 1964 2815 55.
2003 2759 2067 2814 Ει
2097 2761 2413 2827 timuerunt,
2447 2769 2499 2815 et
2532 2761 2714 2817 animo
2743 2762 2932 2833 deiecti
2963 2773 3103 2820 sunt.

203 2852 296 2907 54.
339 2853 449 2906 Καὶ
470 2854 527 2904 ὲν
554 2852 724 2921 ἀγῶνι
753 2853 920 2926 πολλῇ
948 2853 1146 2923 γέγονα
1173 2855 1272 2926 (1).

1182 2855 1272 2926 ει).
1877 2852 1966 2908 54.
1999 2852 2065 2907 Et
2088 2854 2144 2908 in
2176 2869 2349 2924 agone
2375 2854 2544 2907 multo
2574 2852 2805 2908 fuerunt.

206 2945 298 2999 55.
341 2944 450 2998 Kal
479 2944 628 2996 πᾶσα
658 2946 690 3014 ή
714 2945 880 3015 τέχνη
909 2944 1086 2998 αὐτῶν
1113 2945 1318 3016 ἡττήθη
1350 2946 1454 2998 ὑπὸ
1469 2944 1564 2998 τοῦ
1587 2944 1710 2998 κλύ-

1878 2946 1967 3000 55.
1988 2943 2054 2999 Et
2072 2945 2254 2999 omnis
2272 2959 2361 2999 ars
2387 2959 2572 3000 eorum
2601 2955 2846 3015 superata
2870 2955 2952 3000 est
2972 2961 3001 2999 a
3031 2957 3365 3017 tempestate.

127 3034 304 3099 δωνος
325 3053 340 3068 ο
369 3030 510 3107 ἦσαν
531 3035 639 3106 γὰρ
666 3036 853 3100 ἁλιεῖς.

1806 3047 1961 3092 erant
1982 3039 2126 3093 enim
2157 3039 2477 3107 piscatores.

207 3127 298 3181 56.
333 3127 440 3180 Kal
465 3126 698 3197 ἐϐόησαν
722 3127 858 3200 πρὸς
886 3127 976 3181 τὸν
1000 3126 1208 3200 Ἰησοῦν
1225 3145 1238 3158 ’
1262 3127 1459 3195 Κύριε,
1503 3126 1708 3180 σῶσον
1733 3163 1774 3218 C

1741 3163 1774 3218 Β
1880 3132 1968 3186 56.
1993 3130 2059 3184 Et
2092 3130 2465 3184 clamaverunt
2486 3131 2551 3184 ad
2576 3130 2791 3186 .Icsum:
2821 3133 3058 3196 Domine,
3084 3135 3229 3188 salva
3251 3151 3364 3196 nos,

130 3220 313 3290 ἡμᾶς,
341 3221 745 3288 ἀπολλύμεθα.

504 3221 745 3288 λύμεθα.
1810 3224 2040 3292 perimus
2064 3223 2127 3274 ³⁸.

203 3311 296 3363 57.
332 3311 442 3364 Kal
487 3311 552 3364 ὲκ
584 3310 689 3365 τῶν
733 3311 992 3382 κυμάτων
1035 3311 1130 3364 καὶ
1169 3309 1264 3363 τοῦ
1307 3309 1564 3373 λαίλαπος
1611 3307 1704 3361 τοῦ

1881 3313 1969 3368 57.
2020 3311 2087 3368 Et
2123 3329 2191 3370 ex
2227 3313 2481 3369 ﬂuctibus
2522 3325 2575 3369 et
2615 3316 2757 3369 venti
2788 3318 3018 3386 procella
3075 3319 3368 3374 sublevavit

127 3402 339 3472 ἀνέμου
373 3403 652 3475 ἐξήγειρεν
679 3403 755 3474 (2)
786 3403 982 3466 αὐτούς
1810 3421 1926 3462 eos.

201 3495 296 3548 58.
318 3493 648 3566 Ἐπετίμησε
679 3494 786 3565 γὰρ
811 3494 887 3565 τῷ
913 3494 1120 3564 ἀνέμῳ,
1156 3493 1248 3546 καὶ
1277 3492 1572 3553 ἐπαύσατο,
1612 3491 1704 3543 καὶ

1881 3498 1968 3551 58.
1999 3495 2300 3568 lncrepavit
2333 3500 2476 3554 enim
2513 3509 2754 3564 ventum,
2781 3511 2835 3556 et
2859 3502 3082 3571 quievit,
3111 3512 3164 3556 et
3192 3503 3367 3558 solum

131 3584 297 3654 μόνον
332 3581 504 3658 αὔραν
531 3587 787 3656 παρεῖχεν
812 3586 889 3648 είς
918 3583 1179 3653 ἀνάψυξιν
1205 3583 1406 3644 αὐτοῖς.

1290 3584 1406 3644 τοῖς.
1809 3602 1997 3641 auram
2030 3588 2211 3642 emisit
2245 3588 2301 3642 in
2329 3603 2519 3644 eorum
2553 3590 2913 3660 refrigerium.

201 3678 294 3733 59.
337 3678 445 3732 Kal
477 3677 710 3747 ἐγένετο
738 3675 972 3746 γαλήνη
995 3673 1248 3745 μεγάλη.

1880 3677 1968 3733 59.
1999 3677 2068 3730 Ει
2099 3679 2243 3746 facta
2270 3688 2349 3733 est
2376 3680 2738 3749 tranquillitas
2765 3695 2954 3748 magna
2972 3681 3036 3732 ³⁷.

202 3770 296 3825 60.
337 3770 447 3825 Καὶ
498 3769 845 3840 ἐπλήσθησαν
887 3769 1128 3839 χάριτος,
1177 3766 1258 3819 ὅτι
1309 3763 1385 3833 ('5)
1444 3761 1704 3832 διεσώθη-

1879 3769 1966 3828 60.
1996 3769 2061 3825 Ει
2089 3771 2289 3842 impleti
2339 3780 2466 3826 sunt
2500 3772 2697 3842 gaudio
2728 3811 2744 3838 ,
2778 3772 3036 3842 quoniam
3067 3770 3201 3826 salvi
3235 3769 3365 3825 facti

131 3878 254 3917 σαν.
1810 3874 1954 3919 sunt.

202 3953 294 4007 61.
331 3952 720 4007 Κατὲπλευσαν
745 3950 853 4022 γὰρ
878 3951 955 4014 είς
984 3950 1082 4020 τὴν
1113 3947 1296 4018 χώραν
1325 3945 1435 4000 τῶν
1463 3946 1706 4017 Γαδαρη-

1878 3957 1938 4010 (il
1952 3997 1965 4010 .
1984 3954 2380 4026 Navigaverunt
2400 3955 2545 4009 enim
2570 3955 2622 4010 in
2645 3956 2917 4028 regionem
2936 3955 3364 4011 Gadarenorum.

128 4062 261 4101 νων.

199 4134 291 4188 62.
331 4135 686 4206 Διηγήσονται
719 4135 774 4187 ὲν
801 4132 1118 4204 Εὐαγγελίῳ

1110 4151 1118 4183 l
1152 4131 1249 4203 (4).
1873 4129 1962 4184 62.
2001 4129 2307 4184 Narrabunt
2336 4130 2391 4184 in
2421 4129 2733 4202 Evangelia.

199 4231 296 4288 65.
329 4231 440 4284 Kal
465 4227 604 4282 αὐτὰ
625 4227 694 4281 τὰ
720 4227 997 4298 θαυμάσια
1021 4223 1186 4279 αὐτοῦ
1233 4224 1328 4277 σὺν
1352 4223 1465 4286 τοῖς
1497 4220 1701 4285 λοιποῖς

1879 4223 1964 4277 63.
1995 4222 2061 4278 Et
2087 4223 2201 4280 hac
2227 4223 2492 4278 mirabilia
2521 4224 2663 4295 ejus,
2685 4233 2740 4280 et
2771 4224 2877 4280 alia
2906 4225 3032 4281 ﬁliis
3055 4225 3358 4283 hominum.

121 4326 245 4386 τοῖς
278 4321 354 4394 (5)
390 4323 525 4383 υἱοῖς
548 4319 652 4373 τῶν
681 4319 998 4390 ἀνθρώπων.

199 4415 290 4469 64.
332 4413 620 4482 Δοξάσουσι
655 4411 815 4465 αὑτὸν
856 4411 944 4465 διὰ
986 4410 1076 4464 τοῦ
1123 4410 1472 4482 κηρύγματος
1504 4412 1561 4462 ὲν
1589 4411 1699 4471 τοῖς

1874 4405 1964 4460 64.
1992 4403 2380 4460 Glorilicabunt
2407 4417 2532 4456 eum
2558 4417 2654 4472 per
2685 4403 3122 4472 praedicationem
3148 4404 3200 4457 in
3227 4418 3360 4474 gen-

125 4509 358 4562 ἔθνεσιν.
1732 4523 1774 4577 D
1805 4498 1969 4553 tibus.

197 4601 288 4655 65.
322 4601 433 4656 Kal.
472 4601 529 4653 ὲν
563 4601 628 4670 τῇ
658 4596 958 4651 ἀναπαύσει
986 4596 1093 4648 τῶν
1130 4594 1300 4648 ἁγίων
1328 4591 1698 4646 αίνεσάτωσαν

1490 4591 1698 4645 arma»;
1868 4588 1954 4643 65.
1983 4588 2050 4642 Et
2078 4587 2132 4642 in
2160 4586 2347 4642 reouie
2376 4593 2691 4642 sanctorum
2718 4584 2940 4638 laudent
2963 4598 3113 4639 eum.

124 4694 312 4749 αὐτόν.

197 4785 288 4840 66.
331 4783 441 4848 Τὰς
467 4783 638 4853 φυλὰς
657 4781 765 4834 τῶν
795 4779 1086 4834 Ἰουδαίων.

905 4779 1086 4833 δαίων.
1866 4770 1954 4824 66.
1983 4769 2180 4824 Tribus
2198 4767 2528 4824 Judteorum.

194 4878 286 4933 67.
327 4878 438 4932 Kal
478 4874 585 4931 ἀπὸ
623 4873 732 4927 τῶν
774 4873 1009 4946 καρδιῶν
1047 4870 1224 4925 αὐτῶν
1269 4868 1462 4942 ἀφελεῖ
1488 4867 1564 4938 (6)
1597 4867 1696 4938 τὴν

1865 4862 1953 4916 67.
2005 4863 2068 4915 Et
2100 4878 2130 4915 e
2179 4860 2434 4915 cordibus
2470 4874 2658 4913 eorum
2695 4855 2899 4913 auferet
2941 4856 3168 4927 gratiam
3202 4872 3355 4913 suam

121 4971 286 5041 χάριν
311 4966 474 5020 αὐτοῦ
501 4965 588 5019 διὰ
620 4963 715 5036 τὴν
751 4963 1005 5017 ἀπιστίαν
1035 4961 1239 5014 αὐτῶν.

1035 4961 1239 5014 αὐτῶν.
1794 4964 2012 5025 propter
2044 4970 2231 5009 eorum
2266 4952 2656 5006 infidelitatem.

192 5062 284 5124 68,
310 5060 400 5114 69.
432 5059 541 5129 Τὴν
565 5056 881 5127 συναγωγὴν
917 5055 1013 5126 τὴν
1034 5055 1274 5108 ἄτεκνον.

1063 5068 1274 5106 ιτεκνον.
1864 5048 1954 5112 68,
1985 5047 2071 5100 69.
2107 5047 2443 5116 Synagogam
2473 5045 2686 5099 sterilen

192 5149 284 5211 70,
312 5148 397 5200 7i.
425 5147 534 5199 Kal
559 5145 656 5210 τὰς
686 5145 908 5215 καρδίας
938 5143 1117 5195 αὐτῶν
1160 5139 1346 5214 βρύειν
1388 5140 1486 5209 τὴν
1533 5139 1689 5209 χάριν

1865 5139 1952 5200 70,
1998 5139 2082 5191 7|.
2128 5137 2194 5191 Et
2245 5137 2409 5192 corda
2454 5152 2644 5192 eorum
2688 5145 2745 5188 ut
2787 5133 3086 5204 germinent
3125 5132 3349 5201 gratiam

120 5241 308 5296 αὑτοῦ.

1796 5246 1969 5284 suam.

262 5355 307 5386 ³⁸
332 5352 521 5408 Matth.
549 5368 666 5419 vm,
695 5351 783 5405 25.
863 5351 904 5382 ³⁷
934 5349 1066 5406 Ibid.
1098 5348 1189 5403 26.

1069 5501 1374 5566 Addenda
1418 5509 1477 5565 et
1513 5499 1884 5579 corrigenda
1915 5517 1994 5560 ex
2024 5498 2162 5558 cod.
2200 5496 2399 5558 \"atic.

292 5633 613 5707 εγὸνασιν.
1964 5621 2275 5707 ἒῦαγγελίιρ
2307 5627 2371 5674 τὰ
2404 5621 2527 5689 ὲλέη
2560 5619 2745 5673 αὐτοῦ.

189 5695 265 5772 (2)
292 5695 418 5772 Ἑξή
426 5718 616 5768 γαγεν,
635 5711 743 5772 etc.

677 5711 743 5754 ιο,
1851 5696 1927 5772 (
1949 5695 2115 5772 ,Τοῖς
2132 5695 2300 5746 deest.

185 5765 260 5844 (5}
297 5765 829 5841 Κάῖέπληρώθησαν
860 5773 1049 5841 χαρᾶς,
1080 5774 1179 5831 ὅτι,
1212 5781 1311 5826 clc.

582 5771 829 5841 ρώθησαν
860 5773 1049 5841 χαρᾶς,
1080 5774 1179 5831 ὅτι,
1212 5781 1311 5826 clc.
1849 5766 1925 5835 (6)
1949 5765 2205 5840 Ἀφεῖλεν.

435 5865 711 5925 Parnm.
770 5865 885 5923 Gn.
938 5867 1192 5926 KXVll.
2992 5849 3068 5905 36
