4110 6318
713 374 839 431 1151
1565 366 1621 420 S.
1664 363 2035 418 ATHANASII
2074 363 2222 419 OPP.
2267 360 2448 417 PARS
2489 360 2572 417 Ill.
2615 392 2684 401 —
2724 361 3138 418 EXEGETICA.
3858 354 4000 414 1132

778 492 868 543 71.
894 488 957 542 Et
980 495 1181 541 terram
1207 486 1324 539 sine
1353 500 1491 554 aqua
1515 483 1568 537 in
1597 484 1775 538 exitus
1800 497 2086 553 aquarum.
2309 492 2354 546 Α

2309 492 2354 546 Α
2452 480 2535 532 71.
2581 481 2687 533 Καὶ
2713 479 2818 549 γῆν
2845 479 3068 551 ἄνυδρον
3094 481 3174 543 είς
3200 477 3460 544 διεξόδους
3491 477 3730 531 ὑδάτων.

785 582 869 636 7%.
900 582 963 635 Et
984 579 1269 634 collocavit
1302 579 1411 633 illic
1440 578 1744 632 esurientes
1772 594 1784 628 :

2451 572 2535 625 τὶ.
2577 573 2687 625 Καὶ
2714 571 3016 642 κατῴκισεν
3044 575 3160 625 ἐκεῖ
3185 571 3486 632 πεινῶντας
3506 586 3521 600 ’

784 675 871 726 75.
908 674 974 726 Ει
1002 671 1399 726 constituerunt
1427 668 1676 724 civitates
1705 666 2081 720 habitationis.

2449 663 2536 719 725.
2578 665 2686 716 Καὶ
2716 665 3108 734 συνεστήσαντο
3134 663 3318 726 πόλεις
3350 661 3729 721 κατοικεσίας.

780 769 868 820 7L.
885 765 947 819 Et
966 766 1371 820 seminaverunt
1391 769 1632 825 aaros,et
1655 760 2034 830 plantaverunt
2058 757 2273 811 vineas:

2449 757 2536 812 74.
2577 758 2685 810 Καὶ
2714 757 2972 826 ἔσπειραν
3005 757 3230 829 ἀγροὺς,
3248 756 3341 809 καὶ
3358 754 3667 824 ἐφύτευσαν
3709 751 3971 822 ἁμπελῶ

2382 867 2474 912 νας
2490 866 2503 880 ⁸

779 943 863 995 75.
894 941 958 995 Et
995 942 1237 995 fecerunt
1271 938 1506 994 fructum
1536 939 1856 993 nativitatis.

2451 941 2535 995 75.
2578 941 2689 993 Καὶ
2716 940 2976 1011 ἐποίησαν
3000 941 3211 1013 καρπὸν
3240 943 3603 1012 γεννήματος.

789 1034 871 1088 76.
898 1033 961 1088 Ει
983 1032 1255 1088 benedixit
1279 1031 1378 1097 eis,
1407 1041 1460 1084 et
1492 1030 1832 1099 multiplicati
1862 1038 1990 1083 sunt
2021 1025 2229 1099 [nimis]
2261 1047 2273 1081 :

2451 1032 2535 1084 76.
2580 1032 2691 1086 Kal.
2719 1031 3011 1103 εὐλόγησεν
3027 1033 3242 1098 αὐτοὺς,
3261 1033 3355 1086 καὶ
3373 1028 3799 1100 ἐπληθύνθησαν
3827 1025 3992 1098 [σφο-

2381 1122 2529 1196 δρα1·

783 1213 868 1265 77.
905 1211 970 1266 Et
991 1212 1231 1282 jumenta
1261 1227 1449 1268 eorum
1487 1225 1593 1264 non
1621 1209 1927 1264 minoravit.

2452 1216 2539 1271 77.
2580 1219 2688 1272 Kal.
2719 1216 2786 1271 τὰ
2811 1217 2986 1288 κτήνη
3016 1217 3194 1270 αὐτῶν
3218 1216 3316 1271 οὐκ
3347 1215 3665 1287 ἐσμίκρυνε.

779 1305 868 1361 78.
902 1305 966 1360 Et
993 1306 1149 1376 pauci
1182 1305 1310 1360 facti
1336 1315 1482 1370 sunt,
1510 1313 1564 1359 et
1592 1304 1770 1358 vexati
1805 1314 1951 1360 sunt.

2452 1310 2539 1365 78.
2582 1313 2691 1365 Καὶ
2724 1310 3101 1382 ὡλιγὼθησαν,
3129 1311 3223 1364 καὶ
3262 1308 3618 1379 ἐκακώθησαν

783 1399 867 1452 79.
896 1399 938 1450 Α
973 1399 1318 1452 tribulatione
1343 1398 1606 1452 malorum
1630 1409 1684 1453 et
1716 1399 1924 1452 dolore.

2451 1403 2538 1458 79.
2587 1402 2717 1455 Ἀπὸ
2756 1403 2986 1472 θλίψεως
3019 1404 3204 1456 κακῶν
3241 1405 3334 1457 καὶ
3365 1399 3576 1472 ὀδύνης.

783 1491 870 1543 80.
894 1490 1074 1546 Eﬂ‘usa
1103 1500 1185 1545 est
1207 1489 1538 1558 contemptio
1561 1505 1724 1560 super
1749 1489 2021 1559 principes
2051 1503 2238 1542 eorum
2265 1507 2275 1540 :

2453 1492 2539 1548 80.
2573 1493 2830 1565 Ἐξεχύθη
2864 1493 3208 1558 ἐξουδένωσις
3237 1495 3323 1546 ἐπ’
3355 1493 3624 1564 ἄρχοντας
3657 1489 3854 1542 αὐτῶν
3885 1489 3985 1555 (σ)·

782 1583 868 1636 81.
900 1582 965 1636 Ει
989 1598 1172 1637 errare
1201 1582 1326 1637 fecit
1353 1599 1448 1638 eos
1483 1584 1538 1636 in
1566 1583 1734 1647 invio,
1765 1591 1820 1637 et
1851 1597 1958 1635 non
1986 1581 2039 1635 in
2067 1582 2170 1635 via.

2455 1586 2542 1639 81.
2572 1587 2681 1639 Καί
2703 1587 3006 1656 ἐπλάνησεν
3038 1585 3236 1647 αὐτοὺς
3265 1586 3324 1638 ἐν
3357 1583 3570 1653 ἀϐάτῳ,
3603 1583 3701 1634 καὶ
3722 1582 3833 1650 οὐχ

782 1675 868 1728 82.
899 1675 962 1728 Et
988 1675 1193 1744 adjuvit
1216 1691 1505 1745 pauperem
1533 1675 1598 1729 de
1629 1674 1809 1743 inopia
1841 1691 1854 1724 :

2457 1677 2545 1730 82.
2584 1677 2691 1729 Καὶ
2724 1676 2988 1747 ἐϐοήθησε
3021 1677 3214 1748 πένητι
3242 1679 3307 1729 ἐκ
3339 1674 3645 1745 πτωχείας·

785 1765 870 1819 85.
900 1758 964 1818 Ει
991 1766 1170 1834 posuit
1202 1766 1343 1821 sicut
1375 1782 1502 1820 oves
1529 1764 1786 1821 familias.

2453 1770 2541 1824 85.
2579 1771 2690 1823 Καὶ
2721 1769 2875 1822 ἔθετο
2911 1769 2987 1832 ὡς
3011 1770 3258 1840 πρόϐατα
3289 1769 3543 1839 πατριάς.

782 1858 868 1912 8ι1.
902 1857 1172 1912 Videbunt
1204 1859 1358 1924 recti,
1387 1869 1439 1913 et
1469 1859 1826 1913 laetabuntur:
2317 1872 2359 1927 Β

2317 1872 2359 1927 Β
2458 1860 2545 1914 84.
2589 1861 2848 1930 Ὄψονται
2879 1861 3077 1923 εὐθεῖς,
3107 1861 3202 1912 καὶ
3239 1859 3737 1930 εὐφρανθήσονται·

784 1952 872 2005 85.
907 1950 972 2003 Et
1002 1952 1179 2005 omnis
1209 1951 1462 2021 iniquitas
1489 1951 1749 2022 oppilabit
1773 1966 1835 2005 cs
1865 1965 2049 2005 suum.

2456 1952 2543 2006 83.
2592 1954 2703 2007 Kal.
2735 1955 2882 2007 πᾶσα
2937 1951 3135 2023 ἀνομία
3168 1949 3439 2022 ἐμφράξει
3467 1951 3528 2003 τὸ
3562 1951 3742 2022 στόμα
3781 1946 3986 2020 αὐτῆς.

783 2041 870 2094 86.
900 2041 1034 2106 Quis
1061 2044 1276 2112 sapiens
1304 2053 1358 2096 et
1383 2043 1649 2098 custodiet
1677 2042 1826 2097 haec?

2458 2044 2544 2098 86.
2584 2047 2678 2109 Τίς
2712 2046 2873 2116 σοφὸς
2905 2045 2996 2099 καὶ
3029 2043 3256 2114 φυλάξει
3291 2043 3493 2110 suum;

786 2131 874 2186 87.
900 2133 965 2189 Et
999 2135 1256 2206 intelliget
1283 2135 1686 2192 misericordias
1709 2133 1965 2190 Domini?

2460 2135 2548 2190 87.
2579 2139 2689 2192 Καὶ
2720 2139 3010 2210 συνήσουσι
3040 2137 3108 2191 τὰ
3135 2136 3258 2208 ἐλέη
3288 2135 3382 2190 τοῦ
3421 2134 3669 2206 Κυρίου;

788 2290 863 2360 (α)
891 2288 1079 2344 Αὐτῶν
1109 2291 1279 2346 deest.

1831 2443 2209 2503 ATIlANASll
2248 2442 2847 2501 lNTERPRETATlO.

789 2727 875 2780 72.
910 2723 1305 2779 Multitudinem
1337 2720 1579 2792 gentium
1607 2719 1661 2774 in
1686 2717 1944 2774 Ecclesia.

2457 2717 2544 2771 72.
2585 2715 2660 2769 Τὸ
2687 2716 2891 2789 πλῆθος
2917 2715 3026 2770 τῶν
3050 2714 3222 2772 ἐθνῶν
3247 2715 3305 2770 ἐν
3333 2717 3401 2788 τῇ
3429 2714 3762 2788 Ἐκκλησία.

783 2817 878 2870 75.
912 2814 1111 2868 Eorum
1144 2811 1327 2868 corda.

2459 2809 2544 2862 75.
2586 2807 2697 2870 Τὰς
2723 2809 2949 2878 καρδίας
2974 2807 3174 2863 αὐτῶν.

789 2908 879 2962 71.
911 2906 1152 2977 Apostoli
1184 2906 1345 2962 corda
1374 2906 1640 2976 gentium.

2455 2899 2544 2954 74.
2587 2901 2650 2952 0t
2681 2899 2964 2955 ἀπόστολοι
2989 2901 3089 2964 τὰς
3121 2898 3350 2972 καρδίας
3371 2900 3482 2955 τῶν
3515 2901 3710 2955 ἐθνῶν.

786 2998 874 3054 75.
904 2997 1100 3052 Gentes
1139 2997 1377 3051 fructum
1407 2996 1654 3066 iustitiae.

2459 2991 2546 3046 75.
2589 2992 2670 3044 Τὰ
2693 2992 2820 3063 ἔθνη
2851 2991 3063 3065 καρπὸν
3088 2993 3455 3062 δικαιοσύνης.

785 3089 874 3142 76.
899 3086 1130 3143 Fideles.

2463 3083 2550 3137 7G.
2591 3085 2728 3148 Τοὺς
2759 3083 3004 3148 πιστούς.

789 3180 877 3234 77.
903 3177 969 3233 Et
995 3177 1226 3232 humiles
1249 3178 1388 3233 inter
1415 3192 1530 3244 eos,
1554 3184 1607 3231 et
1626 3176 1786 3232 mites
1805 3191 1909 3231 non
1929 3177 2283 3233 contempsit.

2473 3175 2557 3228 77.
2600 3177 2708 3228 Καὶ
2731 3177 2858 3240 τοὺς
2883 3178 3172 3240 ταπεινοὺς
3205 3177 3404 3244 αὐτῶν,
3429 3179 3521 3232 καὶ
3551 3179 3633 3250 (1)
3661 3183 3863 3252 πραεῖς
3884 3181 3977 3234 οὐκ

1193 3315 1196 3318 ,
2393 3261 2764 3327 ἐξουδένωσεν.

797 3358 879 3413 78.
914 3357 1150 3426 Populus
1174 3354 1508 3409 Judmorum.

2466 3354 2552 3408 78.
2584 3355 2641 3409 Ὀ
2675 3355 2801 3421 λαὸς
2829 3355 2937 3411 τῶν
2970 3358 3262 3414 Ἰουδαίων.

795 3449 874 3504 79.
901 3451 945 3502 Α
976 3447 1325 3502 tribulatione
1356 3444 1647 3507 malorum,
1668 3451 1722 3496 et
1752 3440 1982 3506 doloris,
2001 3456 2167 3511 quam
2203 3439 2288 3493 in-

2463 3447 2551 3502 79.
2582 3448 2719 3501 Ἀπὸ
2762 3449 2995 3520 θλίψεως
3025 3451 3103 3522 (2)
3158 3451 3342 3506 κακῶν
3382 3452 3478 3506 καὶ
3521 3454 3622 3525 τῆς
3662 3453 3862 3526 ὀδύνης
3884 3458 3977 3525 τῆς

721 3547 959 3601 tulerunt
989 3541 1069 3596 eis
1098 3547 1301 3609 gentes,
1329 3553 1452 3608 quae
1481 3537 1532 3589 in
1565 3550 1659 3590 eos
1690 3535 1986 3590 dominata
2017 3543 2165 3589 sunt.
2317 3529 2344 3589 C

2352 3529 2362 3588 ί
2393 3540 2689 3612 γενομένης
2704 3542 2887 3606 αὐτοῖς
2913 3543 3065 3614 παρὰ
3086 3543 3196 3598 τῶν
3223 3545 3392 3599 ἐθνῶν
3425 3545 3534 3599 τῶν
3571 3549 3975 3620 κυριευσάντων

2393 3631 2613 3696 αὐτούς.

794 3723 881 3777 80.
913 3721 1248 3776 Judzcorum.

2461 3724 2549 3781 80.
2581 3725 2700 3779 Τῶν
2733 3725 3023 3780 Ἰουδαίων.

795 3816 883 3869 81.
930 3813 996 3865 Ει
1042 3811 1262 3867 demisit
1304 3823 1400 3864 eos
1441 3807 1692 3862 incedere
1736 3808 1793 3862 in
1844 3806 2289 3877 concupiscentia

2461 3817 2550 3871 81.
2581 3819 2688 3870 Καὶ
2735 3818 2916 3870 εἴασεν
2966 3819 3164 3882 αὐτοὺς
3193 3822 3260 3891 τῇ
3291 3819 3556 3893 ἐπιθυμία
3590 3821 3704 3876 τῶν
3743 3821 3974 3894 καρδιῶν

723 3907 967 3964 cordium
1004 3919 1252 3959 suorum.

2392 3909 2569 3961 αὐτῶν
2596 3910 2670 3975 ('5)
2695 3907 3043 3981 repetissem.

793 4000 878 4055 8:2.
908 3998 1172 4066 Populum
1205 4012 1270 4048 ex
1303 3995 1575 4065 gentibus.

2463 4000 2550 4054 82.
2586 4000 2674 4070 Τῷ
2705 4001 2779 4071 (.n
2814 3998 2872 4066 ἐξ
2899 4001 3068 4056 ἐθνῶν
3097 4002 3235 4074 λαῷ.

793 4091 878 4145 85.
912 4088 1129 4143 Gentes.

2463 4093 2550 4147 ετ.
2583 4094 2662 4146 Τὰ
2691 4093 2839 4162 εθνη.

794 4184 880 4239 84.
919 4182 1130 4236 Sanctae
1165 4179 1392 4234 virtutes
1442 4177 1743 4249 gaudentes
1773 4176 2131 4232 clamabunt:
2162 4177 2289 4232 Glo-

2463 4185 2551 4240 84.
2587 4187 2651 4238 At
2686 4185 2838 4254 ἆγιαι
2867 4185 3125 4255 δυνάμεις
3159 4187 3478 4258 χαιρόμεναι
3511 4187 3755 4256 βοήσωσι
3784 4206 3797 4220 ο
3828 4190 3968 4253 Δόξα

721 4276 801 4330 ria
834 4276 884 4328 in
912 4273 1190 4328 altissimis
1217 4271 1346 4335 Deo,
1379 4281 1427 4326 et
1458 4274 1513 4325 in
1548 4281 1688 4327 terra
1718 4287 1824 4340 pax
1847 4271 1913 4339 ³⁸,
1952 4283 2054 4326 etc.

2395 4277 2462 4330 ἐν
2488 4280 2771 4347 ὑψίστοις
2809 4278 2930 4345 Θεῷ
2957 4278 3055 4332 καί
3085 4280 3184 4333 ἐπὶ
3230 4277 3343 4350 γῆς
3380 4277 3590 4348 εἰρήνη
3621 4280 3726 4350 (5),
3757 4283 3852 4336 καὶ
3906 4283 3968 4334 τὰ

2397 4367 2544 4434 ἑξῆς.

794 4451 880 4505 85.
913 4449 979 4503 Et
1012 4449 1193 4504 omnis
1227 4452 1505 4503 contraria
1554 4456 1797 4519 potestas
1843 4448 2066 4503 confusa
2117 4457 2291 4503 contt-

2427 4403 2550 4512 ~.85.
2603 4460 2713 4512 Καὶ
2767 4463 2914 4515 πᾶσα
2961 4461 3181 4516 ἐναντία
3231 4459 3461 4533 δύναμις
3516 4465 3965 4535 καταισχυνθεῖσα

720 4552 899 4599 cescct
923 4557 1044 4595 eum
1070 4556 1163 4596 sua
1192 4540 1459 4594 doctrina.

2395 4552 2661 4603 παύσεται
2693 4553 2830 4622 μετὰ
2854 4553 2954 4622 τῆς
2977 4553 3194 4624 διδαχῆς
3226 4554 3402 4607 αὐτῶν
3439 4553 3537 4621 (6).

791 4634 881 4698 86,
930 4634 1020 4687 87.
1068 4631 1189 4687 Non
1234 4633 1401 4687 dicit:
1437 4633 1570 4700 Quis
1605 4633 1822 4703 sapiens
1855 4633 2019 4703 hujus
2053 4632 2237 4686 mundi
2266 4632 2287 4684 ?

2463 4642 2549 4705 86,
2586 4642 2674 4694 87.
2711 4643 2787 4696 Οὐ
2820 4643 2966 4711 λέγει
2988 4663 2999 4674 ·
3032 4645 3126 4708 Τίς
3158 4645 3318 4715 σοφὸς
3360 4645 3452 4698 τοῦ
3499 4647 3713 4718 κόσμου
3746 4651 3964 4713 τούτους

716 4730 810 4784 sed
842 4727 967 4801 quis
1004 4728 1240 4797 repletus
1274 4727 1536 4796 sapientia
1561 4726 1903 4791 abscondita,
1954 4737 2014 4780 ut
2048 4735 2285 4780 mentem
2321 4733 2339 4788 1

2343 4734 2366 4786 )
2394 4733 2527 4786 ἀλλὰ
2547 4733 2644 4802 τῆς
2664 4735 3161 4808 ἀποκεκρυμμένης
3180 4737 3369 4806 σοφίας
3389 4738 3473 4801 τίς
3492 4739 3966 4813 ἐμπεπλησμένος,

719 4833 873 4873 suam
934 4817 1178 4872 advertat
1209 4815 1275 4870 ad
1305 4831 1398 4882 ea,
1433 4830 1554 4886 qua
1597 4815 1687 4870 hic
1730 4815 1871 4870 dicta
1907 4825 2069 4879 sunt,
2107 4825 2160 4870 et
2189 4832 2284 4872 co-

2398 4824 2482 4877 ῖνα
2510 4825 2723 4897 πρόσχῃ
2754 4828 2819 4898 τῇ
2854 4826 3061 4898 διανοίᾳ
3089 4825 3274 4900 [πρὸς]
3304 4827 3476 4882 ταῦτα
3500 4830 3572 4884 τὰ
3599 4833 3874 4904 εἰρημένα
3897 4834 3969 4885 ἐν·

721 4917 942 4981 gnoscat
995 4908 1402 4964 misericordias
1443 4907 1663 4964 Domini
1698 4910 2015 4974 immensas,
2047 4917 2100 4962 et
2135 4908 2285 4963 inve-

2397 4915 2587 4979 ταῦθα,
2619 4919 2711 4970 καὶ
2742 4917 2949 4989 ἐπιγνῷ
2975 4919 3043 4973 τὰ
3068 4919 3191 4991 ἐλέη
3222 4919 3316 4975 τοῦ
3352 4922 3560 4976 Κυοίου
3589 4923 3664 4977 τὰ
3699 4925 3967 4992 apt-.0112:

719 5002 996 5073 stigabiles
1018 5001 1039 5054 2
2401 5009 2492 5059 καὶ
2521 5008 2932 5080 ἀνεξιχνίαστα;

828 5184 872 5216 ³³
904 5183 1034 5237 Luc.
1064 5201 1120 5247 ιι,
1155 5181 1238 5235 14.

1675 5338 1980 5402 Addenda
2025 5348 2084 5401 et
2115 5354 2485 5417 corrigenda
2531 5356 2610 5401 ex
2646 5341 2785 5402 cod.
2822 5339 3022 5403 Vatic.

798 5506 874 5576 (1)
913 5505 1208 5576 Ταπεινοὺς
1238 5505 1313 5573 τῷ
1340 5501 1634 5576 πνεύματιΡ
1662 5519 1777 5564 και,
1813 5514 1940 5576 etc._
2469 5506 2544 5576 (4)
2581 5505 2669 5574 Τῷ
2699 5506 2812 5576 λαῷ
2841 5506 2949 5559 τῶν
2979 5507 3038 5571 ἐξ
3070 5508 3257 5564 ἐθνων.

907 5574 1166 5649 θλίψεων,
1203 5572 1332 5638 etc.,
1367 5572 1773 5642 κυριευσάντων
1805 5572 2001 5626 αὐτῶν.
2570 5572 2795 5649 Εἰρήνης
2829 5581 2885 5633 ἐν
2910 5576 3218 5649 ἀνθρώποις
3247 5580 3482 5638 εὐδοκία.

801 5579 857 5627 (‘2
907 5579 1166 5643 (θλίψεων,
1203 5585 1332 5638 etc.,
1367 5579 1773 5642 κυριευσὰντων
1805 5579 2001 5626 αὐτῶν.

800 5579 876 5714 (ὅζ
907 5642 1062 5699 Deest
1091 5660 1311 5697 Amma.

1144 5597 1166 5638 π,
1203 5585 1332 5638 etc.,
1367 5579 1773 5642 κυριευσὰντων
1805 5579 2001 5626 αὐτῶν.
2468 5579 2542 5644 (5)
2570 5579 2767 5647 Εἰρήνη

1144 5660 1311 5697 mna.
2469 5646 2543 5715 (6)
2573 5646 2767 5717 Δύτῆς.
