4110 6318
694 370 832 424 1135

765 492 846 544 to.
887 490 950 544 Et
978 491 1275 545 convallem
1311 492 1778 548 tabernaculorum
1810 494 2078 551 dimetiar.

764 581 849 633 17.
878 581 1026 636 Meus
1060 593 1141 636 est
1173 582 1394 648 Galaad,
1425 591 1478 636 et
1507 599 1658 637 meus
1688 593 1770 636 est
1795 582 2072 639 Manasses
2102 601 2115 635 :

765 673 850 726 18.
885 672 951 727 Et
978 673 1232 743 Epln'aim
1258 676 1527 744 susceptio
1559 676 1751 745 capitis
1785 677 1889 730 mei
1924 693 1940 730 :

767 767 852 819 19.
890 763 1054 819 Judas
1087 781 1179 818 rex
1215 780 1388 821 meus.

766 857 855 909 20.
886 855 1040 909 Moab
1066 855 1211 910 lebes
1240 856 1352 924 spei
1384 871 1516 910 mete
1545 874 1560 911 :

768 949 857 1003 2t.
896 947 950 1000 In
985 948 1273 1002 ldumaeam
1306 948 1543 1017 injiciam
1575 948 1906 1021 [extendam]
1934 950 2263 1006 calceamen-

701 1046 812 1090 tum
847 1053 1024 1090 meum
1055 1056 1066 1090 :

765 1130 857 1183 22.
893 1129 1020 1183 Mihi
1055 1131 1368 1201 alienigena:
1396 1131 1595 1185 subditi
1631 1130 1754 1186 facti
1789 1143 1933 1188 sunt.

767 1221 855 1275 25.
885 1220 1018 1288 Quis
1046 1223 1271 1276 deducet
1297 1239 1380 1276 Ine
1406 1223 1458 1276 in
1486 1224 1756 1279 civitatein
1788 1223 2089 1279 munitam?

769 1312 856 1368 24.
884 1313 990 1367 Aut
1015 1313 1136 1382 quis
1168 1314 1395 1368 deducet
1424 1331 1508 1368 me
1541 1332 1713 1384 usque
1744 1317 1796 1369 in
1831 1314 2158 1370 ldummami

770 1405 858 1458 25.
889 1404 1077 1461 Nonne
1104 1415 1180 1471 tu,
1214 1405 1374 1470 Deus,
1405 1408 1494 1477 qui
1530 1408 1775 1477 repulisti
1803 1409 1938 1461 nos?

768 1498 857 1551 26.
892 1497 957 1552 Et
1004 1513 1112 1552 non
1141 1499 1336 1560 exibis,
1373 1498 1535 1563 Deus,
1571 1500 1621 1554 in
1655 1499 1946 1554 virtutibus
1990 1496 2233 1553 nostris?

771 1700 860 1754 27.
897 1698 970 1754 Da
1004 1699 1160 1755 nobis
1187 1700 1444 1754 auxilium
1473 1699 1540 1754 de
1573 1699 1927 1754 tribulatione
1955 1715 1967 1752 :

773 1793 861 1847 28.
897 1794 1033 1860 Quia
1066 1808 1203 1847 vana
1235 1794 1385 1849 salus
1412 1794 1672 1848 hominis.

1515 373 1568 425 S.
1609 370 1976 428 ATHAN’ASII
2016 372 2164 427 OPP.
2207 373 2385 427 PARS
2424 371 2508 426 lll.
2553 401 2618 411 —
2657 372 3063 427 EXEGETICA.

3778 372 3909 429 “35

2285 511 2328 562 Α
2429 499 2512 551 1ϋ.
2552 498 2656 550 Καὶ
2697 497 2793 567 τὴν
2829 497 3044 550 κοιλάδα
3080 496 3187 548 τῶν
3217 495 3433 566 σκηνῶν
3468 497 3834 568 διαμετρήσω.

2435 592 2518 643 17.
2562 590 2718 660 Ἐμός
2753 592 2865 642 ἐστι
2897 589 3106 642 Γαλαὰδ
3128 632 3142 654 ,
3170 591 3259 642 καὶ
3289 590 3418 659 ἐμός
3446 590 3561 642 ἐστι
3595 591 3918 660 Navaazﬁq‘

2433 683 2516 735 18.
2545 683 2651 734 Καὶ
2687 680 2920 753 Ἐφραίμ
2955 681 3235 751 ἀντίληψις
3263 682 3357 750 τῆς
3387 680 3631 750 κεφαλῆς
3663 699 3764 752 μου
3784 700 3800 714 ·

2434 771 2518 825 19.
2563 771 2759 832 Ἰούδας
2790 769 3039 838 βασιλεύς
3072 787 3191 839 μου.

2430 865 2518 918 20.
2555 865 2727 918 Μωὰό
2760 863 2921 932 λέϐης
2950 864 3047 934 τῆς
3083 862 3293 925 ἐλπίδος
3330 880 3461 933 μου·

2431 955 2520 1008 2L
2567 955 2688 1008 Ἐπὶ
2714 953 2809 1025 τὴν
2847 954 3144 1023 Ἰδουμαίαν
3167 954 3406 1007 ἐπιδαλῶ
3433 952 3685 1025 [ἐκτενῶ]
3717 954 3779 1006 τὸ
3808 954 3927 1006 ὑπό-

2361 1048 2424 1117 δη
2434 1048 2507 1117 μά
2537 1064 2636 1117 μου
2661 1063 2673 1075 ·

2433 1142 2520 1195 22.
2557 1141 2710 1212 Ἐμοὶ
2741 1140 3018 1210 ἀλλόφυλοι
3055 1140 3424 1212 ὑπετάγησαν.

2434 1235 2522 1289 25.
2556 1236 2651 1297 Τίς
2683 1231 2876 1297 ἀπάξει
2908 1250 2974 1303 με
3005 1235 3083 1295 είς
3115 1233 3266 1285 πόλιν
3298 1233 3590 1305 περιοχῆςς

2435 1327 2524 1380 21.
2559 1329 2626 1378 Ἢ
2655 1328 2736 1390 τίς
2771 1326 3022 1396 ὁδηγήσει
3059 1344 3123 1395 με
3150 1326 3254 1389 ἕως
3281 1327 3378 1396 τῆς
3409 1327 3747 1397 Ἰδουμαίαςς

2435 1422 2523 1476 25.
2558 1422 2689 1492 Οὐχὶ
2720 1421 2806 1483 σὺ,
2839 1423 2867 1473 6
2891 1420 3022 1483 Θεὸς
3052 1423 3080 1474 ὁ
3114 1421 3473 1491 ἀπωσάμενος
3504 1425 3692 1492 ἡμᾶς

2438 1513 2526 1567 26.
2560 1514 2668 1566 Kal
2700 1513 2798 1565 οὐκ
2833 1512 3110 1586 ὲξελεύσῃ,
3155 1515 3183 1565 6
3215 1513 3366 1576 Θεὸς,
3412 1516 3470 1566 ὲν
3499 1518 3623 1578 ταῖς
3651 1514 3934 1585 δυνάμεσιν

2368 1606 2565 1676 ἡμῶν;

2439 1695 2526 1747 27.
2560 1694 2656 1756 Δὸς
2689 1695 2819 1765 ἡμῖν
2851 1692 3100 1766 βοήθειαν
3131 1694 3194 1746 ὲκ
3227 1693 3458 1763 θλίψεως
3481 1709 3495 1723 ⁶

2441 1787 2529 1840 28.
2559 1788 2668 1840 Kal
2706 1787 2912 1857 ματαία
2939 1787 3181 1858 σωτηρία
3209 1787 3521 1858 ἀνθρώπου.

1823 1942 2196 2000 ATIIANASII
2231 1939 2818 1997 INTERPRETATIO.

785 2105 867 2159 16.
901 2103 967 2159 Et
1007 2119 1103 2159 cor
1143 2103 1382 2174 seipsum
1407 2101 1702 2156 humilians
1732 2099 2067 2165 inhabitabo,
2093 2107 2147 2154 et
2181 2099 2264 2152 in-
2298 2101 2347 2163 Β

2445 2097 2530 2152 16.
2564 2099 2674 2151 Kal
2701 2098 2800 2170 τὴν
2837 2098 3061 2168 καρδίαν
3090 2099 3187 2170 τὴν
3219 2098 3584 2154 ταπεινοῦσαν
3626 2103 3831 2173 εαυτὴν
3870 2104 3937 2175 (1)

707 2200 1018 2254 ambulabo.

782 2291 868 2344 17.
913 2290 1119 2345 Galaad
1169 2289 1554 2358 interpretatur
1589 2287 1888 2356 peregrinus
1933 2301 1950 2338 :
1998 2282 2272 2337 Manasses

711 2382 1097 2450 interpretatur
1135 2379 1348 2432 oblitus.
1376 2378 1525 2432 Meus
1556 2378 1719 2446 igitur
1747 2384 1850 2438 est,
1886 2375 2079 2444 inquit,
2117 2375 2211 2444 qui
2242 2389 2270 2428 a

711 2484 933 2545 peccato
970 2472 1200 2545 fugiens,
1243 2481 1294 2526 et
1328 2471 1643 2542 peregrinus
1677 2469 1851 2525 factus
1907 2470 2045 2537 apud
2081 2485 2186 2533 me,
2223 2477 2275 2522 et

712 2566 910 2622 oblitus
970 2573 1055 2619 est
1119 2563 1537 2635 prazecdentium
1608 2577 1829 2616 suarum
1903 2560 2274 2628 improbarum

713 2657 1008 2711 actionum.

791 2746 1164 2815 18.Epltraim
1221 2745 1603 2813 interpretatur
1663 2742 1978 2796 consolator.
2042 2740 2277 2812 Spiritus

713 2847 935 2895 sanctus
961 2837 1299 2901 Consolator,
1331 2836 1426 2901 ait,
1460 2837 1736 2906 susceptio
1769 2836 1948 2891 cordis
1976 2835 2078 2888 mei
2108 2843 2210 2888 est.

786 3019 872 3072 19.
918 3017 983 3072 Ει
1026 3017 1197 3072 Filius
1243 3016 1337 3071 Dei
1381 3033 1476 3071 rex
1525 3030 1719 3070 meus:
1760 3013 2104 3070 manifestum
2134 3017 2277 3071 enim

715 3119 821 3176 est,
863 3109 1029 3163 Deum
1068 3107 1304 3162 Verbum
1348 3123 1411 3161 ex
1442 3107 1640 3162 Judaais
1672 3116 1849 3163 ortum
1883 3124 2034 3175 esse,
2067 3110 2279 3178 quando

720 3205 834 3272 ipse
867 3200 1043 3258 factus
1067 3209 1152 3256 est
1179 3216 1306 3255 caro
1333 3216 1396 3255 ex
1431 3199 1670 3270 Virgine.

787 3292 876 3348 20.
915 3291 970 3348 In
1006 3293 1459 3364 quinquagesimo
1505 3307 1650 3346 nono
1684 3292 1893 3361 psalmo
1935 3291 2081 3346 hunc
2122 3307 2279 3347 eum-

719 3388 840 3441 dem
874 3402 1089 3441 versum
1132 3386 1365 3455 positum
1399 3383 1640 3440 invenies
1665 3423 1681 3449 ,
1723 3384 2075 3455 eamdemque
2113 3386 2277 3440 inter-

720 3480 1102 3548 pretationem.

790 3569 880 3623 2l.
913 3568 1152 3623 Idumam
1191 3567 1576 3638 interpretatur
1605 3568 1850 3638 deficiens
1875 3585 1893 3622 :
1926 3569 1981 3624 in
2015 3568 2277 3624 mundum

723 3661 888 3734 igitur
911 3661 1244 3717 deﬁcientem
1273 3661 1564 3730 ingrediar.

793 3838 883 3893 22.
927 3838 1192 3910 Atlophyli
1241 3837 1466 3910 (Latine
1512 3839 1862 3910 alienigenae)
1899 3840 2284 3909 interpretatur

723 3932 965 3985 cadentes
1010 3940 1136 4000 potu
1161 3947 1180 3984 :
1210 3941 1394 4002 gentes
1425 3933 1615 4002 igitur,
1651 3949 1770 4004 quae
1798 3934 1948 4003 prius
1980 3934 2286 3989 ceciderant

727 4030 942 4091 propter
968 4028 1152 4091 potum
1184 4020 1411 4089 peccati,
1435 4022 1661 4076 subdita
1687 4022 1843 4077 facta:
1874 4032 2002 4077 sunt
2029 4023 2163 4077 mihi
2191 4040 2286 4094 per

724 4111 906 4167 ﬁdem.

797 4203 887 4257 25.
924 4202 1057 4268 Quis
1085 4201 1313 4257 deducet
1339 4218 1426 4256 me
1449 4203 1500 4257 in
1537 4219 1824 4272 supernam
1854 4204 2218 4262 Hierusalem?

798 4292 886 4345 24.
919 4291 1001 4344 Ad
1027 4289 1341 4366 Idumozam,
1373 4292 1620 4347 videlicet
1650 4295 1715 4348 ad
1743 4293 2039 4350 Ecclesiam
2069 4313 2134 4352 ex
2159 4313 2290 4368 gen-

728 4384 893 4447 tibus,
927 4392 1079 4437 antea
1114 4383 1469 4438 deficientem.

797 4476 888 4528 25.
936 4473 1125 4529 Nonne
1165 4483 1243 4537 tu,
1289 4474 1462 4540 Deus,
1508 4475 1741 4532 deduces
1773 4495 1873 4534 nos
1905 4480 1969 4534 ad
1999 4495 2153 4548 eam,
2194 4484 2288 4552 qui

730 4565 882 4636 prius
914 4581 1012 4621 nos
1041 4565 1283 4634 abjecisti
1305 4568 1328 4618 ?

799 4655 889 4709 26.
920 4653 1037 4709 Non
1067 4655 1360 4722 egredieris
1382 4663 1441 4709 ut
1467 4672 1607 4711 unus
1635 4672 1847 4727 regum,
1872 4665 1963 4712 aut
1987 4658 2287 4728 principum

731 4759 1065 4801 nostrorum.

800 4836 889 4888 27.
925 4834 1116 4889 Libera
1147 4849 1245 4889 nos
1267 4850 1297 4888 a
1325 4843 1568 4904 peccato.

799 4924 892 4980 28.
925 4923 1058 4979 Nam
1083 4934 1397 4980 cunctorum
1430 4925 1712 4981 hominum
1741 4927 1976 4996 potentia
2011 4928 2212 4984 inanis.

2374 2193 2656 2262 ὲνοικήσω,
2688 2193 2782 2244 καὶ
2809 2193 3259 2263 ἐμπεριπατήσω.

2446 2283 2530 2335 17.
2573 2282 2818 2336 Γαλαὰδ
2852 2284 3212 2353 ἑρμηνεύεται
3251 2284 3525 2354 μέτοικος
3609 2289 3943 2356 Μανασσῆς

2375 2371 2731 2444 ἑρμηνεύεται
2747 2373 3479 2446 ἐπιλανθανόμενος.Ἒμὺς
3500 2373 3596 2430 οὖν
3614 2381 3753 2444 ἐστι,
3777 2380 3940 2447 λέγει,

2374 2468 2401 2519 6
2433 2466 2539 2518 ἀπὸ
2561 2466 2658 2536 τῆς
2691 2466 2961 2536 ἁμαρτίας
2987 2467 3221 2535 φεύγων,
3255 2470 3347 2520 καὶ
3380 2473 3626 2538 μέτοικος
3657 2475 3944 2543 γενόμενος

2376 2558 2503 2625 παρ’
2531 2557 2653 2626 ἐμοὶ
2679 2596 2696 2620 ,
2730 2557 2824 2608 καὶ
2851 2557 2909 2619 ὃς
2945 2559 3059 2610 ἐστι
3086 2557 3470 2629 λανθανόμενος
3502 2562 3577 2630 (2)
3612 2564 3724 2615 τῶν
3754 2566 3945 2635 προτέ-

2379 2664 2484 2716 ρων
2518 2644 2681 2699 αὑτοῦ
2712 2647 2964 2717 πονηρῶν
2996 2648 3263 2719 πράξεων.

2448 2738 2532 2792 18.
2553 2738 2790 2806 Ὲφραῒμ
2817 2739 3173 2810 ἑρμηνεύεται
3189 2742 3586 2811 παράλαῖητος.
3621 2745 3854 2816 Πνεῦμα
3873 2747 3944 2816 (3)

2375 2829 2435 2881 τὸ
2465 2829 2647 2897 ἆγιον,
2684 2830 2867 2896 λέγει,
2903 2833 3252 2904 Παράκλητος
3287 2836 3566 2908 ἀντίληψις
3593 2839 3691 2908 τῆς
3718 2840 3945 2909 καρδίας

2382 2933 2482 2986 μου
2493 2959 2505 2971 .

2449 3009 2535 3064 19.
2558 3010 2667 3062 Kal
2697 3011 2862 3075 ὀΥἱὸς
2880 3011 2971 3065 τοῦ
2991 3013 3124 3066 Θεοῦ
3150 3014 3397 3084 βασιλεύς
3421 3036 3521 3088 μου
3541 3037 3551 3048 ·
3570 3021 3723 3089 δῆλον
3747 3023 3949 3093 γὰρμ)

2379 3100 2438 3166 ἐξ
2465 3103 2731 3156 Ἰουδαίων
2764 3105 3090 3159 ἀνέσταλκεν
3123 3109 3151 3160 6
3193 3109 3324 3173 θεὸς
3353 3111 3554 3180 Λόγος,
3608 3115 3735 3168 ὅταν
3788 3119 3952 3182 c1616;

2380 3194 2569 3264 γέγονε
2607 3195 2739 3266 σὰρξ
2768 3197 2830 3248 ἐκ
2854 3197 2954 3267 τῆς
2981 3199 3276 3269 Παρθένου.

2448 3287 2534 3340 20.
2567 3288 2655 3339 Ἐν
2688 3287 2766 3357 τῷ
2817 3290 3166 3361 πεντηκοστῷ
3208 3293 3380 3363 ἐνάτῳ
3423 3295 3618 3368 ψαλμῷ
3659 3300 3748 3353 τὸν
3791 3304 3954 3357 mhi,»

2383 3379 2562 3448 στίχον
2601 3379 2852 3450 εὑρήσεις
2879 3382 3194 3453 ἐγκείμενον
3218 3425 3232 3450 ,
3266 3387 3358 3438 καὶ
3386 3387 3483 3461 τὴν
3522 3391 3825 3463 ἑρμηνείαν
3860 3399 3952 3452 αύ-

2306 3453 2350 3516 C
2380 3471 2480 3540 τήν
2511 3471 2609 3541 (5).

2450 3561 2540 3615 2i.
2573 3563 2872 3651 Ἰδουμαία
2905 3567 3264 3637 ἑρμηνεύεται
3293 3569 3661 3628 ἐκλείπουσα
3681 3592 3694 3606 ⁸
3734 3578 3836 3633 ἐπὶ
3861 3580 3955 3651 τὴν

2382 3652 2702 3724 οἰκουμένην
2715 3649 2807 3707 οὖν
2819 3654 2916 3726 τὴν
2937 3657 3292 3712 ἐκλείπουσαν
3310 3662 3600 3734 ποιήσομαι
3615 3667 3712 3735 τὴν
3728 3649 3955 3740 πορείαν

2457 3759 2508 3797 υ.

2457 3759 2508 3797 υ.

2387 3758 2543 3887 μοὲε.
2567 3834 2915 3903 Ἀλλόφυλοι
2938 3838 3294 3909 ἑρμηνεύεται
3330 3843 3404 3914 (6)
3433 3847 3754 3919 πίπτοντες
3773 3857 3956 3922 ποτήο

2381 3941 2547 3995 ματι·
2573 3928 2640 3980 τὰ
2674 3927 2797 3999 ἔθνη
2826 3926 2919 3982 οὖν
2946 3932 3011 3983 τὰ
3037 3933 3302 4005 πρότερον
3334 3938 3596 3993 πίπτοντα
3624 3943 3714 3997 διὰ
3739 3947 3839 4000 τοῦ
3867 3951 3955 4002 πό-

2390 4033 2557 4086 ματος
2577 4017 2675 4086 τῆς
2695 4018 2965 4089 ἁμαρτίας
2987 4021 3336 4095 ὑπετάγησάν
3360 4045 3448 4096 μοι
3471 4028 3557 4082 διὰ
3577 4031 3674 4102 τῆς
3699 4035 3952 4103 πίστεως.

2578 4192 2672 4255 Τίς
2697 4192 2972 4266 ἀπαγάγει
2995 4196 3071 4266 (7)
3099 4215 3165 4267 με
3190 4202 3270 4262 εἰς
3299 4203 3396 4272 τὴν
3424 4204 3532 4257 ἄνω
3563 4207 3949 4284 Ἱερουσαλήμς

2458 4282 2547 4378 2}.
2587 4284 2742 4378 Ερὸς
2778 4285 2850 4357 (8)
2886 4288 3000 4356 τὴν
3027 4291 3380 4362 Ἰδουμαίαν,
3411 4297 3574 4366 ἤγουν
3607 4303 3744 4372 πρὸς
3769 4282 3954 4378 τὴν-ἐξ

2390 4372 2556 4427 ἐθνῶν
2586 4375 2909 4447 Ἐκκλησίαν
2937 4379 3034 4451 τὴν
3070 4380 3128 4434 τὺ
3158 4385 3418 4455 πρότερον
3451 4372 3836 4452 ἐκλείπουσαν.

2457 4467 2712 4560 25.Ούχὶ
2743 4471 2805 4522 σὺ
2846 4472 2991 4541 ἡμᾶς
3019 4473 3046 4525 6
3094 4473 3224 4537 Θεὸς
3275 4478 3562 4549 ὁδηγήσεις
3613 4486 3752 4554 πρὸς
3791 4491 3954 4560 αὐτὴν

2391 4560 2419 4610 6
2443 4559 2503 4611 τὸ
2531 4559 2603 4630 (9)
2632 4561 2892 4631 πρότερον
2919 4564 3066 4632 ἡμᾶς
3096 4565 3405 4636 ἀπορρίψας
3430 4611 3442 4632 ,

2460 4649 2547 4704 26.
2586 4653 2697 4704 υύκ
2728 4652 2980 4725 ὲξελεύσῃ
3005 4655 3116 4726 (10)
3145 4656 3218 4721 ὡς
3241 4653 3321 4722 εἷς
3353 4661 3458 4713 τῶν
3487 4663 3754 4733 βασιλέων
3789 4671 3821 4742 ἦ
3855 4673 3953 4725 τῶν

2393 4743 2664 4814 ἀρχόντων
2697 4746 2728 4814 ἡ
2736 4745 2872 4814 μῶν.

2317 4805 2362 4861 D
2459 4836 2548 4889 27.
2582 4835 2868 4907 Λύτρωσαι
2902 4839 3049 4908 ἡμᾶς
3073 4839 3180 4893 ἀπὸ
3205 4842 3302 4912 τῆς
3326 4843 3622 4917 ἁμαρτίας.

2463 4929 2552 4983 28.
2591 4931 2813 4986 Πάντων
2841 4933 2946 5003 γὰρ
2979 4932 3088 4987 τῶν
3125 4934 3486 5013 ἀνθρώπωνὴ
3522 4942 3636 5012 (11)
3675 4945 3951 5002 δυναστεία

2400 5023 2623 5094 ματαία.

1669 5174 1974 5237 Addenda
2010 5183 2069 5237 et
2100 5176 2469 5256 corrigenda
2499 5197 2576 5241 ex
2606 5181 2747 5243 cod.
2787 5184 2981 5248 Vatic.

800 5293 874 5366 (1)
1051 5295 1309 5366 ταπεινὴν
1338 5292 1500 5349 οὖσαν
1531 5299 1746 5366 ἑαυτήν,
1776 5306 1877 5352 etc.

800 5363 876 5436 (ᾖ)
905 5365 1070 5436 Kalﬁ
1105 5363 1604 5436 ἐπιλανθανόμενος.

800 5435 877 5508 (31)
1018 5434 1273 5508 Πνεῦμα,
1307 5433 1439 5508 εις..
1467 5438 1524 5488 τὸ
1561 5438 1936 5508 Παράκλητον.

799 5503 874 5570 (4)
902 5502 1033 5572 Γὰρ.
1059 5505 1138 5556 ὃτι
1168 5502 1229 5568 ἐξ
1265 5506 1430 5558 Ἰούδα
1455 5502 1820 5562 ἀνατέταλκεν
1843 5513 1869 5562 6
1889 5511 2037 5572 Θεός,
2068 5520 2196 5568 etc.,
2225 5512 2288 5564 ἐκ

725 5573 1135 5651 τῆς-’Παρθένου
1165 5577 1380 5651 Μαρίας
1425 5577 1512 5629 διὰ
1533 5578 1653 5651 Δτὴν
1686 5581 1957 5651 ἡμετέραν
1991 5581 2286 5651 σωτηρίαν.

727 5627 1078 5768 K332056106
1122 5627 1381 5713 λέγοῦσαῦ

781 5730 951 5765 υοιου.

798 5732 808 5764 ›
854 5730 951 5765 too.

798 5730 874 5855 (ἓ)
909 5784 1328 5855 Ἐρμηνεύονται
1363 5787 1652 5854 πίπτοντες
1704 5790 1992 5862 πτώματα,
2029 5802 2156 5859 etc.,
2199 5790 2284 5845 διὰ

2395 5305 2486 5358 τοῦ
2512 5304 2818 5375 πτώματος,
2849 5317 2959 5366 etc.

2466 5377 2543 5442 (7)
2570 5378 2819 5444 Ἀπὰγει.

2466 5447 2629 5538 (8)’Ἦ
2661 5449 2743 5510 τίς
2763 5449 3012 5532 οδηγήσει
3048 5468 3120 5558 με
3144 5451 3234 5505 τὸν
3255 5453 3381 5508 λαὸν
3401 5455 3510 5510 τῶν
3530 5458 3804 5516 Ἰουδαίων
3829 5464 3952 5534 7:96;

2466 5533 2489 5558 υ
2559 5517 2860 5558 Hand-nmmo
2892 5521 2988 5558 enim
3018 5522 3038 5558 ἓ
3105 5521 3272 5558 Hlme
3323 5527 3420 5558 ιρι...
3447 5529 3507 5558 ..Δ
3573 5540 3659 5558 ιιι...

2392 5515 2489 5586 τὴν
2542 5515 2988 5639 emaciatam
3017 5515 3073 5586 ἐξ
3104 5521 3292 5591 ἐθνῶν,
3323 5527 3420 5597 τὴν
3447 5529 3530 5594 τό,
3572 5540 3682 5586 etc.

2466 5586 2540 5652 (9)
2578 5588 2646 5640 Σὺ
2679 5605 2707 5637 τ
2746 5629 2759 5650 ,
2794 5599 2896 5644 etc.

2489 5599 2540 5648 Η)
2578 5599 2646 5640 Σὺ
2679 5599 2759 5650 τό,
2794 5599 2896 5644 CIC.

2466 5656 2574 5729 (10)
2607 5660 2714 5729 Kal
2743 5660 2840 5712 οὐκ
2868 5661 3155 5729 ἐξελεύσει.

2466 5728 2577 5797 (11)
2621 5728 2687 5782 Ἡ
2705 5730 2872 5785 deest.
