4110 6318
178 345 325 401 1157
1103 349 1194 406 DE
1234 350 1508 407 'l‘lTULIS
1546 350 2296 409 PSALMORL'M.—PSAL.
2331 351 2512 407 CVlll.
2649 333 2652 336 i
3295 356 3433 417 1158

252 465 346 519 29.
392 465 478 518 Ἐν
508 465 585 536 τῷ
618 465 738 537 Θεῷ
766 465 1063 536 ποιήσομεν
1109 467 1360 539 δύναμιν,
1789 475 1835 532 Α

1247 487 1360 539 μιν,
1789 475 1835 532 Α
1931 470 2022 524 29.
2056 467 2112 522 In
2147 468 2254 524 Deo
2283 468 2548 525 faciemus
2569 469 2824 526 virtutem
2852 490 2865 526 :

250 560 346 614 30.
374 559 482 612 Kal
508 557 669 622 αὐτὸς
697 558 1037 626 ὲξουδενώσει
1063 561 1188 624 τοὺς
1218 562 1445 634 ἐχθροὺς
1477 563 1653 634 ἡμῶν.

1935 559 2022 616 50.
2059 559 2126 614 Ει
2149 561 2262 630 ipse
2291 559 2359 615 ad
2393 561 2624 616 nihilum
2649 561 2878 618 deducet
2911 561 3164 619 inimicos
3187 575 3429 624 nostros.

261 673 368 737 Εις
399 670 464 724 τὸ
492 669 684 735 τέλοςο
718 671 959 740 ψαλμὸς
997 669 1076 737 τῷ
1099 671 1295 726 Δαϐίδ.
1336 675 1510 727 ΨΑΛ.
1543 677 1676 728 PII'.

1668 716 1676 727 .
2003 674 2070 729 In
2102 676 2258 744 ﬁnem
2287 692 2305 729 :
2332 675 2582 730 Psalmus
2616 675 2805 732 David.
2833 675 3040 732 PSAL.
3072 675 3291 732 CVIII.

258 782 312 836 1.
357 783 412 836 ⁸0
433 782 586 847 Θεὸς,
618 782 715 854 τὴν
747 782 952 836 αἴνεσίν
988 801 1090 854 μου
1130 784 1204 855 μὴ
1232 787 1672 858 παρασιωπήσῃς
1693 804 1707 819 ο

1401 787 1672 858 τιωπήσῃς
1693 804 1707 819 ο
1935 788 1986 839 1.
2019 785 2182 853 Deus,
2209 788 2423 843 laudem
2460 804 2637 843 meam
2668 804 2734 844 ne
2759 789 3024 845 tacueris:

256 874 315 928 2.
344 875 464 928 Ὅτι
500 875 673 945 στόμα
703 874 1026 946 ἀμαρτωλοῦ
1050 916 1064 940 ,
1114 877 1208 930 καὶ
1259 877 1432 949 στόμα
1470 877 1640 932 δολίου
1675 881 1760 932 ἐπ’

1933 877 1988 931 2.
2019 878 2158 945 Quia
2181 894 2242 934 os
2266 884 2592 950 peccatoris,
2613 890 2666 937 et
2694 897 2758 938 os
2784 881 2960 937 dolosi
2981 896 3144 953 super
3166 898 3253 939 me
3279 900 3435 956 aper-

174 963 291 1033 ὲμὲ
321 964 563 1034 ἠνοίχθη.

488 964 563 1033 )η.
1864 980 1978 1026 tum
2009 983 2111 1027 est.

256 1059 313 1112 5.
355 1057 649 1129 Ἐλὰλησαν
673 1061 790 1113 κατ’
811 1058 944 1130 ἐμοῦ
970 1058 1192 1132 γλώσσῃ
1222 1060 1373 1131 δολία
1395 1078 1406 1090 ·

1935 1063 1987 1116 3.
2024 1061 2216 1118 Loculi
2240 1075 2368 1119 sunt
2397 1066 2690 1122 adversum
2721 1081 2808 1121 me
2834 1065 3021 1137 lingua
3044 1066 3234 1123 dolosa
3260 1086 3272 1122 :

259 1151 316 1205 4.
352 1151 461 1204 Kal
493 1152 671 1220 λόγοις
700 1151 890 1223 μίσους
915 1151 1232 1206 ἐκύκλωσαν
1259 1171 1325 1223 με
1350 1172 1362 1184 ·

1937 1154 1987 1208 4.
2022 1154 2087 1208 Ει
2114 1156 2458 1211 sermonibus
2492 1157 2602 1212 odii
2635 1156 3258 1213 circumdederuntme:

261 1245 317 1300 5.
351 1246 460 1298 Kal
487 1245 835 1316 ἐπολέμησαν
885 1262 952 1316 με
986 1245 1214 1316 δωρεάν.

1936 1247 1988 1301 5.
2025 1245 2090 1300 Et
2113 1257 2561 1318 expugnaverunt
2589 1263 2674 1304 me
2700 1251 2885 1318 gratis.

257 1337 315 1391 6.
353 1337 497 1389 ’Λντὶ
526 1335 622 1390 τοῦ
656 1337 879 1408 ἀγαπᾷν
905 1355 972 1408 με
1007 1338 1342 1391 ὲνδιέὄαλλὸν
1379 1357 1444 1410 με
1465 1357 1479 1371 ·

1935 1339 1989 1393 6.
2022 1338 2126 1393 Pro
2151 1354 2214 1394 eo
2244 1348 2304 1394 ut
2327 1355 2413 1395 me
2447 1341 2754 1412 diligerent,
2789 1341 3147 1398 detrahebant
3171 1342 3341 1398 mihi:

257 1429 315 1484 7.
358 1426 498 1497 Ἐγὼ
520 1428 575 1482 δὲ
608 1430 1017 1502 προσηυχόμην.

992 1449 1017 1483 ν.
1938 1431 1989 1485 7.
2025 1432 2136 1502 Ego
2164 1441 2342 1487 autem
2371 1433 2615 1489 orabam.

257 1519 313 1574 8.
343 1521 451 1574 Kal
475 1520 658 1575 ἔθεντο
685 1521 806 1575 κατ’
835 1521 970 1593 ἐμοῦ
1004 1524 1150 1577 κακά
1180 1523 1300 1576 ἀντὶ
1325 1522 1541 1593 ἀγαθῶν
1573 1541 1585 1555 ·

1938 1527 1992 1581 8.
2030 1526 2096 1580 Et
2127 1539 2427 1597 posuerunt
2461 1528 2750 1583 adversum
2795 1543 2884 1584 me
2929 1527 3072 1584 mala
3111 1543 3212 1600 pro
3242 1528 3432 1586 bonis:

257 1616 312 1668 9.
349 1617 457 1669 Kal
487 1617 643 1685 μῖσος
663 1617 785 1669 ἀντὶ
813 1616 914 1687 τῆς
939 1616 1269 1688 ἀγαπήσεὼς
1296 1635 1420 1687 μου.

1296 1635 1420 1687 μου.
1937 1620 1992 1674 9.
2023 1617 2089 1673 Ει
2113 1618 2297 1672 odium
2327 1633 2426 1688 pro
2447 1619 2737 1674 dilectione
2764 1635 2905 1676 mea.

259 1707 350 1762 10.
382 1709 741 1780 Κατάστησον
769 1711 854 1762 ἐπ’
878 1709 1042 1763 αὑτὸν
1068 1710 1394 1781 ἀμαρτωλόν
1415 1726 1430 1739 ·

1943 1710 2030 1766 10.
2061 1709 2346 1767 Constitue
2376 1726 2541 1782 super
2568 1726 2694 1766 eum
2724 1721 3101 1782 peecatorem:

261 1803 353 1858 1-1.
389 1804 497 1857 Kal
527 1804 774 1868 διάϐολος
807 1806 987 1875 στήτω
1009 1805 1074 1858 ὲκ
1105 1803 1296 1869 δεξιῶν
1318 1803 1484 1858 αὐτοῦ
1601 1810 1604 1812 ’
1799 1818 1843 1873 Β

1391 1803 1484 1857 τοῦ
1601 1810 1604 1812 ·
1799 1818 1843 1873 Β
1944 1806 2028 1860 ll.
2059 1804 2123 1859 Et
2155 1805 2404 1860 diabolus
2433 1813 2538 1861 stet
2571 1819 2601 1860 a
2635 1804 2843 1860 dextris
2874 1806 3013 1877 ejus.

260 1894 352 1947 12.
395 1896 482 1949 Ἐν
504 1896 582 1968 τῷ
610 1896 890 1968 κρίνεσθαι
928 1897 1110 1965 αὐτὸν,
1163 1895 1369 1962 ἐξέλθοι
1405 1896 1761 1949 καταδεδικα-

1673 1912 1761 1949 ια-
1943 1896 2027 1950 12.
2059 1895 2194 1950 Cum
2223 1896 2501 1966 judicatur
2527 1895 2664 1964 ipse,
2691 1906 2848 1952 exeat
2867 1898 3296 1955 condemnatus.

178 1986 388 2059 σμένος
417 2002 429 2016 ·

1318 2170 1694 2227 ATHANASI]
1745 2165 2330 2224 INTERPRETA'IIO.

258 2351 354 2407 29.
399 2351 486 2404 Ἐν
547 2349 623 2422 τῷ
677 2349 794 2422 Θεῷ
830 2351 918 2405 διὰ
972 2349 1072 2421 τῆς
1112 2350 1348 2413 πίστεως
1399 2348 1628 2417 δύναμιν
1674 2347 1776 2400 θῶ-

1604 2367 1628 2402 ν
1674 2347 1776 2400 θῶ-
1949 2344 2042 2402 29.
2074 2343 2134 2401 In
2160 2343 2272 2402 Deo
2293 2359 2390 2416 per
2418 2342 2578 2399 ﬁdem
2604 2344 2859 2400 virtutem
2890 2340 3227 2414 reponimus.

235 2463 292 2497 εν
356 2444 376 2497 1
417 2483 427 2497 .

181 2463 228 2516 μ
260 2445 355 2590 501
382 2445 671 2600 1ίαὶαύτὺς
691 2535 936 2600 ἀσθενεῖς
959 2537 1176 2605 ποιήσει
1193 2535 1318 2598 τοὺς
1336 2533 1563 2605 ἐχθροὺς
1588 2529 1766 2602 ἡμῶν.

1681 2529 1766 2586 ὒν.
1949 2526 2040 2584 50.
2065 2527 2131 2584 Et
2156 2528 2273 2598 ipse
2302 2525 2550 2581 inﬁrmos
2579 2527 2764 2583 reddet
2789 2526 3042 2583 inimicos
3055 2520 3304 2584 'nostros.

275 2711 342 2763 'll
375 2711 709 2783 προκειμένη
745 2712 1025 2782 ἐπιγραφὴ
1056 2712 1300 2781 περιέχει
1332 2711 1409 2780 (2)
1434 2727 1448 2741 ·
1480 2712 1608 2762 Ὅτι
1635 2711 1669 2762 ό
1696 2707 1940 2780 ψαλμὸς
1967 2708 2056 2772 εὶς
2081 2705 2154 2760 τὰ
2174 2705 2317 2774 τέλη
2338 2705 2564 2775 εἴρηται
2592 2705 2710 2760 τῶν
2734 2708 3087 2776 μελλόντων
3107 2707 3446 2778 συμϐήσεεν

178 2803 272 2870 τῷ
295 2804 483 2871 ἱκανῷ
514 2803 589 2873 τῇ
610 2806 782 2874 χειρὶ,
824 2806 1067 2857 τουτέστι
1095 2802 1171 2874 τῷ
1213 2802 1323 2873 Υἱῷ
1355 2801 1449 2856 τοῦ
1483 2800 1640 2856 Θεοῦ.

272 2895 492 2954 Titulus
521 2899 844 2970 praepositus
873 2898 1116 2954 continet
1144 2917 1154 2952 :
1185 2896 1337 2962 Quod
1369 2895 1617 2951 Psalmus
1647 2895 1826 2952 dictus
1857 2903 1936 2953 est
1963 2897 2029 2952 de
2063 2895 2132 2951 iis
2162 2906 2280 2964 qua
2316 2891 2370 2944 in
2404 2889 2504 2944 ﬁne
2524 2898 2769 2946 eventura
2791 2902 2940 2946 erant
2969 2908 3130 2947 manu
3156 2892 3305 2962 forti,
3346 2893 3444 2948 hoc

185 3006 286 3051 est
310 2995 408 3051 Dei
433 2993 591 3050 Filio.

271 3172 319 3224 1.
365 3172 422 3223 '0
455 3171 584 3234 Θεὸς
632 3173 660 3223 ὁ
710 3170 900 3240 Πατήρ
938 3187 1063 3240 μου,
1093 3169 1122 3221 ὁ
1163 3168 1322 3240 μόνος
1364 3185 1432 3239 με
1461 3166 1767 3235 γινώσκων,
1795 3171 1839 3230 C

1826 3173 1839 3228 :
1939 3165 1990 3220 1.
2024 3163 2168 3223 Deus
2197 3164 2356 3222 Pater
2383 3180 2561 3234 meus,
2585 3164 2680 3236 qui
2705 3165 2856 3221 solus
2883 3179 2970 3220 me
2994 3165 3301 3236 cognoscis,
3331 3166 3449 3237 glo-

183 3263 294 3333 τὴν
329 3260 488 3325 δόξαν
523 3279 621 3332 μου
651 3262 966 3333 φανέρωσον
991 3263 1075 3326 τίς
1111 3263 1366 3334 ὑπάρχει.

1876 3256 2016 3312 riam
2043 3271 2221 3311 meam
2250 3253 2539 3311 manifesta
2566 3253 2743 3324 qualis
2770 3261 2874 3308 est.
3117 3325 3122 3330 η

266 3354 324 3409 ‘2.
364 3355 482 3407 Ὂτι
511 3355 584 3417 ὼς
622 3354 718 3408 ἕνα
745 3353 854 3407 τῶν
877 3354 1180 3426 ἀνθρώπων
1202 3347 1358 3417 οὗτος
1389 3357 1419 3408 ὁ
1455 3353 1777 3427 ἁμαρτωλὸς

1949 3349 2004 3406 2.
2042 3348 2311 3415 Quoniam
2336 3347 2505 3403 veluti
2557 3347 2625 3400 ad
2674 3360 2845 3399 unum
2893 3360 2959 3400 ex
2995 3345 3328 3410 hominibus,
3375 3348 3448 3401 ita

181 3448 216 3498 ὁ
259 3446 337 3514 ('5)
400 3445 595 3507 Ἰούδας
629 3445 766 3514 μετά
815 3445 964 3497 δόλου
995 3441 1159 3515 ἦλθεν
1211 3445 1434 3515 φιλῆσαί
1480 3463 1548 3514 με
1572 3444 1773 3513 λέγων·

1878 3450 2130 3511 peccator
2163 3439 2332 3495 Judas
2373 3456 2496 3495 cum
2548 3439 2674 3496 dolo
2703 3439 2850 3494 venit
2875 3438 2942 3493 ad
2979 3438 3333 3494 osculandum
3363 3455 3446 3494 me

186 3535 399 3603 Χαῖρε,
431 3534 650 3588 Ῥαΰϐί.
1878 3531 2102 3586 dicens:
2135 3532 2261 3597 Ave,
2290 3529 2458 3584 Rabbi
2484 3531 2550 3584 ”.

271 3629 326 3682 5.
366 3626 626 3680 Συνὲοετο
662 3626 799 3697 μετά
825 3626 933 3680 τῶν
981 3627 1246 3680 Ἰουδαίων
1280 3629 1466 3679 λαοεϊν
1500 3627 1577 3693 (4)
1606 3624 1774 3698 ἀργύ-

1950 3624 2002 3678 '5.
2034 3622 2300 3677 Convenit
2321 3638 2446 3678 cum
2468 3622 2673 3678 ludatis
2697 3630 2981 3692 argentum
3013 3623 3082 3676 ab
3102 3623 3184 3678 eis
3208 3623 3451 3695 accipere

189 3738 295 3792 ρια
328 3719 454 3790 παρ’
485 3720 683 3782 αὐτῶν,
725 3719 820 3772 καὶ
850 3719 1182 3790 παραδοῦναί
1214 3737 1302 3791 με.

726 3719 820 3772 xal
850 3719 1182 3790 παραδοῦναί
1214 3737 1302 3791 με.
1881 3725 1943 3771 ιιι
1977 3731 2061 3771 me
2086 3717 2349 3771 traderet.

274 3814 328 3867 4.
362 3815 473 3867 Καὶ
512 3813 926 3884 βουλευσάμενοι
963 3813 1280 3866 ὲκύκλωσάν
1317 3831 1403 3884 με.

1951 3813 2005 3868 4.
2038 3811 2106 3867 Et
2134 3812 2270 3867 inito
2296 3811 2526 3867 consilio
2550 3809 3026 3865 circumdederunt
3061 3825 3166 3865 me.

279 3907 330 3959 5.
370 3905 479 3958 Kal
515 3907 651 3974 μετά
679 3905 852 3972 ξύλων
879 3907 972 3958 καὶ
1009 3906 1292 3976 μαχαιρῶν
1340 3906 1586 3970 ἐλθόντες
1619 3906 1784 3978 ἐκρά-

1949 3907 2001 3961 5.
2043 3905 2256 3961 Etcum
2298 3904 2534 3960 fustibus
2576 3911 2632 3958 et
2658 3903 2852 3973 gladiis
2885 3904 3166 3960 venientes
3201 3918 3451 3970 compre-

193 3996 382 4067 ττμτάν
409 4013 474 4066 με
497 3995 715 4060 ἀδίκως.

1883 3999 2192 4055 benderunt
2223 4013 2309 4053 me
2338 3997 2556 4068 injuste.

278 4091 334 4143 6.
382 4089 555 4161 ’Υπὲρ
585 4081 658 4142 ὧν
678 4088 908 4159 ὤφειλον
936 4089 1154 4160 ἀγαπᾷν
1203 4108 1272 4162 με
1298 4130 1313 4156 ,
1343 4091 1422 4145 ὅτι
1469 4091 1592 4154 τοὺς
1625 4090 1786 4145 ἀσθε-

1953 4089 2007 4145 6.
2033 4088 2139 4144 Pro
2171 4090 2237 4144 iis
2272 4091 2342 4144 ob
2371 4105 2493 4160 quae
2522 4088 2784 4144 debebant
2811 4101 2898 4143 me
2917 4087 3161 4157 diligere,
3190 4087 3337 4158 quod
3364 4104 3454 4144 eo-

194 4183 433 4245 νοῦντας
463 4181 640 4235 αὐτῶν
675 4182 934 4253 ἰασάμην,
957 4183 1297 4254 κατηγόρουν
1320 4201 1418 4254 μου
1454 4184 1554 4253 (5).

1393 4202 1418 4235 υ
1454 4184 1554 4253 (5).
1885 4199 2004 4239 rum
2042 4182 2287 4237 inﬁrmos
2309 4181 2518 4245 sanavi,
2548 4180 2877 4236 accusabant
2909 4194 3016 4234 me.

280 4275 336 4327 7.
389 4274 530 4342 Ἐγὼ
557 4273 613 4326 δὲ
640 4275 1031 4346 προσηυχόμην
1050 4275 1220 4328 τύπον
1241 4279 1350 4338 τοῖς
1384 4276 1650 4347 μαθηταῖς
1684 4294 1784 4348 μου

1961 4275 2013 4329 7.
2045 4272 2159 4344 Ego
2189 4282 2368 4328 autem
2416 4273 2662 4338 orabam,
2706 4272 3013 4341 exemplum
3042 4271 3289 4341 praebens
3319 4274 3455 4328 meis

193 4367 387 4429 διδοὺς
424 4368 480 4418 ἐν
508 4365 684 4437 καιρῷ
719 4365 1032 4438 πειρασμοῦ
1062 4366 1236 4432 οὕτως
1258 4369 1679 4440 προσεύχεσθαι.

1888 4365 2172 4437 discipulis
2207 4373 2452 4434 tempore
2480 4362 2847 4417 tribulationis
2876 4362 3127 4416 similiter
3153 4376 3331 4418 orare.

279 4459 334 4514 8.
373 4459 480 4513 Kal
512 4457 717 4530 ὦρισαν
744 4460 1093 4532 ἀναιρεθῆναι
1136 4478 1205 4532 με
1249 4462 1370 4515 ἀντὶ
1394 4461 1500 4515 τῶν
1527 4461 1746 4532 ἀγαθῶν
1767 4503 1782 4529 ,
1817 4522 1852 4532 _

1835 4523 1852 4532 κ
1959 4459 2012 4514 8.
2049 4457 2116 4512 Et
2159 4465 2465 4512 statuerunt
2504 4471 2590 4510 me
2645 4455 2949 4510 interﬁcere
2996 4469 3096 4526 pro
3138 4453 3296 4510 bonis
3336 4469 3458 4526 qua:

199 4546 286 4605 ὧν
310 4551 399 4604 ἀεὶ
436 4551 710 4621 παρέσχον
741 4551 946 4614 αὐτοῖς.
1816 4523 1822 4576 1

836 4522 946 4614 εοξς.
991 4522 1002 4532 ’
1136 4522 1150 4532 ’
1574 4522 1585 4532 ’
1768 4522 1779 4529 ν
1816 4522 1859 4578 D
1890 4565 2106 4622 semper
2130 4550 2211 4606 eis
2236 4550 2459 4620 prazbui.

282 4642 334 4696 9.
376 4641 483 4694 Kal
519 4643 642 4696 ἀντὶ
666 4643 767 4714 τῆς
788 4644 1027 4715 ἀγάπης,
1055 4637 1123 4716 ἦς
1159 4645 1271 4718 ἐγὼ
1302 4644 1569 4715 ἠγάπησα
1596 4646 1793 4710 αὐτοὺς

1957 4647 2011 4700 9.
2039 4642 2104 4698 Et
2128 4659 2226 4715 pro
2255 4643 2546 4699 dilectione
2582 4657 2690 4714 qua
2729 4656 2825 4699 eos
2869 4657 2970 4715 ego
3002 4642 3186 4711 dilexi,
3216 4641 3344 4696 odio
3375 4657 3459 4696 me

201 4736 312 4806 (6),
337 4734 561 4804 ἐμίσουν
589 4752 677 4806 με.

596 4752 677 4806 με.
1890 4735 2219 4792 habuerunt.

286 4828 378 4892 10,
432 4826 518 4883 11.
568 4828 807 4899 Ἀρχέτω
860 4831 1063 4894 αὐτοῦ,
1124 4829 1218 4883 καὶ
1293 4827 1634 4900 κυριευσάτω
1699 4829 1791 4882 ἀπ’

1963 4826 2051 4894 10,
2088 4827 2173 4880 ll.
2199 4823 2256 4878 In
2306 4838 2372 4878 eo
2418 4821 2706 4893 imperium
2749 4837 2814 4878 ac
2841 4820 3268 4877 dominationem
3306 4832 3461 4873 excr-

204 4923 394 4992 ἀρχῆς
422 4919 499 4988 (7)
525 4921 847 4992 ἁμαρτωλὸς
870 4924 898 4974 ὁ
923 4921 1186 4984 διάόολος.

1889 4927 2009 4976 ceat
2030 4918 2300 4983 diabolus,
2335 4915 2427 4987 qui
2462 4915 2566 4970 fuit
2599 4916 2668 4970 ab
2693 4915 2850 4969 initio
2877 4923 3150 4984 peccator.

291 5009 380 5063 12.
420 5009 846 5080 Ἀναπολόγητος
873 5010 1014 5065 ἔστω
1036 5014 1095 5068 ὲν
1121 5014 1186 5084 τῇ
1205 5009 1390 5084 ἡμέρᾳ
1408 5009 1509 5082 τῆς
1539 5012 1770 5084 κρίσεως

1370 5009 1509 5083 ιιτῆς
1539 5012 1770 5084 κρίσεως
1963 5012 2050 5068 12.
2083 5010 2474 5068 inexcusabilis
2496 5010 2566 5065 sit
2594 5009 2648 5064 in
2675 5009 2762 5065 die
2785 5007 2993 5080 judicii.

292 5193 337 5224 ³⁹
372 5190 561 5247 Matth.
596 5209 744 5259 xxvn,
778 5193 865 5248 49.

1169 5335 1475 5399 Addenda
1513 5342 1574 5399 et
1606 5335 1980 5416 corrigenda
2008 5352 2088 5399 ex
2115 5336 2258 5399 cod.
2296 5333 2491 5395 Vatic.

292 5502 374 5578 (1)
404 5501 839 5578 Ανν-αμωρῶμεν.
899 5575 944 5578 __
1255 5575 1265 5578 _
1567 5577 1571 5578 ί
1660 5577 1682 5578 κγ
1962 5505 2038 5578 (4)
2073 5505 2402 5577 Λαμόάνειν.

294 5519 374 5571 (ιι
404 5519 545 5556 αυνα
638 5519 839 5574 υωμεν.

294 5559 469 5657 (.25.?!
495 5519 1103 5657 Qtﬁﬁg‘mlvaﬁpewi
1115 5575 1353 5657 περιέχει
1373 5593 1384 5605 ·
1404 5578 1498 5642 Εἰς
1531 5577 1782 5657 τὶτέλρς,

1962 5519 2038 5578 (4)
2073 5519 2402 5577 Λαμοανειν.

1566 5577 1782 5657 ὶτέλὸν
1963 5579 2200 5657 (5.3)?!“-
2274 5648 2284 5657 .
2470 5639 2496 5657 .
2570 5644 2581 5656 .
2652 5640 2662 5653 .

294 5591 372 5654 (Ζ)
423 5591 469 5626 n
495 5591 584 5628 οια
604 5591 704 5697 ττὲς
728 5591 1094 5646 κινναοαρεως
1115 5591 1353 5646 περιεχει
1373 5593 1384 5605 ·
1404 5591 1498 5642 Et;
1531 5591 1589 5630 το
1612 5591 1782 5640 τεΑος,
1963 5591 2041 5645 (δ)
2078 5591 2200 5630 Μοι.
2652 5640 2662 5653 ,
2992 5637 3004 5651 δ
3177 5633 3190 5651 ο

211 5643 437 5768 «latro;
459 5644 540 5726 τέρ
568 5647 646 5698 Aa
684 5645 749 5702 ιδ.
783 5647 949 5702 Τοῦτο
963 5644 1055 5701 οὖν
1075 5645 1242 5718 δηλοῖ,
1272 5647 1412 5715 Ὅτι,
1438 5658 1541 5705 etc.
1568 5648 1786 5718 Συμσή-
1966 5648 2040 5718 (6)
2082 5648 2438 5733 ’ἀγαπήσεως
2465 5639 2532 5715 ἦς
2563 5644 2824 5724 ῂγαπησα
2858 5639 3051 5700 αὐτους
3095 5637 3225 5706 ἐγω,
3260 5641 3365 5691 εισι

215 5731 284 5768 σε
357 5733 416 5768 αι
445 5731 544 5768 τω.
570 5729 673 5768 etc.
1969 5719 2046 5768 (7i
2077 5719 2250 5768 Δυτου
2280 5719 2308 5768 ὸ
2342 5718 2435 5768 an‘
2463 5717 2654 5768 ammc.
2685 5721 2786 5767 etc.

256 5717 416 5769 εσθαι
445 5717 544 5784 τῷ,
570 5729 673 5771 etc.
1649 5717 1657 5718 ί

295 5786 372 5858 (δ)
411 5786 464 5839 Ὀ
493 5787 663 5842 deest.

1649 5717 1657 5718 “
1969 5717 2046 5790 ('7)
2077 5718 2250 5771 Αὑτοῦ
2280 5717 2308 5770 ὸ
2342 5718 2435 5772 ἀπ’
2463 5717 2654 5786 ἀρχῆς,
2685 5721 2785 5767 etc.

411 5786 464 5839 '0
493 5787 663 5842 deest.
