  <div class='ocr_page' id='page_1' title='image "/cluster/home/n/w/nwhite01/storage/ocr_20150623/27/pst.000005712182/577.png"; bbox 0 0 4066 6318; ppageno 0'>
   <div class='ocr_carea' id='block_1_1' title="bbox 717 339 3949 404">
    <p class='ocr_par' dir='ltr' id='par_1_1' title="bbox 717 339 3949 404">
     <span class='ocr_line' id='line_1_1' title="bbox 717 339 3949 404; baseline -0.002 -1"><span class='ocrx_word' id='word_1_1' title='bbox 717 347 854 404; x_wconf 78' lang='grc'><strong>1139</strong></span> <span class='ocrx_word' id='word_1_2' title='bbox 1554 345 1607 398; x_wconf 87' lang='lat' dir='ltr'><strong>S.</strong></span> <span class='ocrx_word' id='word_1_3' title='bbox 1652 343 2025 400; x_wconf 78' lang='lat' dir='ltr'><strong>ATHANASII</strong></span> <span class='ocrx_word' id='word_1_4' title='bbox 2065 343 2214 398; x_wconf 85' lang='lat' dir='ltr'><strong>OPP.</strong></span> <span class='ocrx_word' id='word_1_5' title='bbox 2257 342 2435 395; x_wconf 78' lang='lat' dir='ltr'><strong>PARS</strong></span> <span class='ocrx_word' id='word_1_6' title='bbox 2465 339 2552 395; x_wconf 85' lang='grc'><strong>111.</strong></span> <span class='ocrx_word' id='word_1_7' title='bbox 2593 369 2662 381; x_wconf 91' lang='grc'><strong>--</strong></span> <span class='ocrx_word' id='word_1_8' title='bbox 2698 340 3111 397; x_wconf 74' lang='lat' dir='ltr'><strong>EXEGETICA.</strong></span> <span class='ocrx_word' id='word_1_9' title='bbox 3825 346 3949 398; x_wconf 77' lang='grc'><strong>1140</strong></span> 
     </span>
    </p>
   </div>
   <div class='ocr_carea' id='block_1_2' title="bbox 790 457 2396 532">
    <p class='ocr_par' dir='ltr' id='par_1_2' title="bbox 790 460 2347 532">
     <span class='ocr_line' id='line_1_2' title="bbox 790 460 2347 532; baseline 0.001 -14"><span class='ocrx_word' id='word_1_10' title='bbox 790 464 874 518; x_wconf 75' lang='grc'><strong>15.</strong></span> <span class='ocrx_word' id='word_1_11' title='bbox 905 463 972 518; x_wconf 85' lang='lat' dir='ltr'><strong>Et</strong></span> <span class='ocrx_word' id='word_1_12' title='bbox 999 462 1174 516; x_wconf 80' lang='lat' dir='ltr'><strong>oratio</strong></span> <span class='ocrx_word' id='word_1_13' title='bbox 1206 461 1325 532; x_wconf 86' lang='lat' dir='ltr'><strong>ejus</strong></span> <span class='ocrx_word' id='word_1_14' title='bbox 1354 460 1448 514; x_wconf 87' lang='lat' dir='ltr'><strong>tiat</strong></span> <span class='ocrx_word' id='word_1_15' title='bbox 1469 477 1524 514; x_wconf 78' lang='lat' dir='ltr'><strong>in</strong></span> <span class='ocrx_word' id='word_1_16' title='bbox 1553 471 1858 531; x_wconf 86' lang='lat' dir='ltr'><strong>peccatum.</strong></span> <span class='ocrx_word' id='word_1_17' title='bbox 2301 464 2347 519; x_wconf 78' lang='grc' dir='ltr'><strong>Δ</strong></span> 
     </span>
    </p>
   </div>
   <div class='ocr_carea' id='block_1_3' title="bbox 2324 457 3930 532">
    <p class='ocr_par' dir='ltr' id='par_1_3' title="bbox 2324 457 3930 532">
     <span class='ocr_line' id='line_1_3' title="bbox 2324 457 3930 532; baseline 0.002 -23"><span class='ocrx_word' id='word_1_18' title='bbox 2324 464 2347 518; x_wconf 60' lang='grc' dir='ltr'>ι</span> <span class='ocrx_word' id='word_1_19' title='bbox 2444 457 2530 510; x_wconf 81' lang='grc'><strong>15.</strong></span> <span class='ocrx_word' id='word_1_20' title='bbox 2566 457 2672 509; x_wconf 86' lang='lat' dir='ltr'><strong>Kal</strong></span> <span class='ocrx_word' id='word_1_21' title='bbox 2697 458 2729 527; x_wconf 82' lang='grc' dir='ltr'>ἡ</span> <span class='ocrx_word' id='word_1_22' title='bbox 2760 457 3223 528; x_wconf 85' lang='grc' dir='ltr'>προσευχὴαὺτοῦ</span> <span class='ocrx_word' id='word_1_23' title='bbox 3251 460 3494 528; x_wconf 79' lang='grc' dir='ltr'><strong>γενέσθω</strong></span> <span class='ocrx_word' id='word_1_24' title='bbox 3517 462 3600 524; x_wconf 83' lang='grc' dir='ltr'><strong>εἰς</strong></span> <span class='ocrx_word' id='word_1_25' title='bbox 3638 462 3930 532; x_wconf 67' lang='grc' dir='ltr'>ἁμαρτίαν.</span> 
     </span>
    </p>
   </div>
   <div class='ocr_carea' id='block_1_4' title="bbox 791 547 2397 623">
    <p class='ocr_par' dir='ltr' id='par_1_4' title="bbox 791 552 1579 623">
     <span class='ocr_line' id='line_1_4' title="bbox 791 552 1579 623; baseline -0.004 -15"><span class='ocrx_word' id='word_1_26' title='bbox 791 556 874 608; x_wconf 75' lang='grc'><strong>11.</strong></span> <span class='ocrx_word' id='word_1_27' title='bbox 904 552 1064 608; x_wconf 89' lang='lat' dir='ltr'><strong>Fiant</strong></span> <span class='ocrx_word' id='word_1_28' title='bbox 1093 553 1207 609; x_wconf 86' lang='lat' dir='ltr'><strong>dies</strong></span> <span class='ocrx_word' id='word_1_29' title='bbox 1232 553 1352 622; x_wconf 83' lang='lat' dir='ltr'><strong>ejus</strong></span> <span class='ocrx_word' id='word_1_30' title='bbox 1376 553 1534 623; x_wconf 82' lang='lat' dir='ltr'><strong>pauci</strong></span> <span class='ocrx_word' id='word_1_31' title='bbox 1563 567 1579 605; x_wconf 90' lang='lat'><strong>:</strong></span> 
     </span>
    </p>
   </div>
   <div class='ocr_carea' id='block_1_5' title="bbox 2086 547 3692 623">
    <p class='ocr_par' dir='ltr' id='par_1_5' title="bbox 2455 547 3692 621">
     <span class='ocr_line' id='line_1_5' title="bbox 2455 547 3692 621; baseline 0.002 -22"><span class='ocrx_word' id='word_1_32' title='bbox 2455 548 2538 600; x_wconf 77' lang='grc' dir='ltr'><strong>Η.</strong></span> <span class='ocrx_word' id='word_1_33' title='bbox 2577 547 2614 599; x_wconf 85' lang='grc' dir='ltr'><strong><em>Γ</em></strong></span> <span class='ocrx_word' id='word_1_34' title='bbox 2617 547 2966 618; x_wconf 81' lang='grc' dir='ltr'>ενηθήτωσαν</span> <span class='ocrx_word' id='word_1_35' title='bbox 2994 550 3050 602; x_wconf 90' lang='grc' dir='ltr'>αἱ</span> <span class='ocrx_word' id='word_1_36' title='bbox 3080 551 3282 621; x_wconf 78' lang='grc' dir='ltr'><strong>ἡμέραι</strong></span> <span class='ocrx_word' id='word_1_37' title='bbox 3311 550 3475 603; x_wconf 80' lang='grc' dir='ltr'>αὐτοῦ</span> <span class='ocrx_word' id='word_1_38' title='bbox 3510 551 3692 619; x_wconf 80' lang='grc' dir='ltr'><strong>ὀλίγαι</strong></span> 
     </span>
    </p>
   </div>
   <div class='ocr_carea' id='block_1_6' title="bbox 793 639 2399 716">
    <p class='ocr_par' dir='ltr' id='par_1_6' title="bbox 793 645 1958 716">
     <span class='ocr_line' id='line_1_6' title="bbox 793 645 1958 716; baseline -0.001 -18"><span class='ocrx_word' id='word_1_39' title='bbox 793 647 874 700; x_wconf 77' lang='grc'><strong>15.</strong></span> <span class='ocrx_word' id='word_1_40' title='bbox 911 645 976 699; x_wconf 86' lang='grc' dir='ltr'>Ει</span> <span class='ocrx_word' id='word_1_41' title='bbox 1009 645 1376 715; x_wconf 89' lang='lat' dir='ltr'><strong>episcopatum</strong></span> <span class='ocrx_word' id='word_1_42' title='bbox 1407 645 1524 713; x_wconf 87' lang='lat' dir='ltr'><strong>ejus</strong></span> <span class='ocrx_word' id='word_1_43' title='bbox 1546 646 1776 716; x_wconf 84' lang='lat' dir='ltr'><strong>accipiat</strong></span> <span class='ocrx_word' id='word_1_44' title='bbox 1803 647 1958 700; x_wconf 90' lang='lat' dir='ltr'><strong>alter.</strong></span> 
     </span>
    </p>
   </div>
   <div class='ocr_carea' id='block_1_7' title="bbox 2137 639 3743 716">
    <p class='ocr_par' dir='ltr' id='par_1_7' title="bbox 2455 639 3743 711">
     <span class='ocr_line' id='line_1_7' title="bbox 2455 639 3743 711; baseline 0.003 -21"><span class='ocrx_word' id='word_1_45' title='bbox 2455 639 2537 692; x_wconf 76' lang='grc'><strong>15.</strong></span> <span class='ocrx_word' id='word_1_46' title='bbox 2577 639 2686 692; x_wconf 82' lang='grc' dir='ltr'>Καὶ</span> <span class='ocrx_word' id='word_1_47' title='bbox 2709 640 2807 710; x_wconf 84' lang='grc' dir='ltr'>τὴν</span> <span class='ocrx_word' id='word_1_48' title='bbox 2836 641 3138 710; x_wconf 78' lang='grc' dir='ltr'>ἐπισκοπὴν</span> <span class='ocrx_word' id='word_1_49' title='bbox 3164 640 3325 694; x_wconf 80' lang='grc' dir='ltr'>αὐτοῦ</span> <span class='ocrx_word' id='word_1_50' title='bbox 3360 640 3513 694; x_wconf 75' lang='grc' dir='ltr'>λάϐοι</span> <span class='ocrx_word' id='word_1_51' title='bbox 3534 641 3743 711; x_wconf 75' lang='grc' dir='ltr'>ἔτερος.</span> 
     </span>
    </p>
   </div>
   <div class='ocr_carea' id='block_1_8' title="bbox 790 730 2396 803">
    <p class='ocr_par' dir='ltr' id='par_1_8' title="bbox 790 731 1619 802">
     <span class='ocr_line' id='line_1_8' title="bbox 790 731 1619 802; baseline 0 -16"><span class='ocrx_word' id='word_1_52' title='bbox 790 735 874 787; x_wconf 86' lang='grc'><strong>16.</strong></span> <span class='ocrx_word' id='word_1_53' title='bbox 906 731 1061 786; x_wconf 80' lang='lat' dir='ltr'><strong>Fiant</strong></span> <span class='ocrx_word' id='word_1_54' title='bbox 1089 732 1182 785; x_wconf 83' lang='lat' dir='ltr'><strong>tilii</strong></span> <span class='ocrx_word' id='word_1_55' title='bbox 1212 733 1332 801; x_wconf 82' lang='lat' dir='ltr'><strong>ejus</strong></span> <span class='ocrx_word' id='word_1_56' title='bbox 1355 732 1582 802; x_wconf 89' lang='lat' dir='ltr'><strong>orphani</strong></span> <span class='ocrx_word' id='word_1_57' title='bbox 1607 750 1619 786; x_wconf 90' lang='lat'><strong>:</strong></span> 
     </span>
    </p>
   </div>
   <div class='ocr_carea' id='block_1_9' title="bbox 2043 730 3649 803">
    <p class='ocr_par' dir='ltr' id='par_1_9' title="bbox 2455 730 3649 803">
     <span class='ocr_line' id='line_1_9' title="bbox 2455 730 3649 803; baseline 0.002 -21"><span class='ocrx_word' id='word_1_58' title='bbox 2455 730 2537 783; x_wconf 82' lang='grc'><strong>16.</strong></span> <span class='ocrx_word' id='word_1_59' title='bbox 2569 731 2959 801; x_wconf 81' lang='grc' dir='ltr'>Γενηθήτωσαν</span> <span class='ocrx_word' id='word_1_60' title='bbox 2988 732 3038 783; x_wconf 83' lang='grc' dir='ltr'>οἱ</span> <span class='ocrx_word' id='word_1_61' title='bbox 3063 732 3169 783; x_wconf 70' lang='grc' dir='ltr'>υἱοὶ</span> <span class='ocrx_word' id='word_1_62' title='bbox 3193 732 3354 785; x_wconf 78' lang='grc' dir='ltr'>αὑτοῦ</span> <span class='ocrx_word' id='word_1_63' title='bbox 3387 732 3649 803; x_wconf 74' lang='grc' dir='ltr'>ὀρφανοί·</span> 
     </span>
    </p>
   </div>
   <div class='ocr_carea' id='block_1_10' title="bbox 787 822 2393 895">
    <p class='ocr_par' dir='ltr' id='par_1_10' title="bbox 787 825 1478 895">
     <span class='ocr_line' id='line_1_10' title="bbox 787 825 1478 895; baseline -0.001 -16"><span class='ocrx_word' id='word_1_64' title='bbox 787 827 869 879; x_wconf 87' lang='grc'><strong>17.</strong></span> <span class='ocrx_word' id='word_1_65' title='bbox 899 825 965 878; x_wconf 81' lang='lat' dir='ltr'><strong>Et</strong></span> <span class='ocrx_word' id='word_1_66' title='bbox 992 841 1128 879; x_wconf 75' lang='lat' dir='ltr'><strong>uxor</strong></span> <span class='ocrx_word' id='word_1_67' title='bbox 1153 826 1273 895; x_wconf 83' lang='lat' dir='ltr'><strong>ejus</strong></span> <span class='ocrx_word' id='word_1_68' title='bbox 1303 826 1478 878; x_wconf 81' lang='lat' dir='ltr'><strong>vidua.</strong></span> 
     </span>
    </p>
   </div>
   <div class='ocr_carea' id='block_1_11' title="bbox 1672 822 3278 895">
    <p class='ocr_par' dir='ltr' id='par_1_11' title="bbox 2454 822 3278 894">
     <span class='ocr_line' id='line_1_11' title="bbox 2454 822 3278 894; baseline 0.004 -20"><span class='ocrx_word' id='word_1_69' title='bbox 2454 823 2538 876; x_wconf 89' lang='grc'><strong>17.</strong></span> <span class='ocrx_word' id='word_1_70' title='bbox 2569 825 2676 878; x_wconf 90' lang='lat' dir='ltr'><strong>Kal</strong></span> <span class='ocrx_word' id='word_1_71' title='bbox 2707 824 2741 894; x_wconf 80' lang='grc' dir='ltr'>ἡ</span> <span class='ocrx_word' id='word_1_72' title='bbox 2774 824 2910 894; x_wconf 78' lang='grc' dir='ltr'>γυνὴ</span> <span class='ocrx_word' id='word_1_73' title='bbox 2930 822 3092 876; x_wconf 77' lang='grc' dir='ltr'>αὐτοῦ</span> <span class='ocrx_word' id='word_1_74' title='bbox 3119 825 3278 894; x_wconf 82' lang='grc' dir='ltr'>χήρα.</span> 
     </span>
    </p>
   </div>
   <div class='ocr_carea' id='block_1_12' title="bbox 793 913 2399 988">
    <p class='ocr_par' dir='ltr' id='par_1_12' title="bbox 793 916 2275 988">
     <span class='ocr_line' id='line_1_12' title="bbox 793 916 2275 988; baseline -0.001 -18"><span class='ocrx_word' id='word_1_75' title='bbox 793 919 873 972; x_wconf 86' lang='lat' dir='ltr'><strong>t8.</strong></span> <span class='ocrx_word' id='word_1_76' title='bbox 903 918 1166 972; x_wconf 71' lang='lat' dir='ltr'><strong>Nutantes</strong></span> <span class='ocrx_word' id='word_1_77' title='bbox 1219 917 1614 973; x_wconf 82' lang='lat' dir='ltr'><strong>transferantur</strong></span> <span class='ocrx_word' id='word_1_78' title='bbox 1668 917 1762 972; x_wconf 74' lang='lat' dir='ltr'><strong>filii</strong></span> <span class='ocrx_word' id='word_1_79' title='bbox 1809 916 1928 988; x_wconf 86' lang='lat' dir='ltr'><strong>ejus</strong></span> <span class='ocrx_word' id='word_1_80' title='bbox 1969 927 2022 971; x_wconf 91' lang='lat' dir='ltr'><strong>et</strong></span> <span class='ocrx_word' id='word_1_81' title='bbox 2066 917 2275 970; x_wconf 76' lang='lat' dir='ltr'><strong>mendi-</strong></span> 
     </span>
    </p>
   </div>
   <div class='ocr_carea' id='block_1_13' title="bbox 2343 913 3949 988">
    <p class='ocr_par' dir='ltr' id='par_1_13' title="bbox 2457 913 3949 985">
     <span class='ocr_line' id='line_1_13' title="bbox 2457 913 3949 985; baseline 0.001 -21"><span class='ocrx_word' id='word_1_82' title='bbox 2457 914 2538 966; x_wconf 86' lang='grc'><strong>18.</strong></span> <span class='ocrx_word' id='word_1_83' title='bbox 2579 913 2932 984; x_wconf 84' lang='grc' dir='ltr'>Σαλευόμενοι</span> <span class='ocrx_word' id='word_1_84' title='bbox 2969 917 3458 985; x_wconf 86' lang='grc' dir='ltr'>μεταναστήτωσαν</span> <span class='ocrx_word' id='word_1_85' title='bbox 3506 917 3556 967; x_wconf 84' lang='grc' dir='ltr'>οἱ</span> <span class='ocrx_word' id='word_1_86' title='bbox 3609 915 3721 968; x_wconf 78' lang='grc' dir='ltr'>υἱοὶ</span> <span class='ocrx_word' id='word_1_87' title='bbox 3773 915 3949 974; x_wconf 68' lang='grc' dir='ltr'>αὑτοῦ,</span> 
     </span>
    </p>
   </div>
   <div class='ocr_carea' id='block_1_14' title="bbox 719 1005 2325 1076">
    <p class='ocr_par' dir='ltr' id='par_1_14' title="bbox 719 1020 877 1066">
     <span class='ocr_line' id='line_1_14' title="bbox 719 1020 877 1066; baseline 0.013 -3"><span class='ocrx_word' id='word_1_88' title='bbox 719 1020 839 1066; x_wconf 70' lang='lat' dir='ltr'><strong>rem</strong></span> <span class='ocrx_word' id='word_1_89' title='bbox 862 1029 877 1065; x_wconf 84' lang='lat'><strong>:</strong></span> 
     </span>
    </p>
   </div>
   <div class='ocr_carea' id='block_1_15' title="bbox 1364 1005 2970 1076">
    <p class='ocr_par' dir='ltr' id='par_1_15' title="bbox 2385 1005 2970 1076">
     <span class='ocr_line' id='line_1_15' title="bbox 2385 1005 2970 1076; baseline 0.003 -19"><span class='ocrx_word' id='word_1_90' title='bbox 2385 1007 2476 1058; x_wconf 78' lang='grc' dir='ltr'><strong>καὶ</strong></span> <span class='ocrx_word' id='word_1_91' title='bbox 2499 1005 2970 1076; x_wconf 79' lang='grc' dir='ltr'>ἐπαιτησάτωσαν·</span> 
     </span>
    </p>
   </div>
   <div class='ocr_carea' id='block_1_16' title="bbox 790 1095 2396 1171">
    <p class='ocr_par' dir='ltr' id='par_1_16' title="bbox 790 1101 1903 1171">
     <span class='ocr_line' id='line_1_16' title="bbox 790 1101 1903 1171; baseline 0 -16"><span class='ocrx_word' id='word_1_92' title='bbox 790 1105 874 1156; x_wconf 81' lang='grc'><strong>19.</strong></span> <span class='ocrx_word' id='word_1_93' title='bbox 906 1101 1200 1171; x_wconf 86' lang='lat' dir='ltr'><strong>Ejiciantur</strong></span> <span class='ocrx_word' id='word_1_94' title='bbox 1225 1102 1292 1157; x_wconf 90' lang='lat' dir='ltr'><strong>de</strong></span> <span class='ocrx_word' id='word_1_95' title='bbox 1318 1104 1745 1158; x_wconf 81' lang='lat' dir='ltr'><strong>habitationibus</strong></span> <span class='ocrx_word' id='word_1_96' title='bbox 1769 1103 1903 1159; x_wconf 88' lang='lat' dir='ltr'><strong>suis.</strong></span> 
     </span>
    </p>
   </div>
   <div class='ocr_carea' id='block_1_17' title="bbox 2219 1095 3825 1171">
    <p class='ocr_par' dir='ltr' id='par_1_17' title="bbox 2454 1095 3825 1168">
     <span class='ocr_line' id='line_1_17' title="bbox 2454 1095 3825 1168; baseline 0 -19"><span class='ocrx_word' id='word_1_97' title='bbox 2454 1096 2538 1150; x_wconf 87' lang='grc'><strong>19.</strong></span> <span class='ocrx_word' id='word_1_98' title='bbox 2575 1095 3024 1168; x_wconf 78' lang='grc' dir='ltr'>Ἐκϐληθήτωσαν</span> <span class='ocrx_word' id='word_1_99' title='bbox 3049 1099 3113 1149; x_wconf 80' lang='grc' dir='ltr'><strong>ἐκ</strong></span> <span class='ocrx_word' id='word_1_100' title='bbox 3140 1098 3246 1150; x_wconf 79' lang='grc' dir='ltr'>τῶν</span> <span class='ocrx_word' id='word_1_101' title='bbox 3275 1098 3572 1150; x_wconf 78' lang='grc' dir='ltr'><strong>οἰκοπέδων</strong></span> <span class='ocrx_word' id='word_1_102' title='bbox 3611 1098 3825 1150; x_wconf 65' lang='grc' dir='ltr'>αὐτῶν.</span> 
     </span>
    </p>
   </div>
   <div class='ocr_carea' id='block_1_18' title="bbox 781 1189 2387 1260">
    <p class='ocr_par' dir='ltr' id='par_1_18' title="bbox 781 1190 2272 1251">
     <span class='ocr_line' id='line_1_18' title="bbox 781 1190 2272 1251; baseline 0.002 -8"><span class='ocrx_word' id='word_1_103' title='bbox 781 1191 874 1244; x_wconf 85' lang='grc'><strong>20.</strong></span> <span class='ocrx_word' id='word_1_104' title='bbox 906 1190 1187 1245; x_wconf 89' lang='lat' dir='ltr'><strong>Scrutetur</strong></span> <span class='ocrx_word' id='word_1_105' title='bbox 1207 1191 1480 1247; x_wconf 68' lang='lat' dir='ltr'><strong>fenerator</strong></span> <span class='ocrx_word' id='word_1_106' title='bbox 1502 1207 1720 1249; x_wconf 86' lang='lat' dir='ltr'><strong>omnem</strong></span> <span class='ocrx_word' id='word_1_107' title='bbox 1743 1194 2097 1250; x_wconf 80' lang='lat' dir='ltr'><strong>substantiam</strong></span> <span class='ocrx_word' id='word_1_108' title='bbox 2123 1193 2272 1251; x_wconf 88' lang='lat' dir='ltr'><strong>eius:</strong></span> 
     </span>
    </p>
   </div>
   <div class='ocr_carea' id='block_1_19' title="bbox 2345 1189 3951 1260">
    <p class='ocr_par' dir='ltr' id='par_1_19' title="bbox 2450 1189 3951 1260">
     <span class='ocr_line' id='line_1_19' title="bbox 2450 1189 3951 1260; baseline 0.001 -20"><span class='ocrx_word' id='word_1_109' title='bbox 2450 1189 2537 1241; x_wconf 85' lang='lat'><strong>20.</strong></span> <span class='ocrx_word' id='word_1_110' title='bbox 2586 1189 3021 1260; x_wconf 76' lang='grc' dir='ltr'>Ἐξερευνησὰτω</span> <span class='ocrx_word' id='word_1_111' title='bbox 3047 1189 3328 1259; x_wconf 79' lang='grc' dir='ltr'><strong>δανειστὴς</strong></span> <span class='ocrx_word' id='word_1_112' title='bbox 3365 1190 3546 1242; x_wconf 79' lang='grc' dir='ltr'>πάντα</span> <span class='ocrx_word' id='word_1_113' title='bbox 3572 1232 3585 1254; x_wconf 87' lang='grc'><strong><em>,</em></strong></span> <span class='ocrx_word' id='word_1_114' title='bbox 3636 1191 3744 1243; x_wconf 79' lang='grc' dir='ltr'>ὅσα</span> <span class='ocrx_word' id='word_1_115' title='bbox 3777 1190 3951 1260; x_wconf 71' lang='grc' dir='ltr'>ὑπάρ-</span> 
     </span>
    </p>
   </div>
   <div class='ocr_carea' id='block_1_20' title="bbox 2385 1276 2684 1347">
    <p class='ocr_par' dir='ltr' id='par_1_20' title="bbox 2385 1276 2684 1347">
     <span class='ocr_line' id='line_1_20' title="bbox 2385 1276 2684 1347; baseline 0 -20"><span class='ocrx_word' id='word_1_116' title='bbox 2385 1295 2466 1347; x_wconf 81' lang='grc' dir='ltr'>χει</span> <span class='ocrx_word' id='word_1_117' title='bbox 2501 1276 2650 1346; x_wconf 80' lang='grc' dir='ltr'>αὑτῷ</span> <span class='ocrx_word' id='word_1_118' title='bbox 2672 1293 2684 1306; x_wconf 91' lang='grc'><strong>·</strong></span> 
     </span>
    </p>
   </div>
   <div class='ocr_carea' id='block_1_21' title="bbox 785 1368 2391 1444">
    <p class='ocr_par' dir='ltr' id='par_1_21' title="bbox 785 1371 1849 1444">
     <span class='ocr_line' id='line_1_21' title="bbox 785 1371 1849 1444; baseline 0.003 -19"><span class='ocrx_word' id='word_1_119' title='bbox 785 1374 870 1427; x_wconf 85' lang='grc'><strong>21.</strong></span> <span class='ocrx_word' id='word_1_120' title='bbox 901 1371 965 1427; x_wconf 84' lang='lat' dir='ltr'><strong>Et</strong></span> <span class='ocrx_word' id='word_1_121' title='bbox 996 1373 1254 1443; x_wconf 87' lang='lat' dir='ltr'><strong>diripiant</strong></span> <span class='ocrx_word' id='word_1_122' title='bbox 1277 1373 1437 1428; x_wconf 86' lang='lat' dir='ltr'><strong>alieni</strong></span> <span class='ocrx_word' id='word_1_123' title='bbox 1469 1375 1684 1430; x_wconf 87' lang='lat' dir='ltr'><strong>labores</strong></span> <span class='ocrx_word' id='word_1_124' title='bbox 1709 1375 1849 1444; x_wconf 85' lang='lat' dir='ltr'><strong>ejus.</strong></span> 
     </span>
    </p>
   </div>
   <div class='ocr_carea' id='block_1_22' title="bbox 2344 1368 3950 1444">
    <p class='ocr_par' dir='ltr' id='par_1_22' title="bbox 2451 1368 3950 1441">
     <span class='ocr_line' id='line_1_22' title="bbox 2451 1368 3950 1441; baseline 0 -21"><span class='ocrx_word' id='word_1_125' title='bbox 2451 1368 2512 1420; x_wconf 97' lang='grc'><strong>21</strong></span> <span class='ocrx_word' id='word_1_126' title='bbox 2526 1409 2538 1421; x_wconf 94' lang='grc'>.</span> <span class='ocrx_word' id='word_1_127' title='bbox 2558 1369 2666 1420; x_wconf 95' lang='lat' dir='ltr'><strong>Kal</strong></span> <span class='ocrx_word' id='word_1_128' title='bbox 2678 1368 3128 1440; x_wconf 85' lang='grc' dir='ltr'>διαρπασάτωσαν</span> <span class='ocrx_word' id='word_1_129' title='bbox 3145 1369 3542 1441; x_wconf 66' lang='grc' dir='ltr'>ἀλλότριοιτοὺς</span> <span class='ocrx_word' id='word_1_130' title='bbox 3561 1373 3760 1434; x_wconf 79' lang='grc' dir='ltr'>πόνους</span> <span class='ocrx_word' id='word_1_131' title='bbox 3773 1371 3950 1424; x_wconf 66' lang='grc' dir='ltr'>αὑτοῦ.</span> 
     </span>
    </p>
   </div>
   <div class='ocr_carea' id='block_1_23' title="bbox 784 1459 2390 1534">
    <p class='ocr_par' dir='ltr' id='par_1_23' title="bbox 784 1464 1464 1534">
     <span class='ocr_line' id='line_1_23' title="bbox 784 1464 1464 1534; baseline 0 -16"><span class='ocrx_word' id='word_1_132' title='bbox 784 1467 872 1520; x_wconf 81' lang='grc'><strong>22.</strong></span> <span class='ocrx_word' id='word_1_133' title='bbox 907 1464 1024 1520; x_wconf 77' lang='lat' dir='ltr'><strong>Non</strong></span> <span class='ocrx_word' id='word_1_134' title='bbox 1048 1468 1118 1522; x_wconf 87' lang='lat' dir='ltr'><strong>sit</strong></span> <span class='ocrx_word' id='word_1_135' title='bbox 1149 1467 1224 1521; x_wconf 87' lang='lat' dir='ltr'><strong>illi</strong></span> <span class='ocrx_word' id='word_1_136' title='bbox 1251 1466 1464 1534; x_wconf 87' lang='lat' dir='ltr'><strong>adjutor</strong></span> 
     </span>
    </p>
   </div>
   <div class='ocr_carea' id='block_1_24' title="bbox 1967 1459 3573 1534">
    <p class='ocr_par' dir='ltr' id='par_1_24' title="bbox 2453 1459 3573 1531">
     <span class='ocr_line' id='line_1_24' title="bbox 2453 1459 3573 1531; baseline 0.002 -21"><span class='ocrx_word' id='word_1_137' title='bbox 2453 1459 2541 1511; x_wconf 89' lang='lat'><strong>22.</strong></span> <span class='ocrx_word' id='word_1_138' title='bbox 2575 1460 2664 1530; x_wconf 82' lang='grc' dir='ltr'><strong>Μὴ</strong></span> <span class='ocrx_word' id='word_1_139' title='bbox 2697 1459 2991 1530; x_wconf 77' lang='grc' dir='ltr'>ὑπαρξάτω</span> <span class='ocrx_word' id='word_1_140' title='bbox 3017 1460 3166 1529; x_wconf 85' lang='grc' dir='ltr'>αὐτῷ</span> <span class='ocrx_word' id='word_1_141' title='bbox 3198 1461 3573 1531; x_wconf 77' lang='grc' dir='ltr'>ἅντιλήπτωρ·</span> 
     </span>
    </p>
   </div>
   <div class='ocr_carea' id='block_1_25' title="bbox 781 1551 2387 1628">
    <p class='ocr_par' dir='ltr' id='par_1_25' title="bbox 781 1555 1996 1628">
     <span class='ocr_line' id='line_1_25' title="bbox 781 1555 1996 1628; baseline -0.002 -17"><span class='ocrx_word' id='word_1_142' title='bbox 781 1561 872 1612; x_wconf 81' lang='grc'><strong>25.</strong></span> <span class='ocrx_word' id='word_1_143' title='bbox 911 1557 1018 1613; x_wconf 82' lang='lat' dir='ltr'><strong>Nec</strong></span> <span class='ocrx_word' id='word_1_144' title='bbox 1049 1559 1119 1613; x_wconf 88' lang='lat' dir='ltr'><strong>sit</strong></span> <span class='ocrx_word' id='word_1_145' title='bbox 1139 1559 1229 1628; x_wconf 90' lang='lat' dir='ltr'><strong>qui</strong></span> <span class='ocrx_word' id='word_1_146' title='bbox 1265 1559 1587 1612; x_wconf 83' lang='lat' dir='ltr'><strong>misereatur</strong></span> <span class='ocrx_word' id='word_1_147' title='bbox 1613 1555 1828 1625; x_wconf 86' lang='lat' dir='ltr'><strong>pupillis</strong></span> <span class='ocrx_word' id='word_1_148' title='bbox 1857 1555 1996 1626; x_wconf 85' lang='lat' dir='ltr'><strong>ejus.</strong></span> 
     </span>
    </p>
   </div>
   <div class='ocr_carea' id='block_1_26' title="bbox 2345 1551 3951 1628">
    <p class='ocr_par' dir='ltr' id='par_1_26' title="bbox 2450 1551 3951 1622">
     <span class='ocr_line' id='line_1_26' title="bbox 2450 1551 3951 1622; baseline -0.001 -18"><span class='ocrx_word' id='word_1_149' title='bbox 2450 1553 2538 1606; x_wconf 79' lang='lat'><strong>23.</strong></span> <span class='ocrx_word' id='word_1_150' title='bbox 2565 1553 2716 1621; x_wconf 81' lang='grc' dir='ltr'><strong>Μηδὲ</strong></span> <span class='ocrx_word' id='word_1_151' title='bbox 2740 1553 3020 1622; x_wconf 79' lang='grc' dir='ltr'><strong>γενηθήτω</strong></span> <span class='ocrx_word' id='word_1_152' title='bbox 3039 1551 3337 1622; x_wconf 73' lang='grc' dir='ltr'>οἰκτίρμων</span> <span class='ocrx_word' id='word_1_153' title='bbox 3357 1556 3468 1616; x_wconf 85' lang='grc' dir='ltr'>τοῖς</span> <span class='ocrx_word' id='word_1_154' title='bbox 3487 1553 3753 1621; x_wconf 59' lang='grc' dir='ltr'>ὀρφανοῖς</span> <span class='ocrx_word' id='word_1_155' title='bbox 3779 1552 3951 1605; x_wconf 70' lang='grc' dir='ltr'>αὑτοῦ.</span> 
     </span>
    </p>
   </div>
   <div class='ocr_carea' id='block_1_27' title="bbox 785 1642 2391 1718">
    <p class='ocr_par' dir='ltr' id='par_1_27' title="bbox 785 1648 1779 1718">
     <span class='ocr_line' id='line_1_27' title="bbox 785 1648 1779 1718; baseline -0.003 -15"><span class='ocrx_word' id='word_1_156' title='bbox 785 1651 874 1703; x_wconf 65' lang='lat' dir='ltr'><strong>2t.</strong></span> <span class='ocrx_word' id='word_1_157' title='bbox 907 1649 1064 1704; x_wconf 85' lang='lat' dir='ltr'><strong>Fiant</strong></span> <span class='ocrx_word' id='word_1_158' title='bbox 1099 1650 1211 1704; x_wconf 91' lang='lat' dir='ltr'><strong>nati</strong></span> <span class='ocrx_word' id='word_1_159' title='bbox 1237 1649 1355 1718; x_wconf 88' lang='lat' dir='ltr'><strong>ejus</strong></span> <span class='ocrx_word' id='word_1_160' title='bbox 1384 1648 1436 1702; x_wconf 91' lang='lat' dir='ltr'><strong>in</strong></span> <span class='ocrx_word' id='word_1_161' title='bbox 1470 1650 1779 1702; x_wconf 84' lang='lat' dir='ltr'><strong>interitum:</strong></span> 
     </span>
    </p>
   </div>
   <div class='ocr_carea' id='block_1_28' title="bbox 2287 1642 3893 1718">
    <p class='ocr_par' dir='ltr' id='par_1_28' title="bbox 2450 1642 3893 1714">
     <span class='ocr_line' id='line_1_28' title="bbox 2450 1642 3893 1714; baseline -0.001 -19"><span class='ocrx_word' id='word_1_162' title='bbox 2450 1643 2539 1696; x_wconf 66' lang='grc'><strong>21.</strong></span> <span class='ocrx_word' id='word_1_163' title='bbox 2576 1643 2860 1714; x_wconf 82' lang='grc' dir='ltr'><strong>Γενηθήτω</strong></span> <span class='ocrx_word' id='word_1_164' title='bbox 2885 1643 2955 1696; x_wconf 81' lang='grc' dir='ltr'>τὰ</span> <span class='ocrx_word' id='word_1_165' title='bbox 2981 1643 3149 1696; x_wconf 83' lang='grc' dir='ltr'>τέκνα</span> <span class='ocrx_word' id='word_1_166' title='bbox 3180 1642 3344 1696; x_wconf 78' lang='grc' dir='ltr'>αὑτοῦ</span> <span class='ocrx_word' id='word_1_167' title='bbox 3368 1645 3446 1705; x_wconf 81' lang='grc' dir='ltr'>είς</span> <span class='ocrx_word' id='word_1_168' title='bbox 3476 1642 3860 1713; x_wconf 78' lang='grc' dir='ltr'>ἐξολόθρευσιν</span> <span class='ocrx_word' id='word_1_169' title='bbox 3880 1658 3893 1672; x_wconf 93' lang='grc'><strong>·</strong></span> 
     </span>
    </p>
   </div>
   <div class='ocr_carea' id='block_1_29' title="bbox 784 1732 2390 1811">
    <p class='ocr_par' dir='ltr' id='par_1_29' title="bbox 784 1738 2154 1811">
     <span class='ocr_line' id='line_1_29' title="bbox 784 1738 2154 1811; baseline -0.001 -18"><span class='ocrx_word' id='word_1_170' title='bbox 784 1741 872 1793; x_wconf 82' lang='lat'><strong>25.</strong></span> <span class='ocrx_word' id='word_1_171' title='bbox 911 1739 966 1794; x_wconf 92' lang='lat' dir='ltr'><strong>ln</strong></span> <span class='ocrx_word' id='word_1_172' title='bbox 1001 1740 1345 1811; x_wconf 71' lang='lat' dir='ltr'><strong>generatione</strong></span> <span class='ocrx_word' id='word_1_173' title='bbox 1377 1755 1483 1794; x_wconf 92' lang='lat' dir='ltr'><strong>una</strong></span> <span class='ocrx_word' id='word_1_174' title='bbox 1515 1739 1758 1793; x_wconf 88' lang='lat' dir='ltr'><strong>deleatur</strong></span> <span class='ocrx_word' id='word_1_175' title='bbox 1788 1753 1984 1792; x_wconf 90' lang='lat' dir='ltr'><strong>nomen</strong></span> <span class='ocrx_word' id='word_1_176' title='bbox 2015 1738 2154 1810; x_wconf 87' lang='lat' dir='ltr'><strong>ejus.</strong></span> 
     </span>
    </p>
   </div>
   <div class='ocr_carea' id='block_1_30' title="bbox 2267 1732 3873 1811">
    <p class='ocr_par' dir='ltr' id='par_1_30' title="bbox 2449 1732 3873 1803">
     <span class='ocr_line' id='line_1_30' title="bbox 2449 1732 3873 1803; baseline -0.002 -17"><span class='ocrx_word' id='word_1_177' title='bbox 2449 1733 2536 1786; x_wconf 79' lang='grc'><strong>25.</strong></span> <span class='ocrx_word' id='word_1_178' title='bbox 2580 1733 2666 1784; x_wconf 87' lang='grc' dir='ltr'>Ἑν</span> <span class='ocrx_word' id='word_1_179' title='bbox 2696 1735 2856 1803; x_wconf 79' lang='grc' dir='ltr'>γενεᾷ</span> <span class='ocrx_word' id='word_1_180' title='bbox 2893 1735 2990 1802; x_wconf 87' lang='grc' dir='ltr'><strong>μιᾷ</strong></span> <span class='ocrx_word' id='word_1_181' title='bbox 3013 1732 3357 1802; x_wconf 76' lang='grc' dir='ltr'><strong>ἐξαλειφθείη</strong></span> <span class='ocrx_word' id='word_1_182' title='bbox 3383 1733 3441 1784; x_wconf 84' lang='grc' dir='ltr'><strong>τὸ</strong></span> <span class='ocrx_word' id='word_1_183' title='bbox 3465 1733 3640 1803; x_wconf 70' lang='grc' dir='ltr'>ὄνομα</span> <span class='ocrx_word' id='word_1_184' title='bbox 3684 1733 3873 1786; x_wconf 65' lang='grc' dir='ltr'>αὐτοῦ.</span> 
     </span>
    </p>
   </div>
   <div class='ocr_carea' id='block_1_31' title="bbox 780 1823 2386 1900">
    <p class='ocr_par' dir='ltr' id='par_1_31' title="bbox 780 1827 2352 1900">
     <span class='ocr_line' id='line_1_31' title="bbox 780 1827 2352 1900; baseline -0.001 -17"><span class='ocrx_word' id='word_1_185' title='bbox 780 1830 870 1884; x_wconf 90' lang='grc'><strong>26.</strong></span> <span class='ocrx_word' id='word_1_186' title='bbox 907 1833 964 1886; x_wconf 85' lang='lat' dir='ltr'><strong>in</strong></span> <span class='ocrx_word' id='word_1_187' title='bbox 990 1832 1306 1886; x_wconf 87' lang='lat' dir='ltr'><strong>memoriam</strong></span> <span class='ocrx_word' id='word_1_188' title='bbox 1331 1832 1514 1887; x_wconf 86' lang='lat' dir='ltr'><strong>redeat</strong></span> <span class='ocrx_word' id='word_1_189' title='bbox 1543 1831 1802 1900; x_wconf 87' lang='lat' dir='ltr'><strong>iniquitas</strong></span> <span class='ocrx_word' id='word_1_190' title='bbox 1836 1841 2048 1900; x_wconf 90' lang='lat' dir='ltr'><strong>patrum</strong></span> <span class='ocrx_word' id='word_1_191' title='bbox 2072 1831 2191 1900; x_wconf 87' lang='lat' dir='ltr'><strong>ejus</strong></span> <span class='ocrx_word' id='word_1_192' title='bbox 2227 1833 2277 1885; x_wconf 91' lang='lat' dir='ltr'><strong>in</strong></span> <span class='ocrx_word' id='word_1_193' title='bbox 2313 1827 2352 1880; x_wconf 84' lang='grc' dir='ltr'><strong>Β</strong></span> 
     </span>
    </p>
   </div>
   <div class='ocr_carea' id='block_1_32' title="bbox 2347 1823 3953 1900">
    <p class='ocr_par' dir='ltr' id='par_1_32' title="bbox 2347 1823 3953 1896">
     <span class='ocr_line' id='line_1_32' title="bbox 2347 1823 3953 1896; baseline 0.001 -21"><span class='ocrx_word' id='word_1_194' title='bbox 2347 1833 2352 1875; x_wconf 73' lang='grc' dir='ltr'>ς</span> <span class='ocrx_word' id='word_1_195' title='bbox 2449 1826 2537 1878; x_wconf 84' lang='grc'><strong>26.</strong></span> <span class='ocrx_word' id='word_1_196' title='bbox 2584 1823 2982 1894; x_wconf 81' lang='grc' dir='ltr'>Ἀναμνησθείη</span> <span class='ocrx_word' id='word_1_197' title='bbox 3010 1826 3044 1895; x_wconf 78' lang='grc' dir='ltr'><strong>ἡ</strong></span> <span class='ocrx_word' id='word_1_198' title='bbox 3089 1825 3285 1895; x_wconf 79' lang='grc' dir='ltr'>ἀνομία</span> <span class='ocrx_word' id='word_1_199' title='bbox 3339 1823 3449 1877; x_wconf 82' lang='grc' dir='ltr'>τῶν</span> <span class='ocrx_word' id='word_1_200' title='bbox 3497 1824 3762 1896; x_wconf 77' lang='grc' dir='ltr'>πατέρων</span> <span class='ocrx_word' id='word_1_201' title='bbox 3802 1823 3953 1877; x_wconf 70' lang='grc' dir='ltr'>αὑτοῦ</span> 
     </span>
    </p>
   </div>
   <div class='ocr_carea' id='block_1_33' title="bbox 715 1919 2321 1992">
    <p class='ocr_par' dir='ltr' id='par_1_33' title="bbox 715 1922 1283 1992">
     <span class='ocr_line' id='line_1_33' title="bbox 715 1922 1283 1992; baseline 0 -17"><span class='ocrx_word' id='word_1_202' title='bbox 715 1935 1002 1992; x_wconf 83' lang='lat' dir='ltr'><strong>conspectu</strong></span> <span class='ocrx_word' id='word_1_203' title='bbox 1037 1922 1246 1977; x_wconf 87' lang='lat' dir='ltr'><strong>Domini</strong></span> <span class='ocrx_word' id='word_1_204' title='bbox 1271 1941 1283 1975; x_wconf 90' lang='lat'>:</span> 
     </span>
    </p>
   </div>
   <div class='ocr_carea' id='block_1_34' title="bbox 1217 1919 2823 1992">
    <p class='ocr_par' dir='ltr' id='par_1_34' title="bbox 1217 1919 2823 1989">
     <span class='ocr_line' id='line_1_34' title="bbox 1217 1919 2823 1989; baseline -0.003 -14"><span class='ocrx_word' id='word_1_205' title='bbox 1217 1925 1246 1976; x_wconf 83' lang='lat' dir='ltr'><strong>Ii</strong></span> <span class='ocrx_word' id='word_1_206' title='bbox 1271 1941 1283 1975; x_wconf 91' lang='lat'>:</span> <span class='ocrx_word' id='word_1_207' title='bbox 2382 1920 2561 1972; x_wconf 74' lang='grc' dir='ltr'>ἔναντι</span> <span class='ocrx_word' id='word_1_208' title='bbox 2586 1919 2789 1989; x_wconf 82' lang='grc' dir='ltr'>Κυρίου</span> <span class='ocrx_word' id='word_1_209' title='bbox 2811 1935 2823 1948; x_wconf 92' lang='grc'>·</span> 
     </span>
    </p>
   </div>
   <div class='ocr_carea' id='block_1_35' title="bbox 783 2012 2389 2086">
    <p class='ocr_par' dir='ltr' id='par_1_35' title="bbox 783 2012 2070 2085">
     <span class='ocr_line' id='line_1_35' title="bbox 783 2012 2070 2085; baseline 0.001 -18"><span class='ocrx_word' id='word_1_210' title='bbox 783 2015 870 2067; x_wconf 82' lang='lat'><strong>27.</strong></span> <span class='ocrx_word' id='word_1_211' title='bbox 906 2012 967 2068; x_wconf 87' lang='lat' dir='ltr'><strong>Et</strong></span> <span class='ocrx_word' id='word_1_212' title='bbox 993 2024 1266 2083; x_wconf 88' lang='lat' dir='ltr'><strong>peccatum</strong></span> <span class='ocrx_word' id='word_1_213' title='bbox 1303 2014 1492 2068; x_wconf 87' lang='lat' dir='ltr'><strong>matris</strong></span> <span class='ocrx_word' id='word_1_214' title='bbox 1517 2014 1636 2085; x_wconf 88' lang='lat' dir='ltr'><strong>ejus</strong></span> <span class='ocrx_word' id='word_1_215' title='bbox 1665 2030 1773 2068; x_wconf 89' lang='lat' dir='ltr'><strong>non</strong></span> <span class='ocrx_word' id='word_1_216' title='bbox 1802 2015 2070 2070; x_wconf 88' lang='lat' dir='ltr'><strong>deleatur.</strong></span> 
     </span>
    </p>
   </div>
   <div class='ocr_carea' id='block_1_36' title="bbox 2347 2012 3953 2086">
    <p class='ocr_par' dir='ltr' id='par_1_36' title="bbox 2449 2015 3953 2086">
     <span class='ocr_line' id='line_1_36' title="bbox 2449 2015 3953 2086; baseline 0 -18"><span class='ocrx_word' id='word_1_217' title='bbox 2449 2015 2538 2068; x_wconf 89' lang='grc'><strong>27.</strong></span> <span class='ocrx_word' id='word_1_218' title='bbox 2573 2015 2683 2068; x_wconf 85' lang='lat' dir='ltr'><strong>Kal</strong></span> <span class='ocrx_word' id='word_1_219' title='bbox 2712 2017 2744 2084; x_wconf 75' lang='grc' dir='ltr'>ἡ</span> <span class='ocrx_word' id='word_1_220' title='bbox 2773 2015 3014 2086; x_wconf 73' lang='grc' dir='ltr'>ἁμαρτία</span> <span class='ocrx_word' id='word_1_221' title='bbox 3041 2016 3139 2086; x_wconf 79' lang='grc' dir='ltr'><strong>τῆς</strong></span> <span class='ocrx_word' id='word_1_222' title='bbox 3177 2017 3381 2086; x_wconf 70' lang='grc' dir='ltr'>μητρὸς</span> <span class='ocrx_word' id='word_1_223' title='bbox 3429 2016 3598 2068; x_wconf 75' lang='grc' dir='ltr'>αὑτοῦ</span> <span class='ocrx_word' id='word_1_224' title='bbox 3650 2019 3729 2086; x_wconf 77' lang='grc' dir='ltr'><strong>μὴ</strong></span> <span class='ocrx_word' id='word_1_225' title='bbox 3762 2017 3953 2080; x_wconf 71' lang='grc' dir='ltr'>ἐξαλει-</span> 
     </span>
    </p>
   </div>
   <div class='ocr_carea' id='block_1_37' title="bbox 2387 2107 2563 2175">
    <p class='ocr_par' dir='ltr' id='par_1_37' title="bbox 2387 2107 2563 2175">
     <span class='ocr_line' id='line_1_37' title="bbox 2387 2107 2563 2175; baseline 0.006 -17"><span class='ocrx_word' id='word_1_226' title='bbox 2387 2107 2563 2175; x_wconf 74' lang='grc' dir='ltr'>προείη.</span> 
     </span>
    </p>
   </div>
   <div class='ocr_carea' id='block_1_38' title="bbox 783 2193 2389 2268">
    <p class='ocr_par' dir='ltr' id='par_1_38' title="bbox 783 2193 1881 2265">
     <span class='ocr_line' id='line_1_38' title="bbox 783 2193 1881 2265; baseline 0.001 -18"><span class='ocrx_word' id='word_1_227' title='bbox 783 2194 869 2247; x_wconf 88' lang='lat'><strong>28.</strong></span> <span class='ocrx_word' id='word_1_228' title='bbox 901 2193 1057 2248; x_wconf 81' lang='lat' dir='ltr'><strong>Fiant</strong></span> <span class='ocrx_word' id='word_1_229' title='bbox 1084 2204 1269 2249; x_wconf 91' lang='lat' dir='ltr'><strong>contra</strong></span> <span class='ocrx_word' id='word_1_230' title='bbox 1299 2193 1588 2249; x_wconf 90' lang='lat' dir='ltr'><strong>Dominum</strong></span> <span class='ocrx_word' id='word_1_231' title='bbox 1623 2209 1834 2265; x_wconf 90' lang='lat' dir='ltr'><strong>semper</strong></span> <span class='ocrx_word' id='word_1_232' title='bbox 1868 2213 1881 2248; x_wconf 89' lang='lat'><strong>:</strong></span> 
     </span>
    </p>
   </div>
   <div class='ocr_carea' id='block_1_39' title="bbox 2218 2193 3824 2268">
    <p class='ocr_par' dir='ltr' id='par_1_39' title="bbox 2449 2194 3824 2268">
     <span class='ocr_line' id='line_1_39' title="bbox 2449 2194 3824 2268; baseline -0.001 -20"><span class='ocrx_word' id='word_1_233' title='bbox 2449 2195 2537 2250; x_wconf 91' lang='lat'><strong>28.</strong></span> <span class='ocrx_word' id='word_1_234' title='bbox 2569 2194 2957 2264; x_wconf 83' lang='grc' dir='ltr'>Γενηθήτωσαν</span> <span class='ocrx_word' id='word_1_235' title='bbox 2985 2197 3223 2249; x_wconf 86' lang='grc' dir='ltr'>ἐναντίον</span> <span class='ocrx_word' id='word_1_236' title='bbox 3250 2195 3455 2268; x_wconf 79' lang='grc' dir='ltr'>Κυρίου</span> <span class='ocrx_word' id='word_1_237' title='bbox 3477 2194 3782 2258; x_wconf 69' lang='grc' dir='ltr'>διαπαντός</span> <span class='ocrx_word' id='word_1_238' title='bbox 3811 2213 3824 2224; x_wconf 93' lang='grc'><strong>·</strong></span> 
     </span>
    </p>
   </div>
   <div class='ocr_carea' id='block_1_40' title="bbox 783 2285 2389 2358">
    <p class='ocr_par' dir='ltr' id='par_1_40' title="bbox 783 2285 2082 2357">
     <span class='ocr_line' id='line_1_40' title="bbox 783 2285 2082 2357; baseline -0.003 -16"><span class='ocrx_word' id='word_1_239' title='bbox 783 2287 872 2341; x_wconf 83' lang='grc'><strong>29.</strong></span> <span class='ocrx_word' id='word_1_240' title='bbox 906 2285 972 2339; x_wconf 83' lang='lat' dir='ltr'><strong>Et</strong></span> <span class='ocrx_word' id='word_1_241' title='bbox 999 2287 1269 2357; x_wconf 90' lang='lat' dir='ltr'><strong>dispereat</strong></span> <span class='ocrx_word' id='word_1_242' title='bbox 1297 2287 1364 2342; x_wconf 91' lang='lat' dir='ltr'><strong>de</strong></span> <span class='ocrx_word' id='word_1_243' title='bbox 1397 2297 1543 2342; x_wconf 85' lang='lat' dir='ltr'><strong>terra</strong></span> <span class='ocrx_word' id='word_1_244' title='bbox 1580 2288 1842 2342; x_wconf 89' lang='lat' dir='ltr'><strong>memoria</strong></span> <span class='ocrx_word' id='word_1_245' title='bbox 1874 2300 2082 2339; x_wconf 87' lang='lat' dir='ltr'><strong>eorum.</strong></span> 
     </span>
    </p>
   </div>
   <div class='ocr_carea' id='block_1_41' title="bbox 2343 2285 3949 2358">
    <p class='ocr_par' dir='ltr' id='par_1_41' title="bbox 2446 2285 3949 2358">
     <span class='ocr_line' id='line_1_41' title="bbox 2446 2285 3949 2358; baseline -0.003 -17"><span class='ocrx_word' id='word_1_246' title='bbox 2446 2286 2535 2341; x_wconf 77' lang='lat'><strong>29.</strong></span> <span class='ocrx_word' id='word_1_247' title='bbox 2555 2285 2664 2338; x_wconf 84' lang='lat' dir='ltr'><strong>Kal</strong></span> <span class='ocrx_word' id='word_1_248' title='bbox 2685 2285 2863 2349; x_wconf 80' lang='grc' dir='ltr'>ὲξολοθ</span> <span class='ocrx_word' id='word_1_249' title='bbox 2873 2287 3087 2358; x_wconf 84' lang='grc' dir='ltr'>ρευθείη</span> <span class='ocrx_word' id='word_1_250' title='bbox 3104 2289 3168 2340; x_wconf 81' lang='grc' dir='ltr'><strong>ἐκ</strong></span> <span class='ocrx_word' id='word_1_251' title='bbox 3188 2288 3290 2356; x_wconf 78' lang='grc' dir='ltr'>γῆς</span> <span class='ocrx_word' id='word_1_252' title='bbox 3308 2287 3367 2339; x_wconf 77' lang='grc' dir='ltr'><strong>τὸ</strong></span> <span class='ocrx_word' id='word_1_253' title='bbox 3386 2287 3741 2358; x_wconf 76' lang='grc' dir='ltr'>μνημόσυνον</span> <span class='ocrx_word' id='word_1_254' title='bbox 3760 2287 3949 2339; x_wconf 69' lang='grc' dir='ltr'>αὐτῶν.</span> 
     </span>
    </p>
   </div>
   <div class='ocr_carea' id='block_1_42' title="bbox 782 2371 2388 2449">
    <p class='ocr_par' dir='ltr' id='par_1_42' title="bbox 782 2374 2270 2449">
     <span class='ocr_line' id='line_1_42' title="bbox 782 2374 2270 2449; baseline -0.001 -19"><span class='ocrx_word' id='word_1_255' title='bbox 782 2380 870 2433; x_wconf 82' lang='grc'><strong>50.</strong></span> <span class='ocrx_word' id='word_1_256' title='bbox 905 2377 1008 2432; x_wconf 90' lang='lat' dir='ltr'><strong>Pro</strong></span> <span class='ocrx_word' id='word_1_257' title='bbox 1030 2394 1095 2433; x_wconf 86' lang='lat' dir='ltr'><strong>eo</strong></span> <span class='ocrx_word' id='word_1_258' title='bbox 1124 2378 1265 2449; x_wconf 85' lang='lat' dir='ltr'><strong>quod</strong></span> <span class='ocrx_word' id='word_1_259' title='bbox 1299 2393 1409 2432; x_wconf 92' lang='lat' dir='ltr'><strong>non</strong></span> <span class='ocrx_word' id='word_1_260' title='bbox 1440 2387 1524 2433; x_wconf 89' lang='lat' dir='ltr'><strong>est</strong></span> <span class='ocrx_word' id='word_1_261' title='bbox 1555 2377 1872 2432; x_wconf 85' lang='lat' dir='ltr'><strong>recordatus</strong></span> <span class='ocrx_word' id='word_1_262' title='bbox 1901 2374 2080 2430; x_wconf 77' lang='lat' dir='ltr'><strong>facere</strong></span> <span class='ocrx_word' id='word_1_263' title='bbox 2107 2375 2270 2429; x_wconf 88' lang='lat' dir='ltr'><strong>mise-</strong></span> 
     </span>
    </p>
   </div>
   <div class='ocr_carea' id='block_1_43' title="bbox 2065 2371 3671 2449">
    <p class='ocr_par' dir='ltr' id='par_1_43' title="bbox 2065 2371 3671 2449">
     <span class='ocr_line' id='line_1_43' title="bbox 2065 2371 3671 2449; baseline -0.001 -20"><span class='ocrx_word' id='word_1_264' title='bbox 2065 2390 2080 2429; x_wconf 71' lang='grc' dir='ltr'><strong>ι</strong></span> <span class='ocrx_word' id='word_1_265' title='bbox 2107 2375 2270 2429; x_wconf 88' lang='lat' dir='ltr'><strong>mise-</strong></span> <span class='ocrx_word' id='word_1_266' title='bbox 2446 2376 2533 2431; x_wconf 72' lang='lat'><strong>30.</strong></span> <span class='ocrx_word' id='word_1_267' title='bbox 2577 2375 2720 2431; x_wconf 84' lang='grc' dir='ltr'>Ἀνθ’</span> <span class='ocrx_word' id='word_1_268' title='bbox 2745 2371 2819 2430; x_wconf 82' lang='grc' dir='ltr'>ὧν</span> <span class='ocrx_word' id='word_1_269' title='bbox 2851 2376 2951 2430; x_wconf 83' lang='grc' dir='ltr'><strong>οὐκ</strong></span> <span class='ocrx_word' id='word_1_270' title='bbox 2972 2377 3216 2449; x_wconf 78' lang='grc' dir='ltr'>ἐμνήσθη</span> <span class='ocrx_word' id='word_1_271' title='bbox 3243 2379 3466 2448; x_wconf 77' lang='grc' dir='ltr'>ποιῆσαι</span> <span class='ocrx_word' id='word_1_272' title='bbox 3487 2377 3637 2439; x_wconf 77' lang='grc' dir='ltr'>ἕλεος</span> <span class='ocrx_word' id='word_1_273' title='bbox 3655 2394 3671 2408; x_wconf 78' lang='grc' dir='ltr'><strong><em>ο</em></strong></span> 
     </span>
    </p>
   </div>
   <div class='ocr_carea' id='block_1_44' title="bbox 715 2469 1041 2525">
    <p class='ocr_par' dir='ltr' id='par_1_44' title="bbox 715 2469 1041 2525">
     <span class='ocr_line' id='line_1_44' title="bbox 715 2469 1041 2525; baseline -0.006 -1"><span class='ocrx_word' id='word_1_274' title='bbox 715 2469 1041 2525; x_wconf 79' lang='lat' dir='ltr'><strong>ricordiam:</strong></span> 
     </span>
    </p>
   </div>
   <div class='ocr_carea' id='block_1_45' title="bbox 1844 2689 2823 2751">
    <p class='ocr_par' dir='ltr' id='par_1_45' title="bbox 1844 2689 2823 2751">
     <span class='ocr_line' id='line_1_45' title="bbox 1844 2689 2823 2751; baseline -0.001 -5"><span class='ocrx_word' id='word_1_275' title='bbox 1844 2691 2212 2750; x_wconf 72' lang='lat' dir='ltr'><strong>ATHANASII</strong></span> <span class='ocrx_word' id='word_1_276' title='bbox 2249 2689 2823 2751; x_wconf 81' lang='lat' dir='ltr'><strong>INTERPRETATIO.</strong></span> 
     </span>
    </p>
   </div>
   <div class='ocr_carea' id='block_1_46' title="bbox 785 2895 2391 2968">
    <p class='ocr_par' dir='ltr' id='par_1_46' title="bbox 785 2897 1740 2968">
     <span class='ocr_line' id='line_1_46' title="bbox 785 2897 1740 2968; baseline -0.001 -15"><span class='ocrx_word' id='word_1_277' title='bbox 785 2899 868 2956; x_wconf 77' lang='grc'><strong>15.</strong></span> <span class='ocrx_word' id='word_1_278' title='bbox 905 2897 971 2953; x_wconf 82' lang='lat' dir='ltr'><strong>Et</strong></span> <span class='ocrx_word' id='word_1_279' title='bbox 1000 2914 1096 2954; x_wconf 91' lang='lat' dir='ltr'><strong>cor</strong></span> <span class='ocrx_word' id='word_1_280' title='bbox 1127 2899 1247 2968; x_wconf 90' lang='lat' dir='ltr'><strong>ejus</strong></span> <span class='ocrx_word' id='word_1_281' title='bbox 1276 2900 1368 2953; x_wconf 86' lang='lat' dir='ltr'><strong>liat</strong></span> <span class='ocrx_word' id='word_1_282' title='bbox 1391 2899 1444 2953; x_wconf 92' lang='lat' dir='ltr'><strong>in</strong></span> <span class='ocrx_word' id='word_1_283' title='bbox 1468 2899 1740 2954; x_wconf 87' lang='lat' dir='ltr'><strong>tenebras.</strong></span> 
     </span>
    </p>
   </div>
   <div class='ocr_carea' id='block_1_47' title="bbox 2152 2895 3758 2968">
    <p class='ocr_par' dir='ltr' id='par_1_47' title="bbox 2445 2895 3758 2967">
     <span class='ocr_line' id='line_1_47' title="bbox 2445 2895 3758 2967; baseline 0.001 -19"><span class='ocrx_word' id='word_1_284' title='bbox 2445 2896 2528 2950; x_wconf 81' lang='grc'><strong>15.</strong></span> <span class='ocrx_word' id='word_1_285' title='bbox 2559 2895 2668 2949; x_wconf 89' lang='lat' dir='ltr'><strong>Kal</strong></span> <span class='ocrx_word' id='word_1_286' title='bbox 2694 2899 2725 2967; x_wconf 83' lang='grc' dir='ltr'><strong>ή</strong></span> <span class='ocrx_word' id='word_1_287' title='bbox 2754 2895 2948 2967; x_wconf 84' lang='grc' dir='ltr'>καρδία</span> <span class='ocrx_word' id='word_1_288' title='bbox 2976 2896 3140 2950; x_wconf 79' lang='grc' dir='ltr'>αὐτοῦ</span> <span class='ocrx_word' id='word_1_289' title='bbox 3169 2895 3407 2966; x_wconf 75' lang='grc' dir='ltr'>γενέσθω</span> <span class='ocrx_word' id='word_1_290' title='bbox 3426 2899 3507 2961; x_wconf 81' lang='grc' dir='ltr'><strong>εἰς</strong></span> <span class='ocrx_word' id='word_1_291' title='bbox 3538 2898 3758 2959; x_wconf 78' lang='grc' dir='ltr'>σκότος,</span> 
     </span>
    </p>
   </div>
   <div class='ocr_carea' id='block_1_48' title="bbox 784 2986 2390 3061">
    <p class='ocr_par' dir='ltr' id='par_1_48' title="bbox 784 2987 2021 3058">
     <span class='ocr_line' id='line_1_48' title="bbox 784 2987 2021 3058; baseline 0.001 -17"><span class='ocrx_word' id='word_1_292' title='bbox 784 2988 869 3041; x_wconf 70' lang='grc'><strong>14.</strong></span> <span class='ocrx_word' id='word_1_293' title='bbox 903 2987 1103 3042; x_wconf 85' lang='lat' dir='ltr'><strong>Eadem</strong></span> <span class='ocrx_word' id='word_1_294' title='bbox 1131 2987 1276 3041; x_wconf 91' lang='lat' dir='ltr'><strong>enim</strong></span> <span class='ocrx_word' id='word_1_295' title='bbox 1303 2987 1389 3042; x_wconf 92' lang='lat' dir='ltr'><strong>die</strong></span> <span class='ocrx_word' id='word_1_296' title='bbox 1415 2987 1606 3041; x_wconf 89' lang='lat' dir='ltr'><strong>abiens</strong></span> <span class='ocrx_word' id='word_1_297' title='bbox 1635 3002 1693 3042; x_wconf 92' lang='lat' dir='ltr'><strong>se</strong></span> <span class='ocrx_word' id='word_1_298' title='bbox 1721 2987 2021 3058; x_wconf 87' lang='lat' dir='ltr'><strong>suspendit.</strong></span> 
     </span>
    </p>
   </div>
   <div class='ocr_carea' id='block_1_49' title="bbox 2027 2986 3633 3061">
    <p class='ocr_par' dir='ltr' id='par_1_49' title="bbox 2443 2986 3633 3061">
     <span class='ocr_line' id='line_1_49' title="bbox 2443 2986 3633 3061; baseline 0.002 -23"><span class='ocrx_word' id='word_1_299' title='bbox 2443 2986 2527 3040; x_wconf 76' lang='lat' dir='ltr'><strong>H.</strong></span> <span class='ocrx_word' id='word_1_300' title='bbox 2563 2988 2883 3061; x_wconf 82' lang='grc' dir='ltr'>Αὺθήμερον</span> <span class='ocrx_word' id='word_1_301' title='bbox 2912 2990 3017 3060; x_wconf 84' lang='grc' dir='ltr'>γὰρ</span> <span class='ocrx_word' id='word_1_302' title='bbox 3045 2988 3294 3041; x_wconf 81' lang='grc' dir='ltr'>ἀπελθὼν</span> <span class='ocrx_word' id='word_1_303' title='bbox 3327 2988 3633 3058; x_wconf 78' lang='grc' dir='ltr'>ἀπήγξατο,</span> 
     </span>
    </p>
   </div>
   <div class='ocr_carea' id='block_1_50' title="bbox 780 3078 2386 3150">
    <p class='ocr_par' dir='ltr' id='par_1_50' title="bbox 780 3079 1900 3150">
     <span class='ocr_line' id='line_1_50' title="bbox 780 3079 1900 3150; baseline -0.004 -12"><span class='ocrx_word' id='word_1_304' title='bbox 780 3082 862 3138; x_wconf 80' lang='lat'><strong>15.</strong></span> <span class='ocrx_word' id='word_1_305' title='bbox 895 3079 1175 3145; x_wconf 80' lang='lat' dir='ltr'><strong>Matthias,</strong></span> <span class='ocrx_word' id='word_1_306' title='bbox 1202 3096 1310 3136; x_wconf 87' lang='lat' dir='ltr'><strong>non</strong></span> <span class='ocrx_word' id='word_1_307' title='bbox 1343 3087 1521 3134; x_wconf 89' lang='lat' dir='ltr'><strong>autem</strong></span> <span class='ocrx_word' id='word_1_308' title='bbox 1558 3080 1900 3150; x_wconf 88' lang='lat' dir='ltr'><strong>publicanus.</strong></span> 
     </span>
    </p>
   </div>
   <div class='ocr_carea' id='block_1_51' title="bbox 1671 3078 3277 3150">
    <p class='ocr_par' dir='ltr' id='par_1_51' title="bbox 1671 3078 3277 3150">
     <span class='ocr_line' id='line_1_51' title="bbox 1671 3078 3277 3150; baseline -0.002 -16"><span class='ocrx_word' id='word_1_309' title='bbox 1671 3080 1900 3136; x_wconf 88' lang='lat' dir='ltr'><strong>licanus.</strong></span> <span class='ocrx_word' id='word_1_310' title='bbox 2443 3078 2526 3131; x_wconf 78' lang='grc'><strong>15.</strong></span> <span class='ocrx_word' id='word_1_311' title='bbox 2555 3080 2823 3142; x_wconf 83' lang='grc' dir='ltr'>Ματθίας,</span> <span class='ocrx_word' id='word_1_312' title='bbox 2849 3079 2947 3150; x_wconf 83' lang='grc' dir='ltr'><strong>οὐχ</strong></span> <span class='ocrx_word' id='word_1_313' title='bbox 2973 3082 3000 3132; x_wconf 89' lang='grc' dir='ltr'>ὁ</span> <span class='ocrx_word' id='word_1_314' title='bbox 3023 3079 3277 3148; x_wconf 79' lang='grc' dir='ltr'>τελώνης.</span> 
     </span>
    </p>
   </div>
   <div class='ocr_carea' id='block_1_52' title="bbox 777 3167 2383 3242">
    <p class='ocr_par' dir='ltr' id='par_1_52' title="bbox 777 3169 1482 3242">
     <span class='ocr_line' id='line_1_52' title="bbox 777 3169 1482 3242; baseline -0.004 -16"><span class='ocrx_word' id='word_1_315' title='bbox 777 3172 865 3226; x_wconf 90' lang='grc'><strong>16.</strong></span> <span class='ocrx_word' id='word_1_316' title='bbox 893 3171 1067 3242; x_wconf 90' lang='lat' dir='ltr'><strong>Opera</strong></span> <span class='ocrx_word' id='word_1_317' title='bbox 1093 3171 1214 3241; x_wconf 84' lang='lat' dir='ltr'><strong>ejus</strong></span> <span class='ocrx_word' id='word_1_318' title='bbox 1249 3169 1482 3224; x_wconf 86' lang='lat' dir='ltr'><strong>inutilia.</strong></span> 
     </span>
    </p>
   </div>
   <div class='ocr_carea' id='block_1_53' title="bbox 1746 3167 3352 3242">
    <p class='ocr_par' dir='ltr' id='par_1_53' title="bbox 2445 3167 3352 3239">
     <span class='ocr_line' id='line_1_53' title="bbox 2445 3167 3352 3239; baseline 0.006 -21"><span class='ocrx_word' id='word_1_319' title='bbox 2445 3167 2530 3220; x_wconf 89' lang='grc'><strong>16.</strong></span> <span class='ocrx_word' id='word_1_320' title='bbox 2564 3169 2644 3222; x_wconf 85' lang='grc' dir='ltr'><strong>Τὰ</strong></span> <span class='ocrx_word' id='word_1_321' title='bbox 2668 3170 2802 3239; x_wconf 80' lang='grc' dir='ltr'>ἔργα</span> <span class='ocrx_word' id='word_1_322' title='bbox 2824 3169 2985 3222; x_wconf 78' lang='grc' dir='ltr'>αὐτοῦ</span> <span class='ocrx_word' id='word_1_323' title='bbox 3022 3169 3227 3239; x_wconf 85' lang='grc' dir='ltr'>μάταια</span> <span class='ocrx_word' id='word_1_324' title='bbox 3257 3169 3352 3239; x_wconf 90' lang='grc'><strong>(1).</strong></span> 
     </span>
    </p>
   </div>
   <div class='ocr_carea' id='block_1_54' title="bbox 778 3259 2384 3352">
    <p class='ocr_par' dir='ltr' id='par_1_54' title="bbox 778 3259 2340 3352">
     <span class='ocr_line' id='line_1_54' title="bbox 778 3259 2340 3352; baseline -0.002 -37"><span class='ocrx_word' id='word_1_325' title='bbox 778 3262 870 3315; x_wconf 85' lang='grc'><strong>17.</strong></span> <span class='ocrx_word' id='word_1_326' title='bbox 903 3261 967 3315; x_wconf 86' lang='lat' dir='ltr'><strong>Et</strong></span> <span class='ocrx_word' id='word_1_327' title='bbox 1000 3261 1181 3314; x_wconf 88' lang='lat' dir='ltr'><strong>anima</strong></span> <span class='ocrx_word' id='word_1_328' title='bbox 1206 3260 1324 3329; x_wconf 86' lang='lat' dir='ltr'><strong>ejus</strong></span> <span class='ocrx_word' id='word_1_329' title='bbox 1357 3259 1589 3330; x_wconf 82' lang='lat' dir='ltr'><strong>direpta.</strong></span> <span class='ocrx_word' id='word_1_330' title='bbox 2300 3299 2340 3352; x_wconf 57' lang='grc' dir='ltr'>Ω</span> 
     </span>
    </p>
   </div>
   <div class='ocr_carea' id='block_1_55' title="bbox 1952 3259 3558 3352">
    <p class='ocr_par' dir='ltr' id='par_1_55' title="bbox 2300 3259 3558 3352">
     <span class='ocr_line' id='line_1_55' title="bbox 2300 3259 3558 3352; baseline 0.005 -43"><span class='ocrx_word' id='word_1_331' title='bbox 2300 3299 2340 3352; x_wconf 66' lang='lat' dir='ltr'><strong><em>C</em></strong></span> <span class='ocrx_word' id='word_1_332' title='bbox 2445 3259 2528 3311; x_wconf 86' lang='grc'><strong>17.</strong></span> <span class='ocrx_word' id='word_1_333' title='bbox 2565 3261 2674 3312; x_wconf 90' lang='lat' dir='ltr'><strong>Kal</strong></span> <span class='ocrx_word' id='word_1_334' title='bbox 2707 3259 2908 3331; x_wconf 73' lang='grc' dir='ltr'>ἡψυχὴ</span> <span class='ocrx_word' id='word_1_335' title='bbox 2937 3259 3102 3312; x_wconf 73' lang='grc' dir='ltr'>αὐτοῦ</span> <span class='ocrx_word' id='word_1_336' title='bbox 3135 3261 3558 3332; x_wconf 75' lang='grc' dir='ltr'>διαρπαζομένη.</span> 
     </span>
    </p>
   </div>
   <div class='ocr_carea' id='block_1_56' title="bbox 779 3350 2385 3424">
    <p class='ocr_par' dir='ltr' id='par_1_56' title="bbox 779 3350 2324 3424">
     <span class='ocr_line' id='line_1_56' title="bbox 779 3350 2324 3424; baseline 0.001 -18"><span class='ocrx_word' id='word_1_337' title='bbox 779 3352 865 3407; x_wconf 83' lang='grc'><strong>18.</strong></span> <span class='ocrx_word' id='word_1_338' title='bbox 894 3353 952 3406; x_wconf 94' lang='lat' dir='ltr'><strong>ln</strong></span> <span class='ocrx_word' id='word_1_339' title='bbox 978 3360 1216 3424; x_wconf 77' lang='lat' dir='ltr'><strong>egestate</strong></span> <span class='ocrx_word' id='word_1_340' title='bbox 1244 3351 1549 3407; x_wconf 86' lang='lat' dir='ltr'><strong>intellectus</strong></span> <span class='ocrx_word' id='word_1_341' title='bbox 1579 3367 1739 3407; x_wconf 87' lang='lat' dir='ltr'><strong>mens</strong></span> <span class='ocrx_word' id='word_1_342' title='bbox 1759 3353 1877 3421; x_wconf 89' lang='lat' dir='ltr'><strong>ejus</strong></span> <span class='ocrx_word' id='word_1_343' title='bbox 1903 3351 2182 3407; x_wconf 87' lang='lat' dir='ltr'><strong>consistat.</strong></span> <span class='ocrx_word' id='word_1_344' title='bbox 2313 3350 2324 3352; x_wconf 60' lang='grc'><em>’</em></span> 
     </span>
    </p>
   </div>
   <div class='ocr_carea' id='block_1_57' title="bbox 2343 3350 3949 3424">
    <p class='ocr_par' dir='ltr' id='par_1_57' title="bbox 2445 3350 3949 3423">
     <span class='ocr_line' id='line_1_57' title="bbox 2445 3350 3949 3423; baseline 0.003 -20"><span class='ocrx_word' id='word_1_345' title='bbox 2445 3350 2530 3404; x_wconf 88' lang='grc'><strong>18.</strong></span> <span class='ocrx_word' id='word_1_346' title='bbox 2579 3351 2666 3404; x_wconf 84' lang='grc' dir='ltr'>Ἐν</span> <span class='ocrx_word' id='word_1_347' title='bbox 2692 3351 2868 3422; x_wconf 78' lang='grc' dir='ltr'>ἐνδείᾳ</span> <span class='ocrx_word' id='word_1_348' title='bbox 2890 3352 3155 3415; x_wconf 85' lang='grc' dir='ltr'>συνέσεως</span> <span class='ocrx_word' id='word_1_349' title='bbox 3183 3352 3520 3406; x_wconf 81' lang='grc' dir='ltr'>καταστῶσιν</span> <span class='ocrx_word' id='word_1_350' title='bbox 3549 3354 3609 3406; x_wconf 90' lang='grc' dir='ltr'><strong>αί</strong></span> <span class='ocrx_word' id='word_1_351' title='bbox 3634 3354 3844 3423; x_wconf 77' lang='grc' dir='ltr'>φρένες</span> <span class='ocrx_word' id='word_1_352' title='bbox 3870 3355 3949 3407; x_wconf 69' lang='lat' dir='ltr'><strong>al-</strong></span> 
     </span>
    </p>
   </div>
   <div class='ocr_carea' id='block_1_58' title="bbox 2372 3460 2484 3494">
    <p class='ocr_par' dir='ltr' id='par_1_58' title="bbox 2372 3460 2484 3494">
     <span class='ocr_line' id='line_1_58' title="bbox 2372 3460 2484 3494; baseline 0 0"><span class='ocrx_word' id='word_1_353' title='bbox 2372 3460 2484 3494; x_wconf 84' lang='grc' dir='ltr'>του.</span> 
     </span>
    </p>
   </div>
   <div class='ocr_carea' id='block_1_59' title="bbox 783 3527 2389 3604">
    <p class='ocr_par' dir='ltr' id='par_1_59' title="bbox 783 3527 2268 3597">
     <span class='ocr_line' id='line_1_59' title="bbox 783 3527 2268 3597; baseline -0.001 -14"><span class='ocrx_word' id='word_1_354' title='bbox 783 3530 867 3585; x_wconf 84' lang='grc'><strong>19.</strong></span> <span class='ocrx_word' id='word_1_355' title='bbox 902 3527 1129 3583; x_wconf 77' lang='lat' dir='ltr'><strong>Excidat</strong></span> <span class='ocrx_word' id='word_1_356' title='bbox 1156 3527 1226 3582; x_wconf 87' lang='lat' dir='ltr'><strong>ab</strong></span> <span class='ocrx_word' id='word_1_357' title='bbox 1255 3527 1374 3597; x_wconf 80' lang='lat' dir='ltr'><strong>ipso</strong></span> <span class='ocrx_word' id='word_1_358' title='bbox 1407 3543 1560 3582; x_wconf 88' lang='lat' dir='ltr'><strong>mens</strong></span> <span class='ocrx_word' id='word_1_359' title='bbox 1593 3527 1711 3597; x_wconf 88' lang='lat' dir='ltr'><strong>ejus</strong></span> <span class='ocrx_word' id='word_1_360' title='bbox 1741 3528 1810 3582; x_wconf 84' lang='lat' dir='ltr'><strong>ob</strong></span> <span class='ocrx_word' id='word_1_361' title='bbox 1837 3529 2108 3597; x_wconf 88' lang='lat' dir='ltr'><strong>improbas</strong></span> <span class='ocrx_word' id='word_1_362' title='bbox 2140 3544 2268 3582; x_wconf 84' lang='lat' dir='ltr'><strong>con-</strong></span> 
     </span>
    </p>
   </div>
   <div class='ocr_carea' id='block_1_60' title="bbox 2339 3527 3945 3604">
    <p class='ocr_par' dir='ltr' id='par_1_60' title="bbox 2444 3531 3945 3604">
     <span class='ocr_line' id='line_1_60' title="bbox 2444 3531 3945 3604; baseline -0.001 -19"><span class='ocrx_word' id='word_1_363' title='bbox 2444 3532 2507 3586; x_wconf 87' lang='grc'><strong>19</strong></span> <span class='ocrx_word' id='word_1_364' title='bbox 2567 3531 3016 3604; x_wconf 78' lang='grc' dir='ltr'>Ἐκόληθήτωσαν</span> <span class='ocrx_word' id='word_1_365' title='bbox 3039 3533 3136 3586; x_wconf 85' lang='grc' dir='ltr'><strong>ἀπ’</strong></span> <span class='ocrx_word' id='word_1_366' title='bbox 3162 3532 3326 3586; x_wconf 75' lang='grc' dir='ltr'>αὐτοῦ</span> <span class='ocrx_word' id='word_1_367' title='bbox 3349 3534 3405 3585; x_wconf 87' lang='grc' dir='ltr'>αἱ</span> <span class='ocrx_word' id='word_1_368' title='bbox 3434 3531 3631 3604; x_wconf 76' lang='grc' dir='ltr'>φρένες</span> <span class='ocrx_word' id='word_1_369' title='bbox 3653 3533 3837 3585; x_wconf 72' lang='grc' dir='ltr'>αὑτοῦ</span> <span class='ocrx_word' id='word_1_370' title='bbox 3854 3534 3945 3586; x_wconf 61' lang='grc' dir='ltr'><strong>ὑπὸ</strong></span> 
     </span>
    </p>
   </div>
   <div class='ocr_carea' id='block_1_61' title="bbox 708 3618 2314 3699">
    <p class='ocr_par' dir='ltr' id='par_1_61' title="bbox 708 3618 1746 3678">
     <span class='ocr_line' id='line_1_61' title="bbox 708 3618 1746 3678; baseline -0.007 0"><span class='ocrx_word' id='word_1_371' title='bbox 708 3619 1069 3678; x_wconf 84' lang='lat' dir='ltr'><strong>cuniscentias</strong></span> <span class='ocrx_word' id='word_1_372' title='bbox 1091 3618 1321 3677; x_wconf 83' lang='lat' dir='ltr'><strong>adnatas</strong></span> <span class='ocrx_word' id='word_1_373' title='bbox 1351 3618 1407 3672; x_wconf 91' lang='lat' dir='ltr'><strong>in</strong></span> <span class='ocrx_word' id='word_1_374' title='bbox 1433 3619 1595 3673; x_wconf 88' lang='lat' dir='ltr'><strong>corde</strong></span> <span class='ocrx_word' id='word_1_375' title='bbox 1626 3633 1746 3672; x_wconf 90' lang='lat' dir='ltr'><strong>suo.</strong></span> 
     </span>
    </p>
   </div>
   <div class='ocr_carea' id='block_1_62' title="bbox 2338 3618 3944 3699">
    <p class='ocr_par' dir='ltr' id='par_1_62' title="bbox 2369 3624 3944 3699">
     <span class='ocr_line' id='line_1_62' title="bbox 2369 3624 3944 3699; baseline 0.001 -21"><span class='ocrx_word' id='word_1_376' title='bbox 2369 3625 2476 3680; x_wconf 82' lang='grc' dir='ltr'><strong>τῶν</strong></span> <span class='ocrx_word' id='word_1_377' title='bbox 2502 3627 2559 3679; x_wconf 87' lang='grc' dir='ltr'><strong>ἐν</strong></span> <span class='ocrx_word' id='word_1_378' title='bbox 2579 3628 2645 3697; x_wconf 79' lang='grc' dir='ltr'>τῇ</span> <span class='ocrx_word' id='word_1_379' title='bbox 2678 3625 2877 3698; x_wconf 77' lang='grc' dir='ltr'>καρδία</span> <span class='ocrx_word' id='word_1_380' title='bbox 2902 3624 3066 3679; x_wconf 80' lang='grc' dir='ltr'>αὑτοῦ</span> <span class='ocrx_word' id='word_1_381' title='bbox 3086 3626 3384 3696; x_wconf 80' lang='grc' dir='ltr'>τεχθέντων</span> <span class='ocrx_word' id='word_1_382' title='bbox 3409 3627 3664 3696; x_wconf 73' lang='grc' dir='ltr'>πονηρῶν</span> <span class='ocrx_word' id='word_1_383' title='bbox 3712 3628 3944 3699; x_wconf 75' lang='grc' dir='ltr'>ἐνθυμή-</span> 
     </span>
    </p>
   </div>
   <div class='ocr_carea' id='block_1_63' title="bbox 2372 3733 2527 3767">
    <p class='ocr_par' dir='ltr' id='par_1_63' title="bbox 2372 3733 2527 3767">
     <span class='ocr_line' id='line_1_63' title="bbox 2372 3733 2527 3767; baseline 0.006 -1"><span class='ocrx_word' id='word_1_384' title='bbox 2372 3733 2527 3767; x_wconf 89' lang='grc' dir='ltr'>σεων.</span> 
     </span>
    </p>
   </div>
   <div class='ocr_carea' id='block_1_64' title="bbox 775 3790 2381 3879">
    <p class='ocr_par' dir='ltr' id='par_1_64' title="bbox 775 3790 2264 3868">
     <span class='ocr_line' id='line_1_64' title="bbox 775 3790 2264 3868; baseline -0.007 -14"><span class='ocrx_word' id='word_1_385' title='bbox 775 3800 864 3855; x_wconf 85' lang='grc'><strong>20.</strong></span> <span class='ocrx_word' id='word_1_386' title='bbox 891 3796 1108 3852; x_wconf 85' lang='lat' dir='ltr'><strong>Nullum</strong></span> <span class='ocrx_word' id='word_1_387' title='bbox 1137 3804 1416 3868; x_wconf 85' lang='lat' dir='ltr'><strong>peccatum</strong></span> <span class='ocrx_word' id='word_1_388' title='bbox 1458 3795 1578 3849; x_wconf 74' lang='lat' dir='ltr'><strong>eius</strong></span> <span class='ocrx_word' id='word_1_389' title='bbox 1609 3792 1937 3848; x_wconf 88' lang='lat' dir='ltr'><strong>condunabit</strong></span> <span class='ocrx_word' id='word_1_390' title='bbox 1979 3790 2264 3846; x_wconf 84' lang='lat' dir='ltr'><strong>Dominus.</strong></span> 
     </span>
    </p>
   </div>
   <div class='ocr_carea' id='block_1_65' title="bbox 2333 3790 3939 3879">
    <p class='ocr_par' dir='ltr' id='par_1_65' title="bbox 2436 3804 3939 3879">
     <span class='ocr_line' id='line_1_65' title="bbox 2436 3804 3939 3879; baseline 0.001 -21"><span class='ocrx_word' id='word_1_391' title='bbox 2436 3804 2526 3858; x_wconf 90' lang='lat'><strong>20.</strong></span> <span class='ocrx_word' id='word_1_392' title='bbox 2559 3805 2843 3878; x_wconf 84' lang='grc' dir='ltr'>Μηδεμίαν</span> <span class='ocrx_word' id='word_1_393' title='bbox 2882 3806 3154 3879; x_wconf 85' lang='grc' dir='ltr'>ἁμαρτίαν</span> <span class='ocrx_word' id='word_1_394' title='bbox 3193 3805 3267 3878; x_wconf 89' lang='grc'><strong>(2)</strong></span> <span class='ocrx_word' id='word_1_395' title='bbox 3316 3805 3477 3860; x_wconf 82' lang='grc' dir='ltr'>αὑτοῦ</span> <span class='ocrx_word' id='word_1_396' title='bbox 3509 3809 3869 3878; x_wconf 73' lang='grc' dir='ltr'>συγχωρήσει</span> <span class='ocrx_word' id='word_1_397' title='bbox 3920 3815 3939 3860; x_wconf 74' lang='grc' dir='ltr'>ὀ</span> 
     </span>
    </p>
   </div>
   <div class='ocr_carea' id='block_1_66' title="bbox 2369 3896 2593 3968">
    <p class='ocr_par' dir='ltr' id='par_1_66' title="bbox 2369 3896 2593 3968">
     <span class='ocr_line' id='line_1_66' title="bbox 2369 3896 2593 3968; baseline 0.018 -19"><span class='ocrx_word' id='word_1_398' title='bbox 2369 3896 2593 3968; x_wconf 86' lang='grc' dir='ltr'>Κύριος.</span> 
     </span>
    </p>
   </div>
   <div class='ocr_carea' id='block_1_67' title="bbox 775 3971 2381 4063">
    <p class='ocr_par' dir='ltr' id='par_1_67' title="bbox 775 3971 2265 4041">
     <span class='ocr_line' id='line_1_67' title="bbox 775 3971 2265 4041; baseline -0.003 -11"><span class='ocrx_word' id='word_1_399' title='bbox 775 3975 860 4030; x_wconf 85' lang='grc'><strong>21.</strong></span> <span class='ocrx_word' id='word_1_400' title='bbox 895 3975 959 4030; x_wconf 84' lang='grc' dir='ltr'>Ει</span> <span class='ocrx_word' id='word_1_401' title='bbox 1017 3973 1342 4028; x_wconf 69' lang='lat' dir='ltr'><strong>adversaria:</strong></span> <span class='ocrx_word' id='word_1_402' title='bbox 1387 3980 1679 4041; x_wconf 85' lang='lat' dir='ltr'><strong>potestates</strong></span> <span class='ocrx_word' id='word_1_403' title='bbox 1730 3971 2155 4025; x_wconf 84' lang='lat' dir='ltr'><strong>dominabuntur</strong></span> <span class='ocrx_word' id='word_1_404' title='bbox 2213 3974 2265 4026; x_wconf 87' lang='lat' dir='ltr'><strong>in</strong></span> 
     </span>
    </p>
   </div>
   <div class='ocr_carea' id='block_1_68' title="bbox 2331 3971 3937 4063">
    <p class='ocr_par' dir='ltr' id='par_1_68' title="bbox 2435 3989 3937 4063">
     <span class='ocr_line' id='line_1_68' title="bbox 2435 3989 3937 4063; baseline 0.001 -21"><span class='ocrx_word' id='word_1_405' title='bbox 2435 3991 2523 4043; x_wconf 90' lang='grc'><strong>21.</strong></span> <span class='ocrx_word' id='word_1_406' title='bbox 2560 3989 2668 4043; x_wconf 88' lang='lat' dir='ltr'><strong>Kal</strong></span> <span class='ocrx_word' id='word_1_407' title='bbox 2694 3989 2771 4061; x_wconf 77' lang='grc'><strong>(5)</strong></span> <span class='ocrx_word' id='word_1_408' title='bbox 2799 3991 2854 4044; x_wconf 77' lang='lat' dir='ltr'><strong>al</strong></span> <span class='ocrx_word' id='word_1_409' title='bbox 2889 3990 3127 4045; x_wconf 79' lang='grc' dir='ltr'>ἐναντίαι</span> <span class='ocrx_word' id='word_1_410' title='bbox 3151 3990 3410 4061; x_wconf 80' lang='grc' dir='ltr'>δυνάμεις</span> <span class='ocrx_word' id='word_1_411' title='bbox 3448 3994 3937 4063; x_wconf 73' lang='grc' dir='ltr'>κατακυριεύσουσι</span> 
     </span>
    </p>
   </div>
   <div class='ocr_carea' id='block_1_69' title="bbox 706 4065 2312 4149">
    <p class='ocr_par' dir='ltr' id='par_1_69' title="bbox 706 4065 1417 4134">
     <span class='ocr_line' id='line_1_69' title="bbox 706 4065 1417 4134; baseline -0.007 -12"><span class='ocrx_word' id='word_1_412' title='bbox 706 4069 886 4123; x_wconf 87' lang='lat' dir='ltr'><strong>anima</strong></span> <span class='ocrx_word' id='word_1_413' title='bbox 912 4075 966 4122; x_wconf 86' lang='lat' dir='ltr'><strong>et</strong></span> <span class='ocrx_word' id='word_1_414' title='bbox 989 4065 1248 4121; x_wconf 90' lang='lat' dir='ltr'><strong>membris</strong></span> <span class='ocrx_word' id='word_1_415' title='bbox 1279 4065 1417 4134; x_wconf 87' lang='lat' dir='ltr'><strong>ejus.</strong></span> 
     </span>
    </p>
   </div>
   <div class='ocr_carea' id='block_1_70' title="bbox 1731 4065 3337 4149">
    <p class='ocr_par' dir='ltr' id='par_1_70' title="bbox 2369 4075 3337 4149">
     <span class='ocr_line' id='line_1_70' title="bbox 2369 4075 3337 4149; baseline 0.004 -21"><span class='ocrx_word' id='word_1_416' title='bbox 2369 4079 2462 4146; x_wconf 82' lang='grc' dir='ltr'>τῆς</span> <span class='ocrx_word' id='word_1_417' title='bbox 2493 4075 2670 4148; x_wconf 74' lang='grc' dir='ltr'>ψυχῆς</span> <span class='ocrx_word' id='word_1_418' title='bbox 2691 4078 2784 4131; x_wconf 82' lang='grc' dir='ltr'><strong>καὶ</strong></span> <span class='ocrx_word' id='word_1_419' title='bbox 2807 4079 2915 4131; x_wconf 87' lang='grc' dir='ltr'><strong>τῶν</strong></span> <span class='ocrx_word' id='word_1_420' title='bbox 2948 4079 3122 4149; x_wconf 83' lang='grc' dir='ltr'>μελῶν</span> <span class='ocrx_word' id='word_1_421' title='bbox 3156 4081 3337 4133; x_wconf 82' lang='grc' dir='ltr'>αὑτοῦ.</span> 
     </span>
    </p>
   </div>
   <div class='ocr_carea' id='block_1_71' title="bbox 777 4155 2383 4240">
    <p class='ocr_par' dir='ltr' id='par_1_71' title="bbox 777 4155 1753 4224">
     <span class='ocr_line' id='line_1_71' title="bbox 777 4155 1753 4224; baseline -0.003 -10"><span class='ocrx_word' id='word_1_422' title='bbox 777 4161 866 4214; x_wconf 86' lang='grc'><strong>22.</strong></span> <span class='ocrx_word' id='word_1_423' title='bbox 901 4157 1094 4214; x_wconf 83' lang='lat' dir='ltr'><strong>Nullus</strong></span> <span class='ocrx_word' id='word_1_424' title='bbox 1117 4158 1166 4212; x_wconf 89' lang='lat' dir='ltr'><strong>ei</strong></span> <span class='ocrx_word' id='word_1_425' title='bbox 1191 4157 1403 4224; x_wconf 86' lang='lat' dir='ltr'><strong>adjutor</strong></span> <span class='ocrx_word' id='word_1_426' title='bbox 1431 4155 1753 4212; x_wconf 86' lang='lat' dir='ltr'><strong>inveniatur.</strong></span> 
     </span>
    </p>
   </div>
   <div class='ocr_carea' id='block_1_72' title="bbox 1929 4155 3535 4240">
    <p class='ocr_par' dir='ltr' id='par_1_72' title="bbox 2434 4160 3535 4240">
     <span class='ocr_line' id='line_1_72' title="bbox 2434 4160 3535 4240; baseline 0.002 -20"><span class='ocrx_word' id='word_1_427' title='bbox 2434 4166 2521 4220; x_wconf 83' lang='lat'><strong>22.</strong></span> <span class='ocrx_word' id='word_1_428' title='bbox 2553 4168 2754 4238; x_wconf 73' lang='grc' dir='ltr'>Μηδεὶς</span> <span class='ocrx_word' id='word_1_429' title='bbox 2783 4169 2978 4239; x_wconf 85' lang='grc' dir='ltr'>εὑρεθῇ</span> <span class='ocrx_word' id='word_1_430' title='bbox 3009 4168 3196 4240; x_wconf 77' lang='grc' dir='ltr'>βοηθὸς</span> <span class='ocrx_word' id='word_1_431' title='bbox 3232 4160 3535 4240; x_wconf 69' lang='grc' dir='ltr'>αὐτῶν’(ιι).</span> 
     </span>
    </p>
   </div>
   <div class='ocr_carea' id='block_1_73' title="bbox 775 4248 2381 4336">
    <p class='ocr_par' dir='ltr' id='par_1_73' title="bbox 775 4248 2264 4320">
     <span class='ocr_line' id='line_1_73' title="bbox 775 4248 2264 4320; baseline -0.002 -14"><span class='ocrx_word' id='word_1_432' title='bbox 775 4252 862 4306; x_wconf 78' lang='grc'><strong>25.</strong></span> <span class='ocrx_word' id='word_1_433' title='bbox 900 4248 1086 4320; x_wconf 85' lang='lat' dir='ltr'><strong>Neque</strong></span> <span class='ocrx_word' id='word_1_434' title='bbox 1115 4248 1378 4303; x_wconf 89' lang='lat' dir='ltr'><strong>Dominus</strong></span> <span class='ocrx_word' id='word_1_435' title='bbox 1409 4250 1730 4302; x_wconf 90' lang='lat' dir='ltr'><strong>misereatur</strong></span> <span class='ocrx_word' id='word_1_436' title='bbox 1769 4248 1937 4302; x_wconf 92' lang='lat' dir='ltr'><strong>ullius</strong></span> <span class='ocrx_word' id='word_1_437' title='bbox 1989 4249 2264 4318; x_wconf 86' lang='lat' dir='ltr'><strong>improba-</strong></span> 
     </span>
    </p>
   </div>
   <div class='ocr_carea' id='block_1_74' title="bbox 2325 4248 3931 4336">
    <p class='ocr_par' dir='ltr' id='par_1_74' title="bbox 2435 4259 3931 4336">
     <span class='ocr_line' id='line_1_74' title="bbox 2435 4259 3931 4336; baseline 0.002 -24"><span class='ocrx_word' id='word_1_438' title='bbox 2435 4259 2524 4313; x_wconf 78' lang='grc'><strong>25.</strong></span> <span class='ocrx_word' id='word_1_439' title='bbox 2562 4260 2712 4331; x_wconf 78' lang='grc' dir='ltr'><strong>Μηδὲ</strong></span> <span class='ocrx_word' id='word_1_440' title='bbox 2739 4263 3052 4333; x_wconf 78' lang='grc' dir='ltr'>οίκτειρήσῃ</span> <span class='ocrx_word' id='word_1_441' title='bbox 3069 4263 3097 4314; x_wconf 85' lang='grc' dir='ltr'>ὁ</span> <span class='ocrx_word' id='word_1_442' title='bbox 3126 4260 3328 4334; x_wconf 77' lang='grc' dir='ltr'>Κύριός</span> <span class='ocrx_word' id='word_1_443' title='bbox 3356 4281 3409 4316; x_wconf 84' lang='grc' dir='ltr'><strong>τι</strong></span> <span class='ocrx_word' id='word_1_444' title='bbox 3433 4263 3540 4317; x_wconf 84' lang='grc' dir='ltr'>τῶν</span> <span class='ocrx_word' id='word_1_445' title='bbox 3565 4263 3760 4336; x_wconf 81' lang='grc' dir='ltr'>ἔργων</span> <span class='ocrx_word' id='word_1_446' title='bbox 3783 4263 3931 4318; x_wconf 74' lang='grc' dir='ltr'><strong>αὑτοῦ</strong></span> 
     </span>
    </p>
   </div>
   <div class='ocr_carea' id='block_1_75' title="bbox 708 4344 2314 4424">
    <p class='ocr_par' dir='ltr' id='par_1_75' title="bbox 708 4344 1291 4416">
     <span class='ocr_line' id='line_1_75' title="bbox 708 4344 1291 4416; baseline -0.007 -16"><span class='ocrx_word' id='word_1_447' title='bbox 708 4363 829 4400; x_wconf 86' lang='lat' dir='ltr'><strong>rum</strong></span> <span class='ocrx_word' id='word_1_448' title='bbox 856 4345 975 4416; x_wconf 87' lang='lat' dir='ltr'><strong>ejus</strong></span> <span class='ocrx_word' id='word_1_449' title='bbox 997 4344 1291 4400; x_wconf 89' lang='lat' dir='ltr'><strong>actionum.</strong></span> 
     </span>
    </p>
   </div>
   <div class='ocr_carea' id='block_1_76' title="bbox 1162 4344 2768 4424">
    <p class='ocr_par' dir='ltr' id='par_1_76' title="bbox 1162 4351 2768 4424">
     <span class='ocr_line' id='line_1_76' title="bbox 1162 4351 2768 4424; baseline 0.007 -28"><span class='ocrx_word' id='word_1_450' title='bbox 1162 4359 1291 4397; x_wconf 78' lang='lat' dir='ltr'><strong>tum.</strong></span> <span class='ocrx_word' id='word_1_451' title='bbox 2365 4352 2470 4405; x_wconf 84' lang='grc' dir='ltr'><strong>τῶν</strong></span> <span class='ocrx_word' id='word_1_452' title='bbox 2499 4351 2768 4424; x_wconf 81' lang='grc' dir='ltr'>πονηρῶν.</span> 
     </span>
    </p>
   </div>
   <div class='ocr_carea' id='block_1_77' title="bbox 779 4436 2385 4518">
    <p class='ocr_par' dir='ltr' id='par_1_77' title="bbox 779 4436 1239 4508">
     <span class='ocr_line' id='line_1_77' title="bbox 779 4436 1239 4508; baseline -0.002 -16"><span class='ocrx_word' id='word_1_453' title='bbox 779 4439 866 4493; x_wconf 83' lang='grc'><strong>21.</strong></span> <span class='ocrx_word' id='word_1_454' title='bbox 894 4436 1068 4508; x_wconf 90' lang='lat' dir='ltr'><strong>Opera</strong></span> <span class='ocrx_word' id='word_1_455' title='bbox 1100 4436 1239 4506; x_wconf 90' lang='lat' dir='ltr'><strong>ejus.</strong></span> 
     </span>
    </p>
   </div>
   <div class='ocr_carea' id='block_1_78' title="bbox 1517 4436 3123 4518">
    <p class='ocr_par' dir='ltr' id='par_1_78' title="bbox 2432 4443 3123 4518">
     <span class='ocr_line' id='line_1_78' title="bbox 2432 4443 3123 4518; baseline 0.003 -20"><span class='ocrx_word' id='word_1_456' title='bbox 2432 4443 2520 4498; x_wconf 74' lang='grc'><strong>24.</strong></span> <span class='ocrx_word' id='word_1_457' title='bbox 2554 4446 2634 4499; x_wconf 85' lang='grc' dir='ltr'><strong>Τὰ</strong></span> <span class='ocrx_word' id='word_1_458' title='bbox 2664 4446 2798 4518; x_wconf 77' lang='grc' dir='ltr'>ἔργα</span> <span class='ocrx_word' id='word_1_459' title='bbox 2827 4445 2991 4500; x_wconf 77' lang='grc' dir='ltr'>αὐτοῦ</span> <span class='ocrx_word' id='word_1_460' title='bbox 3027 4445 3123 4517; x_wconf 84' lang='grc'><strong>(5).</strong></span> 
     </span>
    </p>
   </div>
   <div class='ocr_carea' id='block_1_79' title="bbox 772 4528 2378 4609">
    <p class='ocr_par' dir='ltr' id='par_1_79' title="bbox 772 4528 1694 4585">
     <span class='ocr_line' id='line_1_79' title="bbox 772 4528 1694 4585; baseline -0.002 -1"><span class='ocrx_word' id='word_1_461' title='bbox 772 4531 862 4585; x_wconf 81' lang='grc'><strong>25.</strong></span> <span class='ocrx_word' id='word_1_462' title='bbox 901 4530 1093 4584; x_wconf 84' lang='lat' dir='ltr'><strong>Statim</strong></span> <span class='ocrx_word' id='word_1_463' title='bbox 1120 4544 1186 4584; x_wconf 79' lang='lat' dir='ltr'><strong>ex</strong></span> <span class='ocrx_word' id='word_1_464' title='bbox 1215 4529 1354 4584; x_wconf 92' lang='lat' dir='ltr'><strong>libro</strong></span> <span class='ocrx_word' id='word_1_465' title='bbox 1382 4528 1694 4583; x_wconf 88' lang='lat' dir='ltr'><strong>viventium.</strong></span> 
     </span>
    </p>
   </div>
   <div class='ocr_carea' id='block_1_80' title="bbox 2030 4528 3636 4609">
    <p class='ocr_par' dir='ltr' id='par_1_80' title="bbox 2431 4537 3636 4609">
     <span class='ocr_line' id='line_1_80' title="bbox 2431 4537 3636 4609; baseline 0.001 -19"><span class='ocrx_word' id='word_1_466' title='bbox 2431 4538 2517 4591; x_wconf 78' lang='lat'><strong>25.</strong></span> <span class='ocrx_word' id='word_1_467' title='bbox 2549 4539 2888 4609; x_wconf 75' lang='grc' dir='ltr'>παραχρῆμα</span> <span class='ocrx_word' id='word_1_468' title='bbox 2917 4541 2981 4593; x_wconf 82' lang='grc' dir='ltr'><strong>ἐκ</strong></span> <span class='ocrx_word' id='word_1_469' title='bbox 3001 4540 3099 4609; x_wconf 83' lang='grc' dir='ltr'>τῆς</span> <span class='ocrx_word' id='word_1_470' title='bbox 3136 4538 3314 4609; x_wconf 78' lang='grc' dir='ltr'>βίϐλου</span> <span class='ocrx_word' id='word_1_471' title='bbox 3347 4537 3447 4608; x_wconf 81' lang='grc' dir='ltr'><strong>τῆς</strong></span> <span class='ocrx_word' id='word_1_472' title='bbox 3473 4538 3636 4607; x_wconf 76' lang='grc' dir='ltr'>ζωῆς.</span> 
     </span>
    </p>
   </div>
   <div class='ocr_carea' id='block_1_81' title="bbox 775 4621 2381 4702">
    <p class='ocr_par' dir='ltr' id='par_1_81' title="bbox 775 4621 2332 4693">
     <span class='ocr_line' id='line_1_81' title="bbox 775 4621 2332 4693; baseline 0.001 -15"><span class='ocrx_word' id='word_1_473' title='bbox 775 4624 864 4678; x_wconf 91' lang='grc'><strong>26.</strong></span> <span class='ocrx_word' id='word_1_474' title='bbox 897 4622 1116 4678; x_wconf 86' lang='lat' dir='ltr'><strong>Patrum</strong></span> <span class='ocrx_word' id='word_1_475' title='bbox 1157 4622 1296 4692; x_wconf 90' lang='lat' dir='ltr'><strong>ejus,</strong></span> <span class='ocrx_word' id='word_1_476' title='bbox 1325 4622 1416 4692; x_wconf 91' lang='lat' dir='ltr'><strong>qui</strong></span> <span class='ocrx_word' id='word_1_477' title='bbox 1463 4621 1516 4676; x_wconf 90' lang='lat' dir='ltr'><strong>in</strong></span> <span class='ocrx_word' id='word_1_478' title='bbox 1547 4637 1730 4677; x_wconf 85' lang='lat' dir='ltr'><strong>eremo</strong></span> <span class='ocrx_word' id='word_1_479' title='bbox 1775 4639 1987 4693; x_wconf 88' lang='lat' dir='ltr'><strong>semper</strong></span> <span class='ocrx_word' id='word_1_480' title='bbox 2031 4623 2258 4679; x_wconf 88' lang='lat' dir='ltr'><strong>Domino</strong></span> <span class='ocrx_word' id='word_1_481' title='bbox 2293 4641 2332 4692; x_wconf 81' lang='grc' dir='ltr'>ο</span> 
     </span>
    </p>
   </div>
   <div class='ocr_carea' id='block_1_82' title="bbox 2321 4621 3927 4702">
    <p class='ocr_par' dir='ltr' id='par_1_82' title="bbox 2321 4630 3927 4702">
     <span class='ocr_line' id='line_1_82' title="bbox 2321 4630 3927 4702; baseline -0.005 -13"><span class='ocrx_word' id='word_1_482' title='bbox 2321 4645 2332 4689; x_wconf 78' lang='lat' dir='ltr'><strong>I</strong></span> <span class='ocrx_word' id='word_1_483' title='bbox 2428 4630 2516 4685; x_wconf 88' lang='grc'><strong>26.</strong></span> <span class='ocrx_word' id='word_1_484' title='bbox 2551 4631 2671 4683; x_wconf 82' lang='grc' dir='ltr'>Τῶν</span> <span class='ocrx_word' id='word_1_485' title='bbox 2701 4631 2960 4702; x_wconf 87' lang='grc' dir='ltr'>Πατέρων</span> <span class='ocrx_word' id='word_1_486' title='bbox 2988 4632 3154 4687; x_wconf 82' lang='grc' dir='ltr'>αὐτοῦ</span> <span class='ocrx_word' id='word_1_487' title='bbox 3189 4632 3297 4687; x_wconf 87' lang='grc' dir='ltr'><strong>τῶν</strong></span> <span class='ocrx_word' id='word_1_488' title='bbox 3335 4634 3392 4684; x_wconf 91' lang='grc' dir='ltr'><strong>ἐν</strong></span> <span class='ocrx_word' id='word_1_489' title='bbox 3419 4634 3484 4701; x_wconf 81' lang='grc' dir='ltr'>τῇ</span> <span class='ocrx_word' id='word_1_490' title='bbox 3525 4631 3730 4701; x_wconf 76' lang='grc' dir='ltr'>ἐρήμῳ</span> <span class='ocrx_word' id='word_1_491' title='bbox 3792 4631 3927 4683; x_wconf 69' lang='grc' dir='ltr'>ἐναν-</span> 
     </span>
    </p>
   </div>
   <div class='ocr_carea' id='block_1_83' title="bbox 704 4714 2310 4795">
    <p class='ocr_par' dir='ltr' id='par_1_83' title="bbox 704 4714 1140 4772">
     <span class='ocr_line' id='line_1_83' title="bbox 704 4714 1140 4772; baseline -0.009 0"><span class='ocrx_word' id='word_1_492' title='bbox 704 4714 970 4772; x_wconf 77' lang='lat' dir='ltr'><strong>aJversati</strong></span> <span class='ocrx_word' id='word_1_493' title='bbox 995 4723 1140 4772; x_wconf 88' lang='lat' dir='ltr'><strong>sunt.</strong></span> 
     </span>
    </p>
   </div>
   <div class='ocr_carea' id='block_1_84' title="bbox 1505 4714 3111 4795">
    <p class='ocr_par' dir='ltr' id='par_1_84' title="bbox 2365 4722 3111 4795">
     <span class='ocr_line' id='line_1_84' title="bbox 2365 4722 3111 4795; baseline 0.004 -21"><span class='ocrx_word' id='word_1_494' title='bbox 2365 4722 2659 4792; x_wconf 82' lang='grc' dir='ltr'>τιουμένων</span> <span class='ocrx_word' id='word_1_495' title='bbox 2683 4723 2768 4775; x_wconf 76' lang='grc' dir='ltr'><strong>ἀεὶ</strong></span> <span class='ocrx_word' id='word_1_496' title='bbox 2799 4722 2876 4793; x_wconf 79' lang='grc' dir='ltr'>τῷ</span> <span class='ocrx_word' id='word_1_497' title='bbox 2907 4725 3111 4795; x_wconf 87' lang='grc' dir='ltr'>Κυρίῳ.</span> 
     </span>
    </p>
   </div>
   <div class='ocr_carea' id='block_1_85' title="bbox 772 4808 2378 4885">
    <p class='ocr_par' dir='ltr' id='par_1_85' title="bbox 772 4808 1210 4881">
     <span class='ocr_line' id='line_1_85' title="bbox 772 4808 1210 4881; baseline 0.007 -19"><span class='ocrx_word' id='word_1_498' title='bbox 772 4809 859 4862; x_wconf 86' lang='grc'><strong>27.</strong></span> <span class='ocrx_word' id='word_1_499' title='bbox 897 4808 1210 4881; x_wconf 67' lang='lat' dir='ltr'><strong>Synagogaz.</strong></span> 
     </span>
    </p>
   </div>
   <div class='ocr_carea' id='block_1_86' title="bbox 1435 4808 3041 4885">
    <p class='ocr_par' dir='ltr' id='par_1_86' title="bbox 2429 4813 3041 4885">
     <span class='ocr_line' id='line_1_86' title="bbox 2429 4813 3041 4885; baseline 0.003 -17"><span class='ocrx_word' id='word_1_500' title='bbox 2429 4813 2495 4868; x_wconf 84' lang='lat'><strong>27</strong></span> <span class='ocrx_word' id='word_1_501' title='bbox 2506 4856 2518 4867; x_wconf 96' lang='lat'><strong>.</strong></span> <span class='ocrx_word' id='word_1_502' title='bbox 2557 4813 2666 4884; x_wconf 83' lang='grc' dir='ltr'><strong>Τῆς</strong></span> <span class='ocrx_word' id='word_1_503' title='bbox 2697 4815 3041 4885; x_wconf 85' lang='grc' dir='ltr'>συναγωγῆς.</span> 
     </span>
    </p>
   </div>
   <div class='ocr_carea' id='block_1_87' title="bbox 765 4898 2371 4979">
    <p class='ocr_par' dir='ltr' id='par_1_87' title="bbox 765 4898 1834 4970">
     <span class='ocr_line' id='line_1_87' title="bbox 765 4898 1834 4970; baseline 0 -18"><span class='ocrx_word' id='word_1_504' title='bbox 765 4900 854 4954; x_wconf 88' lang='lat'><strong>28.</strong></span> <span class='ocrx_word' id='word_1_505' title='bbox 887 4898 1043 4955; x_wconf 83' lang='lat' dir='ltr'><strong>Fiant</strong></span> <span class='ocrx_word' id='word_1_506' title='bbox 1068 4916 1279 4970; x_wconf 87' lang='lat' dir='ltr'><strong>semper</strong></span> <span class='ocrx_word' id='word_1_507' title='bbox 1303 4899 1560 4956; x_wconf 89' lang='lat' dir='ltr'><strong>contrarii</strong></span> <span class='ocrx_word' id='word_1_508' title='bbox 1589 4898 1834 4953; x_wconf 87' lang='lat' dir='ltr'><strong>Domino.</strong></span> 
     </span>
    </p>
   </div>
   <div class='ocr_carea' id='block_1_88' title="bbox 2312 4898 3918 4979">
    <p class='ocr_par' dir='ltr' id='par_1_88' title="bbox 2425 4905 3918 4979">
     <span class='ocr_line' id='line_1_88' title="bbox 2425 4905 3918 4979; baseline -0.002 -20"><span class='ocrx_word' id='word_1_509' title='bbox 2425 4905 2513 4959; x_wconf 88' lang='grc'><strong>28.</strong></span> <span class='ocrx_word' id='word_1_510' title='bbox 2546 4905 2934 4978; x_wconf 83' lang='grc' dir='ltr'>Γενηθήτωσαν</span> <span class='ocrx_word' id='word_1_511' title='bbox 2953 4909 3028 4979; x_wconf 88' lang='grc'><strong>(6)</strong></span> <span class='ocrx_word' id='word_1_512' title='bbox 3049 4909 3136 4963; x_wconf 75' lang='grc' dir='ltr'>ἀεὶ</span> <span class='ocrx_word' id='word_1_513' title='bbox 3168 4907 3565 4978; x_wconf 75' lang='grc' dir='ltr'>ἐναντιούμενοι</span> <span class='ocrx_word' id='word_1_514' title='bbox 3600 4906 3685 4977; x_wconf 83' lang='grc' dir='ltr'>τῷ</span> <span class='ocrx_word' id='word_1_515' title='bbox 3717 4905 3918 4977; x_wconf 79' lang='grc' dir='ltr'>Κυρίῳ.</span> 
     </span>
    </p>
   </div>
   <div class='ocr_carea' id='block_1_89' title="bbox 773 4991 2379 5072">
    <p class='ocr_par' dir='ltr' id='par_1_89' title="bbox 773 4991 2255 5062">
     <span class='ocr_line' id='line_1_89' title="bbox 773 4991 2255 5062; baseline 0.004 -18"><span class='ocrx_word' id='word_1_516' title='bbox 773 4993 860 5046; x_wconf 83' lang='grc'><strong>29.</strong></span> <span class='ocrx_word' id='word_1_517' title='bbox 896 4991 961 5046; x_wconf 84' lang='lat' dir='ltr'><strong>Et</strong></span> <span class='ocrx_word' id='word_1_518' title='bbox 1017 4993 1287 5062; x_wconf 88' lang='lat' dir='ltr'><strong>dispereat</strong></span> <span class='ocrx_word' id='word_1_519' title='bbox 1343 4994 1410 5049; x_wconf 87' lang='lat' dir='ltr'><strong>de</strong></span> <span class='ocrx_word' id='word_1_520' title='bbox 1455 5003 1595 5049; x_wconf 88' lang='lat' dir='ltr'><strong>terra</strong></span> <span class='ocrx_word' id='word_1_521' title='bbox 1653 4993 1943 5048; x_wconf 84' lang='lat' dir='ltr'><strong>viventium</strong></span> <span class='ocrx_word' id='word_1_522' title='bbox 1996 4997 2255 5050; x_wconf 85' lang='lat' dir='ltr'><strong>memoria</strong></span> 
     </span>
    </p>
   </div>
   <div class='ocr_carea' id='block_1_90' title="bbox 2315 4991 3921 5072">
    <p class='ocr_par' dir='ltr' id='par_1_90' title="bbox 2430 4998 3921 5072">
     <span class='ocr_line' id='line_1_90' title="bbox 2430 4998 3921 5072; baseline -0.001 -21"><span class='ocrx_word' id='word_1_523' title='bbox 2430 4998 2516 5052; x_wconf 85' lang='lat'><strong>29.</strong></span> <span class='ocrx_word' id='word_1_524' title='bbox 2549 5000 2658 5052; x_wconf 79' lang='lat' dir='ltr'><strong>Kal</strong></span> <span class='ocrx_word' id='word_1_525' title='bbox 2681 5000 2756 5069; x_wconf 90' lang='lat'><strong>(7)</strong></span> <span class='ocrx_word' id='word_1_526' title='bbox 2784 4999 3187 5072; x_wconf 82' lang='grc' dir='ltr'>ἐξολοθρευθείη</span> <span class='ocrx_word' id='word_1_527' title='bbox 3229 5002 3295 5054; x_wconf 86' lang='grc' dir='ltr'><strong>ἐκ</strong></span> <span class='ocrx_word' id='word_1_528' title='bbox 3335 5002 3434 5070; x_wconf 84' lang='grc' dir='ltr'><strong>τῆς</strong></span> <span class='ocrx_word' id='word_1_529' title='bbox 3457 5000 3560 5070; x_wconf 83' lang='grc' dir='ltr'><strong>γῆς</strong></span> <span class='ocrx_word' id='word_1_530' title='bbox 3577 4999 3691 5051; x_wconf 83' lang='grc' dir='ltr'><strong>τῶν</strong></span> <span class='ocrx_word' id='word_1_531' title='bbox 3713 4999 3921 5064; x_wconf 68' lang='grc' dir='ltr'>ζώντων</span> 
     </span>
    </p>
   </div>
   <div class='ocr_carea' id='block_1_91' title="bbox 700 5084 2306 5162">
    <p class='ocr_par' dir='ltr' id='par_1_91' title="bbox 700 5084 1415 5153">
     <span class='ocr_line' id='line_1_91' title="bbox 700 5084 1415 5153; baseline 0.01 -21"><span class='ocrx_word' id='word_1_532' title='bbox 700 5085 1056 5153; x_wconf 59' lang='lat' dir='ltr'><strong>pervicacium</strong></span> <span class='ocrx_word' id='word_1_533' title='bbox 1087 5084 1415 5139; x_wconf 75' lang='lat' dir='ltr'><strong>Judzenrum.</strong></span> 
     </span>
    </p>
   </div>
   <div class='ocr_carea' id='block_1_92' title="bbox 2051 5084 3657 5162">
    <p class='ocr_par' dir='ltr' id='par_1_92' title="bbox 2361 5090 3657 5162">
     <span class='ocr_line' id='line_1_92' title="bbox 2361 5090 3657 5162; baseline 0.004 -22"><span class='ocrx_word' id='word_1_534' title='bbox 2361 5090 2420 5142; x_wconf 85' lang='grc' dir='ltr'>τὸ</span> <span class='ocrx_word' id='word_1_535' title='bbox 2456 5092 2798 5162; x_wconf 83' lang='grc' dir='ltr'>μνημόσυνον</span> <span class='ocrx_word' id='word_1_536' title='bbox 2834 5095 2941 5146; x_wconf 83' lang='grc' dir='ltr'>τῶν</span> <span class='ocrx_word' id='word_1_537' title='bbox 2975 5094 3339 5148; x_wconf 78' lang='grc' dir='ltr'>ἀπειθούντων</span> <span class='ocrx_word' id='word_1_538' title='bbox 3371 5094 3657 5147; x_wconf 85' lang='grc' dir='ltr'>Ἰουδαίων.</span> 
     </span>
    </p>
   </div>
   <div class='ocr_carea' id='block_1_93' title="bbox 767 5173 2373 5258">
    <p class='ocr_par' dir='ltr' id='par_1_93' title="bbox 767 5173 1668 5248">
     <span class='ocr_line' id='line_1_93' title="bbox 767 5173 1668 5248; baseline 0.002 -18"><span class='ocrx_word' id='word_1_539' title='bbox 767 5177 854 5230; x_wconf 72' lang='grc'><strong>50.</strong></span> <span class='ocrx_word' id='word_1_540' title='bbox 889 5173 992 5231; x_wconf 87' lang='lat' dir='ltr'><strong>Pro</strong></span> <span class='ocrx_word' id='word_1_541' title='bbox 1025 5191 1093 5232; x_wconf 90' lang='lat' dir='ltr'><strong>eo</strong></span> <span class='ocrx_word' id='word_1_542' title='bbox 1123 5179 1266 5248; x_wconf 90' lang='lat' dir='ltr'><strong>quod</strong></span> <span class='ocrx_word' id='word_1_543' title='bbox 1292 5179 1365 5232; x_wconf 88' lang='lat' dir='ltr'><strong>ita</strong></span> <span class='ocrx_word' id='word_1_544' title='bbox 1399 5178 1668 5248; x_wconf 73' lang='lat' dir='ltr'><strong>cogitavit.</strong></span> 
     </span>
    </p>
   </div>
   <div class='ocr_carea' id='block_1_94' title="bbox 1852 5173 3458 5258">
    <p class='ocr_par' dir='ltr' id='par_1_94' title="bbox 2430 5178 3458 5258">
     <span class='ocr_line' id='line_1_94' title="bbox 2430 5178 3458 5258; baseline 0.006 -23"><span class='ocrx_word' id='word_1_545' title='bbox 2430 5182 2515 5235; x_wconf 74' lang='lat'><strong>30.</strong></span> <span class='ocrx_word' id='word_1_546' title='bbox 2566 5183 2704 5236; x_wconf 77' lang='lat' dir='ltr'><strong>’AvO&#39;</strong></span> <span class='ocrx_word' id='word_1_547' title='bbox 2737 5178 2810 5238; x_wconf 85' lang='grc' dir='ltr'>ὧν</span> <span class='ocrx_word' id='word_1_548' title='bbox 2830 5184 3000 5249; x_wconf 78' lang='grc' dir='ltr'>οὕτως</span> <span class='ocrx_word' id='word_1_549' title='bbox 3025 5189 3356 5258; x_wconf 78' lang='grc' dir='ltr'>ἐπενοήσατο</span> <span class='ocrx_word' id='word_1_550' title='bbox 3385 5187 3458 5258; x_wconf 82' lang='grc'><strong>(8)</strong></span> 
     </span>
    </p>
   </div>
   <div class='ocr_carea' id='block_1_95' title="bbox 1638 5373 2972 5456">
    <p class='ocr_par' dir='ltr' id='par_1_95' title="bbox 1638 5373 2972 5456">
     <span class='ocr_line' id='line_1_95' title="bbox 1638 5373 2972 5456; baseline 0.006 -24"><span class='ocrx_word' id='word_1_551' title='bbox 1638 5373 1942 5437; x_wconf 81' lang='lat' dir='ltr'><strong>Addenda</strong></span> <span class='ocrx_word' id='word_1_552' title='bbox 1983 5381 2044 5435; x_wconf 89' lang='lat' dir='ltr'><strong>et</strong></span> <span class='ocrx_word' id='word_1_553' title='bbox 2073 5376 2443 5456; x_wconf 81' lang='lat' dir='ltr'><strong>corrigenda</strong></span> <span class='ocrx_word' id='word_1_554' title='bbox 2475 5395 2554 5439; x_wconf 79' lang='lat' dir='ltr'><strong>ex</strong></span> <span class='ocrx_word' id='word_1_555' title='bbox 2600 5378 2739 5440; x_wconf 92' lang='lat' dir='ltr'><strong>cod.</strong></span> <span class='ocrx_word' id='word_1_556' title='bbox 2774 5381 2972 5440; x_wconf 80' lang='lat' dir='ltr'><strong>Vatic.</strong></span> 
     </span>
    </p>
   </div>
   <div class='ocr_carea' id='block_1_96' title="bbox 766 5525 2930 5600">
    <p class='ocr_par' dir='ltr' id='par_1_96' title="bbox 766 5525 2930 5600">
     <span class='ocr_line' id='line_1_96' title="bbox 766 5525 2930 5600; baseline 0.005 -23"><span class='ocrx_word' id='word_1_557' title='bbox 987 5526 1206 5600; x_wconf 52' lang='lat' dir='ltr'><strong>pasam.</strong></span> <span class='ocrx_word' id='word_1_558' title='bbox 1263 5598 1269 5600; x_wconf 83' lang='lat'>_</span> <span class='ocrx_word' id='word_1_559' title='bbox 2421 5532 2496 5599; x_wconf 82' lang='grc'><strong>(5)</strong></span> <span class='ocrx_word' id='word_1_560' title='bbox 2528 5532 2721 5593; x_wconf 73' lang='grc' dir='ltr'>Αὑτοῦ,</span> <span class='ocrx_word' id='word_1_561' title='bbox 2764 5533 2930 5600; x_wconf 80' lang='grc' dir='ltr'>λέγει.</span> 
     </span>
    </p>
   </div>
   <div class='ocr_carea' id='block_1_97' title="bbox 765 5594 2371 5671">
    <p class='ocr_par' dir='ltr' id='par_1_97' title="bbox 765 5594 1498 5671">
     <span class='ocr_line' id='line_1_97' title="bbox 765 5594 1498 5671; baseline 0.005 -24"><span class='ocrx_word' id='word_1_562' title='bbox 1066 5598 1359 5666; x_wconf 83' lang='grc' dir='ltr'>ἁμαρτίαν,</span> <span class='ocrx_word' id='word_1_563' title='bbox 1395 5609 1498 5651; x_wconf 88' lang='lat' dir='ltr'><strong>etc.</strong></span> 
     </span>
    </p>
   </div>
   <div class='ocr_carea' id='block_1_98' title="bbox 1280 5594 2886 5671">
    <p class='ocr_par' dir='ltr' id='par_1_98' title="bbox 1280 5594 2886 5671">
     <span class='ocr_line' id='line_1_98' title="bbox 1280 5594 2886 5671; baseline 0.005 -22"><span class='ocrx_word' id='word_1_564' title='bbox 1280 5613 1359 5660; x_wconf 82' lang='grc' dir='ltr'>αν,</span> <span class='ocrx_word' id='word_1_565' title='bbox 1395 5609 1498 5651; x_wconf 87' lang='lat' dir='ltr'><strong>etc.</strong></span> <span class='ocrx_word' id='word_1_566' title='bbox 2420 5594 2493 5671; x_wconf 88' lang='grc'><strong>6)</strong></span> <span class='ocrx_word' id='word_1_567' title='bbox 2521 5594 2886 5658; x_wconf 78' lang='grc' dir='ltr'>Γενέσθωσαν.</span> 
     </span>
    </p>
   </div>
   <div class='ocr_carea' id='block_1_99' title="bbox 767 5663 2373 5741">
    <p class='ocr_par' dir='ltr' id='par_1_99' title="bbox 767 5663 1523 5741">
     <span class='ocr_line' id='line_1_99' title="bbox 767 5663 1523 5741; baseline 0 0"><span class='ocrx_word' id='word_1_568' title='bbox 767 5663 1199 5741; x_wconf 58' lang='grc' dir='ltr'>(ξηίρίέίθεειέ</span> <span class='ocrx_word' id='word_1_569' title='bbox 1266 5733 1326 5741; x_wconf 85' lang='lat'><em>__</em></span> <span class='ocrx_word' id='word_1_570' title='bbox 1433 5737 1444 5741; x_wconf 95' lang='lat'><em>_</em></span> <span class='ocrx_word' id='word_1_571' title='bbox 1501 5737 1523 5741; x_wconf 96' lang='lat'>_</span> 
     </span>
    </p>
   </div>
   <div class='ocr_carea' id='block_1_100' title="bbox 1247 5663 2853 5741">
    <p class='ocr_par' dir='ltr' id='par_1_100' title="bbox 1266 5663 2853 5741">
     <span class='ocr_line' id='line_1_100' title="bbox 1266 5663 2853 5741; baseline -0.009 0"><span class='ocrx_word' id='word_1_572' title='bbox 1266 5733 1326 5741; x_wconf 84' lang='lat'><em>__</em></span> <span class='ocrx_word' id='word_1_573' title='bbox 1433 5737 1444 5741; x_wconf 96' lang='lat'><em>_</em></span> <span class='ocrx_word' id='word_1_574' title='bbox 1501 5737 1523 5741; x_wconf 98' lang='lat'>_</span> <span class='ocrx_word' id='word_1_575' title='bbox 2423 5663 2509 5741; x_wconf 48' lang='lat'><strong>(7&#39;)</strong></span> <span class='ocrx_word' id='word_1_576' title='bbox 2552 5675 2659 5725; x_wconf 79' lang='grc' dir='ltr'>Καί</span> <span class='ocrx_word' id='word_1_577' title='bbox 2687 5675 2853 5727; x_wconf 83' lang='lat' dir='ltr'><strong>deest.</strong></span> 
     </span>
    </p>
   </div>
   <div class='ocr_carea' id='block_1_101' title="bbox 767 5733 2901 5816">
    <p class='ocr_par' dir='ltr' id='par_1_101' title="bbox 767 5733 2901 5816">
     <span class='ocr_line' id='line_1_101' title="bbox 767 5733 2901 5816; baseline 0.003 -28"><span class='ocrx_word' id='word_1_578' title='bbox 767 5733 836 5802; x_wconf 70' lang='grc'><strong>(4)</strong></span> <span class='ocrx_word' id='word_1_579' title='bbox 866 5735 1128 5807; x_wconf 75' lang='grc' dir='ltr'>Εὑρεθείη</span> <span class='ocrx_word' id='word_1_580' title='bbox 1161 5733 1365 5812; x_wconf 77' lang='grc' dir='ltr'>βοηθῶν</span> <span class='ocrx_word' id='word_1_581' title='bbox 1389 5737 1553 5806; x_wconf 82' lang='grc' dir='ltr'>αὐτῷ.</span> <span class='ocrx_word' id='word_1_582' title='bbox 2419 5733 2503 5816; x_wconf 69' lang='grc'><strong>(8)</strong></span> <span class='ocrx_word' id='word_1_583' title='bbox 2540 5743 2901 5815; x_wconf 79' lang='grc' dir='ltr'>Ἀπενοήσατο</span> 
     </span>
    </p>
   </div>
  </div>
