4110 6318
111 389 263 443 HM
1049 382 1138 436 DE
1175 380 1449 438 TITULIS
1483 376 1929 435 PSALMORUM.
1964 408 2034 418 ——
2072 374 2262 429 PSAL.
2302 372 2483 429 CVIII.
3220 371 3360 428 I142

198 502 287 557 3L
324 500 430 555 Kal.
453 499 771 565 κατεδίωξεν
798 500 1083 570 ἄνθρωπον
1107 500 1315 569 πένητα
1344 499 1437 551 καὶ
1462 496 1693 566 πτωχὸν,
1726 502 1773 556 Α

1732 502 1773 556 Α
1870 490 1961 545 51.
1994 490 2058 544 Ει
2088 497 2404 560 persecutus
2435 497 2520 543 est
2554 488 2829 543 hominem
2858 489 3072 559 inopem
3100 496 3155 542 et
3202 503 3355 542 men-

1800 585 2005 649 dicum,

199 677 290 730 39..
321 674 427 728 Kal
446 672 912 741 κατανενυγμένον
936 670 1002 741 τῇ
1032 670 1227 741 καρδίᾳ
1252 670 1345 722 τοῦ
1370 667 1696 721 θανατῶσαι.

1417 667 1696 721 ινατῶσαι-
1876 676 1962 731 32.
2000 676 2064 730 Et
2091 683 2477 744 compunctum
2508 672 2673 727 corde
2697 672 3040 727 mortiﬁcare.

200 768 293 821 33.
321 767 428 819 Kal.
454 765 705 835 ἠγάπησε
742 764 1010 833 κατάραν,
1034 764 1129 815 καὶ
1160 760 1277 833 ἥξει
1298 760 1473 831 αὐτῷ·

1869 769 1957 823 33.
1991 768 2055 821 Et
2084 766 2272 821 dilexit
2300 764 2761 828 maledictionem,
2792 773 2846 820 et
2867 766 3042 819 veniet
3065 764 3112 818 ei
3139 784 3152 818 :

200 859 291 913 54.
321 858 428 911 Kal
455 859 556 911 οὐκ
583 855 851 927 ἠθέλησεν
878 854 1128 923 εὐλογίαν
1154 893 1168 917 ,
1205 856 1299 906 καὶ
1333 852 1703 924 μακρυνθήσε-

1870 860 1964 916 54.
1990 860 2057 915 Et
2078 860 2254 915 noluit
2270 858 2722 920 benedictionem,
2752 866 2806 913 et
2826 856 3161 926 elongabitur
3187 857 3256 909 ab
3278 870 3361 910 eo.

119 966 220 1001 ται
250 949 345 1000 ἀπ’
377 947 562 1001 αὑτοῦ.

206 1042 293 1095 33.
330 1042 437 1094 Kal.
474 1040 763 1093 ἐνεδύσατο
790 1038 1033 1111 κατάραν
1054 1038 1129 1101 ὡς
1153 1038 1363 1109 ἱμάτιον
1386 1054 1398 1066 ·

1874 1041 1960 1095 35.
1996 1039 2063 1094 Et
2092 1040 2270 1094 induit
2304 1038 2738 1093 maledictionem
2781 1038 2921 1092 sicut
2946 1037 3323 1092 vestimentum
3350 1053 3362 1087 :

205 1130 296 1185 36.
329 1129 437 1182 Kal.
462 1129 713 1199 εἰσῆλθεν
741 1128 872 1180 ὡσεὶ
918 1126 1060 1198 ὕδωρ
1093 1130 1172 1189 είς
1200 1126 1268 1178 τά
1294 1126 1497 1193 ἔγκατα
1519 1122 1704 1178 αὐτοῦ·

1584 1122 1704 1176 ιτΟὖ·
1876 1132 1962 1187 56.
1997 1131 2061 1185 Et
2091 1131 2312 1185 intravit
2345 1130 2489 1185 sicut
2512 1144 2653 1200 aqua
2683 1129 2737 1183 in
2770 1128 3024 1183 interiora
3055 1130 3207 1200 ejus:

206 1224 296 1275 37.
326 1223 432 1275 Kal
454 1221 584 1274 ὡσεὶ
615 1222 797 1273 ἔλαιον
825 1221 882 1272 έν
912 1223 1023 1283 τοῖς
1048 1220 1259 1282 ὀστέοις
1286 1217 1469 1272 αὑτοῦ.

1329 1217 1469 1272 ὑτοῦ.
1878 1224 1967 1278 37.
2004 1221 2071 1276 Et
2095 1223 2237 1277 sicut
2270 1222 2451 1276 oleum
2480 1222 2534 1275 in
2570 1221 2788 1276 ossibus
2819 1220 2952 1289 eius.

211 1313 303 1368 33.
336 1313 622 1383 Γενηθήτω
656 1312 802 1383 αὑτῷ
824 1312 899 1375 ὡς
933 1311 1143 1383 ἱμάτιον
1171 1312 1198 1363 ὃ
1228 1309 1629 1379 περιϐάλλεται·

1615 1327 1629 1339 ·
1883 1315 1970 1370 58.
2007 1313 2124 1368 Fiat
2156 1314 2205 1369 ei
2232 1316 2373 1371 sicut
2402 1315 2789 1369 vestimentum
2825 1330 2934 1383 quo
2957 1314 3233 1383 operitur:

210 1404 300 1460 39.
344 1404 445 1457 Kal
477 1404 607 1456 ὡσεὶ
636 1403 779 1475 ζώνη
807 1405 872 1474 ἢν
894 1403 1182 1465 διαπαντὸς
1209 1402 1620 1474 περιζώννυται.

1555 1420 1620 1455 ιι.
1883 1406 1971 1460 59.
2014 1405 2080 1459 Et
2106 1406 2246 1461 sicut
2277 1422 2414 1461 zona
2443 1422 2551 1475 qua
2576 1421 2791 1477 semper
2817 1406 3178 1477 prmcingitur.

210 1495 301 1548 40.
338 1495 505 1549 Τοῦτο
529 1496 591 1548 τδ
618 1495 777 1566 ἔργον
801 1494 905 1549 τῶν
952 1494 1402 1549 ὲνδιαόαλλὸντων
1448 1512 1515 1565 με
1567 1495 1716 1564 παρά

1884 1497 1973 1550 4ο.
2009 1495 2123 1552 Hoc
2173 1512 2309 1567 opus
2340 1512 2551 1563 eorum,
2582 1497 2675 1568 qui
2713 1498 3009 1554 detrahunt
3054 1496 3187 1551 mihi
3232 1494 3370 1565 apud

132 1583 368 1657 Κυρίου,

1816 1587 2128 1651 Dominum,

213 1676 305 1730 41.
360 1676 464 1729 Καὶ
513 1676 622 1731 τῶν
666 1676 969 1731 λαλούντων
1024 1679 1236 1750 πονηρά
1289 1679 1427 1732 κατά
1482 1678 1579 1749 τῆς
1618 1678 1718 1747 ψυ-

1887 1678 1975 1732 41.
2015 1675 2081 1729 Ει
2128 1676 2221 1746 qui
2280 1676 2582 1747 loquuntur
2636 1680 2779 1733 mala
2827 1677 3088 1735 adversus
3138 1677 3372 1732 animam

118 1769 243 1840 ﬁs
288 1786 409 1840 μουο

396 1809 409 1821 ⁸
1821 1785 2013 1824 meam.

219 1861 309 1915 Ω.
335 1859 437 1913 Kal.
458 1860 543 1924 σὺ,
569 1859 740 1933 Κύριε
757 1861 953 1932 Κύριε,
973 1862 1196 1931 ποίησον
1230 1864 1343 1932 μετ’
1361 1860 1495 1931 ἐμοῦ
1527 1861 1714 1934 [ἔλεος]
1750 1850 1792 1907 Β

1756 1850 1792 1907 Β
1887 1861 1971 1915 4Ξ.
2006 1859 2069 1914 Et
2093 1870 2170 1925 tu,
2208 1861 2435 1917 Domine
2479 1860 2726 1929 Domine,
2760 1862 2849 1919 fac
2894 1876 3107 1918 mecum
3146 1860 3379 1915 [miseri-

135 1952 334 2005 ινεκεν
366 1951 458 2004 τοῦ
498 1952 758 2023 ὀνόματός
785 1969 899 2005 σου·

1823 1951 2087 2025 cordiam]
2116 1962 2334 2023 propter
2370 1968 2564 2008 nomen
2606 1963 2790 2008 tuum:

219 2045 311 2099 45.
348 2046 471 2099 Ὅτι
499 2046 731 2117 χρηστὸν
765 2045 825 2098 τὸ
849 2044 992 2108 ἔλεός
1027 2061 1118 2097 σου
1150 2043 1390 2117 [Κύριε].

1892 2042 1979 2096 45.
2011 2042 2150 2108 Quia
2180 2044 2367 2099 suavis
2389 2044 2759 2099 misericordia
2785 2056 2875 2099 tua
2912 2043 3184 2117 [Domine]

222 2136 312 2189 44.
350 2135 535 2189 Ῥὖσαί
571 2153 659 2207 με,
686 2137 766 2189 ὅτι
788 2137 997 2206 πτωχὸς
1029 2135 1124 2188 καὶ
1162 2134 1327 2207 πένης
1355 2134 1470 2205 εἰμὶ
1498 2132 1625 2202 ἐγώ·

1892 2133 1981 2185 44.
2017 2131 2208 2187 Libera
2233 2150 2317 2189 me
2342 2135 2468 2203 quia
2491 2150 2695 2206 egenus
2719 2144 2774 2190 et
2802 2149 3007 2205 pauper
3032 2149 3132 2203 ego
3158 2150 3308 2189 sum:

226 2227 317 2281 45.
355 2228 461 2280 Kal.
497 2226 745 2298 ἠκαρδία
776 2244 874 2298 μου
905 2226 1227 2297 τετάρακται
1257 2226 1407 2289 ἐντός
1440 2242 1541 2295 μου

1902 2225 1993 2279 45.
2023 2225 2087 2279 Et
2114 2241 2209 2281 cor
2240 2242 2419 2281 meum
2448 2228 2829 2282 conturbatum
2858 2237 2941 2283 est
2970 2228 3109 2282 intra
3139 2242 3240 2281 me.

224 2319 315 2373 46.
350 2321 489 2372 Ὠσεὶ
515 2320 638 2373 σκιά
663 2322 719 2373 ὲν
742 2319 819 2389 τῷ
848 2320 1089 2372 ἐκκλῖναι
1114 2317 1301 2389 αὐτὴν,
1339 2316 1725 2390 ἀντανῃρέθην·

1641 2334 1725 2389 ην·
1893 2314 1981 2368 46.
2016 2313 2165 2369 Sicut
2194 2317 2383 2371 umbra
2411 2332 2534 2371 cum
2566 2316 2818 2383 declinat,
2857 2318 3070 2373 ablatus
3099 2333 3221 2372 sum
3250 2336 3261 2369 :

225 2411 316 2464 47.
357 2410 729 2481 Ἐξετινάχθην
758 2409 889 2463 ὡσεὶ
919 2408 1156 2480 ἀκρίδες.

1895 2404 1984 2458 47.
2018 2403 2083 2459 Ει
2104 2420 2371 2462 excussus
2402 2423 2522 2462 sum
2552 2407 2694 2462 sicut
2720 2407 2959 2463 locustae.

1280 2580 1657 2636 ATHANASII
1698 2580 2283 2640 INTERPRETATIO.

234 2742 326 2795 31.
364 2741 476 2794 Kal.
497 2736 785 2801 κατεδίωξε
811 2736 901 2790 τὸν
925 2736 1177 2789 πλούσιον
1204 2736 1294 2788 τὸν
1329 2735 1394 2788 δι’
1424 2737 1570 2807 ἡμᾶς
1592 2754 1737 2788 πτω-

1904 2738 1993 2791 5l.
2026 2736 2092 2791 Et
2134 2749 2457 2807 persecutus
2486 2750 2570 2796 est
2606 2741 2825 2796 divitem
2869 2750 3087 2813 propter
3131 2756 3231 2798 nos
3264 2759 3392 2812 pau-

148 2832 453 2903 χεύσαντα.

1832 2846 2013 2900 percm
2056 2830 2276 2886 factum.

236 2924 328 2978 δί.
362 2924 465 2976 Τὸν
491 2923 662 2993 πρᾷον
691 2924 757 2991 τῇ
781 2920 996 2993 καρδία.

792 2920 996 2993 καρδίᾳ.
1904 2924 1989 2977 52.
2030 2922 2207 2977 Mitem
2237 2924 2415 2978 corde.

236 3017 325 3068 33.
354 3014 459 3068 Kal
484 3014 516 3083 ἡ
546 3013 733 3082 ἀγάπη
762 3012 835 3082 (I)
874 3012 1124 3076 θάνατον,
1160 3013 1253 3065 καὶ
1276 3010 1395 3081 ἡξει
1425 3012 1628 3072 αὐτοῖς.

1350 3028 1395 3063 ει
1425 3012 1628 3072 αὐτοῖς.
1898 3014 1988 3067 33.
2026 3012 2089 3067 Et
2120 3014 2309 3069 dilexit
2338 3022 2591 3084 mortem,
2621 3024 2675 3069 et
2703 3015 2881 3070 veniet
2906 3016 2973 3069 ei.

237 3107 326 3160 54.
360 3106 468 3159 Kal.
512 3106 611 3157 οὑκ
648 3104 879 3175 ⁴Ιχθέλησε
914 3106 1012 3175 τὴν
1042 3102 1257 3157 αἰώνιον
1282 3101 1445 3173 ζωὴν,
1479 3102 1572 3154 καὶ
1600 3102 1732 3155 ἀπο-
1759 3136 1802 3194 c

1626 3117 1732 3154 ιπο-
1759 3136 1802 3194 c
1902 3105 1990 3157 54.
2026 3104 2089 3158 Ει
2113 3104 2286 3159 noluit
2315 3106 2478 3159 vitam
2503 3115 2779 3172 aeternam,
2802 3115 2855 3162 et
2880 3105 3053 3161 aberit
3075 3104 3144 3159 ab
3168 3120 3249 3159 eo.

159 3200 427 3267 στήσεται
451 3197 544 3249 ἀπ’
571 3195 755 3251 αὑτοῦ.

238 3288 329 3344 55.
356 3288 456 3340 Τὸν
485 3287 712 3341 Θάνατον
734 3288 809 3351 ὡς
839 3288 1069 3358 ἱμάτιον.

1910 3288 1997 3342 55.
2028 3286 2251 3341 Mortem
2285 3298 2344 3341 ut
2370 3288 2766 3342 vestimentum.

242 3381 332 3434 36.
376 3380 616 3449 Πρηνὴς
641 3380 749 3450 γὰρ
775 3382 1092 3449 γενόμενος
1114 3377 1379 3445 ὲλὰκησε
1399 3374 1610 3446 μέσος,
1639 3376 1735 3428 καὶ

1915 3382 2000 3435 36.
2038 3380 2101 3434 Et
2136 3398 2413 3450 suspensus
2461 3382 2656 3450 crepuit
2700 3381 2936 3445 medius,
2959 3389 3008 3433 et
3056 3378 3251 3447 cii/fusa
3281 3386 3398 3430 sunt

160 3474 429 3540 ἐξεχύθη
450 3471 644 3525 πάντα
676 3472 748 3524 τὰ
774 3470 1099 3538 σπλάγχνα
1132 3467 1336 3520 αὑτοῦ.

839 3470 1099 3538 τλάγχνα
1132 3467 1336 3520 αὑτοῦ.
1846 3476 2019 3527 omnia
2044 3476 2241 3527 viscera
2262 3476 2374 3542 ejus
2397 3474 2462 3527 ".

245 3564 335 3618 37.
368 3562 667 3633 Περιεχύθη
691 3564 718 3614 ὁ
741 3561 964 3625 θάνατος
998 3563 1056 3613 ὲν
1091 3562 1200 3622 τοῖς
1230 3557 1445 3629 μέλεσιν
1481 3555 1666 3609 αὑτοῦ.

1656 3597 1666 3608 -
1917 3565 2004 3619 37.
2038 3563 2453 3618 Circumdiﬂ‘usa
2480 3571 2562 3617 est
2594 3578 2740 3617 mors
2769 3561 2824 3614 in
2849 3558 3107 3613 membris
3132 3558 3270 3626 ejus.

247 3656 336 3710 38.
376 3655 553 3707 Ἔστω
589 3654 702 3725 μετ’
745 3652 908 3708 αὑτοῦ
953 3652 1040 3706 διά
1074 3651 1269 3715 παντὸς
1325 3652 1358 3721 ή
1390 3649 1464 3719 (2)
1500 3648 1743 3719 ἁμαρτία

1919 3657 2005 3710 38.
2037 3654 2119 3710 Sit
2162 3671 2285 3710 cum
2337 3656 2456 3726 ipso
2486 3669 2699 3725 semper
2740 3663 3018 3724 peccatum
3061 3649 3404 3706 circumdatis

166 3746 655 3819 περιπτυσσομένη
682 3747 864 3800 αὐτόν.
1850 3764 1996 3802 eum.

249 3842 339 3897 39.
369 3840 735 3912 Περισφὶγγου
763 3840 836 3908 (3)
864 3838 1025 3891 αὑτὸν
1044 3837 1150 3889 ἀεί.

1926 3842 2013 3896 59.
2048 3841 2379 3912 Coangustet
2398 3856 2522 3895 eum
2555 3855 2785 3908 semper.

248 3934 341 3991 40.
378 3933 546 3986 Τοῦτο
571 3933 809 4001 γενέσθω
838 3932 929 3984 ἐπὶ
984 3931 1073 3983 τὸν
1116 3927 1356 3983 διάϐολον
1379 3926 1469 3979 καὶ
1501 3924 1624 3988 τοὺς
1652 3924 1749 3991 ἀγ-

1652 3924 1749 3991 ἀγ-
1916 3935 2008 3990 40.
2033 3933 2145 3989 Hoc
2172 3936 2265 3987 ﬁat
2290 3942 2476 3988 contra
2496 3931 2771 3986 diabolum
2803 3938 2856 3983 et
2881 3926 3098 3998 angelos
3128 3926 3259 3996 ejus.

171 4028 374 4097 τέλους
401 4024 582 4080 αὑτοῦ.

253 4118 344 4172 41.
373 4120 481 4171 Kal.
518 4113 705 4187 [κατὰ]
735 4115 839 4168 τῶν
881 4112 1133 4167 ἐναντίων
1155 4110 1456 4179 δυνάμεων,
1483 4106 1588 4157 τῶν
1623 4122 1753 4174 συμ-

1929 4116 2015 4168 41.
2046 4112 2111 4166 Ει
2130 4108 2367 4185 [contra]
2382 4107 2724 4165 adversarias
2750 4114 3061 4176 potestates,
3083 4117 3204 4173 qua
3226 4103 3412 4156 ineunt

176 4208 584 4279 ϐουλευομένων
614 4204 905 4260 ἀπολέσθαι
938 4202 1012 4273 (4)
1041 4202 1138 4273 τὴν
1172 4200 1346 4270 ψυχήν
1381 4214 1501 4267 μου.

1324 4218 1346 4251 ν
1381 4214 1501 4267 μου·
1860 4210 2109 4272 consilia,
2140 4218 2197 4261 ut
2233 4206 2461 4277 perdant
2485 4204 2721 4258 animam
2752 4216 2947 4255 meam.

262 4301 349 4355 42.
373 4298 475 4353 Kal
498 4300 584 4363 σὺ,
619 4297 783 4367 Κύριε
817 4295 1003 4366 Κύριε,
1038 4293 1199 4346 ὅτιτὸ
1229 4292 1399 4361 ὄνομά
1433 4305 1525 4342 σου
1569 4285 1753 4355 φιλάν-

1926 4304 2015 4358 42.
2050 4303 2115 4356 Et
2143 4312 2222 4369 tu,
2244 4300 2467 4354 Domine
2496 4296 2740 4360 Domine,
2763 4294 3017 4365 quoniam
3038 4302 3235 4344 nomen
3260 4294 3412 4341 tuum

179 4398 407 4466 Θρωπον
432 4390 643 4459 λέγεται
700 4389 792 4443 καὶ
820 4388 989 4453 ἐστὶν,
1012 4385 1183 4447 οὕτως
1216 4383 1309 4437 καὶ
1361 4380 1581 4450 ποίησον
1639 4376 1753 4447 μετ’

1686 4376 1753 4428 5""
1862 4396 2156 4466 benignum
2180 4393 2397 4454 dicitur,
2428 4396 2481 4444 et
2514 4397 2615 4452 est,
2645 4388 2717 4440 ita
2748 4385 2911 4440 etiam
2941 4384 3024 4437 Iac
3052 4394 3264 4435 mecum
3296 4397 3309 4431 :

178 4485 354 4548 ἐμοῦ·
1788 4492 1833 4548 D

216 4506 325 4558 μου
340 4506 354 4514 “
1789 4506 1833 4548 υ

259 4578 354 4632 45.
379 4577 501 4629 Ὀτι
524 4572 721 4643 ἀγαθὸν
748 4570 809 4625 τὸ
827 4568 970 4632 ἔλεός
996 4585 1109 4621 σου.

1789 4506 1833 4548 υ
1931 4579 2025 4633 45.
2054 4573 2321 4643 Quoniam
2351 4570 2494 4626 bona
2526 4564 2896 4622 misericordia
2926 4571 3037 4617 tua.

262 4670 352 4725 44.
392 4667 579 4723 Ῥὖσαί
613 4684 703 4736 με,
748 4666 830 4719 ὅτι
861 4663 1072 4734 πτωχός
1100 4663 1235 4731 εἰμι,
1267 4658 1361 4713 καὶ
1412 4654 1579 4723 πένης
1609 4653 1667 4706 ὲν
1697 4654 1764 4723 τῇ

1935 4669 2021 4723 44.
2060 4666 2250 4721 Libera
2272 4678 2379 4729 me,
2402 4661 2657 4732 quoniam
2682 4655 2964 4711 mendicus
2994 4660 3049 4708 et
3070 4664 3274 4721 pauper
3298 4662 3418 4703 sum

186 4764 341 4835 ἰσχύϊ
368 4763 464 4833 τῆς
484 4760 659 4831 ψυχῆς
693 4775 813 4829 μου.

1866 4766 1917 4819 in
1951 4759 2267 4817 fortitudine
2294 4757 2489 4812 anima:
2516 4767 2663 4807 mete.

265 4856 357 4910 45.
387 4854 491 4908 Kal.
523 4855 556 4925 ή
590 4850 785 4923 καρδία
818 4866 917 4921 μου
940 4848 994 4900 ὲν
1012 4845 1179 4914 ἀγῶνι
1210 4840 1385 4913 πολλῷ
1412 4839 1763 4909 καθέστηκεν·

1607 4852 1763 4909 ἠκεν’
1938 4856 2027 4909 45.
2058 4852 2123 4906 Ει
2149 4868 2242 4907 cor
2271 4864 2451 4904 meum
2482 4846 2536 4900 in
2561 4859 2733 4915 agone
2766 4841 2937 4896 multo
2960 4834 3230 4892 constitit:

266 4947 358 5002 46.
404 4942 799 5014 Ἀσθενησάσης
847 4939 1014 5008 αὐτῆς
1054 4937 1146 4991 καὶ
1198 4933 1521 5002 ὲκκλινάσης
1550 4927 1758 5001 [Ἃσθε-

1937 4948 2025 5002 46.
2057 4946 2237 5016 Ipsum
2261 4949 2441 4997 autem
2466 4938 2821 4998 inﬁrmatum,
2848 4939 2903 4988 et
2924 4930 3201 4998 delapsum
3230 4925 3285 4979 in
3306 4936 3424 4992 pec-

188 5043 440 5111 νήσασαν
477 5036 645 5106 αὐτὴν
673 5031 769 5087 καὶ
826 5026 1169 5099 ὲκκλίνασαν]
1210 5029 1290 5089 εἰς
1324 5022 1599 5094 ἁμαρτίαν
1635 5020 1761 5073 ἐθα-

947 5026 1169 5099 ιίνασαν]
1210 5029 1290 5089 εἰς
1324 5022 1599 5094 ἁμαρτίαν
1635 5020 1761 5073 ἔθα·
1869 5054 2049 5099 catum
2075 5038 2234 5094 morti
2263 5034 2570 5099 tradidisti“

187 5134 445 5191 νάτωσας
471 5126 568 5197 (5).

271 5224 361 5277 47.
390 5218 727 5290 Κατεῤῥίφην
769 5217 877 5271 ἀπὸ
904 5214 1011 5268 τῶν
1058 5211 1254 5283 ἀερίων
1302 5206 1621 5272 πνευμάτων
1657 5203 1763 5257 τῶν

1942 5223 2033 5276 47.
2069 5218 2350 5289 Projcctus
2372 5228 2491 5268 sum
2521 5210 2590 5267 ab
2612 5210 2771 5264 aeriis
2806 5204 3099 5261 immundis
3124 5197 3420 5273 spiritibus.

192 5316 546 5385 ἀκαθάρτων.

275 5437 321 5467 ιο
353 5432 471 5487 Act.
500 5446 538 5495 l,
571 5425 657 5482 18.
1150 5510 1452 5573 Addenda
1494 5514 1555 5570 et
1612 5499 1985 5577 corrigenda
2033 5512 2105 5556 ex
2160 5489 2526 5553 cod.Vatic.

399 5672 734 5797 :ngemfev’
763 5675 889 5728 etc"
925 5663 1089 5731 αὐτῷ.
1932 5647 2020 5786 (ἓ)
2051 5641 2559 5783 ἑίξῗτῗνσῗμαρτίαν
2589 5696 2919 5767 ἐθανατώθη.

284 5806 361 5885 (ὅ)
395 5813 501 5866 Kal.
531 5806 980 5882 περισφίγγουσα,
1012 5812 1113 5858 etc.
