4110 6318
684 353 820 410 1165
1521 352 1579 406 S.
1618 353 1989 408 ATHANASII
2035 353 2185 409 OPP.
2228 353 2408 408 PARS
2444 353 2528 407 lli.
2569 385 2640 395 —
2680 353 3087 410 EXEGETICA.
3840 355 3966 410 fl“

752 473 838 528 48.
872 472 1058 528 Genua
1089 489 1207 529 mea
1237 475 1507 529 inﬁrmata
1538 487 1666 530 sunt
1697 493 1726 530 a
1753 477 1964 546 jejunio
1991 496 2002 531 :
2275 491 2323 541 Α

2275 491 2323 541 Α
2421 476 2508 529 48.
2547 475 2628 528 Τὰ
2658 476 2854 543 γόνατά
2890 493 2989 546 μου
3014 474 3318 545 ἠσθένησαν
3348 475 3456 528 ἀπὸ
3481 474 3786 544 νηστείας·

755 567 842 620 49.
879 566 942 620 Ει
977 582 1106 622 caro
1137 583 1252 621 mea
1291 568 1579 622 immutata
1600 578 1679 623 est
1705 581 1924 638 propter
1953 571 2152 624 oleuni.

2009 587 2152 624 eum.
2429 569 2514 622 49.
2549 567 2654 620 Kal.
2684 571 2716 638 η
2749 567 2883 639 σάρξ
2918 585 3016 636 μου
3043 565 3305 637 ἠλλοιώθη
3335 567 3402 619 δι’
3433 567 3631 620 ἔλαιον.

756 657 840 710 50.
880 659 942 712 Ει
969 673 1068 727 ego
1096 658 1273 713 factus
1301 675 1422 713 sum
1455 660 1812 729 opprobrium
1839 661 1946 716 illis
1986 681 1997 714 :

1839 661 1946 716 illis
1986 681 1997 714 :
2431 659 2516 712 50.
2543 657 2707 727 Κάγὼ
2734 658 2995 728 ἐγενήθην
3021 658 3219 722 ὄνειδος
3241 659 3439 720 αὐτοῖς·

756 749 844 802 51.
876 747 1135 803 Viderunt
1165 765 1252 804 me
1279 759 1331 803 et
1361 760 1650 805 moverunt
1677 752 1853 821 capita
1886 769 2004 807 sua.

2432 750 2516 804 51.
2549 750 2771 804 Εἴδοσάν
2802 767 2891 820 με,
2921 750 3214 803 ἐσάλευσαν
3233 750 3469 818 κεφαλὰς
3499 750 3712 803 αὐτῶν.

758 837 845 891 59..
877 840 1085 909 Adjuva
1116 855 1222 906 me,
1251 839 1480 896 Domine
1512 841 1654 896 Deus
1683 859 1868 899 meus:

2433 843 2520 896 52.
2554 842 2829 912 Βοήθησόν
2868 861 2976 913 μοι,
3008 842 3178 912 Κύριε
3208 845 3235 894 ό
3266 842 3395 905 Θεός
3423 860 3539 912 μου·

759 930 848 983 53.
883 930 946 985 Et
991 933 1201 988 salvum
1240 949 1324 988 me
1369 933 1454 988 fac
1494 934 1794 990 secundum
1826 938 2254 992 misericordiam

1884 938 2254 992 isericordizun
2435 936 2520 988 55.
2555 934 2658 987 Kal.
2689 935 2860 987 σῶσόν
2892 951 2956 1004 με
2983 933 3123 987 κατὰ
3151 933 3212 986 τὸ
3234 933 3377 996 ἔλεός
3398 951 3507 986 σου.

693 1033 856 1077 tuam.

762 1117 848 1169 51.
877 1116 941 1169 Et
966 1118 1139 1173 sciant
1165 1119 1292 1188 quia
1326 1135 1522 1176 manus
1552 1131 1642 1176 tua
1675 1123 1823 1178 haec:

2437 1117 2525 1170 54.
2553 1115 2655 1169 Kal.
2687 1115 2976 1184 γνώτωσαν
3017 1115 3097 1166 ὅτι
3129 1116 3161 1185 ἡ
3187 1115 3306 1185 χείρ
3330 1131 3420 1167 σου
3451 1115 3611 1186 αὓτη·

763 1207 852 1261 55.
889 1209 952 1261 Et
983 1218 1060 1272 tu,
1093 1209 1342 1276 Domine,
1379 1210 1557 1267 fecisti
1587 1229 1729 1269 eam.

2443 1211 2526 1264 55.
2553 1210 2656 1262 Kal
2682 1211 2768 1271 σὺ,
2804 1210 2997 1281 Κύριε,
3031 1209 3290 1278 ἐποίησας
3316 1213 3500 1280 αὐτήν.

764 1300 852 1352 56.
889 1298 1210 1356 Maledicent
1235 1303 1331 1363 illi.
1362 1312 1416 1357 et
1439 1312 1495 1358 tu
1527 1305 1844 1359 benedices:
2207 1295 2213 1302 ’

2207 1295 2213 1302 ’
2438 1304 2523 1356 56.
2551 1301 2955 1373 Καταράσονται
2980 1302 3150 1366 αὐτοὶ,
3175 1303 3268 1355 καὶ
3293 1304 3354 1355 σὺ
3406 1303 3755 1372 εὖλογήσεις·

766 1391 851 1446 57.
885 1390 990 1457 Qui
1021 1393 1311 1464 insurgunt
1333 1396 1386 1449 in
1415 1412 1502 1451 me
1537 1395 1977 1451 confundantur:

2439 1396 2523 1447 57.
2555 1397 2617 1446 υἱ
2648 1394 3069 1462 ἐπανιστάμενοί
3108 1411 3197 1463 μοι
3228 1392 3691 1463 αἰσχυνθήτωσαν·

768 1485 854 1538 58.
887 1483 1088 1540 Servus
1115 1495 1299 1541 autem
1326 1497 1452 1544 tuus
1478 1490 1765 1544 laetabitur.

2441 1487 2523 1540 58.
2573 1486 2630 1537 '0
2655 1485 2710 1538 δὲ
2737 1484 2924 1548 δοῦλός
2947 1502 3038 1538 σου
3069 1487 3512 1557 εὐφρανθήσεται.

767 1576 854 1632 59.
889 1575 1185 1631 lnduantur
1216 1581 1308 1648 qui
1343 1579 1636 1635 detrahunt
1674 1581 1828 1643 milii,
1863 1581 2067 1650 pudore
2097 1599 2110 1634 :

2441 1581 2524 1634 59.
2559 1578 2997 1632 Ἐνδυσάσθωσαν
3029 1581 3075 1630 οἱ
3107 1578 3530 1640 ἐνδιαὸἀλλοντές
3557 1595 3625 1648 με
3654 1579 3947 1646 ἐντροπὴν

767 1665 855 1720 60.
889 1666 954 1720 Ει
980 1668 1294 1736 operiantur
1323 1670 1466 1724 sicut
1492 1670 1728 1740 diploide
1755 1671 2078 1727 confusione
2103 1687 2220 1726 sua.

2437 1672 2524 1724 60.
2589 1669 2688 1722 Καὶ
2731 1669 3210 1740 περιδαλέσθωσαν
3255 1670 3329 1731 ὡς
3381 1669 3620 1722 διπλοίδα
3684 1667 3967 1738 αἰσχύνη-α

2369 1764 2565 1817 αὐτῶν.

773 1863 857 1915 61.
897 1863 1203 1917 Confitebor
1233 1862 1464 1918 Domino
1499 1865 1661 1920 nimis
1696 1866 1747 1917 in
1781 1879 1875 1918 ore
1903 1879 2059 1918 meo:
2305 1850 2344 1903 Β

2443 1857 2530 1910 61,
2607 1854 3097 1925 Ἐξομολογήσομαι
3157 1853 3234 1924 τῷ
3277 1855 3463 1924 Κυρίῳ
3525 1854 3731 1925 σφόδρα
3800 1856 3869 1906 ἐν
3900 1852 3969 1918 τῷ

2371 1950 2596 2018 στόματί
2633 1967 2754 2018 μου·

771 2039 858 2093 69..
897 2040 960 2095 Et
985 2042 1036 2096 in
1064 2043 1242 2097 medio
1266 2043 1558 2097 multorum
1585 2042 1815 2096 laudabo
1833 2055 1974 2096 eum.

1970 2087 1974 2096 .
2439 2043 2526 2095 62.
2558 2039 2660 2094 Ka't
2688 2041 2745 2092 ἐν
2779 2038 2928 2108 μέσῳ
2956 2037 3159 2090 πολλῶν
3191 2038 3384 2090 αἰνέσω
3419 2037 3593 2089 αὐτόν.

773 2133 860 2186 63.
891 2133 1026 2198 Quia
1049 2135 1221 2188 astitit
1247 2149 1276 2187 a
1305 2135 1507 2190 dextris
1536 2136 1808 2204 pauperis,

2436 2135 2524 2189 65.
2548 2135 2670 2186 Ὅτι
2713 2131 2958 2202 παρέστη
2991 2131 3052 2182 ἐκ
3078 2129 3264 2193 δεξιῶν
3291 2131 3537 2201 πένητος,

775 2221 863 2276 64.
903 2221 973 2277 Ut
999 2223 1202 2279 salvam
1245 2224 1447 2280 racet-et
1475 2242 1504 2279 a
1541 2226 1993 2298 persequentibus
2025 2227 2265 2282 animam

2438 2228 2527 2281 64.
2571 2225 2679 2279 Τοῦ
2740 2223 2911 2278 σῶσαι
2961 2222 3024 2274 ὲκ
3084 2221 3194 2275 τῶν
3241 2224 3683 2278 καταδιωκόντων
3724 2221 3839 2290 τὴν
3869 2221 3969 2290 εξο-

703 2332 824 2375 mea
831 2333 880 2370 Ιυ

2368 2323 2471 2394 χήν
2504 2339 2623 2392 μου.

1832 2475 2206 2534 ATHANASII
2248 2474 2832 2533 INTERPRETATIO.

780 2642 868 2694 .58.
896 2638 1162 2695 Maceravi
1192 2655 1278 2693 me
1312 2641 1489 2710 ipsum
1522 2640 1574 2693 iu
1606 2639 1830 2710 jejuniis
1863 2639 2128 2695 conﬁtens
2159 2639 2273 2693 tibi.

2443 2637 2529 2691 48.
2574 2636 2830 2709 Ἐξέτηξα
2861 2635 3098 2708 ἐμαυτὸν
3139 2653 3198 2689 εν
3248 2634 3325 2707 (1)
3377 2634 3649 2702 νηστείαις
3697 2635 3965 2704 ἐξομοιο-

2379 2730 2468 2797 γού
2477 2731 2635 2797 μενος
2657 2747 2760 2783 σοι.

780 2813 867 2868 19.
902 2813 969 2868 Et
1010 2811 1151 2868 facta
1194 2821 1278 2868 est
1331 2816 1537 2884 species
1587 2829 1706 2868 mea
1751 2823 2009 2884 tanquam
2056 2810 2275 2873 mortui,
2379 2748 2403 2797 Υ

2379 2748 2468 2797 you
2477 2748 2635 2799 μενος
2657 2748 2760 2783 σοι.

2444 2819 2530 2871 49.
2554 2815 2659 2869 Kal.
2680 2817 2901 2884 γέγονεν
2955 2819 2988 2888 ἡ
3022 2819 3166 2872 είδέα
3207 2835 3305 2889 μου
3331 2817 3462 2869 ώσεὶ
3511 2813 3732 2886 νεκροῦ,
3772 2813 3870 2866 διὰ
3907 2815 3965 2865 τὸ

709 2919 769 2962 ιιι
795 2908 1226 2963 misericordiam
1258 2923 1286 2960 a
1320 2917 1370 2962 te
1395 2922 1782 2977 consequerer.

1456 2922 1782 2977 insequerer.
2374 2908 2660 2978 ἐλεηθῆναί
2689 2925 2755 2979 με
2783 2909 2933 2982 παρὰ
2967 2909 3079 2962 σοῦ.

780 2999 871 3053 50.
901 2997 968 3054 Ει
1019 2999 1185 3052 veluti
1233 2998 1530 3052 ludibrium
1580 3013 1668 3051 me
1712 2996 1918 3050 habent
1954 2994 2276 3050 adversaria:

2446 3001 2531 3056 50.
2560 3000 2664 3054 Kal.
2684 3001 2759 3065 ὡς
2799 3001 2996 3065 ὄνειδός
3049 3019 3115 3072 με
3149 3001 3222 3071 (2)
3257 3001 3466 3070 ἔχουσιν
3512 3001 3568 3053 αἱ
3597 3000 3844 3054 ἐναντίαι
3880 3001 3968 3052 δω-

713 3097 1007 3158 potestates
1039 3087 1285 3142 videntes
1306 3102 1392 3142 me
1423 3087 1477 3140 in
1505 3087 1841 3157 paenitentia.
2306 3075 2336 3134 ε

1740 3087 1841 3141 tia.
2306 3075 2350 3134 (ἶ
2382 3093 2572 3165 νάμεις
2593 3094 2798 3166 ὁρῶσαί
2825 3112 2891 3166 με
2911 3097 2968 3148 ἐν
2994 3097 3060 3166 τῇ
3088 3095 3363 3165 μετανοίᾳ.

783 3180 871 3234 51.
906 3177 973 3234 Et
1003 3179 1332 3248 aspicientes
1359 3179 1634 3233 minantur
1662 3179 1813 3233 milii.

2453 3185 2540 3238 51.
2577 3184 2682 3239 Kal.
2730 3185 3014 3254 βλέποντες
3043 3187 3118 3257 (3)
3148 3185 3422 3239 ἁπειλοῦσί
3452 3203 3559 3254 μοι.

783 3272 869 3326 52.
905 3272 1165 3342 lmpugna
1199 3272 1544 3341 insurgentes
1580 3270 1631 3324 in
1665 3286 1768 3325 me.

2456 3279 2544 3332 52.
2578 3279 2893 3350 Πολέμησον
2921 3280 3045 3341 τοὺς
3071 3277 3531 3346 ἐπανισταμένους
3565 3293 3675 3345 μοι.

783 3366 870 3421 53.
906 3366 1252 3420 lmmensam.

2454 3371 2540 3424 53.
2574 3371 2648 3440 (4)
2680 3371 2752 3423 Τὸ
2781 3370 3103 3440 ἀμέτρητον.

783 3457 872 3512 54.
901 3455 966 3510 Et
1004 3464 1366 3526 cognoscant,
1406 3455 1550 3524 quod
1595 3469 1789 3508 manus
1839 3464 1930 3508 tua
1971 3461 2144 3524 potest
2196 3470 2282 3508 ine

2455 3461 2541 3517 54.
2570 3461 2674 3514 Kal.
2705 3460 3017 3528 ἐπιγνῶσιν,
3049 3458 3129 3510 ὅτι
3157 3459 3190 3527 ἡ
3215 3457 3334 3527 χείρ
3360 3472 3450 3507 σου
3511 3452 3739 3506 δύναται
3769 3451 3968 3523 βοηθῆ-

717 3550 972 3617 adjuvare
993 3556 1048 3602 et
1076 3547 1302 3602 salvare.

2385 3573 2490 3617 vat,
2541 3555 2634 3607 καὶ
2667 3552 2838 3606 σῶσαί
2869 3569 2954 3622 με.

787 3640 876 3694 55.
911 3639 978 3694 Et
1011 3647 1086 3696 tu.
1115 3637 1359 3705 Domine,
1393 3639 1706 3709 przeparasti
1738 3654 1858 3694 eam
1894 3639 1948 3693 in
1992 3641 2276 3696 auxilium.

2457 3650 2545 3704 55.
2601 3646 2726 3714 Kal.
2761 3647 2847 3712 σὺ,
2901 3643 3072 3714 Κύριε
3128 3641 3227 3712 (5),
3269 3638 3609 3710 ηὐτρέπισας
3661 3638 3834 3710 αὐτὴν
3887 3639 3963 3698 εις

2420 3741 2654 3794 οήθειαν.

786 3822 875 3876 56.
912 3818 1106 3874 Volent
1153 3834 1240 3872 me
1269 3819 1512 3886 perdere,
1549 3825 1602 3870 et
1627 3825 1685 3871 tu
1721 3832 1807 3872 me
1832 3818 2073 3872 servabis
2107 3819 2160 3871 in
2195 3833 2280 3872 sa-
2386 3742 2409 3812 β

2420 3742 2654 3794 οὐθειαν.

2386 3742 2416 3812 β
2455 3781 2542 3886 56.
2575 3829 2868 3901 Θελήσουσι
2899 3826 3199 3882 ἀπολέσθαι
3252 3843 3341 3896 με,
3375 3825 3468 3878 καὶ
3496 3825 3559 3876 σὺ
3584 3826 3963 3895 περιποιήσας

721 3921 907 3973 lutem.
2389 3941 2454 3996 με
2481 3924 2560 3986 είς
2594 3921 2881 3994 σωτηρίαν.

789 4012 878 4068 57.
907 4010 1052 4065 Nihil
1102 4018 1348 4080 potentes
1384 4007 1516 4062 mihi
1545 4005 1725 4062 facere
1773 4004 2094 4061 adversariae
2135 4015 2285 4076 pote—

2456 4014 2543 4067 57.
2569 4012 2750 4084 Μηδὲν
2775 4010 3059 4080 δυνάμενοι
3099 4007 3320 4080 ποιῆσαί
3363 4024 3450 4078 μοι
3481 4005 3556 4075 (6)
3615 4007 3672 4056 αἱ
3723 4006 3957 4060 ἐναντίαι

723 4113 890 4159 states
914 4100 1338 4157 confundantur.

2386 4106 2640 4174 δυνάμεις
2656 4103 3117 4175 αίσχυνθήτωσαν.

793 4193 880 4249 58.
911 4193 1022 4263 Ego
1055 4199 1259 4258 autem,
1289 4198 1344 4245 et
1388 4188 1570 4244 omnis
1619 4203 1809 4243 servus
1861 4198 1991 4242 tuus
2019 4187 2286 4241 laetabitur

2458 4197 2544 4250 58.
2589 4193 2728 4263 Ἐγὼ
2760 4194 2816 4246 δὲ
2843 4194 2933 4246 καί
2956 4193 3062 4254 πᾶς
3092 4189 3276 4252 δοῦλός
3333 4206 3425 4242 σου
3473 4187 3956 4260 εὐφρανθησόμεθα

725 4289 780 4342 in
807 4288 982 4358 gratia
1011 4295 1124 4340 tua.

2388 4290 2443 4340 ἐν
2479 4290 2545 4359 τῇ
2589 4284 2769 4357 χάριτί
2799 4301 2913 4337 σου.

795 4381 882 4434 59.
907 4380 1192 4451 Principes
1223 4381 1432 4435 mundi.
2324 4444 2354 4451 _

2324 4444 2354 4451 _
2461 4379 2547 4433 59.
2579 4379 2640 4429 Οί
2668 4376 2925 4447 ἄρχοντες
2946 4371 3038 4426 τοῦ
3068 4372 3272 4443 κόσμου
3312 4369 3406 4442 (7).

793 4475 880 4529 60.
910 4444 1246 4531 Adversariae
1272 4482 1587 4546 potestates.
2320 4444 2363 4497 Β

2320 4444 2363 4497 D
2461 4470 2549 4524 60.
2581 4470 2647 4522 Ai
2677 4444 2914 4520 ἐναντίαι
2936 4464 3210 4534 δυνάμεις.

794 4567 882 4620 61.
911 4565 1250 4622 lucessanter
1289 4564 1589 4622 conﬁtebor
1631 4563 1860 4618 salutem
1906 4559 2041 4615 mihi
2091 4557 2286 4614 factam

2462 4562 2552 4615 61.
2595 4559 2910 4622 ’Λπαύστως
2967 4557 3285 4628 ὁμολογήσω
3337 4553 3435 4625 τὴν
3495 4551 3650 4624 παρὰ
3699 4551 3796 4604 τοῦ
3830 4549 3949 4603 Θεοῦ

724 4676 755 4712 a
780 4658 912 4714 Deo.
2398 4671 2485 4724 μοι
2513 4652 2588 4722 (8)
2621 4649 2916 4720 γενομένην
2947 4647 3236 4719 σωτηρίαν.

790 4751 874 4804 62.
911 4749 978 4804 Et
1001 4765 1166 4821 super
1193 4749 1375 4806 omnia
1404 4748 1639 4804 laudabo
1663 4762 1812 4803 eum.

2463 4743 2550 4797 62.
2576 4741 2681 4796 Kal.
2715 4742 2807 4794 ἐπὶ
2834 4742 3049 4794 πάντων
3073 4739 3362 4810 ἁνυμνήσω
3391 4734 3572 4788 αὐτόν.

794 4841 882 4896 63.
915 4841 1186 4907 Quoniam
1229 4841 1404 4896 astitit
1445 4849 1734 4910 protegens
1780 4851 1890 4904 me,
1914 4844 1970 4891 et
2015 4849 2124 4888 non
2168 4849 2290 4904 per-

2461 4833 2549 4888 65.
2581 4834 2704 4886 ’Ότι
2733 4831 2974 4904 παρέστη
3019 4827 3402 4900 ὑπερασπίζων
3449 4843 3572 4896 μου,
3605 4825 3705 4876 καὶ
3736 4824 3811 4893 μὴ
3839 4837 3947 4874 συν-

727 4933 950 4988 niittcns
1001 4931 1308 5001 quempiam
1355 4947 1420 4986 ex
1467 4931 1533 4986 iis
1575 4931 1670 4998 qui
1709 4928 1844 4983 mihi
1891 4927 2289 4983 insidiabantur

2395 4925 2586 4998 χωρῶν
2615 4942 2735 4979 τινα
2766 4924 2873 4976 τῶν
2918 4921 3218 4977 ἐπιϐούλων
3249 4937 3349 4990 μου
3401 4917 3706 4988 πλησιάσαι
3744 4933 3830 4985 μοι
3863 4914 3943 4982 (9;.

726 5028 792 5077 ad
827 5039 913 5077 me
942 5024 1218 5078 accedere.

794 5113 882 5167 61.
917 5113 983 5167 Ut
1011 5115 1264 5170 liberaret
1290 5129 1320 5167 a
1351 5113 1643 5167 contrariis
1665 5112 2026 5183 potestatibus
2049 5111 2284 5164 animam

2465 5107 2552 5161 64.
2581 5104 2686 5160 Τοῦ
2713 5101 3086 5175 λυτρώσασθαι
3121 5101 3185 5152 ὲκ
3231 5096 3341 5151 τῶν
3378 5092 3635 5147 ἐναντίων
3684 5089 3945 5158 δυνάμεων

729 5218 926 5260 meam.

2393 5200 2492 5270 τὴν
2512 5198 2687 5268 ψυχήν
2718 5213 2839 5268 μου.

1674 5345 1978 5406 Addenda
2017 5351 2078 5403 et
2128 5339 2500 5417 corrigenda
2526 5356 2604 5400 ex
2637 5335 2778 5399 cod.
2807 5333 3008 5395 Vatic.

802 5503 878 5569 (1)
905 5501 1007 5554 Ka‘t
1034 5499 1337 5563 ἐξετείναξα
1366 5496 1554 5550 ἑαυτὸν
1581 5497 1656 5559 ἐν,
1684 5505 1809 5558 etc.,
1848 5493 1971 5548 mel.
2005 5491 2277 5563 Ἐξέτηξα.

2459 5489 2536 5569 (5)
2667 5484 2794 5569 γὰρ,
2827 5481 3030 5559 Κύριεζ
3043 5485 3171 5569 εαξη
3202 5471 3447 5544 βοήθειαν
3495 5470 3588 5524 καὶ
3634 5465 3911 5536 σωτηρίαν.

801 5548 876 5638 (ἐς
905 5548 1335 5638 ῖὶἶᾴεἱέὀκῖμεῖν⁷
1645 5548 1707 5559 ’“
1799 5548 1809 5558 ’
2074 5548 2091 5556 ⁷
2177 5548 2221 5563 ’⁷

1645 5548 1656 5559 ’
1692 5548 1707 5550 _
1799 5548 1809 5558 ’
2074 5548 2091 5556 ⁷
2177 5548 2221 5563 ’”
2575 5548 2880 5638 ἑυνᾶμεναι
2910 5548 3134 5619 ποιῆσαί
3164 5562 3247 5617 με.

826 5625 877 5707 5)
912 5625 1203 5702 Βλέποντέξ
1259 5657 1346 5708 με.
1442 5705 1451 5708 _
1738 5707 1745 5708 ί
1923 5703 1958 5708 __
2004 5705 2011 5708 _
2060 5706 2067 5708 _
2226 5701 2247 5708 ﬂ
2569 5625 2822 5708 Ξκότους.

826 5697 877 5776 ιι)
903 5711 964 5764 Ν.
994 5711 1080 5763 53.
1113 5697 1200 5763 Si:
1250 5697 1319 5762 Td
1344 5705 1670 5774 ἀμέτρητον
1719 5707 1882 5762 deest.
1923 5703 2024 5757 Kal
2057 5701 2259 5770 ἐπιγνῶ

1113 5697 1200 5763 54ί
1250 5697 1319 5762 Τὸ
1344 5705 1670 5774 ἀμέτρητον
1719 5707 1882 5762 deest.
1923 5703 2024 5757 Kal
2057 5701 2259 5770 ἐπιγνῶ
2569 5697 2704 5776 Man.

735 5767 837 5851 σιν,
865 5767 999 5842 ἐκ..
1029 5781 1286 5860 βοηθῆσαι
1316 5767 1406 5832 xal
1433 5767 1618 5830 σώσαι.
2161 5767 2168 5770 ⁷

1050 5781 1286 5860 ιοηθῆσαι
1316 5767 1406 5832 xal
1433 5767 1618 5830 σώσαι.
2161 5767 2168 5770 ⁷
2465 5767 2540 5838 (9)
2572 5767 2673 5819 Με.
