4066 6318
136 361 270 416 HIS

439 478 683 548 Ψαλμὸς
713 477 793 544 τῷ
836 481 1030 534 Δαϐίδ.
1071 485 1237 536 sum.
1267 487 1392 537 per.

205 571 251 622 1.
291 565 454 624 Εἶπεν
502 573 531 623 ὁ
560 571 761 643 Κύριος
790 573 867 643 τῷ
921 575 1110 644 Κυρίῳ
1145 593 1267 644 μου·
1302 575 1484 629 Κάθου
1511 578 1574 629 ἐκ
1619 576 1706 628 δε·-

131 661 254 729 ξιῶν
283 680 404 732 μου·

199 756 251 808 ‘3.
286 758 428 820 Ἕως
458 757 523 811 ἂν
549 757 626 811 θῶ
675 761 801 822 τοὺς
853 760 1079 832 ἐχθρούς
1138 780 1230 815 σου
1263 763 1548 816 ὑποπόδιον
1599 763 1707 817 τῶν

133 847 304 900 ποδῶν
340 865 432 903 σου
443 891 454 902 .

197 940 248 993 5.
288 941 508 994 Ῥάόδον
547 940 830 1013 δυνάμεως
863 943 1213 1009 ἐξαποστελεῖ
1258 962 1338 998 σοι
1395 945 1597 1009 Κύριος
1641 948 1704 998 ἐκ

130 1029 263 1082 Σιών
284 1046 298 1058 ·

196 1122 248 1176 4.
280 1121 384 1175 Καὶ
415 1125 780 1196 κατακυρίευε
814 1126 871 1178 ἐν
898 1127 1046 1196 μέσῳ
1080 1127 1186 1179 τῶν
1219 1127 1428 1198 ἐχθρῶν
1457 1146 1569 1182 σου.

195 1212 246 1267 5.
287 1213 439 1267 Μετὰ
469 1214 563 1267 σοῦ
596 1216 628 1286 η
663 1215 804 1286 ἀρχὴ
855 1218 911 1268 ἐν
941 1217 1120 1286 ἡμέρα
1155 1217 1254 1287 τῆς
1279 1219 1563 1289 δυνάμεώς
1587 1236 1702 1286 σου,

192 1304 243 1359 6.
285 1306 371 1357 Ἐν
402 1309 522 1369 ταῖς
549 1307 894 1380 λαμπρότησι
919 1309 1026 1361 τῶν
1055 1309 1224 1377 ἁγίων
1253 1326 1364 1362 σου·

193 1398 245 1451 7.
292 1399 386 1451 Ἐκ
419 1400 652 1472 γαστρὸς
686 1401 788 1472 πρὸ
831 1402 1137 1473 Ἑωσφόρου
1179 1403 1443 1474 ἐγέννησά
1476 1421 1553 1457 σε.

193 1492 244 1546 8.
281 1493 482 1562 Ὠμοσε
512 1493 732 1564 Κύριος,
765 1494 856 1546 καὶ
880 1493 939 1546 ού
974 1494 1493 1565 μεταμεληθήσεται·

194 1586 246 1638 9.
277 1586 349 1638 Σὺ
375 1587 552 1657 ἱερεὺς
597 1589 674 1658 (α)
739 1589 818 1650 είς
854 1589 942 1641 τὸν
991 1589 1181 1652 αἰῶνα,
1217 1589 1360 1642 κατά
1403 1589 1498 1660 τὴν
1552 1588 1704 1654 τάξιν

125 1678 477 1748 Μελχισεδέκ.

974 362 1063 418 DE
1105 363 1381 420 TlTULiS
1427 365 1876 424 PSALMORUM.
1918 400 1986 409 —
2023 369 2217 426 PSAL.
2259 369 2396 426 CIX.

1732 490 1779 544 Α

3242 375 3378 430 1146

2162 484 2407 540 Psalmus
2434 485 2620 539 David.
2639 485 2841 541 PSAL.
2872 486 3022 543 CIX.

1877 576 1926 629 1.
1963 575 2105 630 Dixit
2149 577 2409 632 Dominus
2447 576 2678 632 Domino
2716 594 2837 634 meo
2879 579 3062 635 :Sede
3093 595 3124 634 a
3169 579 3375 635 dextris

1803 685 1938 723 lﬂCIS
1966 690 1977 724 ζ

1872 759 1927 812 2.
1961 759 2141 814 Donec
2170 774 2368 830 ponam
2413 758 2668 816 inimicos
2700 771 2822 818 tuos
2850 762 3142 818 scabellum
3176 764 3374 833 pedum

1805 858 2042 900 ιιιοιίιιιι.

1875 953 1928 1006 5.
1989 951 2205 1024 Virgam
2267 954 2484 1010 virtutis
2544 955 2754 1011 emittet
2821 957 2918 1012 tibi
2982 955 3242 1010 Dominus
3307 973 3372 1010 ex

1804 1043 1934 1099 Sion
1954 1063 1968 1099 :

1873 1141 1926 1194 4.
1966 1140 2032 1193 Et
2058 1141 2342 1196 dominare
2377 1143 2430 1196 in
2462 1143 2644 1197 medio
2669 1143 3012 1197 inimicorum
3043 1152 3281 1198 tuorum.

1878 1229 1929 1283 5.
1966 1229 2165 1285 Tecum
2192 1232 2517 1301 principium
2546 1234 2599 1286 in
2636 1233 2722 1288 die
2749 1234 2965 1287 virtutis
2990 1243 3125 1299 tuae,

1875 1319 1924 1375 6.
1959 1321 2016 1373 In
2049 1322 2430 1390 splendoribus
2453 1335 2763 1376 sanctorum
2798 1332 3014 1377 tuorum
3043 1341 3055 1376 :

1877 1413 1927 1466 7.
1960 1411 2039 1466 Ex
2066 1423 2220 1466 utero
2246 1423 2371 1468 ante
2402 1413 2715 1468 Luciferum
2748 1416 2906 1484 genui
2939 1425 3008 1469 te.

1875 1506 1926 1558 8.
1961 1503 2172 1560 Juravit
2199 1505 2485 1570 Dominus,
2512 1515 2566 1560 et
2592 1521 2699 1560 non
2725 1507 3005 1576 paenitebit
3033 1522 3156 1561 eum
3179 1523 3191 1558 :

1873 1601 1921 1653 9.
1955 1599 2036 1652 Tu
2060 1615 2118 1653 es
2142 1600 2399 1656 sacerdos
2426 1602 2481 1655 in
2509 1609 2769 1655 aeternum
2796 1600 3094 1656 secundum
3126 1598 3370 1654 ordinem

1805 1687 2228 1745 Melchisedech.

198 1793 269 1865 (α)
303 1793 437 1849 Cod.
467 1796 540 1848 Σὺ
573 1791 625 1849 εἴ
653 1796 921 1867 βασιλεύς.
952 1796 1076 1868 Leg.
1139 1797 1334 1866 ίερεύς,
1373 1808 1431 1851 ut
1480 1808 1694 1854 constat

1823 1813 2117 1856 comment.
2153 1819 2248 1858 seu
2284 1804 2564 1872 interpret.

1249 1939 1620 1995 ATIIANASII
1662 1940 2249 1998 INTERPRETATIO.

202 2053 265 2105 'H
297 2054 632 2125 προκειμένη
661 2056 937 2126 ἐπιγραφὴ
979 2055 1218 2127 περιέχει
1251 2056 1349 2126 (Ι)⁶
1391 2056 1637 2126 Ψαλμὸς
1660 2055 1738 2122 τῷ
1763 2058 1962 2122 Δαὸὶδ,
1998 2059 2136 2130 ὅπερ
2192 2059 2572 2130 ἑρμηνεύεται,
2619 2057 2692 2119 ὡς
2743 2054 2998 2117 πολλάκις
3053 2053 3372 2124 είρήκαμεν,

130 2143 372 2212 Ψαλμὸς
402 2143 480 2209 τῷ
515 2144 696 2210 ἱκανῷ
727 2144 800 2213 τῇ
827 2146 993 2214 χειρὶ,
1029 2147 1275 2199 τουτέστι
1301 2149 1378 2216 τῷ
1413 2148 1525 2218 Υίῷ
1550 2147 1643 2201 τοῦ
1669 2148 1825 2206 Θεοῦ.

193 2241 411 2296 Titulus
454 2243 777 2312 priepositus
819 2244 1092 2299 continet:
1133 2243 1380 2298 Psalmus
1435 2244 1626 2309 David,
1672 2247 1817 2316 quod
1863 2248 2271 2319 interpretatur,
2305 2257 2366 2302 ut
2391 2246 2589 2316 swpius
2616 2247 2874 2310 diximus,
2929 2243 3172 2298 Psalmus
3213 2260 3373 2298 manu

124 2335 269 2402 forti,
295 2331 400 2385 hoc
425 2342 509 2384 est
537 2331 629 2384 Dei
657 2331 812 2386 Filio.

192 2428 240 2478 1.
270 2421 436 2478 Εἶπεν
467 2427 496 2477 ό
546 2423 734 2494 Πατὴρ
767 2423 842 2494 τῷ
899 2422 1289 2494 ἐξαγοράσαντί
1329 2440 1395 2493 με
1429 2421 1505 2493 τῷ
1532 2423 1699 2492 τιμίῳ

1873 2427 1925 2479 1.
1965 2426 2110 2482 Dixit
2161 2428 2322 2484 Pater
2351 2431 2421 2498 ci,
2448 2431 2540 2501 qui
2572 2446 2660 2486 me
2699 2429 2926 2484 redemit
2969 2429 3210 2498 pretioso
3246 2444 3374 2483 san-

122 2518 307 2589 αἵματι
344 2516 528 2570 αὐτοῦ·
557 2516 757 2572 Κάθου
778 2516 846 2570 ἐκ
878 2515 1092 2580 δεξιῶν
1114 2533 1233 2586 μου
1262 2516 1358 2587 (ἓ),
1380 2517 1466 2568 ἵνα
1499 2517 1697 2577 πάντες

123 2611 338 2680 γνῶσιν,
365 2614 443 2665 ὅτι
468 2613 530 2665 σὺ
561 2609 609 2664 εἴ
640 2613 673 2683 ἡ
699 2612 824 2678 δόξα
859 2630 980 2682 μου.

188 2705 240 2757 2.
270 2706 416 2768 Ἕως
443 2704 507 2757 ἂν
531 2707 579 2757 οί
608 2705 801 2774 ἀέριοι,
824 2706 918 2756 καὶ
948 2705 1195 2771 ἐπίγειοι,
1233 2705 1326 2756 καὶ
1354 2702 1695 2772 καταχθόνιοι

124 2795 301 2866 ἐχθροί
321 2812 411 2846 σου
431 2795 558 2862 γόνυ
573 2795 845 2864 κάμψουσι
867 2795 978 2847 δεδε
989 2796 1137 2864 μένοι
1159 2795 1374 2865 δεσμοῖς
1392 2795 1467 2863 (5)
1484 2795 1693 2856 ἀϊδίοις,

1798 2521 1960 2589 guine
1990 2539 2089 2576 suo
2117 2542 2129 2576 :
2164 2523 2294 2578 Sede
2335 2544 2366 2579 a
2395 2529 2596 2581 dextris
2631 2528 2778 2590 meis,
2826 2534 2884 2580 ut
2922 2540 3112 2580 omnes
3145 2531 3376 2580 noscant

1796 2613 2054 2680 quoniam
2086 2624 2142 2668 tu
2170 2631 2228 2670 es
2254 2618 2424 2686 gloria
2449 2635 2589 2673 mea.

1865 2703 1918 2756 2.
1950 2702 2129 2758 Donec
2163 2708 2305 2760 aerei
2339 2716 2392 2761 et
2421 2717 2709 2764 terrestres
2748 2719 2802 2764 et
2843 2707 3136 2762 infcrnales
3168 2704 3372 2760 inimici

1797 2795 1874 2848 tui
1901 2812 2038 2863 genu
2077 2796 2292 2852 ilectent
2321 2800 2486 2855 vincti
2515 2803 2749 2857 vinculis
2779 2804 3017 2867 aeternis,
3053 2802 3374 2855 conlitentes

125 2887 619 2957 ἐξομολογούμενοι,
652 2889 732 2941 ὃτι
755 2887 921 2952 ὅντως
956 2886 1153 2959 Κύριος
1197 2886 1400 2958 Ἰησοῦς
1427 2889 1505 2950 είς
1541 2885 1697 2951 δόξαν

1799 2885 1925 2953 quia
1953 2900 2078 2940 vere
2105 2895 2185 2942 est
2219 2886 2486 2946 Dominus
2521 2890 2680 2946 Jesus
2716 2893 2770 2945 in
2796 2893 2965 2962 gloria
2999 2890 3170 2944 Patris
3201 2890 3368 2944 sui".

123 2978 210 3030 τοῦ
244 2978 435 3031 ἑαυτοῦ
469 2980 699 3051 Πατρός.

191 3073 241 3124 5.
297 3073 384 3125 Ἐν
416 3073 639 3142 δυνάμει
667 3073 761 3125 καὶ
787 3071 1003 3142 ἐξουσίᾳ
1045 3071 1251 3141 μεγάλῃ
1285 3069 1563 3121 ἐλεύσεται
1591 3070 1698 3122 άπὸ

124 3163 210 3216 τοῦ
251 3165 480 3234 Πατρόςσ
521 3163 674 3217 Σιὼν
705 3163 814 3236 γάρ
846 3163 1219 3235 ιέρμηνεύεται
1264 3165 1468 3227 τόπος,
1492 3163 1624 3214 ὅπου
1657 3162 1694 3229 ἡ

124 3256 341 3323 σκηνή.

191 3347 240 3399 4.
274 3345 376 3399 Καὶ
405 3346 741 3416 βασιλεύσεις
777 3347 852 3417 (4)
881 3347 1248 3419 ἁτελευτήτως
1302 3347 1442 3399 κατὰ
1469 3347 1575 3399 τῶν
1605 3348 1698 3416 ἐχ-

123 3436 264 3508 θρῶν
299 3455 411 3490 σου.

193 3531 242 3584 5.
271 3530 615 3601 Ἐμπροσθέν
640 3546 731 3582 σου
758 3531 785 3580 ὁ
816 3529 1042 3599 σταυρὸς
1071 3529 1162 3582 τοῦ
1187 3529 1388 3591 πάθους
1419 3546 1509 3580 σου
1553 3530 1609 3580 ἐν
1634 3531 1700 3599 τῇ

123 3624 300 3694 ἡμέρᾳ
321 3624 419 3694 τῆς
445 3622 650 3687 ἐνδόξου
686 3640 778 3675 σου
814 3621 1132 3694 παρουσίας.

190 3716 238 3768 6.
271 3716 438 3768 Ὅταν
463 3717 511 3768 οἱ
533 3713 676 3784 ἆγιοί
702 3731 792 3768 σου
820 3713 1182 3785 ἐκλάμψουσιν
1205 3713 1280 3777 ὡς
1303 3715 1330 3765 ὁ
1357 3713 1523 3784 ἥλιος.

191 3808 240 3861 7.
281 3810 369 3862 Ἐν
398 3809 523 3880 ἐμοὶ
551 3804 617 3880 ἧς
643 3809 728 3861 ἀεὶ
753 3809 846 3877 ἀφ’
870 3802 930 3861 οὗ
957 3783 1210 3879 ηρξάμην
1253 3807 1601 3877 δημιουργεῖν
1630 3803 1697 3857 τά
1725 3783 1766 3842 C

125 3896 294 3948 πάντα
321 3897 408 3949 διὰ
448 3896 562 3949 σοῦ·
614 3897 934 3968 ἐφανέρωσά
971 3914 1050 3961 σε,
1105 3897 1186 3949 ὅτι
1242 3892 1408 3967 εἶχον,
1440 3897 1533 3948 καὶ
1590 3895 1697 3965 ἔχω

127 3987 246 4038 Υἱὸν
276 3991 334 4039 ἐν
367 3987 444 4056 (5)
467 3987 666 4057 ἐαυτῷ.

190 4078 242 4133 8.
281 4081 473 4133 Ἐθετο
502 4081 530 4132 ό
575 4081 763 4152 Πατὴρ
807 4081 997 4152 βουλὴν
1031 4083 1323 4135 ἀσάλευτον
1353 4081 1444 4135 καὶ
1495 4083 1700 4153 ἀμετά-

126 4171 338 4243 σλητον.

190 4263 240 4317 9.
273 4265 346 4317 Σὺ
375 4259 426 4316 εἴ
468 4265 634 4329 ὅντως
683 4266 860 4337 ἱερεὺς
897 4265 1121 4336 ἀληθὴς,
1156 4266 1183 4318 ό
1224 4265 1468 4336 καθάρας
1525 4265 1698 4316 πάντα

125 4354 209 4405 τὸν
227 4354 356 4406 λαόν
387 4371 478 4406 σου
509 4356 584 4424 (6)
618 4356 726 4408 ἀπὸ
747 4357 854 4409 τῶν
881 4357 1161 4428 ἁμαρτιῶν
1190 4356 1370 4410 αὑτοῦ·
1400 4358 1460 4409 οὐ
1489 4356 1699 4426 δεήσεις

123 4444 154 4513 ἢ
198 4444 405 4509 ἱκεσίας
461 4447 827 4518 ποιησάμενος
853 4449 987 4519 πρός
1035 4465 1176 4511 τινα,
1231 4448 1366 4502 ἀλλὰ
1407 4447 1484 4517 τῷ
1532 4446 1699 4517 τιμίῳ

123 4540 310 4609 αἵματι
334 4541 541 4604 πάντας
586 4541 905 4612 καθαρίσας.
943 4541 1015 4594 Τὸ
1066 4542 1144 4604 δέ,
1188 4543 1336 4596 κατὰ
1383 4542 1496 4610 τὴν
1529 4540 1700 4606 τάξιν

123 4630 516 4699 Μελχισεδὲκ,
553 4631 740 4684 τοῦτον
775 4631 888 4701 ἔχει
939 4633 1032 4684 τὸν
1077 4633 1295 4704 τρόπον.
1323 4633 1546 4703 Πρῶτον
1600 4632 1698 4701 μὲν

121 4719 149 4770 ὁ
174 4717 504 4786 Μελχισεδὲκ
530 4719 708 4789 ἱερεὺς
739 4720 1016 4791 ἀνεδείχθη
1045 4722 1140 4775 οὐκ
1177 4723 1241 4775 ἐκ
1264 4723 1361 4792 τῆς
1415 4722 1582 4792 φυλῆς
1603 4720 1696 4773 τοῦ

122 4809 246 4860 Λευῒ
275 4809 380 4878 τῆς
410 4811 701 4882 ἱερατείας,
738 4814 924 4885 ὥσπερ
953 4812 1074 4867 οὔτε
1108 4817 1136 4868 ό
1187 4813 1402 4885 Κύριος,
1436 4816 1522 4868 ὅτε
1549 4815 1696 4867 εὐδό-

123 4918 280 4970 κησεν
314 4905 408 4956 ἐπὶ
436 4904 535 4974 τῆς
562 4906 664 4975 γῆς
692 4907 968 4978 τεχθῆναι,
997 4909 1098 4961 οὐκ
1126 4910 1187 4961 ἐκ
1210 4909 1301 4960 τοῦ
1329 4908 1457 4960 Λευῖ
1481 4908 1694 4980 ἐτέχθη·

121 4993 367 5067 δεύτερον
401 4995 457 5048 δὲ
481 4997 580 5060 τὰς
603 4996 852 5062 δεκάτας,
880 4999 946 5063 ἃς
990 5000 1161 5052 ἐδίδου
1191 5000 1218 5050 ὀ
1249 5002 1425 5071 ἱερεὺς
1454 5000 1530 5071 τῷ
1553 5001 1693 5070 Θεῷ,

123 5085 315 5149 ταύτας
347 5087 717 5157 προσήνεγκεν
745 5089 943 5160 Ἀϐραὰ
952 5109 989 5161 μ
1011 5090 1087 5161 τῷ
1105 5089 1456 5160 Μελχισεδέκ.
1477 5093 1694 5164 Ἐπειδὴ

123 5179 258 5230 κατὰ
288 5177 466 5232 πάντα
495 5178 662 5232 τύπον
690 5179 883 5252 ἔφερεν
911 5185 939 5234 ὁ
958 5183 1290 5253 Μελχισεδὲκ
1339 5185 1426 5236 τὸν
1457 5183 1580 5235 Υἱὸν
1601 5184 1697 5237 τοῦ

121 5271 270 5326 Θεοῦ.

193 5385 231 5415 ⁴⁵¹
257 5384 490 5454 Philipp.
522 5402 580 5452 It,
611 5386 695 5452 10,
730 5387 813 5440 ii.
888 5388 930 5418 δ’
960 5386 1148 5442 Matth.
1181 5406 1298 5457 xm,
1331 5391 1418 5445 45.

1871 3061 1923 3114 5.
1957 3059 2013 3115 1η
2053 3063 2250 3119 virtute
2279 3074 2334 3120 et
2365 3075 2634 3134 potestate
2674 3081 2868 3135 magna
2907 3065 3082 3119 veniet
3130 3079 3160 3117 a
3192 3061 3370 3115 Patre.

1801 3149 1929 3204 Sion
1946 3154 2092 3207 enim
2121 3155 2510 3226 interpretatur
2533 3158 2676 3209 locus
2708 3159 2797 3211 ubi
2824 3168 2907 3212 est
2929 3155 3370 3209 Tabernaculum.

1871 3335 1923 3388 4.
1954 3335 2021 3390 Et
2070 3339 2323 3408 regnabis
2375 3339 2430 3394 in
2483 3347 2746 3395 mternum
2802 3337 3064 3393 adversus
3121 3334 3378 3392 inimicos

1803 3437 1945 3482 IUOS.

1871 3519 1924 3572 5.
1961 3519 2099 3571 Ante
2129 3526 2180 3570 te
2213 3533 2344 3572 crux
2381 3519 2650 3588 passionis
2689 3530 2794 3573 tua:
2833 3521 2885 3572 in
2921 3519 3007 3573 die
3037 3517 3256 3588 gloriosi
3293 3517 3374 3571 tui

1803 3609 2084 3662 adventus.

1873 3701 1924 3754 6.
1958 3699 2186 3767 Quando
2221 3698 2392 3754 sancti
2425 3699 2500 3753 tui
2536 3697 2818 3769 fulgebunt
2848 3703 2987 3758 sicut
3019 3703 3099 3756 sol
3126 3703 3190 3756 “.

1875 3793 1924 3846 7.
1959 3791 2014 3845 In
2045 3808 2130 3846 me
2157 3807 2280 3846 cras
2312 3806 2548 3859 semper,
2573 3807 2636 3844 ex
2677 3808 2786 3862 quo
2815 3793 2953 3861 coepi
2978 3807 3164 3845 creare
3190 3793 3374 3846 omnia

1799 3899 1894 3952 per
1923 3892 2012 3937 te:
2046 3880 2384 3936 nianiiestavi
2425 3893 2475 3934 te
2506 3881 2651 3950 quod
2684 3882 2949 3936 habebant
2979 3891 3032 3936 et
3069 3881 3244 3936 habeo
3279 3880 3371 3935 Fi-

1802 3973 1930 4027 lium
1972 3973 2024 4025 in
2058 3988 2143 4024 Ine
2176 3972 2313 4040 ipso.

1868 4066 1919 4117 8.
1953 4063 2140 4117 Posuit
2171 4061 2331 4116 Pater
2358 4062 2690 4117 voluntatem
2723 4063 3056 4120 immobilem
3080 4075 3242 4136 atque
3273 4068 3373 4120 hn-

1800 4156 2140 4212 mutabilem.

1870 4260 2010 4316 9.Tu
2039 4277 2098 4316 es
2123 4262 2306 4332 utique
2338 4261 2594 4316 sacerdos
2623 4276 2807 4326 verus,
2835 4263 3138 4319 emundans
3157 4280 3374 4320 onmem

1800 4355 2058 4424 populum
2090 4364 2241 4407 tuum
2275 4370 2303 4406 a
2330 4351 2564 4422 peccatis
2590 4352 2728 4418 suis,
2764 4369 2939 4424 neque
2960 4355 3373 4424 deprecationes

1799 4454 1892 4499 aut
1919 4445 2342 4514 supplicationes
2372 4444 2579 4500 faciens
2605 4444 2670 4498 ad
2701 4445 2961 4514 aliquem,
2989 4447 3083 4501 sed
3128 4450 3373 4517 pretioso

1799 4539 2063 4606 sanguine
2096 4552 2287 4590 omnes
2309 4538 2634 4592 emundans.
2669 4535 2801 4591 illud
2830 4548 3046 4592 autem:
3078 4541 3372 4594 secundum

1800 4632 2035 4682 ordinem
2062 4627 2438 4682 Melchisedech
2475 4646 2504 4698 ,ο
2559 4628 2611 4679 in
2646 4626 2792 4680 hunc
2825 4627 3050 4682 modum
3081 4644 3140 4682 se
3187 4630 3370 4684 habet.

1799 4721 2041 4776 Primum
2075 4721 2295 4790 quidem
2324 4718 2713 4774 Melchisedech
2742 4721 2999 4774 sacerdos
3030 4721 3374 4778 renuntiatus

1797 4823 1898 4877 est,
1933 4828 2039 4866 non
2073 4829 2137 4867 ex
2177 4813 2318 4867 tribu
2351 4811 2478 4864 Levi
2508 4811 2870 4876 sacerdotali,
2909 4816 3371 4880 quemadmodum

1800 4921 1974 4974 neque
2004 4904 2292 4968 Dominus,
2326 4919 2450 4956 eum
2479 4903 2528 4956 ei
2561 4902 2765 4971 placuit
2795 4904 2947 4958 nasci
2979 4904 3032 4957 in
3067 4914 3230 4968 terra,
3263 4921 3371 4960 non

1796 5013 1860 5050 ex
1894 4997 2036 5050 tribu
2075 4996 2202 5050 Levi
2241 5005 2402 5049 natus
2434 5007 2514 5049 est
2545 5014 2556 5046 :
2590 4994 2786 5048 deinde
2813 4996 3074 5059 decimas,
3112 5011 3250 5063 quas
3279 4999 3375 5052 da-

1799 5091 1890 5144 bat
1925 5091 2182 5144 saeerdos
2214 5088 2346 5152 Deo,
2384 5087 2483 5141 bas
2528 5086 2726 5141 obtulit
2765 5087 3043 5141 Abraham
3091 5087 3373 5143 Melchiseo

1803 5182 1936 5238 dech
1957 5183 2014 5232 ⁸³.
2041 5179 2306 5244 Quoniam
2329 5180 2382 5233 in
2403 5182 2658 5236 omnibus
2697 5182 2926 5252 liguratu
2976 5181 3196 5251 gerebat
3243 5181 3373 5237 Mel-

1809 5275 2099 5330 eltisedech
2137 5275 2257 5328 Filii
2295 5275 2409 5330 Dei.

1500 5392 1539 5421 "3
1570 5391 1704 5445 Gen.
1742 5404 1852 5454 xw,
1881 5389 1968 5444 20.

1064 5483 1371 5544 Addenda
1421 5491 1481 5544 et
1517 5482 1892 5560 corrigenda
1926 5497 2004 5540 ex
2042 5479 2182 5540 cod.
2217 5481 2411 5541 Vatie.

189 5577 264 5650 (ἐ)
301 5577 368 5650 Ἦ
398 5577 484 5630 διὰ
506 5579 602 5648 τῆς
626 5579 991 5650 κινναϐάρεως
1005 5580 1272 5650 περιέχει,

209 5646 264 5719 ζ)
296 5649 499 5703 Desunt
543 5646 738 5704 Κάθου
760 5650 826 5701 ἑκ
859 5646 1230 5719 δεξιῶν-’μα’ὑ.

209 5650 264 5711 2)
296 5650 499 5703 Desunt
543 5654 557 5702 l

186 5650 265 5856 ᾗδὲ
290 5720 557 5804 Δεσμίοις.

213 5788 243 5844 -ί
287 5789 557 5844 Βασιλενε.

213 5724 242 5769 5
290 5724 354 5770 Δε
364 5724 557 5788 σμίοις.

213 5724 265 5859 ii
287 5789 564 5844 Βασίλενε.

1861 5580 1938 5648 (5)
1980 5580 2074 5630 Ἐν
2102 5580 2270 5633 deest.

1873 5653 1945 5716 (6)
2001 5649 2140 5701 Λαὸν
2163 5648 2323 5702 αὑτοῦ
2353 5651 2402 5704 ἁ.
2428 5668 2475 5703 τ.
2509 5653 2560 5704 α.
2609 5652 2694 5702 αὑ.
2747 5651 2955 5718 δεήσεις
2993 5649 3216 5711 ἱκεσίας,
3244 5659 3370 5710 ειη,

1802 5720 1876 5790 τῇ)
1908 5721 2070 5790 τιμίῳ
2103 5737 2192 5772 σου
2217 5722 2403 5789 αἵματι
2431 5724 2603 5775 πάντα
2648 5721 3000 5790 ἐκαθάρισας,
3029 5732 3155 5784 τις..
3187 5720 3373 5790 ὣσπερ

1798 5787 1948 5853 οὗτος
1969 5787 2188 5862 Κύριος,
2218 5787 2346 5856 cie.
2376 5792 2465 5843 τοῦ
2516 5792 2632 5844 ιἰοὖ
2667 5791 2756 5843 τοῦ
2785 5787 2940 5846 Θεοῦ.
