4066 6318
74 370 238 425 1169
1040 371 1128 423 DE
1173 370 1445 426 ΤΗΝ-15
1484 371 1680 426 PSALI

1715 371 1925 426 OBUM.
1963 402 2032 412 —
2069 369 2269 426 PSAL.
2307 369 2420 424 CX.
3186 368 3321 427 1150

161 489 224 542 7.
260 488 462 543 Μνείαν
490 490 781 560 ἐποιήσατο
812 489 920 543 τῶν
953 490 1271 561 Θαυμασίων
1306 489 1488 551 αὐτοῦ,
1692 504 1737 558 Α

1396 489 1488 551 ςοῦ,
1692 504 1737 558 Α
1840 488 1885 541 7.
1919 486 2227 540 Memoriam
2257 484 2382 540 fecit
2405 485 2728 540 mirabilium
2759 501 3002 547 suorum.

161 582 222 635 8.
274 581 544 652 Ἐλεήμων
576 585 668 634 καὶ
693 583 987 654 οἰκτίρμων
1013 585 1040 635 ό
1071 581 1284 653 Κύριος·

1835 580 1890 634 8.
1927 579 2230 632 Misericors
2261 587 2314 632 et
2345 579 2630 632 miserator
2658 577 2918 632 Dominus
2944 597 2955 632 :

160 674 225 728 9.
265 675 476 745 Τροφὴν
498 674 664 728 ἔδωκε
702 677 814 737 τοῖς
857 674 1209 744 φοϐουμένοις
1238 673 1415 726 αὐτόν.

1119 692 1209 738 νοις
1238 673 1415 726 αὐτόν.
1830 671 1880 724 9.
1916 671 2103 723 Escam
2127 669 2275 723 dedit
2304 669 2619 723 timentibus
2649 683 2725 722 se.

167 765 261 818 10.
299 766 682 836 Μνησθήσεται
712 769 790 830 εἰς
811 769 901 819 τὸν
929 767 1098 820 αἰῶνα
1128 767 1388 835 διαθήκης
1423 765 1584 818 αὑτοῦ
1609 781 1623 795 ⁸

1535 765 1584 818 δῦ
1609 781 1623 795 ο
1831 761 1915 816 10.
1956 759 2159 816 Memor
2187 762 2290 815 erit
2316 761 2369 814 in
2397 761 2656 815 saeculum
2693 760 2996 814 testamenti
3022 762 3104 814 sui
3129 779 3141 814 :

167 859 260 912 11.
300 862 472 932 ’ἰσχὺν
497 855 671 933 ἔργων
697 861 858 914 αὑτοῦ
891 860 1174 931 ἀνήγγειλε
1221 859 1298 930 τῷ
1335 860 1446 928 λαῷ
1475 858 1660 925 αὑτοῦ,

1829 855 1914 906 11.
1949 852 2210 906 V'irtutem
2238 868 2462 923 operum
2492 866 2715 907 suorum
2743 851 3086 904 annuntiabit
3124 853 3323 921 populo

1761 959 1882 1003 SUO,

169 1037 264 1090 12.
299 1037 402 1090 Τοῦ
432 1036 612 1090 δοῦναι
645 1038 824 1100 αὐτοῖς
862 1035 1220 1106 κληρονομίαν
1251 1033 1440 1086 ἐθνῶν.

1347 1033 1440 1086 ῶν.
1834 1033 1920 1086 12.
1953 1032 2022 1088 Ut
2051 1032 2141 1088 det
2171 1033 2276 1088 illis
2298 1033 2662 1088 hereditatem
2691 1033 2953 1103 gentium,

166 1129 261 1184 15.
300 1131 473 1201 Ἔργα
504 1127 700 1200 χειρῶν
727 1127 888 1182 αὐτοῦ
921 1126 1145 1196 ἀλήθεια
1168 1126 1260 1178 καὶ
1289 1124 1482 1195 κρίσις.

1835 1127 1919 1180 15.
1956 1125 2130 1196 Opera
2157 1142 2413 1180 manuum
2444 1128 2582 1196 ejus,
2617 1128 2811 1182 veritas
2830 1137 2883 1181 et
2908 1127 3191 1196 judicium.

168 1224 264 1277 14.
293 1224 486 1277 Πισταὶ
515 1226 682 1276 πᾶσαι
712 1223 767 1275 αἱ
793 1222 1000 1274 ἐντολαὶ
1022 1219 1184 1272 αὑτοῦ
1211 1238 1224 1250 ·

1832 1220 1920 1275 14.
1953 1218 2155 1274 Fidelia
2187 1220 2369 1273 omnia
2399 1221 2651 1275 mandata
2682 1219 2799 1289 ejus
2838 1239 2847 1272 :

169 1316 264 1368 15.
305 1315 720 1386 Ἐστηριγμὲναι
742 1316 821 1377 εἰς
843 1314 935 1366 τὸν
969 1312 1137 1366 αἰῶνα
1156 1311 1248 1364 τοῦ
1283 1309 1475 1370 αἰῶνος
1501 1327 1511 1340 ·

1283 1309 1475 1370 αἰῶνος
1501 1327 1511 1340 ·
1834 1312 1918 1366 15.
1947 1311 2274 1367 Conﬁrmata
2310 1313 2362 1366 in
2395 1314 2649 1368 saeculum
2679 1315 2859 1368 saeculi

166 1409 265 1461 16.
301 1407 669 1478 Πεποιημέναι
695 1408 751 1459 ὲν
782 1405 1007 1475 ἀληθείᾳ
1036 1405 1131 1456 καὶ
1153 1402 1424 1471 εὑθύτητι.

1218 1402 1424 1471 θύτητι.
1837 1403 1916 1459 16.
1949 1402 2110 1458 Facta
2145 1405 2197 1458 in
2226 1405 2449 1459 veritate
2478 1415 2532 1459 et
2554 1406 2819 1474 equitate.

169 1503 266 1555 17.
302 1501 582 1572 Δύτρωσιν
606 1497 889 1554 ἀπέστειλε
923 1495 1248 1568 [ἀπέστειλε
1277 1493 1496 1562 Κύριος,
1528 1500 1660 1562 etc.J

1829 1495 1914 1550 17.
1951 1494 2398 1565 Redemptionem
2425 1499 2575 1553 misit
2604 1497 2774 1570 [misit
2803 1497 3089 1570 Dominus]
3121 1511 3317 1566 popu.o

85 1593 171 1661 τῷ
209 1593 324 1662 λαῷ
345 1591 504 1644 αὐτοῦ
536 1608 552 1623 °
1760 1602 1860 1642 suo
1891 1601 1904 1637 :

166 1684 263 1738 18.
307 1682 633 1736 Ἐνετείλατο
657 1682 735 1744 εἰς
767 1680 858 1733 τὸν
888 1678 1056 1731 αἰῶνα
1087 1676 1348 1747 διαθήκην
1387 1675 1547 1731 αὑτοῦ
1575 1692 1589 1705 ο

1831 1679 1920 1734 18.
1953 1677 2226 1734 Mandavit
2254 1681 2308 1735 in
2339 1690 2598 1736 aeternum
2628 1691 3006 1737 testamentum
3035 1698 3225 1736 suum:

168 1778 263 1831 19.
300 1778 485 1844 Ἀγιον
510 1775 604 1830 καί¹
637 1773 863 1844 φοόερὸν
885 1772 944 1824 τὸ
963 1771 1133 1842 ὄνομα
1155 1769 1339 1823 αὑτοῦ.

1830 1769 1916 1823 19.
1947 1769 2204 1823 Sanctum
2235 1779 2288 1824 et
2316 1771 2554 1826 terribile
2586 1788 2780 1827 nomen
2815 1771 2951 1842 ejus.

162 1865 261 1918 ΞΟ.
304 1865 467 1936 Ἀρχὴ
493 1863 682 1932 σοφίας
716 1861 878 1932 φόϐος
908 1860 1108 1934 Κυρίου
1134 1878 1147 1890 ·
1689 1878 1732 1933 Β

1689 1878 1732 1933 Β
1827 1858 2164 1916 20.1nitium
2196 1864 2472 1933 sapientia:
2505 1865 2666 1918 timor
2692 1863 2942 1921 Domini:

161 1953 260 2006 21.
287 1953 504 2015 Σύνεσις
533 1953 589 2004 δὲ
628 1952 805 2022 ἀγαθὴ
836 1953 968 2004 πᾶσι
997 1952 1104 2012 τοῖς
1135 1947 1377 2001 ποιοῦσιν
1415 1948 1584 2019 αὑτήν
1604 1965 1616 1978 ·

1829 1951 1918 2005 2i.
1953 1951 2258 2009 Intellectus
2290 1955 2466 2009 bonus
2495 1955 2749 2010 omnibus
2791 1955 3112 2011 facientibus
3154 1971 3315 2012 eam:

162 2045 260 2099 22.
303 2047 364 2098 Ἡ
380 2045 584 2108 αἴνεσις
598 2044 759 2098 αὑτοῦ
783 2044 929 2114 μένει
949 2059 972 2094 ε
984 2044 1028 2104 ἱς
1043 2042 1134 2094 τὸν
1151 2041 1320 2094 αἰῶνα
1334 2040 1427 2092 τοῦ
1445 2039 1654 2103 αἰῶνος.

1528 2039 1654 2103 ὄνος.
1827 2043 1915 2096 22.
1939 2041 2201 2099 Laudatio
2225 2046 2343 2115 ejus
2366 2056 2544 2101 manet
2570 2046 2624 2099 in
2653 2046 2906 2100 smeulum
2938 2048 3134 2102 saeculi.

1207 2215 1582 2271 ATUANASH
1622 2215 1732 2272 INT
1743 2217 1918 2272 ERPR
1932 2219 2207 2275 ETATIO.

162 2381 222 2435 7.
259 2380 708 2451 Ἐμνημόνευσεν,
743 2379 815 2441 ὼς
863 2380 1084 2449 προεῖπε
1120 2377 1208 2430 διὰ
1233 2377 1339 2429 τῶν
1364 2377 1655 2447 προφητῶν

1831 2379 1880 2433 7.
1917 2378 2248 2438 Recordatus
2273 2392 2375 2445 est,
2409 2394 2466 2436 ut
2512 2384 2758 2452 prredixit
2792 2400 2887 2454 per
2911 2400 3038 2440 suos
3079 2388 3316 2455 prophe-

91 2471 289 2538 αὐτοῦ,
321 2471 514 2536 ἐλθεῖν,
546 2471 641 2525 καὶ
659 2471 733 2540 (1)
758 2470 846 2523 διὰ
873 2469 982 2522 τῶν
1007 2468 1344 2540 παθημάτων
1367 2470 1530 2523 αὐτοῦ
1555 2469 1657 2521 σῶς

1599 2469 1657 2520 L-
1762 2483 1869 2537 tas,
1903 2475 2110 2538 venire,
2139 2485 2190 2530 et
2213 2491 2307 2545 per
2331 2478 2635 2546 passionem
2665 2493 2818 2532 suam
2853 2478 3062 2533 salvare
3092 2495 3205 2534 nos.

91 2583 186 2620 σαι
225 2566 391 2620 ἡμᾶς.

168 2586 186 2616 ι
308 2567 342 2617 ἃ
379 2604 391 2617 .

164 2567 411 2728 8.ή’ῗέλέή
421 2673 535 2727 μων
558 2656 666 2726 γὰρ
699 2656 791 2709 καὶ
816 2656 1113 2725 οἰκτίρμων
1137 2655 1371 2725 ὑπάρχει
1391 2656 1420 2707 ό
1438 2653 1654 2725 Κύριος.

1603 2673 1654 2718 ης.
1827 2652 1882 2707 8.
1908 2651 2216 2709 Misericors
2251 2653 2394 2708 enim
2429 2663 2481 2707 et
2508 2655 2790 2708 miserator
2820 2664 2902 2709 est
2927 2655 3209 2712 Dominus.

164 2750 222 2803 9.
267 2749 488 2802 Ἑαυτὸν
517 2747 626 2819 γὰρ
648 2747 873 2818 τροφὴν,
904 2746 998 2799 καὶ
1022 2745 1089 2798 τά
1121 2745 1274 2813 λόγια
1299 2745 1463 2798 αὐτοῦ
1490 2746 1654 2799 ἔδωκε

1830 2744 1882 2798 9.
1917 2742 1986 2799 Se
2017 2746 2193 2812 ipsum
2230 2746 2374 2799 enim
2403 2745 2454 2799 in
2482 2762 2684 2810 escam,
2726 2756 2780 2800 et
2806 2747 3020 2818 eloquia
3049 2764 3144 2804 sua
3173 2751 3316 2805 dedit

93 2845 207 2904 τοῖς
231 2839 581 2910 φοϐουμένοις
602 2840 785 2892 αὐτόν.

641 2840 785 2892 ύτόν.
1758 2837 2073 2892 tunentibus
2103 2852 2247 2891 eum.

172 2935 260 2988 10.
299 2933 676 2996 Ἀδιαλείπτως
715 2932 1079 3004 μνησθήσεται
1107 2930 1214 2984 τῶν
1258 2931 1429 3000 ἀγίων
1467 2930 1650 2985 αὐτοῦ.

1832 2929 1918 2982 10.
1949 2929 2317 2985 lndesinenter
2335 2933 2708 2987 recordabitur
2734 2943 3042 2988 sanctorum
3071 2949 3314 2990 suorum.

168 3026 256 3081 11.
290 3027 403 3096 Τὴν
434 3025 659 3094 δύναμιν
687 3023 794 3076 τῶν
825 3021 1054 3093 Γραφῶν
1085 3021 1162 3092 (2)
1200 3021 1307 3076 τῶν
1337 3023 1652 3094 προλεχθέν-

1827 3019 1915 3075 11.
1957 3019 2216 3077 Virtutem
2246 3022 2372 3096 [hoc
2400 3033 2485 3081 est
2516 3039 2772 3080 arcanum
2802 3023 3048 3097 sensum]
3073 3027 3317 3096 Scriptu-

92 3135 202 3172 των
226 3116 532 3187 ὲφανέρωσε
561 3117 672 3177 τοῖς
709 3114 1022 3176 ἀποστόλοις
1050 3110 1235 3166 αὑτοῦ.

1753 3125 1936 3165 rarum
1970 3112 2036 3166 de
2087 3114 2150 3165 iis
2196 3130 2316 3183 quae
2367 3116 2621 3184 praedicta
2676 3115 2916 3182 fuerunt,
2949 3115 3317 3172 maniiestavit

1755 3206 2018 3277 apostolis
2049 3205 2183 3260 suis.

168 3300 253 3353 12.
280 3297 387 3352 Τοῦ
412 3298 589 3352 δοῦναι
621 3299 732 3361 τοῖς
757 3295 1073 3359 ἀποστόλοις
1099 3293 1350 3359 ἐξουσίαν
1373 3295 1654 3367 κυριεῦσαι

1826 3297 1912 3353 12.
1950 3294 2018 3351 Ut
2054 3298 2207 3352 daret
2231 3300 2488 3369 apostolis
2517 3308 2835 3370 potestatem
2866 3300 3179 3356 dominandi
3209 3317 3306 3355 su-

97 3394 183 3446 διά
208 3393 286 3463 (3)
316 3392 409 3446 τοῦ
437 3392 787 3464 κηρύγματος
815 3393 1030 3446 πάντων
1051 3391 1160 3444 τῶν
1187 3390 1374 3446 ἐθνῶν.

1281 3390 1374 3446 ὦν.
1755 3403 1851 3458 per
1877 3404 2066 3444 omnes
2095 3400 2280 3459 gentes
2308 3407 2402 3460 per
2429 3392 2885 3461 praedicationem.

168 3484 253 3540 15.
290 3486 370 3538 Τὰ
401 3486 535 3555 ἔργα
566 3484 672 3537 τῶν
707 3485 1018 3537 ἀποστόλων
1045 3481 1209 3535 αὐτοῦ
1247 3482 1430 3544 πίστις
1459 3483 1554 3536 καὶ
1578 3483 1654 3536 δι-

1537 3483 1554 3536 !
1578 3483 1654 3536 δι·
1830 3481 1912 3534 13.
1943 3480 2116 3551 Opera
2145 3484 2512 3552 apostolorum
2539 3483 2659 3550 ejus
2685 3483 2816 3538 ﬁdes
2849 3492 2901 3537 et
2919 3482 3143 3553 justitia.

99 3574 354 3645 καιοσύνη
365 3616 377 3628 .

171 3667 257 3720 14.
301 3664 545 3736 ’Δληθεῖς
571 3666 626 3718 αἱ
656 3665 974 3735 ἐπαγγελίαι
1004 3663 1188 3719 αὐτοῦ.
1684 3651 1725 3709 C

1081 3663 1188 3719 τοῦ.
1684 3651 1725 3709 C
1833 3660 1918 3714 14.
1950 3659 2102 3717 Verae
2133 3662 2527 3732 promissiones
2551 3664 2687 3733 ejus.

169 3758 254 3812 15.
285 3757 388 3811 Καὶ
419 3757 804 3830 ἀμεταμέλητα
827 3759 896 3811 τὰ
918 3759 1229 3830 χαρίσματα
1263 3755 1427 3810 αὐτοῦ
1455 3757 1555 3828 (4).

1277 3755 1427 3810 ιύτοῦ
1455 3757 1555 3828 (1).
1825 3754 1909 3807 15.
1948 3753 2012 3807 Et
2046 3755 2160 3810 sine
2189 3755 2501 3825 paenitentia
2524 3756 2663 3809 dona
2697 3756 2883 3826 ipsius.

172 3851 255 3904 16.
286 3848 704 3921 Κατηρτισμένα
732 3850 905 3920 (5).ἐν
932 3849 1113 3902 πίστει
1153 3848 1246 3902 καὶ
1295 3849 1624 3920 δικαιοσύνῃ.

1153 3848 1246 3902 καὶ
1295 3849 1624 3920 δικαιοσύνῃ.
1831 3847 1918 3901 16.
1945 3845 2190 3902 Perfecta
2220 3849 2271 3901 in
2315 3847 2416 3902 ﬁde
2447 3857 2501 3903 et
2527 3848 2755 3917 justitia.

168 3941 254 3994 17.
295 3943 351 3994 '0
386 3942 576 4012 Πατὴρ
602 3941 692 3996 τὸν
734 3941 860 3994 Υἰὸν
889 3940 1053 3996 αὑτοῦ
1097 3939 1188 3993 τὸν
1229 3941 1493 4013 μονογενῆ
1533 3941 1659 3994 ἔδω-

1825 3939 1913 3993 17.
1960 3937 2121 3993 Pater
2172 3939 2367 3994 Filium
2415 3957 2572 3995 suum
2618 3939 2958 4009 unigenitum
3009 3939 3157 3994 dedit
3216 3954 3313 4008 pro

99 4050 190 4085 κεν
218 4032 356 4102 ὑπὲρ
379 4033 477 4103 τῆς
502 4033 595 4085 τοῦ
632 4033 834 4103 κόσμου
869 4033 1034 4103 ζωῆς.

502 4033 595 4085 τοῦ
632 4033 834 4103 κόσμου
869 4033 1034 4103 ζωῆς.
1753 4032 1937 4085 mundi
1968 4033 2093 4086 vita.

170 4125 250 4179 18.
295 4124 622 4178 Ἐνετείλατο
659 4127 770 4187 τοῖς
799 4125 1143 4178 πιστεύουσιν
1185 4123 1333 4195 αὑτῷ
1363 4125 1654 4194 φυλάσσειν

1834 4125 1918 4179 18.
1947 4125 2207 4198 Przecepit
2251 4125 2590 4182 credentibus
2635 4125 2682 4178 ei
2736 4123 3007 4179 custodire
3058 4121 3311 4176 mandata

100 4216 162 4267 τὰ
185 4217 583 4286 προστάγματα
611 4214 794 4269 αὐτοῦ.
1757 4235 1876 4274 sua.

168 4307 253 4362 19.
291 4307 536 4371 Ἔνδοξον
558 4310 668 4372 τοῖς
699 4309 874 4377 ἀγίοις
907 4316 999 4361 και
1027 4308 1253 4378 φοϐερὸν
1285 4311 1396 4372 τοῖς
1438 4310 1652 4380 δαίμοσι

1830 4310 1918 4366 19.
1971 4310 2282 4367 Gloriosum
2327 4311 2550 4375 sanctis,
2598 4321 2650 4364 el
2697 4308 2935 4364 terribile
2975 4307 3309 4362 daemonibus

100 4399 156 4452 τὸ
175 4399 346 4472 ὄνομα
368 4399 550 4453 αὑτοῦ.

510 4400 550 4453 3.
1757 4416 1952 4456 nomen
1979 4401 2116 4471 ejus.

163 4491 254 4546 20.
283 4491 392 4547 Kal.
414 4493 576 4566 ἀρχαὶ
605 4493 680 4566 (6)
724 4494 957 4558 πίστεως
985 4494 1045 4548 τὸ
1070 4494 1370 4566 φοϐηθῆναι
1406 4495 1496 4548 τὸν
1539 4493 1648 4547 Κύ-

1453 4512 1496 4548 w
1539 4493 1648 4547 Κύ-
1827 4495 1917 4550 20.
1952 4494 2018 4550 Et
2048 4495 2257 4550 initium
2288 4495 2408 4550 ﬁdei
2439 4495 2630 4549 timere
2651 4492 2936 4547 Dominum
2964 4490 3059 4561 (a).

101 4601 228 4651 ριον.

162 4675 248 4730 ει.
282 4676 456 4748 Χάρις
485 4677 542 4730 δὲ
564 4678 876 4749 Πνεύματος
905 4679 1059 4748 ἁγίου
1093 4679 1210 4735 ἐστὶ
1242 4682 1376 4734 πᾶσι
1417 4685 1528 4745 τοῖς
1554 4699 1647 4751 φο-

1826 4672 1915 4725 21.
1953 4671 2136 4727 Gratia
2167 4682 2345 4728 autem
2381 4672 2615 4743 Spiritus
2653 4670 2823 4728 sancti
2845 4680 2926 4725 est
2959 4667 3207 4724 omnibus
3239 4667 3309 4720 ti-

100 4767 186 4819 εον
193 4771 372 4838 μένοις
397 4769 487 4823 τὸν
512 4769 725 4839 Κύριον.

1753 4767 2022 4822 mentibus
2045 4767 2353 4824 Dominum.

161 4857 247 4911 22.
277 4858 652 4931 ’Δτελεύτητος
686 4860 833 4932 μένει
861 4861 936 4933 (7)
969 4866 1002 4934 ἡ
1048 4864 1250 4926 αἰνεσις
1299 4862 1391 4915 τοῦ
1425 4860 1642 4917 Κυρίου.
1674 4879 1726 4934 ι)

1306 4862 1391 4915 τοῦ
1425 4860 1642 4917 Κυρίου.
1674 4879 1726 4934 ι)
1825 4859 1912 4915 3‘2.
1943 4858 2070 4913 Sine
2095 4860 2198 4914 ﬁne
2228 4869 2408 4913 manet
2439 4857 2674 4912 laudatio
2702 4853 2912 4910 Domini

1036 5039 1347 5101 Addenda
1377 5048 1439 5102 et
1475 5037 1847 5119 corrigenda
1880 5056 1958 5100 ex
1997 5036 2134 5098 cod.
2163 5036 2363 5098 Vatic.

137 5197 235 5277 ,(1)
263 5191 640 5277 ἶΩνᾉπροεῖπεν
670 5203 717 5255 δ.
749 5219 799 5255 τ.
826 5220 883 5257 π.
918 5203 1009 5256 τοῦ
1035 5203 1226 5271 ὲλεεῖν,
1255 5202 1367 5271 καί,
1395 5214 1522 5268 etc.,
1545 5220 1646 5257 σω-
1931 5201 2346 5277 ςᾼμεταμέλητα
2375 5202 2480 5273 γὰρ
2505 5201 2570 5254 τὰ
2602 5200 2905 5271 χαρίσματα
2926 5205 3017 5252 τοῦ
3048 5199 3196 5258 θεοῦ,

164 5218 235 5266 μ)
291 5218 362 5251 υν
388 5218 640 5270 προειπεν
670 5221 717 5255 ο.
749 5219 799 5255 τ.
826 5220 883 5257 π.
918 5221 1009 5256 του
1035 5218 1226 5271 ελεείν,
1255 5218 1367 5271 και,
1395 5218 1522 5268 etc.,
1545 5220 1646 5257 σω-
1825 5218 1899 5265 (4)
1942 5218 2240 5271 Ἀμεταμελ
2281 5221 2346 5256 τα
2375 5220 2382 5230 ·

103 5264 245 5343 Θῆναι
273 5271 436 5343 ήμᾶς.
509 5341 529 5343 η
645 5342 650 5343 γ
1539 5342 1542 5343 ν
1822 5272 1896 5343 (5)
1931 5218 2382 5343 Κατηρτισμὲναι.

165 5340 238 5404 ('2)
273 5341 571 5411 Προφητῶν
605 5342 743 5412 (leg.
781 5343 958 5411 potius
989 5344 1206 5399 videtur
1243 5342 1644 5414 προφητειῶν.)

165 5410 237 5465 l3:
267 5412 368 5464 Διά
389 5413 560 5465 deest.

998 5344 1206 5399 videtur
1243 5342 1644 5414 προφητειῶν.)
1927 5340 2288 5465 ἒὲἔὲᾟὲιξί
2314 5343 2414 5398 καί
2444 5352 2496 5397 ct
2522 5344 2604 5394 τό.

163 5410 560 5481 (διΔιάάεεει.
700 5410 718 5412 “
785 5410 797 5411 ί
1288 5410 1298 5414 '
1365 5410 1422 5414 "
1625 5410 1633 5412 '

700 5410 718 5412 “
785 5410 797 5411 “
1288 5410 1298 5414 ⁷
1365 5410 1422 5414 ““
1625 5410 1633 5412 “
1821 5412 1895 5482 (7)
1927 5410 2100 5466 Mm:
2121 5413 2287 5468 deest.

167 5621 238 5694 (α)
277 5625 451 5680 Aliam
499 5625 652 5680 affert
693 5625 827 5683 Dan.
871 5625 1137 5682 Barbarus
1179 5629 1696 5699 interpretationem,
1743 5646 1861 5704 qua:
1895 5638 1977 5686 est
2017 5630 2242 5703 Didymi.
