4110 6318
750 361 876 416 1151
1583 357 1640 411 5.
1685 353 2054 407 ATIIANASII
2094 351 2243 407 OPP.
2286 350 2371 405 PA

2340 348 2464 405 A115
2503 347 2588 402 Ill.
2629 375 2696 385 —-
2735 343 3140 401 EXEGETICA.
3839 341 3963 397 1152

1183 475 1426 528 Alleluia.
1459 470 1660 526 ΡδΑι..
1698 470 1786 524 CX
1800 468 1848 524 Ι.
2330 477 2381 534 Α
2798 465 2806 516 Ἴ

2330 477 2381 534 Α
2798 464 3164 531 animum.
3213 462 3383 514 ‘l'AA.
3433 463 3591 514 max

821 568 868 621 1.
897 565 1095 620 Beatus
1122 565 1222 628 vir,
1255 566 1348 634 qui
1386 565 1537 617 timet
1575 563 1862 641 Doitiinum
1891 580 1906 618 :

2480 556 2528 608 1.
2559 554 2844 623 Μακάριος
2877 551 3013 622 ἀνὴρ
3045 553 3072 603 6
3099 549 3428 621 φοϐούμενος
3455 550 3545 603 τὸν
3591 548 3786 620 Κύριον
3809 567 3823 580 ·

815 657 870 710 9..
906 654 961 708 ln
991 655 1258 709 mandatis
1290 656 1408 724 ejus
1444 655 1585 707 volet
1611 654 1794 708 nimis.

2475 649 2529 700 9..
2582 646 2666 697 ’Ev
2691 648 2811 707 ταῖς
2849 643 3088 705 ἐντολαῖς
3115 641 3277 693 αὐτοῦ
3305 642 3520 711 θελήσει
3550 641 3775 709 σφόδρα.

816 749 869 803 ὅ.
902 748 1092 802 Potens
1127 748 1181 800 in
1217 756 1357 801 terra
1383 746 1485 800 erit
1520 761 1702 800 semen
1733 747 1884 814 ejus:

2475 739 2526 790 5.
2561 736 2789 788 Δυνατδν
2824 738 2881 787 ὲν
2913 737 2978 804 τῇ
3004 737 3072 804 γῇ
3105 733 3254 786 ἔσται
3290 734 3350 786 τὸ
3377 735 3598 802 σπέρμα
3629 732 3793 787 αὐτοῦ
3813 751 3825 763 ·

814 843 867 894 4.
897 841 1184 895 Generatio
1215 850 1485 894 rectorum
1514 839 1882 893 benedicetur.

1784 848 1882 892 tur.
2473 831 2528 885 4.
2555 827 2716 881 Γενεὰ
2743 827 2943 881 εύοέων
2969 826 3407 896 εύλογηθήσεται.

819 936 870 989 5.
903 935 1084 990 Gloria
1117 944 1168 988 et
1195 934 1393 988 divitia:
1425 934 1480 986 in
1509 933 1673 986 domo
1705 932 1822 1000 ejus
1852 950 1865 984 :

2477 921 2526 974 5.
2561 921 2696 984 Δόξα
2725 919 2818 972 καὶ
2848 918 3073 982 πλοῦτος
3105 921 3161 971 ὲν
3184 917 3263 987 τῷ
3291 919 3421 990 οἴκῳ
3444 917 3631 971 αὐτοῦ·

817 1031 872 1084 6.
902 1028 966 1082 Ει
984 1028 1193 1096 justitia
1220 1029 1337 1098 ejus
1370 1037 1551 1081 manet
1577 1025 1631 1079 in
1657 1025 1916 1080 saeculum
1941 1020 2148 1080 seculi.

2474 1014 2524 1068 6.
2559 1014 2666 1066 Καὶ
2694 1015 2728 1082 ἡ
2757 1009 3068 1081 δικαιοσύνη
3093 1009 3256 1064 αὑτοῦ
3291 1010 3438 1081 μένει
3461 1012 3539 1074 είς
3565 1009 3655 1063 τὸν
3677 1011 3850 1065 αἰῶνα
3880 1010 3962 1067 τοῦ

2405 1105 2621 1168 αίῶνος.

815 1210 867 1262 7.
901 1208 1157 1263 Exortum
1191 1207 1351 1261 estin
1383 1205 1618 1259 tenebris
1645 1203 1822 1256 lumen
1854 1199 2034 1254 rectis.

2475 1198 2524 1248 7.
2570 1195 2929 1261 Ἐξανὲτειλεν
2953 1194 3011 1249 ἐν
3035 1195 3211 1248 σκότει
3239 1197 3351 1264 φῶς
3383 1198 3493 1258 τοῖς
3523 1195 3765 1249 εὐθέσιν·

819 1304 871 1355 8.
906 1301 1209 1356 Misericors
1237 1311 1291 1353 et
1321 1299 1610 1351 miserator
1635 1305 1686 1349 et
1705 1295 1885 1363 justus
1912 1309 1925 1345 :

2473 1288 2525 1341 8.
2555 1289 2832 1358 Ἐλεὴμων
2862 1289 2954 1342 καὶ
2974 1289 3269 1358 οἰκτίρμων
3297 1288 3389 1340 καὶ
3415 1288 3639 1351 δίκαιος.

817 1398 866 1449 9.
899 1394 1179 1450 Iucundus
1204 1393 1284 1446 vir
1306 1392 1394 1461 qui
1423 1391 1710 1443 miseretur
1731 1395 1784 1440 et
1812 1383 2157 1439 commodat:

2105 1392 2157 1436 t:
2473 1381 2525 1434 9.
2561 1381 2804 1452 Χρηστὸς
2831 1381 2968 1452 ἀνὴρ
2997 1383 3024 1433 6
3054 1382 3333 1451 οἰκτείρων
3357 1381 3449 1433 καὶ
3481 1380 3687 1451 κιχρῶν
3707 1399 3722 1412 ·

815 1487 899 1537 1ο.
932 1483 1190 1553 Disponet
1213 1495 1493 1538 sermones
1523 1495 1652 1533 suos
1683 1477 1736 1530 in
1756 1475 2001 1545 judicio:

2475 1471 2559 1525 10.
2591 1473 2944 1542 Οἰκονομήσει
2971 1473 3094 1534 τοὺς
3121 1473 3308 1540 λόγους
3337 1472 3498 1525 αὐτοῦ
3528 1473 3584 1525 ὲν
3620 1473 3829 1543 κρίσει·

815 1575 900 1628 11.
928 1573 1064 1640 Quia
1094 1575 1145 1626 in
1171 1582 1429 1627 aeternum
1463 1586 1570 1622 non
1595 1565 2050 1624 commovebitur.

2040 1603 2050 1620 .
2475 1565 2559 1618 11.
2593 1566 2714 1617 ’Ότι
2738 1566 2814 1627 είς
2847 1565 2938 1616 τὸν
2964 1563 3134 1616 αἰῶνα
3162 1564 3221 1614 οὐ
3256 1563 3663 1634 σαλευθήσεται.

816 1669 901 1720 12.
935 1669 992 1720 In
1025 1670 1282 1720 memoria
1310 1674 1508 1719 (eterna
1537 1663 1638 1717 erit
1665 1662 1886 1730 justus:

2474 1657 2560 1710 12.
2595 1658 2686 1720 El;
2725 1656 3062 1727 μνημόσυνον
3094 1653 3308 1709 αἰώνιον
3342 1656 3490 1712 ἔσται
3519 1657 3757 1722 δίκαιος·

819 1762 902 1815 15.
939 1760 1020 1813 Ab
1047 1760 1320 1813 auditione
1345 1758 1483 1811 mala
1514 1770 1618 1809 non
1652 1753 1884 1809 timebit.

2477 1747 2562 1801 1'5.
2611 1748 2741 1801 Ἀπὸ
2767 1749 2934 1818 ἀκοῆς
2968 1751 3206 1818 πονηρᾶς
3239 1751 3299 1802 οὐ
3336 1748 3720 1820 φοϐηθήσεται.

820 1854 900 1907 ll.
935 1852 1187 1906 Paratum
1218 1867 1312 1906 cor
1337 1851 1454 1919 ejus
1482 1861 1702 1920 sperare
1731 1848 1785 1901 in
1825 1844 2054 1900 Domino
2082 1861 2093 1896 :
2334 1859 2383 1913 Β

2339 1859 2383 1913 Β
2479 1839 2564 1893 11.
2613 1839 2834 1910 Ἐτοίμη
2864 1841 2897 1910 ἡ
2928 1838 3126 1910 καρδία
3156 1840 3320 1893 αὐτοῦ
3353 1841 3590 1905 ἐλπίζειν
3632 1843 3726 1893 ἐπὶ
3749 1842 3962 1912 Κύριον·

816 1945 900 1998 15.
931 1944 1316 1998 Contirmatum
1362 1951 1444 1996 est
1467 1955 1564 1996 cor
1585 1938 1725 2008 ejus,
1751 1952 1859 1993 non
1890 1935 2097 1991 timebit

2483 1932 2568 1987 15.
2610 1933 2957 2004 Ἐστήρικται
2990 1933 3024 2003 ἡ
3050 1931 3243 2004 καρδία
3268 1932 3452 1996 αὐτοῦ,
3479 1933 3547 1985 οὑ
3575 1935 3651 2005 μὴ
3679 1933 3907 2005 φοϐηθῇ,

1857 2111 2229 2168 ATIIANASH
2267 2108 2848 2166 INTERPRETATIO.

827 2279 890 2334 Ἦ
945 2280 1270 2350 προκειμένη
1308 2281 1588 2350 ἐπιγραφὴ
1621 2273 1863 2348 περιέχει
1885 2273 1958 2343 (l)
1985 2291 1997 2303 -
2033 2271 2405 2340 Ἀλληλούτα,
2438 2271 2574 2340 ὅπερ
2619 2268 2975 2341 ἑρμηνεύεται
3004 2267 3280 2321 αῑνέσατε
3304 2307 3319 2332 ,
3356 2269 3671 2336 ὑμνήσατε
3699 2266 3811 2321 τὸν
3837 2267 3968 2321 ὄντα

750 2377 915 2429 Οςόν.

809 2469 1032 2524 Titulus
1063 2466 1383 2538 prapositus
1417 2465 1691 2521 continet:
1723 2461 1976 2530 Alleluia,
2013 2463 2157 2532 quod
2193 2463 2600 2528 interpretatur,
2628 2459 2843 2512 laudate
2876 2465 2926 2512 et
2959 2461 3188 2510 exaltate
3212 2473 3330 2510 eum
3356 2458 3445 2527 qui
3476 2457 3615 2511 Deus
3647 2467 3748 2515 est.

821 2655 870 2708 1.
902 2653 1036 2719 Quia
1069 2654 1300 2710 abstinet
1333 2653 1401 2707 ab
1434 2652 1583 2706 omni
1610 2649 1778 2704 malo.

2479 2643 2530 2699 1.
2563 2643 2684 2695 Ὅτι
2716 2638 3002 2708 ἀφίσταται
3029 2639 3136 2693 ἀπὸ
3157 2639 3356 2700 παντὸς
3383 2636 3570 2693 κακοῦ.

815 2747 868 2799 2.
904 2746 1094 2800 Studet
1125 2745 1346 2814 implere
1369 2744 1490 2812 ejus
1521 2751 1808 2813 praecepta.

2476 2734 2530 2787 Ξ.
2557 2730 2853 2795 Σπούδάζει
2882 2729 3163 2801 πληρῶσαι
3195 2731 3290 2793 τὰς
3321 2729 3539 2792 ἐντολὰς
3565 2728 3751 2782 αὐτοῦ.

815 2837 867 2889 3.
898 2835 952 2889 In
985 2845 1126 2890 terra
1167 2835 1462 2890 viventium
1501 2833 1738 2904 pretiosa
1763 2838 1924 2886 erunt
1963 2843 2124 2899 opera
2157 2828 2298 2899 ejus.

2474 2826 2526 2878 δ’
2571 2825 2660 2875 Ἐν
2689 2825 2756 2893 τῇ
2799 2825 2869 2892 γῇ
2913 2822 3020 2874 τῶν
3053 2820 3266 2884 ζώντων
3301 2821 3455 2891 τίμια
3495 2821 3705 2874 ἔσονται
3729 2821 3802 2874 τὰ
3840 2821 3970 2893 ἔργα

2407 2932 2593 2968 αυτου.

816 3013 868 3067 4.
896 3015 1111 3070 Chorus
1143 3028 1354 3078 eorum,
1383 3014 1474 3083 qui
1503 3012 1668 3067 corde
1701 3008 1886 3062 mundi
1919 3016 2064 3072 sunt,
2099 3006 2301 3077 gloriﬁ-

2479 3006 2530 3060 4.
2581 3005 2698 3058 Τῶν
2739 3003 2986 3075 καθαρῶν
3033 3007 3097 3074 τῇ
3140 3004 3336 3075 καρδίᾳ
3373 3005 3402 3056 6
3437 3004 3593 3074 χορὸς
3643 3003 3966 3074 δοξασθήσε-

744 3107 971 3159 cabitur.
2329 3137 2371 3194 Ο
2408 3114 2515 3150 ται.

899 3195 1089 3251 Omnis
1113 3195 1282 3266 gratia
1307 3204 1359 3248 et
1385 3193 1594 3264 justitia
1627 3195 1682 3248 in
1707 3203 1852 3249 sorte
1880 3202 2214 3248 sanctorum.
2336 3187 2371 3194 “

2349 3187 2371 3194 ”
2476 3188 2527 3240 5.
2557 3189 2712 3240 Πᾶσα
2759 3189 2917 3256 χάρις
2964 3189 3057 3238 καὶ
3098 3187 3407 3260 δικαιοσύνη
3449 3187 3508 3240 ὲν
3548 3187 3622 3258 τῷ
3647 3189 3845 3259 κλήρῳ
3874 3188 3972 3242 τῶν

2405 3276 2596 3344 ἁγίων.

808 3370 860 3423 6.
895 3368 960 3422 Et
987 3384 1171 3423 eorum
1203 3369 1488 3422 retributio
1512 3369 1863 3436 sempiterna.

2473 3366 2524 3419 6.
2555 3366 2631 3434 (2)
2658 3367 2766 3418 Καὶ
2790 3368 2823 3435 ἡ
2855 3365 3242 3436 μισθαποδοσία
3265 3367 3441 3420 αὐτῶν
3467 3367 3845 3437 ἀτελεύτητος.

806 3461 859 3517 7.
893 3460 1141 3515 Ostendit
1177 3459 1227 3511 in
1257 3459 1461 3513 mundo
1491 3460 1696 3514 sanctis
1726 3458 1922 3513 Filium
1953 3475 2134 3514 suum.

2470 3459 2522 3512 7.
2542 3457 2831 3523 Ἀνὲδειξεν
2849 3461 2904 3510 ὲν
2919 3457 2995 3528 τῷ
3011 3458 3199 3529 κόσμῳ
3216 3461 3328 3522 τοῖς
3343 3457 3516 3526 ἁγίοις
3531 3459 3617 3511 τὸν
3637 3459 3766 3510 Υἱὸν
3784 3458 3969 3512 αὑτοῦ.

812 3554 865 3613 8.
891 3553 942 3606 9.
979 3551 1159 3605 Bonus
1190 3553 1289 3615 vir,
1318 3553 1409 3621 qui
1429 3555 1478 3606 in
1508 3555 1771 3608 cliaritate
1792 3556 2156 3609 communicat
2179 3570 2301 3610 cum

2469 3552 2521 3616 8,
2551 3553 2603 3606 9.
2635 3552 2709 3620 (5)
2740 3550 2966 3618 Ἀγαθὸς
3000 3552 3137 3622 ἀνὴρ
3168 3554 3196 3604 6
3225 3553 3281 3604 ὲν
3309 3553 3497 3624 ἀγάπῃ
3543 3551 3868 3621 μεταδιδοὺς
3902 3553 3972 3622 τῷ

740 3644 986 3712 proximo
1011 3658 1111 3697 suo
1136 3643 1298 3706 dona,
1333 3660 1453 3712 qua:
1484 3647 1584 3701 ius:
1623 3661 1652 3698 a
1682 3643 1791 3699 Deo
1815 3646 1938 3699 data
1977 3657 2126 3700 sunt.

2401 3644 2626 3712 πλησίον
2680 3641 2876 3707 αὑτοῦ,
2924 3643 2990 3693 ὲκ
3041 3641 3135 3694 τοῦ
3201 3642 3529 3712 χαρίσματος
3575 3642 3665 3695 τοῦ
3722 3643 3971 3706 δοθέντος

2402 3733 2550 3802 αὑτῷ
2582 3733 2731 3804 παρὰ
2759 3732 2851 3785 τοῦ
2889 3731 3046 3788 Θεοῦ.

819 3805 898 3858 10.
935 3804 1084 3859 Dicet
1104 3807 1246 3857 enim
1274 3807 1504 3859 Domino
1536 3809 1587 3860 in
1609 3807 1815 3876 judicio
1840 3828 1853 3862 :
1883 3812 2127 3872 Domine,
2150 3814 2301 3878 quin-

2471 3826 2555 3879 10.
2590 3826 2750 3892 Λέγει
2796 3824 2903 3896 γὰρ
2945 3824 3021 3894 τῷ
3065 3823 3253 3896 Κυρίῳ
3297 3825 3353 3876 ὲν
3394 3826 3461 3894 τῇ
3509 3823 3722 3893 κρίσει·
3764 3827 3948 3892 Κύριε

739 3913 834 3948 om
863 3895 1056 3946 talenta
1081 3893 1353 3948 tradidisti
1393 3897 1542 3963 milii,
1569 3914 1683 3951 ecce
1710 3900 1821 3952 alia
1850 3901 2073 3969 quinque
2098 3866 2298 3954 talenta

2475 3866 2555 3879 ’ν’
2590 3866 2750 3892 "'t"
2806 3866 2901 3896 δ”Γ
2954 3866 3020 3894 ’τ
3066 3866 3250 3896 ἠν-γ
3297 3866 3349 3876 -ν
3406 3866 3461 3894 'u
3511 3866 3684 3893 "rw"
3764 3866 3968 3892 --νιν---ν

2400 3917 2578 3968 πέντε
2610 3914 2874 3968 τάῑαντα
2908 3932 3010 3983 μοι
3057 3912 3423 3981 παρέδωκας,
3458 3913 3546 3967 ἴδε
3589 3913 3747 3968 ἄλλα
3793 3915 3969 3969 πέντε

743 3989 976 4040 lucratus
1007 4005 1123 4042 sum
1156 3982 1219 4037 “-
2401 4005 2664 4058 τάλαντα
2691 3982 3006 4072 ἐκέρδησα.

806 4081 888 4136 11.
923 4079 1176 4151 lmpletus
1201 4091 1283 4137 est
1307 4083 1449 4136 enim
1476 4083 1669 4150 gaudio
1695 4091 1748 4136 et
1775 4085 2066 4138 exsultabit
2093 4085 2192 4154 (a).

2469 4095 2552 4150 11.
2592 4095 2952 4167 Πεπλήρωται
2979 4095 3086 4166 γὰρ
3114 4098 3304 4166 χαρᾶς,
3329 4097 3420 4148 καὶ
3446 4096 3857 4164 ἅγαλλιάσεται.

809 4173 894 4225 12.
933 4173 1081 4228 Dicet
1111 4176 1257 4229 enim
1307 4175 1407 4244 ipsi
1456 4174 1715 4229 Dominus
1746 4194 1757 4229 :
1793 4173 1958 4244 Euge,
1991 4192 2131 4230 serve
2174 4178 2300 4229 bone

2468 4186 2554 4240 12.
2595 4185 2755 4254 Λέγει
2784 4186 2893 4258 γὰρ
2928 4187 3004 4255 (4)
3050 4187 3198 4256 αὑτῷ
3226 4189 3253 4240 ὁ
3296 4188 3515 4258 Κύριος·
3549 4183 3740 4255 Εὖγε,
3787 4187 3967 4242 δοῦλε

735 4274 784 4316 et
810 4264 1004 4332 ﬁdelis,
1031 4267 1157 4334 quia
1187 4282 1342 4333 super
1364 4283 1535 4333 pauca
1559 4265 1709 4334 fuisti
1730 4266 1922 4334 ﬁdelis,
1954 4283 2112 4335 supra
2130 4267 2299 4322 multa

2399 4277 2607 4346 ἀγαθὲ,
2638 4278 2734 4331 καὶ
2768 4279 2966 4345 πιστὲ,
2998 4278 3096 4331 ἐπὶ
3128 4279 3300 4347 ὀλίγα
3322 4275 3395 4348 ἧς
3424 4279 3653 4344 πιστὸς,
3682 4278 3782 4332 ἐπὶ
3814 4284 3959 4333 πολ-

739 4364 786 4409 te
811 4357 1145 4420 constituam,
1169 4357 1310 4410 intra
1344 4358 1398 4410 in
1424 4355 1674 4428 gaudium
1703 4356 1913 4410 Domini
1945 4360 2019 4412 tui
2050 4361 2116 4414 ⁸⁷.

2398 4370 2523 4425 λῶν
2550 4385 2624 4423 σε
2666 4369 3047 4437 καταστήσω·
3090 4369 3327 4424 εἴσελθε
3371 4372 3458 4435 εις
3490 4369 3602 4437 τὴν
3634 4370 3836 4438 χαρὰν
3868 4368 3967 4424 τοῦ

2328 4484 2372 4538 D
2403 4464 2622 4530 Κυρίου
2656 4478 2793 4516 σου.

815 4534 894 4588 15.
925 4532 1040 4589 Non
1067 4537 1299 4607 amplius
1326 4536 1472 4591 enim
1507 4536 1608 4591 erit
1633 4537 1683 4591 ei
1709 4537 2076 4594 adversarius.
2328 4532 2364 4538 ⁷

2328 4532 2364 4538 ⁷
2468 4553 2553 4606 13.
2583 4552 2694 4604 υύκ
2719 4551 2799 4604 ἔτι
2833 4551 2940 4623 γὰρ
2970 4551 3148 4605 ἔσεται
3172 4554 3200 4605 6
3232 4551 3603 4622 ἀντικείμενος
3635 4551 3805 4622 αὐτῷ.

809 4625 894 4679 14.
925 4624 1180 4681 Paratum
1219 4638 1302 4686 est
1344 4643 1558 4701 semper
1587 4645 1683 4686 cor
1720 4629 1842 4701 ejus
1874 4632 1940 4686 ad
1974 4631 2294 4701 placendum

2469 4643 2554 4696 14.
2582 4642 2951 4715 Ηύτρέπισται
2996 4641 3223 4695 πάντοτε
3251 4645 3286 4712 ἠ
3337 4640 3530 4712 καρδία
3575 4640 3740 4694 αὑτοῦ
3773 4643 3860 4706 εἰς
3892 4641 3959 4712 (5)

738 4717 869 4774 Deo.
2398 4734 2753 4805 εὐαρέστησιν
2785 4731 2880 4787 τοῦ
2905 4732 3062 4788 Θεοῦ.

807 4811 892 4865 15.
922 4811 1223 4869 Perfectum
1253 4814 1587 4891 [fundatum]
1613 4827 1698 4876 est
1719 4835 1814 4877 eor
1839 4821 1957 4892 ejus
1987 4820 2041 4875 in
2061 4819 2190 4876 Deo.

2469 4825 2556 4879 15.
2605 4824 2958 4879 Τετελείωται
2994 4821 3422 4896 [τεθεμελίωται]
3463 4824 3499 4895 ἡ
3551 4823 3751 4898 καρδία
3798 4823 3958 4878 αὑτοῦ

2399 4919 2457 4970 ἐν
2484 4915 2561 4987 τῷ
2590 4915 2727 4986 Θεῷ.

801 5016 846 5047 ⁵⁸
873 5015 1058 5071 Matth.
1093 5035 1217 5085 xxv,
1249 5022 1333 5075 90.
1415 5024 1453 5054 ⁵⁷
1491 5024 1619 5081 ibid.
1650 5025 1741 5080 21.

1673 5199 1976 5267 Addenda
2008 5209 2065 5264 et
2099 5204 2470 5282 corrigenda
2506 5226 2579 5269 ex
2629 5209 2772 5272 cod.
2808 5207 3008 5270 Vatic.

801 5310 878 5381 (Ι)
911 5313 974 5364 Ἠ
995 5313 1079 5366 διὰ
1109 5317 1205 5385 τῆς
1222 5321 1589 5390 κινναοάρεως
1609 5325 1877 5394 περιέχει.

804 5383 878 5406 [cn
924 5381 962 5406 ,ν
1006 5387 1035 5406 ιε
1086 5386 1113 5406 -ι
1167 5388 1268 5406 υνρ
1351 5402 1359 5406 ,
1484 5393 1494 5403 ς
1554 5392 1588 5406 μ
1796 5395 1813 5406 ..
1885 5397 1897 5406 .
1955 5395 1997 5406 .-
2059 5397 2079 5406 ..
2407 5399 2424 5406 -

2407 5328 2966 5406 -.(1)-Ν;Η,ο,Αέγει
3013 5329 3149 5406 γᾴρ,
3179 5338 3285 5406 ciC:
3333 5326 3533 5406 N._1_2.
3569 5328 3688 5406 ob;
3719 5328 3817 5390 ἔτι,
3851 5337 3948 5382 etc.

916 5382 984 5470 .
1086 5382 1291 5470 7⁵⁷1-ἰαί.
1315 5382 1848 5470 ct_c.,"dt::éita_ot'o§,"o';
1874 5395 2161 5470 ἀνέδειξεν,
2184 5408 2291 5452 etc.
2398 5399 2424 5452 Γ

2208 5408 2291 5452 :tc.
2398 5398 2450 5452 Ν
2458 5382 2482 5452 .‘
2501 5382 2590 5452 15.
2620 5382 2978 5470 Πεπλήρωται
3137 5382 3317 5468 ’χαρᾶς
3347 5400 3439 5452 καὶ
3462 5382 3831 5466 ἁταλλιάσεωξ

803 5453 880 5535 (ιδ)
909 5453 980 5528 Ν.
1010 5456 1062 5506 8.
1105 5455 1309 5528 Κύριος
1349 5462 1376 5512 6
1417 5461 1568 5526 Θεός.
1614 5463 1683 5516 Ν.
1717 5453 1770 5519 9.
1803 5453 2028 5533 ’Ᾱγαῡὸς
2065 5453 2203 5539 ἇνῆρ
2235 5472 2292 5520 ὲν
2467 5470 2540 5538 (5)
2573 5471 2663 5532 Ei;
2697 5453 2809 5540 τήνί

730 5520 918 5594 ἁγαπῃ
949 5527 1105 5591 Bson,
1132 5537 1234 5581 etc.

801 5687 886 5776 (Et)
907 5689 1206 5776 Comment.
1238 5697 1332 5748 sub
1382 5715 1523 5752 imm.
1573 5699 1652 5761 ll,
1695 5698 2030 5776 non_lcgitur
2067 5699 2286 5776 in_cod.,
2338 5702 2424 5754 sed
2449 5709 2620 5755 exstat
2653 5700 2870 5768 inferius
2902 5698 2969 5751 ad
3015 5715 3066 5752 η.
3131 5699 3214 5768 l5,
3246 5707 3294 5752 et
3323 5698 3405 5751 hic
3449 5697 3644 5766 legitur
3677 5706 3944 5752 comment.

729 5771 786 5816 ﬂ.
821 5760 907 5824 12,
940 5773 987 5814 ct
1018 5764 1093 5818 ita
1121 5766 1360 5822 deincevs
1394 5760 1705 5836 vra-postero
1733 5760 1931 5838 ordine,
1973 5782 2024 5822 ut
2064 5760 2276 5826 videtur.
