4066 6318
95 394 262 449 1155

173 507 273 560 16.
309 503 450 567 Ἕως
477 500 537 558 οὗ
567 503 724 574 ἐπίδῃ
751 503 842 555 ὲπὶ
872 505 993 566 τοὺς
1027 503 1250 574 ἐχθροὺς
1279 502 1461 555 αὐτοῦ.

177 600 271 654 ιν.
322 598 688 669 Ἐσκόρπισεν,
722 597 882 648 ἔδωκε
929 599 1039 658 τοῖς
1072 596 1325 664 πένησιν·

179 691 274 743 18.
321 689 382 742 ’11
413 688 720 757 δικαιοσύνη
753 686 915 740 αὑτοῦ
956 687 1104 758 μένει
1148 688 1225 748 εἰς
1258 686 1348 738 τὸν
1381 685 1548 738 αἰῶνα
1582 687 1672 738 τοῦ

90 781 337 845 αἰῶνος.

173 874 275 928 19.
313 875 384 928 Τὸ
413 875 575 947 κέρας
603 874 763 926 αὑτοῦ
797 873 1140 943 ὑψωθήσεται
1175 876 1232 926 ἐν
1267 871 1413 944 δόξῃ.

168 967 274 1020 9.0.
319 967 660 1038 Ἀμαρτωλδς
692 965 898 1035 ὄψεται,
930 965 1020 1017 καὶ
1051 965 1463 1037 ὀργισθήσεται’

169 1059 274 1112 21.
302 1061 436 1121 Τοὺς
466 1059 678 1122 ὀδόντας
710 1059 870 1112 αὐτοῦ
903 1058 1106 1130 βρύξει,
1143 1059 1233 1111 καὶ
1256 1058 1583 1128 τακήσεται·

169 1150 276 1205 22.
329 1150 615 1221 Ἐπιουμία
645 1151 966 1222 ἁμαρτωλοῦ
1000 1150 1302 1205 ἀπολεῖται.

617 1242 986 1308 Ἀλ.ιίηλοίνὶ”α.
1021 1245 1177 1297 PIB’.

173 1333 230 1386 1.
269 1334 497 1395 Αἰνεῖτε,
534 1333 738 1396 παῖδες,
769 1334 968 1404 Κύριον
991 1352 1004 1364 ·

218 1466 233 1479 .
269 1427 474 1480 Αἰνεῖτε
509 1426 566 1477 τὸ
597 1425 762 1495 ὄνομα
797 1425 1019 1497 Κυρίου.

219 1559 232 1570 .
273 1517 370 1588 Eii]
405 1517 464 1569 τὸ
489 1518 657 1586 ὄνομα
681 1517 882 1588 Κυρίου
909 1517 1265 1586 εὐλογημένον

218 1647 234 1661 .
285 1609 416 1660 Ἀπὸ
445 1608 535 1661 τοῦ
567 1606 660 1661 νῦν
688 1609 778 1660 καὶ
807 1607 910 1671 ἕως
941 1608 1033 1660 τοῦ
1061 1607 1274 1670 αἰῶνος.

218 1739 233 1752 .
279 1700 410 1752 Ἀπὸ
438 1699 708 1753 ἀνατολῶν
742 1699 888 1770 ἡλίου
923 1699 1079 1770 μέχρι
1109 1699 1324 1770 δυσμῶν

218 1835 232 1845 .
269 1794 486 1846 Αἰνετον
514 1795 574 1847 τὸ
603 1795 770 1864 ὄνομα
801 1793 1024 1863 Κυρίου.

219 1926 236 1940 .
279 1885 513 1956 Ὕψηλὲις
539 1885 630 1939 ἐπὶ
659 1885 833 1938 πάντα
865 1884 931 1938 τὰ
962 1884 1084 1956 ἔθνη
1116 1885 1142 1938 6
1174 1884 1393 1954 Κύριος’

219 2016 232 2029 .
286 1976 411 2028 Ἐπὶ
437 1977 560 2040 τοὺς
591 1977 850 2049 οὐρανοὺς
880 1978 912 2047 ἡ
944 1975 1068 2039 δόξα
1100 1974 1284 2030 αὐτοῦ.

169 1424 210 1478 2

172 1517 210 1568 5

173 1607 210 1659 4

173 1698 212 1749 5

171 1793 210 1846 6

173 1884 208 1936 7

173 1975 211 2028 8

1008 389 1092 442 DE
1133 388 1408 444 TITULIS
1459 387 1902 446 PSALMORUM.
1941 417 2004 427 --
2047 386 2238 442 PSAL.
2282 385 2438 439 CXII.

1700 511 1746 566 Α
1845 502 1929 554 16.
1963 500 2143 555 Donec
2171 501 2430 571 despiciat
2464 499 2714 554 inimicos
2737 515 2888 555 suos.

3191 379 3329 440 1151

1850 595 1932 646 17.
1974 593 2250 662 Dispersit,
2276 594 2420 648 dedit
2447 594 2801 663 pauperibus:

1847 687 1931 740 18.
1955 685 2170 741 Justitia
2197 689 2313 756 ejus
2340 696 2520 740 manet
2548 687 2602 739 in
2636 685 2897 740 szcculum
2929 685 3146 743 saeculi:

1847 875 1928 929 19.
1956 873 2136 928 Cornu
2167 874 2283 943 ejus
2306 875 2626 930 cxaltabitur
2655 877 2706 931 in
2742 876 2932 948 gloria.

1843 964 1926 1018 20.
1961 963 2217 1018 Peccator
2248 965 2446 1019 videbit
2467 977 2519 1020 et
2546 969 2838 1024 irascetur:

1841 1055 1930 1106 21.
1969 1051 2228 1107 Dentibus
2262 1055 2374 1107 suis
2398 1054 2588 1110 fremet
2617 1064 2669 1111 et
2705 1061 2981 1118 tabescet:

1845 1143 1932 1197 22.
1962 1142 2294 1198 Desidet-ium
2318 1147 2614 1213 peccatoris
2635 1151 2853 1217 peribit.

2332 1235 2578 1291 Alleluia.
2617 1238 2801 1294 CXII.

1849 1327 1899 1380 1.
1932 1327 2008 1397 (α)
2037 1325 2292 1393 Laudate,
2333 1331 2509 1398 pueri,
2547 1331 2828 1388 Dominum
2858 1353 2872 1392 :

1846 1419 1900 1471 2.
1931 1419 2167 1472 Laudatc
2195 1435 2389 1475 nomen
2421 1421 2652 1478 Domini.

1847 1509 1898 1564 3.
1929 1509 2009 1562 Sit
2037 1524 2232 1564 nomen
2265 1511 2476 1567 Domini
2505 1515 2845 1574 benedictum

1846 1603 1898 1654 4.
1934 1601 2008 1657 Ex
2038 1605 2138 1659 hoc
2174 1622 2338 1668 nunc,
2371 1617 2423 1662 et
2455 1623 2624 1677 usque
2656 1609 2709 1663 in
2737 1614 3019 1672 szeculum.

1844 1695 1893 1749 5.
1922 1697 1965 1748 A
1997 1697 2124 1752 solis
2155 1709 2274 1753 ortu
2304 1716 2473 1770 usque
2501 1702 2567 1756 ad
2594 1719 2845 1760 occasum

1846 1787 1898 1841 6.
1937 1787 2230 1846 Laudabile
2257 1807 2452 1848 nomen
2477 1793 2711 1850 Domini.

1708 1887 1753 1943 Β
1852 1879 1900 1934 7.
1928 1880 2186 1938 Excelsus
2219 1899 2380 1954 super
2412 1901 2600 1942 omnes
2633 1900 2821 1958 gentes
2856 1892 3158 1953 Dominus:

1845 1970 1894 2026 8.
1939 1972 2111 2042 Super
2140 1974 2308 2029 cmlos
2339 1975 2510 2043 gloria
2538 1975 2682 2045 ejus.

176 2112 263 2179 (a)
293 2113 447 2185 Vers.
483 2117 506 2169 1
547 2124 601 2169 et
631 2115 688 2169 2.
720 2113 868 2184 Vers,
902 2119 1111 2172 unicus.
1141 2116 1294 2172 νει-ε.
1322 2117 1355 2170 5
1383 2124 1436 2170 et
1466 2117 1499 2170 4
1533 2135 1546 2170 :
1588 2117 1640 2170 in
1689 2115 1810 2170 cod.
1844 2125 1927 2169 est
1953 2116 2008 2170 2.
2038 2115 2196 2170 Vers.
2227 2119 2259 2172 5
2299 2127 2349 2172 et
2385 2117 2457 2172 6:
2510 2118 2564 2172 in
2598 2121 2716 2174 cod.
2749 2123 2802 2176 5.
2839 2122 2989 2178 Vers.
3027 2127 3058 2178 7
3089 2137 3141 2181 et
3169 2129 3201 2183 8
3231 2146 3245 2185 :
3282 2131 3338 2185 in

100 2185 236 2254 cod.
275 2184 328 2238 4.
369 2184 524 2239 Vers.
559 2187 590 2240 9
621 2204 633 2238 :
666 2186 717 2238 in
751 2191 873 2243 cod.
901 2189 952 2244 5.
990 2189 1141 2241 V’ers.
1177 2187 1243 2242 10
1270 2197 1324 2242 et
1353 2187 1410 2241 11
1447 2201 1462 2241 :
1498 2189 1551 2242 in
1589 2185 1710 2242 cod.
1749 2185 1802 2240 6.
1844 2185 1998 2241 Vers.
2027 2186 2134 2241 12:
2169 2188 2223 2244 in
2266 2190 2387 2244 cod.
2423 2190 2474 2243 7.
2507 2190 2660 2245 Vers.
2692 2193 2758 2245 15
2787 2202 2837 2248 et
2891 2196 2994 2250 14:
3045 2198 3096 2250 in
3129 2184 3248 2253 cod.
3279 2184 3334 2254 8.

105 2251 273 2308 Vers.
307 2255 374 2309 15
403 2278 414 2309 :
446 2257 498 2310 iu
533 2257 654 2312 cod.
683 2255 736 2322 9,
769 2267 824 2311 et
858 2259 938 2314 sic
967 2257 1242 2327 deinceps.

1219 2373 1590 2431 ATIIANASII
1632 2373 2231 2433 lNTERPRETATlO.

177 2493 272 2547 16.
309 2493 424 2561 Ἀφ’
449 2487 509 2546 οὗ
543 2493 649 2563 ίδῃ,
684 2493 764 2546 ὅτι
797 2494 1168 2566 παρεδόθησαν
1197 2493 1274 2564 τῷ
1301 2493 1501 2564 αἰωνίῳ
1541 2494 1674 2564 πυρὶ

101 2587 132 2637 6
168 2584 420 2648 διάϐολος
444 2586 536 2638 καὶ
564 2587 612 2637 οί
648 2585 868 2654 ἄγγελοι
898 2586 1081 2640 αὑτοῦ.

181 2677 272 2738 17,
305 2678 386 2735 18.
423 2679 496 2749 (1)
529 2680 618 2742 Ὠς
679 2680 706 2731 6
747 2679 946 2748 Κύριος
991 2677 1240 2740 πλούσιος
1263 2677 1336 2730 ὢν
1368 2675 1676 2746 ὲπτὼχευσε

105 2769 172 2822 δι’
219 2772 404 2840 ἡμᾶς,
450 2771 543 2823 καὶ
592 2770 659 2822 τὰ
703 2770 1011 2841 χαρίσματα
1056 2769 1219 2822 αὐτοῦ
1268 2768 1430 2821 ἔδωκε
1475 2771 1674 2822 πᾶσιν·

106 2861 316 2929 ὁμοίως
349 2861 440 2914 καὶ
475 2857 625 2922 οὗτος
658 2861 898 2930 ἐποίησε,
929 2863 1103 2915 πάντα
1131 2861 1219 2914 τὸν
1262 2861 1486 2913 πλοῦτον
1515 2858 1676 2914 αὑτοῦ

106 2949 341 3002 δέδωκεν
382 2953 492 3012 τοῖς
523 2949 756 3003 ἔθνεσινο
787 2951 872 3004 διὰ
914 2951 1068 3004 τοῦτο
1097 2953 1128 3020 ἡ
1173 2951 1482 3021 δικαιοσύνη
1513 2950 1674 3003 αὑτοῦ

111 3043 269 3112 μένει
297 3045 372 3106 εἰς
399 3042 490 3094 τὸν
518 3043 689 3096 αἰῶνα
714 3043 804 3096 τοῦ
838 3043 1050 3106 αἰῶνος.

182 3135 275 3188 19.
312 3132 458 3204 Ἑρεῖ
488 3134 564 3205 (2)
594 3133 739 3204 αὐτῷ
772 3136 799 3187 6
827 3133 1049 3204 Κύριος*
1082 3133 1262 3202 Δεῦρο
1290 3133 1676 3202 εὐλογημένοι

108 3224 217 3278 τοῦ
252 3226 482 3292 Πατρός
501 3243 641 3293 μου,
670 3224 1159 3294 κληρονομήσατε
1186 3224 1296 3293 τὴν
1327 3223 1679 3294 ἡτοιμασμέ-

108 3335 229 3384 νην
261 3317 400 3384 ὑμῖν
428 3318 756 3382 ,βασιλείαν
778 3319 894 3372 ἀπὸ
917 3317 1251 3385 καταϐολῆς
1285 3319 1534 3386 κόσμου.

178 3408 273 3462 20.
310 3408 365 3460 ’0
389 3408 628 3471 διάϐολος
651 3408 791 3479 ὁρῶν
816 3409 913 3479 τὴν
939 3409 1287 3461 ἀνταπόδοσιν
1307 3409 1414 3461 τῶν
1437 3408 1674 3462 δικαίων.

178 3499 273 3551 21.
305 3499 363 3550 Ὀ
383 3488 624 3561 διάϐολος
643 3501 720 3561 εἰς
743 3499 838 3569 τὴν
860 3498 1072 3552 αἰώνιον
1090 3499 1318 3570 ὑπάρχει
1342 3499 1416 3568 (5)
1435 3499 1673 3554 κόλασιν.

178 3590 276 3643 22.
311 3589 372 3642 Ἦ
396 3590 724 3662 πρόσκαιρος
753 3590 1046 3655 ἀπόλαυσις
1075 3591 1182 3662 γὰρ
1209 3591 1291 3661 (4)
1339 3590 1430 3644 τοῦ
1469 3591 1674 3661 κόσμου

112 3679 415 3734 ἀπολεῖται.

1847 2493 1936 2545 16.
1968 2492 2044 2546 Ex
2098 2510 2205 2563 quo
2236 2495 2388 2560 vidit,
2423 2496 2568 2565 quod
2608 2496 2791 2551 traditi
2834 2507 2957 2552 sunt
2989 2499 3097 2570 igni
3138 2507 3340 2556 aeterm

1775 2582 2021 2639 diabolus
2051 2595 2103 2638 et
2131 2587 2305 2655 angeli
2337 2587 2474 2656 ejus.

1848 2675 1933 2742 17,
1975 2677 2056 2731 18.
2092 2677 2555 2744 Quemadmodum
2593 2679 2878 2744 Dominus,
2913 2699 3035 2737 cum
3071 2685 3221 2739 dives
3247 2701 3338 2740 es~

1777 2775 1878 2830 set,
1906 2784 2107 2837 pauper
2137 2770 2311 2824 factus
2340 2781 2420 2823 est
2450 2783 2668 2842 propter
2697 2789 2817 2837 nos,
2845 2784 2896 2828 et
2922 2775 3064 2829 dona
3094 2791 3190 2830 sua
3216 2792 3339 2830 om-

1783 2857 1944 2910 nibus
1978 2858 2236 2925 clargitus
2263 2869 2376 2922 est;
2415 2861 2484 2914 ita
2509 2862 2669 2916 etiam
2697 2863 2796 2916 iste
2828 2863 2975 2928 fecit,
3003 2881 3189 2920 omnes
3210 2882 3340 2925 suas

1781 2945 1997 3002 divitias
2037 2948 2180 3003 dedit
2217 2952 2545 3019 pauperibus
2586 2971 2598 3006 :
2646 2962 2928 3024 propterea
2958 2954 3170 3024 justitia
3219 2956 3340 3026 ejus

1712 3052 1751 3106 ο
1782 3049 1962 3094 manet
1988 3040 2038 3093 in
2073 3042 2328 3096 szeculum
2357 3043 2560 3098 saeculi.

1853 3131 1939 3183 19.
1975 3130 2126 3185 Dicet
2175 3132 2224 3187 ei
2271 3132 2530 3189 Dominus
2566 3155 2578 3189 :
2619 3134 2816 3202 Venite,
2858 3138 3109 3194 benedicti
3158 3139 3340 3198 Pati-'3

1782 3225 1903 3286 mei,
1940 3225 2202 3292 possidete
2221 3238 2468 3293 paratum
2502 3228 2643 3283 vobis
2675 3247 2882 3296 regnum
2910 3249 2940 3284 α
2972 3235 3341 3290 constituti)";

1782 3314 1961 3368 mundi
1989 3315 2054 3371 “'.

1843 3407 1933 3462 20.
1966 3407 2219 3464 Diabolus
2245 3410 2432 3467 videns
2459 3412 2870 3469 retributionem
2897 3413 3193 3484 justorum.

1855 3499 1944 3552 21.
1981 3499 2236 3556 Diabolus
2264 3503 2318 3555 in
2351 3512 2553 3559 aeterno
2580 3507 2846 3576 supplicio
2878 3508 3109 3562 exsistit.

1849 3595 1938 3649 22.
1969 3596 2319 3668 Temporaria
2344 3603 2485 3656 enim
2521 3603 2808 3656 oblectatio
2831 3604 3018 3658 mundi
3042 3603 3255 3673 peribit.

193 3795 265 3848 Ἦ
295 3795 622 3867 προκειμένη
655 3794 929 3866 ἐπιγραφὴ
965 3795 1205 3866 περιέχει
1331 3811 1344 3825 ·
1382 3794 1756 3863 Ἀλληλούῖα,
1786 3791 1919 3862 ὅπερ
1948 3792 2084 3858 ἐστὶ,
2118 3793 2329 3847 αἱνεῖτε
2358 3794 2462 3847 τὸν
2487 3795 2628 3850 ὄντα
2657 3798 2821 3849 Θεόν.

183 3888 404 3944 Titulus
434 3888 758 3959 praepositus
783 3890 1024 3945 continet
1050 3907 1064 3942 :
1095 3887 1347 3954 Alleluia,
1379 3889 1483 3944 hoc
1509 3896 1611 3954 est,
1647 3885 1858 3941 laudate
1892 3901 2010 3937 eum
2042 3886 2132 3955 qui
2165 3885 2300 3940 Deus
2330 3896 2427 3942 est.

184 3982 241 4034 1.
277 3980 356 4048 (6)
384 3983 443 4032 Οἱ
473 3980 758 4033 ἀπόστολοι
784 3984 850 4051 τῇ
879 3981 1098 4052 καρδίᾳ.

181 4073 241 4125 2.
278 4070 680 4134 Ἀδιαλείπτως.

180 4163 238 4217 5.
269 4162 355 4214 Ἐν
378 4163 540 4215 πᾶσιν
567 4160 744 4213 ἔθνεσι
763 4176 776 4189 ο

181 4255 241 4308 4.
277 4255 383 4308 Καὶ
426 4253 604 4316 πάλιν,
635 4253 728 4322 ἀφ’
759 4245 819 4306 οὗ
847 4252 1112 4306 ἀνατείλει
1153 4251 1215 4303 τὸ
1262 4249 1376 4320 φῶς
1411 4248 1576 4303 αὐτοῦ
1621 4251 1679 4302 ὲν

1856 3979 1901 4031 1.
1930 3976 2170 4046 Apostoli
2198 3978 2381 4033 corde.

1853 4068 1907 4122 2.
1941 4067 2332 4123 ludesiuentel‘.

1849 4159 1902 4212 ὅ.
1939 4157 1994 4212 lu
2030 4160 2283 4215 omnibus
2315 4160 2604 4231 gentibus:

1849 4251 1900 4304 4.
1933 4249 1996 4304 Ει
2017 4252 2233 4317 iterum,
2257 4267 2323 4305 ex
2345 4266 2452 4319 quo
2474 4261 2659 4306 exorta
2674 4258 2756 4304 est
2782 4249 2871 4304 lux
2893 4251 3011 4320 ejus
3035 4253 3086 4307 in
3118 4269 3340 4323 munuo,

114 4345 191 4416 τῷ
222 4345 411 4416 κόσμῳ
434 4345 519 4398 διὰ
544 4345 643 4415 τῆς
668 4345 967 4415 παρουσίας
990 4343 1153 4397 αὑτοῦ
1176 4343 1271 4397 καὶ
1301 4343 1406 4405 ἓως
1428 4343 1526 4412 τῆς
1559 4359 1674 4395 συν-

1781 4353 2000 4411 propter
2039 4343 2211 4412 ipsius
2253 4344 2543 4399 adventum
2583 4353 2638 4400 et
2680 4359 2851 4412 usque
2894 4350 2958 4400 ad
2993 4363 3342 4403 consumma-

114 4437 332 4502 τελείας
351 4456 365 4470 ο

182 4531 243 4593 5,
277 4530 327 4584 6.
359 4531 466 4584 Καὶ
492 4529 649 4582 πάλιν
680 4527 786 4581 ἀπὸ
809 4527 915 4580 τῶν
935 4525 1178 4599 οὐρανῶν
1199 4526 1294 4579 καὶ⁵
1327 4525 1431 4589 ἕως
1456 4525 1554 4596 τῆς
1577 4525 1679 4595 γῆς

117 4625 318 4675 αἰνεῖτε
341 4622 400 4674 τὸ
425 4622 591 4690 ὄνομα
615 4619 845 4691 Κυρίου.

184 4715 244 4767 7.
267 4712 679 4782 Δεδοξασμένος.

181 4806 242 4862 8.
273 4807 395 4859 Ἐπὶ
422 4808 543 4870 τοὺς
573 4807 757 4874 ἁγίους
785 4806 818 4873 ἠ
845 4803 1000 4873 χάρις
1034 4801 1225 4856 αὐτοῦ.

186 4946 238 4978 ιθ
269 4943 452 5000 Matth.
483 4961 613 5012 xxv,
653 4944 748 4998 54.

1787 4432 1985 4486 tionem
2011 4453 2024 4488 :

1856 4524 1910 4590 5,
1937 4525 1994 4581 6.
2024 4523 2090 4578 Et
2123 4539 2315 4580 rursus
2343 4541 2376 4581 a
2407 4526 2557 4582 caelis
2601 4541 2776 4596 usque
2806 4529 2871 4584 ad
2903 4537 3100 4584 terram
3131 4530 3346 4585 laudate

1787 4627 1981 4669 nomen
2007 4613 2240 4668 Domini.

1859 4708 1910 4762 ‘l.
1945 4707 2310 4762 Glorilicatus.

1858 4799 1910 4854 8.
1943 4799 2116 4870 Super
2143 4809 2356 4856 sanctos
2397 4799 2568 4871 gratia
2596 4800 2733 4874 ejus.

1066 5011 1370 5072 Addenda
1407 5018 1466 5074 et
1496 5008 1864 5090 corrigenda
1899 5025 1977 5070 ex
2027 5013 2166 5068 cod.
2203 5005 2404 5069 Vatic.

186 5164 266 5234 (1)
309 5163 377 5218 Ν.
409 5165 492 5218 17.
527 5164 644 5226 Ὡς,
688 5173 814 5224 etc.,
865 5163 1094 5217 δέδωκεν
1120 5165 1310 5227 πᾶσιν,
1352 5175 1478 5224 etc..
1520 5179 1674 5234 ουτος

117 5231 368 5304 ἐποίησεν
401 5235 590 5296 οὕτως.
619 5234 815 5304 πᾷντα,
844 5247 968 5300 etc.,
998 5235 1108 5294 τοῖς
1139 5235 1360 5304 πένησιν
1393 5249 1495 5286 non
1522 5231 1670 5284 ἔθνεα

118 5323 224 5360 σιν.
261 5302 329 5357 Ν.
369 5305 450 5356 18.
488 5306 584 5356 Διὰ
607 5303 780 5365 τοῦτο,
821 5315 923 5358 etc.

188 5375 267 5444 (‘2)
311 5375 453 5444 Ἐρεί
489 5376 623 5444 γάρ,
671 5385 798 5435 etc.,
847 5377 876 5426 6
916 5374 1272 5444 εὐλογημένος
1316 5371 1409 5424 τοῦ
1459 5371 1670 5442 Πατρός

120 5464 244 5517 μου,
279 5445 510 5517 ἀπόλαϐε
541 5447 657 5515 τήν,
686 5453 790 5498 etc.

187 5516 263 5585 (5)
300 5516 604 5585 ’Υπὰρχων.

188 5583 265 5656 (θ)
301 5586 410 5656 rd?
432 5583 483 5638 (ξι
515 5583 1023 5656 ἀπολεῖταιίᾶθειιηι.

189 5651 266 5740 15)
310 5651 478 5740 ἰιᾷιέι
503 5655 600 5722 τῆς
626 5655 986 5740 κξνναιβάρεως
1004 5670 1162 5740 ,περσι
1189 5660 1316 5715 etC»
1339 5651 1473 5723 ὅπερ
1498 5652 1673 5722 ἑρμη-

120 5725 329 5782 νεύεται
357 5725 623 5786 αἰνέσατε,
653 5725 925 5795 ὑμνήσατε
958 5725 1070 5795 τόν.
1091 5734 1192 5778 etc.

191 5765 727 5864 ἱὸἱᾝῗίῗόιῗὲιὲῗ
739 5765 925 5850 1νῖἲῖ
939 5765 1350 5861 ’.ὶὲἔλξζζήτως.
1392 5791 1464 5846 Ν.
1493 5793 1544 5848 5.
1584 5794 1671 5845 Ἐν

1780 5163 1942 5213 πᾶσιν
1973 5158 2210 5210 ἔθνεσιν·
2246 5156 2337 5208 καὶ
2364 5155 2563 5217 ζπάλιν,
2598 5156 2671 5222 ἀφ
2715 5171 2775 5206 ου
2818 5151 3092 5222 ἀνατεῖλαι
3117 5149 3348 5222 τόκοιο.⁹

1778 5245 1948 5298 usque
1979 5229 2047 5298 ad,
2067 5228 2126 5278 τὸ
2146 5226 2312 5298 ὄνομα
2342 5227 2564 5298 Κυρίου.
2595 5218 2751 5276 Deest
2771 5221 3165 5298 δεδοξασμένος.
3293 5219 3347 5298 ξ,

1778 5300 1831 5352 in
1864 5288 1986 5352 i‘ud.
2024 5297 2077 5348 4.
2126 5288 2249 5348 Ἑπῖ
2278 5296 2400 5356 τοὺς
2432 5288 2668 5363 ’ἁγίους,
2707 5304 2809 5347 etc.
2834 5291 2918 5363 ΑΝ.
3050 5291 3099 5363 in
3143 5290 3262 5363 cod.

1777 5369 1870 5431 Τίς
1899 5371 2041 5419 ἐστιν
2073 5365 2242 5427 οὕτως
2275 5357 2687 5435 φιλάνορὶυποςς
2725 5363 2793 5435 Ν.
2825 5361 2908 5420 10,
2942 5361 3025 5435 11.
3055 5361 3104 5412 iu
3138 5357 3346 5435 cud._6,

1780 5429 1917 5500 Ὅτι,
1953 5450 2053 5490 etc.
2099 5436 2164 5490 Ν,
2203 5429 2294 5496 11,
2325 5436 2374 5486 iu
2420 5429 2540 5487 cdd.
2767 5432 2868 5493 ὢν,
2905 5429 3216 5500 αὑτὸςᾼκαζ
3259 5429 3351 5500 ἐπὶ

1775 5509 1874 5577 τῆς
1903 5497 2021 5576 γῆς.
2063 5505 2130 5578 Ν).
2169 5507 2249 5557 15.
2433 5506 2492 5578 iu
2532 5506 2650 5578 cod.
2701 5504 2752 5578 8.
2797 5504 2876 5578 '1),
2911 5498 3120 5578 e_tg._i_V.
3156 5497 3349 5578 15,.iu

1777 5567 1993 5632 οτίι⁷ι.’9ζ
2022 5577 2148 5628 Τοῦ.
2178 5587 2279 5628 etc.
2317 5574 2386 5626 Ν.
2434 5575 2516 5637 16,
2568 5576 2618 5626 iu
2652 5574 2768 5626 cod.
2820 5573 2902 5623 10.
2938 5572 3087 5622 Μετὰ
3118 5568 3224 5620 τῶν
3250 5567 3350 5634 ἀγ-

1777 5649 2088 5716 γέλων,‹ειο.
2126 5645 2193 5698 Ν.
2235 5645 2316 5704 17,
2354 5645 2404 5697 in
2433 5646 2550 5696 cod.
2583 5643 2672 5716 1|.
2707 5643 2815 5712 Τὴν
2837 5639 3189 5716 Ἐκκλησίαν,
3220 5645 3348 5702 etc.,

1775 5709 1872 5788 την
1907 5721 1963 5771 τ),
2012 5717 2289 5788 πρότερον,
2342 5726 2469 5773 etc.,
2527 5709 2881 5776 πίστεωςεὶς
2925 5709 3196 5781 βασιλείαν
3230 5723 3346 5761 σου.

1784 5782 1853 5843 Ν.
1890 5791 1971 5854 13,
2009 5782 2065 5842 iu
2095 5782 2214 5842 cod.
2249 5785 2332 5839 12.
2367 5786 2496 5851 Τήν,
2536 5796 2639 5840 etc.
