4066 6318
122 358 280 414 1157

202 476 259 527 6.
301 476 357 527 '0
393 473 657 545 Ἰορδάνης
688 475 931 546 ἐστράφη
966 475 1047 537 εἰς
1071 476 1139 528 τά
1171 475 1364 528 ὀπίσω.

205 567 258 619 7.
294 565 371 617 Τὰ
396 565 494 635 ὅρη
522 567 846 635 ἐσκίρτησαν
876 566 1007 619 ὡσεὶ
1043 568 1221 637 κριοί·

200 658 260 711 8.
298 659 403 710 Καὶ
431 661 477 710 οι
516 658 693 727 βουνοὶ
723 659 797 722 ὡς
830 660 990 731 ἀρνία
1026 660 1332 731 προϐάτων.

199 748 258 802 9.
289 750 351 800 Τί
388 750 468 801 σοί
493 751 630 811 ἐστι,
668 750 936 812 θάλασσα,
965 752 1047 803 ὅτι
1081 751 1280 820 ἔφυγες
1306 770 1319 817 ;

202 842 293 894 10.
324 841 431 893 Καὶ
464 842 548 903 σὺ,
595 841 852 911 Ἰορδάνη,
886 844 965 895 ὅτι
1001 844 1274 915 ἐστράφης
1302 846 1381 907 εἰς
1404 845 1471 899 τὰ
1502 846 1708 909 ὀπίσως

202 927 291 979 11.
322 926 401 981 Τά
426 928 547 999 ὅρη,
572 929 651 981 ὅτι
680 932 1043 1002 ἐσκιρτήσατε
1073 934 1204 987 ὡσεὶ
1239 935 1411 1005 κριοῖς

199 1019 290 1072 12.
326 1020 431 1073 Καὶ
464 1022 511 1072 οἱ
550 1021 729 1090 βουνοὶ
759 1023 835 1085 ὡς
862 1024 1025 1093 ἀρνία
1056 1026 1345 1095 προϐάτων
1372 1045 1385 1091 ς
1572 1030 1585 1060 ι

205 1113 289 1164 15.
332 1112 462 1165 Ἀπὸ
489 1114 781 1183 προσώπου
814 1116 1020 1187 Κυρίου
1051 1118 1316 1189 ἐσαλεύθη
1352 1121 1383 1189 ἡ
1420 1120 1511 1191 γῆ,

199 1204 289 1256 14.
332 1205 460 1257 Ἀπὸ
496 1204 789 1275 πρὼσοπου
816 1207 907 1259 τοῦ
936 1208 1069 1261 Θεοῦ
1107 1210 1298 1263 Ἰακώϐ
1320 1226 1333 1239 ·

196 1296 283 1350 15.
307 1297 410 1350 Τοῦ
437 1298 765 1367 στρέψαντος
793 1300 891 1371 τὴν
922 1301 1127 1372 πέτραν
1152 1305 1231 1366 εἰς
1252 1303 1447 1373 λίμνας
1469 1305 1701 1369 ὑδάτων,

195 1389 284 1442 16.
317 1390 423 1444 Καὶ
451 1392 551 1461 τὴν
578 1392 882 1463 ἀκρόωμον
913 1395 992 1457 εἰς
1025 1395 1204 1465 πηγὰς
1237 1396 1466 1453 ὑδάτων.

195 1482 282 1533 17.
314 1483 403 1553 Μὴ
436 1485 585 1553 ἡμῖν,
614 1483 809 1553 Κύριε,
851 1483 925 1555 μὴ
951 1487 1103 1556 ἡμῖν,

194 1575 281 1627 18.
324 1574 461 1627 Ἀλλ’
486 1577 519 1646 ἢ
553 1574 629 1646 τῷ
657 1577 884 1647 ὀνόματί
912 1596 1003 1631 σου
1030 1580 1118 1642 δὸς
1144 1579 1323 1644 δόξαν.

195 1666 284 1719 19.
324 1667 443 1719 Ἐπὶ
475 1666 553 1737 τῷ
585 1668 724 1721 ἐλέει
756 1686 850 1722 σου
881 1670 973 1722 καὶ
998 1673 1061 1741 τῇ
1089 1672 1317 1742 ἀληθείᾳ
1352 1690 1443 1727 σου
1464 1689 1477 1701 ·

189 1751 283 1805 20.
321 1755 542 1825 Μήποτε
590 1755 785 1809 εἴπωσι
833 1757 902 1810 τὰ
946 1758 1074 1829 ἔθνη
1102 1776 1116 1791 θ
1166 1761 1276 1813 Ποῦ
1328 1764 1475 1815 ἐστιν
1507 1764 1535 1814 ὁ
1568 1762 1699 1827 Θεὸς

107 1844 303 1898 αὐτῶν
328 1862 339 1909 ;

1041 356 1126 409 DE
1166 356 1325 413 TITU
1378 355 1439 411 IS
1475 355 1924 412 PSALMORUM.
1968 389 2037 400 ——
2076 357 2269 412 PSAL.
2313 360 2496 416 CXIII.

3251 368 3393 429 1158

1740 486 1783 540 Α
1881 478 1933 538 6.
1971 477 2223 535 Jordanis
2250 495 2550 537 conversus
2591 494 2672 538 est
2718 493 3035 541 retrorsum.

1892 569 1941 623 7.
1984 569 2192 626 Montes
2221 573 2630 628 exsultaverunt
2663 585 2718 629 ut
2746 577 2944 631 arietes
2980 596 2993 629 :

1892 660 1946 714 8.
1987 659 2053 714 Et
2084 662 2249 716 colles
2282 663 2425 716 sicut
2454 665 2578 733 agni
2611 666 2814 722 ovium.

1887 751 1938 805 9.
1977 752 2114 817 Quid
2150 762 2234 808 est
2265 756 2385 821 tibi,
2422 772 2591 821 mare,
2635 761 2780 828 quod
2812 760 3033 831 fugisti?

1890 843 1973 898 10.
2013 844 2073 897 Et
2102 857 2178 911 tu,
2202 846 2472 915 Jordanis,
2491 852 2615 919 quia
2642 869 2939 911 conversus
2961 873 3018 911 es
3036 868 3329 914 retrorsum
3354 859 3377 913 ?

1889 934 1975 990 11.
2018 936 2252 1003 Montes,
2275 941 2400 1009 quia
2438 945 2757 999 exsultastis
2781 948 2921 1002 sicut
2947 950 3176 1005 arietes?

1887 1028 1973 1080 12.
2009 1028 2073 1080 Et
2098 1032 2259 1086 colles
2295 1034 2437 1088 sicut
2472 1036 2597 1106 agni
2627 1038 2849 1092 avium?

1887 1119 1969 1172 15.
2014 1122 2055 1171 Α
2090 1121 2225 1177 facie
2256 1123 2470 1180 Domini
2510 1139 2653 1182 mota
2686 1138 2770 1184 est
2804 1140 2969 1199 terra,

1886 1209 1969 1263 14.
2010 1213 2052 1263 Α
2079 1211 2215 1268 facie
2242 1214 2332 1270 Dei
2367 1216 2536 1273 Iacob
2560 1239 2574 1276 :
2598 1254 2611 1260 -

1884 1303 1968 1357 15.
2018 1304 2120 1370 Qui
2164 1312 2427 1364 convertit
2462 1323 2669 1381 petram
2728 1315 2780 1368 in
2836 1325 3025 1388 stagna
3090 1335 3379 1389 aquarum,

1884 1394 1968 1448 16.
2012 1396 2074 1450 Et
2105 1415 2291 1467 rupem
2327 1404 2376 1455 in
2413 1402 2590 1459 fontes
2633 1423 2920 1477 aquarum.

1882 1487 1968 1545 17.
2011 1486 2127 1543 Non
2164 1494 2343 1558 nobis,
2382 1494 2627 1561 Domine,
2665 1517 2773 1554 non
2811 1503 2992 1571 nobis,

1880 1573 1965 1633 18.
2008 1582 2111 1637 Sed
2138 1587 2345 1639 nomini
2376 1595 2467 1642 tuo
2498 1590 2565 1644 da
2600 1592 2849 1657 gloriam.

1879 1673 1964 1726 19.
2007 1673 2181 1745 Super
2228 1680 2600 1738 misericordia
2632 1695 2721 1740 tua
2754 1698 2806 1740 et
2837 1690 3062 1745 veritate
3098 1699 3187 1746 tua
3218 1710 3231 1745 :

1875 1768 1969 1823 20.
2013 1770 2305 1842 Nequando
2354 1776 2541 1833 dicant
2584 1793 2792 1850 gentes,
2845 1784 2935 1838 ubi
2969 1795 3051 1840 est
3087 1786 3229 1841 Deus
3282 1803 3374 1842 eo-

1730 1854 1777 1910 B
1807 1874 1925 1913 rum
1951 1861 1975 1913 ?

1244 2008 1623 2065 ATHANASII
1667 2011 2252 2078 INTERPRETATIO.

186 2152 247 2207 6.
288 2152 345 2206 '0
368 2155 441 2223 (1)
483 2156 747 2227 Ἰορδάνης
774 2157 1134 2228 ἑρμηνεύεται
1168 2160 1240 2229 τῇ
1273 2161 1539 2231 ἐσχάτῳ·
1566 2164 1699 2235 πλῆ-

105 2250 211 2308 θος
245 2242 335 2299 οὖν
367 2248 473 2299 τῶν
519 2248 687 2303 ἐθνῶν
726 2249 1069 2323 ἀνεχώρησεν
1119 2254 1228 2306 ἀπὸ
1274 2255 1371 2325 τῆς
1417 2255 1699 2311 εἰδωλολα-

102 2335 337 2401 τρείας,
373 2337 464 2388 καὶ
500 2333 628 2406 ἦλθε
662 2339 797 2409 πρὸς
828 2339 918 2392 τὸν
951 2341 1009 2407 ἐξ
1046 2342 1221 2413 ἀρχῆς
1252 2346 1561 2417 Δεσπότην,
1604 2351 1698 2402 καὶ

104 2436 189 2495 Δη
201 2428 460 2498 μιουργὸν
488 2429 716 2499 Ἰησοῦν.

186 2516 244 2571 7.
289 2520 351 2571 Οἱ
386 2523 660 2593 προφῆται
703 2523 1028 2593 ἀγάλλονται
1078 2529 1171 2580 καὶ
1218 2529 1309 2582 ἐπὶ
1350 2532 1416 2603 τῇ
1470 2532 1544 2601 (‘2)
1581 2533 1699 2586 ἐπι-

107 2612 327 2681 στροφῇ
356 2611 462 2664 τῶν
488 2613 655 2668 ἐθνῶν
682 2630 695 2645 ·

186 2699 243 2754 8.
264 2703 373 2755 Καὶ
400 2706 447 2755 οἱ
473 2706 535 2757 ἐκ
552 2707 661 2757 τῶν
684 2708 974 2778 προφητῶν
995 2711 1392 2778 ἀνατείλαντες,
1420 2716 1696 2770 τουτέστιν

101 2792 159 2845 οἱ
196 2793 481 2847 ἀπόστολοι
510 2795 697 2872 ῶσπερ
724 2800 771 2851 οἱ
801 2799 977 2869 βουνοὶ
1003 2804 1066 2856 ἐκ
1093 2804 1200 2857 τῶν
1223 2805 1414 2876 ὀρέων.

186 2887 242 2941 9.
276 2886 339 2938 Τί
372 2889 452 2940 σοί
478 2890 624 2943 ἐστιν
648 2933 663 2958 ,
706 2892 1117 2967 εἰδωλολατρεία
1136 2936 1150 2961 ,
1180 2898 1262 2951 ὄτι
1290 2898 1490 2968 ἔφυγες
1510 2940 1524 2964 ,
1558 2901 1696 2974 ὅπερ

106 2978 208 3028 ἐπὶ
239 2978 341 3031 τῶν
376 2982 668 3052 προφητῶν
699 2984 798 3037 οὑκ
825 2986 1114 3058 ἐποίησας;

185 3069 277 3123 10.
312 3072 420 3123 Καὶ
449 3073 604 3143 ὑμεῖς
623 3116 637 3139 ,
673 3076 742 3128 τά
786 3077 913 3150 ἔθνη
944 3080 1139 3146 πάντα,
1167 3082 1248 3135 ὅτι
1279 3084 1551 3157 ἀπέστητε
1586 3086 1697 3142 ἀπὸ

104 3164 211 3233 τῆς
242 3162 524 3218 εἰδωλολατ
532 3184 587 3239 ρε
598 3168 677 3233 ίας
700 3186 714 3234 ;

184 3256 275 3310 11.
294 3258 402 3310 Καὶ
428 3258 603 3329 ὑμεῖς,
627 3263 675 3314 οἱ
698 3265 995 3336 προφῆται,
1021 3268 1101 3321 ὅτι
1131 3268 1301 3332 οὕτως
1324 3269 1653 3338 ἀγαλλιᾶσθε
1677 3290 1691 3337 ;

183 3350 271 3403 12.
308 3349 537 3421 Ὁμοίως
581 3356 673 3407 καὶ
716 3357 893 3429 ὑμεῖς,
935 3361 983 3412 οἱ
1007 3362 1069 3413 ἐκ
1098 3362 1205 3413 τῶν
1230 3364 1525 3434 προφητῶν
1554 3364 1692 3418 ἀπό-

106 3438 316 3501 στολοι,
356 3441 408 3491 τί
440 3440 612 3505 οὕτως
636 3446 888 3514 χαίρετε;

184 3530 275 3582 13.
319 3531 482 3602 Ὀμοῦ
527 3533 584 3586 δὲ
618 3535 816 3600 πάντες
870 3540 1349 3617 ἁποκρίνονται’ή
1394 3543 1493 3616 μὲν
1538 3546 1689 3600 εἰδω-

102 3621 395 3693 λολατρεία
415 3626 816 3701 ἀποδυρομένη,
835 3631 906 3684 τὰ
932 3632 987 3685 δέ
1019 3633 1166 3706 ἔθνη,
1192 3635 1285 3690 καὶ
1319 3638 1367 3691 οἱ
1390 3638 1686 3710 προφῆται,

102 3717 203 3769 καὶ
234 3720 281 3770 οἱ
314 3720 599 3775 ἀπόστολοι
632 3724 911 3794 χαίροντες
945 3726 1163 3798 βοῶσιν,
1186 3732 1289 3797 ὅτι,
1314 3733 1571 3803 ὀφθέντος
1593 3736 1687 3791 τοῦ

102 3809 248 3862 Θεοῦ
277 3813 368 3863 ἐπὶ
408 3815 504 3884 τῆς
536 3814 660 3885 γῆς,
692 3818 893 3883 πάντες
935 3823 1302 3895 μετετέθησαν
1335 3828 1415 3890 εὶς
1443 3827 1541 3900 τὴν
1572 3831 1688 3883 ἐπί-

101 3918 312 3969 γνωσιν
342 3906 531 3961 αὑτοῦ.

181 3994 269 4048 14.
301 3995 431 4048 Ἀπὸ
457 3996 557 4067 τῆς
586 4000 885 4069 παρουσίας
905 4002 998 4056 τοῦ
1027 4004 1162 4058 Θεοῦ
1195 4009 1562 4078 κηρυχθέντος

116 4084 333 4139 Ἰακὼό
359 4087 465 4157 γὰρ
501 4090 864 4160 ἑρμηνεύεται
891 4094 1069 4163 ἀκοή.

180 4177 269 4232 15.
316 4179 419 4231 Τοῦ
482 4182 880 4251 μεταϐαλόντος
937 4185 1013 4256 (ι)
1068 4186 1165 4259 τὴν
1210 4187 1413 4259 λιθίνην
1455 4191 1684 4261 καρδίαν

103 4270 219 4323 τῶν
243 4270 410 4325 ἐθνῶν
440 4276 518 4337 εἰς
541 4276 639 4347 τὴν
666 4277 825 4348 χάριν
846 4297 856 4308 ·
877 4278 1138 4345 Δυνατὸς
1158 4281 1267 4349 γάρ
1288 4283 1457 4335 ἐστιν
1473 4287 1505 4337 ὁ
1520 4284 1682 4351 Θεὸς,

107 4362 289 4427 καθὼς
318 4360 468 4419 εἶπεν
488 4365 792 4439 [Ἰωάννης,
819 4371 1026 4443 ἐγεῖραι
1046 4371 1232 4444 τέκνα]
1258 4373 1359 4445 υἱῷ
1377 4390 1390 4404 ·
1412 4376 1683 4445 Ἐγειρον

103 4454 289 4507 τέκνα
317 4454 392 4520 τῷ
424 4458 667 4529 Ἀϐραὰμ
695 4461 763 4514 ἐκ
791 4460 908 4514 τῶν
928 4463 1114 4517 λίθων
1137 4465 1384 4518 τούτων.

176 4546 267 4603 16.
310 4549 417 4601 Καὶ
460 4552 556 4621 τὴν
603 4553 975 4625 σκληροτάτην
1008 4555 1187 4610 αὑτῶν
1226 4556 1466 4612 διάνοιαν
1501 4561 1583 4623 εις
1613 4559 1681 4614 τά

102 4636 415 4712 χᾶρίσματα
442 4644 625 4699 αὑτοῦ.

176 4734 261 4787 17.
291 4736 401 4806 Οὐχ
425 4738 500 4790 ὅτ’
527 4738 667 4805 ἄξιοί
699 4741 889 4813 ἐσμεν,
913 4741 1070 4796 τοῦτο
1102 4742 1182 4815 (5)
1210 4743 1469 4814 ἐποίησας
1494 4746 1533 4807 ’3

1867 2171 1919 2224 6.
1960 2169 2213 2225 Iordanis
2257 2173 2643 2245 interpretatur
2674 2180 2727 2231 iu
2767 2192 3000 2238 extremo
3028 2199 3046 2236 :
3074 2188 3369 2243 multitudo

1801 2262 1967 2334 igitur
2002 2264 2239 2334 gentium
2277 2269 2504 2324 secessit
2541 2270 2611 2323 ab
2656 2272 2985 2339 idololatria,
3022 2289 3075 2332 et
3119 2283 3267 2335 venit
3300 2284 3367 2335 ad

1798 2355 2081 2425 antiquum
2119 2355 2429 2426 Dominum,
2457 2372 2511 2417 et
2540 2360 2852 2421 Creatorem
2880 2366 3087 2424 Jesum.

1870 2535 1921 2591 7.
1963 2535 2246 2609 PrOphetae
2313 2540 2591 2596 exsultant
2666 2543 2829 2598 etiam
2884 2546 2940 2599 in
3006 2549 3367 2607 conversione

1798 2629 2071 2699 gentium:

1866 2719 1919 2777 8.
1962 2721 2027 2776 Et
2059 2723 2152 2792 qui
2179 2739 2245 2778 ex
2288 2725 2565 2795 prophetis
2611 2726 2716 2781 orti
2767 2736 2915 2794 sunt,
2970 2729 3075 2784 hoc
3102 2740 3189 2785 est
3234 2746 3367 2801 apo-

1797 2812 1918 2867 stoli
1953 2813 2093 2867 sicut
2126 2814 2294 2868 colles
2332 2829 2399 2868 ex
2430 2817 2730 2871 montibus.

1868 2904 1921 2958 9.
1962 2903 2101 2970 Quid
2152 2913 2236 2959 est
2276 2906 2393 2969 tibi,
2423 2907 2746 2974 idololatria,
2784 2909 2927 2979 quod
2976 2908 3183 2982 fugisti,
3218 2913 3366 2983 quod

1795 2996 1899 3052 sul)
1925 2997 2202 3066 pmphetis
2234 3014 2343 3053 non
2389 2999 2563 3055 fecisti
2587 3001 2612 3054 ?

1867 3086 1954 3140 10.
1998 3086 2062 3141 Et
2094 3104 2213 3156 vos,
2255 3100 2440 3160 gentes
2474 3108 2685 3159 omnes,
2733 3094 2878 3163 quod
2915 3095 3259 3153 abscessistis
3296 3101 3366 3153 ab

1796 3178 2098 3233 idololatria
2123 3180 2146 3233 ί

1870 3271 1957 3325 11.
2001 3270 2068 3326 Ει
2097 3288 2216 3334 vos,
2240 3274 2537 3345 prophetae,
2572 3277 2718 3347 quod
2749 3279 2883 3334 adeo
2912 3282 3261 3338 exsultastis?

1870 3364 1955 3418 12.
1996 3363 2257 3422 Similiter
2300 3369 2462 3423 etiam
2508 3385 2624 3435 vos,
2660 3372 2753 3441 qui
2798 3387 2863 3427 ex
2912 3376 3191 3443 prophetis
3231 3376 3364 3431 estis

1718 3454 1763 3514 C
1796 3456 2049 3525 apostoli,
2080 3472 2177 3510 cur
2206 3458 2279 3511 ita
2321 3460 2609 3527 gaudetis?

1861 3547 1948 3601 15.
1993 3546 2167 3601 Simul
2214 3564 2404 3604 omnes
2457 3551 2831 3620 respondent:
2888 3555 3190 3611 idololatria
3237 3558 3361 3627 qui-

1788 3636 1912 3693 dem
1962 3638 2301 3705 lamentans,
2359 3651 2545 3711 gentes
2602 3656 2807 3705 autem,
2855 3654 2911 3699 et
2964 3648 3259 3716 pr0plieta3,
3309 3659 3362 3703 et

1788 3730 2021 3800 apostoli
2070 3732 2367 3803 gaudentes
2425 3732 2685 3801 clamant,
2742 3735 3026 3805 quoniam,
3067 3748 3361 3807 apparento

1789 3823 1901 3879 Deo
1952 3825 2005 3879 in
2043 3834 2207 3889 terra,
2242 3841 2431 3881 omnes
2478 3828 2726 3883 translati
2759 3838 2887 3884 sunt
2930 3830 2984 3884 in
3020 3830 3139 3901 ejus
3173 3830 3361 3900 cogni-

1788 3916 2010 3969 tionem.

1860 4006 1947 4058 14.
1982 4005 2064 4059 Ab
2094 4006 2325 4060 adventu
2356 4005 2472 4073 Dei,
2507 4007 2599 4077 qui
2638 4010 2991 4064 annuntiatus
3020 4018 3145 4066 est:
3188 4009 3355 4066 Iacob

1786 4097 1931 4150 enim
1975 4098 2365 4168 interpretatur
2395 4100 2621 4155 auditio.

1859 4189 1946 4243 15.
1995 4188 2097 4256 Qui
2151 4201 2479 4247 transmutat
2543 4192 2755 4264 lapidea
2800 4195 3041 4265 gentium
3086 4197 3250 4251 corda
3300 4197 3355 4252 in

1786 4284 2013 4350 gratiam
2052 4300 2061 4332 :
2098 4282 2359 4348 Quoniam
2392 4295 2570 4352 potens
2604 4296 2680 4339 est
2707 4286 2869 4352 Deus,
2901 4290 3357 4357 quemadmodum

1784 4372 2179 4430 dixitJoannes
2205 4418 2219 4442 ,
2262 4378 2520 4430 suscitare
2565 4378 2706 4447 ﬁlios
2747 4380 3015 4433 Abraham
3059 4383 3121 4434 de
3160 4383 3357 4451 lapidi-

1786 4467 1880 4519 bus
1914 4467 2032 4519 istis
2072 4467 2139 4521 "’.

1857 4557 1942 4611 16.
1989 4556 2052 4612 Et
2080 4557 2431 4614 durissimam
2450 4560 2667 4616 illarum
2697 4571 2932 4619 mentem
2960 4564 3015 4619 in
3044 4565 3163 4635 ejus
3186 4565 3352 4621 dona.

1854 4738 1941 4795 17.
1982 4736 2100 4793 Non
2134 4739 2261 4809 quia
2293 4756 2393 4795 nos
2424 4742 2572 4813 digni
2603 4742 2799 4807 simus,
2825 4744 2929 4798 hoc
2957 4743 3135 4799 fecisti
3168 4760 3184 4796 :

176 4826 263 4881 18.
307 4800 442 4882 Ἀλλ’
474 4832 559 4884 ἴνα
575 4800 805 4905 δοξασθῇ
832 4800 893 4889 τό
921 4800 1231 4907 ὅνομάὶσόυ,
1256 4837 1337 4890 ὅτι
1354 4800 1669 4909 ’φιλάνθρω-

1853 4830 1939 4886 18.
1983 4829 2089 4886 Sed
2129 4800 2190 4887 ut
2237 4800 2565 4903 glorificet'ur
2610 4852 2807 4891 nomen
2859 4844 3037 4903 tuum,
3093 4837 3351 4908 quoniam

104 4935 205 4983 πος
234 4918 327 4973 καὶ
358 4921 604 4994 ἐλεήμων
636 4920 703 4980 εἷ.

173 5011 259 5066 19.
296 5012 393 5067 Διά
423 5014 482 5066 τὺ
514 5016 660 5080 ἔλεός
690 5034 783 5070 σου
809 5019 903 5072 καὶ
930 5019 1027 5091 τὴν
1055 5020 1312 5092 ἀλήθεάιν
1348 5037 1463 5075 σου.

168 5104 261 5159 20.
292 5104 405 5159 Ἵνα
440 5106 514 5178 μὴ
547 5112 926 5181 καυχήσωνται
950 5114 1005 5165 αἱ
1032 5113 1267 5167 ἐναντίαι
1297 5114 1554 5185 δυνάμεις
1575 5112 1670 5169 λέ-

101 5213 294 5264 γουσαι
313 5212 326 5225 ·
356 5196 465 5250 Ποῦ
497 5200 643 5252 ἐστιν
668 5203 697 5254 ὁ
721 5201 852 5265 Θεὸς
878 5205 906 5255 ό
939 5204 1167 5274 ποιήσας
1200 5203 1398 5269 αὑτούς
1423 5221 1437 5271 ;

168 5331 218 5363 δ’
246 5331 434 5388 Matth.
464 5349 548 5400 ιιι,
593 5337 647 5393 0.

1774 4923 2041 4994 benignus
2073 4932 2125 4979 et
2162 4926 2477 4981 misericors
2527 4943 2606 4983 es.

1845 5017 1931 5072 19.
1953 5016 2179 5088 Propter
2198 5018 2621 5075 misericordiam
2644 5029 2789 5077 tuam
2807 5032 2859 5078 et
2878 5023 3153 5079 veritatem
3181 5031 3350 5081 tuam.

1841 5110 1932 5166 20.
1973 5108 2051 5165 Ne
2094 5110 2396 5182 glorientur
2447 5113 2773 5170 adversariae
2818 5126 3114 5185 potestates
3161 5117 3350 5173 dicen-

1772 5212 1854 5258 tes
1881 5222 1895 5258 :
1929 5203 2021 5257 ubi
2051 5212 2135 5259 est
2159 5203 2301 5259 Deus
2331 5205 2425 5275 qui
2463 5202 2591 5261 fecit
2616 5206 2749 5263 eos?

1049 5434 1351 5496 Addenda
1387 5443 1447 5497 et
1478 5432 1855 5513 corrigenda
1898 5449 1977 5494 ex
2012 5434 2153 5495 cod.
2189 5435 2393 5496 Vatic.

105 5566 569 5701 “parum;
612 5569 970 5644 ἑρμηνεύεται
1016 5578 1085 5650 γῆ
1134 5582 1357 5654 ἐσχάτη.
1413 5586 1484 5639 Τδ
1532 5581 1669 5653 πλῆ-

166 5703 250 5846 ξῖζ
291 5706 670 5784 ’Λγαλλιῶνται
699 5712 789 5765 ἐπὶ
816 5717 902 5785 τῇ,
929 5724 1033 5773 ctc.

194 5775 227 5829 5
281 5774 386 5828 Του
418 5780 798 5846 κηρυχθέντος.

194 5774 250 5845 5)
281 5774 386 5828 Τοῦ
418 5794 485 5848 κη
494 5780 798 5848 ρυχοέντος.

1775 5645 1953 5719 καθὼς
1984 5645 2135 5700 εἶπεν
2173 5651 2453 5719 Ἰωάννης’
2496 5645 2590 5707 Ἐκ
2626 5645 2732 5706 τῶν

1773 5718 2060 5792 ραι-’τέρα
2085 5719 2162 5792 τῷ
2196 5718 2465 5792 Ἀϐραάμ.

1852 5574 1927 5645 (-1)
1960 5578 2400 5645 Μεταόάλλοντος
2421 5622 2435 5645 ,
2469 5592 2599 5647 etc.,
2633 5583 2730 5664 τῂν
2768 5583 2925 5707 χάθριν
2978 5582 3178 5649 αὑτοῦ,
3214 5594 3347 5647 etc.,

1852 5645 1953 5707 θὼς
1984 5645 2135 5700 εἶπεν
2173 5651 2453 5707 Ἰωάννης’
2496 5654 2589 5707 Ἐκ
2626 5670 2732 5706 των
2808 5657 2821 5707 ί
2859 5673 2932 5707 ων
2965 5652 3171 5707 τούτων
3204 5656 3347 5707 ἐγεῖ-

2808 5652 2932 5709 ίθων
2965 5652 3171 5709 τούτων
3204 5656 3347 5723 ἐγεῖ-

1844 5786 1920 5857 (5)
1952 5772 2167 5859 Ἐσμὲν,
2208 5772 2537 5861 mhi-"691
2557 5796 2636 5848 ὅτι
2662 5794 2801 5861 ἄξιοί
2828 5794 3213 5867 “nuncii-.0,
3234 5804 3342 5850 etc.
