4110 6318
703 325 839 382 1159

771 443 861 495 21.
909 439 1049 496 Deus
1079 450 1256 494 autem
1302 449 1486 493 noster
1511 439 1566 492 in
1609 440 1748 493 caelo
1781 449 1836 494 et
1874 441 1926 494 in
1961 449 2124 503 terra,

773 533 863 586 22.
907 531 1101 586 Omnia
1130 545 1470 602 quacunque
1505 531 1675 585 voluit
1700 531 1844 586 fecit.

772 627 861 679 23.
905 625 1206 680 Simulaera
1236 625 1476 695 gentium
1507 633 1792 693 argentum
1835 633 1889 678 et
1923 638 2138 689 aurum,

771 719 860 772 ΕΗ.
905 717 1079 787 Opera
1112 733 1370 772 manuum
1408 717 1713 771 hominum.

771 812 858 864 25.
902 810 976 864 Os
1012 811 1228 872 habent,
1271 819 1323 863 et
1353 824 1462 862 non
1499 810 1834 878 loquentur:

776 905 866 957 26.
910 903 1110 958 Oculos
1144 903 1362 966 habent,
1391 911 1581 957 etnon
1613 901 1896 955 videbunt.

767 997 855 1047 ‘27.
902 997 1073 1048 Aures
1103 996 1326 1059 habent,
1359 1004 1414 1048 et
1442 1010 1548 1048 non
1583 993 1805 1047 audient
1835 1011 1847 1045 :

766 1086 854 1139 28.
897 1084 1064 1140 Nares
1093 1087 1312 1153 habent,
1345 1095 1529 1141 etnon
1563 1085 1888 1138 odorabunt.

767 1179 856 1232 29.
897 1178 1086 1233 Manus
1123 1179 1342 1243 habent,
1388 1187 1442 1233 et
1471 1194 1576 1232 non
1606 1178 1903 1248 palpabunt
1932 1195 1943 1229 :

777 1272 862 1326 50.
901 1272 1069 1327 Pedes
1095 1273 1313 1336 habent,
1342 1281 1396 1326 et
1426 1288 1535 1326 non
1563 1272 1924 1327 ambulabunt
1952 1290 1963 1322 :

769 1365 857 1419 5|.
889 1363 1001 1416 Non
1035 1364 1348 1418 clamabunt
1382 1365 1434 1417 in
1472 1373 1693 1434 gutture
1725 1378 1847 1417 suo.

768 1458 854 1510 52.
892 1455 1108 1511 Similes
1140 1457 1246 1510 illis
1281 1456 1407 1510 ﬁant
1434 1455 1644 1528 (Neque
1670 1455 1814 1509 enim
1841 1463 1924 1509 est
1955 1453 2178 1523 spiritus
2216 1453 2268 1505 in

699 1566 791 1603 ore
817 1551 1060 1619 ipsorum
1088 1569 1101 1605 :
1133 1550 1337 1604 similes
1370 1549 1589 1602 illorum
1621 1547 1773 1618 liant]
1809 1547 1902 1616 qui
1933 1544 2145 1600 faciunt
2185 1561 2267 1609 ea,

769 1749 857 1801 55.
889 1747 953 1803 Et
979 1763 1172 1802 omnes
1211 1747 1303 1816 qui
1330 1745 1608 1800 conﬁdunt
1648 1745 1702 1797 in
1736 1743 1816 1797 eis

767 1843 855 1895 54.
891 1841 1092 1894 Domus
1124 1838 1288 1894 Israel
1329 1838 1566 1908 speravit
1594 1838 1646 1891 in
1677 1835 1948 1889 Domino:

769 1937 859 1991 35.
893 1935 1120 2004 Ailjutor
1153 1944 1206 1988 et
1243 1941 1517 2002 preteetor
1546 1945 1738 1984 eorum
1767 1937 1869 1983 est.

1541 323 1599 379 S.
1641 321 2009 376 ATHANASII
2050 322 2200 380 OPP.
2242 321 2421 377 PARS
2461 323 2546 376 lll.
2591 355 2657 364 —-
2691 324 3097 379 EXEGETIL‘A.

3839 327 3957 385 1160

2298 448 2340 502 Α
2439 441 2526 493 21.
2572 442 2628 490 ’0
2654 441 2707 493 δὲ
2734 441 2864 504 Θεὸς
2895 443 3050 512 ἡμῶν
3079 445 3134 494 ἐν
3163 442 3240 512 τῷ
3259 444 3472 514 οὐρανῷ
3507 445 3601 499 καὶ
3627 449 3685 498 ἐν
3716 451 3778 516 τῇ

2441 534 2531 586 2'2.
2571 535 2755 586 Πάντα
2784 536 2883 587 ὅσα
2915 535 3174 604 ἠθέλησεν
3204 537 3446 606 ἐποίησε.

2442 625 2530 678 23.
2563 625 2641 677 Τὰ
2664 625 2854 678 εἴδωλα
2879 626 2985 678 τῶν
3012 626 3180 677 ἐθνῶν
3209 628 3470 700 ἀργύριον
3512 630 3606 682 καὶ
3641 632 3888 702 χρυσίω,

2442 717 2530 770 24.
2564 718 2738 788 Ἔργα
2772 717 2968 787 χειρῶν
2997 718 3318 788 ἀνθρώπων.

2441 811 2533 864 25.
2569 811 2750 880 Στὸμα
2783 811 2983 881 ἔχουσι,
3018 813 3110 865 καὶ
3141 814 3198 864 οὑ
3232 813 3553 885 λαλήσουσιν
3578 834 3591 846 ’

2442 904 2530 956 2G.
2571 902 2907 972 ’(ὶφθαλμοὺς
2945 905 3146 974 έχουσι,
3180 907 3275 958 καὶ
3304 909 3401 958 οὑκ
3426 908 3671 976 ὄψονται.

2442 997 2528 1050 27.
2558 993 2695 1048 Ὦτα
2724 995 2924 1065 ἔχουσι,
2955 997 3046 1049 καὶ
3075 997 3173 1050 οὑκ
3203 997 3526 1050 ἀκούσονται
3547 1015 3560 1027 ·

2442 1089 2528 1142 28.
2567 1090 2745 1151 Ῥῖνας
2779 1087 2979 1157 ἔχουσι,
3010 1089 3102 1141 καὶ
3136 1090 3237 1142 οὑκ
3268 1090 3762 1161 ὀσφρανθήσονται.

2443 1183 2529 1236 29.
2564 1183 2764 1254 Χεῖρας
2788 1182 2989 1253 ἔχουσι,
3019 1184 3112 1235 καὶ
3137 1183 3198 1234 οὑ
3225 1183 3636 1254 ψηλαφήσουσι·

2442 1275 2528 1329 50.
2565 1275 2736 1338 Πόδας
2763 1274 2967 1345 ἔχουσι,
2994 1275 3086 1328 καὶ
3113 1277 3173 1328 οὑ
3207 1280 3702 1347 περιπατήσουσιν

2442 1367 2530 1420 51.
2559 1368 2632 1420 Οὑ
2663 1368 3000 1438 φωνήσουσιν
3030 1369 3086 1420 ἐν
3112 1367 3190 1437 τῷ
3219 1367 3452 1439 λάρυγγι
3488 1369 3690 1422 αὑτῶν.

2442 1461 2529 1514 52.
2585 1461 2798 1530 ’Ὅμοιοι
2860 1460 3042 1522 αὑτοῖς
3096 1459 3335 1526 γένοιντο
3406 1458 3578 1530 [Οὐδὲ
3647 1461 3760 1530 γάρ
3810 1463 3949 1511 ἐστιν

2373 1553 2589 1624 πνεῦμα
2627 1554 2683 1605 ἐν
2709 1553 2786 1622 τῷ
2822 1553 3047 1622 στόματι
3086 1551 3267 1604 αὑτῶν
3287 1568 3298 1580 °
3336 1553 3513 1622 ὅμοιοι
3542 1554 3727 1606 αὑτῶν
3757 1555 3946 1620 γένων-

2372 1646 2489 1716 ται]
2525 1648 2573 1698 οἱ
2606 1645 2882 1708 ποιοῦντες
2917 1645 3084 1709 αὑτὰ,

2442 1739 2531 1792 55.
2570 1739 2678 1790 Καὶ
2714 1738 2912 1800 πάντες
2941 1739 2989 1790 οἱ
3020 1736 3334 1799 πεποιθότες
3360 1738 3446 1788 ἐπ’
3479 1738 3686 1799 αὐτοῖς.

2300 1848 2342 1901 Β
2438 1829 2525 1884 σι.
2565 1825 2722 1892 Οἶκος
2773 1828 2990 1898 Ἰσραὴλ
3018 1828 3247 1899 ἤλπισεν
3275 1828 3368 1882 ἐπὶ
3395 1826 3602 1896 Κύριον
3624 1843 3636 1854 ·

2444 1923 2528 1976 ⁸55.
2557 1921 2755 1993 Βοηθὸς
2789 1923 2881 1974 καὶ
2904 1919 3314 1994 ὑπερασπιστὴς
3343 1920 3524 1974 αὑτῶν
3551 1923 3718 1974 ἐστιν.

1821 2102 2194 2160 ATHANASII
2237 2100 2823 2158 INTERPRETATIO.

768 2273 953 2329 21-25.
995 2271 1234 2326 Avaritia
1266 2269 1410 2325 enim
1441 2267 1714 2340 gentiliter
1763 2263 2058 2317 viventium
2092 2261 2266 2315 idolo-

697 2367 851 2421 latria
900 2374 1002 2430 est,
1033 2361 1490 2433 quemadmodum
1532 2357 1669 2413 dixit
1701 2355 1996 2426 Apostolus
2032 2354 2099 2406 ⁵ο.
2132 2353 2265 2419 Qua:

697 2467 878 2512 autem
905 2455 1048 2509 dicta
1076 2461 1205 2506 sunt
1236 2450 1302 2506 de
1323 2450 1482 2505 idolis
1513 2446 1798 2507 manifesta
1833 2445 2086 2500 omnibus
2112 2451 2260 2506 sunt,

696 2549 842 2618 quod
887 2548 1119 2601 formam
1158 2544 1380 2614 quidem
1428 2543 1650 2605 habent,
1702 2539 1850 2593 nulla
1899 2548 2079 2590 autem
2123 2537 2264 2589 inest

696 2641 938 2711 operatio
969 2641 1020 2693 in
1053 2637 1337 2699 membris,
1369 2647 1422 2688 et
1453 2649 1539 2698 ea,
1568 2648 1690 2702 qua:
1725 2632 1980 2686 dicuntur
2010 2629 2063 2682 in
2094 2644 2262 2698 appo-

697 2734 802 2787 sito
827 2731 1038 2801 psalmo
1069 2729 1134 2783 de
1159 2729 1226 2782 iis
1254 2727 1344 2797 qui
1381 2726 1469 2780 illa
1501 2724 1726 2787 faciunt,
1761 2723 1842 2777 vel
1868 2723 1920 2776 in
1956 2721 2063 2775 illis
2091 2721 2262 2776 conli-

697 2824 852 2887 dunt,
879 2822 1162 2878 verissima
1193 2830 1353 2883 sunt;
1383 2818 1474 2874 sed
1507 2816 1833 2872 conveniens
1860 2814 2009 2879 duxi,
2032 2814 2260 2867 descen-

697 2917 825 2971 dere
861 2915 928 2969 ad
967 2913 1303 2984 allegoriam,
1344 2919 1398 2965 et
1447 2909 1674 2980 singulis
1712 2907 1962 2960 versibus
1993 2904 2262 2974 subjicere

697 3002 972 3072 propriam
1001 3001 1324 3055 sententiam
1353 3014 1547 3053 sensus
1578 2997 1873 3067 allegorici.

761 3180 852 3236 24.
884 3180 1031 3251 Opus
1070 3179 1632 3250 concupiscentiarum
1680 3175 1961 3229 hominum
2009 3181 2094 3228 est
2132 3187 2261 3226 ava-

694 3271 841 3325 ritia.

756 3364 850 3418 25.
892 3361 1111 3417 Nullum
1159 3362 1302 3417 enim
1355 3361 1559 3416 bonum
1616 3367 1905 3429 loquentur
1961 3366 2258 3429 gaudentes

694 3455 961 3525 pecuniis.

2438 2259 2625 2314 2l-25.
2660 2259 2738 2328 (Ι)
2778 2258 2844 2311 Ἦ
2877 2258 2987 2330 γὰρ
3033 2258 3365 2332 φιλαργυρία
3394 2260 3502 2314 τῶν
3538 2261 3778 2324 ἐθνικῶς
3807 2261 3941 2325 ζών-

2373 2365 2480 2401 των
2503 2348 2912 2418 εἰδωλολατρεία
2945 2348 3090 2412 ἐστὶ,
3121 2349 3303 2414 καθὼς
3343 2347 3495 2404 εἶπεν
3527 2355 3553 2404 ὁ
3609 2353 3944 2413 Ἀπόστειλος.

2369 2440 2449 2493 Τὰ
2472 2440 2528 2492 δὲ
2561 2440 2821 2510 εἰρημένα
2853 2441 2979 2509 περὶ
3018 2440 3127 2493 τῶν
3158 2441 3387 2495 εἰδώλων
3423 2443 3558 2512 δῆλα
3593 2446 3767 2497 πᾶσίν
3798 2449 3944 2502 εἰσιν,

2368 2531 2447 2583 ὃτι
2493 2532 2812 2601 χαρακτῆρα
2864 2532 2960 2601 μέν
3005 2531 3251 2602 ἔχουσιν,
3302 2533 3554 2605 ἐνέργεια
3601 2536 3660 2587 δὲ
3716 2538 3947 2606 μηδεμία

2370 2623 2600 2693 ὑπάρχει
2635 2622 2693 2673 ἐν
2723 2624 2836 2683 τοῖς
2869 2621 3178 2692 λεγομένοις
3216 2623 3430 2694 μέλεσιν
3462 2625 3561 2694 (2),
3601 2628 3699 2678 καὶ
3754 2629 3788 2696 ἡ
3819 2629 3944 2678 απο-

2367 2728 2530 2781 φασις
2561 2710 2616 2763 δὲ
2655 2713 2688 2781 ἠ
2723 2712 2987 2782 εἰρημένη
3030 2715 3086 2765 ἐν
3113 2714 3188 2783 τῷ
3219 2716 3561 2787 προκειμένῳ
3588 2717 3798 2788 ψαλμῷ
3830 2719 3949 2791 περὶ

2365 2805 2472 2856 τῶν
2506 2805 2806 2857 ποιούντων
2850 2804 3021 2868 αὑτὰ,
3065 2807 3158 2858 καὶ
3187 2808 3310 2878 περὶ
3351 2808 3458 2860 τῶν
3491 2810 3835 2863 πεποιθότων
3869 2812 3946 2862 ἐπ’

2366 2897 2553 2958 αὑτοῖς
2584 2896 2781 2966 ἀληθὲς
2813 2896 3081 2967 ὑπάρχει·
3115 2898 3250 2952 ἀλλὰ
3280 2899 3484 2953 δίκαιον
3516 2902 3822 2972 ἡγησάμην
3861 2906 3947 2956 καὶ

2366 2988 2463 3043 ἐπὶ
2502 2990 2602 3061 τὴν
2643 2989 2969 3062 ἁλληγορίαν
3009 2990 3204 3056 ἐλθεῖν,
3231 2993 3343 3046 ’καὶ
3387 2993 3655 3063 ὑποθῆναι
3701 2997 3945 3058 ἑκάστοις

2368 3083 2569 3150 στίχοις
2606 3083 2680 3152 (5)
2714 3083 2772 3134 τὸ
2805 3082 2933 3135 ῐδιον
2967 3083 3144 3153 νόημα
3173 3085 3271 3154 τῆς
3302 3085 3557 3156 θεωρίας.

2433 3175 2468 3227 2
2481 3176 2522 3226 ι.
2534 3175 2709 3243 Ἔργα
2725 3175 3024 3244 ἐπιθυμιῶν
3048 3176 3346 3244 ἀνθρώπων
3363 3179 3552 3248 ἐστὶνὴ
3579 3180 3941 3252 φιλαργυρία.

2432 3356 2528 3410 25.
2562 3355 2726 3408 Οὐδὲν
2752 3355 2859 3427 γὰρ
2891 3355 3093 3424 ἀγαθὸν
3127 3355 3448 3427 λαλήσουσιν
3484 3356 3560 3428 (4)
3588 3360 3638 3410 οἱ
3667 3362 3785 3423 τοῖς
3816 3362 3947 3430 χρή-

2363 3466 2496 3518 μασι
2524 3449 2828 3518 χαίροντες.

763 3548 854 3601 26.
886 3546 1167 3616 Tanquam
1196 3560 1301 3599 non
1329 3543 1588 3599 habentes
1616 3541 1807 3598 oculos
1833 3543 1899 3596 ad
1925 3558 2113 3598 eorum
2146 3559 2259 3614 per-
2286 3556 2328 3611 ο

2430 3541 2520 3598 26.
2569 3542 2656 3603 Ὠς
2701 3541 2775 3611 μὴ
2805 3540 3018 3612 ἔχοντες
3054 3542 3162 3613 γὰρ
3197 3542 3510 3613 ὀφθαλμοὺς
3553 3546 3698 3600 κατᾶ
3729 3551 3799 3617 τῇ
3826 3549 3947 3599 ἑαυ-

692 3639 951 3692 «Ιίιίοιιειη
976 3636 1408 3707 progredientur.

757 3730 844 3786 27.
877 3728 994 3784 Non
1018 3731 1162 3783 enim
1188 3727 1571 3782 auscultabunt
1595 3726 1880 3796 praeceptis
1907 3725 2023 3781 Dei.

760 3907 846 3962 28.
887 3908 1005 3961 Non
1039 3907 1181 3961 enim
1217 3907 1535 3977 beneplaciti
1584 3906 1675 3961 Dei
1725 3912 2016 3978 participes
2067 3919 2256 3964 erum.

761 3999 850 4054 29.
877 3998 990 4053 Νοιι
1015 4000 1160 4053 enim
1189 3999 1861 4068 exquisiveruntinvenire
1876 4011 2086 4071 portam
2113 4006 2253 4068 vitae,

692 4093 796 4145 hoc
831 4101 914 4146 est
948 4091 1260 4147 Dominum.

761 4182 850 4238 50.
892 4182 1346 4238 Claudicaverunt
1402 4184 1585 4251 enim,
1645 4199 1930 4255 perversas
1968 4197 2254 4242 seauentes

690 4271 809 4326 tias
841 4274 892 4325 in
919 4272 1221 4327 actionibus
1247 4274 1383 4328 suis.

761 4365 847 4418 5|.
886 4363 1003 4417 Non
1044 4365 1374 4419 invocabunt
1402 4365 1717 4421 Dominum.

765 4455 852 4509 52.
890 4454 1150 4510 Peribunt
1172 4473 1277 4511 non
1314 4473 1472 4515 secus
1500 4476 1564 4516 ac
1597 4464 1859 4532 pecunize,
1886 4465 1978 4533 qui
2011 4480 2103 4519 eas
2131 4465 2247 4519 the-

692 4548 988 4602 saurizant.

759 4641 844 4694 55.
880 4640 943 4694 Ει
977 4657 1165 4696 omnes
1195 4644 1248 4696 in
1291 4645 1534 4712 pecuniis
1568 4659 1862 4716 sperantes.

758 4731 847 4785 54.
879 4731 1052 4788 Mente
1078 4744 1254 4788 autem
1284 4736 1451 4790 Deum
1483 4738 1726 4794 videntes
1755 4749 2106 4809 speraverunt
2138 4755 2245 4796 non

691 4821 742 4874 in
774 4825 1035 4891 pecuniis,
1071 4827 1162 4880 sed
1197 4826 1249 4879 in
1283 4825 1529 4882 Domino.

755 4917 846 4972 55,
881 4916 946 4972 Et
986 4918 1106 4972 ideo
1144 4919 1416 4975 confortat
1444 4937 1559 4984 eos,
1592 4923 1894 4994 iisdemque
1924 4925 2205 4996 prospicit.

758 5114 804 5146 “
831 5114 1041 5175 Coloss.
1079 5134 1161 5182 tu,
1198 5120 1249 5173 5.

2361 3633 2467 3686 τῶν
2495 3632 2741 3702 ἀπωλείᾳ.
2771 3632 2848 3701 (5)
2885 3633 3264 3704 πορεύσονται.

2428 3726 2516 3779 27.
2553 3725 2627 3776 υὺ
2662 3725 2768 3794 γὰρ
2801 3725 3149 3778 ὑπακούσωσι
3196 3728 3308 3789 τοῖς
3365 3726 3459 3779 τοῦ
3501 3727 3640 3780 Θεοῦ
3695 3732 3943 3799 προστά-

2361 3834 2584 3887 γμασιν.

2427 3910 2517 3962 28.
2549 3909 2622 3961 Οὑ
2665 3909 2774 3980 γὰρ
2801 3909 2898 3980 τῆς
2923 3907 3168 3971 εὐδοκίας
3195 3907 3288 3960 τοῦ
3310 3908 3444 3962 Θεοῦ
3489 3909 3565 3978 (6)
3597 3911 3942 3980 μετέχουσρ).

2425 4001 2515 4055 29.
2542 4002 2614 4052 Οὑ
2638 4000 2746 4071 γὰρ
2769 4000 3099 4072 ἐξεζήτησαν
3119 4001 3299 4070 εὑρεῖν
3332 4001 3428 4073 τὴν
3452 4002 3620 4075 θύραν
3639 4003 3743 4072 τῆς
3771 4005 3943 4074 ζωῆς,

2356 4091 2604 4144 τουτέστι
2634 4092 2726 4144 τὸν
2758 4091 2962 4162 Κύριον
2998 4091 3099 4160 (7).

2424 4185 2512 4238 50.
2555 4183 2865 4255 Ἑχὼλαναν
2913 4185 3020 4257 γὰρ
3064 4185 3499 4256 διεστραμμένας
3539 4185 3688 4250 ὁδοὺς
3737 4203 3943 4258 ττορευ·

2356 4273 2540 4338 θέντες
2565 4279 2620 4328 ἐν
2647 4279 2762 4340 ταῖς
2796 4277 3058 4348 πράξεσιν
3089 4277 3284 4330 αὐτῶν.

2424 4367 2510 4420 5|.
2549 4369 2621 4419 υὺ
2656 4369 2731 4439 μὴ
2759 4369 3172 4421 ἐπικαλέσονται
3197 4369 3287 4420 τὸν
3319 4367 3542 4440 Κύριον.

2423 4461 2510 4514 52.
2545 4463 2797 4516 Ἔσονται
2843 4461 3013 4525 οὑτως
3043 4461 3402 4533 ἀπολλύμενοι
3448 4463 3524 4526 ὡς
3569 4462 3637 4515 τὰ
3667 4465 3939 4536 χρήματα

2353 4554 2400 4604 οἱ
2435 4551 2851 4622 θησαυρίζοντες
2881 4554 3037 4606 αὑτά.

2422 4646 2508 4699 55.
2545 4647 2654 4698 Kal.
2684 4647 2883 4708 πάντες
2911 4649 2957 4699 οἱ
2990 4645 3297 4710 ἐλπίζοντες
3327 4647 3420 4699 ἐπὶ
3448 4648 3557 4710 τοῖς
3586 4647 3864 4717 χρήμασι.

2421 4738 2509 4793 54.
2532 4737 2609 4810 (8)
2642 4741 2703 4790 0‘.
2731 4738 2786 4791 δὲ
2825 4742 2889 4810 τῇ
2920 4739 3126 4808 διανοίᾳ
3159 4737 3292 4790 Θεὸν
3313 4736 3546 4808 ὁρῶντες
3570 4738 3816 4808 ἡλπισαν
3839 4743 3936 4794 οὐκ

2352 4829 2442 4881 ἐπὶ
2477 4831 2750 4899 χρήμασιν
2770 4870 2783 4892 ,
2815 4829 2926 4882 ἀλλ’
2958 4828 3048 4880 ἐπὶ
3079 4827 3299 4898 Κύριον.

2425 4921 2511 4974 55.
2551 4924 2661 4974 Καὶ
2690 4924 2764 4992 (9)
2794 4923 2882 4976 διὰ
2929 4921 3086 4974 τοῦτο
3130 4921 3366 4992 ἐνισχύει
3399 4920 3596 4984 αὑτοὺς
3619 4961 3634 4985 ,
3665 4938 3760 4974 και
3798 4921 3932 4992 πρό-

2277 5029 2329 5086 Ῑ)
2353 5032 2499 5067 νοιαν
2527 5014 2704 5068 αὑτῶν
2739 5019 2990 5068 ποιεῖται.

1626 5240 1927 5303 Addenda
1959 5252 2018 5305 et
2055 5243 2428 5325 corrigenda
2465 5265 2545 5309 ex
2571 5248 2710 5309 cod.
2753 5249 2956 5312 Vatic.

863 5393 911 5447 Ν
945 5393 1156 5476 2|..2‘2.
1186 5396 1328 5476 tot}:
1355 5396 1485 5476 Θεὸς
1516 5400 1670 5476 ἡμῶν
1717 5403 1809 5476 καὶ
1849 5404 1953 5476 πρὸ
1980 5405 2076 5474 τῆς
2107 5422 2245 5476 παρ-

682 5465 869 5542 ουσίας
901 5466 1090 5542 αὑτοῦ.
1128 5469 1217 5519 καὶ
1248 5470 1392 5542 ἐν-τῇ
1412 5465 1698 5542 (napo-J55;
1728 5465 2112 5539 αὐτοῦ’πάντα,
2141 5465 2241 5529 ὅσα

683 5535 1246 5616 -ὴθέλιτιιτενἐποίησενζ
1278 5535 1462 5592 Νζ25.
1505 5535 1567 5592 Ἦ
1597 5535 1703 5613 γὰρ
1734 5544 2065 5616 φιλαργυρία
2085 5535 2108 5610 ,’
2131 5557 2237 5603 etc.

754 5606 830 5672 (2)
854 5608 905 5657 Μ
912 5606 1082 5658 έλεσιν
1113 5608 1304 5661 αὑτῶν.

861 5676 1174 5752 ΙῌΙαραθῆναι
1207 5679 1416 5751 ἑκάστῳ
1449 5681 1630 5752 στίχῳ,

754 5743 829 5813 (4)
863 5743 1036 5798 Λαλοῦ
1045 5743 1144 5803 σίν.

2421 5408 2498 5478 (5)
2532 5411 2642 5480 Τῆς
2671 5409 2880 5464 ἑαυτῶν
2911 5409 3194 5473 ἀπωλείας.

2423 5482 2496 5548 (6)
2528 5482 2765 5544 Εὑωδίας
2798 5481 2891 5533 τοῦ
2923 5480 3184 5552 Χριστοῦ.

2421 5552 2499 5621 (7)
2531 5553 2782 5622 Χριστόν.

2421 5620 2496 5692 (8)
2523 5620 2596 5674 Ν.
2625 5624 2711 5685 55,
2742 5621 2827 5676 δι.
2862 5622 2924 5673 οε
2955 5620 3011 5672 δέ.
3041 5629 3146 5676 etc.

2423 5693 2496 5762 (9)
2528 5693 2635 5747 Kal
2669 5709 2776 5748 non
2807 5692 3018 5762 legitur.
