4066 6318
108 391 265 446 1165

185 510 283 562 14.
316 510 436 561 Ὅτι
473 507 671 579 Κύριος
699 508 1026 578 εὐηργέτησε
1056 524 1133 558 σε.

187 603 282 654 15.
309 602 425 653 Ὅτι
454 599 682 664 ἐξείλετο
711 599 977 669 [ἐξήλατοι
1014 599 1110 666 τὴν
1142 598 1319 667 ψυχήν
1356 615 1454 666 μου
1490 599 1552 649 ἐκ
1584 595 1682 648 θα-

99 711 287 745 ναῖον
309 712 322 724 ³

189 785 283 835 16.
325 785 462 846 Τοίις
495 781 799 851 ὀφθαλμούς
829 800 929 851 μου
953 782 1059 834 ἀπδ
1081 782 1330 852 δακρύων
1351 799 1363 811 ’

183 876 282 927 17.
325 877 430 927 Καὶ
457 875 580 937 τοὺς
612 874 778 935 πόδας
811 891 910 943 μου
944 874 1050 926 dum
1073 874 1456 944 ὀλισθήματος.

181 964 278 1018 18.
322 965 674 1035 Εὖαρεστήσω
702 962 925 1015 ἐνώπιον
945 964 1149 1034 Κυρίου
1182 966 1238 1016 ὲν
1269 962 1420 1035 χώρα
1443 963 1658 1029 ζώντων

541 1055 913 1119 Ἄλληυῗοίνῒα.
955 1057 1102 1108 ΨΛΛ
1115 1094 1127 1107 .
1160 1058 1237 1108 ΡΙ
1243 1059 1316 1108 E'.

183 1145 240 1198 1.
271 1146 609 1208 Ἐπίστευσα,
646 1146 723 1197 διὸ
757 1146 1022 1216 ἐλάλησα·

179 1238 243 1290 2.
274 1237 410 1306 Ἐγὼ
439 1238 494 1289 δὲ
526 1239 892 1310 ἐταπεινώθην
933 1238 1156 1309 σφόδρα.

181 1328 240 1381 3.
272 1327 409 1396 Ἐγὼ
434 1328 487 1380 δὲ
518 1324 644 1381 εἶπα
677 1331 732 1381 ὲν
761 1333 825 1399 τῇ
857 1330 1108 1383 ἐκστάσει
1145 1346 1245 1400 μου
1267 1345 1278 1356 ·
1326 1331 1438 1392 Πᾶς
1477 1330 1682 1386 ἄνθρω-

100 1433 211 1477 πος
231 1414 493 1486 ψεύστης.

175 1506 236 1558 4.
262 1507 326 1558 Τί
356 1506 715 1560 ἀνταποδώσω
739 1507 814 1577 τῷ
846 1507 1032 1577 Κυρίῳ
1051 1509 1178 1578 περὶ
1204 1510 1442 1574 πάντων,
1468 1494 1542 1565 ὧν
1556 1511 1681 1562 άντ-

95 1613 131 1647 t:
142 1597 360 1650 πέδωκέ
401 1615 489 1667 μοι
515 1614 529 1662 ;

172 1691 234 1743 Si.
283 1692 540 1760 Ποτήριον
581 1691 843 1760 σωτηρίου
883 1691 1156 1762 λήψομαι·

173 1783 228 1835 6.
280 1783 388 1835 Καὶ
416 1781 478 1835 τὸ
513 1782 679 1851 ὄνομα
706 1783 908 1853 Κυρίου
945 1784 1360 1855 ὲπικαλέσομαι.

175 1873 232 1927 7.
279 1874 387 1936 Τὰς
431 1873 593 1942 εὐχάς
635 1891 737 1943 μου
784 1874 861 1944 τῷ
909 1875 1099 1946 Κυρίῳ
1135 1876 1397 1929 ἀποδώσω
1442 1877 1675 1932 ἐναντίον
1710 1857 1751 1912 Β

95 1963 313 2026 παντὸς
344 1964 435 2015 τοῦ
463 1963 590 2015 λαοῦ
619 1965 800 2017 αὑτοῦ.

171 2051 232 2102 8.
273 2050 459 2121 Τίμιος
509 2052 745 2106 ἐναντίον
792 2054 998 2124 Κυρίου
1035 2056 1064 2108 6
1103 2056 1330 2122 Θάνατος
1361 2059 1469 2113 τῶν
1514 2060 1674 2113 ὁσίων

95 2157 296 2194 αυτου.

1011 390 1097 444 DE
1131 390 1403 445 Tl'l'ULlS
1445 389 1885 446 PSALMORUM.
1928 421 1990 432 —
2030 389 2223 445 PSAL.
2261 387 2421 444 CXV.

3213 383 3346 440 1166

1854 507 1940 560 11.
1975 505 2109 571 Quia
2135 503 2397 558 Dominus
2425 501 2689 556 benel'eeit
2717 502 2835 556 tibi.

1857 597 1940 650 15.
1970 595 2106 661 Quia
2134 595 2328 664 eripuit
2353 595 2586 647 animam
2621 609 2793 647 meam
2823 594 2886 646 dc
2921 600 3128 650 morte:

1854 770 1939 824 16.
1969 769 2168 824 Oculos
2195 785 2344 823 meos
2367 783 2395 821 a
2433 769 2707 837 lacrymis.

1855 862 1941 914 17.
1975 860 2037 912 Et
2065 862 2225 929 pedes
2266 875 2415 914 meos
2442 875 2472 913 a
2501 871 2677 928 lapsu.

1855 953 1941 1005 18.
1980 952 2205 1007 l‘lacebo
2234 951 2459 1004 Domino
2501 952 2554 1004 in
2584 953 2800 1019 regione
2836 952 3095 1007 rivorum.

2205 1043 2451 1097 Alleluia.
2483 1041 2604 1095 PSA
2617 1042 2660 1095 L
2718 1042 2810 1095 CX
2829 1042 2888 1096 ιν.

1857 1138 1904 1189 1.
1934 1132 2170 1197 Credidi,
2214 1146 2432 1204 propter
2457 1135 2600 1204 quod
2627 1135 2838 1187 loculus
2869 1150 2986 1187 sum

1848 1229 1904 1280 2.
1938 1227 2049 1296 Ego
2081 1237 2259 1280 autem
2294 1227 2619 1280 humiliatus
2649 1241 2768 1278 sum
2808 1225 2985 1278 nimis.

1852 1321 1904 1375 '5.
1936 1320 2044 1390 Ego
2076 1319 2182 1373 dixi
2218 1319 2268 1371 in
2320 1334 2544 1373 excessu
2580 1334 2697 1370 meo
2725 1333 2738 1368 :
2775 1316 2961 1369 Omnis
2995 1316 3154 1370 homo
3183 1331 3336 1371 men-

1785 1412 1906 1465 dax.

1852 1504 1903 1556 4.
1938 1502 2075 1568 Quid
2107 1502 2399 1556 retribuam
2433 1501 2663 1555 Domino
2689 1516 2783 1569 pro
2811 1500 3064 1554 omnibus
3106 1513 3226 1569 quae
3252 1514 3338 1554 re-

1807 1596 1970 1650 ribuit
2004 1596 2132 1648 mihi
2156 1595 2176 1647 ?

1853 1689 1905 1742 5.
1935 1688 2169 1741 Calicem
2208 1688 2459 1741 salutaris
2498 1688 2796 1756 accipiam:

1851 1778 1902 1832 6.
1938 1778 2001 1831 Et
2030 1795 2224 1832 nomen
2257 1779 2464 1831 Domini
2501 1781 2778 1834 invocabo.

1853 1867 1902 1920 7,
1949 1864 2083 1919 Vota
2125 1884 2237 1920 mea
2290 1868 2516 1920 Domino
2556 1871 2772 1923 reddam
2821 1885 3001 1924 coram
3050 1869 3192 1922 onmi
3235 1886 3330 1938 po-

1781 1960 1906 2026 pulo
1935 1960 2073 2027 ejus.

1850 2052 1901 2106 8.
1951 2052 2195 2108 Pretiosa
2246 2056 2296 2108 in
2337 2067 2626 2124 conspectu
2673 2054 2881 2108 Domini
2932 2068 3077 2109 IIIUI'S
3119 2067 3334 2110 sancto-

1782 2165 1901 2201 rum
1939 2150 2078 2217 ejus.

1221 2284 1583 2340 ATIIANASII
1622 2284 2215 2341 INTERPRETA'I‘IO.

172 2437 263 2488 14.
295 2436 414 2488 Ὀτι
446 2435 534 2488 τὸν
562 2435 787 2490 πλοῦτον
824 2437 986 2492 αὐτοῦ
1015 2437 1304 2509 ἐχαρίσατό
1340 2459 1439 2494 σοι.

171 2529 264 2580 15.
289 2530 428 2591 Ὀτι,
449 2530 724 2594 ἀπελάσας
748 2531 842 2596 τὰς
860 2533 1104 2596 ἐναντίας
1128 2533 1385 2597 δυνάμεις
1406 2537 1496 2588 ἀπ’
1517 2534 1670 2605 ἐμοῦ,

95 2619 393 2672 ἀπέσπασέ
430 2637 495 2689 με
529 2622 623 2673 ἀπ’
658 2623 858 2676 αὐτῶν.

169 2711 264 2763 16.
305 2713 439 2775 Τοὺς
483 2712 792 2783 ὀφθαλμοὺς
843 2715 939 2784 τῆς
982 2715 1217 2777 διανοίας
1263 2734 1362 2785 μου
1419 2719 1526 2770 ἀπὸ
1565 2719 1672 2771 τῶν

92 2804 304 2856 ὀδυνῶν
335 2805 438 2856 τῶν
477 2805 712 2873 ἐχουσῶν
745 2820 833 2873 με.

170 2897 263 2948 17.
302 2898 406 2949 Καὶ
433 2898 556 2959 τοὶις
593 2896 667 2964 (l)
699 2895 894 2966 μηκέτι
919 2896 1341 2962 ἀκολουθοῦντάς
1373 2917 1440 2968 με
1468 2903 1532 2971 τῇ
1555 2903 1672 2953 ἐπι-

95 2986 275 3056 θυμία
308 2988 403 3056 τῆς
433 2987 705 3057 ἁμαρτίας
736 2987 1068 3057 συμπίπτειν
1098 3007 1188 3058 με.

167 3078 260 3127 18.
301 3078 376 3146 ('2)
424 3079 748 3141 Διαπαντός.

1845 2447 1931 2503 14.
1960 2446 2093 2513 Quia
2124 2445 2336 2499 divitias
2367 2461 2495 2500 suas
2529 2445 2748 2499 donavit
2785 2447 2899 2501 tibi.

1845 2537 1931 2590 15.
1967 2536 2104 2598 Ouia
2132 2535 2355 2604 ejiciens
2387 2551 2415 2588 a
2457 2550 2541 2590 me
2571 2535 2907 2592 adversar-ias
2949 2549 3233 2605 potestates
3264 2543 3331 2597 ab

1772 2629 1852 2682 eis
1882 2643 1964 2681 me
1997 2629 2227 2695 eripuit:

1844 2719 1929 2771 16.
1987 2718 2186 2773 Oculos
2237 2719 2432 2772 mentis
2492 2733 2624 2772 meae
2671 2735 2698 2772 a
2747 2719 3024 2776 doloribus
3079 2724 3325 2778 hahenti-

1774 2808 1875 2863 hus
1905 2825 2008 2863 me.

1850 2899 1933 2954 17.
1959 2899 2022 2952 Et
2046 2900 2217 2968 pedes,
2248 2915 2313 2953 ne
2344 2901 2576 2969 amplius
2607 2913 2892 2970 sentientes
2943 2920 3025 2959 me
3072 2909 3329 2978 concupi-

1776 2992 1983 3045 scentia
2011 2993 2217 3061 peccati
2243 3008 2517 3047 corruam.

1849 3085 1936 3137 18.
1973 3085 2024 3137 In
2062 3096 2342 3139 internum.

178 3187 244 3239 'll
279 3189 606 3261 προκειμένη
634 3190 911 3261 ἐπιγραφὴ
942 3191 1212 3262 περιέχει·
1241 3194 1615 3261 maxumam,
1655 3195 1792 3268 ὅπερ
1822 3199 1968 3254 ἐστὶν
1999 3202 2261 3273 ἑρμηνεία
2282 3202 2481 3273 ὁμοίως
2510 3201 2617 3254 τῶν
2643 3204 2747 3273 πρὸ
2779 3205 2852 3273 (3)
2881 3206 3040 3260 αὑτοῦ
3078 3210 3326 3280 ψαλμῶν.

178 3278 400 3334 Titulus
425 3282 744 3350 praepositus
771 3283 1011 3336 continet
1041 3296 1056 3335 :
1085 3283 1334 3347 Alleluia,
1376 3285 1533 3352 cujus
1565 3287 1936 3357 interpretatio
1969 3304 2051 3346 est
2072 3295 2256 3349 eadem
2288 3312 2350 3350 ac
2386 3297 2437 3351 in
2485 3301 2852 3368 superioribus

168 3399 220 3453 1.
254 3400 595 3458 Ἐπίστευσα,
626 3400 704 3453 δτι
743 3401 1006 3454 πέπονθεν
1039 3405 1065 3455 6
1105 3403 1255 3467 Θεὸς,
1283 3403 1364 3456 διὸ
1394 3404 1670 3458 καὶτοῦτο
1697 3414 1739 3469 C

95 3492 359 3560 κηρύσσω
385 3496 568 3544 πᾶσιν.

163 3584 219 3636 :2.
267 3584 339 3635 Τὸ
365 3583 436 3653 (-1)
465 3583 724 3655 πρότερον
753 3584 1115 3657 ἐταπεινώοην
1145 3586 1248 3639 ὑπὸ
1275 3587 1372 3656 τῆς
1398 3587 1669 3660 ἁμαρτίας

95 3688 239 3724 πανυ
254 3712 268 3723 .

165 3766 218 3817 5.
261 3765 366 3816 Καὶ
416 3765 541 3818 ὅταν
597 3765 930 3836 ἀπετιθέμην
972 3768 1038 3820 τὰ
1087 3768 1178 3820 τοῦ
1225 3767 1427 3838 κόσμου
1473 3769 1664 3834 πάντα,

96 3857 190 3906 καὶ
230 3855 306 3923 (5)
338 3851 492 3907 εἶπα⁸
521 3858 722 3918 Ὄντως
750 3858 997 3921 ὑπόεικός
1028 3859 1142 3913 ἐστι
1183 3863 1288 3922 πᾶς
1313 3861 1340 3912 6
1361 3860 1557 3930 κόσμος
1591 3861 1668 3932 τῷ

97 3947 239 4015 Θεῷ.

165 4037 218 4088 4.
245 4035 361 4086 Ἵνα
405 4035 731 4105 παραλείπω
764 4036 824 4087 τὸ
879 4038 942 4088 ὲκ
987 4035 1080 4088 τοῦ
1123 4037 1195 4107 μὴ
1247 4036 1397 4102 ὄντος
1439 4039 1668 4110 ἀχθῆναί

99 4141 163 4192 με
191 4125 286 4175 ὑπ’
313 4124 498 4191 αὐτοῦ,
527 4125 616 4178 καὶ
642 4128 740 4178 ὅσα
767 4127 1162 4198 ἐδημιούργησε
1194 4129 1288 4182 καὶ
1325 4129 1404 4192 εἰς
1428 4130 1666 4183 ἀπόλαυ-

97 4232 198 4278 σιν,
224 4216 310 4278 τίς
334 4215 550 4270 δύναται
581 4217 726 4287 αὖτῷ
758 4218 1164 4282 ἀνταποδοῦναι,
1197 4219 1278 4271 ὃτι
1311 4219 1484 4281 οὕτως
1505 4222 1665 4273 ἀπει-

96 4307 314 4368 Θοῦντός
356 4325 456 4376 μου
486 4309 662 4360 αὐτῶν
712 4309 810 4361 οὐκ
851 4310 1174 4380 ἀπεστράφη
1221 4328 1307 4380 με,
1334 4310 1446 4363 ἀλλ’
1474 4311 1665 4364 ἑαυτὸν

95 4397 196 4460 ἕως
222 4399 451 4450 θανάτου
480 4400 662 4463 ἔδωκε,
696 4400 789 4452 καὶ
820 4401 960 4471 ὑπὲρ
991 4402 1091 4468 τῆς
1117 4403 1194 4471 (li)
1221 4403 1489 4471 σωτηρίας
1527 4419 1662 4472 μους

164 4492 216 4544 5.
261 4493 339 4562 (7)
375 4493 536 4546 Οὐδὲν
561 4489 651 4546 οὖν
684 4493 809 4547 ἄλλο
845 4485 1078 4563 δύναμαί
1101 4494 1246 4564 αὖτῷ
1277 4495 1664 4550 ἀνταποδοῦναι

97 4585 142 4633 εἰ
179 4583 257 4654 μὴ
294 4584 354 4637 τὸ
397 4585 534 4655 ὑπὲρ
580 4583 744 4637 αὑτοῦ
780 4584 1086 4646 ἀποθανεῖν,
1115 4586 1207 4638 καὶ
1235 4586 1391 4638 τοῦτο
1429 4585 1519 4640 διά
1562 4587 1661 4656 τῆς

98 4676 317 4746 χάριτος
348 4674 532 4728 αὐτοῦ.

163 4765 217 4828 6,
257 4766 306 4818 7.
344 4764 430 4817 ’Ev
451 4764 765 4836 ἐκκλησίαις
790 4764 1013 4837 ὑμνήσω
1040 4766 1218 4820 αὐτόν.

163 4855 214 4908 8.
250 4855 325 4924 (8)
351 4855 471 4906 Ὅτι
513 4853 716 4920 ἔνδοξος
759 4854 788 4906 6
833 4855 1060 4916 Θάνατος
1102 4855 1177 4922 (9)
1217 4851 1445 4908 ἐνώπιον
1488 4855 1652 4909 αὑτοῦ

96 4945 199 4998 τῶν
233 4945 404 5008 οὕτως
441 4945 750 4999 ἐκδιδόντων
774 4945 997 5007 ἑαυτοὺς
1029 4946 1165 5016 ὑπὲρ
1185 4944 1368 5000 αὑτοῦ.

164 5060 207 5088 ⁸⁸
234 5057 392 5114 Rom.
421 5074 502 5121 ιιι,
531 5058 614 5113 19.

1845 3411 1895 3463 1.
1926 3410 2136 3466 Credidi
2171 3416 2312 3482 quod
2364 3416 2504 3472 Deus
2555 3435 2748 3488 passus
2800 3429 2902 3484 est,
2946 3431 3226 3491 propterea
3274 3431 3325 3473 et

1775 3501 1875 3554 hoc
1905 3505 2158 3559 omnibus
2188 3509 2441 3574 praedico.

1841 3588 1891 3638 2.
1922 3589 2092 3644 Antea
2131 3595 2273 3646 enim
2322 3596 2637 3656 humiliatus
2666 3615 2785 3655 sum
2835 3615 2863 3654 a
2917 3613 3138 3669 peccato
3168 3603 3326 3656 vehe-

1771 3687 1997 3733 menter.

1839 3773 1891 3828 5.
1916 3773 1981 3828 Et
2006 3792 2127 3831 cum
2155 3784 2547 3839 renuntiassem
2592 3787 2864 3851 omnibus,
2912 3804 3029 3857 qum
3071 3789 3121 3841 in
3171 3804 3326 3841 mun-

1769 3863 1838 3917 do
1884 3875 2030 3933 sunt,
2091 3880 2201 3923 tum
2260 3874 2411 3928 dixi:
2471 3875 2665 3946 Utique
2716 3881 2963 3934 subditus
3018 3891 3100 3934 est
3147 3883 3324 3934 omnis

1770 3958 2007 4013 mundus
2044 3961 2151 4014 Deo
2176 3964 2243 4016 ".

1835 4045 1886 4099 4.
1909 4045 1978 4101 Ut
1999 4053 2266 4119 omittam,
2292 4057 2435 4125 quod
2459 4074 2523 4114 ex
2550 4061 2716 4114 nihilo
2739 4063 2889 4116 abeo
2918 4063 3143 4120 eductus
3177 4081 3318 4131 sum,

1765 4146 1818 4190 et
1844 4150 2043 4207 quanta
2070 4145 2269 4198 creavit
2301 4148 2461 4202 etiam
2496 4151 2561 4204 ad
2594 4141 3027 4216 oblectationem,
3068 4171 3191 4224 quis
3230 4173 3322 4224 po-

1765 4235 1868 4281 test
1893 4229 1994 4298 ipsi
2017 4233 2333 4300 retribuere,
2360 4238 2501 4306 quod
2534 4255 2618 4292 me
2646 4241 2717 4294 ita
2747 4241 2793 4293 ei
2823 4242 3178 4302 inobedienle.
3214 4261 3282 4296 Ito
3308 4266 3318 4296 ι

1766 4334 1851 4372 me
1887 4333 2166 4380 aversatus
2197 4335 2297 4388 est.
2339 4331 2428 4382 sed
2467 4346 2525 4384 se
2573 4333 2746 4400 ipsum
2795 4334 2846 4386 in
2891 4344 3119 4389 mortem
3155 4340 3316 4392 tradi-

1763 4411 1861 4478 dit,
1889 4425 1942 4468 et
1974 4432 2069 4484 pro
2091 4433 2204 4471 mea
2239 4421 2448 4473 salute?

1833 4503 1885 4556 5.
1923 4504 2063 4559 Nihil
2100 4508 2261 4575 igitur
2297 4511 2440 4565 aliud
2496 4528 2713 4582 possunt
2757 4515 2806 4568 ei
2853 4517 3163 4582 retribuere,
3215 4518 3318 4575 nisi

1762 4607 1860 4660 pro
1896 4594 2012 4662 ipso
2035 4599 2193 4664 mori,
2225 4611 2278 4654 et
2312 4603 2413 4656 hoc
2442 4619 2534 4673 per
2561 4605 2679 4673 ejus
2707 4607 2954 4675 gratiam.

1831 4770 1884 4833 6,
1923 4770 1972 4824 7.
2002 4771 2057 4826 ln
2086 4777 2330 4833 ecclesiis
2355 4779 2586 4836 laudabo
2612 4799 2756 4839 eum.

1831 4859 1883 4912 8.
1939 4865 2203 4928 Quoniam
2263 4870 2497 4937 gloriosa
2554 4888 2698 4928 mors
2754 4888 2936 4929 coram
2988 4875 3104 4944 ipso
3143 4875 3213 4929 ita
3257 4892 3314 4931 se

1760 4951 1905 5021 ipsos
1936 4959 2260 5013 tradentium
2297 4978 2390 5030 pro
2413 4977 2499 5016 eo.

1040 5172 1339 5234 Addenda
1375 5181 1435 5229 et
1475 5173 1849 5250 corrigenda
1881 5195 1957 5236 ex
1991 5181 2129 5239 eod.
2171 5181 2364 5241 Vatic.

166 5278 242 5343 (l)
282 5278 389 5329 Καὶ
410 5278 499 5329 τοῦ
531 5278 723 5349 μηκέτι
747 5277 1137 5330 ἀκολουθοῦντα
1156 5293 1241 5347 με,
1264 5285 1367 5330 etc.
1387 5274 1647 5329 Ultimum

103 5363 164 5412 με
197 5350 368 5400 deest.

165 5417 241 5482 (Ξ)
289 5417 400 5470 Non
432 5417 621 5484 legitur
645 5417 947 5470 Comment.
986 5433 1038 5467 ιι.
1074 5416 1158 5466 18.

165 5489 242 5556 (5)
267 5487 327 5538 Ἠ
344 5487 431 5539 διὰ
451 5488 546 5556 τῆς
575 5487 940 5556 κινναϐάρεως
967 5485 1206 5556 περιέχει
1230 5496 1242 5508 ⁶
1276 5485 1644 5551 Ἄλληίοὼα,

102 5555 188 5624 τὴν
219 5555 512 5627 ἑρμηνείαν
545 5557 651 5627 ἔχει
678 5555 875 5626 ὁμοίως
907 5557 1004 5626 τὴν
1035 5555 1158 5625 πρό,
1185 5563 1289 5608 etc.

166 5625 401 5694 (nam
517 5625 724 5688 16,010.

165 5692 236 5764 (5)
258 5692 584 5765 Ἀπεθέμην.
618 5705 743 5759 elc.,
770 5696 940 5748 πάντα
974 5695 1157 5761 ἔγνων,
1193 5692 1318 5765 καίΣ
1333 5701 1435 5765 etc.

271 5765 378 5818 Τοῦ
406 5759 469 5818 ἐκ
498 5759 589 5820 τοῦ
618 5767 711 5835 μή,
735 5775 858 5827 elc.,
885 5766 975 5817 καὶ
1008 5759 1124 5826 ὅσα,
1149 5765 1237 5816 καὶ
1265 5759 1349 5816 οἷα
1374 5760 1648 5831 ἐδημιούρ-

1749 5297 1897 5354 γησε-
1931 5283 2062 5354 πρὸς
2109 5283 2405 5354 ἀπόλαυσίν
2433 5301 2554 5353 μου,
2584 5285 2662 5335 ὅτι
2708 5284 2938 5354 δύναμαι
2985 5284 3150 5354 αὐτῷ,
3182 5296 3264 5338 etc
3293 5324 3313 5352 ,

1747 5351 2091 5423 ἀπειθοῦντος
2117 5371 2216 5422 μου
2245 5353 2411 5422 αὐτῷ,
2436 5351 2575 5414 οια,
2602 5354 2800 5406 ἔδωκεν
2827 5351 2963 5423 ὑπὲρ
2986 5351 3112 5423 τῆς.
3131 5365 3235 5408 etc.

1818 5422 1893 5486 (7)
1923 5423 1996 5495 _N.
2034 5423 2088 5484 5,
2118 5425 2169 5475 b'.
2200 5424 2362 5475 Οὐδὲν
2413 5424 2539 5475 ἄλλο
2578 5423 2827 5493 δύναμαι,
2870 5422 2996 5489 etc.,
3033 5422 3168 5494 μετά
3213 5425 3312 5495 τῆς

1747 5490 1965 5559 χάριτός
1993 5509 2109 5546 σου.

1817 5560 1891 5642 (β)
1930 5561 2233 5642 (gemment.
2263 5562 2353 5642 qui
2409 5562 2603 5642 legitur
2652 5563 2753 5615 sub
2801 5579 2852 5616 ιι.
2883 5563 2934 5629 6,
2975 5563 3024 5629 7,
3074 5564 3226 5618 deost
3254 5564 3311 5620 in

1755 5630 1876 5702 cod.
1915 5631 2054 5702 sicut
2077 5631 2140 5684 N.
2164 5630 2378 5702 7hujus
2410 5632 2620 5702 psalmi.

1825 5701 1984 5770 (9lN.
2014 5702 2047 5754 8
2092 5702 2338 5766 ἘνδοΞος
2363 5701 2608 5767 θάνατος,
2645 5713 2750 5756 etc.
