4066 6318
72 376 219 434 1169
973 372 1062 427 DE
1102 361 1374 429 TITULIS
1409 367 1678 428 PSALMO

1678 371 1851 429 RUM.
1883 399 1952 411 --
1990 367 2181 424 PSAL.
2221 364 2425 422 CXVII.
3154 372 3284 427 ll70

145 488 206 542 2.
221 488 343 542 Ὅτι
376 489 454 551 είς,
484 488 576 541 τὸν
604 500 774 541 αιωνα
800 488 862 541 τὸ
888 486 1032 552 ἕλεος
1056 487 1239 543 αὐτοῦ.
1669 496 1711 550 Α

1669 496 1711 550 Α
1808 487 1863 540 2.
1891 484 2153 551 Quoniam
2180 482 2234 537 in
2262 483 2515 538 saeculum
2544 485 2910 540 misericordia
2944 488 3078 556 ejus.

147 577 204 631 3.
245 576 465 632 Είπάτω
494 576 556 649 δὴ
578 571 724 641 οἷκος
763 577 998 649 Ἰσραὴλ,
1023 580 1104 633 ὃτι
1138 580 1358 648 ἀγαθὸς.

1812 578 1863 632 3.
1894 578 2044 631 Dicat
2074 591 2217 630 nunc
2240 575 2434 630 domus
2470 576 2653 639 Israel,
2678 578 2933 646 quoniam
2968 580 3162 644 bonus.

150 667 205 721 ε.
222 668 343 721 ὀτι
368 669 447 730 εἰς
471 667 562 722 τὸν
587 666 758 723 αἰῶνα
783 669 843 722 τὸ
866 668 1012 733 ἔλεος
1040 671 1236 724 αὑτοῦ.

1811 669 1864 723 ι.
1893 668 2156 734 Quoniam
2188 668 2240 721 in
2268 666 2520 721 saeculum
2554 668 2921 724 misericordia
2950 670 3088 737 ejus.

150 757 205 813 5.
250 758 467 812 Εἰπάτω
494 758 558 831 δὴ
581 754 728 824 οἶκος
768 759 992 832 Ἀαρὼν,
1025 764 1105 814 ὅτι
1133 762 1353 830 ἀγαθὸς.

1817 761 1871 815 5.
1902 758 2053 813 Dicat
2082 774 2225 813 nunc
2245 759 2439 814 domus
2472 758 2671 824 Aaron,
2710 761 2962 829 quoniam
2992 762 3189 829 bonus,

150 848 207 902 6.
226 850 346 902 Ὅτι
375 852 454 906 είς
489 850 579 903 τὸν
609 850 781 905 αίῶνα
808 852 869 905 τὸ
898 852 1045 916 ἐλεος
1074 852 1257 907 αὐτοῦ.

1819 852 1872 907 6.
1906 850 2172 919 Quoniam
2208 851 2259 905 in
2291 851 2546 906 saeculum
2577 852 2944 909 misericordia
2970 853 3104 924 ejus.

156 941 211 997 7.
247 944 567 996 Είπάτωσαν
589 944 653 1015 δὴ
670 946 866 1008 πάντες
888 947 938 998 oi
962 944 1282 1013 φοσούιιενοι
1306 946 1396 1000 τὸν
1425 947 1638 1019 Κύριον,

1824 942 1874 1000 7.
1917 944 2107 999 Dicant
2137 956 2277 997 nunc
2304 957 2492 997 omnes
2529 943 2776 999 timentes
2809 942 3118 1012 Dominum,
3156 961 3299 1016 quo-

77 1036 170 1089 ὅτι
194 1035 415 1103 ἀγαθὸς,

1749 1035 1893 1090 niam
1927 1035 2102 1091 bonus
2120 1072 2133 1097 .

158 1128 213 1181 8.
248 1128 368 1181 ’Ὁτι
396 1130 477 1190 εἰς
508 1127 599 1181 τὸν
621 1127 795 1182 αίῶνα
822 1128 883 1181 τδ
911 1128 1057 1192 ἔλεος
1080 1130 1264 1183 αὑτοῦ.
1680 1116 1681 1121 ‘

1680 1116 1681 1121 “
1826 1128 1880 1183 8.
1912 1125 2179 1193 Quoniam
2204 1124 2257 1179 in
2285 1126 2538 1181 saculum
2562 1126 2929 1182 misericordia
2959 1128 3093 1197 ejus.

159 1218 217 1272 9.
250 1218 344 1272 Ἐκ
371 1217 600 1289 θλίψεως
630 1219 1046 1293 ἐπικαλεσάμην
1068 1222 1160 1275 τὸν
1187 1221 1403 1293 Κύριον.

1381 1245 1403 1285 ι,
1818 1220 1871 1274 9.
1907 1218 1981 1274 De
2008 1218 2355 1273 tribulatione
2391 1219 2633 1273 invocavi
2670 1217 2987 1284 Dominum.

164 1310 257 1362 10.
294 1308 398 1364 Καὶ
427 1311 701 1381 ἐπήκουσέ
735 1328 835 1382 μου
866 1314 944 1376 είς
972 1312 1299 1384 πλατυσμόν.

1266 1334 1299 1367 ι.
1823 1310 1908 1365 10.
1944 1313 2010 1367 Et
2044 1310 2319 1367 exaudivit
2357 1325 2443 1365 me
2486 1310 2539 1364 in
2574 1310 2872 1369 latitudine.

164 1400 254 1454 11.
290 1398 486 1471 Κύριος
516 1402 638 1471 ιιμοὶ⁵
672 1401 861 1471 βοηθὸς
885 1442 901 1465 ,
932 1403 1027 1456 καὶ
1065 1403 1125 1457 ού
1159 1403 1532 1476 φοϐηθήσομαι
1553 1420 1569 1437 ⁸
1598 1405 1650 1460 τί

1824 1402 1910 1455 11.
1949 1402 2209 1459 Dominus
2249 1401 2381 1473 mihi
2417 1401 2651 1472 adjutor.
2681 1411 2734 1457 et
2764 1418 2870 1459 non
2914 1402 3146 1469 timebo.
3173 1402 3298 1473 quid

90 1492 313 1561 ποιήσει
342 1508 430 1562 μοι
462 1492 745 1565 ἄνθρωπος
770 1510 785 1558 ;

701 1509 745 1556 ὓς
770 1510 785 1558 ς
1752 1493 1909 1547 laciat
1953 1492 2083 1546 mihi
2107 1492 2307 1547 homo?

169 1585 259 1638 12.
324 1583 521 1655 Κύριος
576 1586 698 1655 ἐμοὶ
736 1584 947 1656 βοηθὸς,
1002 1586 1156 1655 κάγὼ
1199 1587 1467 1658 ἐπόψομαι
1519 1589 1654 1659 ,τοὺς

1828 1583 1914 1639 l2.
1954 1581 2220 1640 Dominus
2246 1584 2381 1638 mihi
2404 1584 2642 1653 adjutor,
2671 1594 2726 1640 et
2752 1601 2852 1657 ego
2883 1586 3173 1657 despiciam
3200 1586 3301 1640 inl-

90 1673 327 1743 ὶχθρούς
356 1691 477 1744 μου.
498 1670 501 1671 ⁷

1752 1677 1923 1731 micos
1963 1690 2130 1731 meos.

170 1766 263 1819 15.
298 1764 520 1834 Ἀγαθὸν
541 1765 854 1820 πεποιθέναι
880 1768 973 1821 ἐπὶ
1003 1765 1219 1839 Κύριον,
1689 1829 1725 1839 _

1689 1829 1725 1839 _
1828 1764 1911 1818 13.
1944 1764 2151 1818 Bonum
2179 1773 2263 1819 est
2292 1766 2563 1821 conlidere
2588 1766 2641 1819 in
2678 1764 2933 1831 Domino.

170 1856 262 1910 M.
286 1829 695 1911 ἸΙ-πεποιθέναι
730 1858 814 1909 ἐπ’
843 1829 1145 1927 ἄνθρωπον.
1205 1829 1216 1833 1
1689 1829 1728 1885 Β

1205 1829 1216 1833 ⁷
1689 1829 1728 1885 Β
1830 1857 1918 1912 ll.
1949 1857 2123 1923 Quam
2154 1857 2424 1912 conlidere
2460 1857 2511 1911 in
2548 1858 2784 1913 homine.

172 1947 263 2002 15.
292 1948 519 2016 Ἀγαθὸν
544 1948 782 2013 ἐλπίζειν
804 1949 898 2002 ἐπὶ
930 1947 1146 2021 Κύριον,

1834 1947 1918 2002 15.
1958 1946 2165 2003 Bonum
2204 1957 2287 2004 est
2314 1963 2531 2018 sperare
2552 1950 2603 2002 in
2634 1949 2892 2013 Domino.

169 2037 266 2094 16.
293 2039 361 2092 Ἢ
386 2038 621 2105 ἐλπίζειν
660 2041 746 2092 ἐπ’
776 2040 1002 2111 ἀρχουσι
1041 2040 1377 2113 [ἄρχοντας]

1256 2041 1377 2113 τας]
1832 2040 1918 2093 16.
1962 2039 2135 2106 Quam
2179 2055 2397 2111 sperare
2426 2041 2481 2096 in
2512 2042 2862 2113 principibus.

172 2129 265 2184 17.
305 2130 486 2185 Πάντα
512 2130 580 2184 τά
607 2129 734 2201 ίθνη
760 2130 1073 2186 ἐκύκλωσαν
1101 2148 1167 2202 με

1838 2128 1919 2183 17.
1954 2132 2155 2185 Omnes
2184 2141 2368 2201 gentes
2400 2132 2787 2188 circumierunt
2814 2149 2900 2188 me
2926 2144 2945 2187 τ

173 2221 267 2277 18.
310 2220 411 2276 Καὶ
429 2221 507 2292 τῷ
526 2220 749 2292 ὀνόματι
778 2222 981 2293 Κυρίου
1002 2224 1293 2295 ἠμυνάμην
1324 2225 1538 2286 αὐτούς.

1463 2225 1538 2286 ῦς,
1845 2220 1926 2275 l8.
1964 2218 2029 2275 Et
2061 2223 2279 2277 nomine
2308 2219 2517 2278 Domini
2546 2224 2692 2279 ullus
2715 2239 2835 2279 sum
2877 2226 2930 2279 in
2958 2240 3069 2281 eos.

177 2310 269 2368 19.
298 2310 680 2375 Κυκλώσαντες
702 2309 1018 2364 ὶκύκλωσάν
1044 2326 1111 2380 με
1130 2327 1142 2338 ·

1836 2311 1921 2365 19.
1955 2310 2367 2368 Circumdantes
2389 2313 2858 2371 circumdederunt
2886 2333 2971 2370 me
2995 2337 3004 2370 :

1224 2486 1599 2544 ATHA‘NASII
1640 2487 2210 2545 INTERPRETATIO.

181 2641 237 2697 ἓ.
254 2642 372 2696 ὀτι
392 2642 672 2707 ἀνελλιπὲς
704 2641 763 2696 τὸ
791 2642 935 2707 [λεος
962 2642 1148 2697 αὐτοῦ.

1841 2645 1895 2697 1.
1920 2640 2187 2709 Quoniam
2224 2645 2535 2700 indeliciens
2565 2645 2932 2700 misericordia
2967 2643 3102 2713 ejus.

177 2734 235 2790 3.
260 2734 326 2787 ’11
356 2733 549 2804 καρδία
580 2733 688 2786 τῶν
707 2732 956 2805 ὁρώντων
985 2732 1117 2787 Θεὸν
1140 2735 1206 2805 τῇ
1229 2732 1434 2804 διανοίᾳ
1467 2734 1566 2804 (l).

1164 2735 1206 2805 τῇ
1229 2732 1434 2804 διανοίᾳ
1467 2734 1566 2804 (l).
1838 2735 1890 2787 '5.
1919 2734 2027 2788 Cor
2054 2735 2345 2789 videntium
2374 2734 2540 2791 Deum
2573 2747 2770 2795 mente.

180 2829 238 2882 ε.
257 2827 375 2881 Ὀτι
400 2824 682 2889 ἀνελλιπὲς
712 2825 789 2896 (2)
813 2824 874 2879 τὸ
897 2824 1043 2890 ἔλεος
1070 2824 1255 2881 αὐτοῦ.

1840 2828 1894 2880 ι.
1921 2825 2189 2893 Quoniam
2224 2826 2539 2882 iudellciens
2564 2827 2933 2883 misericordia
2959 2828 3093 2898 ejus.

182 2920 239 2975 5.
281 2917 501 2974 Είπάτω
527 2917 592 2989 δὴ
613 2920 642 2971 ὁ
656 2918 813 2989 χορὸς
838 2917 945 2972 τῶν
976 2916 1162 2987 ἁγίων,
1184 2919 1263 2972 ὅτι
1285 2916 1483 2986 ἀγαθός
1504 2918 1670 2969 ἐστιν·

1840 2918 1895 2972 5.
1922 2916 2077 2973 Dicat
2108 2933 2254 2974 nunc
2281 2918 2480 2974 chorus
2501 2930 2835 2985 sanctorum,
2865 2920 3122 2989 quoniam
3150 2920 3322 2977 bonus

120 3008 343 3076 Ἀαρὼν
372 3007 480 3077 γὰρ
503 3008 855 3079 ἑρμηνεύεται
894 3007 1028 3075 ὄρος
1054 3006 1377 3075 δυνάμεως.

1776 3021 1858 3064 est
1887 3028 1900 3064 :
1932 3012 2107 3064 Aaron
2138 3009 2281 3062 enim
2310 3009 2691 3078 interpretatur
2720 3025 2863 3063 mons
2892 3010 3118 3065 virtutis.

183 3100 241 3154 6.
263 3100 383 3154 Ὀτι
417 3099 661 3171 ἧπλωται
705 3101 797 3153 ἐπὶ
840 3100 1043 3163 πάντας
1080 3100 1206 3162 τοὺς
1233 3097 1581 3169 βουλομένους
1615 3094 1675 3149 τὸ

1847 3100 1901 3153 6.
1925 3098 2191 3166 Quoniam
2226 3098 2491 3169 explicata
2528 3110 2612 3155 cst
2661 3115 2823 3171 super
2850 3115 3039 3156 omnes
3089 3099 3325 3154 volentes

111 3194 267 3255 ῐλεος
296 3190 476 3247 αὐτοῦ.
1702 3241 1717 3259 Δ

1702 3241 1744 3259 Α
1776 3188 2150 3244 misericordia
2176 3188 2315 3259 ejus.

190 3286 245 3339 7.
278 3284 596 3338 Εξπάτωσαν
633 3282 696 3353 δὴ
729 3283 925 3346 πάντες
965 3284 1014 3336 οἱ
1061 3282 1306 3336 ταπεινοὶ
1344 3284 1411 3352 τῇ
1455 3280 1674 3353 καρδία,
1700 3241 1745 3301 c

1718 3241 1745 3301 Ξ
2358 3297 2549 3338 omnes
2584 3282 2816 3337 humiles
2849 3282 3032 3348 corde,
3070 3283 3324 3353 quoniam

111 3377 199 3431 bar.
230 3377 431 3444 ἀγαθός
455 3379 620 3440 ἐστιν,

492 3392 620 3440 στιν,
1776 3376 1951 3432 bonus
1983 3386 2066 3430 est
2086 3416 2098 3441 ,

192 3468 248 3521 8.
279 3468 399 3519 Ὅτι
427 3467 487 3519 τὸ
520 3466 664 3528 ἔλεος
693 3465 855 3519 αὑτοῦ
891 3466 976 3517 ἐπ’
1006 3464 1197 3527 αύτούς
1225 3466 1371 3517 ἐστιν
1404 3464 1503 3534 (3).

1847 3467 1900 3522 8.
1932 3467 2196 3533 Quoniam
2225 3480 2385 3536 super
2413 3481 2509 3520 eos
2546 3465 2913 3523 misericordia
2942 3466 3059 3538 ejus
3085 3474 3187 3521 est.

193 3558 246 3612 9.
278 3557 366 3610 ‘Ev
390 3556 468 3626 τῷ
501 3556 679 3609 σκότει
702 3556 802 3625 τῆς
830 3556 1102 3627 ἁμαρτίας
1135 3554 1497 3626 κρατούμενος
1528 3555 1677 3627 ἐδεή-

1848 3558 1900 3612 9.
1935 3557 1990 3611 ιιι
2023 3558 2257 3613 tenebris
2306 3559 2509 3627 peccati
2560 3558 2809 3616 detentus
2846 3560 3166 3630 deprecatus
3208 3572 3326 3614 sum

119 3650 225 3719 θην
259 3647 423 3702 αὑτοῦ
453 3648 550 3719 (Δ).
1777 3666 1922 3704 omn.

196 3740 289 3795 ιο.
326 3738 430 3793 Καὶ
460 3739 727 3811 ἐπήκουσέ
757 3757 879 3812 μου,
925 3739 1016 3794 καὶ
1042 3739 1214 3809 ἤγαγέ
1254 3756 1320 3810 με
1344 3742 1421 3802 είς
1442 3740 1680 3793 ἀνάπαυ-

1854 3742 1939 3795 10.
1974 3739 2039 3796 Ει
2064 3741 2341 3796 exaudivit
2368 3757 2486 3808 me,
2516 3752 2570 3798 et
2597 3742 2820 3798 adduxit
2870 3757 2957 3798 me
2996 3741 3050 3796 in
3092 3740 3328 3812 requiem

126 3849 214 3885 σιν
241 3829 335 3884 τοῦ
356 3831 533 3900 φωτὸς
559 3828 745 3884 αὑτοῦ.

462 3831 533 3893 τὸς
559 3828 745 3884 αὑτοῦ.
1782 3833 1917 3887 lucis
1940 3846 2068 3886 suae.

197 3922 287 3976 11.
315 3920 433 3991 Ἀφ’
460 3915 521 3975 οὗ
557 3922 719 3985 αὐτὸς
754 3917 1098 3991 περιασπίζει
1137 3918 1214 3989 (5)
1261 3936 1386 3988 μου,
1421 3920 1474 3973 τί
1505 3919 1684 3973 δειλιῶ

1852 3925 1939 3978 11.
1978 3925 2053 3979 Ex
2094 3939 2203 3994 quo
2239 3924 2356 3995 ipse
2386 3938 2471 3978 me
2500 3925 2749 3994 protegit,
2783 3924 2910 3993 quid
2938 3921 3140 3978 timebo
3167 3931 3332 3977 terre-

122 4030 252 4065 τινα
278 4010 386 4065 τῶν
410 4012 610 4081 γηίνων
632 4011 940 4082 δυνάμεωνς

636 4011 940 4082 δυνάμεωνς
1783 4032 1882 4071 nas
1909 4024 2199 4087 potestates
2219 4016 2242 4071 1

202 4103 292 4160 12.
322 4101 519 4175 Κύριος
538 4102 986 4174 ἀντιλαμϐάνεταί
1010 4119 1132 4173 μου,
1174 4099 1327 4171 κάγὼ
1364 4103 1521 4170 μόνον
1546 4104 1687 4156 ἵστα-

1855 4106 1942 4159 11.
1971 4105 2233 4161 Dominus
2258 4106 2553 4177 opitulatur
2578 4105 2733 4167 mihi.
2759 4115 2811 4160 et
2834 4119 2934 4175 ego
2957 4104 3107 4159 solus
3144 4114 3230 4159 sto
3257 4104 3333 4156 vi-

129 4215 232 4262 μαι
264 4196 405 4269 ὀρῶν
431 4198 559 4261 τοὺς
587 4196 852 4267 ἄρχοντας
872 4194 964 4248 τοῦ
992 4194 1214 4257 σκότους
1241 4192 1685 4264 συντριϐομένους

1482 4193 1685 4264 ιμένους
1785 4197 1920 4253 dens
1948 4199 2289 4253 tenebrarum
2320 4198 2590 4269 principes
2629 4199 2696 4253 ab
2721 4212 2787 4253 eo
2814 4196 3088 4252 contritas.

135 4290 221 4343 im"
244 4287 433 4343 αὑτοῦ.

188 4305 221 4343 υ·
287 4305 347 4340 υτ
417 4327 433 4343 .

126 4305 293 4445 uri;
327 4305 412 4437 lt:
449 4380 527 4453 (6)
574 4379 799 4450 Ἀγαθὸν
835 4379 1074 4453 θαρρεῖν,
1115 4380 1208 4432 καί
1250 4377 1549 4449 καυχᾶσθαι
1599 4378 1689 4431 ἐπὶ

1859 4378 1947 4443 15,
1978 4378 2065 4432 14.
2098 4378 2303 4434 Bonum
2326 4377 2627 4443 conlidere,
2661 4387 2714 4433 et
2741 4375 2959 4445 gloriari
2993 4374 3049 4429 in
3087 4371 3334 4434 Domino.

126 4474 222 4528 τὸν
253 4472 471 4542 Κύριον,
502 4473 536 4545 ἢ
560 4472 872 4527 πεποιθέναι
903 4473 996 4525 ἐπὶ
1024 4470 1191 4543 γηίνῃ
1211 4471 1514 4543 δυναστείᾳ.

1482 4487 1514 4523 ι.
1789 4482 1949 4537 quam
1986 4467 2236 4523 fiduciam
2262 4466 2461 4522 habere
2481 4466 2535 4520 in
2563 4477 2772 4521 terrena
2807 4471 3088 4533 potestate.

204 4562 297 4626 15,
337 4562 423 4617 16.
463 4562 690 4632 ’Δγαθὸν
729 4565 787 4616 ἐν
820 4563 1064 4633 ὑπομονῇ
1105 4561 1416 4632 περιμένειν
1458 4558 1691 4658 τὴν-τῶν
1721 4596 1769 4658 D

1732 4596 1769 4658 υ
1864 4557 1949 4623 15,
1985 4556 2068 4611 16.
2098 4556 2303 4611 Bonum
2331 4556 2382 4610 in
2422 4555 2675 4625 patientia
2709 4562 3021 4623 exspectare
3048 4550 3154 4608 frui
3192 4551 3338 4653 lutu-

133 4655 439 4720 μελλόντων
468 4653 683 4723 ἀγαθῶν
734 4653 1050 4720 ἀπόλαυσιν,
1106 4654 1139 4723 ἢ
1180 4652 1510 4724 πρόσκαιρον
1552 4649 1692 4721 ἐχειν
1721 4649 1739 4658 “

1732 4649 1758 4658 ⁷
1791 4649 1869 4703 ris
1918 4649 2110 4714 bonis,
2157 4662 2318 4716 quam
2361 4649 2741 4717 temporariam
2785 4658 2976 4714 capere
3010 4649 3212 4713 peccati
3245 4656 3338 4695 vo-

132 4748 408 4819 ἁμαρτίας
428 4748 743 4801 ἀπόλαυσιν.

465 4748 743 4801 πόλαυσιν.
1792 4744 2070 4810 luptatem.

212 4837 301 4893 17.
335 4838 400 4891 Δί
429 4838 667 4891 ἐναντίαι
697 4838 953 4910 δυνάμεις
981 4836 1294 4891 ἐκύκλωσαν
1324 4852 1412 4905 με.

1866 4832 1954 4885 17.
1996 4832 2296 4887 Contraria:
2329 4838 2621 4900 potestates
2648 4827 3118 4887 circumdederunt
3150 4840 3235 4880 me

210 4926 302 4982 18.
338 4925 442 4980 Καὶ
470 4926 549 4998 τῷ
577 4927 793 5000 σταυρῷ
819 4928 910 4983 τοῦ
940 4926 1173 4999 Χριστοῦ
1215 4925 1506 4998 συνέτριψα
1541 4925 1699 4979 αὐτὸν

1232 4925 1506 4998 τυνέτριψα
1541 4925 1699 4979 αύτδν
1871 4925 1955 4980 18.
1988 4925 2054 4979 Et
2076 4938 2237 4981 cruce
2255 4921 2455 4978 Christi
2477 4921 2703 4978 contrivi
2727 4936 2838 4975 eas.

133 5017 155 5090 ί
177 5017 386 5091 αὑτάς]
414 5019 513 5090 (7).

210 5110 301 5166 19.
331 5109 434 5165 Καὶ
457 5112 615 5165 πάλιν
648 5112 938 5183 ἐπέμειναν
961 5114 1210 5183 ἐπιμονῇ.

1868 5103 1953 5155 19.
1990 5100 2055 5154 Et
2086 5114 2275 5161 rursus
2303 5106 2707 5168 perseveranter
2745 5094 3116 5164 perstiterunt.

1082 5287 1385 5350 Addenda
1422 5297 1481 5348 et
1528 5282 1903 5362 corrigenda
1933 5299 2008 5343 ex
2039 5283 2177 5342 cod.
2214 5278 2390 5339 Vatie

141 5480 555 5688 ὰ
585 5482 650 5552 δὴ
685 5481 877 5552 καρδία
911 5479 1017 5534 τῶν
1044 5479 1287 5550 ὁρώντων
1321 5477 1409 5531 τὸν
1445 5474 1595 5540 Θεὸν,
1618 5475 1698 5529 ὃτι
1805 5465 2460 5663 ντὶἓὶνέἶῖῗξῗδύν,
2484 5530 2667 5590 ete.N.
2698 5530 2778 5585 11.
2802 5531 2871 5585 Ἦ
2894 5528 3112 5602 θαρρεῖν
3132 5526 3223 5579 ἐπὶ
3236 5524 3359 5595 γηί-

380 5634 711 5688 τεΑευτητον.
1858 5654 1939 5688 ι.-.
1992 5680 2003 5688 .
2031 5680 2044 5688 .
2131 5677 2143 5688 .
2246 5645 2259 5659 ⁶

380 5638 711 5692 τεΑευτητον.
1807 5638 2259 5692 νην-γυναυτιῗιυιν.

216 5677 301 5759 ('5)
338 5691 480 5744 Ἐστι
506 5677 807 5754 διαπαντός.

590 5677 807 5754 παντὸς.
1859 5677 1948 5749 *(⁷)
1978 5677 2196 5741 Αὒτούςο

215 5762 299 5829 μ)
330 5761 446 5814 seu.
