4110 6318
148 362 296 418 1173

227 483 297 536 59
358 486 560 539 Δίκαιοι
590 488 978 540 εἰσελευσονται
1005 490 1061 540 ἐν
1090 489 1245 559 αὐτῇ.

226 574 320 628 40.
351 576 838 649 Ἐξομολογήσομαί
868 597 968 644 σοι,
993 583 1072 633 ὃτι
1108 582 1413 652 ἐπήκουσάς
1442 600 1540 650 μου

228 665 321 718 41.
357 665 670 733 Καὶιὲγὲνου
700 687 786 738 μοι
815 672 893 733 εἰς
927 673 1218 741 σωτηρίαν.

230 753 323 806 42.
357 753 532 820 Λίθον,
565 756 623 807 ὃν
655 758 1053 828 ἀπεδοκίμασαν
1080 761 1128 813 οἱ
1157 760 1577 831 οἰκοδομοῦντες,

229 843 322 896 43.
360 840 523 907 Οὗτος
556 848 783 917 ἐγενήθη
817 851 897 912 εἰς
928 850 1165 920 κεφαλὴν
1189 852 1405 918 γωνίας.

228 933 304 987 44
362 934 514 1005 Παρά
543 935 738 1007 Ιιυρίου
763 941 973 1006 ἐγένετο
1005 940 1140 1010 αῦτη
1166 957 1178 972 ε

232 1026 324 1080 45.
358 1027 459 1080 Καὶ
486 1028 596 1081 ἐστι
620 1030 900 1101 θαυμαστὴ
934 1033 990 1085 ἐν
1016 1032 1311 1103 ὀφθαλμοῖς
1337 1034 1511 1103 sua».

229 1116 324 1172 46.
358 1118 500 1186 Αὕτη
531 1121 564 1186 ἠ
604 1121 800 1192 ἡμέρα,
836 1122 900 1191 ἦν
928 1122 1178 1191 ἐποίησεν
1210 1126 1238 1175 ὁ
1264 1124 1459 1194 Κύριος
1481 1141 1492 1152 ·

231 1208 325 1261 47.
365 1209 837 1280 Ἀγαῧ.λιασὼμεθα
870 1212 963 1264 καὶ
997 1213 1384 1283 εὐφρανθῶμεν
1415 1216 1470 1266 ἐν
1496 1213 1650 1283 αὐτῇ.

233 1297 332 1350 48.
358 1294 425 1349 Ὦ
450 1299 634 1368 Κύριε,
665 1301 834 1353 σῶσον
861 1303 926 1374 δὴ
953 1321 966 1334 ·

237 1388 332 1442 49.
365 1384 433 1440 Ὠ
460 1390 648 1462 Κύριε,
684 1393 941 1447 εὑόδωσον
965 1393 1028 1464 δή
1051 1410 1063 1421 ·

238 1477 334 1531 50.
365 1480 734 1550 Εὐλογημένος
758 1484 786 1536 ὁ
822 1484 1108 1554 ἐρχόμενος
1131 1485 1187 1536 ἐν
1212 1484 1434 1553 ὀνόματι
1465 1482 1682 1555 Κυρίου.

241 1568 332 1624 5|.
372 1572 754 1644 Εὑλογὴκαμεν
789 1576 927 1646 ὑμᾶς
962 1576 1018 1641 ἐξ
1041 1575 1188 1629 οἴκου
1220 1579 1420 1646 Κυρίου

239 1664 331 1718 52.
366 1666 494 1729 Θεὸς
526 1667 726 1739 Κύριος
755 1670 846 1721 καὶ
883 1669 1148 1739 ὲπέφανεν
1177 1673 1326 1740 ἡμῖν.

237 1757 330 1809 55.
362 1757 700 1828 Συστήσασθε
733 1756 919 1829 ἑορτὴν
945 1760 1002 1812 ἐν
1022 1761 1133 1821 τοῖς
1163 1760 1516 1824 πυκάζουσιν,

237 1846 330 1900 54.
363 1847 504 1910 Ἕως
537 1847 642 1900 τῶν
676 1849 918 1920 κεράτων
952 1848 1046 1901 τοῦ
1077 1849 1486 1920 θυσιαστηρίου.

1039 368 1122 424 DE
1161 370 1431 428 TITULIS
1471 373 1908 432 PSALMORUM.
1946 409 2010 419 —-
2045 377 2238 434 PSAL.
2273 378 2480 434 CXVII.

3239 385 3370 438 1174

1893 495 1980 550 59.
2009 494 2146 550 Justi
2171 497 2446 551 intrabunt
2469 511 2523 550 In
2547 512 2689 552 eam.

1893 585 1982 640 40.
2016 585 2327 641 Conlitebor
2357 587 2478 648 tibi,
2502 589 2760 656 quoniam
2790 590 3055 645 exaudisti
3082 606 3166 645 me
3195 609 3206 644 :

1892 675 1980 728 41.
2012 675 2078 729 Et
2101 675 2276 731 lactus
2307 691 2365 731 es
2394 675 2593 747 [factus
2613 677 2718 750 est]
2749 680 2878 733 mihi
2905 681 2956 733 in
2987 681 3235 735 salutem.

1893 764 1980 818 42.
2017 764 2267 833 Lapidem
2293 806 2308 828 ,
2353 783 2512 838 quem
2553 769 2973 836 reprobaverunt
3021 771 3375 829 aediﬁcantes,

1897 857 1985 908 45.
2025 855 2120 911 llic
2149 857 2324 914 factus
2344 868 2429 915 est
2451 860 2505 913 in
2531 869 2692 928 caput
2725 861 2927 929 anguli.

1897 946 1984 999 44.
2019 949 2063 999 Α
2095 946 2324 1006 Domino
2355 948 2557 1004 factum
2590 960 2668 1006 est
2705 951 2844 1005 istud
2879 969 2892 1005 :

1896 1035 1986 1088 45.
2025 1035 2088 1089 Ει
2115 1047 2198 1092 est
2226 1039 2475 1094 mirabile
2498 1040 2552 1094 in
2575 1041 2750 1096 oculis
2781 1043 2996 1095 nostris.

1899 1128 1985 1182 46.
2021 1127 2143 1185 Haec
2168 1139 2253 1186 est
2276 1132 2414 1197 dies,
2449 1148 2612 1201 quam
2643 1134 2769 1190 fecit
2796 1135 3058 1189 Dominus

1900 1219 1986 1274 47.
2014 1219 2357 1277 Exsultemus
2380 1233 2433 1277 et
2463 1223 2704 1280 laetemur
2729 1226 2781 1278 in
2814 1240 2896 1280 ea.

1898 1309 1985 1364 48.
2020 1311 2063 1364 υ
2087 1310 2312 1368 Domine
2335 1355 2350 1380 ,
2386 1315 2594 1369 salvum
2625 1330 2711 1370 me
2738 1313 2821 1369 fac
2845 1336 2857 1369 :

1899 1399 1986 1452 49.
2026 1398 2070 1454 0
2101 1401 2348 1469 Domine,
2380 1403 2517 1459 bene
2544 1420 2898 1475 prosperare:

2021 1490 2343 1548 Benedictus
2367 1495 2464 1564 qui
2492 1497 2637 1550 venit
2659 1497 2710 1549 in
2735 1498 2949 1550 nomine
2982 1498 3210 1551 Domim.

1904 1583 1992 1636 51.
2020 1582 2405 1642 Benedixirnus
2423 1588 2576 1642 vobis
2596 1587 2662 1642 de
2683 1588 2841 1642 domo
2870 1586 3080 1642 Domini
3113 1606 3126 1642 ;

1905 1674 1993 1726 52.
2027 1674 2170 1731 Deus
2198 1677 2459 1734 Dominus
2488 1689 2543 1733 et
2576 1679 2752 1733 illuxit
2785 1679 2960 1734 nobis.

1905 1761 1992 1815 55.
2029 1763 2355 1820 Constituite
2391 1767 2530 1821 diem
2565 1768 2859 1822 solemnem
2886 1769 2938 1820 in
2966 1767 3268 1822 condensis.

1905 1854 1991 1908 54.
2018 1853 2200 1926 Usque
2227 1858 2293 1913 ad
2319 1873 2488 1914 cornu
2522 1859 2728 1915 altaris.

1281 2003 1652 2060 ATHANASII
1691 2004 2274 2068 INTERPBETATIO.

239 2117 332 2173 39.
366 2117 428 2170 Οἱ
459 2134 736 2188 μισουντες
761 2119 826 2170 τα
856 2119 1079 2190 πονηρά.

241 2210 336 2263 40.
364 2208 690 2263 Ταπεινώσω
739 2209 968 2279 ἐμαυτὸν
1018 2209 1121 2261 ὑπὸ
1157 2209 1254 2279 τὴν
1299 2210 1456 2280 χάριν
1492 2227 1606 2275 σου,
1649 2209 1732 2262 ὅτι

159 2300 484 2370 ἐπήκουσπ
516 2316 634 2368 μου.

244 2389 336 2441 41.
376 2387 475 2438 Καὶ
501 2386 762 2456 ὑπάρχεις
785 2404 885 2455 μου
915 2387 1154 2456 σωτηρία
1183 2386 1283 2455 (1).

241 2479 332 2531 42.
367 2478 467 2530 Τὸν
499 2478 621 2532 Υἰὸν
662 2477 755 2531 τοῦ
797 2478 1119 2548 ἀνθρώπου,
1167 2478 1225 2530 ὃν
1276 2478 1634 2545 ὲξουδένωσαν
1683 2481 1733 2530 οἱ

159 2569 434 2638 ἄρχοντες
476 2566 584 2619 τῶν
631 2566 932 2632 Ἰουδαίων,
969 2568 1062 2618 καὶ
1103 2567 1151 2618 0i.
1196 2567 1349 2634 σοφοὶ
1391 2565 1485 2618 τοῦ
1529 2565 1732 2634 κόσμου

157 2658 387 2711 τούτου.

247 2746 336 2800 45.
369 2741 532 2809 Οὗτος
552 2745 830 2814 ἀνεδείχθη
855 2745 924 2796 τε
966 2745 1265 2814 ἐπουράνια
1304 2743 1501 2804 πάντα,
1541 2744 1632 2795 καὶ
1667 2743 1734 2796 τὰ

163 2837 396 2906 ἐπίγεια
453 2839 608 2907 μόνον
646 2839 719 2904 (2)
766 2836 1052 2906 περιέχων,
1099 2836 1192 2886 καὶ
1228 2835 1402 2887 πάντα
1452 2834 1732 2896 συνιστῶν,

161 2931 268 2982 καὶ
290 2931 474 2982 ἐπανω
503 2929 716 2981 πάντων
743 2927 835 2989 ὣν,
883 2929 974 2979 καὶ
1005 2927 1204 2996 μείζων
1222 2927 1435 2978 πάντων
1454 2926 1730 2997 ὑπάρχων.

240 3020 334 3072 44.
366 3020 520 3089 Παρά
549 3019 638 3071 τοῦ
667 3019 932 3090 Πατρὸςὴ
961 3017 1229 3088 μαρτυρία
1273 3017 1407 3088 αὕτη
1444 3017 1734 3088 γεγένηται

160 3110 426 3176 λέγοντος
449 3125 461 3136 ’
503 3105 685 3174 αὗτός
717 3110 886 3162 ἐστιν
915 3112 945 3161 ό
990 3109 1118 3173 Υἱός
1148 3126 1263 3177 μου
1289 3112 1320 3161 ὀ
1351 3109 1671 3176 ἀγαπητός.

247 3202 339 3256 45.
370 3202 475 3255 Καὶ
501 3202 668 3271 ἡμεῖς
696 3201 1062 3271 ἐθεασάμεθα
1089 3203 1200 3270 τὴν
1225 3201 1411 3265 δόξαν
1438 3202 1624 3256 αὑτοῦ
1647 3202 1731 3255 δύ·

168 3295 299 3358 ξαν
329 3294 407 3359 ὡς
428 3293 805 3363 Mororuqu
831 3294 987 3361 παρὰ
1017 3294 1265 3360 Πατρός,
1292 3291 1540 3360 πλήρης
1567 3291 1733 3360 χάρι-

161 3405 281 3453 τος
314 3386 411 3439 καὶ
439 3386 745 3451 ἀληθείας.

1761 2129 1802 2182 Β
1899 2125 1988 2179 59.
2022 2124 2158 2181 Odio
2184 2128 2441 2184 habentes
2479 2129 2638 2185 mala.

1908 2216 1996 2271 40.
2034 2217 2344 2275 Humiliabo
2366 2236 2452 2274 me
2477 2222 2648 2290 ipsum
2674 2221 2777 2275 sub
2797 2220 2969 2290 gratia
2998 2230 3110 2283 tua,
3136 2220 3391 2288 quoniam

1837 2311 2103 2365 exaudisti
2133 2327 2239 2367 me.

1908 2399 1996 2454 41.
2032 2399 2093 2454 Et
2114 2401 2260 2456 salus
2289 2416 2406 2456 mea
2433 2418 2512 2457 es.

1907 2491 1995 2545 42.
2030 2491 2224 2548 Filium
2253 2494 2510 2560 hominis,
2552 2511 2712 2564 quem
2743 2495 3162 2564 reprobaverunt
3191 2495 3393 2564 princi-

1841 2599 1934 2652 pes
1958 2582 2290 2650 Judaeorum,
2317 2595 2371 2640 et
2403 2588 2674 2656 sapientes
2711 2588 2870 2657 bnjus
2908 2587 3092 2640 mundi

1911 2765 1999 2819 45.
2030 2763 2126 2819 Hic
2152 2765 2457 2821 declaratus
2484 2776 2568 2822 est
2592 2767 2740 2821 solus
2764 2765 3047 2821 continens
3066 2766 3266 2818 omnia.
3291 2781 3370 2819 cna

1844 2858 2031 2923 lestia,
2081 2867 2135 2913 et
2184 2869 2394 2913 terrena
2418 2898 2433 2917 .
2461 2869 2515 2913 et
2543 2859 2724 2912 omnia
2764 2860 3111 2919 conﬁrmans,
3147 2867 3201 2911 et
3238 2873 3397 2926 super

1841 2951 2043 3012 omnia,
2077 2961 2130 3004 et
2157 2950 2330 3019 major
2357 2950 2611 3004 omnibus
2653 2949 2940 3004 exsistcns.

1911 3043 1979 3096 44
2025 3044 2067 3095 Α
2099 3043 2258 3096 Patre
2280 3043 2328 3097 ei
2358 3042 2726 3097 testimonium
2759 3041 3025 3094 redditum
3049 3047 3129 3093 est
3148 3038 3391 3093 dicente;

1845 3134 1947 3186 llic
1975 3147 2048 3188 est
2087 3134 2260 3188 Filius
2286 3151 2427 3187 meus
2455 3133 2669 3186 dilectus
2686 3134 2751 3186 ⁸³.

1913 3227 2000 3279 45.
2039 3226 2106 3278 Et
2152 3242 2242 3278 nos
2286 3226 2507 3278 vidimus
2557 3225 2778 3293 gloriam
2822 3226 2968 3294 ejus,
3002 3226 3223 3295 gloriam
3249 3225 3398 3295 quasi

1848 3316 2114 3386 L’nigeniti
2137 3334 2166 3369 ιι
2191 3315 2368 3378 Patre,
2393 3315 2598 3384 plenum
2629 3318 2816 3385 grutiw
2837 3356 2850 3379 ,
2882 3328 2930 3370 et
2964 3318 3194 3369 veritatis
3227 3317 3290 3368 ⁵⁸.

248 3478 341 3531 46.
387 3477 450 3530 ἸΙ
477 3477 654 3539 πίστις
687 3475 846 3529 αὐτοῦ
879 3477 992 3526 ἐστι
1022 3475 1081 3526 τὸ
1118 3473 1230 3543 φῶς
1278 3475 1339 3526 τὸ
1383 3475 1579 3544 ἀληθές
1607 3475 1702 3545 (5).

1905 3494 1990 3546 46.
2025 3492 2186 3548 Fides
2217 3495 2336 3564 ejus
2369 3505 2446 3549 est
2488 3497 2577 3549 lux
2605 3511 2726 3548 vera
2759 3515 2770 3550 :

246 3570 339 3623 47.
381 3566 852 3638 Ἀγαλλιασὼμεθα
893 3563 985 3619 οὖν
1033 3569 1088 3619 ἐν
1137 3567 1409 3635 [Ινεύματι
1466 3567 1605 3636 ἁγίῳ
1636 3567 1734 3637 (4),

166 3664 273 3717 καὶ
301 3661 688 3733 εὐφρανθῶμεν
719 3663 776 3713 ὲν
803 3661 955 3730 αὐτῇ.

247 3755 332 3807 48.
365 3751 603 3822 Δεόμεθά
637 3769 751 3815 σου,
780 3752 946 3823 Κύριε
979 3751 1074 3818 (ῖὶ).

249 3846 337 3898 49.
371 3844 698 3916 Κατάρτισαι
723 3845 819 3907 τὰς
852 3843 1075 3914 καρδίας
1102 3843 1256 3913 ἡμῶν
1293 3845 1349 3894 ὲν
1385 3840 1610 3912 ἀληθείᾳ
1647 3858 1740 3893 πο-

167 3933 455 4006 ρεύεσθαι.

247 4029 342 4083 50.
375 4026 545 4080 Τοῦτο
586 4027 796 4097 εῑρηται
849 4025 998 4094 παρὰ
1037 4025 1143 4075 τῶν
1197 4024 1401 4076 παίδων
1457 4023 1565 4075 τῶν
1609 4023 1737 4075 Ἰου-

161 4120 366 4179 δαίων,
391 4120 520 4172 ὅταν
547 4113 684 4170 εἶδον
725 4116 886 4170 αὑτὸν
938 4116 1028 4167 ἐπὶ
1067 4114 1160 4167 τοῦ
1194 4115 1372 4166 πώλου
1412 4115 1737 4184 καθήμενον,
1786 4150 1792 4155 -

165 4211 274 4264 καὶ
304 4210 492 4262 ἔλαϐον
523 4209 590 4262 τὰ
617 4208 762 4278 βάῖα.

251 4302 340 4355 5-1.
364 4302 425 4351 υἱ
447 4300 729 4353 ἀπόστολοι
768 4298 1095 4369 κηρύσσουσι
1115 4294 1433 4368 [ἐκήρυξαν]
1471 4293 1740 4356 Ἰουδαίοις

167 4395 278 4447 καὶ
351 4392 573 4461 Ἕλλησι
630 4391 915 4458 λέγοντες·
964 4387 1446 4459 Εὑηγγελισάμεθα
1496 4388 1624 4456 ὑμῖν
1673 4385 1741 4437 τὰ

165 4483 443 4553 εἰρημένα
491 4482 600 4535 τῶν
649 4479 939 4551 προφητῶν
979 4481 1103 4532 περὶ
1146 4478 1238 4531 τοῦ
1271 4478 1489 4548 Κυρίου,
1523 4479 1602 4530 ὅτι
1647 4493 1740 4528 πε-

165 4574 495 4641 πλήρωνται
515 4571 614 4640 (6).

249 4664 336 4715 52.
381 4663 465 4724 Ὠς
503 4662 608 4732 γὰρ
639 4660 710 4713 ὢν
745 4664 770 4715 ὀ
805 4662 881 4731 (7)
909 4661 1038 4723 Θεὸς
1084 4659 1288 4732 Ἰησοῦς
1339 4660 1537 4729 Κύριος
1585 4657 1737 4728 ὤφθη

162 4755 269 4807 ἐπὶ
299 4755 399 4823 τῆς
431 4754 550 4824 γῆς.

1912 3585 2001 3638 47.
2030 3584 2379 3640 Exsultemus
2413 3587 2576 3656 igitur
2604 3588 2654 3638 in
2686 3586 2887 3655 Spiritu
2925 3596 3111 3640 sancto
3132 3630 3144 3649 ,
3175 3597 3225 3639 et
3253 3587 3397 3641 late—

1841 3693 1960 3728 llllll‘
1994 3693 2045 3729 III
2075 3694 2157 3731 ea.

1909 3768 1995 3821 48.
2025 3767 2316 3821 Precamur
2353 3775 2424 3829 te,
2467 3764 2711 3818 Domine.

1911 3861 1996 3913 49.
2037 3860 2238 3914 Perﬁce
2262 3859 2426 3913 corda
2451 3867 2659 3923 nostra,
2680 3867 2737 3912 ut
2759 3859 2810 3911 in
2836 3858 3059 3913 veritate
3081 3859 3396 3930 procedant,

1912 4034 1998 4088 50.
2035 4033 2146 4088 lloc
2171 4033 2375 4089 dictum
2402 4041 2485 4088 est
2523 4049 2551 4087 a
2582 4035 2765 4102 pueris
2807 4031 3137 4097 Judmorutn,
3165 4047 3286 4086 cum
3316 4032 3397 4085 vi-

1841 4127 2036 4182 derunt
2064 4142 2188 4179 eum
2221 4126 2494 4180 sedentem
2524 4138 2688 4194 super
2716 4124 2958 4192 pullum,
2995 4133 3050 4177 et
3080 4137 3400 4192 acceperunt

1841 4216 2045 4284 palmas
2068 4218 2132 4270 ⁵⁸.

1912 4308 1998 4360 5l.
2030 4305 2270 4374 Apostoli
2318 4304 2610 4372 praedicant
2662 4303 3134 4375 [praedicaverunt]
3176 4302 3376 4358 Inda-is

1839 4407 1893 4450 et
1918 4395 2206 4466 gentilibus
2247 4393 2490 4449 dicentes
2521 4411 2535 4447 :
2568 4392 3021 4447 Annuntiavimus
3055 4393 3230 4456 vobis.
3277 4409 3398 4461 qua:

1842 4489 1981 4543 dicta
2008 4497 2134 4540 sunt
2161 4501 2190 4538 a
2219 4485 2492 4554 prophetis
2521 4485 2588 4538 de
2611 4482 2864 4546 Domino,
2895 4484 3110 4554 impleta
3150 4500 3288 4540 esse.

1913 4657 1998 4710 5'2.
2033 4657 2503 4724 Quandoquidem,
2525 4669 2649 4710 eum
2683 4664 2827 4708 esset
2855 4653 3015 4718 Deus,
3041 4668 3195 4708 .esus
3213 4652 3396 4708 Domi-

1846 4767 1948 4804 nus
1977 4751 2125 4805 visns
2150 4759 2233 4803 est
2256 4749 2307 4802 in
2339 4759 2502 4802 terra.

375 4845 570 4899 Λοιπὸν
593 4847 621 4899 ὁ
657 4845 856 4916 Κύριος
889 4847 1023 4918 πρὸς
1067 4845 1192 4908 τοὺς
1240 4845 1600 4905 ἀποστόλους
1639 4843 1739 4894 Συ-

1913 4839 2000 4893 5'5.
2036 4840 2234 4893 Deinde
2263 4838 2526 4892 Dominus
2566 4838 2631 4891 ad
2666 4837 2942 4906 apostolos
2981 4837 3112 4890 dicit
3141 4855 3154 4892 :
3183 4838 3400 4891 Consti-

163 4939 450 5008 στήσασθε
490 4938 660 5009 χαρὰν
697 4939 1059 5006 ἀνεκλαλητον
1104 4939 1214 4998 τοῖς
1256 4935 1607 5004 ἀποθεμένοις
1642 4934 1741 5003 τὴν

166 5028 523 5098 σκληρότητα
542 5030 640 5099 τῆς
667 5028 896 5100 καρδίας
922 5028 1121 5090 αὐτῶν,
1148 5029 1241 5080 καὶ
1266 5027 1365 5097 ἤδη
1404 5025 1654 5078 ἀνθοῦσιν
1683 5025 1740 5075 ὲν

161 5125 242 5191 τῇ
277 5120 476 5178 πίστει.

246 5210 337 5264 Si.
366 5211 512 5279 ’Ἅμα
538 5215 654 5273 ταῖς
685 5212 1031 5279 ὲπουρανίαις
1053 5210 1344 5274 δυνάμεσιν
1388 5207 1734 5273 ἀγαλλιᾶσθε.

1847 4933 1974 4983 tuite
2039 4931 2291 4999 gaudium
2352 4927 2620 4982 ineffabile
2683 4926 3078 4995 deponentibus
3143 4926 3397 4981 duritiam

1845 5024 2025 5077 cordis
2049 5026 2152 5084 sui,
2181 5033 2232 5075 et
2258 5022 2372 5090 jam
2407 5021 2459 5075 in
2485 5020 2591 5075 ﬁde
2611 5019 2946 5074 ﬂorentibus.

1916 5204 2002 5257 54.
2033 5203 2146 5258 Una
2179 5219 2302 5256 cum
2326 5201 2635 5256 coelestibus
2662 5199 2950 5254 virtutibus
2975 5198 3256 5254 cxsullatc.

245 5343 292 5372 ⁸³
321 5341 510 5396 .llatth.
544 5358 673 5406 xvn,
700 5345 750 5397 5.
832 5345 877 5375 5‘
916 5343 1069 5397 Joan.
1109 5359 1146 5405 I,
1179 5343 1259 5396 14.
1319 5343 1364 5373 ³⁸
1395 5341 1579 5394 Matth.
1623 5357 1734 5404 xxi,
1780 5341 1829 5402 7,
1858 5340 1908 5393 9.

1135 5459 1439 5523 Addenda
1485 5466 1544 5519 ct
1592 5458 1964 5535 corrigenda
2001 5474 2073 5515 ex
2109 5472 2246 5514 eoo.
2291 5454 2492 5513 Vntic.

242 5561 322 5627 (l)
358 5559 462 5610 Μοι
495 5560 574 5623 εἰς
596 5559 881 5629 σωτηρίαν.

243 5629 326 5691 (9.)
365 5629 558 5689 Μόνος.

241 5701 322 5766 (5)
359 5697 652 5766 Ἀληθινὸν.

242 5769 319 5837 (4)
342 5767 812 5838 Ἀγαλλιασώμεθα
833 5772 925 5824 σὺν
947 5770 1019 5839 τῷ
1043 5770 1313 5840 ΙΙνευματι
1343 5768 1415 5838 τῷ
1448 5769 1606 5838 ἁγίῳ,
1633 5779 1735 5823 etc.

1910 5557 1987 5618 (ὃ)
2020 5555 2214 5624 Δέομαί
2248 5571 2362 5611 σου,
2386 5552 2548 5624 Κρριε

1913 5629 1987 5688 (li)
2019 5619 2512 5693 Ιιὶὺαγγελιζὸμεθα.
2533 5634 2662 5684 etc.,
2698 5619 3070 5693 πεπλήρωται.

1912 5697 1987 5766 i7)
2028 5699 2085 5749 Ὀ
2123 5698 2290 5749 deest.
