4110 6318
699 330 835 388 H75

769 453 854 511 55.
891 456 1032 514 Deus
1055 475 1208 517 meus
1238 478 1297 518 es
1330 473 1409 528 tu,
1437 473 1491 518 et
1523 467 1819 521 conﬁtebor
1844 468 1941 522 tibi
1976 488 1987 522 :

767 546 855 604 56.
884 547 1026 605 Deus
1056 567 1210 608 meus
1233 570 1292 610 es
1328 565 1404 621 tu,
1440 566 1494 610 et
1520 558 1768 612 exaltabo
1798 570 1869 614 te.

768 639 854 695 57.
884 641 1193 699 Conlltebor
1220 647 1335 709 tibi.
1360 649 1616 717 quoniam
1651 652 1917 706 exaudisti
1945 667 2029 707 me
2065 694 2074 705 .

772 733 860 790 58.
892 733 957 789 Et
982 734 1156 793 factus
1192 753 1251 794 es
1284 738 1414 793 mihi
1438 740 1491 793 in
1532 741 1783 799 salutem.

769 824 855 880 59.
885 824 1227 882 Conlitemini
1258 826 1505 892 Domino,
1530 832 1787 898 quoniam
1817 832 2013 893 bonus,

771 917 856 973 60.
886 917 1152 983 Quoniam
1181 921 1234 973 in
1263 921 1521 975 saeculum
1545 923 1919 978 misericordia
1945 923 2082 993 ejus.

1013 1010 1243 1065 suum
1272 1013 1382 1085 (τ)
1444 1012 1577 1069 PSA
1592 1012 1648 1069 ι..
1681 1013 1775 1069 cx
1793 1013 1957 1070 vm.

776 1102 823 1155 l.
862 1100 1005 1157 Beati
1037 1105 1369 1159 immaculati
1401 1108 1453 1161 in
1488 1107 1595 1170 via,
1630 1108 1721 1178 qui
1756 1108 2039 1162 ambulant
2065 1109 2117 1161 in
2150 1109 2263 1177 lege

711 1193 946 1251 Domini.

774 1284 827 1338 2.
863 1280 1008 1340 Beati
1044 1287 1135 1355 qui
1176 1298 1490 1345 scrutantur
1532 1290 1837 1344 testimonia
1865 1292 2004 1357 ejus,
2049 1288 2099 1341 in
2152 1297 2264 1342 toto

707 1376 869 1430 corde
893 1380 1181 1447 exquirant
1210 1396 1357 1435 eum.

778 1466 829 1519 5.
866 1465 982 1521 Non
1016 1468 1159 1523 enim
1193 1473 1285 1540 qui
1320 1480 1613 1541 operantur
1661 1472 2021 1541 iniquitatem,
2069 1473 2121 1525 in
2169 1472 2267 1526 viis

710 1556 826 1623 ejus
863 1559 1293 1617 ambulaverunt.

778 1647 829 1701 4.
863 1646 943 1702 Tu
974 1651 1242 1706 mandasti
1280 1654 1532 1707 mandata
1567 1662 1685 1714 tua.
1708 1654 1970 1709 custodiri
2013 1653 2194 1707 nimis.

1533 340 1588 395 S.
1630 341 2000 398 ATllANASll
2037 343 2185 400 OPP.
2223 343 2399 399 PARS
2437 344 2523 402 lll.
2564 376 2633 387 -—-
2675 342 3075 402 EXEGETICA.

3787 348 3910 401 H76

2284 473 2330 528 Α
2429 467 2517 522 55.
2543 468 2675 529 Θεός
2705 485 2803 538 μου
2829 464 2878 520 εἴ
2915 468 3000 527 σὺ,
3025 468 3117 520 καὶ
3149 465 3613 535 ὲξομολογήσομαι
3646 481 3725 519 σοι
3749 482 3766 495 ·

2431 559 2517 614 56.
2545 560 2676 623 Θεός
2713 576 2812 630 μου
2841 554 2888 612 εἰ
2920 561 3006 621 σὺ,
3041 562 3133 612 καὶ
3160 558 3357 627 aqua.»
3386 574 3467 613 σε.

2429 648 2515 702 57.
2564 648 3058 720 Ἑξομολογήσομαῑ
3089 664 3190 710 σοι,
3214 649 3293 701 ὅτι
3318 647 3629 717 ὲπήκουσάς
3661 663 3761 717 μου
3784 662 3802 677 ο

2433 738 2521 794 58.
2560 740 2668 792 Καὶ
2694 740 2877 807 ἐγένου
2913 756 3001 809 μοι
3029 740 3107 801 εἰς
3144 738 3427 809 σωτηρίαν.

2432 828 2519 883 59.
2564 828 2996 899 Ἐξομολογεϊσθε
3019 827 3093 897 τῷ
3133 828 3338 897 Κυρίῳ,
3366 829 3447 880 ὅτι
3485 826 3709 894 ἀγαθὸς,

2433 918 2518 974 60.
2553 921 2674 975 Ὀτι
2703 922 2783 984 εἰς
2806 922 2895 972 τὸν
2928 919 3099 973 αἰῶνα
3124 920 3184 971 τὸ
3213 918 3356 981 ἔλεος
3384 918 3569 971 αὐτοῦ.

2759 1013 3124 1078 Ἀλληλούτα
3159 1014 3330 1065 tua.
3362 1008 3523 1065 PIH’.

2438 1105 2487 1159 1.
2520 1104 2789 1176 Μακάριοι
2809 1106 2858 1157 οἱ
2892 1105 3108 1174 ἄμωμοι
3138 1105 3195 1155 ἐν
3220 1102 3345 1172 ὀδῷ,
3380 1105 3427 1154 οι
3466 1102 3827 1172 πορευόμενοι
3869 1103 3927 1153 tv

2365 1196 2514 1265 νόμῳ
2539 1195 2762 1266 Κυρίου.

2435 1286 2487 1340 ἓ.
2515 1287 2791 1357 Μακάριοι
2828 1288 2875 1339 οι
2903 1286 3288 1357 ἐξερευνῶντες
3316 1284 3384 1336 τὰ
3428 1283 3709 1354 μαρτύρια
3747 1281 3924 1345 αὑτοῦ.

2369 1380 2423 1431 ἐν
2461 1377 2559 1449 ὅλῃ
2585 1378 2780 1448 καρδίᾳ.
2813 1377 3203 1448 ἐκζητήσωσιν
3228 1376 3409 1428 αὐτόν.

2438 1470 2489 1524 3.
2517 1471 2589 1543 Οὐ
2622 1470 2728 1539 γὰρ
2749 1470 2797 1521 οἱ
2820 1466 3171 1539 ἐργαζόμενοι
3199 1468 3295 1537 τὴν
3318 1466 3544 1537 ἀνομίαν
3570 1469 3628 1519 ὲν
3661 1467 3779 1527 ταῖς
3800 1464 3929 1525 ὁδοῖς

2369 1558 2530 1612 αὑτοῦ
2565 1557 2955 1627 ἐπορεύθησαν.

2440 1650 2490 1703 4.
2522 1652 2593 1702 Σὺ
2648 1650 2895 1703 ἐνετείλω
2934 1648 3032 1711 τὰς
3061 1647 3275 1711 ἐντολάς
3304 1664 3397 1700 σου
3419 1686 3433 1710 ,
3468 1648 3562 1699 τοῦ
3599 1644 3930 1715 φυλάξασθαι

2376 1740 2594 1810 σΨόδρα.

783 1827 833 1881 5.
869 1824 1084 1883 Utinam
1125 1830 1427 1900 dirigantur
1462 1832 1560 1887 via:
1591 1848 1742 1896 mea,
1780 1832 1846 1886 ad
1886 1830 2270 1886 custodiendas
2304 1807 2344 1861 Β

2447 1832 2496 1884 5.
2516 1807 2757 1899 -Ὅφελον
2785 1825 3272 1897 κατευθυνθείησαν
3296 1830 3351 1881 αἱ
3379 1828 3487 1881 ὁδοί
3512 1844 3638 1897 μου,
3659 1828 3754 1880 τοῦ
3783 1826 3938 1895 φυλά-

706 1916 1119 1988 justiﬂcationes
1150 1928 1291 1975 tuas.

781 2008 833 2063 6.
867 2007 1018 2065 Tunc
1051 2026 1158 2064 non
1185 2012 1487 2067 confundar
1509 2035 1517 2045 -
1541 2029 1661 2067 eum
1697 2027 2019 2083 perspexero
2051 2014 2101 2066 in
2154 2028 2269 2066 om-

712 2105 875 2160 nibus
898 2106 1165 2161 mandatis
1195 2107 1323 2161 tuis.

2379 1920 2567 1984 ξασθαι
2595 1920 2662 1973 τὰ
2694 1918 3039 1989 δικαιώματά
3065 1936 3176 1975 σου.

2447 2010 2497 2064 6.
2528 2013 2657 2064 Τότε
2692 2013 2752 2064 οὑ
2782 2011 2855 2083 μὴ
2876 2011 3167 2082 αἰτχυνθῶ,
3196 2014 3253 2064 ὲν
3283 2008 3359 2080 τῷ
3386 2026 3453 2079 με
3501 2008 3819 2062 ἐπιϐλέπειν
3849 2009 3940 2063 ἰπὶ

2380 2107 2560 2168 πάσας
2592 2106 2691 2168 τὰς
2716 2104 2932 2159 ὲντολά·
2958 2120 3070 2156 σου.

1825 2219 2200 2276 ΑτιιΑΝΑδιι
2246 2218 2821 2277 INTEBPBETATIO.

789 2332 873 2400 55,
910 2335 996 2389 56.
1037 2334 1424 2408 Unusquisque
1468 2341 1803 2395 credentium
1853 2343 2080 2398 audiens
2120 2360 2272 2399 amo-

2444 2341 2529 2405 55,
2561 2340 2645 2395 56.
2685 2342 2760 2411 (Ι)
2797 2343 3063 2404 Ἕκαστος
3098 2340 3205 2393 τῶν
3249 2340 3679 2405 πιστευσάντων,
3711 2341 3943 2403 ἀκούσας

716 2440 851 2487 rem.
891 2434 945 2481 et
988 2427 1196 2484 viscera
1222 2429 1463 2484 cruciﬁxi
1507 2442 1722 2501 propter
1759 2448 1881 2501 nos,
1916 2436 2048 2489 dicit
2081 2456 2090 2488 :
2137 2435 2274 2490 Deus
2373 2453 2401 2487 τ

2393 2434 2467 2506 ὴν
2502 2434 2742 2501 ἀγάπην,
2777 2434 2868 2488 καὶ
2896 2434 2965 2485 τά
2996 2434 3273 2501 σπλάγχνα
3306 2432 3401 2484 τοῦ
3438 2434 3848 2504 σταυρωθέπος
3875 2434 3944 2487 δι’

716 2532 859 2570 meus
900 2533 954 2570 es
997 2526 1072 2581 tu,
1116 2528 1163 2572 et
1211 2522 1514 2589 conﬁtebor,
1569 2539 1653 2578 me
1708 2526 1881 2595 ipsum
1935 2528 2271 2597 redemptqu
2372 2528 2401 2597 ἡ

2393 2528 2536 2597 ὶμᾶς.
2569 2525 2741 2593 λέγει·
2777 2526 2920 2590 Θεός
2956 2542 3075 2594 μου
3112 2521 3285 2587 εῐσὺ,
3319 2527 3415 2577 καὶ
3464 2528 3705 2596 ἐμαυτὸν
3738 2530 3945 2595 (Spole-

716 2620 836 2661 esse
859 2608 1098 2676 pretioso
1135 2619 1228 2664 tuo
1258 2615 1543 2684 sanguine.

787 2694 876 2761 57,
904 2696 991 2751 58.
1027 2696 1168 2754 Deus
1197 2716 1350 2756 meus
1382 2719 1440 2757 es
1478 2712 1557 2767 tu,
1593 2714 1646 2759 et
1672 2706 1986 2776 gloriﬁcabo
2030 2719 2081 2764 te
2114 2728 2126 2763 :
2160 2722 2271 2763 trao

2373 2616 2536 2685 γήσω
2574 2615 2934 2687 ὲξηγορᾶσϐαι
2974 2613 3051 2684 τῷ
3082 2616 3245 2685 τιμίῳ
3280 2633 3371 2668 σου
3401 2616 3622 2684 αἵματι.

2445 2707 2533 2766 57.
2564 2706 2650 2760 58.
2684 2706 2816 2769 Θεός
2851 2723 2951 2775 μου
2986 2701 3036 2757 εἷ
3072 2706 3156 2768 σὺ,
3212 2707 3303 2759 καὶ
3356 2704 3566 2770 δοξάσω
3610 2721 3701 2757 σε’
3732 2704 3947 2757 inﬁmae

717 2788 840 2842 dam
872 2803 957 2843 me
1000 2788 1135 2859 ipse,
1183 2794 1439 2861 quoniam
1484 2810 1591 2849 non
1635 2808 1916 2859 aversatus
1949 2815 2007 2853 es
2052 2817 2157 2867 me,
2185 2802 2276 2856 sed
2376 2800 2401 2851 ἱ

2393 2798 2629 2867 ;μαυτδν,
2687 2797 2768 2849 ὅτι
2814 2797 2913 2848 οὐκ
2943 2797 3293 2866 ἀπεστράφης
3337 2814 3423 2865 με,
3476 2796 3593 2849 ἀλλ’
3626 2796 3947 2867 ἀπεδεξχθης

719 2888 971 2935 ostensus
994 2896 1052 2935 es
1083 2882 1297 2946 adjutor
1326 2885 1454 2939 mihi
1485 2887 1537 2939 in
1570 2888 1822 2941 salutem.

790 2968 877 3025 59.
906 2968 963 3024 In
990 2980 1102 3027 toto
1123 2974 1285 3028 corde
1304 2975 1669 3045 deprecamini
1703 2993 1849 3039 eum,
1883 2984 2141 3048 quoniam
2182 2982 2276 3034 bo-

722 3072 824 3113 nus
853 3067 955 3113 est.

792 3149 882 3205 60.
914 3151 1180 3218 Quoniam
1224 3169 1330 3209 non
1360 3158 1551 3212 avertit
1589 3174 1617 3215 a
1662 3160 1819 3216 nobis
1849 3162 2275 3218 misericordiam

2380 2889 2568 2959 βοηθός
2602 2905 2702 2956 μου
2734 2889 2811 2949 εἰς
2849 2886 3139 2956 σωτηρίαν.

2452 2983 2539 3034 59.
2586 2981 2672 3032 Ἐν
2702 2980 2796 3047 ὅλῃ
2823 2978 3015 3049 καρδίᾳ.
3047 2976 3407 3049 προσεύχεσθε
3440 2977 3609 3045 αὐτῷ,
3635 2979 3716 3031 ὅτι
3752 2977 3948 3045 ἀγαθός

2383 3070 2546 3125 ἐστιν.

2454 3160 2538 3213 60.
2567 3162 2688 3212 Ὅτι
2720 3161 2819 3212 οὑκ
2848 3160 3173 3231 ἀπεστράφη
3198 3160 3290 3228 ἀφ’
3316 3161 3472 3231 ἡμῶν
3502 3162 3564 3215 τὸ
3590 3161 3739 3226 ἔλεος
3764 3160 3946 3215 αὑτοῖν.

804 3335 865 3388 Ἦ
898 3340 1230 3410 προκειμένη
1279 3342 1556 3415 ἐπιγραφὴ
1601 3344 1844 3414 περιέχει
1872 3362 1885 3374 ·
1931 3345 2281 3411 Ἀλληλούῖα
2301 3386 2317 3409 ,
2372 3348 2508 3417 ὅπερ
2536 3345 2893 3417 ἑρμηνεύεται
2917 3339 3160 3416 [exirein
3187 3342 3293 3395 τὸν
3327 3342 3473 3395 ὄντα
3501 3341 3679 3415 Θεὸν]
3699 3343 3950 3412 διάφορος

724 3424 1026 3500 [διαφόρως
1043 3429 1083 3501 ],
1110 3433 1188 3496 εις
1221 3432 1387 3501 ὕμνον
1410 3434 1505 3486 καὶ
1525 3429 1669 3487 αἶνον
1699 3437 1843 3506 ἡμᾶς
1873 3434 1965 3488 τοῦ
1990 3435 2122 3492 Θεοῦ
2153 3438 2615 3508 προτρεπομένου.
3230 3518 3233 3519 ν

796 3518 1010 3577 Titulus
1041 3526 1361 3593 praepositus
1392 3528 1664 3582 continet:
1702 3528 1950 3596 Alleluia,
1983 3531 2124 3599 quod
2161 3532 2544 3599 interpretatur
2578 3528 2814 3601 [laudate
2843 3544 2981 3594 eum,
3028 3529 3117 3599 qui
3151 3518 3289 3581 Deus
3322 3524 3421 3594 ut]
3450 3527 3602 3581 varie
3625 3542 3723 3581 nos
3761 3526 3953 3582 adhor'

727 3622 874 3669 tante
902 3613 1011 3671 Deo
1035 3617 1099 3670 ad
1127 3620 1395 3675 canticum
1440 3633 1493 3677 et
1517 3623 1751 3677 laudem.

799 3705 850 3759 l.
881 3704 1052 3771 Beati,
1086 3712 1177 3777 qui
1223 3713 1521 3767 secundum
1553 3713 1676 3781 Job,
1711 3716 1984 3773 abstinent
2024 3718 2091 3772 ab
2136 3719 2284 3773 omni
2314 3724 2355 3779 C

2461 3718 2507 3774 l.
2546 3717 2818 3786 Μακάριοι
2848 3717 2896 3767 οι
2931 3713 3072 3767 κατά
3097 3714 3187 3766 τὸν
3230 3711 3367 3776 Ἰὼϐ,
3404 3715 3451 3765 οἱ
3492 3713 3824 3782 ἀπεχόμενοι
3852 3713 3955 3767 ἆτλ

725 3813 887 3870 opere
924 3804 1089 3858 malo.

794 3893 849 3946 2.
879 3891 1025 3948 Beati
1054 3894 1168 3964 qui,
1206 3896 1259 3949 in
1287 3897 1519 3966 singulis
1548 3900 1853 3955 actionibus
1887 3900 2118 3969 probant
2158 3900 2287 3971 quid

725 3984 1144 4055 beneplacitum,
1170 3996 1223 4041 et
1266 3989 1564 4057 perlectum
1604 4006 1787 4045 coram
1831 3993 1961 4048 Deo.
1997 3991 2288 4049 Ferventes

725 4078 869 4133 circa
892 4077 1209 4132 charitatem
1238 4080 1357 4149 ejus
1396 4098 1500 4136 non
1541 4083 1933 4152 dormitabunt,
1967 4102 2153 4140 curam
2200 4088 2290 4140 lia-

726 4169 935 4231 bentcs.
972 4173 1245 4239 quomodo
1285 4188 1407 4227 eum
1454 4174 1506 4227 in
1548 4174 1682 4243 ipsis
1717 4177 1952 4245 hospitio
1998 4179 2285 4246 accipient.

795 4260 849 4315 5.
878 4258 996 4313 Non
1018 4261 1161 4315 enim
1180 4262 1423 4317 dicentes
1454 4280 1513 4318 se
1540 4280 1660 4321 esse
1692 4265 2057 4331 Christianos,
2082 4280 2134 4322 et
2160 4286 2291 4323 eon-

726 4353 1090 4425 cupiscentias
1137 4355 1323 4409 mundi
1375 4356 1656 4423 habentes,
1699 4358 1818 4428 ejus
1864 4360 2131 4415 mandatis
2161 4364 2290 4417 obe-

728 4446 902 4502 diunt.

798 4536 852 4590 4.
883 4533 967 4592 Tu
1008 4538 1235 4592 dixisti:
1273 4538 1588 4593 Maledicta:
1632 4542 1802 4594 omnis
1844 4544 1933 4609 qui
1981 4543 2109 4610 facit
2166 4558 2290 4609 opus

732 4627 827 4682 Det
854 4629 1171 4699 negligenter
1200 4630 1245 4661 "

799 4721 851 4775 5.
889 4716 984 4776 Det
1014 4722 1189 4793 gratia
1223 4729 1335 4786 tua,
1367 4732 1425 4776 ut
1462 4723 1799 4776 instruantur
1828 4724 2131 4778 voluntates
2173 4742 2293 4778 cor-

731 4813 816 4868 dis
837 4812 943 4869 mei
978 4814 1043 4867 ad
1086 4812 1525 4869 lructiﬁcandum
1576 4830 1664 4869 me
1712 4814 1763 4873 in
1810 4814 2293 4884 justilicationibus

729 4905 855 4958 tuis.

798 4996 851 5049 6.
889 4994 943 5051 ln
980 4997 1067 5051 die
1103 4996 1295 5066 judieii
1334 5013 1440 5052 non
1479 4998 1693 5052 audiam
1731 5013 1759 5049 a
1802 5006 1850 5053 te
1876 4999 2005 5051 illud
2035 4996 2153 5053 Non
2177 5000 2292 5055 uoci

729 5100 798 5149 te,
826 5089 872 5145 si
903 5104 1058 5145 mens
1081 5092 1199 5145 mea
1241 5090 1547 5146 illuminata
1586 5091 1750 5146 fuerit
1779 5093 1830 5146 in
1869 5091 2123 5145 omnibus
2158 5106 2292 5160 pra:-

726 5181 896 5249 ceptis
922 5182 1048 5237 tuis.

798 5276 847 5313 ⁵⁶
876 5273 986 5331 Jer.
1030 5292 1219 5342 nvm,
1250 5278 1336 5330 lO.

2392 3810 2589 3869 παντὸς
2623 3805 2857 3875 πονηροῦ
2890 3804 3228 3875 πράγματος.

2457 3900 2511 3952 ‘2.
2547 3900 2819 3967 Μακάριοι
2851 3900 2897 3949 οἱ
2931 3897 3049 3950 καθ’
3085 3896 3319 3966 ἑκάστην
3345 3892 3539 3964 πρᾶξιν
3565 3893 3954 3963 δοκιμάζοντες

2389 3991 2441 4043 τί
2476 3989 2535 4042 τὺ
2561 3989 2848 4058 εὐάρεστον
2876 3988 2968 4041 καὶ
2984 3987 3184 4040 τέλειον
3205 3986 3354 4057 παρὰ
3380 3983 3453 4053 τῷ
3474 3982 3608 4053 Θεῷ.
3637 3983 3850 4054 Θερμοὶ
3872 3985 3955 4037 ὕν-

2390 4100 2479 4145 τες
2511 4082 2749 4152 περἰτὴν
2771 4082 2987 4150 ἀγάπην
3014 4078 3175 4131 αὑτοῦ
3194 4080 3289 4147 οὐχ
3318 4080 3616 4130 ὑπνώσουσι
3645 4076 3955 4146 μεριμνῶν⁴

2390 4191 2503 4236 τες,
2538 4173 2652 4235 πῶς
2678 4174 2836 4225 αὑτὸν
2866 4170 3116 4235 δέξωνται
3142 4170 3344 4223 ἔνοικον
3368 4171 3567 4232 αὐτοῖς.

2461 4267 2511 4319 5.
2550 4266 2625 4317 Οὐ
2656 4264 2765 4334 γὰρ
2796 4264 2844 4315 οἱ
2870 4263 3147 4332 λεγόμενοι
3171 4257 3311 4324 εἶναι
3335 4260 3664 4331 Χριστιανοὶ,
3710 4260 3812 4311 καὶ
3863 4258 3953 4320 τὰς

2393 4357 2685 4425 ἐπιθυμίας
2710 4354 2803 4407 τοῦ
2831 4355 3032 4423 κόσμου
3063 4353 3293 4423 ἔχοντες,
3316 4357 3425 4417 τοῖς
3453 4355 3767 4424 πράγμασιν
3800 4351 3955 4423 [προ-

2396 4444 2722 4517 στάγμασιν]
2755 4446 2918 4497 αὑτοῦ
2948 4445 3236 4498 πείθονται.

2462 4540 2512 4593 4.
2550 4540 2622 4593 Σὺ
2647 4537 2826 4602 εἴπας·
2860 4537 3314 4605 Ἐπικατάρατος
3338 4535 3455 4603 πᾶς
3485 4540 3517 4590 ό
3542 4537 3723 4591 ποιῶν
3743 4536 3821 4589 τὰ
3854 4535 3955 4590 τοῦ

2393 4634 2610 4700 Κυρίου
2656 4631 2905 4700 ἀμελῶς.

2550 4725 2668 4795 Δῴη
2705 4726 2737 4795 ἡ
2766 4725 2922 4796 χάρις
2950 4741 3042 4779 σου
3068 4722 3433 4792 συνετισθῆναι
3462 4721 3530 4773 τὰ
3554 4720 3835 4790 θελήματα
3862 4718 3955 4788 τῆς

2398 4816 2623 4887 καρδίας
2646 4834 2747 4887 μου
2780 4815 2874 4869 τοῦ
2902 4818 3268 4888 καρποφορεῖν
3299 4832 3363 4886 με
3396 4818 3453 4868 ἐν
3482 4816 3592 4877 τοῖς
3621 4810 3953 4881 δικαιώμασί

2395 4924 2507 4962 σου.

2469 4997 2521 5054 6.
2557 4999 2648 5052 Ἐν
2675 5002 2739 5070 τῇ
2772 5001 2951 5070 ἡμέρᾳ
2973 5001 3069 5070 τῆς
3092 4999 3322 5070 κρίσεως
3345 5000 3405 5051 οὐ
3432 5000 3505 5068 μὴ
3545 4998 3760 5050 ἀκούσω
3806 4996 3951 5064 παρὰ

2399 5090 2492 5143 ’τοῦ
2511 5092 2593 5156 τὸ,
2626 5095 2747 5145 Οὐκ
2770 5089 2901 5146 οἶδά
2926 5110 3001 5163 ρνε
3022 5132 3036 5154 .
3075 5092 3139 5145 ἂν
3183 5093 3217 5159 ἠ
3244 5091 3449 5146 διάνοια
3483 5108 3582 5161 μου
3618 5089 3947 5157 πεφώτισται

2398 5182 2568 5254 [ἐπὶ]
2606 5184 2780 5248 πάσας
2804 5185 2902 5247 τάς
2930 5186 3146 5247 ἐντολάς
3176 5202 3289 5237 σου.

1675 5348 1979 5410 Addenda
2010 5356 2071 5411 et
2105 5349 2476 5423 corrigenda
2511 5368 2586 5409 ex
2615 5350 2754 5412 cod.
2796 5349 2993 5411 Vatic.

801 5477 878 5547 (ll
902 5479 966 5531 N.
1006 5478 1091 5535 55.
1130 5477 1422 5542 Ἕκαστος,
1465 5491 1598 5542 etc.,
1624 5480 1717 5531 καὶ
1759 5478 1967 5542 ἑαυτὸν,
2000 5487 2103 5531 etc.
2130 5478 2194 5530 N.
2228 5475 2311 5531 56.
2363 5477 2401 5529 Θ

2393 5478 2495 5540 νεός
2531 5496 2629 5547 μου
2655 5474 2703 5530 εἴ
2739 5480 2823 5540 σὺ,
2854 5478 2945 5530 καὶ
2969 5476 3174 5541 δοξάσω
3211 5491 3287 5527 σε.
3319 5474 3383 5527 Ν.
3411 5474 3498 5528 57.
3543 5471 3813 5533 Ἑκδώσω,
3850 5484 3948 5527 etc.

727 5548 795 5603 Ν.
827 5548 916 5612 58,
947 5549 1059 5601 ἀλλ’
1099 5549 1412 5615 ἀπέδειξας.

803 5672 884 5741 (τ)
914 5669 1117 5746 Divisio
1146 5670 1538 5746 versiculorum
1567 5667 1725 5746 huius
1766 5668 2052 5746 psalmi_in
2088 5665 2567 5746 codice_Vaticano
2600 5666 2822 5746 omnino
2858 5664 3066 5717 diversa
3100 5671 3234 5746 erat,
3272 5660 3393 5746 ideo
3428 5673 3652 5746 necesse
3686 5657 3948 5746 luit-inte:

730 5729 886 5813 yth;
922 5740 1033 5797 fere
1060 5741 1330 5811 psalmum
1363 5756 1486 5796 cum
1518 5756 1615 5797 sua
1639 5729 2096 5811 interpretatione
2132 5738 2426 5804 ascribere,
2457 5737 2679 5793 omissis
2701 5736 2875 5791 solum
2912 5732 3184 5789 nonnullis
3213 5729 3518 5796 versiculis,
3545 5731 3598 5785 in
3626 5729 3817 5799 quibus
3847 5729 3951 5783 site
