4110 6318
132 386 268 442 1177
980 382 1067 437 DE
1104 381 1377 435 'I‘I'I'ULIS
1418 377 1857 433 PSALMORUM.
1892 409 1959 421 --
1998 377 2191 432 PSAL.
2222 377 2450 433 CXVIII.
3219 380 3352 437 1178

203 505 258 558 7.
306 501 792 573 Ἑξομολογήσομαί
815 517 896 555 σοι
928 504 984 555 ἐν
1008 501 1257 571 ιύθύτητι
1277 500 1499 572 καρδίας
1532 502 1589 553 ἐν
1616 500 1693 571 τῷ
1723 510 1765 563 Α

1725 510 1765 563 Α
1864 501 1915 555 7.
1945 500 2251 556 Conﬂtebor
2279 503 2375 557 tibi
2400 504 2451 556 in
2489 503 2783 558 directione
2812 500 3013 567 cordis,
3041 514 3093 556 m
3116 517 3182 557 eo
3206 505 3348 573 quod

136 594 520 664 μεμαθηκέναι
560 610 624 663 με
658 593 726 645 τὰ
759 594 1003 665 κρίματα
1026 595 1125 665 τῆς
1161 592 1505 663 δικαιοσύνης
1535 610 1645 646 σου.

972 611 1003 647 α
1026 595 1125 665 τῆς
1161 592 1505 663 δικαιοσύνης
1535 610 1645 646 σου.
1798 593 1959 647 didici
1986 592 2190 661 judicia
2212 593 2434 663 iustitia:
2464 604 2587 647 tuae.

207 686 257 739 8.
297 686 375 739 “rs
390 684 730 755 δικαιώματά
752 701 845 737 σου
869 684 1105 756 φυλάξω..
1135 686 1207 756 μή
1242 702 1308 755 με
1332 684 1697 757 ὲγκαταλίπῃς

1868 684 1921 738 8.
1954 683 2377 741 Justiilcationes
2422 694 2541 739 tuas
2585 684 2907 749 custodiam,
2946 699 3049 736 non
3084 698 3167 737 me
3199 683 3350 738 dere-

132 777 243 837 ῐως
282 776 504 845 σφόδρα.

1801 774 2014 843 linquas
2046 791 2451 845 usquequaque.

206 865 259 919 9.
305 866 391 918 'Ev
428 865 533 918 τίνι
567 864 900 935 κατορθώσει
936 863 1197 935 νεώτερος
1229 864 1325 935 τὴν
1359 864 1474 917 ὁδὸν
1497 863 1698 927 αὐτοῦς

1869 867 1921 921 9.
1957 866 2014 920 ln
2041 882 2152 937 quo
2197 868 2419 937 corrigit
2463 867 2857 921 adolescentior
2900 866 3039 919 viam
3069 864 3259 919 suam?
3296 866 3347 917 in

132 958 197 1009 ἐν
224 954 305 1025 τῷ
338 954 669 1023 φυλάξασθαι
690 956 813 1017 τοὺς
850 954 1038 1021 λόγους
1066 971 1179 1007 σου.

998 972 1038 1021 ις
1066 971 1179 1007 σου.
1799 959 2152 1014 custodiendo
2178 975 2458 1014 sermones
2482 969 2621 1014 tuos.

213 1047 299 1101 10.
341 1049 427 1099 Ἐν
452 1047 769 1119 ὂλῃχαρδία
808 1063 909 1117 μου
939 1046 1240 1117 ἐξεζήτησά
1274 1061 1354 1108 σε,
1388 1046 1460 1115 μὴ
1507 1043 1699 1114 ἁπώσῃ

1870 1050 1957 1105 10.
1994 1051 2051 1103 In
2094 1058 2211 1105 toto
2253 1051 2415 1106 corde
2444 1064 2567 1106 meo
2606 1050 2867 1119 exquisivi
2917 1058 2987 1115 te,
3026 1066 3091 1104 ne
3127 1049 3348 1118 repellas

134 1157 211 1210 με
242 1139 352 1193 ἀπὸ
384 1140 491 1193 τῶν
524 1138 751 1193 ἐντολῶν
787 1155 902 1193 σου.

800 1155 902 1193 που.
1802 1158 1888 1197 me
1919 1157 1950 1196 a
1972 1141 2243 1196 mandatis
2269 1143 2379 1197 tuis
2410 1160 2423 1196 :

212 1230 297 1284 11.
340 1232 424 1283 Ἐν
448 1233 514 1301 τῇ
557 1230 753 1301 καρδία
787 1248 885 1302 μου
916 1230 1123 1299 ἔκρυψα
1144 1229 1209 1283 τὰ
1240 1229 1393 1296 λόγιᾶ
1420 1246 1533 1290 σου,
1556 1230 1701 1289 ὅπως

1871 1232 1955 1287 11.
1991 1231 2049 1286 In
2081 1232 2243 1287 corde
2287 1247 2408 1287 meo
2450 1231 2708 1287 abscondi
2744 1232 2958 1301 eloquia
3008 1244 3119 1291 tua.
3156 1241 3212 1285 ut
3246 1247 3348 1285 non

132 1323 211 1379 ἂν
248 1326 323 1394 μὴ
358 1324 586 1393 ἁμάρτω
616 1340 718 1375 σοι.

542 1342 586 1376 ω
616 1340 718 1375 σοι.
1802 1339 2012 1396 peccem
2046 1323 2163 1377 tibi.

214 1416 299 1469 12.
337 1414 635 1485 Εὐλογητὸς
658 1410 727 1476 εἴ,
748 1413 938 1485 Κύριε,
958 1412 1164 1479 δίδαξόν
1193 1430 1259 1483 με
1277 1412 1344 1465 τὰ
1365 1410 1703 1482 δικαιώματά

1873 1415 1957 1469 12,
1991 1414 2309 1471 Benedictus
2339 1431 2418 1483 es,
2449 1415 2695 1480 Domine,
2726 1416 2860 1471 doce
2896 1432 2980 1470 me
3006 1416 3347 1485 justiticatio-

137 1524 263 1561 σου.

1804 1523 1899 1561 ηεξ
1932 1516 2069 1560 IIIIS.

217 1598 302 1651 13.
343 1598 560 1660 Ἐντοῖς
580 1595 783 1667 χείλεσι
823 1614 922 1667 μου
953 1594 1239 1665 ἐξήγγειλα
1269 1594 1443 1647 πάντα
1477 1594 1543 1646 τὰ
1586 1592 1704 1664 κρί-

1878 1597 1957 1650 15.
1988 1594 2042 1648 In
2079 1595 2238 1650 labiis
2272 1596 2406 1650 meis
2438 1596 2781 1667 pronuntiavi
2805 1597 2982 1650 omnia
3011 1595 3209 1664 judicia
3241 1594 3350 1649 oris

138 1705 292 1759 ματα
326 1688 419 1740 τοῦ
450 1687 709 1757 στόματός
737 1704 850 1739 σου.
1805 1687 1901 1739 tui.

216 1776 303 1831 N.
352 1778 440 1829 ’Ev
463 1779 526 1846 τῇ
558 1775 660 1846 ὁδῷ
682 1777 788 1829 τῶν
822 1776 1132 1846 μαρτυρίων
1166 1792 1256 1829 σου
1292 1774 1590 1845 ἐτέρφθην,
1628 1773 1703 1836 ώς

1874 1776 1959 1832 id.
1986 1776 2042 1830 In
2072 1778 2156 1831 via
2190 1777 2625 1832 testimoniorum
2649 1788 2863 1832 tuarum
2888 1779 3179 1834 delectatus
3210 1792 3350 1841 sum,

137 1870 240 1920 ἐπὶ
268 1868 431 1919 παντὶ
458 1864 688 1937 πλούτῳ.
1734 1860 1760 1919 Ε

1734 1860 1775 1919 Β
1804 1867 1943 1923 sicut
1967 1871 2019 1921 in
2054 1868 2305 1922 omnibus
2337 1868 2558 1923 divitiis.

217 1958 302 2011 15.
344 1958 429 2009 Ἐν
456 1961 573 2022 ταῖς
599 1956 835 2022 ἐντολαῖς
873 1976 964 2012 σου
991 1959 1360 2029 ἀδολεσχήσω,
1408 1959 1498 2012 καὶ
1533 1976 1703 2012 κατα-

1874 1958 1961 2012 15.
1999 1957 2054 2012 ln
2096 1960 2367 2013 mandatis
2407 1961 2513 2014 tuis
2557 1959 2872 2024 exercebor,
2903 1968 2955 2013 et
3000 1958 3352 2013 considerabo

136 2050 323 2118 νοήσω
342 2048 440 2110 τὰς
469 2048 620 2111 ὁδούς
650 2066 763 2102 σου.

469 2048 620 2111 ὁδούς
650 2066 763 2102 σου.
1805 2051 1918 2104 vias
1950 2058 2089 2103 tuas.

216 2138 304 2192 16.
348 2140 435 2191 Ἐν
465 2142 575 2202 τοῖς
600 2138 924 2210 δικαιώμασί
958 2157 1051 2192 σου
1082 2138 1394 2209 μελετήσω,
1448 2138 1547 2193 οὐκ
1590 2142 1707 2193 ἐπι-

1878 2140 1961 2193 16.
1997 2138 2055 2193 1η
2084 2139 2560 2209 justiticationibus
2597 2142 2705 2197 tuis
2748 2140 3065 2202 meditabor,
3090 2155 3195 2193 non
3220 2138 3354 2193 obli-

134 2230 381 2299 λήσομαι
407 2230 516 2282 τῶν
544 2232 714 2299 λόγων
746 2248 860 2285 σου.

848 2272 860 2285 .
1806 2233 1983 2286 viscar
2015 2246 2297 2287 sermones
2320 2241 2464 2287 tuos.

217 2321 305 2376 17.
347 2322 665 2385 Ἀνταπόδος
686 2322 762 2393 τῷ
781 2323 952 2395 δούλῳ
992 2342 1106 2391 σου,
1135 2324 1296 2395 ζῆσόν
1338 2342 1405 2396 με
1427 2363 1442 2389 ,
1477 2326 1571 2380 καὶ
1616 2342 1707 2394 φυ-

1882 2322 1967 2376 17.
2008 2320 2262 2379 Retribue
2284 2336 2443 2377 servo
2469 2329 2583 2387 tuo,
2609 2318 2819 2375 viviﬁca
2847 2335 2950 2382 me.
2978 2329 3031 2373 et
3057 2318 3354 2373 custodiam

137 2412 293 2478 λὰξω
318 2414 441 2475 τοὺς
464 2412 651 2481 λόγους
681 2429 772 2465 σου

630 2431 651 2476 ς
681 2429 772 2465 σου
1809 2428 2085 2469 sermones
2112 2423 2253 2470 tuos.

1264 2580 1631 2638 ATHANASII
1673 2581 2252 2641 INTERPRETATIO.

219 2765 271 2817 'I.
314 2762 483 2815 Ἐκδῶ
527 2763 759 2833 ἐμαυτόν
786 2778 867 2814 σοι
915 2761 972 2812 ἐν
1028 2762 1251 2833 ἀληθινῇ
1289 2762 1501 2834 καρδίᾳ,
1536 2766 1592 2815 ἐν
1632 2762 1710 2834 τῷ

1877 2764 1926 2818 7.
1957 2764 2190 2819 Tradam
2238 2778 2326 2819 me
2387 2765 2563 2833 ipsum
2611 2763 2705 2816 tibi
2730 2762 2943 2816 sincero
2998 2759 3179 2821 corde,
3235 2773 3356 2813 cum

140 2854 383 2910 ἀκοῦσαί
447 2871 532 2924 με,
566 2857 655 2906 καὶ
688 2852 971 2907 πιστεῦσαι
1011 2854 1135 2923 περὶ
1176 2854 1274 2923 τῆς
1307 2853 1600 2924 μελλούσης
1630 2854 1711 2907 διο

1806 2857 2087 2920 audivero,
2110 2864 2161 2911 et
2188 2856 2465 2912 credidero
2496 2854 2564 2910 de
2596 2853 2778 2908 futura
2802 2853 2948 2922 justa
2986 2850 3356 2905 retributione.

143 2945 314 3006 auia;
345 2942 764 3003 ἁνταποδόσεως.

220 3036 273 3089 8.
304 3035 386 3086 Τὰ
427 3032 766 3103 δικαιώματά
808 3050 901 3085 σου
949 3033 1047 3085 οὐκ
1076 3034 1239 3094 ἐάσω,
1299 3051 1479 3104 μονον,
1535 3036 1608 3105 μή
1646 3051 1714 3107 μα

1880 3037 1931 3092 8.
1972 3035 2398 3092 Justilicationes
2434 3043 2555 3088 tuas
2592 3048 2700 3087 non
2756 3031 3044 3091 dimittam,
3090 3028 3262 3082 solum
3296 3045 3361 3082 ne

143 3124 524 3193 ἐγκαταλίπῃς
544 3123 647 3186 ἓως
676 3123 876 3186 τέλους.
1740 3163 1766 3219 ί

1186 3214 1209 3219 _
1280 3218 1285 3219 ί
1375 3216 1386 3219 _
1425 3216 1465 3219 __
1552 3217 1560 3219 ξ
1740 3163 1782 3219 C
1813 3129 2158 3196 derelinquas
2198 3141 2282 3180 me
2314 3140 2485 3194 usque
2510 3125 2561 3177 in
2589 3123 2770 3177 finem.

221 3215 277 3272 9.
316 3213 437 3277 Πῶς
456 3214 563 3266 τῶν
584 3215 920 3286 νεωτερικῶν
952 3214 1250 3285 ἐπιθυμιῶν
1274 3216 1565 3270 ἐπελάϐετό
1586 3234 1668 3279 τις
1692 3233 1707 3282 ;
1746 3209 1781 3219 ⁷

1746 3209 1781 3219 ⁷
1884 3219 1937 3273 9.
1974 3216 2255 3283 Quomodo
2286 3215 2603 3285 juvenilium
2634 3213 2986 3283 cupiditatum
3017 3210 3137 3279 quis
3176 3209 3363 3264 oblivi-

158 3306 254 3357 ‘Ev
275 3304 353 3374 τῷ
382 3305 734 3375 μνημονεύειν
761 3306 922 3360 αὑτὸν
948 3305 1055 3358 τῶν
1078 3307 1381 3377 εἰρημένων
1416 3306 1567 3378 παρὰ
1595 3306 1707 3369 σοῦ,

1816 3310 2034 3366 scetur?
2075 3307 2209 3361 Dum
2248 3307 2360 3376 ipse
2397 3305 2703 3359 meminerit
2734 3320 2854 3374 quae
2896 3318 2926 3355 a
2959 3313 3007 3354 te
3046 3302 3184 3355 dicta
3216 3310 3363 3361 sunt,

143 3398 234 3448 ὅτι
277 3396 559 3466 μέλλουσιν
581 3397 800 3449 ἀκούειν
838 3398 886 3448 οἱ
922 3396 1263 3466 ἁμαρτωλοίο
1304 3396 1575 3463 Ὑπάγετε
1611 3398 1709 3449 ἀπ’

1816 3400 1957 3469 quod
1984 3408 2292 3469 peccatores
2322 3395 2557 3449 audituri
2592 3404 2714 3448 sunt
2744 3409 2757 3443 :
2794 3392 3051 3445 Discedite
3075 3408 3104 3441 ιι
3133 3406 3229 3456 me,
3254 3407 3366 3442 mu—

145 3485 303 3553 ἐμοῦ
336 3488 388 3537 οι
421 3484 807 3554 κατηραμένοι
843 3486 929 3549 εις
960 3484 1023 3537 τὸ
1051 3484 1169 3551 πῦρ
1212 3483 1275 3536 τὸ
1314 3483 1571 3548 αἰώνιον,
1618 3485 1711 3536 καὶ

1212 3483 1275 3536 τὸ
1314 3483 1571 3548 αἰώνιον,
1618 3485 1711 3536 καὶ
1817 3490 2013 3551 (edicti,
2041 3493 2095 3540 in
2127 3488 2295 3557 ignem
2327 3495 2577 3539 atemum
2602 3485 2667 3547 ",
2693 3492 2795 3538 etc.

146 3576 223 3627 τὰ
248 3573 400 3641 ἑξῆς.

230 3663 316 3716 10.
365 3662 604 3733 Ἐξόλης
654 3680 753 3734 της
788 3664 965 3735 ψυχῆς
1026 3680 1124 3733 μου
1178 3663 1490 3733 ἐπεπόθησά
1524 3680 1601 3729 σε,
1640 3663 1712 3733 μὴ

1890 3668 1974 3721 10.
2004 3666 2080 3721 Ex
2116 3676 2231 3721 tota
2257 3668 2436 3722 anima
2471 3680 2589 3719 mea
2613 3661 2909 3719 desideravi
2941 3670 3010 3723 te,
3039 3675 3103 3713 ne
3125 3673 3208 3713 me
3232 3656 3368 3712 indi-

148 3755 375 3820 ἀνάξιον
401 3758 613 3827 ήγήσης
646 3773 711 3825 με.
744 3756 842 3825 τῆς
861 3758 1077 3826 χάριτός
1108 3773 1220 3809 σου.

1009 3758 1077 3819 τός
1108 3773 1220 3809 σου.
1820 3777 1984 3833 gnum
2014 3761 2293 3817 existimes
2330 3758 2499 3829 gratia
2526 3768 2632 3812 tua.

230 3850 317 3904 11.
364 3850 450 3901 Ἐν
480 3850 629 3920 πάσῃ
659 3833 866 3919 φυλακῇ
892 3850 1115 3919 ἐτήρουν
1144 3848 1351 3910 ἐαυτὸν,
1385 3847 1459 3918 μὴ
1489 3846 1656 3903 ἐλθὼν
1687 3850 1715 3901 ό

1895 3854 1981 3907 11.
2006 3852 2164 3907 Omni
2191 3850 2434 3905 custodia
2460 3848 2725 3918 meipsum
2754 3842 3142 3906 custodiebam,
3174 3856 3239 3896 ne
3280 3855 3367 3893 ve-

150 3941 394 4013 πονηρὸς
422 3940 559 4013 λάϐῃ
583 3942 689 3994 ἀπὸ
717 3941 814 4011 τῆς
838 3941 1060 4012 καρδίας
1094 3958 1193 4011 μου
1221 3942 1288 3993 τὰ
1314 3941 1468 4008 λόγιά
1484 3957 1596 4003 σου,
1622 3941 1715 3993 καὶ

1824 3947 1976 3999 niens
2024 3942 2200 3997 malus
2248 3939 2475 4009 accipiat
2510 3954 2541 3993 e
2578 3936 2743 3993 corde
2777 3949 2898 3991 meo
2927 3933 3142 4003 eloquia
3178 3941 3292 3995 tua,
3316 3940 3370 3985 et

151 4036 332 4105 μείνω
353 4035 561 4104 χέρσος.

1824 4047 2069 4090 terrenus
2104 4046 2432 4087 remaneam.

230 4126 320 4180 12.
358 4125 751 4196 Δεδοεασμένος
783 4122 851 4190 εἴ,
871 4125 1062 4196 Κύριε,
1085 4116 1289 4195 δίδαξόν
1322 4141 1387 4196 με
1409 4122 1477 4181 τὰ
1496 4122 1715 4177 δικαιώο

1892 4125 1979 4180 12.
2011 4123 2353 4179 Glorilicatus
2382 4135 2461 4185 es,
2494 4118 2741 4181 Domine,
2767 4116 2899 4169 doce
2929 4108 3370 4181 melustilicatio-

153 4221 311 4291 ματά
341 4236 453 4274 σου.

1823 4234 1917 4273 nes
1947 4226 2082 4271 tuas.

232 4310 323 4363 15.
357 4310 467 4379 Οὐχ
484 4308 884 4377 ὑπεστειλάμην
904 4305 996 4360 τοῦ
1021 4306 1095 4377 μὴ
1117 4306 1345 4373 διδάξαι,
1377 4306 1471 4358 καὶ
1496 4304 1719 4373 διαμαρ-

1893 4310 1979 4363 15.
2016 4306 2133 4361 Non
2179 4321 2264 4361 me
2296 4303 2527 4359 subduxi
2550 4343 2565 4367 ,
2595 4299 2890 4370 quominus
2932 4296 3178 4351 docerem
3212 4302 3265 4347 et
3296 4302 3372 4346 te-

151 4400 430 4471 τύρασθαι
458 4401 633 4453 πάντα
652 4400 721 4453 τὰ
748 4398 1026 4469 θελήματά
1050 4414 1163 4451 σου.

1824 4402 2089 4456 stiilcarer
2110 4413 2300 4453 omnes
2328 4395 2631 4448 voluntates
2660 4400 2800 4444 tuas.

232 4492 323 4547 14.
355 4490 538 4554 Οὕτως
563 4493 734 4562 χαρᾶς
760 4490 1091 4562 πληροῦμαι,
1117 4490 1243 4543 ὅταν
1271 4486 1409 4540 ποιῶ
1434 4486 1531 4549 τὰς
1568 4488 1714 4538 ἐντο-
1749 4510 1791 4564 D

1749 4510 1791 4564 ῃ
1894 4492 1979 4546 14.
2012 4489 2086 4543 Ita
2128 4487 2324 4559 gaudio
2365 4484 2591 4553 impleor
2634 4495 2757 4536 cum
2807 4490 3074 4545 exsequor
3124 4474 3372 4528 mandata

150 4586 259 4646 λὰς
285 4599 404 4645 σου,
441 4582 585 4649 ἅπαξ
613 4582 687 4645 ὡς
714 4581 939 4634 πλοῦτον
964 4577 1304 4651 θησαυρίζων
1334 4576 1507 4645 ἐαυτῷ
1536 4579 1591 4628 ἐν
1640 4574 1707 4643 τιῖ

1816 4593 1927 4645 tua,
1963 4578 2143 4640 veluti,
2180 4584 2238 4628 ut
2265 4589 2374 4627 uno
2418 4574 2578 4627 verbo
2606 4571 2803 4633 dicam,
2834 4567 3049 4621 divitias
3082 4576 3376 4634 congerens

153 4674 397 4744 οὐρανῷ.

1818 4667 2167 4737 miliimetipsi
2202 4667 2253 4719 in
2287 4664 2446 4720 coelo.

238 4766 327 4819 15.
368 4766 455 4817 Ἑν
485 4768 599 4826 ταῖς
630 4764 869 4835 Γραφαῖς
894 4779 984 4815 σου
1014 4761 1247 4829 ἀναγνῶ,
1277 4768 1370 4814 καὶ
1394 4763 1501 4822 τοτς
1528 4759 1695 4825 οφθαλ

1890 4762 1973 4815 15.
2006 4759 2061 4813 1η
2100 4758 2397 4826 Scripturis
2422 4755 2527 4809 luis
2546 4754 2739 4822 legam,
2762 4758 2815 4803 et
2835 4746 3009 4803 oculis
3032 4744 3229 4799 mentis
3248 4758 3378 4797 mea:

159 4858 290 4929 μοις
312 4855 415 4923 τῆς
439 4853 671 4917 διανοίας
703 4871 801 4924 μου
831 4852 1037 4922 ἐπιγνῶ
1062 4852 1159 4923 τὴν
1182 4851 1405 4920 δύναμιν
1434 4848 1629 4906 αὐτῶν.

1018 4852 1037 4905 'u
1062 4852 1159 4923 τὴν
1182 4851 1405 4920 δύναμιν
1434 4848 1629 4906 αὐτῶν.
1823 4854 2112 4923 intelligam
2140 4865 2325 4904 earum
2367 4848 2641 4902 virtutem.

237 4944 325 4999 16.
366 4944 571 5007 Νυκτὸς
608 4962 699 4997 και
725 4946 956 5013 ἡμερας,
984 4942 1078 4996 καὶ
1106 4940 1375 5010 πληρώσω
1406 4942 1597 5003 αὐτοὺς
1634 4939 1717 5009 ἐρα

1898 4945 1981 4998 16.
2016 4942 2233 5002 Noctes,
2288 4948 2449 5008 atque
2486 4937 2620 5002 dies,
2662 4936 2712 4987 in
2757 4928 3095 4987 sermonibus
3133 4926 3240 4981 tuis
3269 4939 3379 4979 mc-

161 5053 302 5106 ἴοις·
1825 5037 2059 5097 ditabor,
2091 5044 2145 5089 et
2168 5034 2287 5086 illos
2317 5030 2572 5099 operibus
2602 5025 2851 5094 implebo.

238 5126 327 5178 17.
355 5122 452 5181 Δός
488 5140 577 5193 μοι
611 5123 710 5193 τὴν
737 5123 896 5194 χάριν
923 5121 1018 5175 τοῦ
1047 5122 1203 5190 ἁγίου
1244 5121 1575 5193 Πνεύματος,
1637 5121 1729 5174 καὶ

1899 5128 1985 5181 17.
2020 5124 2097 5178 Da
2151 5122 2284 5178 mibi
2335 5120 2560 5191 gratiam
2614 5114 2784 5170 sancti
2840 5110 3106 5180 Spiritus,
3165 5115 3219 5159 et
3262 5103 3378 5173 ipsa

164 5216 648 5287 ζωοποιηθήσομαι
668 5216 735 5268 δι’
761 5214 953 5285 αυτῆς,
979 5217 1073 5270 καὶ
1103 5214 1372 5287 πληρώσω
1396 5214 1521 5277 τοὺς
1542 5212 1728 5280 λόγους

1629 5229 1728 5275 ὀυς
1826 5215 2158 5277 viviﬁcabor,
2184 5222 2237 5266 et
2262 5210 2495 5279 implebo
2516 5218 2791 5262 sermones
2822 5211 2940 5255 tuos
2975 5196 3252 5266 operibus.

165 5324 262 5360 σου
293 5306 363 5361 δι’
398 5306 592 5377 ιργων.

240 5484 285 5514 ³⁷
316 5480 504 5538 Matth.
538 5500 661 5547 xxv,
691 5482 773 5536 ll.

162 5660 220 5697 in
251 5642 459 5709 psalmo
489 5640 603 5709 sive
628 5639 682 5695 in
716 5634 1181 5707 interpretatione,
1208 5633 1367 5709 nulla
1402 5632 1635 5709 varietas
1666 5644 1728 5685 ac
1764 5627 2050 5709 diversitas
2086 5634 2219 5709 erat.
2270 5618 2701 5709 nequeillo‘s‘aid
2741 5602 3378 5709 θξνίᾕρὲςρῆξξτξξξιςξξ

164 5674 1371 5834 i'iﬁii'ai‘igaiiiiii'53823;Zl'a'i"£;2’rii32i2
1407 5674 2720 5765 λ”ιὲἑόῐὶιῐῦεῗόᾱὲξῑεῑοῇίοιίέιιὶίείεςείίρείι,
2741 5702 2840 5742 nos
2863 5692 2981 5755 post
2997 5680 3154 5734 tinem
3187 5674 3377 5747 psalmi

170 5781 332 5834 huius
359 5796 387 5834 a
467 5795 639 5834 emus.

170 5781 332 5849 hujus
359 5781 639 5836 addemus.
