4110 6318
196 354 336 407 1181

1041 355 1128 410 DE
1167 355 1440 413 TITUIJS
1480 359 1920 419 PSALMORUM.
1944 395 2014 406 σ-
2051 364 2244 421 PSAL.
2285 363 2514 422 CXVIII.

3289 367 3421 422 H82

275 471 365 525 29.
401 472 547 525 Ὀδὸν
567 472 777 538 ἀδικίας
801 474 1105 547 ἁπόστησον
1128 479 1219 532 ἀπ’
1240 481 1394 551 ἐμοῦ,
1414 482 1508 535 καὶ
1528 481 1606 554 τῷ
1621 483 1769 556 νόμῳ

1939 488 2029 542 29.
2067 487 2218 542 Viam
2246 488 2543 557 iniquitatis
2568 500 2758 541 amove
2789 499 2818 538 a
2851 501 2957 548 me.
2989 494 3041 540 et
3076 486 3142 540 de
3188 486 3301 556 lege
3331 499 3421 542 tua

198 577 298 614 erm
324 562 541 631 ἐλέησόν
573 581 659 634 με.

267 655 364 710 30.
406 655 550 708 Ὀδὸν
589 657 842 726 ἀληθείας
873 660 1229 733 ᾑρετισὰμην,
1282 663 1374 717 καὶ
1420 664 1488 718 τὰ
1526 665 1767 736 κρίματά

194 762 300 797 (μιν
327 746 428 798 οὐκ
457 747 816 819 ἐπελαθόμην.

269 837 363 889 51.
422 838 740 909 Ἐκολλήθην
787 842 900 903 τοῖς
935 843 1253 914 μαρτυρίοις
1307 862 1422 908 σου,
1467 845 1655 914 Κύριε,
1691 849 1765 918 μή

195 943 270 995 με
293 927 679 998 κατιωχύνῃς.

269 1021 363 1071 52.
399 1021 547 1072 Ὃδδν
577 1020 800 1074 ἐντολῶν
835 1039 927 1076 σου
980 1022 1233 1096 ἔδραμον,
1292 1027 1418 1080 ὅταν
1472 1026 1768 1091 ἐπλάτυνας

192 1110 305 1178 τξν
328 1111 549 1180 καρδίαν
575 1130 695 1180 μου.

275 1202 368 1255 55.
420 1202 797 1274 Νομοθέτησόν
852 1223 942 1275 με,
991 1205 1183 1278 Κύριε,
1238 1209 1335 1279 τὴν
1380 1207 1497 1261 ὁδὸν
1550 1208 1656 1261 τῶν
1695 1208 1771 1262 δι-

193 1294 535 1362 καιωμάτων
565 1315 678 1359 σου,
707 1299 800 1351 καὶ
820 1298 1101 1370 ὲκξητήσω
1134 1299 1300 1371 αὐτὴν
1327 1302 1634 1366 διαπαντός.

273 1385 364 1438 54.
397 1387 677 1442 Συνὲτισόν
714 1407 802 1459 με,
831 1391 924 1443 καὶ
952 1391 1288 1464 ὲξερευνήσω
1315 1393 1407 1446 τὸν
1455 1394 1615 1465 νόμον
1653 1411 1769 1457 σου,

189 1477 298 1527 καὶ
327 1477 542 1544 φυλάξω
567 1480 733 1534 αὑτὸν
757 1482 814 1534 ὲν
842 1481 939 1552 ὅλῃ
961 1483 1158 1554 καρδίᾳ
1189 1501 1310 1553 μου.

271 1568 362 1620 55.
408 1569 699 1641 ὐδήτησόν
726 1589 793 1643 με
836 1574 894 1626 ὲν
930 1576 995 1645 τῇ
1043 1575 1215 1646 τρίϐῳ
1239 1575 1346 1628 τῶν
1379 1574 1605 1629 ἐντολῶν
1658 1592 1770 1640 σου,

184 1661 283 1712 ὅτι
318 1661 483 1728 αὐτὴν
506 1664 766 1733 ἠθέλησα.

269 1754 362 1807 56.
393 1754 583 1807 κλῖνον
606 1755 702 1824 τὴν
740 1756 968 1827 καρδίαν
999 1775 1101 1829 μου
1143 1759 1221 1823 είς
1242 1758 1310 1812 τὰ
1363 1758 1636 1830 μαρτύριά
1657 1775 1772 1823 σου,

186 1845 292 1895 καὶ
319 1843 394 1914 μὴ
422 1848 501 1906 εἰς
520 1845 847 1911 πλεονεξίαν.

263 1939 364 1992 57.
411 1941 771 2013 Ἀπόστρεψον
798 1943 923 2006 τοὺς
947 1942 1256 2013 ὀφθαλμούς
1293 1962 1393 2014 μου
1425 1943 1520 1999 τοῦ
1551 1945 1625 2016 μὴ
1654 1943 1779 1998 ίδεῖν

189 2031 562 2102 ματαιότητι,
589 2036 649 2086 ὲν
681 2037 748 2105 τῇ
782 2034 888 2104 ὁδῷ
920 2051 1010 2087 σου
1038 2035 1202 2105 ζῆσόν
1238 2054 1325 2106 με.

273 2122 365 2174 58.
409 2123 608 2193 Στῆσον
653 2125 732 2195 τῷ
784 2127 954 2196 δούλῳ
992 2143 1084 2179 σου
1137 2127 1198 2179 τὸ
1234 2125 1415 2194 λόγιόν
1450 2142 1543 2178 σου
1576 2127 1654 2189 εἰς
1687 2125 1778 2178 τὸν

191 2210 367 2278 εξὸεον
395 2229 507 2270 σου.

273 2305 366 2357 59.
407 2307 629 2376 Περίελε
666 2309 760 2361 τὸν
806 2309 1104 2380 δνειδισμόν
1158 2328 1280 2380 μου,
1329 2309 1387 2363 ὃν
1420 2309 1768 2370 ὑπώπτευσα,

186 2395 282 2466 6:;
317 2393 384 2464 τὰ
409 2398 652 2467 κρίματα
682 2415 776 2451 σου
801 2402 1028 2470 χρηστά.

271 2486 364 2540 40.
413 2487 541 2540 Ἰδοὺ
597 2491 918 2561 ἐπεθύμησα
966 2494 1062 2555 τὰς
1090 2494 1304 2557 ἐντολάς
1358 2510 1474 2556 σου,
1509 2495 1564 2546 ἐν
1603 2494 1670 2561 τῇ
1698 2491 1778 2545 δι-

186 2579 465 2652 xngrj’xzn
496 2598 585 2634 σου
617 2583 780 2653 ζῆσόν
813 2601 895 2655 με.

1865 580 2121 635 miserere
2155 582 2277 634 mei.

1938 672 2026 725 50.
2063 673 2213 727 \‘iam
2245 673 2489 729 veritatis
2510 673 2643 742 elegi
2664 712 2681 737 ,
2727 682 2781 727 et
2812 672 3018 740 judicia
3049 679 3136 723 tua
3169 686 3272 721 non
3300 687 3416 721 sum

1864 765 2080 817 oblitus.

1937 855 2025 908 5|.
2055 854 2268 909 Adhasi
2320 854 2646 909 testimoniis
2701 855 2831 918 tuis,
2868 852 3114 914 Domine,
3165 851 3271 903 noli
3336 867 3420 902 nae

1865 959 1965 999 con
1975 945 2215 1000 fundere.

1938 1035 2028 1090 52.
2059 1036 2212 1090 Viam
2236 1037 2613 1092 mandatorum
2647 1046 2865 1093 tuorum
2898 1033 3146 1095 cucurri,
3175 1048 3298 1086 eum
3336 1031 3418 1084 (Ii-

1868 1127 2046 1184 latasti
2073 1144 2167 1182 cor
2195 1145 2394 1184 meum.

1939 1221 2026 1275 55.
2066 1219 2260 1292 Legem
2290 1237 2430 1292 pone
2453 1221 2610 1286 mihi,
2643 1219 2889 1284 Domine,
2917 1221 3055 1273 viam
3080 1217 3421 1287 iustificatio-

1871 1327 2000 1366 nutn
2037 1323 2272 1377 tuarum,
2297 1321 2350 1366 et
2371 1313 2648 1382 exquiram
2686 1328 2804 1366 eam
2841 1328 3071 1381 semper.

1940 1400 2028 1456 54.
2057 1400 2128 1455 Da
2183 1403 2314 1455 milii
2367 1403 2734 1466 intellectum,
2794 1413 2848 1456 et
2913 1402 3198 1458 scrutabor
3254 1402 3422 1470 legem

1873 1501 2043 1559 tuam,
2072 1503 2124 1546 et
2150 1494 2452 1548 custodiam
2476 1496 2621 1549 illam
2657 1497 2707 1548 in
2733 1505 2844 1549 toto
2865 1496 3028 1548 corde
3053 1510 3189 1549 meo.

1943 1583 2033 1638 55.
2067 1582 2247 1640 Deduc
2281 1602 2366 1639 me
2407 1587 2460 1641 in
2500 1588 2746 1642 semitam
2779 1588 3154 1641 mandatorum
3187 1595 3425 1646 tuorum,

1873 1677 2000 1746 quia
2034 1677 2204 1744 ipsam
2236 1678 2402 1733 volui.

1943 1766 2032 1820 56.
2066 1764 2268 1820 lnclina
2298 1783 2393 1821 cor
2419 1781 2599 1820 meum
2652 1765 2704 1820 in
2751 1766 3056 1820 testimonia
3087 1775 3199 1827 tua,
3235 1774 3288 1817 et
3321 1776 3426 1817 non

1805 1841 1847 1896 Β
1876 1856 1930 1910 in
1951 1857 2255 1910 avaritiam.

1941 1947 2030 2001 57.
2068 1947 2260 2002 Averte
2289 1947 2480 2004 oculos
2503 1964 2652 2004 meos
2681 1963 2747 2002 ne
2771 1949 2988 2002 videant
3019 1949 3337 2010 vanitatem;
3375 1945 3426 1997 in

1877 2040 1960 2094 via
1997 2049 2085 2094 tua
2112 2040 2322 2093 vivifica
2348 2055 2453 2094 me.

1953 2130 2042 2186 58.
2083 2131 2272 2185 Statue
2314 2145 2472 2185 servo
2515 2140 2608 2186 tuo
2650 2130 2922 2199 eloquium
2959 2140 3108 2185 tuum
3151 2132 3203 2182 in
3240 2129 3430 2184 timore

1879 2231 1990 2276 tuo.

1947 2313 2034 2368 59.
2068 2313 2297 2382 Amputa
2329 2312 2677 2381 opprobrium
2713 2329 2891 2367 meum
2913 2353 2927 2376 ,
2956 2313 3098 2382 quod
3128 2312 3432 2378 suspicatus

1878 2419 2023 2467 sum,
2062 2403 2188 2470 quia
2218 2403 2419 2470 judicia
2455 2413 2543 2456 tua
2575 2404 2833 2472 jucunda.

1951 2491 2041 2546 40.
2075 2490 2210 2546 Ecce
2235 2493 2516 2562 crmeupivi
2555 2494 2800 2547 mandata
2835 2505 2947 2555 tua,
2982 2493 3034 2545 in
3069 2493 3320 2563 asquilate
3343 2502 3432 2546 tua

1881 2580 2092 2637 viviﬁca
2129 2598 2232 2636 Ine.

1331 2691 1702 2746 ATIIANASII
1735 2689 2323 2745 INTERPRETATIO.

271 2806 366 2882 βξ).
409 2806 702 2874 Ἀπέλασον
725 2807 823 2871 τὰς
853 2808 1146 2880 ἐπιθυμίας
1165 2810 1260 2863 τοῦ
1287 2811 1489 2881 κόσμου
1513 2812 1607 2865 ἀπ’
1626 2807 1779 2883 ἐμοῦ,

188 2898 299 2950 καὶ
340 2897 556 2968 ἐλέησόν
585 2916 654 2967 με
685 2900 891 2970 ῶηγῶν
920 2918 986 2970 με
1011 2903 1068 2954 ἐν
1098 2903 1176 2972 τῷ
1209 2904 1357 2974 νόμῳ
1383 2921 1504 2960 σου.

271 2988 367 3058 ⁵50.
397 2988 690 3060 nmen“
747 2991 836 3043 τὸν
895 2993 1018 3044 Υίὸν
1073 2993 1166 3045 τοῦ
1192 2993 1349 3056 Θεοῦ,
1392 2995 1492 3064 τὴν
1545 2993 1664 3047 ὁδὸν
1688 2995 1782 3064 τῆς

188 3081 484 3155 ἀληθείας
535 3085 906 3154 ἐμνημόνευον
953 3088 1060 3157 γὰρ
1114 3087 1172 3139 τὸ
1235 3086 1385 3156 βῆμά
1452 3104 1543 3140 σου
1592 3087 1653 3140 τὸ
1685 3105 1781 3156 ερο-

186 3176 264 3226 ὗε
271 3175 389 3243 ρὸν.

276 3267 368 3320 51.
419 3269 751 3322 Ἀκοῦιουθεῖν
772 3269 1023 3341 ἠρξάμην
1073 3273 1187 3334 τοῖς
1235 3270 1618 3343 προστάγμασί
1662 3288 1775 3334 σου,

189 3358 396 3429 Κύριε,
426 3360 503 3430 μὴ
527 3361 784 3430 ρδὀιιμόν
809 3379 875 3431 με
899 3363 1063 3433 ἐάσῃς
1085 3364 1140 3415 ὲν
1163 3363 1362 3426 αὐτοῖς.

275 3448 368 3501 5'2.
405 3450 702 3520 Προθύμως
723 3453 856 3504 ποιῶ
891 3454 950 3504 τὸ
999 3452 1210 3524 θέλημά
1251 3469 1370 3519 σου,
1413 3454 1540 3506 ὅταν
1567 3455 1780 3526 ἀνοίξῃς

186 3541 304 3608 τὴν
338 3539 558 3612 καρδίαν
584 3559 689 3616 μου
714 3542 996 3613 ἐγγράψας
1032 3545 1086 3595 ἐν
1119 3544 1254 3614 αὐτῇ
1275 3543 1366 3596 τὸν
1395 3545 1557 3614 νόμον
1592 3560 1707 3597 σου.

271 3631 367 3702 55.
392 3631 645 3706 Στῇριιξον
661 3636 721 3686 ἑν
750 3637 816 3705 τῇ
851 3634 1060 3706 διανοίᾳ
1092 3654 1192 3705 μου
1220 3635 1280 3688 τὸ
1333 3635 1449 3697 πῶς
1486 3635 1781 3688 ἐπιτελέσῃ)

568 3690 570 3698 γ

495 3690 570 3717 ..θ’

185 3726 275 3780 τὰ
303 3727 648 3800 δικαιώματά
675 3748 788 3796 σου,
819 3733 910 3786 καὶ
938 3733 1252 3804 ὲπιποθήσω
1302 3732 1389 3786 ἀεὶ
1419 3731 1686 3786 αξτεῖσοαι
1704 3731 1779 3804 (ι)

188 3821 360 3891 παρὰ
386 3821 477 3888 σοῦ
507 3823 604 3893 τὴν
627 3824 789 3894 χάριν
810 3824 1032 3895 ταύτην.

276 3911 632 3967 54.Φὼτισόν
675 3934 768 3984 με,
825 3919 919 3969 καὶ
945 3914 1260 3986 ὲπιζητήσω
1323 3917 1420 3986 τὴν
1483 3916 1778 3987 ἑρμηνείαν

184 4008 314 4060 τῶν
337 4007 379 4063 Γ
385 4007 567 4080 ραςξῶν
607 4025 722 4070 σου,
753 4010 850 4062 καὶ
880 4010 1164 4063 σπουδάσω
1191 4009 1472 4080 πληρῶσαι
1515 4009 1682 4079 αὐτὴν
1712 4010 1778 4061 δι’

189 4102 387 4174 ἔργων
417 4100 654 4172 ἀγαθῶν.

278 4193 370 4248 55.
412 4194 562 4245 Ἐπεὶ
590 4193 778 4265 νήπιός
813 4194 948 4264 είμι,
1003 4193 1097 4245 καὶ
1152 4194 1252 4245 οὐκ
1301 4189 1415 4245 οἶδα
1461 4191 1693 4262 βαδίζειν
1720 4194 1780 4244 ὲν

187 4291 327 4351 ταῖς
360 4279 607 4360 ἐντολαῖς
641 4307 755 4352 σου,
801 4290 976 4359 ζητῶν
1009 4291 1102 4342 καὶ
1127 4289 1225 4360 τὴν
1251 4289 1366 4343 ὁδὸν
1405 4290 1603 4342 αὐτῶν·
1642 4290 1780 4361 κρά-

189 4397 376 4449 τησον
395 4382 459 4449 τῇ
490 4381 670 4451 χάριτί
699 4397 793 4436 σου
821 4381 923 4452 τὴν
953 4380 1130 4451 ψυχήν
1160 4398 1282 4451 μου,
1311 4382 1404 4433 καὶ
1431 4380 1654 4450 ποίησόν
1713 4395 1780 4450 με

193 4472 404 4545 πατεξν
434 4472 490 4522 ὲν
522 4473 732 4537 αὑταῖς.

1946 2807 2036 2863 29.
2071 2806 2290 2876 Expelle
2332 2822 2362 2859 a
2403 2822 2488 2859 me
2530 2806 2717 2860 mundi
2743 2806 3233 2875 concupiscentias,
3260 2818 3314 2861 et
3335 2809 3433 2860 lni‘

1879 2912 2059 2953 serere
2081 2897 2185 2952 mei
2212 2895 2485 2950 deducens
2515 2913 2599 2950 me
2627 2897 2678 2949 in
2711 2897 2823 2966 lege
2856 2905 2967 2949 tua.

1949 2989 2038 3043 50.
2068 2987 2375 3043 Desideravi
2418 2987 2615 3041 Filium
2651 2986 2774 3050 Dei,
2804 2986 2896 3055 qui
2929 2994 3009 3040 est
3039 2986 3125 3038 via
3162 2986 3433 3048 veritatis;

1880 3080 2192 3135 recordatus
2221 3080 2365 3134 enim
2393 3095 2513 3134 sum
2545 3081 2807 3133 tremaidi
2835 3079 2910 3132 tui
2949 3079 3260 3132 tribunalis.

1951 3278 2037 3332 5|.
2075 3277 2284 3332 Institui
2321 3278 2471 3347 sequi
2519 3287 2781 3348 praecepta
2820 3287 2930 3341 tua,
2972 3277 3218 3341 Dmnine,
3259 3292 3322 3329 ne
3355 3290 3438 3328 me

1881 3371 2166 3438 reprnbttm
2197 3373 2247 3424 in
2281 3370 2411 3439 ipsis
2445 3371 2709 3424 dimittas.

1949 3462 2036 3514 5'2.
2069 3461 2333 3513 Alacriter
2378 3459 2519 3514 facio
2567 3460 2898 3512 voluntatem
2941 3469 3087 3512 tuam
3111 3496 3124 3519 ,
3158 3473 3280 3511 cum
3315 3473 3439 3526 ape-

1881 3552 2054 3606 rueris
2081 3567 2173 3604 cor
2197 3566 2375 3604 meum
2403 3551 2707 3604 inscribens
2738 3551 2788 3602 in
2825 3550 2939 3618 ipso
2969 3550 3136 3618 legem
3163 3559 3330 3602 tuam.

1950 3643 2038 3696 55.
2071 3643 2345 3697 Conlirma
2395 3642 2448 3695 in
2498 3649 2677 3695 mente
2709 3657 2825 3695 mea
2857 3639 3128 3706 quomodo
3166 3638 3435 3707 perficiam

1876 3736 2301 3806 iustificationes
2336 3745 2478 3798 tuas,
2509 3743 2564 3789 et
2585 3733 2905 3789 desiderabo
2932 3748 3142 3801 semper
3169 3748 3197 3784 a
3229 3739 3278 3784 te
3301 3731 3436 3783 hanc

1880 3827 2128 3896 gratiam.

1949 3921 2037 3974 54.
2075 3918 2321 3972 lllumina
2370 3931 2476 3984 me,
2525 3927 2580 3972 et
2627 3917 2907 3986 exquiram
2941 3915 3434 3981 interpretationem

1883 4023 2096 4066 tuarum
2136 4009 2572 4080 Scripturarum,
2599 4019 2654 4063 ct
2683 4006 2914 4063 studebo
2943 4022 3061 4060 eam
3102 4006 3321 4073 implere
3345 4020 3438 4074 per

1879 4117 2043 4172 Opera
2066 4100 2224 4153 bona.

2084 4189 2352 4263 Quoniam
2408 4187 2587 4242 infans
2636 4202 2793 4252 sum,
2826 4195 2879 4240 et
2907 4185 3029 4238 novi
3065 4183 3341 4237 ambulare
3384 4182 3436 4234 in

1883 4282 2166 4352 praeceptis
2189 4281 2318 4343 tuis,
2350 4295 2598 4348 quaerens
2625 4279 2803 4332 adhuc
2829 4293 3017 4331 eorum
3050 4277 3185 4328 viam
3213 4295 3225 4328 :
3252 4288 3440 4343 appre—

1884 4373 2059 4426 hende
2083 4371 2251 4440 gratia
2289 4379 2378 4423 tua
2410 4369 2647 4424 animam
2679 4383 2854 4422 meam
2877 4408 2891 4433 ,
2931 4378 2986 4420 et
3021 4366 3104 4420 fac
3142 4377 3198 4418 ut
3227 4365 3278 4418 in
3309 4365 3440 4433 ipsis

1882 4465 2174 4519 ambulem.

277 4562 370 4618 56.
411 4563 702 4634 ’Υπόταξον
723 4562 823 4636 τὴν
862 4563 1093 4635 καρδίαν
1120 4581 1219 4633 μου
1260 4565 1339 4626 εἰς
1385 4562 1452 4615 τὰ
1516 4561 1781 4634 μαρτύριά

1955 4556 2044 4610 56.
2081 4555 2299 4624 Subjice
2346 4569 2441 4607 cor
2474 4566 2654 4606 meum
2691 4549 3014 4605 testimoniis
3047 4548 3181 4611 luis,
3230 4557 3285 4601 et
3333 4563 3438 4599 non

194 4671 326 4718 σου,
358 4653 452 4704 καὶ
485 4651 630 4726 [οὐκ]
664 4654 744 4716 είς
765 4652 861 4724 τὴν
916 4650 1345 4705 πλεονεκτοῦσαν
1379 4668 1446 4721 με
1487 4649 1782 4719 ἁμαρτίαν,

195 4748 296 4798 ἵνα
334 4743 408 4814 μὴ
433 4738 476 4796 ὦ
497 4744 903 4814 δεδουλωμένος.

277 4836 373 4891 57.
405 4834 638 4896 Φώτισον
661 4838 784 4899 τοὺς
806 4835 1116 4906 ὀφθαλμοὺς
1143 4834 1244 4906 τῆς
1273 4835 1510 4897 διανοίας
1545 4850 1667 4903 μου,
1691 4833 1786 4886 τοῦ

192 4931 284 5001 μὴ
319 4932 576 4998 προσχεῖν
605 4929 682 4993 εἰς
715 4929 812 4998 τὴν
843 4928 1148 4981 ἀπόλαυσιν
1173 4926 1269 4980 τοῦ
1323 4926 1548 4995 κόσμου’
1591 4926 1648 4977 ὲν
1707 4922 1786 4995 τῷ

200 5019 321 5090 fit?)
351 5035 444 5081 sou
478 5018 809 5089 ζωοποίησόν
835 5036 927 5089 με.

279 5113 374 5166 58.
401 5111 658 5182 Στήριξον
687 5112 766 5178 εἰς
811 5111 911 5182 τὴν
957 5109 1186 5181 καρδίαν
1219 5126 1319 5181 μου
1357 5109 1416 5161 τὸ
1467 5107 1644 5175 λόγιόν
1693 5122 1786 5158 σου

196 5204 355 5276 μετά
385 5203 475 5256 τοῦ
507 5205 668 5276 φόϐου
693 5221 811 5268 σου,

282 5297 373 5348 59.
413 5295 612 5364 Ἀερελε
678 5295 772 5346 ἀπ’
820 5293 954 5364 ἐμοῦ
1003 5293 1101 5363 τὴν
1148 5292 1408 5363 αἰσχύνην
1449 5289 1561 5362 [ἣν]
1623 5305 1787 5360 προσ-

196 5388 444 5456 εδόκησα
476 5388 616 5457 ἔχειν
647 5390 738 5442 ἐπι
790 5387 888 5440 τοῦ
928 5387 1167 5458 βήματός
1200 5404 1311 5450 σου,
1347 5387 1426 5438 ὅτι
1455 5386 1509 5437 αἱ
1551 5386 1784 5451 ἐπαγγε-

198 5486 321 5538 λίαι
358 5501 450 5536 σου
481 5485 700 5554 ἀγαθαί,

283 5577 376 5630 40.
421 5578 550 5629 ’ἰδοῦ
583 5577 810 5647 ἐδίψησα
853 5580 1022 5630 ποιεῖν
1047 5577 1141 5638 τὰς
1163 5574 1377 5636 ἐντολάς
1411 5590 1520 5635 σου,
1567 5572 1778 5626 πότισὼ

203 5685 283 5740 με
311 5666 411 5734 τὴν
435 5667 591 5737 χάριν
621 5683 732 5728 σου.

278 5782 359 5852 (Ι)
396 5779 507 5836 Vox
534 5779 801 5832 αἰτεῖσθαι
825 5778 1094 5834 abundare
1131 5778 1335 5831 videtur

1890 4647 2335 4704 circumvenienti
2371 4662 2456 4700 me
2489 4652 2744 4715 peccato.
2783 4659 2849 4697 ne
2883 4642 3092 4710 redigar
3131 4642 3182 4693 in
3215 4639 3441 4693 servitu-

1884 4749 2010 4796 tem.

1955 4834 2044 4888 57.
2075 4830 2321 4887 lllumina
2366 4828 2556 4884 oculos
2601 4825 2800 4882 mentis
2845 4840 3007 4885 mete,
3045 4838 3112 4875 ne
3139 4821 3440 4876 adba-reatn

1884 4926 2072 4981 mundi
2098 4923 2466 4994 voluptatibus
2495 4921 2585 4975 :in
2620 4918 2756 4973 Filio
2785 4925 2876 4971 tuo
2901 4915 3109 4968 vivitiea
3141 4930 3242 4966 tne.

1960 5116 2052 5172 58.
2085 5113 2359 5169 Conlirma
2390 5113 2442 5166 in
2479 5111 2643 5167 corde
2673 5123 2794 5163 meo
2833 5105 3108 5174 eloquium
3139 5111 3289 5155 tuum
3319 5115 3442 5155 cum

1886 5207 2078 5260 timore
2109 5215 2219 5260 tuo.

1952 5299 2042 5351 59.
2072 5295 2237 5350 Aufer
2264 5311 2293 5348 a
2324 5311 2411 5348 me
2441 5293 2735 5362 pudorem,
2766 5303 2926 5358 quem
2963 5285 3146 5340 subire
3165 5293 3441 5351 exspecta.

1890 5387 1940 5439 vi
1981 5388 2033 5440 in
2072 5395 2165 5440 tuo
2192 5384 2469 5449 tribunali,
2520 5386 2648 5452 quia
2691 5386 2849 5434 bona:
2893 5386 3019 5432 sunt
3056 5373 3445 5445 promissiones

1888 5490 2009 5532 tuae.

1953 5567 2043 5620 40.
2077 5567 2212 5623 Ecce
2240 5567 2382 5623 sitivi
2420 5565 2595 5621 facere
2626 5562 2876 5618 mandata
2909 5569 3020 5625 tua,
3047 5565 3170 5626 pota
3204 5569 3291 5610 mc
3321 5567 3444 5627 gra-

1885 5659 1956 5710 tia
1992 5669 2100 5712 tua.
