4110 6318
740 341 877 394 1183
1574 338 1630 395 5.
1674 339 2042 395 ATHANASII
2083 340 2230 396 OPP.
2275 342 2450 396 PARS
2488 341 2572 398 lll.
2607 372 2673 380 —-
2709 340 3110 397 EXEGETICA.
3827 340 3948 395 1184

808 457 897 513 41.
933 456 995 512 Et
1042 460 1218 513 veniat
1268 476 1430 531 super
1473 476 1555 515 me
1588 462 1974 531 ,misericordia
2022 472 2146 526 tua,
2192 460 2299 518 Do-
2326 471 2367 525 Α

2326 471 2367 525 Α
2469 464 2558 517 tl.
2591 462 2694 518 Kal
2722 463 2861 517 ἐλθοι
2887 465 2970 516 ἐπ’
3003 462 3101 533 ἐμέ
3128 464 3189 514 τδ
3212 460 3357 525 ἐλεός
3386 478 3500 526 σου,
3530 459 3724 530 Κύριε,
3746 457 3807 511 τὸ
3855 474 3946 510 αω-

736 548 905 610 mine,
929 549 1161 604 salutare
1184 560 1336 604 tuum
1364 552 1657 606 secundum
1676 553 1949 621 eloquium
1977 565 2149 607 tuum.

1676 553 1949 621 eloquium
1977 565 2149 607 tuum.
2393 554 2581 625 τήριόν
2618 571 2710 607 σου
2730 553 2870 607 κατὰ
2896 553 2985 605 τὸν
3007 552 3161 620 λόγον
3184 568 3294 605 σου.

809 639 898 695 41.
932 639 995 694 Et
1026 642 1364 710 respondebo
1390 644 1848 713 exprobrantibus
1880 646 2010 699 mihi
2047 647 2289 712 verbum,

2464 647 2550 700 42.
2583 646 2684 700 Kal
2710 646 3147 716 ἁποκριθήαομαι
3172 645 3282 707 τοῖς
3319 641 3635 707 ὀνειδίζουσί
3662 659 3753 712 μοι
3785 640 3943 707 λόγον,

737 731 862 801 quia
894 733 1105 800 speravi
1140 733 1194 786 in
1224 735 1566 789 sermonibus
1602 735 1730 789 luis.

1653 735 1730 789 tis.
2391 739 2471 790 ὅτι
2499 738 2699 808 ἧλπισα
2722 738 2812 788 ἐπὶ
2834 738 2944 799 τοῖς
2965 736 3139 803 λόγοις
3166 753 3276 789 σου.

806 822 894 876 43.
925 824 989 877 Et
1021 840 1088 877 ne
1116 824 1331 881 auferas
1374 827 1441 881 de
1472 842 1566 881 ore
1611 844 1731 881 meo
1786 829 2007 883 verbum
2045 829 2290 887 veritatis

2463 828 2549 881 45.
2589 826 2691 880 Kal
2736 827 2809 899 μὴ
2839 826 3092 899 περιέλῃς
3114 828 3175 877 ἐκ
3205 821 3298 877 τοῦ
3341 823 3602 895 στόματός
3660 838 3765 891 μου
3810 819 3946 886 λόγου

738 931 1147 986 usquequaque,
1173 918 1299 987 quia
1323 920 1375 971 in
1400 919 1617 987 judiciis
1657 921 1760 974 tuis
1788 921 2181 990 supersperavi.

2393 920 2649 991 ἀληθείας
2672 922 2773 985 ἕως
2794 920 3017 991 σφόδρα,
3048 920 3128 971 ὅτι
3158 918 3248 971 ἐπὶ
3267 920 3375 980 τοῖς
3397 913 3628 986 κριμααί
3665 930 3762 965 σου
3798 911 3945 981 ἐπήλ-

2391 1026 2541 1061 πισα.

807 1091 895 1145 44.
929 1089 993 1145 Et
1011 1092 1311 1147 custodiam
1331 1096 1499 1164 legem
1526 1106 1671 1149 tuam
1693 1112 1927 1165 semper,
1957 1097 2009 1150 in
2031 1099 2288 1152 saxulum

2463 1099 2549 1153 44.
2592 1099 2695 1153 Kal
2726 1096 2940 1167 φυλάξω
2972 1098 3061 1149 τδν
3106 1096 3265 1166 νόμον
3292 1112 3384 1147 σου
3423 1093 3711 1157 διαπαντὸς
3760 1093 3844 1154 εἰς
3870 1090 3946 1142 τὸν

735 1189 790 1236 et
821 1182 875 1236 in
911 1183 1167 1237 saeculum
1205 1184 1409 1238 saeculi.

2388 1193 2576 1254 αίῶνα,
2607 1193 2699 1245 καὶ
2720 1193 2798 1255 είς
2815 1192 2904 1244 τὸν
2930 1190 3098 1244 αίῶνα
3127 1187 3217 1243 τοῦ
3248 1188 3457 1250 αίῶνος.

806 1273 895 1327 45.
932 1273 996 1329 Et
1038 1276 1379 1331 ambulabant
1432 1278 1485 1331 in
1534 1278 1843 1342 latitudine,
1877 1280 2003 1348 quia
2036 1281 2288 1335 mandata

2463 1281 2550 1334 45.
2574 1281 2678 1335 Καὶ
2700 1280 3038 1351 ἐπορευόμην
3070 1280 3127 1333 tv
3154 1276 3468 1349 πλατυσμῷ,
3490 1278 3572 1331 δτι
3600 1276 3703 1338 τὰς
3734 1273 3945 1335 ἐντολάς

735 1375 826 1422 tua
856 1367 1145 1435 exquisivi.

2389 1390 2482 1426 σου
2512 1372 2831 1443 ἐξεζήτησα.

804 1458 891 1513 46.
924 1458 989 1513 Ει
1014 1460 1276 1528 loquebar
1306 1460 1358 1514 in
1397 1462 1724 1518 testimoniis
1749 1464 1859 1519 tuis
1901 1464 1952 1518 in
1992 1477 2284 1535 conspectu

2458 1465 2541 1519 46.
2578 1465 2684 1517 Kal
2715 1463 2935 1517 ἐλάλουν
2980 1464 3038 1515 ἐν
3080 1466 3187 1527 τοῖς
3233 1462 3543 1535 μαρτυρίοις
3584 1478 3677 1514 σου
3710 1460 3946 1513 ἐναντίον

736 1564 944 1619 regum,
968 1559 1021 1604 et
1054 1568 1158 1606 non
1189 1552 1584 1610 confundebar.

2390 1556 2673 1628 βασιλέων,
2707 1558 2798 1609 καὶ
2828 1557 2925 1610 οὐκ
2956 1556 3283 1626 ᾐσχυνόμην.

803 1642 890 1695 47.
924 1642 987 1697 Ει
1020 1646 1314 1700 meditabar
1365 1646 1419 1699 in
1470 1647 1736 1702 mandatis
1779 1648 1907 1713 tuis,
1966 1663 2089 1717 quae
2120 1648 2285 1702 dilexi

2456 1647 2543 1700 47.
2581 1648 2687 1699 Kal
2717 1646 2981 1716 ἐμελέτων
3010 1647 3067 1699 ἐν
3091 1649 3209 1710 ταῖς
3241 1646 3476 1710 ἐντολαῖς
3500 1663 3611 1708 σου,
3640 1643 3705 1707 ἃς
3728 1643 3944 1714 ἠγάπη-

734 1734 908 1787 valde.

2388 1754 2454 1789 σα
2483 1736 2701 1806 σφόδρα.

800 1826 889 1883 48.
924 1826 987 1881 Et
1018 1827 1186 1882 levavi
1222 1844 1413 1884 manus
1445 1844 1595 1883 meas
1638 1829 1704 1883 ad
1734 1830 1987 1883 mandata
2020 1839 2129 1890 tua,
2164 1846 2285 1900 qua:
2318 1812 2359 1867 Β

2319 1812 2359 1867 Β
2454 1828 2539 1881 48.
2582 1828 2688 1880 Kal
2714 1822 2822 1897 ἦρα
2846 1826 2941 1889 τὰς
2968 1826 3152 1897 χεῖράς
3188 1843 3286 1896 μου
3316 1825 3449 1897 πρὸς
3470 1824 3566 1888 τὰς
3584 1822 3806 1886 ἐντολάς
3835 1839 3942 1886 σου,

731 1918 915 1985 dilexi,
947 1929 1000 1974 et
1028 1922 1323 1975 exercebar
1352 1923 1404 1975 in
1433 1922 1920 1991 iustiﬁcationibus
1946 1923 2070 1975 tuis.

2385 1921 2449 1983 ἃς
2481 1920 2759 1989 ἠγάπησα,
2794 1918 2887 1970 καὶ
2915 1918 3230 1987 ¹ῂδολέσχουν
3250 1920 3307 1969 ἐν
3330 1920 3438 1979 τοῖς
3465 1914 3792 1985 δικαιώμασί
3835 1931 3942 1967 σου.

799 2010 888 2065 49.
922 2011 1129 2067 Memor
1155 2021 1274 2067 esto
1301 2014 1447 2067 verbi
1491 2014 1569 2068 tui
1596 2028 1755 2068 servo
1781 2021 1897 2079 tuo,
1925 2015 1979 2067 in
2009 2029 2118 2082 quo
2151 2013 2281 2066 mihi

2455 2013 2541 2066 49.
2576 2009 2857 2081 Μνήσθητι
2906 2009 3012 2061 τῶν
3047 2008 3215 2077 λόγων
3246 2025 3338 2060 σου
3383 2006 3460 2077 τῷ
3500 2007 3665 2076 δούλῳ
3711 2021 3844 2068 σου,
3875 1999 3941 2059 ἄν

731 2117 881 2170 spem
915 2102 1133 2157 dedisti.

2381 2102 2686 2172 ἐπήλπισάς
2720 2118 2806 2171 με.

799 2192 887 2249 50.
915 2192 1038 2248 Hmc
1073 2211 1157 2250 me
1207 2196 1489 2251 cousolata
1522 2206 1606 2252 est
1654 2196 1707 2251 in
1759 2197 2064 2251 humilitate
2122 2211 2238 2249 mea
2266 2234 2282 2259 ,

2452 2193 2538 2247 50.
2576 2193 2719 2264 Αὕτη
2756 2210 2821 2263 με
2850 2194 3215 2263 παρεκάλεσεν
3259 2194 3316 2245 ἐν
3352 2194 3416 2263 τῇ
3444 2188 3767 2244 ταπεινώσει
3820 2206 3938 2259 μου.

727 2286 854 2354 quia
883 2286 1157 2356 eloquium
1188 2297 1340 2342 tuum
1375 2289 1665 2344 vivificavit
1690 2304 1794 2344 me.

1560 2290 1665 2342 avit
1690 2304 1794 2344 me.
2386 2289 2468 2341 ὅτι
2493 2289 2553 2341 τὸ
2574 2289 2750 2357 λόγιόν
2778 2305 2871 2342 σου
2902 2288 3060 2358 ἐζησέ
3099 2305 3183 2359 με.

797 2376 887 2433 5f.
921 2375 1150 2447 Superbi
1191 2378 1374 2448 inique
1402 2381 1635 2449 agebant
1664 2394 2071 2450 usquequaque,
2109 2393 2137 2433 a
2164 2394 2280 2449 .ege

2455 2380 2541 2433 51.
2576 2380 2939 2449 ’Υπερήφανοι
2979 2380 3317 2450 παρηνόμουν
3343 2379 3445 2444 ἓως
3486 2378 3707 2447 σφόδρα,
3742 2378 3865 2431 ἀπὸ
3894 2379 3941 2431 δὲ

726 2478 904 2523 autem
937 2479 1026 2522 tua
1054 2485 1161 2523 non
1196 2469 1483 2525 declinavi.

2385 2466 2476 2520 τοῦ
2500 2470 2663 2538 νόμου
2698 2453 2789 2520 σου
2814 2468 2912 2520 οὐκ
2936 2466 3193 2531 ἐξέκλινα.

1840 2623 2214 2679 ATHANASII
2258 2622 2826 2681 INTERPRETATIO.

801 2815 885 2869 41.
919 2814 984 2869 Et
1003 2815 1179 2869 veniat
1206 2832 1365 2885 super
1398 2831 1482 2869 me
1518 2814 1755 2885 Spiritus
1787 2826 1915 2870 tuus
1953 2825 2173 2870 sanctus
2204 2815 2281 2868 vi-

2448 2814 2534 2867 41.
2565 2814 2667 2867 Kal
2698 2812 2838 2866 ἔλθοι
2888 2815 2973 2865 επ⁹
2992 2811 3092 2883 ἐμὲ
3140 2812 3202 2866 τὸ
3231 2812 3449 2884 Πνεῦμά
3483 2830 3572 2866 σου
3593 2812 3654 2867 τὺ
3681 2814 3847 2881 ἅγιον
3889 2817 3940 2867 τὸ

726 2906 977 2969 vilicans,
1008 2906 1459 2975 quemadmodum
1491 2906 1620 2959 mihi
1649 2907 1964 2974 promisisti.

1773 2907 1964 2960 nisisli.
2380 2903 2691 2967 ζωοποιοῦν,
2722 2900 2902 2966 καθὼς
2931 2902 3257 2973 ἐπήγγειλας
3289 2920 3396 2973 μοι.

795 2995 882 3050 42.
922 2996 984 3049 Ει
1019 2994 1086 3049 da
1128 2997 1257 3048 mihi
1304 2996 1564 3065 gratiam,
1596 3006 1651 3049 ut
1678 3011 1776 3067 ego
1804 2995 1995 3065 loquar
2020 3010 2049 3049 e
2081 2996 2282 3049 sanctis

2447 2996 2533 3049 42.
2557 2995 2660 3049 Kal
2684 2995 2772 3059 δός
2807 3012 2896 3067 μοι
2942 2994 3038 3067 τὴν
3089 2997 3243 3069 χάριν
3274 2994 3366 3049 τοῦ
3403 2995 3576 3065 λέγειν
3608 3013 3677 3065 με
3708 2997 3942 3051 ambrth

728 3089 837 3142 tnis
873 3088 1169 3156 Scripturis
1221 3097 1405 3141 contra
1458 3103 1648 3143 omnes
1712 3088 2021 3150 haereticos,
2085 3097 2135 3142 et
2190 3086 2284 3141 Ju-

2377 3085 2545 3153 άγίων
2574 3086 2802 3156 Γραφῶν
2857 3104 2949 3139 σου
2999 3087 3133 3158 πρὸς
3178 3089 3379 3150 πάντας
3429 3088 3754 3157 αίρετικοῦς.
3816 3090 3942 3143 Ἰου-

727 3179 904 3242 dazos,
949 3189 999 3232 et
1044 3178 1302 3249 gentiles,
1354 3178 1607 3247 quoniam
1655 3162 1951 3234 desideravi
2000 3194 2280 3236 sermones
2307 3218 2347 3271 ο

2316 3218 2347 3271 Β
2378 3177 2557 3238 δαίους
2582 3194 2639 3229 τε
2670 3178 2762 3230 καὶ
2792 3178 3074 3247 Ἕλληνας,
3127 3180 3207 3231 ὅτι
3258 3178 3538 3231 ἐπεπόθειν
3576 3178 3939 3255 {iammilites}

727 3280 869 3325 llIOS.
2314 3268 2345 3271 ⁷

2314 3268 2345 3271 ⁷
2381 3268 2472 3320 ἐπὶ
2504 3269 2627 3331 τοὺς
2657 3268 2845 3336 λόγους
2890 3286 3002 3323 σου.

796 3360 881 3414 43.
918 3360 983 3413 Et
1017 3376 1083 3413 ne
1122 3360 1335 3413 auferas
1381 3375 1409 3412 a
1466 3376 1550 3413 me
1579 3361 1805 3429 gratiam
1840 3368 1983 3413 tuam
2019 3376 2189 3430 usque
2226 3362 2279 3415 in

2449 3361 2535 3418 45.
2565 3360 2667 3416 Καὶ
2693 3362 2767 3434 μὴ
2798 3362 3002 3436 ἀφέλῃς
3059 3362 3151 3415 ἀπ’
3177 3361 3309 3433 ἐμοῦ
3352 3362 3449 3433 τὴν
3493 3364 3648 3433 χάριν
3691 3380 3787 3417 σου
3845 3366 3942 3427 ἓως

725 3453 908 3513 finem,
932 3451 1185 3519 quoniam
1212 3461 1353 3505 totus
1381 3450 1582 3505 effusus
1604 3468 1721 3505 sum
1755 3452 1807 3504 in
1838 3454 2118 3522 praeceptis
2149 3454 2273 3509 tuis.

2250 3473 2273 3507 ι.
2378 3453 2582 3517 τέλους,
2606 3454 2685 3507 ὅτι
2710 3456 2767 3507 ἐν
2792 3455 2901 3517 τοῖς
2932 3454 3336 3523 προστάγμασιν
3363 3455 3496 3517 ὅλως
3543 3454 3873 3524 ἐκκέχυμαι.

796 3544 881 3599 44.
919 3544 983 3600 Et
1028 3544 1391 3599 indesinenter
1441 3544 1633 3600 faciam
1680 3547 1848 3617 legem
1881 3557 2050 3612 tuam,
2077 3546 2278 3601 habens

2448 3542 2534 3596 44.
2559 3542 2661 3597 Kal
2687 3546 2895 3615 ποιήσω
2934 3544 3291 3608 ἀδιαλείπτως
3317 3548 3404 3598 τὸν
3455 3547 3613 3615 νόμον
3648 3563 3741 3599 σου
3807 3548 3942 3616 ἔχων

724 3653 841 3691 eam
873 3636 924 3691 in
955 3653 1039 3691 me
1062 3637 1199 3706 ipso,
1226 3646 1279 3691 et
1304 3637 1356 3690 in
1383 3638 1652 3707 praesenti,
1686 3648 1738 3691 et
1776 3636 1960 3691 futuro
1988 3639 2204 3692 saeculo.

2376 3635 2535 3687 αὑτὸν
2567 3637 2622 3687 ἐν
2650 3634 2826 3705 ἐαυτῷ
2859 3636 2951 3687 καὶ
2983 3636 3038 3687 ἐν
3068 3634 3145 3703 τῷ
3175 3634 3287 3697 νῦν,
3325 3636 3417 3688 καὶ
3475 3638 3531 3688 ἐν
3581 3635 3660 3704 τῷ
3696 3637 3942 3705 μέλλοντι

2378 3727 2551 3783 αίῶνι.

793 3816 879 3869 45.
915 3816 980 3870 Et
1018 3815 1307 3869 exsultavit
1346 3827 1439 3870 c0r
1466 3831 1679 3879 meum,
1709 3817 1966 3884 quoniam
2011 3817 2275 3871 sollicitus

2446 3817 2532 3870 45.
2573 3818 2676 3872 Kal
2700 3818 3057 3889 ἠγαλλιάσατο
3086 3820 3118 3889 ἠ
3172 3818 3361 3887 καρδία
3385 3834 3505 3886 μου,
3546 3819 3626 3871 ὅτι
3658 3818 3938 3889 μεριμιῶ

725 3902 799 3958 fui
829 3906 1001 3960 facere
1026 3906 1352 3959 voluntatem
1385 3915 1553 3960 tuam.

2380 3910 2767 3984 [ἐμερίμνησα]
2795 3910 2889 3963 τοῦ
2916 3913 3083 3965 ποιεῖν
3110 3911 3169 3963 τὺ
3197 3911 3406 3982 θέλημά
3441 3928 3551 3966 σου.

793 3998 879 4051 46.
915 3995 1360 4068 Etreeogitabam
1406 3999 1458 4052 in
1509 4006 1684 4052 mente
1714 4014 1829 4051 mea
1861 4006 2126 4067 praecepta
2162 4008 2275 4063 tua,

2444 4000 2534 4055 46.
2565 4003 2672 4055 Kal
2708 4002 3070 4072 ἐμνημόνευον
3106 4003 3161 4054 ἐν
3194 4004 3257 4072 τῇ
3286 4002 3489 4072 διανοίᾳ
3537 4020 3637 4072 μου
3683 4004 3797 4057 ἀπὸ
3834 4004 3939 4058 uin

723 4099 776 4143 et
826 4089 995 4143 restiti
1031 4091 1248 4160 regibus
1299 4091 1670 4151 tenebrarum,
1720 4100 1771 4145 et
1815 4107 1921 4145 non
1957 4101 2083 4145 sunt
2111 4092 2161 4145 in
2194 4108 2277 4147 me

2377 4093 2803 4163 προσταγμάτων
2827 4110 2940 4155 σου,
2972 4094 3065 4146 καὶ
3090 4092 3421 4165 ἀνθιστάμην
3452 4096 3562 4157 τοῖς
3588 4094 3683 4147 τοῦ
3719 4100 3939 4161 σκότους

722 4182 1005 4234 dominati.
2379 4183 2675 4253 βασιλεῦσι,
2706 4184 2800 4236 καὶ
2822 4184 2920 4236 οὐκ
2946 4186 3301 4255 ἐκυριευόμην
3331 4186 3420 4238 ὑπ’
3454 4186 3652 4239 αὐτῶν.

797 4274 881 4329 47.
908 4273 974 4328 Ει
1004 4274 1055 4327 ἰη
1086 4274 1249 4328 corde
1275 4291 1393 4329 meo
1423 4275 1757 4345 explicabam
1799 4275 2129 4346 Scripturas,
2150 4277 2276 4346 quia

2445 4273 2532 4327 47.
2567 4273 2673 4325 Kal
2696 4275 2753 4326 tv
2775 4276 2839 4344 τῇ
2868 4274 3062 4345 καρδίᾳ
3085 4291 3184 4344 μου
3208 4274 3429 4328 ἐπέλυον
3452 4276 3552 4340 τὰς
3589 4276 3941 4351 Γραφάςηὸτι

721 4380 907 4420 earum
940 4366 1206 4420 desiderio
1237 4366 1441 4421 eﬂ‘usus
1468 4382 1610 4421 sum.

1492 4383 1610 4421 .um.
2377 4365 2574 4435 ἐκκέχυ
2582 4382 2678 4435 μαι
2713 4365 2893 4419 ποθεῖν
2931 4366 3115 4428 αὑτάς.

791 4457 878 4513 48.
912 4457 974 4511 Et
995 4458 1199 4511 intendi
1230 4468 1463 4514 mentem
1500 4460 1679 4514 cordis
1729 4459 1832 4513 mei
1865 4460 1918 4513 in
1950 4460 2277 4529 contempla-

2444 4457 2530 4510 48.
2561 4458 2666 4509 Kal
2691 4457 2948 4511 ἐνέτεινον
2974 4458 3069 4529 τὴν
3098 4457 3331 4512 διάνοιαν
3358 4459 3456 4529 τῆς
3474 4459 3704 4531 καρδίας
3734 4479 3839 4532 μου
3865 4466 3942 4525 είς

723 4550 922 4605 tionem
956 4551 1358 4620 Scripturarum
1396 4561 1611 4606 tuarum
1632 4590 1648 4614 ,
1682 4568 1818 4623 quas
1853 4552 2039 4617 dilexi,
2068 4563 2123 4607 et
2150 4570 2274 4621 per—
2311 4575 2346 4630 ο

2316 4575 2353 4630 D
2377 4548 2476 4618 τὴν
2504 4545 2733 4618 θεωρίαν
2760 4547 2865 4600 τῶν
2890 4548 3116 4620 Γραφῶν
3151 4565 3265 4611 σου,
3300 4548 3365 4611 ἃς
3389 4547 3676 4617 ἠγάπησα,
3713 4552 3808 4604 καὶ
3841 4552 3939 4603 ἐπ-

722 4644 896 4696 mansi
925 4643 1159 4709 probans
1186 4652 1238 4696 et
1259 4642 1566 4713 dijudicans
1600 4660 1722 4713 quae
1772 4646 1825 4698 in
1876 4646 1985 4699 tuis
2037 4643 2281 4715 Scriptu-

2379 4638 2572 4709 έμενον
2599 4638 2923 4709 δοκιμάζων,
2955 4639 3047 4693 καὶ
3067 4640 3365 4709 ἀνακρίνων
3387 4640 3529 4710 τᾲξέν
3554 4643 3675 4706 ταῖς
3694 4642 3942 4715 Γραφαῖς

723 4737 799 4787 ris
838 4734 1206 4788 continentur.
2374 4746 2487 4782 σου.

790 4824 878 4879 49.
911 4825 1236 4891 Recordare,
1269 4825 1414 4897 quod
1444 4827 1740 4897 promisisti
1787 4828 2029 4883 misereri
2069 4829 2192 4893 mei,
2230 4829 2276 4883 si

2441 4820 2529 4874 49.
2570 4819 2873 4890 Μνήσθητι.
2903 4821 2981 4874 δτι
3007 4822 3332 4893 ἐπήγγειλας
3358 4822 3523 4885 ἐλεεῖν
3567 4841 3657 4894 με,
3688 4825 3787 4879 ἐὰν
3823 4828 3943 4880 ἐπι-

722 4916 773 4969 in
799 4915 1139 4971 sermonibus
1168 4920 1277 4972 tuis
1312 4920 1591 4973 versabor.

1544 4935 1591 4973 ιι,
2378 4911 2675 4983 στρέψωξέν
2705 4915 2815 4977 τοῖς
2841 4913 3019 4983 λόγοις

790 5006 876 5061 50.
902 5006 1025 5063 Hac
1054 5011 1345 5078 promissio
1372 5020 1462 5066 tua
1488 5013 1767 5067 consolata
1801 5022 1884 5067 est
1913 5028 2018 5073 me,
2058 5013 2273 5081 quando

2441 5005 2527 5057 50.
2560 5004 2757 5077 Λῦτηὴ
2791 5007 3087 5075 ἐπαγγελία
3115 5024 3207 5061 σου
3247 5008 3669 5079 παρεμυθήσατό
3699 5027 3791 5081 με,
3813 5012 3942 5066 ὅταν

722 5114 867 5152 eram
897 5100 949 5153 in
984 5109 1205 5171 peccato
1237 5116 1377 5165 meo,
1414 5104 1670 5173 quoniam
1705 5105 1886 5158 dixisti
1918 5125 1929 5158 :
1971 5104 2106 5158 Nolo
2136 5121 2272 5156 mor-

2371 5097 2517 5165 ἦμην
2552 5097 2608 5147 ἐν
2634 5101 2697 5167 τῇ
2740 5099 2979 5169 ἁμαρτίᾳ
3011 5117 3132 5169 μου,
3174 5100 3254 5153 ὅτι
3298 5099 3553 5173 εἴρηκας·
3597 5105 3680 5155 Οὐ
3714 5102 3942 5165 ,βούλο-

720 5199 819 5242 tem
839 5192 1148 5256 peccatoris,
1176 5190 1263 5246 sed
1290 5201 1344 5244 ut
1372 5204 1726 5257 convertatur,
1755 5205 1801 5247 et
1828 5196 1960 5247 vium
1988 5196 2051 5247 ⁵⁸⁸.

2366 5198 2467 5248 μαι
2500 5181 2605 5234 τὸν
2627 5180 2881 5235 θάνατον
2921 5183 3025 5236 τοῦ
3053 5183 3419 5253 ἀιιαρτιιαοῦ,
3451 5188 3523 5251 ὡς
3574 5186 3637 5238 τὸ
3664 5187 3944 5255 ἐπιστρέ-

2371 5291 2524 5340 φειν,
2562 5274 2656 5325 καὶ
2690 5270 2795 5339 ζῇν
2826 5276 3026 5327 αὐτόν.

788 5358 876 5413 51.
914 5359 1327 5418 Contemnentes
1360 5374 1623 5434 przeccpta
1661 5374 1756 5420 tua
1783 5368 1945 5436 impie
1969 5376 2135 5439 agunt
2182 5384 2273 5423 us-

2440 5362 2501 5415 51
2553 5364 2614 5415 Οἱ
2640 5362 3033 5429 ἐξουδενοῦντες
3056 5365 3127 5418 τὰ
3151 5366 3540 5436 προστάγματά
3581 5384 3674 5420 σου
3703 5367 3939 5421 ἐπεοῦ-

720 5467 827 5521 que
856 5453 908 5506 in
939 5452 1119 5516 linem,
1148 5471 1246 5524 ego
1267 5466 1446 5510 autem
1478 5473 1507 5512 a
1544 5460 1653 5529 lege
1684 5468 1771 5514 tua
1808 5476 1912 5514 non
1946 5460 2165 5516 recessi.

2378 5472 2459 5505 σιν
2498 5453 2605 5517 ἕως
2637 5455 2847 5519 τέλους·
2891 5454 3000 5524 ἐγὼ
3030 5456 3085 5510 δέ
3116 5456 3221 5510 ἀπὸ
3248 5456 3339 5510 τοῦ
3360 5457 3526 5529 νόμου
3562 5474 3656 5511 σου
3708 5460 3811 5513 οὐκ
3836 5459 3940 5528 ἀφ-

2380 5563 2630 5617 ισταμην.

791 5714 837 5749 ⁸⁸
870 5715 1065 5769 Ezech.
1101 5731 1293 5782 xxxm,
1324 5717 1381 5771 ll
