4110 6318
767 361 899 414 1187
1598 360 1654 415 S.
1695 360 2058 414 ATllAN.\Sll
2097 360 2245 416 OI‘P.
2283 362 2463 419 PARS
2507 365 2590 419 lll.
2635 395 2703 406 ——
2740 365 3153 425 EXEGETICA.
3829 368 3940 424 1188

831 482 921 533 (il.
958 479 1318 533 Misericordia
1353 486 1466 541 tua,
1503 477 1749 543 Domine,
1786 481 1939 549 plena
1985 489 2067 535 est
2118 491 2257 536 terra
2290 521 2306 547 ,
2341 488 2385 542 Α

2341 488 2385 542 Α
2478 483 2562 537 Gl.
2593 484 2696 538 Τοῦ
2719 483 2898 548 ἐλέους
2927 503 3037 548 σου,
3057 486 3248 558 Κύριε,
3272 485 3485 557 πλήρης
3503 487 3536 555 ἡ
3561 486 3648 556 γῆ,
3671 485 3740 539 τὰ
3758 485 3940 540 δικαιώ-

757 571 1170 640 juStitieationes
1198 580 1320 622 tuas
1349 569 1483 625 doce
1513 585 1615 622 me.

1410 586 1483 625 nec
1513 585 1615 622 me.
2423 575 2568 644 ματά
2596 593 2687 629 σου
2712 575 2918 641 δίδαξόν
2947 596 3033 648 με.

832 657 920 714 65.
957 661 1257 713 Bonitatem
1307 660 1476 713 fecisti
1527 678 1648 714 cum
1709 678 1864 715 servo
1905 673 2031 727 tuo,
2069 662 2314 728 Domine,

2612 667 2964 738 Χρηστότητα
3009 668 3267 738 ἐποίησας
3315 667 3451 738 μετὰ
3494 669 3587 720 τοῦ
3629 668 3815 722 δούλου
3848 686 3940 732 σι,

762 754 1058 807 secundum
1097 753 1317 804 verbum
1357 762 1530 805 tuum.

2416 757 2604 827 Κύριε,
2639 759 2780 811 κατὰ
2809 759 2899 811 τὸν
2925 759 3079 826 λόγον
3109 777 3221 811 σου.

830 847 917 896 liti.
952 843 1272 904 Bonitatem,
1306 852 1359 896 et
1391 844 1753 912 disciplinam,
1781 854 1833 896 et
1859 845 2140 899 scientiam
2176 846 2311 902 doce

2481 850 2568 902 66.
2603 849 2975 919 Χρηστότητα,
3006 850 3098 902 καὶ
3120 850 3379 915 παιδείαν,
3406 851 3501 902 καὶ
3531 851 3736 917 γνῶσιν
3767 851 3940 916 δίδαξιὶιι

763 954 866 993 me.
900 940 1022 1003 quia
1055 937 1320 989 tuatidatis
1361 935 1466 988 luis
1497 937 1720 988 credidi.

2417 957 2505 1009 με,
2536 942 2616 993 ὅτι
2639 943 2756 1003 ταῖς
2788 941 3024 1006 ἐντολαῖς
3051 959 3142 995 σου
3172 943 3481 996 ἐπίστευσα.

831 1030 916 1080 67.
957 1029 1279 1098 Priusquam
1310 1030 1621 1082 Inuniliarer
1649 1048 1747 1097 ego
1775 1031 1996 1100 deliqui,
2027 1039 2308 1101 propterea

2481 1033 2567 1086 67.
2600 1034 2712 1104 Πρὸ
2736 1033 2829 1087 τοῦ
2862 1051 2928 1104 με
2961 1033 3354 1104 ταπεινωθῆναι
3397 1033 3504 1102 ἐγὼ
3547 1032 3937 1102 ἐπλημμέλησα.

763 1121 1034 1188 eloquium
1061 1132 1212 1174 tuum
1237 1122 1524 1176 custodiri.

2411 1119 2497 1172 διὰ
2525 1121 2678 1174 τοῦτο
2705 1122 2764 1174 τὸ
2799 1121 2975 1190 λόγιόν
3011 1140 3102 1174 σου
3137 1122 3392 1191 ἐφύλαξα.

829 1211 916 1265 68.
949 1212 1128 1264 Bonus
1151 1230 1207 1264 es
1231 1224 1307 1274 tu,
1332 1222 1386 1265 et
1414 1214 1466 1265 in
1495 1214 1731 1267 bonitate
1753 1225 1844 1268 tua
1877 1215 2011 1269 doce
2035 1231 2120 1268 me
2149 1215 2312 1282 justi-

2481 1212 2568 1265 68.
2599 1213 2842 1284 Χρηστὸς
2890 1209 2941 1266 εἷ
2985 1217 3070 1277 σὺ,
3102 1215 3292 1285 Κύριε,
3323 1217 3414 1266 καὶ
3455 1217 3510 1266 ἐν
3539 1217 3602 1285 τῇ
3637 1215 3940 1285 χρηστότητξ

761 1304 1035 1354 tirationes
1068 1313 1206 1357 tuas.

2411 1319 2505 1356 σου
2533 1303 2740 1367 δίδαξόν
2768 1323 2834 1374 με
2866 1306 2933 1358 τὰ
2965 1305 3304 1374 δικαιώματά
3328 1323 3439 1357 σου.

828 1395 916 1447 69.
951 1394 1298 1463 Multiplicata
1327 1406 1410 1450 est
1437 1412 1599 1464 super
1644 1412 1727 1450 me
1756 1397 2012 1466 iniquitas
2045 1398 2308 1468 supetbo—

2481 1395 2567 1447 69.
2594 1395 2929 1466 Ἐπληθύνθη
2960 1397 3044 1448 ἐπ’
3075 1397 3172 1465 ἐμὲ
3213 1397 3391 1450 ἀδικία
3424 1397 3788 1466 ὑπερηφάνων
3807 1414 3818 1425 ·
3855 1398 3943 1462 ἐγὼ

759 1501 912 1538 rnu't:
948 1501 1047 1552 ego
1083 1496 1262 1539 autem
1287 1491 1339 1540 in
1368 1495 1479 1540 toto
1509 1489 1670 1540 corde
1696 1503 1815 1540 meo
1843 1489 2129 1542 scrutabor
2159 1505 2309 1543 man-

2260 1506 2309 1542 ιι·
2410 1487 2466 1540 δὲ
2491 1489 2547 1539 ὲν
2579 1488 2672 1558 ὅλῃ
2705 1489 2896 1558 καρδία
2928 1507 3026 1559 μου
3056 1489 3386 1559 ἐξερευνήσω
3412 1489 3508 1551 τὰς
3532 1489 3752 1552 ἐντολάς
3783 1505 3883 1542 σου.

757 1577 880 1628 data
918 1585 1027 1628 tua.

831 1667 912 1719 70.
949 1668 1302 1736 Coagnlatum
1348 1680 1431 1723 est
1476 1671 1619 1723 sicut
1668 1672 1749 1724 lac
1805 1688 1896 1725 cor
1943 1688 2132 1726 eorum
2165 1691 2178 1727 :
2207 1687 2308 1743 ego

2481 1668 2566 1720 70.
2588 1667 2710 1719 Ἐτυ
2721 1667 2863 1738 ρώοη
2887 1668 2961 1731 ὡς
2995 1668 3134 1736 γάλα
3163 1669 3196 1740 ἢ
3219 1669 3412 1740 καρδία
3438 1667 3634 1721 αὐτῶν·
3669 1666 3783 1734 ἐγὼ
3799 1667 3849 1718 δὲ
3869 1685 3943 1717 1w

760 1772 886 1808 vero
913 1757 1080 1826 legem
1115 1769 1259 1812 luam
1292 1762 1576 1815 meditatus
1605 1779 1748 1814 sum.

1417 1762 1576 1815 italus
1605 1779 1748 1814 sum.
2409 1759 2571 1828 νόμον
2599 1776 2690 1810 σου
2719 1759 3039 1828 ἐμελέτησα.

829 1845 912 1896 7|.
955 1845 1158 1900 Bonum
1187 1850 1337 1913 mihi,
1367 1851 1491 1918 quia
1522 1852 1814 1905 lnnniliasti
1843 1869 1946 1916 me,
1993 1864 2049 1908 ut
2101 1855 2306 1908 discam
2344 1845 2380 1898 Β

2344 1845 2380 1898 Β
2479 1851 2561 1902 71.
2587 1851 2809 1918 Ἀγαθὸν
2844 1869 2952 1920 μοι,
2983 1852 3063 1904 ὅτι
3088 1850 3452 1915 ἐταπείνωσάς
3482 1869 3567 1920 με,
3592 1851 3741 1912 ὅπως
3773 1848 3833 1902 ἂν
3858 1851 3943 1918 pi-

758 1937 1168 2004 iustilicaliones
1193 1949 1334 1994 tuas.

2413 1941 2487 1994 οω
2519 1941 2583 1993 τὰ
2605 1941 2950 2012 δικαιώματά
2987 1960 3101 1996 σου.

829 2029 913 2082 72.
951 2031 1154 2084 Bonum
1185 2034 1311 2086 mihi
1344 2034 1425 2087 lex
1453 2035 1562 2088 oris
1596 2035 1693 2098 tui,
1727 2052 1886 2102 super
1928 2037 2092 2091 millia
2127 2039 2243 2092 auri
2263 2047 2314 2092 el

2481 2032 2567 2084 72.
2592 2033 2816 2098 Ἀγαθός
2849 2051 2937 2102 μοι
2959 2035 2988 2086 ὁ
3012 2033 3173 2104 νόμος
3198 2032 3287 2086 τοῦ
3321 2033 3579 2103 στόματός
3603 2050 3696 2085 σου
3730 2032 3863 2102 ὑπὲρ
3884 2050 3943 2101 χι-

761 2121 987 2186 argenti.

2410 2123 2591 2186 λιάδας
2621 2125 2840 2194 χρυσίου
2874 2127 2966 2178 καὶ
2987 2125 3271 2195 ἀργυρίου.

831 2207 915 2260 75.
941 2208 1132 2264 Manus
1169 2220 1272 2265 tua:
1303 2211 1546 2266 fecerunt
1574 2229 1676 2276 me,
1705 2224 1757 2267 et
1777 2215 2181 2283 plasmaverunt
2206 2232 2310 2282 me,

2479 2214 2566 2265 75.
2599 2216 2660 2266 Ai
2685 2215 2860 2284 χεῖρές
2895 2231 2986 2266 σου
3010 2215 3267 2285 ἐποίησάν
3301 2231 3401 2284 με,
3445 2214 3538 2266 καὶ
3582 2212 3822 2264 ἔπλασαν
3867 2227 3941 2279 με,

757 2296 821 2352 da
859 2300 986 2352 mihi
1015 2301 1360 2365 intellectum,
1390 2315 1441 2358 et
1470 2306 1674 2358 discam
1705 2309 1952 2360 mamlata
1989 2317 2100 2360 tua.

2407 2307 2677 2358 συνὲτισὸν
2711 2324 2797 2376 με,
2830 2307 2922 2360 καὶ
2959 2307 3267 2376 μαθήσομαι
3292 2307 3390 2368 τὰς
3423 2305 3641 2366 ἐντολάς
3667 2322 3783 2356 σου.

831 2390 914 2444 74.
957 2393 1056 2458 Qui
1110 2397 1369 2449 timeutle
1399 2397 1652 2450 videbunt
1703 2415 1807 2462 me,
1847 2409 1899 2453 et
1933 2400 2297 2455 laetabuntur:

2487 2398 2571 2450 Ἠ.
2604 2400 2664 2450 υἱ
2700 2397 3020 2469 φοϐούμενοί
3047 2416 3105 2450 σε
3130 2399 3344 2466 δψονταί
3390 2415 3486 2466 με,
3526 2397 3619 2449 καὶ
3654 2393 3943 2464 εὐφρανθή-

752 2483 883 2549 quia
917 2483 969 2536 in
1003 2485 1160 2538 verba
1191 2494 1281 2538 tua
1312 2489 1712 2556 superspcravi.

2413 2507 2612 2553 σονται,
2647 2491 2726 2543 ὅτι
2759 2492 2836 2552 είς
2854 2492 2976 2553 τοὺς
3000 2489 3190 2558 λόγους
3224 2507 3316 2542 σου
3342 2489 3637 2560 ὲπήλπισα.

1877 2601 2244 2656 ΛΤΙΙΑΝΑ511
2283 2599 2854 2657 INTERPRETATIO.

829 2705 916 2761 64.
947 2703 1062 2759 Non
1089 2717 1170 2760 est
1205 2709 1384 2775 homo,
1421 2712 1576 2779 cujus
1610 2729 1715 2766 non
1767 2715 2094 2776 miserearis.
2149 2725 2310 2785 atque

2475 2717 2561 2769 ϋι.
2598 2717 2709 2768 Οὐκ
2738 2715 2880 2768 ἔστιν
2905 2713 3205 2784 ἄνθρωπος,
3227 2713 3284 2764 ὃν
3311 2711 3410 2764 οὑκ
3437 2711 3625 2773 ἐλεεῖς,
3648 2709 3792 2781 κάμὲ
3811 2710 3951 2779 ἐλετί-

751 2797 916 2850 etiam
951 2799 1050 2850 mei
1082 2798 1441 2867 misereberis,
1467 2812 1519 2855 et
1541 2804 1759 2857 docebis
1778 2821 1862 2858 me
1888 2807 2309 2875 justiﬁcationcs

1988 2807 2309 2862 liﬁcationcs
2405 2826 2546 2871 σειςν
2571 2809 2662 2860 καὶ
2692 2806 2919 2871 διδάξεις
2951 2824 3015 2876 με
3041 2805 3109 2858 τὰ
3131 2802 3470 2873 δικαιώματα
3499 2819 3611 2854 σου.

754 2898 895 2940 ιυίις.

825 2981 914 3033 (35.
948 2981 1171 3036 Omnem
1209 2993 1352 3036 tuam
1387 2986 1680 3039 bonitatem
1715 2988 2002 3058 implevisti
2058 2991 2113 3047 in
2171 3008 2254 3048 me
2289 3035 2304 3058 ,

2472 2984 2558 3038 65'
2587 2985 2770 3038 Πᾶσαν
2791 2982 2888 3054 τὴν
2909 2983 3259 3054 ἀγαθωσύνην
3283 3001 3375 3036 σου
3396 2983 3718 3052 ἐπλήρωσας
3741 2983 3825 3044 εἰς
3840 2982 3953 3049 ἐ³

757 3074 1206 3138 quemadmodum
1233 3076 1359 3128 milii
1388 3080 1699 3146 promisisti.

1434 3080 1699 3134 ~ounisisti.
2403 3077 2582 3140 καθὼς
2615 3078 2924 3147 ἐπηγγείλω
2952 3095 3057 3146 μοι.

826 3161 910 3213 66.
951 3163 1298 3228 Clmritatem,
1323 3179 1376 3220 et
1406 3169 1775 3235 humilitatem,
1800 3183 1852 3226 et
1881 3173 2130 3230 virtutem
2157 3175 2307 3232 Scri-

2473 3171 2559 3223 66.
2584 3169 2848 3239 ’Λγάπην,
2878 3169 2972 3222 καὶ
2998 3169 3338 3228 ταπείνωσιν,
3366 3169 3456 3219 καὶ
3485 3167 3582 3235 τὴν
3610 3167 3842 3236 δύναμιν
3855 3161 3952 3215 τῶν

755 3261 1032 3319 pturarunt
1071 3265 1281 3309 Ιιιιιηιιιι
1306 3261 1444 3312 5ρίιό
1477 3278 1560 3313 me
1590 3278 1683 3330 per
1721 3265 1946 3335 gratiam
1987 3277 2132 3319 tuam
2173 3285 2304 3321 COD-

2403 3261 2631 3330 Γραερῶν
2667 3279 2756 3313 σου
2786 3260 2980 3312 εἰδέναι
3020 3277 3085 3328 με
3117 3258 3202 3311 διὰ
3229 3259 3324 3328 τῆς
3352 3259 3565 3328 χάριτός
3601 3277 3698 3312 σου
3727 3256 3952 3328 ἃῶρησαί

754 3345 882 3396 cede
915 3347 1065 3406 tnilti,
1095 3348 1221 3415 quia
1249 3350 1450 3402 credidi
1492 3353 1633 3419 quod
1673 3362 1756 3404 est
1811 3355 2096 3411 retributio
2143 3359 2307 3425 justis

2408 3372 2514 3423 μοι,
2561 3354 2640 3405 ὅτι
2685 3352 2995 3415 ἐπίστευσα,
3030 3353 3109 3404 ὅτι
3157 3351 3300 3403 ἔστιν
3347 3352 3707 3414 ἁνταπόδοσις
3744 3352 3951 3404 iusim

753 3444 916 3499 atque
951 3434 1186 3500 injustis.

1123 3436 1186 3488 iS-
2406 3446 2498 3497 καὶ
2528 3444 2744 3498 ἀδίκων.

824 3526 910 3575 Ui.
947 3525 1262 3595 l'riusqttam
1314 3529 1608 3596 subjicerer
1655 3531 1745 3584 tibi
1781 3573 1795 3596 ,
1831 3548 1929 3602 ego
1971 3534 2022 3587 in
2059 3545 2107 3588 te
2137 3537 2301 3592 multa
2333 3516 2372 3574 Ο

2333 3516 2372 3574 C
2475 3537 2560 3590 67.
2588 3536 2697 3605 Πρὸ
2731 3533 2825 3587 τοῦ
2871 3552 2936 3605 με
2967 3531 3298 3602 ὑποταγῆναι
3326 3549 3425 3594 σοι,
3456 3530 3564 3599 ἐγὼ
3610 3533 3693 3594 ei;
3719 3532 3776 3584 σέ
3803 3530 3951 3583 πολλὰ

755 3617 988 3682 peccavi,
1019 3629 1293 3686 propterea
1342 3637 1504 3686 nunc,
1535 3625 1678 3692 quod
1705 3625 2010 3694 praecepisti
2031 3627 2184 3690 mihi,
2210 3645 2304 3682 cu-

2297 3660 2304 3669 »
2403 3630 2667 3699 ἦμαρ-τον,
2689 3627 2774 3679 δια
2800 3626 2955 3678 τοῦτο
2977 3626 3068 3678 νῦν
3098 3627 3232 3694 ὅπερ
3261 3623 3505 3677 ἐνετείλω
3536 3641 3655 3694 μοι,
3671 3621 3920 3692 ἐιξύλαξα.

753 3709 965 3760 Stoliit’i.

821 3798 907 3850 68.
939 3798 1116 3852 Bonus
1141 3814 1220 3862 es,
1257 3800 1496 3862 Dotttitte,
1515 3813 1567 3854 et
1594 3803 1644 3854 in
1676 3803 1876 3872 Spiritu
1906 3814 1999 3858 tuo
2031 3805 2172 3862 bono
2203 3808 2302 3862 do—

2471 3805 2558 3858 68.
2581 3803 2806 3870 Ἀγαθὸς
2834 3798 2904 3861 εἴ,
2941 3801 3130 3871 Κΰριε,
3159 3801 3253 3853 καὶ
3278 3801 3334 3852 ἐν
3361 3799 3437 3869 τῷ
3461 3799 3742 3870 Πνεῦματί
3771 3817 3865 3852 σου
3885 3793 3949 3866 τῷ

753 3904 811 3940 ce
839 3890 1349 3958 mejusliﬁcationes
1394 3904 1512 3947 tuas
1542 3905 1593 3948 et
1623 3912 1946 3965 cognoscere
1971 3909 2024 3952 et
2058 3899 2252 3952 facere.

2404 3894 2588 3964 ἀγαθῷ
2619 3894 2824 3959 δίδαξόν
2858 3911 2924 3963 με
2949 3893 3015 3946 τὰ
3039 3891 3375 3962 δικαιώματά
3398 3909 3512 3956 σου,
3538 3893 3634 3944 καὶ
3652 3891 3946 3958 γινώσκειν,

2403 3989 2494 4041 καὶ
2528 3991 2718 4040 ποιεῖν.

821 4072 905 4128 69.
937 4073 1218 4129 Multitudo
1244 4077 1596 4145 cupiditatum
1651 4090 1704 4132 et
1751 4081 2138 4149 cogitationum
2187 4081 2302 4134 dia-

2469 4079 2556 4132 69.
2593 4078 2798 4149 Πλῆθος
2826 4074 3122 4144 ἐπιθυμιῶν
3148 4074 3240 4126 καὶ
3273 4074 3621 4142 ἐνθυμήσεων
3643 4063 3952 4125 διαῦολικῶν

751 4161 1042 4214 bolicarum
1079 4163 1236 4215 irruit
1263 4165 1314 4216 in
1344 4182 1457 4218 me:
1489 4181 1588 4232 ego
1611 4177 1788 4220 autem
1821 4184 2161 4237 nequaquam
2194 4178 2302 4222 tra-

2401 4171 2600 4240 ἐπέστη
2635 4187 2723 4240 μοι
2741 4184 2754 4197 ’
2783 4165 2891 4234 ἐγὼ
2917 4166 2973 4218 δὲ
3004 4166 3122 4218 οὐδὲ
3147 4165 3280 4227 ὅλως
3308 4163 3545 4229 ἐξέδωκα
3575 4165 3660 4224 εἰς
3698 4163 3842 4215 αὐτὰ
3865 4163 3951 4226 ἑὴν

748 4249 855 4300 didi
891 4249 940 4301 in
969 4250 1110 4318 ipsas
1133 4268 1226 4304 cor
1256 4269 1454 4317 meum,
1488 4270 1610 4308 nam
1655 4265 1885 4309 mentem
1929 4275 2101 4311 meam
2136 4260 2300 4312 babe-

2401 4263 2623 4332 καρδίαν
2668 4277 2805 4330 μου·
2842 4260 2939 4329 τὴν
2985 4258 3090 4328 γὰρ
3121 4256 3355 4310 διάνοιάν
3404 4273 3504 4326 μου
3542 4249 3691 4323 εἶχον
3735 4256 3818 4317 είς
3863 4267 3947 4312 ω,

753 4342 869 4393 bam
905 4342 954 4393 in
981 4344 1259 4412 prmeeplis
1287 4347 1412 4399 tuis.

1134 4344 1259 4412 aptis
1287 4347 1412 4399 tuis.
2400 4355 2615 4416 ἐντολάς
2645 4370 2757 4406 σου.

820 4433 904 4485 70.
933 4434 1264 4489 ()bduratum
1293 4445 1372 4490 est
1403 4453 1495 4491 cor
1523 4454 1734 4504 eorum,
1771 4456 1871 4510 ego
1919 4452 2099 4496 autem
2147 4458 2298 4496 men-

2471 4445 2556 4499 70.
2581 4443 2938 4512 Ἐσκλήρυται
2965 4441 2997 4509 ἡ
3025 4439 3219 4509 καρδία
3251 4437 3446 4497 αὐτῶν,
3475 4436 3588 4505 ἐγὼ
3620 4437 3678 4489 δὲ
3717 4437 3819 4507 τὴν
3848 4434 3947 4486 διᾶδ

749 4534 850 4576 tem
882 4541 1052 4578 meam
1081 4527 1133 4580 in
1162 4528 1351 4580 timore
1383 4537 1474 4580 tuo
1505 4529 1698 4585 habeo.

2399 4535 2541 4588 νοιάν
2577 4549 2676 4602 μου
2702 4534 2778 4595 εἰς
2812 4530 2900 4584 τὸν
2936 4530 3098 4598 φόϐον
3131 4545 3224 4580 σου
3261 4527 3384 4596 ἔχω.

816 4616 900 4668 71.
928 4615 1133 4669 Bonum
1163 4619 1314 4681 mihi,
1349 4618 1493 4688 quod
1536 4619 1937 4675 mansuefecisti
1967 4637 2063 4676 cor
2095 4639 2293 4686 Ineunt,

2470 4626 2553 4678 71.
2581 4623 2806 4692 ’Δγαθόν
2848 4639 2956 4692 μοι,
2992 4622 3074 4674 δτι
3112 4621 3383 4690 ἐπράὓνας
3423 4619 3522 4686 τὴν
3571 4619 3800 4691 καρδίαν
3834 4635 3945 4686 μου.

749 4721 803 4760 ut
832 4707 1093 4776 excipiam
1127 4712 1350 4780 gratiam
1381 4722 1548 4763 tuam.

2397 4718 2539 4779 ὅπως
2564 4717 2628 4768 ἂν
2653 4715 2887 4785 δέξωμαι
2911 4713 3010 4785 τὴν
3037 4711 3196 4784 χάριν
3221 4728 3337 4763 σου.

817 4799 900 4852 72.
938 4798 1095 4852 Bome
1121 4801 1248 4852 milii
1279 4811 1404 4854 sunt
1427 4803 1645 4864 divitiae,
1677 4818 1814 4872 quas
1841 4803 2031 4858 dedisti
2056 4803 2189 4857 mihi
2214 4804 2294 4856 di-
2329 4842 2368 4893 D

2329 4842 2368 4893 υ
2469 4807 2552 4860 72.
2579 4805 2803 4873 Ἀγαθός
2849 4821 2939 4876 μοι
2983 4805 3012 4857 ὁ
3060 4803 3283 4865 πλοῦτος
3307 4802 3365 4853 ὃν
3389 4800 3596 4893 ἔδωκάς
3630 4818 3720 4870 μοι
3749 4801 3942 4893 λέγων·

747 4905 872 4941 cens
896 4908 908 4942 :
929 4891 1156 4957 Accipite
1177 4890 1430 4958 Spiritum
1455 4904 1691 4946 sanctum
1710 4895 1880 4963 “,qui
1911 4911 2073 4963 super
2103 4911 2293 4948 omnes
2333 4890 2354 4893 Ϋ

2333 4890 2354 4893 ᾖ
2399 4899 2610 4952 Λάϐετε
2639 4898 2876 4966 Πνεῦμα
2907 4895 3074 4963 ἅγιον
3102 4894 3238 4964 ὑπὲρ
3273 4893 3446 4946 πάντα
3480 4892 3734 4955 πλοῦτον,
3768 4893 3828 4944 ὃν
3862 4892 3945 4942 ἐὰν

744 4981 1070 5040 divitiasest,
1087 4999 1222 5050 quas
1236 4983 1500 5052 quispiam
1523 5001 1758 5053 unquam
1779 4985 1956 5039 animo
1971 4987 2293 5053 CUIICt‘pt't'il.
2395 5006 2474 5050 τις
2502 4987 2797 5056 ἐνθυμηθῇ.

817 5071 900 5122 75.
938 5071 1017 5123 Tu
1049 5073 1114 5125 ab
1141 5073 1311 5133 initio,
1340 5093 1460 5127 cum
1496 5091 1595 5145 ego
1626 5077 1796 5128 lututu
1831 5092 2029 5138 essem,
2056 5087 2108 5130 et
2132 5088 2296 5138 terra.

2464 5080 2547 5130 75.
2582 5079 2650 5127 Σὺ
2675 5079 2731 5128 ἐν
2759 5078 2898 5146 ἀρχῇ
2933 5072 3100 5146 πηλὸν
3144 5075 3269 5126 ὅντα
3299 5092 3387 5142 με,
3419 5075 3514 5128 καὶ
3557 5075 3687 5143 γῆν,
3715 5076 3943 5134 ἔπλασας

745 5159 984 5216 fornnaSli
1020 5180 1100 5216 me
1131 5167 1419 5218 secundum
1446 5177 1589 5219 tuam
1629 5168 1944 5236 imaginem,
1999 5178 2050 5221 et
2100 5170 2297 5221 simili-

2397 5171 2511 5220 κατ’
2543 5169 2724 5220 εἰκόνα
2762 5168 2858 5236 σὴν
2890 5167 2982 5218 καὶ
3005 5167 3279 5236 ὁμοίωσιν,
3309 5167 3400 5218 καὶ
3425 5166 3518 5218 νῦν
3541 5168 3843 5237 φθαρείσης
3861 5167 3943 5229 τῆς

744 5254 1004 5316 tudinem,
1035 5265 1087 5308 et
1115 5272 1255 5310 nunc
1293 5268 1604 5324 corruptum
1638 5275 1732 5312 cor
1787 5276 1962 5312 meum
1996 5276 2022 5312 ιι
2069 5261 2298 5313 terrenis

2398 5260 2618 5328 καρδίας
2647 5275 2748 5328 μου
2785 5257 2886 5310 ὑπὸ
2911 5257 3016 5307 τῶν
3046 5257 3246 5325 γηίνων
3273 5257 3574 5326 ἐπιθυμιῶν
3602 5257 3941 5310 ἁνακαίνισον

743 5345 1190 5412 (τοιιουνίερυηιὶἰε
1220 5364 1410 5401 renova
1446 5350 1593 5414 illud,
1616 5359 1668 5402 cl
1703 5348 1807 5415 fac,
1841 5366 1962 5403 cum
1991 5361 2079 5404 tua
2111 5352 2287 5419 imago

2397 5351 2581 5419 αὐτὴν,
2612 5351 2702 5401 καὶ
2734 5349 2974 5416 ποίησον,
3002 5347 3075 5410 ώς
3109 5349 3205 5416 σὴν
3236 5344 3398 5400 οὖσαν
3429 5349 3639 5415 εἰκόνα,
3671 5349 3769 5412 τὰς
3810 5351 3941 5401 ἐντί.-

744 5437 830 5498 sit,
866 5447 922 5490 ut
952 5438 1144 5491 habeat
1172 5440 1223 5492 in
1261 5456 1318 5494 se
1349 5441 1603 5510 inscripta
1639 5453 1900 5512 przccepta
1937 5453 2053 5496 tua.

1788 5453 1900 5512 cpta
1937 5453 2053 5496 tua.
2397 5444 2491 5504 λας
2523 5444 2664 5512 ἔχειν
2699 5445 2753 5493 ἐν
2777 5442 2910 5511 αὐτῇ
2941 5441 3411 5509 ἐγγεγραμμένας.

811 5530 897 5582 74.
936 5530 1116 5585 Sancti
1169 5532 1244 5586 lui
1279 5543 1331 5586 et
1381 5548 1568 5588 omnes
1616 5535 1789 5605 angeli
1824 5537 1898 5590 tui
1931 5534 2277 5590 exsultabunt

2452 5534 2537 5586 74.
2572 5535 2634 5586 υἱ
2665 5533 2804 5599 Ξιγιοί
2842 5549 2933 5584 σου
2962 5532 3054 5583 καὶ
3098 5532 3295 5593 πάντες
3321 5533 3368 5583 οἱ
3394 5530 3615 5601 ἄγγελοί
3650 5549 3742 5585 σου
3791 5529 3941 5597 ἁγαλι

746 5620 980 5675 videntes
1015 5624 1153 5691 quod
1189 5640 1272 5677 mc
1303 5627 1570 5694 pwnituit.

2396 5624 2665 5675 λιασονται
2690 5621 2943 5693 ὁρῶντες,
2971 5622 3049 5676 ὅτι
3070 5622 3382 5692 μετενόησα.

810 5732 852 5760 ⁶⁶
880 5730 1034 5785 Joan.
1067 5750 1153 5791 xx.
1181 5733 1266 5785 90.
