4066 6318
119 381 233 440 “39

930 371 1015 427 DE
1052 367 1326 424 TITUHS
1367 362 1814 420 ΡςΑιΜωιυΜ.
1863 395 1926 406 -
1967 362 2160 416 ιδεμ..
2203 359 2438 414 CXVIII.

3184 361 3323 415 1190

174 498 253 553 75.
289 497 514 565 Ἐγνων,
542 490 744 562 Κύριε,
797 490 879 543 ὃτι
919 487 1230 556 δικαιοσύνη
1284 486 1351 540 τὶ
1396 483 1674 556 κρίματὰ.

1811 481 1895 534 75.
1917 479 2179 551 Cognovi,
2213 479 2459 541 Domine,
2493 479 2621 546 quia
2654 475 2887 546 aequitas
2931 474 3133 544 judicia
3189 485 3310 542 tua,

119 610 214 650 30"»
240 587 328 642 καί
359 584 584 655 ἀληθείᾳ
607 581 970 643 ὲταπείνωσάς
1005 597 1092 650 με,

173 681 251 736 76.
281 677 564 749 Γενηθήτω
587 675 652 745 δὴ
677 673 738 726 τὸ
766 673 914 735 ἐλεὸς
944 689 1034 726 σου
1069 672 1162 725 τοῦ
1186 670 1563 724 παοακαλὲσαι
1585 687 1653 740 με

113 774 238 828 κατὰ
261 771 320 824 τὸ
346 768 523 837 λόγιόν
554 783 646 820 σου
684 764 761 836 τῷ
787 763 958 834 δούλῳ
993 779 1106 815 σου.

173 865 253 918 77.
296 857 624 915 Ἐλλοέτωσάν
664 873 753 926 μοι
782 856 831 907 οἱ
871 852 1142 924 οἰκτιρμοί
1194 869 1286 904 σου
1312 890 1327 916 ,
1363 852 1455 905 καὶ
1497 852 1656 924 ζήσο-

117 973 221 1026 μαι,
251 953 330 1006 ὅτι
350 954 378 1004 ὁ
402 950 564 1019 νόμος
590 965 682 999 σου
717 945 916 1015 μελέτη
949 962 1050 1016 μου
1089 944 1257 998 ἐστίν.

176 1046 256 1099 78.
285 1041 732 1111 Αἰσχυνθήτωσαν
753 1039 1112 1109 ὑπερήφανοι,
1135 1038 1215 1090 ὅτι
1238 1036 1435 1098 ἀδίκως
1454 1037 1661 1108 ἠγόμη-

116 1155 202 1192 σαν
249 1137 326 1198 εἰς
369 1133 505 1203 ἐμέο
557 1129 668 1200 ἐγὼ
715 1129 771 1182 δὲ
825 1129 1247 1201 ἀδολεσχήσωὲν
1279 1131 1398 1192 ταῖς
1423 1131 1659 1192 ἐντολαῖς

117 1247 217 1282 σου.

176 1319 256 1373 79.
302 1314 809 1388 Ἐπιστρεψάτωσάν
846 1331 912 1386 με
945 1315 995 1366 οἱ
1019 1311 1338 1385 φοϐούμενοί
1382 1330 1463 1374 σε,
1496 1313 1589 1367 καὶ
1612 1314 1663 1368 οί

120 1406 464 1478 γινώσκοντες
491 1404 559 1458 τὰ
591 1404 864 1475 μαρτύριά
894 1419 1009 1455 σου.

178 1499 258 1551 80.
294 1498 631 1569 Γενηθήτωὴ
658 1497 849 1567 καρδία
875 1513 975 1567 μου
995 1497 1222 1567 ἄμωμος
1247 1497 1304 1550 ἐν
1320 1500 1432 1562 τοῖς
1453 1497 1669 1552 δικαιώ-

121 1589 238 1661 μασί
263 1607 372 1648 σου.
399 1591 546 1652 ὅπως
581 1589 645 1642 ἂν
675 1590 748 1658 μὴ
774 1587 1068 1658 αἱσχυνθώ.

178 1682 259 1736 8|.
303 1681 572 1735 Ἐκλείπει
597 1682 676 1743 εἰς
711 1680 771 1733 τὸ
795 1681 1060 1752 σωτήριόν
1090 1698 1182 1735 σου
1214 1681 1412 1755 ἡψυχὴ
1444 1700 1567 1756 μου.
1587 1685 1666 1748 είς

115 1776 230 1837 τοὺς
257 1775 446 1843 λόγους
481 1791 573 1826 σου
595 1773 888 1845 ὲπήλπισα.

1767 1583 1929 1638 nibus
1956 1581 2085 1648 tuis,
2124 1590 2184 1634 ut
2217 1597 2322 1634 non
2354 1579 2680 1634 confundar.

1754 582 1807 626 et
1838 572 1888 624 in
1925 572 2150 625 veritate
2182 579 2272 623 tua
2304 569 2605 622 Immiliasti
2639 583 2743 622 me.

1827 662 1912 716 76.
1947 662 2065 717 Fiat
2091 660 2460 716 misericordia
2514 669 2604 714 tua
2655 671 2712 714 ut
2759 659 3075 714 consoletur
3118 675 3314 715 mese-

1757 754 1994 810 cundum
2029 752 2306 822 eloquium
2343 761 2494 805 tuum
2527 767 2685 805 servo
2715 760 2828 805 tuo.

1830 845 1916 899 77.
1959 842 2188 899 Veniant
2218 843 2350 897 mibi
2403 844 2780 898 miserationes
2830 852 2957 908 tuae,
3013 851 3068 896 et
3104 843 3324 898 vivam:

1761 943 1886 1010 quia
1915 939 1996 994 lex
2028 950 2116 992 tua
2146 938 2427 992 meditatio
2458 953 2573 990 mea
2603 945 2708 991 est.

1833 1031 1918 1086 '78.
1947 1030 2366 1085 Confuudantur
2399 1029 2642 1099 superbi,
2671 1028 2796 1099 quia
2833 1029 3032 1098 injuste
3063 1027 3318 1098 iniquita-

1760 1132 1866 1178 tem
1904 1126 2149 1177 leeerunt
2176 1122 2228 1176 in
2260 1137 2343 1176 me
2377 1139 2390 1176 :
2428 1138 2528 1190 ego
2561 1133 2742 1176 autem
2776 1123 3070 1175 esercehor
3098 1123 3149 1174 in
3177 1137 3328 1176 man—

1763 1215 1903 1270 datis
1929 1215 2057 1268 luis.

1836 1305 1923 1359 79.
1954 1303 2354 1359 Convertautur
2383 1303 2513 1356 mihi
2548 1303 2803 1357 timentes
2828 1312 2900 1369 te,
2950 1312 3004 1356 et
3031 1304 3122 1373 qui
3161 1319 3327 1357 nove-

1764 1407 1962 1452 verunt
1997 1396 2304 1451 testimonia
2335 1405 2447 1450 tua.

1835 1490 1922 1544 80.
1958 1488 2077 1544 Fiat
2101 1505 2193 1543 cor
2223 1502 2399 1542 meum
2435 1488 2844 1542 immaculatum
2879 1487 2931 1540 in
2981 1486 3329 1557 iustiﬁcatio-

1839 1674 1928 1729 8|.
1958 1673 2156 1728 Deiecit
2184 1673 2236 1725 in
2274 1671 2512 1726 salutare
2563 1682 2714 1726 tuum
2753 1673 2935 1727 anima
2959 1633 3128 1734 lmea,
3178 1682 3233 1727 et
3275 1689 3330 1728 m

1769 1768 1929 1821 verba
1964 1776 2053 1821 tua
2090 1765 2488 1834 supersperavi.

180 1867 262 1920 8‘2.
308 1866 581 1930 Ἐξέλιπον
612 1868 656 1919 οξ
686 1866 953 1936 ὀφθαλμοί
995 1884 1095 1936 μου
1124 1867 1202 1929 είς
1229 1866 1290 1918 τὸ
1336 1865 1514 1935 λόγιόν
1549 1883 1664 1926 σου.

1833 1857 1924 1912 8‘2.
1960 1856 2283 1910 Defecerth
2307 1856 2448 1911 oculi
2485 1855 2588 1910 mei
2621 1856 2672 1910 iu
2705 1855 2981 1925 eloquium
3020 1864 3195 1923 tuum,
3243 1856 3328 1910 di-

116 1957 376 2025 λέγοντες·
410 1955 545 2009 Πότε
579 1956 980 2028 παρακαλέσεις
1005 1973 1108 2026 με;

179 2045 262 2099 85.
295 2045 417 2097 ’Ὅτι
444 2045 706 2116 ἐγενήθην
736 2047 813 2108 ὼς
844 2046 1008 2109 ἀσκὸς
1046 2047 1104 2098 ὲν
1131 2046 1330 2118 πάχνη,
1359 2047 1428 2098 τὰ
1453 2045 1668 2099 δικαιώ-

120 2137 254 2205 ματά
283 2154 374 2190 σου
406 2138 504 2190 οὐκ
531 2136 895 2208 ἐπελαθόμην.

180 2226 263 2280 84.
291 2227 460 2279 Πόσαι
497 2227 635 2278 εἰσὶν
673 2229 727 2279 αἱ
761 2227 965 2298 ἡμέραι
1011 2227 1105 2280 τοῦ
1139 2228 1325 2281 δούλου
1352 2245 1484 2293 σου;
1536 2230 1664 2282 πότε

116 2320 349 2388 ποιήσεις
380 2336 468 2388 μοι
496 2319 558 2370 ὲκ
589 2318 696 2370 τῶν
721 2320 1165 2373 καταδιωκόντων
1202 2339 1268 2392 με
1303 2321 1481 2393 κρίσιν
1507 2340 1520 2387 ;

179 2407 262 2462 85.
291 2408 627 2478 Διηγήσαντὸ
673 2427 763 2480 μοι
817 2412 1119 2483 παράνομοι
1162 2413 1496 2485 ἀδολεσχίας,
1550 2414 1665 2466 ἀλλ’

113 2501 205 2571 οὐχ
227 2500 298 2566 ὥς
332 2501 361 2553 ὁ
389 2501 550 2572 νόμος
584 2519 699 2570 σου,
736 2503 926 2576 Κύριε.

1765 1963 1981 2006 centes:
2017 1950 2244 2017 Quando
2271 1949 2640 2004 consolabcris
2665 1949 2792 2002 me?

1835 2045 1920 2099 85.
1957 2043 2094 2111 Quia
2135 2043 2310 2098 factus
2333 2059 2452 2097 sum
2485 2043 2625 2098 sicut
2658 2053 2776 2096 uter
2801 2043 2853 2096 iu
2886 2045 3117 2111 pruina:
3169 2042 3329 2100 iusti-

1771 2141 2053 2194 licaliones
2089 2148 2212 2191 tuas
2249 2152 2354 2189 nou
2386 2152 2506 2190 sum
2540 2136 2761 2189 oblitus.

1841 2231 1926 2285 84.
1957 2229 2098 2296 Quot
2123 2228 2387 2284 suntdies
2420 2227 2562 2282 servi
2606 2227 2724 2280 tui?
2771 2227 2991 2296 quando
3049 2227 3218 2282 facies
3264 2227 3334 2281 de

1772 2321 2223 2394 parsi-quentibus
2257 2335 2341 2373 me
2369 2318 2677 2389 judicium?

1839 2413 1929 2466 85.
1960 2410 2326 2464 Narraverunt
2377 2410 2504 2462 mihi
2561 2408 2730 2463 iniuui
2780 2407 3137 2463 fabulationcs
3168 2449 3184 2473 ,
3237 2409 3332 2465 sed

1772 2519 1879 2558 non
1911 2514 1968 2556 ιιι
1998 2503 2077 2556 lex
2105 2516 2217 2566 tua,
2255 2499 2500 2553 Domine.

1221 2660 1591 2715 A'I‘IIANASII
1637 2653 2220 2714 INTERPRETATIO.

180 2827 265 2882 75.
294 2825 589 2889 Φωτισθεὶς
623 2824 730 2879 ὑπὸ
760 2827 860 2898 τῆς
879 2826 1101 2899 χάριτός
1135 2845 1230 2881 σου
1261 2828 1451 2897 ἔγνων,
1481 2829 1561 2882 ὅτι
1597 2828 1672 2880 δίο

1849 2825 1935 2880 75.
1975 2824 2316 2878 lllmninatus
2366 2824 2537 2894 gratia
2587 2833 2678 2879 tua
2725 2821 2975 2893 cognovi.
3016 2825 3159 2894 quod
3194 2824 3340 2894 justa

119 2918 241 2970 καιά
271 2919 377 2970 εἰσι
402 2917 468 2970 τὰ
495 2917 891 2988 προστάγματα
924 2935 1016 2971 σου
1043 2962 1056 2983 ,
1107 2921 1201 2972 καὶ
1243 2920 1384 2990 ἅπερ
1413 2921 1674 2990 ἀπεφήνω

1775 2929 1901 2975 sunt
1955 2926 2217 2986 praecepta
2254 2925 2377 2980 tua,
2413 2926 2466 2969 et
2515 2931 2635 2982 qua:
2689 2914 2742 2966 in
2797 2915 2930 2982 ipsis
2980 2920 3343 2984 pronuntiasti

109 3011 170 3061 ’ἐν
192 3011 373 3072 αὐτοῖς
400 3009 519 3060 κατ’
551 3007 683 3079 ἐμοῦ
709 3008 802 3062 τοῦ
825 3009 1149 3079 ἁμαρτωλοῦ
1179 3010 1402 3072 δικαίως
1443 3010 1669 3080 ὥρισας.

181 3103 266 3157 76.
308 3102 466 3156 Ἀλλὰ
492 3101 653 3154 πάλιν
678 3101 884 3170 γένοιτο
913 3101 974 3153 τὸ
1004 3100 1149 3164 ἔλεός
1187 3117 1280 3153 σου
1327 3101 1676 3173 παραμυθού-

1774 3020 1965 3065 contra
2001 3027 2082 3063 me
2111 3019 2472 3078 peccatorcm,
2498 3009 2647 3077 juste
2673 3006 2984 3062 deﬁuiristi.

1847 3103 1933 3157 76.
1962 3100 2066 3156 Sed
2113 3117 2303 3156 rursus
2350 3100 2442 3154 ﬁat
2495 3098 2862 3153 misericordia
2918 3108 3004 3151 tua
3051 3100 3342 3154 consolans

119 3196 268 3265 μανόν
291 3212 382 3266 με,
403 3195 485 3247 ὅτι
505 3193 676 3257 οὕτως
699 3188 1278 3264 εἷπαςΌὺβούλομαι
1301 3195 1404 3247 τὸν
1423 3196 1674 3248 θάνατον

1779 3211 1885 3259 me,
1921 3197 2177 3264 quoniam
2222 3193 2291 3248 ita
2319 3194 2500 3248 dixisti
2534 3212 2546 3248 :
2605 3191 2746 3244 Nolo
2793 3205 3008 3244 mortem
3031 3195 3343 3260 pt’CCttIOt'iS,

113 3287 218 3340 τοῦ
245 3284 711 3356 ἀμαρτωλοῦ,ὡς
739 3289 803 3339 τὸ
834 3286 1185 3355 ἐπιστρέψαι
1220 3289 1316 3342 καὶ
1354 3287 1673 3357 ζῆναὺτόν.

181 3380 266 3433 77.
309 3378 704 3450 Ἑπισκηνὼσει
732 3379 766 3449 ἡ
793 3378 954 3449 χάρις
976 3396 1068 3432 σου
1099 3381 1177 3442 εἰς
1203 3378 1324 3449 ἐμὲ,
1358 3381 1451 3432 καὶ
1479 3397 1680 3451 νεκρω-

118 3467 270 3521 Οέντα
302 3485 371 3538 με
400 3469 506 3521 ὑπὸ
531 3470 628 3538 τῆς
645 3470 917 3541 ἁμαρτίας
938 3469 1283 3540 ζωοποιήσει.
1318 3470 1399 3523 ὅτι
1423 3471 1678 3542 ἠρξάμην

119 3560 344 3630 μελετᾷν
375 3559 467 3614 τὸν
498 3560 659 3630 νόμον
692 3577 806 3615 σου.

185 3650 265 3703 78.
295 3650 749 3722 Αἱσχυνϐήτωσαν
771 3651 828 3704 αἱ
854 3651 1090 3706 ἐναντίαι
1115 3651 1389 3723 δυνάμεις.
1413 3654 1493 3706 ὅτι
1518 3646 1678 3707 αὗταί

118 3757 181 3805 με
218 3738 696 3812 ἐξῃχμαλὼτισαν·
753 3740 862 3810 ἐγὼ
916 3741 972 3796 δὲ
1000 3744 1277 3814 ἐπιστήσω
1304 3743 1400 3815 τὴν
1439 3743 1678 3799 διάνοιάν

119 3845 214 3895 μου
244 3832 323 3893 εἰς
352 3829 424 3882 τὰ
455 3829 737 3901 θελήματὰ
768 3849 886 3887 σου.

183 3919 267 3972 79.
298 3921 705 3989 Κατηχήσουσι,
756 3925 850 3977 καὶ
900 3924 1200 3990 διδάξουσιν
1233 3929 1281 3980 οί
1333 3927 1548 3999 ἔχοντες
1579 3931 1678 4002 τὴν

117 4009 269 4078 χάριν
303 4027 424 4072 σου,
451 4011 544 4063 καὶ
573 4011 771 4076 εἰδότες
819 4014 917 4084 τὴν
949 4015 1177 4088 δύναμιν
1214 4019 1322 4072 τῶν
1365 4021 1536 4088 ἁγίων
1584 4039 1678 4076 σου

118 4097 363 4167 Γραφῶν.

182 4190 268 4244 80.
301 4190 702 4264 Καθαρισοήτω
735 4197 767 4264 ἡ
814 4195 1008 4269 καρδία
1055 4215 1155 4268 μου
1186 4199 1290 4252 ὑπὸ
1321 4201 1422 4271 τῆς
1456 4201 1678 4272 χάριτός

119 4297 208 4334 σου
240 4285 321 4348 εἰς
349 4284 422 4338 τὰ
446 4285 788 4352 δικαιώματά
814 4306 928 4352 σου,
957 4289 1032 4361 μὴ
1060 4290 1256 4362 ἔχουσα
1280 4294 1337 4348 ὲν
1369 4295 1532 4367 ἑαυτῇ
1560 4296 1680 4348 ἐπι-

119 4373 370 4448 Ἷυμίανῆ
409 4379 663 4449 φροντίδα
708 4380 923 4452 γηίνην,
954 4383 1040 4437 ἵνα
1073 4384 1148 4456 μὴ
1197 4385 1357 4440 πάλιν
1405 4388 1679 4459 αἰσχυνοῶ

116 4467 190 4528 εἰς
217 4467 278 4520 τὸ
310 4467 466 4539 βῆμά
500 4486 614 4524 σου.

1781 3289 1869 3342 sed
1893 3297 1946 3339 ut
1979 3297 2334 3351 convertatur,
2356 3296 2404 3339 et
2435 3287 2573 3338 rivat
2612 3286 2679 3339 θ’.

1851 3379 1936 3434 77.
1977 3378 2191 3433 IIabitet
2219 3379 2386 3447 gratia
2418 3388 2508 3431 tua
2538 3377 2589 3430 in
2622 3391 2730 3439 me,
2759 3383 2814 3429 et
2858 3389 2941 3426 me.
2972 3385 3244 3430 mortumn
3275 3377 3346 3432 ob

1778 3479 2058 3539 peccatum
2107 3468 2421 3533 viviﬁcabit,
2479 3466 2741 3536 quoniam
2787 3463 2924 3532 cmpi
2989 3465 3234 3519 meditari
3268 3465 3347 3520 le-

1778 3577 1896 3631 gem
1926 3570 2096 3614 tuam.

1848 3653 1936 3706 78.
1973 3651 2310 3707 Erubescaul.
2347 3651 2634 3706 contraria:
2682 3660 2996 3722 putes-tates.
3033 3655 3171 3721 quod
3231 3653 3344 3724 ipse

1781 3760 1865 3800 me
1895 3747 1948 3800 in
1991 3745 2357 3816 captivitatem
2387 3743 2732 3814 redegerunt,
2768 3764 2866 3821 ego
2899 3759 3076 3804 autem
3115 3748 3343 3821 lirmabo

1781 3848 2014 3892 mentem
2049 3853 2222 3892 meam
2251 3837 2303 3890 in
2342 3837 2625 3906 ριίιειτιτνιίε
2661 3838 2787 3890 tuis.
2812 3819 2825 3821 ﬁ
3247 3819 3250 3824 l

1856 3928 1943 3984 79.
1977 3929 2273 3993 lustruent,
2327 3939 2380 3982 et
2417 3927 2715 3992 docebunt,
2749 3930 2842 3998 qui
2874 3929 3073 3984 habent
3114 3933 3344 4000 gratiam

1782 4032 1951 4087 tuam,
1980 4033 2033 4077 et
2079 4023 2172 4088 qui
2221 4035 2488 4077 noverunt
2522 4031 2840 4094 potestatem
2883 4036 3195 4079 sanctarum
3235 4037 3372 4080 tua—.

1780 4133 1900 4170 rum
1939 4113 2362 4185 Scripturarum.

1849 4204 1938 4260 80.
1973 4205 2307 4260 Emundetur
2343 4221 2439 4261 eor
2476 4221 2655 4261 meum
2689 4223 2718 4261 a
2750 4207 2922 4277 gratia
2959 4217 3048 4263 tua
3083 4208 3136 4262 in
3184 4219 3348 4276 Justi-

1779 4295 2120 4352 ﬁcationibus
2149 4297 2277 4358 tuis.
2308 4312 2413 4350 non
2441 4297 2646 4352 habens
2672 4299 2721 4351 iu
2771 4315 2953 4368 se-pso
2989 4298 3344 4368 cupiditatem

1777 4399 1832 4444 et
1870 4406 2056 4445 curam
2087 4401 2422 4444 terrenarum
2479 4407 2687 4457 rerum,
2727 4407 2793 4445 nc
2831 4407 3022 4445 rursus
3044 4391 3350 4447 confundar

1779 4492 1902 4536 ante
1939 4493 2088 4536 ttmm
2123 4481 2378 4536 tribunal.

182 4556 266 4611 8|.
299 4559 444 4629 Διψᾷ
477 4558 670 4630 ἡψυχὴ
702 4579 802 4631 μου
827 4563 924 4634 τὴν
952 4566 1221 4638 σωτηρίαν
1250 4585 1342 4621 σου
1374 4566 1459 4641 [τὸ
1500 4571 1674 4641 σωτή-

1849 4573 1938 4627 81.
1977 4572 2102 4626 Sitit
2129 4573 2309 4627 anima
2347 4587 2464 4628 mea
2482 4573 2722 4629 salutare
2754 4583 2930 4640 tuum,
2974 4585 3096 4646 pota
3130 4593 3213 4631 me
3237 4578 3348 4632 elo-

118 4646 227 4714 ριὸν
249 4664 343 4700 σου
361 4647 406 4720 ],
441 4647 657 4702 πότισόν
681 4668 748 4720 με
771 4651 840 4704 τὰ
859 4651 1016 4720 λόγιά
1037 4672 1152 4708 σου.

180 4737 266 4792 82.
315 4737 614 4810 Ἐξετάκην
632 4741 749 4806 ὅλος
776 4744 870 4796 ἀπ’
900 4745 1194 4816 ἐπιθυμίας
1226 4748 1526 4820 μεριμνῶν,
1551 4753 1680 4804 πότε

116 4827 350 4891 ποτίσεις
375 4845 449 4900 με
481 4828 580 4901 τὴν
600 4831 760 4902 χάριν
794 4850 905 4888 σου.

179 4917 266 4972 83.
295 4918 431 5004 ξὈτι
461 4919 789 4994 ὲνεκρώθην,
821 4925 913 4977 καὶ
935 4925 1237 4998 ἐξηράνοην
1265 4929 1321 4981 ὲν
1343 4932 1406 5001 τῇ
1436 4931 1677 5004 ἁμαρτία

117 5023 235 5075 μου,
264 5003 410 5070 οἶδα,
445 5010 539 5062 καὶ
567 5011 903 5082 μνημονεύω,
932 5014 1010 5067 ὅτι
1040 5012 1198 5079 εἶπας
1226 5019 1283 5069 ἐν
1310 5022 1422 5084 τοῖς
1457 5003 1676 5074 δικαιὼὲ

116 5099 246 5169 μασξ
281 5117 378 5153 σου
404 5099 498 5153 τὸν
520 5101 838 5174 ἁμαρτωλὸν
870 5105 1382 5178 ἀντιλαμϐάνεσθαι.

180 5193 266 5246 81.
305 5193 491 5256 Πόσας
517 5193 680 5260 ἄλλας
719 5197 1007 5270 ἔχωξῆσαι
1035 5202 1278 5272 ἡμέρας;
1317 5203 1447 5258 πότε
1488 5205 1678 5259 τοσοῦ-

113 5299 199 5335 τον
248 5285 442 5357 χρόνον
470 5283 630 5340 δώσει
674 5287 905 5363 [δώσεις]
952 5310 1041 5362 μοι
1073 5294 1319 5360 ἐξουσίαν
1369 5301 1554 5351 πατεῖν
1584 5299 1676 5352 ἐπὶ

114 5377 288 5430 πᾶσαν
329 5379 435 5449 τὴν
463 5378 689 5450 δύναμιν
719 5382 814 5434 τοῦ
838 5385 1030 5457 ἐχθροῦ
1063 5385 1209 5457 [τῶν
1241 5389 1506 5461 ἐχθρῶν],
1552 5392 1674 5445 ὅσον

113 5470 260 5522 αὐτοί
298 5489 391 5540 μοι
415 5472 944 5543 κατεδυνάστευσαν;

179 5561 264 5616 85.
314 5563 615 5618 ’Υπέοεντό
666 5585 767 5638 μου
795 5569 857 5623 τὺ
887 5571 1148 5644 πρότερον
1198 5575 1246 5626 οί
1275 5574 1526 5646 δαίμονες
1581 5576 1680 5643 τὰς

113 5654 318 5710 ἑαυτῶν
342 5659 584 5722 ἀπάτας,
618 5660 730 5713 ἀλλ’
752 5665 849 5734 οὐχ
874 5664 947 5729 ὡς
979 5666 1042 5721 σὺ
1072 5665 1245 5731 θέλεις
1264 5706 1278 5733 ,
1309 5667 1500 5739 Κύριε.

183 5813 221 5844 ⁶¹
249 5811 453 5868 Ezecb.
488 5829 660 5883 xxx",
690 5815 743 5870 ‘2.

1778 4665 1924 4734 quiis
1955 4665 2081 4718 tuis.

1846 4753 1933 4806 82.
1968 4753 2343 4824 Consumptus
2379 4770 2500 4809 sum
2524 4764 2671 4810 totus
2698 4756 2769 4810 ob
2799 4757 3130 4812 desiderium
3186 4760 3346 4816 anxie

1775 4845 2042 4912 cogitans,
2079 4850 2297 4913 quamto
2338 4863 2424 4900 me
2459 4847 2668 4915 potabis
2692 4850 2862 4917 gratia
2896 4860 3007 4904 tua.

1843 4935 1932 4989 85.
1959 4935 2230 5002 Quoniam
2265 4939 2626 4993 mortiﬁcatus
2675 4953 2818 5004 sum,
2869 4951 2922 4994 et
2969 4940 3239 4996 at'el'artus
3289 4943 3344 4997 in

1775 5037 1999 5096 peccato
2027 5045 2171 5091 uteo,
2199 5031 2320 5083 novi
2351 5041 2404 5084 et
2451 5031 2769 5086 recordatus
2801 5050 2943 5096 sum,
2975 5035 3117 5102 quod
3160 5034 3343 5088 dixisti

1774 5121 1884 5174 tuis
1906 5121 1957 5173 in
1981 5119 2473 5188 jnstiﬁeationibus
2494 5124 2770 5192 suscipere
2799 5133 3156 5191 peccaturi-In.

1841 5211 1931 5265 84.
1958 5211 2101 5277 Quot
2131 5211 2222 5265 alii
2259 5210 2389 5264 mihi
2421 5222 2716 5282 supersunt
2768 5213 2885 5268 dies
2932 5214 3095 5268 vitae?
3127 5215 3346 5285 quando

1772 5312 1922 5358 tanto
1963 5315 2206 5374 tempore
2254 5303 2409 5359 dabis
2451 5305 2584 5358 mihi
2629 5313 2949 5374 potestatem
2989 5306 3340 5362 conculcandi

1773 5411 1989 5452 omnem
2019 5397 2367 5453 inimicorum
2414 5399 2736 5470 potentiam,
2785 5411 2990 5468 quanto
3025 5403 3127 5471 ipsi
3175 5402 3227 5456 in
3258 5418 3346 5458 me

1773 5489 2035 5543 dominati
2061 5490 2232 5546 sunt?

1845 5581 1933 5636 85.
1970 5581 2342 5637 Subdidcrunt
2369 5583 2502 5637 mibi
2526 5584 2799 5639 darmones
2820 5585 3078 5657 pristinas
3102 5600 3233 5642 suas
3255 5585 3347 5641 1⁸21-

1779 5672 1970 5739 lacias,
2009 5675 2103 5731 scd
2139 5690 2246 5732 non
2275 5675 2738 5745 quemadmodum
2770 5684 2825 5732 tu
2861 5677 2961 5743 vis,
2997 5675 3240 5734 Domine.
