4110 6318
735 370 865 426 1191

1536 358 1591 412 S.
1634 354 2002 411 ATHANASII
2043 353 2192 410 OPP.
2233 348 2412 405 PARS
2451 350 2536 403 Ill.
2577 376 2640 389 --
2684 344 3094 401 EXEGETICA.

3820 333 3950 389 “92

805 480 893 534 86.
930 476 1120 531 Omnia
1152 474 1401 529 mandata
1428 483 1518 526 tua
1544 471 1779 526 veritas:
1815 470 1998 539 inique
2019 466 2281 539 persecuti
2316 471 2357 524 Α

2454 462 2539 516 86.
2570 462 2811 516 Πᾶσαιαί
2839 457 3044 512 ὲντολαί
3073 474 3163 509 σου
3183 454 3408 525 ἀλήθεια
3431 471 3441 480 ·
3469 452 3671 514 ἀδίκως
3704 448 3954 502 κατεδίω-

736 584 997 633 suntme,
1033 570 1223 639 adjuva
1260 582 1365 621 me.

805 664 893 719 87.
927 662 1093 716 Paulo
1153 660 1333 714 minus
1368 663 1885 711 consummaverunt
1918 668 2001 708 me
2031 653 2085 707 in
2122 662 2287 713 terra,

740 771 837 825 ego
864 763 1040 806 autem
1070 768 1175 806 non
1204 748 1464 818 dereliqui
1494 749 1747 801 mandata
1777 755 1890 799 tua.

806 840 895 894 88.
927 836 1242 893 Secundum
1286 833 1711 887 misericordiam
1760 840 1906 883 tuam
1943 827 2154 882 viviﬂca
2184 842 2291 890 me,

737 939 789 983 et
820 927 1122 984 custodiam
1158 922 1463 977 testimonia
1501 922 1615 975 oris
1652 920 1753 973 tui.

808 1020 895 1076 89.
927 1021 983 1072 ln
1006 1027 1287 1080 aeternum,
1316 1014 1562 1077 Domine,
1595 1013 1814 1067 verbum
1848 1021 1996 1064 tuum
2018 1019 2294 1079 permanet

739 1123 794 1161 ιη
827 1108 997 1162 coelo:

809 1198 895 1253 90.
928 1196 982 1250 ltt
1010 1196 1411 1267 generationem
1445 1202 1499 1246 et
1526 1193 1925 1261 generationem
1950 1191 2146 1246 veritas
2178 1200 2291 1248 tua:

742 1285 976 1342 fundasti
1016 1302 1235 1349 terram,
1255 1295 1307 1339 et
1334 1290 1633 1354 permanet.

812 1383 900 1435 9i.
936 1380 1287 1434 Ordinatione
1339 1386 1426 1430 tua
1482 1386 1787 1446 perseverat
1842 1377 2000 1433 dies:
2036 1377 2293 1447 quoniam

740 1474 920 1527 omnia
952 1474 1195 1526 serviunt
1225 1471 1344 1524 tibi.

810 1565 897 1619 92.
930 1561 1044 1618 Nisi
1085 1562 1229 1632 quod
1284 1563 1366 1616 lex
1408 1572 1498 1615 tua
1549 1560 1827 1616 meditatio
1870 1576 1987 1615 mea
2034 1572 2137 1625 est,
2169 1570 2297 1614 tunc

740 1656 877 1711 forte
904 1656 1185 1725 periissem
1218 1655 1269 1707 in
1309 1652 1611 1707 humilitate
1638 1667 1778 1706 mea.

809 1749 898 1801 95.
938 1748 991 1801 In
1045 1754 1308 1801 aeternum
1365 1760 1470 1799 non
1540 1743 1830 1799 obliviscar
1879 1743 2295 1812 iustiﬁcationes

740 1850 883 1903 tuas,
916 1840 1117 1909 quiain
1148 1838 1279 1907 ipsis
1310 1836 1595 1889 viviﬁcasti
1639 1851 1742 1889 me.

810 1931 899 1987 94.
929 1932 1081 1985 Tuus
1103 1945 1222 1983 sum
1254 1944 1375 1998 ego,
1408 1929 1616 1982 salvum
1648 1943 1733 1982 me
1765 1926 1850 1982 fac
1879 1945 1890 1981 :
1925 1927 2181 1996 quoniam
2206 1926 2297 1996 ju-

743 2022 1095 2078 stillcationes
1116 2031 1236 2075 tuas
1273 2019 1560 2089 exquisivi.

815 2113 903 2169 95.
941 2112 1023 2167 Me
1051 2120 1501 2181 exspectaverunt
1540 2121 1877 2181 peccatores,
1929 2121 1985 2165 ut
2016 2110 2301 2181 perderent

744 2222 849 2270 me,
879 2205 1187 2261 testimonia
1212 2211 1304 2257 tua
1336 2202 1598 2256 intellexi.

808 2295 897 2351 96.
922 2296 1111 2352 Omnis
1128 2292 1609 2348 consummationis
1624 2291 1729 2346 vidi
1752 2292 1908 2346 ﬁnem
1932 2313 1940 2345 :
1963 2291 2129 2345 latum
2155 2307 2306 2345 man-

740 2386 927 2441 datum
962 2396 1112 2440 tuum
1141 2385 1325 2437 nimis.

2396 554 2487 619 ξάν
2522 572 2605 624 με.
2641 552 2900 625 βοήθησόν
2932 568 3039 621 μοι.

2462 647 2549 700 87.
2586 645 2737 717 Παρά
2772 643 2941 714 βραχὺ
2974 639 3319 695 συνετέλεσαν
3352 654 3417 708 με
3451 639 3509 689 ὲν
3544 637 3611 705 τῇ
3636 637 3731 705 γῇ,
3763 632 3874 699 ἐγὼ
3903 631 3953 683 δὲ

2391 736 2491 788 οὐκ
2524 735 2877 802 ἐγκατέλιπον
2914 732 3010 795 τὰς
3030 730 3246 794 ἐντολάς
3282 746 3393 782 σου.

2462 783 3008 887 έλεόςυ
3031 783 3311 894 σουζῆσόν
3348 838 3414 892 με
3437 860 3452 884 ,
3490 819 3585 873 καὶ
3644 783 3865 885 φυλάξω
3894 816 3952 865 τά

2397 918 2668 991 μαρτύρια
2697 916 2790 971 τοῦ
2816 916 3082 988 στόματός
3107 933 3218 969 σου.

2463 1009 2548 1062 89.
2582 1010 2675 1073 Εἰς
2697 1008 2788 1062 τὸν
2813 1008 3003 1072 αἰῶνα,
3033 1005 3229 1077 Κύριε,
3262 1005 3290 1057 ὁ
3311 1002 3466 1072 λόγος
3497 1017 3591 1054 σου
3634 996 3884 1066 διαμένει
3908 995 3952 1046 ὲν

2393 1101 2469 1172 τῷ
2497 1102 2553 1154 οὐ
2563 1100 2705 1171 ρανῷ
2721 1116 2733 1128 ·

2464 1194 2549 1247 90.
2578 1194 2670 1257 Εἰς
2697 1192 2885 1261 γενεὰν
2919 1192 3011 1246 καὶ
3035 1191 3226 1260 γενεάν
3256 1189 3289 1259 ἡ
3330 1186 3555 1256 ἀλήθειά
3603 1200 3701 1236 σου
3725 1197 3736 1208 ·
3780 1178 3959 1231 ieeur

2396 1286 2594 1349 λίωσας
2617 1287 2712 1355 τὴν
2740 1286 2861 1355 γῆν,
2888 1286 2981 1339 καὶ
3004 1281 3268 1352 διαμένει.

2464 1377 2550 1431 9i.
2587 1378 2665 1448 Τῇ
2690 1377 2925 1441 διατάξει
2962 1393 3054 1429 σου
3098 1372 3340 1443 διαμένει
3378 1368 3581 1441 ἡμέρα,
3621 1368 3709 1419 ὅτι
3729 1365 3803 1417 τὰ
3836 1362 3959 1430 σύμρ

2398 1488 2573 1526 παντα
2598 1470 2758 1524 δοῦλα
2786 1469 2872 1522 σά.

2466 1562 2552 1616 92.
2590 1562 2650 1614 Εἰ
2686 1560 2762 1630 μὴ
2788 1560 2869 1613 ὅτι
2902 1560 2930 1611 ό
2962 1558 3121 1628 νόμος
3157 1572 3251 1609 σου
3282 1554 3475 1627 μελέτη
3522 1567 3625 1621 μου
3658 1547 3801 1609 ἐστὶ,
3849 1545 3957 1597 τότε

2396 1654 2461 1709 ἂν
2488 1653 2784 1725 ἀπωλόμην
2816 1653 2872 1704 ἰν
2900 1653 2966 1721 τῇ
2995 1647 3317 1702 ταπεινώσει
3350 1663 3468 1716 μου.

2468 1746 2554 1801 93.
2594 1747 2687 1809 Εἰς
2719 1744 2807 1798 τὸν
2834 1743 3003 1797 αἰῶνα
3038 1742 3097 1794 οὐ
3137 1740 3210 1811 μὴ
3240 1737 3582 1807 ἐπιλάθωμαι
3613 1732 3728 1785 τῶν
3752 1731 3959 1782 δικαιωο

2330 1829 2368 1883 Β
2402 1838 2586 1910 μάτων
2621 1855 2735 1898 σου,
2772 1837 2852 1889 ὅτι
2886 1837 2942 1887 ὲν
2974 1836 3157 1897 αὐτοῖς
3190 1831 3385 1902 Εζησάς
3418 1845 3503 1900 με.

2465 1930 2533 1984 94
2578 1931 2675 1993 Σός
2704 1930 2818 2000 εἰμι
2848 1928 2979 1997 ἐγὼ,
3017 1926 3186 1979 σῶσόν
3236 1940 3326 1995 με,
3380 1923 3460 1974 ὅτι
3504 1918 3577 1971 τά
3620 1910 3962 1983 δικαιώματά

2401 2038 2491 2073 σου
2524 2021 2842 2091 ὲξεζήτησα.

2468 2111 2555 2165 95.
2599 2112 2726 2180 Ἐμὲ
2752 2111 3050 2180 ὑπέμειναν
3086 2103 3397 2178 ἁμαρτωλοὶ
3431 2100 3527 2154 τοῦ
3570 2098 3842 2152 ἀπολέσαι
3882 2112 3959 2165 με,

2400 2202 2467 2255 τά
2501 2201 2771 2272 μαρτύριά
2796 2219 2887 2254 σου
2921 2200 3143 2271 συνῆκα.

2472 2294 2558 2347 96.
2594 2296 2779 2364 Πάσης
2804 2294 3113 2356 συντελείας
3152 2287 3288 2345 εἶδον
3332 2289 3523 2360 πέρας,
3562 2285 3800 2338 πλατεῖα
3827 2284 3859 2351 η
3885 2282 3964 2331 ὲν·

2403 2386 2529 2457 τολή
2564 2403 2654 2439 σου
2685 2386 2906 2458 σφόδρα.

1852 2499 2223 2555 ATHANASH
2269 2501 2849 2560 INTERPRETATIO.

812 2611 896 2668 86.
931 2610 1064 2665 Novi
1091 2612 1234 2681 quod
1256 2611 1627 2681 justusjudex
1652 2626 1712 2666 es
1751 2613 1803 2665 in
1837 2627 2065 2667 omnes:
2100 2612 2308 2681 fugien-

741 2718 794 2765 te
818 2725 901 2763 me
925 2711 993 2763 ab
1020 2709 1173 2777 ipsis.
1200 2718 1255 2761 et
1285 2710 1499 2764 volente
1529 2710 1592 2762 ad
1629 2718 1677 2761 te
1722 2710 1927 2769 venire,
1971 2708 2064 2778 qui
2109 2723 2306 2762 secun-

2473 2616 2559 2673 86.
2593 2613 2739 2679 Οἷδα,
2771 2618 2850 2671 ὃτι
2900 2618 3104 2681 δίκαιος
3146 2614 3337 2686 κριτὴς
3370 2607 3420 2664 εἷ
3447 2613 3523 2672 εἰς
3560 2607 3767 2669 πάντας
3790 2624 3802 2636 ⁸
3839 2604 3964 2673 φεύ-

2404 2708 2588 2776 γοντός
2614 2725 2713 2777 μου
2749 2710 2841 2761 ἀπ’
2865 2708 3063 2772 αὐτῶν,
3096 2707 3189 2761 καὶ
3228 2705 3470 2765 θέλοντος
3514 2700 3687 2753 ἐλθεῖν
3722 2698 3864 2769 πρὸς
3912 2697 3965 2749 σέ

743 2802 872 2853 dum
904 2810 1149 2853 naturam
1181 2797 1443 2855 Dominus
1480 2816 1629 2855 meus
1663 2816 1741 2863 es,
1767 2808 2167 2868 persequuntur
2220 2816 2305 2853 tne

2410 2800 2490 2852 τὸν
2523 2800 2661 2853 κατά
2685 2799 2843 2868 φύσιν
2868 2818 2967 2871 μου
3002 2800 3295 2869 Δεσπότην,
3344 2794 3737 2851 καταδιώκουσι
3774 2810 3847 2864 με
3880 2791 3969 2861 ζῇ·

743 2900 1045 2961 qumrcutes
1071 2906 1153 2944 me
1183 2893 1432 2963 praedari,
1462 2892 1655 2962 adjuva
1683 2908 1790 2945 me.

2410 2891 2614 2953 τοῦντες
2646 2890 2890 2963 ἁρπάσαι
2919 2908 2985 2961 με
3009 2907 3021 2919 ’
3058 2890 3321 2962 βοήθησόν
3350 2908 3457 2960 μοι.

816 2982 902 3036 87.
935 2981 1009 3036 lta
1038 2983 1209 3038 valide
1261 2985 1315 3038 in
1352 3000 1437 3038 me
1483 2985 1779 3045 irruerunt,
1820 2991 1878 3035 ut
1926 2983 2085 3051 paulo
2118 2984 2299 3038 minus
2332 3013 2373 3071 ο

2475 2983 2561 3037 87.
2588 2983 2770 3047 Οὕτως
2802 2984 3036 3057 ἰσχυρῶς
3064 2983 3336 3055 ἐπέϐησάν
3369 3001 3458 3054 με,
3482 2985 3564 3036 ὅτι
3592 2986 3739 3057 παρά
3772 2989 3972 3061 μικρὸν

746 3076 1145 3130 interfecissent
1170 3091 1253 3129 me
1289 3077 1341 3129 in
1377 3082 1637 3144 peccato;
1687 3090 1785 3141 ego
1817 3084 1995 3128 autem
2048 3076 2099 3128 in
2143 3076 2304 3131 corde

2410 3075 2749 3130 ἑθανάτωσάν
2785 3095 2853 3147 με
2886 3080 2942 3130 ὲν
2967 3080 3033 3149 τῇ
3056 3078 3299 3150 ἁμαρτίᾳ
3319 3092 3331 3104 ·
3369 3078 3479 3147 ἐγὼ
3500 3078 3557 3133 δὲ
3597 3081 3654 3133 ἐν
3676 3082 3737 3151 τῇ
3768 3084 3974 3155 καρδίᾳ

746 3180 866 3219 meo
910 3164 1154 3219 dicebam
1213 3166 1405 3218 animai:
1454 3180 1625 3219 mete:
1664 3163 1969 3220 Recordare
2022 3165 2151 3232 quid
2204 3165 2300 3219 tibi

2410 3183 2507 3237 μου
2531 3168 2711 3235 ελεγον
2740 3171 2804 3238 τῇ
2830 3169 2975 3239 ψυχῇ
3016 3186 3114 3239 μου
3140 3187 3151 3199 ·
3188 3172 3504 3241 Μνημόνευε
3528 3173 3580 3225 τί
3611 3190 3691 3226 σοι
3725 3176 3973 3228 metu.

745 3256 1062 3325 prmceperit
1087 3255 1248 3309 Deus.

815 3345 906 3400 88.
946 3344 1412 3411 Quemadmodum
1465 3346 1830 3402 misericordia
1894 3355 1983 3400 tua
2041 3346 2303 3400 immensa

743 3445 798 3491 et
825 3438 1211 3507 investigabilis
1234 3449 1336 3500 est,
1370 3440 1440 3493 ita
1474 3442 1702 3509 gratiam
1736 3448 1882 3492 tuam
1906 3439 1971 3492 da
2001 3440 2132 3492 mihi
2167 3438 2303 3491 vivi-

746 3528 995 3585 ﬁcantem
1026 3546 1132 3597 tne,
1184 3541 1239 3585 et
1288 3531 1522 3600 implebo
1570 3540 1836 3601 praecepta
1871 3547 1991 3601 qua:
2033 3532 2301 3586 mandasti

746 3620 898 3674 mihi.

815 3712 902 3765 89.
934 3710 991 3764 ltt
1017 3711 1198 3773 corde,
1232 3711 1285 3765 in
1325 3725 1435 3780 quo
1488 3710 1825 3766 familiariter
1877 3712 2169 3778 inltabitas,
2218 3714 2303 3766 in-

748 3812 1025 3858 cessanter
1057 3812 1141 3857 est
1169 3804 1417 3857 voluntas
1452 3812 1563 3857 tua.

816 3892 905 3947 90.
940 3891 995 3946 lu
1028 3895 1251 3956 sanctis,
1282 3895 1373 3961 qui
1412 3892 1560 3946 omni
1590 3901 1826 3960 tempore
1859 3893 2305 3962 complacuerunt

758 3984 874 4051 tibi,
906 4000 1029 4039 vere
1061 3993 1144 4038 est
1179 3984 1310 4039 ﬁdes
1341 3994 1465 4038 tua:
1512 3983 1750 4038 fundasti
1801 3986 2062 4038 mundum
2110 3986 2163 4038 in
2200 3987 2304 4040 iide

748 4082 861 4139 tua,
889 4085 938 4128 et
967 4086 1129 4143 porta:
1157 4076 1428 4145 inferiuou
1452 4076 1802 4145 praevalebunt
1830 4077 2075 4130 adversus
2096 4094 2213 4131 eam
2238 4078 2303 4131 ".

820 4276 905 4329 9|.
941 4274 1091 4330 Dono
1133 4276 1424 4345 gratiarum
1478 4284 1690 4329 tuarum
1750 4284 2026 4344 permanet
2062 4276 2151 4330 lux
2186 4286 2301 4343 tua,

2404 3276 2492 3311 ται
2523 3261 2550 3311 ὁ
2576 3259 2723 3312 Θεόε.

2477 3278 2492 3311 ι
2523 3277 2550 3311 ο
2576 3277 2676 3311 uso
2713 3303 2723 3312 .

2474 3352 2560 3406 88.
2597 3277 2791 3416 Καθὼς
2823 3352 2882 3406 τὸ
2910 3352 3055 3416 ἔλεός
3081 3369 3172 3405 σου
3189 3353 3515 3425 ἀμέτρητον,
3543 3354 3636 3408 καὶ
3661 3355 3971 3426 ἀνεξιχνία-

2407 3443 2528 3495 στόν
2562 3445 2725 3506 ἐστιν,
2763 3441 2903 3497 οὕτω
2933 3444 3031 3515 τὴν
3087 3444 3243 3516 χάριν
3274 3444 3471 3507 σουδός
3504 3462 3593 3515 μοι
3617 3445 3714 3517 τὴν
3738 3445 3971 3509 {woma-

2403 3533 2565 3588 οὖσάν
2596 3552 2683 3605 με,
2713 3536 2806 3589 καὶ
2834 3535 3102 3606 πληρώσω
3129 3536 3197 3589 τά
3222 3538 3636 3608 προστάγματα,
3661 3538 3696 3593 ἀ
3718 3542 3972 3594 ὲνετείλω

2408 3644 2517 3698 μοι.

2474 3719 2559 3773 89.
2597 3719 2687 3781 Εἰς
2711 3717 2805 3787 τὴν
2845 3718 3089 3788 καρδίαν,
3126 3718 3183 3770 ἐν
3216 3712 3249 3792 ᾖ
3292 3719 3506 3782 οἰκείως
3546 3722 3969 3793 ἐμπεριπατεῖς,

2404 3809 2695 3871 ἀπαύστως
2718 3808 2834 3860 ἐστὶ
2866 3810 2925 3861 τὸ
2952 3809 3163 3880 θέλημά
3194 3827 3304 3864 σου.

2474 3902 2561 3956 90.
2594 3903 2685 3964 Εἰς
2712 3903 2836 3965 τοὺς
2863 3902 3050 3970 ἁγίους
3080 3905 3206 3966 τοὺς
3234 3902 3354 3957 καθ’
3388 3904 3627 3978 ἑκάστην
3668 3910 3971 3981 etlapsa-ﬁl-

2406 3994 2603 4059 σαντάς
2630 4012 2708 4047 σοι
2738 3995 2903 4058 ὅντως
2938 3995 3084 4048 ἐστὶν
3116 3997 3148 4065 ή
3198 3994 3375 4059 πίστις
3425 4013 3515 4050 σου
3538 4016 3550 4026 ·
3599 4001 3971 4072 ιθεμελίωσες

2405 4088 2494 4141 τὸν
2549 4088 2750 4157 κόσμον
2797 4088 2855 4139 ὲν
2900 4090 2966 4157 τῇ
2994 4088 3173 4141 πίστει
3214 4105 3328 4153 σου,
3369 4091 3466 4144 καί
3504 4092 3692 4146 πύλαι
3722 4094 3877 4160 ᾅδου
3903 4102 3972 4152 οὐ

2407 4179 2886 4247 κατισχύσουσιν
2929 4176 3140 4245 αὐτῆς.

2478 4269 2566 4321 91.
2594 4270 2672 4339 Τῇ
2710 4268 2888 4339 δωρεᾷ
2938 4268 3045 4321 τῶν
3074 4270 3429 4341 χαρισμάτων
3476 4288 3567 4325 σου
3628 4274 3877 4348 διαμένει
3917 4280 3974 4330 τὸ

751 4368 1005 4437 quoniam
1035 4376 1091 4421 tu
1118 4366 1378 4423 Dominus
1407 4383 1465 4423 es
1498 4368 1823 4433 caelestium,
1858 4378 1910 4423 et
1939 4370 2303 4434 terrestrium,
2340 4360 2385 4417 D

2412 4360 2525 4429 φῶς
2554 4376 2667 4422 σου,
2690 4360 2770 4411 ὅτι
2799 4360 3153 4430 ἐπουρανίων,
3183 4360 3276 4412 καὶ
3297 4361 3550 4429 ἐπιγείων
3581 4364 3677 4416 καὶ
3706 4367 3975 4437 καταχθηι

751 4468 806 4512 et
843 4457 1196 4512 infernorum.

822 4548 908 4603 92.
934 4546 1045 4603 Nisi
1104 4549 1290 4603 saltem
1340 4565 1483 4604 nunc
1519 4549 1802 4619 coepissem
1866 4550 2075 4606 discere
2142 4553 2309 4622 legem

754 4650 922 4701 tuam.
960 4641 1049 4695 sed
1092 4641 1412 4695 mansissem
1437 4651 1493 4696 ut
1541 4642 1709 4711 prius.
1738 4644 2049 4700 omnimode
2101 4646 2309 4715 peritu-

755 4749 847 4787 rus
869 4748 1015 4787 eram
1050 4734 1103 4788 in
1146 4744 1364 4804 peccato
1394 4749 1540 4789 meo.

823 4823 909 4878 95.
942 4821 1055 4877 Non
1106 4826 1288 4895 utique
1325 4826 1615 4880 obliviscar
1669 4828 1984 4897 passionum
2039 4840 2257 4887 tuarum
2290 4875 2304 4898 ,

755 4915 1008 4985 quoniam
1041 4931 1123 4970 me
1154 4927 1422 4973 mortuum
1454 4922 1715 4989 sanguine
1746 4930 1837 4976 tuo
1898 4924 2201 4979 viviﬁcasti.

824 5092 911 5147 94.
936 5090 1169 5148 Omnino
1205 5095 1478 5149 redemisti
1509 5112 1593 5152 me
1621 5097 1858 5167 pretioso
1888 5106 1983 5152 tuo
2023 5100 2310 5170 sanguine;

757 5185 905 5239 salva
928 5185 1321 5254 me,quoniam,
1340 5188 1519 5241 audita
1548 5190 1927 5259 praedicatione
1944 5200 2057 5255 tua,
2085 5194 2310 5249 credidi.

826 5276 916 5331 95.
951 5274 1030 5330 Me
1058 5279 1422 5346 quaesiverunt
1448 5283 1733 5337 contrariae
1754 5292 2052 5353 potestates
2081 5286 2311 5354 perdere

760 5365 813 5418 in
844 5365 1177 5434 idololatria;
1209 5369 1347 5423 dicta
1377 5380 1555 5426 autem
1591 5390 1621 5427 a
1653 5381 1706 5429 te
1751 5375 1817 5430 de
1866 5374 1975 5430 ﬁde
2031 5376 2085 5431 itt
2136 5387 2187 5431 te
2214 5415 2230 5441 ,
2264 5387 2319 5433 et

760 5472 854 5526 spe
881 5459 1105 5513 audiens
1125 5459 1355 5515 credidi.

832 5634 917 5686 96.
950 5632 1137 5689 Omnis
1170 5634 1370 5704 gloria,
1408 5648 1460 5693 et
1499 5640 1730 5696 carnalis
1763 5641 2046 5712 voluptatis
2083 5642 2189 5698 vidi
2242 5642 2303 5697 ῆ-

840 5774 883 5806 "
914 5771 1099 5828 Matth.
1127 5786 1235 5836 ινι,
1266 5772 1330 5825 18

2409 4451 2534 4503 νίων
2566 4451 2725 4513 αὐτὸς
2747 4450 3044 4515 δεσπόζεις.

2479 4542 2566 4598 92.
2601 4542 2663 4595 Εἰ
2690 4544 2763 4614 μὴ
2793 4541 2895 4596 κᾶν
2919 4542 3012 4595 νῦν
3047 4543 3301 4616 ἠρξάμην
3339 4543 3630 4616 μανθάνειν
3671 4546 3765 4600 τὸν
3814 4550 3975 4619 νόμον

2413 4652 2527 4699 σου,
2556 4634 2667 4688 ἀλλ’
2691 4635 2899 4707 έμεινον
2920 4633 3091 4698 οὕτως
3110 4635 3182 4700 ὡς
3206 4635 3267 4688 τὸ
3291 4636 3571 4707 πρότερον,
3603 4640 3767 4693 παντὶ
3786 4643 3977 4712 τρόπῳ

2413 4723 2554 4797 εἶχον
2591 4725 2883 4781 ἀπολέσθαι
2913 4726 2969 4779 έν
2994 4728 3060 4797 τῇ
3088 4727 3328 4797 ἁμαρτίᾳ
3353 4744 3473 4796 μου.

2481 4817 2565 4871 95.
2601 4818 2713 4871 Οὐκ
2744 4817 2808 4870 ἀν
2834 4817 3174 4887 ὲπιλάθωμαί
3200 4834 3327 4870 ποτε
3360 4817 3470 4871 τῶν
3499 4820 3845 4892 παθημάτων
3864 4841 3974 4883 σου.

2409 4911 2488 4962 ὅτι
2516 4909 2706 4981 νεκρόν
2739 4926 2802 4978 με
2822 4909 2950 4963 ὄντα
2968 4911 3025 4963 ὲν
3054 4908 3130 4980 τῷ
3147 4909 3339 4981 αἵματί
3365 4929 3458 4965 σου
3488 4912 3760 4987 ὲζωοποίη
3787 4915 3977 4988 [ἐζωο-

2411 4999 2683 5071 Minoae].

2481 5094 2566 5148 94.
2616 5093 2979 5165 Ἐξηγόρασάς
3002 5110 3068 5165 με
3094 5095 3172 5165 τῷ
3194 5095 3357 5166 τιμίῳ
3382 5113 3475 5149 σου
3506 5098 3699 5168 αἵματι
3731 5100 3975 5165 τελείωςο

2418 5182 2587 5236 σῶσόν
2614 5201 2701 5253 με,
2729 5185 2829 5244 ὃτι,
2858 5184 3094 5247 ἀκούσας
3124 5184 3185 5238 τὸ
3219 5188 3478 5257 κήρυγμά
3510 5205 3626 5254 σου,
3655 5190 3975 5247 ἐπίστευσα.

2486 5274 2571 5329 95.
2614 5276 2743 5345 Ἐμὲ
2778 5276 3046 5349 ἐζήτησαν
3065 5280 3121 5333 αἱ
3144 5280 3378 5333 ἐναντίαι
3415 5280 3673 5352 δυνάμεις
3714 5284 3977 5340 ἀπολέσαι

2420 5368 2556 5439 ὲντῇ
2584 5368 2988 5441 εἰδωλολατρείᾳ
3010 5386 3024 5402 ·
3046 5371 3115 5424 τὰ
3147 5370 3203 5424 δὲ
3237 5371 3491 5441 λεχθέντα
3526 5376 3683 5445 παρά
3721 5376 3813 5429 σοῦ
3854 5378 3977 5448 περὶ

2419 5460 2518 5529 τῆς
2556 5462 2634 5523 εἰς
2673 5460 2729 5512 σὲ
2759 5460 2990 5525 πίστεως
3036 5462 3128 5516 καὶ
3157 5462 3366 5527 ἐλπίδας
3393 5462 3625 5517 ἀκοῦσαι
3658 5463 3975 5538 [ἀκούσας]

2420 5550 2727 5605 ἐπίστευσα.

2486 5641 2569 5695 96.
2601 5643 2784 5714 Πάσης
2802 5643 2977 5715 δόξης,
3019 5646 3112 5699 καὶ
3162 5646 3509 5711 ἀπολαύσεως
3540 5650 3810 5721 σαρκικῆς
3847 5645 3979 5706 εἶδον
