  <div class='ocr_page' id='page_1' title='image "/cluster/home/n/w/nwhite01/storage/ocr_20150623/27/pst.000005712182/604.png"; bbox 0 0 4066 6318; ppageno 0'>
   <div class='ocr_carea' id='block_1_1' title="bbox 119 348 249 403">
    <p class='ocr_par' dir='ltr' id='par_1_1' title="bbox 119 348 249 403">
     <span class='ocr_line' id='line_1_1' title="bbox 119 348 249 403; baseline -0.008 0"><span class='ocrx_word' id='word_1_1' title='bbox 119 348 249 403; x_wconf 78' lang='lat'><strong>1193</strong></span> 
     </span>
    </p>
   </div>
   <div class='ocr_carea' id='block_1_2' title="bbox 956 352 2458 418">
    <p class='ocr_par' dir='ltr' id='par_1_2' title="bbox 956 352 2458 418">
     <span class='ocr_line' id='line_1_2' title="bbox 956 352 2458 418; baseline 0.007 -12"><span class='ocrx_word' id='word_1_2' title='bbox 956 356 1042 406; x_wconf 68' lang='lat' dir='ltr'><strong>DE</strong></span> <span class='ocrx_word' id='word_1_3' title='bbox 1081 353 1352 411; x_wconf 80' lang='lat' dir='ltr'><strong>TITULIS</strong></span> <span class='ocrx_word' id='word_1_4' title='bbox 1388 352 1839 410; x_wconf 67' lang='lat' dir='ltr'><strong>PSALMOBUM.</strong></span> <span class='ocrx_word' id='word_1_5' title='bbox 1879 387 1945 398; x_wconf 91' lang='lat'><strong><em>—</em></strong></span> <span class='ocrx_word' id='word_1_6' title='bbox 1988 359 2185 414; x_wconf 71' lang='lat' dir='ltr'><strong>PSAL.</strong></span> <span class='ocrx_word' id='word_1_7' title='bbox 2226 361 2458 418; x_wconf 71' lang='lat' dir='ltr'><strong>CXVIII.</strong></span> 
     </span>
    </p>
   </div>
   <div class='ocr_carea' id='block_1_3' title="bbox 3194 375 3329 430">
    <p class='ocr_par' dir='ltr' id='par_1_3' title="bbox 3194 375 3329 430">
     <span class='ocr_line' id='line_1_3' title="bbox 3194 375 3329 430; baseline 0.015 -2"><span class='ocrx_word' id='word_1_8' title='bbox 3194 375 3329 430; x_wconf 75' lang='lat'><strong>1194</strong></span> 
     </span>
    </p>
   </div>
   <div class='ocr_carea' id='block_1_4' title="bbox 176 461 1642 543">
    <p class='ocr_par' dir='ltr' id='par_1_4' title="bbox 176 461 1642 536">
     <span class='ocr_line' id='line_1_4' title="bbox 176 461 1642 536; baseline 0.001 -21"><span class='ocrx_word' id='word_1_9' title='bbox 176 463 258 515; x_wconf 89' lang='lat'><strong>97.</strong></span> <span class='ocrx_word' id='word_1_10' title='bbox 303 461 389 522; x_wconf 78' lang='grc' dir='ltr'>Ὠς</span> <span class='ocrx_word' id='word_1_11' title='bbox 416 461 674 532; x_wconf 74' lang='grc' dir='ltr'>ἠγάπησα</span> <span class='ocrx_word' id='word_1_12' title='bbox 705 463 797 516; x_wconf 75' lang='grc' dir='ltr'>τὸν</span> <span class='ocrx_word' id='word_1_13' title='bbox 833 481 993 534; x_wconf 84' lang='grc' dir='ltr'>νομον</span> <span class='ocrx_word' id='word_1_14' title='bbox 1035 484 1148 528; x_wconf 91' lang='grc' dir='ltr'>σου,</span> <span class='ocrx_word' id='word_1_15' title='bbox 1191 465 1381 536; x_wconf 78' lang='grc' dir='ltr'>Κύριε,</span> <span class='ocrx_word' id='word_1_16' title='bbox 1416 466 1544 536; x_wconf 81' lang='grc' dir='ltr'>ὅλην</span> <span class='ocrx_word' id='word_1_17' title='bbox 1569 465 1642 535; x_wconf 55' lang='lat' dir='ltr'><strong>si;</strong></span> 
     </span>
    </p>
   </div>
   <div class='ocr_carea' id='block_1_5' title="bbox 1743 461 3330 543">
    <p class='ocr_par' dir='ltr' id='par_1_5' title="bbox 1839 465 3330 543">
     <span class='ocr_line' id='line_1_5' title="bbox 1839 465 3330 543; baseline 0.015 -24"><span class='ocrx_word' id='word_1_18' title='bbox 1839 465 1926 522; x_wconf 82' lang='grc'>97.</span> <span class='ocrx_word' id='word_1_19' title='bbox 1967 466 2035 521; x_wconf 67' lang='lat' dir='ltr'><strong>lit</strong></span> <span class='ocrx_word' id='word_1_20' title='bbox 2055 469 2215 525; x_wconf 78' lang='lat' dir='ltr'><strong>dilexi</strong></span> <span class='ocrx_word' id='word_1_21' title='bbox 2240 472 2412 543; x_wconf 84' lang='lat' dir='ltr'><strong>legem</strong></span> <span class='ocrx_word' id='word_1_22' title='bbox 2440 483 2609 538; x_wconf 86' lang='lat' dir='ltr'><strong>tuam,</strong></span> <span class='ocrx_word' id='word_1_23' title='bbox 2637 474 2886 542; x_wconf 82' lang='lat' dir='ltr'><strong>Domine,</strong></span> <span class='ocrx_word' id='word_1_24' title='bbox 2910 486 3022 536; x_wconf 86' lang='lat' dir='ltr'><strong>tota</strong></span> <span class='ocrx_word' id='word_1_25' title='bbox 3048 485 3135 537; x_wconf 77' lang='lat' dir='ltr'><strong>die</strong></span> <span class='ocrx_word' id='word_1_26' title='bbox 3161 501 3330 542; x_wconf 76' lang='lat' dir='ltr'><strong>mea:—</strong></span> 
     </span>
    </p>
   </div>
   <div class='ocr_carea' id='block_1_6' title="bbox 111 550 872 622">
    <p class='ocr_par' dir='ltr' id='par_1_6' title="bbox 111 550 872 622">
     <span class='ocr_line' id='line_1_6' title="bbox 111 550 872 622; baseline 0.008 -22"><span class='ocrx_word' id='word_1_27' title='bbox 111 551 308 622; x_wconf 48' lang='lat' dir='ltr'><strong>ﬁgépav</strong></span> <span class='ocrx_word' id='word_1_28' title='bbox 351 550 544 622; x_wconf 81' lang='grc' dir='ltr'>μελέτη</span> <span class='ocrx_word' id='word_1_29' title='bbox 575 551 675 621; x_wconf 89' lang='grc' dir='ltr'><strong>μού</strong></span> <span class='ocrx_word' id='word_1_30' title='bbox 709 556 872 606; x_wconf 75' lang='grc' dir='ltr'>ἐστιν.</span> 
     </span>
    </p>
   </div>
   <div class='ocr_carea' id='block_1_7' title="bbox 174 641 1667 718">
    <p class='ocr_par' dir='ltr' id='par_1_7' title="bbox 174 641 1667 718">
     <span class='ocr_line' id='line_1_7' title="bbox 174 641 1667 718; baseline 0.006 -25"><span class='ocrx_word' id='word_1_31' title='bbox 174 641 254 694; x_wconf 81' lang='lat'><strong>98.</strong></span> <span class='ocrx_word' id='word_1_32' title='bbox 301 641 467 712; x_wconf 82' lang='grc' dir='ltr'>’Υπὲρ</span> <span class='ocrx_word' id='word_1_33' title='bbox 493 645 616 706; x_wconf 74' lang='grc' dir='ltr'>τοὺς</span> <span class='ocrx_word' id='word_1_34' title='bbox 637 642 860 713; x_wconf 80' lang='grc' dir='ltr'>ἐχθρούς</span> <span class='ocrx_word' id='word_1_35' title='bbox 888 662 989 714; x_wconf 86' lang='grc' dir='ltr'><strong>μου</strong></span> <span class='ocrx_word' id='word_1_36' title='bbox 1023 646 1280 714; x_wconf 74' lang='grc' dir='ltr'>ἐσόφισάς</span> <span class='ocrx_word' id='word_1_37' title='bbox 1306 664 1371 715; x_wconf 84' lang='grc' dir='ltr'>με</span> <span class='ocrx_word' id='word_1_38' title='bbox 1399 647 1494 718; x_wconf 81' lang='grc' dir='ltr'>τὴν</span> <span class='ocrx_word' id='word_1_39' title='bbox 1521 650 1667 702; x_wconf 83' lang='grc' dir='ltr'>ἐντο-</span> 
     </span>
    </p>
   </div>
   <div class='ocr_carea' id='block_1_8' title="bbox 111 731 1240 806">
    <p class='ocr_par' dir='ltr' id='par_1_8' title="bbox 111 731 1240 806">
     <span class='ocr_line' id='line_1_8' title="bbox 111 731 1240 806; baseline 0.008 -24"><span class='ocrx_word' id='word_1_40' title='bbox 111 731 200 801; x_wconf 80' lang='grc' dir='ltr'><strong>λήν</strong></span> <span class='ocrx_word' id='word_1_41' title='bbox 230 749 315 784; x_wconf 85' lang='grc' dir='ltr'>σου</span> <span class='ocrx_word' id='word_1_42' title='bbox 335 749 346 760; x_wconf 89' lang='grc'>·</span> <span class='ocrx_word' id='word_1_43' title='bbox 382 733 461 785; x_wconf 82' lang='grc' dir='ltr'>ὅτι</span> <span class='ocrx_word' id='word_1_44' title='bbox 497 735 574 794; x_wconf 81' lang='grc' dir='ltr'><strong>εἰς</strong></span> <span class='ocrx_word' id='word_1_45' title='bbox 597 734 687 786; x_wconf 82' lang='grc' dir='ltr'>τὸν</span> <span class='ocrx_word' id='word_1_46' title='bbox 721 735 891 789; x_wconf 84' lang='grc' dir='ltr'>αἰῶνα</span> <span class='ocrx_word' id='word_1_47' title='bbox 921 736 1044 806; x_wconf 83' lang='grc' dir='ltr'>ἐμοί</span> <span class='ocrx_word' id='word_1_48' title='bbox 1074 738 1240 791; x_wconf 83' lang='grc' dir='ltr'>ἐστιν.</span> 
     </span>
    </p>
   </div>
   <div class='ocr_carea' id='block_1_9' title="bbox 171 819 1664 899">
    <p class='ocr_par' dir='ltr' id='par_1_9' title="bbox 171 819 1664 899">
     <span class='ocr_line' id='line_1_9' title="bbox 171 819 1664 899; baseline 0.005 -24"><span class='ocrx_word' id='word_1_49' title='bbox 171 819 253 875; x_wconf 87' lang='lat'><strong>99.</strong></span> <span class='ocrx_word' id='word_1_50' title='bbox 303 821 469 892; x_wconf 83' lang='grc' dir='ltr'>’Υπὲρ</span> <span class='ocrx_word' id='word_1_51' title='bbox 515 824 722 887; x_wconf 86' lang='grc' dir='ltr'>πάντας</span> <span class='ocrx_word' id='word_1_52' title='bbox 755 826 881 888; x_wconf 79' lang='grc' dir='ltr'>τοὺς</span> <span class='ocrx_word' id='word_1_53' title='bbox 920 825 1267 890; x_wconf 81' lang='grc' dir='ltr'>διδάσκοντάς</span> <span class='ocrx_word' id='word_1_54' title='bbox 1313 845 1379 898; x_wconf 85' lang='grc' dir='ltr'>με</span> <span class='ocrx_word' id='word_1_55' title='bbox 1435 830 1664 899; x_wconf 78' lang='grc' dir='ltr'>συνῆκα,</span> 
     </span>
    </p>
   </div>
   <div class='ocr_carea' id='block_1_10' title="bbox 109 913 1243 988">
    <p class='ocr_par' dir='ltr' id='par_1_10' title="bbox 109 913 1243 988">
     <span class='ocr_line' id='line_1_10' title="bbox 109 913 1243 988; baseline 0.007 -24"><span class='ocrx_word' id='word_1_56' title='bbox 109 915 182 965; x_wconf 80' lang='grc' dir='ltr'>ὅτι</span> <span class='ocrx_word' id='word_1_57' title='bbox 211 913 276 965; x_wconf 79' lang='grc' dir='ltr'><strong>τΞι</strong></span> <span class='ocrx_word' id='word_1_58' title='bbox 306 914 577 987; x_wconf 81' lang='grc' dir='ltr'>μαρτύριά</span> <span class='ocrx_word' id='word_1_59' title='bbox 607 934 698 969; x_wconf 88' lang='grc' dir='ltr'><strong>σου</strong></span> <span class='ocrx_word' id='word_1_60' title='bbox 730 919 925 988; x_wconf 84' lang='grc' dir='ltr'><strong>μελέτη</strong></span> <span class='ocrx_word' id='word_1_61' title='bbox 958 919 1058 988; x_wconf 88' lang='grc' dir='ltr'><strong>μού</strong></span> <span class='ocrx_word' id='word_1_62' title='bbox 1080 921 1243 974; x_wconf 85' lang='grc' dir='ltr'>ἐστιν.</span> 
     </span>
    </p>
   </div>
   <div class='ocr_carea' id='block_1_11' title="bbox 175 1005 1667 1080">
    <p class='ocr_par' dir='ltr' id='par_1_11' title="bbox 175 1005 1667 1080">
     <span class='ocr_line' id='line_1_11' title="bbox 175 1005 1667 1080; baseline 0.005 -24"><span class='ocrx_word' id='word_1_63' title='bbox 175 1005 285 1058; x_wconf 88' lang='grc'><strong>100.</strong></span> <span class='ocrx_word' id='word_1_64' title='bbox 327 1006 496 1076; x_wconf 81' lang='grc' dir='ltr'>’Υπὲρ</span> <span class='ocrx_word' id='word_1_65' title='bbox 520 1008 921 1078; x_wconf 77' lang='grc' dir='ltr'>πρεσϐυτέρους</span> <span class='ocrx_word' id='word_1_66' title='bbox 951 1012 1176 1080; x_wconf 79' lang='grc' dir='ltr'><strong>συνῆκα,</strong></span> <span class='ocrx_word' id='word_1_67' title='bbox 1207 1011 1287 1062; x_wconf 84' lang='grc' dir='ltr'>ὅτι</span> <span class='ocrx_word' id='word_1_68' title='bbox 1329 1010 1428 1075; x_wconf 88' lang='grc' dir='ltr'><strong>τὰς</strong></span> <span class='ocrx_word' id='word_1_69' title='bbox 1451 1011 1667 1075; x_wconf 83' lang='grc' dir='ltr'>ἐντολάς</span> 
     </span>
    </p>
   </div>
   <div class='ocr_carea' id='block_1_12' title="bbox 109 1095 544 1165">
    <p class='ocr_par' dir='ltr' id='par_1_12' title="bbox 109 1095 544 1165">
     <span class='ocr_line' id='line_1_12' title="bbox 109 1095 544 1165; baseline 0.009 -19"><span class='ocrx_word' id='word_1_70' title='bbox 109 1113 192 1148; x_wconf 86' lang='grc' dir='ltr'>σου</span> <span class='ocrx_word' id='word_1_71' title='bbox 226 1095 544 1165; x_wconf 80' lang='grc' dir='ltr'>ἐξεζήτησα.</span> 
     </span>
    </p>
   </div>
   <div class='ocr_carea' id='block_1_13' title="bbox 173 1187 1665 1262">
    <p class='ocr_par' dir='ltr' id='par_1_13' title="bbox 173 1187 1665 1262">
     <span class='ocr_line' id='line_1_13' title="bbox 173 1187 1665 1262; baseline 0.006 -24"><span class='ocrx_word' id='word_1_72' title='bbox 173 1187 286 1240; x_wconf 88' lang='grc'><strong>101.</strong></span> <span class='ocrx_word' id='word_1_73' title='bbox 327 1188 418 1241; x_wconf 81' lang='grc' dir='ltr'>Ἐκ</span> <span class='ocrx_word' id='word_1_74' title='bbox 449 1190 625 1260; x_wconf 83' lang='grc' dir='ltr'>πάσης</span> <span class='ocrx_word' id='word_1_75' title='bbox 670 1189 790 1242; x_wconf 77' lang='grc' dir='ltr'>ὁδοῦ</span> <span class='ocrx_word' id='word_1_76' title='bbox 825 1193 1064 1262; x_wconf 84' lang='grc' dir='ltr'>πονηρᾶς</span> <span class='ocrx_word' id='word_1_77' title='bbox 1093 1191 1340 1246; x_wconf 76' lang='grc' dir='ltr'><strong>ἐκώλυσα</strong></span> <span class='ocrx_word' id='word_1_78' title='bbox 1389 1195 1515 1256; x_wconf 77' lang='grc' dir='ltr'>τοὺς</span> <span class='ocrx_word' id='word_1_79' title='bbox 1567 1194 1665 1246; x_wconf 83' lang='grc' dir='ltr'><strong>πό-</strong></span> 
     </span>
    </p>
   </div>
   <div class='ocr_carea' id='block_1_14' title="bbox 105 1275 1364 1349">
    <p class='ocr_par' dir='ltr' id='par_1_14' title="bbox 105 1275 1364 1349">
     <span class='ocr_line' id='line_1_14' title="bbox 105 1275 1364 1349; baseline 0.006 -22"><span class='ocrx_word' id='word_1_80' title='bbox 105 1275 191 1337; x_wconf 68' lang='lat'><strong>51;</strong></span> <span class='ocrx_word' id='word_1_81' title='bbox 219 1294 338 1345; x_wconf 87' lang='grc' dir='ltr'>μου,</span> <span class='ocrx_word' id='word_1_82' title='bbox 364 1279 510 1340; x_wconf 82' lang='grc' dir='ltr'>ὅπως</span> <span class='ocrx_word' id='word_1_83' title='bbox 538 1278 602 1330; x_wconf 83' lang='grc' dir='ltr'>ἂν</span> <span class='ocrx_word' id='word_1_84' title='bbox 626 1278 846 1346; x_wconf 81' lang='grc' dir='ltr'>φυλάξω</span> <span class='ocrx_word' id='word_1_85' title='bbox 876 1282 1000 1343; x_wconf 85' lang='grc' dir='ltr'>τοὺς</span> <span class='ocrx_word' id='word_1_86' title='bbox 1028 1281 1217 1349; x_wconf 85' lang='grc' dir='ltr'>λόγους</span> <span class='ocrx_word' id='word_1_87' title='bbox 1248 1298 1364 1334; x_wconf 92' lang='grc' dir='ltr'>σου.</span> 
     </span>
    </p>
   </div>
   <div class='ocr_carea' id='block_1_15' title="bbox 170 1368 1664 1442">
    <p class='ocr_par' dir='ltr' id='par_1_15' title="bbox 170 1368 1664 1442">
     <span class='ocr_line' id='line_1_15' title="bbox 170 1368 1664 1442; baseline 0.007 -22"><span class='ocrx_word' id='word_1_88' title='bbox 170 1368 281 1421; x_wconf 77' lang='grc'><strong>102.</strong></span> <span class='ocrx_word' id='word_1_89' title='bbox 333 1371 465 1422; x_wconf 78' lang='grc' dir='ltr'><strong>Ἀπὸ</strong></span> <span class='ocrx_word' id='word_1_90' title='bbox 496 1371 603 1423; x_wconf 87' lang='grc' dir='ltr'><strong>τῶν</strong></span> <span class='ocrx_word' id='word_1_91' title='bbox 631 1373 911 1442; x_wconf 72' lang='grc' dir='ltr'><strong>χριμάτων</strong></span> <span class='ocrx_word' id='word_1_92' title='bbox 941 1391 1034 1425; x_wconf 89' lang='grc' dir='ltr'><strong>σου</strong></span> <span class='ocrx_word' id='word_1_93' title='bbox 1056 1374 1156 1427; x_wconf 85' lang='grc' dir='ltr'>οὐκ</span> <span class='ocrx_word' id='word_1_94' title='bbox 1183 1375 1452 1439; x_wconf 76' lang='grc' dir='ltr'><strong>ἐξέκλινα·</strong></span> <span class='ocrx_word' id='word_1_95' title='bbox 1481 1377 1564 1429; x_wconf 84' lang='grc' dir='ltr'>ὃτι</span> <span class='ocrx_word' id='word_1_96' title='bbox 1600 1377 1664 1430; x_wconf 74' lang='grc' dir='ltr'>σὺ</span> 
     </span>
    </p>
   </div>
   <div class='ocr_carea' id='block_1_16' title="bbox 106 1461 609 1534">
    <p class='ocr_par' dir='ltr' id='par_1_16' title="bbox 106 1461 609 1534">
     <span class='ocr_line' id='line_1_16' title="bbox 106 1461 609 1534; baseline 0.012 -24"><span class='ocrx_word' id='word_1_97' title='bbox 106 1461 382 1532; x_wconf 79' lang='grc' dir='ltr'>ἑνομοΟέτη</span> <span class='ocrx_word' id='word_1_98' title='bbox 390 1464 486 1526; x_wconf 83' lang='grc' dir='ltr'><strong>σάς</strong></span> <span class='ocrx_word' id='word_1_99' title='bbox 521 1481 586 1534; x_wconf 87' lang='grc' dir='ltr'><strong>με</strong></span> <span class='ocrx_word' id='word_1_100' title='bbox 597 1504 609 1516; x_wconf 93' lang='grc'><strong>.</strong></span> 
     </span>
    </p>
   </div>
   <div class='ocr_carea' id='block_1_17' title="bbox 170 1553 1659 1631">
    <p class='ocr_par' dir='ltr' id='par_1_17' title="bbox 170 1553 1659 1631">
     <span class='ocr_line' id='line_1_17' title="bbox 170 1553 1659 1631; baseline 0.007 -25"><span class='ocrx_word' id='word_1_101' title='bbox 170 1553 285 1607; x_wconf 80' lang='grc'><strong>105.</strong></span> <span class='ocrx_word' id='word_1_102' title='bbox 336 1556 422 1618; x_wconf 85' lang='grc' dir='ltr'>Ὠς</span> <span class='ocrx_word' id='word_1_103' title='bbox 472 1555 676 1623; x_wconf 81' lang='grc' dir='ltr'>γλυκέα</span> <span class='ocrx_word' id='word_1_104' title='bbox 737 1557 814 1628; x_wconf 78' lang='grc' dir='ltr'>τῷ</span> <span class='ocrx_word' id='word_1_105' title='bbox 846 1558 1079 1629; x_wconf 83' lang='grc' dir='ltr'>λάρυγγί</span> <span class='ocrx_word' id='word_1_106' title='bbox 1118 1577 1220 1630; x_wconf 90' lang='grc' dir='ltr'>μου</span> <span class='ocrx_word' id='word_1_107' title='bbox 1258 1560 1327 1615; x_wconf 85' lang='grc' dir='ltr'><strong>τά</strong></span> <span class='ocrx_word' id='word_1_108' title='bbox 1354 1562 1512 1631; x_wconf 90' lang='grc' dir='ltr'>λόγιά</span> <span class='ocrx_word' id='word_1_109' title='bbox 1547 1581 1659 1631; x_wconf 85' lang='grc' dir='ltr'>σου,</span> 
     </span>
    </p>
   </div>
   <div class='ocr_carea' id='block_1_18' title="bbox 108 1643 901 1719">
    <p class='ocr_par' dir='ltr' id='par_1_18' title="bbox 108 1643 901 1719">
     <span class='ocr_line' id='line_1_18' title="bbox 108 1643 901 1719; baseline 0.011 -26"><span class='ocrx_word' id='word_1_110' title='bbox 108 1643 237 1714; x_wconf 73' lang='grc' dir='ltr'>ὑπὲρ</span> <span class='ocrx_word' id='word_1_111' title='bbox 261 1645 379 1715; x_wconf 83' lang='grc' dir='ltr'>μέλι</span> <span class='ocrx_word' id='word_1_112' title='bbox 408 1647 485 1716; x_wconf 81' lang='grc' dir='ltr'>τῷ</span> <span class='ocrx_word' id='word_1_113' title='bbox 519 1648 744 1717; x_wconf 84' lang='grc' dir='ltr'>στόματί</span> <span class='ocrx_word' id='word_1_114' title='bbox 781 1667 901 1719; x_wconf 87' lang='grc' dir='ltr'>μου.</span> 
     </span>
    </p>
   </div>
   <div class='ocr_carea' id='block_1_19' title="bbox 168 1735 1661 1813">
    <p class='ocr_par' dir='ltr' id='par_1_19' title="bbox 168 1735 1661 1813">
     <span class='ocr_line' id='line_1_19' title="bbox 168 1735 1661 1813; baseline 0.009 -26"><span class='ocrx_word' id='word_1_115' title='bbox 168 1735 283 1788; x_wconf 66' lang='lat'><strong>101.-</strong></span> <span class='ocrx_word' id='word_1_116' title='bbox 321 1737 452 1788; x_wconf 79' lang='grc' dir='ltr'><strong>Ἀπὸ</strong></span> <span class='ocrx_word' id='word_1_117' title='bbox 508 1739 615 1790; x_wconf 83' lang='grc' dir='ltr'><strong>τῶν</strong></span> <span class='ocrx_word' id='word_1_118' title='bbox 669 1739 896 1793; x_wconf 84' lang='grc' dir='ltr'>ἐντολῶν</span> <span class='ocrx_word' id='word_1_119' title='bbox 955 1757 1048 1793; x_wconf 89' lang='grc' dir='ltr'>σου</span> <span class='ocrx_word' id='word_1_120' title='bbox 1081 1742 1310 1813; x_wconf 81' lang='grc' dir='ltr'><strong>συνῆκα·</strong></span> <span class='ocrx_word' id='word_1_121' title='bbox 1363 1744 1454 1798; x_wconf 80' lang='grc' dir='ltr'><strong>διὰ</strong></span> <span class='ocrx_word' id='word_1_122' title='bbox 1503 1746 1661 1799; x_wconf 76' lang='grc' dir='ltr'>τοῦτο</span> 
     </span>
    </p>
   </div>
   <div class='ocr_carea' id='block_1_20' title="bbox 101 1825 952 1895">
    <p class='ocr_par' dir='ltr' id='par_1_20' title="bbox 101 1825 952 1895">
     <span class='ocr_line' id='line_1_20' title="bbox 101 1825 952 1895; baseline 0.012 -19"><span class='ocrx_word' id='word_1_123' title='bbox 101 1825 324 1895; x_wconf 79' lang='grc' dir='ltr'>ἐμίσησα</span> <span class='ocrx_word' id='word_1_124' title='bbox 353 1829 530 1881; x_wconf 74' lang='grc' dir='ltr'>πᾶσαν</span> <span class='ocrx_word' id='word_1_125' title='bbox 556 1830 674 1883; x_wconf 80' lang='grc' dir='ltr'>ὁδὸν</span> <span class='ocrx_word' id='word_1_126' title='bbox 716 1831 952 1895; x_wconf 80' lang='grc' dir='ltr'><strong>ἀδικίας.</strong></span> 
     </span>
    </p>
   </div>
   <div class='ocr_carea' id='block_1_21' title="bbox 165 1917 1656 1997">
    <p class='ocr_par' dir='ltr' id='par_1_21' title="bbox 165 1917 1656 1997">
     <span class='ocr_line' id='line_1_21' title="bbox 165 1917 1656 1997; baseline 0.009 -28"><span class='ocrx_word' id='word_1_127' title='bbox 165 1917 280 1970; x_wconf 80' lang='grc'><strong>105.</strong></span> <span class='ocrx_word' id='word_1_128' title='bbox 308 1919 512 1989; x_wconf 83' lang='grc' dir='ltr'><strong>Λύχνος</strong></span> <span class='ocrx_word' id='word_1_129' title='bbox 540 1925 652 1984; x_wconf 87' lang='grc' dir='ltr'>τοῖς</span> <span class='ocrx_word' id='word_1_130' title='bbox 674 1923 800 1975; x_wconf 87' lang='grc' dir='ltr'>ποσί</span> <span class='ocrx_word' id='word_1_131' title='bbox 839 1940 939 1992; x_wconf 82' lang='grc' dir='ltr'>μου</span> <span class='ocrx_word' id='word_1_132' title='bbox 964 1925 992 1976; x_wconf 76' lang='grc' dir='ltr'><em>ὁ</em></span> <span class='ocrx_word' id='word_1_133' title='bbox 1029 1925 1194 1996; x_wconf 86' lang='grc' dir='ltr'>νόμος</span> <span class='ocrx_word' id='word_1_134' title='bbox 1244 1943 1360 1990; x_wconf 92' lang='grc' dir='ltr'>σου,</span> <span class='ocrx_word' id='word_1_135' title='bbox 1390 1928 1484 1981; x_wconf 74' lang='grc' dir='ltr'>καὶ</span> <span class='ocrx_word' id='word_1_136' title='bbox 1539 1927 1656 1997; x_wconf 82' lang='grc' dir='ltr'><strong>φῶς</strong></span> 
     </span>
    </p>
   </div>
   <div class='ocr_carea' id='block_1_22' title="bbox 98 2009 582 2082">
    <p class='ocr_par' dir='ltr' id='par_1_22' title="bbox 98 2009 582 2082">
     <span class='ocr_line' id='line_1_22' title="bbox 98 2009 582 2082; baseline 0.014 -23"><span class='ocrx_word' id='word_1_137' title='bbox 98 2012 207 2071; x_wconf 80' lang='grc' dir='ltr'>ταῖς</span> <span class='ocrx_word' id='word_1_138' title='bbox 230 2009 435 2081; x_wconf 81' lang='grc' dir='ltr'>τρίὄοις</span> <span class='ocrx_word' id='word_1_139' title='bbox 461 2030 582 2082; x_wconf 86' lang='grc' dir='ltr'>μου.</span> 
     </span>
    </p>
   </div>
   <div class='ocr_carea' id='block_1_23' title="bbox 166 2102 1657 2182">
    <p class='ocr_par' dir='ltr' id='par_1_23' title="bbox 166 2102 1657 2182">
     <span class='ocr_line' id='line_1_23' title="bbox 166 2102 1657 2182; baseline 0.005 -27"><span class='ocrx_word' id='word_1_140' title='bbox 166 2102 276 2155; x_wconf 86' lang='grc'><strong>106.</strong></span> <span class='ocrx_word' id='word_1_141' title='bbox 324 2105 554 2175; x_wconf 83' lang='grc' dir='ltr'>Ὠμοσα,</span> <span class='ocrx_word' id='word_1_142' title='bbox 597 2107 688 2159; x_wconf 79' lang='grc' dir='ltr'>καὶ</span> <span class='ocrx_word' id='word_1_143' title='bbox 713 2106 913 2176; x_wconf 83' lang='grc' dir='ltr'>ἐστησα</span> <span class='ocrx_word' id='word_1_144' title='bbox 948 2107 1042 2160; x_wconf 75' lang='grc' dir='ltr'><strong>τοῦ</strong></span> <span class='ocrx_word' id='word_1_145' title='bbox 1072 2109 1411 2177; x_wconf 76' lang='grc' dir='ltr'>φυλάξασθαι</span> <span class='ocrx_word' id='word_1_146' title='bbox 1444 2111 1510 2163; x_wconf 79' lang='grc' dir='ltr'><strong>τὰ</strong></span> <span class='ocrx_word' id='word_1_147' title='bbox 1534 2112 1657 2182; x_wconf 85' lang='grc' dir='ltr'>κρί-</span> 
     </span>
    </p>
   </div>
   <div class='ocr_carea' id='block_1_24' title="bbox 101 2195 872 2268">
    <p class='ocr_par' dir='ltr' id='par_1_24' title="bbox 101 2195 872 2268">
     <span class='ocr_line' id='line_1_24' title="bbox 101 2195 872 2268; baseline 0.006 -22"><span class='ocrx_word' id='word_1_148' title='bbox 101 2210 235 2261; x_wconf 82' lang='grc' dir='ltr'>ματα</span> <span class='ocrx_word' id='word_1_149' title='bbox 264 2195 361 2266; x_wconf 81' lang='grc' dir='ltr'>τῆς</span> <span class='ocrx_word' id='word_1_150' title='bbox 392 2197 733 2268; x_wconf 77' lang='grc' dir='ltr'><strong>δικαιοσύνης</strong></span> <span class='ocrx_word' id='word_1_151' title='bbox 758 2215 872 2252; x_wconf 89' lang='grc' dir='ltr'>σου.</span> 
     </span>
    </p>
   </div>
   <div class='ocr_carea' id='block_1_25' title="bbox 1771 559 2178 616">
    <p class='ocr_par' dir='ltr' id='par_1_25' title="bbox 1771 559 2178 616">
     <span class='ocr_line' id='line_1_25' title="bbox 1771 559 2178 616; baseline 0.007 -5"><span class='ocrx_word' id='word_1_152' title='bbox 1771 559 1899 611; x_wconf 84' lang='lat' dir='ltr'><strong>tatin</strong></span> <span class='ocrx_word' id='word_1_153' title='bbox 1928 575 2043 614; x_wconf 86' lang='lat' dir='ltr'><strong>mea</strong></span> <span class='ocrx_word' id='word_1_154' title='bbox 2077 571 2178 616; x_wconf 89' lang='lat' dir='ltr'><strong>est.</strong></span> 
     </span>
    </p>
   </div>
   <div class='ocr_carea' id='block_1_26' title="bbox 1835 648 3322 726">
    <p class='ocr_par' dir='ltr' id='par_1_26' title="bbox 1835 648 3322 726">
     <span class='ocr_line' id='line_1_26' title="bbox 1835 648 3322 726; baseline 0.014 -24"><span class='ocrx_word' id='word_1_155' title='bbox 1835 648 1921 704; x_wconf 87' lang='lat'><strong>98.</strong></span> <span class='ocrx_word' id='word_1_156' title='bbox 1958 649 2131 718; x_wconf 87' lang='lat' dir='ltr'><strong>Super</strong></span> <span class='ocrx_word' id='word_1_157' title='bbox 2183 652 2433 708; x_wconf 91' lang='lat' dir='ltr'><strong>inimicos</strong></span> <span class='ocrx_word' id='word_1_158' title='bbox 2467 670 2617 715; x_wconf 85' lang='lat' dir='ltr'><strong>meos</strong></span> <span class='ocrx_word' id='word_1_159' title='bbox 2658 658 2975 726; x_wconf 76' lang='lat' dir='ltr'><strong>prudentem</strong></span> <span class='ocrx_word' id='word_1_160' title='bbox 3015 678 3101 718; x_wconf 88' lang='lat' dir='ltr'><strong>me</strong></span> <span class='ocrx_word' id='word_1_161' title='bbox 3147 664 3322 723; x_wconf 73' lang='lat' dir='ltr'><strong>fecisti</strong></span> 
     </span>
    </p>
   </div>
   <div class='ocr_carea' id='block_1_27' title="bbox 1767 740 2966 813">
    <p class='ocr_par' dir='ltr' id='par_1_27' title="bbox 1767 740 2966 813">
     <span class='ocr_line' id='line_1_27' title="bbox 1767 740 2966 813; baseline 0.011 -21"><span class='ocrx_word' id='word_1_162' title='bbox 1767 740 2020 795; x_wconf 87' lang='lat' dir='ltr'><strong>mandato</strong></span> <span class='ocrx_word' id='word_1_163' title='bbox 2043 751 2165 795; x_wconf 88' lang='lat' dir='ltr'><strong>tuo:</strong></span> <span class='ocrx_word' id='word_1_164' title='bbox 2188 744 2313 813; x_wconf 88' lang='lat' dir='ltr'><strong>quia</strong></span> <span class='ocrx_word' id='word_1_165' title='bbox 2335 745 2388 798; x_wconf 90' lang='lat' dir='ltr'><strong>in</strong></span> <span class='ocrx_word' id='word_1_166' title='bbox 2416 754 2676 800; x_wconf 68' lang='lat' dir='ltr'><strong>aeternum</strong></span> <span class='ocrx_word' id='word_1_167' title='bbox 2707 749 2837 802; x_wconf 88' lang='lat' dir='ltr'><strong>mihi</strong></span> <span class='ocrx_word' id='word_1_168' title='bbox 2864 759 2966 805; x_wconf 90' lang='lat' dir='ltr'><strong>est.</strong></span> 
     </span>
    </p>
   </div>
   <div class='ocr_carea' id='block_1_28' title="bbox 1834 829 3328 914">
    <p class='ocr_par' dir='ltr' id='par_1_28' title="bbox 1834 829 3328 914">
     <span class='ocr_line' id='line_1_28' title="bbox 1834 829 3328 914; baseline 0.015 -32"><span class='ocrx_word' id='word_1_169' title='bbox 1834 829 2102 900; x_wconf 88' lang='lat' dir='ltr'><strong>99.Super</strong></span> <span class='ocrx_word' id='word_1_170' title='bbox 2133 848 2324 889; x_wconf 88' lang='lat' dir='ltr'><strong>omnes</strong></span> <span class='ocrx_word' id='word_1_171' title='bbox 2361 837 2616 891; x_wconf 77' lang='lat' dir='ltr'><strong>docentes</strong></span> <span class='ocrx_word' id='word_1_172' title='bbox 2645 854 2728 892; x_wconf 89' lang='lat' dir='ltr'><strong>me</strong></span> <span class='ocrx_word' id='word_1_173' title='bbox 2756 841 2995 897; x_wconf 77' lang='lat' dir='ltr'><strong>intellexi</strong></span> <span class='ocrx_word' id='word_1_174' title='bbox 3028 863 3040 899; x_wconf 91' lang='lat'>:</span> <span class='ocrx_word' id='word_1_175' title='bbox 3077 847 3206 914; x_wconf 90' lang='lat' dir='ltr'><strong>quia</strong></span> <span class='ocrx_word' id='word_1_176' title='bbox 3246 860 3328 905; x_wconf 91' lang='lat' dir='ltr'><strong>te-</strong></span> 
     </span>
    </p>
   </div>
   <div class='ocr_carea' id='block_1_29' title="bbox 1766 920 2725 981">
    <p class='ocr_par' dir='ltr' id='par_1_29' title="bbox 1766 920 2725 981">
     <span class='ocr_line' id='line_1_29' title="bbox 1766 920 2725 981; baseline 0.01 -10"><span class='ocrx_word' id='word_1_177' title='bbox 1766 920 2020 974; x_wconf 88' lang='lat' dir='ltr'><strong>stimonia</strong></span> <span class='ocrx_word' id='word_1_178' title='bbox 2050 932 2137 974; x_wconf 83' lang='lat' dir='ltr'><strong>tua</strong></span> <span class='ocrx_word' id='word_1_179' title='bbox 2171 925 2448 979; x_wconf 79' lang='lat' dir='ltr'><strong>meditatio</strong></span> <span class='ocrx_word' id='word_1_180' title='bbox 2475 941 2590 979; x_wconf 87' lang='lat' dir='ltr'><strong>mea</strong></span> <span class='ocrx_word' id='word_1_181' title='bbox 2619 936 2725 981; x_wconf 89' lang='lat' dir='ltr'><strong>est.</strong></span> 
     </span>
    </p>
   </div>
   <div class='ocr_carea' id='block_1_30' title="bbox 1837 1010 3328 1101">
    <p class='ocr_par' dir='ltr' id='par_1_30' title="bbox 1837 1010 3328 1101">
     <span class='ocr_line' id='line_1_30' title="bbox 1837 1010 3328 1101; baseline 0.015 -38"><span class='ocrx_word' id='word_1_182' title='bbox 1837 1010 1956 1065; x_wconf 87' lang='grc'><strong>100.</strong></span> <span class='ocrx_word' id='word_1_183' title='bbox 1985 1011 2158 1083; x_wconf 87' lang='lat' dir='ltr'><strong>Super</strong></span> <span class='ocrx_word' id='word_1_184' title='bbox 2181 1031 2340 1070; x_wconf 90' lang='lat' dir='ltr'><strong>senes</strong></span> <span class='ocrx_word' id='word_1_185' title='bbox 2367 1017 2622 1082; x_wconf 75' lang='lat' dir='ltr'><strong>intellexi,</strong></span> <span class='ocrx_word' id='word_1_186' title='bbox 2646 1021 2772 1089; x_wconf 84' lang='lat' dir='ltr'><strong>quia</strong></span> <span class='ocrx_word' id='word_1_187' title='bbox 2793 1026 3044 1082; x_wconf 86' lang='lat' dir='ltr'><strong>mandata</strong></span> <span class='ocrx_word' id='word_1_188' title='bbox 3072 1037 3163 1083; x_wconf 84' lang='lat' dir='ltr'><strong>tua</strong></span> <span class='ocrx_word' id='word_1_189' title='bbox 3179 1045 3328 1101; x_wconf 69' lang='lat' dir='ltr'><strong>qum-</strong></span> 
     </span>
    </p>
   </div>
   <div class='ocr_carea' id='block_1_31' title="bbox 1767 1115 1889 1152">
    <p class='ocr_par' dir='ltr' id='par_1_31' title="bbox 1767 1115 1889 1152">
     <span class='ocr_line' id='line_1_31' title="bbox 1767 1115 1889 1152; baseline 0.008 -1"><span class='ocrx_word' id='word_1_190' title='bbox 1767 1115 1889 1152; x_wconf 75' lang='lat' dir='ltr'><strong>SIVI.</strong></span> 
     </span>
    </p>
   </div>
   <div class='ocr_carea' id='block_1_32' title="bbox 1837 1191 3326 1278">
    <p class='ocr_par' dir='ltr' id='par_1_32' title="bbox 1837 1191 3326 1278">
     <span class='ocr_line' id='line_1_32' title="bbox 1837 1191 3326 1278; baseline 0.017 -34"><span class='ocrx_word' id='word_1_191' title='bbox 1837 1191 1958 1246; x_wconf 90' lang='lat'><strong>101.</strong></span> <span class='ocrx_word' id='word_1_192' title='bbox 1986 1194 2066 1247; x_wconf 85' lang='lat' dir='ltr'><strong>Ab</strong></span> <span class='ocrx_word' id='word_1_193' title='bbox 2099 1195 2246 1248; x_wconf 91' lang='lat' dir='ltr'><strong>omni</strong></span> <span class='ocrx_word' id='word_1_194' title='bbox 2270 1195 2353 1249; x_wconf 75' lang='lat' dir='ltr'><strong>via</strong></span> <span class='ocrx_word' id='word_1_195' title='bbox 2388 1199 2528 1252; x_wconf 89' lang='lat' dir='ltr'><strong>mala</strong></span> <span class='ocrx_word' id='word_1_196' title='bbox 2567 1201 2822 1269; x_wconf 86' lang='lat' dir='ltr'><strong>prohibui</strong></span> <span class='ocrx_word' id='word_1_197' title='bbox 2861 1204 3024 1273; x_wconf 84' lang='lat' dir='ltr'><strong>pedes</strong></span> <span class='ocrx_word' id='word_1_198' title='bbox 3061 1223 3229 1278; x_wconf 88' lang='lat' dir='ltr'><strong>meos,</strong></span> <span class='ocrx_word' id='word_1_199' title='bbox 3267 1224 3326 1268; x_wconf 91' lang='lat' dir='ltr'><strong>ut</strong></span> 
     </span>
    </p>
   </div>
   <div class='ocr_carea' id='block_1_33' title="bbox 1765 1284 2390 1342">
    <p class='ocr_par' dir='ltr' id='par_1_33' title="bbox 1765 1284 2390 1342">
     <span class='ocr_line' id='line_1_33' title="bbox 1765 1284 2390 1342; baseline 0.008 -6"><span class='ocrx_word' id='word_1_200' title='bbox 1765 1284 2064 1337; x_wconf 86' lang='lat' dir='ltr'><strong>custodiam</strong></span> <span class='ocrx_word' id='word_1_201' title='bbox 2089 1286 2252 1340; x_wconf 88' lang='lat' dir='ltr'><strong>verba</strong></span> <span class='ocrx_word' id='word_1_202' title='bbox 2279 1297 2390 1342; x_wconf 89' lang='lat' dir='ltr'><strong>tua.</strong></span> 
     </span>
    </p>
   </div>
   <div class='ocr_carea' id='block_1_34' title="bbox 1836 1375 3323 1462">
    <p class='ocr_par' dir='ltr' id='par_1_34' title="bbox 1836 1375 3323 1462">
     <span class='ocr_line' id='line_1_34' title="bbox 1836 1375 3323 1462; baseline 0.015 -33"><span class='ocrx_word' id='word_1_203' title='bbox 1836 1375 1956 1431; x_wconf 74' lang='lat'><strong>102.</strong></span> <span class='ocrx_word' id='word_1_204' title='bbox 1982 1378 2027 1430; x_wconf 84' lang='lat' dir='ltr'><strong>A</strong></span> <span class='ocrx_word' id='word_1_205' title='bbox 2059 1379 2281 1447; x_wconf 86' lang='lat' dir='ltr'><strong>judiciis</strong></span> <span class='ocrx_word' id='word_1_206' title='bbox 2329 1384 2436 1437; x_wconf 90' lang='lat' dir='ltr'><strong>tuis</strong></span> <span class='ocrx_word' id='word_1_207' title='bbox 2483 1400 2590 1439; x_wconf 91' lang='lat' dir='ltr'><strong>non</strong></span> <span class='ocrx_word' id='word_1_208' title='bbox 2631 1386 2896 1444; x_wconf 74' lang='lat' dir='ltr'><strong>declinavi</strong></span> <span class='ocrx_word' id='word_1_209' title='bbox 2927 1410 2940 1444; x_wconf 91' lang='lat'>:</span> <span class='ocrx_word' id='word_1_210' title='bbox 2975 1394 3101 1462; x_wconf 82' lang='lat' dir='ltr'><strong>quia</strong></span> <span class='ocrx_word' id='word_1_211' title='bbox 3139 1405 3194 1450; x_wconf 92' lang='lat' dir='ltr'><strong>tu</strong></span> <span class='ocrx_word' id='word_1_212' title='bbox 3249 1398 3323 1451; x_wconf 86' lang='lat' dir='ltr'><strong>le-</strong></span> 
     </span>
    </p>
   </div>
   <div class='ocr_carea' id='block_1_35' title="bbox 1765 1472 2326 1539">
    <p class='ocr_par' dir='ltr' id='par_1_35' title="bbox 1765 1472 2326 1539">
     <span class='ocr_line' id='line_1_35' title="bbox 1765 1472 2326 1539; baseline 0.009 -18"><span class='ocrx_word' id='word_1_213' title='bbox 1765 1483 1881 1538; x_wconf 86' lang='lat' dir='ltr'><strong>gem</strong></span> <span class='ocrx_word' id='word_1_214' title='bbox 1907 1472 2139 1539; x_wconf 85' lang='lat' dir='ltr'><strong>posuisti</strong></span> <span class='ocrx_word' id='word_1_215' title='bbox 2172 1472 2326 1526; x_wconf 89' lang='lat' dir='ltr'><strong>mihi.</strong></span> 
     </span>
    </p>
   </div>
   <div class='ocr_carea' id='block_1_36' title="bbox 1835 1562 3322 1644">
    <p class='ocr_par' dir='ltr' id='par_1_36' title="bbox 1835 1562 3322 1644">
     <span class='ocr_line' id='line_1_36' title="bbox 1835 1562 3322 1644; baseline 0.013 -30"><span class='ocrx_word' id='word_1_216' title='bbox 1835 1562 1954 1616; x_wconf 78' lang='grc'><strong>105.</strong></span> <span class='ocrx_word' id='word_1_217' title='bbox 1984 1563 2156 1628; x_wconf 83' lang='lat' dir='ltr'><strong>Quam</strong></span> <span class='ocrx_word' id='word_1_218' title='bbox 2186 1564 2362 1619; x_wconf 82' lang='lat' dir='ltr'><strong>dulcia</strong></span> <span class='ocrx_word' id='word_1_219' title='bbox 2398 1566 2647 1625; x_wconf 81' lang='lat' dir='ltr'><strong>faucibus</strong></span> <span class='ocrx_word' id='word_1_220' title='bbox 2681 1574 2816 1628; x_wconf 76' lang='lat' dir='ltr'><strong>meis</strong></span> <span class='ocrx_word' id='word_1_221' title='bbox 2840 1574 3051 1644; x_wconf 82' lang='lat' dir='ltr'><strong>eloquia</strong></span> <span class='ocrx_word' id='word_1_222' title='bbox 3082 1587 3194 1642; x_wconf 88' lang='lat' dir='ltr'><strong>tua,</strong></span> <span class='ocrx_word' id='word_1_223' title='bbox 3227 1595 3322 1634; x_wconf 60' lang='lat' dir='ltr'><strong>su-</strong></span> 
     </span>
    </p>
   </div>
   <div class='ocr_carea' id='block_1_37' title="bbox 1765 1652 2277 1720">
    <p class='ocr_par' dir='ltr' id='par_1_37' title="bbox 1765 1652 2277 1720">
     <span class='ocr_line' id='line_1_37' title="bbox 1765 1652 2277 1720; baseline 0 -14"><span class='ocrx_word' id='word_1_224' title='bbox 1765 1668 1858 1720; x_wconf 91' lang='lat' dir='ltr'><strong>per</strong></span> <span class='ocrx_word' id='word_1_225' title='bbox 1887 1655 1990 1706; x_wconf 93' lang='lat' dir='ltr'><strong>mel</strong></span> <span class='ocrx_word' id='word_1_226' title='bbox 2023 1652 2105 1707; x_wconf 86' lang='lat' dir='ltr'><strong>ori</strong></span> <span class='ocrx_word' id='word_1_227' title='bbox 2135 1670 2277 1709; x_wconf 90' lang='lat' dir='ltr'><strong>meo.</strong></span> 
     </span>
    </p>
   </div>
   <div class='ocr_carea' id='block_1_38' title="bbox 1836 1742 3322 1827">
    <p class='ocr_par' dir='ltr' id='par_1_38' title="bbox 1836 1742 3322 1827">
     <span class='ocr_line' id='line_1_38' title="bbox 1836 1742 3322 1827; baseline 0.017 -32"><span class='ocrx_word' id='word_1_228' title='bbox 1836 1742 1960 1796; x_wconf 71' lang='lat'><strong>104.</strong></span> <span class='ocrx_word' id='word_1_229' title='bbox 1990 1743 2030 1796; x_wconf 88' lang='lat' dir='ltr'><strong>A</strong></span> <span class='ocrx_word' id='word_1_230' title='bbox 2077 1745 2345 1804; x_wconf 88' lang='lat' dir='ltr'><strong>mandatis</strong></span> <span class='ocrx_word' id='word_1_231' title='bbox 2392 1752 2500 1804; x_wconf 90' lang='lat' dir='ltr'><strong>tuis</strong></span> <span class='ocrx_word' id='word_1_232' title='bbox 2545 1753 2776 1808; x_wconf 84' lang='lat' dir='ltr'><strong>intellexi</strong></span> <span class='ocrx_word' id='word_1_233' title='bbox 2811 1775 2825 1809; x_wconf 88' lang='lat'><strong>:</strong></span> <span class='ocrx_word' id='word_1_234' title='bbox 2859 1769 3140 1827; x_wconf 88' lang='lat' dir='ltr'><strong>propterea</strong></span> <span class='ocrx_word' id='word_1_235' title='bbox 3179 1763 3322 1819; x_wconf 83' lang='lat' dir='ltr'><strong>odivi</strong></span> 
     </span>
    </p>
   </div>
   <div class='ocr_carea' id='block_1_39' title="bbox 1690 1819 2506 1910">
    <p class='ocr_par' dir='ltr' id='par_1_39' title="bbox 1690 1819 2506 1910">
     <span class='ocr_line' id='line_1_39' title="bbox 1690 1819 2506 1910; baseline 0.009 -21"><span class='ocrx_word' id='word_1_236' title='bbox 1690 1819 1731 1874; x_wconf 79' lang='grc' dir='ltr'><strong>Β</strong></span> <span class='ocrx_word' id='word_1_237' title='bbox 1761 1851 1975 1890; x_wconf 83' lang='lat' dir='ltr'><strong>onmem</strong></span> <span class='ocrx_word' id='word_1_238' title='bbox 2009 1837 2150 1891; x_wconf 70' lang='lat' dir='ltr'><strong>viam</strong></span> <span class='ocrx_word' id='word_1_239' title='bbox 2184 1839 2506 1910; x_wconf 83' lang='lat' dir='ltr'><strong>iniquitatis.</strong></span> 
     </span>
    </p>
   </div>
   <div class='ocr_carea' id='block_1_40' title="bbox 1835 1927 3323 2009">
    <p class='ocr_par' dir='ltr' id='par_1_40' title="bbox 1835 1927 3323 2009">
     <span class='ocr_line' id='line_1_40' title="bbox 1835 1927 3323 2009; baseline 0.013 -28"><span class='ocrx_word' id='word_1_240' title='bbox 1835 1928 1956 1983; x_wconf 83' lang='lat'><strong>105.</strong></span> <span class='ocrx_word' id='word_1_241' title='bbox 1988 1927 2231 1986; x_wconf 81' lang='lat' dir='ltr'><strong>Lucerna</strong></span> <span class='ocrx_word' id='word_1_242' title='bbox 2267 1933 2494 2000; x_wconf 90' lang='lat' dir='ltr'><strong>pedibus</strong></span> <span class='ocrx_word' id='word_1_243' title='bbox 2528 1937 2663 1993; x_wconf 90' lang='lat' dir='ltr'><strong>meis</strong></span> <span class='ocrx_word' id='word_1_244' title='bbox 2691 1939 2921 1996; x_wconf 80' lang='lat' dir='ltr'><strong>&#39;verbum</strong></span> <span class='ocrx_word' id='word_1_245' title='bbox 2958 1951 3132 2009; x_wconf 91' lang='lat' dir='ltr'><strong>tuutn,</strong></span> <span class='ocrx_word' id='word_1_246' title='bbox 3164 1955 3216 2000; x_wconf 88' lang='lat' dir='ltr'><strong>et</strong></span> <span class='ocrx_word' id='word_1_247' title='bbox 3241 1946 3323 2000; x_wconf 82' lang='lat' dir='ltr'><strong>ln-</strong></span> 
     </span>
    </p>
   </div>
   <div class='ocr_carea' id='block_1_41' title="bbox 1767 2022 2310 2076">
    <p class='ocr_par' dir='ltr' id='par_1_41' title="bbox 1767 2022 2310 2076">
     <span class='ocr_line' id='line_1_41' title="bbox 1767 2022 2310 2076; baseline -0.004 -2"><span class='ocrx_word' id='word_1_248' title='bbox 1767 2035 1888 2074; x_wconf 88' lang='lat' dir='ltr'><strong>men</strong></span> <span class='ocrx_word' id='word_1_249' title='bbox 1921 2022 2128 2074; x_wconf 90' lang='lat' dir='ltr'><strong>semitis</strong></span> <span class='ocrx_word' id='word_1_250' title='bbox 2157 2022 2310 2076; x_wconf 91' lang='lat' dir='ltr'><strong>meis.</strong></span> 
     </span>
    </p>
   </div>
   <div class='ocr_carea' id='block_1_42' title="bbox 1837 2110 3322 2198">
    <p class='ocr_par' dir='ltr' id='par_1_42' title="bbox 1837 2110 3322 2198">
     <span class='ocr_line' id='line_1_42' title="bbox 1837 2110 3322 2198; baseline 0.012 -32"><span class='ocrx_word' id='word_1_251' title='bbox 1837 2112 1955 2166; x_wconf 89' lang='lat'><strong>106.</strong></span> <span class='ocrx_word' id='word_1_252' title='bbox 1986 2110 2195 2177; x_wconf 79' lang='lat' dir='ltr'><strong>Juravi,</strong></span> <span class='ocrx_word' id='word_1_253' title='bbox 2230 2121 2285 2168; x_wconf 91' lang='lat' dir='ltr'><strong>et</strong></span> <span class='ocrx_word' id='word_1_254' title='bbox 2330 2118 2497 2172; x_wconf 82' lang='lat' dir='ltr'><strong>statui</strong></span> <span class='ocrx_word' id='word_1_255' title='bbox 2548 2121 2823 2177; x_wconf 86' lang='lat' dir='ltr'><strong>custodire</strong></span> <span class='ocrx_word' id='word_1_256' title='bbox 2852 2125 3054 2193; x_wconf 85' lang='lat' dir='ltr'><strong>judicia</strong></span> <span class='ocrx_word' id='word_1_257' title='bbox 3097 2129 3322 2198; x_wconf 74' lang='lat' dir='ltr'><strong>justitia-</strong></span> 
     </span>
    </p>
   </div>
   <div class='ocr_carea' id='block_1_43' title="bbox 1768 2210 1892 2256">
    <p class='ocr_par' dir='ltr' id='par_1_43' title="bbox 1768 2210 1892 2256">
     <span class='ocr_line' id='line_1_43' title="bbox 1768 2210 1892 2256; baseline -0.008 -1"><span class='ocrx_word' id='word_1_258' title='bbox 1768 2210 1892 2256; x_wconf 70' lang='grc' dir='ltr'>ιυω.</span> 
     </span>
    </p>
   </div>
   <div class='ocr_carea' id='block_1_44' title="bbox 1227 2365 2207 2427">
    <p class='ocr_par' dir='ltr' id='par_1_44' title="bbox 1227 2365 2207 2427">
     <span class='ocr_line' id='line_1_44' title="bbox 1227 2365 2207 2427; baseline 0.008 -9"><span class='ocrx_word' id='word_1_259' title='bbox 1227 2365 1596 2421; x_wconf 80' lang='lat' dir='ltr'><strong>ATIIANASII</strong></span> <span class='ocrx_word' id='word_1_260' title='bbox 1634 2365 2207 2427; x_wconf 80' lang='lat' dir='ltr'><strong>INTERPRETATIO.</strong></span> 
     </span>
    </p>
   </div>
   <div class='ocr_carea' id='block_1_45' title="bbox 94 2489 1655 2574">
    <p class='ocr_par' dir='ltr' id='par_1_45' title="bbox 94 2489 1655 2574">
     <span class='ocr_line' id='line_1_45' title="bbox 94 2489 1655 2574; baseline 0.01 -34"><span class='ocrx_word' id='word_1_261' title='bbox 94 2489 236 2552; x_wconf 83' lang='grc' dir='ltr'>τέλος</span> <span class='ocrx_word' id='word_1_262' title='bbox 255 2508 268 2521; x_wconf 76' lang='grc' dir='ltr'><strong>ο</strong></span> <span class='ocrx_word' id='word_1_263' title='bbox 291 2509 338 2544; x_wconf 83' lang='grc' dir='ltr'>ο.</span> <span class='ocrx_word' id='word_1_264' title='bbox 375 2493 432 2546; x_wconf 86' lang='grc' dir='ltr'>δὲ</span> <span class='ocrx_word' id='word_1_265' title='bbox 455 2510 552 2563; x_wconf 86' lang='grc' dir='ltr'><strong>την</strong></span> <span class='ocrx_word' id='word_1_266' title='bbox 583 2496 799 2568; x_wconf 77' lang='grc' dir='ltr'>ἐντολήν</span> <span class='ocrx_word' id='word_1_267' title='bbox 835 2515 924 2550; x_wconf 86' lang='grc' dir='ltr'>σου</span> <span class='ocrx_word' id='word_1_268' title='bbox 955 2497 1311 2567; x_wconf 77' lang='grc' dir='ltr'><strong>φυλάττοντες</strong></span> <span class='ocrx_word' id='word_1_269' title='bbox 1364 2503 1655 2574; x_wconf 80' lang='grc' dir='ltr'>ἀτελευτή-</span> 
     </span>
    </p>
   </div>
   <div class='ocr_carea' id='block_1_46' title="bbox 95 2581 1186 2654">
    <p class='ocr_par' dir='ltr' id='par_1_46' title="bbox 95 2581 1186 2654">
     <span class='ocr_line' id='line_1_46' title="bbox 95 2581 1186 2654; baseline 0.011 -22"><span class='ocrx_word' id='word_1_270' title='bbox 95 2597 182 2633; x_wconf 87' lang='grc' dir='ltr'>του</span> <span class='ocrx_word' id='word_1_271' title='bbox 207 2581 380 2652; x_wconf 79' lang='grc' dir='ltr'>δόξης,</span> <span class='ocrx_word' id='word_1_272' title='bbox 407 2585 499 2637; x_wconf 77' lang='grc' dir='ltr'>καὶ</span> <span class='ocrx_word' id='word_1_273' title='bbox 519 2587 866 2651; x_wconf 82' lang='grc' dir='ltr'><strong>ἀπολαύσεως</strong></span> <span class='ocrx_word' id='word_1_274' title='bbox 889 2590 1186 2654; x_wconf 72' lang='grc' dir='ltr'><strong>ἀξιοῦνται.</strong></span> 
     </span>
    </p>
   </div>
   <div class='ocr_carea' id='block_1_47' title="bbox 160 2671 1651 2753">
    <p class='ocr_par' dir='ltr' id='par_1_47' title="bbox 160 2671 1651 2753">
     <span class='ocr_line' id='line_1_47' title="bbox 160 2671 1651 2753; baseline 0.011 -30"><span class='ocrx_word' id='word_1_275' title='bbox 160 2671 243 2724; x_wconf 85' lang='grc'><strong>97.</strong></span> <span class='ocrx_word' id='word_1_276' title='bbox 271 2674 354 2736; x_wconf 84' lang='grc' dir='ltr'>Ὠς</span> <span class='ocrx_word' id='word_1_277' title='bbox 385 2675 539 2742; x_wconf 83' lang='grc' dir='ltr'>μόνος</span> <span class='ocrx_word' id='word_1_278' title='bbox 561 2677 810 2748; x_wconf 71' lang='grc' dir='ltr'>ἠρξάμην</span> <span class='ocrx_word' id='word_1_279' title='bbox 833 2680 1053 2751; x_wconf 77' lang='grc' dir='ltr'>ἀγαπᾷν</span> <span class='ocrx_word' id='word_1_280' title='bbox 1075 2681 1164 2733; x_wconf 79' lang='grc' dir='ltr'>τὸν</span> <span class='ocrx_word' id='word_1_281' title='bbox 1180 2683 1342 2753; x_wconf 83' lang='grc' dir='ltr'>νόμον</span> <span class='ocrx_word' id='word_1_282' title='bbox 1369 2701 1482 2747; x_wconf 91' lang='grc' dir='ltr'>σου,</span> <span class='ocrx_word' id='word_1_283' title='bbox 1507 2687 1651 2740; x_wconf 73' lang='grc' dir='ltr'>ἀδιαο</span> 
     </span>
    </p>
   </div>
   <div class='ocr_carea' id='block_1_48' title="bbox 94 2762 1613 2848">
    <p class='ocr_par' dir='ltr' id='par_1_48' title="bbox 94 2762 1613 2848">
     <span class='ocr_line' id='line_1_48' title="bbox 94 2762 1613 2848; baseline 0.013 -34"><span class='ocrx_word' id='word_1_284' title='bbox 94 2762 315 2828; x_wconf 84' lang='grc' dir='ltr'>λείπτως</span> <span class='ocrx_word' id='word_1_285' title='bbox 338 2766 522 2820; x_wconf 79' lang='grc' dir='ltr'>λοιπὸν</span> <span class='ocrx_word' id='word_1_286' title='bbox 547 2769 866 2841; x_wconf 76' lang='grc' dir='ltr'>φωτίζομαι,</span> <span class='ocrx_word' id='word_1_287' title='bbox 891 2773 983 2824; x_wconf 81' lang='grc' dir='ltr'>καὶ</span> <span class='ocrx_word' id='word_1_288' title='bbox 1018 2774 1344 2845; x_wconf 79' lang='grc' dir='ltr'>προσκόπτω</span> <span class='ocrx_word' id='word_1_289' title='bbox 1362 2779 1420 2829; x_wconf 86' lang='grc' dir='ltr'><strong>ἐν</strong></span> <span class='ocrx_word' id='word_1_290' title='bbox 1443 2777 1613 2848; x_wconf 81' lang='grc' dir='ltr'>αὐτῷ.</span> 
     </span>
    </p>
   </div>
   <div class='ocr_carea' id='block_1_49' title="bbox 158 2855 1650 2934">
    <p class='ocr_par' dir='ltr' id='par_1_49' title="bbox 158 2855 1650 2934">
     <span class='ocr_line' id='line_1_49' title="bbox 158 2855 1650 2934; baseline 0.012 -27"><span class='ocrx_word' id='word_1_291' title='bbox 158 2855 240 2908; x_wconf 88' lang='grc'><strong>98.</strong></span> <span class='ocrx_word' id='word_1_292' title='bbox 275 2856 407 2920; x_wconf 83' lang='grc' dir='ltr'>Ταῖς</span> <span class='ocrx_word' id='word_1_293' title='bbox 431 2860 536 2930; x_wconf 77' lang='grc' dir='ltr'><strong>γάρ</strong></span> <span class='ocrx_word' id='word_1_294' title='bbox 557 2862 826 2926; x_wconf 91' lang='grc' dir='ltr'>ἐναντίαις</span> <span class='ocrx_word' id='word_1_295' title='bbox 850 2864 1109 2934; x_wconf 86' lang='grc' dir='ltr'>δυνάμεσι</span> <span class='ocrx_word' id='word_1_296' title='bbox 1145 2867 1236 2919; x_wconf 80' lang='grc' dir='ltr'>καὶ</span> <span class='ocrx_word' id='word_1_297' title='bbox 1258 2870 1393 2922; x_wconf 80' lang='grc' dir='ltr'>πᾶσι</span> <span class='ocrx_word' id='word_1_298' title='bbox 1422 2873 1534 2934; x_wconf 86' lang='grc' dir='ltr'>τοῖς</span> <span class='ocrx_word' id='word_1_299' title='bbox 1563 2874 1650 2924; x_wconf 84' lang='grc' dir='ltr'>αἰ-</span> 
     </span>
    </p>
   </div>
   <div class='ocr_carea' id='block_1_50' title="bbox 93 2947 1650 3026">
    <p class='ocr_par' dir='ltr' id='par_1_50' title="bbox 93 2947 1650 3026">
     <span class='ocr_line' id='line_1_50' title="bbox 93 2947 1650 3026; baseline 0.013 -33"><span class='ocrx_word' id='word_1_300' title='bbox 93 2947 318 3013; x_wconf 80' lang='grc' dir='ltr'>ρετικοῖς</span> <span class='ocrx_word' id='word_1_301' title='bbox 341 2947 441 2998; x_wconf 85' lang='grc' dir='ltr'>οὐκ</span> <span class='ocrx_word' id='word_1_302' title='bbox 466 2948 670 3013; x_wconf 80' lang='grc' dir='ltr'>ἔδωκας</span> <span class='ocrx_word' id='word_1_303' title='bbox 690 2952 944 3022; x_wconf 80' lang='grc' dir='ltr'>τοιαύτην</span> <span class='ocrx_word' id='word_1_304' title='bbox 972 2954 1152 3024; x_wconf 84' lang='grc' dir='ltr'><strong>χάριν,</strong></span> <span class='ocrx_word' id='word_1_305' title='bbox 1179 2955 1254 3019; x_wconf 86' lang='grc' dir='ltr'><strong>ὡς</strong></span> <span class='ocrx_word' id='word_1_306' title='bbox 1278 2957 1424 3026; x_wconf 77' lang='grc' dir='ltr'>ἐμοὶ,</span> <span class='ocrx_word' id='word_1_307' title='bbox 1449 2960 1543 3011; x_wconf 85' lang='grc' dir='ltr'>τοῦ</span> <span class='ocrx_word' id='word_1_308' title='bbox 1573 2963 1650 3014; x_wconf 84' lang='grc' dir='ltr'>εί-</span> 
     </span>
    </p>
   </div>
   <div class='ocr_carea' id='block_1_51' title="bbox 91 3038 1651 3121">
    <p class='ocr_par' dir='ltr' id='par_1_51' title="bbox 91 3038 1651 3121">
     <span class='ocr_line' id='line_1_51' title="bbox 91 3038 1651 3121; baseline 0.007 -29"><span class='ocrx_word' id='word_1_309' title='bbox 91 3038 228 3092; x_wconf 75' lang='grc' dir='ltr'>δέναι</span> <span class='ocrx_word' id='word_1_310' title='bbox 251 3040 348 3103; x_wconf 90' lang='grc' dir='ltr'><strong>τάς</strong></span> <span class='ocrx_word' id='word_1_311' title='bbox 368 3040 584 3104; x_wconf 87' lang='grc' dir='ltr'>ἐντολάς</span> <span class='ocrx_word' id='word_1_312' title='bbox 609 3059 726 3107; x_wconf 89' lang='grc' dir='ltr'>σου,</span> <span class='ocrx_word' id='word_1_313' title='bbox 751 3044 832 3096; x_wconf 82' lang='grc' dir='ltr'><strong>ὅτι</strong></span> <span class='ocrx_word' id='word_1_314' title='bbox 858 3045 979 3115; x_wconf 89' lang='grc' dir='ltr'><strong>ἐμοί</strong></span> <span class='ocrx_word' id='word_1_315' title='bbox 1012 3045 1367 3111; x_wconf 77' lang='grc' dir='ltr'>ἀδιαλείπτως</span> <span class='ocrx_word' id='word_1_316' title='bbox 1390 3049 1651 3121; x_wconf 76' lang='grc' dir='ltr'><strong>ἐδωρήσω</strong></span> 
     </span>
    </p>
   </div>
   <div class='ocr_carea' id='block_1_52' title="bbox 91 3131 592 3205">
    <p class='ocr_par' dir='ltr' id='par_1_52' title="bbox 91 3131 592 3205">
     <span class='ocr_line' id='line_1_52' title="bbox 91 3131 592 3205; baseline 0.008 -23"><span class='ocrx_word' id='word_1_317' title='bbox 91 3131 182 3202; x_wconf 74' lang='grc' dir='ltr'>τὴν</span> <span class='ocrx_word' id='word_1_318' title='bbox 212 3131 371 3202; x_wconf 84' lang='grc' dir='ltr'>χάριν</span> <span class='ocrx_word' id='word_1_319' title='bbox 404 3134 592 3205; x_wconf 76' lang='grc' dir='ltr'>αὐτήν.</span> 
     </span>
    </p>
   </div>
   <div class='ocr_carea' id='block_1_53' title="bbox 155 3223 1653 3303">
    <p class='ocr_par' dir='ltr' id='par_1_53' title="bbox 155 3223 1653 3303">
     <span class='ocr_line' id='line_1_53' title="bbox 155 3223 1653 3303; baseline 0.005 -26"><span class='ocrx_word' id='word_1_320' title='bbox 155 3223 238 3278; x_wconf 87' lang='lat'><strong>99.</strong></span> <span class='ocrx_word' id='word_1_321' title='bbox 285 3225 456 3296; x_wconf 77' lang='grc' dir='ltr'>Ὑπὲρ</span> <span class='ocrx_word' id='word_1_322' title='bbox 481 3228 604 3290; x_wconf 77' lang='grc' dir='ltr'>τοὺς</span> <span class='ocrx_word' id='word_1_323' title='bbox 642 3226 1026 3298; x_wconf 81' lang='grc' dir='ltr'>παλαιοτέρους</span> <span class='ocrx_word' id='word_1_324' title='bbox 1055 3245 1152 3299; x_wconf 87' lang='grc' dir='ltr'>μου</span> <span class='ocrx_word' id='word_1_325' title='bbox 1192 3233 1259 3301; x_wconf 84' lang='grc' dir='ltr'><strong>τῇ</strong></span> <span class='ocrx_word' id='word_1_326' title='bbox 1296 3231 1481 3303; x_wconf 78' lang='grc' dir='ltr'>ἡλικίᾳ</span> <span class='ocrx_word' id='word_1_327' title='bbox 1511 3234 1653 3301; x_wconf 80' lang='grc' dir='ltr'>ἐφω-</span> 
     </span>
    </p>
   </div>
   <div class='ocr_carea' id='block_1_54' title="bbox 89 3313 1651 3390">
    <p class='ocr_par' dir='ltr' id='par_1_54' title="bbox 89 3313 1651 3390">
     <span class='ocr_line' id='line_1_54' title="bbox 89 3313 1651 3390; baseline 0.006 -26"><span class='ocrx_word' id='word_1_328' title='bbox 89 3313 268 3383; x_wconf 74' lang='grc' dir='ltr'>τίσϐην</span> <span class='ocrx_word' id='word_1_329' title='bbox 288 3315 357 3367; x_wconf 89' lang='grc' dir='ltr'><strong>τά</strong></span> <span class='ocrx_word' id='word_1_330' title='bbox 386 3315 540 3382; x_wconf 79' lang='grc' dir='ltr'>λόγιά</span> <span class='ocrx_word' id='word_1_331' title='bbox 571 3333 683 3381; x_wconf 88' lang='grc' dir='ltr'>σου,</span> <span class='ocrx_word' id='word_1_332' title='bbox 724 3317 806 3368; x_wconf 87' lang='grc' dir='ltr'>ὃτι</span> <span class='ocrx_word' id='word_1_333' title='bbox 830 3316 1022 3380; x_wconf 78' lang='grc' dir='ltr'>νυκτὸς</span> <span class='ocrx_word' id='word_1_334' title='bbox 1068 3319 1160 3370; x_wconf 79' lang='grc' dir='ltr'>καὶ</span> <span class='ocrx_word' id='word_1_335' title='bbox 1203 3319 1416 3390; x_wconf 77' lang='grc' dir='ltr'>ἡμέρας</span> <span class='ocrx_word' id='word_1_336' title='bbox 1446 3321 1503 3372; x_wconf 80' lang='grc' dir='ltr'><strong>ἐν</strong></span> <span class='ocrx_word' id='word_1_337' title='bbox 1552 3322 1651 3375; x_wconf 86' lang='grc' dir='ltr'>αύ-</span> 
     </span>
    </p>
   </div>
   <div class='ocr_carea' id='block_1_55' title="bbox 89 3407 455 3474">
    <p class='ocr_par' dir='ltr' id='par_1_55' title="bbox 89 3407 455 3474">
     <span class='ocr_line' id='line_1_55' title="bbox 89 3407 455 3474; baseline 0.011 -20"><span class='ocrx_word' id='word_1_338' title='bbox 89 3409 193 3467; x_wconf 59' lang='grc' dir='ltr'>τοῖς</span> <span class='ocrx_word' id='word_1_339' title='bbox 227 3407 455 3474; x_wconf 81' lang='grc' dir='ltr'><strong>μελετῶ.</strong></span> 
     </span>
    </p>
   </div>
   <div class='ocr_carea' id='block_1_56' title="bbox 156 3495 1652 3569">
    <p class='ocr_par' dir='ltr' id='par_1_56' title="bbox 156 3495 1652 3569">
     <span class='ocr_line' id='line_1_56' title="bbox 156 3495 1652 3569; baseline 0.003 -21"><span class='ocrx_word' id='word_1_340' title='bbox 156 3497 273 3550; x_wconf 90' lang='grc'><strong>100.</strong></span> <span class='ocrx_word' id='word_1_341' title='bbox 306 3497 476 3568; x_wconf 83' lang='grc' dir='ltr'><strong>’Υπὲρ</strong></span> <span class='ocrx_word' id='word_1_342' title='bbox 505 3498 630 3558; x_wconf 79' lang='grc' dir='ltr'>τοὺς</span> <span class='ocrx_word' id='word_1_343' title='bbox 656 3498 762 3568; x_wconf 85' lang='grc' dir='ltr'>πρὸ</span> <span class='ocrx_word' id='word_1_344' title='bbox 790 3495 923 3567; x_wconf 85' lang='grc' dir='ltr'>ἐμοῦ</span> <span class='ocrx_word' id='word_1_345' title='bbox 944 3497 1102 3560; x_wconf 73' lang='grc' dir='ltr'>ὄντας</span> <span class='ocrx_word' id='word_1_346' title='bbox 1122 3499 1187 3567; x_wconf 80' lang='grc' dir='ltr'><strong>τῇ</strong></span> <span class='ocrx_word' id='word_1_347' title='bbox 1217 3497 1413 3566; x_wconf 82' lang='grc' dir='ltr'>γνώσει</span> <span class='ocrx_word' id='word_1_348' title='bbox 1445 3500 1652 3569; x_wconf 79' lang='grc' dir='ltr'>συνῆκα</span> 
     </span>
    </p>
   </div>
   <div class='ocr_carea' id='block_1_57' title="bbox 85 3586 1651 3660">
    <p class='ocr_par' dir='ltr' id='par_1_57' title="bbox 85 3586 1651 3660">
     <span class='ocr_line' id='line_1_57' title="bbox 85 3586 1651 3660; baseline 0.003 -21"><span class='ocrx_word' id='word_1_349' title='bbox 85 3586 178 3656; x_wconf 78' lang='grc' dir='ltr'>τὴν</span> <span class='ocrx_word' id='word_1_350' title='bbox 240 3587 469 3659; x_wconf 86' lang='grc' dir='ltr'>δύναμιν</span> <span class='ocrx_word' id='word_1_351' title='bbox 528 3588 636 3641; x_wconf 85' lang='grc' dir='ltr'><strong>τῶν</strong></span> <span class='ocrx_word' id='word_1_352' title='bbox 692 3589 943 3660; x_wconf 78' lang='grc' dir='ltr'>Γραφῶν,</span> <span class='ocrx_word' id='word_1_353' title='bbox 1005 3590 1086 3642; x_wconf 82' lang='grc' dir='ltr'>ὅτι</span> <span class='ocrx_word' id='word_1_354' title='bbox 1133 3590 1229 3652; x_wconf 86' lang='grc' dir='ltr'><strong>τάς</strong></span> <span class='ocrx_word' id='word_1_355' title='bbox 1282 3590 1501 3654; x_wconf 88' lang='grc' dir='ltr'>ἐντολάς</span> <span class='ocrx_word' id='word_1_356' title='bbox 1557 3609 1651 3645; x_wconf 90' lang='grc' dir='ltr'>σου</span> 
     </span>
    </p>
   </div>
   <div class='ocr_carea' id='block_1_58' title="bbox 91 3679 344 3749">
    <p class='ocr_par' dir='ltr' id='par_1_58' title="bbox 91 3679 344 3749">
     <span class='ocr_line' id='line_1_58' title="bbox 91 3679 344 3749; baseline 0.012 -19"><span class='ocrx_word' id='word_1_357' title='bbox 91 3679 344 3749; x_wconf 66' lang='grc' dir='ltr'>ὲπὸθησα.</span> 
     </span>
    </p>
   </div>
   <div class='ocr_carea' id='block_1_59' title="bbox 160 3772 1650 3845">
    <p class='ocr_par' dir='ltr' id='par_1_59' title="bbox 160 3772 1650 3845">
     <span class='ocr_line' id='line_1_59' title="bbox 160 3772 1650 3845; baseline 0 -21"><span class='ocrx_word' id='word_1_358' title='bbox 160 3773 269 3828; x_wconf 84' lang='grc'><strong>101.</strong></span> <span class='ocrx_word' id='word_1_359' title='bbox 310 3773 444 3826; x_wconf 84' lang='grc' dir='ltr'>’Λπὺ</span> <span class='ocrx_word' id='word_1_360' title='bbox 476 3772 655 3843; x_wconf 85' lang='grc' dir='ltr'>πάσης</span> <span class='ocrx_word' id='word_1_361' title='bbox 701 3774 972 3844; x_wconf 81' lang='grc' dir='ltr'>ἁμαρτίας</span> <span class='ocrx_word' id='word_1_362' title='bbox 1020 3774 1261 3844; x_wconf 80' lang='grc' dir='ltr'>πονηρᾶς</span> <span class='ocrx_word' id='word_1_363' title='bbox 1306 3774 1650 3845; x_wconf 82' lang='grc' dir='ltr'>ἐπαυσάμην,</span> 
     </span>
    </p>
   </div>
   <div class='ocr_carea' id='block_1_60' title="bbox 85 3860 1556 3935">
    <p class='ocr_par' dir='ltr' id='par_1_60' title="bbox 85 3860 1556 3935">
     <span class='ocr_line' id='line_1_60' title="bbox 85 3860 1556 3935; baseline 0.003 -24"><span class='ocrx_word' id='word_1_364' title='bbox 85 3860 223 3924; x_wconf 77' lang='grc' dir='ltr'>ὅπως</span> <span class='ocrx_word' id='word_1_365' title='bbox 263 3863 537 3933; x_wconf 84' lang='grc' dir='ltr'>πληρώσω</span> <span class='ocrx_word' id='word_1_366' title='bbox 568 3866 647 3926; x_wconf 89' lang='grc' dir='ltr'><strong>εἰς</strong></span> <span class='ocrx_word' id='word_1_367' title='bbox 680 3864 741 3916; x_wconf 86' lang='grc' dir='ltr'><strong>σέ</strong></span> <span class='ocrx_word' id='word_1_368' title='bbox 787 3865 879 3918; x_wconf 72' lang='grc' dir='ltr'>καὶ</span> <span class='ocrx_word' id='word_1_369' title='bbox 912 3864 1002 3917; x_wconf 82' lang='grc' dir='ltr'><strong>τὸν</strong></span> <span class='ocrx_word' id='word_1_370' title='bbox 1061 3863 1289 3935; x_wconf 80' lang='grc' dir='ltr'>πλησίον</span> <span class='ocrx_word' id='word_1_371' title='bbox 1316 3865 1556 3935; x_wconf 80' lang='grc' dir='ltr'>ἀγάπην.</span> 
     </span>
    </p>
   </div>
   <div class='ocr_carea' id='block_1_61' title="bbox 151 3951 1649 4024">
    <p class='ocr_par' dir='ltr' id='par_1_61' title="bbox 151 3951 1649 4024">
     <span class='ocr_line' id='line_1_61' title="bbox 151 3951 1649 4024; baseline 0.003 -20"><span class='ocrx_word' id='word_1_372' title='bbox 151 3951 267 4005; x_wconf 76' lang='grc'><strong>102.</strong></span> <span class='ocrx_word' id='word_1_373' title='bbox 315 3954 403 4004; x_wconf 89' lang='grc' dir='ltr'>Ἐν</span> <span class='ocrx_word' id='word_1_374' title='bbox 431 3956 543 4016; x_wconf 83' lang='grc' dir='ltr'>τοῖς</span> <span class='ocrx_word' id='word_1_375' title='bbox 583 3954 960 4024; x_wconf 87' lang='grc' dir='ltr'>προστάγμασί</span> <span class='ocrx_word' id='word_1_376' title='bbox 987 3971 1081 4007; x_wconf 94' lang='grc' dir='ltr'><strong>σου</strong></span> <span class='ocrx_word' id='word_1_377' title='bbox 1128 3954 1355 4022; x_wconf 77' lang='grc' dir='ltr'>πλαγείς</span> <span class='ocrx_word' id='word_1_378' title='bbox 1377 3957 1479 4008; x_wconf 80' lang='grc' dir='ltr'>οὐκ</span> <span class='ocrx_word' id='word_1_379' title='bbox 1521 3959 1649 4009; x_wconf 73' lang='grc' dir='ltr'>ἐποο</span> 
     </span>
    </p>
   </div>
   <div class='ocr_carea' id='block_1_62' title="bbox 86 4041 1646 4119">
    <p class='ocr_par' dir='ltr' id='par_1_62' title="bbox 86 4041 1646 4119">
     <span class='ocr_line' id='line_1_62' title="bbox 86 4041 1646 4119; baseline 0.004 -26"><span class='ocrx_word' id='word_1_380' title='bbox 86 4041 263 4112; x_wconf 80' lang='grc' dir='ltr'>ρεύθη,</span> <span class='ocrx_word' id='word_1_381' title='bbox 291 4044 374 4095; x_wconf 82' lang='grc' dir='ltr'>ὃτι</span> <span class='ocrx_word' id='word_1_382' title='bbox 400 4045 465 4097; x_wconf 82' lang='grc' dir='ltr'>σὺ</span> <span class='ocrx_word' id='word_1_383' title='bbox 499 4044 597 4113; x_wconf 83' lang='grc' dir='ltr'>τῆς</span> <span class='ocrx_word' id='word_1_384' title='bbox 625 4045 842 4115; x_wconf 84' lang='grc' dir='ltr'>χάριτός</span> <span class='ocrx_word' id='word_1_385' title='bbox 874 4062 967 4098; x_wconf 82' lang='grc' dir='ltr'>σου</span> <span class='ocrx_word' id='word_1_386' title='bbox 996 4045 1343 4118; x_wconf 83' lang='grc' dir='ltr'>[ἐπορεύθην,</span> <span class='ocrx_word' id='word_1_387' title='bbox 1374 4048 1459 4100; x_wconf 83' lang='grc' dir='ltr'><strong>ὃτι</strong></span> <span class='ocrx_word' id='word_1_388' title='bbox 1486 4050 1549 4100; x_wconf 86' lang='grc' dir='ltr'>σὺ</span> <span class='ocrx_word' id='word_1_389' title='bbox 1581 4053 1646 4119; x_wconf 78' lang='grc' dir='ltr'><strong>τῇ</strong></span> 
     </span>
    </p>
   </div>
   <div class='ocr_carea' id='block_1_63' title="bbox 84 4135 833 4209">
    <p class='ocr_par' dir='ltr' id='par_1_63' title="bbox 84 4135 833 4209">
     <span class='ocr_line' id='line_1_63' title="bbox 84 4135 833 4209; baseline 0.004 -21"><span class='ocrx_word' id='word_1_390' title='bbox 84 4136 253 4204; x_wconf 81' lang='grc' dir='ltr'>χάριτί</span> <span class='ocrx_word' id='word_1_391' title='bbox 287 4135 406 4209; x_wconf 77' lang='grc' dir='ltr'>σου]</span> <span class='ocrx_word' id='word_1_392' title='bbox 433 4136 716 4208; x_wconf 82' lang='grc' dir='ltr'>ὁδηγήσεις</span> <span class='ocrx_word' id='word_1_393' title='bbox 746 4154 833 4207; x_wconf 87' lang='grc' dir='ltr'>με.</span> 
     </span>
    </p>
   </div>
   <div class='ocr_carea' id='block_1_64' title="bbox 150 4228 1644 4305">
    <p class='ocr_par' dir='ltr' id='par_1_64' title="bbox 150 4228 1644 4305">
     <span class='ocr_line' id='line_1_64' title="bbox 150 4228 1644 4305; baseline 0.005 -27"><span class='ocrx_word' id='word_1_394' title='bbox 150 4228 266 4282; x_wconf 81' lang='grc'><strong>105.</strong></span> <span class='ocrx_word' id='word_1_395' title='bbox 297 4229 371 4281; x_wconf 83' lang='grc' dir='ltr'><strong>Τὸ</strong></span> <span class='ocrx_word' id='word_1_396' title='bbox 399 4230 497 4300; x_wconf 86' lang='grc' dir='ltr'><strong>μὲν</strong></span> <span class='ocrx_word' id='word_1_397' title='bbox 525 4229 736 4300; x_wconf 84' lang='grc' dir='ltr'>πρῶτον</span> <span class='ocrx_word' id='word_1_398' title='bbox 797 4229 962 4282; x_wconf 81' lang='grc' dir='ltr'>ίδικὸν</span> <span class='ocrx_word' id='word_1_399' title='bbox 990 4229 1147 4283; x_wconf 82' lang='grc' dir='ltr'>τοῦτό</span> <span class='ocrx_word' id='word_1_400' title='bbox 1183 4232 1322 4296; x_wconf 86' lang='grc' dir='ltr'>ἐστι,</span> <span class='ocrx_word' id='word_1_401' title='bbox 1372 4233 1453 4285; x_wconf 78' lang='grc' dir='ltr'>ὅτι</span> <span class='ocrx_word' id='word_1_402' title='bbox 1507 4233 1644 4305; x_wconf 82' lang='grc' dir='ltr'><strong>ὑπὲρ</strong></span> 
     </span>
    </p>
   </div>
   <div class='ocr_carea' id='block_1_65' title="bbox 79 4319 1642 4396">
    <p class='ocr_par' dir='ltr' id='par_1_65' title="bbox 79 4319 1642 4396">
     <span class='ocr_line' id='line_1_65' title="bbox 79 4319 1642 4396; baseline 0.005 -25"><span class='ocrx_word' id='word_1_403' title='bbox 79 4319 139 4371; x_wconf 81' lang='grc' dir='ltr'>τὸ</span> <span class='ocrx_word' id='word_1_404' title='bbox 171 4321 288 4390; x_wconf 89' lang='grc' dir='ltr'>μέλι</span> <span class='ocrx_word' id='word_1_405' title='bbox 308 4321 618 4392; x_wconf 85' lang='grc' dir='ltr'>γλυκύτερά</span> <span class='ocrx_word' id='word_1_406' title='bbox 639 4324 741 4375; x_wconf 86' lang='grc' dir='ltr'>εἰσι</span> <span class='ocrx_word' id='word_1_407' title='bbox 770 4323 836 4376; x_wconf 81' lang='grc' dir='ltr'><strong>τά</strong></span> <span class='ocrx_word' id='word_1_408' title='bbox 865 4322 1020 4390; x_wconf 88' lang='grc' dir='ltr'>λόγιά</span> <span class='ocrx_word' id='word_1_409' title='bbox 1044 4339 1158 4375; x_wconf 71' lang='grc' dir='ltr'>σου*</span> <span class='ocrx_word' id='word_1_410' title='bbox 1192 4325 1367 4378; x_wconf 86' lang='grc' dir='ltr'>ἐκεῖνο</span> <span class='ocrx_word' id='word_1_411' title='bbox 1391 4325 1496 4396; x_wconf 78' lang='grc' dir='ltr'><strong>γάρ</strong></span> <span class='ocrx_word' id='word_1_412' title='bbox 1520 4325 1642 4378; x_wconf 71' lang='grc' dir='ltr'>οὔτε</span> 
     </span>
    </p>
   </div>
   <div class='ocr_carea' id='block_1_66' title="bbox 80 4411 1640 4486">
    <p class='ocr_par' dir='ltr' id='par_1_66' title="bbox 80 4411 1640 4486">
     <span class='ocr_line' id='line_1_66' title="bbox 80 4411 1640 4486; baseline 0.003 -24"><span class='ocrx_word' id='word_1_413' title='bbox 80 4413 155 4474; x_wconf 84' lang='grc' dir='ltr'><strong>εἰς</strong></span> <span class='ocrx_word' id='word_1_414' title='bbox 180 4413 276 4482; x_wconf 77' lang='grc' dir='ltr'><strong>τὴν</strong></span> <span class='ocrx_word' id='word_1_415' title='bbox 336 4411 563 4483; x_wconf 79' lang='grc' dir='ltr'>καρδίαν</span> <span class='ocrx_word' id='word_1_416' title='bbox 603 4430 704 4481; x_wconf 88' lang='grc' dir='ltr'><strong>μου</strong></span> <span class='ocrx_word' id='word_1_417' title='bbox 738 4413 1072 4483; x_wconf 78' lang='grc' dir='ltr'>εἰσέρχονται</span> <span class='ocrx_word' id='word_1_418' title='bbox 1121 4411 1495 4486; x_wconf 86' lang='grc' dir='ltr'>[είσέρχεται].</span> <span class='ocrx_word' id='word_1_419' title='bbox 1549 4417 1640 4467; x_wconf 72' lang='grc' dir='ltr'>καὶ</span> 
     </span>
    </p>
   </div>
   <div class='ocr_carea' id='block_1_67' title="bbox 1757 2502 3319 2588">
    <p class='ocr_par' dir='ltr' id='par_1_67' title="bbox 1757 2502 3319 2588">
     <span class='ocr_line' id='line_1_67' title="bbox 1757 2502 3319 2588; baseline 0.012 -32"><span class='ocrx_word' id='word_1_420' title='bbox 1757 2517 1914 2556; x_wconf 91' lang='lat' dir='ltr'><strong>nem:</strong></span> <span class='ocrx_word' id='word_1_421' title='bbox 1947 2502 2317 2559; x_wconf 87' lang='lat' dir='ltr'><strong>custodientes</strong></span> <span class='ocrx_word' id='word_1_422' title='bbox 2375 2513 2554 2561; x_wconf 89' lang='lat' dir='ltr'><strong>autem</strong></span> <span class='ocrx_word' id='word_1_423' title='bbox 2607 2511 2922 2567; x_wconf 82' lang='lat' dir='ltr'><strong>mandatum</strong></span> <span class='ocrx_word' id='word_1_424' title='bbox 2979 2525 3128 2570; x_wconf 91' lang='lat' dir='ltr'><strong>tuum</strong></span> <span class='ocrx_word' id='word_1_425' title='bbox 3175 2520 3319 2588; x_wconf 76' lang='lat' dir='ltr'><strong>digni</strong></span> 
     </span>
    </p>
   </div>
   <div class='ocr_carea' id='block_1_68' title="bbox 1751 2589 2984 2673">
    <p class='ocr_par' dir='ltr' id='par_1_68' title="bbox 1751 2589 2984 2673">
     <span class='ocr_line' id='line_1_68' title="bbox 1751 2589 2984 2673; baseline 0.011 -27"><span class='ocrx_word' id='word_1_426' title='bbox 1751 2589 1877 2648; x_wconf 80' lang='lat' dir='ltr'><strong>facti</strong></span> <span class='ocrx_word' id='word_1_427' title='bbox 1907 2601 2034 2648; x_wconf 91' lang='lat' dir='ltr'><strong>sunt</strong></span> <span class='ocrx_word' id='word_1_428' title='bbox 2061 2593 2350 2650; x_wconf 86' lang='lat' dir='ltr'><strong>intermina</strong></span> <span class='ocrx_word' id='word_1_429' title='bbox 2375 2597 2568 2666; x_wconf 78' lang='lat' dir='ltr'><strong>gloria,</strong></span> <span class='ocrx_word' id='word_1_430' title='bbox 2605 2609 2658 2654; x_wconf 90' lang='lat' dir='ltr'><strong>et</strong></span> <span class='ocrx_word' id='word_1_431' title='bbox 2689 2603 2984 2673; x_wconf 82' lang='lat' dir='ltr'><strong>voluptate.</strong></span> 
     </span>
    </p>
   </div>
   <div class='ocr_carea' id='block_1_69' title="bbox 1822 2681 3316 2765">
    <p class='ocr_par' dir='ltr' id='par_1_69' title="bbox 1822 2681 3316 2765">
     <span class='ocr_line' id='line_1_69' title="bbox 1822 2681 3316 2765; baseline 0.015 -29"><span class='ocrx_word' id='word_1_432' title='bbox 1822 2682 1908 2736; x_wconf 87' lang='lat'><strong>97.</strong></span> <span class='ocrx_word' id='word_1_433' title='bbox 1945 2681 2012 2738; x_wconf 86' lang='lat' dir='ltr'><strong>Ut</strong></span> <span class='ocrx_word' id='word_1_434' title='bbox 2040 2684 2217 2739; x_wconf 90' lang='lat' dir='ltr'><strong>solum</strong></span> <span class='ocrx_word' id='word_1_435' title='bbox 2261 2687 2400 2755; x_wconf 72' lang='lat' dir='ltr'><strong>coepi</strong></span> <span class='ocrx_word' id='word_1_436' title='bbox 2435 2688 2655 2759; x_wconf 77' lang='lat' dir='ltr'><strong>diligere</strong></span> <span class='ocrx_word' id='word_1_437' title='bbox 2699 2691 2865 2764; x_wconf 85' lang='lat' dir='ltr'><strong>legem</strong></span> <span class='ocrx_word' id='word_1_438' title='bbox 2902 2706 3083 2765; x_wconf 89' lang='lat' dir='ltr'><strong>tuam,</strong></span> <span class='ocrx_word' id='word_1_439' title='bbox 3116 2699 3316 2758; x_wconf 84' lang='lat' dir='ltr'><strong>indesi-</strong></span> 
     </span>
    </p>
   </div>
   <div class='ocr_carea' id='block_1_70' title="bbox 1751 2777 3076 2859">
    <p class='ocr_par' dir='ltr' id='par_1_70' title="bbox 1751 2777 3076 2859">
     <span class='ocr_line' id='line_1_70' title="bbox 1751 2777 3076 2859; baseline 0.013 -30"><span class='ocrx_word' id='word_1_440' title='bbox 1751 2785 1944 2831; x_wconf 88' lang='lat' dir='ltr'><strong>nenter</strong></span> <span class='ocrx_word' id='word_1_441' title='bbox 1975 2787 2160 2846; x_wconf 88' lang='lat' dir='ltr'><strong>postea</strong></span> <span class='ocrx_word' id='word_1_442' title='bbox 2197 2777 2498 2844; x_wconf 86' lang='lat' dir='ltr'><strong>illuminor,</strong></span> <span class='ocrx_word' id='word_1_443' title='bbox 2530 2791 2585 2836; x_wconf 88' lang='lat' dir='ltr'><strong>et</strong></span> <span class='ocrx_word' id='word_1_444' title='bbox 2610 2784 2834 2850; x_wconf 79' lang='lat' dir='ltr'><strong>proﬁcio</strong></span> <span class='ocrx_word' id='word_1_445' title='bbox 2857 2786 2910 2841; x_wconf 89' lang='lat' dir='ltr'><strong>in</strong></span> <span class='ocrx_word' id='word_1_446' title='bbox 2937 2789 3076 2859; x_wconf 91' lang='lat' dir='ltr'><strong>ipsa.</strong></span> 
     </span>
    </p>
   </div>
   <div class='ocr_carea' id='block_1_71' title="bbox 1820 2865 3313 2939">
    <p class='ocr_par' dir='ltr' id='par_1_71' title="bbox 1820 2865 3313 2939">
     <span class='ocr_line' id='line_1_71' title="bbox 1820 2865 3313 2939; baseline 0.013 -20"><span class='ocrx_word' id='word_1_447' title='bbox 1820 2865 1908 2920; x_wconf 90' lang='lat'><strong>98.</strong></span> <span class='ocrx_word' id='word_1_448' title='bbox 1945 2865 2080 2920; x_wconf 81' lang='lat' dir='ltr'><strong>Nam</strong></span> <span class='ocrx_word' id='word_1_449' title='bbox 2108 2868 2397 2922; x_wconf 85' lang='lat' dir='ltr'><strong>contrariis</strong></span> <span class='ocrx_word' id='word_1_450' title='bbox 2425 2873 2805 2939; x_wconf 85' lang='lat' dir='ltr'><strong>potestatibus,</strong></span> <span class='ocrx_word' id='word_1_451' title='bbox 2833 2885 2890 2930; x_wconf 90' lang='lat' dir='ltr'><strong>et</strong></span> <span class='ocrx_word' id='word_1_452' title='bbox 2914 2880 3170 2937; x_wconf 83' lang='lat' dir='ltr'><strong>omnibus</strong></span> <span class='ocrx_word' id='word_1_453' title='bbox 3202 2883 3313 2937; x_wconf 69' lang='lat' dir='ltr'><strong>bte-</strong></span> 
     </span>
    </p>
   </div>
   <div class='ocr_carea' id='block_1_72' title="bbox 1748 2958 3311 3038">
    <p class='ocr_par' dir='ltr' id='par_1_72' title="bbox 1748 2958 3311 3038">
     <span class='ocr_line' id='line_1_72' title="bbox 1748 2958 3311 3038; baseline 0.011 -27"><span class='ocrx_word' id='word_1_454' title='bbox 1748 2958 1933 3014; x_wconf 89' lang='lat' dir='ltr'><strong>reticis</strong></span> <span class='ocrx_word' id='word_1_455' title='bbox 1957 2975 2064 3014; x_wconf 92' lang='lat' dir='ltr'><strong>non</strong></span> <span class='ocrx_word' id='word_1_456' title='bbox 2092 2960 2288 3014; x_wconf 82' lang='lat' dir='ltr'><strong>dedisti</strong></span> <span class='ocrx_word' id='word_1_457' title='bbox 2322 2961 2485 3016; x_wconf 86' lang='lat' dir='ltr'><strong>talem</strong></span> <span class='ocrx_word' id='word_1_458' title='bbox 2513 2964 2764 3033; x_wconf 83' lang='lat' dir='ltr'><strong>gratiam,</strong></span> <span class='ocrx_word' id='word_1_459' title='bbox 2793 2965 2935 3022; x_wconf 87' lang='lat' dir='ltr'><strong>sicut</strong></span> <span class='ocrx_word' id='word_1_460' title='bbox 2959 2970 3114 3038; x_wconf 78' lang='lat' dir='ltr'><strong>milii,</strong></span> <span class='ocrx_word' id='word_1_461' title='bbox 3139 2983 3199 3027; x_wconf 92' lang='lat' dir='ltr'><strong>ut</strong></span> <span class='ocrx_word' id='word_1_462' title='bbox 3225 2975 3311 3028; x_wconf 88' lang='lat' dir='ltr'><strong>in-</strong></span> 
     </span>
    </p>
   </div>
   <div class='ocr_carea' id='block_1_73' title="bbox 1747 3050 3303 3125">
    <p class='ocr_par' dir='ltr' id='par_1_73' title="bbox 1747 3050 3303 3125">
     <span class='ocr_line' id='line_1_73' title="bbox 1747 3050 3303 3125; baseline 0.01 -23"><span class='ocrx_word' id='word_1_463' title='bbox 1747 3050 2039 3120; x_wconf 87' lang='lat' dir='ltr'><strong>telligerem</strong></span> <span class='ocrx_word' id='word_1_464' title='bbox 2066 3052 2317 3105; x_wconf 86' lang='lat' dir='ltr'><strong>mandata</strong></span> <span class='ocrx_word' id='word_1_465' title='bbox 2346 3062 2457 3116; x_wconf 91' lang='lat' dir='ltr'><strong>tua,</strong></span> <span class='ocrx_word' id='word_1_466' title='bbox 2490 3057 2748 3125; x_wconf 86' lang='lat' dir='ltr'><strong>quoniam</strong></span> <span class='ocrx_word' id='word_1_467' title='bbox 2777 3059 2910 3114; x_wconf 85' lang='lat' dir='ltr'><strong>mihi</strong></span> <span class='ocrx_word' id='word_1_468' title='bbox 2936 3060 3303 3120; x_wconf 83' lang='lat' dir='ltr'><strong>indesinenter</strong></span> 
     </span>
    </p>
   </div>
   <div class='ocr_carea' id='block_1_74' title="bbox 1678 3140 2390 3213">
    <p class='ocr_par' dir='ltr' id='par_1_74' title="bbox 1678 3140 2390 3213">
     <span class='ocr_line' id='line_1_74' title="bbox 1678 3140 2390 3213; baseline 0.001 -18"><span class='ocrx_word' id='word_1_469' title='bbox 1678 3155 1719 3211; x_wconf 75' lang='grc' dir='ltr'>ο</span> <span class='ocrx_word' id='word_1_470' title='bbox 1751 3140 1964 3196; x_wconf 85' lang='lat' dir='ltr'><strong>donasti</strong></span> <span class='ocrx_word' id='word_1_471' title='bbox 1992 3156 2111 3196; x_wconf 90' lang='lat' dir='ltr'><strong>eam</strong></span> <span class='ocrx_word' id='word_1_472' title='bbox 2141 3142 2390 3213; x_wconf 87' lang='lat' dir='ltr'><strong>gratiam.</strong></span> 
     </span>
    </p>
   </div>
   <div class='ocr_carea' id='block_1_75' title="bbox 1826 3231 3307 3306">
    <p class='ocr_par' dir='ltr' id='par_1_75' title="bbox 1826 3231 3307 3306">
     <span class='ocr_line' id='line_1_75' title="bbox 1826 3231 3307 3306; baseline 0.014 -20"><span class='ocrx_word' id='word_1_473' title='bbox 1826 3233 1914 3290; x_wconf 89' lang='lat'><strong>99.</strong></span> <span class='ocrx_word' id='word_1_474' title='bbox 1961 3231 2133 3303; x_wconf 91' lang='lat' dir='ltr'><strong>Super</strong></span> <span class='ocrx_word' id='word_1_475' title='bbox 2165 3249 2355 3290; x_wconf 89' lang='lat' dir='ltr'><strong>omnes</strong></span> <span class='ocrx_word' id='word_1_476' title='bbox 2396 3237 2635 3295; x_wconf 87' lang='lat' dir='ltr'><strong>seniores</strong></span> <span class='ocrx_word' id='word_1_477' title='bbox 2681 3255 2767 3296; x_wconf 87' lang='lat' dir='ltr'><strong>me</strong></span> <span class='ocrx_word' id='word_1_478' title='bbox 2813 3243 3152 3304; x_wconf 86' lang='lat' dir='ltr'><strong>illuminatus</strong></span> <span class='ocrx_word' id='word_1_479' title='bbox 3188 3267 3307 3306; x_wconf 86' lang='lat' dir='ltr'><strong>sum</strong></span> 
     </span>
    </p>
   </div>
   <div class='ocr_carea' id='block_1_76' title="bbox 1755 3325 3310 3408">
    <p class='ocr_par' dir='ltr' id='par_1_76' title="bbox 1755 3325 3310 3408">
     <span class='ocr_line' id='line_1_76' title="bbox 1755 3325 3310 3408; baseline 0.011 -29"><span class='ocrx_word' id='word_1_480' title='bbox 1755 3325 1809 3379; x_wconf 93' lang='lat' dir='ltr'><strong>in</strong></span> <span class='ocrx_word' id='word_1_481' title='bbox 1831 3325 2060 3395; x_wconf 86' lang='lat' dir='ltr'><strong>eloquiis</strong></span> <span class='ocrx_word' id='word_1_482' title='bbox 2091 3327 2218 3393; x_wconf 88' lang='lat' dir='ltr'><strong>tuis,</strong></span> <span class='ocrx_word' id='word_1_483' title='bbox 2249 3329 2507 3398; x_wconf 90' lang='lat' dir='ltr'><strong>quoniam</strong></span> <span class='ocrx_word' id='word_1_484' title='bbox 2539 3339 2696 3386; x_wconf 81' lang='lat' dir='ltr'><strong>nocte</strong></span> <span class='ocrx_word' id='word_1_485' title='bbox 2731 3347 2795 3386; x_wconf 89' lang='lat' dir='ltr'><strong>ac</strong></span> <span class='ocrx_word' id='word_1_486' title='bbox 2830 3335 2917 3389; x_wconf 91' lang='lat' dir='ltr'><strong>die</strong></span> <span class='ocrx_word' id='word_1_487' title='bbox 2949 3336 2999 3389; x_wconf 91' lang='lat' dir='ltr'><strong>in</strong></span> <span class='ocrx_word' id='word_1_488' title='bbox 3033 3337 3165 3408; x_wconf 86' lang='lat' dir='ltr'><strong>ipsis</strong></span> <span class='ocrx_word' id='word_1_489' title='bbox 3197 3357 3310 3396; x_wconf 88' lang='lat' dir='ltr'><strong>me-</strong></span> 
     </span>
    </p>
   </div>
   <div class='ocr_carea' id='block_1_77' title="bbox 1753 3415 1916 3469">
    <p class='ocr_par' dir='ltr' id='par_1_77' title="bbox 1753 3415 1916 3469">
     <span class='ocr_line' id='line_1_77' title="bbox 1753 3415 1916 3469; baseline 0.006 -3"><span class='ocrx_word' id='word_1_490' title='bbox 1753 3415 1916 3469; x_wconf 79' lang='lat' dir='ltr'><strong>(litor.</strong></span> 
     </span>
    </p>
   </div>
   <div class='ocr_carea' id='block_1_78' title="bbox 1825 3505 3311 3593">
    <p class='ocr_par' dir='ltr' id='par_1_78' title="bbox 1825 3505 3311 3593">
     <span class='ocr_line' id='line_1_78' title="bbox 1825 3505 3311 3593; baseline 0.011 -35"><span class='ocrx_word' id='word_1_491' title='bbox 1825 3505 1946 3558; x_wconf 89' lang='lat'><strong>100.</strong></span> <span class='ocrx_word' id='word_1_492' title='bbox 1981 3505 2156 3575; x_wconf 73' lang='lat' dir='ltr'><strong>Super</strong></span> <span class='ocrx_word' id='word_1_493' title='bbox 2193 3522 2406 3571; x_wconf 86' lang='lat' dir='ltr'><strong>omnes,</strong></span> <span class='ocrx_word' id='word_1_494' title='bbox 2433 3510 2527 3579; x_wconf 86' lang='lat' dir='ltr'><strong>qui</strong></span> <span class='ocrx_word' id='word_1_495' title='bbox 2566 3515 2957 3570; x_wconf 83' lang='lat' dir='ltr'><strong>antecedebant</strong></span> <span class='ocrx_word' id='word_1_496' title='bbox 2999 3533 3083 3573; x_wconf 89' lang='lat' dir='ltr'><strong>me</strong></span> <span class='ocrx_word' id='word_1_497' title='bbox 3124 3523 3311 3593; x_wconf 82' lang='lat' dir='ltr'><strong>cogni-</strong></span> 
     </span>
    </p>
   </div>
   <div class='ocr_carea' id='block_1_79' title="bbox 1754 3597 3308 3682">
    <p class='ocr_par' dir='ltr' id='par_1_79' title="bbox 1754 3597 3308 3682">
     <span class='ocr_line' id='line_1_79' title="bbox 1754 3597 3308 3682; baseline 0.013 -33"><span class='ocrx_word' id='word_1_498' title='bbox 1754 3597 1919 3661; x_wconf 89' lang='lat' dir='ltr'><strong>tione,</strong></span> <span class='ocrx_word' id='word_1_499' title='bbox 1975 3598 2212 3653; x_wconf 78' lang='lat' dir='ltr'><strong>intellexi</strong></span> <span class='ocrx_word' id='word_1_500' title='bbox 2263 3601 2518 3656; x_wconf 78' lang='lat' dir='ltr'><strong>virtutem</strong></span> <span class='ocrx_word' id='word_1_501' title='bbox 2557 3603 2987 3675; x_wconf 89' lang='lat' dir='ltr'><strong>Scripturarum,</strong></span> <span class='ocrx_word' id='word_1_502' title='bbox 3046 3616 3308 3682; x_wconf 86' lang='lat' dir='ltr'><strong>quoniam</strong></span> 
     </span>
    </p>
   </div>
   <div class='ocr_carea' id='block_1_80' title="bbox 1752 3689 2477 3747">
    <p class='ocr_par' dir='ltr' id='par_1_80' title="bbox 1752 3689 2477 3747">
     <span class='ocr_line' id='line_1_80' title="bbox 1752 3689 2477 3747; baseline 0.008 -6"><span class='ocrx_word' id='word_1_503' title='bbox 1752 3689 2003 3744; x_wconf 90' lang='lat' dir='ltr'><strong>mandata</strong></span> <span class='ocrx_word' id='word_1_504' title='bbox 2025 3699 2115 3744; x_wconf 90' lang='lat' dir='ltr'><strong>tua</strong></span> <span class='ocrx_word' id='word_1_505' title='bbox 2154 3690 2477 3747; x_wconf 72' lang='lat' dir='ltr'><strong>desideravi.</strong></span> 
     </span>
    </p>
   </div>
   <div class='ocr_carea' id='block_1_81' title="bbox 1821 3781 3311 3869">
    <p class='ocr_par' dir='ltr' id='par_1_81' title="bbox 1821 3781 3311 3869">
     <span class='ocr_line' id='line_1_81' title="bbox 1821 3781 3311 3869; baseline 0.014 -37"><span class='ocrx_word' id='word_1_506' title='bbox 1821 3781 1941 3836; x_wconf 82' lang='lat'><strong>101.</strong></span> <span class='ocrx_word' id='word_1_507' title='bbox 1977 3783 2058 3836; x_wconf 83' lang='lat' dir='ltr'><strong>Ab</strong></span> <span class='ocrx_word' id='word_1_508' title='bbox 2090 3784 2236 3837; x_wconf 93' lang='lat' dir='ltr'><strong>omni</strong></span> <span class='ocrx_word' id='word_1_509' title='bbox 2266 3797 2431 3853; x_wconf 82' lang='lat' dir='ltr'><strong>pravo</strong></span> <span class='ocrx_word' id='word_1_510' title='bbox 2486 3796 2706 3856; x_wconf 89' lang='lat' dir='ltr'><strong>peccato</strong></span> <span class='ocrx_word' id='word_1_511' title='bbox 2737 3793 2965 3861; x_wconf 83' lang='lat' dir='ltr'><strong>cessavi,</strong></span> <span class='ocrx_word' id='word_1_512' title='bbox 3012 3803 3072 3850; x_wconf 88' lang='lat' dir='ltr'><strong>ut</strong></span> <span class='ocrx_word' id='word_1_513' title='bbox 3097 3812 3221 3869; x_wconf 83' lang='lat' dir='ltr'><strong>erga</strong></span> <span class='ocrx_word' id='word_1_514' title='bbox 3259 3807 3311 3852; x_wconf 89' lang='lat' dir='ltr'><strong>te</strong></span> 
     </span>
    </p>
   </div>
   <div class='ocr_carea' id='block_1_82' title="bbox 1749 3872 2814 3946">
    <p class='ocr_par' dir='ltr' id='par_1_82' title="bbox 1749 3872 2814 3946">
     <span class='ocr_line' id='line_1_82' title="bbox 1749 3872 2814 3946; baseline 0.011 -23"><span class='ocrx_word' id='word_1_515' title='bbox 1749 3879 1805 3924; x_wconf 93' lang='lat' dir='ltr'><strong>et</strong></span> <span class='ocrx_word' id='word_1_516' title='bbox 1839 3872 2144 3940; x_wconf 82' lang='lat' dir='ltr'><strong>proximum</strong></span> <span class='ocrx_word' id='word_1_517' title='bbox 2169 3875 2488 3930; x_wconf 85' lang='lat' dir='ltr'><strong>charitatem</strong></span> <span class='ocrx_word' id='word_1_518' title='bbox 2518 3879 2814 3946; x_wconf 85' lang='lat' dir='ltr'><strong>implerem.</strong></span> 
     </span>
    </p>
   </div>
   <div class='ocr_carea' id='block_1_83' title="bbox 1825 3962 3306 4049">
    <p class='ocr_par' dir='ltr' id='par_1_83' title="bbox 1825 3962 3306 4049">
     <span class='ocr_line' id='line_1_83' title="bbox 1825 3962 3306 4049; baseline 0.014 -34"><span class='ocrx_word' id='word_1_519' title='bbox 1825 3962 1945 4016; x_wconf 72' lang='lat'><strong>102.</strong></span> <span class='ocrx_word' id='word_1_520' title='bbox 1973 3962 2028 4016; x_wconf 92' lang='lat' dir='ltr'><strong>In</strong></span> <span class='ocrx_word' id='word_1_521' title='bbox 2053 3970 2332 4036; x_wconf 69' lang='lat' dir='ltr'><strong>prteceptis</strong></span> <span class='ocrx_word' id='word_1_522' title='bbox 2361 3969 2467 4022; x_wconf 93' lang='lat' dir='ltr'><strong>tuis</strong></span> <span class='ocrx_word' id='word_1_523' title='bbox 2492 3971 2711 4025; x_wconf 88' lang='lat' dir='ltr'><strong>territus</strong></span> <span class='ocrx_word' id='word_1_524' title='bbox 2737 3973 3031 4043; x_wconf 81' lang='lat' dir='ltr'><strong>ambulavi,</strong></span> <span class='ocrx_word' id='word_1_525' title='bbox 3048 3981 3306 4049; x_wconf 83' lang='lat' dir='ltr'><strong>quoniam</strong></span> 
     </span>
    </p>
   </div>
   <div class='ocr_carea' id='block_1_84' title="bbox 1752 4056 2519 4128">
    <p class='ocr_par' dir='ltr' id='par_1_84' title="bbox 1752 4056 2519 4128">
     <span class='ocr_line' id='line_1_84' title="bbox 1752 4056 2519 4128; baseline 0.01 -23"><span class='ocrx_word' id='word_1_526' title='bbox 1752 4062 1805 4106; x_wconf 91' lang='lat' dir='ltr'><strong>tu</strong></span> <span class='ocrx_word' id='word_1_527' title='bbox 1833 4056 2064 4111; x_wconf 86' lang='lat' dir='ltr'><strong>dcduces</strong></span> <span class='ocrx_word' id='word_1_528' title='bbox 2097 4074 2183 4112; x_wconf 89' lang='lat' dir='ltr'><strong>me</strong></span> <span class='ocrx_word' id='word_1_529' title='bbox 2211 4060 2380 4128; x_wconf 85' lang='lat' dir='ltr'><strong>gratia</strong></span> <span class='ocrx_word' id='word_1_530' title='bbox 2409 4070 2519 4113; x_wconf 92' lang='lat' dir='ltr'><strong>tua.</strong></span> 
     </span>
    </p>
   </div>
   <div class='ocr_carea' id='block_1_85' title="bbox 1821 4230 3306 4312">
    <p class='ocr_par' dir='ltr' id='par_1_85' title="bbox 1821 4230 3306 4312">
     <span class='ocr_line' id='line_1_85' title="bbox 1821 4230 3306 4312; baseline 0.013 -30"><span class='ocrx_word' id='word_1_531' title='bbox 1821 4230 1939 4284; x_wconf 81' lang='lat'><strong>105.</strong></span> <span class='ocrx_word' id='word_1_532' title='bbox 1979 4230 2191 4288; x_wconf 85' lang='lat' dir='ltr'><strong>Primus</strong></span> <span class='ocrx_word' id='word_1_533' title='bbox 2239 4235 2454 4303; x_wconf 88' lang='lat' dir='ltr'><strong>quidem</strong></span> <span class='ocrx_word' id='word_1_534' title='bbox 2505 4236 2759 4306; x_wconf 85' lang='lat' dir='ltr'><strong>proprius</strong></span> <span class='ocrx_word' id='word_1_535' title='bbox 2817 4253 3011 4297; x_wconf 82' lang='lat' dir='ltr'><strong>sensus</strong></span> <span class='ocrx_word' id='word_1_536' title='bbox 3065 4241 3154 4299; x_wconf 90' lang='lat' dir='ltr'><strong>hic</strong></span> <span class='ocrx_word' id='word_1_537' title='bbox 3200 4255 3306 4312; x_wconf 86' lang='lat' dir='ltr'><strong>est,</strong></span> 
     </span>
    </p>
   </div>
   <div class='ocr_carea' id='block_1_86' title="bbox 1745 4323 3305 4398">
    <p class='ocr_par' dir='ltr' id='par_1_86' title="bbox 1745 4323 3305 4398">
     <span class='ocr_line' id='line_1_86' title="bbox 1745 4323 3305 4398; baseline 0.013 -24"><span class='ocrx_word' id='word_1_538' title='bbox 1745 4323 1887 4390; x_wconf 83' lang='lat' dir='ltr'><strong>quod</strong></span> <span class='ocrx_word' id='word_1_539' title='bbox 1911 4325 2068 4377; x_wconf 89' lang='lat' dir='ltr'><strong>melle</strong></span> <span class='ocrx_word' id='word_1_540' title='bbox 2100 4325 2338 4379; x_wconf 89' lang='lat' dir='ltr'><strong>dulciora</strong></span> <span class='ocrx_word' id='word_1_541' title='bbox 2379 4336 2506 4380; x_wconf 90' lang='lat' dir='ltr'><strong>sunt</strong></span> <span class='ocrx_word' id='word_1_542' title='bbox 2543 4329 2759 4398; x_wconf 89' lang='lat' dir='ltr'><strong>eloquia</strong></span> <span class='ocrx_word' id='word_1_543' title='bbox 2792 4339 2882 4385; x_wconf 88' lang='lat' dir='ltr'><strong>tua</strong></span> <span class='ocrx_word' id='word_1_544' title='bbox 2919 4350 2933 4396; x_wconf 90' lang='lat'><strong>;</strong></span> <span class='ocrx_word' id='word_1_545' title='bbox 2981 4333 3111 4390; x_wconf 89' lang='lat' dir='ltr'><strong>illud</strong></span> <span class='ocrx_word' id='word_1_546' title='bbox 3160 4341 3305 4394; x_wconf 88' lang='lat' dir='ltr'><strong>enim</strong></span> 
     </span>
    </p>
   </div>
   <div class='ocr_carea' id='block_1_87' title="bbox 1745 4416 3306 4493">
    <p class='ocr_par' dir='ltr' id='par_1_87' title="bbox 1745 4416 3306 4493">
     <span class='ocr_line' id='line_1_87' title="bbox 1745 4416 3306 4493; baseline 0.012 -25"><span class='ocrx_word' id='word_1_547' title='bbox 1745 4431 1921 4484; x_wconf 83' lang='lat' dir='ltr'><strong>neque</strong></span> <span class='ocrx_word' id='word_1_548' title='bbox 1956 4416 2012 4469; x_wconf 89' lang='lat' dir='ltr'><strong>in</strong></span> <span class='ocrx_word' id='word_1_549' title='bbox 2041 4431 2136 4470; x_wconf 91' lang='lat' dir='ltr'><strong>cor</strong></span> <span class='ocrx_word' id='word_1_550' title='bbox 2158 4432 2336 4471; x_wconf 87' lang='lat' dir='ltr'><strong>meum</strong></span> <span class='ocrx_word' id='word_1_551' title='bbox 2366 4418 2684 4488; x_wconf 84' lang='lat' dir='ltr'><strong>ingreditur,</strong></span> <span class='ocrx_word' id='word_1_552' title='bbox 2733 4431 2785 4476; x_wconf 90' lang='lat' dir='ltr'><strong>et</strong></span> <span class='ocrx_word' id='word_1_553' title='bbox 2824 4433 3109 4493; x_wconf 83' lang='lat' dir='ltr'><strong>postquam</strong></span> <span class='ocrx_word' id='word_1_554' title='bbox 3151 4445 3306 4485; x_wconf 89' lang='lat' dir='ltr'><strong>acce-</strong></span> 
     </span>
    </p>
   </div>
   <div class='ocr_carea' id='block_1_88' title="bbox 83 4492 1642 4580">
    <p class='ocr_par' dir='ltr' id='par_1_88' title="bbox 83 4504 1633 4574">
     <span class='ocr_line' id='line_1_88' title="bbox 83 4504 1633 4574; baseline 0.002 -17"><span class='ocrx_word' id='word_1_555' title='bbox 83 4505 211 4574; x_wconf 79' lang='grc' dir='ltr'>μετά</span> <span class='ocrx_word' id='word_1_556' title='bbox 231 4506 416 4559; x_wconf 80' lang='grc' dir='ltr'>λαϐεῖν</span> <span class='ocrx_word' id='word_1_557' title='bbox 447 4505 598 4569; x_wconf 72' lang='grc' dir='ltr'>αὐτὸ,</span> <span class='ocrx_word' id='word_1_558' title='bbox 620 4505 823 4568; x_wconf 80' lang='grc' dir='ltr'>εὐθέως</span> <span class='ocrx_word' id='word_1_559' title='bbox 845 4507 876 4574; x_wconf 85' lang='grc' dir='ltr'>ἡ</span> <span class='ocrx_word' id='word_1_560' title='bbox 900 4504 1171 4574; x_wconf 79' lang='grc' dir='ltr'><strong>γλυκύτης</strong></span> <span class='ocrx_word' id='word_1_561' title='bbox 1193 4505 1356 4558; x_wconf 73' lang='grc' dir='ltr'>αὐτοῦ</span> <span class='ocrx_word' id='word_1_562' title='bbox 1386 4507 1633 4560; x_wconf 66' lang='grc' dir='ltr'>παύετιιυ</span> 
     </span>
    </p>
   </div>
   <div class='ocr_carea' id='block_1_89' title="bbox 1743 4492 3300 4580">
    <p class='ocr_par' dir='ltr' id='par_1_89' title="bbox 1743 4492 3300 4580">
     <span class='ocr_line' id='line_1_89' title="bbox 1743 4492 3300 4580; baseline 0.01 -22"><span class='ocrx_word' id='word_1_563' title='bbox 1743 4518 1892 4576; x_wconf 86' lang='lat' dir='ltr'><strong>ptum</strong></span> <span class='ocrx_word' id='word_1_564' title='bbox 1936 4518 2037 4570; x_wconf 89' lang='lat' dir='ltr'><strong>est,</strong></span> <span class='ocrx_word' id='word_1_565' title='bbox 2065 4510 2244 4562; x_wconf 87' lang='lat' dir='ltr'><strong>statim</strong></span> <span class='ocrx_word' id='word_1_566' title='bbox 2278 4518 2454 4564; x_wconf 86' lang='lat' dir='ltr'><strong>cessat</strong></span> <span class='ocrx_word' id='word_1_567' title='bbox 2489 4510 2610 4579; x_wconf 84' lang='lat' dir='ltr'><strong>ejus</strong></span> <span class='ocrx_word' id='word_1_568' title='bbox 2645 4492 2873 4569; x_wconf 86' lang='lat' dir='ltr'><strong>dulcedo</strong></span> <span class='ocrx_word' id='word_1_569' title='bbox 2908 4532 2924 4580; x_wconf 87' lang='lat'><strong>;</strong></span> <span class='ocrx_word' id='word_1_570' title='bbox 2958 4517 3068 4570; x_wconf 70' lang='lat' dir='ltr'><strong>haec</strong></span> <span class='ocrx_word' id='word_1_571' title='bbox 3097 4529 3300 4580; x_wconf 86' lang='lat' dir='ltr'><strong>autem.</strong></span> 
     </span>
    </p>
   </div>
   <div class='ocr_carea' id='block_1_90' title="bbox 77 4594 1643 4668">
    <p class='ocr_par' dir='ltr' id='par_1_90' title="bbox 77 4594 1643 4668">
     <span class='ocr_line' id='line_1_90' title="bbox 77 4594 1643 4668; baseline 0.002 -22"><span class='ocrx_word' id='word_1_572' title='bbox 77 4594 238 4648; x_wconf 74' lang='grc' dir='ltr'>ταῦτα</span> <span class='ocrx_word' id='word_1_573' title='bbox 257 4597 314 4649; x_wconf 88' lang='grc' dir='ltr'>δὲ</span> <span class='ocrx_word' id='word_1_574' title='bbox 347 4596 671 4668; x_wconf 84' lang='grc' dir='ltr'>διαμένοντα</span> <span class='ocrx_word' id='word_1_575' title='bbox 699 4597 778 4658; x_wconf 87' lang='grc' dir='ltr'><strong>εἰς</strong></span> <span class='ocrx_word' id='word_1_576' title='bbox 796 4595 892 4665; x_wconf 80' lang='grc' dir='ltr'>τὴν</span> <span class='ocrx_word' id='word_1_577' title='bbox 926 4595 1154 4667; x_wconf 79' lang='grc' dir='ltr'>καρδίαν</span> <span class='ocrx_word' id='word_1_578' title='bbox 1188 4613 1288 4666; x_wconf 92' lang='grc' dir='ltr'>μου</span> <span class='ocrx_word' id='word_1_579' title='bbox 1317 4596 1643 4660; x_wconf 75' lang='grc' dir='ltr'>πλεονάζουο</span> 
     </span>
    </p>
   </div>
   <div class='ocr_carea' id='block_1_91' title="bbox 81 4687 1638 4763">
    <p class='ocr_par' dir='ltr' id='par_1_91' title="bbox 81 4687 1638 4763">
     <span class='ocr_line' id='line_1_91' title="bbox 81 4687 1638 4763; baseline 0.002 -24"><span class='ocrx_word' id='word_1_580' title='bbox 81 4703 158 4740; x_wconf 86' lang='grc' dir='ltr'><strong>σιν</strong></span> <span class='ocrx_word' id='word_1_581' title='bbox 180 4689 258 4750; x_wconf 88' lang='grc' dir='ltr'><strong>εἰς</strong></span> <span class='ocrx_word' id='word_1_582' title='bbox 282 4688 382 4758; x_wconf 81' lang='grc' dir='ltr'>ἐμὲ</span> <span class='ocrx_word' id='word_1_583' title='bbox 410 4687 506 4757; x_wconf 85' lang='grc' dir='ltr'>τὴν</span> <span class='ocrx_word' id='word_1_584' title='bbox 537 4687 846 4757; x_wconf 84' lang='grc' dir='ltr'>γλυκύτητα</span> <span class='ocrx_word' id='word_1_585' title='bbox 879 4687 1074 4740; x_wconf 61' lang='grc' dir='ltr'>αὐτῶνθ</span> <span class='ocrx_word' id='word_1_586' title='bbox 1107 4687 1169 4740; x_wconf 82' lang='grc' dir='ltr'>τὸ</span> <span class='ocrx_word' id='word_1_587' title='bbox 1195 4687 1250 4741; x_wconf 86' lang='grc' dir='ltr'><strong>δέ</strong></span> <span class='ocrx_word' id='word_1_588' title='bbox 1272 4688 1638 4763; x_wconf 78' lang='grc' dir='ltr'>ἀλληγορῆσαι</span> 
     </span>
    </p>
   </div>
   <div class='ocr_carea' id='block_1_92' title="bbox 77 4779 1637 4852">
    <p class='ocr_par' dir='ltr' id='par_1_92' title="bbox 77 4779 1637 4852">
     <span class='ocr_line' id='line_1_92' title="bbox 77 4779 1637 4852; baseline 0.002 -21"><span class='ocrx_word' id='word_1_589' title='bbox 77 4779 224 4832; x_wconf 78' lang='grc' dir='ltr'><strong>τοῦτὸ</strong></span> <span class='ocrx_word' id='word_1_590' title='bbox 251 4784 418 4846; x_wconf 90' lang='grc' dir='ltr'>ἐστιν,</span> <span class='ocrx_word' id='word_1_591' title='bbox 449 4781 584 4851; x_wconf 85' lang='grc' dir='ltr'>ὅπερ</span> <span class='ocrx_word' id='word_1_592' title='bbox 620 4781 760 4850; x_wconf 80' lang='grc' dir='ltr'>ὑπὲρ</span> <span class='ocrx_word' id='word_1_593' title='bbox 792 4781 968 4834; x_wconf 79' lang='grc' dir='ltr'>πᾶσαν</span> <span class='ocrx_word' id='word_1_594' title='bbox 999 4779 1236 4850; x_wconf 75' lang='grc' dir='ltr'>ἡδύτητα</span> <span class='ocrx_word' id='word_1_595' title='bbox 1288 4781 1380 4834; x_wconf 80' lang='grc' dir='ltr'>τοῦ</span> <span class='ocrx_word' id='word_1_596' title='bbox 1436 4781 1637 4852; x_wconf 80' lang='grc' dir='ltr'>κόσμου</span> 
     </span>
    </p>
   </div>
   <div class='ocr_carea' id='block_1_93' title="bbox 77 4871 1637 4943">
    <p class='ocr_par' dir='ltr' id='par_1_93' title="bbox 77 4871 1637 4943">
     <span class='ocr_line' id='line_1_93' title="bbox 77 4871 1637 4943; baseline 0.003 -20"><span class='ocrx_word' id='word_1_597' title='bbox 77 4871 376 4943; x_wconf 74' lang='grc' dir='ltr'>γλυκύτερά</span> <span class='ocrx_word' id='word_1_598' title='bbox 407 4871 604 4925; x_wconf 86' lang='grc' dir='ltr'>εἰσιτά</span> <span class='ocrx_word' id='word_1_599' title='bbox 649 4871 807 4940; x_wconf 88' lang='grc' dir='ltr'>λόγιά</span> <span class='ocrx_word' id='word_1_600' title='bbox 849 4889 961 4936; x_wconf 90' lang='grc' dir='ltr'>σου,</span> <span class='ocrx_word' id='word_1_601' title='bbox 986 4874 1072 4925; x_wconf 81' lang='grc' dir='ltr'>ὅτι</span> <span class='ocrx_word' id='word_1_602' title='bbox 1114 4873 1211 4942; x_wconf 82' lang='grc' dir='ltr'>τῆς</span> <span class='ocrx_word' id='word_1_603' title='bbox 1253 4874 1471 4928; x_wconf 84' lang='grc' dir='ltr'>αἰωνίου</span> <span class='ocrx_word' id='word_1_604' title='bbox 1502 4876 1637 4928; x_wconf 82' lang='grc' dir='ltr'>ἀπο-</span> 
     </span>
    </p>
   </div>
   <div class='ocr_carea' id='block_1_94' title="bbox 77 4961 1028 5033">
    <p class='ocr_par' dir='ltr' id='par_1_94' title="bbox 77 4961 1028 5033">
     <span class='ocr_line' id='line_1_94' title="bbox 77 4961 1028 5033; baseline 0.003 -19"><span class='ocrx_word' id='word_1_605' title='bbox 77 4961 306 5025; x_wconf 83' lang='grc' dir='ltr'>λαύσεως</span> <span class='ocrx_word' id='word_1_606' title='bbox 347 4964 528 5033; x_wconf 81' lang='grc' dir='ltr'>ἔχουσι</span> <span class='ocrx_word' id='word_1_607' title='bbox 553 4963 651 5033; x_wconf 81' lang='grc' dir='ltr'>τὴν</span> <span class='ocrx_word' id='word_1_608' title='bbox 684 4963 1028 5031; x_wconf 85' lang='grc' dir='ltr'>προσδοκίαν.</span> 
     </span>
    </p>
   </div>
   <div class='ocr_carea' id='block_1_95' title="bbox 141 5053 1636 5128">
    <p class='ocr_par' dir='ltr' id='par_1_95' title="bbox 141 5053 1636 5128">
     <span class='ocr_line' id='line_1_95' title="bbox 141 5053 1636 5128; baseline 0.003 -22"><span class='ocrx_word' id='word_1_609' title='bbox 141 5053 256 5111; x_wconf 71' lang='grc'><strong>104,</strong></span> <span class='ocrx_word' id='word_1_610' title='bbox 300 5056 434 5108; x_wconf 79' lang='grc' dir='ltr'>Ἀπὸ</span> <span class='ocrx_word' id='word_1_611' title='bbox 481 5054 588 5107; x_wconf 84' lang='grc' dir='ltr'>τῶν</span> <span class='ocrx_word' id='word_1_612' title='bbox 611 5054 988 5124; x_wconf 83' lang='grc' dir='ltr'>δικαιωμάτων</span> <span class='ocrx_word' id='word_1_613' title='bbox 1013 5070 1107 5106; x_wconf 93' lang='grc' dir='ltr'>σου</span> <span class='ocrx_word' id='word_1_614' title='bbox 1141 5054 1518 5128; x_wconf 70' lang='grc' dir='ltr'>συνεπείσθην*</span> <span class='ocrx_word' id='word_1_615' title='bbox 1548 5056 1636 5111; x_wconf 81' lang='grc' dir='ltr'><strong>διὰ</strong></span> 
     </span>
    </p>
   </div>
   <div class='ocr_carea' id='block_1_96' title="bbox 74 5142 1132 5214">
    <p class='ocr_par' dir='ltr' id='par_1_96' title="bbox 74 5142 1132 5214">
     <span class='ocr_line' id='line_1_96' title="bbox 74 5142 1132 5214; baseline -0.001 -19"><span class='ocrx_word' id='word_1_616' title='bbox 74 5143 220 5197; x_wconf 73' lang='grc' dir='ltr'>τοῦτο</span> <span class='ocrx_word' id='word_1_617' title='bbox 244 5145 600 5214; x_wconf 77' lang='grc' dir='ltr'>ἀπεστράφην</span> <span class='ocrx_word' id='word_1_618' title='bbox 627 5145 806 5197; x_wconf 78' lang='grc' dir='ltr'>πᾶσαν</span> <span class='ocrx_word' id='word_1_619' title='bbox 834 5142 1132 5214; x_wconf 79' lang='grc' dir='ltr'>ἁμαρτίαν.</span> 
     </span>
    </p>
   </div>
   <div class='ocr_carea' id='block_1_97' title="bbox 139 5235 1634 5308">
    <p class='ocr_par' dir='ltr' id='par_1_97' title="bbox 139 5235 1634 5308">
     <span class='ocr_line' id='line_1_97' title="bbox 139 5235 1634 5308; baseline -0.001 -19"><span class='ocrx_word' id='word_1_620' title='bbox 139 5235 255 5290; x_wconf 87' lang='grc'><strong>105.</strong></span> <span class='ocrx_word' id='word_1_621' title='bbox 281 5239 451 5290; x_wconf 83' lang='grc' dir='ltr'>Ὅταν</span> <span class='ocrx_word' id='word_1_622' title='bbox 491 5236 677 5299; x_wconf 85' lang='grc' dir='ltr'>σκότος</span> <span class='ocrx_word' id='word_1_623' title='bbox 704 5235 906 5308; x_wconf 81' lang='grc' dir='ltr'>ἐπέλθῃ</span> <span class='ocrx_word' id='word_1_624' title='bbox 933 5251 1022 5305; x_wconf 85' lang='grc' dir='ltr'><strong>μοι</strong></span> <span class='ocrx_word' id='word_1_625' title='bbox 1053 5236 1150 5306; x_wconf 77' lang='grc' dir='ltr'>τῆς</span> <span class='ocrx_word' id='word_1_626' title='bbox 1183 5235 1478 5306; x_wconf 80' lang='grc' dir='ltr'>ἁμαρτίας,</span> <span class='ocrx_word' id='word_1_627' title='bbox 1509 5235 1634 5305; x_wconf 86' lang='grc' dir='ltr'>φαί-</span> 
     </span>
    </p>
   </div>
   <div class='ocr_carea' id='block_1_98' title="bbox 74 5325 1632 5402">
    <p class='ocr_par' dir='ltr' id='par_1_98' title="bbox 74 5325 1632 5402">
     <span class='ocr_line' id='line_1_98' title="bbox 74 5325 1632 5402; baseline -0.003 -20"><span class='ocrx_word' id='word_1_628' title='bbox 74 5347 146 5382; x_wconf 81' lang='grc' dir='ltr'><strong>νει</strong></span> <span class='ocrx_word' id='word_1_629' title='bbox 174 5348 259 5402; x_wconf 90' lang='grc' dir='ltr'><strong>μοι</strong></span> <span class='ocrx_word' id='word_1_630' title='bbox 297 5331 472 5400; x_wconf 75' lang='grc' dir='ltr'>ὄνομά</span> <span class='ocrx_word' id='word_1_631' title='bbox 504 5345 619 5391; x_wconf 88' lang='grc' dir='ltr'>σου,</span> <span class='ocrx_word' id='word_1_632' title='bbox 668 5328 741 5400; x_wconf 81' lang='grc' dir='ltr'>μὴ</span> <span class='ocrx_word' id='word_1_633' title='bbox 782 5326 1082 5400; x_wconf 79' lang='grc' dir='ltr'>προσκόψαι</span> <span class='ocrx_word' id='word_1_634' title='bbox 1110 5325 1516 5397; x_wconf 70' lang='grc' dir='ltr'>[προσκόψαντά</span> <span class='ocrx_word' id='word_1_635' title='bbox 1542 5326 1632 5398; x_wconf 87' lang='grc' dir='ltr'><strong>με]</strong></span> 
     </span>
    </p>
   </div>
   <div class='ocr_carea' id='block_1_99' title="bbox 71 5417 1632 5492">
    <p class='ocr_par' dir='ltr' id='par_1_99' title="bbox 71 5417 1632 5492">
     <span class='ocr_line' id='line_1_99' title="bbox 71 5417 1632 5492; baseline -0.001 -19"><span class='ocrx_word' id='word_1_636' title='bbox 71 5425 131 5492; x_wconf 76' lang='grc' dir='ltr'>τῇ</span> <span class='ocrx_word' id='word_1_637' title='bbox 186 5422 430 5492; x_wconf 67' lang='grc' dir='ltr'>ἁμαρτίᾳ.</span> <span class='ocrx_word' id='word_1_638' title='bbox 473 5423 675 5482; x_wconf 87' lang='grc' dir='ltr'>πεσεῖν,</span> <span class='ocrx_word' id='word_1_639' title='bbox 731 5419 764 5488; x_wconf 86' lang='grc' dir='ltr'>ἢ</span> <span class='ocrx_word' id='word_1_640' title='bbox 805 5419 1079 5490; x_wconf 84' lang='grc' dir='ltr'>πληγῆναι</span> <span class='ocrx_word' id='word_1_641' title='bbox 1126 5417 1206 5471; x_wconf 83' lang='grc' dir='ltr'>ἔτι</span> <span class='ocrx_word' id='word_1_642' title='bbox 1240 5419 1342 5489; x_wconf 80' lang='grc' dir='ltr'><strong>τῆς</strong></span> <span class='ocrx_word' id='word_1_643' title='bbox 1393 5417 1632 5484; x_wconf 84' lang='grc' dir='ltr'>διανοίας</span> 
     </span>
    </p>
   </div>
   <div class='ocr_carea' id='block_1_100' title="bbox 73 5509 1557 5585">
    <p class='ocr_par' dir='ltr' id='par_1_100' title="bbox 73 5509 1557 5585">
     <span class='ocr_line' id='line_1_100' title="bbox 73 5509 1557 5585; baseline -0.002 -18"><span class='ocrx_word' id='word_1_644' title='bbox 73 5531 165 5582; x_wconf 83' lang='grc' dir='ltr'>μου</span> <span class='ocrx_word' id='word_1_645' title='bbox 199 5513 286 5585; x_wconf 79' lang='grc' dir='ltr'><strong>[τῇ</strong></span> <span class='ocrx_word' id='word_1_646' title='bbox 311 5514 522 5582; x_wconf 66' lang='grc' dir='ltr'>διανοίᾳ</span> <span class='ocrx_word' id='word_1_647' title='bbox 544 5511 692 5584; x_wconf 85' lang='grc' dir='ltr'>μου].</span> <span class='ocrx_word' id='word_1_648' title='bbox 721 5512 814 5564; x_wconf 70' lang='grc' dir='ltr'><strong>καὶ</strong></span> <span class='ocrx_word' id='word_1_649' title='bbox 834 5509 1053 5579; x_wconf 74' lang='grc' dir='ltr'>φωτίζει</span> <span class='ocrx_word' id='word_1_650' title='bbox 1113 5527 1202 5580; x_wconf 88' lang='grc' dir='ltr'><strong>με,</strong></span> <span class='ocrx_word' id='word_1_651' title='bbox 1252 5510 1305 5562; x_wconf 89' lang='grc' dir='ltr'>τί</span> <span class='ocrx_word' id='word_1_652' title='bbox 1328 5513 1557 5582; x_wconf 84' lang='grc' dir='ltr'>ποιήσω.</span> 
     </span>
    </p>
   </div>
   <div class='ocr_carea' id='block_1_101' title="bbox 137 5601 1628 5679">
    <p class='ocr_par' dir='ltr' id='par_1_101' title="bbox 137 5601 1628 5679">
     <span class='ocr_line' id='line_1_101' title="bbox 137 5601 1628 5679; baseline -0.001 -20"><span class='ocrx_word' id='word_1_653' title='bbox 137 5608 252 5663; x_wconf 85' lang='grc'><strong>106.</strong></span> <span class='ocrx_word' id='word_1_654' title='bbox 298 5611 356 5662; x_wconf 82' lang='grc' dir='ltr'>Ὀ</span> <span class='ocrx_word' id='word_1_655' title='bbox 384 5610 544 5679; x_wconf 77' lang='grc' dir='ltr'>ὅρκος</span> <span class='ocrx_word' id='word_1_656' title='bbox 575 5607 755 5669; x_wconf 86' lang='grc' dir='ltr'>πίστις</span> <span class='ocrx_word' id='word_1_657' title='bbox 816 5604 954 5657; x_wconf 80' lang='grc' dir='ltr'>ἐστί’</span> <span class='ocrx_word' id='word_1_658' title='bbox 989 5603 1282 5668; x_wconf 82' lang='grc' dir='ltr'>πιστεύσας</span> <span class='ocrx_word' id='word_1_659' title='bbox 1320 5601 1412 5659; x_wconf 84' lang='grc' dir='ltr'>οὖν</span> <span class='ocrx_word' id='word_1_660' title='bbox 1443 5607 1522 5668; x_wconf 88' lang='grc' dir='ltr'><strong>εἰς</strong></span> <span class='ocrx_word' id='word_1_661' title='bbox 1549 5605 1628 5671; x_wconf 81' lang='grc' dir='ltr'>σὲ,</span> 
     </span>
    </p>
   </div>
   <div class='ocr_carea' id='block_1_102' title="bbox 71 5697 1630 5772">
    <p class='ocr_par' dir='ltr' id='par_1_102' title="bbox 71 5697 1630 5772">
     <span class='ocr_line' id='line_1_102' title="bbox 71 5697 1630 5772; baseline -0.001 -20"><span class='ocrx_word' id='word_1_662' title='bbox 71 5701 314 5772; x_wconf 75' lang='grc' dir='ltr'>ἱστήριξα</span> <span class='ocrx_word' id='word_1_663' title='bbox 337 5703 438 5772; x_wconf 82' lang='grc' dir='ltr'>τὴν</span> <span class='ocrx_word' id='word_1_664' title='bbox 465 5701 687 5772; x_wconf 75' lang='grc' dir='ltr'>καρδίαν</span> <span class='ocrx_word' id='word_1_665' title='bbox 721 5717 842 5771; x_wconf 85' lang='grc' dir='ltr'>μου,</span> <span class='ocrx_word' id='word_1_666' title='bbox 881 5697 973 5751; x_wconf 78' lang='grc' dir='ltr'>τοῦ</span> <span class='ocrx_word' id='word_1_667' title='bbox 1003 5698 1284 5771; x_wconf 82' lang='grc' dir='ltr'>πληρῶσαι</span> <span class='ocrx_word' id='word_1_668' title='bbox 1327 5699 1388 5752; x_wconf 82' lang='grc' dir='ltr'>τὸ</span> <span class='ocrx_word' id='word_1_669' title='bbox 1418 5698 1630 5769; x_wconf 86' lang='grc' dir='ltr'>θέλημα</span> 
     </span>
    </p>
   </div>
   <div class='ocr_carea' id='block_1_103' title="bbox 76 5793 646 5862">
    <p class='ocr_par' dir='ltr' id='par_1_103' title="bbox 76 5793 646 5862">
     <span class='ocr_line' id='line_1_103' title="bbox 76 5793 646 5862; baseline -0.009 -14"><span class='ocrx_word' id='word_1_670' title='bbox 76 5794 161 5861; x_wconf 71' lang='grc' dir='ltr'>τῆς</span> <span class='ocrx_word' id='word_1_671' title='bbox 179 5793 507 5862; x_wconf 71' lang='grc' dir='ltr'>ἁγαοότητός</span> <span class='ocrx_word' id='word_1_672' title='bbox 534 5810 646 5844; x_wconf 89' lang='grc' dir='ltr'>σου.</span> 
     </span>
    </p>
   </div>
   <div class='ocr_carea' id='block_1_104' title="bbox 401 5885 1110 5948">
    <p class='ocr_par' dir='ltr' id='par_1_104' title="bbox 401 5885 1110 5948">
     <span class='ocr_line' id='line_1_104' title="bbox 401 5885 1110 5948; baseline 0 -2"><span class='ocrx_word' id='word_1_673' title='bbox 401 5889 662 5948; x_wconf 71' lang='grc' dir='ltr'>Ρλτιιοι..</span> <span class='ocrx_word' id='word_1_674' title='bbox 699 5888 812 5946; x_wconf 82' lang='lat' dir='ltr'><strong>Gn.</strong></span> <span class='ocrx_word' id='word_1_675' title='bbox 849 5885 1110 5946; x_wconf 72' lang='lat' dir='ltr'><strong>XXV&quot;.</strong></span> 
     </span>
    </p>
   </div>
   <div class='ocr_carea' id='block_1_105' title="bbox 1740 4600 3301 4676">
    <p class='ocr_par' dir='ltr' id='par_1_105' title="bbox 1740 4600 3301 4676">
     <span class='ocr_line' id='line_1_105' title="bbox 1740 4600 3301 4676; baseline 0.009 -26"><span class='ocrx_word' id='word_1_676' title='bbox 1740 4614 1863 4651; x_wconf 89' lang='lat' dir='ltr'><strong>cum</strong></span> <span class='ocrx_word' id='word_1_677' title='bbox 1890 4609 2236 4667; x_wconf 78' lang='lat' dir='ltr'><strong>perseverant</strong></span> <span class='ocrx_word' id='word_1_678' title='bbox 2265 4600 2316 4652; x_wconf 92' lang='lat' dir='ltr'><strong>in</strong></span> <span class='ocrx_word' id='word_1_679' title='bbox 2339 4601 2504 4655; x_wconf 84' lang='lat' dir='ltr'><strong>corde</strong></span> <span class='ocrx_word' id='word_1_680' title='bbox 2530 4617 2672 4669; x_wconf 89' lang='lat' dir='ltr'><strong>meo,</strong></span> <span class='ocrx_word' id='word_1_681' title='bbox 2703 4615 2902 4676; x_wconf 90' lang='lat' dir='ltr'><strong>augent</strong></span> <span class='ocrx_word' id='word_1_682' title='bbox 2950 4607 3004 4660; x_wconf 87' lang='lat' dir='ltr'><strong>in</strong></span> <span class='ocrx_word' id='word_1_683' title='bbox 3036 4622 3122 4662; x_wconf 85' lang='lat' dir='ltr'><strong>me</strong></span> <span class='ocrx_word' id='word_1_684' title='bbox 3147 4625 3301 4664; x_wconf 87' lang='lat' dir='ltr'><strong>suam</strong></span> 
     </span>
    </p>
   </div>
   <div class='ocr_carea' id='block_1_106' title="bbox 1740 4692 3300 4771">
    <p class='ocr_par' dir='ltr' id='par_1_106' title="bbox 1740 4692 3300 4771">
     <span class='ocr_line' id='line_1_106' title="bbox 1740 4692 3300 4771; baseline 0.007 -26"><span class='ocrx_word' id='word_1_685' title='bbox 1740 4692 2076 4746; x_wconf 88' lang='lat' dir='ltr'><strong>dulcedinem</strong></span> <span class='ocrx_word' id='word_1_686' title='bbox 2106 4711 2119 4745; x_wconf 91' lang='lat'>:</span> <span class='ocrx_word' id='word_1_687' title='bbox 2157 4694 2444 4764; x_wconf 88' lang='lat' dir='ltr'><strong>allegorice</strong></span> <span class='ocrx_word' id='word_1_688' title='bbox 2478 4704 2658 4747; x_wconf 89' lang='lat' dir='ltr'><strong>autem</strong></span> <span class='ocrx_word' id='word_1_689' title='bbox 2706 4695 2808 4751; x_wconf 87' lang='lat' dir='ltr'><strong>hoc</strong></span> <span class='ocrx_word' id='word_1_690' title='bbox 2839 4698 3126 4767; x_wconf 77' lang='lat' dir='ltr'><strong>signiﬁcat,</strong></span> <span class='ocrx_word' id='word_1_691' title='bbox 3154 4705 3300 4771; x_wconf 87' lang='lat' dir='ltr'><strong>quod</strong></span> 
     </span>
    </p>
   </div>
   <div class='ocr_carea' id='block_1_107' title="bbox 1739 4784 3297 4856">
    <p class='ocr_par' dir='ltr' id='par_1_107' title="bbox 1739 4784 3297 4856">
     <span class='ocr_line' id='line_1_107' title="bbox 1739 4784 3297 4856; baseline 0.006 -18"><span class='ocrx_word' id='word_1_692' title='bbox 1739 4784 1951 4852; x_wconf 87' lang='lat' dir='ltr'><strong>eloquia</strong></span> <span class='ocrx_word' id='word_1_693' title='bbox 1995 4795 2086 4839; x_wconf 89' lang='lat' dir='ltr'><strong>tua</strong></span> <span class='ocrx_word' id='word_1_694' title='bbox 2119 4787 2360 4841; x_wconf 85' lang='lat' dir='ltr'><strong>dulciora</strong></span> <span class='ocrx_word' id='word_1_695' title='bbox 2407 4795 2533 4840; x_wconf 88' lang='lat' dir='ltr'><strong>sunt</strong></span> <span class='ocrx_word' id='word_1_696' title='bbox 2576 4786 2725 4840; x_wconf 89' lang='lat' dir='ltr'><strong>omni</strong></span> <span class='ocrx_word' id='word_1_697' title='bbox 2772 4788 2958 4843; x_wconf 87' lang='lat' dir='ltr'><strong>mundi</strong></span> <span class='ocrx_word' id='word_1_698' title='bbox 2994 4793 3297 4856; x_wconf 88' lang='lat' dir='ltr'><strong>dulcedine,</strong></span> 
     </span>
    </p>
   </div>
   <div class='ocr_carea' id='block_1_108' title="bbox 1739 4877 3295 4950">
    <p class='ocr_par' dir='ltr' id='par_1_108' title="bbox 1739 4877 3295 4950">
     <span class='ocr_line' id='line_1_108' title="bbox 1739 4877 3295 4950; baseline 0.007 -22"><span class='ocrx_word' id='word_1_699' title='bbox 1739 4877 1996 4945; x_wconf 88' lang='lat' dir='ltr'><strong>quoniam</strong></span> <span class='ocrx_word' id='word_1_700' title='bbox 2021 4879 2476 4948; x_wconf 79' lang='lat' dir='ltr'><strong>exspectationem</strong></span> <span class='ocrx_word' id='word_1_701' title='bbox 2513 4877 2712 4934; x_wconf 86' lang='lat' dir='ltr'><strong>habent</strong></span> <span class='ocrx_word' id='word_1_702' title='bbox 2744 4889 2958 4935; x_wconf 60' lang='lat' dir='ltr'><strong>eterna</strong></span> <span class='ocrx_word' id='word_1_703' title='bbox 2985 4883 3295 4950; x_wconf 78' lang='lat' dir='ltr'><strong>voluptatis.</strong></span> 
     </span>
    </p>
   </div>
   <div class='ocr_carea' id='block_1_109' title="bbox 1809 5047 3290 5127">
    <p class='ocr_par' dir='ltr' id='par_1_109' title="bbox 1809 5047 3290 5127">
     <span class='ocr_line' id='line_1_109' title="bbox 1809 5047 3290 5127; baseline 0.008 -29"><span class='ocrx_word' id='word_1_704' title='bbox 1809 5047 1931 5102; x_wconf 72' lang='grc'><strong>104.</strong></span> <span class='ocrx_word' id='word_1_705' title='bbox 1977 5049 2022 5102; x_wconf 77' lang='grc' dir='ltr'>Α</span> <span class='ocrx_word' id='word_1_706' title='bbox 2062 5049 2549 5118; x_wconf 86' lang='lat' dir='ltr'><strong>justiticatiouibus</strong></span> <span class='ocrx_word' id='word_1_707' title='bbox 2581 5052 2691 5107; x_wconf 86' lang='lat' dir='ltr'><strong>tuis</strong></span> <span class='ocrx_word' id='word_1_708' title='bbox 2717 5051 2942 5108; x_wconf 88' lang='lat' dir='ltr'><strong>edoctus</strong></span> <span class='ocrx_word' id='word_1_709' title='bbox 2976 5070 3121 5121; x_wconf 86' lang='lat' dir='ltr'><strong>sum,</strong></span> <span class='ocrx_word' id='word_1_710' title='bbox 3166 5071 3290 5127; x_wconf 59' lang='lat' dir='ltr'><strong>pro.</strong></span> 
     </span>
    </p>
   </div>
   <div class='ocr_carea' id='block_1_110' title="bbox 1737 5139 2944 5212">
    <p class='ocr_par' dir='ltr' id='par_1_110' title="bbox 1737 5139 2944 5212">
     <span class='ocr_line' id='line_1_110' title="bbox 1737 5139 2944 5212; baseline 0.006 -23"><span class='ocrx_word' id='word_1_711' title='bbox 1737 5146 1918 5206; x_wconf 87' lang='lat' dir='ltr'><strong>pterea</strong></span> <span class='ocrx_word' id='word_1_712' title='bbox 1946 5139 2290 5193; x_wconf 87' lang='lat' dir='ltr'><strong>abominatus</strong></span> <span class='ocrx_word' id='word_1_713' title='bbox 2310 5155 2430 5193; x_wconf 91' lang='lat' dir='ltr'><strong>sum</strong></span> <span class='ocrx_word' id='word_1_714' title='bbox 2462 5155 2622 5196; x_wconf 90' lang='lat' dir='ltr'><strong>omne</strong></span> <span class='ocrx_word' id='word_1_715' title='bbox 2644 5152 2944 5212; x_wconf 81' lang='lat' dir='ltr'><strong>peccatum.</strong></span> 
     </span>
    </p>
   </div>
   <div class='ocr_carea' id='block_1_111' title="bbox 1808 5229 3296 5308">
    <p class='ocr_par' dir='ltr' id='par_1_111' title="bbox 1808 5229 3296 5308">
     <span class='ocr_line' id='line_1_111' title="bbox 1808 5229 3296 5308; baseline 0.006 -24"><span class='ocrx_word' id='word_1_716' title='bbox 1808 5229 1929 5284; x_wconf 86' lang='lat'><strong>105.</strong></span> <span class='ocrx_word' id='word_1_717' title='bbox 1965 5229 2100 5284; x_wconf 87' lang='lat' dir='ltr'><strong>Cum</strong></span> <span class='ocrx_word' id='word_1_718' title='bbox 2117 5232 2321 5298; x_wconf 86' lang='lat' dir='ltr'><strong>peccati</strong></span> <span class='ocrx_word' id='word_1_719' title='bbox 2347 5233 2580 5287; x_wconf 66' lang='lat' dir='ltr'><strong>tenebrae</strong></span> <span class='ocrx_word' id='word_1_720' title='bbox 2603 5233 2863 5303; x_wconf 86' lang='lat' dir='ltr'><strong>ingruunt</strong></span> <span class='ocrx_word' id='word_1_721' title='bbox 2884 5235 3040 5302; x_wconf 89' lang='lat' dir='ltr'><strong>mihi,</strong></span> <span class='ocrx_word' id='word_1_722' title='bbox 3072 5249 3296 5308; x_wconf 86' lang='lat' dir='ltr'><strong>apparet</strong></span> 
     </span>
    </p>
   </div>
   <div class='ocr_carea' id='block_1_112' title="bbox 1735 5319 3295 5394">
    <p class='ocr_par' dir='ltr' id='par_1_112' title="bbox 1735 5319 3295 5394">
     <span class='ocr_line' id='line_1_112' title="bbox 1735 5319 3295 5394; baseline 0.007 -22"><span class='ocrx_word' id='word_1_723' title='bbox 1735 5319 1866 5373; x_wconf 86' lang='lat' dir='ltr'><strong>mihi</strong></span> <span class='ocrx_word' id='word_1_724' title='bbox 1901 5334 2096 5375; x_wconf 87' lang='lat' dir='ltr'><strong>nomen</strong></span> <span class='ocrx_word' id='word_1_725' title='bbox 2132 5331 2306 5386; x_wconf 91' lang='lat' dir='ltr'><strong>tuum,</strong></span> <span class='ocrx_word' id='word_1_726' title='bbox 2349 5338 2416 5376; x_wconf 88' lang='lat' dir='ltr'><strong>ne</strong></span> <span class='ocrx_word' id='word_1_727' title='bbox 2451 5321 2729 5377; x_wconf 76' lang='lat' dir='ltr'><strong>oﬂ’endens</strong></span> <span class='ocrx_word' id='word_1_728' title='bbox 2767 5322 2820 5376; x_wconf 91' lang='lat' dir='ltr'><strong>in</strong></span> <span class='ocrx_word' id='word_1_729' title='bbox 2866 5334 3169 5394; x_wconf 86' lang='lat' dir='ltr'><strong>peceatum.</strong></span> <span class='ocrx_word' id='word_1_730' title='bbox 3201 5344 3295 5382; x_wconf 84' lang='lat' dir='ltr'><strong>ca-</strong></span> 
     </span>
    </p>
   </div>
   <div class='ocr_carea' id='block_1_113' title="bbox 1734 5412 3296 5484">
    <p class='ocr_par' dir='ltr' id='par_1_113' title="bbox 1734 5412 3296 5484">
     <span class='ocr_line' id='line_1_113' title="bbox 1734 5412 3296 5484; baseline 0.004 -17"><span class='ocrx_word' id='word_1_731' title='bbox 1734 5413 1880 5475; x_wconf 76' lang='lat' dir='ltr'><strong>dam,</strong></span> <span class='ocrx_word' id='word_1_732' title='bbox 1916 5422 2009 5466; x_wconf 89' lang='lat' dir='ltr'><strong>aut</strong></span> <span class='ocrx_word' id='word_1_733' title='bbox 2036 5412 2196 5466; x_wconf 90' lang='lat' dir='ltr'><strong>etiam</strong></span> <span class='ocrx_word' id='word_1_734' title='bbox 2226 5424 2405 5468; x_wconf 88' lang='lat' dir='ltr'><strong>mente</strong></span> <span class='ocrx_word' id='word_1_735' title='bbox 2445 5428 2577 5468; x_wconf 81' lang='lat' dir='ltr'><strong>mea-</strong></span> <span class='ocrx_word' id='word_1_736' title='bbox 2616 5415 2910 5484; x_wconf 87' lang='lat' dir='ltr'><strong>percutiar,</strong></span> <span class='ocrx_word' id='word_1_737' title='bbox 2941 5426 2996 5471; x_wconf 89' lang='lat' dir='ltr'><strong>et</strong></span> <span class='ocrx_word' id='word_1_738' title='bbox 3021 5417 3296 5473; x_wconf 87' lang='lat' dir='ltr'><strong>illuminat</strong></span> 
     </span>
    </p>
   </div>
   <div class='ocr_carea' id='block_1_114' title="bbox 1734 5503 2253 5570">
    <p class='ocr_par' dir='ltr' id='par_1_114' title="bbox 1734 5503 2253 5570">
     <span class='ocr_line' id='line_1_114' title="bbox 1734 5503 2253 5570; baseline -0.004 -14"><span class='ocrx_word' id='word_1_739' title='bbox 1734 5519 1839 5566; x_wconf 86' lang='lat' dir='ltr'><strong>me,</strong></span> <span class='ocrx_word' id='word_1_740' title='bbox 1867 5503 1996 5570; x_wconf 88' lang='lat' dir='ltr'><strong>quid</strong></span> <span class='ocrx_word' id='word_1_741' title='bbox 2037 5504 2253 5557; x_wconf 69' lang='lat' dir='ltr'><strong>iaciam.</strong></span> 
     </span>
    </p>
   </div>
   <div class='ocr_carea' id='block_1_115' title="bbox 1809 5593 3290 5668">
    <p class='ocr_par' dir='ltr' id='par_1_115' title="bbox 1809 5593 3290 5668">
     <span class='ocr_line' id='line_1_115' title="bbox 1809 5593 3290 5668; baseline 0.001 -19"><span class='ocrx_word' id='word_1_742' title='bbox 1809 5595 1925 5649; x_wconf 87' lang='lat'><strong>106.</strong></span> <span class='ocrx_word' id='word_1_743' title='bbox 1969 5594 2346 5651; x_wconf 76' lang='lat' dir='ltr'><strong>Juramentum</strong></span> <span class='ocrx_word' id='word_1_744' title='bbox 2403 5593 2536 5651; x_wconf 83' lang='lat' dir='ltr'><strong>ﬁdes</strong></span> <span class='ocrx_word' id='word_1_745' title='bbox 2577 5605 2661 5651; x_wconf 87' lang='lat' dir='ltr'><strong>est</strong></span> <span class='ocrx_word' id='word_1_746' title='bbox 2700 5615 2713 5650; x_wconf 91' lang='lat'><strong>:</strong></span> <span class='ocrx_word' id='word_1_747' title='bbox 2753 5597 2978 5651; x_wconf 79' lang='lat' dir='ltr'><strong>credens</strong></span> <span class='ocrx_word' id='word_1_748' title='bbox 3025 5596 3190 5668; x_wconf 87' lang='lat' dir='ltr'><strong>igitur</strong></span> <span class='ocrx_word' id='word_1_749' title='bbox 3236 5599 3290 5652; x_wconf 91' lang='lat' dir='ltr'><strong>in</strong></span> 
     </span>
    </p>
   </div>
   <div class='ocr_carea' id='block_1_116' title="bbox 1731 5689 3293 5758">
    <p class='ocr_par' dir='ltr' id='par_1_116' title="bbox 1731 5689 3293 5758">
     <span class='ocr_line' id='line_1_116' title="bbox 1731 5689 3293 5758; baseline 0.002 -16"><span class='ocrx_word' id='word_1_750' title='bbox 1731 5698 1803 5755; x_wconf 85' lang='lat' dir='ltr'><strong>te,</strong></span> <span class='ocrx_word' id='word_1_751' title='bbox 1839 5689 2122 5742; x_wconf 81' lang='lat' dir='ltr'><strong>oblirmavi</strong></span> <span class='ocrx_word' id='word_1_752' title='bbox 2171 5703 2265 5743; x_wconf 90' lang='lat' dir='ltr'><strong>cor</strong></span> <span class='ocrx_word' id='word_1_753' title='bbox 2309 5703 2511 5744; x_wconf 89' lang='lat' dir='ltr'><strong>meum.</strong></span> <span class='ocrx_word' id='word_1_754' title='bbox 2563 5699 2620 5743; x_wconf 91' lang='lat' dir='ltr'><strong>ut</strong></span> <span class='ocrx_word' id='word_1_755' title='bbox 2668 5690 2917 5758; x_wconf 86' lang='lat' dir='ltr'><strong>impleam</strong></span> <span class='ocrx_word' id='word_1_756' title='bbox 2961 5689 3293 5747; x_wconf 68' lang='lat' dir='ltr'><strong>voluntatem</strong></span> 
     </span>
    </p>
   </div>
   <div class='ocr_carea' id='block_1_117' title="bbox 1731 5783 2142 5838">
    <p class='ocr_par' dir='ltr' id='par_1_117' title="bbox 1731 5783 2142 5838">
     <span class='ocr_line' id='line_1_117' title="bbox 1731 5783 2142 5838; baseline -0.012 0"><span class='ocrx_word' id='word_1_757' title='bbox 1731 5783 1991 5838; x_wconf 74' lang='lat' dir='ltr'><strong>b0nitatil</strong></span> <span class='ocrx_word' id='word_1_758' title='bbox 2019 5789 2142 5834; x_wconf 62' lang='lat' dir='ltr'><strong>tua.</strong></span> 
     </span>
    </p>
   </div>
   <div class='ocr_carea' id='block_1_118' title="bbox 2935 5875 3011 5934">
    <p class='ocr_par' dir='ltr' id='par_1_118' title="bbox 2935 5875 3011 5934">
     <span class='ocr_line' id='line_1_118' title="bbox 2935 5875 3011 5934; baseline 0.039 -3"><span class='ocrx_word' id='word_1_759' title='bbox 2935 5875 3011 5934; x_wconf 85' lang='lat'><strong>38</strong></span> 
     </span>
    </p>
   </div>
  </div>
