4066 6318
108 328 267 384 1197

104 533 233 584 ἀπὸ
256 533 361 584 τῶν
386 535 763 603 δικαιωμάτων
816 553 905 587 σου
926 553 936 564 ’
992 539 1070 590 ὅτι
1105 539 1285 592 ἄδικον
1318 541 1374 592 τὸ
1405 540 1690 612 ἐνθύμημα

106 625 326 677 αὐτῶν.

198 715 322 767 119.
394 717 826 787 Παραὸαίνοντας
888 720 1216 792 ἐλογισάμην
1290 726 1496 787 πάντας
1567 727 1692 788 τοὺς

109 807 480 878 ἁμαρτωλοὺς
515 812 610 879 τῆς
637 810 759 880 γῆς·
796 811 883 864 διὰ
932 813 1086 865 τοῦτο
1142 816 1399 886 ἠγάπησα
1446 817 1512 869 τὰ
1546 836 1690 887 μαρ-

108 898 289 968 τύριά
323 917 434 951 σου.

195 992 320 1045 120.
347 991 664 1062 Καθήλωσον
688 994 749 1046 ἐκ
769 993 858 1046 τοῦ
891 995 1053 1063 φόϐου
1086 1015 1173 1049 σου
1207 999 1304 1061 τὰς
1336 1000 1540 1070 σάρκας
1565 1016 1686 1067 μουο

106 1083 230 1134 ἀπὺ
265 1084 368 1154 γὰρ
397 1085 502 1136 τῶν
533 1087 810 1155 κριμάτων
845 1106 935 1140 σου
974 1089 1262 1160 ἐφοϐήθην.

195 1171 319 1223 121.
359 1174 613 1243 Ἐποίησα
641 1179 812 1246 κρῖμα
863 1179 953 1230 καὶ
998 1179 1356 1251 δικαιοσύνην·
1413 1185 1486 1255 μὴ
1519 1205 1688 1258 παρα-

103 1262 223 1331 δῷς
260 1282 323 1331 με
352 1269 461 1327 τοῖς
488 1267 728 1320 ἀδικοῦσί
756 1287 841 1338 με.

194 1353 314 1406 122.
351 1357 599 1420 Ἕκδεξαι
632 1358 720 1411 τὸν
744 1360 924 1412 δοῦλόν
956 1378 1046 1414 σου
1099 1367 1176 1427 εἰς
1224 1367 1446 1433 ἀγαθόν·
1482 1370 1555 1440 μὴ
1594 1389 1684 1422 συ-

102 1448 612 1517 κοφαντησάτωσάν
655 1467 718 1519 με
743 1452 1095 1523 ὑπερήφανοι.

191 1536 313 1590 125.
359 1541 418 1591 Οἱ
461 1540 725 1610 ὀφθαλμοί
776 1560 875 1612 μου
926 1544 1168 1609 ἐξέλιπον
1193 1549 1283 1610 ἐἰς
1322 1550 1382 1602 τὸ
1424 1553 1684 1620 σωτήριον

104 1644 239 1689 σου,
267 1629 358 1681 καὶ
388 1633 464 1692 εἰς
495 1632 555 1682 τὸ
579 1631 756 1700 λόγιον
780 1634 879 1704 τῆς
907 1637 1249 1710 δικαιοσύνης
1283 1657 1394 1695 σου.

188 1720 316 1773 124.
346 1722 572 1793 Ποίησον
619 1725 755 1794 μετὰ
791 1727 883 1779 τοῦ
927 1728 1109 1782 δούλου
1147 1749 1237 1783 σου
1281 1733 1419 1785 κατὰ
1444 1734 1500 1786 τὸ
1535 1736 1678 1799 ἔλεός

105 1829 236 1874 σου,
267 1812 359 1865 καὶ
388 1815 454 1866 τὰ
483 1816 822 1888 δικαιώματά
857 1837 946 1872 σου
972 1822 1174 1886 δίδαξον
1208 1841 1293 1892 με.

187 1905 314 1956 125.
347 1906 537 1970 Δοῦλός
567 1908 658 1960 σού
687 1912 798 1980 εἰμι
824 1912 955 1979 ἐγὼ,
994 1914 1267 1967 συνέτισόν
1290 1935 1377 1987 με,
1411 1921 1503 1971 καὶ
1537 1921 1675 1987 γνώ-

102 2010 284 2062 σομαι
311 1995 376 2048 τὰ
404 1998 676 2068 μαρτύριά
705 2017 819 2054 σου.

186 2085 310 2140 126.
339 2089 541 2158 Καιρὸς
583 2089 674 2141 τοῦ
714 2092 931 2161 ποιῆσαι
965 2093 1041 2164 τῷ
1086 2097 1305 2167 Κυρίῳ·
1331 2099 1673 2154 διεσκέδασαν

100 2177 204 2228 τῖεν
238 2178 295 2229 νά
303 2195 397 2248 μον
436 2197 548 2231 σου.

186 2270 311 2324 127.
355 2273 450 2324 Διὰ
492 2272 646 2325 τοῦτο
695 2275 955 2348 ἠγάπησα
981 2280 1080 2342 τὰς
1130 2283 1342 2344 ἐντολάς
1388 2303 1478 2337 σου
1544 2289 1676 2357 ὂπέρ

101 2361 356 2429 χρυσίον,
379 2365 469 2414 καὶ
496 2366 766 2428 τοπάζιον.

973 335 1055 386 DE
1099 335 1373 390 TITUIJS
1412 335 1852 390 PSALMORUM.
1894 371 1961 379 --
1999 341 2194 399 PSAL.
2234 344 2461 401 CXVIII.

200 441 320 494 118.
382 440 763 504 Ἑξουδὲνωσας
812 443 1011 505 πάντας
1067 447 1190 507 τοὺς
1263 449 1690 514 ἀποπατοῦντας
1719 457 1764 513 Α

3213 359 3342 412 1198

1864 453 1985 511 118.
2019 454 2274 525 Sprevisti
2304 477 2492 516 omnes
2519 463 2852 522 discedentes
2887 469 3156 538 ajudiciis
3192 477 3297 527 tuis
3329 495 3338 528 :

1793 546 1916 613 quia
1945 548 2144 616 injusta
2169 554 2420 620 cogitatio
2446 570 2658 613 eorum.

1865 725 1983 778 119.
2023 726 2440 788 Praevaricantes
2485 738 2726 802 reputavi
2790 754 2976 793 omnes
3034 754 3342 810 peccatores

1791 825 1944 870 terrze
1975 837 1986 870 :
2020 818 2138 874 ideo
2162 822 2324 876 dilexi
2358 824 2662 880 testimonia
2697 837 2808 882 tua.

1861 996 1979 1050 120.
2005 997 2223 1069 Conﬁge
2263 1003 2455 1058 timore
2486 1014 2578 1059 tuo
2605 1021 2798 1061 carnes
2837 1024 2986 1063 meas
3019 1028 3031 1062 :
3065 1027 3093 1064 a
3117 1012 3341 1077 judiciis

1788 1090 1927 1143 enim
1958 1092 2062 1144 tuis
2091 1094 2264 1147 timui.

1858 1182 1976 1236 121.
2015 1181 2137 1237 Feci
2173 1184 2438 1252 judicium
2472 1197 2525 1243 et
2555 1189 2822 1256 justitiam
2851 1211 2863 1244 :
2894 1208 3001 1246 non
3041 1195 3222 1249 tradas
3256 1212 3340 1249 me

1787 1274 2244 1330 calumniantibus
2269 1294 2374 1330 me.

1859 1367 1976 1420 122.
1998 1367 2220 1438 Suscipe
2247 1384 2460 1424 servum
2492 1378 2640 1426 tuum
2667 1374 2718 1427 in
2743 1374 2940 1429 bonum
2970 1396 2980 1430 :
3005 1394 3107 1432 non
3141 1381 3341 1435 calum-

1783 1458 2003 1512 nientur
2031 1474 2116 1513 me
2163 1462 2402 1530 superbi.

1856 1549 1974 1603 123.
1999 1547 2148 1604 Oculi
2184 1552 2286 1606 mei
2319 1551 2625 1607 defecerunt
2658 1557 2708 1608 in
2741 1557 2980 1612 salutare
3040 1569 3214 1621 tuum,
3279 1571 3332 1613 et

1786 1640 1836 1692 in
1867 1643 2140 1710 eloquium
2169 1643 2392 1711 justitize
2418 1653 2541 1698 ture.

1853 1733 1972 1786 121.
1998 1731 2106 1788 Fac
2121 1748 2242 1787 cum
2272 1750 2429 1789 servo
2463 1747 2556 1790 tuo
2586 1740 2879 1793 secundum
2907 1741 3332 1796 misericordiam

1711 1808 1749 1863 Β
1781 1833 1948 1882 tuam,
1973 1833 2025 1876 et
2052 1824 2469 1892 justilicationes
2497 1838 2616 1881 tuas
2639 1830 2770 1884 doce
2797 1846 2902 1884 me.

1850 1912 1970 1965 125.
2000 1911 2197 1968 Servus
2224 1925 2348 1969 tuus
2379 1933 2497 1970 sum
2542 1933 2661 1986 ego,
2697 1920 2761 1972 da
2813 1922 2942 1973 milii
2985 1922 3331 1986 intellectum,

1777 2018 1827 2059 et
1856 2008 2021 2061 sciam
2052 2009 2358 2062 testimonia
2391 2019 2500 2063 tua.

1848 2101 1968 2154 126.
2025 2101 2260 2170 Tempus
2316 2103 2546 2158 faciendi
2613 2106 2876 2162 Domino:
2934 2109 3332 2179 dissipaverunt

1777 2193 1942 2258 legem
1971 2203 2140 2248 tuam.

1845 2285 1966 2336 127.
2001 2283 2124 2338 Ideo
2173 2286 2336 2340 dilexi
2387 2288 2638 2344 mandata
2674 2299 2766 2344 tua
2819 2307 2981 2361 super
3015 2309 3227 2355 aurum,
3275 2308 3330 2351 et

1775 2376 2043 2444 Iopazion.

1241 2508 1606 2563 ATIIANASII
1638 2507 2212 2563 INTERPRETATIO.

102 2660 208 2712 rod.
235 2658 658 2731 φυλαχθήσομαι.
690 2664 777 2714 καὶ
812 2666 1026 2735 εἰρήνης
1073 2664 1238 2738 οὔσης
1272 2669 1326 2719 ἒν
1358 2669 1498 2738 ἐμοὶ,
1527 2670 1677 2721 οὔδε-

105 2754 214 2822 μία
250 2772 334 2822 μοι
360 2756 490 2823 ἅχλη
520 2754 698 2824 [άλλη]
735 2755 880 2807 ἔσται
906 2757 1201 2828 φροντὶς,ἦ
1245 2760 1318 2829 μὴ
1370 2760 1460 2812 τοῦ
1510 2763 1678 2810 ποιεῖν

97 2844 173 2897 τὸ
199 2843 406 2914 Θελημά
441 2862 531 2896 σου
555 2844 856 2908 διαπαντός.

183 2935 306 2987 118.
342 2937 458 2986 "Ott
487 2937 534 2986 οἱ
572 2937 667 3005 μὲν
723 2938 1040 2989 ἐπίστευσαν
1078 2935 1214 2990 εἷναί
1267 2956 1325 2991 σε
1370 2940 1519 3000 Θεὸν,
1544 2943 1590 2992 οἱ
1621 2941 1675 2992 δὲ

320 3027 334 3038 ι

1777 2671 1917 2732 diar,
1943 2680 2137 2724 etcum
2174 2686 2278 2738 pax
2317 2673 2420 2727 erit
2446 2672 2501 2725 in
2548 2688 2654 2735 me,
2694 2674 2839 2728 nulla
2887 2677 2988 2730 alia
3031 2679 3159 2731 mihi
3194 2695 3324 2734 cura

1776 2763 1897 2823 erit,
1923 2763 2024 2814 nisi
2050 2761 2225 2816 facere
2249 2764 2575 2817 voluntatem
2611 2775 2757 2821 tuam
2783 2784 3011 2836 semper.

1845 2930 1964 2985 118.
1997 2931 2264 2998 Quoniam
2309 2935 2400 2989 alii
2437 2936 2651 3005 quidem
2684 2941 3025 2994 crediderunt
3072 2953 3121 2998 te
3159 2945 3321 2998 Deum

99 3029 174 3095 τῇ
223 3026 489 3096 ἀσελγείᾳ,
528 3028 618 3078 καὶ
646 3031 708 3098 τῇ
739 3028 1032 3098 πλεονεξία,
1062 3030 1153 3082 καὶ
1201 3033 1308 3092 τοῖς
1342 3030 1545 3102 λοιποῖς
1587 3031 1672 3094 ἒξ-

1776 3039 1914 3080 esse.
1942 3027 2029 3080 alii
2057 3037 2236 3081 autem
2270 3029 2505 3084 lascivia:
2527 3040 2580 3084 et
2622 3033 2882 3098 avaritize,
2909 3047 2961 3089 et
2990 3037 3213 3106 reliquis
3246 3040 3327 3092 vi—

99 3117 318 3168 έδωκαν
350 3115 591 3178 ἑαυτούς.

179 3206 302 3259 119.
341 3207 715 3278 Ἐλογισάμην,
770 3209 850 3262 ὅτι
900 3209 1258 3281 ἁπολλύμενοί
1319 3214 1422 3265 εἰσι
1477 3214 1672 3277 πάντες

96 3297 152 3346 oi
185 3299 252 3366 τῇ
277 3298 525 3370 ἀσελγείᾳ
553 3299 950 3369 κεκολλημένοι·
977 3302 1065 3354 διὰ
1093 3303 1246 3354 τοῦτο
1275 3304 1421 3355 ποθῶ
1451 3305 1515 3355 τὰ
1542 3323 1673 3374 μαρ-

97 3388 269 3457 τύριά
301 3406 409 3441 σου·
441 3391 521 3441 ὅτι
548 3388 661 3461 ζωὴ
685 3390 897 3453 αἰώνιός
923 3393 1079 3445 εἰσιν.

180 3480 300 3533 120.
336 3480 645 3551 Πεπηγέναι
677 3483 900 3550 ποίησον
933 3484 1222 3537 ἀσάλευτον
1256 3486 1311 3536 ἐν
1344 3489 1454 3549 τοῖς
1488 3487 1669 3556 μέλεσί

101 3587 208 3637 μου
241 3571 328 3621 τὸν
372 3570 531 3639 φόϐον
582 3589 695 3633 σου,
742 3574 827 3625 ἵνα
881 3577 1280 3647 νενεκρωμένος
1336 3579 1563 3648 ὑπάρχω
1603 3582 1665 3647 τῇ

97 3660 366 3731 ἁμαρτίᾳ·
397 3662 602 3732 ἥκουσα
627 3665 733 3734 γὰρ
777 3667 902 3737 περὶ
935 3668 1041 3721 τῶν
1097 3670 1325 3722 αἰωνίων
1377 3671 1664 3728 κολάσεων.

95 3753 199 3803 καὶ
222 3753 508 3824 ἐφοϐήθην.

179 3845 297 3898 19.1.
357 3847 680 3901 Ἐπίστευσα
734 3850 914 3913 καθὼς
983 3853 1226 3906 ἑνετείλω
1295 3870 1408 3922 μοι,
1463 3856 1554 3906 καὶ
1609 3854 1667 3906 τὸ

95 3936 315 4005 Θέλημά
346 3954 437 3989 σου
469 3939 821 4008 πεπλήρωκα·
847 3943 919 4012 μή
939 3946 1294 4014 συγχωρήσῃς
1316 3945 1665 4014 κὀριευθῆναί

97 4045 170 4098 με
199 4028 302 4079 ὑπὸ
330 4029 432 4080 τῶν
455 4032 706 4084 ἐναντίων
732 4033 1025 4102 δυνάμεων.

171 4116 292 4170 122.
355 4121 787 4192 Μακροθύμησον
828 4126 905 4186 εἰς
948 4124 1043 4193 τὴν
1103 4128 1385 4194 μετένοιάν
1433 4144 1554 4196 μου,
1588 4130 1661 4198 μὴ

91 4208 330 4278 εὕρωσιν
360 4212 416 4262 αἱ
451 4213 683 4266 ἐναντίαι
718 4214 969 4285 δυνάμεις
997 4216 1246 4287 ἀφορμήν
1289 4235 1406 4270 τινα
1433 4236 1661 4289 κατηγο-

95 4299 310 4372 ρεῖσθαί
337 4319 400 4370 με
423 4305 556 4373 πρὸς
586 4305 664 4358 σέ.

173 4393 292 4447 125.
324 4397 478 4457 Ὂλος
499 4400 526 4448 ὁ
555 4398 714 4461 πόθος
743 4398 831 4469 μοί
859 4401 973 4451 ἐστι
1003 4401 1060 4453 τὸ
1089 4401 1338 4466 δέξασθαι
1374 4404 1471 4471 τὴν
1498 4404 1654 4474 χάριν
1687 4399 1734 4455 D

94 4501 219 4546 σου,
246 4488 337 4539 καὶ
371 4488 648 4557 πληρῶσαι
684 4491 824 4561 άπερ
850 4492 1096 4545 ὲνετείλω
1133 4510 1240 4562 μοι.

170 4577 291 4630 124.
319 4580 424 4631 Καὶ
460 4579 528 4632 τὰ
571 4580 909 4651 δικαιώματά
960 4601 1050 4635 σου
1096 4585 1316 4653 ποίησον
1352 4587 1464 4654 μετ’
1495 4586 1650 4655 ἐμου,

89 4669 171 4731 ὡς
215 4668 368 4722 εἴωθε
414 4671 474 4723 τὸ
517 4671 660 4734 ἔλεός
703 4690 815 4735 σου,
869 4675 959 4727 καὶ
1009 4676 1148 4728 κατᾶ
1191 4677 1250 4727 τὸ
1295 4677 1518 4747 μέγεθος
1559 4675 1650 4728 τοῦ

92 4761 276 4824 ἐλέους
319 4762 411 4815 καὶ
460 4767 523 4834 τῇ
571 4765 750 4834 χάριτί
795 4784 886 4818 σου
931 4768 1258 4837 καταρτίσαι
1302 4770 1397 4839 τὴν
1427 4767 1651 4834 καρδίαν

94 4868 204 4917 μου
238 4851 496 4906 ἐπιτελεῖν
518 4854 584 4905 τὰ
605 4855 785 4907 δίκαια
813 4858 948 4926 μετὰ
977 4857 1092 4910 σοῦ.

163 5029 283 5080 123.
326 5028 689 5100 Ἐξηγὸρασάς
726 5049 788 5102 με
825 5033 900 5102 τῷ
942 5035 1102 5104 τιμίῳ
1147 5036 1356 5104 αἵματι,
1409 5037 1497 5088 καὶ
1552 5037 1650 5088 ὑπ-

84 5118 255 5181 ἑταξά
279 5135 356 5171 σοι
386 5122 633 5189 ἐμαυτόν·
652 5123 736 5184 δὸς
770 5140 856 5192 μοι
873 5125 968 5192 τὴν
995 5125 1171 5195 χάριν,
1203 5126 1285 5177 ἵνα
1309 5127 1509 5192 ἐπιγνῶ
1533 5128 1649 5189 πῶς

85 5208 355 5261 ἐπιτελεῖν
384 5212 523 5280 ἆπερ
551 5214 797 5265 ἑνετείλω
840 5231 952 5283 μοι.

161 5300 278 5354 126.
316 5302 426 5355 Νῦν
471 5307 612 5356 ἐστιν
659 5306 798 5374 ὑπὲρ
828 5306 926 5374 τῆς
961 5306 1214 5376 ἀληθείας
1251 5325 1341 5360 σου
1383 5308 1648 5375 ἀγωνίσα-

88 5393 215 5444 σθαι
270 5394 370 5457 ἕως
421 5395 680 5461 ϐανάτου,
725 5397 911 5466 ἐπειδὴ
956 5399 1261 5467 ἠρνήσαντο
1318 5399 1414 5469 τὴν
1469 5399 1646 5450 πίστιν

87 5499 204 5535 σου.

160 5573 276 5625 127.
321 5576 416 5628 Διὰ
461 5579 614 5628 τοῦτο
681 5577 878 5646 μᾶλλον
935 5575 1033 5639 τὰς
1080 5575 1234 5643 ἁγίας
1283 5593 1373 5627 σου
1422 5575 1643 5645 Γραφας

85 5663 354 5733 ἐκράτησα
389 5665 529 5734 ὑπὲρ
573 5665 630 5717 τὸ
674 5668 893 5740 χρυσίον
934 5667 994 5718 τὸ
1035 5667 1327 5737 ἐξαίρετον.
1368 5666 1641 5726 Τοπάζὶοι·

82 5754 189 5824 γὰρ
222 5756 439 5823 ἁμῑθὸν
471 5757 843 5828 ἑρμηνεύεται·
875 5760 993 5810 ἐπεὶ
1027 5755 1117 5811 οὖν
1159 5753 1307 5820 οὗτος
1354 5759 1380 5809 ὁ
1413 5758 1639 5821 πλοῦτος

1779 3118 1864 3172 tiis
1888 3135 1944 3173 se
1972 3121 2114 3188 ipsos
2138 3121 2472 3176 tradiderunt

1845 3214 1963 3268 119.
1988 3214 2249 3284 Cogitavi,
2299 3215 2443 3282 quod
2500 3217 2690 3283 perditi
2743 3229 2870 3273 sunt
2930 3238 3163 3286 omnes,
3230 3228 3322 3296 qui

1773 3303 2045 3358 adlmrent
2077 3305 2303 3366 libidini,
2341 3304 2461 3358 ideo
2499 3322 2621 3358 amo
2675 3311 2983 3364 testimonia
3029 3322 3146 3377 tua,
3187 3331 3324 3385 quo-

1773 3397 1915 3448 niam
1951 3405 2075 3448 sunt
2105 3398 2207 3449 vita
2238 3407 2458 3451 aeterna.

1844 3485 1963 3538 120.
1994 3485 2098 3540 Fac
2142 3494 2201 3538 ut
2236 3488 2528 3542 immobilis
2566 3495 2866 3560 conligatur
2905 3496 3064 3550 timor
3103 3507 3230 3553 tuus
3266 3501 3323 3553 in

1772 3577 2025 3629 membris
2074 3578 2229 3640 meis,
2282 3588 2340 3632 ut
2386 3589 2628 3634 mortuus
2681 3584 2782 3635 sim
2839 3599 3079 3652 peccato.
3139 3592 3320 3645 audivi

1769 3668 1910 3721 enim
1941 3669 2003 3723 de
2031 3671 2243 3724 mternis
2273 3671 2568 3738 suppliciis,
2598 3681 2652 3726 et
2688 3674 2864 3728 timui.

1838 3842 1957 3895 121.
1994 3842 2202 3896 Credidi
2229 3843 2690 3911 quomadmodum
2730 3850 2860 3903 mihi
2903 3857 3226 3923 praecepisti,
3261 3867 3318 3910 et

1766 3932 2092 3985 voluntatem
2142 3941 2286 3984 tuam
2315 3933 2528 4001 implevi
2563 3951 2668 3999 ;ne
2721 3939 3020 4004 permittas,
3061 3951 3119 3994 ut
3147 3941 3199 3994 in
3231 3959 3318 3995 me

1764 4022 2108 4076 dominentur
2135 4025 2419 4079 contrariae
2446 4037 2762 4096 potestates.

1830 4114 1950 4166 122.
1994 4115 2262 4172 Patienter
2289 4135 2373 4173 me
2409 4133 2660 4190 exspecta
2703 4123 2769 4178 ad
2811 4127 3203 4192 paenitentiam,
3241 4146 3311 4186 ne

1763 4205 2084 4262 adversariae
2127 4219 2420 4278 potestates
2482 4227 2703 4268 causam
2750 4217 2983 4286 aliquam
3037 4221 3315 4275 inveniant

1763 4301 2050 4354 accusandi
2077 4318 2163 4355 me
2197 4303 2336 4371 apud
2364 4311 2436 4355 te.

1833 4393 1952 4447 123.
1989 4394 2158 4449 Omne
2190 4412 2364 4450 meum
2398 4397 2723 4452 desiderium
2762 4411 2843 4454 est
2881 4404 3108 4471 gratiam
3165 4415 3309 4461 tuam

1756 4486 2017 4553 accipere,
2045 4495 2098 4540 et
2127 4487 2346 4555 implere
2389 4505 2510 4558 quae
2555 4491 2686 4543 mihi
2727 4494 3047 4561 praecepisti.

1826 4577 1945 4629 124.
1997 4577 2060 4629 Ει
2089 4577 2503 4644 justiﬁcationes
2543 4592 2663 4636 tuas
2697 4582 2782 4637 l'ac
2833 4600 3066 4651 mecum,
3113 4604 3308 4658 quem-

1752 4667 2038 4720 admodum
2089 4672 2371 4724 consuevit
2416 4673 2785 4728 misericordia
2829 4685 2920 4729 tua
2947 4717 2962 4741 ,
3020 4687 3070 4730 et
3114 4694 3307 4733 secun-

1749 4760 1875 4811 dum
1933 4760 2357 4829 magnitudinem
2430 4765 2816 4822 misericordiae
2877 4771 3039 4825 etiam
3108 4775 3306 4840 perﬁce

1753 4850 1920 4919 gratia
1967 4861 2058 4903 tua
2106 4867 2200 4905 cor
2248 4869 2449 4918 meum,
2479 4865 2538 4909 ut
2572 4867 2768 4924 tecum,
2799 4876 2916 4928 quae
2960 4861 3105 4930 justa
3155 4876 3299 4929 sunt,

1750 4941 2009 5010 perﬁciat.

1820 5032 1941 5086 125.
1975 5033 2269 5090 Redemisti
2303 5054 2388 5092 me
2415 5042 2648 5109 pretioso
2681 5046 2966 5113 sanguine,
3000 5057 3055 5101 et
3094 5049 3297 5118 subjeci

1749 5123 1842 5176 tibi
1877 5137 1962 5177 me
1992 5125 2188 5193 ipsum,
2221 5127 2287 5181 da
2320 5130 2450 5183 mihi
2479 5133 2732 5198 gratiam,
2763 5146 2823 5189 ut
2853 5153 3141 5207 agnoscam
3167 5158 3300 5210 quo-

1751 5212 1909 5264 modo
1939 5215 2207 5280 perﬁciam
2239 5232 2360 5285 quae
2397 5222 2695 5290 praecepisti
2745 5226 2895 5277 mihi.

1821 5300 1939 5353 126.
1982 5299 2134 5357 Nunc
2180 5312 2393 5374 tempus
2436 5318 2518 5363 est
2558 5311 2832 5368 decertare
2879 5330 2976 5383 pro
3021 5327 3110 5370 tua
3159 5321 3298 5372 veri-

1747 5399 1852 5443 tate
1891 5407 2061 5459 usque
2106 5394 2172 5447 ad
2202 5406 2448 5459 mortem,
2480 5402 2735 5467 quoniam
2769 5419 3099 5474 negaverunt
3141 5407 3298 5462 ﬁdem

1746 5495 1912 5538 tuam.

1820 5577 1936 5630 127.
1985 5576 2271 5648 Propterea
2314 5584 2457 5635 tenui
2510 5587 2681 5654 magis
2734 5601 2948 5646 sanctas
2990 5601 3109 5647 tuas
3150 5593 3298 5650 Scri-

1747 5681 1972 5740 pturas,
2029 5689 2190 5740 quam
2254 5689 2444 5729 aurum
2505 5680 2752 5733 electum.

1745 5763 2128 5831 interpretatur
2187 5765 2373 5820 bonum
2417 5784 2434 5820 :

2828 5682 3091 5752 Topazion
3151 5689 3296 5740 enim

2486 5771 2611 5839 quia
2655 5774 2818 5843 Igitur
2879 5789 3168 5844 praesentes
3216 5781 3298 5833 di-
