4110 6318
828 462 946 517 128.
978 461 1263 532 Propterea
1286 462 1351 516 ad
1385 463 1566 518 omnia
1598 467 1850 518 mandata
1877 472 1964 519 tua
1994 462 2296 534 dirigebar:
2333 467 2377 522 Α

751 567 965 609 omnem
995 555 1136 608 viam
1178 555 1418 624 iniquam
1451 555 1575 610 odio
1603 555 1784 610 habui.

823 646 944 701 129.
982 645 1244 701 Mirabilia
1279 650 1589 704 testimonia
1625 657 1757 704 tua:
1803 649 1922 704 ideo
1956 659 2192 706 scrutata
2230 658 2314 703 est

749 755 813 791 ea
851 738 1028 791 anima
1065 754 1206 792 mea.

823 829 941 883 130.
983 828 1284 885 Declaratio
1315 847 1627 888 sermonum
1670 844 1884 889 tuorum
1922 835 2213 898 illuminat,
2259 843 2313 890 et

751 921 1076 976 intellectum
1115 924 1206 976 dat
1245 926 1506 992 parvulis.

823 1012 944 1065 131.
981 1011 1053 1067 Os
1089 1030 1266 1068 meum
1308 1017 1517 1085 aperui,
1560 1027 1610 1072 et
1635 1019 1829 1072 attraxi
1864 1019 2114 1088 spiritum
2145 1036 2155 1070 :
2184 1019 2309 1088 quia

750 1107 999 1158 mandata
1039 1117 1128 1159 tua
1158 1107 1552 1162 desiderabam.

821 1197 940 1250 132.
983 1198 1174 1267 Aspice
1207 1199 1258 1250 in
1307 1215 1410 1263 me,
1449 1210 1504 1254 et
1554 1201 1809 1256 miserere
1855 1217 1961 1257 met
2016 1203 2310 1257 secundum

748 1288 1008 1352 iudicium
1045 1291 1382 1360 diligentiutn
1421 1308 1618 1347 nomen
1651 1306 1823 1348 tuum.

822 1381 942 1436 155.
993 1381 1222 1437 Gressus
1279 1399 1430 1438 meos
1480 1386 1648 1452 dirige
1689 1387 1987 1440 secundum
2033 1385 2310 1455 eloquium

749 1474 923 1531 tuum,
959 1476 1009 1520 et
1043 1482 1150 1519 non
1186 1468 1493 1520 dominetur
1523 1470 1626 1522 mei
1656 1473 1833 1523 omnis
1870 1469 2150 1538 injustitia.

823 1557 943 1609 154.
987 1555 1208 1610 Redime
1259 1573 1344 1612 me
1377 1575 1406 1612 a
1453 1559 1741 1615 calumniis
1776 1560 2082 1623 hominum,
2117 1567 2170 1613 et
2215 1575 2311 1613 cu-

749 1647 977 1701 stodiam
1013 1649 1261 1702 mandata
1295 1657 1405 1702 tua.

822 1739 943 1793 135.
971 1738 1184 1794 Faciem
1222 1751 1367 1795 tuam
1406 1741 1646 1796 illumina
1676 1757 1838 1814 super
1864 1758 2078 1798 servum
2133 1750 2306 1800 tuum.

746 1838 802 1884 et
834 1831 965 1884 doce
994 1847 1078 1885 me
1108 1831 1525 1900 justiﬁcationcs
1559 1843 1698 1888 tuas.

821 1921 942 1974 1'56.
973 1920 1160 1975 Exitus
1189 1938 1451 1991 aquarum
1477 1924 1814 1978 deduxerunt
1840 1923 1980 1977 oculi
2007 1923 2108 1977 mei
2137 1939 2150 1976 :
2183 1925 2308 1993 quia

750 2025 858 2064 non
887 2012 1152 2066 custodivi
1193 2012 1361 2082 legem
1392 2022 1562 2066 tuam.

823 2103 942 2156 1'57.
992 2103 1181 2158 Justus
1227 2120 1326 2168 es,
1371 2103 1632 2168 Domine,
1676 2113 1732 2159 et
1789 2115 1994 2159 rectum
2041 2104 2307 2173 judicium

751 2202 924 2248 tuum.

813 2286 935 2342 138.
964 2286 1226 2341 Mandasti
1254 2288 1518 2357 justitiam
1560 2288 1869 2344 testimonia
1907 2299 2018 2353 tua,
2067 2298 2120 2341 et
2167 2291 2306 2342 veri-

749 2383 914 2430 tatem
948 2387 1094 2432 tuam
1125 2378 1309 2433 nimis.

1567 343 1624 399 ε.
1669 341 2040 398 ATIIA‘NASII
2081 339 2232 396 OPP.
2277 339 2454 395 PARS
2495 338 2582 393 111.
2618 369 2688 381 -—-
2734 337 3142 395 EXEGETICA.

3851 339 3979 392 ηοο

2478 461 2598 515 1‘28.
2631 462 2728 515 Διὰ
2764 461 2921 514 τοῦτο
2948 461 3083 533 πρὸς
3113 462 3289 524 πάσας
3337 462 3436 524 τὰς
3481 462 3706 524 ἐντολάς
3738 479 3828 514 σου
3858 478 3974 512 κατ-

2412 553 2720 624 ωρθούμηνο
2763 556 2938 607 πᾶσαν
2967 554 3083 607 όὸδν
3114 553 3294 607 ἄδικον
3325 554 3585 623 ἐμίσησα.

2485 647 2602 701 1:29.
2635 647 2932 716 θαυμαστὰ
2965 647 3032 700 τὰ
3078 645 3353 718 μαρτύριὰ
3398 661 3521 698 σου⁶
3560 646 3650 697 διὰ
3688 645 3844 698 τοῦτο
3903 643 3977 708 ἐξ·

2416 739 2700 810 ὲρεύνησεν
2729 740 2865 791 αὐτὰ
2900 741 2932 808 ὴ
2969 738 3112 806 ψυχή
3150 754 3263 790 σου.

2485 831 2602 885 150.
2645 831 2706 883 Ἢ
2735 830 2962 900 δήλωσις
2987 828 3095 882 τῶν
3121 827 3295 898 λόγων
3335 847 3428 883 σου
3475 831 3692 899 φωτιεῖ,
3733 830 3827 880 καὶ
3867 844 3973 879 ουν-

2413 925 2544 974 ετιεῖ
2567 923 2813 992 νηπίους.

2485 1015 2603 1068 151.
2637 1015 2708 1066 Τὸ
2740 1013 2911 1084 στόμα
2950 1030 3052 1085 μου
3091 1013 3306 1084 ἧνοιξα,
3349 1014 3438 1066 καὶ
3486 1013 3720 1066 sax-J71
3754 1011 3971 1080 πνεῦμα·

2411 1105 2491 1158 ὅτι
2523 1107 2616 1168 τας
2649 1105 2864 1165 ἐντολάς
2893 1121 2986 1158 σου
3013 1104 3328 1157 ὲπεποθουν.

2483 1198 2606 1253 152.
2636 1197 2954 1266 Ἐπίόλεψον
2999 1198 3084 1250 ἐπ’
3119 1197 3238 1266 ἐμὲ,
3266 1197 3358 1248 καὶ
3389 1196 3613 1267 ἐλέησόν
3649 1213 3715 1265 με
3752 1195 3889 1248 κατὰ
3925 1194 3976 1247 τὸ

2413 1293 2586 1360 κρῖμα
2607 1289 2713 1342 τῶν
2739 1289 3072 1358 ἀγαπώντων
3101 1289 3161 1342 τὸ
3189 1291 3357 1360 ὄνομα
3395 1307 3519 1356 μου.

2485 1383 2602 1436 155.
2632 1381 2709 1433 Τὰ
2741 1381 2894 1452 διαϐή
2905 1384 3050 1451 ματα
3075 1401 3173 1452 μου
3205 1381 3529 1435 κατεύθυνον
3555 1380 3700 1433 κατὰ
3722 1379 3785 1432 τὸ
3810 1380 3977 1448 λόγιον

2413 1492 2527 1537 σου,
2561 1476 2651 1529 καὶ
2685 1476 2756 1546 μὴ
2782 1477 3260 1546 κατακυριευσάτω
3292 1494 3389 1548 μου
3419 1478 3570 1528 πᾶσα
3602 1476 3826 1544 ἀνομία.

2483 1565 2604 1617 151.
2648 1564 2932 1634 Λύτρωσαί
2984 1583 3048 1635 με
3098 1567 3204 1618 ἀπὸ
3253 1565 3612 1635 συκοφαντίας
3655 1565 3975 1635 ἀνθρώπων,

2412 1657 2502 1708 καὶ
2538 1656 2754 1724 φυλάξω
2782 1657 2878 1717 τὰς
2905 1656 3119 1719 ἐντολάς
3152 1675 3271 1728 μου.

2481 1750 2603 1802 155.
2637 1749 2708 1801 Τὸ
2756 1749 3044 1819 πρόσωπόν
3093 1767 3184 1803 σου
3235 1751 3494 1820 ὲπίςρανον
3533 1752 3625 1803 ἐπὶ
3670 1750 3760 1804 τὸν
3799 1750 3978 1803 δοῦλὸν

2413 1857 2526 1904 σου,
2564 1841 2657 1894 καὶ
2693 1841 2898 1904 δίδαξον
2934 1861 2999 1913 με
3035 1844 3101 1896 τὰ
3129 1844 3467 1915 δικαιώματα
3499 1863 3612 1897 σου.

2478 1931 2596 1986 156.
2635 1934 2910 2000 Διεξόδους
2941 1936 3144 1988 ὑδάτων
3169 1937 3464 1990 κατέδυσαν
3488 1939 3537 1990 οἱ
3559 1938 3827 2008 ὀφθαλμοί
3857 1953 3972 2006 μου·

2404 2023 2523 2076 ἐπεὶ
2555 2027 2652 2078 οὐκ
2684 2027 2921 2094 ἐφύλαξα
2948 2029 3038 2080 τὸν
3065 2030 3227 2100 νόμον
3265 2047 3376 2084 σου.

2476 2118 2595 2171 157.
2630 2119 2844 2183 Δίκαιος
2872 2118 2940 2185 εἴ,
2968 2121 3158 2192 Κύριε,
3194 2125 3286 2176 καὶ
3309 2123 3482 2187 εὐθείς
3511 2127 3565 2177 αἱ
3591 2123 3799 2193 κρίσεις
3829 2140 3940 2175 σου.

2487 2289 2602 2344 158.
2636 2291 2915 2344 Ἐνετείλω
2947 2293 3294 2364 δικαιοσύνην
3323 2296 3388 2349 τὰ
3431 2297 3706 2368 μαρτύριά
3741 2313 3865 2363 σου,
3891 2312 3978 2349 και

2409 2380 2663 2450 ἀλήθειαν
2692 2381 2914 2452 σςόδρα.

1858 2514 2230 2569 ΑΤΙΙᾹΝΑΞΙΙ
2275 2514 2855 2570 INTERPRETATIO.

744 2631 892 2687 vitia:
937 2633 1276 2701 temporariae
1322 2641 1490 2698 sunt,
1544 2647 1720 2701 neque
1771 2642 1987 2702 propter
2049 2633 2301 2687 mandata

744 2732 836 2778 tua
857 2733 1070 2778 aeternae
1090 2725 1373 2790 exsistunt,
1395 2725 1514 2779 ideo
1539 2726 1709 2795 magis
1725 2725 1884 2778 dilexi
1905 2734 2168 2794 praecepta
2187 2732 2300 2779 tua.

814 2906 936 2961 128.
965 2907 1251 2976 Propterea
1285 2907 1352 2960 ad
1383 2922 1569 2961 omnes
1605 2916 1727 2960 tuas
1754 2907 2056 2962 voluntates
2082 2915 2306 2975 paratus

2403 2633 2730 2703 πρόσκαιρός
2765 2635 2929 2696 ἐστιν,
2969 2635 3086 2687 οὐδὲ
3123 2635 3210 2689 διὰ
3248 2633 3354 2687 τῶν
3390 2635 3617 2688 ἐντολῶν
3639 2652 3730 2687 σου
3761 2638 3976 2702 αἰώνιος

2403 2726 2660 2796 ὑπάρχει,
2688 2724 2776 2777 διὰ
2806 2724 2897 2776 τοῦ
2927 2723 3128 2796 [τοῦτο]
3173 2727 3368 2795 μᾶλλον
3405 2729 3666 2798 ἠγάπησα
3698 2729 3799 2790 τὰς
3837 2731 3976 2781 ἐντο-

2403 2818 2498 2878 λάς
2535 2832 2651 2870 σου.

2474 2908 2594 2963 128.
2624 2906 2724 2961 Διὰ
2758 2906 2915 2961 τοῦτο
2947 2907 3079 2978 πρὸς
3109 2908 3280 2960 πάντα
3306 2906 3374 2959 τὰ
3408 2907 3531 2978 θελὴ
3543 2910 3688 2977 ματα
3715 2926 3813 2961 σου
3847 2911 3976 2962 ἕτοι-

742 3015 913 3064 eram,
938 3012 990 3054 et
1013 3016 1172 3054 omne
1197 3010 1474 3068 peccatqu
1504 3000 1845 3053 abominatus
1869 3015 2011 3065 sum,
2042 3001 2298 3070 quoniam
2328 3035 2365 3095 ε

2406 3021 2501 3073 μος
2525 3004 2694 3075 ἥμην,
2717 3003 2810 3056 καὶ
2831 3004 3003 3054 πᾶσαν
3026 3003 3295 3073 ἁμαρτίαν
3318 3006 3551 3072 ἀπεστρε
3563 3003 3760 3071 φὸμην,
3789 3003 3976 3074 ἐπειδὴ

743 3092 798 3144 in
829 3092 1238 3145 retributionem
1273 3091 1522 3159 respicio.

815 3181 934 3236 129.
968 3181 1301 3236 Testimonia
1337 3191 1425 3234 tua
1458 3183 1816 3236 admiratione
1862 3183 2018 3251 plena
2055 3193 2182 3237 sunt
2231 3185 2301 3245 ei,

741 3273 834 3342 qui
887 3273 977 3326 illa
1037 3273 1334 3343 intelligere
1393 3283 1608 3341 potest;
1663 3282 1946 3340 propterea
2000 3273 2301 3328 desideravi

739 3379 1031 3431 agnoscere
1058 3365 1165 3415 vim
1198 3373 1410 3417 tuarum
1446 3362 1870 3431 Scripturat'um.

814 3455 935 3509 130.
971 3453 1346 3523 lnterprctatio
1398 3451 1800 3523 Scripturarum
1843 3464 2058 3509 tuarum
2097 3455 2300 3509 illumi-

740 3556 851 3613 nat,
879 3558 931 3601 et
961 3547 1013 3599 in
1041 3547 1374 3601 intellectum
1409 3547 1646 3612 adducit,
1676 3547 1770 3617 qui
1814 3547 2046 3602 infantes
2089 3559 2216 3603 sunt
2243 3549 2296 3602 in

740 3637 1106 3708 intelligendo.

816 3730 937 3784 131.
989 3727 1189 3782 Sitiens
1237 3729 1462 3796 gratiam
1505 3737 1650 3781 tuam
1699 3729 2018 3797 deprecatus
2053 3744 2172 3782 sum
2223 3738 2294 3793 te,

737 3829 792 3874 et
819 3821 1013 3875 dedisti
1045 3820 1176 3873 mihi
1225 3818 1486 3888 Spiritum
1533 3831 1777 3874 sanctum
1826 3832 1998 3884 tuum,
2038 3821 2295 3889 quoniam

737 3911 1109 3966 desiderabam
1158 3926 1456 3981 agnoscere
1510 3909 1918 3982 Scripturarum
1975 3912 2296 3982 interpreta-

737 4004 959 4058 tionem.

714 4123 717 4126 -
809 4096 928 4151 132.
975 4093 1438 4160 Quemadmodum
1488 4095 1712 4164 respicis
1761 4095 2048 4162 diligentes
2085 4103 2136 4148 te
2168 4111 2290 4149 cum

737 4184 1106 4237 misericordia
1139 4192 1192 4236 et
1224 4183 1569 4237 miseratione
1600 4222 1615 4246 ,
1651 4183 1722 4235 ita
1754 4183 1916 4235 etiam
1955 4198 2040 4234 me
2087 4183 2290 4250 aspice,

735 4283 790 4329 ct
819 4274 1074 4327 miserere
1105 4274 1228 4327 mei.

807 4364 928 4419 155.
972 4363 1078 4419 Fac
1134 4378 1228 4418 cor
1272 4377 1452 4416 meum
1489 4373 1732 4431 prompte
1766 4364 1919 4432 sequi
1956 4362 2286 4416 voluntatem
2322 4380 2364 4434 ι)

736 4465 907 4520 tuam,
938 4466 990 4508 et
1015 4471 1120 4508 non
1146 4456 1341 4525 poterit
1375 4455 1554 4509 omnis
1600 4454 1800 4509 diaboli
1840 4463 2081 4525 potestas
2125 4455 2293 4509 abdu-

735 4562 858 4602 cere
895 4562 980 4601 me
1004 4547 1072 4600 ab
1101 4562 1286 4601 amore
1313 4556 1423 4601 tuo.

807 4731 927 4786 13‘.
962 4729 1154 4784 Libera
1187 4746 1272 4783 me
1309 4730 1378 4785 ab
1401 4729 1550 4785 omni
1597 4729 1903 4786 daemonum
1950 4728 2194 4795 incursu,
2237 4739 2290 4784 ct

735 4824 970 4894 implebo
1002 4823 1253 4878 mandata
1281 4831 1393 4877 tua.

805 4916 926 4969 135.
959 4914 1074 4968 Lux
1112 4917 1294 4984 gratia:
1328 4927 1430 4970 tute
1477 4914 1582 4980 fac,
1618 4923 1678 4970 ut
1718 4916 1999 4969 exoriatur
2045 4931 2097 4969 In
2128 4915 2290 4970 corde

732 5019 875 5066 meo,
922 5013 976 5057 et
1005 5005 1139 5058 doce
1167 5020 1252 5059 me
1299 5004 1618 5072 intelligere,
1653 5011 1708 5058 et
1732 5002 1912 5057 laeerc
1943 5003 2288 5072 justillcatio-

732 5111 830 5149 nes
861 5104 998 5150 tuas.

805 5184 925 5236 136.
959 5183 1175 5239 Fluvios
1209 5185 1568 5239 lacrvmarum
1607 5184 1802 5239 deduxi
1838 5185 1904 5238 ab
1942 5184 2115 5238 oculis
2149 5185 2286 5237 meis

730 5292 993 5343 tremens,
1051 5291 1103 5332 et
1147 5279 1391 5348 cogitans
1436 5277 1578 5345 quod
1635 5293 1742 5330 non
1792 5277 2055 5331 custodivi
2114 5277 2284 5344 legem

732 5377 898 5420 tuam.

804 5459 921 5511 137.
955 5457 1139 5511 Justus
1164 5458 1326 5524 judcx
1364 5472 1441 5518 es,
1474 5456 1720 5522 Domine,
1754 5466 1807 5510 et
1837 5473 1941 5510 non
1987 5467 2068 5511 est
2097 5472 2282 5525 perso-

729 5563 918 5602 narum
955 5550 1192 5617 acceptio
1218 5548 1355 5616 apud
1390 5557 1460 5601 te.

801 5639 920 5693 133.
953 5639 1254 5706 Pnecepisti
1300 5637 1474 5690 facere
1502 5637 1769 5704 justitiam
1809 5637 1863 5692 in
1902 5639 1981 5693 tui
2027 5639 2273 5693 testimo-

729 5728 900 5796 nium,
926 5737 978 5783 et
1011 5729 1140 5782 nihil
1170 5743 1265 5798 per
1300 5728 1719 5784 simulationem.

2407 3095 2486 3157 εὶς
2509 3097 2608 3164 τὴν
2635 3093 3052 3164 μισθαποδοσίαν
3081 3093 3390 3145 ἀποΰλέπω.

2479 3182 2598 3236 1‘29.
2634 3183 2821 3252 Πάσης
2854 3181 3165 3251 ἐκπλήξεως
3202 3183 3338 3250 μετα
3364 3181 3583 3254 [μεστά]
3610 3185 3716 3235 εἰσι
3740 3184 3813 3236 τὰ
3846 3201 3974 3253 μαρ-

2404 3269 2566 3342 τύρια
2596 3287 2690 3324 σου
2725 3269 3004 3340 δυναμένῳ
3038 3270 3176 3323 αὐτὰ
3205 3271 3426 3340 νοῆσαι·
3465 3271 3550 3322 διὰ
3587 3273 3744 3326 τοῦτο
3780 3273 3976 3326 ἐπεθύ-

2407 3379 2553 3431 μησα
2587 3361 2785 3430 γνῶναι
2818 3361 2915 3432 τὴν
2953 3360 3177 3431 δύναμιν
3210 3361 3315 3411 τῶν
3354 3361 3392 3410 Γ
3397 3361 3581 3430 ραφῶν
3609 3379 3723 3416 σου.

2475 3452 2595 3508 150.
2630 3453 2693 3506 Ἦ
2721 3452 2981 3525 ἑρμηνεία
3013 3451 3115 3504 τῶν
3139 3449 3364 3521 ι’ραφῶν
3389 3467 3480 3502 σου
3509 3451 3753 3518 φωτίζει,
3781 3454 3880 3504 καὶ
3904 3453 3975 3513 εἰς

2404 3544 2615 3598 σύνεσιν
2647 3545 2770 3614 ἄγει
2804 3546 2930 3607 τοὺς
2956 3543 3179 3615 νηπίους
3205 3542 3363 3606 ὄντας
3397 3545 3522 3613 περὶ
3550 3543 3643 3596 τοῦ
3684 3545 3908 3615 νοῆσαι,

2471 3726 2592 3780 151.
2621 3727 2797 3797 Διψῶν
2823 3727 2920 3796 τὴν
2946 3727 3103 3798 χάριν
3126 3743 3218 3778 σου
3247 3725 3468 3796 ἐδεήθην
3497 3743 3610 3782 σου.
3641 3727 3738 3779 καὶ
3765 3728 3974 3790 ἔδωκας

2403 3834 2490 3887 μοι
2529 3818 2586 3870 τὸ
2629 3817 2852 3888 Πνεῦμα
2888 3834 2978 3868 σου
3013 3819 3070 3868 τὸ
3111 3817 3283 3885 ἅγιον,
3315 3817 3500 3886 ἐπειδὴ
3529 3817 3844 3872 ἐπεπὸθουν
3877 3836 3971 3887 την

2399 3911 2690 3982 ἑρμηνείαν
2721 3910 2922 3963 γνῶναι
2954 3909 3061 3962 τῶν
3096 3911 3133 3963 Γ
3141 3910 3344 3981 ραφῶν.

2469 4092 2587 4146 152.
2612 4091 2805 4154 Καθὼς
2827 4091 3027 4161 ἐσορᾷς
3047 4092 3168 4153 τοὺς
3191 4092 3516 4158 ἀγαπωντάς
3539 4110 3599 4145 σε
3625 4095 3771 4163 μετὰ
3790 4096 3970 4158 ἐλέους

2396 4183 2490 4235 καὶ
2517 4181 2831 4254 οἰκτιρμῶν,
2855 4181 3024 4244 οὕτως
3051 4183 3389 4252 κάμὲ-ἔπιδε,
3421 4187 3513 4235 καί
3535 4185 3676 4238 ἐλέει
3712 4204 3800 4256 με.

2466 4361 2584 4415 155.
2618 4361 2726 4431 Τὴν
2757 4361 3058 4433 προθυμίαν
3101 4364 3198 4434 τῆς
3223 4364 3447 4434 καρδίας
3478 4383 3579 4435 μου
3608 4369 3841 4436 ποίησον
3888 4371 3965 4435 ἐξ-

2392 4451 2696 4503 ακολουθεῖν
2728 4453 2802 4521 τῷ
2847 4451 3109 4522 θελήματι
3161 4455 3400 4519 σου,’καὶ
3449 4457 3520 4526 μὴ
3581 4459 3779 4532 ἰσχύσῃ
3821 4466 3966 4514 πίσα

2386 4541 2610 4612 δύναμις
2668 4541 2762 4594 τοῦ
2808 4542 3051 4596 διαϐόλου
3098 4545 3400 4616 ἀποστῆσαί
3455 4565 3520 4616 με
3570 4549 3672 4618 τῆς
3727 4555 3865 4622 πρὸς
3912 4556 3964 4604 σὲ

2389 4636 2629 4705 ἀγάπης.

2458 4729 2576 4782 151.
2610 4728 2892 4800 Λύτρωσαί
2924 4746 2989 4799 με
3019 4729 3125 4781 ἀπὸ
3155 4729 3334 4800 πάσης
3362 4730 3618 4802 ἁιςορμῆς
3642 4733 3752 4785 τῶν
3773 4734 3963 4805 δαιμόο

2388 4840 2513 4884 νων,
2545 4823 2637 4875 καὶ
2667 4821 2937 4892 πληρώσω
2965 4822 3060 4885 τὰς
3092 4823 3306 4886 ἐντολάς
3344 4840 3458 4876 σου.

2458 4913 2577 4966 155.
2613 4913 2685 4964 Τὸ
2712 4914 2824 4982 φῶς
2852 4913 2949 4983 τῆς
2976 4914 3190 4984 χάριτός
3218 4931 3307 4966 σου
3337 4913 3620 4968 ἀνατειλον
3649 4917 3708 4968 ἐν
3733 4923 3800 4990 τῇ
3832 4939 3962 4991 καρ-

2382 5004 2468 5075 δίᾳ
2499 5023 2620 5074 μου,
2650 5005 2741 5057 καὶ
2765 5005 2973 5072 δίδαξόν
3006 5023 3072 5075 με
3106 5010 3267 5071 νοεῖν,
3294 5009 3386 5059 καὶ
3418 5012 3594 5061 ποιεῖν
3631 5012 3702 5063 τὰ
3732 5013 3958 5064 δικαιω-

2387 5098 2527 5165 ματᾶ
2561 5114 2668 5150 σου.

2456 5185 2573 5237 156.
2602 5187 2881 5254 Ποταμοὺς
2899 5184 3145 5255 δακρύων
3169 5185 3480 5254 κατήγαγον
3508 5188 3618 5238 ἀπὺ
3637 5189 3743 5240 τῶν
3764 5190 3958 5257 ὀρθαὶ.-

2388 5275 2500 5345 μῶν
2538 5293 2634 5345 μου
2664 5276 2884 5341 κλαίων,
2914 5279 3004 5329 καὶ
3031 5277 3446 5348 ἐνθυμούμενος,
3471 5279 3552 5330 ὅτι
3586 5281 3687 5332 ούκ
3714 5283 3954 5349 ἐφύλαξα

2383 5367 2471 5419 τὸν
2508 5367 2667 5435 νόμον
2701 5383 2813 5418 σου.

2453 5459 2568 5510 157.
2600 5459 2974 5530 Δικαιοκρίτης
2998 5455 3078 5526 εἴ,
3122 5459 3310 5529 Κύριε,
3341 5460 3434 5512 καὶ
3479 5461 3582 5514 οὐκ
3629 5461 3742 5513 ἔστι
3791 5480 3952 5531 προσ-

2379 5549 2659 5617 ωποληψία
2688 5567 2832 5618 παρα
2875 5550 2972 5601 σοί.

2455 5640 2572 5693 158.
2609 5642 2945 5710 Προσὲταξας
2989 5643 3066 5704 εἰς
3115 5640 3416 5710 μαρτυρίαν
3465 5658 3560 5695 σου
3604 5643 3949 5716 δικαιοσύνην

2380 5733 2572 5794 ποιεῖν,
2605 5731 2699 5784 καὶ
2730 5731 2892 5803 μηδὲν
2924 5732 3041 5785 καθ’
3073 5732 3379 5802 ὑπόκρισιν.
