4066 6318
89 368 220 426 1201

933 370 1021 427 DE
1065 370 1338 428 TITULIS
1374 370 1819 427 PSALMORUM.
1857 401 1926 411 —
1964 370 2156 425 PSAL.
2195 369 2422 425 CXVIII.

3160 368 3291 425 1202

165 484 281 538 159.
306 484 549 554 Ἐξέτηξέ
588 500 654 554 με
680 486 706 537 ό
733 482 888 551 ζῆλός
922 500 1041 537 σου·
1078 486 1156 537 ὅτι
1186 486 1504 539 ἐπελάθοντο
1536 484 1625 537 τῶι

1826 483 1943 537 I39.
1984 483 2281 538 Tabescere
2320 500 2405 536 me
2430 481 2553 535 fecit
2580 497 2725 538 zelus
2752 498 2938 539 meus:
2974 484 3098 553 quia
3140 484 3290 539 obliti

88 578 262 645 λόγων
288 593 375 629 σου
411 579 458 629 oi
487 577 667 647 ἐχθροί
700 594 820 647 μου.

160 666 284 720 140.
310 668 707 739 Πεπυρωμένον
738 668 799 719 τὸ
840 667 1018 735 λόγιόν
1061 684 1154 720 σου
1200 669 1433 739 σφοδρα,
1484 685 1576 721 και

87 756 272 818 δοῦλός
298 772 387 808 σου
419 758 699 826 ἠγάπησεν
726 756 875 808 αὑτό.

159 846 281 899 141.
313 846 589 919 Νεώτερος
612 846 719 915 ἐγώ
746 850 859 917 είμι
887 847 977 901 καὶ
1008 846 1441 919 ἑξουδενωμένος,
1475 848 1541 900 τὰ
1566 848 1641 901 δι-

90 933 377 1004 καιώματά
409 952 500 987 σου
531 938 629 988 οὐκ
660 936 1018 1007 ἐπελαθόμην.

157 1026 281 1078 142.
322 1026 382 1077 'II
420 1026 731 1096 δικαιοσύνη
764 1044 854 1080 σου
886 1029 1197 1099 δικαιοσύνη
1228 1030 1307 1093 εἰς
1330 1030 1421 1084 τὸν
1447 1030 1636 1094 αίῶνα,

88 1115 179 1167 καὶ
203 1118 232 1168 ό
261 1117 417 1184 νόμος
445 1134 533 1169 σου
562 1119 802 1189 ἀλήθεια.

158 1207 279 1261 I43.
322 1208 536 1277 Θλίψεις
582 1210 675 1264 καὶ
706 1211 934 1280 ἀνάγκαι
969 1211 1195 1283 εὔροσάν
1224 1231 1313 1283 με,
1347 1216 1401 1268 αἱ
1433 1214 1638 1268 ιντολαί

87 1316 178 1351 σου
212 1300 408 1369 μελέτη
443 1319 563 1370 μου.

157 1384 278 1438 144.
312 1389 627 1461 Δικαιοσύνη
658 1390 727 1444 τὰ
762 1391 1030 1463 μαρτύριά
1077 1409 1167 1446 σου
1212 1394 1291 1457 είς
1318 1394 1410 1447 τὸν
1445 1394 1633 1459 αίῶνα,

89 1475 359 1528 συνέτισόν
393 1496 480 1547 με,
518 1480 608 1532 καὶ
632 1480 882 1552 ζήσομαι.

159 1564 277 1618 145.
310 1567 609 1639 Ἐκέκραξα
662 1574 719 1623 ὲν
772 1571 868 1644 ὅλῃ
911 1574 1102 1644 καρδίᾳ
1150 1591 1287 1643 μου,
1334 1574 1636 1629 ὲπάκουσόν

89 1672 210 1725 μου,
246 1657 435 1727 Κύριε,
463 1659 528 1711 τά
556 1661 892 1727 δικαιώματα
926 1681 1016 1717 σου
1041 1663 1341 1735 ὲκζητήσω.

155 1745 275 1800 I46.
310 1748 610 1821 Ἐχέκραξά
633 1769 733 1817 σοι,
759 1754 928 1810 σῶσόν
946 1772 1035 1826 με,
1061 1757 1154 1811 καὶ
1177 1755 1392 1825 φυλάξω
1414 1754 1483 1809 τά
1504 1773 1636 1828 μαρ-

84 1834 241 1908 τύριᾶ
275 1855 386 1891 σου.

152 1926 273 1980 147.
306 1929 630 2000 Προέφθασα
660 1937 717 1988 ὲν
745 1935 923 2007 ἀωρία
952 1935 1045 1991 καὶ
1080 1936 1368 2005 ἐκέκραξα,
1399 1940 1478 2004 εις
1507 1939 1634 2003 τοὺς

82 2017 271 2085 λόγους
298 2037 389 2075 σου
422 2024 715 2081 ἐπήλπισα.

1744 584 1867 630 sunt
1894 574 2053 628 verba
2079 584 2169 628 tua
2196 575 2395 628 inimici
2424 574 2548 629 mei.

1818 664 1940 718 I40.
1975 666 2205 733 Ignitum
2239 666 2509 732 eloquium
2538 674 2688 719 tuum
2722 669 3081 731 vehementer,
3110 678 3161 720 et
3178 681 3293 721 ser-

1744 771 1843 809 vus
1874 767 1997 810 tuus
2029 756 2214 809 dilexit
2246 756 2392 809 illud.

1816 846 1936 899 I4I.
1984 846 2440 901 Adolescentulus
2469 860 2587 899 sum
2616 861 2716 915 ego
2740 857 2794 901 et
2827 856 3181 916 contemptus,
3205 846 3294 915 ju-

1744 937 2097 993 stiﬁcationes
2121 947 2241 993 tuas
2270 954 2375 993 non
2414 954 2533 993 sum
2555 939 2773 994 oblitus.

1812 1030 1937 1083 m.
1985 1028 2203 1085 Iustitia
2236 1041 2347 1097 tua,
2370 1030 2577 1102 justitia
2606 1032 2658 1085 in
2689 1040 2970 1097 aeternum,
3003 1039 3058 1085 et
3081 1030 3160 1083 lex
3197 1039 3288 1084 tua

1740 1122 1951 1176 veritas.

1810 1211 1933 1265 I43.
1965 1210 2268 1267 Tribulatio
2289 1221 2342 1267 et
2366 1214 2625 1284 angustia:
2656 1214 2971 1268 invenerunt
2999 1230 3101 1279 me,
3138 1230 3291 1270 man-

1739 1301 1864 1357 data
1898 1313 1990 1357 tua
2024 1304 2299 1358 meditatio
2336 1319 2454 1358 mea
2478 1313 2578 1359 est.

1808 1393 1934 1447 I44.
1970 1392 2189 1449 Iustitia
2231 1396 2538 1451 testimonia
2566 1406 2657 1451 tua
2702 1396 2758 1451 in
2805 1407 3085 1464 aternum,
3133 1398 3288 1453 intel-

1737 1480 1940 1537 lectum
1969 1484 2037 1538 da
2068 1485 2222 1549 mihi,
2250 1495 2305 1541 et
2334 1488 2533 1540 vivam.

1808 1572 1931 1627 I45.
1959 1572 2199 1628 Clamavi
2235 1577 2288 1629 in
2314 1585 2425 1631 toto
2456 1577 2616 1632 corde
2635 1592 2775 1645 meo,
2813 1582 3008 1636 exaudi
3046 1598 3150 1644 me.
3181 1582 3287 1635 Do-

1737 1662 1900 1725 mine,
1922 1662 2338 1731 justiﬁcationes
2372 1677 2490 1722 tuas
2514 1670 2807 1739 requiram.

1806 1754 1929 1809 I46.
1958 1754 2199 1812 Clamavi
2233 1758 2300 1812 ad
2332 1769 2403 1826 te,
2430 1761 2635 1815 salvum
2659 1778 2744 1817 me
2770 1762 2875 1828 fac,
2907 1772 2960 1817 et
2988 1766 3283 1821 custodiam

1734 1848 1980 1901 mandata
2007 1859 2116 1902 tua.

1808 1937 1931 1993 I47.
1964 1937 2201 1993 Praveni
2230 1942 2283 1993 in
2321 1942 2651 1999 maturitate.
2678 1951 2733 1999 et
2768 1945 3033 2000 clamavi:
3066 1947 3192 2016 quia
3228 1948 3283 2003 in

1740 2030 1909 2085 verba
1938 2038 2029 2085 tua
2056 2033 2450 2103 supersperavi.

1198 2188 1565 2246 ATHANASII
1600 2188 2173 2247 INTERPRETATIO.

151 2320 271 2376 I39.
309 2322 648 2395 Ἐμαράνθην
687 2324 803 2388 ὅλος
835 2326 939 2380 ἀπὸ
982 2325 1076 2381 τοῦ
1100 2327 1260 2400 ζήλου
1290 2347 1415 2402 περ.
1442 2346 1521 2394 σε,
1552 2329 1631 2383 δτι

83 2415 190 2484 ὁρῶ
227 2418 352 2479 τοὺς
398 2419 701 2487 αἱρετικοὺς
749 2418 963 2473 ἐναντία
1006 2420 1114 2475 τῶν
1143 2412 1372 2492 Γραφῶν
1411 2440 1503 2475 σου
1536 2422 1631 2476 λα-

83 2506 270 2568 ϐόντας
302 2508 427 2577 περὶ
459 2509 554 2579 τῆς
585 2509 815 2574 πίστεώς
836 2530 947 2565 σου.

154 2596 268 2649 140.
290 2598 499 2669 Ἐπειδὴ
531 2600 639 2672 πῦρ
669 2603 823 2665 αὐτὸς
850 2603 1079 2674 ὑπάρχει
1102 2602 1432 2676 (ὑπάρχεις],
1470 2622 1634 2657 πεπυο

86 2690 401 2758 ρακτωμένα
424 2692 516 2744 καὶ
545 2693 611 2745 τὰ
640 2692 793 2761 λόγιά
826 2694 916 2745 σού
947 2698 1051 2747 εισι
1079 2697 1213 2766 πρὸς
1237 2696 1295 2747 τὸ
1322 2695 1631 2748 κατακαίειν

84 2777 229 2841 ξύλα,
266 2780 492 2850 χόρτον,
537 2781 779 2851 καλάμου
840 2781 1171 2855 [καλάμην],
1222 2788 1459 2838 τουτέστι
1514 2788 1631 2848 ταῖς

84 2875 338 2941 πονηραῖς
360 2872 585 2942 πράξεσι
613 2872 731 2945 [τάς
755 2875 990 2945 πονηρὰς
1012 2875 1277 2947 πράξεις].
1298 2878 1353 2930 Ὀ
1372 2877 1427 2929 δὲ
1452 2876 1632 2939 δοῦλός

85 2976 171 3010 σου
208 2962 460 3031 ὑπάρχων
490 2964 675 3034 ἀγαπᾷ
700 2964 761 3016 τὸ
791 2964 965 3032 λόγιόν
999 2983 1112 3027 σου,
1163 2967 1345 3036 ἐπειδὴ
1378 2985 1632 3039 πεπυρω-

86 3048 236 3116 μένον
273 3050 525 3121 ὑπάρχων
557 3052 904 3123 καταφθείρει
934 3054 1030 3117 τὰς
1056 3054 1294 3117 ἀκάνθας
1318 3054 1410 3107 τοῦ
1440 3055 1574 3124 βίου.

1803 2329 1922 2384 I30.
1956 2328 2203 2383 Emarcui
2236 2338 2381 2383 totus
2426 2327 2497 2383 ob
2532 2327 2706 2382 zelum
2741 2343 2867 2399 erga
2905 2338 2975 2394 te,
3024 2331 3279 2399 quoniam

1731 2418 1888 2475 video
1940 2420 2221 2476 haereticos
2272 2421 2544 2476 contraria
2607 2419 2730 2476 Ilch
2779 2431 2883 2477 tua:
2926 2431 3200 2479 sumentes
3250 2440 3281 2480 ο

1730 2509 2023 2578 Seripturis
2053 2510 2182 2564 tuis.

1805 2599 1927 2653 140.
1957 2599 2223 2666 Quoniam
2251 2600 2391 2670 ignis
2420 2616 2535 2671 ipse
2570 2616 2651 2667 es,
2677 2610 2730 2655 et
2757 2602 2918 2672 ignita
2952 2604 3162 2673 eloquia
3190 2614 3280 2659 tua

1733 2702 1857 2746 sunt
1884 2692 1949 2745 ad
2000 2693 2425 2745 comburendum
2473 2693 2638 2761 ligna,
2690 2692 2892 2759 fenum,
2938 2695 3188 2764 stipulam
3212 2697 3279 2760 “,

1733 2782 1835 2835 hoc
1864 2789 1949 2835 est
1978 2781 2251 2849 improbas
2281 2782 2540 2835 actiones.
2590 2781 2692 2847 Qui
2729 2792 2903 2836 autem
2934 2798 3123 2837 servus
3156 2793 3280 2839 tuus

1730 2881 1833 2935 cst,
1872 2873 2044 2942 diligit
2084 2872 2359 2941 eloquium
2396 2882 2571 2939 tuum,
2595 2873 2875 2941 quoniam,
2901 2890 3023 2929 cum
3054 2876 3280 2944 ignitum

1732 2960 1820 3027 sit,
1856 2962 1978 3016 vitae
2010 2962 2193 3032 spinas
2221 2962 2507 3016 comburit.

148 3139 266 3193 141.
302 3116 449 3208 ‘5de
486 3142 578 3196 νῦν
625 3116 873 3217 ἠρξάμην
916 3146 1008 3199 τοῦ
1048 3146 1363 3217 ἐπιστρέψαι
1399 3116 1533 3219 πρὸς
1571 3149 1625 3202 σὲ

1806 3137 1925 3191 141.
1977 3135 2088 3207 Ego
2130 3153 2270 3192 nunc
2303 3138 2440 3207 coepi
2482 3151 2793 3193 convertere
2842 3154 2927 3192 me
2971 3153 2998 3191 a
3048 3137 3282 3207 peccatis

83 3232 183 3283 ἀπὸ
208 3230 317 3283 τῶν
345 3233 625 3305 ἁμαρτιῶν
651 3254 771 3306 μου,
798 3238 891 3290 καὶ
920 3239 1116 3301 πάντες
1147 3240 1342 3303 ὄνειδός
1376 3256 1441 3310 με
1480 3240 1631 3310 ἔχου-

84 3339 161 3372 σιν
188 3323 261 3384 ὡς
291 3324 639 3395 ἁμαρτωλόν·
686 3327 794 3395 ἐγὼ
823 3329 877 3381 δὲ
911 3328 1292 3401 ὀνειδιζόμενος
1330 3332 1418 3384 ὑπ’
1453 3330 1628 3384 αὐτῶν

84 3412 144 3464 τὰ
176 3412 516 3486 δικαιώματά
549 3435 638 3471 σου
668 3420 977 3488 ἐφύλαττον.

147 3505 264 3558 142.
303 3509 360 3559 '0
392 3508 557 3561 ποιῶν
596 3510 692 3580 τὴν
722 3510 1059 3581 δικαιοσύνην
1113 3514 1318 3577 δίκαιός
1364 3515 1508 3567 ἐστιν
1548 3516 1625 3577 είς

82 3594 164 3647 τὸν
191 3598 380 3660 αἰῶνα,
411 3600 503 3651 καὶ
535 3600 707 3653 πάντα
736 3602 833 3654 ὅσα
857 3602 1163 3673 ὲπηγγείλω
1190 3605 1316 3677 περὶ
1352 3605 1457 3660 τῶν
1502 3606 1626 3677 μελ-

81 3687 268 3739 λόντων
296 3690 511 3757 ἀγαθῶν
538 3692 760 3763 ἁλήθειά
792 3696 956 3748 ἐστιν.

147 3779 264 3833 I43.
296 3782 524 3846 Ἔνδεια,
549 3785 640 3837 καὶ
670 3785 905 3855 διωγμὸς
924 3786 1147 3859 εὖροσάν
1172 3805 1260 3858 με,
1292 3788 1400 3857 ἐγὼ
1437 3789 1491 3842 δὲ
1526 3790 1626 3844 ὑπ-

83 3872 424 3942 εμνησκόμην
450 3874 545 3941 (a),
568 3876 649 3927 ὅτι
676 3880 978 3947 περιείπαςο
1002 3877 1285 3947 Μακάριοι
1307 3883 1359 3934 ol
1382 3880 1626 3935 πεινῶν-

84 3974 172 4022 τες
196 3958 320 4030 [real
359 3960 648 4030 διψῶντες
675 3964 790 4031 τὴν
826 3964 1269 4038 δικαιοσύνην],
1309 3967 1405 4020 καί
1438 3968 1627 4036 μακά-

74 4052 191 4113 ριοί
217 4051 376 4112 ἐστε,
411 4052 555 4105 ὅταν
587 4055 963 4109 ὀνειδίσωσιν
993 4056 1166 4127 ὑμᾶς,
1196 4060 1292 4112 καὶ
1316 4060 1584 4124 διώξωσι.

148 4138 261 4193 144.
298 4144 615 4217 Δικαιοσύνη
648 4150 763 4202 ἐστὶ
793 4152 860 4204 τὰ
894 4151 1165 4223 μαρτύριά
1194 4169 1285 4206 σου
1316 4156 1407 4206 καὶ
1436 4156 1624 4216 είςτὸν

83 4232 187 4297 νῦν,
216 4237 312 4290 καὶ
344 4240 422 4301 είς
450 4239 707 4309 μέλλοντα
737 4242 927 4297 αἰῶνα·
961 4245 1231 4299 συνέτισόν
1262 4263 1327 4315 με
1350 4246 1505 4309 αὐτὰ,
1532 4246 1624 4299 καὶ

85 4320 309 4393 ζήσομαι
340 4328 406 4379 δι’
435 4329 632 4382 αὐτῶν.

147 4413 263 4468 I45.
301 4417 489 4487 Κύριε,
539 4421 957 4493 μακροθύμησον
993 4422 1078 4475 ἐπ’
1118 4423 1267 4492 ἐμοὶ,
1319 4425 1411 4476 καὶ
1453 4424 1624 4478 πάντα

86 4520 159 4555 σοι
210 4506 470 4561 ἀποδώσω
494 4528 505 4540 ·
546 4512 817 4581 ὲπιὸλέψω
870 4512 977 4584 γὰρ
1007 4516 1085 4576 εις
1119 4513 1217 4577 τὰς
1250 4514 1467 4585 Γραφάς
1506 4533 1620 4576 σου.

83 4595 166 4646 καὶ
199 4596 289 4649 ἐπὶ
321 4598 517 4664 γνῶσιν
552 4600 602 4652 τί
642 4599 758 4671 [καὶ
793 4603 1075 4671 ὲπέγνωκα
1112 4602 1186 4677 τί]
1211 4604 1309 4658 οὐκ
1336 4604 1625 4675 ὲπλήρωσα

84 4685 134 4735 Iv
156 4686 360 4749 αὑταῖς,
390 4690 480 4741 καὶ
502 4688 658 4742 τοῦτό
685 4708 763 4743 σοι
800 4692 1195 4763 ἀποπληρώσω.

145 4774 260 4828 I46.
293 4777 383 4829 ‘Ev
412 4778 568 4851 ὀδύνῃ
590 4780 689 4849 τῆς
716 4782 936 4853 καρδίας
970 4800 1071 4853 μου
1112 4784 1245 4856 πρὸς
1286 4786 1344 4839 σέ
1366 4801 1379 4815 ’
1411 4784 1621 4854 βεδυθι-

86 4866 263 4931 σμένον
287 4869 416 4921 ὄντα
456 4888 521 4940 με
564 4872 668 4925 ὑπὸ
702 4873 798 4942 τῆς
836 4874 1107 4943 ἁμαρτίας
1142 4874 1334 4939 σῶσον,
1374 4877 1448 4938 ὡς
1486 4873 1621 4928 ἐσω-

84 4970 171 5017 σις
226 4958 313 5010 τὸν
350 4960 551 5032 Πέτρον
591 4964 647 5014 ὲν
684 4964 762 5032 τῷ
798 4964 1020 5018 κλύδωνι
1070 4966 1165 5036 τῆς
1200 4965 1504 5037 θαλάσσης,
1535 4967 1625 5018 καὶ

84 5046 172 5097 οὐκ
209 5047 272 5099 ἂν
313 5048 457 5102 ἐάσω
485 5051 551 5104 τὰ
582 5052 853 5125 μαρτύριά
882 5073 996 5109 σου.

144 5136 258 5192 147.
309 5141 395 5202 Ὠς
426 5142 640 5213 ἑώρακα
662 5146 1031 5215 ἡσυχάζουσαν
1059 5147 1155 5217 τὴν
1185 5146 1361 5217 ψυχήν
1395 5164 1493 5216 μου
1518 5148 1623 5199 ἀπὸ

82 5226 175 5279 τῶν
196 5233 522 5302 ἐνοχλουσῶν
550 5237 734 5308 αὐτὴν,
757 5237 1201 5309 ὲξωμολογούμην
1226 5256 1305 5291 σοι
1328 5239 1423 5302 τάς
1450 5240 1623 5310 ἀμαρ-

82 5322 188 5385 τίας
218 5343 340 5394 μουσ
381 5327 582 5397 ἤλπισα
622 5330 727 5398 γὰρ
770 5333 849 5392 εἰς
892 5331 1015 5392 τοὺς
1052 5331 1240 5396 λόγους
1280 5349 1392 5392 σου,
1433 5332 1511 5383 ὄτι
1549 5328 1617 5401 ἧς

82 5411 297 5482 εἰρηκώς
319 5432 333 5445 ·
366 5417 540 5471 Δεῦτε
571 5420 716 5485 πρός
739 5437 812 5487 με
840 5418 1056 5485 πάντες
1088 5422 1141 5471 οἱ
1168 5419 1488 5485 κοπιῶντες
1515 5422 1611 5473 καὶ

82 5506 546 5575 πεφορτισμένοι,
581 5508 739 5577 κάγὼ
767 5511 1093 5565 ἀναπαύσω
1126 5509 1295 5580 ὑμᾶς.

1729 3230 1866 3284 meis
1905 3231 1970 3285 ad
2020 3240 2089 3292 te,
2125 3240 2177 3285 et
2223 3245 2411 3285 omnes
2443 3244 2529 3284 me
2574 3230 2864 3299 npprobrio
2895 3231 3113 3293 habent,
3156 3241 3275 3285 tan-

1728 3337 1890 3391 quam
1924 3330 2259 3390 peccatorem
2288 3338 2302 3385 ;
2335 3333 2435 3388 ego
2462 3328 2641 3373 autem
2670 3320 3024 3390 opprobratus
3046 3322 3114 3375 ab
3143 3322 3277 3390 ipsis

1719 3412 2138 3481 justiﬁcationes
2171 3420 2292 3465 tuas
2324 3412 2611 3467 custodivi.

1798 3502 1919 3557 142.
1946 3502 2171 3557 Faciens
2203 3503 2470 3571 justitiam
2500 3504 2684 3573 justus
2712 3516 2793 3559 est
2824 3505 2877 3557 in
2911 3514 3194 3568 aeternum,
3224 3516 3275 3559 et

1723 3608 1784 3648 ea
1829 3594 2031 3658 omnia,
2065 3608 2184 3664 qua
2210 3595 2275 3647 de
2314 3596 2551 3650 venturis
2596 3595 2753 3651 bonis
2792 3596 3107 3665 promisisti,
3140 3599 3275 3652 veri-

1722 3692 1803 3737 tas
1833 3690 1978 3737 sunt.

1795 3774 1914 3827 I43.
1970 3774 2265 3845 lndigentia
2323 3784 2377 3829 et
2434 3778 2737 3845 persecutio
2788 3778 3106 3830 Invenerunt
3166 3792 3274 3843 me,

1722 3882 1822 3937 ego
1855 3877 2036 3921 autem
2072 3866 2383 3923 recordatus
2412 3884 2553 3931 sum,
2582 3870 2839 3939 quoniam
2871 3868 3053 3922 dixisti
3079 3888 3091 3921 :
3124 3867 3274 3923 Beati

1724 3959 1814 4028 qui
1842 3959 2083 4010 esuriant
2114 3956 2184 4029 [et
2206 3958 2392 4010 sitiunt
2414 3957 2721 4029 iustitiam],
2750 3969 2799 4011 et
2828 3961 2965 4012 beati
2983 3962 3125 4024 estis,
3156 3974 3274 4013 cum

1723 4047 2095 4099 maledixerint
2125 4047 2287 4110 vobis,
2317 4056 2366 4099 et
2392 4047 2646 4115 persecuti
2673 4061 2758 4100 vos
2791 4046 2985 4114 fuerint
3000 4046 3064 4100 ⁸⁸.

1794 4137 1915 4191 I44.
1952 4135 2168 4191 Iustitia
2204 4146 2332 4191 sunt
2356 4138 2661 4193 testimonia
2694 4148 2802 4204 tua,
2836 4147 2890 4192 et
2916 4140 2969 4191 in
3000 4140 3270 4209 praesenti,

1724 4241 1775 4283 et
1806 4230 1860 4283 in
1894 4228 2075 4284 futuro
2111 4230 2330 4296 saeculo,
2382 4230 2467 4286 Iac
2503 4240 2562 4287 ut
2616 4245 2677 4286 ea
2728 4230 3041 4301 intelligam,
3074 4240 3127 4285 et
3176 4246 3271 4300 per

1724 4321 1838 4390 ipsa
1866 4320 2063 4373 vivam.

1799 4413 1921 4466 I45.
1968 4411 2212 4475 Domine,
2264 4411 2524 4480 patienter
2569 4426 2779 4466 mecum
2822 4425 2941 4477 age,
2992 4421 3044 4465 et
3092 4415 3271 4468 omnia

1725 4503 1944 4556 reddam
1989 4503 2132 4556 tibi:
2180 4502 2461 4570 respiciam
2490 4503 2633 4557 enim
2683 4504 2735 4555 in
2779 4499 3086 4572 Scripturas
3128 4512 3270 4566 tuas,

1722 4601 1773 4648 et
1808 4608 2130 4661 cognoscam
2187 4594 2314 4663 quid
2374 4609 2482 4648 non
2529 4594 2741 4663 implevi
2772 4593 2828 4648 iu
2867 4595 3019 4664 ipsis,
3069 4604 3123 4649 et
3170 4596 3273 4649 hoc

1724 4685 1815 4737 tibi
1842 4684 2163 4751 adimplebo.

1796 4774 1916 4827 I46.
1953 4772 2190 4828 Clamavi
2225 4776 2277 4827 in
2334 4774 2517 4828 dolore
2561 4775 2739 4829 cordis
2771 4776 2875 4828 mei
2908 4774 2971 4829 ad
3006 4785 3091 4842 te;
3139 4777 3270 4829 sub-

1724 4879 1961 4918 mersum
2005 4880 2092 4918 me
2132 4881 2160 4917 a
2196 4875 2414 4933 peccato
2463 4866 2631 4929 salva,
2681 4865 3132 4935 quemadmodum
3166 4865 3273 4918 sal-

1722 4956 1858 5009 vasti
1912 4953 2129 5009 Petrqu
2160 4956 2215 5008 in
2259 4953 2426 5010 ﬂuctu
2471 4957 2659 5023 maris,
2709 4966 2762 5011 et
2814 4970 2919 5011 non
2972 4955 3267 5025 relinquam

1723 5047 2030 5101 testimonia
2062 5057 2171 5099 tua.

1792 5140 1913 5193 I47.
1946 5137 2015 5193 Ut
2048 5139 2151 5191 vidi
2186 5139 2418 5191 animam
2462 5154 2635 5193 meam
2670 5138 3034 5208 quiescentem
3071 5152 3100 5189 a
3150 5151 3268 5205 per-

1721 5232 2066 5286 turbantibus
2098 5246 2238 5294 eam,
2266 5230 2548 5285 confessus
2587 5248 2705 5286 sum
2742 5232 2836 5286 tibi
2881 5238 3097 5301 peccata
3125 5244 3263 5289 mea;

1725 5326 1932 5395 speravi
1965 5326 2105 5378 enim
2139 5324 2190 5376 in
2231 5325 2571 5379 sermonibus
2605 5325 2731 5389 tuis.
2767 5324 3020 5394 quoniam
3046 5322 3261 5377 dixisti:

1734 5416 1910 5469 Venite
1946 5415 2011 5467 ad
2056 5430 2155 5479 me,
2193 5430 2365 5467 omnes
2388 5415 2477 5481 qui
2511 5414 2763 5469 laboratis
2795 5423 2846 5467 et
2888 5414 3089 5467 onerati
3117 5411 3263 5472 estis.

1716 5520 1766 5563 et
1798 5526 1889 5579 ego
1929 5507 2157 5575 reﬁciam
2187 5522 2271 5559 vos
2295 5506 2359 5558 “.

146 5616 225 5669 “I
258 5617 384 5673 Cor.
424 5635 507 5684 tu,
545 5620 628 5674 12.
708 5622 751 5652 ⁸⁵
779 5622 964 5678 Matth.
1006 5640 1060 5690 ν,
1093 5624 1147 5688 6,
1182 5624 1268 5676 II.
1352 5624 1394 5654 “
1419 5623 1603 5679 Matth.
1640 5641 1716 5689 ιι,
1746 5623 1837 5676 28.

151 5730 220 5799 (ιι)
260 5730 399 5802 Lege
429 5734 936 5803 ὑπεμιμνησκόμην,
977 5735 1161 5804 ὅτιπερ
1192 5731 1366 5801 εἶπας,
1411 5744 1467 5789 ut
1508 5738 1609 5791 col.
1649 5734 1803 5798 1217,
1840 5732 1901 5787 Ν.
1941 5732 2056 5786 164.
