4066 6318
761 358 896 414 ηοξ

767 567 1053 621 meditarer
1081 568 1293 637 eloquia
1324 576 1436 621 tua.

836 659 957 713 149.
983 657 1178 712 Vocem
1209 674 1382 712 meam
1412 659 1536 713 audi
1566 661 1863 714 secundum
1894 663 2315 716 misericordiam

767 765 934 814 mam,
964 749 1211 817 Domine,
1254 749 1348 823 [et]
1382 751 1677 805 secundum
1711 752 1973 821 judicium
2002 765 2151 809 tuum
2184 757 2317 809 vivi-

766 844 865 896 tlca
883 857 989 896 me.

840 932 961 987 150.
994 933 1573 1001 Appropinquaverunt
1604 945 1988 1004 persequentes
2012 953 2097 992 me
2120 939 2319 1009 iniqui-

770 1026 883 1091 tati,
923 1042 952 1079 a
983 1026 1096 1093 lege
1122 1035 1301 1079 autem
1338 1034 1428 1093 tua
1460 1026 1616 1097 longe
1642 1026 1770 1080 facti
1803 1036 1948 1081 sunt.

840 1117 962 1169 151.
993 1114 1165 1185 Prope
1195 1131 1254 1170 es
1284 1124 1362 1183 tu,
1394 1115 1641 1182 Domine,
1674 1127 1727 1172 et
1764 1134 1952 1173 omnes
1979 1118 2076 1171 viae
2109 1128 2211 1173 tua:
2239 1136 2322 1173 ve-

770 1208 919 1261 ritas.

840 1298 961 1353 152.
996 1298 1152 1354 Initio
1185 1300 1408 1369 cognovi
1435 1299 1502 1354 de
1539 1300 1864 1355 testimoniis
1912 1301 2021 1354 tuis
2043 1339 2057 1362 ,
2088 1300 2215 1368 quia
2265 1300 2319 1351 in

769 1397 1027 1443 mternum
1064 1389 1299 1444 fundasti
1341 1406 1424 1444 ea.

842 1479 962 1533 155.
1003 1477 1134 1533 Vide
1158 1480 1512 1534 humilitatem
1544 1496 1716 1536 meam
1737 1520 1753 1545 ,
1788 1491 1842 1536 et
1874 1482 2019 1551 eripe
2047 1495 2161 1547 me,
2195 1481 2321 1551 quia

770 1568 938 1637 legem
970 1579 1120 1623 tuam
1155 1585 1262 1623 non
1298 1585 1416 1624 sum
1451 1570 1671 1625 oblitus.

840 1659 963 1713 15-1.
995 1658 1184 1715 Judica
1208 1662 1467 1728 judicium
1494 1677 1697 1725 meum,
1727 1671 1783 1716 et
1809 1662 2009 1716 redime
2038 1676 2124 1716 me
2154 1680 2167 1714 :
2199 1674 2322 1730 pro-

770 1762 885 1823 pter
913 1754 1186 1821 eloquium
1219 1763 1367 1809 tuum
1391 1754 1602 1808 vivitica
1631 1770 1736 1809 me.

1595 360 1652 416 S.
1695 361 2061 418 A'l‘llANASll
2100 365 2247 419 OPP.
2290 364 2468 420 PARS
2505 368 2593 422 lll.
2633 397 2701 405 —
2739 368 3143 425 EXEGETICA.

837 477 958 531 1-18.
991 476 1369 532 Prevenerunt
1418 478 1558 532 oculi
1591 480 1693 533 mei
1754 480 1818 534 ad
1850 491 1901 536 te
1950 482 2220 550 diluculo,
2256 493 2315 539 ut
2342 493 2385 548 Α

3862 374 3975 427 1204

2491 486 2611 539 148.
2652 487 3002 557 Προὲφθασαν
3028 490 3075 541 οἱ
3103 486 3486 560 ὀφθαλμοίλμου
3509 491 3653 561 πρὸς
3675 491 3879 562 ὖρθρον
3902 495 3975 543 τοὶ

2428 579 2651 648 μελετᾷν
2677 580 2743 631 τὰ
2770 579 2920 647 λόγια
2952 597 3063 634 σου.

2498 669 2614 724 149.
2638 671 2748 740 Τῆς
2770 672 2951 741 φωνῆς
2982 690 3081 742 μου
3113 674 3356 736 ἄκουσον.
3380 678 3573 746 Κύριε,
3600 674 3750 727 κατά
3771 676 3834 728 τὸ
3856 677 3977 739 ἐλεες

2429 778 2542 823 σου,
2578 759 2717 831 ἱκαὶ]
2742 762 2882 815 κατὰ
2909 763 2967 814 τὸ
2996 763 3166 834 κρῖμά
3195 782 3285 817 σου
3309 765 3467 836 ζῆσόν
3501 785 3591 836 με.

2496 939 2617 991 150.
2643 941 3020 1010 Προσηγγισαν
3039 942 3088 993 οἱ
3108 942 3522 1007 καταδιώκοντες
3546 962 3617 1015 με
3637 946 3874 1014 ἀνομίᾳ,
3890 948 3977 997 ἐπὶ

2424 1031 2478 1082 δὲ
2507 1030 2599 1082 τοῦ
2623 1031 2785 1101 νόμου
2818 1049 2909 1085 σου
2941 1034 3372 1105 ἐμακρύνθησαν.

2494 1121 2619 1175 151.
2657 1124 2856 1190 Ἐγγὺς
2885 1119 2935 1175 εἴ
2966 1126 3051 1189 σὺ,
3085 1126 3287 1196 Κύριε,
3321 1129 3413 1182 καὶ
3445 1130 3613 1182 πᾶσαι
3645 1132 3705 1183 αἱ
3756 1130 3870 1181 ὀὼί
3902 1147 3977 1181 σου

2419 1211 2661 1281 ἀλήθεια.

2494 1301 2614 1353 152.
2651 1304 2783 1354 Κατ’
2808 1304 2979 1373 ἀρχὰς
3009 1304 3175 1373 ἔγνων
3196 1308 3259 1359 ἐκ
3294 1308 3397 1361 τῶν
3427 1311 3749 1381 μαρτυρίων
3776 1315 3977 1373 σου,ἰτι

2422 1396 2499 1457 εἰς
2529 1394 2620 1447 τὸν
2652 1395 2820 1447 αἰῶνα
2856 1396 3215 1466 ἐθεμελίωσας
3237 1400 3390 1453 αὐτὰ.

2492 1485 2611 1539 155.
2650 1487 2757 1538 Ἴδε
2791 1486 2889 1558 τὴν
2918 1488 3240 1541 ταπείνωσίν
3280 1508 3400 1561 μου,
3434 1492 3527 1545 καὶ
3553 1490 3747 1555 ἐξελοῦ
3785 1510 3877 1562 με,
3912 1494 3980 1545 Em

2421 1578 2514 1632 τοῦ
2547 1579 2709 1649 νόμου
2737 1596 2827 1631 σου
2857 1580 2954 1632 οὐκ
2984 1581 3336 1651 ἐπελαθόμην.

2492 1670 2613 1723 151.
2646 1672 2843 1741 Κρῖνον
2869 1671 2964 1740 τὴν
2986 1671 3163 1741 κρίσιν
3194 1689 3316 1741 μου,
3346 1674 3437 1728 καὶ
3468 1675 3753 1745 λύτρωσαί
3789 1693 3879 1745 με,
3907 1677 3980 1727 διὰ

2421 1761 2510 1814 τὸν
2536 1760 2686 1829 λόγον
2714 1778 2803 1813 σου
2833 1759 2992 1831 ζῆσόν
3018 1779 3118 1832 με.⁴

839 1844 963 1898 155.
999 1842 1181 1917 Longe
1216 1861 1247 1898 a
1277 1845 1649 1914 peccatoribus
1676 1845 1827 1899 salus
1847 1884 1861 1907 ,
1912 1844 2036 1913 quia
2062 1843 2323 1912 justitica-
2348 1826 2394 1881 Β

2494 1826 2616 1907 155.
2648 1826 3370 1926 Μακρὰνάπὸνὰμαρτωλῶν
3393 1858 3656 1927 σωτηρία,
3692 1860 3784 1911 ὅτι
3826 1860 3981 1911 1:516.-

775 1936 947 1990 tiones
981 1944 1102 1990 tuas
1133 1951 1241 1990 non
1272 1938 1663 2006 exquisierunt:

842 2024 961 2080 156.
995 2024 1374 2082 Misericordia:
1403 2036 1507 2081 tua:
1534 2026 1735 2091 multae,
1760 2024 2003 2086 Domine,
2033 2024 2325 2079 secundum

767 2116 1029 2184 judicium
1068 2127 1220 2172 tuum
1249 2120 1460 2173 vivitica
1495 2135 1599 2173 me.

844 2208 965 2262 157.
991 2208 1139 2263 Multi
1167 2210 1259 2279 qui
1290 2218 1683 2280 persequuntur
1710 2226 1814 2274 me,
1838 2219 1890 2263 et
1915 2208 2175 2263 tribulant
2198 2223 2283 2260 me
2312 2225 2324 2259 :

773 2321 803 2356 ιι
833 2297 1156 2359 testimoniis
1185 2306 1293 2361 tuis
1320 2322 1426 2360 non
1459 2305 1747 2359 declinavi.

845 2397 965 2451 158.
994 2396 1113 2451 Vidi
1134 2399 1568 2467 praevaricantes,
1591 2405 1644 2450 et
1669 2396 2007 2450 tabescebam
2037 2414 2049 2448 :
2075 2394 2200 2464 quia
2220 2394 2327 2447 elo-

773 2488 896 2556 quia
927 2496 1017 2540 tua
1045 2502 1153 2539 non
1185 2487 1575 2541 custodierunt.

845 2577 965 2631 159.
1001 2576 1133 2631 Vide
1156 2618 1170 2641 ,
1200 2579 1455 2647 quoniam
1490 2579 1741 2633 mandata
1772 2588 1863 2633 tua
1891 2579 2052 2632 dilexi
2089 2595 2102 2631 :
2141 2577 2324 2631 Domi-

775 2684 861 2734 ne,
893 2670 946 2722 in
976 2670 1343 2725 misericordia
1375 2681 1464 2725 tua
1491 2672 1697 2725 vivitica
1732 2687 1840 2725 me.

2423 1944 2710 2015 καιόιματὰ
2735 1962 2827 1998 σου
2852 1946 2951 1998 οὐκ
2982 1944 3327 2017 ἐξεζήτησαν.

2494 2034 2614 2089 156.
2646 2037 2706 2088 Οἱ
2738 2035 3005 2106 οἰκτιρμοί
3036 2053 3128 2088 σου
3155 2036 3369 2100 πολλοὶ,
3390 2037 3579 2108 Κύριε,
3607 2038 3759 2091 κατὰ
3790 2040 3852 2090 τὸ
3878 2045 3979 2108 κρῖ-

2428 2121 2501 2189 μά
2533 2137 2622 2172 σου
2649 2122 2813 2190 ζῆσόν
2842 2140 2928 2193 με.

2497 2211 2618 2265 157.
2654 2213 2844 2265 Πολλοὶ⁸
2883 2216 2931 2266 οἱ
2959 2214 3304 2279 ἐκδιὼκοντες
3334 2234 3419 2286 με,
3457 2217 3546 2269 καὶ
3568 2217 3858 2279 θλίϐοντες
3884 2236 3977 2285 με·

2429 2306 2490 2355 ἐκ
2512 2303 2618 2356 τῶν
2661 2305 2969 2374 μαρτυρίων
3000 2322 3091 2358 σου
3119 2307 3217 2359 οὐκ
3244 2308 3503 2373 ἐξέκλινα.

2496 2393 2616 2447 158.
2642 2390 2790 2446 Εἶδον
2838 2395 3222 2459 ἁσυνετοῦντας
3243 2436 3257 2463 ,
3291 2399 3382 2450 καὶ
3406 2398 3746 2469 ἐξετηκόμην
3773 2441 3789 2461 ,
3817 2402 3896 2451 ἔτι
3924 2402 3978 2452 τὰ

2421 2485 2575 2553 λόγιά
2608 2503 2703 2538 σου
2738 2486 2835 2539 οὐκ
2859 2487 3202 2555 ἐφυλάξαντο.

2491 2576 2613 2629 159.
2642 2576 2766 2638 Ἴδε,
2797 2578 2879 2629 ὅτι
2905 2578 3003 2640 τὰς
3031 2579 3246 2642 ἐντολάς
3267 2596 3356 2631 σου
3378 2580 3642 2651 ἠγάπησα
3659 2600 3672 2611 ο
3702 2584 3905 2653 Κύριε,
3932 2586 3977 2634 ἐν

2418 2665 2496 2736 τῷ
2530 2666 2667 2719 ἐλέει
2704 2684 2793 2720 σου
2828 2666 2989 2738 ζῆσόν
3018 2686 3083 2738 με

1882 2822 2251 2879 ATHANASII
2298 2821 2870 2877 INTERPRETATIO.

848 2981 967 3036 148.
996 2981 1364 3053 Vigilaverunt
1385 2984 1527 3040 oculi
1553 2984 1732 3037 cordis
1755 2982 1860 3034 mei
1887 2982 1954 3035 ad
1982 2980 2218 3034 suaviter
2234 2994 2327 3033 ex-

776 3072 1076 3142 cipiendam
1106 3074 1281 3129 lucem
1316 3073 1715 3143 Scripturarum
1748 3082 1983 3129 tuarum.

849 3164 974 3218 1ι19.
1000 3164 1150 3218 Sicut
1170 3164 1434 3220 immensa
1455 3177 1537 3221 est
1560 3166 1925 3221 misericordia
1948 3175 2059 3234 tua,
2075 3167 2147 3222 ita
2165 3183 2327 3222 exau‘

777 3254 830 3309 di
852 3270 959 3319 me,
977 3265 1029 3309 et
1054 3255 1350 3310 secundum
1375 3256 1700 3311 voluntatem
1720 3265 1866 3311 tuam
1891 3257 1962 3311 ita
1986 3257 2194 3312 vivifica
2218 3275 2324 3315 me.

848 3346 970 3402 150.
1019 3346 1323 3403 Attulerunt
1376 3348 1697 3403 adversariae
1729 3358 2022 3416 potestates
2056 3349 2327 3417 improbas
2353 3376 2395 3432 ρ

779 3436 1090 3504 cupiditates
1107 3455 1121 3502 ;
1139 3446 1198 3491 ut
1212 3453 1339 3492 vero
1356 3439 1603 3492 viderunt
1624 3438 1675 3491 in
1698 3453 1781 3493 me
1801 3439 2141 3494 exsistentem
2160 3440 2325 3510 legem

780 3538 950 3594 tuam,
984 3527 1386 3597 disparuerunt.

853 3620 972 3673 151.
999 3620 1170 3690 Prope
1198 3636 1257 3676 es
1283 3631 1337 3676 tu
1360 3663 1375 3685 ,
1406 3620 1662 3685 Domine,
1694 3623 1994 3679 volentibus
2028 3625 2093 3678 ad
2125 3634 2175 3678 te
2201 3640 2329 3680 con—

784 3710 968 3783 fugere
988 3754 1003 3779 ,
1033 3722 1086 3767 et
1110 3713 1292 3768 omnia
1330 3713 1583 3769 mandata
1622 3724 1713 3768 tua
1747 3730 1855 3768 non
1885 3725 2012 3771 sunt
2037 3732 2281 3772 onerosa.

855 3803 979 3858 152.
1006 3804 1087 3857 Ab
1140 3805 1299 3858 initio
1328 3806 1561 3875 cognovi
1593 3820 1623 3859 e
1662 3803 1957 3874 Scripturis
1990 3807 2097 3863 tuis
2121 3848 2139 3873 ,
2187 3810 2329 3878 quod

784 3895 981 3949 invicta
1011 3894 1416 3969 [immutabilia]
1444 3906 1570 3951 sunt
1589 3898 1837 3952 mandata
1872 3907 1983 3953 tua.

852 3989 973 4045 155.
1004 3989 1488 4060 Recordare,quod
1505 3998 1644 4045 terra
1674 3999 1727 4045 et
1751 3991 1927 4060 pulvis
1954 4008 2093 4058 sum,
2119 3994 2329 4063 eteripe

780 4098 867 4137 me
894 4081 962 4135 ab
994 4082 1319 4137 adversariis
1344 4082 1719 4151 potestatibus,
1741 4084 1997 4152 quoniam
2020 4082 2331 4139 indesinen-

781 4184 863 4228 ter
893 4175 1157 4229 sollicitus
1197 4189 1340 4236 sum,
1375 4175 1649 4243 quomodo
1680 4176 1927 4243 impleam
1961 4177 2127 4247 legem
2161 4187 2327 4232 tuam.

852 4263 1424 4333 154.Quandoquidem
1449 4265 1628 4332 justus
1654 4264 1820 4332 judex
1844 4266 2078 4329 exsistis,
2107 4283 2193 4321 me
2227 4267 2331 4320 ini-

779 4372 886 4425 que
909 4370 1225 4425 oppressum
1249 4370 1277 4407 a
1304 4352 1638 4408 daemonibus
1664 4353 1828 4407 libera
1849 4395 1863 4419 ,
1892 4364 1945 4408 et
1967 4369 2213 4409 sermone
2240 4363 2333 4408 tuo

780 4448 989 4504 viviﬁca
1018 4462 1121 4503 tne.

850 4541 972 4594 155.
998 4538 1264 4604 Quoniam
1286 4538 1469 4593 dixisti
1498 4556 1509 4590 :
1528 4536 1694 4592 Nemo
1716 4546 1947 4592 vestrum
1976 4537 2159 4607 inique
2179 4548 2327 4608 agat;

784 4631 941 4687 morti
962 4630 1141 4684 traditi
1171 4639 1297 4683 sunt
1322 4639 1636 4698 peccatores
1661 4672 1673 4693 ,
1706 4632 1828 4698 quia
1862 4641 2181 4700 respuerant
2208 4647 2331 4701 pro-

780 4723 1095 4777 missionem
1119 4722 1241 4776 vitaa
1271 4729 1527 4775 venturae.

850 4814 972 4869 156.
1007 4812 1142 4867 Novi
1176 4815 1468 4867 immensas
1504 4829 1622 4867 esse
1653 4814 2025 4869 miserationes
2056 4822 2176 4869 tuas
2197 4854 2211 4878 ,
2243 4831 2328 4869 se-

780 4908 1016 4962 cundum
1052 4905 1382 4959 voluntatem
1419 4915 1564 4958 tuam
1601 4904 1809 4957 viviﬁca
1845 4920 1948 4958 me.

851 4998 973 5050 157.
1003 4997 1302 5051 Contraria:
1343 5005 1652 5066 potestates.
1706 4994 1838 5049 Nam
1870 4997 2181 5051 recordatus
2212 5012 2330 5052 sum

782 5096 833 5142 te
852 5087 1052 5141 dixisse
1074 5107 1085 5140 :
1106 5086 1173 5140 In
1194 5088 1452 5156 patientia
1469 5087 1793 5155 possidebitis
1818 5089 2021 5141 animas
2042 5098 2236 5142 uestras
2252 5090 2292 5119 ⁸⁷
2314 5106 2330 5153 ;

778 5188 834 5233 ct
862 5197 875 5230 :
902 5177 1003 5241 Qui
1027 5179 1333 5231 sustinuerit
1356 5179 1412 5231 in
1441 5179 1594 5246 ﬁnem
1616 5219 1631 5244 ,
1664 5179 1745 5231 hic
1779 5178 1950 5232 salvus
1974 5181 2073 5232 erit
2094 5179 2158 5231 ⁸⁸.

853 5269 972 5322 158.
1004 5268 1295 5324 Observavi
1326 5279 1629 5338 pereuntes,
1658 5281 1711 5325 et
1745 5285 1853 5341 pra:
1888 5272 2231 5326 tribulatione
2257 5282 2335 5325 ta-

788 5362 1092 5424 bescebam,
1126 5362 1251 5430 quia
1281 5361 1545 5416 voluntati
1579 5372 1682 5416 tuae
1718 5362 2057 5417 resistebant.

854 5452 976 5506 159.
999 5449 1105 5516 Qui
1154 5452 1397 5505 omnium
1447 5451 1609 5506 corda
1659 5452 1860 5519 noscis,
1924 5453 2121 5507 novisti
2173 5467 2335 5507 suave

784 5542 915 5596 mihi
956 5559 1073 5598 esse
1112 5544 1333 5613 implere
1368 5553 1631 5614 praacepta
1665 5553 1776 5609 tua,
1807 5544 2052 5610 Domine,
2077 5546 2336 5601 misereris

784 5634 909 5698 mei,
930 5644 984 5690 et
1010 5635 1274 5705 adjuvans
1301 5651 1387 5690 me
1416 5636 1627 5691 viviﬁca
1656 5652 1742 5691 me
1766 5638 1937 5706 gratia
1971 5649 2081 5690 tua.

765 5815 773 5823 ν
860 5749 1056 5805 "an.
1096 5766 1204 5813 χχι,
1244 5750 1328 5803 19.
1435 5751 1476 5781 ⁶⁸
1508 5749 1668 5804 Marc.
1709 5767 1839 5815 χιιι,
1882 5751 1964 5806 13.

2494 2979 2612 3035 MS.
2639 2980 2873 3050 Ἀνῆψαν
2893 2982 2940 3033 οἱ
2964 2981 3225 3053 ὀφθαλμοὶ
3242 2983 3339 3053 τῆς
3360 2983 3581 3053 καρδίας
3608 3002 3713 3055 μου
3736 2988 3806 3038 τὸ
3826 2987 3977 3055 ἡδέως

2422 3067 2673 3134 δέξασθαι
2707 3070 2766 3123 τὸ
2795 3071 2907 3138 φῶς
2938 3071 3045 3122 τῶν
3077 3072 3302 3142 Γραφῶν
3343 3090 3453 3126 σου.

2492 3160 2613 3213 149.
2648 3160 2841 3223 Καθὼς
2882 3162 3180 3233 ἁμέτρητὸν
3223 3166 3336 3216 ἐστι
3365 3165 3425 3216 τὸ
3454 3162 3599 3226 ἔλεός
3649 3181 3743 3217 σου
3773 3205 3789 3227 ,
3823 3165 3977 3224 οὕτως

2423 3251 2650 3305 ἄκουσόν
2685 3270 2806 3323 μου,
2832 3256 2925 3306 καὶ
2952 3253 3131 3318 καθὼς
3159 3256 3348 3320 θέλεις,
3372 3256 3543 3319 οὕτως
3573 3259 3742 3327 ζῆσὸν
3774 3278 3865 3329 με.

2498 3342 2619 3397 150.
2649 3342 2990 3414 Προσέφερον
3038 3347 3091 3399 αἱ
3122 3346 3354 3398 ἐναντίαι
3393 3347 3649 3416 δυνάμεις
3694 3350 3977 3417 ἐπιθυμίας

2428 3435 2666 3503 πονηράς
2686 3451 2698 3463 ⁸
2748 3436 2876 3487 ὡσεὶ
2911 3434 3005 3507 [ὡς
3036 3435 3114 3508 δὲ]
3143 3432 3276 3491 εἶδον
3314 3438 3371 3489 ἐν
3403 3438 3521 3507 ἐμοὶ
3548 3438 3681 3491 ὄντα
3710 3440 3809 3494 τὸν
3833 3443 3977 3511 νόμον

2430 3543 2541 3589 σου,
2570 3527 2790 3594 ἀφανεῖς
2822 3527 3081 3595 ἐγένοντο.

2498 3616 2616 3669 151.
2646 3616 2877 3685 Πλησίον
2904 3614 2953 3670 εἷ
2973 3619 3056 3679 σὺ,
3082 3618 3269 3688 Κύριε,
3296 3618 3401 3671 τῶν
3420 3618 3685 3672 θελόντων
3714 3622 3977 3692 προςξεύ-

2428 3722 2542 3772 γειν
2576 3721 2674 3769 σοι,
2707 3707 2799 3758 καὶ
2830 3708 2995 3760 πᾶσαι
3025 3707 3080 3760 αἱ
3116 3706 3319 3759 ἐντολαί
3348 3724 3440 3759 σου
3473 3710 3573 3760 οὐκ
3617 3711 3727 3761 εἰσὶ
3757 3711 3975 3780 βαρεῖαι.

2502 3797 2620 3851 152.
2653 3798 2742 3863 Ἐξ
2771 3799 2944 3868 ἀρχῆς
2974 3798 3283 3869 συνετίσθην
3318 3799 3381 3851 ἐκ
3421 3798 3528 3850 τῶν
3578 3799 3823 3869 Γραφῶν
3876 3818 3973 3857 στί..

2429 3890 2511 3941 ὅτι
2538 3890 2766 3959 ἀνίκητά
2794 3888 3063 3960 [ἀκίνητά]
3091 3891 3193 3941 εἰσι
3219 3889 3285 3941 τὰ
3313 3890 3710 3959 προστάγματὰ
3732 3909 3854 3943 σου.

2500 3979 2619 4032 155.
2645 3979 2944 4049 Μνήσθητι,
2963 3978 3130 4048 ὄτιγῆ
3157 3980 3250 4032 καὶ
3278 3979 3465 4041 σποδός
3489 3981 3627 4049 εἰμι,
3656 3984 3753 4033 καὶ
3783 3981 3973 4044 €251.53-

2433 4088 2527 4140 μαι
2553 4070 2755 4141 [ἐξελοῦ
2785 4070 2874 4142 με]
2903 4072 2965 4123 ἐκ
2993 4070 3099 4123 τῶν
3125 4070 3377 4124 ἐναντίων
3396 4069 3709 4139 δυνάμεων,
3733 4074 3816 4124 δτι
3842 4090 3976 4141 μερι-

2433 4163 2547 4233 μνῶ
2581 4163 2933 4226 ἀδιαλείπτως
2971 4164 3030 4215 τὸ
3063 4163 3178 4225 πῶς
3210 4163 3479 4234 πληρώσω
3509 4164 3601 4215 τὸν
3658 4166 3827 4233 νόμον
3880 4182 3972 4215 σοι.

2502 4254 2619 4308 151.
2637 4255 2721 4317 Ὠς
2740 4255 3104 4325 δικαιοκρίτης
3120 4255 3399 4326 ὑπάρχεις,
3419 4254 3772 4324 ἁδικούμενὸν
3801 4272 3867 4323 με

2433 4347 2537 4401 τῶν
2558 4347 2822 4416 δαιμόνων
2852 4347 3138 4418 λύτρωσαι,
3168 4348 3257 4400 καὶ
3281 4346 3368 4399 διὰ
3398 4346 3487 4399 τὸν
3509 4347 3671 4414 λόγον
3703 4363 3794 4399 σου
3822 4350 3975 4399 ξτιεέηε

2434 4458 2499 4510 με
2534 4440 2719 4511 madv
2752 4439 2861 4511 μειι

2503 4534 2622 4587 155.
2644 4534 2763 4585 Ὅτι
2786 4529 2969 4595 εἴπας
3002 4531 3163 4585 Οὐδὲν
3194 4530 3409 4602 [οὐδεὶς]
3437 4531 3589 4601 ὑμῶν
3616 4532 3681 4582 οὐ
3708 4531 3782 4600 μὴ
3809 4531 3974 4597 ἀδική-

2434 4643 2503 4699 σῃ
2523 4645 2536 4657 ·
2560 4625 2987 4695 τεθανατωμένοι
3013 4624 3147 4676 εἰσὶν
3170 4625 3217 4675 οἱ
3242 4623 3567 4694 ἁμαρτωλοὶ,
3596 4623 3679 4674 ὅτι
3702 4623 3801 4691 τὴν
3828 4626 3972 4686 ἐπεγ-

2362 4707 2407 4762 Ῑ)
2433 4721 2614 4789 γελίαν
2644 4720 2740 4787 τῆς
2771 4718 2916 4787 ζωῆς
2952 4717 3051 4786 τῆς
3087 4716 3378 4787 μελλούσης
3409 4717 3507 4768 οὐκ
3539 4716 3833 4785 ἠθέλησαν.

2502 4810 2622 4864 156.
2653 4805 2781 4861 υἷδα
2820 4809 2900 4861 ὅτι
2922 4807 3212 4879 ἀμέτρητοί
3231 4809 3364 4859 εἰσιν
3396 4808 3447 4858 οἱ
3472 4806 3743 4875 οἰκτιρμοί
3774 4822 3885 4869 σου,

2431 4902 2620 4965 θέλεις,
2651 4900 2809 4971 ζῆσὸν
2841 4919 2925 4971 με.

2501 4994 2621 5046 157.
2646 4996 2707 5045 ΑΞ
2728 4992 2963 5047 ἐναντίαι
2977 4992 3249 5063 δυνάμεις.
3297 4993 3654 5062 Ἐμεμνήμην
3673 4993 3784 5062 γὰρ
3814 4992 3972 5043 εἰπέν-

2431 5102 2519 5148 τος
2545 5102 2635 5139 σου
2656 5102 2669 5115 ·
2718 5085 2810 5136 Ἐν
2827 5083 3101 5154 ὑπομονῇ
3123 5082 3423 5149 κτήσασθε
3441 5085 3546 5148 τὰς
3574 5085 3778 5151 ψυχὰς
3804 5080 3965 5151 ἡμῶν.

2432 5178 2525 5230 καὶ
2551 5182 2581 5231 ὀ
2610 5178 2932 5246 ὑπομείνας
2950 5180 3034 5243 εὶς
3059 5176 3229 5242 τέλος
3260 5172 3433 5239 οὗτος
3464 5175 3822 5240 σωθήσεται.

2502 5270 2618 5323 158.
2639 5272 2926 5341 Προσεῖχον
2945 5270 3069 5332 τοὺς
3088 5268 3499 5338 ἀπολλυμένους,
3523 5266 3859 5336 ἐξετηκόμην
3880 5265 3969 5316 ἀπὸ

2431 5362 2531 5429 τῆς
2566 5360 2813 5430 θλίψεως,
2840 5364 2918 5413 ὃτι
2946 5360 3024 5431 τῷ
3058 5359 3349 5429 βουλήματί
3383 5375 3473 5410 σου
3504 5358 3845 5409 ἀνθίσταντο.

2504 5454 2625 5509 159.
2661 5453 3079 5524 Καρδιογνώστα
3112 5453 3344 5513 πάντων,
3372 5446 3535 5513 oiﬁac,
3568 5450 3647 5502 δτι
3684 5449 3859 5518 ἡδέως
3881 5447 3967 5515 ἔχω

2436 5546 2715 5616 πληρῶσαι
2770 5547 2866 5608 τὰς
2896 5545 3111 5608 ἐντολάς
3142 5562 3231 5597 σου
3258 5586 3272 5609 ,
3302 5543 3502 5613 Κύριε·
3539 5540 3703 5593 ἐλεῶν
3736 5558 3807 5611 με
3831 5581 3845 5603 ,
3894 5542 3968 5591 καὶ

2439 5639 2646 5708 βοηθῶν
2684 5656 2770 5707 με,
2806 5638 2969 5708 ζῆσόν
3002 5655 3065 5708 με
3092 5637 3176 5691 διὰ
3200 5638 3294 5706 τῆς
3325 5636 3538 5707 χάριτός
3563 5651 3673 5687 σου.
