4110 6318
138 386 279 441 1905

206 504 326 556 160.
349 499 513 571 Ἀρχὴ
532 498 637 550 τῶν
658 495 827 564 λόγων
846 513 935 547 σου
953 494 1194 565 ἀλήθεια,
1215 497 1306 546 καὶ
1327 496 1403 555 εἰς
1423 494 1510 545 τὸν
1533 491 1698 544 αἰῶνα
1731 497 1772 550 Α

131 594 314 646 πάντα
347 590 414 643 τὰ
442 589 683 659 κρίματα
710 587 806 655 τῆς
834 587 1179 654 δικαιοσύνης
1215 603 1326 638 σου.

205 681 330 735 161.
358 682 422 732 Ἀ
432 696 646 750 ρχοντες
667 677 994 744 κατεδίωξαν
1019 695 1086 748 με
1107 677 1333 746 δωρεὰν,
1358 676 1448 728 καὶ
1471 676 1579 727 ἀπὸ
1600 675 1706 728 τῶν

124 774 309 840 λόγων
344 789 434 824 σου
469 769 760 822 ἐδει).ίασεν
787 771 818 838 ἡ
848 769 1039 839 καρδία
1078 786 1198 838 μου.

203 863 328 917 162.
363 862 786 931 Ἀγαλλιάσομαι
819 859 928 928 ἐγὼ
961 862 1052 913 ἐπὶ
1082 861 1149 912 τά
1191 859 1344 928 λόγιά
1384 876 1476 912 σου
1507 899 1520 922 ,
1573 860 1646 921 ὼς
1677 861 1707 911 δ

120 957 232 1029 adp
243 957 407 1008 ίσκων
439 953 606 1006 σκῦλα
641 951 827 1006 πολλά.

202 1047 330 1103 165.
360 1045 595 1099 Ἀδικίαν
613 1047 871 1116 ἐμίσησα,
891 1045 982 1098 καὶ
1005 1042 1372 1112 ἐ6”δελυξάμην
1391 1060 1403 1072 ·
1428 1043 1517 1094 τὸν
1547 1041 1600 1094 δὲ
1621 1041 1706 1094 νό-

125 1153 235 1206 μον
273 1152 362 1188 σου
389 1136 669 1205 ἠγάπησα.

201 1226 327 1279 16-1.
358 1227 615 1288 Ἐπτάκις
633 1227 732 1296 τῆς
754 1225 964 1296 ἡμέρας
987 1225 1155 1295 ᾔνεσά
1183 1242 1241 1277 σε
1265 1225 1356 1276 ἐπὶ
1375 1224 1441 1277 τὰ
1461 1225 1702 1294 κρίματα

116 1318 230 1387 τῆς
260 1317 598 1387 δικαιοσύνης
629 1334 743 1370 σου.

199 1408 325 1462 165.
351 1409 550 1480 Εἰρήνη
579 1410 745 1480 πολλὴ
765 1412 876 1471 τοῖς
895 1408 1146 1477 ἀγαπῶσι
1170 1408 1257 1460 τὸν
1281 1407 1442 1478 νόμον
1467 1425 1581 1474 σου,
1608 1407 1700 1462 καὶ

115 1505 226 1555 οὐκ
269 1502 414 1555 ἐστιν
449 1505 630 1565 αὐτοῖς
665 1500 975 1554 σκάνδαλον.

197 1594 328 1648 166.
365 1594 708 1664 Προσεδὸκων
737 1593 796 1646 τὸ
825 1591 1089 1662 σωτήριόν
1127 1608 1241 1654 σου,
1267 1591 1459 1660 Κύριε,
1484 1591 1577 1644 καὶ
1600 1591 1699 1652 τὰς

115 1682 348 1744 ἐντολάς
383 1698 474 1734 σου
508 1682 791 1752 ἠγάπησα.

193 1775 323 1828 167.
362 1773 653 1843 Ἐφύλαξεν
682 1777 714 1844 ἠ
740 1773 885 1844 ψυχή
918 1790 1016 1843 μου
1048 1772 1116 1826 τά
1151 1771 1424 1843 μαρτύριά
1454 1787 1566 1835 σου,
1603 1769 1696 1821 καὶ

115 1865 314 1934 hydra!“
325 1882 410 1916 σεν
441 1865 578 1918 αὐτά
607 1865 830 1934 σφόδρα.

197 1956 325 2011 168.
358 1955 624 2024 Ἐφὺλαξα
651 1957 748 2019 τὰς
781 1956 997 2018 ἐντολάς
1032 1973 1125 2008 σου
1171 1955 1264 2007 καὶ
1306 1953 1374 2005 τά
1428 1951 1700 2022 μαρτύριά

114 2066 240 2099 σου·
282 2049 360 2100 ὅτι
389 2049 558 2102 πᾶσαι
593 2052 644 2102 αἱ
669 2049 775 2102 ὁδοί
811 2067 910 2118 μου
935 2047 1184 2101 ,ἐναντίον
1218 2063 1332 2109 σου,
1364 2045 1556 2116 Κύριε.

195 2139 322 2194 169.
358 2141 662 2210 Ἐγγισάτω
693 2143 725 2211 ἡ
757 2140 937 2209 δέησίς
967 2156 1068 2209 μου
1102 2137 1328 2191 ἐνώπιόν
1352 2154 1442 2190 σου
1464 2177 1478 2200 ,
1504 2135 1694 2207 Κύριε,

113 2231 270 2282 κατά
298 2231 358 2283 τὺ
386 2231 561 2299 λόγιόν
595 2248 686 2284 σου
716 2230 986 2283 συνέτισόν
1022 2246 1108 2300 με.

972 377 1057 432 DE
1100 375 1374 431 TITULIS
1418 373 1860 429 PSAIMORUM.
1900 407 1966 415 —-
2003 375 2198 428 PSAL.
2248 375 2482 430 CXVlil.

3238 381 3372 436 1206

1875 489 1994 543 160.
2030 490 2362 559 Principium
2391 491 2684 544 verborum
2723 501 2943 544 tuorum
2983 492 3199 558 veritas,
3235 507 3287 549 et
3320 497 3369 549 in

1811 590 2069 633 aeternum
2103 580 2281 633 omnia
2311 578 2519 648 judicia
2546 577 2769 646 justitiae
2791 586 2916 631 tuae.

1881 672 2002 725 161.
2033 670 2314 740 Principes
2347 670 2616 738 persecuti
2641 678 2766 724 sunt
2797 684 2883 723 me
2912 671 3100 739 gratis,
3130 681 3184 724 et
3207 684 3238 724 a
3264 687 3356 725 ver

1809 765 1891 818 bis
1921 765 2028 817 tuis
2067 763 2374 817 formidavit
2401 777 2497 816 cor
2522 777 2720 816 meum.

1877 856 1997 909 169..
2033 854 2276 909 Laetabor
2301 870 2398 924 ego
2422 868 2587 922 super
2609 853 2822 923 eloquia
2849 862 2941 908 tua
2962 895 2976 918 ,
3014 855 3153 908 sicut
3174 854 3266 923 qui
3296 854 3369 905 in-

1805 946 1951 1000 venit
1983 946 2154 1014 spolia
2186 946 2374 999 multa.

1875 1031 1996 1085 165.
2024 1031 2370 1101 lniquitatem
2393 1033 2518 1088 odio
2541 1031 2727 1098 habui,
2758 1041 2811 1086 et
2840 1032 3181 1087 abominatus
3206 1047 3325 1087 sum
3351 1051 3364 1087 :

1802 1122 1972 1191 legem
2014 1132 2192 1175 autem
2236 1133 2384 1177 tuam
2415 1124 2598 1177 dilexi.

1875 1214 1996 1269 164.
2034 1216 2244 1283 Septies
2275 1216 2330 1270 in
2363 1216 2449 1272 die
2483 1217 2697 1270 laudem
2731 1215 2840 1269 dixi
2872 1215 3005 1279 tibi,
3038 1228 3200 1284 super
3224 1216 3368 1284 judi-

1802 1307 1885 1362 cia
1915 1307 2138 1375 justitite
2170 1320 2297 1361 tuae.

1873 1399 1995 1453 165.
2035 1397 2144 1454 Pax
2183 1398 2354 1451 multa
2390 1397 2742 1468 diligentibus
2773 1397 2942 1468 legem
2971 1405 3142 1462 tuam,
3173 1406 3226 1450 et
3257 1412 3364 1451 non

1799 1500 1884 1545 est
1913 1492 2019 1545 illis
2043 1491 2377 1546 scandalum.

1871 1583 1990 1636 166.
2015 1582 2401 1652 Exspectabam
2419 1583 2654 1641 salutare
2677 1591 2851 1644 tuum,
2874 1580 3118 1646 Domine,
3139 1589 3192 1635 et
3213 1596 3364 1635 man-

1798 1673 1922 1726 data
1960 1682 2051 1726 tua
2079 1673 2263 1727 dilexi.

1871 1763 1994 1819 l67.
2019 1763 2324 1817 Custodivit
2353 1764 2533 1817 anima
2564 1777 2682 1816 mea
2711 1761 3022 1816 testimonia
3055 1771 3167 1827 tua,
3202 1771 3254 1814 et
3281 1760 3332 1815 d1
3356 1789 3364 1800 -

1728 1841 1771 1898 Β
1798 1855 1929 1908 lexit
1959 1869 2021 1908 ea
2058 1854 2423 1908 vehementer.

1867 1945 1989 1999 168.
2017 1945 2240 1999 Servavi
2266 1944 2519 1998 mandata
2549 1953 2640 1997 tua
2664 1952 2717 1997 et
2745 1943 3053 1998 testimonia
3081 1951 3168 1997 tua
3196 1961 3208 1996 :
3234 1943 3369 2012 quia-

1795 2052 1984 2092 omnes
2013 2037 2114 2092 viae
2144 2052 2279 2091 meae
2310 2037 2363 2090 in
2394 2046 2686 2105 conspectu
2727 2045 2853 2102 tuo,
2894 2035 3140 2089 Domine.

1867 2128 1990 2184 169.
2043 2129 2452 2198 Appropinquet
2483 2127 2790 2197 deprecatio
2832 2140 2950 2180 mea
2980 2125 3036 2179 in
3063 2131 3356 2192 conspectu

1796 2232 1911 2287 tuo,
1955 2221 2203 2290 Domine,
2230 2221 2387 2290 juxta
2419 2219 2697 2290 eloquium
2730 2229 2881 2274 tuum
2921 2218 2988 2274 da
3018 2216 3151 2272 mihi
3204 2216 3359 2270 intelo

1796 2317 2013 2369 lectum.

1243 2445 1617 2500 A'l‘HANASll
1667 2445 2250 2502 ιΝτΕιιΡῐιΕΤΑΤιο.

201 2556 322 2610 160.
345 2556 508 2627 Ἀρχὴ
528 2557 634 2610 τῶν
657 2559 1090 2628 προσταγμάτων
1113 2574 1203 2608 σου
1227 2556 1286 2608 τὸ
1314 2555 1584 2608 πιστεύειν
1614 2558 1695 2618 είς

1866 2556 1992 2612 160.
2027 2558 2244 2611 Initium
2276 2559 2657 2612 mandatorum
2691 2567 2906 2611 tuorum
2947 2555 3161 2611 credere
3196 2555 3246 2608 in
3285 2564 3354 2620 te,

115 2650 206 2712 σὶ,
246 2649 340 2699 καὶ
367 2649 422 2700 ὲν
450 2646 526 2717 τῷ
560 2648 803 2718 μέλλοντι
829 2649 981 2701 αἰῶνι
1016 2647 1268 2711 ἀπόδοσις
1295 2648 1524 2701 ἑκάστου
1557 2647 1698 2700 κατὰ

1802 2658 1846 2702 et
1879 2649 1931 2702 in
1967 2659 2194 2703 venturo
2233 2648 2430 2702 saeculo
2465 2647 2878 2702 retributionem
2920 2647 3114 2716 cuique
3161 2662 3355 2702 secun-

115 2747 194 2796 τὰ
221 2745 359 2812 ἔργα
393 2743 577 2797 αὑτοῦ.

199 2831 322 2884 161.
349 2833 409 2882 Αἱ
430 2831 663 2882 ἐναντίαι
685 2831 940 2901 δυνάμεις
960 2826 1120 2902 ἦλθον
1136 2831 1384 2900 κατέχειν
1406 2848 1472 2900 με
1494 2832 1570 2893 είς
1597 2848 1699 2900 μα-

115 2923 386 2990 ταιότητα
416 2922 787 2993 ματαιοτήτων
806 2965 820 2988 ,
853 2922 947 2976 καὶ
974 2922 1325 2992 ἐπιμνησθεὶς
1349 2925 1449 2991 τῆς
1475 2922 1692 2973 αἰωνίου

113 3017 361 3085 κρίσεως
394 3013 630 3084 ἐφοεήθη
660 3017 692 3084 ὴ
724 3014 918 3085 καρδία
954 3032 1052 3084 μου
1087 3011 1224 3066 εἶναι
1262 3014 1356 3066 σὺν
1383 3013 1582 3073 αὐτοῖς.

196 3103 324 3158 162.
354 3103 536 3165 Οὖτως
559 3105 733 3173 χαίρω
754 3105 831 3166 είς
860 3103 926 3157 τά
951 3104 1108 3172 λόγιά
1135 3120 1249 3168 σου,
1280 3103 1353 3167 ὼς
1378 3104 1405 3156 ὁ
1425 3103 1690 3173 εὑρίσκων

113 3195 399 3265 Θησαυρὸν
427 3194 753 3264 ἀμέτρητον.

198 3285 322 3338 163.
355 3285 540 3337 Πᾶσαν
567 3286 838 3358 ἁμαρτίαν
866 3287 1102 3357 ἐμίσησα
1124 3326 1138 3349 ,
1175 3287 1266 3339 καὶ
1301 3285 1658 3356 βδελύσσομαι
1676 3305 1690 3317 υ

115 3379 186 3430 τὸ
228 3376 288 3429 δὲ
319 3378 536 3447 ἀγαπᾷν
580 3393 638 3428 σε
691 3377 900 3430 καὶτὸν
935 3377 1176 3447 πλησίον,
1210 3379 1353 3449 χαρά
1391 3378 1490 3448 μού
1526 3383 1690 3434 ἐστιν.

199 3465 326 3520 164.
356 3467 427 3519 Τὸ
455 3470 552 3537 μὲν
579 3468 790 3538 πρῶτον
811 3487 823 3498 ·
860 3469 1152 3532 ἀπαύστως
1179 3469 1347 3540 ᾕνεσά
1381 3487 1482 3533 σοι,
1518 3473 1696 3524 ἐπιτε-

114 3560 204 3612 "ad.
243 3560 523 3629 διεγείρων
551 3560 756 3630 ἀγαθὴν
786 3563 884 3630 τὴν
915 3562 1258 3632 δικαιοσύνην
1290 3580 1381 3616 σου
1403 3580 1415 3593 ο
1452 3567 1544 3617 καὶ
1574 3567 1693 3617 ἐτὲ-

116 3669 241 3724 ρως
268 3651 325 3702 δέ
359 3651 515 3704 πάλιν
548 3654 741 3704 νοεῖται
761 3669 774 3682 ’
810 3653 889 3704 ὅτι
922 3653 1010 3706 διὰ
1040 3653 1145 3705 τῶν
1173 3653 1310 3706 ἐπτὰ
1347 3657 1694 3726 χαρισμάτων

115 3740 225 3794 τοῦ
268 3743 444 3810 φωτὸς
482 3759 574 3795 σου
603 3743 711 3796 τῶν
745 3745 801 3796 ἐν
821 3746 931 3806 τοῖς
970 3747 1349 3816 προστάγμασι
1371 3747 1466 3817 τῆς
1492 3748 1696 3800 δικαιο-

118 3833 305 3903 σύνης
332 3850 423 3887 σου
453 3834 618 3905 ﬁvaodt
651 3852 707 3887 σε
732 3834 877 3906 ἔργῳ
909 3837 1000 3888 καὶ
1029 3837 1186 3907 λόγῳ.

209 3924 332 3978 165.
363 3923 426 3979 Oi
458 3926 616 3978 πόθον
639 3926 851 3995 ἔχοντες
887 3927 1169 3997 πληρῶσαι
1208 3928 1298 3981 τὸν
1327 3929 1487 3998 νόμον
1513 3946 1606 3982 σου
1633 3931 1693 3981 οὐ

117 4014 495 4085 πολεμοῦνται
537 4017 838 4080 ὑπό-τινος,
874 4017 992 4069 οὺδέ
1033 4019 1176 4070 ἐστιν
1205 4021 1262 4070 ἐν
1299 4021 1476 4082 αὐτοῖς
1510 4020 1696 4097 ἐπιθυτ
1732 4086 1734 4088 τ

124 4108 237 4177 μία
263 4123 350 4170 τις
380 4108 585 4178 πονηρά
602 4125 614 4137 ·
653 4108 864 4177 ἔχοντες
889 4111 994 4184 γὰρ
1024 4112 1079 4164 ἐν
1111 4115 1319 4174 ἑαυτοῖς
1339 4111 1436 4182 τὴν
1460 4114 1698 4184 ἀμέτρη-

115 4217 224 4254 τον
255 4198 416 4269 χάριν
443 4217 556 4264 σου,
583 4200 649 4272 ἢν
671 4204 980 4272 ἠγάπησας,
1008 4203 1280 4275 βοηθοῦσι,
1309 4207 1401 4257 καὶ
1424 4205 1698 4259 διδάσκου-

118 4311 218 4346 σιν
250 4308 467 4354 αυτους.

1792 2741 1918 2794 dum
1952 2755 2112 2810 opera
2143 2739 2282 2808 ejus.

1867 2828 1986 2881 161.
2008 2827 2309 2881 Contraria:
2337 2836 2634 2895 potestates
2665 2839 2948 2889 venerunt,
2978 2839 3036 2882 ut
3057 2829 3357 2884 detinerent

1801 2937 1887 2974 me
1923 2921 1976 2973 in
2011 2922 2246 2975 vanitate
2278 2924 2568 2975 vanilatum
2596 2963 2610 2987 ,
2640 2931 2692 2974 et
2724 2924 3034 2976 recordatus
3064 2927 3248 2978 aeterni
3271 2925 3356 2992 ju-

1801 3013 1927 3067 dicii
1957 3014 2204 3067 extimuit
2236 3029 2328 3068 cor
2357 3031 2535 3068 meum
2573 3030 2694 3068 esse
2731 3030 2854 3068 cum
2887 3016 3040 3083 ipsis.

1871 3103 1990 3156 l62.
2015 3103 2088 3157 Ita
2115 3105 2322 3174 gaudeo
2354 3107 2404 3158 in
2434 3107 2667 3176 eloquiis
2694 3107 2823 3171 tuis,
2844 3106 2983 3160 sicut
3007 3105 3100 3175 qui
3130 3106 3354 3160 immen-

1798 3211 1916 3250 sum
1951 3197 2265 3250 thesaurum
2293 3197 2517 3250 invenit.

1869 3283 1987 3338 165.
2010 3283 2147 3338 Odio
2177 3285 2359 3349 habui,
2387 3297 2438 3338 et
2461 3286 2744 3339 abominor
2764 3302 2924 3340 omne
2947 3296 3223 3356 peccatum
3246 3304 3259 3352 ;
3282 3288 3358 3340 di-

1798 3375 1970 3444 ligere
1990 3385 2168 3428 autem
2197 3385 2246 3428 te
2278 3384 2330 3427 et
2366 3377 2702 3444 proximum,
2739 3379 2995 3446 gaudium
3034 3394 3211 3432 meum
3253 3389 3352 3432 est.

1868 3465 1990 3520 161.
2046 3465 2288 3521 Primum
2339 3469 2555 3537 quidem
2593 3488 2605 3522 :
2641 3469 2976 3524 incessanter
3027 3468 3238 3523 laudavi
3286 3478 3354 3533 te,

1797 3572 1994 3627 perago
2039 3560 2281 3612 excitans
2323 3560 2593 3628 justitiam
2629 3569 2775 3613 tuam
2807 3561 3004 3614 bonam
3036 3578 3051 3615 :
3081 3563 3235 3614 aliter
3261 3575 3356 3613 au-

1801 3661 1905 3704 tem
1945 3650 2104 3704 etiam
2140 3652 2456 3721 intelligitur
2482 3671 2494 3706 :
2520 3654 2663 3720 quod
2698 3669 2795 3722 per
2828 3665 3028 3722 septem
3080 3654 3216 3708 lucis
3255 3664 3358 3707 tuae

1798 3740 1962 3805 dona,
1994 3758 2114 3810 qua:
2146 3742 2197 3794 in
2226 3744 2505 3812 przeceptis
2529 3743 2753 3812 justitia:
2786 3752 2891 3796 tua:
2918 3753 3063 3804 sunt.
3093 3756 3273 3811 apere,
3306 3753 3358 3798 et

1799 3832 1964 3886 verbo
1991 3831 2202 3884 laudavi
2238 3841 2306 3885 te.

1870 3923 1991 3977 165.
2025 3922 2126 3989 Qui
2151 3924 2460 3977 desiderant
2481 3924 2704 3992 implere
2732 3925 2905 3992 legem
2931 3932 3100 3985 tuam,
3133 3937 3163 3976 a
3186 3925 3358 3976 nemi-

1799 4025 1865 4064 ne
1894 4013 2279 4078 impugnantur
2299 4050 2315 4074 ,
2346 4023 2520 4077 neque
2549 4018 2632 4063 est
2665 4011 2718 4062 in
2749 4011 2881 4079 ipsis
2910 4009 3086 4078 aliqua
3115 4010 3357 4078 improba

1799 4103 2064 4171 cupiditas
2091 4121 2105 4155 :
2130 4103 2387 4156 habentes
2407 4102 2549 4156 enim
2576 4103 2629 4156 in
2653 4105 2846 4172 seipsis
2869 4105 3187 4158 immensam
3209 4111 3355 4156 tuam

1799 4196 2050 4266 gratiam.
2080 4209 2248 4264 quam
2284 4194 2523 4251 dilexisti
2551 4235 2566 4261 ,
2601 4195 2899 4265 adjuvant,
2929 4205 2980 4250 et
3008 4196 3204 4250 docent
3237 4210 3352 4249 eos.

206 4381 336 4435 166.
373 4381 700 4434 Ἀπέὸλεπον
729 4386 808 4446 είς
828 4385 924 4455 τὴν
954 4385 1168 4438 αἰώνιον
1200 4385 1362 4457 ζωὴν,
1399 4386 1582 4458 Κύριε,
1607 4390 1700 4443 καὶ

1875 4392 1992 4446 166.
2028 4390 2258 4461 Respexi
2292 4392 2345 4444 in
2369 4400 2622 4445 :eternam
2656 4391 2841 4453 vitam,
2874 4391 3116 4454 Domine,
3147 4399 3199 4445 et
3227 4405 3357 4460 pro—

117 4473 222 4527 διὰ
255 4471 414 4524 τοῦτο
448 4473 588 4544 ἆπερ
621 4475 957 4545 προσέταξας
994 4494 1102 4546 μοι,
1131 4477 1298 4548 ἡδέως
1326 4475 1487 4548 εἶχον.

209 4563 336 4618 167.
359 4565 642 4636 Μέμνηται
662 4567 745 4618 ἀεὶ
766 4567 874 4619 τῶν
896 4567 1233 4638 παθημάτων
1253 4587 1343 4623 σου
1366 4571 1554 4642 ἡψυχὴ
1580 4590 1700 4640 μου,

121 4658 230 4709 καὶ
264 4656 558 4724 ἐγκείμενὰ
586 4657 729 4710 ἐστιν
763 4659 846 4711 ἀεὶ
877 4658 965 4712 διὰ
991 4660 1090 4729 τῆς
1123 4663 1339 4733 μνήμης
1367 4665 1444 4728 εἰς
1476 4665 1572 4734 τὴν
1599 4663 1704 4718 διέι⁸

119 4767 288 4803 νοιαν
315 4750 477 4818 αὐτῆς
503 4752 659 4804 πάνυ.

211 4840 339 4894 168.
379 4840 648 4907 Ἐ’ρύλαξα
686 4845 742 4896 ἐν
781 4845 1001 4915 ἐμαυτῷ
1041 4847 1177 4919 ὅπερ
1203 4849 1560 4920 -προσέταξὰς
1591 4869 1699 4920 μοι,

121 4933 232 4983 καὶ
263 4931 656 5002 διεμαρτύρουν
689 4951 776 5004 μοι
803 4938 1000 5000 πάντες
1028 4939 1260 5010 σφόδρα,
1293 4940 1479 5012 ὥσπερ
1525 4943 1703 4994 ἐπιτε-

121 5021 246 5075 λῶν
275 5019 438 5092 [ὅπερ
464 5023 769 5096 ἐπετέλουν]
803 5026 946 5098 ἔργῳ
979 5030 1073 5081 καὶ
1104 5030 1264 5101 λόγῳ.

214 5111 340 5165 169.
363 5111 551 5175 Οὕτως
581 5116 822 5186 ἰσχυρὰν,
849 5122 940 5170 καὶ
962 5119 1189 5191 δυνατὴν
1215 5124 1434 5192 ποίησον
1467 5125 1563 5194 τὴν
1585 5124 1700 5194 δέη-

125 5204 226 5254 σίν
267 5218 370 5270 μου
391 5243 404 5263 ,
444 5203 581 5256 ὥστε
616 5206 903 5277 δυνηθῆναι
933 5212 1097 5282 αὐτὴν
1123 5213 1443 5267 ἀνελθοῦσαν
1483 5215 1702 5286 πλησίον

127 5311 238 5346 σου
273 5293 582 5363 εὑρεθῆναι.
626 5299 694 5349 Ἢ
731 5299 922 5351 πάλιν·
952 5303 1120 5365 Αὐτὸς
1164 5306 1349 5358 ἐαυτὸν
1397 5306 1582 5369 κλίνας.-
1618 5308 1703 5360 διὰ

124 5384 243 5451 τῆς
277 5384 680 5456 φιλανθρωπίας
709 5389 933 5458 πλησίον
975 5393 1141 5462 αὐτῆς
1167 5396 1322 5462 γένου
1351 5394 1555 5468 [γενοῦ]
1576 5439 1589 5458 ,
1620 5399 1705 5451 ἵνα

127 5474 266 5528 οὔτε
293 5471 508 5546 [οὕτως]
537 5479 727 5548 ἐγγίσῃ
765 5497 886 5548 μου,
925 5484 1017 5535 καὶ
1049 5484 1227 5547 καθὼς
1262 5482 1441 5552 εἴπας,
1465 5487 1701 5550 Αἰτεῖτε,

127 5565 240 5619 καὶ
285 5563 604 5632 δοθήσεται
638 5570 794 5637 ὑμῖν,
835 5573 921 5635 δός
955 5593 1042 5642 μοι
1075 5578 1377 5647 αἰτουμένῳ
1411 5579 1506 5649 τὴν
1549 5583 1703 5648 χάριν

126 5674 257 5718 σου,
297 5656 391 5708 καὶ
419 5657 474 5707 ἐν
506 5659 641 5729 αὐτῇ
678 5664 947 5716 συνέτιςόν
980 5684 1063 5733 με.

211 5773 256 5802 ⁶⁹
291 5771 476 5826 Matth.
511 5791 598 5833 vn,
635 5776 680 5828 7.

1805 4493 1984 4551 pterea
2015 4499 2136 4551 qua:
2185 4481 2487 4550 praecepisti
2521 4482 2653 4534 mihi
2674 4522 2688 4547 ,
2738 4481 2928 4536 suavia
2957 4481 3087 4534 mihi
3117 4481 3354 4535 fuerunt.

1876 4573 1997 4625 167.
2025 4571 2320 4625 lteeordata
2340 4580 2422 4625 est
2445 4586 2654 4641 semper
2675 4572 2987 4640 passionum
3010 4582 3222 4626 tuarum
3240 4573 3360 4626 ani-

1804 4679 1890 4715 ma
1921 4677 2061 4726 mea,
2078 4669 2130 4713 et
2156 4661 2526 4716 recordatione
2549 4677 2760 4732 semper
2781 4664 2958 4718 inlixte
2980 4673 3106 4732 sunt
3130 4664 3183 4716 in
3209 4678 3362 4717 men-

1804 4764 1854 4808 te
1886 4753 2002 4822 ejus
2027 4752 2200 4806 valde.

1879 4844 1998 4898 168.
2032 4841 2312 4898 Custodivi
2348 4844 2400 4895 in
2430 4858 2516 4897 me
2548 4859 2663 4913 ipso
2692 4844 2834 4913 quod
2865 4844 3163 4914 praecepisti
3205 4845 3357 4910 mihi,

1805 4945 1858 4988 et
1887 4933 2226 4986 testabantur
2247 4931 2381 4984 mihi
2405 4945 2595 4986 omnes
2621 4933 2984 4994 vehementer,
3025 4931 3170 5000 quod
3198 4945 3361 5001 opere

1805 5034 1858 5079 et
1887 5037 2136 5078 sermone
2166 5022 2526 5092 perﬁciebam.

1877 5115 1998 5170 l69.
2027 5115 2102 5170 Ita
2131 5116 2368 5169 validam
2414 5130 2476 5170 ac
2508 5124 2776 5184 potentem
2805 5116 2967 5171 redde
2995 5117 3358 5185 precationem

1806 5223 2002 5272 meam,
2035 5216 2094 5262 ut
2120 5209 2365 5276 proxime
2392 5209 2458 5260 ad
2483 5217 2532 5260 te
2564 5209 2737 5262 valeat
2773 5209 2889 5278 ipsa
2922 5210 3220 5277 pervenire.
3256 5210 3363 5263 Aut

1807 5302 1912 5354 alio
1949 5306 2108 5354 modo
2134 5319 2147 5354 :
2178 5301 2515 5354 humanitate
2575 5311 2626 5353 te
2675 5301 2849 5369 ipsum
2893 5301 3158 5356 inclinans
3194 5317 3362 5370 prope

1806 5409 1925 5445 eam
1956 5394 2050 5456 sis,
2085 5401 2144 5445 ut
2172 5392 2276 5446 hoc
2301 5393 2461 5446 modo
2492 5393 2622 5444 mihi
2649 5393 3066 5463 appropinques,
3093 5403 3146 5446 et
3173 5409 3363 5462 quem-

1810 5485 2098 5538 admodum
2153 5484 2336 5537 dixisti
2385 5501 2397 5535 :
2440 5481 2628 5546 Petita,
2685 5495 2730 5537 et
2785 5484 2997 5537 dabitur
3041 5484 3361 5550 vobis",da

1809 5578 1943 5630 mihi
1976 5575 2171 5645 petenti
2233 5575 2421 5629 ratiam
2453 5584 2620 5633 tuam.
2651 5589 2700 5630 et
2727 5578 2778 5629 in
2816 5578 2928 5646 ipsa
2955 5576 3020 5632 da
3046 5579 3175 5633 mihi
3204 5578 3363 5632 intel-

1810 5670 2023 5723 lectum.
