4066 6318
733 351 870 408 1107
1572 350 1628 403 S.
1673 349 2043 402 ATHANASII
2089 348 2240 400 OPI’.
2285 347 2465 399 PARS
2506 348 2592 400 Ill.
2631 379 2693 388 —-
2723 348 3135 406 EXEGETICA.
3843 364 3939 421 I208

797 467 918 522 I70.
952 466 1117 522 Intret
1146 468 1440 537 postulatio
1471 484 1586 521 mea
1621 468 1673 521 in
1703 477 1998 535 conspectu
2033 478 2145 531 tuo,
2189 468 2295 522 Do-
2328 474 2368 528 Α

2333 474 2368 528 Α
2471 468 2591 523 170.
2627 470 2870 522 Είσὲλθοι
2908 471 2967 523 τὸ
2991 471 3206 542 ἀξίωμά
3237 489 3337 542 μου
3365 473 3598 527 ἐνώπιόν
3627 492 3726 527 σου
3750 516 3764 539 ,
3798 477 3939 548 Κύριε,

721 561 868 616 mine
891 602 907 627 ,
942 560 1238 615 secundum
1269 561 1545 629 eloquium
1579 569 1729 614 tuum
1763 560 1911 628 eripe
1945 576 2030 613 me

1681 576 1729 612 tn
1763 560 1911 628 eripe
1945 576 2030 613 me
2397 564 2538 615 κατὰ
2567 564 2626 615 τὸ
2658 563 2836 631 λόγιόν
2873 581 2966 615 σου
2995 564 3153 634 ῥῦσαί
3192 583 3279 636 με.

792 652 914 706 171.
950 650 1292 706 Eructabunt
1317 653 1458 706 labia
1485 667 1600 706 mea
1624 654 1907 724 hymnum.
1933 667 2058 705 cum
2090 653 2296 708 docue-

2469 654 2589 707 171.
2611 654 3020 726 Ἐξερεύξαιντο
3051 657 3119 709 τά
3144 658 3296 728 χεΰιη
3327 676 3426 728 μου
3455 658 3652 729 ὕμνον,
3687 661 3816 712 ὅταν
3839 662 3939 713 Eii-

723 743 798 798 ris
833 758 918 797 me
951 744 1370 812 justiﬂcationes
1405 753 1548 800 tuas.

2396 746 2492 819 ξῃς
2529 765 2595 816 με
2621 749 2689 800 τὰ
2715 749 3064 820 δικαιώματά
3088 768 3197 803 σου.

792 837 916 892 172.
955 837 1337 892 Pronuntiabit
1390 838 1573 907 lingua
1609 852 1728 892 mea
1780 838 2058 908 eloquium
2112 849 2289 902 tuum,

2467 839 2590 892 172.
2624 840 2922 909 Φθέγξαιτο
2961 844 2994 912 ή
3028 843 3250 910 γλῶσσά
3297 861 3399 913 μου
3428 843 3498 896 τὰ
3526 844 3691 909 λόγιά
3743 862 3852 910 σου,
3885 849 3939 900 ἔτι

721 931 845 1001 quia
875 931 1059 985 omnia
1089 932 1343 986 mandata
1377 943 1470 986 tua
1501 934 1750 1001 aequitas.

2395 930 2566 982 πᾶσαι
2595 933 2650 983 αξ
2679 931 2893 985 ὲντολαί
2926 949 3018 985 σου
3052 934 3381 1002 δικαιοσύνη.

791 1023 912 1078 I73.
944 1021 1064 1078 Fiat
1089 1039 1285 1080 manus
1312 1034 1403 1078 tua
1432 1033 1489 1078 ut
1514 1024 1684 1078 salvet
1715 1038 1819 1087 me,
1845 1024 2106 1093 quoniam
2133 1040 2291 1077 man-

2466 1021 2589 1078 175.
2622 1021 2868 1076 Γενέσθω
2891 1025 2925 1090 ἠ
2957 1024 3077 1095 χείρ
3102 1043 3193 1077 σου
3219 1026 3312 1080 τοῦ
3339 1027 3510 1081 σῶσαί
3543 1045 3637 1098 με,
3668 1029 3756 1082 ὅτι
3779 1030 3940 1093 sicis-

718 1112 842 1166 data
874 1123 964 1167 tua
992 1114 1148 1184 elegi.

2390 1115 2551 1178 ⁸τολάς
2579 1133 2671 1168 σου
2699 1118 3059 1188 ᾑρετισάμην.

789 1203 908 1258 174.
938 1204 1235 1275 Concupivi
1267 1207 1506 1261 salutare
1525 1215 1678 1260 tuum
1717 1206 1966 1271 Domine,
1992 1216 2047 1262 et
2073 1207 2160 1260 lex
2195 1218 2286 1262 tua

2466 1207 2583 1260 17-1.
2621 1209 2969 1280 Ἐπεπὸοησα
3011 1211 3073 1263 τὸ
3124 1213 3390 1282 σωτήριόν
3424 1231 3539 1277 σου,
3575 1215 3780 1286 Κύριε,
3824 1218 3939 1269 καὶὸ

719 1296 994 1350 meditatio
1027 1314 1145 1352 mea
1168 1307 1270 1352 est.

2390 1299 2550 1370 νόμος
2588 1317 2678 1352 σου
2717 1300 2912 1372 μελέτη
2945 1302 3048 1372 μού
3086 1303 3218 1356 ἐστι.

791 1386 915 1440 I75.
949 1385 1294 1444 Vivetanima
1334 1406 1473 1457 mea,
1498 1403 1550 1446 et
1580 1391 1824 1447 laudabit
1855 1402 1928 1459 te,
1965 1403 2019 1448 et
2073 1394 2277 1464 judicia

2467 1391 2585 1444 I75.
2620 1393 2850 1462 Ζὴσεται
2881 1397 2912 1465 ἡ
2946 1395 3094 1466 ψυχή
3135 1413 3257 1464 μου,
3294 1398 3387 1449 καὶ
3422 1398 3633 1450 αἰνέσει
3664 1415 3745 1462 σε,
3788 1399 3867 1453 καὶ
3891 1403 3939 1453 τὰ

721 1489 812 1533 tua
834 1479 1164 1548 adjuvabunt
1195 1498 1301 1534 me.

2395 1483 2638 1555 κρίματα
2664 1500 2757 1536 σου
2791 1485 3047 1556 βοηθήσει
3083 1505 3191 1558 μοι.

789 1575 910 1630 I76.
942 1575 1131 1632 Erravi
1158 1577 1300 1632 sicut
1338 1578 1456 1632 ovis
1478 1594 1597 1648 quae
1630 1580 1811 1648 periit,
1848 1595 2033 1649 quaere
2058 1595 2280 1635 servum

2467 1577 2584 1630 176.
2629 1577 2966 1650 Ἐπλανήθην
2994 1580 3067 1644 ὼς
3095 1581 3366 1652 πρόϐατον
3388 1583 3677 1646 ἀπολωλός
3701 1601 3715 1612 ·
3746 1583 3940 1653 ζήτησον

718 1677 889 1734 tuum,
913 1668 1039 1737 quia
1070 1669 1322 1722 mandata
1354 1679 1442 1723 tua
1471 1685 1577 1723 non
1606 1684 1727 1723 sum
1755 1669 1979 1723 oblitus.
2321 1733 2324 1739 η

2334 1684 2364 1739 Β
2392 1669 2482 1722 τὴν
2509 1668 2692 1722 δοῦλόν
2729 1687 2844 1735 σου,
2877 1671 2958 1724 ὅτι
2979 1673 3078 1736 τὰς
3110 1675 3330 1738 ἐντολάς
3361 1693 3455 1727 σου
3480 1677 3580 1730 οὐκ
3606 1677 3940 1746 ἐπελαθόμην.

1886 1853 2054 1905 ΨΛᾹ.
2087 1852 2239 1909 PIH'.
2269 1849 2478 1906 PSA]...
2515 1849 2749 1906 CXVIII.

783 1993 831 2046 I.
871 1993 1163 2062 Μακάριοι,
1200 2001 1304 2048 etc.
1337 1991 1507 2055 Beati,
1535 2002 1642 2046 etc.

2459 1989 2512 2042 4.
2556 1991 2642 2043 Ἑν
2674 1990 2790 2064 ὅλῃ,
2821 2000 2925 2045 etc.
2956 1990 3009 2044 In
3047 2000 3180 2056 toto,
3212 2003 3318 2047 etc.

776 2085 830 2138 2.
865 2087 930 2138 Οί
962 2085 1338 2155 πορευόμενοι,
1375 2096 1481 2139 etc.
1518 2083 1622 2150 Qui
1662 2082 1962 2148 ambulant,
1993 2095 2099 2137 etc.

1800 2083 1962 2148 ulant,
1993 2095 2099 2137 etc.
2462 2081 2512 2134 5.
2540 2082 2614 2134 Οὐ
2646 2083 2776 2153 γάρ,
2805 2093 2910 2139 etc.
2936 2082 3054 2139 Non
3092 2085 3267 2150 enim,
3304 2094 3406 2141 etc.

779 2177 830 2230 3.
865 2178 1159 2247 Μακάριοι,
1190 2185 1295 2231 etc.
1327 2176 1496 2239 Beati,
1525 2185 1628 2230 etc.

1831 2312 2202 2369 ATIIANASII
2257 2309 2834 2368 INTERPRETATIO.

778 2456 900 2511 I70.
931 2457 1092 2526 Aperi
1119 2466 1302 2525 portas
1328 2456 1588 2509 caelorum
1627 2465 1844 2511 tuorum
1868 2497 1881 2519 ,
1929 2463 1985 2510 et
2018 2455 2279 2522 depreca-

2455 2449 2569 2504 I70.
2600 2448 2843 2515 Ἀνοιξον
2870 2449 2966 2513 τὰς
2993 2449 3166 2513 πύλας
3196 2450 3306 2503 τῶν
3326 2454 3572 2522 οὐρανῶν
3599 2472 3720 2520 σου,
3748 2460 3834 2510 καὶ
3860 2475 3939 2528 την

712 2548 912 2601 tionem
949 2561 1125 2600 meam
1161 2545 1340 2614 recipe
1364 2584 1378 2607 ,
1427 2545 1883 2614 quemadmodum
1931 2545 2156 2599 dixisti:
2186 2543 2278 2597 ln-

2382 2541 2724 2610 παράκλησίν
2749 2558 2848 2610 μου
2874 2540 3043 2607 δέξαι,
3072 2542 3253 2607 καθὼς
3279 2539 3465 2607 εἷπας’
3505 2547 3937 2602 Ἐπικαιέσεταί

711 2654 834 2690 voca
862 2654 942 2690 me
969 2640 1023 2691 in
1053 2637 1140 2691 die
1169 2637 1527 2691 tribulationis
1558 2647 1682 2701 me,
1709 2647 1757 2692 et
1777 2654 1959 2691 eruam
1992 2647 2058 2701 te,
2089 2646 2138 2690 et
2163 2636 2280 2706 glo-

2375 2650 2450 2701 με
2492 2632 2871 2703 [ἑπικάλεσαί
2895 2633 2993 2706 με]
3027 2637 3097 2688 ἐν
3142 2635 3329 2704 ἡμέρᾳ
3365 2637 3630 2706 θλὶψεώς
3661 2656 3781 2694 σου
3803 2683 3816 2703 ,
3862 2645 3937 2694 καὶ

712 2729 942 2798 rificabis
977 2746 1056 2782 me
1078 2729 1125 2760 ⁷⁸
1155 2749 1167 2783 :
1200 2730 1272 2783 ita
1322 2747 1468 2785 nunc
1516 2731 1795 2801 excipiens
1840 2730 2277 2799 deprecationem

2379 2725 2702 2795 ἐξελοῦμαί
2743 2741 2816 2780 σε
2835 2767 2849 2790 ,
2883 2728 2980 2780 καὶ
3011 2726 3287 2795 δοξάσεις
3311 2748 3386 2798 με
3409 2747 3422 2759 ο
3456 2731 3633 2795 οὕτως
3660 2731 3780 2796 νῦν,
3809 2733 3938 2799 δεξα-

712 2838 887 2876 meam
925 2823 1089 2877 libera
1125 2838 1226 2877 me.
2309 2855 2318 2903 ε

2309 2848 2356 2909 c
2387 2817 2550 2887 μένου
2585 2835 2685 2887 μου
2714 2818 2812 2888 τὴν
2840 2819 3212 2890 παράκλησιν,
3248 2820 3405 2892 ῥῦσαί
3439 2841 3525 2892 με.

785 2905 904 2968 I7I.
933 2912 1201 2985 Hymnum
1228 2915 1516 2984 rependam
1544 2915 1854 2983 gloriﬁcans
1888 2923 1972 2976 te,
2003 2927 2126 2966 cum
2163 2910 2283 2964 illu-
2321 2905 2354 2909 “

2330 2905 2354 2909 “
2457 2907 2578 2959 171.
2613 2907 2928 2977 Ἀνέπεμψα
2965 2905 3355 2982 [Ἂναπέμψω]
3390 2910 3556 2980 ὕμνον
3585 2913 3830 2978 δοξάζων
3873 2933 3936 2976 σε,

710 3006 942 3061 minabis
973 3022 1059 3060 me
1095 3007 1162 3060 ad
1215 3005 1588 3076 intelligendas
1636 3014 1686 3058 ct
1717 3004 1992 3060 faciendas
2016 3004 2285 3074 justilicao

2384 2999 2509 3051 ὅταν
2544 2999 2784 3071 φωτίσῃς
2810 3016 2877 3070 με
2909 2998 2975 3054 τὰ
3003 2999 3345 3072 δικαιώματά
3379 3019 3472 3055 σου
3492 3045 3508 3068 ,
3539 3005 3639 3056 καὶ
3667 3009 3836 3070 νοεῖν,
3865 3010 3939 3058 καὶ

711 3100 888 3152 tiones
920 3107 1056 3151 tuas.

2385 3090 2663 3159 πράττειν.

783 3189 903 3243 I72.
947 3188 1165 3259 Loquar
1195 3190 1524 3244 conﬁdenter
1557 3203 1865 3243 sermonem
1899 3196 2053 3241 tuum
2079 3225 2094 3251 ,
2140 3201 2281 3256 quo-

2455 3182 2578 3236 172.
2635 3181 2869 3253 Λα).ήσω
2893 3182 2982 3234 τὸν
3009 3183 3162 3251 λόγον
3197 3201 3290 3236 σου
3331 3186 3464 3256 μετᾶ
3494 3190 3843 3260 παρρησίας,
3874 3192 3939 3242 ἂτι

709 3282 852 3335 niam
881 3282 950 3335 ab
994 3281 1146 3335 initio
1178 3297 1348 3350 usque
1378 3282 1431 3335 in
1477 3282 1638 3335 tinem
1682 3279 1893 3350 iustitia
1944 3287 2110 3340 sunt,
2160 3291 2282 3346 qua;

2383 3275 2479 3327 ἀπ’
2506 3275 2678 3346 ἀρχῆς
2701 3275 2805 3339 ἕως
2833 3275 3016 3340 τέλους
3043 3276 3351 3348 δικαιοσύνη
3389 3279 3548 3345 εἰσιν,
3576 3280 3731 3353 ἅπερ
3763 3283 3938 3336 ἐνετεί-

712 3373 979 3427 mandasti
1015 3373 1190 3426 nobis.

2384 3364 2460 3418 λω
2487 3366 2613 3434 ὑμῖν
2645 3365 2843 3438 [quin].

785 3465 904 3519 I73.
933 3463 1180 3535 Prae-para
1208 3467 1434 3536 gratiam
1457 3476 1605 3520 tuam
1635 3465 1701 3519 ad
1727 3465 2138 3520 custodiendum
2169 3481 2274 3532 me,

2459 3455 2576 3510 I73.
2618 3458 2952 3530 Εὐτρέπισον
2978 3458 3075 3530 τὴν
3110 3460 3266 3532 χάριν
3303 3479 3393 3514 σου
3426 3459 3528 3533 [εἰς
3547 3461 3637 3534 τὸ]
3675 3464 3938 3532 φυλάττειν

711 3559 968 3627 quoniam
999 3568 1259 3628 praecepta
1290 3568 1379 3612 tua
1412 3558 1566 3628 elegi.

2389 3564 2475 3617 με,
2504 3548 2586 3599 ὅτι
2621 3547 2719 3611 τὰς
2751 3550 2970 3614 ἐντολάς
3005 3567 3096 3603 σου
3131 3550 3476 3624 ἐξελεξάμην.

783 3651 900 3705 174.
933 3651 1266 3714 Desiderari,
1298 3651 1544 3717 Domine,
1576 3667 1907 3723 cognoscere
1955 3651 2275 3706 manilesta-

2459 3636 2578 3719 I74.
2615 3637 2964 3710 Ἐπεπόθησα
3002 3639 3225 3709 γνῶναι,
3267 3641 3454 3714 Κύριε,
3496 3644 3594 3716 τὴν
3648 3648 3939 3717 φανέρωσιν

713 3744 916 3797 tionem
976 3752 1370 3812 praceptorum
1427 3752 1665 3807 tuorum,
1710 3751 1991 3812 propterea
2041 3744 2275 3811 exquiro

2381 3729 2490 3782 τῶν
2515 3732 2953 3801 προσταγμάτων
2983 3749 3076 3785 σου
3103 3751 3114 3762 ·
3155 3734 3242 3787 διὰ
3266 3736 3424 3788 τοῦτο
3447 3738 3701 3809 ἐπιζητῶ
3724 3741 3937 3806 ἑκάστης

711 3833 1048 3902 singularum
1077 3831 1482 3903 Scripturarum
1519 3831 1952 3901 explicationem.

1406 3848 1482 3885 im
1519 3831 1952 3901 explicationem.
2383 3821 2604 3893 Γραφῆς
2625 3822 2723 3894 τὴν
2747 3823 3012 3878 ἐπίλυσιν.

781 3924 904 3978 I75.
941 3923 1160 3980 Vivillca
1206 3925 1444 3980 animam
1478 3941 1650 3980 meam
1693 3940 1788 3994 per
1822 3925 2051 3995 gratiam
2096 3933 2269 3988 tuam,

2454 3915 2574 3969 I75.
2610 3918 2952 3988 Ζωοποίησον
2975 3920 3073 3990 τὴν
3103 3919 3283 3992 ψυχήν
3331 3939 3434 3994 μου
3479 3923 3567 3976 διὰ
3606 3924 3714 3994 τῆς
3741 3927 3937 3996 χάριτές

705 4018 758 4064 et
814 4011 932 4080 ejus
965 4012 1168 4067 auxilio
1222 4023 1273 4067 te
1318 4013 1565 4066 laudabit
1605 4032 1618 4067 :
1653 4020 1706 4067 et
1747 4013 1952 4083 judicia
1987 4023 2077 4066 tua
2115 4029 2267 4066 arma

2382 4026 2495 4073 σου,
2520 4009 2614 4062 καὶ
2646 4010 2850 4063 αἰνέσει
2880 4009 3013 4084 [σε]
3045 4013 3112 4065 δι’
3133 4015 3303 4085 αὐτῆς
3328 4033 3341 4045 ⁸
3375 4018 3466 4069 καὶ
3493 4017 3562 4068 τὰ
3587 4019 3842 4088 κρίματά
3861 4036 3934 4070 πυ

704 4103 838 4156 mihi
866 4103 976 4158 sint
999 4104 1260 4159 adversus
1282 4105 1586 4158 contrarias
1610 4113 1923 4174 potestates.

2378 4102 2517 4155 ὅπλα
2550 4120 2639 4173 μοι
2667 4104 2909 4171 γένοιντο
2937 4104 3079 4157 κατά
3104 4106 3211 4160 τῶν
3245 4108 3500 4161 ἐναντίων
3523 4110 3833 4180 δυνάμεων.

777 4197 897 4252 I76.
932 4197 1123 4252 Erravi
1155 4200 1469 4269 relinquens
1504 4208 1554 4254 te
1589 4213 1775 4252 verum
1823 4209 2138 4266 pastorem:
2179 4197 2270 4252 sed
2310 4185 2354 4240 Ῑ)

2330 4186 2354 4239 )
2454 4193 2576 4246 176.
2626 4191 2964 4264 Ἐπλανήθην
2986 4193 3300 4248 καταλιπών
3323 4212 3383 4248 σε
3416 4195 3508 4248 τὸν
3534 4195 3797 4267 ἀληθινὸν
3835 4214 3936 4248 πι-

704 4292 988 4359 cognoscis
1022 4293 1112 4346 ubi
1141 4309 1298 4358 sum;
1331 4293 1415 4348 fac
1463 4302 1522 4348 ut
1563 4294 1697 4349 velis
1733 4309 1821 4348 me
1859 4293 2115 4361 reperire,
2142 4307 2276 4362 quo-

2381 4285 2517 4355 μένα
2537 4302 2548 4312 ·
2579 4284 2715 4338 ἀλλὰ
2747 4283 3038 4354 γινώσκεις
3073 4286 3175 4340 ποῦ
3205 4288 3350 4358 εἰμι’
3377 4287 3602 4359 Θέλησον
3639 4291 3828 4361 εὑρεῖν
3861 4306 3932 4359 με.

705 4383 853 4437 niam
904 4383 1068 4438 etiam
1103 4384 1446 4439 errabundus
1496 4386 1788 4450 exsistens,
1836 4393 2094 4455 tanquam
2155 4383 2271 4437 ovis

2373 4380 2453 4432 ὃτι
2479 4380 2571 4433 καὶ
2594 4379 3016 4452 πεπλανημένος
3054 4379 3128 4433 ὢν
3157 4381 3231 4443 ὡς
3277 4381 3546 4452 πρόϐατον
3576 4383 3828 4435 ἀναϐοῶν
3858 4382 3935 4449 ζη-

705 4477 947 4532 clamans
993 4493 1178 4547 quaero
1221 4486 1295 4542 te,
1337 4487 1392 4532 et
1438 4492 1652 4548 gregem
1710 4485 1887 4542 tuum,
1949 4477 2152 4530 timens
2198 4491 2273 4529 ne

2371 4473 2476 4525 τῶν
2507 4471 2731 4544 [ζητῶ]
2766 4490 2847 4535 σε,
2879 4474 2976 4527 καὶ
3020 4473 3116 4544 τὴν
3151 4472 3247 4544 σὴν
3277 4473 3514 4544 ποίμνην
3539 4515 3554 4538 ,
3589 4475 3931 4545 φοϐούμενος.

705 4577 924 4638 propter
947 4584 1126 4623 meum
1153 4581 1430 4639 peccatum
1456 4581 1509 4624 et
1529 4570 1582 4623 in
1611 4569 1844 4640 praedam
1890 4569 1994 4622 sim
2034 4577 2257 4621 contra-

2375 4563 2580 4632 μήποτε
2603 4561 2697 4614 διὰ
2721 4563 2817 4631 τῆς
2847 4561 3121 4633 ἁμαρτίας
3151 4579 3253 4631 μου
3293 4563 3387 4615 καὶ
3412 4563 3756 4635 Θηριάλωτος
3781 4564 3932 4632 γένυ-

706 4662 804 4716 riis
830 4662 1215 4732 potestatibus.

2381 4670 2475 4723 μαι
2501 4651 2604 4704 ὑπὸ
2629 4651 2736 4704 τῶν
2766 4651 3022 4705 ἐναντίων
3045 4653 3344 4723 δυνάμεων.

785 4809 850 4860 Ἦ
882 4808 1214 4880 προκειμένη
1255 4807 1531 4878 ἐπιγραφὴ
1579 4810 1613 4878 ὴ
1648 4807 1735 4861 διὰ
1768 4806 1868 4874 τῆς
1894 4803 2268 4873 κινναϐάρεως
2376 4813 2391 4865 ι

2376 4797 2700 4865 principatus
2727 4795 2856 4860 oris,
2882 4795 2987 4849 hoc
3013 4804 3096 4849 est
3121 4833 3135 4859 ,
3167 4795 3261 4864 qui
3307 4803 3487 4865 potest
3530 4810 3635 4849 non
3675 4796 3929 4851 oﬂ’enderc

704 4899 968 4970 περιέχει,
991 4909 1094 4954 etc.
1131 4899 1520 4970 Ἐρμηνεύεται
1551 4899 1822 4969 διαφόρως
1860 4899 1954 4951 καὶ
1987 4897 2258 4967 πολυτρὸι

1685 4900 1822 4969 όρως
1860 4899 1954 4951 καὶ
1987 4897 2258 4967 πολυτρό-
2379 4887 2432 4939 in
2467 4885 2652 4950 verbo,
2689 4885 2780 4939 hic
2809 4883 3080 4952 perfectus
3109 4884 3191 4937 vir
3223 4886 3291 4938 ⁷³.

704 5009 820 5054 πως
843 4993 943 5056 εἰς,
970 5001 1074 5046 etc.
1119 4992 1266 5063 ἡμᾶς
1315 4992 1772 5063 προτρεπόμενον.
1808 4989 2025 5045 Titulus
2051 5005 2266 5059 ιιι-ξενο-

2095 5007 2266 5059 ηερο-
2438 4977 2490 5031 2.
2518 4978 2580 5030 Οἱ
2615 4977 2968 5047 ἀπεχόμενοι,
2997 4984 3101 5031 etc.
3136 4973 3238 5041 Qui
3271 4976 3562 5040 abstinent,
3592 4985 3701 5032 etc.

705 5083 843 5137 situs
875 5084 1155 5137 cinnabari
1181 5085 1416 5152 scriptus
1439 5085 1701 5148 continet,
1736 5095 1842 5137 etc.
1875 5083 2264 5151 Interpretatur

1673 5102 1701 5148 ;’
1736 5095 1842 5137 em.
1875 5083 2264 5151 Interpretatur
2515 5068 2820 5139 Μακάριοι,
2846 5077 2952 5123 οιο.
2980 5067 3148 5132 Beati,
3177 5076 3279 5122 etc.

705 5173 914 5226 diverse
934 5181 988 5227 et
1007 5174 1154 5228 varie
1178 5174 1245 5227 ad
1278 5176 1506 5244 hymnos
1521 5183 1574 5229 et
1599 5175 1811 5230 laudem
1841 5192 1938 5230 nos
1955 5176 2269 5230 exhortans.

2443 5162 2493 5215 4.
2524 5161 2748 5232 Θερμοί,
2777 5169 2917 5226 etc.,
2946 5160 3008 5213 τὸ
3052 5161 3194 5223 πῶς,
3237 5171 3367 5224 etc.,
3405 5160 3607 5213 ἔνοικον
3646 5163 3710 5213 ὲν
3741 5164 3923 5221 αὐτοῖς.

780 5264 835 5316 1.,
865 5264 1140 5334 Μακάριοι
1167 5267 1215 5318 οἱ
1247 5266 1385 5319 κατὰ
1417 5267 1506 5319 τὸν
1561 5266 1698 5319 Ἰώϐ.
1750 5267 1824 5320 Τὸ
1857 5269 2067 5335 Ἀλεφ,
2093 5267 2153 5319 τὸ
2185 5266 2271 5318 διὰ
2373 5255 2386 5308 Ῐ

2373 5253 2686 5319 Ferventes,
2720 5261 2851 5317 etc.,
2877 5252 3157 5322 quomodo
3181 5267 3305 5306 eum
3332 5252 3597 5320 accipiant
3632 5252 3928 5307 inhabitan-

703 5353 800 5421 τῆς
844 5354 1210 5427 κινναϐάρεως
1243 5358 1665 5428 παρακείμενον,
1693 5358 2052 5428 ἑρμηνεύεται
2111 5358 2266 5426 ἀρχὴ
2368 5355 2472 5398 lem
2509 5345 2562 5398 ίη
2591 5360 2649 5400 se
2677 5345 2830 5414 ίρείεο

705 5445 1018 5513 στόματος,
1063 5448 1337 5500 τουτέστιν
1393 5452 1420 5501 ὁ
1461 5448 1757 5512 δυνάμενος
1819 5448 1894 5519 μὴ
1943 5449 2153 5501 πταίειν
2212 5451 2271 5499 ἐν
2439 5436 2488 5490 5-
2519 5439 2581 5490 Οί
2602 5436 2709 5508 γὰρ
2735 5437 3038 5507 λεγόμενοι.
3063 5446 3198 5499 etc»
3229 5439 3344 5499 τοῖς
3384 5436 3805 5508 προστάγμασιν
3844 5439 3926 5488 αὖ·

703 5536 864 5608 λόγῳ,
891 5531 1045 5602 οὗτος
1068 5539 1269 5604 τέλειος
1289 5542 1449 5610 ἀνήρ.
1483 5541 1655 5604 Beati,
1683 5543 1777 5611 qui
1808 5544 2102 5597 secundum
2131 5543 2256 5600 Job.

2367 5527 2459 5580 τοῦ
2480 5529 2539 5580 οὐ
2564 5527 2855 5583 πείθονται.
2911 5528 3162 5584 Dicentes
3191 5530 3335 5584 enim
3381 5543 3440 5584 se
3477 5542 3612 5589 esse.
3653 5540 3927 5600 etc.,prz-

707 5630 870 5699 Aleph
933 5633 1212 5687 cinnabari
1276 5633 1454 5688 versui
1515 5634 1812 5703 ascriptum
1878 5635 2268 5705 interpretatur
2369 5620 2671 5689 ccp'iseills
2695 5635 2800 5674 ηοη
2833 5619 3120 5676 (medium-

784 5749 828 5781 "
863 5748 1006 5804 Psal.
1040 5766 1184 5814 χιιιι,
1223 5749 1301 5804 15.
1411 5751 1448 5781 ’⁸
1484 5748 1595 5804 Jac.
1639 5765 1718 5812 ιιι,
1753 5750 1803 5802 2.
