4066 6318
137 365 257 420 1209

194 482 244 536 6.
275 481 367 544 Σύ,
403 489 510 534 etc.
529 479 632 541 Tu.
660 491 787 543 etc.,
819 481 912 535 τοῦ
942 483 1114 540 deest.

193 573 240 629 7.
276 574 523 641 Ὄφελον,
559 584 662 628 etc.
693 573 934 639 Utinam,
965 585 1072 629 etc.

192 660 240 716 8.
275 663 426 725 Τότε,
459 672 566 718 etc.
601 663 770 727 Tunc,
802 673 905 718 etc.

189 754 238 806 9.
273 755 784 825 Ἑξομολογήσομαι,
808 767 912 810 etc.
948 756 1278 820 Conlitebor,
1311 767 1396 810 etc

187 846 269 903 I0.
314 849 400 901 Ἐν
430 847 506 917 τῷ
531 848 928 918 μεμαθηκέναι,
965 858 1070 903 etc.
1099 848 1154 902 In
1187 865 1272 912 eo,
1309 849 1452 918 quod
1485 849 1670 914 didicl,

123 952 217 993 CIC.

198 1031 275 1085 ll.
309 1029 387 1083 Τὰ
418 1029 756 1099 δικαιώματά
783 1047 898 1094 σου,
926 1040 1031 1085 etc.
1063 1027 1488 1085 Justilicationes
1523 1039 1667 1092 tuas,

133 1131 227 1173 etc.

201 1214 280 1267 I2.
323 1215 408 1267 Ἑν
431 1215 556 1279 τινι,
588 1226 690 1269 etc.
731 1213 786 1267 In
815 1229 942 1284 quo,
971 1223 1076 1269 etc.

189 1307 269 1360 15.
310 1307 395 1359 Ἐν
420 1306 498 1376 τῷ
529 1305 883 1375 φυλάξασθαι,
916 1313 1020 1359 etc.
1059 1302 1116 1358 In
1160 1302 1534 1367 custodiendo,
1562 1315 1665 1358 etc.

187 1399 267 1453 14.
307 1399 393 1450 Ἐν
421 1398 537 1470 ὅλῃ,
574 1407 678 1453 etc.
712 1396 767 1450 In
805 1405 938 1458 toto,
971 1406 1074 1450 etc.

182 1488 261 1541 I5.
299 1488 388 1541 Ἐν
421 1490 485 1557 τῇ
521 1486 738 1557 καρδίᾳ,
762 1495 867 1538 etc.
894 1484 950 1538 In
984 1483 1170 1549 corde,
1195 1494 1297 1540 etc.

182 1581 262 1633 I6.
291 1580 614 1648 Εὐλογητὸς,
643 1586 751 1632 etc.
789 1577 1131 1643 Benedictus,
1164 1586 1269 1632 etc.

180 1671 262 1723 I7.
306 1673 390 1724 Ἐν
413 1674 524 1732 τοῖς
550 1669 747 1738 χείλεσί
777 1685 902 1739 μου,
936 1678 1040 1724 etc.
1067 1667 1123 1722 In
1147 1668 1310 1724 Iabiis
1345 1666 1501 1732 meis,
1529 1676 1633 1720 etc.

181 1761 262 1814 I8.
308 1762 395 1813 Ἐν
419 1763 484 1831 τῇ
512 1759 634 1830 ὁδῷ,
669 1769 774 1814 etc.
814 1759 867 1815 In
896 1761 1001 1824 via,
1038 1769 1141 1814 etc.

949 366 1036 420 DE
1076 364 1350 421 TITULIS
1388 360 1833 419 PSALMORUM.
1875 392 1941 400 ——
1984 359 2177 414 PSAL.
2218 357 2444 413 CXVIII.

3189 352 3327 408 I2I0

1704 487 1744 541 Α
1844 499 1935 553 22.
1976 496 2318 560 Ἀνταπόδος,
2347 506 2452 550 etc.
2491 495 2765 558 Retribue,
2795 504 2900 548 etc.

1844 588 1931 641 25.
1978 587 2371 656 Ἀποκὰλυψον,
2396 597 2498 639 etc.
2539 584 2768 648 llevela,’
2786 597 2888 638 etc.

1843 680 1930 732 2-1.
1964 680 2251 749 Πάροικος,
2280 686 2382 730 etc.
2422 675 2618 738 Incola,
2639 685 2740 728 etc.

1840 773 1929 827 25.
1959 774 2048 842 Μὴ
2079 771 2424 842 ἀποκρύψης,
2451 781 2556 822 etc.
2589 766 2706 821 Non
2735 765 3055 830 abscondas,
3082 774 3186 822 etc.

1840 864 1929 919 26.
1965 863 2356 930 Ἐπεπόοησεν,
2380 869 2480 914 etc.
2518 859 2863 927 Concupivit,
2897 869 3000 912 etc.

1839 956 1926 1008 27.
1965 956 2358 1025 Ἐπετίμησας,
2386 967 2485 1006 etc.
2513 952 2827 1019 Increpasti,
2851 960 2946 1005 etc.

1840 1046 1928 1099 28.
1973 1046 2416 1116 Ἐπικατάρατοι,
2445 1053 2549 1097 etc.
2588 1043 2872 1108 Maledicti,
2907 1051 3012 1096 etc.

1837 1138 1927 1192 29.
1959 1137 2203 1208 Περίελε,
2229 1146 2329 1190 etc.
2363 1136 2560 1199 Aufer,
2595 1146 2698 1190 etc.

1840 1230 1926 1281 50.
1965 1229 2072 1279 Καὶ
2099 1228 2227 1298 γάρ,
2252 1239 2354 1280 etc.
2390 1227 2619 1291 Etenim,
2656 1235 2758 1280 etc.

1836 1317 1923 1370 51.
1961 1319 2069 1370 Καὶ
2099 1319 2205 1387 γὰρ
2237 1317 2306 1369 τὰ
2343 1316 2616 1386 μαρτύριὰ
2641 1333 2756 1382 σου,
2787 1324 2891 1370 etc.
2924 1312 3056 1368 Nam
3089 1319 3143 1368 et
3173 1311 3324 1367 testi-

1767 1411 1946 1464 monia
1981 1423 2087 1472 tun,
2119 1419 2220 1462 etc.

1837 1502 1924 1556 52.
1971 1500 2286 1572 ammon,
2314 1509 2419 1553 etc.
2459 1499 2717 1563 Adhaesit,
2744 1507 2847 1552 etc.

1832 1593 1920 1647 55.
1964 1591 2072 1654 Τὰς
2099 1591 2250 1655 ὁδούς
2276 1608 2396 1661 μου,
2431 1601 2533 1645 etc.
2572 1589 2703 1645 Vias
2734 1603 2901 1654 meas,
2937 1599 3040 1643 etc.

1835 1682 1922 1735 54.
1969 1684 2136 1746 Ὀδόν,
2170 1694 2272 1739 etc.
2315 1682 2488 1744 Viam,
2526 1693 2626 1736 etc.

1833 1772 1922 1825 55.
1962 1773 2299 1840 Ἐνύσταξεν,
2331 1785 2431 1828 etc.
2470 1773 2807 1836 Dormitavit,
2848 1783 2950 1826 etc.

181 1849 261 1903 I9.
305 1852 391 1903 'Ev
424 1854 543 1914 ταῖς
591 1851 832 1915 ἐντολαῖς
857 1891 872 1913 ,
931 1861 1059 1915 etc.,
1107 1849 1201 1904 καὶ
1235 1850 1555 1917 κατανοήσω
1592 1863 1661 1900 τα
1690 1831 1731 1885 Β
1828 1863 1916 1916 56,
1964 1864 2132 1925 νωδόν,
2165 1831 2476 1927 “vanum,
2505 1873 2607 1918 εις,

117 1941 381 2011 (tacuisti
411 1959 523 1996 σου.
579 1941 634 1997 In
670 1943 959 2008 mandatis,
1019 1952 1160 2008 etC.,
1205 1951 1260 1996 et
1305 1940 1660 1996 considerabo

115 2033 372 2088 mirabilia
409 2044 521 2090 tua.

175 2123 260 2178 20.
297 2125 385 2176 Ἐν
419 2128 531 2187 τοῖς
565 2122 893 2193 δικαιώμασί
928 2139 1042 2186 σου,
1072 2132 1175 2176 etc.
1223 2119 1279 2173 In
1322 2117 1661 2189 iustiﬁcatio-

112 2214 264 2268 uibus
299 2216 426 2277 tuis.
456 2224 560 2270 etc.

175 2302 260 2357 2t.
290 2304 403 2356 Οὐκ
431 2303 776 2373 ἐπιλήσομαι,
809 2315 912 2359 etc.
948 2302 1066 2359 Non
1096 2303 1400 2366 obliviscar,
1441 2311 1543 2358 etc.

1825 1953 1911 2007 57.
1959 1955 2108 2009 Ὀδὸν
2144 1955 2421 2026 ἀληθείας,
2457 1967 2586 2020 etc.,
2615 1957 2706 2010 καί
2737 1956 2903 2010 deest.
2934 1952 3088 2007 Viam
3116 1951 3314 2006 verita-

1759 2045 1847 2106 tis,
1878 2055 1979 2100 etc.

1826 2136 1911 2188 42.
1957 2136 2251 2207 Ὀδὴγησόν
2286 2157 2374 2210 με,
2407 2149 2509 2193 etc.
2547 2139 2724 2193 Deduc
2752 2151 2859 2201 me,
2892 2145 2997 2190 etc.

1825 2225 1911 2279 45.
1947 2227 2159 2293 Κλῖνον,
2190 2237 2295 2284 etc.
2326 2230 2548 2296 Inclina,
2580 2240 2684 2284 etc.

1213 2417 1589 2475 ATHANASII
1622 2417 2205 2484 INTERPRETATIO.

184 2536 233 2589 6.
264 2536 333 2588 Σὺ
379 2532 555 2598 εἶπας,
591 2544 717 2597 etc.,
770 2536 836 2588 τὰ
884 2536 1018 2607 ἔργα
1047 2534 1246 2605 Κυρίου
1296 2533 1533 2605 ἀμελῶς.
1574 2532 1655 2587 Tu

113 2627 308 2688 dixisti,
342 2637 468 2690 etc.,
503 2642 664 2695 opera
693 2625 785 2680 Dei
815 2629 1160 2698 negligenter.

175 2718 224 2770 7.
261 2719 401 2790 Δῲη,
429 2728 530 2772 etc.
567 2718 682 2780 Det,
717 2727 819 2771 etc.

178 2806 226 2860 8.
272 2809 356 2859 ’Ev
383 2810 446 2877 τῇ
484 2806 663 2876 ἡμέρᾳ
687 2806 784 2875 τῆς
809 2806 1040 2877 κρίσεώς
1076 2822 1168 2859 σου
1201 2807 1299 2878 μή,
1340 2816 1443 2862 etc.
1477 2806 1532 2861 In
1568 2807 1656 2863 die

109 2899 287 2965 judieii
321 2914 424 2951 non
447 2897 684 2960 audiam,
715 2907 816 2952 etc.

172 2992 222 3044 9.
259 2989 446 3050 Ἐκδῶ,
480 2998 578 3041 etc.
614 2986 865 3053 Tratlam,
895 2998 996 3042 etc.

173 3080 254 3134 10.
286 3080 374 3130 Ἐν
403 3077 479 3146 τῷ
509 3076 735 3130 ἀκοῦσαί
773 3093 861 3146 με,
891 3085 996 3130 etc.
1033 3076 1166 3130 Cum
1197 3075 1439 3146 audiero,
1474 3086 1578 3131 etc.

175 3171 256 3222 11.
290 3168 370 3221 Τὰ
401 3166 743 3236 δικαιώματά
766 3184 879 3230 σου,
914 3178 1020 3221 etc.
1055 3165 1478 3221 Justiticationes
1508 3177 1650 3231 tuas,

107 3271 201 3314 etc.

178 3351 257 3406 I2.
291 3351 417 3414 Πῶς
460 3351 568 3404 τῶν
613 3350 948 3422 νεωτερικῶν
985 3350 1289 3420 ἐπιθυμιῶν
1345 3351 1655 3404 ὲπιλάθεταξ

105 3464 211 3508 τις;
236 3446 308 3498 Τὸ
334 3445 421 3497 διά
441 3443 542 3512 τῆς
568 3444 936 3514 κινναϐάρεως
960 3445 1357 3514 παρακείμενον
1387 3444 1572 3515 ὄνομα,
1596 3445 1653 3496 τὸ

111 3536 243 3602 Βὴθ,
275 3534 633 3605 ἑρμηνεύεται
652 3531 832 3600 οἶκος.
858 3534 1017 3605 Δηλοῖ
1033 3535 1111 3598 δὲ,
1139 3536 1217 3588 ὅτι
1240 3535 1381 3588 οὕτω
1405 3537 1657 3608 κατορθοῖ

104 3627 356 3697 νεώτερος
387 3625 482 3697 τὴν
505 3625 618 3680 ὁδὸν
654 3626 816 3679 αὐτοῦ
855 3629 910 3679 ὲν
937 3627 1014 3696 τῷ
1051 3623 1189 3681 εἶναι
1216 3628 1311 3699 τὴν
1345 3626 1517 3697 ψυχὴν
1560 3629 1652 3680 καὶ

101 3718 165 3771 τὰ
193 3720 331 3788 μέλη
389 3718 551 3772 αὑτοῦ
605 3714 751 3774 οἷκον
801 3717 958 3773 Θεοῦ.
1019 3717 1302 3785 Quomodo
1330 3719 1649 3788 iuvenilium

104 3810 453 3878 cupiditatum
525 3812 647 3879 quis
704 3810 1087 3872 oblivjscitur?
1146 3807 1282 3864 Illud
1365 3811 1648 3865 cinnabari

104 3902 394 3970 ascriptum
430 3916 623 3954 nomen
647 3922 657 3955 :
681 3901 804 3953 Beth
837 3902 1218 3970 interpretatur
1248 3903 1453 3957 domus.
1475 3902 1652 3973 Signi-

103 3993 218 4046 licat
249 4001 457 4055 autem,
492 3993 635 4061 quod
689 3993 762 4046 ita
813 3994 1036 4062 corrigit
1089 3993 1480 4047 adolescentior
1509 3997 1649 4049 viam

101 4100 273 4148 suam,
332 4084 380 4138 si
415 4083 595 4139 anima
648 4093 701 4138 et
760 4085 999 4139 membra
1066 4085 1236 4141 iusius
1297 4085 1405 4139 sint
1455 4088 1650 4143 domus

101 4173 208 4228 Dei.

166 4264 250 4318 I3.
299 4265 390 4317 Ἐν
413 4264 509 4334 τῷ,
545 4275 671 4327 etc.,
700 4265 760 4316 τὸ
802 4263 1014 4317 αἰώνιον
1051 4265 1108 4317 τὸ
1148 4267 1540 4336 ἡτοιμασμένον
1573 4267 1648 4337 τῷ

97 4355 317 4426 διαϐόλῳ
348 4356 444 4409 καὶ
490 4358 600 4418 τοῖς
641 4355 890 4423 ἀγγέλοις
937 4355 1122 4410 αὑτοῦ.
1173 4355 1306 4409 Cum
1338 4360 1647 4413 recordatus

1829 2537 1915 2591 25.
1951 2541 2282 2614 Διαχώρισον
2307 2545 2369 2596 τὸ
2402 2546 2588 2608 σκότος
2612 2562 2728 2607 σου,
2762 2553 2866 2598 etc.
2915 2544 3115 2612 Scpara
3162 2551 3311 2597 tene-

1755 2629 1903 2692 bras,
1934 2643 2037 2687 etc.

1823 2721 1911 2775 24.
1940 2724 2051 2776 Οὐκ
2080 2723 2207 2795 ἔχω,
2240 2736 2343 2779 etc.
2367 2725 2484 2779 Non
2523 2727 2715 2787 habeo,
2743 2734 2846 2780 etc.

1817 2812 1907 2866 25.
1943 2814 2033 2884 Μὴ
2058 2817 2277 2882 ἀνάξιον
2301 2820 2476 2888 ἡγήσῃ
2515 2835 2581 2887 με
2610 2817 2702 2871 τοῦ
2750 2815 2951 2885 γνῶναί
3001 2831 3066 2886 με
3091 2813 3171 2880 τό,
3203 2823 3306 2868 etc.

1755 2899 1831 2956 Ne
1854 2903 2130 2973 indignum
2158 2906 2436 2961 existimes
2473 2923 2557 2961 tne
2583 2922 2879 2976 agnoscere
2927 2921 3013 2960 me
3059 2906 3310 2960 volunta-

1755 3002 1862 3048 tem
1890 3005 2058 3049 tuam.

1822 3083 1912 3136 26.
1952 3085 2246 3149 Ἐπιποθεῖ,
2274 3095 2409 3152 etc.,
2464 3088 2557 3140 καὶ
2591 3089 2651 3140 οὐ
2707 3086 3020 3155 κορὲννυται
3060 3084 3147 3150 τά,
3199 3093 3304 3137 etc.

1755 3171 2030 3229 Desiderat
2060 3178 2239 3230 anima
2272 3194 2410 3242 mea,
2446 3189 2498 3232 et
2535 3194 2640 3232 non
2674 3179 2901 3232 satiatur
2934 3176 3132 3230 facere.

1821 3267 1908 3320 27.
1949 3267 2035 3337 Τῷ
2061 3268 2305 3338 διαὸόλῳ,
2337 3279 2441 3323 etc.
2468 3268 2773 3331 Diabolum,
2806 3281 2911 3322 etc.

1822 3358 1911 3412 28.
1947 3360 2069 3410 Ἐπὶ
2121 3359 2383 3430 ἀπωλείᾳ,
2444 3371 2572 3424 etc.,
2649 3359 2889 3428 πονηρὰς
2962 3355 3303 3426 ἀναστροφὰς

1753 3449 2122 3519 πορευόμενοι.
2150 3448 2205 3501 lu
2241 3450 2536 3510 interitum,
2564 3458 2693 3515 etc.,
2727 3450 2792 3502 ad
2813 3448 3069 3518 pristinas
3093 3447 3309 3516 iniquas

1753 3556 1878 3594 suas
1907 3543 2347 3598 conversationes
2379 3551 2748 3598 revertuntur.

1821 3633 1910 3686 29.
1948 3634 2165 3702 Ἀιρελε,
2185 3647 2311 3702 etc.,
2343 3634 2758 3705 μεμαρτύρησαι
2787 3633 3014 3685 ἕκαστον
3044 3631 3172 3694 τῶν,
3197 3641 3301 3686 etc.

1752 3725 1963 3786 Adime,
1997 3736 2101 3779 etc.

1821 3817 1908 3870 50.
1945 3814 2048 3867 Καὶ
2075 3814 2198 3884 γάρ,
2226 3821 2331 3867 etc.
2354 3813 2795 3883 ὲπεσκειττόμην,
2819 3823 2924 3868 etc.
2945 3811 3299 3878 Etenim,etc.

1820 3907 1906 3959 51.
1941 3905 2042 3956 Καὶ
2074 3906 2181 3974 γὰρ
2220 3903 2478 3974 μελετῶν,
2515 3915 2617 3958 etc.
2656 3903 2885 3967 Etenim,
2921 3912 3023 3958 etc.

1818 3998 1903 4050 52.
1941 3994 2356 4063 Ἐταπεινώθην,
2391 4005 2492 4050 etc.
2528 3995 2851 4048 IIumiliatus
2881 4010 3021 4057 sum,
3056 4002 3160 4048 etc.

1817 4089 1901 4140 33.
1944 4084 2466 4156 Ἐξωμολογησάμην
2511 4102 2611 4146 σοι,
2658 4095 2787 4148 etc.,
2827 4087 2919 4138 καὶ
2951 4083 3150 4146 εὐθέως
3178 4082 3296 4152 he:-

1746 4180 1914 4248 λησάς
1941 4195 2030 4248 με,
2062 4189 2169 4232 etc.
2198 4176 2493 4232 Confessus
2529 4192 2648 4229 sum
2685 4176 2806 4242 tibi,
2842 4185 2970 4237 etc.,
3018 4185 3072 4228 et
3113 4175 3297 4228 statim

1746 4270 1962 4323 voluisti
1992 4284 2095 4334 me,
2126 4278 2228 4321 etc.

1817 4361 1904 4414 54.
1937 4361 2036 4412 Τὸν
2062 4357 2359 4429 φωτισμόν,
2387 4368 2514 4421 etc.,
2568 4358 2662 4410 καὶ
2698 4358 2802 4410 ἀπὸ
2837 4358 2935 4426 τῆς
2973 4357 3212 4428 τέρψεως
3238 4356 3298 4408 οὗ

99 4456 237 4504 sum,
264 4458 391 4512 qua:
421 4450 528 4496 ate
552 4443 714 4506 dicta,
741 4455 869 4506 etc.,
897 4445 948 4497 in
980 4445 1154 4514 ignem
1181 4453 1461 4510 aeternum,
1499 4450 1640 4516 quod

1747 4454 2023 4521 παύσομαι
2059 4450 2294 4521 μελετῶν
2316 4453 2372 4504 ὲν
2406 4454 2492 4521 τῇ,
2524 4461 2626 4504 etc.
2671 4449 3142 4512 llluminationem,
3168 4459 3298 4515 etc.,

98 4540 337 4600 paratum
364 4543 449 4589 est
478 4533 694 4589 diabolo
721 4543 774 4588 et
799 4535 1001 4605 angelis
1031 4535 1148 4604 ejus
1178 4537 1242 4589 τ’.

165 4624 246 4677 14.
291 4625 385 4689 Ἐξ
410 4625 557 4696 ὅλης,
586 4635 716 4694 etc.,
739 4629 936 4697 ἡγήσῃ,
969 4637 1072 4682 etc.
1099 4627 1176 4681 Ex
1213 4637 1344 4694 tota,
1379 4640 1501 4695 etc.,
1535 4632 1650 4684 exi-

99 4717 301 4779 stimes,
341 4727 448 4771 etc.

166 4805 247 4858 l7.
285 4807 404 4876 Οὐχ
429 4807 830 4879 ὑπεστειλάμην
851 4811 945 4860 τοῦ
978 4807 1206 4873 διδάξαι,
1255 4817 1357 4863 etc.
1413 4808 1526 4864 Non
1571 4827 1648 4866 re-

97 4896 199 4967 fugi
229 4897 452 4961 docere,
484 4907 590 4954 etc.

161 4989 245 5043 I8.
279 4989 469 5052 Οὕτως
500 4991 689 5060 χαρᾶς,
716 5001 818 5045 etc.
857 4990 932 5044 lta
961 4993 1175 5060 gaudio,
1207 5002 1310 5048 etc.

159 5082 242 5138 I9.
285 5083 375 5135 ‘Ev
401 5085 520 5145 ταῖς
566 5083 805 5153 Γραφαῖς
841 5101 954 5148 σου,
981 5094 1110 5148 etc.,
1141 5085 1240 5156 τῆς
1262 5087 1483 5157 καρδίας
1522 5104 1642 5156 μου,

94 5182 186 5226 etc.
225 5171 282 5225 ln
320 5173 609 5242 scripturis
642 5175 768 5236 tuis,
796 5185 924 5238 etc.,
957 5177 1134 5231 cordis
1166 5177 1309 5241 mei,
1337 5188 1440 5232 etc.

158 5259 244 5315 2C.
281 5260 496 5322 Νυκτὸς
525 5263 617 5314 καὶ
652 5262 881 5332 ἡμέρας.
909 5263 1002 5317 Die
1025 5276 1315 5335 noctuque.

160 5350 245 5403 21.
278 5350 386 5404 Καὶ
423 5350 690 5422 πληρώσω
733 5355 925 5418 αὐτοὺς
956 5354 1118 5426 ἔργῳ.
1162 5356 1228 5412 Et
1286 5358 1518 5429 implebo
1549 5376 1641 5413 eos

92 5455 265 5507 opere.

154 5531 237 5584 22.
274 5533 396 5596 Δός,
433 5545 560 5597 etc.,
591 5533 684 5588 τοῦ
714 5537 866 5605 ἁγίου
900 5555 1013 5604 σου,
1052 5547 1153 5595 etc.
1179 5539 1274 5605 Da,
1304 5552 1428 5608 etc.,
1468 5543 1637 5598 sancti

92 5622 159 5674 tui
191 5621 451 5692 Spiritus,
483 5635 588 5680 etc.

160 5754 410 5812 ~‘Matth.
451 5774 575 5824 xxv,
617 5757 700 5813 41.

1744 4553 1794 4598 et
1825 4559 1933 4612 pra:
1960 4542 2315 4595 delectatione
2350 4556 2454 4594 non
2481 4540 2706 4594 cessabo
2737 4541 3002 4594 meditans
3029 4539 3103 4603 in,
3135 4549 3237 4594 etc.

1813 4636 1902 4690 55.
1939 4631 2282 4695 Βεόύθισται,
2311 4641 2416 4686 etc.
2453 4631 2744 4686 Submcrsa
2769 4641 2871 4694 est,
2897 4641 3001 4685 etc.

1806 4726 1895 4779 56.
1935 4725 2247 4789 Ἀπέλασον,
2279 4732 2385 4778 etc.
2416 4723 2631 4793 ExpclIe
2654 4765 2670 4788 ,
2721 4734 2822 4778 etc.
2845 4763 2860 4787 ,
2891 4723 3187 4777 secundum
3230 4741 3298 4795 με

1742 4821 1908 4874 deest.

1814 4910 1902 4963 57.
1934 4906 2279 4977 Ἐπεπόθησά
2310 4925 2368 4960 σε
2405 4907 2515 4972 τόν,
2550 4917 2651 4960 etc.
2686 4906 3022 4977 Μνημονεύω
3067 4906 3176 4976 γὰρ
3213 4905 3296 4967 τό,

1741 5012 1845 5056 etc.
1886 5000 2196 5056 Desideravi
2254 5009 2304 5054 te
2339 5000 2526 5064 lilium,
2577 5011 2704 5064 etc.,
2739 4999 2956 5053 memini
2990 4999 3135 5052 enim
3192 5006 3299 5051 tre-

1739 5092 1940 5153 mendi,
1972 5101 2076 5144 etc.

1809 5183 1896 5237 42.
1929 5182 2146 5252 Ἐπειδὴ
2178 5184 2390 5252 νήπιος,
2424 5195 2527 5236 etc.
2561 5182 2795 5251 βαδίσαι,
2830 5190 2961 5243 etc.,
2995 5180 3211 5250 ζητήσω
3237 5181 3296 5233 δὲ

1737 5275 1855 5346 τήν,
1890 5285 2016 5338 etc.,
2049 5291 2114 5343 με
2149 5275 2489 5344 περιπατεῖν,
2519 5284 2620 5326 etc.
2652 5272 2916 5337 Quoniam
2940 5271 3140 5332 infans,
3163 5282 3292 5333 etc.,

1738 5363 2010 5427 incedere,
2041 5373 2170 5426 etc.,
2201 5377 2438 5431 quaeram
2471 5373 2649 5415 autem
2675 5363 2838 5426 viam,
2863 5372 2991 5427 etc.,
3016 5373 3066 5415 et
3100 5359 3186 5415 l'ac
3208 5377 3298 5415 me

1739 5454 2077 5507 inambulare
2103 5455 2153 5506 in
2189 5455 2339 5521 ipsis.

1808 5542 1891 5596 45.
1933 5542 2249 5606 ’Υπὸταξον,
2294 5551 2436 5606 etc.,
2478 5541 2570 5593 καὶ
2620 5542 2692 5610 μὴ
2742 5545 2820 5603 εἰς
2865 5543 2981 5612 τήν,
3031 5552 3157 5604 etc.,
3207 5541 3294 5597 ἵνα

1737 5634 1868 5703 εἰμί,
1902 5643 2003 5688 etc.
2043 5631 2281 5704 Subjicc,
2313 5643 2439 5690 etc.,
2464 5645 2517 5687 et
2548 5648 2651 5688 non
2707 5645 2790 5688 etc
2868 5633 3048 5687 utsim
3102 5643 3181 5688 etc
