4066 6318
157 364 289 419 1213

219 484 304 540 88.
342 482 566 551 Ἔγνων,
600 491 704 537 etc.
730 481 988 552 Cognovi,
1018 493 1121 539 etc.

216 578 305 634 89.
338 578 443 630 Kal.
464 576 706 647 ἀληθείᾳ,
733 586 835 630 etc.
870 574 936 629 Et
967 578 1209 641 veritate,
1238 585 1342 631 etc.

213 667 303 725 90.
334 666 635 736 Γενηθήτω,
666 676 766 718 etc.
797 665 916 717 Fiat
948 665 1335 731 misericordia,
1360 674 1463 719 etc.

212 756 303 812 91.
342 755 687 817 Ἐλθέτωσαν,
717 764 821 809 etc.
860 754 1105 819 Veniant,
1135 764 1239 810 etc.

212 850 301 905 92.
335 848 804 917 Αἰσχυνθήτωσαν,
834 857 936 902 etc.
968 847 1400 913 Confundantur,
1428 858 1529 903 etc.

213 945 299 999 95.
370 940 879 1011 Ἐπιστρεψάτωσὰν
942 958 1007 1011 με
1040 982 1055 1007 ,
1124 950 1228 995 etc.
1291 939 1690 995 Convertantut‘

148 1037 311 1101 mihi,
355 1044 458 1090 etc.

211 1128 295 1183 9t.
330 1126 630 1196 Γενηθήτω,
656 1134 759 1181 etc.
786 1124 905 1179 Fiat
931 1139 1027 1179 cor
1050 1140 1251 1189 meum,
1276 1134 1382 1180 etc.

209 1219 298 1273 95.
339 1218 629 1281 Ἐκλείπει,
666 1228 792 1283 etc.,
824 1217 915 1270 καὶ
947 1219 1024 1279 εἰς
1052 1218 1177 1279 τοὺς
1206 1216 1395 1284 λόγους
1414 1256 1428 1281 ,
1459 1226 1561 1273 etc.
1586 1215 1687 1271 θος

144 1310 287 1373 fecit,
322 1319 446 1373 etc.,
481 1318 532 1363 et
562 1310 613 1364 in
648 1318 772 1363 tuos
801 1322 1097 1371 sermones,
1130 1318 1234 1362 etc.

207 1403 295 1456 96.
336 1402 624 1467 Ἐξέλιπον,
653 1412 755 1456 etc.
788 1400 1127 1465 Defecerunt,
1151 1411 1255 1455 etc.

207 1495 296 1548 97.
326 1494 465 1549 Ὅτι.
492 1505 592 1548 etc.
620 1494 775 1558 Quia,
796 1503 899 1546 etc.

207 1585 293 1640 98.
324 1586 402 1639 Τὰ
432 1585 768 1654 δικαιώματά
798 1601 911 1650 σου,
956 1593 1061 1639 etc.
1096 1582 1517 1639 Justiﬁcationes
1544 1592 1683 1645 tuas,

138 1687 237 1730 etc.

205 1768 290 1822 99.
324 1768 508 1831 Πόσαι,
532 1777 632 1822 etc.
664 1767 806 1832 Quot
839 1776 984 1833 sunt,
1017 1775 1121 1821 etc.

988 365 1077 419 DE
1110 366 1383 422 TITULIS
1419 366 1861 424 PSALMORUH.
1900 398 1972 409 —
2009 366 2202 423 PSAL.
2240 366 2475 422 CXVIII.

3204 364 3342 420 12“

1718 490 1763 544 Α
1861 484 1983 539 105.
2010 484 2103 547 Εἰς
2126 486 2215 537 τὸν
2246 482 2435 547 αἰῶνα,
2462 493 2565 539 etc.
2593 486 2648 538 In
2675 494 2954 549 aeternum,
2979 497 3081 540 etc.

1862 574 1981 628 106.
2010 575 2103 636 Εἰς
2131 572 2342 642 γενεάν,
2372 582 2477 627 etc.
2504 572 2560 626 In
2591 576 3012 643 generationem,
3039 588 3140 631 etc.

1860 664 1979 717 107.
2024 663 2436 733 Ἐθεμελίωσας,
2466 672 2570 717 etc.
2605 663 2883 727 Fundasti,
2912 676 3018 719 etc.

1858 754 1977 808 108.
2006 754 2083 825 Τῇ
2106 753 2361 817 διατάξει,
2389 763 2492 808 etc.
2520 752 2889 822 Ordinatione,
2918 765 3025 811 etc.

1859 844 1977 898 109.
2007 846 2068 897 Εἰ
2105 846 2202 914 μή,
2229 852 2335 900 etc.
2368 843 2501 909 Nisi,
2529 854 2632 899 etc.

1857 935 1977 989 110.
2008 936 2100 997 Et;
2130 935 2239 999 τόν,
2274 945 2376 989 etc.
2410 934 2465 987 In
2497 944 2779 996 aeternum,
2806 943 2909 989 etc.

1857 1026 1974 1079 111.
2004 1026 2100 1088 Et};
2128 1026 2261 1095 εἰμι,
2291 1036 2396 1081 etc.
2430 1026 2579 1079 Tuus
2605 1041 2745 1090 sum,
2781 1037 2885 1079 etc.

1858 1117 1975 1172 112.
2018 1118 2167 1187 Ἐμέ,
2203 1128 2306 1173 etc.
2336 1118 2419 1171 Me
2451 1127 2911 1185 exspectaverunt,
2941 1124 3045 1173 etc.

1857 1210 1976 1263 115.
2006 1209 2211 1280 Πάσης,
2242 1219 2347 1264 etc.
2377 1210 2583 1271 Omnis.
2607 1222 2709 1265 etc.

1855 1302 1975 1355 114.
2008 1300 2257 1364 Πλατεῐα,
2281 1310 2384 1355 etc.
2414 1300 2627 1364 Latum,
2659 1311 2760 1355 etc.

1856 1392 1976 1445 115.
2018 1392 2121 1454 Ὧς,
2148 1402 2252 1445 etc.
2282 1391 2584 1457 Quomodo,
2615 1400 2718 1445 etc.

1856 1483 1974 1536 116.
2007 1484 2192 1553 Ὅλην,
2226 1492 2331 1536 etc.
2366 1480 2523 1544 Tota,
2559 1492 2663 1535 etc.

1856 1574 1977 1628 117.
2016 1573 2183 1643 ’Υπὲρ
2216 1574 2373 1638 τούς,
2419 1581 2545 1637 etc.,
2590 1572 2694 1642 ἐμή
2726 1573 2889 1623 ἐστιν.
2939 1568 3112 1639 Super
3157 1567 3307 1622 inimi

1784 1678 1898 1727 C08,
1927 1672 2032 1717 εις.

1855 1756 1973 1808 118.
2014 1756 2184 1825 ’Υπὲρ
2215 1756 2439 1820 πάντας,
2467 1764 2571 1809 etc.
2606 1754 2778 1823 Super
2803 1767 3011 1815 omnes,
3046 1764 3150 1807 etc.

206 1858 328 1910 100.
360 1827 708 1929 Διηγῆσαντύν
725 1876 811 1927 μοι
831 1898 846 1920 ,
877 1827 1003 1921 etei,
1035 1858 1374 1928 ἀδολεσχίαν,
1410 1866 1513 1912 etc.
1544 1856 1678 1911 Nar-

1853 1847 1971 1901 119.
2012 1847 2202 1916 Ὑπὲρ,
2240 1856 2345 1901 etc.
2377 1846 2552 1914 Super
2583 1861 2760 1907 senes,
2794 1855 2897 1899 etc.

138 1957 388 2001 faverunt
421 1950 571 2013 mihi,
606 1958 732 2014 etc.,
758 1948 1162 2015 fabulationem,
1194 1959 1298 2004 etc.

210 2040 327 2094 101.
360 2042 556 2105 Πᾶσαι,
581 2052 684 2095 etc.
720 2039 933 2103 Omnia,
965 2050 1072 2095 etc.

205 2131 327 2185 102.
368 2133 607 2197 Ἀδίκως,
636 2143 761 2197 etc.,
782 2133 1047 2201 βοήθησον
1077 2150 1164 2203 με,
1192 2142 1296 2188 etc.
1322 2132 1530 2204 Inique,
1554 2143 1685 2200 etc.,

136 2224 329 2294 adjuva
364 2241 468 2279 me.

203 2315 325 2369 105.
354 2317 528 2383 Napi,
556 2326 658 2369 etc.
688 2314 852 2368 Paulo
881 2314 1079 2379 minus,
1106 2325 1206 2371 etc.

204 2405 324 2459 104.
349 2407 522 2469 Κατὰ,
550 2415 652 2460 etc.
681 2405 1011 2473 Secundum,
1040 2418 1143 2461 etc.

1846 1936 1967 1989 120.
2011 1938 2117 1989 Ἐκ
2139 1937 2337 2007 πάσης,
2367 1946 2470 1991 etc.
2507 1937 2589 1989 Ab
2620 1936 2767 1989 omni
2797 1935 2904 1999 via,
2938 1942 3043 1988 etc.

1848 2028 1969 2081 121.
2007 2027 2139 2079 Ἀπὸ
2169 2026 2299 2090 τῶν,
2329 2036 2432 2079 etc.
2466 2025 2510 2077 A
2540 2024 2783 2093 judiciis,
2813 2032 2917 2077 etc.

1849 2118 1969 2173 122.
2006 2120 2109 2182 Ὡς,
2141 2127 2243 2173 etc.
2276 2118 2449 2185 Quam
2478 2118 2677 2181 dulcia,
2708 2128 2811 2171 etc.

1849 2211 1969 2265 125.
2008 2212 2137 2263 Ἀπὸ
2166 2212 2296 2275 τῶν,
2322 2221 2425 2265 etc.
2456 2210 2500 2262 Α
2534 2208 2819 2273 mandatis,
2848 2216 2952 2262 etc.

1857 2304 1975 2359 121.
2006 2305 2229 2375 Λύχνος,
2261 2314 2365 2360 etc.
2394 2302 2655 2368 Lucerna,
2678 2312 2763 2356 etc

1203 2496 1577 2553 ATHANASII
1618 2497 2192 2561 INTERPRETATIO.

201 2590 289 2644 88.
315 2589 621 2654 Φωτισθείς,
642 2600 758 2645 .etc.
786 2591 1142 2661 Illuminatus,
1174 2602 1277 2646 etc.

207 2682 296 2735 89.
331 2683 437 2735 Καὶ
462 2684 623 2752 ἅπερ,
653 2692 755 2737 etc.
794 2682 858 2734 Et
886 2698 1023 2750 qnaz,
1056 2692 1161 2737 etc.

200 2771 290 2827 90.
333 2772 489 2826 Ἀλλὰ
527 2774 685 2826 πάλιν
732 2771 935 2840 γένοιτο
962 2774 1041 2834 τό,
1076 2783 1179 2826 etc.
1218 2771 1342 2835 Sed,
1367 2782 1470 2828 etc.

199 2864 285 2919 91.
325 2864 737 2934 Ἐπισχηνώσει,
764 2872 894 2927 etc.,
926 2863 1275 2933 ξωοποίησον,
1306 2866 1406 2932 ὅτι,
1430 2874 1530 2919 etc.
1574 2866 1681 2919 lla-

134 2956 283 3019 bitet,
316 2966 439 3018 etc.,
477 2954 708 3019 viviﬁca,
736 2954 1018 3022 quoniam,
1051 2964 1153 3007 etc.

199 3049 289 3102 95.
333 3048 709 3115 Κατηχήσουσι
735 3086 748 3109 ,
779 3055 921 3109 etc.,
972 3046 1065 3097 καὶ
1120 3045 1312 3108 ἰδόντες
1356 3045 1462 3099 τῶν
1514 3046 1680 3113 ἁγίων

133 3138 378 3210 Γραφῶν.
410 3137 697 3201 Instruent,
729 3149 856 3203 etc.,
900 3147 952 3192 et
982 3138 1243 3204 videntes,
1286 3147 1414 3205 etc.,
1459 3148 1676 3193 sancta-

134 3247 251 3286 rum
285 3229 707 3299 Scripturarnm.

196 3321 285 3378 94.
307 3322 761 3393 ’Κπτῖρττσθητω
791 3331 895 3375 etc.
931 3320 1266 3385 Perﬁciatur,
1290 3332 1392 3376 etc.

197 3416 285 3472 95.
321 3417 478 3484 Διῴᾷ,
511 3424 615 3469 etc.
655 3414 797 3478 Sitit,
828 3425 932 3469 etc.

195 3510 286 3565 96.
330 3506 582 3574 Ἐξετάκη
618 3506 644 3555 ὁ
674 3505 825 3572 λόγος
847 3545 861 3567 ,
911 3514 1014 3558 etc.
1067 3504 1432 3571 Consumptns
1458 3513 1542 3559 est
1571 3520 1683 3558 ser-

131 3616 238 3663 mo,
272 3609 399 3657 etc.,
434 3597 634 3668 legend.
668 3609 725 3649 ut
769 3600 820 3649 in
862 3596 976 3649 cod.
1019 3596 1187 3649 Barb.
1231 3594 1518 3666 Ἐξετὰκην
1542 3594 1676 3658 ὅλος.

197 3692 286 3747 97.
317 3692 457 3755 Ὅτι,
490 3700 590 3743 etc.
622 3686 910 3753 Quoniam,
942 3700 1043 3741 etc.

196 3783 285 3837 98.
315 3778 444 3834 Οἶδα
467 3823 481 3847 ,
525 3781 618 3833 καὶ
651 3778 967 3850 μνημονεύω
986 3820 999 3843 ,
1046 3790 1175 3843 etc.,
1210 3776 1317 3831 τῶν
1345 3775 1681 3849 ἁμαρτωλῶν

127 3870 636 3943 ἀντιλαμϐάνεσθαι.
688 3868 845 3933 Novi,
877 3879 929 3923 et
961 3869 1237 3935 recordor,
1272 3878 1401 3932 etc.,
1435 3876 1679 3937 peccato-

131 3964 282 4017 ribus
314 3962 616 4015 subvenire.

195 4051 285 4106 99.
319 4052 495 4113 Πόσας
514 4094 527 4114 ,
556 4060 659 4104 etc.
682 4088 696 4111 ,
727 4048 917 4111 δώσεις
950 4066 1066 4119 μοι,
1104 4058 1235 4113 etc.,
1272 4065 1373 4121 μου
1400 4049 1685 4102 κατεδυνὰ-

131 4161 388 4209 στευσαν;
421 4144 599 4210 Quot,
632 4150 757 4210 etc.,
796 4142 951 4197 dabis
984 4142 1115 4195 milii
1140 4180 1156 4207 ,
1185 4148 1316 4207 etc.,
1371 4136 1424 4195 in
1457 4155 1543 4194 me
1586 4142 1680 4195 d0-

132 4236 319 4290 minati
350 4234 523 4289 sunt?

198 4328 321 4381 100.
364 4326 651 4379 ’Υπέθεντό
681 4342 769 4395 μοι
792 4326 872 4389 τό,
899 4334 1026 4389 etc.,
1056 4325 1173 4379 ἁλλ’
1194 4327 1292 4396 οὐχ
1312 4326 1481 4388 οὕτως
1508 4326 1567 4379 οὐ
1595 4326 1681 4378 θέ-

129 4418 266 4481 λεις,
315 4418 504 4491 Κύριε.
554 4418 920 4473 Subdiderunt
964 4418 1134 4482 mihi,
1171 4426 1299 4483 etc.,
1342 4419 1433 4472 sed
1467 4433 1572 4471 non
1603 4418 1681 4473 sic

129 4514 230 4576 vis,
262 4512 509 4576 Domine,
540 4522 641 4567 etc.

200 4603 320 4657 101.
366 4600 496 4655 Οἶδα
517 4644 532 4666 ,
574 4604 653 4654 ὅτι
680 4600 1047 4673 δικαιοκρίτης
1089 4597 1141 4656 εἴ
1181 4602 1259 4665 είς
1290 4601 1481 4656 πάντα.
1512 4600 1675 4671 Novi,

128 4693 269 4761 quod
294 4692 476 4760 justus
499 4691 661 4761 judex
693 4708 751 4745 es
785 4692 837 4744 in
862 4707 1097 4745 omnem.

195 4783 317 4837 102.
346 4781 636 4850 Φεύγοντος
668 4800 789 4851 μου,
818 4793 919 4837 etc.
947 4782 1203 4853 aniente
1234 4800 1337 4852 me,
1367 4794 1468 4839 etc.

1779 2597 1918 2652 dasti
1946 2614 2162 2654 omnem
2198 2599 2480 2660 mundum,
2506 2604 2608 2651 etc.

1849 2692 1969 2746 110.
1997 2693 2109 2744 Ούκ
2141 2692 2202 2746 ἄν
2222 2734 2235 2757 ,
2265 2701 2393 2755 etc.,
2425 2688 2776 2759 ὲζωποξησας.
2808 2685 2925 2740 Νοη
2957 2685 3173 2755 utique,
3204 2696 3333 2750 etc.,

1781 2784 2081 2837 vix-incasti.

1849 2876 1969 2929 112.
2008 2874 2156 2943 Ἐμέ,
2200 2882 2329 2940 etc.,
2379 2872 2529 2943 παρὰ
2562 2871 2652 2924 σοῦ
2694 2872 2820 2941 περὶ
2863 2871 2959 2940 τῆς
3003 2870 3100 2941 σῆς
3126 2868 3335 2931 ἐλπίδος

1783 2964 2016 3025 ἀκούσας
2045 2963 2355 3015 ἐπίστευσα.
2385 2961 2487 3027 Me,
2509 2972 2635 3023 etc.,
2660 2960 2799 3013 dicta
2825 2969 3003 3012 autem
3029 2974 3058 3010 a
3088 2968 3137 3013 te
3154 2958 3220 3012 de
3245 2967 3334 3011 tua

1781 3070 1875 3125 spe
1902 3055 2125 3108 audirns
2159 3054 2383 3108 credidi.

1854 3146 1972 3199 115.
2009 3146 2214 3216 Πάσης,
2251 3155 2376 3208 etc.,
2424 3138 2560 3196 εἶδον
2594 3142 2781 3213 πέρας.
2817 3139 3025 3206 Omnis,
3056 3150 3197 3205 etc.,
3226 3140 3333 3193 vidi

1783 3238 1963 3291 ﬁnem.

1850 3328 1975 3384 114.
2004 3331 2066 3382 Οἱ
2092 3328 2167 3390 δέ,
2197 3338 2298 3382 etc.
2328 3326 2702 3381 Custodientes
2732 3336 2934 3388 autem,
2964 3336 3068 3380 etc.

1850 3420 1970 3473 115.
2015 3420 2100 3482 Ὡς
2132 3419 2309 3489 μόνον,
2338 3428 2466 3484 etc.,
2496 3419 2712 3489 ἀγαπᾷν
2734 3417 2793 3469 τὸ
2810 3416 2979 3487 ὄνομα
3009 3433 3122 3470 σου.
3158 3414 3224 3472 Ut
3245 3432 3335 3470 so-

1781 3511 1911 3573 lum,
1944 3520 2071 3575 etc.,
2100 3527 2296 3565 nomen
2328 3520 2499 3563 tuum.

1853 3602 1973 3656 116.
2014 3602 2425 3666 ’Δδιαλείπτως,
2460 3611 2563 3655 etc.
2584 3641 2598 3664 ,
2634 3601 2724 3654 καὶ
2767 3602 3055 3673 προκύπτω
3080 3603 3138 3655 ὲν
3165 3600 3330 3670 αὐτῷ.

1780 3692 2167 3757 lndcsinenter,
2204 3703 2330 3757 etc.,
2361 3702 2414 3746 et
2444 3692 2670 3760 prolicio
2699 3693 2749 3744 in
2778 3692 2913 3760 ipsa.

1850 3786 1971 3839 117.
1998 3786 2127 3847 Ταῖς
2157 3786 2281 3854 γάρ,
2312 3794 2440 3842 etc.,
2477 3784 2574 3853 τὴν
2607 3782 2765 3853 χάριν
2788 3783 3007 3852 ταύτην.
3042 3783 3175 3837 Nam
3198 3800 3299 3839 con
3318 3813 3334 3826 -

1788 3878 1989 3940 trariis,
2025 3888 2154 3937 etc.,
2182 3876 2320 3927 lianc
2344 3875 2591 3943 gratiam.

1852 3967 1970 4019 118.
2014 3965 2202 4038 Ὑπὲρ,
2234 3975 2335 4019 etc.
2374 3965 2566 4034 Super,
2595 3974 2699 4019 etc.
2772 3980 2785 3991 “

1850 4057 1969 4111 119.
2007 4056 2177 4127 ’Υπὲρ
2205 4058 2330 4119 τοὺς
2355 4058 2478 4125 πρό,
2510 4069 2614 4109 etc.
2644 4057 2817 4124 Super
2845 4071 3055 4121 omnes,
3076 4065 3181 4111 etc.

1850 4147 1971 4202 120.
2009 4148 2140 4201 Ἀπὸ
2174 4150 2371 4217 πάσης,
2404 4157 2506 4200 etc.
2544 4145 2626 4199 Al)
2655 4147 2824 4207 omni,
2854 4159 2959 4199 etc.

1849 4241 1970 4295 121.
2012 4242 2098 4293 Ἐν
2126 4243 2256 4303 τοῖς,
2292 4249 2417 4304 etc.,
2444 4238 2667 4306 πλάγιος
2698 4240 2798 4291 οὐκ
2821 4237 3143 4309 ἐπορεύθην,
3166 4238 3248 4291 ὅτι
3271 4240 3334 4291 σὺ

1779 4336 1842 4403 τῇ
1873 4333 2055 4403 χάριτί
2079 4349 2190 4393 σου,
2209 4341 2311 4384 etc.
2340 4328 2393 4382 In
2420 4331 2699 4399 praneptis
2722 4331 2827 4384 tuis
2858 4331 3201 4385 transversim
3227 4346 3335 4386 non

1781 4418 1941 4481 abivi,
1972 4419 2224 4487 quoniam
2261 4430 2314 4469 tu
2350 4417 2517 4485 gratia
2552 4426 2637 4470 tua
2667 4417 2935 4470 deduxisti
2968 4433 3074 4470 me.

1712 4526 1757 4581 ι)
1852 4508 1973 4562 122.
2001 4509 2071 4559 Τὸ
2098 4508 2193 4577 μὲν
2217 4507 2431 4578 πρῶτον
2457 4508 2516 4559 τὸ
2544 4508 2726 4566 ίδικὸν,
2750 4519 2876 4567 etc.,
2911 4508 3025 4559 ἐστί
3056 4525 3143 4577 μοι
3174 4510 3241 4562 τὰ
3259 4510 3337 4563 δι-

1782 4600 1918 4653 καεώ
1926 4599 2069 4669 ματὰ
2087 4616 2176 4650 σου
2199 4617 2211 4629 ·
2240 4601 2329 4652 καὶ
2349 4598 2481 4669 μετὰ
2505 4598 2563 4651 τὸ
2580 4597 2905 4668 παραλαὸεἶν
2925 4599 3073 4660 αὐτό,
3098 4622 3111 4646 ο
3131 4609 3223 4660 tc.,
3243 4602 3338 4653 αὑ-

1779 4692 1872 4745 τοῦ
1902 4692 2109 4754 πέεται,
2147 4700 2249 4747 etc.
2281 4689 2449 4742 Τοῦτο
2490 4689 2671 4761 δηλοῖ,
2711 4690 2789 4741 ὅτι
2820 4690 2956 4761 ὑπὲρ
2991 4690 3188 4751 πᾶσαν,
3227 4699 3333 4744 etc.

1780 4781 1996 4837 Primus
2020 4782 2235 4851 quidem
2266 4780 2536 4849 proprius,
2581 4787 2708 4845 etc.,
2752 4779 3020 4832 dulciores
3046 4789 3174 4832 sunt
3203 4780 3336 4834 mihi

194 4872 318 4928 105.
351 4870 555 4935 Οὕτως,
586 4883 711 4934 etc.,
748 4872 1020 4943 ἐπέϐησάν
1049 4891 1156 4943 μοι,
1185 4883 1311 4937 etc.,
1335 4877 1391 4927 ὲν
1419 4878 1483 4947 τῇ
1507 4876 1678 4946 ἁμαρ-

1774 4872 2189 4943 jnstilicationes
2237 4879 2379 4933 tuae,
2431 4879 2558 4933 etc.,
2611 4879 2664 4921 et
2717 4878 3002 4938 postquam
3056 4878 3335 4938 acceptum

125 4960 213 5032 τίᾳ
244 4979 369 5031 μου,
404 4961 534 5029 ἐγώ,
566 4970 669 5015 etc.
705 4961 802 5026 Ita,
834 4972 960 5026 etc.,
994 4962 1271 5017 irruerunt
1298 4965 1450 5029 mihi,
1475 4976 1603 5027 etc.,
1625 4966 1679 5019 in

126 5062 343 5121 peccato
375 5068 513 5115 meo,
545 5068 664 5122 ego,
698 5062 801 5107 etc.

195 5144 321 5197 104.-
371 5142 597 5209 Καθὼς,
642 5146 788 5211 etc.,
832 5143 899 5197 τὰ
947 5144 1343 5216 προστάγματα
1393 5162 1518 5211 σου,
1573 5154 1677 5198 etc.

126 5234 609 5300 Quemadmodum,
634 5242 771 5300 etc.,
794 5246 1055 5304 praecepta
1086 5244 1199 5299 tua,
1226 5247 1328 5291 etc.

196 5326 317 5380 105.
344 5326 436 5388 Εἰς
464 5326 559 5395 τὴν
588 5327 833 5395 καρδίαν,
869 5328 923 5378 ἐν
1012 5328 1209 5391 οἰκεῖς,
1243 5329 1335 5382 καὶ
1370 5330 1679 5398 ἐμπεριπα-

126 5419 269 5480 τεῖς,
318 5426 422 5471 etc.
472 5416 527 5470 In
564 5420 760 5482 corde,
806 5419 860 5472 in
904 5435 1012 5489 quo
1053 5418 1263 5474 habitas
1289 5460 1303 5484 ,
1338 5430 1392 5474 et
1432 5422 1678 5474 inambu-

128 5508 223 5570 las,
250 5517 355 5563 etc.

194 5598 313 5655 106.
352 5600 446 5663 Et;
483 5601 607 5661 τοὺς
647 5602 832 5667 ἁγίους
875 5619 966 5653 σου
1009 5604 1131 5665 τοὺς
1174 5602 1290 5655 καθ’
1322 5605 1553 5675 ἑκάστην
1586 5622 1679 5673 γε-

128 5685 274 5747 νεάν,
302 5694 406 5743 etc.
434 5686 490 5741 ln
519 5690 720 5741 sanctis
754 5690 883 5752 tuis,
909 5690 1023 5760 qui,
1058 5699 1161 5744 etc.

198 5776 317 5833 107.
374 5778 760 5845 Ἐθεμελίωσας
793 5780 962 5833 πάντα
1006 5781 1095 5834 τὸν
1128 5782 1346 5852 κόσμον,
1377 5792 1477 5840 etc.
1531 5782 1672 5841 Fun~

1780 4974 1879 5028 est,
1908 4972 2036 5030 etc.,
2076 4963 2255 5019 statim
2287 4963 2484 5017 excidit
2515 4962 2632 5030 ejus
2658 4961 2908 5021 dulcedo.
2931 4970 3035 5013 etc.

1853 5056 1973 5109 125.
2017 5054 2147 5107 Ἀπὸ
2170 5054 2300 5119 τῶν,
2331 5066 2460 5119 etc.,
2496 5052 2824 5121 συνετίσθην.
2860 5053 2903 5105 Α
2933 5051 3333 5119 justiﬁeationi-

1780 5150 1903 5211 ltus,
1938 5157 2042 5201 etc.

1850 5240 1971 5293 124.
2008 5240 2193 5301 Ὅταν,
2241 5247 2368 5299 etc.,
2412 5238 2589 5305 φαίνει
2637 5253 2725 5306 μοι
2766 5239 2794 5289 ὁ
2823 5236 2982 5306 νόμος
3028 5252 3119 5287 σου
3152 5234 3230 5305 τῷ
3260 5236 3334 5307 μὴ

1780 5330 2142 5403 προσκάζιαντί
2188 5347 2274 5399 μοι
2318 5327 2657 5399 [προσκόψαι
2707 5325 2809 5399 με]
2851 5329 2916 5398 τῇ
2958 5328 3199 5397 ἁμαρτίᾳ
3232 5342 3333 5395 μου

1779 5427 1962 5476 πεσεῖν
1994 5422 2025 5492 ἦ
2054 5420 2321 5491 πληγῆναί
2354 5437 2405 5472 τι
2434 5421 2531 5489 τῆς
2555 5457 2570 5477 .
2610 5429 2712 5473 etc.
2742 5418 2909 5482 Cum,
2952 5433 3079 5480 etc.,
3114 5429 3333 5487 apparet

1780 5516 1910 5569 mihi
1939 5514 2022 5568 lex
2052 5524 2163 5577 tua,
2192 5528 2257 5565 ne
2284 5512 2559 5566 oﬂ‘endens
2594 5511 2644 5563 in
2678 5520 2959 5580 peccatum
3009 5508 3217 5572 cadam,
3241 5518 3335 5561 aut

1779 5604 1981 5675 aliquid
2013 5604 2209 5658 mentis
2241 5617 2371 5655 meae
2396 5604 2729 5668 vulneretur,
2761 5610 2814 5655 et
2845 5600 3114 5655 illuminat
3142 5613 3248 5663 me,
3274 5610 3335 5653 ut

1779 5698 1942 5752 sciam
1976 5696 2105 5766 quid
2139 5694 2375 5749 faciam?
