4110 6318
710 357 849 413 1219

954 468 1228 524 Canticum
1253 465 1541 521 Graduum.
1578 462 1775 519 PSAL.
1809 460 2012 517 CXIX.

785 562 832 619 l.
873 560 950 615 Ad
980 559 1261 613 Dominum
1293 572 1416 613 cum
1440 557 1724 610 tribularer
1749 555 1998 615 clamavi,
2023 565 2075 608 et
2096 570 2266 609 exau-

714 654 846 706 divit
875 669 978 707 me.

780 745 834 799 2.
876 743 1120 809 Domine,
1141 743 1310 796 libera
1334 742 1570 795 animam
1599 754 1773 793 meam
1806 754 1835 792 a
1866 738 2021 793 labiis
2046 738 2266 807 iniquis,

781 837 831 889 3.
876 834 939 887 Ει
971 851 999 887 a
1029 836 1208 903 lingua
1239 833 1449 886 dolosa.

781 928 833 980 Δ.
874 926 1009 993 Quid
1060 927 1213 979 detur
1266 925 1385 987 tibi,
1410 930 1502 977 aut
1545 921 1673 992 quid
1720 929 2022 989 apponatur
2075 920 2168 973 tibi
2201 921 2266 974 ad

712 1018 946 1086 linguam
982 1015 1260 1071 dolosam?

782 1110 836 1165 5.
879 1109 1099 1179 Sagitta:
1130 1107 1360 1177 potentis
1391 1114 1566 1160 acutae

781 1202 834 1255 6.
873 1201 1006 1255 Cum
1025 1201 1351 1274 carbonibus
1379 1198 1741 1253 desolatoriis.

779 1292 832 1346 7.
875 1292 985 1346 Heu
1010 1293 1159 1356 mibi,
1180 1294 1302 1361 quia
1326 1291 1592 1345 incolatus
1616 1305 1767 1342 meus
1790 1288 2143 1357 prolongatus
2164 1298 2267 1351 est,

781 1385 831 1439 8.
874 1385 1117 1438 Habitavi
1156 1401 1277 1438 cum
1307 1382 1675 1436 habitantibus
1707 1380 1881 1434 Cedar
1909 1398 1922 1432 :

780 1476 831 1531 9.
871 1476 1095 1530 Multum
1131 1476 1303 1529 incola
1338 1475 1435 1528 fuit
1465 1474 1644 1527 anima
1685 1488 1821 1525 mea.

1548 352 1605 405 S.
1646 346 2013 402 ATIIANASII
2050 343 2199 400 OPP.
2243 343 2420 397 PARS
2458 340 2547 397 Ill.
2586 372 2651 381 —
2692 340 3098 396 EXEGETICA.

3787 340 3916 394 1220

2599 457 2738 527 ’ῼδὴ
2763 456 2879 510 τῶν
2911 456 3296 524 Ἀναϐαθμῶν.
3339 458 3512 509 ΨᾹΑ.
3547 456 3703 508 ΡΙΘ.

2437 548 2487 600 ι,
2528 548 2667 617 Πρδς
2694 530 2977 617 Κύριοείὲν
3006 544 3083 615 τῷ
3110 545 3381 598 θλίϐεσθαί
3412 562 3479 615 με
3508 543 3798 611 ἐξέκραξει,
3837 543 3924 593 κίε

2367 640 2649 705 εἰσήκουσέ
2682 656 2802 709 μου-

2435 732 2488 785 2.
2511 731 2719 801 .Κύριε,
2740 730 2895 801 ῥῦσαι
2910 732 3007 799 τὴν
3021 729 3196 799 ψυχήν
3217 746 3316 799 μου
3341 729 3448 781 ἀπὸ
3463 726 3690 797 χειλέων
3714 725 3923 781 iam).

2437 822 2488 875 5.
2531 823 2637 874 Καὶ
2667 822 2771 873 ἀπὸ
2804 818 3049 888 γλώσσης
3079 819 3278 881 δολίας.

2436 912 2490 965 4.
2529 911 2592 963 Τί
2614 910 2791 980 δοθείη
2816 927 2915 975 σοι,
2943 911 3106 962 καὶτί
3136 909 3454 978 προστεθείη
3487 925 3569 960 σοι
3600 906 3735 977 1:95;
3756 902 3923 970 γλῶσ-

2369 1021 2464 1056 σαν
2489 1003 2700 1065 δολίαν;

2436 1095 2487 1149 5.
2528 1094 2607 1146 Τά
2640 1093 2765 1163 βέλη
2800 1090 2893 1145 τοῦ
2922 1092 3143 1146 δυνατοῦ
3178 1092 3489 1162 ἠκονημένα

2434 1185 2488 1239 6.
2529 1187 2631 1237 Σὺν
2661 1188 2768 1247 τοῖς
2801 1182 3024 1254 ἄνθραξι
3056 1186 3165 1246 τοῖς
3192 1186 3498 1254 ὲρημικοῖς.

2441 1275 2490 1328 7.
2530 1276 2709 1345 Οἴμοι,
2744 1276 2823 1327 ὅτι
2851 1275 2883 1343 ὴ
2909 1273 3167 1344 παροικία
3194 1290 3291 1343 μου
3318 1270 3657 1341 ὲμακρύνθη,

2438 1367 2490 1420 8.
2532 1368 2931 1436 Κατεσκήνωσα
2968 1364 3102 1435 μετά
3126 1364 3231 1416 τῶν
3262 1365 3627 1434 σνηνωμάτων
3654 1363 3857 1432 Κηδάρ·

2438 1458 2493 1510 9.
2534 1458 2710 1510 Πολλά
2739 1458 3062 1529 παρῴκησεν
3088 1458 3120 1527 ἡ
3142 1456 3283 1526 ψυχή
3319 1474 3442 1527 μου.

2440 1553 2525 1606 10.
2568 1554 2720 1606 Μετά
2753 1556 2859 1605 τῶν
2892 1553 3187 1623 μισούντων
3225 1552 3320 1622 τὴν
3347 1554 3571 1624 εἰρήνην
3604 1552 3753 1619 ἤμην
3783 1551 3928 1617 εἶρε-

2368 1664 2536 1709 νικος·

2443 1735 2527 1788 Η.
2545 1736 2712 1787 Ὂταν
2746 1734 2966 1788 ἐλάλουν
2995 1735 3196 1801 αὐτοῖς,
3223 1731 3520 1804 ἐπολέμουν
3557 1749 3626 1803 με
3657 1731 3881 1801 δωρεάν.

781 1571 866 1625 10.
907 1571 1040 1624 Cum
1073 1569 1178 1633 his,
1204 1568 1293 1637 qui
1324 1568 1554 1621 oderunt
1586 1580 1771 1634 pacem
1801 1579 1945 1617 eram
1971 1562 2265 1631 paciﬁcus:

782 1746 865 1798 Η.
905 1746 1041 1800 Cum
1072 1744 1327 1814 loquebar
1354 1744 1479 1808 illis,
1515 1742 1901 1812 impugnabant
1929 1756 2013 1794 me
2037 1738 2223 1807 gratis.
2293 1757 2334 1811 Β

1830 1911 2201 1967 ΑΤΙΙΑΝᾹΞΠ
2245 1908 2820 1965 INTERPRETATIO.

793 2083 855 2135 Ἡ
885 2083 1211 2153 προκειμένη
1243 2082 1517 2152 ἐπιγραφὴ
1552 2079 1792 2150 περιέχει
1824 2077 1899 2148 (1)
1921 2093 1935 2107 ·
1970 2074 2108 2145 ’ῼδὴ
2152 2073 2268 2126 τῶν
2292 2072 2678 2142 Ἀναϐαθμῶν,
2706 2075 2840 2140 ὅπερ
2866 2069 3219 2142 ἑρμηνεύεται
3246 2068 3683 2137 ἐξομολόγησις
3712 2066 3827 2119 τῶν
3849 2067 3937 2135 ἑρο

712 2178 977 2249 χομένων
1013 2180 1124 2232 dx)
1159 2177 1274 2230 τῶν
1298 2175 1610 2246 ἁμαρτιῶν,
1648 2174 1854 2228 ἀνιέναι
1880 2175 1956 2234 εἰς
1988 2171 2085 2239 τὴν
2115 2168 2205 2221 τοῦ
2231 2169 2432 2238 Κυρίου
2462 2168 2663 2226 πίστιν,
2696 2168 2787 2220 καὶ
2810 2167 2906 2228 τὰς
2928 2166 3113 2218 τοότου
3139 2164 3614 2225 ὲντολάς.“Αναϐαθ
3626 2166 3718 2232 μοι
3746 2158 3837 2215 οὖν
3856 2163 3938 2214 διὰ

708 2269 865 2325 τοῦτο
897 2272 1106 2340 εἴρηται
1138 2270 1234 2336 (Ξ),
1262 2270 1364 2325 ὃτι,
1397 2268 1582 2335 ὥσπερ
1607 2265 1664 2329 ἐξ
1698 2265 1921 2323 ὑδάτων,
1952 2261 2121 2321 οὕτως
2146 2259 2251 2311 ἀπὸ
2281 2260 2377 2328 τῆς
2404 2258 2838 2327 εἰδωλολατρείας
2870 2256 2962 2307 καὶ
2999 2255 3104 2307 τῶν
3132 2256 3305 2325 ἔργων
3337 2255 3542 2325 ταύτης
3569 2255 3649 2323 (5)
3689 2256 3937 2323 ἄρχονται

708 2365 757 2416 οἱ
801 2361 1212 2431 ὲπιστρέιροντες
1258 2358 1364 2409 ἀπὸ
1403 2354 1493 2407 τοῦ
1527 2354 1741 2423 πρώτου
1782 2349 1997 2421 ψαλμοῦ
2031 2349 2138 2401 τῶν
2168 2347 2521 2417 Ἀναϐαθμῶν
2560 2344 3015 2415 ἐξομολογεῖσθαι,
3050 2346 3141 2397 καὶ
3181 2346 3411 2415 καθεξῆς
3430 2344 3553 2399 καθ’
3582 2346 3813 2398 ἕκαστον
3846 2346 3939 2410 βα-

709 2455 842 2526 Θμδν
873 2454 1077 2506 ἀνίεντο
1106 2448 1385 2521 ίάνιόντες]
1423 2446 1780 2517 ὑψηλοτέρους
1806 2443 2111 2498 δείκνυσθαι
2148 2442 2385 2503 τούτοις·
2427 2441 2786 2510 τελειοτέρους
2820 2439 2875 2491 δὲ
2914 2438 3005 2491 καὶ
3036 2438 3366 2507 τελειοτέρας
3391 2438 3463 2507 (ιι)
3501 2438 3936 2509 ἐξομολογήσεις,

707 2548 803 2605 καὶ
829 2542 1170 2615 εὐχαριστίας
1200 2540 1559 2609 ἀναπέμπειν,

794 2636 990 2690 fitulus
1020 2633 1334 2703 praepositus
1365 2632 1606 2684 continet
1636 2647 1667 2680 :-
1692 2628 1973 2681 Canticum
2007 2624 2300 2685 Craduum,
2330 2622 2471 2691 quod
2510 2622 2896 2691 interpretatur
2923 2622 3177 2690 confessio
3212 2621 3527 2674 venientium
3548 2636 3580 2671 a
3611 2621 3863 2685 peccatis,
3884 2632 3941 2671 ut

710 2725 1007 2781 ascendant
1048 2724 1111 2775 ad
1145 2722 1299 2773 [idem
1336 2718 1570 2781 Domini,
1605 2718 1833 2787 ejusque
1863 2727 2147 2786 praecepta.
2184 2714 2397 2768 Gradus
2426 2714 2586 2782 igitur
2616 2713 2736 2767 ideo
2758 2715 2885 2768 dicti
2920 2723 3070 2777 sunt,
3100 2715 3356 2781 quoniam
3384 2711 3851 2781 quemadmodum
3874 2726 3939 2764 ex

711 2824 867 2891 aquis
897 2814 1218 2890 [baptismi],
1253 2815 1322 2869 ita
1358 2815 1425 2868 ab
1459 2814 1783 2875 idololatria,
1819 2823 1871 2867 et
1917 2812 2080 2881 hujus
2123 2810 2378 2879 operibus
2424 2808 2709 2876 incipiunt,
2735 2809 2827 2878 qui
2874 2817 3281 2869 convertuntur,
3308 2823 3336 2859 a
3365 2823 3541 2875 primo
3574 2807 3788 2877 psalmo
3822 2821 3940 2876 gra-

712 2911 879 2964 duum
907 2906 1170 2968 confiteri,
1202 2915 1254 2957 et
1282 2905 1534 2971 deinceps
1565 2919 1659 2972 per
1689 2904 1934 2967 singulos
1966 2902 2165 2968 gradus
2197 2898 2553 2953 ascendentes
2584 2900 2666 2954 bis
2700 2900 2974 2968 gradibus,
3006 2914 3141 2968 quos
3176 2897 3556 2961 ascenderunt,
3591 2898 3941 2952 sublimiores

710 2997 954 3063 ostendi;
991 2996 1339 3066 perfectiores
1371 3004 1549 3046 autem
1580 2990 1928 3061 perfectiores
1961 2993 2124 3045 etiam
2167 2992 2562 3054 confessiones,
2590 3002 2641 3045 et
2670 2992 2964 3062 gratiarum
2997 2992 3235 3044 actiones
3267 2990 3487 3044 referre.

782 3114 835 3168 1.
883 3111 1019 3165 Cum
1047 3110 1297 3163 redactus
1326 3122 1497 3162 essem
1537 3108 1588 3160 in
1615 3110 1925 3162 servitutem
1957 3124 1983 3161 a
2020 3119 2261 3176 peccato,
2292 3121 2334 3178 ο

713 3203 778 3264 ad
804 3201 1088 3257 Dominum
1113 3198 1415 3269 lacrymans
1451 3197 1702 3259 clamavi,
1733 3206 1785 3249 et
1807 3197 2083 3251 exaudivit
2107 3213 2210 3250 me.

781 3294 837 3358 2,
864 3294 916 3349 3.
951 3290 1196 3355 Domine,
1230 3288 1489 3357 deprecor
1525 3300 1594 3352 te,
1624 3289 1789 3341 libera
1820 3290 2055 3339 animam
2093 3302 2267 3339 meam

712 3404 740 3440 a
769 3385 1055 3441 contrariis
1084 3382 1461 3453 potestatibus,
1492 3391 1546 3434 et
1574 3381 1812 3433 diabolo.

782 3479 835 3532 4.
868 3477 1007 3530 Deus
1038 3485 1216 3529 autem
1246 3475 1470 3527 audiens
1507 3489 1627 3527 eum
1660 3474 1789 3526 dicit
1823 3473 1921 3540 ipsi
1954 3490 1968 3525 :
2002 3470 2142 3538 Quid
2173 3473 2269 3527 tibi

712 3568 872 3631 dabo,
907 3578 958 3619 et
986 3564 1131 3636 quali
1168 3564 1370 3618 auxilio
1409 3577 1744 3627 succurram,
1786 3570 1846 3614 ut
1871 3562 2090 3615 liberem
2118 3573 2167 3615 te
2202 3562 2270 3616 ab

714 3658 1016 3713 idololatria
1044 3656 1067 3707 ?

779 3747 835 3809 Β,
860 3747 913 3800 6.
953 3746 1155 3799 Mittam
1187 3744 1283 3798 tibi
1314 3744 1584 3812 apostolos
1627 3744 1744 3797 Filii
1777 3745 1906 3809 mei,
1941 3760 2062 3800 cum
2090 3743 2269 3798 verbis

714 3840 832 3909 ejus
877 3837 1244 3892 desolantibus
1295 3836 1673 3903 idololatriam,
1716 3847 1770 3890 et
1816 3852 2029 3892 omnem
2082 3848 2270 3907 poten-

714 3935 844 3986 tiam
868 3929 1090 3983 inimici.

788 4022 838 4075 7.
869 4020 1165 4076 Coulitetur
1203 4020 1393 4075 deinde
1429 4019 1517 4073 hic
1541 4019 1726 4074 dicens
1758 4039 1770 4073 :
1805 4019 1900 4073 Hei
1936 4021 2089 4085 mihi,
2125 4022 2267 4090 quod

714 4129 929 4171 omnem
960 4129 1132 4168 meam
1162 4115 1323 4167 vitam
1366 4113 1676 4181 consumpsi
1716 4113 1990 4167 luxuriose
2018 4114 2266 4167 vivendo.

785 4207 839 4261 8.
883 4205 948 4258 Et
974 4206 1146 4258 mansi
1176 4214 1378 4266 mutus,
1405 4213 1459 4257 et
1492 4204 1723 4257 adorans
1757 4202 1896 4255 idola
1944 4210 2268 4270 potestatum

716 4297 1058 4353 tenebrarum
1090 4314 1103 4349 :
1135 4294 1303 4349 Cedar
1333 4295 1477 4349 enim
1507 4294 1725 4348 lenebrw
1756 4293 2163 4361 interpretatur.

2438 3108 2491 3159 Ι.
2517 3109 2603 3158 Ἐν
2632 3108 2709 3177 τῷ
2740 3103 2876 3159 εἷναί
2911 3124 2977 3177 με
3009 3105 3396 3174 δεδουλωμένον
3430 3106 3496 3175 τῇ
3527 3102 3771 3173 ἁμαρτίᾳ
3810 3102 3944 3172 πρὸς

2370 3200 2569 3270 Κύριον
2603 3200 2871 3269 ἀνεϐόησα
2911 3201 3046 3269 μετά
3074 3200 3343 3267 δακρύων,
3375 3200 3467 3250 καὶ
3496 3198 3783 3269 εἰσήκουσέ
3817 3215 3940 3267 μου.

2438 3291 2491 3355 2,
2546 3290 2612 3360 5.Ι
2642 3290 2830 3361 Κύριε,
2882 3290 3127 3359 δεόμενός
3177 3306 3266 3341 σου
3299 3289 3397 3357 (5),
3431 3288 3587 3357 ῥῦσαι
3630 3291 3727 3357 τὴν
3760 3290 3946 3359 ψυχήν

2372 3398 2473 3451 μου
2506 3382 2611 3433 ἀπὸ
2640 3382 2747 3433 τῶν
2779 3382 3033 3434 ἐναντίων
3064 3381 3339 3449 δυνάμεων
3370 3381 3462 3432 καὶ
3495 3379 3583 3431 τοῦ
3607 3379 3890 3432 διαϐόλου.

2438 3472 2490 3525 4.
2523 3471 2580 3524 Ὀ
2607 3472 2662 3523 δὲ
2692 3471 2843 3535 Θεὸς,
2891 3472 3125 3535 ἀκούσας
3165 3472 3237 3543 (6)
3282 3470 3467 3532 αὑτοῦ,
3500 3471 3643 3538 λέγει
3673 3471 3817 3541 πρὸς
3848 3473 3945 3524 αύ-

2368 3563 2458 3617 τόν
2479 3580 2492 3593 ·
2520 3563 2582 3615 Τί
2614 3580 2693 3615 σοι
2714 3564 3045 3635 δωρήσομαι,
3071 3565 3163 3617 καὶ
3185 3564 3320 3634 μετὰ
3348 3564 3503 3627 ποίας
3526 3563 3773 3633 βοηθείας
3806 3564 3945 3634 προς

2369 3658 2428 3709 τὸ
2454 3657 2714 3726 ῥυσθῆναί
2749 3675 2805 3710 σε
2832 3659 2938 3710 ἀπὸ
2966 3659 3062 3728 τῆς
3090 3658 3559 3727 εἱδωλολατρείας;

2442 3750 2492 3811 5,
2520 3748 2572 3803 6.
2595 3749 2901 3801 Ἀποστελῶ
2936 3749 3009 3817 (7)
3046 3766 3124 3800 σοι
3170 3750 3294 3811 τοὺς
3336 3747 3658 3811 ἀποστόλους
3832 3748 3945 3818 ΥΞῷ

2375 3858 2474 3911 μου
2522 3840 2657 3910 μετά
2686 3842 2791 3892 τῶν
2820 3840 2988 3907 λόγων
3021 3840 3183 3892 αὐτοῦ
3224 3839 3332 3892 τῶν
3361 3839 3703 3910 ὲρημούντων
3727 3843 3835 3910 τὴν
3870 3844 3943 3893 εὶ-

2370 3932 2777 4003 δωλολατρείαν,
2810 3934 2901 3985 καὶ
2929 3933 3104 3985 πᾶσαν
3128 3932 3354 4003 δύναμιν
3379 3932 3472 3985 τοῦ
3502 3931 3719 4002 ἐχθροῦ.

2441 4024 2493 4077 7.
2551 4023 2978 4095 Ἐξομολογεῖται
3045 4025 3230 4078 λοιπὸν
3298 4017 3451 4086 οὗτος
3513 4024 3685 4089 λέγων
3709 4040 3723 4052 ο
3803 4022 3943 4078 Οὐαί

2375 4132 2461 4184 μοι
2487 4115 2586 4185 (8),
2610 4117 2691 4169 ὃτι
2720 4118 2896 4169 πάντα
2923 4116 3012 4168 τὸν
3037 4115 3149 4185 βίον
3174 4132 3273 4184 μου
3295 4115 3540 4185 ἀνήλωσα
3556 4113 3663 4177 ζῶν
3690 4113 3942 4180 ἀσώτως.

2438 4206 2489 4259 8.
2529 4208 2637 4260 Καὶ
2664 4207 2903 4277 διέμενον
2931 4208 3110 4276 κωφὸς
3152 4207 3243 4259 καὶ
3272 4207 3346 4274 (9)
3382 4206 3670 4277 σεϐόμενος
3696 4207 3764 4258 τά
3795 4209 3947 4261 eiad;-

2371 4297 2435 4348 λα
2463 4297 2569 4349 τῶν
2603 4296 2695 4349 τοῦ
2722 4298 2941 4360 σκότους
2966 4299 3244 4367 δυνάμεων
3264 4314 3277 4326 ·
3310 4298 3671 4369 ἑρμηνεύεται
3696 4297 3809 4368 γὰρ
3828 4300 3941 4369 (10)

2374 4390 2424 4439 Κ
2428 4388 2501 4455 ηδ
2504 4388 2577 4455 ἀρ
2608 4389 2843 4453 σκότος.

785 4474 838 4528 9.
884 4471 1078 4524 Vecors
1115 4468 1282 4532 fui,et
1302 4482 1515 4521 omnem
1551 4481 1722 4519 meam
1760 4482 1908 4535 spem
1939 4468 1991 4519 in
2025 4467 2155 4535 ipsis
2189 4483 2274 4521 re-
2305 4455 2351 4520 ι)

2444 4480 2496 4533 9.
2520 4478 2904 4548 ’Δπονηπιόθεν
2933 4479 3044 4551 (ﬂ)
3098 4479 3453 4553 [ἀπενοήθην]
3484 4480 3582 4550 τὴν
3610 4480 3798 4534 ἐλπίδα
3835 4500 3938 4554 μου

718 4569 944 4636 positam
976 4563 1160 4617 habui.

796 4657 875 4711 lO.
909 4656 1127 4710 Amicus
1150 4670 1299 4709 eram
1321 4662 1643 4724 potestatum
1669 4651 1890 4716 diaboli,
1928 4668 2049 4706 oua:
2087 4652 2271 4706 inimi-

716 4765 793 4805 ea:
822 4757 967 4803 sunt.

789 4841 873 4894 il.
916 4841 1047 4895 Cum
1083 4838 1382 4894 serviebam
1432 4837 1584 4906 ipsis,
1637 4835 2059 4891 dominabantur
2096 4836 2147 4889 in
2182 4850 2269 4889 me

718 4933 988 5001 captivum
1022 4945 1107 4986 me
1134 4931 1456 4985 deducentes
1487 4930 1540 4982 in
1580 4930 1899 4997 cupiditates
1935 4928 2169 4989 inutiles,
2209 4936 2263 4981 et

720 5038 904 5077 vanas.

2371 4573 2534 4623 πᾶσιν
2555 4571 2611 4622 ἐν
2641 4572 2851 4635 ἑαυτοῖς
2879 4567 3041 4641 εἶχον.

2440 4663 2524 4715 10.
2550 4663 2701 4726 Φίλος
2746 4664 2894 4735 ήμην
2936 4664 3044 4716 τῶν
3085 4665 3177 4717 τοῦ
3226 4663 3472 4717 διαϐόλου
3521 4665 3807 4735 δυνάμεων
3832 4666 3942 4718 τῶν

2368 4752 2579 4825 ἐχθρῶν
2612 4754 2711 4823 τῆς
2736 4755 2976 4825 εἰρήνης.

2436 4843 2706 4897 Η.’”Οταν
2752 4844 3035 4914 ἐλάτρευον
3078 4845 3278 4908 αὐτοῖς,
3332 4846 3787 4899 κατεδυνὸωτευόν
3838 4865 3939 4917 μου

2368 4932 2850 5004 αἰχμαλωτίζοντες
2878 4935 2989 5007 (ιῖ)
3043 4937 3121 4999 εἰς
3170 4935 3457 5006 ἐπιθυμίας
3503 4937 3821 5005 ἀνωφελεῖς,
3854 4944 3942 4992 καὶ

2382 5026 2632 5095 ματαίας.

1654 5162 1958 5224 Addenda
1988 5170 2049 5224 et
2079 5163 2454 5242 corrigenda
2490 5184 2568 5226 ex
2612 5169 2753 5229 cod.
2788 5169 2990 5230 Vatic.

973 5289 1059 5341 διὰ
1079 5291 1175 5370 τῆς
1203 5288 1567 5359 κινναϐάρεως
1597 5288 1854 5358 περιέχει.

789 5358 865 5430 (2)
890 5358 1323 5429 Ἐρμηνεύονται.

787 5431 863 5499 (3)
901 5430 1094 5499 Αὐτῆς.

789 5468 863 5569 id)
888 5468 1222 5567 Ἀναύέιθμδν
1251 5498 1507 5561 ἀνιέντες,
1535 5499 1607 5562 ὡς
1634 5501 1713 5562 εἰς
1746 5497 1984 5569 βαθμοὺς
2014 5500 2271 5568 ὑψηλότε-

723 5587 802 5640 ροι
840 5568 1164 5630 δείκνυσθαι,
1199 5570 1441 5621 τουτέστι
1482 5568 1824 5640 τελειότεροι,
1878 5571 1972 5623 καὶ
2015 5570 2275 5622 τελειοτέ-

756 5656 835 5701 ας.
858 5648 960 5692 etc.

723 5658 835 5710 ρας.
858 5658 960 5692 etc.

790 5710 866 5777 (5)
906 5708 1100 5779 Δέομαί
1128 5725 1240 5772 σου,
1269 5718 1369 5763 etc.
1398 5711 1506 5763 Καί
1528 5710 1675 5763 deest

2444 5290 2517 5359 (6)
2561 5289 2787 5343 Εἰσακού
2797 5309 2912 5354 σας.

2443 5361 2517 5428 (7)
2542 5362 2898 5431 Ἀποςτέλλω,
2926 5371 3055 5425 etc.,
3090 5361 3181 5414 τοῦ
3212 5361 3339 5414 Υἱοῦ
3375 5380 3499 5431 μου.

2443 5432 2517 5497 (8)
2559 5430 2743 5501 οὕτως
2770 5432 2938 5501 λέγων
2961 5450 2971 5460 ·
3002 5433 3131 5484 Οὐαί
3164 5433 3252 5501 μοί
3279 5430 3447 5496 ἐστιν,
3482 5441 3591 5486 etc.

2444 5504 2517 5567 (9)
2559 5500 2857 5567 Πεποιθὼς.
2887 5502 2999 5563 καί,
3025 5511 3128 5555 etc.

2441 5566 2553 5635 (10)
2594 5566 2721 5623 θεν.

2444 5638 2550 5713 (ll)
2730 5641 2999 5709 νηπιόθεν,
3030 5649 3158 5701 etc.,
3192 5643 3367 5713 πᾶσαν
3401 5642 3473 5713 ἐν,
3496 5641 3683 5705 αὐτοῖς
3708 5638 3873 5713 εἶχεν.

2444 5708 2841 5778 (12)Ἐλάλουν,
2867 5721 2951 5765 etc
2978 5750 2993 5769 .
3022 5711 3509 5781 αἰχμαλωτίζοντές
3537 5727 3623 5779 με,
3656 5708 3761 5766 etc.
