4066 6318
144 325 279 379 12⁸11
1029 326 1113 379 DE
1152 326 1425 382 TITULIS
1465 325 1750 381 PSALMO]

1755 324 1912 380 RUM.
1951 356 2020 364 ——
2062 323 2256 378 PSAL.
2295 324 2451 382 CXX.
3227 331 3361 385 ωε

395 440 514 510 ῼδὴ
554 457 670 492 των
694 442 1080 510 Ἀναεαθμών.
1115 447 1284 498 ΨΑΛ.
1325 444 1455 498 PK'.
1724 453 1766 506 A

1724 453 1766 506 Α
2060 440 2332 496 Canticum
2366 440 2656 494 Gradunm.
2689 440 2883 493 PSAL.
2919 439 3084 496 CXX.

213 532 266 584 1.
286 527 432 600 ’ἰιρα
484 530 608 592 τοὺς
651 529 957 601 ὀφθαλμούς
988 551 1085 601 μου
1131 536 1208 595 εἰς
1234 542 1299 586 τά
1325 535 1445 604 ὄρη,
1478 533 1596 586 ὅθεν
1625 535 1696 603 (α)

1878 533 1921 584 1.
1966 531 2157 586 Levavi
2212 533 2398 587 oculos
2451 547 2597 585 meos
2653 532 2704 583 in
2758 539 2985 596 montes,
3023 531 3160 585 unde
3185 531 3359 585 veniet

135 622 317 692 ἦξειή
359 622 574 692 βοήθειά
611 639 728 690 μου.

636 639 728 674 ιου.
1800 626 2056 678 auxilium
2091 627 2242 679 mihi.

210 713 265 765 2.
295 715 354 764 Ἠ
392 712 610 783 βοήθειά
641 730 738 783 μου
770 712 915 783 παρά
942 713 1166 784 Κυρίου,

1866 717 1919 770 ΕΞ.
1962 717 2236 769 Auxilium
2272 730 2446 768 meum
2475 730 2502 766 a
2537 713 2783 775 Domino,

203 804 257 856 3.
300 803 403 856 Τοῦ
439 806 756 874 ποιήσαντος
786 804 875 856 τὸν
906 806 1128 874 ούρανον
1153 807 1244 858 καὶ
1272 808 1368 877 τὴν
1401 808 1518 876 γῆν.

1165 807 1244 858 καὶ
1272 808 1368 877 τὴν
1401 808 1518 876 γῆν.
1865 807 1917 860 5.
1960 808 2060 874 Qui
2091 808 2217 862 fecit
2248 809 2443 863 caelum
2471 816 2521 860 et
2553 819 2771 861 terram.

203 897 262 948 4.
303 897 390 955 Μὴ
420 896 558 965 δῴης
588 899 666 958 εἰς
691 897 848 949 σάλον
871 897 961 949 τὸν
997 898 1129 950 πόδα
1162 915 1275 962 σου,

1864 903 1915 955 4.
1958 902 2074 957 Νοη
2108 905 2196 958 det
2227 905 2276 956 in
2305 904 2721 958 commotionem
2751 903 2938 971 pedem
2969 911 3142 964 tuum.

202 988 260 1040 5.
301 987 448 1057 Μηδὲ
475 986 707 1058 νυστάξῃ
737 991 763 1040 ὁ
786 989 1068 1056 φυλάσσων
1095 1007 1172 1041 σε.

1863 997 1916 1050 5.
1958 995 2143 1066 Neque
2173 997 2422 1050 dormitet
2449 996 2541 1064 qui
2576 994 2812 1049 custodit
2841 1007 2909 1048 te.

201 1079 257 1133 6.
287 1081 412 1132 Ἰδοὺ
445 1081 504 1132 οὐ
527 1081 793 1145 νυστάξει,
821 1080 938 1132 οὐδὲ
965 1079 1196 1133 ύπνώσει
1231 1081 1258 1131 ὁ
1291 1079 1576 1148 φυλάσσων
1605 1079 1693 1132 τὸν

1863 1087 1915 1141 6.
1958 1087 2094 1142 Ecce
2126 1104 2231 1141 non
2267 1088 2600 1153 dormitabit,
2658 1102 2832 1156 neque
2879 1084 3111 1139 dormiet
3143 1085 3232 1154 qui
3261 1101 3354 1139 eu-

141 1171 379 1244 Ἰσραήλ.

1793 1180 1954 1234 stodit
1983 1180 2161 1236 Israel.

200 1262 253 1316 7.
291 1263 490 1334 Κύριος
514 1263 731 1334 φυλάξοι
763 1281 842 1328 σε,

1861 1275 1912 1325 7.
1948 1272 2205 1328 Dominus
2229 1273 2464 1328 custodit
2495 1282 2578 1327 te:

196 1352 250 1407 8.
284 1354 484 1424 Κύριος
519 1356 690 1426 σκέπη
721 1372 800 1407 σοι
818 1353 959 1427 [σου]
983 1356 1071 1408 ἐπὶ
1097 1357 1252 1427 χεῖρα.
1273 1355 1451 1421 δεξιάν
1490 1373 1604 1408 σου.

1860 1365 1912 1418 8.
1945 1364 2204 1420 Dominus
2226 1367 2489 1434 protectio
2512 1375 2621 1429 tua,
2642 1377 2804 1439 super
2824 1376 3043 1415 manum
3075 1359 3347 1414 dexteram

1790 1464 1957 1510 tuam.

195 1550 247 1604 9.
295 1553 532 1624 Ἡμέρας
556 1556 583 1607 δ
612 1555 758 1624 ἣλιος
789 1556 847 1608 οὐ
883 1553 1176 1623 συγκαύσει
1199 1572 1258 1607 σε
1277 1572 1292 1586 ·

1108 1572 1176 1607 πει
1199 1572 1258 1607 σε
1277 1572 1292 1586 ·
1859 1551 1909 1605 9.
1941 1548 2036 1604 Per
2061 1550 2199 1624 diem
2229 1547 2310 1602 sol
2339 1562 2445 1601 non
2474 1555 2596 1600 uret
2626 1554 2674 1600 te
2702 1563 2714 1600 :

195 1644 285 1699 10.
312 1646 441 1699 Οὐδὲ
468 1648 501 1716 ή
536 1646 729 1716 σελήνη
764 1645 1065 1714 τὴννύκτα.

1859 1643 1944 1695 10.
1978 1640 2160 1709 Neque
2189 1640 2313 1691 luna
2349 1653 2443 1706 per
2467 1647 2698 1691 noctem.

195 1737 280 1792 11.
317 1739 519 1808 Κύριος
551 1738 772 1806 φυλάξοι
805 1755 862 1790 σε
893 1738 998 1790 ἀπὸ
1029 1737 1226 1800 παντὸς
1248 1738 1418 1790 κακοῦ
1439 1752 1451 1767 ⁸
1717 1806 1738 1808 ῃ

1440 1752 1451 1767 ·
1717 1806 1738 1808 ξ
1858 1733 1944 1786 11.
1979 1732 2238 1786 Dominus
2261 1729 2494 1784 custodit
2523 1741 2572 1783 te
2601 1729 2669 1782 ab
2697 1728 2841 1785 omni
2874 1730 3046 1783 malo:

191 1826 274 1880 te.
309 1806 533 1892 Φυλάξοι
561 1829 657 1898 τὴν
683 1828 856 1897 ψυχήν
887 1844 978 1880 σου
1003 1830 1029 1879 ὁ
1058 1827 1280 1898 Κύριος.
1713 1806 1754 1860 Β

1713 1806 1754 1860 Β
1852 1821 1938 1875 12.
1966 1822 2250 1876 Custodiat
2277 1820 2513 1874 animam
2545 1828 2692 1872 tuam
2721 1817 3002 1874 Dominus.

193 1940 266 2007 (τι)
299 1936 450 1993 Vers.
481 1939 537 1994 2.
559 1939 724 1994 Πόθεν
749 1941 887 2011 ἥξει,
917 1950 1018 1995 etc.
1053 1939 1206 1996 Vcrs.
1236 1942 1368 1996 5.'H
1394 1939 1775 2012 βοήθειά,ρῑο.,

481 1939 537 1994 2.
559 1939 724 1994 Πόθεν
749 1941 887 2011 ἥξει,
917 1950 1018 1995 etc.
1053 1939 1206 1996 Vcrs.
1236 1942 1368 1996 5.'H
1394 1939 1775 2012 βοήθειά,ρῑο.,
1814 1939 1913 2010 τὴν
1945 1937 2065 2010 γῆν.

1228 2071 1600 2126 ATHANASII
1639 2068 2224 2126 INTERPRETATIO.

195 2208 258 2260 Ἠ
288 2209 619 2280 προκειμένη
643 2211 914 2283 ἐπιγραφὴ
941 2213 1198 2284 περιέχει·
1231 2214 1368 2284 ’ῼὸὴ
1391 2213 1508 2268 τῶν
1527 2213 1894 2282 Ἀναὸαθμῶν
1911 2231 1924 2244 ·
1958 2211 2336 2283 ἐξομολόγησις
2364 2209 2438 2281 (1)
2466 2207 2573 2260 τῶν
2596 2207 2850 2260 ἀνιέντων
2877 2207 2984 2261 ἀπὸ
3004 2206 3097 2261 τοῦ
3128 2205 3339 2279 πρώτου

115 2295 324 2367 βαθμοῦ
361 2301 452 2352 ἐπὶ
485 2302 576 2354 τὸν
607 2302 874 2374 δεύτερον,
907 2307 1179 2359 τουτέστιν
1205 2307 1310 2359 ἀπὸ
1341 2308 1439 2376 τῆς
1480 2308 1913 2378 ἐξομολογήσεως
1941 2306 2046 2360 τῶν
2088 2305 2368 2376 ἁμαρτιῶν
2412 2302 2526 2372 ἃμα
2555 2302 2742 2373 νήφειν
2771 2304 2835 2372 τῇ
2885 2302 2960 2371 (2)
2991 2301 3217 2372 διανοίᾳ,
3247 2300 3340 2352 καὶ

115 2390 208 2457 τὴν
238 2391 485 2462 βοήθειαν
511 2395 671 2447 αὑτοῦ
700 2398 1098 2466 ἐπιγινώσκειν,
1131 2401 1317 2471 ὅτιπερ
1347 2401 1492 2470 παρά
1515 2400 1646 2454 Θεοῦ
1673 2403 1840 2455 ἐστιν.

184 2479 404 2536 Titulus
423 2487 742 2553 praepositus
775 2489 1017 2541 continet
1052 2507 1064 2541 :
1097 2487 1372 2541 Canticum
1403 2487 1715 2555 Graduum;
1750 2488 2022 2544 confessio
2049 2485 2455 2543 ascendentium
2480 2499 2509 2536 a
2537 2483 2712 2551 primo
2741 2484 2908 2553 gradu
2937 2483 2988 2538 in
3019 2484 3334 2547 secundum,

114 2574 212 2626 hoc
242 2582 324 2626 est
361 2589 390 2627 a
419 2575 757 2631 canfessione
783 2587 1127 2646 peccatorum
1154 2580 1221 2634 ad
1245 2582 1409 2634 simul
1437 2582 1807 2650 evigilandum
1840 2591 2041 2645 mente,
2075 2589 2130 2634 et
2153 2579 2219 2633 ad
2244 2575 2647 2649 agnoscendum
2677 2575 2937 2628 auxilium
2980 2591 3160 2641 suum,
3192 2577 3336 2645 quod

111 2680 138 2715 ι
172 2665 281 2720 Deo
307 2676 408 2722 est.

180 2759 231 2812 1.
267 2760 536 2813 Ἀνέτεινα
591 2763 714 2825 τοὺς
761 2763 1067 2835 ὀφθαλμοὺς
1127 2766 1222 2835 τῆς
1274 2766 1509 2829 διανοίας
1565 2783 1666 2836 μου

1838 2765 1888 2820 1.
1948 2763 2152 2818 Intendi
2187 2762 2373 2816 oculos
2405 2764 2600 2813 mentis
2645 2775 2778 2813 mete
2822 2759 2887 2816 ad
2939 2758 3264 2814 audiendum
3301 2776 3331 2814 a

110 2851 334 2904 ἀκοῦσαι
380 2855 526 2924 παρὰ
569 2855 675 2908 τῶν
718 2857 885 2924 ἁγίων
914 2859 952 2909 Γ
957 2859 1164 2928 ραφῶν,
1201 2859 1361 2914 πόθεν
1394 2857 1668 2912 ἐλεύσεται

1567 2875 1668 2912 ιται
1767 2855 1966 2911 sanctis
1999 2852 2308 2923 Scripturis,
2346 2850 2487 2904 unde
2518 2850 2695 2903 veniet
2724 2851 2987 2904 auxilium
3017 2851 3173 2904 mihi.

112 2944 141 3010 ή
164 2941 382 3013 βοήθειά
405 2963 524 3013 μου.

178 3032 229 3094 2,
271 3035 323 3086 5.
376 3036 482 3087 Καὶ
525 3036 728 3106 ἥκουσα
768 3040 824 3090 ἐν
864 3039 1070 3103 αὑταῖς,
1108 3041 1188 3092 ὃτι
1235 3042 1268 3112 ἡ
1305 3041 1522 3113 βοήθειά
1569 3059 1669 3112 μου

1836 3029 1891 3091 2,
1917 3029 1967 3081 ’5.
2007 3027 2071 3079 Ει
2093 3043 2156 3080 ex
2189 3027 2319 3094 ipsis
2346 3025 2545 3087 audivi,
2571 3025 2713 3094 quod
2745 3024 3003 3078 auxilium
3025 3040 3203 3079 meum
3227 3026 3329 3080 erit

109 3123 252 3192 παρὰ
286 3126 490 3196 Κυρίου
521 3127 698 3181 ἔσεται
728 3130 802 3200 (5)
830 3130 922 3183 τοῦ
954 3132 1280 3204 δημιουργοῦ
1316 3135 1529 3186 πάντων
1562 3133 1666 3186 τῶν
1695 3169 1715 3222 ί

1719 3169 1734 3188 ,
1770 3135 1799 3174 a
1829 3113 2062 3172 Domino
2095 3127 2338 3172 creatore
2385 3117 2677 3170 visibilium
2711 3117 2954 3169 omnium
2983 3126 3036 3170 et
3080 3116 3325 3170 invisibi—

1719 3204 1735 3223 ι
1771 3212 1798 3223 ..

107 3215 312 3284 ὁρατῶν
347 3219 441 3270 καὶ
472 3220 577 3271 τῶν
601 3220 865 3291 ἀοράτων.
1698 3212 1735 3223 “
1770 3212 1922 3265 lium-

171 3309 222 3361 4.
264 3309 605 3380 Παραγγελεῖ
641 3313 715 3381 (1)
739 3312 883 3382 αὐτῷ
908 3313 1089 3368 λοιπὸν
1112 3316 1139 3367 ὁ
1159 3314 1289 3378 Θεός
1308 3331 1320 3344 ⁸
1355 3314 1563 3384 Μηκέτι
1588 3314 1667 3378 εἰς

1837 3304 1892 3356 4.
1927 3301 2276 3356 Denuntiabit
2304 3298 2496 3353 deinde
2524 3297 2623 3366 ipsi
2656 3295 2797 3350 Deus
2830 3294 2948 3350 :Ne
2977 3296 3210 3366 amplius
3242 3299 3323 3351 in-

108 3399 191 3450 τδν
208 3399 418 3452 ὄλισθον
433 3402 539 3452 τῶν
558 3404 832 3472 προτέρων
854 3421 944 3456 σου
963 3407 1364 3474 ἁμαρτημάτων
1381 3404 1664 3473 περιπάτει

1764 3395 1924 3447 cedas
1981 3395 2032 3446 in
2078 3393 2285 3444 lubrico
2335 3390 2668 3442 auteriorum
2710 3399 2924 3442 tuorum
2953 3397 3318 3457 peccatorum.

109 3487 490 3561 [περιπατεῖν].
537 3493 733 3556 Σάλος
779 3495 884 3563 γὰρ
919 3494 1242 3561 πειρασμὸς
1287 3494 1658 3564 ἑρμηνεύεται.
1763 3483 1916 3538 δαίοδ
1942 3484 2082 3535 εηίηι
2110 3483 2326 3534 ιεηίαίίο
2357 3481 2758 3547 Ῐηιονρνυίλίιινο

169 3582 220 3637 5.
254 3582 405 3653 Μηδὲ
435 3584 488 3636 δὲ
533 3583 753 3657 ὑπνώσῃ
795 3588 822 3637 ὁ
854 3585 975 3648 νοῦς
1005 3603 1096 3638 σου
1126 3585 1218 3638 τοῦ
1249 3584 1432 3638 λοιποῦ
1460 3587 1537 3648 εὶς
1564 3585 1660 3656 τὴν

1831 3574 1881 3627 5.
1919 3572 2100 3643 Neque
2132 3589 2283 3626 mens
2321 3581 2409 3624 tua
2444 3571 2679 3624 dormiat
2712 3571 2762 3621 in
2796 3581 3068 3638 posterum
3101 3571 3152 3624 in
3191 3586 3318 3641 pec-

103 3673 390 3745 dytaptiatv,
420 3675 553 3728 ἀλλὰ
604 3677 962 3748 γρηγορείτω,
1004 3676 1099 3730 καὶ
1149 3677 1525 3749 προσευχέσθω
1567 3675 1657 3729 τοῦ

1759 3675 1902 3729 cato,
1937 3666 2027 3722 sed
2058 3667 2258 3735 vigilet,
2287 3675 2338 3719 et
2366 3675 2500 3730 oret,
2534 3681 2598 3718 ne
2630 3664 2830 3717 incidat
2858 3664 2908 3715 in
2939 3665 3309 3716 tentationem.

107 3765 175 3834 μὴ
201 3768 458 3834 ἐμπεσεῖν
487 3768 564 3830 εἰς
586 3769 909 3838 πειρασμόν.

1828 3761 1880 3814 6.
1917 3759 2055 3814 Ecce
2094 3775 2266 3829 neque
2298 3769 2574 3828 punctum,
2612 3773 2785 3826 neque
2819 3766 3144 3809 momentum
3181 3769 3316 3826 pre-

169 3855 219 3907 6.
249 3855 380 3909 Ὶδοὺ
428 3855 592 3929 [οὐδὲ]
650 3860 906 3929 στιγμὴν,
972 3857 1337 3929 οὑδὲ-χρόνον
1402 3857 1658 3930 παραλεί-
1759 3864 1775 3908 1

1759 3854 1882 3908 terit
1917 3852 2078 3913 Deus,
2110 3852 2164 3903 in
2209 3866 2317 3918 quo
2371 3864 2476 3902 non
2517 3848 2758 3916 aspiciat,
2789 3857 2841 3901 et
2867 3848 3134 3901 custodiat
3161 3863 3312 3900 men-

107 3962 190 3997 πει
222 3949 297 4018 (ες)
333 3951 360 4001 ὁ
393 3948 524 4011 Θεὸς
564 3949 795 4019 ἐφορῶν,
836 3950 927 4002 καὶ
964 3951 1248 4018 φυλάσσων
1280 3950 1370 4002 τὸν
1405 3951 1527 4005 νοῦν
1567 3951 1656 4005 τὸν

1757 3954 1863 3999 tem
1893 3943 2158 3998 videntem
2191 3957 2334 3995 eum.
2366 3939 2538 3994 Israel
2567 3939 2711 3994 enim
2737 3938 3118 4007 interpretatur
3138 3939 3313 3991 videns

103 4038 303 4105 ὁρῶντα
324 4041 504 4093 αὐτόν.
541 4040 785 4108 Ἰσραὴλ
805 4041 912 4112 γὰρ
937 4041 1290 4113 ἑρμηνεύεται
1311 4041 1462 4110 ὁρῶν
1488 4042 1652 4098 Θεόν.
1755 4038 1941 4090 Deum-

169 4133 293 4197 7,8.
323 4134 527 4205 Κύριος
550 4136 613 4187 ἐκ
639 4133 826 4199 δεξιῶν
876 4135 969 4188 σού
1019 4137 1165 4188 ἐστιν
1223 4133 1507 4203 φυλάσσων
1560 4134 1654 4188 καὶ

1826 4125 1876 4190 7,
1905 4125 1958 4180 8.
2002 4123 2262 4178 Dominus
2299 4138 2331 4177 a
2372 4122 2578 4176 dextris
2601 4121 2708 4176 tuis
2749 4129 2831 4175 est
2877 4121 3224 4185 custodiens,
3258 4129 3312 4174 et

103 4223 310 4275 σκέπων
343 4223 416 4295 (6)
455 4226 533 4286 εἰς
557 4224 623 4276 τά
651 4224 788 4293 ἔργα
814 4225 1179 4295 δικαιοσύνης.

965 4225 1179 4295 οσύνης.
1753 4231 2036 4290 protegens
2062 4219 2114 4271 in
2146 4231 2305 4285 opera
2328 4215 2571 4284 iustitiae.

165 4319 214 4370 9.
258 4318 346 4370 Ἐν
372 4316 449 4388 τῷ
483 4318 620 4385 φωτὶ
644 4316 718 4370 ὣν
743 4319 814 4388 (7)
846 4318 1016 4392 [ὄντα]
1054 4322 1200 4371 πᾶσα
1226 4319 1400 4390 θέρμη
1427 4334 1652 4389 πειρασ-

1819 4313 1872 4367 9.
1903 4313 1958 4365 In
1988 4312 2105 4364 luce
2136 4317 2538 4377 permanentem
2579 4306 2757 4360 omnis
2800 4304 3113 4359 tentationis
3141 4314 3305 4357 aestus

104 4404 196 4467 μοῦ
224 4407 282 4458 οὐ
320 4407 544 4478 ξηρανεῖ
575 4423 633 4461 σε
654 4423 667 4436 °
703 4407 844 4478 ἔχεις
891 4408 998 4478 γὰρ
1026 4410 1081 4461 ὲν
1111 4409 1320 4470 ἑαυτοῖς
1348 4407 1446 4479 τὴν
1473 4407 1650 4478 πηγὴν

1754 4421 1861 4459 non
1901 4413 1952 4458 te
1981 4413 2208 4468 exuret;
2255 4400 2422 4456 habes
2457 4400 2603 4454 enim
2640 4401 2691 4453 in
2720 4398 2891 4466 teipso
2919 4397 3120 4451 fontem
3158 4398 3300 4450 vitae.

101 4495 187 4564 τῆς
213 4496 376 4568 ζωῆς.
1675 4505 1724 4563 D

166 4587 243 4640 10.
272 4589 405 4642 Οὐδὲ
459 4591 492 4660 ἡ
543 4589 723 4661 ἀπάτη
755 4589 846 4644 τοῦ
877 4591 993 4662 βίου
1026 4592 1212 4647 τούτου
1247 4592 1303 4643 ἐν
1358 4590 1436 4662 τῷ
1469 4591 1647 4644 σκότει

1820 4586 1897 4639 10.
1933 4582 2116 4652 Neque
2141 4583 2383 4651 deceptio
2408 4581 2568 4650 hujus
2607 4580 2727 4634 vita:
2772 4579 2824 4632 in
2863 4579 3097 4635 tenebris
3127 4580 3302 4634 domi-

103 4679 365 4747 κυριεύσει
403 4697 516 4734 σου.

503 4721 516 4734 .
1743 4678 1958 4731 nabitur
1987 4677 2100 4730 tibi.

164 4769 244 4834 11,
282 4772 368 4824 12.
411 4774 497 4824 Ἐν
533 4776 598 4845 τῇ
629 4774 807 4846 ἡμέρᾳ
851 4775 948 4845 τῆς
992 4773 1220 4846 κρίσεως
1274 4775 1302 4827 ὀ
1345 4773 1546 4845 Κύριος
1583 4774 1644 4828 οὐ

1813 4771 1900 4832 11,
1934 4769 2018 4822 12.
2055 4769 2112 4820 in
2148 4767 2233 4821 die
2262 4765 2451 4834 iudicii
2481 4763 2745 4816 Dominus
2781 4777 2884 4815 non
2917 4770 2965 4814 te
2995 4760 3297 4821 comburet,

103 4860 384 4924 συγκαύσει
418 4880 508 4914 σε’
538 4865 597 4916 ού
643 4864 751 4933 γὰρ
783 4865 997 4934 μέλλεις
1041 4864 1182 4934 ἔχειν
1223 4864 1445 4916 τοιαῦτα
1483 4863 1640 4931 ἔργα,

1744 4881 1849 4921 non
1877 4866 2020 4918 enim
2051 4864 2335 4917 habiturus
2365 4873 2446 4916 est
2470 4861 2592 4914 talia
2626 4874 2813 4928 Opera,
2847 4857 3168 4927 quibuscum
3192 4854 3299 4922 igni

103 4951 206 5016 ttt'J‘
231 4946 300 5005 ὧν
321 4953 570 5020 ὡφείλεις
593 4954 669 5025 τῷ
698 4955 827 5025 πυρὶ
853 4955 1240 5025 παραδοθῆναι.
1266 4955 1434 5024 οὐδὲή
1471 4953 1639 5024 προσ-

1747 4957 2038 5011 tradendus
2083 4955 2158 5008 sis
2198 4968 2370 5021 neque
2421 4950 2745 5021 temporaria
2789 4949 2955 5018 gloria
2998 4947 3297 5014 principum

101 5061 269 5114 καιρος
293 5046 422 5110 δόξα.
449 5046 556 5098 τῶν
581 5045 852 5117 ἀρχόντων
877 5046 968 5099 τοῦ
1009 5048 1211 5116 κόσμου
1246 5046 1431 5097 τούτου
1455 5047 1486 5114 ἠ
1522 5045 1638 5097 κατ’

1748 5046 1909 5114 hujus
1954 5043 2137 5097 mundi
2179 5043 2431 5111 paulatim
2460 5039 2735 5104 deiiciens,
2765 5040 2904 5092 sicut
2949 5035 3094 5091 luna.
3123 5034 3298 5090 domi-

99 5133 255 5201 ὀλίγον
287 5136 569 5205 φθίνουσα,
604 5137 789 5207 ὥσπερ
815 5139 848 5208 ή
891 5138 1082 5208 σελήνη
1104 5179 1117 5202 ,
1147 5135 1637 5190 καταδυναστεύσει

543 5155 569 5202 ι,
604 5137 848 5208 ὦσπερή
891 5138 1082 5208 σελήνη
1104 5179 1117 5202 ,
1147 5135 1637 5190 καταδυναστεύσει
1745 5140 1962 5192 nabitur
1993 5139 2044 5190 in
2082 5145 2149 5190 te.

101 5237 182 5273 σου
219 5224 309 5293 (8).

1037 5320 1330 5380 Addenda
1364 5327 1423 5381 et
1463 5318 1833 5398 corrigenda
1864 5335 1943 5378 ex
1995 5316 2134 5378 cod.
2167 5317 2365 5376 Valic.

160 5417 226 5485 (l)
250 5419 309 5497 :H
340 5418 426 5470 διὰ
463 5421 558 5497 τῆς
589 5421 952 5497 κινναϐάρεως
993 5420 1268 5490 περιέχει·
1322 5422 1394 5492 ᾭ.
1451 5439 1498 5473 τ.
1549 5421 1630 5475 Ἀ.
1794 5418 2114 5497 μὴβίμνον
2143 5418 2202 5469 ού
2231 5415 2579 5488 παραλείπει,
2609 5413 2858 5478 εις.,τῶν
2882 5411 3293 5485 ὀρώντων,θιε.,

98 5486 216 5570 hi?
250 5486 603 5570 EQLJ-‘ivwéﬂi
633 5486 1030 5560 ἐξομοῖόγησις.
1062 5486 1180 5543 ἒιιῖΪ
1351 5486 1362 5492 ’
1729 5488 1850 5549 νοῦς
1884 5486 2042 5570 ὁρτήν,
2074 5500 2174 5540 etc.

135 5555 226 5640 '(2)
265 5555 622 5640 Τήςίπρώτης
654 5555 1082 5631 ἐξομολογήσεως
1103 5577 1150 5614 τ.
1180 5561 1233 5615 ἁ,
1257 5562 1480 5633 ἄρχεται
1505 5563 1632 5615 άνα-
1903 5555 2295 5640 ίξὐλόισσωνυσε,
2326 5557 2422 5608 καὶ
2448 5555 2665 5640 σκέπων
2695 5561 2909 5632 cauete.

99 5627 264 5698 νήφειν
291 5627 375 5698 τῇ,
413 5627 515 5683 etc.
579 5627 589 5630 ⁷
748 5627 758 5631 ⁷
888 5627 894 5628 ⁷
932 5627 942 5631 ’

1296 5627 1305 5632 ⁷
1331 5627 1360 5633 ’⁷
1800 5629 1874 5696 (7)
1904 5628 2041 5679 Φωτί
2073 5645 2162 5680 σου
2193 5628 2361 5698 ὄντος,
2397 5639 2525 5688 etc.,
2559 5627 2616 5679 ἐν
2645 5627 2838 5692 ἑαυτῷ.

181 5696 454 5766 δΓΕσται,
485 5709 610 5764 etc.,
643 5702 837 5756 desunt
871 5701 976 5753 duo
1003 5700 1126 5752 τῶν.

909 5717 976 5753 uo
1003 5700 1126 5752 τῶν.
1800 5701 1872 5766 (8)
1907 5696 2375 5750 Καταδυναστεύει
2400 5713 2512 5749 σου.

181 5705 454 5762 ὗΓΕσται,
485 5709 610 5764 etc.,
643 5705 837 5756 desunt
871 5705 976 5753 duo
1003 5705 1126 5752 τῶν.

159 5705 227 5834 ξι)
263 5769 652 5839 Παραγγέλλω,
680 5784 806 5837 etc.,
845 5773 1239 5841 περιπατήσης,
1273 5780 1375 5824 etc.
