4110 6318
155 400 174 452 1
189 398 295 452 225

222 515 309 568 10.
340 511 634 584 Θρόνοιέπὶ
671 504 814 563 οἷκον
852 507 1031 561 Δαϐίδ.

222 605 312 659 11.
351 605 687 674 Ἐρωτήσατε
707 602 768 672 δὴ
788 601 855 653 τὰ
881 601 958 663 εἰς
975 601 1194 670 εἰρήνην
1214 597 1311 668 τὴν
1339 593 1708 666 Ἰερουσαλὴμ,

221 699 308 750 19..
346 698 453 750 Καὶ
477 696 698 766 εὐθηνια
728 697 837 756 τοῖς
865 690 1120 759 ἀγαπῶσί
1142 707 1220 743 σε.

220 787 310 840 15.
342 786 580 838 Γενέσθω
603 785 663 855 δὴ
689 786 875 856 εἰρήνη
897 785 1033 852 ἐντῇ
1063 781 1288 850 δυνάμει
1315 796 1429 839 σου.

222 876 309 929 14,
341 878 444 928 Καὶ
473 875 692 944 εὐθηνία
725 877 780 925 ἐν
803 876 919 935 ταῖς
954 869 1321 942 πυργοϐἁρεσί
1363 885 1475 921 σου.

222 967 311 1020 15.
340 967 540 1018 Ἕνεκα
564 965 668 1016 τῶν
693 963 932 1030 ἀδελφῶν
957 979 1056 1032 μου
1085 962 1176 1012 καὶ
1205 959 1311 1010 τῶν
1347 957 1568 1028 πλησίον
1589 973 1709 1027 μου,

221 1057 309 1110 16.
346 1055 594 1109 Ἑλάλουν
624 1054 687 1124 δὴ
722 1057 912 1123 εἰρήνη
936 1049 1231 1123 [εἰρήνην]
1270 1051 1395 1119 περὶ
1432 1048 1544 1101 σοῦ.

997 387 1082 442 DE
1120 382 1396 442 TlTULlS
1432 376 1875 436 PSALMORUM.
1917 406 1985 415 —
2026 371 2221 429 PSAL.
2267 365 2474 424 CXXII.

1720 452 1779 555 ,Α
1875 493 1963 548 10.
1997 491 2162 547 Sedes
2188 504 2351 557 super
2374 486 2596 541 domum
2625 480 2814 536 David.

3230 359 3367 414 1916

1879 587 1965 641 11.
2001 585 2202 655 Rogate
2224 596 2345 651 quae
2370 578 2436 633 ad
2465 591 2648 646 pacem
2684 585 2810 630 sunt
2842 568 3162 635 Ierusalem,

1882 676 1968 730 12.
2003 675 2064 728 Et
2092 670 2421 727 abundantia
2456 666 2806 738 diligentibus
2835 674 2906 718 te.

1889 767 1973 821 i3.
2001 765 2118 818 Fiat
2148 778 2251 832 pax
2277 762 2326 814 in
2361 761 2555 814 virtute
2589 768 2701 823 tua,

1883 856 1967 910 H.
2003 856 2062 909 Et
2091 855 2420 908 abundantia
2457 853 2507 905 in
2535 849 2776 904 turribus
2807 847 2933 902 tuis.

1881 949 1966 1003 15.
2005 947 2227 1017 PrOpter
2259 945 2453 999 fratres
2485 959 2634 998 meos
2660 953 2712 997 et
2745 939 3023 1011 proximos
3051 950 3222 999 meos,

1884 1039 1968 1093 16.
2005 1038 2290 1108 Loquebar
2317 1051 2500 1105 pacem
2525 1036 2591 1089 de
2616 1042 2687 1088 te.

1884 1131 1968 1183 17.
2004 1129 2231 1199 Propter
2282 1131 2503 1183 domum
2548 1124 2760 1180 Domini
2795 1122 2888 1177 Dei
2931 1119 3128 1186 nostri,
3156 1116 3377 1188 (ιιιεείνί

1814 1221 1955 1275 bona
1986 1220 2102 1274 tibi.

2058 1324 2330 1380 Canticum
2369 1321 2660 1377 Graduum.
2697 1317 2895 1373 PSAL.
2931 1314 3167 1372 CXXII.

1889 1420 1935 1471 1.
1971 1417 2049 1470 Ad
2080 1427 2131 1470 te
2159 1415 2328 1468 levavi
2361 1415 2549 1468 oculos
2579 1428 2749 1477 meos,

1888 1507 1924 1560 2
1972 1504 2073 1570 Qui
2105 1505 2314 1559 habitas
2351 1504 2402 1557 in
2426 1503 2602 1557 cmlis.

1892 1597 1945 1650 5.
1982 1595 2115 1650 Ecce
2163 1596 2303 1649 sicut
2332 1595 2474 1649 oculi
2508 1608 2787 1649 servorum
2829 1591 2883 1646 in
2929 1590 3178 1644 manibus
3202 1587 3378 1642 domi-

1827 1704 2020 1743 norum
2043 1703 2264 1742 suorum

222 1147 311 1198 17.
347 1147 546 1198 ’Ἕνεκα
583 1146 675 1196 τοῦ
713 1144 861 1197 οἴκου
891 1145 1092 1214 Κυρίου
1129 1141 1220 1193 τοῦ
1257 1139 1391 1192 Θεοῦ
1425 1137 1582 1209 ἡμῶν
1629 1137 1712 1203 ἐξ‹

146 1235 390 1307 εζήτησα
416 1235 592 1302 ἀγαθά
618 1251 718 1286 σοι.

367 1324 501 1392 ’ῼδὴ
537 1321 652 1374 τῶν
697 1319 1080 1389 Ἄναΰαθμῶν.
1123 1323 1290 1374 ΨΑΛ.
1321 1322 1491 1373 ΡΚΒ¹.

225 1415 276 1468 1.
318 1416 457 1485 Πρὸς
494 1416 551 1468 σὲ
582 1410 690 1486 ἦρα
722 1417 846 1476 τοὺς
872 1411 1176 1481 ὀφθαλμούς
1210 1429 1334 1481 μου,

220 1507 278 1560 2.
309 1506 408 1559 Τὸν
443 1506 792 1560 κατοικοῦντα
823 1507 879 1557 ἐν
908 1504 985 1572 τῷ
1005 1503 1235 1573 οὐρανῷ.

223 1598 279 1652 3.
324 1601 452 1653 Ἰδού
482 1601 554 1663 ὡς
583 1597 847 1668 ὀφθαλμοὶ
873 1594 1069 1648 δούλων
1123 1595 1202 1659 εἰς
1249 1595 1440 1667 χεῖρας
1482 1594 1588 1648 τῶν
1623 1610 1720 1647 κυ-

154 1688 290 1758 ρίων
312 1690 505 1742 αὐτῶν·

1293 1852 1661 1909 ATIIANASII
1708 1851 2270 1908 INTERPRETATIO.

229 2010 316 2065 10.
341 2009 536 2071 Καθὼς
565 2006 815 2077 εἴπαμεν,
853 2007 900 2059 οἰ
925 2004 1204 2059 ἀπόστολοι
1234 2005 1290 2058 ἐν
1320 2007 1383 2075 τῇ
1431 1996 1719 2076 Ἐκκλησία

1898 2003 1982 2057 10.
2018 2002 2164 2059 Sicut
2193 2003 2449 2066 diximus,
2485 2004 2711 2072 apostoli
2742 2005 2796 2059 in
2829 2003 3065 2061 Ecclesia
3093 2023 3250 2061 niunu
3273 2009 3382 2078 for-

149 2104 264 2158 τοῦ
298 2101 504 2156 ἱκανοῦ
526 2100 599 2168 τῇ
632 2101 814 2169 χειρί·
850 2099 1005 2151 τοῦτο
1028 2099 1134 2169 γὰρ
1158 2097 1512 2168 ἑρμηνεύεται
1542 2096 1719 2150 Δαόὶδ

1825 2097 1892 2150 tis
1920 2113 1937 2150 :
1970 2098 2041 2150 ita
2084 2098 2226 2150 cnim
2264 2095 2432 2150 David
2467 2097 2851 2168 interpretatur
2876 2114 3033 2152 manu
3059 2099 3235 2168 fortis,
3255 2118 3386 2172 qua-

151 2193 365 2259 ικανὸς
393 2194 539 2262 χειρὶ
575 2193 676 2261 (1),
707 2194 841 2261 ὅπερ
871 2191 1017 2243 ἐστὶν
1044 2191 1092 2242 οἱ
1129 2191 1248 2242 Υἱοὶ
1278 2188 1370 2243 τοῦ
1397 2188 1553 2242 Θεοῦ.

1825 2188 1889 2243 lis
1916 2198 1997 2242 est
2028 2187 2119 2242 Dei
2155 2187 2346 2244 Filius.

227 2285 316 2338 11.
349 2286 545 2337 Λοιπὸν
574 2284 622 2334 οἱ
652 2281 894 2344 ἐλθόντες
930 2281 1022 2332 ἐπὶ
1052 2281 1112 2333 τὺ
1143 2281 1476 2350 φωτισθῆναι
1516 2280 1719 2335 δέονται

1895 2279 1980 2332 11.
2011 2278 2231 2332 Dcmnm
2268 2280 2539 2335 venientes
2573 2279 2640 2335 ad
2676 2280 3132 2338 illuminationem
3168 2283 3383 2354 (nempe

149 2376 403 2444 λέγοντες
424 2377 531 2437 τοῖς
557 2374 868 2436 ἀποστόλοις
893 2388 904 2402 ·
927 2372 1345 2443 Παρακαλέσατε
1374 2373 1568 2436 ἱκανῶς
1593 2390 1719 2426 κατ-

1825 2371 1890 2426 ad
1917 2373 2286 2440 baptismum),
2315 2383 2604 2442 precantur
2629 2375 2869 2429 dicentes
2891 2377 3152 2445 apostolis
3178 2395 3191 2431 :
3220 2377 3381 2434 Orate

147 2468 449 2536 ἀλλαγῆναι
485 2468 614 2534 ἡμῖν
647 2464 724 2534 ('2)
782 2465 870 2516 τὸν
917 2464 1068 2527 Θεὸν,
1118 2465 1204 2517 ἵνα
1251 2465 1344 2516 καὶ
1375 2466 1530 2533 ἡμεῖς
1566 2461 1719 2527 δεξώ-

1825 2466 1996 2530 va'de,
2032 2475 2091 2520 ut
2147 2466 2289 2521 Deus
2335 2467 2494 2522 nobis
2547 2467 2944 2533 reconcilietur,
2997 2479 3054 2523 ut
3099 2472 3258 2524 etiam
3284 2487 3381 2526 nos

154 2557 302 2626 μεθα
329 2557 425 2626 τὴν
455 2556 610 2626 χάριν
631 2555 796 2607 αὐτοῦ
817 2572 830 2586 ο
862 2555 938 2619 ὡς
979 2556 1084 2626 γὰρ
1109 2557 1470 2627 προείπαμεν,
1518 2557 1719 2623 Ἰερου-

1825 2558 2156 2626 accipiamus
2187 2558 2410 2625 gratiam
2428 2559 2544 2628 ejus
2570 2579 2582 2614 :
2604 2560 2744 2614 sicut
2765 2560 2906 2613 enim
2937 2569 3092 2615 antea
3123 2562 3381 2632 diximus,

150 2651 365 2716 σανῦὴμ
395 2647 749 2718 ἑρμηνεύεται
787 2647 1027 2716 Πνεῦμα
1049 2647 1232 2700 αὑτοῦ
1260 2647 1516 2714 χάριτος.

1825 2646 2119 2700 Jerusalem
2149 2649 2532 2718 interpretatur
2559 2649 2793 2718 Spiritus
2826 2653 3014 2721 gratia:
3043 2651 3179 2720 ejus.

228 2738 318 2792 12.
374 2739 450 2809 (3)
494 2739 604 2792 Kal
659 2737 999 2810 εὐθηνήσειή
1055 2738 1245 2809 καρδία
1275 2737 1452 2790 αὐτῶν
1499 2741 1558 2790 ἐν
1608 2738 1719 2800 ταῖς

1898 2739 1985 2792 12.
2015 2739 2081 2793 Et
2121 2740 2418 2796 abundabit
2466 2757 2561 2798 cor
2607 2758 2798 2798 eorum
2843 2745 2895 2800 in
2942 2745 3223 2816 praeceptis
3254 2764 3382 2804 san-

151 2830 401 2892 εντολαῖς
434 2829 540 2882 τῶν
573 2831 762 2898 ἁγίων.

1827 2837 2058 2884 ctorum.

229 2922 415 2977 15-15.
450 2923 526 2990 (4)
585 2923 642 2974 '0
693 2923 850 2992 χορὸς
885 2921 991 2973 τῶν
1038 2920 1344 2972 ἀποστόλων
1395 2919 1543 2988 λέγει
1585 2917 1723 2989 πρὸς

148 3012 247 3067 τὸν
275 3013 425 3067 Θεόν·
453 3013 672 3065 Ἕνεκεν
699 3013 799 3082 τῆς
821 3013 1090 3083 σωτηρίας
1123 3012 1277 3082 ἡμῶν
1305 3011 1544 3078 ἀδελφῶν
1566 3013 1726 3082 ἡγουο

153 3105 362 3176 μένων,
395 3104 624 3158 καὶτῶν
674 3104 899 3175 πλησίον
944 3105 1102 3176 ἡμῶν
1147 3107 1449 3175 γενομένων
1489 3103 1577 3156 διὰ
1628 3104 1726 3174 τῆς

152 3201 418 3261 πίστεως,

231 3290 322 3343 16.
369 3288 733 3361 Ἑλαλὴσαμεν
767 3291 948 3353 αὐτοῖς
981 3289 1070 3342 τὸν
1098 3288 1256 3357 λόγον
1289 3305 1380 3341 σου
1406 3288 1498 3341 καί
1520 3287 1618 3358 τὴν
1646 3288 1727 3351 εἰς

151 3380 218 3434 σι
259 3380 470 3435 ἐλπίδα.
1829 3378 1884 3432 in
1913 3388 1983 3433 te.

229 3471 320 3523 17.
360 3471 556 3524 Ἕνεκα
599 3469 693 3523 τοῦ
749 3467 1120 3539 καταρτισμοῦ
1169 3467 1274 3519 τῶν
1331 3467 1498 3534 ἁγίων
1544 3465 1719 3536 Ιᾔτησα

1898 3467 1985 3523 17.
2023 3467 2244 3536 Propter
2295 3466 2678 3538 perfectionem
2725 3479 3034 3525 sanctorum
3092 3472 3377 3538 postulavi-

153 3557 236 3630 (5)
271 3557 594 3631 [ῂτήσαμεν]
627 3558 937 3628 χαρίσματα
955 3558 1048 3610 τοῦ
1076 3556 1391 3626 [Ινεύματός
1426 3572 1520 3607 σου
1543 3554 1718 3622 ἁγίου.

1826 3573 1947 3611 mus
1977 3560 2115 3611 dona
2140 3559 2309 3612 sancti
2343 3559 2418 3612 tui
2442 3557 2694 3628 Spiritus.

1896 2921 2084 2976 15-15.
2120 2921 2332 2978 Chorus
2364 2923 2730 2993 apostolorum
2764 2924 2894 2980 dicit
2919 2926 2985 2980 ad
3014 2925 3180 2981 Deum
3209 2947 3220 2981 :
3248 2928 3379 2983 Pro-

1825 3021 1942 3083 pter
1975 3014 2202 3069 salutem
2247 3023 2558 3070 nostrorum
2605 3014 2856 3082 fratrum,
2894 3019 2987 3087 qui
3033 3019 3380 3089 prmiverunt,

1825 3114 2089 3160 eteorum
2132 3106 2225 3176 qui
2270 3106 2502 3176 proximi
2533 3108 2706 3162 nostri
2749 3107 2876 3164 facti
2912 3121 3035 3166 sunt
3076 3127 3170 3181 per
3197 3109 3380 3176 ﬁdem,

1897 3286 1984 3341 16.
2015 3285 2205 3340 Locuti
2251 3301 2441 3343 sumus
2489 3286 2622 3342 ipsis
2670 3286 2890 3342 verbum
2925 3296 3099 3354 tuum,
3130 3301 3183 3344 et
3230 3305 3378 3362 spem

241 3669 308 3721 Ἦ
333 3671 664 3742 προκειμένη
691 3671 968 3742 ἐπιγραφὴ
1000 3671 1242 3743 περιέχει
1265 3669 1363 3737 (6)·
1401 3668 1537 3739 ’ῼδὴ
1577 3666 1695 3720 τῶν
1740 3664 2126 3736 Ἀναόαθμῶν,
2162 3669 2297 3739 ὅπερ
2327 3668 2680 3740 ἑρμηνεύεται
2706 3668 3083 3740 ἐξομολόγησις
3115 3670 3221 3726 τῶν
3252 3674 3374 3727 ἀνα·

150 3760 450 3815 σαινόντων
487 3763 594 3817 ἀπὸ
634 3764 726 3816 τοῦ
763 3765 944 3836 τρίτου
987 3762 1193 3832 βαθμοῦ
1246 3763 1343 3833 τῆς
1376 3761 1680 3823 θεοσεὸείας
1718 3761 1809 3814 ἐπὶ
1860 3759 1948 3812 τὸν
1979 3760 2234 3830 τέταρτον
2274 3763 2352 3833 είς
2389 3761 2600 3814 σύνεσιν
2627 3761 2953 3833 ἐρχομένων,
3001 3764 3094 3816 καί
3121 3767 3376 3831 γινωσκόο

148 3869 299 3907 ντων
332 3854 554 3918 ἑαυτοὺς
580 3855 656 3927 ('7)
688 3856 781 3907 ἐπὶ
808 3858 928 3918 ταῖς
956 3855 1267 3926 ἁμαρτίαις,
1293 3854 1728 3925 ταπεινουμένων
1754 3853 1980 3907 ἐνώπιον
2000 3851 2094 3906 τοῦ
2118 3851 2274 3917 Θεοῦ,
2298 3853 2390 3906 καὶ
2411 3853 2675 3923 δεομένων
2703 3851 2887 3916 αὐτοῦ,
2917 3852 3058 3907 ὥστε
3079 3855 3377 3928 ἐλεηθῆναι.

233 3967 449 4024 Titulus
489 3972 811 4042 prmpositns
842 3971 1115 4025 continet:
1146 3971 1422 4024 Canticum
1454 3971 1744 4035 Gruduum,
1778 3972 1920 4041 quod
1956 3972 2340 4041 interpretatur
2383 3967 2652 4024 confessio
2700 3973 3106 4028 ascendentium
3149 3989 3180 4029 a
3222 3977 3378 4031 tertia

151 4060 336 4132 gradu
365 4063 541 4117 cultus
585 4077 711 4130 erga
757 4061 924 4115 Deum
955 4063 1010 4116 in
1042 4073 1296 4132 quartum
1341 4066 1565 4135 gradum
1613 4081 1823 4132 eorum,
1854 4065 1946 4134 qui
1985 4065 2290 4132 intelligunt
2318 4071 2373 4117 et
2397 4072 2730 4133 cognoscunt
2759 4079 2819 4119 se
2847 4065 2994 4136 ipsos
3030 4067 3083 4121 in
3109 4070 3375 4138 peccatis.

149 4157 452 4212 humiliant
483 4173 543 4213 se
565 4173 748 4212 coram
777 4156 907 4222 Deo,
937 4173 1169 4229 eumque
1197 4160 1572 4229 deprecantur,
1608 4170 1667 4215 ut
1693 4162 1934 4231 ipsorum
1968 4160 2308 4212 misereatur.

230 4250 286 4317 1,
312 4250 366 4304 2.
398 4251 508 4304 Οὐκ
541 4251 622 4305 ἐτι
646 4252 748 4325 τὴν
776 4253 962 4306 ἐλπίδα
997 4271 1098 4323 μου
1140 4254 1247 4323 ἔχω
1278 4255 1370 4308 ἐπὶ
1402 4257 1466 4326 τῇ
1501 4255 1719 4325 ματαιό-

1900 4253 2027 4317 1,2.
2053 4249 2169 4306 Non
2207 4251 2439 4320 amplius
2483 4264 2654 4304 meam
2695 4263 2843 4318 spem
2889 4251 3181 4321 repositam
3208 4253 3376 4309 habeo

149 4357 280 4411 τητι
311 4340 418 4393 τῶν
445 4340 675 4394 εἰδώλων
694 4360 705 4370 ’
742 4343 998 4397 ἀνένευσα
1020 4345 1129 4415 γάρ
1152 4345 1274 4406 τοὺς
1296 4343 1601 4413 ὀφθαλμοὺς
1623 4344 1719 4414 τῆς

1830 4345 1885 4400 in
1931 4344 2196 4399 idolorum
2238 4342 2508 4406 vanitate;
2545 4339 2742 4395 sustuli
2773 4342 2916 4396 enim
2954 4344 3141 4399 oculos
3186 4345 3375 4401 mentis

145 4430 395 4492 διανοίας
423 4449 522 4500 μου
550 4432 682 4502 προς
708 4433 767 4486 σὲ
795 4435 886 4486 τὸν
919 4437 978 4487 ἐν
1009 4434 1085 4504 τῷ
1105 4433 1316 4506 οὐρανῷ
1343 4433 1719 4490 κατοικοῦντα.

1830 4451 1963 4491 mea:
1991 4437 2056 4489 ad
2087 4447 2159 4500 te,
2191 4436 2282 4504 qui
2311 4433 2520 4486 habitas
2547 4432 2598 4486 in
2623 4434 2796 4487 cmlis.

227 4521 284 4576 5.
313 4521 520 4594 Ὠσπερ
545 4521 618 4591 (8)
645 4522 872 4588 ἕκαστος
900 4526 1005 4577 τῶν
1036 4525 1234 4579 δούλων
1282 4526 1480 4596 ἀφορᾷ,
1539 4526 1633 4576 καὶ
1664 4524 1719 4577 τὸ

1898 4528 1952 4582 5.
1983 4524 2446 4592 Quemadmodum
2481 4525 2854 4594 unusquisque
2885 4534 3162 4579 servbrum
3203 4526 3372 4581 intue-

149 4612 279 4683 ζῇν,
295 4616 390 4667 καὶ
399 4614 457 4668 τὸ
473 4615 651 4670 θανεῖν
662 4616 822 4669 αὐτὸν
839 4619 894 4668 ἐν
911 4617 986 4686 τῷ
1001 4619 1241 4688 Δεσπὸτη
1259 4617 1421 4671 αὐτοῦ
1442 4632 1454 4646 ·
1477 4615 1618 4669 οῦτω
1633 4617 1719 4669 καί

1828 4629 1918 4674 tur
1939 4620 2101 4673 vitam
2133 4631 2311 4678 suam,
2335 4625 2388 4670 et
2419 4624 2647 4669 mortem
2671 4615 2723 4670 in
2754 4614 2969 4671 Domini
2998 4617 3082 4672 sui
3115 4623 3378 4686 potestate

149 4675 324 4775 ⁴διμείς
367 4705 593 4760 ἐνώπιόν
626 4723 718 4760 σου
764 4675 1144 4780 παριπιὰμεθα
1189 4675 1241 4761 εδ
1277 4703 1431 4780 [οἷον]
1477 4707 1719 4778 βούλημα

1827 4725 1975 4773 esse;
2006 4709 2078 4762 ita
2108 4709 2267 4762 etiam
2298 4721 2397 4763 nos
2424 4721 2607 4762 coram
2651 4717 2702 4762 te
2739 4716 3012 4773 astamus,
3055 4719 3371 4778 exspectan-

151 4794 251 4847 σόν
290 4797 408 4849 ἐστι
433 4797 649 4867 ποιῆσαι
680 4801 760 4862 εἰς
796 4802 964 4871 ἡμᾶς·
995 4800 1285 4869 ἀπολογίαν
1316 4802 1426 4871 γὰρ
1476 4801 1575 4853 οὐκ
1602 4799 1719 4870 ἐχο-

1829 4811 1929 4863 tes,
1957 4799 2084 4870 quid
2111 4799 2246 4854 velis
2268 4799 2322 4853 in
2350 4815 2450 4854 nos
2484 4800 2658 4855 facere
2683 4819 2696 4853 :
2723 4815 2898 4869 neque
2941 4799 3084 4854 enim
3115 4815 3296 4855 coram
3326 4810 3372 4856 te

151 4901 261 4955 μεν
293 4884 520 4940 ἐνώπιόν
551 4905 664 4946 σου.

1829 4891 2088 4945 habemus
2123 4888 2511 4944 defensionem.

1096 5046 1398 5108 Addenda
1424 5053 1483 5106 et
1514 5044 1886 5124 corrigenda
1928 5060 2006 5105 ex
2036 5042 2172 5105 cod.
2208 5043 2404 5103 Vatic.

444 5230 609 5298 χειρι,
665 5224 795 5298 etc.,
827 5213 856 5264 ὁ
887 5211 1034 5273 Υἰός.

2089 5210 2262 5298 ημῶν,
2289 5211 2400 5273 καί,
2437 5219 2538 5264 etc.

225 5273 790 5361 ίεᾘίίεὲἒιὶὶεέοξιιξ
864 5351 890 5361 -
1045 5350 1148 5361 .-
1318 5353 1330 5361 .
1661 5351 1686 5361 -

2004 5273 2283 5361 Ecquam,
2314 5291 2440 5361 etc_.,
2469 5296 2558 5331 σου
2587 5277 2678 5329 τοῦ
2708 5277 2881 5346 ἁγίου.

225 5299 306 5358 (2)
356 5299 511 5353 ἰιμιν
543 5299 712 5335 uecSt.
1911 5299 1964 5347 ο)
2068 5299 2096 5332 τ

225 5359 304 5432 (ὅ)
429 5353 520 5432 12.
563 5353 670 5432 βαι
697 5351 993 5432 βλαστῆσαι
1035 5350 1199 5432 ημᾶς,
1220 5353 1342 5432 ,καὶ
1369 5351 1713 5432 καρῆποφορῆ-

147 5415 248 5478 σαί
276 5415 364 5480 διὰ
393 5425 493 5494 τῆς
515 5415 734 5494 χάριτος
759 5415 921 5475 αὐτοῦ
943 5462 957 5485 ,
1005 5415 1174 5484 οὕτως
1203 5421 1278 5482 ὡς
1303 5423 1426 5484 τοὺς
1447 5415 1716 5487 ἀγαπῶν·
1996 5419 2115 5472 Τῶν
2142 5423 2219 5484 είς
2243 5437 2289 5494 σ.
2317 5423 2361 5473 ἐ.
2406 5415 2464 5473 κζ
2496 5415 2969 5486 συγγινωσκόντων
2988 5415 3217 5480 ἑαυτοῖς,
3241 5423 3368 5481 etc;

142 5513 251 5559 τας
283 5491 464 5550 αὐτόν.
517 5491 546 5493 ”
592 5491 601 5494 ⁷
1567 5559 1571 5560 ν
1818 5493 1911 5545 καὶ
1939 5491 2390 5560 ταπεινουμένων,
2421 5498 2523 5543 etc.

225 5553 306 5635 (ι)
339 5566 407 5619 Ν.
592 5561 988 5636 Προσεύχονται
1026 5561 1208 5636 λοιπον
1258 5561 1396 5636 ὐπέᾃρ
1440 5559 1615 5636 αὐτῷν
1661 5561 1709 5636 οἰ
1792 5631 1794 5634 ν
1889 5561 1962 5629 (8)
1994 5561 2100 5636 Καὶ
2121 5553 2304 5636 ὥσπερ
2342 5559 2396 5636 ξ,
2430 5575 2480 5612 τ.
2515 5558 2562 5614 δ.
2621 5555 2728 5636 τῶν
2777 5555 3169 5636 ημαρτηκότων
3200 5553 3370 5621 ἀσύγ-

143 5622 442 5690 ἀπδστοὶρι
470 5622 738 5702 λέγοντες
768 5622 1015 5702 faecem
1043 5631 1104 5701 δὴ
1131 5633 1188 5683 ἐν
1222 5622 1400 5692 αὐτοῖς
1441 5632 1627 5700 εἰρήνη
1657 5632 1715 5681 ἐν
1788 5631 1794 5646 ³
1816 5622 2029 5702 γνωστὰ
2058 5631 2234 5702 ἀφορᾷ
2258 5622 2318 5680 τὸ
2337 5628 2454 5699 ζῇν,
2488 5641 2617 5693 etc.,
2652 5622 2991 5693 αὐτοῦέἷναιξ
3041 5637 3167 5689 etc.,
3225 5640 3369 5694 παρ-

143 5709 217 5775 τῇ
243 5706 476 5775 δυνάμει
493 5720 606 5775 σοι).
828 5702 940 5775 Καί
969 5700 1259 5775 εὐθήνησεν
1280 5702 1547 5775 η-καρδία,
1572 5711 1700 5775 etc_.,
1813 5700 2074 5772 ιστάμεθα
2105 5700 2363 5771 βούλημα,
2393 5710 2498 5754 etc.

147 5769 217 5829 ut"
247 5777 300 5829 iu
334 5769 394 5828 [ιζ
422 5774 504 5827 12.
530 5769 594 5822 Ν.
620 5771 704 5824 15.
743 5773 798 5822 '0
831 5771 985 5840 χορὸς
1003 5769 1132 5834 τῶν,
1167 5783 1266 5826 etc.
1299 5769 1576 5841 Σωτηρίας
1599 5770 1706 5824 τῶν

482 5866 754 5927 Parnm.
786 5864 902 5927 Gs.
935 5864 1197 5926 XXVII.

3019 5855 3090 5913 39

2141 5351 2193 5402 ιὰ
2224 5350 2588 5420 κινναϐάρεως
2609 5364 2758 5418 περ-.
