4066 6318
114 367 241 421 1229
1020 363 1107 417 DE
1146 364 1420 422 TlTULlS
1459 363 1720 419 PSALMG

1726 364 1905 421 lRUM.
1944 397 2012 408 —
2051 365 2239 421 PSAL.
2283 366 2518 425 CXXIV.
3193 373 3332 432 ιτδο

172 481 224 534 6.
260 477 347 531 'Ev
378 477 454 551 τῷ
476 477 791 551 ὀργισθῆναι
817 479 908 534 τὸν
952 478 1120 550 θυμὸν
1149 484 1312 536 αὐτοῦ
1344 485 1426 554 ἐφ’
1458 488 1625 555 ἡμᾶς,
1684 487 1729 543 Α

1462 488 1625 555 ἡμᾶς,
1684 487 1729 543 A
1824 486 1878 540 ϐ.
1908 486 2043 541 Cum
2073 489 2400 546 irasceretur
2432 488 2581 544 furor
2602 507 2791 549 eorum
2831 495 2886 549 in
2923 507 3026 549 nos
3053 534 3068 560 ,

170 573 224 624 7.
265 572 401 642 Ἀρα
429 571 490 623 τὸ
513 568 656 640 ὕδωρ
679 571 744 625 ἂν
767 570 1156 626 ’κατεπόντισεν
1182 576 1353 643 ἡμᾶς.

1281 576 1353 636 ig.
1839 580 1893 635 7.
1918 579 2168 637 Forsitan
2201 599 2341 655 aqua
2373 585 2745 641 absorbuisset
2771 604 2887 643 nos.

170 665 224 718 8.
256 665 563 735 Χείμαρῤον
593 664 802 734 διῆλθεν
836 667 866 734 ἡ
899 664 1044 736 ψυχὴ
1072 666 1247 736 ἡμῶν·

1839 670 1893 727 8.
1930 670 2246 729 Torrentem
2283 676 2634 745 pertrausivit
2666 679 2845 734 anima
2892 687 3118 734 nostra:

168 755 220 810 9.
252 757 390 826 Ἀρα
441 754 650 823 διῆλθεν
676 757 708 824 ἡ
735 754 879 827 ψυχὴ
939 755 1094 826 ἡμῶν
1121 757 1180 809 τὸ
1207 756 1350 828 ὕδωρ
1378 758 1439 810 τὸ
1465 760 1668 814 ἀνυπό-

1839 761 1893 816 9.
1927 761 2179 820 Forsitan
2206 766 2589 837 pertransisset
2614 770 2797 824 anima
2822 780 3006 825 nostra
3030 782 3225 839 aquam
3254 768 3337 822 iu-

110 862 311 902 ετατον.

1771 853 2128 910 tolerabilem.

174 937 258 991 10.
289 936 588 1005 Εὐλογητὸς
620 935 838 1007 Κύριος,
861 938 918 1001 ὃς
942 939 1041 992 οὐκ
1068 937 1266 993 ἔδωκεν
1298 943 1445 1010 ἡμᾶς
1472 942 1547 1005 είς
1578 941 1672 1013 θή-

1841 945 1929 1001 10.
1958 946 2284 1003 Benedictus
2344 948 2628 1017 Dominus,
2676 953 2769 1022 qui
2818 961 2927 1007 nnn
2960 952 3108 1008 dedit
3137 969 3236 1009 nos
3281 953 3336 1007 in

107 1049 199 1103 ραν
220 1034 329 1092 τοῖς
354 1029 559 1082 ὀδοῦσιν
592 1028 789 1081 αὐτῶν.

1773 1037 2078 1105 captionem
2107 1038 2360 1095 dentibus
2394 1057 2606 1099 eorum.

171 1123 255 1176 11.
297 1124 359 1174 Ἣ
384 1122 529 1192 ψυχὴ
561 1121 715 1191 ἡμῶν
748 1122 822 1181 ὡς
847 1119 1123 1189 στρουθίον
1152 1120 1387 1191 ὲρρύσοη

1843 1127 1928 1182 11,
1958 1128 2150 1183 Anima
2176 1142 2359 1185 nostra
2388 1133 2529 1187 sicut
2561 1150 2747 1203 passer
2775 1145 2956 1205 erepta
2986 1144 3068 1191 est

171 1216 263 1270 12.
300 1216 392 1267 Ἐκ
424 1215 521 1283 τῆς
546 1213 767 1282 παγίδος
794 1211 901 1263 τῶν
928 1206 1283 1282 θηρευὸντων.

1017 1212 1283 1267 νευόντων.
1844 1218 1930 1272 19..
1965 1218 2039 1273 De
2066 1220 2260 1289 laqueo
2287 1225 2623 1280 venantium.

170 1308 254 1361 13.
295 1309 356 1359 ’Ῑί
391 1308 555 1375 παγὶς
586 1306 892 1377 συνετρίϐη,
929 1307 1022 1358 καὶ
1068 1310 1227 1377 ἡμεῖς
1263 1308 1627 1381 ὲρρύσθημεν.

1842 1310 1928 1364 15.
1967 1310 2218 1379 Laqueus
2249 1316 2514 1369 contritus
2536 1324 2638 1379 est,
2660 1326 2714 1369 et
2747 1332 2847 1372 nos
2875 1318 3083 1373 liberati
3122 1333 3330 1374 sumus.

169 1399 255 1452 14,
292 1399 352 1451 Ἢ
385 1398 603 1469 βοήθεια
630 1397 785 1469 ἡμῶν
815 1400 870 1450 ἐν
902 1398 1123 1467 ὀνόματι
1154 1398 1381 1468 Κυρίου,

1840 1403 1927 1460 14.
1960 1405 2301 1472 Alljutorium
2334 1417 2577 1461 nostrum
2602 1411 2654 1461 in
2685 1411 2902 1465 nomine
2941 1407 3193 1480 Domini,

169 1491 253 1545 15.
291 1489 396 1543 Τοῦ
434 1493 753 1561 ποιήσαντος
778 1490 867 1543 τὸν
896 1489 1123 1560 οὐρανὸν
1150 1492 1242 1543 καὶ
1270 1492 1369 1562 τὴν
1398 1494 1523 1562 γῆν.

1162 1492 1242 1543 καὶ
1270 1492 1369 1562 τὴν
1398 1494 1523 1562 γῆν.
1840 1495 1928 1550 15.
1963 1495 2068 1560 Qui
2094 1497 2214 1552 fecit
2237 1500 2432 1553 malum
2465 1510 2519 1555 et
2552 1512 2768 1555 terram.

309 1581 445 1653 ’ῼδὴ
498 1580 616 1634 τῶν
656 1581 1041 1651 Ἆναϐαθμῶν.
1077 1586 1246 1636 ΨΑΛ.
1285 1583 1457 1638 ΡΚΔ’.

1975 1586 2254 1641 Canticum
2290 1589 2581 1645 Craduum.
2624 1592 2825 1647 PSAL.
2863 1593 3124 1650 CXXIV.

170 1673 219 1725 1.
248 1675 310 1726 υἱ
338 1673 649 1737 πεποιθότες
675 1675 765 1727 ἐπὶ
803 1675 1026 1745 Κύριον,
1052 1675 1126 1739 ὼς
1155 1675 1279 1744 ὅρος
1312 1674 1466 1732 Σιών.

1845 1677 1895 1731 1.
1934 1676 2037 1744 Qui
2062 1680 2340 1734 conﬁdunt
2368 1682 2420 1734 in
2454 1681 2703 1749 Domino,
2730 1686 2871 1739 sicut
2902 1702 3059 1741 mons
3085 1684 3234 1741 Sion.

166 1766 219 1820 9..
283 1767 355 1818 Οὐ
392 1766 777 1838 σαλευθήσεται
822 1769 900 1832 είς
955 1768 1047 1822 τὸν
1106 1768 1276 1823 αἰῶνα
1325 1770 1352 1821 ό
1400 1769 1666 1823 κατοικῶν

1840 1769 1895 1823 2.
1934 1768 2051 1824 Non
2081 1772 2513 1827 commovebitur
2560 1775 2613 1829 in
2663 1786 2921 1831 aeternum
2947 1818 2962 1842 ,
3001 1779 3095 1848 qui
3130 1780 3334 1835 habitat

110 1854 175 1908 Ἰε
182 1854 413 1925 ρουσαλή
423 1872 481 1926 μ.

1774 1858 1827 1912 in
1860 1858 2184 1917 Jerusalem.

1213 2012 1583 2067 ATHANASII
1625 2008 2207 2069 INTERPRETATIO.

165 2171 217 2225 6.
255 2173 341 2225 Ἐν
366 2170 441 2243 τῷ
463 2170 559 2233 τάς
608 2169 799 2241 ἀρχὰς,
834 2169 929 2222 καὶ
984 2168 1228 2233 ἐξουσίας
1263 2170 1363 2240 (1),
1397 2170 1490 2223 καὶ
1535 2172 1662 2233 τοὺς
1696 2178 1736 2232 Β

1726 2181 1736 2230 ι
1832 2168 1886 2223 6.
1912 2168 2047 2226 Cum
2089 2172 2449 2243 principatus,
2476 2185 2529 2229 et
2559 2185 2876 2246 potestates,
2906 2188 2960 2235 et
2984 2190 3223 2239 rectores
3253 2190 3332 2241 lc-

102 2264 535 2333 κοσμοκρὰτορας
566 2261 658 2314 τοῦ
690 2262 908 2325 σκότους
946 2261 1161 2332 βρύχειν
1190 2263 1271 2331 ἐφ’
1300 2264 1465 2333 ἡμᾶς.

1226 2263 1271 2331 φ’
1300 2264 1465 2333 ἡμᾶς.
1769 2262 2060 2319 nebrarum
2095 2267 2282 2319 mundi
2312 2264 2605 2321 fremerent
2632 2270 2684 2323 in
2712 2287 2832 2324 nos.

164 2358 214 2411 7.
244 2359 463 2421 Πάντως
489 2360 520 2425 ἡ
551 2358 693 2428 όρμὴ
726 2357 824 2426 τῆς
848 2357 1163 2420 δυναστείας
1210 2356 1389 2409 αὐτῶν
1426 2358 1665 2428 κατήγα-

1839 2354 1893 2407 7.
1921 2353 2156 2425 Impetus
2182 2357 2366 2426 utique
2394 2373 2581 2412 eorum
2614 2363 2866 2429 potentiae
2905 2361 3132 2421 forsitan
3160 2368 3331 2425 dedu-

99 2464 186 2515 τεν
218 2447 283 2500 ἂν
313 2451 459 2518 ἡμᾶς
484 2450 562 2511 είς
590 2449 657 2502 τά
694 2448 978 2502 κατώτατα
1000 2449 1097 2519 τῆς
1123 2447 1381 2502 ἀϐύσσου.

1071 2466 1097 2511 ς
1123 2447 1381 2502 ἀϐύσσου.
1771 2447 1940 2501 xisset
1962 2464 2063 2501 nos
2097 2449 2150 2501 in
2180 2448 2434 2503 inferiora
2470 2452 2672 2522 abyssi.

166 2540 213 2595 8.
246 2541 355 2604 Τὰς
374 2542 549 2614 όρμάς
578 2545 675 2613 τῆς
708 2544 900 2614 ἡδονῆς
955 2542 1031 2611 (9.)
1081 2543 1176 2595 καὶ
1207 2541 1314 2595 τῶν
1359 2541 1663 2613 ἐπιθυμιῶν

1838 2539 1891 2594 8.
1926 2541 2158 2609 Impetus
2189 2542 2503 2611 voluptatis,
2538 2555 2591 2598 et
2626 2548 3195 2618 concupiscentiarum
3216 2553 3335 2609 dia-

99 2633 184 2686 τοῦ
212 2634 475 2697 διαϐόλου,
510 2635 574 2687 δι’
606 2632 679 2687 ὧν
709 2636 1001 2705 κατασύρει
1031 2634 1254 2694 πάντας.

1041 2634 1254 2694 πάντας.
1768 2630 1900 2693 boli,
1925 2632 2122 2700 quibus
2150 2648 2341 2687 omnes
2368 2635 2647 2702 pertrahit.

162 2722 209 2775 9.
243 2725 384 2793 Ἀρα
416 2723 626 2792 διῆλθεν
656 2727 688 2794 ὴ
713 2723 857 2794 ψυχὴ
893 2722 1047 2794 ἡμῶν
1072 2723 1169 2795 τὴν
1224 2723 1513 2794 τυραννίδα
1568 2723 1660 2778 τοῦ

1839 2721 1894 2775 9.
1928 2721 2178 2777 Forsitan
2229 2726 2616 2793 pertransisset
2672 2728 2853 2784 anima
2901 2741 3087 2788 nostra
3132 2736 3332 2792 diaboli

97 2814 332 2869 διαϐόλου
356 2816 451 2887 τὴν
481 2816 804 2887 ἁκράτητον.

1768 2814 2108 2882 tyrannidem
2138 2814 2577 2883 insuperabilem.

167 2911 246 2964 ll).
274 2910 574 2981 Εὐλογητὸς
600 2909 815 2978 Κύριος,
851 2908 909 2972 ὃς
940 2910 1000 2962 οὐ
1042 2907 1412 2980 συνεχώρησεν
1441 2908 1546 2972 ἓως
1576 2909 1664 2962 1t-

1840 2907 1928 2961 ll).
1960 2907 2279 2963 Benedictus
2306 2908 2592 2974 Dominus,
2620 2911 2712 2981 qui
2748 2929 2855 2967 non
2888 2917 3136 2984 permisit
3164 2934 3334 2992 usque

97 3002 213 3066 λους
235 3003 495 3057 ἀπολέσαι
523 3004 597 3071 (3)
621 3004 767 3072 ἡμᾶς
790 3003 893 3055 ὑπὸ
917 3002 1023 3054 τῶν
1045 3002 1440 3072 διδασκομένων
1462 3003 1660 3059 αὐτῶν.

1344 3021 1440 3055 νων
1462 3003 1660 3059 αὐτῶν.
1769 3000 1824 3053 in
1853 3000 2014 3055 ﬁnem
2045 3016 2146 3056 nos
2178 3001 2329 3071 perdi
2356 3004 2425 3057 ab
2455 3019 2643 3058 eorum
2668 3006 2950 3063 doctrinis.

165 3096 248 3158 ll,
277 3096 362 3148 1'2.
401 3097 462 3147 'H
489 3094 632 3165 ψυχὴ
662 3095 814 3164 ἡμῶν
861 3095 935 3157 ὡς
991 3112 1087 3166 στρ
1112 3095 1268 3148 νυθίον
1314 3096 1550 3167 ἐῤῥύσθη
1598 3100 1663 3150 ὲκ

1840 3092 1927 3155 ll,
1968 3092 2053 3146 12.
2087 3094 2281 3146 Anima
2311 3104 2520 3163 nostra,
2568 3106 2627 3151 ut
2670 3114 2859 3167 passer
2888 3101 3115 3158 liberata
3145 3114 3227 3160 est
3268 3120 3335 3161 ex

98 3186 189 3256 τῆς
222 3186 445 3253 παγίδος
478 3186 584 3240 τῶν
618 3186 869 3239 ἐναντίων
910 3186 1190 3258 δυνάμεων
1210 3201 1224 3215 ι
1277 3187 1560 3259 θηρευθεὶς
1585 3188 1661 3257 (4)

1768 3182 1963 3252 laqueo
2033 3184 2431 3240 contrariarum
2495 3200 2858 3259 potestatun;
2919 3192 3126 3250 irretlta
3190 3198 3333 3251 enim

98 3280 197 3350 γὰρ
229 3279 460 3350 ὑπάρχει
519 3281 610 3333 ὑπ’
638 3280 814 3334 αὐτῶν
838 3279 926 3333 διὰ
967 3281 1064 3344 τὰς
1107 3297 1201 3350 γηι
1236 3298 1300 3344 ας
1349 3280 1660 3349 ἐπιθυμίας,

1771 3274 1840 3330 ab
1864 3274 1997 3346 ipsis
2018 3274 2119 3331 fuit
2139 3277 2368 3332 terrenis
2396 3280 2884 3349 concupiscentiis,
2914 3286 3079 3339 veluti
3120 3299 3330 3356 passer.

96 3372 166 3435 ὡς
199 3372 491 3443 στρουθίον.

166 3461 247 3514 15.
286 3462 424 3512 Ἀλλ’
449 3465 476 3513 ὁ
502 3461 702 3533 Κύριος
727 3461 893 3514 ἐλθὼν
919 3462 1203 3532 συνέτριψε
1249 3463 1345 3533 τὴν
1392 3464 1663 3534 ἁμαρτίαν

1841 3457 1926 3510 15.
1960 3455 2063 3511 Sed
2093 3456 2354 3515 Dominus
2381 3461 2603 3517 veniens
2642 3477 2735 3532 per
2765 3462 3094 3535 baptismum
3128 3469 3333 3522 contria

94 3550 175 3603 διὰ
206 3552 299 3605 τοῦ
332 3553 722 3624 βαπτίσματος,
750 3555 845 3607 καὶ
869 3556 1029 3624 ἡμεῖς
1064 3553 1424 3626 ὲρρύσθημεν.
1685 3546 1700 3599 1

1251 3554 1424 3624 ὶημεν.
1685 3541 1731 3603 C
1760 3546 1838 3601 vit
1868 3559 2171 3616 peccatum,
2202 3561 2257 3605 et
2281 3568 2379 3609 nos
2404 3554 2613 3609 liberati
2647 3572 2857 3611 sumus.

163 3643 247 3708 1-1,
280 3644 365 3699 15.
395 3642 497 3698 Καὶ
520 3644 614 3697 τοῦ
641 3645 825 3699 λοιποῦ
868 3648 901 3716 ἡ
930 3645 1149 3716 βοήθεια
1189 3645 1346 3716 ὴμῶν
1384 3647 1441 3697 ἐν
1476 3645 1552 3717 (5)
1580 3645 1658 3718 τῷ

1835 3639 1921 3707 11,
1957 3640 2041 3695 15.
2074 3641 2139 3695 Et
2160 3644 2374 3698 demum
2421 3647 2682 3701 auxilium
2732 3660 2977 3703 nostrum
3016 3660 3100 3705 est
3135 3652 3189 3706 in
3232 3668 3331 3707 rio-'-

93 3732 307 3805 ὀνόματι
340 3734 430 3789 τοῦ
460 3735 655 3807 Κυρίου
697 3734 870 3807 Ἰησοῦ
896 3733 1131 3808 Χριστοῦ
1159 3737 1272 3787 ἐστι
1293 3732 1384 3787 τοῦ
1410 3733 1663 3805 δημιουρ-

1512 3752 1663 3804 ιιουρ-
1769 3733 1914 3789 mine
1941 3732 2153 3790 Domini
2188 3734 2316 3792 Jesu
2344 3736 2547 3795 Cbristi
2581 3742 2841 3797 creatoris
2871 3743 3118 3799 omnium

92 3826 183 3894 γοῦ
214 3829 446 3881 πάντων.

171 3942 232 3993 Ἠ
261 3944 592 4014 προκειμένη
616 3942 892 4013 ἐπιγραφὴ
916 3941 1158 4012 περιέχει
1190 3941 1284 4011 (6)’
1335 3940 1472 4010 ᾨδὴ
1501 3940 1621 3994 τῶν
1660 3938 2055 4009 Ἀναϐαθμῶν,
2089 3941 2226 4010 ὅπερ
2251 3939 2611 4012 ἑρμηνεύεται
2638 3938 3023 4017 ἐξομολόγησις
3071 3948 3179 4003 τῶν
3224 3938 3330 4003 ἀπὸ

93 4034 179 4088 τοῦ
213 4037 466 4107 πέμπτου
502 4034 710 4106 βαθμοῦ
744 4035 843 4105 τῆς
866 4037 945 4097 εἰς
976 4034 1209 4105 Χριστὸν
1269 4033 1481 4098 ἐλπίδος
1518 4033 1753 4095 ἀνελθὼν
1789 4033 1863 4103 (7)
1924 4033 2297 4106 [ἀνελθόντων]
2343 4037 2434 4089 ἐπὶ
2476 4036 2567 4090 τὸν
2598 4038 2753 4093 ἕκτον
2787 4040 3024 4111 βαθμόν’
3053 4045 3329 4099 τουτέστιν

92 4131 468 4202 ἐξομολόγησις
492 4129 597 4182 τῶν
626 4128 762 4200 μετά
791 4128 850 4181 τὺ
873 4128 1154 4199 βάπτισμα
1193 4125 1661 4194 ἐπιγινωσκόντων
1686 4126 1787 4197 τὴν
1815 4125 2043 4195 δύναμιν
2069 4126 2162 4179 τοῦ
2196 4128 2450 4199 Χριστοῦ·
2481 4128 2541 4181 τὸ
2580 4128 2695 4193 πῶς
2717 4132 3176 4205 ἀντιλαμϐάνεται
3219 4138 3330 4195 τῶν

92 4224 449 4275 πιστευόντων
481 4224 559 4285 είς
578 4221 759 4287 αὑτὸν,
792 4221 883 4275 καὶ
907 4222 1033 4284 τοὺς
1062 4218 1415 4282 ἀπειθοῦντας
1445 4218 1586 4289 αὑτῷ
1616 4218 1731 4282 πῶς
1753 4219 2115 4291 παραδίδωσιν
2144 4222 2223 4284 είς
2244 4221 2466 4276 κόλασιν
2502 4221 2723 4277 αἰωνίαν
2753 4225 2850 4295 (8).

157 4316 368 4371 Titulus
393 4317 714 4386 praepositus
744 4316 982 4370 continet
1018 4334 1031 4369 :
1063 4312 1347 4369 Canticum
1380 4311 1681 4377 Graduum,
1714 4313 1860 4383 quod
1889 4313 2277 4382 interpretatur
2319 4315 2594 4371 confessio
2632 4319 3039 4374 ascendentium
3072 4337 3103 4376 a
3135 4326 3327 4393 quinto

91 4412 256 4481 gradu
318 4409 433 4480 spei
503 4408 555 4461 in
620 4405 901 4461 Christum
961 4408 1015 4460 in
1075 4413 1291 4460 sextum
1348 4403 1577 4474 gradum
1636 4423 1649 4457 :
1706 4403 1811 4458 hoc
1863 4413 1950 4458 est
2005 4405 2278 4460 confessio
2340 4407 2752 4475 agnoscentium
2811 4418 2934 4477 post
2993 4411 3325 4482 baptismum

90 4505 285 4559 Christi
312 4504 565 4558 virtutem
596 4520 610 4557 :
643 4500 918 4571 quomodo
941 4499 1241 4563 opitulatur
1263 4495 1614 4553 credentibus
1637 4493 1691 4548 in
1714 4506 1862 4563 eum,
1895 4506 1947 4551 et
1970 4513 2079 4551 non
2105 4495 2390 4552 credentes
2416 4497 2693 4568 quomodo
2722 4500 2884 4556 tradit
2917 4501 2973 4557 in
3000 4506 3327 4576 supplicium

90 4610 367 4652 eternum.

158 4689 206 4741 1.
237 4692 298 4741 υἱ
357 4683 697 4746 πιστεύοντες
749 4684 827 4744 εἰς
871 4680 1112 4733 τὸν-Υἱδν
1144 4678 1236 4733 τοῦ
1276 4677 1409 4731 Θεοῦ
1439 4675 1653 4731 δυνατοὶ
1685 4678 1728 4733 D

1715 4682 1728 4728 ι
1826 4681 1878 4735 1.
1902 4680 2195 4736 Credentcs
2228 4678 2281 4733 in
2317 4677 2514 4735 Filium
2546 4681 2639 4736 Dei
2671 4688 2913 4752 potentes
2940 4685 3138 4740 virtute
3171 4698 3321 4755 sunt,

93 4780 228 4850 ἰσχύϊ
259 4779 613 4849 ὑπάρχουσιν,
645 4776 719 4839 ὠς
746 4777 781 4846 ἡ
825 4772 1011 4843 ἐντολὴ
1045 4771 1118 4843 (9)
1165 4770 1259 4823 τοῦ
1303 4769 1456 4823 Θεοῦ.
1503 4769 1656 4822 Σιὼν

1756 4772 1899 4828 sicut
1920 4771 2235 4827 mandatum
2262 4769 2377 4826 Dei.
2410 4770 2540 4826 Sion
2570 4772 2717 4826 enim
2755 4773 3143 4844 interpretatur
3166 4795 3321 4833 mau-

90 4872 440 4942 ἑρμηνεύεται
466 4865 705 4931 ἐντολή.

356 4888 440 4922 ται
466 4865 705 4931 ἐντολή.
1752 4865 1958 4917 datum.

152 4965 204 5018 2.
263 4962 675 5037 Ἀμετακίνητοι
727 4959 935 5012 ἔσονται
995 4960 1043 5012 ol
1080 4958 1420 5028 διαμένοντες
1470 4957 1527 5010 ὲν
1574 4958 1652 5027 τῷ

1820 4956 1875 5010 2.
1905 4956 2216 5010 lmmobiles
2230 4964 2391 5010 erunt
2425 4966 2805 5024 permanentes
2826 4957 2880 5011 in
2905 4957 3112 5029 Spiritu
3135 4961 3318 5031 gratia!

92 5056 361 5126 Πνεύματι
389 5056 484 5124 τῆς
517 5054 730 5123 χάριτος
764 5051 949 5106 αὐτοῦ’
997 5049 1353 5124 ἑρμηνεύεται
1390 5049 1495 5120 γὰρ
1535 5049 1649 5121 (10)

1752 5047 1944 5115 ipsius.
1990 5044 2291 5101 Jerusalem
2338 5047 2482 5101 enim
2523 5047 2912 5117 interpretatur
2937 5046 3165 5119 Spiritus
3190 5068 3318 5122 graa

91 5149 323 5220 Πνεῦμα
345 5148 531 5203 αὐτοῦ
552 5145 809 5217 χάριτος.

391 5148 531 5203 ὐτοῦ
552 5145 809 5217 χάριτος.
1751 5141 1837 5193 tim
1864 5140 1997 5208 ejus.

1027 5276 1333 5342 Addenda
1361 5284 1422 5339 et
1451 5276 1821 5357 corrigenda
1858 5296 1935 5339 ex
1967 5278 2108 5340 cod.
2144 5278 2345 5340 Vatic.

153 5412 225 5481 (1)
249 5412 363 5475 Τὰς
396 5409 653 5476 ἐξουσίας.
2018 5403 2105 5481 διὰ
2132 5404 2229 5473 τῆς
2263 5403 2626 5475 κινναϐάρεως
2654 5405 2915 5478 περιέχει.

258 5474 379 5536 Τῶν
408 5474 631 5552 ἡδονῶν.
830 5547 853 5552 _
929 5549 942 5552 _
980 5547 996 5552 λ
1146 5544 1161 5552 Δ
1209 5543 1235 5552 _
1925 5474 2221 5552 Ἀνιόντωψ

152 5543 223 5617 (3)
268 5543 608 5614 Ἀπολέσθαι,
635 5559 763 5607 etc..
788 5547 894 5601 τῶν
923 5543 1293 5604 διδασκαλιῶν.
1817 5543 1893 5617 (ξς)
1924 5544 2167 5617 Λίώνιον,

153 5614 1063 5704 ἐνεὶηρξυρεῖσαχάρέδπῖιρκεν-.
1258 5686 1283 5697 -
1318 5686 1341 5704 .
1818 5615 2407 5704 ςὲίκιλίέγῖιλεένθιῖη
2442 5614 2734 5704 “enim
2765 5626 2874 5677 ειοι

124 5676 223 5774 ⁸151
251 5676 810 5766 Ἑνδνόνόματιιζυρίου
836 5676 1009 5761 illico?)
1047 5689 1173 5761 ἔστι⁸
1194 5686 1285 5740 τοῦ
1315 5676 1646 5760 δημιουργοῦ
1819 5676 1930 5759 (11))
1964 5684 2076 5757 Γάρ
2106 5676 2477 5759 Ἰερουσαλήμ,
2504 5693 2611 5743 etc.

90 5780 203 5821 των.
231 5775 334 5825 etc.
