4110 6318
194 343 308 399 233

227 458 288 513 2.

229 550 288 604 3.

230 640 290 692 4.

227 729 286 784 5.

229 823 288 877 6.

230 915 287 970 7.

231 1007 291 1062 8.

272 499 288 513 .
315 458 570 531 Ἐγενήθη
580 478 678 531 μεν
703 463 832 515 ὡσεὶ
865 467 1362 538 παρακεκλημένοι.

272 589 288 604 .
328 548 458 604 Τότε
495 553 733 625 ἐπλήσθη
765 558 938 627 χαρᾶς
970 557 1028 610 τδ
1059 559 1232 629 στόμα
1261 563 1443 632 ἡμῶν,

277 680 290 692 .
330 641 435 692 Καὶ
463 644 494 711 ἡ
524 643 738 710 γλῶσσα
771 644 922 714 ἡμῶν
957 647 1345 714 ἀγαλλιάσεως.

273 772 286 782 .
328 731 460 786 Τότε
488 733 702 804 ἐροῦσιν
729 737 788 788 ἐν
820 739 932 800 τοῖς
961 737 1200 793 ἔθνεσιν·

273 865 288 876 .
314 825 639 896 Ἐμεγάλυνε
672 827 870 900 Κύριος
897 830 988 883 τοῦ
1021 833 1243 904 ποιῆσαι
1270 838 1388 905 μετ’
1417 836 1615 892 αὐτῶν.

274 957 287 970 .
316 917 638 988 Ἐμεγάλυνε
669 921 869 993 Κύριος
896 922 988 977 τοῦ
1019 926 1241 996 ποιῆσαι
1272 928 1389 998 μεθ’
1421 930 1575 1000 ἡμῶν
1611 945 1625 959 ⁸

276 1049 291 1061 .
318 1008 684 1082 Ἐγενήθημεν
716 1014 1151 1085 εὐφραινόμενοι.

270 1142 284 1154 .
313 1101 683 1174 Ἐπίστρεψον,
711 1104 902 1175 Κύριε,
935 1105 1031 1178 τὴν
1059 1110 1432 1181 αἰχμαλωσίαν
1457 1112 1635 1183 ἡμῶν,

267 1191 318 1247 0.
345 1193 428 1256 Ὠς
453 1195 780 1266 χειμάρρους
804 1197 861 1249 ὲν
886 1196 961 1267 τῷ
983 1199 1137 1270 νότῳ.

226 1100 263 1154 9

229 1190 256 1244 ί

1083 349 1176 404 DE
1221 349 1501 410 TiTULlS
1532 355 1978 414 PSALMORUM.
2022 390 2091 400 —
2125 359 2316 416 PSAL.
2351 360 2564 420 CXXV.

3271 371 3408 429 1234

1761 486 1808 539 Α
1902 481 1956 534 2.
1995 479 2145 534 Facti
2176 496 2368 536 sumus
2395 481 2538 538 sicut
2564 485 2856 540 consolati.

1901 571 1952 626 3.
1987 572 2144 629 'l'unc
2175 574 2440 643 repletum
2472 588 2559 633 est
2593 577 2796 647 gaudio
2825 594 2886 632 os
2913 587 3181 646 nostrum,

1902 661 1953 715 4.
1983 659 2045 716 Et
2086 662 2266 734 lingua
2303 675 2490 722 nostra
2514 667 2894 722 exsultatione.

1904 751 1956 806 5.
1995 751 2151 809 Tunc
2177 755 2360 811 dicent
2392 757 2534 812 inter
2570 768 2757 829 gentes
2788 778 2800 813 :

1903 842 1956 896 6.
1995 841 2360 915 Magnitlcavit
2390 845 2653 904 Dominus
2683 847 2860 904 facere
2883 866 3006 905 cum
3034 851 3134 905 eis.

1908 931 1961 988 Ἰ.
1991 932 2361 1005 Magniiiearit
2388 937 2650 996 Dominus
2679 939 2858 998 facere
2885 944 3170 999 nobiscum
3197 965 3211 1000 :

1909 1024 1963 1079 8.
1997 1025 2149 1082 Facti
2183 1043 2376 1085 sumus
2408 1031 2672 1088 laetantes.

1909 1116 1962 1172 9.
1999 1119 2290 1187 Converte,
2323 1122 2571 1187 Domine,
2606 1127 2971 1196 captivitatem
3002 1137 3267 1198 nostram,

1908 1210 1994 1266 10.
2029 1210 2181 1268 Sicut
2222 1224 2436 1271 torrens
2473 1217 2526 1270 in
2565 1229 2772 1274 austro.

1283 1339 1659 1394 ATHANASII
1701 1341 2285 1411 lNTEilPRETATIO.

221 1441 283 1496 2.
313 1442 635 1514 Ἐγενόμεθα
668 1445 742 1508 ὡς
771 1445 847 1517 (1)
873 1447 1181 1503 ἀνάπαυσιν
1202 1445 1224 1481 ”
1247 1450 1310 1505 '0
1340 1453 1448 1522 γὰρ
1469 1469 1738 1522 παρακα-

146 1531 284 1586 λῶν
307 1533 447 1598 τοὺς
475 1536 789 1602 ταπεινοὺς
825 1537 1240 1606 παρεκάλεσεν
1270 1543 1427 1610 ἡμᾶς
1461 1545 1627 1612 Θεός.

226 1623 282 1677 5.
315 1623 446 1676 Τότε
485 1623 832 1694 ἐπλήσθημεν
864 1625 1180 1698 Ηνεύματος
1208 1629 1361 1697 ἀγίου
1382 1646 1395 1662 °

226 1713 282 1767 ι.
312 1714 421 1766 Καὶ
446 1714 727 1784 ἠρξάμεθα
746 1716 925 1771 λαλεῖν
944 1719 1158 1784 ἑαυτοῖς
1177 1721 1252 1790 (2)
1272 1722 1340 1774 ἐν
1359 1724 1620 1794 ψαλμοῖς
1636 1724 1732 1778 καί

1905 1463 1959 1518 2.
1991 1463 2140 1520 Facti
2174 1482 2365 1522 sumus
2401 1467 2566 1521 veluti
2600 1467 2652 1521 in
2693 1468 2920 1537 requie:
2965 1465 3068 1533 Qui
3116 1467 3255 1521 enim
3281 1483 3410 1521 con-

1833 1557 2039 1610 solatur
2072 1558 2321 1623 humiles,
2355 1559 2655 1613 consolatus
2687 1569 2762 1613 est
2791 1575 2883 1612 nos
2911 1558 3051 1612 Deus
3075 1557 3138 1615 ⁷⁵.

1899 1646 1953 1701 5.
1981 1645 2135 1702 Tunc
2167 1649 2355 1717 repleti
2379 1666 2570 1705 sumus
2606 1649 2816 1720 Spiritu
2851 1659 3041 1704 sancto
3072 1669 3085 1704 :

1897 1737 1950 1791 4.
2002 1737 2064 1791 Ει
2099 1739 2367 1808 carpimus
2420 1742 2830 1811 nobismetipsis
2874 1743 3018 1812 loqui
3069 1741 3121 1793 in
3156 1741 3400 1810 psalmis,

145 1804 386 1873 ὕμνοις,
403 1806 500 1858 καὶ
523 1805 700 1874 ᾠδαῖς
714 1809 1135 1878 πνευματικαῖς
1150 1809 1417 1878 ᾄδοντες,
1445 1814 1541 1868 καὶ
1565 1813 1721 1883 ψάλ-

1825 1838 1875 1883 et
1907 1829 2113 1899 hymnis
2135 1871 2149 1894 ,
2187 1804 2257 1884 -ει
2300 1833 2525 1886 canticis
2566 1804 2961 1903 spiritualibus'
2986 1842 3262 1887 cantantes
3287 1875 3302 1899 ,
3349 1841 3401 1888 et

143 1898 368 1960 λον-τες
395 1897 465 1950 ἐν
491 1897 619 1963 ταῖς
657 1899 921 1968 καρδίαις
945 1900 1112 1970 ἡμῶν
1137 1902 1217 1968 τῷ
1243 1905 1481 1974 ὀνόματι
1510 1906 1716 1960 αὑτοῦ.

221 1985 282 2049 5,
317 1986 369 2042 6.
405 1989 480 2053 (5)
515 1990 647 2043 Τότε
677 1990 861 2059 ελεγον
888 1994 942 2045 αί
969 1994 1205 2047 ἐναντίαι
1229 1994 1515 2066 δυνάμεις·
1556 1995 1719 2050 Εὐδό-

143 2094 324 2148 κησεν
354 2081 382 2132 6
419 2080 545 2145 Υἱὸς
575 2083 668 2135 τοῦ
695 2083 828 2136 Θευῦ
863 2085 956 2138 τοῦ
989 2085 1160 2140 σῶσαι
1185 2088 1399 2152 αὐτούς.

221 2167 276 2223 7.
306 2170 491 2240 Ἡμεῖς
521 2171 576 2224 δὲ
604 2173 762 2226 πάλιν
790 2175 1132 2246 καυχώμενοι
1159 2181 1215 2231 ἐν
1246 2180 1434 2252 Κυρίῳ
1466 2180 1716 2252 λέγομενο

144 2258 442 2314 Ἥπλωσεν
464 2262 556 2315 ἐπὶ
584 2264 810 2328 πάντας,
842 2268 936 2318 καὶ
970 2269 1048 2330 είς
1075 2269 1221 2338 ἡμᾶς
1249 2270 1309 2322 τὸ
1348 2271 1496 2335 ἕλεος
1529 2272 1715 2326 αὐτοῦ.

219 2437 277 2488 8.
320 2435 639 2509 Εὑρέθημεν
667 2441 994 2514 πλησθέντες
1023 2463 1087 2519 τῃ
1119 2465 1300 2521 χαριτι
1340 2451 1414 2520 (4)
1445 2451 1630 2506 αὐτοῦ.

218 2527 275 2588 9,
311 2525 396 2580 10.
430 2529 485 2582 ’0
512 2533 840 2606 χειμάρρους
865 2531 1039 2602 οὗτος,
1085 2543 1210 2610 περὶ
1243 2535 1302 2594 οὗ
1331 2542 1478 2611 λέγει
1521 2544 1548 2595 6
1578 2545 1719 2615 Προ-

143 2618 348 2687 φήτης,
378 2620 434 2671 ὲν
477 2622 554 2690 τῷ
596 2624 732 2694 νότῳ
774 2627 919 2678 ἐστὶν
960 2629 1017 2678 ἐν
1063 2632 1127 2699 τῇ
1163 2629 1578 2705 Ῥινοκουρούρα
1616 2636 1717 2706 (5),

137 2711 271 2781 ἥτις
304 2714 448 2766 ἐστὶν
479 2716 618 2786 ἀρχὴ
666 2719 763 2784 τῆς
791 2719 1066 2788 Αἰγύπτου
1089 2740 1100 2750 ·
1133 2723 1213 2777 διὸ
1237 2727 1329 2780 καὶ
1365 2729 1394 2781 6
1424 2728 1719 2801 Προφήτης

139 2801 393 2874 εἴρηκεν,
424 2807 504 2871 ὡς
549 2811 581 2860 ό
624 2810 975 2879 χειμάρῤους
1012 2813 1080 2867 ἐν
1122 2815 1200 2881 τῷ
1226 2820 1393 2882 νότῳ.
1427 2820 1596 2874 Τοῦτο
1625 2818 1719 2876 οὖν

142 2892 548 2964 μεμαθήκαμεν
609 2900 757 2970 παρὰ
797 2902 1074 2967 πλειόνων,
1111 2906 1300 2978 ὅτιπερ
1327 2911 1374 2960 cl
1413 2911 1718 2981 Σαρακηνοὶ

139 2986 480 3055 κατήρχοντο
511 2991 589 3053 εἰς
621 2991 717 3060 τὴν
752 2992 1214 3066 Ῥινοκουρούροιν,
1245 2998 1276 3067 ἢ
1317 2997 1433 3070 [ὡς]
1469 3002 1561 3052 καὶ
1584 3019 1716 3055 κατ-

136 3076 396 3145 έρχονται
444 3079 601 3149 μέχρι
649 3081 741 3133 τοῦ
806 3082 932 3146 νῦν,
982 3086 1076 3139 καὶ
1129 3087 1471 3153 παιδεύουσιν
1529 3091 1717 3165 ὥσπερ

1822 1921 2104 1990 psallentes
2138 1923 2193 1976 in
2216 1925 2462 1980 cordibus
2485 1930 2680 1979 nostris
2712 1927 2913 1979 nomini
2941 1927 3052 1990 eius
3076 1927 3142 1980 ⁷³.

1890 2011 1944 2076 5,
1979 2012 2030 2067 6.
2065 2011 2218 2069 Tunc
2250 2015 2507 2070 dixerunt
2542 2017 2829 2070 contrariae
2862 2025 3158 2079 potestates
3188 2035 3201 2072 :
3239 2014 3403 2072 Com-

1819 2100 2026 2172 placuit
2062 2100 2202 2156 Filio
2234 2101 2328 2157 Dei
2361 2104 2511 2174 ipsos
2542 2105 2721 2159 salvos
2754 2104 2953 2159 facere.

1896 2191 1950 2246 7.
1983 2190 2094 2248 Nos
2123 2203 2304 2248 autem
2335 2209 2528 2253 rursus
2572 2195 2870 2265 gloriantes
2906 2196 2960 2249 in
2995 2193 3226 2249 Domino
3263 2196 3403 2250 diei-

1819 2298 1982 2338 mus:
2036 2284 2306 2355 Expandit
2350 2302 2514 2357 super
2550 2301 2762 2353 omnes,
2804 2296 2859 2342 et
2897 2302 3062 2357 super
3103 2303 3206 2344 nos
3242 2289 3402 2344 mise-

1819 2378 2107 2433 ricordiam
2143 2395 2320 2436 suam.

1887 2468 1941 2525 8.
1971 2468 2175 2524 inventi
2210 2487 2401 2527 sumus
2433 2473 2620 2543 repleti
2650 2473 2821 2544 gratia
2851 2473 3044 2543 ipsius.

1889 2562 1946 2624 9.
1983 2563 2070 2617 10.
2113 2561 2349 2619 Torrens
2400 2565 2522 2632 iste,
2573 2565 2640 2620 de
2671 2579 2781 2636 quo
2832 2566 3075 2636 loquitur
3108 2563 3399 2636 Propheta,

1817 2665 1901 2711 est
1929 2656 1982 2710 in
2018 2665 2172 2726 parte
2203 2657 2430 2712 australi
2457 2658 2510 2712 in
2549 2656 2949 2724 Rhinocorura,
2980 2674 3101 2728 quae
3132 2667 3216 2713 est
3250 2658 3402 2728 prin-

1818 2747 2017 2815 cipium
2054 2746 2305 2818 Egypti;
2349 2748 2469 2802 ideo
2510 2760 2564 2803 et
2594 2748 2866 2821 PrOpheta
2899 2751 3058 2816 dixit,
3091 2750 3252 2806 veluti
3287 2759 3398 2804 tor-

1819 2853 1937 2892 rens
1985 2838 2042 2891 in
2098 2849 2303 2893 austro.
2343 2837 2456 2894 Hoc
2503 2841 2648 2895 enim
2695 2843 2991 2897 didicimus
3037 2857 3067 2896 a
3123 2842 3395 2912 pluribus,

1818 2930 1964 3000 quod
2005 2928 2262 2985 Saraceni
2321 2932 2681 2989 deveniebant
2727 2935 2780 2988 in
2830 2933 3302 2998 Rhinoceruram,
3338 2943 3400 2990 ut

1817 3024 2116 3077 etiamnum
2150 3025 2395 3091 veniunt,
2425 3034 2479 3079 et
2513 3025 2913 3096 depopulantur
2951 3042 3289 3096 quaecunque
3317 3027 3399 3080 in-

1827 3116 2075 3182 veniunt,
2104 3125 2158 3171 et
2190 3125 2538 3172 revertuntur
2566 3118 2618 3170 in
2653 3119 2768 3171 loca
2801 3134 2919 3172 sua.
2951 3118 3187 3173 Torrens
3217 3129 3395 3174 autent

136 3167 473 3240 ξπορθοῦσιν
523 3173 690 3244 ὅπερ]
747 3177 1088 3246 εὑρίσκουσι,
1138 3181 1232 3233 καὶ
1282 3182 1594 3253 ἀνέρχονται
1646 3189 1721 3254 είς

138 3261 270 3278 --.κ
355 3261 368 3278 ρ
601 3265 691 3278 ...
774 3267 902 3278 ...-.
1329 3267 1354 3278 ..
1614 3271 1717 3278 κ-

1829 3208 1949 3273 iste,
1981 3209 2048 3263 de
2096 3224 2207 3278 quo
2258 3208 2500 3277 loquitur
2539 3209 2842 3278 Propheta,
2893 3225 2958 3263 ex
2998 3208 3393 3264 Saracenorum

134 3261 272 3322 τοὺς
310 3261 507 3326 τόπους
554 3265 830 3320 <16:ch.‘0
860 3267 914 3320 δὲ
946 3272 1276 3343 χειμάρρους
1299 3267 1474 3340 οὗτος,
1510 3277 1636 3346 περὶ
1662 3271 1723 3328 οὗ

136 3343 300 3402 εἶπεν
331 3352 359 3402 6
391 3352 704 3424 Προφήτης,
750 3358 813 3408 ἐκ
841 3357 946 3409 τῶν
993 3360 1327 3430 Σαρακηνῶν
1361 3343 1682 3433 κατέρχεται
1706 3381 1720 3394 ³

136 3441 291 3494 κατά
319 3441 570 3513 βούλησιν
593 3441 683 3497 οὖν
706 3445 863 3510 Θεοῦ,
893 3449 1054 3518 ἡνίκα
1079 3450 1299 3520 γένηται
1329 3451 1479 3515 ὑετὸς
1503 3452 1720 3524 λάὅρος,

136 3531 406 3602 πληθύνει
439 3537 466 3587 6
489 3538 990 3609 χειμάῤῥους,ὦστε
1019 3543 1378 3612 κατέρχεσθαι
1404 3545 1565 3598 αὑτὸν
1592 3562 1721 3614 σφο-

134 3622 309 3693 δρῶς,
341 3622 678 3694 λαμϐάνοντα
715 3628 812 3692 τὰς
859 3630 1062 3700 σκηνὰς
1113 3632 1219 3685 τῶν
1253 3633 1598 3704 Σαρακηνῶν,
1629 3635 1722 3688 καὶ

136 3718 343 3781 αὐτοὺς
383 3717 439 3771 δὲ
471 3719 780 3785 ἀπόλλυσιν,
818 3722 958 3792 ἅπερ
1001 3723 1056 3775 δὲ
1087 3723 1390 3795 διήρπασαν
1417 3725 1594 3778 λαϐὼν
1629 3726 1722 3794 φέ-

142 3824 232 3879 ρει
270 3809 349 3870 είς
378 3810 474 3878 τὴν
516 3809 983 3882 Ῥινοκουρούραν,
1013 3813 1132 3866 ὅθεν
1156 3815 1248 3867 καὶ
1282 3813 1593 3885 ἐλήφθησαν
1614 3817 1721 3870 ἀπὸ

133 3901 252 3954 ⁴ιιῶν
282 3902 610 3973 Σαρακηνῶν
641 3905 699 3957 τὸ
732 3907 995 3976 πρότερον
1017 3923 1030 3935 ·
1071 3907 1163 3958 καὶ
1196 3909 1352 3977 ἡμεῖς
1383 3908 1460 3972 δὲ,
1496 3909 1721 3979 γενόμε-

136 4008 222 4045 νοι
269 3995 326 4046 ἐν
372 3996 507 4066 αὐτῇ
541 4000 606 4067 τῇ
649 3997 819 4060 πόλει,
852 3997 1191 4068 ἐθεασάμεθα
1233 4000 1322 4052 τὸν
1365 4002 1716 4071 χειμάρρουν.

133 4085 314 4140 Τοῦτο
352 4084 444 4141 οὖν
476 4090 626 4142 ἐστιν
671 4091 699 4144 ὃ
743 4091 888 4158 λέγει
933 4093 960 4143 6
990 4094 1283 4163 Προφήτης
1322 4093 1385 4145 ὲκ
1430 4095 1718 4164 προσώπου

133 4179 251 4233 τῶν
277 4183 707 4235 πεπιστευκότων
725 4200 737 4212 ·
771 4184 871 4244 ὅτι,
897 4181 1083 4253 ὥσπερ
1109 4185 1313 4246 ἐκεῖνος
1339 4186 1366 4236 6
1388 4185 1720 4255 χειμάρρους

132 4273 271 4333 τοὺς
309 4273 406 4343 μὲν
432 4274 926 4344 αἰχμαλωτίζοντας
963 4275 1239 4338 ἀπόλλυσι,
1270 4276 1337 4328 τά
1367 4275 1422 4328 δὲ
1448 4275 1719 4346 ληφθέντα

135 4361 276 4432 παρ’
308 4362 482 4414 αὐτῶν
510 4363 679 4417 σκῦλα
712 4363 1157 4434 ἀποκαθίστησιν,
1184 4363 1242 4429 ἐξ
1272 4356 1344 4416 ὧν
1370 4364 1461 4416 καὶ
1486 4364 1720 4434 ἐλήφθη-

137 4469 266 4513 σαν,
298 4452 440 4506 οὕτω
466 4455 686 4526 ποίησον
723 4455 816 4507 καὶ
844 4455 1025 4518 αὐτὸς,
1082 4457 1175 4508 καὶ
1201 4454 1300 4518 τὰς
1336 4456 1433 4524 μὲν
1466 4456 1717 4518 ἐναντίας

133 4543 397 4614 δυνάμεις
428 4545 526 4610 τὰς
569 4545 1045 4618 αἰχμαλωτισάσας
1094 4548 1238 4616 ἡμᾶς
1285 4546 1592 4600 θανάτωσον
1639 4547 1714 4618 τῷ
1748 4536 1794 4593 υ

137 4634 296 4689 ὕδατι
325 4635 418 4689 τοῦ
454 4637 844 4708 βαπτίσματος,
872 4636 938 4689 δι’
965 4636 1128 4690 αὑτοῦ
1153 4638 1208 4690 δὲ
1235 4637 1327 4690 τοῦ
1363 4639 1550 4701 ὓδατος
1577 4640 1713 4692 ἀπό-

132 4727 230 4789 δος
261 4728 391 4796 ἡμῖν
422 4728 517 4797 τὴν
544 4727 699 4793 δόξαν
730 4730 823 4781 καὶ
843 4729 940 4798 τὴν
968 4728 1297 4799 ἐλευθερίαν,
1331 4731 1394 4800 ἣν
1424 4729 1713 4797 ἀφείλαντο

134 4819 276 4888 ἡμῖν
307 4819 360 4871 αἱ
397 4818 489 4870 τοῦ
530 4819 723 4891 ἐχθροῦ
748 4820 1022 4890 δυνάμεις.
1059 4819 1206 4888 Αὕτη
1250 4816 1341 4873 οὖν
1389 4823 1421 4891 ἡ
1463 4821 1712 4893 διήγησις

132 4907 248 4961 τοῦ
286 4908 622 4977 χειμάρῤου.
665 4911 757 4964 καὶ
790 4910 924 4982 αὕτη
956 4914 986 4978 ἡ
1026 4913 1174 4966 αἰτία
1198 4912 1289 4965 τοῦ
1319 4915 1594 4985 εἰρηκέναι
1622 4915 1711 4967 τὸν

136 4999 456 5070 Προφήτην.

209 5111 262 5143 ’⁸
295 5110 336 5164 il
367 5110 490 5166 Cor.
533 5128 602 5167 vn
656 5113 708 5167 6.
790 5115 834 5144 "
859 5111 1055 5183 Ephes.
1091 5131 1141 5180 ι’,
1175 5118 1227 5170 4.

1828 3309 1969 3353 terra
1996 3301 2260 3368 originem
2295 3300 2494 3354 habet:
2531 3301 2827 3356 secundum
2880 3303 3044 3372 igitur
3072 3301 3166 3357 Dei
3207 3302 3396 3357 volun-

1825 3401 2012 3457 tatem,
2047 3406 2169 3445 cum
2205 3392 2461 3461 cepiosns
2498 3391 2671 3446 imber
2703 3393 2866 3457 cadit,
2893 3393 3028 3447 adeo
3060 3395 3255 3449 crescit
3285 3405 3395 3448 tor-

1825 3497 1971 3544 rens,
2000 3489 2060 3534 ut
2095 3481 2444 3536 vehementer
2478 3497 2536 3537 se
2575 3481 2769 3538 inierat
2819 3485 3040 3536 trahens
3075 3497 3258 3538 secum
3309 3493 3392 3537 ta-

1825 3574 2120 3629 bernacula
2158 3574 2578 3638 Saracenorum,
2629 3583 2685 3628 et
2728 3575 2874 3644 ipsos
2923 3576 3390 3657 quider_n.perdit,

1822 3683 2164 3738 quacunque
2194 3675 2374 3721 autem
2412 3673 2736 3736 rapuerunt,
2792 3667 3063 3736 accipiens
3115 3666 3218 3721 fert
3261 3665 3394 3722 ilbi-

1825 3773 2169 3822 nocernram,
2213 3757 2356 3810 unde
2388 3765 2442 3810 et
2465 3763 2622 3811 antea
2654 3766 2812 3826 capta
2861 3755 3083 3812 fuerunt
3108 3773 3138 3812 a
3169 3756 3395 3813 Sarace-

1822 3849 1949 3901 nis:
1993 3857 2046 3902 et
2099 3863 2200 3904 nos
2246 3849 2465 3918 quidem
2520 3864 2644 3903 cum
2694 3866 2939 3905 essemus
2990 3851 3043 3904 in
3079 3867 3141 3906 ea
3177 3853 3395 3910 civitate

1821 3939 2060 3993 vidimus
2088 3947 2410 3994 torrentem.
2440 3939 2551 3994 lloc
2585 3941 2748 4006 igitur
2773 3951 2876 4004 est,
2909 3943 3053 4011 quod
3090 3943 3220 3997 dicit
3254 3943 3392 4000 Pro-

1821 4035 1976 4098 pheta
2012 4047 2078 4085 ex
2131 4047 2362 4101 persona
2400 4034 2780 4087 credentium:
2838 4034 2983 4103 quod
3038 4037 3391 4104 quemadmo-

1819 4123 1948 4178 dum
1987 4124 2075 4179 iile
2111 4133 2323 4179 torrens
2353 4139 2470 4187 eos,
2507 4125 2597 4194 qui
2631 4126 2771 4180 alios
2803 4125 2854 4180 in
2894 4110 3259 4195 captivitatem
3291 4129 3391 4181 ah-

1820 4216 2121 4282 duxerunt,
2156 4217 2349 4283 perdit,
2381 4227 2536 4286 capta
2587 4228 2766 4274 autem
2811 4220 2879 4273 ab
2930 4220 3062 4287 ipsis
3097 4220 3266 4288 spolia
3307 4235 3392 4275 rc-

1823 4311 2002 4365 stituit
2029 4311 2127 4374 eis,
2163 4310 2364 4379 quibus
2390 4321 2444 4364 et
2469 4323 2652 4382 erepta
2684 4310 2931 4372 fuerant;
2961 4314 3032 4366 ita
3057 4310 3142 4368 fac
3170 4325 3220 4367 et
3250 4313 3382 4382 ipse,

1820 4411 1877 4456 et
1898 4401 2202 4456 contrarias
2231 4412 2546 4472 potestates,
2578 4401 2670 4472 qni
2703 4405 2944 4472 captivos
2968 4419 3067 4458 nos
3092 4404 3384 4470 duxerunt,

1821 4491 2067 4546 interﬁce
2102 4506 2244 4560 aqua
2296 4493 2574 4561 baptismi,
2616 4493 2802 4546 eadem
2837 4501 3015 4546 autem
3049 4507 3188 4562 aqua
3227 4494 3389 4547 redde

1820 4582 1978 4638 nobis
2027 4583 2278 4654 gloriam,
2310 4594 2365 4638 et
2413 4585 2738 4648 libertatem,
2772 4602 2934 4655 quam
2968 4586 3125 4640 nobis
3171 4586 3388 4654 eripue-

1823 4684 1950 4728 runt
1986 4683 2281 4743 potestates
2329 4675 2556 4731 inimici.
2614 4675 2736 4732 Haec
2779 4677 2944 4747 igitur
2971 4686 3053 4731 est
3099 4677 3388 4746 explicatio

1820 4765 2074 4820 dictionis
2123 4766 2271 4820 illius
2303 4807 2315 4828 .
2356 4767 2494 4820 sicut
2548 4777 2773 4834 torrens,
2803 4777 2857 4823 ct
2888 4770 3003 4825 haec
3051 4783 3238 4837 causa,
3286 4783 3388 4825 cur

1818 4855 2084 4928 Propheta
2111 4858 2227 4929 ejus
2262 4860 2586 4915 meminerit.

1091 5232 1396 5294 Addenda
1429 5242 1488 5294 et
1521 5235 1898 5313 corrigenda
1944 5252 2023 5296 ex
2057 5234 2196 5298 cod.
2231 5236 2432 5298 Vatic.

208 5328 288 5398 (1)
331 5327 420 5393 El;
444 5330 770 5397 ἀνάπαυσιν,
799 5341 924 5396 etc.,
957 5335 985 5385 6
1013 5332 1163 5396 Θεός.

208 5399 288 5470 (2)
316 5398 401 5451 Ἐν
426 5402 658 5463 ἑαυτοῖς.

208 5470 287 5541 (5)
324 5471 392 5523 Ν.
426 5471 478 5533 5,
503 5472 658 5535 Τότε,
675 5472 912 5536 οἱα,τοῦ
930 5472 1096 5528 deest.
1124 5473 1192 5527 N.
1210 5473 1263 5539 6,
1280 5473 1330 5540 7,
1352 5475 1560 5546 Ἡμεῖς,
1579 5485 1706 5539 etc.,

1810 5338 1868 5389 ἐν
2001 5335 2208 5412 Eppia),
2243 5345 2368 5400 etc.,
2398 5338 2476 5399 είς
2508 5337 2715 5403 πάντας
2740 5340 2907 5412 ἡμᾶς,
2936 5346 3040 5393 etc.

1883 5407 1960 5476 (4)
2000 5406 2110 5476 ’[ῆς
2135 5406 2371 5476 χάριτος,
2400 5416 2505 5461 etc.

1885 5413 1937 5471 (4
2000 5413 2110 5476 Τῆς
2135 5413 2371 5476 χάριτος,
2400 5416 2505 5461 etc.

1885 5413 2076 5547 (ὅςέἙν
2112 5477 2179 5546 τῇ
2215 5477 2549 5550 Ῥινοκούρᾳ,
2591 5489 2721 5543 etc.,
2748 5478 2824 5544 ὡς
2855 5479 3212 5552 χειμάρρους,
3253 5488 3383 5542 etc.,

134 5597 288 5663 nern-
317 5582 582 5663 ascripsi;
630 5596 776 5640 recte
805 5598 1013 5663 autem,
1064 5604 1132 5663 an
1175 5603 1336 5644 secus
1382 5589 1598 5657 benigni
1641 5588 1860 5644 lectoris
1901 5589 2111 5660 judicio
2153 5592 2478 5663 relinquam.
2514 5590 2700 5662 Neque
2749 5595 2894 5648 enim
2946 5593 3077 5647 mihi
3126 5609 3250 5663 spes
3280 5609 3382 5657 est,

132 5652 324 5733 omnia
361 5655 426 5708 ad
461 5664 664 5708 rectam
697 5665 758 5733 et_
783 5671 966 5711 veram
1000 5658 1287 5733 lectionem
1334 5652 1589 5733 revocare
1620 5675 1798 5726 posse.
1831 5670 1882 5714 et
1901 5652 2033 5733 'qua:
2064 5671 2286 5717 sanctus
2311 5652 2529 5717 'doctor
2569 5652 2807 5732 scripsit,
2840 5675 2894 5718 et
2939 5681 3082 5720 nunc
3111 5652 3299 5719 m'anca
3332 5652 3384 5720 et

134 5724 329 5779 mutila
362 5740 424 5779 ac
457 5735 716 5793 corrupta
746 5726 1017 5796 leguntur,
1047 5728 1100 5784 in
1132 5730 1397 5799 integrum
1430 5724 1732 5785 restituere.
