  <div class='ocr_page' id='page_1' title='image "/cluster/home/n/w/nwhite01/storage/ocr_20150623/27/pst.000005712182/626.png"; bbox 0 0 4110 6318; ppageno 0'>
   <div class='ocr_carea' id='block_1_1' title="bbox 156 358 299 415">
    <p class='ocr_par' dir='ltr' id='par_1_1' title="bbox 156 358 299 415">
     <span class='ocr_line' id='line_1_1' title="bbox 156 358 299 415; baseline -0.007 -1"><span class='ocrx_word' id='word_1_1' title='bbox 156 358 299 415; x_wconf 68' lang='grc'><strong>1237</strong></span> 
     </span>
    </p>
   </div>
   <div class='ocr_carea' id='block_1_2' title="bbox 226 474 1462 548">
    <p class='ocr_par' dir='ltr' id='par_1_2' title="bbox 226 474 1462 548">
     <span class='ocr_line' id='line_1_2' title="bbox 226 474 1462 548; baseline -0.001 -18"><span class='ocrx_word' id='word_1_2' title='bbox 226 476 277 530; x_wconf 88' lang='lat'><strong>5.</strong></span> <span class='ocrx_word' id='word_1_3' title='bbox 304 476 396 537; x_wconf 83' lang='grc' dir='ltr'>Είς</span> <span class='ocrx_word' id='word_1_4' title='bbox 427 474 597 545; x_wconf 84' lang='grc' dir='ltr'><strong>μάτην</strong></span> <span class='ocrx_word' id='word_1_5' title='bbox 623 474 750 546; x_wconf 81' lang='grc' dir='ltr'>ὑμῖν</span> <span class='ocrx_word' id='word_1_6' title='bbox 773 477 883 528; x_wconf 86' lang='grc' dir='ltr'>ἐστι</span> <span class='ocrx_word' id='word_1_7' title='bbox 902 475 962 526; x_wconf 78' lang='grc' dir='ltr'>τὸ</span> <span class='ocrx_word' id='word_1_8' title='bbox 991 474 1131 546; x_wconf 81' lang='grc' dir='ltr'>[τοῦ]</span> <span class='ocrx_word' id='word_1_9' title='bbox 1159 475 1425 548; x_wconf 77' lang='grc' dir='ltr'>όρθρίζειν</span> <span class='ocrx_word' id='word_1_10' title='bbox 1448 493 1462 508; x_wconf 76' lang='grc' dir='ltr'><strong><em>σ</em></strong></span> 
     </span>
    </p>
   </div>
   <div class='ocr_carea' id='block_1_3' title="bbox 226 563 1198 635">
    <p class='ocr_par' dir='ltr' id='par_1_3' title="bbox 226 563 1198 635">
     <span class='ocr_line' id='line_1_3' title="bbox 226 563 1198 635; baseline -0.003 -16"><span class='ocrx_word' id='word_1_11' title='bbox 226 565 278 620; x_wconf 84' lang='grc'>6.</span> <span class='ocrx_word' id='word_1_12' title='bbox 322 565 624 634; x_wconf 87' lang='grc' dir='ltr'>Ἐγείρεσθε</span> <span class='ocrx_word' id='word_1_13' title='bbox 661 565 796 635; x_wconf 86' lang='grc' dir='ltr'><strong>μετά</strong></span> <span class='ocrx_word' id='word_1_14' title='bbox 817 565 877 616; x_wconf 88' lang='grc' dir='ltr'><strong>τὸ</strong></span> <span class='ocrx_word' id='word_1_15' title='bbox 909 563 1198 633; x_wconf 82' lang='grc' dir='ltr'>καθῆσθαι,</span> 
     </span>
    </p>
   </div>
   <div class='ocr_carea' id='block_1_4' title="bbox 225 650 1086 724">
    <p class='ocr_par' dir='ltr' id='par_1_4' title="bbox 225 650 1086 724">
     <span class='ocr_line' id='line_1_4' title="bbox 225 650 1086 724; baseline -0.003 -17"><span class='ocrx_word' id='word_1_16' title='bbox 225 655 278 708; x_wconf 85' lang='lat'><strong>7.</strong></span> <span class='ocrx_word' id='word_1_17' title='bbox 313 655 376 707; x_wconf 76' lang='grc' dir='ltr'><strong>Οἱ</strong></span> <span class='ocrx_word' id='word_1_18' title='bbox 405 654 673 716; x_wconf 78' lang='grc' dir='ltr'>ἐσθίοντες</span> <span class='ocrx_word' id='word_1_19' title='bbox 697 653 856 724; x_wconf 86' lang='grc' dir='ltr'>ἄρτον</span> <span class='ocrx_word' id='word_1_20' title='bbox 877 650 1086 720; x_wconf 80' lang='grc' dir='ltr'>ὀδύνης.</span> 
     </span>
    </p>
   </div>
   <div class='ocr_carea' id='block_1_5' title="bbox 224 738 1470 815">
    <p class='ocr_par' dir='ltr' id='par_1_5' title="bbox 224 738 1470 815">
     <span class='ocr_line' id='line_1_5' title="bbox 224 738 1470 815; baseline -0.007 -14"><span class='ocrx_word' id='word_1_21' title='bbox 224 747 281 801; x_wconf 89' lang='grc'><strong>8.</strong></span> <span class='ocrx_word' id='word_1_22' title='bbox 316 747 481 799; x_wconf 88' lang='grc' dir='ltr'>Ὅταν</span> <span class='ocrx_word' id='word_1_23' title='bbox 515 744 588 815; x_wconf 84' lang='grc' dir='ltr'>δῷ</span> <span class='ocrx_word' id='word_1_24' title='bbox 619 746 729 806; x_wconf 88' lang='grc' dir='ltr'>τοῖς</span> <span class='ocrx_word' id='word_1_25' title='bbox 759 744 1061 814; x_wconf 81' lang='grc' dir='ltr'><strong>ἀγαπητοῖς</strong></span> <span class='ocrx_word' id='word_1_26' title='bbox 1087 738 1250 794; x_wconf 84' lang='grc' dir='ltr'>αὐτοῦ</span> <span class='ocrx_word' id='word_1_27' title='bbox 1285 739 1470 792; x_wconf 73' lang='grc' dir='ltr'>ὕπνον.</span> 
     </span>
    </p>
   </div>
   <div class='ocr_carea' id='block_1_6' title="bbox 233 829 1300 903">
    <p class='ocr_par' dir='ltr' id='par_1_6' title="bbox 233 829 1300 903">
     <span class='ocr_line' id='line_1_6' title="bbox 233 829 1300 903; baseline -0.007 -14"><span class='ocrx_word' id='word_1_28' title='bbox 233 836 287 889; x_wconf 88' lang='lat'><strong>9.</strong></span> <span class='ocrx_word' id='word_1_29' title='bbox 331 834 458 886; x_wconf 82' lang='grc' dir='ltr'>Ἰδοὺ</span> <span class='ocrx_word' id='word_1_30' title='bbox 491 836 523 903; x_wconf 84' lang='grc' dir='ltr'><strong>ή</strong></span> <span class='ocrx_word' id='word_1_31' title='bbox 556 832 884 903; x_wconf 81' lang='grc' dir='ltr'>κληρονομία</span> <span class='ocrx_word' id='word_1_32' title='bbox 911 831 1136 900; x_wconf 79' lang='grc' dir='ltr'><strong>Κυρίου,</strong></span> <span class='ocrx_word' id='word_1_33' title='bbox 1164 829 1300 882; x_wconf 74' lang='grc' dir='ltr'>υίοίο</span> 
     </span>
    </p>
   </div>
   <div class='ocr_carea' id='block_1_7' title="bbox 231 919 1401 993">
    <p class='ocr_par' dir='ltr' id='par_1_7' title="bbox 231 919 1401 993">
     <span class='ocr_line' id='line_1_7' title="bbox 231 919 1401 993; baseline -0.007 -15"><span class='ocrx_word' id='word_1_34' title='bbox 231 925 318 978; x_wconf 98' lang='grc'><strong>10.</strong></span> <span class='ocrx_word' id='word_1_35' title='bbox 361 925 418 976; x_wconf 90' lang='grc' dir='ltr'>Ὁ</span> <span class='ocrx_word' id='word_1_36' title='bbox 445 923 630 993; x_wconf 85' lang='grc' dir='ltr'>μισθὸς</span> <span class='ocrx_word' id='word_1_37' title='bbox 665 923 757 976; x_wconf 87' lang='grc' dir='ltr'><strong>τοῦ</strong></span> <span class='ocrx_word' id='word_1_38' title='bbox 788 921 998 992; x_wconf 80' lang='grc' dir='ltr'>καρποῦ</span> <span class='ocrx_word' id='word_1_39' title='bbox 1024 921 1122 990; x_wconf 86' lang='grc' dir='ltr'>τῆς</span> <span class='ocrx_word' id='word_1_40' title='bbox 1151 919 1401 990; x_wconf 85' lang='grc' dir='ltr'>γαστρός.</span> 
     </span>
    </p>
   </div>
   <div class='ocr_carea' id='block_1_8' title="bbox 232 1009 1196 1085">
    <p class='ocr_par' dir='ltr' id='par_1_8' title="bbox 232 1009 1196 1085">
     <span class='ocr_line' id='line_1_8' title="bbox 232 1009 1196 1085; baseline -0.006 -15"><span class='ocrx_word' id='word_1_41' title='bbox 232 1018 318 1070; x_wconf 90' lang='grc'><strong>11.</strong></span> <span class='ocrx_word' id='word_1_42' title='bbox 367 1015 509 1067; x_wconf 80' lang='grc' dir='ltr'>Ὧσεὶ</span> <span class='ocrx_word' id='word_1_43' title='bbox 543 1015 669 1084; x_wconf 84' lang='grc' dir='ltr'>βέλη</span> <span class='ocrx_word' id='word_1_44' title='bbox 697 1017 752 1066; x_wconf 85' lang='grc' dir='ltr'><strong>ἐν</strong></span> <span class='ocrx_word' id='word_1_45' title='bbox 779 1013 921 1085; x_wconf 74' lang='grc' dir='ltr'>χειρὶ</span> <span class='ocrx_word' id='word_1_46' title='bbox 939 1009 1162 1065; x_wconf 80' lang='grc' dir='ltr'>δυνατοῦ</span> <span class='ocrx_word' id='word_1_47' title='bbox 1183 1029 1196 1042; x_wconf 90' lang='grc'><strong>·</strong></span> 
     </span>
    </p>
   </div>
   <div class='ocr_carea' id='block_1_9' title="bbox 233 1103 1398 1175">
    <p class='ocr_par' dir='ltr' id='par_1_9' title="bbox 233 1103 1398 1175">
     <span class='ocr_line' id='line_1_9' title="bbox 233 1103 1398 1175; baseline -0.006 -13"><span class='ocrx_word' id='word_1_48' title='bbox 233 1110 320 1162; x_wconf 70' lang='grc' dir='ltr'>η.</span> <span class='ocrx_word' id='word_1_49' title='bbox 353 1107 537 1171; x_wconf 75' lang='grc' dir='ltr'>Οὕτως</span> <span class='ocrx_word' id='word_1_50' title='bbox 568 1109 614 1160; x_wconf 88' lang='grc' dir='ltr'>οἱ</span> <span class='ocrx_word' id='word_1_51' title='bbox 653 1108 757 1159; x_wconf 73' lang='grc' dir='ltr'>υἱοὶ</span> <span class='ocrx_word' id='word_1_52' title='bbox 794 1108 896 1160; x_wconf 84' lang='grc' dir='ltr'><strong>τῶν</strong></span> <span class='ocrx_word' id='word_1_53' title='bbox 919 1103 1398 1175; x_wconf 85' lang='grc' dir='ltr'>ὲκτετιναγμένων.</span> 
     </span>
    </p>
   </div>
   <div class='ocr_carea' id='block_1_10' title="bbox 235 1193 1718 1273">
    <p class='ocr_par' dir='ltr' id='par_1_10' title="bbox 235 1193 1718 1273">
     <span class='ocr_line' id='line_1_10' title="bbox 235 1193 1718 1273; baseline -0.005 -18"><span class='ocrx_word' id='word_1_54' title='bbox 235 1203 321 1255; x_wconf 77' lang='grc'><strong>15.</strong></span> <span class='ocrx_word' id='word_1_55' title='bbox 354 1201 656 1273; x_wconf 68' lang='grc' dir='ltr'>Μακάριος,</span> <span class='ocrx_word' id='word_1_56' title='bbox 688 1199 747 1262; x_wconf 83' lang='grc' dir='ltr'>ὃς</span> <span class='ocrx_word' id='word_1_57' title='bbox 774 1197 1048 1270; x_wconf 86' lang='grc' dir='ltr'><strong>πληρώσει</strong></span> <span class='ocrx_word' id='word_1_58' title='bbox 1086 1196 1184 1267; x_wconf 85' lang='grc' dir='ltr'>τὴν</span> <span class='ocrx_word' id='word_1_59' title='bbox 1236 1195 1527 1266; x_wconf 75' lang='grc' dir='ltr'>ἐπιθυμίαν</span> <span class='ocrx_word' id='word_1_60' title='bbox 1555 1193 1718 1249; x_wconf 80' lang='grc' dir='ltr'>αὑτοῦ</span> 
     </span>
    </p>
   </div>
   <div class='ocr_carea' id='block_1_11' title="bbox 158 1293 459 1358">
    <p class='ocr_par' dir='ltr' id='par_1_11' title="bbox 158 1293 459 1358">
     <span class='ocr_line' id='line_1_11' title="bbox 158 1293 459 1358; baseline -0.003 -13"><span class='ocrx_word' id='word_1_61' title='bbox 158 1293 224 1358; x_wconf 75' lang='grc' dir='ltr'><strong>ἐξ</strong></span> <span class='ocrx_word' id='word_1_62' title='bbox 254 1293 430 1346; x_wconf 86' lang='grc' dir='ltr'>αὐτῶν</span> <span class='ocrx_word' id='word_1_63' title='bbox 445 1307 459 1321; x_wconf 84' lang='lat'><strong><em>°</em></strong></span> 
     </span>
    </p>
   </div>
   <div class='ocr_carea' id='block_1_12' title="bbox 239 1378 1720 1453">
    <p class='ocr_par' dir='ltr' id='par_1_12' title="bbox 239 1378 1720 1453">
     <span class='ocr_line' id='line_1_12' title="bbox 239 1378 1720 1453; baseline -0.005 -14"><span class='ocrx_word' id='word_1_64' title='bbox 239 1383 323 1439; x_wconf 72' lang='grc'>14.</span> <span class='ocrx_word' id='word_1_65' title='bbox 361 1385 433 1436; x_wconf 80' lang='grc' dir='ltr'>Ού</span> <span class='ocrx_word' id='word_1_66' title='bbox 505 1382 1051 1453; x_wconf 84' lang='grc' dir='ltr'>καταισχυνθὴσονται</span> <span class='ocrx_word' id='word_1_67' title='bbox 1080 1420 1095 1446; x_wconf 94' lang='grc'><strong>,</strong></span> <span class='ocrx_word' id='word_1_68' title='bbox 1165 1381 1290 1434; x_wconf 83' lang='grc' dir='ltr'>ὅταν</span> <span class='ocrx_word' id='word_1_69' title='bbox 1350 1378 1549 1435; x_wconf 79' lang='grc' dir='ltr'>λαλῶσι</span> <span class='ocrx_word' id='word_1_70' title='bbox 1609 1379 1720 1442; x_wconf 88' lang='grc' dir='ltr'>τοῖς</span> 
     </span>
    </p>
   </div>
   <div class='ocr_carea' id='block_1_13' title="bbox 161 1472 1152 1546">
    <p class='ocr_par' dir='ltr' id='par_1_13' title="bbox 161 1472 1152 1546">
     <span class='ocr_line' id='line_1_13' title="bbox 161 1472 1152 1546; baseline -0.001 -19"><span class='ocrx_word' id='word_1_71' title='bbox 161 1474 376 1546; x_wconf 76' lang='grc' dir='ltr'>ἐχθροῖς</span> <span class='ocrx_word' id='word_1_72' title='bbox 407 1473 567 1528; x_wconf 84' lang='grc' dir='ltr'>αὐτοῦ</span> <span class='ocrx_word' id='word_1_73' title='bbox 596 1472 820 1546; x_wconf 73' lang='grc' dir='ltr'>[αὐτῶν]</span> <span class='ocrx_word' id='word_1_74' title='bbox 853 1474 909 1525; x_wconf 83' lang='grc' dir='ltr'><strong>ἐν</strong></span> <span class='ocrx_word' id='word_1_75' title='bbox 939 1473 1152 1535; x_wconf 76' lang='grc' dir='ltr'>πύλαις.</span> 
     </span>
    </p>
   </div>
   <div class='ocr_carea' id='block_1_14' title="bbox 1009 347 2486 410">
    <p class='ocr_par' dir='ltr' id='par_1_14' title="bbox 1009 347 2486 410">
     <span class='ocr_line' id='line_1_14' title="bbox 1009 347 2486 410; baseline -0.004 -4"><span class='ocrx_word' id='word_1_76' title='bbox 1009 351 1097 406; x_wconf 88' lang='lat' dir='ltr'><strong>DE</strong></span> <span class='ocrx_word' id='word_1_77' title='bbox 1135 351 1412 408; x_wconf 87' lang='lat' dir='ltr'><strong>TlTULlS</strong></span> <span class='ocrx_word' id='word_1_78' title='bbox 1453 352 1896 410; x_wconf 72' lang='lat' dir='ltr'><strong>PSALMOBUM.</strong></span> <span class='ocrx_word' id='word_1_79' title='bbox 1931 380 1999 394; x_wconf 57' lang='grc' dir='ltr'><strong>-ι</strong></span> <span class='ocrx_word' id='word_1_80' title='bbox 2025 351 2221 405; x_wconf 80' lang='lat' dir='ltr'><strong>PSAL.</strong></span> <span class='ocrx_word' id='word_1_81' title='bbox 2253 347 2486 403; x_wconf 78' lang='lat' dir='ltr'><strong>CXXVI.</strong></span> 
     </span>
    </p>
   </div>
   <div class='ocr_carea' id='block_1_15' title="bbox 3227 350 3368 409">
    <p class='ocr_par' dir='ltr' id='par_1_15' title="bbox 3227 350 3368 409">
     <span class='ocr_line' id='line_1_15' title="bbox 3227 350 3368 409; baseline 0.028 -4"><span class='ocrx_word' id='word_1_82' title='bbox 3227 350 3368 409; x_wconf 76' lang='grc'>1238</span> 
     </span>
    </p>
   </div>
   <div class='ocr_carea' id='block_1_16' title="bbox 1736 469 3117 540">
    <p class='ocr_par' dir='ltr' id='par_1_16' title="bbox 1736 469 3117 540">
     <span class='ocr_line' id='line_1_16' title="bbox 1736 469 3117 540; baseline -0.006 -10"><span class='ocrx_word' id='word_1_83' title='bbox 1736 485 1783 540; x_wconf 72' lang='grc' dir='ltr'><strong>Α</strong></span> <span class='ocrx_word' id='word_1_84' title='bbox 1883 475 1934 529; x_wconf 85' lang='lat'><em>5.</em></span> <span class='ocrx_word' id='word_1_85' title='bbox 1965 472 2175 527; x_wconf 87' lang='lat' dir='ltr'><strong>Vanum</strong></span> <span class='ocrx_word' id='word_1_86' title='bbox 2202 480 2282 527; x_wconf 90' lang='lat' dir='ltr'><strong>est</strong></span> <span class='ocrx_word' id='word_1_87' title='bbox 2311 469 2465 525; x_wconf 82' lang='lat' dir='ltr'><strong>vobis</strong></span> <span class='ocrx_word' id='word_1_88' title='bbox 2498 477 2623 525; x_wconf 88' lang='lat' dir='ltr'><strong>ante</strong></span> <span class='ocrx_word' id='word_1_89' title='bbox 2651 470 2826 525; x_wconf 88' lang='lat' dir='ltr'><strong>lucem</strong></span> <span class='ocrx_word' id='word_1_90' title='bbox 2857 485 3078 538; x_wconf 72' lang='lat' dir='ltr'><strong>surgere</strong></span> <span class='ocrx_word' id='word_1_91' title='bbox 3103 488 3117 523; x_wconf 88' lang='lat'><strong>:</strong></span> 
     </span>
    </p>
   </div>
   <div class='ocr_carea' id='block_1_17' title="bbox 1879 562 2793 635">
    <p class='ocr_par' dir='ltr' id='par_1_17' title="bbox 1879 562 2793 635">
     <span class='ocr_line' id='line_1_17' title="bbox 1879 562 2793 635; baseline -0.004 -15"><span class='ocrx_word' id='word_1_92' title='bbox 1879 567 1932 621; x_wconf 89' lang='lat'><em>6.</em></span> <span class='ocrx_word' id='word_1_93' title='bbox 1969 565 2185 635; x_wconf 77' lang='lat' dir='ltr'><strong>Surgite</strong></span> <span class='ocrx_word' id='word_1_94' title='bbox 2211 572 2494 633; x_wconf 83' lang='lat' dir='ltr'><strong>postquam</strong></span> <span class='ocrx_word' id='word_1_95' title='bbox 2527 562 2793 626; x_wconf 81' lang='lat' dir='ltr'><strong>sederitis,</strong></span> 
     </span>
    </p>
   </div>
   <div class='ocr_carea' id='block_1_18' title="bbox 1885 652 2924 723">
    <p class='ocr_par' dir='ltr' id='par_1_18' title="bbox 1885 652 2924 723">
     <span class='ocr_line' id='line_1_18' title="bbox 1885 652 2924 723; baseline -0.005 -13"><span class='ocrx_word' id='word_1_96' title='bbox 1885 659 1937 712; x_wconf 88' lang='lat'><em>7.</em></span> <span class='ocrx_word' id='word_1_97' title='bbox 1968 657 2071 723; x_wconf 85' lang='lat' dir='ltr'><strong>Qui</strong></span> <span class='ocrx_word' id='word_1_98' title='bbox 2104 654 2444 710; x_wconf 88' lang='lat' dir='ltr'><strong>manducatis</strong></span> <span class='ocrx_word' id='word_1_99' title='bbox 2477 669 2670 723; x_wconf 83' lang='lat' dir='ltr'><strong>panem</strong></span> <span class='ocrx_word' id='word_1_100' title='bbox 2702 652 2924 706; x_wconf 89' lang='lat' dir='ltr'><strong>doloris.</strong></span> 
     </span>
    </p>
   </div>
   <div class='ocr_carea' id='block_1_19' title="bbox 1885 745 3060 803">
    <p class='ocr_par' dir='ltr' id='par_1_19' title="bbox 1885 745 3060 803">
     <span class='ocr_line' id='line_1_19' title="bbox 1885 745 3060 803; baseline -0.001 -1"><span class='ocrx_word' id='word_1_101' title='bbox 1885 749 1938 803; x_wconf 90' lang='lat'><em>8.</em></span> <span class='ocrx_word' id='word_1_102' title='bbox 1975 749 2109 802; x_wconf 90' lang='lat' dir='ltr'><strong>Cum</strong></span> <span class='ocrx_word' id='word_1_103' title='bbox 2141 747 2351 802; x_wconf 76' lang='lat' dir='ltr'><strong>dederit</strong></span> <span class='ocrx_word' id='word_1_104' title='bbox 2379 745 2589 800; x_wconf 76' lang='lat' dir='ltr'><strong>dilectis</strong></span> <span class='ocrx_word' id='word_1_105' title='bbox 2629 745 2742 799; x_wconf 91' lang='lat' dir='ltr'><strong>suis</strong></span> <span class='ocrx_word' id='word_1_106' title='bbox 2773 759 3024 799; x_wconf 87' lang='lat' dir='ltr'><strong>somnum</strong></span> <span class='ocrx_word' id='word_1_107' title='bbox 3044 784 3060 801; x_wconf 93' lang='lat'><strong>.</strong></span> 
     </span>
    </p>
   </div>
   <div class='ocr_carea' id='block_1_20' title="bbox 1889 837 2869 902">
    <p class='ocr_par' dir='ltr' id='par_1_20' title="bbox 1889 837 2869 902">
     <span class='ocr_line' id='line_1_20' title="bbox 1889 837 2869 902; baseline -0.002 -9"><span class='ocrx_word' id='word_1_108' title='bbox 1889 842 1944 896; x_wconf 83' lang='lat'><em>9.</em></span> <span class='ocrx_word' id='word_1_109' title='bbox 1984 841 2127 896; x_wconf 83' lang='lat' dir='ltr'>Ecce</span> <span class='ocrx_word' id='word_1_110' title='bbox 2158 839 2448 894; x_wconf 78' lang='lat' dir='ltr'><strong>haereditas</strong></span> <span class='ocrx_word' id='word_1_111' title='bbox 2471 837 2707 902; x_wconf 88' lang='lat' dir='ltr'><strong>Domini,</strong></span> <span class='ocrx_word' id='word_1_112' title='bbox 2744 837 2869 892; x_wconf 91' lang='lat' dir='ltr'><strong>ﬁlii:</strong></span> 
     </span>
    </p>
   </div>
   <div class='ocr_carea' id='block_1_21' title="bbox 1890 927 2719 983">
    <p class='ocr_par' dir='ltr' id='par_1_21' title="bbox 1890 927 2719 983">
     <span class='ocr_line' id='line_1_21' title="bbox 1890 927 2719 983; baseline -0.002 0"><span class='ocrx_word' id='word_1_113' title='bbox 1890 929 1978 983; x_wconf 89' lang='grc'><strong>10.</strong></span> <span class='ocrx_word' id='word_1_114' title='bbox 2008 929 2214 983; x_wconf 87' lang='lat' dir='ltr'><strong>Merces</strong></span> <span class='ocrx_word' id='word_1_115' title='bbox 2247 927 2459 982; x_wconf 81' lang='lat' dir='ltr'><strong>fructus</strong></span> <span class='ocrx_word' id='word_1_116' title='bbox 2495 927 2719 981; x_wconf 84' lang='lat' dir='ltr'><strong>ventris.</strong></span> 
     </span>
    </p>
   </div>
   <div class='ocr_carea' id='block_1_22' title="bbox 1888 1017 2978 1089">
    <p class='ocr_par' dir='ltr' id='par_1_22' title="bbox 1888 1017 2978 1089">
     <span class='ocr_line' id='line_1_22' title="bbox 1888 1017 2978 1089; baseline 0 -16"><span class='ocrx_word' id='word_1_117' title='bbox 1888 1021 1974 1073; x_wconf 85' lang='grc'><strong>11.</strong></span> <span class='ocrx_word' id='word_1_118' title='bbox 2012 1020 2162 1074; x_wconf 89' lang='lat' dir='ltr'><strong>Sicut</strong></span> <span class='ocrx_word' id='word_1_119' title='bbox 2189 1019 2395 1089; x_wconf 69' lang='lat' dir='ltr'><strong>sagitta:</strong></span> <span class='ocrx_word' id='word_1_120' title='bbox 2425 1020 2479 1073; x_wconf 92' lang='lat' dir='ltr'><strong>in</strong></span> <span class='ocrx_word' id='word_1_121' title='bbox 2511 1033 2674 1072; x_wconf 84' lang='lat' dir='ltr'><strong>manu</strong></span> <span class='ocrx_word' id='word_1_122' title='bbox 2704 1017 2978 1088; x_wconf 87' lang='lat' dir='ltr'><strong>potentis:</strong></span> 
     </span>
    </p>
   </div>
   <div class='ocr_carea' id='block_1_23' title="bbox 1890 1110 2628 1164">
    <p class='ocr_par' dir='ltr' id='par_1_23' title="bbox 1890 1110 2628 1164">
     <span class='ocr_line' id='line_1_23' title="bbox 1890 1110 2628 1164; baseline 0 0"><span class='ocrx_word' id='word_1_123' title='bbox 1890 1111 1977 1164; x_wconf 74' lang='grc'><strong>12.</strong></span> <span class='ocrx_word' id='word_1_124' title='bbox 2015 1110 2088 1164; x_wconf 92' lang='lat' dir='ltr'><strong>lta</strong></span> <span class='ocrx_word' id='word_1_125' title='bbox 2123 1110 2219 1164; x_wconf 91' lang='lat' dir='ltr'><strong>ﬁlii</strong></span> <span class='ocrx_word' id='word_1_126' title='bbox 2250 1125 2628 1164; x_wconf 79' lang='lat' dir='ltr'><strong>excussorum.</strong></span> 
     </span>
    </p>
   </div>
   <div class='ocr_carea' id='block_1_24' title="bbox 1891 1199 3376 1272">
    <p class='ocr_par' dir='ltr' id='par_1_24' title="bbox 1891 1199 3376 1272">
     <span class='ocr_line' id='line_1_24' title="bbox 1891 1199 3376 1272; baseline -0.002 -17"><span class='ocrx_word' id='word_1_127' title='bbox 1891 1203 1979 1256; x_wconf 77' lang='lat' dir='ltr'><strong>l3.</strong></span> <span class='ocrx_word' id='word_1_128' title='bbox 2017 1202 2214 1257; x_wconf 88' lang='lat' dir='ltr'><strong>Beatus</strong></span> <span class='ocrx_word' id='word_1_129' title='bbox 2242 1202 2326 1256; x_wconf 83' lang='lat' dir='ltr'><strong>vir</strong></span> <span class='ocrx_word' id='word_1_130' title='bbox 2350 1202 2444 1272; x_wconf 85' lang='lat' dir='ltr'><strong>qui</strong></span> <span class='ocrx_word' id='word_1_131' title='bbox 2478 1201 2725 1272; x_wconf 88' lang='lat' dir='ltr'><strong>implebit</strong></span> <span class='ocrx_word' id='word_1_132' title='bbox 2769 1199 3098 1256; x_wconf 87' lang='lat' dir='ltr'><strong>desiderium</strong></span> <span class='ocrx_word' id='word_1_133' title='bbox 3129 1213 3286 1254; x_wconf 87' lang='lat' dir='ltr'><strong>suum</strong></span> <span class='ocrx_word' id='word_1_134' title='bbox 3313 1213 3376 1252; x_wconf 80' lang='lat' dir='ltr'><strong>ex</strong></span> 
     </span>
    </p>
   </div>
   <div class='ocr_carea' id='block_1_25' title="bbox 1821 1293 1994 1363">
    <p class='ocr_par' dir='ltr' id='par_1_25' title="bbox 1821 1293 1994 1363">
     <span class='ocr_line' id='line_1_25' title="bbox 1821 1293 1994 1363; baseline 0.006 -15"><span class='ocrx_word' id='word_1_135' title='bbox 1821 1293 1953 1363; x_wconf 83' lang='lat' dir='ltr'><strong>ipsis</strong></span> <span class='ocrx_word' id='word_1_136' title='bbox 1981 1311 1994 1349; x_wconf 90' lang='lat'>:</span> 
     </span>
    </p>
   </div>
   <div class='ocr_carea' id='block_1_26' title="bbox 1901 1379 3382 1453">
    <p class='ocr_par' dir='ltr' id='par_1_26' title="bbox 1901 1379 3382 1453">
     <span class='ocr_line' id='line_1_26' title="bbox 1901 1379 3382 1453; baseline 0.001 -20"><span class='ocrx_word' id='word_1_137' title='bbox 1901 1381 1982 1434; x_wconf 71' lang='grc'><strong>14.</strong></span> <span class='ocrx_word' id='word_1_138' title='bbox 2013 1379 2130 1436; x_wconf 88' lang='lat' dir='ltr'><strong>Non</strong></span> <span class='ocrx_word' id='word_1_139' title='bbox 2185 1381 2588 1440; x_wconf 81' lang='lat' dir='ltr'><strong>confundentur</strong></span> <span class='ocrx_word' id='word_1_140' title='bbox 2648 1398 2772 1439; x_wconf 90' lang='lat' dir='ltr'><strong>cum</strong></span> <span class='ocrx_word' id='word_1_141' title='bbox 2811 1382 3098 1453; x_wconf 82' lang='lat' dir='ltr'><strong>loquentur</strong></span> <span class='ocrx_word' id='word_1_142' title='bbox 3147 1379 3382 1435; x_wconf 75' lang='lat' dir='ltr'><strong>inimicis</strong></span> 
     </span>
    </p>
   </div>
   <div class='ocr_carea' id='block_1_27' title="bbox 1825 1473 2219 1544">
    <p class='ocr_par' dir='ltr' id='par_1_27' title="bbox 1825 1473 2219 1544">
     <span class='ocr_line' id='line_1_27' title="bbox 1825 1473 2219 1544; baseline 0.003 -17"><span class='ocrx_word' id='word_1_143' title='bbox 1825 1473 1940 1529; x_wconf 84' lang='lat' dir='ltr'><strong>suis</strong></span> <span class='ocrx_word' id='word_1_144' title='bbox 1966 1473 2020 1528; x_wconf 91' lang='lat' dir='ltr'><strong>in</strong></span> <span class='ocrx_word' id='word_1_145' title='bbox 2043 1482 2219 1544; x_wconf 85' lang='lat' dir='ltr'><strong>porta.</strong></span> 
     </span>
    </p>
   </div>
   <div class='ocr_carea' id='block_1_28' title="bbox 1278 1662 2269 1736">
    <p class='ocr_par' dir='ltr' id='par_1_28' title="bbox 1278 1662 2269 1736">
     <span class='ocr_line' id='line_1_28' title="bbox 1278 1662 2269 1736; baseline -0.001 -3"><span class='ocrx_word' id='word_1_146' title='bbox 1278 1678 1648 1736; x_wconf 80' lang='lat' dir='ltr'><strong>ATHANASll</strong></span> <span class='ocrx_word' id='word_1_147' title='bbox 1689 1662 2269 1735; x_wconf 80' lang='lat' dir='ltr'><strong>lNTERPRETATlO.</strong></span> 
     </span>
    </p>
   </div>
   <div class='ocr_carea' id='block_1_29' title="bbox 240 1863 1737 1949">
    <p class='ocr_par' dir='ltr' id='par_1_29' title="bbox 240 1876 1729 1949">
     <span class='ocr_line' id='line_1_29' title="bbox 240 1876 1729 1949; baseline -0.002 -16"><span class='ocrx_word' id='word_1_148' title='bbox 240 1879 293 1933; x_wconf 85' lang='lat'><strong>5.</strong></span> <span class='ocrx_word' id='word_1_149' title='bbox 339 1877 496 1948; x_wconf 84' lang='grc' dir='ltr'>Ὑμῖν</span> <span class='ocrx_word' id='word_1_150' title='bbox 519 1879 627 1940; x_wconf 85' lang='grc' dir='ltr'>τοῖς</span> <span class='ocrx_word' id='word_1_151' title='bbox 653 1877 956 1948; x_wconf 79' lang='grc' dir='ltr'>προφήταις</span> <span class='ocrx_word' id='word_1_152' title='bbox 985 1877 1064 1940; x_wconf 91' lang='grc' dir='ltr'>εἰς</span> <span class='ocrx_word' id='word_1_153' title='bbox 1095 1876 1269 1948; x_wconf 82' lang='grc' dir='ltr'>μάτην</span> <span class='ocrx_word' id='word_1_154' title='bbox 1307 1877 1422 1930; x_wconf 78' lang='grc' dir='ltr'>ἐστὶ</span> <span class='ocrx_word' id='word_1_155' title='bbox 1453 1878 1512 1930; x_wconf 83' lang='grc' dir='ltr'>τὸ</span> <span class='ocrx_word' id='word_1_156' title='bbox 1536 1879 1612 1949; x_wconf 76' lang='grc'><strong>(1)</strong></span> <span class='ocrx_word' id='word_1_157' title='bbox 1636 1879 1729 1949; x_wconf 82' lang='grc' dir='ltr'>δρ-</span> 
     </span>
    </p>
   </div>
   <div class='ocr_carea' id='block_1_30' title="bbox 1839 1863 3387 1949">
    <p class='ocr_par' dir='ltr' id='par_1_30' title="bbox 1901 1870 3387 1946">
     <span class='ocr_line' id='line_1_30' title="bbox 1901 1870 3387 1946; baseline -0.005 -14"><span class='ocrx_word' id='word_1_158' title='bbox 1901 1878 1953 1932; x_wconf 86' lang='grc'><strong>5.</strong></span> <span class='ocrx_word' id='word_1_159' title='bbox 1988 1876 2172 1943; x_wconf 84' lang='lat' dir='ltr'><strong>Vobis,</strong></span> <span class='ocrx_word' id='word_1_160' title='bbox 2205 1877 2496 1946; x_wconf 70' lang='lat' dir='ltr'><strong>prophetae,</strong></span> <span class='ocrx_word' id='word_1_161' title='bbox 2526 1890 2722 1929; x_wconf 89' lang='lat' dir='ltr'><strong>vanum</strong></span> <span class='ocrx_word' id='word_1_162' title='bbox 2767 1881 2850 1928; x_wconf 90' lang='lat' dir='ltr'><strong>est</strong></span> <span class='ocrx_word' id='word_1_163' title='bbox 2886 1879 3011 1926; x_wconf 89' lang='lat' dir='ltr'><strong>ante</strong></span> <span class='ocrx_word' id='word_1_164' title='bbox 3057 1870 3231 1924; x_wconf 88' lang='lat' dir='ltr'><strong>lucem</strong></span> <span class='ocrx_word' id='word_1_165' title='bbox 3261 1887 3387 1926; x_wconf 86' lang='lat' dir='ltr'><strong>sur-</strong></span> 
     </span>
    </p>
   </div>
   <div class='ocr_carea' id='block_1_31' title="bbox 164 1969 1731 2043">
    <p class='ocr_par' dir='ltr' id='par_1_31' title="bbox 164 1969 1731 2043">
     <span class='ocr_line' id='line_1_31' title="bbox 164 1969 1731 2043; baseline 0.003 -22"><span class='ocrx_word' id='word_1_166' title='bbox 164 1970 374 2043; x_wconf 78' lang='grc' dir='ltr'>θρὶζειν</span> <span class='ocrx_word' id='word_1_167' title='bbox 401 1971 562 2039; x_wconf 83' lang='grc' dir='ltr'>ὑμᾶς,</span> <span class='ocrx_word' id='word_1_168' title='bbox 596 1970 688 2021; x_wconf 73' lang='grc' dir='ltr'><strong>καὶ</strong></span> <span class='ocrx_word' id='word_1_169' title='bbox 716 1969 898 2022; x_wconf 80' lang='grc' dir='ltr'>λαϐεῖν</span> <span class='ocrx_word' id='word_1_170' title='bbox 921 1970 1008 2022; x_wconf 79' lang='grc' dir='ltr'><strong>τὸν</strong></span> <span class='ocrx_word' id='word_1_171' title='bbox 1037 1969 1192 2037; x_wconf 91' lang='grc' dir='ltr'>λόγον</span> <span class='ocrx_word' id='word_1_172' title='bbox 1211 1970 1303 2022; x_wconf 81' lang='grc' dir='ltr'><strong>τοῦ</strong></span> <span class='ocrx_word' id='word_1_173' title='bbox 1334 1969 1468 2024; x_wconf 82' lang='grc' dir='ltr'>Θεοῦ</span> <span class='ocrx_word' id='word_1_174' title='bbox 1506 1971 1593 2025; x_wconf 88' lang='grc' dir='ltr'><strong>διά</strong></span> <span class='ocrx_word' id='word_1_175' title='bbox 1634 1972 1731 2043; x_wconf 81' lang='grc' dir='ltr'>τὴν</span> 
     </span>
    </p>
   </div>
   <div class='ocr_carea' id='block_1_32' title="bbox 164 2061 932 2132">
    <p class='ocr_par' dir='ltr' id='par_1_32' title="bbox 164 2061 932 2132">
     <span class='ocr_line' id='line_1_32' title="bbox 164 2061 932 2132; baseline -0.004 -14"><span class='ocrx_word' id='word_1_176' title='bbox 164 2063 453 2119; x_wconf 82' lang='grc' dir='ltr'>ἀπείθειαν</span> <span class='ocrx_word' id='word_1_177' title='bbox 483 2063 590 2115; x_wconf 87' lang='grc' dir='ltr'><strong>τῶν</strong></span> <span class='ocrx_word' id='word_1_178' title='bbox 616 2062 710 2114; x_wconf 91' lang='grc' dir='ltr'><strong>ἀνθ</strong></span> <span class='ocrx_word' id='word_1_179' title='bbox 720 2061 932 2132; x_wconf 86' lang='grc' dir='ltr'>ρώπων.</span> 
     </span>
    </p>
   </div>
   <div class='ocr_carea' id='block_1_33' title="bbox 243 2171 1734 2246">
    <p class='ocr_par' dir='ltr' id='par_1_33' title="bbox 243 2171 1734 2246">
     <span class='ocr_line' id='line_1_33' title="bbox 243 2171 1734 2246; baseline 0.001 -19"><span class='ocrx_word' id='word_1_180' title='bbox 243 2175 296 2227; x_wconf 84' lang='grc'>6.</span> <span class='ocrx_word' id='word_1_181' title='bbox 332 2173 519 2243; x_wconf 82' lang='grc' dir='ltr'>Ὅμως</span> <span class='ocrx_word' id='word_1_182' title='bbox 557 2171 692 2241; x_wconf 88' lang='grc' dir='ltr'><strong>μετά</strong></span> <span class='ocrx_word' id='word_1_183' title='bbox 738 2172 832 2242; x_wconf 84' lang='grc' dir='ltr'>τὴν</span> <span class='ocrx_word' id='word_1_184' title='bbox 871 2173 1123 2244; x_wconf 87' lang='grc' dir='ltr'>κοίμησιν</span> <span class='ocrx_word' id='word_1_185' title='bbox 1158 2175 1307 2246; x_wconf 89' lang='grc' dir='ltr'>ὑμῶν</span> <span class='ocrx_word' id='word_1_186' title='bbox 1342 2175 1660 2229; x_wconf 87' lang='grc' dir='ltr'>ἀνίστασθε·</span> <span class='ocrx_word' id='word_1_187' title='bbox 1704 2178 1734 2229; x_wconf 82' lang='grc' dir='ltr'>ὁ</span> 
     </span>
    </p>
   </div>
   <div class='ocr_carea' id='block_1_34' title="bbox 165 2263 1733 2336">
    <p class='ocr_par' dir='ltr' id='par_1_34' title="bbox 165 2263 1733 2336">
     <span class='ocr_line' id='line_1_34' title="bbox 165 2263 1733 2336; baseline 0.004 -19"><span class='ocrx_word' id='word_1_188' title='bbox 165 2265 328 2332; x_wconf 84' lang='grc' dir='ltr'>λόγος</span> <span class='ocrx_word' id='word_1_189' title='bbox 353 2265 459 2334; x_wconf 79' lang='grc' dir='ltr'>γὰρ</span> <span class='ocrx_word' id='word_1_190' title='bbox 485 2264 634 2333; x_wconf 84' lang='grc' dir='ltr'>ὑμῶν</span> <span class='ocrx_word' id='word_1_191' title='bbox 665 2263 844 2332; x_wconf 81' lang='grc' dir='ltr'>μέλλει</span> <span class='ocrx_word' id='word_1_192' title='bbox 874 2264 1262 2336; x_wconf 88' lang='grc' dir='ltr'>κηρύσσεσθαι,</span> <span class='ocrx_word' id='word_1_193' title='bbox 1295 2269 1387 2321; x_wconf 79' lang='grc' dir='ltr'><strong>καὶ</strong></span> <span class='ocrx_word' id='word_1_194' title='bbox 1419 2268 1569 2336; x_wconf 83' lang='grc' dir='ltr'>ἄγειν</span> <span class='ocrx_word' id='word_1_195' title='bbox 1596 2270 1733 2323; x_wconf 82' lang='grc' dir='ltr'>πάν-</span> 
     </span>
    </p>
   </div>
   <div class='ocr_carea' id='block_1_35' title="bbox 164 2354 1038 2425">
    <p class='ocr_par' dir='ltr' id='par_1_35' title="bbox 164 2354 1038 2425">
     <span class='ocr_line' id='line_1_35' title="bbox 164 2354 1038 2425; baseline 0 -16"><span class='ocrx_word' id='word_1_196' title='bbox 164 2373 274 2418; x_wconf 85' lang='grc' dir='ltr'><strong>τας</strong></span> <span class='ocrx_word' id='word_1_197' title='bbox 311 2358 389 2418; x_wconf 86' lang='grc' dir='ltr'>εἰς</span> <span class='ocrx_word' id='word_1_198' title='bbox 420 2355 517 2425; x_wconf 76' lang='grc' dir='ltr'>τὴν</span> <span class='ocrx_word' id='word_1_199' title='bbox 550 2354 732 2408; x_wconf 88' lang='grc' dir='ltr'>πίστιν</span> <span class='ocrx_word' id='word_1_200' title='bbox 759 2355 853 2408; x_wconf 86' lang='grc' dir='ltr'><strong>τοῦ</strong></span> <span class='ocrx_word' id='word_1_201' title='bbox 884 2355 1038 2410; x_wconf 87' lang='grc' dir='ltr'>Θεοῦ.</span> 
     </span>
    </p>
   </div>
   <div class='ocr_carea' id='block_1_36' title="bbox 246 2469 1736 2545">
    <p class='ocr_par' dir='ltr' id='par_1_36' title="bbox 246 2469 1736 2545">
     <span class='ocr_line' id='line_1_36' title="bbox 246 2469 1736 2545; baseline 0.005 -23"><span class='ocrx_word' id='word_1_202' title='bbox 246 2471 298 2522; x_wconf 85' lang='lat'><em>7.</em></span> <span class='ocrx_word' id='word_1_203' title='bbox 330 2472 392 2522; x_wconf 84' lang='lat' dir='ltr'><strong>Ol</strong></span> <span class='ocrx_word' id='word_1_204' title='bbox 420 2469 533 2533; x_wconf 89' lang='grc' dir='ltr'>νῦν,</span> <span class='ocrx_word' id='word_1_205' title='bbox 562 2469 650 2522; x_wconf 85' lang='grc' dir='ltr'><strong>διὰ</strong></span> <span class='ocrx_word' id='word_1_206' title='bbox 669 2469 726 2522; x_wconf 75' lang='grc' dir='ltr'>τὸ</span> <span class='ocrx_word' id='word_1_207' title='bbox 758 2469 960 2540; x_wconf 78' lang='grc' dir='ltr'>μηδένα</span> <span class='ocrx_word' id='word_1_208' title='bbox 990 2470 1144 2542; x_wconf 85' lang='grc' dir='ltr'>ὑμῶν</span> <span class='ocrx_word' id='word_1_209' title='bbox 1165 2471 1400 2538; x_wconf 81' lang='grc' dir='ltr'>ἀκούειν,</span> <span class='ocrx_word' id='word_1_210' title='bbox 1432 2491 1497 2544; x_wconf 92' lang='grc' dir='ltr'><strong>με</strong></span> <span class='ocrx_word' id='word_1_211' title='bbox 1526 2474 1736 2545; x_wconf 66' lang='lat'><strong>(2)666-</strong></span> 
     </span>
    </p>
   </div>
   <div class='ocr_carea' id='block_1_37' title="bbox 169 2554 1129 2627">
    <p class='ocr_par' dir='ltr' id='par_1_37' title="bbox 169 2554 1129 2627">
     <span class='ocr_line' id='line_1_37' title="bbox 169 2554 1129 2627; baseline -0.002 -17"><span class='ocrx_word' id='word_1_212' title='bbox 169 2573 275 2627; x_wconf 86' lang='grc' dir='ltr'><strong>νης</strong></span> <span class='ocrx_word' id='word_1_213' title='bbox 305 2555 568 2617; x_wconf 71' lang='grc' dir='ltr'>ἐσθίοντες</span> <span class='ocrx_word' id='word_1_214' title='bbox 596 2554 685 2606; x_wconf 83' lang='grc' dir='ltr'><strong>τὸν</strong></span> <span class='ocrx_word' id='word_1_215' title='bbox 713 2555 916 2606; x_wconf 78' lang='grc' dir='ltr'>ἑαυτῶν</span> <span class='ocrx_word' id='word_1_216' title='bbox 949 2555 1129 2626; x_wconf 79' lang='grc' dir='ltr'>ἄρτον.</span> 
     </span>
    </p>
   </div>
   <div class='ocr_carea' id='block_1_38' title="bbox 247 2664 1737 2736">
    <p class='ocr_par' dir='ltr' id='par_1_38' title="bbox 247 2664 1737 2736">
     <span class='ocr_line' id='line_1_38' title="bbox 247 2664 1737 2736; baseline 0.002 -18"><span class='ocrx_word' id='word_1_217' title='bbox 247 2665 300 2718; x_wconf 90' lang='grc'>8.</span> <span class='ocrx_word' id='word_1_218' title='bbox 341 2666 473 2716; x_wconf 84' lang='grc' dir='ltr'>Πότε</span> <span class='ocrx_word' id='word_1_219' title='bbox 501 2664 936 2734; x_wconf 80' lang='grc' dir='ltr'>(5)διεγείρεσθε,</span> <span class='ocrx_word' id='word_1_220' title='bbox 957 2665 1081 2717; x_wconf 84' lang='grc' dir='ltr'>ὅταν</span> <span class='ocrx_word' id='word_1_221' title='bbox 1099 2666 1126 2717; x_wconf 85' lang='grc' dir='ltr'>ὁ</span> <span class='ocrx_word' id='word_1_222' title='bbox 1155 2664 1356 2735; x_wconf 90' lang='grc' dir='ltr'>Κύριος</span> <span class='ocrx_word' id='word_1_223' title='bbox 1379 2667 1585 2736; x_wconf 70' lang='grc' dir='ltr'>μέλλων</span> <span class='ocrx_word' id='word_1_224' title='bbox 1613 2669 1737 2721; x_wconf 88' lang='grc' dir='ltr'>συλ-</span> 
     </span>
    </p>
   </div>
   <div class='ocr_carea' id='block_1_39' title="bbox 169 2755 1736 2827">
    <p class='ocr_par' dir='ltr' id='par_1_39' title="bbox 169 2755 1736 2827">
     <span class='ocr_line' id='line_1_39' title="bbox 169 2755 1736 2827; baseline 0.002 -19"><span class='ocrx_word' id='word_1_225' title='bbox 169 2756 543 2826; x_wconf 76' lang='grc' dir='ltr'>λαμϐάνεσθαι</span> <span class='ocrx_word' id='word_1_226' title='bbox 577 2756 679 2808; x_wconf 75' lang='grc' dir='ltr'>ὑπὸ</span> <span class='ocrx_word' id='word_1_227' title='bbox 709 2757 813 2809; x_wconf 88' lang='grc' dir='ltr'><strong>τῶν</strong></span> <span class='ocrx_word' id='word_1_228' title='bbox 855 2755 1121 2809; x_wconf 87' lang='grc' dir='ltr'>Ἰουδαίων</span> <span class='ocrx_word' id='word_1_229' title='bbox 1153 2757 1244 2809; x_wconf 76' lang='grc' dir='ltr'><strong>ἐπὶ</strong></span> <span class='ocrx_word' id='word_1_230' title='bbox 1291 2761 1400 2819; x_wconf 88' lang='grc' dir='ltr'>τοῖς</span> <span class='ocrx_word' id='word_1_231' title='bbox 1437 2759 1736 2827; x_wconf 81' lang='grc' dir='ltr'>ἀγαπητοῖς</span> 
     </span>
    </p>
   </div>
   <div class='ocr_carea' id='block_1_40' title="bbox 170 2845 1736 2908">
    <p class='ocr_par' dir='ltr' id='par_1_40' title="bbox 170 2845 1736 2908">
     <span class='ocr_line' id='line_1_40' title="bbox 170 2845 1736 2908; baseline 0.002 -10"><span class='ocrx_word' id='word_1_232' title='bbox 170 2845 364 2908; x_wconf 75' lang='grc' dir='ltr'>αὐτοῦ,</span> <span class='ocrx_word' id='word_1_233' title='bbox 397 2845 639 2898; x_wconf 80' lang='grc' dir='ltr'>τουτέστι</span> <span class='ocrx_word' id='word_1_234' title='bbox 664 2847 773 2906; x_wconf 87' lang='grc' dir='ltr'>τοῖς</span> <span class='ocrx_word' id='word_1_235' title='bbox 798 2845 1110 2908; x_wconf 83' lang='grc' dir='ltr'>ἀποστόλοις</span> <span class='ocrx_word' id='word_1_236' title='bbox 1132 2862 1145 2876; x_wconf 83' lang='lat'><strong><em>°</em></strong></span> <span class='ocrx_word' id='word_1_237' title='bbox 1181 2847 1506 2900; x_wconf 80' lang='grc' dir='ltr'>Καθεύδετε</span> <span class='ocrx_word' id='word_1_238' title='bbox 1529 2849 1593 2901; x_wconf 82' lang='grc' dir='ltr'>τὸ</span> <span class='ocrx_word' id='word_1_239' title='bbox 1615 2853 1736 2901; x_wconf 74' lang='grc' dir='ltr'>λοι-</span> 
     </span>
    </p>
   </div>
   <div class='ocr_carea' id='block_1_41' title="bbox 169 2936 1737 3007">
    <p class='ocr_par' dir='ltr' id='par_1_41' title="bbox 169 2936 1737 3007">
     <span class='ocr_line' id='line_1_41' title="bbox 169 2936 1737 3007; baseline 0.004 -20"><span class='ocrx_word' id='word_1_240' title='bbox 169 2937 314 3000; x_wconf 70' lang='grc' dir='ltr'>κόν,</span> <span class='ocrx_word' id='word_1_241' title='bbox 351 2938 448 2989; x_wconf 79' lang='grc' dir='ltr'>καὶ</span> <span class='ocrx_word' id='word_1_242' title='bbox 491 2939 945 2991; x_wconf 75' lang='grc' dir='ltr'>ἀναπαύσεσθεο</span> <span class='ocrx_word' id='word_1_243' title='bbox 998 2936 1207 3005; x_wconf 61' lang='lat' dir='ltr'><strong>ﬁmum</strong></span> <span class='ocrx_word' id='word_1_244' title='bbox 1249 2938 1358 3007; x_wconf 68' lang='grc' dir='ltr'>γὰρ</span> <span class='ocrx_word' id='word_1_245' title='bbox 1410 2941 1441 2991; x_wconf 88' lang='grc' dir='ltr'><em>ὀ</em></span> <span class='ocrx_word' id='word_1_246' title='bbox 1493 2940 1737 3007; x_wconf 80' lang='grc' dir='ltr'>παραδι-</span> 
     </span>
    </p>
   </div>
   <div class='ocr_carea' id='block_1_42' title="bbox 167 3025 444 3094">
    <p class='ocr_par' dir='ltr' id='par_1_42' title="bbox 167 3025 444 3094">
     <span class='ocr_line' id='line_1_42' title="bbox 167 3025 444 3094; baseline -0.007 -14"><span class='ocrx_word' id='word_1_247' title='bbox 167 3025 323 3090; x_wconf 83' lang='grc' dir='ltr'>δούς</span> <span class='ocrx_word' id='word_1_248' title='bbox 348 3043 444 3094; x_wconf 84' lang='grc' dir='ltr'><strong>με.</strong></span> 
     </span>
    </p>
   </div>
   <div class='ocr_carea' id='block_1_43' title="bbox 247 3134 1737 3211">
    <p class='ocr_par' dir='ltr' id='par_1_43' title="bbox 247 3134 1737 3211">
     <span class='ocr_line' id='line_1_43' title="bbox 247 3134 1737 3211; baseline 0.002 -22"><span class='ocrx_word' id='word_1_249' title='bbox 247 3134 302 3190; x_wconf 88' lang='lat'><em>9.</em></span> <span class='ocrx_word' id='word_1_250' title='bbox 345 3136 471 3189; x_wconf 74' lang='grc' dir='ltr'>Ἰδοὺ</span> <span class='ocrx_word' id='word_1_251' title='bbox 507 3137 539 3205; x_wconf 80' lang='grc' dir='ltr'>ἡ</span> <span class='ocrx_word' id='word_1_252' title='bbox 568 3135 896 3206; x_wconf 82' lang='grc' dir='ltr'>κληρονομία</span> <span class='ocrx_word' id='word_1_253' title='bbox 926 3136 1126 3206; x_wconf 87' lang='grc' dir='ltr'>Κυρίου</span> <span class='ocrx_word' id='word_1_254' title='bbox 1156 3137 1261 3189; x_wconf 75' lang='grc' dir='ltr'>υἱοὶ</span> <span class='ocrx_word' id='word_1_255' title='bbox 1295 3137 1446 3209; x_wconf 86' lang='grc' dir='ltr'>ὑμῶν</span> <span class='ocrx_word' id='word_1_256' title='bbox 1469 3138 1576 3192; x_wconf 86' lang='grc' dir='ltr'><strong>τῶν</strong></span> <span class='ocrx_word' id='word_1_257' title='bbox 1606 3156 1737 3211; x_wconf 82' lang='grc' dir='ltr'>προ-</span> 
     </span>
    </p>
   </div>
   <div class='ocr_carea' id='block_1_44' title="bbox 171 3228 788 3300">
    <p class='ocr_par' dir='ltr' id='par_1_44' title="bbox 171 3228 788 3300">
     <span class='ocr_line' id='line_1_44' title="bbox 171 3228 788 3300; baseline 0 -20"><span class='ocrx_word' id='word_1_258' title='bbox 171 3229 386 3300; x_wconf 76' lang='grc' dir='ltr'>φητῶν,</span> <span class='ocrx_word' id='word_1_259' title='bbox 411 3230 460 3281; x_wconf 85' lang='grc' dir='ltr'>οἱ</span> <span class='ocrx_word' id='word_1_260' title='bbox 487 3228 788 3280; x_wconf 85' lang='grc' dir='ltr'>ἀπόστολοι.</span> 
     </span>
    </p>
   </div>
   <div class='ocr_carea' id='block_1_45' title="bbox 252 3341 1736 3416">
    <p class='ocr_par' dir='ltr' id='par_1_45' title="bbox 252 3341 1736 3416">
     <span class='ocr_line' id='line_1_45' title="bbox 252 3341 1736 3416; baseline 0.003 -23"><span class='ocrx_word' id='word_1_261' title='bbox 252 3341 339 3394; x_wconf 95' lang='grc'><strong>10.</strong></span> <span class='ocrx_word' id='word_1_262' title='bbox 377 3341 484 3394; x_wconf 72' lang='grc' dir='ltr'><strong>Καὶ</strong></span> <span class='ocrx_word' id='word_1_263' title='bbox 509 3343 536 3394; x_wconf 78' lang='grc' dir='ltr'>ὁ</span> <span class='ocrx_word' id='word_1_264' title='bbox 568 3342 753 3411; x_wconf 84' lang='grc' dir='ltr'>μισθὸς</span> <span class='ocrx_word' id='word_1_265' title='bbox 776 3341 868 3394; x_wconf 89' lang='grc' dir='ltr'><strong>τοῦ</strong></span> <span class='ocrx_word' id='word_1_266' title='bbox 902 3341 1065 3393; x_wconf 85' lang='grc' dir='ltr'>πόνου</span> <span class='ocrx_word' id='word_1_267' title='bbox 1097 3342 1249 3413; x_wconf 77' lang='grc' dir='ltr'>ὑμῶν</span> <span class='ocrx_word' id='word_1_268' title='bbox 1281 3345 1373 3397; x_wconf 80' lang='grc' dir='ltr'><strong>καὶ</strong></span> <span class='ocrx_word' id='word_1_269' title='bbox 1404 3345 1500 3415; x_wconf 81' lang='grc' dir='ltr'>τῆς</span> <span class='ocrx_word' id='word_1_270' title='bbox 1529 3345 1736 3416; x_wconf 79' lang='grc' dir='ltr'>ὀδύνης,</span> 
     </span>
    </p>
   </div>
   <div class='ocr_carea' id='block_1_46' title="bbox 170 3428 1742 3504">
    <p class='ocr_par' dir='ltr' id='par_1_46' title="bbox 170 3428 1742 3504">
     <span class='ocr_line' id='line_1_46' title="bbox 170 3428 1742 3504; baseline 0.003 -19"><span class='ocrx_word' id='word_1_271' title='bbox 170 3428 245 3504; x_wconf 78' lang='grc' dir='ltr'>ἧς</span> <span class='ocrx_word' id='word_1_272' title='bbox 283 3433 428 3503; x_wconf 81' lang='grc' dir='ltr'>ἔχετε</span> <span class='ocrx_word' id='word_1_273' title='bbox 459 3434 533 3502; x_wconf 65' lang='grc'>(1)</span> <span class='ocrx_word' id='word_1_274' title='bbox 554 3434 671 3485; x_wconf 89' lang='grc' dir='ltr'>τότε</span> <span class='ocrx_word' id='word_1_275' title='bbox 698 3433 1092 3503; x_wconf 86' lang='grc' dir='ltr'>κυριεύσοντες,</span> <span class='ocrx_word' id='word_1_276' title='bbox 1118 3435 1339 3500; x_wconf 87' lang='grc' dir='ltr'>τούτους</span> <span class='ocrx_word' id='word_1_277' title='bbox 1360 3439 1486 3499; x_wconf 82' lang='grc' dir='ltr'>τοὺς</span> <span class='ocrx_word' id='word_1_278' title='bbox 1512 3439 1742 3489; x_wconf 87' lang='grc' dir='ltr'>ἀποστό-</span> 
     </span>
    </p>
   </div>
   <div class='ocr_carea' id='block_1_47' title="bbox 171 3530 679 3600">
    <p class='ocr_par' dir='ltr' id='par_1_47' title="bbox 171 3530 679 3600">
     <span class='ocr_line' id='line_1_47' title="bbox 171 3530 679 3600; baseline -0.004 -17"><span class='ocrx_word' id='word_1_279' title='bbox 171 3531 306 3593; x_wconf 91' lang='grc' dir='ltr'>λους</span> <span class='ocrx_word' id='word_1_280' title='bbox 328 3531 455 3600; x_wconf 81' lang='grc' dir='ltr'>ἡμῖν</span> <span class='ocrx_word' id='word_1_281' title='bbox 480 3530 679 3582; x_wconf 74' lang='grc' dir='ltr'>ἔτεκεν.</span> 
     </span>
    </p>
   </div>
   <div class='ocr_carea' id='block_1_48' title="bbox 253 3641 1742 3714">
    <p class='ocr_par' dir='ltr' id='par_1_48' title="bbox 253 3641 1742 3714">
     <span class='ocr_line' id='line_1_48' title="bbox 253 3641 1742 3714; baseline 0.002 -18"><span class='ocrx_word' id='word_1_282' title='bbox 253 3642 343 3696; x_wconf 88' lang='grc'><strong>11.</strong></span> <span class='ocrx_word' id='word_1_283' title='bbox 386 3643 470 3706; x_wconf 85' lang='grc' dir='ltr'>Ὡς</span> <span class='ocrx_word' id='word_1_284' title='bbox 505 3642 631 3712; x_wconf 80' lang='grc' dir='ltr'>βέλη</span> <span class='ocrx_word' id='word_1_285' title='bbox 656 3644 976 3712; x_wconf 79' lang='grc' dir='ltr'>πεμπόμενα</span> <span class='ocrx_word' id='word_1_286' title='bbox 1011 3641 1159 3712; x_wconf 86' lang='grc' dir='ltr'>παρά</span> <span class='ocrx_word' id='word_1_287' title='bbox 1195 3661 1336 3706; x_wconf 91' lang='grc' dir='ltr'>τινος</span> <span class='ocrx_word' id='word_1_288' title='bbox 1367 3643 1618 3714; x_wconf 77' lang='grc' dir='ltr'>εὐστόχου</span> <span class='ocrx_word' id='word_1_289' title='bbox 1650 3646 1742 3699; x_wconf 74' lang='grc' dir='ltr'><strong>καὶ</strong></span> 
     </span>
    </p>
   </div>
   <div class='ocr_carea' id='block_1_49' title="bbox 179 3733 1741 3808">
    <p class='ocr_par' dir='ltr' id='par_1_49' title="bbox 179 3733 1741 3808">
     <span class='ocr_line' id='line_1_49' title="bbox 179 3733 1741 3808; baseline 0.003 -22"><span class='ocrx_word' id='word_1_290' title='bbox 179 3735 428 3805; x_wconf 77' lang='grc' dir='ltr'>ἰσχυροῦ,</span> <span class='ocrx_word' id='word_1_291' title='bbox 467 3733 635 3797; x_wconf 74' lang='grc' dir='ltr'>οὕτως</span> <span class='ocrx_word' id='word_1_292' title='bbox 669 3736 802 3787; x_wconf 67' lang='grc' dir='ltr'>εἰσιν</span> <span class='ocrx_word' id='word_1_293' title='bbox 829 3737 876 3787; x_wconf 77' lang='grc' dir='ltr'>οἱ</span> <span class='ocrx_word' id='word_1_294' title='bbox 905 3734 1190 3788; x_wconf 87' lang='grc' dir='ltr'>ἀπόστολοι</span> <span class='ocrx_word' id='word_1_295' title='bbox 1232 3735 1332 3788; x_wconf 82' lang='grc' dir='ltr'><strong>ὑπὸ</strong></span> <span class='ocrx_word' id='word_1_296' title='bbox 1359 3737 1564 3808; x_wconf 83' lang='grc' dir='ltr'>Κυρίου</span> <span class='ocrx_word' id='word_1_297' title='bbox 1599 3755 1741 3808; x_wconf 87' lang='grc' dir='ltr'>πεμ-</span> 
     </span>
    </p>
   </div>
   <div class='ocr_carea' id='block_1_50' title="bbox 179 3826 907 3898">
    <p class='ocr_par' dir='ltr' id='par_1_50' title="bbox 179 3826 907 3898">
     <span class='ocr_line' id='line_1_50' title="bbox 179 3826 907 3898; baseline 0 -18"><span class='ocrx_word' id='word_1_298' title='bbox 179 3828 411 3897; x_wconf 81' lang='grc' dir='ltr'>πόμενοι</span> <span class='ocrx_word' id='word_1_299' title='bbox 434 3827 512 3889; x_wconf 83' lang='grc' dir='ltr'><strong>είς</strong></span> <span class='ocrx_word' id='word_1_300' title='bbox 539 3826 600 3879; x_wconf 80' lang='grc' dir='ltr'>τὺ</span> <span class='ocrx_word' id='word_1_301' title='bbox 631 3827 907 3898; x_wconf 83' lang='grc' dir='ltr'>κήρυγμα.</span> 
     </span>
    </p>
   </div>
   <div class='ocr_carea' id='block_1_51' title="bbox 257 3938 1744 4010">
    <p class='ocr_par' dir='ltr' id='par_1_51' title="bbox 257 3938 1744 4010">
     <span class='ocr_line' id='line_1_51' title="bbox 257 3938 1744 4010; baseline 0.001 -17"><span class='ocrx_word' id='word_1_302' title='bbox 257 3940 343 3993; x_wconf 72' lang='grc'>12.</span> <span class='ocrx_word' id='word_1_303' title='bbox 373 3941 433 3992; x_wconf 79' lang='grc' dir='ltr'>Οἱ</span> <span class='ocrx_word' id='word_1_304' title='bbox 467 3941 570 3992; x_wconf 75' lang='grc' dir='ltr'>υἱοὶ</span> <span class='ocrx_word' id='word_1_305' title='bbox 597 3940 702 3992; x_wconf 85' lang='grc' dir='ltr'><strong>τῶν</strong></span> <span class='ocrx_word' id='word_1_306' title='bbox 733 3939 1044 4010; x_wconf 80' lang='grc' dir='ltr'>προφητῶν,</span> <span class='ocrx_word' id='word_1_307' title='bbox 1076 3938 1182 3992; x_wconf 88' lang='grc' dir='ltr'><strong>τῶν</strong></span> <span class='ocrx_word' id='word_1_308' title='bbox 1216 3939 1289 4010; x_wconf 83' lang='grc' dir='ltr'><strong>μὴ</strong></span> <span class='ocrx_word' id='word_1_309' title='bbox 1323 3940 1551 4010; x_wconf 77' lang='grc' dir='ltr'>ἐχόντων</span> <span class='ocrx_word' id='word_1_310' title='bbox 1577 3942 1632 3996; x_wconf 84' lang='grc' dir='ltr'><strong>ἐν</strong></span> <span class='ocrx_word' id='word_1_311' title='bbox 1649 3941 1744 3995; x_wconf 74' lang='grc' dir='ltr'><strong>αύο</strong></span> 
     </span>
    </p>
   </div>
   <div class='ocr_carea' id='block_1_52' title="bbox 175 4028 1426 4101">
    <p class='ocr_par' dir='ltr' id='par_1_52' title="bbox 175 4028 1426 4101">
     <span class='ocr_line' id='line_1_52' title="bbox 175 4028 1426 4101; baseline -0.002 -16"><span class='ocrx_word' id='word_1_312' title='bbox 175 4034 298 4094; x_wconf 78' lang='grc' dir='ltr'>τοῖς</span> <span class='ocrx_word' id='word_1_313' title='bbox 341 4030 415 4101; x_wconf 83' lang='grc'><strong>(5)</strong></span> <span class='ocrx_word' id='word_1_314' title='bbox 466 4032 605 4093; x_wconf 87' lang='grc' dir='ltr'>σῖτα,</span> <span class='ocrx_word' id='word_1_315' title='bbox 636 4031 667 4100; x_wconf 82' lang='grc' dir='ltr'><strong>ἥ</strong></span> <span class='ocrx_word' id='word_1_316' title='bbox 698 4029 897 4100; x_wconf 86' lang='grc' dir='ltr'>βρῶσιν</span> <span class='ocrx_word' id='word_1_317' title='bbox 925 4029 1022 4099; x_wconf 79' lang='grc' dir='ltr'><strong>τὴν</strong></span> <span class='ocrx_word' id='word_1_318' title='bbox 1042 4028 1426 4098; x_wconf 76' lang='grc' dir='ltr'>ἀφανίζουσαν.</span> 
     </span>
    </p>
   </div>
   <div class='ocr_carea' id='block_1_53' title="bbox 253 4143 1743 4217">
    <p class='ocr_par' dir='ltr' id='par_1_53' title="bbox 253 4143 1743 4217">
     <span class='ocr_line' id='line_1_53' title="bbox 253 4143 1743 4217; baseline 0 -19"><span class='ocrx_word' id='word_1_319' title='bbox 253 4145 342 4198; x_wconf 74' lang='grc'><strong>15.</strong></span> <span class='ocrx_word' id='word_1_320' title='bbox 374 4144 674 4215; x_wconf 82' lang='grc' dir='ltr'>Μακάριος,</span> <span class='ocrx_word' id='word_1_321' title='bbox 699 4145 777 4198; x_wconf 82' lang='grc' dir='ltr'>ὅτι</span> <span class='ocrx_word' id='word_1_322' title='bbox 796 4143 1014 4217; x_wconf 84' lang='grc' dir='ltr'>[ὅστις]</span> <span class='ocrx_word' id='word_1_323' title='bbox 1040 4145 1115 4216; x_wconf 89' lang='grc'>(6)</span> <span class='ocrx_word' id='word_1_324' title='bbox 1150 4145 1247 4216; x_wconf 81' lang='grc' dir='ltr'><strong>τὴν</strong></span> <span class='ocrx_word' id='word_1_325' title='bbox 1294 4143 1584 4215; x_wconf 71' lang='grc' dir='ltr'>ἐπιθυμίαν</span> <span class='ocrx_word' id='word_1_326' title='bbox 1606 4143 1743 4214; x_wconf 76' lang='grc' dir='ltr'>ἔχων</span> 
     </span>
    </p>
   </div>
   <div class='ocr_carea' id='block_1_54' title="bbox 177 4234 1744 4307">
    <p class='ocr_par' dir='ltr' id='par_1_54' title="bbox 177 4234 1744 4307">
     <span class='ocr_line' id='line_1_54' title="bbox 177 4234 1744 4307; baseline -0.001 -18"><span class='ocrx_word' id='word_1_327' title='bbox 177 4238 264 4299; x_wconf 75' lang='grc' dir='ltr'><strong>εἰς</strong></span> <span class='ocrx_word' id='word_1_328' title='bbox 312 4234 379 4287; x_wconf 80' lang='grc' dir='ltr'>τὰ</span> <span class='ocrx_word' id='word_1_329' title='bbox 412 4235 674 4305; x_wconf 75' lang='grc' dir='ltr'>εἰρημένα</span> <span class='ocrx_word' id='word_1_330' title='bbox 724 4235 828 4287; x_wconf 82' lang='grc' dir='ltr'>ὑπὸ</span> <span class='ocrx_word' id='word_1_331' title='bbox 865 4234 969 4286; x_wconf 87' lang='grc' dir='ltr'><strong>τῶν</strong></span> <span class='ocrx_word' id='word_1_332' title='bbox 1019 4234 1365 4298; x_wconf 84' lang='grc' dir='ltr'>ἀποστόλων,</span> <span class='ocrx_word' id='word_1_333' title='bbox 1425 4234 1509 4291; x_wconf 67' lang='lat' dir='ltr'><strong>irai</strong></span> <span class='ocrx_word' id='word_1_334' title='bbox 1558 4234 1744 4307; x_wconf 86' lang='grc' dir='ltr'>μαθὼν</span> 
     </span>
    </p>
   </div>
   <div class='ocr_carea' id='block_1_55' title="bbox 176 4325 742 4397">
    <p class='ocr_par' dir='ltr' id='par_1_55' title="bbox 176 4325 742 4397">
     <span class='ocr_line' id='line_1_55' title="bbox 176 4325 742 4397; baseline -0.005 -16"><span class='ocrx_word' id='word_1_335' title='bbox 176 4325 344 4390; x_wconf 77' lang='grc' dir='ltr'>αὐτὰ,</span> <span class='ocrx_word' id='word_1_336' title='bbox 380 4327 474 4378; x_wconf 71' lang='grc' dir='ltr'><strong>καὶ</strong></span> <span class='ocrx_word' id='word_1_337' title='bbox 506 4325 742 4397; x_wconf 82' lang='grc' dir='ltr'>πληρῶν.</span> 
     </span>
    </p>
   </div>
   <div class='ocr_carea' id='block_1_56' title="bbox 255 4438 1744 4508">
    <p class='ocr_par' dir='ltr' id='par_1_56' title="bbox 255 4438 1744 4508">
     <span class='ocr_line' id='line_1_56' title="bbox 255 4438 1744 4508; baseline -0.001 -17"><span class='ocrx_word' id='word_1_338' title='bbox 255 4439 345 4492; x_wconf 68' lang='grc'>14.</span> <span class='ocrx_word' id='word_1_339' title='bbox 378 4440 438 4493; x_wconf 84' lang='lat' dir='ltr'><strong>Ol.</strong></span> <span class='ocrx_word' id='word_1_340' title='bbox 475 4440 699 4491; x_wconf 79' lang='grc' dir='ltr'>τοιοῦτοι</span> <span class='ocrx_word' id='word_1_341' title='bbox 723 4438 829 4508; x_wconf 83' lang='grc' dir='ltr'>γὰρ</span> <span class='ocrx_word' id='word_1_342' title='bbox 858 4438 918 4491; x_wconf 85' lang='grc' dir='ltr'><strong>οὐ</strong></span> <span class='ocrx_word' id='word_1_343' title='bbox 942 4438 1405 4508; x_wconf 83' lang='grc' dir='ltr'>καταισχύνονται,</span> <span class='ocrx_word' id='word_1_344' title='bbox 1435 4439 1559 4491; x_wconf 81' lang='grc' dir='ltr'>ὅταν</span> <span class='ocrx_word' id='word_1_345' title='bbox 1590 4455 1744 4507; x_wconf 88' lang='grc' dir='ltr'>μετα-</span> 
     </span>
    </p>
   </div>
   <div class='ocr_carea' id='block_1_57' title="bbox 1832 1960 3388 2039">
    <p class='ocr_par' dir='ltr' id='par_1_57' title="bbox 1832 1960 3388 2039">
     <span class='ocr_line' id='line_1_57' title="bbox 1832 1960 3388 2039; baseline -0.004 -17"><span class='ocrx_word' id='word_1_346' title='bbox 1832 1983 1976 2039; x_wconf 77' lang='lat' dir='ltr'><strong>gere,</strong></span> <span class='ocrx_word' id='word_1_347' title='bbox 1999 1976 2053 2022; x_wconf 90' lang='lat' dir='ltr'><strong>et</strong></span> <span class='ocrx_word' id='word_1_348' title='bbox 2083 1981 2302 2022; x_wconf 88' lang='lat' dir='ltr'><strong>sumere</strong></span> <span class='ocrx_word' id='word_1_349' title='bbox 2346 1967 2567 2021; x_wconf 84' lang='lat' dir='ltr'><strong>verbum</strong></span> <span class='ocrx_word' id='word_1_350' title='bbox 2612 1964 2704 2020; x_wconf 88' lang='lat' dir='ltr'><strong>Dei</strong></span> <span class='ocrx_word' id='word_1_351' title='bbox 2735 1971 2951 2034; x_wconf 90' lang='lat' dir='ltr'><strong>propter</strong></span> <span class='ocrx_word' id='word_1_352' title='bbox 2981 1960 3262 2015; x_wconf 89' lang='lat' dir='ltr'><strong>hominum</strong></span> <span class='ocrx_word' id='word_1_353' title='bbox 3302 1963 3388 2016; x_wconf 87' lang='lat' dir='ltr'><strong>in-</strong></span> 
     </span>
    </p>
   </div>
   <div class='ocr_carea' id='block_1_58' title="bbox 1831 2061 2227 2117">
    <p class='ocr_par' dir='ltr' id='par_1_58' title="bbox 1831 2061 2227 2117">
     <span class='ocr_line' id='line_1_58' title="bbox 1831 2061 2227 2117; baseline -0.003 -1"><span class='ocrx_word' id='word_1_354' title='bbox 1831 2061 2227 2117; x_wconf 84' lang='lat' dir='ltr'><strong>credulitatem.</strong></span> 
     </span>
    </p>
   </div>
   <div class='ocr_carea' id='block_1_59' title="bbox 1902 2172 3390 2242">
    <p class='ocr_par' dir='ltr' id='par_1_59' title="bbox 1902 2172 3390 2242">
     <span class='ocr_line' id='line_1_59' title="bbox 1902 2172 3390 2242; baseline -0.002 -15"><span class='ocrx_word' id='word_1_355' title='bbox 1902 2173 1954 2227; x_wconf 89' lang='lat'><em>6.</em></span> <span class='ocrx_word' id='word_1_356' title='bbox 1991 2172 2375 2228; x_wconf 81' lang='lat' dir='ltr'><strong>Verumtamen</strong></span> <span class='ocrx_word' id='word_1_357' title='bbox 2426 2180 2549 2242; x_wconf 87' lang='lat' dir='ltr'><strong>post</strong></span> <span class='ocrx_word' id='word_1_358' title='bbox 2599 2172 2978 2226; x_wconf 89' lang='lat' dir='ltr'><strong>dormitionem</strong></span> <span class='ocrx_word' id='word_1_359' title='bbox 3027 2181 3260 2227; x_wconf 80' lang='lat' dir='ltr'><strong>vestram</strong></span> <span class='ocrx_word' id='word_1_360' title='bbox 3304 2185 3390 2224; x_wconf 85' lang='lat' dir='ltr'><strong>re-</strong></span> 
     </span>
    </p>
   </div>
   <div class='ocr_carea' id='block_1_60' title="bbox 1834 2262 3390 2335">
    <p class='ocr_par' dir='ltr' id='par_1_60' title="bbox 1834 2262 3390 2335">
     <span class='ocr_line' id='line_1_60' title="bbox 1834 2262 3390 2335; baseline -0.002 -16"><span class='ocrx_word' id='word_1_361' title='bbox 1834 2268 2069 2335; x_wconf 81' lang='lat' dir='ltr'><strong>surgite;</strong></span> <span class='ocrx_word' id='word_1_362' title='bbox 2095 2275 2276 2321; x_wconf 85' lang='lat' dir='ltr'><strong>vester</strong></span> <span class='ocrx_word' id='word_1_363' title='bbox 2313 2265 2456 2319; x_wconf 91' lang='lat' dir='ltr'><strong>enim</strong></span> <span class='ocrx_word' id='word_1_364' title='bbox 2504 2279 2682 2318; x_wconf 87' lang='lat' dir='ltr'><strong>sermo</strong></span> <span class='ocrx_word' id='word_1_365' title='bbox 2708 2262 3109 2334; x_wconf 72' lang='lat' dir='ltr'><strong>praedicabitur,</strong></span> <span class='ocrx_word' id='word_1_366' title='bbox 3136 2273 3190 2318; x_wconf 91' lang='lat' dir='ltr'><strong>et</strong></span> <span class='ocrx_word' id='word_1_367' title='bbox 3216 2263 3390 2318; x_wconf 85' lang='lat' dir='ltr'><strong>addu-</strong></span> 
     </span>
    </p>
   </div>
   <div class='ocr_carea' id='block_1_61' title="bbox 1833 2356 2557 2411">
    <p class='ocr_par' dir='ltr' id='par_1_61' title="bbox 1833 2356 2557 2411">
     <span class='ocr_line' id='line_1_61' title="bbox 1833 2356 2557 2411; baseline -0.001 -1"><span class='ocrx_word' id='word_1_368' title='bbox 1833 2365 1918 2410; x_wconf 87' lang='lat' dir='ltr'><strong>cet</strong></span> <span class='ocrx_word' id='word_1_369' title='bbox 1947 2371 2135 2411; x_wconf 87' lang='lat' dir='ltr'><strong>omnes</strong></span> <span class='ocrx_word' id='word_1_370' title='bbox 2169 2357 2233 2409; x_wconf 88' lang='lat' dir='ltr'><strong>ad</strong></span> <span class='ocrx_word' id='word_1_371' title='bbox 2260 2356 2352 2411; x_wconf 88' lang='lat' dir='ltr'><strong>Dei</strong></span> <span class='ocrx_word' id='word_1_372' title='bbox 2377 2356 2557 2410; x_wconf 88' lang='lat' dir='ltr'><strong>tidem.</strong></span> 
     </span>
    </p>
   </div>
   <div class='ocr_carea' id='block_1_62' title="bbox 1905 2465 3392 2536">
    <p class='ocr_par' dir='ltr' id='par_1_62' title="bbox 1905 2465 3392 2536">
     <span class='ocr_line' id='line_1_62' title="bbox 1905 2465 3392 2536; baseline -0.001 -15"><span class='ocrx_word' id='word_1_373' title='bbox 1905 2467 1956 2521; x_wconf 89' lang='lat'><em>7.</em></span> <span class='ocrx_word' id='word_1_374' title='bbox 1984 2466 2139 2522; x_wconf 87' lang='lat' dir='ltr'><strong>Nunc</strong></span> <span class='ocrx_word' id='word_1_375' title='bbox 2171 2477 2374 2532; x_wconf 87' lang='lat' dir='ltr'><strong>autem,</strong></span> <span class='ocrx_word' id='word_1_376' title='bbox 2404 2469 2530 2536; x_wconf 89' lang='lat' dir='ltr'><strong>quia</strong></span> <span class='ocrx_word' id='word_1_377' title='bbox 2576 2481 2736 2521; x_wconf 90' lang='lat' dir='ltr'><strong>nemo</strong></span> <span class='ocrx_word' id='word_1_378' title='bbox 2781 2481 2880 2521; x_wconf 86' lang='lat' dir='ltr'><strong>vos</strong></span> <span class='ocrx_word' id='word_1_379' title='bbox 2923 2466 3092 2534; x_wconf 82' lang='lat' dir='ltr'><strong>audit,</strong></span> <span class='ocrx_word' id='word_1_380' title='bbox 3127 2480 3251 2523; x_wconf 90' lang='lat' dir='ltr'><strong>cum</strong></span> <span class='ocrx_word' id='word_1_381' title='bbox 3296 2465 3392 2521; x_wconf 89' lang='lat' dir='ltr'><strong>do-</strong></span> 
     </span>
    </p>
   </div>
   <div class='ocr_carea' id='block_1_63' title="bbox 1832 2559 2658 2630">
    <p class='ocr_par' dir='ltr' id='par_1_63' title="bbox 1832 2559 2658 2630">
     <span class='ocr_line' id='line_1_63' title="bbox 1832 2559 2658 2630; baseline -0.005 -12"><span class='ocrx_word' id='word_1_382' title='bbox 1832 2559 1949 2618; x_wconf 81' lang='lat' dir='ltr'><strong>lore</strong></span> <span class='ocrx_word' id='word_1_383' title='bbox 1977 2560 2139 2615; x_wconf 90' lang='lat' dir='ltr'><strong>editis</strong></span> <span class='ocrx_word' id='word_1_384' title='bbox 2171 2576 2364 2630; x_wconf 89' lang='lat' dir='ltr'><strong>panem</strong></span> <span class='ocrx_word' id='word_1_385' title='bbox 2397 2568 2658 2614; x_wconf 89' lang='lat' dir='ltr'><strong>vestrum.</strong></span> 
     </span>
    </p>
   </div>
   <div class='ocr_carea' id='block_1_64' title="bbox 1905 2671 3394 2744">
    <p class='ocr_par' dir='ltr' id='par_1_64' title="bbox 1905 2671 3394 2744">
     <span class='ocr_line' id='line_1_64' title="bbox 1905 2671 3394 2744; baseline -0.001 -16"><span class='ocrx_word' id='word_1_386' title='bbox 1905 2675 1956 2728; x_wconf 91' lang='lat'><em>8.</em></span> <span class='ocrx_word' id='word_1_387' title='bbox 1987 2673 2223 2728; x_wconf 85' lang='lat' dir='ltr'><strong>Tandem</strong></span> <span class='ocrx_word' id='word_1_388' title='bbox 2257 2673 2570 2744; x_wconf 73' lang='lat' dir='ltr'><strong>resurgetis,</strong></span> <span class='ocrx_word' id='word_1_389' title='bbox 2599 2688 2721 2728; x_wconf 93' lang='lat' dir='ltr'><strong>cum</strong></span> <span class='ocrx_word' id='word_1_390' title='bbox 2757 2671 3018 2727; x_wconf 87' lang='lat' dir='ltr'><strong>Dominus</strong></span> <span class='ocrx_word' id='word_1_391' title='bbox 3042 2673 3394 2741; x_wconf 87' lang='lat' dir='ltr'><strong>comprehen-</strong></span> 
     </span>
    </p>
   </div>
   <div class='ocr_carea' id='block_1_65' title="bbox 1835 2762 3391 2832">
    <p class='ocr_par' dir='ltr' id='par_1_65' title="bbox 1835 2762 3391 2832">
     <span class='ocr_line' id='line_1_65' title="bbox 1835 2762 3391 2832; baseline -0.001 -14"><span class='ocrx_word' id='word_1_392' title='bbox 1835 2766 1991 2819; x_wconf 89' lang='lat' dir='ltr'><strong>detur</strong></span> <span class='ocrx_word' id='word_1_393' title='bbox 2035 2779 2067 2817; x_wconf 88' lang='lat' dir='ltr'><strong>a</strong></span> <span class='ocrx_word' id='word_1_394' title='bbox 2111 2762 2310 2817; x_wconf 64' lang='lat' dir='ltr'><strong>Judmis</strong></span> <span class='ocrx_word' id='word_1_395' title='bbox 2366 2764 2506 2816; x_wconf 89' lang='lat' dir='ltr'><strong>inter</strong></span> <span class='ocrx_word' id='word_1_396' title='bbox 2564 2779 2693 2817; x_wconf 90' lang='lat' dir='ltr'><strong>suos</strong></span> <span class='ocrx_word' id='word_1_397' title='bbox 2726 2763 2974 2826; x_wconf 89' lang='lat' dir='ltr'><strong>dilectos,</strong></span> <span class='ocrx_word' id='word_1_398' title='bbox 3007 2764 3108 2816; x_wconf 89' lang='lat' dir='ltr'><strong>hoc</strong></span> <span class='ocrx_word' id='word_1_399' title='bbox 3140 2771 3223 2817; x_wconf 90' lang='lat' dir='ltr'><strong>est</strong></span> <span class='ocrx_word' id='word_1_400' title='bbox 3259 2778 3391 2832; x_wconf 87' lang='lat' dir='ltr'><strong>apo-</strong></span> 
     </span>
    </p>
   </div>
   <div class='ocr_carea' id='block_1_66' title="bbox 1836 2855 3395 2925">
    <p class='ocr_par' dir='ltr' id='par_1_66' title="bbox 1836 2855 3395 2925">
     <span class='ocr_line' id='line_1_66' title="bbox 1836 2855 3395 2925; baseline -0.003 -13"><span class='ocrx_word' id='word_1_401' title='bbox 1836 2858 2025 2922; x_wconf 87' lang='lat' dir='ltr'><strong>stolos,</strong></span> <span class='ocrx_word' id='word_1_402' title='bbox 2055 2866 2107 2912; x_wconf 87' lang='lat' dir='ltr'><strong>et</strong></span> <span class='ocrx_word' id='word_1_403' title='bbox 2145 2855 2380 2912; x_wconf 75' lang='lat' dir='ltr'><strong>dixerit:</strong></span> <span class='ocrx_word' id='word_1_404' title='bbox 2416 2855 2651 2909; x_wconf 78' lang='lat' dir='ltr'><strong>Dormile</strong></span> <span class='ocrx_word' id='word_1_405' title='bbox 2694 2856 2811 2924; x_wconf 86' lang='lat' dir='ltr'><strong>jam</strong></span> <span class='ocrx_word' id='word_1_406' title='bbox 2847 2865 2894 2908; x_wconf 80' lang='lat' dir='ltr'><strong>et</strong></span> <span class='ocrx_word' id='word_1_407' title='bbox 2936 2857 3258 2925; x_wconf 66' lang='lat' dir='ltr'><strong>requiescite,</strong></span> <span class='ocrx_word' id='word_1_408' title='bbox 3298 2871 3395 2925; x_wconf 81' lang='lat' dir='ltr'><strong>ap-</strong></span> 
     </span>
    </p>
   </div>
   <div class='ocr_carea' id='block_1_67' title="bbox 1837 2947 2881 3020">
    <p class='ocr_par' dir='ltr' id='par_1_67' title="bbox 1837 2947 2881 3020">
     <span class='ocr_line' id='line_1_67' title="bbox 1837 2947 2881 3020; baseline -0.004 -17"><span class='ocrx_word' id='word_1_409' title='bbox 1837 2951 2202 3020; x_wconf 74' lang='lat' dir='ltr'><strong>propinquavit</strong></span> <span class='ocrx_word' id='word_1_410' title='bbox 2233 2951 2369 3003; x_wconf 79' lang='lat' dir='ltr'><strong>enim</strong></span> <span class='ocrx_word' id='word_1_411' title='bbox 2397 2949 2485 3018; x_wconf 79' lang='lat' dir='ltr'><strong>qui</strong></span> <span class='ocrx_word' id='word_1_412' title='bbox 2515 2965 2594 3002; x_wconf 90' lang='lat' dir='ltr'><strong>me</strong></span> <span class='ocrx_word' id='word_1_413' title='bbox 2624 2947 2793 3001; x_wconf 79' lang='lat' dir='ltr'><strong>tradet</strong></span> <span class='ocrx_word' id='word_1_414' title='bbox 2818 2948 2881 2999; x_wconf 87' lang='grc'><strong>⁷⁸.</strong></span> 
     </span>
    </p>
   </div>
   <div class='ocr_carea' id='block_1_68' title="bbox 1907 3144 3391 3219">
    <p class='ocr_par' dir='ltr' id='par_1_68' title="bbox 1907 3144 3391 3219">
     <span class='ocr_line' id='line_1_68' title="bbox 1907 3144 3391 3219; baseline 0.001 -18"><span class='ocrx_word' id='word_1_415' title='bbox 1907 3146 1962 3201; x_wconf 88' lang='grc'><strong>9.</strong></span> <span class='ocrx_word' id='word_1_416' title='bbox 1989 3144 2128 3202; x_wconf 89' lang='lat' dir='ltr'><strong>Ecce</strong></span> <span class='ocrx_word' id='word_1_417' title='bbox 2156 3146 2440 3202; x_wconf 79' lang='lat' dir='ltr'><strong>hzereditas</strong></span> <span class='ocrx_word' id='word_1_418' title='bbox 2468 3147 2678 3201; x_wconf 89' lang='lat' dir='ltr'><strong>Domini</strong></span> <span class='ocrx_word' id='word_1_419' title='bbox 2706 3146 2800 3202; x_wconf 88' lang='lat' dir='ltr'><strong>ﬁlii</strong></span> <span class='ocrx_word' id='word_1_420' title='bbox 2824 3148 3010 3212; x_wconf 86' lang='lat' dir='ltr'><strong>vestri,</strong></span> <span class='ocrx_word' id='word_1_421' title='bbox 3042 3162 3075 3203; x_wconf 91' lang='grc' dir='ltr'><strong>ο</strong></span> <span class='ocrx_word' id='word_1_422' title='bbox 3106 3147 3391 3219; x_wconf 64' lang='lat' dir='ltr'><strong>prophetae,</strong></span> 
     </span>
    </p>
   </div>
   <div class='ocr_carea' id='block_1_69' title="bbox 1767 3209 2089 3310">
    <p class='ocr_par' dir='ltr' id='par_1_69' title="bbox 1767 3209 2089 3310">
     <span class='ocr_line' id='line_1_69' title="bbox 1767 3209 2089 3310; baseline 0 -18"><span class='ocrx_word' id='word_1_423' title='bbox 1767 3209 1808 3268; x_wconf 68' lang='grc' dir='ltr'><strong>θ</strong></span> <span class='ocrx_word' id='word_1_424' title='bbox 1842 3240 2089 3310; x_wconf 86' lang='lat' dir='ltr'><strong>apostoli.</strong></span> 
     </span>
    </p>
   </div>
   <div class='ocr_carea' id='block_1_70' title="bbox 1914 3352 3393 3422">
    <p class='ocr_par' dir='ltr' id='par_1_70' title="bbox 1914 3352 3393 3422">
     <span class='ocr_line' id='line_1_70' title="bbox 1914 3352 3393 3422; baseline -0.002 -14"><span class='ocrx_word' id='word_1_425' title='bbox 1914 3354 2000 3409; x_wconf 89' lang='grc'><strong>10.</strong></span> <span class='ocrx_word' id='word_1_426' title='bbox 2037 3352 2101 3407; x_wconf 82' lang='grc' dir='ltr'>Ει</span> <span class='ocrx_word' id='word_1_427' title='bbox 2130 3368 2337 3409; x_wconf 83' lang='lat' dir='ltr'><strong>merces</strong></span> <span class='ocrx_word' id='word_1_428' title='bbox 2385 3353 2584 3408; x_wconf 89' lang='lat' dir='ltr'><strong>laboris</strong></span> <span class='ocrx_word' id='word_1_429' title='bbox 2639 3353 2835 3416; x_wconf 84' lang='lat' dir='ltr'><strong>vestri,</strong></span> <span class='ocrx_word' id='word_1_430' title='bbox 2886 3361 2940 3408; x_wconf 92' lang='lat' dir='ltr'><strong>et</strong></span> <span class='ocrx_word' id='word_1_431' title='bbox 2985 3352 3187 3407; x_wconf 90' lang='lat' dir='ltr'><strong>doloris</strong></span> <span class='ocrx_word' id='word_1_432' title='bbox 3236 3367 3393 3422; x_wconf 89' lang='lat' dir='ltr'><strong>quem</strong></span> 
     </span>
    </p>
   </div>
   <div class='ocr_carea' id='block_1_71' title="bbox 1840 3445 3394 3517">
    <p class='ocr_par' dir='ltr' id='par_1_71' title="bbox 1840 3445 3394 3517">
     <span class='ocr_line' id='line_1_71' title="bbox 1840 3445 3394 3517; baseline 0 -17"><span class='ocrx_word' id='word_1_433' title='bbox 1840 3446 2119 3500; x_wconf 82' lang='lat' dir='ltr'><strong>habebatis</strong></span> <span class='ocrx_word' id='word_1_434' title='bbox 2145 3455 2273 3500; x_wconf 92' lang='lat' dir='ltr'><strong>tunc</strong></span> <span class='ocrx_word' id='word_1_435' title='bbox 2300 3447 2672 3516; x_wconf 62' lang='lat' dir='ltr'><strong>praedicantes,</strong></span> <span class='ocrx_word' id='word_1_436' title='bbox 2696 3447 2912 3502; x_wconf 89' lang='lat' dir='ltr'><strong>eosdem</strong></span> <span class='ocrx_word' id='word_1_437' title='bbox 2940 3445 3214 3517; x_wconf 87' lang='lat' dir='ltr'><strong>apostolos</strong></span> <span class='ocrx_word' id='word_1_438' title='bbox 3245 3445 3394 3500; x_wconf 82' lang='lat' dir='ltr'><strong>nobis</strong></span> 
     </span>
    </p>
   </div>
   <div class='ocr_carea' id='block_1_72' title="bbox 1838 3536 2064 3606">
    <p class='ocr_par' dir='ltr' id='par_1_72' title="bbox 1838 3536 2064 3606">
     <span class='ocr_line' id='line_1_72' title="bbox 1838 3536 2064 3606; baseline 0 -16"><span class='ocrx_word' id='word_1_439' title='bbox 1838 3536 2064 3606; x_wconf 85' lang='lat' dir='ltr'><strong>peperit.</strong></span> 
     </span>
    </p>
   </div>
   <div class='ocr_carea' id='block_1_73' title="bbox 1913 3648 3397 3720">
    <p class='ocr_par' dir='ltr' id='par_1_73' title="bbox 1913 3648 3397 3720">
     <span class='ocr_line' id='line_1_73' title="bbox 1913 3648 3397 3720; baseline 0 -15"><span class='ocrx_word' id='word_1_440' title='bbox 1913 3652 1998 3706; x_wconf 87' lang='grc'><strong>11.</strong></span> <span class='ocrx_word' id='word_1_441' title='bbox 2031 3650 2181 3709; x_wconf 91' lang='lat' dir='ltr'><strong>Sicut</strong></span> <span class='ocrx_word' id='word_1_442' title='bbox 2215 3653 2316 3707; x_wconf 89' lang='lat' dir='ltr'><strong>tela</strong></span> <span class='ocrx_word' id='word_1_443' title='bbox 2340 3652 2506 3707; x_wconf 90' lang='lat' dir='ltr'><strong>missa</strong></span> <span class='ocrx_word' id='word_1_444' title='bbox 2537 3650 2605 3705; x_wconf 87' lang='lat' dir='ltr'><strong>ab</strong></span> <span class='ocrx_word' id='word_1_445' title='bbox 2635 3649 2817 3719; x_wconf 91' lang='lat' dir='ltr'><strong>aliquo</strong></span> <span class='ocrx_word' id='word_1_446' title='bbox 2855 3649 3030 3720; x_wconf 89' lang='lat' dir='ltr'><strong>perito</strong></span> <span class='ocrx_word' id='word_1_447' title='bbox 3063 3658 3118 3704; x_wconf 90' lang='lat' dir='ltr'><strong>et</strong></span> <span class='ocrx_word' id='word_1_448' title='bbox 3152 3648 3276 3704; x_wconf 82' lang='lat' dir='ltr'><strong>forti</strong></span> <span class='ocrx_word' id='word_1_449' title='bbox 3309 3665 3397 3705; x_wconf 88' lang='lat' dir='ltr'><strong>sa-</strong></span> 
     </span>
    </p>
   </div>
   <div class='ocr_carea' id='block_1_74' title="bbox 1840 3741 3396 3814">
    <p class='ocr_par' dir='ltr' id='par_1_74' title="bbox 1840 3741 3396 3814">
     <span class='ocr_line' id='line_1_74' title="bbox 1840 3741 3396 3814; baseline 0.001 -18"><span class='ocrx_word' id='word_1_450' title='bbox 1840 3743 2091 3813; x_wconf 76' lang='lat' dir='ltr'><strong>gittario;</strong></span> <span class='ocrx_word' id='word_1_451' title='bbox 2122 3745 2194 3800; x_wconf 90' lang='lat' dir='ltr'><strong>ita</strong></span> <span class='ocrx_word' id='word_1_452' title='bbox 2224 3753 2350 3800; x_wconf 91' lang='lat' dir='ltr'><strong>sunt</strong></span> <span class='ocrx_word' id='word_1_453' title='bbox 2394 3743 2623 3814; x_wconf 88' lang='lat' dir='ltr'><strong>apostoli</strong></span> <span class='ocrx_word' id='word_1_454' title='bbox 2652 3743 2806 3798; x_wconf 89' lang='lat' dir='ltr'><strong>missi</strong></span> <span class='ocrx_word' id='word_1_455' title='bbox 2836 3758 2866 3798; x_wconf 94' lang='lat' dir='ltr'><strong>a</strong></span> <span class='ocrx_word' id='word_1_456' title='bbox 2892 3741 3120 3799; x_wconf 89' lang='lat' dir='ltr'><strong>Domino</strong></span> <span class='ocrx_word' id='word_1_457' title='bbox 3153 3742 3218 3798; x_wconf 88' lang='lat' dir='ltr'><strong>ad</strong></span> <span class='ocrx_word' id='word_1_458' title='bbox 3257 3758 3396 3808; x_wconf 76' lang='lat' dir='ltr'><strong>pra:-</strong></span> 
     </span>
    </p>
   </div>
   <div class='ocr_carea' id='block_1_75' title="bbox 1840 3835 2145 3890">
    <p class='ocr_par' dir='ltr' id='par_1_75' title="bbox 1840 3835 2145 3890">
     <span class='ocr_line' id='line_1_75' title="bbox 1840 3835 2145 3890; baseline -0.007 0"><span class='ocrx_word' id='word_1_459' title='bbox 1840 3835 2145 3890; x_wconf 82' lang='lat' dir='ltr'><strong>dicandum.</strong></span> 
     </span>
    </p>
   </div>
   <div class='ocr_carea' id='block_1_76' title="bbox 1913 3945 3394 4016">
    <p class='ocr_par' dir='ltr' id='par_1_76' title="bbox 1913 3945 3394 4016">
     <span class='ocr_line' id='line_1_76' title="bbox 1913 3945 3394 4016; baseline 0.001 -16"><span class='ocrx_word' id='word_1_460' title='bbox 1913 3947 2000 4002; x_wconf 76' lang='grc'>12.</span> <span class='ocrx_word' id='word_1_461' title='bbox 2037 3945 2155 4000; x_wconf 86' lang='lat' dir='ltr'><strong>Filii</strong></span> <span class='ocrx_word' id='word_1_462' title='bbox 2184 3948 2563 4015; x_wconf 84' lang='lat' dir='ltr'><strong>prophetarum</strong></span> <span class='ocrx_word' id='word_1_463' title='bbox 2607 3961 2715 4000; x_wconf 92' lang='lat' dir='ltr'><strong>non</strong></span> <span class='ocrx_word' id='word_1_464' title='bbox 2751 3946 3062 4001; x_wconf 89' lang='lat' dir='ltr'><strong>habentium</strong></span> <span class='ocrx_word' id='word_1_465' title='bbox 3102 3946 3155 4000; x_wconf 93' lang='lat' dir='ltr'><strong>in</strong></span> <span class='ocrx_word' id='word_1_466' title='bbox 3181 3962 3239 4002; x_wconf 88' lang='lat' dir='ltr'><strong>se</strong></span> <span class='ocrx_word' id='word_1_467' title='bbox 3264 3947 3394 4016; x_wconf 82' lang='lat' dir='ltr'><strong>ipsis</strong></span> 
     </span>
    </p>
   </div>
   <div class='ocr_carea' id='block_1_77' title="bbox 1843 4036 2920 4104">
    <p class='ocr_par' dir='ltr' id='par_1_77' title="bbox 1843 4036 2920 4104">
     <span class='ocr_line' id='line_1_77' title="bbox 1843 4036 2920 4104; baseline -0.002 -13"><span class='ocrx_word' id='word_1_468' title='bbox 1843 4036 2195 4104; x_wconf 80' lang='lat' dir='ltr'><strong>frumentum,</strong></span> <span class='ocrx_word' id='word_1_469' title='bbox 2229 4047 2322 4092; x_wconf 88' lang='lat' dir='ltr'><strong>aut</strong></span> <span class='ocrx_word' id='word_1_470' title='bbox 2345 4051 2526 4093; x_wconf 84' lang='lat' dir='ltr'><strong>escam</strong></span> <span class='ocrx_word' id='word_1_471' title='bbox 2562 4037 2920 4091; x_wconf 86' lang='lat' dir='ltr'><strong>deﬁcientem.</strong></span> 
     </span>
    </p>
   </div>
   <div class='ocr_carea' id='block_1_78' title="bbox 1918 4145 3396 4217">
    <p class='ocr_par' dir='ltr' id='par_1_78' title="bbox 1918 4145 3396 4217">
     <span class='ocr_line' id='line_1_78' title="bbox 1918 4145 3396 4217; baseline -0.001 -17"><span class='ocrx_word' id='word_1_472' title='bbox 1918 4147 2004 4202; x_wconf 77' lang='grc'><strong>15.</strong></span> <span class='ocrx_word' id='word_1_473' title='bbox 2040 4145 2235 4201; x_wconf 89' lang='lat' dir='ltr'><strong>Beatus</strong></span> <span class='ocrx_word' id='word_1_474' title='bbox 2261 4147 2569 4217; x_wconf 91' lang='lat' dir='ltr'><strong>quicunque</strong></span> <span class='ocrx_word' id='word_1_475' title='bbox 2593 4147 2800 4202; x_wconf 89' lang='lat' dir='ltr'><strong>habens</strong></span> <span class='ocrx_word' id='word_1_476' title='bbox 2828 4146 3154 4201; x_wconf 88' lang='lat' dir='ltr'><strong>desiderium</strong></span> <span class='ocrx_word' id='word_1_477' title='bbox 3186 4162 3396 4211; x_wconf 88' lang='lat' dir='ltr'><strong>eorum,</strong></span> 
     </span>
    </p>
   </div>
   <div class='ocr_carea' id='block_1_79' title="bbox 1840 4237 3394 4310">
    <p class='ocr_par' dir='ltr' id='par_1_79' title="bbox 1840 4237 3394 4310">
     <span class='ocr_line' id='line_1_79' title="bbox 1840 4237 3394 4310; baseline -0.001 -18"><span class='ocrx_word' id='word_1_478' title='bbox 1840 4253 1961 4310; x_wconf 66' lang='lat' dir='ltr'><strong>quae</strong></span> <span class='ocrx_word' id='word_1_479' title='bbox 1989 4239 2127 4294; x_wconf 83' lang='lat' dir='ltr'><strong>dicta</strong></span> <span class='ocrx_word' id='word_1_480' title='bbox 2151 4248 2278 4292; x_wconf 91' lang='lat' dir='ltr'><strong>sunt</strong></span> <span class='ocrx_word' id='word_1_481' title='bbox 2308 4237 2375 4291; x_wconf 90' lang='lat' dir='ltr'><strong>ab</strong></span> <span class='ocrx_word' id='word_1_482' title='bbox 2400 4237 2678 4306; x_wconf 89' lang='lat' dir='ltr'><strong>apostolis,</strong></span> <span class='ocrx_word' id='word_1_483' title='bbox 2707 4248 2759 4291; x_wconf 89' lang='lat' dir='ltr'><strong>et</strong></span> <span class='ocrx_word' id='word_1_484' title='bbox 2784 4237 2945 4292; x_wconf 85' lang='lat' dir='ltr'><strong>discit</strong></span> <span class='ocrx_word' id='word_1_485' title='bbox 2968 4237 3084 4306; x_wconf 88' lang='lat' dir='ltr'><strong>ipsa</strong></span> <span class='ocrx_word' id='word_1_486' title='bbox 3115 4244 3168 4290; x_wconf 90' lang='lat' dir='ltr'><strong>et</strong></span> <span class='ocrx_word' id='word_1_487' title='bbox 3190 4237 3394 4306; x_wconf 81' lang='lat' dir='ltr'><strong>implet.</strong></span> 
     </span>
    </p>
   </div>
   <div class='ocr_carea' id='block_1_80' title="bbox 1912 4432 3400 4499">
    <p class='ocr_par' dir='ltr' id='par_1_80' title="bbox 1912 4432 3400 4499">
     <span class='ocr_line' id='line_1_80' title="bbox 1912 4432 3400 4499; baseline -0.003 -8"><span class='ocrx_word' id='word_1_488' title='bbox 1912 4438 1998 4492; x_wconf 75' lang='lat' dir='ltr'><em>M.</em></span> <span class='ocrx_word' id='word_1_489' title='bbox 2029 4436 2188 4491; x_wconf 88' lang='lat' dir='ltr'><strong>Tales</strong></span> <span class='ocrx_word' id='word_1_490' title='bbox 2217 4435 2360 4491; x_wconf 90' lang='lat' dir='ltr'><strong>enim</strong></span> <span class='ocrx_word' id='word_1_491' title='bbox 2389 4450 2496 4489; x_wconf 89' lang='lat' dir='ltr'><strong>non</strong></span> <span class='ocrx_word' id='word_1_492' title='bbox 2529 4432 2956 4499; x_wconf 76' lang='lat' dir='ltr'><strong>confunduntur,</strong></span> <span class='ocrx_word' id='word_1_493' title='bbox 2985 4451 3106 4491; x_wconf 89' lang='lat' dir='ltr'><strong>cum</strong></span> <span class='ocrx_word' id='word_1_494' title='bbox 3138 4435 3400 4491; x_wconf 89' lang='lat' dir='ltr'><strong>decedunt</strong></span> 
     </span>
    </p>
   </div>
   <div class='ocr_carea' id='block_1_81' title="bbox 180 4527 1737 4606">
    <p class='ocr_par' dir='ltr' id='par_1_81' title="bbox 180 4530 1737 4602">
     <span class='ocr_line' id='line_1_81' title="bbox 180 4530 1737 4602; baseline -0.002 -16"><span class='ocrx_word' id='word_1_495' title='bbox 180 4534 441 4588; x_wconf 77' lang='grc' dir='ltr'>ϐαίνωσιν</span> <span class='ocrx_word' id='word_1_496' title='bbox 474 4536 537 4587; x_wconf 79' lang='grc' dir='ltr'><strong>ἐκ</strong></span> <span class='ocrx_word' id='word_1_497' title='bbox 581 4532 672 4585; x_wconf 83' lang='grc' dir='ltr'><strong>τοῦ</strong></span> <span class='ocrx_word' id='word_1_498' title='bbox 707 4533 909 4602; x_wconf 91' lang='grc' dir='ltr'>κόσμου</span> <span class='ocrx_word' id='word_1_499' title='bbox 946 4531 1132 4584; x_wconf 77' lang='grc' dir='ltr'>τούτου</span> <span class='ocrx_word' id='word_1_500' title='bbox 1153 4574 1167 4596; x_wconf 91' lang='grc'><strong>,</strong></span> <span class='ocrx_word' id='word_1_501' title='bbox 1209 4533 1300 4584; x_wconf 73' lang='grc' dir='ltr'><strong>καὶ</strong></span> <span class='ocrx_word' id='word_1_502' title='bbox 1327 4531 1560 4584; x_wconf 83' lang='grc' dir='ltr'>ἐναντίαι</span> <span class='ocrx_word' id='word_1_503' title='bbox 1587 4530 1737 4584; x_wconf 86' lang='grc' dir='ltr'>δυνά-</span> 
     </span>
    </p>
   </div>
   <div class='ocr_carea' id='block_1_82' title="bbox 1839 4527 3400 4606">
    <p class='ocr_par' dir='ltr' id='par_1_82' title="bbox 1845 4527 3400 4595">
     <span class='ocr_line' id='line_1_82' title="bbox 1845 4527 3400 4595; baseline -0.003 -11"><span class='ocrx_word' id='word_1_504' title='bbox 1845 4546 1910 4584; x_wconf 83' lang='lat' dir='ltr'><strong>ex</strong></span> <span class='ocrx_word' id='word_1_505' title='bbox 1940 4531 2041 4583; x_wconf 92' lang='lat' dir='ltr'><strong>hoc</strong></span> <span class='ocrx_word' id='word_1_506' title='bbox 2069 4528 2294 4592; x_wconf 83' lang='lat' dir='ltr'><strong>mundo,</strong></span> <span class='ocrx_word' id='word_1_507' title='bbox 2313 4536 2366 4580; x_wconf 91' lang='lat' dir='ltr'><strong>et</strong></span> <span class='ocrx_word' id='word_1_508' title='bbox 2381 4527 2667 4580; x_wconf 61' lang='lat' dir='ltr'><strong>contraria</strong></span> <span class='ocrx_word' id='word_1_509' title='bbox 2690 4536 2984 4595; x_wconf 77' lang='lat' dir='ltr'><strong>potestates</strong></span> <span class='ocrx_word' id='word_1_510' title='bbox 3015 4535 3223 4581; x_wconf 88' lang='lat' dir='ltr'><strong>stantes</strong></span> <span class='ocrx_word' id='word_1_511' title='bbox 3249 4535 3400 4580; x_wconf 81' lang='lat' dir='ltr'><strong>extra</strong></span> 
     </span>
    </p>
   </div>
   <div class='ocr_carea' id='block_1_83' title="bbox 185 4620 1745 4695">
    <p class='ocr_par' dir='ltr' id='par_1_83' title="bbox 185 4620 1745 4695">
     <span class='ocr_line' id='line_1_83' title="bbox 185 4620 1745 4695; baseline -0.001 -20"><span class='ocrx_word' id='word_1_512' title='bbox 185 4641 314 4695; x_wconf 87' lang='grc' dir='ltr'>μεις</span> <span class='ocrx_word' id='word_1_513' title='bbox 340 4623 573 4677; x_wconf 73' lang='grc' dir='ltr'>ἑστῶσαι</span> <span class='ocrx_word' id='word_1_514' title='bbox 602 4623 795 4687; x_wconf 75' lang='grc' dir='ltr'>ἔξωθεν</span> <span class='ocrx_word' id='word_1_515' title='bbox 824 4622 932 4676; x_wconf 88' lang='grc' dir='ltr'><strong>τῶν</strong></span> <span class='ocrx_word' id='word_1_516' title='bbox 955 4623 1132 4676; x_wconf 83' lang='grc' dir='ltr'>πυλῶν</span> <span class='ocrx_word' id='word_1_517' title='bbox 1157 4622 1248 4674; x_wconf 89' lang='grc' dir='ltr'><strong>τοῦ</strong></span> <span class='ocrx_word' id='word_1_518' title='bbox 1275 4620 1502 4693; x_wconf 83' lang='grc' dir='ltr'>ούρανοῦ</span> <span class='ocrx_word' id='word_1_519' title='bbox 1526 4621 1745 4693; x_wconf 82' lang='grc' dir='ltr'>ζητοῦσι</span> 
     </span>
    </p>
   </div>
   <div class='ocr_carea' id='block_1_84' title="bbox 182 4714 1738 4786">
    <p class='ocr_par' dir='ltr' id='par_1_84' title="bbox 182 4714 1738 4786">
     <span class='ocr_line' id='line_1_84' title="bbox 182 4714 1738 4786; baseline -0.002 -17"><span class='ocrx_word' id='word_1_520' title='bbox 182 4718 310 4769; x_wconf 78' lang='grc' dir='ltr'>κατ’</span> <span class='ocrx_word' id='word_1_521' title='bbox 335 4716 511 4769; x_wconf 75' lang='grc' dir='ltr'>αὐτῶν</span> <span class='ocrx_word' id='word_1_522' title='bbox 539 4717 716 4786; x_wconf 84' lang='grc' dir='ltr'>εὑρεῖν</span> <span class='ocrx_word' id='word_1_523' title='bbox 741 4733 860 4768; x_wconf 89' lang='grc' dir='ltr'>τινα</span> <span class='ocrx_word' id='word_1_524' title='bbox 888 4714 1081 4785; x_wconf 76' lang='grc' dir='ltr'>πρᾶξιν</span> <span class='ocrx_word' id='word_1_525' title='bbox 1117 4715 1355 4786; x_wconf 79' lang='grc' dir='ltr'>πονηρὰν</span> <span class='ocrx_word' id='word_1_526' title='bbox 1396 4715 1469 4784; x_wconf 85' lang='grc'><strong>(7)</strong></span> <span class='ocrx_word' id='word_1_527' title='bbox 1508 4716 1589 4776; x_wconf 88' lang='grc' dir='ltr'>εἰς</span> <span class='ocrx_word' id='word_1_528' title='bbox 1638 4715 1738 4767; x_wconf 80' lang='grc' dir='ltr'>αύ-</span> 
     </span>
    </p>
   </div>
   <div class='ocr_carea' id='block_1_85' title="bbox 182 4803 1744 4877">
    <p class='ocr_par' dir='ltr' id='par_1_85' title="bbox 182 4803 1744 4877">
     <span class='ocr_line' id='line_1_85' title="bbox 182 4803 1744 4877; baseline -0.002 -18"><span class='ocrx_word' id='word_1_529' title='bbox 182 4807 335 4870; x_wconf 81' lang='grc' dir='ltr'>τοὺς,</span> <span class='ocrx_word' id='word_1_530' title='bbox 365 4807 449 4858; x_wconf 79' lang='grc' dir='ltr'>ἵνα</span> <span class='ocrx_word' id='word_1_531' title='bbox 477 4807 920 4877; x_wconf 84' lang='grc' dir='ltr'>κατηγορήσωσιν</span> <span class='ocrx_word' id='word_1_532' title='bbox 950 4804 1127 4858; x_wconf 82' lang='grc' dir='ltr'>αὐτῶν</span> <span class='ocrx_word' id='word_1_533' title='bbox 1169 4804 1305 4876; x_wconf 82' lang='grc' dir='ltr'>πρὸς</span> <span class='ocrx_word' id='word_1_534' title='bbox 1348 4805 1438 4858; x_wconf 84' lang='grc' dir='ltr'><strong>τὸν</strong></span> <span class='ocrx_word' id='word_1_535' title='bbox 1487 4803 1619 4857; x_wconf 85' lang='grc' dir='ltr'>Θεὸν</span> <span class='ocrx_word' id='word_1_536' title='bbox 1670 4804 1744 4867; x_wconf 86' lang='grc' dir='ltr'>ὡς</span> 
     </span>
    </p>
   </div>
   <div class='ocr_carea' id='block_1_86' title="bbox 185 4896 605 4969">
    <p class='ocr_par' dir='ltr' id='par_1_86' title="bbox 185 4896 605 4969">
     <span class='ocr_line' id='line_1_86' title="bbox 185 4896 605 4969; baseline 0.002 -20"><span class='ocrx_word' id='word_1_537' title='bbox 185 4896 605 4969; x_wconf 73' lang='grc' dir='ltr'>ἡμαρτηκότων.</span> 
     </span>
    </p>
   </div>
   <div class='ocr_carea' id='block_1_87' title="bbox 259 5073 959 5140">
    <p class='ocr_par' dir='ltr' id='par_1_87' title="bbox 259 5073 959 5140">
     <span class='ocr_line' id='line_1_87' title="bbox 259 5073 959 5140; baseline 0.004 -13"><span class='ocrx_word' id='word_1_538' title='bbox 259 5076 308 5106; x_wconf 82' lang='grc'><strong>⁷⁸</strong></span> <span class='ocrx_word' id='word_1_539' title='bbox 339 5073 525 5131; x_wconf 75' lang='lat' dir='ltr'><strong>Matth.</strong></span> <span class='ocrx_word' id='word_1_540' title='bbox 567 5091 714 5140; x_wconf 79' lang='lat' dir='ltr'><strong>xxvr,</strong></span> <span class='ocrx_word' id='word_1_541' title='bbox 745 5076 832 5138; x_wconf 74' lang='grc'><strong>45,</strong></span> <span class='ocrx_word' id='word_1_542' title='bbox 865 5074 959 5136; x_wconf 75' lang='grc'><strong>46.</strong></span> 
     </span>
    </p>
   </div>
   <div class='ocr_carea' id='block_1_88' title="bbox 1847 4617 3398 4689">
    <p class='ocr_par' dir='ltr' id='par_1_88' title="bbox 1847 4617 3398 4689">
     <span class='ocr_line' id='line_1_88' title="bbox 1847 4617 3398 4689; baseline -0.003 -15"><span class='ocrx_word' id='word_1_543' title='bbox 1847 4622 1969 4675; x_wconf 73' lang='grc' dir='ltr'>οωιί</span> <span class='ocrx_word' id='word_1_544' title='bbox 2001 4629 2184 4689; x_wconf 89' lang='lat' dir='ltr'><strong>portas</strong></span> <span class='ocrx_word' id='word_1_545' title='bbox 2216 4628 2467 4689; x_wconf 69' lang='lat' dir='ltr'><strong>quaerunt</strong></span> <span class='ocrx_word' id='word_1_546' title='bbox 2506 4627 2692 4673; x_wconf 88' lang='lat' dir='ltr'><strong>contra</strong></span> <span class='ocrx_word' id='word_1_547' title='bbox 2719 4618 2866 4687; x_wconf 92' lang='lat' dir='ltr'><strong>ipsos</strong></span> <span class='ocrx_word' id='word_1_548' title='bbox 2892 4617 3132 4672; x_wconf 87' lang='lat' dir='ltr'><strong>invenire</strong></span> <span class='ocrx_word' id='word_1_549' title='bbox 3165 4619 3398 4686; x_wconf 86' lang='lat' dir='ltr'><strong>aliquam</strong></span> 
     </span>
    </p>
   </div>
   <div class='ocr_carea' id='block_1_89' title="bbox 1850 4707 3401 4780">
    <p class='ocr_par' dir='ltr' id='par_1_89' title="bbox 1850 4707 3401 4780">
     <span class='ocr_line' id='line_1_89' title="bbox 1850 4707 3401 4780; baseline 0 -14"><span class='ocrx_word' id='word_1_550' title='bbox 1850 4711 2150 4780; x_wconf 87' lang='lat' dir='ltr'><strong>improbam</strong></span> <span class='ocrx_word' id='word_1_551' title='bbox 2177 4711 2467 4779; x_wconf 89' lang='lat' dir='ltr'><strong>actionem,</strong></span> <span class='ocrx_word' id='word_1_552' title='bbox 2489 4720 2550 4764; x_wconf 92' lang='lat' dir='ltr'><strong>ut</strong></span> <span class='ocrx_word' id='word_1_553' title='bbox 2577 4724 2671 4766; x_wconf 91' lang='lat' dir='ltr'><strong>cos</strong></span> <span class='ocrx_word' id='word_1_554' title='bbox 2694 4719 2949 4780; x_wconf 84' lang='lat' dir='ltr'><strong>tanquam</strong></span> <span class='ocrx_word' id='word_1_555' title='bbox 2972 4717 3282 4780; x_wconf 85' lang='lat' dir='ltr'><strong>peccatores</strong></span> <span class='ocrx_word' id='word_1_556' title='bbox 3294 4707 3401 4766; x_wconf 77' lang='lat' dir='ltr'><strong>Deo</strong></span> 
     </span>
    </p>
   </div>
   <div class='ocr_carea' id='block_1_90' title="bbox 1850 4809 2122 4858">
    <p class='ocr_par' dir='ltr' id='par_1_90' title="bbox 1850 4809 2122 4858">
     <span class='ocr_line' id='line_1_90' title="bbox 1850 4809 2122 4858; baseline -0.004 -1"><span class='ocrx_word' id='word_1_557' title='bbox 1850 4809 2122 4858; x_wconf 88' lang='lat' dir='ltr'><strong>accusent.</strong></span> 
     </span>
    </p>
   </div>
   <div class='ocr_carea' id='block_1_91' title="bbox 1133 5228 2465 5314">
    <p class='ocr_par' dir='ltr' id='par_1_91' title="bbox 1133 5228 2465 5314">
     <span class='ocr_line' id='line_1_91' title="bbox 1133 5228 2465 5314; baseline -0.01 -15"><span class='ocrx_word' id='word_1_558' title='bbox 1133 5238 1431 5299; x_wconf 81' lang='lat' dir='ltr'><strong>Addenda</strong></span> <span class='ocrx_word' id='word_1_559' title='bbox 1463 5241 1524 5299; x_wconf 88' lang='lat' dir='ltr'><strong>et</strong></span> <span class='ocrx_word' id='word_1_560' title='bbox 1560 5233 1932 5314; x_wconf 79' lang='lat' dir='ltr'><strong>corrigenda</strong></span> <span class='ocrx_word' id='word_1_561' title='bbox 1969 5247 2044 5293; x_wconf 80' lang='lat' dir='ltr'><strong>ex</strong></span> <span class='ocrx_word' id='word_1_562' title='bbox 2095 5231 2235 5294; x_wconf 93' lang='lat' dir='ltr'><strong>cod.</strong></span> <span class='ocrx_word' id='word_1_563' title='bbox 2266 5228 2465 5291; x_wconf 83' lang='lat' dir='ltr'><strong>Vatic.</strong></span> 
     </span>
    </p>
   </div>
   <div class='ocr_carea' id='block_1_92' title="bbox 257 5421 1426 5508">
    <p class='ocr_par' dir='ltr' id='par_1_92' title="bbox 257 5421 1426 5508">
     <span class='ocr_line' id='line_1_92' title="bbox 257 5421 1426 5508; baseline 0.002 -30"><span class='ocrx_word' id='word_1_564' title='bbox 257 5423 334 5508; x_wconf 86' lang='lat'>(</span> <span class='ocrx_word' id='word_1_565' title='bbox 363 5421 759 5508; x_wconf 41' lang='lat' dir='ltr'><strong>T969953,“an</strong></span> <span class='ocrx_word' id='word_1_566' title='bbox 782 5426 943 5508; x_wconf 71' lang='grc' dir='ltr'>ύμᾶς,</span> <span class='ocrx_word' id='word_1_567' title='bbox 978 5425 1070 5476; x_wconf 70' lang='grc' dir='ltr'>καὶ</span> <span class='ocrx_word' id='word_1_568' title='bbox 1101 5424 1296 5488; x_wconf 83' lang='grc' dir='ltr'>λαλεῖν,</span> <span class='ocrx_word' id='word_1_569' title='bbox 1323 5435 1426 5480; x_wconf 86' lang='lat' dir='ltr'><strong>etc.</strong></span> 
     </span>
    </p>
   </div>
   <div class='ocr_carea' id='block_1_93' title="bbox 254 5494 1057 5582">
    <p class='ocr_par' dir='ltr' id='par_1_93' title="bbox 254 5494 1057 5582">
     <span class='ocr_line' id='line_1_93' title="bbox 254 5494 1057 5582; baseline -0.002 0"><span class='ocrx_word' id='word_1_570' title='bbox 254 5494 334 5582; x_wconf 65' lang='lat'><strong>£32</strong></span> <span class='ocrx_word' id='word_1_571' title='bbox 364 5496 494 5582; x_wconf 39' lang='lat' dir='ltr'><strong>Mss</strong></span> <span class='ocrx_word' id='word_1_572' title='bbox 516 5494 705 5582; x_wconf 61' lang='grc' dir='ltr'><strong>δὲρνῑπς</strong></span> <span class='ocrx_word' id='word_1_573' title='bbox 729 5496 930 5582; x_wconf 39' lang='lat' dir='ltr'><strong>tamen.</strong></span> <span class='ocrx_word' id='word_1_574' title='bbox 954 5503 1057 5579; x_wconf 66' lang='grc' dir='ltr'>ειε-</span> 
     </span>
    </p>
   </div>
   <div class='ocr_carea' id='block_1_94' title="bbox 256 5564 1739 5635">
    <p class='ocr_par' dir='ltr' id='par_1_94' title="bbox 256 5564 1739 5635">
     <span class='ocr_line' id='line_1_94' title="bbox 256 5564 1739 5635; baseline -0.003 -17"><span class='ocrx_word' id='word_1_575' title='bbox 256 5564 334 5633; x_wconf 76' lang='lat'><strong>(3)</strong></span> <span class='ocrx_word' id='word_1_576' title='bbox 363 5565 498 5618; x_wconf 90' lang='grc' dir='ltr'>Πότε</span> <span class='ocrx_word' id='word_1_577' title='bbox 538 5566 596 5617; x_wconf 79' lang='grc' dir='ltr'>δὲ</span> <span class='ocrx_word' id='word_1_578' title='bbox 643 5564 936 5634; x_wconf 84' lang='grc' dir='ltr'>ἐγείρεσθε,</span> <span class='ocrx_word' id='word_1_579' title='bbox 971 5566 1098 5635; x_wconf 84' lang='grc' dir='ltr'>ὅταν</span> <span class='ocrx_word' id='word_1_580' title='bbox 1125 5567 1151 5617; x_wconf 88' lang='grc' dir='ltr'><strong>ό</strong></span> <span class='ocrx_word' id='word_1_581' title='bbox 1190 5565 1391 5635; x_wconf 81' lang='grc' dir='ltr'>Ἰησοῦς</span> <span class='ocrx_word' id='word_1_582' title='bbox 1431 5569 1457 5617; x_wconf 87' lang='grc' dir='ltr'><strong>ό</strong></span> <span class='ocrx_word' id='word_1_583' title='bbox 1515 5566 1739 5635; x_wconf 84' lang='grc' dir='ltr'>μέλλων,</span> 
     </span>
    </p>
   </div>
   <div class='ocr_carea' id='block_1_95' title="bbox 182 5634 1726 5706">
    <p class='ocr_par' dir='ltr' id='par_1_95' title="bbox 182 5634 1726 5706">
     <span class='ocr_line' id='line_1_95' title="bbox 182 5634 1726 5706; baseline -0.001 -16"><span class='ocrx_word' id='word_1_584' title='bbox 182 5644 314 5701; x_wconf 82' lang='lat' dir='ltr'><strong>etc.,</strong></span> <span class='ocrx_word' id='word_1_585' title='bbox 333 5635 597 5690; x_wconf 78' lang='grc' dir='ltr'>Ἰουδαίων</span> <span class='ocrx_word' id='word_1_586' title='bbox 631 5637 759 5706; x_wconf 74' lang='grc' dir='ltr'>εἴπῃ</span> <span class='ocrx_word' id='word_1_587' title='bbox 789 5639 920 5702; x_wconf 87' lang='grc' dir='ltr'>τοῖς,</span> <span class='ocrx_word' id='word_1_588' title='bbox 950 5646 1051 5691; x_wconf 89' lang='lat' dir='ltr'><strong>etc.</strong></span> <span class='ocrx_word' id='word_1_589' title='bbox 1086 5634 1208 5690; x_wconf 79' lang='lat' dir='ltr'><strong>Mox</strong></span> <span class='ocrx_word' id='word_1_590' title='bbox 1230 5634 1377 5691; x_wconf 77' lang='lat' dir='ltr'><strong>deest</strong></span> <span class='ocrx_word' id='word_1_591' title='bbox 1405 5637 1494 5689; x_wconf 82' lang='grc' dir='ltr'><strong>καί</strong></span> <span class='ocrx_word' id='word_1_592' title='bbox 1519 5634 1572 5692; x_wconf 81' lang='lat' dir='ltr'><strong>et</strong></span> <span class='ocrx_word' id='word_1_593' title='bbox 1605 5637 1726 5704; x_wconf 72' lang='grc' dir='ltr'>γάρ.</span> 
     </span>
    </p>
   </div>
   <div class='ocr_carea' id='block_1_96' title="bbox 1919 5421 2762 5494">
    <p class='ocr_par' dir='ltr' id='par_1_96' title="bbox 1919 5421 2762 5494">
     <span class='ocr_line' id='line_1_96' title="bbox 1919 5421 2762 5494; baseline -0.002 -17"><span class='ocrx_word' id='word_1_594' title='bbox 1919 5426 1992 5493; x_wconf 73' lang='grc'><strong>(4)</strong></span> <span class='ocrx_word' id='word_1_595' title='bbox 2021 5425 2206 5494; x_wconf 78' lang='grc' dir='ltr'>Εἴχετε</span> <span class='ocrx_word' id='word_1_596' title='bbox 2230 5422 2347 5475; x_wconf 83' lang='grc' dir='ltr'>τότε</span> <span class='ocrx_word' id='word_1_597' title='bbox 2381 5421 2762 5494; x_wconf 74' lang='grc' dir='ltr'>κηρύσσοντες.</span> 
     </span>
    </p>
   </div>
   <div class='ocr_carea' id='block_1_97' title="bbox 1919 5491 3139 5581">
    <p class='ocr_par' dir='ltr' id='par_1_97' title="bbox 1919 5491 3139 5581">
     <span class='ocr_line' id='line_1_97' title="bbox 1919 5491 3139 5581; baseline -0.004 -32"><span class='ocrx_word' id='word_1_598' title='bbox 2155 5495 2362 5554; x_wconf 78' lang='grc' dir='ltr'>ἑαυτοῖς</span> <span class='ocrx_word' id='word_1_599' title='bbox 2399 5491 2537 5557; x_wconf 79' lang='grc' dir='ltr'>σῖτα,</span> <span class='ocrx_word' id='word_1_600' title='bbox 2571 5493 2603 5561; x_wconf 84' lang='grc' dir='ltr'>ἢ</span> <span class='ocrx_word' id='word_1_601' title='bbox 2634 5491 2831 5563; x_wconf 82' lang='grc' dir='ltr'>βρῶσίν</span> <span class='ocrx_word' id='word_1_602' title='bbox 2857 5504 2999 5553; x_wconf 85' lang='grc' dir='ltr'>τινα,</span> <span class='ocrx_word' id='word_1_603' title='bbox 3029 5498 3139 5544; x_wconf 82' lang='lat' dir='ltr'><strong>etc.</strong></span> 
     </span>
    </p>
   </div>
   <div class='ocr_carea' id='block_1_98' title="bbox 1910 5566 3010 5703">
    <p class='ocr_par' dir='ltr' id='par_1_98' title="bbox 1910 5566 3010 5703">
     <span class='ocr_line' id='line_1_98' title="bbox 1910 5566 3010 5703; baseline -0.005 -16"><span class='ocrx_word' id='word_1_604' title='bbox 1910 5567 1999 5703; x_wconf 45' lang='grc'><strong>((⁸9))</strong></span> <span class='ocrx_word' id='word_1_605' title='bbox 2022 5566 2268 5703; x_wconf 57' lang='grc' dir='ltr'>Πὲνηράν</span> <span class='ocrx_word' id='word_1_606' title='bbox 2294 5633 2642 5703; x_wconf 68' lang='grc' dir='ltr'>πεπραχότας</span> <span class='ocrx_word' id='word_1_607' title='bbox 2674 5632 2886 5695; x_wconf 68' lang='grc' dir='ltr'>αὐτούς,</span> <span class='ocrx_word' id='word_1_608' title='bbox 2909 5640 3010 5686; x_wconf 90' lang='lat' dir='ltr'><strong>ctc.</strong></span> 
     </span>
    </p>
   </div>
  </div>
