4110 6318
165 365 282 422 ηιι

233 475 307 530 14.
336 474 536 548 Εἰρήνη
568 473 664 529 ἐπὶ
697 473 789 530 τὸν
825 475 1062 548 Ἰσραήλ.

335 568 470 639 ’ῼδὴ
496 568 614 622 τῶν
656 569 1050 638 Ἀναόαθμῶν.
1121 571 1293 623 ΨΑΛ.
1337 571 1488 622 ΡΚΗ
1501 574 1532 620 ’.

232 661 278 715 l.
316 661 604 725 Πλεονάκις
632 659 973 732 ἑπολέμησάν
1009 676 1075 731 με
1101 661 1166 714 ὲκ
1192 659 1438 732 νεότητός
1469 677 1599 732 μουο

230 753 279 807 2.
307 753 525 808 Είπάτω
550 751 612 824 δὴ
663 749 874 823 Ἰσραήλ
895 767 910 783 ο
1193 743 1201 750 “

227 844 278 901 5.
299 844 586 908 Πλεονάκις
605 842 948 914 ἑπολέμησάν
975 859 1042 914 με
1068 846 1131 897 εκ
1155 842 1404 917 νεότητός
1429 861 1528 914 μου
1554 861 1565 873 ·

227 936 278 994 4.
307 936 415 991 Καὶ
438 937 548 1008 γὰρ
569 937 667 989 οὐκ
692 934 1033 1006 ἠδυνήθησαν
1066 952 1175 1006 μοι.

228 1033 276 1090 5.
308 1033 431 1088 Ἐπὶ
456 1032 548 1086 τὸν
572 1031 738 1086 νῶτόν
764 1047 863 1102 μου
895 1028 1012 1084 [τοῦ
1041 1029 1209 1087 νώτου
1242 1027 1369 1102 μου]
1403 1028 1706 1082 ὲτέκταινον

158 1126 206 1178 οί
233 1122 570 1195 ἁμαρτωλοί·

226 1215 274 1269 6.
315 1215 656 1287 Ἐμάκρυναν
686 1213 784 1286 τὴν
808 1212 1036 1282 ἀνομίαν
1065 1213 1263 1267 αὐτῶν.

225 1305 276 1360 7.
301 1307 501 1376 Κύριος
545 1306 749 1369 δίκαιος
784 1303 834 1379 [ὁ
876 1304 1080 1377 Κύριος
1114 1301 1358 1376 δικαίως]
1417 1301 1708 1371 συνέκοψεν

157 1398 378 1468 αὐχένας
406 1398 741 1471 ἁμαρτωλῶν
757 1412 770 1427 ·

224 1489 274 1544 8.
309 1491 792 1564 Αίσχυνθήτωσαν.
835 1490 927 1544 καὶ
959 1487 1460 1559 ἀποστραφήτωσαν
1514 1484 1592 1548 είς
1642 1482 1711 1535 τὰ

155 1580 329 1634 ὀπίσω
356 1580 553 1644 πάντες
591 1580 640 1632 oi.
669 1578 952 1650 μισοῦντες
978 1575 1136 1630 Σιών.

1050 364 1137 420 DE
1177 362 1451 421 TITULIS
1485 360 2220 421 PSALMORUM.—PSAL.
2260 358 2533 418 CXXVIII.

1741 481 1786 537 Α
1885 473 1970 529 14.
2009 471 2202 528 Pacem
2236 487 2400 542 super
2430 467 2617 525 Israel.

3241 350 3383 409 ηις

1998 565 2274 620 Canticum
2309 563 2603 618 Graduum.
2636 555 2836 614 PSAL.
2869 550 3194 611 CXXVIII.

1887 659 1940 713 1.
1971 656 2124 727 Stepe
2149 661 2600 726 expugnaverunt
2632 666 2718 706 me
2768 664 2800 704 a
2833 647 3118 718 juventute
3143 658 3307 700 mea:

1884 750 1940 804 2.
1972 747 2127 804 Dicat
2158 764 2303 803 nunc
2338 745 2520 809 Israel,

1888 838 1942 893 5.
1981 836 2134 908 Saepe
2159 841 2606 906 expugnaverunt
2637 845 2724 887 me
2752 845 2782 884 a
2811 830 3094 900 iuventute
3125 838 3246 880 mea
3274 841 3290 878 :

1885 928 1938 984 Α.
1967 927 2182 984 Etenim
2213 941 2321 982 non
2353 933 2644 996 potuerunt
2682 921 2835 977 mibi.

1891 1021 1943 1077 5.
1973 1022 2147 1092 Supra
2164 1018 2387 1074 dorsum
2413 1033 2594 1073 meum
2616 1014 3017 1070 fabricaverunt
3039 1017 3375 1082 peccatores:

1892 1200 1948 1256 6.
1977 1199 2450 1271 Prolongarerunt
2481 1196 2820 1267 iniquitatem
2853 1207 3030 1249 suam.

1891 1293 1943 1348 7.
1985 1293 2244 1349 Dominus
2265 1291 2450 1363 justus
2485 1287 2674 1363 [juste]
2711 1287 2950 1344 concidit
2977 1282 3211 1341 cervices
3256 1293 3381 1352 peo-

1813 1393 2058 1441 (ιιιιοτιιηι
2092 1401 2106 1438 2

1896 1476 1949 1531 8.
1975 1474 2412 1538 Confundantur,
2440 1477 2495 1526 et
2526 1478 2911 1527 convertantur
2937 1477 3233 1524 retrorsum
3260 1476 3380 1518 om-

1822 1583 1941 1635 nes,
1975 1568 2071 1638 qui
2102 1568 2333 1623 oderunt
2373 1563 2528 1619 Sion.

1267 1708 1644 1767 ATHANASII
1682 1704 2271 1762 INTERPRETATIO.

225 1871 313 1926 Η.
341 1871 455 1925 Καὶ
499 1869 599 1924 οὒκ
641 1868 721 1922 ἔτι
750 1869 897 1922 ἐστὶν
928 1867 1004 1938 (I)
1034 1869 1090 1920 ὲν
1119 1869 1185 1938 τῇ
1221 1866 1332 1920 ἄνω
1372 1859 1716 1940 Ἰερουσαλὴμ

1902 1859 1989 1914 14.
2020 1857 2205 1929 Neque
2225 1856 2459 1927 amplius
2483 1865 2564 1910 est
2590 1854 2646 1909 in
2680 1868 2911 1922 superna
2939 1848 3234 1906 Jerusalem
3263 1847 3380 1904 bel-

150 1964 179 2014 ὁ
209 1962 459 2033 πολεμῶν
486 1979 607 2014 τινα
628 1978 641 1991 ·
676 1961 864 2032 εἰρήνη
896 1960 1003 2029 γάρ
1028 1959 1171 2010 ἐστι⁸
1208 1958 1395 2031 ἐπειδὴ
1428 1959 1519 2012 καὶ
1549 1959 1720 2029 τεχνί-

1816 1955 1928 2009 lum
1968 1954 2161 2019 ullum,
2206 1951 2299 2006 sed
2353 1965 2456 2020 pax
2487 1956 2571 2004 est
2615 1965 2630 2000 :
2681 1947 2936 2016 quoniam
2963 1954 3016 1997 et
3058 1940 3281 2007 artifex,
3325 1947 3383 2000 et

148 2069 268 2121 της,
287 2054 378 2107 καὶ
393 2053 718 2126 δημιουργὸς
741 2053 908 2123 αὐτῆς
923 2051 1156 2122 ὑπάρχει
1172 2050 1398 2122 Ἰησοῦς,
1419 2051 1512 2104 καὶ
1531 2054 1716 2124 εἰρήνη

1822 2044 1998 2116 opifex
2029 2045 2175 2101 illius
2199 2041 2360 2098 Jesus
2387 2039 2604 2096 exsistit
2619 2039 2686 2105 δ’,
2715 2037 2804 2108 qui
2826 2046 2880 2092 et
2905 2049 3005 2105 pas
3031 2041 3238 2088 nostra.

150 2144 182 2213 ὴ
189 2142 323 2212 μῶν.

229 2257 292 2309 Ἦ
322 2258 649 2328 προκειμένη
709 2259 982 2332 ἐπιγραφὴ
1030 2260 1271 2332 περιέχει
1305 2262 1418 2332 (2)⁶
1468 2263 1604 2334 ’ῼὸὴ
1647 2267 2060 2336 Ἀναόαθμῶν,
2105 2267 2242 2340 ὅπερ
2294 2263 2653 2337 ἑρμηνεύεται
2701 2260 3085 2332 ἐξομολόγησις
3120 2256 3227 2311 τῶν
3275 2253 3385 2308 ἀπὸ

150 2347 421 2423 [ἐννάτου]
453 2351 547 2405 τοῦ
598 2352 732 2407 Θεοῦ
769 2354 978 2426 βαθμοῦ
1013 2355 1410 2410 ἀναϐαινόντων
1452 2360 1544 2412 ἐπὶ
1586 2361 1676 2414 τὸν
1711 2361 1914 2434 Ἰησοῦν
1937 2404 1951 2428 ,
1983 2364 2228 2416 τουτέστι
2271 2362 2408 2432 μετὰ
2435 2359 2532 2430 τὴν
2581 2356 2781 2426 γνῶσιν
2809 2355 2904 2410 τοῦ
2951 2355 3147 2408 εἰδέναι
3176 2352 3243 2406 τὰ
3283 2350 3382 2421 τῆς

155 2439 450 2511 μελλούσης
485 2441 903 2511 μισθαποδοσίας
924 2484 938 2508 ,
977 2445 1276 2516 μέμνηνται
1324 2446 1379 2500 δὲ
1415 2449 1558 2520 ἆπερ
1601 2451 1900 2522 ὑπέμειναν
1949 2454 2052 2507 ὑπὸ
2080 2453 2189 2506 τῶν
2218 2451 2473 2505 ὲναντίων
2506 2449 2784 2520 δυνάμεων
2805 2489 2818 2511 ,
2869 2445 3107 2508 καὶπῶς
3139 2442 3242 2497 ύπδ
3285 2442 3383 2512 τῆς

154 2534 374 2604 χάριτος
395 2534 490 2588 τοῦ
529 2538 732 2607 Κυρίου
765 2537 919 2608 ἡμῶν
950 2539 1314 2610 ὲῤῥύσθησαν,
1349 2541 1429 2594 ἔτι
1461 2559 1521 2610 γε
1555 2544 1662 2617 μὴν
1695 2548 1774 2610 είς
1808 2548 2142 2620 ὑψηλοτέραν
2192 2547 2392 2618 γνῶσιν
2421 2546 2658 2606 ἀνιόντες
2683 2544 2777 2598 τοῦ
2822 2539 3212 2616 προγινώσκειν
3240 2537 3385 2604 ἅπερ

155 2627 350 2697 συνέϐη
384 2632 496 2690 τοῖς
529 2630 868 2701 ἁμαρτωλοῖς
898 2629 1098 2695 ἐξιοῦσι
1129 2633 1219 2685 τὸν
1253 2632 1367 2702 βίον
1399 2635 1607 2691 τοῦτον.

218 2717 435 2774 Titulus
473 2723 796 2792 prmpnsitus
818 2724 1062 2778 continet
1087 2743 1100 2778 :
1133 2725 1412 2778 Canticum
1441 2726 1713 2782 Cratinum

1822 2728 1911 2782 rod
1943 2730 2332 2796 interpretator
2378 2723 2650 2780 confessio
2677 2719 3086 2776 ascendentium
3115 2732 3147 2772 a
3190 2713 3385 2790 [nono]

151 2812 245 2867 Dei
279 2817 446 2885 gradu
471 2819 546 2886 (α)
570 2818 622 2871 in
659 2815 869 2882 Jesum,
893 2819 995 2873 ltoc
1021 2829 1104 2874 est
1128 2827 1248 2889 post
1269 2822 1656 2890 cognitionem,
1692 2840 1797 2894 qua
1826 2832 2220 2894 cognoverunt,
2240 2835 2362 2890 quae
2387 2821 2452 2873 ad
2482 2816 2784 2872 mercedem
2827 2813 3062 2867 futuram
3093 2811 3384 2880 pertinent,

150 2913 528 2978 recordamur,
555 2929 675 2982 qua:
705 2915 944 2982 perpessi
975 2925 1102 2969 sunt
1143 2929 1173 2968 a
1200 2918 1494 2973 contrariis
1561 2920 1941 2990 potestatibus,
1968 2928 2021 2973 et
2065 2917 2342 2988 quomodo
2381 2913 2551 2985 gratia
2582 2909 2798 2966 Domini
2842 2905 2970 2961 Jesu
3015 2903 3227 2958 liberati
3258 2911 3386 2957 sunt

144 3010 199 3057 et
226 3005 524 3058 etiamnum
559 3006 773 3074 quidem
807 3008 860 3059 in
893 3007 1138 3061 altiorem
1169 3011 1534 3080 cognitionem
1573 3015 1927 3068 ascendentes
1953 3011 2019 3064 ad
2051 3010 2499 3079 praenoscendum
2523 3045 2539 3070 ,
2569 3020 2691 3075 qua:
2727 3009 2984 3058 eventura
3026 3005 3153 3052 sunt
3188 3009 3388 3064 pecea-

147 3095 364 3148 toribus
399 3096 783 3151 decedentibus
809 3113 872 3151 ex
911 3102 1011 3153 bac
1037 3099 1168 3156 vita.

215 3183 270 3237 l.
307 3184 428 3237 Ἐπὶ
457 3185 619 3238 πολὺν
648 3187 832 3259 χρόνον
861 3186 1084 3258 ἐζήτουν
1112 3187 1528 3261 αἰχμαλωτίξειν
1569 3205 1635 3259 με
1656 3188 1705 3242 οἱ

1878 3185 1931 3240 1.
1976 3183 2142 3238 ΜιιΙιο
2178 3176 2417 3253 tempore
2449 3181 2816 3252 quaesiverunt
2862 3195 2948 3235 me
2991 3181 3263 3235 daemones
3315 3180 3370 3235 in

137 3277 416 3348 δαίμονες,
447 3277 534 3329 ὅτε
561 3279 706 3348 ἥμην
733 3279 922 3351 νήπιος
954 3283 1019 3351 τῇ
1049 3282 1190 3334 κατὰ
1217 3281 1348 3334 Θεὸν
1375 3283 1648 3353 φρονήσει.

211 3451 273 3511 2,
299 3451 335 3505 3
390 3451 478 3504 Ἑν
508 3452 604 3524 ὅλῃ
638 3455 704 3523 τῇ
739 3452 932 3524 καρδίᾳ
961 3452 1140 3507 αὐτῶν
1185 3454 1638 3526 διηγησάσθωσαν
1666 3455 1714 3508 οί

97 3575 120 3585 ο
138 3543 506 3612 φωτισθέντες
525 3544 622 3613 τὴν
647 3544 882 3597 διάνοιαν
901 3545 1191 3612 ἐπιγνῶναι
1215 3548 1306 3600 τὸν
1333 3547 1483 3615 Θεὸν,
1515 3547 1575 3600 τὸ
1599 3547 1716 3610 πῶς

137 3635 511 3704 ἐπολεμοῦντο
543 3637 645 3690 ὑπὸ
677 3637 783 3690 τῶν
814 3639 1067 3693 ἐναντίων
1101 3638 1400 3710 δυνάμεων.

211 3729 272 3783 Al.
311 3728 530 3800 Ἐπειδὴ
563 3733 592 3782 ὀ
619 3729 820 3802 Κύριος
849 3732 1277 3804 ἀντελαμϐάνετο
1314 3751 1436 3804 μου.

215 3819 275 3882 5,
311 3819 365 3874 6.
405 3821 525 3874 Ἔτι
552 3822 626 3891 (5)
657 3824 754 3893 μὲν
787 3825 911 3888 τοὺς
939 3823 1030 3878 δύο
1065 3827 1275 3896 στίχους
1303 3826 1483 3879 λαϐεῖν
1525 3826 1603 3890 είς
1626 3826 1718 3880 τὸν

135 3909 376 3980 Κύριον,
405 3910 678 3964 τουτέστιν
703 3912 864 3982 ἡνίκα
897 3914 1277 3985 ὲιρραγελλὼθη
1317 3915 1420 3968 ὑπὸ
1443 3915 1550 3968 τῶν
1585 3917 1715 3968 Ἰου-

133 3999 314 4052 δαίων
333 4013 346 4027 ⁸
398 3999 546 4066 ὅμως
578 4001 670 4053 καὶ
719 4001 852 4072 πρὸς
878 4001 946 4054 τὰ
979 4002 1089 4056 ἄνω
1121 4003 1372 4074 δεδομένα
1407 4005 1714 4078 [λεγόμενα]

133 4089 479 4161 θεωροῦνται
509 4093 572 4146 ἐκ
605 4093 712 4147 τῶν
753 4095 1164 4167 ἀπορριφέντων
1196 4097 1365 4150 ὀπίσω
1401 4115 1500 4168 μου
1550 4116 1715 4171 πονη-

135 4182 260 4254 ρῶν
302 4182 550 4253 πράξεων
574 4225 588 4249 ,
626 4184 718 4237 καὶ
749 4185 908 4240 πάλιν
941 4186 1220 4240 ὲπετίθουν
1257 4205 1345 4258 μοι
1379 4188 1578 4255 αὑτὰς,
1624 4192 1717 4244 καὶ

131 4269 416 4340 ἐπέμενον
440 4271 532 4324 ἐπὶ
561 4272 748 4344 χρόνον
787 4275 966 4329 ίκανδν
993 4275 1325 4348 ἐπικείμενοί
1361 4296 1470 4350 μοι.

208 4452 270 4507 7.
317 4453 457 4506 Ἀλλ’
477 4454 505 4506 ὀ
535 4453 756 4526 Κύριος,
787 4457 814 4507 ὁ
844 4455 1042 4526 μηδένα
1067 4457 1320 4530 παρορῶν
1357 4459 1717 4512 πιστευόντων

1822 3277 2184 3346 captivitatem
2225 3277 2489 3345 redigere,
2521 3273 2775 3345 quoniam
2806 3273 3156 3342 intelligentia
3188 3289 3385 3328 secuno

1821 3370 1948 3423 dum
1979 3368 2145 3420 Deum
2175 3367 2358 3421 infans
2386 3381 2558 3420 erant.

1888 3461 1943 3523 2,
1968 3461 2020 3513 3.
2054 3458 2126 3512 Es
2152 3467 2268 3511 toto
2289 3458 2452 3511 corde
2488 3472 2589 3509 suo
2615 3465 2891 3520 enarrcnt,
2933 3457 3022 3524 qui
3059 3466 3236 3512 mente
3265 3456 3387 3512 illu-

1821 3553 2012 3606 minati
2038 3563 2164 3604 sunt
2187 3551 2250 3604 ad
2277 3549 2708 3619 cngnoscendum
2744 3548 2933 3611 Deum,
2964 3550 3240 3617 quomodo
3284 3551 3388 3604 im-

1822 3644 2206 3714 pngnabautur
2239 3657 2268 3695 a
2301 3640 2593 3695 contrariis
2621 3639 3001 3708 potestatibus.

1892 3736 1946 3790 4.
1978 3734 2245 3800 Quoniam
2273 3732 2536 3785 Dominus
2558 3731 2852 3799 opitulatns
2881 3741 2963 3786 est
2987 3731 3139 3784 mihi.

1896 3826 1949 3889 5,
1978 3828 2030 3879 6.
2063 3824 2123 3878 Ili
2155 3827 2264 3878 duo
2299 3824 2518 3893 quidem
2559 3824 2813 3876 versiculi
2846 3824 3015 3892 accipi
3058 3824 3221 3877 etiam
3263 3838 3388 3891 pos-

1823 3926 1951 3974 sunt
1987 3917 2053 3970 de
2082 3915 2336 3978 Domino,
2370 3915 2470 3969 hoc
2506 3924 2588 3967 est
2621 3929 2744 3966 cum
2783 3930 2813 3967 a
2850 3911 3050 3967 Iudaeis
3089 3913 3388 3982 flagellatus

1822 4018 1905 4064 est
1934 4016 2352 4065 uerumtamen
2393 4015 2446 4060 et
2470 4011 2712 4075 apposite
2747 4005 2813 4059 ad
2858 4021 2921 4059 ea
2951 4021 3070 4072 qua:
3106 4021 3267 4074 supra
3303 4006 3380 4059 di-

1823 4111 1909 4155 cta
1937 4109 2088 4164 sunt,
2113 4098 2404 4168 allegorice
2438 4107 2668 4167 possunt
2711 4097 2969 4166 explicari
3015 4099 3081 4150 de
3126 4097 3386 4166 improbis

1823 4189 2152 4252 actiOnibus,
2175 4203 2316 4257 quas
2341 4199 2461 4258 post
2485 4204 2568 4240 me
2593 4187 2950 4256 projeceram,
2991 4197 3045 4241 et
3073 4203 3260 4242 rursus
3292 4203 3387 4244 eas

1822 4282 1956 4337 mibi
1983 4282 2378 4350 imposuerunt,
2410 4291 2463 4336 et
2498 4279 2588 4334 diu
2622 4291 3040 4350 permanserunt
3072 4281 3387 4337 incumben-

1823 4385 1904 4429 tes
1936 4374 2090 4426 mihi.

1894 4466 1944 4518 7.
1984 4465 2088 4520 Sed
2123 4464 2406 4527 Dominus,
2433 4465 2526 4534 qui
2560 4465 2829 4519 neminem
2867 4464 3199 4520 credentium
3239 4465 3291 4520 in
3327 4480 3386 4522 se

129 4547 221 4608 εις
256 4545 446 4611 αὑτὸν,
477 4546 781 4602 ἐθανάτωσε
806 4548 906 4612 τὰς
927 4549 1098 4621 ἀρχὰς
1127 4551 1219 4603 καὶ
1244 4551 1339 4615 τὰς
1367 4551 1610 4618 ἐξουσίας
1627 4550 1716 4605 τοῦ

1824 4557 2091 4626 despicit,
2142 4558 2488 4613 mortificavit
2539 4558 2915 4629 principatus,
2978 4568 3033 4614 et
3091 4567 3387 4629 potestates

130 4635 398 4700 σκότους.

210 4728 271 4783 8.
308 4731 401 4783 Ἐν
431 4733 496 4802 τῇ
532 4731 793 4805 μελλούσῃ
824 4735 1004 4807 ἡμέρᾳ
1030 4737 1126 4799 τῆς
1147 4735 1377 4807 κρίσεως
1405 4739 1433 4791 ὁ
1454 4736 1715 4800 διάϐολος,

131 4823 238 4876 καὶ
273 4821 328 4875 οί
357 4821 576 4891 ἄγγελοι
595 4824 780 4889 αὑτοῦ,
801 4828 894 4880 καὶ
915 4827 1112 4892 πάντες
1139 4830 1186 4880 οἱ
1209 4826 1513 4898 πειθόμενοι
1537 4829 1718 4891 αὐτοῖς

129 4911 702 4985 καταδικασθήτωσαν
730 4916 807 4987 τῷ
829 4917 1030 4988 αἰωνίῳ
1057 4919 1212 4990 πυρὶ,
1237 4919 1285 4970 οἱ
1312 4920 1719 4991 ἀποστρεφόμε-

125 5021 222 5057 νοι
258 5006 446 5058 πᾶσαν
485 5007 700 5079 ἐντολὴν
745 5008 839 5062 τοῦ
874 5008 1098 5082 Κυρίου.
1158 5010 1310 5064 Σιὼν
1349 5009 1458 5081 γὰρ
1499 5009 1716 5081 ἐντολὴ

127 5093 535 5164 ἑρμηνεύεται.

205 5205 259 5239 ⁸⁸
283 5204 455 5263 Hebr.
483 5223 564 5276 ιι,
605 5209 690 5265 10.

1824 4651 2189 4705 tenebrarum.

1890 4741 1943 4796 8.
1974 4740 2027 4796 In
2059 4743 2147 4797 die
2171 4753 2396 4798 ventura
2421 4743 2612 4814 jndieii
2649 4743 2922 4811 diabolus,
2953 4753 3007 4799 et
3031 4743 3205 4815 angeli
3247 4743 3382 4813 ejus,

1820 4843 1874 4887 et
1901 4837 2218 4907 umncs,qui
2243 4837 2374 4906 ipsis
2395 4836 2655 4890 obediunt
2677 4837 3106 4890 condemnentur
3127 4835 3180 4888 in
3207 4835 3384 4905 ignem

1821 4933 2106 4991 externum,
2147 4928 2239 4997 qui
2286 4927 2520 4982 aversati
2563 4937 2691 4983 sunt
2714 4943 2875 4983 omne
2904 4926 3116 4983 Domini
3162 4929 3386 4984 manda-

1823 5025 1959 5071 tum.
1997 5015 2124 5072 Sion
2153 5019 2297 5073 enim
2328 5020 2638 5074 mandatum
2667 5021 3070 5091 interpretatur.

1097 5305 1402 5370 Addenda
1432 5315 1494 5369 et
1525 5308 1900 5389 corrigenda
1945 5329 2023 5374 ex
2052 5311 2193 5376 cod.
2245 5314 2449 5378 Vatic.

201 5424 295 5566 fl)
334 5427 549 5488 Ἔσται,
584 5436 689 5483 etc.
729 5429 932 5499 Ἰησοῦς
958 5433 992 5502 ἡ
1028 5434 1216 5504 εἰρήνη
1251 5434 1424 5503 ἡμῶν.

231 5496 299 5566 2)
343 5498 408 5550 Ἡ
441 5498 530 5551 διὰ
567 5499 666 5566 τῆς
718 5501 1085 5566 κινναϐάρεως
1118 5505 1389 5566 περιέχει·

231 5496 299 5566 2)
327 5498 416 5576 _'l-I_
441 5498 543 5576 διὰ.
567 5499 692 5576 τῆς-
718 5496 1093 5576 κιννῄαῆάρὲιυξ
1118 5496 1356 5574 περιέξει
1375 5522 1389 5535 ο
1437 5503 1558 5576 ᾮδὴ
1589 5505 1719 5566 τῶν.

121 5567 430 5642 εῑσ.,,άπὸ
453 5567 544 5621 τοῦ
575 5567 793 5642 ἐννάτου
818 5567 1048 5641 βαθμοῦ,
1070 5567 1204 5640 etc.,
1236 5567 1326 5627 ἐπὶ
1365 5567 1717 5642 τὸνδέκατον,

123 5635 564 5705 τουσέστι,ειε.,
589 5635 859 5711 μέμνηται
883 5635 1046 5713 άπερ,
1078 5635 1204 5707 etc.,
1233 5645 1400 5698 καὶτὸ
1427 5646 1560 5709 πῶς,
1586 5635 1716 5715 etc.,

205 5763 232 5828 ς
247 5759 322 5830 α)
353 5760 556 5816 Divina!
577 5750 781 5816 scilicet
810 5761 1200 5820 retributionis.

1819 5437 1961 5508 ἅπερ
1989 5440 2273 5509 συμϐαίνει
2304 5445 2436 5508 τοῖς,
2472 5450 2578 5496 etc.

1891 5510 1966 5585 (ἦ)
1993 5511 2156 5585 Ἔστι
2175 5512 2292 5579 μέν,
2317 5523 2422 5568 etc.
2449 5555 2462 5574 .
2506 5511 2925 5585 εφραγγελῴθη·
2952 5511 3052 5585 ,καὶ
3074 5510 3225 5585 Απρδς
3256 5511 3381 5585 τοὺς

1831 5581 2113 5646 Ἰουδαίους
2133 5583 2300 5653 ὅμως,
2318 5585 2410 5637 καὶ
2435 5581 2656 5654 «mea
2671 5581 3053 5654 ἀποδεδομένα,
3120 5581 3382 5654 θεωροῦν-

1820 5668 1930 5718 ται,
1963 5662 2090 5716 etc.,
2126 5654 2374 5725 πράξεων
2404 5653 2730 5721 πάλιν,ειο.,
2755 5653 3095 5726 ἐπικείμεναί
3128 5653 3238 5722 μοι.
