  <div class='ocr_page' id='page_1' title='image "/cluster/home/n/w/nwhite01/storage/ocr_20150623/27/pst.000005712182/630.png"; bbox 0 0 4110 6318; ppageno 0'>
   <div class='ocr_carea' id='block_1_1' title="bbox 166 365 304 422">
    <p class='ocr_par' dir='ltr' id='par_1_1' title="bbox 166 365 304 422">
     <span class='ocr_line' id='line_1_1' title="bbox 166 365 304 422; baseline 0.022 -3"><span class='ocrx_word' id='word_1_1' title='bbox 166 365 304 422; x_wconf 61' lang='lat'><strong>12-65</strong></span> 
     </span>
    </p>
   </div>
   <div class='ocr_carea' id='block_1_2' title="bbox 1019 375 2549 434">
    <p class='ocr_par' dir='ltr' id='par_1_2' title="bbox 1019 375 2549 434">
     <span class='ocr_line' id='line_1_2' title="bbox 1019 375 2549 434; baseline -0.001 -3"><span class='ocrx_word' id='word_1_2' title='bbox 1019 376 1110 431; x_wconf 87' lang='lat' dir='ltr'><strong>DE</strong></span> <span class='ocrx_word' id='word_1_3' title='bbox 1150 375 1433 434; x_wconf 79' lang='lat' dir='ltr'><strong>TITULIS</strong></span> <span class='ocrx_word' id='word_1_4' title='bbox 1469 375 1925 433; x_wconf 73' lang='lat' dir='ltr'><strong>PSALMORUM.</strong></span> <span class='ocrx_word' id='word_1_5' title='bbox 1967 406 2034 417; x_wconf 92' lang='lat'><strong>—</strong></span> <span class='ocrx_word' id='word_1_6' title='bbox 2065 376 2258 432; x_wconf 82' lang='lat' dir='ltr'><strong>PSAL.</strong></span> <span class='ocrx_word' id='word_1_7' title='bbox 2336 375 2549 432; x_wconf 75' lang='lat' dir='ltr'><strong>CXXX.</strong></span> 
     </span>
    </p>
   </div>
   <div class='ocr_carea' id='block_1_3' title="bbox 3247 371 3384 428">
    <p class='ocr_par' dir='ltr' id='par_1_3' title="bbox 3247 371 3384 428">
     <span class='ocr_line' id='line_1_3' title="bbox 3247 371 3384 428; baseline -0.015 0"><span class='ocrx_word' id='word_1_8' title='bbox 3247 371 3384 428; x_wconf 65' lang='grc'><strong>1246</strong></span> 
     </span>
    </p>
   </div>
   <div class='ocr_carea' id='block_1_4' title="bbox 238 484 1753 571">
    <p class='ocr_par' dir='ltr' id='par_1_4' title="bbox 238 484 1731 571">
     <span class='ocr_line' id='line_1_4' title="bbox 238 484 1731 571; baseline 0.011 -35"><span class='ocrx_word' id='word_1_9' title='bbox 238 484 290 538; x_wconf 80' lang='grc'><strong>4.</strong></span> <span class='ocrx_word' id='word_1_10' title='bbox 322 485 446 538; x_wconf 83' lang='grc' dir='ltr'><strong>Ἐὰν</strong></span> <span class='ocrx_word' id='word_1_11' title='bbox 476 487 704 559; x_wconf 76' lang='grc' dir='ltr'><strong>ἀνομίας</strong></span> <span class='ocrx_word' id='word_1_12' title='bbox 733 495 1130 568; x_wconf 77' lang='grc' dir='ltr'>παρατηρήσῃς</span> <span class='ocrx_word' id='word_1_13' title='bbox 1153 496 1601 571; x_wconf 80' lang='grc' dir='ltr'>[παρατηρήσει],</span> <span class='ocrx_word' id='word_1_14' title='bbox 1623 498 1731 552; x_wconf 84' lang='grc' dir='ltr'><strong>Κύ-</strong></span> 
     </span>
    </p>
   </div>
   <div class='ocr_carea' id='block_1_5' title="bbox 1838 484 3127 571">
    <p class='ocr_par' dir='ltr' id='par_1_5' title="bbox 1906 494 3127 569">
     <span class='ocr_line' id='line_1_5' title="bbox 1906 494 3127 569; baseline -0.001 -16"><span class='ocrx_word' id='word_1_15' title='bbox 1906 499 1963 554; x_wconf 73' lang='grc'><strong>4.</strong></span> <span class='ocrx_word' id='word_1_16' title='bbox 1998 496 2054 552; x_wconf 87' lang='lat' dir='ltr'>Si</span> <span class='ocrx_word' id='word_1_17' title='bbox 2088 498 2402 569; x_wconf 75' lang='lat' dir='ltr'><strong>iniquitates</strong></span> <span class='ocrx_word' id='word_1_18' title='bbox 2441 497 2831 565; x_wconf 75' lang='lat' dir='ltr'><strong>observaveris,</strong></span> <span class='ocrx_word' id='word_1_19' title='bbox 2864 494 3127 552; x_wconf 89' lang='lat' dir='ltr'><strong>Domine:</strong></span> 
     </span>
    </p>
   </div>
   <div class='ocr_carea' id='block_1_6' title="bbox 163 592 286 648">
    <p class='ocr_par' dir='ltr' id='par_1_6' title="bbox 163 592 286 648">
     <span class='ocr_line' id='line_1_6' title="bbox 163 592 286 648; baseline 0 -20"><span class='ocrx_word' id='word_1_20' title='bbox 163 592 252 648; x_wconf 88' lang='grc' dir='ltr'>ριε</span> <span class='ocrx_word' id='word_1_21' title='bbox 276 593 286 603; x_wconf 90' lang='grc'><strong>·</strong></span> 
     </span>
    </p>
   </div>
   <div class='ocr_carea' id='block_1_7' title="bbox 238 668 1152 749">
    <p class='ocr_par' dir='ltr' id='par_1_7' title="bbox 238 668 1152 749">
     <span class='ocr_line' id='line_1_7' title="bbox 238 668 1152 749; baseline 0.013 -28"><span class='ocrx_word' id='word_1_22' title='bbox 238 668 291 722; x_wconf 85' lang='grc'><strong>5.</strong></span> <span class='ocrx_word' id='word_1_23' title='bbox 325 670 518 741; x_wconf 86' lang='grc' dir='ltr'>Κύριε,</span> <span class='ocrx_word' id='word_1_24' title='bbox 543 673 626 737; x_wconf 85' lang='grc' dir='ltr'><strong>τίς</strong></span> <span class='ocrx_word' id='word_1_25' title='bbox 652 675 1009 747; x_wconf 86' lang='grc' dir='ltr'>ύποστήσεται</span> <span class='ocrx_word' id='word_1_26' title='bbox 1042 680 1152 749; x_wconf 83' lang='grc' dir='ltr'>(α);</span> 
     </span>
    </p>
   </div>
   <div class='ocr_carea' id='block_1_8' title="bbox 243 757 1182 838">
    <p class='ocr_par' dir='ltr' id='par_1_8' title="bbox 243 757 1182 838">
     <span class='ocr_line' id='line_1_8' title="bbox 243 757 1182 838; baseline 0.014 -28"><span class='ocrx_word' id='word_1_27' title='bbox 243 757 295 811; x_wconf 80' lang='lat'><strong>6.</strong></span> <span class='ocrx_word' id='word_1_28' title='bbox 325 760 446 812; x_wconf 82' lang='grc' dir='ltr'><strong>’Ὅτι</strong></span> <span class='ocrx_word' id='word_1_29' title='bbox 469 764 617 834; x_wconf 78' lang='grc' dir='ltr'>παρὰ</span> <span class='ocrx_word' id='word_1_30' title='bbox 651 766 733 817; x_wconf 72' lang='grc' dir='ltr'>σοὶ</span> <span class='ocrx_word' id='word_1_31' title='bbox 762 766 985 838; x_wconf 75' lang='grc' dir='ltr'><strong>ἱλασμός</strong></span> <span class='ocrx_word' id='word_1_32' title='bbox 1017 769 1182 825; x_wconf 76' lang='grc' dir='ltr'>ἐστιν.</span> 
     </span>
    </p>
   </div>
   <div class='ocr_carea' id='block_1_9' title="bbox 242 848 1699 931">
    <p class='ocr_par' dir='ltr' id='par_1_9' title="bbox 242 848 1699 931">
     <span class='ocr_line' id='line_1_9' title="bbox 242 848 1699 931; baseline 0.011 -30"><span class='ocrx_word' id='word_1_33' title='bbox 242 848 292 903; x_wconf 90' lang='grc'><strong>7.</strong></span> <span class='ocrx_word' id='word_1_34' title='bbox 320 851 544 905; x_wconf 84' lang='grc' dir='ltr'>Ἕνεκεν</span> <span class='ocrx_word' id='word_1_35' title='bbox 570 853 660 906; x_wconf 80' lang='grc' dir='ltr'>τοῦ</span> <span class='ocrx_word' id='word_1_36' title='bbox 689 854 947 926; x_wconf 85' lang='grc' dir='ltr'>ὀνόματός</span> <span class='ocrx_word' id='word_1_37' title='bbox 971 874 1064 910; x_wconf 88' lang='grc' dir='ltr'><strong>σου</strong></span> <span class='ocrx_word' id='word_1_38' title='bbox 1105 858 1371 929; x_wconf 82' lang='grc' dir='ltr'>ύπέμεινά</span> <span class='ocrx_word' id='word_1_39' title='bbox 1400 876 1480 924; x_wconf 89' lang='grc' dir='ltr'><strong>σε,</strong></span> <span class='ocrx_word' id='word_1_40' title='bbox 1512 857 1699 931; x_wconf 83' lang='grc' dir='ltr'>Κύριε.</span> 
     </span>
    </p>
   </div>
   <div class='ocr_carea' id='block_1_10' title="bbox 247 939 1734 1023">
    <p class='ocr_par' dir='ltr' id='par_1_10' title="bbox 247 939 1734 1023">
     <span class='ocr_line' id='line_1_10' title="bbox 247 939 1734 1023; baseline 0.007 -31"><span class='ocrx_word' id='word_1_41' title='bbox 247 939 298 993; x_wconf 90' lang='grc'><strong>8.</strong></span> <span class='ocrx_word' id='word_1_42' title='bbox 349 942 667 1014; x_wconf 82' lang='grc' dir='ltr'>’Υπὲμεινεν</span> <span class='ocrx_word' id='word_1_43' title='bbox 696 947 728 1017; x_wconf 86' lang='grc' dir='ltr'>ή</span> <span class='ocrx_word' id='word_1_44' title='bbox 770 948 913 1019; x_wconf 73' lang='grc' dir='ltr'>ψυχή</span> <span class='ocrx_word' id='word_1_45' title='bbox 947 966 1047 1019; x_wconf 87' lang='grc' dir='ltr'>μου</span> <span class='ocrx_word' id='word_1_46' title='bbox 1078 950 1158 1012; x_wconf 84' lang='grc' dir='ltr'><strong>είς</strong></span> <span class='ocrx_word' id='word_1_47' title='bbox 1190 951 1278 1008; x_wconf 81' lang='grc' dir='ltr'>τὸν</span> <span class='ocrx_word' id='word_1_48' title='bbox 1306 950 1460 1020; x_wconf 82' lang='grc' dir='ltr'>λόγον</span> <span class='ocrx_word' id='word_1_49' title='bbox 1496 968 1588 1003; x_wconf 91' lang='grc' dir='ltr'><strong>σου</strong></span> <span class='ocrx_word' id='word_1_50' title='bbox 1632 949 1734 1023; x_wconf 82' lang='grc' dir='ltr'>[είς</span> 
     </span>
    </p>
   </div>
   <div class='ocr_carea' id='block_1_11' title="bbox 172 1033 731 1108">
    <p class='ocr_par' dir='ltr' id='par_1_11' title="bbox 172 1033 731 1108">
     <span class='ocr_line' id='line_1_11' title="bbox 172 1033 731 1108; baseline 0.014 -25"><span class='ocrx_word' id='word_1_51' title='bbox 172 1034 303 1096; x_wconf 79' lang='grc' dir='ltr'>τοὺς</span> <span class='ocrx_word' id='word_1_52' title='bbox 326 1033 516 1102; x_wconf 81' lang='grc' dir='ltr'><strong>λόγους</strong></span> <span class='ocrx_word' id='word_1_53' title='bbox 556 1054 645 1089; x_wconf 88' lang='grc' dir='ltr'><strong>σου</strong></span> <span class='ocrx_word' id='word_1_54' title='bbox 667 1036 686 1108; x_wconf 79' lang='grc'><strong>]</strong></span> <span class='ocrx_word' id='word_1_55' title='bbox 716 1053 731 1069; x_wconf 75' lang='grc' dir='ltr'>ο</span> 
     </span>
    </p>
   </div>
   <div class='ocr_carea' id='block_1_12' title="bbox 250 1126 1422 1204">
    <p class='ocr_par' dir='ltr' id='par_1_12' title="bbox 250 1126 1422 1204">
     <span class='ocr_line' id='line_1_12' title="bbox 250 1126 1422 1204; baseline 0.006 -25"><span class='ocrx_word' id='word_1_56' title='bbox 250 1126 305 1179; x_wconf 91' lang='grc'><strong>9.</strong></span> <span class='ocrx_word' id='word_1_57' title='bbox 338 1126 599 1180; x_wconf 84' lang='grc' dir='ltr'>Ἦλπισεν</span> <span class='ocrx_word' id='word_1_58' title='bbox 623 1131 655 1200; x_wconf 84' lang='grc' dir='ltr'>ή</span> <span class='ocrx_word' id='word_1_59' title='bbox 680 1129 819 1201; x_wconf 77' lang='grc' dir='ltr'>ψυχή</span> <span class='ocrx_word' id='word_1_60' title='bbox 847 1148 947 1201; x_wconf 88' lang='grc' dir='ltr'>μου</span> <span class='ocrx_word' id='word_1_61' title='bbox 964 1132 1055 1184; x_wconf 69' lang='grc' dir='ltr'><strong>ἐπὶ</strong></span> <span class='ocrx_word' id='word_1_62' title='bbox 1088 1132 1177 1185; x_wconf 82' lang='grc' dir='ltr'><strong>τὸν</strong></span> <span class='ocrx_word' id='word_1_63' title='bbox 1202 1132 1422 1204; x_wconf 79' lang='grc' dir='ltr'><strong>Κύριον.</strong></span> 
     </span>
    </p>
   </div>
   <div class='ocr_carea' id='block_1_13' title="bbox 258 1218 1457 1293">
    <p class='ocr_par' dir='ltr' id='par_1_13' title="bbox 258 1218 1457 1293">
     <span class='ocr_line' id='line_1_13' title="bbox 258 1218 1457 1293; baseline 0.007 -24"><span class='ocrx_word' id='word_1_64' title='bbox 258 1218 344 1271; x_wconf 84' lang='grc'><strong>10.</strong></span> <span class='ocrx_word' id='word_1_65' title='bbox 377 1218 506 1272; x_wconf 79' lang='grc' dir='ltr'><strong>Ἀπὸ</strong></span> <span class='ocrx_word' id='word_1_66' title='bbox 533 1220 772 1292; x_wconf 77' lang='grc' dir='ltr'><strong>φυλακῆς</strong></span> <span class='ocrx_word' id='word_1_67' title='bbox 803 1223 1011 1293; x_wconf 83' lang='grc' dir='ltr'><strong>πρωίας</strong></span> <span class='ocrx_word' id='word_1_68' title='bbox 1057 1223 1215 1293; x_wconf 75' lang='grc' dir='ltr'>μέχρι</span> <span class='ocrx_word' id='word_1_69' title='bbox 1248 1224 1457 1288; x_wconf 82' lang='grc' dir='ltr'>νυκτὸς,</span> 
     </span>
    </p>
   </div>
   <div class='ocr_carea' id='block_1_14' title="bbox 262 1306 1741 1385">
    <p class='ocr_par' dir='ltr' id='par_1_14' title="bbox 262 1306 1741 1385">
     <span class='ocr_line' id='line_1_14' title="bbox 262 1306 1741 1385; baseline 0.003 -26"><span class='ocrx_word' id='word_1_70' title='bbox 262 1306 347 1360; x_wconf 87' lang='grc'><strong>11.</strong></span> <span class='ocrx_word' id='word_1_71' title='bbox 379 1308 510 1362; x_wconf 85' lang='grc' dir='ltr'><strong>Ἀπὸ</strong></span> <span class='ocrx_word' id='word_1_72' title='bbox 547 1311 791 1382; x_wconf 79' lang='grc' dir='ltr'>φυλακῆς</span> <span class='ocrx_word' id='word_1_73' title='bbox 830 1313 1038 1383; x_wconf 84' lang='grc' dir='ltr'>πρωίας</span> <span class='ocrx_word' id='word_1_74' title='bbox 1073 1313 1344 1366; x_wconf 79' lang='grc' dir='ltr'>ὲλπισάτω</span> <span class='ocrx_word' id='word_1_75' title='bbox 1396 1311 1609 1385; x_wconf 80' lang='grc' dir='ltr'>Ἰσραὴλ</span> <span class='ocrx_word' id='word_1_76' title='bbox 1648 1311 1741 1364; x_wconf 70' lang='grc' dir='ltr'><strong>ἐπὶ</strong></span> 
     </span>
    </p>
   </div>
   <div class='ocr_carea' id='block_1_15' title="bbox 178 1398 532 1471">
    <p class='ocr_par' dir='ltr' id='par_1_15' title="bbox 178 1398 532 1471">
     <span class='ocr_line' id='line_1_15' title="bbox 178 1398 532 1471; baseline 0.008 -20"><span class='ocrx_word' id='word_1_77' title='bbox 178 1398 279 1452; x_wconf 86' lang='grc' dir='ltr'><strong>τὸν</strong></span> <span class='ocrx_word' id='word_1_78' title='bbox 311 1400 532 1471; x_wconf 85' lang='grc' dir='ltr'>Κύριον.</span> 
     </span>
    </p>
   </div>
   <div class='ocr_carea' id='block_1_16' title="bbox 254 1491 1288 1564">
    <p class='ocr_par' dir='ltr' id='par_1_16' title="bbox 254 1491 1288 1564">
     <span class='ocr_line' id='line_1_16' title="bbox 254 1491 1288 1564; baseline 0.003 -22"><span class='ocrx_word' id='word_1_79' title='bbox 254 1491 343 1543; x_wconf 74' lang='grc'><strong>12.</strong></span> <span class='ocrx_word' id='word_1_80' title='bbox 375 1492 494 1544; x_wconf 85' lang='grc' dir='ltr'><strong>Ὅτι</strong></span> <span class='ocrx_word' id='word_1_81' title='bbox 522 1493 670 1563; x_wconf 77' lang='grc' dir='ltr'>παρὰ</span> <span class='ocrx_word' id='word_1_82' title='bbox 701 1491 776 1562; x_wconf 83' lang='grc' dir='ltr'>τῷ</span> <span class='ocrx_word' id='word_1_83' title='bbox 815 1493 1005 1564; x_wconf 84' lang='grc' dir='ltr'>Κυρίῳ</span> <span class='ocrx_word' id='word_1_84' title='bbox 1037 1491 1098 1545; x_wconf 83' lang='grc' dir='ltr'>τὸ</span> <span class='ocrx_word' id='word_1_85' title='bbox 1124 1493 1288 1559; x_wconf 82' lang='grc' dir='ltr'>ἔλεος,</span> 
     </span>
    </p>
   </div>
   <div class='ocr_carea' id='block_1_17' title="bbox 254 1581 1317 1656">
    <p class='ocr_par' dir='ltr' id='par_1_17' title="bbox 254 1581 1317 1656">
     <span class='ocr_line' id='line_1_17' title="bbox 254 1581 1317 1656; baseline 0.005 -23"><span class='ocrx_word' id='word_1_86' title='bbox 254 1581 346 1635; x_wconf 81' lang='grc'><strong>15.</strong></span> <span class='ocrx_word' id='word_1_87' title='bbox 379 1582 487 1634; x_wconf 79' lang='grc' dir='ltr'><strong>Καὶ</strong></span> <span class='ocrx_word' id='word_1_88' title='bbox 515 1583 680 1651; x_wconf 81' lang='grc' dir='ltr'>πολλὴ</span> <span class='ocrx_word' id='word_1_89' title='bbox 714 1582 842 1653; x_wconf 84' lang='grc' dir='ltr'>παρ’</span> <span class='ocrx_word' id='word_1_90' title='bbox 872 1584 1019 1654; x_wconf 74' lang='grc' dir='ltr'>αὐτῷ</span> <span class='ocrx_word' id='word_1_91' title='bbox 1051 1585 1317 1656; x_wconf 77' lang='grc' dir='ltr'><strong>λύτρωσις</strong></span> 
     </span>
    </p>
   </div>
   <div class='ocr_carea' id='block_1_18' title="bbox 256 1672 1744 1750">
    <p class='ocr_par' dir='ltr' id='par_1_18' title="bbox 256 1672 1744 1750">
     <span class='ocr_line' id='line_1_18' title="bbox 256 1672 1744 1750; baseline 0.001 -25"><span class='ocrx_word' id='word_1_92' title='bbox 256 1672 345 1726; x_wconf 78' lang='grc'><strong>14.</strong></span> <span class='ocrx_word' id='word_1_93' title='bbox 378 1674 485 1726; x_wconf 77' lang='grc' dir='ltr'><strong>Καὶ</strong></span> <span class='ocrx_word' id='word_1_94' title='bbox 511 1674 671 1737; x_wconf 77' lang='grc' dir='ltr'>αὐτὸς</span> <span class='ocrx_word' id='word_1_95' title='bbox 704 1673 1035 1750; x_wconf 83' lang='grc' dir='ltr'>λυτρὼσεται</span> <span class='ocrx_word' id='word_1_96' title='bbox 1070 1677 1161 1730; x_wconf 84' lang='grc' dir='ltr'>τὸν</span> <span class='ocrx_word' id='word_1_97' title='bbox 1200 1675 1417 1748; x_wconf 84' lang='grc' dir='ltr'>Ἰσραὴλ</span> <span class='ocrx_word' id='word_1_98' title='bbox 1459 1676 1524 1729; x_wconf 83' lang='grc' dir='ltr'>ὲκ</span> <span class='ocrx_word' id='word_1_99' title='bbox 1554 1675 1744 1732; x_wconf 82' lang='grc' dir='ltr'>πασῶν</span> 
     </span>
    </p>
   </div>
   <div class='ocr_carea' id='block_1_19' title="bbox 174 1762 763 1836">
    <p class='ocr_par' dir='ltr' id='par_1_19' title="bbox 174 1762 763 1836">
     <span class='ocr_line' id='line_1_19' title="bbox 174 1762 763 1836; baseline 0.01 -22"><span class='ocrx_word' id='word_1_100' title='bbox 174 1762 295 1815; x_wconf 80' lang='grc' dir='ltr'>τῶν</span> <span class='ocrx_word' id='word_1_101' title='bbox 323 1765 557 1836; x_wconf 81' lang='grc' dir='ltr'><strong>ἀνομιῶν</strong></span> <span class='ocrx_word' id='word_1_102' title='bbox 582 1765 763 1820; x_wconf 76' lang='grc' dir='ltr'>αὑτοῦ.</span> 
     </span>
    </p>
   </div>
   <div class='ocr_carea' id='block_1_20' title="bbox 270 1857 1675 1927">
    <p class='ocr_par' dir='ltr' id='par_1_20' title="bbox 270 1857 1675 1927">
     <span class='ocr_line' id='line_1_20' title="bbox 270 1857 1675 1927; baseline 0.004 -17"><span class='ocrx_word' id='word_1_103' title='bbox 270 1858 407 1927; x_wconf 78' lang='grc' dir='ltr'><strong>ᾮδὴ</strong></span> <span class='ocrx_word' id='word_1_104' title='bbox 436 1857 553 1910; x_wconf 81' lang='grc' dir='ltr'><strong>τῶν</strong></span> <span class='ocrx_word' id='word_1_105' title='bbox 587 1857 952 1927; x_wconf 78' lang='grc' dir='ltr'><strong>Ἁναόαθμῶν</strong></span> <span class='ocrx_word' id='word_1_106' title='bbox 990 1857 1069 1924; x_wconf 83' lang='grc' dir='ltr'>τῷ</span> <span class='ocrx_word' id='word_1_107' title='bbox 1101 1859 1292 1913; x_wconf 76' lang='grc' dir='ltr'>Δαϐίδ.</span> <span class='ocrx_word' id='word_1_108' title='bbox 1346 1862 1518 1917; x_wconf 80' lang='grc' dir='ltr'><strong>ΨΑΛ.</strong></span> <span class='ocrx_word' id='word_1_109' title='bbox 1543 1861 1675 1918; x_wconf 74' lang='lat' dir='ltr'><strong>PA&#39;.</strong></span> 
     </span>
    </p>
   </div>
   <div class='ocr_carea' id='block_1_21' title="bbox 255 1950 1341 2025">
    <p class='ocr_par' dir='ltr' id='par_1_21' title="bbox 255 1950 1341 2025">
     <span class='ocr_line' id='line_1_21' title="bbox 255 1950 1341 2025; baseline 0.001 -22"><span class='ocrx_word' id='word_1_110' title='bbox 255 1951 310 2003; x_wconf 90' lang='grc'><strong>1.</strong></span> <span class='ocrx_word' id='word_1_111' title='bbox 345 1950 535 2021; x_wconf 80' lang='grc' dir='ltr'>Κύριε,</span> <span class='ocrx_word' id='word_1_112' title='bbox 569 1953 667 2021; x_wconf 87' lang='grc' dir='ltr'>ούχ</span> <span class='ocrx_word' id='word_1_113' title='bbox 700 1950 887 2022; x_wconf 74' lang='grc' dir='ltr'>ὑψώθη</span> <span class='ocrx_word' id='word_1_114' title='bbox 920 1954 952 2022; x_wconf 84' lang='grc' dir='ltr'><strong>ἡ</strong></span> <span class='ocrx_word' id='word_1_115' title='bbox 982 1951 1175 2025; x_wconf 79' lang='grc' dir='ltr'>καρδία</span> <span class='ocrx_word' id='word_1_116' title='bbox 1208 1966 1341 2021; x_wconf 80' lang='grc' dir='ltr'>μου’</span> 
     </span>
    </p>
   </div>
   <div class='ocr_carea' id='block_1_22' title="bbox 256 2069 1111 2139">
    <p class='ocr_par' dir='ltr' id='par_1_22' title="bbox 256 2069 1111 2139">
     <span class='ocr_line' id='line_1_22' title="bbox 256 2069 1111 2139; baseline 0.002 -17"><span class='ocrx_word' id='word_1_117' title='bbox 256 2069 333 2139; x_wconf 81' lang='lat' dir='ltr'><strong>la)</strong></span> <span class='ocrx_word' id='word_1_118' title='bbox 365 2069 520 2125; x_wconf 84' lang='lat' dir='ltr'><strong>Vers.</strong></span> <span class='ocrx_word' id='word_1_119' title='bbox 548 2070 604 2138; x_wconf 71' lang='grc'>4,</span> <span class='ocrx_word' id='word_1_120' title='bbox 638 2070 690 2138; x_wconf 81' lang='lat'><strong>5,</strong></span> <span class='ocrx_word' id='word_1_121' title='bbox 721 2087 862 2126; x_wconf 85' lang='lat' dir='ltr'><strong>vers.</strong></span> <span class='ocrx_word' id='word_1_122' title='bbox 898 2071 1111 2125; x_wconf 87' lang='lat' dir='ltr'><strong>unicus.</strong></span> 
     </span>
    </p>
   </div>
   <div class='ocr_carea' id='block_1_23' title="bbox 1903 670 2745 743">
    <p class='ocr_par' dir='ltr' id='par_1_23' title="bbox 1903 670 2745 743">
     <span class='ocr_line' id='line_1_23' title="bbox 1903 670 2745 743; baseline -0.005 -15"><span class='ocrx_word' id='word_1_123' title='bbox 1903 674 1956 728; x_wconf 84' lang='lat'><strong>5.</strong></span> <span class='ocrx_word' id='word_1_124' title='bbox 1988 670 2234 739; x_wconf 87' lang='lat' dir='ltr'><strong>Domine,</strong></span> <span class='ocrx_word' id='word_1_125' title='bbox 2264 672 2387 743; x_wconf 87' lang='lat' dir='ltr'><strong>quis</strong></span> <span class='ocrx_word' id='word_1_126' title='bbox 2417 672 2745 728; x_wconf 86' lang='lat' dir='ltr'><strong>sustinebit?</strong></span> 
     </span>
    </p>
   </div>
   <div class='ocr_carea' id='block_1_24' title="bbox 1904 764 2898 834">
    <p class='ocr_par' dir='ltr' id='par_1_24' title="bbox 1904 764 2898 834">
     <span class='ocr_line' id='line_1_24' title="bbox 1904 764 2898 834; baseline 0 -15"><span class='ocrx_word' id='word_1_127' title='bbox 1904 766 1957 819; x_wconf 85' lang='grc'><strong>6.</strong></span> <span class='ocrx_word' id='word_1_128' title='bbox 1996 764 2134 830; x_wconf 85' lang='lat' dir='ltr'><strong>Quia</strong></span> <span class='ocrx_word' id='word_1_129' title='bbox 2171 766 2314 833; x_wconf 90' lang='lat' dir='ltr'><strong>apud</strong></span> <span class='ocrx_word' id='word_1_130' title='bbox 2345 774 2396 819; x_wconf 91' lang='lat' dir='ltr'><strong>te</strong></span> <span class='ocrx_word' id='word_1_131' title='bbox 2435 764 2748 834; x_wconf 86' lang='lat' dir='ltr'><strong>propitiatio</strong></span> <span class='ocrx_word' id='word_1_132' title='bbox 2778 772 2898 819; x_wconf 86' lang='lat' dir='ltr'><strong>est:</strong></span> 
     </span>
    </p>
   </div>
   <div class='ocr_carea' id='block_1_25' title="bbox 1904 853 3281 927">
    <p class='ocr_par' dir='ltr' id='par_1_25' title="bbox 1904 853 3281 927">
     <span class='ocr_line' id='line_1_25' title="bbox 1904 853 3281 927; baseline -0.003 -16"><span class='ocrx_word' id='word_1_133' title='bbox 1904 857 1954 911; x_wconf 88' lang='lat'><strong>7.</strong></span> <span class='ocrx_word' id='word_1_134' title='bbox 2000 856 2229 925; x_wconf 86' lang='lat' dir='ltr'><strong>Propter</strong></span> <span class='ocrx_word' id='word_1_135' title='bbox 2264 858 2433 927; x_wconf 77' lang='lat' dir='ltr'><strong>legem</strong></span> <span class='ocrx_word' id='word_1_136' title='bbox 2467 866 2613 911; x_wconf 88' lang='lat' dir='ltr'><strong>tuam</strong></span> <span class='ocrx_word' id='word_1_137' title='bbox 2659 856 2895 911; x_wconf 74' lang='lat' dir='ltr'><strong>sustinui</strong></span> <span class='ocrx_word' id='word_1_138' title='bbox 2936 864 3007 920; x_wconf 89' lang='lat' dir='ltr'><strong>te,</strong></span> <span class='ocrx_word' id='word_1_139' title='bbox 3036 853 3281 908; x_wconf 87' lang='lat' dir='ltr'><strong>Domine.</strong></span> 
     </span>
    </p>
   </div>
   <div class='ocr_carea' id='block_1_26' title="bbox 1905 946 3440 1020">
    <p class='ocr_par' dir='ltr' id='par_1_26' title="bbox 1905 946 3440 1020">
     <span class='ocr_line' id='line_1_26' title="bbox 1905 946 3440 1020; baseline -0.002 -16"><span class='ocrx_word' id='word_1_140' title='bbox 1905 950 1957 1004; x_wconf 91' lang='lat'><strong>8.</strong></span> <span class='ocrx_word' id='word_1_141' title='bbox 1997 949 2272 1005; x_wconf 88' lang='lat' dir='ltr'><strong>Sustinuit</strong></span> <span class='ocrx_word' id='word_1_142' title='bbox 2300 950 2480 1005; x_wconf 89' lang='lat' dir='ltr'><strong>anima</strong></span> <span class='ocrx_word' id='word_1_143' title='bbox 2510 966 2625 1005; x_wconf 86' lang='lat' dir='ltr'><strong>mea</strong></span> <span class='ocrx_word' id='word_1_144' title='bbox 2669 950 2723 1004; x_wconf 91' lang='lat' dir='ltr'><strong>in</strong></span> <span class='ocrx_word' id='word_1_145' title='bbox 2754 949 2921 1004; x_wconf 89' lang='lat' dir='ltr'><strong>verbo</strong></span> <span class='ocrx_word' id='word_1_146' title='bbox 2950 948 3068 1019; x_wconf 84' lang='lat' dir='ltr'><strong>ejus</strong></span> <span class='ocrx_word' id='word_1_147' title='bbox 3107 947 3183 1020; x_wconf 91' lang='lat' dir='ltr'><strong>[in</strong></span> <span class='ocrx_word' id='word_1_148' title='bbox 3211 946 3390 1002; x_wconf 77' lang='lat' dir='ltr'><strong>verbis</strong></span> <span class='ocrx_word' id='word_1_149' title='bbox 3433 972 3440 980; x_wconf 90' lang='lat'><strong>-</strong></span> 
     </span>
    </p>
   </div>
   <div class='ocr_carea' id='block_1_27' title="bbox 1837 1040 2009 1111">
    <p class='ocr_par' dir='ltr' id='par_1_27' title="bbox 1837 1040 2009 1111">
     <span class='ocr_line' id='line_1_27' title="bbox 1837 1040 2009 1111; baseline 0 -18"><span class='ocrx_word' id='word_1_150' title='bbox 1837 1040 1965 1111; x_wconf 89' lang='lat' dir='ltr'><strong>tuis]</strong></span> <span class='ocrx_word' id='word_1_151' title='bbox 1996 1058 2009 1093; x_wconf 75' lang='grc' dir='ltr'><strong>ε</strong></span> 
     </span>
    </p>
   </div>
   <div class='ocr_carea' id='block_1_28' title="bbox 1905 1130 2971 1202">
    <p class='ocr_par' dir='ltr' id='par_1_28' title="bbox 1905 1130 2971 1202">
     <span class='ocr_line' id='line_1_28' title="bbox 1905 1130 2971 1202; baseline -0.001 -15"><span class='ocrx_word' id='word_1_152' title='bbox 1905 1132 1957 1187; x_wconf 91' lang='lat'><strong>9.</strong></span> <span class='ocrx_word' id='word_1_153' title='bbox 2005 1131 2255 1202; x_wconf 85' lang='lat' dir='ltr'><strong>Speravit</strong></span> <span class='ocrx_word' id='word_1_154' title='bbox 2281 1134 2462 1185; x_wconf 86' lang='lat' dir='ltr'><strong>anima</strong></span> <span class='ocrx_word' id='word_1_155' title='bbox 2491 1146 2611 1187; x_wconf 89' lang='lat' dir='ltr'><strong>mea</strong></span> <span class='ocrx_word' id='word_1_156' title='bbox 2644 1132 2696 1186; x_wconf 94' lang='lat' dir='ltr'><strong>in</strong></span> <span class='ocrx_word' id='word_1_157' title='bbox 2724 1130 2971 1186; x_wconf 86' lang='lat' dir='ltr'><strong>Domino.</strong></span> 
     </span>
    </p>
   </div>
   <div class='ocr_carea' id='block_1_29' title="bbox 1908 1226 3250 1294">
    <p class='ocr_par' dir='ltr' id='par_1_29' title="bbox 1908 1226 3250 1294">
     <span class='ocr_line' id='line_1_29' title="bbox 1908 1226 3250 1294; baseline -0.003 -14"><span class='ocrx_word' id='word_1_158' title='bbox 1908 1226 1993 1280; x_wconf 85' lang='grc'><strong>10.</strong></span> <span class='ocrx_word' id='word_1_159' title='bbox 2036 1230 2081 1278; x_wconf 78' lang='grc' dir='ltr'><strong>Α</strong></span> <span class='ocrx_word' id='word_1_160' title='bbox 2116 1226 2362 1280; x_wconf 89' lang='lat' dir='ltr'><strong>custodia</strong></span> <span class='ocrx_word' id='word_1_161' title='bbox 2408 1228 2673 1279; x_wconf 86' lang='lat' dir='ltr'><strong>matutina</strong></span> <span class='ocrx_word' id='word_1_162' title='bbox 2705 1241 2876 1294; x_wconf 88' lang='lat' dir='ltr'><strong>usque</strong></span> <span class='ocrx_word' id='word_1_163' title='bbox 2908 1226 2972 1278; x_wconf 87' lang='lat' dir='ltr'><strong>ad</strong></span> <span class='ocrx_word' id='word_1_164' title='bbox 3016 1233 3250 1288; x_wconf 88' lang='lat' dir='ltr'><strong>noctem,</strong></span> 
     </span>
    </p>
   </div>
   <div class='ocr_carea' id='block_1_30' title="bbox 1908 1316 3391 1389">
    <p class='ocr_par' dir='ltr' id='par_1_30' title="bbox 1908 1316 3391 1389">
     <span class='ocr_line' id='line_1_30' title="bbox 1908 1316 3391 1389; baseline -0.001 -18"><span class='ocrx_word' id='word_1_165' title='bbox 1908 1316 1995 1373; x_wconf 88' lang='grc'><strong>11.</strong></span> <span class='ocrx_word' id='word_1_166' title='bbox 2037 1318 2083 1370; x_wconf 85' lang='grc' dir='ltr'><strong>Α</strong></span> <span class='ocrx_word' id='word_1_167' title='bbox 2105 1318 2351 1372; x_wconf 90' lang='lat' dir='ltr'><strong>custodia</strong></span> <span class='ocrx_word' id='word_1_168' title='bbox 2381 1319 2647 1373; x_wconf 87' lang='lat' dir='ltr'><strong>matutina</strong></span> <span class='ocrx_word' id='word_1_169' title='bbox 2667 1328 2846 1389; x_wconf 87' lang='lat' dir='ltr'><strong>speret</strong></span> <span class='ocrx_word' id='word_1_170' title='bbox 2870 1317 3033 1373; x_wconf 87' lang='lat' dir='ltr'><strong>lsrael</strong></span> <span class='ocrx_word' id='word_1_171' title='bbox 3065 1318 3117 1371; x_wconf 92' lang='lat' dir='ltr'><strong>in</strong></span> <span class='ocrx_word' id='word_1_172' title='bbox 3141 1316 3391 1371; x_wconf 73' lang='lat' dir='ltr'><strong>Domino.</strong></span> 
     </span>
    </p>
   </div>
   <div class='ocr_carea' id='block_1_31' title="bbox 1910 1496 3113 1566">
    <p class='ocr_par' dir='ltr' id='par_1_31' title="bbox 1910 1496 3113 1566">
     <span class='ocr_line' id='line_1_31' title="bbox 1910 1496 3113 1566; baseline 0.002 -16"><span class='ocrx_word' id='word_1_173' title='bbox 1910 1497 1999 1551; x_wconf 75' lang='grc'><strong>12.</strong></span> <span class='ocrx_word' id='word_1_174' title='bbox 2040 1496 2176 1562; x_wconf 84' lang='lat' dir='ltr'><strong>Quia</strong></span> <span class='ocrx_word' id='word_1_175' title='bbox 2218 1497 2359 1566; x_wconf 90' lang='lat' dir='ltr'><strong>apud</strong></span> <span class='ocrx_word' id='word_1_176' title='bbox 2387 1496 2676 1553; x_wconf 89' lang='lat' dir='ltr'><strong>Dominum</strong></span> <span class='ocrx_word' id='word_1_177' title='bbox 2717 1498 3113 1565; x_wconf 85' lang='lat' dir='ltr'><strong>misericordia,</strong></span> 
     </span>
    </p>
   </div>
   <div class='ocr_carea' id='block_1_32' title="bbox 1911 1587 3044 1658">
    <p class='ocr_par' dir='ltr' id='par_1_32' title="bbox 1911 1587 3044 1658">
     <span class='ocr_line' id='line_1_32' title="bbox 1911 1587 3044 1658; baseline 0.001 -16"><span class='ocrx_word' id='word_1_178' title='bbox 1911 1589 1998 1642; x_wconf 79' lang='lat' dir='ltr'><strong>l3.</strong></span> <span class='ocrx_word' id='word_1_179' title='bbox 2034 1587 2101 1642; x_wconf 87' lang='lat' dir='ltr'><strong>Et</strong></span> <span class='ocrx_word' id='word_1_180' title='bbox 2126 1590 2345 1657; x_wconf 83' lang='lat' dir='ltr'><strong>cupiosa</strong></span> <span class='ocrx_word' id='word_1_181' title='bbox 2380 1591 2520 1657; x_wconf 86' lang='lat' dir='ltr'><strong>apud</strong></span> <span class='ocrx_word' id='word_1_182' title='bbox 2554 1605 2675 1643; x_wconf 90' lang='lat' dir='ltr'><strong>eum</strong></span> <span class='ocrx_word' id='word_1_183' title='bbox 2703 1590 3044 1658; x_wconf 83' lang='lat' dir='ltr'><strong>redemptio:</strong></span> 
     </span>
    </p>
   </div>
   <div class='ocr_carea' id='block_1_33' title="bbox 1914 1679 3397 1749">
    <p class='ocr_par' dir='ltr' id='par_1_33' title="bbox 1914 1679 3397 1749">
     <span class='ocr_line' id='line_1_33' title="bbox 1914 1679 3397 1749; baseline -0.001 -15"><span class='ocrx_word' id='word_1_184' title='bbox 1914 1679 2001 1734; x_wconf 79' lang='grc'><strong>14.</strong></span> <span class='ocrx_word' id='word_1_185' title='bbox 2047 1679 2112 1732; x_wconf 86' lang='lat' dir='ltr'><strong>Et</strong></span> <span class='ocrx_word' id='word_1_186' title='bbox 2156 1680 2271 1749; x_wconf 86' lang='lat' dir='ltr'><strong>ipse</strong></span> <span class='ocrx_word' id='word_1_187' title='bbox 2299 1682 2527 1735; x_wconf 88' lang='lat' dir='ltr'><strong>redimet</strong></span> <span class='ocrx_word' id='word_1_188' title='bbox 2560 1680 2727 1736; x_wconf 83' lang='lat' dir='ltr'><strong>Israel</strong></span> <span class='ocrx_word' id='word_1_189' title='bbox 2758 1696 2825 1735; x_wconf 80' lang='lat' dir='ltr'><strong>ex</strong></span> <span class='ocrx_word' id='word_1_190' title='bbox 2853 1680 3106 1735; x_wconf 87' lang='lat' dir='ltr'><strong>omnibus</strong></span> <span class='ocrx_word' id='word_1_191' title='bbox 3133 1679 3397 1749; x_wconf 84' lang='lat' dir='ltr'><strong>iniquita-</strong></span> 
     </span>
    </p>
   </div>
   <div class='ocr_carea' id='block_1_34' title="bbox 1847 1770 2157 1841">
    <p class='ocr_par' dir='ltr' id='par_1_34' title="bbox 1847 1770 2157 1841">
     <span class='ocr_line' id='line_1_34' title="bbox 1847 1770 2157 1841; baseline 0.003 -18"><span class='ocrx_word' id='word_1_192' title='bbox 1847 1770 1990 1823; x_wconf 66' lang='lat' dir='ltr'><strong>tibus</strong></span> <span class='ocrx_word' id='word_1_193' title='bbox 2020 1771 2157 1841; x_wconf 89' lang='lat' dir='ltr'><strong>ejus.</strong></span> 
     </span>
    </p>
   </div>
   <div class='ocr_carea' id='block_1_35' title="bbox 1943 1859 3312 1916">
    <p class='ocr_par' dir='ltr' id='par_1_35' title="bbox 1943 1859 3312 1916">
     <span class='ocr_line' id='line_1_35' title="bbox 1943 1859 3312 1916; baseline -0.001 -1"><span class='ocrx_word' id='word_1_194' title='bbox 1943 1859 2218 1915; x_wconf 82' lang='lat' dir='ltr'><strong>Canticum</strong></span> <span class='ocrx_word' id='word_1_195' title='bbox 2273 1860 2543 1915; x_wconf 85' lang='lat' dir='ltr'><strong>Craduum</strong></span> <span class='ocrx_word' id='word_1_196' title='bbox 2605 1862 2791 1916; x_wconf 81' lang='lat' dir='ltr'><strong>David.</strong></span> <span class='ocrx_word' id='word_1_197' title='bbox 2843 1859 3041 1916; x_wconf 74' lang='lat' dir='ltr'><strong>PSAL.</strong></span> <span class='ocrx_word' id='word_1_198' title='bbox 3092 1859 3312 1916; x_wconf 77' lang='lat' dir='ltr'><em>CXXX.</em></span> 
     </span>
    </p>
   </div>
   <div class='ocr_carea' id='block_1_36' title="bbox 1920 1952 3225 2020">
    <p class='ocr_par' dir='ltr' id='par_1_36' title="bbox 1920 1952 3225 2020">
     <span class='ocr_line' id='line_1_36' title="bbox 1920 1952 3225 2020; baseline 0.003 -15"><span class='ocrx_word' id='word_1_199' title='bbox 1920 1953 1970 2006; x_wconf 92' lang='grc'><strong>1.</strong></span> <span class='ocrx_word' id='word_1_200' title='bbox 2016 1952 2263 2020; x_wconf 87' lang='lat' dir='ltr'><strong>Domine,</strong></span> <span class='ocrx_word' id='word_1_201' title='bbox 2300 1971 2408 2009; x_wconf 91' lang='lat' dir='ltr'><strong>non</strong></span> <span class='ocrx_word' id='word_1_202' title='bbox 2440 1964 2523 2010; x_wconf 88' lang='lat' dir='ltr'><strong>est</strong></span> <span class='ocrx_word' id='word_1_203' title='bbox 2556 1958 2850 2010; x_wconf 80' lang='lat' dir='ltr'><strong>exaltatum</strong></span> <span class='ocrx_word' id='word_1_204' title='bbox 2882 1971 2978 2009; x_wconf 91' lang='lat' dir='ltr'><strong>cor</strong></span> <span class='ocrx_word' id='word_1_205' title='bbox 3003 1969 3183 2009; x_wconf 86' lang='lat' dir='ltr'><strong>meum</strong></span> <span class='ocrx_word' id='word_1_206' title='bbox 3212 1973 3225 2009; x_wconf 89' lang='lat'><strong>:</strong></span> 
     </span>
    </p>
   </div>
   <div class='ocr_carea' id='block_1_37' title="bbox 1297 2184 2289 2241">
    <p class='ocr_par' dir='ltr' id='par_1_37' title="bbox 1297 2184 2289 2241">
     <span class='ocr_line' id='line_1_37' title="bbox 1297 2184 2289 2241; baseline 0.002 -2"><span class='ocrx_word' id='word_1_207' title='bbox 1297 2184 1676 2240; x_wconf 80' lang='lat' dir='ltr'><strong>ATHANASII</strong></span> <span class='ocrx_word' id='word_1_208' title='bbox 1716 2184 2289 2241; x_wconf 80' lang='lat' dir='ltr'><strong>INTERPRETATIO.</strong></span> 
     </span>
    </p>
   </div>
   <div class='ocr_carea' id='block_1_38' title="bbox 255 2316 1753 2390">
    <p class='ocr_par' dir='ltr' id='par_1_38' title="bbox 255 2316 1747 2389">
     <span class='ocr_line' id='line_1_38' title="bbox 255 2316 1747 2389; baseline -0.005 -14"><span class='ocrx_word' id='word_1_209' title='bbox 255 2322 313 2386; x_wconf 67' lang='grc' dir='ltr'>Δ,</span> <span class='ocrx_word' id='word_1_210' title='bbox 338 2321 388 2376; x_wconf 82' lang='lat'><strong>5.</strong></span> <span class='ocrx_word' id='word_1_211' title='bbox 415 2320 538 2377; x_wconf 84' lang='grc' dir='ltr'>Ἐὰν</span> <span class='ocrx_word' id='word_1_212' title='bbox 563 2321 801 2389; x_wconf 83' lang='grc' dir='ltr'>προσχῇς</span> <span class='ocrx_word' id='word_1_213' title='bbox 824 2320 942 2381; x_wconf 82' lang='grc' dir='ltr'>ταῖς</span> <span class='ocrx_word' id='word_1_214' title='bbox 962 2317 1207 2387; x_wconf 87' lang='grc' dir='ltr'>ἁνομίαις</span> <span class='ocrx_word' id='word_1_215' title='bbox 1228 2318 1259 2387; x_wconf 79' lang='grc' dir='ltr'>ἡ</span> <span class='ocrx_word' id='word_1_216' title='bbox 1270 2316 1405 2387; x_wconf 83' lang='grc' dir='ltr'>μῶν,</span> <span class='ocrx_word' id='word_1_217' title='bbox 1429 2317 1521 2369; x_wconf 79' lang='grc' dir='ltr'>καὶ</span> <span class='ocrx_word' id='word_1_218' title='bbox 1543 2316 1617 2386; x_wconf 89' lang='grc' dir='ltr'><strong>(Ι)</strong></span> <span class='ocrx_word' id='word_1_219' title='bbox 1643 2316 1747 2386; x_wconf 79' lang='grc' dir='ltr'><strong>πρὸ</strong></span> 
     </span>
    </p>
   </div>
   <div class='ocr_carea' id='block_1_39' title="bbox 1838 2316 3401 2390">
    <p class='ocr_par' dir='ltr' id='par_1_39' title="bbox 1912 2318 3401 2390">
     <span class='ocr_line' id='line_1_39' title="bbox 1912 2318 3401 2390; baseline 0.003 -18"><span class='ocrx_word' id='word_1_220' title='bbox 1912 2318 1965 2384; x_wconf 82' lang='grc'>4,</span> <span class='ocrx_word' id='word_1_221' title='bbox 2000 2320 2051 2373; x_wconf 84' lang='grc'><strong>5.</strong></span> <span class='ocrx_word' id='word_1_222' title='bbox 2081 2318 2137 2373; x_wconf 91' lang='lat' dir='ltr'><strong>Si</strong></span> <span class='ocrx_word' id='word_1_223' title='bbox 2160 2319 2404 2374; x_wconf 88' lang='lat' dir='ltr'><strong>attendas</strong></span> <span class='ocrx_word' id='word_1_224' title='bbox 2435 2319 2748 2390; x_wconf 88' lang='lat' dir='ltr'><strong>iniquitates</strong></span> <span class='ocrx_word' id='word_1_225' title='bbox 2772 2329 3006 2385; x_wconf 88' lang='lat' dir='ltr'><strong>nostras,</strong></span> <span class='ocrx_word' id='word_1_226' title='bbox 3031 2332 3082 2374; x_wconf 92' lang='lat' dir='ltr'><strong>et</strong></span> <span class='ocrx_word' id='word_1_227' title='bbox 3105 2322 3401 2376; x_wconf 88' lang='lat' dir='ltr'><strong>secundum</strong></span> 
     </span>
    </p>
   </div>
   <div class='ocr_carea' id='block_1_40' title="bbox 180 2407 1749 2483">
    <p class='ocr_par' dir='ltr' id='par_1_40' title="bbox 180 2407 1749 2483">
     <span class='ocr_line' id='line_1_40' title="bbox 180 2407 1749 2483; baseline -0.006 -15"><span class='ocrx_word' id='word_1_228' title='bbox 180 2415 363 2483; x_wconf 75' lang='grc' dir='ltr'>αὐτῆς</span> <span class='ocrx_word' id='word_1_229' title='bbox 383 2412 522 2465; x_wconf 78' lang='grc' dir='ltr'>οὓτω</span> <span class='ocrx_word' id='word_1_230' title='bbox 550 2413 775 2481; x_wconf 76' lang='grc' dir='ltr'><strong>ποιήσῃς</strong></span> <span class='ocrx_word' id='word_1_231' title='bbox 807 2411 954 2481; x_wconf 83' lang='grc' dir='ltr'>ύμῖν,</span> <span class='ocrx_word' id='word_1_232' title='bbox 986 2409 1176 2479; x_wconf 82' lang='grc' dir='ltr'>Κύριε,</span> <span class='ocrx_word' id='word_1_233' title='bbox 1204 2407 1395 2479; x_wconf 84' lang='grc' dir='ltr'>Κύριε,</span> <span class='ocrx_word' id='word_1_234' title='bbox 1413 2408 1496 2469; x_wconf 88' lang='grc' dir='ltr'><strong>τίς</strong></span> <span class='ocrx_word' id='word_1_235' title='bbox 1524 2407 1749 2477; x_wconf 83' lang='grc' dir='ltr'>περιλει-</span> 
     </span>
    </p>
   </div>
   <div class='ocr_carea' id='block_1_41' title="bbox 180 2506 483 2576">
    <p class='ocr_par' dir='ltr' id='par_1_41' title="bbox 180 2506 483 2576">
     <span class='ocr_line' id='line_1_41' title="bbox 180 2506 483 2576; baseline -0.01 -19"><span class='ocrx_word' id='word_1_236' title='bbox 180 2506 483 2576; x_wconf 74' lang='grc' dir='ltr'>φΟήσεται;</span> 
     </span>
    </p>
   </div>
   <div class='ocr_carea' id='block_1_42' title="bbox 258 2587 1743 2662">
    <p class='ocr_par' dir='ltr' id='par_1_42' title="bbox 258 2587 1743 2662">
     <span class='ocr_line' id='line_1_42' title="bbox 258 2587 1743 2662; baseline -0.006 -13"><span class='ocrx_word' id='word_1_237' title='bbox 258 2596 313 2649; x_wconf 85' lang='grc'><strong>6.</strong></span> <span class='ocrx_word' id='word_1_238' title='bbox 336 2597 454 2649; x_wconf 76' lang='grc' dir='ltr'>Ὀτι</span> <span class='ocrx_word' id='word_1_239' title='bbox 488 2595 549 2647; x_wconf 81' lang='grc' dir='ltr'>σὺ</span> <span class='ocrx_word' id='word_1_240' title='bbox 582 2589 634 2646; x_wconf 80' lang='grc' dir='ltr'><strong>εἷ</strong></span> <span class='ocrx_word' id='word_1_241' title='bbox 665 2597 696 2648; x_wconf 86' lang='grc' dir='ltr'>ό</span> <span class='ocrx_word' id='word_1_242' title='bbox 719 2596 972 2662; x_wconf 76' lang='grc' dir='ltr'>ἱλασμός</span> <span class='ocrx_word' id='word_1_243' title='bbox 993 2591 1110 2644; x_wconf 83' lang='grc' dir='ltr'><strong>τῶν</strong></span> <span class='ocrx_word' id='word_1_244' title='bbox 1135 2590 1207 2661; x_wconf 71' lang='grc'><strong>(2)</strong></span> <span class='ocrx_word' id='word_1_245' title='bbox 1228 2588 1522 2659; x_wconf 80' lang='grc' dir='ltr'><strong>ἁμαρτιῶν</strong></span> <span class='ocrx_word' id='word_1_246' title='bbox 1554 2587 1743 2656; x_wconf 75' lang='grc' dir='ltr'><strong>ἡμῶν·</strong></span> 
     </span>
    </p>
   </div>
   <div class='ocr_carea' id='block_1_43' title="bbox 180 2679 1750 2757">
    <p class='ocr_par' dir='ltr' id='par_1_43' title="bbox 180 2679 1750 2757">
     <span class='ocr_line' id='line_1_43' title="bbox 180 2679 1750 2757; baseline -0.008 -15"><span class='ocrx_word' id='word_1_247' title='bbox 180 2692 260 2744; x_wconf 81' lang='grc' dir='ltr'><strong>οὐ</strong></span> <span class='ocrx_word' id='word_1_248' title='bbox 292 2691 481 2757; x_wconf 74' lang='grc' dir='ltr'><strong>μόνον</strong></span> <span class='ocrx_word' id='word_1_249' title='bbox 517 2686 581 2739; x_wconf 82' lang='grc' dir='ltr'>δὲ</span> <span class='ocrx_word' id='word_1_250' title='bbox 610 2688 740 2754; x_wconf 77' lang='grc' dir='ltr'>περὶ</span> <span class='ocrx_word' id='word_1_251' title='bbox 776 2684 892 2738; x_wconf 83' lang='grc' dir='ltr'><em>τῶν</em></span> <span class='ocrx_word' id='word_1_252' title='bbox 930 2684 1247 2754; x_wconf 69' lang='grc' dir='ltr'><strong>ἡμετέρων,</strong></span> <span class='ocrx_word' id='word_1_253' title='bbox 1281 2681 1438 2734; x_wconf 76' lang='grc' dir='ltr'><strong>ἀλλὰ</strong></span> <span class='ocrx_word' id='word_1_254' title='bbox 1474 2680 1569 2733; x_wconf 79' lang='grc' dir='ltr'>καὶ</span> <span class='ocrx_word' id='word_1_255' title='bbox 1618 2679 1750 2745; x_wconf 80' lang='grc' dir='ltr'>περὶ</span> 
     </span>
    </p>
   </div>
   <div class='ocr_carea' id='block_1_44' title="bbox 181 2779 761 2845">
    <p class='ocr_par' dir='ltr' id='par_1_44' title="bbox 181 2779 761 2845">
     <span class='ocr_line' id='line_1_44' title="bbox 181 2779 761 2845; baseline -0.007 -11"><span class='ocrx_word' id='word_1_256' title='bbox 181 2781 341 2834; x_wconf 74' lang='grc' dir='ltr'>ὅλου</span> <span class='ocrx_word' id='word_1_257' title='bbox 379 2779 483 2833; x_wconf 87' lang='grc' dir='ltr'><strong>τοῦ</strong></span> <span class='ocrx_word' id='word_1_258' title='bbox 514 2780 761 2845; x_wconf 76' lang='grc' dir='ltr'>κόσμου.</span> 
     </span>
    </p>
   </div>
   <div class='ocr_carea' id='block_1_45' title="bbox 264 2861 1750 2939">
    <p class='ocr_par' dir='ltr' id='par_1_45' title="bbox 264 2861 1750 2939">
     <span class='ocr_line' id='line_1_45' title="bbox 264 2861 1750 2939; baseline -0.005 -15"><span class='ocrx_word' id='word_1_259' title='bbox 264 2872 316 2924; x_wconf 90' lang='lat'><strong>7.</strong></span> <span class='ocrx_word' id='word_1_260' title='bbox 350 2872 469 2924; x_wconf 82' lang='grc' dir='ltr'>Ὅτι</span> <span class='ocrx_word' id='word_1_261' title='bbox 496 2871 736 2939; x_wconf 74' lang='grc' dir='ltr'>ἐλεήμων</span> <span class='ocrx_word' id='word_1_262' title='bbox 780 2869 870 2921; x_wconf 76' lang='grc' dir='ltr'>καὶ</span> <span class='ocrx_word' id='word_1_263' title='bbox 916 2865 1293 2936; x_wconf 82' lang='grc' dir='ltr'>φιλάνθρωπος</span> <span class='ocrx_word' id='word_1_264' title='bbox 1325 2864 1611 2936; x_wconf 74' lang='grc' dir='ltr'>ὑπάρχεις,</span> <span class='ocrx_word' id='word_1_265' title='bbox 1662 2861 1750 2917; x_wconf 83' lang='grc' dir='ltr'><strong>διὰ</strong></span> 
     </span>
    </p>
   </div>
   <div class='ocr_carea' id='block_1_46' title="bbox 180 2955 1577 3030">
    <p class='ocr_par' dir='ltr' id='par_1_46' title="bbox 180 2955 1577 3030">
     <span class='ocr_line' id='line_1_46' title="bbox 180 2955 1577 3030; baseline -0.006 -14"><span class='ocrx_word' id='word_1_266' title='bbox 180 2964 351 3017; x_wconf 70' lang='grc' dir='ltr'>τοῦτο</span> <span class='ocrx_word' id='word_1_267' title='bbox 376 2961 528 3030; x_wconf 78' lang='grc' dir='ltr'><strong>κάγὼ</strong></span> <span class='ocrx_word' id='word_1_268' title='bbox 560 2960 924 3028; x_wconf 78' lang='grc' dir='ltr'>ἀπεκδέχομαι</span> <span class='ocrx_word' id='word_1_269' title='bbox 952 2958 1102 3028; x_wconf 73' lang='grc' dir='ltr'>παρὰ</span> <span class='ocrx_word' id='word_1_270' title='bbox 1141 2956 1232 3008; x_wconf 80' lang='grc' dir='ltr'>σοῦ</span> <span class='ocrx_word' id='word_1_271' title='bbox 1277 2955 1577 3026; x_wconf 70' lang='grc' dir='ltr'><strong>ἐλεηθῆναι.</strong></span> 
     </span>
    </p>
   </div>
   <div class='ocr_carea' id='block_1_47' title="bbox 266 3045 1754 3124">
    <p class='ocr_par' dir='ltr' id='par_1_47' title="bbox 266 3045 1754 3124">
     <span class='ocr_line' id='line_1_47' title="bbox 266 3045 1754 3124; baseline -0.008 -14"><span class='ocrx_word' id='word_1_272' title='bbox 266 3057 323 3111; x_wconf 88' lang='grc'><strong>8.</strong></span> <span class='ocrx_word' id='word_1_273' title='bbox 358 3057 466 3109; x_wconf 74' lang='grc' dir='ltr'><strong>Καὶ</strong></span> <span class='ocrx_word' id='word_1_274' title='bbox 496 3053 752 3124; x_wconf 78' lang='grc' dir='ltr'>ὑπομένει</span> <span class='ocrx_word' id='word_1_275' title='bbox 788 3053 861 3122; x_wconf 60' lang='grc'><strong>(5)</strong></span> <span class='ocrx_word' id='word_1_276' title='bbox 906 3053 938 3123; x_wconf 82' lang='grc' dir='ltr'>ἡ</span> <span class='ocrx_word' id='word_1_277' title='bbox 991 3049 1132 3119; x_wconf 66' lang='grc' dir='ltr'>ψυχή</span> <span class='ocrx_word' id='word_1_278' title='bbox 1171 3066 1270 3119; x_wconf 87' lang='grc' dir='ltr'>μου</span> <span class='ocrx_word' id='word_1_279' title='bbox 1300 3051 1378 3111; x_wconf 83' lang='grc' dir='ltr'>εἰς</span> <span class='ocrx_word' id='word_1_280' title='bbox 1409 3048 1505 3111; x_wconf 73' lang='grc' dir='ltr'><strong>τὰς</strong></span> <span class='ocrx_word' id='word_1_281' title='bbox 1539 3045 1754 3109; x_wconf 74' lang='grc' dir='ltr'>ἐντολάς</span> 
     </span>
    </p>
   </div>
   <div class='ocr_carea' id='block_1_48' title="bbox 184 3169 315 3210">
    <p class='ocr_par' dir='ltr' id='par_1_48' title="bbox 184 3169 315 3210">
     <span class='ocr_line' id='line_1_48' title="bbox 184 3169 315 3210; baseline 0 -7"><span class='ocrx_word' id='word_1_282' title='bbox 184 3169 291 3210; x_wconf 78' lang='grc' dir='ltr'><strong>σου</strong></span> <span class='ocrx_word' id='word_1_283' title='bbox 303 3190 315 3204; x_wconf 87' lang='grc'><strong>.</strong></span> 
     </span>
    </p>
   </div>
   <div class='ocr_carea' id='block_1_49' title="bbox 262 3233 1755 3309">
    <p class='ocr_par' dir='ltr' id='par_1_49' title="bbox 262 3233 1755 3309">
     <span class='ocr_line' id='line_1_49' title="bbox 262 3233 1755 3309; baseline -0.007 -11"><span class='ocrx_word' id='word_1_284' title='bbox 262 3244 322 3298; x_wconf 88' lang='grc'><strong>9.</strong></span> <span class='ocrx_word' id='word_1_285' title='bbox 355 3242 628 3305; x_wconf 81' lang='grc' dir='ltr'>Ἔλπισον,</span> <span class='ocrx_word' id='word_1_286' title='bbox 663 3238 738 3309; x_wconf 64' lang='grc'><strong>(1)</strong></span> <span class='ocrx_word' id='word_1_287' title='bbox 773 3240 805 3309; x_wconf 84' lang='grc' dir='ltr'>ὴ</span> <span class='ocrx_word' id='word_1_288' title='bbox 842 3236 983 3309; x_wconf 72' lang='grc' dir='ltr'>ψυχή</span> <span class='ocrx_word' id='word_1_289' title='bbox 1021 3253 1154 3305; x_wconf 85' lang='grc' dir='ltr'>μου,</span> <span class='ocrx_word' id='word_1_290' title='bbox 1204 3235 1282 3298; x_wconf 87' lang='grc' dir='ltr'><strong>είς</strong></span> <span class='ocrx_word' id='word_1_291' title='bbox 1310 3233 1399 3288; x_wconf 82' lang='grc' dir='ltr'>τὸν</span> <span class='ocrx_word' id='word_1_292' title='bbox 1430 3233 1646 3306; x_wconf 81' lang='grc' dir='ltr'><strong>Κύριον,</strong></span> <span class='ocrx_word' id='word_1_293' title='bbox 1676 3234 1755 3287; x_wconf 84' lang='grc' dir='ltr'><strong>ὅτι</strong></span> 
     </span>
    </p>
   </div>
   <div class='ocr_carea' id='block_1_50' title="bbox 183 3328 1181 3405">
    <p class='ocr_par' dir='ltr' id='par_1_50' title="bbox 183 3328 1181 3405">
     <span class='ocr_line' id='line_1_50' title="bbox 183 3328 1181 3405; baseline -0.009 -15"><span class='ocrx_word' id='word_1_294' title='bbox 183 3337 298 3390; x_wconf 72' lang='grc' dir='ltr'>οὐκ</span> <span class='ocrx_word' id='word_1_295' title='bbox 328 3335 392 3388; x_wconf 83' lang='grc' dir='ltr'>ἂν</span> <span class='ocrx_word' id='word_1_296' title='bbox 417 3334 721 3405; x_wconf 65' lang='grc' dir='ltr'>ἀπερρίφης</span> <span class='ocrx_word' id='word_1_297' title='bbox 751 3332 841 3384; x_wconf 79' lang='grc' dir='ltr'><strong>ἀπ’</strong></span> <span class='ocrx_word' id='word_1_298' title='bbox 871 3328 1055 3383; x_wconf 79' lang='grc' dir='ltr'>αὑτοῦ.</span> <span class='ocrx_word' id='word_1_299' title='bbox 1170 3392 1181 3402; x_wconf 23' lang='grc' dir='ltr'>α</span> 
     </span>
    </p>
   </div>
   <div class='ocr_carea' id='block_1_51' title="bbox 272 3417 1756 3492">
    <p class='ocr_par' dir='ltr' id='par_1_51' title="bbox 272 3417 1756 3492">
     <span class='ocr_line' id='line_1_51' title="bbox 272 3417 1756 3492; baseline -0.01 -10"><span class='ocrx_word' id='word_1_300' title='bbox 272 3429 359 3482; x_wconf 89' lang='grc'><strong>10.</strong></span> <span class='ocrx_word' id='word_1_301' title='bbox 395 3427 677 3479; x_wconf 82' lang='grc' dir='ltr'>Φυλάττων</span> <span class='ocrx_word' id='word_1_302' title='bbox 699 3424 856 3476; x_wconf 83' lang='grc' dir='ltr'>αὑτὸν</span> <span class='ocrx_word' id='word_1_303' title='bbox 880 3422 958 3492; x_wconf 77' lang='grc'><strong>(5)</strong></span> <span class='ocrx_word' id='word_1_304' title='bbox 985 3420 1077 3473; x_wconf 81' lang='grc' dir='ltr'>τοῦ</span> <span class='ocrx_word' id='word_1_305' title='bbox 1110 3421 1182 3489; x_wconf 83' lang='grc' dir='ltr'>μὴ</span> <span class='ocrx_word' id='word_1_306' title='bbox 1207 3418 1520 3488; x_wconf 81' lang='grc' dir='ltr'>ἁμαρτῆσαι</span> <span class='ocrx_word' id='word_1_307' title='bbox 1548 3417 1756 3487; x_wconf 82' lang='grc' dir='ltr'>ἡμέρας</span> 
     </span>
    </p>
   </div>
   <div class='ocr_carea' id='block_1_52' title="bbox 185 3519 523 3581">
    <p class='ocr_par' dir='ltr' id='par_1_52' title="bbox 185 3519 523 3581">
     <span class='ocr_line' id='line_1_52' title="bbox 185 3519 523 3581; baseline -0.021 -5"><span class='ocrx_word' id='word_1_308' title='bbox 185 3522 293 3576; x_wconf 76' lang='grc' dir='ltr'>καὶ</span> <span class='ocrx_word' id='word_1_309' title='bbox 316 3519 523 3581; x_wconf 79' lang='grc' dir='ltr'>νυκτός.</span> 
     </span>
    </p>
   </div>
   <div class='ocr_carea' id='block_1_53' title="bbox 274 3599 1759 3678">
    <p class='ocr_par' dir='ltr' id='par_1_53' title="bbox 274 3599 1759 3678">
     <span class='ocr_line' id='line_1_53' title="bbox 274 3599 1759 3678; baseline -0.01 -13"><span class='ocrx_word' id='word_1_310' title='bbox 274 3614 359 3666; x_wconf 85' lang='grc'><strong>11.</strong></span> <span class='ocrx_word' id='word_1_311' title='bbox 389 3609 495 3664; x_wconf 61' lang='grc' dir='ltr'><strong>Καὶ</strong></span> <span class='ocrx_word' id='word_1_312' title='bbox 525 3607 800 3678; x_wconf 78' lang='grc' dir='ltr'>συντηρῶν</span> <span class='ocrx_word' id='word_1_313' title='bbox 836 3604 1025 3658; x_wconf 69' lang='grc' dir='ltr'>ἑαυτὸν</span> <span class='ocrx_word' id='word_1_314' title='bbox 1065 3605 1121 3656; x_wconf 85' lang='grc' dir='ltr'>ὲν</span> <span class='ocrx_word' id='word_1_315' title='bbox 1149 3605 1260 3665; x_wconf 82' lang='grc' dir='ltr'>τοῖς</span> <span class='ocrx_word' id='word_1_316' title='bbox 1298 3601 1478 3672; x_wconf 75' lang='grc' dir='ltr'>ἔργοις</span> <span class='ocrx_word' id='word_1_317' title='bbox 1509 3599 1601 3652; x_wconf 78' lang='grc' dir='ltr'>τοῦ</span> <span class='ocrx_word' id='word_1_318' title='bbox 1649 3616 1759 3667; x_wconf 75' lang='grc' dir='ltr'><strong>φω-</strong></span> 
     </span>
    </p>
   </div>
   <div class='ocr_carea' id='block_1_54' title="bbox 1850 2412 3406 2484">
    <p class='ocr_par' dir='ltr' id='par_1_54' title="bbox 1850 2412 3406 2484">
     <span class='ocr_line' id='line_1_54' title="bbox 1850 2412 3406 2484; baseline 0.003 -19"><span class='ocrx_word' id='word_1_319' title='bbox 1850 2428 1964 2474; x_wconf 86' lang='lat' dir='ltr'><strong>eas,</strong></span> <span class='ocrx_word' id='word_1_320' title='bbox 2009 2414 2081 2465; x_wconf 91' lang='lat' dir='ltr'><strong>ita</strong></span> <span class='ocrx_word' id='word_1_321' title='bbox 2108 2412 2276 2467; x_wconf 81' lang='lat' dir='ltr'><strong>facias</strong></span> <span class='ocrx_word' id='word_1_322' title='bbox 2317 2413 2491 2480; x_wconf 89' lang='lat' dir='ltr'><strong>nobis,</strong></span> <span class='ocrx_word' id='word_1_323' title='bbox 2536 2414 2783 2481; x_wconf 77' lang='lat' dir='ltr'><strong>Domine,</strong></span> <span class='ocrx_word' id='word_1_324' title='bbox 2813 2412 3058 2480; x_wconf 89' lang='lat' dir='ltr'><strong>Domine,</strong></span> <span class='ocrx_word' id='word_1_325' title='bbox 3095 2415 3215 2484; x_wconf 90' lang='lat' dir='ltr'><strong>quis</strong></span> <span class='ocrx_word' id='word_1_326' title='bbox 3245 2415 3406 2470; x_wconf 84' lang='lat' dir='ltr'><strong>relin-</strong></span> 
     </span>
    </p>
   </div>
   <div class='ocr_carea' id='block_1_55' title="bbox 1852 2506 2090 2576">
    <p class='ocr_par' dir='ltr' id='par_1_55' title="bbox 1852 2506 2090 2576">
     <span class='ocr_line' id='line_1_55' title="bbox 1852 2506 2090 2576; baseline -0.008 -16"><span class='ocrx_word' id='word_1_327' title='bbox 1852 2506 2090 2576; x_wconf 85' lang='lat' dir='ltr'><strong>quetur?</strong></span> 
     </span>
    </p>
   </div>
   <div class='ocr_carea' id='block_1_56' title="bbox 1922 2595 3405 2667">
    <p class='ocr_par' dir='ltr' id='par_1_56' title="bbox 1922 2595 3405 2667">
     <span class='ocr_line' id='line_1_56' title="bbox 1922 2595 3405 2667; baseline 0.003 -18"><span class='ocrx_word' id='word_1_328' title='bbox 1922 2595 1975 2651; x_wconf 88' lang='lat'><strong>6.</strong></span> <span class='ocrx_word' id='word_1_329' title='bbox 2016 2595 2282 2662; x_wconf 81' lang='lat' dir='ltr'><strong>Quoniam</strong></span> <span class='ocrx_word' id='word_1_330' title='bbox 2314 2607 2368 2651; x_wconf 88' lang='lat' dir='ltr'><strong>tu</strong></span> <span class='ocrx_word' id='word_1_331' title='bbox 2417 2611 2476 2651; x_wconf 91' lang='lat' dir='ltr'><strong>es</strong></span> <span class='ocrx_word' id='word_1_332' title='bbox 2533 2598 2843 2666; x_wconf 74' lang='lat' dir='ltr'><strong>prapitiatio</strong></span> <span class='ocrx_word' id='word_1_333' title='bbox 2883 2615 2977 2666; x_wconf 86' lang='lat' dir='ltr'><strong>pro</strong></span> <span class='ocrx_word' id='word_1_334' title='bbox 3028 2600 3253 2667; x_wconf 77' lang='lat' dir='ltr'><strong>peccatis</strong></span> <span class='ocrx_word' id='word_1_335' title='bbox 3308 2616 3405 2653; x_wconf 86' lang='lat' dir='ltr'><strong>no-</strong></span> 
     </span>
    </p>
   </div>
   <div class='ocr_carea' id='block_1_57' title="bbox 1852 2688 3404 2757">
    <p class='ocr_par' dir='ltr' id='par_1_57' title="bbox 1852 2688 3404 2757">
     <span class='ocr_line' id='line_1_57' title="bbox 1852 2688 3404 2757; baseline 0.001 -18"><span class='ocrx_word' id='word_1_336' title='bbox 1852 2688 2014 2741; x_wconf 73' lang='lat' dir='ltr'><strong>stris:</strong></span> <span class='ocrx_word' id='word_1_337' title='bbox 2052 2703 2154 2739; x_wconf 84' lang='lat' dir='ltr'><strong>non</strong></span> <span class='ocrx_word' id='word_1_338' title='bbox 2188 2704 2283 2756; x_wconf 86' lang='lat' dir='ltr'><strong>pro</strong></span> <span class='ocrx_word' id='word_1_339' title='bbox 2315 2689 2512 2742; x_wconf 78' lang='lat' dir='ltr'><strong>nostris</strong></span> <span class='ocrx_word' id='word_1_340' title='bbox 2542 2699 2717 2740; x_wconf 85' lang='lat' dir='ltr'><strong>autem</strong></span> <span class='ocrx_word' id='word_1_341' title='bbox 2760 2697 2985 2757; x_wconf 83' lang='lat' dir='ltr'><strong>tantum,</strong></span> <span class='ocrx_word' id='word_1_342' title='bbox 3012 2690 3101 2742; x_wconf 74' lang='lat' dir='ltr'><strong>sed</strong></span> <span class='ocrx_word' id='word_1_343' title='bbox 3130 2691 3288 2742; x_wconf 83' lang='lat' dir='ltr'><strong>etiam</strong></span> <span class='ocrx_word' id='word_1_344' title='bbox 3324 2698 3404 2741; x_wconf 89' lang='lat' dir='ltr'><strong>to-</strong></span> 
     </span>
    </p>
   </div>
   <div class='ocr_carea' id='block_1_58' title="bbox 1854 2778 2268 2831">
    <p class='ocr_par' dir='ltr' id='par_1_58' title="bbox 1854 2778 2268 2831">
     <span class='ocr_line' id='line_1_58' title="bbox 1854 2778 2268 2831; baseline 0.005 -2"><span class='ocrx_word' id='word_1_345' title='bbox 1854 2778 1957 2829; x_wconf 82' lang='lat' dir='ltr'><strong>tius</strong></span> <span class='ocrx_word' id='word_1_346' title='bbox 1993 2778 2172 2829; x_wconf 84' lang='lat' dir='ltr'><strong>mundi</strong></span> <span class='ocrx_word' id='word_1_347' title='bbox 2202 2778 2268 2831; x_wconf 82' lang='grc'><strong>⁸³.</strong></span> 
     </span>
    </p>
   </div>
   <div class='ocr_carea' id='block_1_59' title="bbox 1923 2870 3413 2941">
    <p class='ocr_par' dir='ltr' id='par_1_59' title="bbox 1923 2870 3413 2941">
     <span class='ocr_line' id='line_1_59' title="bbox 1923 2870 3413 2941; baseline 0.003 -18"><span class='ocrx_word' id='word_1_348' title='bbox 1923 2871 1977 2926; x_wconf 93' lang='lat'><strong>7.</strong></span> <span class='ocrx_word' id='word_1_349' title='bbox 2017 2870 2283 2936; x_wconf 87' lang='lat' dir='ltr'><strong>Quoniam</strong></span> <span class='ocrx_word' id='word_1_350' title='bbox 2313 2870 2645 2935; x_wconf 81' lang='lat' dir='ltr'><strong>misericors,</strong></span> <span class='ocrx_word' id='word_1_351' title='bbox 2671 2879 2721 2923; x_wconf 84' lang='lat' dir='ltr'><strong>et</strong></span> <span class='ocrx_word' id='word_1_352' title='bbox 2739 2870 3004 2939; x_wconf 83' lang='lat' dir='ltr'><strong>benignus</strong></span> <span class='ocrx_word' id='word_1_353' title='bbox 3021 2886 3101 2934; x_wconf 89' lang='lat' dir='ltr'><strong>es,</strong></span> <span class='ocrx_word' id='word_1_354' title='bbox 3129 2880 3413 2941; x_wconf 69' lang='lat' dir='ltr'><strong>pr0pteree</strong></span> 
     </span>
    </p>
   </div>
   <div class='ocr_carea' id='block_1_60' title="bbox 1856 2959 3374 3030">
    <p class='ocr_par' dir='ltr' id='par_1_60' title="bbox 1856 2959 3374 3030">
     <span class='ocr_line' id='line_1_60' title="bbox 1856 2959 3374 3030; baseline 0.001 -16"><span class='ocrx_word' id='word_1_355' title='bbox 1856 2959 2019 3014; x_wconf 82' lang='lat' dir='ltr'><strong>etiam</strong></span> <span class='ocrx_word' id='word_1_356' title='bbox 2051 2975 2151 3027; x_wconf 79' lang='lat' dir='ltr'><strong>ego</strong></span> <span class='ocrx_word' id='word_1_357' title='bbox 2185 2970 2439 3028; x_wconf 82' lang='lat' dir='ltr'><strong>exspecto</strong></span> <span class='ocrx_word' id='word_1_358' title='bbox 2481 2960 2911 3014; x_wconf 86' lang='lat' dir='ltr'><strong>misericordiam</strong></span> <span class='ocrx_word' id='word_1_359' title='bbox 2939 2963 3201 3030; x_wconf 84' lang='lat' dir='ltr'><strong>consequi</strong></span> <span class='ocrx_word' id='word_1_360' title='bbox 3232 2977 3263 3016; x_wconf 88' lang='lat' dir='ltr'><strong>a</strong></span> <span class='ocrx_word' id='word_1_361' title='bbox 3302 2972 3374 3017; x_wconf 90' lang='lat' dir='ltr'><strong>te.</strong></span> 
     </span>
    </p>
   </div>
   <div class='ocr_carea' id='block_1_61' title="bbox 1925 3050 3343 3123">
    <p class='ocr_par' dir='ltr' id='par_1_61' title="bbox 1925 3050 3343 3123">
     <span class='ocr_line' id='line_1_61' title="bbox 1925 3050 3343 3123; baseline 0.001 -17"><span class='ocrx_word' id='word_1_362' title='bbox 1925 3051 1977 3106; x_wconf 89' lang='lat'><strong>8.</strong></span> <span class='ocrx_word' id='word_1_363' title='bbox 2019 3050 2083 3106; x_wconf 91' lang='lat' dir='ltr'><strong>Et</strong></span> <span class='ocrx_word' id='word_1_364' title='bbox 2114 3062 2397 3121; x_wconf 88' lang='lat' dir='ltr'><strong>permanet</strong></span> <span class='ocrx_word' id='word_1_365' title='bbox 2441 3054 2621 3107; x_wconf 85' lang='lat' dir='ltr'><strong>anima</strong></span> <span class='ocrx_word' id='word_1_366' title='bbox 2659 3069 2777 3107; x_wconf 87' lang='lat' dir='ltr'><strong>mea</strong></span> <span class='ocrx_word' id='word_1_367' title='bbox 2814 3053 2866 3106; x_wconf 94' lang='lat' dir='ltr'><strong>in</strong></span> <span class='ocrx_word' id='word_1_368' title='bbox 2903 3054 3182 3123; x_wconf 59' lang='lat' dir='ltr'><strong>praeceptis</strong></span> <span class='ocrx_word' id='word_1_369' title='bbox 3216 3054 3343 3108; x_wconf 91' lang='lat' dir='ltr'><strong>tuis.</strong></span> 
     </span>
    </p>
   </div>
   <div class='ocr_carea' id='block_1_62' title="bbox 1927 3232 3419 3305">
    <p class='ocr_par' dir='ltr' id='par_1_62' title="bbox 1927 3232 3419 3305">
     <span class='ocr_line' id='line_1_62' title="bbox 1927 3232 3419 3305; baseline -0.004 -14"><span class='ocrx_word' id='word_1_370' title='bbox 1927 3236 1981 3291; x_wconf 91' lang='lat'><strong>9.</strong></span> <span class='ocrx_word' id='word_1_371' title='bbox 2035 3234 2224 3305; x_wconf 87' lang='lat' dir='ltr'><strong>Spera.</strong></span> <span class='ocrx_word' id='word_1_372' title='bbox 2267 3234 2449 3289; x_wconf 88' lang='lat' dir='ltr'><strong>anima</strong></span> <span class='ocrx_word' id='word_1_373' title='bbox 2483 3248 2623 3298; x_wconf 86' lang='lat' dir='ltr'><strong>mea,</strong></span> <span class='ocrx_word' id='word_1_374' title='bbox 2661 3232 2713 3287; x_wconf 92' lang='lat' dir='ltr'><strong>in</strong></span> <span class='ocrx_word' id='word_1_375' title='bbox 2738 3232 2989 3299; x_wconf 89' lang='lat' dir='ltr'><strong>Domino,</strong></span> <span class='ocrx_word' id='word_1_376' title='bbox 3017 3232 3277 3302; x_wconf 87' lang='lat' dir='ltr'><strong>quoniam</strong></span> <span class='ocrx_word' id='word_1_377' title='bbox 3309 3246 3419 3286; x_wconf 91' lang='lat' dir='ltr'><strong>non</strong></span> 
     </span>
    </p>
   </div>
   <div class='ocr_carea' id='block_1_63' title="bbox 1856 3324 2461 3393">
    <p class='ocr_par' dir='ltr' id='par_1_63' title="bbox 1856 3324 2461 3393">
     <span class='ocr_line' id='line_1_63' title="bbox 1856 3324 2461 3393; baseline 0 -16"><span class='ocrx_word' id='word_1_378' title='bbox 1856 3324 2101 3393; x_wconf 87' lang='lat' dir='ltr'><strong>projecta</strong></span> <span class='ocrx_word' id='word_1_379' title='bbox 2132 3340 2190 3377; x_wconf 92' lang='lat' dir='ltr'><strong>es</strong></span> <span class='ocrx_word' id='word_1_380' title='bbox 2223 3325 2292 3377; x_wconf 86' lang='lat' dir='ltr'><strong>ab</strong></span> <span class='ocrx_word' id='word_1_381' title='bbox 2322 3327 2461 3391; x_wconf 87' lang='lat' dir='ltr'><strong>ipso.</strong></span> 
     </span>
    </p>
   </div>
   <div class='ocr_carea' id='block_1_64' title="bbox 1931 3410 3423 3482">
    <p class='ocr_par' dir='ltr' id='par_1_64' title="bbox 1931 3410 3423 3482">
     <span class='ocr_line' id='line_1_64' title="bbox 1931 3410 3423 3482; baseline -0.001 -16"><span class='ocrx_word' id='word_1_382' title='bbox 1931 3413 2015 3466; x_wconf 81' lang='grc'><strong>10.</strong></span> <span class='ocrx_word' id='word_1_383' title='bbox 2066 3414 2391 3469; x_wconf 81' lang='lat' dir='ltr'><strong>Custodiens</strong></span> <span class='ocrx_word' id='word_1_384' title='bbox 2465 3413 2772 3482; x_wconf 90' lang='lat' dir='ltr'><strong>meipsum,</strong></span> <span class='ocrx_word' id='word_1_385' title='bbox 2823 3426 2892 3467; x_wconf 89' lang='lat' dir='ltr'><strong>ne</strong></span> <span class='ocrx_word' id='word_1_386' title='bbox 2954 3427 3172 3482; x_wconf 86' lang='lat' dir='ltr'><strong>peccem</strong></span> <span class='ocrx_word' id='word_1_387' title='bbox 3229 3410 3317 3465; x_wconf 89' lang='lat' dir='ltr'><strong>die</strong></span> <span class='ocrx_word' id='word_1_388' title='bbox 3358 3427 3423 3466; x_wconf 90' lang='lat' dir='ltr'><strong>ac</strong></span> 
     </span>
    </p>
   </div>
   <div class='ocr_carea' id='block_1_65' title="bbox 1858 3518 2035 3560">
    <p class='ocr_par' dir='ltr' id='par_1_65' title="bbox 1858 3518 2035 3560">
     <span class='ocr_line' id='line_1_65' title="bbox 1858 3518 2035 3560; baseline -0.006 0"><span class='ocrx_word' id='word_1_389' title='bbox 1858 3518 2035 3560; x_wconf 86' lang='lat' dir='ltr'><strong>nocte.</strong></span> 
     </span>
    </p>
   </div>
   <div class='ocr_carea' id='block_1_66' title="bbox 1936 3595 3419 3667">
    <p class='ocr_par' dir='ltr' id='par_1_66' title="bbox 1936 3595 3419 3667">
     <span class='ocr_line' id='line_1_66' title="bbox 1936 3595 3419 3667; baseline -0.001 -17"><span class='ocrx_word' id='word_1_390' title='bbox 1936 3599 2021 3651; x_wconf 80' lang='grc'><strong>11.</strong></span> <span class='ocrx_word' id='word_1_391' title='bbox 2065 3597 2131 3651; x_wconf 90' lang='lat' dir='ltr'><strong>Et</strong></span> <span class='ocrx_word' id='word_1_392' title='bbox 2175 3612 2507 3652; x_wconf 85' lang='lat' dir='ltr'><strong>conservans</strong></span> <span class='ocrx_word' id='word_1_393' title='bbox 2548 3612 2607 3652; x_wconf 92' lang='lat' dir='ltr'><strong>se</strong></span> <span class='ocrx_word' id='word_1_394' title='bbox 2647 3598 2823 3667; x_wconf 88' lang='lat' dir='ltr'><strong>ipsum</strong></span> <span class='ocrx_word' id='word_1_395' title='bbox 2872 3596 2926 3650; x_wconf 92' lang='lat' dir='ltr'><strong>in</strong></span> <span class='ocrx_word' id='word_1_396' title='bbox 2967 3596 3225 3665; x_wconf 83' lang='lat' dir='ltr'><strong>cperibus</strong></span> <span class='ocrx_word' id='word_1_397' title='bbox 3261 3595 3419 3659; x_wconf 89' lang='lat' dir='ltr'><strong>lucis,</strong></span> 
     </span>
    </p>
   </div>
   <div class='ocr_carea' id='block_1_67' title="bbox 186 3682 1753 3767">
    <p class='ocr_par' dir='ltr' id='par_1_67' title="bbox 186 3682 1753 3767">
     <span class='ocr_line' id='line_1_67' title="bbox 186 3682 1753 3767; baseline -0.01 -9"><span class='ocrx_word' id='word_1_398' title='bbox 186 3705 313 3767; x_wconf 73' lang='grc' dir='ltr'>τὸς,</span> <span class='ocrx_word' id='word_1_399' title='bbox 348 3701 619 3754; x_wconf 78' lang='grc' dir='ltr'>ἐλπισὰτω</span> <span class='ocrx_word' id='word_1_400' title='bbox 666 3700 772 3761; x_wconf 77' lang='grc' dir='ltr'><strong>πᾶς</strong></span> <span class='ocrx_word' id='word_1_401' title='bbox 805 3697 941 3767; x_wconf 78' lang='grc' dir='ltr'><strong>ἀνὴρ</strong></span> <span class='ocrx_word' id='word_1_402' title='bbox 972 3695 1082 3749; x_wconf 85' lang='grc' dir='ltr'><strong>τῶν</strong></span> <span class='ocrx_word' id='word_1_403' title='bbox 1116 3682 1364 3765; x_wconf 80' lang='grc' dir='ltr'>ὁρώντων</span> <span class='ocrx_word' id='word_1_404' title='bbox 1393 3691 1483 3744; x_wconf 81' lang='grc' dir='ltr'>τὸν</span> <span class='ocrx_word' id='word_1_405' title='bbox 1524 3690 1656 3743; x_wconf 74' lang='grc' dir='ltr'>Θεὸν</span> 
     </span>
    </p>
   </div>
   <div class='ocr_carea' id='block_1_68' title="bbox 1838 3682 3422 3767">
    <p class='ocr_par' dir='ltr' id='par_1_68' title="bbox 1861 3686 3422 3761">
     <span class='ocr_line' id='line_1_68' title="bbox 1861 3686 3422 3761; baseline -0.002 -17"><span class='ocrx_word' id='word_1_406' title='bbox 1861 3697 2038 3761; x_wconf 88' lang='lat' dir='ltr'><strong>speret</strong></span> <span class='ocrx_word' id='word_1_407' title='bbox 2076 3689 2255 3743; x_wconf 90' lang='lat' dir='ltr'><strong>omnis</strong></span> <span class='ocrx_word' id='word_1_408' title='bbox 2290 3689 2452 3742; x_wconf 85' lang='lat' dir='ltr'><strong>homo</strong></span> <span class='ocrx_word' id='word_1_409' title='bbox 2475 3687 2667 3743; x_wconf 83' lang='lat' dir='ltr'><strong>videns</strong></span> <span class='ocrx_word' id='word_1_410' title='bbox 2701 3686 2867 3741; x_wconf 90' lang='lat' dir='ltr'><strong>Deum</strong></span> <span class='ocrx_word' id='word_1_411' title='bbox 2897 3696 3073 3741; x_wconf 90' lang='lat' dir='ltr'><strong>mente</strong></span> <span class='ocrx_word' id='word_1_412' title='bbox 3102 3706 3116 3740; x_wconf 87' lang='lat'>:</span> <span class='ocrx_word' id='word_1_413' title='bbox 3156 3688 3230 3741; x_wconf 87' lang='lat' dir='ltr'><strong>ita</strong></span> <span class='ocrx_word' id='word_1_414' title='bbox 3276 3688 3422 3742; x_wconf 88' lang='lat' dir='ltr'><strong>enim</strong></span> 
     </span>
    </p>
   </div>
   <div class='ocr_carea' id='block_1_69' title="bbox 186 3782 1760 3862">
    <p class='ocr_par' dir='ltr' id='par_1_69' title="bbox 186 3782 1760 3862">
     <span class='ocr_line' id='line_1_69' title="bbox 186 3782 1760 3862; baseline -0.009 -13"><span class='ocrx_word' id='word_1_415' title='bbox 186 3793 411 3862; x_wconf 65' lang='grc' dir='ltr'>διανοίᾳ.</span> <span class='ocrx_word' id='word_1_416' title='bbox 435 3810 446 3821; x_wconf 85' lang='grc'><strong>·</strong></span> <span class='ocrx_word' id='word_1_417' title='bbox 483 3791 636 3843; x_wconf 79' lang='grc' dir='ltr'>τοῦτο</span> <span class='ocrx_word' id='word_1_418' title='bbox 678 3789 786 3860; x_wconf 81' lang='grc' dir='ltr'><strong>γὰρ</strong></span> <span class='ocrx_word' id='word_1_419' title='bbox 829 3786 1189 3859; x_wconf 77' lang='grc' dir='ltr'><strong>ἑρμηνεύεται</strong></span> <span class='ocrx_word' id='word_1_420' title='bbox 1224 3783 1461 3856; x_wconf 78' lang='grc' dir='ltr'>Ἰσραὴλ,</span> <span class='ocrx_word' id='word_1_421' title='bbox 1506 3782 1662 3850; x_wconf 76' lang='grc' dir='ltr'><strong>ἀνὴρ</strong></span> <span class='ocrx_word' id='word_1_422' title='bbox 1702 3784 1760 3835; x_wconf 64' lang='grc' dir='ltr'><strong>όν</strong></span> 
     </span>
    </p>
   </div>
   <div class='ocr_carea' id='block_1_70' title="bbox 188 3885 528 3953">
    <p class='ocr_par' dir='ltr' id='par_1_70' title="bbox 188 3885 528 3953">
     <span class='ocr_line' id='line_1_70' title="bbox 188 3885 528 3953; baseline -0.006 -16"><span class='ocrx_word' id='word_1_423' title='bbox 188 3886 323 3953; x_wconf 82' lang='grc' dir='ltr'><strong>ρῶν</strong></span> <span class='ocrx_word' id='word_1_424' title='bbox 363 3885 528 3936; x_wconf 81' lang='grc' dir='ltr'><strong>Θεόν.</strong></span> 
     </span>
    </p>
   </div>
   <div class='ocr_carea' id='block_1_71' title="bbox 271 3962 1760 4039">
    <p class='ocr_par' dir='ltr' id='par_1_71' title="bbox 271 3962 1760 4039">
     <span class='ocr_line' id='line_1_71' title="bbox 271 3962 1760 4039; baseline -0.011 -10"><span class='ocrx_word' id='word_1_425' title='bbox 271 3977 361 4031; x_wconf 72' lang='grc'><strong>12.</strong></span> <span class='ocrx_word' id='word_1_426' title='bbox 401 3977 528 4027; x_wconf 86' lang='grc' dir='ltr'><strong>Ὅτι</strong></span> <span class='ocrx_word' id='word_1_427' title='bbox 560 3972 715 4039; x_wconf 77' lang='grc' dir='ltr'>παρὰ</span> <span class='ocrx_word' id='word_1_428' title='bbox 765 3968 843 4035; x_wconf 79' lang='grc' dir='ltr'>τῷ</span> <span class='ocrx_word' id='word_1_429' title='bbox 896 3968 1090 4035; x_wconf 81' lang='grc' dir='ltr'>Κυρίῳ</span> <span class='ocrx_word' id='word_1_430' title='bbox 1134 3966 1208 4037; x_wconf 83' lang='grc'><strong>(6)</strong></span> <span class='ocrx_word' id='word_1_431' title='bbox 1258 3965 1325 4018; x_wconf 84' lang='grc' dir='ltr'><strong>τύ</strong></span> <span class='ocrx_word' id='word_1_432' title='bbox 1359 3964 1532 4028; x_wconf 79' lang='grc' dir='ltr'>ἕλεος</span> <span class='ocrx_word' id='word_1_433' title='bbox 1559 3962 1760 4015; x_wconf 84' lang='grc' dir='ltr'>δίδοται</span> 
     </span>
    </p>
   </div>
   <div class='ocr_carea' id='block_1_72' title="bbox 190 4066 670 4137">
    <p class='ocr_par' dir='ltr' id='par_1_72' title="bbox 190 4066 670 4137">
     <span class='ocr_line' id='line_1_72' title="bbox 190 4066 670 4137; baseline -0.017 -14"><span class='ocrx_word' id='word_1_434' title='bbox 190 4072 317 4130; x_wconf 83' lang='grc' dir='ltr'>τοῖς</span> <span class='ocrx_word' id='word_1_435' title='bbox 345 4066 670 4137; x_wconf 79' lang='grc' dir='ltr'><strong>ἀνθρώποις.</strong></span> 
     </span>
    </p>
   </div>
   <div class='ocr_carea' id='block_1_73' title="bbox 274 4144 1764 4221">
    <p class='ocr_par' dir='ltr' id='par_1_73' title="bbox 274 4144 1764 4221">
     <span class='ocr_line' id='line_1_73' title="bbox 274 4144 1764 4221; baseline -0.013 -7"><span class='ocrx_word' id='word_1_436' title='bbox 274 4161 363 4214; x_wconf 79' lang='grc'><strong>15.</strong></span> <span class='ocrx_word' id='word_1_437' title='bbox 398 4158 506 4211; x_wconf 78' lang='grc' dir='ltr'><strong>Καὶ</strong></span> <span class='ocrx_word' id='word_1_438' title='bbox 531 4157 689 4218; x_wconf 71' lang='grc' dir='ltr'>αὐτὸς</span> <span class='ocrx_word' id='word_1_439' title='bbox 717 4153 803 4207; x_wconf 71' lang='grc' dir='ltr'>διὰ</span> <span class='ocrx_word' id='word_1_440' title='bbox 832 4151 925 4208; x_wconf 73' lang='grc' dir='ltr'>τοῦ</span> <span class='ocrx_word' id='word_1_441' title='bbox 955 4151 1135 4221; x_wconf 80' lang='grc' dir='ltr'>τιμίου</span> <span class='ocrx_word' id='word_1_442' title='bbox 1179 4147 1408 4218; x_wconf 76' lang='grc' dir='ltr'>αἵματος</span> <span class='ocrx_word' id='word_1_443' title='bbox 1430 4145 1505 4217; x_wconf 78' lang='grc'><strong>(7)</strong></span> <span class='ocrx_word' id='word_1_444' title='bbox 1558 4144 1764 4205; x_wconf 82' lang='grc' dir='ltr'>πάντας</span> 
     </span>
    </p>
   </div>
   <div class='ocr_carea' id='block_1_74' title="bbox 194 4240 1378 4319">
    <p class='ocr_par' dir='ltr' id='par_1_74' title="bbox 194 4240 1378 4319">
     <span class='ocr_line' id='line_1_74' title="bbox 194 4240 1378 4319; baseline -0.011 -13"><span class='ocrx_word' id='word_1_445' title='bbox 194 4251 530 4319; x_wconf 67' lang='grc' dir='ltr'>ἑξαγοράσει</span> <span class='ocrx_word' id='word_1_446' title='bbox 558 4250 683 4309; x_wconf 80' lang='grc' dir='ltr'>τοὺς</span> <span class='ocrx_word' id='word_1_447' title='bbox 716 4245 1064 4304; x_wconf 81' lang='grc' dir='ltr'>πιστεύοντας</span> <span class='ocrx_word' id='word_1_448' title='bbox 1091 4244 1167 4304; x_wconf 86' lang='grc' dir='ltr'><strong>είς</strong></span> <span class='ocrx_word' id='word_1_449' title='bbox 1200 4240 1378 4293; x_wconf 78' lang='grc' dir='ltr'>αὐτόν.</span> 
     </span>
    </p>
   </div>
   <div class='ocr_carea' id='block_1_75' title="bbox 276 4326 1565 4405">
    <p class='ocr_par' dir='ltr' id='par_1_75' title="bbox 276 4326 1565 4405">
     <span class='ocr_line' id='line_1_75' title="bbox 276 4326 1565 4405; baseline -0.012 -10"><span class='ocrx_word' id='word_1_450' title='bbox 276 4341 365 4396; x_wconf 75' lang='grc'><strong>14.</strong></span> <span class='ocrx_word' id='word_1_451' title='bbox 400 4339 506 4392; x_wconf 73' lang='grc' dir='ltr'><strong>Καὶ</strong></span> <span class='ocrx_word' id='word_1_452' title='bbox 536 4338 633 4399; x_wconf 71' lang='grc' dir='ltr'>τὰς</span> <span class='ocrx_word' id='word_1_453' title='bbox 659 4335 883 4405; x_wconf 83' lang='grc' dir='ltr'>ἀνομίας</span> <span class='ocrx_word' id='word_1_454' title='bbox 916 4333 1128 4385; x_wconf 79' lang='grc' dir='ltr'>πάντων</span> <span class='ocrx_word' id='word_1_455' title='bbox 1160 4331 1236 4400; x_wconf 87' lang='lat'><strong>(8)</strong></span> <span class='ocrx_word' id='word_1_456' title='bbox 1279 4326 1565 4396; x_wconf 73' lang='grc' dir='ltr'>ἐξαλείψει.</span> 
     </span>
    </p>
   </div>
   <div class='ocr_carea' id='block_1_76' title="bbox 1864 3782 3037 3852">
    <p class='ocr_par' dir='ltr' id='par_1_76' title="bbox 1864 3782 3037 3852">
     <span class='ocr_line' id='line_1_76' title="bbox 1864 3782 3037 3852; baseline -0.002 -14"><span class='ocrx_word' id='word_1_457' title='bbox 1864 3784 2036 3838; x_wconf 81' lang='lat' dir='ltr'><strong>Israel</strong></span> <span class='ocrx_word' id='word_1_458' title='bbox 2074 3784 2482 3852; x_wconf 85' lang='lat' dir='ltr'><strong>interpretatur,</strong></span> <span class='ocrx_word' id='word_1_459' title='bbox 2514 3799 2593 3836; x_wconf 74' lang='lat' dir='ltr'><strong>vir</strong></span> <span class='ocrx_word' id='word_1_460' title='bbox 2622 3783 2802 3836; x_wconf 73' lang='lat' dir='ltr'><strong>videns</strong></span> <span class='ocrx_word' id='word_1_461' title='bbox 2848 3782 3037 3837; x_wconf 87' lang='lat' dir='ltr'><strong>Deum.</strong></span> 
     </span>
    </p>
   </div>
   <div class='ocr_carea' id='block_1_77' title="bbox 1929 3955 3427 4028">
    <p class='ocr_par' dir='ltr' id='par_1_77' title="bbox 1929 3955 3427 4028">
     <span class='ocr_line' id='line_1_77' title="bbox 1929 3955 3427 4028; baseline -0.001 -17"><span class='ocrx_word' id='word_1_462' title='bbox 1929 3956 2015 4011; x_wconf 71' lang='grc'><strong>12.</strong></span> <span class='ocrx_word' id='word_1_463' title='bbox 2060 3955 2199 4021; x_wconf 68' lang='lat' dir='ltr'><strong>Quia</strong></span> <span class='ocrx_word' id='word_1_464' title='bbox 2243 3957 2383 4024; x_wconf 82' lang='lat' dir='ltr'><strong>apud</strong></span> <span class='ocrx_word' id='word_1_465' title='bbox 2416 3955 2697 4009; x_wconf 86' lang='lat' dir='ltr'><strong>Dominum</strong></span> <span class='ocrx_word' id='word_1_466' title='bbox 2726 3957 3092 4010; x_wconf 79' lang='lat' dir='ltr'><strong>misericordia</strong></span> <span class='ocrx_word' id='word_1_467' title='bbox 3132 3958 3181 3993; x_wconf 70' lang='lat'><strong>”</strong></span> <span class='ocrx_word' id='word_1_468' title='bbox 3223 3956 3427 4028; x_wconf 85' lang='lat' dir='ltr'><strong>imper-</strong></span> 
     </span>
    </p>
   </div>
   <div class='ocr_carea' id='block_1_78' title="bbox 1866 4048 2368 4103">
    <p class='ocr_par' dir='ltr' id='par_1_78' title="bbox 1866 4048 2368 4103">
     <span class='ocr_line' id='line_1_78' title="bbox 1866 4048 2368 4103; baseline -0.004 0"><span class='ocrx_word' id='word_1_469' title='bbox 1866 4049 1999 4103; x_wconf 89' lang='lat' dir='ltr'><strong>titur</strong></span> <span class='ocrx_word' id='word_1_470' title='bbox 2032 4048 2368 4103; x_wconf 85' lang='lat' dir='ltr'><strong>hominibus.</strong></span> 
     </span>
    </p>
   </div>
   <div class='ocr_carea' id='block_1_79' title="bbox 1944 4138 3429 4211">
    <p class='ocr_par' dir='ltr' id='par_1_79' title="bbox 1944 4138 3429 4211">
     <span class='ocr_line' id='line_1_79' title="bbox 1944 4138 3429 4211; baseline 0.002 -19"><span class='ocrx_word' id='word_1_471' title='bbox 1944 4141 2031 4195; x_wconf 80' lang='grc'><strong>15.</strong></span> <span class='ocrx_word' id='word_1_472' title='bbox 2076 4138 2139 4192; x_wconf 83' lang='lat' dir='ltr'><strong>Et</strong></span> <span class='ocrx_word' id='word_1_473' title='bbox 2196 4139 2310 4207; x_wconf 89' lang='lat' dir='ltr'><strong>ipse</strong></span> <span class='ocrx_word' id='word_1_474' title='bbox 2364 4139 2604 4207; x_wconf 87' lang='lat' dir='ltr'><strong>pretioso</strong></span> <span class='ocrx_word' id='word_1_475' title='bbox 2650 4141 2913 4211; x_wconf 81' lang='lat' dir='ltr'><strong>sanguine</strong></span> <span class='ocrx_word' id='word_1_476' title='bbox 2970 4156 3158 4196; x_wconf 90' lang='lat' dir='ltr'><strong>omnes</strong></span> <span class='ocrx_word' id='word_1_477' title='bbox 3201 4141 3429 4195; x_wconf 84' lang='lat' dir='ltr'><strong>redimet</strong></span> 
     </span>
    </p>
   </div>
   <div class='ocr_carea' id='block_1_80' title="bbox 1869 4232 2427 4288">
    <p class='ocr_par' dir='ltr' id='par_1_80' title="bbox 1869 4232 2427 4288">
     <span class='ocr_line' id='line_1_80' title="bbox 1869 4232 2427 4288; baseline -0.007 0"><span class='ocrx_word' id='word_1_478' title='bbox 1869 4233 2152 4288; x_wconf 89' lang='lat' dir='ltr'><strong>credentes</strong></span> <span class='ocrx_word' id='word_1_479' title='bbox 2193 4232 2245 4284; x_wconf 91' lang='lat' dir='ltr'><strong>in</strong></span> <span class='ocrx_word' id='word_1_480' title='bbox 2283 4246 2427 4285; x_wconf 92' lang='lat' dir='ltr'><strong>eum.</strong></span> 
     </span>
    </p>
   </div>
   <div class='ocr_carea' id='block_1_81' title="bbox 1946 4316 3008 4386">
    <p class='ocr_par' dir='ltr' id='par_1_81' title="bbox 1946 4316 3008 4386">
     <span class='ocr_line' id='line_1_81' title="bbox 1946 4316 3008 4386; baseline 0.002 -15"><span class='ocrx_word' id='word_1_481' title='bbox 1946 4318 2033 4371; x_wconf 76' lang='grc'><strong>14.</strong></span> <span class='ocrx_word' id='word_1_482' title='bbox 2078 4316 2143 4371; x_wconf 85' lang='grc' dir='ltr'><strong>Ει</strong></span> <span class='ocrx_word' id='word_1_483' title='bbox 2177 4319 2419 4371; x_wconf 87' lang='lat' dir='ltr'><strong>omnium</strong></span> <span class='ocrx_word' id='word_1_484' title='bbox 2453 4317 2764 4386; x_wconf 86' lang='lat' dir='ltr'><strong>iniquitates</strong></span> <span class='ocrx_word' id='word_1_485' title='bbox 2794 4318 3008 4373; x_wconf 85' lang='lat' dir='ltr'><strong>delebit.</strong></span> 
     </span>
    </p>
   </div>
   <div class='ocr_carea' id='block_1_82' title="bbox 286 4411 3425 4505">
    <p class='ocr_par' dir='ltr' id='par_1_82' title="bbox 286 4411 3425 4505">
     <span class='ocr_line' id='line_1_82' title="bbox 286 4411 3425 4505; baseline -0.009 -16"><span class='ocrx_word' id='word_1_486' title='bbox 286 4437 354 4489; x_wconf 82' lang='grc' dir='ltr'><strong>Ἠ</strong></span> <span class='ocrx_word' id='word_1_487' title='bbox 377 4431 708 4505; x_wconf 77' lang='grc' dir='ltr'>προκειμένη</span> <span class='ocrx_word' id='word_1_488' title='bbox 739 4426 1013 4497; x_wconf 69' lang='grc' dir='ltr'>ἐπιγραφὴ</span> <span class='ocrx_word' id='word_1_489' title='bbox 1048 4423 1288 4494; x_wconf 77' lang='grc' dir='ltr'>περιέχει</span> <span class='ocrx_word' id='word_1_490' title='bbox 1321 4422 1428 4491; x_wconf 82' lang='grc'><strong>(9)·</strong></span> <span class='ocrx_word' id='word_1_491' title='bbox 1481 4418 1618 4489; x_wconf 79' lang='grc' dir='ltr'><strong>’ῼδὴ</strong></span> <span class='ocrx_word' id='word_1_492' title='bbox 1648 4417 1764 4471; x_wconf 80' lang='grc' dir='ltr'><strong>τῶν</strong></span> <span class='ocrx_word' id='word_1_493' title='bbox 1808 4412 2178 4481; x_wconf 78' lang='grc' dir='ltr'><strong>Ἀναϐιιθμῶν</strong></span> <span class='ocrx_word' id='word_1_494' title='bbox 2214 4411 2293 4477; x_wconf 83' lang='grc' dir='ltr'>τῷ</span> <span class='ocrx_word' id='word_1_495' title='bbox 2322 4412 2517 4476; x_wconf 78' lang='grc' dir='ltr'>Δαόὶδ,</span> <span class='ocrx_word' id='word_1_496' title='bbox 2548 4415 2684 4483; x_wconf 80' lang='grc' dir='ltr'>ὅπερ</span> <span class='ocrx_word' id='word_1_497' title='bbox 2714 4413 3072 4484; x_wconf 79' lang='grc' dir='ltr'>ἑρμηνεύεται</span> <span class='ocrx_word' id='word_1_498' title='bbox 3099 4412 3425 4484; x_wconf 79' lang='grc' dir='ltr'><strong>ἐξομολόγη-</strong></span> 
     </span>
    </p>
   </div>
   <div class='ocr_carea' id='block_1_83' title="bbox 200 4504 3431 4593">
    <p class='ocr_par' dir='ltr' id='par_1_83' title="bbox 200 4504 3431 4593">
     <span class='ocr_line' id='line_1_83' title="bbox 200 4504 3431 4593; baseline -0.012 -8"><span class='ocrx_word' id='word_1_499' title='bbox 200 4550 293 4593; x_wconf 84' lang='grc' dir='ltr'><strong>σις</strong></span> <span class='ocrx_word' id='word_1_500' title='bbox 326 4527 405 4593; x_wconf 84' lang='grc' dir='ltr'>τῷ</span> <span class='ocrx_word' id='word_1_501' title='bbox 426 4504 609 4589; x_wconf 64' lang='grc' dir='ltr'>ίκαιηξὸ</span> <span class='ocrx_word' id='word_1_502' title='bbox 638 4520 711 4589; x_wconf 71' lang='grc' dir='ltr'>τῇ</span> <span class='ocrx_word' id='word_1_503' title='bbox 742 4521 911 4589; x_wconf 73' lang='grc' dir='ltr'>χειρὶ,</span> <span class='ocrx_word' id='word_1_504' title='bbox 945 4518 1186 4570; x_wconf 73' lang='grc' dir='ltr'><strong>τουτέστι</strong></span> <span class='ocrx_word' id='word_1_505' title='bbox 1216 4513 1291 4582; x_wconf 85' lang='grc' dir='ltr'><strong>τῷ</strong></span> <span class='ocrx_word' id='word_1_506' title='bbox 1326 4513 1440 4583; x_wconf 80' lang='grc' dir='ltr'><strong>Υίῷ</strong></span> <span class='ocrx_word' id='word_1_507' title='bbox 1468 4512 1559 4565; x_wconf 80' lang='grc' dir='ltr'>τοῦ</span> <span class='ocrx_word' id='word_1_508' title='bbox 1594 4510 1750 4572; x_wconf 82' lang='grc' dir='ltr'>Θεοῦ,</span> <span class='ocrx_word' id='word_1_509' title='bbox 1785 4509 1890 4561; x_wconf 78' lang='grc' dir='ltr'><strong>τῶν</strong></span> <span class='ocrx_word' id='word_1_510' title='bbox 1934 4506 2327 4559; x_wconf 81' lang='grc' dir='ltr'>ἀναϐαινόντων</span> <span class='ocrx_word' id='word_1_511' title='bbox 2367 4505 2473 4557; x_wconf 84' lang='grc' dir='ltr'><strong>ἀπὸ</strong></span> <span class='ocrx_word' id='word_1_512' title='bbox 2510 4504 2603 4556; x_wconf 77' lang='grc' dir='ltr'>τοῦ</span> <span class='ocrx_word' id='word_1_513' title='bbox 2639 4505 2920 4558; x_wconf 77' lang='grc' dir='ltr'>ἑνδεκάτου</span> <span class='ocrx_word' id='word_1_514' title='bbox 2955 4504 3159 4575; x_wconf 66' lang='grc' dir='ltr'>βαθμοῦ</span> <span class='ocrx_word' id='word_1_515' title='bbox 3212 4508 3301 4559; x_wconf 69' lang='grc' dir='ltr'><strong>ἐπὶ</strong></span> <span class='ocrx_word' id='word_1_516' title='bbox 3340 4508 3431 4559; x_wconf 74' lang='grc' dir='ltr'><strong>τὸν</strong></span> 
     </span>
    </p>
   </div>
   <div class='ocr_carea' id='block_1_84' title="bbox 211 4597 3432 4697">
    <p class='ocr_par' dir='ltr' id='par_1_84' title="bbox 211 4597 3432 4697">
     <span class='ocr_line' id='line_1_84' title="bbox 211 4597 3432 4697; baseline 0 -47"><span class='ocrx_word' id='word_1_517' title='bbox 211 4607 450 4697; x_wconf 57' lang='grc' dir='ltr'><strong>νιηὲοὗν’</strong></span> <span class='ocrx_word' id='word_1_518' title='bbox 478 4616 675 4673; x_wconf 64' lang='grc' dir='ltr'><strong>ὡσανά</strong></span> <span class='ocrx_word' id='word_1_519' title='bbox 699 4616 807 4668; x_wconf 79' lang='grc' dir='ltr'><strong>ἀπὸ</strong></span> <span class='ocrx_word' id='word_1_520' title='bbox 833 4613 929 4682; x_wconf 75' lang='grc' dir='ltr'>τῆς</span> <span class='ocrx_word' id='word_1_521' title='bbox 960 4608 1418 4678; x_wconf 73' lang='grc' dir='ltr'>ὲξομολογήσεως,</span> <span class='ocrx_word' id='word_1_522' title='bbox 1454 4604 1547 4658; x_wconf 75' lang='grc' dir='ltr'>καὶ</span> <span class='ocrx_word' id='word_1_523' title='bbox 1594 4603 1689 4671; x_wconf 80' lang='grc' dir='ltr'>τῆς</span> <span class='ocrx_word' id='word_1_524' title='bbox 1730 4600 1960 4665; x_wconf 79' lang='grc' dir='ltr'>ἐλπίδος,</span> <span class='ocrx_word' id='word_1_525' title='bbox 2008 4598 2097 4651; x_wconf 76' lang='grc' dir='ltr'>καὶ</span> <span class='ocrx_word' id='word_1_526' title='bbox 2132 4597 2464 4666; x_wconf 83' lang='grc' dir='ltr'><strong>τελειότητος</strong></span> <span class='ocrx_word' id='word_1_527' title='bbox 2492 4597 2589 4667; x_wconf 82' lang='grc' dir='ltr'>τῆς</span> <span class='ocrx_word' id='word_1_528' title='bbox 2618 4599 2696 4660; x_wconf 84' lang='grc' dir='ltr'>εἰς</span> <span class='ocrx_word' id='word_1_529' title='bbox 2722 4597 2811 4649; x_wconf 79' lang='grc' dir='ltr'><strong>τὸν</strong></span> <span class='ocrx_word' id='word_1_530' title='bbox 2836 4597 3066 4668; x_wconf 87' lang='grc' dir='ltr'>Χριστὸν</span> <span class='ocrx_word' id='word_1_531' title='bbox 3096 4597 3432 4667; x_wconf 76' lang='grc' dir='ltr'><strong>ἀναϐέϐηκεν</strong></span> 
     </span>
    </p>
   </div>
   <div class='ocr_carea' id='block_1_85' title="bbox 199 4702 1195 4785">
    <p class='ocr_par' dir='ltr' id='par_1_85' title="bbox 199 4702 1195 4785">
     <span class='ocr_line' id='line_1_85' title="bbox 199 4702 1195 4785; baseline -0.024 -11"><span class='ocrx_word' id='word_1_532' title='bbox 199 4724 288 4782; x_wconf 83' lang='grc' dir='ltr'>εἰς</span> <span class='ocrx_word' id='word_1_533' title='bbox 311 4717 372 4769; x_wconf 86' lang='grc' dir='ltr'>τὸ</span> <span class='ocrx_word' id='word_1_534' title='bbox 400 4716 496 4785; x_wconf 81' lang='grc' dir='ltr'>τῆς</span> <span class='ocrx_word' id='word_1_535' title='bbox 524 4707 1013 4779; x_wconf 74' lang='grc' dir='ltr'>ταπεινοφροσύνης</span> <span class='ocrx_word' id='word_1_536' title='bbox 1044 4702 1195 4772; x_wconf 68' lang='grc' dir='ltr'>ὕψος.</span> 
     </span>
    </p>
   </div>
   <div class='ocr_carea' id='block_1_86' title="bbox 274 4777 3433 4875">
    <p class='ocr_par' dir='ltr' id='par_1_86' title="bbox 274 4777 3433 4875">
     <span class='ocr_line' id='line_1_86' title="bbox 274 4777 3433 4875; baseline -0.009 -10"><span class='ocrx_word' id='word_1_537' title='bbox 274 4777 495 4864; x_wconf 55' lang='lat' dir='ltr'><strong>Titulus</strong></span> <span class='ocrx_word' id='word_1_538' title='bbox 526 4777 853 4875; x_wconf 70' lang='lat' dir='ltr'><strong>prazpositus</strong></span> <span class='ocrx_word' id='word_1_539' title='bbox 887 4796 1130 4852; x_wconf 88' lang='lat' dir='ltr'><strong>continet</strong></span> <span class='ocrx_word' id='word_1_540' title='bbox 1166 4812 1179 4847; x_wconf 86' lang='lat'><strong>:</strong></span> <span class='ocrx_word' id='word_1_541' title='bbox 1211 4792 1488 4847; x_wconf 86' lang='lat' dir='ltr'><strong>Canticum</strong></span> <span class='ocrx_word' id='word_1_542' title='bbox 1515 4787 1789 4841; x_wconf 85' lang='lat' dir='ltr'><strong>Graduum</strong></span> <span class='ocrx_word' id='word_1_543' title='bbox 1822 4785 2012 4850; x_wconf 84' lang='lat' dir='ltr'><strong>David,</strong></span> <span class='ocrx_word' id='word_1_544' title='bbox 2046 4785 2187 4855; x_wconf 87' lang='lat' dir='ltr'><strong>quod</strong></span> <span class='ocrx_word' id='word_1_545' title='bbox 2216 4786 2602 4854; x_wconf 84' lang='lat' dir='ltr'><strong>interpretatur</strong></span> <span class='ocrx_word' id='word_1_546' title='bbox 2647 4783 2918 4838; x_wconf 84' lang='lat' dir='ltr'><strong>confessio</strong></span> <span class='ocrx_word' id='word_1_547' title='bbox 2947 4777 3289 4853; x_wconf 59' lang='lat' dir='ltr'><strong>manu&#39;forti,</strong></span> <span class='ocrx_word' id='word_1_548' title='bbox 3330 4786 3433 4843; x_wconf 87' lang='lat' dir='ltr'><strong>hoc</strong></span> 
     </span>
    </p>
   </div>
   <div class='ocr_carea' id='block_1_87' title="bbox 199 4877 3435 4965">
    <p class='ocr_par' dir='ltr' id='par_1_87' title="bbox 199 4877 3435 4965">
     <span class='ocr_line' id='line_1_87' title="bbox 199 4877 3435 4965; baseline -0.01 -3"><span class='ocrx_word' id='word_1_549' title='bbox 199 4916 294 4962; x_wconf 81' lang='lat' dir='ltr'><strong>est</strong></span> <span class='ocrx_word' id='word_1_550' title='bbox 331 4905 424 4959; x_wconf 91' lang='lat' dir='ltr'><strong>Dei</strong></span> <span class='ocrx_word' id='word_1_551' title='bbox 452 4902 624 4965; x_wconf 86' lang='lat' dir='ltr'><strong>Filio,</strong></span> <span class='ocrx_word' id='word_1_552' title='bbox 654 4894 1061 4954; x_wconf 86' lang='lat' dir='ltr'><strong>ascendentium</strong></span> <span class='ocrx_word' id='word_1_553' title='bbox 1099 4890 1165 4943; x_wconf 90' lang='lat' dir='ltr'><strong>ab</strong></span> <span class='ocrx_word' id='word_1_554' title='bbox 1213 4887 1498 4943; x_wconf 87' lang='lat' dir='ltr'><strong>undecimo</strong></span> <span class='ocrx_word' id='word_1_555' title='bbox 1524 4886 1690 4955; x_wconf 81' lang='lat' dir='ltr'><strong>gradu</strong></span> <span class='ocrx_word' id='word_1_556' title='bbox 1730 4884 1780 4936; x_wconf 91' lang='lat' dir='ltr'><strong>in</strong></span> <span class='ocrx_word' id='word_1_557' title='bbox 1808 4881 2016 4943; x_wconf 69' lang='lat' dir='ltr'><strong>Iesum,</strong></span> <span class='ocrx_word' id='word_1_558' title='bbox 2046 4882 2292 4938; x_wconf 86' lang='lat' dir='ltr'><strong>videlicet</strong></span> <span class='ocrx_word' id='word_1_559' title='bbox 2320 4899 2350 4938; x_wconf 87' lang='lat' dir='ltr'><strong>a</strong></span> <span class='ocrx_word' id='word_1_560' title='bbox 2382 4882 2546 4952; x_wconf 76' lang='lat' dir='ltr'><strong>gradu</strong></span> <span class='ocrx_word' id='word_1_561' title='bbox 2581 4877 2957 4943; x_wconf 81' lang='lat' dir='ltr'><strong>confessionis,</strong></span> <span class='ocrx_word' id='word_1_562' title='bbox 2992 4884 3046 4931; x_wconf 92' lang='lat' dir='ltr'><strong>et</strong></span> <span class='ocrx_word' id='word_1_563' title='bbox 3072 4878 3207 4947; x_wconf 87' lang='lat' dir='ltr'><strong>spei,</strong></span> <span class='ocrx_word' id='word_1_564' title='bbox 3234 4890 3289 4933; x_wconf 90' lang='lat' dir='ltr'><strong>et</strong></span> <span class='ocrx_word' id='word_1_565' title='bbox 3314 4893 3435 4948; x_wconf 82' lang='lat' dir='ltr'><strong>per-</strong></span> 
     </span>
    </p>
   </div>
   <div class='ocr_carea' id='block_1_88' title="bbox 199 4973 2181 5060">
    <p class='ocr_par' dir='ltr' id='par_1_88' title="bbox 199 4973 2181 5060">
     <span class='ocr_line' id='line_1_88' title="bbox 199 4973 2181 5060; baseline -0.014 -6"><span class='ocrx_word' id='word_1_566' title='bbox 199 4994 486 5055; x_wconf 69' lang='lat' dir='ltr'><strong>lectionis,</strong></span> <span class='ocrx_word' id='word_1_567' title='bbox 518 5006 638 5060; x_wconf 65' lang='lat' dir='ltr'><strong>quae</strong></span> <span class='ocrx_word' id='word_1_568' title='bbox 658 4987 814 5042; x_wconf 87' lang='lat' dir='ltr'><strong>estin</strong></span> <span class='ocrx_word' id='word_1_569' title='bbox 845 4984 1083 5045; x_wconf 82' lang='lat' dir='ltr'><strong>Christo,</strong></span> <span class='ocrx_word' id='word_1_570' title='bbox 1113 4978 1354 5033; x_wconf 85' lang='lat' dir='ltr'><strong>ascendit</strong></span> <span class='ocrx_word' id='word_1_571' title='bbox 1385 4978 1438 5030; x_wconf 90' lang='lat' dir='ltr'><strong>in</strong></span> <span class='ocrx_word' id='word_1_572' title='bbox 1466 4976 1805 5030; x_wconf 89' lang='lat' dir='ltr'><strong>altitudinem</strong></span> <span class='ocrx_word' id='word_1_573' title='bbox 1840 4973 2181 5027; x_wconf 85' lang='lat' dir='ltr'><strong>humilitatis.</strong></span> 
     </span>
    </p>
   </div>
   <div class='ocr_carea' id='block_1_89' title="bbox 282 5070 1523 5160">
    <p class='ocr_par' dir='ltr' id='par_1_89' title="bbox 282 5070 1523 5160">
     <span class='ocr_line' id='line_1_89' title="bbox 282 5070 1523 5160; baseline -0.019 -15"><span class='ocrx_word' id='word_1_574' title='bbox 282 5093 337 5145; x_wconf 93' lang='grc'><strong>1.</strong></span> <span class='ocrx_word' id='word_1_575' title='bbox 364 5087 554 5160; x_wconf 85' lang='grc' dir='ltr'>Κύριε,</span> <span class='ocrx_word' id='word_1_576' title='bbox 584 5085 683 5137; x_wconf 88' lang='grc' dir='ltr'><strong>ούκ</strong></span> <span class='ocrx_word' id='word_1_577' title='bbox 706 5078 1038 5150; x_wconf 75' lang='grc' dir='ltr'><strong>ἐλογισάμην</strong></span> <span class='ocrx_word' id='word_1_578' title='bbox 1073 5072 1209 5128; x_wconf 81' lang='grc' dir='ltr'><strong>εἷναί</strong></span> <span class='ocrx_word' id='word_1_579' title='bbox 1235 5091 1326 5125; x_wconf 91' lang='grc' dir='ltr'><strong>σου</strong></span> <span class='ocrx_word' id='word_1_580' title='bbox 1358 5070 1523 5137; x_wconf 80' lang='grc' dir='ltr'><strong>ἄξιος.</strong></span> 
     </span>
    </p>
   </div>
   <div class='ocr_carea' id='block_1_90' title="bbox 278 5186 1346 5261">
    <p class='ocr_par' dir='ltr' id='par_1_90' title="bbox 278 5186 1346 5261">
     <span class='ocr_line' id='line_1_90' title="bbox 278 5186 1346 5261; baseline -0.02 -3"><span class='ocrx_word' id='word_1_581' title='bbox 278 5204 330 5237; x_wconf 78' lang='grc'>⁸³</span> <span class='ocrx_word' id='word_1_582' title='bbox 365 5202 381 5255; x_wconf 87' lang='grc' dir='ltr'>ι</span> <span class='ocrx_word' id='word_1_583' title='bbox 410 5199 565 5255; x_wconf 83' lang='lat' dir='ltr'><strong>Joan.</strong></span> <span class='ocrx_word' id='word_1_584' title='bbox 601 5212 661 5261; x_wconf 88' lang='grc' dir='ltr'><strong>ιι,</strong></span> <span class='ocrx_word' id='word_1_585' title='bbox 691 5195 744 5248; x_wconf 76' lang='grc'><strong>2.</strong></span> <span class='ocrx_word' id='word_1_586' title='bbox 822 5193 868 5224; x_wconf 65' lang='grc'><strong>⁸⁸</strong></span> <span class='ocrx_word' id='word_1_587' title='bbox 897 5187 1043 5244; x_wconf 88' lang='lat' dir='ltr'><strong>Psal.</strong></span> <span class='ocrx_word' id='word_1_588' title='bbox 1078 5203 1263 5251; x_wconf 73' lang='lat' dir='ltr'><strong>cxxnx,</strong></span> <span class='ocrx_word' id='word_1_589' title='bbox 1296 5186 1346 5238; x_wconf 87' lang='lat'><strong>7.</strong></span> 
     </span>
    </p>
   </div>
   <div class='ocr_carea' id='block_1_91' title="bbox 1814 5064 3397 5137">
    <p class='ocr_par' dir='ltr' id='par_1_91' title="bbox 1814 5064 3397 5137">
     <span class='ocr_line' id='line_1_91' title="bbox 1814 5064 3397 5137; baseline -0.003 -14"><span class='ocrx_word' id='word_1_590' title='bbox 1814 5079 1857 5134; x_wconf 74' lang='grc' dir='ltr'><strong>ι)</strong></span> <span class='ocrx_word' id='word_1_591' title='bbox 1960 5070 2013 5122; x_wconf 92' lang='grc'><strong>1.</strong></span> <span class='ocrx_word' id='word_1_592' title='bbox 2054 5068 2305 5135; x_wconf 89' lang='lat' dir='ltr'><strong>Domine,</strong></span> <span class='ocrx_word' id='word_1_593' title='bbox 2335 5081 2442 5122; x_wconf 91' lang='lat' dir='ltr'><strong>non</strong></span> <span class='ocrx_word' id='word_1_594' title='bbox 2475 5066 2779 5122; x_wconf 76' lang='lat' dir='ltr'><strong>existimavi</strong></span> <span class='ocrx_word' id='word_1_595' title='bbox 2810 5080 2897 5120; x_wconf 88' lang='lat' dir='ltr'><strong>me</strong></span> <span class='ocrx_word' id='word_1_596' title='bbox 2923 5079 3044 5120; x_wconf 90' lang='lat' dir='ltr'><strong>esse</strong></span> <span class='ocrx_word' id='word_1_597' title='bbox 3070 5064 3290 5137; x_wconf 75' lang='lat' dir='ltr'><strong>dignum</strong></span> <span class='ocrx_word' id='word_1_598' title='bbox 3327 5074 3397 5119; x_wconf 92' lang='lat' dir='ltr'><strong>te.</strong></span> 
     </span>
    </p>
   </div>
   <div class='ocr_carea' id='block_1_92' title="bbox 1174 5294 2500 5377">
    <p class='ocr_par' dir='ltr' id='par_1_92' title="bbox 1174 5294 2500 5377">
     <span class='ocr_line' id='line_1_92' title="bbox 1174 5294 2500 5377; baseline -0.008 -12"><span class='ocrx_word' id='word_1_599' title='bbox 1174 5302 1479 5366; x_wconf 81' lang='lat' dir='ltr'><strong>Addenda</strong></span> <span class='ocrx_word' id='word_1_600' title='bbox 1521 5308 1582 5361; x_wconf 90' lang='lat' dir='ltr'><strong>et</strong></span> <span class='ocrx_word' id='word_1_601' title='bbox 1612 5298 1985 5377; x_wconf 78' lang='lat' dir='ltr'><strong>corrigenda</strong></span> <span class='ocrx_word' id='word_1_602' title='bbox 2018 5315 2094 5359; x_wconf 81' lang='lat' dir='ltr'><strong>ex</strong></span> <span class='ocrx_word' id='word_1_603' title='bbox 2125 5296 2266 5357; x_wconf 81' lang='lat' dir='ltr'><strong>cod.</strong></span> <span class='ocrx_word' id='word_1_604' title='bbox 2302 5294 2500 5356; x_wconf 80' lang='lat' dir='ltr'><strong>Vatic.</strong></span> 
     </span>
    </p>
   </div>
   <div class='ocr_carea' id='block_1_93' title="bbox 282 5424 1778 5515">
    <p class='ocr_par' dir='ltr' id='par_1_93' title="bbox 282 5424 1778 5515">
     <span class='ocr_line' id='line_1_93' title="bbox 282 5424 1778 5515; baseline -0.017 -14"><span class='ocrx_word' id='word_1_605' title='bbox 282 5449 302 5508; x_wconf 74' lang='grc' dir='ltr'><strong>ί</strong></span> <span class='ocrx_word' id='word_1_606' title='bbox 312 5444 366 5515; x_wconf 87' lang='grc'><strong>1)</strong></span> <span class='ocrx_word' id='word_1_607' title='bbox 397 5442 507 5498; x_wconf 74' lang='grc' dir='ltr'><strong>Καὶ</strong></span> <span class='ocrx_word' id='word_1_608' title='bbox 552 5438 685 5509; x_wconf 73' lang='grc' dir='ltr'>πρὸς</span> <span class='ocrx_word' id='word_1_609' title='bbox 712 5438 879 5498; x_wconf 75' lang='grc' dir='ltr'>αὑτὰς</span> <span class='ocrx_word' id='word_1_610' title='bbox 909 5432 1082 5495; x_wconf 74' lang='grc' dir='ltr'>οὕτως</span> <span class='ocrx_word' id='word_1_611' title='bbox 1111 5432 1242 5501; x_wconf 79' lang='grc' dir='ltr'>ἡμῖν</span> <span class='ocrx_word' id='word_1_612' title='bbox 1278 5428 1519 5498; x_wconf 80' lang='grc' dir='ltr'>ποιήσεις</span> <span class='ocrx_word' id='word_1_613' title='bbox 1540 5467 1555 5489; x_wconf 92' lang='grc'><strong>,</strong></span> <span class='ocrx_word' id='word_1_614' title='bbox 1586 5424 1778 5493; x_wconf 79' lang='grc' dir='ltr'>Κύριε,</span> 
     </span>
    </p>
   </div>
   <div class='ocr_carea' id='block_1_94' title="bbox 204 5516 585 5577">
    <p class='ocr_par' dir='ltr' id='par_1_94' title="bbox 204 5516 585 5577">
     <span class='ocr_line' id='line_1_94' title="bbox 204 5516 585 5577; baseline -0.016 -6"><span class='ocrx_word' id='word_1_615' title='bbox 204 5539 243 5575; x_wconf 79' lang='grc' dir='ltr'><strong>κ</strong></span> <span class='ocrx_word' id='word_1_616' title='bbox 257 5520 307 5572; x_wconf 64' lang='grc' dir='ltr'><strong>ι).</strong></span> <span class='ocrx_word' id='word_1_617' title='bbox 343 5516 447 5577; x_wconf 84' lang='grc' dir='ltr'>τίς,</span> <span class='ocrx_word' id='word_1_618' title='bbox 480 5523 585 5565; x_wconf 67' lang='lat' dir='ltr'><strong>etc.</strong></span> 
     </span>
    </p>
   </div>
   <div class='ocr_carea' id='block_1_95' title="bbox 283 5579 818 5655">
    <p class='ocr_par' dir='ltr' id='par_1_95' title="bbox 283 5579 818 5655">
     <span class='ocr_line' id='line_1_95' title="bbox 283 5579 818 5655; baseline -0.009 -17"><span class='ocrx_word' id='word_1_619' title='bbox 283 5587 362 5655; x_wconf 71' lang='grc' dir='ltr'><strong>(ε)</strong></span> <span class='ocrx_word' id='word_1_620' title='bbox 395 5585 468 5655; x_wconf 59' lang='lat' dir='ltr'><strong>[Ie</strong></span> <span class='ocrx_word' id='word_1_621' title='bbox 478 5583 541 5655; x_wconf 61' lang='lat' dir='ltr'><strong>pi.</strong></span> <span class='ocrx_word' id='word_1_622' title='bbox 553 5579 680 5635; x_wconf 83' lang='grc' dir='ltr'><strong>τῶν.</strong></span> <span class='ocrx_word' id='word_1_623' title='bbox 711 5586 818 5633; x_wconf 88' lang='lat' dir='ltr'><strong>etc.</strong></span> 
     </span>
    </p>
   </div>
   <div class='ocr_carea' id='block_1_96' title="bbox 284 5653 1479 5719">
    <p class='ocr_par' dir='ltr' id='par_1_96' title="bbox 284 5653 1479 5719">
     <span class='ocr_line' id='line_1_96' title="bbox 284 5653 1479 5719; baseline -0.006 -13"><span class='ocrx_word' id='word_1_624' title='bbox 284 5653 365 5719; x_wconf 67' lang='grc' dir='ltr'><strong>(ὅ)</strong></span> <span class='ocrx_word' id='word_1_625' title='bbox 408 5653 749 5718; x_wconf 81' lang='grc' dir='ltr'>’Υπέμεινεν.</span> <span class='ocrx_word' id='word_1_626' title='bbox 870 5716 879 5719; x_wconf 22' lang='grc' dir='ltr'><strong>Α</strong></span> <span class='ocrx_word' id='word_1_627' title='bbox 934 5716 943 5719; x_wconf 72' lang='lat'><strong><em>_</em></strong></span> <span class='ocrx_word' id='word_1_628' title='bbox 1022 5711 1029 5719; x_wconf 89' lang='lat'>_</span> <span class='ocrx_word' id='word_1_629' title='bbox 1294 5708 1303 5719; x_wconf 34' lang='grc' dir='ltr'>ι</span> 
     </span>
    </p>
   </div>
   <div class='ocr_carea' id='block_1_97' title="bbox 285 5708 1733 5791">
    <p class='ocr_par' dir='ltr' id='par_1_97' title="bbox 285 5708 1733 5791">
     <span class='ocr_line' id='line_1_97' title="bbox 285 5708 1733 5791; baseline 0.001 -9"><span class='ocrx_word' id='word_1_630' title='bbox 285 5708 365 5791; x_wconf 52' lang='grc' dir='ltr'><strong>ι-ίδ</strong></span> <span class='ocrx_word' id='word_1_631' title='bbox 395 5708 678 5775; x_wconf 76' lang='grc' dir='ltr'>“Ἠλπίσεν.</span> <span class='ocrx_word' id='word_1_632' title='bbox 705 5728 831 5781; x_wconf 87' lang='lat' dir='ltr'><strong>etc.,</strong></span> <span class='ocrx_word' id='word_1_633' title='bbox 868 5716 956 5769; x_wconf 67' lang='grc' dir='ltr'><strong>ἐπὶ</strong></span> <span class='ocrx_word' id='word_1_634' title='bbox 979 5711 1084 5775; x_wconf 71' lang='grc' dir='ltr'><strong>τόν,</strong></span> <span class='ocrx_word' id='word_1_635' title='bbox 1114 5719 1239 5775; x_wconf 66' lang='grc' dir='ltr'><strong>οἶσιν</strong></span> <span class='ocrx_word' id='word_1_636' title='bbox 1283 5708 1609 5777; x_wconf 26' lang='lat' dir='ltr'><strong>amabam&quot;!</strong></span> <span class='ocrx_word' id='word_1_637' title='bbox 1636 5714 1733 5759; x_wconf 62' lang='grc' dir='ltr'>θίθε</span> 
     </span>
    </p>
   </div>
   <div class='ocr_carea' id='block_1_98' title="bbox 288 5790 774 5859">
    <p class='ocr_par' dir='ltr' id='par_1_98' title="bbox 288 5790 774 5859">
     <span class='ocr_line' id='line_1_98' title="bbox 288 5790 774 5859; baseline -0.019 -10"><span class='ocrx_word' id='word_1_638' title='bbox 288 5796 366 5859; x_wconf 69' lang='grc'><strong>(5)</strong></span> <span class='ocrx_word' id='word_1_639' title='bbox 403 5790 647 5852; x_wconf 71' lang='grc' dir='ltr'>Ἑαυτὸν,</span> <span class='ocrx_word' id='word_1_640' title='bbox 675 5798 774 5845; x_wconf 82' lang='lat' dir='ltr'><strong>etc.</strong></span> 
     </span>
    </p>
   </div>
   <div class='ocr_carea' id='block_1_99' title="bbox 1956 5420 2420 5507">
    <p class='ocr_par' dir='ltr' id='par_1_99' title="bbox 1956 5420 2420 5507">
     <span class='ocr_line' id='line_1_99' title="bbox 1956 5420 2420 5507; baseline -0.004 -31"><span class='ocrx_word' id='word_1_641' title='bbox 2057 5422 2169 5507; x_wconf 47' lang='lat' dir='ltr'><strong>E013</strong></span> <span class='ocrx_word' id='word_1_642' title='bbox 2200 5420 2420 5507; x_wconf 85' lang='grc' dir='ltr'>Κυρίου.</span> 
     </span>
    </p>
   </div>
   <div class='ocr_carea' id='block_1_100' title="bbox 1955 5489 2837 5565">
    <p class='ocr_par' dir='ltr' id='par_1_100' title="bbox 1955 5489 2837 5565">
     <span class='ocr_line' id='line_1_100' title="bbox 1955 5489 2837 5565; baseline -0.009 -17"><span class='ocrx_word' id='word_1_643' title='bbox 2057 5489 2365 5565; x_wconf 13' lang='grc' dir='ltr'>Τοῦξτιμίου</span> <span class='ocrx_word' id='word_1_644' title='bbox 2399 5489 2559 5565; x_wconf 23' lang='grc' dir='ltr'>αύμτοῦ</span> <span class='ocrx_word' id='word_1_645' title='bbox 2593 5489 2837 5559; x_wconf 77' lang='grc' dir='ltr'>αἵματος.</span> 
     </span>
    </p>
   </div>
   <div class='ocr_carea' id='block_1_101' title="bbox 1974 5559 2636 5631">
    <p class='ocr_par' dir='ltr' id='par_1_101' title="bbox 1974 5559 2636 5631">
     <span class='ocr_line' id='line_1_101' title="bbox 1974 5559 2636 5631; baseline -0.011 -12"><span class='ocrx_word' id='word_1_646' title='bbox 1974 5560 2026 5631; x_wconf 72' lang='lat'><strong>8)</strong></span> <span class='ocrx_word' id='word_1_647' title='bbox 2052 5559 2257 5617; x_wconf 66' lang='grc' dir='ltr'>Αὐτῶν</span> <span class='ocrx_word' id='word_1_648' title='bbox 2274 5577 2369 5630; x_wconf 89' lang='lat' dir='ltr'><strong>pro</strong></span> <span class='ocrx_word' id='word_1_649' title='bbox 2404 5559 2636 5631; x_wconf 83' lang='grc' dir='ltr'>πάντων.</span> 
     </span>
    </p>
   </div>
   <div class='ocr_carea' id='block_1_102' title="bbox 1974 5617 3434 5718">
    <p class='ocr_par' dir='ltr' id='par_1_102' title="bbox 1974 5617 3434 5718">
     <span class='ocr_line' id='line_1_102' title="bbox 1974 5617 3434 5718; baseline -0.011 -28"><span class='ocrx_word' id='word_1_650' title='bbox 2069 5631 2248 5718; x_wconf 36' lang='grc' dir='ltr'><strong>’11⁸8ιέ</strong></span> <span class='ocrx_word' id='word_1_651' title='bbox 2274 5617 2372 5700; x_wconf 67' lang='grc' dir='ltr'>τῆς</span> <span class='ocrx_word' id='word_1_652' title='bbox 2394 5630 2757 5718; x_wconf 65' lang='grc' dir='ltr'>κινναϐάρεως</span> <span class='ocrx_word' id='word_1_653' title='bbox 2778 5627 3039 5698; x_wconf 79' lang='grc' dir='ltr'>περιέχει,</span> <span class='ocrx_word' id='word_1_654' title='bbox 3067 5635 3195 5689; x_wconf 90' lang='lat' dir='ltr'><strong>etc.,</strong></span> <span class='ocrx_word' id='word_1_655' title='bbox 3228 5617 3434 5694; x_wconf 72' lang='grc' dir='ltr'>βαθμοῦ</span> 
     </span>
    </p>
   </div>
   <div class='ocr_carea' id='block_1_103' title="bbox 1879 5702 2815 5765">
    <p class='ocr_par' dir='ltr' id='par_1_103' title="bbox 1879 5702 2815 5765">
     <span class='ocr_line' id='line_1_103' title="bbox 1879 5702 2815 5765; baseline -0.01 -5"><span class='ocrx_word' id='word_1_656' title='bbox 1879 5709 1969 5762; x_wconf 66' lang='grc' dir='ltr'>ἐπὶ</span> <span class='ocrx_word' id='word_1_657' title='bbox 2001 5707 2091 5759; x_wconf 77' lang='grc' dir='ltr'>τὸν</span> <span class='ocrx_word' id='word_1_658' title='bbox 2121 5702 2438 5765; x_wconf 77' lang='grc' dir='ltr'>δωδέκατον,</span> <span class='ocrx_word' id='word_1_659' title='bbox 2468 5702 2687 5762; x_wconf 77' lang='grc' dir='ltr'>ὡσανεί,</span> <span class='ocrx_word' id='word_1_660' title='bbox 2713 5708 2815 5754; x_wconf 83' lang='lat' dir='ltr'><strong>etc.</strong></span> 
     </span>
    </p>
   </div>
  </div>
