4110 6318
158 386 295 440 1219
1067 375 1152 429 DE
1192 375 1466 432 TlTULlS
1506 372 1960 431 PSALMORUM.
1993 400 2063 412 -—-
2097 371 2292 425 PSAL.
2324 369 2566 426 CXXXI.
3243 367 3380 424 1250

221 499 273 553 tt.
313 498 374 552 ΕΞ
403 497 742 568 ἀναδήσομαι
765 496 857 548 ὲπὶ
881 494 1066 564 κλίνης
1098 495 1386 565 στρωμνῆς
1415 510 1539 565 μου.
1746 497 1791 552 Α

1415 510 1539 565 μου.
1746 497 1791 552 Α
1891 488 1939 541 4.
1985 485 2041 541 Si
2068 487 2361 541 ascendero
2393 487 2445 540 in
2492 487 2688 540 lectum
2717 485 2870 540 strati
2901 483 3028 544 mel.

225 592 280 648 5.
315 593 375 644 Εἰ
396 589 549 643 δώσω
582 587 748 642 ὕπνον
771 589 882 650 τοῖς
903 585 1197 656 ὀφθαλμοῖς
1232 602 1353 656 μου,

1339 625 1353 649 ,
1889 577 1941 631 5.
1986 575 2042 630 Si
2072 577 2268 630 dedero
2305 590 2560 630 somnum
2597 575 2773 630 oculis
2803 575 2959 640 meis,

224 677 278 733 ϐ.
312 679 420 731 Καὶ
439 678 549 739 τοῖς
575 675 861 745 βλεφάροις
892 691 991 745 μου
1012 673 1341 744 νυσταγμὺν,

1897 668 1948 722 6.
1993 667 2057 722 Et
2104 667 2376 737 palpebris
2411 669 2546 722 meis
2579 667 3049 726 dormitationem.

229 769 280 823 7.
310 770 414 821 Καὶ
437 769 736 821 ἀνάπαυσιν
762 769 871 828 τοῖς
899 765 1190 835 κροτάφοις
1216 783 1314 837 μου
1349 807 1364 831 ,

1269 783 1314 818 πυ
1349 807 1364 831 ,
1893 767 1944 821 7.
1983 766 2048 820 Et
2087 766 2329 835 requiem
2363 766 2702 834 temporibus
2737 766 2892 819 meis.

229 859 432 922 8.⁹Ἐως
461 854 519 913 οὗ
539 858 683 929 εὕρω
710 858 871 910 τόπον
905 857 982 927 τῷ
1011 859 1230 930 Κυρίῳ,

1891 858 1945 913 8.
1987 857 2170 913 Donec
2205 859 2474 911 inveniam
2508 859 2686 911 locum
2725 857 2977 921 Domino,

227 950 281 1006 9.
316 951 584 1021 Σκήνωμα
612 948 688 1018 τῷ
722 948 839 1018 Θεῴ
877 947 1089 1002 Ἰακώϐ.

1899 952 1952 1006 9.
1997 949 2429 1004 Tabernaculum
2467 949 2577 1004 Deo
2600 949 2786 1003 Jacob.

236 1044 322 1097 10.
344 1044 471 1096 Ἰδοὺ
498 1041 806 1112 ἠκούσαμεν
835 1042 1001 1112 αὐτὴν
1033 1043 1089 1094 ὲν
1128 1040 1371 1112 Ἑφραθά
1392 1058 1405 1071 ⁸

1404 1063 1405 1066 η
1893 1041 1977 1095 10.
2019 1040 2156 1096 Ecce
2183 1043 2488 1095 audivimus
2516 1057 2632 1094 eam
2668 1041 2720 1094 in
2754 1038 3027 1109 Ephratlia

233 1136 322 1191 11.
355 1135 595 1206 Εὖρομεν
629 1134 795 1204 αὑτὴν
824 1136 878 1186 ἐν
909 1137 1021 1196 τοῖς
1065 1133 1269 1196 πεδίοις
1298 1132 1390 1186 τοῦ
1421 1130 1649 1204 δρυμοῦ.

1421 1130 1649 1204 δρυμοῦ.
1892 1133 1974 1185 11.
2020 1130 2330 1184 Invenimus
2369 1146 2487 1184 eam
2519 1132 2570 1184 in
2607 1132 2815 1201 campis
2850 1132 3019 1186 sib-1e.

229 1225 318 1282 12.
350 1225 776 1296 Είσελευσόμεθα
810 1228 888 1289 είς
917 1227 984 1280 τά
1014 1227 1345 1297 σκηνώματα
1377 1225 1539 1280 αὑτοῦ
1563 1242 1577 1254 ·

1388 1225 1539 1280 κὺτοῦ
1563 1242 1577 1254 ·
1895 1222 1977 1274 ιε.
2013 1220 2360 1276 lntroibimns
2391 1223 2442 1274 in
2477 1222 2820 1276 tabernacula
2848 1221 2966 1290 ejus
2999 1238 3011 1276 :

231 1320 316 1374 15.
363 1319 812 1389 Προσκυνήσομεν
855 1321 933 1382 εἰς
965 1318 1053 1371 τὸν
1083 1319 1265 1384 τόπον,
1306 1315 1366 1373 οὗ
1405 1318 1638 1389 ἔστησαν
1673 1321 1722 1374 οἱ

1895 1313 1982 1368 15.
2029 1313 2391 1368 Adorabimus
2432 1314 2486 1367 in
2541 1313 2695 1379 loco,
2757 1313 2848 1367 ubi
2905 1319 3168 1368 steterunt
3224 1310 3386 1382 pedes

156 1411 321 1474 πόδες
351 1408 536 1464 αὑτοῦ.
1824 1405 1964 1475 ejus.

235 1505 321 1558 14.
366 1503 672 1575 ⁹Ανάστηθι,
705 1503 896 1574 Κύριε,
924 1503 1001 1564 εἰς
1028 1503 1123 1572 τὴν
1155 1503 1458 1557 ἀνάπαυσίν
1491 1520 1603 1568 σου,

1413 1503 1458 1556 ίν
1491 1520 1603 1568 σου,
1896 1497 1981 1550 14.
2014 1496 2202 1568 Surge,
2237 1495 2480 1562 Domine,
2514 1497 2566 1551 in
2599 1497 2836 1567 requiem
2867 1506 3035 1560 tuam,

231 1593 320 1646 15.
350 1594 420 1646 Σὺ
449 1594 542 1646 καὶ
573 1596 604 1664 ὴ
635 1593 862 1656 κιϐωτὸς
891 1592 983 1643 τοῦ
1016 1593 1354 1662 ἁγιάσματὸς
1385 1581 1497 1646 σου.

1343 1611 1354 1656 ς
1385 1581 1497 1646 σου.
1903 1593 1987 1645 15.
2027 1591 2106 1644 Tn
2135 1601 2187 1646 et
2213 1609 2336 1646 arca
2367 1591 2811 1646 sanctiﬁcationis
2843 1600 2966 1645 tute.

232 1684 318 1739 16.
351 1686 410 1738 Οἱ
449 1688 612 1754 ἱερεῖς
643 1701 732 1737 σου
761 1684 1067 1738 ὲνδύσονται
1094 1683 1457 1753 δικαιοσύνην,

1897 1682 1985 1735 16.
2025 1680 2344 1736 Sacerdotes
2377 1682 2451 1735 tui
2480 1682 2769 1736 inducntur
2795 1681 3082 1749 justitiam,

232 1776 320 1829 17.
353 1777 459 1830 Καὶ
500 1778 548 1828 οἱ
595 1776 728 1829 ὅσιοί
783 1794 876 1830 σου
922 1775 1335 1844 ἀγαλλιάσονται
1384 1775 1722 1848 [ἀγαλλιάσει

1900 1777 1985 1830 17.
2016 1774 2079 1829 Et
2108 1776 2279 1830 sancti
2308 1775 2383 1829 tui
2413 1775 2758 1830 exsultabunl
2791 1774 3176 1847 [exsultatione
3198 1773 3382 1829 exsul-

157 1865 620 1938 ἀγαλλιάσονται].
1758 1867 1780 1921 Ι

440 1865 620 1938 >νται].
1758 1867 1797 1921 Β
1828 1866 2063 1939 tabunt].

233 1955 320 2009 18.
356 1957 576 2008 Ἕνεκεν
611 1955 773 2011 Δαὸὶδ
803 1955 895 2011 τοῦ
925 1955 1110 2010 δούλου
1142 1974 1236 2010 σου

1903 1959 1989 2014 18.
2022 1958 2248 2029 Propter
2278 1958 2448 2014 David
2477 1975 2695 2016 servum
2727 1967 2878 2015 tuum

1273 2134 1640 2191 ATIlANASll
1682 2134 2267 2192 INTERPRETATIO.

230 2289 287 2343 ι.
318 2290 380 2342 El
408 2291 480 2362 μὴ
516 2291 600 2342 ἐπ’
627 2289 700 2359 (1)
732 2289 959 2359 ἐδάφους
987 2289 1210 2344 ὕπνωσα
1229 2290 1320 2343 τοῦ
1350 2289 1558 2344 λοιποῦ.

1897 2293 1944 2350 1.
1985 2291 2096 2348 Nisi
2126 2293 2179 2347 in
2206 2292 2445 2348 futurum
2479 2294 2628 2348 humi
2665 2309 2916 2349 somnum
2960 2293 3209 2364 capiam:

228 2381 287 2443 5.
315 2381 365 2434 6.
399 2381 460 2433 Εἰ
498 2380 775 2448 παύσομαι
805 2380 1118 2451 ἀγρυπνῶν,
1153 2382 1242 2435 καὶ
1273 2383 1724 2454 προσευχόμενος,

1897 2384 1950 2449 5,
1979 2385 2033 2440 6.
2076 2384 2131 2438 Si
2167 2400 2455 2440 cessavero
2489 2387 2730 2457 vigilare,
2762 2395 2814 2442 et
2849 2402 3026 2452 orare,
3065 2395 3119 2441 et
3143 2385 3388 2441 meditarl

156 2469 256 2523 καὶ
284 2466 518 2538 μελετῶν
549 2467 739 2528 νυκτὸς
769 2469 859 2519 καὶ
890 2467 1099 2538 ἡμέρας
1125 2469 1182 2520 ἐν
1221 2467 1298 2536 τῷ
1328 2469 1475 2538 νόμῳ
1506 2485 1618 2522 σου.

931 2467 1099 2538 μέρας
1125 2469 1182 2520 ἐν
1221 2467 1298 2536 τῷ
1328 2469 1475 2538 νόμῳ
1506 2485 1618 2522 σου.
1820 2474 1906 2528 die
1932 2490 1994 2527 ac
2019 2485 2175 2528 nocte
2212 2475 2263 2527 in
2299 2476 2412 2544 lege
2437 2484 2551 2530 tua.

233 2560 290 2613 7.
328 2557 434 2612 Kal.
457 2561 502 2611 εἰ
530 2557 682 2611 δώσω
709 2558 888 2612 ἄνεσιν
917 2562 982 2630 τῇ
1011 2559 1217 2630 διανοίᾳ
1240 2560 1337 2629 τῆς
1362 2560 1591 2630 καρδίας
1625 2579 1724 2632 μου

1893 2566 1946 2619 7.
1987 2565 2052 2619 Et
2109 2567 2152 2622 si
2203 2566 2401 2621 dedero
2457 2568 2699 2637 requiem
2759 2569 2923 2624 menti
2958 2569 3139 2624 cordis
3183 2569 3286 2624 mei
3339 2569 3392 2625 in

157 2649 382 2719 περὶτὰ
406 2650 652 2719 νοήματα
675 2649 782 2701 τῶν
817 2649 1064 2720 Γραφιῦν.

975 2649 1064 2706 ὧν.
1835 2655 2127 2725 Scripturis
2172 2659 2598 2728 perscrutandis.

237 2741 294 2800 8.
322 2742 375 2793 9.
408 2741 548 2803 Ἕως
577 2734 636 2793 οὗ
663 2739 750 2791 διὰ
786 2740 882 2807 τῆς
926 2739 1144 2810 χάριτος
1179 2738 1344 2792 αὑτοῦ
1393 2740 1728 2811 οἰκοδομήσω

1903 2749 1954 2813 8,
1986 2750 2038 2802 9.
2076 2749 2256 2803 Donec
2302 2750 2471 2818 gratia
2517 2759 2604 2803 tua
2653 2749 2929 2804 aedificabo
2975 2764 3061 2805 me
3111 2749 3286 2820 ipsum
3339 2750 3393 2805 in

161 2832 402 2903 ἐμαυτὸν
426 2827 571 2885 οἶκον
599 2829 676 2899 τῷ
707 2829 906 2900 Κυρίῳ,
936 2832 1028 2882 καὶ
1058 2831 1356 2884 ἀνάπαυσιν
1379 2829 1453 2900 τῷ
1480 2830 1598 2900 Θεῷ
1620 2832 1726 2884 ὺπ-

1832 2841 2050 2894 domum
2105 2840 2355 2907 Domino,
2390 2852 2444 2895 et
2492 2843 2733 2910 requiem
2771 2841 2882 2896 Deo
2931 2842 3392 2896 auscultatiOnis:

156 2925 334 2993 ακοῆς
379 2924 454 2994 (2)
482 2939 494 2950 ⁸
541 2921 776 2992 εἴπαμεν
806 2923 934 2993 γὰρ,
980 2922 1192 2976 Ἰακὼϐ
1226 2922 1585 2994 ἑρμηνεύεται
1615 2926 1726 2978 ὺπ-

1834 2933 2071 2987 diximus
2104 2935 2248 2988 enim
2273 2933 2416 3003 quod
2438 2931 2605 2986 Jacob
2641 2933 3023 3001 interpretatur
3055 2933 3393 2998 auscultatio,

154 3013 341 3080 ακοή.
1757 3013 1797 3067 C

237 3105 326 3160 10.
355 3104 483 3157 Ἰδοὺ
519 3103 834 3174 ἠκούσαμεν
881 3105 938 3156 ὲν
985 3103 1320 3173 Εὑαγγελίῳ,
1353 3105 1434 3156 ὅτι
1477 3104 1612 3175 αὕτη
1650 3105 1726 3175 (5)

1901 3105 1985 3159 10.
2025 3106 2160 3160 Ecce
2187 3109 2493 3162 audivimus
2525 3109 2578 3162 in
2619 3109 2933 3180 Evangelia,
2984 3111 3128 3180 quod
3163 3112 3275 3165 haec
3315 3118 3393 3165 est

159 3200 316 3253 ἐστὶν
347 3201 380 3269 ή
411 3198 712 3260 ἀνάπαυσις
754 3197 846 3250 τοῦ
886 3195 1055 3261 Θεοῦ,
1107 3197 1232 3247 ὅταν
1276 3212 1358 3258 τις
1404 3195 1626 3266 πωλήσῃ
1666 3196 1733 3248 τε

1831 3199 2043 3264 requies
2084 3196 2196 3257 Dei.
2227 3214 2349 3251 cum
2374 3201 2498 3267 quis
2531 3201 2834 3254 vendiderit
2865 3202 3048 3256 omnia
3086 3202 3225 3256 bona
3269 3217 3390 3272 sua,

159 3290 480 3360 ὑπάρχοντα
503 3286 686 3352 αὑτοῦ,
717 3288 812 3340 καὶ
857 3286 931 3357 δῷ
962 3289 1213 3356 πτωχοῖς,
1245 3287 1336 3340 καὶ
1376 3286 1606 3358 ἀπέλθῃ.
1643 3288 1734 3339 καὶ

1831 3297 1885 3340 et
1910 3287 2117 3340 dederit
2164 3289 2509 3357 pauperibus,
2550 3298 2603 3343 et
2636 3289 2884 3351 abiverit,
2928 3299 2981 3342 et
3011 3291 3265 3344 omnibus
3311 3307 3393 3344 re-

159 3381 504 3451 ὰποτάξηται
531 3395 543 3407 ·
581 3381 841 3448 Ἐφραθὰ
879 3377 986 3449 γὰρ
1025 3378 1381 3449 ἑρμηνεύεται
1416 3377 1733 3448 παραδιδόν-

1835 3381 2196 3434 nuntiaverit:
2225 3379 2497 3442 Ephrmlm
2524 3385 2666 3435 enim
2700 3382 3083 3450 interpretatur
3105 3382 3172 3436 de
3200 3398 3286 3444 eo,
3306 3385 3393 3453 qui

161 3489 257 3534 τος
288 3471 712 3538 καρπωφορίαν.

1835 3470 2033 3538 praebet
2056 3469 2322 3538 fructuum
2352 3471 2659 3524 ubertatem.

243 3565 331 3616 11.
359 3561 604 3631 Εὖρομεν
645 3560 719 3625 (ιι)
765 3560 863 3629 τὴν
912 3559 1215 3613 ἀνάπαυσιν
1265 3558 1467 3630 ταύτην
1518 3561 1596 3623 εἰς
1638 3561 1736 3630 τὴν

1906 3559 1989 3613 11,
2028 3557 2337 3613 Invenimus
2375 3560 2615 3627 requiem
2660 3561 2798 3615 hanc
2831 3562 2885 3615 in
2943 3577 3145 3628 eremo,
3194 3562 3281 3617 ubi
3316 3573 3399 3619 est

160 3657 397 3728 ἕρημον,
432 3654 559 3707 ἔνθα
591 3653 651 3705 τὸ
678 3652 878 3722 πλῆθός
920 3654 1034 3705 ἐστι
1069 3652 1177 3703 τῶν
1209 3651 1416 3722 ἀνδρῶν
1443 3651 1549 3704 τῶν
1584 3653 1734 3721 ἐχόνο

1837 3651 2128 3705 multitudo
2159 3651 2401 3704 virorum
2449 3651 2766 3704 habentium
2814 3654 2977 3707 corda
3026 3669 3122 3707 sua
3161 3669 3398 3722 expansa

161 3764 278 3800 των
306 3745 628 3816 ήπλωμὲνας
653 3744 751 3808 τὰς
794 3743 1015 3815 καρδίας
1061 3742 1196 3815 πρὸς
1225 3742 1315 3795 τὸν
1356 3742 1515 3797 Θεόν·
1548 3743 1701 3815 δῆλον
1721 3784 1736 3809 ,

1839 3742 1904 3795 ad
1945 3743 2108 3798 Deum
2157 3741 2529 3810 (manifestum
2567 3751 2684 3808 est,
2718 3743 2864 3815 quod
2903 3744 3200 3800 monachos
3227 3745 3397 3815 signi-

161 3840 300 3903 ·ωἰις
335 3839 599 3910 μοναχοὺς
629 3837 795 3905 λέγει.
1841 3835 2008 3900 licet).

244 3929 335 3983 12.
367 3930 796 4000 Εἰσελευσόμεθα
825 3932 902 3992 εἰς
920 3929 988 3982 τὰ
1012 3929 1343 4000 μοναστήρια
1369 3928 1503 4000 πρὸς
1529 3928 1590 3982 τὸ
1612 3930 1744 3981 ἁπο-

1915 3927 2000 3979 12.
2035 3924 2381 3980 lntroibimus
2424 3941 2480 3980 In
2514 3929 2845 3983 monasteria
2884 3929 2951 3984 ad
2982 3932 3399 3988 renuntiandum

165 4024 458 4092 τάξασθαι.

432 4046 458 4076 ι.
1844 4019 2055 4072 mundo.

245 4117 337 4171 13.
392 4115 492 4168 Τὸν
555 4113 784 4186 σταυρὸν
842 4112 1005 4168 αὐτοῦ
1064 4114 1510 4185 προσκυνήσομεν
1539 4152 1555 4177 ,
1618 4111 1746 4166 ἔνθα

1917 4111 2002 4165 13.
2038 4109 2266 4166 Crucem
2311 4112 2430 4181 ejus
2457 4112 2843 4179 adorabimus,
2893 4114 2982 4168 ubi
3027 4115 3224 4170 conﬁxi
3274 4129 3399 4173 sunt

169 4211 464 4280 ἑπάγησαν
492 4211 537 4261 ol
566 4208 719 4271 πόδες
743 4206 928 4260 αὑτοῦ.

566 4208 719 4271 πόδες
743 4206 928 4260 αὑτοῦ.
1846 4203 2007 4274 pedes
2036 4203 2080 4273 ej
2092 4219 2172 4258 us.

245 4301 338 4355 14.
371 4299 765 4373 Προσεύχονται
801 4300 849 4351 οἱ
883 4298 1172 4368 ἡγούμενοι
1201 4299 1341 4370 ὑπὲρ
1367 4297 1474 4351 τῶν
1509 4299 1744 4351 ἀποτασ-
1777 4368 1808 4373 _

1780 4368 1808 4373 _
1919 4297 2003 4350 14.
2042 4296 2212 4350 Orant
2257 4297 2513 4366 praesides
2565 4299 2955 4353 monachorum
3005 4315 3103 4369 pro
3162 4300 3264 4366 iis,
3311 4305 3403 4371 qui

173 4394 443 4466 σομένων,
492 4391 768 4459 λέγοντεςο
812 4390 988 4453 Ἐλθὲ,
1033 4391 1228 4460 Κύριε,
1278 4393 1356 4454 είς
1397 4389 1493 4459 τὴν
1521 4368 1796 4460 καρδίανῙ

1780 4368 1819 4422 D
1849 4390 2041 4443 mundo
2089 4391 2494 4454 renuntiarunt,
2531 4389 2770 4446 dicentes
2815 4407 2828 4442 :
2861 4368 3028 4454 Veni,
3066 4368 3403 4459 Domine,—in

168 4489 383 4542 τούτων
405 4485 511 4539 τῶν
536 4485 631 4555 τὴν
662 4484 961 4539 ἀνάπαυσίν
987 4501 1080 4536 σου
1111 4483 1401 4536 τελούντων
1436 4483 1537 4552 (5).

1444 4483 1537 4552 [5).
1848 4498 1941 4538 cor
1975 4485 2221 4545 istorum,
2252 4482 2342 4551 qui
2372 4482 2612 4551 requiem
2645 4491 2790 4535 tuam
2814 4481 3067 4536 efﬁciunt.

251 4577 342 4632 13.
374 4577 447 4629 Σὺ
480 4574 621 4640 ἐλθὲ,
655 4575 748 4628 καὶ
777 4577 810 4646 ἡ
843 4575 996 4645 χάρις
1035 4591 1128 4626 σου
1165 4575 1260 4627 σὺν
1302 4576 1412 4635 τοῖς
1449 4572 1623 4641 ἁγίοις
1656 4589 1748 4624 σου

1923 4573 2006 4626 15.
2042 4571 2172 4626 Veni
2209 4580 2297 4636 tu,
2343 4582 2397 4626 et
2428 4572 2596 4641 gratia
2633 4582 2722 4627 tua
2755 4588 2878 4627 cum
2920 4573 3174 4629 omnibus
3207 4574 3407 4629 sanctis

174 4672 370 4725 πᾶσιν.
1848 4665 1976 4720 tuis.

253 4760 342 4815 16.
385 4761 573 4829 Ἡμεῖς
606 4759 654 4812 οἱ
705 4760 866 4829 ἱερεῖς
900 4775 992 4811 σου
1042 4756 1372 4828 ὲνδυσόμεθα
1413 4755 1488 4827 (6)
1532 4754 1621 4808 διὰ
1653 4755 1750 4825 τῆς

1921 4757 2010 4812 13.
2040 4755 2150 4813 Nos
2179 4758 2490 4814 sacerdotes
2539 4757 2615 4812 tui
2648 4757 2935 4812 induemur
2975 4773 3071 4827 per
3105 4757 3409 4814 doctrinam

175 4855 527 4919 διδασκαλίας
557 4854 775 4917 τούτους
794 4854 918 4917 τοὺς
939 4854 1036 4924 τῆς
1067 4851 1410 4922 δικαιοσύνης
1443 4850 1610 4913 υἱούς.

725 4872 775 4917 δς
794 4854 918 4917 τοὺς
939 4854 1036 4924 τῆς
1067 4851 1410 4922 δικαιοσύνης
1443 4850 1610 4913 υἱούς.
1852 4849 1938 4905 bis
1958 4851 2179 4920 justitiae
2206 4852 2348 4905 ﬁliis.

255 4947 344 5001 17.
379 4949 488 5001 Καὶ
532 4947 729 5010 πάντες
765 4948 811 4999 οἱ
841 4945 1059 5014 ἄγγελοί
1093 4961 1187 4997 σου
1219 4943 1312 4997 καὶ
1350 4945 1496 4996 πᾶσα
1531 4945 1562 5012 ἡ
1597 4941 1749 4994 ἀδελ-

1927 4941 2012 4995 17.
2043 4941 2108 4994 Ει
2154 4957 2343 4995 omnes
2392 4941 2566 5010 angeli
2616 4942 2716 5008 tui,
2771 4953 2825 4996 et
2871 4941 3048 4996 omnis
3100 4939 3411 4995 fraternitas

180 5041 359 5111 φότης
404 5040 813 5108 ἀγδιλλιάσονται
849 5041 941 5092 ἐπὶ
983 5041 1049 5110 τῇ
1093 5038 1341 5107 ἀπο-παγῇ
1393 5035 1597 5088 τούτων
1645 5033 1752 5086 τῶν

1849 5034 2197 5087 exsultabunt
2224 5034 2276 5086 in
2309 5035 2705 5090 renuntiationc
2732 5052 2819 5088 seu
2841 5035 3162 5104 professione
3196 5033 3410 5097 borum,

179 5131 579 5203 προελθόντων.

1852 5126 1941 5195 qui
1974 5126 2044 5176 ad
2077 5127 2420 5179 monasticam
2454 5128 2613 5180 vitam
2643 5136 2921 5180 venerunt.

258 5222 349 5277 18.
395 5223 491 5276 Διὰ
535 5222 628 5274 τὸν
670 5220 826 5294 χορὸν
871 5223 959 5275 τὸν
1001 5221 1378 5292 πεπηθημένον
1430 5221 1537 5273 τῶν
1587 5220 1756 5288 ἁγίων

1924 5217 2009 5270 18.
2044 5217 2267 5286 Propter
2299 5219 2529 5272 chorum
2561 5220 2923 5273 desideratum
2953 5226 3265 5273 sanctorum
3301 5226 3396 5274 tuo

183 5331 286 5366 σου
306 5328 322 5342 ’
351 5306 527 5368 Δαδὶδ
553 5313 660 5385 γὰρ
692 5314 1047 5386 ἑρμηνεύεται
1078 5312 1510 5382 πεποθτιμὲνος.

1854 5324 1974 5362 rum
2011 5327 2024 5363 :
2059 5308 2227 5361 David
2255 5311 2396 5363 enim
2430 5311 2814 5382 interpretatur
2842 5310 3188 5363 desideratus.

1133 5449 1436 5511 Addenda
1468 5459 1528 5509 et
1576 5445 1949 5523 corrigenda
1987 5460 2064 5504 ex
2097 5444 2237 5504 cod.
2272 5443 2472 5504 Vatic.

257 5581 338 5651 (1)
377 5580 494 5634 Ἐπ’
527 5581 696 5635 deest.
1856 5586 1880 5626 e

261 5652 343 5722 (9)
372 5653 479 5722 Τῆς
503 5651 747 5720 ὑπακοῆς
771 5665 781 5677 ·
810 5648 1040 5720 εἴπαμεν
1066 5648 1194 5719 γὰρ,
1217 5649 1297 5701 ὅτι
1324 5644 1541 5709 Ἰακώῦ,
1566 5651 1666 5698 ctc.

1566 5651 1666 5698 ctc.
2046 5639 2458 5722 :Exfsloéoniv.
2520 5710 2532 5722 ⁸
2700 5711 2723 5722 ᾳ
2872 5710 2896 5722 β
3019 5711 3030 5722 _
3144 5707 3166 5720 .

286 5663 343 5716 2)
372 5663 479 5722 ’1⁷ης
503 5663 747 5720 υπακοης
771 5665 781 5677 ⁸
810 5665 1040 5720 ειπαμεν
1066 5665 1194 5719 γαρ,
1217 5665 1297 5701 οτι
1328 5663 1541 5709 ·ιακωο,
1566 5663 1666 5698 etc.
1928 5663 2004 5711 (υ)
2067 5663 2458 5694 βκτεΑουντων.
3144 5707 3167 5720 .

259 5663 341 5792 ἑὸ)
367 5722 622 5790 Τοιαύτη,
646 5732 748 5774 etc.
927 5788 936 5792 _
1050 5790 1058 5792 Α
1145 5789 1165 5792 _
1209 5787 1220 5792 Δ
1317 5791 1327 5792 7
1470 5784 1482 5792 ⁸
1674 5783 1684 5792 ι
1919 5711 2404 5792 φλᾞνδυσόμεθα
2445 5710 2663 5776 τούτους
2694 5711 2741 5766 δ.
2785 5729 2836 5766 τ.
2867 5710 2914 5767 8.
2953 5711 3078 5775 τοὺς
3112 5725 3206 5778 της
3239 5707 3287 5764 δ.
3316 5706 3413 5764 αὖ·

262 5781 341 5863 (6)
368 5781 646 5865 Εὖραμέν,
676 5801 801 5856 etc.,
849 5788 981 5859 πρὸς
1015 5790 1104 5844 τὸν
1135 5787 1286 5854 Θεὸν,
1311 5784 1573 5841 ’τουτέστι
1597 5783 1742 5847 τούς.
1854 5781 1946 5835 τοῦ
1981 5781 2146 5845 υἱούς.
