4110 6318
736 332 870 388 1251
1584 334 1641 392 S.
1680 337 2049 394 ATHANASII
2091 340 2241 397 OPP.
2283 341 2463 398 PARS
2501 343 2586 400 111.
2628 375 2696 386 -
2736 344 3139 401 EXEGETICA.
3827 344 3950 399 1252

804 459 890 515 11).
922 454 1045 514 Non
1077 470 1286 515 avertas
1316 460 1508 515 faciem
1538 461 1737 519 Christi
1769 468 1873 523 tui.
2321 475 2367 531 Α

2323 475 2367 531 Α
2464 470 2550 524 19.
2574 471 2664 541 Μὴ
2690 471 3035 543 ἀποστρέψῃς
3062 470 3122 523 τὸ
3146 469 3435 539 πρόσωπον
3459 465 3555 520 τοῦ
3580 463 3819 538 Χριστοῦ
3848 481 3946 518 σου.

801 550 891 606 20.
919 550 1129 607 Iuravit
1154 553 1416 609 Dominus
1444 553 1609 610 David
1641 558 1944 622 veritatem,

2473 561 2561 615 20.
2592 563 2793 633 ’Ὧμοσε
2826 562 3026 633 Κύριος
3057 563 3133 633 τῷ
3160 561 3321 614 Δαδὶδ
3350 558 3625 629 ἀλήθειαν,

802 642 890 695 21.
928 642 991 696 Et
1019 660 1125 697 non
1164 645 1513 700 frustrabilur
1538 663 1655 702 eam
1686 648 1858 722 [eum]
1901 670 1913 704 :

2470 652 2557 705 21.
2586 654 2696 705 Καὶ
2725 654 2785 706 οὑ
2817 653 2890 725 μὴ
2916 654 3164 723 άθετήσει
3190 653 3359 721 αὑτήν
3386 649 3613 721 [αὐτόν]-

803 735 891 788 22.
924 734 999 790 De
1047 736 1227 791 fructu
1279 741 1482 796 ventris
1529 741 1608 795 tui
1655 757 1852 811 ponam
1904 758 2064 812 super
2114 744 2295 799 sedem

2469 745 2557 799 22.
2602 747 2694 799 Ἐκ
2723 746 2932 816 καρποῦ
2977 746 3075 816 τῆς
3114 744 3319 807 κοιλίας
3356 760 3447 796 σου
3482 742 3717 812 θήσομαι
3749 738 3841 793 ἐπὶ
3868 737 3947 791 τοῦ

732 833 902 881 luam.

2402 837 2586 909 Θρόνου
2614 856 2726 892 σου.

798 918 889 972 25.
922 917 978 971 Si
1010 920 1359 975 custodierint
1398 921 1489 975 lilii
1533 922 1610 976 tui
1641 931 2018 978 testamentum
2055 940 2253 990 meum,

2468 929 2555 981 25.
2590 929 2713 981 Ἐὰν
2742 928 3076 998 φυλάξωνται
3096 930 3145 980 οἱ
3170 927 3272 979 υἱοί
3299 943 3389 979 σου
3424 927 3521 997 τὴν
3545 924 3815 993 διαθήκην
3843 940 3947 991 μου.

799 1011 889 1065 2i.
923 1011 987 1065 Et
1018 1014 1322 1067 testimonia
1354 1030 1473 1068 mea
1508 1017 1643 1077 haac,
1674 1031 1792 1084 quae
1814 1018 2017 1071 docebo
2048 1034 2165 1084 eos,

2466 1018 2554 1073 24,
2588 1020 2693 1071 Καὶ
2718 1020 2783 1071 τὰ
2817 1019 3087 1089 μαρτύριά
3122 1034 3219 1087 μου
3250 1016 3439 1075 ταῦτα,
3465 1015 3499 1068 ὃ.
3520 1013 3719 1077 διδάξω
3750 1013 3948 1070 αὐτοὺς,

799 1100 890 1157 25.
926 1102 989 1157 Et
1032 1104 1124 1157 lilii
1172 1120 1362 1158 eorum
1410 1120 1584 1174 usque
1630 1106 1683 1159 in
1736 1108 1993 1162 saeculum
2033 1109 2294 1164 sedebunt

2466 1104 2554 1159 25.
2588 1102 2695 1158 Καὶ
2737 1109 2785 1159 οἱ
2826 1108 2931 1159 υἱοὶ
2957 1108 3132 1159 αὐτῶν
3159 1106 3262 1169 ἓως
3294 1104 3387 1157 τοῦ
3419 1103 3609 1164 αἰῶνος
3640 1100 3950 1155 καθιοῦνται

730 1209 893 1261 super
921 1194 1098 1248 sedem
1133 1203 1305 1249 tuam.

2398 1196 2490 1247 ἐπὶ
2522 1196 2615 1249 τοῦ
2641 1196 2827 1267 Θρόνου
2864 1214 2977 1250 σου.

798 1282 884 1336 26.
917 1282 1183 1348 Quoniam
1212 1284 1371 1354 elegit
1406 1283 1665 1339 Dominus
1693 1281 1822 1338 Sion
1857 1298 1871 1336 :

2465 1287 2553 1340 2G.
2591 1289 2709 1340 ’Ὁτι
2740 1288 3015 1353 ἐξελέξατο
3047 1289 3243 1359 Κύριος
3273 1288 3369 1359 τὴν
3394 1284 3546 1338 Σιών·

795 1377 886 1430 27.
917 1376 1085 1447 Elegit
1112 1393 1228 1431 eam
1260 1378 1312 1430 in
1344 1378 1727 1431 habitationem
1755 1378 1877 1432 sibi.

2465 1379 2553 1431 27.
2601 1379 2913 1449 ᾘρετίσατο
2942 1378 3109 1449 αὐτὴν
3137 1381 3213 1442 είς
3236 1378 3515 1431 κατοικίαν
3545 1373 3749 1443 ἐαυτῷ.

793 1467 883 1521 28.
917 1468 1042 1523 Haec
1072 1470 1284 1538 requies
1318 1485 1436 1522 mea
1470 1470 1521 1522 in
1553 1470 1810 1524 saaculum
1847 1470 2027 1524 saeculi
2063 1486 2078 1536 ;

2464 1470 2551 1525 28.
2580 1472 2725 1541 Αὕτη
2757 1472 2787 1540 ὴ
2821 1472 3157 1533 κατάπαυσίς
3190 1489 3287 1539 μου
3322 1473 3399 1533 εἰς
3423 1468 3591 1521 αἰῶνα
3620 1466 3821 1528 αἰῶνος
3840 1478 3853 1492 ⁸

793 1558 883 1611 29.
923 1557 1019 1613 llic
1048 1559 1319 1625 habitabo,
1350 1560 1611 1628 quoniam
1652 1561 1786 1629 elegi
1822 1576 1964 1618 eam.

2463 1560 2551 1614 29.
2588 1555 2711 1612 Ὧδε
2740 1563 3066 1631 κατοικήσω,
3097 1562 3177 1612 ὅτι
3212 1560 3541 1630 ᾐρετισάμην
3574 1557 3766 1626 αὑτήν.

792 1648 882 1703 50.
912 1648 1137 1704 Viduam
1174 1652 1291 1722 ejus
1326 1653 1651 1707 benedicens
1678 1653 1989 1706 benedicam
2024 1667 2039 1704 :

2462 1652 2549 1706 50.
2579 1652 2687 1721 Τὴν
2718 1652 2888 1721 χήραν
2911 1652 3077 1721 αὐτῆς
3100 1649 3333 1718 εὐλογῶν
3364 1650 3670 1717 εὐλογήσω·
3777 1700 3792 1717 .

792 1740 882 1795 51.
912 1740 1181 1812 Pauperes
1210 1744 1329 1813 ejus
1362 1744 1619 1798 saturabo
1651 1745 1901 1813 panibus.

2462 1743 2545 1795 51.
2586 1743 2724 1804 Τοὺς
2755 1744 3001 1811 πτωχοὺς
3026 1743 3190 1811 αὐτῆς
3216 1742 3464 1812 χορτάσω
3490 1741 3688 1809 ἄρτων.

796 1833 885 1886 52.
917 1834 1234 1891 Sacerdotes
1266 1835 1384 1905 ejus
1410 1834 1631 1890 induam
1662 1837 1909 1900 salutari,
2318 1843 2358 1897 Β

2318 1843 2358 1897 Β
2456 1833 2542 1887 52.
2576 1833 2711 1894 Τοὺς
2742 1833 2902 1903 ἱερεῖς
2929 1832 3094 1901 αὐτῆς
3122 1832 3322 1884 ἐνδύσω
3357 1830 3650 1900 σωτηρίαν,

795 1924 883 1977 55.
918 1925 980 1979 Et
1010 1927 1177 1981 sancti
1204 1927 1323 1997 ejus
1358 1927 1720 1983 exsultatione
1743 1928 2111 1983 exsultahunt.

2463 1926 2549 1978 55.
2588 1926 2695 1976 Καὶ
2726 1926 2774 1975 οἱ
2805 1925 2939 1976 ὅσιοι
2966 1922 3132 1993 αὐτῆς
3167 1922 3481 1989 ἀγαλλιάσει
3511 1916 3948 1989 ἁγαλλιάσονται.

795 2016 878 2071 54.
911 2017 1040 2073 llluc
1067 2020 1357 2089 producam
1394 2035 1560 2075 cornu
1594 2019 1761 2074 David
1798 2038 1809 2072 ε

2460 2019 2546 2073 54.
2596 2019 2741 2071 Ἐκεῖ
2769 2017 3070 2084 ὲξανατελῶ
3099 2017 3265 2087 κέρας
3290 2015 3366 2087 τῷ
3397 2015 3582 2069 Δαϐίδ.

1838 2227 2205 2284 ATHANASII
2245 2227 2831 2285 INTERPRETATIO.

791 2432 875 2486 19.
909 2430 1025 2486 Νοη
1054 2431 1270 2488 auferas
1300 2448 1327 2486 a
1358 2433 1511 2487 nobis
1537 2434 1764 2505 gratiam
1793 2432 1915 2488 Filii
1946 2435 2049 2490 tui.

2453 2437 2536 2492 19.
2564 2437 2652 2507 Μὴ
2676 2435 2968 2508 άντανέλῃς
2989 2434 3080 2503 ἀφ’
3097 2435 3129 2504 ή
3138 2431 3252 2503 μῶν
3273 2430 3371 2502 τὴν
3387 2430 3549 2501 χάριν
3569 2428 3661 2483 τοῦ
3683 2428 3820 2481 Υἱοῦ
3844 2443 3949 2480 σου.

786 2523 876 2589 20,
906 2524 996 2578 21.
1039 2523 1107 2579 lis
1152 2525 1341 2588 rebus,
1388 2541 1524 2594 quas
1556 2527 1801 2595 promisit
1848 2524 2110 2581 Dominus
2156 2526 2283 2581 dili-

2449 2526 2539 2588 20,
2568 2526 2656 2579 21.
2690 2528 2755 2578 Ἀ
2786 2523 3145 2595 ἐπηγγείλατο
3185 2524 3213 2575 ὁ
3264 2520 3469 2591 Κύριος
3509 2523 3622 2580 τοῖς
3666 2516 3954 2586 ἀγαπῶσιν

714 2614 966 2685 gentibus
1001 2630 1060 2669 se
1083 2657 1097 2679 ,
1149 2630 1257 2668 non
1293 2617 1528 2685 privabit
1560 2631 1653 2671 eos
1680 2633 1693 2668 :
1724 2617 1894 2670 David
1938 2618 2081 2671 enim
2118 2619 2284 2673 inter-

2380 2617 2563 2678 αύτὸν,
2598 2618 2656 2668 ού
2691 2618 2763 2688 μὴ
2807 2618 3040 2687 στερήσῃ
3069 2613 3263 2676 αύτούς
3305 2612 3403 2684 (1).
3437 2609 3616 2664 Δαϐὶδ
3638 2610 3748 2680 γάρ
3782 2612 3952 2679 ἑρμη-

714 2712 960 2776 pretatur
989 2706 1236 2761 dilectus.

2379 2704 2586 2759 νεύεται
2615 2706 2935 2775 ἀγαπητός.

786 2796 873 2850 22.
904 2797 1023 2851 Filii
1058 2799 1242 2863 vestri,
1277 2816 1414 2870 quos
1445 2801 1636 2869 paritis
1680 2817 1774 2872 per
1805 2802 2031 2873 gratiam
2079 2818 2277 2869 meam,

2447 2795 2537 2850 22.
2568 2796 2649 2848 Τὰ
2695 2797 2864 2848 τέκνα
2906 2794 3092 2865 ὑμῶν,
3136 2793 3173 2847 ά
3215 2794 3424 2847 τίκτετε
3464 2793 3552 2846 διὰ
3583 2794 3683 2863 τῆς
3731 2791 3952 2862 χάριτός

715 2887 818 2959 ipsi
873 2889 1265 2945 ltmreditabunt
1320 2908 1545 2961 regnum
1606 2894 1867 2947 cmlorum
1925 2912 1937 2946 :
1986 2894 2101 2949 haec
2152 2896 2281 2950 dicit

2379 2906 2499 2961 μου,
2544 2888 2680 2942 αὐτὰ
2713 2888 3171 2959 κληρονομήσουσι
3203 2886 3303 2958 τὴν
3345 2885 3621 2955 βασιλείαν
3643 2886 3756 2938 τῶν
3792 2886 3952 2955 οὐρα-

713 2980 964 3035 omnibus
995 2981 1315 3050 praesidibus
1349 2984 1761 3035 monachorum.

2374 2985 2497 3037 νῶψ
2528 2982 2699 3037 ταῦτα
2733 2982 2866 3054 πρὸς
2895 2981 3120 3034 ἕκαστον
3147 2980 3255 3033 τῶν
3282 2979 3601 3050 ἡγουμένων
3637 2979 3818 3046 λέγει.

781 3070 871 3132 25,
913 3069 1005 3122 24.
1052 3069 1155 3135 Qui
1206 3070 1307 3123 sub
1358 3080 1619 3139 potestate
1672 3085 1798 3127 sunt
1845 3075 2279 3146 uniuscujusque

2443 3077 2533 3140 25,
2576 3075 2668 3129 24.
2718 3075 2793 3143 (2)
2835 3074 2960 3128 Ἐάν
3002 3068 3113 3127 οἷόν
3150 3090 3210 3125 τε
3241 3071 3343 3125 ύπδ
3364 3071 3462 3142 τὴν
3492 3075 3651 3143 χεῖρα
3678 3071 3807 3131 ἑνὸς
3837 3070 3953 3122 ἑκά-

710 3171 989 3227 vestrum,
1040 3164 1085 3215 si
1137 3162 1367 3217 habeant
1418 3164 1471 3217 in
1515 3165 1680 3219 corde
1734 3182 1834 3221 suo
1894 3175 2275 3223 testamentum

2378 3184 2501 3220 στου
2529 3166 2680 3237 ὑμῶν
2710 3166 2902 3235 ἔχωσιν
2938 3167 2994 3217 ἐν
3024 3168 3087 3235 τῇ
3123 3165 3320 3236 καρδίᾳ
3346 3163 3524 3217 αὐτῶν
3549 3165 3649 3233 τὴν
3688 3162 3955 3233 διαθήκην

712 3270 915 3320 meum,
950 3265 1002 3309 et
1046 3255 1145 3310 has
1191 3271 1339 3310 meas
1386 3258 1703 3325 passiones,
1756 3274 1892 3327 quas
1942 3269 2000 3313 ut
2040 3259 2272 3327 discant,
2302 3240 2335 3299 (ἶ

2333 3243 2344 3296 ί
2381 3275 2501 3330 μου,
2532 3259 2623 3311 καὶ
2652 3258 2717 3311 τὰ
2748 3256 3046 3327 παθήματά
3076 3273 3175 3326 μου
3200 3256 3374 3309 ταῦτα
3393 3296 3407 3319 ,
3434 3255 3470 3308 ἃ.
3502 3255 3729 3323 φωτίσω
3761 3255 3956 3313 αὐτοὺς

709 3362 806 3402 eos
834 3348 1081 3401 illumino
1112 3348 1283 3417 gratia
1312 3363 1430 3401 mea
1456 3363 1470 3411 ;

2379 3354 2572 3406 εἰδέναι
2604 3353 2690 3406 διὰ
2719 3353 2817 3421 τῆς
2849 3352 3068 3424 χάριτός
3094 3369 3215 3422 μου.

782 3440 871 3493 25.
910 3440 974 3492 Et
1005 3440 1058 3493 in
1093 3442 1483 3509 sempiternum
1510 3456 1671 3511 opera
1703 3441 1930 3512 justitia:
1969 3458 2155 3499 eorum
2186 3462 2275 3501 re-

2445 3443 2534 3496 25.
2564 3444 2671 3495 Καὶ
2698 3442 2766 3495 τὰ
2794 3441 2930 3512 ἔργα
2970 3443 3069 3514 τῆς
3109 3438 3450 3510 δικαιοσύνης
3482 3438 3662 3491 αὐτῶν
3702 3435 3954 3507 βασιλεύ-

712 3532 973 3600 gnabunL

2378 3553 2527 3589 σουσι
2558 3536 2943 3605 ἀτελευτήτως.

781 3624 869 3681 26.
901 3625 1166 3692 Quoniam
1193 3626 1351 3697 elegit
1378 3626 1640 3683 Dominus
1666 3644 1760 3683 cor
1784 3629 1988 3683 faciens
2011 3641 2272 3700 praecepta

2442 3623 2529 3677 26.
2565 3626 2683 3677 ’Ότι
2718 3623 2995 3688 ἐξελέξατο
3021 3624 3223 3696 Κύριος
3267 3622 3491 3693 καρδίαν
3534 3622 3635 3691 τὴν
3689 3621 3954 3674 ποιοῦσαν

709 3731 809 3772 sua
842 3733 855 3770 :
889 3716 1018 3771 Sion
1068 3718 1212 3770 enim
1261 3718 1647 3787 interpretatur
1693 3718 1940 3786 specula,
1987 3720 2145 3787 quale
2193 3726 2275 3774 est

2371 3716 2467 3781 τὰς
2501 3717 2717 3779 ἐντολὰς
2738 3716 2902 3770 αὐτοῦ
2922 3734 2936 3748 ⁸
2974 3716 3126 3770 Σιὼν
3156 3716 3263 3784 γάρ
3292 3712 3654 3785 ἑρμηνεύεται
3681 3729 3952 3766 σκωπευ-

708 3826 827 3866 cor.
2371 3808 2593 3876 τήριον,
2620 3810 2754 3878 ὅπερ
2779 3809 2926 3860 ἐστὶν
2960 3810 2991 3879 ή
3022 3806 3236 3878 καρδία.

778 3901 867 3955 27.
899 3900 958 3955 ln
991 3902 1082 3955 tali
1114 3900 1273 3956 corde
1300 3902 1526 3959 libenter
1560 3902 1884 3956 mhabitabit
1905 3900 2069 3957 Deus.

2439 3901 2527 3955 27.
2553 3900 2642 3953 Ἐν
2680 3903 2747 3971 τῇ
2795 3900 3016 3971 τοιαύτῃ
3060 3898 3258 3971 καρδίᾳ
3293 3897 3462 3968 ήδὲως
3502 3897 3784 3967 ἐνοικήσει
3828 3896 3903 3958 (5)
3928 3896 3954 3947 ὁ

2369 3994 2519 4057 Θεός.

773 4080 862 4136 28.
895 4079 1250 4151 Requiescam
1286 4082 1338 4136 in
1374 4081 1469 4136 tali
1509 4082 1690 4147 corde,
1718 4088 1770 4135 et
1809 4096 1976 4147 nunc,
2007 4089 2062 4137 et
2095 4080 2148 4135 in
2181 4079 2267 4134 fu—

2438 4088 2526 4142 28.
2567 4086 2969 4157 Ἀναπαύσομαι
2998 4088 3054 4139 ὲν
3078 4089 3145 4158 τῇ
3176 4083 3397 4157 τοιαύτῃ
3424 4082 3624 4154 καρδίᾳ
3653 4083 3756 4135 καὶ
3786 4084 3850 4135 ὲν
3881 4081 3952 4150 τῷ

706 4183 761 4229 tu
771 4192 828 4228 ro
860 4176 1077 4229 saeculo.

2365 4180 2478 4245 νῦν,
2515 4182 2609 4233 καὶ
2640 4183 2695 4232 ὲν
2722 4179 2798 4249 τῷ
2835 4180 3075 4250 μέλλοντι
3110 4177 3282 4232 αἰῶνι.

773 4268 863 4323 29.
896 4267 949 4320 ln
998 4269 1113 4336 ipso
1154 4266 1489 4331 inbabitabo,
1520 4276 1573 4321 et
1608 4266 1977 4333 inambulabo,
2006 4268 2265 4337 quoniam

2434 4270 2521 4323 29.
2563 4270 2652 4322 Ἐν
2690 4271 2825 4340 αὐτῇ
2872 4269 3179 4338 ὲνοικήσω,
3215 4266 3308 4318 καὶ
3348 4266 3826 4336 ὲμπεριπατήσω,
3872 4266 3947 4317 δτι

702 4356 863 4411 dilexi
895 4357 1045 4409 illud.

2365 4360 2625 4431 ἠγάπησα
2651 4361 2820 4430 αύτήν

771 4447 858 4501 50.
894 4448 1022 4516 Ejus
1052 4446 1473 4517 hospitalitatem
1509 4447 1837 4502 benedicens
1866 4447 2203 4502 benedicam.

2098 4463 2203 4501 am.
2433 4454 2521 4506 50.
2554 4453 2625 4505 Τὸ
2663 4452 2933 4521 φιλόξενον
2957 4452 3125 4521 αὐτῆς
3154 4448 3389 4518 εὐλογῶν
3414 4448 3714 4518 εὐλογήσω.

772 4539 833 4593 51
894 4538 1357 4594 Mansuetudinem
1397 4539 1535 4609 ejus,
1587 4549 1641 4593 et
1685 4539 1963 4594 silentium
2007 4541 2261 4596 saturabo
2292 4604 2330 4617 ﬁ

2324 4610 2330 4617 λ
2433 4545 2520 4599 51.
2548 4545 2621 4597 Τὸ
2646 4547 2819 4617 πρᾶον
2849 4544 3015 4616 αὐτῆς
3048 4544 3142 4598 καὶ
3166 4542 3387 4615 ήσύχιον
3428 4542 3681 4615 χορτάσω
3715 4542 3838 4595 τῶν
3867 4543 3947 4595 λο-

690 4633 932 4706 ,eloquiis
963 4634 1120 4688 meis.
1426 4604 1440 4609 ⁷
1523 4604 1531 4608 ⁷
2292 4604 2313 4658 Ῑ

1025 4634 1120 4688 eis.
1426 4604 1440 4609 ⁷
1523 4604 1531 4608 ν
2292 4604 2335 4658 D
2364 4637 2496 4707 γίων
2527 4654 2648 4705 μου.

770 4728 858 4784 52.
891 4726 1303 4797 Deprecationes
1335 4726 1471 4796 ejus,
1520 4733 1572 4780 et
1615 4727 2037 4796 supplicationes
2088 4728 2260 4783 salute

2434 4730 2522 4783 52.
2558 4730 2667 4792 Τάς
2694 4728 2906 4800 δεήσεις
2934 4728 3121 4798 αὐτῆς,
3152 4726 3245 4780 καὶ
3272 4725 3480 4788 ἱκεσίας
3516 4723 3810 4796 περιϐαλῶ
3849 4743 3949 4777 σω-

700 4820 1070 4874 circumdabo.

952 4820 1070 4874 abo.
2363 4823 2575 4893 τηρίαν.

768 4914 856 4967 55.
885 4913 949 4967 Ει
978 4929 1137 4982 Opera
1170 4913 1289 4984 ejus
1319 4913 1666 4969 immaculata
1704 4915 1758 4967 in
1794 4928 1962 4983 regno
1991 4915 2255 4969 cmlorum

2432 4913 2518 4968 55.
2552 4914 2661 4967 Καὶ
2687 4913 2753 4968 τὰ
2790 4913 2925 4986 ἔργα
2960 4914 3130 4983 αὐτῆς
3157 4911 3227 4965 τὰ
3259 4911 3463 4983 ἄμωμα
3504 4911 3564 4962 ἐν
3590 4914 3660 4981 τῇ
3692 4909 3946 4981 βασιλείᾳ

697 5004 1064 5059 exsultabant.

2358 5007 2469 5061 τῶν
2498 5007 2739 5077 οὐρανῶν
2764 5005 3198 5075 άγαλλιάσονται.

766 5096 855 5150 54.
886 5095 941 5149 In
986 5112 1217 5166 superna
1261 5097 1566 5153 Jerusalem
1614 5098 1861 5153 excitabo
1913 5114 2138 5169 regnum
2199 5099 2253 5153 in

2428 5100 2517 5155 54.
2561 5102 2646 5153 Ἐν
2675 5103 2741 5169 τῇ
2782 5100 2893 5153 ἄνω
2931 5096 3283 5170 Ἰερουσαλὴμ.
3320 5095 3627 5161 ὲξανατελῶ
3657 5101 3761 5165 τήν
3793 5095 3943 5165 βασι·

696 5188 894 5257 pnpulo
922 5188 1224 5245 desiderato
1253 5208 1267 5243 :
1304 5189 1469 5244 David
1512 5192 1656 5245 enim
1700 5192 2086 5262 interpretatur
2110 5192 2251 5245 desi-

2355 5193 2500 5246 λείαν
2523 5193 2600 5263 τῷ
2627 5192 2740 5262 λαῷ
2764 5191 2842 5261 τῷ
2866 5190 3233 5263 πεποθημένῳ
3251 5208 3265 5222 ο
3294 5187 3471 5243 Δαϐὶδ
3498 5188 3607 5259 γὰρ
3635 5190 3946 5261 ἑρμηνεῦσι

696 5290 775 5331 rat
783 5296 861 5336 us.

2353 5303 2440 5338 ται
2473 5284 2902 5353 πεποθημένος.

1644 5507 1947 5569 Addenda
1979 5516 2040 5569 et
2070 5507 2452 5586 corrigenda,
2487 5523 2565 5566 ex
2598 5504 2736 5567 cod.
2776 5502 2971 5565 Vatic.

762 5687 838 5764 (1)
868 5688 1185 5764 ἑῦτρἳθὲα-
1280 5761 1346 5764 η
1512 5763 1519 5764 ,
1594 5742 1665 5764 ,.
2352 5712 2385 5747 π

1332 5762 1346 5764 -
1512 5763 1519 5764 ,
1594 5762 1600 5764 ,
1648 5742 1665 5762 δ
2352 5693 2648 5764 παθήματά
2682 5709 2802 5762 μου,
2835 5701 2931 5746 etc.

762 5758 838 5827 (2)
868 5758 929 5812 Ν.
964 5760 1052 5815 25.
1092 5762 1214 5816 Ἐὰν
1247 5761 1293 5815 oi.
1330 5762 1472 5826 ὅντες
1502 5762 1624 5822 ὑπό.
1648 5758 1756 5820 etc.
1788 5764 1850 5818 Ν.
1878 5764 1965 5819 24.
2003 5762 2109 5819 Καὶ
2160 5765 2224 5818 τά

1330 5762 1472 5826 ὅντες
1502 5762 1624 5822 ὑπό.
1648 5758 1756 5820 etc.
1788 5764 1850 5818 Ν.
1878 5764 1965 5819 21.
2003 5762 2109 5819 Καὶ
2160 5765 2224 5818 τὰ
2404 5758 2778 5836 (5)”Ἐνοικεῐ,
2807 5772 2926 5839 etC.‘
