4052 6332
743 351 880 405 1ἳ55

1583 349 1636 400 S.
1674 345 2042 401 ATHANASII
2082 345 2231 401 OPP.
2274 343 2455 399 PARS
2495 343 2578 399 111.
2618 374 2687 386 -
2721 344 3126 404 ΕΧΕΟΕΤΙΟΑ.

3832 353 3948 407 1255

1856 466 2225 522 ATllANASlI
2267 461 2842 519 ΙΝΤΕΒΡΒΕΤΑἹΊΟ.

738 583 937 645 Aaron,
974 583 1046 636 ita
1095 591 1243 646 sunt,
1278 591 1331 636 et
1362 598 1449 652 qut
1493 583 1693 636 mundo
1739 584 2033 638 morientes
2069 585 2169 652 ipsi
2211 598 2295 636 re-

2399 576 2616 648 ὲχρίσθη
2669 575 2894 646 Ἀαρὼν,
2927 574 3096 638 οὕτως
3123 576 3228 627 είσὶ
3255 577 3348 628 καὶ⁸
3384 578 3432 628 οἱ
3469 576 3870 646 ἀπονηξάμενοι
3894 582 3955 647 τῷ

739 676 1073 735 nuntiarunt,
1092 683 1144 725 et
1172 674 1451 726 unanimes
1477 683 1621 726 sunt.
1645 671 1776 726 Nam
1807 674 1931 726 illud
1962 689 2290 744 unguentum

738 766 1160 834 componebatur
1183 781 1246 818 ex
1277 766 1514 835 myrrha,
1542 773 1594 817 ct
1620 765 1984 829 cinnamomo,
2009 775 2060 818 et
2088 767 2294 819 calamo

739 858 872 910 bene
906 857 1090 918 olenti,
1121 866 1172 910 et
1196 857 1326 910 iride
1358 857 1432 927 (a)
1459 876 1471 911 :
1500 859 1610 910 haec
1640 859 1785 910 enim
1837 860 2202 914 miscebantur
2239 860 2290 911 in

739 949 876 1011 oleo,
906 960 1064 1016 alque
1096 950 1162 999 ita
1195 949 1352 1001 tiebat
1378 959 1708 1015 unguentum
1741 957 2159 1017 unguentorum,
2186 964 2293 1017 quo

740 1040 1039 1108 ungebatur
1081 1040 1350 1099 sacerdos.
1380 1055 1501 1092 cum
1532 1040 1844 1092 iuitiabatur
1890 1042 1955 1092 ad
1992 1055 2142 1092 sacra
2185 1039 2292 1092 Deo

740 1129 980 1182 facienda
1009 1148 1020 1180 ι
1055 1130 1124 1180 ita
1169 1129 1310 1180 enim
1344 1139 1670 1196 pt'aaceperat
1710 1128 1849 1181 Deus
1880 1128 2043 1198 Moysi
2073 1131 2124 1182 in
2153 1131 2292 1184 libro

738 1217 905 1271 Exodi
933 1220 995 1271 ⁸⁵.
1023 1218 1236 1288 Myrrha
1275 1220 1434 1289 igitur
1484 1222 1862 1288 interpretatur
1905 1232 2176 1272 concentus
2210 1238 2293 1272 eo-

740 1327 886 1374 rum;
915 1315 1297 1364 cinnamomum
1328 1323 1503 1364 autem
1539 1314 1790 1370 possessio
1816 1312 2182 1372 immaculata;
2207 1330 2294 1364 ca-

740 1404 908 1454 lamus
935 1417 1059 1454 vero
1083 1403 1373 1453 benevolens
1398 1413 1476 1454 est
1500 1399 1732 1468 Spiritus
1763 1411 1995 1454 sanctus.
2036 1400 2293 1454 Dominus

737 1495 878 1546 enim
915 1493 1126 1559 inquit:
1161 1492 1366 1560 Lingua
1413 1509 1522 1544 mea
1564 1492 1800 1544 calamus
1846 1493 2031 1545 scriba:
2055 1492 2294 1545 velociter

736 1586 1010 1636 scribentis
1043 1585 1108 1648 ⁸⁸,
1137 1584 1341 1636 scilicet
1388 1581 1650 1651 Spiritus;
1684 1585 1774 1634 iris
1811 1597 1989 1636 autem
2032 1585 2295 1653 interpre-

737 1684 880 1728 tatur
913 1675 1207 1744 vigilantia.
1238 1673 1311 1727 lta
1345 1675 1509 1742 igitur
1540 1674 1700 1726 etiam
1752 1674 1836 1726 isti
1879 1676 2165 1742 compositi
2200 1691 2294 1728 ex-

737 1767 965 1829 sistunt,
1005 1765 1406 1826 renuntiantes,
1452 1767 1694 1832 inquam,
1739 1765 1938 1817 mundo
1995 1765 2290 1818 secundum

739 1856 926 1918 Deum,
955 1866 1169 1924 propter
1198 1870 1384 1908 eorum
1421 1865 1764 1916 concentum,
1795 1854 1938 1923 quod
1974 1857 2292 1924 interpreta-

2397 671 2582 738 κόσμῳ
2605 667 3013 729 καταθανόντες,
3047 669 3139 718 καὶ
3165 669 3211 718 οἱ
3241 667 3392 729 ὄντες
3444 669 3728 736 δμὸψυχοι.
3771 651 3956 721 Ἐκεῖνο

2392 761 2497 829 γὰρ
2522 761 2580 811 τὸ
2615 758 2780 829 μύρον
2807 759 3204 810 κατεσκεύαστο
3236 759 3339 809 ἀπὸ
3369 757 3635 828 σμύρνης,
3670 760 3765 809 καὶ
3787 777 3954 809 κιννα-

2397 852 2606 920 μώμου,
2635 853 2728 902 καὶ
2755 849 2998 918 καλάμου
3032 848 3282 911 εὐώδους,
3320 850 3411 901 καὶ
3474 850 3658 919 ἴρεως·
3717 850 3957 917 spirat:

2391 943 2497 1012 γὰρ
2529 941 2697 994 ταῦτα
2723 943 2777 992 ὲν
2812 939 2995 1008 ἐλαίῳ,
3043 938 3136 990 καὶ
3190 939 3394 1005 ἐγίνετο
3441 938 3609 1007 μύρον
3650 938 3951 1005 μυρεψικὸν·

2390 1034 2482 1085 καὶ
2505 1033 2676 1101 τούτῳ
2706 1032 2955 1101 ἐχρίσατο
2977 1034 3004 1083 ὁ
3030 1033 3070 1081 ἰε
3082 1031 3223 1097 ρεὺς,
3245 1032 3368 1082 ὅταν
3391 1029 3801 1099 προεχειρίζετο
3830 1032 3955 1096 ἱερα-

2390 1124 2561 1176 τεύειν
2590 1123 2666 1192 τῷ
2693 1123 2829 1192 Θεῷ·
2864 1122 3002 1174 οὕτω
3034 1123 3141 1190 γὰρ
3178 1118 3244 1190 ἦν
3291 1120 3596 1189 προστάξας
3648 1123 3674 1170 ὁ
3707 1119 3839 1181 Θεὸς
3893 1121 3955 1186 τῷ

2389 1217 2612 1270 Μωῦσεί
2642 1218 2697 1266 ὲν
2727 1218 2791 1284 τῇ
2835 1213 2996 1282 βίϐλῳ
3041 1215 3138 1281 τῆς
3179 1213 3405 1277 Ἐξὸδου.
3449 1210 3847 1281 Ἐρμηνεύεται
3877 1207 3953 1260 οἷν

2390 1309 2625 1376 σμύρνα
2636 1308 2896 1376 μελῳδία
2911 1303 3122 1358 αὐτῶν·
3142 1303 3515 1372 κιννάμωμον
3527 1304 3582 1354 δὲ
3601 1303 3952 1371 ἑρμηνεύετπι

2390 1400 2584 1462 κτίσις
2605 1399 2859 1465 ἄμωμος·
2883 1395 3146 1463 κάλαμος
3165 1396 3219 1447 δὲ
3253 1393 3474 1459 εὐώδης
3499 1394 3616 1445 ἐστὶ
3642 1394 3709 1446 τὸ
3734 1394 3953 1460 Πνεῦμα

2390 1487 2453 1538 τὸ
2493 1487 2678 1554 ἅγιον·
2730 1489 2758 1539 ὁ
2807 1487 2914 1556 γὰρ
2969 1485 3171 1556 Κύριός
3211 1500 3394 1553 φησιν·
3453 1485 3524 1537 ’ῐΙ
3562 1482 3820 1551 γλῶσσά
3852 1502 3952 1551 μου

2391 1576 2658 1644 κάλαμος
2714 1577 3085 1645 γραμματέως
3145 1575 3521 1644 όξυγράςεου,
3596 1576 3848 1626 τουτέπι
3905 1577 3952 1626 τὸ

2392 1667 2630 1736 Πνεῦμα·
2675 1668 2867 1735 ιερέως
2901 1663 3054 1738 [ἶρις]
3104 1668 3159 1720 δὲ
3183 1668 3538 1739 ἑρμηνεύεται
3582 1670 3950 1733 γρηγτζρῆσις.

2391 1758 2574 1821 Οὕτως
2596 1757 2686 1812 οὖν
2714 1760 2806 1812 καὶ
2830 1754 2972 1812 οὗτοι
3003 1760 3297 1829 ὑπάρχουσι
3329 1747 3705 1828 συγκείμενοι,
3748 1760 3883 1825 λέγω
3905 1760 3952 1824 δῆ

2391 1851 2439 1901 οἱ
2494 1850 2887 1919 ἀποταξάμενοι
2941 1850 3078 1902 κατὰ
3127 1849 3256 1900 Θεὸν
3302 1849 3387 1900 διὰ.
3440 1849 3718 1918 μελῳδίας
3771 1849 3952 1907 αὐτῶν,

737 1957 822 1998 tur
853 1945 1091 2014 myrrha;
1123 1953 1175 1997 et
1209 1954 1424 2012 propter
1474 1946 1872 2012 possessionem
1920 1947 2290 1998 immaculata-

2393 1942 2526 2011 ὅπερ
2554 1940 2910 2011 ἑρμηνεύεται
2939 1943 3191 2008 σμύρνα·
3221 1940 3311 1992 καὶ
3351 1939 3438 1991 διὰ
3461 1939 3559 2008 τῆς
3594 1942 3844 2008 κτήσεως
3869 1942 3956 1991 τιῖιν

737 2055 855 2091 rum
888 2053 1106 2090 suarum
1132 2041 1526 2104 operationum,
1548 2036 1689 2104 quod
1719 2037 2094 2102 interpretatur
2114 2037 2295 2088 cinna-

737 2143 994 2189 momum;
1035 2138 1086 2180 et
1126 2135 1340 2195 propter
1362 2134 1585 2194 gratiam
1620 2125 1849 2193 Spiritus
1876 2126 2067 2187 sancti,
2096 2127 2187 2194 qui
2214 2136 2296 2180 est

736 2217 974 2270 calamus
1009 2219 1336 2275 benevolens;
1375 2226 1426 2270 et
1463 2226 1674 2285 propter
1712 2217 1905 2270 anima:
1944 2218 2292 2286 vigilantiam,

736 2328 895 2380 quam
931 2312 1193 2380 signiﬁcat
1240 2311 1389 2364 iridis
1427 2327 1639 2363 nomen.
1671 2309 1793 2362 Haec
1828 2310 1988 2377 igitur
2016 2311 2292 2375 habentes,

735 2404 831 2472 qui
862 2407 1062 2457 mundo
1095 2405 1428 2464 renuntiant,
1454 2404 1659 2456 scilicet
1692 2411 2013 2454 concentum
2050 2405 2188 2454 inter
2217 2403 2295 2471 ip-

740 2512 834 2551 sos
873 2507 926 2549 et
975 2497 1367 2565 possessionem
1414 2494 1879 2547 itnmaculatarum
1923 2495 2213 2557 actionum,
2243 2504 2295 2547 et

740 2587 1090 2655 ﬂagrantium
1119 2587 1301 2657 gratim
1322 2627 1336 2650 ,
1367 2597 1419 2640 et
1450 2588 1798 2654 vigilantiam,
1828 2587 2054 2638 miscent
2080 2603 2140 2639 ca
2171 2605 2292 2640 cum

740 2679 1132 2738 misericordia,
1155 2689 1204 2730 et
1235 2678 1292 2731 fit
1327 2687 1656 2747 unguentum
1694 2678 1799 2732 Deo
1828 2681 1878 2731 in
1911 2682 2129 2733 odorem
2163 2696 2292 2733 sua-

737 2770 936 2823 vitatis.
972 2769 1257 2837 Propterea
1297 2770 1458 2839 igitur
1491 2771 1756 2824 assimilat
1796 2786 1888 2824 eos
1917 2783 2187 2840 unguento
2214 2771 2293 2824 ef-

738 2857 859 2913 fuso
906 2860 956 2912 in
1003 2870 1162 2928 caput
1213 2862 1529 2915 sacerdotis.
1564 2863 1736 2914 Aliam
1772 2864 1931 2915 etiam
1969 2866 2290 2930 interpreta-

739 2952 938 3006 tionem
991 2955 1232 3021 accipere
1281 2964 1504 3020 possunt
1555 2954 1712 3004 iitlem
1777 2953 1967 3021 psalmi
2021 2954 2287 3006 versiculi.

739 3041 871 3096 Nam
905 3059 1023 3094 cutn
1061 3053 1391 3110 unguentum
1432 3043 1656 3095 electum
1702 3043 1992 3095 elquditur
2033 3044 2086 3094 in
2134 3052 2293 3110 caput

740 3133 1056 3194 sacerdotis,
1107 3133 1408 3185 necCSsario
1450 3134 1724 3187 descendit
1783 3134 1833 3186 in
1876 3135 1993 3202 ejus
2046 3134 2288 3195 barbam,

735 3225 1187 3293 quemadmodum
1231 3225 1367 3276 dixit
1409 3225 1644 3292 psalmus
1681 3244 1691 3277 :
1726 3235 1778 3277 et
1821 3225 1873 3276 in
1932 3227 2288 3292 superhume-

2397 2030 2570 2101 ἔργων
2593 2029 2766 2083 αὐτῶν
2789 2030 2894 2081 τῶν
2923 2029 3184 2099 ἀμωμων,
3204 2031 3338 2099 ὅπερ
3357 2029 3731 2099 ἑρμηνεύεται
3764 2029 3828 2082 τό
3850 2050 3956 2082 κογ-

2395 2122 2691 2190 νάμωμον·
2724 2124 2816 2173 καὶ
2848 2122 2932 2173 διὰ
2957 2124 3053 2191 τῆς
3076 2124 3291 2192 χάριτος
3319 2122 3407 2173 τού
3436 2122 3596 2189 ἁγίου
3631 2122 3954 2191 Πνεύματος,

2395 2212 2529 2280 ὅπερ
2559 2212 2702 2262 ἐστὶν
2738 2215 2768 2264 d
2800 2211 3063 2279 κάλαμος
3093 2215 3123 2264 ό
3151 2210 3391 2277 εὐώδης·
3425 2212 3520 2263 καὶ
3545 2210 3636 2263 διὰ
3677 2215 3781 2281 τῆς
3813 2215 3955 2279 ἐγρη-

2395 2301 2634 2370 γόρσεως
2656 2302 2752 2370 τῆς
2801 2302 2997 2370 ψυχῆς,
3031 2305 3163 2372 ὅπερ
3186 2302 3498 2372 ἡρμηνεύθη
3526 2304 3589 2355 τὸ
3627 2303 3728 2354 τοῦ
3791 2303 3957 2371 ἱερέως

2394 2390 2580 2459 ὄνομα.
2617 2391 2796 2444 Ταῦτα
2824 2388 2914 2443 οὖν
2941 2391 3149 2460 ἔχοντες
3177 2395 3223 2443 οἱ
3259 2395 3694 2463 ἀποταξάμενοι,
3738 2394 3833 2463 τὴν
3881 2411 3959 2462 με.

2394 2479 2584 2546 λῳδίαν
2607 2480 2801 2543 αὐτῶν,
2826 2482 2916 2533 καὶ
2933 2483 3028 2551 τὴν
3047 2483 3232 2552 κτῆσιν
3249 2483 3354 2534 τῶν
3374 2485 3550 2554 ἔργων
3574 2487 3687 2539 τῶν
3707 2488 3956 2558 ὰ

2397 2571 2485 2621 καὶ
2506 2571 2602 2639 τὴν
2632 2572 2856 2624 εὐωδίαν
2907 2573 3006 2641 τῆς
3060 2575 3292 2644 χάριτος,
3334 2578 3426 2628 καὶ
3479 2577 3580 2646 τὴν
3617 2581 3956 2649 ἐγρήγορσιν,

2398 2661 2676 2729 μίσγουσιν
2709 2662 2847 2713 αὐτὰ
2874 2661 3226 2734 ἐλεημοσύνη,
3265 2668 3354 2716 καὶ
3401 2665 3514 2718 ἔστι
3547 2668 3727 2737 μύρον
3757 2671 3831 2738 τῷ
3859 2672 3960 2736 Θεῷ

2393 2753 2470 2815 εἰς
2530 2752 2700 2821 ὀσμὴν
2757 2754 2998 2816 εὐωδίας.
3057 2755 3154 2807 Διὰ
3214 2757 3371 2809 τοῦτο
3432 2754 3523 2810 οὖν
3586 2761 3801 2829 ἁπηκλ.
3841 2802 3854 2814 .
3895 2804 3955 2815 ..

2395 2841 2722 2912 [ἀπεικάζει]
2755 2846 2947 2906 αύτοῦς
3008 2844 3081 2914 τῷ
3116 2845 3270 2915 μύρῳ
3303 2849 3381 2917 τῷ
3433 2849 3694 2919 βληθέντι
3735 2854 3828 2903 ἐπὶ
3875 2856 3958 2922 τὴν

2393 2934 2629 3004 κεφαλὴν
2658 2935 2748 2986 τοῦ
2787 2936 2995 3005 ἱερέως.
3026 2935 3128 2988 Καὶ
3166 2937 3328 3008 ἄλλην
3380 2939 3434 2990 δὲ
3479 2941 3790 3008 ἑρμηνείαν
3826 2945 3959 3011 ἐχου-

2394 3042 2474 3078 σιν
2505 3029 2549 3078 οἱ
2580 3027 2729 3079 αὐτοὶ
2758 3028 2951 3096 στίχοι.
2993 3029 3182 3082 Ἠνίκα
3214 3029 3319 3100 γὰρ
3367 3031 3559 3100 ἐπέχεε
3597 3035 3657 3084 τὸ
3703 3035 3872 3104 μύρον
3913 3037 3961 3085 τὸ

2392 3119 2690 3189 προλεχθὲν
2719 3121 2812 3170 ἐπὶ
2843 3120 2936 3189 τὴν
2968 3122 3206 3191 κεφαλὴν
3262 3122 3350 3174 τοῦ
3389 3124 3600 3194 ἱερέως,
3657 3126 3961 3193 ἀναγκαίως

2393 3210 2582 3278 κατῄει
2623 3211 2712 3260 ἐπὶ
2740 3209 2828 3260 τὸν
2858 3210 3091 3276 πώγωνα
3142 3213 3302 3265 αὑτοῦ
3329 3216 3389 3266 τὸ
3418 3215 3610 3284 μύρον,
3666 3217 3857 3280 καθὼς
3898 3220 3961 3268 εἴ·

739 3317 849 3370 rale
883 3354 898 3378 ,
949 3316 1091 3385 quod
1163 3316 1278 3382 ejus
1343 3316 1538 3368 collum
1609 3315 1831 3378 circuit,
1884 3325 1937 3368 et
1989 3316 2293 3368 necessario

2399 3314 2560 3367 ρηκεν
2588 3300 2615 3349 ὁ
2637 3298 2868 3369 ψαλμὸς,
2901 3305 2993 3351 καί
3021 3299 3110 3351 ἐπὶ
3148 3301 3205 3352 τὸ
3237 3304 3584 3372 περιστόμιον
3624 3306 3690 3357 τὸ
3747 3308 3964 3359 κυκλοίν

735 3420 961 3477 utraque
1026 3418 1297 3476 unguento
1373 3408 1704 3472 implentur,
1765 3408 1927 3460 barba
1995 3409 2198 3461 scilicet
2241 3417 2293 3461 et

736 3515 830 3553 ora
857 3499 1162 3552 vestimenti
1200 3499 1336 3566 ejus.
1374 3496 1449 3550 lla
1496 3500 1674 3566 igitur,
1714 3499 1922 3566 inquit,
1967 3511 2093 3552 sunt
2130 3501 2290 3553 etiam

736 3588 830 3656 qui
882 3588 1205 3640 unanimiter
1263 3588 1558 3641 secundum
1629 3587 1794 3641 Deum
1848 3591 2046 3642 mundo
2092 3606 2292 3643 renun-

735 3683 902 3743 tiant;
942 3680 1233 3733 elfuuditur
1267 3681 1409 3733 enim
1460 3682 1511 3732 in
1544 3682 1688 3748 ipsos
1738 3680 1970 3748 Spiritus
2013 3693 2232 3736 sanctus
2261 3699 2290 3736 a

738 3769 866 3831 Deo,
899 3771 990 3839 qui
1035 3781 1116 3823 est
1147 3779 1477 3837 unguentum
1521 3771 1820 3837 Spirituale,
1857 3780 1910 3824 et
1960 3771 2292 3826 descendens

736 3862 790 3913 in
842 3870 1034 3929 caput.
1066 3861 1169 3915 hoc
1212 3871 1294 3914 est
1343 3861 1394 3913 in
1440 3874 1694 3927 mentem,
1728 3861 1911 3930 implet
1967 3864 2137 3931 gratia
2195 3879 2290 3916 sua

734 3951 896 4005 etiam
928 3953 1181 4008 minimos
1228 3954 1405 4006 cordis
1434 3969 1645 4018 sensus,
1686 3955 1849 4009 veluti
1897 3957 2140 4011 barbam.
2177 3957 2293 4012 Cir-

734 4064 1047 4133 cutnimplet
1100 4066 1260 4119 etiam
1293 4067 1590 4122 dulcedinis
1619 4068 1862 4123 doctrina
1899 4070 2153 4133 animam,
2179 4089 2294 4141 per-

737 4157 861 4209 inde.
906 4173 968 4209 ac
998 4174 1148 4210 oram
1201 4159 1526 4218 vesdmenti,
1565 4170 1621 4212 ut
1659 4161 1843 4216 dicat:
1887 4161 2085 4217 Christi
2130 4165 2291 4217 bonus

739 4248 868 4300 odor
893 4265 1069 4300 sumus
1094 4251 1146 4301 in
1171 4249 1257 4313 iis,
1286 4251 1374 4317 qui
1408 4250 1540 4302 salvi
1567 4251 1779 4318 ﬁunt".
1803 4251 2012 4307 Rursus
2045 4255 2291 4307 animad-

743 4347 946 4392 vertere
994 4340 1136 4400 licet,
1173 4340 1313 4404 quod
1345 4352 1555 4408 propter
1606 4342 1708 4395 hoc
1743 4343 1881 4396 idem
1932 4354 2290 4414 unguentum,

740 4441 1012 4498 unguento
1054 4431 1127 4484 illi
1175 4447 1268 4485 eos
1307 4433 1644 4499 assimilavit,
1672 4436 1926 4503 quoniam
1957 4451 2021 4490 ex
2059 4438 2126 4492 iis
2159 4453 2294 4506 qua-

744 4530 884 4584 tuor,
911 4537 1031 4589 quae
1063 4525 1460 4587 recensuimus,
1493 4535 1825 4594 praeparatur
1864 4539 2198 4597 unguentum
2231 4531 2295 4582 il-

743 4612 832 4666 lud
868 4613 919 4665 in
960 4612 1108 4677 oleo;
1143 4614 1212 4665 ita
1236 4615 1398 4668 etiam
1455 4617 1540 4669 isti
1592 4631 1654 4669 ex
1709 4628 1945 4686 quatuor
1991 4620 2295 4692 Evangeliis
2325 4633 2368 4687 ι)

742 4703 1023 4771 praeparati
1059 4711 1184 4756 sunt
1217 4704 1268 4755 in
1306 4705 1397 4756 Dei
1427 4707 1710 4772 charitate,
1736 4724 1857 4776 quae
1881 4719 1963 4762 est
1991 4711 2142 4778 plena
2169 4712 2295 4776 olei,

740 4811 792 4849 et
823 4796 1091 4850 fructuum
1123 4795 1490 4864 pacificorum.
1523 4796 1638 4851 Non
1667 4801 1840 4853 solum
1873 4811 2051 4853 autem
2082 4803 2132 4854 in
2155 4803 2298 4856 hunc

740 4888 982 4947 modum,
1013 4890 1103 4939 sed
1156 4889 1315 4940 etiam
1368 4887 1521 4940 aliter
1562 4889 1856 4957 intelligere
1897 4890 2015 4943 licet
2063 4901 2292 4943 mentem

740 4978 1044 5045 ltujustnodi
1089 4978 1299 5045 psalmi,
1327 4993 1486 5046 quam
1519 4980 1588 5031 ob
1628 4995 1846 5033 causam
1897 4991 2169 5050 unguento
2218 4983 2294 5035 illi

737 5069 1000 5138 Spirituali
1048 5085 1140 5123 eos
1190 5073 1589 5134 assimilaverit,
1637 5076 1892 5141 quoniam
1939 5077 2165 5130 omnino
2202 5078 2288 5131 isti

738 5163 978 5215 membra
1018 5170 1141 5214 sum
1167 5161 1387 5229 Christi,
1425 5165 1488 5217 de
1520 5181 1625 5232 quo
1649 5171 1908 5235 propheta
1946 5169 2152 5238 inquit:
2184 5169 2292 5223 Un-

737 5284 977 5341 guentum
1003 5290 1187 5326 novum
1217 5291 1397 5327 nomen
1430 5287 1596 5330 tuum.
1627 5271 1886 5347 Apposite
1917 5282 2099 5348 igitur,
2125 5283 2288 5336 veluti

736 5365 903 5417 divini
945 5367 1219 5434 unguenti,
1258 5367 1506 5423 videlicet
1548 5369 1770 5438 Christi,
1820 5377 2116 5428 secundum
2172 5393 2291 5444 gra-

737 5461 864 5513 tiam
911 5465 1147 5515 membra
1202 5465 1522 5520 exsisteutes
1545 5506 1557 5528 .
1599 5469 1790 5522 merito
1823 5470 1983 5523 etiam
2016 5485 2289 5540 unguento

739 5552 896 5606 iidem
929 5553 1213 5608 assimilati
1245 5565 1388 5608 sunt.

813 5689 858 5721 ⁸⁸
889 5689 1054 5746 Exod.
1088 5708 1218 5759 xxx,
1244 5693 1335 5757 23,
1370 5695 1457 5747 24.
1535 5697 1579 5726 ⁸⁸
1611 5695 1752 5751 Psal.
1781 5715 1921 5763 λων,
1956 5700 2007 5754 2.

2392 3390 2481 3441 τὸν
2502 3389 2790 3459 τράχηλον,
2823 3390 2916 3443 καὶ
2953 3390 3281 3460 ἐπληροῦντο
3313 3394 3625 3458 ἀναγκαίως
3659 3396 3763 3448 τοῦ
3805 3399 3962 3466 μύρου

2392 3480 2458 3532 τὰ
2493 3482 2791 3552 ἀμφότερα,
2823 3483 2851 3534 ὂ
2893 3499 2951 3534 τε
2979 3481 3173 3551 πώγων
3203 3485 3295 3535 καὶ
3335 3486 3365 3552 ή
3415 3485 3497 3553 ᾦα
3517 3485 3618 3538 τού
3677 3489 3965 3558 ἐνδύματος

2392 3570 2574 3622 αὑτοῦ.
2597 3570 2779 3633 Οὖτως
2814 3567 2926 3632 οὖν,
2957 3570 3125 3639 λέγει,
3167 3573 3270 3624 εἰσὶ
3299 3574 3391 3624 καὶ
3413 3576 3462 3625 οἱ
3503 3577 3813 3648 ὁμοψύχως
3839 3582 3966 3632 κατὰ

2392 3657 2525 3709 Θεὸν
2557 3657 2974 3727 ἁποταξάμενοι·
3002 3660 3275 3727 ὲπιχέεται
3295 3661 3399 3728 γὰρ
3427 3662 3618 3725 αὐτοῖς
3649 3666 3717 3715 τὸ
3755 3666 3966 3734 Πνεῦμα

2390 3749 2452 3801 τὸ
2486 3750 2635 3816 ἅγιον
2667 3750 2774 3802 ἀπὸ
2831 3750 2925 3802 τοῦ
2977 3748 3134 3809 Θεοῦ.
3193 3751 3322 3820 ’ὅπερ
3369 3752 3484 3803 ἐστὶ
3526 3753 3592 3805 τὸ
3649 3755 3850 3825 μύρον,
3884 3759 3966 3807 καί

2394 3839 2648 3891 κατελθὸν
2701 3840 2793 3892 ἐπὶ
2843 3840 2941 3910 τὴν
2995 3841 3251 3911 κεφαλὴν,
3303 3845 3544 3896 τουτέστι
3583 3847 3664 3908 εἰς
3715 3847 3963 3909 διάνοιαν,

2394 3930 2589 4002 πληροί
2607 3932 2704 4002 τῆς
2733 3931 2948 4003 χάριτος
2970 3930 3154 3997 αὑτοῦ,
3180 3933 3272 3986 καὶ
3299 3932 3366 3986 τὰ
3392 3933 3562 3988 λεπτὰ
3596 3939 3855 4007 νοήματα
3879 3938 3964 4006 τῆς

2393 4023 2634 4094 καρδίας,
2689 4025 2887 4077 ὡσανεὶ
2925 4025 3014 4076 τὸν
3073 4025 3326 4092 πώγωνα.
3388 4027 3596 4097 Πληροί
3647 4030 3749 4080 καὶ
3794 4030 3965 4098 κύκλῳ

2393 4113 2720 4184 γλυκύτητος
2776 4117 2875 4186 τὴν
2929 4116 3270 4170 διδασκαλίαν
3301 4118 3398 4186 τῆς
3442 4116 3624 4186 ψυχῆς
3681 4115 3810 4188 [τῆς
3833 4119 3964 4171 διδα-

2395 4205 2618 4269 σκαλίας
2645 4206 2742 4276 τὴν
2769 4206 2989 4279 ψυχὴν],
3017 4209 3152 4280 ὅπερ
3181 4210 3379 4279 ἐστὶνὴ
3407 4208 3487 4278 ᾣα
3515 4209 3611 4261 τού
3647 4210 3963 4281 ἐνδύματος,

2392 4298 2479 4350 ἵνα
2499 4297 2660 4365 λέγει·
2698 4299 2950 4366 Χριστοῦ
2980 4300 3194 4354 εὐωδιά
3229 4301 3413 4369 ἐσμὲν
3435 4301 3505 4354 ἐν
3547 4301 3680 4367 τοῖς
3722 4303 3966 4370 σωζομέ-

2392 4402 2536 4451 νοις.
2587 4388 2696 4440 Καὶ
2746 4388 2904 4440 πάλιν
2958 4388 3071 4441 ἔστι
3126 4390 3370 4451 συνιδεῖν,
3420 4392 3499 4449 ὅτι
3547 4391 3641 4444 διὰ
3700 4392 3868 4446 τοῦτο
3915 4396 3966 4443 τὸ

2395 4474 2562 4547 μύρον
2589 4478 2760 4528 ἐκεῖνο
2795 4477 2856 4530 τὸ
2891 4478 3059 4549 μύρον
3091 4478 3303 4550 [ἐκείνῳ
3332 4481 3407 4550 τῷ
3442 4481 3624 4552 μύρῳ]
3671 4483 3965 4537 ἀπείκασεν

2394 4568 2606 4632 αὐτοὺς,
2643 4568 2827 4639 ἐπειδὴ
2854 4571 2917 4621 ἐκ
2943 4570 3049 4622 τῶν
3091 4573 3370 4642 τεσσάρων
3427 4574 3675 4636 ἐκείνων,
3711 4568 3795 4628 ὧν
3829 4577 3964 4645 εἰρή-

2397 4675 2590 4727 καμεν,
2621 4659 3019 4713 κατεσκεύαστο
3043 4663 3121 4724 είς
3147 4661 3321 4715 ἔλαιον
3353 4664 3524 4715 ἐκεῖνο
3546 4665 3609 4716 τὸ
3652 4664 3852 4735 μύρον·
3888 4667 3964 4719 οὗ·

2392 4765 2498 4810 τως
2522 4745 2612 4801 οὖν
2639 4750 2733 4802 καὶ
2758 4745 2902 4804 οὗτοι
2924 4753 2986 4804 ὲκ
3018 4752 3124 4805 τῶν
3149 4755 3425 4826 τεσσάρων
3445 4755 3809 4822 Εὑαγγελίων
3840 4775 3961 4809 κατ-

2391 4841 2794 4909 εσκευάσθησαν
2835 4845 2913 4905 εἰς
2935 4844 3032 4912 τὴν
3075 4845 3295 4916 ἀγάπην
3325 4846 3416 4898 τοῦ
3456 4846 3618 4909 Θεοῦ,
3641 4848 3768 4917 ἦτις
3802 4851 3951 4919 ὑπεὶρ

2392 4949 2471 5001 χει
2511 4934 2678 5004 μεστὴ
2708 4936 2885 4986 ἐλαίου
2907 4937 3000 4987 καὶ
3034 4937 3259 5005 καρπῶν
3315 4937 3622 5014 εἰρηνικῶν.
3675 4941 3754 4991 Οὐ
3818 4942 3963 5010 μόνον

2390 5023 2445 5073 δὲ
2478 5024 2653 5088 τοῦτο,
2679 5025 2812 5078 ἀλλὰ
2840 5027 2930 5078 καὶ
2991 5027 3164 5089 ἄλλως
3200 5027 3344 5080 ἐστιν
3378 5032 3675 5100 ἐπιστῆσαι
3705 5032 3802 5085 τὸν
3830 5032 3961 5084 νοῦν·

2395 5115 2480 5166 διὰ
2505 5117 2659 5167 ποίαν
2714 5119 2889 5170 αἰτίαν
2921 5118 2998 5187 τῷ
3058 5118 3211 5189 μύρῳ
3265 5121 3453 5189 ἐκείνῳ
3493 5121 3569 5190 τῷ
3614 5122 3964 5192 πνευματικῷ

2397 5206 2717 5274 ἁφωμοίωσε
2739 5211 2862 5272 τοὺς
2886 5210 3175 5273 τοιούτους·
3210 5211 3391 5280 ἐπειδὴ
3450 5212 3620 5275 ὅντως
3655 5218 3705 5266 οἱ
3741 5217 3958 5267 τοιοῦτοι

2397 5296 2628 5364 Χριστοῦ
2670 5300 2802 5369 μέλη
2856 5302 3198 5371 τυγχάνουσι,
3251 5304 3375 5372 περὶ
3407 5299 3466 5356 οὗ
3497 5306 3525 5356 ὁ
3560 5308 3853 5376 προφήτης

2397 5403 2500 5451 γει·
2533 5390 2735 5455 Μύρον
2768 5392 3096 5447 ἐκκενωθὲν
3124 5393 3311 5462 ὄνομά
3361 5410 3483 5448 σοι·
3524 5397 3855 5464 ἀναγκαίως
3885 5394 3962 5449 οὖν

2395 5478 2468 5540 ὡς
2525 5479 2616 5531 τοῦ
2657 5480 2801 5533 θείου
2860 5483 3069 5554 μύρου,
3114 5485 3601 5556 ὡσανεὶΧριστοῦ,
3636 5489 3786 5541 κατὰ
3820 5491 3962 5558 χάριν

2399 5569 2528 5640 μέλη
2558 5570 2728 5639 ὄντες,
2759 5575 2981 5639 εἰκῧτως
3017 5576 3110 5628 καιί
3140 5576 3291 5630 αὖτοῖ
3331 5577 3489 5652 αύρῳ
3517 5580 3954 5653 ἀπεαάτῦηων”

2100 5705 2142 5734 ⁸⁷
2175 5704 2219 5758 ll
2291 5707 2414 5762 Cor.
2455 5725 2511 5772 ll,
2541 5711 2626 5763 15.

806 5802 885 5866 (a)
923 5799 1094 5859 Herba
1151 5809 1484 5876 aromatica;
1553 5813 1695 5866 casia
1756 5813 1949 5868 dicitur
2003 5815 2058 5870 in
2112 5816 2286 5874 Latin.
2328 5821 2466 5888 ruis.
2504 5824 2628 5878 edit.
